|j|☆crackstone
|j|☆decibelpkmn
|t:|1760795980
|gametype|singles
|player|p1|crackstone|265|1296
|player|p2|decibelpkmn|266|1262
|gen|9
|tier|[Gen 9] OU
|rated|
|rule|HP Percentage Mod: HP is shown in percentages
|rule|Endless Battle Clause: Forcing endless battles is banned
|rule|Species Clause: Limit one of each Pokémon
|rule|OHKO Clause: OHKO moves are banned
|rule|Evasion Items Clause: Evasion items are banned
|rule|Evasion Moves Clause: Evasion moves are banned
|rule|Evasion Abilities Clause: Evasion abilities are banned
|rule|Sleep Moves Clause: Sleep-inducing moves are banned
|clearpoke
|poke|p1|Kingambit, M|
|poke|p1|Garchomp, M|
|poke|p1|Ting-Lu|
|poke|p1|Keldeo|
|poke|p1|Iron Moth|
|poke|p1|Gholdengo|
|poke|p2|Gliscor, M|
|poke|p2|Clefable, F|
|poke|p2|Corviknight, F|
|poke|p2|Garganacl, M|
|poke|p2|Kingambit, F|
|poke|p2|Dragapult, F|
|teampreview
|inactive|Battle timer is ON: inactive players will automatically lose when time's up. (requested by crackstone)
|
|t:|1760795996
|teamsize|p1|6
|teamsize|p2|6
|start
|switch|p1a: Ting-Lu|Ting-Lu|100/100
|switch|p2a: Dragapult|Dragapult, F|100/100
|-ability|p1a: Ting-Lu|Vessel of Ruin
|turn|1
|
|t:|1760796003
|move|p2a: Dragapult|U-turn|p1a: Ting-Lu
|-supereffective|p1a: Ting-Lu
|-damage|p1a: Ting-Lu|84/100
|
|t:|1760796007
|switch|p2a: Gliscor|Gliscor, M|100/100|[from] U-turn
|move|p1a: Ting-Lu|Stealth Rock|p2a: Gliscor
|-sidestart|p2: decibelpkmn|move: Stealth Rock
|
|-heal|p1a: Ting-Lu|90/100|[from] item: Leftovers
|-status|p2a: Gliscor|tox|[from] item: Toxic Orb
|upkeep
|turn|2
|
|t:|1760796013
|switch|p1a: Keldeo|Keldeo, shiny|100/100
|move|p2a: Gliscor|Spikes|p1a: Keldeo
|-sidestart|p1: crackstone|Spikes
|
|upkeep
|turn|3
|
|t:|1760796018
|move|p2a: Gliscor|Protect|p2a: Gliscor
|-singleturn|p2a: Gliscor|Protect
|move|p1a: Keldeo|Surf|p2a: Gliscor
|-activate|p2a: Gliscor|move: Protect
|
|upkeep
|turn|4
|
|t:|1760796024
|switch|p2a: Dragapult|Dragapult, F|100/100
|move|p1a: Keldeo|Flip Turn|p2a: Dragapult
|-resisted|p2a: Dragapult
|-damage|p2a: Dragapult|91/100
|
|t:|1760796035
|switch|p1a: Garchomp|Garchomp, M, shiny|100/100|[from] Flip Turn
|-damage|p1a: Garchomp|88/100|[from] Spikes
|
|-heal|p1a: Garchomp|94/100|[from] item: Leftovers
|upkeep
|turn|5
|
|t:|1760796044
|move|p2a: Dragapult|Draco Meteor|p1a: Garchomp|[miss]
|-miss|p2a: Dragapult|p1a: Garchomp
|move|p1a: Garchomp|Scale Shot|p2a: Dragapult
|-supereffective|p2a: Dragapult
|-damage|p2a: Dragapult|56/100
|-supereffective|p2a: Dragapult
|-damage|p2a: Dragapult|20/100
|-supereffective|p2a: Dragapult
|-damage|p2a: Dragapult|0 fnt
|faint|p2a: Dragapult
|-hitcount|p2: Dragapult|3
|-unboost|p1a: Garchomp|def|1
|-boost|p1a: Garchomp|spe|1
|
|-heal|p1a: Garchomp|100/100|[from] item: Leftovers
|upkeep
|
|t:|1760796049
|switch|p2a: Clefable|Clefable, F|100/100
|turn|6
|
|t:|1760796062
|move|p1a: Garchomp|Earthquake|p2a: Clefable
|-damage|p2a: Clefable|55/100
|move|p2a: Clefable|Moonblast|p1a: Garchomp
|-supereffective|p1a: Garchomp
|-damage|p1a: Garchomp|46/100
|
|-heal|p1a: Garchomp|52/100|[from] item: Leftovers
|-heal|p2a: Clefable|61/100|[from] item: Leftovers
|upkeep
|turn|7
|
|t:|1760796068
|move|p1a: Garchomp|Earthquake|p2a: Clefable
|-damage|p2a: Clefable|9/100
|move|p2a: Clefable|Moonlight|p2a: Clefable
|-heal|p2a: Clefable|59/100
|
|-heal|p1a: Garchomp|58/100|[from] item: Leftovers
|-heal|p2a: Clefable|65/100|[from] item: Leftovers
|upkeep
|turn|8
|
|t:|1760796073
|move|p1a: Garchomp|Earthquake|p2a: Clefable
|-damage|p2a: Clefable|16/100
|move|p2a: Clefable|Moonblast|p1a: Garchomp
|-supereffective|p1a: Garchomp
|-damage|p1a: Garchomp|6/100
|
|-heal|p1a: Garchomp|12/100|[from] item: Leftovers
|-heal|p2a: Clefable|22/100|[from] item: Leftovers
|upkeep
|turn|9
|
|t:|1760796083
|switch|p2a: Gliscor|Gliscor, M|100/100 tox
|-damage|p2a: Gliscor|88/100 tox|[from] Stealth Rock
|move|p1a: Garchomp|Earthquake|p2a: Gliscor
|-immune|p2a: Gliscor
|
|-heal|p1a: Garchomp|18/100|[from] item: Leftovers
|-heal|p2a: Gliscor|100/100 tox|[from] ability: Poison Heal
|upkeep
|turn|10
|
|t:|1760796091
|move|p1a: Garchomp|Scale Shot|p2a: Gliscor|[miss]
|-miss|p1a: Garchomp|p2a: Gliscor
|move|p2a: Gliscor|Earthquake|p1a: Garchomp
|-damage|p1a: Garchomp|0 fnt
|faint|p1a: Garchomp
|
|upkeep
|
|t:|1760796097
|switch|p1a: Keldeo|Keldeo, shiny|100/100
|turn|11
|
|t:|1760796100
|-terastallize|p2a: Gliscor|Water
|move|p1a: Keldeo|Surf|p2a: Gliscor
|-resisted|p2a: Gliscor
|-damage|p2a: Gliscor|74/100 tox
|move|p2a: Gliscor|Toxic|p1a: Keldeo
|-status|p1a: Keldeo|tox
|
|-damage|p1a: Keldeo|94/100 tox|[from] psn
|-heal|p2a: Gliscor|86/100 tox|[from] ability: Poison Heal
|upkeep
|turn|12
|
|t:|1760796107
|switch|p1a: Ting-Lu|Ting-Lu|90/100
|-damage|p1a: Ting-Lu|78/100|[from] Spikes
|-ability|p1a: Ting-Lu|Vessel of Ruin
|move|p2a: Gliscor|Spikes|p1a: Ting-Lu
|-sidestart|p1: crackstone|Spikes
|
|-heal|p1a: Ting-Lu|84/100|[from] item: Leftovers
|-heal|p2a: Gliscor|99/100 tox|[from] ability: Poison Heal
|upkeep
|turn|13
|
|t:|1760796120
|move|p2a: Gliscor|Toxic|p1a: Ting-Lu
|-status|p1a: Ting-Lu|tox
|move|p1a: Ting-Lu|Spikes|p2a: Gliscor
|-sidestart|p2: decibelpkmn|Spikes
|
|-heal|p1a: Ting-Lu|90/100 tox|[from] item: Leftovers
|-heal|p2a: Gliscor|100/100 tox|[from] ability: Poison Heal
|-damage|p1a: Ting-Lu|84/100 tox|[from] psn
|upkeep
|turn|14
|
|t:|1760796123
|move|p2a: Gliscor|Spikes|p1a: Ting-Lu
|-sidestart|p1: crackstone|Spikes
|move|p1a: Ting-Lu|Whirlwind|p2a: Gliscor
|drag|p2a: Kingambit|Kingambit, F|100/100
|-activate|p2a: Kingambit|ability: Supreme Overlord
|-start|p2a: Kingambit|fallen1|[silent]
|
|-heal|p1a: Ting-Lu|90/100 tox|[from] item: Leftovers
|-damage|p1a: Ting-Lu|78/100 tox|[from] psn
|upkeep
|turn|15
|
|t:|1760796138
|-end|p2a: Kingambit|fallen1|[silent]
|switch|p2a: Clefable|Clefable, F|22/100
|move|p1a: Ting-Lu|Earthquake|p2a: Clefable
|-damage|p2a: Clefable|0 fnt
|faint|p2a: Clefable
|
|-heal|p1a: Ting-Lu|84/100 tox|[from] item: Leftovers
|-damage|p1a: Ting-Lu|65/100 tox|[from] psn
|upkeep
|
|t:|1760796149
|switch|p2a: Gliscor|Gliscor, M, tera:Water|100/100 tox
|-damage|p2a: Gliscor|88/100 tox|[from] Stealth Rock
|-damage|p2a: Gliscor|76/100 tox|[from] Spikes
|turn|16
|
|t:|1760796157
|move|p2a: Gliscor|Earthquake|p1a: Ting-Lu
|-damage|p1a: Ting-Lu|50/100 tox
|move|p1a: Ting-Lu|Earthquake|p2a: Gliscor
|-damage|p2a: Gliscor|53/100 tox
|
|-heal|p1a: Ting-Lu|57/100 tox|[from] item: Leftovers
|-heal|p2a: Gliscor|65/100 tox|[from] ability: Poison Heal
|-damage|p1a: Ting-Lu|32/100 tox|[from] psn
|upkeep
|turn|17
|
|t:|1760796162
|move|p2a: Gliscor|Protect|p2a: Gliscor
|-singleturn|p2a: Gliscor|Protect
|move|p1a: Ting-Lu|Whirlwind|p2a: Gliscor
|drag|p2a: Garganacl|Garganacl, M|100/100
|-damage|p2a: Garganacl|88/100|[from] Stealth Rock
|-damage|p2a: Garganacl|76/100|[from] Spikes
|
|-heal|p1a: Ting-Lu|38/100 tox|[from] item: Leftovers
|-heal|p2a: Garganacl|82/100|[from] item: Leftovers
|-damage|p1a: Ting-Lu|7/100 tox|[from] psn
|upkeep
|turn|18
|
|t:|1760796168
|move|p2a: Garganacl|Protect|p2a: Garganacl
|-singleturn|p2a: Garganacl|Protect
|move|p1a: Ting-Lu|Whirlwind|p2a: Garganacl
|drag|p2a: Corviknight|Corviknight, F|100/100
|-damage|p2a: Corviknight|88/100|[from] Stealth Rock
|-ability|p2a: Corviknight|Pressure
|
|-heal|p1a: Ting-Lu|13/100 tox|[from] item: Leftovers
|-damage|p1a: Ting-Lu|0 fnt|[from] psn
|faint|p1a: Ting-Lu
|upkeep
|
|t:|1760796174
|switch|p1a: Anomаly|Iron Moth|100/100
|-damage|p1a: Anomаly|76/100|[from] Spikes
|-enditem|p1a: Anomаly|Booster Energy
|-activate|p1a: Anomаly|ability: Quark Drive|[fromitem]
|-start|p1a: Anomаly|quarkdrivespe
|turn|19
|
|t:|1760796182
|move|p1a: Anomаly|Discharge|p2a: Corviknight
|-supereffective|p2a: Corviknight
|-damage|p2a: Corviknight|51/100
|-status|p2a: Corviknight|par
|move|p2a: Corviknight|U-turn|p1a: Anomаly
|-resisted|p1a: Anomаly
|-damage|p1a: Anomаly|71/100
|
|t:|1760796188
|switch|p2a: Garganacl|Garganacl, M|82/100|[from] U-turn
|-damage|p2a: Garganacl|70/100|[from] Stealth Rock
|-damage|p2a: Garganacl|57/100|[from] Spikes
|
|-heal|p2a: Garganacl|63/100|[from] item: Leftovers
|upkeep
|turn|20
|
|t:|1760796195
|-terastallize|p1a: Anomаly|Ground
|move|p1a: Anomаly|Tera Blast|p2a: Garganacl|[anim] Tera Blast Ground
|-supereffective|p2a: Garganacl
|-damage|p2a: Garganacl|8/100
|move|p2a: Garganacl|Salt Cure|p1a: Anomаly
|-resisted|p1a: Anomаly
|-damage|p1a: Anomаly|62/100
|-start|p1a: Anomаly|Salt Cure
|
|-heal|p2a: Garganacl|15/100|[from] item: Leftovers
|-damage|p1a: Anomаly|49/100|[from] Salt Cure
|upkeep
|turn|21
|
|t:|1760796202
|move|p2a: Garganacl|Protect|p2a: Garganacl
|-singleturn|p2a: Garganacl|Protect
|move|p1a: Anomаly|Fiery Dance|p2a: Garganacl
|-activate|p2a: Garganacl|move: Protect
|
|-heal|p2a: Garganacl|21/100|[from] item: Leftovers
|-damage|p1a: Anomаly|37/100|[from] Salt Cure
|upkeep
|turn|22
|
|t:|1760796207
|move|p1a: Anomаly|Tera Blast|p2a: Garganacl|[anim] Tera Blast Ground
|-supereffective|p2a: Garganacl
|-crit|p2a: Garganacl
|-damage|p2a: Garganacl|0 fnt
|faint|p2a: Garganacl
|
|-damage|p1a: Anomаly|25/100|[from] Salt Cure
|upkeep
|
|t:|1760796209
|switch|p2a: Kingambit|Kingambit, F|100/100
|-activate|p2a: Kingambit|ability: Supreme Overlord
|-start|p2a: Kingambit|fallen3|[silent]
|turn|23
|
|t:|1760796213
|move|p2a: Kingambit|Sucker Punch|p1a: Anomаly
|-damage|p1a: Anomаly|0 fnt
|faint|p1a: Anomаly
|-end|p1a: Anomаly|Quark Drive|[silent]
|
|upkeep
|
|t:|1760796216
|switch|p1a: Keldeo|Keldeo, shiny|94/100 tox
|turn|24
|
|t:|1760796220
|-end|p2a: Kingambit|fallen3|[silent]
|switch|p2a: Gliscor|Gliscor, M, tera:Water|65/100 tox
|-damage|p2a: Gliscor|53/100 tox|[from] Stealth Rock
|-damage|p2a: Gliscor|40/100 tox|[from] Spikes
|move|p1a: Keldeo|Aura Sphere|p2a: Gliscor
|-damage|p2a: Gliscor|0 fnt
|faint|p2a: Gliscor
|
|-damage|p1a: Keldeo|88/100 tox|[from] psn
|upkeep
|
|t:|1760796223
|switch|p2a: Corviknight|Corviknight, F|51/100 par
|-damage|p2a: Corviknight|38/100 par|[from] Stealth Rock
|-ability|p2a: Corviknight|Pressure
|turn|25
|
|t:|1760796231
|move|p1a: Keldeo|Surf|p2a: Corviknight
|-damage|p2a: Corviknight|4/100 par
|move|p2a: Corviknight|Roost|p2a: Corviknight
|-heal|p2a: Corviknight|54/100 par
|-singleturn|p2a: Corviknight|move: Roost
|
|-damage|p1a: Keldeo|76/100 tox|[from] psn
|upkeep
|turn|26
|
|t:|1760796237
|switch|p1a: Gholdengo|Gholdengo|100/100
|-damage|p1a: Gholdengo|76/100|[from] Spikes
|move|p2a: Corviknight|Roost|p2a: Corviknight
|-heal|p2a: Corviknight|100/100 par
|-singleturn|p2a: Corviknight|move: Roost
|
|upkeep
|turn|27
|
|t:|1760796244
|move|p1a: Gholdengo|Thunderbolt|p2a: Corviknight
|-supereffective|p2a: Corviknight
|-crit|p2a: Corviknight
|-damage|p2a: Corviknight|28/100 par
|move|p2a: Corviknight|U-turn|p1a: Gholdengo
|-resisted|p1a: Gholdengo
|-damage|p1a: Gholdengo|72/100
|
|t:|1760796248
|switch|p2a: Kingambit|Kingambit, F|100/100|[from] U-turn
|-activate|p2a: Kingambit|ability: Supreme Overlord
|-start|p2a: Kingambit|fallen4|[silent]
|
|upkeep
|turn|28
|
|t:|1760796254
|move|p2a: Kingambit|Sucker Punch||[still]
|-fail|p2a: Kingambit
|move|p1a: Gholdengo|Recover|p1a: Gholdengo
|-heal|p1a: Gholdengo|100/100
|
|upkeep
|turn|29
|
|t:|1760796258
|move|p2a: Kingambit|Sucker Punch||[still]
|-fail|p2a: Kingambit
|move|p1a: Gholdengo|Nasty Plot|p1a: Gholdengo
|-boost|p1a: Gholdengo|spa|2
|
|upkeep
|turn|30
|
|t:|1760796264
|move|p1a: Gholdengo|Make It Rain|p2a: Kingambit
|-resisted|p2a: Kingambit
|-damage|p2a: Kingambit|17/100
|-unboost|p1a: Gholdengo|spa|1
|move|p2a: Kingambit|Swords Dance|p2a: Kingambit
|-boost|p2a: Kingambit|atk|2
|
|upkeep
|turn|31
|
|t:|1760796273
|move|p1a: Gholdengo|Thunderbolt|p2a: Kingambit
|-damage|p2a: Kingambit|0 fnt
|faint|p2a: Kingambit
|-end|p2a: Kingambit|fallen4|[silent]
|
|upkeep
|-message|decibelpkmn forfeited.
|
|win|crackstone
|raw|crackstone's rating: 1296 &rarr; <strong>1319</strong><br />(+23 for winning)
|raw|decibelpkmn's rating: 1262 &rarr; <strong>1239</strong><br />(-23 for losing)
|l|☆decibelpkmn
|player|p2|
|l|☆crackstone
|player|p1|
