|j|☆stonefree_2400
|j|☆jarxP
|t:|1760748715
|gametype|singles
|player|p1|stonefree_2400|roxie|1152
|player|p2|jarxP|clerkf|1194
|gen|9
|tier|[Gen 9] OU
|rated|
|rule|HP Percentage Mod: HP is shown in percentages
|rule|Endless Battle Clause: Forcing endless battles is banned
|rule|Species Clause: Limit one of each Pokémon
|rule|OHKO Clause: OHKO moves are banned
|rule|Evasion Items Clause: Evasion items are banned
|rule|Evasion Moves Clause: Evasion moves are banned
|rule|Evasion Abilities Clause: Evasion abilities are banned
|rule|Sleep Moves Clause: Sleep-inducing moves are banned
|clearpoke
|poke|p1|Scrafty, F|
|poke|p1|Blissey, F|
|poke|p1|Snorlax, F|
|poke|p1|Jumpluff, F|
|poke|p1|Sandaconda, M|
|poke|p1|Clefable, F|
|poke|p2|Meowscarada, F|
|poke|p2|Dragapult, M|
|poke|p2|Garganacl, F|
|poke|p2|Gliscor, M|
|poke|p2|Iron Valiant|
|poke|p2|Great Tusk|
|teampreview
|
|t:|1760748722
|teamsize|p1|6
|teamsize|p2|6
|start
|switch|p1a: Jumpluff|Jumpluff, F|100/100
|switch|p2a: hesgonnasaythenwor|Dragapult, M|100/100
|turn|1
|
|t:|1760748730
|move|p2a: hesgonnasaythenwor|Draco Meteor|p1a: Jumpluff
|-damage|p1a: Jumpluff|20/100
|-unboost|p2a: hesgonnasaythenwor|spa|2
|move|p1a: Jumpluff|Substitute|p1a: Jumpluff
|-fail|p1a: Jumpluff|move: Substitute|[weak]
|
|-heal|p1a: Jumpluff|26/100|[from] item: Leftovers
|upkeep
|turn|2
|
|t:|1760748739
|switch|p1a: Clefable|Clefable, F|100/100
|move|p2a: hesgonnasaythenwor|Draco Meteor|p1a: Clefable
|-immune|p1a: Clefable
|
|upkeep
|turn|3
|
|t:|1760748748
|switch|p2a: rocky|Garganacl, F|100/100
|move|p1a: Clefable|Calm Mind|p1a: Clefable
|-boost|p1a: Clefable|spa|1
|-boost|p1a: Clefable|spd|1
|
|upkeep
|turn|4
|
|t:|1760748754
|move|p1a: Clefable|Calm Mind|p1a: Clefable
|-boost|p1a: Clefable|spa|1
|-boost|p1a: Clefable|spd|1
|move|p2a: rocky|Salt Cure|p1a: Clefable
|-damage|p1a: Clefable|90/100
|-start|p1a: Clefable|Salt Cure
|
|-heal|p1a: Clefable|96/100|[from] item: Leftovers
|-damage|p1a: Clefable|83/100|[from] Salt Cure
|upkeep
|turn|5
|
|t:|1760748760
|move|p1a: Clefable|Calm Mind|p1a: Clefable
|-boost|p1a: Clefable|spa|1
|-boost|p1a: Clefable|spd|1
|move|p2a: rocky|Earthquake|p1a: Clefable
|-damage|p1a: Clefable|65/100
|
|-heal|p1a: Clefable|71/100|[from] item: Leftovers
|-damage|p1a: Clefable|58/100|[from] Salt Cure
|upkeep
|turn|6
|
|t:|1760748765
|move|p1a: Clefable|Moonlight|p1a: Clefable
|-heal|p1a: Clefable|100/100
|move|p2a: rocky|Stealth Rock|p1a: Clefable
|-sidestart|p1: stonefree_2400|move: Stealth Rock
|
|-damage|p1a: Clefable|88/100|[from] Salt Cure
|upkeep
|turn|7
|
|t:|1760748770
|move|p1a: Clefable|Calm Mind|p1a: Clefable
|-boost|p1a: Clefable|spa|1
|-boost|p1a: Clefable|spd|1
|move|p2a: rocky|Earthquake|p1a: Clefable
|-damage|p1a: Clefable|71/100
|
|-heal|p1a: Clefable|77/100|[from] item: Leftovers
|-damage|p1a: Clefable|64/100|[from] Salt Cure
|upkeep
|turn|8
|
|t:|1760748771
|move|p1a: Clefable|Calm Mind|p1a: Clefable
|-boost|p1a: Clefable|spa|1
|-boost|p1a: Clefable|spd|1
|move|p2a: rocky|Earthquake|p1a: Clefable
|-damage|p1a: Clefable|48/100
|
|-heal|p1a: Clefable|54/100|[from] item: Leftovers
|-damage|p1a: Clefable|42/100|[from] Salt Cure
|upkeep
|turn|9
|
|t:|1760748773
|move|p1a: Clefable|Moonlight|p1a: Clefable
|-heal|p1a: Clefable|92/100
|move|p2a: rocky|Earthquake|p1a: Clefable
|-damage|p1a: Clefable|74/100
|
|-heal|p1a: Clefable|80/100|[from] item: Leftovers
|-damage|p1a: Clefable|67/100|[from] Salt Cure
|upkeep
|turn|10
|inactive|Battle timer is ON: inactive players will automatically lose when time's up. (requested by jarxP)
|
|t:|1760748778
|move|p1a: Clefable|Moonblast|p2a: rocky
|-damage|p2a: rocky|26/100
|move|p2a: rocky|Earthquake|p1a: Clefable
|-damage|p1a: Clefable|51/100
|
|-heal|p1a: Clefable|57/100|[from] item: Leftovers
|-heal|p2a: rocky|32/100|[from] item: Leftovers
|-damage|p1a: Clefable|44/100|[from] Salt Cure
|upkeep
|turn|11
|
|t:|1760748781
|move|p1a: Clefable|Moonblast|p2a: rocky
|-damage|p2a: rocky|0 fnt
|faint|p2a: rocky
|
|-heal|p1a: Clefable|50/100|[from] item: Leftovers
|-damage|p1a: Clefable|38/100|[from] Salt Cure
|upkeep
|
|t:|1760748792
|switch|p2a: :gulp:|Meowscarada, F, shiny|100/100
|turn|12
|
|t:|1760748795
|move|p2a: :gulp:|Triple Axel|p1a: Clefable
|-start|p2a: :gulp:|typechange|Ice|[from] ability: Protean
|-damage|p1a: Clefable|32/100
|-hitcount|p1a: Clefable|1
|move|p1a: Clefable|Moonlight|p1a: Clefable
|-heal|p1a: Clefable|82/100
|
|-heal|p1a: Clefable|88/100|[from] item: Leftovers
|-damage|p1a: Clefable|75/100|[from] Salt Cure
|upkeep
|turn|13
|
|t:|1760748814
|-terastallize|p2a: :gulp:|Fire
|move|p2a: :gulp:|Triple Axel|p1a: Clefable
|-damage|p1a: Clefable|68/100
|-damage|p1a: Clefable|53/100
|-damage|p1a: Clefable|32/100
|-hitcount|p1a: Clefable|3
|move|p1a: Clefable|Moonblast|p2a: :gulp:
|-resisted|p2a: :gulp:
|-damage|p2a: :gulp:|13/100
|
|-heal|p1a: Clefable|38/100|[from] item: Leftovers
|-damage|p1a: Clefable|25/100|[from] Salt Cure
|upkeep
|turn|14
|
|t:|1760748823
|move|p2a: :gulp:|Triple Axel|p1a: Clefable
|-damage|p1a: Clefable|18/100
|-hitcount|p1a: Clefable|1
|move|p1a: Clefable|Moonlight|p1a: Clefable
|-heal|p1a: Clefable|68/100
|
|-heal|p1a: Clefable|74/100|[from] item: Leftovers
|-damage|p1a: Clefable|62/100|[from] Salt Cure
|upkeep
|turn|15
|
|t:|1760748829
|move|p2a: :gulp:|Triple Axel|p1a: Clefable
|-damage|p1a: Clefable|54/100
|-damage|p1a: Clefable|40/100
|-crit|p1a: Clefable
|-damage|p1a: Clefable|8/100
|-hitcount|p1a: Clefable|3
|move|p1a: Clefable|Moonlight|p1a: Clefable
|-heal|p1a: Clefable|58/100
|
|-heal|p1a: Clefable|64/100|[from] item: Leftovers
|-damage|p1a: Clefable|52/100|[from] Salt Cure
|upkeep
|turn|16
|
|t:|1760748836
|move|p2a: :gulp:|Triple Axel|p1a: Clefable
|-damage|p1a: Clefable|44/100
|-damage|p1a: Clefable|31/100
|-damage|p1a: Clefable|11/100
|-hitcount|p1a: Clefable|3
|move|p1a: Clefable|Moonblast|p2a: :gulp:
|-resisted|p2a: :gulp:
|-damage|p2a: :gulp:|0 fnt
|faint|p2a: :gulp:
|
|-heal|p1a: Clefable|17/100|[from] item: Leftovers
|-damage|p1a: Clefable|5/100|[from] Salt Cure
|upkeep
|
|t:|1760748854
|switch|p2a: hesgonnasaythenwor|Dragapult, M|100/100
|turn|17
|
|t:|1760748867
|move|p2a: hesgonnasaythenwor|U-turn|p1a: Clefable
|-resisted|p1a: Clefable
|-damage|p1a: Clefable|0 fnt
|faint|p1a: Clefable
|
|t:|1760748872
|switch|p2a: lwk goat|Gliscor, M, shiny|100/100|[from] U-turn
|
|-status|p2a: lwk goat|tox|[from] item: Toxic Orb
|upkeep
|
|t:|1760748884
|switch|p1a: Scrafty|Scrafty, F|100/100
|-damage|p1a: Scrafty|95/100|[from] Stealth Rock
|-ability|p1a: Scrafty|Intimidate|boost
|-unboost|p2a: lwk goat|atk|1
|turn|18
|
|t:|1760748898
|move|p2a: lwk goat|Toxic|p1a: Scrafty
|-status|p1a: Scrafty|tox
|move|p1a: Scrafty|Bulk Up|p1a: Scrafty
|-boost|p1a: Scrafty|atk|1
|-boost|p1a: Scrafty|def|1
|
|-heal|p1a: Scrafty|100/100 tox|[from] item: Leftovers
|-damage|p1a: Scrafty|95/100 tox|[from] psn
|upkeep
|turn|19
|
|t:|1760748907
|move|p2a: lwk goat|Knock Off|p1a: Scrafty
|-resisted|p1a: Scrafty
|-damage|p1a: Scrafty|92/100 tox
|-enditem|p1a: Scrafty|Leftovers|[from] move: Knock Off|[of] p2a: lwk goat
|move|p1a: Scrafty|Bulk Up|p1a: Scrafty
|-boost|p1a: Scrafty|atk|1
|-boost|p1a: Scrafty|def|1
|
|-damage|p1a: Scrafty|80/100 tox|[from] psn
|upkeep
|turn|20
|
|t:|1760748915
|move|p2a: lwk goat|Spikes|p1a: Scrafty
|-sidestart|p1: stonefree_2400|Spikes
|move|p1a: Scrafty|Payback|p2a: lwk goat
|-damage|p2a: lwk goat|58/100 tox
|
|-heal|p2a: lwk goat|71/100 tox|[from] ability: Poison Heal
|-damage|p1a: Scrafty|62/100 tox|[from] psn
|upkeep
|turn|21
|
|t:|1760748923
|switch|p1a: Snorlax|Snorlax, F|100/100
|-damage|p1a: Snorlax|88/100|[from] Stealth Rock
|-damage|p1a: Snorlax|76/100|[from] Spikes
|move|p2a: lwk goat|Spikes|p1a: Snorlax
|-sidestart|p1: stonefree_2400|Spikes
|
|-heal|p2a: lwk goat|83/100 tox|[from] ability: Poison Heal
|upkeep
|turn|22
|
|t:|1760748930
|move|p2a: lwk goat|Knock Off|p1a: Snorlax
|-damage|p1a: Snorlax|65/100
|-enditem|p1a: Snorlax|Aguav Berry|[from] move: Knock Off|[of] p2a: lwk goat
|move|p1a: Snorlax|Curse|p1a: Snorlax
|-unboost|p1a: Snorlax|spe|1
|-boost|p1a: Snorlax|atk|1
|-boost|p1a: Snorlax|def|1
|
|-heal|p2a: lwk goat|96/100 tox|[from] ability: Poison Heal
|upkeep
|turn|23
|
|t:|1760748935
|switch|p2a: hesgonnasaythenwor|Dragapult, M|100/100
|move|p1a: Snorlax|Curse|p1a: Snorlax
|-unboost|p1a: Snorlax|spe|1
|-boost|p1a: Snorlax|atk|1
|-boost|p1a: Snorlax|def|1
|
|upkeep
|turn|24
|
|t:|1760748954
|switch|p1a: Blissey|Blissey, F|100/100
|-damage|p1a: Blissey|88/100|[from] Stealth Rock
|-damage|p1a: Blissey|72/100|[from] Spikes
|move|p2a: hesgonnasaythenwor|Draco Meteor|p1a: Blissey
|-damage|p1a: Blissey|45/100
|-unboost|p2a: hesgonnasaythenwor|spa|2
|
|-heal|p1a: Blissey|51/100|[from] item: Leftovers
|upkeep
|turn|25
|
|t:|1760748961
|switch|p2a: lwk goat|Gliscor, M, shiny|96/100 tox
|move|p1a: Blissey|Soft-Boiled|p1a: Blissey
|-heal|p1a: Blissey|100/100
|
|-heal|p2a: lwk goat|100/100 tox|[from] ability: Poison Heal
|upkeep
|turn|26
|
|t:|1760748969
|move|p2a: lwk goat|Toxic|p1a: Blissey
|-status|p1a: Blissey|tox
|move|p1a: Blissey|Seismic Toss|p2a: lwk goat
|-damage|p2a: lwk goat|72/100 tox
|
|-heal|p2a: lwk goat|85/100 tox|[from] ability: Poison Heal
|-damage|p1a: Blissey|94/100 tox|[from] psn
|upkeep
|turn|27
|
|t:|1760748981
|switch|p1a: Sandaconda|Sandaconda, M|100/100
|-damage|p1a: Sandaconda|94/100|[from] Stealth Rock
|-damage|p1a: Sandaconda|78/100|[from] Spikes
|move|p2a: lwk goat|Knock Off|p1a: Sandaconda
|-damage|p1a: Sandaconda|60/100
|-enditem|p1a: Sandaconda|Leftovers|[from] move: Knock Off|[of] p2a: lwk goat
|
|-heal|p2a: lwk goat|97/100 tox|[from] ability: Poison Heal
|upkeep
|turn|28
|
|t:|1760748988
|move|p2a: lwk goat|Toxic|p1a: Sandaconda
|-status|p1a: Sandaconda|tox
|move|p1a: Sandaconda|Rest|p1a: Sandaconda
|-status|p1a: Sandaconda|slp|[from] move: Rest
|-heal|p1a: Sandaconda|100/100 slp|[silent]
|
|-heal|p2a: lwk goat|100/100 tox|[from] ability: Poison Heal
|upkeep
|turn|29
|
|t:|1760748997
|switch|p2a: hesgonnasaythenwor|Dragapult, M|100/100
|cant|p1a: Sandaconda|slp
|
|-activate|p1a: Sandaconda|ability: Shed Skin
|-curestatus|p1a: Sandaconda|slp|[msg]
|upkeep
|turn|30
|
|t:|1760749007
|move|p2a: hesgonnasaythenwor|Surf|p1a: Sandaconda
|-supereffective|p1a: Sandaconda
|-damage|p1a: Sandaconda|29/100
|move|p1a: Sandaconda|Coil|p1a: Sandaconda
|-boost|p1a: Sandaconda|atk|1
|-boost|p1a: Sandaconda|def|1
|-boost|p1a: Sandaconda|accuracy|1
|
|upkeep
|turn|31
|
|t:|1760749015
|switch|p1a: Blissey|Blissey, F|94/100 tox
|-damage|p1a: Blissey|82/100 tox|[from] Stealth Rock
|-damage|p1a: Blissey|65/100 tox|[from] Spikes
|move|p2a: hesgonnasaythenwor|Surf|p1a: Blissey
|-damage|p1a: Blissey|52/100 tox
|
|-heal|p1a: Blissey|58/100 tox|[from] item: Leftovers
|-damage|p1a: Blissey|52/100 tox|[from] psn
|upkeep
|turn|32
|
|t:|1760749024
|switch|p2a: lwk goat|Gliscor, M, shiny|100/100 tox
|move|p1a: Blissey|Seismic Toss|p2a: lwk goat
|-damage|p2a: lwk goat|72/100 tox
|
|-heal|p1a: Blissey|58/100 tox|[from] item: Leftovers
|-heal|p2a: lwk goat|85/100 tox|[from] ability: Poison Heal
|-damage|p1a: Blissey|46/100 tox|[from] psn
|upkeep
|turn|33
|-message|stonefree_2400 forfeited.
|
|win|jarxP
|raw|stonefree_2400's rating: 1152 &rarr; <strong>1130</strong><br />(-22 for losing)
|raw|jarxP's rating: 1194 &rarr; <strong>1216</strong><br />(+22 for winning)
|l|☆stonefree_2400
|player|p1|
|c|☆jarxP|no natural cure bliss?
|l|☆jarxP
|player|p2|
