|j|☆Rj yoip
|j|☆Yung Embryo
|t:|1760798841
|gametype|singles
|player|p1|Rj yoip|caitlin-masters|1754
|player|p2|Yung Embryo|giovanni-gen1rb|1714
|gen|9
|tier|[Gen 9] OU
|rated|
|rule|HP Percentage Mod: HP is shown in percentages
|rule|Endless Battle Clause: Forcing endless battles is banned
|rule|Species Clause: Limit one of each Pokémon
|rule|OHKO Clause: OHKO moves are banned
|rule|Evasion Items Clause: Evasion items are banned
|rule|Evasion Moves Clause: Evasion moves are banned
|rule|Evasion Abilities Clause: Evasion abilities are banned
|rule|Sleep Moves Clause: Sleep-inducing moves are banned
|clearpoke
|poke|p1|Iron Treads|
|poke|p1|Landorus-Therian, M|
|poke|p1|Iron Valiant|
|poke|p1|Kingambit, M|
|poke|p1|Zamazenta-*|
|poke|p1|Primarina, M|
|poke|p2|Great Tusk|
|poke|p2|Heatran, M|
|poke|p2|Weavile, M|
|poke|p2|Weezing-Galar, F|
|poke|p2|Ogerpon-Wellspring, F|
|poke|p2|Dragapult, M|
|teampreview
|
|t:|1760798850
|teamsize|p1|6
|teamsize|p2|6
|start
|switch|p1a: Landorus|Landorus-Therian, M|100/100
|switch|p2a: Weavile|Weavile, M, shiny|100/100
|-ability|p2a: Weavile|Pressure
|-ability|p1a: Landorus|Intimidate|boost
|-unboost|p2a: Weavile|atk|1
|turn|1
|inactive|Battle timer is ON: inactive players will automatically lose when time's up. (requested by Rj yoip)
|
|t:|1760798853
|move|p2a: Weavile|Triple Axel|p1a: Landorus
|-supereffective|p1a: Landorus
|-damage|p1a: Landorus|72/100
|-damage|p2a: Weavile|84/100|[from] item: Rocky Helmet|[of] p1a: Landorus
|-hitcount|p1a: Landorus|1
|move|p1a: Landorus|U-turn|p2a: Weavile
|-supereffective|p2a: Weavile
|-damage|p2a: Weavile|12/100
|
|t:|1760798859
|switch|p1a: Iron Valiant|Iron Valiant|100/100|[from] U-turn
|
|upkeep
|turn|2
|
|t:|1760798866
|switch|p2a: Heatran|Heatran, M, shiny|100/100
|-item|p2a: Heatran|Air Balloon
|move|p1a: Iron Valiant|Knock Off|p2a: Heatran
|-damage|p2a: Heatran|74/100
|-status|p1a: Iron Valiant|brn|[from] ability: Flame Body|[of] p2a: Heatran
|-enditem|p2a: Heatran|Air Balloon
|
|-damage|p1a: Iron Valiant|94/100 brn|[from] brn
|upkeep
|turn|3
|
|t:|1760798871
|-end|p1a: Iron Valiant|Quark Drive|[silent]
|switch|p1a: Landorus|Landorus-Therian, M|72/100
|-ability|p1a: Landorus|Intimidate|boost
|-unboost|p2a: Heatran|atk|1
|move|p2a: Heatran|Stealth Rock|p1a: Landorus
|-sidestart|p1: Rj yoip|move: Stealth Rock
|
|upkeep
|turn|4
|
|t:|1760798875
|switch|p2a: Great Tusk|Great Tusk|100/100
|move|p1a: Landorus|Stealth Rock|p2a: Great Tusk
|-sidestart|p2: Yung Embryo|move: Stealth Rock
|
|upkeep
|turn|5
|
|t:|1760798894
|move|p2a: Great Tusk|Ice Spinner|p1a: Landorus
|-supereffective|p1a: Landorus
|-damage|p1a: Landorus|0 fnt
|-damage|p2a: Great Tusk|84/100|[from] item: Rocky Helmet|[of] p1a: Landorus
|faint|p1a: Landorus
|
|upkeep
|
|t:|1760798906
|switch|p1a: Iron Valiant|Iron Valiant|94/100 brn
|-damage|p1a: Iron Valiant|88/100 brn|[from] Stealth Rock
|turn|6
|
|t:|1760798913
|-end|p2a: Great Tusk|Protosynthesis|[silent]
|switch|p2a: Weezing|Weezing-Galar, F, shiny|100/100
|-ability|p2a: Weezing|Neutralizing Gas
|move|p1a: Iron Valiant|Close Combat|p2a: Weezing
|-resisted|p2a: Weezing
|-damage|p2a: Weezing|97/100
|-unboost|p1a: Iron Valiant|def|1
|-unboost|p1a: Iron Valiant|spd|1
|
|-damage|p1a: Iron Valiant|82/100 brn|[from] brn
|upkeep
|turn|7
|
|t:|1760798925
|-end|p1a: Iron Valiant|Quark Drive|[silent]
|switch|p1a: Primarina|Primarina, M|100/100
|-damage|p1a: Primarina|88/100|[from] Stealth Rock
|move|p2a: Weezing|Defog|p1a: Primarina
|-unboost|p1a: Primarina|evasion|1
|-sideend|p1: Rj yoip|Stealth Rock|[from] move: Defog|[of] p2a: Weezing
|-sideend|p2: Yung Embryo|Stealth Rock|[from] move: Defog|[of] p2a: Weezing
|
|upkeep
|turn|8
|
|t:|1760798930
|-end|p2a: Weezing|ability: Neutralizing Gas
|switch|p2a: Ogerpon|Ogerpon-Wellspring, F|100/100
|move|p1a: Primarina|Moonblast|p2a: Ogerpon
|-damage|p2a: Ogerpon|34/100
|-unboost|p2a: Ogerpon|spa|1
|
|upkeep
|turn|9
|
|t:|1760798935
|switch|p1a: Zamazenta|Zamazenta|100/100
|-ability|p1a: Zamazenta|Dauntless Shield|boost
|-boost|p1a: Zamazenta|def|1
|move|p2a: Ogerpon|Power Whip|p1a: Zamazenta
|-damage|p1a: Zamazenta|67/100
|
|-heal|p1a: Zamazenta|73/100|[from] item: Leftovers
|upkeep
|turn|10
|
|t:|1760798945
|switch|p1a: Iron Valiant|Iron Valiant|82/100 brn
|switch|p2a: Weezing|Weezing-Galar, F, shiny|97/100
|-ability|p2a: Weezing|Neutralizing Gas
|
|-damage|p1a: Iron Valiant|76/100 brn|[from] brn
|upkeep
|turn|11
|
|t:|1760798965
|-end|p1a: Iron Valiant|Quark Drive|[silent]
|switch|p1a: Iron Treads|Iron Treads|100/100
|-end|p2a: Weezing|ability: Neutralizing Gas
|switch|p2a: Heatran|Heatran, M, shiny|74/100
|-enditem|p1a: Iron Treads|Booster Energy
|-activate|p1a: Iron Treads|ability: Quark Drive|[fromitem]
|-start|p1a: Iron Treads|quarkdrivespe
|
|upkeep
|turn|12
|
|t:|1760798971
|switch|p2a: Great Tusk|Great Tusk|84/100
|move|p1a: Iron Treads|Earthquake|p2a: Great Tusk
|-damage|p2a: Great Tusk|52/100
|
|upkeep
|turn|13
|
|t:|1760798975
|move|p1a: Iron Treads|Iron Head|p2a: Great Tusk
|-damage|p2a: Great Tusk|23/100
|move|p2a: Great Tusk|Headlong Rush|p1a: Iron Treads
|-supereffective|p1a: Iron Treads
|-damage|p1a: Iron Treads|0 fnt
|-unboost|p2a: Great Tusk|def|1
|-unboost|p2a: Great Tusk|spd|1
|faint|p1a: Iron Treads
|-end|p1a: Iron Treads|Quark Drive|[silent]
|
|upkeep
|
|t:|1760798977
|switch|p1a: Iron Valiant|Iron Valiant|76/100 brn
|turn|14
|
|t:|1760798982
|move|p2a: Great Tusk|Headlong Rush|p1a: Iron Valiant
|-damage|p1a: Iron Valiant|0 fnt
|-unboost|p2a: Great Tusk|def|1
|-unboost|p2a: Great Tusk|spd|1
|faint|p1a: Iron Valiant
|-end|p1a: Iron Valiant|Quark Drive|[silent]
|
|upkeep
|
|t:|1760798985
|switch|p1a: Zamazenta|Zamazenta|73/100
|turn|15
|
|t:|1760798989
|-end|p2a: Great Tusk|Protosynthesis|[silent]
|switch|p2a: Weezing|Weezing-Galar, F, shiny|97/100
|-ability|p2a: Weezing|Neutralizing Gas
|move|p1a: Zamazenta|Iron Defense|p1a: Zamazenta
|-boost|p1a: Zamazenta|def|2
|
|-heal|p1a: Zamazenta|80/100|[from] item: Leftovers
|upkeep
|turn|16
|
|t:|1760798991
|move|p1a: Zamazenta|Crunch|p2a: Weezing
|-resisted|p2a: Weezing
|-damage|p2a: Weezing|90/100
|-unboost|p2a: Weezing|def|1
|move|p2a: Weezing|Will-O-Wisp|p1a: Zamazenta
|-status|p1a: Zamazenta|brn
|
|-heal|p1a: Zamazenta|86/100 brn|[from] item: Leftovers
|-damage|p1a: Zamazenta|80/100 brn|[from] brn
|upkeep
|turn|17
|
|t:|1760799008
|move|p1a: Zamazenta|Crunch|p2a: Weezing
|-resisted|p2a: Weezing
|-damage|p2a: Weezing|85/100
|-unboost|p2a: Weezing|def|1
|move|p2a: Weezing|Sludge Bomb|p1a: Zamazenta
|-damage|p1a: Zamazenta|58/100 brn
|
|-heal|p1a: Zamazenta|64/100 brn|[from] item: Leftovers
|-damage|p1a: Zamazenta|58/100 brn|[from] brn
|upkeep
|turn|18
|
|t:|1760799014
|move|p1a: Zamazenta|Crunch|p2a: Weezing
|-resisted|p2a: Weezing
|-damage|p2a: Weezing|77/100
|move|p2a: Weezing|Sludge Bomb|p1a: Zamazenta
|-damage|p1a: Zamazenta|38/100 brn
|
|-heal|p1a: Zamazenta|45/100 brn|[from] item: Leftovers
|-damage|p1a: Zamazenta|38/100 brn|[from] brn
|upkeep
|turn|19
|
|t:|1760799016
|move|p1a: Zamazenta|Body Press|p2a: Weezing
|-resisted|p2a: Weezing
|-damage|p2a: Weezing|66/100
|move|p2a: Weezing|Sludge Bomb|p1a: Zamazenta
|-damage|p1a: Zamazenta|16/100 brn
|
|-heal|p1a: Zamazenta|22/100 brn|[from] item: Leftovers
|-damage|p1a: Zamazenta|16/100 brn|[from] brn
|upkeep
|turn|20
|
|t:|1760799019
|move|p1a: Zamazenta|Body Press|p2a: Weezing
|-resisted|p2a: Weezing
|-damage|p2a: Weezing|56/100
|move|p2a: Weezing|Sludge Bomb|p1a: Zamazenta
|-damage|p1a: Zamazenta|0 fnt
|faint|p1a: Zamazenta
|
|upkeep
|
|t:|1760799021
|switch|p1a: Primarina|Primarina, M|88/100
|turn|21
|
|t:|1760799026
|-end|p2a: Weezing|ability: Neutralizing Gas
|switch|p2a: Ogerpon|Ogerpon-Wellspring, F|34/100
|move|p1a: Primarina|Psychic Noise|p2a: Ogerpon
|-damage|p2a: Ogerpon|0 fnt
|faint|p2a: Ogerpon
|
|upkeep
|
|t:|1760799047
|switch|p2a: Weavile|Weavile, M, shiny|12/100
|-ability|p2a: Weavile|Pressure
|turn|22
|
|t:|1760799048
|move|p2a: Weavile|Triple Axel|p1a: Primarina
|-resisted|p1a: Primarina
|-crit|p1a: Primarina
|-damage|p1a: Primarina|74/100
|-resisted|p1a: Primarina
|-damage|p1a: Primarina|54/100
|-resisted|p1a: Primarina
|-damage|p1a: Primarina|24/100
|-hitcount|p1a: Primarina|3
|move|p1a: Primarina|Moonblast|p2a: Weavile
|-supereffective|p2a: Weavile
|-damage|p2a: Weavile|0 fnt
|faint|p2a: Weavile
|
|upkeep
|
|t:|1760799059
|switch|p2a: Great Tusk|Great Tusk|23/100
|turn|23
|
|t:|1760799073
|move|p2a: Great Tusk|Headlong Rush|p1a: Primarina
|-damage|p1a: Primarina|0 fnt
|-unboost|p2a: Great Tusk|def|1
|-unboost|p2a: Great Tusk|spd|1
|faint|p1a: Primarina
|
|upkeep
|
|t:|1760799076
|switch|p1a: Kingambit|Kingambit, M|100/100
|-activate|p1a: Kingambit|ability: Supreme Overlord
|-start|p1a: Kingambit|fallen5|[silent]
|turn|24
|
|t:|1760799077
|-terastallize|p1a: Kingambit|Fairy
|move|p2a: Great Tusk|Headlong Rush|p1a: Kingambit
|-damage|p1a: Kingambit|54/100
|-unboost|p2a: Great Tusk|def|1
|-unboost|p2a: Great Tusk|spd|1
|move|p1a: Kingambit|Swords Dance|p1a: Kingambit
|-boost|p1a: Kingambit|atk|2
|
|-heal|p1a: Kingambit|60/100|[from] item: Leftovers
|upkeep
|turn|25
|
|t:|1760799079
|move|p1a: Kingambit|Sucker Punch|p2a: Great Tusk
|-resisted|p2a: Great Tusk
|-damage|p2a: Great Tusk|0 fnt
|faint|p2a: Great Tusk
|-end|p2a: Great Tusk|Protosynthesis|[silent]
|
|-heal|p1a: Kingambit|66/100|[from] item: Leftovers
|upkeep
|
|t:|1760799091
|switch|p2a: Dragapult|Dragapult, M|100/100
|turn|26
|
|t:|1760799093
|move|p1a: Kingambit|Sucker Punch||[still]
|-fail|p1a: Kingambit
|move|p2a: Dragapult|Substitute|p2a: Dragapult
|-start|p2a: Dragapult|Substitute
|-damage|p2a: Dragapult|76/100
|
|-heal|p2a: Dragapult|82/100|[from] item: Leftovers
|-heal|p1a: Kingambit|72/100|[from] item: Leftovers
|upkeep
|turn|27
|
|t:|1760799097
|move|p2a: Dragapult|Phantom Force||[still]
|-prepare|p2a: Dragapult|Phantom Force
|move|p1a: Kingambit|Kowtow Cleave|p2a: Dragapult|[miss]
|-miss|p1a: Kingambit|p2a: Dragapult
|
|-heal|p2a: Dragapult|88/100|[from] item: Leftovers
|-heal|p1a: Kingambit|78/100|[from] item: Leftovers
|upkeep
|turn|28
|
|t:|1760799100
|move|p2a: Dragapult|Phantom Force|p1a: Kingambit|[from] lockedmove
|-damage|p1a: Kingambit|42/100
|move|p1a: Kingambit|Kowtow Cleave|p2a: Dragapult
|-supereffective|p2a: Dragapult
|-end|p2a: Dragapult|Substitute
|
|-heal|p2a: Dragapult|94/100|[from] item: Leftovers
|-heal|p1a: Kingambit|48/100|[from] item: Leftovers
|upkeep
|turn|29
|
|t:|1760799104
|move|p2a: Dragapult|Dragon Dance|p2a: Dragapult
|-boost|p2a: Dragapult|atk|1
|-boost|p2a: Dragapult|spe|1
|move|p1a: Kingambit|Kowtow Cleave|p2a: Dragapult
|-supereffective|p2a: Dragapult
|-damage|p2a: Dragapult|0 fnt
|faint|p2a: Dragapult
|
|-heal|p1a: Kingambit|54/100|[from] item: Leftovers
|upkeep
|
|t:|1760799106
|switch|p2a: Heatran|Heatran, M, shiny|74/100
|turn|30
|
|t:|1760799110
|move|p1a: Kingambit|Sucker Punch|p2a: Heatran
|-damage|p2a: Heatran|0 fnt
|faint|p2a: Heatran
|
|-heal|p1a: Kingambit|60/100|[from] item: Leftovers
|upkeep
|
|t:|1760799112
|switch|p2a: Weezing|Weezing-Galar, F, shiny|56/100
|-ability|p2a: Weezing|Neutralizing Gas
|turn|31
|
|t:|1760799113
|move|p2a: Weezing|Will-O-Wisp|p1a: Kingambit
|-status|p1a: Kingambit|brn
|move|p1a: Kingambit|Kowtow Cleave|p2a: Weezing
|-resisted|p2a: Weezing
|-damage|p2a: Weezing|38/100
|
|-heal|p1a: Kingambit|66/100 brn|[from] item: Leftovers
|-damage|p1a: Kingambit|60/100 brn|[from] brn
|upkeep
|turn|32
|
|t:|1760799116
|move|p2a: Weezing|Pain Split|p1a: Kingambit
|-sethp|p1a: Kingambit|46/100 brn|[from] move: Pain Split|[silent]
|-sethp|p2a: Weezing|54/100|[from] move: Pain Split
|move|p1a: Kingambit|Kowtow Cleave|p2a: Weezing
|-resisted|p2a: Weezing
|-damage|p2a: Weezing|37/100
|
|-heal|p1a: Kingambit|52/100 brn|[from] item: Leftovers
|-damage|p1a: Kingambit|46/100 brn|[from] brn
|upkeep
|turn|33
|
|t:|1760799120
|move|p2a: Weezing|Sludge Bomb|p1a: Kingambit
|-supereffective|p1a: Kingambit
|-damage|p1a: Kingambit|0 fnt
|faint|p1a: Kingambit
|-end|p1a: Kingambit|fallen5|[silent]
|
|win|Yung Embryo
|raw|Rj yoip's rating: 1754 &rarr; <strong>1732</strong><br />(-22 for losing)
|raw|Yung Embryo's rating: 1714 &rarr; <strong>1736</strong><br />(+22 for winning)
|l|☆Rj yoip
|player|p1|
|c|☆Yung Embryo|gg
|l|☆Yung Embryo
|player|p2|
