|j|☆kills your
|j|☆Chris466
|t:|1760839834
|gametype|singles
|player|p1|kills your|iono|1388
|player|p2|Chris466|red|1327
|gen|9
|tier|[Gen 9] OU
|rated|
|rule|HP Percentage Mod: HP is shown in percentages
|rule|Endless Battle Clause: Forcing endless battles is banned
|rule|Species Clause: Limit one of each Pokémon
|rule|OHKO Clause: OHKO moves are banned
|rule|Evasion Items Clause: Evasion items are banned
|rule|Evasion Moves Clause: Evasion moves are banned
|rule|Evasion Abilities Clause: Evasion abilities are banned
|rule|Sleep Moves Clause: Sleep-inducing moves are banned
|clearpoke
|poke|p1|Ninetales, F|
|poke|p1|Hatterene, F|
|poke|p1|Leafeon, M|
|poke|p1|Raging Bolt|
|poke|p1|Great Tusk|
|poke|p1|Walking Wake|
|poke|p2|Tyranitar, F|
|poke|p2|Landorus-Therian, M|
|poke|p2|Meowscarada, F|
|poke|p2|Zamazenta-*|
|poke|p2|Scizor, F|
|poke|p2|Primarina, F|
|teampreview
|inactive|Battle timer is ON: inactive players will automatically lose when time's up. (requested by Chris466)
|
|t:|1760839847
|teamsize|p1|6
|teamsize|p2|6
|start
|switch|p1a: Great Tusk|Great Tusk|100/100
|switch|p2a: Tyranitar|Tyranitar, F|100/100
|-weather|Sandstorm|[from] ability: Sand Stream|[of] p2a: Tyranitar
|turn|1
|
|t:|1760839853
|switch|p2a: Landorus|Landorus-Therian, M|100/100
|-ability|p2a: Landorus|Intimidate|boost
|-unboost|p1a: Great Tusk|atk|1
|move|p1a: Great Tusk|Knock Off|p2a: Landorus
|-damage|p2a: Landorus|82/100
|-damage|p1a: Great Tusk|84/100|[from] item: Rocky Helmet|[of] p2a: Landorus
|-enditem|p2a: Landorus|Rocky Helmet|[from] move: Knock Off|[of] p1a: Great Tusk
|
|-weather|Sandstorm|[upkeep]
|upkeep
|turn|2
|
|t:|1760839857
|-end|p1a: Great Tusk|Protosynthesis|[silent]
|switch|p1a: Hatterene|Hatterene, F|100/100
|move|p2a: Landorus|Grass Knot|p1a: Hatterene
|-damage|p1a: Hatterene|96/100
|-enditem|p1a: Hatterene|Eject Button
|
|t:|1760839867
|switch|p1a: Ninetales|Ninetales, F|100/100
|-weather|SunnyDay|[from] ability: Drought|[of] p1a: Ninetales
|
|-weather|SunnyDay|[upkeep]
|upkeep
|turn|3
|
|t:|1760839872
|switch|p2a: Tyranitar|Tyranitar, F|100/100
|-weather|Sandstorm|[from] ability: Sand Stream|[of] p2a: Tyranitar
|move|p1a: Ninetales|Will-O-Wisp|p2a: Tyranitar
|-status|p2a: Tyranitar|brn
|
|-weather|Sandstorm|[upkeep]
|-damage|p1a: Ninetales|94/100|[from] Sandstorm
|-damage|p2a: Tyranitar|94/100 brn|[from] brn
|upkeep
|turn|4
|
|t:|1760839877
|switch|p1a: Hatterene|Hatterene, F|96/100
|move|p2a: Tyranitar|Knock Off|p1a: Hatterene
|-damage|p1a: Hatterene|72/100
|
|-weather|Sandstorm|[upkeep]
|-damage|p1a: Hatterene|66/100|[from] Sandstorm
|-damage|p2a: Tyranitar|88/100 brn|[from] brn
|upkeep
|turn|5
|
|t:|1760839884
|move|p2a: Tyranitar|Knock Off|p1a: Hatterene
|-damage|p1a: Hatterene|39/100
|move|p1a: Hatterene|Nuzzle|p2a: Tyranitar
|-damage|p2a: Tyranitar|85/100 brn
|
|-weather|Sandstorm|[upkeep]
|-damage|p1a: Hatterene|33/100|[from] Sandstorm
|-damage|p2a: Tyranitar|79/100 brn|[from] brn
|upkeep
|turn|6
|
|t:|1760839887
|move|p2a: Tyranitar|Knock Off|p1a: Hatterene
|-damage|p1a: Hatterene|7/100
|move|p1a: Hatterene|Draining Kiss|p2a: Tyranitar
|-supereffective|p2a: Tyranitar
|-damage|p2a: Tyranitar|51/100 brn
|-heal|p1a: Hatterene|34/100|[from] drain|[of] p2a: Tyranitar
|
|-weather|Sandstorm|[upkeep]
|-damage|p1a: Hatterene|28/100|[from] Sandstorm
|-damage|p2a: Tyranitar|45/100 brn|[from] brn
|upkeep
|turn|7
|
|t:|1760839893
|move|p2a: Tyranitar|Knock Off|p1a: Hatterene
|-damage|p1a: Hatterene|4/100
|move|p1a: Hatterene|Draining Kiss|p2a: Tyranitar
|-supereffective|p2a: Tyranitar
|-damage|p2a: Tyranitar|21/100 brn
|-heal|p1a: Hatterene|27/100|[from] drain|[of] p2a: Tyranitar
|
|-weather|none
|-damage|p2a: Tyranitar|15/100 brn|[from] brn
|upkeep
|turn|8
|
|t:|1760839903
|switch|p2a: Scizor|Scizor, F|100/100
|move|p1a: Hatterene|Draining Kiss|p2a: Scizor
|-resisted|p2a: Scizor
|-damage|p2a: Scizor|87/100
|-heal|p1a: Hatterene|36/100|[from] drain|[of] p2a: Scizor
|
|upkeep
|turn|9
|
|t:|1760839907
|switch|p1a: Ninetales|Ninetales, F|94/100
|-weather|SunnyDay|[from] ability: Drought|[of] p1a: Ninetales
|move|p2a: Scizor|U-turn|p1a: Ninetales
|-resisted|p1a: Ninetales
|-damage|p1a: Ninetales|66/100
|
|t:|1760839911
|switch|p2a: Zamazenta|Zamazenta|100/100|[from] U-turn
|-ability|p2a: Zamazenta|Dauntless Shield|boost
|-boost|p2a: Zamazenta|def|1
|
|-weather|SunnyDay|[upkeep]
|upkeep
|turn|10
|
|t:|1760839920
|move|p2a: Zamazenta|Stone Edge|p1a: Ninetales
|-supereffective|p1a: Ninetales
|-damage|p1a: Ninetales|0 fnt
|faint|p1a: Ninetales
|-damage|p2a: Zamazenta|91/100|[from] item: Life Orb
|
|-weather|SunnyDay|[upkeep]
|upkeep
|
|t:|1760839932
|switch|p1a: Walking Wake|Walking Wake|100/100
|-activate|p1a: Walking Wake|ability: Protosynthesis
|-start|p1a: Walking Wake|protosynthesisspe
|turn|11
|
|t:|1760839938
|switch|p2a: Tyranitar|Tyranitar, F|15/100 brn
|-weather|Sandstorm|[from] ability: Sand Stream|[of] p2a: Tyranitar
|-end|p1a: Walking Wake|Protosynthesis
|move|p1a: Walking Wake|Hydro Steam|p2a: Tyranitar
|-supereffective|p2a: Tyranitar
|-damage|p2a: Tyranitar|0 fnt
|faint|p2a: Tyranitar
|
|-weather|Sandstorm|[upkeep]
|-damage|p1a: Walking Wake|94/100|[from] Sandstorm
|upkeep
|
|t:|1760839948
|switch|p2a: Primarina|Primarina, F|100/100
|turn|12
|
|t:|1760839953
|-end|p1a: Walking Wake|Protosynthesis|[silent]
|switch|p1a: Hatterene|Hatterene, F|36/100
|move|p2a: Primarina|Flip Turn|p1a: Hatterene
|-damage|p1a: Hatterene|23/100
|
|t:|1760839957
|switch|p2a: Meowscarada|Meowscarada, F|100/100|[from] Flip Turn
|
|-weather|Sandstorm|[upkeep]
|-damage|p2a: Meowscarada|94/100|[from] Sandstorm
|-damage|p1a: Hatterene|17/100|[from] Sandstorm
|upkeep
|turn|13
|
|t:|1760839961
|move|p2a: Meowscarada|U-turn|p1a: Hatterene
|-start|p2a: Meowscarada|typechange|Bug|[from] ability: Protean
|-damage|p1a: Hatterene|0 fnt
|faint|p1a: Hatterene
|
|t:|1760839962
|switch|p2a: Scizor|Scizor, F|87/100|[from] U-turn
|
|-weather|Sandstorm|[upkeep]
|upkeep
|
|t:|1760839967
|switch|p1a: Walking Wake|Walking Wake|94/100
|turn|14
|
|t:|1760839970
|switch|p2a: Primarina|Primarina, F|100/100
|move|p1a: Walking Wake|Flip Turn|p2a: Primarina
|-resisted|p2a: Primarina
|-damage|p2a: Primarina|90/100
|
|t:|1760839972
|-end|p1a: Walking Wake|Protosynthesis|[silent]
|switch|p1a: Raging Bolt|Raging Bolt|100/100|[from] Flip Turn
|
|-weather|Sandstorm|[upkeep]
|-damage|p1a: Raging Bolt|94/100|[from] Sandstorm
|-damage|p2a: Primarina|84/100|[from] Sandstorm
|upkeep
|turn|15
|
|t:|1760839981
|switch|p2a: Landorus|Landorus-Therian, M|82/100
|-ability|p2a: Landorus|Intimidate|boost
|-unboost|p1a: Raging Bolt|atk|1
|move|p1a: Raging Bolt|Draco Meteor|p2a: Landorus
|-damage|p2a: Landorus|2/100
|-unboost|p1a: Raging Bolt|spa|2
|
|-weather|none
|upkeep
|turn|16
|
|t:|1760839995
|-end|p1a: Raging Bolt|Protosynthesis|[silent]
|switch|p1a: Leafeon|Leafeon, M|100/100
|move|p2a: Landorus|Earth Power|p1a: Leafeon
|-resisted|p1a: Leafeon
|-damage|p1a: Leafeon|71/100
|
|upkeep
|turn|17
|
|t:|1760840010
|move|p2a: Landorus|Stealth Rock|p1a: Leafeon
|-sidestart|p1: kills your|move: Stealth Rock
|move|p1a: Leafeon|Tera Blast|p2a: Landorus
|-damage|p2a: Landorus|0 fnt
|faint|p2a: Landorus
|-damage|p1a: Leafeon|61/100|[from] item: Life Orb
|
|upkeep
|
|t:|1760840032
|switch|p2a: Zamazenta|Zamazenta|91/100
|turn|18
|
|t:|1760840056
|move|p2a: Zamazenta|Close Combat|p1a: Leafeon
|-crit|p1a: Leafeon
|-damage|p1a: Leafeon|0 fnt
|-unboost|p2a: Zamazenta|def|1
|-unboost|p2a: Zamazenta|spd|1
|faint|p1a: Leafeon
|-damage|p2a: Zamazenta|81/100|[from] item: Life Orb
|
|upkeep
|
|t:|1760840060
|switch|p1a: Raging Bolt|Raging Bolt|94/100
|-damage|p1a: Raging Bolt|82/100|[from] Stealth Rock
|turn|19
|
|t:|1760840071
|switch|p2a: Scizor|Scizor, F|87/100
|-terastallize|p1a: Raging Bolt|Fairy
|move|p1a: Raging Bolt|Volt Switch|p2a: Scizor
|-damage|p2a: Scizor|32/100
|-enditem|p2a: Scizor|Sitrus Berry|[eat]
|-heal|p2a: Scizor|57/100|[from] item: Sitrus Berry
|
|t:|1760840080
|-end|p1a: Raging Bolt|Protosynthesis|[silent]
|switch|p1a: Great Tusk|Great Tusk|84/100|[from] Volt Switch
|
|upkeep
|turn|20
|
|t:|1760840085
|move|p1a: Great Tusk|Rapid Spin|p2a: Scizor
|-resisted|p2a: Scizor
|-damage|p2a: Scizor|47/100
|-boost|p1a: Great Tusk|spe|1
|-sideend|p1: kills your|Stealth Rock|[from] move: Rapid Spin|[of] p1a: Great Tusk
|move|p2a: Scizor|U-turn|p1a: Great Tusk
|-resisted|p1a: Great Tusk
|-damage|p1a: Great Tusk|71/100
|
|t:|1760840087
|switch|p2a: Meowscarada|Meowscarada, F|94/100|[from] U-turn
|
|upkeep
|turn|21
|
|t:|1760840091
|move|p2a: Meowscarada|Triple Axel|p1a: Great Tusk
|-start|p2a: Meowscarada|typechange|Ice|[from] ability: Protean
|-supereffective|p1a: Great Tusk
|-damage|p1a: Great Tusk|58/100
|-supereffective|p1a: Great Tusk
|-damage|p1a: Great Tusk|33/100
|-supereffective|p1a: Great Tusk
|-damage|p1a: Great Tusk|0 fnt
|faint|p1a: Great Tusk
|-end|p1a: Great Tusk|Protosynthesis|[silent]
|-hitcount|p1: Great Tusk|3
|
|upkeep
|
|t:|1760840096
|switch|p1a: Walking Wake|Walking Wake|94/100
|turn|22
|
|t:|1760840100
|move|p2a: Meowscarada|Triple Axel|p1a: Walking Wake
|-damage|p1a: Walking Wake|84/100
|-damage|p1a: Walking Wake|65/100
|-damage|p1a: Walking Wake|37/100
|-hitcount|p1a: Walking Wake|3
|move|p1a: Walking Wake|Hydro Steam|p2a: Meowscarada
|-damage|p2a: Meowscarada|3/100
|
|upkeep
|turn|23
|
|t:|1760840105
|move|p2a: Meowscarada|Triple Axel|p1a: Walking Wake|[miss]
|-miss|p2a: Meowscarada|p1a: Walking Wake
|move|p1a: Walking Wake|Hydro Steam|p2a: Meowscarada
|-damage|p2a: Meowscarada|0 fnt
|faint|p2a: Meowscarada
|
|upkeep
|
|t:|1760840109
|switch|p2a: Zamazenta|Zamazenta|81/100
|turn|24
|
|t:|1760840112
|move|p2a: Zamazenta|Close Combat|p1a: Walking Wake
|-damage|p1a: Walking Wake|0 fnt
|-unboost|p2a: Zamazenta|def|1
|-unboost|p2a: Zamazenta|spd|1
|faint|p1a: Walking Wake
|-end|p1a: Walking Wake|Protosynthesis|[silent]
|-damage|p2a: Zamazenta|71/100|[from] item: Life Orb
|
|upkeep
|
|t:|1760840114
|switch|p1a: Raging Bolt|Raging Bolt, tera:Fairy|82/100
|turn|25
|
|t:|1760840119
|move|p1a: Raging Bolt|Thunderclap|p2a: Zamazenta
|-crit|p2a: Zamazenta
|-damage|p2a: Zamazenta|0 fnt
|faint|p2a: Zamazenta
|
|upkeep
|
|t:|1760840122
|switch|p2a: Scizor|Scizor, F|47/100
|turn|26
|
|t:|1760840126
|move|p1a: Raging Bolt|Thunderclap|p2a: Scizor
|-damage|p2a: Scizor|0 fnt
|faint|p2a: Scizor
|
|upkeep
|
|t:|1760840127
|switch|p2a: Primarina|Primarina, F|84/100
|turn|27
|
|t:|1760840134
|-terastallize|p2a: Primarina|Steel
|move|p1a: Raging Bolt|Volt Switch|p2a: Primarina
|-damage|p2a: Primarina|43/100
|move|p2a: Primarina|Moonblast|p1a: Raging Bolt
|-damage|p1a: Raging Bolt|31/100
|
|upkeep
|turn|28
|
|t:|1760840154
|move|p1a: Raging Bolt|Draco Meteor|p2a: Primarina
|-resisted|p2a: Primarina
|-damage|p2a: Primarina|7/100
|-unboost|p1a: Raging Bolt|spa|2
|move|p2a: Primarina|Moonblast|p1a: Raging Bolt
|-damage|p1a: Raging Bolt|0 fnt
|faint|p1a: Raging Bolt
|-end|p1a: Raging Bolt|Protosynthesis|[silent]
|
|win|Chris466
|raw|kills your's rating: 1388 &rarr; <strong>1365</strong><br />(-23 for losing)
|raw|Chris466's rating: 1327 &rarr; <strong>1350</strong><br />(+23 for winning)
|l|☆kills your
|player|p1|
