|j|☆xingguangganluren
|j|☆gjhvcjvgbncjgvn
|t:|1760761296
|gametype|singles
|player|p1|xingguangganluren|rosa|1064
|player|p2|gjhvcjvgbncjgvn|101|1080
|gen|9
|tier|[Gen 9] OU
|rated|
|rule|HP Percentage Mod: HP is shown in percentages
|rule|Endless Battle Clause: Forcing endless battles is banned
|rule|Species Clause: Limit one of each Pokémon
|rule|OHKO Clause: OHKO moves are banned
|rule|Evasion Items Clause: Evasion items are banned
|rule|Evasion Moves Clause: Evasion moves are banned
|rule|Evasion Abilities Clause: Evasion abilities are banned
|rule|Sleep Moves Clause: Sleep-inducing moves are banned
|clearpoke
|poke|p1|Torkoal, M|
|poke|p1|Slither Wing|
|poke|p1|Venusaur, M|
|poke|p1|Walking Wake|
|poke|p1|Alomomola, F|
|poke|p1|Hatterene, F|
|poke|p2|Pelipper, F|
|poke|p2|Barraskewda, F|
|poke|p2|Zapdos|
|poke|p2|Ogerpon-Wellspring, F|
|poke|p2|Toxicroak, F|
|poke|p2|Iron Treads|
|teampreview
|inactive|Battle timer is ON: inactive players will automatically lose when time's up. (requested by gjhvcjvgbncjgvn)
|inactive|xingguangganluren also wants the timer to be on.
|
|t:|1760761305
|teamsize|p1|6
|teamsize|p2|6
|start
|switch|p1a: Alomomola|Alomomola, F|100/100
|switch|p2a: Iron Treads|Iron Treads|100/100
|turn|1
|
|t:|1760761312
|move|p1a: Alomomola|Aqua Jet|p2a: Iron Treads
|-supereffective|p2a: Iron Treads
|-damage|p2a: Iron Treads|85/100
|move|p2a: Iron Treads|Stealth Rock|p1a: Alomomola
|-sidestart|p1: xingguangganluren|move: Stealth Rock
|
|upkeep
|turn|2
|
|t:|1760761319
|move|p2a: Iron Treads|Volt Switch|p1a: Alomomola
|-supereffective|p1a: Alomomola
|-damage|p1a: Alomomola|74/100
|
|t:|1760761322
|-end|p2a: Iron Treads|Quark Drive|[silent]
|switch|p2a: Ogerpon|Ogerpon-Wellspring, F|100/100|[from] Volt Switch
|move|p1a: Alomomola|Flip Turn|p2a: Ogerpon
|-immune|p2a: Ogerpon|[from] ability: Water Absorb
|
|-heal|p1a: Alomomola|80/100|[from] item: Leftovers
|upkeep
|turn|3
|
|t:|1760761337
|switch|p1a: Torkoal|Torkoal, M|100/100
|-damage|p1a: Torkoal|76/100|[from] Stealth Rock
|-weather|SunnyDay|[from] ability: Drought|[of] p1a: Torkoal
|move|p2a: Ogerpon|Swords Dance|p2a: Ogerpon
|-boost|p2a: Ogerpon|atk|2
|
|-weather|SunnyDay|[upkeep]
|upkeep
|turn|4
|
|t:|1760761349
|-terastallize|p2a: Ogerpon|Water
|detailschange|p2a: Ogerpon|Ogerpon-Wellspring-Tera, F, tera:Water
|-ability|p2a: Ogerpon|Embody Aspect (Wellspring)|boost
|-boost|p2a: Ogerpon|spd|1
|move|p2a: Ogerpon|Ivy Cudgel|p1a: Torkoal|[anim] Ivy Cudgel Water
|-supereffective|p1a: Torkoal
|-damage|p1a: Torkoal|0 fnt
|faint|p1a: Torkoal
|
|-weather|SunnyDay|[upkeep]
|upkeep
|
|t:|1760761360
|switch|p1a: Venusaur|Venusaur, M|100/100
|-damage|p1a: Venusaur|88/100|[from] Stealth Rock
|turn|5
|
|t:|1760761365
|switch|p2a: Pelipper|Pelipper, F|100/100
|-weather|RainDance|[from] ability: Drizzle|[of] p2a: Pelipper
|move|p1a: Venusaur|Solar Beam||[still]
|-prepare|p1a: Venusaur|Solar Beam
|
|-weather|RainDance|[upkeep]
|upkeep
|turn|6
|
|t:|1760761375
|switch|p2a: Toxicroak|Toxicroak, F|100/100
|move|p1a: Venusaur|Solar Beam|p2a: Toxicroak|[from] lockedmove
|-resisted|p2a: Toxicroak
|-damage|p2a: Toxicroak|85/100
|-damage|p1a: Venusaur|78/100|[from] item: Life Orb
|
|-weather|RainDance|[upkeep]
|-heal|p2a: Toxicroak|97/100|[from] ability: Dry Skin
|-heal|p2a: Toxicroak|100/100|[from] item: Leftovers
|upkeep
|turn|7
|-message|xingguangganluren forfeited.
|
|win|gjhvcjvgbncjgvn
|raw|xingguangganluren's rating: 1064 &rarr; <strong>1045</strong><br />(-19 for losing)
|raw|gjhvcjvgbncjgvn's rating: 1080 &rarr; <strong>1107</strong><br />(+27 for winning)
|l|☆xingguangganluren
|player|p1|
|l|☆gjhvcjvgbncjgvn
|player|p2|
