|j|☆wallik
|j|☆xXb1llyXx
|t:|1760761390
|gametype|singles
|player|p1|wallik|bugsy|1684
|player|p2|xXb1llyXx|mom-unova|1799
|gen|9
|tier|[Gen 9] OU
|rated|
|rule|HP Percentage Mod: HP is shown in percentages
|rule|Endless Battle Clause: Forcing endless battles is banned
|rule|Species Clause: Limit one of each Pokémon
|rule|OHKO Clause: OHKO moves are banned
|rule|Evasion Items Clause: Evasion items are banned
|rule|Evasion Moves Clause: Evasion moves are banned
|rule|Evasion Abilities Clause: Evasion abilities are banned
|rule|Sleep Moves Clause: Sleep-inducing moves are banned
|clearpoke
|poke|p1|Cinderace, M|
|poke|p1|Great Tusk|
|poke|p1|Slowking-Galar, M|
|poke|p1|Corviknight, F|
|poke|p1|Raging Bolt|
|poke|p1|Whimsicott, F|
|poke|p2|Raging Bolt|
|poke|p2|Zamazenta-*|
|poke|p2|Ting-Lu|
|poke|p2|Tornadus-Therian, M|
|poke|p2|Gholdengo|
|poke|p2|Iron Treads|
|teampreview
|inactive|Battle timer is ON: inactive players will automatically lose when time's up. (requested by xXb1llyXx)
|j| Champion reko
|
|t:|1760761450
|teamsize|p1|6
|teamsize|p2|6
|start
|switch|p1a: Ronaldo|Cinderace, M|100/100
|switch|p2a: Ting-Lu|Ting-Lu|100/100
|-ability|p2a: Ting-Lu|Vessel of Ruin
|turn|1
|
|t:|1760761460
|move|p1a: Ronaldo|U-turn|p2a: Ting-Lu
|-start|p1a: Ronaldo|typechange|Bug|[from] ability: Libero
|-supereffective|p2a: Ting-Lu
|-damage|p2a: Ting-Lu|46/100
|-enditem|p2a: Ting-Lu|Weakness Policy
|-boost|p2a: Ting-Lu|atk|2|[from] item: Weakness Policy
|-boost|p2a: Ting-Lu|spa|2|[from] item: Weakness Policy
|
|t:|1760761475
|switch|p1a: Gladys|Corviknight, F|100/100|[from] U-turn
|-ability|p1a: Gladys|Pressure
|move|p2a: Ting-Lu|Earthquake|p1a: Gladys
|-immune|p1a: Gladys
|
|upkeep
|turn|2
|
|t:|1760761480
|move|p1a: Gladys|Reflect|p1a: Gladys
|-sidestart|p1: wallik|Reflect
|move|p2a: Ting-Lu|Throat Chop|p1a: Gladys
|-damage|p1a: Gladys|72/100
|-start|p1a: Gladys|Throat Chop|[silent]
|-damage|p2a: Ting-Lu|29/100|[from] item: Rocky Helmet|[of] p1a: Gladys
|
|upkeep
|turn|3
|
|t:|1760761489
|move|p1a: Gladys|U-turn|p2a: Ting-Lu
|-supereffective|p2a: Ting-Lu
|-damage|p2a: Ting-Lu|14/100
|
|t:|1760761490
|switch|p1a: Packin Purple|Great Tusk|100/100|[from] U-turn
|move|p2a: Ting-Lu|Stealth Rock|p1a: Packin Purple
|-sidestart|p1: wallik|move: Stealth Rock
|
|upkeep
|turn|4
|
|t:|1760761496
|move|p1a: Packin Purple|Knock Off|p2a: Ting-Lu
|-resisted|p2a: Ting-Lu
|-damage|p2a: Ting-Lu|8/100
|move|p2a: Ting-Lu|Earthquake|p1a: Packin Purple
|-damage|p1a: Packin Purple|65/100
|
|-heal|p1a: Packin Purple|71/100|[from] item: Leftovers
|upkeep
|turn|5
|
|t:|1760761502
|switch|p2a: Gholdengo|Gholdengo|100/100
|-item|p2a: Gholdengo|Air Balloon
|move|p1a: Packin Purple|Stealth Rock|p2a: Gholdengo
|-sidestart|p2: xXb1llyXx|move: Stealth Rock
|
|-heal|p1a: Packin Purple|77/100|[from] item: Leftovers
|upkeep
|turn|6
|inactive|wallik has 120 seconds left.
|
|t:|1760761538
|move|p1a: Packin Purple|Knock Off|p2a: Gholdengo
|-supereffective|p2a: Gholdengo
|-damage|p2a: Gholdengo|21/100
|-enditem|p2a: Gholdengo|Air Balloon
|move|p2a: Gholdengo|Make It Rain|p1a: Packin Purple
|-crit|p1a: Packin Purple
|-damage|p1a: Packin Purple|0 fnt
|-unboost|p2a: Gholdengo|spa|1
|faint|p1a: Packin Purple
|-end|p1a: Packin Purple|Protosynthesis|[silent]
|
|-sideend|p1: wallik|Reflect
|upkeep
|
|t:|1760761553
|switch|p1a: Ronaldo|Cinderace, M|100/100
|-damage|p1a: Ronaldo|76/100|[from] Stealth Rock
|turn|7
|
|t:|1760761559
|switch|p2a: Ting-Lu|Ting-Lu|8/100
|-damage|p2a: Ting-Lu|2/100|[from] Stealth Rock
|-ability|p2a: Ting-Lu|Vessel of Ruin
|move|p1a: Ronaldo|Pyro Ball|p2a: Ting-Lu
|-damage|p2a: Ting-Lu|0 fnt
|faint|p2a: Ting-Lu
|
|upkeep
|
|t:|1760761563
|switch|p2a: Iron Treads|Iron Treads|100/100
|-damage|p2a: Iron Treads|97/100|[from] Stealth Rock
|-enditem|p2a: Iron Treads|Booster Energy
|-activate|p2a: Iron Treads|ability: Quark Drive|[fromitem]
|-start|p2a: Iron Treads|quarkdrivespe
|turn|8
|
|t:|1760761573
|move|p2a: Iron Treads|Knock Off|p1a: Ronaldo
|-damage|p1a: Ronaldo|30/100
|-enditem|p1a: Ronaldo|Choice Band|[from] move: Knock Off|[of] p2a: Iron Treads
|move|p1a: Ronaldo|Pyro Ball|p2a: Iron Treads|[miss]
|-miss|p1a: Ronaldo|p2a: Iron Treads
|
|upkeep
|turn|9
|
|t:|1760761580
|switch|p1a: Gladys|Corviknight, F|72/100
|-damage|p1a: Gladys|60/100|[from] Stealth Rock
|-ability|p1a: Gladys|Pressure
|move|p2a: Iron Treads|Earthquake|p1a: Gladys
|-immune|p1a: Gladys
|
|upkeep
|turn|10
|
|t:|1760761584
|move|p2a: Iron Treads|Knock Off|p1a: Gladys
|-damage|p1a: Gladys|39/100
|-damage|p2a: Iron Treads|81/100|[from] item: Rocky Helmet|[of] p1a: Gladys
|-enditem|p1a: Gladys|Rocky Helmet|[from] move: Knock Off|[of] p2a: Iron Treads
|move|p1a: Gladys|Defog|p2a: Iron Treads
|-unboost|p2a: Iron Treads|evasion|1
|-sideend|p2: xXb1llyXx|Stealth Rock|[from] move: Defog|[of] p1a: Gladys
|-sideend|p1: wallik|Stealth Rock|[from] move: Defog|[of] p1a: Gladys
|
|upkeep
|turn|11
|
|t:|1760761596
|-end|p2a: Iron Treads|Quark Drive|[silent]
|switch|p2a: Gholdengo|Gholdengo|21/100
|move|p1a: Gladys|Roost|p1a: Gladys
|-heal|p1a: Gladys|89/100
|-singleturn|p1a: Gladys|move: Roost
|
|upkeep
|turn|12
|
|t:|1760761604
|move|p2a: Gholdengo|Shadow Ball|p1a: Gladys
|-damage|p1a: Gladys|48/100
|move|p1a: Gladys|U-turn|p2a: Gholdengo
|-resisted|p2a: Gholdengo
|-damage|p2a: Gholdengo|17/100
|
|t:|1760761610
|switch|p1a: Ronaldo|Cinderace, M|30/100|[from] U-turn
|
|upkeep
|turn|13
|
|t:|1760761613
|move|p1a: Ronaldo|Pyro Ball|p2a: Gholdengo
|-supereffective|p2a: Gholdengo
|-damage|p2a: Gholdengo|0 fnt
|faint|p2a: Gholdengo
|
|upkeep
|
|t:|1760761615
|switch|p2a: Tornadus|Tornadus-Therian, M|100/100
|turn|14
|l| Champion reko
|
|t:|1760761630
|switch|p2a: Iron Treads|Iron Treads|81/100
|switch|p1a: Vape God|Raging Bolt|100/100
|
|upkeep
|turn|15
|j| Finkachu
|
|t:|1760761636
|-end|p1a: Vape God|Protosynthesis|[silent]
|switch|p1a: Gladys|Corviknight, F|48/100
|-ability|p1a: Gladys|Pressure
|move|p2a: Iron Treads|Ice Spinner|p1a: Gladys
|-damage|p1a: Gladys|31/100
|
|upkeep
|turn|16
|
|t:|1760761652
|-end|p2a: Iron Treads|Quark Drive|[silent]
|switch|p2a: Tornadus|Tornadus-Therian, M|100/100
|move|p1a: Gladys|Roost|p1a: Gladys
|-heal|p1a: Gladys|81/100
|-singleturn|p1a: Gladys|move: Roost
|
|upkeep
|turn|17
|
|t:|1760761657
|switch|p1a: Vape God|Raging Bolt|100/100
|move|p2a: Tornadus|Nasty Plot|p2a: Tornadus
|-boost|p2a: Tornadus|spa|2
|
|upkeep
|turn|18
|j| Jasonthebaboon
|
|t:|1760761671
|move|p2a: Tornadus|Dark Pulse|p1a: Vape God
|-damage|p1a: Vape God|37/100
|-damage|p2a: Tornadus|91/100|[from] item: Life Orb
|cant|p1a: Vape God|flinch
|
|upkeep
|turn|19
|
|t:|1760761682
|move|p1a: Vape God|Thunderclap|p2a: Tornadus
|-supereffective|p2a: Tornadus
|-damage|p2a: Tornadus|0 fnt
|faint|p2a: Tornadus
|
|upkeep
|
|t:|1760761685
|switch|p2a: Iron Treads|Iron Treads|81/100
|turn|20
|
|t:|1760761693
|-end|p2a: Iron Treads|Quark Drive|[silent]
|switch|p2a: Raging Bolt|Raging Bolt|100/100
|-enditem|p2a: Raging Bolt|Booster Energy
|-activate|p2a: Raging Bolt|ability: Protosynthesis|[fromitem]
|-start|p2a: Raging Bolt|protosynthesisspa
|-end|p1a: Vape God|Protosynthesis|[silent]
|switch|p1a: Gladys|Corviknight, F|81/100
|-ability|p1a: Gladys|Pressure
|
|upkeep
|turn|21
|
|t:|1760761697
|switch|p1a: Whimsicott|Whimsicott, F|100/100
|move|p2a: Raging Bolt|Calm Mind|p2a: Raging Bolt
|-boost|p2a: Raging Bolt|spa|1
|-boost|p2a: Raging Bolt|spd|1
|
|upkeep
|turn|22
|
|t:|1760761701
|move|p1a: Whimsicott|Encore|p2a: Raging Bolt
|-start|p2a: Raging Bolt|Encore
|move|p2a: Raging Bolt|Calm Mind|p2a: Raging Bolt
|-boost|p2a: Raging Bolt|spa|1
|-boost|p2a: Raging Bolt|spd|1
|
|upkeep
|turn|23
|
|t:|1760761706
|-end|p2a: Raging Bolt|Protosynthesis|[silent]
|switch|p2a: Iron Treads|Iron Treads|81/100
|move|p1a: Whimsicott|Stun Spore|p2a: Iron Treads|[miss]
|-miss|p1a: Whimsicott|p2a: Iron Treads
|
|upkeep
|turn|24
|
|t:|1760761715
|-end|p2a: Iron Treads|Quark Drive|[silent]
|switch|p2a: Raging Bolt|Raging Bolt|100/100
|switch|p1a: Gladys|Corviknight, F|81/100
|-ability|p1a: Gladys|Pressure
|
|upkeep
|turn|25
|
|t:|1760761718
|switch|p1a: BrainRot|Slowking-Galar, M|100/100
|move|p2a: Raging Bolt|Thunderbolt|p1a: BrainRot
|-damage|p1a: BrainRot|72/100
|-status|p1a: BrainRot|par
|
|upkeep
|turn|26
|
|t:|1760761727
|switch|p1a: Whimsicott|Whimsicott, F|100/100
|move|p2a: Raging Bolt|Thunderbolt|p1a: Whimsicott
|-resisted|p1a: Whimsicott
|-damage|p1a: Whimsicott|67/100
|
|-heal|p1a: Whimsicott|73/100|[from] item: Leftovers
|upkeep
|turn|27
|
|t:|1760761734
|move|p1a: Whimsicott|Moonblast|p2a: Raging Bolt
|-supereffective|p2a: Raging Bolt
|-damage|p2a: Raging Bolt|54/100
|-unboost|p2a: Raging Bolt|spa|1
|move|p2a: Raging Bolt|Thunderbolt|p1a: Whimsicott
|-resisted|p1a: Whimsicott
|-damage|p1a: Whimsicott|53/100
|
|-heal|p1a: Whimsicott|59/100|[from] item: Leftovers
|upkeep
|turn|28
|
|t:|1760761745
|-end|p2a: Raging Bolt|Protosynthesis|[silent]
|switch|p2a: Iron Treads|Iron Treads|81/100
|move|p1a: Whimsicott|U-turn|p2a: Iron Treads
|-resisted|p2a: Iron Treads
|-damage|p2a: Iron Treads|76/100
|j| Wonderite
|
|t:|1760761746
|switch|p1a: Ronaldo|Cinderace, M|30/100|[from] U-turn
|
|upkeep
|turn|29
|
|t:|1760761769
|move|p1a: Ronaldo|Pyro Ball|p2a: Iron Treads
|-supereffective|p2a: Iron Treads
|-damage|p2a: Iron Treads|0 fnt
|faint|p2a: Iron Treads
|-end|p2a: Iron Treads|Quark Drive|[silent]
|
|upkeep
|
|t:|1760761772
|switch|p2a: Zamazenta|Zamazenta|100/100
|-ability|p2a: Zamazenta|Dauntless Shield|boost
|-boost|p2a: Zamazenta|def|1
|turn|30
|
|t:|1760761789
|move|p2a: Zamazenta|Heavy Slam|p1a: Ronaldo
|-resisted|p1a: Ronaldo
|-damage|p1a: Ronaldo|8/100
|move|p1a: Ronaldo|U-turn|p2a: Zamazenta
|-start|p1a: Ronaldo|typechange|Bug|[from] ability: Libero
|-resisted|p2a: Zamazenta
|-damage|p2a: Zamazenta|92/100
|
|t:|1760761806
|switch|p1a: BrainRot|Slowking-Galar, M|100/100 par|[from] U-turn
|
|-heal|p2a: Zamazenta|98/100|[from] item: Leftovers
|upkeep
|turn|31
|j| wyjmjl
|
|t:|1760761811
|move|p2a: Zamazenta|Crunch|p1a: BrainRot
|-supereffective|p1a: BrainRot
|-damage|p1a: BrainRot|54/100 par
|move|p1a: BrainRot|Sludge Bomb|p2a: Zamazenta
|-damage|p2a: Zamazenta|63/100
|
|-heal|p2a: Zamazenta|70/100|[from] item: Leftovers
|upkeep
|turn|32
|
|t:|1760761818
|move|p2a: Zamazenta|Crunch|p1a: BrainRot
|-supereffective|p1a: BrainRot
|-damage|p1a: BrainRot|11/100 par
|move|p1a: BrainRot|Sludge Bomb|p2a: Zamazenta
|-damage|p2a: Zamazenta|37/100
|-status|p2a: Zamazenta|psn
|
|-heal|p2a: Zamazenta|43/100 psn|[from] item: Leftovers
|-damage|p2a: Zamazenta|31/100 psn|[from] psn
|upkeep
|turn|33
|
|t:|1760761826
|switch|p1a: Whimsicott|Whimsicott, F|59/100
|move|p2a: Zamazenta|Heavy Slam|p1a: Whimsicott
|-supereffective|p1a: Whimsicott
|-damage|p1a: Whimsicott|0 fnt
|faint|p1a: Whimsicott
|
|-heal|p2a: Zamazenta|37/100 psn|[from] item: Leftovers
|-damage|p2a: Zamazenta|24/100 psn|[from] psn
|upkeep
|
|t:|1760761848
|switch|p1a: Gladys|Corviknight, F|81/100
|-ability|p1a: Gladys|Pressure
|turn|34
|l| wyjmjl
|
|t:|1760761863
|switch|p2a: Raging Bolt|Raging Bolt|54/100
|move|p1a: Gladys|U-turn|p2a: Raging Bolt
|-damage|p2a: Raging Bolt|41/100
|
|t:|1760761871
|switch|p1a: BrainRot|Slowking-Galar, M|44/100 par|[from] U-turn
|
|upkeep
|turn|35
|
|t:|1760761877
|move|p2a: Raging Bolt|Calm Mind|p2a: Raging Bolt
|-boost|p2a: Raging Bolt|spa|1
|-boost|p2a: Raging Bolt|spd|1
|move|p1a: BrainRot|Ice Beam|p2a: Raging Bolt
|-supereffective|p2a: Raging Bolt
|-damage|p2a: Raging Bolt|10/100
|
|upkeep
|turn|36
|inactive|wallik has 120 seconds left.
|
|t:|1760761919
|switch|p1a: Vape God|Raging Bolt|37/100
|move|p2a: Raging Bolt|Thunderbolt|p1a: Vape God
|-resisted|p1a: Vape God
|-damage|p1a: Vape God|19/100
|
|upkeep
|turn|37
|
|t:|1760761929
|move|p1a: Vape God|Thunderclap|p2a: Raging Bolt
|-resisted|p2a: Raging Bolt
|-damage|p2a: Raging Bolt|2/100
|move|p2a: Raging Bolt|Thunderclap||[still]
|-fail|p2a: Raging Bolt
|
|upkeep
|turn|38
|
|t:|1760761933
|-end|p1a: Vape God|Protosynthesis|[silent]
|switch|p1a: Ronaldo|Cinderace, M|8/100
|move|p2a: Raging Bolt|Thunderbolt|p1a: Ronaldo
|-damage|p1a: Ronaldo|0 fnt
|faint|p1a: Ronaldo
|
|upkeep
|
|t:|1760761937
|switch|p1a: BrainRot|Slowking-Galar, M|77/100 par
|turn|39
|
|t:|1760761940
|move|p2a: Raging Bolt|Thunderbolt|p1a: BrainRot
|-damage|p1a: BrainRot|39/100 par
|cant|p1a: BrainRot|par
|
|upkeep
|turn|40
|
|t:|1760761947
|move|p2a: Raging Bolt|Thunderbolt|p1a: BrainRot
|-damage|p1a: BrainRot|0 fnt
|faint|p1a: BrainRot
|
|upkeep
|
|t:|1760761949
|switch|p1a: Vape God|Raging Bolt|19/100
|turn|41
|
|t:|1760761955
|move|p2a: Raging Bolt|Thunderclap|p1a: Vape God
|-resisted|p1a: Vape God
|-damage|p1a: Vape God|4/100
|move|p1a: Vape God|Thunderbolt|p2a: Raging Bolt
|-resisted|p2a: Raging Bolt
|-damage|p2a: Raging Bolt|0 fnt
|faint|p2a: Raging Bolt
|-end|p2a: Raging Bolt|Protosynthesis|[silent]
|
|upkeep
|
|t:|1760761959
|switch|p2a: Zamazenta|Zamazenta|24/100 psn
|turn|42
|
|t:|1760761964
|move|p2a: Zamazenta|Body Press|p1a: Vape God
|-damage|p1a: Vape God|0 fnt
|faint|p1a: Vape God
|-end|p1a: Vape God|Protosynthesis|[silent]
|
|-heal|p2a: Zamazenta|31/100 psn|[from] item: Leftovers
|-damage|p2a: Zamazenta|18/100 psn|[from] psn
|upkeep
|
|t:|1760761966
|switch|p1a: Gladys|Corviknight, F|81/100
|-ability|p1a: Gladys|Pressure
|turn|43
|
|t:|1760761972
|move|p2a: Zamazenta|Iron Defense|p2a: Zamazenta
|-boost|p2a: Zamazenta|def|2
|move|p1a: Gladys|Roost|p1a: Gladys
|-heal|p1a: Gladys|100/100
|-singleturn|p1a: Gladys|move: Roost
|
|-heal|p2a: Zamazenta|24/100 psn|[from] item: Leftovers
|-damage|p2a: Zamazenta|12/100 psn|[from] psn
|upkeep
|turn|44
|
|t:|1760761974
|-terastallize|p1a: Gladys|Ghost
|move|p2a: Zamazenta|Body Press|p1a: Gladys
|-immune|p1a: Gladys
|move|p1a: Gladys|Reflect|p1a: Gladys
|-sidestart|p1: wallik|Reflect
|
|-heal|p2a: Zamazenta|18/100 psn|[from] item: Leftovers
|-damage|p2a: Zamazenta|6/100 psn|[from] psn
|upkeep
|turn|45
|
|t:|1760761978
|move|p2a: Zamazenta|Crunch|p1a: Gladys
|-supereffective|p1a: Gladys
|-damage|p1a: Gladys|86/100
|move|p1a: Gladys|U-turn|p2a: Zamazenta
|-resisted|p2a: Zamazenta
|-damage|p2a: Zamazenta|4/100 psn
|
|-heal|p2a: Zamazenta|10/100 psn|[from] item: Leftovers
|-damage|p2a: Zamazenta|0 fnt|[from] psn
|faint|p2a: Zamazenta
|
|win|wallik
|raw|wallik's rating: 1684 &rarr; <strong>1710</strong><br />(+26 for winning)
|raw|xXb1llyXx's rating: 1799 &rarr; <strong>1773</strong><br />(-26 for losing)
|l|☆xXb1llyXx
|player|p2|
|l| Jasonthebaboon
