|j|☆DicksonM
|j|☆jxrx
|t:|1760719627
|gametype|singles
|player|p1|DicksonM|1|1416
|player|p2|jxrx|norman|1391
|gen|9
|tier|[Gen 9] OU
|rated|
|rule|HP Percentage Mod: HP is shown in percentages
|rule|Endless Battle Clause: Forcing endless battles is banned
|rule|Species Clause: Limit one of each Pokémon
|rule|OHKO Clause: OHKO moves are banned
|rule|Evasion Items Clause: Evasion items are banned
|rule|Evasion Moves Clause: Evasion moves are banned
|rule|Evasion Abilities Clause: Evasion abilities are banned
|rule|Sleep Moves Clause: Sleep-inducing moves are banned
|clearpoke
|poke|p1|Weavile, F|
|poke|p1|Pecharunt|
|poke|p1|Ting-Lu|
|poke|p1|Tinkaton, F|
|poke|p1|Keldeo-Resolute|
|poke|p1|Dragonite, F|
|poke|p2|Dragapult, M|
|poke|p2|Houndoom, F|
|poke|p2|Vileplume, M|
|poke|p2|Gyarados, M|
|poke|p2|Pachirisu, M|
|poke|p2|Great Tusk|
|teampreview
|l|☆jxrx
|player|p2|
|inactive|Battle timer is ON: inactive players will automatically lose when time's up. (requested by DicksonM)
|j|☆jxrx
|inactive|jxrx reconnected and has 125 seconds left.
|player|p2|jxrx|norman|
|inactive|jxrx has 120 seconds left.
|
|t:|1760719714
|teamsize|p1|6
|teamsize|p2|6
|start
|switch|p1a: Ting-Lu|Ting-Lu|100/100
|switch|p2a: Gyarados|Gyarados, M|100/100
|-ability|p1a: Ting-Lu|Vessel of Ruin
|turn|1
|
|t:|1760719720
|switch|p1a: Pecharunt|Pecharunt|100/100
|move|p2a: Gyarados|Dragon Dance|p2a: Gyarados
|-boost|p2a: Gyarados|atk|1
|-boost|p2a: Gyarados|spe|1
|
|upkeep
|turn|2
|l|☆jxrx
|inactive|jxrx disconnected and has a minute to reconnect!
|player|p2|
|inactive|jxrx has 30 seconds to reconnect!
|inactive|jxrx has 20 seconds to reconnect!
|inactive|jxrx has 15 seconds to reconnect!
|j|☆jxrx
|inactive|jxrx reconnected and has 100 seconds left.
|player|p2|jxrx|norman|
|inactive|jxrx has 90 seconds left.
|
|t:|1760719791
|switch|p2a: Pachirisu|Pachirisu, M|100/100
|move|p1a: Pecharunt|Malignant Chain|p2a: Pachirisu
|-damage|p2a: Pachirisu|85/100
|-status|p2a: Pachirisu|tox
|-start|p2a: Pachirisu|confusion|[from] ability: Poison Puppeteer|[of] p1a: Pecharunt
|
|-damage|p2a: Pachirisu|78/100 tox|[from] psn
|upkeep
|turn|3
|
|t:|1760719817
|-activate|p2a: Pachirisu|confusion
|move|p2a: Pachirisu|Nuzzle|p1a: Pecharunt
|-damage|p1a: Pecharunt|99/100
|-status|p1a: Pecharunt|par
|move|p1a: Pecharunt|Parting Shot|p2a: Pachirisu
|-unboost|p2a: Pachirisu|atk|1
|-unboost|p2a: Pachirisu|spa|1
|
|t:|1760719822
|switch|p1a: Ting-Lu|Ting-Lu|100/100|[from] Parting Shot
|-ability|p1a: Ting-Lu|Vessel of Ruin
|
|-damage|p2a: Pachirisu|66/100 tox|[from] psn
|upkeep
|turn|4
|
|t:|1760719831
|-activate|p2a: Pachirisu|confusion
|move|p2a: Pachirisu|Super Fang|p1a: Ting-Lu
|-damage|p1a: Ting-Lu|51/100
|-damage|p2a: Pachirisu|49/100 tox|[from] item: Rocky Helmet|[of] p1a: Ting-Lu
|move|p1a: Ting-Lu|Spikes|p2a: Pachirisu
|-sidestart|p2: jxrx|Spikes
|
|-damage|p2a: Pachirisu|31/100 tox|[from] psn
|upkeep
|turn|5
|inactive|DicksonM has 120 seconds left.
|
|t:|1760719856
|switch|p1a: Pecharunt|Pecharunt|99/100 par
|-end|p2a: Pachirisu|confusion
|move|p2a: Pachirisu|U-turn|p1a: Pecharunt
|-resisted|p1a: Pecharunt
|-damage|p1a: Pecharunt|98/100 par
|inactive|jxrx has 90 seconds left.
|
|t:|1760719876
|switch|p2a: Gyarados|Gyarados, M|100/100|[from] U-turn
|
|upkeep
|turn|6
|inactive|DicksonM has 120 seconds left.
|
|t:|1760719898
|move|p2a: Gyarados|Dragon Dance|p2a: Gyarados
|-boost|p2a: Gyarados|atk|1
|-boost|p2a: Gyarados|spe|1
|move|p1a: Pecharunt|Malignant Chain|p2a: Gyarados
|-crit|p2a: Gyarados
|-damage|p2a: Gyarados|51/100
|-status|p2a: Gyarados|tox
|-start|p2a: Gyarados|confusion|[from] ability: Poison Puppeteer|[of] p1a: Pecharunt
|-enditem|p2a: Gyarados|Lum Berry|[eat]
|-curestatus|p2a: Gyarados|tox|[msg]
|-end|p2a: Gyarados|confusion
|
|upkeep
|turn|7
|inactive|DicksonM has 120 seconds left.
|
|t:|1760719909
|move|p2a: Gyarados|Earthquake|p1a: Pecharunt
|-supereffective|p1a: Pecharunt
|-damage|p1a: Pecharunt|41/100 par
|move|p1a: Pecharunt|Malignant Chain|p2a: Gyarados
|-damage|p2a: Gyarados|18/100
|
|upkeep
|turn|8
|inactive|DicksonM has 120 seconds left.
|
|t:|1760719917
|switch|p1a: Dragonite|Dragonite, F|100/100
|move|p2a: Gyarados|Crunch|p1a: Dragonite
|-damage|p1a: Dragonite|76/100
|
|upkeep
|turn|9
|
|t:|1760719925
|switch|p2a: Vileplume|Vileplume, M|100/100
|-damage|p2a: Vileplume|88/100|[from] Spikes
|move|p1a: Dragonite|Extreme Speed|p2a: Vileplume
|-damage|p2a: Vileplume|63/100
|-damage|p1a: Dragonite|60/100|[from] item: Rocky Helmet|[of] p2a: Vileplume
|
|upkeep
|turn|10
|
|t:|1760719936
|move|p1a: Dragonite|Hurricane|p2a: Vileplume|[miss]
|-miss|p1a: Dragonite|p2a: Vileplume
|move|p2a: Vileplume|Leech Seed|p1a: Dragonite
|-start|p1a: Dragonite|move: Leech Seed
|
|-damage|p1a: Dragonite|47/100|[from] Leech Seed|[of] p2a: Vileplume
|-heal|p2a: Vileplume|77/100|[silent]
|upkeep
|turn|11
|
|t:|1760719945
|switch|p1a: Weavile|Weavile, F|100/100
|-ability|p1a: Weavile|Pressure
|switch|p2a: Pachirisu|Pachirisu, M|31/100 tox
|-damage|p2a: Pachirisu|18/100 tox|[from] Spikes
|
|-damage|p2a: Pachirisu|12/100 tox|[from] psn
|upkeep
|turn|12
|
|t:|1760719957
|move|p1a: Weavile|Ice Shard|p2a: Pachirisu
|-damage|p2a: Pachirisu|0 fnt
|faint|p2a: Pachirisu
|
|upkeep
|
|t:|1760719961
|switch|p2a: Great Tusk|Great Tusk|100/100
|turn|13
|
|t:|1760719965
|switch|p1a: Pecharunt|Pecharunt|41/100 par
|move|p2a: Great Tusk|Rapid Spin|p1a: Pecharunt
|-immune|p1a: Pecharunt
|
|upkeep
|turn|14
|
|t:|1760719968
|move|p2a: Great Tusk|Knock Off|p1a: Pecharunt
|-supereffective|p1a: Pecharunt
|-damage|p1a: Pecharunt|16/100 par
|-enditem|p1a: Pecharunt|Heavy-Duty Boots|[from] move: Knock Off|[of] p2a: Great Tusk
|cant|p1a: Pecharunt|par
|
|upkeep
|turn|15
|
|t:|1760719974
|switch|p1a: Keldeo|Keldeo-Resolute|100/100
|move|p2a: Great Tusk|Knock Off|p1a: Keldeo
|-resisted|p1a: Keldeo
|-crit|p1a: Keldeo
|-damage|p1a: Keldeo|75/100
|-ability|p1a: Keldeo|Justified|boost
|-boost|p1a: Keldeo|atk|1
|-enditem|p1a: Keldeo|Heavy-Duty Boots|[from] move: Knock Off|[of] p2a: Great Tusk
|
|upkeep
|turn|16
|
|t:|1760719982
|move|p1a: Keldeo|Hydro Pump|p2a: Great Tusk|[miss]
|-miss|p1a: Keldeo|p2a: Great Tusk
|move|p2a: Great Tusk|Rapid Spin|p1a: Keldeo
|-damage|p1a: Keldeo|60/100
|-boost|p2a: Great Tusk|spe|1
|-sideend|p2: jxrx|Spikes|[from] move: Rapid Spin|[of] p2a: Great Tusk
|
|upkeep
|turn|17
|
|t:|1760719990
|move|p1a: Keldeo|Hydro Pump|p2a: Great Tusk
|-supereffective|p2a: Great Tusk
|-damage|p2a: Great Tusk|0 fnt
|faint|p2a: Great Tusk
|-end|p2a: Great Tusk|Protosynthesis|[silent]
|
|upkeep
|
|t:|1760719998
|switch|p2a: Dragapult|Dragapult, M|100/100
|turn|18
|
|t:|1760720003
|move|p2a: Dragapult|Substitute|p2a: Dragapult
|-start|p2a: Dragapult|Substitute
|-damage|p2a: Dragapult|76/100
|move|p1a: Keldeo|Flip Turn|p2a: Dragapult
|-resisted|p2a: Dragapult
|-activate|p2a: Dragapult|move: Substitute|[damage]
|
|t:|1760720007
|switch|p1a: Ting-Lu|Ting-Lu|51/100|[from] Flip Turn
|-ability|p1a: Ting-Lu|Vessel of Ruin
|
|-heal|p2a: Dragapult|82/100|[from] item: Leftovers
|upkeep
|turn|19
|
|t:|1760720010
|move|p2a: Dragapult|Dragon Darts|p1a: Ting-Lu
|-damage|p1a: Ting-Lu|38/100
|-anim|p2a: Dragapult|Dragon Darts|p1a: Ting-Lu
|-damage|p1a: Ting-Lu|26/100
|move|p1a: Ting-Lu|Whirlwind|p2a: Dragapult
|drag|p2a: Vileplume|Vileplume, M|77/100
|
|upkeep
|turn|20
|
|t:|1760720025
|switch|p2a: Gyarados|Gyarados, M|18/100
|move|p1a: Ting-Lu|Spikes|p2a: Gyarados
|-sidestart|p2: jxrx|Spikes
|
|upkeep
|turn|21
|
|t:|1760720029
|move|p2a: Gyarados|Waterfall|p1a: Ting-Lu
|-supereffective|p1a: Ting-Lu
|-crit|p1a: Ting-Lu
|-damage|p1a: Ting-Lu|0 fnt
|-damage|p2a: Gyarados|2/100|[from] item: Rocky Helmet|[of] p1a: Ting-Lu
|faint|p1a: Ting-Lu
|-ability|p2a: Gyarados|Moxie|boost
|-boost|p2a: Gyarados|atk|1
|
|upkeep
|
|t:|1760720032
|switch|p1a: Weavile|Weavile, F|100/100
|-ability|p1a: Weavile|Pressure
|turn|22
|
|t:|1760720036
|move|p1a: Weavile|Swords Dance|p1a: Weavile
|-boost|p1a: Weavile|atk|2
|move|p2a: Gyarados|Waterfall|p1a: Weavile
|-damage|p1a: Weavile|0 fnt
|faint|p1a: Weavile
|-ability|p2a: Gyarados|Moxie|boost
|-boost|p2a: Gyarados|atk|1
|
|upkeep
|
|t:|1760720042
|switch|p1a: Dragonite|Dragonite, F|47/100
|turn|23
|
|t:|1760720048
|move|p2a: Gyarados|Crunch|p1a: Dragonite
|-damage|p1a: Dragonite|0 fnt
|faint|p1a: Dragonite
|-ability|p2a: Gyarados|Moxie|boost
|-boost|p2a: Gyarados|atk|1
|
|upkeep
|
|t:|1760720050
|switch|p1a: Keldeo|Keldeo-Resolute|60/100
|turn|24
|
|t:|1760720053
|move|p1a: Keldeo|Vacuum Wave|p2a: Gyarados
|-resisted|p2a: Gyarados
|-damage|p2a: Gyarados|0 fnt
|faint|p2a: Gyarados
|
|upkeep
|
|t:|1760720058
|switch|p2a: Dragapult|Dragapult, M|82/100
|-damage|p2a: Dragapult|69/100|[from] Spikes
|turn|25
|
|t:|1760720066
|switch|p1a: Pecharunt|Pecharunt|16/100 par
|move|p2a: Dragapult|Substitute|p2a: Dragapult
|-start|p2a: Dragapult|Substitute
|-damage|p2a: Dragapult|44/100
|
|-heal|p2a: Dragapult|50/100|[from] item: Leftovers
|upkeep
|turn|26
|
|t:|1760720070
|move|p2a: Dragapult|Dragon Darts|p1a: Pecharunt
|-damage|p1a: Pecharunt|4/100 par
|-anim|p2a: Dragapult|Dragon Darts|p1a: Pecharunt
|-damage|p1a: Pecharunt|0 fnt
|faint|p1a: Pecharunt
|
|-heal|p2a: Dragapult|56/100|[from] item: Leftovers
|upkeep
|
|t:|1760720073
|switch|p1a: Tinkaton|Tinkaton, F|100/100
|-item|p1a: Tinkaton|Air Balloon
|turn|27
|
|t:|1760720081
|move|p2a: Dragapult|Phantom Force||[still]
|-prepare|p2a: Dragapult|Phantom Force
|move|p1a: Tinkaton|Encore|p2a: Dragapult|[miss]
|-miss|p1a: Tinkaton|p2a: Dragapult
|
|-heal|p2a: Dragapult|62/100|[from] item: Leftovers
|upkeep
|turn|28
|
|t:|1760720085
|move|p2a: Dragapult|Phantom Force|p1a: Tinkaton|[from] lockedmove
|-damage|p1a: Tinkaton|48/100
|-enditem|p1a: Tinkaton|Air Balloon
|-enditem|p2a: Dragapult|Leftovers|[silent]|[from] ability: Pickpocket|[of] p2a: Dragapult
|-item|p1a: Tinkaton|Leftovers|[from] ability: Pickpocket|[of] p2a: Dragapult
|move|p1a: Tinkaton|Gigaton Hammer|p2a: Dragapult
|-end|p2a: Dragapult|Substitute
|
|-heal|p1a: Tinkaton|54/100|[from] item: Leftovers
|upkeep
|turn|29
|
|t:|1760720096
|switch|p2a: Vileplume|Vileplume, M|77/100
|-damage|p2a: Vileplume|64/100|[from] Spikes
|move|p1a: Tinkaton|Encore||[still]
|-fail|p1a: Tinkaton
|
|-heal|p1a: Tinkaton|60/100|[from] item: Leftovers
|upkeep
|turn|30
|
|t:|1760720102
|move|p1a: Tinkaton|Thunder Wave|p2a: Vileplume
|-status|p2a: Vileplume|par
|move|p2a: Vileplume|Leech Seed|p1a: Tinkaton
|-start|p1a: Tinkaton|move: Leech Seed
|
|-heal|p1a: Tinkaton|67/100|[from] item: Leftovers
|-damage|p1a: Tinkaton|54/100|[from] Leech Seed|[of] p2a: Vileplume
|-heal|p2a: Vileplume|77/100 par|[silent]
|upkeep
|turn|31
|
|t:|1760720107
|switch|p2a: Houndoom|Houndoom, F|100/100
|-damage|p2a: Houndoom|88/100|[from] Spikes
|move|p1a: Tinkaton|Stealth Rock|p2a: Houndoom
|-sidestart|p2: jxrx|move: Stealth Rock
|
|-heal|p1a: Tinkaton|60/100|[from] item: Leftovers
|-damage|p1a: Tinkaton|48/100|[from] Leech Seed|[of] p2a: Houndoom
|-heal|p2a: Houndoom|100/100|[silent]
|upkeep
|turn|32
|-message|DicksonM forfeited.
|
|win|jxrx
|raw|DicksonM's rating: 1416 &rarr; <strong>1395</strong><br />(-21 for losing)
|raw|jxrx's rating: 1391 &rarr; <strong>1412</strong><br />(+21 for winning)
|l|☆jxrx
|player|p2|
|l|☆DicksonM
|player|p1|
