|j|☆Dook dookie
|j|☆AllHailLechuguita
|t:|1760777298
|gametype|singles
|player|p1|Dook dookie|unknownf|1673
|player|p2|AllHailLechuguita|266|1531
|gen|9
|tier|[Gen 9] OU
|rated|
|rule|HP Percentage Mod: HP is shown in percentages
|rule|Endless Battle Clause: Forcing endless battles is banned
|rule|Species Clause: Limit one of each Pokémon
|rule|OHKO Clause: OHKO moves are banned
|rule|Evasion Items Clause: Evasion items are banned
|rule|Evasion Moves Clause: Evasion moves are banned
|rule|Evasion Abilities Clause: Evasion abilities are banned
|rule|Sleep Moves Clause: Sleep-inducing moves are banned
|clearpoke
|poke|p1|Rillaboom, F|
|poke|p1|Iron Crown|
|poke|p1|Great Tusk|
|poke|p1|Raging Bolt|
|poke|p1|Serperior, F|
|poke|p1|Heatran, F|
|poke|p2|Ogerpon-Wellspring, F|
|poke|p2|Ribombee, F|
|poke|p2|Great Tusk|
|poke|p2|Kingambit, M|
|poke|p2|Skeledirge, M|
|poke|p2|Gholdengo|
|teampreview
|j| Wodje
|
|t:|1760777313
|teamsize|p1|6
|teamsize|p2|6
|start
|switch|p1a: Iron Crown|Iron Crown|100/100
|switch|p2a: Ribombee|Ribombee, F, shiny|100/100
|-enditem|p1a: Iron Crown|Booster Energy
|-activate|p1a: Iron Crown|ability: Quark Drive|[fromitem]
|-start|p1a: Iron Crown|quarkdrivespe
|turn|1
|j| sujisuji
|
|t:|1760777351
|-end|p1a: Iron Crown|Quark Drive|[silent]
|switch|p1a: Heatran|Heatran, F|100/100
|switch|p2a: Ogerpon|Ogerpon-Wellspring, F|100/100
|
|upkeep
|turn|2
|
|t:|1760777359
|switch|p1a: Rillaboom|Rillaboom, F, shiny|100/100
|-fieldstart|move: Grassy Terrain|[from] ability: Grassy Surge|[of] p1a: Rillaboom
|move|p2a: Ogerpon|Swords Dance|p2a: Ogerpon
|-boost|p2a: Ogerpon|atk|2
|
|upkeep
|turn|3
|j| nonchalantbufalant
|
|t:|1760777377
|switch|p2a: Skeledirge|Skeledirge, M|100/100
|move|p1a: Rillaboom|U-turn|p2a: Skeledirge
|-resisted|p2a: Skeledirge
|-damage|p2a: Skeledirge|96/100
|
|t:|1760777385
|switch|p1a: Heatran|Heatran, F|100/100|[from] U-turn
|
|-heal|p2a: Skeledirge|100/100|[from] Grassy Terrain
|upkeep
|turn|4
|l| sujisuji
|c| nonchalantbufalant|what in the chicken legs is going on with waterpon
|
|t:|1760777405
|switch|p2a: Ogerpon|Ogerpon-Wellspring, F|100/100
|move|p1a: Heatran|Magma Storm|p2a: Ogerpon
|-damage|p2a: Ogerpon|49/100
|-activate|p2a: Ogerpon|move: Magma Storm|[of] p1a: Heatran
|
|-heal|p2a: Ogerpon|55/100|[from] Grassy Terrain
|-damage|p2a: Ogerpon|42/100|[from] move: Magma Storm|[partiallytrapped]
|upkeep
|turn|5
|
|t:|1760777416
|-terastallize|p2a: Ogerpon|Water
|detailschange|p2a: Ogerpon|Ogerpon-Wellspring-Tera, F, tera:Water
|-ability|p2a: Ogerpon|Embody Aspect (Wellspring)|boost
|-boost|p2a: Ogerpon|spd|1
|move|p2a: Ogerpon|Swords Dance|p2a: Ogerpon
|-boost|p2a: Ogerpon|atk|2
|move|p1a: Heatran|Magma Storm|p2a: Ogerpon
|-resisted|p2a: Ogerpon
|-damage|p2a: Ogerpon|25/100
|
|-heal|p2a: Ogerpon|31/100|[from] Grassy Terrain
|-damage|p2a: Ogerpon|19/100|[from] move: Magma Storm|[partiallytrapped]
|upkeep
|turn|6
|
|t:|1760777426
|switch|p1a: Rillaboom|Rillaboom, F, shiny|100/100
|move|p2a: Ogerpon|Ivy Cudgel|p1a: Rillaboom|[anim] Ivy Cudgel Water
|-resisted|p1a: Rillaboom
|-damage|p1a: Rillaboom|20/100
|
|-heal|p2a: Ogerpon|25/100|[from] Grassy Terrain
|-heal|p1a: Rillaboom|26/100|[from] Grassy Terrain
|-end|p2a: Ogerpon|Magma Storm|[partiallytrapped]|[silent]
|upkeep
|turn|7
|
|t:|1760777433
|switch|p2a: Kingambit|Kingambit, M, shiny|100/100
|move|p1a: Rillaboom|Grassy Glide|p2a: Kingambit
|-resisted|p2a: Kingambit
|-damage|p2a: Kingambit|84/100
|
|-heal|p1a: Rillaboom|32/100|[from] Grassy Terrain
|-heal|p2a: Kingambit|90/100|[from] Grassy Terrain
|upkeep
|turn|8
|
|t:|1760777440
|switch|p1a: Great Tusk|Great Tusk, shiny|100/100
|-enditem|p1a: Great Tusk|Booster Energy
|-activate|p1a: Great Tusk|ability: Protosynthesis|[fromitem]
|-start|p1a: Great Tusk|protosynthesisatk
|move|p2a: Kingambit|Low Kick|p1a: Great Tusk
|-damage|p1a: Great Tusk|63/100
|
|-heal|p1a: Great Tusk|70/100|[from] Grassy Terrain
|-heal|p2a: Kingambit|96/100|[from] Grassy Terrain
|upkeep
|turn|9
|
|t:|1760777447
|-end|p2a: Kingambit|fallenundefined|[silent]
|switch|p2a: Gholdengo|Gholdengo|100/100
|-item|p2a: Gholdengo|Air Balloon
|move|p1a: Great Tusk|Ice Spinner|p2a: Gholdengo
|-resisted|p2a: Gholdengo
|-damage|p2a: Gholdengo|80/100
|-enditem|p2a: Gholdengo|Air Balloon
|-fieldend|move: Grassy Terrain
|
|upkeep
|turn|10
|
|t:|1760777456
|switch|p2a: Ribombee|Ribombee, F, shiny|100/100
|move|p1a: Great Tusk|Headlong Rush|p2a: Ribombee
|-resisted|p2a: Ribombee
|-damage|p2a: Ribombee|20/100
|-unboost|p1a: Great Tusk|def|1
|-unboost|p1a: Great Tusk|spd|1
|
|upkeep
|turn|11
|
|t:|1760777463
|-end|p1a: Great Tusk|Protosynthesis|[silent]
|switch|p1a: Heatran|Heatran, F|100/100
|move|p2a: Ribombee|Moonblast|p1a: Heatran
|-resisted|p1a: Heatran
|-damage|p1a: Heatran|92/100
|
|-heal|p1a: Heatran|99/100|[from] item: Leftovers
|upkeep
|turn|12
|
|t:|1760777470
|move|p2a: Ribombee|Sticky Web|p1a: Heatran
|-sidestart|p1: Dook dookie|move: Sticky Web
|move|p1a: Heatran|Stealth Rock|p2a: Ribombee
|-sidestart|p2: AllHailLechuguita|move: Stealth Rock
|
|-heal|p1a: Heatran|100/100|[from] item: Leftovers
|upkeep
|turn|13
|
|t:|1760777476
|move|p2a: Ribombee|Stun Spore|p1a: Heatran
|-status|p1a: Heatran|par
|move|p1a: Heatran|Earth Power|p2a: Ribombee
|-resisted|p2a: Ribombee
|-crit|p2a: Ribombee
|-damage|p2a: Ribombee|0 fnt
|faint|p2a: Ribombee
|
|upkeep
|
|t:|1760777478
|switch|p2a: Great Tusk|Great Tusk, shiny|100/100
|-damage|p2a: Great Tusk|98/100|[from] Stealth Rock
|-enditem|p2a: Great Tusk|Booster Energy
|-activate|p2a: Great Tusk|ability: Protosynthesis|[fromitem]
|-start|p2a: Great Tusk|protosynthesisatk
|turn|14
|
|t:|1760777490
|switch|p1a: Rillaboom|Rillaboom, F, shiny|32/100
|-activate|p1a: Rillaboom|move: Sticky Web
|-unboost|p1a: Rillaboom|spe|1
|-fieldstart|move: Grassy Terrain|[from] ability: Grassy Surge|[of] p1a: Rillaboom
|move|p2a: Great Tusk|Rapid Spin|p1a: Rillaboom
|-crit|p1a: Rillaboom
|-damage|p1a: Rillaboom|0 fnt
|-boost|p2a: Great Tusk|spe|1
|-sideend|p2: AllHailLechuguita|Stealth Rock|[from] move: Rapid Spin|[of] p2a: Great Tusk
|faint|p1a: Rillaboom
|
|-heal|p2a: Great Tusk|100/100|[from] Grassy Terrain
|upkeep
|
|t:|1760777499
|switch|p1a: Serperior|Serperior, F|100/100
|-activate|p1a: Serperior|move: Sticky Web
|-boost|p1a: Serperior|spe|1
|turn|15
|
|t:|1760777512
|-end|p2a: Great Tusk|Protosynthesis|[silent]
|switch|p2a: Skeledirge|Skeledirge, M|100/100
|move|p1a: Serperior|Knock Off|p2a: Skeledirge
|-supereffective|p2a: Skeledirge
|-damage|p2a: Skeledirge|74/100
|-enditem|p2a: Skeledirge|Heavy-Duty Boots|[from] move: Knock Off|[of] p1a: Serperior
|
|-heal|p2a: Skeledirge|80/100|[from] Grassy Terrain
|upkeep
|turn|16
|
|t:|1760777519
|switch|p1a: Heatran|Heatran, F|100/100 par
|-activate|p1a: Heatran|move: Sticky Web
|-unboost|p1a: Heatran|spe|1
|move|p2a: Skeledirge|Torch Song|p1a: Heatran
|-damage|p1a: Heatran|76/100 par
|-boost|p2a: Skeledirge|spa|1
|
|-heal|p2a: Skeledirge|86/100|[from] Grassy Terrain
|-heal|p1a: Heatran|83/100 par|[from] Grassy Terrain
|-heal|p1a: Heatran|89/100 par|[from] item: Leftovers
|upkeep
|turn|17
|
|t:|1760777527
|move|p2a: Skeledirge|Hex|p1a: Heatran
|-damage|p1a: Heatran|36/100 par
|move|p1a: Heatran|Stealth Rock|p2a: Skeledirge
|-sidestart|p2: AllHailLechuguita|move: Stealth Rock
|
|-heal|p2a: Skeledirge|92/100|[from] Grassy Terrain
|-heal|p1a: Heatran|43/100 par|[from] Grassy Terrain
|-heal|p1a: Heatran|49/100 par|[from] item: Leftovers
|upkeep
|turn|18
|
|t:|1760777539
|move|p2a: Skeledirge|Hex|p1a: Heatran
|-damage|p1a: Heatran|0 fnt
|faint|p1a: Heatran
|
|-heal|p2a: Skeledirge|98/100|[from] Grassy Terrain
|upkeep
|
|t:|1760777543
|switch|p1a: Raging Bolt|Raging Bolt|100/100
|-activate|p1a: Raging Bolt|move: Sticky Web
|-unboost|p1a: Raging Bolt|spe|1
|turn|19
|
|t:|1760777552
|switch|p2a: Gholdengo|Gholdengo|80/100
|-damage|p2a: Gholdengo|74/100|[from] Stealth Rock
|move|p1a: Raging Bolt|Thunderbolt|p2a: Gholdengo
|-damage|p2a: Gholdengo|19/100
|
|-heal|p2a: Gholdengo|25/100|[from] Grassy Terrain
|upkeep
|turn|20
|
|t:|1760777560
|switch|p2a: Kingambit|Kingambit, M, shiny|96/100
|-damage|p2a: Kingambit|90/100|[from] Stealth Rock
|-activate|p2a: Kingambit|ability: Supreme Overlord
|-start|p2a: Kingambit|fallen1|[silent]
|move|p1a: Raging Bolt|Calm Mind|p1a: Raging Bolt
|-boost|p1a: Raging Bolt|spa|1
|-boost|p1a: Raging Bolt|spd|1
|
|-heal|p2a: Kingambit|96/100|[from] Grassy Terrain
|upkeep
|turn|21
|
|t:|1760777564
|move|p2a: Kingambit|Low Kick|p1a: Raging Bolt
|-damage|p1a: Raging Bolt|64/100
|move|p1a: Raging Bolt|Thunderbolt|p2a: Kingambit
|-damage|p2a: Kingambit|25/100
|
|-heal|p2a: Kingambit|32/100|[from] Grassy Terrain
|-heal|p1a: Raging Bolt|70/100|[from] Grassy Terrain
|-heal|p1a: Raging Bolt|76/100|[from] item: Leftovers
|-fieldend|move: Grassy Terrain
|upkeep
|turn|22
|
|t:|1760777570
|move|p2a: Kingambit|Low Kick|p1a: Raging Bolt
|-damage|p1a: Raging Bolt|40/100
|move|p1a: Raging Bolt|Thunderbolt|p2a: Kingambit
|-damage|p2a: Kingambit|0 fnt
|faint|p2a: Kingambit
|-end|p2a: Kingambit|fallen1|[silent]
|
|-heal|p1a: Raging Bolt|46/100|[from] item: Leftovers
|upkeep
|
|t:|1760777584
|switch|p2a: Great Tusk|Great Tusk, shiny|100/100
|-damage|p2a: Great Tusk|98/100|[from] Stealth Rock
|turn|23
|
|t:|1760777610
|-end|p1a: Raging Bolt|Protosynthesis|[silent]
|switch|p1a: Serperior|Serperior, F|100/100
|-activate|p1a: Serperior|move: Sticky Web
|-boost|p1a: Serperior|spe|1
|move|p2a: Great Tusk|Ice Spinner|p1a: Serperior
|-supereffective|p1a: Serperior
|-damage|p1a: Serperior|34/100
|
|upkeep
|turn|24
|
|t:|1760777622
|move|p1a: Serperior|Glare|p2a: Great Tusk
|-status|p2a: Great Tusk|par
|move|p2a: Great Tusk|Rapid Spin|p1a: Serperior
|-damage|p1a: Serperior|13/100
|-boost|p2a: Great Tusk|spe|1
|-sideend|p2: AllHailLechuguita|Stealth Rock|[from] move: Rapid Spin|[of] p2a: Great Tusk
|
|upkeep
|turn|25
|
|t:|1760777630
|switch|p1a: Raging Bolt|Raging Bolt|46/100
|-activate|p1a: Raging Bolt|move: Sticky Web
|-unboost|p1a: Raging Bolt|spe|1
|-end|p2a: Great Tusk|Protosynthesis|[silent]
|switch|p2a: Skeledirge|Skeledirge, M|98/100
|
|-heal|p1a: Raging Bolt|52/100|[from] item: Leftovers
|upkeep
|turn|26
|
|t:|1760777641
|move|p2a: Skeledirge|Will-O-Wisp|p1a: Raging Bolt
|-status|p1a: Raging Bolt|brn
|move|p1a: Raging Bolt|Dragon Pulse|p2a: Skeledirge
|-damage|p2a: Skeledirge|69/100
|
|-heal|p1a: Raging Bolt|58/100 brn|[from] item: Leftovers
|-damage|p1a: Raging Bolt|52/100 brn|[from] brn
|upkeep
|turn|27
|
|t:|1760777651
|move|p2a: Skeledirge|Torch Song|p1a: Raging Bolt
|-resisted|p1a: Raging Bolt
|-damage|p1a: Raging Bolt|40/100 brn
|-boost|p2a: Skeledirge|spa|1
|move|p1a: Raging Bolt|Thunderbolt|p2a: Skeledirge
|-damage|p2a: Skeledirge|37/100
|
|-heal|p1a: Raging Bolt|46/100 brn|[from] item: Leftovers
|-damage|p1a: Raging Bolt|40/100 brn|[from] brn
|upkeep
|turn|28
|
|t:|1760777654
|move|p2a: Skeledirge|Slack Off|p2a: Skeledirge
|-heal|p2a: Skeledirge|87/100
|move|p1a: Raging Bolt|Calm Mind|p1a: Raging Bolt
|-boost|p1a: Raging Bolt|spa|1
|-boost|p1a: Raging Bolt|spd|1
|
|-heal|p1a: Raging Bolt|46/100 brn|[from] item: Leftovers
|-damage|p1a: Raging Bolt|40/100 brn|[from] brn
|upkeep
|turn|29
|l|☆Dook dookie
|player|p1|
|inactive|Battle timer is ON: inactive players will automatically lose when time's up. (requested by AllHailLechuguita)
|inactive|Dook dookie has 30 seconds to reconnect!
|inactive|Dook dookie has 20 seconds to reconnect!
|inactive|Dook dookie has 15 seconds to reconnect!
|inactive|Dook dookie has 10 seconds to reconnect!
|inactive|Dook dookie has 5 seconds to reconnect!
|-message|Dook dookie lost due to inactivity.
|
|win|AllHailLechuguita
|raw|Dook dookie's rating: 1673 &rarr; <strong>1644</strong><br />(-29 for losing)
|raw|AllHailLechuguita's rating: 1510 &rarr; <strong>1539</strong><br />(+29 for winning)
|l|☆AllHailLechuguita
|player|p2|
