|j|☆levi6969
|j|☆biplip
|t:|1760727827
|gametype|singles
|player|p1|levi6969|102|1142
|player|p2|biplip|102|1222
|gen|9
|tier|[Gen 9] OU
|rated|
|rule|HP Percentage Mod: HP is shown in percentages
|rule|Endless Battle Clause: Forcing endless battles is banned
|rule|Species Clause: Limit one of each Pokémon
|rule|OHKO Clause: OHKO moves are banned
|rule|Evasion Items Clause: Evasion items are banned
|rule|Evasion Moves Clause: Evasion moves are banned
|rule|Evasion Abilities Clause: Evasion abilities are banned
|rule|Sleep Moves Clause: Sleep-inducing moves are banned
|clearpoke
|poke|p1|Victreebel, F|
|poke|p1|Torkoal, M|
|poke|p1|Raging Bolt|
|poke|p1|Hatterene, F|
|poke|p1|Landorus-Therian, M|
|poke|p1|Darkrai|
|poke|p2|Clodsire, M|
|poke|p2|Dondozo, M|
|poke|p2|Alomomola, F|
|poke|p2|Talonflame, F|
|poke|p2|Toxapex, F|
|poke|p2|Blissey, F|
|teampreview
|inactive|Battle timer is ON: inactive players will automatically lose when time's up. (requested by biplip)
|
|t:|1760727862
|teamsize|p1|6
|teamsize|p2|6
|start
|switch|p1a: Torkoal|Torkoal, M|100/100
|switch|p2a: Clodsire|Clodsire, M|100/100
|-weather|SunnyDay|[from] ability: Drought|[of] p1a: Torkoal
|turn|1
|
|t:|1760727868
|switch|p1a: Hatterene|Hatterene, F, shiny|100/100
|move|p2a: Clodsire|Toxic|p1a: Hatterene
|move|p1a: Hatterene|Toxic|p2a: Clodsire|[from] ability: Magic Bounce
|-immune|p2a: Clodsire
|
|-weather|SunnyDay|[upkeep]
|upkeep
|turn|2
|
|t:|1760727873
|switch|p2a: Blissey|Blissey, F|100/100
|move|p1a: Hatterene|Psychic Noise|p2a: Blissey
|-damage|p2a: Blissey|92/100
|-start|p2a: Blissey|move: Heal Block
|
|-weather|SunnyDay|[upkeep]
|upkeep
|turn|3
|
|t:|1760727880
|switch|p1a: Raging Bolt|Raging Bolt|100/100
|-activate|p1a: Raging Bolt|ability: Protosynthesis
|-start|p1a: Raging Bolt|protosynthesisspa
|move|p2a: Blissey|Seismic Toss|p1a: Raging Bolt
|-damage|p1a: Raging Bolt|75/100
|
|-weather|SunnyDay|[upkeep]
|-end|p2a: Blissey|move: Heal Block
|upkeep
|turn|4
|
|t:|1760727890
|move|p1a: Raging Bolt|Volt Switch|p2a: Blissey
|-damage|p2a: Blissey|78/100
|
|t:|1760727893
|-end|p1a: Raging Bolt|Protosynthesis|[silent]
|switch|p1a: Victreebel|Victreebel, F, shiny|100/100|[from] Volt Switch
|move|p2a: Blissey|Stealth Rock|p1a: Victreebel
|-sidestart|p1: levi6969|move: Stealth Rock
|
|-weather|SunnyDay|[upkeep]
|upkeep
|turn|5
|
|t:|1760727900
|switch|p2a: Talonflame|Talonflame, F|100/100
|move|p1a: Victreebel|Knock Off|p2a: Talonflame
|-damage|p2a: Talonflame|79/100
|-enditem|p2a: Talonflame|Heavy-Duty Boots|[from] move: Knock Off|[of] p1a: Victreebel
|
|-weather|SunnyDay|[upkeep]
|upkeep
|turn|6
|
|t:|1760727908
|switch|p1a: Torkoal|Torkoal, M|100/100
|-damage|p1a: Torkoal|76/100|[from] Stealth Rock
|move|p2a: Talonflame|Will-O-Wisp|p1a: Torkoal
|-immune|p1a: Torkoal
|
|-weather|SunnyDay|[upkeep]
|upkeep
|turn|7
|
|t:|1760727916
|switch|p2a: Toxapex|Toxapex, F|100/100
|move|p1a: Torkoal|Stealth Rock|p2a: Toxapex
|-sidestart|p2: biplip|move: Stealth Rock
|
|-weather|SunnyDay|[upkeep]
|upkeep
|turn|8
|
|t:|1760727923
|move|p2a: Toxapex|Infestation|p1a: Torkoal
|-resisted|p1a: Torkoal
|-damage|p1a: Torkoal|74/100
|-activate|p1a: Torkoal|move: Infestation|[of] p2a: Toxapex
|move|p1a: Torkoal|Rapid Spin|p2a: Toxapex
|-damage|p2a: Toxapex|95/100
|-boost|p1a: Torkoal|spe|1
|-sideend|p1: levi6969|Stealth Rock|[from] move: Rapid Spin|[of] p1a: Torkoal
|-end|p1a: Torkoal|Infestation|[partiallytrapped]
|
|-weather|none
|upkeep
|turn|9
|
|t:|1760727931
|switch|p1a: Hatterene|Hatterene, F, shiny|100/100
|move|p2a: Toxapex|Toxic|p1a: Hatterene
|move|p1a: Hatterene|Toxic|p2a: Toxapex|[from] ability: Magic Bounce
|-immune|p2a: Toxapex
|
|upkeep
|turn|10
|
|t:|1760727937
|move|p1a: Hatterene|Calm Mind|p1a: Hatterene
|-boost|p1a: Hatterene|spa|1
|-boost|p1a: Hatterene|spd|1
|move|p2a: Toxapex|Infestation|p1a: Hatterene
|-crit|p1a: Hatterene
|-damage|p1a: Hatterene|96/100
|-activate|p1a: Hatterene|move: Infestation|[of] p2a: Toxapex
|
|-damage|p1a: Hatterene|83/100|[from] move: Infestation|[partiallytrapped]
|upkeep
|turn|11
|
|t:|1760727946
|switch|p2a: Blissey|Blissey, F|78/100
|move|p1a: Hatterene|Calm Mind|p1a: Hatterene
|-boost|p1a: Hatterene|spa|1
|-boost|p1a: Hatterene|spd|1
|
|-end|p1a: Hatterene|Infestation|[partiallytrapped]|[silent]
|upkeep
|turn|12
|
|t:|1760727950
|move|p2a: Blissey|Seismic Toss|p1a: Hatterene
|-damage|p1a: Hatterene|52/100
|move|p1a: Hatterene|Psychic Noise|p2a: Blissey
|-damage|p2a: Blissey|58/100
|-start|p2a: Blissey|move: Heal Block
|
|upkeep
|turn|13
|
|t:|1760727962
|switch|p1a: Victreebel|Victreebel, F, shiny|100/100
|move|p2a: Blissey|Seismic Toss|p1a: Victreebel
|-damage|p1a: Victreebel|73/100
|-damage|p2a: Blissey|42/100|[from] item: Rocky Helmet|[of] p1a: Victreebel
|
|-end|p2a: Blissey|move: Heal Block
|upkeep
|turn|14
|
|t:|1760727971
|switch|p2a: Toxapex|Toxapex, F|100/100
|move|p1a: Victreebel|Knock Off|p2a: Toxapex
|-damage|p2a: Toxapex|89/100
|-enditem|p2a: Toxapex|Heavy-Duty Boots|[from] move: Knock Off|[of] p1a: Victreebel
|
|upkeep
|turn|15
|
|t:|1760727980
|switch|p1a: Hatterene|Hatterene, F, shiny|52/100
|move|p2a: Toxapex|Infestation|p1a: Hatterene
|-damage|p1a: Hatterene|49/100
|-activate|p1a: Hatterene|move: Infestation|[of] p2a: Toxapex
|
|-damage|p1a: Hatterene|37/100|[from] move: Infestation|[partiallytrapped]
|upkeep
|turn|16
|
|t:|1760728001
|move|p1a: Hatterene|Psychic Noise|p2a: Toxapex
|-supereffective|p2a: Toxapex
|-crit|p2a: Toxapex
|-damage|p2a: Toxapex|6/100
|-start|p2a: Toxapex|move: Heal Block
|move|p2a: Toxapex|Infestation|p1a: Hatterene
|-damage|p1a: Hatterene|34/100
|
|-damage|p1a: Hatterene|22/100|[from] move: Infestation|[partiallytrapped]
|upkeep
|turn|17
|
|t:|1760728015
|switch|p2a: Blissey|Blissey, F|42/100
|move|p1a: Hatterene|Draining Kiss|p2a: Blissey
|-damage|p2a: Blissey|36/100
|-heal|p1a: Hatterene|32/100|[from] drain|[of] p2a: Blissey
|
|-end|p1a: Hatterene|Infestation|[partiallytrapped]|[silent]
|upkeep
|turn|18
|
|t:|1760728023
|move|p2a: Blissey|Stealth Rock|p1a: Hatterene
|move|p1a: Hatterene|Stealth Rock||[from] ability: Magic Bounce|[still]
|-fail|p1a: Hatterene
|move|p1a: Hatterene|Psychic Noise|p2a: Blissey
|-damage|p2a: Blissey|26/100
|-start|p2a: Blissey|move: Heal Block
|
|upkeep
|turn|19
|
|t:|1760728030
|move|p2a: Blissey|Seismic Toss|p1a: Hatterene
|-damage|p1a: Hatterene|0 fnt
|faint|p1a: Hatterene
|
|-end|p2a: Blissey|move: Heal Block
|upkeep
|
|t:|1760728035
|switch|p1a: Victreebel|Victreebel, F, shiny|73/100
|turn|20
|
|t:|1760728044
|switch|p2a: Talonflame|Talonflame, F|79/100
|-damage|p2a: Talonflame|29/100|[from] Stealth Rock
|move|p1a: Victreebel|Knock Off|p2a: Talonflame
|-damage|p2a: Talonflame|15/100
|
|upkeep
|turn|21
|
|t:|1760728059
|switch|p1a: Landorus|Landorus-Therian, M, shiny|100/100
|-ability|p1a: Landorus|Intimidate|boost
|-unboost|p2a: Talonflame|atk|1
|move|p2a: Talonflame|Roost|p2a: Talonflame
|-heal|p2a: Talonflame|65/100
|-singleturn|p2a: Talonflame|move: Roost
|
|upkeep
|turn|22
|
|t:|1760728071
|move|p2a: Talonflame|Will-O-Wisp|p1a: Landorus
|-status|p1a: Landorus|brn
|move|p1a: Landorus|Smack Down|p2a: Talonflame
|-supereffective|p2a: Talonflame
|-damage|p2a: Talonflame|34/100
|-start|p2a: Talonflame|Smack Down
|
|-damage|p1a: Landorus|95/100 brn|[from] brn
|upkeep
|turn|23
|
|t:|1760728083
|move|p2a: Talonflame|Defog|p1a: Landorus
|-unboost|p1a: Landorus|evasion|1
|-sideend|p2: biplip|Stealth Rock|[from] move: Defog|[of] p2a: Talonflame
|move|p1a: Landorus|Smack Down|p2a: Talonflame
|-supereffective|p2a: Talonflame
|-damage|p2a: Talonflame|6/100
|
|-damage|p1a: Landorus|89/100 brn|[from] brn
|upkeep
|turn|24
|
|t:|1760728090
|move|p2a: Talonflame|Roost|p2a: Talonflame
|-heal|p2a: Talonflame|56/100
|-singleturn|p2a: Talonflame|move: Roost
|move|p1a: Landorus|Smack Down|p2a: Talonflame
|-supereffective|p2a: Talonflame
|-damage|p2a: Talonflame|41/100
|
|-damage|p1a: Landorus|83/100 brn|[from] brn
|upkeep
|turn|25
|
|t:|1760728098
|switch|p2a: Toxapex|Toxapex, F|39/100
|move|p1a: Landorus|Smack Down|p2a: Toxapex
|-damage|p2a: Toxapex|35/100
|
|-damage|p1a: Landorus|77/100 brn|[from] brn
|upkeep
|turn|26
|
|t:|1760728104
|switch|p2a: Dondozo|Dondozo, M|100/100
|move|p1a: Landorus|Earth Power|p2a: Dondozo
|-damage|p2a: Dondozo|63/100
|
|-damage|p1a: Landorus|71/100 brn|[from] brn
|upkeep
|turn|27
|
|t:|1760728112
|switch|p2a: Talonflame|Talonflame, F|41/100
|move|p1a: Landorus|Grass Knot|p2a: Talonflame
|-resisted|p2a: Talonflame
|-damage|p2a: Talonflame|37/100
|
|-damage|p1a: Landorus|65/100 brn|[from] brn
|upkeep
|turn|28
|
|t:|1760728120
|move|p2a: Talonflame|Roost|p2a: Talonflame
|-heal|p2a: Talonflame|87/100
|-singleturn|p2a: Talonflame|move: Roost
|move|p1a: Landorus|Smack Down|p2a: Talonflame
|-supereffective|p2a: Talonflame
|-damage|p2a: Talonflame|74/100
|
|-damage|p1a: Landorus|59/100 brn|[from] brn
|upkeep
|turn|29
|
|t:|1760728133
|switch|p2a: Alomomola|Alomomola, F|100/100
|move|p1a: Landorus|Smack Down|p2a: Alomomola
|-damage|p2a: Alomomola|96/100
|
|-damage|p1a: Landorus|53/100 brn|[from] brn
|upkeep
|turn|30
|
|t:|1760728139
|switch|p2a: Talonflame|Talonflame, F|74/100
|move|p1a: Landorus|Earth Power|p2a: Talonflame
|-immune|p2a: Talonflame
|
|-damage|p1a: Landorus|47/100 brn|[from] brn
|upkeep
|turn|31
|
|t:|1760728147
|move|p2a: Talonflame|Flamethrower|p1a: Landorus
|-damage|p1a: Landorus|28/100 brn
|move|p1a: Landorus|Smack Down|p2a: Talonflame
|-supereffective|p2a: Talonflame
|-damage|p2a: Talonflame|46/100
|-start|p2a: Talonflame|Smack Down
|
|-damage|p1a: Landorus|22/100 brn|[from] brn
|upkeep
|turn|32
|
|t:|1760728174
|move|p2a: Talonflame|Flamethrower|p1a: Landorus
|-damage|p1a: Landorus|3/100 brn
|move|p1a: Landorus|U-turn|p2a: Talonflame
|-resisted|p2a: Talonflame
|-damage|p2a: Talonflame|44/100
|
|t:|1760728177
|switch|p1a: Raging Bolt|Raging Bolt|75/100|[from] U-turn
|
|upkeep
|turn|33
|
|t:|1760728201
|switch|p2a: Clodsire|Clodsire, M|100/100
|-terastallize|p1a: Raging Bolt|Ice
|move|p1a: Raging Bolt|Tera Blast|p2a: Clodsire|[anim] Tera Blast Ice
|-supereffective|p2a: Clodsire
|-damage|p2a: Clodsire|56/100
|
|upkeep
|turn|34
|
|t:|1760728212
|-end|p1a: Raging Bolt|Protosynthesis|[silent]
|switch|p1a: Victreebel|Victreebel, F, shiny|73/100
|move|p2a: Clodsire|Toxic|p1a: Victreebel
|-immune|p1a: Victreebel
|
|upkeep
|turn|35
|
|t:|1760728218
|switch|p2a: Talonflame|Talonflame, F|44/100
|move|p1a: Victreebel|Strength Sap|p2a: Talonflame
|-unboost|p2a: Talonflame|atk|1
|-heal|p1a: Victreebel|100/100
|
|upkeep
|turn|36
|
|t:|1760728228
|switch|p1a: Darkrai|Darkrai, shiny|100/100
|move|p2a: Talonflame|Roost|p2a: Talonflame
|-heal|p2a: Talonflame|94/100
|-singleturn|p2a: Talonflame|move: Roost
|
|upkeep
|turn|37
|
|t:|1760728236
|switch|p2a: Toxapex|Toxapex, F|68/100
|move|p1a: Darkrai|Dark Pulse|p2a: Toxapex
|-damage|p2a: Toxapex|12/100
|
|upkeep
|turn|38
|
|t:|1760728250
|switch|p2a: Blissey|Blissey, F|26/100
|move|p1a: Darkrai|Dark Pulse|p2a: Blissey
|-damage|p2a: Blissey|9/100
|
|upkeep
|turn|39
|
|t:|1760728255
|move|p1a: Darkrai|Dark Pulse|p2a: Blissey
|-damage|p2a: Blissey|0 fnt
|faint|p2a: Blissey
|
|upkeep
|
|t:|1760728258
|switch|p2a: Toxapex|Toxapex, F|45/100
|turn|40
|
|t:|1760728267
|switch|p1a: Victreebel|Victreebel, F, shiny|100/100
|-terastallize|p2a: Toxapex|Fairy
|move|p2a: Toxapex|Toxic|p1a: Victreebel
|-immune|p1a: Victreebel
|
|upkeep
|turn|41
|
|t:|1760728276
|switch|p2a: Talonflame|Talonflame, F|94/100
|move|p1a: Victreebel|Strength Sap|p2a: Talonflame
|-unboost|p2a: Talonflame|atk|1
|
|upkeep
|turn|42
|
|t:|1760728283
|switch|p1a: Raging Bolt|Raging Bolt, tera:Ice|75/100
|move|p2a: Talonflame|Flamethrower|p1a: Raging Bolt
|-supereffective|p1a: Raging Bolt
|-damage|p1a: Raging Bolt|32/100
|
|upkeep
|turn|43
|
|t:|1760728291
|switch|p2a: Clodsire|Clodsire, M|56/100
|move|p1a: Raging Bolt|Draco Meteor|p2a: Clodsire
|-damage|p2a: Clodsire|22/100
|-unboost|p1a: Raging Bolt|spa|2
|
|upkeep
|turn|44
|
|t:|1760728307
|-end|p1a: Raging Bolt|Protosynthesis|[silent]
|switch|p1a: Landorus|Landorus-Therian, M, shiny|3/100 brn
|-ability|p1a: Landorus|Intimidate|boost
|-unboost|p2a: Clodsire|atk|1
|move|p2a: Clodsire|Recover|p2a: Clodsire
|-heal|p2a: Clodsire|72/100
|
|-damage|p1a: Landorus|0 fnt|[from] brn
|faint|p1a: Landorus
|upkeep
|
|t:|1760728323
|switch|p1a: Victreebel|Victreebel, F, shiny|100/100
|turn|45
|
|t:|1760728331
|switch|p2a: Talonflame|Talonflame, F|94/100
|move|p1a: Victreebel|Sludge Bomb|p2a: Talonflame
|-damage|p2a: Talonflame|57/100
|-status|p2a: Talonflame|psn
|
|-damage|p2a: Talonflame|45/100 psn|[from] psn
|upkeep
|turn|46
|
|t:|1760728344
|switch|p1a: Torkoal|Torkoal, M|74/100
|-weather|SunnyDay|[from] ability: Drought|[of] p1a: Torkoal
|move|p2a: Talonflame|Flamethrower|p1a: Torkoal
|-resisted|p1a: Torkoal
|-damage|p1a: Torkoal|57/100
|
|-weather|SunnyDay|[upkeep]
|-damage|p2a: Talonflame|32/100 psn|[from] psn
|upkeep
|turn|47
|
|t:|1760728348
|switch|p2a: Alomomola|Alomomola, F|100/100
|move|p1a: Torkoal|Stealth Rock|p2a: Alomomola
|-sidestart|p2: biplip|move: Stealth Rock
|
|-weather|SunnyDay|[upkeep]
|upkeep
|turn|48
|
|t:|1760728354
|switch|p1a: Victreebel|Victreebel, F, shiny|100/100
|move|p2a: Alomomola|Wish|p2a: Alomomola
|
|-weather|SunnyDay|[upkeep]
|upkeep
|turn|49
|
|t:|1760728369
|move|p1a: Victreebel|Knock Off|p2a: Alomomola
|-damage|p2a: Alomomola|89/100
|-enditem|p2a: Alomomola|Heavy-Duty Boots|[from] move: Knock Off|[of] p1a: Victreebel
|move|p2a: Alomomola|Chilling Water|p1a: Victreebel
|-resisted|p1a: Victreebel
|-damage|p1a: Victreebel|98/100
|-unboost|p1a: Victreebel|atk|1
|
|-weather|SunnyDay|[upkeep]
|-heal|p2a: Alomomola|100/100|[from] move: Wish|[wisher] Alomomola
|upkeep
|turn|50
|
|t:|1760728379
|move|p1a: Victreebel|Encore|p2a: Alomomola
|-start|p2a: Alomomola|Encore
|move|p2a: Alomomola|Chilling Water|p1a: Victreebel
|-resisted|p1a: Victreebel
|-damage|p1a: Victreebel|96/100
|-unboost|p1a: Victreebel|atk|1
|
|-weather|SunnyDay|[upkeep]
|upkeep
|turn|51
|
|t:|1760728383
|move|p1a: Victreebel|Strength Sap|p2a: Alomomola
|-unboost|p2a: Alomomola|atk|1
|-heal|p1a: Victreebel|100/100
|move|p2a: Alomomola|Chilling Water|p1a: Victreebel
|-resisted|p1a: Victreebel
|-damage|p1a: Victreebel|98/100
|-unboost|p1a: Victreebel|atk|1
|
|-weather|SunnyDay|[upkeep]
|upkeep
|turn|52
|
|t:|1760728386
|move|p1a: Victreebel|Strength Sap|p2a: Alomomola
|-unboost|p2a: Alomomola|atk|1
|-heal|p1a: Victreebel|100/100
|move|p2a: Alomomola|Chilling Water|p1a: Victreebel
|-resisted|p1a: Victreebel
|-damage|p1a: Victreebel|98/100
|-unboost|p1a: Victreebel|atk|1
|
|-weather|SunnyDay|[upkeep]
|-end|p2a: Alomomola|Encore
|upkeep
|turn|53
|
|t:|1760728393
|switch|p2a: Toxapex|Toxapex, F, tera:Fairy|78/100
|-damage|p2a: Toxapex|66/100|[from] Stealth Rock
|move|p1a: Victreebel|Encore||[still]
|-fail|p1a: Victreebel
|
|-weather|none
|upkeep
|turn|54
|
|t:|1760728402
|switch|p1a: Raging Bolt|Raging Bolt, tera:Ice|32/100
|move|p2a: Toxapex|Toxic|p1a: Raging Bolt
|-status|p1a: Raging Bolt|tox
|
|-damage|p1a: Raging Bolt|26/100 tox|[from] psn
|upkeep
|turn|55
|
|t:|1760728409
|switch|p2a: Clodsire|Clodsire, M|72/100
|move|p1a: Raging Bolt|Thunderbolt|p2a: Clodsire
|-immune|p2a: Clodsire
|
|-damage|p1a: Raging Bolt|14/100 tox|[from] psn
|upkeep
|turn|56
|
|t:|1760728416
|-end|p1a: Raging Bolt|Protosynthesis|[silent]
|switch|p1a: Victreebel|Victreebel, F, shiny|98/100
|move|p2a: Clodsire|Earthquake|p1a: Victreebel
|-damage|p1a: Victreebel|68/100
|
|upkeep
|turn|57
|
|t:|1760728431
|switch|p2a: Toxapex|Toxapex, F, tera:Fairy|99/100
|-damage|p2a: Toxapex|86/100|[from] Stealth Rock
|move|p1a: Victreebel|Knock Off|p2a: Toxapex
|-resisted|p2a: Toxapex
|-crit|p2a: Toxapex
|-damage|p2a: Toxapex|80/100
|
|upkeep
|turn|58
|
|t:|1760728436
|move|p1a: Victreebel|Sludge Bomb|p2a: Toxapex
|-supereffective|p2a: Toxapex
|-damage|p2a: Toxapex|30/100
|-status|p2a: Toxapex|psn
|move|p2a: Toxapex|Infestation|p1a: Victreebel
|-damage|p1a: Victreebel|64/100
|-activate|p1a: Victreebel|move: Infestation|[of] p2a: Toxapex
|-damage|p2a: Toxapex|13/100 psn|[from] item: Rocky Helmet|[of] p1a: Victreebel
|
|-damage|p2a: Toxapex|1/100 psn|[from] psn
|-damage|p1a: Victreebel|52/100|[from] move: Infestation|[partiallytrapped]
|upkeep
|turn|59
|
|t:|1760728449
|move|p1a: Victreebel|Strength Sap|p2a: Toxapex
|-unboost|p2a: Toxapex|atk|1
|-heal|p1a: Victreebel|84/100
|move|p2a: Toxapex|Recover|p2a: Toxapex
|-heal|p2a: Toxapex|51/100 psn
|
|-damage|p2a: Toxapex|38/100 psn|[from] psn
|-damage|p1a: Victreebel|72/100|[from] move: Infestation|[partiallytrapped]
|upkeep
|turn|60
|
|t:|1760728459
|move|p1a: Victreebel|Sludge Bomb|p2a: Toxapex
|-supereffective|p2a: Toxapex
|-damage|p2a: Toxapex|0 fnt
|faint|p2a: Toxapex
|
|-end|p1a: Victreebel|Infestation|[partiallytrapped]|[silent]
|upkeep
|
|t:|1760728462
|switch|p2a: Talonflame|Talonflame, F|32/100 psn
|-damage|p2a: Talonflame|0 fnt|[from] Stealth Rock
|faint|p2a: Talonflame
|
|t:|1760728466
|switch|p2a: Clodsire|Clodsire, M|72/100
|turn|61
|-message|biplip forfeited.
|
|win|levi6969
|raw|levi6969's rating: 1142 &rarr; <strong>1173</strong><br />(+31 for winning)
|raw|biplip's rating: 1222 &rarr; <strong>1191</strong><br />(-31 for losing)
|l|☆biplip
|player|p2|
