|j|☆Dktl
|j|☆azad555
|t:|1760766855
|gametype|singles
|player|p1|Dktl|juan|1387
|player|p2|azad555|170|1461
|gen|9
|tier|[Gen 9] OU
|rated|
|rule|HP Percentage Mod: HP is shown in percentages
|rule|Endless Battle Clause: Forcing endless battles is banned
|rule|Species Clause: Limit one of each Pokémon
|rule|OHKO Clause: OHKO moves are banned
|rule|Evasion Items Clause: Evasion items are banned
|rule|Evasion Moves Clause: Evasion moves are banned
|rule|Evasion Abilities Clause: Evasion abilities are banned
|rule|Sleep Moves Clause: Sleep-inducing moves are banned
|clearpoke
|poke|p1|Sandy Shocks|
|poke|p1|Torkoal, M|
|poke|p1|Hatterene, F|
|poke|p1|Venusaur, M|
|poke|p1|Lilligant-Hisui, F|
|poke|p1|Walking Wake|
|poke|p2|Cinderace, F|
|poke|p2|Serperior, M|
|poke|p2|Kingambit, M|
|poke|p2|Malamar, F|
|poke|p2|Vikavolt, F|
|poke|p2|Milotic, M|
|teampreview
|
|t:|1760766896
|teamsize|p1|6
|teamsize|p2|6
|start
|switch|p1a: 河内恭介|Torkoal, M|100/100
|switch|p2a: Cummer|Vikavolt, F|100/100
|-weather|SunnyDay|[from] ability: Drought|[of] p1a: 河内恭介
|turn|1
|
|t:|1760766923
|move|p2a: Cummer|Sticky Web|p1a: 河内恭介
|-sidestart|p1: Dktl|move: Sticky Web
|move|p1a: 河内恭介|Stealth Rock|p2a: Cummer
|-sidestart|p2: azad555|move: Stealth Rock
|
|-weather|SunnyDay|[upkeep]
|upkeep
|turn|2
|
|t:|1760766950
|move|p2a: Cummer|Bug Buzz|p1a: 河内恭介
|-resisted|p1a: 河内恭介
|-damage|p1a: 河内恭介|72/100
|move|p1a: 河内恭介|Rapid Spin|p2a: Cummer
|-damage|p2a: Cummer|93/100
|-boost|p1a: 河内恭介|spe|1
|-sideend|p1: Dktl|Sticky Web|[from] move: Rapid Spin|[of] p1a: 河内恭介
|
|-weather|SunnyDay|[upkeep]
|upkeep
|turn|3
|
|t:|1760766965
|switch|p1a: Sandy Shocks|Sandy Shocks|100/100
|-activate|p1a: Sandy Shocks|ability: Protosynthesis
|-start|p1a: Sandy Shocks|protosynthesisspa
|-terastallize|p2a: Cummer|Ghost
|move|p2a: Cummer|Sticky Web|p1a: Sandy Shocks
|-sidestart|p1: Dktl|move: Sticky Web
|
|-weather|SunnyDay|[upkeep]
|upkeep
|turn|4
|
|t:|1760766987
|move|p1a: Sandy Shocks|Volt Switch|p2a: Cummer
|-damage|p2a: Cummer|35/100
|inactive|Battle timer is ON: inactive players will automatically lose when time's up. (requested by azad555)
|
|t:|1760767007
|-end|p1a: Sandy Shocks|Protosynthesis|[silent]
|switch|p1a: 诹访原戒|Lilligant-Hisui, F|100/100|[from] Volt Switch
|-activate|p1a: 诹访原戒|move: Sticky Web
|-unboost|p1a: 诹访原戒|spe|1
|move|p2a: Cummer|Energy Ball|p1a: 诹访原戒
|-resisted|p1a: 诹访原戒
|-damage|p1a: 诹访原戒|80/100
|
|-weather|SunnyDay|[upkeep]
|upkeep
|turn|5
|
|t:|1760767022
|move|p1a: 诹访原戒|Triple Axel|p2a: Cummer
|-damage|p2a: Cummer|29/100
|-damage|p2a: Cummer|16/100
|-damage|p2a: Cummer|0 fnt
|faint|p2a: Cummer
|-hitcount|p2: Cummer|3
|-damage|p1a: 诹访原戒|70/100|[from] item: Life Orb
|
|-weather|SunnyDay|[upkeep]
|upkeep
|
|t:|1760767029
|switch|p2a: Surprisedmf|Cinderace, F|100/100
|turn|6
|
|t:|1760767033
|move|p1a: 诹访原戒|Close Combat|p2a: Surprisedmf
|-damage|p2a: Surprisedmf|0 fnt
|-unboost|p1a: 诹访原戒|def|1
|-unboost|p1a: 诹访原戒|spd|1
|faint|p2a: Surprisedmf
|-damage|p1a: 诹访原戒|61/100|[from] item: Life Orb
|
|-weather|SunnyDay|[upkeep]
|upkeep
|
|t:|1760767048
|switch|p2a: Baddie|Milotic, M, shiny|100/100
|-damage|p2a: Baddie|88/100|[from] Stealth Rock
|turn|7
|
|t:|1760767055
|move|p1a: 诹访原戒|Solar Blade||[still]
|-prepare|p1a: 诹访原戒|Solar Blade
|-anim|p1a: 诹访原戒|Solar Blade|p2a: Baddie
|-supereffective|p2a: Baddie
|-damage|p2a: Baddie|0 fnt
|faint|p2a: Baddie
|-damage|p1a: 诹访原戒|51/100|[from] item: Life Orb
|
|-weather|SunnyDay|[upkeep]
|upkeep
|-message|azad555 forfeited.
|
|win|Dktl
|raw|Dktl's rating: 1387 &rarr; <strong>1411</strong><br />(+24 for winning)
|raw|azad555's rating: 1461 &rarr; <strong>1437</strong><br />(-24 for losing)
|l|☆azad555
|player|p2|
|l|☆Dktl
|player|p1|
