|j|☆Shampoogini
|j|☆Simisear's#1fan
|t:|1760883636
|gametype|singles
|player|p1|Shampoogini|169|1534
|player|p2|Simisear's#1fan|cynthia-gen4|1605
|gen|9
|tier|[Gen 9] OU
|rated|
|rule|HP Percentage Mod: HP is shown in percentages
|rule|Endless Battle Clause: Forcing endless battles is banned
|rule|Species Clause: Limit one of each Pokémon
|rule|OHKO Clause: OHKO moves are banned
|rule|Evasion Items Clause: Evasion items are banned
|rule|Evasion Moves Clause: Evasion moves are banned
|rule|Evasion Abilities Clause: Evasion abilities are banned
|rule|Sleep Moves Clause: Sleep-inducing moves are banned
|clearpoke
|poke|p1|Skeledirge, F|
|poke|p1|Clodsire, M|
|poke|p1|Dondozo, M|
|poke|p1|Serperior, F|
|poke|p1|Corviknight, F|
|poke|p1|Grimmsnarl, M|
|poke|p2|Ninetales, F|
|poke|p2|Scovillain, F|
|poke|p2|Walking Wake|
|poke|p2|Hatterene, F|
|poke|p2|Great Tusk|
|poke|p2|Scizor, M|
|teampreview
|
|t:|1760883661
|teamsize|p1|6
|teamsize|p2|6
|start
|switch|p1a: Grimmsnarl|Grimmsnarl, M|100/100
|switch|p2a: Ninetales|Ninetales, F|100/100
|-weather|SunnyDay|[from] ability: Drought|[of] p2a: Ninetales
|turn|1
|inactive|Battle timer is ON: inactive players will automatically lose when time's up. (requested by Shampoogini)
|
|t:|1760883668
|move|p1a: Grimmsnarl|Light Screen|p1a: Grimmsnarl
|-sidestart|p1: Shampoogini|move: Light Screen
|move|p2a: Ninetales|Weather Ball|p1a: Grimmsnarl
|-damage|p1a: Grimmsnarl|79/100
|
|-weather|SunnyDay|[upkeep]
|upkeep
|turn|2
|
|t:|1760883677
|switch|p2a: Great Tusk|Great Tusk|100/100
|-activate|p2a: Great Tusk|ability: Protosynthesis
|-start|p2a: Great Tusk|protosynthesisspe
|move|p1a: Grimmsnarl|Reflect|p1a: Grimmsnarl
|-sidestart|p1: Shampoogini|Reflect
|
|-weather|SunnyDay|[upkeep]
|upkeep
|turn|3
|
|t:|1760883696
|move|p1a: Grimmsnarl|Parting Shot|p2a: Great Tusk
|-unboost|p2a: Great Tusk|atk|1
|-unboost|p2a: Great Tusk|spa|1
|
|t:|1760883699
|switch|p1a: Snek|Serperior, F|100/100|[from] Parting Shot
|move|p2a: Great Tusk|Stealth Rock|p1a: Snek
|-sidestart|p1: Shampoogini|move: Stealth Rock
|
|-weather|SunnyDay|[upkeep]
|upkeep
|turn|4
|
|t:|1760883703
|-end|p2a: Great Tusk|Protosynthesis|[silent]
|switch|p2a: Scizor|Scizor, M|100/100
|move|p1a: Snek|Leaf Storm|p2a: Scizor
|-resisted|p2a: Scizor
|-damage|p2a: Scizor|89/100
|-boost|p1a: Snek|spa|2
|
|-weather|SunnyDay|[upkeep]
|upkeep
|turn|5
|
|t:|1760883707
|move|p1a: Snek|Glare|p2a: Scizor
|-status|p2a: Scizor|par
|move|p2a: Scizor|U-turn|p1a: Snek
|-supereffective|p1a: Snek
|-damage|p1a: Snek|44/100
|
|t:|1760883714
|switch|p2a: Scovillain|Scovillain, F|100/100|[from] U-turn
|
|-weather|SunnyDay|[upkeep]
|-heal|p1a: Snek|50/100|[from] item: Leftovers
|upkeep
|turn|6
|
|t:|1760883720
|move|p2a: Scovillain|Flamethrower|p1a: Snek
|-supereffective|p1a: Snek
|-damage|p1a: Snek|0 fnt
|faint|p1a: Snek
|-damage|p2a: Scovillain|91/100|[from] item: Life Orb
|
|-weather|SunnyDay|[upkeep]
|upkeep
|
|t:|1760883724
|switch|p1a: Skeledirge|Skeledirge, F|100/100
|-damage|p1a: Skeledirge|75/100|[from] Stealth Rock
|turn|7
|
|t:|1760883729
|switch|p2a: Walking Wake|Walking Wake|100/100
|-activate|p2a: Walking Wake|ability: Protosynthesis
|-start|p2a: Walking Wake|protosynthesisspe
|move|p1a: Skeledirge|Shadow Ball|p2a: Walking Wake
|-damage|p2a: Walking Wake|63/100
|
|-weather|SunnyDay|[upkeep]
|-heal|p1a: Skeledirge|82/100|[from] item: Leftovers
|upkeep
|turn|8
|
|t:|1760883735
|-terastallize|p1a: Skeledirge|Flying
|move|p2a: Walking Wake|Hydro Steam|p1a: Skeledirge
|-damage|p1a: Skeledirge|50/100
|move|p1a: Skeledirge|Shadow Ball|p2a: Walking Wake
|-damage|p2a: Walking Wake|29/100
|
|-weather|none
|-end|p2a: Walking Wake|Protosynthesis
|-heal|p1a: Skeledirge|56/100|[from] item: Leftovers
|-sideend|p1: Shampoogini|move: Light Screen
|upkeep
|turn|9
|
|t:|1760883746
|-end|p2a: Walking Wake|Protosynthesis|[silent]
|switch|p2a: Ninetales|Ninetales, F|100/100
|-weather|SunnyDay|[from] ability: Drought|[of] p2a: Ninetales
|move|p1a: Skeledirge|Slack Off|p1a: Skeledirge
|-heal|p1a: Skeledirge|100/100
|
|-weather|SunnyDay|[upkeep]
|-sideend|p1: Shampoogini|Reflect
|upkeep
|turn|10
|
|t:|1760883749
|move|p2a: Ninetales|Encore|p1a: Skeledirge
|-start|p1a: Skeledirge|Encore
|move|p1a: Skeledirge|Slack Off||[still]
|-fail|p1a: Skeledirge|heal
|
|-weather|SunnyDay|[upkeep]
|upkeep
|turn|11
|
|t:|1760883756
|switch|p2a: Scovillain|Scovillain, F|91/100
|switch|p1a: Grimmsnarl|Grimmsnarl, M|79/100
|-damage|p1a: Grimmsnarl|67/100|[from] Stealth Rock
|
|-weather|SunnyDay|[upkeep]
|upkeep
|turn|12
|
|t:|1760883760
|move|p1a: Grimmsnarl|Light Screen|p1a: Grimmsnarl
|-sidestart|p1: Shampoogini|move: Light Screen
|move|p2a: Scovillain|Flamethrower|p1a: Grimmsnarl
|-damage|p1a: Grimmsnarl|24/100
|-damage|p2a: Scovillain|81/100|[from] item: Life Orb
|
|-weather|SunnyDay|[upkeep]
|upkeep
|turn|13
|
|t:|1760883764
|move|p1a: Grimmsnarl|Reflect|p1a: Grimmsnarl
|-sidestart|p1: Shampoogini|Reflect
|move|p2a: Scovillain|Flamethrower|p1a: Grimmsnarl
|-damage|p1a: Grimmsnarl|0 fnt
|faint|p1a: Grimmsnarl
|-damage|p2a: Scovillain|71/100|[from] item: Life Orb
|
|-weather|SunnyDay|[upkeep]
|upkeep
|
|t:|1760883766
|switch|p1a: Skeledirge|Skeledirge, F, tera:Flying|100/100
|-damage|p1a: Skeledirge|75/100|[from] Stealth Rock
|turn|14
|
|t:|1760883771
|switch|p2a: Scizor|Scizor, M|89/100 par
|move|p1a: Skeledirge|Torch Song|p2a: Scizor
|-supereffective|p2a: Scizor
|-damage|p2a: Scizor|0 fnt
|-boost|p1a: Skeledirge|spa|1
|faint|p2a: Scizor
|
|-weather|SunnyDay|[upkeep]
|-heal|p1a: Skeledirge|82/100|[from] item: Leftovers
|upkeep
|
|t:|1760883777
|switch|p2a: Walking Wake|Walking Wake|29/100
|-activate|p2a: Walking Wake|ability: Protosynthesis
|-start|p2a: Walking Wake|protosynthesisspe
|turn|15
|
|t:|1760883781
|move|p2a: Walking Wake|Hydro Steam|p1a: Skeledirge
|-damage|p1a: Skeledirge|47/100
|move|p1a: Skeledirge|Shadow Ball|p2a: Walking Wake
|-damage|p2a: Walking Wake|0 fnt
|faint|p2a: Walking Wake
|-end|p2a: Walking Wake|Protosynthesis|[silent]
|
|-weather|SunnyDay|[upkeep]
|-heal|p1a: Skeledirge|53/100|[from] item: Leftovers
|upkeep
|
|t:|1760883799
|switch|p2a: Great Tusk|Great Tusk|100/100
|-activate|p2a: Great Tusk|ability: Protosynthesis
|-start|p2a: Great Tusk|protosynthesisspe
|turn|16
|
|t:|1760883802
|move|p2a: Great Tusk|Ice Spinner|p1a: Skeledirge
|-supereffective|p1a: Skeledirge
|-damage|p1a: Skeledirge|34/100
|move|p1a: Skeledirge|Slack Off|p1a: Skeledirge
|-heal|p1a: Skeledirge|84/100
|
|-weather|none
|-end|p2a: Great Tusk|Protosynthesis
|-heal|p1a: Skeledirge|90/100|[from] item: Leftovers
|upkeep
|turn|17
|
|t:|1760883812
|-end|p2a: Great Tusk|Protosynthesis|[silent]
|switch|p2a: Ninetales|Ninetales, F|100/100
|-weather|SunnyDay|[from] ability: Drought|[of] p2a: Ninetales
|move|p1a: Skeledirge|Torch Song|p2a: Ninetales
|-resisted|p2a: Ninetales
|-damage|p2a: Ninetales|68/100
|-boost|p1a: Skeledirge|spa|1
|
|-weather|SunnyDay|[upkeep]
|-heal|p1a: Skeledirge|96/100|[from] item: Leftovers
|upkeep
|turn|18
|
|t:|1760883819
|move|p2a: Ninetales|Encore|p1a: Skeledirge
|-start|p1a: Skeledirge|Encore
|move|p1a: Skeledirge|Torch Song|p2a: Ninetales
|-resisted|p2a: Ninetales
|-damage|p2a: Ninetales|26/100
|-boost|p1a: Skeledirge|spa|1
|
|-weather|SunnyDay|[upkeep]
|-heal|p1a: Skeledirge|100/100|[from] item: Leftovers
|upkeep
|turn|19
|
|t:|1760883825
|move|p2a: Ninetales|Weather Ball|p1a: Skeledirge
|-damage|p1a: Skeledirge|84/100
|move|p1a: Skeledirge|Torch Song|p2a: Ninetales
|-resisted|p2a: Ninetales
|-damage|p2a: Ninetales|0 fnt
|-boost|p1a: Skeledirge|spa|1
|faint|p2a: Ninetales
|
|-weather|SunnyDay|[upkeep]
|-heal|p1a: Skeledirge|90/100|[from] item: Leftovers
|-sideend|p1: Shampoogini|move: Light Screen
|upkeep
|
|t:|1760883828
|switch|p2a: Scovillain|Scovillain, F|71/100
|turn|20
|
|t:|1760883831
|-terastallize|p2a: Scovillain|Fire
|move|p2a: Scovillain|Flamethrower|p1a: Skeledirge
|-damage|p1a: Skeledirge|15/100
|-damage|p2a: Scovillain|61/100|[from] item: Life Orb
|move|p1a: Skeledirge|Torch Song|p2a: Scovillain
|-resisted|p2a: Scovillain
|-damage|p2a: Scovillain|0 fnt
|-boost|p1a: Skeledirge|spa|1
|faint|p2a: Scovillain
|
|-weather|SunnyDay|[upkeep]
|-heal|p1a: Skeledirge|21/100|[from] item: Leftovers
|-end|p1a: Skeledirge|Encore
|-sideend|p1: Shampoogini|Reflect
|upkeep
|
|t:|1760883839
|switch|p2a: Great Tusk|Great Tusk|100/100
|-activate|p2a: Great Tusk|ability: Protosynthesis
|-start|p2a: Great Tusk|protosynthesisspe
|turn|21
|
|t:|1760883841
|move|p2a: Great Tusk|Ice Spinner|p1a: Skeledirge
|-supereffective|p1a: Skeledirge
|-damage|p1a: Skeledirge|0 fnt
|faint|p1a: Skeledirge
|
|-weather|SunnyDay|[upkeep]
|upkeep
|
|t:|1760883846
|switch|p1a: Dondozo|Dondozo, M|100/100
|-damage|p1a: Dondozo|88/100|[from] Stealth Rock
|turn|22
|
|t:|1760883850
|-end|p2a: Great Tusk|Protosynthesis|[silent]
|switch|p2a: Hatterene|Hatterene, F|100/100
|move|p1a: Dondozo|Curse|p1a: Dondozo
|-unboost|p1a: Dondozo|spe|1
|-boost|p1a: Dondozo|atk|1
|-boost|p1a: Dondozo|def|1
|
|-weather|SunnyDay|[upkeep]
|-heal|p1a: Dondozo|94/100|[from] item: Leftovers
|upkeep
|turn|23
|
|t:|1760883853
|move|p2a: Hatterene|Psychic Noise|p1a: Dondozo
|-damage|p1a: Dondozo|72/100
|-start|p1a: Dondozo|move: Heal Block
|move|p1a: Dondozo|Curse|p1a: Dondozo
|-unboost|p1a: Dondozo|spe|1
|-boost|p1a: Dondozo|atk|1
|-boost|p1a: Dondozo|def|1
|
|-weather|SunnyDay|[upkeep]
|upkeep
|turn|24
|
|t:|1760883857
|move|p2a: Hatterene|Dazzling Gleam|p1a: Dondozo
|-damage|p1a: Dondozo|49/100
|move|p1a: Dondozo|Curse|p1a: Dondozo
|-unboost|p1a: Dondozo|spe|1
|-boost|p1a: Dondozo|atk|1
|-boost|p1a: Dondozo|def|1
|
|-weather|none
|-end|p1a: Dondozo|move: Heal Block
|upkeep
|turn|25
|
|t:|1760883860
|move|p2a: Hatterene|Dazzling Gleam|p1a: Dondozo
|-damage|p1a: Dondozo|25/100
|move|p1a: Dondozo|Waterfall|p2a: Hatterene
|-damage|p2a: Hatterene|39/100
|-enditem|p2a: Hatterene|Eject Button
|
|t:|1760883863
|switch|p2a: Great Tusk|Great Tusk|100/100
|
|-heal|p1a: Dondozo|31/100|[from] item: Leftovers
|upkeep
|turn|26
|-message|Simisear's#1fan forfeited.
|
|win|Shampoogini
|raw|Shampoogini's rating: 1534 &rarr; <strong>1558</strong><br />(+24 for winning)
|raw|Simisear&apos;s#1fan's rating: 1605 &rarr; <strong>1581</strong><br />(-24 for losing)
|l|☆Simisear's#1fan
|player|p2|
|l|☆Shampoogini
|player|p1|
