|j|☆ezor_t
|j|☆Yoknowjoegay
|t:|1760867230
|gametype|singles
|player|p1|ezor_t|gambler|1332
|player|p2|Yoknowjoegay|170|1349
|gen|9
|tier|[Gen 9] OU
|rated|
|rule|HP Percentage Mod: HP is shown in percentages
|rule|Endless Battle Clause: Forcing endless battles is banned
|rule|Species Clause: Limit one of each Pokémon
|rule|OHKO Clause: OHKO moves are banned
|rule|Evasion Items Clause: Evasion items are banned
|rule|Evasion Moves Clause: Evasion moves are banned
|rule|Evasion Abilities Clause: Evasion abilities are banned
|rule|Sleep Moves Clause: Sleep-inducing moves are banned
|clearpoke
|poke|p1|Wo-Chien|
|poke|p1|Cinderace, M|
|poke|p1|Hatterene, F|
|poke|p1|Dragonite, M|
|poke|p1|Deoxys-Speed|
|poke|p1|Ogerpon-Wellspring, F|
|poke|p2|Dusclops, M|
|poke|p2|Kingambit, F|
|poke|p2|Thundurus-Therian, M|
|poke|p2|Great Tusk|
|poke|p2|Ogerpon-Wellspring, F|
|poke|p2|Regidrago|
|teampreview
|inactive|Battle timer is ON: inactive players will automatically lose when time's up. (requested by Yoknowjoegay)
|inactive|ezor_t also wants the timer to be on.
|
|t:|1760867253
|teamsize|p1|6
|teamsize|p2|6
|start
|switch|p1a: Cinderace|Cinderace, M|100/100
|switch|p2a: Ogerpon|Ogerpon-Wellspring, F|100/100
|turn|1
|
|t:|1760867261
|move|p1a: Cinderace|U-turn|p2a: Ogerpon
|-start|p1a: Cinderace|typechange|Bug|[from] ability: Libero
|-supereffective|p2a: Ogerpon
|-damage|p2a: Ogerpon|11/100
|
|t:|1760867271
|switch|p1a: Ogerpon|Ogerpon-Wellspring, F|100/100|[from] U-turn
|move|p2a: Ogerpon|U-turn|p1a: Ogerpon
|-supereffective|p1a: Ogerpon
|-damage|p1a: Ogerpon|27/100
|
|t:|1760867293
|switch|p2a: Regidrago|Regidrago|100/100|[from] U-turn
|
|upkeep
|turn|2
|
|t:|1760867299
|move|p2a: Regidrago|Dragon Pulse|p1a: Ogerpon
|-damage|p1a: Ogerpon|0 fnt
|faint|p1a: Ogerpon
|
|upkeep
|
|t:|1760867312
|switch|p1a: Hatterene|Hatterene, F, shiny|100/100
|turn|3
|
|t:|1760867317
|switch|p2a: Ogerpon|Ogerpon-Wellspring, F|11/100
|move|p1a: Hatterene|Nuzzle|p2a: Ogerpon
|-damage|p2a: Ogerpon|5/100
|-status|p2a: Ogerpon|par
|
|upkeep
|turn|4
|
|t:|1760867332
|switch|p1a: Cinderace|Cinderace, M|100/100
|move|p2a: Ogerpon|Ivy Cudgel|p1a: Cinderace|[anim] Ivy Cudgel Water
|-supereffective|p1a: Cinderace
|-damage|p1a: Cinderace|0 fnt
|faint|p1a: Cinderace
|
|upkeep
|
|t:|1760867345
|switch|p1a: Deoxys|Deoxys-Speed|100/100
|-ability|p1a: Deoxys|Pressure
|turn|5
|
|t:|1760867351
|move|p1a: Deoxys|Stealth Rock|p2a: Ogerpon
|-sidestart|p2: Yoknowjoegay|move: Stealth Rock
|move|p2a: Ogerpon|Ivy Cudgel|p1a: Deoxys|[anim] Ivy Cudgel Water
|-damage|p1a: Deoxys|10/100
|
|upkeep
|turn|6
|
|t:|1760867357
|move|p1a: Deoxys|Ice Beam|p2a: Ogerpon
|-damage|p2a: Ogerpon|0 fnt
|faint|p2a: Ogerpon
|-damage|p1a: Deoxys|0 fnt|[from] item: Life Orb
|faint|p1a: Deoxys
|
|upkeep
|inactive|ezor_t has 120 seconds left.
|
|t:|1760867389
|switch|p1a: Hatterene|Hatterene, F, shiny|100/100
|switch|p2a: Thundurus|Thundurus-Therian, M|100/100
|turn|7
|
|t:|1760867395
|move|p2a: Thundurus|Volt Switch|p1a: Hatterene
|-damage|p1a: Hatterene|59/100
|-enditem|p1a: Hatterene|Eject Button
|
|t:|1760867399
|switch|p1a: Wo-Chien|Wo-Chien, shiny|100/100
|-ability|p1a: Wo-Chien|Tablets of Ruin
|
|upkeep
|turn|8
|
|t:|1760867404
|move|p2a: Thundurus|Sludge Bomb|p1a: Wo-Chien
|-supereffective|p1a: Wo-Chien
|-damage|p1a: Wo-Chien|62/100
|move|p1a: Wo-Chien|Leech Seed|p2a: Thundurus
|-start|p2a: Thundurus|move: Leech Seed
|
|-heal|p1a: Wo-Chien|69/100|[from] item: Leftovers
|-damage|p2a: Thundurus|88/100|[from] Leech Seed|[of] p1a: Wo-Chien
|-heal|p1a: Wo-Chien|79/100|[silent]
|upkeep
|turn|9
|
|t:|1760867416
|move|p2a: Thundurus|Sludge Bomb|p1a: Wo-Chien
|-supereffective|p1a: Wo-Chien
|-damage|p1a: Wo-Chien|38/100
|move|p1a: Wo-Chien|Knock Off|p2a: Thundurus
|-damage|p2a: Thundurus|47/100
|-enditem|p2a: Thundurus|Heavy-Duty Boots|[from] move: Knock Off|[of] p1a: Wo-Chien
|
|-heal|p1a: Wo-Chien|44/100|[from] item: Leftovers
|-damage|p2a: Thundurus|34/100|[from] Leech Seed|[of] p1a: Wo-Chien
|-heal|p1a: Wo-Chien|54/100|[silent]
|upkeep
|turn|10
|
|t:|1760867426
|move|p2a: Thundurus|Sludge Bomb|p1a: Wo-Chien
|-supereffective|p1a: Wo-Chien
|-damage|p1a: Wo-Chien|17/100
|-status|p1a: Wo-Chien|psn
|move|p1a: Wo-Chien|Giga Drain|p2a: Thundurus
|-resisted|p2a: Thundurus
|-damage|p2a: Thundurus|19/100
|-heal|p1a: Wo-Chien|23/100 psn|[from] drain|[of] p2a: Thundurus
|
|-heal|p1a: Wo-Chien|29/100 psn|[from] item: Leftovers
|-damage|p2a: Thundurus|6/100|[from] Leech Seed|[of] p1a: Wo-Chien
|-heal|p1a: Wo-Chien|39/100 psn|[silent]
|-damage|p1a: Wo-Chien|27/100 psn|[from] psn
|upkeep
|turn|11
|
|t:|1760867438
|move|p2a: Thundurus|Sludge Bomb|p1a: Wo-Chien
|-supereffective|p1a: Wo-Chien
|-damage|p1a: Wo-Chien|0 fnt
|faint|p1a: Wo-Chien
|
|upkeep
|
|t:|1760867452
|switch|p1a: Dragonite|Dragonite, M|100/100
|turn|12
|
|t:|1760867460
|move|p1a: Dragonite|Extreme Speed|p2a: Thundurus
|-damage|p2a: Thundurus|0 fnt
|faint|p2a: Thundurus
|
|upkeep
|
|t:|1760867464
|switch|p2a: Great Tusk|Great Tusk|100/100
|-damage|p2a: Great Tusk|98/100|[from] Stealth Rock
|turn|13
|
|t:|1760867471
|switch|p1a: Hatterene|Hatterene, F, shiny|59/100
|move|p2a: Great Tusk|Knock Off|p1a: Hatterene
|-damage|p1a: Hatterene|43/100
|
|-heal|p2a: Great Tusk|100/100|[from] item: Leftovers
|upkeep
|turn|14
|
|t:|1760867480
|move|p2a: Great Tusk|Earthquake|p1a: Hatterene
|-damage|p1a: Hatterene|5/100
|move|p1a: Hatterene|Draining Kiss|p2a: Great Tusk
|-supereffective|p2a: Great Tusk
|-damage|p2a: Great Tusk|42/100
|-heal|p1a: Hatterene|64/100|[from] drain|[of] p2a: Great Tusk
|
|-heal|p2a: Great Tusk|49/100|[from] item: Leftovers
|upkeep
|turn|15
|
|t:|1760867489
|-end|p2a: Great Tusk|Protosynthesis|[silent]
|switch|p2a: Kingambit|Kingambit, F, shiny|100/100
|-damage|p2a: Kingambit|94/100|[from] Stealth Rock
|-activate|p2a: Kingambit|ability: Supreme Overlord
|-start|p2a: Kingambit|fallen2|[silent]
|move|p1a: Hatterene|Draining Kiss|p2a: Kingambit
|-damage|p2a: Kingambit|72/100
|-heal|p1a: Hatterene|85/100|[from] drain|[of] p2a: Kingambit
|
|upkeep
|turn|16
|
|t:|1760867500
|move|p2a: Kingambit|Iron Head|p1a: Hatterene
|-supereffective|p1a: Hatterene
|-damage|p1a: Hatterene|0 fnt
|faint|p1a: Hatterene
|
|upkeep
|
|t:|1760867505
|switch|p1a: Dragonite|Dragonite, M|100/100
|turn|17
|
|t:|1760867510
|move|p1a: Dragonite|Earthquake|p2a: Kingambit
|-supereffective|p2a: Kingambit
|-damage|p2a: Kingambit|16/100
|move|p2a: Kingambit|Kowtow Cleave|p1a: Dragonite
|-damage|p1a: Dragonite|61/100
|
|upkeep
|turn|18
|
|t:|1760867519
|move|p2a: Kingambit|Sucker Punch|p1a: Dragonite
|-damage|p1a: Dragonite|0 fnt
|faint|p1a: Dragonite
|
|win|Yoknowjoegay
|raw|ezor_t's rating: 1332 &rarr; <strong>1313</strong><br />(-19 for losing)
|raw|Yoknowjoegay's rating: 1349 &rarr; <strong>1368</strong><br />(+19 for winning)
|l|☆ezor_t
|player|p1|
|l|☆Yoknowjoegay
|player|p2|
