|j|☆levi6969
|j|☆wenniao
|t:|1760746503
|gametype|singles
|player|p1|levi6969|102|1243
|player|p2|wenniao|170|1239
|gen|9
|tier|[Gen 9] OU
|rated|
|rule|HP Percentage Mod: HP is shown in percentages
|rule|Endless Battle Clause: Forcing endless battles is banned
|rule|Species Clause: Limit one of each Pokémon
|rule|OHKO Clause: OHKO moves are banned
|rule|Evasion Items Clause: Evasion items are banned
|rule|Evasion Moves Clause: Evasion moves are banned
|rule|Evasion Abilities Clause: Evasion abilities are banned
|rule|Sleep Moves Clause: Sleep-inducing moves are banned
|clearpoke
|poke|p1|Avalugg-Hisui, M|
|poke|p1|Sandy Shocks|
|poke|p1|Samurott-Hisui, F|
|poke|p1|Iron Crown|
|poke|p1|Enamorus, F|
|poke|p1|Amoonguss, F|
|poke|p2|Dondozo, M|
|poke|p2|Blissey, F|
|poke|p2|Corviknight, F|
|poke|p2|Weezing-Galar, F|
|poke|p2|Gliscor, M|
|poke|p2|Toxapex, M|
|teampreview
|inactive|Battle timer is ON: inactive players will automatically lose when time's up. (requested by wenniao)
|
|t:|1760746513
|teamsize|p1|6
|teamsize|p2|6
|start
|switch|p1a: Samurott|Samurott-Hisui, F|100/100
|switch|p2a: Toxapex|Toxapex, M|100/100
|turn|1
|
|t:|1760746520
|switch|p1a: Amoonguss|Amoonguss, F|100/100
|move|p2a: Toxapex|Toxic Spikes|p1a: Amoonguss
|-sidestart|p1: levi6969|move: Toxic Spikes
|
|upkeep
|turn|2
|
|t:|1760746547
|switch|p1a: Iron Crown|Iron Crown|100/100
|move|p2a: Toxapex|Toxic Spikes|p1a: Iron Crown
|-sidestart|p1: levi6969|move: Toxic Spikes
|
|upkeep
|turn|3
|inactive|wenniao has 120 seconds left.
|
|t:|1760746571
|switch|p2a: Blissey|Blissey, F|100/100
|move|p1a: Iron Crown|Psychic Noise|p2a: Blissey
|-damage|p2a: Blissey|84/100
|-start|p2a: Blissey|move: Heal Block
|
|upkeep
|turn|4
|inactive|wenniao has 120 seconds left.
|
|t:|1760746581
|-end|p1a: Iron Crown|Quark Drive|[silent]
|switch|p1a: Amoonguss|Amoonguss, F|100/100
|-sideend|p1: levi6969|move: Toxic Spikes|[of] p1a: Amoonguss
|move|p2a: Blissey|Stealth Rock|p1a: Amoonguss
|-sidestart|p1: levi6969|move: Stealth Rock
|
|-end|p2a: Blissey|move: Heal Block
|upkeep
|turn|5
|
|t:|1760746599
|switch|p1a: Avalugg|Avalugg-Hisui, M, shiny|100/100
|move|p2a: Blissey|Seismic Toss|p1a: Avalugg
|-damage|p1a: Avalugg|75/100
|
|-heal|p2a: Blissey|91/100|[from] item: Leftovers
|upkeep
|turn|6
|
|t:|1760746609
|switch|p2a: Dondozo|Dondozo, M|100/100
|move|p1a: Avalugg|Rapid Spin|p2a: Dondozo
|-damage|p2a: Dondozo|93/100
|-boost|p1a: Avalugg|spe|1
|-sideend|p1: levi6969|Stealth Rock|[from] move: Rapid Spin|[of] p1a: Avalugg
|
|-heal|p2a: Dondozo|99/100|[from] item: Leftovers
|upkeep
|turn|7
|
|t:|1760746623
|switch|p1a: Sandy Shocks|Sandy Shocks, shiny|100/100
|move|p2a: Dondozo|Body Press|p1a: Sandy Shocks
|-damage|p1a: Sandy Shocks|76/100
|
|-heal|p2a: Dondozo|100/100|[from] item: Leftovers
|upkeep
|turn|8
|
|t:|1760746633
|-end|p1a: Sandy Shocks|Protosynthesis|[silent]
|switch|p1a: Samurott|Samurott-Hisui, F|100/100
|move|p2a: Dondozo|Avalanche|p1a: Samurott
|-resisted|p1a: Samurott
|-crit|p1a: Samurott
|-damage|p1a: Samurott|86/100
|
|upkeep
|turn|9
|
|t:|1760746639
|move|p1a: Samurott|Knock Off|p2a: Dondozo
|-damage|p2a: Dondozo|80/100
|-enditem|p2a: Dondozo|Leftovers|[from] move: Knock Off|[of] p1a: Samurott
|move|p2a: Dondozo|Body Press|p1a: Samurott
|-supereffective|p1a: Samurott
|-damage|p1a: Samurott|14/100
|
|upkeep
|turn|10
|
|t:|1760746656
|switch|p1a: Enamorus|Enamorus, F|100/100
|move|p2a: Dondozo|Body Press|p1a: Enamorus
|-resisted|p1a: Enamorus
|-damage|p1a: Enamorus|90/100
|-start|p2a: Dondozo|Attract|[from] ability: Cute Charm|[of] p1a: Enamorus
|
|-heal|p1a: Enamorus|96/100|[from] item: Leftovers
|upkeep
|turn|11
|
|t:|1760746674
|switch|p1a: Iron Crown|Iron Crown|100/100
|-end|p2a: Dondozo|Attract|[silent]
|move|p2a: Dondozo|Avalanche|p1a: Iron Crown
|-resisted|p1a: Iron Crown
|-damage|p1a: Iron Crown|93/100
|
|upkeep
|turn|12
|
|t:|1760746681
|switch|p2a: Blissey|Blissey, F|91/100
|move|p1a: Iron Crown|Volt Switch|p2a: Blissey
|-damage|p2a: Blissey|79/100
|
|t:|1760746694
|-end|p1a: Iron Crown|Quark Drive|[silent]
|switch|p1a: Samurott|Samurott-Hisui, F|14/100|[from] Volt Switch
|
|-heal|p2a: Blissey|86/100|[from] item: Leftovers
|upkeep
|turn|13
|
|t:|1760746699
|switch|p2a: Weezing|Weezing-Galar, F|100/100
|-ability|p2a: Weezing|Neutralizing Gas
|move|p1a: Samurott|Sacred Sword|p2a: Weezing
|-resisted|p2a: Weezing
|-damage|p2a: Weezing|96/100
|
|upkeep
|turn|14
|
|t:|1760746710
|switch|p1a: Amoonguss|Amoonguss, F|100/100
|move|p2a: Weezing|Strange Steam|p1a: Amoonguss
|-resisted|p1a: Amoonguss
|-damage|p1a: Amoonguss|88/100
|
|upkeep
|turn|15
|
|t:|1760746727
|move|p2a: Weezing|Will-O-Wisp|p1a: Amoonguss|[miss]
|-miss|p2a: Weezing|p1a: Amoonguss
|move|p1a: Amoonguss|Clear Smog|p2a: Weezing
|-damage|p2a: Weezing|76/100
|-clearboost|p2a: Weezing
|
|upkeep
|turn|16
|
|t:|1760746736
|move|p2a: Weezing|Pain Split|p1a: Amoonguss
|-sethp|p1a: Amoonguss|74/100|[from] move: Pain Split|[silent]
|-sethp|p2a: Weezing|95/100|[from] move: Pain Split
|move|p1a: Amoonguss|Clear Smog|p2a: Weezing
|-damage|p2a: Weezing|74/100
|-clearboost|p2a: Weezing
|
|upkeep
|turn|17
|
|t:|1760746742
|move|p2a: Weezing|Will-O-Wisp|p1a: Amoonguss
|-status|p1a: Amoonguss|brn
|move|p1a: Amoonguss|Clear Smog|p2a: Weezing
|-damage|p2a: Weezing|53/100
|-clearboost|p2a: Weezing
|
|-damage|p1a: Amoonguss|68/100 brn|[from] brn
|upkeep
|turn|18
|
|t:|1760746754
|switch|p1a: Samurott|Samurott-Hisui, F|14/100
|move|p2a: Weezing|Strange Steam|p1a: Samurott
|-supereffective|p1a: Samurott
|-damage|p1a: Samurott|0 fnt
|faint|p1a: Samurott
|
|upkeep
|
|t:|1760746758
|switch|p1a: Iron Crown|Iron Crown|93/100
|turn|19
|
|t:|1760746764
|-end|p2a: Weezing|ability: Neutralizing Gas
|switch|p2a: Gliscor|Gliscor, M|100/100
|move|p1a: Iron Crown|Psychic Noise|p2a: Gliscor
|-damage|p2a: Gliscor|53/100
|-start|p2a: Gliscor|move: Heal Block
|
|-status|p2a: Gliscor|tox|[from] item: Toxic Orb
|upkeep
|turn|20
|
|t:|1760746772
|move|p2a: Gliscor|Protect|p2a: Gliscor
|-singleturn|p2a: Gliscor|Protect
|move|p1a: Iron Crown|Psychic Noise|p2a: Gliscor
|-activate|p2a: Gliscor|move: Protect
|
|-end|p2a: Gliscor|move: Heal Block
|upkeep
|turn|21
|
|t:|1760746798
|-end|p1a: Iron Crown|Quark Drive|[silent]
|switch|p1a: Enamorus|Enamorus, F|96/100
|move|p2a: Gliscor|Earthquake|p1a: Enamorus
|-immune|p1a: Enamorus
|
|-heal|p1a: Enamorus|100/100|[from] item: Leftovers
|-heal|p2a: Gliscor|65/100 tox|[from] ability: Poison Heal
|upkeep
|turn|22
|
|t:|1760746805
|move|p2a: Gliscor|Protect|p2a: Gliscor
|-singleturn|p2a: Gliscor|Protect
|move|p1a: Enamorus|Substitute|p1a: Enamorus
|-start|p1a: Enamorus|Substitute
|-damage|p1a: Enamorus|76/100
|
|-heal|p1a: Enamorus|82/100|[from] item: Leftovers
|-heal|p2a: Gliscor|78/100 tox|[from] ability: Poison Heal
|upkeep
|turn|23
|inactive|wenniao has 120 seconds left.
|
|t:|1760746832
|switch|p1a: Iron Crown|Iron Crown|93/100
|switch|p2a: Blissey|Blissey, F|86/100
|
|-heal|p2a: Blissey|92/100|[from] item: Leftovers
|upkeep
|turn|24
|inactive|wenniao has 120 seconds left.
|
|t:|1760746838
|move|p1a: Iron Crown|Psychic Noise|p2a: Blissey
|-damage|p2a: Blissey|76/100
|-start|p2a: Blissey|move: Heal Block
|move|p2a: Blissey|Stealth Rock|p1a: Iron Crown
|-sidestart|p1: levi6969|move: Stealth Rock
|
|upkeep
|turn|25
|
|t:|1760746849
|-end|p1a: Iron Crown|Quark Drive|[silent]
|switch|p1a: Amoonguss|Amoonguss, F|68/100 brn
|-damage|p1a: Amoonguss|55/100 brn|[from] Stealth Rock
|move|p2a: Blissey|Seismic Toss|p1a: Amoonguss
|-damage|p1a: Amoonguss|32/100 brn
|-damage|p2a: Blissey|60/100|[from] item: Rocky Helmet|[of] p1a: Amoonguss
|
|-damage|p1a: Amoonguss|26/100 brn|[from] brn
|-end|p2a: Blissey|move: Heal Block
|upkeep
|turn|26
|
|t:|1760746860
|switch|p1a: Avalugg|Avalugg-Hisui, M, shiny|75/100
|move|p2a: Blissey|Soft-Boiled|p2a: Blissey
|-heal|p2a: Blissey|100/100
|
|upkeep
|turn|27
|inactive|wenniao has 120 seconds left.
|
|t:|1760746885
|switch|p2a: Gliscor|Gliscor, M|78/100 tox
|move|p1a: Avalugg|Rapid Spin|p2a: Gliscor
|-damage|p2a: Gliscor|63/100 tox
|-boost|p1a: Avalugg|spe|1
|-sideend|p1: levi6969|Stealth Rock|[from] move: Rapid Spin|[of] p1a: Avalugg
|
|-heal|p2a: Gliscor|75/100 tox|[from] ability: Poison Heal
|upkeep
|turn|28
|
|t:|1760746896
|switch|p1a: Iron Crown|Iron Crown|93/100
|move|p2a: Gliscor|Protect||[still]
|-fail|p2a: Gliscor
|
|-heal|p2a: Gliscor|88/100 tox|[from] ability: Poison Heal
|upkeep
|turn|29
|inactive|wenniao has 120 seconds left.
|
|t:|1760746907
|move|p2a: Gliscor|Protect|p2a: Gliscor
|-singleturn|p2a: Gliscor|Protect
|move|p1a: Iron Crown|Psychic Noise|p2a: Gliscor
|-activate|p2a: Gliscor|move: Protect
|
|-heal|p2a: Gliscor|100/100 tox|[from] ability: Poison Heal
|upkeep
|turn|30
|
|t:|1760746912
|-end|p1a: Iron Crown|Quark Drive|[silent]
|switch|p1a: Enamorus|Enamorus, F|82/100
|move|p2a: Gliscor|Knock Off|p1a: Enamorus
|-resisted|p1a: Enamorus
|-damage|p1a: Enamorus|65/100
|-enditem|p1a: Enamorus|Leftovers|[from] move: Knock Off|[of] p2a: Gliscor
|
|upkeep
|turn|31
|
|t:|1760746925
|switch|p2a: Blissey|Blissey, F|100/100
|move|p1a: Enamorus|Calm Mind|p1a: Enamorus
|-boost|p1a: Enamorus|spa|1
|-boost|p1a: Enamorus|spd|1
|
|upkeep
|turn|32
|
|t:|1760746931
|switch|p1a: Amoonguss|Amoonguss, F|59/100 brn
|move|p2a: Blissey|Seismic Toss|p1a: Amoonguss
|-damage|p1a: Amoonguss|36/100 brn
|-damage|p2a: Blissey|84/100|[from] item: Rocky Helmet|[of] p1a: Amoonguss
|
|-heal|p2a: Blissey|90/100|[from] item: Leftovers
|-damage|p1a: Amoonguss|30/100 brn|[from] brn
|upkeep
|turn|33
|
|t:|1760746939
|move|p2a: Blissey|Stealth Rock|p1a: Amoonguss
|-sidestart|p1: levi6969|move: Stealth Rock
|move|p1a: Amoonguss|Giga Drain|p2a: Blissey
|-damage|p2a: Blissey|83/100
|-heal|p1a: Amoonguss|36/100 brn|[from] drain|[of] p2a: Blissey
|
|-heal|p2a: Blissey|89/100|[from] item: Leftovers
|-damage|p1a: Amoonguss|30/100 brn|[from] brn
|upkeep
|turn|34
|
|t:|1760746943
|move|p2a: Blissey|Seismic Toss|p1a: Amoonguss
|-damage|p1a: Amoonguss|6/100 brn
|-damage|p2a: Blissey|72/100|[from] item: Rocky Helmet|[of] p1a: Amoonguss
|move|p1a: Amoonguss|Toxic|p2a: Blissey
|-status|p2a: Blissey|tox
|
|-heal|p2a: Blissey|79/100 tox|[from] item: Leftovers
|-damage|p2a: Blissey|72/100 tox|[from] psn
|-damage|p1a: Amoonguss|0 fnt|[from] brn
|faint|p1a: Amoonguss
|upkeep
|
|t:|1760746949
|switch|p1a: Avalugg|Avalugg-Hisui, M, shiny|75/100
|turn|35
|
|t:|1760746954
|-curestatus|p2a: Blissey|tox|[from] ability: Natural Cure
|switch|p2a: Weezing|Weezing-Galar, F|53/100
|-ability|p2a: Weezing|Neutralizing Gas
|move|p1a: Avalugg|Mountain Gale|p2a: Weezing
|-damage|p2a: Weezing|17/100
|
|upkeep
|turn|36
|
|t:|1760746966
|move|p2a: Weezing|Pain Split|p1a: Avalugg
|-sethp|p1a: Avalugg|45/100|[from] move: Pain Split|[silent]
|-sethp|p2a: Weezing|53/100|[from] move: Pain Split
|move|p1a: Avalugg|Mountain Gale|p2a: Weezing
|-damage|p2a: Weezing|16/100
|
|upkeep
|turn|37
|
|t:|1760746991
|switch|p1a: Enamorus|Enamorus, F|65/100
|-damage|p1a: Enamorus|40/100|[from] Stealth Rock
|move|p2a: Weezing|Strange Steam|p1a: Enamorus
|-damage|p1a: Enamorus|3/100
|
|upkeep
|turn|38
|
|t:|1760747002
|switch|p1a: Avalugg|Avalugg-Hisui, M, shiny|45/100
|-end|p2a: Weezing|ability: Neutralizing Gas
|switch|p2a: Blissey|Blissey, F|72/100
|
|-heal|p2a: Blissey|79/100|[from] item: Leftovers
|upkeep
|turn|39
|
|t:|1760747013
|switch|p2a: Corviknight|Corviknight, F|100/100
|-ability|p2a: Corviknight|Pressure
|move|p1a: Avalugg|Mountain Gale|p2a: Corviknight
|-damage|p2a: Corviknight|65/100
|
|-heal|p2a: Corviknight|71/100|[from] item: Leftovers
|upkeep
|turn|40
|
|t:|1760747021
|-terastallize|p1a: Avalugg|Ghost
|move|p2a: Corviknight|Body Press|p1a: Avalugg
|-immune|p1a: Avalugg
|move|p1a: Avalugg|Rapid Spin|p2a: Corviknight
|-resisted|p2a: Corviknight
|-damage|p2a: Corviknight|66/100
|-boost|p1a: Avalugg|spe|1
|-sideend|p1: levi6969|Stealth Rock|[from] move: Rapid Spin|[of] p1a: Avalugg
|
|-heal|p2a: Corviknight|72/100|[from] item: Leftovers
|upkeep
|turn|41
|
|t:|1760747033
|switch|p2a: Dondozo|Dondozo, M|80/100
|move|p1a: Avalugg|Mountain Gale|p2a: Dondozo
|-resisted|p2a: Dondozo
|-damage|p2a: Dondozo|68/100
|
|upkeep
|turn|42
|
|t:|1760747041
|switch|p1a: Iron Crown|Iron Crown|93/100
|move|p2a: Dondozo|Avalanche|p1a: Iron Crown
|-resisted|p1a: Iron Crown
|-damage|p1a: Iron Crown|86/100
|
|upkeep
|turn|43
|
|t:|1760747053
|switch|p2a: Gliscor|Gliscor, M|100/100 tox
|move|p1a: Iron Crown|Psychic Noise|p2a: Gliscor
|-damage|p2a: Gliscor|49/100 tox
|-start|p2a: Gliscor|move: Heal Block
|
|upkeep
|turn|44
|
|t:|1760747068
|-end|p1a: Iron Crown|Quark Drive|[silent]
|switch|p1a: Enamorus|Enamorus, F|3/100
|move|p2a: Gliscor|Protect||[still]
|-fail|p2a: Gliscor
|
|-end|p2a: Gliscor|move: Heal Block
|upkeep
|turn|45
|
|t:|1760747076
|move|p2a: Gliscor|Protect|p2a: Gliscor
|-singleturn|p2a: Gliscor|Protect
|move|p1a: Enamorus|Moonblast|p2a: Gliscor
|-activate|p2a: Gliscor|move: Protect
|
|-heal|p2a: Gliscor|62/100 tox|[from] ability: Poison Heal
|upkeep
|turn|46
|
|t:|1760747082
|switch|p2a: Blissey|Blissey, F|79/100
|move|p1a: Enamorus|Moonblast|p2a: Blissey
|-damage|p2a: Blissey|62/100
|
|-heal|p2a: Blissey|68/100|[from] item: Leftovers
|upkeep
|turn|47
|
|t:|1760747093
|switch|p1a: Sandy Shocks|Sandy Shocks, shiny|76/100
|move|p2a: Blissey|Stealth Rock|p1a: Sandy Shocks
|-sidestart|p1: levi6969|move: Stealth Rock
|
|-heal|p2a: Blissey|75/100|[from] item: Leftovers
|upkeep
|turn|48
|
|t:|1760747105
|switch|p2a: Gliscor|Gliscor, M|62/100 tox
|move|p1a: Sandy Shocks|Body Press|p2a: Gliscor
|-resisted|p2a: Gliscor
|-damage|p2a: Gliscor|53/100 tox
|
|-heal|p2a: Gliscor|66/100 tox|[from] ability: Poison Heal
|upkeep
|turn|49
|
|t:|1760747117
|-end|p1a: Sandy Shocks|Protosynthesis|[silent]
|switch|p1a: Avalugg|Avalugg-Hisui, M, shiny, tera:Ghost|45/100
|move|p2a: Gliscor|Earthquake|p1a: Avalugg
|-damage|p1a: Avalugg|28/100
|
|-heal|p2a: Gliscor|78/100 tox|[from] ability: Poison Heal
|upkeep
|turn|50
|
|t:|1760747126
|move|p2a: Gliscor|Protect|p2a: Gliscor
|-singleturn|p2a: Gliscor|Protect
|move|p1a: Avalugg|Rapid Spin|p2a: Gliscor
|-activate|p2a: Gliscor|move: Protect
|
|-heal|p2a: Gliscor|91/100 tox|[from] ability: Poison Heal
|upkeep
|turn|51
|
|t:|1760747132
|switch|p2a: Dondozo|Dondozo, M|68/100
|move|p1a: Avalugg|Rapid Spin|p2a: Dondozo
|-damage|p2a: Dondozo|59/100
|-boost|p1a: Avalugg|spe|1
|-sideend|p1: levi6969|Stealth Rock|[from] move: Rapid Spin|[of] p1a: Avalugg
|
|upkeep
|turn|52
|
|t:|1760747143
|switch|p1a: Iron Crown|Iron Crown|86/100
|move|p2a: Dondozo|Avalanche|p1a: Iron Crown
|-resisted|p1a: Iron Crown
|-damage|p1a: Iron Crown|78/100
|
|upkeep
|turn|53
|
|t:|1760747150
|switch|p2a: Toxapex|Toxapex, M|100/100
|move|p1a: Iron Crown|Psychic Noise|p2a: Toxapex
|-supereffective|p2a: Toxapex
|-damage|p2a: Toxapex|35/100
|-start|p2a: Toxapex|move: Heal Block
|
|upkeep
|turn|54
|
|t:|1760747160
|switch|p2a: Blissey|Blissey, F|75/100
|move|p1a: Iron Crown|Psychic Noise|p2a: Blissey
|-damage|p2a: Blissey|57/100
|-start|p2a: Blissey|move: Heal Block
|
|upkeep
|turn|55
|
|t:|1760747169
|-end|p1a: Iron Crown|Quark Drive|[silent]
|switch|p1a: Sandy Shocks|Sandy Shocks, shiny|76/100
|move|p2a: Blissey|Seismic Toss|p1a: Sandy Shocks
|-damage|p1a: Sandy Shocks|47/100
|
|-end|p2a: Blissey|move: Heal Block
|upkeep
|turn|56
|
|t:|1760747181
|-end|p1a: Sandy Shocks|Protosynthesis|[silent]
|switch|p1a: Avalugg|Avalugg-Hisui, M, shiny, tera:Ghost|28/100
|switch|p2a: Gliscor|Gliscor, M|91/100 tox
|
|-heal|p2a: Gliscor|100/100 tox|[from] ability: Poison Heal
|upkeep
|turn|57
|
|t:|1760747187
|switch|p2a: Dondozo|Dondozo, M|59/100
|move|p1a: Avalugg|Mountain Gale|p2a: Dondozo
|-resisted|p2a: Dondozo
|-damage|p2a: Dondozo|47/100
|
|upkeep
|turn|58
|
|t:|1760747201
|switch|p1a: Iron Crown|Iron Crown|78/100
|move|p2a: Dondozo|Body Press|p1a: Iron Crown
|-damage|p1a: Iron Crown|47/100
|
|upkeep
|turn|59
|
|t:|1760747210
|move|p1a: Iron Crown|Psychic Noise|p2a: Dondozo
|-damage|p2a: Dondozo|0 fnt
|faint|p2a: Dondozo
|
|upkeep
|
|t:|1760747217
|switch|p2a: Blissey|Blissey, F|57/100
|turn|60
|
|t:|1760747228
|-end|p1a: Iron Crown|Quark Drive|[silent]
|switch|p1a: Avalugg|Avalugg-Hisui, M, shiny, tera:Ghost|28/100
|move|p2a: Blissey|Stealth Rock|p1a: Avalugg
|-sidestart|p1: levi6969|move: Stealth Rock
|
|-heal|p2a: Blissey|63/100|[from] item: Leftovers
|upkeep
|turn|61
|
|t:|1760747250
|switch|p2a: Gliscor|Gliscor, M|100/100 tox
|move|p1a: Avalugg|Mountain Gale|p2a: Gliscor
|-supereffective|p2a: Gliscor
|-damage|p2a: Gliscor|0 fnt
|faint|p2a: Gliscor
|
|upkeep
|
|t:|1760747263
|switch|p2a: Toxapex|Toxapex, M|68/100
|turn|62
|
|t:|1760747284
|switch|p1a: Enamorus|Enamorus, F|3/100
|-damage|p1a: Enamorus|0 fnt|[from] Stealth Rock
|faint|p1a: Enamorus
|move|p2a: Toxapex|Toxic|p1: Enamorus|[notarget]
|-fail|p2a: Toxapex
|
|-heal|p2a: Toxapex|74/100|[from] item: Leftovers
|upkeep
|
|t:|1760747295
|switch|p1a: Iron Crown|Iron Crown|47/100
|-damage|p1a: Iron Crown|40/100|[from] Stealth Rock
|turn|63
|
|t:|1760747306
|switch|p2a: Blissey|Blissey, F|63/100
|move|p1a: Iron Crown|Psychic Noise|p2a: Blissey
|-damage|p2a: Blissey|46/100
|-start|p2a: Blissey|move: Heal Block
|
|upkeep
|turn|64
|
|t:|1760747314
|-end|p1a: Iron Crown|Quark Drive|[silent]
|switch|p1a: Avalugg|Avalugg-Hisui, M, shiny, tera:Ghost|28/100
|move|p2a: Blissey|Seismic Toss|p1a: Avalugg
|-immune|p1a: Avalugg
|
|-end|p2a: Blissey|move: Heal Block
|upkeep
|turn|65
|
|t:|1760747325
|move|p2a: Blissey|Soft-Boiled|p2a: Blissey
|-heal|p2a: Blissey|96/100
|move|p1a: Avalugg|Rapid Spin|p2a: Blissey
|-damage|p2a: Blissey|76/100
|-boost|p1a: Avalugg|spe|1
|-sideend|p1: levi6969|Stealth Rock|[from] move: Rapid Spin|[of] p1a: Avalugg
|
|-heal|p2a: Blissey|82/100|[from] item: Leftovers
|upkeep
|turn|66
|
|t:|1760747342
|switch|p1a: Iron Crown|Iron Crown|40/100
|move|p2a: Blissey|Stealth Rock|p1a: Iron Crown
|-sidestart|p1: levi6969|move: Stealth Rock
|
|-heal|p2a: Blissey|89/100|[from] item: Leftovers
|upkeep
|turn|67
|
|t:|1760747349
|move|p1a: Iron Crown|Psychic Noise|p2a: Blissey
|-damage|p2a: Blissey|71/100
|-start|p2a: Blissey|move: Heal Block
|move|p2a: Blissey|Seismic Toss|p1a: Iron Crown
|-damage|p1a: Iron Crown|9/100
|
|upkeep
|turn|68
|
|t:|1760747359
|-end|p1a: Iron Crown|Quark Drive|[silent]
|switch|p1a: Avalugg|Avalugg-Hisui, M, shiny, tera:Ghost|28/100
|move|p2a: Blissey|Seismic Toss|p1a: Avalugg
|-immune|p1a: Avalugg
|
|-end|p2a: Blissey|move: Heal Block
|upkeep
|turn|69
|
|t:|1760747366
|move|p2a: Blissey|Soft-Boiled|p2a: Blissey
|-heal|p2a: Blissey|100/100
|move|p1a: Avalugg|Rapid Spin|p2a: Blissey
|-damage|p2a: Blissey|81/100
|-boost|p1a: Avalugg|spe|1
|-sideend|p1: levi6969|Stealth Rock|[from] move: Rapid Spin|[of] p1a: Avalugg
|
|-heal|p2a: Blissey|88/100|[from] item: Leftovers
|upkeep
|turn|70
|
|t:|1760747371
|move|p1a: Avalugg|Mountain Gale|p2a: Blissey
|-damage|p2a: Blissey|34/100
|move|p2a: Blissey|Stealth Rock|p1a: Avalugg
|-sidestart|p1: levi6969|move: Stealth Rock
|
|-heal|p2a: Blissey|40/100|[from] item: Leftovers
|upkeep
|turn|71
|
|t:|1760747378
|switch|p2a: Toxapex|Toxapex, M|100/100
|move|p1a: Avalugg|Earthquake|p2a: Toxapex
|-supereffective|p2a: Toxapex
|-damage|p2a: Toxapex|43/100
|
|-heal|p2a: Toxapex|49/100|[from] item: Leftovers
|upkeep
|turn|72
|
|t:|1760747392
|switch|p1a: Sandy Shocks|Sandy Shocks, shiny|47/100
|-damage|p1a: Sandy Shocks|40/100|[from] Stealth Rock
|move|p2a: Toxapex|Toxic|p1a: Sandy Shocks
|-status|p1a: Sandy Shocks|tox
|
|-heal|p2a: Toxapex|55/100|[from] item: Leftovers
|-damage|p1a: Sandy Shocks|34/100 tox|[from] psn
|upkeep
|turn|73
|
|t:|1760747406
|switch|p2a: Weezing|Weezing-Galar, F|16/100
|-ability|p2a: Weezing|Neutralizing Gas
|move|p1a: Sandy Shocks|Discharge|p2a: Weezing
|-damage|p2a: Weezing|0 fnt
|faint|p2a: Weezing
|-end|p2a: Weezing|ability: Neutralizing Gas
|
|-damage|p1a: Sandy Shocks|22/100 tox|[from] psn
|upkeep
|
|t:|1760747420
|switch|p2a: Corviknight|Corviknight, F|72/100
|-ability|p2a: Corviknight|Pressure
|turn|74
|
|t:|1760747424
|switch|p2a: Blissey|Blissey, F|40/100
|move|p1a: Sandy Shocks|Discharge|p2a: Blissey
|-damage|p2a: Blissey|29/100
|
|-heal|p2a: Blissey|35/100|[from] item: Leftovers
|-damage|p1a: Sandy Shocks|4/100 tox|[from] psn
|upkeep
|turn|75
|
|t:|1760747452
|switch|p2a: Toxapex|Toxapex, M|88/100
|move|p1a: Sandy Shocks|Discharge|p2a: Toxapex
|-supereffective|p2a: Toxapex
|-crit|p2a: Toxapex
|-damage|p2a: Toxapex|29/100
|-status|p2a: Toxapex|par
|
|-heal|p2a: Toxapex|35/100 par|[from] item: Leftovers
|-damage|p1a: Sandy Shocks|0 fnt|[from] psn
|faint|p1a: Sandy Shocks
|-end|p1a: Sandy Shocks|Protosynthesis|[silent]
|upkeep
|
|t:|1760747467
|switch|p1a: Iron Crown|Iron Crown|9/100
|-damage|p1a: Iron Crown|3/100|[from] Stealth Rock
|turn|76
|
|t:|1760747480
|move|p1a: Iron Crown|Volt Switch|p2a: Toxapex
|-supereffective|p2a: Toxapex
|-damage|p2a: Toxapex|0 fnt
|faint|p2a: Toxapex
|
|t:|1760747482
|-end|p1a: Iron Crown|Quark Drive|[silent]
|switch|p1a: Avalugg|Avalugg-Hisui, M, shiny, tera:Ghost|28/100|[from] Volt Switch
|
|upkeep
|inactive|wenniao has 120 seconds left.
|
|t:|1760747504
|switch|p2a: Corviknight|Corviknight, F|72/100
|-ability|p2a: Corviknight|Pressure
|turn|77
|
|t:|1760747514
|move|p2a: Corviknight|Iron Defense|p2a: Corviknight
|-boost|p2a: Corviknight|def|2
|move|p1a: Avalugg|Mountain Gale|p2a: Corviknight
|-damage|p2a: Corviknight|53/100
|
|-heal|p2a: Corviknight|60/100|[from] item: Leftovers
|upkeep
|turn|78
|
|t:|1760747521
|move|p2a: Corviknight|Iron Defense|p2a: Corviknight
|-boost|p2a: Corviknight|def|2
|move|p1a: Avalugg|Rapid Spin|p2a: Corviknight
|-resisted|p2a: Corviknight
|-damage|p2a: Corviknight|58/100
|-boost|p1a: Avalugg|spe|1
|-sideend|p1: levi6969|Stealth Rock|[from] move: Rapid Spin|[of] p1a: Avalugg
|
|-heal|p2a: Corviknight|64/100|[from] item: Leftovers
|upkeep
|turn|79
|
|t:|1760747535
|move|p2a: Corviknight|Iron Defense|p2a: Corviknight
|-boost|p2a: Corviknight|def|2
|move|p1a: Avalugg|Mountain Gale|p2a: Corviknight|[miss]
|-miss|p1a: Avalugg|p2a: Corviknight
|
|-heal|p2a: Corviknight|70/100|[from] item: Leftovers
|upkeep
|turn|80
|
|t:|1760747541
|move|p2a: Corviknight|Roost|p2a: Corviknight
|-heal|p2a: Corviknight|100/100
|-singleturn|p2a: Corviknight|move: Roost
|move|p1a: Avalugg|Mountain Gale|p2a: Corviknight
|-resisted|p2a: Corviknight
|-damage|p2a: Corviknight|96/100
|
|-heal|p2a: Corviknight|100/100|[from] item: Leftovers
|upkeep
|turn|81
|
|t:|1760747564
|move|p2a: Corviknight|Body Press|p1a: Avalugg
|-immune|p1a: Avalugg
|move|p1a: Avalugg|Rapid Spin|p2a: Corviknight
|-resisted|p2a: Corviknight
|-damage|p2a: Corviknight|99/100
|-boost|p1a: Avalugg|spe|1
|
|-heal|p2a: Corviknight|100/100|[from] item: Leftovers
|upkeep
|turn|82
|
|t:|1760747574
|move|p1a: Avalugg|Rapid Spin|p2a: Corviknight
|-resisted|p2a: Corviknight
|-damage|p2a: Corviknight|99/100
|-boost|p1a: Avalugg|spe|1
|move|p2a: Corviknight|Body Press|p1a: Avalugg
|-immune|p1a: Avalugg
|
|-heal|p2a: Corviknight|100/100|[from] item: Leftovers
|upkeep
|turn|83
|
|t:|1760747586
|move|p1a: Avalugg|Rapid Spin|p2a: Corviknight
|-resisted|p2a: Corviknight
|-damage|p2a: Corviknight|99/100
|-boost|p1a: Avalugg|spe|1
|move|p2a: Corviknight|Body Press|p1a: Avalugg
|-immune|p1a: Avalugg
|
|-heal|p2a: Corviknight|100/100|[from] item: Leftovers
|upkeep
|turn|84
|
|t:|1760747591
|move|p1a: Avalugg|Rapid Spin|p2a: Corviknight
|-resisted|p2a: Corviknight
|-damage|p2a: Corviknight|99/100
|-boost|p1a: Avalugg|spe|1
|move|p2a: Corviknight|Defog|p1a: Avalugg
|-unboost|p1a: Avalugg|evasion|1
|
|-heal|p2a: Corviknight|100/100|[from] item: Leftovers
|upkeep
|turn|85
|
|t:|1760747598
|move|p1a: Avalugg|Rapid Spin|p2a: Corviknight
|-resisted|p2a: Corviknight
|-damage|p2a: Corviknight|99/100
|-boost|p1a: Avalugg|spe|1
|move|p2a: Corviknight|Body Press|p1a: Avalugg
|-immune|p1a: Avalugg
|
|-heal|p2a: Corviknight|100/100|[from] item: Leftovers
|upkeep
|turn|86
|
|t:|1760747607
|move|p2a: Corviknight|Defog|p1a: Avalugg
|-unboost|p1a: Avalugg|evasion|1
|move|p1a: Avalugg|Mirror Coat||[still]
|-fail|p1a: Avalugg
|
|upkeep
|turn|87
|
|t:|1760747613
|move|p2a: Corviknight|Iron Defense|p2a: Corviknight
|-boost|p2a: Corviknight|def|0
|move|p1a: Avalugg|Mirror Coat||[still]
|-fail|p1a: Avalugg
|
|upkeep
|turn|88
|
|t:|1760747620
|move|p2a: Corviknight|Iron Defense|p2a: Corviknight
|-boost|p2a: Corviknight|def|0
|move|p1a: Avalugg|Mirror Coat||[still]
|-fail|p1a: Avalugg
|
|upkeep
|turn|89
|
|t:|1760747625
|move|p2a: Corviknight|Iron Defense|p2a: Corviknight
|-boost|p2a: Corviknight|def|0
|move|p1a: Avalugg|Mirror Coat||[still]
|-fail|p1a: Avalugg
|
|upkeep
|turn|90
|
|t:|1760747630
|switch|p1a: Iron Crown|Iron Crown|3/100
|move|p2a: Corviknight|Iron Defense|p2a: Corviknight
|-boost|p2a: Corviknight|def|0
|
|upkeep
|turn|91
|
|t:|1760747659
|move|p1a: Iron Crown|Volt Switch|p2a: Corviknight
|-supereffective|p2a: Corviknight
|-damage|p2a: Corviknight|35/100
|
|t:|1760747661
|-end|p1a: Iron Crown|Quark Drive|[silent]
|switch|p1a: Avalugg|Avalugg-Hisui, M, shiny, tera:Ghost|28/100|[from] Volt Switch
|move|p2a: Corviknight|Roost|p2a: Corviknight
|-heal|p2a: Corviknight|85/100
|-singleturn|p2a: Corviknight|move: Roost
|
|-heal|p2a: Corviknight|91/100|[from] item: Leftovers
|upkeep
|turn|92
|
|t:|1760747672
|move|p2a: Corviknight|Body Press|p1a: Avalugg
|-immune|p1a: Avalugg
|move|p1a: Avalugg|Mirror Coat||[still]
|-fail|p1a: Avalugg
|
|-heal|p2a: Corviknight|97/100|[from] item: Leftovers
|upkeep
|turn|93
|
|t:|1760747679
|move|p2a: Corviknight|Defog|p1a: Avalugg
|-unboost|p1a: Avalugg|evasion|1
|move|p1a: Avalugg|Mirror Coat||[still]
|-fail|p1a: Avalugg
|
|-heal|p2a: Corviknight|100/100|[from] item: Leftovers
|upkeep
|turn|94
|
|t:|1760747689
|move|p2a: Corviknight|Defog|p1a: Avalugg
|-unboost|p1a: Avalugg|evasion|1
|move|p1a: Avalugg|Rapid Spin|p2a: Corviknight
|-resisted|p2a: Corviknight
|-damage|p2a: Corviknight|99/100
|-boost|p1a: Avalugg|spe|1
|
|-heal|p2a: Corviknight|100/100|[from] item: Leftovers
|upkeep
|turn|95
|
|t:|1760747700
|move|p2a: Corviknight|Body Press|p1a: Avalugg
|-immune|p1a: Avalugg
|move|p1a: Avalugg|Rapid Spin|p2a: Corviknight
|-resisted|p2a: Corviknight
|-damage|p2a: Corviknight|99/100
|-boost|p1a: Avalugg|spe|1
|
|-heal|p2a: Corviknight|100/100|[from] item: Leftovers
|upkeep
|turn|96
|
|t:|1760747706
|move|p1a: Avalugg|Rapid Spin|p2a: Corviknight
|-resisted|p2a: Corviknight
|-damage|p2a: Corviknight|99/100
|-boost|p1a: Avalugg|spe|1
|move|p2a: Corviknight|Body Press|p1a: Avalugg
|-immune|p1a: Avalugg
|
|-heal|p2a: Corviknight|100/100|[from] item: Leftovers
|upkeep
|turn|97
|
|t:|1760747715
|move|p1a: Avalugg|Rapid Spin|p2a: Corviknight
|-resisted|p2a: Corviknight
|-damage|p2a: Corviknight|99/100
|-boost|p1a: Avalugg|spe|1
|move|p2a: Corviknight|Iron Defense|p2a: Corviknight
|-boost|p2a: Corviknight|def|0
|
|-heal|p2a: Corviknight|100/100|[from] item: Leftovers
|upkeep
|turn|98
|
|t:|1760747723
|move|p1a: Avalugg|Rapid Spin|p2a: Corviknight
|-resisted|p2a: Corviknight
|-damage|p2a: Corviknight|99/100
|-boost|p1a: Avalugg|spe|1
|move|p2a: Corviknight|Iron Defense|p2a: Corviknight
|-boost|p2a: Corviknight|def|0
|
|-heal|p2a: Corviknight|100/100|[from] item: Leftovers
|upkeep
|turn|99
|
|t:|1760747733
|move|p1a: Avalugg|Rapid Spin|p2a: Corviknight
|-resisted|p2a: Corviknight
|-damage|p2a: Corviknight|99/100
|-boost|p1a: Avalugg|spe|1
|move|p2a: Corviknight|Iron Defense|p2a: Corviknight
|-boost|p2a: Corviknight|def|0
|
|-heal|p2a: Corviknight|100/100|[from] item: Leftovers
|upkeep
|turn|100
|
|t:|1760747738
|move|p2a: Corviknight|Iron Defense|p2a: Corviknight
|-boost|p2a: Corviknight|def|0
|move|p1a: Avalugg|Mirror Coat||[still]
|-fail|p1a: Avalugg
|
|upkeep
|turn|101
|
|t:|1760747744
|move|p1a: Avalugg|Rapid Spin|p2a: Corviknight
|-resisted|p2a: Corviknight
|-damage|p2a: Corviknight|99/100
|move|p2a: Corviknight|Iron Defense|p2a: Corviknight
|-boost|p2a: Corviknight|def|0
|
|-heal|p2a: Corviknight|100/100|[from] item: Leftovers
|upkeep
|turn|102
|
|t:|1760747754
|move|p1a: Avalugg|Rapid Spin|p2a: Corviknight
|-resisted|p2a: Corviknight
|-damage|p2a: Corviknight|99/100
|move|p2a: Corviknight|Defog|p1a: Avalugg
|-unboost|p1a: Avalugg|evasion|1
|
|-heal|p2a: Corviknight|100/100|[from] item: Leftovers
|upkeep
|turn|103
|
|t:|1760747761
|move|p1a: Avalugg|Rapid Spin|p2a: Corviknight
|-resisted|p2a: Corviknight
|-damage|p2a: Corviknight|99/100
|move|p2a: Corviknight|Defog|p1a: Avalugg
|-unboost|p1a: Avalugg|evasion|1
|
|-heal|p2a: Corviknight|100/100|[from] item: Leftovers
|upkeep
|turn|104
|
|t:|1760747766
|switch|p1a: Iron Crown|Iron Crown|3/100
|move|p2a: Corviknight|Body Press|p1a: Iron Crown
|-damage|p1a: Iron Crown|0 fnt
|faint|p1a: Iron Crown
|-end|p1a: Iron Crown|Quark Drive|[silent]
|
|upkeep
|
|t:|1760747769
|switch|p1a: Avalugg|Avalugg-Hisui, M, shiny, tera:Ghost|28/100
|turn|105
|
|t:|1760747774
|move|p2a: Corviknight|Defog|p1a: Avalugg
|-unboost|p1a: Avalugg|evasion|1
|move|p1a: Avalugg|Mirror Coat||[still]
|-fail|p1a: Avalugg
|
|upkeep
|turn|106
|
|t:|1760747780
|move|p2a: Corviknight|Defog|p1a: Avalugg
|-unboost|p1a: Avalugg|evasion|1
|move|p1a: Avalugg|Mirror Coat||[still]
|-fail|p1a: Avalugg
|
|upkeep
|turn|107
|
|t:|1760747786
|move|p2a: Corviknight|Defog|p1a: Avalugg
|-unboost|p1a: Avalugg|evasion|1
|move|p1a: Avalugg|Mirror Coat||[still]
|-fail|p1a: Avalugg
|
|upkeep
|turn|108
|
|t:|1760747793
|move|p2a: Corviknight|Iron Defense|p2a: Corviknight
|-boost|p2a: Corviknight|def|0
|move|p1a: Avalugg|Mirror Coat||[still]
|-fail|p1a: Avalugg
|
|upkeep
|turn|109
|
|t:|1760747800
|move|p2a: Corviknight|Defog|p1a: Avalugg
|-unboost|p1a: Avalugg|evasion|1
|move|p1a: Avalugg|Mirror Coat||[still]
|-fail|p1a: Avalugg
|
|upkeep
|turn|110
|
|t:|1760747806
|move|p2a: Corviknight|Defog|p1a: Avalugg
|-unboost|p1a: Avalugg|evasion|1
|move|p1a: Avalugg|Mirror Coat||[still]
|-fail|p1a: Avalugg
|
|upkeep
|turn|111
|
|t:|1760747810
|move|p2a: Corviknight|Defog|p1a: Avalugg
|-unboost|p1a: Avalugg|evasion|1
|move|p1a: Avalugg|Mirror Coat||[still]
|-fail|p1a: Avalugg
|
|upkeep
|turn|112
|
|t:|1760747814
|move|p2a: Corviknight|Defog||[still]
|-unboost|p1a: Avalugg|evasion|0
|-fail|p2a: Corviknight
|move|p1a: Avalugg|Mirror Coat||[still]
|-fail|p1a: Avalugg
|
|upkeep
|turn|113
|
|t:|1760747820
|move|p2a: Corviknight|Defog||[still]
|-unboost|p1a: Avalugg|evasion|0
|-fail|p2a: Corviknight
|move|p1a: Avalugg|Mirror Coat||[still]
|-fail|p1a: Avalugg
|
|upkeep
|turn|114
|
|t:|1760747826
|move|p2a: Corviknight|Defog||[still]
|-unboost|p1a: Avalugg|evasion|0
|-fail|p2a: Corviknight
|move|p1a: Avalugg|Rapid Spin|p2a: Corviknight
|-resisted|p2a: Corviknight
|-damage|p2a: Corviknight|99/100
|-boost|p1a: Avalugg|spe|1
|
|-heal|p2a: Corviknight|100/100|[from] item: Leftovers
|upkeep
|turn|115
|
|t:|1760747836
|move|p2a: Corviknight|Defog||[still]
|-unboost|p1a: Avalugg|evasion|0
|-fail|p2a: Corviknight
|move|p1a: Avalugg|Rapid Spin|p2a: Corviknight
|-resisted|p2a: Corviknight
|-damage|p2a: Corviknight|99/100
|-boost|p1a: Avalugg|spe|1
|
|-heal|p2a: Corviknight|100/100|[from] item: Leftovers
|upkeep
|turn|116
|
|t:|1760747848
|move|p1a: Avalugg|Rapid Spin|p2a: Corviknight
|-resisted|p2a: Corviknight
|-damage|p2a: Corviknight|99/100
|-boost|p1a: Avalugg|spe|1
|move|p2a: Corviknight|Defog||[still]
|-unboost|p1a: Avalugg|evasion|0
|-fail|p2a: Corviknight
|
|-heal|p2a: Corviknight|100/100|[from] item: Leftovers
|upkeep
|turn|117
|
|t:|1760747853
|move|p1a: Avalugg|Rapid Spin|p2a: Corviknight
|-resisted|p2a: Corviknight
|-damage|p2a: Corviknight|99/100
|-boost|p1a: Avalugg|spe|1
|move|p2a: Corviknight|Defog||[still]
|-unboost|p1a: Avalugg|evasion|0
|-fail|p2a: Corviknight
|
|-heal|p2a: Corviknight|100/100|[from] item: Leftovers
|upkeep
|turn|118
|
|t:|1760747859
|move|p1a: Avalugg|Rapid Spin|p2a: Corviknight
|-resisted|p2a: Corviknight
|-damage|p2a: Corviknight|99/100
|-boost|p1a: Avalugg|spe|1
|move|p2a: Corviknight|Iron Defense|p2a: Corviknight
|-boost|p2a: Corviknight|def|0
|
|-heal|p2a: Corviknight|100/100|[from] item: Leftovers
|upkeep
|turn|119
|
|t:|1760747865
|move|p1a: Avalugg|Rapid Spin|p2a: Corviknight
|-resisted|p2a: Corviknight
|-damage|p2a: Corviknight|99/100
|-boost|p1a: Avalugg|spe|1
|move|p2a: Corviknight|Defog||[still]
|-unboost|p1a: Avalugg|evasion|0
|-fail|p2a: Corviknight
|
|-heal|p2a: Corviknight|100/100|[from] item: Leftovers
|upkeep
|turn|120
|
|t:|1760747873
|move|p1a: Avalugg|Rapid Spin|p2a: Corviknight
|-resisted|p2a: Corviknight
|-crit|p2a: Corviknight
|-damage|p2a: Corviknight|91/100
|move|p2a: Corviknight|Iron Defense|p2a: Corviknight
|-boost|p2a: Corviknight|def|0
|
|-heal|p2a: Corviknight|98/100|[from] item: Leftovers
|upkeep
|turn|121
|
|t:|1760747881
|move|p1a: Avalugg|Rapid Spin|p2a: Corviknight
|-resisted|p2a: Corviknight
|-damage|p2a: Corviknight|96/100
|move|p2a: Corviknight|Defog||[still]
|-unboost|p1a: Avalugg|evasion|0
|-fail|p2a: Corviknight
|
|-heal|p2a: Corviknight|100/100|[from] item: Leftovers
|upkeep
|turn|122
|
|t:|1760747892
|move|p1a: Avalugg|Rapid Spin|p2a: Corviknight
|-resisted|p2a: Corviknight
|-damage|p2a: Corviknight|99/100
|move|p2a: Corviknight|Iron Defense|p2a: Corviknight
|-boost|p2a: Corviknight|def|0
|
|-heal|p2a: Corviknight|100/100|[from] item: Leftovers
|upkeep
|turn|123
|
|t:|1760747899
|move|p1a: Avalugg|Rapid Spin|p2a: Corviknight
|-resisted|p2a: Corviknight
|-damage|p2a: Corviknight|99/100
|move|p2a: Corviknight|Defog||[still]
|-unboost|p1a: Avalugg|evasion|0
|-fail|p2a: Corviknight
|
|-heal|p2a: Corviknight|100/100|[from] item: Leftovers
|upkeep
|turn|124
|
|t:|1760747911
|move|p1a: Avalugg|Rapid Spin|p2a: Corviknight
|-resisted|p2a: Corviknight
|-damage|p2a: Corviknight|99/100
|move|p2a: Corviknight|Defog||[still]
|-unboost|p1a: Avalugg|evasion|0
|-fail|p2a: Corviknight
|
|-heal|p2a: Corviknight|100/100|[from] item: Leftovers
|upkeep
|turn|125
|
|t:|1760747914
|move|p1a: Avalugg|Rapid Spin|p2a: Corviknight
|-resisted|p2a: Corviknight
|-damage|p2a: Corviknight|99/100
|move|p2a: Corviknight|Defog||[still]
|-unboost|p1a: Avalugg|evasion|0
|-fail|p2a: Corviknight
|
|-heal|p2a: Corviknight|100/100|[from] item: Leftovers
|upkeep
|turn|126
|
|t:|1760747917
|move|p1a: Avalugg|Rapid Spin|p2a: Corviknight
|-resisted|p2a: Corviknight
|-damage|p2a: Corviknight|99/100
|move|p2a: Corviknight|Defog||[still]
|-unboost|p1a: Avalugg|evasion|0
|-fail|p2a: Corviknight
|
|-heal|p2a: Corviknight|100/100|[from] item: Leftovers
|upkeep
|turn|127
|
|t:|1760747922
|move|p1a: Avalugg|Earthquake|p2a: Corviknight
|-immune|p2a: Corviknight
|move|p2a: Corviknight|Iron Defense|p2a: Corviknight
|-boost|p2a: Corviknight|def|0
|
|upkeep
|turn|128
|
|t:|1760747925
|move|p1a: Avalugg|Earthquake|p2a: Corviknight
|-immune|p2a: Corviknight
|move|p2a: Corviknight|Iron Defense|p2a: Corviknight
|-boost|p2a: Corviknight|def|0
|
|upkeep
|turn|129
|
|t:|1760747928
|move|p1a: Avalugg|Earthquake|p2a: Corviknight
|-immune|p2a: Corviknight
|move|p2a: Corviknight|Iron Defense|p2a: Corviknight
|-boost|p2a: Corviknight|def|0
|
|upkeep
|turn|130
|
|t:|1760747930
|move|p1a: Avalugg|Earthquake|p2a: Corviknight
|-immune|p2a: Corviknight
|move|p2a: Corviknight|Iron Defense|p2a: Corviknight
|-boost|p2a: Corviknight|def|0
|
|upkeep
|turn|131
|
|t:|1760747935
|move|p1a: Avalugg|Earthquake|p2a: Corviknight
|-immune|p2a: Corviknight
|move|p2a: Corviknight|Iron Defense|p2a: Corviknight
|-boost|p2a: Corviknight|def|0
|
|upkeep
|turn|132
|
|t:|1760747938
|move|p1a: Avalugg|Earthquake|p2a: Corviknight
|-immune|p2a: Corviknight
|move|p2a: Corviknight|Iron Defense|p2a: Corviknight
|-boost|p2a: Corviknight|def|0
|
|upkeep
|turn|133
|
|t:|1760747940
|move|p1a: Avalugg|Earthquake|p2a: Corviknight
|-immune|p2a: Corviknight
|move|p2a: Corviknight|Iron Defense|p2a: Corviknight
|-boost|p2a: Corviknight|def|0
|
|upkeep
|turn|134
|
|t:|1760747945
|move|p1a: Avalugg|Earthquake|p2a: Corviknight
|-immune|p2a: Corviknight
|move|p2a: Corviknight|Iron Defense|p2a: Corviknight
|-boost|p2a: Corviknight|def|0
|
|upkeep
|turn|135
|
|t:|1760747947
|move|p1a: Avalugg|Mountain Gale|p2a: Corviknight
|-damage|p2a: Corviknight|92/100
|move|p2a: Corviknight|Body Press|p1a: Avalugg
|-immune|p1a: Avalugg
|
|-heal|p2a: Corviknight|98/100|[from] item: Leftovers
|upkeep
|turn|136
|
|t:|1760747956
|-activate|p1a: Avalugg|move: Struggle
|move|p1a: Avalugg|Struggle|p2a: Corviknight
|-damage|p2a: Corviknight|95/100
|-damage|p1a: Avalugg|3/100|[from] recoil
|move|p2a: Corviknight|Roost|p2a: Corviknight
|-heal|p2a: Corviknight|100/100
|-singleturn|p2a: Corviknight|move: Roost
|
|upkeep
|turn|137
|
|t:|1760747961
|switch|p2a: Blissey|Blissey, F|35/100
|-activate|p1a: Avalugg|move: Struggle
|move|p1a: Avalugg|Struggle|p2a: Blissey
|-damage|p2a: Blissey|15/100
|-damage|p1a: Avalugg|0 fnt|[from] recoil
|faint|p1a: Avalugg
|
|win|wenniao
|raw|levi6969's rating: 1243 &rarr; <strong>1218</strong><br />(-25 for losing)
|raw|wenniao's rating: 1239 &rarr; <strong>1264</strong><br />(+25 for winning)
|l|☆levi6969
|player|p1|
