|j|☆Starry_horse
|j|☆BLASfemia8145
|t:|1760733744
|gametype|singles
|player|p1|Starry_horse|policeman-gen4|1224
|player|p2|BLASfemia8145|gambler|1215
|gen|9
|tier|[Gen 9] OU
|rated|
|rule|HP Percentage Mod: HP is shown in percentages
|rule|Endless Battle Clause: Forcing endless battles is banned
|rule|Species Clause: Limit one of each Pokémon
|rule|OHKO Clause: OHKO moves are banned
|rule|Evasion Items Clause: Evasion items are banned
|rule|Evasion Moves Clause: Evasion moves are banned
|rule|Evasion Abilities Clause: Evasion abilities are banned
|rule|Sleep Moves Clause: Sleep-inducing moves are banned
|clearpoke
|poke|p1|Kingambit, F|
|poke|p1|Metagross|
|poke|p1|Azelf|
|poke|p1|Volcanion|
|poke|p1|Weezing-Galar, F|
|poke|p1|Golem-Alola, M|
|poke|p2|Frosmoth, F|
|poke|p2|Lokix, F|
|poke|p2|Slither Wing|
|poke|p2|Scizor, M|
|poke|p2|Yanmega, M|
|poke|p2|Kleavor, F|
|teampreview
|inactive|Battle timer is ON: inactive players will automatically lose when time's up. (requested by BLASfemia8145)
|
|t:|1760733757
|teamsize|p1|6
|teamsize|p2|6
|start
|switch|p1a: Metagross|Metagross, shiny|100/100
|switch|p2a: Kleavor|Kleavor, F|100/100
|turn|1
|
|t:|1760733762
|move|p1a: Metagross|Meteor Mash|p2a: Kleavor
|-supereffective|p2a: Kleavor
|-enditem|p2a: Kleavor|Focus Sash
|-damage|p2a: Kleavor|1/100
|move|p2a: Kleavor|Stone Axe|p1a: Metagross
|-resisted|p1a: Metagross
|-damage|p1a: Metagross|79/100
|-sidestart|p1: Starry_horse|move: Stealth Rock
|
|upkeep
|turn|2
|
|t:|1760733770
|move|p1a: Metagross|Meteor Mash|p2a: Kleavor
|-supereffective|p2a: Kleavor
|-damage|p2a: Kleavor|0 fnt
|faint|p2a: Kleavor
|
|upkeep
|
|t:|1760733779
|switch|p2a: Slither Wing|Slither Wing|100/100
|turn|3
|
|t:|1760733788
|move|p1a: Metagross|Meteor Mash|p2a: Slither Wing
|-damage|p2a: Slither Wing|34/100
|-boost|p1a: Metagross|atk|1
|move|p2a: Slither Wing|Flare Blitz|p1a: Metagross
|-supereffective|p1a: Metagross
|-damage|p1a: Metagross|0 fnt
|faint|p1a: Metagross
|-damage|p2a: Slither Wing|9/100|[from] Recoil
|
|upkeep
|
|t:|1760733799
|switch|p1a: Azelf|Azelf|100/100
|-damage|p1a: Azelf|88/100|[from] Stealth Rock
|turn|4
|
|t:|1760733803
|-end|p2a: Slither Wing|Protosynthesis|[silent]
|switch|p2a: Lokix|Lokix, F|100/100
|move|p1a: Azelf|U-turn|p2a: Lokix
|-supereffective|p2a: Lokix
|-crit|p2a: Lokix
|-damage|p2a: Lokix|0 fnt
|faint|p2a: Lokix
|
|t:|1760733812
|switch|p1a: Volcanion|Volcanion|100/100|[from] U-turn
|-damage|p1a: Volcanion|76/100|[from] Stealth Rock
|
|upkeep
|
|t:|1760733823
|switch|p2a: Frosmoth|Frosmoth, F|100/100
|turn|5
|c|☆Starry_horse|No one expects the choice band Azelf
|
|t:|1760733836
|-terastallize|p2a: Frosmoth|Rock
|move|p1a: Volcanion|Explosion|p2a: Frosmoth
|-resisted|p2a: Frosmoth
|-damage|p2a: Frosmoth|0 fnt
|faint|p1a: Volcanion
|faint|p2a: Frosmoth
|
|upkeep
|c|☆BLASfemia8145|indeed, nice move
|
|t:|1760733850
|switch|p1a: Golem|Golem-Alola, M|100/100
|switch|p2a: Scizor|Scizor, M|100/100
|-damage|p1a: Golem|88/100|[from] Stealth Rock
|turn|6
|
|t:|1760733857
|move|p2a: Scizor|Close Combat|p1a: Golem
|-supereffective|p1a: Golem
|-damage|p1a: Golem|0 fnt
|-unboost|p2a: Scizor|def|1
|-unboost|p2a: Scizor|spd|1
|faint|p1a: Golem
|
|upkeep
|
|t:|1760733863
|switch|p1a: Weezing|Weezing-Galar, F|100/100
|-damage|p1a: Weezing|88/100|[from] Stealth Rock
|-fieldstart|move: Misty Terrain|[from] ability: Misty Surge|[of] p1a: Weezing
|turn|7
|
|t:|1760733869
|switch|p2a: Slither Wing|Slither Wing|9/100
|move|p1a: Weezing|Overheat|p2a: Slither Wing
|-supereffective|p2a: Slither Wing
|-damage|p2a: Slither Wing|0 fnt
|-unboost|p1a: Weezing|spa|2
|faint|p2a: Slither Wing
|-end|p2a: Slither Wing|Protosynthesis|[silent]
|
|upkeep
|
|t:|1760733875
|switch|p2a: Yanmega|Yanmega, M|100/100
|turn|8
|
|t:|1760733883
|move|p2a: Yanmega|Bug Buzz|p1a: Weezing
|-resisted|p1a: Weezing
|-damage|p1a: Weezing|40/100
|move|p1a: Weezing|Overheat|p2a: Yanmega
|-supereffective|p2a: Yanmega
|-damage|p2a: Yanmega|0 fnt
|-unboost|p1a: Weezing|spa|2
|faint|p2a: Yanmega
|
|upkeep
|
|t:|1760733890
|switch|p2a: Scizor|Scizor, M|100/100
|turn|9
|
|t:|1760733894
|move|p2a: Scizor|Bullet Punch|p1a: Weezing
|-supereffective|p1a: Weezing
|-damage|p1a: Weezing|0 fnt
|faint|p1a: Weezing
|
|upkeep
|
|t:|1760733897
|switch|p1a: Azelf|Azelf|88/100
|-damage|p1a: Azelf|76/100|[from] Stealth Rock
|turn|10
|
|t:|1760733904
|move|p2a: Scizor|Bullet Punch|p1a: Azelf
|-damage|p1a: Azelf|0 fnt
|faint|p1a: Azelf
|
|upkeep
|
|t:|1760733907
|switch|p1a: Kingambit|Kingambit, F|100/100
|-damage|p1a: Kingambit|94/100|[from] Stealth Rock
|-activate|p1a: Kingambit|ability: Supreme Overlord
|-start|p1a: Kingambit|fallen5|[silent]
|-item|p1a: Kingambit|Air Balloon
|turn|11
|
|t:|1760733918
|move|p2a: Scizor|Bullet Punch|p1a: Kingambit
|-resisted|p1a: Kingambit
|-damage|p1a: Kingambit|76/100
|-enditem|p1a: Kingambit|Air Balloon
|move|p1a: Kingambit|Kowtow Cleave|p2a: Scizor
|-damage|p2a: Scizor|14/100
|
|-fieldend|Misty Terrain
|upkeep
|turn|12
|c|☆BLASfemia8145|gg
|c|☆Starry_horse|gg
|
|t:|1760733929
|move|p2a: Scizor|Bullet Punch|p1a: Kingambit
|-resisted|p1a: Kingambit
|-damage|p1a: Kingambit|57/100
|move|p1a: Kingambit|Sucker Punch||[still]
|-fail|p1a: Kingambit
|
|upkeep
|turn|13
|
|t:|1760733935
|move|p2a: Scizor|Bullet Punch|p1a: Kingambit
|-resisted|p1a: Kingambit
|-damage|p1a: Kingambit|38/100
|move|p1a: Kingambit|Kowtow Cleave|p2a: Scizor
|-damage|p2a: Scizor|0 fnt
|faint|p2a: Scizor
|
|win|Starry_horse
|raw|Starry_horse's rating: 1224 &rarr; <strong>1248</strong><br />(+24 for winning)
|raw|BLASfemia8145's rating: 1215 &rarr; <strong>1191</strong><br />(-24 for losing)
|c|☆Starry_horse|Just had to make sure you were banded
|l|☆BLASfemia8145
|player|p2|
|l|☆Starry_horse
|player|p1|
