|j|☆capone n norega
|j|‽Ausar489
|t:|1760724242
|gametype|singles
|player|p1|capone n norega|102|1559
|player|p2|Ausar489|unknown|1590
|gen|9
|tier|[Gen 9] OU
|rated|
|rule|HP Percentage Mod: HP is shown in percentages
|rule|Endless Battle Clause: Forcing endless battles is banned
|rule|Species Clause: Limit one of each Pokémon
|rule|OHKO Clause: OHKO moves are banned
|rule|Evasion Items Clause: Evasion items are banned
|rule|Evasion Moves Clause: Evasion moves are banned
|rule|Evasion Abilities Clause: Evasion abilities are banned
|rule|Sleep Moves Clause: Sleep-inducing moves are banned
|clearpoke
|poke|p1|Cloyster, F|
|poke|p1|Ninetales-Alola, M|
|poke|p1|Garchomp, M|
|poke|p1|Tentacruel, F|
|poke|p1|Iron Valiant|
|poke|p1|Dragonite, F|
|poke|p2|Ceruledge, M|
|poke|p2|Torkoal, F|
|poke|p2|Great Tusk|
|poke|p2|Walking Wake|
|poke|p2|Venusaur, F|
|poke|p2|Hatterene, F|
|teampreview
|inactive|Battle timer is ON: inactive players will automatically lose when time's up. (requested by capone n norega)
|
|t:|1760724270
|teamsize|p1|6
|teamsize|p2|6
|start
|switch|p1a: Tentacruel|Tentacruel, F|100/100
|switch|p2a: Great Tusk|Great Tusk|100/100
|turn|1
|
|t:|1760724281
|switch|p1a: Garchomp|Garchomp, M|100/100
|move|p2a: Great Tusk|Rapid Spin|p1a: Garchomp
|-damage|p1a: Garchomp|88/100
|-boost|p2a: Great Tusk|spe|1
|-damage|p2a: Great Tusk|88/100|[from] ability: Rough Skin|[of] p1a: Garchomp
|-damage|p2a: Great Tusk|72/100|[from] item: Rocky Helmet|[of] p1a: Garchomp
|
|upkeep
|turn|2
|
|t:|1760724289
|move|p2a: Great Tusk|Ice Spinner|p1a: Garchomp
|-supereffective|p1a: Garchomp
|-damage|p1a: Garchomp|11/100
|-damage|p2a: Great Tusk|59/100|[from] ability: Rough Skin|[of] p1a: Garchomp
|-damage|p2a: Great Tusk|43/100|[from] item: Rocky Helmet|[of] p1a: Garchomp
|move|p1a: Garchomp|Surf|p2a: Great Tusk
|-supereffective|p2a: Great Tusk
|-damage|p2a: Great Tusk|13/100
|
|upkeep
|turn|3
|
|t:|1760724306
|move|p2a: Great Tusk|Ice Spinner|p1a: Garchomp
|-supereffective|p1a: Garchomp
|-damage|p1a: Garchomp|0 fnt
|-damage|p2a: Great Tusk|0 fnt|[from] ability: Rough Skin|[of] p1a: Garchomp
|faint|p1a: Garchomp
|faint|p2a: Great Tusk
|-end|p2a: Great Tusk|Protosynthesis|[silent]
|
|upkeep
|inactive|Ausar489 has 120 seconds left.
|
|t:|1760724343
|switch|p2a: Torkoal|Torkoal, F|100/100
|switch|p1a: Tentacruel|Tentacruel, F|100/100
|-weather|SunnyDay|[from] ability: Drought|[of] p2a: Torkoal
|turn|4
|
|t:|1760724359
|switch|p2a: Hatterene|Hatterene, F|100/100
|move|p1a: Tentacruel|Sludge Bomb|p2a: Hatterene
|-supereffective|p2a: Hatterene
|-damage|p2a: Hatterene|48/100
|-enditem|p2a: Hatterene|Eject Button
|inactive|Ausar489 has 120 seconds left.
|
|t:|1760724376
|switch|p2a: Ceruledge|Ceruledge, M, shiny|100/100
|
|-weather|SunnyDay|[upkeep]
|upkeep
|turn|5
|
|t:|1760724383
|switch|p1a: Ninetales|Ninetales-Alola, M|100/100
|-weather|Snowscape|[from] ability: Snow Warning|[of] p1a: Ninetales
|move|p2a: Ceruledge|Swords Dance|p2a: Ceruledge
|-boost|p2a: Ceruledge|atk|2
|
|-weather|Snowscape|[upkeep]
|upkeep
|turn|6
|
|t:|1760724388
|move|p1a: Ninetales|Encore|p2a: Ceruledge
|-start|p2a: Ceruledge|Encore
|move|p2a: Ceruledge|Swords Dance|p2a: Ceruledge
|-boost|p2a: Ceruledge|atk|2
|
|-weather|Snowscape|[upkeep]
|upkeep
|turn|7
|
|t:|1760724394
|switch|p1a: Dragonite|Dragonite, F|100/100
|switch|p2a: Torkoal|Torkoal, F|100/100
|-weather|SunnyDay|[from] ability: Drought|[of] p2a: Torkoal
|
|-weather|SunnyDay|[upkeep]
|upkeep
|turn|8
|
|t:|1760724405
|switch|p2a: Hatterene|Hatterene, F|48/100
|move|p1a: Dragonite|Substitute|p1a: Dragonite
|-start|p1a: Dragonite|Substitute
|-damage|p1a: Dragonite|76/100
|
|-weather|SunnyDay|[upkeep]
|-heal|p1a: Dragonite|82/100|[from] item: Leftovers
|upkeep
|turn|9
|
|t:|1760724408
|move|p1a: Dragonite|Earthquake|p2a: Hatterene
|-damage|p2a: Hatterene|13/100
|move|p2a: Hatterene|Draining Kiss|p1a: Dragonite
|-supereffective|p1a: Dragonite
|-end|p1a: Dragonite|Substitute
|-heal|p2a: Hatterene|33/100|[from] drain|[of] p1a: Dragonite
|
|-weather|SunnyDay|[upkeep]
|-heal|p1a: Dragonite|88/100|[from] item: Leftovers
|upkeep
|turn|10
|
|t:|1760724417
|move|p1a: Dragonite|Earthquake|p2a: Hatterene
|-damage|p2a: Hatterene|0 fnt
|faint|p2a: Hatterene
|
|-weather|SunnyDay|[upkeep]
|-heal|p1a: Dragonite|94/100|[from] item: Leftovers
|upkeep
|
|t:|1760724420
|switch|p2a: Walking Wake|Walking Wake|100/100
|-activate|p2a: Walking Wake|ability: Protosynthesis
|-start|p2a: Walking Wake|protosynthesisspe
|turn|11
|
|t:|1760724442
|switch|p1a: Ninetales|Ninetales-Alola, M|100/100
|-weather|Snowscape|[from] ability: Snow Warning|[of] p1a: Ninetales
|-end|p2a: Walking Wake|Protosynthesis
|-terastallize|p2a: Walking Wake|Water
|move|p2a: Walking Wake|Hydro Steam|p1a: Ninetales
|-damage|p1a: Ninetales|16/100
|
|-weather|Snowscape|[upkeep]
|upkeep
|turn|12
|
|t:|1760724455
|switch|p1a: Dragonite|Dragonite, F|94/100
|move|p2a: Walking Wake|Hydro Steam|p1a: Dragonite
|-resisted|p1a: Dragonite
|-damage|p1a: Dragonite|52/100
|
|-weather|Snowscape|[upkeep]
|-heal|p1a: Dragonite|58/100|[from] item: Leftovers
|upkeep
|turn|13
|
|t:|1760724468
|-end|p2a: Walking Wake|Protosynthesis|[silent]
|switch|p2a: Torkoal|Torkoal, F|100/100
|-weather|SunnyDay|[from] ability: Drought|[of] p2a: Torkoal
|switch|p1a: Tentacruel|Tentacruel, F|100/100
|
|-weather|SunnyDay|[upkeep]
|upkeep
|turn|14
|
|t:|1760724477
|move|p1a: Tentacruel|Sludge Bomb|p2a: Torkoal
|-damage|p2a: Torkoal|66/100
|-status|p2a: Torkoal|psn
|move|p2a: Torkoal|Stealth Rock|p1a: Tentacruel
|-sidestart|p1: capone n norega|move: Stealth Rock
|
|-weather|SunnyDay|[upkeep]
|-damage|p2a: Torkoal|54/100 psn|[from] psn
|upkeep
|turn|15
|
|t:|1760724499
|switch|p2a: Venusaur|Venusaur, F|100/100
|move|p1a: Tentacruel|Knock Off|p2a: Venusaur
|-damage|p2a: Venusaur|79/100
|-enditem|p2a: Venusaur|Life Orb|[from] move: Knock Off|[of] p1a: Tentacruel
|
|-weather|SunnyDay|[upkeep]
|upkeep
|turn|16
|
|t:|1760724508
|move|p2a: Venusaur|Giga Drain|p1a: Tentacruel
|-damage|p1a: Tentacruel|75/100
|-heal|p2a: Venusaur|95/100|[from] drain|[of] p1a: Tentacruel
|move|p1a: Tentacruel|Rapid Spin|p2a: Venusaur
|-damage|p2a: Venusaur|83/100
|-boost|p1a: Tentacruel|spe|1
|-sideend|p1: capone n norega|Stealth Rock|[from] move: Rapid Spin|[of] p1a: Tentacruel
|
|-weather|SunnyDay|[upkeep]
|upkeep
|turn|17
|
|t:|1760724513
|move|p2a: Venusaur|Growth|p2a: Venusaur
|-boost|p2a: Venusaur|atk|2
|-boost|p2a: Venusaur|spa|2
|move|p1a: Tentacruel|Flip Turn|p2a: Venusaur
|-resisted|p2a: Venusaur
|-damage|p2a: Venusaur|78/100
|
|t:|1760724515
|switch|p1a: Ninetales|Ninetales-Alola, M|16/100|[from] Flip Turn
|-weather|Snowscape|[from] ability: Snow Warning|[of] p1a: Ninetales
|
|-weather|Snowscape|[upkeep]
|upkeep
|turn|18
|j| Capitaine Tenace
|inactive|capone n norega has 120 seconds left.
|
|t:|1760724550
|move|p1a: Ninetales|Freeze-Dry|p2a: Venusaur
|-supereffective|p2a: Venusaur
|-damage|p2a: Venusaur|32/100
|move|p2a: Venusaur|Giga Drain|p1a: Ninetales
|-damage|p1a: Ninetales|0 fnt
|-heal|p2a: Venusaur|41/100|[from] drain|[of] p1a: Ninetales
|faint|p1a: Ninetales
|
|-weather|Snowscape|[upkeep]
|upkeep
|
|t:|1760724571
|switch|p1a: Cloyster|Cloyster, F|100/100
|turn|19
|
|t:|1760724576
|switch|p2a: Torkoal|Torkoal, F|54/100 psn
|-weather|SunnyDay|[from] ability: Drought|[of] p2a: Torkoal
|move|p1a: Cloyster|Ice Shard|p2a: Torkoal
|-resisted|p2a: Torkoal
|-damage|p2a: Torkoal|44/100 psn
|
|-weather|SunnyDay|[upkeep]
|-damage|p2a: Torkoal|32/100 psn|[from] psn
|upkeep
|turn|20
|
|t:|1760724586
|move|p1a: Cloyster|Drill Run|p2a: Torkoal
|-supereffective|p2a: Torkoal
|-damage|p2a: Torkoal|0 fnt
|faint|p2a: Torkoal
|
|-weather|SunnyDay|[upkeep]
|upkeep
|
|t:|1760724605
|switch|p2a: Venusaur|Venusaur, F|41/100
|turn|21
|
|t:|1760724611
|move|p1a: Cloyster|Ice Shard|p2a: Venusaur
|-supereffective|p2a: Venusaur
|-damage|p2a: Venusaur|0 fnt
|faint|p2a: Venusaur
|
|-weather|SunnyDay|[upkeep]
|upkeep
|
|t:|1760724616
|switch|p2a: Walking Wake|Walking Wake, tera:Water|100/100
|-activate|p2a: Walking Wake|ability: Protosynthesis
|-start|p2a: Walking Wake|protosynthesisspe
|turn|22
|inactive|capone n norega has 120 seconds left.
|inactive|capone n norega has 90 seconds left.
|
|t:|1760724657
|move|p2a: Walking Wake|Hydro Steam|p1a: Cloyster
|-resisted|p1a: Cloyster
|-damage|p1a: Cloyster|0 fnt
|faint|p1a: Cloyster
|
|-weather|SunnyDay|[upkeep]
|upkeep
|inactive|capone n norega has 90 seconds left.
|
|t:|1760724663
|switch|p1a: Tentacruel|Tentacruel, F|75/100
|turn|23
|
|t:|1760724672
|-end|p2a: Walking Wake|Protosynthesis|[silent]
|switch|p2a: Ceruledge|Ceruledge, M, shiny|100/100
|move|p1a: Tentacruel|Knock Off|p2a: Ceruledge
|-supereffective|p2a: Ceruledge
|-damage|p2a: Ceruledge|50/100
|-ability|p2a: Ceruledge|Weak Armor|boost
|-unboost|p2a: Ceruledge|def|1
|-boost|p2a: Ceruledge|spe|2
|-enditem|p2a: Ceruledge|Focus Sash|[from] move: Knock Off|[of] p1a: Tentacruel
|
|-weather|SunnyDay|[upkeep]
|upkeep
|turn|24
|
|t:|1760724683
|move|p2a: Ceruledge|Bitter Blade|p1a: Tentacruel
|-resisted|p1a: Tentacruel
|-damage|p1a: Tentacruel|24/100
|-heal|p2a: Ceruledge|82/100|[from] drain|[of] p1a: Tentacruel
|move|p1a: Tentacruel|Knock Off|p2a: Ceruledge
|-supereffective|p2a: Ceruledge
|-damage|p2a: Ceruledge|35/100
|-ability|p2a: Ceruledge|Weak Armor|boost
|-unboost|p2a: Ceruledge|def|1
|-boost|p2a: Ceruledge|spe|2
|
|-weather|SunnyDay|[upkeep]
|upkeep
|turn|25
|
|t:|1760724689
|move|p2a: Ceruledge|Bitter Blade|p1a: Tentacruel
|-resisted|p1a: Tentacruel
|-damage|p1a: Tentacruel|0 fnt
|-heal|p2a: Ceruledge|49/100|[from] drain|[of] p1a: Tentacruel
|faint|p1a: Tentacruel
|
|-weather|SunnyDay|[upkeep]
|upkeep
|
|t:|1760724696
|switch|p1a: Dragonite|Dragonite, F|58/100
|turn|26
|
|t:|1760724710
|move|p2a: Ceruledge|Bitter Blade|p1a: Dragonite
|-resisted|p1a: Dragonite
|-damage|p1a: Dragonite|22/100
|-heal|p2a: Ceruledge|70/100|[from] drain|[of] p1a: Dragonite
|move|p1a: Dragonite|Earthquake|p2a: Ceruledge
|-supereffective|p2a: Ceruledge
|-damage|p2a: Ceruledge|0 fnt
|faint|p2a: Ceruledge
|
|-weather|none
|-heal|p1a: Dragonite|28/100|[from] item: Leftovers
|upkeep
|
|t:|1760724717
|switch|p2a: Walking Wake|Walking Wake, tera:Water|100/100
|turn|27
|
|t:|1760724728
|move|p2a: Walking Wake|Hydro Steam|p1a: Dragonite
|-resisted|p1a: Dragonite
|-damage|p1a: Dragonite|0 fnt
|faint|p1a: Dragonite
|
|upkeep
|
|t:|1760724731
|switch|p1a: Iron Valiant|Iron Valiant|100/100
|-enditem|p1a: Iron Valiant|Booster Energy
|-activate|p1a: Iron Valiant|ability: Quark Drive|[fromitem]
|-start|p1a: Iron Valiant|quarkdrivespe
|turn|28
|
|t:|1760724736
|-terastallize|p1a: Iron Valiant|Dark
|move|p1a: Iron Valiant|Knock Off|p2a: Walking Wake
|-damage|p2a: Walking Wake|41/100
|-enditem|p2a: Walking Wake|Choice Specs|[from] move: Knock Off|[of] p1a: Iron Valiant
|move|p2a: Walking Wake|Hydro Steam|p1a: Iron Valiant
|-damage|p1a: Iron Valiant|11/100
|
|upkeep
|turn|29
|
|t:|1760724745
|move|p1a: Iron Valiant|Close Combat|p2a: Walking Wake
|-damage|p2a: Walking Wake|0 fnt
|-unboost|p1a: Iron Valiant|def|1
|-unboost|p1a: Iron Valiant|spd|1
|faint|p2a: Walking Wake
|-end|p2a: Walking Wake|Protosynthesis|[silent]
|
|win|capone n norega
|raw|capone n norega's rating: 1559 &rarr; <strong>1581</strong><br />(+22 for winning)
|raw|Ausar489's rating: 1590 &rarr; <strong>1568</strong><br />(-22 for losing)
|l|☆capone n norega
|player|p1|
