|j|☆Chris466
|j|☆Hunter_of_Keys
|t:|1760839151
|gametype|singles
|player|p1|Chris466|red|1368
|player|p2|Hunter_of_Keys|veteran|1376
|gen|9
|tier|[Gen 9] OU
|rated|
|rule|HP Percentage Mod: HP is shown in percentages
|rule|Endless Battle Clause: Forcing endless battles is banned
|rule|Species Clause: Limit one of each Pokémon
|rule|OHKO Clause: OHKO moves are banned
|rule|Evasion Items Clause: Evasion items are banned
|rule|Evasion Moves Clause: Evasion moves are banned
|rule|Evasion Abilities Clause: Evasion abilities are banned
|rule|Sleep Moves Clause: Sleep-inducing moves are banned
|clearpoke
|poke|p1|Iron Valiant|
|poke|p1|Iron Treads|
|poke|p1|Araquanid, M|
|poke|p1|Garganacl, M|
|poke|p1|Gliscor, F|
|poke|p1|Hatterene, F|
|poke|p2|Gallade, M|
|poke|p2|Espeon, F|
|poke|p2|Indeedee, M|
|poke|p2|Cresselia, F|
|poke|p2|Rabsca, M|
|poke|p2|Bronzong|
|teampreview
|inactive|Battle timer is ON: inactive players will automatically lose when time's up. (requested by Hunter_of_Keys)
|
|t:|1760839157
|teamsize|p1|6
|teamsize|p2|6
|start
|switch|p1a: Araquanid|Araquanid, M|100/100
|switch|p2a: Espeon|Espeon, F|100/100
|turn|1
|
|t:|1760839160
|move|p2a: Espeon|Reflect|p2a: Espeon
|-sidestart|p2: Hunter_of_Keys|Reflect
|move|p1a: Araquanid|Leech Life|p2a: Espeon
|-supereffective|p2a: Espeon
|-damage|p2a: Espeon|78/100
|
|upkeep
|turn|2
|
|t:|1760839162
|move|p2a: Espeon|Light Screen|p2a: Espeon
|-sidestart|p2: Hunter_of_Keys|move: Light Screen
|move|p1a: Araquanid|Leech Life|p2a: Espeon
|-supereffective|p2a: Espeon
|-damage|p2a: Espeon|56/100
|
|upkeep
|turn|3
|
|t:|1760839164
|move|p2a: Espeon|Thunder Wave|p1a: Araquanid
|-status|p1a: Araquanid|par
|cant|p1a: Araquanid|par
|
|upkeep
|turn|4
|
|t:|1760839169
|switch|p2a: Bronzong|Bronzong|100/100
|cant|p1a: Araquanid|par
|
|upkeep
|turn|5
|
|t:|1760839173
|move|p2a: Bronzong|Iron Defense|p2a: Bronzong
|-boost|p2a: Bronzong|def|2
|move|p1a: Araquanid|Liquidation|p2a: Bronzong
|-damage|p2a: Bronzong|93/100
|
|-sideend|p2: Hunter_of_Keys|Reflect
|upkeep
|turn|6
|
|t:|1760839179
|switch|p1a: Hatterene|Hatterene, F|100/100
|move|p2a: Bronzong|Calm Mind|p2a: Bronzong
|-boost|p2a: Bronzong|spa|1
|-boost|p2a: Bronzong|spd|1
|
|-sideend|p2: Hunter_of_Keys|move: Light Screen
|upkeep
|turn|7
|
|t:|1760839185
|move|p1a: Hatterene|Nuzzle|p2a: Bronzong
|-damage|p2a: Bronzong|91/100
|-status|p2a: Bronzong|par
|cant|p2a: Bronzong|par
|
|upkeep
|turn|8
|
|t:|1760839190
|switch|p1a: Garganacl|Garganacl, M|100/100
|move|p2a: Bronzong|Calm Mind|p2a: Bronzong
|-boost|p2a: Bronzong|spa|1
|-boost|p2a: Bronzong|spd|1
|
|upkeep
|turn|9
|
|t:|1760839193
|move|p1a: Garganacl|Salt Cure|p2a: Bronzong
|-resisted|p2a: Bronzong
|-damage|p2a: Bronzong|88/100 par
|-start|p2a: Bronzong|Salt Cure
|move|p2a: Bronzong|Iron Defense|p2a: Bronzong
|-boost|p2a: Bronzong|def|2
|
|-damage|p2a: Bronzong|64/100 par|[from] Salt Cure
|upkeep
|turn|10
|
|t:|1760839204
|switch|p1a: Hatterene|Hatterene, F|100/100
|cant|p2a: Bronzong|par
|
|-damage|p2a: Bronzong|39/100 par|[from] Salt Cure
|upkeep
|-enditem|p2a: Bronzong|Sitrus Berry|[eat]
|-heal|p2a: Bronzong|64/100 par|[from] item: Sitrus Berry
|turn|11
|
|t:|1760839208
|move|p1a: Hatterene|Calm Mind|p1a: Hatterene
|-boost|p1a: Hatterene|spa|1
|-boost|p1a: Hatterene|spd|1
|move|p2a: Bronzong|Stored Power|p1a: Hatterene
|-resisted|p1a: Hatterene
|-damage|p1a: Hatterene|57/100
|
|-heal|p1a: Hatterene|63/100|[from] item: Leftovers
|-damage|p2a: Bronzong|39/100 par|[from] Salt Cure
|upkeep
|turn|12
|
|t:|1760839219
|move|p1a: Hatterene|Calm Mind|p1a: Hatterene
|-boost|p1a: Hatterene|spa|1
|-boost|p1a: Hatterene|spd|1
|cant|p2a: Bronzong|par
|
|-heal|p1a: Hatterene|69/100|[from] item: Leftovers
|-damage|p2a: Bronzong|14/100 par|[from] Salt Cure
|upkeep
|turn|13
|
|t:|1760839230
|switch|p2a: Cresselia|Cresselia, F|100/100
|-terastallize|p1a: Hatterene|Psychic
|move|p1a: Hatterene|Psychic|p2a: Cresselia
|-resisted|p2a: Cresselia
|-damage|p2a: Cresselia|70/100
|
|-heal|p1a: Hatterene|75/100|[from] item: Leftovers
|upkeep
|turn|14
|
|t:|1760839238
|move|p2a: Cresselia|Lunar Dance|p2a: Cresselia
|faint|p2a: Cresselia
|move|p1a: Hatterene|Calm Mind|p1a: Hatterene
|-boost|p1a: Hatterene|spa|1
|-boost|p1a: Hatterene|spd|1
|
|-heal|p1a: Hatterene|80/100|[from] item: Leftovers
|upkeep
|
|t:|1760839241
|switch|p2a: Bronzong|Bronzong|14/100 par
|-heal|p2a: Bronzong|100/100|[from] move: Lunar Dance
|turn|15
|
|t:|1760839244
|move|p1a: Hatterene|Nuzzle|p2a: Bronzong
|-damage|p2a: Bronzong|98/100
|-status|p2a: Bronzong|par
|move|p2a: Bronzong|Calm Mind|p2a: Bronzong
|-boost|p2a: Bronzong|spa|1
|-boost|p2a: Bronzong|spd|1
|
|-heal|p1a: Hatterene|86/100|[from] item: Leftovers
|upkeep
|turn|16
|
|t:|1760839249
|move|p1a: Hatterene|Calm Mind|p1a: Hatterene
|-boost|p1a: Hatterene|spa|1
|-boost|p1a: Hatterene|spd|1
|cant|p2a: Bronzong|par
|
|-heal|p1a: Hatterene|92/100|[from] item: Leftovers
|upkeep
|turn|17
|
|t:|1760839252
|move|p1a: Hatterene|Psychic|p2a: Bronzong
|-resisted|p2a: Bronzong
|-damage|p2a: Bronzong|79/100 par
|move|p2a: Bronzong|Calm Mind|p2a: Bronzong
|-boost|p2a: Bronzong|spa|1
|-boost|p2a: Bronzong|spd|1
|
|-heal|p1a: Hatterene|98/100|[from] item: Leftovers
|upkeep
|turn|18
|
|t:|1760839261
|switch|p1a: Garganacl|Garganacl, M|100/100
|cant|p2a: Bronzong|par
|
|upkeep
|turn|19
|
|t:|1760839264
|move|p1a: Garganacl|Salt Cure|p2a: Bronzong
|-resisted|p2a: Bronzong
|-damage|p2a: Bronzong|73/100 par
|-start|p2a: Bronzong|Salt Cure
|cant|p2a: Bronzong|par
|
|-damage|p2a: Bronzong|48/100 par|[from] Salt Cure
|upkeep
|turn|20
|
|t:|1760839272
|switch|p1a: Hatterene|Hatterene, F, tera:Psychic|98/100
|move|p2a: Bronzong|Stored Power|p1a: Hatterene
|-resisted|p1a: Hatterene
|-damage|p1a: Hatterene|65/100
|
|-heal|p1a: Hatterene|71/100|[from] item: Leftovers
|-damage|p2a: Bronzong|23/100 par|[from] Salt Cure
|upkeep
|turn|21
|
|t:|1760839281
|switch|p2a: Espeon|Espeon, F|56/100
|move|p1a: Hatterene|Calm Mind|p1a: Hatterene
|-boost|p1a: Hatterene|spa|1
|-boost|p1a: Hatterene|spd|1
|
|-heal|p1a: Hatterene|77/100|[from] item: Leftovers
|upkeep
|turn|22
|
|t:|1760839284
|move|p2a: Espeon|Light Screen|p2a: Espeon
|-sidestart|p2: Hunter_of_Keys|move: Light Screen
|move|p1a: Hatterene|Nuzzle|p2a: Espeon
|-damage|p2a: Espeon|51/100
|-status|p2a: Espeon|par
|
|-heal|p1a: Hatterene|83/100|[from] item: Leftovers
|upkeep
|turn|23
|
|t:|1760839287
|switch|p2a: Gallade|Gallade, M|100/100
|move|p1a: Hatterene|Calm Mind|p1a: Hatterene
|-boost|p1a: Hatterene|spa|1
|-boost|p1a: Hatterene|spd|1
|
|-heal|p1a: Hatterene|89/100|[from] item: Leftovers
|upkeep
|turn|24
|
|t:|1760839290
|-terastallize|p2a: Gallade|Dark
|move|p2a: Gallade|Night Slash|p1a: Hatterene
|-supereffective|p1a: Hatterene
|-damage|p1a: Hatterene|0 fnt
|faint|p1a: Hatterene
|
|upkeep
|
|t:|1760839294
|switch|p1a: Iron Valiant|Iron Valiant|100/100
|turn|25
|
|t:|1760839296
|move|p1a: Iron Valiant|Swords Dance|p1a: Iron Valiant
|-boost|p1a: Iron Valiant|atk|2
|move|p2a: Gallade|Psycho Cut|p1a: Iron Valiant
|-supereffective|p1a: Iron Valiant
|-damage|p1a: Iron Valiant|0 fnt
|faint|p1a: Iron Valiant
|-end|p1a: Iron Valiant|Quark Drive|[silent]
|
|upkeep
|
|t:|1760839307
|switch|p1a: Garganacl|Garganacl, M|100/100
|turn|26
|
|t:|1760839314
|switch|p2a: Espeon|Espeon, F|51/100 par
|move|p1a: Garganacl|Salt Cure|p2a: Espeon
|-damage|p2a: Espeon|37/100 par
|-start|p2a: Espeon|Salt Cure
|
|-damage|p2a: Espeon|24/100 par|[from] Salt Cure
|-sideend|p2: Hunter_of_Keys|move: Light Screen
|upkeep
|turn|27
|
|t:|1760839318
|move|p2a: Espeon|Reflect|p2a: Espeon
|-sidestart|p2: Hunter_of_Keys|Reflect
|move|p1a: Garganacl|Curse|p1a: Garganacl
|-unboost|p1a: Garganacl|spe|1
|-boost|p1a: Garganacl|atk|1
|-boost|p1a: Garganacl|def|1
|
|-damage|p2a: Espeon|12/100 par|[from] Salt Cure
|upkeep
|turn|28
|
|t:|1760839321
|cant|p2a: Espeon|par
|move|p1a: Garganacl|Curse|p1a: Garganacl
|-unboost|p1a: Garganacl|spe|1
|-boost|p1a: Garganacl|atk|1
|-boost|p1a: Garganacl|def|1
|
|-damage|p2a: Espeon|0 fnt|[from] Salt Cure
|faint|p2a: Espeon
|upkeep
|
|t:|1760839329
|switch|p2a: Gallade|Gallade, M, tera:Dark|100/100
|turn|29
|
|t:|1760839332
|move|p2a: Gallade|Sacred Sword|p1a: Garganacl
|-supereffective|p1a: Garganacl
|-damage|p1a: Garganacl|2/100
|move|p1a: Garganacl|Salt Cure|p2a: Gallade
|-damage|p2a: Gallade|76/100
|-start|p2a: Gallade|Salt Cure
|
|-heal|p1a: Garganacl|9/100|[from] item: Leftovers
|-damage|p2a: Gallade|63/100|[from] Salt Cure
|upkeep
|turn|30
|
|t:|1760839338
|switch|p1a: Gliscor|Gliscor, F|100/100
|move|p2a: Gallade|Sacred Sword|p1a: Gliscor
|-resisted|p1a: Gliscor
|-damage|p1a: Gliscor|75/100
|
|-damage|p2a: Gallade|51/100|[from] Salt Cure
|-status|p1a: Gliscor|tox|[from] item: Toxic Orb
|upkeep
|turn|31
|
|t:|1760839347
|switch|p2a: Indeedee|Indeedee, M|100/100
|-fieldstart|move: Psychic Terrain|[from] ability: Psychic Surge|[of] p2a: Indeedee
|move|p1a: Gliscor|Protect||[still]
|-fail|p1a: Gliscor
|
|-heal|p1a: Gliscor|88/100 tox|[from] ability: Poison Heal
|-sideend|p2: Hunter_of_Keys|Reflect
|upkeep
|turn|32
|
|t:|1760839351
|move|p2a: Indeedee|Healing Wish|p2a: Indeedee
|faint|p2a: Indeedee
|move|p1a: Gliscor|Spikes|p2: Indeedee
|-sidestart|p2: Hunter_of_Keys|Spikes
|
|-heal|p1a: Gliscor|99/100 tox|[from] ability: Poison Heal
|upkeep
|
|t:|1760839353
|switch|p2a: Bronzong|Bronzong|23/100 par
|-heal|p2a: Bronzong|100/100|[from] move: Healing Wish
|turn|33
|
|t:|1760839359
|move|p1a: Gliscor|U-turn|p2a: Bronzong
|-damage|p2a: Bronzong|89/100
|
|t:|1760839362
|switch|p1a: Garganacl|Garganacl, M|9/100|[from] U-turn
|move|p2a: Bronzong|Iron Defense|p2a: Bronzong
|-boost|p2a: Bronzong|def|2
|
|-heal|p1a: Garganacl|15/100|[from] item: Leftovers
|upkeep
|turn|34
|
|t:|1760839363
|move|p1a: Garganacl|Salt Cure|p2a: Bronzong
|-resisted|p2a: Bronzong
|-damage|p2a: Bronzong|86/100
|-start|p2a: Bronzong|Salt Cure
|move|p2a: Bronzong|Body Press|p1a: Garganacl
|-supereffective|p1a: Garganacl
|-damage|p1a: Garganacl|0 fnt
|faint|p1a: Garganacl
|
|-damage|p2a: Bronzong|61/100|[from] Salt Cure
|upkeep
|
|t:|1760839366
|switch|p1a: Iron Treads|Iron Treads|100/100
|-enditem|p1a: Iron Treads|Booster Energy
|-activate|p1a: Iron Treads|ability: Quark Drive|[fromitem]
|-start|p1a: Iron Treads|quarkdrivedef
|turn|35
|
|t:|1760839368
|move|p1a: Iron Treads|Stealth Rock|p2a: Bronzong
|-sidestart|p2: Hunter_of_Keys|move: Stealth Rock
|move|p2a: Bronzong|Body Press|p1a: Iron Treads
|-supereffective|p1a: Iron Treads
|-damage|p1a: Iron Treads|44/100
|
|-damage|p2a: Bronzong|36/100|[from] Salt Cure
|upkeep
|turn|36
|
|t:|1760839371
|move|p1a: Iron Treads|Knock Off|p2a: Bronzong
|-supereffective|p2a: Bronzong
|-damage|p2a: Bronzong|24/100
|move|p2a: Bronzong|Body Press|p1a: Iron Treads
|-supereffective|p1a: Iron Treads
|-damage|p1a: Iron Treads|0 fnt
|faint|p1a: Iron Treads
|-end|p1a: Iron Treads|Quark Drive|[silent]
|
|-damage|p2a: Bronzong|0 fnt|[from] Salt Cure
|faint|p2a: Bronzong
|upkeep
|
|t:|1760839378
|switch|p1a: Gliscor|Gliscor, F|99/100 tox
|switch|p2a: Rabsca|Rabsca, M|100/100
|-damage|p2a: Rabsca|88/100|[from] Spikes
|-damage|p2a: Rabsca|63/100|[from] Stealth Rock
|turn|37
|
|t:|1760839382
|move|p1a: Gliscor|Spikes|p2a: Rabsca
|-sidestart|p2: Hunter_of_Keys|Spikes
|move|p2a: Rabsca|Revival Blessing|p2a: Rabsca
|-enditem|p2a: Rabsca|Leppa Berry|[eat]
|-activate|p2a: Rabsca|item: Leppa Berry|Revival Blessing|[consumed]
|
|t:|1760839392
|-heal|p2: Cresselia|50/100|[from] move: Revival Blessing
|
|-heal|p1a: Gliscor|100/100 tox|[from] ability: Poison Heal
|upkeep
|turn|38
|
|t:|1760839398
|move|p1a: Gliscor|Poison Jab|p2a: Rabsca
|-damage|p2a: Rabsca|47/100
|move|p2a: Rabsca|Revival Blessing|p2a: Rabsca
|
|t:|1760839401
|-heal|p2: Bronzong|50/100|[from] move: Revival Blessing
|
|-fieldend|move: Psychic Terrain
|upkeep
|turn|39
|
|t:|1760839406
|move|p1a: Gliscor|Spikes|p2a: Rabsca
|-sidestart|p2: Hunter_of_Keys|Spikes
|move|p2a: Rabsca|Psychic Noise|p1a: Gliscor
|-damage|p1a: Gliscor|75/100 tox
|-start|p1a: Gliscor|move: Heal Block
|
|upkeep
|turn|40
|
|t:|1760839411
|move|p1a: Gliscor|Poison Jab|p2a: Rabsca
|-damage|p2a: Rabsca|31/100
|move|p2a: Rabsca|Speed Swap|p1a: Gliscor
|-activate|p2a: Rabsca|move: Speed Swap|[of] p1a: Gliscor
|
|-end|p1a: Gliscor|move: Heal Block
|upkeep
|turn|41
|
|t:|1760839418
|move|p2a: Rabsca|Psychic Noise|p1a: Gliscor
|-damage|p1a: Gliscor|48/100 tox
|-start|p1a: Gliscor|move: Heal Block
|move|p1a: Gliscor|U-turn|p2a: Rabsca
|-supereffective|p2a: Rabsca
|-damage|p2a: Rabsca|4/100
|
|t:|1760839421
|switch|p1a: Araquanid|Araquanid, M|100/100 par|[from] U-turn
|
|upkeep
|turn|42
|
|t:|1760839426
|move|p2a: Rabsca|Psychic Noise|p1a: Araquanid
|-damage|p1a: Araquanid|79/100 par
|-start|p1a: Araquanid|move: Heal Block
|cant|p1a: Araquanid|move: Heal Block|Rest
|
|upkeep
|turn|43
|
|t:|1760839434
|move|p2a: Rabsca|Psychic Noise|p1a: Araquanid
|-damage|p1a: Araquanid|57/100 par
|move|p1a: Araquanid|Sleep Talk||[still]
|-fail|p1a: Araquanid
|
|-end|p1a: Araquanid|move: Heal Block
|upkeep
|turn|44
|
|t:|1760839438
|move|p2a: Rabsca|Psychic Noise|p1a: Araquanid
|-damage|p1a: Araquanid|36/100 par
|-start|p1a: Araquanid|move: Heal Block
|cant|p1a: Araquanid|move: Heal Block|Leech Life
|
|upkeep
|turn|45
|
|t:|1760839443
|move|p2a: Rabsca|Psychic Noise|p1a: Araquanid
|-damage|p1a: Araquanid|17/100 par
|move|p1a: Araquanid|Liquidation|p2a: Rabsca
|-damage|p2a: Rabsca|0 fnt
|faint|p2a: Rabsca
|
|-end|p1a: Araquanid|move: Heal Block
|upkeep
|
|t:|1760839454
|switch|p2a: Gallade|Gallade, M, tera:Dark|51/100
|-damage|p2a: Gallade|26/100|[from] Spikes
|-damage|p2a: Gallade|14/100|[from] Stealth Rock
|turn|46
|
|t:|1760839457
|move|p2a: Gallade|Psycho Cut|p1a: Araquanid
|-damage|p1a: Araquanid|0 fnt
|faint|p1a: Araquanid
|
|upkeep
|
|t:|1760839459
|switch|p1a: Gliscor|Gliscor, F|48/100 tox
|turn|47
|
|t:|1760839462
|move|p1a: Gliscor|Protect|p1a: Gliscor
|-singleturn|p1a: Gliscor|Protect
|move|p2a: Gallade|Ice Punch|p1a: Gliscor
|-activate|p1a: Gliscor|move: Protect
|
|-heal|p1a: Gliscor|61/100 tox|[from] ability: Poison Heal
|upkeep
|turn|48
|
|t:|1760839465
|move|p2a: Gallade|Ice Punch|p1a: Gliscor
|-supereffective|p1a: Gliscor
|-damage|p1a: Gliscor|0 fnt
|faint|p1a: Gliscor
|
|win|Hunter_of_Keys
|raw|Chris466's rating: 1368 &rarr; <strong>1348</strong><br />(-20 for losing)
|raw|Hunter_of_Keys's rating: 1376 &rarr; <strong>1396</strong><br />(+20 for winning)
|l|☆Chris466
|player|p1|
|l|☆Hunter_of_Keys
|player|p2|
