|j|☆snoppp
|j|☆waterdrinker48
|t:|1760851293
|gametype|singles
|player|p1|snoppp|bruno|1256
|player|p2|waterdrinker48|miku-ghost|1236
|gen|9
|tier|[Gen 9] OU
|rated|
|rule|HP Percentage Mod: HP is shown in percentages
|rule|Endless Battle Clause: Forcing endless battles is banned
|rule|Species Clause: Limit one of each Pokémon
|rule|OHKO Clause: OHKO moves are banned
|rule|Evasion Items Clause: Evasion items are banned
|rule|Evasion Moves Clause: Evasion moves are banned
|rule|Evasion Abilities Clause: Evasion abilities are banned
|rule|Sleep Moves Clause: Sleep-inducing moves are banned
|clearpoke
|poke|p1|Tyranitar, F|
|poke|p1|Excadrill, F|
|poke|p1|Pecharunt|
|poke|p1|Hatterene, F|
|poke|p1|Ogerpon-Wellspring, F|
|poke|p1|Dragapult, M|
|poke|p2|Iron Crown|
|poke|p2|Dragonite, F|
|poke|p2|Kingambit, M|
|poke|p2|Enamorus, F|
|poke|p2|Maushold|
|poke|p2|Meowscarada, F|
|teampreview
|inactive|Battle timer is ON: inactive players will automatically lose when time's up. (requested by waterdrinker48)
|
|t:|1760851317
|teamsize|p1|6
|teamsize|p2|6
|start
|switch|p1a: Tyranitar|Tyranitar, F|100/100
|switch|p2a: Meowscarada|Meowscarada, F|100/100
|-weather|Sandstorm|[from] ability: Sand Stream|[of] p1a: Tyranitar
|turn|1
|
|t:|1760851325
|move|p2a: Meowscarada|Flower Trick|p1a: Tyranitar
|-start|p2a: Meowscarada|typechange|Grass|[from] ability: Protean
|-supereffective|p1a: Tyranitar
|-crit|p1a: Tyranitar
|-damage|p1a: Tyranitar|0 fnt
|faint|p1a: Tyranitar
|
|-weather|Sandstorm|[upkeep]
|-damage|p2a: Meowscarada|94/100|[from] Sandstorm
|upkeep
|
|t:|1760851330
|switch|p1a: Pecharunt|Pecharunt|100/100
|turn|2
|
|t:|1760851333
|switch|p2a: Iron Crown|Iron Crown|100/100
|move|p1a: Pecharunt|Parting Shot|p2a: Iron Crown
|-unboost|p2a: Iron Crown|atk|1
|-unboost|p2a: Iron Crown|spa|1
|
|t:|1760851337
|switch|p1a: Excadrill|Excadrill, F|100/100|[from] Parting Shot
|-item|p1a: Excadrill|Air Balloon
|
|-weather|Sandstorm|[upkeep]
|upkeep
|turn|3
|
|t:|1760851342
|move|p1a: Excadrill|Earthquake|p2a: Iron Crown
|-supereffective|p2a: Iron Crown
|-damage|p2a: Iron Crown|0 fnt
|faint|p2a: Iron Crown
|-end|p2a: Iron Crown|Quark Drive|[silent]
|
|-weather|Sandstorm|[upkeep]
|upkeep
|
|t:|1760851351
|switch|p2a: Meowscarada|Meowscarada, F|94/100
|turn|4
|
|t:|1760851368
|switch|p1a: Pecharunt|Pecharunt|100/100
|move|p2a: Meowscarada|Flower Trick|p1a: Pecharunt
|-start|p2a: Meowscarada|typechange|Grass|[from] ability: Protean
|-resisted|p1a: Pecharunt
|-crit|p1a: Pecharunt
|-damage|p1a: Pecharunt|83/100
|
|-weather|Sandstorm|[upkeep]
|-damage|p2a: Meowscarada|88/100|[from] Sandstorm
|-damage|p1a: Pecharunt|77/100|[from] Sandstorm
|upkeep
|turn|5
|
|t:|1760851377
|switch|p2a: Kingambit|Kingambit, M|100/100
|-activate|p2a: Kingambit|ability: Supreme Overlord
|-start|p2a: Kingambit|fallen1|[silent]
|-item|p2a: Kingambit|Air Balloon
|move|p1a: Pecharunt|Parting Shot|p2a: Kingambit
|-unboost|p2a: Kingambit|atk|1
|-unboost|p2a: Kingambit|spa|1
|
|t:|1760851381
|switch|p1a: Excadrill|Excadrill, F|100/100|[from] Parting Shot
|-item|p1a: Excadrill|Air Balloon
|
|-weather|none
|upkeep
|turn|6
|
|t:|1760851386
|-end|p2a: Kingambit|fallen1|[silent]
|switch|p2a: Meowscarada|Meowscarada, F|88/100
|move|p1a: Excadrill|Rock Slide|p2a: Meowscarada
|-damage|p2a: Meowscarada|44/100
|
|upkeep
|turn|7
|
|t:|1760851393
|switch|p1a: Hatterene|Hatterene, F|100/100
|move|p2a: Meowscarada|Knock Off|p1a: Hatterene
|-start|p2a: Meowscarada|typechange|Dark|[from] ability: Protean
|-damage|p1a: Hatterene|20/100
|-enditem|p1a: Hatterene|Assault Vest|[from] move: Knock Off|[of] p2a: Meowscarada
|
|upkeep
|turn|8
|
|t:|1760851398
|move|p2a: Meowscarada|Knock Off|p1a: Hatterene
|-damage|p1a: Hatterene|0 fnt
|faint|p1a: Hatterene
|
|upkeep
|
|t:|1760851401
|switch|p1a: Ogerpon|Ogerpon-Wellspring, F|100/100
|turn|9
|
|t:|1760851406
|move|p2a: Meowscarada|Knock Off|p1a: Ogerpon
|-damage|p1a: Ogerpon|44/100
|move|p1a: Ogerpon|Ivy Cudgel|p2a: Meowscarada|[anim] Ivy Cudgel Water
|-damage|p2a: Meowscarada|0 fnt
|faint|p2a: Meowscarada
|
|upkeep
|
|t:|1760851408
|switch|p2a: Maushold|Maushold|100/100
|turn|10
|
|t:|1760851412
|move|p2a: Maushold|U-turn|p1a: Ogerpon
|-supereffective|p1a: Ogerpon
|-damage|p1a: Ogerpon|2/100
|
|t:|1760851415
|switch|p2a: Enamorus|Enamorus, F|100/100|[from] U-turn
|move|p1a: Ogerpon|Ivy Cudgel|p2a: Enamorus|[anim] Ivy Cudgel Water
|-damage|p2a: Enamorus|13/100
|
|upkeep
|turn|11
|
|t:|1760851420
|move|p2a: Enamorus|Moonblast|p1a: Ogerpon
|-damage|p1a: Ogerpon|0 fnt
|faint|p1a: Ogerpon
|
|upkeep
|
|t:|1760851423
|switch|p1a: Excadrill|Excadrill, F|100/100
|-item|p1a: Excadrill|Air Balloon
|turn|12
|
|t:|1760851427
|move|p2a: Enamorus|Moonblast|p1a: Excadrill
|-resisted|p1a: Excadrill
|-damage|p1a: Excadrill|64/100
|-enditem|p1a: Excadrill|Air Balloon
|move|p1a: Excadrill|Rock Slide|p2a: Enamorus
|-supereffective|p2a: Enamorus
|-damage|p2a: Enamorus|0 fnt
|faint|p2a: Enamorus
|
|upkeep
|
|t:|1760851435
|switch|p2a: Dragonite|Dragonite, F|100/100
|turn|13
|
|t:|1760851440
|move|p1a: Excadrill|Rock Slide|p2a: Dragonite
|-supereffective|p2a: Dragonite
|-damage|p2a: Dragonite|71/100
|move|p2a: Dragonite|Dragon Dance|p2a: Dragonite
|-boost|p2a: Dragonite|atk|1
|-boost|p2a: Dragonite|spe|1
|
|upkeep
|turn|14
|
|t:|1760851452
|-terastallize|p1a: Excadrill|Ground
|move|p2a: Dragonite|Earthquake|p1a: Excadrill
|-damage|p1a: Excadrill|0 fnt
|faint|p1a: Excadrill
|
|upkeep
|
|t:|1760851455
|switch|p1a: Pecharunt|Pecharunt|77/100
|turn|15
|
|t:|1760851458
|move|p2a: Dragonite|Earthquake|p1a: Pecharunt
|-supereffective|p1a: Pecharunt
|-damage|p1a: Pecharunt|23/100
|move|p1a: Pecharunt|Malignant Chain|p2a: Dragonite
|-damage|p2a: Dragonite|36/100
|
|upkeep
|turn|16
|
|t:|1760851463
|move|p2a: Dragonite|Earthquake|p1a: Pecharunt
|-supereffective|p1a: Pecharunt
|-crit|p1a: Pecharunt
|-damage|p1a: Pecharunt|0 fnt
|faint|p1a: Pecharunt
|
|upkeep
|
|t:|1760851464
|switch|p1a: Dragapult|Dragapult, M|100/100
|turn|17
|
|t:|1760851467
|move|p1a: Dragapult|Dragon Darts|p2a: Dragonite
|-supereffective|p2a: Dragonite
|-damage|p2a: Dragonite|0 fnt
|faint|p2a: Dragonite
|
|upkeep
|
|t:|1760851469
|switch|p2a: Maushold|Maushold|100/100
|turn|18
|
|t:|1760851473
|move|p1a: Dragapult|Will-O-Wisp|p2a: Maushold
|-status|p2a: Maushold|brn
|move|p2a: Maushold|Tidy Up|p2a: Maushold
|-boost|p2a: Maushold|atk|1
|-boost|p2a: Maushold|spe|1
|
|-damage|p2a: Maushold|94/100 brn|[from] brn
|upkeep
|turn|19
|
|t:|1760851475
|move|p2a: Maushold|Encore|p1a: Dragapult
|-start|p1a: Dragapult|Encore
|move|p1a: Dragapult|Will-O-Wisp|p2a: Maushold
|-fail|p2a: Maushold|brn
|
|-damage|p2a: Maushold|88/100 brn|[from] brn
|upkeep
|turn|20
|
|t:|1760851478
|move|p2a: Maushold|Tidy Up|p2a: Maushold
|-boost|p2a: Maushold|atk|1
|-boost|p2a: Maushold|spe|1
|move|p1a: Dragapult|Will-O-Wisp|p2a: Maushold
|-fail|p2a: Maushold|brn
|
|-damage|p2a: Maushold|82/100 brn|[from] brn
|upkeep
|turn|21
|
|t:|1760851480
|move|p2a: Maushold|Tidy Up|p2a: Maushold
|-boost|p2a: Maushold|atk|1
|-boost|p2a: Maushold|spe|1
|move|p1a: Dragapult|Will-O-Wisp|p2a: Maushold
|-fail|p2a: Maushold|brn
|
|-damage|p2a: Maushold|76/100 brn|[from] brn
|-end|p1a: Dragapult|Encore
|upkeep
|turn|22
|
|t:|1760851483
|move|p2a: Maushold|Encore|p1a: Dragapult
|-start|p1a: Dragapult|Encore
|move|p1a: Dragapult|Will-O-Wisp|p2a: Maushold
|-fail|p2a: Maushold|brn
|
|-damage|p2a: Maushold|69/100 brn|[from] brn
|upkeep
|turn|23
|
|t:|1760851485
|move|p2a: Maushold|Tidy Up|p2a: Maushold
|-boost|p2a: Maushold|atk|1
|-boost|p2a: Maushold|spe|1
|move|p1a: Dragapult|Will-O-Wisp|p2a: Maushold
|-fail|p2a: Maushold|brn
|
|-damage|p2a: Maushold|63/100 brn|[from] brn
|upkeep
|turn|24
|
|t:|1760851491
|move|p2a: Maushold|Tidy Up|p2a: Maushold
|-boost|p2a: Maushold|atk|1
|-boost|p2a: Maushold|spe|1
|move|p1a: Dragapult|Will-O-Wisp|p2a: Maushold|[miss]
|-miss|p1a: Dragapult|p2a: Maushold
|
|-damage|p2a: Maushold|57/100 brn|[from] brn
|-end|p1a: Dragapult|Encore
|upkeep
|turn|25
|
|t:|1760851495
|move|p2a: Maushold|Encore|p1a: Dragapult
|-start|p1a: Dragapult|Encore
|move|p1a: Dragapult|Will-O-Wisp|p2a: Maushold
|-fail|p2a: Maushold|brn
|
|-damage|p2a: Maushold|51/100 brn|[from] brn
|upkeep
|turn|26
|
|t:|1760851496
|move|p2a: Maushold|Tidy Up|p2a: Maushold
|-boost|p2a: Maushold|atk|1
|-boost|p2a: Maushold|spe|1
|move|p1a: Dragapult|Will-O-Wisp|p2a: Maushold
|-fail|p2a: Maushold|brn
|
|-damage|p2a: Maushold|44/100 brn|[from] brn
|upkeep
|turn|27
|
|t:|1760851501
|move|p2a: Maushold|Tidy Up||[still]
|-fail|p2a: Maushold
|move|p1a: Dragapult|Will-O-Wisp|p2a: Maushold
|-fail|p2a: Maushold|brn
|
|-damage|p2a: Maushold|38/100 brn|[from] brn
|-end|p1a: Dragapult|Encore
|upkeep
|turn|28
|
|t:|1760851506
|move|p2a: Maushold|Encore|p1a: Dragapult
|-start|p1a: Dragapult|Encore
|move|p1a: Dragapult|Will-O-Wisp|p2a: Maushold
|-fail|p2a: Maushold|brn
|
|-damage|p2a: Maushold|32/100 brn|[from] brn
|upkeep
|turn|29
|
|t:|1760851510
|move|p2a: Maushold|Tidy Up||[still]
|-fail|p2a: Maushold
|move|p1a: Dragapult|Will-O-Wisp|p2a: Maushold
|-fail|p2a: Maushold|brn
|
|-damage|p2a: Maushold|26/100 brn|[from] brn
|upkeep
|turn|30
|-message|snoppp forfeited.
|
|win|waterdrinker48
|raw|snoppp's rating: 1256 &rarr; <strong>1230</strong><br />(-26 for losing)
|raw|waterdrinker48's rating: 1236 &rarr; <strong>1262</strong><br />(+26 for winning)
|l|☆snoppp
|player|p1|
|l|☆waterdrinker48
|player|p2|
