|j|☆babajeje
|j|☆Igoodnamename
|t:|1760868025
|gametype|singles
|player|p1|babajeje|1|1380
|player|p2|Igoodnamename|medium|1319
|gen|9
|tier|[Gen 9] OU
|rated|
|rule|HP Percentage Mod: HP is shown in percentages
|rule|Endless Battle Clause: Forcing endless battles is banned
|rule|Species Clause: Limit one of each Pokémon
|rule|OHKO Clause: OHKO moves are banned
|rule|Evasion Items Clause: Evasion items are banned
|rule|Evasion Moves Clause: Evasion moves are banned
|rule|Evasion Abilities Clause: Evasion abilities are banned
|rule|Sleep Moves Clause: Sleep-inducing moves are banned
|clearpoke
|poke|p1|Mismagius, M|
|poke|p1|Araquanid, M|
|poke|p1|Ogerpon, F|
|poke|p1|Zamazenta-*|
|poke|p1|Heatran, F|
|poke|p1|Iron Treads|
|poke|p2|Thundurus-Therian, M|
|poke|p2|Rotom-Wash|
|poke|p2|Excadrill, F|
|poke|p2|Hatterene, F|
|poke|p2|Garganacl, F|
|poke|p2|Darkrai|
|teampreview
|
|t:|1760868046
|teamsize|p1|6
|teamsize|p2|6
|start
|switch|p1a: Araquanid|Araquanid, M|100/100
|switch|p2a: Garganacl|Garganacl, F|100/100
|turn|1
|
|t:|1760868050
|move|p1a: Araquanid|Liquidation|p2a: Garganacl
|-supereffective|p2a: Garganacl
|-damage|p2a: Garganacl|29/100
|-unboost|p2a: Garganacl|def|1
|move|p2a: Garganacl|Salt Cure|p1a: Araquanid
|-supereffective|p1a: Araquanid
|-damage|p1a: Araquanid|72/100
|-start|p1a: Araquanid|Salt Cure
|
|-heal|p2a: Garganacl|35/100|[from] item: Leftovers
|-damage|p1a: Araquanid|47/100|[from] Salt Cure
|upkeep
|turn|2
|
|t:|1760868066
|switch|p1a: Ogerpon|Ogerpon, F|100/100
|switch|p2a: Hatterene|Hatterene, F|100/100
|
|upkeep
|turn|3
|
|t:|1760868072
|move|p1a: Ogerpon|Ivy Cudgel|p2a: Hatterene
|-damage|p2a: Hatterene|60/100
|move|p2a: Hatterene|Nuzzle|p1a: Ogerpon
|-resisted|p1a: Ogerpon
|-damage|p1a: Ogerpon|98/100
|-status|p1a: Ogerpon|par
|
|upkeep
|turn|4
|
|t:|1760868077
|cant|p1a: Ogerpon|par
|move|p2a: Hatterene|Pain Split|p1a: Ogerpon
|-sethp|p1a: Ogerpon|81/100 par|[from] move: Pain Split|[silent]
|-sethp|p2a: Hatterene|76/100|[from] move: Pain Split
|
|upkeep
|turn|5
|
|t:|1760868082
|switch|p1a: Araquanid|Araquanid, M|47/100
|move|p2a: Hatterene|Psychic Noise|p1a: Araquanid
|-damage|p1a: Araquanid|21/100
|-start|p1a: Araquanid|move: Heal Block
|
|upkeep
|turn|6
|
|t:|1760868089
|switch|p1a: Iron Treads|Iron Treads|100/100
|move|p2a: Hatterene|Nuzzle|p1a: Iron Treads
|-immune|p1a: Iron Treads
|
|upkeep
|turn|7
|
|t:|1760868103
|switch|p2a: Excadrill|Excadrill, F|100/100
|-ability|p2a: Excadrill|Mold Breaker
|-item|p2a: Excadrill|Air Balloon
|move|p1a: Iron Treads|Iron Head|p2a: Excadrill
|-resisted|p2a: Excadrill
|-damage|p2a: Excadrill|77/100
|-enditem|p2a: Excadrill|Air Balloon
|
|upkeep
|turn|8
|
|t:|1760868113
|move|p1a: Iron Treads|Earthquake|p2a: Excadrill
|-supereffective|p2a: Excadrill
|-damage|p2a: Excadrill|0 fnt
|faint|p2a: Excadrill
|
|upkeep
|
|t:|1760868117
|switch|p2a: Rotom|Rotom-Wash|100/100
|turn|9
|
|t:|1760868121
|-end|p1a: Iron Treads|Quark Drive|[silent]
|switch|p1a: Ogerpon|Ogerpon, F|81/100 par
|move|p2a: Rotom|Hydro Pump|p1a: Ogerpon
|-resisted|p1a: Ogerpon
|-damage|p1a: Ogerpon|58/100 par
|
|upkeep
|turn|10
|
|t:|1760868125
|move|p2a: Rotom|Volt Switch|p1a: Ogerpon
|-resisted|p1a: Ogerpon
|-damage|p1a: Ogerpon|44/100 par
|
|t:|1760868129
|switch|p2a: Thundurus|Thundurus-Therian, M|100/100|[from] Volt Switch
|move|p1a: Ogerpon|Ivy Cudgel|p2a: Thundurus
|-resisted|p2a: Thundurus
|-damage|p2a: Thundurus|66/100
|
|upkeep
|turn|11
|
|t:|1760868135
|move|p2a: Thundurus|Grass Knot|p1a: Ogerpon
|-resisted|p1a: Ogerpon
|-damage|p1a: Ogerpon|24/100 par
|move|p1a: Ogerpon|Play Rough|p2a: Thundurus
|-damage|p2a: Thundurus|24/100
|
|upkeep
|turn|12
|
|t:|1760868142
|switch|p2a: Hatterene|Hatterene, F|76/100
|cant|p1a: Ogerpon|par
|
|upkeep
|turn|13
|
|t:|1760868145
|move|p1a: Ogerpon|Ivy Cudgel|p2a: Hatterene
|-damage|p2a: Hatterene|35/100
|move|p2a: Hatterene|Psychic Noise|p1a: Ogerpon
|-damage|p1a: Ogerpon|0 fnt
|faint|p1a: Ogerpon
|
|upkeep
|
|t:|1760868161
|switch|p1a: Iron Treads|Iron Treads|100/100
|turn|14
|
|t:|1760868166
|switch|p2a: Rotom|Rotom-Wash|100/100
|move|p1a: Iron Treads|Iron Head|p2a: Rotom
|-resisted|p2a: Rotom
|-damage|p2a: Rotom|94/100
|
|-heal|p2a: Rotom|99/100|[from] item: Leftovers
|upkeep
|turn|15
|
|t:|1760868185
|-end|p1a: Iron Treads|Quark Drive|[silent]
|switch|p1a: FlutterMain|Mismagius, M|100/100
|move|p2a: Rotom|Hydro Pump|p1a: FlutterMain
|-damage|p1a: FlutterMain|46/100
|
|-heal|p2a: Rotom|100/100|[from] item: Leftovers
|upkeep
|turn|16
|
|t:|1760868191
|move|p1a: FlutterMain|Draining Kiss|p2a: Rotom
|-damage|p2a: Rotom|80/100
|-heal|p1a: FlutterMain|64/100|[from] drain|[of] p2a: Rotom
|-damage|p1a: FlutterMain|54/100|[from] item: Life Orb
|move|p2a: Rotom|Hydro Pump|p1a: FlutterMain
|-damage|p1a: FlutterMain|2/100
|
|-heal|p2a: Rotom|87/100|[from] item: Leftovers
|upkeep
|turn|17
|
|t:|1760868199
|move|p1a: FlutterMain|Shadow Ball|p2a: Rotom
|-damage|p2a: Rotom|34/100
|-damage|p1a: FlutterMain|0 fnt|[from] item: Life Orb
|faint|p1a: FlutterMain
|move|p2a: Rotom|Volt Switch|p1: FlutterMain|[notarget]
|-fail|p2a: Rotom
|
|-heal|p2a: Rotom|40/100|[from] item: Leftovers
|upkeep
|
|t:|1760868211
|switch|p1a: Zamazenta|Zamazenta|100/100
|-ability|p1a: Zamazenta|Dauntless Shield|boost
|-boost|p1a: Zamazenta|def|1
|turn|18
|
|t:|1760868218
|move|p1a: Zamazenta|Iron Defense|p1a: Zamazenta
|-boost|p1a: Zamazenta|def|2
|move|p2a: Rotom|Will-O-Wisp|p1a: Zamazenta
|-status|p1a: Zamazenta|brn
|
|-heal|p2a: Rotom|46/100|[from] item: Leftovers
|-damage|p1a: Zamazenta|94/100 brn|[from] brn
|upkeep
|turn|19
|
|t:|1760868221
|move|p1a: Zamazenta|Body Press|p2a: Rotom
|-damage|p2a: Rotom|11/100
|move|p2a: Rotom|Pain Split|p1a: Zamazenta
|-sethp|p1a: Zamazenta|52/100 brn|[from] move: Pain Split|[silent]
|-sethp|p2a: Rotom|60/100|[from] move: Pain Split
|
|-heal|p1a: Zamazenta|58/100 brn|[from] item: Leftovers
|-heal|p2a: Rotom|66/100|[from] item: Leftovers
|-damage|p1a: Zamazenta|52/100 brn|[from] brn
|upkeep
|turn|20
|
|t:|1760868225
|move|p1a: Zamazenta|Iron Defense|p1a: Zamazenta
|-boost|p1a: Zamazenta|def|2
|move|p2a: Rotom|Hydro Pump|p1a: Zamazenta
|-damage|p1a: Zamazenta|16/100 brn
|
|-heal|p1a: Zamazenta|22/100 brn|[from] item: Leftovers
|-heal|p2a: Rotom|72/100|[from] item: Leftovers
|-damage|p1a: Zamazenta|16/100 brn|[from] brn
|upkeep
|turn|21
|
|t:|1760868228
|move|p1a: Zamazenta|Body Press|p2a: Rotom
|-damage|p2a: Rotom|18/100
|move|p2a: Rotom|Volt Switch|p1a: Zamazenta
|-damage|p1a: Zamazenta|0 fnt
|faint|p1a: Zamazenta
|
|t:|1760868242
|switch|p2a: Hatterene|Hatterene, F|35/100|[from] Volt Switch
|
|upkeep
|
|t:|1760868247
|switch|p1a: Heatran|Heatran, F|100/100
|-item|p1a: Heatran|Air Balloon
|turn|22
|
|t:|1760868249
|move|p1a: Heatran|Magma Storm|p2a: Hatterene
|-damage|p2a: Hatterene|0 fnt
|faint|p2a: Hatterene
|
|upkeep
|
|t:|1760868260
|switch|p2a: Thundurus|Thundurus-Therian, M|24/100
|turn|23
|
|t:|1760868265
|switch|p1a: Iron Treads|Iron Treads|100/100
|move|p2a: Thundurus|Thunderbolt|p1a: Iron Treads
|-immune|p1a: Iron Treads
|
|upkeep
|turn|24
|
|t:|1760868271
|-end|p1a: Iron Treads|Quark Drive|[silent]
|switch|p1a: Heatran|Heatran, F|100/100
|-item|p1a: Heatran|Air Balloon
|switch|p2a: Garganacl|Garganacl, F|35/100
|
|-heal|p2a: Garganacl|42/100|[from] item: Leftovers
|upkeep
|turn|25
|
|t:|1760868277
|move|p1a: Heatran|Magma Storm|p2a: Garganacl
|-resisted|p2a: Garganacl
|-damage|p2a: Garganacl|25/100
|-activate|p2a: Garganacl|move: Magma Storm|[of] p1a: Heatran
|move|p2a: Garganacl|Recover|p2a: Garganacl
|-heal|p2a: Garganacl|75/100
|
|-heal|p2a: Garganacl|81/100|[from] item: Leftovers
|-damage|p2a: Garganacl|68/100|[from] move: Magma Storm|[partiallytrapped]
|upkeep
|turn|26
|
|t:|1760868282
|move|p1a: Heatran|Earth Power|p2a: Garganacl
|-supereffective|p2a: Garganacl
|-damage|p2a: Garganacl|25/100
|move|p2a: Garganacl|Salt Cure|p1a: Heatran
|-damage|p1a: Heatran|90/100
|-start|p1a: Heatran|Salt Cure
|-enditem|p1a: Heatran|Air Balloon
|
|-heal|p2a: Garganacl|31/100|[from] item: Leftovers
|-damage|p1a: Heatran|66/100|[from] Salt Cure
|-damage|p2a: Garganacl|19/100|[from] move: Magma Storm|[partiallytrapped]
|upkeep
|turn|27
|
|t:|1760868292
|switch|p1a: Iron Treads|Iron Treads|100/100
|move|p2a: Garganacl|Protect||[still]
|-fail|p2a: Garganacl
|
|-heal|p2a: Garganacl|25/100|[from] item: Leftovers
|-end|p2a: Garganacl|Magma Storm|[partiallytrapped]|[silent]
|upkeep
|turn|28
|
|t:|1760868295
|move|p1a: Iron Treads|Iron Head|p2a: Garganacl
|-supereffective|p2a: Garganacl
|-damage|p2a: Garganacl|0 fnt
|faint|p2a: Garganacl
|
|upkeep
|
|t:|1760868305
|switch|p2a: Darkrai|Darkrai|100/100
|turn|29
|
|t:|1760868310
|move|p2a: Darkrai|Dark Pulse|p1a: Iron Treads
|-damage|p1a: Iron Treads|63/100
|cant|p1a: Iron Treads|flinch
|
|upkeep
|turn|30
|
|t:|1760868316
|move|p2a: Darkrai|Dark Pulse|p1a: Iron Treads
|-damage|p1a: Iron Treads|28/100
|cant|p1a: Iron Treads|flinch
|
|upkeep
|turn|31
|
|t:|1760868320
|move|p2a: Darkrai|Dark Pulse|p1a: Iron Treads
|-damage|p1a: Iron Treads|0 fnt
|faint|p1a: Iron Treads
|-end|p1a: Iron Treads|Quark Drive|[silent]
|
|upkeep
|
|t:|1760868323
|switch|p1a: Heatran|Heatran, F|66/100
|turn|32
|
|t:|1760868326
|move|p2a: Darkrai|Dark Pulse|p1a: Heatran
|-damage|p1a: Heatran|30/100
|move|p1a: Heatran|Magma Storm|p2a: Darkrai
|-damage|p2a: Darkrai|29/100
|-activate|p2a: Darkrai|move: Magma Storm|[of] p1a: Heatran
|
|-damage|p2a: Darkrai|17/100|[from] move: Magma Storm|[partiallytrapped]
|upkeep
|turn|33
|
|t:|1760868336
|switch|p1a: Araquanid|Araquanid, M|21/100
|move|p2a: Darkrai|Dark Pulse|p1a: Araquanid
|-damage|p1a: Araquanid|0 fnt
|faint|p1a: Araquanid
|
|-end|p2a: Darkrai|Magma Storm|[partiallytrapped]|[silent]
|upkeep
|-message|babajeje forfeited.
|
|win|Igoodnamename
|raw|babajeje's rating: 1380 &rarr; <strong>1357</strong><br />(-23 for losing)
|raw|Igoodnamename's rating: 1319 &rarr; <strong>1342</strong><br />(+23 for winning)
|l|☆babajeje
|player|p1|
|l|☆Igoodnamename
|player|p2|
