|j|☆PuroChillido123
|j|☆v1rtuegam1ng
|t:|1760823866
|gametype|singles
|player|p1|PuroChillido123|swimmerf|1164
|player|p2|v1rtuegam1ng|169|1161
|gen|9
|tier|[Gen 9] OU
|rated|
|rule|HP Percentage Mod: HP is shown in percentages
|rule|Endless Battle Clause: Forcing endless battles is banned
|rule|Species Clause: Limit one of each Pokémon
|rule|OHKO Clause: OHKO moves are banned
|rule|Evasion Items Clause: Evasion items are banned
|rule|Evasion Moves Clause: Evasion moves are banned
|rule|Evasion Abilities Clause: Evasion abilities are banned
|rule|Sleep Moves Clause: Sleep-inducing moves are banned
|clearpoke
|poke|p1|Salamence, M|
|poke|p1|Zapdos-Galar|
|poke|p1|Ribombee, M|
|poke|p1|Sinistcha-Masterpiece|
|poke|p1|Scizor, M|
|poke|p1|Inteleon, F|
|poke|p2|Empoleon, M|
|poke|p2|Serperior, F|
|poke|p2|Chesnaught, F|
|poke|p2|Infernape, F|
|poke|p2|Skeledirge, M|
|poke|p2|Greninja-*, M|
|teampreview
|inactive|Battle timer is ON: inactive players will automatically lose when time's up. (requested by PuroChillido123)
|
|t:|1760823874
|teamsize|p1|6
|teamsize|p2|6
|start
|switch|p1a: Ribombee|Ribombee, M, shiny|100/100
|switch|p2a: Greninja|Greninja, M|100/100
|turn|1
|
|t:|1760823886
|move|p1a: Ribombee|Sticky Web|p2a: Greninja
|-sidestart|p2: v1rtuegam1ng|move: Sticky Web
|move|p2a: Greninja|U-turn|p1a: Ribombee
|-start|p2a: Greninja|typechange|Bug|[from] ability: Protean
|-resisted|p1a: Ribombee
|-damage|p1a: Ribombee|52/100
|
|t:|1760823892
|switch|p2a: Serperior|Serperior, F|100/100|[from] U-turn
|-activate|p2a: Serperior|move: Sticky Web
|-boost|p2a: Serperior|spe|1
|
|upkeep
|turn|2
|
|t:|1760823899
|move|p2a: Serperior|Substitute|p2a: Serperior
|-start|p2a: Serperior|Substitute
|-damage|p2a: Serperior|76/100
|move|p1a: Ribombee|Stun Spore|p2a: Serperior
|-immune|p2a: Serperior
|
|-heal|p2a: Serperior|82/100|[from] item: Leftovers
|upkeep
|turn|3
|
|t:|1760823906
|move|p2a: Serperior|Leaf Storm|p1a: Ribombee
|-resisted|p1a: Ribombee
|-damage|p1a: Ribombee|20/100
|-boost|p2a: Serperior|spa|2
|move|p1a: Ribombee|Moonblast|p2a: Serperior
|-end|p2a: Serperior|Substitute
|
|-heal|p2a: Serperior|88/100|[from] item: Leftovers
|upkeep
|turn|4
|
|t:|1760823917
|move|p2a: Serperior|Leaf Storm|p1a: Ribombee
|-resisted|p1a: Ribombee
|-damage|p1a: Ribombee|0 fnt
|-boost|p2a: Serperior|spa|2
|faint|p1a: Ribombee
|
|-heal|p2a: Serperior|94/100|[from] item: Leftovers
|upkeep
|
|t:|1760823926
|switch|p1a: Scizor|Scizor, M, shiny|100/100
|turn|5
|
|t:|1760823938
|switch|p2a: Chesnaught|Chesnaught, F|100/100
|-activate|p2a: Chesnaught|move: Sticky Web
|-unboost|p2a: Chesnaught|spe|1
|move|p1a: Scizor|Dual Wingbeat|p2a: Chesnaught
|-supereffective|p2a: Chesnaught
|-damage|p2a: Chesnaught|15/100
|-supereffective|p2a: Chesnaught
|-damage|p2a: Chesnaught|0 fnt
|faint|p2a: Chesnaught
|-hitcount|p2: Chesnaught|2
|
|upkeep
|
|t:|1760823951
|switch|p2a: Skeledirge|Skeledirge, M|100/100
|-activate|p2a: Skeledirge|move: Sticky Web
|-unboost|p2a: Skeledirge|spe|1
|turn|6
|
|t:|1760823968
|switch|p1a: Inteleon|Inteleon, F, shiny|100/100
|move|p2a: Skeledirge|Will-O-Wisp|p1a: Inteleon
|-status|p1a: Inteleon|brn
|
|-damage|p1a: Inteleon|94/100 brn|[from] brn
|upkeep
|turn|7
|
|t:|1760823981
|switch|p2a: Empoleon|Empoleon, M|100/100
|-activate|p2a: Empoleon|move: Sticky Web
|-unboost|p2a: Empoleon|spe|1
|-ability|p2a: Empoleon|Competitive|boost
|-boost|p2a: Empoleon|spa|2
|move|p1a: Inteleon|Snipe Shot|p2a: Empoleon
|-resisted|p2a: Empoleon
|-damage|p2a: Empoleon|84/100
|
|-heal|p2a: Empoleon|90/100|[from] item: Leftovers
|-damage|p1a: Inteleon|88/100 brn|[from] brn
|upkeep
|turn|8
|inactive|PuroChillido123 has 120 seconds left.
|
|t:|1760824024
|switch|p1a: Sinistcha|Sinistcha-Masterpiece|100/100
|move|p2a: Empoleon|Stealth Rock|p1a: Sinistcha
|-sidestart|p1: PuroChillido123|move: Stealth Rock
|
|-heal|p2a: Empoleon|96/100|[from] item: Leftovers
|upkeep
|turn|9
|
|t:|1760824034
|move|p1a: Sinistcha|Matcha Gotcha|p2a: Empoleon
|-damage|p2a: Empoleon|60/100
|move|p2a: Empoleon|Air Slash|p1a: Sinistcha|[miss]
|-miss|p2a: Empoleon|p1a: Sinistcha
|
|-heal|p2a: Empoleon|67/100|[from] item: Leftovers
|upkeep
|turn|10
|
|t:|1760824052
|move|p1a: Sinistcha|Matcha Gotcha|p2a: Empoleon
|-damage|p2a: Empoleon|34/100
|-status|p2a: Empoleon|brn
|move|p2a: Empoleon|Air Slash|p1a: Sinistcha
|-supereffective|p1a: Sinistcha
|-damage|p1a: Sinistcha|0 fnt
|faint|p1a: Sinistcha
|
|-heal|p2a: Empoleon|40/100 brn|[from] item: Leftovers
|-damage|p2a: Empoleon|34/100 brn|[from] brn
|upkeep
|
|t:|1760824065
|switch|p1a: Zapdos|Zapdos-Galar|100/100
|-damage|p1a: Zapdos|88/100|[from] Stealth Rock
|turn|11
|inactive|PuroChillido123 has 90 seconds left.
|
|t:|1760824084
|switch|p2a: Skeledirge|Skeledirge, M|100/100
|-activate|p2a: Skeledirge|move: Sticky Web
|-unboost|p2a: Skeledirge|spe|1
|move|p1a: Zapdos|Close Combat|p2a: Skeledirge
|-immune|p2a: Skeledirge
|
|upkeep
|turn|12
|inactive|PuroChillido123 has 90 seconds left.
|
|t:|1760824096
|switch|p1a: Inteleon|Inteleon, F, shiny|88/100 brn
|-damage|p1a: Inteleon|76/100 brn|[from] Stealth Rock
|move|p2a: Skeledirge|Torch Song|p1a: Inteleon
|-resisted|p1a: Inteleon
|-damage|p1a: Inteleon|52/100 brn
|-boost|p2a: Skeledirge|spa|1
|
|-damage|p1a: Inteleon|46/100 brn|[from] brn
|upkeep
|turn|13
|
|t:|1760824106
|switch|p2a: Empoleon|Empoleon, M|34/100 brn
|-activate|p2a: Empoleon|move: Sticky Web
|-unboost|p2a: Empoleon|spe|1
|-ability|p2a: Empoleon|Competitive|boost
|-boost|p2a: Empoleon|spa|2
|move|p1a: Inteleon|Snipe Shot|p2a: Empoleon
|-resisted|p2a: Empoleon
|-crit|p2a: Empoleon
|-damage|p2a: Empoleon|0 fnt
|faint|p2a: Empoleon
|
|-damage|p1a: Inteleon|40/100 brn|[from] brn
|upkeep
|
|t:|1760824118
|switch|p2a: Greninja|Greninja, M|100/100
|-activate|p2a: Greninja|move: Sticky Web
|-unboost|p2a: Greninja|spe|1
|turn|14
|inactive|PuroChillido123 has 90 seconds left.
|
|t:|1760824147
|move|p1a: Inteleon|Air Cutter|p2a: Greninja
|-damage|p2a: Greninja|71/100
|move|p2a: Greninja|U-turn|p1a: Inteleon
|-start|p2a: Greninja|typechange|Bug|[from] ability: Protean
|-damage|p1a: Inteleon|0 fnt
|faint|p1a: Inteleon
|
|t:|1760824159
|switch|p2a: Infernape|Infernape, F|100/100|[from] U-turn
|-activate|p2a: Infernape|move: Sticky Web
|-unboost|p2a: Infernape|spe|1
|
|upkeep
|inactive|PuroChillido123 has 90 seconds left.
|
|t:|1760824171
|switch|p1a: Salamence|Salamence, M, shiny|100/100
|-damage|p1a: Salamence|76/100|[from] Stealth Rock
|-ability|p1a: Salamence|Intimidate|boost
|-unboost|p2a: Infernape|atk|1
|turn|15
|inactive|PuroChillido123 has 90 seconds left.
|
|t:|1760824185
|switch|p2a: Skeledirge|Skeledirge, M|100/100
|-activate|p2a: Skeledirge|move: Sticky Web
|-unboost|p2a: Skeledirge|spe|1
|move|p1a: Salamence|Hurricane|p2a: Skeledirge|[miss]
|-miss|p1a: Salamence|p2a: Skeledirge
|
|upkeep
|turn|16
|inactive|PuroChillido123 has 90 seconds left.
|
|t:|1760824193
|move|p1a: Salamence|Hurricane|p2a: Skeledirge
|-damage|p2a: Skeledirge|46/100
|-start|p2a: Skeledirge|confusion
|-activate|p2a: Skeledirge|confusion
|move|p2a: Skeledirge|Torch Song|p1a: Salamence
|-resisted|p1a: Salamence
|-damage|p1a: Salamence|59/100
|-boost|p2a: Skeledirge|spa|1
|
|-heal|p2a: Skeledirge|52/100|[from] item: Leftovers
|upkeep
|turn|17
|
|t:|1760824204
|move|p1a: Salamence|Hurricane|p2a: Skeledirge
|-damage|p2a: Skeledirge|0 fnt
|faint|p2a: Skeledirge
|
|upkeep
|
|t:|1760824210
|switch|p2a: Serperior|Serperior, F|94/100
|-activate|p2a: Serperior|move: Sticky Web
|-boost|p2a: Serperior|spe|1
|turn|18
|
|t:|1760824216
|-terastallize|p1a: Salamence|Steel
|move|p2a: Serperior|Substitute|p2a: Serperior
|-start|p2a: Serperior|Substitute
|-damage|p2a: Serperior|69/100
|move|p1a: Salamence|Hurricane|p2a: Serperior|[miss]
|-miss|p1a: Salamence|p2a: Serperior
|
|-heal|p2a: Serperior|76/100|[from] item: Leftovers
|upkeep
|turn|19
|
|t:|1760824228
|move|p2a: Serperior|Leech Seed|p1a: Salamence
|-start|p1a: Salamence|move: Leech Seed
|move|p1a: Salamence|Hurricane|p2a: Serperior|[miss]
|-miss|p1a: Salamence|p2a: Serperior
|
|-heal|p2a: Serperior|82/100|[from] item: Leftovers
|-damage|p1a: Salamence|46/100|[from] Leech Seed|[of] p2a: Serperior
|-heal|p2a: Serperior|93/100|[silent]
|upkeep
|turn|20
|
|t:|1760824236
|move|p2a: Serperior|Leaf Storm|p1a: Salamence
|-resisted|p1a: Salamence
|-damage|p1a: Salamence|25/100
|-boost|p2a: Serperior|spa|2
|move|p1a: Salamence|Hurricane|p2a: Serperior
|-supereffective|p2a: Serperior
|-end|p2a: Serperior|Substitute
|
|-heal|p2a: Serperior|99/100|[from] item: Leftovers
|-damage|p1a: Salamence|13/100|[from] Leech Seed|[of] p2a: Serperior
|-heal|p2a: Serperior|100/100|[silent]
|upkeep
|turn|21
|inactive|PuroChillido123 has 120 seconds left.
|
|t:|1760824246
|move|p2a: Serperior|Substitute|p2a: Serperior
|-start|p2a: Serperior|Substitute
|-damage|p2a: Serperior|76/100
|move|p1a: Salamence|Hurricane|p2a: Serperior|[miss]
|-miss|p1a: Salamence|p2a: Serperior
|
|-heal|p2a: Serperior|82/100|[from] item: Leftovers
|-damage|p1a: Salamence|0 fnt|[from] Leech Seed|[of] p2a: Serperior
|-heal|p2a: Serperior|93/100|[silent]
|faint|p1a: Salamence
|upkeep
|inactive|PuroChillido123 has 120 seconds left.
|
|t:|1760824257
|switch|p1a: Scizor|Scizor, M, shiny|100/100
|-damage|p1a: Scizor|88/100|[from] Stealth Rock
|turn|22
|
|t:|1760824264
|move|p2a: Serperior|Leaf Storm|p1a: Scizor
|-resisted|p1a: Scizor
|-damage|p1a: Scizor|67/100
|-boost|p2a: Serperior|spa|2
|move|p1a: Scizor|Dual Wingbeat|p2a: Serperior
|-supereffective|p2a: Serperior
|-end|p2a: Serperior|Substitute
|-supereffective|p2a: Serperior
|-damage|p2a: Serperior|20/100
|-hitcount|p2a: Serperior|2
|
|-heal|p2a: Serperior|26/100|[from] item: Leftovers
|upkeep
|turn|23
|
|t:|1760824275
|move|p2a: Serperior|Leaf Storm|p1a: Scizor
|-resisted|p1a: Scizor
|-damage|p1a: Scizor|37/100
|-boost|p2a: Serperior|spa|2
|move|p1a: Scizor|Dual Wingbeat|p2a: Serperior|[miss]
|-miss|p1a: Scizor|p2a: Serperior
|
|-heal|p2a: Serperior|32/100|[from] item: Leftovers
|upkeep
|turn|24
|
|t:|1760824290
|move|p2a: Serperior|Dragon Pulse|p1a: Scizor
|-resisted|p1a: Scizor
|-damage|p1a: Scizor|0 fnt
|faint|p1a: Scizor
|
|-heal|p2a: Serperior|39/100|[from] item: Leftovers
|upkeep
|
|t:|1760824301
|switch|p1a: Zapdos|Zapdos-Galar|88/100
|-damage|p1a: Zapdos|76/100|[from] Stealth Rock
|turn|25
|c|☆v1rtuegam1ng|gg
|
|t:|1760824319
|move|p2a: Serperior|Dragon Pulse|p1a: Zapdos
|-damage|p1a: Zapdos|29/100
|move|p1a: Zapdos|Knock Off|p2a: Serperior
|-damage|p2a: Serperior|6/100
|-enditem|p2a: Serperior|Leftovers|[from] move: Knock Off|[of] p1a: Zapdos
|
|upkeep
|turn|26
|
|t:|1760824333
|move|p2a: Serperior|Dragon Pulse|p1a: Zapdos
|-damage|p1a: Zapdos|0 fnt
|faint|p1a: Zapdos
|
|win|v1rtuegam1ng
|raw|PuroChillido123's rating: 1164 &rarr; <strong>1139</strong><br />(-25 for losing)
|raw|v1rtuegam1ng's rating: 1161 &rarr; <strong>1186</strong><br />(+25 for winning)
|l|☆v1rtuegam1ng
|player|p2|
