|j|☆axcen
|j|☆hahuahbuh
|t:|1760804423
|gametype|singles
|player|p1|axcen|palmer|1341
|player|p2|hahuahbuh|sonia-masters|1284
|gen|9
|tier|[Gen 9] OU
|rated|
|rule|HP Percentage Mod: HP is shown in percentages
|rule|Endless Battle Clause: Forcing endless battles is banned
|rule|Species Clause: Limit one of each Pokémon
|rule|OHKO Clause: OHKO moves are banned
|rule|Evasion Items Clause: Evasion items are banned
|rule|Evasion Moves Clause: Evasion moves are banned
|rule|Evasion Abilities Clause: Evasion abilities are banned
|rule|Sleep Moves Clause: Sleep-inducing moves are banned
|clearpoke
|poke|p1|Arbok, F|
|poke|p1|Keldeo|
|poke|p1|Electrode-Hisui|
|poke|p1|Bombirdier, M|
|poke|p1|Lokix, F|
|poke|p1|Corviknight, M|
|poke|p2|Moltres|
|poke|p2|Zamazenta-*|
|poke|p2|Darkrai|
|poke|p2|Hydrapple, M|
|poke|p2|Ting-Lu|
|poke|p2|Tinkaton, F|
|teampreview
|
|t:|1760804440
|teamsize|p1|6
|teamsize|p2|6
|start
|switch|p1a: Bombirdier|Bombirdier, M|100/100
|switch|p2a: Moltres|Moltres|100/100
|turn|1
|
|t:|1760804449
|switch|p2a: Ting-Lu|Ting-Lu|100/100
|-ability|p2a: Ting-Lu|Vessel of Ruin
|move|p1a: Bombirdier|Stealth Rock|p2a: Ting-Lu
|-sidestart|p2: hahuahbuh|move: Stealth Rock
|
|upkeep
|turn|2
|
|t:|1760804457
|move|p1a: Bombirdier|Thief|p2a: Ting-Lu
|-resisted|p2a: Ting-Lu
|-damage|p2a: Ting-Lu|93/100
|-enditem|p2a: Ting-Lu|Leftovers|[silent]|[from] move: Thief|[of] p1a: Bombirdier
|-item|p1a: Bombirdier|Leftovers|[from] move: Thief|[of] p2a: Ting-Lu
|move|p2a: Ting-Lu|Spikes|p1a: Bombirdier
|-sidestart|p1: axcen|Spikes
|
|upkeep
|turn|3
|
|t:|1760804468
|switch|p1a: Arbok|Arbok, F|100/100
|-damage|p1a: Arbok|88/100|[from] Spikes
|move|p2a: Ting-Lu|Spikes|p1a: Arbok
|-sidestart|p1: axcen|Spikes
|
|upkeep
|turn|4
|inactive|Battle timer is ON: inactive players will automatically lose when time's up. (requested by axcen)
|
|t:|1760804504
|move|p1a: Arbok|Coil|p1a: Arbok
|-boost|p1a: Arbok|atk|1
|-boost|p1a: Arbok|def|1
|-boost|p1a: Arbok|accuracy|1
|move|p2a: Ting-Lu|Ruination|p1a: Arbok
|-damage|p1a: Arbok|44/100
|
|upkeep
|turn|5
|
|t:|1760804512
|-terastallize|p1a: Arbok|Flying
|move|p1a: Arbok|Coil|p1a: Arbok
|-boost|p1a: Arbok|atk|1
|-boost|p1a: Arbok|def|1
|-boost|p1a: Arbok|accuracy|1
|move|p2a: Ting-Lu|Whirlwind|p1a: Arbok
|drag|p1a: Corviknight|Corviknight, M|100/100
|
|upkeep
|turn|6
|
|t:|1760804523
|switch|p2a: Moltres|Moltres|100/100
|move|p1a: Corviknight|Defog|p2a: Moltres
|-unboost|p2a: Moltres|evasion|1
|-sideend|p2: hahuahbuh|Stealth Rock|[from] move: Defog|[of] p1a: Corviknight
|-sideend|p1: axcen|Spikes|[from] move: Defog|[of] p1a: Corviknight
|
|upkeep
|turn|7
|inactive|hahuahbuh has 120 seconds left.
|
|t:|1760804557
|switch|p1a: Keldeo|Keldeo|100/100
|move|p2a: Moltres|Flamethrower|p1a: Keldeo
|-resisted|p1a: Keldeo
|-damage|p1a: Keldeo|80/100
|
|upkeep
|turn|8
|
|t:|1760804568
|switch|p2a: Hydrapple|Hydrapple, M|100/100
|move|p1a: Keldeo|Surf|p2a: Hydrapple
|-resisted|p2a: Hydrapple
|-damage|p2a: Hydrapple|83/100
|
|upkeep
|turn|9
|
|t:|1760804576
|switch|p1a: Bombirdier|Bombirdier, M|100/100
|move|p2a: Hydrapple|Giga Drain|p1a: Bombirdier
|-resisted|p1a: Bombirdier
|-damage|p1a: Bombirdier|76/100
|-heal|p2a: Hydrapple|91/100|[from] drain|[of] p1a: Bombirdier
|
|-heal|p1a: Bombirdier|82/100|[from] item: Leftovers
|upkeep
|turn|10
|
|t:|1760804587
|move|p1a: Bombirdier|Stealth Rock|p2a: Hydrapple
|-sidestart|p2: hahuahbuh|move: Stealth Rock
|move|p2a: Hydrapple|Fickle Beam|p1a: Bombirdier
|-damage|p1a: Bombirdier|37/100
|
|-heal|p1a: Bombirdier|43/100|[from] item: Leftovers
|upkeep
|turn|11
|
|t:|1760804596
|move|p1a: Bombirdier|Foul Play|p2a: Hydrapple
|-damage|p2a: Hydrapple|79/100
|move|p2a: Hydrapple|Fickle Beam|p1a: Bombirdier
|-damage|p1a: Bombirdier|0 fnt
|faint|p1a: Bombirdier
|
|upkeep
|
|t:|1760804608
|switch|p1a: Lokix|Lokix, F|100/100
|turn|12
|
|t:|1760804610
|switch|p2a: Moltres|Moltres|100/100
|move|p1a: Lokix|First Impression|p2a: Moltres
|-resisted|p2a: Moltres
|-damage|p2a: Moltres|79/100
|-damage|p1a: Lokix|91/100|[from] item: Life Orb
|
|upkeep
|turn|13
|
|t:|1760804620
|switch|p1a: Keldeo|Keldeo|80/100
|move|p2a: Moltres|U-turn|p1a: Keldeo
|-resisted|p1a: Keldeo
|-damage|p1a: Keldeo|72/100
|
|t:|1760804625
|switch|p2a: Tinkaton|Tinkaton, F|100/100|[from] U-turn
|-damage|p2a: Tinkaton|94/100|[from] Stealth Rock
|-item|p2a: Tinkaton|Air Balloon
|
|upkeep
|turn|14
|
|t:|1760804634
|move|p1a: Keldeo|Surf|p2a: Tinkaton
|-damage|p2a: Tinkaton|25/100
|-enditem|p2a: Tinkaton|Air Balloon
|move|p2a: Tinkaton|Thunder Wave|p1a: Keldeo
|-status|p1a: Keldeo|par
|
|upkeep
|turn|15
|inactive|hahuahbuh has 120 seconds left.
|
|t:|1760804673
|switch|p2a: Hydrapple|Hydrapple, M|100/100
|cant|p1a: Keldeo|par
|
|upkeep
|turn|16
|
|t:|1760804683
|switch|p1a: Corviknight|Corviknight, M|100/100
|move|p2a: Hydrapple|Nasty Plot|p2a: Hydrapple
|-boost|p2a: Hydrapple|spa|2
|
|upkeep
|turn|17
|
|t:|1760804689
|move|p1a: Corviknight|Brave Bird|p2a: Hydrapple
|-supereffective|p2a: Hydrapple
|-damage|p2a: Hydrapple|48/100
|-damage|p1a: Corviknight|82/100|[from] Recoil
|move|p2a: Hydrapple|Fickle Beam|p1a: Corviknight|[anim] Fickle Beam All Out
|-activate|p2a: Hydrapple|move: Fickle Beam
|-resisted|p1a: Corviknight
|-damage|p1a: Corviknight|15/100
|
|upkeep
|turn|18
|
|t:|1760804697
|switch|p2a: Ting-Lu|Ting-Lu|93/100
|-damage|p2a: Ting-Lu|87/100|[from] Stealth Rock
|-ability|p2a: Ting-Lu|Vessel of Ruin
|move|p1a: Corviknight|Brave Bird|p2a: Ting-Lu
|-damage|p2a: Ting-Lu|63/100
|-damage|p1a: Corviknight|5/100|[from] Recoil
|
|upkeep
|turn|19
|
|t:|1760804700
|move|p1a: Corviknight|Roost|p1a: Corviknight
|-heal|p1a: Corviknight|55/100
|-singleturn|p1a: Corviknight|move: Roost
|move|p2a: Ting-Lu|Spikes|p1a: Corviknight
|-sidestart|p1: axcen|Spikes
|
|upkeep
|turn|20
|
|t:|1760804706
|move|p1a: Corviknight|Roost|p1a: Corviknight
|-heal|p1a: Corviknight|100/100
|-singleturn|p1a: Corviknight|move: Roost
|move|p2a: Ting-Lu|Whirlwind|p1a: Corviknight
|drag|p1a: Keldeo|Keldeo|72/100 par
|-damage|p1a: Keldeo|59/100 par|[from] Spikes
|
|upkeep
|turn|21
|
|t:|1760804713
|switch|p2a: Hydrapple|Hydrapple, M|81/100
|move|p1a: Keldeo|Flip Turn|p2a: Hydrapple
|-resisted|p2a: Hydrapple
|-damage|p2a: Hydrapple|79/100
|
|t:|1760804720
|switch|p1a: Lokix|Lokix, F|91/100|[from] Flip Turn
|-damage|p1a: Lokix|78/100|[from] Spikes
|
|upkeep
|turn|22
|
|t:|1760804724
|switch|p2a: Moltres|Moltres|79/100
|move|p1a: Lokix|U-turn|p2a: Moltres
|-resisted|p2a: Moltres
|-damage|p2a: Moltres|65/100
|-damage|p1a: Lokix|68/100|[from] item: Life Orb
|
|t:|1760804732
|switch|p1a: Electrode|Electrode-Hisui|100/100|[from] U-turn
|
|upkeep
|turn|23
|
|t:|1760804747
|switch|p2a: Ting-Lu|Ting-Lu|63/100
|-damage|p2a: Ting-Lu|56/100|[from] Stealth Rock
|-ability|p2a: Ting-Lu|Vessel of Ruin
|move|p1a: Electrode|Volt Switch|p2a: Ting-Lu
|-immune|p2a: Ting-Lu
|
|upkeep
|turn|24
|
|t:|1760804755
|switch|p2a: Hydrapple|Hydrapple, M|100/100
|move|p1a: Electrode|Chloroblast|p2a: Hydrapple
|-resisted|p2a: Hydrapple
|-damage|p2a: Hydrapple|87/100
|-damage|p1a: Electrode|50/100|[from] Recoil
|
|upkeep
|turn|25
|
|t:|1760804759
|move|p1a: Electrode|Volt Switch|p2a: Hydrapple
|-resisted|p2a: Hydrapple
|-damage|p2a: Hydrapple|80/100
|
|t:|1760804765
|switch|p1a: Lokix|Lokix, F|68/100|[from] Volt Switch
|-damage|p1a: Lokix|56/100|[from] Spikes
|move|p2a: Hydrapple|Fickle Beam|p1a: Lokix
|-damage|p1a: Lokix|0 fnt
|faint|p1a: Lokix
|
|upkeep
|
|t:|1760804769
|switch|p1a: Arbok|Arbok, F, tera:Flying|44/100
|turn|26
|
|t:|1760804774
|move|p1a: Arbok|Scale Shot|p2a: Hydrapple
|-supereffective|p2a: Hydrapple
|-damage|p2a: Hydrapple|70/100
|-supereffective|p2a: Hydrapple
|-damage|p2a: Hydrapple|60/100
|-supereffective|p2a: Hydrapple
|-damage|p2a: Hydrapple|50/100
|-supereffective|p2a: Hydrapple
|-damage|p2a: Hydrapple|41/100
|-hitcount|p2a: Hydrapple|4
|-unboost|p1a: Arbok|def|1
|-boost|p1a: Arbok|spe|1
|move|p2a: Hydrapple|Fickle Beam|p1a: Arbok
|-damage|p1a: Arbok|0 fnt
|faint|p1a: Arbok
|
|upkeep
|-message|axcen forfeited.
|
|win|hahuahbuh
|raw|axcen's rating: 1341 &rarr; <strong>1318</strong><br />(-23 for losing)
|raw|hahuahbuh's rating: 1284 &rarr; <strong>1313</strong><br />(+29 for winning)
|l|☆axcen
|player|p1|
|l|☆hahuahbuh
|player|p2|
