|j|☆Rectusempra
|j|☆Clairrr03
|t:|1760879281
|gametype|singles
|player|p1|Rectusempra|169|1371
|player|p2|Clairrr03|169|1433
|gen|9
|tier|[Gen 9] OU
|rated|
|rule|HP Percentage Mod: HP is shown in percentages
|rule|Endless Battle Clause: Forcing endless battles is banned
|rule|Species Clause: Limit one of each Pokémon
|rule|OHKO Clause: OHKO moves are banned
|rule|Evasion Items Clause: Evasion items are banned
|rule|Evasion Moves Clause: Evasion moves are banned
|rule|Evasion Abilities Clause: Evasion abilities are banned
|rule|Sleep Moves Clause: Sleep-inducing moves are banned
|clearpoke
|poke|p1|Rillaboom, F|
|poke|p1|Bellibolt, F|
|poke|p1|Skeledirge, F|
|poke|p1|Scizor, M|
|poke|p1|Cinderace, M|
|poke|p1|Primarina, M|
|poke|p2|Iron Valiant|
|poke|p2|Great Tusk|
|poke|p2|Gholdengo|
|poke|p2|Samurott-Hisui, F|
|poke|p2|Moltres|
|poke|p2|Ogerpon-Cornerstone, F|
|teampreview
|inactive|Battle timer is ON: inactive players will automatically lose when time's up. (requested by Rectusempra)
|inactive|Clairrr03 also wants the timer to be on.
|
|t:|1760879286
|teamsize|p1|6
|teamsize|p2|6
|start
|switch|p1a: Rillaboom|Rillaboom, F|100/100
|switch|p2a: Samurott|Samurott-Hisui, F|100/100
|-fieldstart|move: Grassy Terrain|[from] ability: Grassy Surge|[of] p1a: Rillaboom
|turn|1
|
|t:|1760879289
|switch|p2a: Moltres|Moltres|100/100
|move|p1a: Rillaboom|U-turn|p2a: Moltres
|-resisted|p2a: Moltres
|-damage|p2a: Moltres|97/100
|-status|p1a: Rillaboom|brn|[from] ability: Flame Body|[of] p2a: Moltres
|
|t:|1760879294
|switch|p1a: Bellibolt|Bellibolt, F|100/100|[from] U-turn
|
|upkeep
|turn|2
|
|t:|1760879297
|move|p2a: Moltres|U-turn|p1a: Bellibolt
|-crit|p1a: Bellibolt
|-damage|p1a: Bellibolt|86/100
|-start|p1a: Bellibolt|Charge|U-turn|[from] ability: Electromorphosis
|
|t:|1760879299
|switch|p2a: Great Tusk|Great Tusk|100/100|[from] U-turn
|move|p1a: Bellibolt|Toxic|p2a: Great Tusk
|-status|p2a: Great Tusk|tox
|
|-heal|p1a: Bellibolt|92/100|[from] Grassy Terrain
|-heal|p1a: Bellibolt|98/100|[from] item: Leftovers
|-damage|p2a: Great Tusk|94/100 tox|[from] psn
|upkeep
|turn|3
|c|☆Rectusempra|Lol
|
|t:|1760879309
|switch|p1a: Rillaboom|Rillaboom, F|100/100 brn
|move|p2a: Great Tusk|Headlong Rush|p1a: Rillaboom
|-resisted|p1a: Rillaboom
|-damage|p1a: Rillaboom|71/100 brn
|-unboost|p2a: Great Tusk|def|1
|-unboost|p2a: Great Tusk|spd|1
|
|-heal|p2a: Great Tusk|100/100 tox|[from] Grassy Terrain
|-heal|p1a: Rillaboom|77/100 brn|[from] Grassy Terrain
|-damage|p2a: Great Tusk|88/100 tox|[from] psn
|-damage|p1a: Rillaboom|71/100 brn|[from] brn
|upkeep
|turn|4
|
|t:|1760879321
|-end|p2a: Great Tusk|Protosynthesis|[silent]
|switch|p2a: Moltres|Moltres|97/100
|move|p1a: Rillaboom|Wood Hammer|p2a: Moltres
|-resisted|p2a: Moltres
|-damage|p2a: Moltres|89/100
|-damage|p1a: Rillaboom|68/100 brn|[from] Recoil
|
|-heal|p1a: Rillaboom|74/100 brn|[from] Grassy Terrain
|-damage|p1a: Rillaboom|68/100 brn|[from] brn
|upkeep
|turn|5
|
|t:|1760879335
|switch|p1a: Bellibolt|Bellibolt, F|98/100
|move|p2a: Moltres|Flamethrower|p1a: Bellibolt
|-damage|p1a: Bellibolt|63/100
|-start|p1a: Bellibolt|Charge|Flamethrower|[from] ability: Electromorphosis
|
|-heal|p1a: Bellibolt|69/100|[from] Grassy Terrain
|-heal|p1a: Bellibolt|76/100|[from] item: Leftovers
|upkeep
|turn|6
|
|t:|1760879346
|move|p2a: Moltres|U-turn|p1a: Bellibolt
|-damage|p1a: Bellibolt|66/100
|-start|p1a: Bellibolt|Charge|U-turn|[from] ability: Electromorphosis
|
|t:|1760879357
|switch|p2a: Gholdengo|Gholdengo|100/100|[from] U-turn
|-item|p2a: Gholdengo|Air Balloon
|move|p1a: Bellibolt|Soak|p2a: Gholdengo
|-immune|p2a: Gholdengo|[from] ability: Good as Gold
|
|-heal|p1a: Bellibolt|72/100|[from] Grassy Terrain
|-heal|p1a: Bellibolt|78/100|[from] item: Leftovers
|upkeep
|turn|7
|
|t:|1760879367
|move|p2a: Gholdengo|Hex|p1a: Bellibolt
|-crit|p1a: Bellibolt
|-damage|p1a: Bellibolt|35/100
|-start|p1a: Bellibolt|Charge|Hex|[from] ability: Electromorphosis
|move|p1a: Bellibolt|Thunderbolt|p2a: Gholdengo
|-damage|p2a: Gholdengo|39/100
|-enditem|p2a: Gholdengo|Air Balloon
|-end|p1a: Bellibolt|Charge|[silent]
|
|-heal|p2a: Gholdengo|45/100|[from] Grassy Terrain
|-heal|p1a: Bellibolt|41/100|[from] Grassy Terrain
|-heal|p1a: Bellibolt|47/100|[from] item: Leftovers
|upkeep
|turn|8
|c|☆Rectusempra|lol!
|
|t:|1760879376
|move|p2a: Gholdengo|Recover|p2a: Gholdengo
|-heal|p2a: Gholdengo|95/100
|move|p1a: Bellibolt|Slack Off|p1a: Bellibolt
|-heal|p1a: Bellibolt|97/100
|
|-heal|p2a: Gholdengo|100/100|[from] Grassy Terrain
|-heal|p1a: Bellibolt|100/100|[from] Grassy Terrain
|-fieldend|move: Grassy Terrain
|upkeep
|turn|9
|c|☆Clairrr03|u prob didnt know
|c|☆Clairrr03|but for some reason
|c|☆Clairrr03|i ws in ur position for like
|inactive|Clairrr03 has 120 seconds left.
|c|☆Clairrr03|4 months
|c|☆Clairrr03|in a row
|c|☆Clairrr03|so, sorry, i feel you
|inactive|Clairrr03 has 90 seconds left.
|c|☆Clairrr03|but oh man, i missed that sooo much
|c|☆Rectusempra|No prob
|
|t:|1760879441
|switch|p2a: Great Tusk|Great Tusk|88/100 tox
|move|p1a: Bellibolt|Thunderbolt|p2a: Great Tusk
|-immune|p2a: Great Tusk
|
|-damage|p2a: Great Tusk|82/100 tox|[from] psn
|upkeep
|turn|10
|inactive|Clairrr03 has 90 seconds left.
|
|t:|1760879453
|move|p2a: Great Tusk|Ice Spinner|p1a: Bellibolt
|-damage|p1a: Bellibolt|86/100
|-start|p1a: Bellibolt|Charge|Ice Spinner|[from] ability: Electromorphosis
|move|p1a: Bellibolt|Slack Off|p1a: Bellibolt
|-heal|p1a: Bellibolt|100/100
|
|-damage|p2a: Great Tusk|69/100 tox|[from] psn
|upkeep
|turn|11
|
|t:|1760879459
|switch|p1a: Rillaboom|Rillaboom, F|68/100 brn
|-fieldstart|move: Grassy Terrain|[from] ability: Grassy Surge|[of] p1a: Rillaboom
|move|p2a: Great Tusk|Ice Spinner|p1a: Rillaboom
|-supereffective|p1a: Rillaboom
|-damage|p1a: Rillaboom|20/100 brn
|-fieldend|move: Grassy Terrain
|
|-damage|p2a: Great Tusk|51/100 tox|[from] psn
|-damage|p1a: Rillaboom|14/100 brn|[from] brn
|upkeep
|turn|12
|
|t:|1760879474
|-end|p2a: Great Tusk|Protosynthesis|[silent]
|switch|p2a: Moltres|Moltres|89/100
|switch|p1a: Scizor|Scizor, M|100/100
|
|upkeep
|turn|13
|
|t:|1760879480
|switch|p1a: Rillaboom|Rillaboom, F|14/100 brn
|-fieldstart|move: Grassy Terrain|[from] ability: Grassy Surge|[of] p1a: Rillaboom
|move|p2a: Moltres|Flamethrower|p1a: Rillaboom
|-supereffective|p1a: Rillaboom
|-damage|p1a: Rillaboom|0 fnt
|faint|p1a: Rillaboom
|
|upkeep
|
|t:|1760879487
|switch|p1a: Skeledirge|Skeledirge, F|100/100
|turn|14
|
|t:|1760879491
|move|p2a: Moltres|U-turn|p1a: Skeledirge
|-resisted|p1a: Skeledirge
|-damage|p1a: Skeledirge|98/100
|inactive|Clairrr03 has 120 seconds left.
|
|t:|1760879500
|switch|p2a: Ogerpon|Ogerpon-Cornerstone, F|100/100|[from] U-turn
|move|p1a: Skeledirge|Torch Song|p2a: Ogerpon
|-damage|p2a: Ogerpon|62/100
|-boost|p1a: Skeledirge|spa|1
|
|-heal|p2a: Ogerpon|68/100|[from] Grassy Terrain
|-heal|p1a: Skeledirge|100/100|[from] Grassy Terrain
|upkeep
|turn|15
|
|t:|1760879507
|-terastallize|p1a: Skeledirge|Dragon
|move|p2a: Ogerpon|Ivy Cudgel|p1a: Skeledirge|[anim] Ivy Cudgel Rock
|-damage|p1a: Skeledirge|54/100
|move|p1a: Skeledirge|Will-O-Wisp|p2a: Ogerpon
|-status|p2a: Ogerpon|brn
|
|-heal|p2a: Ogerpon|74/100 brn|[from] Grassy Terrain
|-heal|p1a: Skeledirge|60/100|[from] Grassy Terrain
|-damage|p2a: Ogerpon|68/100 brn|[from] brn
|upkeep
|turn|16
|
|t:|1760879516
|switch|p2a: Samurott|Samurott-Hisui, F|100/100
|move|p1a: Skeledirge|Torch Song|p2a: Samurott
|-resisted|p2a: Samurott
|-damage|p2a: Samurott|65/100
|-boost|p1a: Skeledirge|spa|1
|
|-heal|p2a: Samurott|72/100|[from] Grassy Terrain
|-heal|p1a: Skeledirge|66/100|[from] Grassy Terrain
|upkeep
|turn|17
|
|t:|1760879520
|move|p2a: Samurott|Ceaseless Edge|p1a: Skeledirge
|-damage|p1a: Skeledirge|32/100
|-sidestart|p1: Rectusempra|Spikes
|move|p1a: Skeledirge|Will-O-Wisp|p2a: Samurott
|-status|p2a: Samurott|brn
|
|-heal|p2a: Samurott|78/100 brn|[from] Grassy Terrain
|-heal|p1a: Skeledirge|38/100|[from] Grassy Terrain
|-damage|p2a: Samurott|72/100 brn|[from] brn
|upkeep
|turn|18
|
|t:|1760879529
|move|p2a: Samurott|Ceaseless Edge|p1a: Skeledirge
|-damage|p1a: Skeledirge|21/100
|-sidestart|p1: Rectusempra|Spikes
|move|p1a: Skeledirge|Slack Off|p1a: Skeledirge
|-heal|p1a: Skeledirge|71/100
|
|-heal|p2a: Samurott|78/100 brn|[from] Grassy Terrain
|-heal|p1a: Skeledirge|77/100|[from] Grassy Terrain
|-damage|p2a: Samurott|72/100 brn|[from] brn
|upkeep
|turn|19
|
|t:|1760879535
|move|p2a: Samurott|Ceaseless Edge|p1a: Skeledirge
|-damage|p1a: Skeledirge|58/100
|-sidestart|p1: Rectusempra|Spikes
|move|p1a: Skeledirge|Torch Song|p2a: Samurott
|-resisted|p2a: Samurott
|-damage|p2a: Samurott|25/100 brn
|-boost|p1a: Skeledirge|spa|1
|
|-heal|p2a: Samurott|31/100 brn|[from] Grassy Terrain
|-heal|p1a: Skeledirge|64/100|[from] Grassy Terrain
|-damage|p2a: Samurott|25/100 brn|[from] brn
|upkeep
|turn|20
|
|t:|1760879547
|switch|p2a: Moltres|Moltres|89/100
|move|p1a: Skeledirge|Slack Off|p1a: Skeledirge
|-heal|p1a: Skeledirge|100/100
|
|-fieldend|move: Grassy Terrain
|upkeep
|turn|21
|
|t:|1760879552
|move|p1a: Skeledirge|Torch Song|p2a: Moltres
|-resisted|p2a: Moltres
|-damage|p2a: Moltres|54/100
|-boost|p1a: Skeledirge|spa|1
|move|p2a: Moltres|Roar|p1a: Skeledirge
|drag|p1a: Bellibolt|Bellibolt, F|100/100
|-damage|p1a: Bellibolt|76/100|[from] Spikes
|
|-heal|p1a: Bellibolt|82/100|[from] item: Leftovers
|upkeep
|turn|22
|
|t:|1760879563
|switch|p1a: Cinderace|Cinderace, M|100/100
|move|p2a: Moltres|U-turn|p1a: Cinderace
|-resisted|p1a: Cinderace
|-damage|p1a: Cinderace|90/100
|
|t:|1760879568
|switch|p2a: Samurott|Samurott-Hisui, F|25/100 brn|[from] U-turn
|
|-damage|p2a: Samurott|19/100 brn|[from] brn
|upkeep
|turn|23
|
|t:|1760879572
|move|p2a: Samurott|Razor Shell|p1a: Cinderace
|-supereffective|p1a: Cinderace
|-damage|p1a: Cinderace|12/100
|move|p1a: Cinderace|Court Change|p1a: Cinderace
|-start|p1a: Cinderace|typechange|Normal|[from] ability: Libero
|-swapsideconditions
|-activate|p1a: Cinderace|move: Court Change
|
|-damage|p2a: Samurott|12/100 brn|[from] brn
|upkeep
|turn|24
|
|t:|1760879589
|switch|p1a: Skeledirge|Skeledirge, F, tera:Dragon|100/100
|move|p2a: Samurott|Razor Shell|p1a: Skeledirge
|-resisted|p1a: Skeledirge
|-damage|p1a: Skeledirge|90/100
|
|-damage|p2a: Samurott|6/100 brn|[from] brn
|upkeep
|turn|25
|
|t:|1760879594
|move|p2a: Samurott|Razor Shell|p1a: Skeledirge
|-resisted|p1a: Skeledirge
|-damage|p1a: Skeledirge|79/100
|-unboost|p1a: Skeledirge|def|1
|move|p1a: Skeledirge|Torch Song|p2a: Samurott
|-resisted|p2a: Samurott
|-damage|p2a: Samurott|0 fnt
|-boost|p1a: Skeledirge|spa|1
|faint|p2a: Samurott
|
|upkeep
|
|t:|1760879608
|switch|p2a: Iron Valiant|Iron Valiant|100/100
|-damage|p2a: Iron Valiant|76/100|[from] Spikes
|turn|26
|
|t:|1760879614
|move|p2a: Iron Valiant|Moonblast|p1a: Skeledirge
|-supereffective|p1a: Skeledirge
|-damage|p1a: Skeledirge|0 fnt
|faint|p1a: Skeledirge
|
|upkeep
|
|t:|1760879626
|switch|p1a: Bellibolt|Bellibolt, F|82/100
|turn|27
|
|t:|1760879635
|-terastallize|p2a: Iron Valiant|Fairy
|move|p2a: Iron Valiant|Moonblast|p1a: Bellibolt
|-damage|p1a: Bellibolt|0 fnt
|faint|p1a: Bellibolt
|
|upkeep
|
|t:|1760879640
|switch|p1a: Scizor|Scizor, M|100/100
|turn|28
|
|t:|1760879644
|-end|p2a: Iron Valiant|Quark Drive|[silent]
|switch|p2a: Moltres|Moltres|54/100
|move|p1a: Scizor|U-turn|p2a: Moltres
|-resisted|p2a: Moltres
|-damage|p2a: Moltres|44/100
|
|t:|1760879647
|switch|p1a: Primarina|Primarina, M|100/100|[from] U-turn
|
|upkeep
|turn|29
|
|t:|1760879657
|move|p2a: Moltres|U-turn|p1a: Primarina
|-resisted|p1a: Primarina
|-damage|p1a: Primarina|91/100
|
|t:|1760879660
|switch|p2a: Gholdengo|Gholdengo|100/100|[from] U-turn
|-damage|p2a: Gholdengo|76/100|[from] Spikes
|move|p1a: Primarina|Surf|p2a: Gholdengo
|-damage|p2a: Gholdengo|25/100
|
|-heal|p1a: Primarina|97/100|[from] item: Leftovers
|upkeep
|turn|30
|
|t:|1760879668
|move|p2a: Gholdengo|Recover|p2a: Gholdengo
|-heal|p2a: Gholdengo|75/100
|move|p1a: Primarina|Surf|p2a: Gholdengo
|-damage|p2a: Gholdengo|27/100
|
|-heal|p1a: Primarina|100/100|[from] item: Leftovers
|upkeep
|turn|31
|
|t:|1760879674
|move|p2a: Gholdengo|Make It Rain|p1a: Primarina
|-damage|p1a: Primarina|47/100
|-unboost|p2a: Gholdengo|spa|1
|move|p1a: Primarina|Flip Turn|p2a: Gholdengo
|-damage|p2a: Gholdengo|16/100
|
|t:|1760879677
|switch|p1a: Cinderace|Cinderace, M|12/100|[from] Flip Turn
|
|upkeep
|turn|32
|
|t:|1760879682
|move|p1a: Cinderace|U-turn|p2a: Gholdengo
|-start|p1a: Cinderace|typechange|Bug|[from] ability: Libero
|-resisted|p2a: Gholdengo
|-damage|p2a: Gholdengo|10/100
|
|t:|1760879687
|switch|p1a: Scizor|Scizor, M|100/100|[from] U-turn
|move|p2a: Gholdengo|Make It Rain|p1a: Scizor
|-resisted|p1a: Scizor
|-damage|p1a: Scizor|77/100
|-unboost|p2a: Gholdengo|spa|1
|
|upkeep
|turn|33
|
|t:|1760879690
|move|p2a: Gholdengo|Thunder Wave|p1a: Scizor
|-status|p1a: Scizor|par
|cant|p1a: Scizor|par
|
|upkeep
|turn|34
|
|t:|1760879693
|move|p2a: Gholdengo|Recover|p2a: Gholdengo
|-heal|p2a: Gholdengo|60/100
|move|p1a: Scizor|U-turn|p2a: Gholdengo
|-resisted|p2a: Gholdengo
|-damage|p2a: Gholdengo|50/100
|
|t:|1760879696
|switch|p1a: Primarina|Primarina, M|47/100|[from] U-turn
|
|-heal|p1a: Primarina|53/100|[from] item: Leftovers
|upkeep
|turn|35
|
|t:|1760879701
|switch|p2a: Great Tusk|Great Tusk|51/100 tox
|-damage|p2a: Great Tusk|26/100 tox|[from] Spikes
|move|p1a: Primarina|Surf|p2a: Great Tusk
|-supereffective|p2a: Great Tusk
|-damage|p2a: Great Tusk|0 fnt
|faint|p2a: Great Tusk
|-end|p2a: Great Tusk|Protosynthesis|[silent]
|
|-heal|p1a: Primarina|59/100|[from] item: Leftovers
|upkeep
|
|t:|1760879704
|switch|p2a: Iron Valiant|Iron Valiant, tera:Fairy|76/100
|-damage|p2a: Iron Valiant|51/100|[from] Spikes
|turn|36
|
|t:|1760879715
|move|p2a: Iron Valiant|Moonblast|p1a: Primarina
|-damage|p1a: Primarina|0 fnt
|faint|p1a: Primarina
|
|upkeep
|
|t:|1760879725
|switch|p1a: Cinderace|Cinderace, M|12/100
|turn|37
|
|t:|1760879728
|move|p1a: Cinderace|Pyro Ball|p2a: Iron Valiant
|-damage|p2a: Iron Valiant|0 fnt
|faint|p2a: Iron Valiant
|-end|p2a: Iron Valiant|Quark Drive|[silent]
|
|upkeep
|
|t:|1760879732
|switch|p2a: Moltres|Moltres|44/100
|turn|38
|-message|Rectusempra forfeited.
|
|win|Clairrr03
|raw|Rectusempra's rating: 1371 &rarr; <strong>1355</strong><br />(-16 for losing)
|raw|Clairrr03's rating: 1433 &rarr; <strong>1449</strong><br />(+16 for winning)
|l|☆Rectusempra
|player|p1|
|l|☆Clairrr03
|player|p2|
