|j|☆lakagota
|j|☆kouldeka
|t:|1760773513
|gametype|singles
|player|p1|lakagota|169|1303
|player|p2|kouldeka|ghetsis|1286
|gen|9
|tier|[Gen 9] OU
|rated|
|rule|HP Percentage Mod: HP is shown in percentages
|rule|Endless Battle Clause: Forcing endless battles is banned
|rule|Species Clause: Limit one of each Pokémon
|rule|OHKO Clause: OHKO moves are banned
|rule|Evasion Items Clause: Evasion items are banned
|rule|Evasion Moves Clause: Evasion moves are banned
|rule|Evasion Abilities Clause: Evasion abilities are banned
|rule|Sleep Moves Clause: Sleep-inducing moves are banned
|clearpoke
|poke|p1|Ninetales-Alola, M|
|poke|p1|Garganacl, F|
|poke|p1|Meowscarada, F|
|poke|p1|Kingambit, F|
|poke|p1|Glimmora, M|
|poke|p1|Torterra, M|
|poke|p2|Landorus-Therian, M|
|poke|p2|Heatran, M|
|poke|p2|Corviknight, M|
|poke|p2|Dragapult, M|
|poke|p2|Azumarill, F|
|poke|p2|Ting-Lu|
|teampreview
|inactive|Battle timer is ON: inactive players will automatically lose when time's up. (requested by kouldeka)
|
|t:|1760773536
|teamsize|p1|6
|teamsize|p2|6
|start
|switch|p1a: Glimmora|Glimmora, M|100/100
|switch|p2a: Heat Boi|Heatran, M, shiny|100/100
|turn|1
|
|t:|1760773545
|move|p1a: Glimmora|Earth Power|p2a: Heat Boi
|-supereffective|p2a: Heat Boi
|-damage|p2a: Heat Boi|22/100
|move|p2a: Heat Boi|Stealth Rock|p1a: Glimmora
|-sidestart|p1: lakagota|move: Stealth Rock
|
|-heal|p2a: Heat Boi|28/100|[from] item: Leftovers
|upkeep
|turn|2
|
|t:|1760773554
|switch|p2a: Land Boi|Landorus-Therian, M, shiny|100/100
|-ability|p2a: Land Boi|Intimidate|boost
|-unboost|p1a: Glimmora|atk|1
|move|p1a: Glimmora|Meteor Beam||[still]
|-prepare|p1a: Glimmora|Meteor Beam
|-boost|p1a: Glimmora|spa|1
|-enditem|p1a: Glimmora|Power Herb
|-anim|p1a: Glimmora|Meteor Beam|p2a: Land Boi
|-damage|p2a: Land Boi|0 fnt
|faint|p2a: Land Boi
|
|upkeep
|
|t:|1760773570
|switch|p2a: Ugly Bastard|Ting-Lu, shiny|100/100
|-ability|p2a: Ugly Bastard|Vessel of Ruin
|turn|3
|
|t:|1760773576
|move|p1a: Glimmora|Mortal Spin|p2a: Ugly Bastard
|-resisted|p2a: Ugly Bastard
|-damage|p2a: Ugly Bastard|99/100
|-status|p2a: Ugly Bastard|psn
|-sideend|p1: lakagota|Stealth Rock|[from] move: Mortal Spin|[of] p1a: Glimmora
|move|p2a: Ugly Bastard|Earthquake|p1a: Glimmora
|-supereffective|p1a: Glimmora
|-damage|p1a: Glimmora|0 fnt
|-activate|p1a: Glimmora|ability: Toxic Debris
|-sidestart|p2: kouldeka|move: Toxic Spikes
|faint|p1a: Glimmora
|
|-heal|p2a: Ugly Bastard|100/100 psn|[from] item: Leftovers
|-damage|p2a: Ugly Bastard|88/100 psn|[from] psn
|upkeep
|
|t:|1760773596
|switch|p1a: Torterra|Torterra, M|100/100
|turn|4
|
|t:|1760773602
|move|p1a: Torterra|Shell Smash|p1a: Torterra
|-unboost|p1a: Torterra|def|1
|-unboost|p1a: Torterra|spd|1
|-boost|p1a: Torterra|atk|2
|-boost|p1a: Torterra|spa|2
|-boost|p1a: Torterra|spe|2
|move|p2a: Ugly Bastard|Whirlwind|p1a: Torterra
|drag|p1a: Kingambit|Kingambit, F|100/100
|-activate|p1a: Kingambit|ability: Supreme Overlord
|-start|p1a: Kingambit|fallen1|[silent]
|
|-heal|p2a: Ugly Bastard|94/100 psn|[from] item: Leftovers
|-damage|p2a: Ugly Bastard|82/100 psn|[from] psn
|upkeep
|turn|5
|
|t:|1760773620
|switch|p2a: Heat Boi|Heatran, M, shiny|28/100
|move|p1a: Kingambit|Swords Dance|p1a: Kingambit
|-boost|p1a: Kingambit|atk|2
|
|-heal|p2a: Heat Boi|34/100|[from] item: Leftovers
|upkeep
|turn|6
|
|t:|1760773632
|move|p2a: Heat Boi|Lava Plume|p1a: Kingambit
|-supereffective|p1a: Kingambit
|-damage|p1a: Kingambit|29/100
|move|p1a: Kingambit|Kowtow Cleave|p2a: Heat Boi
|-damage|p2a: Heat Boi|0 fnt
|faint|p2a: Heat Boi
|
|-heal|p1a: Kingambit|35/100|[from] item: Leftovers
|upkeep
|
|t:|1760773646
|switch|p2a: Ugly Bastard|Ting-Lu, shiny|82/100 psn
|-ability|p2a: Ugly Bastard|Vessel of Ruin
|turn|7
|
|t:|1760773658
|move|p1a: Kingambit|Iron Head|p2a: Ugly Bastard
|-damage|p2a: Ugly Bastard|41/100 psn
|cant|p2a: Ugly Bastard|flinch
|
|-heal|p1a: Kingambit|42/100|[from] item: Leftovers
|-heal|p2a: Ugly Bastard|48/100 psn|[from] item: Leftovers
|-damage|p2a: Ugly Bastard|35/100 psn|[from] psn
|upkeep
|turn|8
|c|☆lakagota|oof
|c|☆kouldeka|crazy work
|
|t:|1760773674
|move|p1a: Kingambit|Iron Head|p2a: Ugly Bastard
|-damage|p2a: Ugly Bastard|0 fnt
|faint|p2a: Ugly Bastard
|
|-heal|p1a: Kingambit|48/100|[from] item: Leftovers
|upkeep
|c|☆lakagota|sorry that sucked tbh
|
|t:|1760773686
|switch|p2a: Steel Boi|Corviknight, M, shiny|100/100
|turn|9
|
|t:|1760773696
|move|p1a: Kingambit|Sucker Punch||[still]
|-fail|p1a: Kingambit
|move|p2a: Steel Boi|Defog|p1a: Kingambit
|-unboost|p1a: Kingambit|evasion|1
|-sideend|p2: kouldeka|Toxic Spikes|[from] move: Defog|[of] p2a: Steel Boi
|
|-heal|p1a: Kingambit|54/100|[from] item: Leftovers
|upkeep
|turn|10
|c|☆kouldeka|ur good bro
|
|t:|1760773708
|move|p1a: Kingambit|Sucker Punch|p2a: Steel Boi
|-crit|p2a: Steel Boi
|-damage|p2a: Steel Boi|21/100
|move|p2a: Steel Boi|U-turn|p1a: Kingambit
|-damage|p1a: Kingambit|43/100
|
|t:|1760773711
|switch|p2a: Ghost Boi|Dragapult, M, shiny|100/100|[from] U-turn
|
|-heal|p1a: Kingambit|49/100|[from] item: Leftovers
|upkeep
|turn|11
|c|☆lakagota|good grief
|
|t:|1760773725
|-terastallize|p2a: Ghost Boi|Dragon
|move|p2a: Ghost Boi|Fire Blast|p1a: Kingambit
|-supereffective|p1a: Kingambit
|-damage|p1a: Kingambit|0 fnt
|faint|p1a: Kingambit
|-end|p1a: Kingambit|fallen1|[silent]
|-damage|p2a: Ghost Boi|91/100|[from] item: Life Orb
|
|upkeep
|
|t:|1760773734
|switch|p1a: Ninetales|Ninetales-Alola, M|100/100
|-weather|Snowscape|[from] ability: Snow Warning|[of] p1a: Ninetales
|turn|12
|
|t:|1760773741
|move|p2a: Ghost Boi|Fire Blast|p1a: Ninetales|[miss]
|-miss|p2a: Ghost Boi|p1a: Ninetales
|move|p1a: Ninetales|Aurora Veil|p1a: Ninetales
|-sidestart|p1: lakagota|move: Aurora Veil
|
|-weather|Snowscape|[upkeep]
|upkeep
|turn|13
|c|☆lakagota|this game is ass
|
|t:|1760773758
|move|p2a: Ghost Boi|Fire Blast|p1a: Ninetales
|-supereffective|p1a: Ninetales
|-damage|p1a: Ninetales|18/100
|-damage|p2a: Ghost Boi|81/100|[from] item: Life Orb
|move|p1a: Ninetales|Blizzard|p2a: Ghost Boi
|-supereffective|p2a: Ghost Boi
|-damage|p2a: Ghost Boi|0 fnt
|faint|p2a: Ghost Boi
|
|-weather|Snowscape|[upkeep]
|upkeep
|c|☆kouldeka|fr man
|c|☆lakagota|tbh ill forfeit
|c|☆lakagota|gg
|c|☆kouldeka|really
|c|☆kouldeka|ggs man
|c|☆lakagota|yea fuck it that was AIDs
|inactive|kouldeka has 120 seconds left.
|c|☆lakagota|have a good one <3
|c|☆kouldeka|you too man(:
|-message|lakagota forfeited.
|
|win|kouldeka
