|j|☆SmallKuza1888
|j|☆werearewe
|t:|1760826445
|gametype|singles
|player|p1|SmallKuza1888|cyclist-gen4|1607
|player|p2|werearewe|170|1662
|gen|9
|tier|[Gen 9] OU
|rated|
|rule|HP Percentage Mod: HP is shown in percentages
|rule|Endless Battle Clause: Forcing endless battles is banned
|rule|Species Clause: Limit one of each Pokémon
|rule|OHKO Clause: OHKO moves are banned
|rule|Evasion Items Clause: Evasion items are banned
|rule|Evasion Moves Clause: Evasion moves are banned
|rule|Evasion Abilities Clause: Evasion abilities are banned
|rule|Sleep Moves Clause: Sleep-inducing moves are banned
|clearpoke
|poke|p1|Weavile, F|
|poke|p1|Iron Treads|
|poke|p1|Keldeo|
|poke|p1|Hatterene, F|
|poke|p1|Ting-Lu|
|poke|p1|Dragonite, M|
|poke|p2|Ribombee, F|
|poke|p2|Cinderace, F|
|poke|p2|Ogerpon, F|
|poke|p2|Milotic, F|
|poke|p2|Kingambit, F|
|poke|p2|Empoleon, M|
|teampreview
|
|t:|1760826456
|teamsize|p1|6
|teamsize|p2|6
|start
|switch|p1a: Hatterene|Hatterene, F|100/100
|switch|p2a: Ribombee|Ribombee, F|100/100
|turn|1
|inactive|Battle timer is ON: inactive players will automatically lose when time's up. (requested by SmallKuza1888)
|
|t:|1760826498
|switch|p1a: Iron Treads|Iron Treads|100/100
|move|p2a: Ribombee|Sticky Web|p1a: Iron Treads
|-sidestart|p1: SmallKuza1888|move: Sticky Web
|
|upkeep
|turn|2
|
|t:|1760826510
|-terastallize|p2a: Ribombee|Ghost
|move|p2a: Ribombee|Moonblast|p1a: Iron Treads
|-resisted|p1a: Iron Treads
|-damage|p1a: Iron Treads|73/100
|move|p1a: Iron Treads|Rapid Spin|p2a: Ribombee
|-immune|p2a: Ribombee
|
|-heal|p1a: Iron Treads|80/100|[from] item: Leftovers
|upkeep
|turn|3
|
|t:|1760826515
|move|p2a: Ribombee|Moonblast|p1a: Iron Treads
|-resisted|p1a: Iron Treads
|-damage|p1a: Iron Treads|52/100
|move|p1a: Iron Treads|Knock Off|p2a: Ribombee
|-supereffective|p2a: Ribombee
|-enditem|p2a: Ribombee|Focus Sash
|-damage|p2a: Ribombee|1/100
|
|-heal|p1a: Iron Treads|58/100|[from] item: Leftovers
|upkeep
|turn|4
|
|t:|1760826524
|move|p2a: Ribombee|U-turn|p1a: Iron Treads
|-resisted|p1a: Iron Treads
|-damage|p1a: Iron Treads|53/100
|
|t:|1760826526
|switch|p2a: Cinderace|Cinderace, F|100/100|[from] U-turn
|move|p1a: Iron Treads|Knock Off|p2a: Cinderace
|-damage|p2a: Cinderace|58/100
|-enditem|p2a: Cinderace|Heavy-Duty Boots|[from] move: Knock Off|[of] p1a: Iron Treads
|
|-heal|p1a: Iron Treads|59/100|[from] item: Leftovers
|upkeep
|turn|5
|
|t:|1760826529
|move|p2a: Cinderace|Court Change|p2a: Cinderace
|-swapsideconditions
|-activate|p2a: Cinderace|move: Court Change
|move|p1a: Iron Treads|Rapid Spin|p2a: Cinderace
|-damage|p2a: Cinderace|37/100
|-boost|p1a: Iron Treads|spe|1
|
|-heal|p1a: Iron Treads|65/100|[from] item: Leftovers
|upkeep
|turn|6
|
|t:|1760826544
|move|p1a: Iron Treads|Earthquake|p2a: Cinderace
|-supereffective|p2a: Cinderace
|-damage|p2a: Cinderace|0 fnt
|faint|p2a: Cinderace
|
|-heal|p1a: Iron Treads|72/100|[from] item: Leftovers
|upkeep
|
|t:|1760826547
|switch|p2a: Milotic|Milotic, F|100/100
|-activate|p2a: Milotic|move: Sticky Web
|-unboost|p2a: Milotic|spe|1
|-ability|p2a: Milotic|Competitive|boost
|-boost|p2a: Milotic|spa|2
|turn|7
|
|t:|1760826551
|-end|p1a: Iron Treads|Quark Drive|[silent]
|switch|p1a: Hatterene|Hatterene, F|100/100
|move|p2a: Milotic|Scald|p1a: Hatterene
|-damage|p1a: Hatterene|51/100
|
|upkeep
|turn|8
|
|t:|1760826556
|move|p2a: Milotic|Scald|p1a: Hatterene
|-damage|p1a: Hatterene|5/100
|move|p1a: Hatterene|Nuzzle|p2a: Milotic
|-supereffective|p2a: Milotic
|-damage|p2a: Milotic|92/100
|-status|p2a: Milotic|par
|
|upkeep
|turn|9
|
|t:|1760826562
|move|p1a: Hatterene|Psyshock|p2a: Milotic
|-damage|p2a: Milotic|50/100 par
|move|p2a: Milotic|Scald|p1a: Hatterene
|-damage|p1a: Hatterene|0 fnt
|faint|p1a: Hatterene
|
|upkeep
|
|t:|1760826565
|switch|p1a: Weavile|Weavile, F|100/100
|-ability|p1a: Weavile|Pressure
|turn|10
|
|t:|1760826574
|move|p1a: Weavile|Knock Off|p2a: Milotic
|-damage|p2a: Milotic|0 fnt
|-enditem|p2a: Milotic|Assault Vest|[from] move: Knock Off|[of] p1a: Weavile
|faint|p2a: Milotic
|
|upkeep
|
|t:|1760826585
|switch|p2a: Empoleon|Empoleon, M|100/100
|-activate|p2a: Empoleon|move: Sticky Web
|-unboost|p2a: Empoleon|spe|1
|-ability|p2a: Empoleon|Competitive|boost
|-boost|p2a: Empoleon|spa|2
|turn|11
|
|t:|1760826600
|switch|p1a: Iron Treads|Iron Treads|72/100
|move|p2a: Empoleon|Vacuum Wave|p1a: Iron Treads
|-supereffective|p1a: Iron Treads
|-damage|p1a: Iron Treads|0 fnt
|faint|p1a: Iron Treads
|-end|p1a: Iron Treads|Quark Drive|[silent]
|
|upkeep
|
|t:|1760826605
|switch|p1a: Keldeo|Keldeo|100/100
|turn|12
|
|t:|1760826610
|switch|p2a: Ribombee|Ribombee, F, tera:Ghost|1/100
|-activate|p2a: Ribombee|move: Sticky Web
|-unboost|p2a: Ribombee|spe|1
|move|p1a: Keldeo|Aura Sphere|p2a: Ribombee
|-immune|p2a: Ribombee
|
|upkeep
|turn|13
|
|t:|1760826615
|move|p1a: Keldeo|Surf|p2a: Ribombee
|-damage|p2a: Ribombee|0 fnt
|faint|p2a: Ribombee
|
|upkeep
|
|t:|1760826621
|switch|p2a: Ogerpon|Ogerpon, F|100/100
|-activate|p2a: Ogerpon|move: Sticky Web
|-unboost|p2a: Ogerpon|spe|1
|-ability|p2a: Ogerpon|Defiant|boost
|-boost|p2a: Ogerpon|atk|2
|-enditem|p2a: Ogerpon|White Herb
|-clearnegativeboost|p2a: Ogerpon|[silent]
|turn|14
|
|t:|1760826627
|switch|p1a: Dragonite|Dragonite, M|100/100
|move|p2a: Ogerpon|Ivy Cudgel|p1a: Dragonite
|-resisted|p1a: Dragonite
|-damage|p1a: Dragonite|88/100
|
|upkeep
|turn|15
|
|t:|1760826633
|switch|p2a: Kingambit|Kingambit, F|100/100
|-activate|p2a: Kingambit|move: Sticky Web
|-unboost|p2a: Kingambit|spe|1
|-ability|p2a: Kingambit|Defiant|boost
|-boost|p2a: Kingambit|atk|2
|move|p1a: Dragonite|Dragon Tail|p2a: Kingambit
|-resisted|p2a: Kingambit
|-damage|p2a: Kingambit|88/100
|drag|p2a: Ogerpon|Ogerpon, F|100/100
|-activate|p2a: Ogerpon|move: Sticky Web
|-unboost|p2a: Ogerpon|spe|1
|-ability|p2a: Ogerpon|Defiant|boost
|-boost|p2a: Ogerpon|atk|2
|
|upkeep
|turn|16
|
|t:|1760826637
|move|p2a: Ogerpon|Knock Off|p1a: Dragonite
|-damage|p1a: Dragonite|32/100
|-enditem|p1a: Dragonite|Heavy-Duty Boots|[from] move: Knock Off|[of] p2a: Ogerpon
|move|p1a: Dragonite|Dragon Tail|p2a: Ogerpon
|-damage|p2a: Ogerpon|58/100
|drag|p2a: Kingambit|Kingambit, F|88/100
|-activate|p2a: Kingambit|move: Sticky Web
|-unboost|p2a: Kingambit|spe|1
|-ability|p2a: Kingambit|Defiant|boost
|-boost|p2a: Kingambit|atk|2
|
|upkeep
|turn|17
|
|t:|1760826646
|switch|p1a: Ting-Lu|Ting-Lu|100/100
|-ability|p1a: Ting-Lu|Vessel of Ruin
|move|p2a: Kingambit|Kowtow Cleave|p1a: Ting-Lu
|-resisted|p1a: Ting-Lu
|-damage|p1a: Ting-Lu|81/100
|-damage|p2a: Kingambit|71/100|[from] item: Rocky Helmet|[of] p1a: Ting-Lu
|
|upkeep
|turn|18
|
|t:|1760826650
|move|p1a: Ting-Lu|Earthquake|p2a: Kingambit
|-supereffective|p2a: Kingambit
|-damage|p2a: Kingambit|16/100
|move|p2a: Kingambit|Low Kick|p1a: Ting-Lu
|-supereffective|p1a: Ting-Lu
|-damage|p1a: Ting-Lu|4/100
|-damage|p2a: Kingambit|0 fnt|[from] item: Rocky Helmet|[of] p1a: Ting-Lu
|faint|p2a: Kingambit
|
|upkeep
|
|t:|1760826661
|switch|p2a: Empoleon|Empoleon, M|100/100
|-activate|p2a: Empoleon|move: Sticky Web
|-unboost|p2a: Empoleon|spe|1
|-ability|p2a: Empoleon|Competitive|boost
|-boost|p2a: Empoleon|spa|2
|turn|19
|
|t:|1760826664
|move|p2a: Empoleon|Vacuum Wave|p1a: Ting-Lu
|-supereffective|p1a: Ting-Lu
|-damage|p1a: Ting-Lu|0 fnt
|faint|p1a: Ting-Lu
|
|upkeep
|
|t:|1760826666
|switch|p1a: Keldeo|Keldeo|100/100
|turn|20
|
|t:|1760826673
|switch|p2a: Ogerpon|Ogerpon, F|58/100
|-activate|p2a: Ogerpon|move: Sticky Web
|-unboost|p2a: Ogerpon|spe|1
|-ability|p2a: Ogerpon|Defiant|boost
|-boost|p2a: Ogerpon|atk|2
|move|p1a: Keldeo|Aura Sphere|p2a: Ogerpon
|-damage|p2a: Ogerpon|7/100
|
|upkeep
|turn|21
|
|t:|1760826676
|move|p1a: Keldeo|Vacuum Wave|p2a: Ogerpon
|-crit|p2a: Ogerpon
|-damage|p2a: Ogerpon|0 fnt
|faint|p2a: Ogerpon
|
|upkeep
|
|t:|1760826679
|switch|p2a: Empoleon|Empoleon, M|100/100
|-activate|p2a: Empoleon|move: Sticky Web
|-unboost|p2a: Empoleon|spe|1
|-ability|p2a: Empoleon|Competitive|boost
|-boost|p2a: Empoleon|spa|2
|turn|22
|
|t:|1760826682
|move|p1a: Keldeo|Aura Sphere|p2a: Empoleon
|-supereffective|p2a: Empoleon
|-damage|p2a: Empoleon|54/100
|move|p2a: Empoleon|Surf|p1a: Keldeo
|-resisted|p1a: Keldeo
|-damage|p1a: Keldeo|49/100
|
|upkeep
|turn|23
|
|t:|1760826694
|move|p1a: Keldeo|Aura Sphere|p2a: Empoleon
|-supereffective|p2a: Empoleon
|-damage|p2a: Empoleon|2/100
|move|p2a: Empoleon|Surf|p1a: Keldeo
|-resisted|p1a: Keldeo
|-damage|p1a: Keldeo|0 fnt
|faint|p1a: Keldeo
|
|upkeep
|
|t:|1760826699
|switch|p1a: Weavile|Weavile, F|100/100
|-ability|p1a: Weavile|Pressure
|turn|24
|
|t:|1760826701
|move|p1a: Weavile|Ice Shard|p2a: Empoleon
|-resisted|p2a: Empoleon
|-damage|p2a: Empoleon|0 fnt
|faint|p2a: Empoleon
|
|win|SmallKuza1888
|raw|SmallKuza1888's rating: 1607 &rarr; <strong>1630</strong><br />(+23 for winning)
|raw|werearewe's rating: 1662 &rarr; <strong>1639</strong><br />(-23 for losing)
|l|☆werearewe
|player|p2|
|l|☆SmallKuza1888
|player|p1|
