|j|‽phfdbv
|j|☆Andrewtre
|t:|1760722890
|gametype|singles
|player|p1|phfdbv|169|1069
|player|p2|Andrewtre|psychic|1115
|gen|9
|tier|[Gen 9] OU
|rated|
|rule|HP Percentage Mod: HP is shown in percentages
|rule|Endless Battle Clause: Forcing endless battles is banned
|rule|Species Clause: Limit one of each Pokémon
|rule|OHKO Clause: OHKO moves are banned
|rule|Evasion Items Clause: Evasion items are banned
|rule|Evasion Moves Clause: Evasion moves are banned
|rule|Evasion Abilities Clause: Evasion abilities are banned
|rule|Sleep Moves Clause: Sleep-inducing moves are banned
|clearpoke
|poke|p1|Iron Treads|
|poke|p1|Dusclops, F|
|poke|p1|Maushold-Four|
|poke|p1|Braviary, M|
|poke|p1|Lycanroc-Dusk, F|
|poke|p1|Zamazenta-*|
|poke|p2|Slowking, F|
|poke|p2|Farigiraf, F|
|poke|p2|Hatterene, F|
|poke|p2|Gengar, M|
|poke|p2|Golurk|
|poke|p2|Golduck, F|
|teampreview
|inactive|Battle timer is ON: inactive players will automatically lose when time's up. (requested by Andrewtre)
|
|t:|1760722902
|teamsize|p1|6
|teamsize|p2|6
|start
|switch|p1a: Dusclops|Dusclops, F, shiny|100/100
|switch|p2a: Hatterene|Hatterene, F|100/100
|-item|p2a: Hatterene|Focus Sash|[from] ability: Frisk|[of] p1a: Dusclops
|turn|1
|
|t:|1760722914
|move|p1a: Dusclops|Taunt|p2a: Hatterene
|move|p2a: Hatterene|Taunt|p1a: Dusclops|[from] ability: Magic Bounce
|-start|p1a: Dusclops|move: Taunt
|move|p2a: Hatterene|Trick Room|p2a: Hatterene
|-fieldstart|move: Trick Room|[of] p2a: Hatterene
|
|upkeep
|turn|2
|
|t:|1760722933
|move|p2a: Hatterene|Psychic|p1a: Dusclops
|-damage|p1a: Dusclops|74/100
|move|p1a: Dusclops|Night Shade|p2a: Hatterene
|-damage|p2a: Hatterene|69/100
|
|upkeep
|turn|3
|
|t:|1760722944
|move|p2a: Hatterene|Psychic|p1a: Dusclops
|-damage|p1a: Dusclops|48/100
|move|p1a: Dusclops|Night Shade|p2a: Hatterene
|-damage|p2a: Hatterene|38/100
|
|upkeep
|turn|4
|
|t:|1760722948
|move|p2a: Hatterene|Draining Kiss|p1a: Dusclops
|-damage|p1a: Dusclops|33/100
|-heal|p2a: Hatterene|47/100|[from] drain|[of] p1a: Dusclops
|move|p1a: Dusclops|Night Shade|p2a: Hatterene
|-damage|p2a: Hatterene|16/100
|
|-end|p1a: Dusclops|move: Taunt
|upkeep
|turn|5
|
|t:|1760722978
|move|p2a: Hatterene|Psychic|p1a: Dusclops
|-damage|p1a: Dusclops|4/100
|move|p1a: Dusclops|Night Shade|p2a: Hatterene
|-damage|p2a: Hatterene|0 fnt
|faint|p2a: Hatterene
|
|-fieldend|move: Trick Room
|upkeep
|
|t:|1760722986
|switch|p2a: Gengar|Gengar, M, shiny|100/100
|turn|6
|
|t:|1760722998
|move|p1a: Dusclops|Shadow Sneak|p2a: Gengar
|-supereffective|p2a: Gengar
|-damage|p2a: Gengar|56/100
|move|p2a: Gengar|Sludge Bomb|p1a: Dusclops
|-resisted|p1a: Dusclops
|-damage|p1a: Dusclops|0 fnt
|faint|p1a: Dusclops
|
|upkeep
|inactive|phfdbv has 120 seconds left.
|
|t:|1760723038
|switch|p1a: Maushold|Maushold-Four, shiny|100/100
|turn|7
|
|t:|1760723044
|move|p2a: Gengar|Sludge Bomb|p1a: Maushold
|-damage|p1a: Maushold|23/100
|move|p1a: Maushold|Trailblaze|p2a: Gengar
|-resisted|p2a: Gengar
|-damage|p2a: Gengar|37/100
|-boost|p1a: Maushold|spe|1
|-start|p1a: Maushold|Disable|Trailblaze|[from] ability: Cursed Body|[of] p2a: Gengar
|
|upkeep
|turn|8
|
|t:|1760723052
|move|p1a: Maushold|Bite|p2a: Gengar
|-supereffective|p2a: Gengar
|-damage|p2a: Gengar|0 fnt
|faint|p2a: Gengar
|
|upkeep
|
|t:|1760723057
|switch|p2a: Golduck|Golduck, F, shiny|100/100
|turn|9
|inactive|phfdbv has 120 seconds left.
|
|t:|1760723063
|move|p1a: Maushold|Bullet Seed|p2a: Golduck
|-supereffective|p2a: Golduck
|-damage|p2a: Golduck|75/100
|-supereffective|p2a: Golduck
|-damage|p2a: Golduck|49/100
|-hitcount|p2a: Golduck|2
|move|p2a: Golduck|Surf|p1a: Maushold
|-damage|p1a: Maushold|0 fnt
|faint|p1a: Maushold
|
|upkeep
|inactive|phfdbv has 120 seconds left.
|
|t:|1760723069
|switch|p1a: Braviary|Braviary, M, shiny|100/100
|turn|10
|
|t:|1760723072
|move|p1a: Braviary|Tailwind|p1a: Braviary
|-sidestart|p1: phfdbv|move: Tailwind
|move|p2a: Golduck|Ice Beam|p1a: Braviary
|-supereffective|p1a: Braviary
|-damage|p1a: Braviary|28/100
|
|upkeep
|turn|11
|
|t:|1760723079
|move|p1a: Braviary|Body Slam|p2a: Golduck
|-damage|p2a: Golduck|0 fnt
|faint|p2a: Golduck
|
|upkeep
|
|t:|1760723095
|switch|p2a: Slowking|Slowking, F|100/100
|turn|12
|
|t:|1760723100
|move|p1a: Braviary|Body Slam|p2a: Slowking
|-damage|p2a: Slowking|24/100
|move|p2a: Slowking|Trick Room|p2a: Slowking
|-fieldstart|move: Trick Room|[of] p2a: Slowking
|
|upkeep
|turn|13
|
|t:|1760723114
|move|p2a: Slowking|Surf|p1a: Braviary
|-damage|p1a: Braviary|0 fnt
|faint|p1a: Braviary
|-damage|p2a: Slowking|14/100|[from] item: Life Orb
|
|-sideend|p1: phfdbv|move: Tailwind
|upkeep
|
|t:|1760723117
|switch|p1a: Zamazenta|Zamazenta|100/100
|-ability|p1a: Zamazenta|Dauntless Shield|boost
|-boost|p1a: Zamazenta|def|1
|turn|14
|
|t:|1760723122
|move|p2a: Slowking|Psychic|p1a: Zamazenta
|-supereffective|p1a: Zamazenta
|-damage|p1a: Zamazenta|0 fnt
|faint|p1a: Zamazenta
|-damage|p2a: Slowking|5/100|[from] item: Life Orb
|
|upkeep
|
|t:|1760723125
|switch|p1a: Lycanroc|Lycanroc-Dusk, F, shiny|100/100
|turn|15
|
|t:|1760723131
|move|p1a: Lycanroc|Accelerock|p2a: Slowking
|-damage|p2a: Slowking|0 fnt
|faint|p2a: Slowking
|
|upkeep
|
|t:|1760723133
|switch|p2a: Golurk|Golurk|100/100
|turn|16
|
|t:|1760723137
|-terastallize|p1a: Lycanroc|Ground
|move|p1a: Lycanroc|Accelerock|p2a: Golurk
|-resisted|p2a: Golurk
|-damage|p2a: Golurk|78/100
|move|p2a: Golurk|Poltergeist|p1a: Lycanroc
|-activate|p1a: Lycanroc|move: Poltergeist|Choice Band
|-damage|p1a: Lycanroc|0 fnt
|faint|p1a: Lycanroc
|-damage|p2a: Golurk|68/100|[from] item: Life Orb
|
|-fieldend|move: Trick Room
|upkeep
|
|t:|1760723138
|switch|p1a: Iron Treads|Iron Treads, shiny|100/100
|-enditem|p1a: Iron Treads|Booster Energy
|-activate|p1a: Iron Treads|ability: Quark Drive|[fromitem]
|-start|p1a: Iron Treads|quarkdrivespe
|turn|17
|
|t:|1760723142
|move|p1a: Iron Treads|Ice Spinner|p2a: Golurk
|-supereffective|p2a: Golurk
|-damage|p2a: Golurk|8/100
|move|p2a: Golurk|Earthquake|p1a: Iron Treads
|-supereffective|p1a: Iron Treads
|-damage|p1a: Iron Treads|0 fnt
|faint|p1a: Iron Treads
|-end|p1a: Iron Treads|Quark Drive|[silent]
|-damage|p2a: Golurk|0 fnt|[from] item: Life Orb
|faint|p2a: Golurk
|
|win|Andrewtre
|raw|phfdbv's rating: 1069 &rarr; <strong>1051</strong><br />(-18 for losing)
|raw|Andrewtre's rating: 1115 &rarr; <strong>1137</strong><br />(+22 for winning)
|l|‽phfdbv
|player|p1|
