|j|☆HZBKAI3
|j|☆Sulley365
|t:|1760765002
|gametype|singles
|player|p1|HZBKAI3|266|1097
|player|p2|Sulley365|giovanni|1092
|gen|9
|tier|[Gen 9] OU
|rated|
|rule|HP Percentage Mod: HP is shown in percentages
|rule|Endless Battle Clause: Forcing endless battles is banned
|rule|Species Clause: Limit one of each Pokémon
|rule|OHKO Clause: OHKO moves are banned
|rule|Evasion Items Clause: Evasion items are banned
|rule|Evasion Moves Clause: Evasion moves are banned
|rule|Evasion Abilities Clause: Evasion abilities are banned
|rule|Sleep Moves Clause: Sleep-inducing moves are banned
|clearpoke
|poke|p1|Jirachi|
|poke|p1|Gholdengo|
|poke|p1|Gliscor, F|
|poke|p1|Iron Moth|
|poke|p1|Quaquaval, F|
|poke|p1|Iron Boulder|
|poke|p2|Coalossal, M|
|poke|p2|Cinccino, M|
|poke|p2|Alomomola, F|
|poke|p2|Meowscarada, M|
|poke|p2|Barraskewda, M|
|poke|p2|Cinderace, F|
|teampreview
|inactive|Battle timer is ON: inactive players will automatically lose when time's up. (requested by Sulley365)
|
|t:|1760765015
|teamsize|p1|6
|teamsize|p2|6
|start
|switch|p1a: Gholdengo|Gholdengo|100/100
|switch|p2a: Meowscarada|Meowscarada, M|100/100
|-item|p1a: Gholdengo|Air Balloon
|turn|1
|
|t:|1760765021
|move|p2a: Meowscarada|Sucker Punch|p1a: Gholdengo
|-start|p2a: Meowscarada|typechange|Dark|[from] ability: Protean
|-supereffective|p1a: Gholdengo
|-damage|p1a: Gholdengo|0 fnt
|-enditem|p1a: Gholdengo|Air Balloon
|faint|p1a: Gholdengo
|
|upkeep
|
|t:|1760765021
|switch|p1a: Iron Moth|Iron Moth|100/100
|-enditem|p1a: Iron Moth|Booster Energy
|-activate|p1a: Iron Moth|ability: Quark Drive|[fromitem]
|-start|p1a: Iron Moth|quarkdrivespe
|turn|2
|
|t:|1760765033
|switch|p2a: Alomomola|Alomomola, F|100/100
|move|p1a: Iron Moth|Dazzling Gleam|p2a: Alomomola
|-damage|p2a: Alomomola|67/100
|
|-heal|p2a: Alomomola|73/100|[from] item: Leftovers
|upkeep
|turn|3
|
|t:|1760765040
|move|p1a: Iron Moth|Sludge Wave|p2a: Alomomola
|-damage|p2a: Alomomola|19/100
|move|p2a: Alomomola|Flip Turn|p1a: Iron Moth
|-supereffective|p1a: Iron Moth
|-damage|p1a: Iron Moth|53/100
|
|t:|1760765045
|switch|p2a: Barraskewda|Barraskewda, M|100/100|[from] Flip Turn
|
|upkeep
|turn|4
|
|t:|1760765049
|move|p2a: Barraskewda|Aqua Jet|p1a: Iron Moth
|-supereffective|p1a: Iron Moth
|-damage|p1a: Iron Moth|0 fnt
|faint|p1a: Iron Moth
|-end|p1a: Iron Moth|Quark Drive|[silent]
|
|upkeep
|
|t:|1760765049
|switch|p1a: Jirachi|Jirachi|100/100
|turn|5
|
|t:|1760765054
|switch|p2a: Coalossal|Coalossal, M|100/100
|-terastallize|p1a: Jirachi|Steel
|move|p1a: Jirachi|Aura Sphere|p2a: Coalossal
|-supereffective|p2a: Coalossal
|-damage|p2a: Coalossal|67/100
|-enditem|p2a: Coalossal|Weakness Policy
|-boost|p2a: Coalossal|atk|2|[from] item: Weakness Policy
|-boost|p2a: Coalossal|spa|2|[from] item: Weakness Policy
|
|upkeep
|turn|6
|
|t:|1760765059
|move|p1a: Jirachi|Aura Sphere|p2a: Coalossal
|-supereffective|p2a: Coalossal
|-damage|p2a: Coalossal|32/100
|move|p2a: Coalossal|Heat Crash|p1a: Jirachi
|-supereffective|p1a: Jirachi
|-damage|p1a: Jirachi|0 fnt
|faint|p1a: Jirachi
|
|upkeep
|
|t:|1760765059
|switch|p1a: Iron Boulder|Iron Boulder|100/100
|-enditem|p1a: Iron Boulder|Booster Energy
|-activate|p1a: Iron Boulder|ability: Quark Drive|[fromitem]
|-start|p1a: Iron Boulder|quarkdrivespe
|turn|7
|
|t:|1760765063
|move|p1a: Iron Boulder|Earthquake|p2a: Coalossal
|-supereffective|p2a: Coalossal
|-damage|p2a: Coalossal|0 fnt
|faint|p2a: Coalossal
|
|upkeep
|
|t:|1760765074
|switch|p2a: Alomomola|Alomomola, F|52/100
|turn|8
|
|t:|1760765076
|move|p1a: Iron Boulder|Mighty Cleave|p2a: Alomomola
|-damage|p2a: Alomomola|27/100
|move|p2a: Alomomola|Wish|p2a: Alomomola
|
|-heal|p2a: Alomomola|33/100|[from] item: Leftovers
|upkeep
|turn|9
|
|t:|1760765080
|move|p2a: Alomomola|Protect|p2a: Alomomola
|-singleturn|p2a: Alomomola|Protect
|move|p1a: Iron Boulder|Mighty Cleave|p2a: Alomomola
|-damage|p2a: Alomomola|7/100
|
|-heal|p2a: Alomomola|57/100|[from] move: Wish|[wisher] Alomomola
|-heal|p2a: Alomomola|63/100|[from] item: Leftovers
|upkeep
|turn|10
|
|t:|1760765085
|move|p1a: Iron Boulder|Mighty Cleave|p2a: Alomomola
|-damage|p2a: Alomomola|36/100
|move|p2a: Alomomola|Flip Turn|p1a: Iron Boulder
|-supereffective|p1a: Iron Boulder
|-damage|p1a: Iron Boulder|51/100
|
|t:|1760765089
|switch|p2a: Barraskewda|Barraskewda, M|100/100|[from] Flip Turn
|
|upkeep
|turn|11
|
|t:|1760765092
|-terastallize|p2a: Barraskewda|Water
|move|p2a: Barraskewda|Aqua Jet|p1a: Iron Boulder
|-supereffective|p1a: Iron Boulder
|-damage|p1a: Iron Boulder|0 fnt
|faint|p1a: Iron Boulder
|-end|p1a: Iron Boulder|Quark Drive|[silent]
|
|upkeep
|
|t:|1760765092
|switch|p1a: Quaquaval|Quaquaval, F|100/100
|turn|12
|
|t:|1760765099
|switch|p2a: Alomomola|Alomomola, F|69/100
|move|p1a: Quaquaval|Close Combat|p2a: Alomomola
|-damage|p2a: Alomomola|33/100
|-unboost|p1a: Quaquaval|def|1
|-unboost|p1a: Quaquaval|spd|1
|
|-heal|p2a: Alomomola|39/100|[from] item: Leftovers
|upkeep
|turn|13
|
|t:|1760765104
|move|p1a: Quaquaval|Close Combat|p2a: Alomomola
|-damage|p2a: Alomomola|4/100
|-unboost|p1a: Quaquaval|def|1
|-unboost|p1a: Quaquaval|spd|1
|move|p2a: Alomomola|Wish|p2a: Alomomola
|
|-heal|p2a: Alomomola|10/100|[from] item: Leftovers
|upkeep
|turn|14
|
|t:|1760765106
|move|p2a: Alomomola|Protect|p2a: Alomomola
|-singleturn|p2a: Alomomola|Protect
|move|p1a: Quaquaval|Close Combat|p2a: Alomomola
|-activate|p2a: Alomomola|move: Protect
|
|-heal|p2a: Alomomola|60/100|[from] move: Wish|[wisher] Alomomola
|-heal|p2a: Alomomola|67/100|[from] item: Leftovers
|upkeep
|turn|15
|
|t:|1760765115
|move|p1a: Quaquaval|Close Combat|p2a: Alomomola
|-damage|p2a: Alomomola|32/100
|-unboost|p1a: Quaquaval|def|1
|-unboost|p1a: Quaquaval|spd|1
|move|p2a: Alomomola|Wish|p2a: Alomomola
|
|-heal|p2a: Alomomola|38/100|[from] item: Leftovers
|upkeep
|turn|16
|
|t:|1760765120
|move|p2a: Alomomola|Protect|p2a: Alomomola
|-singleturn|p2a: Alomomola|Protect
|move|p1a: Quaquaval|Close Combat|p2a: Alomomola
|-activate|p2a: Alomomola|move: Protect
|
|-heal|p2a: Alomomola|88/100|[from] move: Wish|[wisher] Alomomola
|-heal|p2a: Alomomola|94/100|[from] item: Leftovers
|upkeep
|turn|17
|
|t:|1760765126
|move|p1a: Quaquaval|Close Combat|p2a: Alomomola
|-crit|p2a: Alomomola
|-damage|p2a: Alomomola|40/100
|-unboost|p1a: Quaquaval|def|1
|-unboost|p1a: Quaquaval|spd|1
|move|p2a: Alomomola|Scald|p1a: Quaquaval
|-resisted|p1a: Quaquaval
|-damage|p1a: Quaquaval|80/100
|-status|p1a: Quaquaval|brn
|
|-heal|p2a: Alomomola|46/100|[from] item: Leftovers
|-damage|p1a: Quaquaval|74/100 brn|[from] brn
|upkeep
|turn|18
|
|t:|1760765130
|move|p1a: Quaquaval|Close Combat|p2a: Alomomola
|-damage|p2a: Alomomola|27/100
|-unboost|p1a: Quaquaval|def|1
|-unboost|p1a: Quaquaval|spd|1
|move|p2a: Alomomola|Wish|p2a: Alomomola
|
|-heal|p2a: Alomomola|33/100|[from] item: Leftovers
|-damage|p1a: Quaquaval|68/100 brn|[from] brn
|upkeep
|turn|19
|
|t:|1760765136
|move|p1a: Quaquaval|Close Combat|p2a: Alomomola
|-damage|p2a: Alomomola|16/100
|-unboost|p1a: Quaquaval|def|1
|-unboost|p1a: Quaquaval|spd|1
|move|p2a: Alomomola|Flip Turn|p1a: Quaquaval
|-resisted|p1a: Quaquaval
|-damage|p1a: Quaquaval|20/100 brn
|
|t:|1760765145
|switch|p2a: Barraskewda|Barraskewda, M, tera:Water|100/100|[from] Flip Turn
|
|-damage|p1a: Quaquaval|14/100 brn|[from] brn
|upkeep
|turn|20
|
|t:|1760765151
|move|p2a: Barraskewda|Aqua Jet|p1a: Quaquaval
|-resisted|p1a: Quaquaval
|-damage|p1a: Quaquaval|0 fnt
|faint|p1a: Quaquaval
|
|upkeep
|
|t:|1760765151
|switch|p1a: Gliscor|Gliscor, F|100/100
|turn|21
|
|t:|1760765154
|move|p2a: Barraskewda|Aqua Jet|p1a: Gliscor
|-supereffective|p1a: Gliscor
|-damage|p1a: Gliscor|54/100
|move|p1a: Gliscor|Facade|p2a: Barraskewda
|-damage|p2a: Barraskewda|70/100
|
|-status|p1a: Gliscor|tox|[from] item: Toxic Orb
|upkeep
|turn|22
|
|t:|1760765158
|switch|p2a: Cinccino|Cinccino, M|100/100
|move|p1a: Gliscor|Facade|p2a: Cinccino
|-damage|p2a: Cinccino|43/100
|
|-heal|p1a: Gliscor|66/100 tox|[from] ability: Poison Heal
|upkeep
|turn|23
|
|t:|1760765161
|move|p2a: Cinccino|Triple Axel|p1a: Gliscor
|-supereffective|p1a: Gliscor
|-damage|p1a: Gliscor|39/100 tox
|-supereffective|p1a: Gliscor
|-damage|p1a: Gliscor|0 fnt
|faint|p1a: Gliscor
|-hitcount|p1: Gliscor|2
|
|win|Sulley365
|raw|HZBKAI3's rating: 1097 &rarr; <strong>1072</strong><br />(-25 for losing)
|raw|Sulley365's rating: 1092 &rarr; <strong>1119</strong><br />(+27 for winning)
|l|☆HZBKAI3
|player|p1|
|l|☆Sulley365
|player|p2|
|j|☆Sulley365
|player|p2|Sulley365|giovanni|
|l|☆Sulley365
|player|p2|
