|j|☆nevidebla
|j|☆WDMYJM
|t:|1760772472
|gametype|singles
|player|p1|nevidebla|psychicf-gen4|1297
|player|p2|WDMYJM|170|1262
|gen|9
|tier|[Gen 9] OU
|rated|
|rule|HP Percentage Mod: HP is shown in percentages
|rule|Endless Battle Clause: Forcing endless battles is banned
|rule|Species Clause: Limit one of each Pokémon
|rule|OHKO Clause: OHKO moves are banned
|rule|Evasion Items Clause: Evasion items are banned
|rule|Evasion Moves Clause: Evasion moves are banned
|rule|Evasion Abilities Clause: Evasion abilities are banned
|rule|Sleep Moves Clause: Sleep-inducing moves are banned
|clearpoke
|poke|p1|Ogerpon-Wellspring, F|
|poke|p1|Zamazenta-*|
|poke|p1|Hydreigon, M|
|poke|p1|Heatran, F|
|poke|p1|Slowking-Galar, M|
|poke|p1|Weezing-Galar, F|
|poke|p2|Hatterene, F|
|poke|p2|Cinderace, F|
|poke|p2|Venusaur, M|
|poke|p2|Greninja-*, M|
|poke|p2|Iron Valiant|
|poke|p2|Gardevoir, F|
|teampreview
|
|t:|1760772483
|teamsize|p1|6
|teamsize|p2|6
|start
|switch|p1a: Zamazenta|Zamazenta|100/100
|switch|p2a: Hatterene|Hatterene, F|100/100
|-ability|p1a: Zamazenta|Dauntless Shield|boost
|-boost|p1a: Zamazenta|def|1
|turn|1
|
|t:|1760772488
|switch|p1a: Heatran|Heatran, F|100/100
|move|p2a: Hatterene|Psychic Terrain|p2a: Hatterene
|-fieldstart|move: Psychic Terrain
|
|upkeep
|turn|2
|
|t:|1760772490
|move|p1a: Heatran|Magma Storm|p2a: Hatterene|[miss]
|-miss|p1a: Heatran|p2a: Hatterene
|move|p2a: Hatterene|Nuzzle|p1a: Heatran
|-damage|p1a: Heatran|97/100
|-status|p1a: Heatran|par
|
|-heal|p1a: Heatran|100/100 par|[from] item: Leftovers
|upkeep
|turn|3
|
|t:|1760772501
|switch|p2a: Greninja|Greninja, M|100/100
|cant|p1a: Heatran|par
|
|upkeep
|turn|4
|
|t:|1760772513
|switch|p1a: Hydreigon|Hydreigon, M|100/100
|move|p2a: Greninja|Dark Pulse|p1a: Hydreigon
|-resisted|p1a: Hydreigon
|-damage|p1a: Hydreigon|65/100
|
|upkeep
|turn|5
|
|t:|1760772533
|switch|p2a: Hatterene|Hatterene, F|100/100
|move|p1a: Hydreigon|U-turn|p2a: Hatterene
|-damage|p2a: Hatterene|83/100
|
|t:|1760772542
|switch|p1a: Heatran|Heatran, F|100/100 par|[from] U-turn
|
|upkeep
|turn|6
|
|t:|1760772578
|switch|p2a: Greninja|Greninja, M|100/100
|move|p1a: Heatran|Magma Storm|p2a: Greninja
|-resisted|p2a: Greninja
|-damage|p2a: Greninja|64/100
|-activate|p2a: Greninja|move: Magma Storm|[of] p1a: Heatran
|
|-damage|p2a: Greninja|52/100|[from] move: Magma Storm|[partiallytrapped]
|upkeep
|turn|7
|
|t:|1760772605
|move|p1a: Heatran|Protect|p1a: Heatran
|-singleturn|p1a: Heatran|Protect
|move|p2a: Greninja|Hydro Pump|p1a: Heatran
|-activate|p1a: Heatran|move: Protect
|
|-damage|p2a: Greninja|39/100|[from] move: Magma Storm|[partiallytrapped]
|upkeep
|turn|8
|
|t:|1760772615
|-terastallize|p1a: Heatran|Grass
|move|p2a: Greninja|Hydro Pump|p1a: Heatran
|-resisted|p1a: Heatran
|-damage|p1a: Heatran|77/100 par
|cant|p1a: Heatran|par
|
|-heal|p1a: Heatran|84/100 par|[from] item: Leftovers
|-damage|p2a: Greninja|27/100|[from] move: Magma Storm|[partiallytrapped]
|-fieldend|move: Psychic Terrain
|upkeep
|turn|9
|
|t:|1760772633
|move|p2a: Greninja|Hydro Pump|p1a: Heatran|[miss]
|-miss|p2a: Greninja|p1a: Heatran
|move|p1a: Heatran|Earth Power|p2a: Greninja
|-damage|p2a: Greninja|0 fnt
|faint|p2a: Greninja
|
|-heal|p1a: Heatran|90/100 par|[from] item: Leftovers
|upkeep
|
|t:|1760772638
|switch|p2a: Cinderace|Cinderace, F|100/100
|turn|10
|
|t:|1760772660
|move|p2a: Cinderace|Pyro Ball|p1a: Heatran
|-start|p1a: Heatran|ability: Flash Fire
|cant|p1a: Heatran|par
|
|-heal|p1a: Heatran|96/100 par|[from] item: Leftovers
|upkeep
|turn|11
|
|t:|1760772666
|move|p2a: Cinderace|Pyro Ball|p1a: Heatran
|-immune|p1a: Heatran|[from] ability: Flash Fire
|cant|p1a: Heatran|par
|
|-heal|p1a: Heatran|100/100 par|[from] item: Leftovers
|upkeep
|turn|12
|
|t:|1760772673
|switch|p2a: Hatterene|Hatterene, F|83/100
|move|p1a: Heatran|Earth Power|p2a: Hatterene
|-damage|p2a: Hatterene|55/100
|
|upkeep
|turn|13
|
|t:|1760772678
|move|p1a: Heatran|Magma Storm|p2a: Hatterene
|-damage|p2a: Hatterene|0 fnt
|faint|p2a: Hatterene
|
|upkeep
|
|t:|1760772700
|switch|p2a: Gardevoir|Gardevoir, F|100/100
|-ability|p2a: Gardevoir|Flash Fire|Trace|[from] ability: Trace|[of] p1a: Heatran
|turn|14
|
|t:|1760772704
|move|p2a: Gardevoir|Moonblast|p1a: Heatran
|-damage|p1a: Heatran|67/100 par
|cant|p1a: Heatran|par
|
|-heal|p1a: Heatran|73/100 par|[from] item: Leftovers
|upkeep
|turn|15
|
|t:|1760772709
|move|p1a: Heatran|Protect|p1a: Heatran
|-singleturn|p1a: Heatran|Protect
|move|p2a: Gardevoir|Moonblast|p1a: Heatran
|-activate|p1a: Heatran|move: Protect
|
|-heal|p1a: Heatran|80/100 par|[from] item: Leftovers
|upkeep
|turn|16
|
|t:|1760772714
|move|p2a: Gardevoir|Moonblast|p1a: Heatran
|-damage|p1a: Heatran|49/100 par
|cant|p1a: Heatran|par
|
|-heal|p1a: Heatran|55/100 par|[from] item: Leftovers
|upkeep
|turn|17
|
|t:|1760772720
|move|p2a: Gardevoir|Moonblast|p1a: Heatran
|-damage|p1a: Heatran|24/100 par
|-unboost|p1a: Heatran|spa|1
|move|p1a: Heatran|Magma Storm|p2a: Gardevoir
|-start|p2a: Gardevoir|ability: Flash Fire
|
|-heal|p1a: Heatran|30/100 par|[from] item: Leftovers
|upkeep
|turn|18
|
|t:|1760772743
|-end|p1a: Heatran|ability: Flash Fire|[silent]
|switch|p1a: Slowking|Slowking-Galar, M|100/100
|move|p2a: Gardevoir|Moonblast|p1a: Slowking
|-resisted|p1a: Slowking
|-damage|p1a: Slowking|83/100
|-unboost|p1a: Slowking|spa|1
|
|upkeep
|turn|19
|
|t:|1760772752
|-end|p2a: Gardevoir|ability: Flash Fire|[silent]
|switch|p2a: Venusaur|Venusaur, M|100/100
|move|p1a: Slowking|Sludge Wave|p2a: Venusaur
|-damage|p2a: Venusaur|76/100
|
|-heal|p2a: Venusaur|82/100|[from] item: Leftovers
|upkeep
|turn|20
|
|t:|1760772761
|move|p2a: Venusaur|Knock Off|p1a: Slowking
|-supereffective|p1a: Slowking
|-damage|p1a: Slowking|42/100
|-enditem|p1a: Slowking|Shuca Berry|[from] move: Knock Off|[of] p2a: Venusaur
|move|p1a: Slowking|Psychic|p2a: Venusaur
|-supereffective|p2a: Venusaur
|-damage|p2a: Venusaur|35/100
|
|-heal|p2a: Venusaur|41/100|[from] item: Leftovers
|upkeep
|turn|21
|
|t:|1760772771
|switch|p2a: Gardevoir|Gardevoir, F|100/100
|-ability|p2a: Gardevoir|Regenerator|Trace|[from] ability: Trace|[of] p1a: Slowking
|move|p1a: Slowking|Psychic|p2a: Gardevoir
|-resisted|p2a: Gardevoir
|-damage|p2a: Gardevoir|86/100
|
|upkeep
|turn|22
|
|t:|1760772791
|switch|p1a: Ogerpon|Ogerpon-Wellspring, F|100/100
|move|p2a: Gardevoir|Night Shade|p1a: Ogerpon
|-damage|p1a: Ogerpon|67/100
|
|upkeep
|turn|23
|
|t:|1760772806
|switch|p2a: Venusaur|Venusaur, M|41/100
|move|p1a: Ogerpon|Ivy Cudgel|p2a: Venusaur|[anim] Ivy Cudgel Water
|-resisted|p2a: Venusaur
|-damage|p2a: Venusaur|15/100
|
|-heal|p2a: Venusaur|21/100|[from] item: Leftovers
|upkeep
|turn|24
|
|t:|1760772812
|move|p1a: Ogerpon|Ivy Cudgel|p2a: Venusaur|[anim] Ivy Cudgel Water
|-resisted|p2a: Venusaur
|-crit|p2a: Venusaur
|-damage|p2a: Venusaur|0 fnt
|faint|p2a: Venusaur
|
|upkeep
|
|t:|1760772819
|switch|p2a: Cinderace|Cinderace, F|100/100
|turn|25
|
|t:|1760772823
|move|p2a: Cinderace|High Jump Kick|p1a: Ogerpon
|-start|p2a: Cinderace|typechange|Fighting|[from] ability: Libero
|-damage|p1a: Ogerpon|0 fnt
|faint|p1a: Ogerpon
|
|upkeep
|
|t:|1760772831
|switch|p1a: Weezing|Weezing-Galar, F|100/100
|turn|26
|
|t:|1760772836
|switch|p2a: Gardevoir|Gardevoir, F|100/100
|-ability|p2a: Gardevoir|Levitate|Trace|[from] ability: Trace|[of] p1a: Weezing
|move|p1a: Weezing|Sludge Wave|p2a: Gardevoir
|-supereffective|p2a: Gardevoir
|-damage|p2a: Gardevoir|40/100
|-status|p2a: Gardevoir|psn
|
|-damage|p2a: Gardevoir|28/100 psn|[from] psn
|upkeep
|turn|27
|
|t:|1760772853
|switch|p1a: Heatran|Heatran, F, tera:Grass|30/100 par
|move|p2a: Gardevoir|Expanding Force|p1a: Heatran
|-damage|p1a: Heatran|5/100 par
|
|-heal|p1a: Heatran|11/100 par|[from] item: Leftovers
|-damage|p2a: Gardevoir|16/100 psn|[from] psn
|upkeep
|turn|28
|
|t:|1760772862
|cant|p1a: Heatran|par
|move|p2a: Gardevoir|Expanding Force|p1a: Heatran
|-damage|p1a: Heatran|0 fnt
|faint|p1a: Heatran
|
|-damage|p2a: Gardevoir|3/100 psn|[from] psn
|upkeep
|
|t:|1760772873
|switch|p1a: Zamazenta|Zamazenta|100/100
|turn|29
|
|t:|1760772875
|move|p2a: Gardevoir|Expanding Force|p1a: Zamazenta
|-supereffective|p1a: Zamazenta
|-damage|p1a: Zamazenta|19/100
|move|p1a: Zamazenta|Crunch|p2a: Gardevoir
|-crit|p2a: Gardevoir
|-damage|p2a: Gardevoir|0 fnt
|faint|p2a: Gardevoir
|
|-heal|p1a: Zamazenta|25/100|[from] item: Leftovers
|upkeep
|
|t:|1760772879
|switch|p2a: Iron Valiant|Iron Valiant|100/100
|-enditem|p2a: Iron Valiant|Booster Energy
|-activate|p2a: Iron Valiant|ability: Quark Drive|[fromitem]
|-start|p2a: Iron Valiant|quarkdrivespe
|turn|30
|
|t:|1760772885
|move|p2a: Iron Valiant|Calm Mind|p2a: Iron Valiant
|-boost|p2a: Iron Valiant|spa|1
|-boost|p2a: Iron Valiant|spd|1
|move|p1a: Zamazenta|Roar|p2a: Iron Valiant
|-end|p2a: Iron Valiant|Quark Drive|[silent]
|drag|p2a: Cinderace|Cinderace, F|100/100
|
|-heal|p1a: Zamazenta|31/100|[from] item: Leftovers
|upkeep
|turn|31
|
|t:|1760772897
|move|p1a: Zamazenta|Body Press|p2a: Cinderace
|-damage|p2a: Cinderace|47/100
|move|p2a: Cinderace|Pyro Ball|p1a: Zamazenta
|-damage|p1a: Zamazenta|0 fnt
|faint|p1a: Zamazenta
|
|upkeep
|
|t:|1760772912
|switch|p1a: Weezing|Weezing-Galar, F|100/100
|turn|32
|
|t:|1760772924
|-terastallize|p2a: Cinderace|Fire
|move|p2a: Cinderace|Pyro Ball|p1a: Weezing
|-damage|p1a: Weezing|41/100
|move|p1a: Weezing|Sludge Wave|p2a: Cinderace
|-damage|p2a: Cinderace|7/100
|-status|p2a: Cinderace|psn
|
|-heal|p1a: Weezing|47/100|[from] item: Leftovers
|-damage|p2a: Cinderace|0 fnt|[from] psn
|faint|p2a: Cinderace
|upkeep
|
|t:|1760772930
|switch|p2a: Iron Valiant|Iron Valiant|100/100
|turn|33
|
|t:|1760772939
|move|p2a: Iron Valiant|Expanding Force|p1a: Weezing
|-supereffective|p1a: Weezing
|-damage|p1a: Weezing|0 fnt
|faint|p1a: Weezing
|
|upkeep
|
|t:|1760772946
|switch|p1a: Slowking|Slowking-Galar, M|76/100
|turn|34
|
|t:|1760772958
|move|p2a: Iron Valiant|Calm Mind|p2a: Iron Valiant
|-boost|p2a: Iron Valiant|spa|1
|-boost|p2a: Iron Valiant|spd|1
|move|p1a: Slowking|Sludge Wave|p2a: Iron Valiant
|-supereffective|p2a: Iron Valiant
|-damage|p2a: Iron Valiant|0 fnt
|faint|p2a: Iron Valiant
|-end|p2a: Iron Valiant|Quark Drive|[silent]
|
|win|nevidebla
|raw|nevidebla's rating: 1297 &rarr; <strong>1321</strong><br />(+24 for winning)
|raw|WDMYJM's rating: 1284 &rarr; <strong>1260</strong><br />(-24 for losing)
|l|☆WDMYJM
|player|p2|
|l|☆nevidebla
|player|p1|
