|j|☆ajonymousnon
|j|☆TSupraz
|t:|1760826704
|gametype|singles
|player|p1|ajonymousnon|1|1608
|player|p2|TSupraz|2|1563
|gen|9
|tier|[Gen 9] OU
|rated|
|rule|HP Percentage Mod: HP is shown in percentages
|rule|Endless Battle Clause: Forcing endless battles is banned
|rule|Species Clause: Limit one of each Pokémon
|rule|OHKO Clause: OHKO moves are banned
|rule|Evasion Items Clause: Evasion items are banned
|rule|Evasion Moves Clause: Evasion moves are banned
|rule|Evasion Abilities Clause: Evasion abilities are banned
|rule|Sleep Moves Clause: Sleep-inducing moves are banned
|clearpoke
|poke|p1|Great Tusk|
|poke|p1|Ogerpon-Cornerstone, F|
|poke|p1|Rillaboom, F|
|poke|p1|Tyranitar, M|
|poke|p1|Corviknight, M|
|poke|p1|Dragapult, F|
|poke|p2|Ninetales, M|
|poke|p2|Slither Wing|
|poke|p2|Walking Wake|
|poke|p2|Raging Bolt|
|poke|p2|Hatterene, F|
|poke|p2|Brute Bonnet|
|teampreview
|inactive|Battle timer is ON: inactive players will automatically lose when time's up. (requested by ajonymousnon)
|
|t:|1760826720
|teamsize|p1|6
|teamsize|p2|6
|start
|switch|p1a: Dragapult|Dragapult, F|100/100
|switch|p2a: Slither Wing|Slither Wing|100/100
|turn|1
|inactive|ajonymousnon has 120 seconds left.
|
|t:|1760826753
|move|p1a: Dragapult|Substitute|p1a: Dragapult
|-start|p1a: Dragapult|Substitute
|-damage|p1a: Dragapult|76/100
|move|p2a: Slither Wing|U-turn|p1a: Dragapult
|-resisted|p1a: Dragapult
|-end|p1a: Dragapult|Substitute
|
|t:|1760826762
|-end|p2a: Slither Wing|Protosynthesis|[silent]
|switch|p2a: Ninetales|Ninetales, M|100/100|[from] U-turn
|-weather|SunnyDay|[from] ability: Drought|[of] p2a: Ninetales
|
|-weather|SunnyDay|[upkeep]
|-heal|p1a: Dragapult|82/100|[from] item: Leftovers
|upkeep
|turn|2
|
|t:|1760826776
|switch|p1a: Tyranitar|Tyranitar, M|100/100
|-weather|Sandstorm|[from] ability: Sand Stream|[of] p1a: Tyranitar
|move|p2a: Ninetales|Encore||[still]
|-fail|p2a: Ninetales
|
|-weather|Sandstorm|[upkeep]
|-damage|p2a: Ninetales|94/100|[from] Sandstorm
|upkeep
|turn|3
|
|t:|1760826782
|switch|p2a: Hatterene|Hatterene, F|100/100
|move|p1a: Tyranitar|Stone Edge|p2a: Hatterene
|-crit|p2a: Hatterene
|-damage|p2a: Hatterene|45/100
|-enditem|p2a: Hatterene|Eject Button
|
|t:|1760826790
|switch|p2a: Brute Bonnet|Brute Bonnet|100/100
|
|-weather|Sandstorm|[upkeep]
|-damage|p2a: Brute Bonnet|94/100|[from] Sandstorm
|upkeep
|turn|4
|inactive|ajonymousnon has 120 seconds left.
|
|t:|1760826823
|switch|p1a: Corviknight|Corviknight, M|100/100
|-ability|p1a: Corviknight|Pressure
|move|p2a: Brute Bonnet|Bullet Seed|p1a: Corviknight
|-resisted|p1a: Corviknight
|-damage|p1a: Corviknight|98/100
|-resisted|p1a: Corviknight
|-damage|p1a: Corviknight|96/100
|-resisted|p1a: Corviknight
|-damage|p1a: Corviknight|94/100
|-resisted|p1a: Corviknight
|-damage|p1a: Corviknight|92/100
|-hitcount|p1a: Corviknight|4
|
|-weather|Sandstorm|[upkeep]
|-damage|p2a: Brute Bonnet|88/100|[from] Sandstorm
|upkeep
|turn|5
|
|t:|1760826832
|-end|p2a: Brute Bonnet|Protosynthesis|[silent]
|switch|p2a: Ninetales|Ninetales, M|94/100
|-weather|SunnyDay|[from] ability: Drought|[of] p2a: Ninetales
|move|p1a: Corviknight|U-turn|p2a: Ninetales
|-resisted|p2a: Ninetales
|-damage|p2a: Ninetales|86/100
|inactive|ajonymousnon has 120 seconds left.
|
|t:|1760826842
|switch|p1a: Tyranitar|Tyranitar, M|100/100|[from] U-turn
|-weather|Sandstorm|[from] ability: Sand Stream|[of] p1a: Tyranitar
|
|-weather|Sandstorm|[upkeep]
|-damage|p2a: Ninetales|80/100|[from] Sandstorm
|upkeep
|turn|6
|
|t:|1760826847
|switch|p2a: Hatterene|Hatterene, F|45/100
|move|p1a: Tyranitar|Knock Off|p2a: Hatterene
|-damage|p2a: Hatterene|20/100
|
|-weather|Sandstorm|[upkeep]
|-damage|p2a: Hatterene|14/100|[from] Sandstorm
|upkeep
|turn|7
|
|t:|1760826851
|move|p1a: Tyranitar|Knock Off|p2a: Hatterene
|-damage|p2a: Hatterene|0 fnt
|faint|p2a: Hatterene
|
|-weather|Sandstorm|[upkeep]
|upkeep
|
|t:|1760826858
|switch|p2a: Slither Wing|Slither Wing|100/100
|turn|8
|
|t:|1760826879
|switch|p1a: Corviknight|Corviknight, M|92/100
|-ability|p1a: Corviknight|Pressure
|move|p2a: Slither Wing|U-turn|p1a: Corviknight
|-resisted|p1a: Corviknight
|-damage|p1a: Corviknight|83/100
|-damage|p2a: Slither Wing|84/100|[from] item: Rocky Helmet|[of] p1a: Corviknight
|
|t:|1760826893
|-end|p2a: Slither Wing|Protosynthesis|[silent]
|switch|p2a: Ninetales|Ninetales, M|80/100|[from] U-turn
|-weather|SunnyDay|[from] ability: Drought|[of] p2a: Ninetales
|
|-weather|SunnyDay|[upkeep]
|upkeep
|turn|9
|inactive|ajonymousnon has 120 seconds left.
|
|t:|1760826934
|switch|p1a: Tyranitar|Tyranitar, M|100/100
|-weather|Sandstorm|[from] ability: Sand Stream|[of] p1a: Tyranitar
|move|p2a: Ninetales|Will-O-Wisp|p1a: Tyranitar
|-status|p1a: Tyranitar|brn
|
|-weather|Sandstorm|[upkeep]
|-damage|p2a: Ninetales|74/100|[from] Sandstorm
|-damage|p1a: Tyranitar|94/100 brn|[from] brn
|upkeep
|turn|10
|
|t:|1760826938
|switch|p2a: Slither Wing|Slither Wing|84/100
|move|p1a: Tyranitar|Stealth Rock|p2a: Slither Wing
|-sidestart|p2: TSupraz|move: Stealth Rock
|
|-weather|Sandstorm|[upkeep]
|-damage|p2a: Slither Wing|78/100|[from] Sandstorm
|-heal|p1a: Tyranitar|100/100 brn|[from] item: Leftovers
|-damage|p1a: Tyranitar|94/100 brn|[from] brn
|upkeep
|turn|11
|inactive|ajonymousnon has 120 seconds left.
|inactive|ajonymousnon has 90 seconds left.
|
|t:|1760826977
|switch|p1a: Corviknight|Corviknight, M|83/100
|-ability|p1a: Corviknight|Pressure
|move|p2a: Slither Wing|U-turn|p1a: Corviknight
|-resisted|p1a: Corviknight
|-damage|p1a: Corviknight|74/100
|-damage|p2a: Slither Wing|62/100|[from] item: Rocky Helmet|[of] p1a: Corviknight
|
|t:|1760826998
|-end|p2a: Slither Wing|Protosynthesis|[silent]
|switch|p2a: Walking Wake|Walking Wake|100/100|[from] U-turn
|-damage|p2a: Walking Wake|88/100|[from] Stealth Rock
|
|-weather|Sandstorm|[upkeep]
|-damage|p2a: Walking Wake|82/100|[from] Sandstorm
|upkeep
|turn|12
|
|t:|1760827010
|switch|p1a: Rillaboom|Rillaboom, F|100/100
|-fieldstart|move: Grassy Terrain|[from] ability: Grassy Surge|[of] p1a: Rillaboom
|move|p2a: Walking Wake|Flamethrower|p1a: Rillaboom
|-supereffective|p1a: Rillaboom
|-damage|p1a: Rillaboom|0 fnt
|faint|p1a: Rillaboom
|
|-weather|Sandstorm|[upkeep]
|-damage|p2a: Walking Wake|76/100|[from] Sandstorm
|-heal|p2a: Walking Wake|82/100|[from] Grassy Terrain
|upkeep
|
|t:|1760827012
|switch|p1a: Ogerpon|Ogerpon-Cornerstone, F|100/100
|turn|13
|
|t:|1760827017
|-end|p2a: Walking Wake|Protosynthesis|[silent]
|switch|p2a: Slither Wing|Slither Wing|62/100
|-damage|p2a: Slither Wing|49/100|[from] Stealth Rock
|move|p1a: Ogerpon|Ivy Cudgel|p2a: Slither Wing|[anim] Ivy Cudgel Rock
|-damage|p2a: Slither Wing|0 fnt
|faint|p2a: Slither Wing
|-end|p2a: Slither Wing|Protosynthesis|[silent]
|
|-weather|none
|upkeep
|
|t:|1760827021
|switch|p2a: Raging Bolt|Raging Bolt|100/100
|-damage|p2a: Raging Bolt|88/100|[from] Stealth Rock
|turn|14
|inactive|ajonymousnon has 120 seconds left.
|
|t:|1760827029
|switch|p1a: Great Tusk|Great Tusk|100/100
|move|p2a: Raging Bolt|Thunderbolt|p1a: Great Tusk
|-immune|p1a: Great Tusk
|
|-heal|p2a: Raging Bolt|94/100|[from] Grassy Terrain
|upkeep
|turn|15
|
|t:|1760827040
|-terastallize|p2a: Raging Bolt|Grass
|move|p1a: Great Tusk|Headlong Rush|p2a: Raging Bolt
|-resisted|p2a: Raging Bolt
|-crit|p2a: Raging Bolt
|-damage|p2a: Raging Bolt|57/100
|-unboost|p1a: Great Tusk|def|1
|-unboost|p1a: Great Tusk|spd|1
|move|p2a: Raging Bolt|Draco Meteor|p1a: Great Tusk
|-damage|p1a: Great Tusk|4/100
|-unboost|p2a: Raging Bolt|spa|2
|-damage|p2a: Raging Bolt|47/100|[from] item: Life Orb
|
|-heal|p1a: Great Tusk|10/100|[from] Grassy Terrain
|-heal|p2a: Raging Bolt|53/100|[from] Grassy Terrain
|upkeep
|turn|16
|inactive|ajonymousnon has 120 seconds left.
|inactive|ajonymousnon has 90 seconds left.
|
|t:|1760827114
|move|p1a: Great Tusk|Ice Spinner|p2a: Raging Bolt
|-supereffective|p2a: Raging Bolt
|-damage|p2a: Raging Bolt|3/100
|-fieldend|move: Grassy Terrain
|move|p2a: Raging Bolt|Draco Meteor|p1a: Great Tusk
|-damage|p1a: Great Tusk|0 fnt
|-unboost|p2a: Raging Bolt|spa|2
|faint|p1a: Great Tusk
|-end|p1a: Great Tusk|Protosynthesis|[silent]
|-damage|p2a: Raging Bolt|0 fnt|[from] item: Life Orb
|faint|p2a: Raging Bolt
|-end|p2a: Raging Bolt|Protosynthesis|[silent]
|
|upkeep
|
|t:|1760827128
|switch|p1a: Dragapult|Dragapult, F|82/100
|switch|p2a: Brute Bonnet|Brute Bonnet|88/100
|-damage|p2a: Brute Bonnet|76/100|[from] Stealth Rock
|turn|17
|inactive|ajonymousnon has 60 seconds left.
|
|t:|1760827167
|switch|p1a: Corviknight|Corviknight, M|74/100
|-ability|p1a: Corviknight|Pressure
|-end|p2a: Brute Bonnet|Protosynthesis|[silent]
|switch|p2a: Ninetales|Ninetales, M|74/100
|-damage|p2a: Ninetales|49/100|[from] Stealth Rock
|-weather|SunnyDay|[from] ability: Drought|[of] p2a: Ninetales
|
|-weather|SunnyDay|[upkeep]
|upkeep
|turn|18
|
|t:|1760827174
|switch|p2a: Walking Wake|Walking Wake|82/100
|-damage|p2a: Walking Wake|70/100|[from] Stealth Rock
|-activate|p2a: Walking Wake|ability: Protosynthesis
|-start|p2a: Walking Wake|protosynthesisspe
|switch|p1a: Tyranitar|Tyranitar, M|94/100 brn
|-weather|Sandstorm|[from] ability: Sand Stream|[of] p1a: Tyranitar
|-end|p2a: Walking Wake|Protosynthesis
|
|-weather|Sandstorm|[upkeep]
|-damage|p2a: Walking Wake|64/100|[from] Sandstorm
|-heal|p1a: Tyranitar|100/100 brn|[from] item: Leftovers
|-damage|p1a: Tyranitar|94/100 brn|[from] brn
|upkeep
|turn|19
|inactive|ajonymousnon has 60 seconds left.
|inactive|ajonymousnon has 30 seconds left.
|inactive|ajonymousnon has 20 seconds left.
|inactive|ajonymousnon has 15 seconds left.
|inactive|ajonymousnon has 10 seconds left.
|
|t:|1760827235
|move|p2a: Walking Wake|Hydro Steam|p1a: Tyranitar
|-supereffective|p1a: Tyranitar
|-damage|p1a: Tyranitar|43/100 brn
|move|p1a: Tyranitar|Stone Edge|p2a: Walking Wake
|-damage|p2a: Walking Wake|40/100
|
|-weather|Sandstorm|[upkeep]
|-damage|p2a: Walking Wake|34/100|[from] Sandstorm
|-heal|p1a: Tyranitar|49/100 brn|[from] item: Leftovers
|-damage|p1a: Tyranitar|43/100 brn|[from] brn
|upkeep
|turn|20
|inactive|ajonymousnon has 20 seconds left this turn.
|
|t:|1760827241
|switch|p1a: Dragapult|Dragapult, F|82/100
|move|p2a: Walking Wake|Hydro Steam|p1a: Dragapult
|-resisted|p1a: Dragapult
|-damage|p1a: Dragapult|41/100
|
|-weather|Sandstorm|[upkeep]
|-damage|p1a: Dragapult|35/100|[from] Sandstorm
|-damage|p2a: Walking Wake|28/100|[from] Sandstorm
|-heal|p1a: Dragapult|41/100|[from] item: Leftovers
|upkeep
|turn|21
|inactive|ajonymousnon has 30 seconds left this turn.
|
|t:|1760827255
|-end|p2a: Walking Wake|Protosynthesis|[silent]
|switch|p2a: Ninetales|Ninetales, M|49/100
|-damage|p2a: Ninetales|24/100|[from] Stealth Rock
|-weather|SunnyDay|[from] ability: Drought|[of] p2a: Ninetales
|move|p1a: Dragapult|Dragon Darts|p2a: Ninetales
|-damage|p2a: Ninetales|0 fnt
|faint|p2a: Ninetales
|
|-weather|SunnyDay|[upkeep]
|-heal|p1a: Dragapult|47/100|[from] item: Leftovers
|upkeep
|
|t:|1760827259
|switch|p2a: Walking Wake|Walking Wake|28/100
|-damage|p2a: Walking Wake|15/100|[from] Stealth Rock
|-activate|p2a: Walking Wake|ability: Protosynthesis
|-start|p2a: Walking Wake|protosynthesisspe
|turn|22
|
|t:|1760827262
|switch|p1a: Tyranitar|Tyranitar, M|43/100 brn
|-weather|Sandstorm|[from] ability: Sand Stream|[of] p1a: Tyranitar
|-end|p2a: Walking Wake|Protosynthesis
|move|p2a: Walking Wake|Hydro Steam|p1a: Tyranitar
|-supereffective|p1a: Tyranitar
|-damage|p1a: Tyranitar|0 fnt
|faint|p1a: Tyranitar
|
|-weather|Sandstorm|[upkeep]
|-damage|p2a: Walking Wake|9/100|[from] Sandstorm
|upkeep
|
|t:|1760827264
|switch|p1a: Ogerpon|Ogerpon-Cornerstone, F|100/100
|turn|23
|
|t:|1760827266
|move|p1a: Ogerpon|Horn Leech|p2a: Walking Wake
|-damage|p2a: Walking Wake|0 fnt
|faint|p2a: Walking Wake
|-end|p2a: Walking Wake|Protosynthesis|[silent]
|
|-weather|Sandstorm|[upkeep]
|upkeep
|
|t:|1760827268
|switch|p2a: Brute Bonnet|Brute Bonnet|76/100
|-damage|p2a: Brute Bonnet|63/100|[from] Stealth Rock
|turn|24
|
|t:|1760827272
|move|p1a: Ogerpon|Ivy Cudgel|p2a: Brute Bonnet|[anim] Ivy Cudgel Rock
|-damage|p2a: Brute Bonnet|14/100
|move|p2a: Brute Bonnet|Bullet Seed|p1a: Ogerpon
|-damage|p1a: Ogerpon|81/100
|-damage|p1a: Ogerpon|63/100
|-damage|p1a: Ogerpon|43/100
|-damage|p1a: Ogerpon|24/100
|-damage|p1a: Ogerpon|4/100
|-hitcount|p1a: Ogerpon|5
|
|-weather|Sandstorm|[upkeep]
|-damage|p2a: Brute Bonnet|8/100|[from] Sandstorm
|upkeep
|turn|25
|
|t:|1760827278
|move|p2a: Brute Bonnet|Sucker Punch|p1a: Ogerpon
|-damage|p1a: Ogerpon|0 fnt
|faint|p1a: Ogerpon
|
|-weather|Sandstorm|[upkeep]
|-damage|p2a: Brute Bonnet|2/100|[from] Sandstorm
|upkeep
|
|t:|1760827284
|switch|p1a: Corviknight|Corviknight, M|74/100
|-ability|p1a: Corviknight|Pressure
|turn|26
|
|t:|1760827286
|move|p1a: Corviknight|Brave Bird|p2a: Brute Bonnet
|-supereffective|p2a: Brute Bonnet
|-damage|p2a: Brute Bonnet|0 fnt
|faint|p2a: Brute Bonnet
|-end|p2a: Brute Bonnet|Protosynthesis|[silent]
|-damage|p1a: Corviknight|73/100|[from] Recoil
|
|win|ajonymousnon
|raw|ajonymousnon's rating: 1607 &rarr; <strong>1624</strong><br />(+17 for winning)
|raw|TSupraz's rating: 1563 &rarr; <strong>1546</strong><br />(-17 for losing)
|c|☆ajonymousnon|gg
|l|☆ajonymousnon
|player|p1|
|c|☆TSupraz|Gg
|l|☆TSupraz
|player|p2|
