|j|☆BigTony91
|j|☆EustaquioSanchezz
|t:|1760722164
|gametype|singles
|player|p1|BigTony91|169|1075
|player|p2|EustaquioSanchezz|265|1025
|gen|9
|tier|[Gen 9] OU
|rated|
|rule|HP Percentage Mod: HP is shown in percentages
|rule|Endless Battle Clause: Forcing endless battles is banned
|rule|Species Clause: Limit one of each Pokémon
|rule|OHKO Clause: OHKO moves are banned
|rule|Evasion Items Clause: Evasion items are banned
|rule|Evasion Moves Clause: Evasion moves are banned
|rule|Evasion Abilities Clause: Evasion abilities are banned
|rule|Sleep Moves Clause: Sleep-inducing moves are banned
|clearpoke
|poke|p1|Trevenant, M|
|poke|p1|Torkoal, F|
|poke|p1|Talonflame, M|
|poke|p1|Tatsugiri-Droopy, F|
|poke|p1|Pelipper, M|
|poke|p1|Tornadus, M|
|poke|p2|Gliscor, M|
|poke|p2|Zapdos|
|poke|p2|Volbeat, M|
|poke|p2|Volcanion|
|poke|p2|Rillaboom, M|
|poke|p2|Quaquaval, F|
|teampreview
|
|t:|1760722202
|teamsize|p1|6
|teamsize|p2|6
|start
|switch|p1a: Torkoal|Torkoal, F|100/100
|switch|p2a: Volbeat|Volbeat, M|100/100
|-weather|SunnyDay|[from] ability: Drought|[of] p1a: Torkoal
|turn|1
|
|t:|1760722216
|move|p2a: Volbeat|Tailwind|p2a: Volbeat
|-sidestart|p2: EustaquioSanchezz|move: Tailwind
|move|p1a: Torkoal|Stealth Rock|p2a: Volbeat
|-sidestart|p2: EustaquioSanchezz|move: Stealth Rock
|
|-weather|SunnyDay|[upkeep]
|upkeep
|turn|2
|
|t:|1760722222
|move|p2a: Volbeat|Encore|p1a: Torkoal
|-start|p1a: Torkoal|Encore
|move|p1a: Torkoal|Stealth Rock||[still]
|-fail|p1a: Torkoal
|
|-weather|SunnyDay|[upkeep]
|upkeep
|turn|3
|
|t:|1760722228
|switch|p1a: Trevenant|Trevenant, M|100/100
|move|p2a: Volbeat|Rain Dance|p2a: Volbeat
|-weather|RainDance
|
|-weather|RainDance|[upkeep]
|upkeep
|turn|4
|
|t:|1760722244
|switch|p1a: Torkoal|Torkoal, F|100/100
|-weather|SunnyDay|[from] ability: Drought|[of] p1a: Torkoal
|move|p2a: Volbeat|Thunder Punch|p1a: Torkoal
|-damage|p1a: Torkoal|93/100
|
|-weather|SunnyDay|[upkeep]
|-sideend|p2: EustaquioSanchezz|move: Tailwind
|upkeep
|turn|5
|
|t:|1760722252
|move|p2a: Volbeat|Tailwind|p2a: Volbeat
|-sidestart|p2: EustaquioSanchezz|move: Tailwind
|move|p1a: Torkoal|Lava Plume|p2a: Volbeat
|-supereffective|p2a: Volbeat
|-damage|p2a: Volbeat|2/100
|-status|p2a: Volbeat|brn
|
|-weather|SunnyDay|[upkeep]
|-damage|p2a: Volbeat|0 fnt|[from] brn
|faint|p2a: Volbeat
|upkeep
|-message|EustaquioSanchezz forfeited.
|
|win|BigTony91
|raw|BigTony91's rating: 1075 &rarr; <strong>1100</strong><br />(+25 for winning)
|raw|EustaquioSanchezz's rating: 1025 &rarr; <strong>1013</strong><br />(-12 for losing)
|l|☆EustaquioSanchezz
|player|p2|
