|j|☆2014bladee
|j|☆trig777
|t:|1760760724
|gametype|singles
|player|p1|2014bladee|n|1127
|player|p2|trig777|ghetsis-gen5bw|1101
|gen|9
|tier|[Gen 9] OU
|rated|
|rule|HP Percentage Mod: HP is shown in percentages
|rule|Endless Battle Clause: Forcing endless battles is banned
|rule|Species Clause: Limit one of each Pokémon
|rule|OHKO Clause: OHKO moves are banned
|rule|Evasion Items Clause: Evasion items are banned
|rule|Evasion Moves Clause: Evasion moves are banned
|rule|Evasion Abilities Clause: Evasion abilities are banned
|rule|Sleep Moves Clause: Sleep-inducing moves are banned
|clearpoke
|poke|p1|Landorus-Therian, M|
|poke|p1|Samurott-Hisui, F|
|poke|p1|Pecharunt|
|poke|p1|Scizor, M|
|poke|p1|Latios, M|
|poke|p1|Zamazenta-*|
|poke|p2|Gengar, M|
|poke|p2|Gyarados, F|
|poke|p2|Landorus-Therian, M|
|poke|p2|Latios, M|
|poke|p2|Umbreon, M|
|poke|p2|Scizor, F|
|teampreview
|
|t:|1760760728
|teamsize|p1|6
|teamsize|p2|6
|start
|switch|p1a: Landorus|Landorus-Therian, M|100/100
|switch|p2a: Scizor|Scizor, F, shiny|100/100
|-ability|p1a: Landorus|Intimidate|boost
|-unboost|p2a: Scizor|atk|1
|turn|1
|inactive|Battle timer is ON: inactive players will automatically lose when time's up. (requested by trig777)
|
|t:|1760760739
|switch|p2a: Landorus|Landorus-Therian, M, shiny|100/100
|-ability|p2a: Landorus|Intimidate|boost
|-unboost|p1a: Landorus|atk|1
|move|p1a: Landorus|Earthquake|p2a: Landorus
|-immune|p2a: Landorus
|
|upkeep
|turn|2
|
|t:|1760760751
|move|p1a: Landorus|Stealth Rock|p2a: Landorus
|-sidestart|p2: trig777|move: Stealth Rock
|move|p2a: Landorus|U-turn|p1a: Landorus
|-resisted|p1a: Landorus
|-damage|p1a: Landorus|81/100
|-damage|p2a: Landorus|84/100|[from] item: Rocky Helmet|[of] p1a: Landorus
|
|t:|1760760757
|switch|p2a: Latios|Latios, M, shiny|100/100|[from] U-turn
|-damage|p2a: Latios|88/100|[from] Stealth Rock
|
|upkeep
|turn|3
|
|t:|1760760766
|move|p2a: Latios|Ice Beam|p1a: Landorus
|-supereffective|p1a: Landorus
|-damage|p1a: Landorus|0 fnt
|faint|p1a: Landorus
|
|upkeep
|
|t:|1760760785
|switch|p1a: Samurott|Samurott-Hisui, F|100/100
|turn|4
|
|t:|1760760800
|switch|p2a: Scizor|Scizor, F, shiny|100/100
|-damage|p2a: Scizor|88/100|[from] Stealth Rock
|move|p1a: Samurott|Ceaseless Edge|p2a: Scizor
|-damage|p2a: Scizor|31/100
|-sidestart|p2: trig777|Spikes
|
|upkeep
|turn|5
|
|t:|1760760813
|-terastallize|p1a: Samurott|Ground
|move|p1a: Samurott|Ceaseless Edge|p2a: Scizor
|-damage|p2a: Scizor|0 fnt
|-sidestart|p2: trig777|Spikes
|faint|p2a: Scizor
|
|upkeep
|
|t:|1760760823
|switch|p2a: Umbreon|Umbreon, M, shiny|100/100
|-damage|p2a: Umbreon|88/100|[from] Stealth Rock
|-damage|p2a: Umbreon|72/100|[from] Spikes
|turn|6
|
|t:|1760760834
|move|p1a: Samurott|Razor Shell|p2a: Umbreon|[miss]
|-miss|p1a: Samurott|p2a: Umbreon
|move|p2a: Umbreon|Foul Play|p1a: Samurott
|-damage|p1a: Samurott|38/100
|
|-heal|p2a: Umbreon|78/100|[from] item: Leftovers
|upkeep
|turn|7
|
|t:|1760760842
|move|p1a: Samurott|Razor Shell|p2a: Umbreon
|-damage|p2a: Umbreon|37/100
|-unboost|p2a: Umbreon|def|1
|move|p2a: Umbreon|Foul Play|p1a: Samurott
|-damage|p1a: Samurott|0 fnt
|faint|p1a: Samurott
|
|-heal|p2a: Umbreon|43/100|[from] item: Leftovers
|upkeep
|
|t:|1760760851
|switch|p1a: Zamazenta|Zamazenta|100/100
|-ability|p1a: Zamazenta|Dauntless Shield|boost
|-boost|p1a: Zamazenta|def|1
|turn|8
|
|t:|1760760863
|move|p1a: Zamazenta|Body Press|p2a: Umbreon
|-supereffective|p2a: Umbreon
|-damage|p2a: Umbreon|0 fnt
|faint|p2a: Umbreon
|
|upkeep
|
|t:|1760760872
|switch|p2a: Landorus|Landorus-Therian, M, shiny|84/100
|-damage|p2a: Landorus|72/100|[from] Stealth Rock
|-ability|p2a: Landorus|Intimidate|boost
|-unboost|p1a: Zamazenta|atk|1
|turn|9
|
|t:|1760760889
|move|p1a: Zamazenta|Iron Defense|p1a: Zamazenta
|-boost|p1a: Zamazenta|def|2
|move|p2a: Landorus|Earthquake|p1a: Zamazenta
|-damage|p1a: Zamazenta|74/100
|
|-heal|p1a: Zamazenta|80/100|[from] item: Leftovers
|upkeep
|turn|10
|
|t:|1760760904
|switch|p2a: Latios|Latios, M, shiny|88/100
|-damage|p2a: Latios|76/100|[from] Stealth Rock
|move|p1a: Zamazenta|Iron Defense|p1a: Zamazenta
|-boost|p1a: Zamazenta|def|2
|
|-heal|p1a: Zamazenta|86/100|[from] item: Leftovers
|upkeep
|turn|11
|
|t:|1760760920
|move|p2a: Latios|Dragon Pulse|p1a: Zamazenta
|-damage|p1a: Zamazenta|24/100
|move|p1a: Zamazenta|Roar|p2a: Latios
|drag|p2a: Landorus|Landorus-Therian, M, shiny|72/100
|-damage|p2a: Landorus|59/100|[from] Stealth Rock
|-ability|p2a: Landorus|Intimidate|boost
|-unboost|p1a: Zamazenta|atk|1
|
|-heal|p1a: Zamazenta|30/100|[from] item: Leftovers
|upkeep
|turn|12
|
|t:|1760760938
|move|p1a: Zamazenta|Crunch|p2a: Landorus
|-crit|p2a: Landorus
|-damage|p2a: Landorus|27/100
|move|p2a: Landorus|U-turn|p1a: Zamazenta
|-resisted|p1a: Zamazenta
|-damage|p1a: Zamazenta|26/100
|
|t:|1760760945
|switch|p2a: Latios|Latios, M, shiny|76/100|[from] U-turn
|-damage|p2a: Latios|64/100|[from] Stealth Rock
|
|-heal|p1a: Zamazenta|32/100|[from] item: Leftovers
|upkeep
|turn|13
|
|t:|1760760954
|move|p1a: Zamazenta|Crunch|p2a: Latios
|-supereffective|p2a: Latios
|-damage|p2a: Latios|36/100
|move|p2a: Latios|Dragon Pulse|p1a: Zamazenta
|-damage|p1a: Zamazenta|0 fnt
|faint|p1a: Zamazenta
|
|upkeep
|
|t:|1760760969
|switch|p1a: Pecharunt|Pecharunt|100/100
|turn|14
|
|t:|1760760974
|move|p2a: Latios|Dragon Pulse|p1a: Pecharunt
|-damage|p1a: Pecharunt|29/100
|move|p1a: Pecharunt|Shadow Ball|p2a: Latios
|-supereffective|p2a: Latios
|-damage|p2a: Latios|0 fnt
|faint|p2a: Latios
|
|upkeep
|
|t:|1760760989
|switch|p2a: Gengar|Gengar, M, shiny|100/100
|-damage|p2a: Gengar|88/100|[from] Stealth Rock
|-damage|p2a: Gengar|72/100|[from] Spikes
|turn|15
|
|t:|1760761004
|switch|p1a: Scizor|Scizor, M|100/100
|move|p2a: Gengar|Shadow Ball|p1a: Scizor
|-damage|p1a: Scizor|34/100
|
|upkeep
|turn|16
|
|t:|1760761023
|move|p1a: Scizor|Bullet Punch|p2a: Gengar
|-crit|p2a: Gengar
|-damage|p2a: Gengar|0 fnt
|faint|p2a: Gengar
|
|upkeep
|c|☆2014bladee|DAMN
|
|t:|1760761033
|switch|p2a: Landorus|Landorus-Therian, M, shiny|27/100
|-damage|p2a: Landorus|14/100|[from] Stealth Rock
|-ability|p2a: Landorus|Intimidate|boost
|-unboost|p1a: Scizor|atk|1
|turn|17
|
|t:|1760761040
|move|p1a: Scizor|Bullet Punch|p2a: Landorus
|-damage|p2a: Landorus|0 fnt
|faint|p2a: Landorus
|
|upkeep
|
|t:|1760761054
|switch|p2a: Gyarados|Gyarados, F, shiny|100/100
|-damage|p2a: Gyarados|75/100|[from] Stealth Rock
|turn|18
|
|t:|1760761063
|switch|p1a: Pecharunt|Pecharunt|29/100
|move|p2a: Gyarados|Waterfall|p1a: Pecharunt
|-damage|p1a: Pecharunt|0 fnt
|faint|p1a: Pecharunt
|-ability|p2a: Gyarados|Moxie|boost
|-boost|p2a: Gyarados|atk|1
|
|upkeep
|
|t:|1760761070
|switch|p1a: Latios|Latios, M|100/100
|turn|19
|
|t:|1760761076
|-terastallize|p2a: Gyarados|Steel
|move|p1a: Latios|Draco Meteor|p2a: Gyarados
|-resisted|p2a: Gyarados
|-damage|p2a: Gyarados|36/100
|-unboost|p1a: Latios|spa|2
|move|p2a: Gyarados|Waterfall|p1a: Latios
|-resisted|p1a: Latios
|-damage|p1a: Latios|36/100
|
|upkeep
|turn|20
|
|t:|1760761088
|move|p1a: Latios|Recover|p1a: Latios
|-heal|p1a: Latios|87/100
|move|p2a: Gyarados|Waterfall|p1a: Latios
|-resisted|p1a: Latios
|-damage|p1a: Latios|20/100
|
|upkeep
|turn|21
|
|t:|1760761101
|move|p1a: Latios|Draco Meteor|p2a: Gyarados
|-resisted|p2a: Gyarados
|-damage|p2a: Gyarados|16/100
|-unboost|p1a: Latios|spa|2
|move|p2a: Gyarados|Waterfall|p1a: Latios
|-resisted|p1a: Latios
|-damage|p1a: Latios|0 fnt
|faint|p1a: Latios
|-ability|p2a: Gyarados|Moxie|boost
|-boost|p2a: Gyarados|atk|1
|
|upkeep
|
|t:|1760761111
|switch|p1a: Scizor|Scizor, M|34/100
|turn|22
|
|t:|1760761116
|move|p1a: Scizor|Bullet Punch|p2a: Gyarados
|-resisted|p2a: Gyarados
|-damage|p2a: Gyarados|0 fnt
|faint|p2a: Gyarados
|
|win|2014bladee
|raw|2014bladee's rating: 1127 &rarr; <strong>1150</strong><br />(+23 for winning)
|raw|trig777's rating: 1101 &rarr; <strong>1078</strong><br />(-23 for losing)
|c|☆trig777|gg
|c|☆2014bladee|gg
|l|☆trig777
|player|p2|
|c|☆2014bladee|crazy end
|l|☆2014bladee
|player|p1|
