|j|☆Grace of Cynthia
|j|☆aquagoboom
|t:|1760882789
|gametype|singles
|player|p1|Grace of Cynthia|picnicker|1533
|player|p2|aquagoboom|170|1519
|gen|9
|tier|[Gen 9] OU
|rated|
|rule|HP Percentage Mod: HP is shown in percentages
|rule|Endless Battle Clause: Forcing endless battles is banned
|rule|Species Clause: Limit one of each Pokémon
|rule|OHKO Clause: OHKO moves are banned
|rule|Evasion Items Clause: Evasion items are banned
|rule|Evasion Moves Clause: Evasion moves are banned
|rule|Evasion Abilities Clause: Evasion abilities are banned
|rule|Sleep Moves Clause: Sleep-inducing moves are banned
|clearpoke
|poke|p1|Pelipper, M|
|poke|p1|Greninja-*, M|
|poke|p1|Barraskewda, F|
|poke|p1|Dragapult, F|
|poke|p1|Golduck, M|
|poke|p1|Indeedee, M|
|poke|p2|Garchomp, M|
|poke|p2|Darkrai|
|poke|p2|Gholdengo|
|poke|p2|Ogerpon-Wellspring, F|
|poke|p2|Iron Valiant|
|poke|p2|Iron Treads|
|teampreview
|inactive|Battle timer is ON: inactive players will automatically lose when time's up. (requested by Grace of Cynthia)
|
|t:|1760882809
|teamsize|p1|6
|teamsize|p2|6
|start
|switch|p1a: Pelipper|Pelipper, M|100/100
|switch|p2a: Garchomp|Garchomp, M|100/100
|-weather|RainDance|[from] ability: Drizzle|[of] p1a: Pelipper
|turn|1
|
|t:|1760882813
|move|p2a: Garchomp|Stealth Rock|p1a: Pelipper
|-sidestart|p1: Grace of Cynthia|move: Stealth Rock
|move|p1a: Pelipper|Surf|p2a: Garchomp
|-damage|p2a: Garchomp|59/100
|
|-weather|RainDance|[upkeep]
|upkeep
|turn|2
|
|t:|1760882817
|move|p1a: Pelipper|U-turn|p2a: Garchomp
|-damage|p2a: Garchomp|54/100
|-damage|p1a: Pelipper|88/100|[from] ability: Rough Skin|[of] p2a: Garchomp
|-damage|p1a: Pelipper|72/100|[from] item: Rocky Helmet|[of] p2a: Garchomp
|
|t:|1760882821
|switch|p1a: Indeedee|Indeedee, M|100/100|[from] U-turn
|-damage|p1a: Indeedee|88/100|[from] Stealth Rock
|-fieldstart|move: Psychic Terrain|[from] ability: Psychic Surge|[of] p1a: Indeedee
|move|p2a: Garchomp|Dragon Tail|p1a: Indeedee
|-damage|p1a: Indeedee|47/100
|drag|p1a: Barraskewda|Barraskewda, F|100/100
|-damage|p1a: Barraskewda|88/100|[from] Stealth Rock
|
|-weather|RainDance|[upkeep]
|upkeep
|turn|3
|
|t:|1760882836
|switch|p2a: Ogerpon|Ogerpon-Wellspring, F|100/100
|move|p1a: Barraskewda|Close Combat|p2a: Ogerpon
|-damage|p2a: Ogerpon|28/100
|-unboost|p1a: Barraskewda|def|1
|-unboost|p1a: Barraskewda|spd|1
|-damage|p1a: Barraskewda|78/100|[from] item: Life Orb
|
|-weather|RainDance|[upkeep]
|upkeep
|turn|4
|
|t:|1760882853
|switch|p2a: Garchomp|Garchomp, M|54/100
|move|p1a: Barraskewda|Liquidation|p2a: Garchomp
|-damage|p2a: Garchomp|0 fnt
|-damage|p1a: Barraskewda|66/100|[from] ability: Rough Skin|[of] p2a: Garchomp
|-damage|p1a: Barraskewda|50/100|[from] item: Rocky Helmet|[of] p2a: Garchomp
|faint|p2a: Garchomp
|-damage|p1a: Barraskewda|40/100|[from] item: Life Orb
|
|-weather|RainDance|[upkeep]
|upkeep
|inactive|aquagoboom has 120 seconds left.
|
|t:|1760882879
|switch|p2a: Gholdengo|Gholdengo|100/100
|-item|p2a: Gholdengo|Air Balloon
|turn|5
|
|t:|1760882883
|move|p1a: Barraskewda|Liquidation|p2a: Gholdengo
|-damage|p2a: Gholdengo|40/100
|-enditem|p2a: Gholdengo|Air Balloon
|-damage|p1a: Barraskewda|30/100|[from] item: Life Orb
|move|p2a: Gholdengo|Hex|p1a: Barraskewda
|-damage|p1a: Barraskewda|0 fnt
|faint|p1a: Barraskewda
|
|-weather|RainDance|[upkeep]
|upkeep
|
|t:|1760882889
|switch|p1a: Greninja|Greninja, M|100/100
|-damage|p1a: Greninja|88/100|[from] Stealth Rock
|turn|6
|
|t:|1760882899
|switch|p2a: Iron Valiant|Iron Valiant|100/100
|-enditem|p2a: Iron Valiant|Booster Energy
|-activate|p2a: Iron Valiant|ability: Quark Drive|[fromitem]
|-start|p2a: Iron Valiant|quarkdrivespe
|move|p1a: Greninja|Surf|p2a: Iron Valiant
|-damage|p2a: Iron Valiant|0 fnt
|faint|p2a: Iron Valiant
|-end|p2a: Iron Valiant|Quark Drive|[silent]
|-ability|p1a: Greninja|Battle Bond|boost
|-boost|p1a: Greninja|atk|1
|-boost|p1a: Greninja|spa|1
|-boost|p1a: Greninja|spe|1
|-activate|p1a: Greninja|ability: Battle Bond
|-damage|p1a: Greninja|78/100|[from] item: Life Orb
|
|-weather|RainDance|[upkeep]
|upkeep
|
|t:|1760882906
|switch|p2a: Darkrai|Darkrai|100/100
|turn|7
|
|t:|1760882921
|-terastallize|p2a: Darkrai|Poison
|move|p1a: Greninja|Surf|p2a: Darkrai
|-damage|p2a: Darkrai|0 fnt
|faint|p2a: Darkrai
|-damage|p1a: Greninja|69/100|[from] item: Life Orb
|
|-weather|RainDance|[upkeep]
|upkeep
|-message|aquagoboom forfeited.
|
|win|Grace of Cynthia
|raw|Grace of Cynthia's rating: 1533 &rarr; <strong>1552</strong><br />(+19 for winning)
|raw|aquagoboom's rating: 1519 &rarr; <strong>1500</strong><br />(-19 for losing)
|l|☆Grace of Cynthia
|player|p1|
|l|☆aquagoboom
|player|p2|
|j|☆Grace of Cynthia
|player|p1|Grace of Cynthia|picnicker|
