|j|☆roryta
|j|☆nevellen l
|t:|1760880073
|gametype|singles
|player|p1|roryta|hilbert|1275
|player|p2|nevellen l|hilbert|1406
|gen|9
|tier|[Gen 9] OU
|rated|
|rule|HP Percentage Mod: HP is shown in percentages
|rule|Endless Battle Clause: Forcing endless battles is banned
|rule|Species Clause: Limit one of each Pokémon
|rule|OHKO Clause: OHKO moves are banned
|rule|Evasion Items Clause: Evasion items are banned
|rule|Evasion Moves Clause: Evasion moves are banned
|rule|Evasion Abilities Clause: Evasion abilities are banned
|rule|Sleep Moves Clause: Sleep-inducing moves are banned
|clearpoke
|poke|p1|Kyurem|
|poke|p1|Cobalion|
|poke|p1|Sawsbuck-Winter, F|
|poke|p1|Primarina, F|
|poke|p1|Chandelure, M|
|poke|p1|Great Tusk|
|poke|p2|Samurott-Hisui, F|
|poke|p2|Great Tusk|
|poke|p2|Volcanion|
|poke|p2|Hydrapple, F|
|poke|p2|Gholdengo|
|poke|p2|Landorus-Therian, M|
|teampreview
|inactive|Battle timer is ON: inactive players will automatically lose when time's up. (requested by roryta)
|inactive|nevellen l has 120 seconds left.
|
|t:|1760880118
|teamsize|p1|6
|teamsize|p2|6
|start
|switch|p1a: Sawsbuck|Sawsbuck-Winter, F, shiny|100/100
|switch|p2a: Landorus|Landorus-Therian, M|100/100
|-ability|p2a: Landorus|Intimidate|boost
|-unboost|p1a: Sawsbuck|atk|1
|turn|1
|
|t:|1760880130
|move|p2a: Landorus|U-turn|p1a: Sawsbuck
|-supereffective|p1a: Sawsbuck
|-damage|p1a: Sawsbuck|20/100
|
|t:|1760880140
|switch|p2a: Volcanion|Volcanion|100/100|[from] U-turn
|move|p1a: Sawsbuck|Body Slam|p2a: Volcanion
|-crit|p2a: Volcanion
|-damage|p2a: Volcanion|39/100
|-status|p2a: Volcanion|par
|
|upkeep
|turn|2
|
|t:|1760880153
|switch|p2a: Hydrapple|Hydrapple, F|100/100
|move|p1a: Sawsbuck|Body Slam|p2a: Hydrapple
|-damage|p2a: Hydrapple|79/100
|-damage|p1a: Sawsbuck|3/100|[from] item: Rocky Helmet|[of] p2a: Hydrapple
|
|upkeep
|turn|3
|
|t:|1760880166
|move|p1a: Sawsbuck|Body Slam|p2a: Hydrapple
|-damage|p2a: Hydrapple|57/100
|-status|p2a: Hydrapple|par
|-damage|p1a: Sawsbuck|0 fnt|[from] item: Rocky Helmet|[of] p2a: Hydrapple
|faint|p1a: Sawsbuck
|move|p2a: Hydrapple|Fickle Beam|p1: Sawsbuck|[notarget]
|-fail|p2a: Hydrapple
|
|upkeep
|
|t:|1760880179
|switch|p1a: Primarina|Primarina, F, shiny|100/100
|turn|4
|
|t:|1760880202
|switch|p2a: Gholdengo|Gholdengo|100/100
|-item|p2a: Gholdengo|Air Balloon
|move|p1a: Primarina|Moonblast|p2a: Gholdengo
|-resisted|p2a: Gholdengo
|-damage|p2a: Gholdengo|73/100
|-enditem|p2a: Gholdengo|Air Balloon
|
|upkeep
|turn|5
|
|t:|1760880211
|move|p2a: Gholdengo|Nasty Plot|p2a: Gholdengo
|-boost|p2a: Gholdengo|spa|2
|move|p1a: Primarina|Surf|p2a: Gholdengo
|-damage|p2a: Gholdengo|22/100
|
|upkeep
|turn|6
|
|t:|1760880219
|move|p2a: Gholdengo|Recover|p2a: Gholdengo
|-heal|p2a: Gholdengo|72/100
|move|p1a: Primarina|Surf|p2a: Gholdengo
|-damage|p2a: Gholdengo|21/100
|
|upkeep
|turn|7
|
|t:|1760880223
|move|p2a: Gholdengo|Make It Rain|p1a: Primarina
|-damage|p1a: Primarina|19/100
|-unboost|p2a: Gholdengo|spa|1
|move|p1a: Primarina|Surf|p2a: Gholdengo
|-damage|p2a: Gholdengo|0 fnt
|faint|p2a: Gholdengo
|
|upkeep
|
|t:|1760880234
|switch|p2a: Volcanion|Volcanion|39/100 par
|turn|8
|
|t:|1760880245
|move|p1a: Primarina|Surf|p2a: Volcanion
|-heal|p2a: Volcanion|63/100 par|[from] ability: Water Absorb|[of] p1a: Primarina
|move|p2a: Volcanion|Sludge Bomb|p1a: Primarina
|-supereffective|p1a: Primarina
|-damage|p1a: Primarina|0 fnt
|faint|p1a: Primarina
|
|upkeep
|
|t:|1760880250
|switch|p1a: Great Tusk|Great Tusk|100/100
|turn|9
|
|t:|1760880255
|switch|p2a: Landorus|Landorus-Therian, M|100/100
|-ability|p2a: Landorus|Intimidate|boost
|-unboost|p1a: Great Tusk|atk|1
|move|p1a: Great Tusk|Headlong Rush|p2a: Landorus
|-immune|p2a: Landorus
|
|upkeep
|turn|10
|
|t:|1760880260
|-end|p1a: Great Tusk|Protosynthesis|[silent]
|switch|p1a: Kyurem|Kyurem, shiny|100/100
|-ability|p1a: Kyurem|Pressure
|move|p2a: Landorus|U-turn|p1a: Kyurem
|-damage|p1a: Kyurem|77/100
|
|t:|1760880272
|switch|p2a: Volcanion|Volcanion|63/100 par|[from] U-turn
|
|upkeep
|turn|11
|
|t:|1760880278
|move|p1a: Kyurem|Earth Power|p2a: Volcanion
|-supereffective|p2a: Volcanion
|-damage|p2a: Volcanion|0 fnt
|faint|p2a: Volcanion
|
|upkeep
|
|t:|1760880282
|switch|p2a: Landorus|Landorus-Therian, M|100/100
|-ability|p2a: Landorus|Intimidate|boost
|-unboost|p1a: Kyurem|atk|1
|turn|12
|
|t:|1760880289
|switch|p1a: Great Tusk|Great Tusk|100/100
|move|p2a: Landorus|Earthquake|p1a: Great Tusk
|-damage|p1a: Great Tusk|62/100
|
|upkeep
|turn|13
|
|t:|1760880298
|switch|p2a: Samurott|Samurott-Hisui, F|100/100
|move|p1a: Great Tusk|Heavy Slam|p2a: Samurott
|-resisted|p2a: Samurott
|-crit|p2a: Samurott
|-damage|p2a: Samurott|69/100
|
|upkeep
|turn|14
|
|t:|1760880307
|move|p1a: Great Tusk|Close Combat|p2a: Samurott
|-supereffective|p2a: Samurott
|-damage|p2a: Samurott|0 fnt
|-unboost|p1a: Great Tusk|def|1
|-unboost|p1a: Great Tusk|spd|1
|faint|p2a: Samurott
|
|upkeep
|
|t:|1760880311
|switch|p2a: Landorus|Landorus-Therian, M|100/100
|-ability|p2a: Landorus|Intimidate|boost
|-unboost|p1a: Great Tusk|atk|1
|turn|15
|
|t:|1760880320
|move|p2a: Landorus|Earthquake|p1a: Great Tusk
|-damage|p1a: Great Tusk|0 fnt
|faint|p1a: Great Tusk
|-end|p1a: Great Tusk|Protosynthesis|[silent]
|
|upkeep
|
|t:|1760880326
|switch|p1a: Kyurem|Kyurem, shiny|77/100
|-ability|p1a: Kyurem|Pressure
|turn|16
|
|t:|1760880333
|-terastallize|p2a: Landorus|Flying
|move|p2a: Landorus|Earthquake|p1a: Kyurem
|-damage|p1a: Kyurem|24/100
|move|p1a: Kyurem|Ice Beam|p2a: Landorus
|-supereffective|p2a: Landorus
|-damage|p2a: Landorus|0 fnt
|faint|p2a: Landorus
|
|upkeep
|
|t:|1760880337
|switch|p2a: Great Tusk|Great Tusk|100/100
|turn|17
|
|t:|1760880350
|move|p1a: Kyurem|Ice Beam|p2a: Great Tusk
|-supereffective|p2a: Great Tusk
|-damage|p2a: Great Tusk|0 fnt
|faint|p2a: Great Tusk
|-end|p2a: Great Tusk|Protosynthesis|[silent]
|
|upkeep
|
|t:|1760880353
|switch|p2a: Hydrapple|Hydrapple, F|90/100 par
|turn|18
|
|t:|1760880357
|move|p1a: Kyurem|Ice Beam|p2a: Hydrapple
|-supereffective|p2a: Hydrapple
|-damage|p2a: Hydrapple|0 fnt
|faint|p2a: Hydrapple
|
|win|roryta
|raw|roryta's rating: 1275 &rarr; <strong>1309</strong><br />(+34 for winning)
|raw|nevellen l's rating: 1406 &rarr; <strong>1379</strong><br />(-27 for losing)
|l|☆roryta
|player|p1|
|l|☆nevellen l
|player|p2|
