|j|☆The Emster
|j|☆TryinSome
|t:|1760721246
|gametype|singles
|player|p1|The Emster|roxie|1213
|player|p2|TryinSome|nate|1210
|gen|9
|tier|[Gen 9] OU
|rated|
|rule|HP Percentage Mod: HP is shown in percentages
|rule|Endless Battle Clause: Forcing endless battles is banned
|rule|Species Clause: Limit one of each Pokémon
|rule|OHKO Clause: OHKO moves are banned
|rule|Evasion Items Clause: Evasion items are banned
|rule|Evasion Moves Clause: Evasion moves are banned
|rule|Evasion Abilities Clause: Evasion abilities are banned
|rule|Sleep Moves Clause: Sleep-inducing moves are banned
|clearpoke
|poke|p1|Hoopa-Unbound|
|poke|p1|Chandelure, M|
|poke|p1|Ribombee, M|
|poke|p1|Kleavor, M|
|poke|p1|Gliscor, M|
|poke|p1|Primarina, M|
|poke|p2|Rhyperior, M|
|poke|p2|Blastoise, M|
|poke|p2|Grimmsnarl, M|
|poke|p2|Espeon, M|
|poke|p2|Meowscarada, M|
|poke|p2|Goodra-Hisui, M|
|teampreview
|inactive|Battle timer is ON: inactive players will automatically lose when time's up. (requested by The Emster)
|inactive|The Emster has 120 seconds left.
|
|t:|1760721285
|teamsize|p1|6
|teamsize|p2|6
|start
|switch|p1a: Ribombee|Ribombee, M|100/100
|switch|p2a: Goodra|Goodra-Hisui, M|100/100
|turn|1
|
|t:|1760721292
|move|p1a: Ribombee|Sticky Web|p2a: Goodra
|-sidestart|p2: TryinSome|move: Sticky Web
|move|p2a: Goodra|Sludge Wave|p1a: Ribombee
|-supereffective|p1a: Ribombee
|-damage|p1a: Ribombee|17/100
|-enditem|p1a: Ribombee|Eject Button
|
|t:|1760721302
|switch|p1a: Kleavor|Kleavor, M|100/100
|
|upkeep
|turn|2
|
|t:|1760721309
|move|p1a: Kleavor|Stone Axe|p2a: Goodra
|-resisted|p2a: Goodra
|-damage|p2a: Goodra|75/100
|-sidestart|p2: TryinSome|move: Stealth Rock
|move|p2a: Goodra|Acid Armor|p2a: Goodra
|-boost|p2a: Goodra|def|2
|
|-heal|p2a: Goodra|82/100|[from] item: Leftovers
|upkeep
|turn|3
|
|t:|1760721317
|move|p1a: Kleavor|Close Combat|p2a: Goodra
|-supereffective|p2a: Goodra
|-damage|p2a: Goodra|33/100
|-unboost|p1a: Kleavor|def|1
|-unboost|p1a: Kleavor|spd|1
|move|p2a: Goodra|Acid Armor|p2a: Goodra
|-boost|p2a: Goodra|def|2
|
|-heal|p2a: Goodra|39/100|[from] item: Leftovers
|upkeep
|turn|4
|inactive|The Emster has 120 seconds left.
|
|t:|1760721357
|move|p1a: Kleavor|Close Combat|p2a: Goodra
|-supereffective|p2a: Goodra
|-damage|p2a: Goodra|7/100
|-unboost|p1a: Kleavor|def|1
|-unboost|p1a: Kleavor|spd|1
|move|p2a: Goodra|Body Press|p1a: Kleavor
|-damage|p1a: Kleavor|0 fnt
|faint|p1a: Kleavor
|
|-heal|p2a: Goodra|13/100|[from] item: Leftovers
|upkeep
|
|t:|1760721372
|switch|p1a: Chandelure|Chandelure, M|100/100
|turn|5
|
|t:|1760721376
|move|p1a: Chandelure|Shadow Ball|p2a: Goodra
|-crit|p2a: Goodra
|-damage|p2a: Goodra|0 fnt
|faint|p2a: Goodra
|-damage|p1a: Chandelure|91/100|[from] item: Life Orb
|
|upkeep
|
|t:|1760721381
|switch|p2a: Blastoise|Blastoise, M|100/100
|-activate|p2a: Blastoise|move: Sticky Web
|-unboost|p2a: Blastoise|spe|1
|-damage|p2a: Blastoise|88/100|[from] Stealth Rock
|-enditem|p2a: Blastoise|White Herb
|-clearnegativeboost|p2a: Blastoise|[silent]
|turn|6
|inactive|The Emster has 120 seconds left.
|
|t:|1760721400
|switch|p1a: Hoopa|Hoopa-Unbound|100/100
|switch|p2a: Grimmsnarl|Grimmsnarl, M, shiny|100/100
|-activate|p2a: Grimmsnarl|move: Sticky Web
|-unboost|p2a: Grimmsnarl|spe|1
|-damage|p2a: Grimmsnarl|88/100|[from] Stealth Rock
|
|upkeep
|turn|7
|inactive|The Emster has 120 seconds left.
|
|t:|1760721411
|move|p2a: Grimmsnarl|Reflect|p2a: Grimmsnarl
|-sidestart|p2: TryinSome|Reflect
|move|p1a: Hoopa|Future Sight|p2a: Grimmsnarl
|-start|p1a: Hoopa|move: Future Sight
|
|upkeep
|turn|8
|
|t:|1760721416
|move|p2a: Grimmsnarl|Light Screen|p2a: Grimmsnarl
|-sidestart|p2: TryinSome|move: Light Screen
|move|p1a: Hoopa|Psychic Noise|p2a: Grimmsnarl
|-immune|p2a: Grimmsnarl
|
|upkeep
|turn|9
|
|t:|1760721423
|move|p1a: Hoopa|Thunderbolt|p2a: Grimmsnarl
|-damage|p2a: Grimmsnarl|67/100
|move|p2a: Grimmsnarl|Play Rough|p1a: Hoopa
|-supereffective|p1a: Hoopa
|-damage|p1a: Hoopa|0 fnt
|faint|p1a: Hoopa
|
|-end|p2a: Grimmsnarl|move: Future Sight
|-immune|p2a: Grimmsnarl
|upkeep
|c|☆The Emster|hrum
|inactive|The Emster has 120 seconds left.
|c|☆The Emster|i did every possible bad move in that scenario
|
|t:|1760721447
|switch|p1a: Primarina|Primarina, M|100/100
|turn|10
|inactive|The Emster has 120 seconds left.
|
|t:|1760721454
|switch|p2a: Meowscarada|Meowscarada, M, shiny|100/100
|-activate|p2a: Meowscarada|move: Sticky Web
|-unboost|p2a: Meowscarada|spe|1
|-damage|p2a: Meowscarada|88/100|[from] Stealth Rock
|move|p1a: Primarina|Encore||[still]
|-fail|p1a: Primarina
|
|upkeep
|turn|11
|
|t:|1760721460
|-terastallize|p1a: Primarina|Steel
|move|p2a: Meowscarada|Flower Trick|p1a: Primarina
|-start|p2a: Meowscarada|typechange|Grass|[from] ability: Protean
|-resisted|p1a: Primarina
|-crit|p1a: Primarina
|-damage|p1a: Primarina|78/100
|move|p1a: Primarina|Draining Kiss|p2a: Meowscarada
|-damage|p2a: Meowscarada|73/100
|-heal|p1a: Primarina|88/100|[from] drain|[of] p2a: Meowscarada
|
|-heal|p1a: Primarina|94/100|[from] item: Leftovers
|upkeep
|turn|12
|
|t:|1760721472
|switch|p2a: Espeon|Espeon, M, shiny|100/100
|-activate|p2a: Espeon|move: Sticky Web
|-unboost|p2a: Espeon|spe|1
|-damage|p2a: Espeon|88/100|[from] Stealth Rock
|move|p1a: Primarina|Calm Mind|p1a: Primarina
|-boost|p1a: Primarina|spa|1
|-boost|p1a: Primarina|spd|1
|
|-heal|p2a: Espeon|94/100|[from] item: Leftovers
|-heal|p1a: Primarina|100/100|[from] item: Leftovers
|upkeep
|turn|13
|
|t:|1760721476
|move|p2a: Espeon|Calm Mind|p2a: Espeon
|-boost|p2a: Espeon|spa|1
|-boost|p2a: Espeon|spd|1
|move|p1a: Primarina|Calm Mind|p1a: Primarina
|-boost|p1a: Primarina|spa|1
|-boost|p1a: Primarina|spd|1
|
|-heal|p2a: Espeon|99/100|[from] item: Leftovers
|upkeep
|turn|14
|
|t:|1760721479
|move|p2a: Espeon|Calm Mind|p2a: Espeon
|-boost|p2a: Espeon|spa|1
|-boost|p2a: Espeon|spd|1
|move|p1a: Primarina|Alluring Voice|p2a: Espeon
|-damage|p2a: Espeon|77/100
|-start|p2a: Espeon|confusion
|
|-heal|p2a: Espeon|82/100|[from] item: Leftovers
|-sideend|p2: TryinSome|Reflect
|upkeep
|turn|15
|
|t:|1760721485
|-activate|p2a: Espeon|confusion
|move|p2a: Espeon|Psyshock|p1a: Primarina
|-resisted|p1a: Primarina
|-damage|p1a: Primarina|64/100
|move|p1a: Primarina|Alluring Voice|p2a: Espeon
|-damage|p2a: Espeon|61/100
|
|-heal|p2a: Espeon|67/100|[from] item: Leftovers
|-heal|p1a: Primarina|70/100|[from] item: Leftovers
|-sideend|p2: TryinSome|move: Light Screen
|upkeep
|turn|16
|
|t:|1760721490
|-activate|p2a: Espeon|confusion
|-damage|p2a: Espeon|58/100|[from] confusion
|move|p1a: Primarina|Alluring Voice|p2a: Espeon
|-damage|p2a: Espeon|18/100
|
|-heal|p2a: Espeon|24/100|[from] item: Leftovers
|-heal|p1a: Primarina|76/100|[from] item: Leftovers
|upkeep
|turn|17
|
|t:|1760721494
|-end|p2a: Espeon|confusion
|move|p2a: Espeon|Psyshock|p1a: Primarina
|-resisted|p1a: Primarina
|-damage|p1a: Primarina|35/100
|move|p1a: Primarina|Alluring Voice|p2a: Espeon
|-damage|p2a: Espeon|0 fnt
|faint|p2a: Espeon
|
|-heal|p1a: Primarina|41/100|[from] item: Leftovers
|upkeep
|
|t:|1760721505
|switch|p2a: Meowscarada|Meowscarada, M, shiny|73/100
|-activate|p2a: Meowscarada|move: Sticky Web
|-unboost|p2a: Meowscarada|spe|1
|-damage|p2a: Meowscarada|61/100|[from] Stealth Rock
|turn|18
|
|t:|1760721509
|move|p2a: Meowscarada|Knock Off|p1a: Primarina
|-start|p2a: Meowscarada|typechange|Dark|[from] ability: Protean
|-damage|p1a: Primarina|0 fnt
|-enditem|p1a: Primarina|Leftovers|[from] move: Knock Off|[of] p2a: Meowscarada
|faint|p1a: Primarina
|
|upkeep
|
|t:|1760721515
|switch|p1a: Ribombee|Ribombee, M|17/100
|turn|19
|
|t:|1760721520
|switch|p2a: Grimmsnarl|Grimmsnarl, M, shiny|67/100
|-activate|p2a: Grimmsnarl|move: Sticky Web
|-unboost|p2a: Grimmsnarl|spe|1
|-damage|p2a: Grimmsnarl|55/100|[from] Stealth Rock
|move|p1a: Ribombee|Moonblast|p2a: Grimmsnarl
|-supereffective|p2a: Grimmsnarl
|-damage|p2a: Grimmsnarl|0 fnt
|faint|p2a: Grimmsnarl
|
|upkeep
|
|t:|1760721525
|switch|p2a: Meowscarada|Meowscarada, M, shiny|61/100
|-activate|p2a: Meowscarada|move: Sticky Web
|-unboost|p2a: Meowscarada|spe|1
|-damage|p2a: Meowscarada|48/100|[from] Stealth Rock
|turn|20
|
|t:|1760721529
|move|p1a: Ribombee|Moonblast|p2a: Meowscarada
|-supereffective|p2a: Meowscarada
|-crit|p2a: Meowscarada
|-damage|p2a: Meowscarada|0 fnt
|faint|p2a: Meowscarada
|
|upkeep
|
|t:|1760721533
|switch|p2a: Blastoise|Blastoise, M|88/100
|-activate|p2a: Blastoise|move: Sticky Web
|-unboost|p2a: Blastoise|spe|1
|-damage|p2a: Blastoise|76/100|[from] Stealth Rock
|turn|21
|
|t:|1760721535
|move|p1a: Ribombee|Stun Spore|p2a: Blastoise
|-status|p2a: Blastoise|par
|move|p2a: Blastoise|Shell Smash|p2a: Blastoise
|-unboost|p2a: Blastoise|def|1
|-unboost|p2a: Blastoise|spd|1
|-boost|p2a: Blastoise|atk|2
|-boost|p2a: Blastoise|spa|2
|-boost|p2a: Blastoise|spe|2
|
|upkeep
|turn|22
|
|t:|1760721544
|move|p1a: Ribombee|Tailwind|p1a: Ribombee
|-sidestart|p1: The Emster|move: Tailwind
|move|p2a: Blastoise|Shell Smash|p2a: Blastoise
|-unboost|p2a: Blastoise|def|1
|-unboost|p2a: Blastoise|spd|1
|-boost|p2a: Blastoise|atk|2
|-boost|p2a: Blastoise|spa|2
|-boost|p2a: Blastoise|spe|2
|
|upkeep
|turn|23
|
|t:|1760721551
|move|p1a: Ribombee|Moonblast|p2a: Blastoise
|-damage|p2a: Blastoise|6/100 par
|move|p2a: Blastoise|Surf|p1a: Ribombee
|-damage|p1a: Ribombee|0 fnt
|faint|p1a: Ribombee
|
|upkeep
|
|t:|1760721558
|switch|p1a: Chandelure|Chandelure, M|91/100
|turn|24
|
|t:|1760721562
|move|p1a: Chandelure|Psychic|p2a: Blastoise
|-damage|p2a: Blastoise|0 fnt
|faint|p2a: Blastoise
|-damage|p1a: Chandelure|81/100|[from] item: Life Orb
|
|upkeep
|
|t:|1760721564
|switch|p2a: Rhyperior|Rhyperior, M, shiny|100/100
|-activate|p2a: Rhyperior|move: Sticky Web
|-unboost|p2a: Rhyperior|spe|1
|-damage|p2a: Rhyperior|94/100|[from] Stealth Rock
|turn|25
|
|t:|1760721573
|-terastallize|p2a: Rhyperior|Ground
|move|p1a: Chandelure|Shadow Ball|p2a: Rhyperior
|-damage|p2a: Rhyperior|5/100
|-unboost|p2a: Rhyperior|spd|1
|-damage|p1a: Chandelure|71/100|[from] item: Life Orb
|move|p2a: Rhyperior|Rock Polish|p2a: Rhyperior
|-boost|p2a: Rhyperior|spe|2
|
|-heal|p2a: Rhyperior|11/100|[from] item: Leftovers
|-sideend|p1: The Emster|move: Tailwind
|upkeep
|turn|26
|
|t:|1760721577
|move|p2a: Rhyperior|Earthquake|p1a: Chandelure
|-supereffective|p1a: Chandelure
|-damage|p1a: Chandelure|0 fnt
|faint|p1a: Chandelure
|
|-heal|p2a: Rhyperior|17/100|[from] item: Leftovers
|upkeep
|
|t:|1760721579
|switch|p1a: Gliscor|Gliscor, M|100/100
|turn|27
|
|t:|1760721584
|move|p2a: Rhyperior|Stone Edge|p1a: Gliscor
|-damage|p1a: Gliscor|56/100
|move|p1a: Gliscor|Knock Off|p2a: Rhyperior
|-damage|p2a: Rhyperior|1/100
|-enditem|p2a: Rhyperior|Leftovers|[from] move: Knock Off|[of] p1a: Gliscor
|
|-status|p1a: Gliscor|tox|[from] item: Toxic Orb
|upkeep
|turn|28
|
|t:|1760721589
|move|p2a: Rhyperior|Stone Edge|p1a: Gliscor
|-damage|p1a: Gliscor|6/100 tox
|move|p1a: Gliscor|Knock Off|p2a: Rhyperior
|-damage|p2a: Rhyperior|0 fnt
|faint|p2a: Rhyperior
|
|win|The Emster
|raw|The Emster's rating: 1213 &rarr; <strong>1238</strong><br />(+25 for winning)
|raw|TryinSome's rating: 1210 &rarr; <strong>1185</strong><br />(-25 for losing)
|c|☆The Emster|gg
|c|☆TryinSome|Gg
|l|☆TryinSome
|player|p2|
