|j|☆big clif
|j|☆Torontotalonflames
|t:|1760745559
|gametype|singles
|player|p1|big clif|cynthia-gen4|1654
|player|p2|Torontotalonflames|cynthia-gen4|1737
|gen|9
|tier|[Gen 9] OU
|rated|
|rule|HP Percentage Mod: HP is shown in percentages
|rule|Endless Battle Clause: Forcing endless battles is banned
|rule|Species Clause: Limit one of each Pokémon
|rule|OHKO Clause: OHKO moves are banned
|rule|Evasion Items Clause: Evasion items are banned
|rule|Evasion Moves Clause: Evasion moves are banned
|rule|Evasion Abilities Clause: Evasion abilities are banned
|rule|Sleep Moves Clause: Sleep-inducing moves are banned
|clearpoke
|poke|p1|Deoxys-Speed|
|poke|p1|Moltres-Galar|
|poke|p1|Blaziken, M|
|poke|p1|Gholdengo|
|poke|p1|Kyurem|
|poke|p1|Zamazenta-*|
|poke|p2|Dragapult, F|
|poke|p2|Serperior, M|
|poke|p2|Moltres|
|poke|p2|Samurott-Hisui, F|
|poke|p2|Iron Treads|
|poke|p2|Garganacl, M|
|teampreview
|inactive|Battle timer is ON: inactive players will automatically lose when time's up. (requested by Torontotalonflames)
|inactive|big clif also wants the timer to be on.
|c|☆big clif|glhf
|j| Champion reko
|inactive|Torontotalonflames has 120 seconds left.
|
|t:|1760745606
|teamsize|p1|6
|teamsize|p2|6
|start
|switch|p1a: Deoxys|Deoxys-Speed|100/100
|switch|p2a: Samurott|Samurott-Hisui, F|100/100
|-ability|p1a: Deoxys|Pressure
|turn|1
|
|t:|1760745614
|move|p1a: Deoxys|Reflect|p1a: Deoxys
|-sidestart|p1: big clif|Reflect
|move|p2a: Samurott|Ceaseless Edge|p1a: Deoxys
|-supereffective|p1a: Deoxys
|-damage|p1a: Deoxys|41/100
|-sidestart|p1: big clif|Spikes
|
|upkeep
|turn|2
|
|t:|1760745618
|move|p1a: Deoxys|Stealth Rock|p2a: Samurott
|-sidestart|p2: Torontotalonflames|move: Stealth Rock
|move|p2a: Samurott|Ceaseless Edge|p1a: Deoxys
|-supereffective|p1a: Deoxys
|-damage|p1a: Deoxys|0 fnt
|-sidestart|p1: big clif|Spikes
|faint|p1a: Deoxys
|
|upkeep
|l| Champion reko
|j| Champion reko
|inactive|big clif has 120 seconds left.
|
|t:|1760745675
|switch|p1a: Blaziken|Blaziken, M|100/100
|-damage|p1a: Blaziken|84/100|[from] Spikes
|turn|3
|l| Champion reko
|
|t:|1760745686
|move|p1a: Blaziken|Swords Dance|p1a: Blaziken
|-boost|p1a: Blaziken|atk|2
|move|p2a: Samurott|Razor Shell|p1a: Blaziken
|-supereffective|p1a: Blaziken
|-damage|p1a: Blaziken|0 fnt
|faint|p1a: Blaziken
|
|upkeep
|
|t:|1760745697
|switch|p1a: Moltres|Moltres-Galar|100/100
|turn|4
|
|t:|1760745713
|switch|p2a: Garganacl|Garganacl, M|100/100
|-damage|p2a: Garganacl|88/100|[from] Stealth Rock
|move|p1a: Moltres|Nasty Plot|p1a: Moltres
|-boost|p1a: Moltres|spa|2
|
|-heal|p2a: Garganacl|94/100|[from] item: Leftovers
|upkeep
|turn|5
|
|t:|1760745716
|move|p1a: Moltres|Fiery Wrath|p2a: Garganacl
|-damage|p2a: Garganacl|25/100
|move|p2a: Garganacl|Salt Cure|p1a: Moltres
|-supereffective|p1a: Moltres
|-damage|p1a: Moltres|84/100
|-start|p1a: Moltres|Salt Cure
|
|-heal|p2a: Garganacl|31/100|[from] item: Leftovers
|-damage|p1a: Moltres|72/100|[from] Salt Cure
|upkeep
|turn|6
|inactive|big clif has 120 seconds left.
|
|t:|1760745726
|move|p1a: Moltres|Agility|p1a: Moltres
|-boost|p1a: Moltres|spe|2
|move|p2a: Garganacl|Salt Cure|p1a: Moltres
|-supereffective|p1a: Moltres
|-damage|p1a: Moltres|55/100
|
|-heal|p2a: Garganacl|37/100|[from] item: Leftovers
|-damage|p1a: Moltres|43/100|[from] Salt Cure
|upkeep
|-enditem|p1a: Moltres|Sitrus Berry|[eat]
|-heal|p1a: Moltres|67/100|[from] item: Sitrus Berry
|turn|7
|
|t:|1760745734
|move|p1a: Moltres|Fiery Wrath|p2a: Garganacl
|-damage|p2a: Garganacl|0 fnt
|faint|p2a: Garganacl
|
|-damage|p1a: Moltres|55/100|[from] Salt Cure
|upkeep
|
|t:|1760745740
|switch|p2a: Moltres|Moltres|100/100
|turn|8
|
|t:|1760745744
|move|p1a: Moltres|Fiery Wrath|p2a: Moltres
|-damage|p2a: Moltres|34/100
|move|p2a: Moltres|Roar|p1a: Moltres
|drag|p1a: Kyurem|Kyurem|100/100
|-ability|p1a: Kyurem|Pressure
|
|-sideend|p1: big clif|Reflect
|upkeep
|turn|9
|inactive|big clif has 120 seconds left.
|inactive|Torontotalonflames has 120 seconds left.
|
|t:|1760745787
|move|p1a: Kyurem|Icicle Spear|p2a: Moltres
|-damage|p2a: Moltres|21/100
|-damage|p2a: Moltres|10/100
|-hitcount|p2a: Moltres|2
|move|p2a: Moltres|Roar|p1a: Kyurem
|drag|p1a: Zamazenta|Zamazenta|100/100
|-damage|p1a: Zamazenta|84/100|[from] Spikes
|-ability|p1a: Zamazenta|Dauntless Shield|boost
|-boost|p1a: Zamazenta|def|1
|
|-heal|p1a: Zamazenta|90/100|[from] item: Leftovers
|upkeep
|turn|10
|inactive|big clif has 120 seconds left.
|
|t:|1760745802
|move|p1a: Zamazenta|Crunch|p2a: Moltres
|-damage|p2a: Moltres|0 fnt
|faint|p2a: Moltres
|
|-heal|p1a: Zamazenta|96/100|[from] item: Leftovers
|upkeep
|
|t:|1760745818
|switch|p2a: Dragapult|Dragapult, F|100/100
|-damage|p2a: Dragapult|88/100|[from] Stealth Rock
|turn|11
|
|t:|1760745828
|move|p2a: Dragapult|Shadow Ball|p1a: Zamazenta
|-damage|p1a: Zamazenta|53/100
|move|p1a: Zamazenta|Crunch|p2a: Dragapult
|-supereffective|p2a: Dragapult
|-damage|p2a: Dragapult|29/100
|
|-heal|p1a: Zamazenta|59/100|[from] item: Leftovers
|upkeep
|turn|12
|inactive|Torontotalonflames has 120 seconds left.
|
|t:|1760745851
|move|p2a: Dragapult|Shadow Ball|p1a: Zamazenta
|-damage|p1a: Zamazenta|21/100
|move|p1a: Zamazenta|Crunch|p2a: Dragapult
|-supereffective|p2a: Dragapult
|-damage|p2a: Dragapult|0 fnt
|faint|p2a: Dragapult
|
|-heal|p1a: Zamazenta|27/100|[from] item: Leftovers
|upkeep
|
|t:|1760745854
|switch|p2a: Serperior|Serperior, M|100/100
|-damage|p2a: Serperior|88/100|[from] Stealth Rock
|turn|13
|
|t:|1760745857
|move|p1a: Zamazenta|Body Press|p2a: Serperior
|-damage|p2a: Serperior|37/100
|move|p2a: Serperior|Glare|p1a: Zamazenta
|-status|p1a: Zamazenta|par
|
|-heal|p2a: Serperior|43/100|[from] item: Leftovers
|-heal|p1a: Zamazenta|33/100 par|[from] item: Leftovers
|upkeep
|turn|14
|
|t:|1760745863
|move|p2a: Serperior|Leaf Storm|p1a: Zamazenta
|-damage|p1a: Zamazenta|7/100 par
|-boost|p2a: Serperior|spa|2
|move|p1a: Zamazenta|Body Press|p2a: Serperior
|-damage|p2a: Serperior|0 fnt
|faint|p2a: Serperior
|
|-heal|p1a: Zamazenta|13/100 par|[from] item: Leftovers
|upkeep
|
|t:|1760745867
|switch|p2a: Samurott|Samurott-Hisui, F|100/100
|-damage|p2a: Samurott|88/100|[from] Stealth Rock
|turn|15
|
|t:|1760745871
|move|p2a: Samurott|Razor Shell|p1a: Zamazenta
|-damage|p1a: Zamazenta|0 fnt
|faint|p1a: Zamazenta
|
|upkeep
|
|t:|1760745887
|switch|p1a: Kyurem|Kyurem|100/100
|-ability|p1a: Kyurem|Pressure
|turn|16
|
|t:|1760745892
|move|p1a: Kyurem|Freeze-Dry|p2a: Samurott
|-supereffective|p2a: Samurott
|-damage|p2a: Samurott|31/100
|move|p2a: Samurott|Ceaseless Edge|p1a: Kyurem
|-damage|p1a: Kyurem|52/100
|-sidestart|p1: big clif|Spikes
|
|upkeep
|turn|17
|
|t:|1760745898
|move|p2a: Samurott|Aqua Jet|p1a: Kyurem
|-resisted|p1a: Kyurem
|-damage|p1a: Kyurem|41/100
|move|p1a: Kyurem|Freeze-Dry|p2a: Samurott
|-supereffective|p2a: Samurott
|-damage|p2a: Samurott|0 fnt
|faint|p2a: Samurott
|
|upkeep
|
|t:|1760745899
|switch|p2a: Iron Treads|Iron Treads|100/100
|-damage|p2a: Iron Treads|97/100|[from] Stealth Rock
|turn|18
|inactive|big clif has 120 seconds left.
|
|t:|1760745934
|move|p1a: Kyurem|Earth Power|p2a: Iron Treads
|-supereffective|p2a: Iron Treads
|-damage|p2a: Iron Treads|58/100
|-unboost|p2a: Iron Treads|spd|1
|move|p2a: Iron Treads|Earthquake|p1a: Kyurem
|-damage|p1a: Kyurem|0 fnt
|faint|p1a: Kyurem
|
|upkeep
|inactive|big clif has 120 seconds left.
|
|t:|1760745951
|switch|p1a: Moltres|Moltres-Galar|55/100
|turn|19
|
|t:|1760745958
|move|p2a: Iron Treads|Volt Switch|p1a: Moltres
|-supereffective|p1a: Moltres
|-damage|p1a: Moltres|35/100
|-ability|p1a: Moltres|Berserk|boost
|-boost|p1a: Moltres|spa|1
|move|p1a: Moltres|Fiery Wrath|p2a: Iron Treads
|-damage|p2a: Iron Treads|0 fnt
|faint|p2a: Iron Treads
|-end|p2a: Iron Treads|Quark Drive|[silent]
|
|win|big clif
|raw|big clif's rating: 1654 &rarr; <strong>1679</strong><br />(+25 for winning)
|raw|Torontotalonflames's rating: 1737 &rarr; <strong>1712</strong><br />(-25 for losing)
|l|☆Torontotalonflames
|player|p2|
|l|☆big clif
|player|p1|
