|j|‽RadiantSol
|j|☆Crystalbrightness
|t:|1760764006
|gametype|singles
|player|p1|RadiantSol|flint|1302
|player|p2|Crystalbrightness|lady-gen4|1261
|gen|9
|tier|[Gen 9] OU
|rated|
|rule|HP Percentage Mod: HP is shown in percentages
|rule|Endless Battle Clause: Forcing endless battles is banned
|rule|Species Clause: Limit one of each Pokémon
|rule|OHKO Clause: OHKO moves are banned
|rule|Evasion Items Clause: Evasion items are banned
|rule|Evasion Moves Clause: Evasion moves are banned
|rule|Evasion Abilities Clause: Evasion abilities are banned
|rule|Sleep Moves Clause: Sleep-inducing moves are banned
|clearpoke
|poke|p1|Ninetales, F|
|poke|p1|Garchomp, F|
|poke|p1|Gengar, F|
|poke|p1|Leafeon, F|
|poke|p1|Espeon, F|
|poke|p1|Quaquaval, F|
|poke|p2|Ogerpon, F|
|poke|p2|Moltres|
|poke|p2|Weezing-Galar, F|
|poke|p2|Gliscor, M|
|poke|p2|Alomomola, M|
|poke|p2|Keldeo-Resolute|
|teampreview
|inactive|Battle timer is ON: inactive players will automatically lose when time's up. (requested by Crystalbrightness)
|
|t:|1760764019
|teamsize|p1|6
|teamsize|p2|6
|start
|switch|p1a: Garchomp|Garchomp, F|100/100
|switch|p2a: Keldeo|Keldeo-Resolute|100/100
|turn|1
|
|t:|1760764025
|move|p2a: Keldeo|Hydro Pump|p1a: Garchomp
|-damage|p1a: Garchomp|15/100
|move|p1a: Garchomp|Stealth Rock|p2a: Keldeo
|-sidestart|p2: Crystalbrightness|move: Stealth Rock
|
|upkeep
|turn|2
|
|t:|1760764031
|switch|p2a: Weezing|Weezing-Galar, F|100/100
|-damage|p2a: Weezing|88/100|[from] Stealth Rock
|move|p1a: Garchomp|Dragon Tail|p2a: Weezing
|-immune|p2a: Weezing
|
|upkeep
|turn|3
|
|t:|1760764043
|switch|p1a: Gengar|Gengar, F|100/100
|move|p2a: Weezing|Defog|p1a: Gengar
|-unboost|p1a: Gengar|evasion|1
|-sideend|p2: Crystalbrightness|Stealth Rock|[from] move: Defog|[of] p2a: Weezing
|
|upkeep
|turn|4
|
|t:|1760764052
|switch|p2a: Alomomola|Alomomola, M|100/100
|move|p1a: Gengar|Sludge Bomb|p2a: Alomomola
|-damage|p2a: Alomomola|73/100
|
|upkeep
|turn|5
|
|t:|1760764057
|move|p1a: Gengar|Sludge Bomb|p2a: Alomomola
|-damage|p2a: Alomomola|49/100
|move|p2a: Alomomola|Flip Turn|p1a: Gengar
|-damage|p1a: Gengar|68/100
|
|t:|1760764074
|switch|p2a: Gliscor|Gliscor, M|100/100|[from] Flip Turn
|
|-status|p2a: Gliscor|tox|[from] item: Toxic Orb
|upkeep
|turn|6
|
|t:|1760764082
|switch|p1a: Garchomp|Garchomp, F|15/100
|move|p2a: Gliscor|Spikes|p1a: Garchomp
|-sidestart|p1: RadiantSol|Spikes
|
|upkeep
|turn|7
|
|t:|1760764087
|move|p2a: Gliscor|Earthquake|p1a: Garchomp
|-damage|p1a: Garchomp|0 fnt
|faint|p1a: Garchomp
|
|upkeep
|
|t:|1760764110
|switch|p1a: Quaquaval|Quaquaval, F|100/100
|-damage|p1a: Quaquaval|88/100|[from] Spikes
|turn|8
|
|t:|1760764121
|move|p1a: Quaquaval|Aqua Step|p2a: Gliscor
|-supereffective|p2a: Gliscor
|-damage|p2a: Gliscor|38/100 tox
|-boost|p1a: Quaquaval|spe|1
|move|p2a: Gliscor|Toxic|p1a: Quaquaval
|-status|p1a: Quaquaval|tox
|
|-damage|p1a: Quaquaval|82/100 tox|[from] psn
|-heal|p2a: Gliscor|50/100 tox|[from] ability: Poison Heal
|upkeep
|turn|9
|
|t:|1760764129
|switch|p2a: Alomomola|Alomomola, M|82/100
|move|p1a: Quaquaval|Aqua Step|p2a: Alomomola
|-resisted|p2a: Alomomola
|-damage|p2a: Alomomola|68/100
|-boost|p1a: Quaquaval|spe|1
|
|-damage|p1a: Quaquaval|70/100 tox|[from] psn
|upkeep
|turn|10
|
|t:|1760764134
|move|p1a: Quaquaval|Rapid Spin|p2a: Alomomola
|-damage|p2a: Alomomola|54/100
|-boost|p1a: Quaquaval|spe|1
|-sideend|p1: RadiantSol|Spikes|[from] move: Rapid Spin|[of] p1a: Quaquaval
|move|p2a: Alomomola|Flip Turn|p1a: Quaquaval
|-resisted|p1a: Quaquaval
|-damage|p1a: Quaquaval|60/100 tox
|
|t:|1760764140
|switch|p2a: Keldeo|Keldeo-Resolute|100/100|[from] Flip Turn
|
|-damage|p1a: Quaquaval|42/100 tox|[from] psn
|upkeep
|turn|11
|
|t:|1760764150
|move|p2a: Keldeo|Vacuum Wave|p1a: Quaquaval
|-damage|p1a: Quaquaval|0 fnt
|faint|p1a: Quaquaval
|
|upkeep
|
|t:|1760764166
|switch|p1a: Ninetales|Ninetales, F|100/100
|-weather|SunnyDay|[from] ability: Drought|[of] p1a: Ninetales
|turn|12
|
|t:|1760764176
|switch|p2a: Alomomola|Alomomola, M|87/100
|switch|p1a: Leafeon|Leafeon, F|100/100
|
|-weather|SunnyDay|[upkeep]
|upkeep
|turn|13
|
|t:|1760764180
|switch|p2a: Moltres|Moltres|100/100
|move|p1a: Leafeon|Solar Blade||[still]
|-prepare|p1a: Leafeon|Solar Blade
|-anim|p1a: Leafeon|Solar Blade|p2a: Moltres
|-resisted|p2a: Moltres
|-damage|p2a: Moltres|79/100
|-damage|p1a: Leafeon|91/100|[from] item: Life Orb
|
|-weather|SunnyDay|[upkeep]
|upkeep
|turn|14
|
|t:|1760764183
|-terastallize|p1a: Leafeon|Electric
|move|p1a: Leafeon|Tera Blast|p2a: Moltres|[anim] Tera Blast Electric
|-supereffective|p2a: Moltres
|-damage|p2a: Moltres|0 fnt
|faint|p2a: Moltres
|-damage|p1a: Leafeon|81/100|[from] item: Life Orb
|
|-weather|SunnyDay|[upkeep]
|upkeep
|
|t:|1760764190
|switch|p2a: Weezing|Weezing-Galar, F|88/100
|turn|15
|
|t:|1760764194
|move|p1a: Leafeon|Tera Blast|p2a: Weezing|[anim] Tera Blast Electric
|-damage|p2a: Weezing|54/100
|-damage|p1a: Leafeon|71/100|[from] item: Life Orb
|move|p2a: Weezing|Will-O-Wisp|p1a: Leafeon
|-status|p1a: Leafeon|brn
|
|-weather|SunnyDay|[upkeep]
|-damage|p1a: Leafeon|65/100 brn|[from] brn
|upkeep
|turn|16
|
|t:|1760764198
|move|p1a: Leafeon|Knock Off|p2a: Weezing
|-resisted|p2a: Weezing
|-damage|p2a: Weezing|48/100
|-damage|p1a: Leafeon|48/100 brn|[from] item: Rocky Helmet|[of] p2a: Weezing
|-enditem|p2a: Weezing|Rocky Helmet|[from] move: Knock Off|[of] p1a: Leafeon
|-damage|p1a: Leafeon|38/100 brn|[from] item: Life Orb
|move|p2a: Weezing|Pain Split|p1a: Leafeon
|-sethp|p1a: Leafeon|48/100 brn|[from] move: Pain Split|[silent]
|-sethp|p2a: Weezing|39/100|[from] move: Pain Split
|
|-weather|SunnyDay|[upkeep]
|-damage|p1a: Leafeon|43/100 brn|[from] brn
|upkeep
|turn|17
|
|t:|1760764206
|switch|p1a: Gengar|Gengar, F|68/100
|move|p2a: Weezing|Sludge Bomb|p1a: Gengar
|-resisted|p1a: Gengar
|-damage|p1a: Gengar|58/100
|
|-weather|SunnyDay|[upkeep]
|upkeep
|turn|18
|
|t:|1760764211
|switch|p2a: Alomomola|Alomomola, M|100/100
|move|p1a: Gengar|Sludge Bomb|p2a: Alomomola
|-damage|p2a: Alomomola|74/100
|
|-weather|SunnyDay|[upkeep]
|upkeep
|turn|19
|
|t:|1760764215
|move|p1a: Gengar|Sludge Bomb|p2a: Alomomola
|-damage|p2a: Alomomola|50/100
|move|p2a: Alomomola|Mirror Coat|p1a: Gengar
|-damage|p1a: Gengar|0 fnt
|faint|p1a: Gengar
|
|-weather|none
|upkeep
|
|t:|1760764224
|switch|p1a: Leafeon|Leafeon, F, tera:Electric|43/100 brn
|turn|20
|
|t:|1760764233
|move|p1a: Leafeon|Knock Off|p2a: Alomomola
|-damage|p2a: Alomomola|33/100
|-enditem|p2a: Alomomola|Assault Vest|[from] move: Knock Off|[of] p1a: Leafeon
|-damage|p1a: Leafeon|33/100 brn|[from] item: Life Orb
|move|p2a: Alomomola|Flip Turn|p1a: Leafeon
|-damage|p1a: Leafeon|17/100 brn
|
|t:|1760764239
|switch|p2a: Ogerpon|Ogerpon, F|100/100|[from] Flip Turn
|
|-damage|p1a: Leafeon|11/100 brn|[from] brn
|upkeep
|turn|21
|
|t:|1760764244
|move|p2a: Ogerpon|U-turn|p1a: Leafeon
|-damage|p1a: Leafeon|0 fnt
|faint|p1a: Leafeon
|
|t:|1760764246
|switch|p2a: Keldeo|Keldeo-Resolute|100/100|[from] U-turn
|
|upkeep
|
|t:|1760764249
|switch|p1a: Espeon|Espeon, F|100/100
|turn|22
|
|t:|1760764255
|switch|p2a: Alomomola|Alomomola, M|67/100
|move|p1a: Espeon|Psychic|p2a: Alomomola
|-damage|p2a: Alomomola|33/100
|
|upkeep
|turn|23
|
|t:|1760764260
|switch|p2a: Weezing|Weezing-Galar, F|39/100
|move|p1a: Espeon|Psychic Terrain|p1a: Espeon
|-fieldstart|move: Psychic Terrain
|
|upkeep
|turn|24
|
|t:|1760764265
|move|p1a: Espeon|Psychic|p2a: Weezing
|-supereffective|p2a: Weezing
|-damage|p2a: Weezing|0 fnt
|faint|p2a: Weezing
|
|upkeep
|
|t:|1760764267
|switch|p2a: Ogerpon|Ogerpon, F|100/100
|turn|25
|
|t:|1760764269
|switch|p1a: Ninetales|Ninetales, F|100/100
|-weather|SunnyDay|[from] ability: Drought|[of] p1a: Ninetales
|-terastallize|p2a: Ogerpon|Grass
|detailschange|p2a: Ogerpon|Ogerpon-Teal-Tera, F, tera:Grass
|-ability|p2a: Ogerpon|Embody Aspect (Teal)|boost
|-boost|p2a: Ogerpon|spe|1
|move|p2a: Ogerpon|Ivy Cudgel|p1a: Ninetales
|-resisted|p1a: Ninetales
|-damage|p1a: Ninetales|27/100
|
|-weather|SunnyDay|[upkeep]
|upkeep
|turn|26
|
|t:|1760764281
|move|p2a: Ogerpon|Ivy Cudgel|p1a: Ninetales
|-resisted|p1a: Ninetales
|-damage|p1a: Ninetales|0 fnt
|faint|p1a: Ninetales
|
|-weather|SunnyDay|[upkeep]
|upkeep
|
|t:|1760764282
|switch|p1a: Espeon|Espeon, F|100/100
|turn|27
|
|t:|1760764284
|move|p2a: Ogerpon|Ivy Cudgel|p1a: Espeon
|-damage|p1a: Espeon|0 fnt
|faint|p1a: Espeon
|
|win|Crystalbrightness
|raw|RadiantSol's rating: 1302 &rarr; <strong>1280</strong><br />(-22 for losing)
|raw|Crystalbrightness's rating: 1261 &rarr; <strong>1289</strong><br />(+28 for winning)
|l|‽RadiantSol
|player|p1|
|l|☆Crystalbrightness
|player|p2|
