|j|☆Shockmoth
|j|☆Ctannn
|t:|1760828774
|gametype|singles
|player|p1|Shockmoth|wattson|1875
|player|p2|Ctannn|265|1853
|gen|9
|tier|[Gen 9] OU
|rated|
|rule|HP Percentage Mod: HP is shown in percentages
|rule|Endless Battle Clause: Forcing endless battles is banned
|rule|Species Clause: Limit one of each Pokémon
|rule|OHKO Clause: OHKO moves are banned
|rule|Evasion Items Clause: Evasion items are banned
|rule|Evasion Moves Clause: Evasion moves are banned
|rule|Evasion Abilities Clause: Evasion abilities are banned
|rule|Sleep Moves Clause: Sleep-inducing moves are banned
|clearpoke
|poke|p1|Frosmoth, F|
|poke|p1|Pincurchin, M|
|poke|p1|Raichu-Alola, M|
|poke|p1|Iron Hands|
|poke|p1|Rotom-Wash|
|poke|p1|Pawmot, F|
|poke|p2|Rillaboom, M|
|poke|p2|Garganacl, F|
|poke|p2|Cinderace, F|
|poke|p2|Raging Bolt|
|poke|p2|Slowking-Galar, F|
|poke|p2|Landorus-Therian, M|
|teampreview
|inactive|Battle timer is ON: inactive players will automatically lose when time's up. (requested by Shockmoth)
|j| Shawty Lo
|inactive|Ctannn has 120 seconds left.
|
|t:|1760828810
|teamsize|p1|6
|teamsize|p2|6
|start
|switch|p1a: OH YEAH!!! YEAH!!|Pincurchin, M|100/100
|switch|p2a: Raging Bolt|Raging Bolt|100/100
|-fieldstart|move: Electric Terrain|[from] ability: Electric Surge|[of] p1a: OH YEAH!!! YEAH!!
|turn|1
|
|t:|1760828819
|switch|p1a: Finger Eleven|Frosmoth, F, shiny|100/100
|move|p2a: Raging Bolt|Draco Meteor|p1a: Finger Eleven|[miss]
|-miss|p2a: Raging Bolt|p1a: Finger Eleven
|
|upkeep
|turn|2
|
|t:|1760828824
|-end|p2a: Raging Bolt|Protosynthesis|[silent]
|switch|p2a: Slowking|Slowking-Galar, F|100/100
|move|p1a: Finger Eleven|Ice Beam|p2a: Slowking
|-damage|p2a: Slowking|65/100
|
|upkeep
|turn|3
|
|t:|1760828828
|switch|p1a: Iron Deficiency|Iron Hands|100/100
|-activate|p1a: Iron Deficiency|ability: Quark Drive
|-start|p1a: Iron Deficiency|quarkdriveatk
|-prepare|p2a: Slowking|Chilly Reception|[premajor]
|move|p2a: Slowking|Chilly Reception|p2a: Slowking
|-weather|Snowscape
|
|t:|1760828834
|switch|p2a: Landorus|Landorus-Therian, M|100/100|[from] Chilly Reception
|-ability|p2a: Landorus|Intimidate|boost
|-unboost|p1a: Iron Deficiency|atk|1
|
|-weather|Snowscape|[upkeep]
|upkeep
|turn|4
|-activate|p1a: Iron Deficiency|item: Quick Claw
|
|t:|1760828839
|move|p1a: Iron Deficiency|Ice Punch|p2a: Landorus
|-supereffective|p2a: Landorus
|-damage|p2a: Landorus|30/100
|-damage|p1a: Iron Deficiency|84/100|[from] item: Rocky Helmet|[of] p2a: Landorus
|move|p2a: Landorus|Earthquake|p1a: Iron Deficiency
|-supereffective|p1a: Iron Deficiency
|-damage|p1a: Iron Deficiency|29/100
|
|-weather|Snowscape|[upkeep]
|upkeep
|turn|5
|
|t:|1760828844
|move|p2a: Landorus|U-turn|p1a: Iron Deficiency
|-resisted|p1a: Iron Deficiency
|-crit|p1a: Iron Deficiency
|-damage|p1a: Iron Deficiency|20/100
|j| crowv2
|
|t:|1760828847
|switch|p2a: Slowking|Slowking-Galar, F|98/100|[from] U-turn
|move|p1a: Iron Deficiency|Ice Punch|p2a: Slowking
|-damage|p2a: Slowking|78/100
|-damage|p1a: Iron Deficiency|3/100|[from] item: Rocky Helmet|[of] p2a: Slowking
|
|-weather|Snowscape|[upkeep]
|upkeep
|turn|6
|
|t:|1760828850
|move|p1a: Iron Deficiency|Ice Punch|p2a: Slowking
|-damage|p2a: Slowking|58/100
|-damage|p1a: Iron Deficiency|0 fnt|[from] item: Rocky Helmet|[of] p2a: Slowking
|faint|p1a: Iron Deficiency
|-end|p1a: Iron Deficiency|Quark Drive|[silent]
|move|p2a: Slowking|Future Sight|p1: Iron Deficiency
|-start|p2a: Slowking|move: Future Sight
|
|-weather|Snowscape|[upkeep]
|upkeep
|
|t:|1760828856
|switch|p1a: William O' Wisp|Rotom-Wash|100/100
|turn|7
|
|t:|1760828858
|move|p1a: William O' Wisp|Light Screen|p1a: William O' Wisp
|-sidestart|p1: Shockmoth|move: Light Screen
|-prepare|p2a: Slowking|Chilly Reception|[premajor]
|move|p2a: Slowking|Chilly Reception|p2a: Slowking
|
|t:|1760828864
|switch|p2a: Rillaboom|Rillaboom, M|100/100|[from] Chilly Reception
|-fieldstart|move: Grassy Terrain|[from] ability: Grassy Surge|[of] p2a: Rillaboom
|
|-weather|none
|upkeep
|turn|8
|
|t:|1760828869
|switch|p2a: Slowking|Slowking-Galar, F|91/100
|switch|p1a: OH YEAH!!! YEAH!!|Pincurchin, M|100/100
|-fieldstart|move: Electric Terrain|[from] ability: Electric Surge|[of] p1a: OH YEAH!!! YEAH!!
|
|-end|p1a: OH YEAH!!! YEAH!!|move: Future Sight
|-damage|p1a: OH YEAH!!! YEAH!!|70/100
|upkeep
|turn|9
|
|t:|1760828875
|move|p2a: Slowking|Future Sight|p1a: OH YEAH!!! YEAH!!
|-start|p2a: Slowking|move: Future Sight
|move|p1a: OH YEAH!!! YEAH!!|Supercell Slam|p2a: Slowking
|-damage|p2a: Slowking|40/100
|-damage|p1a: OH YEAH!!! YEAH!!|54/100|[from] item: Rocky Helmet|[of] p2a: Slowking
|
|upkeep
|turn|10
|
|t:|1760828879
|switch|p1a: William O' Wisp|Rotom-Wash|100/100
|-prepare|p2a: Slowking|Chilly Reception|[premajor]
|move|p2a: Slowking|Chilly Reception|p2a: Slowking
|-weather|Snowscape
|
|t:|1760828883
|switch|p2a: Rillaboom|Rillaboom, M|100/100|[from] Chilly Reception
|-fieldstart|move: Grassy Terrain|[from] ability: Grassy Surge|[of] p2a: Rillaboom
|
|-weather|Snowscape|[upkeep]
|upkeep
|turn|11
|
|t:|1760828885
|switch|p1a: OH YEAH!!! YEAH!!|Pincurchin, M|54/100
|-fieldstart|move: Electric Terrain|[from] ability: Electric Surge|[of] p1a: OH YEAH!!! YEAH!!
|move|p2a: Rillaboom|Wood Hammer|p1a: OH YEAH!!! YEAH!!
|-damage|p1a: OH YEAH!!! YEAH!!|0 fnt
|faint|p1a: OH YEAH!!! YEAH!!
|-damage|p2a: Rillaboom|85/100|[from] Recoil
|
|-weather|Snowscape|[upkeep]
|-hint|Future Sight did not hit because the target is fainted.
|upkeep
|
|t:|1760828889
|switch|p1a: Evanescence|Pawmot, F|100/100
|turn|12
|
|t:|1760828893
|move|p1a: Evanescence|Revival Blessing|p1a: Evanescence
|-enditem|p1a: Evanescence|Leppa Berry|[eat]
|-activate|p1a: Evanescence|item: Leppa Berry|Revival Blessing|[consumed]
|
|t:|1760828894
|-heal|p1: Iron Deficiency|50/100|[from] move: Revival Blessing
|move|p2a: Rillaboom|Wood Hammer|p1a: Evanescence
|-damage|p1a: Evanescence|6/100
|-damage|p2a: Rillaboom|59/100|[from] Recoil
|
|-weather|Snowscape|[upkeep]
|upkeep
|turn|13
|
|t:|1760828899
|switch|p2a: Slowking|Slowking-Galar, F|74/100
|move|p1a: Evanescence|Revival Blessing|p1a: Evanescence
|
|t:|1760828900
|-heal|p1: OH YEAH!!! YEAH!!|50/100|[from] move: Revival Blessing
|
|-weather|Snowscape|[upkeep]
|upkeep
|turn|14
|
|t:|1760828905
|move|p1a: Evanescence|Nuzzle|p2a: Slowking
|-damage|p2a: Slowking|66/100
|-status|p2a: Slowking|par
|-damage|p1a: Evanescence|0 fnt|[from] item: Rocky Helmet|[of] p2a: Slowking
|faint|p1a: Evanescence
|-prepare|p2a: Slowking|Chilly Reception|[premajor]
|move|p2a: Slowking|Chilly Reception|p2a: Slowking
|
|t:|1760828912
|switch|p2a: Rillaboom|Rillaboom, M|59/100|[from] Chilly Reception
|-fieldstart|move: Grassy Terrain|[from] ability: Grassy Surge|[of] p2a: Rillaboom
|
|-weather|none
|-heal|p2a: Rillaboom|66/100|[from] Grassy Terrain
|-sideend|p1: Shockmoth|move: Light Screen
|upkeep
|inactive|Shockmoth has 120 seconds left.
|inactive|Shockmoth has 90 seconds left.
|
|t:|1760828981
|switch|p1a: Finger Eleven|Frosmoth, F, shiny|100/100
|turn|15
|
|t:|1760828998
|switch|p2a: Garganacl|Garganacl, F|100/100
|move|p1a: Finger Eleven|Quiver Dance|p1a: Finger Eleven
|-boost|p1a: Finger Eleven|spa|1
|-boost|p1a: Finger Eleven|spd|1
|-boost|p1a: Finger Eleven|spe|1
|
|upkeep
|turn|16
|
|t:|1760829000
|switch|p1a: OH YEAH!!! YEAH!!|Pincurchin, M|50/100
|-fieldstart|move: Electric Terrain|[from] ability: Electric Surge|[of] p1a: OH YEAH!!! YEAH!!
|move|p2a: Garganacl|Salt Cure|p1a: OH YEAH!!! YEAH!!
|-crit|p1a: OH YEAH!!! YEAH!!
|-damage|p1a: OH YEAH!!! YEAH!!|25/100
|-start|p1a: OH YEAH!!! YEAH!!|Salt Cure
|
|-damage|p1a: OH YEAH!!! YEAH!!|13/100|[from] Salt Cure
|upkeep
|turn|17
|inactive|Shockmoth has 120 seconds left.
|l| crowv2
|
|t:|1760829007
|switch|p2a: Landorus|Landorus-Therian, M|30/100
|-ability|p2a: Landorus|Intimidate|boost
|-unboost|p1a: OH YEAH!!! YEAH!!|atk|1
|move|p1a: OH YEAH!!! YEAH!!|Supercell Slam|p2a: Landorus
|-immune|p2a: Landorus
|-damage|p1a: OH YEAH!!! YEAH!!|0 fnt|[from] supercellslam
|faint|p1a: OH YEAH!!! YEAH!!
|
|upkeep
|
|t:|1760829010
|switch|p1a: Surf's Up (2007)|Raichu-Alola, M|100/100
|turn|18
|
|t:|1760829015
|move|p1a: Surf's Up (2007)|Volt Switch|p2a: Landorus
|-immune|p2a: Landorus
|move|p2a: Landorus|U-turn|p1a: Surf's Up (2007)
|-supereffective|p1a: Surf's Up (2007)
|-damage|p1a: Surf's Up (2007)|0 fnt
|faint|p1a: Surf's Up (2007)
|
|t:|1760829018
|switch|p2a: Rillaboom|Rillaboom, M|66/100|[from] U-turn
|-fieldstart|move: Grassy Terrain|[from] ability: Grassy Surge|[of] p2a: Rillaboom
|
|-heal|p2a: Rillaboom|72/100|[from] Grassy Terrain
|upkeep
|
|t:|1760829023
|switch|p1a: Finger Eleven|Frosmoth, F, shiny|100/100
|turn|19
|
|t:|1760829028
|switch|p2a: Garganacl|Garganacl, F|100/100
|move|p1a: Finger Eleven|Ice Beam|p2a: Garganacl
|-damage|p2a: Garganacl|74/100
|
|-heal|p2a: Garganacl|80/100|[from] Grassy Terrain
|-heal|p2a: Garganacl|86/100|[from] item: Leftovers
|upkeep
|turn|20
|
|t:|1760829030
|move|p1a: Finger Eleven|Ice Beam|p2a: Garganacl
|-damage|p2a: Garganacl|58/100
|move|p2a: Garganacl|Salt Cure|p1a: Finger Eleven
|-supereffective|p1a: Finger Eleven
|-damage|p1a: Finger Eleven|1/100
|-start|p1a: Finger Eleven|Salt Cure
|
|-heal|p1a: Finger Eleven|7/100|[from] Grassy Terrain
|-heal|p2a: Garganacl|65/100|[from] Grassy Terrain
|-heal|p2a: Garganacl|71/100|[from] item: Leftovers
|-damage|p1a: Finger Eleven|0 fnt|[from] Salt Cure
|faint|p1a: Finger Eleven
|upkeep
|
|t:|1760829031
|switch|p1a: William O' Wisp|Rotom-Wash|100/100
|turn|21
|
|t:|1760829036
|move|p1a: William O' Wisp|Light Screen|p1a: William O' Wisp
|-sidestart|p1: Shockmoth|move: Light Screen
|move|p2a: Garganacl|Salt Cure|p1a: William O' Wisp
|-damage|p1a: William O' Wisp|87/100
|-start|p1a: William O' Wisp|Salt Cure
|
|-heal|p2a: Garganacl|77/100|[from] Grassy Terrain
|-heal|p2a: Garganacl|83/100|[from] item: Leftovers
|-damage|p1a: William O' Wisp|62/100|[from] Salt Cure
|upkeep
|turn|22
|
|t:|1760829042
|move|p1a: William O' Wisp|Hydro Pump|p2a: Garganacl
|-supereffective|p2a: Garganacl
|-damage|p2a: Garganacl|15/100
|move|p2a: Garganacl|Curse|p2a: Garganacl
|-unboost|p2a: Garganacl|spe|1
|-boost|p2a: Garganacl|atk|1
|-boost|p2a: Garganacl|def|1
|
|-heal|p2a: Garganacl|21/100|[from] Grassy Terrain
|-heal|p2a: Garganacl|27/100|[from] item: Leftovers
|-damage|p1a: William O' Wisp|37/100|[from] Salt Cure
|-fieldend|move: Grassy Terrain
|upkeep
|turn|23
|
|t:|1760829045
|move|p2a: Garganacl|Protect|p2a: Garganacl
|-singleturn|p2a: Garganacl|Protect
|move|p1a: William O' Wisp|Hydro Pump|p2a: Garganacl
|-activate|p2a: Garganacl|move: Protect
|
|-heal|p2a: Garganacl|33/100|[from] item: Leftovers
|-damage|p1a: William O' Wisp|12/100|[from] Salt Cure
|upkeep
|turn|24
|
|t:|1760829050
|move|p1a: William O' Wisp|Hydro Pump|p2a: Garganacl
|-supereffective|p2a: Garganacl
|-damage|p2a: Garganacl|0 fnt
|faint|p2a: Garganacl
|
|-damage|p1a: William O' Wisp|0 fnt|[from] Salt Cure
|faint|p1a: William O' Wisp
|upkeep
|
|t:|1760829055
|switch|p1a: Iron Deficiency|Iron Hands|50/100
|switch|p2a: Cinderace|Cinderace, F|100/100
|turn|25
|
|t:|1760829059
|move|p2a: Cinderace|High Jump Kick|p1a: Iron Deficiency
|-start|p2a: Cinderace|typechange|Fighting|[from] ability: Libero
|-damage|p1a: Iron Deficiency|13/100
|move|p1a: Iron Deficiency|Swords Dance|p1a: Iron Deficiency
|-boost|p1a: Iron Deficiency|atk|2
|
|upkeep
|turn|26
|
|t:|1760829065
|switch|p2a: Landorus|Landorus-Therian, M|30/100
|-ability|p2a: Landorus|Intimidate|boost
|-unboost|p1a: Iron Deficiency|atk|1
|move|p1a: Iron Deficiency|Drain Punch|p2a: Landorus
|-resisted|p2a: Landorus
|-damage|p2a: Landorus|7/100
|-heal|p1a: Iron Deficiency|23/100|[from] drain|[of] p2a: Landorus
|-damage|p1a: Iron Deficiency|6/100|[from] item: Rocky Helmet|[of] p2a: Landorus
|
|upkeep
|turn|27
|c|☆Shockmoth|Ggs
|-message|Shockmoth forfeited.
|
|win|Ctannn
|raw|Shockmoth's rating: 1875 &rarr; <strong>1854</strong><br />(-21 for losing)
|raw|Ctannn's rating: 1853 &rarr; <strong>1874</strong><br />(+21 for winning)
|l|☆Ctannn
|player|p2|
