|j|☆lzw00
|j|☆baptou2.0
|t:|1760861488
|gametype|singles
|player|p1|lzw00|265|1228
|player|p2|baptou2.0|170|1168
|gen|9
|tier|[Gen 9] OU
|rated|
|rule|HP Percentage Mod: HP is shown in percentages
|rule|Endless Battle Clause: Forcing endless battles is banned
|rule|Species Clause: Limit one of each Pokémon
|rule|OHKO Clause: OHKO moves are banned
|rule|Evasion Items Clause: Evasion items are banned
|rule|Evasion Moves Clause: Evasion moves are banned
|rule|Evasion Abilities Clause: Evasion abilities are banned
|rule|Sleep Moves Clause: Sleep-inducing moves are banned
|clearpoke
|poke|p1|Lokix, F|
|poke|p1|Regidrago|
|poke|p1|Alomomola, F|
|poke|p1|Slowking-Galar, F|
|poke|p1|Magnezone|
|poke|p1|Cinderace, M|
|poke|p2|Serperior, F|
|poke|p2|Zamazenta-*|
|poke|p2|Ursaluna, F|
|poke|p2|Samurott-Hisui, F|
|poke|p2|Donphan, F|
|poke|p2|Corviknight, F|
|teampreview
|
|t:|1760861497
|teamsize|p1|6
|teamsize|p2|6
|start
|switch|p1a: Regidrago|Regidrago|100/100
|switch|p2a: Donphan|Donphan, F|100/100
|turn|1
|inactive|Battle timer is ON: inactive players will automatically lose when time's up. (requested by baptou2.0)
|
|t:|1760861504
|move|p1a: Regidrago|Dragon Energy|p2a: Donphan
|-ability|p2a: Donphan|Sturdy
|-damage|p2a: Donphan|1/100
|move|p2a: Donphan|Stealth Rock|p1a: Regidrago
|-sidestart|p1: lzw00|move: Stealth Rock
|
|upkeep
|turn|2
|
|t:|1760861514
|switch|p2a: Corviknight|Corviknight, F, shiny|100/100
|move|p1a: Regidrago|Dragon Energy|p2a: Corviknight
|-resisted|p2a: Corviknight
|-damage|p2a: Corviknight|54/100
|
|-heal|p2a: Corviknight|61/100|[from] item: Leftovers
|upkeep
|turn|3
|
|t:|1760861523
|switch|p1a: Alomomola|Alomomola, F|100/100
|-damage|p1a: Alomomola|88/100|[from] Stealth Rock
|move|p2a: Corviknight|Iron Head|p1a: Alomomola
|-resisted|p1a: Alomomola
|-damage|p1a: Alomomola|81/100
|-damage|p2a: Corviknight|44/100|[from] item: Rocky Helmet|[of] p1a: Alomomola
|
|-heal|p2a: Corviknight|50/100|[from] item: Leftovers
|upkeep
|turn|4
|
|t:|1760861532
|move|p2a: Corviknight|Taunt|p1a: Alomomola
|-start|p1a: Alomomola|move: Taunt
|move|p1a: Alomomola|Flip Turn|p2a: Corviknight
|-damage|p2a: Corviknight|41/100
|
|t:|1760861538
|switch|p1a: Cinderace|Cinderace, M|100/100|[from] Flip Turn
|
|-heal|p2a: Corviknight|47/100|[from] item: Leftovers
|upkeep
|turn|5
|
|t:|1760861545
|switch|p2a: Ursaluna|Ursaluna, F, shiny|100/100
|move|p1a: Cinderace|Court Change|p1a: Cinderace
|-start|p1a: Cinderace|typechange|Normal|[from] ability: Libero
|-swapsideconditions
|-activate|p1a: Cinderace|move: Court Change
|
|upkeep
|turn|6
|
|t:|1760861556
|move|p1a: Cinderace|High Jump Kick|p2a: Ursaluna|[miss]
|-miss|p1a: Cinderace|p2a: Ursaluna
|-damage|p1a: Cinderace|51/100|[from] highjumpkick
|move|p2a: Ursaluna|Close Combat|p1a: Cinderace
|-supereffective|p1a: Cinderace
|-damage|p1a: Cinderace|0 fnt
|-unboost|p2a: Ursaluna|def|1
|-unboost|p2a: Ursaluna|spd|1
|faint|p1a: Cinderace
|
|upkeep
|
|t:|1760861566
|switch|p1a: Regidrago|Regidrago|100/100
|turn|7
|
|t:|1760861586
|switch|p2a: Donphan|Donphan, F|1/100
|-damage|p2a: Donphan|0 fnt|[from] Stealth Rock
|faint|p2a: Donphan
|move|p1a: Regidrago|Dragon Energy|p2: Donphan|[notarget]
|-fail|p1a: Regidrago
|
|upkeep
|
|t:|1760861600
|switch|p2a: Zamazenta|Zamazenta|100/100
|-damage|p2a: Zamazenta|94/100|[from] Stealth Rock
|-ability|p2a: Zamazenta|Dauntless Shield|boost
|-boost|p2a: Zamazenta|def|1
|turn|8
|
|t:|1760861609
|-terastallize|p2a: Zamazenta|Fairy
|move|p1a: Regidrago|Dragon Energy|p2a: Zamazenta
|-immune|p2a: Zamazenta
|move|p2a: Zamazenta|Iron Defense|p2a: Zamazenta
|-boost|p2a: Zamazenta|def|2
|
|upkeep
|turn|9
|
|t:|1760861617
|switch|p1a: Alomomola|Alomomola, F|100/100
|move|p2a: Zamazenta|Agility|p2a: Zamazenta
|-boost|p2a: Zamazenta|spe|2
|
|upkeep
|turn|10
|
|t:|1760861624
|move|p2a: Zamazenta|Iron Defense|p2a: Zamazenta
|-boost|p2a: Zamazenta|def|2
|move|p1a: Alomomola|Flip Turn|p2a: Zamazenta
|-damage|p2a: Zamazenta|90/100
|-damage|p1a: Alomomola|84/100|[from] item: Rocky Helmet|[of] p2a: Zamazenta
|
|t:|1760861637
|switch|p1a: Magnezone|Magnezone|100/100|[from] Flip Turn
|
|upkeep
|turn|11
|
|t:|1760861643
|-terastallize|p1a: Magnezone|Flying
|move|p2a: Zamazenta|Body Press|p1a: Magnezone
|-resisted|p1a: Magnezone
|-damage|p1a: Magnezone|47/100
|move|p1a: Magnezone|Flash Cannon|p2a: Zamazenta
|-supereffective|p2a: Zamazenta
|-damage|p2a: Zamazenta|6/100
|
|upkeep
|turn|12
|
|t:|1760861652
|move|p2a: Zamazenta|Body Press|p1a: Magnezone
|-resisted|p1a: Magnezone
|-damage|p1a: Magnezone|0 fnt
|faint|p1a: Magnezone
|
|upkeep
|
|t:|1760861655
|switch|p1a: Lokix|Lokix, F|100/100
|turn|13
|
|t:|1760861662
|switch|p2a: Corviknight|Corviknight, F, shiny|47/100
|-damage|p2a: Corviknight|34/100|[from] Stealth Rock
|move|p1a: Lokix|First Impression|p2a: Corviknight
|-resisted|p2a: Corviknight
|-damage|p2a: Corviknight|14/100
|
|-heal|p2a: Corviknight|21/100|[from] item: Leftovers
|upkeep
|turn|14
|
|t:|1760861671
|switch|p1a: Alomomola|Alomomola, F|100/100
|move|p2a: Corviknight|Defog|p1a: Alomomola
|-unboost|p1a: Alomomola|evasion|1
|-sideend|p2: baptou2.0|Stealth Rock|[from] move: Defog|[of] p2a: Corviknight
|
|-heal|p2a: Corviknight|27/100|[from] item: Leftovers
|upkeep
|turn|15
|
|t:|1760861678
|switch|p2a: Serperior|Serperior, F, shiny|100/100
|move|p1a: Alomomola|Flip Turn|p2a: Serperior
|-resisted|p2a: Serperior
|-damage|p2a: Serperior|91/100
|
|t:|1760861685
|switch|p1a: Lokix|Lokix, F|100/100|[from] Flip Turn
|
|-heal|p2a: Serperior|97/100|[from] item: Leftovers
|upkeep
|turn|16
|
|t:|1760861695
|switch|p2a: Corviknight|Corviknight, F, shiny|27/100
|move|p1a: Lokix|First Impression|p2a: Corviknight
|-resisted|p2a: Corviknight
|-damage|p2a: Corviknight|6/100
|
|-heal|p2a: Corviknight|12/100|[from] item: Leftovers
|upkeep
|turn|17
|
|t:|1760861705
|switch|p1a: Alomomola|Alomomola, F|100/100
|move|p2a: Corviknight|Taunt|p1a: Alomomola
|-start|p1a: Alomomola|move: Taunt
|
|-heal|p2a: Corviknight|18/100|[from] item: Leftovers
|upkeep
|turn|18
|
|t:|1760861713
|move|p2a: Corviknight|Drill Peck|p1a: Alomomola
|-damage|p1a: Alomomola|87/100
|-damage|p2a: Corviknight|2/100|[from] item: Rocky Helmet|[of] p1a: Alomomola
|move|p1a: Alomomola|Flip Turn|p2a: Corviknight
|-damage|p2a: Corviknight|0 fnt
|faint|p2a: Corviknight
|
|t:|1760861725
|switch|p1a: Lokix|Lokix, F|100/100|[from] Flip Turn
|
|upkeep
|
|t:|1760861731
|switch|p2a: Ursaluna|Ursaluna, F, shiny|100/100
|turn|19
|
|t:|1760861736
|move|p1a: Lokix|Axe Kick|p2a: Ursaluna
|-supereffective|p2a: Ursaluna
|-damage|p2a: Ursaluna|14/100
|move|p2a: Ursaluna|Swords Dance|p2a: Ursaluna
|-boost|p2a: Ursaluna|atk|2
|
|-heal|p2a: Ursaluna|21/100|[from] item: Leftovers
|upkeep
|turn|20
|
|t:|1760861744
|switch|p2a: Samurott|Samurott-Hisui, F, shiny|100/100
|move|p1a: Lokix|Axe Kick|p2a: Samurott
|-supereffective|p2a: Samurott
|-enditem|p2a: Samurott|Focus Sash
|-damage|p2a: Samurott|1/100
|
|upkeep
|turn|21
|
|t:|1760861754
|switch|p1a: Alomomola|Alomomola, F|100/100
|move|p2a: Samurott|Sucker Punch||[still]
|-fail|p2a: Samurott
|
|upkeep
|turn|22
|
|t:|1760861760
|move|p2a: Samurott|Ceaseless Edge|p1a: Alomomola|[miss]
|-miss|p2a: Samurott|p1a: Alomomola
|move|p1a: Alomomola|Flip Turn|p2a: Samurott
|-resisted|p2a: Samurott
|-crit|p2a: Samurott
|-damage|p2a: Samurott|0 fnt
|faint|p2a: Samurott
|
|t:|1760861768
|switch|p1a: Lokix|Lokix, F|100/100|[from] Flip Turn
|
|upkeep
|
|t:|1760861772
|switch|p2a: Zamazenta|Zamazenta, tera:Fairy|6/100
|turn|23
|
|t:|1760861781
|move|p1a: Lokix|Sucker Punch|p2a: Zamazenta
|-resisted|p2a: Zamazenta
|-damage|p2a: Zamazenta|0 fnt
|-damage|p1a: Lokix|84/100|[from] item: Rocky Helmet|[of] p2a: Zamazenta
|faint|p2a: Zamazenta
|
|upkeep
|
|t:|1760861787
|switch|p2a: Serperior|Serperior, F, shiny|97/100
|turn|24
|
|t:|1760861793
|switch|p1a: Slowking|Slowking-Galar, F|100/100
|move|p2a: Serperior|Leaf Storm|p1a: Slowking
|-resisted|p1a: Slowking
|-damage|p1a: Slowking|88/100
|-boost|p2a: Serperior|spa|2
|
|-heal|p2a: Serperior|100/100|[from] item: Leftovers
|-heal|p1a: Slowking|94/100|[from] item: Black Sludge
|upkeep
|turn|25
|
|t:|1760861802
|move|p2a: Serperior|Leech Seed|p1a: Slowking|[miss]
|-miss|p2a: Serperior|p1a: Slowking
|move|p1a: Slowking|Thunder Wave|p2a: Serperior
|-status|p2a: Serperior|par
|
|-heal|p1a: Slowking|99/100|[from] item: Black Sludge
|upkeep
|turn|26
|
|t:|1760861809
|move|p2a: Serperior|Leaf Storm|p1a: Slowking
|-resisted|p1a: Slowking
|-damage|p1a: Slowking|73/100
|-boost|p2a: Serperior|spa|2
|move|p1a: Slowking|Sludge Wave|p2a: Serperior
|-supereffective|p2a: Serperior
|-damage|p2a: Serperior|16/100 par
|
|-heal|p2a: Serperior|22/100 par|[from] item: Leftovers
|-heal|p1a: Slowking|79/100|[from] item: Black Sludge
|upkeep
|turn|27
|
|t:|1760861818
|move|p2a: Serperior|Dragon Pulse|p1a: Slowking
|-crit|p1a: Slowking
|-damage|p1a: Slowking|29/100
|move|p1a: Slowking|Sludge Wave|p2a: Serperior
|-supereffective|p2a: Serperior
|-damage|p2a: Serperior|0 fnt
|faint|p2a: Serperior
|
|-heal|p1a: Slowking|35/100|[from] item: Black Sludge
|upkeep
|
|t:|1760861826
|switch|p2a: Ursaluna|Ursaluna, F, shiny|21/100
|turn|28
|
|t:|1760861831
|switch|p1a: Alomomola|Alomomola, F|100/100
|move|p2a: Ursaluna|Headlong Rush|p1a: Alomomola
|-damage|p1a: Alomomola|64/100
|-unboost|p2a: Ursaluna|def|1
|-unboost|p2a: Ursaluna|spd|1
|-damage|p2a: Ursaluna|4/100|[from] item: Rocky Helmet|[of] p1a: Alomomola
|
|-heal|p2a: Ursaluna|10/100|[from] item: Leftovers
|upkeep
|turn|29
|
|t:|1760861841
|move|p1a: Alomomola|Aqua Jet|p2a: Ursaluna
|-supereffective|p2a: Ursaluna
|-damage|p2a: Ursaluna|0 fnt
|faint|p2a: Ursaluna
|
|win|lzw00
|raw|lzw00's rating: 1228 &rarr; <strong>1249</strong><br />(+21 for winning)
|raw|baptou2.0's rating: 1168 &rarr; <strong>1147</strong><br />(-21 for losing)
|l|☆lzw00
|player|p1|
|l|☆baptou2.0
|player|p2|
