|j|☆HZBKAI3
|j|☆Sulley365
|t:|1760764211
|gametype|singles
|player|p1|HZBKAI3|266|1097
|player|p2|Sulley365|giovanni|1112
|gen|9
|tier|[Gen 9] OU
|rated|
|rule|HP Percentage Mod: HP is shown in percentages
|rule|Endless Battle Clause: Forcing endless battles is banned
|rule|Species Clause: Limit one of each Pokémon
|rule|OHKO Clause: OHKO moves are banned
|rule|Evasion Items Clause: Evasion items are banned
|rule|Evasion Moves Clause: Evasion moves are banned
|rule|Evasion Abilities Clause: Evasion abilities are banned
|rule|Sleep Moves Clause: Sleep-inducing moves are banned
|clearpoke
|poke|p1|Jirachi|
|poke|p1|Gholdengo|
|poke|p1|Gliscor, M|
|poke|p1|Iron Moth|
|poke|p1|Quaquaval, F|
|poke|p1|Iron Boulder|
|poke|p2|Coalossal, F|
|poke|p2|Cinccino, M|
|poke|p2|Alomomola, F|
|poke|p2|Meowscarada, M|
|poke|p2|Barraskewda, M|
|poke|p2|Cinderace, F|
|teampreview
|inactive|Battle timer is ON: inactive players will automatically lose when time's up. (requested by Sulley365)
|
|t:|1760764236
|teamsize|p1|6
|teamsize|p2|6
|start
|switch|p1a: Iron Boulder|Iron Boulder|100/100
|switch|p2a: Cinccino|Cinccino, M|100/100
|-enditem|p1a: Iron Boulder|Booster Energy
|-activate|p1a: Iron Boulder|ability: Quark Drive|[fromitem]
|-start|p1a: Iron Boulder|quarkdrivespe
|turn|1
|
|t:|1760764250
|move|p1a: Iron Boulder|Close Combat|p2a: Cinccino
|-supereffective|p2a: Cinccino
|-damage|p2a: Cinccino|0 fnt
|-unboost|p1a: Iron Boulder|def|1
|-unboost|p1a: Iron Boulder|spd|1
|faint|p2a: Cinccino
|
|upkeep
|
|t:|1760764259
|switch|p2a: Meowscarada|Meowscarada, M|100/100
|turn|2
|
|t:|1760764261
|move|p1a: Iron Boulder|Close Combat|p2a: Meowscarada
|-supereffective|p2a: Meowscarada
|-damage|p2a: Meowscarada|0 fnt
|-unboost|p1a: Iron Boulder|def|1
|-unboost|p1a: Iron Boulder|spd|1
|faint|p2a: Meowscarada
|
|upkeep
|
|t:|1760764264
|switch|p2a: Coalossal|Coalossal, F|100/100
|turn|3
|
|t:|1760764267
|move|p1a: Iron Boulder|Earthquake|p2a: Coalossal
|-supereffective|p2a: Coalossal
|-damage|p2a: Coalossal|18/100
|-enditem|p2a: Coalossal|Weakness Policy
|-boost|p2a: Coalossal|atk|2|[from] item: Weakness Policy
|-boost|p2a: Coalossal|spa|2|[from] item: Weakness Policy
|move|p2a: Coalossal|Heat Crash|p1a: Iron Boulder
|-resisted|p1a: Iron Boulder
|-damage|p1a: Iron Boulder|69/100
|
|upkeep
|turn|4
|
|t:|1760764269
|move|p1a: Iron Boulder|Earthquake|p2a: Coalossal
|-supereffective|p2a: Coalossal
|-damage|p2a: Coalossal|0 fnt
|faint|p2a: Coalossal
|
|upkeep
|
|t:|1760764271
|switch|p2a: Barraskewda|Barraskewda, M|100/100
|turn|5
|
|t:|1760764273
|move|p1a: Iron Boulder|Mighty Cleave|p2a: Barraskewda
|-damage|p2a: Barraskewda|4/100
|move|p2a: Barraskewda|Waterfall|p1a: Iron Boulder
|-supereffective|p1a: Iron Boulder
|-damage|p1a: Iron Boulder|0 fnt
|faint|p1a: Iron Boulder
|-end|p1a: Iron Boulder|Quark Drive|[silent]
|
|upkeep
|
|t:|1760764273
|switch|p1a: Gholdengo|Gholdengo|100/100
|-item|p1a: Gholdengo|Air Balloon
|turn|6
|
|t:|1760764276
|move|p2a: Barraskewda|Waterfall|p1a: Gholdengo
|-damage|p1a: Gholdengo|53/100
|-enditem|p1a: Gholdengo|Air Balloon
|move|p1a: Gholdengo|Shadow Ball|p2a: Barraskewda
|-damage|p2a: Barraskewda|0 fnt
|faint|p2a: Barraskewda
|
|upkeep
|
|t:|1760764279
|switch|p2a: Cinderace|Cinderace, F|100/100
|turn|7
|
|t:|1760764281
|move|p2a: Cinderace|Pyro Ball|p1a: Gholdengo
|-supereffective|p1a: Gholdengo
|-damage|p1a: Gholdengo|0 fnt
|faint|p1a: Gholdengo
|
|upkeep
|
|t:|1760764281
|switch|p1a: Quaquaval|Quaquaval, F|100/100
|turn|8
|
|t:|1760764284
|move|p2a: Cinderace|U-turn|p1a: Quaquaval
|-start|p2a: Cinderace|typechange|Bug|[from] ability: Libero
|-resisted|p1a: Quaquaval
|-damage|p1a: Quaquaval|78/100
|
|t:|1760764288
|switch|p2a: Alomomola|Alomomola, F|100/100|[from] U-turn
|move|p1a: Quaquaval|Aqua Step|p2a: Alomomola
|-resisted|p2a: Alomomola
|-damage|p2a: Alomomola|87/100
|-boost|p1a: Quaquaval|spe|1
|
|-heal|p2a: Alomomola|94/100|[from] item: Leftovers
|upkeep
|turn|9
|
|t:|1760764300
|move|p1a: Quaquaval|Close Combat|p2a: Alomomola
|-damage|p2a: Alomomola|56/100
|-unboost|p1a: Quaquaval|def|1
|-unboost|p1a: Quaquaval|spd|1
|move|p2a: Alomomola|Scald|p1a: Quaquaval
|-resisted|p1a: Quaquaval
|-damage|p1a: Quaquaval|69/100
|
|-heal|p2a: Alomomola|62/100|[from] item: Leftovers
|upkeep
|turn|10
|
|t:|1760764309
|move|p1a: Quaquaval|Close Combat|p2a: Alomomola
|-damage|p2a: Alomomola|26/100
|-unboost|p1a: Quaquaval|def|1
|-unboost|p1a: Quaquaval|spd|1
|move|p2a: Alomomola|Wish|p2a: Alomomola
|
|-heal|p2a: Alomomola|32/100|[from] item: Leftovers
|upkeep
|turn|11
|
|t:|1760764312
|move|p2a: Alomomola|Protect|p2a: Alomomola
|-singleturn|p2a: Alomomola|Protect
|move|p1a: Quaquaval|Close Combat|p2a: Alomomola
|-activate|p2a: Alomomola|move: Protect
|
|-heal|p2a: Alomomola|82/100|[from] move: Wish|[wisher] Alomomola
|-heal|p2a: Alomomola|88/100|[from] item: Leftovers
|upkeep
|turn|12
|
|t:|1760764317
|move|p1a: Quaquaval|Close Combat|p2a: Alomomola
|-damage|p2a: Alomomola|49/100
|-unboost|p1a: Quaquaval|def|1
|-unboost|p1a: Quaquaval|spd|1
|move|p2a: Alomomola|Scald|p1a: Quaquaval
|-resisted|p1a: Quaquaval
|-damage|p1a: Quaquaval|54/100
|
|-heal|p2a: Alomomola|55/100|[from] item: Leftovers
|upkeep
|turn|13
|
|t:|1760764329
|move|p1a: Quaquaval|Close Combat|p2a: Alomomola
|-damage|p2a: Alomomola|20/100
|-unboost|p1a: Quaquaval|def|1
|-unboost|p1a: Quaquaval|spd|1
|move|p2a: Alomomola|Wish|p2a: Alomomola
|
|-heal|p2a: Alomomola|27/100|[from] item: Leftovers
|upkeep
|turn|14
|
|t:|1760764333
|move|p2a: Alomomola|Protect|p2a: Alomomola
|-singleturn|p2a: Alomomola|Protect
|move|p1a: Quaquaval|Close Combat|p2a: Alomomola
|-activate|p2a: Alomomola|move: Protect
|
|-heal|p2a: Alomomola|77/100|[from] move: Wish|[wisher] Alomomola
|-heal|p2a: Alomomola|83/100|[from] item: Leftovers
|upkeep
|turn|15
|
|t:|1760764341
|move|p1a: Quaquaval|Close Combat|p2a: Alomomola
|-damage|p2a: Alomomola|48/100
|-unboost|p1a: Quaquaval|def|1
|-unboost|p1a: Quaquaval|spd|1
|move|p2a: Alomomola|Flip Turn|p1a: Quaquaval
|-resisted|p1a: Quaquaval
|-damage|p1a: Quaquaval|15/100
|
|t:|1760764348
|switch|p2a: Cinderace|Cinderace, F|100/100|[from] Flip Turn
|
|upkeep
|turn|16
|
|t:|1760764350
|-terastallize|p1a: Quaquaval|Steel
|move|p2a: Cinderace|Sucker Punch|p1a: Quaquaval
|-start|p2a: Cinderace|typechange|Dark|[from] ability: Libero
|-damage|p1a: Quaquaval|0 fnt
|faint|p1a: Quaquaval
|
|upkeep
|
|t:|1760764350
|switch|p1a: Iron Moth|Iron Moth|100/100
|-enditem|p1a: Iron Moth|Booster Energy
|-activate|p1a: Iron Moth|ability: Quark Drive|[fromitem]
|-start|p1a: Iron Moth|quarkdrivespe
|turn|17
|
|t:|1760764361
|move|p1a: Iron Moth|Dazzling Gleam|p2a: Cinderace
|-supereffective|p2a: Cinderace
|-damage|p2a: Cinderace|23/100
|move|p2a: Cinderace|U-turn|p1a: Iron Moth
|-resisted|p1a: Iron Moth
|-damage|p1a: Iron Moth|93/100
|
|t:|1760764380
|switch|p2a: Alomomola|Alomomola, F|81/100|[from] U-turn
|
|-heal|p2a: Alomomola|87/100|[from] item: Leftovers
|upkeep
|turn|18
|
|t:|1760764383
|move|p1a: Iron Moth|Sludge Wave|p2a: Alomomola
|-damage|p2a: Alomomola|30/100
|move|p2a: Alomomola|Scald|p1a: Iron Moth
|-supereffective|p1a: Iron Moth
|-damage|p1a: Iron Moth|63/100
|
|-heal|p2a: Alomomola|37/100|[from] item: Leftovers
|upkeep
|turn|19
|
|t:|1760764385
|move|p1a: Iron Moth|Sludge Wave|p2a: Alomomola
|-damage|p2a: Alomomola|0 fnt
|faint|p2a: Alomomola
|
|upkeep
|
|t:|1760764387
|switch|p2a: Cinderace|Cinderace, F|23/100
|turn|20
|
|t:|1760764390
|move|p2a: Cinderace|Sucker Punch|p1a: Iron Moth
|-start|p2a: Cinderace|typechange|Dark|[from] ability: Libero
|-damage|p1a: Iron Moth|14/100
|move|p1a: Iron Moth|Sludge Wave|p2a: Cinderace
|-damage|p2a: Cinderace|0 fnt
|faint|p2a: Cinderace
|
|win|HZBKAI3
|raw|HZBKAI3's rating: 1097 &rarr; <strong>1124</strong><br />(+27 for winning)
|raw|Sulley365's rating: 1112 &rarr; <strong>1086</strong><br />(-26 for losing)
|l|☆HZBKAI3
|player|p1|
|l|☆Sulley365
|player|p2|
