|j|☆pcjiaoda
|j|☆Jzcool
|t:|1760866015
|gametype|singles
|player|p1|pcjiaoda|lady|1323
|player|p2|Jzcool|mars|1335
|gen|9
|tier|[Gen 9] OU
|rated|
|rule|HP Percentage Mod: HP is shown in percentages
|rule|Endless Battle Clause: Forcing endless battles is banned
|rule|Species Clause: Limit one of each Pokémon
|rule|OHKO Clause: OHKO moves are banned
|rule|Evasion Items Clause: Evasion items are banned
|rule|Evasion Moves Clause: Evasion moves are banned
|rule|Evasion Abilities Clause: Evasion abilities are banned
|rule|Sleep Moves Clause: Sleep-inducing moves are banned
|clearpoke
|poke|p1|Torkoal, M|
|poke|p1|Gliscor, F|
|poke|p1|Zamazenta-*|
|poke|p1|Cresselia, F|
|poke|p1|Venusaur, F|
|poke|p1|Walking Wake|
|poke|p2|Ceruledge, M|
|poke|p2|Scizor, F|
|poke|p2|Dondozo, M|
|poke|p2|Dragonite, M|
|poke|p2|Raging Bolt|
|poke|p2|Great Tusk|
|teampreview
|inactive|Battle timer is ON: inactive players will automatically lose when time's up. (requested by pcjiaoda)
|
|t:|1760866026
|teamsize|p1|6
|teamsize|p2|6
|start
|switch|p1a: Walking Wake|Walking Wake|100/100
|switch|p2a: Tusk Act 4|Great Tusk|100/100
|turn|1
|
|t:|1760866044
|-end|p2a: Tusk Act 4|Protosynthesis|[silent]
|switch|p2a: 大鱼|Dondozo, M|100/100
|move|p1a: Walking Wake|Hydro Steam|p2a: 大鱼
|-resisted|p2a: 大鱼
|-damage|p2a: 大鱼|78/100
|
|upkeep
|turn|2
|
|t:|1760866052
|-end|p1a: Walking Wake|Protosynthesis|[silent]
|switch|p1a: Torkoal|Torkoal, M|100/100
|-weather|SunnyDay|[from] ability: Drought|[of] p1a: Torkoal
|move|p2a: 大鱼|Body Press|p1a: Torkoal
|-damage|p1a: Torkoal|88/100
|
|-weather|SunnyDay|[upkeep]
|upkeep
|turn|3
|
|t:|1760866062
|switch|p2a: Tusk Act 4|Great Tusk|100/100
|-activate|p2a: Tusk Act 4|ability: Protosynthesis
|-start|p2a: Tusk Act 4|protosynthesisatk
|move|p1a: Torkoal|Stealth Rock|p2a: Tusk Act 4
|-sidestart|p2: Jzcool|move: Stealth Rock
|
|-weather|SunnyDay|[upkeep]
|upkeep
|turn|4
|
|t:|1760866073
|switch|p1a: Cresselia|Cresselia, F|100/100
|move|p2a: Tusk Act 4|Stealth Rock|p1a: Cresselia
|-sidestart|p1: pcjiaoda|move: Stealth Rock
|
|-weather|SunnyDay|[upkeep]
|upkeep
|turn|5
|
|t:|1760866079
|move|p2a: Tusk Act 4|Rapid Spin|p1a: Cresselia
|-damage|p1a: Cresselia|87/100
|-boost|p2a: Tusk Act 4|spe|1
|-sideend|p2: Jzcool|Stealth Rock|[from] move: Rapid Spin|[of] p2a: Tusk Act 4
|move|p1a: Cresselia|Reflect|p1a: Cresselia
|-sidestart|p1: pcjiaoda|Reflect
|
|-weather|SunnyDay|[upkeep]
|-heal|p1a: Cresselia|93/100|[from] item: Leftovers
|upkeep
|turn|6
|
|t:|1760866091
|-end|p2a: Tusk Act 4|Protosynthesis|[silent]
|switch|p2a: Kasane Teto|Scizor, F|100/100
|move|p1a: Cresselia|Calm Mind|p1a: Cresselia
|-boost|p1a: Cresselia|spa|1
|-boost|p1a: Cresselia|spd|1
|
|-weather|SunnyDay|[upkeep]
|-heal|p1a: Cresselia|99/100|[from] item: Leftovers
|upkeep
|turn|7
|
|t:|1760866109
|move|p1a: Cresselia|Calm Mind|p1a: Cresselia
|-boost|p1a: Cresselia|spa|1
|-boost|p1a: Cresselia|spd|1
|move|p2a: Kasane Teto|U-turn|p1a: Cresselia
|-supereffective|p1a: Cresselia
|-damage|p1a: Cresselia|63/100
|
|t:|1760866116
|switch|p2a: Dragonite|Dragonite, M|100/100|[from] U-turn
|
|-weather|SunnyDay|[upkeep]
|-heal|p1a: Cresselia|69/100|[from] item: Leftovers
|upkeep
|turn|8
|
|t:|1760866126
|move|p2a: Dragonite|Dragon Dance|p2a: Dragonite
|-boost|p2a: Dragonite|atk|1
|-boost|p2a: Dragonite|spe|1
|move|p1a: Cresselia|Ice Beam|p2a: Dragonite
|-supereffective|p2a: Dragonite
|-damage|p2a: Dragonite|29/100
|
|-weather|SunnyDay|[upkeep]
|-heal|p1a: Cresselia|75/100|[from] item: Leftovers
|upkeep
|turn|9
|
|t:|1760866141
|move|p2a: Dragonite|Extreme Speed|p1a: Cresselia
|-damage|p1a: Cresselia|61/100
|move|p1a: Cresselia|Ice Beam|p2a: Dragonite
|-supereffective|p2a: Dragonite
|-damage|p2a: Dragonite|0 fnt
|faint|p2a: Dragonite
|
|-weather|none
|-heal|p1a: Cresselia|67/100|[from] item: Leftovers
|-sideend|p1: pcjiaoda|Reflect
|upkeep
|
|t:|1760866151
|switch|p2a: Kasane Teto|Scizor, F|100/100
|turn|10
|
|t:|1760866159
|switch|p1a: Torkoal|Torkoal, M|88/100
|-damage|p1a: Torkoal|63/100|[from] Stealth Rock
|-weather|SunnyDay|[from] ability: Drought|[of] p1a: Torkoal
|move|p2a: Kasane Teto|Knock Off|p1a: Torkoal
|-damage|p1a: Torkoal|33/100
|-enditem|p1a: Torkoal|Heat Rock|[from] move: Knock Off|[of] p2a: Kasane Teto
|
|-weather|SunnyDay|[upkeep]
|upkeep
|turn|11
|
|t:|1760866171
|switch|p2a: Neru|Raging Bolt|100/100
|-activate|p2a: Neru|ability: Protosynthesis
|-start|p2a: Neru|protosynthesisspa
|move|p1a: Torkoal|Rapid Spin|p2a: Neru
|-damage|p2a: Neru|91/100
|-boost|p1a: Torkoal|spe|1
|-sideend|p1: pcjiaoda|Stealth Rock|[from] move: Rapid Spin|[of] p1a: Torkoal
|
|-weather|SunnyDay|[upkeep]
|upkeep
|turn|12
|
|t:|1760866183
|switch|p1a: Gliscor|Gliscor, F|100/100
|move|p2a: Neru|Draco Meteor|p1a: Gliscor|[miss]
|-miss|p2a: Neru|p1a: Gliscor
|
|-weather|SunnyDay|[upkeep]
|-status|p1a: Gliscor|tox|[from] item: Toxic Orb
|upkeep
|turn|13
|
|t:|1760866193
|move|p1a: Gliscor|Earthquake|p2a: Neru
|-supereffective|p2a: Neru
|-damage|p2a: Neru|7/100
|move|p2a: Neru|Draco Meteor|p1a: Gliscor|[miss]
|-miss|p2a: Neru|p1a: Gliscor
|
|-weather|SunnyDay|[upkeep]
|upkeep
|turn|14
|c|☆pcjiaoda|emm
|c|☆Jzcool|the hell
|inactive|pcjiaoda has 120 seconds left.
|
|t:|1760866225
|-end|p2a: Neru|Protosynthesis|[silent]
|switch|p2a: 大鱼|Dondozo, M|78/100
|move|p1a: Gliscor|Earthquake|p2a: 大鱼
|-damage|p2a: 大鱼|55/100
|
|-weather|SunnyDay|[upkeep]
|upkeep
|turn|15
|c|☆Jzcool|showdown is testing my sanity atp
|
|t:|1760866236
|switch|p1a: Venusaur|Venusaur, F|100/100
|move|p2a: 大鱼|Curse|p2a: 大鱼
|-unboost|p2a: 大鱼|spe|1
|-boost|p2a: 大鱼|atk|1
|-boost|p2a: 大鱼|def|1
|
|-weather|SunnyDay|[upkeep]
|upkeep
|turn|16
|
|t:|1760866244
|move|p1a: Venusaur|Solar Beam||[still]
|-prepare|p1a: Venusaur|Solar Beam
|-anim|p1a: Venusaur|Solar Beam|p2a: 大鱼
|-supereffective|p2a: 大鱼
|-damage|p2a: 大鱼|0 fnt
|faint|p2a: 大鱼
|
|-weather|SunnyDay|[upkeep]
|upkeep
|
|t:|1760866253
|switch|p2a: Kasane Teto|Scizor, F|100/100
|turn|17
|
|t:|1760866257
|move|p1a: Venusaur|Weather Ball|p2a: Kasane Teto
|-supereffective|p2a: Kasane Teto
|-damage|p2a: Kasane Teto|0 fnt
|faint|p2a: Kasane Teto
|
|-weather|none
|upkeep
|
|t:|1760866265
|switch|p2a: Neru|Raging Bolt|7/100
|turn|18
|
|t:|1760866271
|move|p1a: Venusaur|Earth Power|p2a: Neru
|-supereffective|p2a: Neru
|-damage|p2a: Neru|0 fnt
|faint|p2a: Neru
|-end|p2a: Neru|Protosynthesis|[silent]
|
|upkeep
|
|t:|1760866276
|switch|p2a: Tusk Act 4|Great Tusk|100/100
|turn|19
|
|t:|1760866283
|switch|p1a: Torkoal|Torkoal, M|33/100
|-weather|SunnyDay|[from] ability: Drought|[of] p1a: Torkoal
|-activate|p2a: Tusk Act 4|ability: Protosynthesis
|-start|p2a: Tusk Act 4|protosynthesisatk
|move|p2a: Tusk Act 4|Stealth Rock|p1a: Torkoal
|-sidestart|p1: pcjiaoda|move: Stealth Rock
|
|-weather|SunnyDay|[upkeep]
|upkeep
|turn|20
|
|t:|1760866293
|move|p2a: Tusk Act 4|Headlong Rush|p1a: Torkoal
|-supereffective|p1a: Torkoal
|-damage|p1a: Torkoal|0 fnt
|-unboost|p2a: Tusk Act 4|def|1
|-unboost|p2a: Tusk Act 4|spd|1
|faint|p1a: Torkoal
|
|-weather|SunnyDay|[upkeep]
|upkeep
|
|t:|1760866303
|switch|p1a: Walking Wake|Walking Wake|100/100
|-damage|p1a: Walking Wake|88/100|[from] Stealth Rock
|-activate|p1a: Walking Wake|ability: Protosynthesis
|-start|p1a: Walking Wake|protosynthesisspa
|turn|21
|
|t:|1760866312
|move|p1a: Walking Wake|Hydro Steam|p2a: Tusk Act 4
|-supereffective|p2a: Tusk Act 4
|-damage|p2a: Tusk Act 4|0 fnt
|faint|p2a: Tusk Act 4
|-end|p2a: Tusk Act 4|Protosynthesis|[silent]
|
|-weather|SunnyDay|[upkeep]
|upkeep
|
|t:|1760866317
|switch|p2a: Silver Chariot|Ceruledge, M|100/100
|turn|22
|
|t:|1760866328
|move|p1a: Walking Wake|Hydro Steam|p2a: Silver Chariot
|-supereffective|p2a: Silver Chariot
|-enditem|p2a: Silver Chariot|Focus Sash
|-damage|p2a: Silver Chariot|1/100
|move|p2a: Silver Chariot|Swords Dance|p2a: Silver Chariot
|-boost|p2a: Silver Chariot|atk|2
|
|-weather|SunnyDay|[upkeep]
|upkeep
|turn|23
|
|t:|1760866337
|move|p2a: Silver Chariot|Shadow Sneak|p1a: Walking Wake
|-damage|p1a: Walking Wake|45/100
|move|p1a: Walking Wake|Hydro Steam|p2a: Silver Chariot
|-supereffective|p2a: Silver Chariot
|-crit|p2a: Silver Chariot
|-damage|p2a: Silver Chariot|0 fnt
|faint|p2a: Silver Chariot
|
|win|pcjiaoda
|raw|pcjiaoda's rating: 1323 &rarr; <strong>1344</strong><br />(+21 for winning)
|raw|Jzcool's rating: 1335 &rarr; <strong>1314</strong><br />(-21 for losing)
|l|☆Jzcool
|player|p2|
|c|☆pcjiaoda|gg
