|j|☆MonsterZogg
|j|☆darknflylikehonch
|t:|1760800604
|gametype|singles
|player|p1|MonsterZogg|pokemonrangerf|1148
|player|p2|darknflylikehonch|2|1180
|gen|9
|tier|[Gen 9] OU
|rated|
|rule|HP Percentage Mod: HP is shown in percentages
|rule|Endless Battle Clause: Forcing endless battles is banned
|rule|Species Clause: Limit one of each Pokémon
|rule|OHKO Clause: OHKO moves are banned
|rule|Evasion Items Clause: Evasion items are banned
|rule|Evasion Moves Clause: Evasion moves are banned
|rule|Evasion Abilities Clause: Evasion abilities are banned
|rule|Sleep Moves Clause: Sleep-inducing moves are banned
|clearpoke
|poke|p1|Haxorus, F|
|poke|p1|Salamence, M|
|poke|p1|Goodra, F|
|poke|p1|Garchomp, F|
|poke|p1|Arbok, M|
|poke|p1|Dragonite, M|
|poke|p2|Deoxys-Speed|
|poke|p2|Ursaluna, M|
|poke|p2|Rillaboom, M|
|poke|p2|Samurott-Hisui, M|
|poke|p2|Landorus-Therian, M|
|poke|p2|Gholdengo|
|teampreview
|
|t:|1760800628
|teamsize|p1|6
|teamsize|p2|6
|start
|switch|p1a: Goodra|Goodra, F|100/100
|switch|p2a: Deoxys|Deoxys-Speed|100/100
|-ability|p2a: Deoxys|Pressure
|turn|1
|inactive|Battle timer is ON: inactive players will automatically lose when time's up. (requested by darknflylikehonch)
|
|t:|1760800678
|move|p2a: Deoxys|Stealth Rock|p1a: Goodra
|-sidestart|p1: MonsterZogg|move: Stealth Rock
|move|p1a: Goodra|Sludge Bomb|p2a: Deoxys
|-damage|p2a: Deoxys|57/100
|-status|p2a: Deoxys|psn
|
|-damage|p2a: Deoxys|45/100 psn|[from] psn
|upkeep
|turn|2
|
|t:|1760800693
|move|p2a: Deoxys|Reflect|p2a: Deoxys
|-sidestart|p2: darknflylikehonch|Reflect
|move|p1a: Goodra|Ice Beam|p2a: Deoxys
|-damage|p2a: Deoxys|0 fnt
|faint|p2a: Deoxys
|
|upkeep
|
|t:|1760800701
|switch|p2a: Samurott|Samurott-Hisui, M|100/100
|turn|3
|
|t:|1760800705
|move|p2a: Samurott|Ceaseless Edge|p1a: Goodra
|-damage|p1a: Goodra|36/100
|-ability|p1a: Goodra|Gooey
|-unboost|p2a: Samurott|spe|1
|-sidestart|p1: MonsterZogg|Spikes
|move|p1a: Goodra|Thunderbolt|p2a: Samurott
|-supereffective|p2a: Samurott
|-damage|p2a: Samurott|10/100
|
|upkeep
|turn|4
|
|t:|1760800708
|move|p1a: Goodra|Thunderbolt|p2a: Samurott
|-supereffective|p2a: Samurott
|-damage|p2a: Samurott|0 fnt
|faint|p2a: Samurott
|
|upkeep
|
|t:|1760800727
|switch|p2a: Ursaluna|Ursaluna, M|100/100
|turn|5
|
|t:|1760800745
|move|p1a: Goodra|Ice Beam|p2a: Ursaluna
|-supereffective|p2a: Ursaluna
|-crit|p2a: Ursaluna
|-damage|p2a: Ursaluna|15/100
|move|p2a: Ursaluna|Swords Dance|p2a: Ursaluna
|-boost|p2a: Ursaluna|atk|2
|
|-status|p2a: Ursaluna|brn|[from] item: Flame Orb
|upkeep
|turn|6
|
|t:|1760800758
|switch|p2a: Gholdengo|Gholdengo|100/100
|-item|p2a: Gholdengo|Air Balloon
|move|p1a: Goodra|Ice Beam|p2a: Gholdengo
|-resisted|p2a: Gholdengo
|-damage|p2a: Gholdengo|84/100
|-enditem|p2a: Gholdengo|Air Balloon
|
|upkeep
|turn|7
|
|t:|1760800761
|move|p2a: Gholdengo|Make It Rain|p1a: Goodra
|-damage|p1a: Goodra|10/100
|-unboost|p2a: Gholdengo|spa|1
|move|p1a: Goodra|Flamethrower|p2a: Gholdengo
|-supereffective|p2a: Gholdengo
|-damage|p2a: Gholdengo|11/100
|
|upkeep
|turn|8
|
|t:|1760800764
|move|p2a: Gholdengo|Make It Rain|p1a: Goodra
|-damage|p1a: Goodra|0 fnt
|-unboost|p2a: Gholdengo|spa|1
|faint|p1a: Goodra
|
|upkeep
|
|t:|1760800782
|switch|p1a: Salamence|Salamence, M|100/100
|-damage|p1a: Salamence|75/100|[from] Stealth Rock
|turn|9
|
|t:|1760800791
|move|p1a: Salamence|Dragon Dance|p1a: Salamence
|-boost|p1a: Salamence|atk|1
|-boost|p1a: Salamence|spe|1
|move|p2a: Gholdengo|Thunder Wave|p1a: Salamence
|-status|p1a: Salamence|par
|-enditem|p1a: Salamence|Lum Berry|[eat]
|-curestatus|p1a: Salamence|par|[msg]
|
|-sideend|p2: darknflylikehonch|Reflect
|upkeep
|turn|10
|
|t:|1760800799
|move|p1a: Salamence|Earthquake|p2a: Gholdengo
|-supereffective|p2a: Gholdengo
|-damage|p2a: Gholdengo|0 fnt
|faint|p2a: Gholdengo
|-ability|p1a: Salamence|Moxie|boost
|-boost|p1a: Salamence|atk|1
|
|upkeep
|
|t:|1760800806
|switch|p2a: Landorus|Landorus-Therian, M|100/100
|-ability|p2a: Landorus|Intimidate|boost
|-unboost|p1a: Salamence|atk|1
|turn|11
|-message|darknflylikehonch forfeited.
|
|win|MonsterZogg
|raw|MonsterZogg's rating: 1148 &rarr; <strong>1175</strong><br />(+27 for winning)
|raw|darknflylikehonch's rating: 1180 &rarr; <strong>1153</strong><br />(-27 for losing)
|l|☆darknflylikehonch
|player|p2|
