|j|☆SpongeGar & Patar
|j|☆shockmoth
|t:|1760747834
|gametype|singles
|player|p1|SpongeGar & Patar|101|1847
|player|p2|shockmoth|wattson|1785
|gen|9
|tier|[Gen 9] OU
|rated|
|rule|HP Percentage Mod: HP is shown in percentages
|rule|Endless Battle Clause: Forcing endless battles is banned
|rule|Species Clause: Limit one of each Pokémon
|rule|OHKO Clause: OHKO moves are banned
|rule|Evasion Items Clause: Evasion items are banned
|rule|Evasion Moves Clause: Evasion moves are banned
|rule|Evasion Abilities Clause: Evasion abilities are banned
|rule|Sleep Moves Clause: Sleep-inducing moves are banned
|clearpoke
|poke|p1|Kyurem|
|poke|p1|Corviknight, F|
|poke|p1|Ting-Lu|
|poke|p1|Dondozo, M|
|poke|p1|Slowking-Galar, L99, M|
|poke|p1|Cinderace, F|
|poke|p2|Frosmoth, F|
|poke|p2|Pincurchin, M|
|poke|p2|Raichu-Alola, F|
|poke|p2|Iron Hands|
|poke|p2|Rotom-Wash|
|poke|p2|Pawmot, F|
|teampreview
|inactive|Battle timer is ON: inactive players will automatically lose when time's up. (requested by shockmoth)
|inactive|SpongeGar & Patar has 120 seconds left.
|
|t:|1760747884
|teamsize|p1|6
|teamsize|p2|6
|start
|switch|p1a: Cinderace|Cinderace, F|100/100
|switch|p2a: OH YEAH!!! YEAH!!|Pincurchin, M|100/100
|-fieldstart|move: Electric Terrain|[from] ability: Electric Surge|[of] p2a: OH YEAH!!! YEAH!!
|turn|1
|inactive|SpongeGar & Patar also wants the timer to be on.
|inactive|SpongeGar & Patar has 120 seconds left.
|inactive|shockmoth has 120 seconds left.
|
|t:|1760747933
|move|p1a: Cinderace|Pyro Ball|p2a: OH YEAH!!! YEAH!!
|-damage|p2a: OH YEAH!!! YEAH!!|46/100
|move|p2a: OH YEAH!!! YEAH!!|Supercell Slam|p1a: Cinderace
|-damage|p1a: Cinderace|25/100
|
|upkeep
|turn|2
|inactive|SpongeGar & Patar has 90 seconds left.
|
|t:|1760747983
|move|p2a: OH YEAH!!! YEAH!!|Sucker Punch|p1a: Cinderace
|-damage|p1a: Cinderace|0 fnt
|faint|p1a: Cinderace
|
|upkeep
|inactive|SpongeGar & Patar has 60 seconds left.
|j| Finkachu
|inactive|SpongeGar & Patar has 30 seconds left.
|
|t:|1760748032
|switch|p1a: Slowking|Slowking-Galar, L99, M|100/100
|turn|3
|inactive|SpongeGar & Patar has 30 seconds left.
|
|t:|1760748048
|move|p1a: Slowking|Future Sight|p2a: OH YEAH!!! YEAH!!
|-start|p1a: Slowking|move: Future Sight
|move|p2a: OH YEAH!!! YEAH!!|Supercell Slam|p1a: Slowking
|-damage|p1a: Slowking|34/100
|
|upkeep
|turn|4
|
|t:|1760748058
|switch|p1a: Ting-Lu|Ting-Lu|100/100
|-ability|p1a: Ting-Lu|Vessel of Ruin
|move|p2a: OH YEAH!!! YEAH!!|Sucker Punch||[still]
|-fail|p2a: OH YEAH!!! YEAH!!
|
|upkeep
|turn|5
|
|t:|1760748068
|switch|p2a: Finger Eleven|Frosmoth, F, shiny|100/100
|move|p1a: Ting-Lu|Earthquake|p2a: Finger Eleven
|-resisted|p2a: Finger Eleven
|-damage|p2a: Finger Eleven|71/100
|
|-end|p2a: Finger Eleven|move: Future Sight
|-damage|p2a: Finger Eleven|52/100
|upkeep
|turn|6
|
|t:|1760748078
|switch|p2a: William O' Wisp|Rotom-Wash|100/100
|move|p1a: Ting-Lu|Earthquake|p2a: William O' Wisp
|-immune|p2a: William O' Wisp|[from] ability: Levitate
|
|upkeep
|turn|7
|
|t:|1760748088
|switch|p1a: Kyurem|Kyurem|100/100
|-ability|p1a: Kyurem|Pressure
|move|p2a: William O' Wisp|Reflect|p2a: William O' Wisp
|-sidestart|p2: shockmoth|Reflect
|
|upkeep
|turn|8
|
|t:|1760748097
|switch|p2a: Finger Eleven|Frosmoth, F, shiny|52/100
|move|p1a: Kyurem|Freeze-Dry|p2a: Finger Eleven
|-resisted|p2a: Finger Eleven
|-damage|p2a: Finger Eleven|41/100
|
|-fieldend|move: Electric Terrain
|upkeep
|turn|9
|
|t:|1760748108
|switch|p1a: Slowking|Slowking-Galar, L99, M|67/100
|move|p2a: Finger Eleven|Quiver Dance|p2a: Finger Eleven
|-boost|p2a: Finger Eleven|spa|1
|-boost|p2a: Finger Eleven|spd|1
|-boost|p2a: Finger Eleven|spe|1
|
|upkeep
|turn|10
|
|t:|1760748117
|move|p2a: Finger Eleven|Quiver Dance|p2a: Finger Eleven
|-boost|p2a: Finger Eleven|spa|1
|-boost|p2a: Finger Eleven|spd|1
|-boost|p2a: Finger Eleven|spe|1
|move|p1a: Slowking|Future Sight|p2a: Finger Eleven
|-start|p1a: Slowking|move: Future Sight
|
|upkeep
|turn|11
|inactive|SpongeGar & Patar has 60 seconds left.
|
|t:|1760748127
|switch|p1a: Dondozo|Dondozo, M|100/100
|move|p2a: Finger Eleven|Ice Beam|p1a: Dondozo
|-resisted|p1a: Dondozo
|-damage|p1a: Dondozo|80/100
|
|-heal|p1a: Dondozo|86/100|[from] item: Leftovers
|upkeep
|turn|12
|j| nonchalantbufalant
|
|t:|1760748136
|switch|p1a: Slowking|Slowking-Galar, L99, M|99/100
|move|p2a: Finger Eleven|Ice Beam|p1a: Slowking
|-damage|p1a: Slowking|45/100
|
|-end|p2a: Finger Eleven|move: Future Sight
|-damage|p2a: Finger Eleven|27/100
|upkeep
|turn|13
|c| nonchalantbufalant|Start digging twin
|
|t:|1760748146
|switch|p1a: Dondozo|Dondozo, M|86/100
|move|p2a: Finger Eleven|Ice Beam|p1a: Dondozo
|-resisted|p1a: Dondozo
|-damage|p1a: Dondozo|65/100
|
|-heal|p1a: Dondozo|71/100|[from] item: Leftovers
|upkeep
|turn|14
|j| meowscardaily
|
|t:|1760748156
|move|p2a: Finger Eleven|Ice Beam|p1a: Dondozo
|-resisted|p1a: Dondozo
|-damage|p1a: Dondozo|51/100
|move|p1a: Dondozo|Body Press|p2a: Finger Eleven
|-damage|p2a: Finger Eleven|4/100
|
|-heal|p1a: Dondozo|57/100|[from] item: Leftovers
|-sideend|p2: shockmoth|Reflect
|upkeep
|turn|15
|
|t:|1760748166
|-terastallize|p2a: Finger Eleven|Electric
|move|p2a: Finger Eleven|Tera Blast|p1a: Dondozo|[anim] Tera Blast Electric
|-supereffective|p1a: Dondozo
|-damage|p1a: Dondozo|0 fnt
|faint|p1a: Dondozo
|
|upkeep
|
|t:|1760748176
|switch|p1a: Kyurem|Kyurem|100/100
|-ability|p1a: Kyurem|Pressure
|turn|16
|
|t:|1760748185
|move|p1a: Kyurem|Protect|p1a: Kyurem
|-singleturn|p1a: Kyurem|Protect
|move|p2a: Finger Eleven|Ice Beam|p1a: Kyurem
|-activate|p1a: Kyurem|move: Protect
|
|upkeep
|turn|17
|
|t:|1760748194
|move|p2a: Finger Eleven|Ice Beam|p1a: Kyurem
|-damage|p1a: Kyurem|23/100
|move|p1a: Kyurem|Freeze-Dry|p2a: Finger Eleven
|-damage|p2a: Finger Eleven|0 fnt
|faint|p2a: Finger Eleven
|
|-heal|p1a: Kyurem|29/100|[from] item: Leftovers
|upkeep
|
|t:|1760748202
|switch|p2a: Iron Deficiency|Iron Hands|100/100
|turn|18
|
|t:|1760748212
|move|p1a: Kyurem|Protect|p1a: Kyurem
|-singleturn|p1a: Kyurem|Protect
|move|p2a: Iron Deficiency|Swords Dance|p2a: Iron Deficiency
|-boost|p2a: Iron Deficiency|atk|2
|
|-heal|p1a: Kyurem|35/100|[from] item: Leftovers
|upkeep
|turn|19
|inactive|SpongeGar & Patar has 90 seconds left.
|inactive|SpongeGar & Patar has 60 seconds left.
|
|t:|1760748261
|-terastallize|p1a: Kyurem|Ground
|move|p1a: Kyurem|Substitute|p1a: Kyurem
|-start|p1a: Kyurem|Substitute
|-damage|p1a: Kyurem|10/100
|move|p2a: Iron Deficiency|Drain Punch|p1a: Kyurem
|-end|p1a: Kyurem|Substitute
|
|-heal|p1a: Kyurem|16/100|[from] item: Leftovers
|upkeep
|turn|20
|l| meowscardaily
|inactive|SpongeGar & Patar has 60 seconds left.
|inactive|SpongeGar & Patar has 30 seconds left.
|-activate|p2a: Iron Deficiency|item: Quick Claw
|
|t:|1760748309
|move|p2a: Iron Deficiency|Ice Punch|p1a: Kyurem
|-supereffective|p1a: Kyurem
|-damage|p1a: Kyurem|0 fnt
|faint|p1a: Kyurem
|
|upkeep
|inactive|SpongeGar & Patar has 30 seconds left this turn.
|
|t:|1760748319
|switch|p1a: Corviknight|Corviknight, F|100/100
|-ability|p1a: Corviknight|Pressure
|turn|21
|inactive|SpongeGar & Patar has 30 seconds left.
|
|t:|1760748330
|move|p1a: Corviknight|U-turn|p2a: Iron Deficiency
|-resisted|p2a: Iron Deficiency
|-damage|p2a: Iron Deficiency|96/100
|inactive|SpongeGar & Patar has 30 seconds left.
|
|t:|1760748340
|switch|p1a: Slowking|Slowking-Galar, L99, M|78/100|[from] U-turn
|move|p2a: Iron Deficiency|Drain Punch|p1a: Slowking
|-resisted|p1a: Slowking
|-damage|p1a: Slowking|56/100
|-heal|p2a: Iron Deficiency|100/100|[from] drain|[of] p1a: Slowking
|
|upkeep
|turn|22
|
|t:|1760748350
|switch|p1a: Corviknight|Corviknight, F|100/100
|-ability|p1a: Corviknight|Pressure
|move|p2a: Iron Deficiency|Swords Dance|p2a: Iron Deficiency
|-boost|p2a: Iron Deficiency|atk|2
|
|upkeep
|turn|23
|
|t:|1760748359
|move|p1a: Corviknight|U-turn|p2a: Iron Deficiency
|-resisted|p2a: Iron Deficiency
|-damage|p2a: Iron Deficiency|96/100
|
|t:|1760748369
|switch|p1a: Ting-Lu|Ting-Lu|100/100|[from] U-turn
|-ability|p1a: Ting-Lu|Vessel of Ruin
|move|p2a: Iron Deficiency|Swords Dance|p2a: Iron Deficiency
|-boost|p2a: Iron Deficiency|atk|2
|
|upkeep
|turn|24
|c|☆shockmoth|These bot accounts are wild man
|
|t:|1760748377
|switch|p1a: Slowking|Slowking-Galar, L99, M|89/100
|move|p2a: Iron Deficiency|Drain Punch|p1a: Slowking
|-resisted|p1a: Slowking
|-damage|p1a: Slowking|41/100
|-heal|p2a: Iron Deficiency|100/100|[from] drain|[of] p1a: Slowking
|
|upkeep
|turn|25
|-activate|p2a: Iron Deficiency|item: Quick Claw
|
|t:|1760748386
|switch|p1a: Corviknight|Corviknight, F|100/100
|-ability|p1a: Corviknight|Pressure
|move|p2a: Iron Deficiency|Drain Punch|p1a: Corviknight
|-damage|p1a: Corviknight|0 fnt
|-damage|p2a: Iron Deficiency|84/100|[from] item: Rocky Helmet|[of] p1a: Corviknight
|faint|p1a: Corviknight
|
|upkeep
|
|t:|1760748394
|switch|p1a: Ting-Lu|Ting-Lu|100/100
|-ability|p1a: Ting-Lu|Vessel of Ruin
|turn|26
|
|t:|1760748400
|move|p2a: Iron Deficiency|Drain Punch|p1a: Ting-Lu
|-supereffective|p1a: Ting-Lu
|-damage|p1a: Ting-Lu|0 fnt
|-heal|p2a: Iron Deficiency|100/100|[from] drain|[of] p1a: Ting-Lu
|faint|p1a: Ting-Lu
|
|upkeep
|
|t:|1760748406
|switch|p1a: Slowking|Slowking-Galar, L99, M|74/100
|turn|27
|
|t:|1760748410
|move|p2a: Iron Deficiency|Drain Punch|p1a: Slowking
|-resisted|p1a: Slowking
|-damage|p1a: Slowking|24/100
|move|p1a: Slowking|Sludge Bomb|p2a: Iron Deficiency
|-damage|p2a: Iron Deficiency|67/100
|-status|p2a: Iron Deficiency|psn
|
|-damage|p2a: Iron Deficiency|54/100 psn|[from] psn
|upkeep
|turn|28
|
|t:|1760748415
|move|p2a: Iron Deficiency|Drain Punch|p1a: Slowking
|-resisted|p1a: Slowking
|-damage|p1a: Slowking|0 fnt
|-heal|p2a: Iron Deficiency|64/100 psn|[from] drain|[of] p1a: Slowking
|faint|p1a: Slowking
|
|win|shockmoth
|raw|SpongeGar &amp; Patar's rating: 1847 &rarr; <strong>1823</strong><br />(-24 for losing)
|raw|shockmoth's rating: 1785 &rarr; <strong>1809</strong><br />(+24 for winning)
|l|☆SpongeGar & Patar
|player|p1|
|l| nonchalantbufalant
