|j|☆omari p
|j|☆Catalyxx
|t:|1760750112
|gametype|singles
|player|p1|omari p|pokemonrangerf|1532
|player|p2|Catalyxx|grimsley-gen7|1633
|gen|9
|tier|[Gen 9] OU
|rated|
|rule|HP Percentage Mod: HP is shown in percentages
|rule|Endless Battle Clause: Forcing endless battles is banned
|rule|Species Clause: Limit one of each Pokémon
|rule|OHKO Clause: OHKO moves are banned
|rule|Evasion Items Clause: Evasion items are banned
|rule|Evasion Moves Clause: Evasion moves are banned
|rule|Evasion Abilities Clause: Evasion abilities are banned
|rule|Sleep Moves Clause: Sleep-inducing moves are banned
|clearpoke
|poke|p1|Cinderace, M|
|poke|p1|Volcanion|
|poke|p1|Torkoal, M|
|poke|p1|Mandibuzz, F|
|poke|p1|Great Tusk|
|poke|p1|Fezandipiti, M|
|poke|p2|Dragapult, M|
|poke|p2|Kingambit, F|
|poke|p2|Landorus-Therian, M|
|poke|p2|Glimmora, F|
|poke|p2|Iron Valiant|
|poke|p2|Samurott-Hisui, F|
|teampreview
|inactive|Battle timer is ON: inactive players will automatically lose when time's up. (requested by omari p)
|
|t:|1760750140
|teamsize|p1|6
|teamsize|p2|6
|start
|switch|p1a: Torkoal|Torkoal, M, shiny|100/100
|switch|p2a: Glimmora|Glimmora, F|100/100
|-weather|SunnyDay|[from] ability: Drought|[of] p1a: Torkoal
|turn|1
|inactive|omari p has 120 seconds left.
|
|t:|1760750179
|move|p2a: Glimmora|Stealth Rock|p1a: Torkoal
|-sidestart|p1: omari p|move: Stealth Rock
|move|p1a: Torkoal|Earth Power|p2a: Glimmora
|-supereffective|p2a: Glimmora
|-damage|p2a: Glimmora|0 fnt
|faint|p2a: Glimmora
|
|-weather|SunnyDay|[upkeep]
|upkeep
|
|t:|1760750188
|switch|p2a: Landorus|Landorus-Therian, M|100/100
|-ability|p2a: Landorus|Intimidate|boost
|-unboost|p1a: Torkoal|atk|1
|turn|2
|inactive|omari p has 120 seconds left.
|
|t:|1760750214
|move|p2a: Landorus|Stone Edge|p1a: Torkoal|[miss]
|-miss|p2a: Landorus|p1a: Torkoal
|move|p1a: Torkoal|Rapid Spin|p2a: Landorus
|-damage|p2a: Landorus|94/100
|-boost|p1a: Torkoal|spe|1
|-sideend|p1: omari p|Stealth Rock|[from] move: Rapid Spin|[of] p1a: Torkoal
|
|-weather|SunnyDay|[upkeep]
|upkeep
|turn|3
|
|t:|1760750218
|move|p2a: Landorus|U-turn|p1a: Torkoal
|-resisted|p1a: Torkoal
|-damage|p1a: Torkoal|92/100
|
|t:|1760750228
|switch|p2a: Samurott|Samurott-Hisui, F|100/100|[from] U-turn
|move|p1a: Torkoal|Stealth Rock|p2a: Samurott
|-sidestart|p2: Catalyxx|move: Stealth Rock
|
|-weather|SunnyDay|[upkeep]
|upkeep
|turn|4
|
|t:|1760750237
|switch|p1a: Great Tusk|Great Tusk, shiny|100/100
|-activate|p1a: Great Tusk|ability: Protosynthesis
|-start|p1a: Great Tusk|protosynthesisatk
|move|p2a: Samurott|Swords Dance|p2a: Samurott
|-boost|p2a: Samurott|atk|2
|
|-weather|SunnyDay|[upkeep]
|upkeep
|turn|5
|
|t:|1760750253
|move|p1a: Great Tusk|Close Combat|p2a: Samurott
|-supereffective|p2a: Samurott
|-damage|p2a: Samurott|0 fnt
|-unboost|p1a: Great Tusk|def|1
|-unboost|p1a: Great Tusk|spd|1
|faint|p2a: Samurott
|
|-weather|SunnyDay|[upkeep]
|upkeep
|
|t:|1760750269
|switch|p2a: Dragapult|Dragapult, M|100/100
|turn|6
|
|t:|1760750293
|-end|p1a: Great Tusk|Protosynthesis|[silent]
|switch|p1a: Fezandipiti|Fezandipiti, M|100/100
|move|p2a: Dragapult|U-turn|p1a: Fezandipiti
|-resisted|p1a: Fezandipiti
|-damage|p1a: Fezandipiti|97/100
|
|t:|1760750306
|switch|p2a: Landorus|Landorus-Therian, M|94/100|[from] U-turn
|-damage|p2a: Landorus|82/100|[from] Stealth Rock
|-ability|p2a: Landorus|Intimidate|boost
|-unboost|p1a: Fezandipiti|atk|1
|
|-weather|SunnyDay|[upkeep]
|-heal|p1a: Fezandipiti|100/100|[from] item: Leftovers
|upkeep
|turn|7
|inactive|omari p has 120 seconds left.
|inactive|omari p has 90 seconds left.
|inactive|omari p has 60 seconds left.
|inactive|omari p has 30 seconds left.
|inactive|omari p has 20 seconds left.
|inactive|omari p has 15 seconds left.
|inactive|omari p has 10 seconds left.
|inactive|omari p has 5 seconds left.
|-message|omari p lost due to inactivity.
|
|win|Catalyxx
|raw|omari p's rating: 1532 &rarr; <strong>1518</strong><br />(-14 for losing)
|raw|Catalyxx's rating: 1633 &rarr; <strong>1647</strong><br />(+14 for winning)
|l|☆Catalyxx
|player|p2|
