|j|☆toyourtown
|j|☆PrunJus
|t:|1760750100
|gametype|singles
|player|p1|toyourtown|boarder|1199
|player|p2|PrunJus|preschooler|1187
|gen|9
|tier|[Gen 9] OU
|rated|
|rule|HP Percentage Mod: HP is shown in percentages
|rule|Endless Battle Clause: Forcing endless battles is banned
|rule|Species Clause: Limit one of each Pokémon
|rule|OHKO Clause: OHKO moves are banned
|rule|Evasion Items Clause: Evasion items are banned
|rule|Evasion Moves Clause: Evasion moves are banned
|rule|Evasion Abilities Clause: Evasion abilities are banned
|rule|Sleep Moves Clause: Sleep-inducing moves are banned
|clearpoke
|poke|p1|Ting-Lu|
|poke|p1|Zamazenta-*|
|poke|p1|Kingambit, M|
|poke|p1|Garganacl, M|
|poke|p1|Iron Valiant|
|poke|p1|Gholdengo|
|poke|p2|Glimmora, M|
|poke|p2|Toxapex, F|
|poke|p2|Mismagius, F|
|poke|p2|Hydreigon, M|
|poke|p2|Ninetales-Alola, M|
|poke|p2|Rhyperior, M|
|teampreview
|inactive|Battle timer is ON: inactive players will automatically lose when time's up. (requested by toyourtown)
|
|t:|1760750113
|teamsize|p1|6
|teamsize|p2|6
|start
|switch|p1a: Ting-Lu|Ting-Lu|100/100
|switch|p2a: Jimmy|Glimmora, M|100/100
|-ability|p1a: Ting-Lu|Vessel of Ruin
|turn|1
|
|t:|1760750122
|move|p2a: Jimmy|Toxic Spikes|p1a: Ting-Lu
|-sidestart|p1: toyourtown|move: Toxic Spikes
|move|p1a: Ting-Lu|Earthquake|p2a: Jimmy
|-supereffective|p2a: Jimmy
|-enditem|p2a: Jimmy|Focus Sash
|-damage|p2a: Jimmy|1/100
|
|upkeep
|turn|2
|
|t:|1760750137
|move|p2a: Jimmy|Toxic Spikes|p1a: Ting-Lu
|-sidestart|p1: toyourtown|move: Toxic Spikes
|move|p1a: Ting-Lu|Spikes|p2a: Jimmy
|-sidestart|p2: PrunJus|Spikes
|
|upkeep
|turn|3
|
|t:|1760750142
|move|p2a: Jimmy|Mortal Spin|p1a: Ting-Lu
|-resisted|p1a: Ting-Lu
|-damage|p1a: Ting-Lu|99/100
|-status|p1a: Ting-Lu|psn
|-sideend|p2: PrunJus|Spikes|[from] move: Mortal Spin|[of] p2a: Jimmy
|move|p1a: Ting-Lu|Earthquake|p2a: Jimmy
|-supereffective|p2a: Jimmy
|-damage|p2a: Jimmy|0 fnt
|faint|p2a: Jimmy
|
|-heal|p1a: Ting-Lu|100/100 psn|[from] item: Leftovers
|-damage|p1a: Ting-Lu|88/100 psn|[from] psn
|upkeep
|
|t:|1760750158
|switch|p2a: He's gonna kill|Toxapex, F|100/100
|turn|4
|
|t:|1760750174
|move|p1a: Ting-Lu|Spikes|p2a: He's gonna kill
|-sidestart|p2: PrunJus|Spikes
|move|p2a: He's gonna kill|Ice Beam|p1a: Ting-Lu
|-supereffective|p1a: Ting-Lu
|-crit|p1a: Ting-Lu
|-damage|p1a: Ting-Lu|62/100 psn
|
|-heal|p1a: Ting-Lu|68/100 psn|[from] item: Leftovers
|-damage|p1a: Ting-Lu|55/100 psn|[from] psn
|upkeep
|turn|5
|
|t:|1760750187
|move|p1a: Ting-Lu|Spikes|p2a: He's gonna kill
|-sidestart|p2: PrunJus|Spikes
|move|p2a: He's gonna kill|Hydro Pump|p1a: Ting-Lu
|-supereffective|p1a: Ting-Lu
|-crit|p1a: Ting-Lu
|-damage|p1a: Ting-Lu|8/100 psn
|
|-heal|p1a: Ting-Lu|14/100 psn|[from] item: Leftovers
|-damage|p1a: Ting-Lu|2/100 psn|[from] psn
|upkeep
|turn|6
|
|t:|1760750201
|switch|p2a: foundway2horndrill|Rhyperior, M|100/100
|-damage|p2a: foundway2horndrill|84/100|[from] Spikes
|move|p1a: Ting-Lu|Spikes|p2a: foundway2horndrill
|-sidestart|p2: PrunJus|Spikes
|
|-heal|p1a: Ting-Lu|8/100 psn|[from] item: Leftovers
|-damage|p1a: Ting-Lu|0 fnt|[from] psn
|faint|p1a: Ting-Lu
|upkeep
|c|☆PrunJus|heh
|
|t:|1760750213
|switch|p1a: Zamazenta|Zamazenta|100/100
|-status|p1a: Zamazenta|tox
|-ability|p1a: Zamazenta|Dauntless Shield|boost
|-boost|p1a: Zamazenta|def|1
|turn|7
|c|☆PrunJus|horn driller
|
|t:|1760750229
|switch|p2a: MUSTARDDD|Mismagius, F, shiny|100/100
|move|p1a: Zamazenta|Iron Defense|p1a: Zamazenta
|-boost|p1a: Zamazenta|def|2
|
|-damage|p1a: Zamazenta|95/100 tox|[from] psn
|upkeep
|turn|8
|
|t:|1760750244
|move|p1a: Zamazenta|Crunch|p2a: MUSTARDDD
|-supereffective|p2a: MUSTARDDD
|-damage|p2a: MUSTARDDD|18/100
|move|p2a: MUSTARDDD|Will-O-Wisp||[still]
|-fail|p2a: MUSTARDDD
|
|-heal|p1a: Zamazenta|100/100 tox|[from] item: Leftovers
|-damage|p1a: Zamazenta|89/100 tox|[from] psn
|upkeep
|turn|9
|c|☆PrunJus|aww
|
|t:|1760750256
|move|p1a: Zamazenta|Crunch|p2a: MUSTARDDD
|-supereffective|p2a: MUSTARDDD
|-damage|p2a: MUSTARDDD|0 fnt
|faint|p2a: MUSTARDDD
|
|-heal|p1a: Zamazenta|95/100 tox|[from] item: Leftovers
|-damage|p1a: Zamazenta|77/100 tox|[from] psn
|upkeep
|
|t:|1760750264
|switch|p2a: My setup|Hydreigon, M|100/100
|turn|10
|
|t:|1760750269
|switch|p1a: Iron Valiant|Iron Valiant|100/100
|move|p2a: My setup|Scale Shot|p1a: Iron Valiant
|-immune|p1a: Iron Valiant
|
|upkeep
|turn|11
|
|t:|1760750289
|switch|p2a: foundway2horndrill|Rhyperior, M|84/100
|-damage|p2a: foundway2horndrill|59/100|[from] Spikes
|move|p1a: Iron Valiant|Moonblast|p2a: foundway2horndrill
|-damage|p2a: foundway2horndrill|0 fnt
|faint|p2a: foundway2horndrill
|
|upkeep
|
|t:|1760750302
|switch|p2a: Should be ghost|Ninetales-Alola, M|100/100
|-damage|p2a: Should be ghost|76/100|[from] Spikes
|-weather|Snowscape|[from] ability: Snow Warning|[of] p2a: Should be ghost
|turn|12
|c|☆PrunJus|blizzabld
|
|t:|1760750324
|-end|p1a: Iron Valiant|Quark Drive|[silent]
|switch|p1a: Gholdengo|Gholdengo|100/100
|move|p2a: Should be ghost|Aurora Veil|p2a: Should be ghost
|-sidestart|p2: PrunJus|move: Aurora Veil
|
|-weather|Snowscape|[upkeep]
|upkeep
|turn|13
|
|t:|1760750335
|move|p2a: Should be ghost|Nasty Plot|p2a: Should be ghost
|-boost|p2a: Should be ghost|spa|2
|move|p1a: Gholdengo|Make It Rain|p2a: Should be ghost
|-supereffective|p2a: Should be ghost
|-damage|p2a: Should be ghost|0 fnt
|-unboost|p1a: Gholdengo|spa|1
|faint|p2a: Should be ghost
|
|-weather|Snowscape|[upkeep]
|upkeep
|
|t:|1760750346
|switch|p2a: He's gonna kill|Toxapex, F|100/100
|-damage|p2a: He's gonna kill|75/100|[from] Spikes
|turn|14
|c|☆PrunJus|gng its chill
|inactive|PrunJus has 120 seconds left.
|c|☆PrunJus|dw he not kill u
|
|t:|1760750373
|switch|p1a: Garganacl|Garganacl, M|100/100
|-terastallize|p2a: He's gonna kill|Ghost
|move|p2a: He's gonna kill|Hex|p1a: Garganacl
|-damage|p1a: Garganacl|85/100
|
|-weather|Snowscape|[upkeep]
|-heal|p2a: He's gonna kill|82/100|[from] item: Leftovers
|upkeep
|turn|15
|inactive|PrunJus has 120 seconds left.
|
|t:|1760750388
|switch|p2a: My setup|Hydreigon, M|100/100
|move|p1a: Garganacl|Salt Cure|p2a: My setup
|-damage|p2a: My setup|93/100
|-start|p2a: My setup|Salt Cure
|
|-weather|Snowscape|[upkeep]
|-damage|p2a: My setup|81/100|[from] Salt Cure
|upkeep
|turn|16
|c|☆PrunJus|I'm kinda cooked here
|
|t:|1760750408
|switch|p1a: Kingambit|Kingambit, M|100/100
|-activate|p1a: Kingambit|ability: Supreme Overlord
|-start|p1a: Kingambit|fallen1|[silent]
|move|p2a: My setup|Dragon Dance|p2a: My setup
|-boost|p2a: My setup|atk|1
|-boost|p2a: My setup|spe|1
|
|-weather|none
|-damage|p2a: My setup|68/100|[from] Salt Cure
|upkeep
|turn|17
|inactive|PrunJus has 120 seconds left.
|
|t:|1760750435
|move|p2a: My setup|Earthquake|p1a: Kingambit
|-supereffective|p1a: Kingambit
|-damage|p1a: Kingambit|35/100
|move|p1a: Kingambit|Iron Head|p2a: My setup
|-damage|p2a: My setup|41/100
|
|-damage|p2a: My setup|28/100|[from] Salt Cure
|upkeep
|turn|18
|
|t:|1760750449
|-end|p1a: Kingambit|fallen1|[silent]
|switch|p1a: Zamazenta|Zamazenta|77/100 tox
|move|p2a: My setup|Earthquake|p1a: Zamazenta
|-damage|p1a: Zamazenta|41/100 tox
|
|-heal|p1a: Zamazenta|47/100 tox|[from] item: Leftovers
|-damage|p1a: Zamazenta|41/100 tox|[from] psn
|-damage|p2a: My setup|16/100|[from] Salt Cure
|upkeep
|turn|19
|inactive|PrunJus has 120 seconds left.
|
|t:|1760750460
|move|p2a: My setup|Earthquake|p1a: Zamazenta
|-damage|p1a: Zamazenta|8/100 tox
|move|p1a: Zamazenta|Body Press|p2a: My setup
|-supereffective|p2a: My setup
|-damage|p2a: My setup|0 fnt
|faint|p2a: My setup
|
|-heal|p1a: Zamazenta|14/100 tox|[from] item: Leftovers
|-damage|p1a: Zamazenta|2/100 tox|[from] psn
|-sideend|p2: PrunJus|move: Aurora Veil
|upkeep
|
|t:|1760750472
|switch|p2a: He's gonna kill|Toxapex, F, tera:Ghost|82/100
|-damage|p2a: He's gonna kill|57/100|[from] Spikes
|turn|20
|
|t:|1760750480
|move|p1a: Zamazenta|Crunch|p2a: He's gonna kill
|-supereffective|p2a: He's gonna kill
|-damage|p2a: He's gonna kill|22/100
|move|p2a: He's gonna kill|Ice Beam|p1a: Zamazenta
|-crit|p1a: Zamazenta
|-damage|p1a: Zamazenta|0 fnt
|faint|p1a: Zamazenta
|
|-heal|p2a: He's gonna kill|28/100|[from] item: Leftovers
|upkeep
|
|t:|1760750487
|switch|p1a: Iron Valiant|Iron Valiant|100/100
|turn|21
|c|☆toyourtown|gg
|-message|PrunJus forfeited.
|
|win|toyourtown
|raw|toyourtown's rating: 1199 &rarr; <strong>1223</strong><br />(+24 for winning)
|raw|PrunJus's rating: 1187 &rarr; <strong>1163</strong><br />(-24 for losing)
|l|☆PrunJus
|player|p2|
|l|☆toyourtown
|player|p1|
