|j|☆lokaso0008
|j|☆Dream54301
|t:|1760728200
|gametype|singles
|player|p1|lokaso0008|roxanne|1149
|player|p2|Dream54301|lusamine-nihilego|1152
|gen|9
|tier|[Gen 9] OU
|rated|
|rule|HP Percentage Mod: HP is shown in percentages
|rule|Endless Battle Clause: Forcing endless battles is banned
|rule|Species Clause: Limit one of each Pokémon
|rule|OHKO Clause: OHKO moves are banned
|rule|Evasion Items Clause: Evasion items are banned
|rule|Evasion Moves Clause: Evasion moves are banned
|rule|Evasion Abilities Clause: Evasion abilities are banned
|rule|Sleep Moves Clause: Sleep-inducing moves are banned
|clearpoke
|poke|p1|Feraligatr, F|
|poke|p1|Galvantula, M|
|poke|p1|Skeledirge, F|
|poke|p1|Glimmora, F|
|poke|p1|Samurott-Hisui, F|
|poke|p1|Slowking-Galar, M|
|poke|p2|Lapras, F|
|poke|p2|Rotom-Heat|
|poke|p2|Breloom, F|
|poke|p2|Gliscor, F|
|poke|p2|Mandibuzz, F|
|poke|p2|Magnezone|
|teampreview
|
|t:|1760728208
|teamsize|p1|6
|teamsize|p2|6
|start
|switch|p1a: Glimmora|Glimmora, F|100/100
|switch|p2a: Lapras|Lapras, F|100/100
|-item|p1a: Glimmora|Air Balloon
|turn|1
|
|t:|1760728214
|move|p1a: Glimmora|Stealth Rock|p2a: Lapras
|-sidestart|p2: Dream54301|move: Stealth Rock
|move|p2a: Lapras|Surf|p1a: Glimmora
|-supereffective|p1a: Glimmora
|-damage|p1a: Glimmora|4/100
|-enditem|p1a: Glimmora|Air Balloon
|
|upkeep
|turn|2
|
|t:|1760728235
|switch|p1a: Galvantula|Galvantula, M|100/100
|move|p2a: Lapras|Surf|p1a: Galvantula
|-damage|p1a: Galvantula|47/100
|
|upkeep
|turn|3
|
|t:|1760728243
|move|p1a: Galvantula|Sticky Web|p2a: Lapras
|-sidestart|p2: Dream54301|move: Sticky Web
|move|p2a: Lapras|Surf|p1a: Galvantula
|-damage|p1a: Galvantula|0 fnt
|faint|p1a: Galvantula
|
|upkeep
|
|t:|1760728264
|switch|p1a: Slowking|Slowking-Galar, M|100/100
|turn|4
|
|t:|1760728268
|move|p2a: Lapras|Psychic Noise|p1a: Slowking
|-damage|p1a: Slowking|88/100
|-start|p1a: Slowking|move: Heal Block
|move|p1a: Slowking|Disable|p2a: Lapras
|-start|p2a: Lapras|Disable|Psychic Noise
|
|upkeep
|turn|5
|
|t:|1760728277
|switch|p2a: Mandibuzz|Mandibuzz, F|100/100
|-prepare|p1a: Slowking|Chilly Reception|[premajor]
|move|p1a: Slowking|Chilly Reception|p1a: Slowking
|-weather|Snowscape
|
|t:|1760728289
|switch|p1a: Glimmora|Glimmora, F|4/100|[from] Chilly Reception
|
|-weather|Snowscape|[upkeep]
|upkeep
|turn|6
|
|t:|1760728296
|move|p1a: Glimmora|Power Gem|p2a: Mandibuzz
|-supereffective|p2a: Mandibuzz
|-damage|p2a: Mandibuzz|35/100
|move|p2a: Mandibuzz|U-turn|p1a: Glimmora
|-resisted|p1a: Glimmora
|-damage|p1a: Glimmora|0 fnt
|-activate|p1a: Glimmora|ability: Toxic Debris
|-sidestart|p2: Dream54301|move: Toxic Spikes
|faint|p1a: Glimmora
|
|t:|1760728300
|switch|p2a: Rotom|Rotom-Heat|100/100|[from] U-turn
|-damage|p2a: Rotom|76/100|[from] Stealth Rock
|
|-weather|Snowscape|[upkeep]
|upkeep
|
|t:|1760728322
|switch|p1a: Feraligatr|Feraligatr, F|100/100
|turn|7
|
|t:|1760728329
|move|p2a: Rotom|Volt Switch|p1a: Feraligatr
|-supereffective|p1a: Feraligatr
|-damage|p1a: Feraligatr|32/100
|
|t:|1760728334
|switch|p2a: Mandibuzz|Mandibuzz, F|35/100|[from] Volt Switch
|move|p1a: Feraligatr|Agility|p1a: Feraligatr
|-boost|p1a: Feraligatr|spe|2
|
|-weather|Snowscape|[upkeep]
|upkeep
|turn|8
|
|t:|1760728340
|move|p1a: Feraligatr|Liquidation|p2a: Mandibuzz
|-damage|p2a: Mandibuzz|0 fnt
|faint|p2a: Mandibuzz
|
|-weather|Snowscape|[upkeep]
|upkeep
|
|t:|1760728346
|switch|p2a: Rotom|Rotom-Heat|76/100
|-damage|p2a: Rotom|51/100|[from] Stealth Rock
|turn|9
|
|t:|1760728350
|move|p2a: Rotom|Volt Switch|p1a: Feraligatr
|-supereffective|p1a: Feraligatr
|-damage|p1a: Feraligatr|0 fnt
|faint|p1a: Feraligatr
|
|t:|1760728359
|switch|p2a: Gliscor|Gliscor, F|100/100|[from] Volt Switch
|-damage|p2a: Gliscor|88/100|[from] Stealth Rock
|
|-weather|none
|-status|p2a: Gliscor|tox|[from] item: Toxic Orb
|upkeep
|
|t:|1760728371
|switch|p1a: Samurott|Samurott-Hisui, F|100/100
|turn|10
|
|t:|1760728380
|-terastallize|p2a: Gliscor|Normal
|move|p2a: Gliscor|Stealth Rock|p1a: Samurott
|-sidestart|p1: lokaso0008|move: Stealth Rock
|move|p1a: Samurott|Ceaseless Edge|p2a: Gliscor
|-damage|p2a: Gliscor|42/100 tox
|-sidestart|p2: Dream54301|Spikes
|
|-heal|p2a: Gliscor|55/100 tox|[from] ability: Poison Heal
|upkeep
|turn|11
|
|t:|1760728389
|move|p2a: Gliscor|Facade|p1a: Samurott
|-damage|p1a: Samurott|23/100
|move|p1a: Samurott|Swords Dance|p1a: Samurott
|-boost|p1a: Samurott|atk|2
|
|-heal|p2a: Gliscor|67/100 tox|[from] ability: Poison Heal
|upkeep
|turn|12
|
|t:|1760728403
|-terastallize|p1a: Samurott|Water
|move|p1a: Samurott|Aqua Jet|p2a: Gliscor
|-damage|p2a: Gliscor|22/100 tox
|move|p2a: Gliscor|Facade|p1a: Samurott
|-damage|p1a: Samurott|0 fnt
|faint|p1a: Samurott
|
|-heal|p2a: Gliscor|34/100 tox|[from] ability: Poison Heal
|upkeep
|
|t:|1760728410
|switch|p1a: Slowking|Slowking-Galar, M|100/100
|-damage|p1a: Slowking|88/100|[from] Stealth Rock
|turn|13
|
|t:|1760728415
|move|p2a: Gliscor|Earthquake|p1a: Slowking
|-supereffective|p1a: Slowking
|-damage|p1a: Slowking|3/100
|move|p1a: Slowking|Hex|p2a: Gliscor
|-immune|p2a: Gliscor
|
|-heal|p2a: Gliscor|47/100 tox|[from] ability: Poison Heal
|upkeep
|turn|14
|
|t:|1760728423
|move|p2a: Gliscor|Earthquake|p1a: Slowking
|-supereffective|p1a: Slowking
|-damage|p1a: Slowking|0 fnt
|faint|p1a: Slowking
|
|-heal|p2a: Gliscor|59/100 tox|[from] ability: Poison Heal
|upkeep
|-message|lokaso0008 forfeited.
|
|win|Dream54301
|raw|lokaso0008's rating: 1149 &rarr; <strong>1124</strong><br />(-25 for losing)
|raw|Dream54301's rating: 1152 &rarr; <strong>1177</strong><br />(+25 for winning)
|l|☆lokaso0008
|player|p1|
|c|☆Dream54301|gg
