|j|☆abagoftrixx
|j|☆pantuxd
|t:|1760857288
|gametype|singles
|player|p1|abagoftrixx|2|1363
|player|p2|pantuxd|1|1371
|gen|9
|tier|[Gen 9] OU
|rated|
|rule|HP Percentage Mod: HP is shown in percentages
|rule|Endless Battle Clause: Forcing endless battles is banned
|rule|Species Clause: Limit one of each Pokémon
|rule|OHKO Clause: OHKO moves are banned
|rule|Evasion Items Clause: Evasion items are banned
|rule|Evasion Moves Clause: Evasion moves are banned
|rule|Evasion Abilities Clause: Evasion abilities are banned
|rule|Sleep Moves Clause: Sleep-inducing moves are banned
|clearpoke
|poke|p1|Glimmora, F|
|poke|p1|Pelipper, M|
|poke|p1|Iron Crown|
|poke|p1|Barraskewda, F|
|poke|p1|Corviknight, F|
|poke|p1|Raging Bolt|
|poke|p2|Hatterene, F|
|poke|p2|Slowking-Galar, F|
|poke|p2|Hoopa-Unbound|
|poke|p2|Glastrier|
|poke|p2|Ursaluna, F|
|poke|p2|Enamorus-Therian, F|
|teampreview
|inactive|Battle timer is ON: inactive players will automatically lose when time's up. (requested by pantuxd)
|inactive|pantuxd has 120 seconds left.
|
|t:|1760857324
|teamsize|p1|6
|teamsize|p2|6
|start
|switch|p1a: Iron Crown|Iron Crown|100/100
|switch|p2a: Slowking|Slowking-Galar, F|100/100
|turn|1
|
|t:|1760857337
|move|p1a: Iron Crown|Future Sight|p2a: Slowking
|-start|p1a: Iron Crown|move: Future Sight
|move|p2a: Slowking|Trick Room|p2a: Slowking
|-fieldstart|move: Trick Room|[of] p2a: Slowking
|
|upkeep
|turn|2
|
|t:|1760857351
|move|p1a: Iron Crown|Focus Blast|p2a: Slowking|[miss]
|-miss|p1a: Iron Crown|p2a: Slowking
|move|p2a: Slowking|Future Sight|p1a: Iron Crown
|-start|p2a: Slowking|move: Future Sight
|
|upkeep
|turn|3
|
|t:|1760857361
|move|p1a: Iron Crown|Volt Switch|p2a: Slowking
|-damage|p2a: Slowking|81/100
|
|t:|1760857364
|-end|p1a: Iron Crown|Quark Drive|[silent]
|switch|p1a: Corviknight|Corviknight, F|100/100|[from] Volt Switch
|-ability|p1a: Corviknight|Pressure
|-prepare|p2a: Slowking|Chilly Reception|[premajor]
|move|p2a: Slowking|Chilly Reception|p2a: Slowking
|-weather|Snowscape
|
|t:|1760857370
|switch|p2a: Hoopa|Hoopa-Unbound|100/100|[from] Chilly Reception
|
|-weather|Snowscape|[upkeep]
|-end|p2a: Hoopa|move: Future Sight
|-immune|p2a: Hoopa
|upkeep
|turn|4
|
|t:|1760857380
|switch|p2a: Glastrier|Glastrier|100/100
|move|p1a: Corviknight|Body Press|p2a: Glastrier
|-supereffective|p2a: Glastrier
|-damage|p2a: Glastrier|77/100
|
|-weather|Snowscape|[upkeep]
|-end|p1a: Corviknight|move: Future Sight
|-resisted|p1a: Corviknight
|-damage|p1a: Corviknight|77/100
|upkeep
|turn|5
|
|t:|1760857394
|move|p2a: Glastrier|Icicle Crash|p1a: Corviknight
|-damage|p1a: Corviknight|37/100
|-damage|p2a: Glastrier|67/100|[from] item: Life Orb
|move|p1a: Corviknight|Body Press|p2a: Glastrier
|-supereffective|p2a: Glastrier
|-damage|p2a: Glastrier|43/100
|
|-weather|Snowscape|[upkeep]
|-fieldend|move: Trick Room
|upkeep
|turn|6
|inactive|pantuxd has 120 seconds left.
|
|t:|1760857439
|switch|p1a: Glimmora|Glimmora, F|100/100
|move|p2a: Glastrier|Icicle Crash|p1a: Glimmora
|-damage|p1a: Glimmora|22/100
|-activate|p1a: Glimmora|ability: Toxic Debris
|-sidestart|p2: pantuxd|move: Toxic Spikes
|-damage|p2a: Glastrier|33/100|[from] item: Life Orb
|
|-weather|Snowscape|[upkeep]
|upkeep
|turn|7
|inactive|pantuxd has 90 seconds left.
|
|t:|1760857489
|move|p1a: Glimmora|Earth Power|p2a: Glastrier
|-damage|p2a: Glastrier|8/100
|move|p2a: Glastrier|High Horsepower|p1a: Glimmora
|-supereffective|p1a: Glimmora
|-damage|p1a: Glimmora|0 fnt
|-activate|p1a: Glimmora|ability: Toxic Debris
|-sidestart|p2: pantuxd|move: Toxic Spikes
|faint|p1a: Glimmora
|-ability|p2a: Glastrier|Chilling Neigh|boost
|-boost|p2a: Glastrier|atk|1
|-damage|p2a: Glastrier|0 fnt|[from] item: Life Orb
|faint|p2a: Glastrier
|
|-weather|none
|upkeep
|inactive|abagoftrixx has 120 seconds left.
|
|t:|1760857513
|switch|p1a: Barraskewda|Barraskewda, F|100/100
|switch|p2a: Slowking|Slowking-Galar, F|100/100
|-sideend|p2: pantuxd|move: Toxic Spikes|[of] p2a: Slowking
|turn|8
|
|t:|1760857522
|-terastallize|p1a: Barraskewda|Water
|move|p1a: Barraskewda|Flip Turn|p2a: Slowking
|-damage|p2a: Slowking|53/100
|
|t:|1760857528
|switch|p1a: Pelipper|Pelipper, M|100/100|[from] Flip Turn
|-weather|RainDance|[from] ability: Drizzle|[of] p1a: Pelipper
|move|p2a: Slowking|Future Sight|p1a: Pelipper
|-start|p2a: Slowking|move: Future Sight
|
|-weather|RainDance|[upkeep]
|upkeep
|turn|9
|inactive|abagoftrixx has 120 seconds left.
|inactive|pantuxd has 90 seconds left.
|
|t:|1760857545
|move|p1a: Pelipper|Knock Off|p2a: Slowking
|-supereffective|p2a: Slowking
|-damage|p2a: Slowking|36/100
|-enditem|p2a: Slowking|Lagging Tail|[from] move: Knock Off|[of] p1a: Pelipper
|move|p2a: Slowking|Trick Room|p2a: Slowking
|-fieldstart|move: Trick Room|[of] p2a: Slowking
|
|-weather|RainDance|[upkeep]
|upkeep
|turn|10
|inactive|abagoftrixx has 120 seconds left.
|
|t:|1760857568
|-prepare|p2a: Slowking|Chilly Reception|[premajor]
|move|p2a: Slowking|Chilly Reception|p2a: Slowking
|-weather|Snowscape
|inactive|pantuxd has 90 seconds left.
|
|t:|1760857603
|switch|p2a: Ursaluna|Ursaluna, F|100/100|[from] Chilly Reception
|move|p1a: Pelipper|Surf|p2a: Ursaluna
|-supereffective|p2a: Ursaluna
|-damage|p2a: Ursaluna|51/100
|
|-weather|Snowscape|[upkeep]
|-end|p1a: Pelipper|move: Future Sight
|-damage|p1a: Pelipper|55/100
|-status|p2a: Ursaluna|brn|[from] item: Flame Orb
|upkeep
|turn|11
|inactive|abagoftrixx has 120 seconds left.
|
|t:|1760857617
|move|p2a: Ursaluna|Thunder Punch|p1a: Pelipper
|-supereffective|p1a: Pelipper
|-damage|p1a: Pelipper|0 fnt
|faint|p1a: Pelipper
|
|-weather|Snowscape|[upkeep]
|-damage|p2a: Ursaluna|45/100 brn|[from] brn
|upkeep
|
|t:|1760857626
|switch|p1a: Corviknight|Corviknight, F|37/100
|-ability|p1a: Corviknight|Pressure
|turn|12
|inactive|abagoftrixx has 120 seconds left.
|
|t:|1760857641
|move|p2a: Ursaluna|Thunder Punch|p1a: Corviknight
|-supereffective|p1a: Corviknight
|-damage|p1a: Corviknight|0 fnt
|-damage|p2a: Ursaluna|28/100 brn|[from] item: Rocky Helmet|[of] p1a: Corviknight
|faint|p1a: Corviknight
|
|-weather|Snowscape|[upkeep]
|-damage|p2a: Ursaluna|22/100 brn|[from] brn
|upkeep
|inactive|abagoftrixx has 120 seconds left.
|
|t:|1760857652
|switch|p1a: Barraskewda|Barraskewda, F, tera:Water|100/100
|turn|13
|inactive|abagoftrixx has 120 seconds left.
|
|t:|1760857664
|move|p1a: Barraskewda|Aqua Jet|p2a: Ursaluna
|-supereffective|p2a: Ursaluna
|-damage|p2a: Ursaluna|0 fnt
|faint|p2a: Ursaluna
|
|-weather|Snowscape|[upkeep]
|-fieldend|move: Trick Room
|upkeep
|
|t:|1760857669
|switch|p2a: Hatterene|Hatterene, F|100/100
|turn|14
|inactive|pantuxd has 90 seconds left.
|
|t:|1760857678
|switch|p1a: Iron Crown|Iron Crown|100/100
|move|p2a: Hatterene|Nuzzle|p1a: Iron Crown
|-damage|p1a: Iron Crown|96/100
|-status|p1a: Iron Crown|par
|
|-weather|none
|upkeep
|turn|15
|
|t:|1760857687
|switch|p2a: Slowking|Slowking-Galar, F|69/100
|move|p1a: Iron Crown|Tachyon Cutter|p2a: Slowking
|-damage|p2a: Slowking|49/100
|-damage|p2a: Slowking|29/100
|-hitcount|p2a: Slowking|2
|
|upkeep
|turn|16
|
|t:|1760857701
|move|p1a: Iron Crown|Tachyon Cutter|p2a: Slowking
|-damage|p2a: Slowking|9/100
|-damage|p2a: Slowking|0 fnt
|faint|p2a: Slowking
|-hitcount|p2: Slowking|2
|
|upkeep
|
|t:|1760857718
|switch|p2a: Hoopa|Hoopa-Unbound|100/100
|turn|17
|
|t:|1760857722
|cant|p1a: Iron Crown|par
|move|p2a: Hoopa|Trick Room|p2a: Hoopa
|-fieldstart|move: Trick Room|[of] p2a: Hoopa
|
|upkeep
|turn|18
|
|t:|1760857728
|move|p2a: Hoopa|Hyperspace Fury|p1a: Iron Crown
|-supereffective|p1a: Iron Crown
|-damage|p1a: Iron Crown|0 fnt
|-unboost|p2a: Hoopa|def|1
|faint|p1a: Iron Crown
|-end|p1a: Iron Crown|Quark Drive|[silent]
|-enditem|p2a: Hoopa|Eject Pack
|
|t:|1760857735
|switch|p2a: Enamorus|Enamorus-Therian, F|100/100
|
|upkeep
|
|t:|1760857745
|switch|p1a: Barraskewda|Barraskewda, F, tera:Water|100/100
|turn|19
|inactive|pantuxd has 120 seconds left.
|
|t:|1760857776
|move|p1a: Barraskewda|Aqua Jet|p2a: Enamorus
|-damage|p2a: Enamorus|72/100
|move|p2a: Enamorus|Draining Kiss|p1a: Barraskewda
|-damage|p1a: Barraskewda|50/100
|-heal|p2a: Enamorus|99/100|[from] drain|[of] p1a: Barraskewda
|
|upkeep
|turn|20
|
|t:|1760857795
|switch|p1a: Raging Bolt|Raging Bolt|100/100
|-enditem|p1a: Raging Bolt|Booster Energy
|-activate|p1a: Raging Bolt|ability: Protosynthesis|[fromitem]
|-start|p1a: Raging Bolt|protosynthesisspa
|move|p2a: Enamorus|Draining Kiss|p1a: Raging Bolt
|-supereffective|p1a: Raging Bolt
|-damage|p1a: Raging Bolt|53/100
|-heal|p2a: Enamorus|100/100|[from] drain|[of] p1a: Raging Bolt
|
|upkeep
|turn|21
|
|t:|1760857809
|-terastallize|p2a: Enamorus|Fairy
|move|p2a: Enamorus|Draining Kiss|p1a: Raging Bolt
|-supereffective|p1a: Raging Bolt
|-damage|p1a: Raging Bolt|0 fnt
|faint|p1a: Raging Bolt
|-end|p1a: Raging Bolt|Protosynthesis|[silent]
|
|-fieldend|move: Trick Room
|upkeep
|
|t:|1760857819
|switch|p1a: Barraskewda|Barraskewda, F, tera:Water|50/100
|turn|22
|
|t:|1760857828
|move|p1a: Barraskewda|Liquidation|p2a: Enamorus
|-damage|p2a: Enamorus|37/100
|-enditem|p2a: Enamorus|Sitrus Berry|[eat]
|-heal|p2a: Enamorus|62/100|[from] item: Sitrus Berry
|move|p2a: Enamorus|Draining Kiss|p1a: Barraskewda
|-damage|p1a: Barraskewda|0 fnt
|-heal|p2a: Enamorus|90/100|[from] drain|[of] p1a: Barraskewda
|faint|p1a: Barraskewda
|
|win|pantuxd
|raw|abagoftrixx's rating: 1363 &rarr; <strong>1343</strong><br />(-20 for losing)
|raw|pantuxd's rating: 1371 &rarr; <strong>1391</strong><br />(+20 for winning)
|l|☆pantuxd
|player|p2|
|l|☆abagoftrixx
|player|p1|
