|j|☆chenke
|j|☆AminitraboTTT
|t:|1760844751
|gametype|singles
|player|p1|chenke|clerk|
|player|p2|AminitraboTTT|supernerd|
|gen|9
|tier|[Gen 9] OU
|rule|HP Percentage Mod: HP is shown in percentages
|rule|Endless Battle Clause: Forcing endless battles is banned
|rule|Species Clause: Limit one of each Pokémon
|rule|OHKO Clause: OHKO moves are banned
|rule|Evasion Items Clause: Evasion items are banned
|rule|Evasion Moves Clause: Evasion moves are banned
|rule|Evasion Abilities Clause: Evasion abilities are banned
|rule|Sleep Moves Clause: Sleep-inducing moves are banned
|clearpoke
|poke|p1|Garchomp, M|
|poke|p1|Dragonite, F|
|poke|p1|Greninja-*, M|
|poke|p1|Gholdengo|
|poke|p2|Ogerpon-Wellspring, F|
|poke|p2|Raging Bolt|
|poke|p2|Great Tusk|
|poke|p2|Heatran, F|
|poke|p2|Enamorus, F|
|poke|p2|Kingambit, M|
|teampreview
|c|☆AminitraboTTT|Hola, soy AminitraboTTT, el bot de la sala Español. gl hf
|inactive|Battle timer is ON: inactive players will automatically lose when time's up. (requested by AminitraboTTT)
|
|t:|1760844756
|teamsize|p1|4
|teamsize|p2|6
|start
|switch|p1a: Garchomp|Garchomp, M|100/100
|switch|p2a: Ogerpon|Ogerpon-Wellspring, F|100/100
|turn|1
|
|t:|1760844762
|switch|p1a: Dragonite|Dragonite, F|100/100
|-terastallize|p2a: Ogerpon|Water
|detailschange|p2a: Ogerpon|Ogerpon-Wellspring-Tera, F, tera:Water
|-ability|p2a: Ogerpon|Embody Aspect (Wellspring)|boost
|-boost|p2a: Ogerpon|spd|1
|move|p2a: Ogerpon|Swords Dance|p2a: Ogerpon
|-boost|p2a: Ogerpon|atk|2
|
|upkeep
|turn|2
|
|t:|1760844767
|-terastallize|p1a: Dragonite|Normal
|move|p1a: Dragonite|Extreme Speed|p2a: Ogerpon
|-damage|p2a: Ogerpon|15/100
|move|p2a: Ogerpon|Play Rough|p1a: Dragonite
|-damage|p1a: Dragonite|58/100
|
|upkeep
|turn|3
|
|t:|1760844772
|move|p1a: Dragonite|Extreme Speed|p2a: Ogerpon
|-damage|p2a: Ogerpon|0 fnt
|faint|p2a: Ogerpon
|detailschange|p2: Ogerpon|Ogerpon-Wellspring, F|[silent]
|
|upkeep
|
|t:|1760844772
|switch|p2a: Kingambit|Kingambit, M|100/100
|-activate|p2a: Kingambit|ability: Supreme Overlord
|-start|p2a: Kingambit|fallen1|[silent]
|-item|p2a: Kingambit|Air Balloon
|turn|4
|
|t:|1760844780
|move|p1a: Dragonite|Extreme Speed|p2a: Kingambit
|-resisted|p2a: Kingambit
|-damage|p2a: Kingambit|75/100
|-enditem|p2a: Kingambit|Air Balloon
|move|p2a: Kingambit|Low Kick|p1a: Dragonite
|-supereffective|p1a: Dragonite
|-crit|p1a: Dragonite
|-damage|p1a: Dragonite|0 fnt
|faint|p1a: Dragonite
|
|upkeep
|
|t:|1760844796
|switch|p1a: Garchomp|Garchomp, M|100/100
|turn|5
|
|t:|1760844800
|switch|p1a: Gholdengo|Gholdengo|100/100
|-end|p2a: Kingambit|fallen1|[silent]
|switch|p2a: Enamorus|Enamorus, F|100/100
|
|upkeep
|turn|6
|
|t:|1760844806
|move|p2a: Enamorus|Mystical Fire|p1a: Gholdengo
|-supereffective|p1a: Gholdengo
|-damage|p1a: Gholdengo|47/100
|-unboost|p1a: Gholdengo|spa|1
|move|p1a: Gholdengo|Make It Rain|p2a: Enamorus
|-supereffective|p2a: Enamorus
|-damage|p2a: Enamorus|0 fnt
|-unboost|p1a: Gholdengo|spa|1
|faint|p2a: Enamorus
|
|-heal|p1a: Gholdengo|53/100|[from] item: Leftovers
|upkeep
|
|t:|1760844806
|switch|p2a: Kingambit|Kingambit, M|75/100
|-activate|p2a: Kingambit|ability: Supreme Overlord
|-start|p2a: Kingambit|fallen2|[silent]
|turn|7
|
|t:|1760844810
|move|p2a: Kingambit|Sucker Punch||[still]
|-fail|p2a: Kingambit
|move|p1a: Gholdengo|Substitute|p1a: Gholdengo
|-start|p1a: Gholdengo|Substitute
|-damage|p1a: Gholdengo|28/100
|
|-heal|p1a: Gholdengo|34/100|[from] item: Leftovers
|upkeep
|turn|8
|
|t:|1760844812
|move|p1a: Gholdengo|Nasty Plot|p1a: Gholdengo
|-boost|p1a: Gholdengo|spa|2
|move|p2a: Kingambit|Kowtow Cleave|p1a: Gholdengo
|-supereffective|p1a: Gholdengo
|-end|p1a: Gholdengo|Substitute
|
|-heal|p1a: Gholdengo|40/100|[from] item: Leftovers
|upkeep
|turn|9
|
|t:|1760844817
|move|p2a: Kingambit|Sucker Punch||[still]
|-fail|p2a: Kingambit
|move|p1a: Gholdengo|Substitute|p1a: Gholdengo
|-start|p1a: Gholdengo|Substitute
|-damage|p1a: Gholdengo|15/100
|
|-heal|p1a: Gholdengo|22/100|[from] item: Leftovers
|upkeep
|turn|10
|
|t:|1760844822
|move|p2a: Kingambit|Sucker Punch||[still]
|-fail|p2a: Kingambit
|move|p1a: Gholdengo|Nasty Plot|p1a: Gholdengo
|-boost|p1a: Gholdengo|spa|2
|
|-heal|p1a: Gholdengo|28/100|[from] item: Leftovers
|upkeep
|turn|11
|
|t:|1760844827
|move|p1a: Gholdengo|Shadow Ball|p2a: Kingambit
|-resisted|p2a: Kingambit
|-damage|p2a: Kingambit|28/100
|move|p2a: Kingambit|Kowtow Cleave|p1a: Gholdengo
|-supereffective|p1a: Gholdengo
|-end|p1a: Gholdengo|Substitute
|
|-heal|p1a: Gholdengo|34/100|[from] item: Leftovers
|upkeep
|turn|12
|
|t:|1760844834
|move|p1a: Gholdengo|Shadow Ball|p2a: Kingambit
|-resisted|p2a: Kingambit
|-damage|p2a: Kingambit|0 fnt
|faint|p2a: Kingambit
|-end|p2a: Kingambit|fallen2|[silent]
|
|-heal|p1a: Gholdengo|40/100|[from] item: Leftovers
|upkeep
|
|t:|1760844834
|switch|p2a: Heatran|Heatran, F, shiny|100/100
|turn|13
|
|t:|1760844838
|move|p1a: Gholdengo|Shadow Ball|p2a: Heatran
|-damage|p2a: Heatran|39/100
|-unboost|p2a: Heatran|spd|1
|move|p2a: Heatran|Magma Storm|p1a: Gholdengo
|-supereffective|p1a: Gholdengo
|-damage|p1a: Gholdengo|0 fnt
|faint|p1a: Gholdengo
|
|-heal|p2a: Heatran|46/100|[from] item: Leftovers
|upkeep
|
|t:|1760844842
|switch|p1a: Greninja|Greninja, M|100/100
|turn|14
|
|t:|1760844847
|switch|p2a: Raging Bolt|Raging Bolt|100/100
|move|p1a: Greninja|Surf|p2a: Raging Bolt
|-resisted|p2a: Raging Bolt
|-damage|p2a: Raging Bolt|77/100
|-damage|p1a: Greninja|91/100|[from] item: Life Orb
|
|upkeep
|turn|15
|
|t:|1760844853
|move|p1a: Greninja|Dark Pulse|p2a: Raging Bolt
|-damage|p2a: Raging Bolt|35/100
|-damage|p1a: Greninja|81/100|[from] item: Life Orb
|cant|p2a: Raging Bolt|flinch
|
|upkeep
|turn|16
|
|t:|1760844860
|move|p1a: Greninja|Dark Pulse|p2a: Raging Bolt
|-damage|p2a: Raging Bolt|0 fnt
|faint|p2a: Raging Bolt
|-end|p2a: Raging Bolt|Protosynthesis|[silent]
|-ability|p1a: Greninja|Battle Bond|boost
|-boost|p1a: Greninja|atk|1
|-boost|p1a: Greninja|spa|1
|-boost|p1a: Greninja|spe|1
|-activate|p1a: Greninja|ability: Battle Bond
|-damage|p1a: Greninja|71/100|[from] item: Life Orb
|
|upkeep
|
|t:|1760844861
|switch|p2a: Great Tusk|Great Tusk|100/100
|turn|17
|
|t:|1760844866
|move|p1a: Greninja|Grass Knot|p2a: Great Tusk
|-supereffective|p2a: Great Tusk
|-damage|p2a: Great Tusk|0 fnt
|-damage|p1a: Greninja|55/100|[from] item: Rocky Helmet|[of] p2a: Great Tusk
|faint|p2a: Great Tusk
|-end|p2a: Great Tusk|Protosynthesis|[silent]
|-damage|p1a: Greninja|45/100|[from] item: Life Orb
|
|upkeep
|
|t:|1760844866
|switch|p2a: Heatran|Heatran, F, shiny|46/100
|turn|18
|
|t:|1760844869
|move|p1a: Greninja|Surf|p2a: Heatran
|-supereffective|p2a: Heatran
|-damage|p2a: Heatran|0 fnt
|faint|p2a: Heatran
|-damage|p1a: Greninja|35/100|[from] item: Life Orb
|
|win|chenke
|c|☆AminitraboTTT|oof :(
|l|☆AminitraboTTT
|player|p2|
