|j|☆Migstaper
|j|☆localdealerr
|t:|1760824079
|gametype|singles
|player|p1|Migstaper|ltsurge|1680
|player|p2|localdealerr|170|1739
|gen|9
|tier|[Gen 9] OU
|rated|
|rule|HP Percentage Mod: HP is shown in percentages
|rule|Endless Battle Clause: Forcing endless battles is banned
|rule|Species Clause: Limit one of each Pokémon
|rule|OHKO Clause: OHKO moves are banned
|rule|Evasion Items Clause: Evasion items are banned
|rule|Evasion Moves Clause: Evasion moves are banned
|rule|Evasion Abilities Clause: Evasion abilities are banned
|rule|Sleep Moves Clause: Sleep-inducing moves are banned
|clearpoke
|poke|p1|Enamorus, F|
|poke|p1|Iron Valiant|
|poke|p1|Dragapult, M|
|poke|p1|Dragonite, M|
|poke|p1|Great Tusk|
|poke|p1|Kingambit, M|
|poke|p2|Ninetales-Alola, M|
|poke|p2|Iron Hands|
|poke|p2|Kyurem|
|poke|p2|Zapdos|
|poke|p2|Alomomola, F|
|poke|p2|Iron Treads|
|teampreview
|
|t:|1760824098
|teamsize|p1|6
|teamsize|p2|6
|start
|switch|p1a: Paul we know|Dragapult, M, shiny|100/100
|switch|p2a: TheBirdsDontSing|Zapdos|100/100
|turn|1
|inactive|Battle timer is ON: inactive players will automatically lose when time's up. (requested by Migstaper)
|inactive|localdealerr has 120 seconds left.
|inactive|localdealerr has 90 seconds left.
|
|t:|1760824181
|move|p2a: TheBirdsDontSing|Hurricane|p1a: Paul we know
|-damage|p1a: Paul we know|20/100
|-start|p1a: Paul we know|confusion
|-activate|p1a: Paul we know|confusion
|move|p1a: Paul we know|Dragon Dance|p1a: Paul we know
|-boost|p1a: Paul we know|atk|1
|-boost|p1a: Paul we know|spe|1
|
|upkeep
|turn|2
|
|t:|1760824190
|switch|p2a: Ace Trumpets|Alomomola, F|100/100
|-activate|p1a: Paul we know|confusion
|move|p1a: Paul we know|Dragon Darts|p2a: Ace Trumpets
|-damage|p2a: Ace Trumpets|70/100
|-anim|p1a: Paul we know|Dragon Darts|p2a: Ace Trumpets
|-damage|p2a: Ace Trumpets|40/100
|-damage|p1a: Paul we know|10/100|[from] item: Life Orb
|
|upkeep
|turn|3
|
|t:|1760824200
|switch|p2a: Chains and Whips|Iron Treads|100/100
|-end|p1a: Paul we know|confusion
|move|p1a: Paul we know|Dragon Darts|p2a: Chains and Whips
|-resisted|p2a: Chains and Whips
|-damage|p2a: Chains and Whips|79/100
|-anim|p1a: Paul we know|Dragon Darts|p2a: Chains and Whips
|-resisted|p2a: Chains and Whips
|-damage|p2a: Chains and Whips|60/100
|-damage|p1a: Paul we know|0 fnt|[from] item: Life Orb
|faint|p1a: Paul we know
|
|upkeep
|
|t:|1760824218
|switch|p1a: Read the Bible|Enamorus, F, shiny|100/100
|turn|4
|
|t:|1760824231
|-end|p2a: Chains and Whips|Quark Drive|[silent]
|switch|p2a: TheBirdsDontSing|Zapdos|100/100
|move|p1a: Read the Bible|Mystical Fire|p2a: TheBirdsDontSing
|-damage|p2a: TheBirdsDontSing|56/100
|-unboost|p2a: TheBirdsDontSing|spa|1
|-damage|p1a: Read the Bible|90/100|[from] item: Life Orb
|
|upkeep
|turn|5
|
|t:|1760824244
|move|p2a: TheBirdsDontSing|Volt Switch|p1a: Read the Bible
|-supereffective|p1a: Read the Bible
|-damage|p1a: Read the Bible|19/100
|
|t:|1760824250
|switch|p2a: Chains and Whips|Iron Treads|60/100|[from] Volt Switch
|move|p1a: Read the Bible|Moonblast|p2a: Chains and Whips
|-resisted|p2a: Chains and Whips
|-damage|p2a: Chains and Whips|42/100
|-unboost|p2a: Chains and Whips|spa|1
|-damage|p1a: Read the Bible|9/100|[from] item: Life Orb
|
|upkeep
|turn|6
|
|t:|1760824261
|-end|p2a: Chains and Whips|Quark Drive|[silent]
|switch|p2a: Ace Trumpets|Alomomola, F|73/100
|move|p1a: Read the Bible|Mystical Fire|p2a: Ace Trumpets
|-resisted|p2a: Ace Trumpets
|-damage|p2a: Ace Trumpets|59/100
|-unboost|p2a: Ace Trumpets|spa|1
|-damage|p1a: Read the Bible|0 fnt|[from] item: Life Orb
|faint|p1a: Read the Bible
|
|upkeep
|inactive|Migstaper has 120 seconds left.
|
|t:|1760824287
|switch|p1a: Righteousness|Iron Valiant, shiny|100/100
|-enditem|p1a: Righteousness|Booster Energy
|-activate|p1a: Righteousness|ability: Quark Drive|[fromitem]
|-start|p1a: Righteousness|quarkdrivespe
|turn|7
|inactive|localdealerr has 120 seconds left.
|
|t:|1760824326
|move|p1a: Righteousness|Moonblast|p2a: Ace Trumpets
|-damage|p2a: Ace Trumpets|20/100
|-unboost|p2a: Ace Trumpets|spa|1
|move|p2a: Ace Trumpets|Flip Turn|p1a: Righteousness
|-damage|p1a: Righteousness|83/100
|
|t:|1760824330
|switch|p2a: FICO|Ninetales-Alola, M|100/100|[from] Flip Turn
|-weather|Snowscape|[from] ability: Snow Warning|[of] p2a: FICO
|
|-weather|Snowscape|[upkeep]
|upkeep
|turn|8
|
|t:|1760824339
|move|p1a: Righteousness|Moonblast|p2a: FICO
|-damage|p2a: FICO|55/100
|-unboost|p2a: FICO|spa|1
|move|p2a: FICO|Moonblast|p1a: Righteousness
|-supereffective|p1a: Righteousness
|-damage|p1a: Righteousness|11/100
|-unboost|p1a: Righteousness|spa|1
|
|-weather|Snowscape|[upkeep]
|upkeep
|turn|9
|
|t:|1760824355
|move|p1a: Righteousness|Encore|p2a: FICO
|-start|p2a: FICO|Encore
|move|p2a: FICO|Moonblast|p1a: Righteousness
|-supereffective|p1a: Righteousness
|-damage|p1a: Righteousness|0 fnt
|faint|p1a: Righteousness
|-end|p1a: Righteousness|Quark Drive|[silent]
|
|-weather|Snowscape|[upkeep]
|upkeep
|
|t:|1760824369
|switch|p1a: Habakkuk|Dragonite, M, shiny|100/100
|turn|10
|
|t:|1760824372
|switch|p2a: TheBirdsDontSing|Zapdos|56/100
|-terastallize|p1a: Habakkuk|Ground
|move|p1a: Habakkuk|Dragon Dance|p1a: Habakkuk
|-boost|p1a: Habakkuk|atk|1
|-boost|p1a: Habakkuk|spe|1
|
|-weather|Snowscape|[upkeep]
|upkeep
|turn|11
|
|t:|1760824383
|move|p2a: TheBirdsDontSing|Hurricane|p1a: Habakkuk
|-damage|p1a: Habakkuk|71/100
|-start|p1a: Habakkuk|confusion
|-enditem|p1a: Habakkuk|Lum Berry|[eat]
|-end|p1a: Habakkuk|confusion
|move|p1a: Habakkuk|Dragon Dance|p1a: Habakkuk
|-boost|p1a: Habakkuk|atk|1
|-boost|p1a: Habakkuk|spe|1
|
|-weather|none
|upkeep
|turn|12
|
|t:|1760824395
|switch|p2a: FICO|Ninetales-Alola, M|55/100
|-weather|Snowscape|[from] ability: Snow Warning|[of] p2a: FICO
|move|p1a: Habakkuk|Extreme Speed|p2a: FICO
|-damage|p2a: FICO|2/100
|
|-weather|Snowscape|[upkeep]
|upkeep
|turn|13
|
|t:|1760824404
|move|p1a: Habakkuk|Earthquake|p2a: FICO
|-damage|p2a: FICO|0 fnt
|faint|p2a: FICO
|
|-weather|Snowscape|[upkeep]
|upkeep
|
|t:|1760824406
|switch|p2a: EBITDA|Kyurem|100/100
|-ability|p2a: EBITDA|Pressure
|turn|14
|inactive|Migstaper has 120 seconds left.
|
|t:|1760824437
|move|p1a: Habakkuk|Earthquake|p2a: EBITDA
|-damage|p2a: EBITDA|31/100
|move|p2a: EBITDA|Icicle Spear|p1a: Habakkuk
|-supereffective|p1a: Habakkuk
|-damage|p1a: Habakkuk|39/100
|-supereffective|p1a: Habakkuk
|-damage|p1a: Habakkuk|5/100
|-supereffective|p1a: Habakkuk
|-damage|p1a: Habakkuk|0 fnt
|faint|p1a: Habakkuk
|-hitcount|p1: Habakkuk|3
|
|-weather|Snowscape|[upkeep]
|upkeep
|inactive|Migstaper has 120 seconds left.
|
|t:|1760824449
|switch|p1a: No condemnation|Kingambit, M, shiny|100/100
|-activate|p1a: No condemnation|ability: Supreme Overlord
|-start|p1a: No condemnation|fallen4|[silent]
|turn|15
|inactive|Migstaper has 120 seconds left.
|
|t:|1760824459
|switch|p2a: MTBTTF|Iron Hands|100/100
|-enditem|p2a: MTBTTF|Booster Energy
|-activate|p2a: MTBTTF|ability: Quark Drive|[fromitem]
|-start|p2a: MTBTTF|quarkdriveatk
|move|p1a: No condemnation|Iron Head|p2a: MTBTTF
|-resisted|p2a: MTBTTF
|-damage|p2a: MTBTTF|79/100
|
|-weather|Snowscape|[upkeep]
|upkeep
|turn|16
|inactive|Migstaper has 120 seconds left.
|
|t:|1760824470
|-end|p1a: No condemnation|fallen4|[silent]
|switch|p1a: ROMANS 10:9|Great Tusk, shiny|100/100
|-enditem|p1a: ROMANS 10:9|Booster Energy
|-activate|p1a: ROMANS 10:9|ability: Protosynthesis|[fromitem]
|-start|p1a: ROMANS 10:9|protosynthesisatk
|move|p2a: MTBTTF|Swords Dance|p2a: MTBTTF
|-boost|p2a: MTBTTF|atk|2
|
|-weather|none
|upkeep
|turn|17
|inactive|Migstaper has 120 seconds left.
|
|t:|1760824485
|-terastallize|p2a: MTBTTF|Flying
|move|p1a: ROMANS 10:9|Rapid Spin|p2a: MTBTTF
|-crit|p2a: MTBTTF
|-damage|p2a: MTBTTF|56/100
|-boost|p1a: ROMANS 10:9|spe|1
|move|p2a: MTBTTF|Ice Punch|p1a: ROMANS 10:9
|-supereffective|p1a: ROMANS 10:9
|-damage|p1a: ROMANS 10:9|0 fnt
|faint|p1a: ROMANS 10:9
|-end|p1a: ROMANS 10:9|Protosynthesis|[silent]
|
|upkeep
|
|t:|1760824496
|switch|p1a: No condemnation|Kingambit, M, shiny|100/100
|-activate|p1a: No condemnation|ability: Supreme Overlord
|-start|p1a: No condemnation|fallen5|[silent]
|turn|18
|
|t:|1760824503
|move|p1a: No condemnation|Sucker Punch||[still]
|-fail|p1a: No condemnation
|move|p2a: MTBTTF|Swords Dance|p2a: MTBTTF
|-boost|p2a: MTBTTF|atk|2
|
|upkeep
|turn|19
|inactive|Migstaper has 120 seconds left.
|
|t:|1760824508
|move|p2a: MTBTTF|Drain Punch|p1a: No condemnation
|-supereffective|p1a: No condemnation
|-damage|p1a: No condemnation|0 fnt
|-heal|p2a: MTBTTF|100/100|[from] drain|[of] p1a: No condemnation
|faint|p1a: No condemnation
|-end|p1a: No condemnation|fallen5|[silent]
|
|win|localdealerr
|raw|Migstaper's rating: 1680 &rarr; <strong>1663</strong><br />(-17 for losing)
|raw|localdealerr's rating: 1739 &rarr; <strong>1756</strong><br />(+17 for winning)
|l|☆Migstaper
|player|p1|
|c|☆localdealerr|gg
|l|☆localdealerr
|player|p2|
