|j|☆lord shiddenfards
|j|☆caesar nivis
|t:|1760865737
|gametype|singles
|player|p1|lord shiddenfards|rood|1466
|player|p2|caesar nivis|lance|1470
|gen|9
|tier|[Gen 9] OU
|rated|
|rule|HP Percentage Mod: HP is shown in percentages
|rule|Endless Battle Clause: Forcing endless battles is banned
|rule|Species Clause: Limit one of each Pokémon
|rule|OHKO Clause: OHKO moves are banned
|rule|Evasion Items Clause: Evasion items are banned
|rule|Evasion Moves Clause: Evasion moves are banned
|rule|Evasion Abilities Clause: Evasion abilities are banned
|rule|Sleep Moves Clause: Sleep-inducing moves are banned
|clearpoke
|poke|p1|Ninetales, M|
|poke|p1|Great Tusk|
|poke|p1|Slither Wing|
|poke|p1|Raging Bolt|
|poke|p1|Iron Moth|
|poke|p1|Alomomola, F|
|poke|p2|Ninetales-Alola, F|
|poke|p2|Ursaluna, M|
|poke|p2|Moltres-Galar|
|poke|p2|Iron Treads|
|poke|p2|Glastrier|
|poke|p2|Dondozo, F|
|teampreview
|inactive|Battle timer is ON: inactive players will automatically lose when time's up. (requested by caesar nivis)
|
|t:|1760865748
|teamsize|p1|6
|teamsize|p2|6
|start
|switch|p1a: Raging Bolt|Raging Bolt|100/100
|switch|p2a: Iron Treads|Iron Treads|100/100
|turn|1
|
|t:|1760865753
|-end|p1a: Raging Bolt|Protosynthesis|[silent]
|switch|p1a: Great Tusk|Great Tusk|100/100
|move|p2a: Iron Treads|Earthquake|p1a: Great Tusk
|-damage|p1a: Great Tusk|69/100
|
|upkeep
|turn|2
|
|t:|1760865780
|-end|p2a: Iron Treads|Quark Drive|[silent]
|switch|p2a: Moltres|Moltres-Galar|100/100
|-end|p1a: Great Tusk|Protosynthesis|[silent]
|switch|p1a: Alomomola|Alomomola, F|100/100
|
|upkeep
|turn|3
|
|t:|1760865788
|switch|p1a: Raging Bolt|Raging Bolt|100/100
|move|p2a: Moltres|Nasty Plot|p2a: Moltres
|-boost|p2a: Moltres|spa|2
|
|upkeep
|turn|4
|
|t:|1760865791
|move|p2a: Moltres|Fiery Wrath|p1a: Raging Bolt
|-damage|p1a: Raging Bolt|51/100
|move|p1a: Raging Bolt|Draco Meteor|p2a: Moltres
|-damage|p2a: Moltres|30/100
|-unboost|p1a: Raging Bolt|spa|2
|-ability|p2a: Moltres|Berserk|boost
|-boost|p2a: Moltres|spa|1
|
|-heal|p2a: Moltres|36/100|[from] item: Leftovers
|upkeep
|turn|5
|
|t:|1760865805
|-terastallize|p1a: Raging Bolt|Fairy
|move|p2a: Moltres|Fiery Wrath|p1a: Raging Bolt
|-resisted|p1a: Raging Bolt
|-damage|p1a: Raging Bolt|23/100
|cant|p1a: Raging Bolt|flinch
|
|-heal|p2a: Moltres|43/100|[from] item: Leftovers
|upkeep
|turn|6
|
|t:|1760865815
|-end|p1a: Raging Bolt|Protosynthesis|[silent]
|switch|p1a: Alomomola|Alomomola, F|100/100
|move|p2a: Moltres|Fiery Wrath|p1a: Alomomola
|-damage|p1a: Alomomola|6/100
|-enditem|p1a: Alomomola|Eject Button
|
|t:|1760865822
|switch|p1a: Slither Wing|Slither Wing|100/100
|
|-heal|p2a: Moltres|49/100|[from] item: Leftovers
|upkeep
|turn|7
|
|t:|1760865828
|switch|p2a: Dondozo|Dondozo, F|100/100
|move|p1a: Slither Wing|First Impression|p2a: Dondozo
|-damage|p2a: Dondozo|68/100
|
|-heal|p2a: Dondozo|74/100|[from] item: Leftovers
|upkeep
|turn|8
|
|t:|1760865834
|-end|p1a: Slither Wing|Protosynthesis|[silent]
|switch|p1a: Raging Bolt|Raging Bolt, tera:Fairy|23/100
|move|p2a: Dondozo|Body Press|p1a: Raging Bolt
|-resisted|p1a: Raging Bolt
|-damage|p1a: Raging Bolt|12/100
|
|-heal|p2a: Dondozo|80/100|[from] item: Leftovers
|upkeep
|turn|9
|
|t:|1760865846
|-end|p1a: Raging Bolt|Protosynthesis|[silent]
|switch|p1a: Slither Wing|Slither Wing|100/100
|switch|p2a: Iron Treads|Iron Treads|100/100
|
|upkeep
|turn|10
|
|t:|1760865858
|-end|p2a: Iron Treads|Quark Drive|[silent]
|switch|p2a: Dondozo|Dondozo, F|80/100
|move|p1a: Slither Wing|Close Combat|p2a: Dondozo
|-damage|p2a: Dondozo|35/100
|-unboost|p1a: Slither Wing|def|1
|-unboost|p1a: Slither Wing|spd|1
|
|-heal|p2a: Dondozo|41/100|[from] item: Leftovers
|upkeep
|turn|11
|
|t:|1760865864
|-end|p1a: Slither Wing|Protosynthesis|[silent]
|switch|p1a: Ninetales|Ninetales, M|100/100
|-weather|SunnyDay|[from] ability: Drought|[of] p1a: Ninetales
|move|p2a: Dondozo|Body Press|p1a: Ninetales
|-damage|p1a: Ninetales|56/100
|
|-weather|SunnyDay|[upkeep]
|-heal|p2a: Dondozo|47/100|[from] item: Leftovers
|upkeep
|turn|12
|
|t:|1760865875
|switch|p1a: Slither Wing|Slither Wing|100/100
|-activate|p1a: Slither Wing|ability: Protosynthesis
|-start|p1a: Slither Wing|protosynthesisatk
|move|p2a: Dondozo|Body Press|p1a: Slither Wing
|-resisted|p1a: Slither Wing
|-damage|p1a: Slither Wing|83/100
|
|-weather|SunnyDay|[upkeep]
|-heal|p2a: Dondozo|53/100|[from] item: Leftovers
|upkeep
|turn|13
|
|t:|1760865888
|move|p1a: Slither Wing|U-turn|p2a: Dondozo
|-damage|p2a: Dondozo|18/100
|
|t:|1760865895
|-end|p1a: Slither Wing|Protosynthesis|[silent]
|switch|p1a: Alomomola|Alomomola, F|39/100|[from] U-turn
|move|p2a: Dondozo|Rest|p2a: Dondozo
|-status|p2a: Dondozo|slp|[from] move: Rest
|-heal|p2a: Dondozo|100/100 slp|[silent]
|
|-weather|SunnyDay|[upkeep]
|upkeep
|turn|14
|
|t:|1760865898
|switch|p2a: Iron Treads|Iron Treads|100/100
|move|p1a: Alomomola|Wish|p1a: Alomomola
|
|-weather|SunnyDay|[upkeep]
|upkeep
|turn|15
|
|t:|1760865903
|switch|p1a: Great Tusk|Great Tusk|69/100
|-activate|p1a: Great Tusk|ability: Protosynthesis
|-start|p1a: Great Tusk|protosynthesisspe
|move|p2a: Iron Treads|Earthquake|p1a: Great Tusk
|-damage|p1a: Great Tusk|40/100
|
|-weather|none
|-end|p1a: Great Tusk|Protosynthesis
|-heal|p1a: Great Tusk|97/100|[from] move: Wish|[wisher] Alomomola
|upkeep
|turn|16
|
|t:|1760865927
|-end|p2a: Iron Treads|Quark Drive|[silent]
|switch|p2a: Ninetales|Ninetales-Alola, F|100/100
|-weather|Snowscape|[from] ability: Snow Warning|[of] p2a: Ninetales
|move|p1a: Great Tusk|Bulk Up|p1a: Great Tusk
|-boost|p1a: Great Tusk|atk|1
|-boost|p1a: Great Tusk|def|1
|
|-weather|Snowscape|[upkeep]
|upkeep
|turn|17
|
|t:|1760865931
|switch|p2a: Ursaluna|Ursaluna, M|100/100
|-end|p1a: Great Tusk|Protosynthesis|[silent]
|switch|p1a: Ninetales|Ninetales, M|56/100
|-weather|SunnyDay|[from] ability: Drought|[of] p1a: Ninetales
|
|-weather|SunnyDay|[upkeep]
|-status|p2a: Ursaluna|brn|[from] item: Flame Orb
|upkeep
|turn|18
|
|t:|1760865945
|-terastallize|p2a: Ursaluna|Normal
|move|p1a: Ninetales|Overheat|p2a: Ursaluna
|-damage|p2a: Ursaluna|7/100 brn
|-unboost|p1a: Ninetales|spa|2
|move|p2a: Ursaluna|Facade|p1a: Ninetales
|-damage|p1a: Ninetales|0 fnt
|faint|p1a: Ninetales
|
|-weather|SunnyDay|[upkeep]
|-damage|p2a: Ursaluna|1/100 brn|[from] brn
|upkeep
|
|t:|1760865955
|switch|p1a: Slither Wing|Slither Wing|83/100
|-activate|p1a: Slither Wing|ability: Protosynthesis
|-start|p1a: Slither Wing|protosynthesisatk
|turn|19
|
|t:|1760865958
|move|p1a: Slither Wing|U-turn|p2a: Ursaluna
|-damage|p2a: Ursaluna|0 fnt
|faint|p2a: Ursaluna
|
|t:|1760865984
|-end|p1a: Slither Wing|Protosynthesis|[silent]
|switch|p1a: Iron Moth|Iron Moth|100/100|[from] U-turn
|-enditem|p1a: Iron Moth|Booster Energy
|-activate|p1a: Iron Moth|ability: Quark Drive|[fromitem]
|-start|p1a: Iron Moth|quarkdrivespe
|
|-weather|SunnyDay|[upkeep]
|upkeep
|
|t:|1760865988
|switch|p2a: Ninetales|Ninetales-Alola, F|100/100
|-weather|Snowscape|[from] ability: Snow Warning|[of] p2a: Ninetales
|turn|20
|
|t:|1760865997
|move|p1a: Iron Moth|Fiery Dance|p2a: Ninetales
|-supereffective|p2a: Ninetales
|-damage|p2a: Ninetales|23/100
|-boost|p1a: Iron Moth|spa|1
|move|p2a: Ninetales|Aurora Veil|p2a: Ninetales
|-sidestart|p2: caesar nivis|move: Aurora Veil
|
|-weather|Snowscape|[upkeep]
|upkeep
|turn|21
|
|t:|1760866007
|move|p1a: Iron Moth|Fiery Dance|p2a: Ninetales
|-supereffective|p2a: Ninetales
|-damage|p2a: Ninetales|0 fnt
|faint|p2a: Ninetales
|
|-weather|Snowscape|[upkeep]
|upkeep
|
|t:|1760866009
|switch|p2a: Glastrier|Glastrier|100/100
|turn|22
|
|t:|1760866012
|move|p1a: Iron Moth|Fiery Dance|p2a: Glastrier
|-supereffective|p2a: Glastrier
|-damage|p2a: Glastrier|68/100
|-boost|p1a: Iron Moth|spa|1
|move|p2a: Glastrier|High Horsepower|p1a: Iron Moth
|-supereffective|p1a: Iron Moth
|-damage|p1a: Iron Moth|0 fnt
|faint|p1a: Iron Moth
|-end|p1a: Iron Moth|Quark Drive|[silent]
|-ability|p2a: Glastrier|Chilling Neigh|boost
|-boost|p2a: Glastrier|atk|1
|
|-weather|Snowscape|[upkeep]
|upkeep
|
|t:|1760866019
|switch|p1a: Alomomola|Alomomola, F|73/100
|turn|23
|
|t:|1760866024
|move|p1a: Alomomola|Protect|p1a: Alomomola
|-singleturn|p1a: Alomomola|Protect
|move|p2a: Glastrier|High Horsepower|p1a: Alomomola
|-activate|p1a: Alomomola|move: Protect
|
|-weather|Snowscape|[upkeep]
|upkeep
|turn|24
|
|t:|1760866030
|move|p1a: Alomomola|Flip Turn|p2a: Glastrier
|-damage|p2a: Glastrier|65/100
|
|t:|1760866043
|switch|p1a: Slither Wing|Slither Wing|83/100|[from] Flip Turn
|move|p2a: Glastrier|High Horsepower|p1a: Slither Wing
|-resisted|p1a: Slither Wing
|-damage|p1a: Slither Wing|43/100
|
|-weather|none
|upkeep
|turn|25
|
|t:|1760866048
|move|p1a: Slither Wing|U-turn|p2a: Glastrier
|-damage|p2a: Glastrier|45/100
|
|t:|1760866050
|-end|p1a: Slither Wing|Protosynthesis|[silent]
|switch|p1a: Alomomola|Alomomola, F|100/100|[from] U-turn
|move|p2a: Glastrier|Avalanche|p1a: Alomomola
|-resisted|p1a: Alomomola
|-damage|p1a: Alomomola|81/100
|
|upkeep
|turn|26
|
|t:|1760866059
|move|p1a: Alomomola|Protect|p1a: Alomomola
|-singleturn|p1a: Alomomola|Protect
|move|p2a: Glastrier|High Horsepower|p1a: Alomomola
|-activate|p1a: Alomomola|move: Protect
|
|upkeep
|turn|27
|
|t:|1760866065
|move|p1a: Alomomola|Wish|p1a: Alomomola
|move|p2a: Glastrier|Avalanche|p1a: Alomomola
|-resisted|p1a: Alomomola
|-damage|p1a: Alomomola|63/100
|
|-sideend|p2: caesar nivis|move: Aurora Veil
|upkeep
|turn|28
|
|t:|1760866071
|move|p1a: Alomomola|Flip Turn|p2a: Glastrier
|-damage|p2a: Glastrier|33/100
|
|t:|1760866074
|switch|p1a: Slither Wing|Slither Wing|43/100|[from] Flip Turn
|move|p2a: Glastrier|Avalanche|p1a: Slither Wing
|-damage|p1a: Slither Wing|0 fnt
|faint|p1a: Slither Wing
|-end|p1a: Slither Wing|Protosynthesis|[silent]
|-ability|p2a: Glastrier|Chilling Neigh|boost
|-boost|p2a: Glastrier|atk|1
|
|upkeep
|
|t:|1760866082
|switch|p1a: Raging Bolt|Raging Bolt, tera:Fairy|12/100
|turn|29
|
|t:|1760866090
|move|p1a: Raging Bolt|Draco Meteor|p2a: Glastrier
|-damage|p2a: Glastrier|0 fnt
|-unboost|p1a: Raging Bolt|spa|2
|faint|p2a: Glastrier
|
|upkeep
|
|t:|1760866094
|switch|p2a: Moltres|Moltres-Galar|49/100
|turn|30
|
|t:|1760866098
|-end|p1a: Raging Bolt|Protosynthesis|[silent]
|switch|p1a: Alomomola|Alomomola, F|96/100
|move|p2a: Moltres|Air Slash|p1a: Alomomola
|-damage|p1a: Alomomola|66/100
|
|-heal|p2a: Moltres|55/100|[from] item: Leftovers
|upkeep
|turn|31
|
|t:|1760866102
|move|p2a: Moltres|Nasty Plot|p2a: Moltres
|-boost|p2a: Moltres|spa|2
|move|p1a: Alomomola|Wish|p1a: Alomomola
|
|-heal|p2a: Moltres|61/100|[from] item: Leftovers
|upkeep
|turn|32
|
|t:|1760866109
|move|p1a: Alomomola|Protect|p1a: Alomomola
|-singleturn|p1a: Alomomola|Protect
|move|p2a: Moltres|Air Slash|p1a: Alomomola
|-activate|p1a: Alomomola|move: Protect
|
|-heal|p1a: Alomomola|100/100|[from] move: Wish|[wisher] Alomomola
|-heal|p2a: Moltres|67/100|[from] item: Leftovers
|upkeep
|turn|33
|
|t:|1760866116
|move|p2a: Moltres|Agility|p2a: Moltres
|-boost|p2a: Moltres|spe|2
|move|p1a: Alomomola|Flip Turn|p2a: Moltres
|-damage|p2a: Moltres|49/100
|-ability|p2a: Moltres|Berserk|boost
|-boost|p2a: Moltres|spa|1
|
|t:|1760866120
|switch|p1a: Raging Bolt|Raging Bolt, tera:Fairy|12/100|[from] Flip Turn
|
|-heal|p2a: Moltres|56/100|[from] item: Leftovers
|upkeep
|turn|34
|
|t:|1760866125
|move|p2a: Moltres|Air Slash|p1a: Raging Bolt
|-damage|p1a: Raging Bolt|0 fnt
|faint|p1a: Raging Bolt
|-end|p1a: Raging Bolt|Protosynthesis|[silent]
|
|-heal|p2a: Moltres|62/100|[from] item: Leftovers
|upkeep
|-message|lord shiddenfards forfeited.
|
|win|caesar nivis
|raw|lord shiddenfards's rating: 1466 &rarr; <strong>1446</strong><br />(-20 for losing)
|raw|caesar nivis's rating: 1470 &rarr; <strong>1490</strong><br />(+20 for winning)
|l|☆lord shiddenfards
|player|p1|
|l|☆caesar nivis
|player|p2|
