|j|☆THRZ_Butter
|j|☆Madam Ferix
|t:|1760858805
|gametype|singles
|player|p1|THRZ_Butter|janitor|1409
|player|p2|Madam Ferix|nita|1416
|gen|9
|tier|[Gen 9] OU
|rated|
|rule|HP Percentage Mod: HP is shown in percentages
|rule|Endless Battle Clause: Forcing endless battles is banned
|rule|Species Clause: Limit one of each Pokémon
|rule|OHKO Clause: OHKO moves are banned
|rule|Evasion Items Clause: Evasion items are banned
|rule|Evasion Moves Clause: Evasion moves are banned
|rule|Evasion Abilities Clause: Evasion abilities are banned
|rule|Sleep Moves Clause: Sleep-inducing moves are banned
|clearpoke
|poke|p1|Rillaboom, M|
|poke|p1|Hatterene, F|
|poke|p1|Heatran, F|
|poke|p1|Great Tusk|
|poke|p1|Kyurem|
|poke|p1|Slowking-Galar, M|
|poke|p2|Kyurem|
|poke|p2|Ting-Lu|
|poke|p2|Sinistcha|
|poke|p2|Slowking, F|
|poke|p2|Glimmora, F|
|poke|p2|Scizor, F|
|teampreview
|inactive|Battle timer is ON: inactive players will automatically lose when time's up. (requested by THRZ_Butter)
|
|t:|1760858820
|teamsize|p1|6
|teamsize|p2|6
|start
|switch|p1a: Kyurem|Kyurem|100/100
|switch|p2a: Fracture Conjurer|Ting-Lu|100/100
|-ability|p1a: Kyurem|Pressure
|-ability|p2a: Fracture Conjurer|Vessel of Ruin
|turn|1
|
|t:|1760858829
|move|p1a: Kyurem|Ice Beam|p2a: Fracture Conjurer
|-supereffective|p2a: Fracture Conjurer
|-damage|p2a: Fracture Conjurer|43/100
|move|p2a: Fracture Conjurer|Whirlwind|p1a: Kyurem
|drag|p1a: Slowking|Slowking-Galar, M|100/100
|
|-heal|p2a: Fracture Conjurer|49/100|[from] item: Leftovers
|upkeep
|turn|2
|
|t:|1760858833
|switch|p1a: Hatterene|Hatterene, F|100/100
|move|p2a: Fracture Conjurer|Stealth Rock|p1a: Hatterene
|move|p1a: Hatterene|Stealth Rock|p2a: Fracture Conjurer|[from] ability: Magic Bounce
|-sidestart|p2: Madam Ferix|move: Stealth Rock
|
|-heal|p2a: Fracture Conjurer|55/100|[from] item: Leftovers
|upkeep
|turn|3
|
|t:|1760858842
|move|p2a: Fracture Conjurer|Ruination|p1a: Hatterene
|-damage|p1a: Hatterene|51/100
|move|p1a: Hatterene|Calm Mind|p1a: Hatterene
|-boost|p1a: Hatterene|spa|1
|-boost|p1a: Hatterene|spd|1
|
|-heal|p2a: Fracture Conjurer|62/100|[from] item: Leftovers
|upkeep
|turn|4
|
|t:|1760858848
|switch|p2a: Steampunk Sappho|Scizor, F|100/100
|-damage|p2a: Steampunk Sappho|88/100|[from] Stealth Rock
|move|p1a: Hatterene|Draining Kiss|p2a: Steampunk Sappho
|-resisted|p2a: Steampunk Sappho
|-damage|p2a: Steampunk Sappho|66/100
|-heal|p1a: Hatterene|69/100|[from] drain|[of] p2a: Steampunk Sappho
|
|upkeep
|turn|5
|
|t:|1760858858
|switch|p1a: Heatran|Heatran, F|100/100
|move|p2a: Steampunk Sappho|U-turn|p1a: Heatran
|-resisted|p1a: Heatran
|-damage|p1a: Heatran|93/100
|
|t:|1760858862
|switch|p2a: No Laughing Matter|Slowking, F|100/100|[from] U-turn
|
|-heal|p1a: Heatran|99/100|[from] item: Leftovers
|upkeep
|turn|6
|
|t:|1760858868
|switch|p1a: Kyurem|Kyurem|100/100
|-ability|p1a: Kyurem|Pressure
|move|p2a: No Laughing Matter|Scald|p1a: Kyurem
|-resisted|p1a: Kyurem
|-damage|p1a: Kyurem|86/100
|
|upkeep
|turn|7
|
|t:|1760858885
|move|p1a: Kyurem|Freeze-Dry|p2a: No Laughing Matter
|-supereffective|p2a: No Laughing Matter
|-damage|p2a: No Laughing Matter|41/100
|-status|p2a: No Laughing Matter|frz
|-prepare|p2a: No Laughing Matter|Chilly Reception|[premajor]
|cant|p2a: No Laughing Matter|frz
|
|upkeep
|turn|8
|
|t:|1760858898
|switch|p2a: Steampunk Sappho|Scizor, F|66/100
|-damage|p2a: Steampunk Sappho|53/100|[from] Stealth Rock
|move|p1a: Kyurem|Freeze-Dry|p2a: Steampunk Sappho
|-resisted|p2a: Steampunk Sappho
|-damage|p2a: Steampunk Sappho|19/100
|-enditem|p2a: Steampunk Sappho|Sitrus Berry|[eat]
|-heal|p2a: Steampunk Sappho|44/100|[from] item: Sitrus Berry
|
|upkeep
|turn|9
|
|t:|1760858904
|switch|p1a: Great Tusk|Great Tusk|100/100
|-enditem|p1a: Great Tusk|Booster Energy
|-activate|p1a: Great Tusk|ability: Protosynthesis|[fromitem]
|-start|p1a: Great Tusk|protosynthesisspe
|move|p2a: Steampunk Sappho|Knock Off|p1a: Great Tusk
|-resisted|p1a: Great Tusk
|-damage|p1a: Great Tusk|93/100
|
|upkeep
|turn|10
|
|t:|1760858911
|switch|p2a: Elephant's Foot|Sinistcha|100/100
|move|p1a: Great Tusk|Ice Spinner|p2a: Elephant's Foot
|-supereffective|p2a: Elephant's Foot
|-damage|p2a: Elephant's Foot|69/100
|
|upkeep
|turn|11
|
|t:|1760858917
|-end|p1a: Great Tusk|Protosynthesis|[silent]
|switch|p1a: Heatran|Heatran, F|99/100
|move|p2a: Elephant's Foot|Matcha Gotcha|p1a: Heatran
|-resisted|p1a: Heatran
|-damage|p1a: Heatran|94/100
|-heal|p2a: Elephant's Foot|72/100|[from] drain|[of] p1a: Heatran
|
|-heal|p1a: Heatran|100/100|[from] item: Leftovers
|upkeep
|turn|12
|
|t:|1760858924
|switch|p2a: No Laughing Matter|Slowking, F|74/100 frz
|move|p1a: Heatran|Taunt|p2a: No Laughing Matter
|-start|p2a: No Laughing Matter|move: Taunt
|
|upkeep
|turn|13
|
|t:|1760858929
|switch|p1a: Kyurem|Kyurem|86/100
|-ability|p1a: Kyurem|Pressure
|-curestatus|p2a: No Laughing Matter|frz|[from] move: Scald
|move|p2a: No Laughing Matter|Scald|p1a: Kyurem
|-resisted|p1a: Kyurem
|-damage|p1a: Kyurem|73/100
|
|upkeep
|turn|14
|
|t:|1760858937
|move|p1a: Kyurem|Freeze-Dry|p2a: No Laughing Matter
|-supereffective|p2a: No Laughing Matter
|-damage|p2a: No Laughing Matter|9/100
|move|p2a: No Laughing Matter|Future Sight|p1a: Kyurem
|-start|p2a: No Laughing Matter|move: Future Sight
|
|-end|p2a: No Laughing Matter|move: Taunt
|upkeep
|turn|15
|
|t:|1760858942
|switch|p2a: Mobster Mommy|Kyurem|100/100
|-damage|p2a: Mobster Mommy|75/100|[from] Stealth Rock
|-ability|p2a: Mobster Mommy|Pressure
|move|p1a: Kyurem|Freeze-Dry|p2a: Mobster Mommy
|-damage|p2a: Mobster Mommy|27/100
|
|-heal|p2a: Mobster Mommy|33/100|[from] item: Leftovers
|upkeep
|turn|16
|
|t:|1760858946
|switch|p1a: Heatran|Heatran, F|100/100
|move|p2a: Mobster Mommy|Substitute|p2a: Mobster Mommy
|-start|p2a: Mobster Mommy|Substitute
|-damage|p2a: Mobster Mommy|8/100
|
|-end|p1a: Heatran|move: Future Sight
|-resisted|p1a: Heatran
|-damage|p1a: Heatran|88/100
|-heal|p2a: Mobster Mommy|15/100|[from] item: Leftovers
|-heal|p1a: Heatran|94/100|[from] item: Leftovers
|upkeep
|turn|17
|
|t:|1760858949
|move|p2a: Mobster Mommy|Earth Power|p1a: Heatran
|-supereffective|p1a: Heatran
|-damage|p1a: Heatran|18/100
|move|p1a: Heatran|Earth Power|p2a: Mobster Mommy
|-activate|p2a: Mobster Mommy|move: Substitute|[damage]
|
|-heal|p2a: Mobster Mommy|21/100|[from] item: Leftovers
|-heal|p1a: Heatran|24/100|[from] item: Leftovers
|upkeep
|turn|18
|
|t:|1760858954
|move|p2a: Mobster Mommy|Earth Power|p1a: Heatran
|-supereffective|p1a: Heatran
|-damage|p1a: Heatran|0 fnt
|faint|p1a: Heatran
|
|-heal|p2a: Mobster Mommy|27/100|[from] item: Leftovers
|upkeep
|
|t:|1760858959
|switch|p1a: Kyurem|Kyurem|73/100
|-ability|p1a: Kyurem|Pressure
|turn|19
|
|t:|1760858968
|move|p2a: Mobster Mommy|Protect|p2a: Mobster Mommy
|-singleturn|p2a: Mobster Mommy|Protect
|move|p1a: Kyurem|Freeze-Dry|p2a: Mobster Mommy
|-activate|p2a: Mobster Mommy|move: Protect
|
|-heal|p2a: Mobster Mommy|33/100|[from] item: Leftovers
|upkeep
|turn|20
|
|t:|1760858970
|move|p1a: Kyurem|Freeze-Dry|p2a: Mobster Mommy
|-end|p2a: Mobster Mommy|Substitute
|move|p2a: Mobster Mommy|Freeze-Dry|p1a: Kyurem
|-damage|p1a: Kyurem|41/100
|
|-heal|p2a: Mobster Mommy|39/100|[from] item: Leftovers
|upkeep
|turn|21
|
|t:|1760858972
|move|p2a: Mobster Mommy|Protect|p2a: Mobster Mommy
|-singleturn|p2a: Mobster Mommy|Protect
|move|p1a: Kyurem|Freeze-Dry|p2a: Mobster Mommy
|-activate|p2a: Mobster Mommy|move: Protect
|
|-heal|p2a: Mobster Mommy|46/100|[from] item: Leftovers
|upkeep
|turn|22
|
|t:|1760858983
|switch|p2a: Lesbians are Nigh|Glimmora, F|100/100
|-damage|p2a: Lesbians are Nigh|88/100|[from] Stealth Rock
|move|p1a: Kyurem|Freeze-Dry|p2a: Lesbians are Nigh
|-damage|p2a: Lesbians are Nigh|22/100
|
|upkeep
|turn|23
|
|t:|1760858990
|move|p1a: Kyurem|Freeze-Dry|p2a: Lesbians are Nigh
|-damage|p2a: Lesbians are Nigh|0 fnt
|faint|p2a: Lesbians are Nigh
|
|upkeep
|
|t:|1760858992
|switch|p2a: Steampunk Sappho|Scizor, F|44/100
|-damage|p2a: Steampunk Sappho|32/100|[from] Stealth Rock
|turn|24
|
|t:|1760858999
|switch|p1a: Great Tusk|Great Tusk|93/100
|move|p2a: Steampunk Sappho|Defog|p1a: Great Tusk
|-unboost|p1a: Great Tusk|evasion|1
|-sideend|p2: Madam Ferix|Stealth Rock|[from] move: Defog|[of] p2a: Steampunk Sappho
|
|upkeep
|turn|25
|
|t:|1760859005
|switch|p2a: Elephant's Foot|Sinistcha|72/100
|move|p1a: Great Tusk|Ice Spinner|p2a: Elephant's Foot
|-supereffective|p2a: Elephant's Foot
|-damage|p2a: Elephant's Foot|42/100
|
|upkeep
|turn|26
|
|t:|1760859008
|-end|p1a: Great Tusk|Protosynthesis|[silent]
|switch|p1a: Slowking|Slowking-Galar, M|100/100
|move|p2a: Elephant's Foot|Strength Sap|p1a: Slowking
|-unboost|p1a: Slowking|atk|1
|-heal|p2a: Elephant's Foot|90/100
|
|upkeep
|turn|27
|
|t:|1760859017
|switch|p2a: No Laughing Matter|Slowking, F|42/100
|move|p1a: Slowking|Future Sight|p2a: No Laughing Matter
|-start|p1a: Slowking|move: Future Sight
|
|upkeep
|turn|28
|
|t:|1760859025
|-prepare|p1a: Slowking|Chilly Reception|[premajor]
|move|p1a: Slowking|Chilly Reception|p1a: Slowking
|-weather|Snowscape
|
|t:|1760859030
|switch|p1a: Kyurem|Kyurem|41/100|[from] Chilly Reception
|-ability|p1a: Kyurem|Pressure
|move|p2a: No Laughing Matter|Slack Off|p2a: No Laughing Matter
|-heal|p2a: No Laughing Matter|92/100
|
|-weather|Snowscape|[upkeep]
|upkeep
|turn|29
|
|t:|1760859038
|-terastallize|p1a: Kyurem|Ice
|move|p1a: Kyurem|Freeze-Dry|p2a: No Laughing Matter
|-supereffective|p2a: No Laughing Matter
|-damage|p2a: No Laughing Matter|1/100
|-status|p2a: No Laughing Matter|frz
|-curestatus|p2a: No Laughing Matter|frz|[msg]
|move|p2a: No Laughing Matter|Slack Off|p2a: No Laughing Matter
|-heal|p2a: No Laughing Matter|51/100
|
|-weather|Snowscape|[upkeep]
|-end|p2a: No Laughing Matter|move: Future Sight
|-resisted|p2a: No Laughing Matter
|-damage|p2a: No Laughing Matter|38/100
|upkeep
|turn|30
|
|t:|1760859049
|switch|p2a: Fracture Conjurer|Ting-Lu|62/100
|-ability|p2a: Fracture Conjurer|Vessel of Ruin
|move|p1a: Kyurem|Freeze-Dry|p2a: Fracture Conjurer
|-supereffective|p2a: Fracture Conjurer
|-damage|p2a: Fracture Conjurer|5/100
|
|-weather|Snowscape|[upkeep]
|-heal|p2a: Fracture Conjurer|11/100|[from] item: Leftovers
|upkeep
|turn|31
|
|t:|1760859053
|move|p1a: Kyurem|Freeze-Dry|p2a: Fracture Conjurer
|-supereffective|p2a: Fracture Conjurer
|-damage|p2a: Fracture Conjurer|0 fnt
|faint|p2a: Fracture Conjurer
|
|-weather|Snowscape|[upkeep]
|upkeep
|
|t:|1760859057
|switch|p2a: Steampunk Sappho|Scizor, F|32/100
|turn|32
|
|t:|1760859060
|switch|p1a: Great Tusk|Great Tusk|93/100
|move|p2a: Steampunk Sappho|U-turn|p1a: Great Tusk
|-resisted|p1a: Great Tusk
|-damage|p1a: Great Tusk|80/100
|
|t:|1760859063
|switch|p2a: Elephant's Foot|Sinistcha|90/100|[from] U-turn
|
|-weather|none
|upkeep
|turn|33
|
|t:|1760859069
|-end|p1a: Great Tusk|Protosynthesis|[silent]
|switch|p1a: Slowking|Slowking-Galar, M|100/100
|switch|p2a: No Laughing Matter|Slowking, F|72/100
|
|upkeep
|turn|34
|
|t:|1760859072
|move|p2a: No Laughing Matter|Future Sight|p1a: Slowking
|-start|p2a: No Laughing Matter|move: Future Sight
|move|p1a: Slowking|Sludge Bomb|p2a: No Laughing Matter
|-damage|p2a: No Laughing Matter|50/100
|
|upkeep
|turn|35
|
|t:|1760859079
|switch|p2a: Steampunk Sappho|Scizor, F|32/100
|move|p1a: Slowking|Future Sight|p2a: Steampunk Sappho
|-start|p1a: Slowking|move: Future Sight
|
|upkeep
|turn|36
|
|t:|1760859089
|switch|p1a: Rillaboom|Rillaboom, M|100/100
|-fieldstart|move: Grassy Terrain|[from] ability: Grassy Surge|[of] p1a: Rillaboom
|move|p2a: Steampunk Sappho|Knock Off|p1a: Rillaboom
|-damage|p1a: Rillaboom|63/100
|-enditem|p1a: Rillaboom|Choice Band|[from] move: Knock Off|[of] p2a: Steampunk Sappho
|
|-end|p1a: Rillaboom|move: Future Sight
|-damage|p1a: Rillaboom|3/100
|-heal|p1a: Rillaboom|10/100|[from] Grassy Terrain
|-heal|p2a: Steampunk Sappho|38/100|[from] Grassy Terrain
|upkeep
|turn|37
|
|t:|1760859100
|switch|p1a: Great Tusk|Great Tusk|80/100
|move|p2a: Steampunk Sappho|Bullet Punch|p1a: Great Tusk
|-damage|p1a: Great Tusk|58/100
|
|-end|p2a: Steampunk Sappho|move: Future Sight
|-resisted|p2a: Steampunk Sappho
|-damage|p2a: Steampunk Sappho|11/100
|-heal|p1a: Great Tusk|64/100|[from] Grassy Terrain
|-heal|p2a: Steampunk Sappho|17/100|[from] Grassy Terrain
|upkeep
|turn|38
|
|t:|1760859107
|switch|p2a: Elephant's Foot|Sinistcha|90/100
|move|p1a: Great Tusk|Ice Spinner|p2a: Elephant's Foot
|-supereffective|p2a: Elephant's Foot
|-damage|p2a: Elephant's Foot|60/100
|-fieldend|move: Grassy Terrain
|
|upkeep
|turn|39
|
|t:|1760859113
|-end|p1a: Great Tusk|Protosynthesis|[silent]
|switch|p1a: Slowking|Slowking-Galar, M|100/100
|switch|p2a: No Laughing Matter|Slowking, F|83/100
|
|upkeep
|turn|40
|
|t:|1760859116
|move|p2a: No Laughing Matter|Future Sight|p1a: Slowking
|-start|p2a: No Laughing Matter|move: Future Sight
|-prepare|p1a: Slowking|Chilly Reception|[premajor]
|move|p1a: Slowking|Chilly Reception|p1a: Slowking
|-weather|Snowscape
|
|t:|1760859118
|switch|p1a: Rillaboom|Rillaboom, M|10/100|[from] Chilly Reception
|-fieldstart|move: Grassy Terrain|[from] ability: Grassy Surge|[of] p1a: Rillaboom
|
|-weather|Snowscape|[upkeep]
|-heal|p1a: Rillaboom|16/100|[from] Grassy Terrain
|-heal|p2a: No Laughing Matter|90/100|[from] Grassy Terrain
|upkeep
|turn|41
|
|t:|1760859129
|-terastallize|p2a: No Laughing Matter|Fairy
|move|p1a: Rillaboom|U-turn|p2a: No Laughing Matter
|-resisted|p2a: No Laughing Matter
|-damage|p2a: No Laughing Matter|76/100
|
|t:|1760859133
|switch|p1a: Hatterene|Hatterene, F|69/100|[from] U-turn
|-enditem|p1a: Hatterene|Grassy Seed
|-boost|p1a: Hatterene|def|1|[from] item: Grassy Seed
|move|p2a: No Laughing Matter|Slack Off|p2a: No Laughing Matter
|-heal|p2a: No Laughing Matter|100/100
|
|-weather|Snowscape|[upkeep]
|-heal|p1a: Hatterene|75/100|[from] Grassy Terrain
|upkeep
|turn|42
|
|t:|1760859140
|move|p1a: Hatterene|Mystical Fire|p2a: No Laughing Matter
|-damage|p2a: No Laughing Matter|86/100
|-unboost|p2a: No Laughing Matter|spa|1
|-prepare|p2a: No Laughing Matter|Chilly Reception|[premajor]
|move|p2a: No Laughing Matter|Chilly Reception|p2a: No Laughing Matter
|
|t:|1760859142
|switch|p2a: Steampunk Sappho|Scizor, F|17/100|[from] Chilly Reception
|
|-weather|Snowscape|[upkeep]
|-end|p1a: Hatterene|move: Future Sight
|-resisted|p1a: Hatterene
|-damage|p1a: Hatterene|53/100
|-heal|p2a: Steampunk Sappho|23/100|[from] Grassy Terrain
|-heal|p1a: Hatterene|59/100|[from] Grassy Terrain
|upkeep
|turn|43
|
|t:|1760859146
|move|p2a: Steampunk Sappho|U-turn|p1a: Hatterene
|-damage|p1a: Hatterene|34/100
|
|t:|1760859149
|switch|p2a: No Laughing Matter|Slowking, F, tera:Fairy|100/100|[from] U-turn
|move|p1a: Hatterene|Mystical Fire|p2a: No Laughing Matter
|-damage|p2a: No Laughing Matter|84/100
|-unboost|p2a: No Laughing Matter|spa|1
|
|-weather|Snowscape|[upkeep]
|-heal|p1a: Hatterene|40/100|[from] Grassy Terrain
|-heal|p2a: No Laughing Matter|90/100|[from] Grassy Terrain
|upkeep
|turn|44
|
|t:|1760859153
|move|p1a: Hatterene|Draining Kiss|p2a: No Laughing Matter
|-damage|p2a: No Laughing Matter|75/100
|-heal|p1a: Hatterene|53/100|[from] drain|[of] p2a: No Laughing Matter
|-prepare|p2a: No Laughing Matter|Chilly Reception|[premajor]
|move|p2a: No Laughing Matter|Chilly Reception|p2a: No Laughing Matter
|
|t:|1760859155
|switch|p2a: Steampunk Sappho|Scizor, F|23/100|[from] Chilly Reception
|
|-weather|none
|-heal|p2a: Steampunk Sappho|29/100|[from] Grassy Terrain
|-heal|p1a: Hatterene|59/100|[from] Grassy Terrain
|-fieldend|move: Grassy Terrain
|upkeep
|turn|45
|
|t:|1760859160
|move|p2a: Steampunk Sappho|U-turn|p1a: Hatterene
|-damage|p1a: Hatterene|33/100
|
|t:|1760859162
|switch|p2a: No Laughing Matter|Slowking, F, tera:Fairy|100/100|[from] U-turn
|move|p1a: Hatterene|Mystical Fire|p2a: No Laughing Matter
|-damage|p2a: No Laughing Matter|86/100
|-unboost|p2a: No Laughing Matter|spa|1
|
|upkeep
|turn|46
|
|t:|1760859166
|move|p1a: Hatterene|Draining Kiss|p2a: No Laughing Matter
|-damage|p2a: No Laughing Matter|71/100
|-heal|p1a: Hatterene|47/100|[from] drain|[of] p2a: No Laughing Matter
|move|p2a: No Laughing Matter|Scald|p1a: Hatterene
|-damage|p1a: Hatterene|29/100
|
|upkeep
|turn|47
|
|t:|1760859170
|switch|p2a: Steampunk Sappho|Scizor, F|29/100
|move|p1a: Hatterene|Draining Kiss|p2a: Steampunk Sappho
|-resisted|p2a: Steampunk Sappho
|-damage|p2a: Steampunk Sappho|14/100
|-heal|p1a: Hatterene|41/100|[from] drain|[of] p2a: Steampunk Sappho
|
|upkeep
|turn|48
|
|t:|1760859175
|move|p2a: Steampunk Sappho|U-turn|p1a: Hatterene
|-damage|p1a: Hatterene|14/100
|
|t:|1760859180
|switch|p2a: Elephant's Foot|Sinistcha|60/100|[from] U-turn
|move|p1a: Hatterene|Draining Kiss|p2a: Elephant's Foot
|-damage|p2a: Elephant's Foot|29/100
|-heal|p1a: Hatterene|39/100|[from] drain|[of] p2a: Elephant's Foot
|
|upkeep
|turn|49
|
|t:|1760859186
|switch|p1a: Slowking|Slowking-Galar, M|100/100
|move|p2a: Elephant's Foot|Hex|p1a: Slowking
|-supereffective|p1a: Slowking
|-damage|p1a: Slowking|68/100
|
|upkeep
|turn|50
|
|t:|1760859191
|move|p2a: Elephant's Foot|Strength Sap|p1a: Slowking
|-unboost|p1a: Slowking|atk|1
|-heal|p2a: Elephant's Foot|77/100
|-prepare|p1a: Slowking|Chilly Reception|[premajor]
|move|p1a: Slowking|Chilly Reception|p1a: Slowking
|-weather|Snowscape
|
|t:|1760859193
|switch|p1a: Kyurem|Kyurem, tera:Ice|41/100|[from] Chilly Reception
|-ability|p1a: Kyurem|Pressure
|
|-weather|Snowscape|[upkeep]
|upkeep
|turn|51
|
|t:|1760859197
|switch|p2a: No Laughing Matter|Slowking, F, tera:Fairy|100/100
|move|p1a: Kyurem|Ice Beam|p2a: No Laughing Matter
|-damage|p2a: No Laughing Matter|42/100
|
|-weather|Snowscape|[upkeep]
|upkeep
|turn|52
|
|t:|1760859207
|move|p1a: Kyurem|Ice Beam|p2a: No Laughing Matter
|-damage|p2a: No Laughing Matter|0 fnt
|faint|p2a: No Laughing Matter
|
|-weather|Snowscape|[upkeep]
|upkeep
|
|t:|1760859210
|switch|p2a: Steampunk Sappho|Scizor, F|14/100
|turn|53
|
|t:|1760859216
|switch|p1a: Great Tusk|Great Tusk|64/100
|move|p2a: Steampunk Sappho|U-turn|p1a: Great Tusk
|-resisted|p1a: Great Tusk
|-damage|p1a: Great Tusk|51/100
|
|t:|1760859218
|switch|p2a: Mobster Mommy|Kyurem|46/100|[from] U-turn
|-ability|p2a: Mobster Mommy|Pressure
|
|-weather|Snowscape|[upkeep]
|-heal|p2a: Mobster Mommy|52/100|[from] item: Leftovers
|upkeep
|turn|54
|
|t:|1760859224
|move|p2a: Mobster Mommy|Substitute|p2a: Mobster Mommy
|-start|p2a: Mobster Mommy|Substitute
|-damage|p2a: Mobster Mommy|27/100
|move|p1a: Great Tusk|Headlong Rush|p2a: Mobster Mommy
|-end|p2a: Mobster Mommy|Substitute
|-unboost|p1a: Great Tusk|def|1
|-unboost|p1a: Great Tusk|spd|1
|
|-weather|none
|-heal|p2a: Mobster Mommy|33/100|[from] item: Leftovers
|upkeep
|turn|55
|
|t:|1760859232
|-end|p1a: Great Tusk|Protosynthesis|[silent]
|switch|p1a: Rillaboom|Rillaboom, M|16/100
|-fieldstart|move: Grassy Terrain|[from] ability: Grassy Surge|[of] p1a: Rillaboom
|move|p2a: Mobster Mommy|Freeze-Dry|p1a: Rillaboom
|-supereffective|p1a: Rillaboom
|-damage|p1a: Rillaboom|0 fnt
|faint|p1a: Rillaboom
|
|-heal|p2a: Mobster Mommy|39/100|[from] Grassy Terrain
|-heal|p2a: Mobster Mommy|45/100|[from] item: Leftovers
|upkeep
|
|t:|1760859234
|switch|p1a: Kyurem|Kyurem, tera:Ice|41/100
|-ability|p1a: Kyurem|Pressure
|turn|56
|
|t:|1760859237
|move|p2a: Mobster Mommy|Protect|p2a: Mobster Mommy
|-singleturn|p2a: Mobster Mommy|Protect
|move|p1a: Kyurem|Ice Beam|p2a: Mobster Mommy
|-activate|p2a: Mobster Mommy|move: Protect
|
|-heal|p1a: Kyurem|47/100|[from] Grassy Terrain
|-heal|p2a: Mobster Mommy|51/100|[from] Grassy Terrain
|-heal|p2a: Mobster Mommy|58/100|[from] item: Leftovers
|upkeep
|turn|57
|
|t:|1760859241
|move|p1a: Kyurem|Ice Beam|p2a: Mobster Mommy
|-damage|p2a: Mobster Mommy|0 fnt
|faint|p2a: Mobster Mommy
|
|-heal|p1a: Kyurem|53/100|[from] Grassy Terrain
|upkeep
|-message|Madam Ferix forfeited.
|
|win|THRZ_Butter
|raw|THRZ_Butter's rating: 1409 &rarr; <strong>1429</strong><br />(+20 for winning)
|raw|Madam Ferix's rating: 1416 &rarr; <strong>1396</strong><br />(-20 for losing)
|l|☆Madam Ferix
|player|p2|
|c|☆THRZ_Butter|damn
