|j|☆Certified Rock
|j|☆Aceitope
|t:|1760720771
|gametype|singles
|player|p1|Certified Rock|170|1365
|player|p2|Aceitope|caitlin-masters|1327
|gen|9
|tier|[Gen 9] OU
|rated|
|rule|HP Percentage Mod: HP is shown in percentages
|rule|Endless Battle Clause: Forcing endless battles is banned
|rule|Species Clause: Limit one of each Pokémon
|rule|OHKO Clause: OHKO moves are banned
|rule|Evasion Items Clause: Evasion items are banned
|rule|Evasion Moves Clause: Evasion moves are banned
|rule|Evasion Abilities Clause: Evasion abilities are banned
|rule|Sleep Moves Clause: Sleep-inducing moves are banned
|clearpoke
|poke|p1|Zapdos|
|poke|p1|Great Tusk|
|poke|p1|Greninja-*, M|
|poke|p1|Garganacl, M|
|poke|p1|Dragapult, M|
|poke|p1|Tinkaton, F|
|poke|p2|Mamoswine, M|
|poke|p2|Tornadus-Therian, M|
|poke|p2|Darkrai|
|poke|p2|Hatterene, F|
|poke|p2|Heatran, M|
|poke|p2|Zamazenta-*|
|teampreview
|inactive|Battle timer is ON: inactive players will automatically lose when time's up. (requested by Certified Rock)
|inactive|Certified Rock has 120 seconds left.
|inactive|Certified Rock has 90 seconds left.
|inactive|Certified Rock has 60 seconds left.
|
|t:|1760720870
|teamsize|p1|6
|teamsize|p2|6
|start
|switch|p1a: Tinkaton|Tinkaton, F|100/100
|switch|p2a: Heatran|Heatran, M|100/100
|-ability|p1a: Tinkaton|Mold Breaker
|-item|p1a: Tinkaton|Air Balloon
|turn|1
|inactive|Certified Rock has 120 seconds left.
|
|t:|1760720876
|switch|p1a: Garganacl|Garganacl, M|100/100
|move|p2a: Heatran|Taunt|p1a: Garganacl
|-start|p1a: Garganacl|move: Taunt
|
|upkeep
|turn|2
|
|t:|1760720885
|move|p2a: Heatran|Stealth Rock|p1a: Garganacl
|-sidestart|p1: Certified Rock|move: Stealth Rock
|move|p1a: Garganacl|Body Press|p2a: Heatran
|-supereffective|p2a: Heatran
|-damage|p2a: Heatran|71/100
|
|upkeep
|turn|3
|
|t:|1760720890
|switch|p2a: Hatterene|Hatterene, F|100/100
|move|p1a: Garganacl|Salt Cure|p2a: Hatterene
|-damage|p2a: Hatterene|89/100
|-start|p2a: Hatterene|Salt Cure
|
|-damage|p2a: Hatterene|77/100|[from] Salt Cure
|-end|p1a: Garganacl|move: Taunt
|upkeep
|turn|4
|
|t:|1760720897
|switch|p1a: Tinkaton|Tinkaton, F|100/100
|-damage|p1a: Tinkaton|94/100|[from] Stealth Rock
|-ability|p1a: Tinkaton|Mold Breaker
|-item|p1a: Tinkaton|Air Balloon
|move|p2a: Hatterene|Psychic Noise|p1a: Tinkaton
|-resisted|p1a: Tinkaton
|-damage|p1a: Tinkaton|79/100
|-start|p1a: Tinkaton|move: Heal Block
|-enditem|p1a: Tinkaton|Air Balloon
|
|-damage|p2a: Hatterene|65/100|[from] Salt Cure
|upkeep
|turn|5
|
|t:|1760720903
|switch|p2a: Heatran|Heatran, M|71/100
|move|p1a: Tinkaton|Stealth Rock|p2a: Heatran
|-sidestart|p2: Aceitope|move: Stealth Rock
|
|-end|p1a: Tinkaton|move: Heal Block
|upkeep
|turn|6
|
|t:|1760720910
|move|p1a: Tinkaton|Thunder Wave|p2a: Heatran
|-status|p2a: Heatran|par
|move|p2a: Heatran|Magma Storm|p1a: Tinkaton|[miss]
|-miss|p2a: Heatran|p1a: Tinkaton
|
|upkeep
|turn|7
|
|t:|1760720919
|switch|p1a: Garganacl|Garganacl, M|100/100
|-damage|p1a: Garganacl|88/100|[from] Stealth Rock
|move|p2a: Heatran|Magma Storm|p1a: Garganacl|[miss]
|-miss|p2a: Heatran|p1a: Garganacl
|
|-heal|p1a: Garganacl|94/100|[from] item: Leftovers
|upkeep
|turn|8
|
|t:|1760720940
|switch|p2a: Mamoswine|Mamoswine, M|100/100
|-damage|p2a: Mamoswine|88/100|[from] Stealth Rock
|move|p1a: Garganacl|Salt Cure|p2a: Mamoswine
|-damage|p2a: Mamoswine|74/100
|-start|p2a: Mamoswine|Salt Cure
|
|-heal|p1a: Garganacl|100/100|[from] item: Leftovers
|-damage|p2a: Mamoswine|61/100|[from] Salt Cure
|upkeep
|turn|9
|
|t:|1760720948
|move|p2a: Mamoswine|Earthquake|p1a: Garganacl
|-supereffective|p1a: Garganacl
|-damage|p1a: Garganacl|0 fnt
|faint|p1a: Garganacl
|
|-damage|p2a: Mamoswine|49/100|[from] Salt Cure
|upkeep
|
|t:|1760720955
|switch|p1a: Dragapult|Dragapult, M|100/100
|turn|10
|
|t:|1760720961
|switch|p2a: Heatran|Heatran, M|71/100 par
|move|p1a: Dragapult|Dragon Darts|p2a: Heatran
|-resisted|p2a: Heatran
|-damage|p2a: Heatran|64/100 par
|-anim|p1a: Dragapult|Dragon Darts|p2a: Heatran
|-resisted|p2a: Heatran
|-damage|p2a: Heatran|57/100 par
|
|upkeep
|turn|11
|
|t:|1760720971
|move|p1a: Dragapult|U-turn|p2a: Heatran
|-resisted|p2a: Heatran
|-damage|p2a: Heatran|54/100 par
|
|t:|1760720974
|switch|p1a: Great Tusk|Great Tusk|100/100|[from] U-turn
|move|p2a: Heatran|Will-O-Wisp|p1a: Great Tusk
|-status|p1a: Great Tusk|brn
|
|-damage|p1a: Great Tusk|94/100 brn|[from] brn
|upkeep
|turn|12
|
|t:|1760720982
|switch|p2a: Tornadus|Tornadus-Therian, M|100/100
|-damage|p2a: Tornadus|76/100|[from] Stealth Rock
|move|p1a: Great Tusk|Rapid Spin|p2a: Tornadus
|-damage|p2a: Tornadus|65/100
|-boost|p1a: Great Tusk|spe|1
|-sideend|p1: Certified Rock|Stealth Rock|[from] move: Rapid Spin|[of] p1a: Great Tusk
|
|-damage|p1a: Great Tusk|88/100 brn|[from] brn
|upkeep
|turn|13
|
|t:|1760720991
|-end|p1a: Great Tusk|Protosynthesis|[silent]
|switch|p1a: Tinkaton|Tinkaton, F|79/100
|-ability|p1a: Tinkaton|Mold Breaker
|move|p2a: Tornadus|Knock Off|p1a: Tinkaton
|-resisted|p1a: Tinkaton
|-damage|p1a: Tinkaton|71/100
|
|upkeep
|turn|14
|inactive|Certified Rock has 120 seconds left.
|
|t:|1760721025
|switch|p2a: Heatran|Heatran, M|54/100 par
|move|p1a: Tinkaton|Thunder Wave|p2a: Heatran
|-fail|p2a: Heatran|par
|
|upkeep
|turn|15
|c|☆Aceitope|Forgot the removal part
|
|t:|1760721033
|switch|p1a: Great Tusk|Great Tusk|88/100 brn
|move|p2a: Heatran|Magma Storm|p1a: Great Tusk
|-damage|p1a: Great Tusk|19/100 brn
|-activate|p1a: Great Tusk|move: Magma Storm|[of] p2a: Heatran
|
|-damage|p1a: Great Tusk|13/100 brn|[from] brn
|-damage|p1a: Great Tusk|0 fnt|[from] move: Magma Storm|[partiallytrapped]
|faint|p1a: Great Tusk
|-end|p1a: Great Tusk|Protosynthesis|[silent]
|upkeep
|
|t:|1760721036
|switch|p1a: Greninja|Greninja, M|100/100
|turn|16
|
|t:|1760721042
|switch|p2a: Tornadus|Tornadus-Therian, M|98/100
|-damage|p2a: Tornadus|73/100|[from] Stealth Rock
|move|p1a: Greninja|Hydro Pump|p2a: Tornadus
|-damage|p2a: Tornadus|31/100
|-damage|p1a: Greninja|91/100|[from] item: Life Orb
|
|upkeep
|turn|17
|
|t:|1760721056
|move|p1a: Greninja|Hydro Pump|p2a: Tornadus|[miss]
|-miss|p1a: Greninja|p2a: Tornadus
|move|p2a: Tornadus|U-turn|p1a: Greninja
|-supereffective|p1a: Greninja
|-damage|p1a: Greninja|41/100
|
|t:|1760721066
|switch|p2a: Darkrai|Darkrai|100/100|[from] U-turn
|-damage|p2a: Darkrai|88/100|[from] Stealth Rock
|
|upkeep
|turn|18
|
|t:|1760721072
|switch|p1a: Tinkaton|Tinkaton, F|71/100
|-ability|p1a: Tinkaton|Mold Breaker
|move|p2a: Darkrai|Focus Blast|p1a: Tinkaton
|-damage|p1a: Tinkaton|33/100
|
|upkeep
|turn|19
|
|t:|1760721078
|move|p2a: Darkrai|Focus Blast|p1a: Tinkaton
|-damage|p1a: Tinkaton|0 fnt
|faint|p1a: Tinkaton
|
|upkeep
|
|t:|1760721095
|switch|p1a: Zapdos|Zapdos|100/100
|turn|20
|
|t:|1760721102
|switch|p2a: Heatran|Heatran, M|54/100 par
|move|p1a: Zapdos|Hurricane|p2a: Heatran|[miss]
|-miss|p1a: Zapdos|p2a: Heatran
|
|upkeep
|turn|21
|
|t:|1760721109
|move|p1a: Zapdos|Volt Switch|p2a: Heatran
|-crit|p2a: Heatran
|-damage|p2a: Heatran|19/100 par
|
|t:|1760721111
|switch|p1a: Dragapult|Dragapult, M|100/100|[from] Volt Switch
|move|p2a: Heatran|Stealth Rock|p1a: Dragapult
|-sidestart|p1: Certified Rock|move: Stealth Rock
|
|upkeep
|turn|22
|
|t:|1760721119
|switch|p2a: Hatterene|Hatterene, F|65/100
|-damage|p2a: Hatterene|52/100|[from] Stealth Rock
|move|p1a: Dragapult|Hex|p2a: Hatterene
|-supereffective|p2a: Hatterene
|-damage|p2a: Hatterene|0 fnt
|faint|p2a: Hatterene
|
|upkeep
|
|t:|1760721137
|switch|p2a: Mamoswine|Mamoswine, M|49/100
|-damage|p2a: Mamoswine|36/100|[from] Stealth Rock
|turn|23
|
|t:|1760721153
|-terastallize|p2a: Mamoswine|Ice
|move|p2a: Mamoswine|Ice Shard|p1a: Dragapult
|-supereffective|p1a: Dragapult
|-damage|p1a: Dragapult|0 fnt
|faint|p1a: Dragapult
|
|upkeep
|
|t:|1760721156
|switch|p1a: Greninja|Greninja, M|41/100
|-damage|p1a: Greninja|29/100|[from] Stealth Rock
|turn|24
|
|t:|1760721162
|switch|p2a: Heatran|Heatran, M|19/100 par
|-terastallize|p1a: Greninja|Water
|move|p1a: Greninja|Water Shuriken|p2a: Heatran
|-supereffective|p2a: Heatran
|-damage|p2a: Heatran|0 fnt
|faint|p2a: Heatran
|-ability|p1a: Greninja|Battle Bond|boost
|-boost|p1a: Greninja|atk|1
|-boost|p1a: Greninja|spa|1
|-boost|p1a: Greninja|spe|1
|-activate|p1a: Greninja|ability: Battle Bond
|-hitcount|p2: Heatran|1
|-damage|p1a: Greninja|19/100|[from] item: Life Orb
|
|upkeep
|
|t:|1760721171
|switch|p2a: Tornadus|Tornadus-Therian, M|65/100
|-damage|p2a: Tornadus|40/100|[from] Stealth Rock
|turn|25
|
|t:|1760721175
|move|p1a: Greninja|Hydro Pump|p2a: Tornadus|[miss]
|-miss|p1a: Greninja|p2a: Tornadus
|move|p2a: Tornadus|Bleakwind Storm|p1a: Greninja
|-damage|p1a: Greninja|0 fnt
|faint|p1a: Greninja
|
|upkeep
|
|t:|1760721182
|switch|p1a: Zapdos|Zapdos|100/100
|turn|26
|
|t:|1760721186
|move|p2a: Tornadus|Bleakwind Storm|p1a: Zapdos
|-resisted|p1a: Zapdos
|-damage|p1a: Zapdos|82/100
|move|p1a: Zapdos|Volt Switch|p2a: Tornadus
|-supereffective|p2a: Tornadus
|-damage|p2a: Tornadus|0 fnt
|faint|p2a: Tornadus
|
|upkeep
|
|t:|1760721191
|switch|p2a: Mamoswine|Mamoswine, M, tera:Ice|36/100
|-damage|p2a: Mamoswine|11/100|[from] Stealth Rock
|turn|27
|
|t:|1760721194
|move|p2a: Mamoswine|Ice Shard|p1a: Zapdos
|-supereffective|p1a: Zapdos
|-damage|p1a: Zapdos|18/100
|move|p1a: Zapdos|Hurricane|p2a: Mamoswine
|-damage|p2a: Mamoswine|0 fnt
|faint|p2a: Mamoswine
|
|upkeep
|
|t:|1760721197
|switch|p2a: Darkrai|Darkrai|88/100
|-damage|p2a: Darkrai|76/100|[from] Stealth Rock
|turn|28
|
|t:|1760721200
|move|p2a: Darkrai|Dark Pulse|p1a: Zapdos
|-damage|p1a: Zapdos|0 fnt
|faint|p1a: Zapdos
|
|win|Aceitope
|raw|Certified Rock's rating: 1365 &rarr; <strong>1343</strong><br />(-22 for losing)
|raw|Aceitope's rating: 1327 &rarr; <strong>1349</strong><br />(+22 for winning)
|c|☆Aceitope|gg
|l|☆Aceitope
|player|p2|
