|j|☆KennytheslugSmith
|j|☆toTHEtop vgc
|t:|1760869749
|gametype|singles
|player|p1|KennytheslugSmith|scientist-gen4dp|1439
|player|p2|toTHEtop vgc|cynthia|1478
|gen|9
|tier|[Gen 9] OU
|rated|
|rule|HP Percentage Mod: HP is shown in percentages
|rule|Endless Battle Clause: Forcing endless battles is banned
|rule|Species Clause: Limit one of each Pokémon
|rule|OHKO Clause: OHKO moves are banned
|rule|Evasion Items Clause: Evasion items are banned
|rule|Evasion Moves Clause: Evasion moves are banned
|rule|Evasion Abilities Clause: Evasion abilities are banned
|rule|Sleep Moves Clause: Sleep-inducing moves are banned
|clearpoke
|poke|p1|Hydrapple, M|
|poke|p1|Skarmory, F|
|poke|p1|Tyranitar, M|
|poke|p1|Alomomola, M|
|poke|p1|Clodsire, F|
|poke|p1|Clefable, M|
|poke|p2|Garganacl, F|
|poke|p2|Tornadus-Therian, M|
|poke|p2|Hatterene, F|
|poke|p2|Dragapult, F|
|poke|p2|Great Tusk|
|poke|p2|Dragonite, F|
|teampreview
|inactive|Battle timer is ON: inactive players will automatically lose when time's up. (requested by KennytheslugSmith)
|
|t:|1760869757
|teamsize|p1|6
|teamsize|p2|6
|start
|switch|p1a: Tyranitar|Tyranitar, M|100/100
|switch|p2a: Tornadus|Tornadus-Therian, M|100/100
|-weather|Sandstorm|[from] ability: Sand Stream|[of] p1a: Tyranitar
|turn|1
|
|t:|1760869765
|move|p2a: Tornadus|U-turn|p1a: Tyranitar
|-supereffective|p1a: Tyranitar
|-damage|p1a: Tyranitar|79/100
|
|t:|1760869767
|switch|p2a: Hatterene|Hatterene, F|100/100|[from] U-turn
|move|p1a: Tyranitar|Knock Off|p2a: Hatterene
|-damage|p2a: Hatterene|62/100
|-damage|p1a: Tyranitar|62/100|[from] item: Rocky Helmet|[of] p2a: Hatterene
|-enditem|p2a: Hatterene|Rocky Helmet|[from] move: Knock Off|[of] p1a: Tyranitar
|
|-weather|Sandstorm|[upkeep]
|-damage|p2a: Hatterene|56/100|[from] Sandstorm
|upkeep
|turn|2
|
|t:|1760869781
|switch|p1a: Clodsire|Clodsire, F|100/100
|move|p2a: Hatterene|Pain Split|p1a: Clodsire
|-sethp|p1a: Clodsire|69/100|[from] move: Pain Split|[silent]
|-sethp|p2a: Hatterene|100/100|[from] move: Pain Split
|
|-weather|Sandstorm|[upkeep]
|-damage|p2a: Hatterene|95/100|[from] Sandstorm
|upkeep
|turn|3
|
|t:|1760869792
|switch|p1a: Tyranitar|Tyranitar, M|62/100
|move|p2a: Hatterene|Psychic Noise|p1a: Tyranitar
|-immune|p1a: Tyranitar
|
|-weather|Sandstorm|[upkeep]
|-damage|p2a: Hatterene|89/100|[from] Sandstorm
|upkeep
|turn|4
|
|t:|1760869807
|switch|p1a: Alomomola|Alomomola, M, shiny|100/100
|move|p2a: Hatterene|Draining Kiss|p1a: Alomomola
|-damage|p1a: Alomomola|81/100
|-heal|p2a: Hatterene|100/100|[from] drain|[of] p1a: Alomomola
|
|-weather|Sandstorm|[upkeep]
|-damage|p1a: Alomomola|74/100|[from] Sandstorm
|-damage|p2a: Hatterene|95/100|[from] Sandstorm
|upkeep
|turn|5
|
|t:|1760869817
|move|p1a: Alomomola|Flip Turn|p2a: Hatterene
|-damage|p2a: Hatterene|79/100
|
|t:|1760869820
|switch|p1a: Clefable|Clefable, M|100/100|[from] Flip Turn
|move|p2a: Hatterene|Psychic Noise|p1a: Clefable
|-damage|p1a: Clefable|70/100
|-start|p1a: Clefable|move: Heal Block
|
|-weather|none
|upkeep
|turn|6
|
|t:|1760869830
|move|p1a: Clefable|Moonblast|p2a: Hatterene
|-damage|p2a: Hatterene|46/100
|-unboost|p2a: Hatterene|spa|1
|move|p2a: Hatterene|Nuzzle|p1a: Clefable
|-damage|p1a: Clefable|67/100
|-status|p1a: Clefable|par
|
|-end|p1a: Clefable|move: Heal Block
|-damage|p2a: Hatterene|34/100|[from] item: Sticky Barb
|upkeep
|turn|7
|
|t:|1760869842
|move|p2a: Hatterene|Pain Split|p1a: Clefable
|-sethp|p1a: Clefable|47/100 par|[from] move: Pain Split|[silent]
|-sethp|p2a: Hatterene|58/100|[from] move: Pain Split
|cant|p1a: Clefable|par
|
|-damage|p2a: Hatterene|46/100|[from] item: Sticky Barb
|upkeep
|turn|8
|
|t:|1760869850
|switch|p2a: Tornadus|Tornadus-Therian, M|100/100
|move|p1a: Clefable|Protect||[still]
|-fail|p1a: Clefable
|
|upkeep
|turn|9
|
|t:|1760869857
|switch|p1a: Tyranitar|Tyranitar, M|62/100
|-weather|Sandstorm|[from] ability: Sand Stream|[of] p1a: Tyranitar
|move|p2a: Tornadus|Knock Off|p1a: Tyranitar
|-resisted|p1a: Tyranitar
|-crit|p1a: Tyranitar
|-damage|p1a: Tyranitar|51/100
|-enditem|p1a: Tyranitar|Heavy-Duty Boots|[from] move: Knock Off|[of] p2a: Tornadus
|
|-weather|Sandstorm|[upkeep]
|-damage|p2a: Tornadus|94/100|[from] Sandstorm
|upkeep
|turn|10
|
|t:|1760869868
|move|p2a: Tornadus|U-turn|p1a: Tyranitar
|-supereffective|p1a: Tyranitar
|-crit|p1a: Tyranitar
|-damage|p1a: Tyranitar|21/100
|
|t:|1760869871
|switch|p2a: Great Tusk|Great Tusk|100/100|[from] U-turn
|move|p1a: Tyranitar|Ice Beam|p2a: Great Tusk
|-supereffective|p2a: Great Tusk
|-damage|p2a: Great Tusk|40/100
|-status|p2a: Great Tusk|frz
|
|-weather|Sandstorm|[upkeep]
|-heal|p2a: Great Tusk|46/100 frz|[from] item: Leftovers
|upkeep
|turn|11
|
|t:|1760869882
|-end|p2a: Great Tusk|Protosynthesis|[silent]
|switch|p2a: Hatterene|Hatterene, F|46/100
|move|p1a: Tyranitar|Ice Beam|p2a: Hatterene
|-damage|p2a: Hatterene|26/100
|
|-weather|Sandstorm|[upkeep]
|-damage|p2a: Hatterene|20/100|[from] Sandstorm
|-damage|p2a: Hatterene|8/100|[from] item: Sticky Barb
|upkeep
|turn|12
|
|t:|1760869892
|switch|p2a: Tornadus|Tornadus-Therian, M|100/100
|move|p1a: Tyranitar|Knock Off|p2a: Tornadus
|-damage|p2a: Tornadus|54/100
|-enditem|p2a: Tornadus|Assault Vest|[from] move: Knock Off|[of] p1a: Tyranitar
|
|-weather|Sandstorm|[upkeep]
|-damage|p2a: Tornadus|48/100|[from] Sandstorm
|upkeep
|turn|13
|
|t:|1760869902
|switch|p1a: Alomomola|Alomomola, M, shiny|100/100
|move|p2a: Tornadus|U-turn|p1a: Alomomola
|-crit|p1a: Alomomola
|-damage|p1a: Alomomola|86/100
|
|t:|1760869910
|switch|p2a: Hatterene|Hatterene, F|8/100|[from] U-turn
|
|-weather|none
|-damage|p2a: Hatterene|0 fnt|[from] item: Sticky Barb
|faint|p2a: Hatterene
|upkeep
|
|t:|1760869927
|switch|p2a: Dragapult|Dragapult, F|100/100
|turn|14
|
|t:|1760869933
|move|p1a: Alomomola|Protect|p1a: Alomomola
|-singleturn|p1a: Alomomola|Protect
|move|p2a: Dragapult|Will-O-Wisp|p1a: Alomomola
|-activate|p1a: Alomomola|move: Protect
|
|upkeep
|turn|15
|
|t:|1760869946
|move|p2a: Dragapult|U-turn|p1a: Alomomola
|-damage|p1a: Alomomola|74/100
|
|t:|1760869949
|switch|p2a: Tornadus|Tornadus-Therian, M|81/100|[from] U-turn
|move|p1a: Alomomola|Wish|p1a: Alomomola
|
|upkeep
|turn|16
|
|t:|1760869959
|move|p2a: Tornadus|U-turn|p1a: Alomomola
|-damage|p1a: Alomomola|65/100
|
|t:|1760869965
|switch|p2a: Great Tusk|Great Tusk|46/100 frz|[from] U-turn
|move|p1a: Alomomola|Flip Turn|p2a: Great Tusk
|-supereffective|p2a: Great Tusk
|-damage|p2a: Great Tusk|21/100 frz
|
|t:|1760869973
|switch|p1a: Tyranitar|Tyranitar, M|21/100|[from] Flip Turn
|-weather|Sandstorm|[from] ability: Sand Stream|[of] p1a: Tyranitar
|
|-weather|Sandstorm|[upkeep]
|-heal|p1a: Tyranitar|79/100|[from] move: Wish|[wisher] Alomomola
|-heal|p2a: Great Tusk|27/100 frz|[from] item: Leftovers
|upkeep
|turn|17
|
|t:|1760869983
|cant|p2a: Great Tusk|frz
|move|p1a: Tyranitar|Ice Beam|p2a: Great Tusk
|-supereffective|p2a: Great Tusk
|-damage|p2a: Great Tusk|0 fnt
|faint|p2a: Great Tusk
|-end|p2a: Great Tusk|Protosynthesis|[silent]
|
|-weather|Sandstorm|[upkeep]
|upkeep
|
|t:|1760869987
|switch|p2a: Garganacl|Garganacl, F|100/100
|turn|18
|
|t:|1760869994
|move|p1a: Tyranitar|Knock Off|p2a: Garganacl
|-damage|p2a: Garganacl|71/100
|-enditem|p2a: Garganacl|Leftovers|[from] move: Knock Off|[of] p1a: Tyranitar
|move|p2a: Garganacl|Stealth Rock|p1a: Tyranitar
|-sidestart|p1: KennytheslugSmith|move: Stealth Rock
|
|-weather|Sandstorm|[upkeep]
|upkeep
|turn|19
|
|t:|1760870002
|switch|p1a: Hydrapple|Hydrapple, M|100/100
|move|p2a: Garganacl|Recover|p2a: Garganacl
|-heal|p2a: Garganacl|100/100
|
|-weather|Sandstorm|[upkeep]
|-damage|p1a: Hydrapple|94/100|[from] Sandstorm
|upkeep
|turn|20
|
|t:|1760870010
|switch|p2a: Tornadus|Tornadus-Therian, M|100/100
|move|p1a: Hydrapple|Nasty Plot|p1a: Hydrapple
|-boost|p1a: Hydrapple|spa|2
|
|-weather|none
|upkeep
|turn|21
|
|t:|1760870020
|switch|p1a: Tyranitar|Tyranitar, M|79/100
|-damage|p1a: Tyranitar|66/100|[from] Stealth Rock
|-weather|Sandstorm|[from] ability: Sand Stream|[of] p1a: Tyranitar
|move|p2a: Tornadus|Bleakwind Storm|p1a: Tyranitar
|-resisted|p1a: Tyranitar
|-damage|p1a: Tyranitar|58/100
|
|-weather|Sandstorm|[upkeep]
|-damage|p2a: Tornadus|94/100|[from] Sandstorm
|upkeep
|turn|22
|
|t:|1760870033
|move|p2a: Tornadus|U-turn|p1a: Tyranitar
|-supereffective|p1a: Tyranitar
|-damage|p1a: Tyranitar|35/100
|
|t:|1760870036
|switch|p2a: Garganacl|Garganacl, F|100/100|[from] U-turn
|move|p1a: Tyranitar|Stealth Rock|p2a: Garganacl
|-sidestart|p2: toTHEtop vgc|move: Stealth Rock
|
|-weather|Sandstorm|[upkeep]
|upkeep
|turn|23
|
|t:|1760870044
|switch|p1a: Hydrapple|Hydrapple, M|100/100
|move|p2a: Garganacl|Salt Cure|p1a: Hydrapple
|-damage|p1a: Hydrapple|92/100
|-start|p1a: Hydrapple|Salt Cure
|
|-weather|Sandstorm|[upkeep]
|-damage|p1a: Hydrapple|86/100|[from] Sandstorm
|-damage|p1a: Hydrapple|73/100|[from] Salt Cure
|upkeep
|turn|24
|
|t:|1760870054
|switch|p1a: Alomomola|Alomomola, M, shiny|98/100
|switch|p2a: Tornadus|Tornadus-Therian, M|100/100
|-damage|p2a: Tornadus|76/100|[from] Stealth Rock
|
|-weather|Sandstorm|[upkeep]
|-damage|p2a: Tornadus|70/100|[from] Sandstorm
|-damage|p1a: Alomomola|92/100|[from] Sandstorm
|upkeep
|turn|25
|
|t:|1760870064
|move|p2a: Tornadus|Knock Off|p1a: Alomomola
|-damage|p1a: Alomomola|81/100
|-enditem|p1a: Alomomola|Heavy-Duty Boots|[from] move: Knock Off|[of] p2a: Tornadus
|move|p1a: Alomomola|Wish|p1a: Alomomola
|
|-weather|none
|upkeep
|turn|26
|
|t:|1760870071
|move|p2a: Tornadus|Bleakwind Storm|p1a: Alomomola
|-damage|p1a: Alomomola|47/100
|-unboost|p1a: Alomomola|spe|1
|move|p1a: Alomomola|Flip Turn|p2a: Tornadus
|-damage|p2a: Tornadus|49/100
|
|t:|1760870077
|switch|p1a: Tyranitar|Tyranitar, M|35/100|[from] Flip Turn
|-damage|p1a: Tyranitar|23/100|[from] Stealth Rock
|-weather|Sandstorm|[from] ability: Sand Stream|[of] p1a: Tyranitar
|
|-weather|Sandstorm|[upkeep]
|-damage|p2a: Tornadus|43/100|[from] Sandstorm
|-heal|p1a: Tyranitar|81/100|[from] move: Wish|[wisher] Alomomola
|upkeep
|turn|27
|
|t:|1760870091
|move|p2a: Tornadus|U-turn|p1a: Tyranitar
|-supereffective|p1a: Tyranitar
|-damage|p1a: Tyranitar|57/100
|
|t:|1760870094
|switch|p2a: Garganacl|Garganacl, F|100/100|[from] U-turn
|-damage|p2a: Garganacl|88/100|[from] Stealth Rock
|move|p1a: Tyranitar|Roar|p2a: Garganacl
|drag|p2a: Dragonite|Dragonite, F|100/100
|-damage|p2a: Dragonite|76/100|[from] Stealth Rock
|
|-weather|Sandstorm|[upkeep]
|-damage|p2a: Dragonite|70/100|[from] Sandstorm
|-heal|p2a: Dragonite|76/100|[from] item: Leftovers
|upkeep
|turn|28
|
|t:|1760870108
|switch|p1a: Skarmory|Skarmory, F|100/100
|-terastallize|p2a: Dragonite|Fairy
|move|p2a: Dragonite|Dragon Dance|p2a: Dragonite
|-boost|p2a: Dragonite|atk|1
|-boost|p2a: Dragonite|spe|1
|
|-weather|Sandstorm|[upkeep]
|-damage|p2a: Dragonite|70/100|[from] Sandstorm
|-heal|p2a: Dragonite|76/100|[from] item: Leftovers
|upkeep
|turn|29
|
|t:|1760870119
|move|p2a: Dragonite|Dragon Dance|p2a: Dragonite
|-boost|p2a: Dragonite|atk|1
|-boost|p2a: Dragonite|spe|1
|move|p1a: Skarmory|Iron Defense|p1a: Skarmory
|-boost|p1a: Skarmory|def|2
|
|-weather|Sandstorm|[upkeep]
|-damage|p2a: Dragonite|70/100|[from] Sandstorm
|-heal|p2a: Dragonite|76/100|[from] item: Leftovers
|upkeep
|turn|30
|
|t:|1760870129
|switch|p2a: Dragapult|Dragapult, F|100/100
|move|p1a: Skarmory|Body Press|p2a: Dragapult
|-immune|p2a: Dragapult
|
|-weather|none
|upkeep
|turn|31
|
|t:|1760870137
|switch|p1a: Hydrapple|Hydrapple, M|100/100
|move|p2a: Dragapult|Will-O-Wisp|p1a: Hydrapple
|-status|p1a: Hydrapple|brn
|
|-damage|p1a: Hydrapple|94/100 brn|[from] brn
|upkeep
|turn|32
|
|t:|1760870146
|move|p2a: Dragapult|U-turn|p1a: Hydrapple
|-supereffective|p1a: Hydrapple
|-damage|p1a: Hydrapple|71/100 brn
|
|t:|1760870148
|switch|p2a: Dragonite|Dragonite, F, tera:Fairy|76/100|[from] U-turn
|-damage|p2a: Dragonite|63/100|[from] Stealth Rock
|move|p1a: Hydrapple|Fickle Beam|p2a: Dragonite
|-immune|p2a: Dragonite
|
|-heal|p2a: Dragonite|70/100|[from] item: Leftovers
|-damage|p1a: Hydrapple|65/100 brn|[from] brn
|upkeep
|turn|33
|
|t:|1760870159
|switch|p1a: Skarmory|Skarmory, F|100/100
|move|p2a: Dragonite|Roost|p2a: Dragonite
|-heal|p2a: Dragonite|100/100
|
|upkeep
|turn|34
|
|t:|1760870166
|switch|p2a: Dragapult|Dragapult, F|100/100
|move|p1a: Skarmory|Spikes|p2a: Dragapult
|-sidestart|p2: toTHEtop vgc|Spikes
|
|upkeep
|turn|35
|
|t:|1760870176
|switch|p1a: Hydrapple|Hydrapple, M|98/100 brn
|move|p2a: Dragapult|Hex|p1a: Hydrapple
|-damage|p1a: Hydrapple|45/100 brn
|
|-damage|p1a: Hydrapple|39/100 brn|[from] brn
|upkeep
|turn|36
|
|t:|1760870184
|switch|p1a: Alomomola|Alomomola, M, shiny|80/100
|-damage|p1a: Alomomola|68/100|[from] Stealth Rock
|move|p2a: Dragapult|Hex|p1a: Alomomola
|-damage|p1a: Alomomola|42/100
|
|upkeep
|turn|37
|
|t:|1760870194
|move|p2a: Dragapult|U-turn|p1a: Alomomola
|-damage|p1a: Alomomola|30/100
|
|t:|1760870197
|switch|p2a: Garganacl|Garganacl, F|88/100|[from] U-turn
|-damage|p2a: Garganacl|76/100|[from] Stealth Rock
|-damage|p2a: Garganacl|63/100|[from] Spikes
|move|p1a: Alomomola|Flip Turn|p2a: Garganacl
|-supereffective|p2a: Garganacl
|-damage|p2a: Garganacl|41/100
|
|t:|1760870205
|switch|p1a: Hydrapple|Hydrapple, M|72/100 brn|[from] Flip Turn
|
|-damage|p1a: Hydrapple|66/100 brn|[from] brn
|upkeep
|turn|38
|
|t:|1760870213
|switch|p1a: Alomomola|Alomomola, M, shiny|63/100
|-damage|p1a: Alomomola|51/100|[from] Stealth Rock
|move|p2a: Garganacl|Salt Cure|p1a: Alomomola
|-damage|p1a: Alomomola|42/100
|-start|p1a: Alomomola|Salt Cure
|
|-damage|p1a: Alomomola|17/100|[from] Salt Cure
|upkeep
|turn|39
|
|t:|1760870222
|switch|p1a: Hydrapple|Hydrapple, M|99/100 brn
|move|p2a: Garganacl|Recover|p2a: Garganacl
|-heal|p2a: Garganacl|91/100
|
|-damage|p1a: Hydrapple|93/100 brn|[from] brn
|upkeep
|turn|40
|
|t:|1760870231
|switch|p2a: Tornadus|Tornadus-Therian, M|76/100
|-damage|p2a: Tornadus|51/100|[from] Stealth Rock
|move|p1a: Hydrapple|Nasty Plot|p1a: Hydrapple
|-boost|p1a: Hydrapple|spa|2
|
|-damage|p1a: Hydrapple|87/100 brn|[from] brn
|upkeep
|turn|41
|
|t:|1760870255
|-terastallize|p1a: Hydrapple|Steel
|move|p2a: Tornadus|Bleakwind Storm|p1a: Hydrapple|[miss]
|-miss|p2a: Tornadus|p1a: Hydrapple
|move|p1a: Hydrapple|Fickle Beam|p2a: Tornadus|[anim] Fickle Beam All Out
|-activate|p1a: Hydrapple|move: Fickle Beam
|-damage|p2a: Tornadus|0 fnt
|faint|p2a: Tornadus
|
|-damage|p1a: Hydrapple|81/100 brn|[from] brn
|upkeep
|
|t:|1760870263
|switch|p2a: Dragonite|Dragonite, F, tera:Fairy|100/100
|-damage|p2a: Dragonite|88/100|[from] Stealth Rock
|-damage|p2a: Dragonite|76/100|[from] Spikes
|turn|42
|
|t:|1760870274
|move|p2a: Dragonite|Roost|p2a: Dragonite
|-heal|p2a: Dragonite|100/100
|move|p1a: Hydrapple|Giga Drain|p2a: Dragonite
|-damage|p2a: Dragonite|66/100
|-heal|p1a: Hydrapple|95/100 brn|[from] drain|[of] p2a: Dragonite
|
|-heal|p2a: Dragonite|72/100|[from] item: Leftovers
|-damage|p1a: Hydrapple|89/100 brn|[from] brn
|upkeep
|turn|43
|
|t:|1760870284
|move|p2a: Dragonite|Earthquake|p1a: Hydrapple
|-supereffective|p1a: Hydrapple
|-damage|p1a: Hydrapple|46/100 brn
|move|p1a: Hydrapple|Giga Drain|p2a: Dragonite
|-damage|p2a: Dragonite|8/100
|-heal|p1a: Hydrapple|72/100 brn|[from] drain|[of] p2a: Dragonite
|
|-heal|p2a: Dragonite|14/100|[from] item: Leftovers
|-damage|p1a: Hydrapple|65/100 brn|[from] brn
|upkeep
|turn|44
|
|t:|1760870294
|move|p2a: Dragonite|Earthquake|p1a: Hydrapple
|-supereffective|p1a: Hydrapple
|-damage|p1a: Hydrapple|24/100 brn
|move|p1a: Hydrapple|Giga Drain|p2a: Dragonite
|-damage|p2a: Dragonite|0 fnt
|-heal|p1a: Hydrapple|29/100 brn|[from] drain|[of] p2a: Dragonite
|faint|p2a: Dragonite
|
|-damage|p1a: Hydrapple|23/100 brn|[from] brn
|upkeep
|
|t:|1760870297
|switch|p2a: Dragapult|Dragapult, F|100/100
|turn|45
|
|t:|1760870309
|switch|p1a: Tyranitar|Tyranitar, M|57/100
|-damage|p1a: Tyranitar|45/100|[from] Stealth Rock
|-weather|Sandstorm|[from] ability: Sand Stream|[of] p1a: Tyranitar
|move|p2a: Dragapult|Hex|p1a: Tyranitar
|-resisted|p1a: Tyranitar
|-damage|p1a: Tyranitar|40/100
|
|-weather|Sandstorm|[upkeep]
|-damage|p2a: Dragapult|95/100|[from] Sandstorm
|upkeep
|turn|46
|inactive|toTHEtop vgc has 120 seconds left.
|
|t:|1760870348
|switch|p1a: Skarmory|Skarmory, F|100/100
|move|p2a: Dragapult|U-turn|p1a: Skarmory
|-resisted|p1a: Skarmory
|-damage|p1a: Skarmory|97/100
|
|t:|1760870350
|switch|p2a: Garganacl|Garganacl, F|91/100|[from] U-turn
|-damage|p2a: Garganacl|79/100|[from] Stealth Rock
|-damage|p2a: Garganacl|66/100|[from] Spikes
|
|-weather|Sandstorm|[upkeep]
|upkeep
|turn|47
|inactive|toTHEtop vgc has 120 seconds left.
|
|t:|1760870366
|move|p1a: Skarmory|Body Press|p2a: Garganacl
|-supereffective|p2a: Garganacl
|-damage|p2a: Garganacl|29/100
|move|p2a: Garganacl|Salt Cure|p1a: Skarmory
|-damage|p1a: Skarmory|88/100
|-start|p1a: Skarmory|Salt Cure
|
|-weather|Sandstorm|[upkeep]
|-damage|p1a: Skarmory|63/100|[from] Salt Cure
|upkeep
|turn|48
|
|t:|1760870376
|switch|p1a: Hydrapple|Hydrapple, M, tera:Steel|57/100 brn
|switch|p2a: Dragapult|Dragapult, F|95/100
|
|-weather|Sandstorm|[upkeep]
|-damage|p2a: Dragapult|89/100|[from] Sandstorm
|-damage|p1a: Hydrapple|51/100 brn|[from] brn
|upkeep
|turn|49
|
|t:|1760870386
|switch|p1a: Clodsire|Clodsire, F|69/100
|move|p2a: Dragapult|Hex|p1a: Clodsire
|-damage|p1a: Clodsire|54/100
|
|-weather|none
|upkeep
|turn|50
|
|t:|1760870403
|move|p2a: Dragapult|Will-O-Wisp|p1a: Clodsire
|-status|p1a: Clodsire|brn
|move|p1a: Clodsire|Recover|p1a: Clodsire
|-heal|p1a: Clodsire|100/100 brn
|
|-damage|p1a: Clodsire|94/100 brn|[from] brn
|upkeep
|turn|51
|
|t:|1760870413
|switch|p1a: Alomomola|Alomomola, M, shiny|51/100
|-damage|p1a: Alomomola|38/100|[from] Stealth Rock
|move|p2a: Dragapult|U-turn|p1a: Alomomola
|-damage|p1a: Alomomola|26/100
|
|t:|1760870416
|switch|p2a: Garganacl|Garganacl, F|29/100|[from] U-turn
|-damage|p2a: Garganacl|17/100|[from] Stealth Rock
|-damage|p2a: Garganacl|4/100|[from] Spikes
|
|upkeep
|turn|52
|
|t:|1760870426
|move|p1a: Alomomola|Flip Turn|p2a: Garganacl
|-supereffective|p2a: Garganacl
|-damage|p2a: Garganacl|0 fnt
|faint|p2a: Garganacl
|
|t:|1760870430
|switch|p1a: Tyranitar|Tyranitar, M|40/100|[from] Flip Turn
|-damage|p1a: Tyranitar|27/100|[from] Stealth Rock
|-weather|Sandstorm|[from] ability: Sand Stream|[of] p1a: Tyranitar
|
|-weather|Sandstorm|[upkeep]
|upkeep
|
|t:|1760870433
|switch|p2a: Dragapult|Dragapult, F|89/100
|turn|53
|
|t:|1760870441
|move|p2a: Dragapult|Dragon Darts|p1a: Tyranitar
|-damage|p1a: Tyranitar|9/100
|-anim|p2a: Dragapult|Dragon Darts|p1a: Tyranitar
|-damage|p1a: Tyranitar|0 fnt
|faint|p1a: Tyranitar
|
|-weather|Sandstorm|[upkeep]
|-damage|p2a: Dragapult|83/100|[from] Sandstorm
|upkeep
|
|t:|1760870450
|switch|p1a: Clodsire|Clodsire, F|94/100 brn
|turn|54
|
|t:|1760870460
|move|p2a: Dragapult|Dragon Darts|p1a: Clodsire
|-damage|p1a: Clodsire|73/100 brn
|-anim|p2a: Dragapult|Dragon Darts|p1a: Clodsire
|-damage|p1a: Clodsire|51/100 brn
|move|p1a: Clodsire|Toxic|p2a: Dragapult
|-status|p2a: Dragapult|tox
|
|-weather|Sandstorm|[upkeep]
|-damage|p2a: Dragapult|77/100 tox|[from] Sandstorm
|-damage|p2a: Dragapult|71/100 tox|[from] psn
|-damage|p1a: Clodsire|45/100 brn|[from] brn
|upkeep
|turn|55
|
|t:|1760870472
|move|p2a: Dragapult|Hex|p1a: Clodsire
|-damage|p1a: Clodsire|15/100 brn
|move|p1a: Clodsire|Recover|p1a: Clodsire
|-heal|p1a: Clodsire|65/100 brn
|
|-weather|Sandstorm|[upkeep]
|-damage|p2a: Dragapult|65/100 tox|[from] Sandstorm
|-damage|p2a: Dragapult|53/100 tox|[from] psn
|-damage|p1a: Clodsire|59/100 brn|[from] brn
|upkeep
|turn|56
|-message|toTHEtop vgc forfeited.
|
|win|KennytheslugSmith
|raw|KennytheslugSmith's rating: 1439 &rarr; <strong>1461</strong><br />(+22 for winning)
|raw|toTHEtop vgc's rating: 1478 &rarr; <strong>1456</strong><br />(-22 for losing)
|l|☆toTHEtop vgc
|player|p2|
