|j|☆Denvertzzz
|j|☆FearedStriker
|t:|1760835095
|gametype|singles
|player|p1|Denvertzzz|2|1248
|player|p2|FearedStriker|alder|1203
|gen|9
|tier|[Gen 9] OU
|rated|
|rule|HP Percentage Mod: HP is shown in percentages
|rule|Endless Battle Clause: Forcing endless battles is banned
|rule|Species Clause: Limit one of each Pokémon
|rule|OHKO Clause: OHKO moves are banned
|rule|Evasion Items Clause: Evasion items are banned
|rule|Evasion Moves Clause: Evasion moves are banned
|rule|Evasion Abilities Clause: Evasion abilities are banned
|rule|Sleep Moves Clause: Sleep-inducing moves are banned
|clearpoke
|poke|p1|Pelipper, M|
|poke|p1|Ludicolo, M|
|poke|p1|Ditto|
|poke|p1|Porygon2|
|poke|p1|Overqwil, M|
|poke|p1|Gliscor, M|
|poke|p2|Grimmsnarl, M|
|poke|p2|Inteleon, M|
|poke|p2|Zapdos|
|poke|p2|Dragapult, M|
|poke|p2|Infernape, M|
|poke|p2|Glimmora, F|
|teampreview
|inactive|Battle timer is ON: inactive players will automatically lose when time's up. (requested by FearedStriker)
|
|t:|1760835104
|teamsize|p1|6
|teamsize|p2|6
|start
|switch|p1a: Mike Lit|Pelipper, M, shiny|100/100
|switch|p2a: Inteleon|Inteleon, M|100/100
|-weather|RainDance|[from] ability: Drizzle|[of] p1a: Mike Lit
|turn|1
|
|t:|1760835116
|move|p2a: Inteleon|Ice Beam|p1a: Mike Lit
|-crit|p1a: Mike Lit
|-damage|p1a: Mike Lit|0 fnt
|faint|p1a: Mike Lit
|-damage|p2a: Inteleon|91/100|[from] item: Life Orb
|
|-weather|RainDance|[upkeep]
|upkeep
|
|t:|1760835133
|switch|p1a: Biggie Rections|Ludicolo, M, shiny|100/100
|turn|2
|
|t:|1760835144
|switch|p2a: Zapdos|Zapdos|100/100
|move|p1a: Biggie Rections|Leech Seed|p2a: Zapdos
|-start|p2a: Zapdos|move: Leech Seed
|
|-weather|RainDance|[upkeep]
|-damage|p2a: Zapdos|88/100|[from] Leech Seed|[of] p1a: Biggie Rections
|upkeep
|turn|3
|
|t:|1760835152
|move|p2a: Zapdos|Hurricane|p1a: Biggie Rections
|-supereffective|p1a: Biggie Rections
|-damage|p1a: Biggie Rections|25/100
|-start|p1a: Biggie Rections|confusion
|-activate|p1a: Biggie Rections|confusion
|-damage|p1a: Biggie Rections|18/100|[from] confusion
|
|-weather|RainDance|[upkeep]
|-heal|p1a: Biggie Rections|24/100|[from] ability: Rain Dish
|-heal|p1a: Biggie Rections|30/100|[from] item: Leftovers
|-damage|p2a: Zapdos|76/100|[from] Leech Seed|[of] p1a: Biggie Rections
|-heal|p1a: Biggie Rections|41/100|[silent]
|upkeep
|turn|4
|
|t:|1760835167
|-activate|p1a: Biggie Rections|confusion
|move|p1a: Biggie Rections|Protect|p1a: Biggie Rections
|-singleturn|p1a: Biggie Rections|Protect
|move|p2a: Zapdos|Hurricane|p1a: Biggie Rections
|-activate|p1a: Biggie Rections|move: Protect
|
|-weather|RainDance|[upkeep]
|-heal|p1a: Biggie Rections|47/100|[from] ability: Rain Dish
|-heal|p1a: Biggie Rections|53/100|[from] item: Leftovers
|-damage|p2a: Zapdos|63/100|[from] Leech Seed|[of] p1a: Biggie Rections
|-heal|p1a: Biggie Rections|64/100|[silent]
|upkeep
|turn|5
|
|t:|1760835184
|-terastallize|p1a: Biggie Rections|Steel
|move|p2a: Zapdos|Hurricane|p1a: Biggie Rections
|-resisted|p1a: Biggie Rections
|-damage|p1a: Biggie Rections|46/100
|-activate|p1a: Biggie Rections|confusion
|move|p1a: Biggie Rections|Whirlpool|p2a: Zapdos|[miss]
|-miss|p1a: Biggie Rections|p2a: Zapdos
|
|-weather|RainDance|[upkeep]
|-heal|p1a: Biggie Rections|52/100|[from] ability: Rain Dish
|-heal|p1a: Biggie Rections|58/100|[from] item: Leftovers
|-damage|p2a: Zapdos|51/100|[from] Leech Seed|[of] p1a: Biggie Rections
|-heal|p1a: Biggie Rections|69/100|[silent]
|upkeep
|turn|6
|
|t:|1760835200
|move|p2a: Zapdos|Roost|p2a: Zapdos
|-heal|p2a: Zapdos|100/100
|-singleturn|p2a: Zapdos|move: Roost
|-activate|p1a: Biggie Rections|confusion
|-damage|p1a: Biggie Rections|63/100|[from] confusion
|
|-weather|RainDance|[upkeep]
|-heal|p1a: Biggie Rections|69/100|[from] ability: Rain Dish
|-heal|p1a: Biggie Rections|75/100|[from] item: Leftovers
|-damage|p2a: Zapdos|88/100|[from] Leech Seed|[of] p1a: Biggie Rections
|-heal|p1a: Biggie Rections|86/100|[silent]
|upkeep
|turn|7
|
|t:|1760835212
|move|p2a: Zapdos|Heat Wave|p1a: Biggie Rections|[miss]
|-miss|p2a: Zapdos|p1a: Biggie Rections
|-end|p1a: Biggie Rections|confusion
|move|p1a: Biggie Rections|Whirlpool|p2a: Zapdos
|-damage|p2a: Zapdos|68/100
|-activate|p2a: Zapdos|move: Whirlpool|[of] p1a: Biggie Rections
|
|-weather|RainDance|[upkeep]
|-heal|p1a: Biggie Rections|92/100|[from] ability: Rain Dish
|-heal|p1a: Biggie Rections|98/100|[from] item: Leftovers
|-damage|p2a: Zapdos|56/100|[from] Leech Seed|[of] p1a: Biggie Rections
|-heal|p1a: Biggie Rections|100/100|[silent]
|-damage|p2a: Zapdos|43/100|[from] move: Whirlpool|[partiallytrapped]
|upkeep
|turn|8
|
|t:|1760835226
|move|p1a: Biggie Rections|Protect|p1a: Biggie Rections
|-singleturn|p1a: Biggie Rections|Protect
|move|p2a: Zapdos|Heat Wave|p1a: Biggie Rections
|-activate|p1a: Biggie Rections|move: Protect
|
|-weather|none
|-damage|p2a: Zapdos|31/100|[from] Leech Seed|[of] p1a: Biggie Rections
|-damage|p2a: Zapdos|19/100|[from] move: Whirlpool|[partiallytrapped]
|upkeep
|turn|9
|
|t:|1760835238
|move|p1a: Biggie Rections|Protect||[still]
|-fail|p1a: Biggie Rections
|move|p2a: Zapdos|Heat Wave|p1a: Biggie Rections
|-supereffective|p1a: Biggie Rections
|-damage|p1a: Biggie Rections|56/100
|
|-heal|p1a: Biggie Rections|62/100|[from] item: Leftovers
|-damage|p2a: Zapdos|6/100|[from] Leech Seed|[of] p1a: Biggie Rections
|-heal|p1a: Biggie Rections|73/100|[silent]
|-damage|p2a: Zapdos|0 fnt|[from] move: Whirlpool|[partiallytrapped]
|faint|p2a: Zapdos
|upkeep
|
|t:|1760835245
|switch|p2a: Infernape|Infernape, M|100/100
|turn|10
|
|t:|1760835254
|switch|p1a: Jyant Deck|Gliscor, M, shiny|100/100
|move|p2a: Infernape|Swords Dance|p2a: Infernape
|-boost|p2a: Infernape|atk|2
|
|-status|p1a: Jyant Deck|tox|[from] item: Toxic Orb
|upkeep
|turn|11
|
|t:|1760835266
|move|p2a: Infernape|Fire Punch|p1a: Jyant Deck
|-damage|p1a: Jyant Deck|25/100 tox
|move|p1a: Jyant Deck|Earthquake|p2a: Infernape
|-supereffective|p2a: Infernape
|-damage|p2a: Infernape|0 fnt
|faint|p2a: Infernape
|
|-heal|p1a: Jyant Deck|38/100 tox|[from] ability: Poison Heal
|upkeep
|
|t:|1760835271
|switch|p2a: Glimmora|Glimmora, F|100/100
|turn|12
|
|t:|1760835281
|move|p2a: Glimmora|Power Gem|p1a: Jyant Deck
|-damage|p1a: Jyant Deck|0 fnt
|faint|p1a: Jyant Deck
|
|upkeep
|
|t:|1760835291
|switch|p1a: Biggie Rections|Ludicolo, M, shiny, tera:Steel|73/100
|turn|13
|
|t:|1760835301
|switch|p2a: Grimmsnarl|Grimmsnarl, M, shiny|100/100
|move|p1a: Biggie Rections|Whirlpool|p2a: Grimmsnarl
|-damage|p2a: Grimmsnarl|89/100
|-activate|p2a: Grimmsnarl|move: Whirlpool|[of] p1a: Biggie Rections
|
|-heal|p1a: Biggie Rections|79/100|[from] item: Leftovers
|-damage|p2a: Grimmsnarl|77/100|[from] move: Whirlpool|[partiallytrapped]
|upkeep
|turn|14
|
|t:|1760835314
|move|p2a: Grimmsnarl|Light Screen|p2a: Grimmsnarl
|-sidestart|p2: FearedStriker|move: Light Screen
|move|p1a: Biggie Rections|Leech Seed|p2a: Grimmsnarl
|-start|p2a: Grimmsnarl|move: Leech Seed
|
|-heal|p1a: Biggie Rections|85/100|[from] item: Leftovers
|-damage|p2a: Grimmsnarl|65/100|[from] Leech Seed|[of] p1a: Biggie Rections
|-heal|p1a: Biggie Rections|96/100|[silent]
|-damage|p2a: Grimmsnarl|52/100|[from] move: Whirlpool|[partiallytrapped]
|upkeep
|turn|15
|
|t:|1760835323
|move|p2a: Grimmsnarl|Parting Shot|p1a: Biggie Rections
|-unboost|p1a: Biggie Rections|atk|1
|-unboost|p1a: Biggie Rections|spa|1
|
|t:|1760835328
|switch|p2a: Dragapult|Dragapult, M|100/100|[from] Parting Shot
|move|p1a: Biggie Rections|Encore||[still]
|-fail|p1a: Biggie Rections
|
|-heal|p1a: Biggie Rections|100/100|[from] item: Leftovers
|upkeep
|turn|16
|
|t:|1760835337
|move|p2a: Dragapult|Will-O-Wisp|p1a: Biggie Rections
|-status|p1a: Biggie Rections|brn
|move|p1a: Biggie Rections|Whirlpool|p2a: Dragapult
|-resisted|p2a: Dragapult
|-damage|p2a: Dragapult|98/100
|-activate|p2a: Dragapult|move: Whirlpool|[of] p1a: Biggie Rections
|
|-damage|p1a: Biggie Rections|94/100 brn|[from] brn
|-damage|p2a: Dragapult|86/100|[from] move: Whirlpool|[partiallytrapped]
|upkeep
|turn|17
|
|t:|1760835347
|move|p2a: Dragapult|Hex|p1a: Biggie Rections
|-damage|p1a: Biggie Rections|52/100 brn
|move|p1a: Biggie Rections|Leech Seed|p2a: Dragapult
|-start|p2a: Dragapult|move: Leech Seed
|
|-heal|p1a: Biggie Rections|58/100 brn|[from] item: Leftovers
|-damage|p2a: Dragapult|73/100|[from] Leech Seed|[of] p1a: Biggie Rections
|-heal|p1a: Biggie Rections|68/100 brn|[silent]
|-damage|p1a: Biggie Rections|62/100 brn|[from] brn
|-damage|p2a: Dragapult|61/100|[from] move: Whirlpool|[partiallytrapped]
|upkeep
|turn|18
|
|t:|1760835359
|move|p1a: Biggie Rections|Protect|p1a: Biggie Rections
|-singleturn|p1a: Biggie Rections|Protect
|move|p2a: Dragapult|Hex|p1a: Biggie Rections
|-activate|p1a: Biggie Rections|move: Protect
|
|-heal|p1a: Biggie Rections|68/100 brn|[from] item: Leftovers
|-damage|p2a: Dragapult|49/100|[from] Leech Seed|[of] p1a: Biggie Rections
|-heal|p1a: Biggie Rections|79/100 brn|[silent]
|-damage|p1a: Biggie Rections|73/100 brn|[from] brn
|-damage|p2a: Dragapult|37/100|[from] move: Whirlpool|[partiallytrapped]
|upkeep
|turn|19
|
|t:|1760835373
|move|p2a: Dragapult|Hex|p1a: Biggie Rections
|-damage|p1a: Biggie Rections|27/100 brn
|move|p1a: Biggie Rections|Whirlpool|p2a: Dragapult
|-resisted|p2a: Dragapult
|-damage|p2a: Dragapult|34/100
|
|-heal|p1a: Biggie Rections|33/100 brn|[from] item: Leftovers
|-damage|p2a: Dragapult|22/100|[from] Leech Seed|[of] p1a: Biggie Rections
|-heal|p1a: Biggie Rections|44/100 brn|[silent]
|-damage|p1a: Biggie Rections|38/100 brn|[from] brn
|-damage|p2a: Dragapult|10/100|[from] move: Whirlpool|[partiallytrapped]
|upkeep
|turn|20
|
|t:|1760835387
|switch|p2a: Inteleon|Inteleon, M|91/100
|move|p1a: Biggie Rections|Protect||[still]
|-fail|p1a: Biggie Rections
|
|-heal|p1a: Biggie Rections|44/100 brn|[from] item: Leftovers
|-damage|p1a: Biggie Rections|38/100 brn|[from] brn
|upkeep
|turn|21
|
|t:|1760835408
|-terastallize|p2a: Inteleon|Fighting
|move|p2a: Inteleon|Vacuum Wave|p1a: Biggie Rections
|-supereffective|p1a: Biggie Rections
|-damage|p1a: Biggie Rections|1/100 brn
|-damage|p2a: Inteleon|81/100|[from] item: Life Orb
|move|p1a: Biggie Rections|Leech Seed|p2a: Inteleon
|-start|p2a: Inteleon|move: Leech Seed
|
|-heal|p1a: Biggie Rections|7/100 brn|[from] item: Leftovers
|-damage|p2a: Inteleon|68/100|[from] Leech Seed|[of] p1a: Biggie Rections
|-heal|p1a: Biggie Rections|17/100 brn|[silent]
|-damage|p1a: Biggie Rections|11/100 brn|[from] brn
|-sideend|p2: FearedStriker|move: Light Screen
|upkeep
|turn|22
|
|t:|1760835425
|switch|p2a: Dragapult|Dragapult, M|10/100
|move|p1a: Biggie Rections|Protect||[still]
|-fail|p1a: Biggie Rections
|
|-heal|p1a: Biggie Rections|17/100 brn|[from] item: Leftovers
|-damage|p1a: Biggie Rections|11/100 brn|[from] brn
|upkeep
|turn|23
|
|t:|1760835437
|move|p2a: Dragapult|Hex|p1a: Biggie Rections
|-damage|p1a: Biggie Rections|0 fnt
|faint|p1a: Biggie Rections
|
|upkeep
|
|t:|1760835444
|switch|p1a: Anne Null|Overqwil, M, shiny|100/100
|turn|24
|
|t:|1760835457
|move|p2a: Dragapult|Will-O-Wisp|p1a: Anne Null
|-status|p1a: Anne Null|brn
|move|p1a: Anne Null|Fell Stinger|p2a: Dragapult
|-resisted|p2a: Dragapult
|-damage|p2a: Dragapult|3/100
|
|-damage|p1a: Anne Null|94/100 brn|[from] brn
|upkeep
|turn|25
|
|t:|1760835470
|move|p2a: Dragapult|Draco Meteor|p1a: Anne Null
|-damage|p1a: Anne Null|9/100 brn
|-unboost|p2a: Dragapult|spa|2
|move|p1a: Anne Null|Fell Stinger|p2a: Dragapult
|-resisted|p2a: Dragapult
|-damage|p2a: Dragapult|0 fnt
|faint|p2a: Dragapult
|-boost|p1a: Anne Null|atk|3
|
|-damage|p1a: Anne Null|2/100 brn|[from] brn
|upkeep
|
|t:|1760835477
|switch|p2a: Inteleon|Inteleon, M, tera:Fighting|68/100
|turn|26
|
|t:|1760835489
|move|p2a: Inteleon|Vacuum Wave|p1a: Anne Null
|-damage|p1a: Anne Null|0 fnt
|faint|p1a: Anne Null
|-damage|p2a: Inteleon|58/100|[from] item: Life Orb
|
|upkeep
|
|t:|1760835496
|switch|p1a: Bo Nerr|Porygon2, shiny|100/100
|turn|27
|
|t:|1760835505
|move|p2a: Inteleon|Vacuum Wave|p1a: Bo Nerr
|-supereffective|p1a: Bo Nerr
|-damage|p1a: Bo Nerr|64/100
|-damage|p2a: Inteleon|48/100|[from] item: Life Orb
|move|p1a: Bo Nerr|Tri Attack|p2a: Inteleon
|-damage|p2a: Inteleon|0 fnt
|faint|p2a: Inteleon
|
|upkeep
|
|t:|1760835511
|switch|p2a: Grimmsnarl|Grimmsnarl, M, shiny|52/100
|turn|28
|
|t:|1760835520
|move|p2a: Grimmsnarl|Light Screen|p2a: Grimmsnarl
|-sidestart|p2: FearedStriker|move: Light Screen
|move|p1a: Bo Nerr|Tri Attack|p2a: Grimmsnarl
|-damage|p2a: Grimmsnarl|28/100
|-status|p2a: Grimmsnarl|par
|
|upkeep
|turn|29
|
|t:|1760835527
|move|p1a: Bo Nerr|Recover|p1a: Bo Nerr
|-heal|p1a: Bo Nerr|100/100
|cant|p2a: Grimmsnarl|par
|
|upkeep
|turn|30
|
|t:|1760835534
|move|p1a: Bo Nerr|Tri Attack|p2a: Grimmsnarl
|-damage|p2a: Grimmsnarl|10/100 par
|move|p2a: Grimmsnarl|Spirit Break|p1a: Bo Nerr
|-damage|p1a: Bo Nerr|74/100
|-unboost|p1a: Bo Nerr|spa|1
|
|upkeep
|turn|31
|
|t:|1760835544
|move|p1a: Bo Nerr|Tri Attack|p2a: Grimmsnarl
|-damage|p2a: Grimmsnarl|0 fnt
|faint|p2a: Grimmsnarl
|
|upkeep
|
|t:|1760835547
|switch|p2a: Glimmora|Glimmora, F|100/100
|turn|32
|
|t:|1760835559
|move|p2a: Glimmora|Flash Cannon|p1a: Bo Nerr
|-damage|p1a: Bo Nerr|56/100
|move|p1a: Bo Nerr|Tri Attack|p2a: Glimmora
|-resisted|p2a: Glimmora
|-damage|p2a: Glimmora|90/100
|
|upkeep
|turn|33
|
|t:|1760835572
|move|p2a: Glimmora|Flash Cannon|p1a: Bo Nerr
|-damage|p1a: Bo Nerr|37/100
|move|p1a: Bo Nerr|Thunder|p2a: Glimmora
|-damage|p2a: Glimmora|68/100
|
|upkeep
|turn|34
|
|t:|1760835580
|move|p2a: Glimmora|Flash Cannon|p1a: Bo Nerr
|-damage|p1a: Bo Nerr|17/100
|move|p1a: Bo Nerr|Recover|p1a: Bo Nerr
|-heal|p1a: Bo Nerr|67/100
|
|upkeep
|turn|35
|-message|FearedStriker forfeited.
|
|win|Denvertzzz
|raw|Denvertzzz's rating: 1248 &rarr; <strong>1270</strong><br />(+22 for winning)
|raw|FearedStriker's rating: 1203 &rarr; <strong>1181</strong><br />(-22 for losing)
|l|☆FearedStriker
|player|p2|
|l|☆Denvertzzz
|player|p1|
