|badge|p2|bronze|gen9ou|100-7
|uhtml|medal-msg|<div class="broadcast-blue">Curious what those medals under the avatar are? PS now has Ladder Seasons! For more information, check out the <a href="https://www.smogon.com/forums/threads/3740067/">thread on Smogon.</a></div>
|j|☆avitross
|j|☆Chococroc
|t:|1760724860
|gametype|singles
|player|p1|avitross|266|1791
|player|p2|Chococroc|pokemaniac|1897
|gen|9
|tier|[Gen 9] OU
|rated|
|rule|HP Percentage Mod: HP is shown in percentages
|rule|Endless Battle Clause: Forcing endless battles is banned
|rule|Species Clause: Limit one of each Pokémon
|rule|OHKO Clause: OHKO moves are banned
|rule|Evasion Items Clause: Evasion items are banned
|rule|Evasion Moves Clause: Evasion moves are banned
|rule|Evasion Abilities Clause: Evasion abilities are banned
|rule|Sleep Moves Clause: Sleep-inducing moves are banned
|clearpoke
|poke|p1|Deoxys-Defense|
|poke|p1|Umbreon, F|
|poke|p1|Corviknight, F|
|poke|p1|Weezing-Galar, M|
|poke|p1|Clodsire, F|
|poke|p1|Dondozo, M|
|poke|p2|Rillaboom, F|
|poke|p2|Hawlucha, M|
|poke|p2|Kyurem|
|poke|p2|Primarina, F|
|poke|p2|Cinderace, F|
|poke|p2|Iron Crown|
|teampreview
|
|t:|1760724894
|teamsize|p1|6
|teamsize|p2|6
|start
|switch|p1a: Umbreon|Umbreon, F|100/100
|switch|p2a: Rillaboom|Rillaboom, F|100/100
|-fieldstart|move: Grassy Terrain|[from] ability: Grassy Surge|[of] p2a: Rillaboom
|turn|1
|
|t:|1760724902
|move|p1a: Umbreon|Protect|p1a: Umbreon
|-singleturn|p1a: Umbreon|Protect
|move|p2a: Rillaboom|Knock Off|p1a: Umbreon
|-activate|p1a: Umbreon|move: Protect
|
|upkeep
|turn|2
|
|t:|1760724911
|move|p2a: Rillaboom|Knock Off|p1a: Umbreon
|-resisted|p1a: Umbreon
|-crit|p1a: Umbreon
|-damage|p1a: Umbreon|66/100
|-enditem|p1a: Umbreon|Leftovers|[from] move: Knock Off|[of] p2a: Rillaboom
|move|p1a: Umbreon|Toxic|p2a: Rillaboom
|-status|p2a: Rillaboom|tox
|
|-heal|p1a: Umbreon|73/100|[from] Grassy Terrain
|-damage|p2a: Rillaboom|94/100 tox|[from] psn
|upkeep
|turn|3
|
|t:|1760724927
|switch|p2a: Cinderace|Cinderace, F|100/100
|move|p1a: Umbreon|Wish|p1a: Umbreon
|
|-heal|p1a: Umbreon|79/100|[from] Grassy Terrain
|upkeep
|turn|4
|
|t:|1760724951
|switch|p1a: Deoxys|Deoxys-Defense|100/100
|-ability|p1a: Deoxys|Pressure
|move|p2a: Cinderace|Pyro Ball|p1a: Deoxys
|-damage|p1a: Deoxys|59/100
|-status|p1a: Deoxys|brn
|
|-heal|p1a: Deoxys|100/100 brn|[from] move: Wish|[wisher] Umbreon
|-damage|p1a: Deoxys|94/100 brn|[from] brn
|upkeep
|turn|5
|
|t:|1760724962
|move|p1a: Deoxys|Protect|p1a: Deoxys
|-singleturn|p1a: Deoxys|Protect
|move|p2a: Cinderace|U-turn|p1a: Deoxys
|-start|p2a: Cinderace|typechange|Bug|[from] ability: Libero
|-activate|p1a: Deoxys|move: Protect
|
|-heal|p1a: Deoxys|100/100 brn|[from] Grassy Terrain
|-damage|p1a: Deoxys|94/100 brn|[from] brn
|-fieldend|move: Grassy Terrain
|upkeep
|turn|6
|
|t:|1760724983
|switch|p1a: Corviknight|Corviknight, F|100/100
|-ability|p1a: Corviknight|Pressure
|move|p2a: Cinderace|U-turn|p1a: Corviknight
|-resisted|p1a: Corviknight
|-crit|p1a: Corviknight
|-damage|p1a: Corviknight|93/100
|
|t:|1760724986
|switch|p2a: Primarina|Primarina, F|100/100|[from] U-turn
|
|-heal|p1a: Corviknight|99/100|[from] item: Leftovers
|upkeep
|turn|7
|
|t:|1760724991
|move|p1a: Corviknight|Protect|p1a: Corviknight
|-singleturn|p1a: Corviknight|Protect
|move|p2a: Primarina|Substitute|p2a: Primarina
|-start|p2a: Primarina|Substitute
|-damage|p2a: Primarina|75/100
|
|-heal|p2a: Primarina|82/100|[from] item: Leftovers
|-heal|p1a: Corviknight|100/100|[from] item: Leftovers
|upkeep
|turn|8
|
|t:|1760724997
|move|p2a: Primarina|Calm Mind|p2a: Primarina
|-boost|p2a: Primarina|spa|1
|-boost|p2a: Primarina|spd|1
|move|p1a: Corviknight|Spite|p2a: Primarina
|-activate|p2a: Primarina|move: Spite|Calm Mind|4
|
|-heal|p2a: Primarina|88/100|[from] item: Leftovers
|upkeep
|turn|9
|
|t:|1760725004
|switch|p1a: Clodsire|Clodsire, F|100/100
|move|p2a: Primarina|Calm Mind|p2a: Primarina
|-boost|p2a: Primarina|spa|1
|-boost|p2a: Primarina|spd|1
|
|-heal|p2a: Primarina|94/100|[from] item: Leftovers
|upkeep
|turn|10
|
|t:|1760725010
|-terastallize|p1a: Clodsire|Steel
|move|p2a: Primarina|Psychic Noise|p1a: Clodsire
|-damage|p1a: Clodsire|85/100
|-start|p1a: Clodsire|move: Heal Block
|move|p1a: Clodsire|Amnesia|p1a: Clodsire
|-boost|p1a: Clodsire|spd|2
|
|-heal|p2a: Primarina|99/100|[from] item: Leftovers
|upkeep
|turn|11
|
|t:|1760725022
|switch|p2a: Cinderace|Cinderace, F|100/100
|move|p1a: Clodsire|Amnesia|p1a: Clodsire
|-boost|p1a: Clodsire|spd|2
|
|-end|p1a: Clodsire|move: Heal Block
|upkeep
|turn|12
|
|t:|1760725027
|switch|p1a: Dondozo|Dondozo, M|100/100
|move|p2a: Cinderace|Pyro Ball|p1a: Dondozo|[miss]
|-miss|p2a: Cinderace|p1a: Dondozo
|
|upkeep
|turn|13
|
|t:|1760725041
|move|p2a: Cinderace|U-turn|p1a: Dondozo
|-start|p2a: Cinderace|typechange|Bug|[from] ability: Libero
|-damage|p1a: Dondozo|85/100
|
|t:|1760725045
|switch|p2a: Primarina|Primarina, F|99/100|[from] U-turn
|move|p1a: Dondozo|Avalanche|p2a: Primarina
|-resisted|p2a: Primarina
|-damage|p2a: Primarina|94/100
|
|-heal|p2a: Primarina|99/100|[from] item: Leftovers
|-heal|p1a: Dondozo|91/100|[from] item: Leftovers
|upkeep
|turn|14
|
|t:|1760725057
|switch|p1a: Umbreon|Umbreon, F|79/100
|move|p2a: Primarina|Psychic Noise|p1a: Umbreon
|-damage|p1a: Umbreon|62/100
|-start|p1a: Umbreon|move: Heal Block
|
|-heal|p2a: Primarina|100/100|[from] item: Leftovers
|upkeep
|turn|15
|
|t:|1760725069
|switch|p1a: Deoxys|Deoxys-Defense|94/100 brn
|-ability|p1a: Deoxys|Pressure
|switch|p2a: Rillaboom|Rillaboom, F|94/100 tox
|-fieldstart|move: Grassy Terrain|[from] ability: Grassy Surge|[of] p2a: Rillaboom
|
|-heal|p2a: Rillaboom|100/100 tox|[from] Grassy Terrain
|-heal|p1a: Deoxys|100/100 brn|[from] Grassy Terrain
|-damage|p2a: Rillaboom|94/100 tox|[from] psn
|-damage|p1a: Deoxys|94/100 brn|[from] brn
|upkeep
|turn|16
|
|t:|1760725079
|move|p1a: Deoxys|Protect|p1a: Deoxys
|-singleturn|p1a: Deoxys|Protect
|move|p2a: Rillaboom|U-turn|p1a: Deoxys
|-activate|p1a: Deoxys|move: Protect
|
|-heal|p2a: Rillaboom|100/100 tox|[from] Grassy Terrain
|-heal|p1a: Deoxys|100/100 brn|[from] Grassy Terrain
|-damage|p2a: Rillaboom|88/100 tox|[from] psn
|-damage|p1a: Deoxys|94/100 brn|[from] brn
|upkeep
|turn|17
|
|t:|1760725085
|switch|p1a: Weezing|Weezing-Galar, M|100/100
|-ability|p1a: Weezing|Neutralizing Gas
|move|p2a: Rillaboom|U-turn|p1a: Weezing
|-resisted|p1a: Weezing
|-crit|p1a: Weezing
|-damage|p1a: Weezing|91/100
|
|t:|1760725087
|switch|p2a: Iron Crown|Iron Crown|100/100|[from] U-turn
|
|-heal|p1a: Weezing|97/100|[from] Grassy Terrain
|-heal|p1a: Weezing|100/100|[from] item: Leftovers
|upkeep
|turn|18
|
|t:|1760725096
|-end|p1a: Weezing|ability: Neutralizing Gas
|switch|p1a: Deoxys|Deoxys-Defense|94/100 brn
|-enditem|p2a: Iron Crown|Booster Energy
|-activate|p2a: Iron Crown|ability: Quark Drive|[fromitem]
|-start|p2a: Iron Crown|quarkdrivespe
|-ability|p1a: Deoxys|Pressure
|move|p2a: Iron Crown|Calm Mind|p2a: Iron Crown
|-boost|p2a: Iron Crown|spa|1
|-boost|p2a: Iron Crown|spd|1
|
|-heal|p1a: Deoxys|100/100 brn|[from] Grassy Terrain
|-damage|p1a: Deoxys|94/100 brn|[from] brn
|upkeep
|turn|19
|j| amimec
|
|t:|1760725109
|switch|p1a: Clodsire|Clodsire, F, tera:Steel|85/100
|move|p2a: Iron Crown|Tachyon Cutter|p1a: Clodsire
|-resisted|p1a: Clodsire
|-damage|p1a: Clodsire|79/100
|-resisted|p1a: Clodsire
|-damage|p1a: Clodsire|73/100
|-hitcount|p1a: Clodsire|2
|
|-heal|p1a: Clodsire|79/100|[from] Grassy Terrain
|-heal|p1a: Clodsire|85/100|[from] item: Leftovers
|-fieldend|move: Grassy Terrain
|upkeep
|turn|20
|
|t:|1760725118
|-terastallize|p2a: Iron Crown|Fighting
|move|p2a: Iron Crown|Focus Blast|p1a: Clodsire
|-supereffective|p1a: Clodsire
|-damage|p1a: Clodsire|22/100
|move|p1a: Clodsire|Amnesia|p1a: Clodsire
|-boost|p1a: Clodsire|spd|2
|
|-heal|p1a: Clodsire|28/100|[from] item: Leftovers
|upkeep
|turn|21
|
|t:|1760725128
|move|p2a: Iron Crown|Focus Blast|p1a: Clodsire
|-supereffective|p1a: Clodsire
|-damage|p1a: Clodsire|0 fnt
|faint|p1a: Clodsire
|
|upkeep
|
|t:|1760725134
|switch|p1a: Deoxys|Deoxys-Defense|94/100 brn
|-ability|p1a: Deoxys|Pressure
|turn|22
|l|☆avitross
|player|p1|
|inactive|Battle timer is ON: inactive players will automatically lose when time's up. (requested by Chococroc)
|inactive|avitross has 30 seconds to reconnect!
|inactive|avitross has 20 seconds to reconnect!
|inactive|avitross has 15 seconds to reconnect!
|inactive|avitross has 10 seconds to reconnect!
|inactive|avitross has 5 seconds to reconnect!
|-message|avitross lost due to inactivity.
|
|win|Chococroc
|raw|avitross's rating: 1780 &rarr; <strong>1766</strong><br />(-14 for losing)
|raw|Chococroc's rating: 1897 &rarr; <strong>1911</strong><br />(+14 for winning)
|l|☆Chococroc
|player|p2|
|l| amimec
