|j|☆melenchon-le-goat
|j|☆IKIGAI ROAD 34
|t:|1760858694
|gametype|singles
|player|p1|melenchon-le-goat|265|1225
|player|p2|IKIGAI ROAD 34|102|1219
|gen|9
|tier|[Gen 9] OU
|rated|
|rule|HP Percentage Mod: HP is shown in percentages
|rule|Endless Battle Clause: Forcing endless battles is banned
|rule|Species Clause: Limit one of each Pokémon
|rule|OHKO Clause: OHKO moves are banned
|rule|Evasion Items Clause: Evasion items are banned
|rule|Evasion Moves Clause: Evasion moves are banned
|rule|Evasion Abilities Clause: Evasion abilities are banned
|rule|Sleep Moves Clause: Sleep-inducing moves are banned
|clearpoke
|poke|p1|Dragonite, F|
|poke|p1|Deoxys-Speed|
|poke|p1|Zapdos|
|poke|p1|Hatterene, F|
|poke|p1|Glimmora, F|
|poke|p1|Blaziken, M|
|poke|p2|Pelipper, F|
|poke|p2|Barraskewda, F|
|poke|p2|Basculegion-F, F|
|poke|p2|Cinderace, F|
|poke|p2|Kilowattrel, M|
|poke|p2|Vikavolt, M|
|teampreview
|
|t:|1760858711
|teamsize|p1|6
|teamsize|p2|6
|start
|switch|p1a: Zapdos|Zapdos|100/100
|switch|p2a: Vikavolt|Vikavolt, M|100/100
|turn|1
|
|t:|1760858719
|move|p1a: Zapdos|Hurricane|p2a: Vikavolt
|-damage|p2a: Vikavolt|21/100
|move|p2a: Vikavolt|Sticky Web|p1a: Zapdos
|-sidestart|p1: melenchon-le-goat|move: Sticky Web
|
|upkeep
|turn|2
|
|t:|1760858726
|move|p1a: Zapdos|Hurricane|p2a: Vikavolt
|-damage|p2a: Vikavolt|0 fnt
|faint|p2a: Vikavolt
|
|upkeep
|
|t:|1760858738
|switch|p2a: Pelipper|Pelipper, F|100/100
|-weather|RainDance|[from] ability: Drizzle|[of] p2a: Pelipper
|turn|3
|
|t:|1760858745
|switch|p2a: Kilowattrel|Kilowattrel, M|100/100
|move|p1a: Zapdos|Volt Switch|p2a: Kilowattrel
|-immune|p2a: Kilowattrel|[from] ability: Volt Absorb
|
|-weather|RainDance|[upkeep]
|upkeep
|turn|4
|
|t:|1760858766
|move|p2a: Kilowattrel|Volt Switch|p1a: Zapdos
|-damage|p1a: Zapdos|58/100
|-damage|p2a: Kilowattrel|91/100|[from] item: Life Orb
|
|t:|1760858787
|switch|p2a: Cinderace|Cinderace, F|100/100|[from] Volt Switch
|move|p1a: Zapdos|Hurricane|p2a: Cinderace
|-damage|p2a: Cinderace|11/100
|-start|p2a: Cinderace|confusion
|
|-weather|RainDance|[upkeep]
|upkeep
|turn|5
|
|t:|1760858797
|-activate|p2a: Cinderace|confusion
|move|p2a: Cinderace|U-turn|p1a: Zapdos
|-start|p2a: Cinderace|typechange|Bug|[from] ability: Libero
|-resisted|p1a: Zapdos
|-crit|p1a: Zapdos
|-damage|p1a: Zapdos|32/100
|
|t:|1760858803
|switch|p2a: Kilowattrel|Kilowattrel, M|91/100|[from] U-turn
|move|p1a: Zapdos|Hurricane|p2a: Kilowattrel
|-resisted|p2a: Kilowattrel
|-damage|p2a: Kilowattrel|38/100
|
|-weather|RainDance|[upkeep]
|upkeep
|turn|6
|
|t:|1760858814
|switch|p1a: Hatterene|Hatterene, F|100/100
|-activate|p1a: Hatterene|move: Sticky Web
|-unboost|p1a: Hatterene|spe|1
|move|p2a: Kilowattrel|Thunder|p1a: Hatterene
|-damage|p1a: Hatterene|51/100
|-status|p1a: Hatterene|par
|-damage|p2a: Kilowattrel|28/100|[from] item: Life Orb
|
|-weather|RainDance|[upkeep]
|upkeep
|turn|7
|
|t:|1760858830
|move|p2a: Kilowattrel|Thunder|p1a: Hatterene
|-damage|p1a: Hatterene|0 fnt
|faint|p1a: Hatterene
|-damage|p2a: Kilowattrel|18/100|[from] item: Life Orb
|
|-weather|RainDance|[upkeep]
|upkeep
|
|t:|1760858840
|switch|p1a: Dragonite|Dragonite, F|100/100
|turn|8
|
|t:|1760858845
|move|p1a: Dragonite|Extreme Speed|p2a: Kilowattrel
|-damage|p2a: Kilowattrel|0 fnt
|faint|p2a: Kilowattrel
|
|-weather|RainDance|[upkeep]
|upkeep
|
|t:|1760858863
|switch|p2a: Basculegion|Basculegion-F, F|100/100
|turn|9
|
|t:|1760858875
|move|p2a: Basculegion|Shadow Ball|p1a: Dragonite
|-damage|p1a: Dragonite|76/100
|-damage|p2a: Basculegion|91/100|[from] item: Life Orb
|move|p1a: Dragonite|Outrage|p2a: Basculegion
|-damage|p2a: Basculegion|5/100
|
|-weather|RainDance|[upkeep]
|upkeep
|turn|10
|
|t:|1760858887
|move|p2a: Basculegion|Ice Beam|p1a: Dragonite
|-supereffective|p1a: Dragonite
|-damage|p1a: Dragonite|0 fnt
|faint|p1a: Dragonite
|-damage|p2a: Basculegion|0 fnt|[from] item: Life Orb
|faint|p2a: Basculegion
|
|-weather|none
|upkeep
|inactive|Battle timer is ON: inactive players will automatically lose when time's up. (requested by IKIGAI ROAD 34)
|
|t:|1760858917
|switch|p2a: Pelipper|Pelipper, F|100/100
|switch|p1a: Deoxys|Deoxys-Speed|100/100
|-activate|p1a: Deoxys|move: Sticky Web
|-unboost|p1a: Deoxys|spe|1
|-ability|p1a: Deoxys|Pressure
|-weather|RainDance|[from] ability: Drizzle|[of] p2a: Pelipper
|turn|11
|
|t:|1760858932
|switch|p1a: Zapdos|Zapdos|32/100
|switch|p2a: Cinderace|Cinderace, F|11/100
|
|-weather|RainDance|[upkeep]
|upkeep
|turn|12
|
|t:|1760858942
|move|p2a: Cinderace|High Jump Kick|p1a: Zapdos
|-start|p2a: Cinderace|typechange|Fighting|[from] ability: Libero
|-resisted|p1a: Zapdos
|-damage|p1a: Zapdos|2/100
|move|p1a: Zapdos|Roost|p1a: Zapdos
|-heal|p1a: Zapdos|52/100
|-singleturn|p1a: Zapdos|move: Roost
|
|-weather|RainDance|[upkeep]
|upkeep
|turn|13
|
|t:|1760858959
|move|p2a: Cinderace|High Jump Kick|p1a: Zapdos
|-resisted|p1a: Zapdos
|-damage|p1a: Zapdos|20/100
|-status|p2a: Cinderace|par|[from] ability: Static|[of] p1a: Zapdos
|move|p1a: Zapdos|Roost|p1a: Zapdos
|-heal|p1a: Zapdos|70/100
|-singleturn|p1a: Zapdos|move: Roost
|
|-weather|RainDance|[upkeep]
|upkeep
|turn|14
|
|t:|1760858970
|move|p1a: Zapdos|Roost|p1a: Zapdos
|-heal|p1a: Zapdos|100/100
|-singleturn|p1a: Zapdos|move: Roost
|move|p2a: Cinderace|High Jump Kick|p1a: Zapdos
|-damage|p1a: Zapdos|35/100
|
|-weather|RainDance|[upkeep]
|upkeep
|turn|15
|
|t:|1760858984
|move|p1a: Zapdos|Roost|p1a: Zapdos
|-heal|p1a: Zapdos|86/100
|-singleturn|p1a: Zapdos|move: Roost
|move|p2a: Cinderace|U-turn|p1a: Zapdos
|-damage|p1a: Zapdos|64/100
|
|t:|1760858991
|switch|p2a: Barraskewda|Barraskewda, F|100/100|[from] U-turn
|
|-weather|RainDance|[upkeep]
|upkeep
|turn|16
|
|t:|1760859001
|move|p2a: Barraskewda|Liquidation|p1a: Zapdos
|-damage|p1a: Zapdos|0 fnt
|faint|p1a: Zapdos
|-damage|p2a: Barraskewda|91/100|[from] item: Life Orb
|
|-weather|RainDance|[upkeep]
|upkeep
|
|t:|1760859016
|switch|p1a: Deoxys|Deoxys-Speed|100/100
|-activate|p1a: Deoxys|move: Sticky Web
|-unboost|p1a: Deoxys|spe|1
|-ability|p1a: Deoxys|Pressure
|turn|17
|
|t:|1760859024
|move|p2a: Barraskewda|Flip Turn|p1a: Deoxys
|-enditem|p1a: Deoxys|Focus Sash
|-damage|p1a: Deoxys|1/100
|-damage|p2a: Barraskewda|81/100|[from] item: Life Orb
|
|t:|1760859031
|switch|p2a: Cinderace|Cinderace, F|11/100 par|[from] Flip Turn
|move|p1a: Deoxys|Psycho Boost|p2a: Cinderace
|-damage|p2a: Cinderace|0 fnt
|-unboost|p1a: Deoxys|spa|2
|faint|p2a: Cinderace
|
|-weather|RainDance|[upkeep]
|upkeep
|
|t:|1760859044
|switch|p2a: Barraskewda|Barraskewda, F|81/100
|turn|18
|
|t:|1760859058
|move|p2a: Barraskewda|Liquidation|p1a: Deoxys
|-damage|p1a: Deoxys|0 fnt
|faint|p1a: Deoxys
|-damage|p2a: Barraskewda|71/100|[from] item: Life Orb
|
|-weather|none
|upkeep
|inactive|melenchon-le-goat has 120 seconds left.
|
|t:|1760859086
|switch|p1a: Glimmora|Glimmora, F|100/100
|-activate|p1a: Glimmora|move: Sticky Web
|-unboost|p1a: Glimmora|spe|1
|turn|19
|
|t:|1760859102
|move|p2a: Barraskewda|Flip Turn|p1a: Glimmora
|-supereffective|p1a: Glimmora
|-enditem|p1a: Glimmora|Focus Sash
|-damage|p1a: Glimmora|1/100
|-activate|p1a: Glimmora|ability: Toxic Debris
|-sidestart|p2: IKIGAI ROAD 34|move: Toxic Spikes
|-damage|p2a: Barraskewda|61/100|[from] item: Life Orb
|
|t:|1760859110
|switch|p2a: Pelipper|Pelipper, F|100/100|[from] Flip Turn
|-weather|RainDance|[from] ability: Drizzle|[of] p2a: Pelipper
|move|p1a: Glimmora|Sludge Wave|p2a: Pelipper
|-damage|p2a: Pelipper|34/100
|
|-weather|RainDance|[upkeep]
|upkeep
|turn|20
|
|t:|1760859121
|move|p1a: Glimmora|Sludge Wave|p2a: Pelipper
|-damage|p2a: Pelipper|0 fnt
|faint|p2a: Pelipper
|
|-weather|RainDance|[upkeep]
|upkeep
|
|t:|1760859126
|switch|p2a: Barraskewda|Barraskewda, F|61/100
|-status|p2a: Barraskewda|psn
|turn|21
|
|t:|1760859131
|move|p2a: Barraskewda|Liquidation|p1a: Glimmora
|-supereffective|p1a: Glimmora
|-damage|p1a: Glimmora|0 fnt
|-activate|p1a: Glimmora|ability: Toxic Debris
|-sidestart|p2: IKIGAI ROAD 34|move: Toxic Spikes
|faint|p1a: Glimmora
|-damage|p2a: Barraskewda|51/100 psn|[from] item: Life Orb
|
|-weather|RainDance|[upkeep]
|-damage|p2a: Barraskewda|39/100 psn|[from] psn
|upkeep
|
|t:|1760859141
|switch|p1a: Blaziken|Blaziken, M|100/100
|-activate|p1a: Blaziken|move: Sticky Web
|-unboost|p1a: Blaziken|spe|1
|turn|22
|
|t:|1760859158
|move|p2a: Barraskewda|Liquidation|p1a: Blaziken
|-supereffective|p1a: Blaziken
|-enditem|p1a: Blaziken|Focus Sash
|-damage|p1a: Blaziken|1/100
|-unboost|p1a: Blaziken|def|1
|-damage|p2a: Barraskewda|29/100 psn|[from] item: Life Orb
|move|p1a: Blaziken|Close Combat|p2a: Barraskewda
|-damage|p2a: Barraskewda|0 fnt
|-unboost|p1a: Blaziken|def|1
|-unboost|p1a: Blaziken|spd|1
|faint|p2a: Barraskewda
|
|win|melenchon-le-goat
|raw|melenchon-le-goat's rating: 1225 &rarr; <strong>1250</strong><br />(+25 for winning)
|raw|IKIGAI ROAD 34's rating: 1219 &rarr; <strong>1194</strong><br />(-25 for losing)
|l|☆IKIGAI ROAD 34
|player|p2|
|l|☆melenchon-le-goat
|player|p1|
