|j|☆axcen
|j|‽falas
|t:|1760804171
|gametype|singles
|player|p1|axcen|palmer|1320
|player|p2|falas|266|1342
|gen|9
|tier|[Gen 9] OU
|rated|
|rule|HP Percentage Mod: HP is shown in percentages
|rule|Endless Battle Clause: Forcing endless battles is banned
|rule|Species Clause: Limit one of each Pokémon
|rule|OHKO Clause: OHKO moves are banned
|rule|Evasion Items Clause: Evasion items are banned
|rule|Evasion Moves Clause: Evasion moves are banned
|rule|Evasion Abilities Clause: Evasion abilities are banned
|rule|Sleep Moves Clause: Sleep-inducing moves are banned
|clearpoke
|poke|p1|Arbok, M|
|poke|p1|Keldeo|
|poke|p1|Electrode-Hisui|
|poke|p1|Bombirdier, F|
|poke|p1|Lokix, M|
|poke|p1|Corviknight, F|
|poke|p2|Zapdos|
|poke|p2|Clodsire, M|
|poke|p2|Gholdengo|
|poke|p2|Rillaboom, F|
|poke|p2|Weezing-Galar, M|
|poke|p2|Hoopa-Unbound|
|teampreview
|inactive|Battle timer is ON: inactive players will automatically lose when time's up. (requested by falas)
|
|t:|1760804177
|teamsize|p1|6
|teamsize|p2|6
|start
|switch|p1a: Bombirdier|Bombirdier, F|100/100
|switch|p2a: Zapdos|Zapdos|100/100
|turn|1
|
|t:|1760804191
|move|p1a: Bombirdier|Stealth Rock|p2a: Zapdos
|-sidestart|p2: falas|move: Stealth Rock
|move|p2a: Zapdos|Discharge|p1a: Bombirdier
|-supereffective|p1a: Bombirdier
|-damage|p1a: Bombirdier|5/100
|
|upkeep
|turn|2
|
|t:|1760804198
|move|p1a: Bombirdier|Thief|p2a: Zapdos
|-damage|p2a: Zapdos|79/100
|-damage|p1a: Bombirdier|0 fnt|[from] item: Rocky Helmet|[of] p2a: Zapdos
|faint|p1a: Bombirdier
|move|p2a: Zapdos|Volt Switch|p1: Bombirdier|[notarget]
|-fail|p2a: Zapdos
|
|upkeep
|
|t:|1760804207
|switch|p1a: Arbok|Arbok, M|100/100
|turn|3
|
|t:|1760804211
|move|p1a: Arbok|Coil|p1a: Arbok
|-boost|p1a: Arbok|atk|1
|-boost|p1a: Arbok|def|1
|-boost|p1a: Arbok|accuracy|1
|move|p2a: Zapdos|Discharge|p1a: Arbok
|-damage|p1a: Arbok|45/100
|-status|p1a: Arbok|par
|
|upkeep
|turn|4
|
|t:|1760804221
|move|p2a: Zapdos|Discharge|p1a: Arbok
|-damage|p1a: Arbok|0 fnt
|faint|p1a: Arbok
|
|upkeep
|
|t:|1760804227
|switch|p1a: Keldeo|Keldeo|100/100
|turn|5
|
|t:|1760804231
|-terastallize|p1a: Keldeo|Water
|move|p1a: Keldeo|Surf|p2a: Zapdos
|-damage|p2a: Zapdos|0 fnt
|faint|p2a: Zapdos
|
|upkeep
|
|t:|1760804243
|switch|p2a: Hoopa|Hoopa-Unbound|100/100
|-damage|p2a: Hoopa|88/100|[from] Stealth Rock
|turn|6
|
|t:|1760804247
|move|p2a: Hoopa|Thunderbolt|p1a: Keldeo
|-supereffective|p1a: Keldeo
|-damage|p1a: Keldeo|20/100
|-status|p1a: Keldeo|par
|move|p1a: Keldeo|Surf|p2a: Hoopa
|-damage|p2a: Hoopa|2/100
|
|upkeep
|turn|7
|
|t:|1760804256
|switch|p1a: Electrode|Electrode-Hisui|100/100
|move|p2a: Hoopa|Thunderbolt|p1a: Electrode
|-resisted|p1a: Electrode
|-damage|p1a: Electrode|88/100
|
|upkeep
|turn|8
|
|t:|1760804262
|switch|p2a: Weezing|Weezing-Galar, M|100/100
|-damage|p2a: Weezing|88/100|[from] Stealth Rock
|move|p1a: Electrode|Volt Switch|p2a: Weezing
|-damage|p2a: Weezing|50/100
|
|t:|1760804268
|switch|p1a: Lokix|Lokix, M|100/100|[from] Volt Switch
|
|upkeep
|turn|9
|
|t:|1760804274
|move|p1a: Lokix|U-turn|p2a: Weezing
|-resisted|p2a: Weezing
|-damage|p2a: Weezing|34/100
|-damage|p1a: Lokix|84/100|[from] item: Rocky Helmet|[of] p2a: Weezing
|-damage|p1a: Lokix|74/100|[from] item: Life Orb
|
|t:|1760804283
|switch|p1a: Keldeo|Keldeo, tera:Water|20/100 par|[from] U-turn
|move|p2a: Weezing|Defog|p1a: Keldeo
|-unboost|p1a: Keldeo|evasion|1
|-sideend|p2: falas|Stealth Rock|[from] move: Defog|[of] p2a: Weezing
|
|upkeep
|turn|10
|
|t:|1760804292
|move|p1a: Keldeo|Surf|p2a: Weezing
|-damage|p2a: Weezing|0 fnt
|faint|p2a: Weezing
|
|upkeep
|
|t:|1760804301
|switch|p2a: Hoopa|Hoopa-Unbound|2/100
|turn|11
|
|t:|1760804308
|move|p2a: Hoopa|Psychic|p1a: Keldeo
|-damage|p1a: Keldeo|0 fnt
|faint|p1a: Keldeo
|
|upkeep
|
|t:|1760804313
|switch|p1a: Electrode|Electrode-Hisui|88/100
|turn|12
|
|t:|1760804319
|move|p1a: Electrode|Volt Switch|p2a: Hoopa
|-damage|p2a: Hoopa|0 fnt
|faint|p2a: Hoopa
|
|t:|1760804326
|switch|p1a: Corviknight|Corviknight, F|100/100|[from] Volt Switch
|
|upkeep
|
|t:|1760804330
|switch|p2a: Gholdengo|Gholdengo|100/100
|turn|13
|
|t:|1760804335
|move|p2a: Gholdengo|Make It Rain|p1a: Corviknight
|-resisted|p1a: Corviknight
|-damage|p1a: Corviknight|67/100
|-unboost|p2a: Gholdengo|spa|1
|move|p1a: Corviknight|U-turn|p2a: Gholdengo
|-resisted|p2a: Gholdengo
|-damage|p2a: Gholdengo|96/100
|
|t:|1760804343
|switch|p1a: Lokix|Lokix, M|74/100|[from] U-turn
|
|upkeep
|turn|14
|
|t:|1760804350
|switch|p2a: Clodsire|Clodsire, M|100/100
|move|p1a: Lokix|First Impression|p2a: Clodsire
|-resisted|p2a: Clodsire
|-damage|p2a: Clodsire|32/100
|-damage|p1a: Lokix|64/100|[from] item: Life Orb
|
|-heal|p2a: Clodsire|38/100|[from] item: Black Sludge
|upkeep
|turn|15
|
|t:|1760804360
|move|p1a: Lokix|U-turn|p2a: Clodsire
|-resisted|p2a: Clodsire
|-damage|p2a: Clodsire|0 fnt
|faint|p2a: Clodsire
|-damage|p1a: Lokix|54/100|[from] item: Life Orb
|
|t:|1760804365
|switch|p1a: Electrode|Electrode-Hisui|88/100|[from] U-turn
|
|upkeep
|
|t:|1760804370
|switch|p2a: Rillaboom|Rillaboom, F|100/100
|-fieldstart|move: Grassy Terrain|[from] ability: Grassy Surge|[of] p2a: Rillaboom
|turn|16
|
|t:|1760804379
|switch|p1a: Corviknight|Corviknight, F|67/100
|move|p2a: Rillaboom|Knock Off|p1a: Corviknight
|-damage|p1a: Corviknight|32/100
|-damage|p2a: Rillaboom|84/100|[from] item: Rocky Helmet|[of] p1a: Corviknight
|-enditem|p1a: Corviknight|Rocky Helmet|[from] move: Knock Off|[of] p2a: Rillaboom
|
|-heal|p2a: Rillaboom|90/100|[from] Grassy Terrain
|upkeep
|turn|17
|
|t:|1760804384
|move|p2a: Rillaboom|Knock Off|p1a: Corviknight
|-damage|p1a: Corviknight|7/100
|move|p1a: Corviknight|Defog|p2a: Rillaboom
|-unboost|p2a: Rillaboom|evasion|1
|-fieldend|move: Grassy Terrain
|
|upkeep
|turn|18
|
|t:|1760804387
|move|p2a: Rillaboom|Knock Off|p1a: Corviknight
|-damage|p1a: Corviknight|0 fnt
|faint|p1a: Corviknight
|
|upkeep
|
|t:|1760804390
|switch|p1a: Lokix|Lokix, M|54/100
|turn|19
|
|t:|1760804393
|move|p1a: Lokix|First Impression|p2a: Rillaboom
|-supereffective|p2a: Rillaboom
|-damage|p2a: Rillaboom|0 fnt
|faint|p2a: Rillaboom
|-damage|p1a: Lokix|45/100|[from] item: Life Orb
|
|upkeep
|
|t:|1760804395
|switch|p2a: Gholdengo|Gholdengo|96/100
|turn|20
|
|t:|1760804402
|-terastallize|p2a: Gholdengo|Fairy
|move|p1a: Lokix|Sucker Punch|p2a: Gholdengo
|-resisted|p2a: Gholdengo
|-damage|p2a: Gholdengo|51/100
|-damage|p1a: Lokix|35/100|[from] item: Life Orb
|move|p2a: Gholdengo|Dazzling Gleam|p1a: Lokix
|-supereffective|p1a: Lokix
|-damage|p1a: Lokix|0 fnt
|faint|p1a: Lokix
|
|upkeep
|
|t:|1760804409
|switch|p1a: Electrode|Electrode-Hisui|88/100
|turn|21
|
|t:|1760804413
|move|p1a: Electrode|Chloroblast|p2a: Gholdengo
|-damage|p2a: Gholdengo|0 fnt
|faint|p2a: Gholdengo
|-damage|p1a: Electrode|38/100|[from] Recoil
|
|win|axcen
|raw|axcen's rating: 1320 &rarr; <strong>1341</strong><br />(+21 for winning)
|raw|falas's rating: 1342 &rarr; <strong>1321</strong><br />(-21 for losing)
|l|‽falas
|player|p2|
|l|☆axcen
|player|p1|
