|j|☆RomanticM
|j|☆sunflowersinrain
|t:|1760820610
|gametype|singles
|player|p1|RomanticM|steven|1054
|player|p2|sunflowersinrain|ingo|1064
|gen|9
|tier|[Gen 9] OU
|rated|
|rule|HP Percentage Mod: HP is shown in percentages
|rule|Endless Battle Clause: Forcing endless battles is banned
|rule|Species Clause: Limit one of each Pokémon
|rule|OHKO Clause: OHKO moves are banned
|rule|Evasion Items Clause: Evasion items are banned
|rule|Evasion Moves Clause: Evasion moves are banned
|rule|Evasion Abilities Clause: Evasion abilities are banned
|rule|Sleep Moves Clause: Sleep-inducing moves are banned
|clearpoke
|poke|p1|Dusknoir, F|
|poke|p1|Exeggutor, M|
|poke|p1|Garchomp, F|
|poke|p1|Empoleon, M|
|poke|p1|Charizard, M|
|poke|p1|Florges, F|
|poke|p2|Tinkaton, F|
|poke|p2|Lapras, F|
|poke|p2|Metagross|
|poke|p2|Keldeo-Resolute|
|poke|p2|Skeledirge, F|
|poke|p2|Ursaluna, F|
|teampreview
|
|t:|1760820614
|teamsize|p1|6
|teamsize|p2|6
|start
|switch|p1a: Dusknoir|Dusknoir, F|100/100
|switch|p2a: Herta|Tinkaton, F|100/100
|-ability|p2a: Herta|Mold Breaker
|-ability|p1a: Dusknoir|Pressure
|turn|1
|
|t:|1760820624
|move|p2a: Herta|Fake Out|p1a: Dusknoir
|-immune|p1a: Dusknoir
|move|p1a: Dusknoir|Earthquake|p2a: Herta
|-supereffective|p2a: Herta
|-damage|p2a: Herta|33/100
|
|upkeep
|turn|2
|
|t:|1760820630
|move|p2a: Herta|Thunder Wave|p1a: Dusknoir
|-status|p1a: Dusknoir|par
|move|p1a: Dusknoir|Earthquake|p2a: Herta
|-supereffective|p2a: Herta
|-damage|p2a: Herta|0 fnt
|faint|p2a: Herta
|
|upkeep
|
|t:|1760820643
|switch|p2a: Toast|Skeledirge, F, shiny|100/100
|turn|3
|
|t:|1760820650
|move|p2a: Toast|Hex|p1a: Dusknoir
|-supereffective|p1a: Dusknoir
|-damage|p1a: Dusknoir|16/100 par
|move|p1a: Dusknoir|Poltergeist|p2a: Toast
|-activate|p2a: Toast|move: Poltergeist|Aguav Berry
|-supereffective|p2a: Toast
|-damage|p2a: Toast|20/100
|-enditem|p2a: Toast|Aguav Berry|[eat]
|-heal|p2a: Toast|54/100|[from] item: Aguav Berry
|
|-heal|p1a: Dusknoir|22/100 par|[from] item: Leftovers
|upkeep
|turn|4
|
|t:|1760820665
|move|p2a: Toast|Torch Song|p1a: Dusknoir
|-damage|p1a: Dusknoir|0 fnt
|-boost|p2a: Toast|spa|1
|faint|p1a: Dusknoir
|
|upkeep
|
|t:|1760820671
|switch|p1a: Garchomp|Garchomp, F|100/100
|turn|5
|
|t:|1760820697
|switch|p2a: Lady|Lapras, F|100/100
|move|p1a: Garchomp|Earthquake|p2a: Lady
|-damage|p2a: Lady|57/100
|
|upkeep
|turn|6
|
|t:|1760820706
|switch|p1a: Empoleon|Empoleon, M|100/100
|move|p2a: Lady|Freeze-Dry|p1a: Empoleon
|-damage|p1a: Empoleon|71/100
|
|-heal|p1a: Empoleon|78/100|[from] item: Leftovers
|upkeep
|turn|7
|
|t:|1760820715
|switch|p2a: Toast|Skeledirge, F, shiny|54/100
|move|p1a: Empoleon|Flash Cannon|p2a: Toast
|-resisted|p2a: Toast
|-damage|p2a: Toast|40/100
|
|-heal|p1a: Empoleon|84/100|[from] item: Leftovers
|upkeep
|turn|8
|
|t:|1760820726
|move|p1a: Empoleon|Surf|p2a: Toast
|-supereffective|p2a: Toast
|-damage|p2a: Toast|0 fnt
|faint|p2a: Toast
|
|-heal|p1a: Empoleon|90/100|[from] item: Leftovers
|upkeep
|
|t:|1760820732
|switch|p2a: Darcy|Ursaluna, F|100/100
|turn|9
|
|t:|1760820739
|switch|p1a: Charizard|Charizard, M|100/100
|move|p2a: Darcy|Fire Punch|p1a: Charizard
|-resisted|p1a: Charizard
|-damage|p1a: Charizard|85/100
|
|-heal|p1a: Charizard|91/100|[from] item: Leftovers
|-status|p2a: Darcy|brn|[from] item: Flame Orb
|upkeep
|turn|10
|
|t:|1760820748
|move|p1a: Charizard|Flamethrower|p2a: Darcy
|-damage|p2a: Darcy|67/100 brn
|move|p2a: Darcy|Facade|p1a: Charizard
|-damage|p1a: Charizard|0 fnt
|faint|p1a: Charizard
|
|-damage|p2a: Darcy|61/100 brn|[from] brn
|upkeep
|
|t:|1760820775
|switch|p1a: Exeggutor|Exeggutor, M|100/100
|turn|11
|
|t:|1760820785
|move|p1a: Exeggutor|Giga Drain|p2a: Darcy
|-supereffective|p2a: Darcy
|-damage|p2a: Darcy|8/100 brn
|move|p2a: Darcy|Facade|p1a: Exeggutor
|-damage|p1a: Exeggutor|0 fnt
|faint|p1a: Exeggutor
|
|-damage|p2a: Darcy|2/100 brn|[from] brn
|upkeep
|
|t:|1760820794
|switch|p1a: Garchomp|Garchomp, F|100/100
|turn|12
|
|t:|1760820798
|move|p1a: Garchomp|Earthquake|p2a: Darcy
|-damage|p2a: Darcy|0 fnt
|faint|p2a: Darcy
|
|upkeep
|
|t:|1760820806
|switch|p2a: Lady|Lapras, F|57/100
|turn|13
|
|t:|1760820810
|switch|p1a: Empoleon|Empoleon, M|90/100
|move|p2a: Lady|Freeze-Dry|p1a: Empoleon
|-damage|p1a: Empoleon|63/100
|
|-heal|p1a: Empoleon|69/100|[from] item: Leftovers
|upkeep
|turn|14
|
|t:|1760820827
|-terastallize|p2a: Lady|Electric
|move|p2a: Lady|Freeze-Dry|p1a: Empoleon
|-damage|p1a: Empoleon|39/100
|move|p1a: Empoleon|Flash Cannon|p2a: Lady
|-resisted|p2a: Lady
|-damage|p2a: Lady|41/100
|
|-heal|p1a: Empoleon|45/100|[from] item: Leftovers
|upkeep
|turn|15
|
|t:|1760820840
|move|p2a: Lady|Brine|p1a: Empoleon
|-resisted|p1a: Empoleon
|-damage|p1a: Empoleon|21/100
|move|p1a: Empoleon|Surf|p2a: Lady
|-heal|p2a: Lady|66/100|[from] ability: Water Absorb|[of] p1a: Empoleon
|
|-heal|p1a: Empoleon|27/100|[from] item: Leftovers
|upkeep
|turn|16
|
|t:|1760820850
|move|p2a: Lady|Freeze-Dry|p1a: Empoleon
|-damage|p1a: Empoleon|0 fnt
|faint|p1a: Empoleon
|
|upkeep
|
|t:|1760820856
|switch|p1a: Florges|Florges, F|100/100
|turn|17
|
|t:|1760820866
|switch|p2a: Princess|Metagross|100/100
|move|p1a: Florges|Light Screen|p1a: Florges
|-sidestart|p1: RomanticM|move: Light Screen
|
|upkeep
|turn|18
|
|t:|1760820883
|switch|p1a: Garchomp|Garchomp, F|100/100
|move|p2a: Princess|Psychic Fangs|p1a: Garchomp
|-sideend|p1: RomanticM|move: Light Screen
|-damage|p1a: Garchomp|59/100
|-damage|p2a: Princess|88/100|[from] ability: Rough Skin|[of] p1a: Garchomp
|
|-heal|p2a: Princess|94/100|[from] item: Leftovers
|upkeep
|turn|19
|
|t:|1760820893
|move|p1a: Garchomp|Earthquake|p2a: Princess
|-supereffective|p2a: Princess
|-damage|p2a: Princess|15/100
|move|p2a: Princess|Iron Defense|p2a: Princess
|-boost|p2a: Princess|def|2
|
|-heal|p2a: Princess|21/100|[from] item: Leftovers
|upkeep
|turn|20
|
|t:|1760820906
|switch|p2a: Kel|Keldeo-Resolute|100/100
|move|p1a: Garchomp|Earthquake|p2a: Kel
|-damage|p2a: Kel|50/100
|
|-heal|p2a: Kel|57/100|[from] item: Leftovers
|upkeep
|turn|21
|
|t:|1760820916
|switch|p1a: Florges|Florges, F|100/100
|move|p2a: Kel|Icy Wind|p1a: Florges
|-damage|p1a: Florges|85/100
|-unboost|p1a: Florges|spe|1
|
|-heal|p2a: Kel|63/100|[from] item: Leftovers
|-heal|p1a: Florges|91/100|[from] item: Leftovers
|upkeep
|turn|22
|
|t:|1760820928
|move|p2a: Kel|Calm Mind|p2a: Kel
|-boost|p2a: Kel|spa|1
|-boost|p2a: Kel|spd|1
|move|p1a: Florges|Moonblast|p2a: Kel
|-supereffective|p2a: Kel
|-damage|p2a: Kel|0 fnt
|faint|p2a: Kel
|
|-heal|p1a: Florges|98/100|[from] item: Leftovers
|upkeep
|
|t:|1760820936
|switch|p2a: Princess|Metagross|21/100
|turn|23
|
|t:|1760820946
|move|p2a: Princess|Body Press|p1a: Florges
|-resisted|p1a: Florges
|-damage|p1a: Florges|85/100
|move|p1a: Florges|Moonblast|p2a: Princess
|-resisted|p2a: Princess
|-damage|p2a: Princess|0 fnt
|faint|p2a: Princess
|
|-heal|p1a: Florges|91/100|[from] item: Leftovers
|upkeep
|
|t:|1760820955
|switch|p2a: Lady|Lapras, F, tera:Electric|66/100
|turn|24
|
|t:|1760820963
|move|p2a: Lady|Hydro Pump|p1a: Florges
|-damage|p1a: Florges|57/100
|move|p1a: Florges|Moonblast|p2a: Lady
|-damage|p2a: Lady|25/100
|
|-heal|p1a: Florges|64/100|[from] item: Leftovers
|upkeep
|turn|25
|
|t:|1760820971
|move|p2a: Lady|Hydro Pump|p1a: Florges
|-damage|p1a: Florges|28/100
|move|p1a: Florges|Moonblast|p2a: Lady
|-damage|p2a: Lady|0 fnt
|faint|p2a: Lady
|
|win|RomanticM
|raw|RomanticM's rating: 1054 &rarr; <strong>1087</strong><br />(+33 for winning)
|raw|sunflowersinrain's rating: 1064 &rarr; <strong>1044</strong><br />(-20 for losing)
|c|☆sunflowersinrain|gg
|c|☆RomanticM|gg
|l|☆RomanticM
|player|p1|
