|j|☆Cobblemonnerd420
|j|☆penguinshen
|t:|1760864306
|gametype|singles
|player|p1|Cobblemonnerd420|1|1109
|player|p2|penguinshen|266|1079
|gen|9
|tier|[Gen 9] OU
|rated|
|rule|HP Percentage Mod: HP is shown in percentages
|rule|Endless Battle Clause: Forcing endless battles is banned
|rule|Species Clause: Limit one of each Pokémon
|rule|OHKO Clause: OHKO moves are banned
|rule|Evasion Items Clause: Evasion items are banned
|rule|Evasion Moves Clause: Evasion moves are banned
|rule|Evasion Abilities Clause: Evasion abilities are banned
|rule|Sleep Moves Clause: Sleep-inducing moves are banned
|clearpoke
|poke|p1|Iron Treads|
|poke|p1|Volcanion|
|poke|p1|Glimmora, M|
|poke|p1|Dragonite, M|
|poke|p1|Sinistcha-Masterpiece|
|poke|p1|Hatterene, F|
|poke|p2|Whimsicott, F|
|poke|p2|Kingambit, M|
|poke|p2|Great Tusk|
|poke|p2|Walking Wake|
|poke|p2|Ninetales, F|
|poke|p2|Polteageist|
|teampreview
|
|t:|1760864313
|teamsize|p1|6
|teamsize|p2|6
|start
|switch|p1a: Glimmora|Glimmora, M|100/100
|switch|p2a: Ninetales|Ninetales, F|100/100
|-weather|SunnyDay|[from] ability: Drought|[of] p2a: Ninetales
|turn|1
|
|t:|1760864326
|move|p2a: Ninetales|Nasty Plot|p2a: Ninetales
|-boost|p2a: Ninetales|spa|2
|move|p1a: Glimmora|Stealth Rock|p2a: Ninetales
|-sidestart|p2: penguinshen|move: Stealth Rock
|
|-weather|SunnyDay|[upkeep]
|upkeep
|turn|2
|
|t:|1760864339
|move|p2a: Ninetales|Encore|p1a: Glimmora
|-start|p1a: Glimmora|Encore
|move|p1a: Glimmora|Stealth Rock||[still]
|-fail|p1a: Glimmora
|
|-weather|SunnyDay|[upkeep]
|upkeep
|turn|3
|
|t:|1760864360
|switch|p1a: Dragonite|Dragonite, M|100/100
|move|p2a: Ninetales|Nasty Plot|p2a: Ninetales
|-boost|p2a: Ninetales|spa|2
|
|-weather|SunnyDay|[upkeep]
|upkeep
|turn|4
|
|t:|1760864371
|-terastallize|p1a: Dragonite|Normal
|move|p1a: Dragonite|Extreme Speed|p2a: Ninetales
|-damage|p2a: Ninetales|47/100
|move|p2a: Ninetales|Solar Beam||[still]
|-prepare|p2a: Ninetales|Solar Beam
|-anim|p2a: Ninetales|Solar Beam|p1a: Dragonite
|-damage|p1a: Dragonite|57/100
|
|-weather|SunnyDay|[upkeep]
|upkeep
|turn|5
|
|t:|1760864402
|move|p1a: Dragonite|Extreme Speed|p2a: Ninetales
|-crit|p2a: Ninetales
|-damage|p2a: Ninetales|0 fnt
|faint|p2a: Ninetales
|
|-weather|SunnyDay|[upkeep]
|upkeep
|
|t:|1760864408
|switch|p2a: Great Tusk|Great Tusk|100/100
|-damage|p2a: Great Tusk|98/100|[from] Stealth Rock
|-activate|p2a: Great Tusk|ability: Protosynthesis
|-start|p2a: Great Tusk|protosynthesisatk
|turn|6
|
|t:|1760864415
|move|p1a: Dragonite|Extreme Speed|p2a: Great Tusk
|-damage|p2a: Great Tusk|73/100
|move|p2a: Great Tusk|Rapid Spin|p1a: Dragonite
|-damage|p1a: Dragonite|37/100
|-boost|p2a: Great Tusk|spe|1
|-sideend|p2: penguinshen|Stealth Rock|[from] move: Rapid Spin|[of] p2a: Great Tusk
|
|-weather|SunnyDay|[upkeep]
|upkeep
|turn|7
|
|t:|1760864428
|move|p1a: Dragonite|Extreme Speed|p2a: Great Tusk
|-damage|p2a: Great Tusk|46/100
|move|p2a: Great Tusk|Close Combat|p1a: Dragonite
|-supereffective|p1a: Dragonite
|-damage|p1a: Dragonite|0 fnt
|-unboost|p2a: Great Tusk|def|1
|-unboost|p2a: Great Tusk|spd|1
|faint|p1a: Dragonite
|
|-weather|SunnyDay|[upkeep]
|upkeep
|
|t:|1760864447
|switch|p1a: Sinistcha|Sinistcha-Masterpiece|100/100
|turn|8
|
|t:|1760864454
|move|p2a: Great Tusk|Knock Off|p1a: Sinistcha
|-supereffective|p1a: Sinistcha
|-damage|p1a: Sinistcha|21/100
|-enditem|p1a: Sinistcha|Big Root|[from] move: Knock Off|[of] p2a: Great Tusk
|move|p1a: Sinistcha|Strength Sap|p2a: Great Tusk
|-unboost|p2a: Great Tusk|atk|1
|-heal|p1a: Sinistcha|100/100
|
|-weather|none
|-end|p2a: Great Tusk|Protosynthesis
|upkeep
|turn|9
|
|t:|1760864470
|move|p2a: Great Tusk|Knock Off|p1a: Sinistcha
|-supereffective|p1a: Sinistcha
|-damage|p1a: Sinistcha|74/100
|move|p1a: Sinistcha|Matcha Gotcha|p2a: Great Tusk
|-supereffective|p2a: Great Tusk
|-damage|p2a: Great Tusk|0 fnt
|-heal|p1a: Sinistcha|100/100|[from] drain|[of] p2a: Great Tusk
|faint|p2a: Great Tusk
|-end|p2a: Great Tusk|Protosynthesis|[silent]
|
|upkeep
|
|t:|1760864482
|switch|p2a: Kingambit|Kingambit, M|100/100
|turn|10
|
|t:|1760864487
|move|p1a: Sinistcha|Strength Sap|p2a: Kingambit
|-unboost|p2a: Kingambit|atk|1
|-ability|p2a: Kingambit|Defiant|boost
|-boost|p2a: Kingambit|atk|2
|move|p2a: Kingambit|Swords Dance|p2a: Kingambit
|-boost|p2a: Kingambit|atk|2
|
|upkeep
|turn|11
|
|t:|1760864495
|move|p1a: Sinistcha|Calm Mind|p1a: Sinistcha
|-boost|p1a: Sinistcha|spa|1
|-boost|p1a: Sinistcha|spd|1
|move|p2a: Kingambit|Swords Dance|p2a: Kingambit
|-boost|p2a: Kingambit|atk|2
|
|upkeep
|turn|12
|
|t:|1760864501
|move|p2a: Kingambit|Sucker Punch|p1a: Sinistcha
|-supereffective|p1a: Sinistcha
|-crit|p1a: Sinistcha
|-damage|p1a: Sinistcha|0 fnt
|faint|p1a: Sinistcha
|
|upkeep
|
|t:|1760864509
|switch|p1a: Hatterene|Hatterene, F|100/100
|turn|13
|
|t:|1760864521
|move|p2a: Kingambit|Kowtow Cleave|p1a: Hatterene
|-damage|p1a: Hatterene|0 fnt
|faint|p1a: Hatterene
|
|upkeep
|
|t:|1760864527
|switch|p1a: Glimmora|Glimmora, M|100/100
|turn|14
|
|t:|1760864540
|switch|p2a: Walking Wake|Walking Wake|100/100
|move|p1a: Glimmora|Earth Power|p2a: Walking Wake
|-damage|p2a: Walking Wake|67/100
|
|upkeep
|turn|15
|
|t:|1760864552
|move|p2a: Walking Wake|Draco Meteor|p1a: Glimmora
|-damage|p1a: Glimmora|11/100
|-unboost|p2a: Walking Wake|spa|2
|move|p1a: Glimmora|Stealth Rock|p2a: Walking Wake
|-sidestart|p2: penguinshen|move: Stealth Rock
|
|upkeep
|turn|16
|
|t:|1760864566
|move|p2a: Walking Wake|Draco Meteor|p1a: Glimmora
|-damage|p1a: Glimmora|0 fnt
|-unboost|p2a: Walking Wake|spa|2
|faint|p1a: Glimmora
|
|upkeep
|
|t:|1760864572
|switch|p1a: Iron Treads|Iron Treads|100/100
|turn|17
|
|t:|1760864579
|move|p2a: Walking Wake|Draco Meteor|p1a: Iron Treads|[miss]
|-miss|p2a: Walking Wake|p1a: Iron Treads
|move|p1a: Iron Treads|Rapid Spin|p2a: Walking Wake
|-damage|p2a: Walking Wake|52/100
|-boost|p1a: Iron Treads|spe|1
|
|upkeep
|turn|18
|
|t:|1760864588
|-end|p2a: Walking Wake|Protosynthesis|[silent]
|switch|p2a: Kingambit|Kingambit, M|100/100
|-damage|p2a: Kingambit|94/100|[from] Stealth Rock
|move|p1a: Iron Treads|Earthquake|p2a: Kingambit
|-supereffective|p2a: Kingambit
|-damage|p2a: Kingambit|30/100
|
|upkeep
|turn|19
|
|t:|1760864602
|-terastallize|p2a: Kingambit|Flying
|move|p1a: Iron Treads|Earthquake|p2a: Kingambit
|-immune|p2a: Kingambit
|move|p2a: Kingambit|Swords Dance|p2a: Kingambit
|-boost|p2a: Kingambit|atk|2
|
|upkeep
|turn|20
|
|t:|1760864615
|move|p2a: Kingambit|Sucker Punch|p1a: Iron Treads
|-damage|p1a: Iron Treads|24/100
|-damage|p2a: Kingambit|14/100|[from] item: Rocky Helmet|[of] p1a: Iron Treads
|move|p1a: Iron Treads|Supercell Slam|p2a: Kingambit
|-supereffective|p2a: Kingambit
|-damage|p2a: Kingambit|0 fnt
|faint|p2a: Kingambit
|
|upkeep
|
|t:|1760864623
|switch|p2a: Walking Wake|Walking Wake|52/100
|-damage|p2a: Walking Wake|40/100|[from] Stealth Rock
|turn|21
|
|t:|1760864628
|move|p1a: Iron Treads|Earthquake|p2a: Walking Wake
|-damage|p2a: Walking Wake|0 fnt
|faint|p2a: Walking Wake
|-end|p2a: Walking Wake|Protosynthesis|[silent]
|
|upkeep
|
|t:|1760864633
|switch|p2a: Whimsicott|Whimsicott, F|100/100
|-damage|p2a: Whimsicott|88/100|[from] Stealth Rock
|turn|22
|
|t:|1760864639
|move|p2a: Whimsicott|Leech Seed|p1a: Iron Treads
|-start|p1a: Iron Treads|move: Leech Seed
|move|p1a: Iron Treads|Iron Head|p2a: Whimsicott
|-supereffective|p2a: Whimsicott
|-damage|p2a: Whimsicott|0 fnt
|faint|p2a: Whimsicott
|
|upkeep
|
|t:|1760864645
|switch|p2a: Polteageist|Polteageist|100/100
|-damage|p2a: Polteageist|88/100|[from] Stealth Rock
|turn|23
|
|t:|1760864656
|move|p1a: Iron Treads|Earthquake|p2a: Polteageist
|-damage|p2a: Polteageist|8/100
|-ability|p2a: Polteageist|Weak Armor|boost
|-unboost|p2a: Polteageist|def|1
|-boost|p2a: Polteageist|spe|2
|move|p2a: Polteageist|Shell Smash|p2a: Polteageist
|-unboost|p2a: Polteageist|def|1
|-unboost|p2a: Polteageist|spd|1
|-boost|p2a: Polteageist|atk|2
|-boost|p2a: Polteageist|spa|2
|-boost|p2a: Polteageist|spe|2
|
|-damage|p1a: Iron Treads|12/100|[from] Leech Seed|[of] p2a: Polteageist
|-heal|p2a: Polteageist|23/100|[silent]
|upkeep
|turn|24
|
|t:|1760864668
|move|p2a: Polteageist|Shadow Ball|p1a: Iron Treads
|-damage|p1a: Iron Treads|0 fnt
|faint|p1a: Iron Treads
|-end|p1a: Iron Treads|Quark Drive|[silent]
|
|upkeep
|
|t:|1760864672
|switch|p1a: Volcanion|Volcanion|100/100
|turn|25
|
|t:|1760864677
|move|p2a: Polteageist|Stored Power|p1a: Volcanion
|-damage|p1a: Volcanion|0 fnt
|faint|p1a: Volcanion
|
|win|penguinshen
|raw|Cobblemonnerd420's rating: 1109 &rarr; <strong>1082</strong><br />(-27 for losing)
|raw|penguinshen's rating: 1079 &rarr; <strong>1110</strong><br />(+31 for winning)
|l|☆Cobblemonnerd420
|player|p1|
