|j|☆IceTemples
|j|☆malfurion l'elf
|t:|1760819696
|gametype|singles
|player|p1|IceTemples|pokekid|1405
|player|p2|malfurion l'elf|caitlin|1302
|gen|9
|tier|[Gen 9] OU
|rated|
|rule|HP Percentage Mod: HP is shown in percentages
|rule|Endless Battle Clause: Forcing endless battles is banned
|rule|Species Clause: Limit one of each Pokémon
|rule|OHKO Clause: OHKO moves are banned
|rule|Evasion Items Clause: Evasion items are banned
|rule|Evasion Moves Clause: Evasion moves are banned
|rule|Evasion Abilities Clause: Evasion abilities are banned
|rule|Sleep Moves Clause: Sleep-inducing moves are banned
|clearpoke
|poke|p1|Zapdos|
|poke|p1|Slowking-Galar, F|
|poke|p1|Jirachi|
|poke|p1|Landorus-Therian, M|
|poke|p1|Alomomola, M|
|poke|p1|Kingambit, F|
|poke|p2|Alomomola, F|
|poke|p2|Pecharunt|
|poke|p2|Raging Bolt|
|poke|p2|Cinderace, M|
|poke|p2|Meowscarada, M|
|poke|p2|Landorus-Therian, M|
|teampreview
|
|t:|1760819704
|teamsize|p1|6
|teamsize|p2|6
|start
|switch|p1a: Glormbus|Landorus-Therian, M|100/100
|switch|p2a: Pitch|Pecharunt|100/100
|-ability|p1a: Glormbus|Intimidate|boost
|-unboost|p2a: Pitch|atk|1
|turn|1
|
|t:|1760819713
|-terastallize|p2a: Pitch|Ice
|move|p2a: Pitch|Tera Blast|p1a: Glormbus|[anim] Tera Blast Ice
|-supereffective|p1a: Glormbus
|-damage|p1a: Glormbus|0 fnt
|faint|p1a: Glormbus
|
|upkeep
|c|☆malfurion l'elf|hihi
|
|t:|1760819718
|switch|p1a: Lebron|Jirachi|100/100
|turn|2
|
|t:|1760819731
|switch|p2a: Totm|Landorus-Therian, M|100/100
|-ability|p2a: Totm|Intimidate|boost
|-unboost|p1a: Lebron|atk|1
|move|p1a: Lebron|Substitute|p1a: Lebron
|-start|p1a: Lebron|Substitute
|-damage|p1a: Lebron|75/100
|
|-heal|p1a: Lebron|82/100|[from] item: Leftovers
|upkeep
|turn|3
|
|t:|1760819738
|move|p1a: Lebron|Body Slam|p2a: Totm
|-crit|p2a: Totm
|-damage|p2a: Totm|64/100
|-status|p2a: Totm|par
|move|p2a: Totm|Earthquake|p1a: Lebron
|-supereffective|p1a: Lebron
|-end|p1a: Lebron|Substitute
|
|-heal|p1a: Lebron|88/100|[from] item: Leftovers
|upkeep
|turn|4
|
|t:|1760819745
|switch|p1a: Sanders|Zapdos|100/100
|move|p2a: Totm|Earthquake|p1a: Sanders
|-immune|p1a: Sanders
|
|upkeep
|turn|5
|
|t:|1760819777
|move|p1a: Sanders|Substitute|p1a: Sanders
|-start|p1a: Sanders|Substitute
|-damage|p1a: Sanders|76/100
|cant|p2a: Totm|par
|
|upkeep
|turn|6
|
|t:|1760819781
|move|p1a: Sanders|Hurricane|p2a: Totm
|-damage|p2a: Totm|27/100 par
|cant|p2a: Totm|par
|
|upkeep
|turn|7
|
|t:|1760819786
|move|p1a: Sanders|Hurricane|p2a: Totm|[miss]
|-miss|p1a: Sanders|p2a: Totm
|move|p2a: Totm|U-turn|p1a: Sanders
|-resisted|p1a: Sanders
|-activate|p1a: Sanders|move: Substitute|[damage]
|
|t:|1760819793
|switch|p2a: Gyrafe|Raging Bolt|100/100|[from] U-turn
|
|upkeep
|turn|8
|
|t:|1760819797
|move|p1a: Sanders|Hurricane|p2a: Gyrafe
|-resisted|p2a: Gyrafe
|-damage|p2a: Gyrafe|82/100
|move|p2a: Gyrafe|Volt Switch|p1a: Sanders
|-end|p1a: Sanders|Substitute
|
|t:|1760819804
|-end|p2a: Gyrafe|Protosynthesis|[silent]
|switch|p2a: Pitch|Pecharunt, tera:Ice|100/100|[from] Volt Switch
|
|upkeep
|turn|9
|
|t:|1760819808
|switch|p1a: The King|Slowking-Galar, F|100/100
|move|p2a: Pitch|Parting Shot|p1a: The King
|-unboost|p1a: The King|atk|1
|-unboost|p1a: The King|spa|1
|
|t:|1760819812
|switch|p2a: Totm|Landorus-Therian, M|27/100 par|[from] Parting Shot
|-ability|p2a: Totm|Intimidate|boost
|-unboost|p1a: The King|atk|1
|
|upkeep
|turn|10
|
|t:|1760819815
|switch|p1a: Sanders|Zapdos|76/100
|move|p2a: Totm|Earthquake|p1a: Sanders
|-immune|p1a: Sanders
|
|upkeep
|turn|11
|
|t:|1760819836
|move|p1a: Sanders|Substitute|p1a: Sanders
|-start|p1a: Sanders|Substitute
|-damage|p1a: Sanders|51/100
|cant|p2a: Totm|par
|
|upkeep
|turn|12
|
|t:|1760819839
|move|p1a: Sanders|Roost|p1a: Sanders
|-heal|p1a: Sanders|100/100
|-singleturn|p1a: Sanders|move: Roost
|move|p2a: Totm|Stone Edge|p1a: Sanders|[miss]
|-miss|p2a: Totm|p1a: Sanders
|
|upkeep
|turn|13
|
|t:|1760819846
|move|p1a: Sanders|Hurricane|p2a: Totm|[miss]
|-miss|p1a: Sanders|p2a: Totm
|move|p2a: Totm|Stone Edge|p1a: Sanders
|-supereffective|p1a: Sanders
|-end|p1a: Sanders|Substitute
|
|upkeep
|turn|14
|
|t:|1760819849
|switch|p2a: Gyrafe|Raging Bolt|82/100
|move|p1a: Sanders|Substitute|p1a: Sanders
|-start|p1a: Sanders|Substitute
|-damage|p1a: Sanders|76/100
|
|upkeep
|turn|15
|
|t:|1760819853
|move|p1a: Sanders|Roost|p1a: Sanders
|-heal|p1a: Sanders|100/100
|-singleturn|p1a: Sanders|move: Roost
|move|p2a: Gyrafe|Volt Switch|p1a: Sanders
|-resisted|p1a: Sanders
|-crit|p1a: Sanders
|-end|p1a: Sanders|Substitute
|
|t:|1760819857
|-end|p2a: Gyrafe|Protosynthesis|[silent]
|switch|p2a: Pitch|Pecharunt, tera:Ice|100/100|[from] Volt Switch
|
|upkeep
|turn|16
|
|t:|1760819859
|switch|p1a: The King|Slowking-Galar, F|100/100
|move|p2a: Pitch|Tera Blast|p1a: The King|[anim] Tera Blast Ice
|-damage|p1a: The King|83/100
|
|upkeep
|turn|17
|
|t:|1760819866
|switch|p2a: Gyrafe|Raging Bolt|82/100
|move|p1a: The King|Sludge Bomb|p2a: Gyrafe
|-damage|p2a: Gyrafe|54/100
|
|upkeep
|turn|18
|
|t:|1760819869
|move|p2a: Gyrafe|Draco Meteor|p1a: The King
|-damage|p1a: The King|16/100
|-unboost|p2a: Gyrafe|spa|2
|move|p1a: The King|Psychic Noise|p2a: Gyrafe
|-damage|p2a: Gyrafe|30/100
|-start|p2a: Gyrafe|move: Heal Block
|
|upkeep
|turn|19
|
|t:|1760819872
|switch|p1a: Lebron|Jirachi|88/100
|move|p2a: Gyrafe|Draco Meteor|p1a: Lebron
|-resisted|p1a: Lebron
|-crit|p1a: Lebron
|-damage|p1a: Lebron|19/100
|-unboost|p2a: Gyrafe|spa|2
|
|-heal|p1a: Lebron|25/100|[from] item: Leftovers
|-end|p2a: Gyrafe|move: Heal Block
|upkeep
|turn|20
|
|t:|1760819884
|-end|p2a: Gyrafe|Protosynthesis|[silent]
|switch|p2a: Totm|Landorus-Therian, M|27/100 par
|-ability|p2a: Totm|Intimidate|boost
|-unboost|p1a: Lebron|atk|1
|move|p1a: Lebron|Psychic Noise|p2a: Totm
|-damage|p2a: Totm|6/100 par
|-start|p2a: Totm|move: Heal Block
|
|-heal|p1a: Lebron|31/100|[from] item: Leftovers
|upkeep
|turn|21
|
|t:|1760819890
|move|p1a: Lebron|Iron Head|p2a: Totm
|-damage|p2a: Totm|0 fnt
|faint|p2a: Totm
|
|-heal|p1a: Lebron|37/100|[from] item: Leftovers
|upkeep
|
|t:|1760819892
|switch|p2a: Rabid|Cinderace, M|100/100
|turn|22
|
|t:|1760819897
|switch|p1a: Freddy Fish|Alomomola, M|100/100
|move|p2a: Rabid|Flare Blitz|p1a: Freddy Fish
|-resisted|p1a: Freddy Fish
|-damage|p1a: Freddy Fish|84/100
|-damage|p2a: Rabid|91/100|[from] Recoil
|
|upkeep
|turn|23
|
|t:|1760819899
|move|p2a: Rabid|U-turn|p1a: Freddy Fish
|-start|p2a: Rabid|typechange|Bug|[from] ability: Libero
|-damage|p1a: Freddy Fish|66/100
|
|t:|1760819910
|switch|p2a: Gyrafe|Raging Bolt|30/100|[from] U-turn
|move|p1a: Freddy Fish|Wish|p1a: Freddy Fish
|
|upkeep
|turn|24
|
|t:|1760819916
|switch|p1a: Wingwambit|Kingambit, F|100/100
|-activate|p1a: Wingwambit|ability: Supreme Overlord
|-start|p1a: Wingwambit|fallen1|[silent]
|move|p2a: Gyrafe|Volt Switch|p1a: Wingwambit
|-damage|p1a: Wingwambit|30/100
|
|t:|1760819923
|-end|p2a: Gyrafe|Protosynthesis|[silent]
|switch|p2a: Mawou|Meowscarada, M|100/100|[from] Volt Switch
|
|-heal|p1a: Wingwambit|100/100|[from] move: Wish|[wisher] Freddy Fish
|upkeep
|turn|25
|
|t:|1760819928
|-end|p1a: Wingwambit|fallen1|[silent]
|switch|p1a: Sanders|Zapdos|100/100
|move|p2a: Mawou|U-turn|p1a: Sanders
|-start|p2a: Mawou|typechange|Bug|[from] ability: Protean
|-resisted|p1a: Sanders
|-damage|p1a: Sanders|88/100
|
|t:|1760819931
|switch|p2a: Gyrafe|Raging Bolt|30/100|[from] U-turn
|
|upkeep
|turn|26
|
|t:|1760819934
|move|p1a: Sanders|Substitute|p1a: Sanders
|-start|p1a: Sanders|Substitute
|-damage|p1a: Sanders|63/100
|move|p2a: Gyrafe|Volt Switch|p1a: Sanders
|-end|p1a: Sanders|Substitute
|
|t:|1760819938
|-end|p2a: Gyrafe|Protosynthesis|[silent]
|switch|p2a: Pitch|Pecharunt, tera:Ice|100/100|[from] Volt Switch
|
|upkeep
|turn|27
|
|t:|1760819942
|switch|p1a: The King|Slowking-Galar, F|49/100
|move|p2a: Pitch|Parting Shot|p1a: The King
|-unboost|p1a: The King|atk|1
|-unboost|p1a: The King|spa|1
|
|t:|1760819944
|switch|p2a: Fishe|Alomomola, F|100/100|[from] Parting Shot
|
|upkeep
|turn|28
|
|t:|1760819949
|move|p2a: Fishe|Wish|p2a: Fishe
|move|p1a: The King|Thunder Wave|p2a: Fishe
|-status|p2a: Fishe|par
|
|upkeep
|turn|29
|
|t:|1760819953
|switch|p2a: Gyrafe|Raging Bolt|30/100
|move|p1a: The King|Psychic Noise|p2a: Gyrafe
|-damage|p2a: Gyrafe|14/100
|-start|p2a: Gyrafe|move: Heal Block
|
|upkeep
|turn|30
|c|☆malfurion l'elf|fuck
|c|☆malfurion l'elf|true
|
|t:|1760819969
|switch|p1a: Lebron|Jirachi|37/100
|move|p2a: Gyrafe|Draco Meteor|p1a: Lebron
|-resisted|p1a: Lebron
|-crit|p1a: Lebron
|-damage|p1a: Lebron|0 fnt
|-unboost|p2a: Gyrafe|spa|2
|faint|p1a: Lebron
|
|-end|p2a: Gyrafe|move: Heal Block
|upkeep
|
|t:|1760819972
|switch|p1a: Wingwambit|Kingambit, F|100/100
|-activate|p1a: Wingwambit|ability: Supreme Overlord
|-start|p1a: Wingwambit|fallen2|[silent]
|turn|31
|
|t:|1760819975
|-end|p2a: Gyrafe|Protosynthesis|[silent]
|switch|p2a: Fishe|Alomomola, F|100/100 par
|move|p1a: Wingwambit|Kowtow Cleave|p2a: Fishe
|-damage|p2a: Fishe|67/100 par
|
|-heal|p2a: Fishe|73/100 par|[from] item: Leftovers
|upkeep
|turn|32
|
|t:|1760819978
|move|p1a: Wingwambit|Swords Dance|p1a: Wingwambit
|-boost|p1a: Wingwambit|atk|2
|cant|p2a: Fishe|par
|
|-heal|p2a: Fishe|79/100 par|[from] item: Leftovers
|upkeep
|turn|33
|
|t:|1760819980
|move|p1a: Wingwambit|Kowtow Cleave|p2a: Fishe
|-damage|p2a: Fishe|12/100 par
|move|p2a: Fishe|Scald|p1a: Wingwambit
|-damage|p1a: Wingwambit|86/100
|
|-heal|p1a: Wingwambit|92/100|[from] item: Leftovers
|-heal|p2a: Fishe|18/100 par|[from] item: Leftovers
|upkeep
|turn|34
|c|☆malfurion l'elf|evil para
|
|t:|1760819990
|move|p1a: Wingwambit|Kowtow Cleave|p2a: Fishe
|-damage|p2a: Fishe|0 fnt
|faint|p2a: Fishe
|
|-heal|p1a: Wingwambit|98/100|[from] item: Leftovers
|upkeep
|
|t:|1760819994
|switch|p2a: Pitch|Pecharunt, tera:Ice|100/100
|turn|35
|
|t:|1760820002
|move|p2a: Pitch|Parting Shot|p1a: Wingwambit
|-unboost|p1a: Wingwambit|atk|1
|-unboost|p1a: Wingwambit|spa|1
|
|t:|1760820009
|switch|p2a: Rabid|Cinderace, M|91/100|[from] Parting Shot
|move|p1a: Wingwambit|Kowtow Cleave|p2a: Rabid
|-damage|p2a: Rabid|0 fnt
|faint|p2a: Rabid
|
|-heal|p1a: Wingwambit|100/100|[from] item: Leftovers
|upkeep
|c|☆malfurion l'elf|im stupid
|
|t:|1760820014
|switch|p2a: Pitch|Pecharunt, tera:Ice|100/100
|turn|36
|
|t:|1760820017
|move|p2a: Pitch|Destiny Bond|p2a: Pitch
|-singlemove|p2a: Pitch|Destiny Bond
|move|p1a: Wingwambit|Swords Dance|p1a: Wingwambit
|-boost|p1a: Wingwambit|atk|2
|
|upkeep
|turn|37
|-message|malfurion l'elf forfeited.
|
|win|IceTemples
|raw|IceTemples's rating: 1405 &rarr; <strong>1419</strong><br />(+14 for winning)
|raw|malfurion l&apos;elf's rating: 1302 &rarr; <strong>1288</strong><br />(-14 for losing)
|l|☆malfurion l'elf
|player|p2|
