|j|☆dolphin21
|j|☆Dream remmeng
|t:|1760761352
|gametype|singles
|player|p1|dolphin21|169|1174
|player|p2|Dream remmeng|lisia-masters|1192
|gen|9
|tier|[Gen 9] OU
|rated|
|rule|HP Percentage Mod: HP is shown in percentages
|rule|Endless Battle Clause: Forcing endless battles is banned
|rule|Species Clause: Limit one of each Pokémon
|rule|OHKO Clause: OHKO moves are banned
|rule|Evasion Items Clause: Evasion items are banned
|rule|Evasion Moves Clause: Evasion moves are banned
|rule|Evasion Abilities Clause: Evasion abilities are banned
|rule|Sleep Moves Clause: Sleep-inducing moves are banned
|clearpoke
|poke|p1|Garchomp, M|
|poke|p1|Metagross|
|poke|p1|Blaziken, M|
|poke|p1|Sylveon, F|
|poke|p1|Greninja-*, M|
|poke|p1|Iron Hands|
|poke|p2|Hydrapple, M|
|poke|p2|Iron Treads|
|poke|p2|Dragapult, F|
|poke|p2|Iron Moth|
|poke|p2|Alomomola, F|
|poke|p2|Zapdos|
|teampreview
|
|t:|1760761371
|teamsize|p1|6
|teamsize|p2|6
|start
|switch|p1a: Iron Hands|Iron Hands|100/100
|switch|p2a: Iron Treads|Iron Treads|100/100
|-enditem|p1a: Iron Hands|Booster Energy
|-activate|p1a: Iron Hands|ability: Quark Drive|[fromitem]
|-start|p1a: Iron Hands|quarkdriveatk
|turn|1
|
|t:|1760761381
|move|p2a: Iron Treads|Stealth Rock|p1a: Iron Hands
|-sidestart|p1: dolphin21|move: Stealth Rock
|move|p1a: Iron Hands|Close Combat|p2a: Iron Treads
|-supereffective|p2a: Iron Treads
|-enditem|p2a: Iron Treads|Focus Sash
|-damage|p2a: Iron Treads|1/100
|-unboost|p1a: Iron Hands|def|1
|-unboost|p1a: Iron Hands|spd|1
|
|upkeep
|turn|2
|
|t:|1760761410
|-end|p1a: Iron Hands|Quark Drive|[silent]
|switch|p1a: Greninja|Greninja, M|100/100
|-damage|p1a: Greninja|88/100|[from] Stealth Rock
|move|p2a: Iron Treads|Earthquake|p1a: Greninja
|-damage|p1a: Greninja|29/100
|
|upkeep
|turn|3
|
|t:|1760761422
|-end|p2a: Iron Treads|Quark Drive|[silent]
|switch|p2a: 八岐大蛇|Hydrapple, M|100/100
|move|p1a: Greninja|Surf|p2a: 八岐大蛇
|-start|p1a: Greninja|typechange|Water|[from] ability: Protean
|-resisted|p2a: 八岐大蛇
|-damage|p2a: 八岐大蛇|94/100
|
|upkeep
|turn|4
|
|t:|1760761429
|switch|p2a: Alomomola|Alomomola, F|100/100
|move|p1a: Greninja|Ice Beam|p2a: Alomomola
|-resisted|p2a: Alomomola
|-crit|p2a: Alomomola
|-damage|p2a: Alomomola|76/100
|-status|p2a: Alomomola|frz
|
|upkeep
|turn|5
|
|t:|1760761439
|switch|p1a: Iron Hands|Iron Hands|100/100
|-damage|p1a: Iron Hands|94/100|[from] Stealth Rock
|cant|p2a: Alomomola|frz
|
|upkeep
|turn|6
|
|t:|1760761447
|cant|p2a: Alomomola|frz
|move|p1a: Iron Hands|Supercell Slam|p2a: Alomomola
|-supereffective|p2a: Alomomola
|-damage|p2a: Alomomola|13/100 frz
|
|upkeep
|turn|7
|
|t:|1760761461
|cant|p2a: Alomomola|frz
|move|p1a: Iron Hands|Iron Head|p2a: Alomomola
|-resisted|p2a: Alomomola
|-damage|p2a: Alomomola|4/100 frz
|
|upkeep
|turn|8
|
|t:|1760761467
|cant|p2a: Alomomola|frz
|move|p1a: Iron Hands|Iron Head|p2a: Alomomola
|-resisted|p2a: Alomomola
|-damage|p2a: Alomomola|0 fnt
|faint|p2a: Alomomola
|
|upkeep
|
|t:|1760761476
|switch|p2a: Iron Moth|Iron Moth|100/100
|-enditem|p2a: Iron Moth|Booster Energy
|-activate|p2a: Iron Moth|ability: Quark Drive|[fromitem]
|-start|p2a: Iron Moth|quarkdrivespe
|turn|9
|
|t:|1760761502
|-terastallize|p2a: Iron Moth|Ground
|move|p2a: Iron Moth|Fiery Dance|p1a: Iron Hands
|-damage|p1a: Iron Hands|55/100
|move|p1a: Iron Hands|Supercell Slam|p2a: Iron Moth
|-immune|p2a: Iron Moth
|-damage|p1a: Iron Hands|5/100|[from] supercellslam
|
|upkeep
|turn|10
|
|t:|1760761509
|move|p2a: Iron Moth|Fiery Dance|p1a: Iron Hands
|-damage|p1a: Iron Hands|0 fnt
|faint|p1a: Iron Hands
|-end|p1a: Iron Hands|Quark Drive|[silent]
|
|upkeep
|
|t:|1760761518
|switch|p1a: Greninja|Greninja, M|29/100
|-damage|p1a: Greninja|17/100|[from] Stealth Rock
|turn|11
|
|t:|1760761525
|move|p2a: Iron Moth|Fiery Dance|p1a: Greninja
|-resisted|p1a: Greninja
|-damage|p1a: Greninja|0 fnt
|faint|p1a: Greninja
|
|upkeep
|
|t:|1760761540
|switch|p1a: Garchomp|Garchomp, M|100/100
|-damage|p1a: Garchomp|94/100|[from] Stealth Rock
|turn|12
|
|t:|1760761552
|move|p2a: Iron Moth|Tera Blast|p1a: Garchomp|[anim] Tera Blast Ground
|-damage|p1a: Garchomp|49/100
|move|p1a: Garchomp|Swords Dance|p1a: Garchomp
|-boost|p1a: Garchomp|atk|2
|
|upkeep
|turn|13
|
|t:|1760761569
|-end|p2a: Iron Moth|Quark Drive|[silent]
|switch|p2a: Zapdos|Zapdos|100/100
|move|p1a: Garchomp|Earthquake|p2a: Zapdos
|-immune|p2a: Zapdos
|
|upkeep
|turn|14
|
|t:|1760761590
|move|p1a: Garchomp|Dragon Claw|p2a: Zapdos
|-damage|p2a: Zapdos|45/100
|move|p2a: Zapdos|Hurricane|p1a: Garchomp
|-damage|p1a: Garchomp|0 fnt
|faint|p1a: Garchomp
|
|upkeep
|
|t:|1760761597
|switch|p1a: Sylveon|Sylveon, F|100/100
|-damage|p1a: Sylveon|88/100|[from] Stealth Rock
|turn|15
|
|t:|1760761601
|move|p2a: Zapdos|U-turn|p1a: Sylveon
|-resisted|p1a: Sylveon
|-damage|p1a: Sylveon|79/100
|
|t:|1760761604
|switch|p2a: Iron Treads|Iron Treads|1/100|[from] U-turn
|move|p1a: Sylveon|Calm Mind|p1a: Sylveon
|-boost|p1a: Sylveon|spa|1
|-boost|p1a: Sylveon|spd|1
|
|upkeep
|turn|16
|
|t:|1760761628
|move|p2a: Iron Treads|Earthquake|p1a: Sylveon
|-damage|p1a: Sylveon|29/100
|move|p1a: Sylveon|Hyper Voice|p2a: Iron Treads
|-resisted|p2a: Iron Treads
|-damage|p2a: Iron Treads|0 fnt
|faint|p2a: Iron Treads
|-end|p2a: Iron Treads|Quark Drive|[silent]
|
|upkeep
|
|t:|1760761649
|switch|p2a: Dragapult|Dragapult, F|100/100
|turn|17
|
|t:|1760761658
|-terastallize|p1a: Sylveon|Steel
|move|p2a: Dragapult|Phantom Force||[still]
|-prepare|p2a: Dragapult|Phantom Force
|move|p1a: Sylveon|Hyper Voice|p2a: Dragapult|[miss]
|-miss|p1a: Sylveon|p2a: Dragapult
|
|upkeep
|turn|18
|
|t:|1760761664
|move|p2a: Dragapult|Phantom Force|p1a: Sylveon|[from] lockedmove
|-damage|p1a: Sylveon|0 fnt
|faint|p1a: Sylveon
|
|upkeep
|
|t:|1760761681
|switch|p1a: Blaziken|Blaziken, M|100/100
|-damage|p1a: Blaziken|88/100|[from] Stealth Rock
|turn|19
|
|t:|1760761686
|move|p2a: Dragapult|Dragon Darts|p1a: Blaziken
|-crit|p1a: Blaziken
|-damage|p1a: Blaziken|36/100
|-anim|p2a: Dragapult|Dragon Darts|p1a: Blaziken
|-damage|p1a: Blaziken|0 fnt
|faint|p1a: Blaziken
|
|upkeep
|
|t:|1760761693
|switch|p1a: Metagross|Metagross, shiny|100/100
|-damage|p1a: Metagross|94/100|[from] Stealth Rock
|turn|20
|
|t:|1760761700
|move|p2a: Dragapult|Phantom Force||[still]
|-prepare|p2a: Dragapult|Phantom Force
|move|p1a: Metagross|Psychic Fangs|p2a: Dragapult|[miss]
|-miss|p1a: Metagross|p2a: Dragapult
|
|upkeep
|turn|21
|
|t:|1760761703
|move|p2a: Dragapult|Phantom Force|p1a: Metagross|[from] lockedmove
|-supereffective|p1a: Metagross
|-damage|p1a: Metagross|33/100
|move|p1a: Metagross|Psychic Fangs|p2a: Dragapult
|-damage|p2a: Dragapult|41/100
|
|upkeep
|turn|22
|
|t:|1760761707
|move|p2a: Dragapult|Phantom Force||[still]
|-prepare|p2a: Dragapult|Phantom Force
|move|p1a: Metagross|Psychic Fangs|p2a: Dragapult|[miss]
|-miss|p1a: Metagross|p2a: Dragapult
|
|upkeep
|turn|23
|
|t:|1760761715
|move|p2a: Dragapult|Phantom Force|p1a: Metagross|[from] lockedmove
|-supereffective|p1a: Metagross
|-damage|p1a: Metagross|0 fnt
|faint|p1a: Metagross
|
|win|Dream remmeng
|raw|dolphin21's rating: 1174 &rarr; <strong>1150</strong><br />(-24 for losing)
|raw|Dream remmeng's rating: 1192 &rarr; <strong>1216</strong><br />(+24 for winning)
|l|☆dolphin21
|player|p1|
|l|☆Dream remmeng
|player|p2|
