|j|☆Mexi-Squad
|j|☆Avl2121
|t:|1760761836
|gametype|singles
|player|p1|Mexi-Squad|1|1288
|player|p2|Avl2121|dragontamer|1239
|gen|9
|tier|[Gen 9] OU
|rated|
|rule|HP Percentage Mod: HP is shown in percentages
|rule|Endless Battle Clause: Forcing endless battles is banned
|rule|Species Clause: Limit one of each Pokémon
|rule|OHKO Clause: OHKO moves are banned
|rule|Evasion Items Clause: Evasion items are banned
|rule|Evasion Moves Clause: Evasion moves are banned
|rule|Evasion Abilities Clause: Evasion abilities are banned
|rule|Sleep Moves Clause: Sleep-inducing moves are banned
|clearpoke
|poke|p1|Slowking-Galar, M|
|poke|p1|Zamazenta-*|
|poke|p1|Rotom-Wash|
|poke|p1|Enamorus, F|
|poke|p1|Kingambit, F|
|poke|p1|Corviknight, F|
|poke|p2|Garganacl, M|
|poke|p2|Blaziken, M|
|poke|p2|Landorus-Therian, M|
|poke|p2|Kyurem|
|poke|p2|Deoxys-Speed|
|poke|p2|Flygon, M|
|teampreview
|inactive|Battle timer is ON: inactive players will automatically lose when time's up. (requested by Avl2121)
|
|t:|1760761847
|teamsize|p1|6
|teamsize|p2|6
|start
|switch|p1a: Rotom|Rotom-Wash|100/100
|switch|p2a: Deoxys|Deoxys-Speed|100/100
|-ability|p2a: Deoxys|Pressure
|turn|1
|
|t:|1760761850
|move|p2a: Deoxys|Taunt|p1a: Rotom
|-start|p1a: Rotom|move: Taunt
|cant|p1a: Rotom|move: Taunt|Thunder Wave
|
|upkeep
|turn|2
|
|t:|1760761854
|move|p2a: Deoxys|Knock Off|p1a: Rotom
|-damage|p1a: Rotom|82/100
|-enditem|p1a: Rotom|Leftovers|[from] move: Knock Off|[of] p2a: Deoxys
|move|p1a: Rotom|Hydro Pump|p2a: Deoxys|[miss]
|-miss|p1a: Rotom|p2a: Deoxys
|
|upkeep
|turn|3
|
|t:|1760761864
|move|p2a: Deoxys|Psychic Noise|p1a: Rotom
|-damage|p1a: Rotom|59/100
|-start|p1a: Rotom|move: Heal Block
|move|p1a: Rotom|Hydro Pump|p2a: Deoxys
|-damage|p2a: Deoxys|53/100
|
|-end|p1a: Rotom|move: Taunt
|upkeep
|turn|4
|
|t:|1760761874
|move|p2a: Deoxys|Taunt|p1a: Rotom
|-start|p1a: Rotom|move: Taunt
|move|p1a: Rotom|Hydro Pump|p2a: Deoxys
|-crit|p2a: Deoxys
|-damage|p2a: Deoxys|0 fnt
|faint|p2a: Deoxys
|
|-end|p1a: Rotom|move: Heal Block
|upkeep
|
|t:|1760761882
|switch|p2a: Kyurem|Kyurem|100/100
|-ability|p2a: Kyurem|Pressure
|turn|5
|
|t:|1760761887
|move|p2a: Kyurem|Substitute|p2a: Kyurem
|-start|p2a: Kyurem|Substitute
|-damage|p2a: Kyurem|76/100
|move|p1a: Rotom|Volt Switch|p2a: Kyurem
|-resisted|p2a: Kyurem
|-activate|p2a: Kyurem|move: Substitute|[damage]
|
|t:|1760761893
|switch|p1a: Zamazenta|Zamazenta|100/100|[from] Volt Switch
|-ability|p1a: Zamazenta|Dauntless Shield|boost
|-boost|p1a: Zamazenta|def|1
|
|-heal|p2a: Kyurem|82/100|[from] item: Leftovers
|upkeep
|turn|6
|
|t:|1760761900
|move|p1a: Zamazenta|Substitute|p1a: Zamazenta
|-start|p1a: Zamazenta|Substitute
|-damage|p1a: Zamazenta|76/100
|move|p2a: Kyurem|Freeze-Dry|p1a: Zamazenta
|-end|p1a: Zamazenta|Substitute
|
|-heal|p1a: Zamazenta|82/100|[from] item: Leftovers
|-heal|p2a: Kyurem|88/100|[from] item: Leftovers
|upkeep
|turn|7
|
|t:|1760761924
|move|p1a: Zamazenta|Body Press|p2a: Kyurem
|-supereffective|p2a: Kyurem
|-end|p2a: Kyurem|Substitute
|move|p2a: Kyurem|Freeze-Dry|p1a: Zamazenta
|-damage|p1a: Zamazenta|47/100
|-status|p1a: Zamazenta|frz
|
|-heal|p1a: Zamazenta|53/100 frz|[from] item: Leftovers
|-heal|p2a: Kyurem|94/100|[from] item: Leftovers
|upkeep
|turn|8
|
|t:|1760761929
|cant|p1a: Zamazenta|frz
|move|p2a: Kyurem|Substitute|p2a: Kyurem
|-start|p2a: Kyurem|Substitute
|-damage|p2a: Kyurem|69/100
|
|-heal|p1a: Zamazenta|59/100 frz|[from] item: Leftovers
|-heal|p2a: Kyurem|75/100|[from] item: Leftovers
|upkeep
|turn|9
|
|t:|1760761933
|cant|p1a: Zamazenta|frz
|move|p2a: Kyurem|Freeze-Dry|p1a: Zamazenta
|-damage|p1a: Zamazenta|23/100 frz
|
|-heal|p1a: Zamazenta|29/100 frz|[from] item: Leftovers
|-heal|p2a: Kyurem|82/100|[from] item: Leftovers
|upkeep
|turn|10
|
|t:|1760761938
|cant|p1a: Zamazenta|frz
|move|p2a: Kyurem|Freeze-Dry|p1a: Zamazenta
|-damage|p1a: Zamazenta|0 fnt
|faint|p1a: Zamazenta
|
|-heal|p2a: Kyurem|88/100|[from] item: Leftovers
|upkeep
|
|t:|1760761944
|switch|p1a: Corviknight|Corviknight, F|100/100
|-ability|p1a: Corviknight|Pressure
|turn|11
|
|t:|1760761949
|move|p2a: Kyurem|Freeze-Dry|p1a: Corviknight
|-damage|p1a: Corviknight|63/100
|move|p1a: Corviknight|Brave Bird|p2a: Kyurem
|-end|p2a: Kyurem|Substitute
|-damage|p1a: Corviknight|54/100|[from] Recoil|[of] p2a: Kyurem
|
|-heal|p2a: Kyurem|94/100|[from] item: Leftovers
|upkeep
|turn|12
|
|t:|1760761960
|move|p2a: Kyurem|Protect|p2a: Kyurem
|-singleturn|p2a: Kyurem|Protect
|move|p1a: Corviknight|Brave Bird|p2a: Kyurem
|-activate|p2a: Kyurem|move: Protect
|
|-heal|p2a: Kyurem|99/100|[from] item: Leftovers
|upkeep
|turn|13
|
|t:|1760761965
|move|p2a: Kyurem|Substitute|p2a: Kyurem
|-start|p2a: Kyurem|Substitute
|-damage|p2a: Kyurem|75/100
|move|p1a: Corviknight|Brave Bird|p2a: Kyurem
|-end|p2a: Kyurem|Substitute
|-damage|p1a: Corviknight|44/100|[from] Recoil|[of] p2a: Kyurem
|
|-heal|p2a: Kyurem|81/100|[from] item: Leftovers
|upkeep
|turn|14
|
|t:|1760761969
|move|p2a: Kyurem|Freeze-Dry|p1a: Corviknight
|-damage|p1a: Corviknight|5/100
|move|p1a: Corviknight|Brave Bird|p2a: Kyurem
|-damage|p2a: Kyurem|49/100
|-damage|p1a: Corviknight|0 fnt|[from] Recoil
|faint|p1a: Corviknight
|
|-heal|p2a: Kyurem|55/100|[from] item: Leftovers
|upkeep
|
|t:|1760761973
|switch|p1a: Enamorus|Enamorus, F|100/100
|turn|15
|
|t:|1760761981
|move|p2a: Kyurem|Protect|p2a: Kyurem
|-singleturn|p2a: Kyurem|Protect
|move|p1a: Enamorus|Earth Power|p2a: Kyurem
|-activate|p2a: Kyurem|move: Protect
|
|-heal|p2a: Kyurem|61/100|[from] item: Leftovers
|upkeep
|turn|16
|-message|Mexi-Squad forfeited.
|
|win|Avl2121
|raw|Mexi-Squad's rating: 1288 &rarr; <strong>1259</strong><br />(-29 for losing)
|raw|Avl2121's rating: 1239 &rarr; <strong>1268</strong><br />(+29 for winning)
|l|☆Mexi-Squad
|player|p1|
|l|☆Avl2121
|player|p2|
|j|☆Avl2121
|player|p2|Avl2121|dragontamer|
|l|☆Avl2121
|player|p2|
