|j|☆Marbradiz
|j|☆Cyprianek
|t:|1760877594
|gametype|singles
|player|p1|Marbradiz|scientist|1156
|player|p2|Cyprianek|101|1124
|gen|9
|tier|[Gen 9] OU
|rated|
|rule|HP Percentage Mod: HP is shown in percentages
|rule|Endless Battle Clause: Forcing endless battles is banned
|rule|Species Clause: Limit one of each Pokémon
|rule|OHKO Clause: OHKO moves are banned
|rule|Evasion Items Clause: Evasion items are banned
|rule|Evasion Moves Clause: Evasion moves are banned
|rule|Evasion Abilities Clause: Evasion abilities are banned
|rule|Sleep Moves Clause: Sleep-inducing moves are banned
|clearpoke
|poke|p1|Ceruledge, M|
|poke|p1|Kingambit, M|
|poke|p1|Ogerpon-Wellspring, F|
|poke|p1|Lokix, M|
|poke|p1|Gholdengo|
|poke|p1|Salamence, F|
|poke|p2|Blaziken, F|
|poke|p2|Corviknight, M|
|poke|p2|Haxorus, M|
|poke|p2|Cloyster, M|
|poke|p2|Lycanroc-Dusk, M|
|poke|p2|Hatterene, F|
|teampreview
|
|t:|1760877600
|teamsize|p1|6
|teamsize|p2|6
|start
|switch|p1a: Lokix|Lokix, M|100/100
|switch|p2a: Cloyster|Cloyster, M|100/100
|turn|1
|
|t:|1760877605
|move|p1a: Lokix|Taunt|p2a: Cloyster
|-start|p2a: Cloyster|move: Taunt
|cant|p2a: Cloyster|move: Taunt|Shell Smash
|
|upkeep
|turn|2
|
|t:|1760877611
|move|p1a: Lokix|Sucker Punch|p2a: Cloyster
|-damage|p2a: Cloyster|65/100
|-damage|p1a: Lokix|91/100|[from] item: Life Orb
|move|p2a: Cloyster|Icicle Spear|p1a: Lokix
|-damage|p1a: Lokix|74/100
|-damage|p1a: Lokix|58/100
|-damage|p1a: Lokix|39/100
|-damage|p1a: Lokix|21/100
|-damage|p1a: Lokix|3/100
|-hitcount|p1a: Lokix|5
|
|upkeep
|turn|3
|
|t:|1760877630
|move|p1a: Lokix|Sucker Punch|p2a: Cloyster
|-damage|p2a: Cloyster|33/100
|-damage|p1a: Lokix|0 fnt|[from] item: Life Orb
|faint|p1a: Lokix
|move|p2a: Cloyster|Ice Shard|p1: Lokix|[notarget]
|-fail|p2a: Cloyster
|
|-end|p2a: Cloyster|move: Taunt
|upkeep
|
|t:|1760877644
|switch|p1a: Ogerpon|Ogerpon-Wellspring, F|100/100
|turn|4
|
|t:|1760877653
|switch|p2a: Corviknight|Corviknight, M|100/100
|-ability|p2a: Corviknight|Pressure
|move|p1a: Ogerpon|Horn Leech|p2a: Corviknight
|-resisted|p2a: Corviknight
|-damage|p2a: Corviknight|93/100
|
|-heal|p2a: Corviknight|99/100|[from] item: Leftovers
|upkeep
|turn|5
|
|t:|1760877664
|move|p1a: Ogerpon|Ivy Cudgel|p2a: Corviknight|[anim] Ivy Cudgel Water
|-damage|p2a: Corviknight|57/100
|move|p2a: Corviknight|Iron Defense|p2a: Corviknight
|-boost|p2a: Corviknight|def|2
|
|-heal|p2a: Corviknight|63/100|[from] item: Leftovers
|upkeep
|turn|6
|
|t:|1760877675
|move|p1a: Ogerpon|U-turn|p2a: Corviknight
|-resisted|p2a: Corviknight
|-damage|p2a: Corviknight|61/100
|
|t:|1760877677
|switch|p1a: Gholdengo|Gholdengo|100/100|[from] U-turn
|move|p2a: Corviknight|Brave Bird|p1a: Gholdengo
|-resisted|p1a: Gholdengo
|-damage|p1a: Gholdengo|81/100
|-damage|p2a: Corviknight|56/100|[from] Recoil
|
|-heal|p2a: Corviknight|62/100|[from] item: Leftovers
|upkeep
|turn|7
|
|t:|1760877699
|switch|p2a: Hatterene|Hatterene, F|100/100
|move|p1a: Gholdengo|Make It Rain|p2a: Hatterene
|-supereffective|p2a: Hatterene
|-damage|p2a: Hatterene|0 fnt
|-unboost|p1a: Gholdengo|spa|1
|faint|p2a: Hatterene
|
|upkeep
|
|t:|1760877704
|switch|p2a: Blaziken|Blaziken, F|100/100
|turn|8
|
|t:|1760877709
|move|p2a: Blaziken|Protect|p2a: Blaziken
|-singleturn|p2a: Blaziken|Protect
|move|p1a: Gholdengo|Make It Rain|p2a: Blaziken
|-activate|p2a: Blaziken|move: Protect
|
|-ability|p2a: Blaziken|Speed Boost|boost
|-boost|p2a: Blaziken|spe|1
|upkeep
|turn|9
|
|t:|1760877718
|move|p2a: Blaziken|Fire Blast|p1a: Gholdengo
|-supereffective|p1a: Gholdengo
|-damage|p1a: Gholdengo|0 fnt
|faint|p1a: Gholdengo
|-damage|p2a: Blaziken|91/100|[from] item: Life Orb
|
|-ability|p2a: Blaziken|Speed Boost|boost
|-boost|p2a: Blaziken|spe|1
|upkeep
|
|t:|1760877733
|switch|p1a: Ogerpon|Ogerpon-Wellspring, F|100/100
|turn|10
|
|t:|1760877741
|move|p2a: Blaziken|U-turn|p1a: Ogerpon
|-supereffective|p1a: Ogerpon
|-damage|p1a: Ogerpon|43/100
|-damage|p2a: Blaziken|81/100|[from] item: Life Orb
|
|t:|1760877745
|switch|p2a: Corviknight|Corviknight, M|62/100|[from] U-turn
|-ability|p2a: Corviknight|Pressure
|move|p1a: Ogerpon|Ivy Cudgel|p2a: Corviknight|[anim] Ivy Cudgel Water
|-damage|p2a: Corviknight|25/100
|
|-heal|p2a: Corviknight|31/100|[from] item: Leftovers
|upkeep
|turn|11
|
|t:|1760877767
|move|p1a: Ogerpon|Ivy Cudgel|p2a: Corviknight|[anim] Ivy Cudgel Water
|-damage|p2a: Corviknight|0 fnt
|faint|p2a: Corviknight
|
|upkeep
|
|t:|1760877777
|switch|p2a: Haxorus|Haxorus, M|100/100
|-ability|p2a: Haxorus|Mold Breaker
|turn|12
|
|t:|1760877786
|move|p2a: Haxorus|Outrage|p1a: Ogerpon
|-damage|p1a: Ogerpon|0 fnt
|faint|p1a: Ogerpon
|
|upkeep
|
|t:|1760877792
|switch|p1a: Salamence|Salamence, F|100/100
|-ability|p1a: Salamence|Intimidate|boost
|-unboost|p2a: Haxorus|atk|1
|turn|13
|
|t:|1760877795
|move|p2a: Haxorus|Outrage|p1a: Salamence|[from] lockedmove
|-supereffective|p1a: Salamence
|-damage|p1a: Salamence|0 fnt
|faint|p1a: Salamence
|
|upkeep
|
|t:|1760877800
|switch|p1a: Ceruledge|Ceruledge, M|100/100
|turn|14
|
|t:|1760877803
|move|p2a: Haxorus|Outrage|p1a: Ceruledge|[from] lockedmove
|-damage|p1a: Ceruledge|27/100
|-ability|p1a: Ceruledge|Weak Armor|boost
|-unboost|p1a: Ceruledge|def|1
|-boost|p1a: Ceruledge|spe|2
|-start|p2a: Haxorus|confusion|[fatigue]
|move|p1a: Ceruledge|Swords Dance|p1a: Ceruledge
|-boost|p1a: Ceruledge|atk|2
|
|upkeep
|turn|15
|
|t:|1760877818
|move|p1a: Ceruledge|Bitter Blade|p2a: Haxorus
|-resisted|p2a: Haxorus
|-damage|p2a: Haxorus|43/100
|-heal|p1a: Ceruledge|57/100|[from] drain|[of] p2a: Haxorus
|-activate|p2a: Haxorus|confusion
|move|p2a: Haxorus|Outrage|p1a: Ceruledge
|-damage|p1a: Ceruledge|0 fnt
|faint|p1a: Ceruledge
|
|upkeep
|
|t:|1760877826
|switch|p1a: Kingambit|Kingambit, M|100/100
|-activate|p1a: Kingambit|ability: Supreme Overlord
|-start|p1a: Kingambit|fallen5|[silent]
|turn|16
|
|t:|1760877831
|move|p1a: Kingambit|Sucker Punch|p2a: Haxorus
|-damage|p2a: Haxorus|0 fnt
|faint|p2a: Haxorus
|
|upkeep
|
|t:|1760877833
|switch|p2a: Lycanroc|Lycanroc-Dusk, M|100/100
|turn|17
|
|t:|1760877841
|move|p2a: Lycanroc|Close Combat|p1a: Kingambit
|-supereffective|p1a: Kingambit
|-damage|p1a: Kingambit|0 fnt
|-unboost|p2a: Lycanroc|def|1
|-unboost|p2a: Lycanroc|spd|1
|faint|p1a: Kingambit
|-end|p1a: Kingambit|fallen5|[silent]
|
|win|Cyprianek
|raw|Marbradiz's rating: 1156 &rarr; <strong>1129</strong><br />(-27 for losing)
|raw|Cyprianek's rating: 1124 &rarr; <strong>1151</strong><br />(+27 for winning)
|l|☆Marbradiz
|player|p1|
|l|☆Cyprianek
|player|p2|
