|j|☆A9MG
|j|☆UnaQuags Wooper
|t:|1760794605
|gametype|singles
|player|p1|A9MG|nurseryaide|1491
|player|p2|UnaQuags Wooper|blackbelt-gen4dp|1594
|gen|9
|tier|[Gen 9] OU
|rated|
|rule|HP Percentage Mod: HP is shown in percentages
|rule|Endless Battle Clause: Forcing endless battles is banned
|rule|Species Clause: Limit one of each Pokémon
|rule|OHKO Clause: OHKO moves are banned
|rule|Evasion Items Clause: Evasion items are banned
|rule|Evasion Moves Clause: Evasion moves are banned
|rule|Evasion Abilities Clause: Evasion abilities are banned
|rule|Sleep Moves Clause: Sleep-inducing moves are banned
|clearpoke
|poke|p1|Azumarill, M|
|poke|p1|Great Tusk|
|poke|p1|Iron Moth|
|poke|p1|Iron Valiant|
|poke|p1|Landorus-Therian, M|
|poke|p1|Zarude|
|poke|p2|Zamazenta-*|
|poke|p2|Ninetales-Alola, F|
|poke|p2|Darkrai|
|poke|p2|Ceruledge, F|
|poke|p2|Gliscor, M|
|poke|p2|Hatterene, F|
|teampreview
|inactive|Battle timer is ON: inactive players will automatically lose when time's up. (requested by A9MG)
|inactive|A9MG has 120 seconds left.
|inactive|UnaQuags Wooper has 120 seconds left.
|
|t:|1760794652
|teamsize|p1|6
|teamsize|p2|6
|start
|switch|p1a: Zarude|Zarude|100/100
|switch|p2a: Ninetales|Ninetales-Alola, F|100/100
|-weather|Snowscape|[from] ability: Snow Warning|[of] p2a: Ninetales
|turn|1
|
|t:|1760794662
|move|p2a: Ninetales|Aurora Veil|p2a: Ninetales
|-sidestart|p2: UnaQuags Wooper|move: Aurora Veil
|move|p1a: Zarude|Power Whip|p2a: Ninetales
|-damage|p2a: Ninetales|76/100
|
|-weather|Snowscape|[upkeep]
|upkeep
|turn|2
|
|t:|1760794674
|switch|p1a: Iron Moth|Iron Moth|100/100
|-enditem|p1a: Iron Moth|Booster Energy
|-activate|p1a: Iron Moth|ability: Quark Drive|[fromitem]
|-start|p1a: Iron Moth|quarkdrivespe
|move|p2a: Ninetales|Freeze-Dry|p1a: Iron Moth
|-resisted|p1a: Iron Moth
|-damage|p1a: Iron Moth|90/100
|
|-weather|Snowscape|[upkeep]
|upkeep
|turn|3
|
|t:|1760794696
|switch|p2a: Gliscor|Gliscor, M|100/100
|move|p1a: Iron Moth|Sludge Wave|p2a: Gliscor
|-resisted|p2a: Gliscor
|-damage|p2a: Gliscor|87/100
|
|-weather|Snowscape|[upkeep]
|-status|p2a: Gliscor|tox|[from] item: Toxic Orb
|upkeep
|turn|4
|
|t:|1760794709
|-end|p1a: Iron Moth|Quark Drive|[silent]
|switch|p1a: Landorus|Landorus-Therian, M|100/100
|-ability|p1a: Landorus|Intimidate|boost
|-unboost|p2a: Gliscor|atk|1
|move|p2a: Gliscor|Swords Dance|p2a: Gliscor
|-boost|p2a: Gliscor|atk|2
|
|-weather|Snowscape|[upkeep]
|-heal|p2a: Gliscor|99/100 tox|[from] ability: Poison Heal
|upkeep
|turn|5
|
|t:|1760794718
|move|p1a: Landorus|Taunt|p2a: Gliscor
|-start|p2a: Gliscor|move: Taunt
|cant|p2a: Gliscor|move: Taunt|Agility
|
|-weather|none
|-heal|p2a: Gliscor|100/100 tox|[from] ability: Poison Heal
|upkeep
|turn|6
|
|t:|1760794724
|switch|p2a: Hatterene|Hatterene, F|100/100
|move|p1a: Landorus|Stealth Rock|p2a: Hatterene
|move|p2a: Hatterene|Stealth Rock|p1a: Landorus|[from] ability: Magic Bounce
|-sidestart|p1: A9MG|move: Stealth Rock
|
|upkeep
|turn|7
|
|t:|1760794734
|move|p1a: Landorus|Stealth Rock|p2a: Hatterene
|move|p2a: Hatterene|Stealth Rock||[from] ability: Magic Bounce|[still]
|-fail|p2a: Hatterene
|move|p2a: Hatterene|Psyshock|p1a: Landorus
|-damage|p1a: Landorus|63/100
|
|upkeep
|turn|8
|
|t:|1760794753
|move|p1a: Landorus|U-turn|p2a: Hatterene
|-damage|p2a: Hatterene|92/100
|
|t:|1760794756
|switch|p1a: Zarude|Zarude|100/100|[from] U-turn
|-damage|p1a: Zarude|88/100|[from] Stealth Rock
|move|p2a: Hatterene|Calm Mind|p2a: Hatterene
|-boost|p2a: Hatterene|spa|1
|-boost|p2a: Hatterene|spd|1
|
|-heal|p2a: Hatterene|98/100|[from] item: Leftovers
|-sideend|p2: UnaQuags Wooper|move: Aurora Veil
|upkeep
|turn|9
|
|t:|1760794771
|move|p1a: Zarude|Knock Off|p2a: Hatterene
|-damage|p2a: Hatterene|55/100
|-enditem|p2a: Hatterene|Leftovers|[from] move: Knock Off|[of] p1a: Zarude
|move|p2a: Hatterene|Draining Kiss|p1a: Zarude
|-supereffective|p1a: Zarude
|-damage|p1a: Zarude|47/100
|-heal|p2a: Hatterene|96/100|[from] drain|[of] p1a: Zarude
|
|upkeep
|turn|10
|
|t:|1760794780
|move|p1a: Zarude|Power Whip|p2a: Hatterene
|-damage|p2a: Hatterene|40/100
|move|p2a: Hatterene|Draining Kiss|p1a: Zarude
|-supereffective|p1a: Zarude
|-damage|p1a: Zarude|9/100
|-heal|p2a: Hatterene|77/100|[from] drain|[of] p1a: Zarude
|
|upkeep
|turn|11
|
|t:|1760794794
|switch|p2a: Zamazenta|Zamazenta|100/100
|-ability|p2a: Zamazenta|Dauntless Shield|boost
|-boost|p2a: Zamazenta|def|1
|move|p1a: Zarude|Power Whip|p2a: Zamazenta
|-damage|p2a: Zamazenta|67/100
|
|upkeep
|turn|12
|
|t:|1760794805
|switch|p1a: Landorus|Landorus-Therian, M|63/100
|-damage|p1a: Landorus|50/100|[from] Stealth Rock
|-ability|p1a: Landorus|Intimidate|boost
|-unboost|p2a: Zamazenta|atk|1
|move|p2a: Zamazenta|Body Press|p1a: Landorus
|-resisted|p1a: Landorus
|-damage|p1a: Landorus|23/100
|-damage|p2a: Zamazenta|51/100|[from] item: Rocky Helmet|[of] p1a: Landorus
|
|upkeep
|turn|13
|
|t:|1760794817
|move|p2a: Zamazenta|Body Press|p1a: Landorus
|-resisted|p1a: Landorus
|-damage|p1a: Landorus|0 fnt
|-damage|p2a: Zamazenta|34/100|[from] item: Rocky Helmet|[of] p1a: Landorus
|faint|p1a: Landorus
|
|upkeep
|
|t:|1760794829
|switch|p1a: Azumarill|Azumarill, M|100/100
|-damage|p1a: Azumarill|88/100|[from] Stealth Rock
|turn|14
|
|t:|1760794846
|switch|p2a: Ninetales|Ninetales-Alola, F|76/100
|-weather|Snowscape|[from] ability: Snow Warning|[of] p2a: Ninetales
|move|p1a: Azumarill|Liquidation|p2a: Ninetales
|-damage|p2a: Ninetales|13/100
|-unboost|p2a: Ninetales|def|1
|
|-weather|Snowscape|[upkeep]
|upkeep
|turn|15
|inactive|UnaQuags Wooper has 120 seconds left.
|
|t:|1760794874
|move|p2a: Ninetales|Aurora Veil|p2a: Ninetales
|-sidestart|p2: UnaQuags Wooper|move: Aurora Veil
|move|p1a: Azumarill|Liquidation|p2a: Ninetales
|-damage|p2a: Ninetales|0 fnt
|faint|p2a: Ninetales
|
|-weather|Snowscape|[upkeep]
|upkeep
|inactive|UnaQuags Wooper has 120 seconds left.
|inactive|UnaQuags Wooper has 90 seconds left.
|
|t:|1760794923
|switch|p2a: Hatterene|Hatterene, F|77/100
|turn|16
|
|t:|1760794930
|move|p1a: Azumarill|Liquidation|p2a: Hatterene
|-damage|p2a: Hatterene|44/100
|-unboost|p2a: Hatterene|def|1
|move|p2a: Hatterene|Psyshock|p1a: Azumarill
|-damage|p1a: Azumarill|44/100
|
|-weather|Snowscape|[upkeep]
|upkeep
|turn|17
|inactive|UnaQuags Wooper has 90 seconds left.
|
|t:|1760794949
|switch|p2a: Zamazenta|Zamazenta|34/100
|move|p1a: Azumarill|Liquidation|p2a: Zamazenta
|-damage|p2a: Zamazenta|0 fnt
|faint|p2a: Zamazenta
|
|-weather|Snowscape|[upkeep]
|upkeep
|
|t:|1760794951
|switch|p2a: Hatterene|Hatterene, F|44/100
|turn|18
|
|t:|1760794965
|switch|p1a: Zarude|Zarude|9/100
|-damage|p1a: Zarude|0 fnt|[from] Stealth Rock
|faint|p1a: Zarude
|move|p2a: Hatterene|Psyshock|p1: Zarude|[notarget]
|-fail|p2a: Hatterene
|
|-weather|none
|upkeep
|
|t:|1760794973
|switch|p1a: Iron Moth|Iron Moth|90/100
|-damage|p1a: Iron Moth|65/100|[from] Stealth Rock
|turn|19
|
|t:|1760795002
|switch|p2a: Gliscor|Gliscor, M|100/100 tox
|move|p1a: Iron Moth|Sludge Wave|p2a: Gliscor
|-resisted|p2a: Gliscor
|-damage|p2a: Gliscor|87/100 tox
|
|-heal|p2a: Gliscor|99/100 tox|[from] ability: Poison Heal
|upkeep
|turn|20
|
|t:|1760795012
|-end|p1a: Iron Moth|Quark Drive|[silent]
|switch|p1a: Great Tusk|Great Tusk|100/100
|-damage|p1a: Great Tusk|97/100|[from] Stealth Rock
|-enditem|p1a: Great Tusk|Booster Energy
|-activate|p1a: Great Tusk|ability: Protosynthesis|[fromitem]
|-start|p1a: Great Tusk|protosynthesisspe
|move|p2a: Gliscor|Agility|p2a: Gliscor
|-boost|p2a: Gliscor|spe|2
|
|-heal|p2a: Gliscor|100/100 tox|[from] ability: Poison Heal
|upkeep
|turn|21
|inactive|UnaQuags Wooper has 120 seconds left.
|
|t:|1760795027
|-terastallize|p2a: Gliscor|Normal
|move|p2a: Gliscor|Swords Dance|p2a: Gliscor
|-boost|p2a: Gliscor|atk|2
|move|p1a: Great Tusk|Ice Spinner|p2a: Gliscor
|-damage|p2a: Gliscor|91/100 tox
|
|-heal|p2a: Gliscor|100/100 tox|[from] ability: Poison Heal
|upkeep
|turn|22
|inactive|UnaQuags Wooper has 120 seconds left.
|inactive|A9MG has 120 seconds left.
|
|t:|1760795048
|-end|p1a: Great Tusk|Protosynthesis|[silent]
|switch|p1a: Iron Moth|Iron Moth|65/100
|-damage|p1a: Iron Moth|40/100|[from] Stealth Rock
|move|p2a: Gliscor|Earthquake|p1a: Iron Moth
|-supereffective|p1a: Iron Moth
|-damage|p1a: Iron Moth|0 fnt
|faint|p1a: Iron Moth
|-end|p1a: Iron Moth|Quark Drive|[silent]
|
|-sideend|p2: UnaQuags Wooper|move: Aurora Veil
|upkeep
|
|t:|1760795057
|switch|p1a: Iron Valiant|Iron Valiant|100/100
|-damage|p1a: Iron Valiant|94/100|[from] Stealth Rock
|turn|23
|inactive|A9MG has 120 seconds left.
|
|t:|1760795063
|-terastallize|p1a: Iron Valiant|Fighting
|move|p1a: Iron Valiant|Vacuum Wave|p2a: Gliscor
|-supereffective|p2a: Gliscor
|-damage|p2a: Gliscor|2/100 tox
|move|p2a: Gliscor|Earthquake|p1a: Iron Valiant
|-damage|p1a: Iron Valiant|7/100
|
|-heal|p2a: Gliscor|14/100 tox|[from] ability: Poison Heal
|upkeep
|turn|24
|inactive|A9MG has 120 seconds left.
|
|t:|1760795085
|switch|p2a: Ceruledge|Ceruledge, F|100/100
|move|p1a: Iron Valiant|Vacuum Wave|p2a: Ceruledge
|-immune|p2a: Ceruledge
|
|upkeep
|turn|25
|inactive|A9MG has 120 seconds left.
|inactive|UnaQuags Wooper has 120 seconds left.
|
|t:|1760795102
|-end|p1a: Iron Valiant|Quark Drive|[silent]
|switch|p1a: Great Tusk|Great Tusk|97/100
|-damage|p1a: Great Tusk|94/100|[from] Stealth Rock
|move|p2a: Ceruledge|Bitter Blade|p1a: Great Tusk
|-damage|p1a: Great Tusk|71/100
|
|upkeep
|turn|26
|inactive|A9MG has 120 seconds left.
|inactive|UnaQuags Wooper has 120 seconds left.
|
|t:|1760795127
|move|p1a: Great Tusk|Knock Off|p2a: Ceruledge
|-supereffective|p2a: Ceruledge
|-damage|p2a: Ceruledge|40/100
|-enditem|p2a: Ceruledge|Covert Cloak|[from] move: Knock Off|[of] p1a: Great Tusk
|move|p2a: Ceruledge|Bitter Blade|p1a: Great Tusk
|-damage|p1a: Great Tusk|46/100
|-heal|p2a: Ceruledge|55/100|[from] drain|[of] p1a: Great Tusk
|
|upkeep
|turn|27
|inactive|A9MG has 120 seconds left.
|
|t:|1760795136
|switch|p2a: Gliscor|Gliscor, M, tera:Normal|14/100 tox
|move|p1a: Great Tusk|Headlong Rush|p2a: Gliscor
|-damage|p2a: Gliscor|0 fnt
|-unboost|p1a: Great Tusk|def|1
|-unboost|p1a: Great Tusk|spd|1
|faint|p2a: Gliscor
|
|upkeep
|
|t:|1760795144
|switch|p2a: Darkrai|Darkrai|100/100
|turn|28
|inactive|UnaQuags Wooper has 120 seconds left.
|
|t:|1760795155
|move|p2a: Darkrai|Psyshock|p1a: Great Tusk
|-supereffective|p1a: Great Tusk
|-damage|p1a: Great Tusk|0 fnt
|faint|p1a: Great Tusk
|-end|p1a: Great Tusk|Protosynthesis|[silent]
|
|upkeep
|inactive|A9MG has 120 seconds left.
|
|t:|1760795165
|switch|p1a: Iron Valiant|Iron Valiant, tera:Fighting|7/100
|-damage|p1a: Iron Valiant|1/100|[from] Stealth Rock
|turn|29
|inactive|A9MG has 120 seconds left.
|
|t:|1760795176
|switch|p2a: Hatterene|Hatterene, F|44/100
|move|p1a: Iron Valiant|Moonblast|p2a: Hatterene
|-damage|p2a: Hatterene|0 fnt
|faint|p2a: Hatterene
|
|upkeep
|
|t:|1760795180
|switch|p2a: Ceruledge|Ceruledge, F|55/100
|turn|30
|
|t:|1760795184
|move|p2a: Ceruledge|Shadow Sneak|p1a: Iron Valiant
|-damage|p1a: Iron Valiant|0 fnt
|faint|p1a: Iron Valiant
|-end|p1a: Iron Valiant|Quark Drive|[silent]
|
|upkeep
|
|t:|1760795189
|switch|p1a: Azumarill|Azumarill, M|44/100
|-damage|p1a: Azumarill|32/100|[from] Stealth Rock
|turn|31
|
|t:|1760795193
|move|p2a: Ceruledge|Shadow Sneak|p1a: Azumarill
|-damage|p1a: Azumarill|10/100
|move|p1a: Azumarill|Aqua Jet|p2a: Ceruledge
|-supereffective|p2a: Ceruledge
|-damage|p2a: Ceruledge|0 fnt
|faint|p2a: Ceruledge
|
|upkeep
|
|t:|1760795198
|switch|p2a: Darkrai|Darkrai|100/100
|turn|32
|
|t:|1760795201
|move|p1a: Azumarill|Aqua Jet|p2a: Darkrai
|-damage|p2a: Darkrai|49/100
|move|p2a: Darkrai|Psyshock|p1a: Azumarill
|-damage|p1a: Azumarill|0 fnt
|faint|p1a: Azumarill
|
|win|UnaQuags Wooper
|raw|A9MG's rating: 1491 &rarr; <strong>1477</strong><br />(-14 for losing)
|raw|UnaQuags Wooper's rating: 1594 &rarr; <strong>1608</strong><br />(+14 for winning)
|c|☆A9MG|gg
|c|☆UnaQuags Wooper|gg
|l|☆UnaQuags Wooper
|player|p2|
|l|☆A9MG
|player|p1|
