|j|☆beebeebaobao
|j|☆karakel
|t:|1760880468
|gametype|singles
|player|p1|beebeebaobao|twins-gen4dp|1591
|player|p2|karakel|cowgirl|1546
|gen|9
|tier|[Gen 9] OU
|rated|
|rule|HP Percentage Mod: HP is shown in percentages
|rule|Endless Battle Clause: Forcing endless battles is banned
|rule|Species Clause: Limit one of each Pokémon
|rule|OHKO Clause: OHKO moves are banned
|rule|Evasion Items Clause: Evasion items are banned
|rule|Evasion Moves Clause: Evasion moves are banned
|rule|Evasion Abilities Clause: Evasion abilities are banned
|rule|Sleep Moves Clause: Sleep-inducing moves are banned
|clearpoke
|poke|p1|Tornadus-Therian, M|
|poke|p1|Slowking-Galar, F|
|poke|p1|Lokix, M|
|poke|p1|Corviknight, M|
|poke|p1|Cinderace, M|
|poke|p1|Kyurem|
|poke|p2|Lilligant-Hisui, F|
|poke|p2|Ninetales, M|
|poke|p2|Great Tusk|
|poke|p2|Walking Wake|
|poke|p2|Cresselia, F|
|poke|p2|Cinderace, M|
|teampreview
|
|t:|1760880491
|teamsize|p1|6
|teamsize|p2|6
|start
|switch|p1a: Tornadus|Tornadus-Therian, M|100/100
|switch|p2a: Great Tusk|Great Tusk|100/100
|turn|1
|inactive|Battle timer is ON: inactive players will automatically lose when time's up. (requested by karakel)
|
|t:|1760880496
|-end|p2a: Great Tusk|Protosynthesis|[silent]
|switch|p2a: Ninetales|Ninetales, M|100/100
|-weather|SunnyDay|[from] ability: Drought|[of] p2a: Ninetales
|move|p1a: Tornadus|Hurricane|p2a: Ninetales
|-damage|p2a: Ninetales|62/100
|-start|p2a: Ninetales|confusion
|
|-weather|SunnyDay|[upkeep]
|upkeep
|turn|2
|
|t:|1760880502
|switch|p2a: Cresselia|Cresselia, F|100/100
|move|p1a: Tornadus|Knock Off|p2a: Cresselia
|-supereffective|p2a: Cresselia
|-damage|p2a: Cresselia|75/100
|-enditem|p2a: Cresselia|Eject Button|[from] move: Knock Off|[of] p1a: Tornadus
|
|-weather|SunnyDay|[upkeep]
|upkeep
|turn|3
|
|t:|1760880510
|move|p1a: Tornadus|Taunt|p2a: Cresselia
|-start|p2a: Cresselia|move: Taunt
|cant|p2a: Cresselia|move: Taunt|Thunder Wave
|
|-weather|SunnyDay|[upkeep]
|upkeep
|turn|4
|
|t:|1760880514
|move|p1a: Tornadus|U-turn|p2a: Cresselia
|-supereffective|p2a: Cresselia
|-damage|p2a: Cresselia|56/100
|
|t:|1760880518
|switch|p1a: Slowking|Slowking-Galar, F|100/100|[from] U-turn
|move|p2a: Cresselia|Ice Beam|p1a: Slowking
|-damage|p1a: Slowking|90/100
|
|-weather|SunnyDay|[upkeep]
|upkeep
|turn|5
|
|t:|1760880522
|switch|p2a: Great Tusk|Great Tusk|100/100
|-activate|p2a: Great Tusk|ability: Protosynthesis
|-start|p2a: Great Tusk|protosynthesisspe
|-prepare|p1a: Slowking|Chilly Reception|[premajor]
|move|p1a: Slowking|Chilly Reception|p1a: Slowking
|-weather|Snowscape
|-end|p2a: Great Tusk|Protosynthesis
|
|t:|1760880529
|switch|p1a: Kyurem|Kyurem|100/100|[from] Chilly Reception
|-ability|p1a: Kyurem|Pressure
|
|-weather|Snowscape|[upkeep]
|upkeep
|turn|6
|
|t:|1760880534
|-end|p2a: Great Tusk|Protosynthesis|[silent]
|switch|p2a: Ninetales|Ninetales, M|62/100
|-weather|SunnyDay|[from] ability: Drought|[of] p2a: Ninetales
|move|p1a: Kyurem|Draco Meteor|p2a: Ninetales
|-damage|p2a: Ninetales|0 fnt
|-unboost|p1a: Kyurem|spa|2
|faint|p2a: Ninetales
|
|-weather|SunnyDay|[upkeep]
|upkeep
|
|t:|1760880545
|switch|p2a: Lilligant|Lilligant-Hisui, F|100/100
|turn|7
|
|t:|1760880551
|switch|p1a: Corviknight|Corviknight, M|100/100
|-ability|p1a: Corviknight|Pressure
|-terastallize|p2a: Lilligant|Rock
|move|p2a: Lilligant|Victory Dance|p2a: Lilligant
|-boost|p2a: Lilligant|atk|1
|-boost|p2a: Lilligant|def|1
|-boost|p2a: Lilligant|spe|1
|
|-weather|SunnyDay|[upkeep]
|upkeep
|turn|8
|
|t:|1760880563
|move|p2a: Lilligant|Victory Dance|p2a: Lilligant
|-boost|p2a: Lilligant|atk|1
|-boost|p2a: Lilligant|def|1
|-boost|p2a: Lilligant|spe|1
|move|p1a: Corviknight|U-turn|p2a: Lilligant
|-damage|p2a: Lilligant|91/100
|
|t:|1760880588
|switch|p1a: Lokix|Lokix, M|100/100|[from] U-turn
|
|-weather|SunnyDay|[upkeep]
|-heal|p2a: Lilligant|97/100|[from] item: Leftovers
|upkeep
|turn|9
|
|t:|1760880594
|switch|p1a: Corviknight|Corviknight, M|100/100
|-ability|p1a: Corviknight|Pressure
|move|p2a: Lilligant|Tera Blast|p1a: Corviknight|[anim] Tera Blast Rock
|-damage|p1a: Corviknight|51/100
|
|-weather|SunnyDay|[upkeep]
|-heal|p2a: Lilligant|100/100|[from] item: Leftovers
|upkeep
|turn|10
|
|t:|1760880599
|move|p2a: Lilligant|Victory Dance|p2a: Lilligant
|-boost|p2a: Lilligant|atk|1
|-boost|p2a: Lilligant|def|1
|-boost|p2a: Lilligant|spe|1
|move|p1a: Corviknight|Brave Bird|p2a: Lilligant
|-resisted|p2a: Lilligant
|-damage|p2a: Lilligant|91/100
|-damage|p1a: Corviknight|48/100|[from] Recoil
|
|-weather|SunnyDay|[upkeep]
|-heal|p2a: Lilligant|97/100|[from] item: Leftovers
|upkeep
|turn|11
|
|t:|1760880603
|move|p2a: Lilligant|Victory Dance|p2a: Lilligant
|-boost|p2a: Lilligant|atk|1
|-boost|p2a: Lilligant|def|1
|-boost|p2a: Lilligant|spe|1
|move|p1a: Corviknight|U-turn|p2a: Lilligant
|-damage|p2a: Lilligant|90/100
|
|t:|1760880622
|switch|p1a: Lokix|Lokix, M|100/100|[from] U-turn
|
|-weather|SunnyDay|[upkeep]
|-heal|p2a: Lilligant|96/100|[from] item: Leftovers
|upkeep
|turn|12
|
|t:|1760880625
|-terastallize|p1a: Lokix|Bug
|move|p1a: Lokix|First Impression|p2a: Lilligant
|-damage|p2a: Lilligant|58/100
|move|p2a: Lilligant|Tera Blast|p1a: Lokix|[anim] Tera Blast Rock
|-supereffective|p1a: Lokix
|-damage|p1a: Lokix|0 fnt
|faint|p1a: Lokix
|
|-weather|SunnyDay|[upkeep]
|-heal|p2a: Lilligant|64/100|[from] item: Leftovers
|upkeep
|-message|beebeebaobao forfeited.
|
|win|karakel
|raw|beebeebaobao's rating: 1591 &rarr; <strong>1568</strong><br />(-23 for losing)
|raw|karakel's rating: 1546 &rarr; <strong>1569</strong><br />(+23 for winning)
|l|☆beebeebaobao
|player|p1|
|l|☆karakel
|player|p2|
