|j|☆4DEF+4SPD=GG
|j|☆TrentMercer
|t:|1760842761
|gametype|singles
|player|p1|4DEF+4SPD=GG|preschooler|1548
|player|p2|TrentMercer|n|1591
|gen|9
|tier|[Gen 9] OU
|rated|
|rule|HP Percentage Mod: HP is shown in percentages
|rule|Endless Battle Clause: Forcing endless battles is banned
|rule|Species Clause: Limit one of each Pokémon
|rule|OHKO Clause: OHKO moves are banned
|rule|Evasion Items Clause: Evasion items are banned
|rule|Evasion Moves Clause: Evasion moves are banned
|rule|Evasion Abilities Clause: Evasion abilities are banned
|rule|Sleep Moves Clause: Sleep-inducing moves are banned
|clearpoke
|poke|p1|Torkoal, M|
|poke|p1|Pelipper, M|
|poke|p1|Raging Bolt|
|poke|p1|Walking Wake|
|poke|p1|Alomomola, F|
|poke|p1|Corviknight, M|
|poke|p2|Great Tusk|
|poke|p2|Slowking-Galar, M|
|poke|p2|Zapdos|
|poke|p2|Crawdaunt, F|
|poke|p2|Chandelure, F|
|poke|p2|Scizor, M|
|teampreview
|inactive|Battle timer is ON: inactive players will automatically lose when time's up. (requested by 4DEF+4SPD=GG)
|
|t:|1760842776
|teamsize|p1|6
|teamsize|p2|6
|start
|switch|p1a: Torkoal|Torkoal, M|100/100
|switch|p2a: Crawdaunt|Crawdaunt, F|100/100
|-weather|SunnyDay|[from] ability: Drought|[of] p1a: Torkoal
|turn|1
|
|t:|1760842784
|move|p2a: Crawdaunt|Knock Off|p1a: Torkoal
|-damage|p1a: Torkoal|43/100
|-enditem|p1a: Torkoal|Heat Rock|[from] move: Knock Off|[of] p2a: Crawdaunt
|move|p1a: Torkoal|Will-O-Wisp|p2a: Crawdaunt|[miss]
|-miss|p1a: Torkoal|p2a: Crawdaunt
|
|-weather|SunnyDay|[upkeep]
|upkeep
|turn|2
|
|t:|1760842791
|switch|p2a: Slowking|Slowking-Galar, M|100/100
|move|p1a: Torkoal|Stealth Rock|p2a: Slowking
|-sidestart|p2: TrentMercer|move: Stealth Rock
|
|-weather|SunnyDay|[upkeep]
|upkeep
|turn|3
|
|t:|1760842795
|switch|p1a: Alomomola|Alomomola, F|100/100
|move|p2a: Slowking|Flamethrower|p1a: Alomomola
|-resisted|p1a: Alomomola
|-damage|p1a: Alomomola|86/100
|
|-weather|SunnyDay|[upkeep]
|upkeep
|turn|4
|
|t:|1760842809
|move|p1a: Alomomola|Wish|p1a: Alomomola
|move|p2a: Slowking|Sludge Bomb|p1a: Alomomola
|-crit|p1a: Alomomola
|-damage|p1a: Alomomola|41/100
|
|-weather|SunnyDay|[upkeep]
|upkeep
|turn|5
|
|t:|1760842815
|switch|p1a: Walking Wake|Walking Wake|100/100
|-activate|p1a: Walking Wake|ability: Protosynthesis
|-start|p1a: Walking Wake|protosynthesisspa
|move|p2a: Slowking|Sludge Bomb|p1a: Walking Wake
|-damage|p1a: Walking Wake|51/100
|
|-weather|SunnyDay|[upkeep]
|-heal|p1a: Walking Wake|100/100|[from] move: Wish|[wisher] Alomomola
|upkeep
|turn|6
|
|t:|1760842824
|-terastallize|p1a: Walking Wake|Water
|-terastallize|p2a: Slowking|Water
|move|p1a: Walking Wake|Hydro Steam|p2a: Slowking
|-resisted|p2a: Slowking
|-damage|p2a: Slowking|63/100
|move|p2a: Slowking|Sludge Bomb|p1a: Walking Wake
|-damage|p1a: Walking Wake|53/100
|
|-weather|SunnyDay|[upkeep]
|upkeep
|turn|7
|
|t:|1760842833
|-end|p1a: Walking Wake|Protosynthesis|[silent]
|switch|p1a: Alomomola|Alomomola, F|74/100
|move|p2a: Slowking|Sludge Bomb|p1a: Alomomola
|-damage|p1a: Alomomola|45/100
|
|-weather|SunnyDay|[upkeep]
|upkeep
|turn|8
|
|t:|1760842839
|move|p1a: Alomomola|Wish|p1a: Alomomola
|move|p2a: Slowking|Sludge Bomb|p1a: Alomomola
|-damage|p1a: Alomomola|12/100
|
|-weather|none
|upkeep
|turn|9
|
|t:|1760842844
|switch|p1a: Raging Bolt|Raging Bolt|100/100
|move|p2a: Slowking|Sludge Bomb|p1a: Raging Bolt
|-damage|p1a: Raging Bolt|59/100
|
|-heal|p1a: Raging Bolt|100/100|[from] move: Wish|[wisher] Alomomola
|upkeep
|turn|10
|
|t:|1760842851
|switch|p2a: Scizor|Scizor, M|100/100
|-damage|p2a: Scizor|88/100|[from] Stealth Rock
|move|p1a: Raging Bolt|Draco Meteor|p2a: Scizor
|-resisted|p2a: Scizor
|-damage|p2a: Scizor|40/100
|-unboost|p1a: Raging Bolt|spa|2
|
|upkeep
|turn|11
|
|t:|1760842859
|-end|p1a: Raging Bolt|Protosynthesis|[silent]
|switch|p1a: Pelipper|Pelipper, M|100/100
|-weather|RainDance|[from] ability: Drizzle|[of] p1a: Pelipper
|move|p2a: Scizor|Knock Off|p1a: Pelipper
|-damage|p1a: Pelipper|66/100
|-enditem|p1a: Pelipper|Damp Rock|[from] move: Knock Off|[of] p2a: Scizor
|-damage|p2a: Scizor|30/100|[from] item: Life Orb
|
|-weather|RainDance|[upkeep]
|upkeep
|turn|12
|
|t:|1760842869
|move|p2a: Scizor|Bullet Punch|p1a: Pelipper
|-resisted|p1a: Pelipper
|-damage|p1a: Pelipper|48/100
|-damage|p2a: Scizor|20/100|[from] item: Life Orb
|move|p1a: Pelipper|Hurricane|p2a: Scizor
|-damage|p2a: Scizor|0 fnt
|faint|p2a: Scizor
|
|-weather|RainDance|[upkeep]
|upkeep
|
|t:|1760842880
|switch|p2a: Zapdos|Zapdos|100/100
|turn|13
|
|t:|1760842882
|switch|p1a: Raging Bolt|Raging Bolt|100/100
|move|p2a: Zapdos|Volt Switch|p1a: Raging Bolt
|-resisted|p1a: Raging Bolt
|-damage|p1a: Raging Bolt|94/100
|
|t:|1760842894
|switch|p2a: Great Tusk|Great Tusk|100/100|[from] Volt Switch
|-damage|p2a: Great Tusk|98/100|[from] Stealth Rock
|-enditem|p2a: Great Tusk|Booster Energy
|-activate|p2a: Great Tusk|ability: Protosynthesis|[fromitem]
|-start|p2a: Great Tusk|protosynthesisatk
|
|-weather|RainDance|[upkeep]
|upkeep
|turn|14
|
|t:|1760842901
|move|p1a: Raging Bolt|Draco Meteor|p2a: Great Tusk
|-damage|p2a: Great Tusk|0 fnt
|-unboost|p1a: Raging Bolt|spa|2
|faint|p2a: Great Tusk
|-end|p2a: Great Tusk|Protosynthesis|[silent]
|
|-weather|RainDance|[upkeep]
|upkeep
|
|t:|1760842909
|switch|p2a: Slowking|Slowking-Galar, M, tera:Water|97/100
|-damage|p2a: Slowking|84/100|[from] Stealth Rock
|turn|15
|
|t:|1760842914
|-end|p1a: Raging Bolt|Protosynthesis|[silent]
|switch|p1a: Torkoal|Torkoal, M|43/100
|-weather|SunnyDay|[from] ability: Drought|[of] p1a: Torkoal
|move|p2a: Slowking|Sludge Bomb|p1a: Torkoal
|-damage|p1a: Torkoal|0 fnt
|faint|p1a: Torkoal
|
|-weather|SunnyDay|[upkeep]
|upkeep
|
|t:|1760842916
|switch|p1a: Raging Bolt|Raging Bolt|94/100
|-activate|p1a: Raging Bolt|ability: Protosynthesis
|-start|p1a: Raging Bolt|protosynthesisspa
|turn|16
|
|t:|1760842923
|switch|p2a: Crawdaunt|Crawdaunt, F|100/100
|-damage|p2a: Crawdaunt|88/100|[from] Stealth Rock
|move|p1a: Raging Bolt|Volt Switch|p2a: Crawdaunt
|-supereffective|p2a: Crawdaunt
|-damage|p2a: Crawdaunt|0 fnt
|faint|p2a: Crawdaunt
|
|t:|1760842927
|-end|p1a: Raging Bolt|Protosynthesis|[silent]
|switch|p1a: Alomomola|Alomomola, F|45/100|[from] Volt Switch
|
|-weather|SunnyDay|[upkeep]
|upkeep
|
|t:|1760842934
|switch|p2a: Zapdos|Zapdos|100/100
|turn|17
|
|t:|1760842938
|switch|p1a: Raging Bolt|Raging Bolt|94/100
|-activate|p1a: Raging Bolt|ability: Protosynthesis
|-start|p1a: Raging Bolt|protosynthesisspa
|move|p2a: Zapdos|Volt Switch|p1a: Raging Bolt
|-resisted|p1a: Raging Bolt
|-damage|p1a: Raging Bolt|87/100
|
|t:|1760842944
|switch|p2a: Chandelure|Chandelure, F, shiny|100/100|[from] Volt Switch
|-damage|p2a: Chandelure|76/100|[from] Stealth Rock
|
|-weather|SunnyDay|[upkeep]
|upkeep
|turn|18
|
|t:|1760842952
|move|p2a: Chandelure|Fire Blast|p1a: Raging Bolt
|-resisted|p1a: Raging Bolt
|-damage|p1a: Raging Bolt|46/100
|move|p1a: Raging Bolt|Volt Switch|p2a: Chandelure
|-damage|p2a: Chandelure|0 fnt
|faint|p2a: Chandelure
|
|t:|1760842958
|-end|p1a: Raging Bolt|Protosynthesis|[silent]
|switch|p1a: Alomomola|Alomomola, F|79/100|[from] Volt Switch
|
|-weather|SunnyDay|[upkeep]
|upkeep
|
|t:|1760842960
|switch|p2a: Zapdos|Zapdos|100/100
|turn|19
|
|t:|1760842965
|move|p2a: Zapdos|Volt Switch|p1a: Alomomola
|-supereffective|p1a: Alomomola
|-damage|p1a: Alomomola|36/100
|
|t:|1760842968
|switch|p2a: Slowking|Slowking-Galar, M, tera:Water|100/100|[from] Volt Switch
|-damage|p2a: Slowking|88/100|[from] Stealth Rock
|move|p1a: Alomomola|Mirror Coat|p2a: Slowking
|-damage|p2a: Slowking|0 fnt
|faint|p2a: Slowking
|
|-weather|none
|upkeep
|
|t:|1760842971
|switch|p2a: Zapdos|Zapdos|100/100
|turn|20
|-message|TrentMercer forfeited.
|
|win|4DEF+4SPD=GG
|raw|4DEF+4SPD=GG's rating: 1548 &rarr; <strong>1570</strong><br />(+22 for winning)
|raw|TrentMercer's rating: 1591 &rarr; <strong>1569</strong><br />(-22 for losing)
|l|☆TrentMercer
|player|p2|
