|j|☆jan jakkusu
|j|☆chopianist16
|t:|1760770826
|gametype|singles
|player|p1|jan jakkusu|170|1372
|player|p2|chopianist16|palmer|1445
|gen|9
|tier|[Gen 9] OU
|rated|
|rule|HP Percentage Mod: HP is shown in percentages
|rule|Endless Battle Clause: Forcing endless battles is banned
|rule|Species Clause: Limit one of each Pokémon
|rule|OHKO Clause: OHKO moves are banned
|rule|Evasion Items Clause: Evasion items are banned
|rule|Evasion Moves Clause: Evasion moves are banned
|rule|Evasion Abilities Clause: Evasion abilities are banned
|rule|Sleep Moves Clause: Sleep-inducing moves are banned
|clearpoke
|poke|p1|Iron Valiant|
|poke|p1|Kyurem|
|poke|p1|Rillaboom, M|
|poke|p1|Noivern, F|
|poke|p1|Kommo-o, M|
|poke|p1|Corviknight, F|
|poke|p2|Gliscor, M|
|poke|p2|Dondozo, M|
|poke|p2|Enamorus, F|
|poke|p2|Weavile, F|
|poke|p2|Gholdengo|
|poke|p2|Cinderace, M|
|teampreview
|
|t:|1760770861
|teamsize|p1|6
|teamsize|p2|6
|start
|switch|p1a: Kyurem|Kyurem|100/100
|switch|p2a: Gholdengo|Gholdengo|100/100
|-ability|p1a: Kyurem|Pressure
|-item|p2a: Gholdengo|Air Balloon
|turn|1
|
|t:|1760770870
|switch|p1a: Corviknight|Corviknight, F|100/100
|-ability|p1a: Corviknight|Pressure
|move|p2a: Gholdengo|Thunder Wave|p1a: Corviknight
|-status|p1a: Corviknight|par
|
|upkeep
|turn|2
|
|t:|1760770895
|move|p2a: Gholdengo|Hex|p1a: Corviknight
|-damage|p1a: Corviknight|60/100 par
|move|p1a: Corviknight|U-turn|p2a: Gholdengo
|-resisted|p2a: Gholdengo
|-damage|p2a: Gholdengo|98/100
|-enditem|p2a: Gholdengo|Air Balloon
|
|t:|1760770909
|switch|p1a: Noivern|Noivern, F|100/100|[from] U-turn
|
|upkeep
|turn|3
|
|t:|1760770923
|-terastallize|p2a: Gholdengo|Fairy
|move|p1a: Noivern|Heat Wave|p2a: Gholdengo
|-damage|p2a: Gholdengo|60/100
|-status|p2a: Gholdengo|brn
|move|p2a: Gholdengo|Thunder Wave|p1a: Noivern
|-status|p1a: Noivern|par
|
|-damage|p2a: Gholdengo|54/100 brn|[from] brn
|upkeep
|turn|4
|
|t:|1760770935
|switch|p1a: Corviknight|Corviknight, F|60/100 par
|-ability|p1a: Corviknight|Pressure
|move|p2a: Gholdengo|Recover|p2a: Gholdengo
|-heal|p2a: Gholdengo|100/100 brn
|
|-heal|p1a: Corviknight|66/100 par|[from] item: Leftovers
|-damage|p2a: Gholdengo|94/100 brn|[from] brn
|upkeep
|turn|5
|
|t:|1760770959
|switch|p2a: Cinderace|Cinderace, M|100/100
|move|p1a: Corviknight|Brave Bird|p2a: Cinderace
|-damage|p2a: Cinderace|52/100
|-damage|p1a: Corviknight|52/100 par|[from] Recoil
|
|-heal|p1a: Corviknight|58/100 par|[from] item: Leftovers
|upkeep
|turn|6
|
|t:|1760770964
|move|p2a: Cinderace|Pyro Ball|p1a: Corviknight
|-supereffective|p1a: Corviknight
|-crit|p1a: Corviknight
|-damage|p1a: Corviknight|0 fnt
|faint|p1a: Corviknight
|
|upkeep
|
|t:|1760770978
|switch|p1a: Kommo-o|Kommo-o, M|100/100
|turn|7
|
|t:|1760770984
|move|p2a: Cinderace|Will-O-Wisp|p1a: Kommo-o
|-status|p1a: Kommo-o|brn
|move|p1a: Kommo-o|Body Press|p2a: Cinderace
|-damage|p2a: Cinderace|27/100
|
|-damage|p1a: Kommo-o|94/100 brn|[from] brn
|upkeep
|turn|8
|
|t:|1760770993
|move|p2a: Cinderace|U-turn|p1a: Kommo-o
|-resisted|p1a: Kommo-o
|-damage|p1a: Kommo-o|89/100 brn
|
|t:|1760770998
|switch|p2a: Gholdengo|Gholdengo, tera:Fairy|94/100 brn|[from] U-turn
|move|p1a: Kommo-o|Body Press|p2a: Gholdengo
|-resisted|p2a: Gholdengo
|-damage|p2a: Gholdengo|86/100 brn
|
|-heal|p1a: Kommo-o|95/100 brn|[from] item: Leftovers
|-damage|p2a: Gholdengo|80/100 brn|[from] brn
|-damage|p1a: Kommo-o|89/100 brn|[from] brn
|upkeep
|turn|9
|
|t:|1760771007
|move|p2a: Gholdengo|Hex|p1a: Kommo-o
|-damage|p1a: Kommo-o|40/100 brn
|move|p1a: Kommo-o|Stealth Rock|p2a: Gholdengo
|-sidestart|p2: chopianist16|move: Stealth Rock
|
|-heal|p1a: Kommo-o|46/100 brn|[from] item: Leftovers
|-damage|p2a: Gholdengo|74/100 brn|[from] brn
|-damage|p1a: Kommo-o|40/100 brn|[from] brn
|upkeep
|turn|10
|
|t:|1760771014
|move|p1a: Kommo-o|Protect|p1a: Kommo-o
|-singleturn|p1a: Kommo-o|Protect
|move|p2a: Gholdengo|Hex|p1a: Kommo-o
|-activate|p1a: Kommo-o|move: Protect
|
|-heal|p1a: Kommo-o|46/100 brn|[from] item: Leftovers
|-damage|p2a: Gholdengo|68/100 brn|[from] brn
|-damage|p1a: Kommo-o|40/100 brn|[from] brn
|upkeep
|turn|11
|
|t:|1760771030
|move|p2a: Gholdengo|Hex|p1a: Kommo-o
|-crit|p1a: Kommo-o
|-damage|p1a: Kommo-o|0 fnt
|faint|p1a: Kommo-o
|
|-damage|p2a: Gholdengo|62/100 brn|[from] brn
|upkeep
|
|t:|1760771035
|switch|p1a: Rillaboom|Rillaboom, M|100/100
|-fieldstart|move: Grassy Terrain|[from] ability: Grassy Surge|[of] p1a: Rillaboom
|turn|12
|
|t:|1760771046
|switch|p2a: Gliscor|Gliscor, M|100/100
|-damage|p2a: Gliscor|88/100|[from] Stealth Rock
|-terastallize|p1a: Rillaboom|Grass
|move|p1a: Rillaboom|Grassy Glide|p2a: Gliscor
|-damage|p2a: Gliscor|27/100
|
|-status|p2a: Gliscor|tox|[from] item: Toxic Orb
|upkeep
|turn|13
|
|t:|1760771088
|move|p2a: Gliscor|Protect|p2a: Gliscor
|-singleturn|p2a: Gliscor|Protect
|move|p1a: Rillaboom|Grassy Glide|p2a: Gliscor
|-activate|p2a: Gliscor|move: Protect
|
|-heal|p2a: Gliscor|40/100 tox|[from] ability: Poison Heal
|upkeep
|turn|14
|
|t:|1760771114
|switch|p2a: Cinderace|Cinderace, M|27/100
|move|p1a: Rillaboom|Grassy Glide|p2a: Cinderace
|-resisted|p2a: Cinderace
|-damage|p2a: Cinderace|0 fnt
|faint|p2a: Cinderace
|
|upkeep
|
|t:|1760771118
|switch|p2a: Gliscor|Gliscor, M|40/100 tox
|-damage|p2a: Gliscor|27/100 tox|[from] Stealth Rock
|turn|15
|
|t:|1760771122
|move|p2a: Gliscor|Protect|p2a: Gliscor
|-singleturn|p2a: Gliscor|Protect
|move|p1a: Rillaboom|Grassy Glide|p2a: Gliscor
|-activate|p2a: Gliscor|move: Protect
|
|-heal|p2a: Gliscor|40/100 tox|[from] ability: Poison Heal
|upkeep
|turn|16
|
|t:|1760771138
|move|p2a: Gliscor|Protect||[still]
|-fail|p2a: Gliscor
|move|p1a: Rillaboom|Grassy Glide|p2a: Gliscor
|-damage|p2a: Gliscor|0 fnt
|faint|p2a: Gliscor
|
|-fieldend|move: Grassy Terrain
|upkeep
|
|t:|1760771159
|switch|p2a: Weavile|Weavile, F|100/100
|turn|17
|
|t:|1760771183
|switch|p1a: Kyurem|Kyurem|100/100
|-ability|p1a: Kyurem|Pressure
|move|p2a: Weavile|Knock Off|p1a: Kyurem
|-damage|p1a: Kyurem|52/100
|-enditem|p1a: Kyurem|Choice Scarf|[from] move: Knock Off|[of] p2a: Weavile
|
|upkeep
|turn|18
|
|t:|1760771190
|move|p2a: Weavile|Low Kick|p1a: Kyurem
|-supereffective|p1a: Kyurem
|-damage|p1a: Kyurem|0 fnt
|faint|p1a: Kyurem
|
|upkeep
|
|t:|1760771193
|switch|p1a: Iron Valiant|Iron Valiant|100/100
|-enditem|p1a: Iron Valiant|Booster Energy
|-activate|p1a: Iron Valiant|ability: Quark Drive|[fromitem]
|-start|p1a: Iron Valiant|quarkdrivespe
|turn|19
|
|t:|1760771218
|move|p2a: Weavile|Ice Shard|p1a: Iron Valiant
|-damage|p1a: Iron Valiant|74/100
|move|p1a: Iron Valiant|Moonblast|p2a: Weavile
|-supereffective|p2a: Weavile
|-damage|p2a: Weavile|0 fnt
|faint|p2a: Weavile
|
|upkeep
|
|t:|1760771233
|switch|p2a: Enamorus|Enamorus, F|100/100
|-damage|p2a: Enamorus|76/100|[from] Stealth Rock
|turn|20
|
|t:|1760771238
|move|p1a: Iron Valiant|Moonblast|p2a: Enamorus
|-damage|p2a: Enamorus|20/100
|-boost|p2a: Enamorus|spa|1
|move|p2a: Enamorus|Moonblast|p1a: Iron Valiant
|-supereffective|p1a: Iron Valiant
|-damage|p1a: Iron Valiant|0 fnt
|faint|p1a: Iron Valiant
|-end|p1a: Iron Valiant|Quark Drive|[silent]
|
|upkeep
|
|t:|1760771244
|switch|p1a: Rillaboom|Rillaboom, M, tera:Grass|100/100
|-fieldstart|move: Grassy Terrain|[from] ability: Grassy Surge|[of] p1a: Rillaboom
|turn|21
|
|t:|1760771255
|move|p1a: Rillaboom|Grassy Glide|p2a: Enamorus
|-resisted|p2a: Enamorus
|-damage|p2a: Enamorus|0 fnt
|faint|p2a: Enamorus
|
|upkeep
|
|t:|1760771258
|switch|p2a: Dondozo|Dondozo, M|100/100
|-damage|p2a: Dondozo|88/100|[from] Stealth Rock
|turn|22
|
|t:|1760771263
|switch|p1a: Noivern|Noivern, F|100/100 par
|move|p2a: Dondozo|Rest|p2a: Dondozo
|-status|p2a: Dondozo|slp|[from] move: Rest
|-heal|p2a: Dondozo|100/100 slp|[silent]
|
|upkeep
|turn|23
|
|t:|1760771274
|move|p1a: Noivern|Draco Meteor|p2a: Dondozo
|-damage|p2a: Dondozo|27/100 slp
|-unboost|p1a: Noivern|spa|2
|cant|p2a: Dondozo|slp
|move|p2a: Dondozo|Sleep Talk|p2a: Dondozo
|move|p2a: Dondozo|Rest||[from] move: Sleep Talk|[still]
|-fail|p2a: Dondozo
|
|-heal|p2a: Dondozo|33/100 slp|[from] Grassy Terrain
|-heal|p2a: Dondozo|39/100 slp|[from] item: Leftovers
|upkeep
|turn|24
|
|t:|1760771280
|move|p1a: Noivern|Draco Meteor|p2a: Dondozo
|-damage|p2a: Dondozo|0 fnt
|-unboost|p1a: Noivern|spa|2
|faint|p2a: Dondozo
|
|upkeep
|
|t:|1760771283
|switch|p2a: Gholdengo|Gholdengo, tera:Fairy|62/100 brn
|-damage|p2a: Gholdengo|50/100 brn|[from] Stealth Rock
|turn|25
|
|t:|1760771287
|switch|p1a: Rillaboom|Rillaboom, M, tera:Grass|100/100
|move|p2a: Gholdengo|Recover|p2a: Gholdengo
|-heal|p2a: Gholdengo|99/100 brn
|
|-heal|p2a: Gholdengo|100/100 brn|[from] Grassy Terrain
|-damage|p2a: Gholdengo|94/100 brn|[from] brn
|-fieldend|move: Grassy Terrain
|upkeep
|turn|26
|
|t:|1760771295
|switch|p1a: Noivern|Noivern, F|100/100 par
|move|p2a: Gholdengo|Thunder Wave|p1a: Noivern
|-fail|p1a: Noivern|par
|
|-damage|p2a: Gholdengo|88/100 brn|[from] brn
|upkeep
|turn|27
|
|t:|1760771303
|move|p2a: Gholdengo|Hex|p1a: Noivern
|-damage|p1a: Noivern|27/100 par
|move|p1a: Noivern|Boomburst|p2a: Gholdengo
|-damage|p2a: Gholdengo|32/100 brn
|
|-damage|p2a: Gholdengo|26/100 brn|[from] brn
|upkeep
|turn|28
|
|t:|1760771312
|move|p2a: Gholdengo|Hex|p1a: Noivern
|-damage|p1a: Noivern|0 fnt
|faint|p1a: Noivern
|
|-damage|p2a: Gholdengo|20/100 brn|[from] brn
|upkeep
|
|t:|1760771315
|switch|p1a: Rillaboom|Rillaboom, M, tera:Grass|100/100
|-fieldstart|move: Grassy Terrain|[from] ability: Grassy Surge|[of] p1a: Rillaboom
|turn|29
|
|t:|1760771319
|move|p1a: Rillaboom|Grassy Glide|p2a: Gholdengo
|-damage|p2a: Gholdengo|0 fnt
|faint|p2a: Gholdengo
|
|win|jan jakkusu
|raw|jan jakkusu's rating: 1372 &rarr; <strong>1396</strong><br />(+24 for winning)
|raw|chopianist16's rating: 1445 &rarr; <strong>1421</strong><br />(-24 for losing)
|l|☆chopianist16
|player|p2|
