|j|☆SpongeGar & Patar
|j|☆Sunshinne
|t:|1760848259
|gametype|singles
|player|p1|SpongeGar & Patar|101|1755
|player|p2|Sunshinne|caitlin|1681
|gen|9
|tier|[Gen 9] OU
|rated|
|rule|HP Percentage Mod: HP is shown in percentages
|rule|Endless Battle Clause: Forcing endless battles is banned
|rule|Species Clause: Limit one of each Pokémon
|rule|OHKO Clause: OHKO moves are banned
|rule|Evasion Items Clause: Evasion items are banned
|rule|Evasion Moves Clause: Evasion moves are banned
|rule|Evasion Abilities Clause: Evasion abilities are banned
|rule|Sleep Moves Clause: Sleep-inducing moves are banned
|clearpoke
|poke|p1|Kyurem|
|poke|p1|Corviknight, F|
|poke|p1|Ting-Lu|
|poke|p1|Dondozo, F|
|poke|p1|Slowking-Galar, L99, F|
|poke|p1|Cinderace, M|
|poke|p2|Ribombee, F|
|poke|p2|Glimmora, F|
|poke|p2|Manaphy|
|poke|p2|Zamazenta-*|
|poke|p2|Gholdengo|
|poke|p2|Kingambit, F|
|teampreview
|inactive|Battle timer is ON: inactive players will automatically lose when time's up. (requested by Sunshinne)
|inactive|SpongeGar & Patar has 120 seconds left.
|
|t:|1760848310
|teamsize|p1|6
|teamsize|p2|6
|start
|switch|p1a: Kyurem|Kyurem|100/100
|switch|p2a: Glimmora|Glimmora, F|100/100
|-ability|p1a: Kyurem|Pressure
|turn|1
|inactive|SpongeGar & Patar also wants the timer to be on.
|j| any2
|inactive|SpongeGar & Patar has 120 seconds left.
|
|t:|1760848359
|move|p1a: Kyurem|Freeze-Dry|p2a: Glimmora
|-damage|p2a: Glimmora|55/100
|move|p2a: Glimmora|Meteor Beam||[still]
|-prepare|p2a: Glimmora|Meteor Beam
|-boost|p2a: Glimmora|spa|1
|-enditem|p2a: Glimmora|Power Herb
|-anim|p2a: Glimmora|Meteor Beam|p1a: Kyurem
|-supereffective|p1a: Kyurem
|-damage|p1a: Kyurem|0 fnt
|faint|p1a: Kyurem
|
|upkeep
|inactive|SpongeGar & Patar has 90 seconds left.
|j| NO CAGES NO CHAINS
|
|t:|1760848408
|switch|p1a: Ting-Lu|Ting-Lu|100/100
|-ability|p1a: Ting-Lu|Vessel of Ruin
|turn|2
|inactive|SpongeGar & Patar has 60 seconds left.
|inactive|SpongeGar & Patar has 30 seconds left.
|
|t:|1760848457
|move|p2a: Glimmora|Dazzling Gleam|p1a: Ting-Lu
|-supereffective|p1a: Ting-Lu
|-damage|p1a: Ting-Lu|62/100
|move|p1a: Ting-Lu|Earthquake|p2a: Glimmora
|-supereffective|p2a: Glimmora
|-damage|p2a: Glimmora|0 fnt
|-activate|p2a: Glimmora|ability: Toxic Debris
|-sidestart|p1: SpongeGar & Patar|move: Toxic Spikes
|faint|p2a: Glimmora
|
|-heal|p1a: Ting-Lu|68/100|[from] item: Leftovers
|upkeep
|
|t:|1760848466
|switch|p2a: Manaphy|Manaphy|100/100
|turn|3
|
|t:|1760848475
|move|p2a: Manaphy|Tail Glow|p2a: Manaphy
|-boost|p2a: Manaphy|spa|3
|move|p1a: Ting-Lu|Earthquake|p2a: Manaphy
|-damage|p2a: Manaphy|66/100
|
|-heal|p2a: Manaphy|72/100|[from] item: Leftovers
|-heal|p1a: Ting-Lu|74/100|[from] item: Leftovers
|upkeep
|turn|4
|l| any2
|inactive|Sunshinne has 120 seconds left.
|
|t:|1760848518
|-terastallize|p1a: Ting-Lu|Water
|move|p2a: Manaphy|Surf|p1a: Ting-Lu
|-resisted|p1a: Ting-Lu
|-damage|p1a: Ting-Lu|52/100
|move|p1a: Ting-Lu|Earthquake|p2a: Manaphy
|-damage|p2a: Manaphy|40/100
|
|-heal|p2a: Manaphy|46/100|[from] item: Leftovers
|-heal|p1a: Ting-Lu|58/100|[from] item: Leftovers
|upkeep
|turn|5
|
|t:|1760848528
|switch|p1a: Slowking|Slowking-Galar, L99, F|100/100
|-sideend|p1: SpongeGar & Patar|move: Toxic Spikes|[of] p1a: Slowking
|move|p2a: Manaphy|Acid Armor|p2a: Manaphy
|-boost|p2a: Manaphy|def|2
|
|-heal|p2a: Manaphy|52/100|[from] item: Leftovers
|upkeep
|turn|6
|inactive|Sunshinne has 120 seconds left.
|
|t:|1760848537
|move|p2a: Manaphy|Tail Glow|p2a: Manaphy
|-boost|p2a: Manaphy|spa|3
|move|p1a: Slowking|Toxic|p2a: Manaphy
|-status|p2a: Manaphy|tox
|
|-heal|p2a: Manaphy|58/100 tox|[from] item: Leftovers
|-damage|p2a: Manaphy|52/100 tox|[from] psn
|upkeep
|turn|7
|
|t:|1760848547
|switch|p1a: Dondozo|Dondozo, F|100/100
|move|p2a: Manaphy|Stored Power|p1a: Dondozo
|-damage|p1a: Dondozo|49/100
|
|-heal|p2a: Manaphy|58/100 tox|[from] item: Leftovers
|-heal|p1a: Dondozo|56/100|[from] item: Leftovers
|-damage|p2a: Manaphy|46/100 tox|[from] psn
|upkeep
|turn|8
|
|t:|1760848556
|move|p2a: Manaphy|Stored Power|p1a: Dondozo
|-damage|p1a: Dondozo|0 fnt
|faint|p1a: Dondozo
|
|-heal|p2a: Manaphy|52/100 tox|[from] item: Leftovers
|-damage|p2a: Manaphy|34/100 tox|[from] psn
|upkeep
|
|t:|1760848566
|switch|p1a: Cinderace|Cinderace, M|100/100
|turn|9
|inactive|SpongeGar & Patar has 60 seconds left.
|
|t:|1760848575
|move|p1a: Cinderace|U-turn|p2a: Manaphy
|-damage|p2a: Manaphy|25/100 tox
|inactive|SpongeGar & Patar has 60 seconds left.
|
|t:|1760848585
|switch|p1a: Ting-Lu|Ting-Lu, tera:Water|58/100|[from] U-turn
|-ability|p1a: Ting-Lu|Vessel of Ruin
|move|p2a: Manaphy|Stored Power|p1a: Ting-Lu
|-damage|p1a: Ting-Lu|0 fnt
|faint|p1a: Ting-Lu
|
|-heal|p2a: Manaphy|31/100 tox|[from] item: Leftovers
|-damage|p2a: Manaphy|6/100 tox|[from] psn
|upkeep
|inactive|SpongeGar & Patar has 60 seconds left.
|
|t:|1760848594
|switch|p1a: Cinderace|Cinderace, M|100/100
|turn|10
|
|t:|1760848603
|move|p1a: Cinderace|Pyro Ball|p2a: Manaphy
|-resisted|p2a: Manaphy
|-damage|p2a: Manaphy|0 fnt
|faint|p2a: Manaphy
|
|upkeep
|
|t:|1760848606
|switch|p2a: Ribombee|Ribombee, F|100/100
|turn|11
|
|t:|1760848616
|move|p1a: Cinderace|Will-O-Wisp|p2a: Ribombee
|-status|p2a: Ribombee|brn
|move|p2a: Ribombee|Stun Spore|p1a: Cinderace
|-status|p1a: Cinderace|par
|
|-damage|p2a: Ribombee|94/100 brn|[from] brn
|upkeep
|turn|12
|
|t:|1760848625
|move|p2a: Ribombee|Psychic Noise|p1a: Cinderace
|-damage|p1a: Cinderace|76/100 par
|-start|p1a: Cinderace|move: Heal Block
|move|p1a: Cinderace|Pyro Ball|p2a: Ribombee
|-supereffective|p2a: Ribombee
|-damage|p2a: Ribombee|0 fnt
|faint|p2a: Ribombee
|
|upkeep
|
|t:|1760848636
|switch|p2a: Gholdengo|Gholdengo|100/100
|-item|p2a: Gholdengo|Air Balloon
|turn|13
|inactive|SpongeGar & Patar has 90 seconds left.
|
|t:|1760848646
|move|p2a: Gholdengo|Hex|p1a: Cinderace
|-damage|p1a: Cinderace|0 fnt
|faint|p1a: Cinderace
|
|upkeep
|inactive|SpongeGar & Patar has 90 seconds left.
|inactive|SpongeGar & Patar has 60 seconds left.
|
|t:|1760848692
|switch|p1a: Corviknight|Corviknight, F|100/100
|-ability|p1a: Corviknight|Pressure
|turn|14
|inactive|SpongeGar & Patar has 30 seconds left.
|inactive|SpongeGar & Patar has 20 seconds left.
|j| hiltz
|inactive|SpongeGar & Patar has 15 seconds left.
|
|t:|1760848738
|move|p2a: Gholdengo|Thunder Wave|p1a: Corviknight
|-status|p1a: Corviknight|par
|move|p1a: Corviknight|Brave Bird|p2a: Gholdengo
|-resisted|p2a: Gholdengo
|-damage|p2a: Gholdengo|82/100
|-enditem|p2a: Gholdengo|Air Balloon
|-damage|p1a: Corviknight|95/100 par|[from] Recoil
|
|upkeep
|turn|15
|inactive|SpongeGar & Patar has 25 seconds left this turn.
|inactive|SpongeGar & Patar has 20 seconds left.
|
|t:|1760848756
|move|p2a: Gholdengo|Hex|p1a: Corviknight
|-crit|p1a: Corviknight
|-damage|p1a: Corviknight|0 fnt
|faint|p1a: Corviknight
|
|upkeep
|inactive|SpongeGar & Patar has 25 seconds left this turn.
|inactive|SpongeGar & Patar has 20 seconds left.
|
|t:|1760848764
|switch|p1a: Slowking|Slowking-Galar, L99, F|100/100
|turn|16
|inactive|SpongeGar & Patar has 30 seconds left this turn.
|
|t:|1760848772
|move|p2a: Gholdengo|Thunder Wave|p1a: Slowking
|-status|p1a: Slowking|par
|move|p1a: Slowking|Future Sight|p2a: Gholdengo
|-start|p1a: Slowking|move: Future Sight
|
|upkeep
|turn|17
|inactive|SpongeGar & Patar has 30 seconds left.
|
|t:|1760848778
|move|p2a: Gholdengo|Hex|p1a: Slowking
|-supereffective|p1a: Slowking
|-damage|p1a: Slowking|23/100 par
|move|p1a: Slowking|Sludge Bomb|p2a: Gholdengo
|-immune|p2a: Gholdengo
|
|upkeep
|turn|18
|
|t:|1760848783
|move|p2a: Gholdengo|Hex|p1a: Slowking
|-supereffective|p1a: Slowking
|-damage|p1a: Slowking|0 fnt
|faint|p1a: Slowking
|
|win|Sunshinne
|raw|SpongeGar &amp; Patar's rating: 1755 &rarr; <strong>1731</strong><br />(-24 for losing)
|raw|Sunshinne's rating: 1681 &rarr; <strong>1705</strong><br />(+24 for winning)
|l|☆SpongeGar & Patar
|player|p1|
|l|☆Sunshinne
|player|p2|
|l| hiltz
