|j|☆Euzebio98
|j|☆kenzo123456
|t:|1760723067
|gametype|singles
|player|p1|Euzebio98|1|1480
|player|p2|kenzo123456|pokemonbreederf-gen4|1476
|gen|9
|tier|[Gen 9] OU
|rated|
|rule|HP Percentage Mod: HP is shown in percentages
|rule|Endless Battle Clause: Forcing endless battles is banned
|rule|Species Clause: Limit one of each Pokémon
|rule|OHKO Clause: OHKO moves are banned
|rule|Evasion Items Clause: Evasion items are banned
|rule|Evasion Moves Clause: Evasion moves are banned
|rule|Evasion Abilities Clause: Evasion abilities are banned
|rule|Sleep Moves Clause: Sleep-inducing moves are banned
|clearpoke
|poke|p1|Ludicolo, M|
|poke|p1|Pelipper, M|
|poke|p1|Barraskewda, F|
|poke|p1|Iron Crown|
|poke|p1|Great Tusk|
|poke|p1|Moltres|
|poke|p2|Necrozma|
|poke|p2|Kingambit, F|
|poke|p2|Samurott-Hisui, F|
|poke|p2|Iron Treads|
|poke|p2|Pecharunt|
|poke|p2|Enamorus, F|
|teampreview
|
|t:|1760723071
|teamsize|p1|6
|teamsize|p2|6
|start
|switch|p1a: Speedy Gonzales|Barraskewda, F|100/100
|switch|p2a: Musashi's Scallop|Samurott-Hisui, F, shiny|100/100
|turn|1
|
|t:|1760723075
|move|p1a: Speedy Gonzales|Close Combat|p2a: Musashi's Scallop
|-supereffective|p2a: Musashi's Scallop
|-damage|p2a: Musashi's Scallop|0 fnt
|-unboost|p1a: Speedy Gonzales|def|1
|-unboost|p1a: Speedy Gonzales|spd|1
|faint|p2a: Musashi's Scallop
|
|upkeep
|inactive|Battle timer is ON: inactive players will automatically lose when time's up. (requested by Euzebio98)
|
|t:|1760723084
|switch|p2a: Mochi Mochi|Pecharunt|100/100
|-item|p2a: Mochi Mochi|Air Balloon
|turn|2
|
|t:|1760723092
|switch|p1a: Frida Khalo|Pelipper, M|100/100
|-weather|RainDance|[from] ability: Drizzle|[of] p1a: Frida Khalo
|move|p2a: Mochi Mochi|Nasty Plot|p2a: Mochi Mochi
|-boost|p2a: Mochi Mochi|spa|2
|
|-weather|RainDance|[upkeep]
|upkeep
|turn|3
|
|t:|1760723096
|switch|p1a: Sergio Perez|Iron Crown|100/100
|move|p2a: Mochi Mochi|Shadow Ball|p1a: Sergio Perez
|-supereffective|p1a: Sergio Perez
|-damage|p1a: Sergio Perez|33/100
|
|-weather|RainDance|[upkeep]
|upkeep
|turn|4
|
|t:|1760723100
|-terastallize|p2a: Mochi Mochi|Grass
|move|p1a: Sergio Perez|Future Sight|p2a: Mochi Mochi
|-start|p1a: Sergio Perez|move: Future Sight
|move|p2a: Mochi Mochi|Shadow Ball|p1a: Sergio Perez
|-supereffective|p1a: Sergio Perez
|-damage|p1a: Sergio Perez|0 fnt
|faint|p1a: Sergio Perez
|-end|p1a: Sergio Perez|Quark Drive|[silent]
|
|-weather|RainDance|[upkeep]
|upkeep
|
|t:|1760723108
|switch|p1a: MkLeo|Moltres|100/100
|turn|5
|
|t:|1760723113
|switch|p2a: Donphandroid|Iron Treads|100/100
|move|p1a: MkLeo|Hurricane|p2a: Donphandroid
|-resisted|p2a: Donphandroid
|-damage|p2a: Donphandroid|79/100
|-start|p2a: Donphandroid|confusion
|
|-weather|RainDance|[upkeep]
|upkeep
|turn|6
|
|t:|1760723118
|-activate|p2a: Donphandroid|confusion
|move|p2a: Donphandroid|Volt Switch|p1a: MkLeo
|-supereffective|p1a: MkLeo
|-damage|p1a: MkLeo|78/100
|
|t:|1760723125
|-end|p2a: Donphandroid|Quark Drive|[silent]
|switch|p2a: Checkmate bitch|Kingambit, F, shiny|100/100|[from] Volt Switch
|-activate|p2a: Checkmate bitch|ability: Supreme Overlord
|-start|p2a: Checkmate bitch|fallen1|[silent]
|move|p1a: MkLeo|Will-O-Wisp|p2a: Checkmate bitch
|-status|p2a: Checkmate bitch|brn
|
|-weather|RainDance|[upkeep]
|-end|p2a: Checkmate bitch|move: Future Sight
|-immune|p2a: Checkmate bitch
|-damage|p2a: Checkmate bitch|94/100 brn|[from] brn
|upkeep
|turn|7
|
|t:|1760723132
|move|p1a: MkLeo|U-turn|p2a: Checkmate bitch
|-damage|p2a: Checkmate bitch|83/100 brn
|
|t:|1760723137
|switch|p1a: Speedy Gonzales|Barraskewda, F|100/100|[from] U-turn
|move|p2a: Checkmate bitch|Iron Head|p1a: Speedy Gonzales
|-resisted|p1a: Speedy Gonzales
|-damage|p1a: Speedy Gonzales|75/100
|
|-weather|RainDance|[upkeep]
|-damage|p2a: Checkmate bitch|77/100 brn|[from] brn
|upkeep
|turn|8
|
|t:|1760723143
|move|p2a: Checkmate bitch|Sucker Punch|p1a: Speedy Gonzales
|-damage|p1a: Speedy Gonzales|26/100
|move|p1a: Speedy Gonzales|Liquidation|p2a: Checkmate bitch
|-damage|p2a: Checkmate bitch|0 fnt
|faint|p2a: Checkmate bitch
|-end|p2a: Checkmate bitch|fallen1|[silent]
|
|-weather|RainDance|[upkeep]
|upkeep
|
|t:|1760723149
|switch|p2a: Mochi Mochi|Pecharunt, tera:Grass|100/100
|-item|p2a: Mochi Mochi|Air Balloon
|turn|9
|
|t:|1760723153
|switch|p1a: MkLeo|Moltres|78/100
|move|p2a: Mochi Mochi|Malignant Chain|p1a: MkLeo
|-damage|p1a: MkLeo|41/100
|
|-weather|none
|upkeep
|turn|10
|
|t:|1760723162
|move|p2a: Mochi Mochi|Nasty Plot|p2a: Mochi Mochi
|-boost|p2a: Mochi Mochi|spa|2
|move|p1a: MkLeo|U-turn|p2a: Mochi Mochi
|-supereffective|p2a: Mochi Mochi
|-damage|p2a: Mochi Mochi|81/100
|-enditem|p2a: Mochi Mochi|Air Balloon
|
|t:|1760723165
|switch|p1a: Frida Khalo|Pelipper, M|100/100|[from] U-turn
|-weather|RainDance|[from] ability: Drizzle|[of] p1a: Frida Khalo
|
|-weather|RainDance|[upkeep]
|upkeep
|turn|11
|
|t:|1760723168
|move|p2a: Mochi Mochi|Malignant Chain|p1a: Frida Khalo
|-damage|p1a: Frida Khalo|5/100
|move|p1a: Frida Khalo|Hurricane|p2a: Mochi Mochi
|-supereffective|p2a: Mochi Mochi
|-damage|p2a: Mochi Mochi|5/100
|
|-weather|RainDance|[upkeep]
|upkeep
|turn|12
|
|t:|1760723174
|move|p2a: Mochi Mochi|Shadow Ball|p1a: Frida Khalo
|-damage|p1a: Frida Khalo|0 fnt
|faint|p1a: Frida Khalo
|
|-weather|RainDance|[upkeep]
|upkeep
|
|t:|1760723175
|switch|p1a: Speedy Gonzales|Barraskewda, F|26/100
|turn|13
|
|t:|1760723178
|move|p1a: Speedy Gonzales|Liquidation|p2a: Mochi Mochi
|-resisted|p2a: Mochi Mochi
|-crit|p2a: Mochi Mochi
|-damage|p2a: Mochi Mochi|0 fnt
|faint|p2a: Mochi Mochi
|
|-weather|RainDance|[upkeep]
|upkeep
|
|t:|1760723181
|switch|p2a: Star fragment|Necrozma, shiny|100/100
|turn|14
|
|t:|1760723186
|move|p1a: Speedy Gonzales|Liquidation|p2a: Star fragment
|-damage|p2a: Star fragment|13/100
|move|p2a: Star fragment|Trick Room|p2a: Star fragment
|-fieldstart|move: Trick Room|[of] p2a: Star fragment
|
|-weather|RainDance|[upkeep]
|upkeep
|turn|15
|
|t:|1760723200
|switch|p1a: El Chapo|Ludicolo, M|100/100
|move|p2a: Star fragment|Photon Geyser|p1a: El Chapo
|-crit|p1a: El Chapo
|-damage|p1a: El Chapo|3/100
|
|-weather|RainDance|[upkeep]
|upkeep
|turn|16
|
|t:|1760723207
|move|p2a: Star fragment|Photon Geyser|p1a: El Chapo
|-damage|p1a: El Chapo|0 fnt
|faint|p1a: El Chapo
|
|-weather|RainDance|[upkeep]
|upkeep
|
|t:|1760723209
|switch|p1a: MkLeo|Moltres|41/100
|turn|17
|
|t:|1760723210
|move|p2a: Star fragment|Photon Geyser|p1a: MkLeo
|-damage|p1a: MkLeo|0 fnt
|faint|p1a: MkLeo
|
|-weather|none
|upkeep
|
|t:|1760723227
|switch|p1a: Speedy Gonzales|Barraskewda, F|26/100
|turn|18
|
|t:|1760723230
|move|p2a: Star fragment|Photon Geyser|p1a: Speedy Gonzales
|-damage|p1a: Speedy Gonzales|0 fnt
|faint|p1a: Speedy Gonzales
|
|-fieldend|move: Trick Room
|upkeep
|
|t:|1760723231
|switch|p1a: Del Toro|Great Tusk|100/100
|-enditem|p1a: Del Toro|Booster Energy
|-activate|p1a: Del Toro|ability: Protosynthesis|[fromitem]
|-start|p1a: Del Toro|protosynthesisatk
|turn|19
|
|t:|1760723233
|move|p1a: Del Toro|Rapid Spin|p2a: Star fragment
|-damage|p2a: Star fragment|0 fnt
|-boost|p1a: Del Toro|spe|1
|faint|p2a: Star fragment
|
|upkeep
|
|t:|1760723235
|switch|p2a: Medusa|Enamorus, F, shiny|100/100
|turn|20
|
|t:|1760723238
|-terastallize|p1a: Del Toro|Ground
|move|p2a: Medusa|Moonblast|p1a: Del Toro
|-damage|p1a: Del Toro|8/100
|move|p1a: Del Toro|Ice Spinner|p2a: Medusa
|-supereffective|p2a: Medusa
|-damage|p2a: Medusa|0 fnt
|faint|p2a: Medusa
|
|upkeep
|
|t:|1760723240
|switch|p2a: Donphandroid|Iron Treads|79/100
|turn|21
|
|t:|1760723244
|move|p1a: Del Toro|Headlong Rush|p2a: Donphandroid
|-supereffective|p2a: Donphandroid
|-damage|p2a: Donphandroid|0 fnt
|-unboost|p1a: Del Toro|def|1
|-unboost|p1a: Del Toro|spd|1
|faint|p2a: Donphandroid
|-end|p2a: Donphandroid|Quark Drive|[silent]
|
|win|Euzebio98
|raw|Euzebio98's rating: 1480 &rarr; <strong>1500</strong><br />(+20 for winning)
|raw|kenzo123456's rating: 1476 &rarr; <strong>1456</strong><br />(-20 for losing)
|l|☆kenzo123456
|player|p2|
|l|☆Euzebio98
|player|p1|
