|j|☆tasin01
|j|☆Monarith
|t:|1760849135
|gametype|singles
|player|p1|tasin01|2|1122
|player|p2|Monarith|wicke|1193
|gen|9
|tier|[Gen 9] OU
|rated|
|rule|HP Percentage Mod: HP is shown in percentages
|rule|Endless Battle Clause: Forcing endless battles is banned
|rule|Species Clause: Limit one of each Pokémon
|rule|OHKO Clause: OHKO moves are banned
|rule|Evasion Items Clause: Evasion items are banned
|rule|Evasion Moves Clause: Evasion moves are banned
|rule|Evasion Abilities Clause: Evasion abilities are banned
|rule|Sleep Moves Clause: Sleep-inducing moves are banned
|clearpoke
|poke|p1|Iron Valiant|
|poke|p1|Gliscor, F|
|poke|p1|Slowking-Galar, M|
|poke|p1|Great Tusk|
|poke|p1|Dragapult, F|
|poke|p1|Skarmory, F|
|poke|p2|Eelektross, F|
|poke|p2|Dragapult, M|
|poke|p2|Hatterene, F|
|poke|p2|Iron Treads|
|poke|p2|Iron Moth|
|poke|p2|Ogerpon-Wellspring, F|
|teampreview
|
|t:|1760849153
|teamsize|p1|6
|teamsize|p2|6
|start
|switch|p1a: Gliscor|Gliscor, F|100/100
|switch|p2a: Dragapult|Dragapult, M|100/100
|turn|1
|
|t:|1760849159
|move|p1a: Gliscor|Protect|p1a: Gliscor
|-singleturn|p1a: Gliscor|Protect
|move|p2a: Dragapult|Will-O-Wisp|p1a: Gliscor
|-activate|p1a: Gliscor|move: Protect
|
|-status|p1a: Gliscor|tox|[from] item: Toxic Orb
|upkeep
|turn|2
|
|t:|1760849164
|move|p2a: Dragapult|Hex|p1a: Gliscor
|-damage|p1a: Gliscor|60/100 tox
|move|p1a: Gliscor|Knock Off|p2a: Dragapult
|-supereffective|p2a: Dragapult
|-damage|p2a: Dragapult|48/100
|-enditem|p2a: Dragapult|Heavy-Duty Boots|[from] move: Knock Off|[of] p1a: Gliscor
|
|-heal|p1a: Gliscor|73/100 tox|[from] ability: Poison Heal
|upkeep
|turn|3
|
|t:|1760849169
|move|p2a: Dragapult|U-turn|p1a: Gliscor
|-resisted|p1a: Gliscor
|-damage|p1a: Gliscor|66/100 tox
|inactive|Battle timer is ON: inactive players will automatically lose when time's up. (requested by tasin01)
|
|t:|1760849178
|switch|p2a: Ogerpon|Ogerpon-Wellspring, F|100/100|[from] U-turn
|move|p1a: Gliscor|Knock Off|p2a: Ogerpon
|-damage|p2a: Ogerpon|80/100
|
|-heal|p1a: Gliscor|78/100 tox|[from] ability: Poison Heal
|upkeep
|turn|4
|
|t:|1760849195
|move|p2a: Ogerpon|Horn Leech|p1a: Gliscor
|-damage|p1a: Gliscor|46/100 tox
|-heal|p2a: Ogerpon|99/100|[from] drain|[of] p1a: Gliscor
|move|p1a: Gliscor|U-turn|p2a: Ogerpon
|-supereffective|p2a: Ogerpon
|-damage|p2a: Ogerpon|54/100
|
|t:|1760849202
|switch|p1a: Dragapult|Dragapult, F|100/100|[from] U-turn
|
|upkeep
|turn|5
|
|t:|1760849215
|switch|p2a: Hatterene|Hatterene, F|100/100
|move|p1a: Dragapult|U-turn|p2a: Hatterene
|-damage|p2a: Hatterene|80/100
|
|t:|1760849242
|switch|p1a: Slowking|Slowking-Galar, M|100/100|[from] U-turn
|
|upkeep
|turn|6
|inactive|tasin01 has 120 seconds left.
|
|t:|1760849262
|move|p2a: Hatterene|Psychic Noise|p1a: Slowking
|-damage|p1a: Slowking|74/100
|-start|p1a: Slowking|move: Heal Block
|move|p1a: Slowking|Sludge Bomb|p2a: Hatterene
|-supereffective|p2a: Hatterene
|-damage|p2a: Hatterene|32/100
|-status|p2a: Hatterene|psn
|
|-damage|p2a: Hatterene|20/100 psn|[from] psn
|upkeep
|turn|7
|
|t:|1760849272
|switch|p2a: Iron Treads|Iron Treads|100/100
|-prepare|p1a: Slowking|Chilly Reception|[premajor]
|move|p1a: Slowking|Chilly Reception|p1a: Slowking
|-weather|Snowscape
|
|t:|1760849279
|switch|p1a: Great Tusk|Great Tusk|100/100|[from] Chilly Reception
|
|-weather|Snowscape|[upkeep]
|upkeep
|turn|8
|
|t:|1760849287
|-end|p2a: Iron Treads|Quark Drive|[silent]
|switch|p2a: Eelektross|Eelektross, F|100/100
|move|p1a: Great Tusk|Headlong Rush|p2a: Eelektross
|-immune|p2a: Eelektross|[from] ability: Levitate
|
|-weather|Snowscape|[upkeep]
|upkeep
|turn|9
|
|t:|1760849293
|move|p1a: Great Tusk|Stealth Rock|p2a: Eelektross
|-sidestart|p2: Monarith|move: Stealth Rock
|move|p2a: Eelektross|Coil|p2a: Eelektross
|-boost|p2a: Eelektross|atk|1
|-boost|p2a: Eelektross|def|1
|-boost|p2a: Eelektross|accuracy|1
|
|-weather|Snowscape|[upkeep]
|upkeep
|turn|10
|
|t:|1760849306
|-end|p1a: Great Tusk|Protosynthesis|[silent]
|switch|p1a: Skarmory|Skarmory, F|100/100
|move|p2a: Eelektross|Coil|p2a: Eelektross
|-boost|p2a: Eelektross|atk|1
|-boost|p2a: Eelektross|def|1
|-boost|p2a: Eelektross|accuracy|1
|
|-weather|Snowscape|[upkeep]
|upkeep
|turn|11
|
|t:|1760849317
|move|p2a: Eelektross|Wild Charge|p1a: Skarmory
|-supereffective|p1a: Skarmory
|-damage|p1a: Skarmory|17/100
|-damage|p2a: Eelektross|84/100|[from] item: Rocky Helmet|[of] p1a: Skarmory
|-damage|p2a: Eelektross|65/100|[from] Recoil
|move|p1a: Skarmory|Whirlwind|p2a: Eelektross
|drag|p2a: Iron Moth|Iron Moth|100/100
|-damage|p2a: Iron Moth|76/100|[from] Stealth Rock
|-enditem|p2a: Iron Moth|Booster Energy
|-activate|p2a: Iron Moth|ability: Quark Drive|[fromitem]
|-start|p2a: Iron Moth|quarkdrivespe
|
|-weather|none
|upkeep
|turn|12
|inactive|tasin01 has 120 seconds left.
|
|t:|1760849350
|switch|p1a: Dragapult|Dragapult, F|100/100
|move|p2a: Iron Moth|Fiery Dance|p1a: Dragapult
|-resisted|p1a: Dragapult
|-damage|p1a: Dragapult|71/100
|
|upkeep
|turn|13
|inactive|tasin01 has 120 seconds left.
|
|t:|1760849365
|move|p2a: Iron Moth|Fiery Dance|p1a: Dragapult
|-resisted|p1a: Dragapult
|-damage|p1a: Dragapult|46/100
|-boost|p2a: Iron Moth|spa|1
|move|p1a: Dragapult|Dragon Darts|p2a: Iron Moth
|-damage|p2a: Iron Moth|45/100
|-anim|p1a: Dragapult|Dragon Darts|p2a: Iron Moth
|-damage|p2a: Iron Moth|10/100
|
|upkeep
|turn|14
|
|t:|1760849373
|move|p2a: Iron Moth|Sludge Wave|p1a: Dragapult
|-resisted|p1a: Dragapult
|-damage|p1a: Dragapult|0 fnt
|faint|p1a: Dragapult
|
|upkeep
|inactive|tasin01 has 120 seconds left.
|
|t:|1760849391
|switch|p1a: Slowking|Slowking-Galar, M|100/100
|turn|15
|
|t:|1760849414
|-terastallize|p2a: Iron Moth|Ground
|move|p2a: Iron Moth|Tera Blast|p1a: Slowking|[anim] Tera Blast Ground
|-supereffective|p1a: Slowking
|-damage|p1a: Slowking|30/100
|move|p1a: Slowking|Sludge Bomb|p2a: Iron Moth
|-resisted|p2a: Iron Moth
|-damage|p2a: Iron Moth|0 fnt
|faint|p2a: Iron Moth
|-end|p2a: Iron Moth|Quark Drive|[silent]
|
|upkeep
|
|t:|1760849423
|switch|p2a: Dragapult|Dragapult, M|48/100
|-damage|p2a: Dragapult|36/100|[from] Stealth Rock
|turn|16
|
|t:|1760849431
|switch|p1a: Gliscor|Gliscor, F|46/100 tox
|move|p2a: Dragapult|Thunder Wave|p1a: Gliscor
|-immune|p1a: Gliscor
|
|-heal|p1a: Gliscor|58/100 tox|[from] ability: Poison Heal
|upkeep
|turn|17
|
|t:|1760849437
|move|p1a: Gliscor|Protect|p1a: Gliscor
|-singleturn|p1a: Gliscor|Protect
|move|p2a: Dragapult|Hex|p1a: Gliscor
|-activate|p1a: Gliscor|move: Protect
|
|-heal|p1a: Gliscor|71/100 tox|[from] ability: Poison Heal
|upkeep
|turn|18
|
|t:|1760849447
|move|p2a: Dragapult|Hex|p1a: Gliscor
|-damage|p1a: Gliscor|32/100 tox
|move|p1a: Gliscor|Knock Off|p2a: Dragapult
|-supereffective|p2a: Dragapult
|-damage|p2a: Dragapult|1/100
|
|-heal|p1a: Gliscor|45/100 tox|[from] ability: Poison Heal
|upkeep
|turn|19
|
|t:|1760849452
|move|p1a: Gliscor|Protect|p1a: Gliscor
|-singleturn|p1a: Gliscor|Protect
|move|p2a: Dragapult|Hex|p1a: Gliscor
|-activate|p1a: Gliscor|move: Protect
|
|-heal|p1a: Gliscor|57/100 tox|[from] ability: Poison Heal
|upkeep
|turn|20
|
|t:|1760849459
|move|p2a: Dragapult|Hex|p1a: Gliscor
|-damage|p1a: Gliscor|22/100 tox
|move|p1a: Gliscor|Knock Off|p2a: Dragapult
|-supereffective|p2a: Dragapult
|-damage|p2a: Dragapult|0 fnt
|faint|p2a: Dragapult
|
|-heal|p1a: Gliscor|34/100 tox|[from] ability: Poison Heal
|upkeep
|
|t:|1760849461
|switch|p2a: Eelektross|Eelektross, F|65/100
|-damage|p2a: Eelektross|53/100|[from] Stealth Rock
|turn|21
|
|t:|1760849465
|move|p1a: Gliscor|Knock Off|p2a: Eelektross
|-damage|p2a: Eelektross|36/100
|-enditem|p2a: Eelektross|Leftovers|[from] move: Knock Off|[of] p1a: Gliscor
|move|p2a: Eelektross|Coil|p2a: Eelektross
|-boost|p2a: Eelektross|atk|1
|-boost|p2a: Eelektross|def|1
|-boost|p2a: Eelektross|accuracy|1
|
|-heal|p1a: Gliscor|47/100 tox|[from] ability: Poison Heal
|upkeep
|turn|22
|
|t:|1760849476
|move|p1a: Gliscor|U-turn|p2a: Eelektross
|-damage|p2a: Eelektross|28/100
|
|t:|1760849479
|switch|p1a: Skarmory|Skarmory, F|17/100|[from] U-turn
|move|p2a: Eelektross|Knock Off|p1a: Skarmory
|-damage|p1a: Skarmory|0 fnt
|-damage|p2a: Eelektross|11/100|[from] item: Rocky Helmet|[of] p1a: Skarmory
|-enditem|p1a: Skarmory|Rocky Helmet|[from] move: Knock Off|[of] p2a: Eelektross
|faint|p1a: Skarmory
|
|upkeep
|
|t:|1760849504
|switch|p1a: Iron Valiant|Iron Valiant|100/100
|turn|23
|
|t:|1760849511
|move|p1a: Iron Valiant|Shadow Ball|p2a: Eelektross
|-damage|p2a: Eelektross|0 fnt
|faint|p2a: Eelektross
|
|upkeep
|-message|Monarith forfeited.
|
|win|tasin01
|raw|tasin01's rating: 1122 &rarr; <strong>1152</strong><br />(+30 for winning)
|raw|Monarith's rating: 1193 &rarr; <strong>1163</strong><br />(-30 for losing)
|l|☆Monarith
|player|p2|
|l|☆tasin01
|player|p1|
