|j|☆sminey
|j|☆steveurkle
|t:|1760770260
|gametype|singles
|player|p1|sminey|palmer|1599
|player|p2|steveurkle|2|1667
|gen|9
|tier|[Gen 9] OU
|rated|
|rule|HP Percentage Mod: HP is shown in percentages
|rule|Endless Battle Clause: Forcing endless battles is banned
|rule|Species Clause: Limit one of each Pokémon
|rule|OHKO Clause: OHKO moves are banned
|rule|Evasion Items Clause: Evasion items are banned
|rule|Evasion Moves Clause: Evasion moves are banned
|rule|Evasion Abilities Clause: Evasion abilities are banned
|rule|Sleep Moves Clause: Sleep-inducing moves are banned
|clearpoke
|poke|p1|Cinderace, F|
|poke|p1|Zapdos|
|poke|p1|Latios, M|
|poke|p1|Weavile, F|
|poke|p1|Clefable, M|
|poke|p1|Slowking-Galar, F|
|poke|p2|Excadrill, M|
|poke|p2|Dragapult, F|
|poke|p2|Ogerpon-Wellspring, F|
|poke|p2|Slowking, M|
|poke|p2|Kyurem|
|poke|p2|Weezing-Galar, M|
|teampreview
|inactive|Battle timer is ON: inactive players will automatically lose when time's up. (requested by sminey)
|
|t:|1760770286
|teamsize|p1|6
|teamsize|p2|6
|start
|switch|p1a: Cinderace|Cinderace, F|100/100
|switch|p2a: Slowking|Slowking, M|100/100
|turn|1
|
|t:|1760770292
|move|p1a: Cinderace|U-turn|p2a: Slowking
|-start|p1a: Cinderace|typechange|Bug|[from] ability: Libero
|-supereffective|p2a: Slowking
|-damage|p2a: Slowking|38/100
|
|t:|1760770296
|switch|p1a: Zapdos|Zapdos|100/100|[from] U-turn
|move|p2a: Slowking|Scald|p1a: Zapdos
|-damage|p1a: Zapdos|74/100
|
|upkeep
|turn|2
|
|t:|1760770305
|switch|p2a: Excadrill|Excadrill, M|100/100
|-ability|p2a: Excadrill|Mold Breaker
|move|p1a: Zapdos|Hurricane|p2a: Excadrill|[miss]
|-miss|p1a: Zapdos|p2a: Excadrill
|
|upkeep
|turn|3
|
|t:|1760770315
|move|p2a: Excadrill|Rock Blast|p1a: Zapdos
|-supereffective|p1a: Zapdos
|-damage|p1a: Zapdos|59/100
|-supereffective|p1a: Zapdos
|-damage|p1a: Zapdos|45/100
|-supereffective|p1a: Zapdos
|-damage|p1a: Zapdos|31/100
|-supereffective|p1a: Zapdos
|-damage|p1a: Zapdos|16/100
|-supereffective|p1a: Zapdos
|-damage|p1a: Zapdos|1/100
|-hitcount|p1a: Zapdos|5
|move|p1a: Zapdos|Roost|p1a: Zapdos
|-heal|p1a: Zapdos|51/100
|-singleturn|p1a: Zapdos|move: Roost
|
|upkeep
|turn|4
|
|t:|1760770330
|switch|p1a: Clefable|Clefable, M|100/100
|move|p2a: Excadrill|Rock Blast|p1a: Clefable
|-damage|p1a: Clefable|93/100
|-damage|p1a: Clefable|85/100
|-damage|p1a: Clefable|76/100
|-damage|p1a: Clefable|69/100
|-damage|p1a: Clefable|62/100
|-hitcount|p1a: Clefable|5
|
|upkeep
|turn|5
|j| yarcii
|
|t:|1760770341
|move|p2a: Excadrill|Swords Dance|p2a: Excadrill
|-boost|p2a: Excadrill|atk|2
|move|p1a: Clefable|Knock Off|p2a: Excadrill
|-damage|p2a: Excadrill|77/100
|-enditem|p2a: Excadrill|Loaded Dice|[from] move: Knock Off|[of] p1a: Clefable
|
|upkeep
|turn|6
|
|t:|1760770348
|move|p2a: Excadrill|Rapid Spin|p1a: Clefable
|-damage|p1a: Clefable|32/100
|-boost|p2a: Excadrill|spe|1
|move|p1a: Clefable|Moonlight|p1a: Clefable
|-heal|p1a: Clefable|82/100
|
|upkeep
|turn|7
|
|t:|1760770360
|move|p2a: Excadrill|Rapid Spin|p1a: Clefable
|-damage|p1a: Clefable|52/100
|-boost|p2a: Excadrill|spe|1
|move|p1a: Clefable|Moonblast|p2a: Excadrill
|-resisted|p2a: Excadrill
|-damage|p2a: Excadrill|58/100
|
|upkeep
|turn|8
|
|t:|1760770367
|move|p2a: Excadrill|Earthquake|p1a: Clefable
|-damage|p1a: Clefable|0 fnt
|faint|p1a: Clefable
|
|upkeep
|
|t:|1760770384
|switch|p1a: Weavile|Weavile, F|100/100
|-ability|p1a: Weavile|Pressure
|turn|9
|
|t:|1760770389
|move|p1a: Weavile|Ice Shard|p2a: Excadrill
|-damage|p2a: Excadrill|31/100
|move|p2a: Excadrill|Rock Blast|p1a: Weavile
|-supereffective|p1a: Weavile
|-damage|p1a: Weavile|36/100
|-supereffective|p1a: Weavile
|-damage|p1a: Weavile|0 fnt
|faint|p1a: Weavile
|-hitcount|p1: Weavile|2
|
|upkeep
|
|t:|1760770393
|switch|p1a: Cinderace|Cinderace, F|100/100
|turn|10
|
|t:|1760770401
|move|p1a: Cinderace|Sucker Punch|p2a: Excadrill
|-start|p1a: Cinderace|typechange|Dark|[from] ability: Libero
|-damage|p2a: Excadrill|0 fnt
|faint|p2a: Excadrill
|
|upkeep
|
|t:|1760770411
|switch|p2a: Weezing|Weezing-Galar, M|100/100
|-ability|p2a: Weezing|Neutralizing Gas
|turn|11
|
|t:|1760770417
|switch|p1a: Slowking|Slowking-Galar, F|100/100
|-end|p2a: Weezing|ability: Neutralizing Gas
|switch|p2a: Dragapult|Dragapult, F|100/100
|
|upkeep
|turn|12
|
|t:|1760770426
|-terastallize|p2a: Dragapult|Ghost
|move|p2a: Dragapult|Tera Blast|p1a: Slowking|[anim] Tera Blast Ghost
|-supereffective|p1a: Slowking
|-damage|p1a: Slowking|0 fnt
|faint|p1a: Slowking
|
|upkeep
|
|t:|1760770454
|switch|p1a: Latios|Latios, M|100/100
|turn|13
|
|t:|1760770469
|switch|p2a: Slowking|Slowking, M|71/100
|move|p1a: Latios|Flip Turn|p2a: Slowking
|-resisted|p2a: Slowking
|-damage|p2a: Slowking|65/100
|
|t:|1760770472
|switch|p1a: Cinderace|Cinderace, F|100/100|[from] Flip Turn
|
|upkeep
|turn|14
|
|t:|1760770480
|switch|p2a: Weezing|Weezing-Galar, M|100/100
|-ability|p2a: Weezing|Neutralizing Gas
|move|p1a: Cinderace|U-turn|p2a: Weezing
|-resisted|p2a: Weezing
|-damage|p2a: Weezing|97/100
|-damage|p1a: Cinderace|84/100|[from] item: Rocky Helmet|[of] p2a: Weezing
|
|t:|1760770483
|switch|p1a: Latios|Latios, M|100/100|[from] U-turn
|
|upkeep
|turn|15
|
|t:|1760770492
|move|p1a: Latios|Luster Purge|p2a: Weezing
|-supereffective|p2a: Weezing
|-damage|p2a: Weezing|0 fnt
|faint|p2a: Weezing
|-end|p2a: Weezing|ability: Neutralizing Gas
|
|upkeep
|inactive|steveurkle has 120 seconds left.
|inactive|steveurkle has 90 seconds left.
|
|t:|1760770554
|switch|p2a: Ogerpon|Ogerpon-Wellspring, F|100/100
|turn|16
|
|t:|1760770559
|move|p1a: Latios|Luster Purge|p2a: Ogerpon
|-damage|p2a: Ogerpon|46/100
|-unboost|p2a: Ogerpon|spd|1
|move|p2a: Ogerpon|Trailblaze|p1a: Latios
|-resisted|p1a: Latios
|-damage|p1a: Latios|79/100
|-boost|p2a: Ogerpon|spe|1
|
|upkeep
|turn|17
|
|t:|1760770574
|move|p1a: Latios|Luster Purge|p2a: Ogerpon
|-damage|p2a: Ogerpon|0 fnt
|faint|p2a: Ogerpon
|
|upkeep
|
|t:|1760770582
|switch|p2a: Kyurem|Kyurem|100/100
|-ability|p2a: Kyurem|Pressure
|turn|18
|
|t:|1760770591
|-terastallize|p1a: Latios|Steel
|move|p1a: Latios|Luster Purge|p2a: Kyurem
|-damage|p2a: Kyurem|59/100
|move|p2a: Kyurem|Substitute|p2a: Kyurem
|-start|p2a: Kyurem|Substitute
|-damage|p2a: Kyurem|34/100
|
|-heal|p2a: Kyurem|40/100|[from] item: Leftovers
|upkeep
|turn|19
|
|t:|1760770601
|move|p1a: Latios|Luster Purge|p2a: Kyurem
|-end|p2a: Kyurem|Substitute
|move|p2a: Kyurem|Earth Power|p1a: Latios
|-immune|p1a: Latios|[from] ability: Levitate
|
|-heal|p2a: Kyurem|46/100|[from] item: Leftovers
|upkeep
|turn|20
|
|t:|1760770613
|switch|p2a: Slowking|Slowking, M|99/100
|move|p1a: Latios|Luster Purge|p2a: Slowking
|-resisted|p2a: Slowking
|-damage|p2a: Slowking|82/100
|
|upkeep
|turn|21
|
|t:|1760770621
|switch|p1a: Zapdos|Zapdos|51/100
|move|p2a: Slowking|Scald|p1a: Zapdos
|-damage|p1a: Zapdos|23/100
|
|upkeep
|turn|22
|inactive|steveurkle has 120 seconds left.
|
|t:|1760770629
|move|p1a: Zapdos|Roost|p1a: Zapdos
|-heal|p1a: Zapdos|73/100
|-singleturn|p1a: Zapdos|move: Roost
|move|p2a: Slowking|Scald|p1a: Zapdos
|-damage|p1a: Zapdos|47/100
|
|upkeep
|turn|23
|
|t:|1760770637
|move|p1a: Zapdos|Roost|p1a: Zapdos
|-heal|p1a: Zapdos|97/100
|-singleturn|p1a: Zapdos|move: Roost
|move|p2a: Slowking|Scald|p1a: Zapdos
|-damage|p1a: Zapdos|71/100
|
|upkeep
|turn|24
|l| yarcii
|inactive|steveurkle has 120 seconds left.
|
|t:|1760770658
|move|p1a: Zapdos|Thunder Wave|p2a: Slowking
|-status|p2a: Slowking|par
|-prepare|p2a: Slowking|Chilly Reception|[premajor]
|move|p2a: Slowking|Chilly Reception|p2a: Slowking
|-weather|Snowscape
|
|t:|1760770665
|switch|p2a: Kyurem|Kyurem|46/100|[from] Chilly Reception
|-ability|p2a: Kyurem|Pressure
|
|-weather|Snowscape|[upkeep]
|-heal|p2a: Kyurem|52/100|[from] item: Leftovers
|upkeep
|turn|25
|inactive|steveurkle has 120 seconds left.
|
|t:|1760770673
|move|p2a: Kyurem|Substitute|p2a: Kyurem
|-start|p2a: Kyurem|Substitute
|-damage|p2a: Kyurem|27/100
|move|p1a: Zapdos|Thunder Wave|p2a: Kyurem|[miss]
|-miss|p1a: Zapdos|p2a: Kyurem
|
|-weather|Snowscape|[upkeep]
|-heal|p2a: Kyurem|33/100|[from] item: Leftovers
|upkeep
|turn|26
|inactive|steveurkle has 120 seconds left.
|
|t:|1760770684
|move|p2a: Kyurem|Dragon Dance|p2a: Kyurem
|-boost|p2a: Kyurem|atk|1
|-boost|p2a: Kyurem|spe|1
|move|p1a: Zapdos|Volt Switch|p2a: Kyurem
|-resisted|p2a: Kyurem
|-activate|p2a: Kyurem|move: Substitute|[damage]
|
|t:|1760770691
|switch|p1a: Latios|Latios, M, tera:Steel|79/100|[from] Volt Switch
|
|-weather|Snowscape|[upkeep]
|-heal|p2a: Kyurem|39/100|[from] item: Leftovers
|upkeep
|turn|27
|
|t:|1760770698
|move|p1a: Latios|Draco Meteor|p2a: Kyurem
|-supereffective|p2a: Kyurem
|-end|p2a: Kyurem|Substitute
|-unboost|p1a: Latios|spa|2
|move|p2a: Kyurem|Icicle Spear|p1a: Latios
|-resisted|p1a: Latios
|-damage|p1a: Latios|69/100
|-resisted|p1a: Latios
|-damage|p1a: Latios|58/100
|-hitcount|p1a: Latios|2
|
|-weather|Snowscape|[upkeep]
|-heal|p2a: Kyurem|45/100|[from] item: Leftovers
|upkeep
|turn|28
|
|t:|1760770714
|switch|p2a: Slowking|Slowking, M|100/100 par
|move|p1a: Latios|Draco Meteor|p2a: Slowking
|-damage|p2a: Slowking|81/100 par
|-unboost|p1a: Latios|spa|2
|
|-weather|none
|upkeep
|turn|29
|
|t:|1760770724
|switch|p1a: Zapdos|Zapdos|71/100
|move|p2a: Slowking|Scald|p1a: Zapdos
|-damage|p1a: Zapdos|48/100
|
|upkeep
|turn|30
|
|t:|1760770731
|move|p1a: Zapdos|Volt Switch|p2a: Slowking
|-supereffective|p2a: Slowking
|-damage|p2a: Slowking|45/100 par
|
|t:|1760770734
|switch|p1a: Latios|Latios, M, tera:Steel|58/100|[from] Volt Switch
|cant|p2a: Slowking|par
|
|upkeep
|turn|31
|
|t:|1760770741
|switch|p2a: Kyurem|Kyurem|45/100
|-ability|p2a: Kyurem|Pressure
|move|p1a: Latios|Draco Meteor|p2a: Kyurem
|-supereffective|p2a: Kyurem
|-damage|p2a: Kyurem|0 fnt
|-unboost|p1a: Latios|spa|2
|faint|p2a: Kyurem
|
|upkeep
|
|t:|1760770755
|switch|p2a: Dragapult|Dragapult, F, tera:Ghost|100/100
|turn|32
|
|t:|1760770759
|switch|p1a: Zapdos|Zapdos|48/100
|move|p2a: Dragapult|Tera Blast|p1a: Zapdos|[anim] Tera Blast Ghost
|-damage|p1a: Zapdos|0 fnt
|faint|p1a: Zapdos
|
|upkeep
|
|t:|1760770783
|switch|p1a: Cinderace|Cinderace, F|84/100
|turn|33
|
|t:|1760770786
|switch|p2a: Slowking|Slowking, M|79/100 par
|move|p1a: Cinderace|Sucker Punch||[still]
|-fail|p1a: Cinderace
|
|upkeep
|turn|34
|
|t:|1760770795
|move|p1a: Cinderace|U-turn|p2a: Slowking
|-start|p1a: Cinderace|typechange|Bug|[from] ability: Libero
|-supereffective|p2a: Slowking
|-damage|p2a: Slowking|7/100 par
|
|t:|1760770799
|switch|p1a: Latios|Latios, M, tera:Steel|58/100|[from] U-turn
|cant|p2a: Slowking|par
|
|upkeep
|turn|35
|
|t:|1760770811
|switch|p2a: Dragapult|Dragapult, F, tera:Ghost|100/100
|move|p1a: Latios|Flip Turn|p2a: Dragapult
|-damage|p2a: Dragapult|85/100
|
|t:|1760770812
|switch|p1a: Cinderace|Cinderace, F|84/100|[from] Flip Turn
|
|upkeep
|turn|36
|
|t:|1760770825
|move|p1a: Cinderace|Sucker Punch|p2a: Dragapult
|-start|p1a: Cinderace|typechange|Dark|[from] ability: Libero
|-supereffective|p2a: Dragapult
|-damage|p2a: Dragapult|0 fnt
|faint|p2a: Dragapult
|
|upkeep
|c|☆sminey|gg
|-message|steveurkle forfeited.
|
|win|sminey
|raw|sminey's rating: 1599 &rarr; <strong>1623</strong><br />(+24 for winning)
|raw|steveurkle's rating: 1667 &rarr; <strong>1643</strong><br />(-24 for losing)
|l|☆steveurkle
|player|p2|
|l|☆sminey
|player|p1|
