|j|☆Ghost_DZ
|j|☆powerfull_rock
|t:|1760879440
|gametype|singles
|player|p1|Ghost_DZ|volkner|1666
|player|p2|powerfull_rock|blackbelt|1735
|gen|9
|tier|[Gen 9] OU
|rated|
|rule|HP Percentage Mod: HP is shown in percentages
|rule|Endless Battle Clause: Forcing endless battles is banned
|rule|Species Clause: Limit one of each Pokémon
|rule|OHKO Clause: OHKO moves are banned
|rule|Evasion Items Clause: Evasion items are banned
|rule|Evasion Moves Clause: Evasion moves are banned
|rule|Evasion Abilities Clause: Evasion abilities are banned
|rule|Sleep Moves Clause: Sleep-inducing moves are banned
|clearpoke
|poke|p1|Toxapex, F|
|poke|p1|Gliscor, F|
|poke|p1|Blissey, F|
|poke|p1|Dondozo, F|
|poke|p1|Moltres|
|poke|p1|Cresselia, F|
|poke|p2|Clodsire, M|
|poke|p2|Conkeldurr, F|
|poke|p2|Enamorus, F|
|poke|p2|Ceruledge, F|
|poke|p2|Skarmory, M|
|poke|p2|Sinistcha|
|teampreview
|inactive|Battle timer is ON: inactive players will automatically lose when time's up. (requested by Ghost_DZ)
|
|t:|1760879452
|teamsize|p1|6
|teamsize|p2|6
|start
|switch|p1a: Moltres|Moltres|100/100
|switch|p2a: Wide Shoulder|Conkeldurr, F, shiny|100/100
|turn|1
|
|t:|1760879461
|move|p1a: Moltres|Flamethrower|p2a: Wide Shoulder
|-damage|p2a: Wide Shoulder|58/100
|move|p2a: Wide Shoulder|Knock Off|p1a: Moltres
|-damage|p1a: Moltres|78/100
|-enditem|p1a: Moltres|Heavy-Duty Boots|[from] move: Knock Off|[of] p2a: Wide Shoulder
|
|-status|p2a: Wide Shoulder|brn|[from] item: Flame Orb
|upkeep
|turn|2
|
|t:|1760879468
|switch|p1a: Toxapex|Toxapex, F|100/100
|switch|p2a: Clean Edge|Ceruledge, F|100/100
|
|upkeep
|turn|3
|
|t:|1760879471
|switch|p2a: Fat Body|Clodsire, M, shiny|100/100
|move|p1a: Toxapex|Toxic|p2a: Fat Body
|-immune|p2a: Fat Body
|
|upkeep
|turn|4
|
|t:|1760879476
|move|p1a: Toxapex|Toxic Spikes|p2a: Fat Body
|-sidestart|p2: powerfull_rock|move: Toxic Spikes
|move|p2a: Fat Body|Stealth Rock|p1a: Toxapex
|-sidestart|p1: Ghost_DZ|move: Stealth Rock
|
|upkeep
|turn|5
|
|t:|1760879479
|switch|p1a: Gliscor|Gliscor, F|100/100
|-damage|p1a: Gliscor|88/100|[from] Stealth Rock
|switch|p2a: Love Snake|Enamorus, F|100/100
|
|-status|p1a: Gliscor|tox|[from] item: Toxic Orb
|upkeep
|turn|6
|
|t:|1760879483
|move|p1a: Gliscor|Protect|p1a: Gliscor
|-singleturn|p1a: Gliscor|Protect
|move|p2a: Love Snake|Substitute|p2a: Love Snake
|-start|p2a: Love Snake|Substitute
|-damage|p2a: Love Snake|76/100
|
|-heal|p2a: Love Snake|82/100|[from] item: Leftovers
|-heal|p1a: Gliscor|100/100 tox|[from] ability: Poison Heal
|upkeep
|turn|7
|
|t:|1760879489
|switch|p1a: Toxapex|Toxapex, F|100/100
|move|p2a: Love Snake|Moonblast|p1a: Toxapex
|-resisted|p1a: Toxapex
|-damage|p1a: Toxapex|79/100
|
|-heal|p2a: Love Snake|88/100|[from] item: Leftovers
|upkeep
|turn|8
|
|t:|1760879492
|move|p2a: Love Snake|Earth Power|p1a: Toxapex
|-supereffective|p1a: Toxapex
|-damage|p1a: Toxapex|30/100
|move|p1a: Toxapex|Poison Jab|p2a: Love Snake
|-supereffective|p2a: Love Snake
|-end|p2a: Love Snake|Substitute
|
|-heal|p2a: Love Snake|94/100|[from] item: Leftovers
|upkeep
|turn|9
|
|t:|1760879498
|switch|p1a: Blissey|Blissey, F|100/100
|move|p2a: Love Snake|Substitute|p2a: Love Snake
|-start|p2a: Love Snake|Substitute
|-damage|p2a: Love Snake|69/100
|
|-heal|p2a: Love Snake|76/100|[from] item: Leftovers
|upkeep
|turn|10
|
|t:|1760879500
|move|p2a: Love Snake|Moonblast|p1a: Blissey
|-damage|p1a: Blissey|86/100
|move|p1a: Blissey|Seismic Toss|p2a: Love Snake
|-end|p2a: Love Snake|Substitute
|
|-heal|p2a: Love Snake|82/100|[from] item: Leftovers
|upkeep
|turn|11
|
|t:|1760879504
|move|p2a: Love Snake|Superpower|p1a: Blissey
|-supereffective|p1a: Blissey
|-damage|p1a: Blissey|0 fnt
|-boost|p2a: Love Snake|atk|1
|-boost|p2a: Love Snake|def|1
|faint|p1a: Blissey
|
|-heal|p2a: Love Snake|88/100|[from] item: Leftovers
|upkeep
|
|t:|1760879514
|switch|p1a: Toxapex|Toxapex, F|63/100
|turn|12
|
|t:|1760879522
|switch|p2a: Fat Body|Clodsire, M, shiny|100/100
|-sideend|p2: powerfull_rock|move: Toxic Spikes|[of] p2a: Fat Body
|move|p1a: Toxapex|Poison Jab|p2a: Fat Body
|-resisted|p2a: Fat Body
|-damage|p2a: Fat Body|97/100
|
|-heal|p2a: Fat Body|100/100|[from] item: Leftovers
|upkeep
|turn|13
|
|t:|1760879532
|switch|p1a: Moltres|Moltres|78/100
|-damage|p1a: Moltres|28/100|[from] Stealth Rock
|switch|p2a: Love Snake|Enamorus, F|88/100
|
|-heal|p2a: Love Snake|94/100|[from] item: Leftovers
|upkeep
|turn|14
|
|t:|1760879536
|move|p2a: Love Snake|Moonblast|p1a: Moltres
|-resisted|p1a: Moltres
|-damage|p1a: Moltres|0 fnt
|faint|p1a: Moltres
|
|-heal|p2a: Love Snake|100/100|[from] item: Leftovers
|upkeep
|-message|Ghost_DZ forfeited.
|
|win|powerfull_rock
|raw|Ghost_DZ's rating: 1666 &rarr; <strong>1650</strong><br />(-16 for losing)
|raw|powerfull_rock's rating: 1735 &rarr; <strong>1751</strong><br />(+16 for winning)
|l|☆Ghost_DZ
|player|p1|
|l|☆powerfull_rock
|player|p2|
