|j|☆SCP 3001
|j|☆Spud Webbs
|t:|1760804447
|gametype|singles
|player|p1|SCP 3001|ruinmaniac|1761
|player|p2|Spud Webbs|2|1732
|gen|9
|tier|[Gen 9] OU
|rated|
|rule|HP Percentage Mod: HP is shown in percentages
|rule|Endless Battle Clause: Forcing endless battles is banned
|rule|Species Clause: Limit one of each Pokémon
|rule|OHKO Clause: OHKO moves are banned
|rule|Evasion Items Clause: Evasion items are banned
|rule|Evasion Moves Clause: Evasion moves are banned
|rule|Evasion Abilities Clause: Evasion abilities are banned
|rule|Sleep Moves Clause: Sleep-inducing moves are banned
|clearpoke
|poke|p1|Gholdengo|
|poke|p1|Glimmora, M|
|poke|p1|Great Tusk|
|poke|p1|Kyurem|
|poke|p1|Ogerpon-Wellspring, F|
|poke|p1|Zamazenta-*|
|poke|p2|Ceruledge, F|
|poke|p2|Ninetales, F|
|poke|p2|Enamorus, F|
|poke|p2|Raging Bolt|
|poke|p2|Great Tusk|
|poke|p2|Leavanny, M|
|teampreview
|j| corynet
|
|t:|1760804497
|teamsize|p1|6
|teamsize|p2|6
|start
|switch|p1a: Glimmora|Glimmora, M|100/100
|switch|p2a: aint no chump|Great Tusk|100/100
|turn|1
|j| yarcii
|
|t:|1760804535
|switch|p1a: Kyurem|Kyurem|100/100
|-ability|p1a: Kyurem|Pressure
|move|p2a: aint no chump|Close Combat|p1a: Kyurem
|-supereffective|p1a: Kyurem
|-damage|p1a: Kyurem|0 fnt
|-unboost|p2a: aint no chump|def|1
|-unboost|p2a: aint no chump|spd|1
|faint|p1a: Kyurem
|-damage|p2a: aint no chump|91/100|[from] item: Life Orb
|
|upkeep
|
|t:|1760804545
|switch|p1a: Ogerpon|Ogerpon-Wellspring, F|100/100
|turn|2
|
|t:|1760804550
|-end|p2a: aint no chump|Protosynthesis|[silent]
|switch|p2a: fine tales|Ninetales, F|100/100
|-weather|SunnyDay|[from] ability: Drought|[of] p2a: fine tales
|move|p1a: Ogerpon|Swords Dance|p1a: Ogerpon
|-boost|p1a: Ogerpon|atk|2
|
|-weather|SunnyDay|[upkeep]
|upkeep
|turn|3
|
|t:|1760804555
|switch|p2a: LEAVanny! Get it?|Leavanny, M|100/100
|move|p1a: Ogerpon|Ivy Cudgel|p2a: LEAVanny! Get it?|[anim] Ivy Cudgel Water
|-resisted|p2a: LEAVanny! Get it?
|-damage|p2a: LEAVanny! Get it?|58/100
|
|-weather|SunnyDay|[upkeep]
|upkeep
|turn|4
|
|t:|1760804566
|switch|p1a: Gholdengo|Gholdengo|100/100
|-item|p1a: Gholdengo|Air Balloon
|move|p2a: LEAVanny! Get it?|Lunge|p1a: Gholdengo
|-resisted|p1a: Gholdengo
|-damage|p1a: Gholdengo|93/100
|-unboost|p1a: Gholdengo|atk|1
|-enditem|p1a: Gholdengo|Air Balloon
|
|-weather|SunnyDay|[upkeep]
|upkeep
|turn|5
|
|t:|1760804573
|move|p2a: LEAVanny! Get it?|Sticky Web|p1a: Gholdengo
|-sidestart|p1: SCP 3001|move: Sticky Web
|move|p1a: Gholdengo|Make It Rain|p2a: LEAVanny! Get it?
|-damage|p2a: LEAVanny! Get it?|0 fnt
|-unboost|p1a: Gholdengo|spa|1
|faint|p2a: LEAVanny! Get it?
|
|-weather|SunnyDay|[upkeep]
|upkeep
|
|t:|1760804580
|switch|p2a: I got you fam|Raging Bolt|100/100
|-activate|p2a: I got you fam|ability: Protosynthesis
|-start|p2a: I got you fam|protosynthesisspa
|turn|6
|
|t:|1760804591
|move|p2a: I got you fam|Weather Ball|p1a: Gholdengo
|-supereffective|p1a: Gholdengo
|-damage|p1a: Gholdengo|0 fnt
|faint|p1a: Gholdengo
|-damage|p2a: I got you fam|91/100|[from] item: Life Orb
|
|-weather|SunnyDay|[upkeep]
|upkeep
|
|t:|1760804596
|switch|p1a: Great Tusk|Great Tusk|100/100
|-activate|p1a: Great Tusk|ability: Protosynthesis
|-start|p1a: Great Tusk|protosynthesisatk
|turn|7
|
|t:|1760804601
|-terastallize|p2a: I got you fam|Ghost
|move|p1a: Great Tusk|Ice Spinner|p2a: I got you fam
|-damage|p2a: I got you fam|55/100
|move|p2a: I got you fam|Weather Ball|p1a: Great Tusk
|-damage|p1a: Great Tusk|0 fnt
|faint|p1a: Great Tusk
|-end|p1a: Great Tusk|Protosynthesis|[silent]
|-damage|p2a: I got you fam|45/100|[from] item: Life Orb
|
|-weather|SunnyDay|[upkeep]
|upkeep
|-message|SCP 3001 forfeited.
|
|win|Spud Webbs
|raw|SCP 3001's rating: 1761 &rarr; <strong>1739</strong><br />(-22 for losing)
|raw|Spud Webbs's rating: 1732 &rarr; <strong>1754</strong><br />(+22 for winning)
|l|☆SCP 3001
|player|p1|
|l|☆Spud Webbs
|player|p2|
