|j|☆RATTATAATA MASTER
|j|☆jmheaven
|t:|1760761863
|gametype|singles
|player|p1|RATTATAATA MASTER|lance|1124
|player|p2|jmheaven|red|1107
|gen|9
|tier|[Gen 9] OU
|rated|
|rule|HP Percentage Mod: HP is shown in percentages
|rule|Endless Battle Clause: Forcing endless battles is banned
|rule|Species Clause: Limit one of each Pokémon
|rule|OHKO Clause: OHKO moves are banned
|rule|Evasion Items Clause: Evasion items are banned
|rule|Evasion Moves Clause: Evasion moves are banned
|rule|Evasion Abilities Clause: Evasion abilities are banned
|rule|Sleep Moves Clause: Sleep-inducing moves are banned
|clearpoke
|poke|p1|Suicune|
|poke|p1|Dragonite, F|
|poke|p1|Cinderace, F|
|poke|p1|Blaziken, M|
|poke|p1|Zamazenta-*|
|poke|p1|Latias, F|
|poke|p2|Tornadus-Therian, M|
|poke|p2|Slowking-Galar, M|
|poke|p2|Hydrapple, F|
|poke|p2|Toxapex, M|
|poke|p2|Mienshao, M|
|poke|p2|Cyclizar, M|
|teampreview
|inactive|Battle timer is ON: inactive players will automatically lose when time's up. (requested by RATTATAATA MASTER)
|
|t:|1760761879
|teamsize|p1|6
|teamsize|p2|6
|start
|switch|p1a: Suicune|Suicune, shiny|100/100
|switch|p2a: Mienshao|Mienshao, M|100/100
|-ability|p1a: Suicune|Pressure
|turn|1
|
|t:|1760761884
|move|p2a: Mienshao|U-turn|p1a: Suicune
|-damage|p1a: Suicune|86/100
|
|t:|1760761886
|switch|p2a: Slowking|Slowking-Galar, M|100/100|[from] U-turn
|move|p1a: Suicune|Calm Mind|p1a: Suicune
|-boost|p1a: Suicune|spa|1
|-boost|p1a: Suicune|spd|1
|
|-heal|p1a: Suicune|92/100|[from] item: Leftovers
|upkeep
|turn|2
|
|t:|1760761891
|move|p1a: Suicune|Calm Mind|p1a: Suicune
|-boost|p1a: Suicune|spa|1
|-boost|p1a: Suicune|spd|1
|move|p2a: Slowking|Sludge Bomb|p1a: Suicune
|-damage|p1a: Suicune|78/100
|-status|p1a: Suicune|psn
|
|-heal|p1a: Suicune|84/100 psn|[from] item: Leftovers
|-damage|p1a: Suicune|72/100 psn|[from] psn
|upkeep
|turn|3
|
|t:|1760761895
|switch|p2a: Toxapex|Toxapex, M|100/100
|move|p1a: Suicune|Calm Mind|p1a: Suicune
|-boost|p1a: Suicune|spa|1
|-boost|p1a: Suicune|spd|1
|
|-heal|p1a: Suicune|78/100 psn|[from] item: Leftovers
|-damage|p1a: Suicune|66/100 psn|[from] psn
|upkeep
|turn|4
|
|t:|1760761898
|move|p1a: Suicune|Scald|p2a: Toxapex
|-resisted|p2a: Toxapex
|-damage|p2a: Toxapex|75/100
|move|p2a: Toxapex|Haze|p2a: Toxapex
|-clearallboost
|
|-heal|p1a: Suicune|72/100 psn|[from] item: Leftovers
|-damage|p1a: Suicune|59/100 psn|[from] psn
|upkeep
|turn|5
|
|t:|1760761902
|switch|p2a: Slowking|Slowking-Galar, M|100/100
|move|p1a: Suicune|Rest|p1a: Suicune
|-status|p1a: Suicune|slp|[from] move: Rest
|-heal|p1a: Suicune|100/100 slp|[silent]
|
|upkeep
|turn|6
|
|t:|1760761909
|cant|p1a: Suicune|slp
|move|p1a: Suicune|Sleep Talk|p1a: Suicune
|move|p1a: Suicune|Scald|p2a: Slowking|[from] move: Sleep Talk
|-damage|p2a: Slowking|89/100
|move|p2a: Slowking|Future Sight|p1a: Suicune
|-start|p2a: Slowking|move: Future Sight
|
|upkeep
|turn|7
|
|t:|1760761914
|switch|p2a: Cyclizar|Cyclizar, M|100/100
|cant|p1a: Suicune|slp
|move|p1a: Suicune|Sleep Talk|p1a: Suicune
|move|p1a: Suicune|Rest||[from] move: Sleep Talk|[still]
|-fail|p1a: Suicune
|
|upkeep
|turn|8
|
|t:|1760761919
|move|p2a: Cyclizar|Taunt|p1a: Suicune
|-start|p1a: Suicune|move: Taunt
|-curestatus|p1a: Suicune|slp|[msg]
|move|p1a: Suicune|Scald|p2a: Cyclizar
|-resisted|p2a: Cyclizar
|-damage|p2a: Cyclizar|82/100
|
|-end|p1a: Suicune|move: Future Sight
|-damage|p1a: Suicune|61/100
|-heal|p1a: Suicune|67/100|[from] item: Leftovers
|upkeep
|turn|9
|
|t:|1760761925
|move|p2a: Cyclizar|Draco Meteor|p1a: Suicune
|-damage|p1a: Suicune|39/100
|-unboost|p2a: Cyclizar|spa|2
|move|p1a: Suicune|Scald|p2a: Cyclizar
|-resisted|p2a: Cyclizar
|-damage|p2a: Cyclizar|61/100
|-status|p2a: Cyclizar|brn
|
|-heal|p1a: Suicune|45/100|[from] item: Leftovers
|-damage|p2a: Cyclizar|55/100 brn|[from] brn
|upkeep
|turn|10
|
|t:|1760761932
|move|p2a: Cyclizar|U-turn|p1a: Suicune
|-damage|p1a: Suicune|40/100
|
|t:|1760761939
|switch|p2a: Toxapex|Toxapex, M|100/100|[from] U-turn
|move|p1a: Suicune|Scald|p2a: Toxapex
|-resisted|p2a: Toxapex
|-damage|p2a: Toxapex|91/100
|
|-heal|p1a: Suicune|46/100|[from] item: Leftovers
|-end|p1a: Suicune|move: Taunt
|upkeep
|turn|11
|
|t:|1760761946
|move|p1a: Suicune|Rest|p1a: Suicune
|-status|p1a: Suicune|slp|[from] move: Rest
|-heal|p1a: Suicune|100/100 slp|[silent]
|move|p2a: Toxapex|Toxic||[still]
|-fail|p2a: Toxapex
|
|upkeep
|turn|12
|
|t:|1760761951
|switch|p2a: Hydrapple|Hydrapple, F|100/100
|cant|p1a: Suicune|slp
|move|p1a: Suicune|Sleep Talk|p1a: Suicune
|move|p1a: Suicune|Calm Mind|p1a: Suicune|[from] move: Sleep Talk
|-boost|p1a: Suicune|spa|1
|-boost|p1a: Suicune|spd|1
|
|upkeep
|turn|13
|
|t:|1760761960
|switch|p1a: Cinderace|Cinderace, F|100/100
|move|p2a: Hydrapple|Nasty Plot|p2a: Hydrapple
|-boost|p2a: Hydrapple|spa|2
|
|upkeep
|turn|14
|
|t:|1760761967
|move|p1a: Cinderace|U-turn|p2a: Hydrapple
|-start|p1a: Cinderace|typechange|Bug|[from] ability: Libero
|-supereffective|p2a: Hydrapple
|-damage|p2a: Hydrapple|36/100
|
|t:|1760761976
|switch|p1a: Blaziken|Blaziken, M, shiny|100/100|[from] U-turn
|move|p2a: Hydrapple|Fickle Beam|p1a: Blaziken
|-enditem|p1a: Blaziken|Focus Sash
|-damage|p1a: Blaziken|1/100
|
|upkeep
|turn|15
|
|t:|1760761984
|switch|p2a: Toxapex|Toxapex, M|100/100
|move|p1a: Blaziken|Knock Off|p2a: Toxapex
|-damage|p2a: Toxapex|81/100
|-damage|p1a: Blaziken|0 fnt|[from] item: Rocky Helmet|[of] p2a: Toxapex
|faint|p1a: Blaziken
|
|upkeep
|
|t:|1760761996
|switch|p1a: Latias|Latias, F|100/100
|turn|16
|
|t:|1760762006
|-terastallize|p1a: Latias|Steel
|move|p1a: Latias|Calm Mind|p1a: Latias
|-boost|p1a: Latias|spa|1
|-boost|p1a: Latias|spd|1
|move|p2a: Toxapex|Toxic|p1a: Latias
|-immune|p1a: Latias
|
|upkeep
|turn|17
|
|t:|1760762016
|move|p1a: Latias|Stored Power|p2a: Toxapex
|-supereffective|p2a: Toxapex
|-damage|p2a: Toxapex|7/100
|move|p2a: Toxapex|Haze|p2a: Toxapex
|-clearallboost
|
|upkeep
|turn|18
|
|t:|1760762019
|switch|p2a: Slowking|Slowking-Galar, M|100/100
|move|p1a: Latias|Calm Mind|p1a: Latias
|-boost|p1a: Latias|spa|1
|-boost|p1a: Latias|spd|1
|
|upkeep
|turn|19
|j| w0rldvanquisher
|l| w0rldvanquisher
|
|t:|1760762027
|move|p1a: Latias|Agility|p1a: Latias
|-boost|p1a: Latias|spe|2
|move|p2a: Slowking|Fire Blast|p1a: Latias
|-supereffective|p1a: Latias
|-damage|p1a: Latias|62/100
|-enditem|p1a: Latias|Weakness Policy
|-boost|p1a: Latias|atk|2|[from] item: Weakness Policy
|-boost|p1a: Latias|spa|2|[from] item: Weakness Policy
|
|upkeep
|turn|20
|
|t:|1760762037
|move|p1a: Latias|Stored Power|p2a: Slowking
|-damage|p2a: Slowking|7/100
|move|p2a: Slowking|Fire Blast|p1a: Latias
|-supereffective|p1a: Latias
|-damage|p1a: Latias|28/100
|
|upkeep
|turn|21
|
|t:|1760762042
|move|p1a: Latias|Stored Power|p2a: Slowking
|-damage|p2a: Slowking|0 fnt
|faint|p2a: Slowking
|
|upkeep
|
|t:|1760762046
|switch|p2a: Mienshao|Mienshao, M|100/100
|turn|22
|
|t:|1760762049
|-terastallize|p2a: Mienshao|Dark
|move|p1a: Latias|Stored Power|p2a: Mienshao
|-immune|p2a: Mienshao
|move|p2a: Mienshao|Close Combat|p1a: Latias
|-supereffective|p1a: Latias
|-damage|p1a: Latias|0 fnt
|-unboost|p2a: Mienshao|def|1
|-unboost|p2a: Mienshao|spd|1
|faint|p1a: Latias
|
|upkeep
|
|t:|1760762074
|switch|p1a: Dragonite|Dragonite, F|100/100
|turn|23
|
|t:|1760762077
|switch|p2a: Cyclizar|Cyclizar, M|88/100 brn
|move|p1a: Dragonite|Dragon Dance|p1a: Dragonite
|-boost|p1a: Dragonite|atk|1
|-boost|p1a: Dragonite|spe|1
|
|-damage|p2a: Cyclizar|82/100 brn|[from] brn
|upkeep
|turn|24
|
|t:|1760762083
|move|p1a: Dragonite|Dragon Claw|p2a: Cyclizar
|-supereffective|p2a: Cyclizar
|-damage|p2a: Cyclizar|0 fnt
|faint|p2a: Cyclizar
|
|upkeep
|
|t:|1760762087
|switch|p2a: Mienshao|Mienshao, M, tera:Dark|100/100
|turn|25
|
|t:|1760762095
|move|p2a: Mienshao|Triple Axel|p1a: Dragonite
|-supereffective|p1a: Dragonite
|-damage|p1a: Dragonite|83/100
|-enditem|p1a: Dragonite|Weakness Policy
|-boost|p1a: Dragonite|atk|2|[from] item: Weakness Policy
|-boost|p1a: Dragonite|spa|2|[from] item: Weakness Policy
|-hitcount|p1a: Dragonite|1
|move|p1a: Dragonite|Dragon Claw|p2a: Mienshao
|-damage|p2a: Mienshao|0 fnt
|faint|p2a: Mienshao
|
|upkeep
|
|t:|1760762106
|switch|p2a: Toxapex|Toxapex, M|40/100
|turn|26
|
|t:|1760762110
|move|p2a: Toxapex|Baneful Bunker|p2a: Toxapex
|-singleturn|p2a: Toxapex|move: Protect
|move|p1a: Dragonite|Earthquake|p2a: Toxapex
|-activate|p2a: Toxapex|move: Protect
|
|upkeep
|turn|27
|
|t:|1760762114
|move|p1a: Dragonite|Earthquake|p2a: Toxapex
|-supereffective|p2a: Toxapex
|-damage|p2a: Toxapex|0 fnt
|faint|p2a: Toxapex
|
|upkeep
|-message|jmheaven forfeited.
|
|win|RATTATAATA MASTER
|raw|RATTATAATA MASTER's rating: 1124 &rarr; <strong>1148</strong><br />(+24 for winning)
|raw|jmheaven's rating: 1107 &rarr; <strong>1083</strong><br />(-24 for losing)
|l|☆jmheaven
|player|p2|
|l|☆RATTATAATA MASTER
|player|p1|
