|j|‽feetseekingmissile
|j|☆madleying
|t:|1760814688
|gametype|singles
|player|p1|feetseekingmissile|miku-water|1645
|player|p2|madleying|jasmine|1575
|gen|9
|tier|[Gen 9] OU
|rated|
|rule|HP Percentage Mod: HP is shown in percentages
|rule|Endless Battle Clause: Forcing endless battles is banned
|rule|Species Clause: Limit one of each Pokémon
|rule|OHKO Clause: OHKO moves are banned
|rule|Evasion Items Clause: Evasion items are banned
|rule|Evasion Moves Clause: Evasion moves are banned
|rule|Evasion Abilities Clause: Evasion abilities are banned
|rule|Sleep Moves Clause: Sleep-inducing moves are banned
|clearpoke
|poke|p1|Blissey, F|
|poke|p1|Amoonguss, M|
|poke|p1|Bronzong|
|poke|p1|Gliscor, F|
|poke|p1|Dondozo, F|
|poke|p1|Alomomola, M|
|poke|p2|Garchomp, M|
|poke|p2|Samurott-Hisui, M|
|poke|p2|Gholdengo|
|poke|p2|Darkrai|
|poke|p2|Ogerpon-Wellspring, F|
|poke|p2|Dragonite, M|
|teampreview
|inactive|Battle timer is ON: inactive players will automatically lose when time's up. (requested by feetseekingmissile)
|
|t:|1760814713
|teamsize|p1|6
|teamsize|p2|6
|start
|switch|p1a: Alomomola|Alomomola, M|100/100
|switch|p2a: Samurott|Samurott-Hisui, M|100/100
|turn|1
|
|t:|1760814720
|move|p2a: Samurott|Knock Off|p1a: Alomomola
|-damage|p1a: Alomomola|75/100
|-enditem|p1a: Alomomola|Heavy-Duty Boots|[from] move: Knock Off|[of] p2a: Samurott
|move|p1a: Alomomola|Scald|p2a: Samurott
|-resisted|p2a: Samurott
|-damage|p2a: Samurott|90/100
|
|upkeep
|turn|2
|
|t:|1760814725
|switch|p2a: Ogerpon|Ogerpon-Wellspring, F|100/100
|move|p1a: Alomomola|Scald|p2a: Ogerpon
|-immune|p2a: Ogerpon|[from] ability: Water Absorb
|
|upkeep
|turn|3
|
|t:|1760814731
|switch|p1a: Amoonguss|Amoonguss, M|100/100
|move|p2a: Ogerpon|Trailblaze|p1a: Amoonguss
|-resisted|p1a: Amoonguss
|-damage|p1a: Amoonguss|95/100
|-boost|p2a: Ogerpon|spe|1
|
|upkeep
|turn|4
|
|t:|1760814735
|switch|p2a: Gholdengo|Gholdengo|100/100
|-item|p2a: Gholdengo|Air Balloon
|move|p1a: Amoonguss|Foul Play|p2a: Gholdengo
|-supereffective|p2a: Gholdengo
|-damage|p2a: Gholdengo|81/100
|-enditem|p2a: Gholdengo|Air Balloon
|
|upkeep
|turn|5
|
|t:|1760814740
|switch|p1a: Blissey|Blissey, F|100/100
|move|p2a: Gholdengo|Shadow Ball|p1a: Blissey
|-immune|p1a: Blissey
|
|upkeep
|turn|6
|
|t:|1760814752
|switch|p2a: Garchomp|Garchomp, M|100/100
|move|p1a: Blissey|Flamethrower|p2a: Garchomp
|-resisted|p2a: Garchomp
|-damage|p2a: Garchomp|93/100
|
|upkeep
|turn|7
|
|t:|1760814755
|switch|p1a: Alomomola|Alomomola, M|100/100
|move|p2a: Garchomp|Stealth Rock|p1a: Alomomola
|-sidestart|p1: feetseekingmissile|move: Stealth Rock
|
|upkeep
|turn|8
|
|t:|1760814759
|switch|p2a: Gholdengo|Gholdengo|81/100
|move|p1a: Alomomola|Scald|p2a: Gholdengo
|-damage|p2a: Gholdengo|67/100
|
|upkeep
|turn|9
|
|t:|1760814764
|move|p2a: Gholdengo|Make It Rain|p1a: Alomomola
|-resisted|p1a: Alomomola
|-damage|p1a: Alomomola|71/100
|-unboost|p2a: Gholdengo|spa|1
|move|p1a: Alomomola|Scald|p2a: Gholdengo
|-damage|p2a: Gholdengo|54/100
|
|upkeep
|turn|10
|
|t:|1760814768
|switch|p1a: Amoonguss|Amoonguss, M|100/100
|move|p2a: Gholdengo|Recover|p2a: Gholdengo
|-heal|p2a: Gholdengo|100/100
|
|upkeep
|turn|11
|
|t:|1760814772
|move|p2a: Gholdengo|Nasty Plot|p2a: Gholdengo
|-boost|p2a: Gholdengo|spa|2
|move|p1a: Amoonguss|Foul Play|p2a: Gholdengo
|-supereffective|p2a: Gholdengo
|-damage|p2a: Gholdengo|79/100
|
|upkeep
|turn|12
|
|t:|1760814776
|switch|p1a: Blissey|Blissey, F|100/100
|move|p2a: Gholdengo|Nasty Plot|p2a: Gholdengo
|-boost|p2a: Gholdengo|spa|2
|
|upkeep
|turn|13
|
|t:|1760814778
|move|p2a: Gholdengo|Make It Rain|p1a: Blissey
|-damage|p1a: Blissey|51/100
|-unboost|p2a: Gholdengo|spa|1
|move|p1a: Blissey|Calm Mind|p1a: Blissey
|-boost|p1a: Blissey|spa|1
|-boost|p1a: Blissey|spd|1
|
|upkeep
|turn|14
|
|t:|1760814783
|switch|p2a: Garchomp|Garchomp, M|93/100
|move|p1a: Blissey|Soft-Boiled|p1a: Blissey
|-heal|p1a: Blissey|100/100
|
|upkeep
|turn|15
|
|t:|1760814786
|switch|p1a: Alomomola|Alomomola, M|100/100
|-damage|p1a: Alomomola|88/100|[from] Stealth Rock
|move|p2a: Garchomp|Earthquake|p1a: Alomomola
|-damage|p1a: Alomomola|63/100
|
|upkeep
|turn|16
|
|t:|1760814789
|move|p2a: Garchomp|Spikes|p1a: Alomomola
|-sidestart|p1: feetseekingmissile|Spikes
|move|p1a: Alomomola|Wish|p1a: Alomomola
|
|upkeep
|turn|17
|
|t:|1760814794
|switch|p2a: Gholdengo|Gholdengo|79/100
|move|p1a: Alomomola|Scald|p2a: Gholdengo
|-damage|p2a: Gholdengo|66/100
|
|-heal|p1a: Alomomola|100/100|[from] move: Wish|[wisher] Alomomola
|upkeep
|turn|18
|
|t:|1760814797
|move|p2a: Gholdengo|Nasty Plot|p2a: Gholdengo
|-boost|p2a: Gholdengo|spa|2
|move|p1a: Alomomola|Scald|p2a: Gholdengo
|-damage|p2a: Gholdengo|52/100
|-status|p2a: Gholdengo|brn
|
|-damage|p2a: Gholdengo|46/100 brn|[from] brn
|upkeep
|turn|19
|
|t:|1760814802
|switch|p1a: Blissey|Blissey, F|100/100
|move|p2a: Gholdengo|Make It Rain|p1a: Blissey
|-crit|p1a: Blissey
|-damage|p1a: Blissey|34/100
|-unboost|p2a: Gholdengo|spa|1
|
|-damage|p2a: Gholdengo|40/100 brn|[from] brn
|upkeep
|turn|20
|
|t:|1760814808
|move|p2a: Gholdengo|Make It Rain|p1a: Blissey
|-damage|p1a: Blissey|2/100
|-unboost|p2a: Gholdengo|spa|1
|move|p1a: Blissey|Soft-Boiled|p1a: Blissey
|-heal|p1a: Blissey|52/100
|
|-damage|p2a: Gholdengo|33/100 brn|[from] brn
|upkeep
|turn|21
|
|t:|1760814811
|move|p2a: Gholdengo|Recover|p2a: Gholdengo
|-heal|p2a: Gholdengo|83/100 brn
|move|p1a: Blissey|Soft-Boiled|p1a: Blissey
|-heal|p1a: Blissey|100/100
|
|-damage|p2a: Gholdengo|77/100 brn|[from] brn
|upkeep
|turn|22
|
|t:|1760814813
|switch|p2a: Garchomp|Garchomp, M|93/100
|move|p1a: Blissey|Flamethrower|p2a: Garchomp
|-resisted|p2a: Garchomp
|-damage|p2a: Garchomp|86/100
|
|upkeep
|turn|23
|
|t:|1760814817
|switch|p1a: Amoonguss|Amoonguss, M|100/100
|move|p2a: Garchomp|Dragon Tail|p1a: Amoonguss
|-damage|p1a: Amoonguss|82/100
|drag|p1a: Gliscor|Gliscor, F|100/100
|-damage|p1a: Gliscor|88/100|[from] Stealth Rock
|
|-status|p1a: Gliscor|tox|[from] item: Toxic Orb
|upkeep
|turn|24
|
|t:|1760814824
|move|p1a: Gliscor|Spikes|p2a: Garchomp
|-sidestart|p2: madleying|Spikes
|move|p2a: Garchomp|Dragon Tail|p1a: Gliscor
|-damage|p1a: Gliscor|68/100 tox
|drag|p1a: Amoonguss|Amoonguss, M|100/100
|
|upkeep
|turn|25
|
|t:|1760814828
|move|p2a: Garchomp|Earthquake|p1a: Amoonguss
|-damage|p1a: Amoonguss|68/100
|move|p1a: Amoonguss|Toxic|p2a: Garchomp
|-status|p2a: Garchomp|tox
|
|-damage|p2a: Garchomp|79/100 tox|[from] psn
|upkeep
|turn|26
|
|t:|1760814833
|switch|p2a: Gholdengo|Gholdengo|77/100 brn
|-damage|p2a: Gholdengo|65/100 brn|[from] Spikes
|move|p1a: Amoonguss|Clear Smog|p2a: Gholdengo
|-immune|p2a: Gholdengo
|
|-damage|p2a: Gholdengo|59/100 brn|[from] brn
|upkeep
|turn|27
|
|t:|1760814838
|switch|p2a: Darkrai|Darkrai|100/100
|-damage|p2a: Darkrai|88/100|[from] Spikes
|switch|p1a: Blissey|Blissey, F|100/100
|
|upkeep
|turn|28
|
|t:|1760814842
|move|p2a: Darkrai|Knock Off|p1a: Blissey
|-damage|p1a: Blissey|60/100
|-enditem|p1a: Blissey|Heavy-Duty Boots|[from] move: Knock Off|[of] p2a: Darkrai
|move|p1a: Blissey|Calm Mind|p1a: Blissey
|-boost|p1a: Blissey|spa|1
|-boost|p1a: Blissey|spd|1
|
|upkeep
|turn|29
|
|t:|1760814847
|move|p2a: Darkrai|Knock Off|p1a: Blissey
|-damage|p1a: Blissey|33/100
|move|p1a: Blissey|Soft-Boiled|p1a: Blissey
|-heal|p1a: Blissey|83/100
|
|upkeep
|turn|30
|
|t:|1760814852
|switch|p2a: Samurott|Samurott-Hisui, M|90/100
|-damage|p2a: Samurott|78/100|[from] Spikes
|move|p1a: Blissey|Flamethrower|p2a: Samurott
|-resisted|p2a: Samurott
|-damage|p2a: Samurott|60/100
|
|upkeep
|turn|31
|
|t:|1760814859
|switch|p1a: Alomomola|Alomomola, M|100/100
|-damage|p1a: Alomomola|88/100|[from] Stealth Rock
|-damage|p1a: Alomomola|76/100|[from] Spikes
|move|p2a: Samurott|Knock Off|p1a: Alomomola
|-damage|p1a: Alomomola|56/100
|
|upkeep
|turn|32
|
|t:|1760814865
|switch|p2a: Ogerpon|Ogerpon-Wellspring, F|100/100
|-damage|p2a: Ogerpon|88/100|[from] Spikes
|move|p1a: Alomomola|Wish|p1a: Alomomola
|
|upkeep
|turn|33
|
|t:|1760814877
|switch|p2a: Darkrai|Darkrai|88/100
|-damage|p2a: Darkrai|76/100|[from] Spikes
|move|p1a: Alomomola|Protect||[still]
|-fail|p1a: Alomomola
|
|-heal|p1a: Alomomola|100/100|[from] move: Wish|[wisher] Alomomola
|upkeep
|turn|34
|
|t:|1760814880
|move|p2a: Darkrai|Dark Pulse|p1a: Alomomola
|-damage|p1a: Alomomola|50/100
|move|p1a: Alomomola|Scald|p2a: Darkrai
|-damage|p2a: Darkrai|58/100
|
|upkeep
|turn|35
|
|t:|1760814888
|move|p1a: Alomomola|Protect|p1a: Alomomola
|-singleturn|p1a: Alomomola|Protect
|move|p2a: Darkrai|Dark Pulse|p1a: Alomomola
|-activate|p1a: Alomomola|move: Protect
|
|upkeep
|turn|36
|
|t:|1760814918
|switch|p1a: Amoonguss|Amoonguss, M|100/100
|move|p2a: Darkrai|Dark Pulse|p1a: Amoonguss
|-damage|p1a: Amoonguss|54/100
|
|upkeep
|turn|37
|
|t:|1760814924
|switch|p2a: Gholdengo|Gholdengo|59/100 brn
|-damage|p2a: Gholdengo|47/100 brn|[from] Spikes
|switch|p1a: Gliscor|Gliscor, F|68/100 tox
|-damage|p1a: Gliscor|56/100 tox|[from] Stealth Rock
|
|-heal|p1a: Gliscor|68/100 tox|[from] ability: Poison Heal
|-damage|p2a: Gholdengo|41/100 brn|[from] brn
|upkeep
|turn|38
|
|t:|1760814933
|move|p1a: Gliscor|Spikes|p2a: Gholdengo
|-sidestart|p2: madleying|Spikes
|move|p2a: Gholdengo|Make It Rain|p1a: Gliscor
|-damage|p1a: Gliscor|6/100 tox
|-unboost|p2a: Gholdengo|spa|1
|
|-heal|p1a: Gliscor|19/100 tox|[from] ability: Poison Heal
|-damage|p2a: Gholdengo|35/100 brn|[from] brn
|upkeep
|turn|39
|
|t:|1760814937
|move|p1a: Gliscor|Protect|p1a: Gliscor
|-singleturn|p1a: Gliscor|Protect
|move|p2a: Gholdengo|Recover|p2a: Gholdengo
|-heal|p2a: Gholdengo|85/100 brn
|
|-heal|p1a: Gliscor|31/100 tox|[from] ability: Poison Heal
|-damage|p2a: Gholdengo|79/100 brn|[from] brn
|upkeep
|turn|40
|
|t:|1760814939
|move|p1a: Gliscor|Earthquake|p2a: Gholdengo
|-supereffective|p2a: Gholdengo
|-damage|p2a: Gholdengo|9/100 brn
|move|p2a: Gholdengo|Nasty Plot|p2a: Gholdengo
|-boost|p2a: Gholdengo|spa|2
|
|-heal|p1a: Gliscor|44/100 tox|[from] ability: Poison Heal
|-damage|p2a: Gholdengo|3/100 brn|[from] brn
|upkeep
|turn|41
|
|t:|1760814948
|move|p1a: Gliscor|Protect|p1a: Gliscor
|-singleturn|p1a: Gliscor|Protect
|move|p2a: Gholdengo|Make It Rain|p1a: Gliscor
|-activate|p1a: Gliscor|move: Protect
|
|-heal|p1a: Gliscor|56/100 tox|[from] ability: Poison Heal
|-damage|p2a: Gholdengo|0 fnt|[from] brn
|faint|p2a: Gholdengo
|upkeep
|
|t:|1760814952
|switch|p2a: Ogerpon|Ogerpon-Wellspring, F|88/100
|-damage|p2a: Ogerpon|72/100|[from] Spikes
|turn|42
|
|t:|1760814956
|switch|p1a: Amoonguss|Amoonguss, M|88/100
|move|p2a: Ogerpon|Swords Dance|p2a: Ogerpon
|-boost|p2a: Ogerpon|atk|2
|
|upkeep
|turn|43
|
|t:|1760814961
|move|p2a: Ogerpon|Swords Dance|p2a: Ogerpon
|-boost|p2a: Ogerpon|atk|2
|move|p1a: Amoonguss|Foul Play|p2a: Ogerpon
|-damage|p2a: Ogerpon|0 fnt
|faint|p2a: Ogerpon
|
|upkeep
|
|t:|1760814968
|switch|p2a: Samurott|Samurott-Hisui, M|60/100
|-damage|p2a: Samurott|44/100|[from] Spikes
|turn|44
|
|t:|1760814978
|switch|p1a: Alomomola|Alomomola, M|83/100
|-damage|p1a: Alomomola|71/100|[from] Stealth Rock
|-damage|p1a: Alomomola|58/100|[from] Spikes
|move|p2a: Samurott|Knock Off|p1a: Alomomola
|-crit|p1a: Alomomola
|-damage|p1a: Alomomola|29/100
|
|upkeep
|turn|45
|
|t:|1760814982
|move|p2a: Samurott|Knock Off|p1a: Alomomola
|-damage|p1a: Alomomola|12/100
|move|p1a: Alomomola|Wish|p1a: Alomomola
|
|upkeep
|turn|46
|
|t:|1760814984
|switch|p2a: Darkrai|Darkrai|58/100
|-damage|p2a: Darkrai|42/100|[from] Spikes
|move|p1a: Alomomola|Protect||[still]
|-fail|p1a: Alomomola
|
|-heal|p1a: Alomomola|62/100|[from] move: Wish|[wisher] Alomomola
|upkeep
|turn|47
|
|t:|1760814988
|move|p1a: Alomomola|Protect|p1a: Alomomola
|-singleturn|p1a: Alomomola|Protect
|move|p2a: Darkrai|Dark Pulse|p1a: Alomomola
|-activate|p1a: Alomomola|move: Protect
|
|upkeep
|turn|48
|
|t:|1760814996
|-terastallize|p2a: Darkrai|Dark
|move|p2a: Darkrai|Dark Pulse|p1a: Alomomola
|-damage|p1a: Alomomola|0 fnt
|faint|p1a: Alomomola
|
|upkeep
|
|t:|1760815009
|switch|p1a: Bronzong|Bronzong|100/100
|-damage|p1a: Bronzong|94/100|[from] Stealth Rock
|turn|49
|
|t:|1760815013
|move|p1a: Bronzong|Protect|p1a: Bronzong
|-singleturn|p1a: Bronzong|Protect
|move|p2a: Darkrai|Dark Pulse|p1a: Bronzong
|-activate|p1a: Bronzong|move: Protect
|
|-heal|p1a: Bronzong|100/100|[from] item: Leftovers
|upkeep
|turn|50
|
|t:|1760815016
|-terastallize|p1a: Bronzong|Fighting
|move|p2a: Darkrai|Dark Pulse|p1a: Bronzong
|-resisted|p1a: Bronzong
|-damage|p1a: Bronzong|76/100
|cant|p1a: Bronzong|flinch
|
|-heal|p1a: Bronzong|82/100|[from] item: Leftovers
|upkeep
|turn|51
|
|t:|1760815021
|switch|p2a: Garchomp|Garchomp, M|79/100 tox
|-damage|p2a: Garchomp|63/100 tox|[from] Spikes
|move|p1a: Bronzong|Stealth Rock|p2a: Garchomp
|-sidestart|p2: madleying|move: Stealth Rock
|
|-heal|p1a: Bronzong|88/100|[from] item: Leftovers
|-damage|p2a: Garchomp|57/100 tox|[from] psn
|upkeep
|turn|52
|
|t:|1760815026
|move|p1a: Bronzong|Psychic Noise|p2a: Garchomp
|-damage|p2a: Garchomp|36/100 tox
|-start|p2a: Garchomp|move: Heal Block
|move|p2a: Garchomp|Dragon Tail|p1a: Bronzong
|-damage|p1a: Bronzong|67/100
|drag|p1a: Dondozo|Dondozo, F|100/100
|
|-damage|p2a: Garchomp|24/100 tox|[from] psn
|upkeep
|turn|53
|
|t:|1760815041
|switch|p1a: Gliscor|Gliscor, F|56/100 tox
|-damage|p1a: Gliscor|44/100 tox|[from] Stealth Rock
|move|p2a: Garchomp|Dragon Tail|p1a: Gliscor
|-damage|p1a: Gliscor|22/100 tox
|drag|p1a: Dondozo|Dondozo, F|100/100
|
|-damage|p2a: Garchomp|5/100 tox|[from] psn
|-end|p2a: Garchomp|move: Heal Block
|upkeep
|turn|54
|
|t:|1760815051
|switch|p1a: Gliscor|Gliscor, F|22/100 tox
|-damage|p1a: Gliscor|9/100 tox|[from] Stealth Rock
|move|p2a: Garchomp|Spikes|p1a: Gliscor
|-sidestart|p1: feetseekingmissile|Spikes
|
|-damage|p2a: Garchomp|0 fnt|[from] psn
|faint|p2a: Garchomp
|-heal|p1a: Gliscor|22/100 tox|[from] ability: Poison Heal
|upkeep
|
|t:|1760815056
|switch|p2a: Darkrai|Darkrai, tera:Dark|42/100
|-damage|p2a: Darkrai|25/100|[from] Spikes
|-damage|p2a: Darkrai|13/100|[from] Stealth Rock
|turn|55
|
|t:|1760815064
|move|p2a: Darkrai|Dark Pulse|p1a: Gliscor
|-damage|p1a: Gliscor|0 fnt
|faint|p1a: Gliscor
|
|upkeep
|
|t:|1760815068
|switch|p1a: Bronzong|Bronzong, tera:Fighting|67/100
|-damage|p1a: Bronzong|61/100|[from] Stealth Rock
|turn|56
|
|t:|1760815072
|move|p2a: Darkrai|Dark Pulse|p1a: Bronzong
|-resisted|p1a: Bronzong
|-damage|p1a: Bronzong|37/100
|move|p1a: Bronzong|Body Press|p2a: Darkrai
|-supereffective|p2a: Darkrai
|-damage|p2a: Darkrai|0 fnt
|faint|p2a: Darkrai
|
|-heal|p1a: Bronzong|44/100|[from] item: Leftovers
|upkeep
|
|t:|1760815077
|switch|p2a: Samurott|Samurott-Hisui, M|44/100
|-damage|p2a: Samurott|27/100|[from] Spikes
|-damage|p2a: Samurott|15/100|[from] Stealth Rock
|turn|57
|c|☆madleying|gg
|
|t:|1760815106
|move|p2a: Samurott|Aqua Cutter|p1a: Bronzong
|-damage|p1a: Bronzong|4/100
|move|p1a: Bronzong|Body Press|p2a: Samurott
|-supereffective|p2a: Samurott
|-damage|p2a: Samurott|0 fnt
|faint|p2a: Samurott
|
|-heal|p1a: Bronzong|10/100|[from] item: Leftovers
|upkeep
|
|t:|1760815110
|switch|p2a: Dragonite|Dragonite, M|100/100
|turn|58
|
|t:|1760815113
|move|p2a: Dragonite|Dragon Dance|p2a: Dragonite
|-boost|p2a: Dragonite|atk|1
|-boost|p2a: Dragonite|spe|1
|move|p1a: Bronzong|Psychic Noise|p2a: Dragonite
|-damage|p2a: Dragonite|88/100
|-start|p2a: Dragonite|move: Heal Block
|
|-heal|p1a: Bronzong|17/100|[from] item: Leftovers
|upkeep
|turn|59
|
|t:|1760815115
|move|p2a: Dragonite|Earthquake|p1a: Bronzong
|-immune|p1a: Bronzong|[from] ability: Levitate
|move|p1a: Bronzong|Psychic Noise|p2a: Dragonite
|-damage|p2a: Dragonite|66/100
|
|-heal|p1a: Bronzong|23/100|[from] item: Leftovers
|-end|p2a: Dragonite|move: Heal Block
|upkeep
|turn|60
|
|t:|1760815119
|move|p2a: Dragonite|Dragon Dance|p2a: Dragonite
|-boost|p2a: Dragonite|atk|1
|-boost|p2a: Dragonite|spe|1
|move|p1a: Bronzong|Psychic Noise|p2a: Dragonite
|-damage|p2a: Dragonite|42/100
|-start|p2a: Dragonite|move: Heal Block
|
|-heal|p1a: Bronzong|29/100|[from] item: Leftovers
|upkeep
|turn|61
|
|t:|1760815121
|move|p2a: Dragonite|Earthquake|p1a: Bronzong
|-immune|p1a: Bronzong|[from] ability: Levitate
|move|p1a: Bronzong|Psychic Noise|p2a: Dragonite
|-damage|p2a: Dragonite|20/100
|
|-heal|p1a: Bronzong|35/100|[from] item: Leftovers
|-end|p2a: Dragonite|move: Heal Block
|upkeep
|turn|62
|
|t:|1760815124
|move|p2a: Dragonite|Earthquake|p1a: Bronzong
|-immune|p1a: Bronzong|[from] ability: Levitate
|move|p1a: Bronzong|Psychic Noise|p2a: Dragonite
|-damage|p2a: Dragonite|0 fnt
|faint|p2a: Dragonite
|
|win|feetseekingmissile
|raw|feetseekingmissile's rating: 1645 &rarr; <strong>1661</strong><br />(+16 for winning)
|raw|madleying's rating: 1575 &rarr; <strong>1559</strong><br />(-16 for losing)
|l|☆madleying
|player|p2|
|l|‽feetseekingmissile
|player|p1|
|j|‽feetseekingmissile
|player|p1|feetseekingmissile|miku-water|
|l|‽feetseekingmissile
|player|p1|
