|j|☆zyzyno.1
|j|☆Chorizo_papaye
|t:|1760806230
|gametype|singles
|player|p1|zyzyno.1|cynthia-gen4|1415
|player|p2|Chorizo_papaye|gardenia|1408
|gen|9
|tier|[Gen 9] OU
|rated|
|rule|HP Percentage Mod: HP is shown in percentages
|rule|Endless Battle Clause: Forcing endless battles is banned
|rule|Species Clause: Limit one of each Pokémon
|rule|OHKO Clause: OHKO moves are banned
|rule|Evasion Items Clause: Evasion items are banned
|rule|Evasion Moves Clause: Evasion moves are banned
|rule|Evasion Abilities Clause: Evasion abilities are banned
|rule|Sleep Moves Clause: Sleep-inducing moves are banned
|clearpoke
|poke|p1|Maushold|
|poke|p1|Ninetales-Alola, F|
|poke|p1|Ceruledge, M|
|poke|p1|Moltres-Galar|
|poke|p1|Enamorus, F|
|poke|p1|Gliscor, F|
|poke|p2|Gholdengo|
|poke|p2|Raging Bolt|
|poke|p2|Meowscarada, M|
|poke|p2|Great Tusk|
|poke|p2|Iron Moth|
|poke|p2|Primarina, M|
|teampreview
|inactive|Battle timer is ON: inactive players will automatically lose when time's up. (requested by Chorizo_papaye)
|inactive|zyzyno.1 has 120 seconds left.
|
|t:|1760806280
|teamsize|p1|6
|teamsize|p2|6
|start
|switch|p1a: Ninetales|Ninetales-Alola, F|100/100
|switch|p2a: Iron Moth|Iron Moth|100/100
|-weather|Snowscape|[from] ability: Snow Warning|[of] p1a: Ninetales
|-enditem|p2a: Iron Moth|Booster Energy
|-activate|p2a: Iron Moth|ability: Quark Drive|[fromitem]
|-start|p2a: Iron Moth|quarkdrivespe
|turn|1
|
|t:|1760806291
|move|p2a: Iron Moth|Substitute|p2a: Iron Moth
|-start|p2a: Iron Moth|Substitute
|-damage|p2a: Iron Moth|76/100
|move|p1a: Ninetales|Aurora Veil|p1a: Ninetales
|-sidestart|p1: zyzyno.1|move: Aurora Veil
|
|-weather|Snowscape|[upkeep]
|upkeep
|turn|2
|
|t:|1760806300
|switch|p1a: Ceruledge|Ceruledge, M|100/100
|move|p2a: Iron Moth|Sludge Wave|p1a: Ceruledge
|-resisted|p1a: Ceruledge
|-damage|p1a: Ceruledge|90/100
|
|-weather|Snowscape|[upkeep]
|upkeep
|turn|3
|
|t:|1760806308
|move|p2a: Iron Moth|Toxic|p1a: Ceruledge
|-status|p1a: Ceruledge|tox
|move|p1a: Ceruledge|Swords Dance|p1a: Ceruledge
|-boost|p1a: Ceruledge|atk|2
|
|-weather|Snowscape|[upkeep]
|-damage|p1a: Ceruledge|84/100 tox|[from] psn
|upkeep
|turn|4
|
|t:|1760806313
|move|p2a: Iron Moth|Sludge Wave|p1a: Ceruledge
|-resisted|p1a: Ceruledge
|-damage|p1a: Ceruledge|73/100 tox
|move|p1a: Ceruledge|Bitter Blade|p2a: Iron Moth
|-resisted|p2a: Iron Moth
|-end|p2a: Iron Moth|Substitute
|-heal|p1a: Ceruledge|84/100 tox|[from] drain|[of] p2a: Iron Moth
|
|-weather|Snowscape|[upkeep]
|-damage|p1a: Ceruledge|72/100 tox|[from] psn
|upkeep
|turn|5
|
|t:|1760806327
|-end|p2a: Iron Moth|Quark Drive|[silent]
|switch|p2a: Primarina|Primarina, M|100/100
|move|p1a: Ceruledge|Bitter Blade|p2a: Primarina
|-resisted|p2a: Primarina
|-damage|p2a: Primarina|30/100
|-heal|p1a: Ceruledge|100/100 tox|[from] drain|[of] p2a: Primarina
|
|-weather|none
|-damage|p1a: Ceruledge|82/100 tox|[from] psn
|upkeep
|turn|6
|
|t:|1760806336
|move|p1a: Ceruledge|Bitter Blade|p2a: Primarina
|-resisted|p2a: Primarina
|-damage|p2a: Primarina|0 fnt
|-heal|p1a: Ceruledge|96/100 tox|[from] drain|[of] p2a: Primarina
|faint|p2a: Primarina
|
|-damage|p1a: Ceruledge|72/100 tox|[from] psn
|upkeep
|
|t:|1760806344
|switch|p2a: Great Tusk|Great Tusk|100/100
|turn|7
|
|t:|1760806350
|move|p2a: Great Tusk|Earthquake|p1a: Ceruledge
|-supereffective|p1a: Ceruledge
|-damage|p1a: Ceruledge|18/100 tox
|-ability|p1a: Ceruledge|Weak Armor|boost
|-unboost|p1a: Ceruledge|def|1
|-boost|p1a: Ceruledge|spe|2
|move|p1a: Ceruledge|Bitter Blade|p2a: Great Tusk
|-damage|p2a: Great Tusk|36/100
|-heal|p1a: Ceruledge|58/100 tox|[from] drain|[of] p2a: Great Tusk
|-damage|p1a: Ceruledge|41/100 tox|[from] item: Rocky Helmet|[of] p2a: Great Tusk
|
|-damage|p1a: Ceruledge|11/100 tox|[from] psn
|upkeep
|turn|8
|
|t:|1760806371
|move|p1a: Ceruledge|Bitter Blade|p2a: Great Tusk
|-damage|p2a: Great Tusk|0 fnt
|-heal|p1a: Ceruledge|33/100 tox|[from] drain|[of] p2a: Great Tusk
|-damage|p1a: Ceruledge|17/100 tox|[from] item: Rocky Helmet|[of] p2a: Great Tusk
|faint|p2a: Great Tusk
|-end|p2a: Great Tusk|Protosynthesis|[silent]
|
|-damage|p1a: Ceruledge|0 fnt|[from] psn
|faint|p1a: Ceruledge
|-sideend|p1: zyzyno.1|move: Aurora Veil
|upkeep
|
|t:|1760806379
|switch|p2a: Meowscarada|Meowscarada, M|100/100
|switch|p1a: Ninetales|Ninetales-Alola, F|100/100
|-weather|Snowscape|[from] ability: Snow Warning|[of] p1a: Ninetales
|turn|9
|
|t:|1760806394
|move|p2a: Meowscarada|Knock Off|p1a: Ninetales
|-start|p2a: Meowscarada|typechange|Dark|[from] ability: Protean
|-resisted|p1a: Ninetales
|-crit|p1a: Ninetales
|-damage|p1a: Ninetales|71/100
|-enditem|p1a: Ninetales|Light Clay|[from] move: Knock Off|[of] p2a: Meowscarada
|move|p1a: Ninetales|Aurora Veil|p1a: Ninetales
|-sidestart|p1: zyzyno.1|move: Aurora Veil
|
|-weather|Snowscape|[upkeep]
|upkeep
|turn|10
|
|t:|1760806415
|switch|p2a: Gholdengo|Gholdengo|100/100
|-item|p2a: Gholdengo|Air Balloon
|switch|p1a: Maushold|Maushold|100/100
|
|-weather|Snowscape|[upkeep]
|upkeep
|turn|11
|
|t:|1760806424
|move|p1a: Maushold|Tidy Up|p1a: Maushold
|-boost|p1a: Maushold|atk|1
|-boost|p1a: Maushold|spe|1
|move|p2a: Gholdengo|Thunder Wave|p1a: Maushold
|-status|p1a: Maushold|par
|
|-weather|Snowscape|[upkeep]
|upkeep
|turn|12
|
|t:|1760806431
|move|p2a: Gholdengo|Dazzling Gleam|p1a: Maushold
|-damage|p1a: Maushold|82/100 par
|move|p1a: Maushold|Tidy Up|p1a: Maushold
|-boost|p1a: Maushold|atk|1
|-boost|p1a: Maushold|spe|1
|
|-weather|Snowscape|[upkeep]
|upkeep
|turn|13
|
|t:|1760806436
|move|p1a: Maushold|Bite|p2a: Gholdengo
|-supereffective|p2a: Gholdengo
|-crit|p2a: Gholdengo
|-damage|p2a: Gholdengo|0 fnt
|-enditem|p2a: Gholdengo|Air Balloon
|faint|p2a: Gholdengo
|
|-weather|none
|-sideend|p1: zyzyno.1|move: Aurora Veil
|upkeep
|
|t:|1760806444
|switch|p2a: Iron Moth|Iron Moth|76/100
|turn|14
|
|t:|1760806450
|move|p1a: Maushold|Population Bomb|p2a: Iron Moth
|-damage|p2a: Iron Moth|42/100
|-damage|p2a: Iron Moth|9/100
|-damage|p2a: Iron Moth|0 fnt
|faint|p2a: Iron Moth
|-end|p2a: Iron Moth|Quark Drive|[silent]
|-hitcount|p2: Iron Moth|3
|
|upkeep
|
|t:|1760806464
|switch|p2a: Meowscarada|Meowscarada, M|100/100
|turn|15
|
|t:|1760806477
|move|p2a: Meowscarada|Flower Trick|p1a: Maushold
|-start|p2a: Meowscarada|typechange|Grass|[from] ability: Protean
|-crit|p1a: Maushold
|-damage|p1a: Maushold|8/100 par
|cant|p1a: Maushold|par
|
|upkeep
|turn|16
|
|t:|1760806496
|move|p2a: Meowscarada|Flower Trick|p1a: Maushold
|-crit|p1a: Maushold
|-damage|p1a: Maushold|0 fnt
|faint|p1a: Maushold
|
|upkeep
|
|t:|1760806503
|switch|p1a: Gliscor|Gliscor, F|100/100
|turn|17
|
|t:|1760806516
|-terastallize|p2a: Meowscarada|Grass
|move|p2a: Meowscarada|Flower Trick|p1a: Gliscor
|-crit|p1a: Gliscor
|-damage|p1a: Gliscor|50/100
|move|p1a: Gliscor|Swords Dance|p1a: Gliscor
|-boost|p1a: Gliscor|atk|2
|
|-status|p1a: Gliscor|tox|[from] item: Toxic Orb
|upkeep
|turn|18
|inactive|zyzyno.1 has 120 seconds left.
|
|t:|1760806544
|move|p2a: Meowscarada|Flower Trick|p1a: Gliscor
|-crit|p1a: Gliscor
|-damage|p1a: Gliscor|2/100 tox
|move|p1a: Gliscor|Facade|p2a: Meowscarada
|-damage|p2a: Meowscarada|0 fnt
|faint|p2a: Meowscarada
|
|-heal|p1a: Gliscor|14/100 tox|[from] ability: Poison Heal
|upkeep
|
|t:|1760806554
|switch|p2a: Raging Bolt|Raging Bolt|100/100
|-enditem|p2a: Raging Bolt|Booster Energy
|-activate|p2a: Raging Bolt|ability: Protosynthesis|[fromitem]
|-start|p2a: Raging Bolt|protosynthesisspa
|turn|19
|inactive|zyzyno.1 has 120 seconds left.
|inactive|zyzyno.1 has 90 seconds left.
|
|t:|1760806606
|move|p1a: Gliscor|Facade|p2a: Raging Bolt
|-damage|p2a: Raging Bolt|41/100
|move|p2a: Raging Bolt|Dragon Pulse|p1a: Gliscor
|-damage|p1a: Gliscor|0 fnt
|faint|p1a: Gliscor
|
|upkeep
|
|t:|1760806619
|switch|p1a: Enamorus|Enamorus, F|100/100
|turn|20
|
|t:|1760806629
|-terastallize|p1a: Enamorus|Fairy
|move|p2a: Raging Bolt|Thunderclap|p1a: Enamorus
|-damage|p1a: Enamorus|33/100
|move|p1a: Enamorus|Draining Kiss|p2a: Raging Bolt
|-supereffective|p2a: Raging Bolt
|-damage|p2a: Raging Bolt|0 fnt
|-heal|p1a: Enamorus|74/100|[from] drain|[of] p2a: Raging Bolt
|faint|p2a: Raging Bolt
|-end|p2a: Raging Bolt|Protosynthesis|[silent]
|-damage|p1a: Enamorus|64/100|[from] item: Life Orb
|
|win|zyzyno.1
|raw|zyzyno.1's rating: 1415 &rarr; <strong>1435</strong><br />(+20 for winning)
|raw|Chorizo_papaye's rating: 1408 &rarr; <strong>1388</strong><br />(-20 for losing)
|l|☆Chorizo_papaye
|player|p2|
|l|☆zyzyno.1
|player|p1|
