|j|☆Canthavmehname
|j|☆dellee
|t:|1760809928
|gametype|singles
|player|p1|Canthavmehname|170|1000
|player|p2|dellee|shauntal|1000
|gen|9
|tier|[Gen 9] OU
|rated|
|rule|HP Percentage Mod: HP is shown in percentages
|rule|Endless Battle Clause: Forcing endless battles is banned
|rule|Species Clause: Limit one of each Pokémon
|rule|OHKO Clause: OHKO moves are banned
|rule|Evasion Items Clause: Evasion items are banned
|rule|Evasion Moves Clause: Evasion moves are banned
|rule|Evasion Abilities Clause: Evasion abilities are banned
|rule|Sleep Moves Clause: Sleep-inducing moves are banned
|clearpoke
|poke|p1|Ditto|
|poke|p1|Zoroark-Hisui, M|
|poke|p1|Appletun, F|
|poke|p1|Raging Bolt|
|poke|p1|Serperior, M|
|poke|p1|Pikachu, M|
|poke|p2|Skeledirge, M|
|poke|p2|Gardevoir, F|
|poke|p2|Tsareena, F|
|poke|p2|Mamoswine, M|
|poke|p2|Lucario, F|
|poke|p2|Feraligatr, F|
|teampreview
|inactive|Battle timer is ON: inactive players will automatically lose when time's up. (requested by Canthavmehname)
|
|t:|1760809951
|teamsize|p1|6
|teamsize|p2|6
|start
|switch|p1a: Appletun|Appletun, F, shiny|100/100
|switch|p2a: Mamoswine|Mamoswine, M|100/100
|turn|1
|
|t:|1760809968
|move|p2a: Mamoswine|Stealth Rock|p1a: Appletun
|-sidestart|p1: Canthavmehname|move: Stealth Rock
|move|p1a: Appletun|Draco Meteor|p2a: Mamoswine
|-damage|p2a: Mamoswine|30/100
|-unboost|p1a: Appletun|spa|2
|
|upkeep
|turn|2
|
|t:|1760809975
|move|p2a: Mamoswine|Icicle Crash|p1a: Appletun
|-supereffective|p1a: Appletun
|-damage|p1a: Appletun|16/100
|cant|p1a: Appletun|flinch
|
|upkeep
|turn|3
|
|t:|1760809987
|switch|p2a: Cherry|Gardevoir, F, shiny|100/100
|-ability|p2a: Cherry|Thick Fat|Trace|[from] ability: Trace|[of] p1a: Appletun
|-terastallize|p1a: Appletun|Grass
|move|p1a: Appletun|Recover|p1a: Appletun
|-heal|p1a: Appletun|66/100
|
|upkeep
|turn|4
|
|t:|1760810002
|move|p2a: Cherry|Triple Axel|p1a: Appletun
|-supereffective|p1a: Appletun
|-damage|p1a: Appletun|62/100
|-supereffective|p1a: Appletun
|-damage|p1a: Appletun|55/100
|-hitcount|p1a: Appletun|2
|move|p1a: Appletun|Apple Acid|p2a: Cherry
|-damage|p2a: Cherry|78/100
|-unboost|p2a: Cherry|spd|1
|
|upkeep
|turn|5
|
|t:|1760810016
|switch|p2a: Tsareena|Tsareena, F|100/100
|move|p1a: Appletun|Draco Meteor|p2a: Tsareena
|-damage|p2a: Tsareena|72/100
|-unboost|p1a: Appletun|spa|2
|
|upkeep
|turn|6
|
|t:|1760810023
|move|p2a: Tsareena|Fling|p1a: Appletun
|-damage|p1a: Appletun|12/100
|-enditem|p2a: Tsareena|Big Nugget|[from] move: Fling
|move|p1a: Appletun|Recover|p1a: Appletun
|-heal|p1a: Appletun|62/100
|
|upkeep
|turn|7
|
|t:|1760810031
|-terastallize|p2a: Tsareena|Flying
|move|p2a: Tsareena|Acrobatics|p1a: Appletun
|-supereffective|p1a: Appletun
|-damage|p1a: Appletun|0 fnt
|faint|p1a: Appletun
|
|upkeep
|
|t:|1760810038
|switch|p1a: Pikachu|Pikachu, M, shiny|100/100
|-damage|p1a: Pikachu|88/100|[from] Stealth Rock
|turn|8
|
|t:|1760810048
|switch|p2a: Mamoswine|Mamoswine, M|30/100
|move|p1a: Pikachu|Shadow Ball|p2a: Mamoswine
|-damage|p2a: Mamoswine|0 fnt
|faint|p2a: Mamoswine
|
|-heal|p1a: Pikachu|94/100|[from] item: Leftovers
|upkeep
|
|t:|1760810067
|switch|p2a: Cherry|Gardevoir, F, shiny|78/100
|turn|9
|
|t:|1760810080
|move|p2a: Cherry|Moonblast|p1a: Pikachu
|-damage|p1a: Pikachu|0 fnt
|replace|p1a: Zoroark|Zoroark-Hisui, M, shiny
|-end|p1a: Zoroark|Illusion
|faint|p1a: Zoroark
|
|upkeep
|
|t:|1760810088
|switch|p1a: Ditto|Ditto, shiny|100/100
|-damage|p1a: Ditto|88/100|[from] Stealth Rock
|-transform|p1a: Ditto|p2a: Cherry|[from] ability: Imposter
|turn|10
|
|t:|1760810096
|move|p2a: Cherry|Shadow Ball|p1a: Ditto
|-supereffective|p1a: Ditto
|-damage|p1a: Ditto|23/100
|move|p1a: Ditto|Triple Axel|p2a: Cherry
|-damage|p2a: Cherry|71/100
|-damage|p2a: Cherry|59/100
|-damage|p2a: Cherry|39/100
|-hitcount|p2a: Cherry|3
|
|-heal|p1a: Ditto|29/100|[from] item: Leftovers
|upkeep
|turn|11
|
|t:|1760810107
|move|p1a: Ditto|Shadow Ball|p2a: Cherry
|-supereffective|p2a: Cherry
|-damage|p2a: Cherry|0 fnt
|faint|p2a: Cherry
|
|-heal|p1a: Ditto|36/100|[from] item: Leftovers
|upkeep
|
|t:|1760810114
|switch|p2a: Lucario|Lucario, F|100/100
|-ability|p1a: Ditto|Steadfast|Trace|[from] ability: Trace|[of] p2a: Lucario
|turn|12
|
|t:|1760810119
|move|p2a: Lucario|Bullet Punch|p1a: Ditto
|-supereffective|p1a: Ditto
|-damage|p1a: Ditto|0 fnt
|faint|p1a: Ditto
|-damage|p2a: Lucario|91/100|[from] item: Life Orb
|
|upkeep
|
|t:|1760810123
|switch|p1a: Pikachu|Pikachu, M, shiny|100/100
|-damage|p1a: Pikachu|88/100|[from] Stealth Rock
|turn|13
|
|t:|1760810129
|move|p2a: Lucario|Extreme Speed|p1a: Pikachu
|-damage|p1a: Pikachu|29/100
|-damage|p2a: Lucario|81/100|[from] item: Life Orb
|move|p1a: Pikachu|Electric Terrain|p1a: Pikachu
|-fieldstart|move: Electric Terrain
|
|upkeep
|turn|14
|
|t:|1760810137
|move|p2a: Lucario|Extreme Speed|p1a: Pikachu
|-damage|p1a: Pikachu|0 fnt
|faint|p1a: Pikachu
|-damage|p2a: Lucario|71/100|[from] item: Life Orb
|
|upkeep
|
|t:|1760810141
|switch|p1a: Raging Bolt|Raging Bolt|100/100
|-damage|p1a: Raging Bolt|88/100|[from] Stealth Rock
|-enditem|p1a: Raging Bolt|Booster Energy
|-activate|p1a: Raging Bolt|ability: Protosynthesis|[fromitem]
|-start|p1a: Raging Bolt|protosynthesisspa
|turn|15
|
|t:|1760810149
|move|p2a: Lucario|Dragon Pulse|p1a: Raging Bolt
|-supereffective|p1a: Raging Bolt
|-damage|p1a: Raging Bolt|28/100
|-damage|p2a: Lucario|61/100|[from] item: Life Orb
|move|p1a: Raging Bolt|Weather Ball|p2a: Lucario
|-resisted|p2a: Lucario
|-damage|p2a: Lucario|44/100
|
|upkeep
|turn|16
|
|t:|1760810158
|move|p1a: Raging Bolt|Thunderclap|p2a: Lucario
|-damage|p2a: Lucario|0 fnt
|faint|p2a: Lucario
|
|upkeep
|
|t:|1760810164
|switch|p2a: Skeledirge|Skeledirge, M|100/100
|turn|17
|
|t:|1760810181
|move|p1a: Raging Bolt|Weather Ball|p2a: Skeledirge
|-immune|p2a: Skeledirge
|move|p2a: Skeledirge|Will-O-Wisp|p1a: Raging Bolt
|-status|p1a: Raging Bolt|brn
|
|-damage|p1a: Raging Bolt|22/100 brn|[from] brn
|-fieldend|move: Electric Terrain
|upkeep
|turn|18
|
|t:|1760810189
|move|p1a: Raging Bolt|Thunderclap|p2a: Skeledirge
|-damage|p2a: Skeledirge|68/100
|move|p2a: Skeledirge|Hex|p1a: Raging Bolt
|-damage|p1a: Raging Bolt|0 fnt
|faint|p1a: Raging Bolt
|-end|p1a: Raging Bolt|Protosynthesis|[silent]
|
|-heal|p2a: Skeledirge|74/100|[from] item: Leftovers
|upkeep
|
|t:|1760810192
|switch|p1a: Serperior|Serperior, M, shiny|100/100
|-damage|p1a: Serperior|88/100|[from] Stealth Rock
|turn|19
|
|t:|1760810199
|move|p1a: Serperior|Glare|p2a: Skeledirge
|-status|p2a: Skeledirge|par
|move|p2a: Skeledirge|Torch Song|p1a: Serperior
|-supereffective|p1a: Serperior
|-damage|p1a: Serperior|22/100
|-boost|p2a: Skeledirge|spa|1
|
|-heal|p2a: Skeledirge|80/100 par|[from] item: Leftovers
|upkeep
|turn|20
|
|t:|1760810207
|move|p1a: Serperior|Giga Drain|p2a: Skeledirge
|-resisted|p2a: Skeledirge
|-damage|p2a: Skeledirge|73/100 par
|-heal|p1a: Serperior|26/100|[from] drain|[of] p2a: Skeledirge
|move|p2a: Skeledirge|Torch Song|p1a: Serperior
|-supereffective|p1a: Serperior
|-damage|p1a: Serperior|0 fnt
|-boost|p2a: Skeledirge|spa|1
|faint|p1a: Serperior
|
|win|dellee
|raw|Canthavmehname's rating: 1000 &rarr; <strong>1000</strong><br />(+0 for losing)
|raw|dellee's rating: 1000 &rarr; <strong>1040</strong><br />(+40 for winning)
|c|☆dellee|gg
|l|☆Canthavmehname
|player|p1|
