|badge|p1|bronze|gen9ou|100-7
|uhtml|medal-msg|<div class="broadcast-blue">Curious what those medals under the avatar are? PS now has Ladder Seasons! For more information, check out the <a href="https://www.smogon.com/forums/threads/3740067/">thread on Smogon.</a></div>
|badge|p2|bronze|gen9ou|100-7
|uhtml|medal-msg|<div class="broadcast-blue">Curious what those medals under the avatar are? PS now has Ladder Seasons! For more information, check out the <a href="https://www.smogon.com/forums/threads/3740067/">thread on Smogon.</a></div>
|j|☆SpongeGar & Patar
|j|☆Sanesa8724
|t:|1760822364
|gametype|singles
|player|p1|SpongeGar & Patar|101|1829
|player|p2|Sanesa8724|266|1903
|gen|9
|tier|[Gen 9] OU
|rated|
|rule|HP Percentage Mod: HP is shown in percentages
|rule|Endless Battle Clause: Forcing endless battles is banned
|rule|Species Clause: Limit one of each Pokémon
|rule|OHKO Clause: OHKO moves are banned
|rule|Evasion Items Clause: Evasion items are banned
|rule|Evasion Moves Clause: Evasion moves are banned
|rule|Evasion Abilities Clause: Evasion abilities are banned
|rule|Sleep Moves Clause: Sleep-inducing moves are banned
|clearpoke
|poke|p1|Kyurem|
|poke|p1|Corviknight, F|
|poke|p1|Ting-Lu|
|poke|p1|Dondozo, M|
|poke|p1|Slowking-Galar, L99, F|
|poke|p1|Cinderace, F|
|poke|p2|Rillaboom, M|
|poke|p2|Zamazenta-*|
|poke|p2|Ogerpon, F|
|poke|p2|Moltres|
|poke|p2|Iron Treads|
|poke|p2|Gholdengo|
|teampreview
|inactive|Battle timer is ON: inactive players will automatically lose when time's up. (requested by Sanesa8724)
|j| Shimeon91
|
|t:|1760822415
|teamsize|p1|6
|teamsize|p2|6
|start
|switch|p1a: Cinderace|Cinderace, F|100/100
|switch|p2a: Iron Treads|Iron Treads|100/100
|turn|1
|inactive|SpongeGar & Patar also wants the timer to be on.
|l| Shimeon91
|inactive|SpongeGar & Patar has 120 seconds left.
|j| Shimeon91
|
|t:|1760822464
|-end|p2a: Iron Treads|Quark Drive|[silent]
|switch|p2a: Moltres|Moltres|100/100
|move|p1a: Cinderace|Pyro Ball|p2a: Moltres
|-resisted|p2a: Moltres
|-damage|p2a: Moltres|78/100
|
|upkeep
|turn|2
|inactive|SpongeGar & Patar has 90 seconds left.
|
|t:|1760822514
|switch|p1a: Slowking|Slowking-Galar, L99, F|100/100
|move|p2a: Moltres|U-turn|p1a: Slowking
|-crit|p1a: Slowking
|-damage|p1a: Slowking|76/100
|j| kamenriderzayu
|inactive|Sanesa8724 has 120 seconds left.
|
|t:|1760822556
|switch|p2a: Iron Treads|Iron Treads|100/100|[from] U-turn
|
|upkeep
|turn|3
|l| Shimeon91
|inactive|SpongeGar & Patar has 60 seconds left.
|l| kamenriderzayu
|
|t:|1760822605
|switch|p1a: Kyurem|Kyurem|100/100
|-ability|p1a: Kyurem|Pressure
|move|p2a: Iron Treads|Stealth Rock|p1a: Kyurem
|-sidestart|p1: SpongeGar & Patar|move: Stealth Rock
|
|upkeep
|turn|4
|
|t:|1760822615
|move|p1a: Kyurem|Freeze-Dry|p2a: Iron Treads
|-damage|p2a: Iron Treads|67/100
|move|p2a: Iron Treads|Knock Off|p1a: Kyurem
|-damage|p1a: Kyurem|79/100
|-enditem|p1a: Kyurem|Leftovers|[from] move: Knock Off|[of] p2a: Iron Treads
|
|-heal|p2a: Iron Treads|73/100|[from] item: Leftovers
|upkeep
|turn|5
|
|t:|1760822625
|-end|p2a: Iron Treads|Quark Drive|[silent]
|switch|p2a: Zamazenta|Zamazenta|100/100
|-ability|p2a: Zamazenta|Dauntless Shield|boost
|-boost|p2a: Zamazenta|def|1
|move|p1a: Kyurem|Freeze-Dry|p2a: Zamazenta
|-damage|p2a: Zamazenta|69/100
|
|-heal|p2a: Zamazenta|76/100|[from] item: Leftovers
|upkeep
|turn|6
|j| No_Safe_Prayer
|
|t:|1760822639
|switch|p2a: Rillaboom|Rillaboom, M|100/100
|-fieldstart|move: Grassy Terrain|[from] ability: Grassy Surge|[of] p2a: Rillaboom
|switch|p1a: Dondozo|Dondozo, M|100/100
|-damage|p1a: Dondozo|88/100|[from] Stealth Rock
|
|-heal|p1a: Dondozo|94/100|[from] Grassy Terrain
|-heal|p1a: Dondozo|100/100|[from] item: Leftovers
|upkeep
|turn|7
|
|t:|1760822648
|switch|p1a: Cinderace|Cinderace, F|100/100
|move|p2a: Rillaboom|U-turn|p1a: Cinderace
|-resisted|p1a: Cinderace
|-damage|p1a: Cinderace|86/100
|
|t:|1760822671
|switch|p2a: Iron Treads|Iron Treads|73/100|[from] U-turn
|
|-heal|p1a: Cinderace|92/100|[from] Grassy Terrain
|-heal|p2a: Iron Treads|79/100|[from] Grassy Terrain
|-heal|p2a: Iron Treads|85/100|[from] item: Leftovers
|upkeep
|turn|8
|inactive|SpongeGar & Patar has 60 seconds left.
|
|t:|1760822680
|move|p1a: Cinderace|Will-O-Wisp|p2a: Iron Treads
|-status|p2a: Iron Treads|brn
|move|p2a: Iron Treads|Knock Off|p1a: Cinderace
|-damage|p1a: Cinderace|77/100
|-enditem|p1a: Cinderace|Heavy-Duty Boots|[from] move: Knock Off|[of] p2a: Iron Treads
|
|-heal|p1a: Cinderace|83/100|[from] Grassy Terrain
|-heal|p2a: Iron Treads|92/100 brn|[from] Grassy Terrain
|-heal|p2a: Iron Treads|98/100 brn|[from] item: Leftovers
|-damage|p2a: Iron Treads|92/100 brn|[from] brn
|upkeep
|turn|9
|
|t:|1760822690
|-end|p2a: Iron Treads|Quark Drive|[silent]
|switch|p2a: Moltres|Moltres|78/100
|move|p1a: Cinderace|Pyro Ball|p2a: Moltres
|-resisted|p2a: Moltres
|-damage|p2a: Moltres|54/100
|
|-heal|p1a: Cinderace|89/100|[from] Grassy Terrain
|upkeep
|turn|10
|
|t:|1760822700
|move|p1a: Cinderace|Court Change|p1a: Cinderace
|-swapsideconditions
|-activate|p1a: Cinderace|move: Court Change
|move|p2a: Moltres|Roost|p2a: Moltres
|-heal|p2a: Moltres|100/100
|-singleturn|p2a: Moltres|move: Roost
|
|-heal|p1a: Cinderace|95/100|[from] Grassy Terrain
|upkeep
|turn|11
|
|t:|1760822709
|move|p1a: Cinderace|Pyro Ball|p2a: Moltres|[miss]
|-miss|p1a: Cinderace|p2a: Moltres
|move|p2a: Moltres|U-turn|p1a: Cinderace
|-resisted|p1a: Cinderace
|-damage|p1a: Cinderace|86/100
|
|t:|1760822714
|switch|p2a: Zamazenta|Zamazenta|76/100|[from] U-turn
|-damage|p2a: Zamazenta|69/100|[from] Stealth Rock
|
|-heal|p2a: Zamazenta|76/100|[from] Grassy Terrain
|-heal|p2a: Zamazenta|82/100|[from] item: Leftovers
|-heal|p1a: Cinderace|92/100|[from] Grassy Terrain
|upkeep
|turn|12
|
|t:|1760822723
|switch|p2a: Moltres|Moltres|100/100
|move|p1a: Cinderace|Will-O-Wisp|p2a: Moltres
|-immune|p2a: Moltres
|
|-heal|p1a: Cinderace|98/100|[from] Grassy Terrain
|upkeep
|turn|13
|inactive|SpongeGar & Patar has 90 seconds left.
|
|t:|1760822732
|move|p1a: Cinderace|Pyro Ball|p2a: Moltres
|-resisted|p2a: Moltres
|-damage|p2a: Moltres|78/100
|move|p2a: Moltres|U-turn|p1a: Cinderace
|-resisted|p1a: Cinderace
|-damage|p1a: Cinderace|90/100
|
|t:|1760822737
|switch|p2a: Zamazenta|Zamazenta|82/100|[from] U-turn
|-damage|p2a: Zamazenta|76/100|[from] Stealth Rock
|
|-heal|p2a: Zamazenta|82/100|[from] Grassy Terrain
|-heal|p2a: Zamazenta|88/100|[from] item: Leftovers
|-heal|p1a: Cinderace|96/100|[from] Grassy Terrain
|-fieldend|move: Grassy Terrain
|upkeep
|turn|14
|inactive|SpongeGar & Patar has 90 seconds left.
|inactive|SpongeGar & Patar has 60 seconds left.
|
|t:|1760822786
|move|p2a: Zamazenta|Substitute|p2a: Zamazenta
|-start|p2a: Zamazenta|Substitute
|-damage|p2a: Zamazenta|63/100
|move|p1a: Cinderace|Pyro Ball|p2a: Zamazenta
|-end|p2a: Zamazenta|Substitute
|
|-heal|p2a: Zamazenta|69/100|[from] item: Leftovers
|upkeep
|turn|15
|inactive|SpongeGar & Patar has 60 seconds left.
|inactive|SpongeGar & Patar has 30 seconds left.
|
|t:|1760822835
|move|p2a: Zamazenta|Substitute|p2a: Zamazenta
|-start|p2a: Zamazenta|Substitute
|-damage|p2a: Zamazenta|44/100
|move|p1a: Cinderace|Pyro Ball|p2a: Zamazenta|[miss]
|-miss|p1a: Cinderace|p2a: Zamazenta
|
|-heal|p2a: Zamazenta|50/100|[from] item: Leftovers
|upkeep
|turn|16
|inactive|SpongeGar & Patar has 30 seconds left.
|
|t:|1760822845
|switch|p1a: Dondozo|Dondozo, M|100/100
|move|p2a: Zamazenta|Body Press|p1a: Dondozo
|-damage|p1a: Dondozo|84/100
|
|-heal|p2a: Zamazenta|57/100|[from] item: Leftovers
|-heal|p1a: Dondozo|90/100|[from] item: Leftovers
|upkeep
|turn|17
|
|t:|1760822855
|move|p2a: Zamazenta|Crunch|p1a: Dondozo
|-damage|p1a: Dondozo|81/100
|move|p1a: Dondozo|Curse|p1a: Dondozo
|-unboost|p1a: Dondozo|spe|1
|-boost|p1a: Dondozo|atk|1
|-boost|p1a: Dondozo|def|1
|
|-heal|p2a: Zamazenta|63/100|[from] item: Leftovers
|-heal|p1a: Dondozo|87/100|[from] item: Leftovers
|upkeep
|turn|18
|
|t:|1760822865
|move|p2a: Zamazenta|Crunch|p1a: Dondozo
|-damage|p1a: Dondozo|81/100
|move|p1a: Dondozo|Waterfall|p2a: Zamazenta
|-end|p2a: Zamazenta|Substitute
|
|-heal|p2a: Zamazenta|69/100|[from] item: Leftovers
|-heal|p1a: Dondozo|87/100|[from] item: Leftovers
|upkeep
|turn|19
|
|t:|1760822874
|switch|p2a: Rillaboom|Rillaboom, M|100/100
|-damage|p2a: Rillaboom|88/100|[from] Stealth Rock
|-fieldstart|move: Grassy Terrain|[from] ability: Grassy Surge|[of] p2a: Rillaboom
|move|p1a: Dondozo|Waterfall|p2a: Rillaboom
|-resisted|p2a: Rillaboom
|-damage|p2a: Rillaboom|68/100
|
|-heal|p2a: Rillaboom|74/100|[from] Grassy Terrain
|-heal|p1a: Dondozo|93/100|[from] Grassy Terrain
|-heal|p1a: Dondozo|99/100|[from] item: Leftovers
|upkeep
|turn|20
|
|t:|1760822885
|move|p2a: Rillaboom|U-turn|p1a: Dondozo
|-damage|p1a: Dondozo|92/100
|
|t:|1760822887
|switch|p2a: Gholdengo|Gholdengo|100/100|[from] U-turn
|-damage|p2a: Gholdengo|94/100|[from] Stealth Rock
|-enditem|p2a: Gholdengo|Grassy Seed
|-boost|p2a: Gholdengo|def|1|[from] item: Grassy Seed
|move|p1a: Dondozo|Waterfall|p2a: Gholdengo
|-damage|p2a: Gholdengo|51/100
|
|-heal|p2a: Gholdengo|58/100|[from] Grassy Terrain
|-heal|p1a: Dondozo|98/100|[from] Grassy Terrain
|-heal|p1a: Dondozo|100/100|[from] item: Leftovers
|upkeep
|turn|21
|
|t:|1760822897
|switch|p1a: Kyurem|Kyurem|79/100
|-ability|p1a: Kyurem|Pressure
|move|p2a: Gholdengo|Shadow Ball|p1a: Kyurem
|-damage|p1a: Kyurem|39/100
|
|-heal|p1a: Kyurem|45/100|[from] Grassy Terrain
|-heal|p2a: Gholdengo|64/100|[from] Grassy Terrain
|upkeep
|turn|22
|inactive|SpongeGar & Patar has 60 seconds left.
|
|t:|1760822907
|switch|p2a: Zamazenta|Zamazenta|69/100
|-damage|p2a: Zamazenta|63/100|[from] Stealth Rock
|move|p1a: Kyurem|Earth Power|p2a: Zamazenta
|-damage|p2a: Zamazenta|35/100
|
|-heal|p2a: Zamazenta|41/100|[from] Grassy Terrain
|-heal|p2a: Zamazenta|47/100|[from] item: Leftovers
|-heal|p1a: Kyurem|51/100|[from] Grassy Terrain
|upkeep
|turn|23
|
|t:|1760822917
|switch|p1a: Dondozo|Dondozo, M|100/100
|move|p2a: Zamazenta|Body Press|p1a: Dondozo
|-damage|p1a: Dondozo|85/100
|
|-heal|p2a: Zamazenta|53/100|[from] Grassy Terrain
|-heal|p2a: Zamazenta|60/100|[from] item: Leftovers
|-heal|p1a: Dondozo|91/100|[from] Grassy Terrain
|-heal|p1a: Dondozo|97/100|[from] item: Leftovers
|upkeep
|turn|24
|
|t:|1760822926
|switch|p2a: Gholdengo|Gholdengo|64/100
|-damage|p2a: Gholdengo|58/100|[from] Stealth Rock
|move|p1a: Dondozo|Curse|p1a: Dondozo
|-unboost|p1a: Dondozo|spe|1
|-boost|p1a: Dondozo|atk|1
|-boost|p1a: Dondozo|def|1
|
|-heal|p2a: Gholdengo|64/100|[from] Grassy Terrain
|-heal|p1a: Dondozo|100/100|[from] Grassy Terrain
|upkeep
|turn|25
|
|t:|1760822935
|move|p2a: Gholdengo|Shadow Ball|p1a: Dondozo
|-damage|p1a: Dondozo|53/100
|move|p1a: Dondozo|Waterfall|p2a: Gholdengo
|-damage|p2a: Gholdengo|24/100
|
|-heal|p2a: Gholdengo|30/100|[from] Grassy Terrain
|-heal|p1a: Dondozo|60/100|[from] Grassy Terrain
|-heal|p1a: Dondozo|66/100|[from] item: Leftovers
|upkeep
|turn|26
|
|t:|1760822945
|move|p2a: Gholdengo|Recover|p2a: Gholdengo
|-heal|p2a: Gholdengo|80/100
|move|p1a: Dondozo|Waterfall|p2a: Gholdengo
|-damage|p2a: Gholdengo|41/100
|
|-heal|p2a: Gholdengo|47/100|[from] Grassy Terrain
|-heal|p1a: Dondozo|72/100|[from] Grassy Terrain
|-heal|p1a: Dondozo|78/100|[from] item: Leftovers
|-fieldend|move: Grassy Terrain
|upkeep
|turn|27
|
|t:|1760822955
|move|p2a: Gholdengo|Shadow Ball|p1a: Dondozo
|-damage|p1a: Dondozo|30/100
|move|p1a: Dondozo|Waterfall|p2a: Gholdengo
|-damage|p2a: Gholdengo|6/100
|
|-heal|p1a: Dondozo|36/100|[from] item: Leftovers
|upkeep
|turn|28
|inactive|SpongeGar & Patar has 90 seconds left.
|
|t:|1760822965
|move|p2a: Gholdengo|Recover|p2a: Gholdengo
|-heal|p2a: Gholdengo|56/100
|move|p1a: Dondozo|Waterfall|p2a: Gholdengo
|-damage|p2a: Gholdengo|18/100
|
|-heal|p1a: Dondozo|42/100|[from] item: Leftovers
|upkeep
|turn|29
|inactive|SpongeGar & Patar has 90 seconds left.
|inactive|SpongeGar & Patar has 60 seconds left.
|
|t:|1760823013
|move|p2a: Gholdengo|Shadow Ball|p1a: Dondozo
|-damage|p1a: Dondozo|0 fnt
|faint|p1a: Dondozo
|
|upkeep
|inactive|SpongeGar & Patar has 30 seconds left.
|inactive|SpongeGar & Patar has 20 seconds left.
|inactive|SpongeGar & Patar has 15 seconds left.
|
|t:|1760823061
|switch|p1a: Kyurem|Kyurem|51/100
|-ability|p1a: Kyurem|Pressure
|turn|30
|inactive|SpongeGar & Patar has 25 seconds left this turn.
|inactive|SpongeGar & Patar has 20 seconds left.
|
|t:|1760823078
|switch|p2a: Moltres|Moltres|78/100
|move|p1a: Kyurem|Earth Power|p2a: Moltres
|-immune|p2a: Moltres
|
|upkeep
|turn|31
|inactive|SpongeGar & Patar has 30 seconds left this turn.
|
|t:|1760823087
|move|p1a: Kyurem|Freeze-Dry|p2a: Moltres
|-damage|p2a: Moltres|53/100
|move|p2a: Moltres|Flamethrower|p1a: Kyurem
|-damage|p1a: Kyurem|13/100
|
|upkeep
|turn|32
|inactive|SpongeGar & Patar has 30 seconds left.
|
|t:|1760823107
|move|p1a: Kyurem|Freeze-Dry|p2a: Moltres
|-damage|p2a: Moltres|27/100
|move|p2a: Moltres|Roost|p2a: Moltres
|-heal|p2a: Moltres|77/100
|-singleturn|p2a: Moltres|move: Roost
|
|upkeep
|turn|33
|inactive|SpongeGar & Patar has 30 seconds left.
|j| jakkuza
|
|t:|1760823127
|move|p1a: Kyurem|Freeze-Dry|p2a: Moltres
|-damage|p2a: Moltres|50/100
|move|p2a: Moltres|Flamethrower|p1a: Kyurem
|-damage|p1a: Kyurem|0 fnt
|faint|p1a: Kyurem
|
|upkeep
|inactive|SpongeGar & Patar has 30 seconds left.
|
|t:|1760823137
|switch|p1a: Ting-Lu|Ting-Lu|100/100
|-ability|p1a: Ting-Lu|Vessel of Ruin
|turn|34
|
|t:|1760823146
|switch|p1a: Slowking|Slowking-Galar, L99, F|100/100
|move|p2a: Moltres|Roost|p2a: Moltres
|-heal|p2a: Moltres|99/100
|-singleturn|p2a: Moltres|move: Roost
|
|upkeep
|turn|35
|
|t:|1760823156
|move|p2a: Moltres|U-turn|p1a: Slowking
|-damage|p1a: Slowking|86/100
|
|t:|1760823161
|switch|p2a: Iron Treads|Iron Treads|92/100 brn|[from] U-turn
|-damage|p2a: Iron Treads|89/100 brn|[from] Stealth Rock
|-prepare|p1a: Slowking|Chilly Reception|[premajor]
|move|p1a: Slowking|Chilly Reception|p1a: Slowking
|-weather|Snowscape
|
|t:|1760823170
|switch|p1a: Cinderace|Cinderace, F|96/100|[from] Chilly Reception
|
|-weather|Snowscape|[upkeep]
|-heal|p2a: Iron Treads|95/100 brn|[from] item: Leftovers
|-damage|p2a: Iron Treads|89/100 brn|[from] brn
|upkeep
|turn|36
|
|t:|1760823180
|move|p1a: Cinderace|Pyro Ball|p2a: Iron Treads
|-supereffective|p2a: Iron Treads
|-damage|p2a: Iron Treads|17/100 brn
|move|p2a: Iron Treads|Stealth Rock|p1a: Cinderace
|-sidestart|p1: SpongeGar & Patar|move: Stealth Rock
|
|-weather|Snowscape|[upkeep]
|-heal|p2a: Iron Treads|23/100 brn|[from] item: Leftovers
|-damage|p2a: Iron Treads|17/100 brn|[from] brn
|upkeep
|turn|37
|
|t:|1760823205
|-end|p2a: Iron Treads|Quark Drive|[silent]
|switch|p2a: Moltres|Moltres|99/100
|move|p1a: Cinderace|Pyro Ball|p2a: Moltres
|-resisted|p2a: Moltres
|-damage|p2a: Moltres|77/100
|
|-weather|Snowscape|[upkeep]
|upkeep
|turn|38
|inactive|SpongeGar & Patar has 60 seconds left.
|
|t:|1760823217
|move|p1a: Cinderace|Will-O-Wisp|p2a: Moltres
|-immune|p2a: Moltres
|move|p2a: Moltres|U-turn|p1a: Cinderace
|-resisted|p1a: Cinderace
|-damage|p1a: Cinderace|87/100
|
|t:|1760823220
|switch|p2a: Iron Treads|Iron Treads|17/100 brn|[from] U-turn
|-damage|p2a: Iron Treads|14/100 brn|[from] Stealth Rock
|
|-weather|Snowscape|[upkeep]
|-heal|p2a: Iron Treads|20/100 brn|[from] item: Leftovers
|-damage|p2a: Iron Treads|14/100 brn|[from] brn
|upkeep
|turn|39
|
|t:|1760823229
|-end|p2a: Iron Treads|Quark Drive|[silent]
|switch|p2a: Moltres|Moltres|77/100
|move|p1a: Cinderace|Court Change|p1a: Cinderace
|-swapsideconditions
|-activate|p1a: Cinderace|move: Court Change
|
|-weather|none
|upkeep
|turn|40
|
|t:|1760823239
|move|p1a: Cinderace|Will-O-Wisp|p2a: Moltres|[miss]
|-miss|p1a: Cinderace|p2a: Moltres
|move|p2a: Moltres|U-turn|p1a: Cinderace
|-resisted|p1a: Cinderace
|-damage|p1a: Cinderace|78/100
|
|t:|1760823241
|switch|p2a: Zamazenta|Zamazenta|60/100|[from] U-turn
|-damage|p2a: Zamazenta|53/100|[from] Stealth Rock
|
|-heal|p2a: Zamazenta|60/100|[from] item: Leftovers
|upkeep
|turn|41
|
|t:|1760823250
|move|p2a: Zamazenta|Substitute|p2a: Zamazenta
|-start|p2a: Zamazenta|Substitute
|-damage|p2a: Zamazenta|35/100
|move|p1a: Cinderace|Will-O-Wisp||[still]
|-fail|p1a: Cinderace
|
|-heal|p2a: Zamazenta|41/100|[from] item: Leftovers
|upkeep
|turn|42
|inactive|SpongeGar & Patar has 90 seconds left.
|
|t:|1760823266
|switch|p1a: Slowking|Slowking-Galar, L99, F|100/100
|move|p2a: Zamazenta|Iron Defense|p2a: Zamazenta
|-boost|p2a: Zamazenta|def|2
|
|-heal|p2a: Zamazenta|47/100|[from] item: Leftovers
|upkeep
|turn|43
|
|t:|1760823277
|-terastallize|p2a: Zamazenta|Steel
|move|p2a: Zamazenta|Crunch|p1a: Slowking
|-supereffective|p1a: Slowking
|-damage|p1a: Slowking|58/100
|move|p1a: Slowking|Sludge Bomb|p2a: Zamazenta
|-immune|p2a: Zamazenta
|
|-heal|p2a: Zamazenta|53/100|[from] item: Leftovers
|upkeep
|turn|44
|
|t:|1760823290
|move|p2a: Zamazenta|Crunch|p1a: Slowking
|-supereffective|p1a: Slowking
|-damage|p1a: Slowking|15/100
|-prepare|p1a: Slowking|Chilly Reception|[premajor]
|move|p1a: Slowking|Chilly Reception|p1a: Slowking
|-weather|Snowscape
|
|t:|1760823299
|switch|p1a: Corviknight|Corviknight, F|100/100|[from] Chilly Reception
|-damage|p1a: Corviknight|88/100|[from] Stealth Rock
|-ability|p1a: Corviknight|Pressure
|
|-weather|Snowscape|[upkeep]
|-heal|p2a: Zamazenta|59/100|[from] item: Leftovers
|upkeep
|turn|45
|
|t:|1760823314
|move|p2a: Zamazenta|Iron Defense|p2a: Zamazenta
|-boost|p2a: Zamazenta|def|2
|move|p1a: Corviknight|Roost|p1a: Corviknight
|-heal|p1a: Corviknight|100/100
|-singleturn|p1a: Corviknight|move: Roost
|
|-weather|Snowscape|[upkeep]
|-heal|p2a: Zamazenta|65/100|[from] item: Leftovers
|upkeep
|turn|46
|
|t:|1760823325
|move|p2a: Zamazenta|Iron Defense|p2a: Zamazenta
|-boost|p2a: Zamazenta|def|2
|move|p1a: Corviknight|Roost||[still]
|-fail|p1a: Corviknight|heal
|
|-weather|Snowscape|[upkeep]
|-heal|p2a: Zamazenta|72/100|[from] item: Leftovers
|upkeep
|turn|47
|
|t:|1760823335
|move|p2a: Zamazenta|Body Press|p1a: Corviknight
|-damage|p1a: Corviknight|7/100
|-damage|p2a: Zamazenta|55/100|[from] item: Rocky Helmet|[of] p1a: Corviknight
|move|p1a: Corviknight|U-turn|p2a: Zamazenta
|-resisted|p2a: Zamazenta
|-activate|p2a: Zamazenta|move: Substitute|[damage]
|
|t:|1760823344
|switch|p1a: Slowking|Slowking-Galar, L99, F|48/100|[from] U-turn
|
|-weather|Snowscape|[upkeep]
|-heal|p2a: Zamazenta|61/100|[from] item: Leftovers
|upkeep
|turn|48
|inactive|SpongeGar & Patar has 120 seconds left.
|
|t:|1760823354
|switch|p1a: Corviknight|Corviknight, F|7/100
|-damage|p1a: Corviknight|0 fnt|[from] Stealth Rock
|faint|p1a: Corviknight
|move|p2a: Zamazenta|Crunch|p1: Corviknight|[notarget]
|-fail|p2a: Zamazenta
|
|-weather|none
|-heal|p2a: Zamazenta|67/100|[from] item: Leftovers
|upkeep
|inactive|SpongeGar & Patar has 120 seconds left.
|
|t:|1760823363
|switch|p1a: Slowking|Slowking-Galar, L99, F|82/100
|turn|49
|
|t:|1760823372
|move|p2a: Zamazenta|Crunch|p1a: Slowking
|-supereffective|p1a: Slowking
|-damage|p1a: Slowking|33/100
|-prepare|p1a: Slowking|Chilly Reception|[premajor]
|move|p1a: Slowking|Chilly Reception|p1a: Slowking
|-weather|Snowscape
|
|t:|1760823382
|switch|p1a: Ting-Lu|Ting-Lu|100/100|[from] Chilly Reception
|-damage|p1a: Ting-Lu|94/100|[from] Stealth Rock
|-ability|p1a: Ting-Lu|Vessel of Ruin
|
|-weather|Snowscape|[upkeep]
|-heal|p2a: Zamazenta|74/100|[from] item: Leftovers
|-heal|p1a: Ting-Lu|100/100|[from] item: Leftovers
|upkeep
|turn|50
|
|t:|1760823391
|-terastallize|p1a: Ting-Lu|Water
|move|p2a: Zamazenta|Body Press|p1a: Ting-Lu
|-crit|p1a: Ting-Lu
|-damage|p1a: Ting-Lu|0 fnt
|faint|p1a: Ting-Lu
|
|-weather|Snowscape|[upkeep]
|-heal|p2a: Zamazenta|80/100|[from] item: Leftovers
|upkeep
|
|t:|1760823399
|switch|p1a: Slowking|Slowking-Galar, L99, F|66/100
|turn|51
|
|t:|1760823407
|move|p2a: Zamazenta|Crunch|p1a: Slowking
|-supereffective|p1a: Slowking
|-damage|p1a: Slowking|20/100
|-prepare|p1a: Slowking|Chilly Reception|[premajor]
|move|p1a: Slowking|Chilly Reception|p1a: Slowking
|
|t:|1760823415
|switch|p1a: Cinderace|Cinderace, F|78/100|[from] Chilly Reception
|-damage|p1a: Cinderace|53/100|[from] Stealth Rock
|
|-weather|Snowscape|[upkeep]
|-heal|p2a: Zamazenta|86/100|[from] item: Leftovers
|upkeep
|turn|52
|
|t:|1760823423
|switch|p1a: Slowking|Slowking-Galar, L99, F|53/100
|move|p2a: Zamazenta|Body Press|p1a: Slowking
|-resisted|p1a: Slowking
|-damage|p1a: Slowking|14/100
|
|-weather|Snowscape|[upkeep]
|-heal|p2a: Zamazenta|92/100|[from] item: Leftovers
|upkeep
|turn|53
|
|t:|1760823435
|switch|p1a: Cinderace|Cinderace, F|53/100
|-damage|p1a: Cinderace|28/100|[from] Stealth Rock
|move|p2a: Zamazenta|Crunch|p1a: Cinderace
|-damage|p1a: Cinderace|3/100
|
|-weather|none
|-heal|p2a: Zamazenta|98/100|[from] item: Leftovers
|upkeep
|turn|54
|
|t:|1760823446
|switch|p1a: Slowking|Slowking-Galar, L99, F|47/100
|move|p2a: Zamazenta|Crunch|p1a: Slowking
|-supereffective|p1a: Slowking
|-damage|p1a: Slowking|3/100
|
|-heal|p2a: Zamazenta|100/100|[from] item: Leftovers
|upkeep
|turn|55
|
|t:|1760823451
|switch|p1a: Cinderace|Cinderace, F|3/100
|-damage|p1a: Cinderace|0 fnt|[from] Stealth Rock
|faint|p1a: Cinderace
|move|p2a: Zamazenta|Crunch|p1: Cinderace|[notarget]
|-fail|p2a: Zamazenta
|
|upkeep
|
|t:|1760823456
|switch|p1a: Slowking|Slowking-Galar, L99, F|36/100
|turn|56
|
|t:|1760823462
|move|p2a: Zamazenta|Crunch|p1a: Slowking
|-supereffective|p1a: Slowking
|-damage|p1a: Slowking|0 fnt
|faint|p1a: Slowking
|
|win|Sanesa8724
|raw|SpongeGar &amp; Patar's rating: 1829 &rarr; <strong>1813</strong><br />(-16 for losing)
|raw|Sanesa8724's rating: 1903 &rarr; <strong>1919</strong><br />(+16 for winning)
|l|☆SpongeGar & Patar
|player|p1|
