|j|‽mantikarp2.0
|j|☆arinein
|t:|1760860888
|gametype|singles
|player|p1|mantikarp2.0|265|1526
|player|p2|arinein|170|1414
|gen|9
|tier|[Gen 9] OU
|rated|
|rule|HP Percentage Mod: HP is shown in percentages
|rule|Endless Battle Clause: Forcing endless battles is banned
|rule|Species Clause: Limit one of each Pokémon
|rule|OHKO Clause: OHKO moves are banned
|rule|Evasion Items Clause: Evasion items are banned
|rule|Evasion Moves Clause: Evasion moves are banned
|rule|Evasion Abilities Clause: Evasion abilities are banned
|rule|Sleep Moves Clause: Sleep-inducing moves are banned
|clearpoke
|poke|p1|Dragapult, F|
|poke|p1|Iron Moth|
|poke|p1|Serperior, F|
|poke|p1|Iron Treads|
|poke|p1|Dragonite, F|
|poke|p1|Greninja-*, M|
|poke|p2|Decidueye-Hisui, F|
|poke|p2|Cresselia, F|
|poke|p2|Hatterene, F|
|poke|p2|Ursaluna, F|
|poke|p2|Iron Valiant|
|poke|p2|Ogerpon-Wellspring, F|
|teampreview
|inactive|Battle timer is ON: inactive players will automatically lose when time's up. (requested by arinein)
|
|t:|1760860899
|teamsize|p1|6
|teamsize|p2|6
|start
|switch|p1a: Dragapult|Dragapult, F|100/100
|switch|p2a: Hatterene|Hatterene, F|100/100
|turn|1
|
|t:|1760860905
|move|p1a: Dragapult|Hex|p2a: Hatterene
|-supereffective|p2a: Hatterene
|-damage|p2a: Hatterene|48/100
|move|p2a: Hatterene|Trick Room|p2a: Hatterene
|-fieldstart|move: Trick Room|[of] p2a: Hatterene
|
|upkeep
|turn|2
|
|t:|1760860911
|move|p2a: Hatterene|Nuzzle|p1a: Dragapult
|-resisted|p1a: Dragapult
|-damage|p1a: Dragapult|97/100
|-status|p1a: Dragapult|par
|cant|p1a: Dragapult|par
|
|upkeep
|turn|3
|
|t:|1760860918
|move|p2a: Hatterene|Healing Wish|p2a: Hatterene
|faint|p2a: Hatterene
|move|p1a: Dragapult|Hex|p2: Hatterene|[notarget]
|-fail|p1a: Dragapult
|
|upkeep
|
|t:|1760860931
|switch|p2a: Ursaluna|Ursaluna, F|100/100
|turn|4
|
|t:|1760860937
|move|p2a: Ursaluna|Headlong Rush|p1a: Dragapult
|-damage|p1a: Dragapult|0 fnt
|-unboost|p2a: Ursaluna|def|1
|-unboost|p2a: Ursaluna|spd|1
|faint|p1a: Dragapult
|
|-status|p2a: Ursaluna|brn|[from] item: Flame Orb
|upkeep
|
|t:|1760860951
|switch|p1a: Greninja|Greninja, M|100/100
|turn|5
|
|t:|1760860955
|-terastallize|p1a: Greninja|Ghost
|move|p2a: Ursaluna|Facade|p1a: Greninja
|-immune|p1a: Greninja
|move|p1a: Greninja|Surf|p2a: Ursaluna
|-supereffective|p2a: Ursaluna
|-damage|p2a: Ursaluna|0 fnt
|faint|p2a: Ursaluna
|-ability|p1a: Greninja|Battle Bond|boost
|-boost|p1a: Greninja|atk|1
|-boost|p1a: Greninja|spa|1
|-boost|p1a: Greninja|spe|1
|-activate|p1a: Greninja|ability: Battle Bond
|-damage|p1a: Greninja|91/100|[from] item: Life Orb
|
|-fieldend|move: Trick Room
|upkeep
|
|t:|1760860962
|switch|p2a: Cresselia|Cresselia, F|100/100
|turn|6
|
|t:|1760860966
|move|p1a: Greninja|Dark Pulse|p2a: Cresselia
|-supereffective|p2a: Cresselia
|-damage|p2a: Cresselia|14/100
|-damage|p1a: Greninja|81/100|[from] item: Life Orb
|move|p2a: Cresselia|Trick Room|p2a: Cresselia
|-fieldstart|move: Trick Room|[of] p2a: Cresselia
|
|upkeep
|turn|7
|
|t:|1760860976
|move|p1a: Greninja|Water Shuriken|p2a: Cresselia
|-damage|p2a: Cresselia|5/100
|-crit|p2a: Cresselia
|-damage|p2a: Cresselia|0 fnt
|faint|p2a: Cresselia
|-hitcount|p2: Cresselia|2
|-damage|p1a: Greninja|71/100|[from] item: Life Orb
|
|upkeep
|
|t:|1760860983
|switch|p2a: Decidueye|Decidueye-Hisui, F|100/100
|turn|8
|inactive|mantikarp2.0 has 120 seconds left.
|
|t:|1760861014
|-terastallize|p2a: Decidueye|Dark
|move|p1a: Greninja|Water Shuriken|p2a: Decidueye
|-damage|p2a: Decidueye|88/100
|-crit|p2a: Decidueye
|-damage|p2a: Decidueye|69/100
|-damage|p2a: Decidueye|56/100
|-hitcount|p2a: Decidueye|3
|-damage|p1a: Greninja|61/100|[from] item: Life Orb
|move|p2a: Decidueye|Knock Off|p1a: Greninja
|-supereffective|p1a: Greninja
|-damage|p1a: Greninja|0 fnt
|-enditem|p1a: Greninja|Life Orb|[from] move: Knock Off|[of] p2a: Decidueye
|faint|p1a: Greninja
|
|upkeep
|inactive|mantikarp2.0 has 120 seconds left.
|
|t:|1760861043
|switch|p1a: Dragonite|Dragonite, F|100/100
|turn|9
|
|t:|1760861048
|move|p2a: Decidueye|Knock Off|p1a: Dragonite
|-damage|p1a: Dragonite|59/100
|-enditem|p1a: Dragonite|Loaded Dice|[from] move: Knock Off|[of] p2a: Decidueye
|move|p1a: Dragonite|Scale Shot|p2a: Decidueye
|-damage|p2a: Decidueye|41/100
|-damage|p2a: Decidueye|25/100
|-damage|p2a: Decidueye|8/100
|-hitcount|p2a: Decidueye|3
|-unboost|p1a: Dragonite|def|1
|-boost|p1a: Dragonite|spe|1
|
|upkeep
|turn|10
|
|t:|1760861058
|move|p2a: Decidueye|Knock Off|p1a: Dragonite
|-damage|p1a: Dragonite|0 fnt
|faint|p1a: Dragonite
|
|-fieldend|move: Trick Room
|upkeep
|
|t:|1760861064
|switch|p1a: Serperior|Serperior, F|100/100
|turn|11
|
|t:|1760861073
|move|p1a: Serperior|Leaf Storm|p2a: Decidueye
|-damage|p2a: Decidueye|0 fnt
|-boost|p1a: Serperior|spa|2
|faint|p2a: Decidueye
|
|upkeep
|
|t:|1760861090
|switch|p2a: Iron Valiant|Iron Valiant|100/100
|-enditem|p2a: Iron Valiant|Booster Energy
|-activate|p2a: Iron Valiant|ability: Quark Drive|[fromitem]
|-start|p2a: Iron Valiant|quarkdrivespe
|turn|12
|
|t:|1760861097
|move|p1a: Serperior|Endure|p1a: Serperior
|-singleturn|p1a: Serperior|move: Endure
|move|p2a: Iron Valiant|Moonblast|p1a: Serperior
|-damage|p1a: Serperior|43/100
|
|upkeep
|turn|13
|
|t:|1760861107
|move|p1a: Serperior|Endure||[still]
|-fail|p1a: Serperior
|move|p2a: Iron Valiant|Encore|p1a: Serperior
|-start|p1a: Serperior|Encore
|
|upkeep
|turn|14
|
|t:|1760861114
|switch|p1a: Iron Treads|Iron Treads|100/100
|-enditem|p1a: Iron Treads|Booster Energy
|-activate|p1a: Iron Treads|ability: Quark Drive|[fromitem]
|-start|p1a: Iron Treads|quarkdrivespe
|move|p2a: Iron Valiant|Calm Mind|p2a: Iron Valiant
|-boost|p2a: Iron Valiant|spa|1
|-boost|p2a: Iron Valiant|spd|1
|
|upkeep
|turn|15
|
|t:|1760861123
|-end|p2a: Iron Valiant|Quark Drive|[silent]
|switch|p2a: Ogerpon|Ogerpon-Wellspring, F|100/100
|move|p1a: Iron Treads|Earthquake|p2a: Ogerpon
|-resisted|p2a: Ogerpon
|-damage|p2a: Ogerpon|69/100
|
|upkeep
|turn|16
|
|t:|1760861133
|move|p1a: Iron Treads|Earthquake|p2a: Ogerpon
|-resisted|p2a: Ogerpon
|-damage|p2a: Ogerpon|37/100
|move|p2a: Ogerpon|Ivy Cudgel|p1a: Iron Treads|[anim] Ivy Cudgel Water
|-supereffective|p1a: Iron Treads
|-damage|p1a: Iron Treads|0 fnt
|faint|p1a: Iron Treads
|-end|p1a: Iron Treads|Quark Drive|[silent]
|
|upkeep
|
|t:|1760861141
|switch|p1a: Serperior|Serperior, F|43/100
|turn|17
|
|t:|1760861147
|move|p1a: Serperior|Leaf Storm|p2a: Ogerpon
|-damage|p2a: Ogerpon|0 fnt
|-boost|p1a: Serperior|spa|2
|faint|p2a: Ogerpon
|
|upkeep
|
|t:|1760861149
|switch|p2a: Iron Valiant|Iron Valiant|100/100
|turn|18
|
|t:|1760861154
|move|p2a: Iron Valiant|Calm Mind|p2a: Iron Valiant
|-boost|p2a: Iron Valiant|spa|1
|-boost|p2a: Iron Valiant|spd|1
|move|p1a: Serperior|Leaf Storm|p2a: Iron Valiant
|-damage|p2a: Iron Valiant|0 fnt
|-boost|p1a: Serperior|spa|2
|faint|p2a: Iron Valiant
|-end|p2a: Iron Valiant|Quark Drive|[silent]
|
|win|mantikarp2.0
|raw|mantikarp2.0's rating: 1526 &rarr; <strong>1540</strong><br />(+14 for winning)
|raw|arinein's rating: 1414 &rarr; <strong>1400</strong><br />(-14 for losing)
|l|☆arinein
|player|p2|
|l|‽mantikarp2.0
|player|p1|
