|badge|p2|silver|gen9ou|30-7
|uhtml|medal-msg|<div class="broadcast-blue">Curious what those medals under the avatar are? PS now has Ladder Seasons! For more information, check out the <a href="https://www.smogon.com/forums/threads/3740067/">thread on Smogon.</a></div>
|j|‽mantikarp2.0
|j|☆jeandonis02
|t:|1760742393
|gametype|singles
|player|p1|mantikarp2.0|medium|1756
|player|p2|jeandonis02|lucas|1969
|gen|9
|tier|[Gen 9] OU
|rated|
|rule|HP Percentage Mod: HP is shown in percentages
|rule|Endless Battle Clause: Forcing endless battles is banned
|rule|Species Clause: Limit one of each Pokémon
|rule|OHKO Clause: OHKO moves are banned
|rule|Evasion Items Clause: Evasion items are banned
|rule|Evasion Moves Clause: Evasion moves are banned
|rule|Evasion Abilities Clause: Evasion abilities are banned
|rule|Sleep Moves Clause: Sleep-inducing moves are banned
|clearpoke
|poke|p1|Ribombee, F|
|poke|p1|Gholdengo|
|poke|p1|Great Tusk|
|poke|p1|Raging Bolt|
|poke|p1|Ogerpon-Cornerstone, F|
|poke|p1|Ceruledge, F|
|poke|p2|Garchomp, M|
|poke|p2|Ditto|
|poke|p2|Ceruledge, M|
|poke|p2|Great Tusk|
|poke|p2|Dragapult, M|
|poke|p2|Toxapex, M|
|teampreview
|inactive|Battle timer is ON: inactive players will automatically lose when time's up. (requested by mantikarp2.0)
|
|t:|1760742407
|teamsize|p1|6
|teamsize|p2|6
|start
|switch|p1a: Ribombee|Ribombee, F, shiny|100/100
|switch|p2a: Ceruledge|Ceruledge, M|100/100
|turn|1
|
|t:|1760742416
|move|p1a: Ribombee|Psychic Noise|p2a: Ceruledge
|-damage|p2a: Ceruledge|74/100
|-start|p2a: Ceruledge|move: Heal Block
|cant|p2a: Ceruledge|move: Heal Block|Bitter Blade
|
|upkeep
|turn|2
|j| z the starter
|inactive|mantikarp2.0 has 120 seconds left.
|
|t:|1760742452
|move|p1a: Ribombee|Sticky Web|p2a: Ceruledge
|-sidestart|p2: jeandonis02|move: Sticky Web
|move|p2a: Ceruledge|Swords Dance|p2a: Ceruledge
|-boost|p2a: Ceruledge|atk|2
|
|-end|p2a: Ceruledge|move: Heal Block
|upkeep
|turn|3
|
|t:|1760742458
|move|p1a: Ribombee|Psychic Noise|p2a: Ceruledge
|-damage|p2a: Ceruledge|48/100
|-start|p2a: Ceruledge|move: Heal Block
|move|p2a: Ceruledge|Swords Dance|p2a: Ceruledge
|-boost|p2a: Ceruledge|atk|2
|
|upkeep
|turn|4
|
|t:|1760742470
|move|p2a: Ceruledge|Shadow Sneak|p1a: Ribombee
|-enditem|p1a: Ribombee|Focus Sash
|-damage|p1a: Ribombee|1/100
|move|p1a: Ribombee|Psychic Noise|p2a: Ceruledge
|-damage|p2a: Ceruledge|24/100
|
|-end|p2a: Ceruledge|move: Heal Block
|upkeep
|turn|5
|
|t:|1760742478
|move|p2a: Ceruledge|Shadow Sneak|p1a: Ribombee
|-damage|p1a: Ribombee|0 fnt
|faint|p1a: Ribombee
|
|upkeep
|inactive|mantikarp2.0 has 120 seconds left.
|
|t:|1760742500
|switch|p1a: Ceruledge|Ceruledge, F, shiny|100/100
|turn|6
|
|t:|1760742502
|move|p2a: Ceruledge|Shadow Sneak|p1a: Ceruledge
|-supereffective|p1a: Ceruledge
|-enditem|p1a: Ceruledge|Focus Sash
|-damage|p1a: Ceruledge|1/100
|-ability|p1a: Ceruledge|Weak Armor|boost
|-unboost|p1a: Ceruledge|def|1
|-boost|p1a: Ceruledge|spe|2
|move|p1a: Ceruledge|Shadow Sneak|p2a: Ceruledge
|-supereffective|p2a: Ceruledge
|-damage|p2a: Ceruledge|0 fnt
|faint|p2a: Ceruledge
|
|upkeep
|
|t:|1760742509
|switch|p2a: Ditto|Ditto|100/100
|-activate|p2a: Ditto|move: Sticky Web
|-unboost|p2a: Ditto|spe|1
|-transform|p2a: Ditto|p1a: Ceruledge|[from] ability: Imposter
|turn|7
|inactive|mantikarp2.0 has 120 seconds left.
|
|t:|1760742532
|move|p2a: Ditto|Shadow Sneak|p1a: Ceruledge
|-supereffective|p1a: Ceruledge
|-damage|p1a: Ceruledge|0 fnt
|faint|p1a: Ceruledge
|
|upkeep
|inactive|mantikarp2.0 has 120 seconds left.
|
|t:|1760742547
|switch|p1a: Great Tusk|Great Tusk, shiny|100/100
|-enditem|p1a: Great Tusk|Booster Energy
|-activate|p1a: Great Tusk|ability: Protosynthesis|[fromitem]
|-start|p1a: Great Tusk|protosynthesisatk
|turn|8
|
|t:|1760742555
|switch|p2a: Great Tusk|Great Tusk|100/100
|move|p1a: Great Tusk|Headlong Rush|p2a: Great Tusk
|-damage|p2a: Great Tusk|63/100
|-unboost|p1a: Great Tusk|def|1
|-unboost|p1a: Great Tusk|spd|1
|
|upkeep
|turn|9
|
|t:|1760742565
|-end|p1a: Great Tusk|Protosynthesis|[silent]
|switch|p1a: Gholdengo|Gholdengo, shiny|100/100
|-item|p1a: Gholdengo|Air Balloon
|move|p2a: Great Tusk|Stealth Rock|p1a: Gholdengo
|-sidestart|p1: mantikarp2.0|move: Stealth Rock
|
|upkeep
|turn|10
|j| IM AT MY LIMIT
|
|t:|1760742572
|-end|p2a: Great Tusk|Protosynthesis|[silent]
|switch|p2a: Toxapex|Toxapex, M|100/100
|-activate|p2a: Toxapex|move: Sticky Web
|-unboost|p2a: Toxapex|spe|1
|move|p1a: Gholdengo|Shadow Ball|p2a: Toxapex
|-damage|p2a: Toxapex|72/100
|-unboost|p2a: Toxapex|spd|1
|
|-heal|p2a: Toxapex|78/100|[from] item: Leftovers
|upkeep
|turn|11
|
|t:|1760742578
|move|p1a: Gholdengo|Nasty Plot|p1a: Gholdengo
|-boost|p1a: Gholdengo|spa|2
|move|p2a: Toxapex|Ice Beam|p1a: Gholdengo
|-resisted|p1a: Gholdengo
|-damage|p1a: Gholdengo|94/100
|-enditem|p1a: Gholdengo|Air Balloon
|
|-heal|p2a: Toxapex|84/100|[from] item: Leftovers
|upkeep
|turn|12
|
|t:|1760742584
|move|p1a: Gholdengo|Shadow Ball|p2a: Toxapex
|-damage|p2a: Toxapex|0 fnt
|faint|p2a: Toxapex
|
|upkeep
|
|t:|1760742586
|switch|p2a: Ditto|Ditto|100/100
|-activate|p2a: Ditto|move: Sticky Web
|-unboost|p2a: Ditto|spe|1
|-transform|p2a: Ditto|p1a: Gholdengo|[from] ability: Imposter
|turn|13
|
|t:|1760742597
|-terastallize|p2a: Ditto|Ghost
|move|p2a: Ditto|Shadow Ball|p1a: Gholdengo
|-supereffective|p1a: Gholdengo
|-damage|p1a: Gholdengo|0 fnt
|faint|p1a: Gholdengo
|
|upkeep
|
|t:|1760742603
|switch|p1a: Raging Bolt|Raging Bolt|100/100
|-damage|p1a: Raging Bolt|88/100|[from] Stealth Rock
|-enditem|p1a: Raging Bolt|Booster Energy
|-activate|p1a: Raging Bolt|ability: Protosynthesis|[fromitem]
|-start|p1a: Raging Bolt|protosynthesisspa
|turn|14
|
|t:|1760742611
|move|p1a: Raging Bolt|Thunderclap|p2a: Ditto
|-damage|p2a: Ditto|36/100
|move|p2a: Ditto|Shadow Ball|p1a: Raging Bolt
|-damage|p1a: Raging Bolt|0 fnt
|faint|p1a: Raging Bolt
|-end|p1a: Raging Bolt|Protosynthesis|[silent]
|
|upkeep
|-message|mantikarp2.0 forfeited.
|
|win|jeandonis02
|raw|mantikarp2.0's rating: 1756 &rarr; <strong>1747</strong><br />(-9 for losing)
|raw|jeandonis02's rating: 1969 &rarr; <strong>1978</strong><br />(+9 for winning)
|l|‽mantikarp2.0
|player|p1|
|l| z the starter
|l| IM AT MY LIMIT
