|j|☆rtehrrthr
|j|☆Politoed Migration
|t:|1760806949
|gametype|singles
|player|p1|rtehrrthr|169|1269
|player|p2|Politoed Migration|candice|1270
|gen|9
|tier|[Gen 9] OU
|rated|
|rule|HP Percentage Mod: HP is shown in percentages
|rule|Endless Battle Clause: Forcing endless battles is banned
|rule|Species Clause: Limit one of each Pokémon
|rule|OHKO Clause: OHKO moves are banned
|rule|Evasion Items Clause: Evasion items are banned
|rule|Evasion Moves Clause: Evasion moves are banned
|rule|Evasion Abilities Clause: Evasion abilities are banned
|rule|Sleep Moves Clause: Sleep-inducing moves are banned
|clearpoke
|poke|p1|Garganacl, F|
|poke|p1|Cloyster, F|
|poke|p1|Polteageist|
|poke|p1|Weezing-Galar, F|
|poke|p1|Blaziken, F|
|poke|p1|Donphan, L1, M|
|poke|p2|Okidogi, M|
|poke|p2|Latios, M|
|poke|p2|Tornadus-Therian, M|
|poke|p2|Great Tusk|
|poke|p2|Slowking-Galar, M|
|poke|p2|Heatran, F|
|teampreview
|inactive|Battle timer is ON: inactive players will automatically lose when time's up. (requested by Politoed Migration)
|c|☆Politoed Migration|How is lvl 1 donphan possible
|inactive|rtehrrthr has 120 seconds left.
|inactive|rtehrrthr has 90 seconds left.
|
|t:|1760807011
|teamsize|p1|6
|teamsize|p2|6
|start
|switch|p1a: Cloyster|Cloyster, F, shiny|100/100
|switch|p2a: Latios|Latios, M|100/100
|turn|1
|
|t:|1760807029
|move|p2a: Latios|Flip Turn|p1a: Cloyster
|-resisted|p1a: Cloyster
|-damage|p1a: Cloyster|96/100
|
|t:|1760807033
|switch|p2a: Heatran|Heatran, F|100/100|[from] Flip Turn
|move|p1a: Cloyster|Shell Smash|p1a: Cloyster
|-unboost|p1a: Cloyster|def|1
|-unboost|p1a: Cloyster|spd|1
|-boost|p1a: Cloyster|atk|2
|-boost|p1a: Cloyster|spa|2
|-boost|p1a: Cloyster|spe|2
|
|upkeep
|turn|2
|
|t:|1760807039
|move|p1a: Cloyster|Rock Blast|p2a: Heatran
|-damage|p2a: Heatran|88/100
|-crit|p2a: Heatran
|-damage|p2a: Heatran|71/100
|-damage|p2a: Heatran|60/100
|-damage|p2a: Heatran|49/100
|-damage|p2a: Heatran|37/100
|-hitcount|p2a: Heatran|5
|move|p2a: Heatran|Magma Storm|p1a: Cloyster
|-damage|p1a: Cloyster|0 fnt
|faint|p1a: Cloyster
|
|-heal|p2a: Heatran|43/100|[from] item: Leftovers
|upkeep
|
|t:|1760807046
|switch|p1a: Blaziken|Blaziken, F, shiny|100/100
|turn|3
|
|t:|1760807052
|switch|p2a: Great Tusk|Great Tusk|100/100
|move|p1a: Blaziken|Close Combat|p2a: Great Tusk
|-damage|p2a: Great Tusk|65/100
|-unboost|p1a: Blaziken|def|1
|-unboost|p1a: Blaziken|spd|1
|
|-heal|p2a: Great Tusk|71/100|[from] item: Leftovers
|-ability|p1a: Blaziken|Speed Boost|boost
|-boost|p1a: Blaziken|spe|1
|upkeep
|turn|4
|inactive|rtehrrthr has 120 seconds left.
|
|t:|1760807082
|switch|p1a: Weezing|Weezing-Galar, F, shiny|100/100
|-ability|p1a: Weezing|Neutralizing Gas
|move|p2a: Great Tusk|Stealth Rock|p1a: Weezing
|-sidestart|p1: rtehrrthr|move: Stealth Rock
|
|-heal|p2a: Great Tusk|77/100|[from] item: Leftovers
|upkeep
|turn|5
|
|t:|1760807090
|-end|p2a: Great Tusk|Protosynthesis|[silent]
|switch|p2a: Latios|Latios, M|100/100
|move|p1a: Weezing|Defog|p2a: Latios
|-unboost|p2a: Latios|evasion|1
|-sideend|p1: rtehrrthr|Stealth Rock|[from] move: Defog|[of] p1a: Weezing
|
|upkeep
|turn|6
|inactive|rtehrrthr has 120 seconds left.
|
|t:|1760807114
|move|p2a: Latios|Luster Purge|p1a: Weezing
|-supereffective|p1a: Weezing
|-damage|p1a: Weezing|0 fnt
|faint|p1a: Weezing
|-end|p1a: Weezing|ability: Neutralizing Gas
|
|upkeep
|
|t:|1760807116
|switch|p1a: Donphan|Donphan, L1, M, shiny|100/100
|turn|7
|
|t:|1760807120
|switch|p2a: Great Tusk|Great Tusk|77/100
|move|p1a: Donphan|Endeavor|p2a: Great Tusk
|-damage|p2a: Great Tusk|3/100
|
|-heal|p2a: Great Tusk|10/100|[from] item: Leftovers
|upkeep
|turn|8
|
|t:|1760807127
|-end|p2a: Great Tusk|Protosynthesis|[silent]
|switch|p2a: Heatran|Heatran, F|43/100
|switch|p1a: Garganacl|Garganacl, F, shiny|100/100
|
|-heal|p2a: Heatran|49/100|[from] item: Leftovers
|upkeep
|turn|9
|
|t:|1760807130
|move|p2a: Heatran|Taunt|p1a: Garganacl
|-start|p1a: Garganacl|move: Taunt
|move|p1a: Garganacl|Salt Cure|p2a: Heatran
|-damage|p2a: Heatran|37/100
|-start|p2a: Heatran|Salt Cure
|
|-heal|p2a: Heatran|43/100|[from] item: Leftovers
|-damage|p2a: Heatran|18/100|[from] Salt Cure
|upkeep
|turn|10
|
|t:|1760807135
|switch|p2a: Slowking|Slowking-Galar, M, shiny|100/100
|move|p1a: Garganacl|Salt Cure|p2a: Slowking
|-damage|p2a: Slowking|87/100
|-start|p2a: Slowking|Salt Cure
|
|-damage|p2a: Slowking|74/100|[from] Salt Cure
|upkeep
|turn|11
|
|t:|1760807145
|move|p1a: Garganacl|Salt Cure|p2a: Slowking
|-damage|p2a: Slowking|60/100
|-prepare|p2a: Slowking|Chilly Reception|[premajor]
|move|p2a: Slowking|Chilly Reception|p2a: Slowking
|-weather|Snowscape
|
|t:|1760807148
|switch|p2a: Latios|Latios, M|100/100|[from] Chilly Reception
|
|-weather|Snowscape|[upkeep]
|-end|p1a: Garganacl|move: Taunt
|upkeep
|turn|12
|
|t:|1760807150
|-terastallize|p2a: Latios|Dragon
|move|p2a: Latios|Draco Meteor|p1a: Garganacl
|-damage|p1a: Garganacl|11/100
|-unboost|p2a: Latios|spa|2
|move|p1a: Garganacl|Salt Cure|p2a: Latios
|-damage|p2a: Latios|80/100
|-start|p2a: Latios|Salt Cure
|
|-weather|Snowscape|[upkeep]
|-heal|p1a: Garganacl|17/100|[from] item: Leftovers
|-damage|p2a: Latios|67/100|[from] Salt Cure
|upkeep
|turn|13
|
|t:|1760807161
|switch|p2a: Heatran|Heatran, F|18/100
|move|p1a: Garganacl|Recover|p1a: Garganacl
|-heal|p1a: Garganacl|67/100
|
|-weather|Snowscape|[upkeep]
|-heal|p2a: Heatran|24/100|[from] item: Leftovers
|-heal|p1a: Garganacl|73/100|[from] item: Leftovers
|upkeep
|turn|14
|
|t:|1760807168
|move|p2a: Heatran|Magma Storm|p1a: Garganacl
|-resisted|p1a: Garganacl
|-damage|p1a: Garganacl|59/100
|-activate|p1a: Garganacl|move: Magma Storm|[of] p2a: Heatran
|move|p1a: Garganacl|Salt Cure|p2a: Heatran
|-damage|p2a: Heatran|13/100
|-start|p2a: Heatran|Salt Cure
|
|-weather|Snowscape|[upkeep]
|-heal|p2a: Heatran|19/100|[from] item: Leftovers
|-heal|p1a: Garganacl|65/100|[from] item: Leftovers
|-damage|p2a: Heatran|0 fnt|[from] Salt Cure
|faint|p2a: Heatran
|-end|p1a: Garganacl|Magma Storm|[partiallytrapped]|[silent]
|upkeep
|
|t:|1760807173
|switch|p2a: Latios|Latios, M, tera:Dragon|67/100
|turn|15
|
|t:|1760807176
|move|p2a: Latios|Draco Meteor|p1a: Garganacl
|-damage|p1a: Garganacl|0 fnt
|-unboost|p2a: Latios|spa|2
|faint|p1a: Garganacl
|
|-weather|none
|upkeep
|
|t:|1760807178
|switch|p1a: Blaziken|Blaziken, F, shiny|100/100
|turn|16
|
|t:|1760807183
|switch|p2a: Tornadus|Tornadus-Therian, M|100/100
|move|p1a: Blaziken|Swords Dance|p1a: Blaziken
|-boost|p1a: Blaziken|atk|2
|
|-ability|p1a: Blaziken|Speed Boost|boost
|-boost|p1a: Blaziken|spe|1
|upkeep
|turn|17
|
|t:|1760807187
|move|p1a: Blaziken|Flare Blitz|p2a: Tornadus
|-damage|p2a: Tornadus|0 fnt
|faint|p2a: Tornadus
|-damage|p1a: Blaziken|61/100|[from] Recoil
|
|-ability|p1a: Blaziken|Speed Boost|boost
|-boost|p1a: Blaziken|spe|1
|upkeep
|
|t:|1760807193
|switch|p2a: Okidogi|Okidogi, M|100/100
|turn|18
|
|t:|1760807197
|move|p1a: Blaziken|Flare Blitz|p2a: Okidogi
|-damage|p2a: Okidogi|0 fnt
|faint|p2a: Okidogi
|-damage|p1a: Blaziken|19/100|[from] Recoil
|
|-ability|p1a: Blaziken|Speed Boost|boost
|-boost|p1a: Blaziken|spe|1
|upkeep
|
|t:|1760807200
|switch|p2a: Slowking|Slowking-Galar, M, shiny|93/100
|turn|19
|
|t:|1760807204
|move|p1a: Blaziken|Flare Blitz|p2a: Slowking
|-damage|p2a: Slowking|0 fnt
|faint|p2a: Slowking
|-damage|p1a: Blaziken|0 fnt|[from] Recoil
|faint|p1a: Blaziken
|
|upkeep
|
|t:|1760807207
|switch|p1a: Polteageist|Polteageist, shiny|100/100
|switch|p2a: Great Tusk|Great Tusk|10/100
|turn|20
|
|t:|1760807213
|move|p1a: Polteageist|Shell Smash|p1a: Polteageist
|-unboost|p1a: Polteageist|def|1
|-unboost|p1a: Polteageist|spd|1
|-boost|p1a: Polteageist|atk|2
|-boost|p1a: Polteageist|spa|2
|-boost|p1a: Polteageist|spe|2
|move|p2a: Great Tusk|Stealth Rock|p1a: Polteageist
|-sidestart|p1: rtehrrthr|move: Stealth Rock
|
|-heal|p2a: Great Tusk|16/100|[from] item: Leftovers
|upkeep
|turn|21
|
|t:|1760807215
|move|p1a: Polteageist|Shadow Ball|p2a: Great Tusk
|-damage|p2a: Great Tusk|0 fnt
|faint|p2a: Great Tusk
|-end|p2a: Great Tusk|Protosynthesis|[silent]
|
|upkeep
|
|t:|1760807216
|switch|p2a: Latios|Latios, M, tera:Dragon|67/100
|turn|22
|
|t:|1760807219
|move|p1a: Polteageist|Stored Power|p2a: Latios
|-damage|p2a: Latios|0 fnt
|faint|p2a: Latios
|
|win|rtehrrthr
|raw|rtehrrthr's rating: 1269 &rarr; <strong>1294</strong><br />(+25 for winning)
|raw|Politoed Migration's rating: 1270 &rarr; <strong>1245</strong><br />(-25 for losing)
|l|☆rtehrrthr
|player|p1|
|l|☆Politoed Migration
|player|p2|
