|j|☆Gulptubus
|j|☆Beeman1000
|t:|1760757765
|gametype|singles
|player|p1|Gulptubus|pokemonranger-gen4|1598
|player|p2|Beeman1000|bugcatcher-gen4dp|1600
|gen|9
|tier|[Gen 9] OU
|rated|
|rule|HP Percentage Mod: HP is shown in percentages
|rule|Endless Battle Clause: Forcing endless battles is banned
|rule|Species Clause: Limit one of each Pokémon
|rule|OHKO Clause: OHKO moves are banned
|rule|Evasion Items Clause: Evasion items are banned
|rule|Evasion Moves Clause: Evasion moves are banned
|rule|Evasion Abilities Clause: Evasion abilities are banned
|rule|Sleep Moves Clause: Sleep-inducing moves are banned
|clearpoke
|poke|p1|Kyurem|
|poke|p1|Rillaboom, F|
|poke|p1|Cinderace, M|
|poke|p1|Slowking-Galar, M|
|poke|p1|Great Tusk|
|poke|p1|Enamorus, F|
|poke|p2|Landorus-Therian, M|
|poke|p2|Samurott-Hisui, M|
|poke|p2|Pecharunt|
|poke|p2|Scizor, F|
|poke|p2|Latios, M|
|poke|p2|Zamazenta-*|
|teampreview
|
|t:|1760757780
|teamsize|p1|6
|teamsize|p2|6
|start
|switch|p1a: Kyurem|Kyurem|100/100
|switch|p2a: Landorus|Landorus-Therian, M|100/100
|-ability|p1a: Kyurem|Pressure
|-ability|p2a: Landorus|Intimidate|boost
|-unboost|p1a: Kyurem|atk|1
|turn|1
|
|t:|1760757785
|switch|p2a: Samurott|Samurott-Hisui, M|100/100
|move|p1a: Kyurem|Freeze-Dry|p2a: Samurott
|-supereffective|p2a: Samurott
|-damage|p2a: Samurott|34/100
|
|upkeep
|turn|2
|
|t:|1760757794
|switch|p2a: Scizor|Scizor, F|100/100
|move|p1a: Kyurem|Substitute|p1a: Kyurem
|-start|p1a: Kyurem|Substitute
|-damage|p1a: Kyurem|75/100
|
|-heal|p1a: Kyurem|82/100|[from] item: Leftovers
|upkeep
|turn|3
|
|t:|1760757797
|move|p1a: Kyurem|Protect|p1a: Kyurem
|-singleturn|p1a: Kyurem|Protect
|move|p2a: Scizor|Swords Dance|p2a: Scizor
|-boost|p2a: Scizor|atk|2
|
|-heal|p1a: Kyurem|88/100|[from] item: Leftovers
|upkeep
|turn|4
|
|t:|1760757802
|move|p2a: Scizor|Bullet Punch|p1a: Kyurem
|-supereffective|p1a: Kyurem
|-crit|p1a: Kyurem
|-end|p1a: Kyurem|Substitute
|move|p1a: Kyurem|Earth Power|p2a: Scizor
|-damage|p2a: Scizor|59/100
|
|-heal|p1a: Kyurem|94/100|[from] item: Leftovers
|upkeep
|turn|5
|
|t:|1760757815
|-terastallize|p1a: Kyurem|Ground
|move|p2a: Scizor|Bullet Punch|p1a: Kyurem
|-damage|p1a: Kyurem|33/100
|move|p1a: Kyurem|Earth Power|p2a: Scizor
|-damage|p2a: Scizor|0 fnt
|faint|p2a: Scizor
|
|-heal|p1a: Kyurem|39/100|[from] item: Leftovers
|upkeep
|
|t:|1760757828
|switch|p2a: Zamazenta|Zamazenta|100/100
|-ability|p2a: Zamazenta|Dauntless Shield|boost
|-boost|p2a: Zamazenta|def|1
|turn|6
|
|t:|1760757834
|switch|p1a: Slowking|Slowking-Galar, M, shiny|100/100
|move|p2a: Zamazenta|Body Press|p1a: Slowking
|-resisted|p1a: Slowking
|-damage|p1a: Slowking|85/100
|
|upkeep
|turn|7
|
|t:|1760757839
|move|p2a: Zamazenta|Crunch|p1a: Slowking
|-supereffective|p1a: Slowking
|-damage|p1a: Slowking|40/100
|-unboost|p1a: Slowking|def|1
|move|p1a: Slowking|Future Sight|p2a: Zamazenta
|-start|p1a: Slowking|move: Future Sight
|
|upkeep
|turn|8
|
|t:|1760757845
|switch|p1a: Great Tusk|Great Tusk|100/100
|move|p2a: Zamazenta|Iron Defense|p2a: Zamazenta
|-boost|p2a: Zamazenta|def|2
|
|upkeep
|turn|9
|
|t:|1760757851
|move|p2a: Zamazenta|Body Press|p1a: Great Tusk
|-damage|p1a: Great Tusk|42/100
|move|p1a: Great Tusk|Knock Off|p2a: Zamazenta
|-resisted|p2a: Zamazenta
|-damage|p2a: Zamazenta|96/100
|-enditem|p2a: Zamazenta|Leftovers|[from] move: Knock Off|[of] p1a: Great Tusk
|
|-end|p2a: Zamazenta|move: Future Sight
|-supereffective|p2a: Zamazenta
|-crit|p2a: Zamazenta
|-damage|p2a: Zamazenta|0 fnt
|faint|p2a: Zamazenta
|upkeep
|
|t:|1760757863
|switch|p2a: Latios|Latios, M|100/100
|turn|10
|
|t:|1760757872
|-end|p1a: Great Tusk|Protosynthesis|[silent]
|switch|p1a: Slowking|Slowking-Galar, M, shiny|73/100
|move|p2a: Latios|Psychic Noise|p1a: Slowking
|-damage|p1a: Slowking|46/100
|-start|p1a: Slowking|move: Heal Block
|
|upkeep
|turn|11
|
|t:|1760757878
|switch|p1a: Rillaboom|Rillaboom, F|100/100
|-fieldstart|move: Grassy Terrain|[from] ability: Grassy Surge|[of] p1a: Rillaboom
|move|p2a: Latios|Calm Mind|p2a: Latios
|-boost|p2a: Latios|spa|1
|-boost|p2a: Latios|spd|1
|
|upkeep
|turn|12
|
|t:|1760757884
|move|p1a: Rillaboom|Grassy Glide|p2a: Latios
|-resisted|p2a: Latios
|-damage|p2a: Latios|62/100
|move|p2a: Latios|Psychic Noise|p1a: Rillaboom
|-damage|p1a: Rillaboom|5/100
|-start|p1a: Rillaboom|move: Heal Block
|
|upkeep
|turn|13
|
|t:|1760757898
|switch|p2a: Pecharunt|Pecharunt|100/100
|switch|p1a: Great Tusk|Great Tusk|42/100
|
|-heal|p1a: Great Tusk|49/100|[from] Grassy Terrain
|upkeep
|turn|14
|
|t:|1760757904
|move|p2a: Pecharunt|Malignant Chain|p1a: Great Tusk
|-resisted|p1a: Great Tusk
|-damage|p1a: Great Tusk|30/100
|move|p1a: Great Tusk|Knock Off|p2a: Pecharunt
|-supereffective|p2a: Pecharunt
|-damage|p2a: Pecharunt|65/100
|-enditem|p2a: Pecharunt|Heavy-Duty Boots|[from] move: Knock Off|[of] p1a: Great Tusk
|
|-heal|p2a: Pecharunt|71/100|[from] Grassy Terrain
|-heal|p1a: Great Tusk|36/100|[from] Grassy Terrain
|upkeep
|turn|15
|
|t:|1760757912
|move|p2a: Pecharunt|Parting Shot|p1a: Great Tusk
|-unboost|p1a: Great Tusk|atk|1
|-unboost|p1a: Great Tusk|spa|1
|
|t:|1760757915
|switch|p2a: Landorus|Landorus-Therian, M|100/100|[from] Parting Shot
|-ability|p2a: Landorus|Intimidate|boost
|-unboost|p1a: Great Tusk|atk|1
|move|p1a: Great Tusk|Headlong Rush|p2a: Landorus
|-immune|p2a: Landorus
|
|-heal|p1a: Great Tusk|42/100|[from] Grassy Terrain
|-fieldend|move: Grassy Terrain
|upkeep
|turn|16
|
|t:|1760757923
|-end|p1a: Great Tusk|Protosynthesis|[silent]
|switch|p1a: Rillaboom|Rillaboom, F|5/100
|-fieldstart|move: Grassy Terrain|[from] ability: Grassy Surge|[of] p1a: Rillaboom
|move|p2a: Landorus|Earthquake|p1a: Rillaboom
|-resisted|p1a: Rillaboom
|-crit|p1a: Rillaboom
|-damage|p1a: Rillaboom|0 fnt
|faint|p1a: Rillaboom
|
|upkeep
|
|t:|1760757927
|switch|p1a: Kyurem|Kyurem, tera:Ground|39/100
|-ability|p1a: Kyurem|Pressure
|turn|17
|
|t:|1760757932
|move|p1a: Kyurem|Freeze-Dry|p2a: Landorus
|-supereffective|p2a: Landorus
|-damage|p2a: Landorus|0 fnt
|faint|p2a: Landorus
|
|-heal|p1a: Kyurem|46/100|[from] Grassy Terrain
|-heal|p1a: Kyurem|52/100|[from] item: Leftovers
|upkeep
|
|t:|1760757935
|switch|p2a: Latios|Latios, M|62/100
|turn|18
|
|t:|1760757944
|-terastallize|p2a: Latios|Steel
|move|p1a: Kyurem|Protect|p1a: Kyurem
|-singleturn|p1a: Kyurem|Protect
|move|p2a: Latios|Recover|p2a: Latios
|-heal|p2a: Latios|100/100
|
|-heal|p1a: Kyurem|58/100|[from] Grassy Terrain
|-heal|p1a: Kyurem|64/100|[from] item: Leftovers
|upkeep
|turn|19
|
|t:|1760757952
|switch|p1a: Slowking|Slowking-Galar, M, shiny|80/100
|move|p2a: Latios|Calm Mind|p2a: Latios
|-boost|p2a: Latios|spa|1
|-boost|p2a: Latios|spd|1
|
|-heal|p1a: Slowking|86/100|[from] Grassy Terrain
|upkeep
|turn|20
|
|t:|1760757955
|move|p2a: Latios|Draco Meteor|p1a: Slowking
|-crit|p1a: Slowking
|-damage|p1a: Slowking|0 fnt
|-unboost|p2a: Latios|spa|2
|faint|p1a: Slowking
|
|-fieldend|move: Grassy Terrain
|upkeep
|
|t:|1760757964
|switch|p1a: Cinderace|Cinderace, M|100/100
|turn|21
|
|t:|1760757968
|switch|p2a: Samurott|Samurott-Hisui, M|34/100
|move|p1a: Cinderace|Pyro Ball|p2a: Samurott
|-resisted|p2a: Samurott
|-damage|p2a: Samurott|0 fnt
|faint|p2a: Samurott
|
|upkeep
|
|t:|1760757969
|switch|p2a: Pecharunt|Pecharunt|71/100
|turn|22
|
|t:|1760757973
|move|p1a: Cinderace|U-turn|p2a: Pecharunt
|-resisted|p2a: Pecharunt
|-damage|p2a: Pecharunt|68/100
|
|t:|1760757977
|switch|p1a: Great Tusk|Great Tusk|42/100|[from] U-turn
|move|p2a: Pecharunt|Parting Shot|p1a: Great Tusk
|-unboost|p1a: Great Tusk|atk|1
|-unboost|p1a: Great Tusk|spa|1
|
|t:|1760757979
|switch|p2a: Latios|Latios, M, tera:Steel|100/100|[from] Parting Shot
|
|upkeep
|turn|23
|
|t:|1760757982
|move|p2a: Latios|Psychic Noise|p1a: Great Tusk
|-supereffective|p1a: Great Tusk
|-damage|p1a: Great Tusk|0 fnt
|faint|p1a: Great Tusk
|-end|p1a: Great Tusk|Protosynthesis|[silent]
|
|upkeep
|
|t:|1760757986
|switch|p1a: Enamorus|Enamorus, F|100/100
|turn|24
|
|t:|1760757991
|move|p1a: Enamorus|Mystical Fire|p2a: Latios
|-supereffective|p2a: Latios
|-damage|p2a: Latios|47/100
|-unboost|p2a: Latios|spa|1
|move|p2a: Latios|Psychic Noise|p1a: Enamorus
|-damage|p1a: Enamorus|55/100
|-start|p1a: Enamorus|move: Heal Block
|
|upkeep
|turn|25
|
|t:|1760757996
|move|p1a: Enamorus|Mystical Fire|p2a: Latios
|-supereffective|p2a: Latios
|-damage|p2a: Latios|0 fnt
|faint|p2a: Latios
|
|-end|p1a: Enamorus|move: Heal Block
|upkeep
|
|t:|1760757997
|switch|p2a: Pecharunt|Pecharunt|68/100
|turn|26
|c|☆Beeman1000|gg
|
|t:|1760758001
|move|p1a: Enamorus|Mystical Fire|p2a: Pecharunt
|-damage|p2a: Pecharunt|38/100
|-unboost|p2a: Pecharunt|spa|1
|move|p2a: Pecharunt|Shadow Ball|p1a: Enamorus
|-damage|p1a: Enamorus|32/100
|
|upkeep
|turn|27
|c|☆Gulptubus|gg
|
|t:|1760758004
|move|p1a: Enamorus|Mystical Fire|p2a: Pecharunt
|-damage|p2a: Pecharunt|12/100
|-unboost|p2a: Pecharunt|spa|1
|move|p2a: Pecharunt|Shadow Ball|p1a: Enamorus
|-crit|p1a: Enamorus
|-damage|p1a: Enamorus|0 fnt
|faint|p1a: Enamorus
|
|upkeep
|
|t:|1760758007
|switch|p1a: Kyurem|Kyurem, tera:Ground|64/100
|-ability|p1a: Kyurem|Pressure
|turn|28
|
|t:|1760758010
|move|p1a: Kyurem|Earth Power|p2a: Pecharunt
|-supereffective|p2a: Pecharunt
|-damage|p2a: Pecharunt|0 fnt
|faint|p2a: Pecharunt
|
|win|Gulptubus
|raw|Gulptubus's rating: 1598 &rarr; <strong>1618</strong><br />(+20 for winning)
|raw|Beeman1000's rating: 1600 &rarr; <strong>1580</strong><br />(-20 for losing)
|l|☆Beeman1000
|player|p2|
