|j|☆Ho3nConfirm3d
|j|☆A King Of The Ring
|t:|1760825607
|gametype|singles
|player|p1|Ho3nConfirm3d|#scl5shoguns|1752
|player|p2|A King Of The Ring|rocketexecutive-gen2|1716
|gen|9
|tier|[Gen 9] OU
|rated|
|rule|HP Percentage Mod: HP is shown in percentages
|rule|Endless Battle Clause: Forcing endless battles is banned
|rule|Species Clause: Limit one of each Pokémon
|rule|OHKO Clause: OHKO moves are banned
|rule|Evasion Items Clause: Evasion items are banned
|rule|Evasion Moves Clause: Evasion moves are banned
|rule|Evasion Abilities Clause: Evasion abilities are banned
|rule|Sleep Moves Clause: Sleep-inducing moves are banned
|clearpoke
|poke|p1|Iron Boulder|
|poke|p1|Iron Valiant|
|poke|p1|Gholdengo|
|poke|p1|Ninetales-Alola, F|
|poke|p1|Glimmora, M|
|poke|p1|Dragonite, M|
|poke|p2|Kyurem|
|poke|p2|Ursaluna, M|
|poke|p2|Darkrai|
|poke|p2|Ninetales-Alola, M|
|poke|p2|Comfey, M|
|poke|p2|Iron Crown|
|teampreview
|
|t:|1760825625
|teamsize|p1|6
|teamsize|p2|6
|start
|switch|p1a: Ninetales|Ninetales-Alola, F|100/100
|switch|p2a: Darkrai|Darkrai, shiny|100/100
|-weather|Snowscape|[from] ability: Snow Warning|[of] p1a: Ninetales
|turn|1
|
|t:|1760825634
|move|p2a: Darkrai|Taunt|p1a: Ninetales
|-start|p1a: Ninetales|move: Taunt
|cant|p1a: Ninetales|move: Taunt|Aurora Veil
|
|-weather|Snowscape|[upkeep]
|upkeep
|turn|2
|
|t:|1760825647
|switch|p1a: Iron Boulder|Iron Boulder|100/100
|-enditem|p1a: Iron Boulder|Booster Energy
|-activate|p1a: Iron Boulder|ability: Quark Drive|[fromitem]
|-start|p1a: Iron Boulder|quarkdrivespe
|move|p2a: Darkrai|Psychic|p1a: Iron Boulder
|-resisted|p1a: Iron Boulder
|-damage|p1a: Iron Boulder|84/100
|
|-weather|Snowscape|[upkeep]
|upkeep
|turn|3
|
|t:|1760825658
|move|p1a: Iron Boulder|Close Combat|p2a: Darkrai
|-supereffective|p2a: Darkrai
|-enditem|p2a: Darkrai|Focus Sash
|-damage|p2a: Darkrai|1/100
|-unboost|p1a: Iron Boulder|def|1
|-unboost|p1a: Iron Boulder|spd|1
|move|p2a: Darkrai|Dark Pulse|p1a: Iron Boulder
|-supereffective|p1a: Iron Boulder
|-damage|p1a: Iron Boulder|0 fnt
|faint|p1a: Iron Boulder
|-end|p1a: Iron Boulder|Quark Drive|[silent]
|
|-weather|Snowscape|[upkeep]
|upkeep
|
|t:|1760825661
|switch|p1a: Dragonite|Dragonite, M|100/100
|turn|4
|
|t:|1760825671
|move|p1a: Dragonite|Extreme Speed|p2a: Darkrai
|-damage|p2a: Darkrai|0 fnt
|faint|p2a: Darkrai
|
|-weather|Snowscape|[upkeep]
|upkeep
|
|t:|1760825676
|switch|p2a: Kyurem|Kyurem|100/100
|-ability|p2a: Kyurem|Pressure
|turn|5
|
|t:|1760825680
|switch|p1a: Gholdengo|Gholdengo|100/100
|move|p2a: Kyurem|Freeze-Dry|p1a: Gholdengo
|-resisted|p1a: Gholdengo
|-damage|p1a: Gholdengo|80/100
|-status|p1a: Gholdengo|frz
|
|-weather|none
|upkeep
|turn|6
|
|t:|1760825684
|switch|p1a: Ninetales|Ninetales-Alola, F|100/100
|-weather|Snowscape|[from] ability: Snow Warning|[of] p1a: Ninetales
|move|p2a: Kyurem|Earth Power|p1a: Ninetales
|-damage|p1a: Ninetales|70/100
|
|-weather|Snowscape|[upkeep]
|upkeep
|turn|7
|
|t:|1760825687
|move|p1a: Ninetales|Aurora Veil|p1a: Ninetales
|-sidestart|p1: Ho3nConfirm3d|move: Aurora Veil
|move|p2a: Kyurem|Flash Cannon|p1a: Ninetales
|-supereffective|p1a: Ninetales
|-damage|p1a: Ninetales|0 fnt
|faint|p1a: Ninetales
|
|-weather|Snowscape|[upkeep]
|upkeep
|
|t:|1760825690
|switch|p1a: Glimmora|Glimmora, M|100/100
|turn|8
|inactive|Battle timer is ON: inactive players will automatically lose when time's up. (requested by Ho3nConfirm3d)
|
|t:|1760825694
|move|p1a: Glimmora|Meteor Beam||[still]
|-prepare|p1a: Glimmora|Meteor Beam
|-boost|p1a: Glimmora|spa|1
|-enditem|p1a: Glimmora|Power Herb
|-anim|p1a: Glimmora|Meteor Beam|p2a: Kyurem
|-supereffective|p2a: Kyurem
|-crit|p2a: Kyurem
|-damage|p2a: Kyurem|0 fnt
|faint|p2a: Kyurem
|
|-weather|Snowscape|[upkeep]
|upkeep
|
|t:|1760825700
|switch|p2a: Iron Crown|Iron Crown|100/100
|-enditem|p2a: Iron Crown|Booster Energy
|-activate|p2a: Iron Crown|ability: Quark Drive|[fromitem]
|-start|p2a: Iron Crown|quarkdrivespe
|turn|9
|
|t:|1760825715
|move|p2a: Iron Crown|Calm Mind|p2a: Iron Crown
|-boost|p2a: Iron Crown|spa|1
|-boost|p2a: Iron Crown|spd|1
|move|p1a: Glimmora|Earth Power|p2a: Iron Crown
|-supereffective|p2a: Iron Crown
|-damage|p2a: Iron Crown|40/100
|
|-weather|Snowscape|[upkeep]
|upkeep
|turn|10
|
|t:|1760825720
|move|p2a: Iron Crown|Tachyon Cutter|p1a: Glimmora
|-supereffective|p1a: Glimmora
|-damage|p1a: Glimmora|53/100
|-supereffective|p1a: Glimmora
|-damage|p1a: Glimmora|7/100
|-hitcount|p1a: Glimmora|2
|move|p1a: Glimmora|Earth Power|p2a: Iron Crown
|-supereffective|p2a: Iron Crown
|-damage|p2a: Iron Crown|0 fnt
|faint|p2a: Iron Crown
|-end|p2a: Iron Crown|Quark Drive|[silent]
|
|-weather|none
|upkeep
|
|t:|1760825727
|switch|p2a: Ninetales|Ninetales-Alola, M, shiny|100/100
|-weather|Snowscape|[from] ability: Snow Warning|[of] p2a: Ninetales
|turn|11
|
|t:|1760825737
|move|p1a: Glimmora|Mortal Spin|p2a: Ninetales
|-supereffective|p2a: Ninetales
|-damage|p2a: Ninetales|92/100
|-status|p2a: Ninetales|psn
|move|p2a: Ninetales|Aurora Veil|p2a: Ninetales
|-sidestart|p2: A King Of The Ring|move: Aurora Veil
|
|-weather|Snowscape|[upkeep]
|-damage|p2a: Ninetales|80/100 psn|[from] psn
|upkeep
|turn|12
|
|t:|1760825741
|move|p1a: Glimmora|Stealth Rock|p2a: Ninetales
|-sidestart|p2: A King Of The Ring|move: Stealth Rock
|move|p2a: Ninetales|Encore|p1a: Glimmora
|-start|p1a: Glimmora|Encore
|
|-weather|Snowscape|[upkeep]
|-damage|p2a: Ninetales|67/100 psn|[from] psn
|upkeep
|turn|13
|
|t:|1760825749
|switch|p1a: Iron Valiant|Iron Valiant|100/100
|-enditem|p1a: Iron Valiant|Booster Energy
|-activate|p1a: Iron Valiant|ability: Quark Drive|[fromitem]
|-start|p1a: Iron Valiant|quarkdrivespe
|switch|p2a: Comfey|Comfey, M, shiny|100/100
|-damage|p2a: Comfey|88/100|[from] Stealth Rock
|
|-weather|Snowscape|[upkeep]
|upkeep
|turn|14
|
|t:|1760825753
|-end|p1a: Iron Valiant|Quark Drive|[silent]
|switch|p1a: Dragonite|Dragonite, M|100/100
|move|p2a: Comfey|Calm Mind|p2a: Comfey
|-boost|p2a: Comfey|spa|1
|-boost|p2a: Comfey|spd|1
|
|-weather|Snowscape|[upkeep]
|-sideend|p1: Ho3nConfirm3d|move: Aurora Veil
|upkeep
|turn|15
|
|t:|1760825756
|-terastallize|p1a: Dragonite|Fire
|move|p2a: Comfey|Draining Kiss|p1a: Dragonite
|-resisted|p1a: Dragonite
|-damage|p1a: Dragonite|93/100
|-heal|p2a: Comfey|95/100|[from] drain|[of] p1a: Dragonite
|move|p1a: Dragonite|Encore|p2a: Comfey
|-start|p2a: Comfey|Encore
|
|-weather|none
|upkeep
|turn|16
|
|t:|1760825763
|switch|p2a: Ursaluna|Ursaluna, M, shiny|100/100
|-damage|p2a: Ursaluna|94/100|[from] Stealth Rock
|move|p1a: Dragonite|Fire Punch|p2a: Ursaluna
|-crit|p2a: Ursaluna
|-damage|p2a: Ursaluna|46/100
|
|-status|p2a: Ursaluna|brn|[from] item: Flame Orb
|upkeep
|turn|17
|
|t:|1760825775
|switch|p1a: Glimmora|Glimmora, M|7/100
|switch|p2a: Ninetales|Ninetales-Alola, M, shiny|67/100 psn
|-damage|p2a: Ninetales|42/100 psn|[from] Stealth Rock
|-weather|Snowscape|[from] ability: Snow Warning|[of] p2a: Ninetales
|
|-weather|Snowscape|[upkeep]
|-damage|p2a: Ninetales|30/100 psn|[from] psn
|upkeep
|turn|18
|
|t:|1760825781
|switch|p1a: Dragonite|Dragonite, M, tera:Fire|93/100
|move|p2a: Ninetales|Freeze-Dry|p1a: Dragonite
|-resisted|p1a: Dragonite
|-damage|p1a: Dragonite|83/100
|
|-weather|Snowscape|[upkeep]
|-damage|p2a: Ninetales|18/100 psn|[from] psn
|-sideend|p2: A King Of The Ring|move: Aurora Veil
|upkeep
|turn|19
|
|t:|1760825784
|move|p1a: Dragonite|Extreme Speed|p2a: Ninetales
|-damage|p2a: Ninetales|0 fnt
|faint|p2a: Ninetales
|
|-weather|Snowscape|[upkeep]
|upkeep
|
|t:|1760825794
|switch|p2a: Ursaluna|Ursaluna, M, shiny|46/100 brn
|-damage|p2a: Ursaluna|40/100 brn|[from] Stealth Rock
|turn|20
|j| 67sigmagrindset
|
|t:|1760825806
|switch|p1a: Glimmora|Glimmora, M|7/100
|move|p2a: Ursaluna|Earthquake|p1a: Glimmora
|-supereffective|p1a: Glimmora
|-damage|p1a: Glimmora|0 fnt
|-activate|p1a: Glimmora|ability: Toxic Debris
|-sidestart|p2: A King Of The Ring|move: Toxic Spikes
|faint|p1a: Glimmora
|
|-weather|Snowscape|[upkeep]
|-damage|p2a: Ursaluna|34/100 brn|[from] brn
|upkeep
|
|t:|1760825812
|switch|p1a: Iron Valiant|Iron Valiant|100/100
|turn|21
|
|t:|1760825815
|move|p1a: Iron Valiant|Close Combat|p2a: Ursaluna
|-supereffective|p2a: Ursaluna
|-damage|p2a: Ursaluna|0 fnt
|-unboost|p1a: Iron Valiant|def|1
|-unboost|p1a: Iron Valiant|spd|1
|faint|p2a: Ursaluna
|
|-weather|none
|upkeep
|
|t:|1760825818
|switch|p2a: Comfey|Comfey, M, shiny|95/100
|-damage|p2a: Comfey|83/100|[from] Stealth Rock
|-status|p2a: Comfey|psn
|turn|22
|
|t:|1760825821
|move|p1a: Iron Valiant|Spirit Break|p2a: Comfey
|-damage|p2a: Comfey|33/100 psn
|-unboost|p2a: Comfey|spa|1
|move|p2a: Comfey|Calm Mind|p2a: Comfey
|-boost|p2a: Comfey|spa|1
|-boost|p2a: Comfey|spd|1
|
|-damage|p2a: Comfey|21/100 psn|[from] psn
|upkeep
|turn|23
|
|t:|1760825824
|move|p2a: Comfey|Draining Kiss|p1a: Iron Valiant
|-supereffective|p1a: Iron Valiant
|-damage|p1a: Iron Valiant|0 fnt
|-heal|p2a: Comfey|100/100 psn|[from] drain|[of] p1a: Iron Valiant
|faint|p1a: Iron Valiant
|-end|p1a: Iron Valiant|Quark Drive|[silent]
|
|-damage|p2a: Comfey|88/100 psn|[from] psn
|upkeep
|
|t:|1760825825
|switch|p1a: Dragonite|Dragonite, M, tera:Fire|83/100
|turn|24
|
|t:|1760825831
|-terastallize|p2a: Comfey|Ground
|move|p1a: Dragonite|Encore|p2a: Comfey
|-start|p2a: Comfey|Encore
|move|p2a: Comfey|Draining Kiss|p1a: Dragonite
|-resisted|p1a: Dragonite
|-damage|p1a: Dragonite|70/100
|-heal|p2a: Comfey|99/100 psn|[from] drain|[of] p1a: Dragonite
|
|-damage|p2a: Comfey|87/100 psn|[from] psn
|upkeep
|turn|25
|
|t:|1760825838
|move|p2a: Comfey|Draining Kiss|p1a: Dragonite
|-resisted|p1a: Dragonite
|-damage|p1a: Dragonite|55/100
|-heal|p2a: Comfey|100/100 psn|[from] drain|[of] p1a: Dragonite
|move|p1a: Dragonite|Fire Punch|p2a: Comfey
|-damage|p2a: Comfey|47/100 psn
|
|-damage|p2a: Comfey|34/100 psn|[from] psn
|upkeep
|turn|26
|
|t:|1760825840
|move|p2a: Comfey|Draining Kiss|p1a: Dragonite
|-resisted|p1a: Dragonite
|-damage|p1a: Dragonite|39/100
|-heal|p2a: Comfey|50/100 psn|[from] drain|[of] p1a: Dragonite
|move|p1a: Dragonite|Fire Punch|p2a: Comfey
|-damage|p2a: Comfey|0 fnt
|faint|p2a: Comfey
|
|win|Ho3nConfirm3d
|raw|Ho3nConfirm3d's rating: 1752 &rarr; <strong>1769</strong><br />(+17 for winning)
|raw|A King Of The Ring's rating: 1692 &rarr; <strong>1675</strong><br />(-17 for losing)
|l|☆A King Of The Ring
|player|p2|
|l|☆Ho3nConfirm3d
|player|p1|
|l| 67sigmagrindset
