|j|☆Aimen92
|j|☆EdgingCeaselesslly
|t:|1760761598
|gametype|singles
|player|p1|Aimen92|2|1535
|player|p2|EdgingCeaselesslly|roxie|1528
|gen|9
|tier|[Gen 9] OU
|rated|
|rule|HP Percentage Mod: HP is shown in percentages
|rule|Endless Battle Clause: Forcing endless battles is banned
|rule|Species Clause: Limit one of each Pokémon
|rule|OHKO Clause: OHKO moves are banned
|rule|Evasion Items Clause: Evasion items are banned
|rule|Evasion Moves Clause: Evasion moves are banned
|rule|Evasion Abilities Clause: Evasion abilities are banned
|rule|Sleep Moves Clause: Sleep-inducing moves are banned
|clearpoke
|poke|p1|Araquanid, F|
|poke|p1|Ceruledge, F|
|poke|p1|Dragonite, M|
|poke|p1|Great Tusk|
|poke|p1|Kingambit, F|
|poke|p1|Zamazenta-*|
|poke|p2|Landorus-Therian, M|
|poke|p2|Samurott-Hisui, M|
|poke|p2|Scizor, M|
|poke|p2|Latios, M|
|poke|p2|Zamazenta-*|
|poke|p2|Pecharunt|
|teampreview
|
|t:|1760761601
|teamsize|p1|6
|teamsize|p2|6
|start
|switch|p1a: Araquanid|Araquanid, F, shiny|100/100
|switch|p2a: Landorus|Landorus-Therian, M|100/100
|-ability|p2a: Landorus|Intimidate|boost
|-unboost|p1a: Araquanid|atk|1
|turn|1
|inactive|Battle timer is ON: inactive players will automatically lose when time's up. (requested by EdgingCeaselesslly)
|
|t:|1760761606
|switch|p2a: Samurott|Samurott-Hisui, M|100/100
|move|p1a: Araquanid|Surf|p2a: Samurott
|-resisted|p2a: Samurott
|-damage|p2a: Samurott|77/100
|
|upkeep
|turn|2
|
|t:|1760761610
|move|p2a: Samurott|Ceaseless Edge|p1a: Araquanid
|-damage|p1a: Araquanid|49/100
|-sidestart|p1: Aimen92|Spikes
|move|p1a: Araquanid|Sticky Web|p2a: Samurott
|-sidestart|p2: EdgingCeaselesslly|move: Sticky Web
|
|upkeep
|turn|3
|
|t:|1760761614
|move|p2a: Samurott|Ceaseless Edge|p1a: Araquanid
|-damage|p1a: Araquanid|0 fnt
|-sidestart|p1: Aimen92|Spikes
|faint|p1a: Araquanid
|
|upkeep
|
|t:|1760761619
|switch|p1a: Dragonite|Dragonite, M|100/100
|turn|4
|
|t:|1760761635
|move|p1a: Dragonite|Dragon Dance|p1a: Dragonite
|-boost|p1a: Dragonite|atk|1
|-boost|p1a: Dragonite|spe|1
|move|p2a: Samurott|Ceaseless Edge|p1a: Dragonite
|-damage|p1a: Dragonite|74/100
|-sidestart|p1: Aimen92|Spikes
|
|upkeep
|turn|5
|
|t:|1760761641
|move|p1a: Dragonite|Dragon Dance|p1a: Dragonite
|-boost|p1a: Dragonite|atk|1
|-boost|p1a: Dragonite|spe|1
|move|p2a: Samurott|Knock Off|p1a: Dragonite
|-damage|p1a: Dragonite|17/100
|-enditem|p1a: Dragonite|Loaded Dice|[from] move: Knock Off|[of] p2a: Samurott
|
|upkeep
|turn|6
|
|t:|1760761647
|move|p2a: Samurott|Aqua Jet|p1a: Dragonite
|-resisted|p1a: Dragonite
|-damage|p1a: Dragonite|5/100
|move|p1a: Dragonite|Scale Shot|p2a: Samurott
|-damage|p2a: Samurott|40/100
|-damage|p2a: Samurott|5/100
|-damage|p2a: Samurott|0 fnt
|faint|p2a: Samurott
|-hitcount|p2: Samurott|3
|-unboost|p1a: Dragonite|def|1
|-boost|p1a: Dragonite|spe|1
|
|upkeep
|
|t:|1760761651
|switch|p2a: Scizor|Scizor, M|100/100
|turn|7
|
|t:|1760761658
|move|p1a: Dragonite|Extreme Speed|p2a: Scizor
|-resisted|p2a: Scizor
|-damage|p2a: Scizor|60/100
|move|p2a: Scizor|Bullet Punch|p1a: Dragonite
|-damage|p1a: Dragonite|0 fnt
|faint|p1a: Dragonite
|
|upkeep
|
|t:|1760761675
|switch|p1a: Great Tusk|Great Tusk|100/100
|-damage|p1a: Great Tusk|76/100|[from] Spikes
|-enditem|p1a: Great Tusk|Booster Energy
|-activate|p1a: Great Tusk|ability: Protosynthesis|[fromitem]
|-start|p1a: Great Tusk|protosynthesisatk
|turn|8
|
|t:|1760761682
|switch|p2a: Pecharunt|Pecharunt|100/100
|move|p1a: Great Tusk|Ice Spinner|p2a: Pecharunt
|-damage|p2a: Pecharunt|77/100
|
|upkeep
|turn|9
|l|☆Aimen92
|inactive|Aimen92 disconnected and has a minute to reconnect!
|player|p1|
|inactive|Aimen92 has 30 seconds to reconnect!
|j|☆Aimen92
|inactive|Aimen92 reconnected and has 90 seconds left.
|player|p1|Aimen92|2|
|
|t:|1760761752
|-terastallize|p2a: Pecharunt|Ghost
|move|p2a: Pecharunt|Shadow Ball|p1a: Great Tusk
|-damage|p1a: Great Tusk|29/100
|move|p1a: Great Tusk|Headlong Rush|p2a: Pecharunt
|-damage|p2a: Pecharunt|27/100
|-unboost|p1a: Great Tusk|def|1
|-unboost|p1a: Great Tusk|spd|1
|
|upkeep
|turn|10
|inactive|Aimen92 has 90 seconds left.
|
|t:|1760761760
|move|p2a: Pecharunt|Shadow Ball|p1a: Great Tusk
|-damage|p1a: Great Tusk|0 fnt
|faint|p1a: Great Tusk
|-end|p1a: Great Tusk|Protosynthesis|[silent]
|
|upkeep
|inactive|Aimen92 has 90 seconds left.
|
|t:|1760761773
|switch|p1a: Ceruledge|Ceruledge, F|100/100
|-damage|p1a: Ceruledge|76/100|[from] Spikes
|turn|11
|
|t:|1760761779
|move|p1a: Ceruledge|Shadow Sneak|p2a: Pecharunt
|-supereffective|p2a: Pecharunt
|-damage|p2a: Pecharunt|3/100
|move|p2a: Pecharunt|Shadow Ball|p1a: Ceruledge
|-supereffective|p1a: Ceruledge
|-damage|p1a: Ceruledge|0 fnt
|faint|p1a: Ceruledge
|
|upkeep
|
|t:|1760761788
|switch|p1a: Zamazenta|Zamazenta|100/100
|-damage|p1a: Zamazenta|75/100|[from] Spikes
|-ability|p1a: Zamazenta|Dauntless Shield|boost
|-boost|p1a: Zamazenta|def|1
|turn|12
|
|t:|1760761792
|move|p1a: Zamazenta|Crunch|p2a: Pecharunt
|-supereffective|p2a: Pecharunt
|-damage|p2a: Pecharunt|0 fnt
|faint|p2a: Pecharunt
|
|upkeep
|
|t:|1760761796
|switch|p2a: Latios|Latios, M|100/100
|turn|13
|
|t:|1760761805
|move|p1a: Zamazenta|Body Press|p2a: Latios
|-resisted|p2a: Latios
|-damage|p2a: Latios|69/100
|move|p2a: Latios|Psychic Noise|p1a: Zamazenta
|-supereffective|p1a: Zamazenta
|-damage|p1a: Zamazenta|1/100
|-start|p1a: Zamazenta|move: Heal Block
|
|upkeep
|turn|14
|inactive|Aimen92 has 120 seconds left.
|
|t:|1760761811
|move|p1a: Zamazenta|Body Press|p2a: Latios
|-resisted|p2a: Latios
|-damage|p2a: Latios|36/100
|move|p2a: Latios|Psychic Noise|p1a: Zamazenta
|-supereffective|p1a: Zamazenta
|-damage|p1a: Zamazenta|0 fnt
|faint|p1a: Zamazenta
|
|upkeep
|
|t:|1760761814
|switch|p1a: Kingambit|Kingambit, F|100/100
|-activate|p1a: Kingambit|ability: Supreme Overlord
|-start|p1a: Kingambit|fallen5|[silent]
|-item|p1a: Kingambit|Air Balloon
|turn|15
|inactive|Aimen92 has 120 seconds left.
|
|t:|1760761829
|switch|p2a: Zamazenta|Zamazenta|100/100
|-activate|p2a: Zamazenta|move: Sticky Web
|-unboost|p2a: Zamazenta|spe|1
|-ability|p2a: Zamazenta|Dauntless Shield|boost
|-boost|p2a: Zamazenta|def|1
|move|p1a: Kingambit|Swords Dance|p1a: Kingambit
|-boost|p1a: Kingambit|atk|2
|
|upkeep
|turn|16
|
|t:|1760761836
|-terastallize|p1a: Kingambit|Flying
|move|p2a: Zamazenta|Body Press|p1a: Kingambit
|-resisted|p1a: Kingambit
|-damage|p1a: Kingambit|81/100
|-enditem|p1a: Kingambit|Air Balloon
|move|p1a: Kingambit|Tera Blast|p2a: Zamazenta|[anim] Tera Blast Flying
|-supereffective|p2a: Zamazenta
|-damage|p2a: Zamazenta|0 fnt
|faint|p2a: Zamazenta
|
|upkeep
|
|t:|1760761843
|switch|p2a: Landorus|Landorus-Therian, M|100/100
|-ability|p2a: Landorus|Intimidate|boost
|-unboost|p1a: Kingambit|atk|1
|turn|17
|
|t:|1760761848
|move|p2a: Landorus|Smack Down|p1a: Kingambit
|-supereffective|p1a: Kingambit
|-damage|p1a: Kingambit|58/100
|-start|p1a: Kingambit|Smack Down
|move|p1a: Kingambit|Iron Head|p2a: Landorus
|-damage|p2a: Landorus|0 fnt
|-damage|p1a: Kingambit|42/100|[from] item: Rocky Helmet|[of] p2a: Landorus
|faint|p2a: Landorus
|
|upkeep
|
|t:|1760761858
|switch|p2a: Latios|Latios, M|36/100
|turn|18
|
|t:|1760761881
|move|p1a: Kingambit|Sucker Punch|p2a: Latios
|-supereffective|p2a: Latios
|-damage|p2a: Latios|0 fnt
|faint|p2a: Latios
|
|upkeep
|
|t:|1760761883
|switch|p2a: Scizor|Scizor, M|60/100
|turn|19
|
|t:|1760761907
|move|p2a: Scizor|Bullet Punch|p1a: Kingambit
|-damage|p1a: Kingambit|19/100
|move|p1a: Kingambit|Iron Head|p2a: Scizor
|-resisted|p2a: Scizor
|-damage|p2a: Scizor|0 fnt
|faint|p2a: Scizor
|
|win|Aimen92
|raw|Aimen92's rating: 1535 &rarr; <strong>1555</strong><br />(+20 for winning)
|raw|EdgingCeaselesslly's rating: 1528 &rarr; <strong>1508</strong><br />(-20 for losing)
|l|☆EdgingCeaselesslly
|player|p2|
|l|☆Aimen92
|player|p1|
