|j|☆tipptopp20
|j|☆MooFarmer
|t:|1760807653
|gametype|singles
|player|p1|tipptopp20|cynthia-gen4|1764
|player|p2|MooFarmer|1|1783
|gen|9
|tier|[Gen 9] OU
|rated|
|rule|HP Percentage Mod: HP is shown in percentages
|rule|Endless Battle Clause: Forcing endless battles is banned
|rule|Species Clause: Limit one of each Pokémon
|rule|OHKO Clause: OHKO moves are banned
|rule|Evasion Items Clause: Evasion items are banned
|rule|Evasion Moves Clause: Evasion moves are banned
|rule|Evasion Abilities Clause: Evasion abilities are banned
|rule|Sleep Moves Clause: Sleep-inducing moves are banned
|clearpoke
|poke|p1|Latios, M|
|poke|p1|Alomomola, F|
|poke|p1|Clodsire, M|
|poke|p1|Weavile, F|
|poke|p1|Okidogi, M|
|poke|p1|Forretress, M|
|poke|p2|Kyurem|
|poke|p2|Corviknight, M|
|poke|p2|Ting-Lu|
|poke|p2|Dondozo, F|
|poke|p2|Slowking-Galar, L99, F|
|poke|p2|Cinderace, M|
|teampreview
|inactive|Battle timer is ON: inactive players will automatically lose when time's up. (requested by tipptopp20)
|
|t:|1760807700
|teamsize|p1|6
|teamsize|p2|6
|start
|switch|p1a: Weavile|Weavile, F|100/100
|switch|p2a: Cinderace|Cinderace, M|100/100
|turn|1
|inactive|MooFarmer also wants the timer to be on.
|inactive|MooFarmer has 120 seconds left.
|
|t:|1760807747
|move|p1a: Weavile|Knock Off|p2a: Cinderace
|-damage|p2a: Cinderace|12/100
|-enditem|p2a: Cinderace|Heavy-Duty Boots|[from] move: Knock Off|[of] p1a: Weavile
|move|p2a: Cinderace|Will-O-Wisp|p1a: Weavile
|-status|p1a: Weavile|brn
|
|-damage|p1a: Weavile|94/100 brn|[from] brn
|upkeep
|turn|2
|inactive|MooFarmer has 90 seconds left.
|
|t:|1760807793
|switch|p2a: Ting-Lu|Ting-Lu|100/100
|-ability|p2a: Ting-Lu|Vessel of Ruin
|move|p1a: Weavile|Knock Off|p2a: Ting-Lu
|-resisted|p2a: Ting-Lu
|-damage|p2a: Ting-Lu|91/100
|-enditem|p2a: Ting-Lu|Leftovers|[from] move: Knock Off|[of] p1a: Weavile
|
|-damage|p1a: Weavile|88/100 brn|[from] brn
|upkeep
|turn|3
|inactive|MooFarmer has 60 seconds left.
|
|t:|1760807839
|switch|p1a: Okidogi|Okidogi, M|100/100
|move|p2a: Ting-Lu|Earthquake|p1a: Okidogi
|-supereffective|p1a: Okidogi
|-damage|p1a: Okidogi|28/100
|
|upkeep
|turn|4
|
|t:|1760807848
|-terastallize|p1a: Okidogi|Fighting
|move|p1a: Okidogi|Close Combat|p2a: Ting-Lu
|-supereffective|p2a: Ting-Lu
|-damage|p2a: Ting-Lu|0 fnt
|-unboost|p1a: Okidogi|def|1
|-unboost|p1a: Okidogi|spd|1
|faint|p2a: Ting-Lu
|
|upkeep
|
|t:|1760807857
|switch|p2a: Cinderace|Cinderace, M|12/100
|turn|5
|
|t:|1760807866
|switch|p1a: Alomomola|Alomomola, F|100/100
|move|p2a: Cinderace|Pyro Ball|p1a: Alomomola
|-resisted|p1a: Alomomola
|-damage|p1a: Alomomola|83/100
|-status|p1a: Alomomola|brn
|
|-heal|p1a: Alomomola|89/100 brn|[from] item: Leftovers
|-damage|p1a: Alomomola|83/100 brn|[from] brn
|upkeep
|turn|6
|
|t:|1760807876
|move|p2a: Cinderace|U-turn|p1a: Alomomola
|-damage|p1a: Alomomola|73/100 brn
|j| PIDGEY GORDITO
|
|t:|1760807884
|switch|p2a: Corviknight|Corviknight, M|100/100|[from] U-turn
|-ability|p2a: Corviknight|Pressure
|move|p1a: Alomomola|Flip Turn|p2a: Corviknight
|-damage|p2a: Corviknight|96/100
|-damage|p1a: Alomomola|56/100 brn|[from] item: Rocky Helmet|[of] p2a: Corviknight
|
|t:|1760807890
|switch|p1a: Latios|Latios, M|100/100|[from] Flip Turn
|
|upkeep
|turn|7
|l| PIDGEY GORDITO
|
|t:|1760807898
|move|p1a: Latios|Draco Meteor|p2a: Corviknight
|-resisted|p2a: Corviknight
|-damage|p2a: Corviknight|46/100
|-unboost|p1a: Latios|spa|2
|move|p2a: Corviknight|U-turn|p1a: Latios
|-supereffective|p1a: Latios
|-damage|p1a: Latios|60/100
|j| blackgokuking
|
|t:|1760807907
|switch|p2a: Kyurem|Kyurem|100/100|[from] U-turn
|-ability|p2a: Kyurem|Pressure
|
|upkeep
|turn|8
|inactive|MooFarmer has 60 seconds left.
|
|t:|1760807916
|switch|p1a: Forretress|Forretress, M|100/100
|switch|p2a: Corviknight|Corviknight, M|46/100
|-ability|p2a: Corviknight|Pressure
|
|upkeep
|turn|9
|
|t:|1760807925
|move|p2a: Corviknight|Roost|p2a: Corviknight
|-heal|p2a: Corviknight|96/100
|-singleturn|p2a: Corviknight|move: Roost
|move|p1a: Forretress|Volt Switch|p2a: Corviknight
|-damage|p2a: Corviknight|85/100
|
|t:|1760807933
|switch|p1a: Alomomola|Alomomola, F|89/100 brn|[from] Volt Switch
|
|-heal|p1a: Alomomola|96/100 brn|[from] item: Leftovers
|-damage|p1a: Alomomola|89/100 brn|[from] brn
|upkeep
|turn|10
|
|t:|1760807941
|move|p2a: Corviknight|U-turn|p1a: Alomomola
|-damage|p1a: Alomomola|81/100 brn
|
|t:|1760807950
|switch|p2a: Kyurem|Kyurem|100/100|[from] U-turn
|-ability|p2a: Kyurem|Pressure
|move|p1a: Alomomola|Wish|p1a: Alomomola
|
|-heal|p1a: Alomomola|87/100 brn|[from] item: Leftovers
|-damage|p1a: Alomomola|81/100 brn|[from] brn
|upkeep
|turn|11
|j| Winter6097
|
|t:|1760807958
|switch|p2a: Corviknight|Corviknight, M|85/100
|-ability|p2a: Corviknight|Pressure
|switch|p1a: Forretress|Forretress, M|100/100
|
|upkeep
|turn|12
|
|t:|1760807967
|move|p2a: Corviknight|Roost|p2a: Corviknight
|-heal|p2a: Corviknight|100/100
|-singleturn|p2a: Corviknight|move: Roost
|move|p1a: Forretress|Volt Switch|p2a: Corviknight
|-damage|p2a: Corviknight|89/100
|
|t:|1760807969
|switch|p1a: Alomomola|Alomomola, F|100/100 brn|[from] Volt Switch
|
|-damage|p1a: Alomomola|94/100 brn|[from] brn
|upkeep
|turn|13
|inactive|MooFarmer has 90 seconds left.
|inactive|MooFarmer has 60 seconds left.
|
|t:|1760808014
|move|p2a: Corviknight|U-turn|p1a: Alomomola
|-damage|p1a: Alomomola|86/100 brn
|l| Winter6097
|inactive|MooFarmer has 30 seconds left.
|inactive|MooFarmer has 20 seconds left.
|inactive|MooFarmer has 15 seconds left.
|
|t:|1760808060
|switch|p2a: Kyurem|Kyurem|100/100|[from] U-turn
|-ability|p2a: Kyurem|Pressure
|move|p1a: Alomomola|Wish|p1a: Alomomola
|
|-heal|p1a: Alomomola|93/100 brn|[from] item: Leftovers
|-damage|p1a: Alomomola|86/100 brn|[from] brn
|upkeep
|turn|14
|inactive|MooFarmer has 25 seconds left this turn.
|inactive|MooFarmer has 20 seconds left.
|
|t:|1760808068
|switch|p2a: Corviknight|Corviknight, M|89/100
|-ability|p2a: Corviknight|Pressure
|switch|p1a: Forretress|Forretress, M|100/100
|
|upkeep
|turn|15
|inactive|MooFarmer has 30 seconds left this turn.
|j| Winter6097
|
|t:|1760808077
|move|p2a: Corviknight|Roost|p2a: Corviknight
|-heal|p2a: Corviknight|100/100
|-singleturn|p2a: Corviknight|move: Roost
|move|p1a: Forretress|Volt Switch|p2a: Corviknight
|-damage|p2a: Corviknight|90/100
|
|t:|1760808079
|switch|p1a: Alomomola|Alomomola, F|100/100 brn|[from] Volt Switch
|
|-damage|p1a: Alomomola|94/100 brn|[from] brn
|upkeep
|turn|16
|
|t:|1760808087
|move|p2a: Corviknight|U-turn|p1a: Alomomola
|-damage|p1a: Alomomola|86/100 brn
|
|t:|1760808096
|switch|p2a: Kyurem|Kyurem|100/100|[from] U-turn
|-ability|p2a: Kyurem|Pressure
|move|p1a: Alomomola|Wish|p1a: Alomomola
|
|-heal|p1a: Alomomola|92/100 brn|[from] item: Leftovers
|-damage|p1a: Alomomola|86/100 brn|[from] brn
|upkeep
|turn|17
|
|t:|1760808104
|switch|p2a: Corviknight|Corviknight, M|90/100
|-ability|p2a: Corviknight|Pressure
|switch|p1a: Forretress|Forretress, M|100/100
|
|upkeep
|turn|18
|
|t:|1760808113
|move|p2a: Corviknight|Brave Bird|p1a: Forretress
|-damage|p1a: Forretress|82/100
|-damage|p2a: Corviknight|84/100|[from] Recoil
|move|p1a: Forretress|Volt Switch|p2a: Corviknight
|-supereffective|p2a: Corviknight
|-damage|p2a: Corviknight|62/100
|
|t:|1760808116
|switch|p1a: Okidogi|Okidogi, M, tera:Fighting|28/100|[from] Volt Switch
|
|upkeep
|turn|19
|
|t:|1760808124
|move|p1a: Okidogi|Close Combat|p2a: Corviknight
|-damage|p2a: Corviknight|0 fnt
|-unboost|p1a: Okidogi|def|1
|-unboost|p1a: Okidogi|spd|1
|-damage|p1a: Okidogi|12/100|[from] item: Rocky Helmet|[of] p2a: Corviknight
|faint|p2a: Corviknight
|
|upkeep
|
|t:|1760808133
|switch|p2a: Cinderace|Cinderace, M|12/100
|turn|20
|inactive|MooFarmer has 60 seconds left.
|
|t:|1760808150
|switch|p1a: Forretress|Forretress, M|82/100
|move|p2a: Cinderace|U-turn|p1a: Forretress
|-resisted|p1a: Forretress
|-damage|p1a: Forretress|76/100
|inactive|MooFarmer has 60 seconds left.
|
|t:|1760808160
|switch|p2a: Kyurem|Kyurem|100/100|[from] U-turn
|-ability|p2a: Kyurem|Pressure
|
|upkeep
|turn|21
|
|t:|1760808168
|move|p2a: Kyurem|Earth Power|p1a: Forretress
|-damage|p1a: Forretress|34/100
|move|p1a: Forretress|Gyro Ball|p2a: Kyurem
|-supereffective|p2a: Kyurem
|-damage|p2a: Kyurem|37/100
|
|-heal|p2a: Kyurem|43/100|[from] item: Leftovers
|upkeep
|turn|22
|j| dragonlatios1
|j| Cachou10
|
|t:|1760808191
|move|p2a: Kyurem|Substitute|p2a: Kyurem
|-start|p2a: Kyurem|Substitute
|-damage|p2a: Kyurem|18/100
|move|p1a: Forretress|Volt Switch|p2a: Kyurem
|-resisted|p2a: Kyurem
|-activate|p2a: Kyurem|move: Substitute|[damage]
|
|t:|1760808194
|switch|p1a: Weavile|Weavile, F|88/100 brn|[from] Volt Switch
|
|-heal|p2a: Kyurem|24/100|[from] item: Leftovers
|-damage|p1a: Weavile|82/100 brn|[from] brn
|upkeep
|turn|23
|
|t:|1760808202
|move|p2a: Kyurem|Protect|p2a: Kyurem
|-singleturn|p2a: Kyurem|Protect
|move|p1a: Weavile|Triple Axel|p2a: Kyurem
|-activate|p2a: Kyurem|move: Protect
|
|-heal|p2a: Kyurem|30/100|[from] item: Leftovers
|-damage|p1a: Weavile|76/100 brn|[from] brn
|upkeep
|turn|24
|
|t:|1760808210
|move|p1a: Weavile|Triple Axel|p2a: Kyurem
|-activate|p2a: Kyurem|move: Substitute|[damage]
|-end|p2a: Kyurem|Substitute
|-damage|p2a: Kyurem|11/100
|-hitcount|p2a: Kyurem|3
|move|p2a: Kyurem|Earth Power|p1a: Weavile
|-damage|p1a: Weavile|32/100 brn
|
|-heal|p2a: Kyurem|17/100|[from] item: Leftovers
|-damage|p1a: Weavile|26/100 brn|[from] brn
|upkeep
|turn|25
|
|t:|1760808223
|move|p2a: Kyurem|Protect|p2a: Kyurem
|-singleturn|p2a: Kyurem|Protect
|move|p1a: Weavile|Triple Axel|p2a: Kyurem
|-activate|p2a: Kyurem|move: Protect
|
|-heal|p2a: Kyurem|23/100|[from] item: Leftovers
|-damage|p1a: Weavile|20/100 brn|[from] brn
|upkeep
|turn|26
|inactive|MooFarmer has 90 seconds left.
|inactive|MooFarmer has 60 seconds left.
|
|t:|1760808269
|switch|p2a: Dondozo|Dondozo, F|100/100
|move|p1a: Weavile|Triple Axel|p2a: Dondozo
|-resisted|p2a: Dondozo
|-damage|p2a: Dondozo|99/100
|-resisted|p2a: Dondozo
|-damage|p2a: Dondozo|96/100
|-resisted|p2a: Dondozo
|-damage|p2a: Dondozo|91/100
|-hitcount|p2a: Dondozo|3
|
|-heal|p2a: Dondozo|97/100|[from] item: Leftovers
|-damage|p1a: Weavile|14/100 brn|[from] brn
|upkeep
|turn|27
|j| jay cho
|inactive|MooFarmer has 30 seconds left.
|inactive|MooFarmer has 20 seconds left.
|l| Winter6097
|
|t:|1760808314
|switch|p1a: Alomomola|Alomomola, F|100/100 brn
|switch|p2a: Cinderace|Cinderace, M|12/100
|
|-damage|p1a: Alomomola|94/100 brn|[from] brn
|upkeep
|turn|28
|inactive|MooFarmer has 30 seconds left this turn.
|l| jay cho
|
|t:|1760808326
|move|p2a: Cinderace|U-turn|p1a: Alomomola
|-damage|p1a: Alomomola|84/100 brn
|inactive|MooFarmer has 30 seconds left this turn.
|
|t:|1760808335
|switch|p2a: Slowking|Slowking-Galar, L99, F|100/100|[from] U-turn
|move|p1a: Alomomola|Flip Turn|p2a: Slowking
|-crit|p2a: Slowking
|-damage|p2a: Slowking|89/100
|
|t:|1760808339
|switch|p1a: Okidogi|Okidogi, M, tera:Fighting|12/100|[from] Flip Turn
|
|upkeep
|turn|29
|
|t:|1760808348
|switch|p2a: Cinderace|Cinderace, M|12/100
|move|p1a: Okidogi|Knock Off|p2a: Cinderace
|-damage|p2a: Cinderace|0 fnt
|faint|p2a: Cinderace
|
|upkeep
|
|t:|1760808356
|switch|p2a: Kyurem|Kyurem|23/100
|-ability|p2a: Kyurem|Pressure
|turn|30
|
|t:|1760808375
|switch|p1a: Forretress|Forretress, M|34/100
|move|p2a: Kyurem|Protect||[still]
|-fail|p2a: Kyurem
|
|-heal|p2a: Kyurem|29/100|[from] item: Leftovers
|upkeep
|turn|31
|
|t:|1760808385
|move|p2a: Kyurem|Substitute|p2a: Kyurem
|-start|p2a: Kyurem|Substitute
|-damage|p2a: Kyurem|4/100
|move|p1a: Forretress|Gyro Ball|p2a: Kyurem
|-supereffective|p2a: Kyurem
|-end|p2a: Kyurem|Substitute
|
|-heal|p2a: Kyurem|11/100|[from] item: Leftovers
|upkeep
|turn|32
|
|t:|1760808396
|move|p2a: Kyurem|Freeze-Dry|p1a: Forretress
|-resisted|p1a: Forretress
|-damage|p1a: Forretress|10/100
|move|p1a: Forretress|Volt Switch|p2a: Kyurem
|-resisted|p2a: Kyurem
|-damage|p2a: Kyurem|5/100
|
|t:|1760808405
|switch|p1a: Latios|Latios, M|60/100|[from] Volt Switch
|
|-heal|p2a: Kyurem|12/100|[from] item: Leftovers
|upkeep
|turn|33
|inactive|MooFarmer has 60 seconds left.
|
|t:|1760808414
|move|p2a: Kyurem|Protect|p2a: Kyurem
|-singleturn|p2a: Kyurem|Protect
|move|p1a: Latios|Luster Purge|p2a: Kyurem
|-activate|p2a: Kyurem|move: Protect
|
|-heal|p2a: Kyurem|18/100|[from] item: Leftovers
|upkeep
|turn|34
|
|t:|1760808422
|move|p2a: Kyurem|Protect||[still]
|-fail|p2a: Kyurem
|move|p1a: Latios|Luster Purge|p2a: Kyurem
|-damage|p2a: Kyurem|0 fnt
|faint|p2a: Kyurem
|
|upkeep
|
|t:|1760808430
|switch|p2a: Dondozo|Dondozo, F|97/100
|turn|35
|
|t:|1760808439
|-terastallize|p2a: Dondozo|Dark
|move|p1a: Latios|Luster Purge|p2a: Dondozo
|-immune|p2a: Dondozo
|move|p2a: Dondozo|Curse|p2a: Dondozo
|-unboost|p2a: Dondozo|spe|1
|-boost|p2a: Dondozo|atk|1
|-boost|p2a: Dondozo|def|1
|
|-heal|p2a: Dondozo|100/100|[from] item: Leftovers
|upkeep
|turn|36
|inactive|tipptopp20 has 120 seconds left.
|
|t:|1760808487
|switch|p1a: Weavile|Weavile, F|14/100 brn
|move|p2a: Dondozo|Body Press|p1a: Weavile
|-supereffective|p1a: Weavile
|-damage|p1a: Weavile|0 fnt
|faint|p1a: Weavile
|
|upkeep
|inactive|tipptopp20 has 90 seconds left.
|
|t:|1760808530
|switch|p1a: Latios|Latios, M|60/100
|turn|37
|
|t:|1760808538
|switch|p2a: Slowking|Slowking-Galar, L99, F|100/100
|move|p1a: Latios|Draco Meteor|p2a: Slowking
|-damage|p2a: Slowking|35/100
|-unboost|p1a: Latios|spa|2
|
|upkeep
|turn|38
|inactive|MooFarmer has 90 seconds left.
|inactive|tipptopp20 has 60 seconds left.
|inactive|MooFarmer has 60 seconds left.
|
|t:|1760808591
|move|p1a: Latios|Draco Meteor|p2a: Slowking
|-damage|p2a: Slowking|6/100
|-unboost|p1a: Latios|spa|2
|-prepare|p2a: Slowking|Chilly Reception|[premajor]
|move|p2a: Slowking|Chilly Reception|p2a: Slowking
|-weather|Snowscape
|inactive|MooFarmer has 30 seconds left.
|l| blackgokuking
|inactive|MooFarmer has 20 seconds left.
|
|t:|1760808635
|switch|p2a: Dondozo|Dondozo, F, tera:Dark|100/100|[from] Chilly Reception
|
|-weather|Snowscape|[upkeep]
|upkeep
|turn|39
|inactive|MooFarmer has 30 seconds left this turn.
|
|t:|1760808657
|switch|p1a: Forretress|Forretress, M|10/100
|switch|p2a: Slowking|Slowking-Galar, L99, F|40/100
|
|-weather|Snowscape|[upkeep]
|upkeep
|turn|40
|inactive|MooFarmer has 30 seconds left.
|inactive|tipptopp20 has 30 seconds left.
|
|t:|1760808677
|move|p1a: Forretress|Volt Switch|p2a: Slowking
|-damage|p2a: Slowking|33/100
|
|t:|1760808678
|switch|p1a: Latios|Latios, M|60/100|[from] Volt Switch
|move|p2a: Slowking|Sludge Bomb|p1a: Latios
|-damage|p1a: Latios|26/100
|
|-weather|Snowscape|[upkeep]
|upkeep
|turn|41
|
|t:|1760808686
|switch|p2a: Dondozo|Dondozo, F, tera:Dark|100/100
|move|p1a: Latios|Draco Meteor|p2a: Dondozo
|-damage|p2a: Dondozo|1/100
|-unboost|p1a: Latios|spa|2
|
|-weather|Snowscape|[upkeep]
|-heal|p2a: Dondozo|7/100|[from] item: Leftovers
|upkeep
|turn|42
|
|t:|1760808697
|switch|p1a: Okidogi|Okidogi, M, tera:Fighting|12/100
|switch|p2a: Slowking|Slowking-Galar, L99, F|66/100
|
|-weather|none
|upkeep
|turn|43
|c|☆tipptopp20|gg
|
|t:|1760808704
|switch|p2a: Dondozo|Dondozo, F, tera:Dark|7/100
|move|p1a: Okidogi|Knock Off|p2a: Dondozo
|-resisted|p2a: Dondozo
|-damage|p2a: Dondozo|0 fnt
|-enditem|p2a: Dondozo|Leftovers|[from] move: Knock Off|[of] p1a: Okidogi
|faint|p2a: Dondozo
|
|upkeep
|
|t:|1760808712
|switch|p2a: Slowking|Slowking-Galar, L99, F|99/100
|turn|44
|
|t:|1760808717
|move|p1a: Okidogi|Knock Off|p2a: Slowking
|-supereffective|p2a: Slowking
|-damage|p2a: Slowking|2/100
|-enditem|p2a: Slowking|Heavy-Duty Boots|[from] move: Knock Off|[of] p1a: Okidogi
|move|p2a: Slowking|Sludge Bomb|p1a: Okidogi
|-damage|p1a: Okidogi|0 fnt
|faint|p1a: Okidogi
|
|upkeep
|
|t:|1760808719
|switch|p1a: Latios|Latios, M|26/100
|turn|45
|
|t:|1760808725
|move|p1a: Latios|Flip Turn|p2a: Slowking
|-damage|p2a: Slowking|0 fnt
|faint|p2a: Slowking
|
|win|tipptopp20
|raw|tipptopp20's rating: 1764 &rarr; <strong>1785</strong><br />(+21 for winning)
|raw|MooFarmer's rating: 1783 &rarr; <strong>1762</strong><br />(-21 for losing)
|l|☆MooFarmer
|player|p2|
|l| dragonlatios1
