|j|☆Nickthenickthenick
|j|☆EkitzPro11
|t:|1760879815
|gametype|singles
|player|p1|Nickthenickthenick|1|1177
|player|p2|EkitzPro11|veteran|1181
|gen|9
|tier|[Gen 9] OU
|rated|
|rule|HP Percentage Mod: HP is shown in percentages
|rule|Endless Battle Clause: Forcing endless battles is banned
|rule|Species Clause: Limit one of each Pokémon
|rule|OHKO Clause: OHKO moves are banned
|rule|Evasion Items Clause: Evasion items are banned
|rule|Evasion Moves Clause: Evasion moves are banned
|rule|Evasion Abilities Clause: Evasion abilities are banned
|rule|Sleep Moves Clause: Sleep-inducing moves are banned
|clearpoke
|poke|p1|Garchomp, F|
|poke|p1|Slowking-Galar, M|
|poke|p1|Tyranitar, M|
|poke|p1|Gholdengo|
|poke|p1|Toxapex, F|
|poke|p1|Moltres|
|poke|p2|Hitmonlee, M|
|poke|p2|Umbreon, F|
|poke|p2|Quagsire, M|
|poke|p2|Ceruledge, M|
|poke|p2|Jirachi|
|poke|p2|Toxtricity-Low-Key, M|
|teampreview
|inactive|Battle timer is ON: inactive players will automatically lose when time's up. (requested by EkitzPro11)
|
|t:|1760879819
|teamsize|p1|6
|teamsize|p2|6
|start
|switch|p1a: Garchomp|Garchomp, F|100/100
|switch|p2a: HitGodLee|Hitmonlee, M|100/100
|turn|1
|
|t:|1760879826
|move|p2a: HitGodLee|Knock Off|p1a: Garchomp
|-damage|p1a: Garchomp|80/100
|-damage|p2a: HitGodLee|88/100|[from] ability: Rough Skin|[of] p1a: Garchomp
|-damage|p2a: HitGodLee|72/100|[from] item: Rocky Helmet|[of] p1a: Garchomp
|-enditem|p1a: Garchomp|Rocky Helmet|[from] move: Knock Off|[of] p2a: HitGodLee
|move|p1a: Garchomp|Stealth Rock|p2a: HitGodLee
|-sidestart|p2: EkitzPro11|move: Stealth Rock
|
|upkeep
|turn|2
|
|t:|1760879839
|switch|p2a: Megaman|Ceruledge, M|100/100
|-damage|p2a: Megaman|76/100|[from] Stealth Rock
|move|p1a: Garchomp|Spikes|p2a: Megaman
|-sidestart|p2: EkitzPro11|Spikes
|
|upkeep
|turn|3
|
|t:|1760879846
|move|p2a: Megaman|Swords Dance|p2a: Megaman
|-boost|p2a: Megaman|atk|2
|move|p1a: Garchomp|Earthquake|p2a: Megaman
|-supereffective|p2a: Megaman
|-damage|p2a: Megaman|0 fnt
|faint|p2a: Megaman
|
|upkeep
|
|t:|1760879849
|switch|p2a: Hellouda|Toxtricity-Low-Key, M|100/100
|-damage|p2a: Hellouda|88/100|[from] Stealth Rock
|-damage|p2a: Hellouda|76/100|[from] Spikes
|turn|4
|c|☆Nickthenickthenick|?
|
|t:|1760879858
|-terastallize|p2a: Hellouda|Normal
|move|p2a: Hellouda|Boomburst|p1a: Garchomp
|-damage|p1a: Garchomp|0 fnt
|faint|p1a: Garchomp
|
|upkeep
|
|t:|1760879864
|switch|p1a: Tyranitar|Tyranitar, M|100/100
|-weather|Sandstorm|[from] ability: Sand Stream|[of] p1a: Tyranitar
|turn|5
|
|t:|1760879870
|switch|p2a: HitGodLee|Hitmonlee, M|72/100
|-damage|p2a: HitGodLee|65/100|[from] Stealth Rock
|-damage|p2a: HitGodLee|53/100|[from] Spikes
|move|p1a: Tyranitar|Knock Off|p2a: HitGodLee
|-resisted|p2a: HitGodLee
|-damage|p2a: HitGodLee|0 fnt
|-enditem|p2a: HitGodLee|Normal Gem|[from] move: Knock Off|[of] p1a: Tyranitar
|faint|p2a: HitGodLee
|
|-weather|Sandstorm|[upkeep]
|upkeep
|
|t:|1760879877
|switch|p2a: Bort|Quagsire, M|100/100
|-damage|p2a: Bort|94/100|[from] Stealth Rock
|-damage|p2a: Bort|82/100|[from] Spikes
|turn|6
|
|t:|1760879887
|move|p1a: Tyranitar|Knock Off|p2a: Bort
|-damage|p2a: Bort|51/100
|-enditem|p2a: Bort|Leftovers|[from] move: Knock Off|[of] p1a: Tyranitar
|move|p2a: Bort|Earthquake|p1a: Tyranitar
|-supereffective|p1a: Tyranitar
|-damage|p1a: Tyranitar|52/100
|
|-weather|Sandstorm|[upkeep]
|-heal|p1a: Tyranitar|59/100|[from] item: Leftovers
|upkeep
|turn|7
|
|t:|1760879901
|switch|p1a: Toxapex|Toxapex, F|100/100
|move|p2a: Bort|Recover|p2a: Bort
|-heal|p2a: Bort|100/100
|
|-weather|Sandstorm|[upkeep]
|-damage|p1a: Toxapex|95/100|[from] Sandstorm
|-heal|p1a: Toxapex|100/100|[from] item: Leftovers
|upkeep
|turn|8
|
|t:|1760879909
|move|p2a: Bort|Earthquake|p1a: Toxapex
|-supereffective|p1a: Toxapex
|-damage|p1a: Toxapex|63/100
|move|p1a: Toxapex|Toxic|p2a: Bort
|-status|p2a: Bort|tox
|
|-weather|Sandstorm|[upkeep]
|-damage|p1a: Toxapex|57/100|[from] Sandstorm
|-heal|p1a: Toxapex|63/100|[from] item: Leftovers
|-damage|p2a: Bort|94/100 tox|[from] psn
|upkeep
|turn|9
|
|t:|1760879919
|move|p1a: Toxapex|Recover|p1a: Toxapex
|-heal|p1a: Toxapex|100/100
|move|p2a: Bort|Earthquake|p1a: Toxapex
|-supereffective|p1a: Toxapex
|-damage|p1a: Toxapex|61/100
|
|-weather|none
|-heal|p1a: Toxapex|67/100|[from] item: Leftovers
|-damage|p2a: Bort|82/100 tox|[from] psn
|upkeep
|turn|10
|
|t:|1760879927
|switch|p2a: Ups|Jirachi|100/100
|-damage|p2a: Ups|94/100|[from] Stealth Rock
|-damage|p2a: Ups|82/100|[from] Spikes
|move|p1a: Toxapex|Infestation|p2a: Ups
|-damage|p2a: Ups|79/100
|-activate|p2a: Ups|move: Infestation|[of] p1a: Toxapex
|
|-heal|p2a: Ups|85/100|[from] item: Leftovers
|-heal|p1a: Toxapex|73/100|[from] item: Leftovers
|-damage|p2a: Ups|73/100|[from] move: Infestation|[partiallytrapped]
|upkeep
|turn|11
|
|t:|1760879938
|move|p1a: Toxapex|Baneful Bunker|p1a: Toxapex
|-singleturn|p1a: Toxapex|move: Protect
|move|p2a: Ups|Zen Headbutt|p1a: Toxapex
|-activate|p1a: Toxapex|move: Protect
|
|-heal|p2a: Ups|79/100|[from] item: Leftovers
|-heal|p1a: Toxapex|79/100|[from] item: Leftovers
|-damage|p2a: Ups|67/100|[from] move: Infestation|[partiallytrapped]
|upkeep
|turn|12
|l|☆EkitzPro11
|inactive|EkitzPro11 disconnected and has a minute to reconnect!
|player|p2|
|inactive|EkitzPro11 has 30 seconds to reconnect!
|inactive|EkitzPro11 has 20 seconds to reconnect!
|inactive|EkitzPro11 has 15 seconds to reconnect!
|inactive|EkitzPro11 has 10 seconds to reconnect!
|inactive|EkitzPro11 has 5 seconds to reconnect!
|-message|EkitzPro11 lost due to inactivity.
|
|win|Nickthenickthenick
|raw|Nickthenickthenick's rating: 1153 &rarr; <strong>1180</strong><br />(+27 for winning)
|raw|EkitzPro11's rating: 1181 &rarr; <strong>1154</strong><br />(-27 for losing)
