|j|☆yesterdaymister
|j|☆MooFarmer
|t:|1760819794
|gametype|singles
|player|p1|yesterdaymister|striker|1750
|player|p2|MooFarmer|1|1846
|gen|9
|tier|[Gen 9] OU
|rated|
|rule|HP Percentage Mod: HP is shown in percentages
|rule|Endless Battle Clause: Forcing endless battles is banned
|rule|Species Clause: Limit one of each Pokémon
|rule|OHKO Clause: OHKO moves are banned
|rule|Evasion Items Clause: Evasion items are banned
|rule|Evasion Moves Clause: Evasion moves are banned
|rule|Evasion Abilities Clause: Evasion abilities are banned
|rule|Sleep Moves Clause: Sleep-inducing moves are banned
|clearpoke
|poke|p1|Ninetales, M|
|poke|p1|Ceruledge, M|
|poke|p1|Venusaur, M|
|poke|p1|Hatterene, F|
|poke|p1|Great Tusk|
|poke|p1|Walking Wake|
|poke|p2|Kyurem|
|poke|p2|Corviknight, F|
|poke|p2|Ting-Lu|
|poke|p2|Dondozo, M|
|poke|p2|Slowking-Galar, L99, M|
|poke|p2|Cinderace, F|
|teampreview
|inactive|Battle timer is ON: inactive players will automatically lose when time's up. (requested by yesterdaymister)
|inactive|MooFarmer has 120 seconds left.
|
|t:|1760819840
|teamsize|p1|6
|teamsize|p2|6
|start
|switch|p1a: mignolet|Great Tusk|100/100
|switch|p2a: Kyurem|Kyurem|100/100
|-ability|p2a: Kyurem|Pressure
|turn|1
|inactive|MooFarmer also wants the timer to be on.
|inactive|MooFarmer has 120 seconds left.
|
|t:|1760819886
|-end|p1a: mignolet|Protosynthesis|[silent]
|switch|p1a: maccabi|Hatterene, F|100/100
|move|p2a: Kyurem|Freeze-Dry|p1a: maccabi
|-damage|p1a: maccabi|66/100
|-enditem|p1a: maccabi|Eject Button
|
|t:|1760819899
|switch|p1a: arda guler|Ninetales, M|100/100
|-weather|SunnyDay|[from] ability: Drought|[of] p1a: arda guler
|
|-weather|SunnyDay|[upkeep]
|upkeep
|turn|2
|inactive|MooFarmer has 90 seconds left.
|
|t:|1760819943
|switch|p1a: maccabi|Hatterene, F|66/100
|move|p2a: Kyurem|Earth Power|p1a: maccabi
|-damage|p1a: maccabi|36/100
|
|-weather|SunnyDay|[upkeep]
|upkeep
|turn|3
|inactive|MooFarmer has 60 seconds left.
|
|t:|1760819990
|move|p2a: Kyurem|Freeze-Dry|p1a: maccabi
|-damage|p1a: maccabi|4/100
|move|p1a: maccabi|Nuzzle|p2a: Kyurem
|-resisted|p2a: Kyurem
|-damage|p2a: Kyurem|99/100
|-status|p2a: Kyurem|par
|
|-weather|SunnyDay|[upkeep]
|-heal|p2a: Kyurem|100/100 par|[from] item: Leftovers
|upkeep
|turn|4
|inactive|MooFarmer has 30 seconds left.
|inactive|MooFarmer has 20 seconds left.
|inactive|MooFarmer has 15 seconds left.
|inactive|MooFarmer has 10 seconds left.
|
|t:|1760820038
|move|p2a: Kyurem|Earth Power|p1a: maccabi
|-damage|p1a: maccabi|0 fnt
|faint|p1a: maccabi
|
|-weather|SunnyDay|[upkeep]
|upkeep
|
|t:|1760820061
|switch|p1a: lebron|Ceruledge, M|100/100
|turn|5
|inactive|MooFarmer has 25 seconds left this turn.
|inactive|MooFarmer has 20 seconds left.
|
|t:|1760820069
|switch|p2a: Dondozo|Dondozo, M|100/100
|move|p1a: lebron|Swords Dance|p1a: lebron
|-boost|p1a: lebron|atk|2
|
|-weather|SunnyDay|[upkeep]
|upkeep
|turn|6
|inactive|MooFarmer has 30 seconds left this turn.
|
|t:|1760820079
|switch|p1a: chama|Walking Wake|100/100
|-activate|p1a: chama|ability: Protosynthesis
|-start|p1a: chama|protosynthesisspa
|move|p2a: Dondozo|Curse|p2a: Dondozo
|-unboost|p2a: Dondozo|spe|1
|-boost|p2a: Dondozo|atk|1
|-boost|p2a: Dondozo|def|1
|
|-weather|SunnyDay|[upkeep]
|upkeep
|turn|7
|inactive|MooFarmer has 30 seconds left.
|
|t:|1760820088
|move|p1a: chama|Hydro Steam|p2a: Dondozo
|-resisted|p2a: Dondozo
|-damage|p2a: Dondozo|44/100
|move|p2a: Dondozo|Body Press|p1a: chama
|-damage|p1a: chama|58/100
|
|-weather|SunnyDay|[upkeep]
|-heal|p2a: Dondozo|50/100|[from] item: Leftovers
|upkeep
|turn|8
|
|t:|1760820097
|switch|p2a: Kyurem|Kyurem|100/100 par
|-ability|p2a: Kyurem|Pressure
|move|p1a: chama|Hydro Steam|p2a: Kyurem
|-resisted|p2a: Kyurem
|-damage|p2a: Kyurem|41/100 par
|
|-weather|none
|-end|p1a: chama|Protosynthesis
|-heal|p2a: Kyurem|47/100 par|[from] item: Leftovers
|upkeep
|turn|9
|
|t:|1760820110
|-end|p1a: chama|Protosynthesis|[silent]
|switch|p1a: mignolet|Great Tusk|100/100
|move|p2a: Kyurem|Freeze-Dry|p1a: mignolet
|-supereffective|p1a: mignolet
|-damage|p1a: mignolet|13/100
|
|-heal|p2a: Kyurem|53/100 par|[from] item: Leftovers
|upkeep
|turn|10
|
|t:|1760820119
|switch|p2a: Ting-Lu|Ting-Lu|100/100
|-ability|p2a: Ting-Lu|Vessel of Ruin
|move|p1a: mignolet|Stealth Rock|p2a: Ting-Lu
|-sidestart|p2: MooFarmer|move: Stealth Rock
|
|upkeep
|turn|11
|j| Pokemon-Lover834
|inactive|yesterdaymister has 120 seconds left.
|
|t:|1760820157
|move|p1a: mignolet|Rapid Spin|p2a: Ting-Lu
|-damage|p2a: Ting-Lu|93/100
|-boost|p1a: mignolet|spe|1
|move|p2a: Ting-Lu|Earthquake|p1a: mignolet
|-damage|p1a: mignolet|0 fnt
|faint|p1a: mignolet
|-end|p1a: mignolet|Protosynthesis|[silent]
|
|-heal|p2a: Ting-Lu|99/100|[from] item: Leftovers
|upkeep
|
|t:|1760820168
|switch|p1a: lebron|Ceruledge, M|100/100
|turn|12
|inactive|MooFarmer has 60 seconds left.
|
|t:|1760820179
|move|p1a: lebron|Swords Dance|p1a: lebron
|-boost|p1a: lebron|atk|2
|move|p2a: Ting-Lu|Earthquake|p1a: lebron
|-supereffective|p1a: lebron
|-enditem|p1a: lebron|Focus Sash
|-damage|p1a: lebron|1/100
|-ability|p1a: lebron|Weak Armor|boost
|-unboost|p1a: lebron|def|1
|-boost|p1a: lebron|spe|2
|
|-heal|p2a: Ting-Lu|100/100|[from] item: Leftovers
|upkeep
|turn|13
|
|t:|1760820188
|-terastallize|p1a: lebron|Fairy
|-terastallize|p2a: Ting-Lu|Water
|move|p1a: lebron|Tera Blast|p2a: Ting-Lu|[anim] Tera Blast Fairy
|-damage|p2a: Ting-Lu|53/100
|move|p2a: Ting-Lu|Earthquake|p1a: lebron
|-damage|p1a: lebron|0 fnt
|faint|p1a: lebron
|
|-heal|p2a: Ting-Lu|59/100|[from] item: Leftovers
|upkeep
|inactive|yesterdaymister has 90 seconds left.
|
|t:|1760820227
|switch|p1a: arda guler|Ninetales, M|100/100
|-weather|SunnyDay|[from] ability: Drought|[of] p1a: arda guler
|turn|14
|
|t:|1760820235
|switch|p1a: hans vanaken|Venusaur, M|100/100
|move|p2a: Ting-Lu|Earthquake|p1a: hans vanaken
|-damage|p1a: hans vanaken|48/100
|
|-weather|SunnyDay|[upkeep]
|-heal|p2a: Ting-Lu|65/100|[from] item: Leftovers
|upkeep
|turn|15
|
|t:|1760820244
|switch|p2a: Slowking|Slowking-Galar, L99, M|100/100
|move|p1a: hans vanaken|Giga Drain|p2a: Slowking
|-resisted|p2a: Slowking
|-damage|p2a: Slowking|87/100
|-heal|p1a: hans vanaken|57/100|[from] drain|[of] p2a: Slowking
|-damage|p1a: hans vanaken|47/100|[from] item: Life Orb
|
|-weather|SunnyDay|[upkeep]
|upkeep
|turn|16
|
|t:|1760820253
|move|p1a: hans vanaken|Growth|p1a: hans vanaken
|-boost|p1a: hans vanaken|atk|2
|-boost|p1a: hans vanaken|spa|2
|move|p2a: Slowking|Sludge Bomb|p1a: hans vanaken
|-damage|p1a: hans vanaken|11/100
|
|-weather|SunnyDay|[upkeep]
|upkeep
|turn|17
|inactive|yesterdaymister has 120 seconds left.
|inactive|MooFarmer has 90 seconds left.
|inactive|MooFarmer has 60 seconds left.
|
|t:|1760820298
|move|p1a: hans vanaken|Weather Ball|p2a: Slowking
|-damage|p2a: Slowking|11/100
|-damage|p1a: hans vanaken|1/100|[from] item: Life Orb
|move|p2a: Slowking|Sludge Bomb|p1a: hans vanaken
|-damage|p1a: hans vanaken|0 fnt
|faint|p1a: hans vanaken
|
|-weather|SunnyDay|[upkeep]
|upkeep
|inactive|yesterdaymister has 120 seconds left.
|
|t:|1760820309
|switch|p1a: chama|Walking Wake|58/100
|-activate|p1a: chama|ability: Protosynthesis
|-start|p1a: chama|protosynthesisspa
|turn|18
|inactive|MooFarmer has 60 seconds left.
|inactive|MooFarmer has 30 seconds left.
|
|t:|1760820353
|switch|p2a: Kyurem|Kyurem|53/100 par
|-damage|p2a: Kyurem|28/100 par|[from] Stealth Rock
|-ability|p2a: Kyurem|Pressure
|move|p1a: chama|Hydro Steam|p2a: Kyurem
|-resisted|p2a: Kyurem
|-damage|p2a: Kyurem|0 fnt
|faint|p2a: Kyurem
|
|-weather|SunnyDay|[upkeep]
|upkeep
|inactive|MooFarmer has 30 seconds left.
|
|t:|1760820361
|switch|p2a: Ting-Lu|Ting-Lu, tera:Water|65/100
|-damage|p2a: Ting-Lu|53/100|[from] Stealth Rock
|-ability|p2a: Ting-Lu|Vessel of Ruin
|turn|19
|
|t:|1760820369
|move|p1a: chama|Hydro Steam|p2a: Ting-Lu
|-resisted|p2a: Ting-Lu
|-damage|p2a: Ting-Lu|27/100
|move|p2a: Ting-Lu|Earthquake|p1a: chama
|-damage|p1a: chama|18/100
|
|-weather|SunnyDay|[upkeep]
|-heal|p2a: Ting-Lu|33/100|[from] item: Leftovers
|upkeep
|turn|20
|
|t:|1760820381
|-end|p1a: chama|Protosynthesis|[silent]
|switch|p1a: arda guler|Ninetales, M|100/100
|move|p2a: Ting-Lu|Earthquake|p1a: arda guler
|-supereffective|p1a: arda guler
|-damage|p1a: arda guler|12/100
|
|-weather|SunnyDay|[upkeep]
|-heal|p2a: Ting-Lu|40/100|[from] item: Leftovers
|upkeep
|turn|21
|
|t:|1760820390
|move|p1a: arda guler|Healing Wish|p1a: arda guler
|faint|p1a: arda guler
|move|p2a: Ting-Lu|Earthquake|p1: arda guler|[notarget]
|-fail|p2a: Ting-Lu
|
|-weather|none
|-heal|p2a: Ting-Lu|46/100|[from] item: Leftovers
|upkeep
|
|t:|1760820391
|switch|p1a: chama|Walking Wake|18/100
|-heal|p1a: chama|100/100|[from] move: Healing Wish
|turn|22
|
|t:|1760820403
|move|p1a: chama|Hydro Steam|p2a: Ting-Lu
|-resisted|p2a: Ting-Lu
|-crit|p2a: Ting-Lu
|-damage|p2a: Ting-Lu|25/100
|move|p2a: Ting-Lu|Earthquake|p1a: chama
|-damage|p1a: chama|62/100
|
|-heal|p2a: Ting-Lu|31/100|[from] item: Leftovers
|upkeep
|turn|23
|inactive|MooFarmer has 60 seconds left.
|
|t:|1760820409
|move|p1a: chama|Hydro Steam|p2a: Ting-Lu
|-resisted|p2a: Ting-Lu
|-damage|p2a: Ting-Lu|17/100
|move|p2a: Ting-Lu|Payback|p1a: chama
|-damage|p1a: chama|17/100
|
|-heal|p2a: Ting-Lu|23/100|[from] item: Leftovers
|upkeep
|turn|24
|-message|yesterdaymister forfeited.
|
|win|MooFarmer
|raw|yesterdaymister's rating: 1750 &rarr; <strong>1735</strong><br />(-15 for losing)
|raw|MooFarmer's rating: 1846 &rarr; <strong>1861</strong><br />(+15 for winning)
|l|☆MooFarmer
|player|p2|
|l|☆yesterdaymister
|player|p1|
