|j|☆braisedporkyy
|j|☆zeice
|t:|1760865391
|gametype|singles
|player|p1|braisedporkyy|170|1081
|player|p2|zeice|265|1092
|gen|9
|tier|[Gen 9] OU
|rated|
|rule|HP Percentage Mod: HP is shown in percentages
|rule|Endless Battle Clause: Forcing endless battles is banned
|rule|Species Clause: Limit one of each Pokémon
|rule|OHKO Clause: OHKO moves are banned
|rule|Evasion Items Clause: Evasion items are banned
|rule|Evasion Moves Clause: Evasion moves are banned
|rule|Evasion Abilities Clause: Evasion abilities are banned
|rule|Sleep Moves Clause: Sleep-inducing moves are banned
|clearpoke
|poke|p1|Scrafty, F|
|poke|p1|Vaporeon, F|
|poke|p1|Heatran, M|
|poke|p1|Tentacruel, M|
|poke|p1|Pecharunt|
|poke|p1|Hydreigon, M|
|poke|p2|Dragapult, M|
|poke|p2|Mimikyu, F|
|poke|p2|Umbreon, M|
|poke|p2|Ceruledge, M|
|poke|p2|Ogerpon-Wellspring, F|
|poke|p2|Gholdengo|
|teampreview
|inactive|Battle timer is ON: inactive players will automatically lose when time's up. (requested by braisedporkyy)
|
|t:|1760865404
|teamsize|p1|6
|teamsize|p2|6
|start
|switch|p1a: Tentacruel|Tentacruel, M|100/100
|switch|p2a: Ceruledge|Ceruledge, M|100/100
|turn|1
|
|t:|1760865417
|switch|p2a: Ogerpon|Ogerpon-Wellspring, F|100/100
|move|p1a: Tentacruel|Knock Off|p2a: Ogerpon
|-damage|p2a: Ogerpon|85/100
|
|upkeep
|turn|2
|
|t:|1760865435
|move|p2a: Ogerpon|Horn Leech|p1a: Tentacruel
|-damage|p1a: Tentacruel|44/100
|-damage|p2a: Ogerpon|50/100|[from] ability: Liquid Ooze|[of] p1a: Tentacruel
|move|p1a: Tentacruel|Poison Jab|p2a: Ogerpon
|-supereffective|p2a: Ogerpon
|-damage|p2a: Ogerpon|0 fnt
|faint|p2a: Ogerpon
|
|upkeep
|
|t:|1760865447
|switch|p2a: Dragapult|Dragapult, M|100/100
|turn|3
|
|t:|1760865468
|switch|p1a: Heatran|Heatran, M|100/100
|-item|p1a: Heatran|Air Balloon
|move|p2a: Dragapult|Dragon Darts|p1a: Heatran
|-resisted|p1a: Heatran
|-damage|p1a: Heatran|84/100
|-enditem|p1a: Heatran|Air Balloon
|-anim|p2a: Dragapult|Dragon Darts|p1a: Heatran
|-resisted|p1a: Heatran
|-damage|p1a: Heatran|70/100
|-damage|p2a: Dragapult|91/100|[from] item: Life Orb
|
|upkeep
|turn|4
|
|t:|1760865486
|switch|p2a: Umbreon|Umbreon, M|100/100
|move|p1a: Heatran|Magma Storm|p2a: Umbreon|[miss]
|-miss|p1a: Heatran|p2a: Umbreon
|
|upkeep
|turn|5
|
|t:|1760865504
|switch|p2a: Ceruledge|Ceruledge, M|100/100
|move|p1a: Heatran|Magma Storm|p2a: Ceruledge
|-resisted|p2a: Ceruledge
|-damage|p2a: Ceruledge|71/100
|-activate|p2a: Ceruledge|move: Magma Storm|[of] p1a: Heatran
|
|-damage|p2a: Ceruledge|59/100|[from] move: Magma Storm|[partiallytrapped]
|upkeep
|turn|6
|
|t:|1760865521
|move|p2a: Ceruledge|Close Combat|p1a: Heatran
|-supereffective|p1a: Heatran
|-damage|p1a: Heatran|0 fnt
|-unboost|p2a: Ceruledge|def|1
|-unboost|p2a: Ceruledge|spd|1
|faint|p1a: Heatran
|
|-end|p2a: Ceruledge|Magma Storm|[partiallytrapped]|[silent]
|upkeep
|
|t:|1760865531
|switch|p1a: Scrafty|Scrafty, F|100/100
|turn|7
|
|t:|1760865536
|-terastallize|p1a: Scrafty|Poison
|move|p2a: Ceruledge|Swords Dance|p2a: Ceruledge
|-boost|p2a: Ceruledge|atk|2
|move|p1a: Scrafty|Bulk Up|p1a: Scrafty
|-boost|p1a: Scrafty|atk|1
|-boost|p1a: Scrafty|def|1
|
|upkeep
|turn|8
|
|t:|1760865546
|move|p2a: Ceruledge|Bitter Blade|p1a: Scrafty
|-damage|p1a: Scrafty|49/100
|-heal|p2a: Ceruledge|83/100|[from] drain|[of] p1a: Scrafty
|move|p1a: Scrafty|Crunch|p2a: Ceruledge
|-supereffective|p2a: Ceruledge
|-damage|p2a: Ceruledge|0 fnt
|faint|p2a: Ceruledge
|
|-heal|p1a: Scrafty|55/100|[from] item: Leftovers
|upkeep
|
|t:|1760865561
|switch|p2a: Dragapult|Dragapult, M|91/100
|turn|9
|
|t:|1760865569
|move|p2a: Dragapult|Draco Meteor|p1a: Scrafty|[miss]
|-miss|p2a: Dragapult|p1a: Scrafty
|move|p1a: Scrafty|Bulk Up|p1a: Scrafty
|-boost|p1a: Scrafty|atk|1
|-boost|p1a: Scrafty|def|1
|
|-heal|p1a: Scrafty|61/100|[from] item: Leftovers
|upkeep
|turn|10
|
|t:|1760865579
|move|p2a: Dragapult|Draco Meteor|p1a: Scrafty
|-damage|p1a: Scrafty|0 fnt
|-unboost|p2a: Dragapult|spa|2
|faint|p1a: Scrafty
|-damage|p2a: Dragapult|81/100|[from] item: Life Orb
|
|upkeep
|
|t:|1760865589
|switch|p1a: Vaporeon|Vaporeon, F|100/100
|turn|11
|
|t:|1760865605
|switch|p2a: Umbreon|Umbreon, M|100/100
|move|p1a: Vaporeon|Wish|p1a: Vaporeon
|
|upkeep
|turn|12
|
|t:|1760865613
|switch|p1a: Tentacruel|Tentacruel, M|44/100
|switch|p2a: Gholdengo|Gholdengo|100/100
|
|-heal|p1a: Tentacruel|100/100|[from] move: Wish|[wisher] Vaporeon
|upkeep
|turn|13
|
|t:|1760865622
|move|p1a: Tentacruel|Knock Off|p2a: Gholdengo
|-supereffective|p2a: Gholdengo
|-damage|p2a: Gholdengo|68/100
|-damage|p1a: Tentacruel|84/100|[from] item: Rocky Helmet|[of] p2a: Gholdengo
|-enditem|p2a: Gholdengo|Rocky Helmet|[from] move: Knock Off|[of] p1a: Tentacruel
|move|p2a: Gholdengo|Thunder Wave|p1a: Tentacruel
|-status|p1a: Tentacruel|par
|
|upkeep
|turn|14
|
|t:|1760865634
|move|p2a: Gholdengo|Thunderbolt|p1a: Tentacruel
|-supereffective|p1a: Tentacruel
|-damage|p1a: Tentacruel|58/100 par
|move|p1a: Tentacruel|Knock Off|p2a: Gholdengo
|-supereffective|p2a: Gholdengo
|-damage|p2a: Gholdengo|46/100
|
|upkeep
|turn|15
|
|t:|1760865643
|move|p2a: Gholdengo|Thunderbolt|p1a: Tentacruel
|-supereffective|p1a: Tentacruel
|-damage|p1a: Tentacruel|30/100 par
|move|p1a: Tentacruel|Knock Off|p2a: Gholdengo
|-supereffective|p2a: Gholdengo
|-damage|p2a: Gholdengo|25/100
|
|upkeep
|turn|16
|
|t:|1760865652
|switch|p1a: Hydreigon|Hydreigon, M|100/100
|move|p2a: Gholdengo|Thunderbolt|p1a: Hydreigon
|-resisted|p1a: Hydreigon
|-damage|p1a: Hydreigon|82/100
|
|-heal|p1a: Hydreigon|88/100|[from] item: Leftovers
|upkeep
|turn|17
|
|t:|1760865661
|switch|p2a: Mimikyu|Mimikyu, F|100/100
|move|p1a: Hydreigon|Substitute|p1a: Hydreigon
|-start|p1a: Hydreigon|Substitute
|-damage|p1a: Hydreigon|64/100
|
|-heal|p1a: Hydreigon|70/100|[from] item: Leftovers
|upkeep
|turn|18
|
|t:|1760865670
|move|p1a: Hydreigon|Flash Cannon|p2a: Mimikyu
|-activate|p2a: Mimikyu|ability: Disguise
|-damage|p2a: Mimikyu|100/100
|detailschange|p2a: Mimikyu|Mimikyu-Busted, F
|-damage|p2a: Mimikyu|88/100|[from] pokemon: Mimikyu-Busted
|move|p2a: Mimikyu|Play Rough|p1a: Hydreigon
|-supereffective|p1a: Hydreigon
|-end|p1a: Hydreigon|Substitute
|
|-heal|p1a: Hydreigon|76/100|[from] item: Leftovers
|upkeep
|turn|19
|
|t:|1760865686
|switch|p1a: Pecharunt|Pecharunt|100/100
|move|p2a: Mimikyu|Play Rough|p1a: Pecharunt
|-resisted|p1a: Pecharunt
|-damage|p1a: Pecharunt|93/100
|
|-heal|p1a: Pecharunt|99/100|[from] item: Leftovers
|upkeep
|turn|20
|
|t:|1760865698
|switch|p2a: Gholdengo|Gholdengo|25/100
|move|p1a: Pecharunt|Malignant Chain|p2a: Gholdengo
|-immune|p2a: Gholdengo
|
|-heal|p1a: Pecharunt|100/100|[from] item: Leftovers
|upkeep
|turn|21
|
|t:|1760865709
|move|p1a: Pecharunt|Parting Shot|p2a: Gholdengo
|-immune|p2a: Gholdengo|[from] ability: Good as Gold
|move|p2a: Gholdengo|Thunderbolt|p1a: Pecharunt
|-damage|p1a: Pecharunt|65/100
|
|-heal|p1a: Pecharunt|71/100|[from] item: Leftovers
|upkeep
|turn|22
|
|t:|1760865718
|switch|p1a: Hydreigon|Hydreigon, M|76/100
|move|p2a: Gholdengo|Thunder Wave|p1a: Hydreigon
|-status|p1a: Hydreigon|par
|
|-heal|p1a: Hydreigon|82/100 par|[from] item: Leftovers
|upkeep
|turn|23
|
|t:|1760865726
|switch|p2a: Mimikyu|Mimikyu-Busted, F|88/100
|move|p1a: Hydreigon|Substitute|p1a: Hydreigon
|-start|p1a: Hydreigon|Substitute
|-damage|p1a: Hydreigon|57/100 par
|
|-heal|p1a: Hydreigon|63/100 par|[from] item: Leftovers
|upkeep
|turn|24
|
|t:|1760865735
|move|p2a: Mimikyu|Play Rough|p1a: Hydreigon
|-supereffective|p1a: Hydreigon
|-end|p1a: Hydreigon|Substitute
|move|p1a: Hydreigon|Flash Cannon|p2a: Mimikyu
|-supereffective|p2a: Mimikyu
|-crit|p2a: Mimikyu
|-damage|p2a: Mimikyu|0 fnt
|faint|p2a: Mimikyu
|
|-heal|p1a: Hydreigon|69/100 par|[from] item: Leftovers
|upkeep
|
|t:|1760865739
|switch|p2a: Dragapult|Dragapult, M|81/100
|turn|25
|
|t:|1760865750
|switch|p1a: Vaporeon|Vaporeon, F|100/100
|move|p2a: Dragapult|Dragon Darts|p1a: Vaporeon
|-damage|p1a: Vaporeon|65/100
|-anim|p2a: Dragapult|Dragon Darts|p1a: Vaporeon
|-damage|p1a: Vaporeon|33/100
|-enditem|p1a: Vaporeon|Sitrus Berry|[eat]
|-heal|p1a: Vaporeon|58/100|[from] item: Sitrus Berry
|-damage|p2a: Dragapult|71/100|[from] item: Life Orb
|
|upkeep
|turn|26
|
|t:|1760865761
|move|p2a: Dragapult|Dragon Darts|p1a: Vaporeon
|-damage|p1a: Vaporeon|27/100
|-anim|p2a: Dragapult|Dragon Darts|p1a: Vaporeon
|-damage|p1a: Vaporeon|0 fnt
|faint|p1a: Vaporeon
|-damage|p2a: Dragapult|61/100|[from] item: Life Orb
|
|upkeep
|
|t:|1760865776
|switch|p1a: Tentacruel|Tentacruel, M|30/100 par
|turn|27
|
|t:|1760865782
|move|p2a: Dragapult|Dragon Darts|p1a: Tentacruel
|-damage|p1a: Tentacruel|0 fnt
|faint|p1a: Tentacruel
|-damage|p2a: Dragapult|52/100|[from] item: Life Orb
|
|upkeep
|
|t:|1760865791
|switch|p1a: Pecharunt|Pecharunt|71/100
|turn|28
|
|t:|1760865795
|move|p2a: Dragapult|Dragon Darts|p1a: Pecharunt
|-damage|p1a: Pecharunt|58/100
|-anim|p2a: Dragapult|Dragon Darts|p1a: Pecharunt
|-damage|p1a: Pecharunt|46/100
|-damage|p2a: Dragapult|42/100|[from] item: Life Orb
|move|p1a: Pecharunt|Recover|p1a: Pecharunt
|-heal|p1a: Pecharunt|96/100
|
|-heal|p1a: Pecharunt|100/100|[from] item: Leftovers
|upkeep
|turn|29
|
|t:|1760865811
|switch|p2a: Umbreon|Umbreon, M|100/100
|move|p1a: Pecharunt|Malignant Chain|p2a: Umbreon
|-damage|p2a: Umbreon|83/100
|-status|p2a: Umbreon|tox
|-start|p2a: Umbreon|confusion|[from] ability: Poison Puppeteer|[of] p1a: Pecharunt
|
|-heal|p2a: Umbreon|89/100 tox|[from] item: Leftovers
|-damage|p2a: Umbreon|83/100 tox|[from] psn
|upkeep
|turn|30
|
|t:|1760865824
|move|p1a: Pecharunt|Parting Shot|p2a: Umbreon
|-unboost|p2a: Umbreon|atk|1
|-unboost|p2a: Umbreon|spa|1
|
|t:|1760865827
|switch|p1a: Hydreigon|Hydreigon, M|69/100 par|[from] Parting Shot
|-activate|p2a: Umbreon|confusion
|move|p2a: Umbreon|Wish|p2a: Umbreon
|
|-heal|p2a: Umbreon|89/100 tox|[from] item: Leftovers
|-heal|p1a: Hydreigon|76/100 par|[from] item: Leftovers
|-damage|p2a: Umbreon|77/100 tox|[from] psn
|upkeep
|turn|31
|
|t:|1760865839
|switch|p2a: Gholdengo|Gholdengo|25/100
|move|p1a: Hydreigon|Substitute|p1a: Hydreigon
|-start|p1a: Hydreigon|Substitute
|-damage|p1a: Hydreigon|51/100 par
|
|-heal|p2a: Gholdengo|85/100|[from] move: Wish|[wisher] Umbreon
|-heal|p1a: Hydreigon|57/100 par|[from] item: Leftovers
|upkeep
|turn|32
|
|t:|1760865850
|switch|p2a: Umbreon|Umbreon, M|77/100 tox
|cant|p1a: Hydreigon|par
|
|-heal|p2a: Umbreon|83/100 tox|[from] item: Leftovers
|-heal|p1a: Hydreigon|63/100 par|[from] item: Leftovers
|-damage|p2a: Umbreon|77/100 tox|[from] psn
|upkeep
|turn|33
|
|t:|1760865859
|move|p2a: Umbreon|Wish|p2a: Umbreon
|move|p1a: Hydreigon|Nasty Plot|p1a: Hydreigon
|-boost|p1a: Hydreigon|spa|2
|
|-heal|p2a: Umbreon|83/100 tox|[from] item: Leftovers
|-heal|p1a: Hydreigon|69/100 par|[from] item: Leftovers
|-damage|p2a: Umbreon|71/100 tox|[from] psn
|upkeep
|turn|34
|
|t:|1760865871
|switch|p2a: Dragapult|Dragapult, M|42/100
|move|p1a: Hydreigon|Nasty Plot|p1a: Hydreigon
|-boost|p1a: Hydreigon|spa|2
|
|-heal|p2a: Dragapult|100/100|[from] move: Wish|[wisher] Umbreon
|-heal|p1a: Hydreigon|75/100 par|[from] item: Leftovers
|upkeep
|turn|35
|
|t:|1760865886
|move|p2a: Dragapult|Dragon Darts|p1a: Hydreigon
|-supereffective|p1a: Hydreigon
|-damage|p1a: Hydreigon|8/100 par
|-anim|p2a: Dragapult|Dragon Darts|p1a: Hydreigon
|-supereffective|p1a: Hydreigon
|-damage|p1a: Hydreigon|0 fnt
|faint|p1a: Hydreigon
|-damage|p2a: Dragapult|91/100|[from] item: Life Orb
|
|upkeep
|-message|braisedporkyy forfeited.
|
|win|zeice
|raw|braisedporkyy's rating: 1081 &rarr; <strong>1060</strong><br />(-21 for losing)
|raw|zeice's rating: 1092 &rarr; <strong>1117</strong><br />(+25 for winning)
|l|☆braisedporkyy
|player|p1|
|l|☆zeice
|player|p2|
