|j|☆AsierX
|j|☆LityL
|t:|1760867227
|gametype|singles
|player|p1|AsierX|skierf|1529
|player|p2|LityL|ltsurge|1619
|gen|9
|tier|[Gen 9] OU
|rated|
|rule|HP Percentage Mod: HP is shown in percentages
|rule|Endless Battle Clause: Forcing endless battles is banned
|rule|Species Clause: Limit one of each Pokémon
|rule|OHKO Clause: OHKO moves are banned
|rule|Evasion Items Clause: Evasion items are banned
|rule|Evasion Moves Clause: Evasion moves are banned
|rule|Evasion Abilities Clause: Evasion abilities are banned
|rule|Sleep Moves Clause: Sleep-inducing moves are banned
|clearpoke
|poke|p1|Moltres-Galar|
|poke|p1|Zapdos-Galar|
|poke|p1|Ogerpon-Wellspring, F|
|poke|p1|Iron Boulder|
|poke|p1|Sandy Shocks|
|poke|p1|Cinderace, M|
|poke|p2|Ogerpon-Wellspring, F|
|poke|p2|Kyurem|
|poke|p2|Zapdos|
|poke|p2|Great Tusk|
|poke|p2|Kingambit, M|
|poke|p2|Slowking-Galar, M|
|teampreview
|inactive|Battle timer is ON: inactive players will automatically lose when time's up. (requested by LityL)
|
|t:|1760867262
|teamsize|p1|6
|teamsize|p2|6
|start
|switch|p1a: Birdbrain|Zapdos-Galar|100/100
|switch|p2a: Zapdos|Zapdos|100/100
|turn|1
|
|t:|1760867267
|switch|p1a: 𝕷 𝖊 𝖌 𝖘|Sandy Shocks|100/100
|move|p2a: Zapdos|U-turn|p1a: 𝕷 𝖊 𝖌 𝖘
|-damage|p1a: 𝕷 𝖊 𝖌 𝖘|82/100
|
|t:|1760867270
|switch|p2a: Ogerpon|Ogerpon-Wellspring, F|100/100|[from] U-turn
|
|-heal|p1a: 𝕷 𝖊 𝖌 𝖘|88/100|[from] item: Leftovers
|upkeep
|turn|2
|
|t:|1760867276
|-end|p1a: 𝕷 𝖊 𝖌 𝖘|Protosynthesis|[silent]
|switch|p1a: Here's the kicker|Cinderace, M|100/100
|move|p2a: Ogerpon|Power Whip|p1a: Here's the kicker
|-resisted|p1a: Here's the kicker
|-damage|p1a: Here's the kicker|52/100
|
|upkeep
|turn|3
|
|t:|1760867283
|switch|p2a: Zapdos|Zapdos|100/100
|move|p1a: Here's the kicker|U-turn|p2a: Zapdos
|-start|p1a: Here's the kicker|typechange|Bug|[from] ability: Libero
|-resisted|p2a: Zapdos
|-damage|p2a: Zapdos|89/100
|
|t:|1760867286
|switch|p1a: 𝕷 𝖊 𝖌 𝖘|Sandy Shocks|88/100|[from] U-turn
|
|-heal|p1a: 𝕷 𝖊 𝖌 𝖘|94/100|[from] item: Leftovers
|upkeep
|turn|4
|
|t:|1760867293
|move|p1a: 𝕷 𝖊 𝖌 𝖘|Iron Defense|p1a: 𝕷 𝖊 𝖌 𝖘
|-boost|p1a: 𝕷 𝖊 𝖌 𝖘|def|2
|move|p2a: Zapdos|U-turn|p1a: 𝕷 𝖊 𝖌 𝖘
|-damage|p1a: 𝕷 𝖊 𝖌 𝖘|85/100
|
|t:|1760867303
|switch|p2a: Kyurem|Kyurem|100/100|[from] U-turn
|-ability|p2a: Kyurem|Pressure
|
|-heal|p1a: 𝕷 𝖊 𝖌 𝖘|91/100|[from] item: Leftovers
|upkeep
|turn|5
|
|t:|1760867310
|move|p1a: 𝕷 𝖊 𝖌 𝖘|Body Press|p2a: Kyurem
|-supereffective|p2a: Kyurem
|-damage|p2a: Kyurem|37/100
|move|p2a: Kyurem|Draco Meteor|p1a: 𝕷 𝖊 𝖌 𝖘
|-damage|p1a: 𝕷 𝖊 𝖌 𝖘|0 fnt
|-unboost|p2a: Kyurem|spa|2
|faint|p1a: 𝕷 𝖊 𝖌 𝖘
|-end|p1a: 𝕷 𝖊 𝖌 𝖘|Protosynthesis|[silent]
|
|upkeep
|
|t:|1760867314
|switch|p1a: Birdbrain|Zapdos-Galar|100/100
|turn|6
|
|t:|1760867317
|switch|p2a: Zapdos|Zapdos|89/100
|move|p1a: Birdbrain|Thunderous Kick|p2a: Zapdos
|-resisted|p2a: Zapdos
|-damage|p2a: Zapdos|73/100
|-unboost|p2a: Zapdos|def|1
|
|upkeep
|turn|7
|
|t:|1760867326
|move|p1a: Birdbrain|Knock Off|p2a: Zapdos
|-damage|p2a: Zapdos|36/100
|-enditem|p2a: Zapdos|Heavy-Duty Boots|[from] move: Knock Off|[of] p1a: Birdbrain
|move|p2a: Zapdos|Discharge|p1a: Birdbrain
|-supereffective|p1a: Birdbrain
|-damage|p1a: Birdbrain|43/100
|
|upkeep
|turn|8
|
|t:|1760867332
|move|p1a: Birdbrain|U-turn|p2a: Zapdos
|-resisted|p2a: Zapdos
|-damage|p2a: Zapdos|23/100
|
|t:|1760867336
|switch|p1a: Here's the kicker|Cinderace, M|52/100|[from] U-turn
|move|p2a: Zapdos|Roost|p2a: Zapdos
|-heal|p2a: Zapdos|73/100
|-singleturn|p2a: Zapdos|move: Roost
|
|upkeep
|turn|9
|
|t:|1760867345
|switch|p2a: Slowking|Slowking-Galar, M|100/100
|move|p1a: Here's the kicker|Pyro Ball|p2a: Slowking
|-crit|p2a: Slowking
|-damage|p2a: Slowking|11/100
|
|upkeep
|turn|10
|
|t:|1760867352
|move|p1a: Here's the kicker|Pyro Ball|p2a: Slowking
|-damage|p2a: Slowking|0 fnt
|faint|p2a: Slowking
|
|upkeep
|
|t:|1760867357
|switch|p2a: Zapdos|Zapdos|73/100
|turn|11
|
|t:|1760867359
|move|p1a: Here's the kicker|Pyro Ball|p2a: Zapdos
|-damage|p2a: Zapdos|34/100
|move|p2a: Zapdos|Roost|p2a: Zapdos
|-heal|p2a: Zapdos|84/100
|-singleturn|p2a: Zapdos|move: Roost
|
|upkeep
|turn|12
|
|t:|1760867362
|move|p1a: Here's the kicker|Pyro Ball|p2a: Zapdos
|-damage|p2a: Zapdos|43/100
|move|p2a: Zapdos|Roost|p2a: Zapdos
|-heal|p2a: Zapdos|93/100
|-singleturn|p2a: Zapdos|move: Roost
|
|upkeep
|turn|13
|
|t:|1760867365
|move|p1a: Here's the kicker|Pyro Ball|p2a: Zapdos
|-damage|p2a: Zapdos|55/100
|move|p2a: Zapdos|Discharge|p1a: Here's the kicker
|-damage|p1a: Here's the kicker|0 fnt
|faint|p1a: Here's the kicker
|
|upkeep
|
|t:|1760867370
|switch|p1a: Battering Ram|Iron Boulder|100/100
|-enditem|p1a: Battering Ram|Booster Energy
|-activate|p1a: Battering Ram|ability: Quark Drive|[fromitem]
|-start|p1a: Battering Ram|quarkdrivespe
|turn|14
|c|☆LityL|no para?
|
|t:|1760867378
|move|p1a: Battering Ram|Mighty Cleave|p2a: Zapdos
|-supereffective|p2a: Zapdos
|-damage|p2a: Zapdos|0 fnt
|-status|p1a: Battering Ram|par|[from] ability: Static|[of] p2a: Zapdos
|faint|p2a: Zapdos
|
|upkeep
|c|☆AsierX|i would joke about having covert cloak but yeah cinder was just lucky
|
|t:|1760867394
|switch|p2a: Ogerpon|Ogerpon-Wellspring, F|100/100
|turn|15
|
|t:|1760867404
|move|p2a: Ogerpon|Power Whip|p1a: Battering Ram
|-supereffective|p1a: Battering Ram
|-damage|p1a: Battering Ram|0 fnt
|faint|p1a: Battering Ram
|-end|p1a: Battering Ram|Quark Drive|[silent]
|
|upkeep
|
|t:|1760867406
|switch|p1a: Big Bonk|Ogerpon-Wellspring, F|100/100
|turn|16
|
|t:|1760867415
|switch|p2a: Kyurem|Kyurem|37/100
|-ability|p2a: Kyurem|Pressure
|move|p1a: Big Bonk|Swords Dance|p1a: Big Bonk
|-boost|p1a: Big Bonk|atk|2
|
|upkeep
|turn|17
|
|t:|1760867418
|move|p1a: Big Bonk|Ivy Cudgel|p2a: Kyurem|[anim] Ivy Cudgel Water
|-resisted|p2a: Kyurem
|-damage|p2a: Kyurem|0 fnt
|faint|p2a: Kyurem
|
|upkeep
|
|t:|1760867424
|switch|p2a: Ogerpon|Ogerpon-Wellspring, F|100/100
|turn|18
|
|t:|1760867426
|move|p2a: Ogerpon|Power Whip|p1a: Big Bonk
|-damage|p1a: Big Bonk|12/100
|move|p1a: Big Bonk|Horn Leech|p2a: Ogerpon
|-damage|p2a: Ogerpon|0 fnt
|-heal|p1a: Big Bonk|62/100|[from] drain|[of] p2a: Ogerpon
|faint|p2a: Ogerpon
|
|upkeep
|
|t:|1760867429
|switch|p2a: Kingambit|Kingambit, M|100/100
|-activate|p2a: Kingambit|ability: Supreme Overlord
|-start|p2a: Kingambit|fallen4|[silent]
|turn|19
|
|t:|1760867435
|move|p1a: Big Bonk|Ivy Cudgel|p2a: Kingambit|[anim] Ivy Cudgel Water
|-damage|p2a: Kingambit|20/100
|move|p2a: Kingambit|Kowtow Cleave|p1a: Big Bonk
|-damage|p1a: Big Bonk|0 fnt
|faint|p1a: Big Bonk
|
|-heal|p2a: Kingambit|27/100|[from] item: Leftovers
|upkeep
|
|t:|1760867440
|switch|p1a: Birdbrain|Zapdos-Galar|43/100
|turn|20
|
|t:|1760867457
|-end|p2a: Kingambit|fallen4|[silent]
|switch|p2a: Great Tusk|Great Tusk|100/100
|move|p1a: Birdbrain|Thunderous Kick|p2a: Great Tusk
|-damage|p2a: Great Tusk|66/100
|-unboost|p2a: Great Tusk|def|1
|
|upkeep
|turn|21
|
|t:|1760867461
|move|p1a: Birdbrain|Brave Bird|p2a: Great Tusk
|-supereffective|p2a: Great Tusk
|-damage|p2a: Great Tusk|0 fnt
|faint|p2a: Great Tusk
|-end|p2a: Great Tusk|Protosynthesis|[silent]
|-damage|p1a: Birdbrain|17/100|[from] Recoil
|
|upkeep
|
|t:|1760867463
|switch|p2a: Kingambit|Kingambit, M|27/100
|-activate|p2a: Kingambit|ability: Supreme Overlord
|-start|p2a: Kingambit|fallen5|[silent]
|turn|22
|
|t:|1760867467
|move|p2a: Kingambit|Sucker Punch|p1a: Birdbrain
|-resisted|p1a: Birdbrain
|-damage|p1a: Birdbrain|0 fnt
|faint|p1a: Birdbrain
|
|-heal|p2a: Kingambit|33/100|[from] item: Leftovers
|upkeep
|
|t:|1760867469
|switch|p1a: 🔥I'm EVIL‼🔥|Moltres-Galar|100/100
|turn|23
|
|t:|1760867489
|move|p1a: 🔥I'm EVIL‼🔥|Nasty Plot|p1a: 🔥I'm EVIL‼🔥
|-boost|p1a: 🔥I'm EVIL‼🔥|spa|2
|move|p2a: Kingambit|Low Kick|p1a: 🔥I'm EVIL‼🔥
|-damage|p1a: 🔥I'm EVIL‼🔥|50/100
|-ability|p1a: 🔥I'm EVIL‼🔥|Berserk|boost
|-boost|p1a: 🔥I'm EVIL‼🔥|spa|1
|-enditem|p1a: 🔥I'm EVIL‼🔥|Sitrus Berry|[eat]
|-heal|p1a: 🔥I'm EVIL‼🔥|75/100|[from] item: Sitrus Berry
|
|-heal|p2a: Kingambit|39/100|[from] item: Leftovers
|upkeep
|turn|24
|
|t:|1760867497
|move|p2a: Kingambit|Sucker Punch|p1a: 🔥I'm EVIL‼🔥
|-resisted|p1a: 🔥I'm EVIL‼🔥
|-damage|p1a: 🔥I'm EVIL‼🔥|39/100
|-ability|p1a: 🔥I'm EVIL‼🔥|Berserk|boost
|-boost|p1a: 🔥I'm EVIL‼🔥|spa|1
|move|p1a: 🔥I'm EVIL‼🔥|Fiery Wrath|p2a: Kingambit
|-resisted|p2a: Kingambit
|-damage|p2a: Kingambit|0 fnt
|faint|p2a: Kingambit
|-end|p2a: Kingambit|fallen5|[silent]
|
|win|AsierX
|raw|AsierX's rating: 1529 &rarr; <strong>1554</strong><br />(+25 for winning)
|raw|LityL's rating: 1619 &rarr; <strong>1594</strong><br />(-25 for losing)
|l|☆LityL
|player|p2|
|l|☆AsierX
|player|p1|
