|j|☆tidbits of info
|j|☆she's not noob
|t:|1760877947
|gametype|singles
|player|p1|tidbits of info|169|1307
|player|p2|she's not noob|blanche|1313
|gen|9
|tier|[Gen 9] OU
|rated|
|rule|HP Percentage Mod: HP is shown in percentages
|rule|Endless Battle Clause: Forcing endless battles is banned
|rule|Species Clause: Limit one of each Pokémon
|rule|OHKO Clause: OHKO moves are banned
|rule|Evasion Items Clause: Evasion items are banned
|rule|Evasion Moves Clause: Evasion moves are banned
|rule|Evasion Abilities Clause: Evasion abilities are banned
|rule|Sleep Moves Clause: Sleep-inducing moves are banned
|clearpoke
|poke|p1|Ogerpon, F|
|poke|p1|Glimmora, M|
|poke|p1|Zapdos|
|poke|p1|Tornadus-Therian, M|
|poke|p1|Primarina, M|
|poke|p1|Garchomp, M|
|poke|p2|Ogerpon-Wellspring, F|
|poke|p2|Kingambit, F|
|poke|p2|Landorus-Therian, M|
|poke|p2|Iron Valiant|
|poke|p2|Haxorus, M|
|poke|p2|Minior-Blue|
|teampreview
|inactive|Battle timer is ON: inactive players will automatically lose when time's up. (requested by she's not noob)
|
|t:|1760877957
|teamsize|p1|6
|teamsize|p2|6
|start
|switch|p1a: Primarina|Primarina, M|100/100
|switch|p2a: Iron Valiant|Iron Valiant, shiny|100/100
|-enditem|p2a: Iron Valiant|Booster Energy
|-activate|p2a: Iron Valiant|ability: Quark Drive|[fromitem]
|-start|p2a: Iron Valiant|quarkdrivespe
|turn|1
|
|t:|1760877972
|move|p2a: Iron Valiant|Thunderbolt|p1a: Primarina
|-supereffective|p1a: Primarina
|-damage|p1a: Primarina|63/100
|move|p1a: Primarina|Moonblast|p2a: Iron Valiant
|-supereffective|p2a: Iron Valiant
|-damage|p2a: Iron Valiant|0 fnt
|faint|p2a: Iron Valiant
|-end|p2a: Iron Valiant|Quark Drive|[silent]
|
|upkeep
|
|t:|1760877979
|switch|p2a: Ogerpon|Ogerpon-Wellspring, F|100/100
|turn|2
|
|t:|1760877996
|move|p2a: Ogerpon|Swords Dance|p2a: Ogerpon
|-boost|p2a: Ogerpon|atk|2
|move|p1a: Primarina|Moonblast|p2a: Ogerpon
|-damage|p2a: Ogerpon|39/100
|-unboost|p2a: Ogerpon|spa|1
|
|upkeep
|turn|3
|
|t:|1760878003
|move|p2a: Ogerpon|Horn Leech|p1a: Primarina
|-supereffective|p1a: Primarina
|-damage|p1a: Primarina|0 fnt
|-heal|p2a: Ogerpon|73/100|[from] drain|[of] p1a: Primarina
|faint|p1a: Primarina
|
|upkeep
|
|t:|1760878006
|switch|p1a: Ogerpon|Ogerpon, F|100/100
|turn|4
|
|t:|1760878012
|-terastallize|p1a: Ogerpon|Grass
|detailschange|p1a: Ogerpon|Ogerpon-Teal-Tera, F, tera:Grass
|-ability|p1a: Ogerpon|Embody Aspect (Teal)|boost
|-boost|p1a: Ogerpon|spe|1
|move|p1a: Ogerpon|Ivy Cudgel|p2a: Ogerpon
|-damage|p2a: Ogerpon|0 fnt
|faint|p2a: Ogerpon
|
|upkeep
|
|t:|1760878017
|switch|p2a: Minior|Minior-Blue|100/100
|-formechange|p2a: Minior|Minior-Meteor||[from] ability: Shields Down
|turn|5
|
|t:|1760878020
|move|p1a: Ogerpon|Ivy Cudgel|p2a: Minior
|-crit|p2a: Minior
|-damage|p2a: Minior|0 fnt
|faint|p2a: Minior
|
|upkeep
|
|t:|1760878024
|switch|p2a: Haxorus|Haxorus, M, shiny|100/100
|-ability|p2a: Haxorus|Mold Breaker
|turn|6
|
|t:|1760878032
|switch|p1a: Zapdos|Zapdos|100/100
|move|p2a: Haxorus|Scale Shot|p1a: Zapdos
|-damage|p1a: Zapdos|84/100
|-damage|p1a: Zapdos|65/100
|-damage|p1a: Zapdos|47/100
|-damage|p1a: Zapdos|30/100
|-crit|p1a: Zapdos
|-damage|p1a: Zapdos|5/100
|-hitcount|p1a: Zapdos|5
|-unboost|p2a: Haxorus|def|1
|-boost|p2a: Haxorus|spe|1
|
|upkeep
|turn|7
|
|t:|1760878036
|move|p2a: Haxorus|Swords Dance|p2a: Haxorus
|-boost|p2a: Haxorus|atk|2
|move|p1a: Zapdos|Hurricane|p2a: Haxorus|[miss]
|-miss|p1a: Zapdos|p2a: Haxorus
|
|upkeep
|turn|8
|
|t:|1760878043
|move|p2a: Haxorus|Scale Shot|p1a: Zapdos
|-damage|p1a: Zapdos|0 fnt
|faint|p1a: Zapdos
|-hitcount|p1: Zapdos|1
|-unboost|p2a: Haxorus|def|1
|-boost|p2a: Haxorus|spe|1
|
|upkeep
|
|t:|1760878057
|switch|p1a: Ogerpon|Ogerpon-Teal-Tera, F, tera:Grass|100/100
|-ability|p1a: Ogerpon|Embody Aspect (Teal)|boost
|-boost|p1a: Ogerpon|spe|1
|turn|9
|
|t:|1760878077
|move|p2a: Haxorus|Scale Shot|p1a: Ogerpon
|-damage|p1a: Ogerpon|61/100
|-damage|p1a: Ogerpon|23/100
|-damage|p1a: Ogerpon|0 fnt
|faint|p1a: Ogerpon
|detailschange|p1: Ogerpon|Ogerpon, F|[silent]
|-hitcount|p1: Ogerpon|3
|-unboost|p2a: Haxorus|def|1
|-boost|p2a: Haxorus|spe|1
|
|upkeep
|-message|tidbits of info forfeited.
|
|win|she's not noob
|raw|tidbits of info's rating: 1307 &rarr; <strong>1286</strong><br />(-21 for losing)
|raw|she&apos;s not noob's rating: 1295 &rarr; <strong>1321</strong><br />(+26 for winning)
|l|☆tidbits of info
|player|p1|
|l|☆she's not noob
|player|p2|
