|j|☆MooFarmer
|j|☆shockmoth
|t:|1760745799
|gametype|singles
|player|p1|MooFarmer|1|1820
|player|p2|shockmoth|wattson|1815
|gen|9
|tier|[Gen 9] OU
|rated|
|rule|HP Percentage Mod: HP is shown in percentages
|rule|Endless Battle Clause: Forcing endless battles is banned
|rule|Species Clause: Limit one of each Pokémon
|rule|OHKO Clause: OHKO moves are banned
|rule|Evasion Items Clause: Evasion items are banned
|rule|Evasion Moves Clause: Evasion moves are banned
|rule|Evasion Abilities Clause: Evasion abilities are banned
|rule|Sleep Moves Clause: Sleep-inducing moves are banned
|clearpoke
|poke|p1|Kyurem|
|poke|p1|Corviknight, F|
|poke|p1|Ting-Lu|
|poke|p1|Dondozo, F|
|poke|p1|Slowking-Galar, L99, M|
|poke|p1|Cinderace, M|
|poke|p2|Frosmoth, F|
|poke|p2|Pincurchin, F|
|poke|p2|Raichu-Alola, F|
|poke|p2|Iron Hands|
|poke|p2|Rotom-Wash|
|poke|p2|Pawmot, M|
|teampreview
|inactive|Battle timer is ON: inactive players will automatically lose when time's up. (requested by shockmoth)
|inactive|MooFarmer has 120 seconds left.
|
|t:|1760745845
|teamsize|p1|6
|teamsize|p2|6
|start
|switch|p1a: Cinderace|Cinderace, M|100/100
|switch|p2a: OH YEAH!!! YEAH!!|Pincurchin, F|100/100
|-fieldstart|move: Electric Terrain|[from] ability: Electric Surge|[of] p2a: OH YEAH!!! YEAH!!
|turn|1
|inactive|MooFarmer also wants the timer to be on.
|inactive|MooFarmer has 120 seconds left.
|
|t:|1760745891
|move|p1a: Cinderace|Pyro Ball|p2a: OH YEAH!!! YEAH!!
|-damage|p2a: OH YEAH!!! YEAH!!|40/100
|move|p2a: OH YEAH!!! YEAH!!|Thunder Wave|p1a: Cinderace
|-status|p1a: Cinderace|par
|
|upkeep
|turn|2
|inactive|MooFarmer has 90 seconds left.
|inactive|shockmoth has 120 seconds left.
|
|t:|1760745937
|switch|p2a: William O' Wisp|Rotom-Wash|100/100
|move|p1a: Cinderace|Will-O-Wisp|p2a: William O' Wisp|[miss]
|-miss|p1a: Cinderace|p2a: William O' Wisp
|
|upkeep
|turn|3
|inactive|shockmoth has 120 seconds left.
|j| LT123VB 87
|inactive|MooFarmer has 60 seconds left.
|
|t:|1760745983
|switch|p1a: Ting-Lu|Ting-Lu|100/100
|-ability|p1a: Ting-Lu|Vessel of Ruin
|move|p2a: William O' Wisp|Light Screen|p2a: William O' Wisp
|-sidestart|p2: shockmoth|move: Light Screen
|
|upkeep
|turn|4
|inactive|shockmoth has 120 seconds left.
|
|t:|1760745993
|move|p2a: William O' Wisp|Hydro Pump|p1a: Ting-Lu
|-supereffective|p1a: Ting-Lu
|-damage|p1a: Ting-Lu|58/100
|move|p1a: Ting-Lu|Earthquake|p2a: William O' Wisp
|-immune|p2a: William O' Wisp|[from] ability: Levitate
|
|-heal|p1a: Ting-Lu|65/100|[from] item: Leftovers
|upkeep
|turn|5
|
|t:|1760746002
|move|p2a: William O' Wisp|Hydro Pump|p1a: Ting-Lu
|-supereffective|p1a: Ting-Lu
|-damage|p1a: Ting-Lu|22/100
|move|p1a: Ting-Lu|Payback|p2a: William O' Wisp
|-damage|p2a: William O' Wisp|59/100
|
|-heal|p1a: Ting-Lu|29/100|[from] item: Leftovers
|upkeep
|turn|6
|
|t:|1760746011
|switch|p1a: Slowking|Slowking-Galar, L99, M|100/100
|move|p2a: William O' Wisp|Hydro Pump|p1a: Slowking
|-damage|p1a: Slowking|69/100
|
|upkeep
|turn|7
|
|t:|1760746020
|move|p2a: William O' Wisp|Hydro Pump|p1a: Slowking
|-damage|p1a: Slowking|35/100
|move|p1a: Slowking|Toxic|p2a: William O' Wisp
|-status|p2a: William O' Wisp|tox
|
|-damage|p2a: William O' Wisp|53/100 tox|[from] psn
|upkeep
|turn|8
|inactive|MooFarmer has 60 seconds left.
|
|t:|1760746028
|switch|p1a: Ting-Lu|Ting-Lu|29/100
|-ability|p1a: Ting-Lu|Vessel of Ruin
|move|p2a: William O' Wisp|Volt Switch|p1a: Ting-Lu
|-immune|p1a: Ting-Lu
|
|-heal|p1a: Ting-Lu|35/100|[from] item: Leftovers
|-damage|p2a: William O' Wisp|41/100 tox|[from] psn
|-fieldend|move: Electric Terrain
|upkeep
|turn|9
|
|t:|1760746037
|switch|p1a: Slowking|Slowking-Galar, L99, M|68/100
|move|p2a: William O' Wisp|Hydro Pump|p1a: Slowking|[miss]
|-miss|p2a: William O' Wisp|p1a: Slowking
|
|-damage|p2a: William O' Wisp|23/100 tox|[from] psn
|upkeep
|turn|10
|
|t:|1760746045
|move|p2a: William O' Wisp|Hydro Pump|p1a: Slowking
|-damage|p1a: Slowking|34/100
|move|p1a: Slowking|Future Sight|p2a: William O' Wisp
|-start|p1a: Slowking|move: Future Sight
|
|-damage|p2a: William O' Wisp|0 fnt|[from] psn
|faint|p2a: William O' Wisp
|-sideend|p2: shockmoth|move: Light Screen
|upkeep
|
|t:|1760746048
|switch|p2a: OH YEAH!!! YEAH!!|Pincurchin, F|40/100
|-fieldstart|move: Electric Terrain|[from] ability: Electric Surge|[of] p2a: OH YEAH!!! YEAH!!
|turn|11
|
|t:|1760746056
|switch|p1a: Ting-Lu|Ting-Lu|35/100
|-ability|p1a: Ting-Lu|Vessel of Ruin
|move|p2a: OH YEAH!!! YEAH!!|Supercell Slam|p1a: Ting-Lu
|-immune|p1a: Ting-Lu
|-damage|p2a: OH YEAH!!! YEAH!!|0 fnt|[from] supercellslam
|faint|p2a: OH YEAH!!! YEAH!!
|
|-heal|p1a: Ting-Lu|41/100|[from] item: Leftovers
|upkeep
|
|t:|1760746058
|switch|p2a: Iron Deficiency|Iron Hands|100/100
|-activate|p2a: Iron Deficiency|ability: Quark Drive
|-start|p2a: Iron Deficiency|quarkdriveatk
|turn|12
|inactive|MooFarmer has 90 seconds left.
|-activate|p2a: Iron Deficiency|item: Quick Claw
|
|t:|1760746067
|switch|p1a: Slowking|Slowking-Galar, L99, M|67/100
|move|p2a: Iron Deficiency|Swords Dance|p2a: Iron Deficiency
|-boost|p2a: Iron Deficiency|atk|2
|
|-end|p2a: Iron Deficiency|move: Future Sight
|-supereffective|p2a: Iron Deficiency
|-damage|p2a: Iron Deficiency|17/100
|upkeep
|turn|13
|inactive|MooFarmer has 90 seconds left.
|inactive|MooFarmer has 60 seconds left.
|
|t:|1760746111
|move|p2a: Iron Deficiency|Ice Punch|p1a: Slowking
|-damage|p1a: Slowking|0 fnt
|faint|p1a: Slowking
|
|upkeep
|inactive|MooFarmer has 60 seconds left.
|inactive|MooFarmer has 30 seconds left.
|inactive|MooFarmer has 20 seconds left.
|
|t:|1760746156
|switch|p1a: Corviknight|Corviknight, F|100/100
|-ability|p1a: Corviknight|Pressure
|turn|14
|inactive|MooFarmer has 30 seconds left this turn.
|
|t:|1760746180
|move|p1a: Corviknight|Brave Bird|p2a: Iron Deficiency
|-damage|p2a: Iron Deficiency|0 fnt
|faint|p2a: Iron Deficiency
|-end|p2a: Iron Deficiency|Quark Drive|[silent]
|-damage|p1a: Corviknight|94/100|[from] Recoil
|
|upkeep
|
|t:|1760746185
|switch|p2a: Evanescence|Pawmot, M|100/100
|turn|15
|
|t:|1760746193
|-terastallize|p1a: Corviknight|Dragon
|move|p2a: Evanescence|Revival Blessing|p2a: Evanescence
|-enditem|p2a: Evanescence|Leppa Berry|[eat]
|-activate|p2a: Evanescence|item: Leppa Berry|Revival Blessing|[consumed]
|
|t:|1760746202
|-heal|p2: William O' Wisp|50/100|[from] move: Revival Blessing
|move|p1a: Corviknight|Brave Bird|p2a: Evanescence
|-damage|p2a: Evanescence|57/100
|-damage|p1a: Corviknight|84/100|[from] Recoil
|
|upkeep
|turn|16
|
|t:|1760746212
|move|p2a: Evanescence|Revival Blessing|p2a: Evanescence
|
|t:|1760746214
|-heal|p2: Iron Deficiency|50/100|[from] move: Revival Blessing
|move|p1a: Corviknight|Roost|p1a: Corviknight
|-heal|p1a: Corviknight|100/100
|
|upkeep
|turn|17
|
|t:|1760746222
|move|p2a: Evanescence|Nuzzle|p1a: Corviknight
|-resisted|p1a: Corviknight
|-damage|p1a: Corviknight|97/100
|-status|p1a: Corviknight|par
|-damage|p2a: Evanescence|41/100|[from] item: Rocky Helmet|[of] p1a: Corviknight
|move|p1a: Corviknight|Brave Bird|p2a: Evanescence
|-damage|p2a: Evanescence|0 fnt
|faint|p2a: Evanescence
|-damage|p1a: Corviknight|88/100 par|[from] Recoil
|
|upkeep
|
|t:|1760746224
|switch|p2a: Surf's Up (2007)|Raichu-Alola, F|100/100
|turn|18
|inactive|MooFarmer has 60 seconds left.
|
|t:|1760746233
|move|p2a: Surf's Up (2007)|Alluring Voice|p1a: Corviknight
|-supereffective|p1a: Corviknight
|-damage|p1a: Corviknight|17/100 par
|cant|p1a: Corviknight|par
|
|-fieldend|move: Electric Terrain
|upkeep
|turn|19
|
|t:|1760746242
|move|p2a: Surf's Up (2007)|Alluring Voice|p1a: Corviknight
|-supereffective|p1a: Corviknight
|-damage|p1a: Corviknight|0 fnt
|faint|p1a: Corviknight
|
|upkeep
|
|t:|1760746250
|switch|p1a: Ting-Lu|Ting-Lu|41/100
|-ability|p1a: Ting-Lu|Vessel of Ruin
|turn|20
|
|t:|1760746259
|switch|p2a: William O' Wisp|Rotom-Wash|50/100
|move|p1a: Ting-Lu|Earthquake|p2a: William O' Wisp
|-immune|p2a: William O' Wisp|[from] ability: Levitate
|
|-heal|p1a: Ting-Lu|47/100|[from] item: Leftovers
|upkeep
|turn|21
|
|t:|1760746267
|move|p2a: William O' Wisp|Reflect|p2a: William O' Wisp
|-sidestart|p2: shockmoth|Reflect
|move|p1a: Ting-Lu|Rest|p1a: Ting-Lu
|-status|p1a: Ting-Lu|slp|[from] move: Rest
|-heal|p1a: Ting-Lu|100/100 slp|[silent]
|
|upkeep
|turn|22
|
|t:|1760746276
|switch|p1a: Cinderace|Cinderace, M|100/100 par
|move|p2a: William O' Wisp|Light Screen|p2a: William O' Wisp
|-sidestart|p2: shockmoth|move: Light Screen
|
|upkeep
|turn|23
|
|t:|1760746284
|switch|p1a: Ting-Lu|Ting-Lu|100/100 slp
|-ability|p1a: Ting-Lu|Vessel of Ruin
|move|p2a: William O' Wisp|Hydro Pump|p1a: Ting-Lu
|-supereffective|p1a: Ting-Lu
|-damage|p1a: Ting-Lu|52/100 slp
|
|-heal|p1a: Ting-Lu|58/100 slp|[from] item: Leftovers
|upkeep
|turn|24
|inactive|MooFarmer has 90 seconds left.
|
|t:|1760746294
|switch|p2a: Iron Deficiency|Iron Hands|50/100
|cant|p1a: Ting-Lu|slp
|move|p1a: Ting-Lu|Sleep Talk|p1a: Ting-Lu
|move|p1a: Ting-Lu|Rest||[from] move: Sleep Talk|[still]
|-fail|p1a: Ting-Lu
|
|-heal|p1a: Ting-Lu|65/100 slp|[from] item: Leftovers
|upkeep
|turn|25
|inactive|MooFarmer has 90 seconds left.
|inactive|MooFarmer has 60 seconds left.
|
|t:|1760746339
|switch|p1a: Dondozo|Dondozo, F|100/100
|move|p2a: Iron Deficiency|Drain Punch|p1a: Dondozo
|-damage|p1a: Dondozo|78/100
|-heal|p2a: Iron Deficiency|63/100|[from] drain|[of] p1a: Dondozo
|
|-heal|p1a: Dondozo|85/100|[from] item: Leftovers
|upkeep
|turn|26
|
|t:|1760746347
|-end|p2a: Iron Deficiency|Quark Drive|[silent]
|switch|p2a: Surf's Up (2007)|Raichu-Alola, F|100/100
|move|p1a: Dondozo|Curse|p1a: Dondozo
|-unboost|p1a: Dondozo|spe|1
|-boost|p1a: Dondozo|atk|1
|-boost|p1a: Dondozo|def|1
|
|-heal|p1a: Dondozo|91/100|[from] item: Leftovers
|upkeep
|turn|27
|
|t:|1760746356
|switch|p1a: Ting-Lu|Ting-Lu|65/100 slp
|-ability|p1a: Ting-Lu|Vessel of Ruin
|move|p2a: Surf's Up (2007)|Focus Blast|p1a: Ting-Lu|[miss]
|-miss|p2a: Surf's Up (2007)|p1a: Ting-Lu
|
|-heal|p1a: Ting-Lu|71/100 slp|[from] item: Leftovers
|upkeep
|turn|28
|
|t:|1760746364
|move|p2a: Surf's Up (2007)|Focus Blast|p1a: Ting-Lu
|-supereffective|p1a: Ting-Lu
|-damage|p1a: Ting-Lu|25/100 slp
|cant|p1a: Ting-Lu|slp
|move|p1a: Ting-Lu|Sleep Talk|p1a: Ting-Lu
|move|p1a: Ting-Lu|Rest||[from] move: Sleep Talk|[still]
|-fail|p1a: Ting-Lu
|
|-heal|p1a: Ting-Lu|32/100 slp|[from] item: Leftovers
|-sideend|p2: shockmoth|Reflect
|upkeep
|turn|29
|
|t:|1760746373
|move|p2a: Surf's Up (2007)|Focus Blast|p1a: Ting-Lu
|-supereffective|p1a: Ting-Lu
|-damage|p1a: Ting-Lu|0 fnt
|faint|p1a: Ting-Lu
|
|-sideend|p2: shockmoth|move: Light Screen
|upkeep
|
|t:|1760746381
|switch|p1a: Cinderace|Cinderace, M|100/100 par
|turn|30
|
|t:|1760746389
|switch|p2a: William O' Wisp|Rotom-Wash|50/100
|move|p1a: Cinderace|U-turn|p2a: William O' Wisp
|-damage|p2a: William O' Wisp|30/100
|
|t:|1760746398
|switch|p1a: Kyurem|Kyurem|100/100|[from] U-turn
|-ability|p1a: Kyurem|Pressure
|
|upkeep
|turn|31
|inactive|MooFarmer has 90 seconds left.
|
|t:|1760746406
|switch|p2a: Finger Eleven|Frosmoth, F, shiny|100/100
|move|p1a: Kyurem|Freeze-Dry|p2a: Finger Eleven
|-resisted|p2a: Finger Eleven
|-damage|p2a: Finger Eleven|90/100
|
|upkeep
|turn|32
|j| Despote
|inactive|MooFarmer has 90 seconds left.
|inactive|MooFarmer has 60 seconds left.
|
|t:|1760746453
|switch|p1a: Cinderace|Cinderace, M|100/100 par
|move|p2a: Finger Eleven|Ice Beam|p1a: Cinderace
|-resisted|p1a: Cinderace
|-damage|p1a: Cinderace|74/100 par
|
|upkeep
|turn|33
|inactive|MooFarmer has 60 seconds left.
|inactive|MooFarmer has 30 seconds left.
|inactive|MooFarmer has 20 seconds left.
|
|t:|1760746499
|switch|p2a: William O' Wisp|Rotom-Wash|30/100
|move|p1a: Cinderace|Pyro Ball|p2a: William O' Wisp
|-resisted|p2a: William O' Wisp
|-damage|p2a: William O' Wisp|7/100
|-status|p2a: William O' Wisp|brn
|
|-damage|p2a: William O' Wisp|1/100 brn|[from] brn
|upkeep
|turn|34
|inactive|MooFarmer has 30 seconds left this turn.
|
|t:|1760746516
|switch|p1a: Kyurem|Kyurem|100/100
|-ability|p1a: Kyurem|Pressure
|move|p2a: William O' Wisp|Volt Switch|p1a: Kyurem
|-resisted|p1a: Kyurem
|-damage|p1a: Kyurem|84/100
|
|t:|1760746523
|switch|p2a: Finger Eleven|Frosmoth, F, shiny|90/100|[from] Volt Switch
|
|-heal|p1a: Kyurem|90/100|[from] item: Leftovers
|upkeep
|turn|35
|j| taw
|
|t:|1760746531
|switch|p1a: Cinderace|Cinderace, M|74/100 par
|move|p2a: Finger Eleven|Ice Beam|p1a: Cinderace
|-resisted|p1a: Cinderace
|-damage|p1a: Cinderace|50/100 par
|
|upkeep
|turn|36
|l| taw
|
|t:|1760746540
|switch|p2a: William O' Wisp|Rotom-Wash|1/100 brn
|move|p1a: Cinderace|Pyro Ball|p2a: William O' Wisp
|-resisted|p2a: William O' Wisp
|-damage|p2a: William O' Wisp|0 fnt
|faint|p2a: William O' Wisp
|
|upkeep
|inactive|shockmoth has 120 seconds left.
|
|t:|1760746584
|switch|p2a: Iron Deficiency|Iron Hands|63/100
|turn|37
|
|t:|1760746592
|cant|p1a: Cinderace|par
|move|p2a: Iron Deficiency|Supercell Slam|p1a: Cinderace
|-damage|p1a: Cinderace|0 fnt
|faint|p1a: Cinderace
|
|upkeep
|l| LT123VB 87
|
|t:|1760746601
|switch|p1a: Dondozo|Dondozo, F|91/100
|turn|38
|
|t:|1760746609
|-end|p2a: Iron Deficiency|Quark Drive|[silent]
|switch|p2a: Surf's Up (2007)|Raichu-Alola, F|100/100
|move|p1a: Dondozo|Curse|p1a: Dondozo
|-unboost|p1a: Dondozo|spe|1
|-boost|p1a: Dondozo|atk|1
|-boost|p1a: Dondozo|def|1
|
|-heal|p1a: Dondozo|97/100|[from] item: Leftovers
|upkeep
|turn|39
|inactive|MooFarmer has 60 seconds left.
|
|t:|1760746617
|switch|p1a: Kyurem|Kyurem|90/100
|-ability|p1a: Kyurem|Pressure
|move|p2a: Surf's Up (2007)|Volt Switch|p1a: Kyurem
|-resisted|p1a: Kyurem
|-damage|p1a: Kyurem|69/100
|
|t:|1760746620
|switch|p2a: Iron Deficiency|Iron Hands|63/100|[from] Volt Switch
|
|-heal|p1a: Kyurem|75/100|[from] item: Leftovers
|upkeep
|turn|40
|
|t:|1760746628
|move|p1a: Kyurem|Protect|p1a: Kyurem
|-singleturn|p1a: Kyurem|Protect
|move|p2a: Iron Deficiency|Swords Dance|p2a: Iron Deficiency
|-boost|p2a: Iron Deficiency|atk|2
|
|-heal|p1a: Kyurem|81/100|[from] item: Leftovers
|upkeep
|turn|41
|j| taw
|
|t:|1760746636
|move|p1a: Kyurem|Substitute|p1a: Kyurem
|-start|p1a: Kyurem|Substitute
|-damage|p1a: Kyurem|56/100
|move|p2a: Iron Deficiency|Supercell Slam|p1a: Kyurem|[miss]
|-miss|p2a: Iron Deficiency|p1a: Kyurem
|-damage|p2a: Iron Deficiency|13/100|[from] supercellslam
|
|-heal|p1a: Kyurem|62/100|[from] item: Leftovers
|upkeep
|turn|42
|
|t:|1760746645
|-end|p2a: Iron Deficiency|Quark Drive|[silent]
|switch|p2a: Finger Eleven|Frosmoth, F, shiny|90/100
|move|p1a: Kyurem|Freeze-Dry|p2a: Finger Eleven
|-resisted|p2a: Finger Eleven
|-damage|p2a: Finger Eleven|80/100
|
|-heal|p1a: Kyurem|69/100|[from] item: Leftovers
|upkeep
|turn|43
|
|t:|1760746654
|switch|p2a: Surf's Up (2007)|Raichu-Alola, F|100/100
|move|p1a: Kyurem|Freeze-Dry|p2a: Surf's Up (2007)
|-damage|p2a: Surf's Up (2007)|50/100
|
|-heal|p1a: Kyurem|75/100|[from] item: Leftovers
|upkeep
|turn|44
|inactive|MooFarmer has 90 seconds left.
|
|t:|1760746664
|move|p2a: Surf's Up (2007)|Volt Switch|p1a: Kyurem
|-resisted|p1a: Kyurem
|-activate|p1a: Kyurem|move: Substitute|[damage]
|
|t:|1760746665
|switch|p2a: Finger Eleven|Frosmoth, F, shiny|80/100|[from] Volt Switch
|move|p1a: Kyurem|Freeze-Dry|p2a: Finger Eleven
|-resisted|p2a: Finger Eleven
|-damage|p2a: Finger Eleven|69/100
|
|-heal|p1a: Kyurem|81/100|[from] item: Leftovers
|upkeep
|turn|45
|inactive|MooFarmer has 90 seconds left.
|inactive|MooFarmer has 60 seconds left.
|
|t:|1760746711
|move|p1a: Kyurem|Freeze-Dry|p2a: Finger Eleven
|-resisted|p2a: Finger Eleven
|-damage|p2a: Finger Eleven|58/100
|move|p2a: Finger Eleven|Quiver Dance|p2a: Finger Eleven
|-boost|p2a: Finger Eleven|spa|1
|-boost|p2a: Finger Eleven|spd|1
|-boost|p2a: Finger Eleven|spe|1
|
|-heal|p1a: Kyurem|87/100|[from] item: Leftovers
|upkeep
|turn|46
|inactive|MooFarmer has 60 seconds left.
|l| taw
|inactive|MooFarmer has 30 seconds left.
|
|t:|1760746755
|move|p2a: Finger Eleven|Ice Beam|p1a: Kyurem
|-end|p1a: Kyurem|Substitute
|move|p1a: Kyurem|Freeze-Dry|p2a: Finger Eleven
|-resisted|p2a: Finger Eleven
|-damage|p2a: Finger Eleven|51/100
|
|-heal|p1a: Kyurem|93/100|[from] item: Leftovers
|upkeep
|turn|47
|
|t:|1760746764
|move|p1a: Kyurem|Protect|p1a: Kyurem
|-singleturn|p1a: Kyurem|Protect
|move|p2a: Finger Eleven|Quiver Dance|p2a: Finger Eleven
|-boost|p2a: Finger Eleven|spa|1
|-boost|p2a: Finger Eleven|spd|1
|-boost|p2a: Finger Eleven|spe|1
|
|-heal|p1a: Kyurem|99/100|[from] item: Leftovers
|upkeep
|turn|48
|
|t:|1760746773
|switch|p1a: Dondozo|Dondozo, F|97/100
|-terastallize|p2a: Finger Eleven|Electric
|move|p2a: Finger Eleven|Tera Blast|p1a: Dondozo|[anim] Tera Blast Electric
|-supereffective|p1a: Dondozo
|-damage|p1a: Dondozo|25/100
|
|-heal|p1a: Dondozo|31/100|[from] item: Leftovers
|upkeep
|turn|49
|
|t:|1760746780
|switch|p1a: Kyurem|Kyurem|99/100
|-ability|p1a: Kyurem|Pressure
|move|p2a: Finger Eleven|Tera Blast|p1a: Kyurem|[anim] Tera Blast Electric
|-resisted|p1a: Kyurem
|-damage|p1a: Kyurem|66/100
|
|-heal|p1a: Kyurem|72/100|[from] item: Leftovers
|upkeep
|turn|50
|
|t:|1760746789
|move|p1a: Kyurem|Protect|p1a: Kyurem
|-singleturn|p1a: Kyurem|Protect
|move|p2a: Finger Eleven|Quiver Dance|p2a: Finger Eleven
|-boost|p2a: Finger Eleven|spa|1
|-boost|p2a: Finger Eleven|spd|1
|-boost|p2a: Finger Eleven|spe|1
|
|-heal|p1a: Kyurem|78/100|[from] item: Leftovers
|upkeep
|turn|51
|
|t:|1760746796
|move|p1a: Kyurem|Protect||[still]
|-fail|p1a: Kyurem
|move|p2a: Finger Eleven|Ice Beam|p1a: Kyurem
|-damage|p1a: Kyurem|0 fnt
|faint|p1a: Kyurem
|
|upkeep
|
|t:|1760746801
|switch|p1a: Dondozo|Dondozo, F|31/100
|turn|52
|
|t:|1760746805
|move|p2a: Finger Eleven|Tera Blast|p1a: Dondozo|[anim] Tera Blast Electric
|-supereffective|p1a: Dondozo
|-damage|p1a: Dondozo|0 fnt
|faint|p1a: Dondozo
|
|win|shockmoth
|raw|MooFarmer's rating: 1820 &rarr; <strong>1800</strong><br />(-20 for losing)
|raw|shockmoth's rating: 1815 &rarr; <strong>1835</strong><br />(+20 for winning)
|l|☆MooFarmer
|player|p1|
|j| Star Plasma Vessel
|j| art of throwing
|j| Ziek_Freek
|l| Star Plasma Vessel
|j| inthestation
|j| Giragono
|l| Giragono
|l| Despote
