|j|☆l'agent_yoshimbo
|j|☆TrickzterSS
|t:|1760770238
|gametype|singles
|player|p1|l'agent_yoshimbo|drayden|1286
|player|p2|TrickzterSS|swimmerf-gen4|1205
|gen|9
|tier|[Gen 9] OU
|rated|
|rule|HP Percentage Mod: HP is shown in percentages
|rule|Endless Battle Clause: Forcing endless battles is banned
|rule|Species Clause: Limit one of each Pokémon
|rule|OHKO Clause: OHKO moves are banned
|rule|Evasion Items Clause: Evasion items are banned
|rule|Evasion Moves Clause: Evasion moves are banned
|rule|Evasion Abilities Clause: Evasion abilities are banned
|rule|Sleep Moves Clause: Sleep-inducing moves are banned
|clearpoke
|poke|p1|Kleavor, M|
|poke|p1|Samurott-Hisui, F|
|poke|p1|Glimmora, M|
|poke|p1|Scrafty, M|
|poke|p1|Tornadus-Therian, M|
|poke|p1|Mienshao, F|
|poke|p2|Ogerpon-Wellspring, F|
|poke|p2|Skeledirge, M|
|poke|p2|Garchomp, F|
|poke|p2|Slowking-Galar, F|
|poke|p2|Corviknight, F|
|poke|p2|Darkrai|
|teampreview
|
|t:|1760770250
|teamsize|p1|6
|teamsize|p2|6
|start
|switch|p1a: Kleavor|Kleavor, M|100/100
|switch|p2a: Garchomp|Garchomp, F|100/100
|turn|1
|
|t:|1760770258
|move|p1a: Kleavor|Stone Axe|p2a: Garchomp
|-resisted|p2a: Garchomp
|-crit|p2a: Garchomp
|-damage|p2a: Garchomp|58/100
|-damage|p1a: Kleavor|88/100|[from] ability: Rough Skin|[of] p2a: Garchomp
|-sidestart|p2: TrickzterSS|move: Stealth Rock
|move|p2a: Garchomp|Scale Shot|p1a: Kleavor
|-damage|p1a: Kleavor|71/100
|-damage|p1a: Kleavor|55/100
|-damage|p1a: Kleavor|36/100
|-damage|p1a: Kleavor|20/100
|-damage|p1a: Kleavor|4/100
|-hitcount|p1a: Kleavor|5
|-unboost|p2a: Garchomp|def|1
|-boost|p2a: Garchomp|spe|1
|
|upkeep
|turn|2
|
|t:|1760770283
|switch|p1a: Glimmora|Glimmora, M|100/100
|move|p2a: Garchomp|Earthquake|p1a: Glimmora
|-supereffective|p1a: Glimmora
|-damage|p1a: Glimmora|0 fnt
|-activate|p1a: Glimmora|ability: Toxic Debris
|-sidestart|p2: TrickzterSS|move: Toxic Spikes
|faint|p1a: Glimmora
|
|upkeep
|
|t:|1760770296
|switch|p1a: Mienshao|Mienshao, F|100/100
|turn|3
|
|t:|1760770311
|switch|p2a: Slowking|Slowking-Galar, F|100/100
|-sideend|p2: TrickzterSS|move: Toxic Spikes|[of] p2a: Slowking
|move|p1a: Mienshao|Fake Out|p2a: Slowking
|-damage|p2a: Slowking|87/100
|
|upkeep
|turn|4
|
|t:|1760770320
|move|p1a: Mienshao|Knock Off|p2a: Slowking
|-supereffective|p2a: Slowking
|-damage|p2a: Slowking|15/100
|-enditem|p2a: Slowking|Heavy-Duty Boots|[from] move: Knock Off|[of] p1a: Mienshao
|move|p2a: Slowking|Future Sight|p1a: Mienshao
|-start|p2a: Slowking|move: Future Sight
|
|upkeep
|turn|5
|
|t:|1760770332
|switch|p2a: Corviknight|Corviknight, F, shiny|100/100
|-damage|p2a: Corviknight|88/100|[from] Stealth Rock
|-ability|p2a: Corviknight|Pressure
|move|p1a: Mienshao|U-turn|p2a: Corviknight
|-resisted|p2a: Corviknight
|-damage|p2a: Corviknight|85/100
|-damage|p1a: Mienshao|84/100|[from] item: Rocky Helmet|[of] p2a: Corviknight
|
|t:|1760770342
|switch|p1a: Samurott|Samurott-Hisui, F|100/100|[from] U-turn
|
|upkeep
|turn|6
|
|t:|1760770351
|move|p1a: Samurott|Ceaseless Edge|p2a: Corviknight
|-damage|p2a: Corviknight|58/100
|-damage|p1a: Samurott|84/100|[from] item: Rocky Helmet|[of] p2a: Corviknight
|-sidestart|p2: TrickzterSS|Spikes
|move|p2a: Corviknight|Brave Bird|p1a: Samurott
|-damage|p1a: Samurott|38/100
|-damage|p2a: Corviknight|46/100|[from] Recoil
|
|-end|p1a: Samurott|move: Future Sight
|-immune|p1a: Samurott
|upkeep
|turn|7
|
|t:|1760770366
|move|p1a: Samurott|Ceaseless Edge|p2a: Corviknight
|-damage|p2a: Corviknight|19/100
|-damage|p1a: Samurott|21/100|[from] item: Rocky Helmet|[of] p2a: Corviknight
|-sidestart|p2: TrickzterSS|Spikes
|move|p2a: Corviknight|Roost|p2a: Corviknight
|-heal|p2a: Corviknight|69/100
|-singleturn|p2a: Corviknight|move: Roost
|
|upkeep
|turn|8
|
|t:|1760770383
|switch|p1a: Tornadus|Tornadus-Therian, M|100/100
|move|p2a: Corviknight|Brave Bird|p1a: Tornadus
|-damage|p1a: Tornadus|48/100
|-damage|p2a: Corviknight|56/100|[from] Recoil
|-enditem|p1a: Tornadus|Red Card|[of] p2a: Corviknight
|drag|p2a: Ogerpon|Ogerpon-Wellspring, F|100/100
|-damage|p2a: Ogerpon|88/100|[from] Stealth Rock
|-damage|p2a: Ogerpon|72/100|[from] Spikes
|
|upkeep
|turn|9
|
|t:|1760770420
|switch|p1a: Kleavor|Kleavor, M|4/100
|switch|p2a: Corviknight|Corviknight, F, shiny|56/100
|-damage|p2a: Corviknight|44/100|[from] Stealth Rock
|-ability|p2a: Corviknight|Pressure
|
|upkeep
|turn|10
|
|t:|1760770429
|move|p1a: Kleavor|Stone Axe|p2a: Corviknight
|-damage|p2a: Corviknight|12/100
|-damage|p1a: Kleavor|0 fnt|[from] item: Rocky Helmet|[of] p2a: Corviknight
|faint|p1a: Kleavor
|move|p2a: Corviknight|Defog|p1: Kleavor|[notarget]
|-fail|p2a: Corviknight
|
|upkeep
|
|t:|1760770438
|switch|p1a: Tornadus|Tornadus-Therian, M|81/100
|turn|11
|
|t:|1760770441
|move|p1a: Tornadus|Dark Pulse|p2a: Corviknight
|-damage|p2a: Corviknight|0 fnt
|faint|p2a: Corviknight
|
|upkeep
|
|t:|1760770467
|switch|p2a: Darkrai|Darkrai, shiny|100/100
|-damage|p2a: Darkrai|88/100|[from] Stealth Rock
|-damage|p2a: Darkrai|72/100|[from] Spikes
|turn|12
|
|t:|1760770471
|move|p2a: Darkrai|Ice Beam|p1a: Tornadus
|-supereffective|p1a: Tornadus
|-damage|p1a: Tornadus|0 fnt
|faint|p1a: Tornadus
|
|upkeep
|
|t:|1760770474
|switch|p1a: Scrafty|Scrafty, M|100/100
|turn|13
|
|t:|1760770487
|-terastallize|p2a: Darkrai|Ghost
|move|p2a: Darkrai|Ice Beam|p1a: Scrafty
|-damage|p1a: Scrafty|68/100
|-enditem|p1a: Scrafty|Red Card|[of] p2a: Darkrai
|drag|p2a: Ogerpon|Ogerpon-Wellspring, F|72/100
|-damage|p2a: Ogerpon|59/100|[from] Stealth Rock
|-damage|p2a: Ogerpon|43/100|[from] Spikes
|move|p1a: Scrafty|Dragon Dance|p1a: Scrafty
|-boost|p1a: Scrafty|atk|1
|-boost|p1a: Scrafty|spe|1
|
|upkeep
|turn|14
|
|t:|1760770502
|move|p2a: Ogerpon|Play Rough|p1a: Scrafty
|-supereffective|p1a: Scrafty
|-damage|p1a: Scrafty|0 fnt
|faint|p1a: Scrafty
|
|upkeep
|
|t:|1760770505
|switch|p1a: Mienshao|Mienshao, F|100/100
|turn|15
|
|t:|1760770509
|move|p1a: Mienshao|Fake Out|p2a: Ogerpon
|-damage|p2a: Ogerpon|23/100
|cant|p2a: Ogerpon|flinch
|
|upkeep
|turn|16
|
|t:|1760770513
|move|p2a: Ogerpon|Horn Leech|p1a: Mienshao
|-damage|p1a: Mienshao|20/100
|-heal|p2a: Ogerpon|60/100|[from] drain|[of] p1a: Mienshao
|-enditem|p1a: Mienshao|Red Card|[of] p2a: Ogerpon
|drag|p2a: Skeledirge|Skeledirge, M|100/100
|-damage|p2a: Skeledirge|75/100|[from] Stealth Rock
|-damage|p2a: Skeledirge|59/100|[from] Spikes
|move|p1a: Mienshao|U-turn|p2a: Skeledirge
|-resisted|p2a: Skeledirge
|-damage|p2a: Skeledirge|54/100
|
|t:|1760770521
|switch|p1a: Samurott|Samurott-Hisui, F|21/100|[from] U-turn
|
|-heal|p2a: Skeledirge|60/100|[from] item: Leftovers
|upkeep
|turn|17
|
|t:|1760770535
|move|p1a: Samurott|Ceaseless Edge|p2a: Skeledirge
|-supereffective|p2a: Skeledirge
|-damage|p2a: Skeledirge|0 fnt
|-sidestart|p2: TrickzterSS|Spikes
|faint|p2a: Skeledirge
|
|upkeep
|
|t:|1760770549
|switch|p2a: Darkrai|Darkrai, shiny, tera:Ghost|72/100
|-damage|p2a: Darkrai|59/100|[from] Stealth Rock
|-damage|p2a: Darkrai|34/100|[from] Spikes
|turn|18
|
|t:|1760770559
|move|p2a: Darkrai|Dark Pulse|p1a: Samurott
|-resisted|p1a: Samurott
|-damage|p1a: Samurott|0 fnt
|faint|p1a: Samurott
|
|upkeep
|
|t:|1760770561
|switch|p1a: Mienshao|Mienshao, F|53/100
|turn|19
|
|t:|1760770564
|move|p1a: Mienshao|Fake Out|p2a: Darkrai
|-immune|p2a: Darkrai
|move|p2a: Darkrai|Dark Pulse|p1a: Mienshao
|-resisted|p1a: Mienshao
|-damage|p1a: Mienshao|10/100
|
|upkeep
|turn|20
|
|t:|1760770570
|move|p2a: Darkrai|Dark Pulse|p1a: Mienshao
|-resisted|p1a: Mienshao
|-damage|p1a: Mienshao|0 fnt
|faint|p1a: Mienshao
|
|win|TrickzterSS
|raw|l&apos;agent_yoshimbo's rating: 1286 &rarr; <strong>1255</strong><br />(-31 for losing)
|raw|TrickzterSS's rating: 1205 &rarr; <strong>1236</strong><br />(+31 for winning)
|l|☆l'agent_yoshimbo
|player|p1|
|l|☆TrickzterSS
|player|p2|
