|j|☆Crooksieee
|j|☆WeR#4Hay!
|t:|1760834349
|gametype|singles
|player|p1|Crooksieee|101|1594
|player|p2|WeR#4Hay!|170|1549
|gen|9
|tier|[Gen 9] OU
|rated|
|rule|HP Percentage Mod: HP is shown in percentages
|rule|Endless Battle Clause: Forcing endless battles is banned
|rule|Species Clause: Limit one of each Pokémon
|rule|OHKO Clause: OHKO moves are banned
|rule|Evasion Items Clause: Evasion items are banned
|rule|Evasion Moves Clause: Evasion moves are banned
|rule|Evasion Abilities Clause: Evasion abilities are banned
|rule|Sleep Moves Clause: Sleep-inducing moves are banned
|clearpoke
|poke|p1|Landorus-Therian, M|
|poke|p1|Glimmora, F|
|poke|p1|Samurott-Hisui, M|
|poke|p1|Great Tusk|
|poke|p1|Gholdengo|
|poke|p1|Dragapult, F|
|poke|p2|Lycanroc-Dusk, F|
|poke|p2|Volcanion|
|poke|p2|Corviknight, F|
|poke|p2|Great Tusk|
|poke|p2|Slowking-Galar, F|
|poke|p2|Darkrai|
|teampreview
|
|t:|1760834410
|teamsize|p1|6
|teamsize|p2|6
|start
|switch|p1a: Landorus|Landorus-Therian, M|100/100
|switch|p2a: Konata Izumi|Slowking-Galar, F|100/100
|-ability|p1a: Landorus|Intimidate|boost
|-unboost|p2a: Konata Izumi|atk|1
|turn|1
|
|t:|1760834436
|move|p1a: Landorus|Earthquake|p2a: Konata Izumi
|-supereffective|p2a: Konata Izumi
|-damage|p2a: Konata Izumi|21/100
|move|p2a: Konata Izumi|Psychic Noise|p1a: Landorus
|-damage|p1a: Landorus|64/100
|-start|p1a: Landorus|move: Heal Block
|
|upkeep
|turn|2
|
|t:|1760834446
|switch|p2a: Miyuki Takara|Corviknight, F|100/100
|-ability|p2a: Miyuki Takara|Pressure
|move|p1a: Landorus|Stealth Rock|p2a: Miyuki Takara
|-sidestart|p2: WeR#4Hay!|move: Stealth Rock
|
|-end|p1a: Landorus|move: Heal Block
|upkeep
|turn|3
|
|t:|1760834455
|switch|p2a: Konata Izumi|Slowking-Galar, F|54/100
|-damage|p2a: Konata Izumi|41/100|[from] Stealth Rock
|move|p1a: Landorus|Taunt|p2a: Konata Izumi
|-start|p2a: Konata Izumi|move: Taunt
|
|upkeep
|turn|4
|
|t:|1760834464
|switch|p2a: Miyuki Takara|Corviknight, F|100/100
|-damage|p2a: Miyuki Takara|88/100|[from] Stealth Rock
|-ability|p2a: Miyuki Takara|Pressure
|move|p1a: Landorus|Earthquake|p2a: Miyuki Takara
|-immune|p2a: Miyuki Takara
|
|upkeep
|turn|5
|
|t:|1760834474
|switch|p2a: Minoru Shiraishi|Great Tusk|100/100
|move|p1a: Landorus|Smack Down|p2a: Minoru Shiraishi
|-resisted|p2a: Minoru Shiraishi
|-damage|p2a: Minoru Shiraishi|97/100
|
|upkeep
|turn|6
|
|t:|1760834481
|switch|p1a: Dragapult|Dragapult, F|100/100
|move|p2a: Minoru Shiraishi|Stealth Rock|p1a: Dragapult
|-sidestart|p1: Crooksieee|move: Stealth Rock
|
|upkeep
|turn|7
|
|t:|1760834513
|-end|p2a: Minoru Shiraishi|Protosynthesis|[silent]
|switch|p2a: Kagami Hiiragi|Volcanion|100/100
|move|p1a: Dragapult|Will-O-Wisp|p2a: Kagami Hiiragi
|-immune|p2a: Kagami Hiiragi
|
|upkeep
|turn|8
|
|t:|1760834520
|move|p1a: Dragapult|Draco Meteor|p2a: Kagami Hiiragi
|-damage|p2a: Kagami Hiiragi|43/100
|-unboost|p1a: Dragapult|spa|2
|-enditem|p1a: Dragapult|Eject Pack
|
|t:|1760834534
|switch|p1a: Samurott|Samurott-Hisui, M|100/100
|-damage|p1a: Samurott|88/100|[from] Stealth Rock
|move|p2a: Kagami Hiiragi|Steam Eruption|p1a: Samurott
|-resisted|p1a: Samurott
|-damage|p1a: Samurott|63/100
|
|upkeep
|turn|9
|
|t:|1760834548
|switch|p2a: Miyuki Takara|Corviknight, F|88/100
|-damage|p2a: Miyuki Takara|76/100|[from] Stealth Rock
|-ability|p2a: Miyuki Takara|Pressure
|move|p1a: Samurott|Ceaseless Edge|p2a: Miyuki Takara
|-damage|p2a: Miyuki Takara|45/100
|-damage|p1a: Samurott|47/100|[from] item: Rocky Helmet|[of] p2a: Miyuki Takara
|-sidestart|p2: WeR#4Hay!|Spikes
|
|upkeep
|turn|10
|
|t:|1760834559
|move|p1a: Samurott|Aqua Cutter|p2a: Miyuki Takara
|-damage|p2a: Miyuki Takara|15/100
|move|p2a: Miyuki Takara|Roost|p2a: Miyuki Takara
|-heal|p2a: Miyuki Takara|65/100
|-singleturn|p2a: Miyuki Takara|move: Roost
|
|upkeep
|turn|11
|
|t:|1760834567
|move|p1a: Samurott|Aqua Cutter|p2a: Miyuki Takara
|-damage|p2a: Miyuki Takara|33/100
|move|p2a: Miyuki Takara|Roost|p2a: Miyuki Takara
|-heal|p2a: Miyuki Takara|83/100
|-singleturn|p2a: Miyuki Takara|move: Roost
|
|upkeep
|turn|12
|
|t:|1760834576
|move|p1a: Samurott|Aqua Cutter|p2a: Miyuki Takara
|-crit|p2a: Miyuki Takara
|-damage|p2a: Miyuki Takara|38/100
|move|p2a: Miyuki Takara|Body Press|p1a: Samurott
|-supereffective|p1a: Samurott
|-damage|p1a: Samurott|0 fnt
|faint|p1a: Samurott
|
|upkeep
|
|t:|1760834587
|switch|p1a: Dragapult|Dragapult, F|100/100
|-damage|p1a: Dragapult|88/100|[from] Stealth Rock
|turn|13
|
|t:|1760834594
|move|p1a: Dragapult|Flamethrower|p2a: Miyuki Takara
|-supereffective|p2a: Miyuki Takara
|-damage|p2a: Miyuki Takara|0 fnt
|faint|p2a: Miyuki Takara
|
|upkeep
|
|t:|1760834600
|switch|p2a: Tsukasa Hiiragi|Darkrai|100/100
|-damage|p2a: Tsukasa Hiiragi|88/100|[from] Stealth Rock
|-damage|p2a: Tsukasa Hiiragi|76/100|[from] Spikes
|turn|14
|
|t:|1760834607
|switch|p1a: Glimmora|Glimmora, F|100/100
|-damage|p1a: Glimmora|88/100|[from] Stealth Rock
|move|p2a: Tsukasa Hiiragi|Ice Beam|p1a: Glimmora
|-damage|p1a: Glimmora|65/100
|
|upkeep
|turn|15
|
|t:|1760834618
|switch|p2a: Minoru Shiraishi|Great Tusk|97/100
|move|p1a: Glimmora|Power Gem|p2a: Minoru Shiraishi
|-resisted|p2a: Minoru Shiraishi
|-damage|p2a: Minoru Shiraishi|80/100
|
|upkeep
|turn|16
|
|t:|1760834626
|-terastallize|p1a: Glimmora|Grass
|move|p2a: Minoru Shiraishi|Rapid Spin|p1a: Glimmora
|-damage|p1a: Glimmora|46/100
|-boost|p2a: Minoru Shiraishi|spe|1
|-activate|p1a: Glimmora|ability: Toxic Debris
|-sidestart|p2: WeR#4Hay!|move: Toxic Spikes
|-sideend|p2: WeR#4Hay!|Spikes|[from] move: Rapid Spin|[of] p2a: Minoru Shiraishi
|-sideend|p2: WeR#4Hay!|Toxic Spikes|[from] move: Rapid Spin|[of] p2a: Minoru Shiraishi
|-sideend|p2: WeR#4Hay!|Stealth Rock|[from] move: Rapid Spin|[of] p2a: Minoru Shiraishi
|move|p1a: Glimmora|Energy Ball|p2a: Minoru Shiraishi
|-supereffective|p2a: Minoru Shiraishi
|-damage|p2a: Minoru Shiraishi|0 fnt
|faint|p2a: Minoru Shiraishi
|-end|p2a: Minoru Shiraishi|Protosynthesis|[silent]
|
|upkeep
|
|t:|1760834633
|switch|p2a: Tsukasa Hiiragi|Darkrai|76/100
|turn|17
|
|t:|1760834652
|move|p2a: Tsukasa Hiiragi|Ice Beam|p1a: Glimmora
|-supereffective|p1a: Glimmora
|-damage|p1a: Glimmora|1/100
|move|p1a: Glimmora|Power Gem|p2a: Tsukasa Hiiragi
|-damage|p2a: Tsukasa Hiiragi|19/100
|
|upkeep
|turn|18
|
|t:|1760834659
|move|p2a: Tsukasa Hiiragi|Ice Beam|p1a: Glimmora
|-supereffective|p1a: Glimmora
|-damage|p1a: Glimmora|0 fnt
|faint|p1a: Glimmora
|
|upkeep
|
|t:|1760834666
|switch|p1a: Dragapult|Dragapult, F|88/100
|-damage|p1a: Dragapult|76/100|[from] Stealth Rock
|turn|19
|
|t:|1760834674
|move|p2a: Tsukasa Hiiragi|Ice Beam|p1a: Dragapult
|-supereffective|p1a: Dragapult
|-damage|p1a: Dragapult|0 fnt
|faint|p1a: Dragapult
|
|upkeep
|
|t:|1760834680
|switch|p1a: Gholdengo|Gholdengo|100/100
|-damage|p1a: Gholdengo|94/100|[from] Stealth Rock
|turn|20
|
|t:|1760834694
|switch|p2a: Kagami Hiiragi|Volcanion|43/100
|move|p1a: Gholdengo|Shadow Ball|p2a: Kagami Hiiragi
|-damage|p2a: Kagami Hiiragi|0 fnt
|faint|p2a: Kagami Hiiragi
|
|upkeep
|
|t:|1760834723
|switch|p2a: Konata Izumi|Slowking-Galar, F|75/100
|turn|21
|
|t:|1760834729
|-terastallize|p2a: Konata Izumi|Grass
|move|p1a: Gholdengo|Shadow Ball|p2a: Konata Izumi
|-damage|p2a: Konata Izumi|49/100
|move|p2a: Konata Izumi|Flamethrower|p1a: Gholdengo
|-supereffective|p1a: Gholdengo
|-damage|p1a: Gholdengo|50/100
|
|upkeep
|turn|22
|
|t:|1760834745
|switch|p1a: Great Tusk|Great Tusk|100/100
|-damage|p1a: Great Tusk|98/100|[from] Stealth Rock
|switch|p2a: Akira Kogami|Lycanroc-Dusk, F|100/100
|
|-heal|p1a: Great Tusk|100/100|[from] item: Leftovers
|upkeep
|turn|23
|
|t:|1760834786
|move|p2a: Akira Kogami|Close Combat|p1a: Great Tusk
|-damage|p1a: Great Tusk|42/100
|-unboost|p2a: Akira Kogami|def|1
|-unboost|p2a: Akira Kogami|spd|1
|move|p1a: Great Tusk|Rapid Spin|p2a: Akira Kogami
|-resisted|p2a: Akira Kogami
|-damage|p2a: Akira Kogami|82/100
|-boost|p1a: Great Tusk|spe|1
|-sideend|p1: Crooksieee|Stealth Rock|[from] move: Rapid Spin|[of] p1a: Great Tusk
|
|-heal|p1a: Great Tusk|48/100|[from] item: Leftovers
|upkeep
|turn|24
|
|t:|1760834798
|move|p1a: Great Tusk|Headlong Rush|p2a: Akira Kogami
|-supereffective|p2a: Akira Kogami
|-damage|p2a: Akira Kogami|0 fnt
|-unboost|p1a: Great Tusk|def|1
|-unboost|p1a: Great Tusk|spd|1
|faint|p2a: Akira Kogami
|
|-heal|p1a: Great Tusk|54/100|[from] item: Leftovers
|upkeep
|
|t:|1760834801
|switch|p2a: Konata Izumi|Slowking-Galar, F, tera:Grass|82/100
|turn|25
|
|t:|1760834810
|move|p1a: Great Tusk|Ice Spinner|p2a: Konata Izumi
|-supereffective|p2a: Konata Izumi
|-damage|p2a: Konata Izumi|48/100
|move|p2a: Konata Izumi|Psychic Noise|p1a: Great Tusk
|-supereffective|p1a: Great Tusk
|-damage|p1a: Great Tusk|0 fnt
|faint|p1a: Great Tusk
|-end|p1a: Great Tusk|Protosynthesis|[silent]
|
|upkeep
|
|t:|1760834835
|switch|p1a: Landorus|Landorus-Therian, M|64/100
|-ability|p1a: Landorus|Intimidate|boost
|-unboost|p2a: Konata Izumi|atk|1
|turn|26
|
|t:|1760834858
|move|p1a: Landorus|Stealth Rock|p2a: Konata Izumi
|-sidestart|p2: WeR#4Hay!|move: Stealth Rock
|move|p2a: Konata Izumi|Future Sight|p1a: Landorus
|-start|p2a: Konata Izumi|move: Future Sight
|
|upkeep
|turn|27
|
|t:|1760834867
|move|p1a: Landorus|Earthquake|p2a: Konata Izumi
|-resisted|p2a: Konata Izumi
|-crit|p2a: Konata Izumi
|-damage|p2a: Konata Izumi|16/100
|move|p2a: Konata Izumi|Psychic Noise|p1a: Landorus
|-crit|p1a: Landorus
|-damage|p1a: Landorus|11/100
|-start|p1a: Landorus|move: Heal Block
|
|upkeep
|turn|28
|
|t:|1760834878
|move|p1a: Landorus|Earthquake|p2a: Konata Izumi
|-resisted|p2a: Konata Izumi
|-damage|p2a: Konata Izumi|0 fnt
|faint|p2a: Konata Izumi
|
|-end|p1a: Landorus|move: Future Sight
|-damage|p1a: Landorus|0 fnt
|faint|p1a: Landorus
|upkeep
|c|☆WeR#4Hay!|gg
|
|t:|1760834887
|switch|p1a: Gholdengo|Gholdengo|50/100
|switch|p2a: Tsukasa Hiiragi|Darkrai|19/100
|-damage|p2a: Tsukasa Hiiragi|6/100|[from] Stealth Rock
|turn|29
|
|t:|1760834897
|move|p2a: Tsukasa Hiiragi|Dark Pulse|p1a: Gholdengo
|-supereffective|p1a: Gholdengo
|-damage|p1a: Gholdengo|0 fnt
|faint|p1a: Gholdengo
|
|win|WeR#4Hay!
|raw|Crooksieee's rating: 1594 &rarr; <strong>1571</strong><br />(-23 for losing)
|raw|WeR#4Hay!'s rating: 1549 &rarr; <strong>1572</strong><br />(+23 for winning)
|c|☆Crooksieee|Gg
|l|☆Crooksieee
|player|p1|
