|j|☆HZBKAI3
|j|☆magearna2
|t:|1760848212
|gametype|singles
|player|p1|HZBKAI3|265|1051
|player|p2|magearna2|akari|1102
|gen|9
|tier|[Gen 9] OU
|rated|
|rule|HP Percentage Mod: HP is shown in percentages
|rule|Endless Battle Clause: Forcing endless battles is banned
|rule|Species Clause: Limit one of each Pokémon
|rule|OHKO Clause: OHKO moves are banned
|rule|Evasion Items Clause: Evasion items are banned
|rule|Evasion Moves Clause: Evasion moves are banned
|rule|Evasion Abilities Clause: Evasion abilities are banned
|rule|Sleep Moves Clause: Sleep-inducing moves are banned
|clearpoke
|poke|p1|Latias, F|
|poke|p1|Tinkaton, F|
|poke|p1|Pelipper, M|
|poke|p1|Gastrodon, F|
|poke|p1|Moltres|
|poke|p1|Goodra-Hisui, F|
|poke|p2|Tyranitar, F|
|poke|p2|Excadrill, F|
|poke|p2|Keldeo-Resolute|
|poke|p2|Tornadus-Therian, M|
|poke|p2|Heatran, F|
|poke|p2|Hydrapple, F|
|teampreview
|inactive|Battle timer is ON: inactive players will automatically lose when time's up. (requested by magearna2)
|
|t:|1760848233
|teamsize|p1|6
|teamsize|p2|6
|start
|switch|p1a: Tinkaton|Tinkaton, F|100/100
|switch|p2a: Tornadus|Tornadus-Therian, M|100/100
|-item|p1a: Tinkaton|Air Balloon
|turn|1
|
|t:|1760848239
|move|p2a: Tornadus|Heat Wave|p1a: Tinkaton
|-supereffective|p1a: Tinkaton
|-damage|p1a: Tinkaton|58/100
|-status|p1a: Tinkaton|brn
|-enditem|p1a: Tinkaton|Air Balloon
|move|p1a: Tinkaton|Gigaton Hammer|p2a: Tornadus
|-damage|p2a: Tornadus|77/100
|
|-damage|p1a: Tinkaton|52/100 brn|[from] brn
|upkeep
|turn|2
|
|t:|1760848248
|move|p2a: Tornadus|Heat Wave|p1a: Tinkaton
|-supereffective|p1a: Tinkaton
|-damage|p1a: Tinkaton|8/100 brn
|move|p1a: Tinkaton|Thunder Wave|p2a: Tornadus
|-status|p2a: Tornadus|par
|
|-damage|p1a: Tinkaton|2/100 brn|[from] brn
|upkeep
|turn|3
|
|t:|1760848256
|move|p1a: Tinkaton|Gigaton Hammer|p2a: Tornadus
|-damage|p2a: Tornadus|54/100 par
|move|p2a: Tornadus|U-turn|p1a: Tinkaton
|-resisted|p1a: Tinkaton
|-damage|p1a: Tinkaton|0 fnt
|faint|p1a: Tinkaton
|
|t:|1760848265
|switch|p2a: Tyranitar|Tyranitar, F|100/100|[from] U-turn
|-weather|Sandstorm|[from] ability: Sand Stream|[of] p2a: Tyranitar
|
|-weather|Sandstorm|[upkeep]
|upkeep
|
|t:|1760848267
|switch|p1a: Latias|Latias, F|100/100
|turn|4
|
|t:|1760848274
|move|p1a: Latias|Aura Sphere|p2a: Tyranitar
|-supereffective|p2a: Tyranitar
|-damage|p2a: Tyranitar|43/100
|move|p2a: Tyranitar|Knock Off|p1a: Latias
|-supereffective|p1a: Latias
|-damage|p1a: Latias|0 fnt
|-enditem|p1a: Latias|Weakness Policy|[from] move: Knock Off|[of] p2a: Tyranitar
|faint|p1a: Latias
|
|-weather|Sandstorm|[upkeep]
|upkeep
|
|t:|1760848274
|switch|p1a: Gastrodon|Gastrodon, F|100/100
|turn|5
|
|t:|1760848283
|move|p2a: Tyranitar|Knock Off|p1a: Gastrodon
|-damage|p1a: Gastrodon|39/100
|move|p1a: Gastrodon|Earth Power|p2a: Tyranitar
|-supereffective|p2a: Tyranitar
|-damage|p2a: Tyranitar|0 fnt
|faint|p2a: Tyranitar
|
|-weather|Sandstorm|[upkeep]
|upkeep
|
|t:|1760848294
|switch|p2a: Hydrapple|Hydrapple, F|100/100
|turn|6
|
|t:|1760848302
|move|p2a: Hydrapple|Fickle Beam|p1a: Gastrodon
|-damage|p1a: Gastrodon|6/100
|move|p1a: Gastrodon|Blizzard|p2a: Hydrapple
|-supereffective|p2a: Hydrapple
|-damage|p2a: Hydrapple|0 fnt
|faint|p2a: Hydrapple
|
|-weather|Sandstorm|[upkeep]
|upkeep
|
|t:|1760848311
|switch|p2a: Excadrill|Excadrill, F, shiny|100/100
|-item|p2a: Excadrill|Air Balloon
|turn|7
|
|t:|1760848316
|move|p2a: Excadrill|Rapid Spin|p1a: Gastrodon
|-damage|p1a: Gastrodon|0 fnt
|-boost|p2a: Excadrill|spe|1
|faint|p1a: Gastrodon
|
|-weather|none
|upkeep
|
|t:|1760848316
|switch|p1a: Moltres|Moltres|100/100
|turn|8
|
|t:|1760848327
|move|p2a: Excadrill|Rapid Spin|p1a: Moltres
|-damage|p1a: Moltres|86/100
|-boost|p2a: Excadrill|spe|1
|-status|p2a: Excadrill|brn|[from] ability: Flame Body|[of] p1a: Moltres
|move|p1a: Moltres|Flamethrower|p2a: Excadrill
|-supereffective|p2a: Excadrill
|-damage|p2a: Excadrill|0 fnt
|-enditem|p2a: Excadrill|Air Balloon
|faint|p2a: Excadrill
|
|upkeep
|
|t:|1760848341
|switch|p2a: Heatran|Heatran, F|100/100
|turn|9
|
|t:|1760848349
|move|p1a: Moltres|Flamethrower|p2a: Heatran
|-damage|p2a: Heatran|69/100
|move|p2a: Heatran|Magma Storm|p1a: Moltres
|-resisted|p1a: Moltres
|-damage|p1a: Moltres|59/100
|-activate|p1a: Moltres|move: Magma Storm|[of] p2a: Heatran
|
|-heal|p2a: Heatran|75/100|[from] item: Leftovers
|-damage|p1a: Moltres|47/100|[from] move: Magma Storm|[partiallytrapped]
|upkeep
|turn|10
|
|t:|1760848358
|move|p1a: Moltres|Flamethrower|p2a: Heatran
|-damage|p2a: Heatran|48/100
|move|p2a: Heatran|Magma Storm|p1a: Moltres
|-resisted|p1a: Moltres
|-damage|p1a: Moltres|21/100
|
|-heal|p2a: Heatran|54/100|[from] item: Leftovers
|-damage|p1a: Moltres|9/100|[from] move: Magma Storm|[partiallytrapped]
|upkeep
|turn|11
|
|t:|1760848367
|move|p1a: Moltres|Flamethrower|p2a: Heatran
|-damage|p2a: Heatran|25/100
|move|p2a: Heatran|Magma Storm|p1a: Moltres
|-resisted|p1a: Moltres
|-damage|p1a: Moltres|0 fnt
|faint|p1a: Moltres
|
|-heal|p2a: Heatran|31/100|[from] item: Leftovers
|upkeep
|
|t:|1760848368
|switch|p1a: Goodra|Goodra-Hisui, F|100/100
|turn|12
|
|t:|1760848378
|move|p2a: Heatran|Magma Storm|p1a: Goodra
|-damage|p1a: Goodra|78/100
|-activate|p1a: Goodra|move: Magma Storm|[of] p2a: Heatran
|move|p1a: Goodra|Flamethrower|p2a: Heatran
|-damage|p2a: Heatran|8/100
|
|-heal|p2a: Heatran|14/100|[from] item: Leftovers
|-damage|p1a: Goodra|66/100|[from] move: Magma Storm|[partiallytrapped]
|upkeep
|turn|13
|
|t:|1760848380
|move|p2a: Heatran|Earth Power|p1a: Goodra
|-supereffective|p1a: Goodra
|-damage|p1a: Goodra|40/100
|-unboost|p1a: Goodra|spd|1
|move|p1a: Goodra|Flamethrower|p2a: Heatran
|-damage|p2a: Heatran|0 fnt
|faint|p2a: Heatran
|
|-end|p1a: Goodra|Magma Storm|[partiallytrapped]|[silent]
|upkeep
|
|t:|1760848388
|switch|p2a: Tornadus|Tornadus-Therian, M|87/100 par
|turn|14
|
|t:|1760848393
|-terastallize|p2a: Tornadus|Steel
|move|p2a: Tornadus|Heat Wave|p1a: Goodra
|-damage|p1a: Goodra|26/100
|move|p1a: Goodra|Ice Beam|p2a: Tornadus
|-resisted|p2a: Tornadus
|-damage|p2a: Tornadus|73/100 par
|
|upkeep
|turn|15
|
|t:|1760848401
|move|p2a: Tornadus|Bleakwind Storm|p1a: Goodra
|-resisted|p1a: Goodra
|-damage|p1a: Goodra|14/100
|-unboost|p1a: Goodra|spe|1
|move|p1a: Goodra|Flamethrower|p2a: Tornadus
|-supereffective|p2a: Tornadus
|-damage|p2a: Tornadus|9/100 par
|
|upkeep
|turn|16
|
|t:|1760848409
|move|p2a: Tornadus|Heat Wave|p1a: Goodra
|-damage|p1a: Goodra|0 fnt
|faint|p1a: Goodra
|
|upkeep
|
|t:|1760848409
|switch|p1a: Pelipper|Pelipper, M|100/100
|-weather|RainDance|[from] ability: Drizzle|[of] p1a: Pelipper
|turn|17
|
|t:|1760848416
|move|p2a: Tornadus|Bleakwind Storm|p1a: Pelipper
|-damage|p1a: Pelipper|48/100
|move|p1a: Pelipper|Knock Off|p2a: Tornadus
|-damage|p2a: Tornadus|0 fnt
|-enditem|p2a: Tornadus|Heavy-Duty Boots|[from] move: Knock Off|[of] p1a: Pelipper
|faint|p2a: Tornadus
|
|-weather|RainDance|[upkeep]
|upkeep
|
|t:|1760848426
|switch|p2a: Keldeo|Keldeo-Resolute|100/100
|turn|18
|
|t:|1760848430
|move|p2a: Keldeo|Surf|p1a: Pelipper
|-resisted|p1a: Pelipper
|-crit|p1a: Pelipper
|-damage|p1a: Pelipper|0 fnt
|faint|p1a: Pelipper
|
|win|magearna2
|raw|HZBKAI3's rating: 1051 &rarr; <strong>1036</strong><br />(-15 for losing)
|raw|magearna2's rating: 1102 &rarr; <strong>1123</strong><br />(+21 for winning)
|l|☆HZBKAI3
|player|p1|
|l|☆magearna2
|player|p2|
