|j|☆151htyrneh
|j|☆mio3777
|t:|1760778902
|gametype|singles
|player|p1|151htyrneh|wallace|1626
|player|p2|mio3777|1|1581
|gen|9
|tier|[Gen 9] OU
|rated|
|rule|HP Percentage Mod: HP is shown in percentages
|rule|Endless Battle Clause: Forcing endless battles is banned
|rule|Species Clause: Limit one of each Pokémon
|rule|OHKO Clause: OHKO moves are banned
|rule|Evasion Items Clause: Evasion items are banned
|rule|Evasion Moves Clause: Evasion moves are banned
|rule|Evasion Abilities Clause: Evasion abilities are banned
|rule|Sleep Moves Clause: Sleep-inducing moves are banned
|clearpoke
|poke|p1|Ninetales, F|
|poke|p1|Ceruledge, M|
|poke|p1|Venusaur, M|
|poke|p1|Hatterene, F|
|poke|p1|Great Tusk|
|poke|p1|Walking Wake|
|poke|p2|Indeedee, M|
|poke|p2|Polteageist-Antique|
|poke|p2|Cinderace, F|
|poke|p2|Armarouge, F|
|poke|p2|Hawlucha, F|
|poke|p2|Hatterene, F|
|teampreview
|
|t:|1760778907
|teamsize|p1|6
|teamsize|p2|6
|start
|switch|p1a: Dubya|Walking Wake|100/100
|switch|p2a: Indeedee|Indeedee, M|100/100
|-fieldstart|move: Psychic Terrain|[from] ability: Psychic Surge|[of] p2a: Indeedee
|turn|1
|
|t:|1760778918
|switch|p2a: Hawlucha|Hawlucha, F|100/100
|-enditem|p2a: Hawlucha|Psychic Seed
|-boost|p2a: Hawlucha|spd|1|[from] item: Psychic Seed
|move|p1a: Dubya|Hydro Steam|p2a: Hawlucha
|-damage|p2a: Hawlucha|49/100
|
|upkeep
|turn|2
|inactive|Battle timer is ON: inactive players will automatically lose when time's up. (requested by mio3777)
|
|t:|1760778927
|move|p2a: Hawlucha|Close Combat|p1a: Dubya
|-damage|p1a: Dubya|45/100
|-unboost|p2a: Hawlucha|def|1
|-unboost|p2a: Hawlucha|spd|1
|move|p1a: Dubya|Hydro Steam|p2a: Hawlucha
|-damage|p2a: Hawlucha|0 fnt
|faint|p2a: Hawlucha
|
|upkeep
|
|t:|1760778941
|switch|p2a: Hatterene|Hatterene, F|100/100
|-enditem|p2a: Hatterene|Psychic Seed
|-boost|p2a: Hatterene|spd|1|[from] item: Psychic Seed
|turn|3
|
|t:|1760778946
|-end|p1a: Dubya|Protosynthesis|[silent]
|switch|p1a: Kurama Chakra Mode|Ninetales, F|100/100
|-weather|SunnyDay|[from] ability: Drought|[of] p1a: Kurama Chakra Mode
|move|p2a: Hatterene|Expanding Force|p1a: Kurama Chakra Mode
|-damage|p1a: Kurama Chakra Mode|18/100
|
|-weather|SunnyDay|[upkeep]
|upkeep
|turn|4
|
|t:|1760778955
|switch|p1a: Die w A Smile|Hatterene, F|100/100
|move|p2a: Hatterene|Expanding Force|p1a: Die w A Smile
|-resisted|p1a: Die w A Smile
|-damage|p1a: Die w A Smile|56/100
|-enditem|p1a: Die w A Smile|Eject Button
|
|t:|1760778960
|switch|p1a: Slayboi Carti|Ceruledge, M|100/100
|
|-weather|SunnyDay|[upkeep]
|upkeep
|turn|5
|
|t:|1760778976
|switch|p2a: Armarouge|Armarouge, F|100/100
|move|p1a: Slayboi Carti|Swords Dance|p1a: Slayboi Carti
|-boost|p1a: Slayboi Carti|atk|2
|
|-weather|SunnyDay|[upkeep]
|upkeep
|turn|6
|
|t:|1760778985
|move|p1a: Slayboi Carti|Bitter Blade|p2a: Armarouge
|-resisted|p2a: Armarouge
|-damage|p2a: Armarouge|25/100
|-ability|p2a: Armarouge|Weak Armor|boost
|-unboost|p2a: Armarouge|def|1
|-boost|p2a: Armarouge|spe|2
|move|p2a: Armarouge|Expanding Force|p1a: Slayboi Carti
|-damage|p1a: Slayboi Carti|4/100
|
|-weather|SunnyDay|[upkeep]
|upkeep
|turn|7
|
|t:|1760779002
|switch|p1a: Die w A Smile|Hatterene, F|56/100
|move|p2a: Armarouge|Expanding Force|p1a: Die w A Smile
|-resisted|p1a: Die w A Smile
|-damage|p1a: Die w A Smile|17/100
|
|-weather|SunnyDay|[upkeep]
|upkeep
|turn|8
|
|t:|1760779008
|move|p2a: Armarouge|Expanding Force|p1a: Die w A Smile
|-resisted|p1a: Die w A Smile
|-damage|p1a: Die w A Smile|0 fnt
|faint|p1a: Die w A Smile
|
|-weather|SunnyDay|[upkeep]
|-fieldend|move: Psychic Terrain
|upkeep
|
|t:|1760779010
|switch|p1a: Venu Vidi Vici|Venusaur, M|100/100
|turn|9
|
|t:|1760779025
|switch|p2a: Indeedee|Indeedee, M|100/100
|-fieldstart|move: Psychic Terrain|[from] ability: Psychic Surge|[of] p2a: Indeedee
|move|p1a: Venu Vidi Vici|Earth Power|p2a: Indeedee
|-crit|p2a: Indeedee
|-damage|p2a: Indeedee|54/100
|-damage|p1a: Venu Vidi Vici|91/100|[from] item: Life Orb
|
|-weather|SunnyDay|[upkeep]
|upkeep
|turn|10
|
|t:|1760779042
|switch|p2a: Armarouge|Armarouge, F|25/100
|move|p1a: Venu Vidi Vici|Weather Ball|p2a: Armarouge
|-resisted|p2a: Armarouge
|-damage|p2a: Armarouge|0 fnt
|faint|p2a: Armarouge
|-damage|p1a: Venu Vidi Vici|81/100|[from] item: Life Orb
|
|-weather|none
|upkeep
|
|t:|1760779051
|switch|p2a: Polteageist|Polteageist-Antique|100/100
|turn|11
|
|t:|1760779054
|move|p1a: Venu Vidi Vici|Giga Drain|p2a: Polteageist
|-damage|p2a: Polteageist|47/100
|-heal|p1a: Venu Vidi Vici|100/100|[from] drain|[of] p2a: Polteageist
|-damage|p1a: Venu Vidi Vici|91/100|[from] item: Life Orb
|move|p2a: Polteageist|Shell Smash|p2a: Polteageist
|-unboost|p2a: Polteageist|def|1
|-unboost|p2a: Polteageist|spd|1
|-boost|p2a: Polteageist|atk|2
|-boost|p2a: Polteageist|spa|2
|-boost|p2a: Polteageist|spe|2
|
|upkeep
|turn|12
|j| wgw2333
|
|t:|1760779064
|switch|p1a: Kurama Chakra Mode|Ninetales, F|18/100
|-weather|SunnyDay|[from] ability: Drought|[of] p1a: Kurama Chakra Mode
|move|p2a: Polteageist|Stored Power|p1a: Kurama Chakra Mode
|-damage|p1a: Kurama Chakra Mode|0 fnt
|faint|p1a: Kurama Chakra Mode
|
|-weather|SunnyDay|[upkeep]
|upkeep
|
|t:|1760779066
|switch|p1a: Venu Vidi Vici|Venusaur, M|91/100
|turn|13
|
|t:|1760779074
|move|p1a: Venu Vidi Vici|Weather Ball|p2a: Polteageist
|-damage|p2a: Polteageist|0 fnt
|faint|p2a: Polteageist
|-damage|p1a: Venu Vidi Vici|81/100|[from] item: Life Orb
|
|-weather|SunnyDay|[upkeep]
|upkeep
|
|t:|1760779082
|switch|p2a: Cinderace|Cinderace, F|100/100
|turn|14
|
|t:|1760779086
|-terastallize|p1a: Venu Vidi Vici|Fire
|-terastallize|p2a: Cinderace|Ghost
|move|p1a: Venu Vidi Vici|Earth Power|p2a: Cinderace
|-damage|p2a: Cinderace|61/100
|-damage|p1a: Venu Vidi Vici|71/100|[from] item: Life Orb
|move|p2a: Cinderace|Pyro Ball|p1a: Venu Vidi Vici
|-resisted|p1a: Venu Vidi Vici
|-damage|p1a: Venu Vidi Vici|20/100
|
|-weather|SunnyDay|[upkeep]
|upkeep
|turn|15
|
|t:|1760779096
|move|p1a: Venu Vidi Vici|Weather Ball|p2a: Cinderace
|-damage|p2a: Cinderace|0 fnt
|faint|p2a: Cinderace
|-damage|p1a: Venu Vidi Vici|10/100|[from] item: Life Orb
|
|-weather|SunnyDay|[upkeep]
|upkeep
|
|t:|1760779109
|switch|p2a: Hatterene|Hatterene, F|100/100
|turn|16
|
|t:|1760779112
|move|p1a: Venu Vidi Vici|Weather Ball|p2a: Hatterene
|-damage|p2a: Hatterene|16/100
|-damage|p1a: Venu Vidi Vici|0 fnt|[from] item: Life Orb
|faint|p1a: Venu Vidi Vici
|move|p2a: Hatterene|Draining Kiss|p1: Venu Vidi Vici|[notarget]
|-fail|p2a: Hatterene
|
|-weather|SunnyDay|[upkeep]
|-fieldend|move: Psychic Terrain
|upkeep
|
|t:|1760779118
|switch|p1a: Dubya|Walking Wake|45/100
|-activate|p1a: Dubya|ability: Protosynthesis
|-start|p1a: Dubya|protosynthesisspa
|turn|17
|-message|mio3777 forfeited.
|
|win|151htyrneh
|raw|151htyrneh's rating: 1626 &rarr; <strong>1643</strong><br />(+17 for winning)
|raw|mio3777's rating: 1581 &rarr; <strong>1564</strong><br />(-17 for losing)
|l|☆mio3777
|player|p2|
|l|☆151htyrneh
|player|p1|
|j| xckljnhvbn
|l| xckljnhvbn
