|j|☆Log God Neo✈️_✈️
|j|☆Darkarrow
|t:|1760754033
|gametype|singles
|player|p1|Log God Neo✈️_✈️|medium|1575
|player|p2|Darkarrow|265|1585
|gen|9
|tier|[Gen 9] OU
|rated|
|rule|HP Percentage Mod: HP is shown in percentages
|rule|Endless Battle Clause: Forcing endless battles is banned
|rule|Species Clause: Limit one of each Pokémon
|rule|OHKO Clause: OHKO moves are banned
|rule|Evasion Items Clause: Evasion items are banned
|rule|Evasion Moves Clause: Evasion moves are banned
|rule|Evasion Abilities Clause: Evasion abilities are banned
|rule|Sleep Moves Clause: Sleep-inducing moves are banned
|clearpoke
|poke|p1|Tyranitar, F|
|poke|p1|Iron Moth|
|poke|p1|Staraptor, F|
|poke|p1|Garchomp, F|
|poke|p1|Torkoal, M|
|poke|p1|Dragonite, M|
|poke|p2|Ninetales-Alola, M|
|poke|p2|Darkrai|
|poke|p2|Ceruledge, F|
|poke|p2|Gliscor, M|
|poke|p2|Hatterene, F|
|poke|p2|Kommo-o, F|
|teampreview
|inactive|Battle timer is ON: inactive players will automatically lose when time's up. (requested by Log God Neo✈️_✈️)
|
|t:|1760754055
|teamsize|p1|6
|teamsize|p2|6
|start
|switch|p1a: VODECi IV|Iron Moth|100/100
|switch|p2a: Darkrai|Darkrai|100/100
|turn|1
|
|t:|1760754067
|move|p2a: Darkrai|Psyshock|p1a: VODECi IV
|-supereffective|p1a: VODECi IV
|-damage|p1a: VODECi IV|0 fnt
|faint|p1a: VODECi IV
|-end|p1a: VODECi IV|Quark Drive|[silent]
|
|upkeep
|
|t:|1760754071
|switch|p1a: DA LAST REX(3005)|Tyranitar, F|100/100
|-weather|Sandstorm|[from] ability: Sand Stream|[of] p1a: DA LAST REX(3005)
|turn|2
|
|t:|1760754075
|move|p2a: Darkrai|Focus Blast|p1a: DA LAST REX(3005)
|-supereffective|p1a: DA LAST REX(3005)
|-damage|p1a: DA LAST REX(3005)|53/100
|move|p1a: DA LAST REX(3005)|Knock Off|p2a: Darkrai
|-resisted|p2a: Darkrai
|-damage|p2a: Darkrai|70/100
|-enditem|p2a: Darkrai|Leftovers|[from] move: Knock Off|[of] p1a: DA LAST REX(3005)
|
|-weather|Sandstorm|[upkeep]
|-damage|p2a: Darkrai|64/100|[from] Sandstorm
|upkeep
|turn|3
|
|t:|1760754087
|switch|p2a: Hatterene|Hatterene, F|100/100
|move|p1a: DA LAST REX(3005)|Earthquake|p2a: Hatterene
|-damage|p2a: Hatterene|76/100
|
|-weather|Sandstorm|[upkeep]
|-damage|p2a: Hatterene|70/100|[from] Sandstorm
|-heal|p2a: Hatterene|76/100|[from] item: Leftovers
|upkeep
|turn|4
|
|t:|1760754093
|move|p1a: DA LAST REX(3005)|Knock Off|p2a: Hatterene
|-damage|p2a: Hatterene|39/100
|-enditem|p2a: Hatterene|Leftovers|[from] move: Knock Off|[of] p1a: DA LAST REX(3005)
|move|p2a: Hatterene|Draining Kiss|p1a: DA LAST REX(3005)
|-supereffective|p1a: DA LAST REX(3005)
|-damage|p1a: DA LAST REX(3005)|41/100
|-heal|p2a: Hatterene|51/100|[from] drain|[of] p1a: DA LAST REX(3005)
|
|-weather|Sandstorm|[upkeep]
|-damage|p2a: Hatterene|45/100|[from] Sandstorm
|upkeep
|turn|5
|
|t:|1760754097
|move|p1a: DA LAST REX(3005)|Heavy Slam|p2a: Hatterene
|-supereffective|p2a: Hatterene
|-damage|p2a: Hatterene|0 fnt
|faint|p2a: Hatterene
|
|-weather|Sandstorm|[upkeep]
|upkeep
|
|t:|1760754104
|switch|p2a: Darkrai|Darkrai|64/100
|turn|6
|
|t:|1760754109
|move|p2a: Darkrai|Focus Blast|p1a: DA LAST REX(3005)
|-supereffective|p1a: DA LAST REX(3005)
|-damage|p1a: DA LAST REX(3005)|0 fnt
|faint|p1a: DA LAST REX(3005)
|
|-weather|none
|upkeep
|
|t:|1760754114
|switch|p1a: BLITZ SOME OPPS|Garchomp, F|100/100
|turn|7
|
|t:|1760754123
|move|p2a: Darkrai|Dark Pulse|p1a: BLITZ SOME OPPS
|-damage|p1a: BLITZ SOME OPPS|61/100
|move|p1a: BLITZ SOME OPPS|Stealth Rock|p2a: Darkrai
|-sidestart|p2: Darkarrow|move: Stealth Rock
|
|upkeep
|turn|8
|
|t:|1760754131
|move|p2a: Darkrai|Dark Pulse|p1a: BLITZ SOME OPPS
|-damage|p1a: BLITZ SOME OPPS|20/100
|move|p1a: BLITZ SOME OPPS|Spikes|p2a: Darkrai
|-sidestart|p2: Darkarrow|Spikes
|
|upkeep
|turn|9
|
|t:|1760754136
|move|p2a: Darkrai|Dark Pulse|p1a: BLITZ SOME OPPS
|-damage|p1a: BLITZ SOME OPPS|0 fnt
|faint|p1a: BLITZ SOME OPPS
|
|upkeep
|
|t:|1760754142
|switch|p1a: FAT CHARIZARD|Dragonite, M, shiny|100/100
|turn|10
|
|t:|1760754151
|switch|p2a: Ninetales|Ninetales-Alola, M|100/100
|-damage|p2a: Ninetales|76/100|[from] Stealth Rock
|-damage|p2a: Ninetales|63/100|[from] Spikes
|-weather|Snowscape|[from] ability: Snow Warning|[of] p2a: Ninetales
|switch|p1a: OVO CHUBBS|Torkoal, M|100/100
|-weather|SunnyDay|[from] ability: Drought|[of] p1a: OVO CHUBBS
|
|-weather|SunnyDay|[upkeep]
|upkeep
|turn|11
|
|t:|1760754156
|switch|p2a: Darkrai|Darkrai|64/100
|-damage|p2a: Darkrai|51/100|[from] Stealth Rock
|-damage|p2a: Darkrai|39/100|[from] Spikes
|move|p1a: OVO CHUBBS|Lava Plume|p2a: Darkrai
|-damage|p2a: Darkrai|0 fnt
|faint|p2a: Darkrai
|
|-weather|SunnyDay|[upkeep]
|upkeep
|
|t:|1760754158
|switch|p2a: Ninetales|Ninetales-Alola, M|63/100
|-damage|p2a: Ninetales|38/100|[from] Stealth Rock
|-damage|p2a: Ninetales|26/100|[from] Spikes
|-weather|Snowscape|[from] ability: Snow Warning|[of] p2a: Ninetales
|turn|12
|
|t:|1760754161
|move|p2a: Ninetales|Aurora Veil|p2a: Ninetales
|-sidestart|p2: Darkarrow|move: Aurora Veil
|move|p1a: OVO CHUBBS|Lava Plume|p2a: Ninetales
|-supereffective|p2a: Ninetales
|-crit|p2a: Ninetales
|-damage|p2a: Ninetales|0 fnt
|faint|p2a: Ninetales
|
|-weather|Snowscape|[upkeep]
|upkeep
|
|t:|1760754171
|switch|p2a: Gliscor|Gliscor, M|100/100
|-damage|p2a: Gliscor|88/100|[from] Stealth Rock
|turn|13
|
|t:|1760754174
|move|p2a: Gliscor|Swords Dance|p2a: Gliscor
|-boost|p2a: Gliscor|atk|2
|move|p1a: OVO CHUBBS|Will-O-Wisp|p2a: Gliscor|[miss]
|-miss|p1a: OVO CHUBBS|p2a: Gliscor
|
|-weather|Snowscape|[upkeep]
|-status|p2a: Gliscor|tox|[from] item: Toxic Orb
|upkeep
|turn|14
|
|t:|1760754180
|move|p2a: Gliscor|Agility|p2a: Gliscor
|-boost|p2a: Gliscor|spe|2
|move|p1a: OVO CHUBBS|Clear Smog|p2a: Gliscor
|-resisted|p2a: Gliscor
|-damage|p2a: Gliscor|85/100 tox
|-clearboost|p2a: Gliscor
|
|-weather|Snowscape|[upkeep]
|-heal|p2a: Gliscor|98/100 tox|[from] ability: Poison Heal
|upkeep
|turn|15
|
|t:|1760754185
|move|p2a: Gliscor|Earthquake|p1a: OVO CHUBBS
|-supereffective|p1a: OVO CHUBBS
|-damage|p1a: OVO CHUBBS|66/100
|move|p1a: OVO CHUBBS|Clear Smog|p2a: Gliscor
|-resisted|p2a: Gliscor
|-damage|p2a: Gliscor|95/100 tox
|-clearboost|p2a: Gliscor
|
|-weather|Snowscape|[upkeep]
|-heal|p2a: Gliscor|100/100 tox|[from] ability: Poison Heal
|upkeep
|turn|16
|
|t:|1760754188
|move|p2a: Gliscor|Earthquake|p1a: OVO CHUBBS
|-supereffective|p1a: OVO CHUBBS
|-damage|p1a: OVO CHUBBS|25/100
|move|p1a: OVO CHUBBS|Clear Smog|p2a: Gliscor
|-resisted|p2a: Gliscor
|-damage|p2a: Gliscor|98/100 tox
|-clearboost|p2a: Gliscor
|
|-weather|none
|-heal|p2a: Gliscor|100/100 tox|[from] ability: Poison Heal
|upkeep
|turn|17
|
|t:|1760754191
|move|p2a: Gliscor|Earthquake|p1a: OVO CHUBBS
|-supereffective|p1a: OVO CHUBBS
|-damage|p1a: OVO CHUBBS|0 fnt
|faint|p1a: OVO CHUBBS
|
|upkeep
|
|t:|1760754199
|switch|p1a: FAT CHARIZARD|Dragonite, M, shiny|100/100
|turn|18
|
|t:|1760754201
|move|p2a: Gliscor|Agility|p2a: Gliscor
|-boost|p2a: Gliscor|spe|2
|move|p1a: FAT CHARIZARD|Dragon Dance|p1a: FAT CHARIZARD
|-boost|p1a: FAT CHARIZARD|atk|1
|-boost|p1a: FAT CHARIZARD|spe|1
|
|upkeep
|turn|19
|
|t:|1760754204
|move|p2a: Gliscor|Facade|p1a: FAT CHARIZARD
|-damage|p1a: FAT CHARIZARD|84/100
|move|p1a: FAT CHARIZARD|Dragon Dance|p1a: FAT CHARIZARD
|-boost|p1a: FAT CHARIZARD|atk|1
|-boost|p1a: FAT CHARIZARD|spe|1
|
|-sideend|p2: Darkarrow|move: Aurora Veil
|upkeep
|turn|20
|
|t:|1760754207
|move|p2a: Gliscor|Swords Dance|p2a: Gliscor
|-boost|p2a: Gliscor|atk|2
|move|p1a: FAT CHARIZARD|Dragon Dance|p1a: FAT CHARIZARD
|-boost|p1a: FAT CHARIZARD|atk|1
|-boost|p1a: FAT CHARIZARD|spe|1
|
|upkeep
|turn|21
|
|t:|1760754214
|-terastallize|p1a: FAT CHARIZARD|Fairy
|-terastallize|p2a: Gliscor|Normal
|move|p1a: FAT CHARIZARD|Tera Blast|p2a: Gliscor|[anim] Tera Blast Fairy
|-damage|p2a: Gliscor|2/100 tox
|move|p2a: Gliscor|Facade|p1a: FAT CHARIZARD
|-damage|p1a: FAT CHARIZARD|0 fnt
|faint|p1a: FAT CHARIZARD
|
|-heal|p2a: Gliscor|15/100 tox|[from] ability: Poison Heal
|upkeep
|
|t:|1760754219
|switch|p1a: BIRD JESUS|Staraptor, F, shiny|100/100
|turn|22
|
|t:|1760754222
|move|p2a: Gliscor|Facade|p1a: BIRD JESUS
|-damage|p1a: BIRD JESUS|0 fnt
|faint|p1a: BIRD JESUS
|
|win|Darkarrow
|raw|Log God Neo✈️_✈️'s rating: 1575 &rarr; <strong>1556</strong><br />(-19 for losing)
|raw|Darkarrow's rating: 1585 &rarr; <strong>1604</strong><br />(+19 for winning)
|l|☆Log God Neo✈️_✈️
|player|p1|
|l|☆Darkarrow
|player|p2|
