|j|☆VaporeonUser
|j|☆ho3nconfirm3d
|t:|1760877424
|gametype|singles
|player|p1|VaporeonUser|volkner|1727
|player|p2|ho3nconfirm3d|#scl5shoguns|1710
|gen|9
|tier|[Gen 9] OU
|rated|
|rule|HP Percentage Mod: HP is shown in percentages
|rule|Endless Battle Clause: Forcing endless battles is banned
|rule|Species Clause: Limit one of each Pokémon
|rule|OHKO Clause: OHKO moves are banned
|rule|Evasion Items Clause: Evasion items are banned
|rule|Evasion Moves Clause: Evasion moves are banned
|rule|Evasion Abilities Clause: Evasion abilities are banned
|rule|Sleep Moves Clause: Sleep-inducing moves are banned
|clearpoke
|poke|p1|Gholdengo|
|poke|p1|Dragonite, M|
|poke|p1|Raging Bolt|
|poke|p1|Great Tusk|
|poke|p1|Iron Valiant|
|poke|p1|Ting-Lu|
|poke|p2|Venusaur, M|
|poke|p2|Hatterene, F|
|poke|p2|Alomomola, F|
|poke|p2|Great Tusk|
|poke|p2|Weavile, F|
|poke|p2|Dragonite, F|
|teampreview
|inactive|Battle timer is ON: inactive players will automatically lose when time's up. (requested by ho3nconfirm3d)
|j| bloodhound q50
|inactive|VaporeonUser has 120 seconds left.
|c|☆VaporeonUser|hey
|c|☆VaporeonUser|are you that nu guy?
|
|t:|1760877476
|teamsize|p1|6
|teamsize|p2|6
|start
|switch|p1a: Great Neck|Raging Bolt|100/100
|switch|p2a: Venusaur|Venusaur, M|100/100
|turn|1
|c|☆ho3nconfirm3d|Im a lot of guys
|
|t:|1760877491
|move|p2a: Venusaur|Knock Off|p1a: Great Neck
|-damage|p1a: Great Neck|86/100
|-enditem|p1a: Great Neck|Choice Specs|[from] move: Knock Off|[of] p2a: Venusaur
|move|p1a: Great Neck|Draco Meteor|p2a: Venusaur
|-damage|p2a: Venusaur|27/100
|-unboost|p1a: Great Neck|spa|2
|
|-heal|p2a: Venusaur|34/100|[from] item: Leftovers
|upkeep
|turn|2
|
|t:|1760877500
|move|p2a: Venusaur|Synthesis|p2a: Venusaur
|-heal|p2a: Venusaur|83/100
|move|p1a: Great Neck|Volt Switch|p2a: Venusaur
|-resisted|p2a: Venusaur
|-damage|p2a: Venusaur|74/100
|c| bloodhound q50|uhh.. Sun team with no sun?
|inactive|VaporeonUser has 120 seconds left.
|
|t:|1760877552
|-end|p1a: Great Neck|Protosynthesis|[silent]
|switch|p1a: Iron Valiant|Iron Valiant|100/100|[from] Volt Switch
|-enditem|p1a: Iron Valiant|Booster Energy
|-activate|p1a: Iron Valiant|ability: Quark Drive|[fromitem]
|-start|p1a: Iron Valiant|quarkdrivespe
|
|-heal|p2a: Venusaur|80/100|[from] item: Leftovers
|upkeep
|turn|3
|
|t:|1760877559
|move|p1a: Iron Valiant|Encore|p2a: Venusaur
|-start|p2a: Venusaur|Encore
|move|p2a: Venusaur|Synthesis|p2a: Venusaur
|-heal|p2a: Venusaur|100/100
|
|upkeep
|turn|4
|inactive|VaporeonUser has 120 seconds left.
|
|t:|1760877565
|-end|p1a: Iron Valiant|Quark Drive|[silent]
|switch|p1a: Gholdengo|Gholdengo|100/100
|switch|p2a: Hatterene|Hatterene, F|100/100
|
|upkeep
|turn|5
|
|t:|1760877569
|switch|p2a: Alomomola|Alomomola, F|100/100
|move|p1a: Gholdengo|Make It Rain|p2a: Alomomola
|-resisted|p2a: Alomomola
|-damage|p2a: Alomomola|75/100
|-unboost|p1a: Gholdengo|spa|1
|
|upkeep
|turn|6
|
|t:|1760877572
|switch|p1a: Great Neck|Raging Bolt|86/100
|move|p2a: Alomomola|Flip Turn|p1a: Great Neck
|-resisted|p1a: Great Neck
|-damage|p1a: Great Neck|80/100
|
|t:|1760877574
|switch|p2a: Great Tusk|Great Tusk|100/100|[from] Flip Turn
|
|upkeep
|turn|7
|
|t:|1760877592
|-end|p2a: Great Tusk|Protosynthesis|[silent]
|switch|p2a: Alomomola|Alomomola, F|100/100
|-end|p1a: Great Neck|Protosynthesis|[silent]
|switch|p1a: Ting-Lu|Ting-Lu|100/100
|-ability|p1a: Ting-Lu|Vessel of Ruin
|
|upkeep
|turn|8
|
|t:|1760877598
|switch|p1a: Gholdengo|Gholdengo|100/100
|switch|p2a: Hatterene|Hatterene, F|100/100
|
|upkeep
|turn|9
|
|t:|1760877603
|switch|p2a: Alomomola|Alomomola, F|100/100
|move|p1a: Gholdengo|Thunderbolt|p2a: Alomomola
|-supereffective|p2a: Alomomola
|-damage|p2a: Alomomola|47/100
|
|upkeep
|turn|10
|c| bloodhound q50|ooh gotem
|
|t:|1760877615
|switch|p1a: Ting-Lu|Ting-Lu|100/100
|-ability|p1a: Ting-Lu|Vessel of Ruin
|switch|p2a: Weavile|Weavile, F|100/100
|-ability|p2a: Weavile|Pressure
|
|upkeep
|turn|11
|
|t:|1760877629
|-terastallize|p1a: Ting-Lu|Water
|move|p2a: Weavile|Triple Axel|p1a: Ting-Lu
|-resisted|p1a: Ting-Lu
|-damage|p1a: Ting-Lu|97/100
|-resisted|p1a: Ting-Lu
|-damage|p1a: Ting-Lu|89/100
|-hitcount|p1a: Ting-Lu|2
|move|p1a: Ting-Lu|Earthquake|p2a: Weavile
|-damage|p2a: Weavile|34/100
|
|-heal|p1a: Ting-Lu|95/100|[from] item: Leftovers
|upkeep
|turn|12
|j| lord shiddenfards
|
|t:|1760877640
|switch|p2a: Hatterene|Hatterene, F|100/100
|move|p1a: Ting-Lu|Earthquake|p2a: Hatterene
|-damage|p2a: Hatterene|69/100
|
|-heal|p1a: Ting-Lu|100/100|[from] item: Leftovers
|upkeep
|turn|13
|
|t:|1760877645
|move|p1a: Ting-Lu|Ruination|p2a: Hatterene
|-damage|p2a: Hatterene|35/100
|move|p2a: Hatterene|Nuzzle|p1a: Ting-Lu
|-supereffective|p1a: Ting-Lu
|-damage|p1a: Ting-Lu|97/100
|-status|p1a: Ting-Lu|par
|
|-heal|p1a: Ting-Lu|100/100 par|[from] item: Leftovers
|upkeep
|turn|14
|
|t:|1760877650
|switch|p1a: Gholdengo|Gholdengo|100/100
|move|p2a: Hatterene|Pain Split|p1a: Gholdengo
|-immune|p1a: Gholdengo|[from] ability: Good as Gold
|
|upkeep
|turn|15
|
|t:|1760877656
|switch|p2a: Great Tusk|Great Tusk|100/100
|move|p1a: Gholdengo|Shadow Ball|p2a: Great Tusk
|-damage|p2a: Great Tusk|0 fnt
|faint|p2a: Great Tusk
|-end|p2a: Great Tusk|Protosynthesis|[silent]
|
|upkeep
|
|t:|1760877663
|switch|p2a: Dragonite|Dragonite, F|100/100
|turn|16
|c| bloodhound q50|sheesh this guys slick
|
|t:|1760877667
|switch|p1a: Great Tusk|Great Tusk|100/100
|move|p2a: Dragonite|Dragon Dance|p2a: Dragonite
|-boost|p2a: Dragonite|atk|1
|-boost|p2a: Dragonite|spe|1
|
|upkeep
|turn|17
|j| paola bracho
|
|t:|1760877676
|-terastallize|p2a: Dragonite|Fairy
|move|p2a: Dragonite|Dragon Dance|p2a: Dragonite
|-boost|p2a: Dragonite|atk|1
|-boost|p2a: Dragonite|spe|1
|move|p1a: Great Tusk|Rapid Spin|p2a: Dragonite
|-crit|p2a: Dragonite
|-damage|p2a: Dragonite|83/100
|-boost|p1a: Great Tusk|spe|1
|
|-heal|p2a: Dragonite|90/100|[from] item: Leftovers
|upkeep
|turn|18
|
|t:|1760877685
|move|p2a: Dragonite|Tera Blast|p1a: Great Tusk|[anim] Tera Blast Fairy
|-supereffective|p1a: Great Tusk
|-damage|p1a: Great Tusk|3/100
|move|p1a: Great Tusk|Headlong Rush|p2a: Dragonite
|-damage|p2a: Dragonite|13/100
|-unboost|p1a: Great Tusk|def|1
|-unboost|p1a: Great Tusk|spd|1
|
|-heal|p2a: Dragonite|19/100|[from] item: Leftovers
|upkeep
|turn|19
|
|t:|1760877688
|move|p2a: Dragonite|Tera Blast|p1a: Great Tusk|[anim] Tera Blast Fairy
|-supereffective|p1a: Great Tusk
|-damage|p1a: Great Tusk|0 fnt
|faint|p1a: Great Tusk
|-end|p1a: Great Tusk|Protosynthesis|[silent]
|
|-heal|p2a: Dragonite|26/100|[from] item: Leftovers
|upkeep
|
|t:|1760877690
|switch|p1a: Dragonite|Dragonite, M|100/100
|turn|20
|
|t:|1760877701
|switch|p2a: Hatterene|Hatterene, F|35/100
|move|p1a: Dragonite|Extreme Speed|p2a: Hatterene
|-damage|p2a: Hatterene|10/100
|-damage|p1a: Dragonite|84/100|[from] item: Rocky Helmet|[of] p2a: Hatterene
|
|upkeep
|turn|21
|
|t:|1760877707
|move|p1a: Dragonite|Earthquake|p2a: Hatterene
|-damage|p2a: Hatterene|0 fnt
|faint|p2a: Hatterene
|
|upkeep
|
|t:|1760877711
|switch|p2a: Alomomola|Alomomola, F|81/100
|turn|22
|
|t:|1760877716
|switch|p1a: Great Neck|Raging Bolt|80/100
|move|p2a: Alomomola|Scald|p1a: Great Neck
|-resisted|p1a: Great Neck
|-damage|p1a: Great Neck|74/100
|
|upkeep
|turn|23
|
|t:|1760877719
|move|p1a: Great Neck|Volt Switch|p2a: Alomomola
|-supereffective|p2a: Alomomola
|-damage|p2a: Alomomola|42/100
|
|t:|1760877724
|-end|p1a: Great Neck|Protosynthesis|[silent]
|switch|p1a: Ting-Lu|Ting-Lu, tera:Water|100/100 par|[from] Volt Switch
|-ability|p1a: Ting-Lu|Vessel of Ruin
|move|p2a: Alomomola|Mirror Coat|p1a: Ting-Lu
|-damage|p1a: Ting-Lu|20/100 par
|
|-heal|p1a: Ting-Lu|27/100 par|[from] item: Leftovers
|upkeep
|turn|24
|
|t:|1760877731
|move|p2a: Alomomola|Flip Turn|p1a: Ting-Lu
|-resisted|p1a: Ting-Lu
|-damage|p1a: Ting-Lu|22/100 par
|
|t:|1760877733
|switch|p2a: Venusaur|Venusaur, M|100/100|[from] Flip Turn
|move|p1a: Ting-Lu|Earthquake|p2a: Venusaur
|-damage|p2a: Venusaur|72/100
|
|-heal|p2a: Venusaur|78/100|[from] item: Leftovers
|-heal|p1a: Ting-Lu|29/100 par|[from] item: Leftovers
|upkeep
|turn|25
|j| Scoob252525
|
|t:|1760877739
|switch|p1a: Gholdengo|Gholdengo|100/100
|move|p2a: Venusaur|Giga Drain|p1a: Gholdengo
|-resisted|p1a: Gholdengo
|-damage|p1a: Gholdengo|86/100
|-heal|p2a: Venusaur|84/100|[from] drain|[of] p1a: Gholdengo
|
|-heal|p2a: Venusaur|90/100|[from] item: Leftovers
|upkeep
|turn|26
|
|t:|1760877745
|switch|p2a: Alomomola|Alomomola, F|75/100
|move|p1a: Gholdengo|Trick|p2a: Alomomola
|-activate|p1a: Gholdengo|move: Trick|[of] p2a: Alomomola
|-item|p2a: Alomomola|Choice Specs|[from] move: Trick
|-item|p1a: Gholdengo|Assault Vest|[from] move: Trick
|
|upkeep
|turn|27
|
|t:|1760877758
|switch|p1a: Great Neck|Raging Bolt|74/100
|move|p2a: Alomomola|Flip Turn|p1a: Great Neck
|-resisted|p1a: Great Neck
|-crit|p1a: Great Neck
|-damage|p1a: Great Neck|65/100
|
|t:|1760877764
|switch|p2a: Dragonite|Dragonite, F, tera:Fairy|26/100|[from] Flip Turn
|
|-heal|p2a: Dragonite|32/100|[from] item: Leftovers
|upkeep
|turn|28
|
|t:|1760877783
|switch|p2a: Venusaur|Venusaur, M|90/100
|move|p1a: Great Neck|Thunderbolt|p2a: Venusaur
|-resisted|p2a: Venusaur
|-damage|p2a: Venusaur|67/100
|
|-heal|p2a: Venusaur|73/100|[from] item: Leftovers
|upkeep
|turn|29
|
|t:|1760877790
|move|p2a: Venusaur|Sludge Bomb|p1a: Great Neck
|-damage|p1a: Great Neck|39/100
|move|p1a: Great Neck|Volt Switch|p2a: Venusaur
|-resisted|p2a: Venusaur
|-damage|p2a: Venusaur|53/100
|
|t:|1760877796
|-end|p1a: Great Neck|Protosynthesis|[silent]
|switch|p1a: Gholdengo|Gholdengo|86/100|[from] Volt Switch
|
|-heal|p2a: Venusaur|59/100|[from] item: Leftovers
|upkeep
|turn|30
|
|t:|1760877799
|move|p1a: Gholdengo|Shadow Ball|p2a: Venusaur
|-damage|p2a: Venusaur|14/100
|move|p2a: Venusaur|Synthesis|p2a: Venusaur
|-heal|p2a: Venusaur|64/100
|
|-heal|p2a: Venusaur|70/100|[from] item: Leftovers
|upkeep
|turn|31
|
|t:|1760877803
|switch|p2a: Alomomola|Alomomola, F|100/100
|move|p1a: Gholdengo|Shadow Ball|p2a: Alomomola
|-damage|p2a: Alomomola|68/100
|
|upkeep
|turn|32
|
|t:|1760877808
|move|p1a: Gholdengo|Thunderbolt|p2a: Alomomola
|-supereffective|p2a: Alomomola
|-damage|p2a: Alomomola|21/100
|move|p2a: Alomomola|Flip Turn|p1a: Gholdengo
|-damage|p1a: Gholdengo|68/100
|
|t:|1760877810
|switch|p2a: Weavile|Weavile, F|34/100|[from] Flip Turn
|-ability|p2a: Weavile|Pressure
|
|upkeep
|turn|33
|
|t:|1760877817
|switch|p1a: Ting-Lu|Ting-Lu, tera:Water|29/100 par
|-ability|p1a: Ting-Lu|Vessel of Ruin
|move|p2a: Weavile|Triple Axel|p1a: Ting-Lu
|-resisted|p1a: Ting-Lu
|-damage|p1a: Ting-Lu|25/100 par
|-resisted|p1a: Ting-Lu
|-damage|p1a: Ting-Lu|18/100 par
|-hitcount|p1a: Ting-Lu|2
|
|-heal|p1a: Ting-Lu|24/100 par|[from] item: Leftovers
|upkeep
|turn|34
|
|t:|1760877826
|move|p2a: Weavile|Triple Axel|p1a: Ting-Lu
|-resisted|p1a: Ting-Lu
|-damage|p1a: Ting-Lu|20/100 par
|-hitcount|p1a: Ting-Lu|1
|move|p1a: Ting-Lu|Earthquake|p2a: Weavile
|-damage|p2a: Weavile|0 fnt
|faint|p2a: Weavile
|
|-heal|p1a: Ting-Lu|26/100 par|[from] item: Leftovers
|upkeep
|c|☆VaporeonUser|mb
|
|t:|1760877832
|switch|p2a: Dragonite|Dragonite, F, tera:Fairy|32/100
|turn|35
|
|t:|1760877835
|move|p2a: Dragonite|Dragon Dance|p2a: Dragonite
|-boost|p2a: Dragonite|atk|1
|-boost|p2a: Dragonite|spe|1
|move|p1a: Ting-Lu|Whirlwind|p2a: Dragonite
|drag|p2a: Alomomola|Alomomola, F|54/100
|
|-heal|p1a: Ting-Lu|32/100 par|[from] item: Leftovers
|upkeep
|turn|36
|
|t:|1760877841
|switch|p2a: Dragonite|Dragonite, F, tera:Fairy|32/100
|cant|p1a: Ting-Lu|par
|
|-heal|p2a: Dragonite|38/100|[from] item: Leftovers
|-heal|p1a: Ting-Lu|38/100 par|[from] item: Leftovers
|upkeep
|turn|37
|l| lord shiddenfards
|
|t:|1760877857
|move|p2a: Dragonite|Encore|p1a: Ting-Lu
|-start|p1a: Ting-Lu|Encore
|move|p1a: Ting-Lu|Whirlwind|p2a: Dragonite
|drag|p2a: Alomomola|Alomomola, F|87/100
|
|-heal|p1a: Ting-Lu|45/100 par|[from] item: Leftovers
|upkeep
|turn|38
|
|t:|1760877865
|switch|p1a: Great Neck|Raging Bolt|39/100
|move|p2a: Alomomola|Scald|p1a: Great Neck
|-resisted|p1a: Great Neck
|-damage|p1a: Great Neck|30/100
|
|upkeep
|turn|39
|
|t:|1760877871
|switch|p2a: Venusaur|Venusaur, M|70/100
|move|p1a: Great Neck|Volt Switch|p2a: Venusaur
|-resisted|p2a: Venusaur
|-damage|p2a: Venusaur|51/100
|
|t:|1760877874
|-end|p1a: Great Neck|Protosynthesis|[silent]
|switch|p1a: Gholdengo|Gholdengo|68/100|[from] Volt Switch
|
|-heal|p2a: Venusaur|57/100|[from] item: Leftovers
|upkeep
|turn|40
|
|t:|1760877878
|switch|p2a: Alomomola|Alomomola, F|100/100
|move|p1a: Gholdengo|Shadow Ball|p2a: Alomomola
|-damage|p2a: Alomomola|67/100
|
|upkeep
|turn|41
|
|t:|1760877886
|move|p1a: Gholdengo|Thunderbolt|p2a: Alomomola
|-supereffective|p2a: Alomomola
|-damage|p2a: Alomomola|15/100
|move|p2a: Alomomola|Flip Turn|p1a: Gholdengo
|-damage|p1a: Gholdengo|47/100
|
|t:|1760877890
|switch|p2a: Dragonite|Dragonite, F, tera:Fairy|38/100|[from] Flip Turn
|
|-heal|p2a: Dragonite|44/100|[from] item: Leftovers
|upkeep
|turn|42
|
|t:|1760877902
|switch|p1a: Iron Valiant|Iron Valiant|100/100
|move|p2a: Dragonite|Earthquake|p1a: Iron Valiant
|-damage|p1a: Iron Valiant|58/100
|
|-heal|p2a: Dragonite|50/100|[from] item: Leftovers
|upkeep
|turn|43
|
|t:|1760877911
|move|p1a: Iron Valiant|Shadow Ball|p2a: Dragonite
|-damage|p2a: Dragonite|20/100
|move|p2a: Dragonite|Dragon Dance|p2a: Dragonite
|-boost|p2a: Dragonite|atk|1
|-boost|p2a: Dragonite|spe|1
|
|-heal|p2a: Dragonite|26/100|[from] item: Leftovers
|upkeep
|turn|44
|
|t:|1760877914
|move|p2a: Dragonite|Tera Blast|p1a: Iron Valiant|[anim] Tera Blast Fairy
|-supereffective|p1a: Iron Valiant
|-damage|p1a: Iron Valiant|0 fnt
|faint|p1a: Iron Valiant
|-end|p1a: Iron Valiant|Quark Drive|[silent]
|
|-heal|p2a: Dragonite|32/100|[from] item: Leftovers
|upkeep
|
|t:|1760877915
|switch|p1a: Dragonite|Dragonite, M|84/100
|turn|45
|
|t:|1760877919
|move|p1a: Dragonite|Extreme Speed|p2a: Dragonite
|-damage|p2a: Dragonite|0 fnt
|faint|p2a: Dragonite
|
|upkeep
|-message|ho3nconfirm3d forfeited.
|
|win|VaporeonUser
|raw|VaporeonUser's rating: 1727 &rarr; <strong>1746</strong><br />(+19 for winning)
|raw|ho3nconfirm3d's rating: 1710 &rarr; <strong>1691</strong><br />(-19 for losing)
|l|☆ho3nconfirm3d
|player|p2|
|c|☆VaporeonUser|ggs man
|l|☆VaporeonUser
|player|p1|
|l| paola bracho
|l| bloodhound q50
