|j|☆arpansar
|j|☆I0I7peng
|t:|1760871498
|gametype|singles
|player|p1|arpansar|idol|1258
|player|p2|I0I7peng|serena-masters3|1380
|gen|9
|tier|[Gen 9] OU
|rated|
|rule|HP Percentage Mod: HP is shown in percentages
|rule|Endless Battle Clause: Forcing endless battles is banned
|rule|Species Clause: Limit one of each Pokémon
|rule|OHKO Clause: OHKO moves are banned
|rule|Evasion Items Clause: Evasion items are banned
|rule|Evasion Moves Clause: Evasion moves are banned
|rule|Evasion Abilities Clause: Evasion abilities are banned
|rule|Sleep Moves Clause: Sleep-inducing moves are banned
|clearpoke
|poke|p1|Brambleghast, F|
|poke|p1|Golem, M|
|poke|p1|Bronzong|
|poke|p1|Tentacruel, F|
|poke|p1|Incineroar, F|
|poke|p1|Galvantula, F|
|poke|p2|Landorus-Therian, M|
|poke|p2|Cinderace, F|
|poke|p2|Alomomola, M|
|poke|p2|Zapdos|
|poke|p2|Slowking-Galar, F|
|poke|p2|Iron Valiant|
|teampreview
|inactive|Battle timer is ON: inactive players will automatically lose when time's up. (requested by I0I7peng)
|
|t:|1760871517
|teamsize|p1|6
|teamsize|p2|6
|start
|switch|p1a: Tentacruel|Tentacruel, F|100/100
|switch|p2a: Landorus|Landorus-Therian, M|100/100
|-ability|p2a: Landorus|Intimidate|boost
|-fail|p1a: Tentacruel|unboost|[from] ability: Clear Body|[of] p1a: Tentacruel
|turn|1
|
|t:|1760871523
|move|p2a: Landorus|U-turn|p1a: Tentacruel
|-resisted|p1a: Tentacruel
|-damage|p1a: Tentacruel|82/100
|
|t:|1760871528
|switch|p2a: Slowking|Slowking-Galar, F|100/100|[from] U-turn
|move|p1a: Tentacruel|Flip Turn|p2a: Slowking
|-damage|p2a: Slowking|84/100
|
|t:|1760871533
|switch|p1a: Incineroar|Incineroar, F|100/100|[from] Flip Turn
|-ability|p1a: Incineroar|Intimidate|boost
|-unboost|p2a: Slowking|atk|1
|
|upkeep
|turn|2
|
|t:|1760871538
|switch|p2a: Alomomola|Alomomola, M|100/100
|move|p1a: Incineroar|Knock Off|p2a: Alomomola
|-damage|p2a: Alomomola|74/100
|-enditem|p2a: Alomomola|Assault Vest|[from] move: Knock Off|[of] p1a: Incineroar
|
|upkeep
|turn|3
|
|t:|1760871554
|move|p1a: Incineroar|Parting Shot|p2a: Alomomola
|-unboost|p2a: Alomomola|atk|1
|-unboost|p2a: Alomomola|spa|1
|
|t:|1760871562
|switch|p1a: Brambleghast|Brambleghast, F|100/100|[from] Parting Shot
|move|p2a: Alomomola|Flip Turn|p1a: Brambleghast
|-resisted|p1a: Brambleghast
|-damage|p1a: Brambleghast|92/100
|
|t:|1760871573
|switch|p2a: Cinderace|Cinderace, F|100/100|[from] Flip Turn
|
|-heal|p1a: Brambleghast|98/100|[from] item: Leftovers
|upkeep
|turn|4
|
|t:|1760871586
|switch|p1a: Golem|Golem, M|100/100
|move|p2a: Cinderace|Will-O-Wisp|p1a: Golem
|-status|p1a: Golem|brn
|
|-damage|p1a: Golem|94/100 brn|[from] brn
|upkeep
|turn|5
|
|t:|1760871591
|move|p2a: Cinderace|U-turn|p1a: Golem
|-damage|p1a: Golem|79/100 brn
|
|t:|1760871594
|switch|p2a: Alomomola|Alomomola, M|100/100|[from] U-turn
|move|p1a: Golem|Stealth Rock|p2a: Alomomola
|-sidestart|p2: I0I7peng|move: Stealth Rock
|
|-damage|p1a: Golem|73/100 brn|[from] brn
|upkeep
|turn|6
|
|t:|1760871601
|switch|p1a: Brambleghast|Brambleghast, F|98/100
|move|p2a: Alomomola|Flip Turn|p1a: Brambleghast
|-resisted|p1a: Brambleghast
|-damage|p1a: Brambleghast|87/100
|
|t:|1760871603
|switch|p2a: Cinderace|Cinderace, F|100/100|[from] Flip Turn
|
|-heal|p1a: Brambleghast|93/100|[from] item: Leftovers
|upkeep
|turn|7
|
|t:|1760871614
|move|p2a: Cinderace|Court Change|p2a: Cinderace
|-swapsideconditions
|-activate|p2a: Cinderace|move: Court Change
|move|p1a: Brambleghast|Leech Seed|p2a: Cinderace
|-start|p2a: Cinderace|move: Leech Seed
|
|-heal|p1a: Brambleghast|99/100|[from] item: Leftovers
|-damage|p2a: Cinderace|88/100|[from] Leech Seed|[of] p1a: Brambleghast
|-heal|p1a: Brambleghast|100/100|[silent]
|upkeep
|turn|8
|
|t:|1760871626
|move|p2a: Cinderace|U-turn|p1a: Brambleghast
|-damage|p1a: Brambleghast|74/100
|
|t:|1760871629
|switch|p2a: Zapdos|Zapdos|100/100|[from] U-turn
|move|p1a: Brambleghast|Substitute|p1a: Brambleghast
|-start|p1a: Brambleghast|Substitute
|-damage|p1a: Brambleghast|50/100
|
|-heal|p1a: Brambleghast|56/100|[from] item: Leftovers
|upkeep
|turn|9
|
|t:|1760871634
|move|p1a: Brambleghast|Leech Seed|p2a: Zapdos
|-start|p2a: Zapdos|move: Leech Seed
|move|p2a: Zapdos|Hurricane|p1a: Brambleghast
|-supereffective|p1a: Brambleghast
|-end|p1a: Brambleghast|Substitute
|
|-heal|p1a: Brambleghast|62/100|[from] item: Leftovers
|-damage|p2a: Zapdos|88/100|[from] Leech Seed|[of] p1a: Brambleghast
|-heal|p1a: Brambleghast|77/100|[silent]
|upkeep
|turn|10
|
|t:|1760871641
|move|p1a: Brambleghast|Substitute|p1a: Brambleghast
|-start|p1a: Brambleghast|Substitute
|-damage|p1a: Brambleghast|52/100
|move|p2a: Zapdos|Volt Switch|p1a: Brambleghast
|-resisted|p1a: Brambleghast
|-activate|p1a: Brambleghast|move: Substitute|[damage]
|
|t:|1760871652
|switch|p2a: Slowking|Slowking-Galar, F|100/100|[from] Volt Switch
|
|-heal|p1a: Brambleghast|58/100|[from] item: Leftovers
|upkeep
|turn|11
|
|t:|1760871663
|move|p1a: Brambleghast|Poltergeist|p2a: Slowking|[miss]
|-miss|p1a: Brambleghast|p2a: Slowking
|move|p2a: Slowking|Sludge Bomb|p1a: Brambleghast
|-end|p1a: Brambleghast|Substitute
|
|-heal|p1a: Brambleghast|64/100|[from] item: Leftovers
|upkeep
|turn|12
|
|t:|1760871675
|move|p1a: Brambleghast|Substitute|p1a: Brambleghast
|-start|p1a: Brambleghast|Substitute
|-damage|p1a: Brambleghast|39/100
|move|p2a: Slowking|Sludge Bomb|p1a: Brambleghast
|-end|p1a: Brambleghast|Substitute
|
|-heal|p1a: Brambleghast|45/100|[from] item: Leftovers
|upkeep
|turn|13
|
|t:|1760871679
|move|p1a: Brambleghast|Poltergeist|p2a: Slowking
|-activate|p2a: Slowking|move: Poltergeist|Shuca Berry
|-supereffective|p2a: Slowking
|-damage|p2a: Slowking|17/100
|move|p2a: Slowking|Sludge Bomb|p1a: Brambleghast
|-damage|p1a: Brambleghast|0 fnt
|faint|p1a: Brambleghast
|
|upkeep
|
|t:|1760871686
|switch|p1a: Golem|Golem, M|73/100 brn
|-damage|p1a: Golem|67/100 brn|[from] Stealth Rock
|turn|14
|
|t:|1760871690
|switch|p2a: Alomomola|Alomomola, M|100/100
|move|p1a: Golem|Stealth Rock|p2a: Alomomola
|-sidestart|p2: I0I7peng|move: Stealth Rock
|
|-damage|p1a: Golem|61/100 brn|[from] brn
|upkeep
|turn|15
|
|t:|1760871717
|switch|p1a: Tentacruel|Tentacruel, F|82/100
|-damage|p1a: Tentacruel|69/100|[from] Stealth Rock
|move|p2a: Alomomola|Flip Turn|p1a: Tentacruel
|-resisted|p1a: Tentacruel
|-damage|p1a: Tentacruel|60/100
|
|t:|1760871722
|switch|p2a: Zapdos|Zapdos|88/100|[from] Flip Turn
|-damage|p2a: Zapdos|63/100|[from] Stealth Rock
|
|upkeep
|turn|16
|
|t:|1760871729
|switch|p1a: Golem|Golem, M|61/100 brn
|-damage|p1a: Golem|55/100 brn|[from] Stealth Rock
|move|p2a: Zapdos|Discharge|p1a: Golem
|-immune|p1a: Golem
|
|-damage|p1a: Golem|49/100 brn|[from] brn
|upkeep
|turn|17
|
|t:|1760871740
|switch|p2a: Alomomola|Alomomola, M|100/100
|-damage|p2a: Alomomola|88/100|[from] Stealth Rock
|move|p1a: Golem|Explosion|p2a: Alomomola
|-damage|p2a: Alomomola|52/100
|faint|p1a: Golem
|
|upkeep
|
|t:|1760871744
|switch|p1a: Galvantula|Galvantula, F|100/100
|-damage|p1a: Galvantula|76/100|[from] Stealth Rock
|turn|18
|
|t:|1760871749
|switch|p2a: Landorus|Landorus-Therian, M|100/100
|-damage|p2a: Landorus|88/100|[from] Stealth Rock
|-ability|p2a: Landorus|Intimidate|boost
|-unboost|p1a: Galvantula|atk|1
|move|p1a: Galvantula|Sticky Web|p2a: Landorus
|-sidestart|p2: I0I7peng|move: Sticky Web
|
|upkeep
|turn|19
|
|t:|1760871754
|switch|p1a: Bronzong|Bronzong|100/100
|-damage|p1a: Bronzong|94/100|[from] Stealth Rock
|move|p2a: Landorus|Stone Edge|p1a: Bronzong
|-resisted|p1a: Bronzong
|-damage|p1a: Bronzong|80/100
|
|-heal|p1a: Bronzong|86/100|[from] item: Leftovers
|upkeep
|turn|20
|
|t:|1760871774
|switch|p2a: Alomomola|Alomomola, M|85/100
|-damage|p2a: Alomomola|73/100|[from] Stealth Rock
|-activate|p2a: Alomomola|move: Sticky Web
|-unboost|p2a: Alomomola|spe|1
|switch|p1a: Tentacruel|Tentacruel, F|60/100
|-damage|p1a: Tentacruel|47/100|[from] Stealth Rock
|
|upkeep
|turn|21
|
|t:|1760871780
|switch|p2a: Slowking|Slowking-Galar, F|50/100
|-damage|p2a: Slowking|37/100|[from] Stealth Rock
|-activate|p2a: Slowking|move: Sticky Web
|-unboost|p2a: Slowking|spe|1
|move|p1a: Tentacruel|Flip Turn|p2a: Slowking
|-damage|p2a: Slowking|21/100
|
|t:|1760871785
|switch|p1a: Incineroar|Incineroar, F|100/100|[from] Flip Turn
|-ability|p1a: Incineroar|Intimidate|boost
|-unboost|p2a: Slowking|atk|1
|
|upkeep
|turn|22
|
|t:|1760871789
|switch|p2a: Alomomola|Alomomola, M|100/100
|-damage|p2a: Alomomola|88/100|[from] Stealth Rock
|-activate|p2a: Alomomola|move: Sticky Web
|-unboost|p2a: Alomomola|spe|1
|move|p1a: Incineroar|Parting Shot|p2a: Alomomola
|-unboost|p2a: Alomomola|atk|1
|-unboost|p2a: Alomomola|spa|1
|
|t:|1760871793
|switch|p1a: Galvantula|Galvantula, F|76/100|[from] Parting Shot
|-damage|p1a: Galvantula|51/100|[from] Stealth Rock
|
|upkeep
|turn|23
|
|t:|1760871801
|switch|p1a: Tentacruel|Tentacruel, F|47/100
|-damage|p1a: Tentacruel|35/100|[from] Stealth Rock
|move|p2a: Alomomola|Flip Turn|p1a: Tentacruel
|-resisted|p1a: Tentacruel
|-damage|p1a: Tentacruel|27/100
|
|t:|1760871814
|switch|p2a: Landorus|Landorus-Therian, M|88/100|[from] Flip Turn
|-damage|p2a: Landorus|76/100|[from] Stealth Rock
|-ability|p2a: Landorus|Intimidate|boost
|-fail|p1a: Tentacruel|unboost|[from] ability: Clear Body|[of] p1a: Tentacruel
|
|upkeep
|turn|24
|
|t:|1760871818
|move|p2a: Landorus|U-turn|p1a: Tentacruel
|-resisted|p1a: Tentacruel
|-damage|p1a: Tentacruel|11/100
|
|t:|1760871822
|switch|p2a: Cinderace|Cinderace, F|88/100|[from] U-turn
|move|p1a: Tentacruel|Rapid Spin|p2a: Cinderace
|-damage|p2a: Cinderace|77/100
|-boost|p1a: Tentacruel|spe|1
|-sideend|p1: arpansar|Stealth Rock|[from] move: Rapid Spin|[of] p1a: Tentacruel
|
|upkeep
|turn|25
|
|t:|1760871832
|move|p2a: Cinderace|Court Change|p2a: Cinderace
|-swapsideconditions
|-activate|p2a: Cinderace|move: Court Change
|move|p1a: Tentacruel|Rapid Spin|p2a: Cinderace
|-damage|p2a: Cinderace|66/100
|-boost|p1a: Tentacruel|spe|1
|-sideend|p1: arpansar|Stealth Rock|[from] move: Rapid Spin|[of] p1a: Tentacruel
|-sideend|p1: arpansar|Sticky Web|[from] move: Rapid Spin|[of] p1a: Tentacruel
|
|upkeep
|turn|26
|
|t:|1760871838
|switch|p2a: Alomomola|Alomomola, M|100/100
|move|p1a: Tentacruel|Flip Turn|p2a: Alomomola
|-resisted|p2a: Alomomola
|-damage|p2a: Alomomola|94/100
|
|t:|1760871844
|switch|p1a: Galvantula|Galvantula, F|51/100|[from] Flip Turn
|
|upkeep
|turn|27
|
|t:|1760871849
|move|p1a: Galvantula|Bug Buzz|p2a: Alomomola
|-damage|p2a: Alomomola|64/100
|move|p2a: Alomomola|Flip Turn|p1a: Galvantula
|-damage|p1a: Galvantula|21/100
|
|t:|1760871857
|switch|p2a: Iron Valiant|Iron Valiant, shiny|100/100|[from] Flip Turn
|
|upkeep
|turn|28
|
|t:|1760871862
|move|p2a: Iron Valiant|Close Combat|p1a: Galvantula
|-resisted|p1a: Galvantula
|-damage|p1a: Galvantula|0 fnt
|-unboost|p2a: Iron Valiant|def|1
|-unboost|p2a: Iron Valiant|spd|1
|faint|p1a: Galvantula
|
|upkeep
|
|t:|1760871866
|switch|p1a: Incineroar|Incineroar, F|100/100
|-ability|p1a: Incineroar|Intimidate|boost
|-unboost|p2a: Iron Valiant|atk|1
|turn|29
|
|t:|1760871872
|-terastallize|p1a: Incineroar|Fire
|move|p2a: Iron Valiant|Close Combat|p1a: Incineroar
|-damage|p1a: Incineroar|45/100
|-unboost|p2a: Iron Valiant|def|1
|-unboost|p2a: Iron Valiant|spd|1
|move|p1a: Incineroar|Knock Off|p2a: Iron Valiant
|-resisted|p2a: Iron Valiant
|-crit|p2a: Iron Valiant
|-damage|p2a: Iron Valiant|61/100
|-enditem|p2a: Iron Valiant|Choice Band|[from] move: Knock Off|[of] p1a: Incineroar
|
|upkeep
|turn|30
|
|t:|1760871881
|-end|p2a: Iron Valiant|Quark Drive|[silent]
|switch|p2a: Alomomola|Alomomola, M|98/100
|move|p1a: Incineroar|Fire Punch|p2a: Alomomola
|-resisted|p2a: Alomomola
|-damage|p2a: Alomomola|83/100
|
|upkeep
|turn|31
|
|t:|1760871888
|move|p1a: Incineroar|Parting Shot|p2a: Alomomola
|-unboost|p2a: Alomomola|atk|1
|-unboost|p2a: Alomomola|spa|1
|-message|arpansar forfeited.
|
|win|I0I7peng
|raw|arpansar's rating: 1258 &rarr; <strong>1241</strong><br />(-17 for losing)
|raw|I0I7peng's rating: 1380 &rarr; <strong>1393</strong><br />(+13 for winning)
|l|☆arpansar
|player|p1|
|l|☆I0I7peng
|player|p2|
