|j|☆shadow12q
|j|☆5harked
|t:|1760768024
|gametype|singles
|player|p1|shadow12q|bede|1220
|player|p2|5harked|n|1237
|gen|9
|tier|[Gen 9] OU
|rated|
|rule|HP Percentage Mod: HP is shown in percentages
|rule|Endless Battle Clause: Forcing endless battles is banned
|rule|Species Clause: Limit one of each Pokémon
|rule|OHKO Clause: OHKO moves are banned
|rule|Evasion Items Clause: Evasion items are banned
|rule|Evasion Moves Clause: Evasion moves are banned
|rule|Evasion Abilities Clause: Evasion abilities are banned
|rule|Sleep Moves Clause: Sleep-inducing moves are banned
|clearpoke
|poke|p1|Tinkaton, F|
|poke|p1|Azumarill, M|
|poke|p1|Weezing-Galar, M|
|poke|p1|Gardevoir, F|
|poke|p1|Mimikyu, M|
|poke|p1|Hatterene, F|
|poke|p2|Garchomp, M|
|poke|p2|Rotom-Wash|
|poke|p2|Scizor, F|
|poke|p2|Iron Valiant|
|poke|p2|Cinderace, M|
|poke|p2|Dragapult, F|
|teampreview
|
|t:|1760768027
|teamsize|p1|6
|teamsize|p2|6
|start
|switch|p1a: Tinkaton|Tinkaton, F|100/100
|switch|p2a: Garchomp|Garchomp, M|100/100
|turn|1
|inactive|Battle timer is ON: inactive players will automatically lose when time's up. (requested by shadow12q)
|
|t:|1760768033
|switch|p1a: Azumarill|Azumarill, M, shiny|100/100
|move|p2a: Garchomp|Earthquake|p1a: Azumarill
|-damage|p1a: Azumarill|50/100
|-enditem|p1a: Azumarill|Sitrus Berry|[eat]
|-heal|p1a: Azumarill|75/100|[from] item: Sitrus Berry
|
|upkeep
|turn|2
|
|t:|1760768042
|move|p2a: Garchomp|Earthquake|p1a: Azumarill
|-crit|p1a: Azumarill
|-damage|p1a: Azumarill|0 fnt
|faint|p1a: Azumarill
|
|upkeep
|
|t:|1760768047
|switch|p1a: Weezing|Weezing-Galar, M|100/100
|-ability|p1a: Weezing|Neutralizing Gas
|turn|3
|
|t:|1760768052
|-terastallize|p1a: Weezing|Flying
|move|p2a: Garchomp|Earthquake|p1a: Weezing
|-immune|p1a: Weezing
|move|p1a: Weezing|Will-O-Wisp|p2a: Garchomp
|-status|p2a: Garchomp|brn
|
|-damage|p2a: Garchomp|94/100 brn|[from] brn
|upkeep
|turn|4
|
|t:|1760768067
|move|p2a: Garchomp|Dragon Claw|p1a: Weezing
|-damage|p1a: Weezing|90/100
|move|p1a: Weezing|Sludge Bomb|p2a: Garchomp
|-resisted|p2a: Garchomp
|-damage|p2a: Garchomp|82/100 brn
|
|-heal|p2a: Garchomp|88/100 brn|[from] item: Leftovers
|-heal|p1a: Weezing|96/100|[from] item: Leftovers
|-damage|p2a: Garchomp|82/100 brn|[from] brn
|upkeep
|turn|5
|
|t:|1760768077
|-end|p1a: Weezing|ability: Neutralizing Gas
|switch|p1a: Hatterene|Hatterene, F, shiny|100/100
|move|p2a: Garchomp|Stealth Rock|p1a: Hatterene
|move|p1a: Hatterene|Stealth Rock|p2a: Garchomp|[from] ability: Magic Bounce
|-sidestart|p2: 5harked|move: Stealth Rock
|
|-heal|p2a: Garchomp|88/100 brn|[from] item: Leftovers
|-damage|p2a: Garchomp|82/100 brn|[from] brn
|upkeep
|turn|6
|
|t:|1760768090
|switch|p2a: Scizor|Scizor, F|100/100
|-damage|p2a: Scizor|88/100|[from] Stealth Rock
|move|p1a: Hatterene|Calm Mind|p1a: Hatterene
|-boost|p1a: Hatterene|spa|1
|-boost|p1a: Hatterene|spd|1
|
|upkeep
|turn|7
|
|t:|1760768097
|move|p2a: Scizor|Bullet Punch|p1a: Hatterene
|-supereffective|p1a: Hatterene
|-damage|p1a: Hatterene|9/100
|move|p1a: Hatterene|Mystical Fire|p2a: Scizor
|-supereffective|p2a: Scizor
|-damage|p2a: Scizor|0 fnt
|faint|p2a: Scizor
|
|-heal|p1a: Hatterene|15/100|[from] item: Leftovers
|upkeep
|
|t:|1760768108
|switch|p2a: Dragapult|Dragapult, F|100/100
|-damage|p2a: Dragapult|88/100|[from] Stealth Rock
|turn|8
|
|t:|1760768112
|move|p2a: Dragapult|Shadow Ball|p1a: Hatterene
|-supereffective|p1a: Hatterene
|-damage|p1a: Hatterene|0 fnt
|faint|p1a: Hatterene
|
|upkeep
|
|t:|1760768118
|switch|p1a: Mimikyu|Mimikyu, M|100/100
|turn|9
|
|t:|1760768121
|move|p2a: Dragapult|Shadow Ball|p1a: Mimikyu
|-activate|p1a: Mimikyu|ability: Disguise
|-damage|p1a: Mimikyu|100/100
|detailschange|p1a: Mimikyu|Mimikyu-Busted, M
|-damage|p1a: Mimikyu|88/100|[from] pokemon: Mimikyu-Busted
|move|p1a: Mimikyu|Shadow Claw|p2a: Dragapult
|-supereffective|p2a: Dragapult
|-damage|p2a: Dragapult|0 fnt
|faint|p2a: Dragapult
|-damage|p1a: Mimikyu|78/100|[from] item: Life Orb
|
|upkeep
|
|t:|1760768143
|switch|p2a: Rotom|Rotom-Wash|100/100
|-damage|p2a: Rotom|88/100|[from] Stealth Rock
|turn|10
|
|t:|1760768152
|move|p1a: Mimikyu|Shadow Claw|p2a: Rotom
|-damage|p2a: Rotom|54/100
|-damage|p1a: Mimikyu|68/100|[from] item: Life Orb
|move|p2a: Rotom|Will-O-Wisp|p1a: Mimikyu|[miss]
|-miss|p2a: Rotom|p1a: Mimikyu
|
|-heal|p2a: Rotom|60/100|[from] item: Leftovers
|upkeep
|turn|11
|
|t:|1760768162
|move|p1a: Mimikyu|Swords Dance|p1a: Mimikyu
|-boost|p1a: Mimikyu|atk|2
|move|p2a: Rotom|Will-O-Wisp|p1a: Mimikyu
|-status|p1a: Mimikyu|brn
|
|-heal|p2a: Rotom|67/100|[from] item: Leftovers
|-damage|p1a: Mimikyu|62/100 brn|[from] brn
|upkeep
|turn|12
|
|t:|1760768171
|move|p1a: Mimikyu|Play Rough|p2a: Rotom
|-damage|p2a: Rotom|27/100
|-damage|p1a: Mimikyu|52/100 brn|[from] item: Life Orb
|move|p2a: Rotom|Hydro Pump|p1a: Mimikyu
|-damage|p1a: Mimikyu|0 fnt
|faint|p1a: Mimikyu
|
|-heal|p2a: Rotom|33/100|[from] item: Leftovers
|upkeep
|
|t:|1760768187
|switch|p1a: Gardevoir|Gardevoir, F|100/100
|-ability|p1a: Gardevoir|Levitate|Trace|[from] ability: Trace|[of] p2a: Rotom
|turn|13
|
|t:|1760768195
|move|p1a: Gardevoir|Psychic|p2a: Rotom
|-damage|p2a: Rotom|0 fnt
|faint|p2a: Rotom
|
|upkeep
|
|t:|1760768203
|switch|p2a: Cinderace|Cinderace, M|100/100
|turn|14
|
|t:|1760768206
|move|p1a: Gardevoir|Psychic|p2a: Cinderace
|-damage|p2a: Cinderace|27/100
|move|p2a: Cinderace|U-turn|p1a: Gardevoir
|-start|p2a: Cinderace|typechange|Bug|[from] ability: Libero
|-damage|p1a: Gardevoir|37/100
|
|t:|1760768213
|switch|p2a: Iron Valiant|Iron Valiant|100/100|[from] U-turn
|-damage|p2a: Iron Valiant|94/100|[from] Stealth Rock
|-enditem|p2a: Iron Valiant|Booster Energy
|-activate|p2a: Iron Valiant|ability: Quark Drive|[fromitem]
|-start|p2a: Iron Valiant|quarkdrivespe
|
|upkeep
|turn|15
|
|t:|1760768222
|-terastallize|p2a: Iron Valiant|Water
|move|p2a: Iron Valiant|Liquidation|p1a: Gardevoir
|-damage|p1a: Gardevoir|0 fnt
|faint|p1a: Gardevoir
|
|upkeep
|
|t:|1760768230
|switch|p1a: Weezing|Weezing-Galar, M, tera:Flying|96/100
|-ability|p1a: Weezing|Neutralizing Gas
|turn|16
|
|t:|1760768235
|move|p2a: Iron Valiant|Liquidation|p1a: Weezing
|-damage|p1a: Weezing|67/100
|-unboost|p1a: Weezing|def|1
|move|p1a: Weezing|Will-O-Wisp|p2a: Iron Valiant
|-status|p2a: Iron Valiant|brn
|
|-heal|p1a: Weezing|73/100|[from] item: Leftovers
|-damage|p2a: Iron Valiant|88/100 brn|[from] brn
|upkeep
|turn|17
|
|t:|1760768246
|move|p2a: Iron Valiant|Swords Dance|p2a: Iron Valiant
|-boost|p2a: Iron Valiant|atk|2
|move|p1a: Weezing|Pain Split|p2a: Iron Valiant
|-sethp|p2a: Iron Valiant|86/100 brn|[from] move: Pain Split|[silent]
|-sethp|p1a: Weezing|74/100|[from] move: Pain Split
|
|-heal|p1a: Weezing|80/100|[from] item: Leftovers
|-damage|p2a: Iron Valiant|80/100 brn|[from] brn
|upkeep
|turn|18
|
|t:|1760768260
|-end|p1a: Weezing|ability: Neutralizing Gas
|switch|p1a: Tinkaton|Tinkaton, F|100/100
|move|p2a: Iron Valiant|Liquidation|p1a: Tinkaton
|-damage|p1a: Tinkaton|60/100
|
|-heal|p1a: Tinkaton|66/100|[from] item: Leftovers
|-damage|p2a: Iron Valiant|74/100 brn|[from] brn
|upkeep
|turn|19
|
|t:|1760768272
|move|p2a: Iron Valiant|Close Combat|p1a: Tinkaton
|-damage|p1a: Tinkaton|6/100
|-unboost|p2a: Iron Valiant|def|1
|-unboost|p2a: Iron Valiant|spd|1
|move|p1a: Tinkaton|Gigaton Hammer|p2a: Iron Valiant
|-resisted|p2a: Iron Valiant
|-damage|p2a: Iron Valiant|29/100 brn
|
|-heal|p1a: Tinkaton|12/100|[from] item: Leftovers
|-damage|p2a: Iron Valiant|23/100 brn|[from] brn
|upkeep
|turn|20
|
|t:|1760768285
|move|p2a: Iron Valiant|Liquidation|p1a: Tinkaton
|-damage|p1a: Tinkaton|0 fnt
|faint|p1a: Tinkaton
|
|-damage|p2a: Iron Valiant|16/100 brn|[from] brn
|upkeep
|
|t:|1760768291
|switch|p1a: Weezing|Weezing-Galar, M, tera:Flying|80/100
|-ability|p1a: Weezing|Neutralizing Gas
|turn|21
|
|t:|1760768299
|move|p2a: Iron Valiant|Liquidation|p1a: Weezing
|-damage|p1a: Weezing|51/100
|move|p1a: Weezing|Sludge Bomb|p2a: Iron Valiant
|-damage|p2a: Iron Valiant|0 fnt
|faint|p2a: Iron Valiant
|-end|p2a: Iron Valiant|Quark Drive|[silent]
|
|-heal|p1a: Weezing|57/100|[from] item: Leftovers
|upkeep
|
|t:|1760768309
|switch|p2a: Cinderace|Cinderace, M|27/100
|turn|22
|
|t:|1760768315
|move|p2a: Cinderace|Pyro Ball|p1a: Weezing
|-damage|p1a: Weezing|20/100
|move|p1a: Weezing|Sludge Bomb|p2a: Cinderace
|-damage|p2a: Cinderace|0 fnt
|faint|p2a: Cinderace
|
|-heal|p1a: Weezing|26/100|[from] item: Leftovers
|upkeep
|
|t:|1760768323
|switch|p2a: Garchomp|Garchomp, M|82/100 brn
|-damage|p2a: Garchomp|75/100 brn|[from] Stealth Rock
|turn|23
|
|t:|1760768329
|move|p2a: Garchomp|Dragon Claw|p1a: Weezing
|-damage|p1a: Weezing|14/100
|move|p1a: Weezing|Pain Split|p2a: Garchomp
|-sethp|p2a: Garchomp|43/100 brn|[from] move: Pain Split|[silent]
|-sethp|p1a: Weezing|54/100|[from] move: Pain Split
|
|-heal|p2a: Garchomp|50/100 brn|[from] item: Leftovers
|-heal|p1a: Weezing|60/100|[from] item: Leftovers
|-damage|p2a: Garchomp|43/100 brn|[from] brn
|upkeep
|turn|24
|-message|5harked forfeited.
|
|win|shadow12q
|raw|shadow12q's rating: 1220 &rarr; <strong>1246</strong><br />(+26 for winning)
|raw|5harked's rating: 1237 &rarr; <strong>1211</strong><br />(-26 for losing)
|l|☆5harked
|player|p2|
|l|☆shadow12q
|player|p1|
