|j|‽mantikarp2.0
|j|☆SpongeGar & Patar
|t:|1760770360
|gametype|singles
|player|p1|mantikarp2.0|medium|1718
|player|p2|SpongeGar & Patar|101|1851
|gen|9
|tier|[Gen 9] OU
|rated|
|rule|HP Percentage Mod: HP is shown in percentages
|rule|Endless Battle Clause: Forcing endless battles is banned
|rule|Species Clause: Limit one of each Pokémon
|rule|OHKO Clause: OHKO moves are banned
|rule|Evasion Items Clause: Evasion items are banned
|rule|Evasion Moves Clause: Evasion moves are banned
|rule|Evasion Abilities Clause: Evasion abilities are banned
|rule|Sleep Moves Clause: Sleep-inducing moves are banned
|clearpoke
|poke|p1|Ribombee, M|
|poke|p1|Gholdengo|
|poke|p1|Great Tusk|
|poke|p1|Raging Bolt|
|poke|p1|Ogerpon-Cornerstone, F|
|poke|p1|Ceruledge, F|
|poke|p2|Kyurem|
|poke|p2|Corviknight, F|
|poke|p2|Ting-Lu|
|poke|p2|Dondozo, F|
|poke|p2|Slowking-Galar, L99, F|
|poke|p2|Cinderace, M|
|teampreview
|inactive|Battle timer is ON: inactive players will automatically lose when time's up. (requested by mantikarp2.0)
|inactive|SpongeGar & Patar has 120 seconds left.
|inactive|SpongeGar & Patar also wants the timer to be on.
|
|t:|1760770413
|teamsize|p1|6
|teamsize|p2|6
|start
|switch|p1a: Ribombee|Ribombee, M, shiny|100/100
|switch|p2a: Cinderace|Cinderace, M|100/100
|turn|1
|inactive|SpongeGar & Patar has 120 seconds left.
|
|t:|1760770461
|move|p1a: Ribombee|Psychic Noise|p2a: Cinderace
|-damage|p2a: Cinderace|74/100
|-start|p2a: Cinderace|move: Heal Block
|move|p2a: Cinderace|Pyro Ball|p1a: Ribombee
|-supereffective|p1a: Ribombee
|-crit|p1a: Ribombee
|-enditem|p1a: Ribombee|Focus Sash
|-damage|p1a: Ribombee|1/100
|
|upkeep
|turn|2
|inactive|SpongeGar & Patar has 90 seconds left.
|l|‽mantikarp2.0
|inactive|mantikarp2.0 disconnected and has a minute to reconnect!
|player|p1|
|
|t:|1760770511
|move|p1a: Ribombee|Moonblast|p2a: Cinderace
|-resisted|p2a: Cinderace
|-damage|p2a: Cinderace|51/100
|-unboost|p2a: Cinderace|spa|1
|move|p2a: Cinderace|U-turn|p1a: Ribombee
|-resisted|p1a: Ribombee
|-damage|p1a: Ribombee|0 fnt
|faint|p1a: Ribombee
|inactive|SpongeGar & Patar has 60 seconds left.
|j|‽mantikarp2.0
|inactive|mantikarp2.0 reconnected.
|player|p1|mantikarp2.0|medium|
|n|‽mantikarp2.0|mantikarp20
|n|‽mantikarp2.0|mantikarp20
|inactive|SpongeGar & Patar has 30 seconds left.
|l|‽mantikarp2.0
|inactive|mantikarp2.0 disconnected and has a minute to reconnect!
|player|p1|
|
|t:|1760770561
|switch|p2a: Ting-Lu|Ting-Lu|100/100|[from] U-turn
|-ability|p2a: Ting-Lu|Vessel of Ruin
|
|upkeep
|inactive|mantikarp2.0 has 30 seconds to reconnect!
|j|‽mantikarp2.0
|inactive|mantikarp2.0 reconnected and has 115 seconds left.
|player|p1|mantikarp2.0|medium|
|n|‽mantikarp2.0|mantikarp20
|n|‽mantikarp2.0|mantikarp20
|inactive|mantikarp2.0 has 90 seconds left.
|l|‽mantikarp2.0
|inactive|mantikarp2.0 disconnected and has a minute to reconnect!
|player|p1|
|j|‽mantikarp2.0
|inactive|mantikarp2.0 reconnected and has 85 seconds left.
|player|p1|mantikarp2.0|medium|
|n|‽mantikarp2.0|mantikarp20
|n|‽mantikarp2.0|mantikarp20
|
|t:|1760770635
|switch|p1a: Ogerpon|Ogerpon-Cornerstone, F|100/100
|turn|3
|
|t:|1760770645
|switch|p2a: Corviknight|Corviknight, F|100/100
|-ability|p2a: Corviknight|Pressure
|move|p1a: Ogerpon|Low Kick|p2a: Corviknight
|-damage|p2a: Corviknight|80/100
|-damage|p1a: Ogerpon|84/100|[from] item: Rocky Helmet|[of] p2a: Corviknight
|
|upkeep
|turn|4
|
|t:|1760770654
|move|p1a: Ogerpon|Ivy Cudgel|p2a: Corviknight|[anim] Ivy Cudgel Rock
|-crit|p2a: Corviknight
|-damage|p2a: Corviknight|25/100
|move|p2a: Corviknight|U-turn|p1a: Ogerpon
|-supereffective|p1a: Ogerpon
|-damage|p1a: Ogerpon|45/100
|
|t:|1760770663
|switch|p2a: Cinderace|Cinderace, M|51/100|[from] U-turn
|
|upkeep
|turn|5
|
|t:|1760770673
|-terastallize|p1a: Ogerpon|Rock
|detailschange|p1a: Ogerpon|Ogerpon-Cornerstone-Tera, F, tera:Rock
|-ability|p1a: Ogerpon|Embody Aspect (Cornerstone)|boost
|-boost|p1a: Ogerpon|def|1
|move|p2a: Cinderace|U-turn|p1a: Ogerpon
|-damage|p1a: Ogerpon|27/100
|j| iamfrhaan007
|
|t:|1760770682
|switch|p2a: Corviknight|Corviknight, F|25/100|[from] U-turn
|-ability|p2a: Corviknight|Pressure
|move|p1a: Ogerpon|Ivy Cudgel|p2a: Corviknight|[anim] Ivy Cudgel Rock
|-crit|p2a: Corviknight
|-damage|p2a: Corviknight|0 fnt
|faint|p2a: Corviknight
|
|upkeep
|
|t:|1760770691
|switch|p2a: Dondozo|Dondozo, F|100/100
|turn|6
|
|t:|1760770701
|move|p1a: Ogerpon|Power Whip|p2a: Dondozo
|-supereffective|p2a: Dondozo
|-damage|p2a: Dondozo|35/100
|move|p2a: Dondozo|Waterfall|p1a: Ogerpon
|-supereffective|p1a: Ogerpon
|-damage|p1a: Ogerpon|0 fnt
|faint|p1a: Ogerpon
|detailschange|p1: Ogerpon|Ogerpon-Cornerstone, F|[silent]
|
|-heal|p2a: Dondozo|41/100|[from] item: Leftovers
|upkeep
|
|t:|1760770710
|switch|p1a: Gholdengo|Gholdengo, shiny|100/100
|-item|p1a: Gholdengo|Air Balloon
|turn|7
|inactive|SpongeGar & Patar has 60 seconds left.
|
|t:|1760770720
|switch|p2a: Ting-Lu|Ting-Lu|100/100
|-ability|p2a: Ting-Lu|Vessel of Ruin
|move|p1a: Gholdengo|Nasty Plot|p1a: Gholdengo
|-boost|p1a: Gholdengo|spa|2
|
|upkeep
|turn|8
|
|t:|1760770729
|move|p1a: Gholdengo|Focus Blast|p2a: Ting-Lu
|-supereffective|p2a: Ting-Lu
|-damage|p2a: Ting-Lu|27/100
|move|p2a: Ting-Lu|Payback|p1a: Gholdengo
|-supereffective|p1a: Gholdengo
|-damage|p1a: Gholdengo|13/100
|-enditem|p1a: Gholdengo|Air Balloon
|
|-heal|p2a: Ting-Lu|33/100|[from] item: Leftovers
|upkeep
|turn|9
|
|t:|1760770739
|move|p1a: Gholdengo|Focus Blast|p2a: Ting-Lu
|-supereffective|p2a: Ting-Lu
|-damage|p2a: Ting-Lu|0 fnt
|faint|p2a: Ting-Lu
|
|upkeep
|
|t:|1760770749
|switch|p2a: Kyurem|Kyurem|100/100
|-ability|p2a: Kyurem|Pressure
|turn|10
|
|t:|1760770758
|move|p2a: Kyurem|Earth Power|p1a: Gholdengo
|-supereffective|p1a: Gholdengo
|-damage|p1a: Gholdengo|0 fnt
|faint|p1a: Gholdengo
|
|upkeep
|
|t:|1760770762
|switch|p1a: Ceruledge|Ceruledge, F, shiny|100/100
|turn|11
|
|t:|1760770771
|-terastallize|p2a: Kyurem|Ground
|move|p2a: Kyurem|Earth Power|p1a: Ceruledge
|-supereffective|p1a: Ceruledge
|-damage|p1a: Ceruledge|1/100
|move|p1a: Ceruledge|Close Combat|p2a: Kyurem
|-damage|p2a: Kyurem|57/100
|-unboost|p1a: Ceruledge|def|1
|-unboost|p1a: Ceruledge|spd|1
|
|-heal|p2a: Kyurem|63/100|[from] item: Leftovers
|upkeep
|turn|12
|
|t:|1760770784
|move|p1a: Ceruledge|Shadow Sneak|p2a: Kyurem
|-damage|p2a: Kyurem|44/100
|move|p2a: Kyurem|Earth Power|p1a: Ceruledge
|-supereffective|p1a: Ceruledge
|-damage|p1a: Ceruledge|0 fnt
|faint|p1a: Ceruledge
|
|-heal|p2a: Kyurem|50/100|[from] item: Leftovers
|upkeep
|
|t:|1760770787
|switch|p1a: Great Tusk|Great Tusk, shiny|100/100
|-enditem|p1a: Great Tusk|Booster Energy
|-activate|p1a: Great Tusk|ability: Protosynthesis|[fromitem]
|-start|p1a: Great Tusk|protosynthesisatk
|turn|13
|inactive|SpongeGar & Patar has 90 seconds left.
|
|t:|1760770796
|move|p2a: Kyurem|Freeze-Dry|p1a: Great Tusk
|-supereffective|p1a: Great Tusk
|-damage|p1a: Great Tusk|0 fnt
|faint|p1a: Great Tusk
|-end|p1a: Great Tusk|Protosynthesis|[silent]
|
|-heal|p2a: Kyurem|56/100|[from] item: Leftovers
|upkeep
|-message|mantikarp2.0 forfeited.
|
|win|SpongeGar & Patar
|raw|mantikarp2.0's rating: 1718 &rarr; <strong>1705</strong><br />(-13 for losing)
|raw|SpongeGar &amp; Patar's rating: 1851 &rarr; <strong>1864</strong><br />(+13 for winning)
|l|☆SpongeGar & Patar
|player|p2|
|l|‽mantikarp2.0
|player|p1|
|l| iamfrhaan007
