|j|☆bottom drawer
|j|☆Truffle buddah
|t:|1760836318
|gametype|singles
|player|p1|bottom drawer|red-gen1|1379
|player|p2|Truffle buddah|li|1426
|gen|9
|tier|[Gen 9] OU
|rated|
|rule|HP Percentage Mod: HP is shown in percentages
|rule|Endless Battle Clause: Forcing endless battles is banned
|rule|Species Clause: Limit one of each Pokémon
|rule|OHKO Clause: OHKO moves are banned
|rule|Evasion Items Clause: Evasion items are banned
|rule|Evasion Moves Clause: Evasion moves are banned
|rule|Evasion Abilities Clause: Evasion abilities are banned
|rule|Sleep Moves Clause: Sleep-inducing moves are banned
|clearpoke
|poke|p1|Ursaluna, F|
|poke|p1|Exeggutor-Alola, F|
|poke|p1|Hatterene, F|
|poke|p1|Hoopa-Unbound|
|poke|p1|Deoxys-Defense|
|poke|p1|Iron Hands|
|poke|p2|Alomomola, F|
|poke|p2|Ceruledge, F|
|poke|p2|Hatterene, F|
|poke|p2|Iron Treads|
|poke|p2|Diancie|
|poke|p2|Kyurem|
|teampreview
|inactive|Battle timer is ON: inactive players will automatically lose when time's up. (requested by Truffle buddah)
|inactive|bottom drawer has 120 seconds left.
|
|t:|1760836417
|teamsize|p1|6
|teamsize|p2|6
|start
|switch|p1a: Deoxys|Deoxys-Defense|100/100
|switch|p2a: Diancie|Diancie|100/100
|-ability|p1a: Deoxys|Pressure
|turn|1
|
|t:|1760836424
|move|p2a: Diancie|Meteor Beam||[still]
|-prepare|p2a: Diancie|Meteor Beam
|-boost|p2a: Diancie|spa|1
|-enditem|p2a: Diancie|Power Herb
|-anim|p2a: Diancie|Meteor Beam|p1a: Deoxys|[miss]
|-miss|p2a: Diancie|p1a: Deoxys
|move|p1a: Deoxys|Trick Room|p1a: Deoxys
|-fieldstart|move: Trick Room|[of] p1a: Deoxys
|
|upkeep
|turn|2
|
|t:|1760836430
|move|p2a: Diancie|Meteor Beam||[still]
|-prepare|p2a: Diancie|Meteor Beam
|-boost|p2a: Diancie|spa|1
|move|p1a: Deoxys|Teleport|p1a: Deoxys
|
|t:|1760836456
|switch|p1a: Hoopa|Hoopa-Unbound|100/100|[from] Teleport
|
|upkeep
|turn|3
|
|t:|1760836471
|-terastallize|p1a: Hoopa|Steel
|move|p2a: Diancie|Meteor Beam|p1a: Hoopa|[from] lockedmove|[miss]
|-miss|p2a: Diancie|p1a: Hoopa
|move|p1a: Hoopa|Tera Blast|p2a: Diancie|[anim] Tera Blast Steel
|-supereffective|p2a: Diancie
|-damage|p2a: Diancie|0 fnt
|faint|p2a: Diancie
|
|upkeep
|
|t:|1760836480
|switch|p2a: Iron Treads|Iron Treads|100/100
|turn|4
|
|t:|1760836488
|switch|p1a: Ursaluna|Ursaluna, F|100/100
|move|p2a: Iron Treads|Earthquake|p1a: Ursaluna
|-damage|p1a: Ursaluna|73/100
|
|-status|p1a: Ursaluna|brn|[from] item: Flame Orb
|upkeep
|turn|5
|
|t:|1760836507
|-end|p2a: Iron Treads|Quark Drive|[silent]
|switch|p2a: Alomomola|Alomomola, F|100/100
|move|p1a: Ursaluna|Headlong Rush|p2a: Alomomola
|-damage|p2a: Alomomola|38/100
|-unboost|p1a: Ursaluna|def|1
|-unboost|p1a: Ursaluna|spd|1
|
|-damage|p1a: Ursaluna|67/100 brn|[from] brn
|-fieldend|move: Trick Room
|upkeep
|turn|6
|
|t:|1760836520
|move|p2a: Alomomola|Scald|p1a: Ursaluna
|-supereffective|p1a: Ursaluna
|-damage|p1a: Ursaluna|28/100 brn
|move|p1a: Ursaluna|Headlong Rush|p2a: Alomomola
|-damage|p2a: Alomomola|0 fnt
|-unboost|p1a: Ursaluna|def|1
|-unboost|p1a: Ursaluna|spd|1
|faint|p2a: Alomomola
|
|-damage|p1a: Ursaluna|21/100 brn|[from] brn
|upkeep
|inactive|Truffle buddah has 120 seconds left.
|inactive|Truffle buddah has 90 seconds left.
|
|t:|1760836595
|switch|p2a: Kyurem|Kyurem|100/100
|-ability|p2a: Kyurem|Pressure
|turn|7
|
|t:|1760836612
|switch|p1a: Deoxys|Deoxys-Defense|100/100
|-ability|p1a: Deoxys|Pressure
|move|p2a: Kyurem|Icicle Spear|p1a: Deoxys
|-damage|p1a: Deoxys|89/100
|-damage|p1a: Deoxys|78/100
|-damage|p1a: Deoxys|67/100
|-hitcount|p1a: Deoxys|3
|
|upkeep
|turn|8
|inactive|Truffle buddah has 90 seconds left.
|
|t:|1760836619
|move|p2a: Kyurem|Icicle Spear|p1a: Deoxys
|-damage|p1a: Deoxys|57/100
|-damage|p1a: Deoxys|46/100
|-damage|p1a: Deoxys|36/100
|-hitcount|p1a: Deoxys|3
|move|p1a: Deoxys|Trick Room|p1a: Deoxys
|-fieldstart|move: Trick Room|[of] p1a: Deoxys
|
|upkeep
|turn|9
|inactive|Truffle buddah has 90 seconds left.
|
|t:|1760836633
|move|p1a: Deoxys|Recover|p1a: Deoxys
|-heal|p1a: Deoxys|86/100
|move|p2a: Kyurem|Icicle Spear|p1a: Deoxys
|-damage|p1a: Deoxys|75/100
|-damage|p1a: Deoxys|64/100
|-damage|p1a: Deoxys|53/100
|-hitcount|p1a: Deoxys|3
|
|upkeep
|turn|10
|
|t:|1760836637
|move|p1a: Deoxys|Recover|p1a: Deoxys
|-heal|p1a: Deoxys|100/100
|move|p2a: Kyurem|Icicle Spear|p1a: Deoxys
|-damage|p1a: Deoxys|88/100
|-damage|p1a: Deoxys|76/100
|-damage|p1a: Deoxys|65/100
|-damage|p1a: Deoxys|53/100
|-hitcount|p1a: Deoxys|4
|
|upkeep
|turn|11
|inactive|Truffle buddah has 90 seconds left.
|inactive|Truffle buddah has 60 seconds left.
|
|t:|1760836691
|move|p1a: Deoxys|Recover|p1a: Deoxys
|-heal|p1a: Deoxys|100/100
|move|p2a: Kyurem|Icicle Spear|p1a: Deoxys
|-damage|p1a: Deoxys|90/100
|-damage|p1a: Deoxys|78/100
|-crit|p1a: Deoxys
|-damage|p1a: Deoxys|63/100
|-damage|p1a: Deoxys|52/100
|-damage|p1a: Deoxys|41/100
|-hitcount|p1a: Deoxys|5
|
|upkeep
|turn|12
|
|t:|1760836698
|move|p1a: Deoxys|Recover|p1a: Deoxys
|-heal|p1a: Deoxys|92/100
|move|p2a: Kyurem|Dragon Dance|p2a: Kyurem
|-boost|p2a: Kyurem|atk|1
|-boost|p2a: Kyurem|spe|1
|
|-fieldend|move: Trick Room
|upkeep
|turn|13
|inactive|Truffle buddah has 60 seconds left.
|
|t:|1760836719
|move|p2a: Kyurem|Icicle Spear|p1a: Deoxys
|-damage|p1a: Deoxys|73/100
|-damage|p1a: Deoxys|57/100
|-damage|p1a: Deoxys|41/100
|-damage|p1a: Deoxys|25/100
|-hitcount|p1a: Deoxys|4
|move|p1a: Deoxys|Trick Room|p1a: Deoxys
|-fieldstart|move: Trick Room|[of] p1a: Deoxys
|
|upkeep
|turn|14
|
|t:|1760836725
|move|p2a: Kyurem|Icicle Spear|p1a: Deoxys
|-damage|p1a: Deoxys|9/100
|-damage|p1a: Deoxys|0 fnt
|faint|p1a: Deoxys
|-hitcount|p1: Deoxys|2
|
|upkeep
|
|t:|1760836737
|switch|p1a: Ursaluna|Ursaluna, F|21/100 brn
|turn|15
|
|t:|1760836746
|move|p1a: Ursaluna|Headlong Rush|p2a: Kyurem
|-damage|p2a: Kyurem|0 fnt
|-unboost|p1a: Ursaluna|def|1
|-unboost|p1a: Ursaluna|spd|1
|faint|p2a: Kyurem
|
|-damage|p1a: Ursaluna|15/100 brn|[from] brn
|upkeep
|
|t:|1760836754
|switch|p2a: Hatterene|Hatterene, F|100/100
|turn|16
|
|t:|1760836759
|move|p1a: Ursaluna|Facade|p2a: Hatterene
|-damage|p2a: Hatterene|0 fnt
|faint|p2a: Hatterene
|
|-damage|p1a: Ursaluna|9/100 brn|[from] brn
|upkeep
|inactive|Truffle buddah has 90 seconds left.
|inactive|Truffle buddah has 60 seconds left.
|inactive|Truffle buddah has 30 seconds left.
|inactive|Truffle buddah has 20 seconds left.
|inactive|Truffle buddah has 15 seconds left.
|inactive|Truffle buddah has 10 seconds left.
|
|t:|1760836845
|switch|p2a: Ceruledge|Ceruledge, F|100/100
|turn|17
|inactive|Truffle buddah has 20 seconds left this turn.
|inactive|Truffle buddah has 15 seconds left.
|
|t:|1760836853
|-terastallize|p2a: Ceruledge|Bug
|move|p1a: Ursaluna|Headlong Rush|p2a: Ceruledge
|-resisted|p2a: Ceruledge
|-damage|p2a: Ceruledge|43/100
|-unboost|p1a: Ursaluna|def|1
|-unboost|p1a: Ursaluna|spd|1
|move|p2a: Ceruledge|Bulk Up|p2a: Ceruledge
|-boost|p2a: Ceruledge|atk|1
|-boost|p2a: Ceruledge|def|1
|
|-damage|p1a: Ursaluna|3/100 brn|[from] brn
|-fieldend|move: Trick Room
|upkeep
|turn|18
|inactive|Truffle buddah has 25 seconds left this turn.
|inactive|Truffle buddah has 20 seconds left.
|
|t:|1760836858
|move|p2a: Ceruledge|Bitter Blade|p1a: Ursaluna
|-damage|p1a: Ursaluna|0 fnt
|-heal|p2a: Ceruledge|44/100|[from] drain|[of] p1a: Ursaluna
|faint|p1a: Ursaluna
|
|upkeep
|
|t:|1760836860
|switch|p1a: Hatterene|Hatterene, F|100/100
|turn|19
|inactive|Truffle buddah has 30 seconds left.
|inactive|Truffle buddah has 20 seconds left.
|
|t:|1760836876
|move|p2a: Ceruledge|Bitter Blade|p1a: Hatterene
|-damage|p1a: Hatterene|41/100
|-heal|p2a: Ceruledge|71/100|[from] drain|[of] p1a: Hatterene
|move|p1a: Hatterene|Trick Room|p1a: Hatterene
|-fieldstart|move: Trick Room|[of] p1a: Hatterene
|
|upkeep
|turn|20
|inactive|Truffle buddah has 30 seconds left this turn.
|inactive|Truffle buddah has 20 seconds left.
|
|t:|1760836886
|move|p2a: Ceruledge|Shadow Sneak|p1a: Hatterene
|-supereffective|p1a: Hatterene
|-damage|p1a: Hatterene|0 fnt
|faint|p1a: Hatterene
|
|upkeep
|
|t:|1760836890
|switch|p1a: Iron Hands|Iron Hands|100/100
|-enditem|p1a: Iron Hands|Booster Energy
|-activate|p1a: Iron Hands|ability: Quark Drive|[fromitem]
|-start|p1a: Iron Hands|quarkdriveatk
|turn|21
|inactive|Truffle buddah has 30 seconds left.
|inactive|Truffle buddah has 20 seconds left.
|
|t:|1760836907
|move|p1a: Iron Hands|Swords Dance|p1a: Iron Hands
|-boost|p1a: Iron Hands|atk|2
|move|p2a: Ceruledge|Bitter Blade|p1a: Iron Hands
|-damage|p1a: Iron Hands|67/100
|-heal|p2a: Ceruledge|95/100|[from] drain|[of] p1a: Iron Hands
|
|upkeep
|turn|22
|inactive|Truffle buddah has 30 seconds left this turn.
|
|t:|1760836912
|move|p1a: Iron Hands|Drain Punch|p2a: Ceruledge
|-resisted|p2a: Ceruledge
|-damage|p2a: Ceruledge|52/100
|-heal|p1a: Iron Hands|82/100|[from] drain|[of] p2a: Ceruledge
|move|p2a: Ceruledge|Bulk Up|p2a: Ceruledge
|-boost|p2a: Ceruledge|atk|1
|-boost|p2a: Ceruledge|def|1
|
|upkeep
|turn|23
|
|t:|1760836924
|move|p1a: Iron Hands|Thunder Punch|p2a: Ceruledge
|-damage|p2a: Ceruledge|0 fnt
|faint|p2a: Ceruledge
|
|-fieldend|move: Trick Room
|upkeep
|
|t:|1760836934
|switch|p2a: Iron Treads|Iron Treads|100/100
|turn|24
|-message|Truffle buddah forfeited.
|
|win|bottom drawer
|raw|bottom drawer's rating: 1379 &rarr; <strong>1400</strong><br />(+21 for winning)
|raw|Truffle buddah's rating: 1404 &rarr; <strong>1383</strong><br />(-21 for losing)
|l|☆Truffle buddah
|player|p2|
|l|☆bottom drawer
|player|p1|
