|j|☆J2icy
|j|☆JJTEPIGBOSS
|t:|1760771162
|gametype|singles
|player|p1|J2icy|169|1060
|player|p2|JJTEPIGBOSS|266|1055
|gen|9
|tier|[Gen 9] OU
|rated|
|rule|HP Percentage Mod: HP is shown in percentages
|rule|Endless Battle Clause: Forcing endless battles is banned
|rule|Species Clause: Limit one of each Pokémon
|rule|OHKO Clause: OHKO moves are banned
|rule|Evasion Items Clause: Evasion items are banned
|rule|Evasion Moves Clause: Evasion moves are banned
|rule|Evasion Abilities Clause: Evasion abilities are banned
|rule|Sleep Moves Clause: Sleep-inducing moves are banned
|clearpoke
|poke|p1|Darkrai|
|poke|p1|Porygon-Z|
|poke|p1|Great Tusk|
|poke|p1|Blaziken, F|
|poke|p1|Latias, F|
|poke|p1|Tyranitar, F|
|poke|p2|Quaquaval, F|
|poke|p2|Ludicolo, M|
|poke|p2|Oricorio-Pom-Pom, F|
|poke|p2|Lilligant-Hisui, F|
|poke|p2|Hitmontop, M|
|poke|p2|Bellossom, M|
|teampreview
|inactive|Battle timer is ON: inactive players will automatically lose when time's up. (requested by JJTEPIGBOSS)
|
|t:|1760771196
|teamsize|p1|6
|teamsize|p2|6
|start
|switch|p1a: Darkrai|Darkrai|100/100
|switch|p2a: Ludicolo|Ludicolo, M|100/100
|turn|1
|
|t:|1760771204
|move|p1a: Darkrai|Sludge Bomb|p2a: Ludicolo
|-supereffective|p2a: Ludicolo
|-damage|p2a: Ludicolo|56/100
|move|p2a: Ludicolo|Focus Blast|p1a: Darkrai|[miss]
|-miss|p2a: Ludicolo|p1a: Darkrai
|
|upkeep
|turn|2
|
|t:|1760771211
|move|p1a: Darkrai|Sludge Bomb|p2a: Ludicolo
|-supereffective|p2a: Ludicolo
|-damage|p2a: Ludicolo|2/100
|move|p2a: Ludicolo|Focus Blast|p1a: Darkrai
|-supereffective|p1a: Darkrai
|-damage|p1a: Darkrai|30/100
|
|upkeep
|turn|3
|
|t:|1760771220
|move|p1a: Darkrai|Sludge Bomb|p2a: Ludicolo
|-supereffective|p2a: Ludicolo
|-crit|p2a: Ludicolo
|-damage|p2a: Ludicolo|0 fnt
|faint|p2a: Ludicolo
|
|upkeep
|
|t:|1760771233
|switch|p2a: Hitmontop|Hitmontop, M|100/100
|turn|4
|
|t:|1760771250
|move|p2a: Hitmontop|Fake Out|p1a: Darkrai
|-damage|p1a: Darkrai|8/100
|cant|p1a: Darkrai|flinch
|
|upkeep
|turn|5
|
|t:|1760771260
|move|p2a: Hitmontop|Mach Punch|p1a: Darkrai
|-supereffective|p1a: Darkrai
|-damage|p1a: Darkrai|0 fnt
|faint|p1a: Darkrai
|
|upkeep
|
|t:|1760771267
|switch|p1a: Porygon-Z|Porygon-Z|100/100
|turn|6
|
|t:|1760771272
|move|p1a: Porygon-Z|Tri Attack|p2a: Hitmontop
|-crit|p2a: Hitmontop
|-damage|p2a: Hitmontop|5/100
|move|p2a: Hitmontop|Rapid Spin|p1a: Porygon-Z
|-damage|p1a: Porygon-Z|64/100
|-boost|p2a: Hitmontop|spe|1
|
|upkeep
|turn|7
|
|t:|1760771286
|switch|p1a: Latias|Latias, F, shiny|100/100
|move|p2a: Hitmontop|Mach Punch|p1a: Latias
|-resisted|p1a: Latias
|-damage|p1a: Latias|85/100
|
|upkeep
|turn|8
|
|t:|1760771295
|switch|p1a: Tyranitar|Tyranitar, F|100/100
|-weather|Sandstorm|[from] ability: Sand Stream|[of] p1a: Tyranitar
|move|p2a: Hitmontop|Rapid Spin|p1a: Tyranitar
|-resisted|p1a: Tyranitar
|-damage|p1a: Tyranitar|91/100
|-boost|p2a: Hitmontop|spe|1
|
|-weather|Sandstorm|[upkeep]
|-damage|p2a: Hitmontop|0 fnt|[from] Sandstorm
|faint|p2a: Hitmontop
|upkeep
|
|t:|1760771312
|switch|p2a: Lilligant|Lilligant-Hisui, F|100/100
|turn|9
|
|t:|1760771339
|move|p2a: Lilligant|Victory Dance|p2a: Lilligant
|-boost|p2a: Lilligant|atk|1
|-boost|p2a: Lilligant|def|1
|-boost|p2a: Lilligant|spe|1
|move|p1a: Tyranitar|Ice Beam|p2a: Lilligant
|-supereffective|p2a: Lilligant
|-damage|p2a: Lilligant|43/100
|
|-weather|Sandstorm|[upkeep]
|-damage|p2a: Lilligant|37/100|[from] Sandstorm
|upkeep
|turn|10
|
|t:|1760771351
|switch|p1a: Latias|Latias, F, shiny|85/100
|move|p2a: Lilligant|Close Combat|p1a: Latias
|-resisted|p1a: Latias
|-damage|p1a: Latias|34/100
|-unboost|p2a: Lilligant|def|1
|-unboost|p2a: Lilligant|spd|1
|
|-weather|Sandstorm|[upkeep]
|-damage|p2a: Lilligant|31/100|[from] Sandstorm
|-damage|p1a: Latias|28/100|[from] Sandstorm
|upkeep
|turn|11
|inactive|J2icy has 120 seconds left.
|
|t:|1760771391
|move|p2a: Lilligant|Close Combat|p1a: Latias
|-resisted|p1a: Latias
|-damage|p1a: Latias|0 fnt
|-unboost|p2a: Lilligant|def|1
|-unboost|p2a: Lilligant|spd|1
|faint|p1a: Latias
|
|-weather|Sandstorm|[upkeep]
|-damage|p2a: Lilligant|25/100|[from] Sandstorm
|upkeep
|
|t:|1760771402
|switch|p1a: Blaziken|Blaziken, F|100/100
|turn|12
|
|t:|1760771406
|-terastallize|p1a: Blaziken|Flying
|move|p2a: Lilligant|Close Combat|p1a: Blaziken
|-resisted|p1a: Blaziken
|-damage|p1a: Blaziken|37/100
|-unboost|p2a: Lilligant|def|1
|-unboost|p2a: Lilligant|spd|1
|move|p1a: Blaziken|Close Combat|p2a: Lilligant
|-damage|p2a: Lilligant|0 fnt
|-unboost|p1a: Blaziken|def|1
|-unboost|p1a: Blaziken|spd|1
|faint|p2a: Lilligant
|-enditem|p1a: Blaziken|White Herb
|-clearnegativeboost|p1a: Blaziken|[silent]
|
|-weather|none
|-ability|p1a: Blaziken|Speed Boost|boost
|-boost|p1a: Blaziken|spe|1
|upkeep
|
|t:|1760771427
|switch|p2a: Quaquaval|Quaquaval, F|100/100
|turn|13
|
|t:|1760771435
|move|p2a: Quaquaval|Aqua Jet|p1a: Blaziken
|-damage|p1a: Blaziken|6/100
|move|p1a: Blaziken|Acrobatics|p2a: Quaquaval
|-supereffective|p2a: Quaquaval
|-damage|p2a: Quaquaval|0 fnt
|faint|p2a: Quaquaval
|
|-ability|p1a: Blaziken|Speed Boost|boost
|-boost|p1a: Blaziken|spe|1
|upkeep
|
|t:|1760771456
|switch|p2a: Bellossom|Bellossom, M|100/100
|turn|14
|inactive|J2icy has 120 seconds left.
|inactive|JJTEPIGBOSS has 120 seconds left.
|
|t:|1760771474
|-terastallize|p2a: Bellossom|Fire
|move|p1a: Blaziken|Acrobatics|p2a: Bellossom
|-damage|p2a: Bellossom|21/100
|move|p2a: Bellossom|Strength Sap|p1a: Blaziken
|-unboost|p1a: Blaziken|atk|1
|-heal|p2a: Bellossom|100/100
|
|-ability|p1a: Blaziken|Speed Boost|boost
|-boost|p1a: Blaziken|spe|1
|upkeep
|turn|15
|inactive|J2icy has 120 seconds left.
|inactive|JJTEPIGBOSS has 120 seconds left.
|
|t:|1760771491
|move|p1a: Blaziken|Swords Dance|p1a: Blaziken
|-boost|p1a: Blaziken|atk|2
|move|p2a: Bellossom|Strength Sap|p1a: Blaziken
|-unboost|p1a: Blaziken|atk|1
|
|-ability|p1a: Blaziken|Speed Boost|boost
|-boost|p1a: Blaziken|spe|1
|upkeep
|turn|16
|inactive|JJTEPIGBOSS has 120 seconds left.
|
|t:|1760771511
|move|p1a: Blaziken|Close Combat|p2a: Bellossom
|-damage|p2a: Bellossom|19/100
|-unboost|p1a: Blaziken|def|1
|-unboost|p1a: Blaziken|spd|1
|move|p2a: Bellossom|Tera Blast|p1a: Blaziken|[anim] Tera Blast Fire
|-damage|p1a: Blaziken|0 fnt
|faint|p1a: Blaziken
|
|upkeep
|
|t:|1760771539
|switch|p1a: Porygon-Z|Porygon-Z|64/100
|turn|17
|
|t:|1760771545
|move|p1a: Porygon-Z|Tri Attack|p2a: Bellossom
|-damage|p2a: Bellossom|0 fnt
|faint|p2a: Bellossom
|
|upkeep
|
|t:|1760771550
|switch|p2a: Oricorio|Oricorio-Pom-Pom, F|100/100
|turn|18
|inactive|J2icy has 90 seconds left.
|inactive|J2icy has 60 seconds left.
|
|t:|1760771634
|move|p1a: Porygon-Z|Tri Attack|p2a: Oricorio
|-damage|p2a: Oricorio|14/100
|move|p2a: Oricorio|Quiver Dance|p2a: Oricorio
|-boost|p2a: Oricorio|spa|1
|-boost|p2a: Oricorio|spd|1
|-boost|p2a: Oricorio|spe|1
|
|-heal|p2a: Oricorio|20/100|[from] item: Leftovers
|upkeep
|turn|19
|
|t:|1760771646
|switch|p1a: Tyranitar|Tyranitar, F|91/100
|-weather|Sandstorm|[from] ability: Sand Stream|[of] p1a: Tyranitar
|move|p2a: Oricorio|Revelation Dance|p1a: Tyranitar
|-damage|p1a: Tyranitar|49/100
|
|-weather|Sandstorm|[upkeep]
|-damage|p2a: Oricorio|14/100|[from] Sandstorm
|-heal|p2a: Oricorio|20/100|[from] item: Leftovers
|upkeep
|turn|20
|
|t:|1760771658
|switch|p1a: Great Tusk|Great Tusk, shiny|100/100
|-enditem|p1a: Great Tusk|Booster Energy
|-activate|p1a: Great Tusk|ability: Protosynthesis|[fromitem]
|-start|p1a: Great Tusk|protosynthesisspe
|move|p2a: Oricorio|Alluring Voice|p1a: Great Tusk
|-supereffective|p1a: Great Tusk
|-damage|p1a: Great Tusk|7/100
|
|-weather|Sandstorm|[upkeep]
|-damage|p2a: Oricorio|14/100|[from] Sandstorm
|-heal|p2a: Oricorio|20/100|[from] item: Leftovers
|upkeep
|turn|21
|inactive|J2icy has 60 seconds left.
|
|t:|1760771669
|move|p1a: Great Tusk|Ice Spinner|p2a: Oricorio
|-supereffective|p2a: Oricorio
|-damage|p2a: Oricorio|0 fnt
|faint|p2a: Oricorio
|
|win|J2icy
|raw|J2icy's rating: 1120 &rarr; <strong>1140</strong><br />(+20 for winning)
|raw|JJTEPIGBOSS's rating: 1055 &rarr; <strong>1040</strong><br />(-15 for losing)
|l|☆JJTEPIGBOSS
|player|p2|
