|j|☆slyddvicious
|j|☆nube4real
|t:|1760848850
|gametype|singles
|player|p1|slyddvicious|worker|1212
|player|p2|nube4real|red|1209
|gen|9
|tier|[Gen 9] OU
|rated|
|rule|HP Percentage Mod: HP is shown in percentages
|rule|Endless Battle Clause: Forcing endless battles is banned
|rule|Species Clause: Limit one of each Pokémon
|rule|OHKO Clause: OHKO moves are banned
|rule|Evasion Items Clause: Evasion items are banned
|rule|Evasion Moves Clause: Evasion moves are banned
|rule|Evasion Abilities Clause: Evasion abilities are banned
|rule|Sleep Moves Clause: Sleep-inducing moves are banned
|clearpoke
|poke|p1|Lokix, F|
|poke|p1|Primarina, M|
|poke|p1|Kyurem|
|poke|p1|Weezing-Galar, M|
|poke|p1|Iron Treads|
|poke|p1|Blaziken, F|
|poke|p2|Zamazenta-*|
|poke|p2|Pelipper, M|
|poke|p2|Overqwil, F|
|poke|p2|Alomomola, F|
|poke|p2|Glimmora, M|
|poke|p2|Dragonite, F|
|teampreview
|
|t:|1760848855
|teamsize|p1|6
|teamsize|p2|6
|start
|switch|p1a: Primarina|Primarina, M|100/100
|switch|p2a: Glimmora|Glimmora, M|100/100
|turn|1
|inactive|Battle timer is ON: inactive players will automatically lose when time's up. (requested by slyddvicious)
|
|t:|1760848874
|-terastallize|p1a: Primarina|Ghost
|move|p2a: Glimmora|Stealth Rock|p1a: Primarina
|-sidestart|p1: slyddvicious|move: Stealth Rock
|move|p1a: Primarina|Surf|p2a: Glimmora
|-supereffective|p2a: Glimmora
|-enditem|p2a: Glimmora|Focus Sash
|-damage|p2a: Glimmora|1/100
|
|upkeep
|turn|2
|
|t:|1760848883
|move|p2a: Glimmora|Spiky Shield|p2a: Glimmora
|-singleturn|p2a: Glimmora|move: Protect
|move|p1a: Primarina|Surf|p2a: Glimmora
|-activate|p2a: Glimmora|move: Protect
|
|upkeep
|turn|3
|
|t:|1760848893
|move|p2a: Glimmora|Mortal Spin|p1a: Primarina
|-resisted|p1a: Primarina
|-damage|p1a: Primarina|96/100
|-status|p1a: Primarina|psn
|move|p1a: Primarina|Psychic Noise|p2a: Glimmora
|-supereffective|p2a: Glimmora
|-damage|p2a: Glimmora|0 fnt
|faint|p2a: Glimmora
|
|-heal|p1a: Primarina|100/100 psn|[from] item: Leftovers
|-damage|p1a: Primarina|88/100 psn|[from] psn
|upkeep
|
|t:|1760848914
|switch|p2a: Pelipper|Pelipper, M|100/100
|-weather|RainDance|[from] ability: Drizzle|[of] p2a: Pelipper
|turn|4
|
|t:|1760848924
|move|p1a: Primarina|Moonblast|p2a: Pelipper
|-damage|p2a: Pelipper|27/100
|move|p2a: Pelipper|Tailwind|p2a: Pelipper
|-sidestart|p2: nube4real|move: Tailwind
|
|-weather|RainDance|[upkeep]
|-heal|p1a: Primarina|94/100 psn|[from] item: Leftovers
|-damage|p1a: Primarina|82/100 psn|[from] psn
|upkeep
|turn|5
|
|t:|1760848934
|switch|p1a: Kyurem|Kyurem|100/100
|-damage|p1a: Kyurem|75/100|[from] Stealth Rock
|-ability|p1a: Kyurem|Pressure
|move|p2a: Pelipper|U-turn|p1a: Kyurem
|-damage|p1a: Kyurem|68/100
|
|t:|1760848941
|switch|p2a: Overqwil|Overqwil, F|100/100|[from] U-turn
|
|-weather|RainDance|[upkeep]
|-heal|p1a: Kyurem|74/100|[from] item: Leftovers
|upkeep
|turn|6
|
|t:|1760848955
|move|p1a: Kyurem|Protect|p1a: Kyurem
|-singleturn|p1a: Kyurem|Protect
|move|p2a: Overqwil|Crunch|p1a: Kyurem
|-activate|p1a: Kyurem|move: Protect
|
|-weather|RainDance|[upkeep]
|-heal|p1a: Kyurem|80/100|[from] item: Leftovers
|upkeep
|turn|7
|
|t:|1760848968
|move|p2a: Overqwil|Crunch|p1a: Kyurem
|-damage|p1a: Kyurem|40/100
|move|p1a: Kyurem|Earth Power|p2a: Overqwil
|-supereffective|p2a: Overqwil
|-damage|p2a: Overqwil|27/100
|
|-weather|RainDance|[upkeep]
|-heal|p1a: Kyurem|46/100|[from] item: Leftovers
|-sideend|p2: nube4real|move: Tailwind
|upkeep
|turn|8
|
|t:|1760848977
|move|p2a: Overqwil|Destiny Bond|p2a: Overqwil
|-singlemove|p2a: Overqwil|Destiny Bond
|move|p1a: Kyurem|Earth Power|p2a: Overqwil
|-supereffective|p2a: Overqwil
|-damage|p2a: Overqwil|0 fnt
|faint|p2a: Overqwil
|-activate|p2a: Overqwil|move: Destiny Bond
|faint|p1a: Kyurem
|
|-weather|RainDance|[upkeep]
|upkeep
|
|t:|1760849005
|switch|p1a: Lokix|Lokix, F|100/100
|switch|p2a: Dragonite|Dragonite, F|100/100
|-damage|p1a: Lokix|76/100|[from] Stealth Rock
|turn|9
|inactive|nube4real has 120 seconds left.
|
|t:|1760849026
|switch|p1a: Weezing|Weezing-Galar, M|100/100
|-ability|p1a: Weezing|Neutralizing Gas
|switch|p2a: Alomomola|Alomomola, F|100/100
|
|-weather|RainDance|[upkeep]
|upkeep
|turn|10
|inactive|nube4real has 120 seconds left.
|
|t:|1760849037
|move|p1a: Weezing|Sludge Bomb|p2a: Alomomola
|-damage|p2a: Alomomola|71/100
|-status|p2a: Alomomola|psn
|move|p2a: Alomomola|Mirror Coat|p1a: Weezing
|-damage|p1a: Weezing|5/100
|
|-weather|RainDance|[upkeep]
|-damage|p2a: Alomomola|58/100 psn|[from] psn
|upkeep
|turn|11
|inactive|nube4real has 120 seconds left.
|
|t:|1760849046
|move|p2a: Alomomola|Flip Turn|p1a: Weezing
|-damage|p1a: Weezing|0 fnt
|faint|p1a: Weezing
|-end|p1a: Weezing|ability: Neutralizing Gas
|inactive|nube4real has 120 seconds left.
|
|t:|1760849056
|switch|p2a: Dragonite|Dragonite, F|100/100|[from] Flip Turn
|
|-weather|none
|upkeep
|
|t:|1760849067
|switch|p1a: Iron Treads|Iron Treads|100/100
|-damage|p1a: Iron Treads|98/100|[from] Stealth Rock
|-item|p1a: Iron Treads|Air Balloon
|turn|12
|
|t:|1760849075
|move|p2a: Dragonite|Dragon Dance|p2a: Dragonite
|-boost|p2a: Dragonite|atk|1
|-boost|p2a: Dragonite|spe|1
|move|p1a: Iron Treads|Knock Off|p2a: Dragonite
|-damage|p2a: Dragonite|88/100
|-enditem|p2a: Dragonite|Lum Berry|[from] move: Knock Off|[of] p1a: Iron Treads
|
|upkeep
|turn|13
|inactive|nube4real has 120 seconds left.
|
|t:|1760849097
|-terastallize|p2a: Dragonite|Normal
|move|p2a: Dragonite|Fire Punch|p1a: Iron Treads
|-supereffective|p1a: Iron Treads
|-damage|p1a: Iron Treads|35/100
|-enditem|p1a: Iron Treads|Air Balloon
|move|p1a: Iron Treads|Stealth Rock|p2a: Dragonite
|-sidestart|p2: nube4real|move: Stealth Rock
|
|upkeep
|turn|14
|
|t:|1760849107
|-end|p1a: Iron Treads|Quark Drive|[silent]
|switch|p1a: Blaziken|Blaziken, F|100/100
|-damage|p1a: Blaziken|88/100|[from] Stealth Rock
|move|p2a: Dragonite|Fire Punch|p1a: Blaziken
|-resisted|p1a: Blaziken
|-damage|p1a: Blaziken|53/100
|
|upkeep
|turn|15
|
|t:|1760849119
|move|p1a: Blaziken|Protect|p1a: Blaziken
|-singleturn|p1a: Blaziken|Protect
|move|p2a: Dragonite|Dragon Dance|p2a: Dragonite
|-boost|p2a: Dragonite|atk|1
|-boost|p2a: Dragonite|spe|1
|
|-ability|p1a: Blaziken|Speed Boost|boost
|-boost|p1a: Blaziken|spe|1
|upkeep
|turn|16
|
|t:|1760849132
|switch|p1a: Iron Treads|Iron Treads|35/100
|-damage|p1a: Iron Treads|33/100|[from] Stealth Rock
|move|p2a: Dragonite|Extreme Speed|p1a: Iron Treads
|-resisted|p1a: Iron Treads
|-damage|p1a: Iron Treads|0 fnt
|faint|p1a: Iron Treads
|-end|p1a: Iron Treads|Quark Drive|[silent]
|
|upkeep
|
|t:|1760849141
|switch|p1a: Lokix|Lokix, F|76/100
|-damage|p1a: Lokix|51/100|[from] Stealth Rock
|turn|17
|
|t:|1760849160
|move|p2a: Dragonite|Extreme Speed|p1a: Lokix
|-damage|p1a: Lokix|0 fnt
|faint|p1a: Lokix
|
|upkeep
|
|t:|1760849165
|switch|p1a: Primarina|Primarina, M, tera:Ghost|82/100 psn
|-damage|p1a: Primarina|69/100 psn|[from] Stealth Rock
|turn|18
|
|t:|1760849179
|move|p2a: Dragonite|Outrage|p1a: Primarina
|-damage|p1a: Primarina|0 fnt
|faint|p1a: Primarina
|
|upkeep
|-message|slyddvicious forfeited.
|
|win|nube4real
|raw|slyddvicious's rating: 1212 &rarr; <strong>1187</strong><br />(-25 for losing)
|raw|nube4real's rating: 1209 &rarr; <strong>1234</strong><br />(+25 for winning)
|l|☆slyddvicious
|player|p1|
|l|☆nube4real
|player|p2|
