|j|☆ekylxy
|j|☆HZBKAI7
|t:|1760851693
|gametype|singles
|player|p1|ekylxy|lady-gen4|1208
|player|p2|HZBKAI7|2|1166
|gen|9
|tier|[Gen 9] OU
|rated|
|rule|HP Percentage Mod: HP is shown in percentages
|rule|Endless Battle Clause: Forcing endless battles is banned
|rule|Species Clause: Limit one of each Pokémon
|rule|OHKO Clause: OHKO moves are banned
|rule|Evasion Items Clause: Evasion items are banned
|rule|Evasion Moves Clause: Evasion moves are banned
|rule|Evasion Abilities Clause: Evasion abilities are banned
|rule|Sleep Moves Clause: Sleep-inducing moves are banned
|clearpoke
|poke|p1|Zoroark-Hisui, F|
|poke|p1|Kleavor, M|
|poke|p1|Iron Valiant|
|poke|p1|Iron Treads|
|poke|p1|Dragonite, M|
|poke|p1|Samurott-Hisui, F|
|poke|p2|Kingambit, F|
|poke|p2|Iron Treads|
|poke|p2|Necrozma|
|poke|p2|Pecharunt|
|poke|p2|Enamorus, F|
|poke|p2|Samurott-Hisui, F|
|teampreview
|inactive|Battle timer is ON: inactive players will automatically lose when time's up. (requested by ekylxy)
|
|t:|1760851706
|teamsize|p1|6
|teamsize|p2|6
|start
|switch|p1a: Iron Valiant|Iron Valiant|100/100
|switch|p2a: Samurott|Samurott-Hisui, F, shiny|100/100
|-enditem|p1a: Iron Valiant|Booster Energy
|-activate|p1a: Iron Valiant|ability: Quark Drive|[fromitem]
|-start|p1a: Iron Valiant|quarkdrivespe
|turn|1
|
|t:|1760851709
|move|p1a: Iron Valiant|Moonblast|p2a: Samurott
|-supereffective|p2a: Samurott
|-crit|p2a: Samurott
|-damage|p2a: Samurott|0 fnt
|faint|p2a: Samurott
|
|upkeep
|
|t:|1760851709
|switch|p2a: Necrozma|Necrozma, shiny|100/100
|turn|2
|
|t:|1760851714
|move|p1a: Iron Valiant|Calm Mind|p1a: Iron Valiant
|-boost|p1a: Iron Valiant|spa|1
|-boost|p1a: Iron Valiant|spd|1
|move|p2a: Necrozma|Photon Geyser|p1a: Iron Valiant
|-supereffective|p1a: Iron Valiant
|-damage|p1a: Iron Valiant|0 fnt
|faint|p1a: Iron Valiant
|-end|p1a: Iron Valiant|Quark Drive|[silent]
|
|upkeep
|
|t:|1760851719
|switch|p1a: Samurott|Samurott-Hisui, F|100/100
|turn|3
|
|t:|1760851727
|move|p1a: Samurott|Shadow Ball|p2a: Necrozma
|-supereffective|p2a: Necrozma
|-damage|p2a: Necrozma|15/100
|move|p2a: Necrozma|Earth Power|p1a: Samurott
|-damage|p1a: Samurott|37/100
|replace|p1a: Zoroark|Zoroark-Hisui, F
|-end|p1a: Zoroark|Illusion
|
|upkeep
|turn|4
|
|t:|1760851730
|move|p1a: Zoroark|Shadow Ball|p2a: Necrozma
|-supereffective|p2a: Necrozma
|-damage|p2a: Necrozma|0 fnt
|faint|p2a: Necrozma
|
|upkeep
|
|t:|1760851730
|switch|p2a: Kingambit|Kingambit, F, shiny|100/100
|-activate|p2a: Kingambit|ability: Supreme Overlord
|-start|p2a: Kingambit|fallen2|[silent]
|turn|5
|
|t:|1760851740
|switch|p1a: Samurott|Samurott-Hisui, F|100/100
|move|p2a: Kingambit|Kowtow Cleave|p1a: Samurott
|-resisted|p1a: Samurott
|-damage|p1a: Samurott|53/100
|
|upkeep
|turn|6
|
|t:|1760851744
|move|p1a: Samurott|Knock Off|p2a: Kingambit
|-resisted|p2a: Kingambit
|-damage|p2a: Kingambit|84/100
|-enditem|p2a: Kingambit|Black Glasses|[from] move: Knock Off|[of] p1a: Samurott
|move|p2a: Kingambit|Kowtow Cleave|p1a: Samurott
|-resisted|p1a: Samurott
|-damage|p1a: Samurott|12/100
|
|upkeep
|turn|7
|
|t:|1760851748
|move|p1a: Samurott|Aqua Cutter|p2a: Kingambit
|-damage|p2a: Kingambit|48/100
|move|p2a: Kingambit|Kowtow Cleave|p1a: Samurott
|-resisted|p1a: Samurott
|-damage|p1a: Samurott|0 fnt
|faint|p1a: Samurott
|
|upkeep
|
|t:|1760851763
|switch|p1a: Iron Treads|Iron Treads|100/100
|turn|8
|
|t:|1760851764
|move|p1a: Iron Treads|Earthquake|p2a: Kingambit
|-supereffective|p2a: Kingambit
|-damage|p2a: Kingambit|0 fnt
|faint|p2a: Kingambit
|-end|p2a: Kingambit|fallen2|[silent]
|
|upkeep
|
|t:|1760851764
|switch|p2a: Iron Treads|Iron Treads|100/100
|turn|9
|
|t:|1760851770
|-end|p1a: Iron Treads|Quark Drive|[silent]
|switch|p1a: Dragonite|Dragonite, M|100/100
|move|p2a: Iron Treads|Earthquake|p1a: Dragonite
|-immune|p1a: Dragonite
|
|upkeep
|turn|10
|
|t:|1760851779
|move|p2a: Iron Treads|Ice Spinner|p1a: Dragonite
|-supereffective|p1a: Dragonite
|-damage|p1a: Dragonite|40/100
|move|p1a: Dragonite|Dragon Claw|p2a: Iron Treads
|-resisted|p2a: Iron Treads
|-damage|p2a: Iron Treads|80/100
|
|upkeep
|turn|11
|
|t:|1760851781
|move|p1a: Dragonite|Extreme Speed|p2a: Iron Treads
|-resisted|p2a: Iron Treads
|-damage|p2a: Iron Treads|68/100
|move|p2a: Iron Treads|Ice Spinner|p1a: Dragonite
|-supereffective|p1a: Dragonite
|-damage|p1a: Dragonite|0 fnt
|faint|p1a: Dragonite
|
|upkeep
|
|t:|1760851792
|switch|p1a: Iron Treads|Iron Treads|37/100
|turn|12
|
|t:|1760851797
|move|p1a: Iron Treads|Shadow Ball|p2a: Iron Treads
|-damage|p2a: Iron Treads|7/100
|move|p2a: Iron Treads|Earthquake|p1a: Iron Treads
|-damage|p1a: Iron Treads|0 fnt
|replace|p1a: Zoroark|Zoroark-Hisui, F
|-end|p1a: Zoroark|Illusion
|faint|p1a: Zoroark
|
|upkeep
|
|t:|1760851801
|switch|p1a: Kleavor|Kleavor, M|100/100
|turn|13
|
|t:|1760851803
|move|p2a: Iron Treads|Earthquake|p1a: Kleavor
|-damage|p1a: Kleavor|56/100
|move|p1a: Kleavor|Trailblaze|p2a: Iron Treads
|-damage|p2a: Iron Treads|0 fnt
|-boost|p1a: Kleavor|spe|1
|faint|p2a: Iron Treads
|-end|p2a: Iron Treads|Quark Drive|[silent]
|
|upkeep
|
|t:|1760851803
|switch|p2a: Enamorus|Enamorus, F, shiny|100/100
|turn|14
|
|t:|1760851806
|move|p2a: Enamorus|Moonblast|p1a: Kleavor
|-damage|p1a: Kleavor|0 fnt
|faint|p1a: Kleavor
|
|upkeep
|
|t:|1760851817
|switch|p1a: Iron Treads|Iron Treads|100/100
|turn|15
|
|t:|1760851823
|move|p2a: Enamorus|Moonblast|p1a: Iron Treads
|-resisted|p1a: Iron Treads
|-damage|p1a: Iron Treads|73/100
|move|p1a: Iron Treads|Iron Head|p2a: Enamorus
|-supereffective|p2a: Enamorus
|-damage|p2a: Enamorus|0 fnt
|faint|p2a: Enamorus
|
|upkeep
|
|t:|1760851823
|switch|p2a: Pecharunt|Pecharunt|100/100
|-item|p2a: Pecharunt|Air Balloon
|turn|16
|
|t:|1760851834
|move|p1a: Iron Treads|Iron Head|p2a: Pecharunt
|-damage|p2a: Pecharunt|75/100
|-enditem|p2a: Pecharunt|Air Balloon
|move|p2a: Pecharunt|Shadow Ball|p1a: Iron Treads
|-damage|p1a: Iron Treads|48/100
|
|upkeep
|turn|17
|
|t:|1760851838
|move|p1a: Iron Treads|Iron Head|p2a: Pecharunt
|-damage|p2a: Pecharunt|54/100
|move|p2a: Pecharunt|Shadow Ball|p1a: Iron Treads
|-damage|p1a: Iron Treads|23/100
|
|upkeep
|turn|18
|
|t:|1760851840
|move|p1a: Iron Treads|Earthquake|p2a: Pecharunt
|-supereffective|p2a: Pecharunt
|-damage|p2a: Pecharunt|0 fnt
|faint|p2a: Pecharunt
|
|win|ekylxy
|raw|ekylxy's rating: 1208 &rarr; <strong>1230</strong><br />(+22 for winning)
|raw|HZBKAI7's rating: 1166 &rarr; <strong>1144</strong><br />(-22 for losing)
|l|☆HZBKAI7
|player|p2|
|l|☆ekylxy
|player|p1|
