|j|☆bh.babiri
|j|☆Precise Peter
|t:|1760764438
|gametype|singles
|player|p1|bh.babiri|dawn-gen4pt|1431
|player|p2|Precise Peter|colress|1534
|gen|9
|tier|[Gen 9] OU
|rated|
|rule|HP Percentage Mod: HP is shown in percentages
|rule|Endless Battle Clause: Forcing endless battles is banned
|rule|Species Clause: Limit one of each Pokémon
|rule|OHKO Clause: OHKO moves are banned
|rule|Evasion Items Clause: Evasion items are banned
|rule|Evasion Moves Clause: Evasion moves are banned
|rule|Evasion Abilities Clause: Evasion abilities are banned
|rule|Sleep Moves Clause: Sleep-inducing moves are banned
|clearpoke
|poke|p1|Dragonite, F|
|poke|p1|Raging Bolt|
|poke|p1|Iron Treads|
|poke|p1|Polteageist-Antique|
|poke|p1|Alomomola, F|
|poke|p1|Moltres|
|poke|p2|Moltres|
|poke|p2|Zamazenta-*|
|poke|p2|Darkrai|
|poke|p2|Hydrapple, M|
|poke|p2|Ting-Lu|
|poke|p2|Tinkaton, F|
|teampreview
|inactive|Battle timer is ON: inactive players will automatically lose when time's up. (requested by Precise Peter)
|inactive|bh.babiri also wants the timer to be on.
|inactive|Precise Peter has 120 seconds left.
|
|t:|1760764475
|teamsize|p1|6
|teamsize|p2|6
|start
|switch|p1a: Moltres|Moltres|100/100
|switch|p2a: Hydrapple|Hydrapple, M|100/100
|turn|1
|
|t:|1760764482
|move|p1a: Moltres|Flamethrower|p2a: Hydrapple
|-damage|p2a: Hydrapple|47/100
|move|p2a: Hydrapple|Nasty Plot|p2a: Hydrapple
|-boost|p2a: Hydrapple|spa|2
|
|upkeep
|turn|2
|
|t:|1760764496
|switch|p2a: Ting-Lu|Ting-Lu|100/100
|-ability|p2a: Ting-Lu|Vessel of Ruin
|move|p1a: Moltres|Flamethrower|p2a: Ting-Lu
|-damage|p2a: Ting-Lu|80/100
|-status|p2a: Ting-Lu|brn
|
|-heal|p2a: Ting-Lu|86/100 brn|[from] item: Leftovers
|-damage|p2a: Ting-Lu|80/100 brn|[from] brn
|upkeep
|turn|3
|
|t:|1760764506
|move|p1a: Moltres|Flamethrower|p2a: Ting-Lu
|-damage|p2a: Ting-Lu|59/100 brn
|move|p2a: Ting-Lu|Ruination|p1a: Moltres
|-damage|p1a: Moltres|51/100
|
|-heal|p2a: Ting-Lu|66/100 brn|[from] item: Leftovers
|-damage|p2a: Ting-Lu|59/100 brn|[from] brn
|upkeep
|turn|4
|
|t:|1760764514
|move|p1a: Moltres|Scorching Sands|p2a: Ting-Lu
|-damage|p2a: Ting-Lu|48/100 brn
|move|p2a: Ting-Lu|Ruination|p1a: Moltres
|-damage|p1a: Moltres|26/100
|
|-heal|p2a: Ting-Lu|54/100 brn|[from] item: Leftovers
|-damage|p2a: Ting-Lu|48/100 brn|[from] brn
|upkeep
|turn|5
|
|t:|1760764524
|move|p1a: Moltres|Scorching Sands|p2a: Ting-Lu
|-damage|p2a: Ting-Lu|36/100 brn
|move|p2a: Ting-Lu|Spikes|p1a: Moltres
|-sidestart|p1: bh.babiri|Spikes
|
|-heal|p2a: Ting-Lu|42/100 brn|[from] item: Leftovers
|-damage|p2a: Ting-Lu|36/100 brn|[from] brn
|upkeep
|turn|6
|
|t:|1760764531
|move|p1a: Moltres|Flamethrower|p2a: Ting-Lu
|-damage|p2a: Ting-Lu|16/100 brn
|move|p2a: Ting-Lu|Earthquake|p1a: Moltres
|-immune|p1a: Moltres
|
|-heal|p2a: Ting-Lu|22/100 brn|[from] item: Leftovers
|-damage|p2a: Ting-Lu|16/100 brn|[from] brn
|upkeep
|turn|7
|
|t:|1760764538
|move|p1a: Moltres|Roost|p1a: Moltres
|-heal|p1a: Moltres|76/100
|-singleturn|p1a: Moltres|move: Roost
|move|p2a: Ting-Lu|Ruination|p1a: Moltres|[miss]
|-miss|p2a: Ting-Lu|p1a: Moltres
|
|-heal|p2a: Ting-Lu|22/100 brn|[from] item: Leftovers
|-damage|p2a: Ting-Lu|16/100 brn|[from] brn
|upkeep
|turn|8
|
|t:|1760764543
|move|p1a: Moltres|Flamethrower|p2a: Ting-Lu
|-damage|p2a: Ting-Lu|0 fnt
|faint|p2a: Ting-Lu
|
|upkeep
|
|t:|1760764551
|switch|p2a: Darkrai|Darkrai, shiny|100/100
|turn|9
|l|☆bh.babiri
|inactive|bh.babiri disconnected and has a minute to reconnect!
|player|p1|
|j|☆bh.babiri
|inactive|bh.babiri reconnected and has 120 seconds left.
|player|p1|bh.babiri|dawn-gen4pt|
|
|t:|1760764585
|move|p2a: Darkrai|Dark Pulse|p1a: Moltres
|-damage|p1a: Moltres|31/100
|move|p1a: Moltres|Flamethrower|p2a: Darkrai
|-damage|p2a: Darkrai|35/100
|
|upkeep
|turn|10
|
|t:|1760764600
|move|p2a: Darkrai|Dark Pulse|p1a: Moltres
|-damage|p1a: Moltres|0 fnt
|faint|p1a: Moltres
|
|upkeep
|
|t:|1760764603
|switch|p1a: Raging Bolt|Raging Bolt|100/100
|-damage|p1a: Raging Bolt|88/100|[from] Spikes
|turn|11
|
|t:|1760764610
|switch|p2a: Hydrapple|Hydrapple, M|80/100
|move|p1a: Raging Bolt|Volt Switch|p2a: Hydrapple
|-resisted|p2a: Hydrapple
|-damage|p2a: Hydrapple|63/100
|
|t:|1760764619
|-end|p1a: Raging Bolt|Protosynthesis|[silent]
|switch|p1a: Iron Treads|Iron Treads|100/100|[from] Volt Switch
|
|upkeep
|turn|12
|
|t:|1760764626
|move|p1a: Iron Treads|Ice Spinner|p2a: Hydrapple
|-supereffective|p2a: Hydrapple
|-damage|p2a: Hydrapple|0 fnt
|faint|p2a: Hydrapple
|
|upkeep
|
|t:|1760764632
|switch|p2a: Moltres|Moltres|100/100
|turn|13
|
|t:|1760764635
|move|p1a: Iron Treads|Stealth Rock|p2a: Moltres
|-sidestart|p2: Precise Peter|move: Stealth Rock
|move|p2a: Moltres|Flamethrower|p1a: Iron Treads
|-supereffective|p1a: Iron Treads
|-damage|p1a: Iron Treads|0 fnt
|faint|p1a: Iron Treads
|-end|p1a: Iron Treads|Quark Drive|[silent]
|
|upkeep
|
|t:|1760764637
|switch|p1a: Raging Bolt|Raging Bolt|88/100
|-damage|p1a: Raging Bolt|76/100|[from] Spikes
|turn|14
|
|t:|1760764662
|move|p2a: Moltres|Roost||[still]
|-fail|p2a: Moltres|heal
|move|p1a: Raging Bolt|Thunderbolt|p2a: Moltres
|-supereffective|p2a: Moltres
|-damage|p2a: Moltres|0 fnt
|faint|p2a: Moltres
|
|upkeep
|
|t:|1760764672
|switch|p2a: Tinkaton|Tinkaton, F|100/100
|-damage|p2a: Tinkaton|94/100|[from] Stealth Rock
|-ability|p2a: Tinkaton|Mold Breaker
|-item|p2a: Tinkaton|Air Balloon
|turn|15
|
|t:|1760764682
|move|p2a: Tinkaton|Stealth Rock|p1a: Raging Bolt
|-sidestart|p1: bh.babiri|move: Stealth Rock
|move|p1a: Raging Bolt|Thunderbolt|p2a: Tinkaton
|-damage|p2a: Tinkaton|26/100
|-enditem|p2a: Tinkaton|Air Balloon
|
|upkeep
|turn|16
|
|t:|1760764689
|move|p2a: Tinkaton|Gigaton Hammer|p1a: Raging Bolt
|-resisted|p1a: Raging Bolt
|-damage|p1a: Raging Bolt|58/100
|move|p1a: Raging Bolt|Thunderbolt|p2a: Tinkaton
|-damage|p2a: Tinkaton|0 fnt
|faint|p2a: Tinkaton
|
|upkeep
|
|t:|1760764699
|switch|p2a: Darkrai|Darkrai, shiny|35/100
|turn|17
|
|t:|1760764706
|move|p2a: Darkrai|Dark Pulse|p1a: Raging Bolt
|-damage|p1a: Raging Bolt|26/100
|move|p1a: Raging Bolt|Thunderbolt|p2a: Darkrai
|-damage|p2a: Darkrai|0 fnt
|faint|p2a: Darkrai
|
|upkeep
|-message|Precise Peter forfeited.
|
|win|bh.babiri
|raw|bh.babiri's rating: 1431 &rarr; <strong>1457</strong><br />(+26 for winning)
|raw|Precise Peter's rating: 1534 &rarr; <strong>1508</strong><br />(-26 for losing)
|l|☆Precise Peter
|player|p2|
|l|☆bh.babiri
|player|p1|
