|j|☆cassoplayer
|j|☆trippi-troppi6969
|t:|1760763338
|gametype|singles
|player|p1|cassoplayer|shadowtriad|1122
|player|p2|trippi-troppi6969|ghetsis|1112
|gen|9
|tier|[Gen 9] OU
|rated|
|rule|HP Percentage Mod: HP is shown in percentages
|rule|Endless Battle Clause: Forcing endless battles is banned
|rule|Species Clause: Limit one of each Pokémon
|rule|OHKO Clause: OHKO moves are banned
|rule|Evasion Items Clause: Evasion items are banned
|rule|Evasion Moves Clause: Evasion moves are banned
|rule|Evasion Abilities Clause: Evasion abilities are banned
|rule|Sleep Moves Clause: Sleep-inducing moves are banned
|clearpoke
|poke|p1|Espeon, M|
|poke|p1|Corviknight, F|
|poke|p1|Garchomp, F|
|poke|p1|Toxapex, F|
|poke|p1|Iron Valiant|
|poke|p1|Dragonite, F|
|poke|p2|Moltres|
|poke|p2|Sandaconda, F|
|poke|p2|Goodra-Hisui, F|
|poke|p2|Zangoose, M|
|poke|p2|Iron Valiant|
|poke|p2|Greninja-*, M|
|teampreview
|inactive|Battle timer is ON: inactive players will automatically lose when time's up. (requested by trippi-troppi6969)
|
|t:|1760763345
|teamsize|p1|6
|teamsize|p2|6
|start
|switch|p1a: espartano|Iron Valiant|100/100
|switch|p2a: Greninja|Greninja, M|100/100
|turn|1
|
|t:|1760763357
|move|p1a: espartano|Moonblast|p2a: Greninja
|-supereffective|p2a: Greninja
|-damage|p2a: Greninja|0 fnt
|faint|p2a: Greninja
|
|upkeep
|
|t:|1760763368
|switch|p2a: Goodra|Goodra-Hisui, F|100/100
|turn|2
|
|t:|1760763376
|-end|p1a: espartano|Quark Drive|[silent]
|switch|p1a: panson|Dragonite, F|100/100
|move|p2a: Goodra|Fire Blast|p1a: panson
|-resisted|p1a: panson
|-damage|p1a: panson|93/100
|
|upkeep
|turn|3
|
|t:|1760763389
|-terastallize|p2a: Goodra|Fairy
|move|p1a: panson|Earthquake|p2a: Goodra
|-damage|p2a: Goodra|67/100
|move|p2a: Goodra|Draco Meteor|p1a: panson
|-supereffective|p1a: panson
|-damage|p1a: panson|0 fnt
|-unboost|p2a: Goodra|spa|2
|faint|p1a: panson
|
|upkeep
|
|t:|1760763398
|switch|p1a: concha|Toxapex, F|100/100
|turn|4
|
|t:|1760763403
|switch|p2a: Iron Valiant|Iron Valiant|100/100
|move|p1a: concha|Toxic Spikes|p2a: Iron Valiant
|-sidestart|p2: trippi-troppi6969|move: Toxic Spikes
|
|upkeep
|turn|5
|
|t:|1760763413
|move|p2a: Iron Valiant|Moonblast|p1a: concha
|-resisted|p1a: concha
|-damage|p1a: concha|78/100
|move|p1a: concha|Surf|p2a: Iron Valiant
|-damage|p2a: Iron Valiant|69/100
|
|-heal|p1a: concha|85/100|[from] item: Black Sludge
|upkeep
|turn|6
|
|t:|1760763434
|-end|p2a: Iron Valiant|Quark Drive|[silent]
|switch|p2a: Zangoose|Zangoose, M|100/100
|-status|p2a: Zangoose|psn
|move|p1a: concha|Surf|p2a: Zangoose
|-damage|p2a: Zangoose|65/100 psn
|
|-heal|p1a: concha|91/100|[from] item: Black Sludge
|-damage|p2a: Zangoose|52/100 psn|[from] psn
|upkeep
|turn|7
|
|t:|1760763445
|move|p2a: Zangoose|Substitute|p2a: Zangoose
|-start|p2a: Zangoose|Substitute
|-damage|p2a: Zangoose|27/100 psn
|move|p1a: concha|Surf|p2a: Zangoose
|-end|p2a: Zangoose|Substitute
|
|-heal|p1a: concha|97/100|[from] item: Black Sludge
|-damage|p2a: Zangoose|15/100 psn|[from] psn
|upkeep
|-enditem|p2a: Zangoose|Salac Berry|[eat]
|-boost|p2a: Zangoose|spe|1|[from] item: Salac Berry
|turn|8
|
|t:|1760763455
|move|p2a: Zangoose|Double-Edge|p1a: concha
|-damage|p1a: concha|31/100
|-damage|p2a: Zangoose|0 fnt|[from] Recoil
|faint|p2a: Zangoose
|move|p1a: concha|Surf|p2: Zangoose|[notarget]
|-fail|p1a: concha
|
|-heal|p1a: concha|37/100|[from] item: Black Sludge
|upkeep
|-message|trippi-troppi6969 forfeited.
|
|win|cassoplayer
|raw|cassoplayer's rating: 1122 &rarr; <strong>1146</strong><br />(+24 for winning)
|raw|trippi-troppi6969's rating: 1112 &rarr; <strong>1088</strong><br />(-24 for losing)
|l|☆trippi-troppi6969
|player|p2|
|l|☆cassoplayer
|player|p1|
