|j|☆sumofsquares
|j|☆Maltyy
|t:|1760847452
|gametype|singles
|player|p1|sumofsquares|wallace|1429
|player|p2|Maltyy|harlequin|1472
|gen|9
|tier|[Gen 9] OU
|rated|
|rule|HP Percentage Mod: HP is shown in percentages
|rule|Endless Battle Clause: Forcing endless battles is banned
|rule|Species Clause: Limit one of each Pokémon
|rule|OHKO Clause: OHKO moves are banned
|rule|Evasion Items Clause: Evasion items are banned
|rule|Evasion Moves Clause: Evasion moves are banned
|rule|Evasion Abilities Clause: Evasion abilities are banned
|rule|Sleep Moves Clause: Sleep-inducing moves are banned
|clearpoke
|poke|p1|Great Tusk|
|poke|p1|Ogerpon, F|
|poke|p1|Raging Bolt|
|poke|p1|Primarina, M|
|poke|p1|Moltres|
|poke|p1|Glimmora, M|
|poke|p2|Lokix, M|
|poke|p2|Cinderace, F|
|poke|p2|Great Tusk|
|poke|p2|Alomomola, M|
|poke|p2|Enamorus, F|
|poke|p2|Slowking-Galar, F|
|teampreview
|
|t:|1760847469
|teamsize|p1|6
|teamsize|p2|6
|start
|switch|p1a: Primarina|Primarina, M|100/100
|switch|p2a: Slowking|Slowking-Galar, F|100/100
|turn|1
|
|t:|1760847474
|move|p1a: Primarina|Flip Turn|p2a: Slowking
|-damage|p2a: Slowking|89/100
|
|t:|1760847494
|switch|p1a: Raging Bolt|Raging Bolt|100/100|[from] Flip Turn
|move|p2a: Slowking|Sludge Bomb|p1a: Raging Bolt
|-damage|p1a: Raging Bolt|70/100
|
|upkeep
|turn|2
|
|t:|1760847499
|move|p1a: Raging Bolt|Thunderbolt|p2a: Slowking
|-damage|p2a: Slowking|48/100
|-prepare|p2a: Slowking|Chilly Reception|[premajor]
|move|p2a: Slowking|Chilly Reception|p2a: Slowking
|-weather|Snowscape
|
|t:|1760847506
|switch|p2a: Alomomola|Alomomola, M|100/100|[from] Chilly Reception
|
|-weather|Snowscape|[upkeep]
|upkeep
|turn|3
|
|t:|1760847514
|move|p1a: Raging Bolt|Thunderbolt|p2a: Alomomola
|-supereffective|p2a: Alomomola
|-damage|p2a: Alomomola|48/100
|move|p2a: Alomomola|Flip Turn|p1a: Raging Bolt
|-resisted|p1a: Raging Bolt
|-damage|p1a: Raging Bolt|64/100
|
|t:|1760847528
|switch|p2a: Lokix|Lokix, M|100/100|[from] Flip Turn
|
|-weather|Snowscape|[upkeep]
|upkeep
|turn|4
|
|t:|1760847542
|-end|p1a: Raging Bolt|Protosynthesis|[silent]
|switch|p1a: Moltres|Moltres|100/100
|move|p2a: Lokix|First Impression|p1a: Moltres
|-resisted|p1a: Moltres
|-damage|p1a: Moltres|74/100
|
|-weather|Snowscape|[upkeep]
|upkeep
|turn|5
|
|t:|1760847549
|switch|p2a: Alomomola|Alomomola, M|81/100
|move|p1a: Moltres|U-turn|p2a: Alomomola
|-damage|p2a: Alomomola|70/100
|
|t:|1760847559
|switch|p1a: Primarina|Primarina, M|100/100|[from] U-turn
|
|-weather|Snowscape|[upkeep]
|upkeep
|turn|6
|
|t:|1760847564
|move|p1a: Primarina|Calm Mind|p1a: Primarina
|-boost|p1a: Primarina|spa|1
|-boost|p1a: Primarina|spd|1
|move|p2a: Alomomola|Flip Turn|p1a: Primarina
|-resisted|p1a: Primarina
|-damage|p1a: Primarina|91/100
|
|t:|1760847569
|switch|p2a: Lokix|Lokix, M|100/100|[from] Flip Turn
|
|-weather|none
|upkeep
|turn|7
|
|t:|1760847574
|switch|p1a: Moltres|Moltres|74/100
|move|p2a: Lokix|U-turn|p1a: Moltres
|-resisted|p1a: Moltres
|-damage|p1a: Moltres|54/100
|
|t:|1760847587
|switch|p2a: Alomomola|Alomomola, M|100/100|[from] U-turn
|
|upkeep
|turn|8
|
|t:|1760847590
|move|p1a: Moltres|Roost|p1a: Moltres
|-heal|p1a: Moltres|100/100
|-singleturn|p1a: Moltres|move: Roost
|move|p2a: Alomomola|Flip Turn|p1a: Moltres
|-supereffective|p1a: Moltres
|-damage|p1a: Moltres|76/100
|-status|p2a: Alomomola|brn|[from] ability: Flame Body|[of] p1a: Moltres
|
|t:|1760847598
|switch|p2a: Slowking|Slowking-Galar, F|81/100|[from] Flip Turn
|
|upkeep
|turn|9
|
|t:|1760847603
|move|p1a: Moltres|U-turn|p2a: Slowking
|-damage|p2a: Slowking|70/100
|
|t:|1760847610
|switch|p1a: Raging Bolt|Raging Bolt|64/100|[from] U-turn
|move|p2a: Slowking|Future Sight|p1a: Raging Bolt
|-start|p2a: Slowking|move: Future Sight
|
|upkeep
|turn|10
|
|t:|1760847620
|move|p1a: Raging Bolt|Thunderbolt|p2a: Slowking
|-crit|p2a: Slowking
|-damage|p2a: Slowking|14/100
|move|p2a: Slowking|Ice Beam|p1a: Raging Bolt
|-supereffective|p1a: Raging Bolt
|-damage|p1a: Raging Bolt|22/100
|
|upkeep
|turn|11
|
|t:|1760847637
|switch|p2a: Alomomola|Alomomola, M|100/100 brn
|move|p1a: Raging Bolt|Draco Meteor|p2a: Alomomola|[miss]
|-miss|p1a: Raging Bolt|p2a: Alomomola
|
|-end|p1a: Raging Bolt|move: Future Sight
|-damage|p1a: Raging Bolt|0 fnt
|faint|p1a: Raging Bolt
|-end|p1a: Raging Bolt|Protosynthesis|[silent]
|-damage|p2a: Alomomola|94/100 brn|[from] brn
|upkeep
|
|t:|1760847649
|switch|p1a: Ogerpon|Ogerpon, F|100/100
|turn|12
|
|t:|1760847658
|switch|p2a: Slowking|Slowking-Galar, F|47/100
|move|p1a: Ogerpon|Ivy Cudgel|p2a: Slowking
|-resisted|p2a: Slowking
|-damage|p2a: Slowking|21/100
|
|upkeep
|turn|13
|
|t:|1760847665
|switch|p2a: Cinderace|Cinderace, F|100/100
|move|p1a: Ogerpon|Ivy Cudgel|p2a: Cinderace
|-resisted|p2a: Cinderace
|-damage|p2a: Cinderace|54/100
|
|upkeep
|turn|14
|
|t:|1760847673
|-terastallize|p1a: Ogerpon|Grass
|detailschange|p1a: Ogerpon|Ogerpon-Teal-Tera, F, tera:Grass
|-ability|p1a: Ogerpon|Embody Aspect (Teal)|boost
|-boost|p1a: Ogerpon|spe|1
|move|p1a: Ogerpon|Ivy Cudgel|p2a: Cinderace
|-resisted|p2a: Cinderace
|-damage|p2a: Cinderace|0 fnt
|faint|p2a: Cinderace
|
|upkeep
|
|t:|1760847676
|switch|p2a: Lokix|Lokix, M|100/100
|turn|15
|
|t:|1760847686
|switch|p1a: Moltres|Moltres|76/100
|switch|p2a: Slowking|Slowking-Galar, F|54/100
|
|upkeep
|turn|16
|
|t:|1760847695
|move|p1a: Moltres|U-turn|p2a: Slowking
|-damage|p2a: Slowking|43/100
|
|t:|1760847698
|switch|p1a: Glimmora|Glimmora, M|100/100|[from] U-turn
|move|p2a: Slowking|Future Sight|p1a: Glimmora
|-start|p2a: Slowking|move: Future Sight
|
|upkeep
|turn|17
|
|t:|1760847704
|move|p1a: Glimmora|Earth Power|p2a: Slowking
|-supereffective|p2a: Slowking
|-enditem|p2a: Slowking|Shuca Berry|[eat]
|-enditem|p2a: Slowking|Shuca Berry|[weaken]
|-damage|p2a: Slowking|18/100
|-prepare|p2a: Slowking|Chilly Reception|[premajor]
|move|p2a: Slowking|Chilly Reception|p2a: Slowking
|-weather|Snowscape
|
|t:|1760847711
|switch|p2a: Great Tusk|Great Tusk|100/100|[from] Chilly Reception
|
|-weather|Snowscape|[upkeep]
|upkeep
|turn|18
|
|t:|1760847718
|switch|p1a: Moltres|Moltres|76/100
|move|p2a: Great Tusk|Bulk Up|p2a: Great Tusk
|-boost|p2a: Great Tusk|atk|1
|-boost|p2a: Great Tusk|def|1
|
|-weather|Snowscape|[upkeep]
|-end|p1a: Moltres|move: Future Sight
|-damage|p1a: Moltres|35/100
|upkeep
|turn|19
|
|t:|1760847726
|move|p2a: Great Tusk|Knock Off|p1a: Moltres
|-damage|p1a: Moltres|6/100
|-enditem|p1a: Moltres|Heavy-Duty Boots|[from] move: Knock Off|[of] p2a: Great Tusk
|move|p1a: Moltres|Roost|p1a: Moltres
|-heal|p1a: Moltres|56/100
|-singleturn|p1a: Moltres|move: Roost
|
|-weather|Snowscape|[upkeep]
|upkeep
|turn|20
|
|t:|1760847733
|-end|p2a: Great Tusk|Protosynthesis|[silent]
|switch|p2a: Alomomola|Alomomola, M|100/100 brn
|move|p1a: Moltres|Roost|p1a: Moltres
|-heal|p1a: Moltres|100/100
|-singleturn|p1a: Moltres|move: Roost
|
|-weather|Snowscape|[upkeep]
|-damage|p2a: Alomomola|94/100 brn|[from] brn
|upkeep
|turn|21
|
|t:|1760847738
|move|p1a: Moltres|U-turn|p2a: Alomomola
|-damage|p2a: Alomomola|82/100 brn
|
|t:|1760847742
|switch|p1a: Primarina|Primarina, M|91/100|[from] U-turn
|move|p2a: Alomomola|Body Slam|p1a: Primarina
|-damage|p1a: Primarina|82/100
|
|-weather|none
|-damage|p2a: Alomomola|76/100 brn|[from] brn
|upkeep
|turn|22
|
|t:|1760847752
|move|p1a: Primarina|Calm Mind|p1a: Primarina
|-boost|p1a: Primarina|spa|1
|-boost|p1a: Primarina|spd|1
|move|p2a: Alomomola|Flip Turn|p1a: Primarina
|-resisted|p1a: Primarina
|-damage|p1a: Primarina|77/100
|
|t:|1760847762
|switch|p2a: Lokix|Lokix, M|100/100|[from] Flip Turn
|
|upkeep
|turn|23
|
|t:|1760847766
|switch|p1a: Moltres|Moltres|100/100
|move|p2a: Lokix|U-turn|p1a: Moltres
|-resisted|p1a: Moltres
|-damage|p1a: Moltres|83/100
|
|t:|1760847779
|switch|p2a: Alomomola|Alomomola, M|100/100 brn|[from] U-turn
|
|-damage|p2a: Alomomola|94/100 brn|[from] brn
|upkeep
|turn|24
|
|t:|1760847796
|move|p1a: Moltres|U-turn|p2a: Alomomola
|-crit|p2a: Alomomola
|-damage|p2a: Alomomola|77/100 brn
|
|t:|1760847801
|switch|p1a: Primarina|Primarina, M|77/100|[from] U-turn
|move|p2a: Alomomola|Flip Turn|p1a: Primarina
|-resisted|p1a: Primarina
|-damage|p1a: Primarina|72/100
|
|t:|1760847808
|switch|p2a: Slowking|Slowking-Galar, F|52/100|[from] Flip Turn
|
|upkeep
|turn|25
|
|t:|1760847816
|move|p1a: Primarina|Calm Mind|p1a: Primarina
|-boost|p1a: Primarina|spa|1
|-boost|p1a: Primarina|spd|1
|move|p2a: Slowking|Future Sight|p1a: Primarina
|-start|p2a: Slowking|move: Future Sight
|
|upkeep
|turn|26
|
|t:|1760847824
|move|p1a: Primarina|Psychic Noise|p2a: Slowking
|-damage|p2a: Slowking|1/100
|-start|p2a: Slowking|move: Heal Block
|move|p2a: Slowking|Sludge Bomb|p1a: Primarina
|-supereffective|p1a: Primarina
|-damage|p1a: Primarina|35/100
|
|upkeep
|turn|27
|
|t:|1760847831
|switch|p2a: Alomomola|Alomomola, M|100/100 brn
|move|p1a: Primarina|Draining Kiss|p2a: Alomomola
|-damage|p2a: Alomomola|81/100 brn
|-heal|p1a: Primarina|57/100|[from] drain|[of] p2a: Alomomola
|
|-end|p1a: Primarina|move: Future Sight
|-damage|p1a: Primarina|31/100
|-damage|p2a: Alomomola|75/100 brn|[from] brn
|upkeep
|turn|28
|
|t:|1760847851
|move|p1a: Primarina|Calm Mind|p1a: Primarina
|-boost|p1a: Primarina|spa|1
|-boost|p1a: Primarina|spd|1
|move|p2a: Alomomola|Flip Turn|p1a: Primarina
|-resisted|p1a: Primarina
|-damage|p1a: Primarina|26/100
|
|t:|1760847855
|switch|p2a: Lokix|Lokix, M|100/100|[from] Flip Turn
|
|upkeep
|turn|29
|
|t:|1760847871
|switch|p2a: Enamorus|Enamorus, F|100/100
|switch|p1a: Moltres|Moltres|83/100
|
|upkeep
|turn|30
|
|t:|1760847876
|-terastallize|p2a: Enamorus|Stellar
|move|p2a: Enamorus|Tera Blast|p1a: Moltres|[anim] Tera Blast Stellar
|-damage|p1a: Moltres|36/100
|-boost|p2a: Enamorus|atk|1
|-boost|p2a: Enamorus|spa|1
|move|p1a: Moltres|Flamethrower|p2a: Enamorus
|-damage|p2a: Enamorus|47/100
|
|upkeep
|turn|31
|
|t:|1760847888
|switch|p1a: Primarina|Primarina, M|26/100
|move|p2a: Enamorus|Tera Blast|p1a: Primarina|[anim] Tera Blast Stellar
|-damage|p1a: Primarina|0 fnt
|-boost|p2a: Enamorus|atk|1
|-boost|p2a: Enamorus|spa|1
|faint|p1a: Primarina
|
|upkeep
|
|t:|1760847896
|switch|p1a: Ogerpon|Ogerpon-Teal-Tera, F, tera:Grass|100/100
|-ability|p1a: Ogerpon|Embody Aspect (Teal)|boost
|-boost|p1a: Ogerpon|spe|1
|turn|32
|
|t:|1760847900
|move|p1a: Ogerpon|Ivy Cudgel|p2a: Enamorus
|-resisted|p2a: Enamorus
|-crit|p2a: Enamorus
|-damage|p2a: Enamorus|0 fnt
|faint|p2a: Enamorus
|
|upkeep
|
|t:|1760847907
|switch|p2a: Lokix|Lokix, M|100/100
|turn|33
|
|t:|1760847915
|switch|p1a: Moltres|Moltres|36/100
|move|p2a: Lokix|U-turn|p1a: Moltres
|-resisted|p1a: Moltres
|-damage|p1a: Moltres|15/100
|-status|p2a: Lokix|brn|[from] ability: Flame Body|[of] p1a: Moltres
|
|t:|1760847919
|switch|p2a: Great Tusk|Great Tusk|100/100|[from] U-turn
|
|upkeep
|turn|34
|
|t:|1760847926
|move|p2a: Great Tusk|Knock Off|p1a: Moltres
|-damage|p1a: Moltres|2/100
|-status|p2a: Great Tusk|brn|[from] ability: Flame Body|[of] p1a: Moltres
|move|p1a: Moltres|Roost|p1a: Moltres
|-heal|p1a: Moltres|52/100
|-singleturn|p1a: Moltres|move: Roost
|
|-damage|p2a: Great Tusk|94/100 brn|[from] brn
|upkeep
|turn|35
|c|☆Maltyy|that sucks
|c|☆Maltyy|yeah i got punished
|
|t:|1760847948
|-end|p2a: Great Tusk|Protosynthesis|[silent]
|switch|p2a: Slowking|Slowking-Galar, F|34/100
|move|p1a: Moltres|Roost|p1a: Moltres
|-heal|p1a: Moltres|100/100
|-singleturn|p1a: Moltres|move: Roost
|
|upkeep
|turn|36
|c|☆sumofsquares|moltres is finally doing what we're paying him for
|
|t:|1760847963
|switch|p2a: Alomomola|Alomomola, M|100/100 brn
|move|p1a: Moltres|Flamethrower|p2a: Alomomola
|-resisted|p2a: Alomomola
|-damage|p2a: Alomomola|92/100 brn
|
|-damage|p2a: Alomomola|86/100 brn|[from] brn
|upkeep
|turn|37
|
|t:|1760847974
|move|p1a: Moltres|U-turn|p2a: Alomomola
|-damage|p2a: Alomomola|75/100 brn
|
|t:|1760847981
|switch|p1a: Glimmora|Glimmora, M|100/100|[from] U-turn
|move|p2a: Alomomola|Body Slam|p1a: Glimmora
|-resisted|p1a: Glimmora
|-damage|p1a: Glimmora|96/100
|-activate|p1a: Glimmora|ability: Toxic Debris
|-sidestart|p2: Maltyy|move: Toxic Spikes
|
|-damage|p2a: Alomomola|68/100 brn|[from] brn
|upkeep
|turn|38
|
|t:|1760847998
|move|p1a: Glimmora|Spikes|p2a: Alomomola
|-sidestart|p2: Maltyy|Spikes
|move|p2a: Alomomola|Flip Turn|p1a: Glimmora
|-supereffective|p1a: Glimmora
|-damage|p1a: Glimmora|74/100
|-activate|p1a: Glimmora|ability: Toxic Debris
|-sidestart|p2: Maltyy|move: Toxic Spikes
|
|t:|1760848004
|switch|p2a: Great Tusk|Great Tusk|94/100 brn|[from] Flip Turn
|-damage|p2a: Great Tusk|82/100 brn|[from] Spikes
|
|-heal|p2a: Great Tusk|88/100 brn|[from] item: Leftovers
|-damage|p2a: Great Tusk|82/100 brn|[from] brn
|upkeep
|turn|39
|
|t:|1760848010
|switch|p1a: Moltres|Moltres|100/100
|move|p2a: Great Tusk|Earthquake|p1a: Moltres
|-immune|p1a: Moltres
|
|-heal|p2a: Great Tusk|88/100 brn|[from] item: Leftovers
|-damage|p2a: Great Tusk|82/100 brn|[from] brn
|upkeep
|turn|40
|
|t:|1760848018
|-end|p2a: Great Tusk|Protosynthesis|[silent]
|switch|p2a: Slowking|Slowking-Galar, F|68/100
|-sideend|p2: Maltyy|move: Toxic Spikes|[of] p2a: Slowking
|-damage|p2a: Slowking|55/100|[from] Spikes
|move|p1a: Moltres|U-turn|p2a: Slowking
|-damage|p2a: Slowking|44/100
|
|t:|1760848031
|switch|p1a: Glimmora|Glimmora, M|74/100|[from] U-turn
|
|upkeep
|turn|41
|
|t:|1760848034
|move|p1a: Glimmora|Earth Power|p2a: Slowking
|-supereffective|p2a: Slowking
|-damage|p2a: Slowking|0 fnt
|faint|p2a: Slowking
|
|upkeep
|
|t:|1760848039
|switch|p2a: Great Tusk|Great Tusk|82/100 brn
|-damage|p2a: Great Tusk|69/100 brn|[from] Spikes
|turn|42
|
|t:|1760848045
|switch|p1a: Moltres|Moltres|100/100
|move|p2a: Great Tusk|Rapid Spin|p1a: Moltres
|-damage|p1a: Moltres|95/100
|-boost|p2a: Great Tusk|spe|1
|-sideend|p2: Maltyy|Spikes|[from] move: Rapid Spin|[of] p2a: Great Tusk
|
|-heal|p2a: Great Tusk|76/100 brn|[from] item: Leftovers
|-damage|p2a: Great Tusk|69/100 brn|[from] brn
|upkeep
|turn|43
|
|t:|1760848049
|-end|p2a: Great Tusk|Protosynthesis|[silent]
|switch|p2a: Alomomola|Alomomola, M|100/100 brn
|move|p1a: Moltres|Flamethrower|p2a: Alomomola
|-resisted|p2a: Alomomola
|-damage|p2a: Alomomola|91/100 brn
|
|-damage|p2a: Alomomola|85/100 brn|[from] brn
|upkeep
|turn|44
|
|t:|1760848053
|move|p1a: Moltres|U-turn|p2a: Alomomola
|-damage|p2a: Alomomola|74/100 brn
|
|t:|1760848056
|switch|p1a: Glimmora|Glimmora, M|74/100|[from] U-turn
|move|p2a: Alomomola|Body Slam|p1a: Glimmora
|-resisted|p1a: Glimmora
|-damage|p1a: Glimmora|70/100
|-activate|p1a: Glimmora|ability: Toxic Debris
|-sidestart|p2: Maltyy|move: Toxic Spikes
|
|-damage|p2a: Alomomola|68/100 brn|[from] brn
|upkeep
|turn|45
|
|t:|1760848060
|move|p1a: Glimmora|Spikes|p2a: Alomomola
|-sidestart|p2: Maltyy|Spikes
|move|p2a: Alomomola|Flip Turn|p1a: Glimmora
|-supereffective|p1a: Glimmora
|-damage|p1a: Glimmora|50/100
|-activate|p1a: Glimmora|ability: Toxic Debris
|-sidestart|p2: Maltyy|move: Toxic Spikes
|
|t:|1760848066
|switch|p2a: Great Tusk|Great Tusk|69/100 brn|[from] Flip Turn
|-damage|p2a: Great Tusk|57/100 brn|[from] Spikes
|
|-heal|p2a: Great Tusk|63/100 brn|[from] item: Leftovers
|-damage|p2a: Great Tusk|57/100 brn|[from] brn
|upkeep
|turn|46
|
|t:|1760848071
|switch|p1a: Moltres|Moltres|95/100
|move|p2a: Great Tusk|Rapid Spin|p1a: Moltres
|-damage|p1a: Moltres|90/100
|-boost|p2a: Great Tusk|spe|1
|-sideend|p2: Maltyy|Spikes|[from] move: Rapid Spin|[of] p2a: Great Tusk
|-sideend|p2: Maltyy|Toxic Spikes|[from] move: Rapid Spin|[of] p2a: Great Tusk
|
|-heal|p2a: Great Tusk|63/100 brn|[from] item: Leftovers
|-damage|p2a: Great Tusk|57/100 brn|[from] brn
|upkeep
|turn|47
|
|t:|1760848076
|-end|p2a: Great Tusk|Protosynthesis|[silent]
|switch|p2a: Alomomola|Alomomola, M|100/100 brn
|move|p1a: Moltres|U-turn|p2a: Alomomola
|-damage|p2a: Alomomola|89/100 brn
|
|t:|1760848078
|switch|p1a: Ogerpon|Ogerpon-Teal-Tera, F, tera:Grass|100/100|[from] U-turn
|-ability|p1a: Ogerpon|Embody Aspect (Teal)|boost
|-boost|p1a: Ogerpon|spe|1
|
|-damage|p2a: Alomomola|83/100 brn|[from] brn
|upkeep
|turn|48
|
|t:|1760848085
|move|p1a: Ogerpon|Ivy Cudgel|p2a: Alomomola
|-supereffective|p2a: Alomomola
|-damage|p2a: Alomomola|0 fnt
|faint|p2a: Alomomola
|
|upkeep
|
|t:|1760848088
|switch|p2a: Lokix|Lokix, M|100/100 brn
|turn|49
|
|t:|1760848092
|switch|p1a: Moltres|Moltres|90/100
|move|p2a: Lokix|First Impression|p1a: Moltres
|-resisted|p1a: Moltres
|-damage|p1a: Moltres|78/100
|
|-damage|p2a: Lokix|94/100 brn|[from] brn
|upkeep
|turn|50
|-message|Maltyy forfeited.
|
|win|sumofsquares
|raw|sumofsquares's rating: 1429 &rarr; <strong>1451</strong><br />(+22 for winning)
|raw|Maltyy's rating: 1472 &rarr; <strong>1450</strong><br />(-22 for losing)
|l|☆Maltyy
|player|p2|
|l|☆sumofsquares
|player|p1|
