|badge|p2|silver|gen9ou|30-7
|uhtml|medal-msg|<div class="broadcast-blue">Curious what those medals under the avatar are? PS now has Ladder Seasons! For more information, check out the <a href="https://www.smogon.com/forums/threads/3740067/">thread on Smogon.</a></div>
|j|☆SpongeGar & Patar
|j|☆jeandonis02
|t:|1760743116
|gametype|singles
|player|p1|SpongeGar & Patar|101|1797
|player|p2|jeandonis02|lucas|1958
|gen|9
|tier|[Gen 9] OU
|rated|
|rule|HP Percentage Mod: HP is shown in percentages
|rule|Endless Battle Clause: Forcing endless battles is banned
|rule|Species Clause: Limit one of each Pokémon
|rule|OHKO Clause: OHKO moves are banned
|rule|Evasion Items Clause: Evasion items are banned
|rule|Evasion Moves Clause: Evasion moves are banned
|rule|Evasion Abilities Clause: Evasion abilities are banned
|rule|Sleep Moves Clause: Sleep-inducing moves are banned
|clearpoke
|poke|p1|Kyurem|
|poke|p1|Corviknight, F|
|poke|p1|Ting-Lu|
|poke|p1|Dondozo, F|
|poke|p1|Slowking-Galar, L99, M|
|poke|p1|Cinderace, F|
|poke|p2|Garchomp, M|
|poke|p2|Ditto|
|poke|p2|Ceruledge, M|
|poke|p2|Great Tusk|
|poke|p2|Dragapult, M|
|poke|p2|Toxapex, M|
|teampreview
|
|t:|1760743166
|teamsize|p1|6
|teamsize|p2|6
|start
|switch|p1a: Kyurem|Kyurem|100/100
|switch|p2a: Ceruledge|Ceruledge, M|100/100
|-ability|p1a: Kyurem|Pressure
|turn|1
|inactive|Battle timer is ON: inactive players will automatically lose when time's up. (requested by SpongeGar & Patar)
|inactive|SpongeGar & Patar has 120 seconds left.
|
|t:|1760743215
|move|p1a: Kyurem|Earth Power|p2a: Ceruledge
|-supereffective|p2a: Ceruledge
|-damage|p2a: Ceruledge|25/100
|move|p2a: Ceruledge|Close Combat|p1a: Kyurem
|-supereffective|p1a: Kyurem
|-damage|p1a: Kyurem|26/100
|-unboost|p2a: Ceruledge|def|1
|-unboost|p2a: Ceruledge|spd|1
|
|-heal|p1a: Kyurem|32/100|[from] item: Leftovers
|upkeep
|turn|2
|j| fdsfdsfsfsoidsf
|inactive|SpongeGar & Patar has 120 seconds left.
|
|t:|1760743265
|switch|p2a: Ditto|Ditto|100/100
|-transform|p2a: Ditto|p1a: Kyurem|[from] ability: Imposter
|-ability|p2a: Ditto|Pressure
|move|p1a: Kyurem|Protect||[still]
|-fail|p1a: Kyurem
|
|-heal|p1a: Kyurem|39/100|[from] item: Leftovers
|upkeep
|turn|3
|j| supa_wet_rain
|
|t:|1760743274
|move|p2a: Ditto|Freeze-Dry|p1a: Kyurem
|-damage|p1a: Kyurem|8/100
|move|p1a: Kyurem|Freeze-Dry|p2a: Ditto
|-damage|p2a: Ditto|57/100
|
|-heal|p1a: Kyurem|14/100|[from] item: Leftovers
|upkeep
|turn|4
|
|t:|1760743284
|switch|p2a: Dragapult|Dragapult, M|100/100
|move|p1a: Kyurem|Freeze-Dry|p2a: Dragapult
|-supereffective|p2a: Dragapult
|-damage|p2a: Dragapult|22/100
|
|-heal|p2a: Dragapult|28/100|[from] item: Leftovers
|-heal|p1a: Kyurem|21/100|[from] item: Leftovers
|upkeep
|turn|5
|inactive|SpongeGar & Patar has 120 seconds left.
|l| fdsfdsfsfsoidsf
|inactive|SpongeGar & Patar has 90 seconds left.
|
|t:|1760743335
|switch|p1a: Ting-Lu|Ting-Lu|100/100
|-ability|p1a: Ting-Lu|Vessel of Ruin
|move|p2a: Dragapult|Dragon Darts|p1a: Ting-Lu
|-crit|p1a: Ting-Lu
|-damage|p1a: Ting-Lu|82/100
|-anim|p2a: Dragapult|Dragon Darts|p1a: Ting-Lu
|-damage|p1a: Ting-Lu|68/100
|
|-heal|p2a: Dragapult|34/100|[from] item: Leftovers
|-heal|p1a: Ting-Lu|75/100|[from] item: Leftovers
|upkeep
|turn|6
|inactive|SpongeGar & Patar has 60 seconds left.
|
|t:|1760743384
|move|p2a: Dragapult|Dragon Darts|p1a: Ting-Lu
|-damage|p1a: Ting-Lu|62/100
|-anim|p2a: Dragapult|Dragon Darts|p1a: Ting-Lu
|-crit|p1a: Ting-Lu
|-damage|p1a: Ting-Lu|40/100
|move|p1a: Ting-Lu|Earthquake|p2a: Dragapult
|-damage|p2a: Dragapult|0 fnt
|faint|p2a: Dragapult
|
|-heal|p1a: Ting-Lu|47/100|[from] item: Leftovers
|upkeep
|j| taw
|
|t:|1760743392
|switch|p2a: Ceruledge|Ceruledge, M|25/100
|turn|7
|
|t:|1760743401
|switch|p2a: Great Tusk|Great Tusk|100/100
|switch|p1a: Dondozo|Dondozo, F|100/100
|
|upkeep
|turn|8
|
|t:|1760743411
|move|p2a: Great Tusk|Knock Off|p1a: Dondozo
|-damage|p1a: Dondozo|88/100
|-enditem|p1a: Dondozo|Leftovers|[from] move: Knock Off|[of] p2a: Great Tusk
|move|p1a: Dondozo|Waterfall|p2a: Great Tusk
|-supereffective|p2a: Great Tusk
|-damage|p2a: Great Tusk|73/100
|
|upkeep
|turn|9
|j| hacksareus10
|inactive|SpongeGar & Patar has 60 seconds left.
|
|t:|1760743421
|move|p2a: Great Tusk|Stealth Rock|p1a: Dondozo
|-sidestart|p1: SpongeGar & Patar|move: Stealth Rock
|move|p1a: Dondozo|Curse|p1a: Dondozo
|-unboost|p1a: Dondozo|spe|1
|-boost|p1a: Dondozo|atk|1
|-boost|p1a: Dondozo|def|1
|
|upkeep
|turn|10
|inactive|SpongeGar & Patar has 60 seconds left.
|
|t:|1760743431
|-end|p2a: Great Tusk|Protosynthesis|[silent]
|switch|p2a: Toxapex|Toxapex, M|100/100
|move|p1a: Dondozo|Waterfall|p2a: Toxapex
|-resisted|p2a: Toxapex
|-damage|p2a: Toxapex|84/100
|
|-heal|p2a: Toxapex|90/100|[from] item: Leftovers
|upkeep
|turn|11
|inactive|SpongeGar & Patar has 60 seconds left.
|
|t:|1760743442
|switch|p2a: Ceruledge|Ceruledge, M|25/100
|switch|p1a: Cinderace|Cinderace, F|100/100
|
|upkeep
|turn|12
|
|t:|1760743452
|move|p1a: Cinderace|Pyro Ball|p2a: Ceruledge|[miss]
|-miss|p1a: Cinderace|p2a: Ceruledge
|move|p2a: Ceruledge|Close Combat|p1a: Cinderace
|-damage|p1a: Cinderace|54/100
|-unboost|p2a: Ceruledge|def|1
|-unboost|p2a: Ceruledge|spd|1
|
|upkeep
|turn|13
|
|t:|1760743461
|move|p2a: Ceruledge|Shadow Sneak|p1a: Cinderace
|-damage|p1a: Cinderace|27/100
|move|p1a: Cinderace|Court Change|p1a: Cinderace
|-swapsideconditions
|-activate|p1a: Cinderace|move: Court Change
|
|upkeep
|turn|14
|
|t:|1760743471
|switch|p2a: Great Tusk|Great Tusk|73/100
|move|p1a: Cinderace|Pyro Ball|p2a: Great Tusk|[miss]
|-miss|p1a: Cinderace|p2a: Great Tusk
|
|upkeep
|turn|15
|
|t:|1760743480
|move|p1a: Cinderace|Will-O-Wisp|p2a: Great Tusk
|-status|p2a: Great Tusk|brn
|move|p2a: Great Tusk|Rapid Spin|p1a: Cinderace
|-damage|p1a: Cinderace|19/100
|-boost|p2a: Great Tusk|spe|1
|-sideend|p2: jeandonis02|Stealth Rock|[from] move: Rapid Spin|[of] p2a: Great Tusk
|
|-damage|p2a: Great Tusk|66/100 brn|[from] brn
|upkeep
|turn|16
|
|t:|1760743490
|switch|p1a: Corviknight|Corviknight, F|100/100
|-ability|p1a: Corviknight|Pressure
|move|p2a: Great Tusk|Knock Off|p1a: Corviknight
|-damage|p1a: Corviknight|91/100
|-damage|p2a: Great Tusk|50/100 brn|[from] item: Rocky Helmet|[of] p1a: Corviknight
|-enditem|p1a: Corviknight|Rocky Helmet|[from] move: Knock Off|[of] p2a: Great Tusk
|
|-damage|p2a: Great Tusk|44/100 brn|[from] brn
|upkeep
|turn|17
|inactive|SpongeGar & Patar has 90 seconds left.
|
|t:|1760743499
|move|p2a: Great Tusk|Stealth Rock|p1a: Corviknight
|-sidestart|p1: SpongeGar & Patar|move: Stealth Rock
|move|p1a: Corviknight|Brave Bird|p2a: Great Tusk
|-supereffective|p2a: Great Tusk
|-crit|p2a: Great Tusk
|-damage|p2a: Great Tusk|0 fnt
|faint|p2a: Great Tusk
|-end|p2a: Great Tusk|Protosynthesis|[silent]
|-damage|p1a: Corviknight|77/100|[from] Recoil
|
|upkeep
|
|t:|1760743504
|switch|p2a: Ceruledge|Ceruledge, M|25/100
|turn|18
|inactive|SpongeGar & Patar has 90 seconds left.
|inactive|SpongeGar & Patar has 60 seconds left.
|
|t:|1760743554
|-terastallize|p1a: Corviknight|Dragon
|move|p2a: Ceruledge|Bitter Blade|p1a: Corviknight
|-resisted|p1a: Corviknight
|-damage|p1a: Corviknight|62/100
|-heal|p2a: Ceruledge|35/100|[from] drain|[of] p1a: Corviknight
|move|p1a: Corviknight|Defog|p2a: Ceruledge
|-unboost|p2a: Ceruledge|evasion|1
|-sideend|p1: SpongeGar & Patar|Stealth Rock|[from] move: Defog|[of] p1a: Corviknight
|
|upkeep
|turn|19
|
|t:|1760743564
|switch|p2a: Ditto|Ditto|57/100
|-transform|p2a: Ditto|p1a: Corviknight|[from] ability: Imposter
|-ability|p2a: Ditto|Pressure
|move|p1a: Corviknight|Roost|p1a: Corviknight
|-heal|p1a: Corviknight|100/100
|
|upkeep
|-start|p2a: Ditto|typechange|Flying/Steel|[silent]
|turn|20
|
|t:|1760743575
|move|p2a: Ditto|Roost|p2a: Ditto
|-heal|p2a: Ditto|100/100
|-singleturn|p2a: Ditto|move: Roost
|move|p1a: Corviknight|U-turn|p2a: Ditto
|-resisted|p2a: Ditto
|-damage|p2a: Ditto|94/100
|
|t:|1760743584
|switch|p1a: Kyurem|Kyurem|21/100|[from] U-turn
|-ability|p1a: Kyurem|Pressure
|
|-heal|p1a: Kyurem|27/100|[from] item: Leftovers
|upkeep
|turn|21
|
|t:|1760743594
|switch|p2a: Ceruledge|Ceruledge, M|35/100
|move|p1a: Kyurem|Freeze-Dry|p2a: Ceruledge
|-resisted|p2a: Ceruledge
|-damage|p2a: Ceruledge|14/100
|-status|p2a: Ceruledge|frz
|
|-heal|p1a: Kyurem|33/100|[from] item: Leftovers
|upkeep
|turn|22
|
|t:|1760743605
|switch|p2a: Ditto|Ditto|94/100
|-transform|p2a: Ditto|p1a: Kyurem|[from] ability: Imposter
|-ability|p2a: Ditto|Pressure
|move|p1a: Kyurem|Freeze-Dry|p2a: Ditto
|-damage|p2a: Ditto|48/100
|
|-heal|p1a: Kyurem|39/100|[from] item: Leftovers
|upkeep
|turn|23
|
|t:|1760743615
|move|p2a: Ditto|Freeze-Dry|p1a: Kyurem
|-damage|p1a: Kyurem|5/100
|move|p1a: Kyurem|Substitute|p1a: Kyurem
|-fail|p1a: Kyurem|move: Substitute|[weak]
|
|-heal|p1a: Kyurem|11/100|[from] item: Leftovers
|upkeep
|turn|24
|inactive|SpongeGar & Patar has 90 seconds left.
|
|t:|1760743625
|move|p2a: Ditto|Freeze-Dry|p1a: Kyurem
|-damage|p1a: Kyurem|0 fnt
|faint|p1a: Kyurem
|
|upkeep
|
|t:|1760743634
|switch|p1a: Ting-Lu|Ting-Lu|47/100
|-ability|p1a: Ting-Lu|Vessel of Ruin
|turn|25
|inactive|SpongeGar & Patar has 90 seconds left.
|
|t:|1760743645
|move|p2a: Ditto|Freeze-Dry|p1a: Ting-Lu
|-supereffective|p1a: Ting-Lu
|-damage|p1a: Ting-Lu|19/100
|move|p1a: Ting-Lu|Earthquake|p2a: Ditto
|-damage|p2a: Ditto|1/100
|
|-heal|p1a: Ting-Lu|25/100|[from] item: Leftovers
|upkeep
|turn|26
|inactive|SpongeGar & Patar has 90 seconds left.
|
|t:|1760743655
|switch|p2a: Ceruledge|Ceruledge, M|14/100 frz
|move|p1a: Ting-Lu|Earthquake|p2a: Ceruledge
|-supereffective|p2a: Ceruledge
|-damage|p2a: Ceruledge|0 fnt
|faint|p2a: Ceruledge
|
|-heal|p1a: Ting-Lu|31/100|[from] item: Leftovers
|upkeep
|
|t:|1760743656
|switch|p2a: Garchomp|Garchomp, M|100/100
|turn|27
|inactive|SpongeGar & Patar has 90 seconds left.
|inactive|SpongeGar & Patar has 60 seconds left.
|
|t:|1760743707
|move|p2a: Garchomp|Earthquake|p1a: Ting-Lu
|-damage|p1a: Ting-Lu|0 fnt
|faint|p1a: Ting-Lu
|
|upkeep
|inactive|SpongeGar & Patar has 30 seconds left.
|l|☆jeandonis02
|inactive|jeandonis02 disconnected and has a minute to reconnect!
|player|p2|
|inactive|SpongeGar & Patar has 20 seconds left.
|j|☆jeandonis02
|inactive|jeandonis02 reconnected.
|player|p2|jeandonis02|lucas|
|inactive|SpongeGar & Patar has 15 seconds left.
|
|t:|1760743755
|switch|p1a: Dondozo|Dondozo, F|88/100
|turn|28
|inactive|SpongeGar & Patar has 25 seconds left this turn.
|inactive|SpongeGar & Patar has 20 seconds left.
|
|t:|1760743768
|-terastallize|p2a: Garchomp|Ground
|move|p2a: Garchomp|Earthquake|p1a: Dondozo
|-damage|p1a: Dondozo|39/100
|move|p1a: Dondozo|Curse|p1a: Dondozo
|-unboost|p1a: Dondozo|spe|1
|-boost|p1a: Dondozo|atk|1
|-boost|p1a: Dondozo|def|1
|
|upkeep
|turn|29
|inactive|SpongeGar & Patar has 30 seconds left this turn.
|
|t:|1760743777
|move|p2a: Garchomp|Earthquake|p1a: Dondozo
|-damage|p1a: Dondozo|6/100
|move|p1a: Dondozo|Waterfall|p2a: Garchomp
|-supereffective|p2a: Garchomp
|-damage|p2a: Garchomp|22/100
|-damage|p1a: Dondozo|0 fnt|[from] ability: Rough Skin|[of] p2a: Garchomp
|faint|p1a: Dondozo
|
|upkeep
|inactive|SpongeGar & Patar has 30 seconds left this turn.
|
|t:|1760743787
|switch|p1a: Cinderace|Cinderace, F|19/100
|turn|30
|inactive|SpongeGar & Patar has 30 seconds left.
|
|t:|1760743796
|switch|p2a: Ditto|Ditto|1/100
|-transform|p2a: Ditto|p1a: Cinderace|[from] ability: Imposter
|move|p1a: Cinderace|Pyro Ball|p2a: Ditto
|-resisted|p2a: Ditto
|-damage|p2a: Ditto|0 fnt
|faint|p2a: Ditto
|
|upkeep
|
|t:|1760743800
|switch|p2a: Toxapex|Toxapex, M|100/100
|turn|31
|
|t:|1760743809
|move|p2a: Toxapex|Baneful Bunker|p2a: Toxapex
|-singleturn|p2a: Toxapex|move: Protect
|move|p1a: Cinderace|U-turn|p2a: Toxapex
|-activate|p2a: Toxapex|move: Protect
|-status|p1a: Cinderace|psn
|
|-damage|p1a: Cinderace|7/100 psn|[from] psn
|upkeep
|turn|32
|
|t:|1760743818
|move|p2a: Toxapex|Baneful Bunker||[still]
|-fail|p2a: Toxapex
|move|p1a: Cinderace|U-turn|p2a: Toxapex
|-resisted|p2a: Toxapex
|-damage|p2a: Toxapex|93/100
|
|t:|1760743829
|switch|p1a: Slowking|Slowking-Galar, L99, M|100/100|[from] U-turn
|
|-heal|p2a: Toxapex|99/100|[from] item: Leftovers
|upkeep
|turn|33
|
|t:|1760743838
|move|p2a: Toxapex|Ice Beam|p1a: Slowking
|-damage|p1a: Slowking|93/100
|move|p1a: Slowking|Sludge Bomb|p2a: Toxapex
|-resisted|p2a: Toxapex
|-damage|p2a: Toxapex|88/100
|
|-heal|p2a: Toxapex|95/100|[from] item: Leftovers
|upkeep
|turn|34
|
|t:|1760743851
|move|p2a: Toxapex|Ice Beam|p1a: Slowking
|-damage|p1a: Slowking|85/100
|move|p1a: Slowking|Sludge Bomb|p2a: Toxapex
|-resisted|p2a: Toxapex
|-crit|p2a: Toxapex
|-damage|p2a: Toxapex|79/100
|
|-heal|p2a: Toxapex|85/100|[from] item: Leftovers
|upkeep
|turn|35
|
|t:|1760743863
|move|p2a: Toxapex|Ice Beam|p1a: Slowking
|-damage|p1a: Slowking|77/100
|move|p1a: Slowking|Sludge Bomb|p2a: Toxapex
|-resisted|p2a: Toxapex
|-crit|p2a: Toxapex
|-damage|p2a: Toxapex|69/100
|
|-heal|p2a: Toxapex|75/100|[from] item: Leftovers
|upkeep
|turn|36
|
|t:|1760743875
|move|p2a: Toxapex|Baneful Bunker|p2a: Toxapex
|-singleturn|p2a: Toxapex|move: Protect
|move|p1a: Slowking|Sludge Bomb|p2a: Toxapex
|-activate|p2a: Toxapex|move: Protect
|
|-heal|p2a: Toxapex|82/100|[from] item: Leftovers
|upkeep
|turn|37
|l| supa_wet_rain
|
|t:|1760743884
|move|p2a: Toxapex|Ice Beam|p1a: Slowking
|-damage|p1a: Slowking|70/100
|move|p1a: Slowking|Sludge Bomb|p2a: Toxapex
|-resisted|p2a: Toxapex
|-damage|p2a: Toxapex|72/100
|
|-heal|p2a: Toxapex|78/100|[from] item: Leftovers
|upkeep
|turn|38
|
|t:|1760743895
|move|p2a: Toxapex|Ice Beam|p1a: Slowking
|-damage|p1a: Slowking|62/100
|move|p1a: Slowking|Future Sight|p2a: Toxapex
|-start|p1a: Slowking|move: Future Sight
|
|-heal|p2a: Toxapex|85/100|[from] item: Leftovers
|upkeep
|turn|39
|
|t:|1760743906
|move|p2a: Toxapex|Ice Beam|p1a: Slowking
|-damage|p1a: Slowking|53/100
|-status|p1a: Slowking|frz
|cant|p1a: Slowking|frz
|
|-heal|p2a: Toxapex|91/100|[from] item: Leftovers
|upkeep
|turn|40
|
|t:|1760743916
|move|p2a: Toxapex|Toxic||[still]
|-fail|p2a: Toxapex
|-curestatus|p1a: Slowking|frz|[msg]
|move|p1a: Slowking|Sludge Bomb|p2a: Toxapex
|-resisted|p2a: Toxapex
|-damage|p2a: Toxapex|81/100
|
|-end|p2a: Toxapex|move: Future Sight
|-supereffective|p2a: Toxapex
|-damage|p2a: Toxapex|22/100
|-heal|p2a: Toxapex|28/100|[from] item: Leftovers
|upkeep
|turn|41
|
|t:|1760743926
|switch|p2a: Garchomp|Garchomp, M, tera:Ground|22/100
|move|p1a: Slowking|Future Sight|p2a: Garchomp
|-start|p1a: Slowking|move: Future Sight
|
|upkeep
|turn|42
|
|t:|1760743939
|switch|p1a: Cinderace|Cinderace, F|7/100 psn
|move|p2a: Garchomp|Earthquake|p1a: Cinderace
|-supereffective|p1a: Cinderace
|-damage|p1a: Cinderace|0 fnt
|faint|p1a: Cinderace
|
|upkeep
|
|t:|1760743948
|switch|p1a: Corviknight|Corviknight, F, tera:Dragon|100/100
|-ability|p1a: Corviknight|Pressure
|turn|43
|inactive|SpongeGar & Patar has 60 seconds left.
|
|t:|1760743956
|switch|p2a: Toxapex|Toxapex, M|62/100
|move|p1a: Corviknight|U-turn|p2a: Toxapex
|-resisted|p2a: Toxapex
|-damage|p2a: Toxapex|56/100
|inactive|SpongeGar & Patar has 60 seconds left.
|
|t:|1760743965
|switch|p1a: Slowking|Slowking-Galar, L99, M|86/100|[from] U-turn
|
|-end|p2a: Toxapex|move: Future Sight
|-supereffective|p2a: Toxapex
|-damage|p2a: Toxapex|0 fnt
|faint|p2a: Toxapex
|upkeep
|
|t:|1760743967
|switch|p2a: Garchomp|Garchomp, M, tera:Ground|22/100
|turn|44
|
|t:|1760743975
|move|p2a: Garchomp|Outrage|p1a: Slowking
|-crit|p1a: Slowking
|-damage|p1a: Slowking|0 fnt
|faint|p1a: Slowking
|
|upkeep
|
|t:|1760743979
|switch|p1a: Corviknight|Corviknight, F, tera:Dragon|100/100
|-ability|p1a: Corviknight|Pressure
|turn|45
|
|t:|1760743983
|move|p2a: Garchomp|Outrage|p1a: Corviknight|[from] lockedmove
|-supereffective|p1a: Corviknight
|-damage|p1a: Corviknight|0 fnt
|faint|p1a: Corviknight
|
|win|jeandonis02
|raw|SpongeGar &amp; Patar's rating: 1797 &rarr; <strong>1786</strong><br />(-11 for losing)
|raw|jeandonis02's rating: 1958 &rarr; <strong>1969</strong><br />(+11 for winning)
|l|☆SpongeGar & Patar
|player|p1|
|l|☆jeandonis02
|player|p2|
|l| taw
|l| hacksareus10
