|j|☆chadkaren
|j|☆Arianiaaaa
|t:|1760860983
|gametype|singles
|player|p1|chadkaren|102|1131
|player|p2|Arianiaaaa|170|1200
|gen|9
|tier|[Gen 9] OU
|rated|
|rule|HP Percentage Mod: HP is shown in percentages
|rule|Endless Battle Clause: Forcing endless battles is banned
|rule|Species Clause: Limit one of each Pokémon
|rule|OHKO Clause: OHKO moves are banned
|rule|Evasion Items Clause: Evasion items are banned
|rule|Evasion Moves Clause: Evasion moves are banned
|rule|Evasion Abilities Clause: Evasion abilities are banned
|rule|Sleep Moves Clause: Sleep-inducing moves are banned
|clearpoke
|poke|p1|Clodsire, F|
|poke|p1|Dondozo, F|
|poke|p1|Alomomola, F|
|poke|p1|Talonflame, F|
|poke|p1|Toxapex, M|
|poke|p1|Blissey, F|
|poke|p2|Scizor, F|
|poke|p2|Dragonite, F|
|poke|p2|Excadrill, F|
|poke|p2|Tyranitar, F|
|poke|p2|Corviknight, F|
|poke|p2|Kingambit, F|
|teampreview
|
|t:|1760860990
|teamsize|p1|6
|teamsize|p2|6
|start
|switch|p1a: Blissey|Blissey, F|100/100
|switch|p2a: Lizardzilla|Tyranitar, F, shiny|100/100
|-weather|Sandstorm|[from] ability: Sand Stream|[of] p2a: Lizardzilla
|turn|1
|j| TheBergentruck
|l| TheBergentruck
|
|t:|1760861015
|switch|p1a: Alomomola|Alomomola, F|100/100
|switch|p2a: Jackhammer|Excadrill, F, shiny|100/100
|
|-weather|Sandstorm|[upkeep]
|-damage|p1a: Alomomola|94/100|[from] Sandstorm
|upkeep
|turn|2
|
|t:|1760861028
|move|p2a: Jackhammer|Iron Head|p1a: Alomomola
|-resisted|p1a: Alomomola
|-damage|p1a: Alomomola|78/100
|move|p1a: Alomomola|Whirlpool|p2a: Jackhammer
|-supereffective|p2a: Jackhammer
|-damage|p2a: Jackhammer|84/100
|-activate|p2a: Jackhammer|move: Whirlpool|[of] p1a: Alomomola
|
|-weather|Sandstorm|[upkeep]
|-damage|p1a: Alomomola|72/100|[from] Sandstorm
|-damage|p2a: Jackhammer|71/100|[from] move: Whirlpool|[partiallytrapped]
|upkeep
|turn|3
|
|t:|1760861041
|move|p2a: Jackhammer|Iron Head|p1a: Alomomola
|-resisted|p1a: Alomomola
|-damage|p1a: Alomomola|55/100
|move|p1a: Alomomola|Wish|p1a: Alomomola
|
|-weather|Sandstorm|[upkeep]
|-damage|p1a: Alomomola|48/100|[from] Sandstorm
|-damage|p2a: Jackhammer|59/100|[from] move: Whirlpool|[partiallytrapped]
|upkeep
|turn|4
|
|t:|1760861048
|move|p1a: Alomomola|Protect|p1a: Alomomola
|-singleturn|p1a: Alomomola|Protect
|move|p2a: Jackhammer|Iron Head|p1a: Alomomola
|-activate|p1a: Alomomola|move: Protect
|
|-weather|Sandstorm|[upkeep]
|-damage|p1a: Alomomola|42/100|[from] Sandstorm
|-heal|p1a: Alomomola|92/100|[from] move: Wish|[wisher] Alomomola
|-damage|p2a: Jackhammer|46/100|[from] move: Whirlpool|[partiallytrapped]
|upkeep
|turn|5
|c|☆Arianiaaaa|Just end it
|
|t:|1760861064
|move|p2a: Jackhammer|Iron Head|p1a: Alomomola
|-resisted|p1a: Alomomola
|-crit|p1a: Alomomola
|-damage|p1a: Alomomola|67/100
|move|p1a: Alomomola|Wish|p1a: Alomomola
|
|-weather|Sandstorm|[upkeep]
|-damage|p1a: Alomomola|60/100|[from] Sandstorm
|-damage|p2a: Jackhammer|34/100|[from] move: Whirlpool|[partiallytrapped]
|upkeep
|turn|6
|
|t:|1760861072
|move|p1a: Alomomola|Protect|p1a: Alomomola
|-singleturn|p1a: Alomomola|Protect
|move|p2a: Jackhammer|Iron Head|p1a: Alomomola
|-activate|p1a: Alomomola|move: Protect
|
|-weather|Sandstorm|[upkeep]
|-damage|p1a: Alomomola|54/100|[from] Sandstorm
|-heal|p1a: Alomomola|100/100|[from] move: Wish|[wisher] Alomomola
|-damage|p2a: Jackhammer|22/100|[from] move: Whirlpool|[partiallytrapped]
|upkeep
|turn|7
|
|t:|1760861082
|move|p2a: Jackhammer|Iron Head|p1a: Alomomola
|-resisted|p1a: Alomomola
|-damage|p1a: Alomomola|85/100
|move|p1a: Alomomola|Wish|p1a: Alomomola
|
|-weather|Sandstorm|[upkeep]
|-damage|p1a: Alomomola|79/100|[from] Sandstorm
|-end|p2a: Jackhammer|Whirlpool|[partiallytrapped]
|upkeep
|turn|8
|
|t:|1760861093
|move|p2a: Jackhammer|Iron Head|p1a: Alomomola
|-resisted|p1a: Alomomola
|-damage|p1a: Alomomola|62/100
|move|p1a: Alomomola|Chilling Water|p2a: Jackhammer
|-supereffective|p2a: Jackhammer
|-damage|p2a: Jackhammer|0 fnt
|faint|p2a: Jackhammer
|
|-weather|none
|-heal|p1a: Alomomola|100/100|[from] move: Wish|[wisher] Alomomola
|upkeep
|c|☆chadkaren|teehee
|
|t:|1760861124
|switch|p2a: Angry bird|Corviknight, F, shiny|100/100
|turn|9
|inactive|Battle timer is ON: inactive players will automatically lose when time's up. (requested by chadkaren)
|
|t:|1760861138
|-terastallize|p2a: Angry bird|Fighting
|move|p2a: Angry bird|Body Press|p1a: Alomomola
|-damage|p1a: Alomomola|78/100
|move|p1a: Alomomola|Whirlpool|p2a: Angry bird
|-damage|p2a: Angry bird|97/100
|-activate|p2a: Angry bird|move: Whirlpool|[of] p1a: Alomomola
|
|-damage|p2a: Angry bird|84/100|[from] move: Whirlpool|[partiallytrapped]
|upkeep
|turn|10
|
|t:|1760861147
|move|p2a: Angry bird|Body Press|p1a: Alomomola
|-damage|p1a: Alomomola|58/100
|move|p1a: Alomomola|Wish|p1a: Alomomola
|
|-damage|p2a: Angry bird|72/100|[from] move: Whirlpool|[partiallytrapped]
|upkeep
|turn|11
|c|☆Arianiaaaa|I assault vested that thing
|
|t:|1760861159
|move|p1a: Alomomola|Protect|p1a: Alomomola
|-singleturn|p1a: Alomomola|Protect
|move|p2a: Angry bird|Body Press|p1a: Alomomola
|-activate|p1a: Alomomola|move: Protect
|
|-heal|p1a: Alomomola|100/100|[from] move: Wish|[wisher] Alomomola
|-damage|p2a: Angry bird|59/100|[from] move: Whirlpool|[partiallytrapped]
|upkeep
|turn|12
|
|t:|1760861169
|move|p2a: Angry bird|Body Press|p1a: Alomomola
|-damage|p1a: Alomomola|78/100
|move|p1a: Alomomola|Wish|p1a: Alomomola
|
|-damage|p2a: Angry bird|47/100|[from] move: Whirlpool|[partiallytrapped]
|upkeep
|turn|13
|
|t:|1760861176
|move|p2a: Angry bird|Body Press|p1a: Alomomola
|-damage|p1a: Alomomola|56/100
|move|p1a: Alomomola|Chilling Water|p2a: Angry bird
|-crit|p2a: Angry bird
|-damage|p2a: Angry bird|39/100
|-ability|p2a: Angry bird|Mirror Armor
|-unboost|p1a: Alomomola|atk|1
|
|-heal|p1a: Alomomola|100/100|[from] move: Wish|[wisher] Alomomola
|-end|p2a: Angry bird|Whirlpool|[partiallytrapped]
|upkeep
|turn|14
|
|t:|1760861187
|move|p2a: Angry bird|Body Press|p1a: Alomomola
|-damage|p1a: Alomomola|80/100
|move|p1a: Alomomola|Whirlpool|p2a: Angry bird
|-damage|p2a: Angry bird|34/100
|-activate|p2a: Angry bird|move: Whirlpool|[of] p1a: Alomomola
|
|-damage|p2a: Angry bird|22/100|[from] move: Whirlpool|[partiallytrapped]
|upkeep
|turn|15
|
|t:|1760861195
|move|p2a: Angry bird|Body Press|p1a: Alomomola
|-damage|p1a: Alomomola|58/100
|move|p1a: Alomomola|Wish|p1a: Alomomola
|
|-damage|p2a: Angry bird|9/100|[from] move: Whirlpool|[partiallytrapped]
|upkeep
|turn|16
|
|t:|1760861201
|move|p1a: Alomomola|Protect|p1a: Alomomola
|-singleturn|p1a: Alomomola|Protect
|move|p2a: Angry bird|Body Press|p1a: Alomomola
|-activate|p1a: Alomomola|move: Protect
|
|-heal|p1a: Alomomola|100/100|[from] move: Wish|[wisher] Alomomola
|-damage|p2a: Angry bird|0 fnt|[from] move: Whirlpool|[partiallytrapped]
|faint|p2a: Angry bird
|upkeep
|
|t:|1760861214
|switch|p2a: King|Kingambit, F, shiny|100/100
|-activate|p2a: King|ability: Supreme Overlord
|-start|p2a: King|fallen2|[silent]
|turn|17
|
|t:|1760861221
|move|p2a: King|Kowtow Cleave|p1a: Alomomola
|-damage|p1a: Alomomola|69/100
|move|p1a: Alomomola|Whirlpool|p2a: King
|-damage|p2a: King|93/100
|-activate|p2a: King|move: Whirlpool|[of] p1a: Alomomola
|
|-damage|p2a: King|81/100|[from] move: Whirlpool|[partiallytrapped]
|upkeep
|turn|18
|
|t:|1760861229
|move|p2a: King|Kowtow Cleave|p1a: Alomomola
|-damage|p1a: Alomomola|34/100
|move|p1a: Alomomola|Wish|p1a: Alomomola
|
|-damage|p2a: King|69/100|[from] move: Whirlpool|[partiallytrapped]
|upkeep
|turn|19
|
|t:|1760861238
|move|p1a: Alomomola|Protect|p1a: Alomomola
|-singleturn|p1a: Alomomola|Protect
|move|p2a: King|Kowtow Cleave|p1a: Alomomola
|-activate|p1a: Alomomola|move: Protect
|
|-heal|p1a: Alomomola|84/100|[from] move: Wish|[wisher] Alomomola
|-damage|p2a: King|56/100|[from] move: Whirlpool|[partiallytrapped]
|upkeep
|turn|20
|
|t:|1760861247
|move|p2a: King|Kowtow Cleave|p1a: Alomomola
|-damage|p1a: Alomomola|53/100
|move|p1a: Alomomola|Wish|p1a: Alomomola
|
|-damage|p2a: King|44/100|[from] move: Whirlpool|[partiallytrapped]
|upkeep
|turn|21
|
|t:|1760861258
|move|p1a: Alomomola|Protect|p1a: Alomomola
|-singleturn|p1a: Alomomola|Protect
|move|p2a: King|Kowtow Cleave|p1a: Alomomola
|-activate|p1a: Alomomola|move: Protect
|
|-heal|p1a: Alomomola|100/100|[from] move: Wish|[wisher] Alomomola
|-end|p2a: King|Whirlpool|[partiallytrapped]
|upkeep
|turn|22
|
|t:|1760861269
|-end|p2a: King|fallen2|[silent]
|switch|p2a: Big hands|Scizor, F, shiny|100/100
|move|p1a: Alomomola|Whirlpool|p2a: Big hands
|-damage|p2a: Big hands|91/100
|-activate|p2a: Big hands|move: Whirlpool|[of] p1a: Alomomola
|
|-damage|p2a: Big hands|78/100|[from] move: Whirlpool|[partiallytrapped]
|upkeep
|turn|23
|
|t:|1760861282
|move|p2a: Big hands|Trailblaze|p1a: Alomomola
|-supereffective|p1a: Alomomola
|-damage|p1a: Alomomola|58/100
|-boost|p2a: Big hands|spe|1
|move|p1a: Alomomola|Chilling Water|p2a: Big hands
|-damage|p2a: Big hands|65/100
|-unboost|p2a: Big hands|atk|1
|
|-damage|p2a: Big hands|53/100|[from] move: Whirlpool|[partiallytrapped]
|upkeep
|turn|24
|
|t:|1760861292
|move|p2a: Big hands|Trailblaze|p1a: Alomomola
|-supereffective|p1a: Alomomola
|-damage|p1a: Alomomola|27/100
|-boost|p2a: Big hands|spe|1
|move|p1a: Alomomola|Wish|p1a: Alomomola
|
|-damage|p2a: Big hands|40/100|[from] move: Whirlpool|[partiallytrapped]
|upkeep
|turn|25
|
|t:|1760861300
|move|p1a: Alomomola|Protect|p1a: Alomomola
|-singleturn|p1a: Alomomola|Protect
|move|p2a: Big hands|Trailblaze|p1a: Alomomola
|-activate|p1a: Alomomola|move: Protect
|
|-heal|p1a: Alomomola|77/100|[from] move: Wish|[wisher] Alomomola
|-damage|p2a: Big hands|28/100|[from] move: Whirlpool|[partiallytrapped]
|upkeep
|turn|26
|
|t:|1760861310
|move|p2a: Big hands|Trailblaze|p1a: Alomomola
|-supereffective|p1a: Alomomola
|-damage|p1a: Alomomola|49/100
|-boost|p2a: Big hands|spe|1
|move|p1a: Alomomola|Wish|p1a: Alomomola
|
|-damage|p2a: Big hands|15/100|[from] move: Whirlpool|[partiallytrapped]
|upkeep
|turn|27
|
|t:|1760861318
|move|p2a: Big hands|Trailblaze|p1a: Alomomola
|-supereffective|p1a: Alomomola
|-damage|p1a: Alomomola|19/100
|-boost|p2a: Big hands|spe|1
|move|p1a: Alomomola|Whirlpool|p2a: Big hands
|-damage|p2a: Big hands|6/100
|
|-heal|p1a: Alomomola|69/100|[from] move: Wish|[wisher] Alomomola
|-end|p2a: Big hands|Whirlpool|[partiallytrapped]
|upkeep
|turn|28
|
|t:|1760861328
|move|p1a: Alomomola|Protect|p1a: Alomomola
|-singleturn|p1a: Alomomola|Protect
|move|p2a: Big hands|Trailblaze|p1a: Alomomola
|-activate|p1a: Alomomola|move: Protect
|
|upkeep
|turn|29
|
|t:|1760861334
|move|p2a: Big hands|Trailblaze|p1a: Alomomola
|-supereffective|p1a: Alomomola
|-damage|p1a: Alomomola|37/100
|-boost|p2a: Big hands|spe|1
|move|p1a: Alomomola|Chilling Water|p2a: Big hands
|-damage|p2a: Big hands|0 fnt
|faint|p2a: Big hands
|
|upkeep
|
|t:|1760861344
|switch|p2a: Big bad boy|Dragonite, F, shiny|100/100
|turn|30
|
|t:|1760861349
|move|p2a: Big bad boy|Extreme Speed|p1a: Alomomola
|-damage|p1a: Alomomola|10/100
|move|p1a: Alomomola|Wish|p1a: Alomomola
|
|upkeep
|turn|31
|
|t:|1760861354
|move|p1a: Alomomola|Protect|p1a: Alomomola
|-singleturn|p1a: Alomomola|Protect
|move|p2a: Big bad boy|Extreme Speed|p1a: Alomomola
|-activate|p1a: Alomomola|move: Protect
|
|-heal|p1a: Alomomola|60/100|[from] move: Wish|[wisher] Alomomola
|upkeep
|turn|32
|
|t:|1760861363
|move|p2a: Big bad boy|Extreme Speed|p1a: Alomomola
|-damage|p1a: Alomomola|34/100
|move|p1a: Alomomola|Whirlpool|p2a: Big bad boy
|-resisted|p2a: Big bad boy
|-damage|p2a: Big bad boy|99/100
|-activate|p2a: Big bad boy|move: Whirlpool|[of] p1a: Alomomola
|
|-damage|p2a: Big bad boy|87/100|[from] move: Whirlpool|[partiallytrapped]
|upkeep
|turn|33
|
|t:|1760861371
|move|p2a: Big bad boy|Extreme Speed|p1a: Alomomola
|-damage|p1a: Alomomola|10/100
|move|p1a: Alomomola|Wish|p1a: Alomomola
|
|-damage|p2a: Big bad boy|74/100|[from] move: Whirlpool|[partiallytrapped]
|upkeep
|turn|34
|
|t:|1760861377
|move|p1a: Alomomola|Protect|p1a: Alomomola
|-singleturn|p1a: Alomomola|Protect
|move|p2a: Big bad boy|Extreme Speed|p1a: Alomomola
|-activate|p1a: Alomomola|move: Protect
|
|-heal|p1a: Alomomola|60/100|[from] move: Wish|[wisher] Alomomola
|-damage|p2a: Big bad boy|62/100|[from] move: Whirlpool|[partiallytrapped]
|upkeep
|turn|35
|
|t:|1760861391
|move|p2a: Big bad boy|Extreme Speed|p1a: Alomomola
|-damage|p1a: Alomomola|34/100
|move|p1a: Alomomola|Wish|p1a: Alomomola
|
|-damage|p2a: Big bad boy|50/100|[from] move: Whirlpool|[partiallytrapped]
|upkeep
|turn|36
|
|t:|1760861399
|move|p1a: Alomomola|Protect|p1a: Alomomola
|-singleturn|p1a: Alomomola|Protect
|move|p2a: Big bad boy|Extreme Speed|p1a: Alomomola
|-activate|p1a: Alomomola|move: Protect
|
|-heal|p1a: Alomomola|84/100|[from] move: Wish|[wisher] Alomomola
|-end|p2a: Big bad boy|Whirlpool|[partiallytrapped]
|upkeep
|turn|37
|
|t:|1760861408
|move|p2a: Big bad boy|Extreme Speed|p1a: Alomomola
|-damage|p1a: Alomomola|61/100
|move|p1a: Alomomola|Whirlpool|p2a: Big bad boy|[miss]
|-miss|p1a: Alomomola|p2a: Big bad boy
|
|upkeep
|turn|38
|
|t:|1760861415
|-activate|p2a: Big bad boy|move: Struggle
|move|p2a: Big bad boy|Struggle|p1a: Alomomola
|-damage|p1a: Alomomola|46/100
|-damage|p2a: Big bad boy|25/100|[from] recoil
|move|p1a: Alomomola|Wish|p1a: Alomomola
|
|upkeep
|turn|39
|
|t:|1760861424
|-activate|p2a: Big bad boy|move: Struggle
|move|p2a: Big bad boy|Struggle|p1a: Alomomola
|-damage|p1a: Alomomola|30/100
|-damage|p2a: Big bad boy|0 fnt|[from] recoil
|faint|p2a: Big bad boy
|move|p1a: Alomomola|Chilling Water|p2: Big bad boy|[notarget]
|-fail|p1a: Alomomola
|
|-heal|p1a: Alomomola|80/100|[from] move: Wish|[wisher] Alomomola
|upkeep
|
|t:|1760861440
|switch|p2a: Lizardzilla|Tyranitar, F, shiny|100/100
|-weather|Sandstorm|[from] ability: Sand Stream|[of] p2a: Lizardzilla
|turn|40
|
|t:|1760861450
|move|p2a: Lizardzilla|Body Press|p1a: Alomomola
|-damage|p1a: Alomomola|65/100
|move|p1a: Alomomola|Whirlpool|p2a: Lizardzilla
|-supereffective|p2a: Lizardzilla
|-damage|p2a: Lizardzilla|93/100
|-activate|p2a: Lizardzilla|move: Whirlpool|[of] p1a: Alomomola
|
|-weather|Sandstorm|[upkeep]
|-damage|p1a: Alomomola|59/100|[from] Sandstorm
|-damage|p2a: Lizardzilla|81/100|[from] move: Whirlpool|[partiallytrapped]
|upkeep
|turn|41
|
|t:|1760861462
|move|p2a: Lizardzilla|Body Press|p1a: Alomomola
|-damage|p1a: Alomomola|44/100
|move|p1a: Alomomola|Wish|p1a: Alomomola
|
|-weather|Sandstorm|[upkeep]
|-damage|p1a: Alomomola|38/100|[from] Sandstorm
|-damage|p2a: Lizardzilla|69/100|[from] move: Whirlpool|[partiallytrapped]
|upkeep
|turn|42
|
|t:|1760861471
|move|p1a: Alomomola|Protect|p1a: Alomomola
|-singleturn|p1a: Alomomola|Protect
|move|p2a: Lizardzilla|Body Press|p1a: Alomomola
|-activate|p1a: Alomomola|move: Protect
|
|-weather|Sandstorm|[upkeep]
|-damage|p1a: Alomomola|32/100|[from] Sandstorm
|-heal|p1a: Alomomola|82/100|[from] move: Wish|[wisher] Alomomola
|-damage|p2a: Lizardzilla|57/100|[from] move: Whirlpool|[partiallytrapped]
|upkeep
|turn|43
|
|t:|1760861482
|move|p2a: Lizardzilla|Body Press|p1a: Alomomola
|-damage|p1a: Alomomola|66/100
|move|p1a: Alomomola|Chilling Water|p2a: Lizardzilla
|-supereffective|p2a: Lizardzilla
|-damage|p2a: Lizardzilla|48/100
|-unboost|p2a: Lizardzilla|atk|1
|
|-weather|Sandstorm|[upkeep]
|-damage|p1a: Alomomola|60/100|[from] Sandstorm
|-damage|p2a: Lizardzilla|35/100|[from] move: Whirlpool|[partiallytrapped]
|upkeep
|turn|44
|
|t:|1760861497
|-terastallize|p1a: Alomomola|Flying
|move|p2a: Lizardzilla|Earthquake|p1a: Alomomola
|-immune|p1a: Alomomola
|move|p1a: Alomomola|Chilling Water|p2a: Lizardzilla
|-supereffective|p2a: Lizardzilla
|-damage|p2a: Lizardzilla|27/100
|-unboost|p2a: Lizardzilla|atk|1
|
|-weather|Sandstorm|[upkeep]
|-damage|p1a: Alomomola|54/100|[from] Sandstorm
|-damage|p2a: Lizardzilla|14/100|[from] move: Whirlpool|[partiallytrapped]
|upkeep
|turn|45
|
|t:|1760861510
|move|p2a: Lizardzilla|Body Press|p1a: Alomomola
|-resisted|p1a: Alomomola
|-damage|p1a: Alomomola|46/100
|move|p1a: Alomomola|Chilling Water|p2a: Lizardzilla
|-supereffective|p2a: Lizardzilla
|-crit|p2a: Lizardzilla
|-damage|p2a: Lizardzilla|0 fnt
|faint|p2a: Lizardzilla
|
|-weather|Sandstorm|[upkeep]
|-damage|p1a: Alomomola|40/100|[from] Sandstorm
|upkeep
|
|t:|1760861519
|switch|p2a: King|Kingambit, F, shiny|44/100
|-activate|p2a: King|ability: Supreme Overlord
|-start|p2a: King|fallen5|[silent]
|turn|46
|
|t:|1760861527
|move|p2a: King|Kowtow Cleave|p1a: Alomomola
|-damage|p1a: Alomomola|0 fnt
|faint|p1a: Alomomola
|
|-weather|Sandstorm|[upkeep]
|upkeep
|
|t:|1760861541
|switch|p1a: Talonflame|Talonflame, F|100/100
|turn|47
|
|t:|1760861545
|move|p1a: Talonflame|Flamethrower|p2a: King
|-supereffective|p2a: King
|-damage|p2a: King|0 fnt
|faint|p2a: King
|-end|p2a: King|fallen5|[silent]
|
|win|chadkaren
|raw|chadkaren's rating: 1131 &rarr; <strong>1161</strong><br />(+30 for winning)
|raw|Arianiaaaa's rating: 1200 &rarr; <strong>1170</strong><br />(-30 for losing)
|l|☆Arianiaaaa
|player|p2|
