|j|☆MegaMindMalamar
|j|☆exroen
|t:|1760808805
|gametype|singles
|player|p1|MegaMindMalamar|burglar|1086
|player|p2|exroen|101|1186
|gen|9
|tier|[Gen 9] OU
|rated|
|rule|HP Percentage Mod: HP is shown in percentages
|rule|Endless Battle Clause: Forcing endless battles is banned
|rule|Species Clause: Limit one of each Pokémon
|rule|OHKO Clause: OHKO moves are banned
|rule|Evasion Items Clause: Evasion items are banned
|rule|Evasion Moves Clause: Evasion moves are banned
|rule|Evasion Abilities Clause: Evasion abilities are banned
|rule|Sleep Moves Clause: Sleep-inducing moves are banned
|clearpoke
|poke|p1|Oinkologne, M|
|poke|p1|Eelektrik, M|
|poke|p1|Hypno, M|
|poke|p1|Dewgong, F|
|poke|p1|Spiritomb, F|
|poke|p1|Minior-Yellow|
|poke|p2|Ting-Lu|
|poke|p2|Gholdengo|
|poke|p2|Great Tusk|
|poke|p2|Raging Bolt|
|poke|p2|Iron Valiant|
|poke|p2|Kingambit, F|
|teampreview
|
|t:|1760808814
|teamsize|p1|6
|teamsize|p2|6
|start
|switch|p1a: Dewgong|Dewgong, F|100/100
|switch|p2a: Ting-Lu|Ting-Lu|100/100
|-ability|p2a: Ting-Lu|Vessel of Ruin
|turn|1
|
|t:|1760808822
|move|p1a: Dewgong|Triple Axel|p2a: Ting-Lu
|-supereffective|p2a: Ting-Lu
|-damage|p2a: Ting-Lu|92/100
|-supereffective|p2a: Ting-Lu
|-damage|p2a: Ting-Lu|78/100
|-supereffective|p2a: Ting-Lu
|-damage|p2a: Ting-Lu|56/100
|-hitcount|p2a: Ting-Lu|3
|move|p2a: Ting-Lu|Stealth Rock|p1a: Dewgong
|-sidestart|p1: MegaMindMalamar|move: Stealth Rock
|
|-heal|p2a: Ting-Lu|62/100|[from] item: Leftovers
|upkeep
|turn|2
|
|t:|1760808839
|switch|p2a: Gholdengo|Gholdengo|100/100
|move|p1a: Dewgong|Triple Axel|p2a: Gholdengo|[miss]
|-miss|p1a: Dewgong|p2a: Gholdengo
|
|upkeep
|turn|3
|
|t:|1760808848
|switch|p1a: Oinkologne|Oinkologne, M|100/100
|-damage|p1a: Oinkologne|88/100|[from] Stealth Rock
|move|p2a: Gholdengo|Make It Rain|p1a: Oinkologne
|-damage|p1a: Oinkologne|37/100
|-unboost|p2a: Gholdengo|spa|1
|
|upkeep
|turn|4
|
|t:|1760808860
|move|p2a: Gholdengo|Make It Rain|p1a: Oinkologne
|-damage|p1a: Oinkologne|7/100
|-unboost|p2a: Gholdengo|spa|1
|-enditem|p1a: Oinkologne|Apicot Berry|[eat]
|-boost|p1a: Oinkologne|spd|1|[from] item: Apicot Berry
|move|p1a: Oinkologne|Stuff Cheeks||[still]
|-fail|p1a: Oinkologne
|
|upkeep
|turn|5
|
|t:|1760808874
|move|p2a: Gholdengo|Make It Rain|p1a: Oinkologne
|-damage|p1a: Oinkologne|0 fnt
|-unboost|p2a: Gholdengo|spa|1
|faint|p1a: Oinkologne
|
|upkeep
|
|t:|1760808887
|switch|p1a: Dewgong|Dewgong, F|100/100
|-damage|p1a: Dewgong|76/100|[from] Stealth Rock
|turn|6
|
|t:|1760808893
|switch|p2a: Raging Bolt|Raging Bolt|100/100
|move|p1a: Dewgong|Drill Run|p2a: Raging Bolt
|-supereffective|p2a: Raging Bolt
|-damage|p2a: Raging Bolt|71/100
|
|upkeep
|turn|7
|
|t:|1760808904
|move|p2a: Raging Bolt|Thunderclap|p1a: Dewgong
|-supereffective|p1a: Dewgong
|-damage|p1a: Dewgong|0 fnt
|faint|p1a: Dewgong
|
|upkeep
|
|t:|1760808912
|switch|p1a: Hypno|Hypno, M|100/100
|-damage|p1a: Hypno|88/100|[from] Stealth Rock
|turn|8
|
|t:|1760808929
|move|p2a: Raging Bolt|Volt Switch|p1a: Hypno
|-damage|p1a: Hypno|50/100
|
|t:|1760808932
|-end|p2a: Raging Bolt|Protosynthesis|[silent]
|switch|p2a: Ting-Lu|Ting-Lu|62/100|[from] Volt Switch
|-ability|p2a: Ting-Lu|Vessel of Ruin
|move|p1a: Hypno|Ice Punch|p2a: Ting-Lu
|-supereffective|p2a: Ting-Lu
|-damage|p2a: Ting-Lu|43/100
|
|-heal|p2a: Ting-Lu|49/100|[from] item: Leftovers
|upkeep
|turn|9
|
|t:|1760808959
|-terastallize|p1a: Hypno|Fighting
|move|p1a: Hypno|Low Sweep|p2a: Ting-Lu
|-supereffective|p2a: Ting-Lu
|-damage|p2a: Ting-Lu|24/100
|-unboost|p2a: Ting-Lu|spe|1
|move|p2a: Ting-Lu|Spikes|p1a: Hypno
|-sidestart|p1: MegaMindMalamar|Spikes
|
|-heal|p2a: Ting-Lu|30/100|[from] item: Leftovers
|upkeep
|turn|10
|
|t:|1760808973
|switch|p2a: Gholdengo|Gholdengo|100/100
|move|p1a: Hypno|Low Sweep|p2a: Gholdengo
|-immune|p2a: Gholdengo
|
|upkeep
|turn|11
|
|t:|1760808983
|move|p2a: Gholdengo|Make It Rain|p1a: Hypno
|-damage|p1a: Hypno|0 fnt
|-unboost|p2a: Gholdengo|spa|1
|faint|p1a: Hypno
|
|upkeep
|
|t:|1760808993
|switch|p1a: Eelektrik|Eelektrik, M|100/100
|-damage|p1a: Eelektrik|88/100|[from] Stealth Rock
|turn|12
|
|t:|1760809001
|switch|p2a: Great Tusk|Great Tusk|100/100
|move|p1a: Eelektrik|Knock Off|p2a: Great Tusk
|-resisted|p2a: Great Tusk
|-damage|p2a: Great Tusk|95/100
|-enditem|p2a: Great Tusk|Heavy-Duty Boots|[from] move: Knock Off|[of] p1a: Eelektrik
|
|upkeep
|turn|13
|
|t:|1760809010
|switch|p1a: Minior|Minior-Yellow, shiny|100/100
|-damage|p1a: Minior|76/100|[from] Stealth Rock
|-formechange|p1a: Minior|Minior-Meteor||[from] ability: Shields Down
|move|p2a: Great Tusk|Knock Off|p1a: Minior
|-damage|p1a: Minior|45/100
|-enditem|p1a: Minior|Weakness Policy|[from] move: Knock Off|[of] p2a: Great Tusk
|
|-formechange|p1a: Minior|Minior-Yellow||[from] ability: Shields Down
|upkeep
|turn|14
|
|t:|1760809035
|move|p1a: Minior|Acrobatics|p2a: Great Tusk
|-supereffective|p2a: Great Tusk
|-damage|p2a: Great Tusk|52/100
|move|p2a: Great Tusk|Knock Off|p1a: Minior
|-crit|p1a: Minior
|-damage|p1a: Minior|0 fnt
|faint|p1a: Minior
|
|upkeep
|
|t:|1760809043
|switch|p1a: Eelektrik|Eelektrik, M|88/100
|-damage|p1a: Eelektrik|75/100|[from] Stealth Rock
|turn|15
|
|t:|1760809051
|move|p2a: Great Tusk|Knock Off|p1a: Eelektrik
|-damage|p1a: Eelektrik|54/100
|-enditem|p1a: Eelektrik|Eviolite|[from] move: Knock Off|[of] p2a: Great Tusk
|move|p1a: Eelektrik|Knock Off|p2a: Great Tusk
|-resisted|p2a: Great Tusk
|-damage|p2a: Great Tusk|49/100
|
|upkeep
|turn|16
|
|t:|1760809059
|move|p2a: Great Tusk|Earthquake|p1a: Eelektrik
|-immune|p1a: Eelektrik|[from] ability: Levitate
|move|p1a: Eelektrik|U-turn|p2a: Great Tusk
|-resisted|p2a: Great Tusk
|-damage|p2a: Great Tusk|45/100
|
|t:|1760809066
|switch|p1a: Spiritomb|Spiritomb, F|100/100|[from] U-turn
|-damage|p1a: Spiritomb|88/100|[from] Stealth Rock
|-damage|p1a: Spiritomb|76/100|[from] Spikes
|
|upkeep
|turn|17
|
|t:|1760809080
|move|p2a: Great Tusk|Knock Off|p1a: Spiritomb
|-damage|p1a: Spiritomb|43/100
|-enditem|p1a: Spiritomb|Life Orb|[from] move: Knock Off|[of] p2a: Great Tusk
|move|p1a: Spiritomb|Will-O-Wisp|p2a: Great Tusk
|-status|p2a: Great Tusk|brn
|
|-damage|p2a: Great Tusk|39/100 brn|[from] brn
|upkeep
|turn|18
|
|t:|1760809097
|move|p2a: Great Tusk|Knock Off|p1a: Spiritomb
|-damage|p1a: Spiritomb|33/100
|move|p1a: Spiritomb|Shadow Ball|p2a: Great Tusk
|-damage|p2a: Great Tusk|0 fnt
|faint|p2a: Great Tusk
|-end|p2a: Great Tusk|Protosynthesis|[silent]
|
|upkeep
|
|t:|1760809106
|switch|p2a: Iron Valiant|Iron Valiant|100/100
|-enditem|p2a: Iron Valiant|Booster Energy
|-activate|p2a: Iron Valiant|ability: Quark Drive|[fromitem]
|-start|p2a: Iron Valiant|quarkdrivespe
|turn|19
|
|t:|1760809115
|move|p2a: Iron Valiant|Moonblast|p1a: Spiritomb
|-supereffective|p1a: Spiritomb
|-damage|p1a: Spiritomb|0 fnt
|faint|p1a: Spiritomb
|
|upkeep
|
|t:|1760809121
|switch|p1a: Eelektrik|Eelektrik, M|54/100
|-damage|p1a: Eelektrik|42/100|[from] Stealth Rock
|turn|20
|
|t:|1760809128
|move|p2a: Iron Valiant|Moonblast|p1a: Eelektrik
|-damage|p1a: Eelektrik|0 fnt
|faint|p1a: Eelektrik
|
|win|exroen
|raw|MegaMindMalamar's rating: 1086 &rarr; <strong>1070</strong><br />(-16 for losing)
|raw|exroen's rating: 1186 &rarr; <strong>1204</strong><br />(+18 for winning)
|l|☆MegaMindMalamar
|player|p1|
|l|☆exroen
|player|p2|
