|j|☆lyra89
|j|☆Crimson1821
|t:|1760848312
|gametype|singles
|player|p1|lyra89|roxie|1095
|player|p2|Crimson1821|1|1133
|gen|9
|tier|[Gen 9] OU
|rated|
|rule|HP Percentage Mod: HP is shown in percentages
|rule|Endless Battle Clause: Forcing endless battles is banned
|rule|Species Clause: Limit one of each Pokémon
|rule|OHKO Clause: OHKO moves are banned
|rule|Evasion Items Clause: Evasion items are banned
|rule|Evasion Moves Clause: Evasion moves are banned
|rule|Evasion Abilities Clause: Evasion abilities are banned
|rule|Sleep Moves Clause: Sleep-inducing moves are banned
|clearpoke
|poke|p1|Cloyster, M|
|poke|p1|Azumarill, M|
|poke|p1|Minior|
|poke|p1|Flygon, M|
|poke|p1|Fezandipiti, M|
|poke|p1|Leavanny, F|
|poke|p2|Scizor, M|
|poke|p2|Gliscor, M|
|poke|p2|Ninetales, M|
|poke|p2|Kyurem|
|poke|p2|Samurott-Hisui, F|
|poke|p2|Zamazenta-*|
|teampreview
|
|t:|1760848316
|teamsize|p1|6
|teamsize|p2|6
|start
|switch|p1a: Poseuse de mort|Leavanny, F|100/100
|switch|p2a: Gliscor|Gliscor, M|100/100
|turn|1
|
|t:|1760848326
|move|p1a: Poseuse de mort|Knock Off|p2a: Gliscor
|-damage|p2a: Gliscor|77/100
|-enditem|p2a: Gliscor|Toxic Orb|[from] move: Knock Off|[of] p1a: Poseuse de mort
|move|p2a: Gliscor|Stealth Rock|p1a: Poseuse de mort
|-sidestart|p1: lyra89|move: Stealth Rock
|
|upkeep
|turn|2
|
|t:|1760848333
|move|p1a: Poseuse de mort|Sticky Web|p2a: Gliscor
|-sidestart|p2: Crimson1821|move: Sticky Web
|move|p2a: Gliscor|U-turn|p1a: Poseuse de mort
|-supereffective|p1a: Poseuse de mort
|-damage|p1a: Poseuse de mort|61/100
|
|t:|1760848342
|switch|p2a: Ninetales|Ninetales, M, shiny|100/100|[from] U-turn
|-activate|p2a: Ninetales|move: Sticky Web
|-unboost|p2a: Ninetales|spe|1
|-weather|SunnyDay|[from] ability: Drought|[of] p2a: Ninetales
|
|-weather|SunnyDay|[upkeep]
|upkeep
|turn|3
|
|t:|1760848354
|move|p1a: Poseuse de mort|Knock Off|p2a: Ninetales
|-damage|p2a: Ninetales|57/100
|-enditem|p2a: Ninetales|Charcoal|[from] move: Knock Off|[of] p1a: Poseuse de mort
|move|p2a: Ninetales|Nasty Plot|p2a: Ninetales
|-boost|p2a: Ninetales|spa|2
|
|-weather|SunnyDay|[upkeep]
|upkeep
|turn|4
|
|t:|1760848365
|move|p1a: Poseuse de mort|Leaf Blade|p2a: Ninetales
|-resisted|p2a: Ninetales
|-crit|p2a: Ninetales
|-damage|p2a: Ninetales|14/100
|move|p2a: Ninetales|Weather Ball|p1a: Poseuse de mort
|-supereffective|p1a: Poseuse de mort
|-damage|p1a: Poseuse de mort|0 fnt
|faint|p1a: Poseuse de mort
|
|-weather|SunnyDay|[upkeep]
|upkeep
|
|t:|1760848379
|switch|p1a: J'suis défoncé|Minior, shiny|100/100
|-damage|p1a: J'suis défoncé|76/100|[from] Stealth Rock
|-formechange|p1a: J'suis défoncé|Minior-Meteor||[from] ability: Shields Down
|turn|5
|
|t:|1760848387
|move|p1a: J'suis défoncé|Shell Smash|p1a: J'suis défoncé
|-unboost|p1a: J'suis défoncé|def|1
|-unboost|p1a: J'suis défoncé|spd|1
|-boost|p1a: J'suis défoncé|atk|2
|-boost|p1a: J'suis défoncé|spa|2
|-boost|p1a: J'suis défoncé|spe|2
|-enditem|p1a: J'suis défoncé|White Herb
|-clearnegativeboost|p1a: J'suis défoncé|[silent]
|move|p2a: Ninetales|Weather Ball|p1a: J'suis défoncé
|-resisted|p1a: J'suis défoncé
|-damage|p1a: J'suis défoncé|0 fnt
|faint|p1a: J'suis défoncé
|
|-weather|SunnyDay|[upkeep]
|upkeep
|
|t:|1760848400
|switch|p1a: Coucou ^^|Azumarill, M, shiny|100/100
|-damage|p1a: Coucou ^^|88/100|[from] Stealth Rock
|turn|6
|
|t:|1760848405
|move|p1a: Coucou ^^|Aqua Jet|p2a: Ninetales
|-supereffective|p2a: Ninetales
|-crit|p2a: Ninetales
|-damage|p2a: Ninetales|0 fnt
|faint|p2a: Ninetales
|
|-weather|none
|upkeep
|
|t:|1760848419
|switch|p2a: Kyurem|Kyurem, shiny|100/100
|-activate|p2a: Kyurem|move: Sticky Web
|-unboost|p2a: Kyurem|spe|1
|-ability|p2a: Kyurem|Pressure
|turn|7
|
|t:|1760848429
|move|p2a: Kyurem|Freeze-Dry|p1a: Coucou ^^
|-supereffective|p1a: Coucou ^^
|-damage|p1a: Coucou ^^|0 fnt
|faint|p1a: Coucou ^^
|
|upkeep
|
|t:|1760848435
|switch|p1a: Casino|Flygon, M, shiny|100/100
|-damage|p1a: Casino|95/100|[from] Stealth Rock
|turn|8
|
|t:|1760848442
|move|p1a: Casino|Scale Shot|p2a: Kyurem
|-supereffective|p2a: Kyurem
|-damage|p2a: Kyurem|77/100
|-supereffective|p2a: Kyurem
|-damage|p2a: Kyurem|52/100
|-supereffective|p2a: Kyurem
|-damage|p2a: Kyurem|30/100
|-supereffective|p2a: Kyurem
|-damage|p2a: Kyurem|9/100
|-hitcount|p2a: Kyurem|4
|-unboost|p1a: Casino|def|1
|-boost|p1a: Casino|spe|1
|move|p2a: Kyurem|Freeze-Dry|p1a: Casino
|-supereffective|p1a: Casino
|-damage|p1a: Casino|0 fnt
|faint|p1a: Casino
|
|upkeep
|
|t:|1760848458
|switch|p1a: massacreur|Cloyster, M, shiny|100/100
|-damage|p1a: massacreur|76/100|[from] Stealth Rock
|turn|9
|
|t:|1760848465
|-terastallize|p1a: massacreur|Steel
|move|p1a: massacreur|Shell Smash|p1a: massacreur
|-unboost|p1a: massacreur|def|1
|-unboost|p1a: massacreur|spd|1
|-boost|p1a: massacreur|atk|2
|-boost|p1a: massacreur|spa|2
|-boost|p1a: massacreur|spe|2
|-enditem|p1a: massacreur|White Herb
|-clearnegativeboost|p1a: massacreur|[silent]
|move|p2a: Kyurem|Freeze-Dry|p1a: massacreur
|-resisted|p1a: massacreur
|-damage|p1a: massacreur|3/100
|
|upkeep
|turn|10
|
|t:|1760848480
|move|p1a: massacreur|Ice Shard|p2a: Kyurem
|-damage|p2a: Kyurem|0 fnt
|faint|p2a: Kyurem
|
|upkeep
|
|t:|1760848484
|switch|p2a: Scizor|Scizor, M, shiny|100/100
|-activate|p2a: Scizor|move: Sticky Web
|-unboost|p2a: Scizor|spe|1
|turn|11
|
|t:|1760848490
|-terastallize|p2a: Scizor|Steel
|move|p1a: massacreur|Ice Shard|p2a: Scizor
|-resisted|p2a: Scizor
|-damage|p2a: Scizor|81/100
|move|p2a: Scizor|Bullet Punch|p1a: massacreur
|-resisted|p1a: massacreur
|-damage|p1a: massacreur|0 fnt
|faint|p1a: massacreur
|
|upkeep
|
|t:|1760848499
|switch|p1a: Fezandipiti|Fezandipiti, M|100/100
|turn|12
|
|t:|1760848505
|move|p2a: Scizor|Bullet Punch|p1a: Fezandipiti
|-supereffective|p1a: Fezandipiti
|-damage|p1a: Fezandipiti|0 fnt
|faint|p1a: Fezandipiti
|
|win|Crimson1821
|raw|lyra89's rating: 1095 &rarr; <strong>1073</strong><br />(-22 for losing)
|raw|Crimson1821's rating: 1133 &rarr; <strong>1155</strong><br />(+22 for winning)
|l|☆Crimson1821
|player|p2|
|l|☆lyra89
|player|p1|
