|j|☆Rbtnk
|j|☆NaCl fish
|t:|1760781387
|gametype|singles
|player|p1|Rbtnk|scientistf|1241
|player|p2|NaCl fish|irida|1297
|gen|9
|tier|[Gen 9] OU
|rated|
|rule|HP Percentage Mod: HP is shown in percentages
|rule|Endless Battle Clause: Forcing endless battles is banned
|rule|Species Clause: Limit one of each Pokémon
|rule|OHKO Clause: OHKO moves are banned
|rule|Evasion Items Clause: Evasion items are banned
|rule|Evasion Moves Clause: Evasion moves are banned
|rule|Evasion Abilities Clause: Evasion abilities are banned
|rule|Sleep Moves Clause: Sleep-inducing moves are banned
|clearpoke
|poke|p1|Meowscarada, F|
|poke|p1|Dondozo, F|
|poke|p1|Ninetales-Alola, F|
|poke|p1|Braviary-Hisui, M|
|poke|p1|Glimmora, F|
|poke|p1|Haxorus, M|
|poke|p2|Torkoal, F|
|poke|p2|Ogerpon-Wellspring, F|
|poke|p2|Walking Wake|
|poke|p2|Gliscor, M|
|poke|p2|Raging Bolt|
|poke|p2|Toxapex, F|
|teampreview
|inactive|Battle timer is ON: inactive players will automatically lose when time's up. (requested by NaCl fish)
|
|t:|1760781392
|teamsize|p1|6
|teamsize|p2|6
|start
|switch|p1a: Glimmora|Glimmora, F, shiny|100/100
|switch|p2a: Ogerpon|Ogerpon-Wellspring, F|100/100
|turn|1
|
|t:|1760781403
|move|p2a: Ogerpon|Ivy Cudgel|p1a: Glimmora|[anim] Ivy Cudgel Water
|-supereffective|p1a: Glimmora
|-enditem|p1a: Glimmora|Focus Sash
|-damage|p1a: Glimmora|1/100
|-activate|p1a: Glimmora|ability: Toxic Debris
|-sidestart|p2: NaCl fish|move: Toxic Spikes
|move|p1a: Glimmora|Mortal Spin|p2a: Ogerpon
|-supereffective|p2a: Ogerpon
|-damage|p2a: Ogerpon|85/100
|-status|p2a: Ogerpon|psn
|
|-damage|p2a: Ogerpon|72/100 psn|[from] psn
|upkeep
|turn|2
|
|t:|1760781412
|move|p2a: Ogerpon|U-turn|p1a: Glimmora
|-resisted|p1a: Glimmora
|-damage|p1a: Glimmora|0 fnt
|-activate|p1a: Glimmora|ability: Toxic Debris
|-sidestart|p2: NaCl fish|move: Toxic Spikes
|faint|p1a: Glimmora
|
|t:|1760781414
|switch|p2a: Toxapex|Toxapex, F|100/100|[from] U-turn
|-sideend|p2: NaCl fish|move: Toxic Spikes|[of] p2a: Toxapex
|
|upkeep
|
|t:|1760781422
|switch|p1a: Braviary|Braviary-Hisui, M|100/100
|turn|3
|
|t:|1760781425
|move|p1a: Braviary|Calm Mind|p1a: Braviary
|-boost|p1a: Braviary|spa|1
|-boost|p1a: Braviary|spd|1
|move|p2a: Toxapex|Haze|p2a: Toxapex
|-clearallboost
|
|upkeep
|turn|4
|
|t:|1760781432
|switch|p2a: Gliscor|Gliscor, M|100/100
|move|p1a: Braviary|Esper Wing|p2a: Gliscor
|-damage|p2a: Gliscor|56/100
|
|-status|p2a: Gliscor|tox|[from] item: Toxic Orb
|upkeep
|turn|5
|
|t:|1760781439
|move|p2a: Gliscor|Fling|p1a: Braviary
|-supereffective|p1a: Braviary
|-crit|p1a: Braviary
|-damage|p1a: Braviary|79/100
|-status|p1a: Braviary|tox
|-enditem|p2a: Gliscor|Toxic Orb|[from] move: Fling
|move|p1a: Braviary|Hurricane|p2a: Gliscor
|-damage|p2a: Gliscor|0 fnt
|faint|p2a: Gliscor
|
|-heal|p1a: Braviary|85/100 tox|[from] item: Leftovers
|-damage|p1a: Braviary|79/100 tox|[from] psn
|upkeep
|
|t:|1760781447
|switch|p2a: Toxapex|Toxapex, F|100/100
|turn|6
|
|t:|1760781451
|move|p2a: Toxapex|Baneful Bunker|p2a: Toxapex
|-singleturn|p2a: Toxapex|move: Protect
|move|p1a: Braviary|Calm Mind|p1a: Braviary
|-boost|p1a: Braviary|spa|1
|-boost|p1a: Braviary|spd|1
|
|-heal|p1a: Braviary|85/100 tox|[from] item: Leftovers
|-damage|p1a: Braviary|73/100 tox|[from] psn
|upkeep
|turn|7
|
|t:|1760781462
|move|p2a: Toxapex|Baneful Bunker||[still]
|-fail|p2a: Toxapex
|move|p1a: Braviary|Esper Wing|p2a: Toxapex
|-supereffective|p2a: Toxapex
|-damage|p2a: Toxapex|0 fnt
|faint|p2a: Toxapex
|
|-heal|p1a: Braviary|79/100 tox|[from] item: Leftovers
|-damage|p1a: Braviary|60/100 tox|[from] psn
|upkeep
|
|t:|1760781466
|switch|p2a: Ogerpon|Ogerpon-Wellspring, F|72/100 psn
|turn|8
|
|t:|1760781475
|move|p2a: Ogerpon|Ivy Cudgel|p1a: Braviary|[anim] Ivy Cudgel Water
|-damage|p1a: Braviary|0 fnt
|faint|p1a: Braviary
|
|-damage|p2a: Ogerpon|60/100 psn|[from] psn
|upkeep
|
|t:|1760781481
|switch|p1a: Dondozo|Dondozo, F|100/100
|turn|9
|
|t:|1760781486
|move|p2a: Ogerpon|Horn Leech|p1a: Dondozo
|-supereffective|p1a: Dondozo
|-damage|p1a: Dondozo|64/100
|-heal|p2a: Ogerpon|91/100 psn|[from] drain|[of] p1a: Dondozo
|move|p1a: Dondozo|Body Press|p2a: Ogerpon
|-damage|p2a: Ogerpon|57/100 psn
|
|-heal|p1a: Dondozo|70/100|[from] item: Leftovers
|-damage|p2a: Ogerpon|44/100 psn|[from] psn
|upkeep
|turn|10
|
|t:|1760781497
|switch|p1a: Meowscarada|Meowscarada, F|100/100
|move|p2a: Ogerpon|Horn Leech|p1a: Meowscarada
|-resisted|p1a: Meowscarada
|-crit|p1a: Meowscarada
|-damage|p1a: Meowscarada|45/100
|-heal|p2a: Ogerpon|72/100 psn|[from] drain|[of] p1a: Meowscarada
|
|-damage|p2a: Ogerpon|59/100 psn|[from] psn
|upkeep
|turn|11
|
|t:|1760781504
|move|p2a: Ogerpon|Spiky Shield|p2a: Ogerpon
|-singleturn|p2a: Ogerpon|move: Protect
|move|p1a: Meowscarada|Knock Off|p2a: Ogerpon
|-start|p1a: Meowscarada|typechange|Dark|[from] ability: Protean
|-activate|p2a: Ogerpon|move: Protect
|-damage|p1a: Meowscarada|32/100|[from] Spiky Shield|[of] p2a: Ogerpon
|
|-damage|p2a: Ogerpon|47/100 psn|[from] psn
|upkeep
|turn|12
|
|t:|1760781508
|move|p1a: Meowscarada|Knock Off|p2a: Ogerpon
|-damage|p2a: Ogerpon|0 fnt
|faint|p2a: Ogerpon
|
|upkeep
|
|t:|1760781511
|switch|p2a: Torkoal|Torkoal, F|100/100
|-weather|SunnyDay|[from] ability: Drought|[of] p2a: Torkoal
|turn|13
|
|t:|1760781515
|switch|p2a: Walking Wake|Walking Wake|100/100
|-activate|p2a: Walking Wake|ability: Protosynthesis
|-start|p2a: Walking Wake|protosynthesisspa
|move|p1a: Meowscarada|Knock Off|p2a: Walking Wake
|-damage|p2a: Walking Wake|35/100
|-enditem|p2a: Walking Wake|Choice Scarf|[from] move: Knock Off|[of] p1a: Meowscarada
|
|-weather|SunnyDay|[upkeep]
|upkeep
|turn|14
|
|t:|1760781524
|move|p1a: Meowscarada|Knock Off|p2a: Walking Wake
|-damage|p2a: Walking Wake|0 fnt
|faint|p2a: Walking Wake
|-end|p2a: Walking Wake|Protosynthesis|[silent]
|
|-weather|SunnyDay|[upkeep]
|upkeep
|
|t:|1760781529
|switch|p2a: Raging Bolt|Raging Bolt|100/100
|-activate|p2a: Raging Bolt|ability: Protosynthesis
|-start|p2a: Raging Bolt|protosynthesisspa
|turn|15
|
|t:|1760781532
|-terastallize|p2a: Raging Bolt|Fairy
|move|p1a: Meowscarada|Knock Off|p2a: Raging Bolt
|-resisted|p2a: Raging Bolt
|-damage|p2a: Raging Bolt|69/100
|-enditem|p2a: Raging Bolt|Leftovers|[from] move: Knock Off|[of] p1a: Meowscarada
|move|p2a: Raging Bolt|Calm Mind|p2a: Raging Bolt
|-boost|p2a: Raging Bolt|spa|1
|-boost|p2a: Raging Bolt|spd|1
|
|-weather|SunnyDay|[upkeep]
|upkeep
|turn|16
|
|t:|1760781541
|switch|p1a: Ninetales|Ninetales-Alola, F, shiny|100/100
|-weather|Snowscape|[from] ability: Snow Warning|[of] p1a: Ninetales
|-end|p2a: Raging Bolt|Protosynthesis
|move|p2a: Raging Bolt|Calm Mind|p2a: Raging Bolt
|-boost|p2a: Raging Bolt|spa|1
|-boost|p2a: Raging Bolt|spd|1
|
|-weather|Snowscape|[upkeep]
|upkeep
|turn|17
|
|t:|1760781546
|move|p1a: Ninetales|Aurora Veil|p1a: Ninetales
|-sidestart|p1: Rbtnk|move: Aurora Veil
|move|p2a: Raging Bolt|Thunderbolt|p1a: Ninetales
|-damage|p1a: Ninetales|36/100
|
|-weather|Snowscape|[upkeep]
|upkeep
|turn|18
|
|t:|1760781550
|move|p2a: Raging Bolt|Thunderclap||[still]
|-fail|p2a: Raging Bolt
|move|p1a: Ninetales|Encore|p2a: Raging Bolt
|-start|p2a: Raging Bolt|Encore
|
|-weather|Snowscape|[upkeep]
|upkeep
|turn|19
|
|t:|1760781562
|move|p2a: Raging Bolt|Thunderclap|p1a: Ninetales
|-crit|p1a: Ninetales
|-damage|p1a: Ninetales|0 fnt
|faint|p1a: Ninetales
|
|-weather|Snowscape|[upkeep]
|upkeep
|
|t:|1760781565
|switch|p1a: Meowscarada|Meowscarada, F|32/100
|turn|20
|
|t:|1760781574
|move|p2a: Raging Bolt|Thunderclap|p1a: Meowscarada
|-resisted|p1a: Meowscarada
|-damage|p1a: Meowscarada|1/100
|move|p1a: Meowscarada|Flower Trick|p2a: Raging Bolt
|-start|p1a: Meowscarada|typechange|Grass|[from] ability: Protean
|-crit|p2a: Raging Bolt
|-damage|p2a: Raging Bolt|10/100
|
|-weather|none
|upkeep
|turn|21
|
|t:|1760781582
|move|p2a: Raging Bolt|Thunderclap|p1a: Meowscarada
|-resisted|p1a: Meowscarada
|-damage|p1a: Meowscarada|0 fnt
|faint|p1a: Meowscarada
|
|-end|p2a: Raging Bolt|Encore
|upkeep
|
|t:|1760781586
|switch|p1a: Haxorus|Haxorus, M|100/100
|-ability|p1a: Haxorus|Mold Breaker
|turn|22
|
|t:|1760781588
|move|p1a: Haxorus|Dragon Dance|p1a: Haxorus
|-boost|p1a: Haxorus|atk|1
|-boost|p1a: Haxorus|spe|1
|move|p2a: Raging Bolt|Dragon Pulse|p1a: Haxorus
|-supereffective|p1a: Haxorus
|-damage|p1a: Haxorus|0 fnt
|faint|p1a: Haxorus
|
|upkeep
|
|t:|1760781594
|switch|p1a: Dondozo|Dondozo, F|70/100
|turn|23
|
|t:|1760781596
|move|p2a: Raging Bolt|Thunderbolt|p1a: Dondozo
|-supereffective|p1a: Dondozo
|-damage|p1a: Dondozo|22/100
|move|p1a: Dondozo|Liquidation|p2a: Raging Bolt
|-damage|p2a: Raging Bolt|0 fnt
|faint|p2a: Raging Bolt
|-end|p2a: Raging Bolt|Protosynthesis|[silent]
|
|-heal|p1a: Dondozo|28/100|[from] item: Leftovers
|upkeep
|
|t:|1760781600
|switch|p2a: Torkoal|Torkoal, F|100/100
|-weather|SunnyDay|[from] ability: Drought|[of] p2a: Torkoal
|turn|24
|
|t:|1760781602
|move|p1a: Dondozo|Rest|p1a: Dondozo
|-status|p1a: Dondozo|slp|[from] move: Rest
|-heal|p1a: Dondozo|100/100 slp|[silent]
|move|p2a: Torkoal|Will-O-Wisp||[still]
|-fail|p2a: Torkoal
|
|-weather|SunnyDay|[upkeep]
|-sideend|p1: Rbtnk|move: Aurora Veil
|upkeep
|turn|25
|
|t:|1760781608
|cant|p1a: Dondozo|slp
|move|p1a: Dondozo|Sleep Talk|p1a: Dondozo
|move|p1a: Dondozo|Rest||[from] move: Sleep Talk|[still]
|-fail|p1a: Dondozo
|move|p2a: Torkoal|Stealth Rock|p1a: Dondozo
|-sidestart|p1: Rbtnk|move: Stealth Rock
|
|-weather|SunnyDay|[upkeep]
|upkeep
|turn|26
|
|t:|1760781613
|cant|p1a: Dondozo|slp
|move|p1a: Dondozo|Sleep Talk|p1a: Dondozo
|move|p1a: Dondozo|Rest||[from] move: Sleep Talk|[still]
|-fail|p1a: Dondozo
|move|p2a: Torkoal|Rapid Spin|p1a: Dondozo
|-damage|p1a: Dondozo|96/100 slp
|-boost|p2a: Torkoal|spe|1
|
|-weather|SunnyDay|[upkeep]
|-heal|p1a: Dondozo|100/100 slp|[from] item: Leftovers
|upkeep
|turn|27
|
|t:|1760781619
|-curestatus|p1a: Dondozo|slp|[msg]
|move|p1a: Dondozo|Liquidation|p2a: Torkoal
|-supereffective|p2a: Torkoal
|-damage|p2a: Torkoal|79/100
|move|p2a: Torkoal|Rapid Spin|p1a: Dondozo
|-damage|p1a: Dondozo|96/100
|-boost|p2a: Torkoal|spe|1
|
|-weather|SunnyDay|[upkeep]
|-heal|p1a: Dondozo|100/100|[from] item: Leftovers
|upkeep
|turn|28
|
|t:|1760781627
|move|p1a: Dondozo|Liquidation|p2a: Torkoal
|-supereffective|p2a: Torkoal
|-damage|p2a: Torkoal|59/100
|move|p2a: Torkoal|Will-O-Wisp|p1a: Dondozo
|-status|p1a: Dondozo|brn
|
|-weather|SunnyDay|[upkeep]
|-damage|p1a: Dondozo|94/100 brn|[from] brn
|upkeep
|turn|29
|
|t:|1760781633
|move|p1a: Dondozo|Rest|p1a: Dondozo
|-status|p1a: Dondozo|slp|[from] move: Rest
|-heal|p1a: Dondozo|100/100 slp|[silent]
|move|p2a: Torkoal|Rapid Spin|p1a: Dondozo
|-crit|p1a: Dondozo
|-damage|p1a: Dondozo|94/100 slp
|-boost|p2a: Torkoal|spe|1
|
|-weather|SunnyDay|[upkeep]
|-heal|p1a: Dondozo|99/100 slp|[from] item: Leftovers
|upkeep
|turn|30
|-message|NaCl fish forfeited.
|
|win|Rbtnk
|raw|Rbtnk's rating: 1241 &rarr; <strong>1270</strong><br />(+29 for winning)
|raw|NaCl fish's rating: 1297 &rarr; <strong>1268</strong><br />(-29 for losing)
|l|☆NaCl fish
|player|p2|
|l|☆Rbtnk
|player|p1|
