|j|☆jony_vgc
|j|☆aaron200589
|t:|1760814744
|gametype|singles
|player|p1|jony_vgc|wattson|
|player|p2|aaron200589|giovanni|
|gen|9
|tier|[Gen 9] OU
|rule|HP Percentage Mod: HP is shown in percentages
|rule|Endless Battle Clause: Forcing endless battles is banned
|rule|Species Clause: Limit one of each Pokémon
|rule|OHKO Clause: OHKO moves are banned
|rule|Evasion Items Clause: Evasion items are banned
|rule|Evasion Moves Clause: Evasion moves are banned
|rule|Evasion Abilities Clause: Evasion abilities are banned
|rule|Sleep Moves Clause: Sleep-inducing moves are banned
|clearpoke
|poke|p1|Indeedee, M|
|poke|p1|Hatterene, F|
|poke|p1|Meowscarada, M|
|poke|p1|Pecharunt|
|poke|p1|Dondozo, M|
|poke|p1|Tyranitar, F|
|poke|p2|Glastrier|
|poke|p2|Ursaluna, F|
|poke|p2|Cresselia, F|
|poke|p2|Torkoal, F|
|poke|p2|Slowking-Galar, M|
|poke|p2|Hatterene, F|
|teampreview
|
|t:|1760814772
|teamsize|p1|6
|teamsize|p2|6
|start
|switch|p1a: Indeedee|Indeedee, M|100/100
|switch|p2a: Slowking|Slowking-Galar, M|100/100
|-fieldstart|move: Psychic Terrain|[from] ability: Psychic Surge|[of] p1a: Indeedee
|turn|1
|
|t:|1760814780
|move|p1a: Indeedee|Expanding Force|p2a: Slowking
|-damage|p2a: Slowking|53/100
|move|p2a: Slowking|Trick Room|p2a: Slowking
|-fieldstart|move: Trick Room|[of] p2a: Slowking
|
|upkeep
|turn|2
|
|t:|1760814787
|-prepare|p2a: Slowking|Chilly Reception|[premajor]
|move|p2a: Slowking|Chilly Reception|p2a: Slowking
|-weather|Snowscape
|
|t:|1760814794
|switch|p2a: Glastrier|Glastrier|100/100|[from] Chilly Reception
|move|p1a: Indeedee|Expanding Force|p2a: Glastrier
|-damage|p2a: Glastrier|44/100
|-enditem|p2a: Glastrier|Sitrus Berry|[eat]
|-heal|p2a: Glastrier|69/100|[from] item: Sitrus Berry
|
|-weather|Snowscape|[upkeep]
|upkeep
|turn|3
|
|t:|1760814815
|switch|p1a: Hatterene|Hatterene, F|100/100
|move|p2a: Glastrier|Icicle Crash|p1a: Hatterene|[miss]
|-miss|p2a: Glastrier|p1a: Hatterene
|
|-weather|Snowscape|[upkeep]
|upkeep
|turn|4
|
|t:|1760814823
|move|p1a: Hatterene|Expanding Force|p2a: Glastrier
|-damage|p2a: Glastrier|11/100
|move|p2a: Glastrier|Swords Dance|p2a: Glastrier
|-boost|p2a: Glastrier|atk|2
|
|-weather|Snowscape|[upkeep]
|upkeep
|turn|5
|
|t:|1760814837
|move|p1a: Hatterene|Expanding Force|p2a: Glastrier
|-damage|p2a: Glastrier|0 fnt
|faint|p2a: Glastrier
|
|-weather|Snowscape|[upkeep]
|-fieldend|move: Trick Room
|upkeep
|
|t:|1760814850
|switch|p2a: Cresselia|Cresselia, F, shiny|100/100
|turn|6
|
|t:|1760814857
|move|p1a: Hatterene|Mystical Fire|p2a: Cresselia
|-damage|p2a: Cresselia|87/100
|-unboost|p2a: Cresselia|spa|1
|move|p2a: Cresselia|Trick Room|p2a: Cresselia
|-fieldstart|move: Trick Room|[of] p2a: Cresselia
|
|-weather|none
|upkeep
|turn|7
|
|t:|1760814866
|move|p1a: Hatterene|Expanding Force|p2a: Cresselia
|-resisted|p2a: Cresselia
|-damage|p2a: Cresselia|64/100
|move|p2a: Cresselia|Lunar Dance|p2a: Cresselia
|faint|p2a: Cresselia
|
|upkeep
|
|t:|1760814874
|switch|p2a: Torkoal|Torkoal, F, shiny|100/100
|-weather|SunnyDay|[from] ability: Drought|[of] p2a: Torkoal
|turn|8
|
|t:|1760814879
|switch|p1a: Tyranitar|Tyranitar, F|100/100
|-weather|Sandstorm|[from] ability: Sand Stream|[of] p1a: Tyranitar
|-terastallize|p2a: Torkoal|Fire
|move|p2a: Torkoal|Eruption|p1a: Tyranitar
|-resisted|p1a: Tyranitar
|-damage|p1a: Tyranitar|77/100
|
|-weather|Sandstorm|[upkeep]
|-damage|p2a: Torkoal|94/100|[from] Sandstorm
|-fieldend|move: Psychic Terrain
|upkeep
|turn|9
|
|t:|1760814896
|switch|p2a: Ursaluna|Ursaluna, F|100/100
|move|p1a: Tyranitar|Earthquake|p2a: Ursaluna
|-damage|p2a: Ursaluna|80/100
|
|-weather|Sandstorm|[upkeep]
|-status|p2a: Ursaluna|brn|[from] item: Flame Orb
|upkeep
|turn|10
|
|t:|1760814909
|switch|p1a: Pecharunt|Pecharunt|100/100
|move|p2a: Ursaluna|Headlong Rush|p1a: Pecharunt
|-supereffective|p1a: Pecharunt
|-damage|p1a: Pecharunt|0 fnt
|-unboost|p2a: Ursaluna|def|1
|-unboost|p2a: Ursaluna|spd|1
|faint|p1a: Pecharunt
|
|-weather|Sandstorm|[upkeep]
|-damage|p2a: Ursaluna|74/100 brn|[from] brn
|-fieldend|move: Trick Room
|upkeep
|
|t:|1760814924
|switch|p1a: Indeedee|Indeedee, M|100/100
|-fieldstart|move: Psychic Terrain|[from] ability: Psychic Surge|[of] p1a: Indeedee
|turn|11
|
|t:|1760814936
|switch|p2a: Slowking|Slowking-Galar, M|86/100
|-heal|p2a: Slowking|100/100|[from] move: Lunar Dance
|move|p1a: Indeedee|Expanding Force|p2a: Slowking
|-damage|p2a: Slowking|53/100
|
|-weather|Sandstorm|[upkeep]
|-damage|p1a: Indeedee|94/100|[from] Sandstorm
|-damage|p2a: Slowking|47/100|[from] Sandstorm
|upkeep
|turn|12
|
|t:|1760814946
|switch|p2a: Hatterene|Hatterene, F, shiny|100/100
|move|p1a: Indeedee|Expanding Force|p2a: Hatterene
|-resisted|p2a: Hatterene
|-damage|p2a: Hatterene|62/100
|
|-weather|none
|upkeep
|turn|13
|
|t:|1760814976
|switch|p1a: Hatterene|Hatterene, F|100/100
|move|p2a: Hatterene|Trick Room|p2a: Hatterene
|-fieldstart|move: Trick Room|[of] p2a: Hatterene
|
|upkeep
|turn|14
|
|t:|1760814992
|move|p1a: Hatterene|Expanding Force|p2a: Hatterene
|-resisted|p2a: Hatterene
|-damage|p2a: Hatterene|24/100
|-enditem|p2a: Hatterene|Sitrus Berry|[eat]
|-heal|p2a: Hatterene|49/100|[from] item: Sitrus Berry
|move|p2a: Hatterene|Healing Wish|p2a: Hatterene
|faint|p2a: Hatterene
|
|upkeep
|
|t:|1760815001
|switch|p2a: Ursaluna|Ursaluna, F|74/100 brn
|-heal|p2a: Ursaluna|100/100|[from] move: Healing Wish
|turn|15
|
|t:|1760815017
|-terastallize|p1a: Hatterene|Psychic
|move|p1a: Hatterene|Expanding Force|p2a: Ursaluna
|-damage|p2a: Ursaluna|13/100
|move|p2a: Ursaluna|Headlong Rush|p1a: Hatterene
|-damage|p1a: Hatterene|34/100
|-unboost|p2a: Ursaluna|def|1
|-unboost|p2a: Ursaluna|spd|1
|
|-heal|p1a: Hatterene|41/100|[from] item: Leftovers
|-status|p2a: Ursaluna|brn|[from] item: Flame Orb
|upkeep
|turn|16
|
|t:|1760815029
|move|p1a: Hatterene|Expanding Force|p2a: Ursaluna
|-damage|p2a: Ursaluna|0 fnt
|faint|p2a: Ursaluna
|
|-heal|p1a: Hatterene|47/100|[from] item: Leftovers
|upkeep
|
|t:|1760815036
|switch|p2a: Torkoal|Torkoal, F, shiny, tera:Fire|94/100
|-weather|SunnyDay|[from] ability: Drought|[of] p2a: Torkoal
|turn|17
|
|t:|1760815046
|switch|p1a: Tyranitar|Tyranitar, F|77/100
|-weather|Sandstorm|[from] ability: Sand Stream|[of] p1a: Tyranitar
|move|p2a: Torkoal|Solar Beam||[still]
|-prepare|p2a: Torkoal|Solar Beam
|
|-weather|Sandstorm|[upkeep]
|-damage|p2a: Torkoal|88/100|[from] Sandstorm
|-fieldend|move: Trick Room
|upkeep
|turn|18
|
|t:|1760815055
|move|p1a: Tyranitar|Earthquake|p2a: Torkoal
|-supereffective|p2a: Torkoal
|-damage|p2a: Torkoal|41/100
|move|p2a: Torkoal|Solar Beam|p1a: Tyranitar|[from] lockedmove
|-supereffective|p1a: Tyranitar
|-damage|p1a: Tyranitar|56/100
|
|-weather|Sandstorm|[upkeep]
|-damage|p2a: Torkoal|35/100|[from] Sandstorm
|-fieldend|move: Psychic Terrain
|upkeep
|turn|19
|
|t:|1760815067
|switch|p2a: Slowking|Slowking-Galar, M|80/100
|move|p1a: Tyranitar|Earthquake|p2a: Slowking
|-supereffective|p2a: Slowking
|-damage|p2a: Slowking|21/100
|
|-weather|Sandstorm|[upkeep]
|-damage|p2a: Slowking|15/100|[from] Sandstorm
|upkeep
|turn|20
|
|t:|1760815077
|move|p1a: Tyranitar|Earthquake|p2a: Slowking
|-supereffective|p2a: Slowking
|-damage|p2a: Slowking|0 fnt
|faint|p2a: Slowking
|
|-weather|Sandstorm|[upkeep]
|upkeep
|
|t:|1760815083
|switch|p2a: Torkoal|Torkoal, F, shiny, tera:Fire|35/100
|-weather|SunnyDay|[from] ability: Drought|[of] p2a: Torkoal
|turn|21
|
|t:|1760815088
|move|p1a: Tyranitar|Earthquake|p2a: Torkoal
|-supereffective|p2a: Torkoal
|-damage|p2a: Torkoal|0 fnt
|faint|p2a: Torkoal
|
|win|jony_vgc
|c|☆jony_vgc|Gg
|c|☆jony_vgc|Bien jugado
