|j|☆I will eat another
|j|☆chesecat_qsm
|t:|1760877724
|gametype|singles
|player|p1|I will eat another|plasmagrunt|1409
|player|p2|chesecat_qsm|2|1434
|gen|9
|tier|[Gen 9] OU
|rated|
|rule|HP Percentage Mod: HP is shown in percentages
|rule|Endless Battle Clause: Forcing endless battles is banned
|rule|Species Clause: Limit one of each Pokémon
|rule|OHKO Clause: OHKO moves are banned
|rule|Evasion Items Clause: Evasion items are banned
|rule|Evasion Moves Clause: Evasion moves are banned
|rule|Evasion Abilities Clause: Evasion abilities are banned
|rule|Sleep Moves Clause: Sleep-inducing moves are banned
|clearpoke
|poke|p1|Breloom, F|
|poke|p1|Swinub, F|
|poke|p1|Iron Crown|
|poke|p1|Glimmora, F|
|poke|p1|Talonflame, F|
|poke|p1|Greninja-*, F|
|poke|p2|Walking Wake|
|poke|p2|Great Tusk|
|poke|p2|Ceruledge, F|
|poke|p2|Torkoal, F|
|poke|p2|Hatterene, F|
|poke|p2|Corviknight, M|
|teampreview
|inactive|Battle timer is ON: inactive players will automatically lose when time's up. (requested by I will eat another)
|
|t:|1760877732
|teamsize|p1|6
|teamsize|p2|6
|start
|switch|p1a: Lumiflora|Glimmora, F|100/100
|switch|p2a: Torkoal|Torkoal, F|100/100
|-weather|SunnyDay|[from] ability: Drought|[of] p2a: Torkoal
|turn|1
|
|t:|1760877738
|switch|p2a: Hatterene|Hatterene, F|100/100
|move|p1a: Lumiflora|Meteor Beam||[still]
|-prepare|p1a: Lumiflora|Meteor Beam
|-boost|p1a: Lumiflora|spa|1
|-enditem|p1a: Lumiflora|Power Herb
|-anim|p1a: Lumiflora|Meteor Beam|p2a: Hatterene
|-damage|p2a: Hatterene|9/100
|-enditem|p2a: Hatterene|Eject Button
|
|t:|1760877746
|switch|p2a: Walking Wake|Walking Wake|100/100
|-activate|p2a: Walking Wake|ability: Protosynthesis
|-start|p2a: Walking Wake|protosynthesisspe
|
|-weather|SunnyDay|[upkeep]
|upkeep
|turn|2
|
|t:|1760877753
|-terastallize|p2a: Walking Wake|Water
|move|p2a: Walking Wake|Hydro Steam|p1a: Lumiflora
|-supereffective|p1a: Lumiflora
|-damage|p1a: Lumiflora|0 fnt
|faint|p1a: Lumiflora
|
|-weather|SunnyDay|[upkeep]
|upkeep
|
|t:|1760877759
|switch|p1a: Quiekel|Swinub, F|100/100
|turn|3
|
|t:|1760877762
|move|p2a: Walking Wake|Hydro Steam|p1a: Quiekel
|-supereffective|p1a: Quiekel
|-enditem|p1a: Quiekel|Focus Sash
|-damage|p1a: Quiekel|1/100
|move|p1a: Quiekel|Endeavor|p2a: Walking Wake
|-damage|p2a: Walking Wake|1/100
|
|-weather|SunnyDay|[upkeep]
|upkeep
|turn|4
|
|t:|1760877770
|move|p1a: Quiekel|Ice Shard|p2a: Walking Wake
|-resisted|p2a: Walking Wake
|-damage|p2a: Walking Wake|0 fnt
|faint|p2a: Walking Wake
|-end|p2a: Walking Wake|Protosynthesis|[silent]
|
|-weather|SunnyDay|[upkeep]
|upkeep
|
|t:|1760877776
|switch|p2a: Ceruledge|Ceruledge, F|100/100
|turn|5
|
|t:|1760877780
|move|p2a: Ceruledge|Swords Dance|p2a: Ceruledge
|-boost|p2a: Ceruledge|atk|2
|move|p1a: Quiekel|Earthquake|p2a: Ceruledge
|-supereffective|p2a: Ceruledge
|-damage|p2a: Ceruledge|16/100
|-ability|p2a: Ceruledge|Weak Armor|boost
|-unboost|p2a: Ceruledge|def|1
|-boost|p2a: Ceruledge|spe|2
|
|-weather|SunnyDay|[upkeep]
|upkeep
|turn|6
|
|t:|1760877789
|move|p2a: Ceruledge|Shadow Sneak|p1a: Quiekel
|-damage|p1a: Quiekel|0 fnt
|faint|p1a: Quiekel
|
|-weather|SunnyDay|[upkeep]
|upkeep
|
|t:|1760877795
|switch|p1a: Eisenkrone|Iron Crown|100/100
|-enditem|p1a: Eisenkrone|Booster Energy
|-activate|p1a: Eisenkrone|ability: Quark Drive|[fromitem]
|-start|p1a: Eisenkrone|quarkdrivespe
|turn|7
|
|t:|1760877802
|move|p2a: Ceruledge|Bitter Blade|p1a: Eisenkrone
|-supereffective|p1a: Eisenkrone
|-damage|p1a: Eisenkrone|0 fnt
|-heal|p2a: Ceruledge|75/100|[from] drain|[of] p1a: Eisenkrone
|faint|p1a: Eisenkrone
|-end|p1a: Eisenkrone|Quark Drive|[silent]
|
|-weather|SunnyDay|[upkeep]
|upkeep
|-message|I will eat another forfeited.
|
|win|chesecat_qsm
|raw|I will eat another's rating: 1409 &rarr; <strong>1390</strong><br />(-19 for losing)
|raw|chesecat_qsm's rating: 1434 &rarr; <strong>1453</strong><br />(+19 for winning)
|l|☆I will eat another
|player|p1|
|l|☆chesecat_qsm
|player|p2|
