|j|☆rafa_adalwolf
|j|☆Barboteu85
|t:|1760792948
|gametype|singles
|player|p1|rafa_adalwolf|grimsley|1208
|player|p2|Barboteu85|pryce|1137
|gen|9
|tier|[Gen 9] OU
|rated|
|rule|HP Percentage Mod: HP is shown in percentages
|rule|Endless Battle Clause: Forcing endless battles is banned
|rule|Species Clause: Limit one of each Pokémon
|rule|OHKO Clause: OHKO moves are banned
|rule|Evasion Items Clause: Evasion items are banned
|rule|Evasion Moves Clause: Evasion moves are banned
|rule|Evasion Abilities Clause: Evasion abilities are banned
|rule|Sleep Moves Clause: Sleep-inducing moves are banned
|clearpoke
|poke|p1|Incineroar, M|
|poke|p1|Umbreon, M|
|poke|p1|Grimmsnarl, M|
|poke|p1|Bisharp, M|
|poke|p1|Tyranitar, M|
|poke|p1|Darkrai|
|poke|p2|Salazzle, F|
|poke|p2|Whimsicott, F|
|poke|p2|Persian-Alola, F|
|poke|p2|Reuniclus, F|
|poke|p2|Cinderace, F|
|poke|p2|Zangoose, F|
|teampreview
|inactive|Battle timer is ON: inactive players will automatically lose when time's up. (requested by rafa_adalwolf)
|
|t:|1760792951
|teamsize|p1|6
|teamsize|p2|6
|start
|switch|p1a: Grimm|Grimmsnarl, M|100/100
|switch|p2a: Whimsicott|Whimsicott, F|100/100
|turn|1
|
|t:|1760792958
|move|p2a: Whimsicott|Substitute|p2a: Whimsicott
|-start|p2a: Whimsicott|Substitute
|-damage|p2a: Whimsicott|76/100
|move|p1a: Grimm|Light Screen|p1a: Grimm
|-sidestart|p1: rafa_adalwolf|move: Light Screen
|
|upkeep
|turn|2
|
|t:|1760792963
|move|p2a: Whimsicott|Stun Spore|p1a: Grimm
|-hint|Since gen 7, Dark is immune to Prankster moves.
|-immune|p1a: Grimm
|move|p1a: Grimm|Spirit Break|p2a: Whimsicott
|-end|p2a: Whimsicott|Substitute
|
|upkeep
|turn|3
|
|t:|1760792977
|move|p2a: Whimsicott|Leech Seed|p1a: Grimm
|-hint|Since gen 7, Dark is immune to Prankster moves.
|-immune|p1a: Grimm
|move|p1a: Grimm|Spirit Break|p2a: Whimsicott
|-damage|p2a: Whimsicott|49/100
|-unboost|p2a: Whimsicott|spa|1
|
|upkeep
|turn|4
|
|t:|1760792987
|switch|p2a: Persian|Persian-Alola, F|100/100
|move|p1a: Grimm|Spirit Break|p2a: Persian
|-supereffective|p2a: Persian
|-damage|p2a: Persian|72/100
|-unboost|p2a: Persian|spa|1
|
|-heal|p2a: Persian|78/100|[from] item: Leftovers
|upkeep
|turn|5
|
|t:|1760792998
|move|p1a: Grimm|Reflect|p1a: Grimm
|-sidestart|p1: rafa_adalwolf|Reflect
|move|p2a: Persian|Knock Off|p1a: Grimm
|-resisted|p1a: Grimm
|-damage|p1a: Grimm|98/100
|-enditem|p1a: Grimm|Light Clay|[from] move: Knock Off|[of] p2a: Persian
|
|-heal|p2a: Persian|84/100|[from] item: Leftovers
|upkeep
|turn|6
|
|t:|1760793007
|switch|p1a: Shadow|Umbreon, M, shiny|100/100
|move|p2a: Persian|Parting Shot|p1a: Shadow
|-unboost|p1a: Shadow|atk|1
|-unboost|p1a: Shadow|spa|1
|
|t:|1760793028
|switch|p2a: Reuniclus|Reuniclus, F|100/100|[from] Parting Shot
|
|upkeep
|turn|7
|
|t:|1760793036
|move|p1a: Shadow|Wish|p1a: Shadow
|move|p2a: Reuniclus|Calm Mind|p2a: Reuniclus
|-boost|p2a: Reuniclus|spa|1
|-boost|p2a: Reuniclus|spd|1
|
|upkeep
|turn|8
|
|t:|1760793042
|move|p1a: Shadow|Toxic|p2a: Reuniclus
|-status|p2a: Reuniclus|tox
|move|p2a: Reuniclus|Calm Mind|p2a: Reuniclus
|-boost|p2a: Reuniclus|spa|1
|-boost|p2a: Reuniclus|spd|1
|
|-sideend|p1: rafa_adalwolf|move: Light Screen
|upkeep
|turn|9
|
|t:|1760793049
|move|p1a: Shadow|Foul Play|p2a: Reuniclus
|-supereffective|p2a: Reuniclus
|-damage|p2a: Reuniclus|75/100 tox
|move|p2a: Reuniclus|Calm Mind|p2a: Reuniclus
|-boost|p2a: Reuniclus|spa|1
|-boost|p2a: Reuniclus|spd|1
|
|-heal|p2a: Reuniclus|81/100 tox|[from] item: Leftovers
|upkeep
|turn|10
|
|t:|1760793057
|move|p1a: Shadow|Foul Play|p2a: Reuniclus
|-supereffective|p2a: Reuniclus
|-damage|p2a: Reuniclus|59/100 tox
|move|p2a: Reuniclus|Calm Mind|p2a: Reuniclus
|-boost|p2a: Reuniclus|spa|1
|-boost|p2a: Reuniclus|spd|1
|
|-heal|p2a: Reuniclus|65/100 tox|[from] item: Leftovers
|upkeep
|turn|11
|
|t:|1760793066
|move|p1a: Shadow|Foul Play|p2a: Reuniclus
|-supereffective|p2a: Reuniclus
|-damage|p2a: Reuniclus|41/100 tox
|move|p2a: Reuniclus|Recover|p2a: Reuniclus
|-heal|p2a: Reuniclus|91/100 tox
|
|-heal|p2a: Reuniclus|97/100 tox|[from] item: Leftovers
|upkeep
|turn|12
|-message|rafa_adalwolf forfeited.
|
|win|Barboteu85
|raw|rafa_adalwolf's rating: 1208 &rarr; <strong>1178</strong><br />(-30 for losing)
|raw|Barboteu85's rating: 1137 &rarr; <strong>1167</strong><br />(+30 for winning)
|l|☆rafa_adalwolf
|player|p1|
|l|☆Barboteu85
|player|p2|
