|j|☆WolfStern
|j|☆LorenzoP67
|t:|1760860960
|gametype|singles
|player|p1|WolfStern|n|1135
|player|p2|LorenzoP67|buck|1152
|gen|9
|tier|[Gen 9] OU
|rated|
|rule|HP Percentage Mod: HP is shown in percentages
|rule|Endless Battle Clause: Forcing endless battles is banned
|rule|Species Clause: Limit one of each Pokémon
|rule|OHKO Clause: OHKO moves are banned
|rule|Evasion Items Clause: Evasion items are banned
|rule|Evasion Moves Clause: Evasion moves are banned
|rule|Evasion Abilities Clause: Evasion abilities are banned
|rule|Sleep Moves Clause: Sleep-inducing moves are banned
|clearpoke
|poke|p1|Jolteon, M|
|poke|p1|Emboar, M|
|poke|p1|Great Tusk|
|poke|p1|Iron Crown|
|poke|p1|Alomomola, F|
|poke|p1|Muk-Alola, M|
|poke|p2|Clefable, F|
|poke|p2|Garchomp, M|
|poke|p2|Corviknight, M|
|poke|p2|Iron Valiant|
|poke|p2|Glimmora, F|
|poke|p2|Ogerpon-Wellspring, F|
|teampreview
|
|t:|1760860970
|teamsize|p1|6
|teamsize|p2|6
|start
|switch|p1a: Jolteon|Jolteon, M|100/100
|switch|p2a: Garchomp|Garchomp, M|100/100
|turn|1
|
|t:|1760860977
|switch|p1a: Alomomola|Alomomola, F|100/100
|move|p2a: Garchomp|Swords Dance|p2a: Garchomp
|-boost|p2a: Garchomp|atk|2
|
|upkeep
|turn|2
|
|t:|1760860984
|move|p2a: Garchomp|Swords Dance|p2a: Garchomp
|-boost|p2a: Garchomp|atk|2
|move|p1a: Alomomola|Scald|p2a: Garchomp
|-damage|p2a: Garchomp|85/100
|
|upkeep
|turn|3
|
|t:|1760860991
|move|p2a: Garchomp|Scale Shot|p1a: Alomomola
|-damage|p1a: Alomomola|81/100
|-damage|p1a: Alomomola|58/100
|-damage|p1a: Alomomola|38/100
|-damage|p1a: Alomomola|18/100
|-hitcount|p1a: Alomomola|4
|-unboost|p2a: Garchomp|def|1
|-boost|p2a: Garchomp|spe|1
|move|p1a: Alomomola|Scald|p2a: Garchomp
|-crit|p2a: Garchomp
|-damage|p2a: Garchomp|63/100
|-status|p2a: Garchomp|brn
|
|-heal|p1a: Alomomola|24/100|[from] item: Leftovers
|-damage|p2a: Garchomp|57/100 brn|[from] brn
|upkeep
|turn|4
|
|t:|1760861012
|switch|p1a: Great Tusk|Great Tusk|100/100
|move|p2a: Garchomp|Swords Dance|p2a: Garchomp
|-boost|p2a: Garchomp|atk|2
|
|-damage|p2a: Garchomp|51/100 brn|[from] brn
|upkeep
|turn|5
|
|t:|1760861022
|move|p2a: Garchomp|Scale Shot|p1a: Great Tusk
|-damage|p1a: Great Tusk|82/100
|-damage|p1a: Great Tusk|64/100
|-damage|p1a: Great Tusk|47/100
|-damage|p1a: Great Tusk|27/100
|-hitcount|p1a: Great Tusk|4
|-unboost|p2a: Garchomp|def|1
|-boost|p2a: Garchomp|spe|1
|move|p1a: Great Tusk|Ice Spinner|p2a: Garchomp
|-supereffective|p2a: Garchomp
|-crit|p2a: Garchomp
|-damage|p2a: Garchomp|0 fnt
|-damage|p1a: Great Tusk|14/100|[from] ability: Rough Skin|[of] p2a: Garchomp
|faint|p2a: Garchomp
|
|upkeep
|
|t:|1760861041
|switch|p2a: Iron Valiant|Iron Valiant|100/100
|-enditem|p2a: Iron Valiant|Booster Energy
|-activate|p2a: Iron Valiant|ability: Quark Drive|[fromitem]
|-start|p2a: Iron Valiant|quarkdrivespe
|turn|6
|
|t:|1760861074
|-end|p1a: Great Tusk|Protosynthesis|[silent]
|switch|p1a: Iron Crown|Iron Crown|100/100
|move|p2a: Iron Valiant|Calm Mind|p2a: Iron Valiant
|-boost|p2a: Iron Valiant|spa|1
|-boost|p2a: Iron Valiant|spd|1
|
|upkeep
|turn|7
|
|t:|1760861086
|move|p2a: Iron Valiant|Thunderbolt|p1a: Iron Crown
|-damage|p1a: Iron Crown|63/100
|move|p1a: Iron Crown|Volt Switch|p2a: Iron Valiant
|-damage|p2a: Iron Valiant|70/100
|
|t:|1760861091
|-end|p1a: Iron Crown|Quark Drive|[silent]
|switch|p1a: Muk|Muk-Alola, M|100/100|[from] Volt Switch
|
|upkeep
|turn|8
|
|t:|1760861112
|move|p2a: Iron Valiant|Thunderbolt|p1a: Muk
|-damage|p1a: Muk|83/100
|-status|p1a: Muk|par
|move|p1a: Muk|Poison Jab|p2a: Iron Valiant
|-supereffective|p2a: Iron Valiant
|-damage|p2a: Iron Valiant|2/100
|
|upkeep
|turn|9
|
|t:|1760861125
|move|p1a: Muk|Shadow Sneak|p2a: Iron Valiant
|-damage|p2a: Iron Valiant|0 fnt
|faint|p2a: Iron Valiant
|-end|p2a: Iron Valiant|Quark Drive|[silent]
|
|upkeep
|
|t:|1760861140
|switch|p2a: Glimmora|Glimmora, F|100/100
|turn|10
|
|t:|1760861148
|switch|p1a: Alomomola|Alomomola, F|57/100
|move|p2a: Glimmora|Earth Power|p1a: Alomomola
|-damage|p1a: Alomomola|23/100
|-unboost|p1a: Alomomola|spd|1
|
|-heal|p1a: Alomomola|29/100|[from] item: Leftovers
|upkeep
|turn|11
|
|t:|1760861160
|move|p1a: Alomomola|Protect|p1a: Alomomola
|-singleturn|p1a: Alomomola|Protect
|move|p2a: Glimmora|Meteor Beam||[still]
|-prepare|p2a: Glimmora|Meteor Beam
|-boost|p2a: Glimmora|spa|1
|-enditem|p2a: Glimmora|Power Herb
|-anim|p2a: Glimmora|Meteor Beam|p1a: Alomomola
|-activate|p1a: Alomomola|move: Protect
|
|-heal|p1a: Alomomola|35/100|[from] item: Leftovers
|upkeep
|turn|12
|
|t:|1760861186
|switch|p1a: Iron Crown|Iron Crown|63/100
|move|p2a: Glimmora|Earth Power|p1a: Iron Crown
|-supereffective|p1a: Iron Crown
|-damage|p1a: Iron Crown|0 fnt
|faint|p1a: Iron Crown
|-end|p1a: Iron Crown|Quark Drive|[silent]
|
|upkeep
|inactive|Battle timer is ON: inactive players will automatically lose when time's up. (requested by LorenzoP67)
|
|t:|1760861205
|switch|p1a: Great Tusk|Great Tusk|14/100
|turn|13
|
|t:|1760861209
|move|p1a: Great Tusk|Earthquake|p2a: Glimmora
|-supereffective|p2a: Glimmora
|-damage|p2a: Glimmora|0 fnt
|-activate|p2a: Glimmora|ability: Toxic Debris
|-sidestart|p1: WolfStern|move: Toxic Spikes
|faint|p2a: Glimmora
|
|upkeep
|
|t:|1760861219
|switch|p2a: Ogerpon|Ogerpon-Wellspring, F|100/100
|turn|14
|
|t:|1760861227
|-end|p1a: Great Tusk|Protosynthesis|[silent]
|switch|p1a: Muk|Muk-Alola, M|83/100 par
|-sideend|p1: WolfStern|move: Toxic Spikes|[of] p1a: Muk
|move|p2a: Ogerpon|Swords Dance|p2a: Ogerpon
|-boost|p2a: Ogerpon|atk|2
|
|upkeep
|turn|15
|
|t:|1760861236
|-terastallize|p2a: Ogerpon|Water
|detailschange|p2a: Ogerpon|Ogerpon-Wellspring-Tera, F, tera:Water
|-ability|p2a: Ogerpon|Embody Aspect (Wellspring)|boost
|-boost|p2a: Ogerpon|spd|1
|move|p2a: Ogerpon|Ivy Cudgel|p1a: Muk|[anim] Ivy Cudgel Water
|-damage|p1a: Muk|0 fnt
|faint|p1a: Muk
|
|upkeep
|
|t:|1760861253
|switch|p1a: Jolteon|Jolteon, M|100/100
|turn|16
|
|t:|1760861260
|move|p1a: Jolteon|Thunderbolt|p2a: Ogerpon
|-supereffective|p2a: Ogerpon
|-damage|p2a: Ogerpon|19/100
|move|p2a: Ogerpon|Ivy Cudgel|p1a: Jolteon|[anim] Ivy Cudgel Water
|-damage|p1a: Jolteon|0 fnt
|faint|p1a: Jolteon
|
|upkeep
|
|t:|1760861269
|switch|p1a: Great Tusk|Great Tusk|14/100
|turn|17
|
|t:|1760861278
|move|p1a: Great Tusk|Close Combat|p2a: Ogerpon
|-damage|p2a: Ogerpon|0 fnt
|-unboost|p1a: Great Tusk|def|1
|-unboost|p1a: Great Tusk|spd|1
|faint|p2a: Ogerpon
|detailschange|p2: Ogerpon|Ogerpon-Wellspring, F|[silent]
|
|upkeep
|
|t:|1760861285
|switch|p2a: Clefable|Clefable, F|100/100
|turn|18
|
|t:|1760861294
|-end|p1a: Great Tusk|Protosynthesis|[silent]
|switch|p1a: Alomomola|Alomomola, F|68/100
|move|p2a: Clefable|Cosmic Power|p2a: Clefable
|-boost|p2a: Clefable|def|1
|-boost|p2a: Clefable|spd|1
|
|-heal|p1a: Alomomola|75/100|[from] item: Leftovers
|upkeep
|turn|19
|
|t:|1760861304
|move|p2a: Clefable|Cosmic Power|p2a: Clefable
|-boost|p2a: Clefable|def|1
|-boost|p2a: Clefable|spd|1
|move|p1a: Alomomola|Wish|p1a: Alomomola
|
|-heal|p1a: Alomomola|81/100|[from] item: Leftovers
|upkeep
|turn|20
|
|t:|1760861312
|move|p2a: Clefable|Cosmic Power|p2a: Clefable
|-boost|p2a: Clefable|def|1
|-boost|p2a: Clefable|spd|1
|move|p1a: Alomomola|Flip Turn|p2a: Clefable
|-damage|p2a: Clefable|94/100
|
|t:|1760861317
|switch|p1a: Great Tusk|Great Tusk|14/100|[from] Flip Turn
|
|-heal|p1a: Great Tusk|86/100|[from] move: Wish|[wisher] Alomomola
|upkeep
|turn|21
|
|t:|1760861325
|move|p1a: Great Tusk|Earthquake|p2a: Clefable
|-damage|p2a: Clefable|72/100
|move|p2a: Clefable|Cosmic Power|p2a: Clefable
|-boost|p2a: Clefable|def|1
|-boost|p2a: Clefable|spd|1
|
|upkeep
|turn|22
|
|t:|1760861332
|move|p1a: Great Tusk|Earthquake|p2a: Clefable
|-damage|p2a: Clefable|56/100
|move|p2a: Clefable|Cosmic Power|p2a: Clefable
|-boost|p2a: Clefable|def|1
|-boost|p2a: Clefable|spd|1
|
|upkeep
|turn|23
|
|t:|1760861351
|move|p1a: Great Tusk|Earthquake|p2a: Clefable
|-damage|p2a: Clefable|41/100
|move|p2a: Clefable|Moonlight|p2a: Clefable
|-heal|p2a: Clefable|91/100
|
|upkeep
|turn|24
|
|t:|1760861358
|move|p1a: Great Tusk|Earthquake|p2a: Clefable
|-damage|p2a: Clefable|78/100
|move|p2a: Clefable|Stored Power|p1a: Great Tusk
|-supereffective|p1a: Great Tusk
|-crit|p1a: Great Tusk
|-damage|p1a: Great Tusk|0 fnt
|faint|p1a: Great Tusk
|-end|p1a: Great Tusk|Protosynthesis|[silent]
|
|upkeep
|
|t:|1760861364
|switch|p1a: Emboar|Emboar, M|100/100
|turn|25
|
|t:|1760861371
|-terastallize|p1a: Emboar|Fire
|move|p1a: Emboar|Flare Blitz|p2a: Clefable
|-damage|p2a: Clefable|36/100
|-damage|p1a: Emboar|90/100|[from] Recoil
|-damage|p1a: Emboar|80/100|[from] item: Life Orb
|move|p2a: Clefable|Stored Power|p1a: Emboar
|-damage|p1a: Emboar|28/100
|
|upkeep
|turn|26
|
|t:|1760861381
|move|p1a: Emboar|Flare Blitz|p2a: Clefable
|-damage|p2a: Clefable|0 fnt
|faint|p2a: Clefable
|-damage|p1a: Emboar|18/100|[from] Recoil
|-damage|p1a: Emboar|9/100|[from] item: Life Orb
|
|upkeep
|
|t:|1760861389
|switch|p2a: Corviknight|Corviknight, M|100/100
|-ability|p2a: Corviknight|Pressure
|turn|27
|
|t:|1760861395
|switch|p1a: Alomomola|Alomomola, F|100/100
|move|p2a: Corviknight|Iron Defense|p2a: Corviknight
|-boost|p2a: Corviknight|def|2
|
|upkeep
|turn|28
|
|t:|1760861402
|move|p2a: Corviknight|Iron Defense|p2a: Corviknight
|-boost|p2a: Corviknight|def|2
|move|p1a: Alomomola|Wish|p1a: Alomomola
|
|upkeep
|turn|29
|
|t:|1760861407
|move|p2a: Corviknight|Iron Defense|p2a: Corviknight
|-boost|p2a: Corviknight|def|2
|move|p1a: Alomomola|Flip Turn|p2a: Corviknight
|-damage|p2a: Corviknight|97/100
|-damage|p1a: Alomomola|84/100|[from] item: Rocky Helmet|[of] p2a: Corviknight
|
|t:|1760861413
|switch|p1a: Emboar|Emboar, M, tera:Fire|9/100|[from] Flip Turn
|
|-heal|p1a: Emboar|71/100|[from] move: Wish|[wisher] Alomomola
|upkeep
|turn|30
|
|t:|1760861424
|move|p2a: Corviknight|Body Press|p1a: Emboar
|-damage|p1a: Emboar|0 fnt
|faint|p1a: Emboar
|
|upkeep
|
|t:|1760861428
|switch|p1a: Alomomola|Alomomola, F|100/100
|turn|31
|
|t:|1760861432
|move|p2a: Corviknight|Body Press|p1a: Alomomola
|-damage|p1a: Alomomola|46/100
|move|p1a: Alomomola|Scald|p2a: Corviknight
|-damage|p2a: Corviknight|84/100
|
|-heal|p1a: Alomomola|52/100|[from] item: Leftovers
|upkeep
|turn|32
|
|t:|1760861441
|move|p2a: Corviknight|Body Press|p1a: Alomomola
|-damage|p1a: Alomomola|1/100
|move|p1a: Alomomola|Scald|p2a: Corviknight
|-damage|p2a: Corviknight|73/100
|
|-heal|p1a: Alomomola|7/100|[from] item: Leftovers
|upkeep
|turn|33
|
|t:|1760861451
|move|p2a: Corviknight|Body Press|p1a: Alomomola
|-damage|p1a: Alomomola|0 fnt
|faint|p1a: Alomomola
|
|win|LorenzoP67
|raw|WolfStern's rating: 1135 &rarr; <strong>1111</strong><br />(-24 for losing)
|raw|LorenzoP67's rating: 1152 &rarr; <strong>1176</strong><br />(+24 for winning)
|l|☆LorenzoP67
|player|p2|
