|j|☆vageta333333
|j|☆Flex le dresseur
|t:|1760862124
|gametype|singles
|player|p1|vageta333333|102|1318
|player|p2|Flex le dresseur|bugsy|1259
|gen|9
|tier|[Gen 9] OU
|rated|
|rule|HP Percentage Mod: HP is shown in percentages
|rule|Endless Battle Clause: Forcing endless battles is banned
|rule|Species Clause: Limit one of each Pokémon
|rule|OHKO Clause: OHKO moves are banned
|rule|Evasion Items Clause: Evasion items are banned
|rule|Evasion Moves Clause: Evasion moves are banned
|rule|Evasion Abilities Clause: Evasion abilities are banned
|rule|Sleep Moves Clause: Sleep-inducing moves are banned
|clearpoke
|poke|p1|Hoopa-Unbound|
|poke|p1|Iron Hands|
|poke|p1|Goodra-Hisui, M|
|poke|p1|Zamazenta-*|
|poke|p1|Zapdos-Galar|
|poke|p1|Ursaluna, F|
|poke|p2|Slowking-Galar, F|
|poke|p2|Lokix, M|
|poke|p2|Dragapult, M|
|poke|p2|Iron Treads|
|poke|p2|Zapdos|
|poke|p2|Ogerpon-Wellspring, F|
|teampreview
|inactive|Battle timer is ON: inactive players will automatically lose when time's up. (requested by Flex le dresseur)
|
|t:|1760862138
|teamsize|p1|6
|teamsize|p2|6
|start
|switch|p1a: Zamazenta|Zamazenta|100/100
|switch|p2a: Ogerpon|Ogerpon-Wellspring, F|100/100
|-ability|p1a: Zamazenta|Dauntless Shield|boost
|-boost|p1a: Zamazenta|def|1
|turn|1
|
|t:|1760862150
|switch|p2a: Slowking|Slowking-Galar, F|100/100
|move|p1a: Zamazenta|Close Combat|p2a: Slowking
|-resisted|p2a: Slowking
|-damage|p2a: Slowking|77/100
|-unboost|p1a: Zamazenta|def|1
|-unboost|p1a: Zamazenta|spd|1
|
|upkeep
|turn|2
|
|t:|1760862166
|switch|p1a: Ursaluna|Ursaluna, F|100/100
|move|p2a: Slowking|Psyshock|p1a: Ursaluna
|-damage|p1a: Ursaluna|74/100
|
|-heal|p1a: Ursaluna|80/100|[from] item: Leftovers
|upkeep
|turn|3
|
|t:|1760862173
|switch|p2a: Zapdos|Zapdos|100/100
|move|p1a: Ursaluna|Swords Dance|p1a: Ursaluna
|-boost|p1a: Ursaluna|atk|2
|
|-heal|p1a: Ursaluna|86/100|[from] item: Leftovers
|upkeep
|turn|4
|
|t:|1760862182
|move|p2a: Zapdos|Hurricane|p1a: Ursaluna
|-damage|p1a: Ursaluna|30/100
|move|p1a: Ursaluna|Facade|p2a: Zapdos
|-damage|p2a: Zapdos|18/100
|
|-heal|p1a: Ursaluna|36/100|[from] item: Leftovers
|upkeep
|turn|5
|
|t:|1760862189
|move|p2a: Zapdos|Hurricane|p1a: Ursaluna
|-damage|p1a: Ursaluna|0 fnt
|faint|p1a: Ursaluna
|
|upkeep
|
|t:|1760862195
|switch|p1a: Zamazenta|Zamazenta|100/100
|turn|6
|
|t:|1760862198
|move|p1a: Zamazenta|Crunch|p2a: Zapdos
|-damage|p2a: Zapdos|0 fnt
|faint|p2a: Zapdos
|
|upkeep
|
|t:|1760862204
|switch|p2a: Dragapult|Dragapult, M|100/100
|turn|7
|
|t:|1760862209
|move|p2a: Dragapult|Draco Meteor|p1a: Zamazenta|[miss]
|-miss|p2a: Dragapult|p1a: Zamazenta
|move|p1a: Zamazenta|Crunch|p2a: Dragapult
|-supereffective|p2a: Dragapult
|-damage|p2a: Dragapult|0 fnt
|faint|p2a: Dragapult
|
|upkeep
|
|t:|1760862216
|switch|p2a: Slowking|Slowking-Galar, F|100/100
|turn|8
|
|t:|1760862219
|move|p1a: Zamazenta|Crunch|p2a: Slowking
|-supereffective|p2a: Slowking
|-damage|p2a: Slowking|13/100
|move|p2a: Slowking|Psyshock|p1a: Zamazenta
|-supereffective|p1a: Zamazenta
|-damage|p1a: Zamazenta|20/100
|
|upkeep
|turn|9
|
|t:|1760862227
|switch|p2a: Iron Treads|Iron Treads|100/100
|move|p1a: Zamazenta|Crunch|p2a: Iron Treads
|-damage|p2a: Iron Treads|58/100
|-damage|p1a: Zamazenta|4/100|[from] item: Rocky Helmet|[of] p2a: Iron Treads
|
|upkeep
|turn|10
|
|t:|1760862234
|move|p1a: Zamazenta|Crunch|p2a: Iron Treads
|-damage|p2a: Iron Treads|18/100
|-unboost|p2a: Iron Treads|def|1
|-damage|p1a: Zamazenta|0 fnt|[from] item: Rocky Helmet|[of] p2a: Iron Treads
|faint|p1a: Zamazenta
|move|p2a: Iron Treads|Earthquake|p1: Zamazenta|[notarget]
|-fail|p2a: Iron Treads
|
|upkeep
|
|t:|1760862244
|switch|p1a: Zapdos|Zapdos-Galar|100/100
|turn|11
|
|t:|1760862248
|move|p2a: Iron Treads|Stealth Rock|p1a: Zapdos
|-sidestart|p1: vageta333333|move: Stealth Rock
|move|p1a: Zapdos|U-turn|p2a: Iron Treads
|-resisted|p2a: Iron Treads
|-damage|p2a: Iron Treads|0 fnt
|-damage|p1a: Zapdos|84/100|[from] item: Rocky Helmet|[of] p2a: Iron Treads
|faint|p2a: Iron Treads
|-end|p2a: Iron Treads|Quark Drive|[silent]
|
|t:|1760862258
|switch|p1a: Iron Hands|Iron Hands|100/100|[from] U-turn
|-damage|p1a: Iron Hands|94/100|[from] Stealth Rock
|
|-heal|p1a: Iron Hands|100/100|[from] item: Leftovers
|upkeep
|
|t:|1760862266
|switch|p2a: Lokix|Lokix, M|100/100
|turn|12
|
|t:|1760862269
|move|p2a: Lokix|U-turn|p1a: Iron Hands
|-resisted|p1a: Iron Hands
|-damage|p1a: Iron Hands|79/100
|
|t:|1760862274
|switch|p2a: Slowking|Slowking-Galar, F|46/100|[from] U-turn
|move|p1a: Iron Hands|Thunder Punch|p2a: Slowking
|-damage|p2a: Slowking|12/100
|
|-heal|p1a: Iron Hands|85/100|[from] item: Leftovers
|upkeep
|turn|13
|
|t:|1760862282
|move|p1a: Iron Hands|Thunder Punch|p2a: Slowking
|-damage|p2a: Slowking|0 fnt
|faint|p2a: Slowking
|
|-heal|p1a: Iron Hands|92/100|[from] item: Leftovers
|upkeep
|
|t:|1760862285
|switch|p2a: Lokix|Lokix, M|100/100
|turn|14
|
|t:|1760862289
|move|p2a: Lokix|First Impression|p1a: Iron Hands
|-resisted|p1a: Iron Hands
|-damage|p1a: Iron Hands|62/100
|move|p1a: Iron Hands|Iron Defense|p1a: Iron Hands
|-boost|p1a: Iron Hands|def|2
|
|-heal|p1a: Iron Hands|68/100|[from] item: Leftovers
|upkeep
|turn|15
|
|t:|1760862297
|switch|p2a: Ogerpon|Ogerpon-Wellspring, F|100/100
|move|p1a: Iron Hands|Body Press|p2a: Ogerpon
|-damage|p2a: Ogerpon|0 fnt
|faint|p2a: Ogerpon
|
|-heal|p1a: Iron Hands|75/100|[from] item: Leftovers
|upkeep
|
|t:|1760862300
|switch|p2a: Lokix|Lokix, M|100/100
|turn|16
|
|t:|1760862308
|-terastallize|p1a: Iron Hands|Fighting
|move|p2a: Lokix|Knock Off|p1a: Iron Hands
|-resisted|p1a: Iron Hands
|-damage|p1a: Iron Hands|61/100
|-enditem|p1a: Iron Hands|Leftovers|[from] move: Knock Off|[of] p2a: Lokix
|move|p1a: Iron Hands|Body Press|p2a: Lokix
|-damage|p2a: Lokix|0 fnt
|faint|p2a: Lokix
|
|win|vageta333333
|raw|vageta333333's rating: 1318 &rarr; <strong>1335</strong><br />(+17 for winning)
|raw|Flex le dresseur's rating: 1259 &rarr; <strong>1238</strong><br />(-21 for losing)
|l|☆Flex le dresseur
|player|p2|
|l|☆vageta333333
|player|p1|
