|j|☆RNG Savage
|j|☆Clairrr03
|t:|1760790595
|gametype|singles
|player|p1|RNG Savage|giovanni-gen3|1387
|player|p2|Clairrr03|1|1416
|gen|9
|tier|[Gen 9] OU
|rated|
|rule|HP Percentage Mod: HP is shown in percentages
|rule|Endless Battle Clause: Forcing endless battles is banned
|rule|Species Clause: Limit one of each Pokémon
|rule|OHKO Clause: OHKO moves are banned
|rule|Evasion Items Clause: Evasion items are banned
|rule|Evasion Moves Clause: Evasion moves are banned
|rule|Evasion Abilities Clause: Evasion abilities are banned
|rule|Sleep Moves Clause: Sleep-inducing moves are banned
|clearpoke
|poke|p1|Samurott-Hisui, M|
|poke|p1|Kleavor, M|
|poke|p1|Gallade, M|
|poke|p1|Latias, F|
|poke|p1|Scizor, F|
|poke|p1|Sandy Shocks|
|poke|p2|Ceruledge, M|
|poke|p2|Kyurem|
|poke|p2|Iron Treads|
|poke|p2|Primarina, M|
|poke|p2|Mandibuzz, F|
|poke|p2|Rillaboom, M|
|teampreview
|inactive|Battle timer is ON: inactive players will automatically lose when time's up. (requested by Clairrr03)
|
|t:|1760790611
|teamsize|p1|6
|teamsize|p2|6
|start
|switch|p1a: Gallade|Gallade, M, shiny|100/100
|switch|p2a: Kyurem|Kyurem|100/100
|-ability|p2a: Kyurem|Pressure
|turn|1
|
|t:|1760790618
|switch|p2a: Mandibuzz|Mandibuzz, F|100/100
|move|p1a: Gallade|Agility|p1a: Gallade
|-boost|p1a: Gallade|spe|2
|
|upkeep
|turn|2
|
|t:|1760790636
|switch|p1a: Samurott|Samurott-Hisui, M, shiny|100/100
|move|p2a: Mandibuzz|Foul Play|p1a: Samurott
|-resisted|p1a: Samurott
|-damage|p1a: Samurott|74/100
|
|upkeep
|turn|3
|
|t:|1760790638
|move|p1a: Samurott|Knock Off|p2a: Mandibuzz
|-resisted|p2a: Mandibuzz
|-crit|p2a: Mandibuzz
|-damage|p2a: Mandibuzz|80/100
|-enditem|p2a: Mandibuzz|Heavy-Duty Boots|[from] move: Knock Off|[of] p1a: Samurott
|move|p2a: Mandibuzz|Toxic|p1a: Samurott|[miss]
|-miss|p2a: Mandibuzz|p1a: Samurott
|
|upkeep
|turn|4
|
|t:|1760790651
|switch|p1a: Kleavor|Kleavor, M|100/100
|move|p2a: Mandibuzz|Toxic|p1a: Kleavor
|-status|p1a: Kleavor|tox
|
|-damage|p1a: Kleavor|94/100 tox|[from] psn
|upkeep
|turn|5
|
|t:|1760790676
|move|p1a: Kleavor|Stone Axe|p2a: Mandibuzz
|-supereffective|p2a: Mandibuzz
|-damage|p2a: Mandibuzz|29/100
|-sidestart|p2: Clairrr03|move: Stealth Rock
|move|p2a: Mandibuzz|Iron Defense|p2a: Mandibuzz
|-boost|p2a: Mandibuzz|def|2
|
|-damage|p1a: Kleavor|82/100 tox|[from] psn
|upkeep
|turn|6
|
|t:|1760790679
|move|p1a: Kleavor|Focus Energy|p1a: Kleavor
|-start|p1a: Kleavor|move: Focus Energy
|move|p2a: Mandibuzz|Roost|p2a: Mandibuzz
|-heal|p2a: Mandibuzz|79/100
|-singleturn|p2a: Mandibuzz|move: Roost
|
|-damage|p1a: Kleavor|64/100 tox|[from] psn
|upkeep
|turn|7
|
|t:|1760790683
|move|p1a: Kleavor|Stone Axe|p2a: Mandibuzz
|-supereffective|p2a: Mandibuzz
|-crit|p2a: Mandibuzz
|-damage|p2a: Mandibuzz|3/100
|move|p2a: Mandibuzz|Foul Play|p1a: Kleavor
|-damage|p1a: Kleavor|27/100 tox
|
|-damage|p1a: Kleavor|3/100 tox|[from] psn
|upkeep
|turn|8
|
|t:|1760790686
|move|p1a: Kleavor|X-Scissor|p2a: Mandibuzz
|-crit|p2a: Mandibuzz
|-damage|p2a: Mandibuzz|0 fnt
|faint|p2a: Mandibuzz
|
|-damage|p1a: Kleavor|0 fnt|[from] psn
|faint|p1a: Kleavor
|upkeep
|inactive|RNG Savage has 120 seconds left.
|
|t:|1760790729
|switch|p1a: Gallade|Gallade, M, shiny|100/100
|switch|p2a: Rillaboom|Rillaboom, M|100/100
|-damage|p2a: Rillaboom|88/100|[from] Stealth Rock
|-fieldstart|move: Grassy Terrain|[from] ability: Grassy Surge|[of] p2a: Rillaboom
|turn|9
|inactive|RNG Savage has 120 seconds left.
|
|t:|1760790745
|move|p1a: Gallade|Psycho Cut|p2a: Rillaboom
|-damage|p2a: Rillaboom|44/100
|move|p2a: Rillaboom|Wood Hammer|p1a: Gallade
|-damage|p1a: Gallade|0 fnt
|faint|p1a: Gallade
|-damage|p2a: Rillaboom|15/100|[from] Recoil
|-damage|p2a: Rillaboom|5/100|[from] item: Life Orb
|
|-heal|p2a: Rillaboom|12/100|[from] Grassy Terrain
|upkeep
|inactive|RNG Savage has 120 seconds left.
|
|t:|1760790754
|switch|p1a: Scizor|Scizor, F, shiny|100/100
|turn|10
|
|t:|1760790762
|move|p2a: Rillaboom|Wood Hammer|p1a: Scizor
|-resisted|p1a: Scizor
|-damage|p1a: Scizor|74/100
|-damage|p2a: Rillaboom|5/100|[from] Recoil
|-damage|p2a: Rillaboom|0 fnt|[from] item: Life Orb
|faint|p2a: Rillaboom
|move|p1a: Scizor|Swords Dance|p1a: Scizor
|-boost|p1a: Scizor|atk|2
|
|-heal|p1a: Scizor|80/100|[from] Grassy Terrain
|upkeep
|
|t:|1760790765
|switch|p2a: Ceruledge|Ceruledge, M|100/100
|-damage|p2a: Ceruledge|76/100|[from] Stealth Rock
|turn|11
|
|t:|1760790780
|switch|p1a: Samurott|Samurott-Hisui, M, shiny|74/100
|move|p2a: Ceruledge|Bitter Blade|p1a: Samurott
|-resisted|p1a: Samurott
|-damage|p1a: Samurott|31/100
|-heal|p2a: Ceruledge|99/100|[from] drain|[of] p1a: Samurott
|
|-heal|p1a: Samurott|38/100|[from] Grassy Terrain
|-heal|p2a: Ceruledge|100/100|[from] Grassy Terrain
|upkeep
|turn|12
|
|t:|1760790790
|move|p2a: Ceruledge|Bitter Blade|p1a: Samurott
|-resisted|p1a: Samurott
|-damage|p1a: Samurott|0 fnt
|faint|p1a: Samurott
|
|upkeep
|
|t:|1760790799
|switch|p1a: Sandy Shocks|Sandy Shocks, shiny|100/100
|-enditem|p1a: Sandy Shocks|Booster Energy
|-activate|p1a: Sandy Shocks|ability: Protosynthesis|[fromitem]
|-start|p1a: Sandy Shocks|protosynthesisspe
|turn|13
|
|t:|1760790813
|switch|p2a: Primarina|Primarina, M|100/100
|-damage|p2a: Primarina|88/100|[from] Stealth Rock
|move|p1a: Sandy Shocks|Thunder Wave|p2a: Primarina
|-status|p2a: Primarina|par
|
|-heal|p2a: Primarina|94/100 par|[from] Grassy Terrain
|-fieldend|move: Grassy Terrain
|upkeep
|turn|14
|
|t:|1760790820
|-terastallize|p1a: Sandy Shocks|Electric
|move|p1a: Sandy Shocks|Thunderbolt|p2a: Primarina
|-supereffective|p2a: Primarina
|-damage|p2a: Primarina|33/100 par
|cant|p2a: Primarina|par
|
|upkeep
|turn|15
|
|t:|1760790827
|move|p1a: Sandy Shocks|Thunderbolt|p2a: Primarina
|-supereffective|p2a: Primarina
|-damage|p2a: Primarina|0 fnt
|faint|p2a: Primarina
|
|upkeep
|
|t:|1760790828
|switch|p2a: Iron Treads|Iron Treads|100/100
|-damage|p2a: Iron Treads|97/100|[from] Stealth Rock
|turn|16
|
|t:|1760790832
|move|p1a: Sandy Shocks|Iron Defense|p1a: Sandy Shocks
|-boost|p1a: Sandy Shocks|def|2
|move|p2a: Iron Treads|Earthquake|p1a: Sandy Shocks
|-supereffective|p1a: Sandy Shocks
|-damage|p1a: Sandy Shocks|58/100
|
|-heal|p2a: Iron Treads|100/100|[from] item: Leftovers
|upkeep
|turn|17
|
|t:|1760790842
|move|p1a: Sandy Shocks|Body Press|p2a: Iron Treads
|-supereffective|p2a: Iron Treads
|-damage|p2a: Iron Treads|24/100
|move|p2a: Iron Treads|Earthquake|p1a: Sandy Shocks
|-supereffective|p1a: Sandy Shocks
|-damage|p1a: Sandy Shocks|12/100
|
|-heal|p2a: Iron Treads|30/100|[from] item: Leftovers
|upkeep
|turn|18
|
|t:|1760790848
|move|p1a: Sandy Shocks|Body Press|p2a: Iron Treads
|-supereffective|p2a: Iron Treads
|-damage|p2a: Iron Treads|0 fnt
|faint|p2a: Iron Treads
|-end|p2a: Iron Treads|Quark Drive|[silent]
|
|upkeep
|
|t:|1760790850
|switch|p2a: Kyurem|Kyurem|100/100
|-damage|p2a: Kyurem|76/100|[from] Stealth Rock
|-ability|p2a: Kyurem|Pressure
|turn|19
|
|t:|1760790859
|move|p1a: Sandy Shocks|Body Press|p2a: Kyurem
|-supereffective|p2a: Kyurem
|-damage|p2a: Kyurem|0 fnt
|faint|p2a: Kyurem
|
|upkeep
|
|t:|1760790866
|switch|p2a: Ceruledge|Ceruledge, M|100/100
|-damage|p2a: Ceruledge|76/100|[from] Stealth Rock
|turn|20
|
|t:|1760790869
|-terastallize|p2a: Ceruledge|Fire
|move|p1a: Sandy Shocks|Thunder Wave|p2a: Ceruledge
|-status|p2a: Ceruledge|par
|move|p2a: Ceruledge|Bitter Blade|p1a: Sandy Shocks
|-damage|p1a: Sandy Shocks|0 fnt
|-heal|p2a: Ceruledge|82/100 par|[from] drain|[of] p1a: Sandy Shocks
|faint|p1a: Sandy Shocks
|-end|p1a: Sandy Shocks|Protosynthesis|[silent]
|
|upkeep
|
|t:|1760790881
|switch|p1a: Latias|Latias, F|100/100
|turn|21
|inactive|Clairrr03 has 120 seconds left.
|
|t:|1760790937
|move|p1a: Latias|Calm Mind|p1a: Latias
|-boost|p1a: Latias|spa|1
|-boost|p1a: Latias|spd|1
|move|p2a: Ceruledge|Bitter Blade|p1a: Latias
|-resisted|p1a: Latias
|-damage|p1a: Latias|68/100
|-heal|p2a: Ceruledge|100/100 par|[from] drain|[of] p1a: Latias
|
|upkeep
|turn|22
|
|t:|1760790951
|move|p1a: Latias|Recover|p1a: Latias
|-heal|p1a: Latias|100/100
|move|p2a: Ceruledge|Bitter Blade|p1a: Latias
|-resisted|p1a: Latias
|-damage|p1a: Latias|69/100
|
|upkeep
|turn|23
|
|t:|1760790976
|move|p1a: Latias|Calm Mind|p1a: Latias
|-boost|p1a: Latias|spa|1
|-boost|p1a: Latias|spd|1
|cant|p2a: Ceruledge|par
|
|upkeep
|turn|24
|
|t:|1760790985
|move|p1a: Latias|Calm Mind|p1a: Latias
|-boost|p1a: Latias|spa|1
|-boost|p1a: Latias|spd|1
|cant|p2a: Ceruledge|par
|
|upkeep
|turn|25
|
|t:|1760790998
|move|p1a: Latias|Stored Power|p2a: Ceruledge
|-damage|p2a: Ceruledge|0 fnt
|faint|p2a: Ceruledge
|
|win|RNG Savage
|raw|RNG Savage's rating: 1387 &rarr; <strong>1409</strong><br />(+22 for winning)
|raw|Clairrr03's rating: 1416 &rarr; <strong>1394</strong><br />(-22 for losing)
|l|☆Clairrr03
|player|p2|
|l|☆RNG Savage
|player|p1|
