|j|☆gyaradosgodz
|j|☆furretfan13
|t:|1760783971
|gametype|singles
|player|p1|gyaradosgodz|juan|1227
|player|p2|furretfan13|dawn-gen4pt|1149
|gen|9
|tier|[Gen 9] OU
|rated|
|rule|HP Percentage Mod: HP is shown in percentages
|rule|Endless Battle Clause: Forcing endless battles is banned
|rule|Species Clause: Limit one of each Pokémon
|rule|OHKO Clause: OHKO moves are banned
|rule|Evasion Items Clause: Evasion items are banned
|rule|Evasion Moves Clause: Evasion moves are banned
|rule|Evasion Abilities Clause: Evasion abilities are banned
|rule|Sleep Moves Clause: Sleep-inducing moves are banned
|clearpoke
|poke|p1|Zangoose, F|
|poke|p1|Galvantula, F|
|poke|p1|Cryogonal|
|poke|p1|Kleavor, M|
|poke|p1|Hydreigon, M|
|poke|p1|Conkeldurr, M|
|poke|p2|Walking Wake|
|poke|p2|Ting-Lu|
|poke|p2|Dragapult, M|
|poke|p2|Clefable, F|
|poke|p2|Meowscarada, F|
|poke|p2|Moltres|
|teampreview
|inactive|Battle timer is ON: inactive players will automatically lose when time's up. (requested by gyaradosgodz)
|inactive|furretfan13 also wants the timer to be on.
|
|t:|1760783978
|teamsize|p1|6
|teamsize|p2|6
|start
|switch|p1a: Galvantula|Galvantula, F|100/100
|switch|p2a: The Fridge|Ting-Lu, shiny|100/100
|-ability|p2a: The Fridge|Vessel of Ruin
|turn|1
|
|t:|1760783985
|move|p1a: Galvantula|Sticky Web|p2a: The Fridge
|-sidestart|p2: furretfan13|move: Sticky Web
|move|p2a: The Fridge|Spikes|p1a: Galvantula
|-sidestart|p1: gyaradosgodz|Spikes
|
|upkeep
|turn|2
|
|t:|1760783991
|move|p1a: Galvantula|Bug Buzz|p2a: The Fridge
|-supereffective|p2a: The Fridge
|-damage|p2a: The Fridge|69/100
|move|p2a: The Fridge|Spikes|p1a: Galvantula
|-sidestart|p1: gyaradosgodz|Spikes
|
|-heal|p2a: The Fridge|75/100|[from] item: Leftovers
|upkeep
|turn|3
|
|t:|1760784001
|move|p1a: Galvantula|Bug Buzz|p2a: The Fridge
|-supereffective|p2a: The Fridge
|-damage|p2a: The Fridge|44/100
|move|p2a: The Fridge|Spikes|p1a: Galvantula
|-sidestart|p1: gyaradosgodz|Spikes
|
|-heal|p2a: The Fridge|51/100|[from] item: Leftovers
|upkeep
|turn|4
|
|t:|1760784005
|switch|p2a: Bubblegum|Clefable, F, shiny|100/100
|-activate|p2a: Bubblegum|move: Sticky Web
|-unboost|p2a: Bubblegum|spe|1
|move|p1a: Galvantula|Bug Buzz|p2a: Bubblegum
|-resisted|p2a: Bubblegum
|-damage|p2a: Bubblegum|81/100
|
|-heal|p2a: Bubblegum|88/100|[from] item: Leftovers
|upkeep
|turn|5
|
|t:|1760784010
|move|p1a: Galvantula|Thunder|p2a: Bubblegum
|-damage|p2a: Bubblegum|45/100
|move|p2a: Bubblegum|Stealth Rock|p1a: Galvantula
|-sidestart|p1: gyaradosgodz|move: Stealth Rock
|
|-heal|p2a: Bubblegum|51/100|[from] item: Leftovers
|upkeep
|turn|6
|
|t:|1760784018
|switch|p2a: The Fridge|Ting-Lu, shiny|51/100
|-activate|p2a: The Fridge|move: Sticky Web
|-unboost|p2a: The Fridge|spe|1
|-ability|p2a: The Fridge|Vessel of Ruin
|move|p1a: Galvantula|Thunder|p2a: The Fridge
|-immune|p2a: The Fridge
|
|-heal|p2a: The Fridge|57/100|[from] item: Leftovers
|upkeep
|turn|7
|
|t:|1760784027
|switch|p2a: Marco|Moltres|100/100
|move|p1a: Galvantula|Bug Buzz|p2a: Marco
|-resisted|p2a: Marco
|-damage|p2a: Marco|91/100
|-unboost|p2a: Marco|spd|1
|
|upkeep
|turn|8
|
|t:|1760784032
|switch|p2a: The Fridge|Ting-Lu, shiny|57/100
|-activate|p2a: The Fridge|move: Sticky Web
|-unboost|p2a: The Fridge|spe|1
|-ability|p2a: The Fridge|Vessel of Ruin
|move|p1a: Galvantula|Thunder|p2a: The Fridge
|-immune|p2a: The Fridge
|
|-heal|p2a: The Fridge|63/100|[from] item: Leftovers
|upkeep
|turn|9
|
|t:|1760784040
|switch|p2a: Basilux|Walking Wake|100/100
|move|p1a: Galvantula|Bug Buzz|p2a: Basilux
|-damage|p2a: Basilux|53/100
|
|upkeep
|turn|10
|
|t:|1760784048
|move|p2a: Basilux|Draco Meteor|p1a: Galvantula
|-enditem|p1a: Galvantula|Focus Sash
|-damage|p1a: Galvantula|1/100
|-unboost|p2a: Basilux|spa|2
|move|p1a: Galvantula|Thunder|p2a: Basilux
|-damage|p2a: Basilux|0 fnt
|faint|p2a: Basilux
|-end|p2a: Basilux|Protosynthesis|[silent]
|
|upkeep
|
|t:|1760784057
|switch|p2a: Airstrike|Dragapult, M, shiny|100/100
|turn|11
|
|t:|1760784060
|move|p2a: Airstrike|U-turn|p1a: Galvantula
|-damage|p1a: Galvantula|0 fnt
|faint|p1a: Galvantula
|
|t:|1760784063
|switch|p2a: The Impawster|Meowscarada, F, shiny|100/100|[from] U-turn
|
|upkeep
|
|t:|1760784068
|switch|p1a: Cryogonal|Cryogonal|100/100
|turn|12
|
|t:|1760784079
|switch|p2a: Airstrike|Dragapult, M, shiny|100/100
|move|p1a: Cryogonal|Rapid Spin|p2a: Airstrike
|-immune|p2a: Airstrike
|
|upkeep
|turn|13
|
|t:|1760784084
|move|p2a: Airstrike|Will-O-Wisp|p1a: Cryogonal|[miss]
|-miss|p2a: Airstrike|p1a: Cryogonal
|move|p1a: Cryogonal|Freeze-Dry|p2a: Airstrike
|-supereffective|p2a: Airstrike
|-damage|p2a: Airstrike|36/100
|-status|p2a: Airstrike|frz
|
|upkeep
|turn|14
|-message|furretfan13 forfeited.
|
|win|gyaradosgodz
|raw|gyaradosgodz's rating: 1227 &rarr; <strong>1246</strong><br />(+19 for winning)
|raw|furretfan13's rating: 1149 &rarr; <strong>1130</strong><br />(-19 for losing)
|l|☆furretfan13
|player|p2|
|l|☆gyaradosgodz
|player|p1|
