|j|☆acavemana
|j|☆Ctory
|t:|1760848411
|gametype|singles
|player|p1|acavemana|169|1220
|player|p2|Ctory|265|1197
|gen|9
|tier|[Gen 9] OU
|rated|
|rule|HP Percentage Mod: HP is shown in percentages
|rule|Endless Battle Clause: Forcing endless battles is banned
|rule|Species Clause: Limit one of each Pokémon
|rule|OHKO Clause: OHKO moves are banned
|rule|Evasion Items Clause: Evasion items are banned
|rule|Evasion Moves Clause: Evasion moves are banned
|rule|Evasion Abilities Clause: Evasion abilities are banned
|rule|Sleep Moves Clause: Sleep-inducing moves are banned
|clearpoke
|poke|p1|Ting-Lu|
|poke|p1|Quaquaval, F|
|poke|p1|Heatran, M|
|poke|p1|Zapdos|
|poke|p1|Krookodile, M|
|poke|p1|Chansey, F|
|poke|p2|Iron Hands|
|poke|p2|Iron Valiant|
|poke|p2|Dragapult, F|
|poke|p2|Arcanine-Hisui, F|
|poke|p2|Dragonite, F|
|poke|p2|Latios, M|
|teampreview
|
|t:|1760848429
|teamsize|p1|6
|teamsize|p2|6
|start
|switch|p1a: Ting-Lu|Ting-Lu|100/100
|switch|p2a: Latios|Latios, M|100/100
|-ability|p1a: Ting-Lu|Vessel of Ruin
|turn|1
|
|t:|1760848438
|move|p2a: Latios|Luster Purge|p1a: Ting-Lu
|-immune|p1a: Ting-Lu
|move|p1a: Ting-Lu|Stealth Rock|p2a: Latios
|-sidestart|p2: Ctory|move: Stealth Rock
|
|upkeep
|turn|2
|
|t:|1760848445
|move|p2a: Latios|Dragon Pulse|p1a: Ting-Lu
|-damage|p1a: Ting-Lu|79/100
|move|p1a: Ting-Lu|Ruination|p2a: Latios
|-damage|p2a: Latios|50/100
|
|-heal|p1a: Ting-Lu|86/100|[from] item: Leftovers
|upkeep
|turn|3
|
|t:|1760848454
|move|p2a: Latios|Calm Mind|p2a: Latios
|-boost|p2a: Latios|spa|1
|-boost|p2a: Latios|spd|1
|move|p1a: Ting-Lu|Whirlwind|p2a: Latios
|drag|p2a: Iron Hands|Iron Hands|100/100
|-damage|p2a: Iron Hands|94/100|[from] Stealth Rock
|
|-heal|p1a: Ting-Lu|92/100|[from] item: Leftovers
|upkeep
|turn|4
|
|t:|1760848467
|move|p2a: Iron Hands|Drain Punch|p1a: Ting-Lu
|-supereffective|p1a: Ting-Lu
|-damage|p1a: Ting-Lu|46/100
|-heal|p2a: Iron Hands|100/100|[from] drain|[of] p1a: Ting-Lu
|move|p1a: Ting-Lu|Earthquake|p2a: Iron Hands
|-supereffective|p2a: Iron Hands
|-damage|p2a: Iron Hands|50/100
|
|-heal|p1a: Ting-Lu|52/100|[from] item: Leftovers
|upkeep
|turn|5
|
|t:|1760848480
|switch|p1a: Zapdos|Zapdos|100/100
|move|p2a: Iron Hands|Drain Punch|p1a: Zapdos
|-resisted|p1a: Zapdos
|-damage|p1a: Zapdos|77/100
|-heal|p2a: Iron Hands|59/100|[from] drain|[of] p1a: Zapdos
|-damage|p2a: Iron Hands|42/100|[from] item: Rocky Helmet|[of] p1a: Zapdos
|
|upkeep
|turn|6
|
|t:|1760848495
|move|p1a: Zapdos|Heat Wave|p2a: Iron Hands|[miss]
|-miss|p1a: Zapdos|p2a: Iron Hands
|move|p2a: Iron Hands|Ice Punch|p1a: Zapdos
|-supereffective|p1a: Zapdos
|-damage|p1a: Zapdos|18/100
|-damage|p2a: Iron Hands|26/100|[from] item: Rocky Helmet|[of] p1a: Zapdos
|
|upkeep
|turn|7
|
|t:|1760848511
|move|p1a: Zapdos|Roost|p1a: Zapdos
|-heal|p1a: Zapdos|68/100
|-singleturn|p1a: Zapdos|move: Roost
|move|p2a: Iron Hands|Drain Punch|p1a: Zapdos
|-damage|p1a: Zapdos|25/100
|-heal|p2a: Iron Hands|42/100|[from] drain|[of] p1a: Zapdos
|-damage|p2a: Iron Hands|25/100|[from] item: Rocky Helmet|[of] p1a: Zapdos
|
|upkeep
|turn|8
|
|t:|1760848521
|move|p1a: Zapdos|Heat Wave|p2a: Iron Hands
|-damage|p2a: Iron Hands|4/100
|move|p2a: Iron Hands|Ice Punch|p1a: Zapdos
|-supereffective|p1a: Zapdos
|-damage|p1a: Zapdos|0 fnt
|-damage|p2a: Iron Hands|0 fnt|[from] item: Rocky Helmet|[of] p1a: Zapdos
|faint|p1a: Zapdos
|faint|p2a: Iron Hands
|-end|p2a: Iron Hands|Quark Drive|[silent]
|
|upkeep
|
|t:|1760848534
|switch|p1a: Ting-Lu|Ting-Lu|52/100
|switch|p2a: Arcanine|Arcanine-Hisui, F|100/100
|-damage|p2a: Arcanine|75/100|[from] Stealth Rock
|-ability|p1a: Ting-Lu|Vessel of Ruin
|turn|9
|
|t:|1760848542
|move|p2a: Arcanine|Flame Charge|p1a: Ting-Lu
|-damage|p1a: Ting-Lu|39/100
|-boost|p2a: Arcanine|spe|1
|move|p1a: Ting-Lu|Earthquake|p2a: Arcanine
|-supereffective|p2a: Arcanine
|-damage|p2a: Arcanine|0 fnt
|faint|p2a: Arcanine
|
|-heal|p1a: Ting-Lu|45/100|[from] item: Leftovers
|upkeep
|
|t:|1760848556
|switch|p2a: Iron Valiant|Iron Valiant|100/100
|-damage|p2a: Iron Valiant|94/100|[from] Stealth Rock
|-enditem|p2a: Iron Valiant|Booster Energy
|-activate|p2a: Iron Valiant|ability: Quark Drive|[fromitem]
|-start|p2a: Iron Valiant|quarkdrivespe
|turn|10
|
|t:|1760848565
|move|p2a: Iron Valiant|Moonblast|p1a: Ting-Lu
|-supereffective|p1a: Ting-Lu
|-damage|p1a: Ting-Lu|6/100
|move|p1a: Ting-Lu|Ruination|p2a: Iron Valiant|[miss]
|-miss|p1a: Ting-Lu|p2a: Iron Valiant
|
|-heal|p1a: Ting-Lu|13/100|[from] item: Leftovers
|upkeep
|turn|11
|
|t:|1760848575
|move|p2a: Iron Valiant|Moonblast|p1a: Ting-Lu
|-supereffective|p1a: Ting-Lu
|-damage|p1a: Ting-Lu|0 fnt
|faint|p1a: Ting-Lu
|
|upkeep
|
|t:|1760848592
|switch|p1a: Chansey|Chansey, F|100/100
|turn|12
|
|t:|1760848596
|move|p2a: Iron Valiant|Close Combat|p1a: Chansey
|-supereffective|p1a: Chansey
|-damage|p1a: Chansey|30/100
|-unboost|p2a: Iron Valiant|def|1
|-unboost|p2a: Iron Valiant|spd|1
|move|p1a: Chansey|Thunder Wave|p2a: Iron Valiant
|-status|p2a: Iron Valiant|par
|
|upkeep
|turn|13
|
|t:|1760848605
|move|p2a: Iron Valiant|Close Combat|p1a: Chansey
|-supereffective|p1a: Chansey
|-damage|p1a: Chansey|0 fnt
|-unboost|p2a: Iron Valiant|def|1
|-unboost|p2a: Iron Valiant|spd|1
|faint|p1a: Chansey
|
|upkeep
|
|t:|1760848620
|switch|p1a: Quaquaval|Quaquaval, F|100/100
|turn|14
|
|t:|1760848624
|move|p2a: Iron Valiant|Destiny Bond|p2a: Iron Valiant
|-singlemove|p2a: Iron Valiant|Destiny Bond
|move|p1a: Quaquaval|Aqua Step|p2a: Iron Valiant
|-damage|p2a: Iron Valiant|0 fnt
|-boost|p1a: Quaquaval|spe|1
|faint|p2a: Iron Valiant
|-activate|p2a: Iron Valiant|move: Destiny Bond
|-end|p2a: Iron Valiant|Quark Drive|[silent]
|faint|p1a: Quaquaval
|
|upkeep
|
|t:|1760848638
|switch|p2a: Latios|Latios, M|50/100
|switch|p1a: Krookodile|Krookodile, M|100/100
|-ability|p1a: Krookodile|Intimidate|boost
|-unboost|p2a: Latios|atk|1
|-damage|p2a: Latios|38/100|[from] Stealth Rock
|turn|15
|
|t:|1760848647
|move|p1a: Krookodile|Knock Off|p2a: Latios
|-supereffective|p2a: Latios
|-damage|p2a: Latios|0 fnt
|-enditem|p2a: Latios|Soul Dew|[from] move: Knock Off|[of] p1a: Krookodile
|faint|p2a: Latios
|
|upkeep
|
|t:|1760848656
|switch|p2a: Dragapult|Dragapult, F|100/100
|-damage|p2a: Dragapult|88/100|[from] Stealth Rock
|turn|16
|
|t:|1760848666
|-terastallize|p2a: Dragapult|Fairy
|move|p1a: Krookodile|Knock Off|p2a: Dragapult
|-resisted|p2a: Dragapult
|-damage|p2a: Dragapult|55/100
|-enditem|p2a: Dragapult|Flame Plate|[from] move: Knock Off|[of] p1a: Krookodile
|move|p2a: Dragapult|Dragon Darts|p1a: Krookodile
|-damage|p1a: Krookodile|72/100
|-anim|p2a: Dragapult|Dragon Darts|p1a: Krookodile
|-damage|p1a: Krookodile|41/100
|
|upkeep
|turn|17
|
|t:|1760848677
|switch|p1a: Heatran|Heatran, M|100/100
|-item|p1a: Heatran|Air Balloon
|move|p2a: Dragapult|Dragon Darts|p1a: Heatran
|-resisted|p1a: Heatran
|-damage|p1a: Heatran|91/100
|-enditem|p1a: Heatran|Air Balloon
|-anim|p2a: Dragapult|Dragon Darts|p1a: Heatran
|-resisted|p1a: Heatran
|-damage|p1a: Heatran|81/100
|
|upkeep
|turn|18
|
|t:|1760848699
|move|p2a: Dragapult|Dragon Darts|p1a: Heatran
|-resisted|p1a: Heatran
|-damage|p1a: Heatran|72/100
|-anim|p2a: Dragapult|Dragon Darts|p1a: Heatran
|-resisted|p1a: Heatran
|-damage|p1a: Heatran|62/100
|move|p1a: Heatran|Flash Cannon|p2a: Dragapult
|-supereffective|p2a: Dragapult
|-crit|p2a: Dragapult
|-damage|p2a: Dragapult|0 fnt
|faint|p2a: Dragapult
|
|upkeep
|
|t:|1760848709
|switch|p2a: Dragonite|Dragonite, F|100/100
|-damage|p2a: Dragonite|76/100|[from] Stealth Rock
|turn|19
|
|t:|1760848713
|move|p2a: Dragonite|Earthquake|p1a: Heatran
|-supereffective|p1a: Heatran
|-damage|p1a: Heatran|0 fnt
|faint|p1a: Heatran
|
|upkeep
|
|t:|1760848718
|switch|p1a: Krookodile|Krookodile, M|41/100
|-ability|p1a: Krookodile|Intimidate|boost
|-unboost|p2a: Dragonite|atk|1
|turn|20
|
|t:|1760848726
|move|p1a: Krookodile|Rock Slide|p2a: Dragonite
|-supereffective|p2a: Dragonite
|-damage|p2a: Dragonite|11/100
|move|p2a: Dragonite|Dragon Claw|p1a: Krookodile
|-damage|p1a: Krookodile|3/100
|
|upkeep
|turn|21
|
|t:|1760848733
|move|p2a: Dragonite|Extreme Speed|p1a: Krookodile
|-damage|p1a: Krookodile|0 fnt
|faint|p1a: Krookodile
|
|win|Ctory
|raw|acavemana's rating: 1220 &rarr; <strong>1193</strong><br />(-27 for losing)
|raw|Ctory's rating: 1197 &rarr; <strong>1224</strong><br />(+27 for winning)
|l|☆acavemana
|player|p1|
|l|☆Ctory
|player|p2|
