|j|☆Dozkek
|j|☆FittedCrib04
|t:|1760884317
|gametype|singles
|player|p1|Dozkek|leon-masters|1356
|player|p2|FittedCrib04|wallace|1334
|gen|9
|tier|[Gen 9] OU
|rated|
|rule|HP Percentage Mod: HP is shown in percentages
|rule|Endless Battle Clause: Forcing endless battles is banned
|rule|Species Clause: Limit one of each Pokémon
|rule|OHKO Clause: OHKO moves are banned
|rule|Evasion Items Clause: Evasion items are banned
|rule|Evasion Moves Clause: Evasion moves are banned
|rule|Evasion Abilities Clause: Evasion abilities are banned
|rule|Sleep Moves Clause: Sleep-inducing moves are banned
|clearpoke
|poke|p1|Samurott-Hisui, F|
|poke|p1|Great Tusk|
|poke|p1|Gholdengo|
|poke|p1|Darkrai|
|poke|p1|Dragonite, F|
|poke|p1|Iron Crown|
|poke|p2|Suicune|
|poke|p2|Weavile, M|
|poke|p2|Walking Wake|
|poke|p2|Tropius, M|
|poke|p2|Cinderace, F|
|poke|p2|Gliscor, F|
|teampreview
|inactive|Battle timer is ON: inactive players will automatically lose when time's up. (requested by FittedCrib04)
|inactive|Dozkek has 120 seconds left.
|
|t:|1760884381
|teamsize|p1|6
|teamsize|p2|6
|start
|switch|p1a: Samurott|Samurott-Hisui, F|100/100
|switch|p2a: Tropius|Tropius, M|100/100
|turn|1
|c|☆Dozkek|Glhf
|
|t:|1760884399
|move|p1a: Samurott|Flip Turn|p2a: Tropius
|-resisted|p2a: Tropius
|-damage|p2a: Tropius|87/100
|inactive|Dozkek has 120 seconds left.
|
|t:|1760884432
|switch|p1a: Gholdengo|Gholdengo|100/100|[from] Flip Turn
|-item|p1a: Gholdengo|Air Balloon
|move|p2a: Tropius|Leech Seed|p1a: Gholdengo
|-immune|p1a: Gholdengo|[from] ability: Good as Gold
|
|upkeep
|turn|2
|
|t:|1760884443
|move|p1a: Gholdengo|Nasty Plot|p1a: Gholdengo
|-boost|p1a: Gholdengo|spa|2
|move|p2a: Tropius|Calm Mind|p2a: Tropius
|-boost|p2a: Tropius|spa|1
|-boost|p2a: Tropius|spd|1
|
|upkeep
|turn|3
|
|t:|1760884459
|move|p1a: Gholdengo|Nasty Plot|p1a: Gholdengo
|-boost|p1a: Gholdengo|spa|2
|move|p2a: Tropius|Calm Mind|p2a: Tropius
|-boost|p2a: Tropius|spa|1
|-boost|p2a: Tropius|spd|1
|
|upkeep
|turn|4
|
|t:|1760884473
|move|p1a: Gholdengo|Make It Rain|p2a: Tropius
|-damage|p2a: Tropius|19/100
|-unboost|p1a: Gholdengo|spa|1
|-enditem|p2a: Tropius|Sitrus Berry|[eat]
|-heal|p2a: Tropius|44/100|[from] item: Sitrus Berry
|move|p2a: Tropius|Calm Mind|p2a: Tropius
|-boost|p2a: Tropius|spa|1
|-boost|p2a: Tropius|spd|1
|
|upkeep
|turn|5
|
|t:|1760884485
|move|p1a: Gholdengo|Make It Rain|p2a: Tropius
|-damage|p2a: Tropius|0 fnt
|-unboost|p1a: Gholdengo|spa|1
|faint|p2a: Tropius
|
|upkeep
|
|t:|1760884493
|switch|p2a: Cinderace|Cinderace, F|100/100
|turn|6
|inactive|Dozkek has 120 seconds left.
|
|t:|1760884517
|switch|p1a: Great Tusk|Great Tusk|100/100
|move|p2a: Cinderace|Pyro Ball|p1a: Great Tusk
|-damage|p1a: Great Tusk|61/100
|
|upkeep
|turn|7
|
|t:|1760884533
|move|p2a: Cinderace|Pyro Ball|p1a: Great Tusk
|-damage|p1a: Great Tusk|22/100
|move|p1a: Great Tusk|Stealth Rock|p2a: Cinderace
|-sidestart|p2: FittedCrib04|move: Stealth Rock
|
|upkeep
|turn|8
|
|t:|1760884539
|-end|p1a: Great Tusk|Protosynthesis|[silent]
|switch|p1a: Samurott|Samurott-Hisui, F|100/100
|move|p2a: Cinderace|Pyro Ball|p1a: Samurott
|-resisted|p1a: Samurott
|-damage|p1a: Samurott|62/100
|
|upkeep
|turn|9
|
|t:|1760884551
|move|p1a: Samurott|Aqua Cutter|p2a: Cinderace
|-supereffective|p2a: Cinderace
|-damage|p2a: Cinderace|0 fnt
|faint|p2a: Cinderace
|
|upkeep
|
|t:|1760884559
|switch|p2a: Main course|Suicune|100/100
|-damage|p2a: Main course|88/100|[from] Stealth Rock
|-ability|p2a: Main course|Pressure
|turn|10
|inactive|Dozkek has 120 seconds left.
|
|t:|1760884575
|switch|p1a: Iron Crown|Iron Crown|100/100
|move|p2a: Main course|Substitute|p2a: Main course
|-start|p2a: Main course|Substitute
|-damage|p2a: Main course|63/100
|
|-heal|p2a: Main course|69/100|[from] item: Leftovers
|upkeep
|turn|11
|
|t:|1760884590
|move|p2a: Main course|Protect|p2a: Main course
|-singleturn|p2a: Main course|Protect
|move|p1a: Iron Crown|Psychic Noise|p2a: Main course
|-activate|p2a: Main course|move: Protect
|
|-heal|p2a: Main course|75/100|[from] item: Leftovers
|upkeep
|turn|12
|
|t:|1760884601
|move|p1a: Iron Crown|Psychic Noise|p2a: Main course
|-crit|p2a: Main course
|-damage|p2a: Main course|39/100
|-start|p2a: Main course|move: Heal Block
|move|p2a: Main course|Calm Mind|p2a: Main course
|-boost|p2a: Main course|spa|1
|-boost|p2a: Main course|spd|1
|
|upkeep
|turn|13
|inactive|Dozkek has 120 seconds left.
|c|☆FittedCrib04|Glfh
|
|t:|1760884628
|move|p1a: Iron Crown|Volt Switch|p2a: Main course
|-supereffective|p2a: Main course
|-activate|p2a: Main course|move: Substitute|[damage]
|
|t:|1760884643
|-end|p1a: Iron Crown|Quark Drive|[silent]
|switch|p1a: Samurott|Samurott-Hisui, F|62/100|[from] Volt Switch
|move|p2a: Main course|Scald|p1a: Samurott
|-resisted|p1a: Samurott
|-damage|p1a: Samurott|33/100
|
|-end|p2a: Main course|move: Heal Block
|upkeep
|turn|14
|
|t:|1760884651
|move|p2a: Main course|Protect|p2a: Main course
|-singleturn|p2a: Main course|Protect
|move|p1a: Samurott|Ceaseless Edge|p2a: Main course
|-activate|p2a: Main course|move: Protect
|
|-heal|p2a: Main course|45/100|[from] item: Leftovers
|upkeep
|turn|15
|
|t:|1760884667
|move|p1a: Samurott|Ceaseless Edge|p2a: Main course
|-end|p2a: Main course|Substitute
|-sidestart|p2: FittedCrib04|Spikes
|move|p2a: Main course|Scald|p1a: Samurott
|-resisted|p1a: Samurott
|-damage|p1a: Samurott|2/100
|
|-heal|p2a: Main course|51/100|[from] item: Leftovers
|upkeep
|turn|16
|inactive|FittedCrib04 has 120 seconds left.
|
|t:|1760884707
|move|p2a: Main course|Protect|p2a: Main course
|-singleturn|p2a: Main course|Protect
|move|p1a: Samurott|Ceaseless Edge|p2a: Main course
|-activate|p2a: Main course|move: Protect
|
|-heal|p2a: Main course|58/100|[from] item: Leftovers
|upkeep
|turn|17
|
|t:|1760884712
|move|p1a: Samurott|Ceaseless Edge|p2a: Main course|[miss]
|-miss|p1a: Samurott|p2a: Main course
|move|p2a: Main course|Scald|p1a: Samurott
|-resisted|p1a: Samurott
|-damage|p1a: Samurott|0 fnt
|faint|p1a: Samurott
|
|-heal|p2a: Main course|64/100|[from] item: Leftovers
|upkeep
|inactive|Dozkek has 120 seconds left.
|inactive|Dozkek has 90 seconds left.
|
|t:|1760884766
|switch|p1a: Great Tusk|Great Tusk|22/100
|turn|18
|
|t:|1760884775
|move|p2a: Main course|Protect|p2a: Main course
|-singleturn|p2a: Main course|Protect
|move|p1a: Great Tusk|Headlong Rush|p2a: Main course
|-activate|p2a: Main course|move: Protect
|
|-heal|p2a: Main course|70/100|[from] item: Leftovers
|upkeep
|turn|19
|
|t:|1760884780
|move|p1a: Great Tusk|Headlong Rush|p2a: Main course
|-damage|p2a: Main course|21/100
|-unboost|p1a: Great Tusk|def|1
|-unboost|p1a: Great Tusk|spd|1
|move|p2a: Main course|Scald|p1a: Great Tusk
|-supereffective|p1a: Great Tusk
|-crit|p1a: Great Tusk
|-damage|p1a: Great Tusk|0 fnt
|faint|p1a: Great Tusk
|-end|p1a: Great Tusk|Protosynthesis|[silent]
|
|-heal|p2a: Main course|27/100|[from] item: Leftovers
|upkeep
|
|t:|1760884802
|switch|p1a: Gholdengo|Gholdengo|100/100
|-item|p1a: Gholdengo|Air Balloon
|turn|20
|
|t:|1760884807
|move|p1a: Gholdengo|Nasty Plot|p1a: Gholdengo
|-boost|p1a: Gholdengo|spa|2
|move|p2a: Main course|Scald|p1a: Gholdengo
|-damage|p1a: Gholdengo|57/100
|-enditem|p1a: Gholdengo|Air Balloon
|
|-heal|p2a: Main course|33/100|[from] item: Leftovers
|upkeep
|turn|21
|
|t:|1760884834
|move|p1a: Gholdengo|Shadow Ball|p2a: Main course
|-damage|p2a: Main course|0 fnt
|faint|p2a: Main course
|
|upkeep
|
|t:|1760884843
|switch|p2a: Walking Wake|Walking Wake|100/100
|-damage|p2a: Walking Wake|88/100|[from] Stealth Rock
|-damage|p2a: Walking Wake|76/100|[from] Spikes
|turn|22
|inactive|Dozkek has 90 seconds left.
|
|t:|1760884863
|move|p2a: Walking Wake|Scald|p1a: Gholdengo
|-damage|p1a: Gholdengo|10/100
|move|p1a: Gholdengo|Shadow Ball|p2a: Walking Wake
|-damage|p2a: Walking Wake|0 fnt
|faint|p2a: Walking Wake
|-end|p2a: Walking Wake|Protosynthesis|[silent]
|
|upkeep
|
|t:|1760884869
|switch|p2a: Weavile|Weavile, M|100/100
|-ability|p2a: Weavile|Pressure
|turn|23
|
|t:|1760884879
|move|p2a: Weavile|Knock Off|p1a: Gholdengo
|-supereffective|p1a: Gholdengo
|-damage|p1a: Gholdengo|0 fnt
|faint|p1a: Gholdengo
|
|upkeep
|inactive|Dozkek has 90 seconds left.
|
|t:|1760884909
|switch|p1a: Dragonite|Dragonite, F|100/100
|turn|24
|
|t:|1760884927
|switch|p2a: Gliscor|Gliscor, F|100/100
|-damage|p2a: Gliscor|88/100|[from] Stealth Rock
|-terastallize|p1a: Dragonite|Normal
|move|p1a: Dragonite|Dragon Dance|p1a: Dragonite
|-boost|p1a: Dragonite|atk|1
|-boost|p1a: Dragonite|spe|1
|
|-status|p2a: Gliscor|tox|[from] item: Toxic Orb
|upkeep
|turn|25
|inactive|Dozkek has 60 seconds left.
|
|t:|1760884953
|move|p1a: Dragonite|Dragon Dance|p1a: Dragonite
|-boost|p1a: Dragonite|atk|1
|-boost|p1a: Dragonite|spe|1
|move|p2a: Gliscor|Toxic|p1a: Dragonite|[miss]
|-miss|p2a: Gliscor|p1a: Dragonite
|
|-heal|p2a: Gliscor|100/100 tox|[from] ability: Poison Heal
|upkeep
|turn|26
|
|t:|1760884961
|move|p1a: Dragonite|Extreme Speed|p2a: Gliscor
|-damage|p2a: Gliscor|27/100 tox
|move|p2a: Gliscor|Toxic|p1a: Dragonite
|-status|p1a: Dragonite|tox
|
|-damage|p1a: Dragonite|94/100 tox|[from] psn
|-heal|p2a: Gliscor|40/100 tox|[from] ability: Poison Heal
|upkeep
|turn|27
|
|t:|1760884973
|move|p2a: Gliscor|Protect|p2a: Gliscor
|-singleturn|p2a: Gliscor|Protect
|move|p1a: Dragonite|Extreme Speed|p2a: Gliscor
|-activate|p2a: Gliscor|move: Protect
|
|-damage|p1a: Dragonite|82/100 tox|[from] psn
|-heal|p2a: Gliscor|52/100 tox|[from] ability: Poison Heal
|upkeep
|turn|28
|
|t:|1760884977
|move|p2a: Gliscor|Protect|p2a: Gliscor
|-singleturn|p2a: Gliscor|Protect
|move|p1a: Dragonite|Extreme Speed|p2a: Gliscor
|-activate|p2a: Gliscor|move: Protect
|
|-damage|p1a: Dragonite|63/100 tox|[from] psn
|-heal|p2a: Gliscor|65/100 tox|[from] ability: Poison Heal
|upkeep
|turn|29
|
|t:|1760884990
|move|p2a: Gliscor|Protect||[still]
|-fail|p2a: Gliscor
|move|p1a: Dragonite|Extreme Speed|p2a: Gliscor
|-damage|p2a: Gliscor|0 fnt
|faint|p2a: Gliscor
|
|-damage|p1a: Dragonite|39/100 tox|[from] psn
|upkeep
|
|t:|1760884998
|switch|p2a: Weavile|Weavile, M|100/100
|-ability|p2a: Weavile|Pressure
|turn|30
|
|t:|1760885006
|-terastallize|p2a: Weavile|Ghost
|move|p1a: Dragonite|Extreme Speed|p2a: Weavile
|-immune|p2a: Weavile
|move|p2a: Weavile|Swords Dance|p2a: Weavile
|-boost|p2a: Weavile|atk|2
|
|-damage|p1a: Dragonite|8/100 tox|[from] psn
|upkeep
|turn|31
|
|t:|1760885018
|move|p2a: Weavile|Ice Shard|p1a: Dragonite
|-damage|p1a: Dragonite|0 fnt
|faint|p1a: Dragonite
|
|upkeep
|
|t:|1760885021
|switch|p1a: Darkrai|Darkrai|100/100
|turn|32
|
|t:|1760885025
|move|p2a: Weavile|Icicle Crash|p1a: Darkrai
|-damage|p1a: Darkrai|0 fnt
|faint|p1a: Darkrai
|
|upkeep
|
|t:|1760885035
|switch|p1a: Iron Crown|Iron Crown|100/100
|turn|33
|c|☆Dozkek|Gg
|
|t:|1760885040
|move|p2a: Weavile|Knock Off|p1a: Iron Crown
|-supereffective|p1a: Iron Crown
|-damage|p1a: Iron Crown|0 fnt
|-enditem|p1a: Iron Crown|Assault Vest|[from] move: Knock Off|[of] p2a: Weavile
|faint|p1a: Iron Crown
|-end|p1a: Iron Crown|Quark Drive|[silent]
|
|win|FittedCrib04
|raw|Dozkek's rating: 1356 &rarr; <strong>1335</strong><br />(-21 for losing)
|raw|FittedCrib04's rating: 1334 &rarr; <strong>1355</strong><br />(+21 for winning)
|c|☆FittedCrib04|gg
|l|☆Dozkek
|player|p1|
|l|☆FittedCrib04
|player|p2|
