|j|☆sus skibidi
|j|☆RXKslimem
|t:|1760763892
|gametype|singles
|player|p1|sus skibidi|miku-ice|1389
|player|p2|RXKslimem|266|1347
|gen|9
|tier|[Gen 9] OU
|rated|
|rule|HP Percentage Mod: HP is shown in percentages
|rule|Endless Battle Clause: Forcing endless battles is banned
|rule|Species Clause: Limit one of each Pokémon
|rule|OHKO Clause: OHKO moves are banned
|rule|Evasion Items Clause: Evasion items are banned
|rule|Evasion Moves Clause: Evasion moves are banned
|rule|Evasion Abilities Clause: Evasion abilities are banned
|rule|Sleep Moves Clause: Sleep-inducing moves are banned
|clearpoke
|poke|p1|Heatran, M|
|poke|p1|Ogerpon-Wellspring, F|
|poke|p1|Dragonite, M|
|poke|p1|Hatterene, F|
|poke|p1|Garganacl, M|
|poke|p1|Great Tusk|
|poke|p2|Samurott-Hisui, F|
|poke|p2|Heatran, M|
|poke|p2|Latios, M|
|poke|p2|Iron Valiant|
|poke|p2|Iron Treads|
|poke|p2|Dragapult, F|
|teampreview
|inactive|Battle timer is ON: inactive players will automatically lose when time's up. (requested by sus skibidi)
|inactive|sus skibidi has 120 seconds left.
|inactive|sus skibidi has 90 seconds left.
|
|t:|1760763960
|teamsize|p1|6
|teamsize|p2|6
|start
|switch|p1a: Forever More Quoth|Hatterene, F|100/100
|switch|p2a: The Little Prince|Iron Valiant|100/100
|turn|1
|
|t:|1760763969
|-end|p2a: The Little Prince|Quark Drive|[silent]
|switch|p2a: Vesuvius|Heatran, M|100/100
|move|p1a: Forever More Quoth|Dazzling Gleam|p2a: Vesuvius
|-resisted|p2a: Vesuvius
|-damage|p2a: Vesuvius|92/100
|
|upkeep
|turn|2
|
|t:|1760763979
|move|p2a: Vesuvius|Lava Plume|p1a: Forever More Quoth
|-damage|p1a: Forever More Quoth|63/100
|-status|p1a: Forever More Quoth|brn
|move|p1a: Forever More Quoth|Nuzzle|p2a: Vesuvius
|-damage|p2a: Vesuvius|91/100
|-status|p2a: Vesuvius|par
|-damage|p1a: Forever More Quoth|47/100 brn|[from] item: Rocky Helmet|[of] p2a: Vesuvius
|
|-damage|p1a: Forever More Quoth|41/100 brn|[from] brn
|upkeep
|turn|3
|
|t:|1760763988
|move|p1a: Forever More Quoth|Pain Split|p2a: Vesuvius
|-sethp|p2a: Vesuvius|62/100 par|[from] move: Pain Split|[silent]
|-sethp|p1a: Forever More Quoth|76/100 brn|[from] move: Pain Split
|move|p2a: Vesuvius|Lava Plume|p1a: Forever More Quoth
|-damage|p1a: Forever More Quoth|36/100 brn
|
|-damage|p1a: Forever More Quoth|30/100 brn|[from] brn
|upkeep
|turn|4
|
|t:|1760764001
|move|p1a: Forever More Quoth|Pain Split|p2a: Vesuvius
|-sethp|p2a: Vesuvius|43/100 par|[from] move: Pain Split|[silent]
|-sethp|p1a: Forever More Quoth|53/100 brn|[from] move: Pain Split
|move|p2a: Vesuvius|Lava Plume|p1a: Forever More Quoth
|-damage|p1a: Forever More Quoth|18/100 brn
|
|-damage|p1a: Forever More Quoth|12/100 brn|[from] brn
|upkeep
|turn|5
|
|t:|1760764006
|move|p1a: Forever More Quoth|Pain Split|p2a: Vesuvius
|-sethp|p2a: Vesuvius|26/100 par|[from] move: Pain Split|[silent]
|-sethp|p1a: Forever More Quoth|32/100 brn|[from] move: Pain Split
|cant|p2a: Vesuvius|par
|
|-damage|p1a: Forever More Quoth|26/100 brn|[from] brn
|upkeep
|turn|6
|
|t:|1760764022
|move|p1a: Forever More Quoth|Psychic Noise|p2a: Vesuvius
|-resisted|p2a: Vesuvius
|-damage|p2a: Vesuvius|13/100 par
|-start|p2a: Vesuvius|move: Heal Block
|cant|p2a: Vesuvius|par
|
|-damage|p1a: Forever More Quoth|20/100 brn|[from] brn
|upkeep
|turn|7
|
|t:|1760764028
|move|p1a: Forever More Quoth|Psychic Noise|p2a: Vesuvius
|-resisted|p2a: Vesuvius
|-damage|p2a: Vesuvius|0 fnt
|faint|p2a: Vesuvius
|
|-damage|p1a: Forever More Quoth|14/100 brn|[from] brn
|upkeep
|
|t:|1760764032
|switch|p2a: Transylvania|Dragapult, F|100/100
|turn|8
|
|t:|1760764039
|move|p2a: Transylvania|U-turn|p1a: Forever More Quoth
|-damage|p1a: Forever More Quoth|0 fnt
|-damage|p2a: Transylvania|84/100|[from] item: Rocky Helmet|[of] p1a: Forever More Quoth
|faint|p1a: Forever More Quoth
|
|t:|1760764047
|switch|p2a: The Last Ronin|Samurott-Hisui, F|100/100|[from] U-turn
|
|upkeep
|
|t:|1760764072
|switch|p1a: Awel Sum|Ogerpon-Wellspring, F|100/100
|turn|9
|
|t:|1760764086
|move|p1a: Awel Sum|Trailblaze|p2a: The Last Ronin
|-supereffective|p2a: The Last Ronin
|-damage|p2a: The Last Ronin|27/100
|-boost|p1a: Awel Sum|spe|1
|move|p2a: The Last Ronin|Ceaseless Edge|p1a: Awel Sum
|-damage|p1a: Awel Sum|50/100
|-sidestart|p1: sus skibidi|Spikes
|
|upkeep
|turn|10
|
|t:|1760764094
|move|p2a: The Last Ronin|Sucker Punch|p1a: Awel Sum
|-damage|p1a: Awel Sum|8/100
|move|p1a: Awel Sum|Trailblaze|p2a: The Last Ronin
|-supereffective|p2a: The Last Ronin
|-damage|p2a: The Last Ronin|0 fnt
|-boost|p1a: Awel Sum|spe|1
|faint|p2a: The Last Ronin
|
|upkeep
|
|t:|1760764103
|switch|p2a: Wish Upon A Star|Latios, M|100/100
|turn|11
|
|t:|1760764109
|move|p1a: Awel Sum|Play Rough|p2a: Wish Upon A Star|[miss]
|-miss|p1a: Awel Sum|p2a: Wish Upon A Star
|move|p2a: Wish Upon A Star|Luster Purge|p1a: Awel Sum
|-damage|p1a: Awel Sum|0 fnt
|faint|p1a: Awel Sum
|
|upkeep
|
|t:|1760764116
|switch|p1a: Dodge|Heatran, M|100/100
|-item|p1a: Dodge|Air Balloon
|turn|12
|
|t:|1760764121
|move|p2a: Wish Upon A Star|Luster Purge|p1a: Dodge
|-resisted|p1a: Dodge
|-damage|p1a: Dodge|75/100
|-unboost|p1a: Dodge|spd|1
|-enditem|p1a: Dodge|Air Balloon
|move|p1a: Dodge|Flame Charge|p2a: Wish Upon A Star
|-resisted|p2a: Wish Upon A Star
|-damage|p2a: Wish Upon A Star|92/100
|-boost|p1a: Dodge|spe|1
|
|upkeep
|turn|13
|
|t:|1760764133
|switch|p2a: The Little Prince|Iron Valiant|100/100
|move|p1a: Dodge|Flame Charge|p2a: The Little Prince
|-damage|p2a: The Little Prince|83/100
|-boost|p1a: Dodge|spe|1
|
|upkeep
|turn|14
|
|t:|1760764139
|-terastallize|p1a: Dodge|Fairy
|move|p2a: The Little Prince|Vacuum Wave|p1a: Dodge
|-resisted|p1a: Dodge
|-damage|p1a: Dodge|53/100
|move|p1a: Dodge|Tera Blast|p2a: The Little Prince|[anim] Tera Blast Fairy
|-supereffective|p2a: The Little Prince
|-damage|p2a: The Little Prince|0 fnt
|faint|p2a: The Little Prince
|-end|p2a: The Little Prince|Quark Drive|[silent]
|
|upkeep
|
|t:|1760764150
|switch|p2a: Transylvania|Dragapult, F|84/100
|turn|15
|
|t:|1760764153
|-terastallize|p2a: Transylvania|Ghost
|move|p1a: Dodge|Tera Blast|p2a: Transylvania|[anim] Tera Blast Fairy
|-damage|p2a: Transylvania|29/100
|move|p2a: Transylvania|Tera Blast|p1a: Dodge|[anim] Tera Blast Ghost
|-damage|p1a: Dodge|0 fnt
|faint|p1a: Dodge
|
|upkeep
|
|t:|1760764156
|switch|p1a: Guanciale|Garganacl, M, shiny|100/100
|-damage|p1a: Guanciale|88/100|[from] Spikes
|turn|16
|
|t:|1760764163
|switch|p2a: Wish Upon A Star|Latios, M|92/100
|move|p1a: Guanciale|Salt Cure|p2a: Wish Upon A Star
|-damage|p2a: Wish Upon A Star|74/100
|-start|p2a: Wish Upon A Star|Salt Cure
|
|-heal|p1a: Guanciale|94/100|[from] item: Leftovers
|-damage|p2a: Wish Upon A Star|61/100|[from] Salt Cure
|upkeep
|turn|17
|
|t:|1760764170
|move|p2a: Wish Upon A Star|Flip Turn|p1a: Guanciale
|-supereffective|p1a: Guanciale
|-damage|p1a: Guanciale|81/100
|
|t:|1760764172
|switch|p2a: Lightning Rod|Iron Treads|100/100|[from] Flip Turn
|move|p1a: Guanciale|Salt Cure|p2a: Lightning Rod
|-resisted|p2a: Lightning Rod
|-damage|p2a: Lightning Rod|98/100
|-start|p2a: Lightning Rod|Salt Cure
|
|-heal|p2a: Lightning Rod|100/100|[from] item: Leftovers
|-heal|p1a: Guanciale|88/100|[from] item: Leftovers
|-damage|p2a: Lightning Rod|76/100|[from] Salt Cure
|upkeep
|turn|18
|
|t:|1760764181
|move|p2a: Lightning Rod|Iron Head|p1a: Guanciale
|-supereffective|p1a: Guanciale
|-damage|p1a: Guanciale|45/100
|move|p1a: Guanciale|Recover|p1a: Guanciale
|-heal|p1a: Guanciale|96/100
|
|-heal|p2a: Lightning Rod|82/100|[from] item: Leftovers
|-heal|p1a: Guanciale|100/100|[from] item: Leftovers
|-damage|p2a: Lightning Rod|57/100|[from] Salt Cure
|upkeep
|turn|19
|
|t:|1760764187
|move|p2a: Lightning Rod|Iron Head|p1a: Guanciale
|-supereffective|p1a: Guanciale
|-damage|p1a: Guanciale|62/100
|cant|p1a: Guanciale|flinch
|
|-heal|p2a: Lightning Rod|63/100|[from] item: Leftovers
|-heal|p1a: Guanciale|68/100|[from] item: Leftovers
|-damage|p2a: Lightning Rod|38/100|[from] Salt Cure
|upkeep
|turn|20
|
|t:|1760764200
|move|p2a: Lightning Rod|Iron Head|p1a: Guanciale
|-supereffective|p1a: Guanciale
|-damage|p1a: Guanciale|28/100
|cant|p1a: Guanciale|flinch
|
|-heal|p2a: Lightning Rod|44/100|[from] item: Leftovers
|-heal|p1a: Guanciale|34/100|[from] item: Leftovers
|-damage|p2a: Lightning Rod|19/100|[from] Salt Cure
|upkeep
|turn|21
|
|t:|1760764210
|move|p2a: Lightning Rod|Ice Spinner|p1a: Guanciale
|-crit|p1a: Guanciale
|-damage|p1a: Guanciale|14/100
|move|p1a: Guanciale|Recover|p1a: Guanciale
|-heal|p1a: Guanciale|65/100
|
|-heal|p2a: Lightning Rod|25/100|[from] item: Leftovers
|-heal|p1a: Guanciale|71/100|[from] item: Leftovers
|-damage|p2a: Lightning Rod|0 fnt|[from] Salt Cure
|faint|p2a: Lightning Rod
|-end|p2a: Lightning Rod|Quark Drive|[silent]
|upkeep
|
|t:|1760764215
|switch|p2a: Wish Upon A Star|Latios, M|61/100
|turn|22
|
|t:|1760764217
|move|p2a: Wish Upon A Star|Draco Meteor|p1a: Guanciale
|-damage|p1a: Guanciale|21/100
|-unboost|p2a: Wish Upon A Star|spa|2
|move|p1a: Guanciale|Salt Cure|p2a: Wish Upon A Star
|-damage|p2a: Wish Upon A Star|42/100
|-start|p2a: Wish Upon A Star|Salt Cure
|
|-heal|p1a: Guanciale|27/100|[from] item: Leftovers
|-damage|p2a: Wish Upon A Star|30/100|[from] Salt Cure
|upkeep
|turn|23
|
|t:|1760764222
|move|p2a: Wish Upon A Star|Draco Meteor|p1a: Guanciale
|-damage|p1a: Guanciale|0 fnt
|-unboost|p2a: Wish Upon A Star|spa|2
|faint|p1a: Guanciale
|
|-damage|p2a: Wish Upon A Star|18/100|[from] Salt Cure
|upkeep
|
|t:|1760764227
|switch|p1a: Good Night gngy|Dragonite, M|100/100
|turn|24
|
|t:|1760764233
|move|p1a: Good Night gngy|Extreme Speed|p2a: Wish Upon A Star
|-damage|p2a: Wish Upon A Star|0 fnt
|faint|p2a: Wish Upon A Star
|
|upkeep
|
|t:|1760764235
|switch|p2a: Transylvania|Dragapult, F, tera:Ghost|29/100
|turn|25
|
|t:|1760764238
|move|p2a: Transylvania|Dragon Darts|p1a: Good Night gngy
|-supereffective|p1a: Good Night gngy
|-damage|p1a: Good Night gngy|60/100
|-anim|p2a: Transylvania|Dragon Darts|p1a: Good Night gngy
|-supereffective|p1a: Good Night gngy
|-damage|p1a: Good Night gngy|0 fnt
|faint|p1a: Good Night gngy
|
|upkeep
|
|t:|1760764240
|switch|p1a: Horned Up Big Dawg|Great Tusk|100/100
|-damage|p1a: Horned Up Big Dawg|88/100|[from] Spikes
|-enditem|p1a: Horned Up Big Dawg|Booster Energy
|-activate|p1a: Horned Up Big Dawg|ability: Protosynthesis|[fromitem]
|-start|p1a: Horned Up Big Dawg|protosynthesisspe
|turn|26
|
|t:|1760764243
|move|p1a: Horned Up Big Dawg|Headlong Rush|p2a: Transylvania
|-damage|p2a: Transylvania|0 fnt
|-unboost|p1a: Horned Up Big Dawg|def|1
|-unboost|p1a: Horned Up Big Dawg|spd|1
|faint|p2a: Transylvania
|
|win|sus skibidi
|raw|sus skibidi's rating: 1389 &rarr; <strong>1407</strong><br />(+18 for winning)
|raw|RXKslimem's rating: 1347 &rarr; <strong>1329</strong><br />(-18 for losing)
|l|☆RXKslimem
|player|p2|
|c|☆sus skibidi|gg
