|j|☆Jagonite
|j|☆Feyitomi
|t:|1760826579
|gametype|singles
|player|p1|Jagonite|swimmer|1518
|player|p2|Feyitomi|170|1476
|gen|9
|tier|[Gen 9] OU
|rated|
|rule|HP Percentage Mod: HP is shown in percentages
|rule|Endless Battle Clause: Forcing endless battles is banned
|rule|Species Clause: Limit one of each Pokémon
|rule|OHKO Clause: OHKO moves are banned
|rule|Evasion Items Clause: Evasion items are banned
|rule|Evasion Moves Clause: Evasion moves are banned
|rule|Evasion Abilities Clause: Evasion abilities are banned
|rule|Sleep Moves Clause: Sleep-inducing moves are banned
|clearpoke
|poke|p1|Ting-Lu|
|poke|p1|Ogerpon-Wellspring, F|
|poke|p1|Pecharunt|
|poke|p1|Zamazenta-*|
|poke|p1|Dragonite, M|
|poke|p1|Gholdengo|
|poke|p2|Probopass, F|
|poke|p2|Ting-Lu|
|poke|p2|Sinistcha|
|poke|p2|Scizor, F|
|poke|p2|Walking Wake|
|poke|p2|Great Tusk|
|teampreview
|
|t:|1760826600
|teamsize|p1|6
|teamsize|p2|6
|start
|switch|p1a: Gholdengo|Gholdengo|100/100
|switch|p2a: Probopass|Probopass, F|100/100
|turn|1
|inactive|Battle timer is ON: inactive players will automatically lose when time's up. (requested by Feyitomi)
|
|t:|1760826607
|move|p1a: Gholdengo|Trick|p2a: Probopass
|-activate|p1a: Gholdengo|move: Trick|[of] p2a: Probopass
|-item|p2a: Probopass|Choice Scarf|[from] move: Trick
|-item|p1a: Gholdengo|Rocky Helmet|[from] move: Trick
|move|p2a: Probopass|Stealth Rock|p1a: Gholdengo
|-sidestart|p1: Jagonite|move: Stealth Rock
|
|upkeep
|turn|2
|
|t:|1760826624
|switch|p1a: Ting-Lu|Ting-Lu|100/100
|-damage|p1a: Ting-Lu|94/100|[from] Stealth Rock
|-ability|p1a: Ting-Lu|Vessel of Ruin
|switch|p2a: Ting-Lu|Ting-Lu|100/100
|-ability|p2a: Ting-Lu|Vessel of Ruin
|
|upkeep
|turn|3
|
|t:|1760826648
|move|p2a: Ting-Lu|Spikes|p1a: Ting-Lu
|-sidestart|p1: Jagonite|Spikes
|move|p1a: Ting-Lu|Earthquake|p2a: Ting-Lu
|-damage|p2a: Ting-Lu|61/100
|
|-heal|p2a: Ting-Lu|67/100|[from] item: Leftovers
|upkeep
|turn|4
|
|t:|1760826659
|move|p2a: Ting-Lu|Spikes|p1a: Ting-Lu
|-sidestart|p1: Jagonite|Spikes
|move|p1a: Ting-Lu|Earthquake|p2a: Ting-Lu
|-damage|p2a: Ting-Lu|30/100
|
|-heal|p2a: Ting-Lu|36/100|[from] item: Leftovers
|upkeep
|turn|5
|
|t:|1760826669
|move|p2a: Ting-Lu|Spikes|p1a: Ting-Lu
|-sidestart|p1: Jagonite|Spikes
|move|p1a: Ting-Lu|Earthquake|p2a: Ting-Lu
|-damage|p2a: Ting-Lu|0 fnt
|faint|p2a: Ting-Lu
|
|upkeep
|
|t:|1760826682
|switch|p2a: Scizor|Scizor, F|100/100
|turn|6
|
|t:|1760826689
|move|p2a: Scizor|U-turn|p1a: Ting-Lu
|-supereffective|p1a: Ting-Lu
|-damage|p1a: Ting-Lu|24/100
|
|t:|1760826694
|switch|p2a: Sinistcha|Sinistcha|100/100|[from] U-turn
|move|p1a: Ting-Lu|Earthquake|p2a: Sinistcha
|-resisted|p2a: Sinistcha
|-damage|p2a: Sinistcha|72/100
|
|upkeep
|turn|7
|
|t:|1760826719
|move|p2a: Sinistcha|Strength Sap|p1a: Ting-Lu
|-unboost|p1a: Ting-Lu|atk|1
|-heal|p2a: Sinistcha|100/100
|move|p1a: Ting-Lu|Earthquake|p2a: Sinistcha
|-resisted|p2a: Sinistcha
|-damage|p2a: Sinistcha|82/100
|
|upkeep
|turn|8
|
|t:|1760826728
|switch|p1a: Gholdengo|Gholdengo|100/100
|-damage|p1a: Gholdengo|94/100|[from] Stealth Rock
|-damage|p1a: Gholdengo|70/100|[from] Spikes
|move|p2a: Sinistcha|Matcha Gotcha|p1a: Gholdengo
|-resisted|p1a: Gholdengo
|-damage|p1a: Gholdengo|51/100
|-heal|p2a: Sinistcha|91/100|[from] drain|[of] p1a: Gholdengo
|
|upkeep
|turn|9
|
|t:|1760826741
|switch|p2a: Probopass|Probopass, F|100/100
|move|p1a: Gholdengo|Shadow Ball|p2a: Probopass
|-crit|p2a: Probopass
|-damage|p2a: Probopass|53/100
|
|upkeep
|turn|10
|
|t:|1760826748
|move|p1a: Gholdengo|Make It Rain|p2a: Probopass
|-damage|p2a: Probopass|7/100
|-unboost|p1a: Gholdengo|spa|1
|move|p2a: Probopass|Volt Switch|p1a: Gholdengo
|-damage|p1a: Gholdengo|36/100
|
|t:|1760826760
|switch|p2a: Walking Wake|Walking Wake|100/100|[from] Volt Switch
|
|upkeep
|turn|11
|
|t:|1760826776
|move|p2a: Walking Wake|Scald|p1a: Gholdengo
|-damage|p1a: Gholdengo|0 fnt
|faint|p1a: Gholdengo
|
|upkeep
|
|t:|1760826786
|switch|p1a: Ogerpon|Ogerpon-Wellspring, F|100/100
|-damage|p1a: Ogerpon|88/100|[from] Stealth Rock
|-damage|p1a: Ogerpon|63/100|[from] Spikes
|turn|12
|inactive|Feyitomi has 120 seconds left.
|
|t:|1760826821
|-end|p2a: Walking Wake|Protosynthesis|[silent]
|switch|p2a: Probopass|Probopass, F|7/100
|move|p1a: Ogerpon|U-turn|p2a: Probopass
|-resisted|p2a: Probopass
|-damage|p2a: Probopass|0 fnt
|faint|p2a: Probopass
|inactive|Jagonite has 120 seconds left.
|inactive|Jagonite has 90 seconds left.
|
|t:|1760826890
|switch|p1a: Pecharunt|Pecharunt|100/100|[from] U-turn
|
|upkeep
|inactive|Feyitomi has 120 seconds left.
|
|t:|1760826909
|switch|p2a: Scizor|Scizor, F|100/100
|turn|13
|inactive|Jagonite has 90 seconds left.
|
|t:|1760826920
|move|p1a: Pecharunt|Parting Shot|p2a: Scizor
|-unboost|p2a: Scizor|atk|1
|-unboost|p2a: Scizor|spa|1
|
|t:|1760826924
|switch|p1a: Ting-Lu|Ting-Lu|24/100|[from] Parting Shot
|-damage|p1a: Ting-Lu|18/100|[from] Stealth Rock
|-damage|p1a: Ting-Lu|0 fnt|[from] Spikes
|faint|p1a: Ting-Lu
|move|p2a: Scizor|Knock Off|p1: Ting-Lu|[notarget]
|-fail|p2a: Scizor
|
|upkeep
|inactive|Jagonite has 90 seconds left.
|
|t:|1760826929
|switch|p1a: Dragonite|Dragonite, M|100/100
|-damage|p1a: Dragonite|76/100|[from] Stealth Rock
|turn|14
|
|t:|1760826937
|move|p2a: Scizor|Knock Off|p1a: Dragonite
|-damage|p1a: Dragonite|39/100
|-enditem|p1a: Dragonite|Choice Band|[from] move: Knock Off|[of] p2a: Scizor
|move|p1a: Dragonite|Fire Punch|p2a: Scizor
|-supereffective|p2a: Scizor
|-damage|p2a: Scizor|0 fnt
|faint|p2a: Scizor
|
|upkeep
|
|t:|1760826951
|switch|p2a: Sinistcha|Sinistcha|91/100
|turn|15
|
|t:|1760826954
|move|p2a: Sinistcha|Calm Mind|p2a: Sinistcha
|-boost|p2a: Sinistcha|spa|1
|-boost|p2a: Sinistcha|spd|1
|move|p1a: Dragonite|Fire Punch|p2a: Sinistcha
|-supereffective|p2a: Sinistcha
|-damage|p2a: Sinistcha|67/100
|
|upkeep
|turn|16
|inactive|Jagonite has 120 seconds left.
|
|t:|1760826968
|switch|p1a: Ogerpon|Ogerpon-Wellspring, F|63/100
|-damage|p1a: Ogerpon|51/100|[from] Stealth Rock
|-damage|p1a: Ogerpon|26/100|[from] Spikes
|move|p2a: Sinistcha|Calm Mind|p2a: Sinistcha
|-boost|p2a: Sinistcha|spa|1
|-boost|p2a: Sinistcha|spd|1
|
|upkeep
|turn|17
|
|t:|1760826976
|move|p1a: Ogerpon|Encore|p2a: Sinistcha
|-start|p2a: Sinistcha|Encore
|move|p2a: Sinistcha|Calm Mind|p2a: Sinistcha
|-boost|p2a: Sinistcha|spa|1
|-boost|p2a: Sinistcha|spd|1
|
|upkeep
|turn|18
|
|t:|1760826985
|move|p1a: Ogerpon|Horn Leech|p2a: Sinistcha
|-resisted|p2a: Sinistcha
|-damage|p2a: Sinistcha|50/100
|-heal|p1a: Ogerpon|36/100|[from] drain|[of] p2a: Sinistcha
|move|p2a: Sinistcha|Calm Mind|p2a: Sinistcha
|-boost|p2a: Sinistcha|spa|1
|-boost|p2a: Sinistcha|spd|1
|
|upkeep
|turn|19
|
|t:|1760826994
|switch|p2a: Walking Wake|Walking Wake|100/100
|move|p1a: Ogerpon|Horn Leech|p2a: Walking Wake
|-damage|p2a: Walking Wake|52/100
|-heal|p1a: Ogerpon|64/100|[from] drain|[of] p2a: Walking Wake
|
|upkeep
|turn|20
|
|t:|1760827002
|-end|p2a: Walking Wake|Protosynthesis|[silent]
|switch|p2a: Sinistcha|Sinistcha|50/100
|-terastallize|p1a: Ogerpon|Water
|detailschange|p1a: Ogerpon|Ogerpon-Wellspring-Tera, F, tera:Water
|-ability|p1a: Ogerpon|Embody Aspect (Wellspring)|boost
|-boost|p1a: Ogerpon|spd|1
|move|p1a: Ogerpon|Horn Leech|p2a: Sinistcha
|-resisted|p2a: Sinistcha
|-damage|p2a: Sinistcha|34/100
|-heal|p1a: Ogerpon|73/100|[from] drain|[of] p2a: Sinistcha
|
|upkeep
|turn|21
|
|t:|1760827013
|switch|p1a: Pecharunt|Pecharunt|100/100
|move|p2a: Sinistcha|Strength Sap|p1a: Pecharunt
|-unboost|p1a: Pecharunt|atk|1
|-heal|p2a: Sinistcha|81/100
|
|upkeep
|turn|22
|
|t:|1760827027
|-terastallize|p2a: Sinistcha|Poison
|move|p1a: Pecharunt|Malignant Chain|p2a: Sinistcha
|-resisted|p2a: Sinistcha
|-damage|p2a: Sinistcha|62/100
|move|p2a: Sinistcha|Calm Mind|p2a: Sinistcha
|-boost|p2a: Sinistcha|spa|1
|-boost|p2a: Sinistcha|spd|1
|
|upkeep
|turn|23
|
|t:|1760827036
|move|p1a: Pecharunt|Parting Shot|p2a: Sinistcha
|-unboost|p2a: Sinistcha|atk|1
|-unboost|p2a: Sinistcha|spa|1
|
|t:|1760827038
|switch|p1a: Ogerpon|Ogerpon-Wellspring-Tera, F, tera:Water|73/100|[from] Parting Shot
|-damage|p1a: Ogerpon|60/100|[from] Stealth Rock
|-damage|p1a: Ogerpon|35/100|[from] Spikes
|-ability|p1a: Ogerpon|Embody Aspect (Wellspring)|boost
|-boost|p1a: Ogerpon|spd|1
|move|p2a: Sinistcha|Strength Sap|p1a: Ogerpon
|-unboost|p1a: Ogerpon|atk|1
|-heal|p2a: Sinistcha|100/100
|
|upkeep
|turn|24
|
|t:|1760827050
|switch|p2a: Walking Wake|Walking Wake|52/100
|move|p1a: Ogerpon|Encore||[still]
|-fail|p1a: Ogerpon
|
|upkeep
|turn|25
|
|t:|1760827061
|-end|p2a: Walking Wake|Protosynthesis|[silent]
|switch|p2a: Sinistcha|Sinistcha, tera:Poison|100/100
|move|p1a: Ogerpon|Ivy Cudgel|p2a: Sinistcha|[anim] Ivy Cudgel Water
|-damage|p2a: Sinistcha|64/100
|
|upkeep
|turn|26
|
|t:|1760827069
|move|p1a: Ogerpon|Ivy Cudgel|p2a: Sinistcha|[anim] Ivy Cudgel Water
|-damage|p2a: Sinistcha|24/100
|move|p2a: Sinistcha|Strength Sap|p1a: Ogerpon
|-unboost|p1a: Ogerpon|atk|1
|-heal|p2a: Sinistcha|89/100
|
|upkeep
|turn|27
|
|t:|1760827077
|move|p1a: Ogerpon|Encore|p2a: Sinistcha
|-start|p2a: Sinistcha|Encore
|move|p2a: Sinistcha|Strength Sap|p1a: Ogerpon
|-unboost|p1a: Ogerpon|atk|1
|-heal|p2a: Sinistcha|100/100
|
|upkeep
|turn|28
|
|t:|1760827100
|switch|p2a: Great Tusk|Great Tusk|100/100
|-enditem|p2a: Great Tusk|Booster Energy
|-activate|p2a: Great Tusk|ability: Protosynthesis|[fromitem]
|-start|p2a: Great Tusk|protosynthesisspe
|move|p1a: Ogerpon|Horn Leech|p2a: Great Tusk
|-supereffective|p2a: Great Tusk
|-damage|p2a: Great Tusk|78/100
|-heal|p1a: Ogerpon|51/100|[from] drain|[of] p2a: Great Tusk
|
|upkeep
|turn|29
|
|t:|1760827110
|switch|p1a: Zamazenta|Zamazenta|100/100
|-ability|p1a: Zamazenta|Dauntless Shield|boost
|-boost|p1a: Zamazenta|def|1
|move|p2a: Great Tusk|Headlong Rush|p1a: Zamazenta
|-damage|p1a: Zamazenta|69/100
|-unboost|p2a: Great Tusk|def|1
|-unboost|p2a: Great Tusk|spd|1
|
|upkeep
|turn|30
|
|t:|1760827118
|move|p2a: Great Tusk|Headlong Rush|p1a: Zamazenta
|-damage|p1a: Zamazenta|37/100
|-unboost|p2a: Great Tusk|def|1
|-unboost|p2a: Great Tusk|spd|1
|move|p1a: Zamazenta|Close Combat|p2a: Great Tusk
|-damage|p2a: Great Tusk|3/100
|-unboost|p1a: Zamazenta|def|1
|-unboost|p1a: Zamazenta|spd|1
|
|upkeep
|turn|31
|
|t:|1760827128
|-end|p2a: Great Tusk|Protosynthesis|[silent]
|switch|p2a: Sinistcha|Sinistcha, tera:Poison|100/100
|move|p1a: Zamazenta|Crunch|p2a: Sinistcha
|-damage|p2a: Sinistcha|79/100
|
|upkeep
|turn|32
|
|t:|1760827138
|switch|p1a: Ogerpon|Ogerpon-Wellspring-Tera, F, tera:Water|51/100
|-damage|p1a: Ogerpon|39/100|[from] Stealth Rock
|-damage|p1a: Ogerpon|14/100|[from] Spikes
|-ability|p1a: Ogerpon|Embody Aspect (Wellspring)|boost
|-boost|p1a: Ogerpon|spd|1
|move|p2a: Sinistcha|Matcha Gotcha|p1a: Ogerpon
|-supereffective|p1a: Ogerpon
|-damage|p1a: Ogerpon|0 fnt
|-heal|p2a: Sinistcha|85/100|[from] drain|[of] p1a: Ogerpon
|faint|p1a: Ogerpon
|detailschange|p1: Ogerpon|Ogerpon-Wellspring, F|[silent]
|
|upkeep
|-message|Jagonite forfeited.
|
|win|Feyitomi
|raw|Jagonite's rating: 1518 &rarr; <strong>1496</strong><br />(-22 for losing)
|raw|Feyitomi's rating: 1476 &rarr; <strong>1498</strong><br />(+22 for winning)
|l|☆Jagonite
|player|p1|
|l|☆Feyitomi
|player|p2|
