|badge|p1|bronze|gen9ou|100-7
|uhtml|medal-msg|<div class="broadcast-blue">Curious what those medals under the avatar are? PS now has Ladder Seasons! For more information, check out the <a href="https://www.smogon.com/forums/threads/3740067/">thread on Smogon.</a></div>
|j|☆Sanesa8724
|j|☆powerfull_rock
|t:|1760820248
|gametype|singles
|player|p1|Sanesa8724|266|1891
|player|p2|powerfull_rock|blackbelt|1734
|gen|9
|tier|[Gen 9] OU
|rated|
|rule|HP Percentage Mod: HP is shown in percentages
|rule|Endless Battle Clause: Forcing endless battles is banned
|rule|Species Clause: Limit one of each Pokémon
|rule|OHKO Clause: OHKO moves are banned
|rule|Evasion Items Clause: Evasion items are banned
|rule|Evasion Moves Clause: Evasion moves are banned
|rule|Evasion Abilities Clause: Evasion abilities are banned
|rule|Sleep Moves Clause: Sleep-inducing moves are banned
|clearpoke
|poke|p1|Rillaboom, F|
|poke|p1|Zamazenta-*|
|poke|p1|Ogerpon, F|
|poke|p1|Moltres|
|poke|p1|Iron Treads|
|poke|p1|Gholdengo|
|poke|p2|Clodsire, M|
|poke|p2|Conkeldurr, M|
|poke|p2|Enamorus, F|
|poke|p2|Ceruledge, F|
|poke|p2|Skarmory, F|
|poke|p2|Sinistcha|
|teampreview
|c|☆Sanesa8724|Ghf
|c|☆powerfull_rock|u2
|inactive|Battle timer is ON: inactive players will automatically lose when time's up. (requested by powerfull_rock)
|inactive|Sanesa8724 has 120 seconds left.
|inactive|Sanesa8724 has 90 seconds left.
|
|t:|1760820328
|teamsize|p1|6
|teamsize|p2|6
|start
|switch|p1a: Iron Treads|Iron Treads|100/100
|switch|p2a: Wide Shoulder|Conkeldurr, M, shiny|100/100
|turn|1
|
|t:|1760820333
|move|p1a: Iron Treads|Stealth Rock|p2a: Wide Shoulder
|-sidestart|p2: powerfull_rock|move: Stealth Rock
|move|p2a: Wide Shoulder|Drain Punch|p1a: Iron Treads
|-supereffective|p1a: Iron Treads
|-damage|p1a: Iron Treads|36/100
|
|-heal|p1a: Iron Treads|43/100|[from] item: Leftovers
|-status|p2a: Wide Shoulder|brn|[from] item: Flame Orb
|upkeep
|turn|2
|
|t:|1760820339
|-end|p1a: Iron Treads|Quark Drive|[silent]
|switch|p1a: Rillaboom|Rillaboom, F|100/100
|-fieldstart|move: Grassy Terrain|[from] ability: Grassy Surge|[of] p1a: Rillaboom
|move|p2a: Wide Shoulder|Mach Punch|p1a: Rillaboom
|-damage|p1a: Rillaboom|68/100
|
|-heal|p1a: Rillaboom|74/100|[from] Grassy Terrain
|-damage|p2a: Wide Shoulder|94/100 brn|[from] brn
|upkeep
|turn|3
|
|t:|1760820344
|switch|p2a: Metal Wing|Skarmory, F|100/100
|-damage|p2a: Metal Wing|88/100|[from] Stealth Rock
|move|p1a: Rillaboom|U-turn|p2a: Metal Wing
|-resisted|p2a: Metal Wing
|-damage|p2a: Metal Wing|83/100
|
|t:|1760820349
|switch|p1a: Gholdengo|Gholdengo|100/100|[from] U-turn
|-enditem|p1a: Gholdengo|Grassy Seed
|-boost|p1a: Gholdengo|def|1|[from] item: Grassy Seed
|
|-heal|p2a: Metal Wing|89/100|[from] item: Leftovers
|upkeep
|turn|4
|
|t:|1760820360
|switch|p2a: Clean Edge|Ceruledge, F|100/100
|move|p1a: Gholdengo|Nasty Plot|p1a: Gholdengo
|-boost|p1a: Gholdengo|spa|2
|
|upkeep
|turn|5
|
|t:|1760820366
|-terastallize|p2a: Clean Edge|Bug
|move|p1a: Gholdengo|Shadow Ball|p2a: Clean Edge
|-damage|p2a: Clean Edge|31/100
|move|p2a: Clean Edge|Bitter Blade|p1a: Gholdengo
|-supereffective|p1a: Gholdengo
|-damage|p1a: Gholdengo|53/100
|-heal|p2a: Clean Edge|54/100|[from] drain|[of] p1a: Gholdengo
|
|-heal|p1a: Gholdengo|59/100|[from] Grassy Terrain
|-heal|p2a: Clean Edge|61/100|[from] Grassy Terrain
|upkeep
|turn|6
|
|t:|1760820383
|move|p2a: Clean Edge|Shadow Sneak|p1a: Gholdengo
|-supereffective|p1a: Gholdengo
|-damage|p1a: Gholdengo|37/100
|move|p1a: Gholdengo|Make It Rain|p2a: Clean Edge
|-damage|p2a: Clean Edge|0 fnt
|-unboost|p1a: Gholdengo|spa|1
|faint|p2a: Clean Edge
|
|-heal|p1a: Gholdengo|43/100|[from] Grassy Terrain
|upkeep
|
|t:|1760820387
|switch|p2a: Love Snake|Enamorus, F|100/100
|-damage|p2a: Love Snake|76/100|[from] Stealth Rock
|turn|7
|
|t:|1760820389
|switch|p1a: Moltres|Moltres|100/100
|move|p2a: Love Snake|Earth Power|p1a: Moltres
|-immune|p1a: Moltres
|
|-heal|p2a: Love Snake|82/100|[from] item: Leftovers
|upkeep
|turn|8
|
|t:|1760820392
|switch|p2a: Fat Body|Clodsire, M, shiny|100/100
|-damage|p2a: Fat Body|94/100|[from] Stealth Rock
|move|p1a: Moltres|Flamethrower|p2a: Fat Body
|-damage|p2a: Fat Body|71/100
|
|-heal|p2a: Fat Body|77/100|[from] Grassy Terrain
|-heal|p2a: Fat Body|83/100|[from] item: Leftovers
|upkeep
|turn|9
|
|t:|1760820400
|move|p1a: Moltres|U-turn|p2a: Fat Body
|-resisted|p2a: Fat Body
|-damage|p2a: Fat Body|78/100
|
|t:|1760820403
|switch|p1a: Gholdengo|Gholdengo|43/100|[from] U-turn
|move|p2a: Fat Body|Stealth Rock|p1a: Gholdengo
|-sidestart|p1: Sanesa8724|move: Stealth Rock
|
|-heal|p1a: Gholdengo|49/100|[from] Grassy Terrain
|-heal|p2a: Fat Body|84/100|[from] Grassy Terrain
|-heal|p2a: Fat Body|90/100|[from] item: Leftovers
|-fieldend|move: Grassy Terrain
|upkeep
|turn|10
|
|t:|1760820405
|move|p1a: Gholdengo|Recover|p1a: Gholdengo
|-heal|p1a: Gholdengo|99/100
|move|p2a: Fat Body|Earthquake|p1a: Gholdengo
|-supereffective|p1a: Gholdengo
|-damage|p1a: Gholdengo|47/100
|
|-heal|p2a: Fat Body|96/100|[from] item: Leftovers
|upkeep
|turn|11
|
|t:|1760820408
|switch|p1a: Rillaboom|Rillaboom, F|74/100
|-damage|p1a: Rillaboom|61/100|[from] Stealth Rock
|-fieldstart|move: Grassy Terrain|[from] ability: Grassy Surge|[of] p1a: Rillaboom
|move|p2a: Fat Body|Earthquake|p1a: Rillaboom
|-resisted|p1a: Rillaboom
|-damage|p1a: Rillaboom|54/100
|
|-heal|p1a: Rillaboom|61/100|[from] Grassy Terrain
|-heal|p2a: Fat Body|100/100|[from] Grassy Terrain
|upkeep
|turn|12
|
|t:|1760820412
|switch|p2a: Metal Wing|Skarmory, F|89/100
|-damage|p2a: Metal Wing|77/100|[from] Stealth Rock
|move|p1a: Rillaboom|U-turn|p2a: Metal Wing
|-resisted|p2a: Metal Wing
|-damage|p2a: Metal Wing|72/100
|
|t:|1760820414
|switch|p1a: Gholdengo|Gholdengo|47/100|[from] U-turn
|-damage|p1a: Gholdengo|40/100|[from] Stealth Rock
|
|-heal|p1a: Gholdengo|47/100|[from] Grassy Terrain
|-heal|p2a: Metal Wing|78/100|[from] item: Leftovers
|upkeep
|turn|13
|
|t:|1760820417
|switch|p2a: Love Snake|Enamorus, F|82/100
|-damage|p2a: Love Snake|57/100|[from] Stealth Rock
|move|p1a: Gholdengo|Recover|p1a: Gholdengo
|-heal|p1a: Gholdengo|97/100
|
|-heal|p2a: Love Snake|63/100|[from] item: Leftovers
|-heal|p1a: Gholdengo|100/100|[from] Grassy Terrain
|upkeep
|turn|14
|
|t:|1760820419
|move|p2a: Love Snake|Substitute|p2a: Love Snake
|-start|p2a: Love Snake|Substitute
|-damage|p2a: Love Snake|38/100
|move|p1a: Gholdengo|Make It Rain|p2a: Love Snake
|-supereffective|p2a: Love Snake
|-end|p2a: Love Snake|Substitute
|-unboost|p1a: Gholdengo|spa|1
|
|-heal|p2a: Love Snake|44/100|[from] item: Leftovers
|upkeep
|turn|15
|
|t:|1760820425
|switch|p2a: Fat Body|Clodsire, M, shiny|100/100
|-damage|p2a: Fat Body|94/100|[from] Stealth Rock
|move|p1a: Gholdengo|Make It Rain|p2a: Fat Body
|-damage|p2a: Fat Body|61/100
|-unboost|p1a: Gholdengo|spa|1
|
|-heal|p2a: Fat Body|67/100|[from] Grassy Terrain
|-heal|p2a: Fat Body|73/100|[from] item: Leftovers
|upkeep
|turn|16
|
|t:|1760820434
|move|p1a: Gholdengo|Make It Rain|p2a: Fat Body
|-damage|p2a: Fat Body|49/100
|-unboost|p1a: Gholdengo|spa|1
|move|p2a: Fat Body|Toxic|p1a: Gholdengo
|-immune|p1a: Gholdengo|[from] ability: Good as Gold
|
|-heal|p2a: Fat Body|55/100|[from] Grassy Terrain
|-heal|p2a: Fat Body|61/100|[from] item: Leftovers
|upkeep
|turn|17
|
|t:|1760820445
|move|p1a: Gholdengo|Nasty Plot|p1a: Gholdengo
|-boost|p1a: Gholdengo|spa|2
|move|p2a: Fat Body|Toxic|p1a: Gholdengo
|-immune|p1a: Gholdengo|[from] ability: Good as Gold
|
|-heal|p2a: Fat Body|67/100|[from] Grassy Terrain
|-heal|p2a: Fat Body|73/100|[from] item: Leftovers
|upkeep
|turn|18
|
|t:|1760820447
|move|p1a: Gholdengo|Nasty Plot|p1a: Gholdengo
|-boost|p1a: Gholdengo|spa|2
|move|p2a: Fat Body|Earthquake|p1a: Gholdengo
|-supereffective|p1a: Gholdengo
|-damage|p1a: Gholdengo|73/100
|
|-heal|p1a: Gholdengo|79/100|[from] Grassy Terrain
|-heal|p2a: Fat Body|79/100|[from] Grassy Terrain
|-heal|p2a: Fat Body|86/100|[from] item: Leftovers
|-fieldend|move: Grassy Terrain
|upkeep
|turn|19
|
|t:|1760820450
|move|p1a: Gholdengo|Make It Rain|p2a: Fat Body
|-damage|p2a: Fat Body|15/100
|-unboost|p1a: Gholdengo|spa|1
|move|p2a: Fat Body|Earthquake|p1a: Gholdengo
|-supereffective|p1a: Gholdengo
|-damage|p1a: Gholdengo|20/100
|
|-heal|p2a: Fat Body|21/100|[from] item: Leftovers
|upkeep
|turn|20
|
|t:|1760820455
|move|p1a: Gholdengo|Make It Rain|p2a: Fat Body
|-damage|p2a: Fat Body|0 fnt
|-unboost|p1a: Gholdengo|spa|1
|faint|p2a: Fat Body
|
|upkeep
|
|t:|1760820457
|switch|p2a: Love Snake|Enamorus, F|44/100
|-damage|p2a: Love Snake|20/100|[from] Stealth Rock
|turn|21
|
|t:|1760820460
|switch|p1a: Moltres|Moltres|100/100
|move|p2a: Love Snake|Moonblast|p1a: Moltres
|-resisted|p1a: Moltres
|-damage|p1a: Moltres|82/100
|-unboost|p1a: Moltres|spa|1
|
|-heal|p2a: Love Snake|26/100|[from] item: Leftovers
|upkeep
|turn|22
|
|t:|1760820463
|move|p2a: Love Snake|Moonblast|p1a: Moltres
|-resisted|p1a: Moltres
|-damage|p1a: Moltres|63/100
|move|p1a: Moltres|Flamethrower|p2a: Love Snake
|-damage|p2a: Love Snake|0 fnt
|faint|p2a: Love Snake
|
|upkeep
|
|t:|1760820466
|switch|p2a: Wide Shoulder|Conkeldurr, M, shiny|94/100 brn
|-damage|p2a: Wide Shoulder|88/100 brn|[from] Stealth Rock
|turn|23
|
|t:|1760820468
|move|p1a: Moltres|U-turn|p2a: Wide Shoulder
|-resisted|p2a: Wide Shoulder
|-damage|p2a: Wide Shoulder|82/100 brn
|
|t:|1760820470
|switch|p1a: Iron Treads|Iron Treads|43/100|[from] U-turn
|-damage|p1a: Iron Treads|40/100|[from] Stealth Rock
|move|p2a: Wide Shoulder|Facade|p1a: Iron Treads
|-resisted|p1a: Iron Treads
|-damage|p1a: Iron Treads|12/100
|
|-heal|p1a: Iron Treads|18/100|[from] item: Leftovers
|-damage|p2a: Wide Shoulder|76/100 brn|[from] brn
|upkeep
|turn|24
|
|t:|1760820476
|move|p2a: Wide Shoulder|Mach Punch|p1a: Iron Treads
|-supereffective|p1a: Iron Treads
|-damage|p1a: Iron Treads|0 fnt
|faint|p1a: Iron Treads
|-end|p1a: Iron Treads|Quark Drive|[silent]
|
|-damage|p2a: Wide Shoulder|69/100 brn|[from] brn
|upkeep
|
|t:|1760820491
|switch|p1a: Gholdengo|Gholdengo|20/100
|-damage|p1a: Gholdengo|14/100|[from] Stealth Rock
|turn|25
|
|t:|1760820494
|move|p1a: Gholdengo|Make It Rain|p2a: Wide Shoulder
|-damage|p2a: Wide Shoulder|0 fnt
|-unboost|p1a: Gholdengo|spa|1
|faint|p2a: Wide Shoulder
|
|upkeep
|
|t:|1760820501
|switch|p2a: Broken Vessel|Sinistcha, shiny|100/100
|turn|26
|
|t:|1760820503
|move|p1a: Gholdengo|Shadow Ball|p2a: Broken Vessel
|-supereffective|p2a: Broken Vessel
|-damage|p2a: Broken Vessel|22/100
|move|p2a: Broken Vessel|Shadow Ball|p1a: Gholdengo
|-supereffective|p1a: Gholdengo
|-damage|p1a: Gholdengo|0 fnt
|faint|p1a: Gholdengo
|
|upkeep
|
|t:|1760820509
|switch|p1a: Moltres|Moltres|63/100
|turn|27
|
|t:|1760820511
|move|p1a: Moltres|Flamethrower|p2a: Broken Vessel
|-supereffective|p2a: Broken Vessel
|-crit|p2a: Broken Vessel
|-damage|p2a: Broken Vessel|0 fnt
|faint|p2a: Broken Vessel
|
|upkeep
|
|t:|1760820513
|switch|p2a: Metal Wing|Skarmory, F|78/100
|-damage|p2a: Metal Wing|66/100|[from] Stealth Rock
|turn|28
|
|t:|1760820516
|move|p1a: Moltres|Flamethrower|p2a: Metal Wing
|-supereffective|p2a: Metal Wing
|-damage|p2a: Metal Wing|0 fnt
|faint|p2a: Metal Wing
|
|win|Sanesa8724
|raw|Sanesa8724's rating: 1891 &rarr; <strong>1903</strong><br />(+12 for winning)
|raw|powerfull_rock's rating: 1734 &rarr; <strong>1722</strong><br />(-12 for losing)
|c|☆Sanesa8724|Gg
|l|☆powerfull_rock
|player|p2|
