|j|☆bussst
|j|☆Pis Mann
|t:|1760794241
|gametype|singles
|player|p1|bussst|harlequin|1152
|player|p2|Pis Mann|ingo|1174
|gen|9
|tier|[Gen 9] OU
|rated|
|rule|HP Percentage Mod: HP is shown in percentages
|rule|Endless Battle Clause: Forcing endless battles is banned
|rule|Species Clause: Limit one of each Pokémon
|rule|OHKO Clause: OHKO moves are banned
|rule|Evasion Items Clause: Evasion items are banned
|rule|Evasion Moves Clause: Evasion moves are banned
|rule|Evasion Abilities Clause: Evasion abilities are banned
|rule|Sleep Moves Clause: Sleep-inducing moves are banned
|clearpoke
|poke|p1|Orthworm, F|
|poke|p1|Clodsire, F|
|poke|p1|Great Tusk|
|poke|p1|Slowking, F|
|poke|p1|Weavile, F|
|poke|p1|Pecharunt|
|poke|p2|Torkoal, M|
|poke|p2|Raging Bolt|
|poke|p2|Venusaur, M|
|poke|p2|Hatterene, F|
|poke|p2|Slither Wing|
|poke|p2|Walking Wake|
|teampreview
|inactive|Battle timer is ON: inactive players will automatically lose when time's up. (requested by Pis Mann)
|
|t:|1760794265
|teamsize|p1|6
|teamsize|p2|6
|start
|switch|p1a: Great Tusk|Great Tusk, shiny|100/100
|switch|p2a: Torkoal|Torkoal, M|100/100
|-weather|SunnyDay|[from] ability: Drought|[of] p2a: Torkoal
|-activate|p1a: Great Tusk|ability: Protosynthesis
|-start|p1a: Great Tusk|protosynthesisatk
|turn|1
|
|t:|1760794268
|switch|p2a: Hatterene|Hatterene, F|100/100
|-item|p2a: Hatterene|Air Balloon
|move|p1a: Great Tusk|Knock Off|p2a: Hatterene
|-damage|p2a: Hatterene|66/100
|-enditem|p2a: Hatterene|Air Balloon
|
|-weather|SunnyDay|[upkeep]
|upkeep
|turn|2
|
|t:|1760794280
|move|p1a: Great Tusk|Headlong Rush|p2a: Hatterene
|-damage|p2a: Hatterene|4/100
|-unboost|p1a: Great Tusk|def|1
|-unboost|p1a: Great Tusk|spd|1
|move|p2a: Hatterene|Dazzling Gleam|p1a: Great Tusk
|-supereffective|p1a: Great Tusk
|-damage|p1a: Great Tusk|0 fnt
|faint|p1a: Great Tusk
|-end|p1a: Great Tusk|Protosynthesis|[silent]
|
|-weather|SunnyDay|[upkeep]
|upkeep
|
|t:|1760794292
|switch|p1a: Pecharunt|Pecharunt|100/100
|turn|3
|
|t:|1760794307
|switch|p2a: Venusaur|Venusaur, M|100/100
|move|p1a: Pecharunt|Malignant Chain|p2a: Venusaur
|-damage|p2a: Venusaur|62/100
|
|-weather|SunnyDay|[upkeep]
|upkeep
|turn|4
|
|t:|1760794321
|switch|p1a: Clodsire|Clodsire, F, shiny|100/100
|move|p2a: Venusaur|Growth|p2a: Venusaur
|-boost|p2a: Venusaur|atk|2
|-boost|p2a: Venusaur|spa|2
|
|-weather|SunnyDay|[upkeep]
|upkeep
|turn|5
|
|t:|1760794325
|move|p2a: Venusaur|Earthquake|p1a: Clodsire
|-supereffective|p1a: Clodsire
|-damage|p1a: Clodsire|43/100
|-damage|p2a: Venusaur|52/100|[from] item: Life Orb
|move|p1a: Clodsire|Stealth Rock|p2a: Venusaur
|-sidestart|p2: Pis Mann|move: Stealth Rock
|
|-weather|SunnyDay|[upkeep]
|-heal|p1a: Clodsire|49/100|[from] item: Leftovers
|upkeep
|turn|6
|
|t:|1760794354
|switch|p1a: Orthworm|Orthworm, F, shiny|100/100
|move|p2a: Venusaur|Earthquake|p1a: Orthworm
|-immune|p1a: Orthworm|[from] ability: Earth Eater
|
|-weather|SunnyDay|[upkeep]
|upkeep
|turn|7
|inactive|bussst has 120 seconds left.
|
|t:|1760794383
|switch|p1a: Clodsire|Clodsire, F, shiny|49/100
|move|p2a: Venusaur|Weather Ball|p1a: Clodsire
|-damage|p1a: Clodsire|21/100
|-damage|p2a: Venusaur|42/100|[from] item: Life Orb
|
|-weather|SunnyDay|[upkeep]
|-heal|p1a: Clodsire|27/100|[from] item: Leftovers
|upkeep
|turn|8
|
|t:|1760794395
|-terastallize|p1a: Clodsire|Water
|move|p2a: Venusaur|Earthquake|p1a: Clodsire
|-damage|p1a: Clodsire|0 fnt
|faint|p1a: Clodsire
|-damage|p2a: Venusaur|32/100|[from] item: Life Orb
|
|-weather|none
|upkeep
|
|t:|1760794404
|switch|p1a: Weavile|Weavile, F, shiny|100/100
|turn|9
|
|t:|1760794412
|switch|p2a: Torkoal|Torkoal, M|100/100
|-damage|p2a: Torkoal|76/100|[from] Stealth Rock
|-weather|SunnyDay|[from] ability: Drought|[of] p2a: Torkoal
|move|p1a: Weavile|Knock Off|p2a: Torkoal
|-damage|p2a: Torkoal|38/100
|-enditem|p2a: Torkoal|Heat Rock|[from] move: Knock Off|[of] p1a: Weavile
|
|-weather|SunnyDay|[upkeep]
|upkeep
|turn|10
|
|t:|1760794421
|move|p1a: Weavile|Knock Off|p2a: Torkoal
|-damage|p2a: Torkoal|11/100
|move|p2a: Torkoal|Stealth Rock|p1a: Weavile
|-sidestart|p1: bussst|move: Stealth Rock
|
|-weather|SunnyDay|[upkeep]
|upkeep
|turn|11
|
|t:|1760794425
|move|p1a: Weavile|Knock Off|p2a: Torkoal
|-damage|p2a: Torkoal|0 fnt
|faint|p2a: Torkoal
|
|-weather|SunnyDay|[upkeep]
|upkeep
|
|t:|1760794434
|switch|p2a: Slither Wing|Slither Wing|100/100
|-damage|p2a: Slither Wing|88/100|[from] Stealth Rock
|-activate|p2a: Slither Wing|ability: Protosynthesis
|-start|p2a: Slither Wing|protosynthesisatk
|turn|12
|
|t:|1760794443
|switch|p1a: Pecharunt|Pecharunt|100/100
|move|p2a: Slither Wing|First Impression|p1a: Pecharunt
|-resisted|p1a: Pecharunt
|-damage|p1a: Pecharunt|92/100
|
|-weather|SunnyDay|[upkeep]
|upkeep
|turn|13
|
|t:|1760794458
|move|p2a: Slither Wing|Earthquake|p1a: Pecharunt
|-supereffective|p1a: Pecharunt
|-damage|p1a: Pecharunt|42/100
|move|p1a: Pecharunt|Malignant Chain|p2a: Slither Wing
|-damage|p2a: Slither Wing|66/100
|-status|p2a: Slither Wing|tox
|-start|p2a: Slither Wing|confusion|[from] ability: Poison Puppeteer|[of] p1a: Pecharunt
|
|-weather|SunnyDay|[upkeep]
|-damage|p2a: Slither Wing|60/100 tox|[from] psn
|upkeep
|turn|14
|
|t:|1760794470
|switch|p1a: Orthworm|Orthworm, F, shiny|100/100
|-damage|p1a: Orthworm|94/100|[from] Stealth Rock
|-activate|p2a: Slither Wing|confusion
|-damage|p2a: Slither Wing|39/100 tox|[from] confusion
|
|-weather|SunnyDay|[upkeep]
|-damage|p2a: Slither Wing|27/100 tox|[from] psn
|upkeep
|turn|15
|
|t:|1760794477
|-activate|p2a: Slither Wing|confusion
|move|p2a: Slither Wing|Temper Flare|p1a: Orthworm
|-supereffective|p1a: Orthworm
|-damage|p1a: Orthworm|0 fnt
|-damage|p2a: Slither Wing|10/100 tox|[from] item: Rocky Helmet|[of] p1a: Orthworm
|faint|p1a: Orthworm
|
|-weather|SunnyDay|[upkeep]
|-damage|p2a: Slither Wing|0 fnt|[from] psn
|faint|p2a: Slither Wing
|-end|p2a: Slither Wing|Protosynthesis|[silent]
|upkeep
|
|t:|1760794494
|switch|p2a: Raging Bolt|Raging Bolt|100/100
|switch|p1a: Weavile|Weavile, F, shiny|100/100
|-damage|p2a: Raging Bolt|88/100|[from] Stealth Rock
|-activate|p2a: Raging Bolt|ability: Protosynthesis
|-start|p2a: Raging Bolt|protosynthesisspa
|turn|16
|
|t:|1760794502
|move|p2a: Raging Bolt|Thunderclap|p1a: Weavile
|-damage|p1a: Weavile|0 fnt
|faint|p1a: Weavile
|-damage|p2a: Raging Bolt|78/100|[from] item: Life Orb
|
|-weather|none
|-end|p2a: Raging Bolt|Protosynthesis
|upkeep
|
|t:|1760794510
|switch|p1a: Slowking|Slowking, F, shiny|100/100
|turn|17
|-message|bussst forfeited.
|
|win|Pis Mann
|raw|bussst's rating: 1152 &rarr; <strong>1129</strong><br />(-23 for losing)
|raw|Pis Mann's rating: 1174 &rarr; <strong>1197</strong><br />(+23 for winning)
|l|☆Pis Mann
|player|p2|
|l|☆bussst
|player|p1|
