|j|☆ryzodice-o
|j|☆darkdoug24
|t:|1760846685
|gametype|singles
|player|p1|ryzodice-o|170|1412
|player|p2|darkdoug24|interviewers|1339
|gen|9
|tier|[Gen 9] OU
|rated|
|rule|HP Percentage Mod: HP is shown in percentages
|rule|Endless Battle Clause: Forcing endless battles is banned
|rule|Species Clause: Limit one of each Pokémon
|rule|OHKO Clause: OHKO moves are banned
|rule|Evasion Items Clause: Evasion items are banned
|rule|Evasion Moves Clause: Evasion moves are banned
|rule|Evasion Abilities Clause: Evasion abilities are banned
|rule|Sleep Moves Clause: Sleep-inducing moves are banned
|clearpoke
|poke|p1|Tyranitar, F|
|poke|p1|Excadrill, M|
|poke|p1|Kingambit, M|
|poke|p1|Garchomp, F|
|poke|p1|Pecharunt|
|poke|p1|Rotom-Wash|
|poke|p2|Landorus-Therian, M|
|poke|p2|Samurott-Hisui, F|
|poke|p2|Pecharunt|
|poke|p2|Scizor, M|
|poke|p2|Latios, M|
|poke|p2|Zamazenta-*|
|teampreview
|
|t:|1760846701
|teamsize|p1|6
|teamsize|p2|6
|start
|switch|p1a: Rotom|Rotom-Wash|100/100
|switch|p2a: Samurott|Samurott-Hisui, F|100/100
|turn|1
|
|t:|1760846712
|move|p2a: Samurott|Ceaseless Edge|p1a: Rotom
|-damage|p1a: Rotom|61/100
|-sidestart|p1: ryzodice-o|Spikes
|move|p1a: Rotom|Will-O-Wisp|p2a: Samurott
|-status|p2a: Samurott|brn
|
|-heal|p1a: Rotom|67/100|[from] item: Leftovers
|-damage|p2a: Samurott|94/100 brn|[from] brn
|upkeep
|turn|2
|
|t:|1760846739
|switch|p2a: Latios|Latios, M|100/100
|move|p1a: Rotom|Pain Split|p2a: Latios
|-sethp|p2a: Latios|84/100|[from] move: Pain Split|[silent]
|-sethp|p1a: Rotom|83/100|[from] move: Pain Split
|
|-heal|p1a: Rotom|89/100|[from] item: Leftovers
|upkeep
|turn|3
|
|t:|1760846749
|switch|p1a: Tyranitar|Tyranitar, F|100/100
|-damage|p1a: Tyranitar|88/100|[from] Spikes
|-weather|Sandstorm|[from] ability: Sand Stream|[of] p1a: Tyranitar
|move|p2a: Latios|Calm Mind|p2a: Latios
|-boost|p2a: Latios|spa|1
|-boost|p2a: Latios|spd|1
|
|-weather|Sandstorm|[upkeep]
|-damage|p2a: Latios|78/100|[from] Sandstorm
|upkeep
|turn|4
|
|t:|1760846771
|switch|p2a: Samurott|Samurott-Hisui, F|94/100 brn
|move|p1a: Tyranitar|Thunder Wave||[still]
|-fail|p1a: Tyranitar
|
|-weather|Sandstorm|[upkeep]
|-damage|p2a: Samurott|88/100 brn|[from] Sandstorm
|-damage|p2a: Samurott|82/100 brn|[from] brn
|upkeep
|turn|5
|
|t:|1760846780
|switch|p1a: Rotom|Rotom-Wash|89/100
|move|p2a: Samurott|Ceaseless Edge|p1a: Rotom
|-damage|p1a: Rotom|71/100
|-sidestart|p1: ryzodice-o|Spikes
|
|-weather|Sandstorm|[upkeep]
|-damage|p2a: Samurott|76/100 brn|[from] Sandstorm
|-damage|p1a: Rotom|65/100|[from] Sandstorm
|-heal|p1a: Rotom|71/100|[from] item: Leftovers
|-damage|p2a: Samurott|70/100 brn|[from] brn
|upkeep
|turn|6
|
|t:|1760846789
|move|p2a: Samurott|Knock Off|p1a: Rotom
|-damage|p1a: Rotom|52/100
|-enditem|p1a: Rotom|Leftovers|[from] move: Knock Off|[of] p2a: Samurott
|move|p1a: Rotom|Pain Split|p2a: Samurott
|-sethp|p2a: Samurott|58/100 brn|[from] move: Pain Split|[silent]
|-sethp|p1a: Rotom|65/100|[from] move: Pain Split
|
|-weather|Sandstorm|[upkeep]
|-damage|p2a: Samurott|52/100 brn|[from] Sandstorm
|-damage|p1a: Rotom|59/100|[from] Sandstorm
|-damage|p2a: Samurott|46/100 brn|[from] brn
|upkeep
|turn|7
|
|t:|1760846795
|move|p2a: Samurott|Ceaseless Edge|p1a: Rotom
|-damage|p1a: Rotom|38/100
|-sidestart|p1: ryzodice-o|Spikes
|move|p1a: Rotom|Volt Switch|p2a: Samurott
|-supereffective|p2a: Samurott
|-damage|p2a: Samurott|0 fnt
|faint|p2a: Samurott
|
|t:|1760846799
|switch|p1a: Excadrill|Excadrill, M|100/100|[from] Volt Switch
|-damage|p1a: Excadrill|76/100|[from] Spikes
|
|-weather|Sandstorm|[upkeep]
|upkeep
|
|t:|1760846807
|switch|p2a: Zamazenta|Zamazenta|100/100
|-ability|p2a: Zamazenta|Dauntless Shield|boost
|-boost|p2a: Zamazenta|def|1
|turn|8
|
|t:|1760846823
|move|p1a: Excadrill|Rapid Spin|p2a: Zamazenta
|-damage|p2a: Zamazenta|89/100
|-boost|p1a: Excadrill|spe|1
|-sideend|p1: ryzodice-o|Spikes|[from] move: Rapid Spin|[of] p1a: Excadrill
|-damage|p1a: Excadrill|66/100|[from] item: Life Orb
|move|p2a: Zamazenta|Body Press|p1a: Excadrill
|-supereffective|p1a: Excadrill
|-damage|p1a: Excadrill|0 fnt
|faint|p1a: Excadrill
|
|-weather|Sandstorm|[upkeep]
|-damage|p2a: Zamazenta|83/100|[from] Sandstorm
|-heal|p2a: Zamazenta|89/100|[from] item: Leftovers
|upkeep
|
|t:|1760846826
|switch|p1a: Pecharunt|Pecharunt|100/100
|-item|p1a: Pecharunt|Air Balloon
|turn|9
|
|t:|1760846845
|move|p2a: Zamazenta|Crunch|p1a: Pecharunt
|-supereffective|p1a: Pecharunt
|-damage|p1a: Pecharunt|80/100
|-enditem|p1a: Pecharunt|Air Balloon
|move|p1a: Pecharunt|Shadow Ball|p2a: Zamazenta
|-damage|p2a: Zamazenta|68/100
|
|-weather|Sandstorm|[upkeep]
|-damage|p2a: Zamazenta|62/100|[from] Sandstorm
|-damage|p1a: Pecharunt|74/100|[from] Sandstorm
|-heal|p2a: Zamazenta|68/100|[from] item: Leftovers
|upkeep
|turn|10
|
|t:|1760846868
|switch|p2a: Pecharunt|Pecharunt|100/100
|move|p1a: Pecharunt|Malignant Chain|p2a: Pecharunt
|-resisted|p2a: Pecharunt
|-damage|p2a: Pecharunt|93/100
|
|-weather|none
|upkeep
|turn|11
|
|t:|1760846874
|move|p2a: Pecharunt|Parting Shot|p1a: Pecharunt
|-unboost|p1a: Pecharunt|atk|1
|-unboost|p1a: Pecharunt|spa|1
|
|t:|1760846881
|switch|p2a: Landorus|Landorus-Therian, M|100/100|[from] Parting Shot
|-ability|p2a: Landorus|Intimidate|boost
|-unboost|p1a: Pecharunt|atk|1
|move|p1a: Pecharunt|Parting Shot|p2a: Landorus
|-unboost|p2a: Landorus|atk|1
|-unboost|p2a: Landorus|spa|1
|
|t:|1760846888
|switch|p1a: Rotom|Rotom-Wash|38/100|[from] Parting Shot
|
|upkeep
|turn|12
|
|t:|1760846898
|move|p2a: Landorus|U-turn|p1a: Rotom
|-damage|p1a: Rotom|26/100
|
|t:|1760846904
|switch|p2a: Latios|Latios, M|78/100|[from] U-turn
|move|p1a: Rotom|Pain Split|p2a: Latios
|-sethp|p2a: Latios|52/100|[from] move: Pain Split|[silent]
|-sethp|p1a: Rotom|51/100|[from] move: Pain Split
|
|upkeep
|turn|13
|
|t:|1760846909
|switch|p1a: Tyranitar|Tyranitar, F|88/100
|-weather|Sandstorm|[from] ability: Sand Stream|[of] p1a: Tyranitar
|move|p2a: Latios|Recover|p2a: Latios
|-heal|p2a: Latios|100/100
|
|-weather|Sandstorm|[upkeep]
|-damage|p2a: Latios|95/100|[from] Sandstorm
|upkeep
|turn|14
|
|t:|1760846921
|move|p2a: Latios|Draco Meteor|p1a: Tyranitar
|-damage|p1a: Tyranitar|53/100
|-unboost|p2a: Latios|spa|2
|move|p1a: Tyranitar|Knock Off|p2a: Latios
|-supereffective|p2a: Latios
|-damage|p2a: Latios|0 fnt
|-enditem|p2a: Latios|Soul Dew|[from] move: Knock Off|[of] p1a: Tyranitar
|faint|p2a: Latios
|
|-weather|Sandstorm|[upkeep]
|upkeep
|
|t:|1760846930
|switch|p2a: Zamazenta|Zamazenta|68/100
|turn|15
|
|t:|1760846937
|move|p2a: Zamazenta|Body Press|p1a: Tyranitar
|-supereffective|p1a: Tyranitar
|-damage|p1a: Tyranitar|0 fnt
|faint|p1a: Tyranitar
|
|-weather|Sandstorm|[upkeep]
|-damage|p2a: Zamazenta|62/100|[from] Sandstorm
|-heal|p2a: Zamazenta|68/100|[from] item: Leftovers
|upkeep
|
|t:|1760846944
|switch|p1a: Garchomp|Garchomp, F|100/100
|turn|16
|
|t:|1760846954
|move|p2a: Zamazenta|Iron Defense|p2a: Zamazenta
|-boost|p2a: Zamazenta|def|2
|move|p1a: Garchomp|Scale Shot|p2a: Zamazenta|[miss]
|-miss|p1a: Garchomp|p2a: Zamazenta
|
|-weather|Sandstorm|[upkeep]
|-damage|p2a: Zamazenta|62/100|[from] Sandstorm
|-heal|p2a: Zamazenta|68/100|[from] item: Leftovers
|upkeep
|turn|17
|
|t:|1760846960
|move|p2a: Zamazenta|Iron Defense|p2a: Zamazenta
|-boost|p2a: Zamazenta|def|2
|move|p1a: Garchomp|Swords Dance|p1a: Garchomp
|-boost|p1a: Garchomp|atk|2
|
|-weather|Sandstorm|[upkeep]
|-damage|p2a: Zamazenta|62/100|[from] Sandstorm
|-heal|p2a: Zamazenta|68/100|[from] item: Leftovers
|upkeep
|turn|18
|
|t:|1760846964
|move|p2a: Zamazenta|Body Press|p1a: Garchomp
|-damage|p1a: Garchomp|0 fnt
|-damage|p2a: Zamazenta|56/100|[from] ability: Rough Skin|[of] p1a: Garchomp
|faint|p1a: Garchomp
|
|-weather|Sandstorm|[upkeep]
|-damage|p2a: Zamazenta|50/100|[from] Sandstorm
|-heal|p2a: Zamazenta|56/100|[from] item: Leftovers
|upkeep
|
|t:|1760846967
|switch|p1a: Pecharunt|Pecharunt|74/100
|turn|19
|
|t:|1760846978
|move|p1a: Pecharunt|Shadow Ball|p2a: Zamazenta
|-damage|p2a: Zamazenta|33/100
|move|p2a: Zamazenta|Roar|p1a: Pecharunt
|drag|p1a: Kingambit|Kingambit, M|100/100
|-activate|p1a: Kingambit|ability: Supreme Overlord
|-start|p1a: Kingambit|fallen3|[silent]
|
|-weather|Sandstorm|[upkeep]
|-damage|p2a: Zamazenta|27/100|[from] Sandstorm
|-heal|p2a: Zamazenta|33/100|[from] item: Leftovers
|upkeep
|turn|20
|
|t:|1760846983
|-end|p1a: Kingambit|fallen3|[silent]
|switch|p1a: Pecharunt|Pecharunt|74/100
|move|p2a: Zamazenta|Body Press|p1a: Pecharunt
|-immune|p1a: Pecharunt
|
|-weather|none
|-heal|p2a: Zamazenta|39/100|[from] item: Leftovers
|upkeep
|turn|21
|
|t:|1760847000
|move|p2a: Zamazenta|Crunch|p1a: Pecharunt
|-supereffective|p1a: Pecharunt
|-damage|p1a: Pecharunt|56/100
|move|p1a: Pecharunt|Shadow Ball|p2a: Zamazenta
|-damage|p2a: Zamazenta|16/100
|
|-heal|p2a: Zamazenta|23/100|[from] item: Leftovers
|upkeep
|turn|22
|
|t:|1760847006
|switch|p2a: Pecharunt|Pecharunt|93/100
|move|p1a: Pecharunt|Recover|p1a: Pecharunt
|-heal|p1a: Pecharunt|100/100
|
|upkeep
|turn|23
|
|t:|1760847015
|switch|p1a: Kingambit|Kingambit, M|100/100
|-activate|p1a: Kingambit|ability: Supreme Overlord
|-start|p1a: Kingambit|fallen3|[silent]
|move|p2a: Pecharunt|Shadow Ball|p1a: Kingambit
|-resisted|p1a: Kingambit
|-damage|p1a: Kingambit|88/100
|
|upkeep
|turn|24
|
|t:|1760847022
|move|p2a: Pecharunt|Parting Shot|p1a: Kingambit
|-unboost|p1a: Kingambit|atk|1
|-unboost|p1a: Kingambit|spa|1
|
|t:|1760847027
|switch|p2a: Landorus|Landorus-Therian, M|100/100|[from] Parting Shot
|-ability|p2a: Landorus|Intimidate|boost
|-unboost|p1a: Kingambit|atk|1
|move|p1a: Kingambit|Kowtow Cleave|p2a: Landorus
|-damage|p2a: Landorus|63/100
|-damage|p1a: Kingambit|71/100|[from] item: Rocky Helmet|[of] p2a: Landorus
|
|upkeep
|turn|25
|
|t:|1760847037
|-end|p1a: Kingambit|fallen3|[silent]
|switch|p1a: Rotom|Rotom-Wash|51/100
|move|p2a: Landorus|Stealth Rock|p1a: Rotom
|-sidestart|p1: ryzodice-o|move: Stealth Rock
|
|upkeep
|turn|26
|
|t:|1760847052
|move|p2a: Landorus|U-turn|p1a: Rotom
|-damage|p1a: Rotom|35/100
|
|t:|1760847062
|switch|p2a: Scizor|Scizor, M|100/100|[from] U-turn
|move|p1a: Rotom|Hydro Pump|p2a: Scizor
|-damage|p2a: Scizor|45/100
|
|upkeep
|turn|27
|
|t:|1760847104
|move|p2a: Scizor|Bullet Punch|p1a: Rotom
|-resisted|p1a: Rotom
|-damage|p1a: Rotom|29/100
|move|p1a: Rotom|Hydro Pump|p2a: Scizor
|-crit|p2a: Scizor
|-damage|p2a: Scizor|0 fnt
|faint|p2a: Scizor
|
|upkeep
|
|t:|1760847110
|switch|p2a: Zamazenta|Zamazenta|23/100
|turn|28
|
|t:|1760847116
|switch|p1a: Pecharunt|Pecharunt|100/100
|-damage|p1a: Pecharunt|88/100|[from] Stealth Rock
|move|p2a: Zamazenta|Crunch|p1a: Pecharunt
|-supereffective|p1a: Pecharunt
|-damage|p1a: Pecharunt|68/100
|
|-heal|p2a: Zamazenta|29/100|[from] item: Leftovers
|upkeep
|turn|29
|
|t:|1760847125
|move|p2a: Zamazenta|Crunch|p1a: Pecharunt
|-supereffective|p1a: Pecharunt
|-damage|p1a: Pecharunt|49/100
|move|p1a: Pecharunt|Shadow Ball|p2a: Zamazenta
|-damage|p2a: Zamazenta|7/100
|
|-heal|p2a: Zamazenta|13/100|[from] item: Leftovers
|upkeep
|turn|30
|
|t:|1760847130
|move|p2a: Zamazenta|Crunch|p1a: Pecharunt
|-supereffective|p1a: Pecharunt
|-damage|p1a: Pecharunt|30/100
|move|p1a: Pecharunt|Recover|p1a: Pecharunt
|-heal|p1a: Pecharunt|80/100
|
|-heal|p2a: Zamazenta|19/100|[from] item: Leftovers
|upkeep
|turn|31
|
|t:|1760847133
|move|p2a: Zamazenta|Crunch|p1a: Pecharunt
|-supereffective|p1a: Pecharunt
|-damage|p1a: Pecharunt|60/100
|-unboost|p1a: Pecharunt|def|1
|move|p1a: Pecharunt|Shadow Ball|p2a: Zamazenta
|-damage|p2a: Zamazenta|0 fnt
|faint|p2a: Zamazenta
|
|upkeep
|
|t:|1760847138
|switch|p2a: Landorus|Landorus-Therian, M|63/100
|-ability|p2a: Landorus|Intimidate|boost
|-unboost|p1a: Pecharunt|atk|1
|turn|32
|
|t:|1760847142
|switch|p1a: Rotom|Rotom-Wash|29/100
|-damage|p1a: Rotom|16/100|[from] Stealth Rock
|move|p2a: Landorus|Earthquake|p1a: Rotom
|-immune|p1a: Rotom|[from] ability: Levitate
|
|upkeep
|turn|33
|
|t:|1760847148
|move|p2a: Landorus|Smack Down|p1a: Rotom
|-damage|p1a: Rotom|4/100
|-start|p1a: Rotom|Smack Down
|move|p1a: Rotom|Pain Split|p2a: Landorus
|-sethp|p2a: Landorus|33/100|[from] move: Pain Split|[silent]
|-sethp|p1a: Rotom|42/100|[from] move: Pain Split
|
|upkeep
|turn|34
|
|t:|1760847157
|move|p2a: Landorus|U-turn|p1a: Rotom
|-damage|p1a: Rotom|24/100
|
|t:|1760847160
|switch|p2a: Pecharunt|Pecharunt|93/100|[from] U-turn
|move|p1a: Rotom|Hydro Pump|p2a: Pecharunt|[miss]
|-miss|p1a: Rotom|p2a: Pecharunt
|
|upkeep
|turn|35
|
|t:|1760847171
|move|p2a: Pecharunt|Shadow Ball|p1a: Rotom
|-damage|p1a: Rotom|0 fnt
|faint|p1a: Rotom
|
|upkeep
|
|t:|1760847173
|switch|p1a: Kingambit|Kingambit, M|71/100
|-damage|p1a: Kingambit|65/100|[from] Stealth Rock
|-activate|p1a: Kingambit|ability: Supreme Overlord
|-start|p1a: Kingambit|fallen4|[silent]
|turn|36
|
|t:|1760847185
|move|p2a: Pecharunt|Parting Shot|p1a: Kingambit
|-unboost|p1a: Kingambit|atk|1
|-unboost|p1a: Kingambit|spa|1
|
|t:|1760847190
|switch|p2a: Landorus|Landorus-Therian, M|33/100|[from] Parting Shot
|-ability|p2a: Landorus|Intimidate|boost
|-unboost|p1a: Kingambit|atk|1
|move|p1a: Kingambit|Kowtow Cleave|p2a: Landorus
|-damage|p2a: Landorus|0 fnt
|-damage|p1a: Kingambit|49/100|[from] item: Rocky Helmet|[of] p2a: Landorus
|faint|p2a: Landorus
|
|upkeep
|
|t:|1760847197
|switch|p2a: Pecharunt|Pecharunt|93/100
|turn|37
|
|t:|1760847206
|-end|p1a: Kingambit|fallen4|[silent]
|switch|p1a: Pecharunt|Pecharunt|60/100
|-damage|p1a: Pecharunt|48/100|[from] Stealth Rock
|move|p2a: Pecharunt|Shadow Ball|p1a: Pecharunt
|-supereffective|p1a: Pecharunt
|-damage|p1a: Pecharunt|2/100
|
|upkeep
|turn|38
|
|t:|1760847213
|move|p2a: Pecharunt|Shadow Ball|p1a: Pecharunt
|-supereffective|p1a: Pecharunt
|-damage|p1a: Pecharunt|0 fnt
|faint|p1a: Pecharunt
|
|upkeep
|
|t:|1760847216
|switch|p1a: Kingambit|Kingambit, M|49/100
|-damage|p1a: Kingambit|43/100|[from] Stealth Rock
|-activate|p1a: Kingambit|ability: Supreme Overlord
|-start|p1a: Kingambit|fallen5|[silent]
|turn|39
|
|t:|1760847219
|-terastallize|p1a: Kingambit|Dark
|move|p2a: Pecharunt|Parting Shot|p1a: Kingambit
|-unboost|p1a: Kingambit|atk|1
|-unboost|p1a: Kingambit|spa|1
|move|p1a: Kingambit|Kowtow Cleave|p2a: Pecharunt
|-supereffective|p2a: Pecharunt
|-damage|p2a: Pecharunt|0 fnt
|faint|p2a: Pecharunt
|
|win|ryzodice-o
|raw|ryzodice-o's rating: 1412 &rarr; <strong>1428</strong><br />(+16 for winning)
|raw|darkdoug24's rating: 1339 &rarr; <strong>1323</strong><br />(-16 for losing)
|l|☆darkdoug24
|player|p2|
|l|☆ryzodice-o
|player|p1|
