|j|☆tri644
|j|☆diegoluquechaves
|t:|1760742330
|gametype|singles
|player|p1|tri644|schoolkidf-gen4|1353
|player|p2|diegoluquechaves|102|1384
|gen|9
|tier|[Gen 9] OU
|rated|
|rule|HP Percentage Mod: HP is shown in percentages
|rule|Endless Battle Clause: Forcing endless battles is banned
|rule|Species Clause: Limit one of each Pokémon
|rule|OHKO Clause: OHKO moves are banned
|rule|Evasion Items Clause: Evasion items are banned
|rule|Evasion Moves Clause: Evasion moves are banned
|rule|Evasion Abilities Clause: Evasion abilities are banned
|rule|Sleep Moves Clause: Sleep-inducing moves are banned
|clearpoke
|poke|p1|Weavile, F|
|poke|p1|Scizor, M|
|poke|p1|Kleavor, M|
|poke|p1|Espeon, F|
|poke|p1|Slowbro-Galar, M|
|poke|p1|Zoroark-Hisui, F|
|poke|p2|Hatterene, F|
|poke|p2|Spiritomb, F|
|poke|p2|Ursaluna, M|
|poke|p2|Exeggutor-Alola, F|
|poke|p2|Torkoal, F|
|poke|p2|Slither Wing|
|teampreview
|inactive|Battle timer is ON: inactive players will automatically lose when time's up. (requested by diegoluquechaves)
|
|t:|1760742353
|teamsize|p1|6
|teamsize|p2|6
|start
|switch|p1a: Nagatora|Weavile, F|100/100
|switch|p2a: Spiritomb|Spiritomb, F|100/100
|-ability|p2a: Spiritomb|Pressure
|turn|1
|
|t:|1760742371
|move|p1a: Nagatora|Swords Dance|p1a: Nagatora
|-boost|p1a: Nagatora|atk|2
|move|p2a: Spiritomb|Trick Room|p2a: Spiritomb
|-fieldstart|move: Trick Room|[of] p2a: Spiritomb
|
|upkeep
|turn|2
|
|t:|1760742385
|switch|p2a: Slither Wing|Slither Wing|100/100
|move|p1a: Nagatora|Beat Up|p2a: Slither Wing
|-resisted|p2a: Slither Wing
|-damage|p2a: Slither Wing|92/100
|-resisted|p2a: Slither Wing
|-damage|p2a: Slither Wing|85/100
|-resisted|p2a: Slither Wing
|-damage|p2a: Slither Wing|75/100
|-resisted|p2a: Slither Wing
|-damage|p2a: Slither Wing|66/100
|-resisted|p2a: Slither Wing
|-damage|p2a: Slither Wing|61/100
|-resisted|p2a: Slither Wing
|-damage|p2a: Slither Wing|53/100
|-hitcount|p2a: Slither Wing|6
|
|upkeep
|turn|3
|inactive|tri644 has 120 seconds left.
|
|t:|1760742418
|move|p2a: Slither Wing|First Impression|p1a: Nagatora
|-supereffective|p1a: Nagatora
|-enditem|p1a: Nagatora|Focus Sash
|-damage|p1a: Nagatora|1/100
|-enditem|p2a: Slither Wing|Assault Vest|[silent]|[from] ability: Pickpocket|[of] p2a: Slither Wing
|-item|p1a: Nagatora|Assault Vest|[from] ability: Pickpocket|[of] p2a: Slither Wing
|move|p1a: Nagatora|Beat Up|p2a: Slither Wing
|-resisted|p2a: Slither Wing
|-damage|p2a: Slither Wing|44/100
|-resisted|p2a: Slither Wing
|-damage|p2a: Slither Wing|37/100
|-resisted|p2a: Slither Wing
|-damage|p2a: Slither Wing|27/100
|-resisted|p2a: Slither Wing
|-damage|p2a: Slither Wing|18/100
|-resisted|p2a: Slither Wing
|-damage|p2a: Slither Wing|12/100
|-resisted|p2a: Slither Wing
|-damage|p2a: Slither Wing|5/100
|-hitcount|p2a: Slither Wing|6
|
|upkeep
|turn|4
|
|t:|1760742437
|move|p1a: Nagatora|Ice Shard|p2a: Slither Wing
|-damage|p2a: Slither Wing|0 fnt
|faint|p2a: Slither Wing
|-end|p2a: Slither Wing|Protosynthesis|[silent]
|
|upkeep
|
|t:|1760742442
|switch|p2a: Torkoal|Torkoal, F|100/100
|-weather|SunnyDay|[from] ability: Drought|[of] p2a: Torkoal
|turn|5
|
|t:|1760742453
|move|p2a: Torkoal|Eruption|p1a: Nagatora
|-supereffective|p1a: Nagatora
|-damage|p1a: Nagatora|0 fnt
|faint|p1a: Nagatora
|
|-weather|SunnyDay|[upkeep]
|-fieldend|move: Trick Room
|upkeep
|
|t:|1760742468
|switch|p1a: Io|Espeon, F|100/100
|turn|6
|
|t:|1760742473
|switch|p2a: Spiritomb|Spiritomb, F|100/100
|-ability|p2a: Spiritomb|Pressure
|move|p1a: Io|Power Gem|p2a: Spiritomb
|-damage|p2a: Spiritomb|70/100
|
|-weather|SunnyDay|[upkeep]
|upkeep
|turn|7
|
|t:|1760742488
|move|p1a: Io|Power Gem|p2a: Spiritomb
|-damage|p2a: Spiritomb|41/100
|move|p2a: Spiritomb|Trick Room|p2a: Spiritomb
|-fieldstart|move: Trick Room|[of] p2a: Spiritomb
|
|-weather|SunnyDay|[upkeep]
|upkeep
|turn|8
|
|t:|1760742499
|switch|p2a: Ursaluna|Ursaluna, M|100/100
|switch|p1a: Red|Scizor, M|100/100
|
|-weather|SunnyDay|[upkeep]
|-status|p2a: Ursaluna|brn|[from] item: Flame Orb
|upkeep
|turn|9
|
|t:|1760742515
|move|p1a: Red|Bullet Punch|p2a: Ursaluna
|-damage|p2a: Ursaluna|74/100 brn
|move|p2a: Ursaluna|Facade|p1a: Red
|-resisted|p1a: Red
|-damage|p1a: Red|43/100
|
|-weather|SunnyDay|[upkeep]
|-damage|p2a: Ursaluna|68/100 brn|[from] brn
|upkeep
|turn|10
|
|t:|1760742525
|move|p1a: Red|Bullet Punch|p2a: Ursaluna
|-damage|p2a: Ursaluna|43/100 brn
|move|p2a: Ursaluna|Drain Punch|p1a: Red
|-damage|p1a: Red|1/100
|-heal|p2a: Ursaluna|61/100 brn|[from] drain|[of] p1a: Red
|
|-weather|SunnyDay|[upkeep]
|-damage|p2a: Ursaluna|55/100 brn|[from] brn
|upkeep
|turn|11
|
|t:|1760742536
|move|p1a: Red|Bullet Punch|p2a: Ursaluna
|-damage|p2a: Ursaluna|28/100 brn
|move|p2a: Ursaluna|Drain Punch|p1a: Red
|-crit|p1a: Red
|-damage|p1a: Red|0 fnt
|-heal|p2a: Ursaluna|28/100 brn|[from] drain|[of] p1a: Red
|faint|p1a: Red
|
|-weather|SunnyDay|[upkeep]
|-damage|p2a: Ursaluna|22/100 brn|[from] brn
|-fieldend|move: Trick Room
|upkeep
|
|t:|1760742554
|switch|p1a: Wacky|Kleavor, M|100/100
|turn|12
|
|t:|1760742571
|switch|p2a: Spiritomb|Spiritomb, F|41/100
|-ability|p2a: Spiritomb|Pressure
|move|p1a: Wacky|Stone Axe|p2a: Spiritomb
|-damage|p2a: Spiritomb|0 fnt
|-sidestart|p2: diegoluquechaves|move: Stealth Rock
|faint|p2a: Spiritomb
|
|-weather|none
|upkeep
|
|t:|1760742584
|switch|p2a: Hatterene|Hatterene, F|100/100
|-damage|p2a: Hatterene|88/100|[from] Stealth Rock
|turn|13
|
|t:|1760742593
|-terastallize|p2a: Hatterene|Steel
|move|p1a: Wacky|X-Scissor|p2a: Hatterene
|-resisted|p2a: Hatterene
|-damage|p2a: Hatterene|56/100
|move|p2a: Hatterene|Trick Room|p2a: Hatterene
|-fieldstart|move: Trick Room|[of] p2a: Hatterene
|
|-heal|p2a: Hatterene|62/100|[from] item: Leftovers
|upkeep
|turn|14
|
|t:|1760742608
|switch|p2a: Exeggutor|Exeggutor-Alola, F|100/100
|-damage|p2a: Exeggutor|88/100|[from] Stealth Rock
|move|p1a: Wacky|Close Combat|p2a: Exeggutor
|-damage|p2a: Exeggutor|55/100
|-unboost|p1a: Wacky|def|1
|-unboost|p1a: Wacky|spd|1
|
|upkeep
|turn|15
|
|t:|1760742619
|move|p2a: Exeggutor|Giga Drain|p1a: Wacky
|-damage|p1a: Wacky|23/100
|-heal|p2a: Exeggutor|90/100|[from] drain|[of] p1a: Wacky
|move|p1a: Wacky|X-Scissor|p2a: Exeggutor
|-supereffective|p2a: Exeggutor
|-damage|p2a: Exeggutor|0 fnt
|faint|p2a: Exeggutor
|
|upkeep
|
|t:|1760742629
|switch|p2a: Torkoal|Torkoal, F|100/100
|-damage|p2a: Torkoal|76/100|[from] Stealth Rock
|-weather|SunnyDay|[from] ability: Drought|[of] p2a: Torkoal
|turn|16
|
|t:|1760742639
|move|p2a: Torkoal|Eruption|p1a: Wacky
|-damage|p1a: Wacky|0 fnt
|faint|p1a: Wacky
|
|-weather|SunnyDay|[upkeep]
|upkeep
|
|t:|1760742653
|switch|p1a: Io|Espeon, F|100/100
|turn|17
|
|t:|1760742663
|move|p2a: Torkoal|Eruption|p1a: Io
|-damage|p1a: Io|7/100
|move|p1a: Io|Psychic Noise|p2a: Torkoal
|-damage|p2a: Torkoal|28/100
|-start|p2a: Torkoal|move: Heal Block
|
|-weather|SunnyDay|[upkeep]
|-fieldend|move: Trick Room
|upkeep
|turn|18
|
|t:|1760742675
|move|p1a: Io|Shadow Ball|p2a: Torkoal
|-damage|p2a: Torkoal|0 fnt
|faint|p2a: Torkoal
|
|-weather|SunnyDay|[upkeep]
|upkeep
|
|t:|1760742683
|switch|p2a: Hatterene|Hatterene, F, tera:Steel|62/100
|-damage|p2a: Hatterene|56/100|[from] Stealth Rock
|turn|19
|
|t:|1760742688
|move|p1a: Io|Psychic Noise|p2a: Hatterene
|-resisted|p2a: Hatterene
|-damage|p2a: Hatterene|37/100
|-start|p2a: Hatterene|move: Heal Block
|move|p2a: Hatterene|Trick Room|p2a: Hatterene
|-fieldstart|move: Trick Room|[of] p2a: Hatterene
|
|-weather|SunnyDay|[upkeep]
|upkeep
|turn|20
|
|t:|1760742700
|move|p2a: Hatterene|Psychic Noise|p1a: Io
|-resisted|p1a: Io
|-damage|p1a: Io|0 fnt
|faint|p1a: Io
|
|-weather|SunnyDay|[upkeep]
|-end|p2a: Hatterene|move: Heal Block
|upkeep
|
|t:|1760742715
|switch|p1a: Galley|Slowbro-Galar, M, shiny|100/100
|turn|21
|
|t:|1760742721
|move|p2a: Hatterene|Healing Wish|p2a: Hatterene
|faint|p2a: Hatterene
|move|p1a: Galley|Flamethrower|p2: Hatterene|[notarget]
|-fail|p1a: Galley
|
|-weather|SunnyDay|[upkeep]
|upkeep
|
|t:|1760742727
|switch|p2a: Ursaluna|Ursaluna, M|22/100 brn
|-heal|p2a: Ursaluna|100/100|[from] move: Healing Wish
|-damage|p2a: Ursaluna|94/100|[from] Stealth Rock
|turn|22
|-activate|p1a: Galley|ability: Quick Draw
|
|t:|1760742735
|move|p1a: Galley|Ice Beam|p2a: Ursaluna
|-supereffective|p2a: Ursaluna
|-damage|p2a: Ursaluna|59/100
|move|p2a: Ursaluna|Headlong Rush|p1a: Galley
|-supereffective|p1a: Galley
|-damage|p1a: Galley|0 fnt
|-unboost|p2a: Ursaluna|def|1
|-unboost|p2a: Ursaluna|spd|1
|faint|p1a: Galley
|
|-weather|SunnyDay|[upkeep]
|-status|p2a: Ursaluna|brn|[from] item: Flame Orb
|upkeep
|
|t:|1760742742
|switch|p1a: Sia|Zoroark-Hisui, F|100/100
|turn|23
|
|t:|1760742753
|move|p2a: Ursaluna|Headlong Rush|p1a: Sia
|-enditem|p1a: Sia|Focus Sash
|-damage|p1a: Sia|1/100
|-unboost|p2a: Ursaluna|def|1
|-unboost|p2a: Ursaluna|spd|1
|move|p1a: Sia|Flamethrower|p2a: Ursaluna
|-damage|p2a: Ursaluna|0 fnt
|faint|p2a: Ursaluna
|
|win|tri644
|raw|tri644's rating: 1353 &rarr; <strong>1375</strong><br />(+22 for winning)
|raw|diegoluquechaves's rating: 1384 &rarr; <strong>1362</strong><br />(-22 for losing)
|l|☆tri644
|player|p1|
|c|☆diegoluquechaves|Sash in two Pokémons
|l|☆diegoluquechaves
|player|p2|
