|j|☆BigBadDragon98
|j|☆lightcord
|t:|1760779873
|gametype|singles
|player|p1|BigBadDragon98|red|1157
|player|p2|lightcord|102|1070
|gen|9
|tier|[Gen 9] OU
|rated|
|rule|HP Percentage Mod: HP is shown in percentages
|rule|Endless Battle Clause: Forcing endless battles is banned
|rule|Species Clause: Limit one of each Pokémon
|rule|OHKO Clause: OHKO moves are banned
|rule|Evasion Items Clause: Evasion items are banned
|rule|Evasion Moves Clause: Evasion moves are banned
|rule|Evasion Abilities Clause: Evasion abilities are banned
|rule|Sleep Moves Clause: Sleep-inducing moves are banned
|clearpoke
|poke|p1|Gholdengo|
|poke|p1|Dragapult, M|
|poke|p1|Houndstone, M|
|poke|p1|Skeledirge, M|
|poke|p1|Gengar, M|
|poke|p1|Ceruledge, M|
|poke|p2|Darkrai|
|poke|p2|Kyurem|
|poke|p2|Pelipper, M|
|poke|p2|Dragapult, F|
|poke|p2|Tornadus-Therian, M|
|poke|p2|Gliscor, F|
|teampreview
|inactive|Battle timer is ON: inactive players will automatically lose when time's up. (requested by BigBadDragon98)
|
|t:|1760779895
|teamsize|p1|6
|teamsize|p2|6
|start
|switch|p1a: Gholdengo|Gholdengo|100/100
|switch|p2a: Gliscor|Gliscor, F|100/100
|turn|1
|
|t:|1760779902
|switch|p1a: Houndstone|Houndstone, M|100/100
|move|p2a: Gliscor|Earthquake|p1a: Houndstone
|-damage|p1a: Houndstone|69/100
|
|-heal|p1a: Houndstone|75/100|[from] item: Leftovers
|upkeep
|turn|2
|
|t:|1760779912
|switch|p2a: Darkrai|Darkrai|100/100
|move|p1a: Houndstone|Will-O-Wisp|p2a: Darkrai
|-status|p2a: Darkrai|brn
|
|-heal|p1a: Houndstone|81/100|[from] item: Leftovers
|-damage|p2a: Darkrai|94/100 brn|[from] brn
|upkeep
|turn|3
|
|t:|1760779923
|switch|p1a: Skeledirge|Skeledirge, M|100/100
|move|p2a: Darkrai|Dark Pulse|p1a: Skeledirge
|-supereffective|p1a: Skeledirge
|-damage|p1a: Skeledirge|5/100
|
|-damage|p2a: Darkrai|88/100 brn|[from] brn
|upkeep
|turn|4
|
|t:|1760779933
|move|p2a: Darkrai|Dark Pulse|p1a: Skeledirge
|-supereffective|p1a: Skeledirge
|-damage|p1a: Skeledirge|0 fnt
|faint|p1a: Skeledirge
|
|-damage|p2a: Darkrai|82/100 brn|[from] brn
|upkeep
|
|t:|1760779941
|switch|p1a: Dragapult|Dragapult, M|100/100
|turn|5
|
|t:|1760779949
|-terastallize|p1a: Dragapult|Fairy
|move|p1a: Dragapult|Dragon Darts|p2a: Darkrai
|-damage|p2a: Darkrai|47/100 brn
|-anim|p1a: Dragapult|Dragon Darts|p2a: Darkrai
|-damage|p2a: Darkrai|13/100 brn
|-damage|p1a: Dragapult|91/100|[from] item: Life Orb
|move|p2a: Darkrai|Dark Pulse|p1a: Dragapult
|-resisted|p1a: Dragapult
|-damage|p1a: Dragapult|49/100
|
|-damage|p2a: Darkrai|7/100 brn|[from] brn
|upkeep
|turn|6
|
|t:|1760779964
|move|p1a: Dragapult|Dragon Darts|p2a: Darkrai
|-damage|p2a: Darkrai|0 fnt
|faint|p2a: Darkrai
|-damage|p1a: Dragapult|39/100|[from] item: Life Orb
|
|upkeep
|
|t:|1760779970
|switch|p2a: Kyurem|Kyurem|100/100
|-ability|p2a: Kyurem|Pressure
|turn|7
|
|t:|1760779976
|move|p2a: Kyurem|Freeze-Dry|p1a: Dragapult
|-damage|p1a: Dragapult|0 fnt
|faint|p1a: Dragapult
|
|upkeep
|
|t:|1760779981
|switch|p1a: Ceruledge|Ceruledge, M|100/100
|turn|8
|
|t:|1760779986
|switch|p2a: Pelipper|Pelipper, M|100/100
|-weather|RainDance|[from] ability: Drizzle|[of] p2a: Pelipper
|move|p1a: Ceruledge|Swords Dance|p1a: Ceruledge
|-boost|p1a: Ceruledge|atk|2
|
|-weather|RainDance|[upkeep]
|upkeep
|turn|9
|
|t:|1760779995
|move|p1a: Ceruledge|Swords Dance|p1a: Ceruledge
|-boost|p1a: Ceruledge|atk|2
|move|p2a: Pelipper|Chilling Water|p1a: Ceruledge
|-supereffective|p1a: Ceruledge
|-damage|p1a: Ceruledge|17/100
|-unboost|p1a: Ceruledge|atk|1
|
|-weather|RainDance|[upkeep]
|upkeep
|turn|10
|
|t:|1760780005
|move|p1a: Ceruledge|Shadow Sneak|p2a: Pelipper
|-damage|p2a: Pelipper|48/100
|move|p2a: Pelipper|Chilling Water|p1a: Ceruledge
|-supereffective|p1a: Ceruledge
|-damage|p1a: Ceruledge|0 fnt
|faint|p1a: Ceruledge
|
|-weather|RainDance|[upkeep]
|upkeep
|
|t:|1760780015
|switch|p1a: Gengar|Gengar, M|100/100
|turn|11
|
|t:|1760780021
|move|p1a: Gengar|Shadow Ball|p2a: Pelipper
|-damage|p2a: Pelipper|0 fnt
|faint|p2a: Pelipper
|
|-weather|RainDance|[upkeep]
|upkeep
|
|t:|1760780035
|switch|p2a: Dragapult|Dragapult, F|100/100
|turn|12
|
|t:|1760780046
|move|p2a: Dragapult|Sucker Punch|p1a: Gengar
|-supereffective|p1a: Gengar
|-damage|p1a: Gengar|0 fnt
|faint|p1a: Gengar
|-damage|p2a: Dragapult|91/100|[from] item: Life Orb
|
|-weather|RainDance|[upkeep]
|upkeep
|
|t:|1760780053
|switch|p1a: Gholdengo|Gholdengo|100/100
|turn|13
|
|t:|1760780058
|move|p2a: Dragapult|Dragon Dance|p2a: Dragapult
|-boost|p2a: Dragapult|atk|1
|-boost|p2a: Dragapult|spe|1
|move|p1a: Gholdengo|Dazzling Gleam|p2a: Dragapult
|-supereffective|p2a: Dragapult
|-damage|p2a: Dragapult|17/100
|
|-weather|RainDance|[upkeep]
|upkeep
|turn|14
|
|t:|1760780067
|move|p2a: Dragapult|Sucker Punch|p1a: Gholdengo
|-supereffective|p1a: Gholdengo
|-damage|p1a: Gholdengo|0 fnt
|faint|p1a: Gholdengo
|-damage|p2a: Dragapult|7/100|[from] item: Life Orb
|
|-weather|RainDance|[upkeep]
|upkeep
|-message|BigBadDragon98 forfeited.
|
|win|lightcord
|raw|BigBadDragon98's rating: 1157 &rarr; <strong>1126</strong><br />(-31 for losing)
|raw|lightcord's rating: 1070 &rarr; <strong>1107</strong><br />(+37 for winning)
|l|☆BigBadDragon98
|player|p1|
|l|☆lightcord
|player|p2|
