|j|☆CheifTheWalrus
|j|☆WSJDHDJL3333
|t:|1760754189
|gametype|singles
|player|p1|CheifTheWalrus|alder|1148
|player|p2|WSJDHDJL3333|2|1202
|gen|9
|tier|[Gen 9] OU
|rated|
|rule|HP Percentage Mod: HP is shown in percentages
|rule|Endless Battle Clause: Forcing endless battles is banned
|rule|Species Clause: Limit one of each Pokémon
|rule|OHKO Clause: OHKO moves are banned
|rule|Evasion Items Clause: Evasion items are banned
|rule|Evasion Moves Clause: Evasion moves are banned
|rule|Evasion Abilities Clause: Evasion abilities are banned
|rule|Sleep Moves Clause: Sleep-inducing moves are banned
|clearpoke
|poke|p1|Swalot, M|
|poke|p1|Necrozma|
|poke|p1|Glimmora, M|
|poke|p1|Thundurus, M|
|poke|p1|Kingdra, M|
|poke|p1|Hoopa|
|poke|p2|Dragapult, F|
|poke|p2|Dragonite, F|
|poke|p2|Ting-Lu|
|poke|p2|Weezing-Galar, F|
|poke|p2|Iron Crown|
|poke|p2|Zapdos|
|teampreview
|inactive|Battle timer is ON: inactive players will automatically lose when time's up. (requested by CheifTheWalrus)
|inactive|WSJDHDJL3333 has 120 seconds left.
|
|t:|1760754222
|teamsize|p1|6
|teamsize|p2|6
|start
|switch|p1a: Registered Firearm|Kingdra, M, shiny|100/100
|switch|p2a: Dragapult|Dragapult, F|100/100
|turn|1
|
|t:|1760754233
|-terastallize|p1a: Registered Firearm|Steel
|move|p2a: Dragapult|Dragon Darts|p1a: Registered Firearm
|-resisted|p1a: Registered Firearm
|-damage|p1a: Registered Firearm|89/100
|-anim|p2a: Dragapult|Dragon Darts|p1a: Registered Firearm
|-resisted|p1a: Registered Firearm
|-damage|p1a: Registered Firearm|77/100
|move|p1a: Registered Firearm|Focus Energy|p1a: Registered Firearm
|-start|p1a: Registered Firearm|move: Focus Energy
|
|upkeep
|turn|2
|
|t:|1760754251
|switch|p2a: Ting-Lu|Ting-Lu|100/100
|-ability|p2a: Ting-Lu|Vessel of Ruin
|move|p1a: Registered Firearm|Draco Meteor|p2a: Ting-Lu
|-crit|p2a: Ting-Lu
|-damage|p2a: Ting-Lu|51/100
|-unboost|p1a: Registered Firearm|spa|2
|
|-heal|p2a: Ting-Lu|57/100|[from] item: Leftovers
|upkeep
|turn|3
|
|t:|1760754268
|-terastallize|p2a: Ting-Lu|Water
|move|p1a: Registered Firearm|Draco Meteor|p2a: Ting-Lu
|-crit|p2a: Ting-Lu
|-damage|p2a: Ting-Lu|8/100
|-unboost|p1a: Registered Firearm|spa|2
|move|p2a: Ting-Lu|Earthquake|p1a: Registered Firearm
|-supereffective|p1a: Registered Firearm
|-damage|p1a: Registered Firearm|0 fnt
|faint|p1a: Registered Firearm
|
|-heal|p2a: Ting-Lu|14/100|[from] item: Leftovers
|upkeep
|
|t:|1760754279
|switch|p1a: Mango|Glimmora, M|100/100
|turn|4
|
|t:|1760754291
|move|p1a: Mango|Meteor Beam||[still]
|-prepare|p1a: Mango|Meteor Beam
|-boost|p1a: Mango|spa|1
|-enditem|p1a: Mango|Power Herb
|-anim|p1a: Mango|Meteor Beam|p2a: Ting-Lu
|-damage|p2a: Ting-Lu|0 fnt
|faint|p2a: Ting-Lu
|
|upkeep
|
|t:|1760754301
|switch|p2a: Zapdos|Zapdos|100/100
|turn|5
|
|t:|1760754306
|move|p2a: Zapdos|Hurricane|p1a: Mango|[miss]
|-miss|p2a: Zapdos|p1a: Mango
|move|p1a: Mango|Sludge Wave|p2a: Zapdos
|-damage|p2a: Zapdos|13/100
|
|upkeep
|turn|6
|
|t:|1760754314
|move|p2a: Zapdos|Hurricane|p1a: Mango|[miss]
|-miss|p2a: Zapdos|p1a: Mango
|move|p1a: Mango|Sludge Wave|p2a: Zapdos
|-damage|p2a: Zapdos|0 fnt
|faint|p2a: Zapdos
|
|upkeep
|
|t:|1760754320
|switch|p2a: Iron Crown|Iron Crown|100/100
|turn|7
|
|t:|1760754326
|move|p2a: Iron Crown|Tachyon Cutter|p1a: Mango
|-supereffective|p1a: Mango
|-damage|p1a: Mango|0 fnt
|faint|p1a: Mango
|-hitcount|p1: Mango|1
|
|upkeep
|
|t:|1760754333
|switch|p1a: друг|Necrozma|100/100
|turn|8
|
|t:|1760754339
|move|p2a: Iron Crown|Tachyon Cutter|p1a: друг
|-damage|p1a: друг|67/100
|-damage|p1a: друг|32/100
|-hitcount|p1a: друг|2
|move|p1a: друг|Calm Mind|p1a: друг
|-boost|p1a: друг|spa|1
|-boost|p1a: друг|spd|1
|
|upkeep
|turn|9
|
|t:|1760754346
|move|p2a: Iron Crown|Tachyon Cutter|p1a: друг
|-damage|p1a: друг|11/100
|-damage|p1a: друг|0 fnt
|faint|p1a: друг
|-hitcount|p1: друг|2
|
|upkeep
|
|t:|1760754354
|switch|p1a: Rod|Thundurus, M|100/100
|turn|10
|
|t:|1760754372
|move|p1a: Rod|Swagger|p2a: Iron Crown
|-boost|p2a: Iron Crown|atk|2
|-start|p2a: Iron Crown|confusion
|-enditem|p1a: Rod|Mirror Herb
|-boost|p1a: Rod|atk|2|[from] item: Mirror Herb
|-activate|p2a: Iron Crown|confusion
|move|p2a: Iron Crown|Tachyon Cutter|p1a: Rod
|-resisted|p1a: Rod
|-damage|p1a: Rod|76/100
|-resisted|p1a: Rod
|-damage|p1a: Rod|50/100
|-hitcount|p1a: Rod|2
|
|upkeep
|turn|11
|inactive|CheifTheWalrus has 120 seconds left.
|
|t:|1760754404
|move|p1a: Rod|Knock Off|p2a: Iron Crown
|-supereffective|p2a: Iron Crown
|-damage|p2a: Iron Crown|0 fnt
|-enditem|p2a: Iron Crown|Choice Specs|[from] move: Knock Off|[of] p1a: Rod
|faint|p2a: Iron Crown
|-end|p2a: Iron Crown|Quark Drive|[silent]
|
|upkeep
|inactive|WSJDHDJL3333 has 120 seconds left.
|
|t:|1760754429
|switch|p2a: Dragapult|Dragapult, F|100/100
|turn|12
|
|t:|1760754436
|move|p2a: Dragapult|Dragon Darts|p1a: Rod
|-damage|p1a: Rod|19/100
|-anim|p2a: Dragapult|Dragon Darts|p1a: Rod
|-damage|p1a: Rod|0 fnt
|faint|p1a: Rod
|
|upkeep
|
|t:|1760754441
|switch|p1a: Get It?|Swalot, M|100/100
|turn|13
|
|t:|1760754450
|move|p2a: Dragapult|U-turn|p1a: Get It?
|-resisted|p1a: Get It?
|-crit|p1a: Get It?
|-damage|p1a: Get It?|88/100
|
|t:|1760754454
|switch|p2a: Weezing|Weezing-Galar, F|100/100|[from] U-turn
|-ability|p2a: Weezing|Neutralizing Gas
|move|p1a: Get It?|Stuff Cheeks|p1a: Get It?
|-boost|p1a: Get It?|def|2
|-enditem|p1a: Get It?|Petaya Berry|[eat]
|-boost|p1a: Get It?|spa|1|[from] item: Petaya Berry
|
|upkeep
|turn|14
|
|t:|1760754463
|move|p2a: Weezing|Will-O-Wisp|p1a: Get It?
|-status|p1a: Get It?|brn
|move|p1a: Get It?|Belch|p2a: Weezing
|-damage|p2a: Weezing|18/100
|
|-damage|p1a: Get It?|82/100 brn|[from] brn
|upkeep
|turn|15
|
|t:|1760754474
|move|p2a: Weezing|Pain Split|p1a: Get It?
|-sethp|p1a: Get It?|50/100 brn|[from] move: Pain Split|[silent]
|-sethp|p2a: Weezing|51/100|[from] move: Pain Split
|move|p1a: Get It?|Belch|p2a: Weezing
|-damage|p2a: Weezing|0 fnt
|faint|p2a: Weezing
|-end|p2a: Weezing|ability: Neutralizing Gas
|
|-damage|p1a: Get It?|44/100 brn|[from] brn
|upkeep
|
|t:|1760754482
|switch|p2a: Dragonite|Dragonite, F|100/100
|turn|16
|
|t:|1760754485
|move|p2a: Dragonite|Dragon Dance|p2a: Dragonite
|-boost|p2a: Dragonite|atk|1
|-boost|p2a: Dragonite|spe|1
|move|p1a: Get It?|Ice Beam|p2a: Dragonite
|-supereffective|p2a: Dragonite
|-crit|p2a: Dragonite
|-damage|p2a: Dragonite|5/100
|-status|p2a: Dragonite|frz
|
|-damage|p1a: Get It?|38/100 brn|[from] brn
|upkeep
|turn|17
|
|t:|1760754497
|cant|p2a: Dragonite|frz
|move|p1a: Get It?|Ice Beam|p2a: Dragonite
|-supereffective|p2a: Dragonite
|-damage|p2a: Dragonite|0 fnt
|faint|p2a: Dragonite
|
|-damage|p1a: Get It?|31/100 brn|[from] brn
|upkeep
|
|t:|1760754502
|switch|p2a: Dragapult|Dragapult, F|100/100
|turn|18
|
|t:|1760754505
|move|p2a: Dragapult|Hex|p1a: Get It?
|-damage|p1a: Get It?|0 fnt
|faint|p1a: Get It?
|
|upkeep
|
|t:|1760754510
|switch|p1a: Towel Holder|Hoopa|100/100
|turn|19
|
|t:|1760754527
|move|p2a: Dragapult|Hex|p1a: Towel Holder
|-supereffective|p1a: Towel Holder
|-damage|p1a: Towel Holder|25/100
|-enditem|p1a: Towel Holder|Sitrus Berry|[eat]
|-heal|p1a: Towel Holder|50/100|[from] item: Sitrus Berry
|move|p1a: Towel Holder|Shadow Ball|p2a: Dragapult
|-supereffective|p2a: Dragapult
|-damage|p2a: Dragapult|0 fnt
|faint|p2a: Dragapult
|-item|p1a: Towel Holder|Heavy-Duty Boots|[from] ability: Magician|[of] p2: Dragapult
|
|win|CheifTheWalrus
|raw|CheifTheWalrus's rating: 1148 &rarr; <strong>1177</strong><br />(+29 for winning)
|raw|WSJDHDJL3333's rating: 1202 &rarr; <strong>1173</strong><br />(-29 for losing)
|c|☆CheifTheWalrus|my goat
|l|☆WSJDHDJL3333
|player|p2|
|l|☆CheifTheWalrus
|player|p1|
