|j|☆DDanMurp
|j|☆jfkkkkf
|t:|1760809498
|gametype|singles
|player|p1|DDanMurp|1|1383
|player|p2|jfkkkkf|169|1440
|gen|9
|tier|[Gen 9] OU
|rated|
|rule|HP Percentage Mod: HP is shown in percentages
|rule|Endless Battle Clause: Forcing endless battles is banned
|rule|Species Clause: Limit one of each Pokémon
|rule|OHKO Clause: OHKO moves are banned
|rule|Evasion Items Clause: Evasion items are banned
|rule|Evasion Moves Clause: Evasion moves are banned
|rule|Evasion Abilities Clause: Evasion abilities are banned
|rule|Sleep Moves Clause: Sleep-inducing moves are banned
|clearpoke
|poke|p1|Thundurus, M|
|poke|p1|Iron Valiant|
|poke|p1|Iron Treads|
|poke|p1|Raging Bolt|
|poke|p1|Iron Hands|
|poke|p1|Iron Leaves|
|poke|p2|Samurott-Hisui, F|
|poke|p2|Great Tusk|
|poke|p2|Sinistcha|
|poke|p2|Chansey, F|
|poke|p2|Hatterene, F|
|poke|p2|Ogerpon-Wellspring, F|
|teampreview
|
|t:|1760809512
|teamsize|p1|6
|teamsize|p2|6
|start
|switch|p1a: HeHeHeHa!|Thundurus, M|100/100
|switch|p2a: Samurott|Samurott-Hisui, F|100/100
|turn|1
|
|t:|1760809521
|switch|p2a: Great Tusk|Great Tusk|100/100
|move|p1a: HeHeHeHa!|Electric Terrain|p1a: HeHeHeHa!
|-fieldstart|move: Electric Terrain
|
|upkeep
|turn|2
|
|t:|1760809535
|move|p1a: HeHeHeHa!|U-turn|p2a: Great Tusk
|-resisted|p2a: Great Tusk
|-damage|p2a: Great Tusk|93/100
|
|t:|1760809542
|switch|p1a: Iron Valiant|Iron Valiant|100/100|[from] U-turn
|-activate|p1a: Iron Valiant|ability: Quark Drive
|-start|p1a: Iron Valiant|quarkdrivespe
|move|p2a: Great Tusk|Knock Off|p1a: Iron Valiant
|-resisted|p1a: Iron Valiant
|-damage|p1a: Iron Valiant|89/100
|-enditem|p1a: Iron Valiant|Choice Specs|[from] move: Knock Off|[of] p2a: Great Tusk
|
|upkeep
|turn|3
|
|t:|1760809552
|-end|p2a: Great Tusk|Protosynthesis|[silent]
|switch|p2a: Chansey|Chansey, F|100/100
|move|p1a: Iron Valiant|Moonblast|p2a: Chansey
|-damage|p2a: Chansey|85/100
|-unboost|p2a: Chansey|spa|1
|
|upkeep
|turn|4
|
|t:|1760809560
|-end|p1a: Iron Valiant|Quark Drive|[silent]
|switch|p1a: Iron Hands|Iron Hands|100/100
|-activate|p1a: Iron Hands|ability: Quark Drive
|-start|p1a: Iron Hands|quarkdriveatk
|move|p2a: Chansey|Stealth Rock|p1a: Iron Hands
|-sidestart|p1: DDanMurp|move: Stealth Rock
|
|upkeep
|turn|5
|
|t:|1760809570
|switch|p2a: Sinistcha|Sinistcha|100/100
|move|p1a: Iron Hands|Swords Dance|p1a: Iron Hands
|-boost|p1a: Iron Hands|atk|2
|
|upkeep
|turn|6
|
|t:|1760809577
|move|p2a: Sinistcha|Strength Sap|p1a: Iron Hands
|-unboost|p1a: Iron Hands|atk|1
|move|p1a: Iron Hands|Ice Punch|p2a: Sinistcha
|-supereffective|p2a: Sinistcha
|-damage|p2a: Sinistcha|7/100
|
|-heal|p2a: Sinistcha|14/100|[from] item: Leftovers
|upkeep
|turn|7
|
|t:|1760809586
|-end|p1a: Iron Hands|Quark Drive|[silent]
|switch|p1a: Iron Valiant|Iron Valiant|89/100
|-damage|p1a: Iron Valiant|83/100|[from] Stealth Rock
|-activate|p1a: Iron Valiant|ability: Quark Drive
|-start|p1a: Iron Valiant|quarkdrivespe
|move|p2a: Sinistcha|Strength Sap|p1a: Iron Valiant
|-unboost|p1a: Iron Valiant|atk|1
|-heal|p2a: Sinistcha|82/100
|
|-heal|p2a: Sinistcha|88/100|[from] item: Leftovers
|upkeep
|turn|8
|
|t:|1760809599
|switch|p2a: Chansey|Chansey, F|85/100
|move|p1a: Iron Valiant|Shadow Ball|p2a: Chansey
|-immune|p2a: Chansey
|
|-fieldend|move: Electric Terrain
|-end|p1a: Iron Valiant|Quark Drive
|upkeep
|turn|9
|
|t:|1760809613
|-end|p1a: Iron Valiant|Quark Drive|[silent]
|switch|p1a: Iron Hands|Iron Hands|100/100
|-damage|p1a: Iron Hands|94/100|[from] Stealth Rock
|switch|p2a: Hatterene|Hatterene, F|100/100
|
|upkeep
|turn|10
|
|t:|1760809625
|-end|p1a: Iron Hands|Quark Drive|[silent]
|switch|p1a: Iron Treads|Iron Treads|100/100
|-damage|p1a: Iron Treads|97/100|[from] Stealth Rock
|move|p2a: Hatterene|Draining Kiss|p1a: Iron Treads
|-resisted|p1a: Iron Treads
|-damage|p1a: Iron Treads|75/100
|
|-heal|p1a: Iron Treads|81/100|[from] item: Leftovers
|upkeep
|turn|11
|
|t:|1760809636
|-end|p1a: Iron Treads|Quark Drive|[silent]
|switch|p1a: Iron Valiant|Iron Valiant|83/100
|-damage|p1a: Iron Valiant|77/100|[from] Stealth Rock
|switch|p2a: Sinistcha|Sinistcha|88/100
|
|-heal|p2a: Sinistcha|94/100|[from] item: Leftovers
|upkeep
|turn|12
|
|t:|1760809645
|switch|p2a: Chansey|Chansey, F|85/100
|move|p1a: Iron Valiant|Shadow Ball|p2a: Chansey
|-immune|p2a: Chansey
|
|upkeep
|turn|13
|
|t:|1760809653
|switch|p2a: Samurott|Samurott-Hisui, F|100/100
|move|p1a: Iron Valiant|Shadow Ball|p2a: Samurott
|-resisted|p2a: Samurott
|-damage|p2a: Samurott|88/100
|
|upkeep
|turn|14
|
|t:|1760809667
|-end|p1a: Iron Valiant|Quark Drive|[silent]
|switch|p1a: Iron Hands|Iron Hands|94/100
|-damage|p1a: Iron Hands|88/100|[from] Stealth Rock
|-terastallize|p2a: Samurott|Steel
|move|p2a: Samurott|Ceaseless Edge|p1a: Iron Hands
|-resisted|p1a: Iron Hands
|-damage|p1a: Iron Hands|75/100
|-sidestart|p1: DDanMurp|Spikes
|
|upkeep
|turn|15
|
|t:|1760809678
|move|p2a: Samurott|Flip Turn|p1a: Iron Hands
|-damage|p1a: Iron Hands|58/100
|
|t:|1760809681
|switch|p2a: Sinistcha|Sinistcha|94/100|[from] Flip Turn
|move|p1a: Iron Hands|Ice Punch|p2a: Sinistcha
|-supereffective|p2a: Sinistcha
|-damage|p2a: Sinistcha|45/100
|-status|p2a: Sinistcha|frz
|
|-heal|p2a: Sinistcha|51/100 frz|[from] item: Leftovers
|upkeep
|turn|16
|
|t:|1760809692
|switch|p2a: Ogerpon|Ogerpon-Wellspring, F|100/100
|move|p1a: Iron Hands|Ice Punch|p2a: Ogerpon
|-damage|p2a: Ogerpon|61/100
|
|upkeep
|turn|17
|
|t:|1760809701
|move|p2a: Ogerpon|Ivy Cudgel|p1a: Iron Hands|[anim] Ivy Cudgel Water
|-damage|p1a: Iron Hands|26/100
|move|p1a: Iron Hands|Drain Punch|p2a: Ogerpon
|-damage|p2a: Ogerpon|0 fnt
|-heal|p1a: Iron Hands|47/100|[from] drain|[of] p2a: Ogerpon
|faint|p2a: Ogerpon
|
|upkeep
|
|t:|1760809711
|switch|p2a: Great Tusk|Great Tusk|93/100
|turn|18
|
|t:|1760809715
|-end|p1a: Iron Hands|Quark Drive|[silent]
|switch|p1a: HeHeHeHa!|Thundurus, M|100/100
|-damage|p1a: HeHeHeHa!|75/100|[from] Stealth Rock
|move|p2a: Great Tusk|Rapid Spin|p1a: HeHeHeHa!
|-damage|p1a: HeHeHeHa!|44/100
|-boost|p2a: Great Tusk|spe|1
|
|upkeep
|turn|19
|
|t:|1760809728
|move|p1a: HeHeHeHa!|Electric Terrain|p1a: HeHeHeHa!
|-fieldstart|move: Electric Terrain
|move|p2a: Great Tusk|Rapid Spin|p1a: HeHeHeHa!
|-damage|p1a: HeHeHeHa!|17/100
|-boost|p2a: Great Tusk|spe|1
|
|upkeep
|turn|20
|
|t:|1760809737
|move|p2a: Great Tusk|Rapid Spin|p1a: HeHeHeHa!
|-damage|p1a: HeHeHeHa!|0 fnt
|-boost|p2a: Great Tusk|spe|1
|faint|p1a: HeHeHeHa!
|
|upkeep
|
|t:|1760809740
|switch|p1a: Iron Leaves|Iron Leaves|100/100
|-damage|p1a: Iron Leaves|88/100|[from] Stealth Rock
|-damage|p1a: Iron Leaves|76/100|[from] Spikes
|-activate|p1a: Iron Leaves|ability: Quark Drive
|-start|p1a: Iron Leaves|quarkdrivespe
|turn|21
|
|t:|1760809752
|move|p2a: Great Tusk|Knock Off|p1a: Iron Leaves
|-supereffective|p1a: Iron Leaves
|-damage|p1a: Iron Leaves|13/100
|move|p1a: Iron Leaves|Psyblade|p2a: Great Tusk
|-supereffective|p2a: Great Tusk
|-damage|p2a: Great Tusk|16/100
|
|upkeep
|turn|22
|inactive|Battle timer is ON: inactive players will automatically lose when time's up. (requested by jfkkkkf)
|
|t:|1760809771
|move|p2a: Great Tusk|Knock Off|p1a: Iron Leaves
|-supereffective|p1a: Iron Leaves
|-damage|p1a: Iron Leaves|0 fnt
|faint|p1a: Iron Leaves
|-end|p1a: Iron Leaves|Quark Drive|[silent]
|
|upkeep
|
|t:|1760809775
|switch|p1a: Iron Treads|Iron Treads|81/100
|-damage|p1a: Iron Treads|78/100|[from] Stealth Rock
|-damage|p1a: Iron Treads|66/100|[from] Spikes
|-activate|p1a: Iron Treads|ability: Quark Drive
|-start|p1a: Iron Treads|quarkdrivespe
|turn|23
|
|t:|1760809782
|-terastallize|p1a: Iron Treads|Water
|move|p2a: Great Tusk|Brick Break|p1a: Iron Treads
|-crit|p1a: Iron Treads
|-damage|p1a: Iron Treads|14/100
|move|p1a: Iron Treads|Rapid Spin|p2a: Great Tusk
|-damage|p2a: Great Tusk|6/100
|-boost|p1a: Iron Treads|spe|1
|-sideend|p1: DDanMurp|Spikes|[from] move: Rapid Spin|[of] p1a: Iron Treads
|-sideend|p1: DDanMurp|Stealth Rock|[from] move: Rapid Spin|[of] p1a: Iron Treads
|
|-heal|p1a: Iron Treads|20/100|[from] item: Leftovers
|upkeep
|turn|24
|
|t:|1760809800
|move|p1a: Iron Treads|Earthquake|p2a: Great Tusk
|-damage|p2a: Great Tusk|0 fnt
|faint|p2a: Great Tusk
|-end|p2a: Great Tusk|Protosynthesis|[silent]
|
|-heal|p1a: Iron Treads|26/100|[from] item: Leftovers
|upkeep
|
|t:|1760809809
|switch|p2a: Hatterene|Hatterene, F|100/100
|turn|25
|
|t:|1760809814
|move|p1a: Iron Treads|Iron Head|p2a: Hatterene
|-supereffective|p2a: Hatterene
|-damage|p2a: Hatterene|24/100
|cant|p2a: Hatterene|flinch
|
|-heal|p1a: Iron Treads|32/100|[from] item: Leftovers
|-heal|p2a: Hatterene|30/100|[from] item: Leftovers
|upkeep
|turn|26
|
|t:|1760809822
|move|p1a: Iron Treads|Earthquake|p2a: Hatterene
|-damage|p2a: Hatterene|0 fnt
|faint|p2a: Hatterene
|
|-heal|p1a: Iron Treads|38/100|[from] item: Leftovers
|-fieldend|move: Electric Terrain
|-end|p1a: Iron Treads|Quark Drive
|upkeep
|
|t:|1760809830
|switch|p2a: Chansey|Chansey, F|85/100
|turn|27
|
|t:|1760809840
|-end|p1a: Iron Treads|Quark Drive|[silent]
|switch|p1a: Iron Hands|Iron Hands|47/100
|move|p2a: Chansey|Heal Bell|p2a: Chansey
|-activate|p2a: Chansey|move: Heal Bell
|-curestatus|p2: Sinistcha|frz|[msg]
|
|upkeep
|turn|28
|
|t:|1760809848
|switch|p2a: Sinistcha|Sinistcha|51/100
|move|p1a: Iron Hands|Ice Punch|p2a: Sinistcha
|-supereffective|p2a: Sinistcha
|-damage|p2a: Sinistcha|6/100
|-status|p2a: Sinistcha|frz
|
|-heal|p2a: Sinistcha|12/100 frz|[from] item: Leftovers
|upkeep
|turn|29
|
|t:|1760809858
|cant|p2a: Sinistcha|frz
|move|p1a: Iron Hands|Ice Punch|p2a: Sinistcha
|-supereffective|p2a: Sinistcha
|-damage|p2a: Sinistcha|0 fnt
|faint|p2a: Sinistcha
|
|upkeep
|-message|jfkkkkf forfeited.
|
|win|DDanMurp
|raw|DDanMurp's rating: 1383 &rarr; <strong>1406</strong><br />(+23 for winning)
|raw|jfkkkkf's rating: 1440 &rarr; <strong>1417</strong><br />(-23 for losing)
|l|☆jfkkkkf
|player|p2|
|c|☆DDanMurp|Nice
|c|☆DDanMurp|Deserved
|l|☆DDanMurp
|player|p1|
