|badge|p2|silver|gen9doublesou|30-7
|badge|p2|bronze|gen9ru|100-7
|uhtml|medal-msg|<div class="broadcast-blue">Curious what those medals under the avatar are? PS now has Ladder Seasons! For more information, check out the <a href="https://www.smogon.com/forums/threads/3740067/">thread on Smogon.</a></div>
|j|☆jemaisjepa
|j|☆3idk
|t:|1760887454
|gametype|singles
|player|p1|jemaisjepa|2|1700
|player|p2|3idk|cynthia-masters|1666
|gen|9
|tier|[Gen 9] OU
|rated|
|rule|HP Percentage Mod: HP is shown in percentages
|rule|Endless Battle Clause: Forcing endless battles is banned
|rule|Species Clause: Limit one of each Pokémon
|rule|OHKO Clause: OHKO moves are banned
|rule|Evasion Items Clause: Evasion items are banned
|rule|Evasion Moves Clause: Evasion moves are banned
|rule|Evasion Abilities Clause: Evasion abilities are banned
|rule|Sleep Moves Clause: Sleep-inducing moves are banned
|clearpoke
|poke|p1|Ceruledge, M|
|poke|p1|Dragonite, F|
|poke|p1|Great Tusk|
|poke|p1|Hatterene, F|
|poke|p1|Iron Valiant|
|poke|p1|Zamazenta-*|
|poke|p2|Pelipper, M|
|poke|p2|Tornadus-Therian, M|
|poke|p2|Iron Treads|
|poke|p2|Decidueye-Hisui, M|
|poke|p2|Barraskewda, M|
|poke|p2|Raging Bolt|
|teampreview
|inactive|Battle timer is ON: inactive players will automatically lose when time's up. (requested by jemaisjepa)
|inactive|3idk also wants the timer to be on.
|j| jsnsddk
|
|t:|1760887477
|teamsize|p1|6
|teamsize|p2|6
|start
|switch|p1a: Ceruledge|Ceruledge, M|100/100
|switch|p2a: Tornadus|Tornadus-Therian, M|100/100
|turn|1
|
|t:|1760887489
|switch|p1a: Hatterene|Hatterene, F|100/100
|move|p2a: Tornadus|Hurricane|p1a: Hatterene
|-damage|p1a: Hatterene|59/100
|
|upkeep
|turn|2
|
|t:|1760887513
|switch|p2a: Iron Treads|Iron Treads|100/100
|move|p1a: Hatterene|Nuzzle|p2a: Iron Treads
|-immune|p2a: Iron Treads
|
|upkeep
|turn|3
|
|t:|1760887519
|switch|p1a: Great Tusk|Great Tusk|100/100
|-enditem|p1a: Great Tusk|Booster Energy
|-activate|p1a: Great Tusk|ability: Protosynthesis|[fromitem]
|-start|p1a: Great Tusk|protosynthesisspe
|move|p2a: Iron Treads|Knock Off|p1a: Great Tusk
|-resisted|p1a: Great Tusk
|-damage|p1a: Great Tusk|95/100
|
|upkeep
|turn|4
|
|t:|1760887526
|-end|p2a: Iron Treads|Quark Drive|[silent]
|switch|p2a: Pelipper|Pelipper, M|100/100
|-weather|RainDance|[from] ability: Drizzle|[of] p2a: Pelipper
|move|p1a: Great Tusk|Bulk Up|p1a: Great Tusk
|-boost|p1a: Great Tusk|atk|1
|-boost|p1a: Great Tusk|def|1
|
|-weather|RainDance|[upkeep]
|upkeep
|turn|5
|
|t:|1760887536
|move|p1a: Great Tusk|Ice Spinner|p2a: Pelipper
|-damage|p2a: Pelipper|72/100
|move|p2a: Pelipper|Surf|p1a: Great Tusk
|-supereffective|p1a: Great Tusk
|-damage|p1a: Great Tusk|0 fnt
|faint|p1a: Great Tusk
|-end|p1a: Great Tusk|Protosynthesis|[silent]
|
|-weather|RainDance|[upkeep]
|upkeep
|j| gilgameshofsumeria
|j| iamfrhaan007
|
|t:|1760887543
|switch|p1a: Dragonite|Dragonite, F, shiny|100/100
|turn|6
|
|t:|1760887546
|move|p1a: Dragonite|Dragon Dance|p1a: Dragonite
|-boost|p1a: Dragonite|atk|1
|-boost|p1a: Dragonite|spe|1
|move|p2a: Pelipper|U-turn|p1a: Dragonite
|-resisted|p1a: Dragonite
|-damage|p1a: Dragonite|98/100
|
|t:|1760887550
|switch|p2a: Tornadus|Tornadus-Therian, M|100/100|[from] U-turn
|
|-weather|RainDance|[upkeep]
|-heal|p1a: Dragonite|100/100|[from] item: Leftovers
|upkeep
|turn|7
|
|t:|1760887557
|move|p1a: Dragonite|Dragon Dance|p1a: Dragonite
|-boost|p1a: Dragonite|atk|1
|-boost|p1a: Dragonite|spe|1
|move|p2a: Tornadus|Hurricane|p1a: Dragonite
|-damage|p1a: Dragonite|58/100
|-start|p1a: Dragonite|confusion
|
|-weather|RainDance|[upkeep]
|-heal|p1a: Dragonite|65/100|[from] item: Leftovers
|upkeep
|turn|8
|
|t:|1760887568
|switch|p2a: Decidueye|Decidueye-Hisui, M|100/100
|-activate|p1a: Dragonite|confusion
|move|p1a: Dragonite|Fire Punch|p2a: Decidueye
|-supereffective|p2a: Decidueye
|-crit|p2a: Decidueye
|-damage|p2a: Decidueye|37/100
|-damage|p1a: Dragonite|48/100|[from] item: Rocky Helmet|[of] p2a: Decidueye
|
|-weather|RainDance|[upkeep]
|-heal|p1a: Dragonite|54/100|[from] item: Leftovers
|upkeep
|turn|9
|
|t:|1760887574
|-activate|p1a: Dragonite|confusion
|move|p1a: Dragonite|Fire Punch|p2a: Decidueye
|-supereffective|p2a: Decidueye
|-damage|p2a: Decidueye|0 fnt
|-damage|p1a: Dragonite|38/100|[from] item: Rocky Helmet|[of] p2a: Decidueye
|faint|p2a: Decidueye
|
|-weather|RainDance|[upkeep]
|-heal|p1a: Dragonite|44/100|[from] item: Leftovers
|upkeep
|
|t:|1760887579
|switch|p2a: Barraskewda|Barraskewda, M|100/100
|turn|10
|
|t:|1760887585
|move|p2a: Barraskewda|Liquidation|p1a: Dragonite
|-resisted|p1a: Dragonite
|-damage|p1a: Dragonite|0 fnt
|faint|p1a: Dragonite
|-damage|p2a: Barraskewda|91/100|[from] item: Life Orb
|
|-weather|RainDance|[upkeep]
|upkeep
|j| wgw2333
|l| gilgameshofsumeria
|
|t:|1760887602
|switch|p1a: Zamazenta|Zamazenta|100/100
|-ability|p1a: Zamazenta|Dauntless Shield|boost
|-boost|p1a: Zamazenta|def|1
|turn|11
|j| amimec
|
|t:|1760887610
|move|p2a: Barraskewda|Flip Turn|p1a: Zamazenta
|-damage|p1a: Zamazenta|68/100
|-damage|p2a: Barraskewda|81/100|[from] item: Life Orb
|
|t:|1760887615
|switch|p2a: Tornadus|Tornadus-Therian, M|100/100|[from] Flip Turn
|move|p1a: Zamazenta|Iron Defense|p1a: Zamazenta
|-boost|p1a: Zamazenta|def|2
|
|-weather|none
|-heal|p1a: Zamazenta|74/100|[from] item: Leftovers
|upkeep
|turn|12
|l| iamfrhaan007
|
|t:|1760887622
|-terastallize|p1a: Zamazenta|Steel
|move|p1a: Zamazenta|Body Press|p2a: Tornadus
|-resisted|p2a: Tornadus
|-damage|p2a: Tornadus|46/100
|move|p2a: Tornadus|Hurricane|p1a: Zamazenta
|-resisted|p1a: Zamazenta
|-damage|p1a: Zamazenta|46/100
|-start|p1a: Zamazenta|confusion
|
|-heal|p1a: Zamazenta|52/100|[from] item: Leftovers
|upkeep
|turn|13
|
|t:|1760887629
|switch|p2a: Pelipper|Pelipper, M|72/100
|-weather|RainDance|[from] ability: Drizzle|[of] p2a: Pelipper
|-activate|p1a: Zamazenta|confusion
|move|p1a: Zamazenta|Body Press|p2a: Pelipper
|-resisted|p2a: Pelipper
|-damage|p2a: Pelipper|43/100
|
|-weather|RainDance|[upkeep]
|-heal|p1a: Zamazenta|58/100|[from] item: Leftovers
|upkeep
|turn|14
|
|t:|1760887641
|switch|p1a: Hatterene|Hatterene, F|59/100
|move|p2a: Pelipper|U-turn|p1a: Hatterene
|-damage|p1a: Hatterene|49/100
|
|t:|1760887647
|switch|p2a: Barraskewda|Barraskewda, M|81/100|[from] U-turn
|
|-weather|RainDance|[upkeep]
|upkeep
|turn|15
|
|t:|1760887651
|move|p2a: Barraskewda|Liquidation|p1a: Hatterene
|-damage|p1a: Hatterene|0 fnt
|faint|p1a: Hatterene
|-damage|p2a: Barraskewda|71/100|[from] item: Life Orb
|
|-weather|RainDance|[upkeep]
|upkeep
|
|t:|1760887657
|switch|p1a: Ceruledge|Ceruledge, M|100/100
|turn|16
|
|t:|1760887661
|move|p2a: Barraskewda|Flip Turn|p1a: Ceruledge
|-supereffective|p1a: Ceruledge
|-enditem|p1a: Ceruledge|Focus Sash
|-damage|p1a: Ceruledge|1/100
|-ability|p1a: Ceruledge|Weak Armor|boost
|-unboost|p1a: Ceruledge|def|1
|-boost|p1a: Ceruledge|spe|2
|-damage|p2a: Barraskewda|61/100|[from] item: Life Orb
|
|t:|1760887669
|switch|p2a: Raging Bolt|Raging Bolt|100/100|[from] Flip Turn
|-enditem|p2a: Raging Bolt|Booster Energy
|-activate|p2a: Raging Bolt|ability: Protosynthesis|[fromitem]
|-start|p2a: Raging Bolt|protosynthesisspa
|move|p1a: Ceruledge|Swords Dance|p1a: Ceruledge
|-boost|p1a: Ceruledge|atk|2
|
|-weather|RainDance|[upkeep]
|upkeep
|turn|17
|
|t:|1760887674
|move|p1a: Ceruledge|Poltergeist||[still]
|-fail|p1a: Ceruledge
|move|p2a: Raging Bolt|Thunder|p1a: Ceruledge
|-damage|p1a: Ceruledge|0 fnt
|faint|p1a: Ceruledge
|
|-weather|RainDance|[upkeep]
|upkeep
|
|t:|1760887681
|switch|p1a: Iron Valiant|Iron Valiant|100/100
|-enditem|p1a: Iron Valiant|Booster Energy
|-activate|p1a: Iron Valiant|ability: Quark Drive|[fromitem]
|-start|p1a: Iron Valiant|quarkdrivespe
|turn|18
|c|☆3idk|happens bro
|c|☆jemaisjepa|me when my mons getted walled by random crap
|
|t:|1760887701
|-terastallize|p2a: Raging Bolt|Bug
|move|p1a: Iron Valiant|Spirit Break|p2a: Raging Bolt
|-damage|p2a: Raging Bolt|64/100
|-unboost|p2a: Raging Bolt|spa|1
|move|p2a: Raging Bolt|Thunder|p1a: Iron Valiant
|-damage|p1a: Iron Valiant|8/100
|
|-weather|RainDance|[upkeep]
|upkeep
|turn|19
|
|t:|1760887709
|move|p1a: Iron Valiant|Spirit Break|p2a: Raging Bolt
|-damage|p2a: Raging Bolt|27/100
|-unboost|p2a: Raging Bolt|spa|1
|move|p2a: Raging Bolt|Thunder|p1a: Iron Valiant
|-crit|p1a: Iron Valiant
|-damage|p1a: Iron Valiant|0 fnt
|faint|p1a: Iron Valiant
|-end|p1a: Iron Valiant|Quark Drive|[silent]
|
|-weather|RainDance|[upkeep]
|upkeep
|
|t:|1760887712
|switch|p1a: Zamazenta|Zamazenta, tera:Steel|58/100
|turn|20
|
|t:|1760887717
|move|p1a: Zamazenta|Iron Defense|p1a: Zamazenta
|-boost|p1a: Zamazenta|def|2
|move|p2a: Raging Bolt|Thunder|p1a: Zamazenta
|-damage|p1a: Zamazenta|22/100
|
|-weather|none
|-heal|p1a: Zamazenta|28/100|[from] item: Leftovers
|upkeep
|turn|21
|
|t:|1760887724
|move|p1a: Zamazenta|Body Press|p2a: Raging Bolt
|-resisted|p2a: Raging Bolt
|-damage|p2a: Raging Bolt|0 fnt
|faint|p2a: Raging Bolt
|-end|p2a: Raging Bolt|Protosynthesis|[silent]
|
|-heal|p1a: Zamazenta|34/100|[from] item: Leftovers
|upkeep
|
|t:|1760887727
|switch|p2a: Pelipper|Pelipper, M|43/100
|-weather|RainDance|[from] ability: Drizzle|[of] p2a: Pelipper
|turn|22
|
|t:|1760887729
|move|p1a: Zamazenta|Substitute|p1a: Zamazenta
|-start|p1a: Zamazenta|Substitute
|-damage|p1a: Zamazenta|9/100
|move|p2a: Pelipper|Surf|p1a: Zamazenta
|-end|p1a: Zamazenta|Substitute
|
|-weather|RainDance|[upkeep]
|-heal|p1a: Zamazenta|15/100|[from] item: Leftovers
|upkeep
|turn|23
|
|t:|1760887732
|move|p1a: Zamazenta|Body Press|p2a: Pelipper
|-resisted|p2a: Pelipper
|-damage|p2a: Pelipper|19/100
|move|p2a: Pelipper|Surf|p1a: Zamazenta
|-damage|p1a: Zamazenta|0 fnt
|faint|p1a: Zamazenta
|
|win|3idk
|raw|jemaisjepa's rating: 1700 &rarr; <strong>1678</strong><br />(-22 for losing)
|raw|3idk's rating: 1666 &rarr; <strong>1688</strong><br />(+22 for winning)
|l|☆jemaisjepa
|player|p1|
|l| wgw2333
