|j|☆thedeadlytriker
|j|☆suborange
|t:|1760776410
|gametype|singles
|player|p1|thedeadlytriker|266|1167
|player|p2|suborange|266|1168
|gen|9
|tier|[Gen 9] OU
|rated|
|rule|HP Percentage Mod: HP is shown in percentages
|rule|Endless Battle Clause: Forcing endless battles is banned
|rule|Species Clause: Limit one of each Pokémon
|rule|OHKO Clause: OHKO moves are banned
|rule|Evasion Items Clause: Evasion items are banned
|rule|Evasion Moves Clause: Evasion moves are banned
|rule|Evasion Abilities Clause: Evasion abilities are banned
|rule|Sleep Moves Clause: Sleep-inducing moves are banned
|clearpoke
|poke|p1|Ogerpon-Wellspring, F|
|poke|p1|Kingambit, F|
|poke|p1|Landorus-Therian, M|
|poke|p1|Glimmora, M|
|poke|p1|Dragapult, F|
|poke|p1|Iron Valiant|
|poke|p2|Meowscarada, F|
|poke|p2|Cinderace, F|
|poke|p2|Dusclops, M|
|poke|p2|Scyther, M|
|poke|p2|Glimmora, M|
|poke|p2|Greninja-*, M|
|teampreview
|inactive|Battle timer is ON: inactive players will automatically lose when time's up. (requested by thedeadlytriker)
|
|t:|1760776433
|teamsize|p1|6
|teamsize|p2|6
|start
|switch|p1a: Glimmora|Glimmora, M|100/100
|switch|p2a: Dusclops|Dusclops, M, shiny|100/100
|-item|p1a: Glimmora|Power Herb|[from] ability: Frisk|[of] p2a: Dusclops
|turn|1
|
|t:|1760776442
|move|p1a: Glimmora|Meteor Beam||[still]
|-prepare|p1a: Glimmora|Meteor Beam
|-boost|p1a: Glimmora|spa|1
|-enditem|p1a: Glimmora|Power Herb
|-anim|p1a: Glimmora|Meteor Beam|p2a: Dusclops
|-damage|p2a: Dusclops|36/100
|move|p2a: Dusclops|Future Sight|p1a: Glimmora
|-start|p2a: Dusclops|move: Future Sight
|
|upkeep
|turn|2
|
|t:|1760776452
|move|p2a: Dusclops|Protect|p2a: Dusclops
|-singleturn|p2a: Dusclops|Protect
|move|p1a: Glimmora|Spikes|p2a: Dusclops
|-sidestart|p2: suborange|Spikes
|
|upkeep
|turn|3
|
|t:|1760776461
|move|p1a: Glimmora|Spikes|p2a: Dusclops
|-sidestart|p2: suborange|Spikes
|move|p2a: Dusclops|Will-O-Wisp|p1a: Glimmora|[miss]
|-miss|p2a: Dusclops|p1a: Glimmora
|
|-end|p1a: Glimmora|move: Future Sight
|-supereffective|p1a: Glimmora
|-crit|p1a: Glimmora
|-damage|p1a: Glimmora|25/100
|upkeep
|turn|4
|
|t:|1760776475
|move|p1a: Glimmora|Earth Power|p2a: Dusclops
|-damage|p2a: Dusclops|2/100
|move|p2a: Dusclops|Will-O-Wisp|p1a: Glimmora|[miss]
|-miss|p2a: Dusclops|p1a: Glimmora
|
|upkeep
|turn|5
|c|☆suborange|wtff
|c|☆suborange|naahah
|
|t:|1760776489
|move|p2a: Dusclops|Protect|p2a: Dusclops
|-singleturn|p2a: Dusclops|Protect
|move|p1a: Glimmora|Mortal Spin|p2a: Dusclops
|-activate|p2a: Dusclops|move: Protect
|
|upkeep
|turn|6
|
|t:|1760776498
|switch|p2a: Glimmora|Glimmora, M|100/100
|-item|p2a: Glimmora|Air Balloon
|move|p1a: Glimmora|Mortal Spin|p2a: Glimmora
|-resisted|p2a: Glimmora
|-damage|p2a: Glimmora|99/100
|-activate|p2a: Glimmora|ability: Toxic Debris
|-sidestart|p1: thedeadlytriker|move: Toxic Spikes
|-enditem|p2a: Glimmora|Air Balloon
|-sideend|p1: thedeadlytriker|Toxic Spikes|[from] move: Mortal Spin|[of] p1a: Glimmora
|
|upkeep
|turn|7
|
|t:|1760776509
|move|p1a: Glimmora|Spikes|p2a: Glimmora
|-sidestart|p2: suborange|Spikes
|move|p2a: Glimmora|Stealth Rock|p1a: Glimmora
|-sidestart|p1: thedeadlytriker|move: Stealth Rock
|
|upkeep
|turn|8
|
|t:|1760776518
|move|p1a: Glimmora|Earth Power|p2a: Glimmora
|-supereffective|p2a: Glimmora
|-damage|p2a: Glimmora|0 fnt
|faint|p2a: Glimmora
|
|upkeep
|inactive|suborange has 120 seconds left.
|
|t:|1760776561
|switch|p2a: Cinderace|Cinderace, F, shiny|100/100
|-damage|p2a: Cinderace|75/100|[from] Spikes
|turn|9
|
|t:|1760776567
|move|p2a: Cinderace|Pyro Ball|p1a: Glimmora
|-resisted|p1a: Glimmora
|-damage|p1a: Glimmora|0 fnt
|-activate|p1a: Glimmora|ability: Toxic Debris
|-sidestart|p2: suborange|move: Toxic Spikes
|faint|p1a: Glimmora
|
|upkeep
|
|t:|1760776577
|switch|p1a: Landorus|Landorus-Therian, M|100/100
|-damage|p1a: Landorus|88/100|[from] Stealth Rock
|-ability|p1a: Landorus|Intimidate|boost
|-unboost|p2a: Cinderace|atk|1
|turn|10
|inactive|suborange has 120 seconds left.
|
|t:|1760776589
|move|p2a: Cinderace|Bounce||[still]
|-prepare|p2a: Cinderace|Bounce
|-start|p2a: Cinderace|typechange|Flying|[from] ability: Libero
|move|p1a: Landorus|Earthquake|p2a: Cinderace|[miss]
|-miss|p1a: Landorus|p2a: Cinderace
|
|upkeep
|turn|11
|
|t:|1760776595
|move|p2a: Cinderace|Bounce|p1a: Landorus|[from] lockedmove
|-damage|p1a: Landorus|61/100
|-damage|p2a: Cinderace|59/100|[from] item: Rocky Helmet|[of] p1a: Landorus
|move|p1a: Landorus|Earthquake|p2a: Cinderace
|-immune|p2a: Cinderace
|
|upkeep
|turn|12
|
|t:|1760776604
|move|p2a: Cinderace|Iron Head|p1a: Landorus
|-damage|p1a: Landorus|42/100
|-damage|p2a: Cinderace|43/100|[from] item: Rocky Helmet|[of] p1a: Landorus
|move|p1a: Landorus|Stealth Rock|p2a: Cinderace
|-sidestart|p2: suborange|move: Stealth Rock
|
|upkeep
|turn|13
|
|t:|1760776618
|move|p2a: Cinderace|Iron Head|p1a: Landorus
|-damage|p1a: Landorus|24/100
|-damage|p2a: Cinderace|26/100|[from] item: Rocky Helmet|[of] p1a: Landorus
|move|p1a: Landorus|U-turn|p2a: Cinderace
|-resisted|p2a: Cinderace
|-damage|p2a: Cinderace|14/100
|
|t:|1760776628
|switch|p1a: Dragapult|Dragapult, F|100/100|[from] U-turn
|-damage|p1a: Dragapult|88/100|[from] Stealth Rock
|
|upkeep
|turn|14
|c|☆suborange|cant bleive u setup and i didnt aaagg
|inactive|suborange has 120 seconds left.
|
|t:|1760776653
|move|p1a: Dragapult|Shadow Ball|p2a: Cinderace
|-damage|p2a: Cinderace|0 fnt
|faint|p2a: Cinderace
|
|upkeep
|inactive|suborange has 120 seconds left.
|
|t:|1760776668
|switch|p2a: Greninja|Greninja, M, shiny|100/100
|-damage|p2a: Greninja|76/100|[from] Spikes
|-status|p2a: Greninja|psn
|-damage|p2a: Greninja|63/100 psn|[from] Stealth Rock
|turn|15
|inactive|suborange has 120 seconds left.
|c|☆suborange|lmaoo
|c|☆suborange|do you reccomend to always start glimmora?
|
|t:|1760776699
|switch|p1a: Landorus|Landorus-Therian, M|24/100
|-damage|p1a: Landorus|11/100|[from] Stealth Rock
|-ability|p1a: Landorus|Intimidate|boost
|-unboost|p2a: Greninja|atk|1
|move|p2a: Greninja|Ice Beam|p1a: Landorus
|-start|p2a: Greninja|typechange|Ice|[from] ability: Protean
|-supereffective|p1a: Landorus
|-damage|p1a: Landorus|0 fnt
|faint|p1a: Landorus
|
|-damage|p2a: Greninja|51/100 psn|[from] psn
|upkeep
|
|t:|1760776710
|switch|p1a: Dragapult|Dragapult, F|88/100
|-damage|p1a: Dragapult|76/100|[from] Stealth Rock
|turn|16
|
|t:|1760776715
|-terastallize|p1a: Dragapult|Ghost
|move|p2a: Greninja|Ice Beam|p1a: Dragapult
|-damage|p1a: Dragapult|21/100
|move|p1a: Dragapult|Shadow Ball|p2a: Greninja
|-damage|p2a: Greninja|0 fnt
|faint|p2a: Greninja
|
|upkeep
|
|t:|1760776727
|switch|p2a: Scyther|Scyther, M, shiny|100/100
|-damage|p2a: Scyther|51/100|[from] Stealth Rock
|turn|17
|
|t:|1760776737
|move|p1a: Dragapult|Shadow Ball|p2a: Scyther
|-damage|p2a: Scyther|0 fnt
|faint|p2a: Scyther
|
|upkeep
|
|t:|1760776742
|switch|p2a: Meowscarada|Meowscarada, F, shiny|100/100
|-damage|p2a: Meowscarada|76/100|[from] Spikes
|-status|p2a: Meowscarada|psn
|-damage|p2a: Meowscarada|63/100 psn|[from] Stealth Rock
|turn|18
|
|t:|1760776753
|move|p2a: Meowscarada|Play Rough|p1a: Dragapult
|-start|p2a: Meowscarada|typechange|Fairy|[from] ability: Protean
|-crit|p1a: Dragapult
|-damage|p1a: Dragapult|0 fnt
|faint|p1a: Dragapult
|
|-damage|p2a: Meowscarada|51/100 psn|[from] psn
|upkeep
|
|t:|1760776761
|switch|p1a: Ogerpon|Ogerpon-Wellspring, F|100/100
|-damage|p1a: Ogerpon|88/100|[from] Stealth Rock
|turn|19
|
|t:|1760776765
|move|p2a: Meowscarada|Play Rough|p1a: Ogerpon
|-damage|p1a: Ogerpon|32/100
|move|p1a: Ogerpon|Ivy Cudgel|p2a: Meowscarada|[anim] Ivy Cudgel Water
|-damage|p2a: Meowscarada|0 fnt
|faint|p2a: Meowscarada
|
|upkeep
|
|t:|1760776773
|switch|p2a: Dusclops|Dusclops, M, shiny|2/100
|-damage|p2a: Dusclops|0 fnt|[from] Spikes
|faint|p2a: Dusclops
|
|win|thedeadlytriker
|raw|thedeadlytriker's rating: 1167 &rarr; <strong>1192</strong><br />(+25 for winning)
|raw|suborange's rating: 1168 &rarr; <strong>1143</strong><br />(-25 for losing)
|c|☆suborange|ah
|l|☆thedeadlytriker
|player|p1|
|c|☆suborange|glimmora always?
