|j|☆AverageJo72
|j|☆AB_Bootz
|t:|1760846356
|gametype|singles
|player|p1|AverageJo72|lance|1425
|player|p2|AB_Bootz|101|1379
|gen|9
|tier|[Gen 9] OU
|rated|
|rule|HP Percentage Mod: HP is shown in percentages
|rule|Endless Battle Clause: Forcing endless battles is banned
|rule|Species Clause: Limit one of each Pokémon
|rule|OHKO Clause: OHKO moves are banned
|rule|Evasion Items Clause: Evasion items are banned
|rule|Evasion Moves Clause: Evasion moves are banned
|rule|Evasion Abilities Clause: Evasion abilities are banned
|rule|Sleep Moves Clause: Sleep-inducing moves are banned
|clearpoke
|poke|p1|Arcanine-Hisui, F|
|poke|p1|Tyranitar, F|
|poke|p1|Excadrill, F|
|poke|p1|Dragapult, M|
|poke|p1|Skarmory, F|
|poke|p1|Alomomola, M|
|poke|p2|Pelipper, F|
|poke|p2|Tornadus-Therian, M|
|poke|p2|Iron Treads|
|poke|p2|Decidueye-Hisui, F|
|poke|p2|Barraskewda, F|
|poke|p2|Raging Bolt|
|teampreview
|inactive|Battle timer is ON: inactive players will automatically lose when time's up. (requested by AB_Bootz)
|
|t:|1760846370
|teamsize|p1|6
|teamsize|p2|6
|start
|switch|p1a: Phantom Menace|Dragapult, M|100/100
|switch|p2a: Pelipper|Pelipper, F|100/100
|-weather|RainDance|[from] ability: Drizzle|[of] p2a: Pelipper
|turn|1
|
|t:|1760846382
|move|p1a: Phantom Menace|Dragon Darts|p2a: Pelipper
|-damage|p2a: Pelipper|84/100
|-anim|p1a: Phantom Menace|Dragon Darts|p2a: Pelipper
|-damage|p2a: Pelipper|67/100
|move|p2a: Pelipper|U-turn|p1a: Phantom Menace
|-resisted|p1a: Phantom Menace
|-damage|p1a: Phantom Menace|94/100
|
|t:|1760846397
|switch|p2a: Tornadus|Tornadus-Therian, M|100/100|[from] U-turn
|
|-weather|RainDance|[upkeep]
|upkeep
|turn|2
|
|t:|1760846411
|move|p1a: Phantom Menace|Dragon Darts|p2a: Tornadus
|-damage|p2a: Tornadus|68/100
|-anim|p1a: Phantom Menace|Dragon Darts|p2a: Tornadus
|-damage|p2a: Tornadus|40/100
|move|p2a: Tornadus|Hurricane|p1a: Phantom Menace
|-crit|p1a: Phantom Menace
|-damage|p1a: Phantom Menace|0 fnt
|faint|p1a: Phantom Menace
|
|-weather|RainDance|[upkeep]
|upkeep
|
|t:|1760846433
|switch|p1a: Pharaoh's Curse|Tyranitar, F, shiny|100/100
|-weather|Sandstorm|[from] ability: Sand Stream|[of] p1a: Pharaoh's Curse
|turn|3
|
|t:|1760846451
|switch|p2a: Decidueye|Decidueye-Hisui, F|100/100
|move|p1a: Pharaoh's Curse|Knock Off|p2a: Decidueye
|-resisted|p2a: Decidueye
|-damage|p2a: Decidueye|84/100
|-damage|p1a: Pharaoh's Curse|84/100|[from] item: Rocky Helmet|[of] p2a: Decidueye
|-enditem|p2a: Decidueye|Rocky Helmet|[from] move: Knock Off|[of] p1a: Pharaoh's Curse
|
|-weather|Sandstorm|[upkeep]
|-damage|p2a: Decidueye|78/100|[from] Sandstorm
|upkeep
|turn|4
|
|t:|1760846464
|switch|p1a: AC-130|Skarmory, F|100/100
|move|p2a: Decidueye|U-turn|p1a: AC-130
|-resisted|p1a: AC-130
|-damage|p1a: AC-130|97/100
|-damage|p2a: Decidueye|61/100|[from] item: Rocky Helmet|[of] p1a: AC-130
|
|t:|1760846472
|switch|p2a: Raging Bolt|Raging Bolt|100/100|[from] U-turn
|-enditem|p2a: Raging Bolt|Booster Energy
|-activate|p2a: Raging Bolt|ability: Protosynthesis|[fromitem]
|-start|p2a: Raging Bolt|protosynthesisspa
|
|-weather|Sandstorm|[upkeep]
|-damage|p2a: Raging Bolt|94/100|[from] Sandstorm
|upkeep
|turn|5
|
|t:|1760846500
|-end|p2a: Raging Bolt|Protosynthesis|[silent]
|switch|p2a: Pelipper|Pelipper, F|67/100
|-weather|RainDance|[from] ability: Drizzle|[of] p2a: Pelipper
|switch|p1a: Mole Lester|Excadrill, F|100/100
|-item|p1a: Mole Lester|Air Balloon
|
|-weather|RainDance|[upkeep]
|upkeep
|turn|6
|
|t:|1760846512
|switch|p1a: Pharaoh's Curse|Tyranitar, F, shiny|84/100
|-weather|Sandstorm|[from] ability: Sand Stream|[of] p1a: Pharaoh's Curse
|move|p2a: Pelipper|U-turn|p1a: Pharaoh's Curse
|-supereffective|p1a: Pharaoh's Curse
|-damage|p1a: Pharaoh's Curse|69/100
|
|t:|1760846524
|switch|p2a: Decidueye|Decidueye-Hisui, F|61/100|[from] U-turn
|
|-weather|Sandstorm|[upkeep]
|-damage|p2a: Decidueye|55/100|[from] Sandstorm
|upkeep
|turn|7
|
|t:|1760846534
|switch|p1a: FISH|Alomomola, M|100/100
|move|p2a: Decidueye|U-turn|p1a: FISH
|-crit|p1a: FISH
|-damage|p1a: FISH|86/100
|
|t:|1760846540
|switch|p2a: Raging Bolt|Raging Bolt|94/100|[from] U-turn
|
|-weather|Sandstorm|[upkeep]
|-damage|p2a: Raging Bolt|88/100|[from] Sandstorm
|-damage|p1a: FISH|80/100|[from] Sandstorm
|upkeep
|turn|8
|
|t:|1760846548
|move|p1a: FISH|Protect|p1a: FISH
|-singleturn|p1a: FISH|Protect
|move|p2a: Raging Bolt|Thunder|p1a: FISH
|-activate|p1a: FISH|move: Protect
|
|-weather|Sandstorm|[upkeep]
|-damage|p2a: Raging Bolt|82/100|[from] Sandstorm
|-damage|p1a: FISH|74/100|[from] Sandstorm
|upkeep
|turn|9
|
|t:|1760846555
|-end|p2a: Raging Bolt|Protosynthesis|[silent]
|switch|p2a: Pelipper|Pelipper, F|67/100
|-weather|RainDance|[from] ability: Drizzle|[of] p2a: Pelipper
|switch|p1a: Mole Lester|Excadrill, F|100/100
|-item|p1a: Mole Lester|Air Balloon
|
|-weather|RainDance|[upkeep]
|upkeep
|turn|10
|
|t:|1760846565
|move|p1a: Mole Lester|Rapid Spin|p2a: Pelipper
|-damage|p2a: Pelipper|52/100
|-boost|p1a: Mole Lester|spe|1
|move|p2a: Pelipper|U-turn|p1a: Mole Lester
|-resisted|p1a: Mole Lester
|-damage|p1a: Mole Lester|93/100
|-enditem|p1a: Mole Lester|Air Balloon
|
|t:|1760846573
|switch|p2a: Tornadus|Tornadus-Therian, M|73/100|[from] U-turn
|
|-weather|RainDance|[upkeep]
|upkeep
|turn|11
|
|t:|1760846601
|move|p1a: Mole Lester|Iron Head|p2a: Tornadus
|-damage|p2a: Tornadus|15/100
|move|p2a: Tornadus|Weather Ball|p1a: Mole Lester
|-supereffective|p1a: Mole Lester
|-damage|p1a: Mole Lester|0 fnt
|faint|p1a: Mole Lester
|
|-weather|RainDance|[upkeep]
|upkeep
|inactive|AverageJo72 has 120 seconds left.
|
|t:|1760846616
|switch|p1a: Pharaoh's Curse|Tyranitar, F, shiny|69/100
|-weather|Sandstorm|[from] ability: Sand Stream|[of] p1a: Pharaoh's Curse
|turn|12
|c|☆AB_Bootz|lol
|c|☆AB_Bootz|good nickname
|inactive|AverageJo72 has 120 seconds left.
|c|☆AverageJo72|ty
|
|t:|1760846638
|switch|p2a: Decidueye|Decidueye-Hisui, F|55/100
|move|p1a: Pharaoh's Curse|Stealth Rock|p2a: Decidueye
|-sidestart|p2: AB_Bootz|move: Stealth Rock
|
|-weather|Sandstorm|[upkeep]
|-damage|p2a: Decidueye|49/100|[from] Sandstorm
|upkeep
|turn|13
|
|t:|1760846649
|move|p1a: Pharaoh's Curse|Knock Off|p2a: Decidueye
|-resisted|p2a: Decidueye
|-damage|p2a: Decidueye|39/100
|move|p2a: Decidueye|Defog|p1a: Pharaoh's Curse
|-unboost|p1a: Pharaoh's Curse|evasion|1
|-sideend|p2: AB_Bootz|Stealth Rock|[from] move: Defog|[of] p2a: Decidueye
|
|-weather|Sandstorm|[upkeep]
|-damage|p2a: Decidueye|33/100|[from] Sandstorm
|upkeep
|turn|14
|inactive|AverageJo72 has 120 seconds left.
|
|t:|1760846658
|switch|p1a: AC-130|Skarmory, F|97/100
|move|p2a: Decidueye|Triple Arrows|p1a: AC-130
|-crit|p1a: AC-130
|-damage|p1a: AC-130|65/100
|-unboost|p1a: AC-130|def|1
|
|-weather|Sandstorm|[upkeep]
|-damage|p2a: Decidueye|27/100|[from] Sandstorm
|upkeep
|turn|15
|inactive|AverageJo72 has 120 seconds left.
|
|t:|1760846670
|move|p1a: AC-130|Iron Defense|p1a: AC-130
|-boost|p1a: AC-130|def|2
|move|p2a: Decidueye|Triple Arrows|p1a: AC-130
|-damage|p1a: AC-130|49/100
|-unboost|p1a: AC-130|def|1
|
|-weather|Sandstorm|[upkeep]
|-damage|p2a: Decidueye|21/100|[from] Sandstorm
|upkeep
|turn|16
|
|t:|1760846678
|move|p1a: AC-130|Roost|p1a: AC-130
|-heal|p1a: AC-130|99/100
|-singleturn|p1a: AC-130|move: Roost
|move|p2a: Decidueye|U-turn|p1a: AC-130
|-resisted|p1a: AC-130
|-damage|p1a: AC-130|94/100
|-damage|p2a: Decidueye|4/100|[from] item: Rocky Helmet|[of] p1a: AC-130
|
|t:|1760846685
|switch|p2a: Pelipper|Pelipper, F|52/100|[from] U-turn
|-weather|RainDance|[from] ability: Drizzle|[of] p2a: Pelipper
|
|-weather|RainDance|[upkeep]
|upkeep
|turn|17
|
|t:|1760846693
|move|p1a: AC-130|Body Press|p2a: Pelipper
|-resisted|p2a: Pelipper
|-damage|p2a: Pelipper|39/100
|move|p2a: Pelipper|Surf|p1a: AC-130
|-damage|p1a: AC-130|31/100
|
|-weather|RainDance|[upkeep]
|upkeep
|turn|18
|
|t:|1760846703
|move|p1a: AC-130|Roost|p1a: AC-130
|-heal|p1a: AC-130|82/100
|-singleturn|p1a: AC-130|move: Roost
|move|p2a: Pelipper|Surf|p1a: AC-130
|-damage|p1a: AC-130|24/100
|
|-weather|RainDance|[upkeep]
|upkeep
|turn|19
|
|t:|1760846709
|switch|p1a: FISH|Alomomola, M|100/100
|move|p2a: Pelipper|Surf|p1a: FISH
|-resisted|p1a: FISH
|-damage|p1a: FISH|81/100
|
|-weather|RainDance|[upkeep]
|upkeep
|turn|20
|
|t:|1760846716
|move|p1a: FISH|Flip Turn|p2a: Pelipper
|-resisted|p2a: Pelipper
|-damage|p2a: Pelipper|30/100
|
|t:|1760846721
|switch|p1a: Pharaoh's Curse|Tyranitar, F, shiny|69/100|[from] Flip Turn
|-weather|Sandstorm|[from] ability: Sand Stream|[of] p1a: Pharaoh's Curse
|move|p2a: Pelipper|Roost|p2a: Pelipper
|-heal|p2a: Pelipper|80/100
|-singleturn|p2a: Pelipper|move: Roost
|
|-weather|Sandstorm|[upkeep]
|-damage|p2a: Pelipper|74/100|[from] Sandstorm
|upkeep
|turn|21
|
|t:|1760846725
|switch|p2a: Decidueye|Decidueye-Hisui, F|4/100
|move|p1a: Pharaoh's Curse|Knock Off|p2a: Decidueye
|-resisted|p2a: Decidueye
|-damage|p2a: Decidueye|0 fnt
|faint|p2a: Decidueye
|
|-weather|Sandstorm|[upkeep]
|upkeep
|
|t:|1760846729
|switch|p2a: Barraskewda|Barraskewda, F|100/100
|turn|22
|
|t:|1760846739
|-terastallize|p1a: Pharaoh's Curse|Flying
|move|p2a: Barraskewda|Flip Turn|p1a: Pharaoh's Curse
|-damage|p1a: Pharaoh's Curse|35/100
|-damage|p2a: Barraskewda|91/100|[from] item: Life Orb
|
|t:|1760846744
|switch|p2a: Pelipper|Pelipper, F|74/100|[from] Flip Turn
|-weather|RainDance|[from] ability: Drizzle|[of] p2a: Pelipper
|move|p1a: Pharaoh's Curse|Thunder Wave|p2a: Pelipper
|-status|p2a: Pelipper|par
|
|-weather|RainDance|[upkeep]
|upkeep
|turn|23
|
|t:|1760846755
|switch|p1a: FISH|Alomomola, M|100/100
|cant|p2a: Pelipper|par
|
|-weather|RainDance|[upkeep]
|upkeep
|turn|24
|
|t:|1760846762
|move|p1a: FISH|Wish|p1a: FISH
|move|p2a: Pelipper|U-turn|p1a: FISH
|-damage|p1a: FISH|95/100
|
|t:|1760846766
|switch|p2a: Tornadus|Tornadus-Therian, M|48/100|[from] U-turn
|
|-weather|RainDance|[upkeep]
|upkeep
|turn|25
|
|t:|1760846771
|move|p2a: Tornadus|Hurricane|p1a: FISH
|-damage|p1a: FISH|28/100
|move|p1a: FISH|Flip Turn|p2a: Tornadus
|-damage|p2a: Tornadus|17/100
|
|t:|1760846774
|switch|p1a: Pharaoh's Curse|Tyranitar, F, shiny, tera:Flying|35/100|[from] Flip Turn
|-weather|Sandstorm|[from] ability: Sand Stream|[of] p1a: Pharaoh's Curse
|
|-weather|Sandstorm|[upkeep]
|-damage|p2a: Tornadus|11/100|[from] Sandstorm
|-damage|p1a: Pharaoh's Curse|29/100|[from] Sandstorm
|-heal|p1a: Pharaoh's Curse|88/100|[from] move: Wish|[wisher] FISH
|upkeep
|turn|26
|
|t:|1760846793
|switch|p2a: Pelipper|Pelipper, F|74/100 par
|-weather|RainDance|[from] ability: Drizzle|[of] p2a: Pelipper
|move|p1a: Pharaoh's Curse|Stealth Rock|p2a: Pelipper
|-sidestart|p2: AB_Bootz|move: Stealth Rock
|
|-weather|RainDance|[upkeep]
|upkeep
|turn|27
|
|t:|1760846806
|move|p1a: Pharaoh's Curse|Knock Off|p2a: Pelipper
|-damage|p2a: Pelipper|38/100 par
|-enditem|p2a: Pelipper|Damp Rock|[from] move: Knock Off|[of] p1a: Pharaoh's Curse
|cant|p2a: Pelipper|par
|
|-weather|RainDance|[upkeep]
|upkeep
|turn|28
|
|t:|1760846814
|switch|p1a: FISH|Alomomola, M|61/100
|switch|p2a: Iron Treads|Iron Treads|100/100
|-damage|p2a: Iron Treads|98/100|[from] Stealth Rock
|
|-weather|RainDance|[upkeep]
|-heal|p2a: Iron Treads|100/100|[from] item: Leftovers
|upkeep
|turn|29
|
|t:|1760846827
|move|p2a: Iron Treads|Stealth Rock|p1a: FISH
|-sidestart|p1: AverageJo72|move: Stealth Rock
|move|p1a: FISH|Wish|p1a: FISH
|
|-weather|RainDance|[upkeep]
|upkeep
|turn|30
|c|☆AB_Bootz|i hate this fish
|
|t:|1760846834
|move|p2a: Iron Treads|Rapid Spin|p1a: FISH
|-damage|p1a: FISH|54/100
|-boost|p2a: Iron Treads|spe|1
|-sideend|p2: AB_Bootz|Stealth Rock|[from] move: Rapid Spin|[of] p2a: Iron Treads
|move|p1a: FISH|Flip Turn|p2a: Iron Treads
|-supereffective|p2a: Iron Treads
|-damage|p2a: Iron Treads|61/100
|
|t:|1760846842
|switch|p1a: AC-130|Skarmory, F|24/100|[from] Flip Turn
|-damage|p1a: AC-130|12/100|[from] Stealth Rock
|
|-weather|RainDance|[upkeep]
|-heal|p1a: AC-130|82/100|[from] move: Wish|[wisher] FISH
|-heal|p2a: Iron Treads|67/100|[from] item: Leftovers
|upkeep
|turn|31
|
|t:|1760846857
|move|p2a: Iron Treads|Knock Off|p1a: AC-130
|-damage|p1a: AC-130|67/100
|-damage|p2a: Iron Treads|51/100|[from] item: Rocky Helmet|[of] p1a: AC-130
|-enditem|p1a: AC-130|Rocky Helmet|[from] move: Knock Off|[of] p2a: Iron Treads
|move|p1a: AC-130|Iron Defense|p1a: AC-130
|-boost|p1a: AC-130|def|2
|
|-weather|RainDance|[upkeep]
|-heal|p2a: Iron Treads|57/100|[from] item: Leftovers
|upkeep
|turn|32
|
|t:|1760846869
|move|p2a: Iron Treads|Knock Off|p1a: AC-130
|-damage|p1a: AC-130|61/100
|move|p1a: AC-130|Body Press|p2a: Iron Treads
|-supereffective|p2a: Iron Treads
|-damage|p2a: Iron Treads|0 fnt
|faint|p2a: Iron Treads
|-end|p2a: Iron Treads|Quark Drive|[silent]
|
|-weather|RainDance|[upkeep]
|upkeep
|
|t:|1760846873
|switch|p2a: Raging Bolt|Raging Bolt|82/100
|turn|33
|
|t:|1760846883
|move|p2a: Raging Bolt|Thunder|p1a: AC-130
|-supereffective|p1a: AC-130
|-damage|p1a: AC-130|0 fnt
|faint|p1a: AC-130
|
|-weather|none
|upkeep
|
|t:|1760846895
|switch|p1a: Bonk!|Arcanine-Hisui, F|100/100
|-damage|p1a: Bonk!|76/100|[from] Stealth Rock
|turn|34
|
|t:|1760846922
|-end|p2a: Raging Bolt|Protosynthesis|[silent]
|switch|p2a: Pelipper|Pelipper, F|38/100 par
|-weather|RainDance|[from] ability: Drizzle|[of] p2a: Pelipper
|move|p1a: Bonk!|Head Smash|p2a: Pelipper
|-supereffective|p2a: Pelipper
|-damage|p2a: Pelipper|0 fnt
|faint|p2a: Pelipper
|
|-weather|RainDance|[upkeep]
|upkeep
|
|t:|1760846925
|switch|p2a: Barraskewda|Barraskewda, F|91/100
|turn|35
|
|t:|1760846934
|switch|p1a: FISH|Alomomola, M|87/100
|move|p2a: Barraskewda|Flip Turn|p1a: FISH
|-resisted|p1a: FISH
|-damage|p1a: FISH|67/100
|-damage|p2a: Barraskewda|81/100|[from] item: Life Orb
|
|t:|1760846939
|switch|p2a: Raging Bolt|Raging Bolt|82/100|[from] Flip Turn
|
|-weather|RainDance|[upkeep]
|upkeep
|turn|36
|
|t:|1760846946
|move|p1a: FISH|Protect|p1a: FISH
|-singleturn|p1a: FISH|Protect
|move|p2a: Raging Bolt|Thunder|p1a: FISH
|-activate|p1a: FISH|move: Protect
|
|-weather|RainDance|[upkeep]
|upkeep
|turn|37
|
|t:|1760846951
|switch|p1a: Pharaoh's Curse|Tyranitar, F, shiny, tera:Flying|88/100
|-weather|Sandstorm|[from] ability: Sand Stream|[of] p1a: Pharaoh's Curse
|move|p2a: Raging Bolt|Thunder|p1a: Pharaoh's Curse
|-supereffective|p1a: Pharaoh's Curse
|-damage|p1a: Pharaoh's Curse|13/100
|
|-weather|Sandstorm|[upkeep]
|-damage|p2a: Raging Bolt|76/100|[from] Sandstorm
|-damage|p1a: Pharaoh's Curse|7/100|[from] Sandstorm
|upkeep
|turn|38
|
|t:|1760846963
|move|p2a: Raging Bolt|Thunderclap||[still]
|-fail|p2a: Raging Bolt
|move|p1a: Pharaoh's Curse|Stealth Rock|p2a: Raging Bolt
|-sidestart|p2: AB_Bootz|move: Stealth Rock
|
|-weather|Sandstorm|[upkeep]
|-damage|p2a: Raging Bolt|70/100|[from] Sandstorm
|-damage|p1a: Pharaoh's Curse|1/100|[from] Sandstorm
|upkeep
|turn|39
|
|t:|1760846971
|move|p2a: Raging Bolt|Thunderclap|p1a: Pharaoh's Curse
|-supereffective|p1a: Pharaoh's Curse
|-damage|p1a: Pharaoh's Curse|0 fnt
|faint|p1a: Pharaoh's Curse
|
|-weather|Sandstorm|[upkeep]
|-damage|p2a: Raging Bolt|64/100|[from] Sandstorm
|upkeep
|
|t:|1760846980
|switch|p1a: FISH|Alomomola, M|99/100
|turn|40
|
|t:|1760846986
|move|p2a: Raging Bolt|Thunder|p1a: FISH|[miss]
|-miss|p2a: Raging Bolt|p1a: FISH
|move|p1a: FISH|Wish|p1a: FISH
|
|-weather|Sandstorm|[upkeep]
|-damage|p2a: Raging Bolt|58/100|[from] Sandstorm
|-damage|p1a: FISH|94/100|[from] Sandstorm
|upkeep
|turn|41
|
|t:|1760847000
|move|p2a: Raging Bolt|Thunder|p1a: FISH|[miss]
|-miss|p2a: Raging Bolt|p1a: FISH
|move|p1a: FISH|Flip Turn|p2a: Raging Bolt
|-resisted|p2a: Raging Bolt
|-damage|p2a: Raging Bolt|50/100
|
|t:|1760847002
|switch|p1a: Bonk!|Arcanine-Hisui, F|76/100|[from] Flip Turn
|-damage|p1a: Bonk!|51/100|[from] Stealth Rock
|
|-weather|none
|-heal|p1a: Bonk!|100/100|[from] move: Wish|[wisher] FISH
|upkeep
|turn|42
|
|t:|1760847026
|-end|p2a: Raging Bolt|Protosynthesis|[silent]
|switch|p2a: Tornadus|Tornadus-Therian, M|44/100
|-damage|p2a: Tornadus|19/100|[from] Stealth Rock
|move|p1a: Bonk!|Close Combat|p2a: Tornadus
|-resisted|p2a: Tornadus
|-damage|p2a: Tornadus|0 fnt
|-unboost|p1a: Bonk!|def|1
|-unboost|p1a: Bonk!|spd|1
|faint|p2a: Tornadus
|
|upkeep
|
|t:|1760847041
|switch|p2a: Barraskewda|Barraskewda, F|81/100
|-damage|p2a: Barraskewda|69/100|[from] Stealth Rock
|turn|43
|
|t:|1760847062
|switch|p1a: FISH|Alomomola, M|100/100
|move|p2a: Barraskewda|Close Combat|p1a: FISH
|-crit|p1a: FISH
|-damage|p1a: FISH|50/100
|-unboost|p2a: Barraskewda|def|1
|-unboost|p2a: Barraskewda|spd|1
|-damage|p2a: Barraskewda|59/100|[from] item: Life Orb
|
|upkeep
|turn|44
|
|t:|1760847074
|move|p2a: Barraskewda|Close Combat|p1a: FISH
|-damage|p1a: FISH|13/100
|-unboost|p2a: Barraskewda|def|1
|-unboost|p2a: Barraskewda|spd|1
|-damage|p2a: Barraskewda|49/100|[from] item: Life Orb
|move|p1a: FISH|Wish|p1a: FISH
|
|upkeep
|turn|45
|
|t:|1760847082
|switch|p2a: Raging Bolt|Raging Bolt|50/100
|-damage|p2a: Raging Bolt|38/100|[from] Stealth Rock
|move|p1a: FISH|Protect||[still]
|-fail|p1a: FISH
|
|-heal|p1a: FISH|63/100|[from] move: Wish|[wisher] FISH
|upkeep
|turn|46
|
|t:|1760847089
|move|p2a: Raging Bolt|Thunder|p1a: FISH
|-supereffective|p1a: FISH
|-damage|p1a: FISH|0 fnt
|faint|p1a: FISH
|
|upkeep
|
|t:|1760847091
|switch|p1a: Bonk!|Arcanine-Hisui, F|100/100
|-damage|p1a: Bonk!|76/100|[from] Stealth Rock
|turn|47
|
|t:|1760847106
|move|p1a: Bonk!|Extreme Speed|p2a: Raging Bolt
|-damage|p2a: Raging Bolt|4/100
|move|p2a: Raging Bolt|Thunderclap||[still]
|-fail|p2a: Raging Bolt
|
|upkeep
|turn|48
|
|t:|1760847114
|move|p1a: Bonk!|Extreme Speed|p2a: Raging Bolt
|-damage|p2a: Raging Bolt|0 fnt
|faint|p2a: Raging Bolt
|-end|p2a: Raging Bolt|Protosynthesis|[silent]
|
|upkeep
|
|t:|1760847117
|switch|p2a: Barraskewda|Barraskewda, F|49/100
|-damage|p2a: Barraskewda|37/100|[from] Stealth Rock
|turn|49
|
|t:|1760847120
|move|p1a: Bonk!|Extreme Speed|p2a: Barraskewda
|-damage|p2a: Barraskewda|0 fnt
|faint|p2a: Barraskewda
|
|win|AverageJo72
|raw|AverageJo72's rating: 1425 &rarr; <strong>1442</strong><br />(+17 for winning)
|raw|AB_Bootz's rating: 1379 &rarr; <strong>1362</strong><br />(-17 for losing)
|c|☆AverageJo72|gg wp
|l|☆AverageJo72
|player|p1|
