|j|☆MK29
|j|☆Srtdeiji
|inactive|Battle timer is ON: inactive players will automatically lose when time's up.
|t:|1760759525
|gametype|singles
|player|p1|MK29|swimmerf-gen4|
|player|p2|Srtdeiji|102|
|gen|9
|tier|[Gen 9] OU
|rated|Tournament battle
|rule|HP Percentage Mod: HP is shown in percentages
|rule|Endless Battle Clause: Forcing endless battles is banned
|rule|Species Clause: Limit one of each Pokémon
|rule|OHKO Clause: OHKO moves are banned
|rule|Evasion Items Clause: Evasion items are banned
|rule|Evasion Moves Clause: Evasion moves are banned
|rule|Evasion Abilities Clause: Evasion abilities are banned
|rule|Sleep Moves Clause: Sleep-inducing moves are banned
|raw|<div class="infobox"><details class="readmore" open><summary><strong>2 custom rules:</strong></summary> -All Items, +Quick Claw</details></div>
|clearpoke
|poke|p1|Dragonite, M|
|poke|p1|Ting-Lu|
|poke|p1|Iron Valiant|
|poke|p1|Gholdengo|
|poke|p1|Zamazenta-*|
|poke|p1|Darkrai|
|poke|p2|Grimmsnarl, M|
|poke|p2|Kilowattrel, F|
|poke|p2|Dragapult, F|
|poke|p2|Cinderace, F|
|poke|p2|Iron Valiant|
|poke|p2|Kingambit, M|
|teampreview
|j|*Lady Monita ☀
|inactive|MK29 also wants the timer to be on.
|c|☆MK29|Glhf
|
|t:|1760759540
|teamsize|p1|6
|teamsize|p2|6
|start
|switch|p1a: Ting-Lu|Ting-Lu|100/100
|switch|p2a: Grimmsnarl|Grimmsnarl, M|100/100
|-ability|p1a: Ting-Lu|Vessel of Ruin
|turn|1
|
|t:|1760759544
|move|p2a: Grimmsnarl|Reflect|p2a: Grimmsnarl
|-sidestart|p2: Srtdeiji|Reflect
|move|p1a: Ting-Lu|Taunt|p2a: Grimmsnarl
|-start|p2a: Grimmsnarl|move: Taunt
|
|upkeep
|turn|2
|-activate|p1a: Ting-Lu|item: Quick Claw
|
|t:|1760759546
|move|p1a: Ting-Lu|Stealth Rock|p2a: Grimmsnarl
|-sidestart|p2: Srtdeiji|move: Stealth Rock
|-activate|p2a: Grimmsnarl|move: Struggle
|move|p2a: Grimmsnarl|Struggle|p1a: Ting-Lu
|-damage|p1a: Ting-Lu|92/100
|-damage|p2a: Grimmsnarl|75/100|[from] recoil
|
|upkeep
|turn|3
|
|t:|1760759550
|move|p1a: Ting-Lu|Ruination|p2a: Grimmsnarl
|-damage|p2a: Grimmsnarl|38/100
|-activate|p2a: Grimmsnarl|move: Struggle
|move|p2a: Grimmsnarl|Struggle|p1a: Ting-Lu
|-damage|p1a: Ting-Lu|85/100
|-damage|p2a: Grimmsnarl|13/100|[from] recoil
|
|upkeep
|turn|4
|
|t:|1760759552
|move|p1a: Ting-Lu|Earthquake|p2a: Grimmsnarl
|-damage|p2a: Grimmsnarl|0 fnt
|faint|p2a: Grimmsnarl
|
|upkeep
|
|t:|1760759555
|switch|p2a: Kilowattrel|Kilowattrel, F|100/100
|-damage|p2a: Kilowattrel|76/100|[from] Stealth Rock
|turn|5
|-activate|p2a: Kilowattrel|item: Quick Claw
|
|t:|1760759561
|move|p2a: Kilowattrel|Tailwind|p2a: Kilowattrel
|-sidestart|p2: Srtdeiji|move: Tailwind
|-start|p2a: Kilowattrel|Charge|Tailwind|[from] ability: Wind Power
|move|p1a: Ting-Lu|Ruination|p2a: Kilowattrel
|-damage|p2a: Kilowattrel|38/100
|
|-sideend|p2: Srtdeiji|Reflect
|upkeep
|turn|6
|
|t:|1760759568
|move|p2a: Kilowattrel|Air Slash|p1a: Ting-Lu|[miss]
|-miss|p2a: Kilowattrel|p1a: Ting-Lu
|move|p1a: Ting-Lu|Ruination|p2a: Kilowattrel
|-damage|p2a: Kilowattrel|19/100
|
|upkeep
|turn|7
|
|t:|1760759573
|move|p2a: Kilowattrel|Roost|p2a: Kilowattrel
|-heal|p2a: Kilowattrel|70/100
|-singleturn|p2a: Kilowattrel|move: Roost
|move|p1a: Ting-Lu|Taunt|p2a: Kilowattrel
|-start|p2a: Kilowattrel|move: Taunt
|
|upkeep
|turn|8
|
|t:|1760759576
|move|p2a: Kilowattrel|Air Slash|p1a: Ting-Lu
|-damage|p1a: Ting-Lu|64/100
|move|p1a: Ting-Lu|Ruination|p2a: Kilowattrel
|-damage|p2a: Kilowattrel|35/100
|
|-sideend|p2: Srtdeiji|move: Tailwind
|upkeep
|turn|9
|-activate|p2a: Kilowattrel|item: Quick Claw
|
|t:|1760759584
|switch|p1a: Dragonite|Dragonite, M|100/100
|move|p2a: Kilowattrel|Air Slash|p1a: Dragonite
|-damage|p1a: Dragonite|84/100
|
|upkeep
|turn|10
|
|t:|1760759589
|move|p2a: Kilowattrel|Discharge|p1a: Dragonite
|-damage|p1a: Dragonite|13/100
|-end|p2a: Kilowattrel|Charge|[silent]
|move|p1a: Dragonite|Dragon Dance|p1a: Dragonite
|-boost|p1a: Dragonite|atk|1
|-boost|p1a: Dragonite|spe|1
|
|-end|p2a: Kilowattrel|move: Taunt
|upkeep
|turn|11
|
|t:|1760759594
|move|p1a: Dragonite|Extreme Speed|p2a: Kilowattrel
|-damage|p2a: Kilowattrel|0 fnt
|faint|p2a: Kilowattrel
|
|upkeep
|
|t:|1760759596
|switch|p2a: Dragapult|Dragapult, F|100/100
|-damage|p2a: Dragapult|88/100|[from] Stealth Rock
|turn|12
|-activate|p1a: Dragonite|item: Quick Claw
|
|t:|1760759601
|move|p1a: Dragonite|Ice Spinner|p2a: Dragapult
|-supereffective|p2a: Dragapult
|-damage|p2a: Dragapult|0 fnt
|faint|p2a: Dragapult
|
|upkeep
|
|t:|1760759605
|switch|p2a: Cinderace|Cinderace, F|100/100
|-damage|p2a: Cinderace|76/100|[from] Stealth Rock
|turn|13
|
|t:|1760759609
|move|p1a: Dragonite|Earthquake|p2a: Cinderace
|-supereffective|p2a: Cinderace
|-damage|p2a: Cinderace|0 fnt
|faint|p2a: Cinderace
|
|upkeep
|
|t:|1760759612
|switch|p2a: Iron Valiant|Iron Valiant|100/100
|-damage|p2a: Iron Valiant|94/100|[from] Stealth Rock
|turn|14
|
|t:|1760759614
|move|p1a: Dragonite|Extreme Speed|p2a: Iron Valiant
|-damage|p2a: Iron Valiant|38/100
|move|p2a: Iron Valiant|Moonblast|p1a: Dragonite
|-supereffective|p1a: Dragonite
|-damage|p1a: Dragonite|0 fnt
|faint|p1a: Dragonite
|
|upkeep
|
|t:|1760759618
|switch|p1a: Gholdengo|Gholdengo|100/100
|turn|15
|
|t:|1760759624
|move|p2a: Iron Valiant|Thunderbolt|p1a: Gholdengo
|-crit|p1a: Gholdengo
|-damage|p1a: Gholdengo|53/100
|move|p1a: Gholdengo|Make It Rain|p2a: Iron Valiant
|-supereffective|p2a: Iron Valiant
|-damage|p2a: Iron Valiant|0 fnt
|-unboost|p1a: Gholdengo|spa|1
|faint|p2a: Iron Valiant
|-end|p2a: Iron Valiant|Quark Drive|[silent]
|
|upkeep
|
|t:|1760759628
|switch|p2a: Kingambit|Kingambit, M|100/100
|-damage|p2a: Kingambit|94/100|[from] Stealth Rock
|-activate|p2a: Kingambit|ability: Supreme Overlord
|-start|p2a: Kingambit|fallen5|[silent]
|turn|16
|-activate|p2a: Kingambit|item: Quick Claw
|
|t:|1760759636
|switch|p1a: Ting-Lu|Ting-Lu|64/100
|-ability|p1a: Ting-Lu|Vessel of Ruin
|-terastallize|p2a: Kingambit|Ghost
|move|p2a: Kingambit|Kowtow Cleave|p1a: Ting-Lu
|-resisted|p1a: Ting-Lu
|-damage|p1a: Ting-Lu|43/100
|
|upkeep
|turn|17
|
|t:|1760759647
|move|p2a: Kingambit|Iron Head|p1a: Ting-Lu
|-damage|p1a: Ting-Lu|5/100
|move|p1a: Ting-Lu|Taunt|p2a: Kingambit
|-start|p2a: Kingambit|move: Taunt
|
|upkeep
|turn|18
|
|t:|1760759649
|move|p2a: Kingambit|Iron Head|p1a: Ting-Lu
|-damage|p1a: Ting-Lu|0 fnt
|faint|p1a: Ting-Lu
|
|upkeep
|
|t:|1760759652
|switch|p1a: Darkrai|Darkrai|100/100
|turn|19
|
|t:|1760759656
|move|p1a: Darkrai|Dark Pulse|p2a: Kingambit
|-supereffective|p2a: Kingambit
|-damage|p2a: Kingambit|0 fnt
|faint|p2a: Kingambit
|-end|p2a: Kingambit|fallen5|[silent]
|
|win|MK29
|n|☆MK29|mk29
|n|☆Srtdeiji|srtdeiji
|n|*Lady Monita ☀|ladymonita
