|j|☆kinsword
|j|☆Crogenius2
|t:|1760875394
|gametype|singles
|player|p1|kinsword|170|1485
|player|p2|Crogenius2|wattson|1623
|gen|9
|tier|[Gen 9] OU
|rated|
|rule|HP Percentage Mod: HP is shown in percentages
|rule|Endless Battle Clause: Forcing endless battles is banned
|rule|Species Clause: Limit one of each Pokémon
|rule|OHKO Clause: OHKO moves are banned
|rule|Evasion Items Clause: Evasion items are banned
|rule|Evasion Moves Clause: Evasion moves are banned
|rule|Evasion Abilities Clause: Evasion abilities are banned
|rule|Sleep Moves Clause: Sleep-inducing moves are banned
|clearpoke
|poke|p1|Flygon, M|
|poke|p1|Salamence, M|
|poke|p1|Diancie|
|poke|p1|Clodsire, F|
|poke|p1|Skarmory, M|
|poke|p1|Crawdaunt, F|
|poke|p2|Vaporeon, M|
|poke|p2|Garchomp, M|
|poke|p2|Gholdengo|
|poke|p2|Darkrai|
|poke|p2|Scizor, F|
|poke|p2|Great Tusk|
|teampreview
|inactive|Battle timer is ON: inactive players will automatically lose when time's up. (requested by Crogenius2)
|
|t:|1760875416
|teamsize|p1|6
|teamsize|p2|6
|start
|switch|p1a: Flygon|Flygon, M|100/100
|switch|p2a: Gholdengo|Gholdengo|100/100
|turn|1
|
|t:|1760875427
|switch|p2a: Vaporeon|Vaporeon, M|100/100
|move|p1a: Flygon|Earthquake|p2a: Vaporeon
|-damage|p2a: Vaporeon|35/100
|-damage|p1a: Flygon|91/100|[from] item: Life Orb
|
|-heal|p2a: Vaporeon|41/100|[from] item: Leftovers
|upkeep
|turn|2
|
|t:|1760875440
|move|p2a: Vaporeon|Protect|p2a: Vaporeon
|-singleturn|p2a: Vaporeon|Protect
|move|p1a: Flygon|Earthquake|p2a: Vaporeon
|-activate|p2a: Vaporeon|move: Protect
|
|-heal|p2a: Vaporeon|47/100|[from] item: Leftovers
|upkeep
|turn|3
|
|t:|1760875449
|switch|p2a: Garchomp|Garchomp, M|100/100
|move|p1a: Flygon|Draco Meteor|p2a: Garchomp
|-supereffective|p2a: Garchomp
|-damage|p2a: Garchomp|0 fnt
|-unboost|p1a: Flygon|spa|2
|faint|p2a: Garchomp
|-damage|p1a: Flygon|81/100|[from] item: Life Orb
|
|upkeep
|
|t:|1760875456
|switch|p2a: Darkrai|Darkrai|100/100
|turn|4
|
|t:|1760875463
|switch|p1a: Diancie|Diancie|100/100
|move|p2a: Darkrai|Dark Pulse|p1a: Diancie
|-resisted|p1a: Diancie
|-damage|p1a: Diancie|75/100
|
|-heal|p1a: Diancie|81/100|[from] item: Leftovers
|upkeep
|turn|5
|
|t:|1760875473
|switch|p2a: Scizor|Scizor, F|100/100
|move|p1a: Diancie|Diamond Storm|p2a: Scizor
|-damage|p2a: Scizor|61/100
|
|-heal|p1a: Diancie|87/100|[from] item: Leftovers
|upkeep
|turn|6
|
|t:|1760875482
|switch|p1a: Salamence|Salamence, M|100/100
|-ability|p1a: Salamence|Intimidate|boost
|-unboost|p2a: Scizor|atk|1
|move|p2a: Scizor|U-turn|p1a: Salamence
|-resisted|p1a: Salamence
|-damage|p1a: Salamence|77/100
|
|t:|1760875488
|switch|p2a: Gholdengo|Gholdengo|100/100|[from] U-turn
|
|upkeep
|turn|7
|
|t:|1760875494
|move|p2a: Gholdengo|Dazzling Gleam|p1a: Salamence
|-supereffective|p1a: Salamence
|-damage|p1a: Salamence|13/100
|move|p1a: Salamence|Fire Blast|p2a: Gholdengo
|-supereffective|p2a: Gholdengo
|-damage|p2a: Gholdengo|0 fnt
|faint|p2a: Gholdengo
|
|upkeep
|
|t:|1760875498
|switch|p2a: Great Tusk|Great Tusk|100/100
|turn|8
|
|t:|1760875508
|switch|p1a: Skarmory|Skarmory, M|100/100
|move|p2a: Great Tusk|Rapid Spin|p1a: Skarmory
|-resisted|p1a: Skarmory
|-damage|p1a: Skarmory|93/100
|-boost|p2a: Great Tusk|spe|1
|-ability|p1a: Skarmory|Weak Armor|boost
|-unboost|p1a: Skarmory|def|1
|-boost|p1a: Skarmory|spe|2
|
|upkeep
|turn|9
|
|t:|1760875518
|move|p2a: Great Tusk|Close Combat|p1a: Skarmory
|-damage|p1a: Skarmory|16/100
|-unboost|p2a: Great Tusk|def|1
|-unboost|p2a: Great Tusk|spd|1
|-ability|p1a: Skarmory|Weak Armor|boost
|-unboost|p1a: Skarmory|def|1
|-boost|p1a: Skarmory|spe|2
|move|p1a: Skarmory|Swords Dance|p1a: Skarmory
|-boost|p1a: Skarmory|atk|2
|
|upkeep
|turn|10
|
|t:|1760875530
|-end|p2a: Great Tusk|Protosynthesis|[silent]
|switch|p2a: Vaporeon|Vaporeon, M|47/100
|move|p1a: Skarmory|Brave Bird|p2a: Vaporeon
|-damage|p2a: Vaporeon|0 fnt
|faint|p2a: Vaporeon
|-damage|p1a: Skarmory|0 fnt|[from] Recoil
|faint|p1a: Skarmory
|
|upkeep
|
|t:|1760875548
|switch|p1a: Salamence|Salamence, M|13/100
|switch|p2a: Scizor|Scizor, F|61/100
|-ability|p1a: Salamence|Intimidate|boost
|-unboost|p2a: Scizor|atk|1
|turn|11
|
|t:|1760875560
|switch|p1a: Crawdaunt|Crawdaunt, F|100/100
|move|p2a: Scizor|Bullet Punch|p1a: Crawdaunt
|-resisted|p1a: Crawdaunt
|-damage|p1a: Crawdaunt|77/100
|
|upkeep
|turn|12
|
|t:|1760875572
|move|p2a: Scizor|Bullet Punch|p1a: Crawdaunt
|-resisted|p1a: Crawdaunt
|-damage|p1a: Crawdaunt|53/100
|move|p1a: Crawdaunt|Crabhammer|p2a: Scizor
|-damage|p2a: Scizor|0 fnt
|faint|p2a: Scizor
|-damage|p1a: Crawdaunt|43/100|[from] item: Life Orb
|
|upkeep
|
|t:|1760875577
|switch|p2a: Great Tusk|Great Tusk|100/100
|turn|13
|
|t:|1760875588
|switch|p1a: Salamence|Salamence, M|13/100
|-ability|p1a: Salamence|Intimidate|boost
|-unboost|p2a: Great Tusk|atk|1
|move|p2a: Great Tusk|Close Combat|p1a: Salamence
|-resisted|p1a: Salamence
|-damage|p1a: Salamence|0 fnt
|-unboost|p2a: Great Tusk|def|1
|-unboost|p2a: Great Tusk|spd|1
|faint|p1a: Salamence
|
|upkeep
|
|t:|1760875605
|switch|p1a: Diancie|Diancie|87/100
|turn|14
|
|t:|1760875609
|-terastallize|p1a: Diancie|Grass
|move|p2a: Great Tusk|Close Combat|p1a: Diancie
|-damage|p1a: Diancie|52/100
|-unboost|p2a: Great Tusk|def|1
|-unboost|p2a: Great Tusk|spd|1
|move|p1a: Diancie|Moonblast|p2a: Great Tusk
|-supereffective|p2a: Great Tusk
|-damage|p2a: Great Tusk|0 fnt
|faint|p2a: Great Tusk
|-end|p2a: Great Tusk|Protosynthesis|[silent]
|
|-heal|p1a: Diancie|59/100|[from] item: Leftovers
|upkeep
|
|t:|1760875611
|switch|p2a: Darkrai|Darkrai|100/100
|turn|15
|
|t:|1760875625
|-terastallize|p2a: Darkrai|Dark
|move|p2a: Darkrai|Dark Pulse|p1a: Diancie
|-damage|p1a: Diancie|0 fnt
|faint|p1a: Diancie
|
|upkeep
|
|t:|1760875633
|switch|p1a: Flygon|Flygon, M|81/100
|turn|16
|
|t:|1760875637
|move|p1a: Flygon|First Impression|p2a: Darkrai
|-supereffective|p2a: Darkrai
|-damage|p2a: Darkrai|8/100
|-damage|p1a: Flygon|71/100|[from] item: Life Orb
|move|p2a: Darkrai|Dark Pulse|p1a: Flygon
|-damage|p1a: Flygon|0 fnt
|faint|p1a: Flygon
|
|upkeep
|
|t:|1760875646
|switch|p1a: Crawdaunt|Crawdaunt, F|43/100
|turn|17
|
|t:|1760875650
|move|p1a: Crawdaunt|Aqua Jet|p2a: Darkrai
|-damage|p2a: Darkrai|0 fnt
|faint|p2a: Darkrai
|-damage|p1a: Crawdaunt|34/100|[from] item: Life Orb
|
|win|kinsword
|raw|kinsword's rating: 1485 &rarr; <strong>1513</strong><br />(+28 for winning)
|raw|Crogenius2's rating: 1623 &rarr; <strong>1595</strong><br />(-28 for losing)
|c|☆Crogenius2|Gg
|l|☆kinsword
|player|p1|
|l|☆Crogenius2
|player|p2|
