|j|☆jojonotsuck
|j|☆dia90
|t:|1760725005
|gametype|singles
|player|p1|jojonotsuck|skullgrunt|1700
|player|p2|dia90|169|1642
|gen|9
|tier|[Gen 9] OU
|rated|
|rule|HP Percentage Mod: HP is shown in percentages
|rule|Endless Battle Clause: Forcing endless battles is banned
|rule|Species Clause: Limit one of each Pokémon
|rule|OHKO Clause: OHKO moves are banned
|rule|Evasion Items Clause: Evasion items are banned
|rule|Evasion Moves Clause: Evasion moves are banned
|rule|Evasion Abilities Clause: Evasion abilities are banned
|rule|Sleep Moves Clause: Sleep-inducing moves are banned
|clearpoke
|poke|p1|Lokix, F|
|poke|p1|Iron Crown|
|poke|p1|Gliscor, F|
|poke|p1|Garganacl, F|
|poke|p1|Pecharunt|
|poke|p1|Cinderace, F|
|poke|p2|Samurott-Hisui, F|
|poke|p2|Rillaboom, M|
|poke|p2|Gholdengo|
|poke|p2|Emboar, M|
|poke|p2|Dondozo, F|
|poke|p2|Iron Treads|
|teampreview
|inactive|Battle timer is ON: inactive players will automatically lose when time's up. (requested by dia90)
|
|t:|1760725046
|teamsize|p1|6
|teamsize|p2|6
|start
|switch|p1a: Lokix|Lokix, F|100/100
|switch|p2a: Emboar|Emboar, M|100/100
|turn|1
|
|t:|1760725052
|move|p1a: Lokix|U-turn|p2a: Emboar
|-resisted|p2a: Emboar
|-damage|p2a: Emboar|76/100
|
|t:|1760725057
|switch|p1a: Pecharunt|Pecharunt|100/100|[from] U-turn
|move|p2a: Emboar|Bulk Up|p2a: Emboar
|-boost|p2a: Emboar|atk|1
|-boost|p2a: Emboar|def|1
|
|upkeep
|turn|2
|
|t:|1760725063
|move|p1a: Pecharunt|Malignant Chain|p2a: Emboar
|-damage|p2a: Emboar|42/100
|-status|p2a: Emboar|tox
|-start|p2a: Emboar|confusion|[from] ability: Poison Puppeteer|[of] p1a: Pecharunt
|-activate|p2a: Emboar|confusion
|-damage|p2a: Emboar|26/100 tox|[from] confusion
|
|-damage|p2a: Emboar|20/100 tox|[from] psn
|upkeep
|turn|3
|
|t:|1760725072
|-activate|p2a: Emboar|confusion
|-damage|p2a: Emboar|4/100 tox|[from] confusion
|move|p1a: Pecharunt|Foul Play|p2a: Emboar
|-resisted|p2a: Emboar
|-damage|p2a: Emboar|0 fnt
|faint|p2a: Emboar
|
|upkeep
|
|t:|1760725078
|switch|p2a: Samurott|Samurott-Hisui, F|100/100
|turn|4
|j| jamel1
|
|t:|1760725106
|move|p1a: Pecharunt|Malignant Chain|p2a: Samurott
|-damage|p2a: Samurott|64/100
|move|p2a: Samurott|Ceaseless Edge|p1a: Pecharunt|[miss]
|-miss|p2a: Samurott|p1a: Pecharunt
|
|upkeep
|turn|5
|inactive|jojonotsuck has 120 seconds left.
|
|t:|1760725129
|move|p1a: Pecharunt|Parting Shot|p2a: Samurott
|-unboost|p2a: Samurott|atk|1
|-unboost|p2a: Samurott|spa|1
|
|t:|1760725131
|switch|p1a: Lokix|Lokix, F|100/100|[from] Parting Shot
|move|p2a: Samurott|Ceaseless Edge|p1a: Lokix|[miss]
|-miss|p2a: Samurott|p1a: Lokix
|
|upkeep
|turn|6
|
|t:|1760725139
|move|p1a: Lokix|U-turn|p2a: Samurott
|-supereffective|p2a: Samurott
|-damage|p2a: Samurott|0 fnt
|faint|p2a: Samurott
|-message|dia90 forfeited.
|
|win|jojonotsuck
|raw|jojonotsuck's rating: 1700 &rarr; <strong>1717</strong><br />(+17 for winning)
|raw|dia90's rating: 1642 &rarr; <strong>1625</strong><br />(-17 for losing)
|l|☆dia90
|player|p2|
|l|☆jojonotsuck
|player|p1|
|l| jamel1
