|j|☆King.owenjr
|j|☆thebacchusbraviary
|t:|1760763480
|gametype|singles
|player|p1|King.owenjr|170|1364
|player|p2|thebacchusbraviary|winona|1329
|gen|9
|tier|[Gen 9] OU
|rated|
|rule|HP Percentage Mod: HP is shown in percentages
|rule|Endless Battle Clause: Forcing endless battles is banned
|rule|Species Clause: Limit one of each Pokémon
|rule|OHKO Clause: OHKO moves are banned
|rule|Evasion Items Clause: Evasion items are banned
|rule|Evasion Moves Clause: Evasion moves are banned
|rule|Evasion Abilities Clause: Evasion abilities are banned
|rule|Sleep Moves Clause: Sleep-inducing moves are banned
|clearpoke
|poke|p1|Arcanine-Hisui, M|
|poke|p1|Ribombee, F|
|poke|p1|Rillaboom, M|
|poke|p1|Clodsire, M|
|poke|p1|Hydreigon, M|
|poke|p1|Gyarados, M|
|poke|p2|Talonflame, M|
|poke|p2|Enamorus-Therian, F|
|poke|p2|Tyranitar, F|
|poke|p2|Keldeo-Resolute|
|poke|p2|Magnezone|
|poke|p2|Hydrapple, F|
|teampreview
|inactive|Battle timer is ON: inactive players will automatically lose when time's up. (requested by thebacchusbraviary)
|
|t:|1760763502
|teamsize|p1|6
|teamsize|p2|6
|start
|switch|p1a: Rillaboom|Rillaboom, M|100/100
|switch|p2a: Magnezone|Magnezone|100/100
|-fieldstart|move: Grassy Terrain|[from] ability: Grassy Surge|[of] p1a: Rillaboom
|turn|1
|
|t:|1760763512
|switch|p2a: Talonflame|Talonflame, M|100/100
|move|p1a: Rillaboom|U-turn|p2a: Talonflame
|-resisted|p2a: Talonflame
|-damage|p2a: Talonflame|93/100
|
|t:|1760763517
|switch|p1a: Arcanine|Arcanine-Hisui, M|100/100|[from] U-turn
|
|upkeep
|turn|2
|
|t:|1760763522
|move|p2a: Talonflame|U-turn|p1a: Arcanine
|-resisted|p1a: Arcanine
|-damage|p1a: Arcanine|90/100
|
|t:|1760763525
|switch|p2a: Keldeo|Keldeo-Resolute|100/100|[from] U-turn
|move|p1a: Arcanine|Stealth Rock|p2a: Keldeo
|-sidestart|p2: thebacchusbraviary|move: Stealth Rock
|
|-heal|p1a: Arcanine|96/100|[from] Grassy Terrain
|upkeep
|turn|3
|
|t:|1760763533
|switch|p1a: Rillaboom|Rillaboom, M|100/100
|move|p2a: Keldeo|Air Slash|p1a: Rillaboom
|-supereffective|p1a: Rillaboom
|-damage|p1a: Rillaboom|30/100
|-damage|p2a: Keldeo|91/100|[from] item: Life Orb
|
|-heal|p2a: Keldeo|97/100|[from] Grassy Terrain
|-heal|p1a: Rillaboom|37/100|[from] Grassy Terrain
|upkeep
|turn|4
|
|t:|1760763543
|switch|p2a: Talonflame|Talonflame, M|93/100
|move|p1a: Rillaboom|U-turn|p2a: Talonflame
|-resisted|p2a: Talonflame
|-damage|p2a: Talonflame|86/100
|
|t:|1760763549
|switch|p1a: Arcanine|Arcanine-Hisui, M|96/100|[from] U-turn
|
|-heal|p1a: Arcanine|100/100|[from] Grassy Terrain
|upkeep
|turn|5
|
|t:|1760763555
|move|p2a: Talonflame|U-turn|p1a: Arcanine
|-resisted|p1a: Arcanine
|-damage|p1a: Arcanine|90/100
|
|t:|1760763560
|switch|p2a: Hydrapple|Hydrapple, F|100/100|[from] U-turn
|-damage|p2a: Hydrapple|88/100|[from] Stealth Rock
|move|p1a: Arcanine|Head Smash|p2a: Hydrapple
|-damage|p2a: Hydrapple|32/100
|
|-heal|p1a: Arcanine|96/100|[from] Grassy Terrain
|-heal|p2a: Hydrapple|38/100|[from] Grassy Terrain
|-fieldend|move: Grassy Terrain
|upkeep
|turn|6
|
|t:|1760763571
|move|p1a: Arcanine|Head Smash|p2a: Hydrapple
|-damage|p2a: Hydrapple|0 fnt
|faint|p2a: Hydrapple
|
|upkeep
|
|t:|1760763573
|switch|p2a: Keldeo|Keldeo-Resolute|97/100
|-damage|p2a: Keldeo|91/100|[from] Stealth Rock
|turn|7
|
|t:|1760763579
|switch|p1a: Ribombee|Ribombee, F|100/100
|move|p2a: Keldeo|Hydro Pump|p1a: Ribombee
|-enditem|p1a: Ribombee|Focus Sash
|-damage|p1a: Ribombee|1/100
|-damage|p2a: Keldeo|81/100|[from] item: Life Orb
|
|upkeep
|turn|8
|
|t:|1760763593
|switch|p2a: Tyranitar|Tyranitar, F|100/100
|-damage|p2a: Tyranitar|88/100|[from] Stealth Rock
|-weather|Sandstorm|[from] ability: Sand Stream|[of] p2a: Tyranitar
|move|p1a: Ribombee|Sticky Web|p2a: Tyranitar
|-sidestart|p2: thebacchusbraviary|move: Sticky Web
|
|-weather|Sandstorm|[upkeep]
|-damage|p1a: Ribombee|0 fnt|[from] Sandstorm
|faint|p1a: Ribombee
|upkeep
|
|t:|1760763603
|switch|p1a: Rillaboom|Rillaboom, M|37/100
|-fieldstart|move: Grassy Terrain|[from] ability: Grassy Surge|[of] p1a: Rillaboom
|turn|9
|
|t:|1760763609
|-terastallize|p2a: Tyranitar|Ghost
|move|p1a: Rillaboom|U-turn|p2a: Tyranitar
|-resisted|p2a: Tyranitar
|-damage|p2a: Tyranitar|80/100
|
|t:|1760763613
|switch|p1a: Hydreigon|Hydreigon, M|100/100|[from] U-turn
|move|p2a: Tyranitar|Knock Off|p1a: Hydreigon
|-resisted|p1a: Hydreigon
|-damage|p1a: Hydreigon|67/100
|-enditem|p1a: Hydreigon|Covert Cloak|[from] move: Knock Off|[of] p2a: Tyranitar
|
|-weather|Sandstorm|[upkeep]
|-damage|p1a: Hydreigon|60/100|[from] Sandstorm
|-damage|p2a: Tyranitar|74/100|[from] Sandstorm
|-heal|p2a: Tyranitar|80/100|[from] Grassy Terrain
|upkeep
|turn|10
|
|t:|1760763626
|move|p1a: Hydreigon|Dark Pulse|p2a: Tyranitar
|-supereffective|p2a: Tyranitar
|-damage|p2a: Tyranitar|31/100
|move|p2a: Tyranitar|Ice Beam|p1a: Hydreigon
|-supereffective|p1a: Hydreigon
|-damage|p1a: Hydreigon|12/100
|
|-weather|Sandstorm|[upkeep]
|-damage|p1a: Hydreigon|6/100|[from] Sandstorm
|-damage|p2a: Tyranitar|25/100|[from] Sandstorm
|-heal|p2a: Tyranitar|31/100|[from] Grassy Terrain
|upkeep
|turn|11
|
|t:|1760763637
|move|p1a: Hydreigon|Flash Cannon|p2a: Tyranitar
|-damage|p2a: Tyranitar|14/100
|move|p2a: Tyranitar|Knock Off|p1a: Hydreigon
|-resisted|p1a: Hydreigon
|-damage|p1a: Hydreigon|0 fnt
|faint|p1a: Hydreigon
|
|-weather|Sandstorm|[upkeep]
|-damage|p2a: Tyranitar|8/100|[from] Sandstorm
|-heal|p2a: Tyranitar|14/100|[from] Grassy Terrain
|upkeep
|
|t:|1760763651
|switch|p1a: Gyarados|Gyarados, M|100/100
|turn|12
|
|t:|1760763656
|move|p1a: Gyarados|Waterfall|p2a: Tyranitar
|-damage|p2a: Tyranitar|0 fnt
|faint|p2a: Tyranitar
|-ability|p1a: Gyarados|Moxie|boost
|-boost|p1a: Gyarados|atk|1
|
|-weather|none
|upkeep
|
|t:|1760763661
|switch|p2a: Magnezone|Magnezone|100/100
|turn|13
|
|t:|1760763665
|move|p1a: Gyarados|Substitute|p1a: Gyarados
|-start|p1a: Gyarados|Substitute
|-damage|p1a: Gyarados|76/100
|move|p2a: Magnezone|Thunderbolt|p1a: Gyarados
|-supereffective|p1a: Gyarados
|-crit|p1a: Gyarados
|-end|p1a: Gyarados|Substitute
|
|-fieldend|move: Grassy Terrain
|upkeep
|turn|14
|
|t:|1760763676
|move|p1a: Gyarados|Waterfall|p2a: Magnezone
|-damage|p2a: Magnezone|25/100
|move|p2a: Magnezone|Thunderbolt|p1a: Gyarados
|-supereffective|p1a: Gyarados
|-damage|p1a: Gyarados|0 fnt
|faint|p1a: Gyarados
|
|upkeep
|
|t:|1760763686
|switch|p1a: Arcanine|Arcanine-Hisui, M|96/100
|turn|15
|
|t:|1760763692
|move|p1a: Arcanine|Flare Blitz|p2a: Magnezone
|-supereffective|p2a: Magnezone
|-damage|p2a: Magnezone|0 fnt
|faint|p2a: Magnezone
|
|upkeep
|
|t:|1760763698
|switch|p2a: Talonflame|Talonflame, M|86/100
|turn|16
|
|t:|1760763702
|move|p2a: Talonflame|Defog|p1a: Arcanine
|-unboost|p1a: Arcanine|evasion|1
|-sideend|p2: thebacchusbraviary|Stealth Rock|[from] move: Defog|[of] p2a: Talonflame
|-sideend|p2: thebacchusbraviary|Sticky Web|[from] move: Defog|[of] p2a: Talonflame
|move|p1a: Arcanine|Head Smash|p2a: Talonflame
|-supereffective|p2a: Talonflame
|-damage|p2a: Talonflame|0 fnt
|faint|p2a: Talonflame
|
|upkeep
|
|t:|1760763704
|switch|p2a: Keldeo|Keldeo-Resolute|81/100
|turn|17
|
|t:|1760763715
|move|p1a: Arcanine|Extreme Speed|p2a: Keldeo
|-damage|p2a: Keldeo|49/100
|move|p2a: Keldeo|Hydro Pump|p1a: Arcanine
|-supereffective|p1a: Arcanine
|-damage|p1a: Arcanine|0 fnt
|faint|p1a: Arcanine
|-damage|p2a: Keldeo|40/100|[from] item: Life Orb
|
|upkeep
|
|t:|1760763725
|switch|p1a: Rillaboom|Rillaboom, M|37/100
|-fieldstart|move: Grassy Terrain|[from] ability: Grassy Surge|[of] p1a: Rillaboom
|turn|18
|
|t:|1760763729
|switch|p2a: Enamorus|Enamorus-Therian, F|100/100
|move|p1a: Rillaboom|Grassy Glide|p2a: Enamorus
|-resisted|p2a: Enamorus
|-damage|p2a: Enamorus|87/100
|
|-heal|p1a: Rillaboom|43/100|[from] Grassy Terrain
|upkeep
|turn|19
|
|t:|1760763737
|move|p1a: Rillaboom|Leech Seed|p2a: Enamorus
|-start|p2a: Enamorus|move: Leech Seed
|move|p2a: Enamorus|Mystical Fire|p1a: Rillaboom
|-supereffective|p1a: Rillaboom
|-damage|p1a: Rillaboom|0 fnt
|faint|p1a: Rillaboom
|
|upkeep
|
|t:|1760763745
|switch|p1a: Clodsire|Clodsire, M|100/100
|turn|20
|
|t:|1760763748
|switch|p2a: Keldeo|Keldeo-Resolute|40/100
|move|p1a: Clodsire|Toxic|p2a: Keldeo
|-status|p2a: Keldeo|tox
|
|-heal|p2a: Keldeo|46/100 tox|[from] Grassy Terrain
|-damage|p2a: Keldeo|40/100 tox|[from] psn
|upkeep
|turn|21
|
|t:|1760763760
|-terastallize|p1a: Clodsire|Ghost
|move|p2a: Keldeo|Hydro Pump|p1a: Clodsire|[miss]
|-miss|p2a: Keldeo|p1a: Clodsire
|move|p1a: Clodsire|Stomping Tantrum|p2a: Keldeo
|-damage|p2a: Keldeo|16/100 tox
|
|-heal|p2a: Keldeo|22/100 tox|[from] Grassy Terrain
|-damage|p2a: Keldeo|10/100 tox|[from] psn
|upkeep
|turn|22
|
|t:|1760763771
|move|p2a: Keldeo|Hydro Pump|p1a: Clodsire
|-damage|p1a: Clodsire|58/100
|-damage|p2a: Keldeo|0 fnt|[from] item: Life Orb
|faint|p2a: Keldeo
|move|p1a: Clodsire|Recover|p1a: Clodsire
|-heal|p1a: Clodsire|100/100
|
|-fieldend|move: Grassy Terrain
|upkeep
|
|t:|1760763773
|switch|p2a: Enamorus|Enamorus-Therian, F|87/100
|turn|23
|
|t:|1760763782
|move|p2a: Enamorus|Moonblast|p1a: Clodsire
|-damage|p1a: Clodsire|69/100
|-unboost|p1a: Clodsire|spa|1
|move|p1a: Clodsire|Toxic|p2a: Enamorus
|-status|p2a: Enamorus|tox
|
|-heal|p1a: Clodsire|76/100|[from] item: Leftovers
|-damage|p2a: Enamorus|81/100 tox|[from] psn
|upkeep
|turn|24
|
|t:|1760763792
|move|p2a: Enamorus|Moonblast|p1a: Clodsire
|-damage|p1a: Clodsire|45/100
|move|p1a: Clodsire|Recover|p1a: Clodsire
|-heal|p1a: Clodsire|95/100
|
|-heal|p1a: Clodsire|100/100|[from] item: Leftovers
|-damage|p2a: Enamorus|69/100 tox|[from] psn
|upkeep
|turn|25
|-message|thebacchusbraviary forfeited.
|
|win|King.owenjr
|raw|King.owenjr's rating: 1364 &rarr; <strong>1382</strong><br />(+18 for winning)
|raw|thebacchusbraviary's rating: 1329 &rarr; <strong>1311</strong><br />(-18 for losing)
|l|☆thebacchusbraviary
|player|p2|
|l|☆King.owenjr
|player|p1|
