|j|‽aizen18800
|j|☆cfuelles
|t:|1760875578
|gametype|singles
|player|p1|aizen18800|1|1258
|player|p2|cfuelles|101|1229
|gen|9
|tier|[Gen 9] OU
|rated|
|rule|HP Percentage Mod: HP is shown in percentages
|rule|Endless Battle Clause: Forcing endless battles is banned
|rule|Species Clause: Limit one of each Pokémon
|rule|OHKO Clause: OHKO moves are banned
|rule|Evasion Items Clause: Evasion items are banned
|rule|Evasion Moves Clause: Evasion moves are banned
|rule|Evasion Abilities Clause: Evasion abilities are banned
|rule|Sleep Moves Clause: Sleep-inducing moves are banned
|clearpoke
|poke|p1|Ambipom, F|
|poke|p1|Slaking, F|
|poke|p1|Dondozo, F|
|poke|p1|Clodsire, F|
|poke|p1|Blissey, F|
|poke|p1|Corviknight, M|
|poke|p2|Darkrai|
|poke|p2|Garchomp, F|
|poke|p2|Great Tusk|
|poke|p2|Moltres|
|poke|p2|Ogerpon-Wellspring, F|
|poke|p2|Pecharunt|
|teampreview
|inactive|Battle timer is ON: inactive players will automatically lose when time's up. (requested by aizen18800)
|
|t:|1760875588
|teamsize|p1|6
|teamsize|p2|6
|start
|switch|p1a: Ambipom|Ambipom, F|100/100
|switch|p2a: Garchomp|Garchomp, F|100/100
|turn|1
|
|t:|1760875596
|switch|p2a: Pecharunt|Pecharunt|100/100
|move|p1a: Ambipom|Fake Out|p2a: Pecharunt
|-immune|p2a: Pecharunt
|
|upkeep
|turn|2
|
|t:|1760875602
|switch|p1a: Clodsire|Clodsire, F|100/100
|move|p2a: Pecharunt|Malignant Chain|p1a: Clodsire
|-resisted|p1a: Clodsire
|-damage|p1a: Clodsire|96/100
|
|-heal|p1a: Clodsire|100/100|[from] item: Leftovers
|upkeep
|turn|3
|
|t:|1760875609
|move|p2a: Pecharunt|Parting Shot|p1a: Clodsire
|-unboost|p1a: Clodsire|atk|1
|-unboost|p1a: Clodsire|spa|1
|
|t:|1760875613
|switch|p2a: Garchomp|Garchomp, F|100/100|[from] Parting Shot
|move|p1a: Clodsire|Toxic Spikes|p2a: Garchomp
|-sidestart|p2: cfuelles|move: Toxic Spikes
|
|upkeep
|turn|4
|
|t:|1760875626
|switch|p2a: Moltres|Moltres|100/100
|switch|p1a: Dondozo|Dondozo, F|100/100
|
|upkeep
|turn|5
|
|t:|1760875634
|switch|p1a: Slaking|Slaking, F|100/100
|move|p2a: Moltres|Roar|p1a: Slaking
|drag|p1a: Dondozo|Dondozo, F|100/100
|
|upkeep
|turn|6
|
|t:|1760875642
|move|p2a: Moltres|Flamethrower|p1a: Dondozo
|-resisted|p1a: Dondozo
|-damage|p1a: Dondozo|81/100
|move|p1a: Dondozo|Liquidation|p2a: Moltres
|-supereffective|p2a: Moltres
|-damage|p2a: Moltres|44/100
|
|-heal|p1a: Dondozo|87/100|[from] item: Leftovers
|upkeep
|turn|7
|
|t:|1760875651
|switch|p1a: Blissey|Blissey, F|100/100
|move|p2a: Moltres|Roost|p2a: Moltres
|-heal|p2a: Moltres|94/100
|-singleturn|p2a: Moltres|move: Roost
|
|upkeep
|turn|8
|
|t:|1760875658
|move|p2a: Moltres|U-turn|p1a: Blissey
|-damage|p1a: Blissey|69/100
|
|t:|1760875660
|switch|p2a: Pecharunt|Pecharunt|100/100|[from] U-turn
|-sideend|p2: cfuelles|move: Toxic Spikes|[of] p2a: Pecharunt
|move|p1a: Blissey|Seismic Toss|p2a: Pecharunt
|-immune|p2a: Pecharunt
|
|-heal|p1a: Blissey|75/100|[from] item: Leftovers
|upkeep
|turn|9
|
|t:|1760875667
|switch|p1a: Clodsire|Clodsire, F|100/100
|move|p2a: Pecharunt|Parting Shot|p1a: Clodsire
|-unboost|p1a: Clodsire|atk|1
|-unboost|p1a: Clodsire|spa|1
|
|t:|1760875673
|switch|p2a: Great Tusk|Great Tusk|100/100|[from] Parting Shot
|
|upkeep
|turn|10
|
|t:|1760875682
|switch|p1a: Corviknight|Corviknight, M|100/100
|move|p2a: Great Tusk|Temper Flare|p1a: Corviknight
|-supereffective|p1a: Corviknight
|-damage|p1a: Corviknight|57/100
|
|-heal|p1a: Corviknight|64/100|[from] item: Leftovers
|upkeep
|turn|11
|
|t:|1760875696
|move|p2a: Great Tusk|Headlong Rush|p1a: Corviknight
|-immune|p1a: Corviknight
|move|p1a: Corviknight|Roost|p1a: Corviknight
|-heal|p1a: Corviknight|100/100
|-singleturn|p1a: Corviknight|move: Roost
|
|upkeep
|turn|12
|
|t:|1760875699
|switch|p1a: Dondozo|Dondozo, F|87/100
|move|p2a: Great Tusk|Temper Flare|p1a: Dondozo
|-resisted|p1a: Dondozo
|-damage|p1a: Dondozo|75/100
|
|-heal|p1a: Dondozo|82/100|[from] item: Leftovers
|upkeep
|turn|13
|
|t:|1760875709
|-end|p2a: Great Tusk|Protosynthesis|[silent]
|switch|p2a: Ogerpon|Ogerpon-Wellspring, F|100/100
|move|p1a: Dondozo|Liquidation|p2a: Ogerpon
|-immune|p2a: Ogerpon|[from] ability: Water Absorb
|
|-heal|p1a: Dondozo|88/100|[from] item: Leftovers
|upkeep
|turn|14
|
|t:|1760875715
|switch|p1a: Corviknight|Corviknight, M|100/100
|move|p2a: Ogerpon|Knock Off|p1a: Corviknight
|-damage|p1a: Corviknight|69/100
|-enditem|p1a: Corviknight|Leftovers|[from] move: Knock Off|[of] p2a: Ogerpon
|
|upkeep
|turn|15
|
|t:|1760875725
|move|p2a: Ogerpon|U-turn|p1a: Corviknight
|-resisted|p1a: Corviknight
|-damage|p1a: Corviknight|63/100
|
|t:|1760875728
|switch|p2a: Moltres|Moltres|94/100|[from] U-turn
|move|p1a: Corviknight|Roost|p1a: Corviknight
|-heal|p1a: Corviknight|100/100
|-singleturn|p1a: Corviknight|move: Roost
|
|upkeep
|turn|16
|
|t:|1760875734
|switch|p1a: Blissey|Blissey, F|75/100
|move|p2a: Moltres|Flamethrower|p1a: Blissey
|-crit|p1a: Blissey
|-damage|p1a: Blissey|59/100
|-status|p1a: Blissey|brn
|
|-heal|p1a: Blissey|65/100 brn|[from] item: Leftovers
|-damage|p1a: Blissey|59/100 brn|[from] brn
|upkeep
|turn|17
|
|t:|1760875741
|move|p2a: Moltres|U-turn|p1a: Blissey
|-damage|p1a: Blissey|31/100 brn
|
|t:|1760875744
|switch|p2a: Pecharunt|Pecharunt|100/100|[from] U-turn
|move|p1a: Blissey|Soft-Boiled|p1a: Blissey
|-heal|p1a: Blissey|81/100 brn
|
|-heal|p1a: Blissey|87/100 brn|[from] item: Leftovers
|-damage|p1a: Blissey|81/100 brn|[from] brn
|upkeep
|turn|18
|
|t:|1760875753
|-curestatus|p1a: Blissey|brn|[from] ability: Natural Cure
|switch|p1a: Clodsire|Clodsire, F|100/100
|move|p2a: Pecharunt|Parting Shot|p1a: Clodsire
|-unboost|p1a: Clodsire|atk|1
|-unboost|p1a: Clodsire|spa|1
|
|t:|1760875758
|switch|p2a: Great Tusk|Great Tusk|100/100|[from] Parting Shot
|
|upkeep
|turn|19
|
|t:|1760875763
|switch|p1a: Corviknight|Corviknight, M|100/100
|move|p2a: Great Tusk|Headlong Rush|p1a: Corviknight
|-immune|p1a: Corviknight
|
|upkeep
|turn|20
|
|t:|1760875770
|move|p2a: Great Tusk|Temper Flare|p1a: Corviknight
|-supereffective|p1a: Corviknight
|-damage|p1a: Corviknight|9/100
|move|p1a: Corviknight|Body Press|p2a: Great Tusk
|-damage|p2a: Great Tusk|85/100
|
|upkeep
|turn|21
|
|t:|1760875786
|move|p2a: Great Tusk|Headlong Rush|p1a: Corviknight
|-immune|p1a: Corviknight
|move|p1a: Corviknight|Roost|p1a: Corviknight
|-heal|p1a: Corviknight|59/100
|-singleturn|p1a: Corviknight|move: Roost
|
|upkeep
|turn|22
|
|t:|1760875793
|switch|p1a: Dondozo|Dondozo, F|88/100
|move|p2a: Great Tusk|Headlong Rush|p1a: Dondozo
|-damage|p1a: Dondozo|63/100
|-unboost|p2a: Great Tusk|def|1
|-unboost|p2a: Great Tusk|spd|1
|
|-heal|p1a: Dondozo|69/100|[from] item: Leftovers
|upkeep
|turn|23
|
|t:|1760875801
|-end|p2a: Great Tusk|Protosynthesis|[silent]
|switch|p2a: Ogerpon|Ogerpon-Wellspring, F|100/100
|move|p1a: Dondozo|Rest|p1a: Dondozo
|-status|p1a: Dondozo|slp|[from] move: Rest
|-heal|p1a: Dondozo|100/100 slp|[silent]
|
|upkeep
|turn|24
|
|t:|1760875807
|switch|p1a: Corviknight|Corviknight, M|59/100
|move|p2a: Ogerpon|Knock Off|p1a: Corviknight
|-damage|p1a: Corviknight|40/100
|
|upkeep
|turn|25
|
|t:|1760875812
|move|p2a: Ogerpon|U-turn|p1a: Corviknight
|-resisted|p1a: Corviknight
|-damage|p1a: Corviknight|35/100
|
|t:|1760875816
|switch|p2a: Moltres|Moltres|94/100|[from] U-turn
|move|p1a: Corviknight|Roost|p1a: Corviknight
|-heal|p1a: Corviknight|85/100
|-singleturn|p1a: Corviknight|move: Roost
|
|upkeep
|turn|26
|
|t:|1760875821
|switch|p1a: Clodsire|Clodsire, F|100/100
|move|p2a: Moltres|Flamethrower|p1a: Clodsire
|-damage|p1a: Clodsire|81/100
|
|-heal|p1a: Clodsire|87/100|[from] item: Leftovers
|upkeep
|turn|27
|
|t:|1760875824
|move|p2a: Moltres|U-turn|p1a: Clodsire
|-resisted|p1a: Clodsire
|-damage|p1a: Clodsire|80/100
|
|t:|1760875833
|switch|p2a: Pecharunt|Pecharunt|100/100|[from] U-turn
|move|p1a: Clodsire|Toxic|p2a: Pecharunt
|-immune|p2a: Pecharunt
|
|-heal|p1a: Clodsire|86/100|[from] item: Leftovers
|upkeep
|turn|28
|
|t:|1760875839
|move|p2a: Pecharunt|Parting Shot|p1a: Clodsire
|-unboost|p1a: Clodsire|atk|1
|-unboost|p1a: Clodsire|spa|1
|
|t:|1760875846
|switch|p2a: Moltres|Moltres|94/100|[from] Parting Shot
|move|p1a: Clodsire|Earthquake|p2a: Moltres
|-immune|p2a: Moltres
|
|-heal|p1a: Clodsire|92/100|[from] item: Leftovers
|upkeep
|turn|29
|
|t:|1760875853
|switch|p2a: Pecharunt|Pecharunt|100/100
|move|p1a: Clodsire|Toxic|p2a: Pecharunt
|-immune|p2a: Pecharunt
|
|-heal|p1a: Clodsire|99/100|[from] item: Leftovers
|upkeep
|turn|30
|
|t:|1760875866
|move|p2a: Pecharunt|Parting Shot|p1a: Clodsire
|-unboost|p1a: Clodsire|atk|1
|-unboost|p1a: Clodsire|spa|1
|
|t:|1760875874
|switch|p2a: Moltres|Moltres|94/100|[from] Parting Shot
|move|p1a: Clodsire|Toxic|p2a: Moltres
|-status|p2a: Moltres|tox
|
|-heal|p1a: Clodsire|100/100|[from] item: Leftovers
|-damage|p2a: Moltres|88/100 tox|[from] psn
|upkeep
|turn|31
|
|t:|1760875884
|move|p2a: Moltres|Flamethrower|p1a: Clodsire
|-damage|p1a: Clodsire|82/100
|move|p1a: Clodsire|Toxic Spikes|p2a: Moltres
|-sidestart|p2: cfuelles|move: Toxic Spikes
|
|-heal|p1a: Clodsire|89/100|[from] item: Leftovers
|-damage|p2a: Moltres|76/100 tox|[from] psn
|upkeep
|turn|32
|
|t:|1760875888
|move|p2a: Moltres|U-turn|p1a: Clodsire
|-resisted|p1a: Clodsire
|-damage|p1a: Clodsire|81/100
|
|t:|1760875891
|switch|p2a: Pecharunt|Pecharunt|100/100|[from] U-turn
|-sideend|p2: cfuelles|move: Toxic Spikes|[of] p2a: Pecharunt
|move|p1a: Clodsire|Earthquake|p2a: Pecharunt
|-supereffective|p2a: Pecharunt
|-damage|p2a: Pecharunt|87/100
|
|-heal|p1a: Clodsire|87/100|[from] item: Leftovers
|upkeep
|turn|33
|
|t:|1760875901
|move|p2a: Pecharunt|Hex|p1a: Clodsire
|-damage|p1a: Clodsire|76/100
|move|p1a: Clodsire|Toxic|p2a: Pecharunt
|-immune|p2a: Pecharunt
|
|-heal|p1a: Clodsire|82/100|[from] item: Leftovers
|upkeep
|turn|34
|
|t:|1760875906
|switch|p1a: Blissey|Blissey, F|81/100
|move|p2a: Pecharunt|Hex|p1a: Blissey
|-immune|p1a: Blissey
|
|-heal|p1a: Blissey|87/100|[from] item: Leftovers
|upkeep
|turn|35
|
|t:|1760875911
|move|p2a: Pecharunt|Malignant Chain|p1a: Blissey
|-damage|p1a: Blissey|79/100
|-status|p1a: Blissey|tox
|-start|p1a: Blissey|confusion|[from] ability: Poison Puppeteer|[of] p2a: Pecharunt
|-activate|p1a: Blissey|confusion
|-damage|p1a: Blissey|77/100 tox|[from] confusion
|
|-heal|p1a: Blissey|83/100 tox|[from] item: Leftovers
|-damage|p1a: Blissey|77/100 tox|[from] psn
|upkeep
|turn|36
|
|t:|1760875930
|switch|p2a: Ogerpon|Ogerpon-Wellspring, F|100/100
|-curestatus|p1a: Blissey|tox|[from] ability: Natural Cure
|switch|p1a: Clodsire|Clodsire, F|82/100
|
|-heal|p1a: Clodsire|89/100|[from] item: Leftovers
|upkeep
|turn|37
|
|t:|1760875941
|switch|p1a: Dondozo|Dondozo, F|100/100 slp
|move|p2a: Ogerpon|Knock Off|p1a: Dondozo
|-damage|p1a: Dondozo|82/100 slp
|-enditem|p1a: Dondozo|Leftovers|[from] move: Knock Off|[of] p2a: Ogerpon
|
|upkeep
|turn|38
|
|t:|1760875952
|move|p2a: Ogerpon|Power Whip|p1a: Dondozo
|-supereffective|p1a: Dondozo
|-damage|p1a: Dondozo|15/100 slp
|cant|p1a: Dondozo|slp
|move|p1a: Dondozo|Sleep Talk|p1a: Dondozo
|move|p1a: Dondozo|Liquidation|p2a: Ogerpon|[from] move: Sleep Talk
|-immune|p2a: Ogerpon|[from] ability: Water Absorb
|
|upkeep
|turn|39
|
|t:|1760875962
|switch|p1a: Corviknight|Corviknight, M|85/100
|move|p2a: Ogerpon|Power Whip|p1a: Corviknight
|-resisted|p1a: Corviknight
|-damage|p1a: Corviknight|70/100
|
|upkeep
|turn|40
|
|t:|1760875972
|move|p2a: Ogerpon|U-turn|p1a: Corviknight
|-resisted|p1a: Corviknight
|-damage|p1a: Corviknight|64/100
|
|t:|1760875974
|switch|p2a: Moltres|Moltres|76/100 tox|[from] U-turn
|move|p1a: Corviknight|Roost|p1a: Corviknight
|-heal|p1a: Corviknight|100/100
|-singleturn|p1a: Corviknight|move: Roost
|
|-damage|p2a: Moltres|70/100 tox|[from] psn
|upkeep
|turn|41
|
|t:|1760875988
|switch|p1a: Clodsire|Clodsire, F|89/100
|move|p2a: Moltres|Flamethrower|p1a: Clodsire
|-damage|p1a: Clodsire|69/100
|
|-heal|p1a: Clodsire|75/100|[from] item: Leftovers
|-damage|p2a: Moltres|58/100 tox|[from] psn
|upkeep
|turn|42
|
|t:|1760875995
|switch|p1a: Slaking|Slaking, F|100/100
|move|p2a: Moltres|Roost|p2a: Moltres
|-heal|p2a: Moltres|100/100 tox
|-singleturn|p2a: Moltres|move: Roost
|
|-damage|p2a: Moltres|82/100 tox|[from] psn
|upkeep
|turn|43
|
|t:|1760876003
|move|p1a: Slaking|Thunder Punch|p2a: Moltres
|-supereffective|p2a: Moltres
|-damage|p2a: Moltres|0 fnt
|-status|p1a: Slaking|brn|[from] ability: Flame Body|[of] p2a: Moltres
|faint|p2a: Moltres
|
|-damage|p1a: Slaking|94/100 brn|[from] brn
|upkeep
|
|t:|1760876016
|switch|p2a: Garchomp|Garchomp, F|100/100
|turn|44
|
|t:|1760876019
|switch|p1a: Dondozo|Dondozo, F|15/100 slp
|move|p2a: Garchomp|Stealth Rock|p1a: Dondozo
|-sidestart|p1: aizen18800|move: Stealth Rock
|
|upkeep
|turn|45
|
|t:|1760876023
|move|p2a: Garchomp|Earthquake|p1a: Dondozo
|-damage|p1a: Dondozo|0 fnt
|faint|p1a: Dondozo
|
|upkeep
|
|t:|1760876037
|switch|p1a: Slaking|Slaking, F|94/100 brn
|-damage|p1a: Slaking|82/100 brn|[from] Stealth Rock
|turn|46
|
|t:|1760876045
|switch|p2a: Pecharunt|Pecharunt|87/100
|move|p1a: Slaking|Giga Impact|p2a: Pecharunt
|-immune|p2a: Pecharunt
|
|-damage|p1a: Slaking|76/100 brn|[from] brn
|upkeep
|turn|47
|-message|aizen18800 forfeited.
|
|win|cfuelles
|raw|aizen18800's rating: 1258 &rarr; <strong>1231</strong><br />(-27 for losing)
|raw|cfuelles's rating: 1229 &rarr; <strong>1256</strong><br />(+27 for winning)
|l|‽aizen18800
|player|p1|
|l|☆cfuelles
|player|p2|
