|j|☆go b3yond
|j|☆isaac_gam3r
|t:|1760883668
|gametype|singles
|player|p1|go b3yond|waiter-gen4dp|1705
|player|p2|isaac_gam3r|acetrainer-gen4dp|1671
|gen|9
|tier|[Gen 9] OU
|rated|
|rule|HP Percentage Mod: HP is shown in percentages
|rule|Endless Battle Clause: Forcing endless battles is banned
|rule|Species Clause: Limit one of each Pokémon
|rule|OHKO Clause: OHKO moves are banned
|rule|Evasion Items Clause: Evasion items are banned
|rule|Evasion Moves Clause: Evasion moves are banned
|rule|Evasion Abilities Clause: Evasion abilities are banned
|rule|Sleep Moves Clause: Sleep-inducing moves are banned
|clearpoke
|poke|p1|Torkoal, F|
|poke|p1|Brute Bonnet|
|poke|p1|Hatterene, F|
|poke|p1|Walking Wake|
|poke|p1|Thundurus-Therian, M|
|poke|p1|Ceruledge, M|
|poke|p2|Garchomp, F|
|poke|p2|Raging Bolt|
|poke|p2|Primarina, M|
|poke|p2|Heatran, M|
|poke|p2|Weezing-Galar, M|
|poke|p2|Weavile, M|
|teampreview
|inactive|Battle timer is ON: inactive players will automatically lose when time's up. (requested by go b3yond)
|inactive|isaac_gam3r also wants the timer to be on.
|
|t:|1760883677
|teamsize|p1|6
|teamsize|p2|6
|start
|switch|p1a: GREAT Bait|Torkoal, F, shiny|100/100
|switch|p2a: Heatran|Heatran, M|100/100
|-weather|SunnyDay|[from] ability: Drought|[of] p1a: GREAT Bait
|turn|1
|
|t:|1760883680
|switch|p1a: Hatterene|Hatterene, F|100/100
|move|p2a: Heatran|Earth Power|p1a: Hatterene
|-damage|p1a: Hatterene|66/100
|-enditem|p1a: Hatterene|Eject Button
|
|t:|1760883689
|switch|p1a: Walking Wake|Walking Wake|100/100
|-activate|p1a: Walking Wake|ability: Protosynthesis
|-start|p1a: Walking Wake|protosynthesisspe
|
|-weather|SunnyDay|[upkeep]
|upkeep
|turn|2
|
|t:|1760883692
|switch|p2a: Primarina|Primarina, M|100/100
|move|p1a: Walking Wake|Flip Turn|p2a: Primarina
|-resisted|p2a: Primarina
|-damage|p2a: Primarina|96/100
|
|t:|1760883694
|-end|p1a: Walking Wake|Protosynthesis|[silent]
|switch|p1a: Brute Bonnet|Brute Bonnet|100/100|[from] Flip Turn
|-activate|p1a: Brute Bonnet|ability: Protosynthesis
|-start|p1a: Brute Bonnet|protosynthesisatk
|
|-weather|SunnyDay|[upkeep]
|-heal|p2a: Primarina|100/100|[from] item: Leftovers
|upkeep
|turn|3
|
|t:|1760883699
|switch|p2a: Heatran|Heatran, M|100/100
|move|p1a: Brute Bonnet|Growth|p1a: Brute Bonnet
|-boost|p1a: Brute Bonnet|atk|2
|-boost|p1a: Brute Bonnet|spa|2
|
|-weather|SunnyDay|[upkeep]
|upkeep
|turn|4
|
|t:|1760883704
|-terastallize|p1a: Brute Bonnet|Fire
|move|p1a: Brute Bonnet|Sucker Punch|p2a: Heatran
|-damage|p2a: Heatran|12/100
|move|p2a: Heatran|Lava Plume|p1a: Brute Bonnet
|-resisted|p1a: Brute Bonnet
|-damage|p1a: Brute Bonnet|71/100
|
|-weather|SunnyDay|[upkeep]
|upkeep
|turn|5
|
|t:|1760883712
|switch|p2a: Weezing|Weezing-Galar, M, shiny|100/100
|move|p1a: Brute Bonnet|Bullet Seed|p2a: Weezing
|-resisted|p2a: Weezing
|-damage|p2a: Weezing|89/100
|-resisted|p2a: Weezing
|-damage|p2a: Weezing|77/100
|-resisted|p2a: Weezing
|-damage|p2a: Weezing|65/100
|-resisted|p2a: Weezing
|-damage|p2a: Weezing|52/100
|-resisted|p2a: Weezing
|-damage|p2a: Weezing|40/100
|-hitcount|p2a: Weezing|5
|
|-weather|SunnyDay|[upkeep]
|-heal|p2a: Weezing|46/100|[from] item: Black Sludge
|upkeep
|turn|6
|
|t:|1760883716
|move|p1a: Brute Bonnet|Tera Blast|p2a: Weezing|[anim] Tera Blast Fire
|-damage|p2a: Weezing|0 fnt
|faint|p2a: Weezing
|
|-weather|SunnyDay|[upkeep]
|upkeep
|
|t:|1760883718
|switch|p2a: Garchomp|Garchomp, F|100/100
|turn|7
|
|t:|1760883721
|move|p1a: Brute Bonnet|Sucker Punch|p2a: Garchomp
|-damage|p2a: Garchomp|0 fnt
|-damage|p1a: Brute Bonnet|58/100|[from] ability: Rough Skin|[of] p2a: Garchomp
|faint|p2a: Garchomp
|
|-weather|SunnyDay|[upkeep]
|upkeep
|
|t:|1760883724
|switch|p2a: Raging Bolt|Raging Bolt|100/100
|-activate|p2a: Raging Bolt|ability: Protosynthesis
|-start|p2a: Raging Bolt|protosynthesisspa
|turn|8
|
|t:|1760883729
|move|p2a: Raging Bolt|Thunderclap|p1a: Brute Bonnet
|-damage|p1a: Brute Bonnet|14/100
|move|p1a: Brute Bonnet|Tera Blast|p2a: Raging Bolt|[anim] Tera Blast Fire
|-resisted|p2a: Raging Bolt
|-damage|p2a: Raging Bolt|27/100
|
|-weather|none
|-end|p2a: Raging Bolt|Protosynthesis
|-end|p1a: Brute Bonnet|Protosynthesis
|-heal|p2a: Raging Bolt|33/100|[from] item: Leftovers
|upkeep
|turn|9
|
|t:|1760883732
|move|p1a: Brute Bonnet|Sucker Punch|p2a: Raging Bolt
|-damage|p2a: Raging Bolt|0 fnt
|faint|p2a: Raging Bolt
|-end|p2a: Raging Bolt|Protosynthesis|[silent]
|
|upkeep
|
|t:|1760883734
|switch|p2a: Weavile|Weavile, M|100/100
|-ability|p2a: Weavile|Pressure
|turn|10
|
|t:|1760883740
|move|p2a: Weavile|Knock Off|p1a: Brute Bonnet
|-damage|p1a: Brute Bonnet|0 fnt
|-enditem|p1a: Brute Bonnet|Loaded Dice|[from] move: Knock Off|[of] p2a: Weavile
|faint|p1a: Brute Bonnet
|-end|p1a: Brute Bonnet|Protosynthesis|[silent]
|
|upkeep
|
|t:|1760883746
|switch|p1a: GREAT Bait|Torkoal, F, shiny|100/100
|-weather|SunnyDay|[from] ability: Drought|[of] p1a: GREAT Bait
|turn|11
|
|t:|1760883749
|switch|p2a: Primarina|Primarina, M|100/100
|move|p1a: GREAT Bait|Overheat|p2a: Primarina
|-resisted|p2a: Primarina
|-damage|p2a: Primarina|68/100
|-unboost|p1a: GREAT Bait|spa|2
|
|-weather|SunnyDay|[upkeep]
|-heal|p2a: Primarina|74/100|[from] item: Leftovers
|upkeep
|turn|12
|
|t:|1760883752
|switch|p1a: Hatterene|Hatterene, F|66/100
|move|p2a: Primarina|Calm Mind|p2a: Primarina
|-boost|p2a: Primarina|spa|1
|-boost|p2a: Primarina|spd|1
|
|-weather|SunnyDay|[upkeep]
|-heal|p2a: Primarina|80/100|[from] item: Leftovers
|upkeep
|turn|13
|
|t:|1760883755
|move|p2a: Primarina|Calm Mind|p2a: Primarina
|-boost|p2a: Primarina|spa|1
|-boost|p2a: Primarina|spd|1
|move|p1a: Hatterene|Nuzzle|p2a: Primarina
|-supereffective|p2a: Primarina
|-crit|p2a: Primarina
|-damage|p2a: Primarina|66/100
|-status|p2a: Primarina|par
|
|-weather|SunnyDay|[upkeep]
|-heal|p2a: Primarina|72/100 par|[from] item: Leftovers
|upkeep
|turn|14
|
|t:|1760883760
|move|p1a: Hatterene|Healing Wish|p1a: Hatterene
|faint|p1a: Hatterene
|cant|p2a: Primarina|par
|
|-weather|SunnyDay|[upkeep]
|-heal|p2a: Primarina|78/100 par|[from] item: Leftovers
|upkeep
|
|t:|1760883762
|switch|p1a: Thundurus|Thundurus-Therian, M|100/100
|turn|15
|
|t:|1760883765
|move|p1a: Thundurus|Thunderbolt|p2a: Primarina
|-supereffective|p2a: Primarina
|-damage|p2a: Primarina|13/100 par
|move|p2a: Primarina|Hyper Voice|p1a: Thundurus
|-damage|p1a: Thundurus|26/100
|
|-weather|SunnyDay|[upkeep]
|-heal|p2a: Primarina|19/100 par|[from] item: Leftovers
|upkeep
|turn|16
|
|t:|1760883768
|move|p2a: Primarina|Protect|p2a: Primarina
|-singleturn|p2a: Primarina|Protect
|move|p1a: Thundurus|Thunderbolt|p2a: Primarina
|-activate|p2a: Primarina|move: Protect
|
|-weather|SunnyDay|[upkeep]
|-heal|p2a: Primarina|25/100 par|[from] item: Leftovers
|upkeep
|turn|17
|-message|isaac_gam3r forfeited.
|
|win|go b3yond
|raw|go b3yond's rating: 1705 &rarr; <strong>1723</strong><br />(+18 for winning)
|raw|isaac_gam3r's rating: 1671 &rarr; <strong>1653</strong><br />(-18 for losing)
|l|☆isaac_gam3r
|player|p2|
|l|☆go b3yond
|player|p1|
