|j|☆belialatrocity
|j|☆xZums 3
|t:|1760846466
|gametype|singles
|player|p1|belialatrocity|veteran|1244
|player|p2|xZums 3|1|1232
|gen|9
|tier|[Gen 9] OU
|rated|
|rule|HP Percentage Mod: HP is shown in percentages
|rule|Endless Battle Clause: Forcing endless battles is banned
|rule|Species Clause: Limit one of each Pokémon
|rule|OHKO Clause: OHKO moves are banned
|rule|Evasion Items Clause: Evasion items are banned
|rule|Evasion Moves Clause: Evasion moves are banned
|rule|Evasion Abilities Clause: Evasion abilities are banned
|rule|Sleep Moves Clause: Sleep-inducing moves are banned
|clearpoke
|poke|p1|Kingambit, M|
|poke|p1|Deoxys-Speed|
|poke|p1|Great Tusk|
|poke|p1|Dragonite, F|
|poke|p1|Iron Moth|
|poke|p1|Primarina, F|
|poke|p2|Rillaboom, F|
|poke|p2|Enamorus, F|
|poke|p2|Ursaluna, M|
|poke|p2|Iron Crown|
|poke|p2|Great Tusk|
|poke|p2|Gholdengo|
|teampreview
|inactive|Battle timer is ON: inactive players will automatically lose when time's up. (requested by xZums 3)
|
|t:|1760846477
|teamsize|p1|6
|teamsize|p2|6
|start
|switch|p1a: Anomаly|Iron Moth|100/100
|switch|p2a: Gholdengo|Gholdengo|100/100
|-item|p2a: Gholdengo|Air Balloon
|-enditem|p1a: Anomаly|Booster Energy
|-activate|p1a: Anomаly|ability: Quark Drive|[fromitem]
|-start|p1a: Anomаly|quarkdrivespe
|turn|1
|
|t:|1760846490
|switch|p2a: Ursaluna|Ursaluna, M|100/100
|-terastallize|p1a: Anomаly|Ground
|move|p1a: Anomаly|Tera Blast|p2a: Ursaluna|[anim] Tera Blast Ground
|-damage|p2a: Ursaluna|78/100
|
|-heal|p2a: Ursaluna|84/100|[from] item: Leftovers
|upkeep
|turn|2
|
|t:|1760846510
|move|p1a: Anomаly|Toxic Spikes|p2a: Ursaluna
|-sidestart|p2: xZums 3|move: Toxic Spikes
|move|p2a: Ursaluna|Body Slam|p1a: Anomаly
|-damage|p1a: Anomаly|45/100
|
|-heal|p2a: Ursaluna|90/100|[from] item: Leftovers
|upkeep
|turn|3
|
|t:|1760846515
|move|p1a: Anomаly|Toxic Spikes|p2a: Ursaluna
|-sidestart|p2: xZums 3|move: Toxic Spikes
|move|p2a: Ursaluna|Body Slam|p1a: Anomаly
|-damage|p1a: Anomаly|0 fnt
|faint|p1a: Anomаly
|-end|p1a: Anomаly|Quark Drive|[silent]
|
|-heal|p2a: Ursaluna|96/100|[from] item: Leftovers
|upkeep
|
|t:|1760846522
|switch|p1a: Yoshi|Dragonite, F, shiny|100/100
|turn|4
|
|t:|1760846533
|switch|p2a: Great Tusk|Great Tusk|100/100
|move|p1a: Yoshi|Ice Spinner|p2a: Great Tusk
|-supereffective|p2a: Great Tusk
|-damage|p2a: Great Tusk|34/100
|
|upkeep
|turn|5
|
|t:|1760846538
|move|p2a: Great Tusk|Rapid Spin|p1a: Yoshi
|-damage|p1a: Yoshi|91/100
|-boost|p2a: Great Tusk|spe|1
|-sideend|p2: xZums 3|Toxic Spikes|[from] move: Rapid Spin|[of] p2a: Great Tusk
|move|p1a: Yoshi|Ice Spinner|p2a: Great Tusk
|-supereffective|p2a: Great Tusk
|-damage|p2a: Great Tusk|0 fnt
|faint|p2a: Great Tusk
|-end|p2a: Great Tusk|Protosynthesis|[silent]
|
|upkeep
|
|t:|1760846549
|switch|p2a: Enamorus|Enamorus, F|100/100
|turn|6
|
|t:|1760846577
|move|p2a: Enamorus|Moonblast|p1a: Yoshi
|-supereffective|p1a: Yoshi
|-damage|p1a: Yoshi|0 fnt
|faint|p1a: Yoshi
|
|upkeep
|inactive|belialatrocity has 120 seconds left.
|
|t:|1760846591
|switch|p1a: Meruem|Kingambit, M|100/100
|-activate|p1a: Meruem|ability: Supreme Overlord
|-start|p1a: Meruem|fallen2|[silent]
|turn|7
|
|t:|1760846600
|switch|p2a: Gholdengo|Gholdengo|100/100
|-item|p2a: Gholdengo|Air Balloon
|move|p1a: Meruem|Swords Dance|p1a: Meruem
|-boost|p1a: Meruem|atk|2
|
|upkeep
|turn|8
|
|t:|1760846622
|move|p1a: Meruem|Sucker Punch|p2a: Gholdengo
|-supereffective|p2a: Gholdengo
|-damage|p2a: Gholdengo|0 fnt
|-enditem|p2a: Gholdengo|Air Balloon
|faint|p2a: Gholdengo
|
|upkeep
|
|t:|1760846625
|switch|p2a: Iron Crown|Iron Crown|100/100
|turn|9
|
|t:|1760846646
|-terastallize|p2a: Iron Crown|Steel
|move|p1a: Meruem|Sucker Punch|p2a: Iron Crown
|-damage|p2a: Iron Crown|0 fnt
|faint|p2a: Iron Crown
|-end|p2a: Iron Crown|Quark Drive|[silent]
|
|upkeep
|
|t:|1760846651
|switch|p2a: Ursaluna|Ursaluna, M|96/100
|turn|10
|
|t:|1760846676
|move|p1a: Meruem|Kowtow Cleave|p2a: Ursaluna
|-damage|p2a: Ursaluna|16/100
|move|p2a: Ursaluna|Earthquake|p1a: Meruem
|-supereffective|p1a: Meruem
|-damage|p1a: Meruem|25/100
|
|-heal|p1a: Meruem|31/100|[from] item: Leftovers
|-heal|p2a: Ursaluna|22/100|[from] item: Leftovers
|upkeep
|turn|11
|
|t:|1760846686
|move|p1a: Meruem|Kowtow Cleave|p2a: Ursaluna
|-damage|p2a: Ursaluna|0 fnt
|faint|p2a: Ursaluna
|
|-heal|p1a: Meruem|37/100|[from] item: Leftovers
|upkeep
|
|t:|1760846688
|switch|p2a: Rillaboom|Rillaboom, F|100/100
|-fieldstart|move: Grassy Terrain|[from] ability: Grassy Surge|[of] p2a: Rillaboom
|turn|12
|
|t:|1760846695
|move|p2a: Rillaboom|Grassy Glide|p1a: Meruem
|-resisted|p1a: Meruem
|-damage|p1a: Meruem|14/100
|move|p1a: Meruem|Sucker Punch||[still]
|-fail|p1a: Meruem
|
|-heal|p1a: Meruem|20/100|[from] Grassy Terrain
|-heal|p1a: Meruem|26/100|[from] item: Leftovers
|upkeep
|turn|13
|
|t:|1760846706
|move|p2a: Rillaboom|Grassy Glide|p1a: Meruem
|-resisted|p1a: Meruem
|-damage|p1a: Meruem|4/100
|move|p1a: Meruem|Kowtow Cleave|p2a: Rillaboom
|-damage|p2a: Rillaboom|0 fnt
|faint|p2a: Rillaboom
|
|-heal|p1a: Meruem|10/100|[from] Grassy Terrain
|-heal|p1a: Meruem|16/100|[from] item: Leftovers
|upkeep
|
|t:|1760846710
|switch|p2a: Enamorus|Enamorus, F|100/100
|turn|14
|
|t:|1760846714
|move|p1a: Meruem|Sucker Punch|p2a: Enamorus
|-resisted|p2a: Enamorus
|-damage|p2a: Enamorus|18/100
|move|p2a: Enamorus|Moonblast|p1a: Meruem
|-damage|p1a: Meruem|0 fnt
|faint|p1a: Meruem
|-end|p1a: Meruem|fallen2|[silent]
|
|upkeep
|
|t:|1760846722
|switch|p1a: Siren|Primarina, F|100/100
|turn|15
|
|t:|1760846728
|move|p2a: Enamorus|Moonblast|p1a: Siren
|-damage|p1a: Siren|68/100
|move|p1a: Siren|Surf|p2a: Enamorus
|-damage|p2a: Enamorus|0 fnt
|faint|p2a: Enamorus
|
|win|belialatrocity
|raw|belialatrocity's rating: 1244 &rarr; <strong>1268</strong><br />(+24 for winning)
|raw|xZums 3's rating: 1232 &rarr; <strong>1208</strong><br />(-24 for losing)
|l|☆belialatrocity
|player|p1|
|l|☆xZums 3
|player|p2|
