|j|☆kittensnax
|j|☆Proterogyrinus
|t:|1760741103
|gametype|singles
|player|p1|kittensnax|kris-gen2|1513
|player|p2|Proterogyrinus|skierf-gen4dp|1467
|gen|9
|tier|[Gen 9] OU
|rated|
|rule|HP Percentage Mod: HP is shown in percentages
|rule|Endless Battle Clause: Forcing endless battles is banned
|rule|Species Clause: Limit one of each Pokémon
|rule|OHKO Clause: OHKO moves are banned
|rule|Evasion Items Clause: Evasion items are banned
|rule|Evasion Moves Clause: Evasion moves are banned
|rule|Evasion Abilities Clause: Evasion abilities are banned
|rule|Sleep Moves Clause: Sleep-inducing moves are banned
|clearpoke
|poke|p1|Porygon2|
|poke|p1|Farigiraf, M|
|poke|p1|Dragonite, F|
|poke|p1|Primarina, F|
|poke|p1|Ursaluna, F|
|poke|p1|Gallade, M|
|poke|p2|Iron Valiant|
|poke|p2|Latias, F|
|poke|p2|Sableye, M|
|poke|p2|Blissey, F|
|poke|p2|Dragonite, M|
|poke|p2|Alomomola, F|
|teampreview
|
|t:|1760741111
|teamsize|p1|6
|teamsize|p2|6
|start
|switch|p1a: Gallade|Gallade, M|100/100
|switch|p2a: Iron Valiant|Iron Valiant|100/100
|turn|1
|
|t:|1760741122
|-terastallize|p1a: Gallade|Steel
|move|p2a: Iron Valiant|Spirit Break|p1a: Gallade
|-resisted|p1a: Gallade
|-damage|p1a: Gallade|52/100
|-unboost|p1a: Gallade|spa|1
|move|p1a: Gallade|Trick Room|p1a: Gallade
|-fieldstart|move: Trick Room|[of] p1a: Gallade
|
|-heal|p1a: Gallade|58/100|[from] item: Leftovers
|upkeep
|turn|2
|
|t:|1760741133
|-end|p2a: Iron Valiant|Quark Drive|[silent]
|switch|p2a: Alomomola|Alomomola, F|100/100
|move|p1a: Gallade|Knock Off|p2a: Alomomola
|-damage|p2a: Alomomola|82/100
|-damage|p1a: Gallade|42/100|[from] item: Rocky Helmet|[of] p2a: Alomomola
|-enditem|p2a: Alomomola|Rocky Helmet|[from] move: Knock Off|[of] p1a: Gallade
|
|-heal|p1a: Gallade|48/100|[from] item: Leftovers
|upkeep
|turn|3
|
|t:|1760741148
|move|p1a: Gallade|Psycho Cut|p2a: Alomomola
|-damage|p2a: Alomomola|49/100
|move|p2a: Alomomola|Flip Turn|p1a: Gallade
|-damage|p1a: Gallade|25/100
|
|t:|1760741154
|switch|p2a: Sableye|Sableye, M|100/100|[from] Flip Turn
|
|-heal|p1a: Gallade|32/100|[from] item: Leftovers
|upkeep
|turn|4
|
|t:|1760741158
|move|p2a: Sableye|Encore|p1a: Gallade
|-start|p1a: Gallade|Encore
|move|p1a: Gallade|Psycho Cut|p2a: Sableye
|-immune|p2a: Sableye
|
|-heal|p1a: Gallade|38/100|[from] item: Leftovers
|upkeep
|turn|5
|
|t:|1760741163
|switch|p1a: Primarina|Primarina, F|100/100
|move|p2a: Sableye|Will-O-Wisp|p1a: Primarina
|-status|p1a: Primarina|brn
|
|-damage|p1a: Primarina|94/100 brn|[from] brn
|-fieldend|move: Trick Room
|upkeep
|turn|6
|
|t:|1760741175
|switch|p1a: Gallade|Gallade, M, tera:Steel|38/100
|move|p2a: Sableye|Protect||[still]
|-fail|p2a: Sableye
|
|-heal|p1a: Gallade|44/100|[from] item: Leftovers
|upkeep
|turn|7
|
|t:|1760741183
|move|p2a: Sableye|Protect|p2a: Sableye
|-singleturn|p2a: Sableye|Protect
|move|p1a: Gallade|Trick Room|p1a: Gallade
|-fieldstart|move: Trick Room|[of] p1a: Gallade
|
|-heal|p1a: Gallade|50/100|[from] item: Leftovers
|upkeep
|turn|8
|
|t:|1760741188
|move|p2a: Sableye|Encore|p1a: Gallade
|-start|p1a: Gallade|Encore
|move|p1a: Gallade|Trick Room|p1a: Gallade
|-fieldend|move: Trick Room
|
|-heal|p1a: Gallade|56/100|[from] item: Leftovers
|upkeep
|turn|9
|
|t:|1760741192
|switch|p1a: Primarina|Primarina, F|94/100 brn
|switch|p2a: Iron Valiant|Iron Valiant|100/100
|
|-damage|p1a: Primarina|88/100 brn|[from] brn
|upkeep
|turn|10
|
|t:|1760741199
|move|p2a: Iron Valiant|Poison Jab|p1a: Primarina
|-supereffective|p1a: Primarina
|-damage|p1a: Primarina|0 fnt
|faint|p1a: Primarina
|
|upkeep
|
|t:|1760741205
|switch|p1a: Ursaluna|Ursaluna, F|100/100
|turn|11
|
|t:|1760741218
|-end|p2a: Iron Valiant|Quark Drive|[silent]
|switch|p2a: Dragonite|Dragonite, M|100/100
|move|p1a: Ursaluna|Bulk Up|p1a: Ursaluna
|-boost|p1a: Ursaluna|atk|1
|-boost|p1a: Ursaluna|def|1
|
|-status|p1a: Ursaluna|brn|[from] item: Flame Orb
|upkeep
|turn|12
|
|t:|1760741234
|move|p2a: Dragonite|Dragon Dance|p2a: Dragonite
|-boost|p2a: Dragonite|atk|1
|-boost|p2a: Dragonite|spe|1
|move|p1a: Ursaluna|Facade|p2a: Dragonite
|-damage|p2a: Dragonite|0 fnt
|faint|p2a: Dragonite
|
|-damage|p1a: Ursaluna|94/100 brn|[from] brn
|upkeep
|
|t:|1760741239
|switch|p2a: Iron Valiant|Iron Valiant|100/100
|turn|13
|
|t:|1760741251
|move|p2a: Iron Valiant|Close Combat|p1a: Ursaluna
|-supereffective|p1a: Ursaluna
|-damage|p1a: Ursaluna|0 fnt
|-unboost|p2a: Iron Valiant|def|1
|-unboost|p2a: Iron Valiant|spd|1
|faint|p1a: Ursaluna
|
|upkeep
|
|t:|1760741256
|switch|p1a: FaRiGiЯaꟻ|Farigiraf, M, shiny|100/100
|turn|14
|
|t:|1760741259
|move|p2a: Iron Valiant|Close Combat|p1a: FaRiGiЯaꟻ
|-crit|p1a: FaRiGiЯaꟻ
|-damage|p1a: FaRiGiЯaꟻ|0 fnt
|-unboost|p2a: Iron Valiant|def|1
|-unboost|p2a: Iron Valiant|spd|1
|faint|p1a: FaRiGiЯaꟻ
|
|upkeep
|
|t:|1760741272
|switch|p1a: a special boy|Porygon2|100/100
|-ability|p1a: a special boy|Download|boost
|-boost|p1a: a special boy|spa|1
|turn|15
|
|t:|1760741276
|move|p2a: Iron Valiant|Close Combat|p1a: a special boy
|-supereffective|p1a: a special boy
|-damage|p1a: a special boy|0 fnt
|-unboost|p2a: Iron Valiant|def|1
|-unboost|p2a: Iron Valiant|spd|1
|faint|p1a: a special boy
|
|upkeep
|
|t:|1760741286
|switch|p1a: Dragonite|Dragonite, F|100/100
|turn|16
|
|t:|1760741290
|-end|p2a: Iron Valiant|Quark Drive|[silent]
|switch|p2a: Sableye|Sableye, M|100/100
|move|p1a: Dragonite|Extreme Speed|p2a: Sableye
|-immune|p2a: Sableye
|
|upkeep
|turn|17
|
|t:|1760741296
|switch|p1a: Gallade|Gallade, M, tera:Steel|56/100
|move|p2a: Sableye|Encore||[still]
|-fail|p2a: Sableye
|
|-heal|p1a: Gallade|62/100|[from] item: Leftovers
|upkeep
|turn|18
|
|t:|1760741303
|move|p2a: Sableye|Protect|p2a: Sableye
|-singleturn|p2a: Sableye|Protect
|move|p1a: Gallade|Knock Off|p2a: Sableye
|-activate|p2a: Sableye|move: Protect
|
|-heal|p1a: Gallade|68/100|[from] item: Leftovers
|upkeep
|turn|19
|
|t:|1760741308
|move|p2a: Sableye|Disable|p1a: Gallade
|-start|p1a: Gallade|Disable|Knock Off
|cant|p1a: Gallade|Disable|Knock Off
|
|-heal|p1a: Gallade|75/100|[from] item: Leftovers
|upkeep
|turn|20
|
|t:|1760741314
|switch|p1a: Dragonite|Dragonite, F|100/100
|move|p2a: Sableye|Will-O-Wisp|p1a: Dragonite
|-status|p1a: Dragonite|brn
|
|-damage|p1a: Dragonite|94/100 brn|[from] brn
|upkeep
|turn|21
|-message|kittensnax forfeited.
|
|win|Proterogyrinus
|raw|kittensnax's rating: 1513 &rarr; <strong>1490</strong><br />(-23 for losing)
|raw|Proterogyrinus's rating: 1467 &rarr; <strong>1490</strong><br />(+23 for winning)
|l|☆kittensnax
|player|p1|
