|j|☆iamfrhaan007
|j|☆PepsiEnby
|t:|1760808910
|gametype|singles
|player|p1|iamfrhaan007|blue|1578
|player|p2|PepsiEnby|lady-gen4|1679
|gen|9
|tier|[Gen 9] OU
|rated|
|rule|HP Percentage Mod: HP is shown in percentages
|rule|Endless Battle Clause: Forcing endless battles is banned
|rule|Species Clause: Limit one of each Pokémon
|rule|OHKO Clause: OHKO moves are banned
|rule|Evasion Items Clause: Evasion items are banned
|rule|Evasion Moves Clause: Evasion moves are banned
|rule|Evasion Abilities Clause: Evasion abilities are banned
|rule|Sleep Moves Clause: Sleep-inducing moves are banned
|clearpoke
|poke|p1|Meowscarada, F|
|poke|p1|Slowking-Galar, F|
|poke|p1|Raging Bolt|
|poke|p1|Ting-Lu|
|poke|p1|Cinderace, F|
|poke|p1|Tornadus-Therian, M|
|poke|p2|Alomomola, F|
|poke|p2|Slowking-Galar, F|
|poke|p2|Cinderace, F|
|poke|p2|Glaceon, M|
|poke|p2|Ting-Lu|
|poke|p2|Salamence, M|
|teampreview
|inactive|Battle timer is ON: inactive players will automatically lose when time's up. (requested by iamfrhaan007)
|
|t:|1760808915
|teamsize|p1|6
|teamsize|p2|6
|start
|switch|p1a: Tornadus|Tornadus-Therian, M|100/100
|switch|p2a: Slowking|Slowking-Galar, F|100/100
|turn|1
|
|t:|1760808923
|move|p1a: Tornadus|Knock Off|p2a: Slowking
|-supereffective|p2a: Slowking
|-damage|p2a: Slowking|72/100
|-enditem|p2a: Slowking|Black Sludge|[from] move: Knock Off|[of] p1a: Tornadus
|move|p2a: Slowking|Toxic|p1a: Tornadus
|-status|p1a: Tornadus|tox
|
|-damage|p1a: Tornadus|94/100 tox|[from] psn
|upkeep
|turn|2
|
|t:|1760808934
|move|p1a: Tornadus|U-turn|p2a: Slowking
|-damage|p2a: Slowking|60/100
|
|t:|1760808937
|switch|p1a: Cinderace|Cinderace, F|100/100|[from] U-turn
|-prepare|p2a: Slowking|Chilly Reception|[premajor]
|move|p2a: Slowking|Chilly Reception|p2a: Slowking
|-weather|Snowscape
|
|t:|1760808943
|switch|p2a: Alomomola|Alomomola, F|100/100|[from] Chilly Reception
|
|-weather|Snowscape|[upkeep]
|upkeep
|turn|3
|
|t:|1760808952
|switch|p1a: Tornadus|Tornadus-Therian, M|100/100 tox
|move|p2a: Alomomola|Flip Turn|p1a: Tornadus
|-damage|p1a: Tornadus|73/100 tox
|
|t:|1760808955
|switch|p2a: Glaceon|Glaceon, M|100/100|[from] Flip Turn
|
|-weather|Snowscape|[upkeep]
|-damage|p1a: Tornadus|67/100 tox|[from] psn
|upkeep
|turn|4
|
|t:|1760808964
|move|p1a: Tornadus|Heat Wave|p2a: Glaceon
|-supereffective|p2a: Glaceon
|-damage|p2a: Glaceon|53/100
|move|p2a: Glaceon|Blizzard|p1a: Tornadus
|-supereffective|p1a: Tornadus
|-damage|p1a: Tornadus|0 fnt
|faint|p1a: Tornadus
|
|-weather|Snowscape|[upkeep]
|-heal|p2a: Glaceon|59/100|[from] ability: Ice Body
|upkeep
|
|t:|1760808977
|switch|p1a: Cinderace|Cinderace, F|100/100
|turn|5
|
|t:|1760808981
|switch|p2a: Slowking|Slowking-Galar, F|93/100
|move|p1a: Cinderace|U-turn|p2a: Slowking
|-start|p1a: Cinderace|typechange|Bug|[from] ability: Libero
|-damage|p2a: Slowking|71/100
|
|t:|1760808988
|switch|p1a: Meowscarada|Meowscarada, F|100/100|[from] U-turn
|
|-weather|Snowscape|[upkeep]
|upkeep
|turn|6
|
|t:|1760808994
|switch|p2a: Salamence|Salamence, M|100/100
|-ability|p2a: Salamence|Intimidate|boost
|-unboost|p1a: Meowscarada|atk|1
|move|p1a: Meowscarada|Knock Off|p2a: Salamence
|-start|p1a: Meowscarada|typechange|Dark|[from] ability: Protean
|-damage|p2a: Salamence|61/100
|-enditem|p2a: Salamence|Heavy-Duty Boots|[from] move: Knock Off|[of] p1a: Meowscarada
|
|-weather|none
|upkeep
|turn|7
|
|t:|1760809005
|switch|p1a: Ting-Lu|Ting-Lu|100/100
|-ability|p1a: Ting-Lu|Vessel of Ruin
|move|p2a: Salamence|Roost|p2a: Salamence
|-heal|p2a: Salamence|100/100
|-singleturn|p2a: Salamence|move: Roost
|
|upkeep
|turn|8
|
|t:|1760809015
|switch|p2a: Slowking|Slowking-Galar, F|100/100
|move|p1a: Ting-Lu|Stealth Rock|p2a: Slowking
|-sidestart|p2: PepsiEnby|move: Stealth Rock
|
|upkeep
|turn|9
|
|t:|1760809023
|move|p1a: Ting-Lu|Earthquake|p2a: Slowking
|-supereffective|p2a: Slowking
|-damage|p2a: Slowking|47/100
|move|p2a: Slowking|Toxic|p1a: Ting-Lu
|-status|p1a: Ting-Lu|tox
|
|-damage|p1a: Ting-Lu|94/100 tox|[from] psn
|upkeep
|turn|10
|
|t:|1760809036
|switch|p1a: Meowscarada|Meowscarada, F|100/100
|switch|p2a: Alomomola|Alomomola, F|100/100
|-damage|p2a: Alomomola|88/100|[from] Stealth Rock
|
|upkeep
|turn|11
|
|t:|1760809046
|switch|p2a: Salamence|Salamence, M|100/100
|-damage|p2a: Salamence|75/100|[from] Stealth Rock
|-ability|p2a: Salamence|Intimidate|boost
|-unboost|p1a: Meowscarada|atk|1
|move|p1a: Meowscarada|Flower Trick|p2a: Salamence
|-start|p1a: Meowscarada|typechange|Grass|[from] ability: Protean
|-resisted|p2a: Salamence
|-crit|p2a: Salamence
|-damage|p2a: Salamence|61/100
|
|upkeep
|turn|12
|
|t:|1760809062
|switch|p1a: Ting-Lu|Ting-Lu|94/100 tox
|-ability|p1a: Ting-Lu|Vessel of Ruin
|move|p2a: Salamence|Dragon Dance|p2a: Salamence
|-boost|p2a: Salamence|atk|1
|-boost|p2a: Salamence|spe|1
|
|-heal|p1a: Ting-Lu|100/100 tox|[from] item: Leftovers
|-damage|p1a: Ting-Lu|94/100 tox|[from] psn
|upkeep
|turn|13
|
|t:|1760809073
|move|p2a: Salamence|Roost|p2a: Salamence
|-heal|p2a: Salamence|100/100
|-singleturn|p2a: Salamence|move: Roost
|move|p1a: Ting-Lu|Whirlwind|p2a: Salamence
|drag|p2a: Glaceon|Glaceon, M|59/100
|
|-heal|p1a: Ting-Lu|100/100 tox|[from] item: Leftovers
|-damage|p1a: Ting-Lu|88/100 tox|[from] psn
|upkeep
|turn|14
|
|t:|1760809087
|switch|p1a: Cinderace|Cinderace, F|100/100
|move|p2a: Glaceon|Blizzard|p1a: Cinderace|[miss]
|-miss|p2a: Glaceon|p1a: Cinderace
|
|upkeep
|turn|15
|
|t:|1760809099
|move|p1a: Cinderace|U-turn|p2a: Glaceon
|-start|p1a: Cinderace|typechange|Bug|[from] ability: Libero
|-damage|p2a: Glaceon|29/100
|
|t:|1760809104
|switch|p1a: Meowscarada|Meowscarada, F|100/100|[from] U-turn
|move|p2a: Glaceon|Mud Shot|p1a: Meowscarada
|-resisted|p1a: Meowscarada
|-damage|p1a: Meowscarada|83/100
|-unboost|p1a: Meowscarada|spe|1
|
|upkeep
|turn|16
|
|t:|1760809112
|move|p1a: Meowscarada|Triple Axel|p2a: Glaceon
|-start|p1a: Meowscarada|typechange|Ice|[from] ability: Protean
|-resisted|p2a: Glaceon
|-damage|p2a: Glaceon|22/100
|-resisted|p2a: Glaceon
|-damage|p2a: Glaceon|9/100
|-resisted|p2a: Glaceon
|-damage|p2a: Glaceon|0 fnt
|faint|p2a: Glaceon
|-hitcount|p2: Glaceon|3
|
|upkeep
|
|t:|1760809120
|switch|p2a: Cinderace|Cinderace, F|100/100
|turn|17
|
|t:|1760809128
|switch|p1a: Ting-Lu|Ting-Lu|88/100 tox
|-ability|p1a: Ting-Lu|Vessel of Ruin
|move|p2a: Cinderace|Court Change|p2a: Cinderace
|-swapsideconditions
|-activate|p2a: Cinderace|move: Court Change
|
|-heal|p1a: Ting-Lu|94/100 tox|[from] item: Leftovers
|-damage|p1a: Ting-Lu|88/100 tox|[from] psn
|upkeep
|turn|18
|
|t:|1760809140
|move|p2a: Cinderace|U-turn|p1a: Ting-Lu
|-supereffective|p1a: Ting-Lu
|-damage|p1a: Ting-Lu|67/100 tox
|
|t:|1760809143
|switch|p2a: Salamence|Salamence, M|100/100|[from] U-turn
|-ability|p2a: Salamence|Intimidate|boost
|-unboost|p1a: Ting-Lu|atk|1
|move|p1a: Ting-Lu|Stealth Rock|p2a: Salamence
|-sidestart|p2: PepsiEnby|move: Stealth Rock
|
|-heal|p1a: Ting-Lu|73/100 tox|[from] item: Leftovers
|-damage|p1a: Ting-Lu|60/100 tox|[from] psn
|upkeep
|turn|19
|
|t:|1760809157
|move|p2a: Salamence|Dragon Dance|p2a: Salamence
|-boost|p2a: Salamence|atk|1
|-boost|p2a: Salamence|spe|1
|move|p1a: Ting-Lu|Whirlwind|p2a: Salamence
|drag|p2a: Alomomola|Alomomola, F|100/100
|-damage|p2a: Alomomola|88/100|[from] Stealth Rock
|
|-heal|p1a: Ting-Lu|67/100 tox|[from] item: Leftovers
|-damage|p1a: Ting-Lu|48/100 tox|[from] psn
|upkeep
|turn|20
|
|t:|1760809170
|switch|p1a: Meowscarada|Meowscarada, F|83/100
|-damage|p1a: Meowscarada|70/100|[from] Stealth Rock
|move|p2a: Alomomola|Liquidation|p1a: Meowscarada
|-resisted|p1a: Meowscarada
|-damage|p1a: Meowscarada|45/100
|
|upkeep
|turn|21
|
|t:|1760809179
|switch|p2a: Salamence|Salamence, M|100/100
|-damage|p2a: Salamence|75/100|[from] Stealth Rock
|-ability|p2a: Salamence|Intimidate|boost
|-unboost|p1a: Meowscarada|atk|1
|move|p1a: Meowscarada|Flower Trick|p2a: Salamence
|-start|p1a: Meowscarada|typechange|Grass|[from] ability: Protean
|-resisted|p2a: Salamence
|-crit|p2a: Salamence
|-damage|p2a: Salamence|61/100
|
|upkeep
|turn|22
|
|t:|1760809195
|switch|p1a: Slowking|Slowking-Galar, F|100/100
|move|p2a: Salamence|Dragon Dance|p2a: Salamence
|-boost|p2a: Salamence|atk|1
|-boost|p2a: Salamence|spe|1
|
|upkeep
|turn|23
|
|t:|1760809203
|-terastallize|p2a: Salamence|Steel
|move|p2a: Salamence|Dragon Dance|p2a: Salamence
|-boost|p2a: Salamence|atk|1
|-boost|p2a: Salamence|spe|1
|-prepare|p1a: Slowking|Chilly Reception|[premajor]
|move|p1a: Slowking|Chilly Reception|p1a: Slowking
|-weather|Snowscape
|
|t:|1760809211
|switch|p1a: Ting-Lu|Ting-Lu|48/100 tox|[from] Chilly Reception
|-damage|p1a: Ting-Lu|42/100 tox|[from] Stealth Rock
|-ability|p1a: Ting-Lu|Vessel of Ruin
|
|-weather|Snowscape|[upkeep]
|-heal|p1a: Ting-Lu|48/100 tox|[from] item: Leftovers
|-damage|p1a: Ting-Lu|42/100 tox|[from] psn
|upkeep
|turn|24
|
|t:|1760809222
|move|p2a: Salamence|Dragon Claw|p1a: Ting-Lu
|-damage|p1a: Ting-Lu|6/100 tox
|move|p1a: Ting-Lu|Earthquake|p2a: Salamence
|-supereffective|p2a: Salamence
|-damage|p2a: Salamence|0 fnt
|faint|p2a: Salamence
|
|-weather|Snowscape|[upkeep]
|-heal|p1a: Ting-Lu|12/100 tox|[from] item: Leftovers
|-damage|p1a: Ting-Lu|0 fnt|[from] psn
|faint|p1a: Ting-Lu
|upkeep
|
|t:|1760809236
|switch|p2a: Slowking|Slowking-Galar, F|80/100
|switch|p1a: Cinderace|Cinderace, F|100/100
|-damage|p2a: Slowking|68/100|[from] Stealth Rock
|turn|25
|
|t:|1760809248
|move|p1a: Cinderace|Pyro Ball|p2a: Slowking
|-damage|p2a: Slowking|26/100
|-prepare|p2a: Slowking|Chilly Reception|[premajor]
|move|p2a: Slowking|Chilly Reception|p2a: Slowking
|
|t:|1760809252
|switch|p2a: Alomomola|Alomomola, F|100/100|[from] Chilly Reception
|-damage|p2a: Alomomola|88/100|[from] Stealth Rock
|
|-weather|Snowscape|[upkeep]
|upkeep
|turn|26
|
|t:|1760809263
|switch|p1a: Slowking|Slowking-Galar, F|100/100
|move|p2a: Alomomola|Flip Turn|p1a: Slowking
|-damage|p1a: Slowking|75/100
|
|t:|1760809266
|switch|p2a: Ting-Lu|Ting-Lu|100/100|[from] Flip Turn
|-damage|p2a: Ting-Lu|94/100|[from] Stealth Rock
|-ability|p2a: Ting-Lu|Vessel of Ruin
|
|-weather|Snowscape|[upkeep]
|upkeep
|turn|27
|
|t:|1760809279
|move|p2a: Ting-Lu|Earthquake|p1a: Slowking
|-supereffective|p1a: Slowking
|-damage|p1a: Slowking|0 fnt
|faint|p1a: Slowking
|
|-weather|none
|upkeep
|
|t:|1760809286
|switch|p1a: Meowscarada|Meowscarada, F|45/100
|-damage|p1a: Meowscarada|33/100|[from] Stealth Rock
|turn|28
|
|t:|1760809292
|move|p1a: Meowscarada|Flower Trick|p2a: Ting-Lu
|-start|p1a: Meowscarada|typechange|Grass|[from] ability: Protean
|-supereffective|p2a: Ting-Lu
|-crit|p2a: Ting-Lu
|-damage|p2a: Ting-Lu|16/100
|move|p2a: Ting-Lu|Earthquake|p1a: Meowscarada
|-resisted|p1a: Meowscarada
|-damage|p1a: Meowscarada|0 fnt
|faint|p1a: Meowscarada
|
|upkeep
|
|t:|1760809304
|switch|p1a: Cinderace|Cinderace, F|100/100
|turn|29
|
|t:|1760809310
|move|p1a: Cinderace|U-turn|p2a: Ting-Lu
|-start|p1a: Cinderace|typechange|Bug|[from] ability: Libero
|-supereffective|p2a: Ting-Lu
|-damage|p2a: Ting-Lu|0 fnt
|faint|p2a: Ting-Lu
|
|t:|1760809317
|switch|p1a: Raging Bolt|Raging Bolt|100/100|[from] U-turn
|-damage|p1a: Raging Bolt|88/100|[from] Stealth Rock
|-enditem|p1a: Raging Bolt|Booster Energy
|-activate|p1a: Raging Bolt|ability: Protosynthesis|[fromitem]
|-start|p1a: Raging Bolt|protosynthesisspa
|
|upkeep
|
|t:|1760809320
|switch|p2a: Slowking|Slowking-Galar, F|59/100
|-damage|p2a: Slowking|46/100|[from] Stealth Rock
|turn|30
|
|t:|1760809329
|move|p1a: Raging Bolt|Calm Mind|p1a: Raging Bolt
|-boost|p1a: Raging Bolt|spa|1
|-boost|p1a: Raging Bolt|spd|1
|move|p2a: Slowking|Toxic|p1a: Raging Bolt
|-status|p1a: Raging Bolt|tox
|
|-damage|p1a: Raging Bolt|82/100 tox|[from] psn
|upkeep
|turn|31
|
|t:|1760809337
|switch|p2a: Cinderace|Cinderace, F|100/100
|move|p1a: Raging Bolt|Thunderbolt|p2a: Cinderace
|-damage|p2a: Cinderace|0 fnt
|faint|p2a: Cinderace
|
|-damage|p1a: Raging Bolt|70/100 tox|[from] psn
|upkeep
|
|t:|1760809343
|switch|p2a: Slowking|Slowking-Galar, F|80/100
|-damage|p2a: Slowking|67/100|[from] Stealth Rock
|turn|32
|
|t:|1760809350
|move|p1a: Raging Bolt|Thunderbolt|p2a: Slowking
|-damage|p2a: Slowking|0 fnt
|faint|p2a: Slowking
|
|-damage|p1a: Raging Bolt|51/100 tox|[from] psn
|upkeep
|
|t:|1760809352
|switch|p2a: Alomomola|Alomomola, F|100/100
|-damage|p2a: Alomomola|88/100|[from] Stealth Rock
|turn|33
|
|t:|1760809360
|move|p1a: Raging Bolt|Thunderbolt|p2a: Alomomola
|-supereffective|p2a: Alomomola
|-damage|p2a: Alomomola|0 fnt
|faint|p2a: Alomomola
|
|win|iamfrhaan007
|raw|iamfrhaan007's rating: 1578 &rarr; <strong>1604</strong><br />(+26 for winning)
|raw|PepsiEnby's rating: 1679 &rarr; <strong>1653</strong><br />(-26 for losing)
|l|☆PepsiEnby
|player|p2|
|l|☆iamfrhaan007
|player|p1|
