|j|☆jtchad
|j|☆Mono0122
|t:|1760851276
|gametype|singles
|player|p1|jtchad|ethan|1122
|player|p2|Mono0122|benga|1158
|gen|9
|tier|[Gen 9] OU
|rated|
|rule|HP Percentage Mod: HP is shown in percentages
|rule|Endless Battle Clause: Forcing endless battles is banned
|rule|Species Clause: Limit one of each Pokémon
|rule|OHKO Clause: OHKO moves are banned
|rule|Evasion Items Clause: Evasion items are banned
|rule|Evasion Moves Clause: Evasion moves are banned
|rule|Evasion Abilities Clause: Evasion abilities are banned
|rule|Sleep Moves Clause: Sleep-inducing moves are banned
|clearpoke
|poke|p1|Polteageist|
|poke|p1|Whimsicott, F|
|poke|p1|Lokix, M|
|poke|p1|Serperior, M|
|poke|p1|Slowking-Galar, M|
|poke|p1|Weavile, F|
|poke|p2|Reuniclus, M|
|poke|p2|Kingambit, F|
|poke|p2|Ogerpon-Wellspring, F|
|poke|p2|Landorus-Therian, M|
|poke|p2|Iron Valiant|
|poke|p2|Cinderace, M|
|teampreview
|inactive|Battle timer is ON: inactive players will automatically lose when time's up. (requested by jtchad)
|inactive|Mono0122 also wants the timer to be on.
|
|t:|1760851289
|teamsize|p1|6
|teamsize|p2|6
|start
|switch|p1a: Whimsicott|Whimsicott, F, shiny|100/100
|switch|p2a: Cinderace|Cinderace, M|100/100
|turn|1
|
|t:|1760851295
|move|p1a: Whimsicott|Stun Spore|p2a: Cinderace
|-status|p2a: Cinderace|par
|move|p2a: Cinderace|Pyro Ball|p1a: Whimsicott
|-supereffective|p1a: Whimsicott
|-damage|p1a: Whimsicott|0 fnt
|faint|p1a: Whimsicott
|
|upkeep
|
|t:|1760851313
|switch|p1a: Polteageist|Polteageist, shiny|100/100
|turn|2
|
|t:|1760851319
|move|p1a: Polteageist|Shell Smash|p1a: Polteageist
|-unboost|p1a: Polteageist|def|1
|-unboost|p1a: Polteageist|spd|1
|-boost|p1a: Polteageist|atk|2
|-boost|p1a: Polteageist|spa|2
|-boost|p1a: Polteageist|spe|2
|-enditem|p1a: Polteageist|White Herb
|-clearnegativeboost|p1a: Polteageist|[silent]
|cant|p2a: Cinderace|par
|
|upkeep
|turn|3
|
|t:|1760851328
|switch|p2a: Kingambit|Kingambit, F|100/100
|move|p1a: Polteageist|Strength Sap|p2a: Kingambit
|-unboost|p2a: Kingambit|atk|1
|
|upkeep
|turn|4
|
|t:|1760851337
|move|p1a: Polteageist|Strength Sap|p2a: Kingambit
|-unboost|p2a: Kingambit|atk|1
|move|p2a: Kingambit|Kowtow Cleave|p1a: Polteageist
|-supereffective|p1a: Polteageist
|-damage|p1a: Polteageist|15/100
|-ability|p1a: Polteageist|Weak Armor|boost
|-unboost|p1a: Polteageist|def|1
|-boost|p1a: Polteageist|spe|2
|
|upkeep
|turn|5
|
|t:|1760851347
|move|p2a: Kingambit|Sucker Punch||[still]
|-fail|p2a: Kingambit
|move|p1a: Polteageist|Strength Sap|p2a: Kingambit
|-unboost|p2a: Kingambit|atk|1
|-heal|p1a: Polteageist|93/100
|
|upkeep
|turn|6
|
|t:|1760851359
|move|p1a: Polteageist|Strength Sap|p2a: Kingambit
|-unboost|p2a: Kingambit|atk|1
|-heal|p1a: Polteageist|100/100
|move|p2a: Kingambit|Kowtow Cleave|p1a: Polteageist
|-supereffective|p1a: Polteageist
|-damage|p1a: Polteageist|0 fnt
|faint|p1a: Polteageist
|
|upkeep
|
|t:|1760851368
|switch|p1a: Serperior|Serperior, M, shiny|100/100
|turn|7
|
|t:|1760851376
|-end|p2a: Kingambit|fallenundefined|[silent]
|switch|p2a: Iron Valiant|Iron Valiant|100/100
|move|p1a: Serperior|Leaf Storm|p2a: Iron Valiant
|-damage|p2a: Iron Valiant|0 fnt
|-boost|p1a: Serperior|spa|2
|faint|p2a: Iron Valiant
|-end|p2a: Iron Valiant|Quark Drive|[silent]
|
|upkeep
|
|t:|1760851379
|switch|p2a: Cinderace|Cinderace, M|100/100 par
|turn|8
|
|t:|1760851388
|-terastallize|p1a: Serperior|Fire
|move|p1a: Serperior|Leaf Storm|p2a: Cinderace
|-resisted|p2a: Cinderace
|-damage|p2a: Cinderace|20/100 par
|-boost|p1a: Serperior|spa|2
|cant|p2a: Cinderace|par
|
|upkeep
|turn|9
|
|t:|1760851397
|move|p1a: Serperior|Leaf Storm|p2a: Cinderace
|-resisted|p2a: Cinderace
|-damage|p2a: Cinderace|0 fnt
|-boost|p1a: Serperior|spa|2
|faint|p2a: Cinderace
|
|upkeep
|
|t:|1760851399
|switch|p2a: Ogerpon|Ogerpon-Wellspring, F|100/100
|turn|10
|
|t:|1760851406
|move|p1a: Serperior|Tera Blast|p2a: Ogerpon|[anim] Tera Blast Fire
|-damage|p2a: Ogerpon|0 fnt
|faint|p2a: Ogerpon
|
|upkeep
|
|t:|1760851413
|switch|p2a: Kingambit|Kingambit, F|100/100
|-activate|p2a: Kingambit|ability: Supreme Overlord
|-start|p2a: Kingambit|fallen3|[silent]
|turn|11
|
|t:|1760851417
|move|p1a: Serperior|Glare|p2a: Kingambit
|-status|p2a: Kingambit|par
|cant|p2a: Kingambit|par
|
|upkeep
|turn|12
|
|t:|1760851432
|move|p1a: Serperior|Tera Blast|p2a: Kingambit|[anim] Tera Blast Fire
|-supereffective|p2a: Kingambit
|-damage|p2a: Kingambit|0 fnt
|faint|p2a: Kingambit
|-end|p2a: Kingambit|fallen3|[silent]
|
|upkeep
|
|t:|1760851435
|switch|p2a: Landorus|Landorus-Therian, M|100/100
|-ability|p2a: Landorus|Intimidate|boost
|-boost|p1a: Serperior|atk|1
|turn|13
|
|t:|1760851441
|move|p1a: Serperior|Tera Blast|p2a: Landorus|[anim] Tera Blast Fire
|-damage|p2a: Landorus|0 fnt
|faint|p2a: Landorus
|
|upkeep
|
|t:|1760851445
|switch|p2a: Reuniclus|Reuniclus, M|100/100
|turn|14
|-message|Mono0122 forfeited.
|
|win|jtchad
|raw|jtchad's rating: 1122 &rarr; <strong>1150</strong><br />(+28 for winning)
|raw|Mono0122's rating: 1158 &rarr; <strong>1130</strong><br />(-28 for losing)
|l|☆Mono0122
|player|p2|
|l|☆jtchad
|player|p1|
