|j|☆thebacchusbraviary
|j|☆VIVIfrr
|t:|1760765869
|gametype|singles
|player|p1|thebacchusbraviary|winona|1263
|player|p2|VIVIfrr|hugh|1223
|gen|9
|tier|[Gen 9] OU
|rated|
|rule|HP Percentage Mod: HP is shown in percentages
|rule|Endless Battle Clause: Forcing endless battles is banned
|rule|Species Clause: Limit one of each Pokémon
|rule|OHKO Clause: OHKO moves are banned
|rule|Evasion Items Clause: Evasion items are banned
|rule|Evasion Moves Clause: Evasion moves are banned
|rule|Evasion Abilities Clause: Evasion abilities are banned
|rule|Sleep Moves Clause: Sleep-inducing moves are banned
|clearpoke
|poke|p1|Talonflame, F|
|poke|p1|Enamorus-Therian, F|
|poke|p1|Tyranitar, M|
|poke|p1|Keldeo-Resolute|
|poke|p1|Magnezone|
|poke|p1|Hydrapple, F|
|poke|p2|Hawlucha, M|
|poke|p2|Ninetales-Alola, F|
|poke|p2|Corviknight, M|
|poke|p2|Ceruledge, M|
|poke|p2|Torkoal, F|
|poke|p2|Skeledirge, F|
|teampreview
|inactive|Battle timer is ON: inactive players will automatically lose when time's up. (requested by VIVIfrr)
|inactive|thebacchusbraviary also wants the timer to be on.
|j| debt reaper
|
|t:|1760765879
|teamsize|p1|6
|teamsize|p2|6
|start
|switch|p1a: Magnezone|Magnezone|100/100
|switch|p2a: Torkoal|Torkoal, F|100/100
|-weather|SunnyDay|[from] ability: Drought|[of] p2a: Torkoal
|turn|1
|
|t:|1760765886
|switch|p1a: Tyranitar|Tyranitar, M|100/100
|-weather|Sandstorm|[from] ability: Sand Stream|[of] p1a: Tyranitar
|move|p2a: Torkoal|Stealth Rock|p1a: Tyranitar
|-sidestart|p1: thebacchusbraviary|move: Stealth Rock
|
|-weather|Sandstorm|[upkeep]
|-damage|p2a: Torkoal|94/100|[from] Sandstorm
|upkeep
|turn|2
|
|t:|1760765894
|move|p1a: Tyranitar|Knock Off|p2a: Torkoal
|-damage|p2a: Torkoal|51/100
|-enditem|p2a: Torkoal|Heat Rock|[from] move: Knock Off|[of] p1a: Tyranitar
|move|p2a: Torkoal|Will-O-Wisp|p1a: Tyranitar
|-status|p1a: Tyranitar|brn
|
|-weather|Sandstorm|[upkeep]
|-damage|p2a: Torkoal|45/100|[from] Sandstorm
|-damage|p1a: Tyranitar|94/100 brn|[from] brn
|upkeep
|turn|3
|
|t:|1760765904
|switch|p2a: Ninetales|Ninetales-Alola, F|100/100
|-weather|Snowscape|[from] ability: Snow Warning|[of] p2a: Ninetales
|move|p1a: Tyranitar|Earthquake|p2a: Ninetales
|-damage|p2a: Ninetales|81/100
|
|-weather|Snowscape|[upkeep]
|-damage|p1a: Tyranitar|88/100 brn|[from] brn
|upkeep
|turn|4
|
|t:|1760765915
|switch|p1a: Talonflame|Talonflame, F|100/100
|move|p2a: Ninetales|Aurora Veil|p2a: Ninetales
|-sidestart|p2: VIVIfrr|move: Aurora Veil
|
|-weather|Snowscape|[upkeep]
|upkeep
|turn|5
|
|t:|1760765921
|switch|p2a: Ceruledge|Ceruledge, M|100/100
|move|p1a: Talonflame|Defog|p2a: Ceruledge
|-unboost|p2a: Ceruledge|evasion|1
|-sideend|p2: VIVIfrr|move: Aurora Veil
|-sideend|p1: thebacchusbraviary|Stealth Rock|[from] move: Defog|[of] p1a: Talonflame
|
|-weather|Snowscape|[upkeep]
|upkeep
|turn|6
|
|t:|1760765936
|switch|p1a: Keldeo|Keldeo-Resolute|100/100
|move|p2a: Ceruledge|Swords Dance|p2a: Ceruledge
|-boost|p2a: Ceruledge|atk|2
|
|-weather|Snowscape|[upkeep]
|upkeep
|turn|7
|
|t:|1760765946
|-terastallize|p2a: Ceruledge|Fighting
|move|p1a: Keldeo|Hydro Pump|p2a: Ceruledge
|-damage|p2a: Ceruledge|14/100
|-damage|p1a: Keldeo|91/100|[from] item: Life Orb
|move|p2a: Ceruledge|Swords Dance|p2a: Ceruledge
|-boost|p2a: Ceruledge|atk|2
|
|-weather|none
|upkeep
|turn|8
|
|t:|1760765956
|move|p2a: Ceruledge|Shadow Sneak|p1a: Keldeo
|-damage|p1a: Keldeo|22/100
|move|p1a: Keldeo|Air Slash|p2a: Ceruledge
|-supereffective|p2a: Ceruledge
|-damage|p2a: Ceruledge|0 fnt
|faint|p2a: Ceruledge
|-damage|p1a: Keldeo|12/100|[from] item: Life Orb
|
|upkeep
|
|t:|1760765967
|switch|p2a: Ninetales|Ninetales-Alola, F|81/100
|-weather|Snowscape|[from] ability: Snow Warning|[of] p2a: Ninetales
|turn|9
|
|t:|1760765972
|switch|p1a: Tyranitar|Tyranitar, M|88/100 brn
|-weather|Sandstorm|[from] ability: Sand Stream|[of] p1a: Tyranitar
|move|p2a: Ninetales|Aurora Veil||[still]
|-fail|p2a: Ninetales
|
|-weather|Sandstorm|[upkeep]
|-damage|p2a: Ninetales|75/100|[from] Sandstorm
|-damage|p1a: Tyranitar|82/100 brn|[from] brn
|upkeep
|turn|10
|
|t:|1760765983
|switch|p2a: Hawlucha|Hawlucha, M, shiny|100/100
|move|p1a: Tyranitar|Knock Off|p2a: Hawlucha
|-resisted|p2a: Hawlucha
|-damage|p2a: Hawlucha|80/100
|-enditem|p2a: Hawlucha|White Herb|[from] move: Knock Off|[of] p1a: Tyranitar
|
|-weather|Sandstorm|[upkeep]
|-damage|p2a: Hawlucha|74/100|[from] Sandstorm
|-damage|p1a: Tyranitar|76/100 brn|[from] brn
|upkeep
|turn|11
|
|t:|1760765996
|switch|p1a: Enamorus|Enamorus-Therian, F|100/100
|move|p2a: Hawlucha|Swords Dance|p2a: Hawlucha
|-boost|p2a: Hawlucha|atk|2
|
|-weather|Sandstorm|[upkeep]
|-damage|p2a: Hawlucha|68/100|[from] Sandstorm
|upkeep
|turn|12
|
|t:|1760766004
|move|p2a: Hawlucha|Iron Head|p1a: Enamorus
|-supereffective|p1a: Enamorus
|-damage|p1a: Enamorus|12/100
|move|p1a: Enamorus|Moonblast|p2a: Hawlucha
|-supereffective|p2a: Hawlucha
|-damage|p2a: Hawlucha|0 fnt
|faint|p2a: Hawlucha
|
|-weather|Sandstorm|[upkeep]
|upkeep
|
|t:|1760766012
|switch|p2a: Torkoal|Torkoal, F|45/100
|-weather|SunnyDay|[from] ability: Drought|[of] p2a: Torkoal
|turn|13
|
|t:|1760766017
|move|p1a: Enamorus|Earth Power|p2a: Torkoal
|-supereffective|p2a: Torkoal
|-damage|p2a: Torkoal|0 fnt
|faint|p2a: Torkoal
|
|-weather|SunnyDay|[upkeep]
|upkeep
|
|t:|1760766023
|switch|p2a: Ninetales|Ninetales-Alola, F|75/100
|-weather|Snowscape|[from] ability: Snow Warning|[of] p2a: Ninetales
|turn|14
|
|t:|1760766028
|switch|p1a: Tyranitar|Tyranitar, M|76/100 brn
|-weather|Sandstorm|[from] ability: Sand Stream|[of] p1a: Tyranitar
|move|p2a: Ninetales|Draining Kiss|p1a: Tyranitar
|-supereffective|p1a: Tyranitar
|-damage|p1a: Tyranitar|61/100 brn
|-heal|p2a: Ninetales|91/100|[from] drain|[of] p1a: Tyranitar
|
|-weather|Sandstorm|[upkeep]
|-damage|p2a: Ninetales|85/100|[from] Sandstorm
|-damage|p1a: Tyranitar|55/100 brn|[from] brn
|upkeep
|turn|15
|l|☆VIVIfrr
|inactive|VIVIfrr disconnected and has a minute to reconnect!
|player|p2|
|inactive|VIVIfrr has 30 seconds to reconnect!
|inactive|VIVIfrr has 20 seconds to reconnect!
|inactive|VIVIfrr has 15 seconds to reconnect!
|inactive|VIVIfrr has 10 seconds to reconnect!
|inactive|VIVIfrr has 5 seconds to reconnect!
|-message|VIVIfrr lost due to inactivity.
|
|win|thebacchusbraviary
|raw|thebacchusbraviary's rating: 1263 &rarr; <strong>1285</strong><br />(+22 for winning)
|raw|VIVIfrr's rating: 1223 &rarr; <strong>1201</strong><br />(-22 for losing)
|l|☆thebacchusbraviary
|player|p1|
|l| debt reaper
