|j|☆kabutopzboy
|j|☆Jesterdoodle
|t:|1760766175
|gametype|singles
|player|p1|kabutopzboy|acetrainer-gen4|1228
|player|p2|Jesterdoodle|2|1244
|gen|9
|tier|[Gen 9] OU
|rated|
|rule|HP Percentage Mod: HP is shown in percentages
|rule|Endless Battle Clause: Forcing endless battles is banned
|rule|Species Clause: Limit one of each Pokémon
|rule|OHKO Clause: OHKO moves are banned
|rule|Evasion Items Clause: Evasion items are banned
|rule|Evasion Moves Clause: Evasion moves are banned
|rule|Evasion Abilities Clause: Evasion abilities are banned
|rule|Sleep Moves Clause: Sleep-inducing moves are banned
|clearpoke
|poke|p1|Dragapult, F|
|poke|p1|Great Tusk|
|poke|p1|Zangoose, M|
|poke|p1|Cinderace, F|
|poke|p1|Zapdos|
|poke|p1|Clodsire, F|
|poke|p2|Skeledirge, M|
|poke|p2|Ditto|
|poke|p2|Zoroark-Hisui, M|
|poke|p2|Spiritomb, M|
|poke|p2|Mimikyu, F|
|poke|p2|Pecharunt|
|teampreview
|inactive|Battle timer is ON: inactive players will automatically lose when time's up. (requested by Jesterdoodle)
|
|t:|1760766187
|teamsize|p1|6
|teamsize|p2|6
|start
|switch|p1a: Clodsire|Clodsire, F|100/100
|switch|p2a: Skeledirge|Skeledirge, M|100/100
|turn|1
|
|t:|1760766197
|move|p2a: Skeledirge|Trick|p1a: Clodsire
|-activate|p2a: Skeledirge|move: Trick|[of] p1a: Clodsire
|-item|p1a: Clodsire|Choice Specs|[from] move: Trick
|-item|p2a: Skeledirge|Assault Vest|[from] move: Trick
|move|p1a: Clodsire|Earthquake|p2a: Skeledirge
|-damage|p2a: Skeledirge|47/100
|replace|p2a: Zoroark|Zoroark-Hisui, M
|-end|p2a: Zoroark|Illusion
|
|upkeep
|turn|2
|
|t:|1760766206
|move|p2a: Zoroark|Bitter Malice|p1a: Clodsire
|-damage|p1a: Clodsire|72/100
|-unboost|p1a: Clodsire|atk|1
|move|p1a: Clodsire|Earthquake|p2a: Zoroark
|-damage|p2a: Zoroark|7/100
|
|upkeep
|turn|3
|
|t:|1760766217
|move|p2a: Zoroark|Psychic|p1a: Clodsire
|-supereffective|p1a: Clodsire
|-damage|p1a: Clodsire|27/100
|move|p1a: Clodsire|Earthquake|p2a: Zoroark
|-damage|p2a: Zoroark|0 fnt
|faint|p2a: Zoroark
|
|upkeep
|
|t:|1760766230
|switch|p2a: Skeledirge|Skeledirge, M|100/100
|turn|4
|
|t:|1760766233
|switch|p1a: Great Tusk|Great Tusk|100/100
|-enditem|p1a: Great Tusk|Booster Energy
|-activate|p1a: Great Tusk|ability: Protosynthesis|[fromitem]
|-start|p1a: Great Tusk|protosynthesisspe
|move|p2a: Skeledirge|Torch Song|p1a: Great Tusk
|-damage|p1a: Great Tusk|64/100
|-boost|p2a: Skeledirge|spa|1
|
|upkeep
|turn|5
|
|t:|1760766244
|-terastallize|p2a: Skeledirge|Normal
|move|p1a: Great Tusk|Headlong Rush|p2a: Skeledirge
|-damage|p2a: Skeledirge|71/100
|-unboost|p1a: Great Tusk|def|1
|-unboost|p1a: Great Tusk|spd|1
|move|p2a: Skeledirge|Will-O-Wisp|p1a: Great Tusk
|-status|p1a: Great Tusk|brn
|
|-heal|p2a: Skeledirge|77/100|[from] item: Leftovers
|-damage|p1a: Great Tusk|57/100 brn|[from] brn
|upkeep
|turn|6
|
|t:|1760766257
|-end|p1a: Great Tusk|Protosynthesis|[silent]
|switch|p1a: Cinderace|Cinderace, F|100/100
|move|p2a: Skeledirge|Slack Off|p2a: Skeledirge
|-heal|p2a: Skeledirge|100/100
|
|upkeep
|turn|7
|
|t:|1760766263
|move|p1a: Cinderace|Low Kick|p2a: Skeledirge
|-start|p1a: Cinderace|typechange|Fighting|[from] ability: Libero
|-supereffective|p2a: Skeledirge
|-damage|p2a: Skeledirge|26/100
|move|p2a: Skeledirge|Earth Power|p1a: Cinderace
|-damage|p1a: Cinderace|52/100
|
|-heal|p2a: Skeledirge|32/100|[from] item: Leftovers
|upkeep
|turn|8
|
|t:|1760766275
|switch|p2a: Pecharunt|Pecharunt|100/100
|move|p1a: Cinderace|Gunk Shot|p2a: Pecharunt
|-resisted|p2a: Pecharunt
|-damage|p2a: Pecharunt|95/100
|
|-heal|p2a: Pecharunt|100/100|[from] item: Leftovers
|upkeep
|turn|9
|
|t:|1760766287
|switch|p1a: Clodsire|Clodsire, F|27/100
|move|p2a: Pecharunt|Malignant Chain|p1a: Clodsire
|-resisted|p1a: Clodsire
|-damage|p1a: Clodsire|19/100
|
|upkeep
|turn|10
|
|t:|1760766297
|switch|p2a: Skeledirge|Skeledirge, M, tera:Normal|32/100
|move|p1a: Clodsire|Earthquake|p2a: Skeledirge
|-damage|p2a: Skeledirge|16/100
|
|-heal|p2a: Skeledirge|22/100|[from] item: Leftovers
|upkeep
|turn|11
|
|t:|1760766309
|switch|p1a: Zangoose|Zangoose, M, shiny|100/100
|move|p2a: Skeledirge|Slack Off|p2a: Skeledirge
|-heal|p2a: Skeledirge|73/100
|
|-heal|p2a: Skeledirge|79/100|[from] item: Leftovers
|-status|p1a: Zangoose|tox|[from] item: Toxic Orb
|upkeep
|turn|12
|
|t:|1760766332
|switch|p2a: Spiritomb|Spiritomb, M|100/100
|move|p1a: Zangoose|Knock Off|p2a: Spiritomb
|-damage|p2a: Spiritomb|53/100
|-enditem|p2a: Spiritomb|Leftovers|[from] move: Knock Off|[of] p1a: Zangoose
|
|-damage|p1a: Zangoose|95/100 tox|[from] psn
|upkeep
|turn|13
|
|t:|1760766343
|switch|p1a: Clodsire|Clodsire, F|19/100
|move|p2a: Spiritomb|Hex|p1a: Clodsire
|-damage|p1a: Clodsire|5/100
|
|upkeep
|turn|14
|
|t:|1760766350
|move|p2a: Spiritomb|Hex|p1a: Clodsire
|-damage|p1a: Clodsire|0 fnt
|faint|p1a: Clodsire
|
|upkeep
|
|t:|1760766354
|switch|p1a: Zapp|Zapdos|100/100
|turn|15
|
|t:|1760766359
|move|p1a: Zapp|Discharge|p2a: Spiritomb
|-damage|p2a: Spiritomb|29/100
|move|p2a: Spiritomb|Pain Split|p1a: Zapp
|-sethp|p1a: Zapp|64/100|[from] move: Pain Split|[silent]
|-sethp|p2a: Spiritomb|68/100|[from] move: Pain Split
|
|-heal|p1a: Zapp|70/100|[from] item: Leftovers
|upkeep
|turn|16
|
|t:|1760766369
|move|p1a: Zapp|Tailwind|p1a: Zapp
|-sidestart|p1: kabutopzboy|move: Tailwind
|move|p2a: Spiritomb|Will-O-Wisp|p1a: Zapp
|-status|p1a: Zapp|brn
|
|-heal|p1a: Zapp|76/100 brn|[from] item: Leftovers
|-damage|p1a: Zapp|70/100 brn|[from] brn
|upkeep
|turn|17
|
|t:|1760766383
|move|p1a: Zapp|Discharge|p2a: Spiritomb
|-damage|p2a: Spiritomb|42/100
|move|p2a: Spiritomb|Hex|p1a: Zapp
|-damage|p1a: Zapp|31/100 brn
|
|-heal|p1a: Zapp|37/100 brn|[from] item: Leftovers
|-damage|p1a: Zapp|31/100 brn|[from] brn
|upkeep
|turn|18
|
|t:|1760766394
|move|p1a: Zapp|Discharge|p2a: Spiritomb
|-damage|p2a: Spiritomb|15/100
|-status|p2a: Spiritomb|par
|move|p2a: Spiritomb|Pain Split|p1a: Zapp
|-sethp|p1a: Zapp|23/100 brn|[from] move: Pain Split|[silent]
|-sethp|p2a: Spiritomb|24/100 par|[from] move: Pain Split
|
|-heal|p1a: Zapp|29/100 brn|[from] item: Leftovers
|-damage|p1a: Zapp|23/100 brn|[from] brn
|upkeep
|turn|19
|
|t:|1760766405
|move|p1a: Zapp|Discharge|p2a: Spiritomb
|-damage|p2a: Spiritomb|0 fnt
|faint|p2a: Spiritomb
|
|-heal|p1a: Zapp|29/100 brn|[from] item: Leftovers
|-damage|p1a: Zapp|23/100 brn|[from] brn
|-sideend|p1: kabutopzboy|move: Tailwind
|upkeep
|
|t:|1760766414
|switch|p2a: Ditto|Ditto|100/100
|-transform|p2a: Ditto|p1a: Zapp|[from] ability: Imposter
|turn|20
|
|t:|1760766423
|move|p2a: Ditto|Discharge|p1a: Zapp
|-damage|p1a: Zapp|0 fnt
|faint|p1a: Zapp
|
|upkeep
|
|t:|1760766429
|switch|p1a: Great Tusk|Great Tusk|57/100 brn
|turn|21
|
|t:|1760766434
|switch|p2a: Skeledirge|Skeledirge, M, tera:Normal|79/100
|move|p1a: Great Tusk|Ice Spinner|p2a: Skeledirge
|-damage|p2a: Skeledirge|72/100
|
|-heal|p2a: Skeledirge|78/100|[from] item: Leftovers
|-damage|p1a: Great Tusk|51/100 brn|[from] brn
|upkeep
|turn|22
|
|t:|1760766443
|-end|p1a: Great Tusk|Protosynthesis|[silent]
|switch|p1a: Dragapult|Dragapult, F|100/100
|move|p2a: Skeledirge|Slack Off|p2a: Skeledirge
|-heal|p2a: Skeledirge|100/100
|
|upkeep
|turn|23
|
|t:|1760766453
|switch|p1a: Zangoose|Zangoose, M, shiny|95/100 tox
|move|p2a: Skeledirge|Will-O-Wisp||[still]
|-fail|p2a: Skeledirge
|
|-damage|p1a: Zangoose|89/100 tox|[from] psn
|upkeep
|turn|24
|
|t:|1760766473
|move|p1a: Zangoose|Knock Off|p2a: Skeledirge
|-damage|p2a: Skeledirge|74/100
|-enditem|p2a: Skeledirge|Leftovers|[from] move: Knock Off|[of] p1a: Zangoose
|move|p2a: Skeledirge|Torch Song|p1a: Zangoose
|-damage|p1a: Zangoose|36/100 tox
|-boost|p2a: Skeledirge|spa|1
|
|-damage|p1a: Zangoose|24/100 tox|[from] psn
|upkeep
|turn|25
|
|t:|1760766483
|move|p1a: Zangoose|Close Combat|p2a: Skeledirge
|-supereffective|p2a: Skeledirge
|-damage|p2a: Skeledirge|9/100
|-unboost|p1a: Zangoose|def|1
|-unboost|p1a: Zangoose|spd|1
|move|p2a: Skeledirge|Slack Off|p2a: Skeledirge
|-heal|p2a: Skeledirge|59/100
|
|-damage|p1a: Zangoose|6/100 tox|[from] psn
|upkeep
|turn|26
|
|t:|1760766494
|switch|p2a: Mimikyu|Mimikyu, F|100/100
|move|p1a: Zangoose|Knock Off|p2a: Mimikyu
|-activate|p2a: Mimikyu|ability: Disguise
|-damage|p2a: Mimikyu|100/100
|-enditem|p2a: Mimikyu|Sitrus Berry|[from] move: Knock Off|[of] p1a: Zangoose
|detailschange|p2a: Mimikyu|Mimikyu-Busted, F
|-damage|p2a: Mimikyu|88/100|[from] pokemon: Mimikyu-Busted
|
|-damage|p1a: Zangoose|0 fnt|[from] psn
|faint|p1a: Zangoose
|upkeep
|
|t:|1760766505
|switch|p1a: Cinderace|Cinderace, F|52/100
|turn|27
|
|t:|1760766513
|move|p2a: Mimikyu|Shadow Sneak|p1a: Cinderace
|-damage|p1a: Cinderace|29/100
|move|p1a: Cinderace|Gunk Shot|p2a: Mimikyu
|-start|p1a: Cinderace|typechange|Poison|[from] ability: Libero
|-damage|p2a: Mimikyu|0 fnt
|faint|p2a: Mimikyu
|
|upkeep
|
|t:|1760766522
|switch|p2a: Ditto|Ditto|100/100
|-transform|p2a: Ditto|p1a: Cinderace|[from] ability: Imposter
|turn|28
|
|t:|1760766529
|switch|p1a: Great Tusk|Great Tusk|51/100 brn
|move|p2a: Ditto|Sucker Punch||[still]
|-fail|p2a: Ditto
|
|-damage|p1a: Great Tusk|45/100 brn|[from] brn
|upkeep
|turn|29
|
|t:|1760766542
|switch|p2a: Skeledirge|Skeledirge, M, tera:Normal|59/100
|move|p1a: Great Tusk|Headlong Rush|p2a: Skeledirge
|-damage|p2a: Skeledirge|45/100
|-unboost|p1a: Great Tusk|def|1
|-unboost|p1a: Great Tusk|spd|1
|
|-damage|p1a: Great Tusk|39/100 brn|[from] brn
|upkeep
|turn|30
|
|t:|1760766552
|-end|p1a: Great Tusk|Protosynthesis|[silent]
|switch|p1a: Cinderace|Cinderace, F|29/100
|move|p2a: Skeledirge|Slack Off|p2a: Skeledirge
|-heal|p2a: Skeledirge|95/100
|
|upkeep
|turn|31
|
|t:|1760766559
|switch|p2a: Pecharunt|Pecharunt|100/100
|move|p1a: Cinderace|Low Kick|p2a: Pecharunt
|-start|p1a: Cinderace|typechange|Fighting|[from] ability: Libero
|-immune|p2a: Pecharunt
|
|upkeep
|turn|32
|
|t:|1760766571
|switch|p1a: Great Tusk|Great Tusk|39/100 brn
|move|p2a: Pecharunt|Malignant Chain|p1a: Great Tusk
|-resisted|p1a: Great Tusk
|-damage|p1a: Great Tusk|12/100 brn
|
|-damage|p1a: Great Tusk|6/100 brn|[from] brn
|upkeep
|turn|33
|
|t:|1760766581
|switch|p2a: Skeledirge|Skeledirge, M, tera:Normal|95/100
|move|p1a: Great Tusk|Headlong Rush|p2a: Skeledirge
|-damage|p2a: Skeledirge|78/100
|-unboost|p1a: Great Tusk|def|1
|-unboost|p1a: Great Tusk|spd|1
|
|-damage|p1a: Great Tusk|0 fnt|[from] brn
|faint|p1a: Great Tusk
|-end|p1a: Great Tusk|Protosynthesis|[silent]
|upkeep
|
|t:|1760766590
|switch|p1a: Cinderace|Cinderace, F|29/100
|turn|34
|
|t:|1760766595
|switch|p1a: Dragapult|Dragapult, F|100/100
|switch|p2a: Pecharunt|Pecharunt|100/100
|
|upkeep
|turn|35
|
|t:|1760766604
|move|p1a: Dragapult|Will-O-Wisp|p2a: Pecharunt
|-status|p2a: Pecharunt|brn
|move|p2a: Pecharunt|Malignant Chain|p1a: Dragapult
|-resisted|p1a: Dragapult
|-damage|p1a: Dragapult|70/100
|-status|p1a: Dragapult|tox
|-start|p1a: Dragapult|confusion|[from] ability: Poison Puppeteer|[of] p2a: Pecharunt
|
|-damage|p1a: Dragapult|64/100 tox|[from] psn
|-damage|p2a: Pecharunt|94/100 brn|[from] brn
|upkeep
|turn|36
|
|t:|1760766619
|switch|p1a: Cinderace|Cinderace, F|29/100
|switch|p2a: Ditto|Ditto|100/100
|-transform|p2a: Ditto|p1a: Cinderace|[from] ability: Imposter
|
|upkeep
|turn|37
|
|t:|1760766630
|move|p2a: Ditto|Sucker Punch|p1a: Cinderace
|-start|p2a: Ditto|typechange|Dark|[from] ability: Libero
|-damage|p1a: Cinderace|0 fnt
|faint|p1a: Cinderace
|
|upkeep
|
|t:|1760766635
|switch|p1a: Dragapult|Dragapult, F|64/100 tox
|turn|38
|
|t:|1760766642
|-terastallize|p1a: Dragapult|Dragon
|move|p2a: Ditto|Sucker Punch||[still]
|-fail|p2a: Ditto
|move|p1a: Dragapult|Will-O-Wisp|p2a: Ditto|[miss]
|-miss|p1a: Dragapult|p2a: Ditto
|
|-damage|p1a: Dragapult|58/100 tox|[from] psn
|upkeep
|turn|39
|-message|kabutopzboy forfeited.
|
|win|Jesterdoodle
|raw|kabutopzboy's rating: 1228 &rarr; <strong>1204</strong><br />(-24 for losing)
|raw|Jesterdoodle's rating: 1244 &rarr; <strong>1268</strong><br />(+24 for winning)
|l|☆kabutopzboy
|player|p1|
|l|☆Jesterdoodle
|player|p2|
