|j|☆name212121
|j|☆reylly
|t:|1760884142
|gametype|singles
|player|p1|name212121|lance|1194
|player|p2|reylly|clair|1164
|gen|9
|tier|[Gen 9] OU
|rated|
|rule|HP Percentage Mod: HP is shown in percentages
|rule|Endless Battle Clause: Forcing endless battles is banned
|rule|Species Clause: Limit one of each Pokémon
|rule|OHKO Clause: OHKO moves are banned
|rule|Evasion Items Clause: Evasion items are banned
|rule|Evasion Moves Clause: Evasion moves are banned
|rule|Evasion Abilities Clause: Evasion abilities are banned
|rule|Sleep Moves Clause: Sleep-inducing moves are banned
|clearpoke
|poke|p1|Hydreigon, F|
|poke|p1|Dragapult, M|
|poke|p1|Weezing-Galar, F|
|poke|p1|Iron Treads|
|poke|p1|Corviknight, M|
|poke|p1|Raging Bolt|
|poke|p2|Glimmora, F|
|poke|p2|Minior|
|poke|p2|Ceruledge, M|
|poke|p2|Iron Crown|
|poke|p2|Kingambit, F|
|poke|p2|Scizor, M|
|teampreview
|j| ZambiaZard
|l| ZambiaZard
|c|☆reylly|GLHF
|
|t:|1760884155
|teamsize|p1|6
|teamsize|p2|6
|start
|switch|p1a: Hydreigon|Hydreigon, F|100/100
|switch|p2a: Minior|Minior, shiny|100/100
|-formechange|p2a: Minior|Minior-Meteor||[from] ability: Shields Down
|turn|1
|
|t:|1760884163
|move|p1a: Hydreigon|Flash Cannon|p2a: Minior
|-supereffective|p2a: Minior
|-crit|p2a: Minior
|-damage|p2a: Minior|0 fnt
|faint|p2a: Minior
|
|upkeep
|j| ZambiaZard
|
|t:|1760884172
|switch|p2a: Glimmora|Glimmora, F, shiny|100/100
|turn|2
|
|t:|1760884177
|-terastallize|p1a: Hydreigon|Steel
|move|p2a: Glimmora|Meteor Beam||[still]
|-prepare|p2a: Glimmora|Meteor Beam
|-boost|p2a: Glimmora|spa|1
|-enditem|p2a: Glimmora|Power Herb
|-anim|p2a: Glimmora|Meteor Beam|p1a: Hydreigon
|-resisted|p1a: Hydreigon
|-damage|p1a: Hydreigon|57/100
|move|p1a: Hydreigon|Flash Cannon|p2a: Glimmora
|-supereffective|p2a: Glimmora
|-damage|p2a: Glimmora|0 fnt
|faint|p2a: Glimmora
|
|-heal|p1a: Hydreigon|64/100|[from] item: Leftovers
|upkeep
|
|t:|1760884192
|switch|p2a: Iron Crown|Iron Crown|100/100
|turn|3
|
|t:|1760884199
|move|p2a: Iron Crown|Focus Blast|p1a: Hydreigon
|-supereffective|p1a: Hydreigon
|-damage|p1a: Hydreigon|0 fnt
|faint|p1a: Hydreigon
|
|upkeep
|
|t:|1760884210
|switch|p1a: Iron Treads|Iron Treads|100/100
|turn|4
|
|t:|1760884215
|move|p1a: Iron Treads|Knock Off|p2a: Iron Crown
|-supereffective|p2a: Iron Crown
|-damage|p2a: Iron Crown|34/100
|-enditem|p2a: Iron Crown|Choice Specs|[from] move: Knock Off|[of] p1a: Iron Treads
|move|p2a: Iron Crown|Focus Blast|p1a: Iron Treads
|-supereffective|p1a: Iron Treads
|-damage|p1a: Iron Treads|29/100
|
|upkeep
|turn|5
|
|t:|1760884225
|move|p1a: Iron Treads|Earthquake|p2a: Iron Crown
|-supereffective|p2a: Iron Crown
|-damage|p2a: Iron Crown|0 fnt
|faint|p2a: Iron Crown
|-end|p2a: Iron Crown|Quark Drive|[silent]
|
|upkeep
|
|t:|1760884227
|switch|p2a: Ceruledge|Ceruledge, M, shiny|100/100
|turn|6
|
|t:|1760884233
|move|p1a: Iron Treads|Earthquake|p2a: Ceruledge
|-supereffective|p2a: Ceruledge
|-enditem|p2a: Ceruledge|Focus Sash
|-damage|p2a: Ceruledge|1/100
|-ability|p2a: Ceruledge|Weak Armor|boost
|-unboost|p2a: Ceruledge|def|1
|-boost|p2a: Ceruledge|spe|2
|move|p2a: Ceruledge|Swords Dance|p2a: Ceruledge
|-boost|p2a: Ceruledge|atk|2
|
|upkeep
|turn|7
|
|t:|1760884257
|-end|p1a: Iron Treads|Quark Drive|[silent]
|switch|p1a: Raging Bolt|Raging Bolt|100/100
|move|p2a: Ceruledge|Shadow Sneak|p1a: Raging Bolt
|-damage|p1a: Raging Bolt|66/100
|
|-heal|p1a: Raging Bolt|72/100|[from] item: Leftovers
|upkeep
|turn|8
|
|t:|1760884266
|-terastallize|p2a: Ceruledge|Ghost
|move|p2a: Ceruledge|Swords Dance|p2a: Ceruledge
|-boost|p2a: Ceruledge|atk|2
|move|p1a: Raging Bolt|Thunderbolt|p2a: Ceruledge
|-damage|p2a: Ceruledge|0 fnt
|faint|p2a: Ceruledge
|
|-heal|p1a: Raging Bolt|78/100|[from] item: Leftovers
|upkeep
|
|t:|1760884277
|switch|p2a: Scizor|Scizor, M|100/100
|turn|9
|
|t:|1760884283
|move|p2a: Scizor|Bullet Punch|p1a: Raging Bolt
|-resisted|p1a: Raging Bolt
|-damage|p1a: Raging Bolt|64/100
|move|p1a: Raging Bolt|Calm Mind|p1a: Raging Bolt
|-boost|p1a: Raging Bolt|spa|1
|-boost|p1a: Raging Bolt|spd|1
|
|-heal|p1a: Raging Bolt|71/100|[from] item: Leftovers
|upkeep
|turn|10
|c|☆reylly|Oh wow
|inactive|Battle timer is ON: inactive players will automatically lose when time's up. (requested by name212121)
|c|☆reylly|Raging bolt player
|c|☆reylly|Who doesn't only spam thunder clap
|
|t:|1760884311
|move|p2a: Scizor|Bullet Punch|p1a: Raging Bolt
|-resisted|p1a: Raging Bolt
|-damage|p1a: Raging Bolt|57/100
|move|p1a: Raging Bolt|Calm Mind|p1a: Raging Bolt
|-boost|p1a: Raging Bolt|spa|1
|-boost|p1a: Raging Bolt|spd|1
|
|-heal|p1a: Raging Bolt|63/100|[from] item: Leftovers
|upkeep
|turn|11
|
|t:|1760884319
|move|p1a: Raging Bolt|Thunderbolt|p2a: Scizor
|-damage|p2a: Scizor|0 fnt
|faint|p2a: Scizor
|
|-heal|p1a: Raging Bolt|70/100|[from] item: Leftovers
|upkeep
|
|t:|1760884326
|switch|p2a: Kingambit|Kingambit, F, shiny|100/100
|-activate|p2a: Kingambit|ability: Supreme Overlord
|-start|p2a: Kingambit|fallen5|[silent]
|turn|12
|
|t:|1760884332
|move|p1a: Raging Bolt|Thunderclap|p2a: Kingambit
|-damage|p2a: Kingambit|0 fnt
|faint|p2a: Kingambit
|-end|p2a: Kingambit|fallen5|[silent]
|
|win|name212121
|raw|name212121's rating: 1194 &rarr; <strong>1217</strong><br />(+23 for winning)
|raw|reylly's rating: 1164 &rarr; <strong>1141</strong><br />(-23 for losing)
|l|☆reylly
|player|p2|
|l|☆name212121
|player|p1|
|l| ZambiaZard
