|j|☆Gryfounet94
|j|☆gabbagoul
|t:|1760731946
|gametype|singles
|player|p1|Gryfounet94|lucas|1208
|player|p2|gabbagoul|rocketgrunt|1208
|gen|9
|tier|[Gen 9] OU
|rated|
|rule|HP Percentage Mod: HP is shown in percentages
|rule|Endless Battle Clause: Forcing endless battles is banned
|rule|Species Clause: Limit one of each Pokémon
|rule|OHKO Clause: OHKO moves are banned
|rule|Evasion Items Clause: Evasion items are banned
|rule|Evasion Moves Clause: Evasion moves are banned
|rule|Evasion Abilities Clause: Evasion abilities are banned
|rule|Sleep Moves Clause: Sleep-inducing moves are banned
|clearpoke
|poke|p1|Kingambit, F|
|poke|p1|Hatterene, F|
|poke|p1|Ursaluna, M|
|poke|p1|Porygon2|
|poke|p1|Slowbro, F|
|poke|p1|Iron Hands|
|poke|p2|Milotic, M|
|poke|p2|Comfey, M|
|poke|p2|Deoxys-Defense|
|poke|p2|Clawitzer, F|
|poke|p2|Golurk|
|poke|p2|Noivern, F|
|teampreview
|inactive|Battle timer is ON: inactive players will automatically lose when time's up. (requested by gabbagoul)
|
|t:|1760731957
|teamsize|p1|6
|teamsize|p2|6
|start
|switch|p1a: Hatterene|Hatterene, F|100/100
|switch|p2a: Golurk|Golurk|100/100
|turn|1
|
|t:|1760731966
|move|p2a: Golurk|Heavy Slam|p1a: Hatterene
|-supereffective|p1a: Hatterene
|-damage|p1a: Hatterene|2/100
|move|p1a: Hatterene|Trick Room|p1a: Hatterene
|-fieldstart|move: Trick Room|[of] p1a: Hatterene
|
|upkeep
|turn|2
|
|t:|1760731972
|move|p1a: Hatterene|Dazzling Gleam|p2a: Golurk
|-damage|p2a: Golurk|46/100
|move|p2a: Golurk|Dynamic Punch|p1a: Hatterene
|-resisted|p1a: Hatterene
|-damage|p1a: Hatterene|0 fnt
|faint|p1a: Hatterene
|
|upkeep
|
|t:|1760731980
|switch|p1a: Slowbro|Slowbro, F|100/100
|turn|3
|
|t:|1760731986
|move|p1a: Slowbro|Calm Mind|p1a: Slowbro
|-boost|p1a: Slowbro|spa|1
|-boost|p1a: Slowbro|spd|1
|move|p2a: Golurk|Poltergeist|p1a: Slowbro
|-activate|p1a: Slowbro|move: Poltergeist|Leftovers
|-supereffective|p1a: Slowbro
|-damage|p1a: Slowbro|11/100
|
|-heal|p1a: Slowbro|17/100|[from] item: Leftovers
|upkeep
|turn|4
|
|t:|1760731997
|move|p1a: Slowbro|Surf|p2a: Golurk
|-supereffective|p2a: Golurk
|-damage|p2a: Golurk|0 fnt
|faint|p2a: Golurk
|
|-heal|p1a: Slowbro|23/100|[from] item: Leftovers
|upkeep
|
|t:|1760732005
|switch|p2a: Deoxys|Deoxys-Defense|100/100
|-ability|p2a: Deoxys|Pressure
|turn|5
|
|t:|1760732011
|move|p1a: Slowbro|Surf|p2a: Deoxys
|-crit|p2a: Deoxys
|-damage|p2a: Deoxys|50/100
|move|p2a: Deoxys|Knock Off|p1a: Slowbro
|-supereffective|p1a: Slowbro
|-damage|p1a: Slowbro|0 fnt
|-enditem|p1a: Slowbro|Leftovers|[from] move: Knock Off|[of] p2a: Deoxys
|faint|p1a: Slowbro
|
|-fieldend|move: Trick Room
|upkeep
|
|t:|1760732030
|switch|p1a: Kingambit|Kingambit, F, shiny|100/100
|-activate|p1a: Kingambit|ability: Supreme Overlord
|-start|p1a: Kingambit|fallen2|[silent]
|-item|p1a: Kingambit|Air Balloon
|turn|6
|
|t:|1760732035
|-terastallize|p2a: Deoxys|Fighting
|move|p2a: Deoxys|Drain Punch|p1a: Kingambit
|-supereffective|p1a: Kingambit
|-crit|p1a: Kingambit
|-damage|p1a: Kingambit|0 fnt
|-heal|p2a: Deoxys|100/100|[from] drain|[of] p1a: Kingambit
|-enditem|p1a: Kingambit|Air Balloon
|faint|p1a: Kingambit
|-end|p1a: Kingambit|fallen2|[silent]
|
|upkeep
|
|t:|1760732044
|switch|p1a: Ursaluna|Ursaluna, M|100/100
|turn|7
|
|t:|1760732053
|-terastallize|p1a: Ursaluna|Ground
|move|p2a: Deoxys|Drain Punch|p1a: Ursaluna
|-damage|p1a: Ursaluna|79/100
|move|p1a: Ursaluna|Headlong Rush|p2a: Deoxys
|-damage|p2a: Deoxys|29/100
|-unboost|p1a: Ursaluna|def|1
|-unboost|p1a: Ursaluna|spd|1
|
|-status|p1a: Ursaluna|brn|[from] item: Flame Orb
|upkeep
|turn|8
|
|t:|1760732065
|move|p2a: Deoxys|Drain Punch|p1a: Ursaluna
|-damage|p1a: Ursaluna|50/100 brn
|-heal|p2a: Deoxys|51/100|[from] drain|[of] p1a: Ursaluna
|move|p1a: Ursaluna|Headlong Rush|p2a: Deoxys
|-damage|p2a: Deoxys|0 fnt
|-unboost|p1a: Ursaluna|def|1
|-unboost|p1a: Ursaluna|spd|1
|faint|p2a: Deoxys
|
|-damage|p1a: Ursaluna|44/100 brn|[from] brn
|upkeep
|
|t:|1760732068
|switch|p2a: Clawitzer|Clawitzer, F, shiny|100/100
|turn|9
|
|t:|1760732079
|move|p2a: Clawitzer|Water Pulse|p1a: Ursaluna
|-supereffective|p1a: Ursaluna
|-damage|p1a: Ursaluna|0 fnt
|faint|p1a: Ursaluna
|
|upkeep
|
|t:|1760732084
|switch|p1a: Iron Hands|Iron Hands|100/100
|turn|10
|
|t:|1760732095
|move|p2a: Clawitzer|Water Pulse|p1a: Iron Hands
|-damage|p1a: Iron Hands|55/100
|move|p1a: Iron Hands|Volt Switch|p2a: Clawitzer
|-supereffective|p2a: Clawitzer
|-damage|p2a: Clawitzer|62/100
|-damage|p1a: Iron Hands|45/100|[from] item: Life Orb
|
|t:|1760732102
|-end|p1a: Iron Hands|Quark Drive|[silent]
|switch|p1a: Porygon2|Porygon2|100/100|[from] Volt Switch
|-ability|p1a: Porygon2|Mega Launcher|Trace|[from] ability: Trace|[of] p2a: Clawitzer
|
|upkeep
|turn|11
|
|t:|1760732110
|move|p2a: Clawitzer|Aura Sphere|p1a: Porygon2
|-supereffective|p1a: Porygon2
|-crit|p1a: Porygon2
|-damage|p1a: Porygon2|8/100
|move|p1a: Porygon2|Trick Room|p1a: Porygon2
|-fieldstart|move: Trick Room|[of] p1a: Porygon2
|
|upkeep
|turn|12
|
|t:|1760732117
|move|p1a: Porygon2|Tri Attack|p2a: Clawitzer
|-damage|p2a: Clawitzer|20/100
|move|p2a: Clawitzer|Aura Sphere|p1a: Porygon2
|-supereffective|p1a: Porygon2
|-damage|p1a: Porygon2|0 fnt
|faint|p1a: Porygon2
|
|upkeep
|
|t:|1760732124
|switch|p1a: Iron Hands|Iron Hands|45/100
|turn|13
|
|t:|1760732130
|move|p1a: Iron Hands|Drain Punch|p2a: Clawitzer
|-damage|p2a: Clawitzer|0 fnt
|-heal|p1a: Iron Hands|52/100|[from] drain|[of] p2a: Clawitzer
|faint|p2a: Clawitzer
|-damage|p1a: Iron Hands|42/100|[from] item: Life Orb
|
|upkeep
|
|t:|1760732132
|switch|p2a: Comfey|Comfey, M|100/100
|turn|14
|
|t:|1760732139
|move|p2a: Comfey|Draining Kiss|p1a: Iron Hands
|-supereffective|p1a: Iron Hands
|-damage|p1a: Iron Hands|2/100
|move|p1a: Iron Hands|Iron Head|p2a: Comfey
|-supereffective|p2a: Comfey
|-damage|p2a: Comfey|0 fnt
|faint|p2a: Comfey
|-damage|p1a: Iron Hands|0 fnt|[from] item: Life Orb
|faint|p1a: Iron Hands
|-end|p1a: Iron Hands|Quark Drive|[silent]
|
|win|gabbagoul
|raw|Gryfounet94's rating: 1208 &rarr; <strong>1183</strong><br />(-25 for losing)
|raw|gabbagoul's rating: 1208 &rarr; <strong>1233</strong><br />(+25 for winning)
|l|☆Gryfounet94
|player|p1|
|l|☆gabbagoul
|player|p2|
