|j|☆kingprobs
|j|☆DrapionElectivire
|t:|1760762723
|gametype|singles
|player|p1|kingprobs|170|1209
|player|p2|DrapionElectivire|101|1243
|gen|9
|tier|[Gen 9] OU
|rated|
|rule|HP Percentage Mod: HP is shown in percentages
|rule|Endless Battle Clause: Forcing endless battles is banned
|rule|Species Clause: Limit one of each Pokémon
|rule|OHKO Clause: OHKO moves are banned
|rule|Evasion Items Clause: Evasion items are banned
|rule|Evasion Moves Clause: Evasion moves are banned
|rule|Evasion Abilities Clause: Evasion abilities are banned
|rule|Sleep Moves Clause: Sleep-inducing moves are banned
|clearpoke
|poke|p1|Corviknight, M|
|poke|p1|Dragapult, F|
|poke|p1|Great Tusk|
|poke|p1|Greninja-*, M|
|poke|p1|Dragonite, F|
|poke|p1|Slowking-Galar, F|
|poke|p2|Raging Bolt|
|poke|p2|Iron Hands|
|poke|p2|Ursaluna, M|
|poke|p2|Grimmsnarl, M|
|poke|p2|Moltres|
|poke|p2|Dragapult, F|
|teampreview
|inactive|Battle timer is ON: inactive players will automatically lose when time's up. (requested by kingprobs)
|
|t:|1760762736
|teamsize|p1|6
|teamsize|p2|6
|start
|switch|p1a: Slowking|Slowking-Galar, F|100/100
|switch|p2a: Grimmsnarl|Grimmsnarl, M, shiny|100/100
|turn|1
|
|t:|1760762751
|move|p2a: Grimmsnarl|Parting Shot|p1a: Slowking
|-unboost|p1a: Slowking|atk|1
|-unboost|p1a: Slowking|spa|1
|
|t:|1760762754
|switch|p2a: Ursaluna|Ursaluna, M|100/100|[from] Parting Shot
|move|p1a: Slowking|Sludge Wave|p2a: Ursaluna
|-resisted|p2a: Ursaluna
|-damage|p2a: Ursaluna|90/100
|
|-status|p2a: Ursaluna|brn|[from] item: Flame Orb
|upkeep
|turn|2
|
|t:|1760762767
|switch|p1a: Corviknight|Corviknight, M|100/100
|-ability|p1a: Corviknight|Pressure
|move|p2a: Ursaluna|Facade|p1a: Corviknight
|-resisted|p1a: Corviknight
|-damage|p1a: Corviknight|65/100
|-damage|p2a: Ursaluna|74/100 brn|[from] item: Rocky Helmet|[of] p1a: Corviknight
|
|-damage|p2a: Ursaluna|68/100 brn|[from] brn
|upkeep
|turn|3
|
|t:|1760762779
|move|p1a: Corviknight|Roost|p1a: Corviknight
|-heal|p1a: Corviknight|100/100
|-singleturn|p1a: Corviknight|move: Roost
|move|p2a: Ursaluna|Earthquake|p1a: Corviknight
|-supereffective|p1a: Corviknight
|-damage|p1a: Corviknight|0 fnt
|faint|p1a: Corviknight
|
|-damage|p2a: Ursaluna|61/100 brn|[from] brn
|upkeep
|
|t:|1760762786
|switch|p1a: Greninja|Greninja, M|100/100
|turn|4
|
|t:|1760762796
|switch|p2a: Raging Bolt|Raging Bolt|100/100
|move|p1a: Greninja|Ice Beam|p2a: Raging Bolt
|-start|p1a: Greninja|typechange|Ice|[from] ability: Protean
|-supereffective|p2a: Raging Bolt
|-damage|p2a: Raging Bolt|30/100
|
|upkeep
|turn|5
|
|t:|1760762806
|move|p2a: Raging Bolt|Thunderclap|p1a: Greninja
|-damage|p1a: Greninja|23/100
|move|p1a: Greninja|Ice Beam|p2a: Raging Bolt
|-supereffective|p2a: Raging Bolt
|-damage|p2a: Raging Bolt|0 fnt
|faint|p2a: Raging Bolt
|-end|p2a: Raging Bolt|Protosynthesis|[silent]
|
|upkeep
|
|t:|1760762815
|switch|p2a: Iron Hands|Iron Hands|100/100
|turn|6
|
|t:|1760762822
|switch|p1a: Dragapult|Dragapult, F|100/100
|move|p2a: Iron Hands|Fake Out|p1a: Dragapult
|-immune|p1a: Dragapult
|
|upkeep
|turn|7
|
|t:|1760762830
|-end|p2a: Iron Hands|Quark Drive|[silent]
|switch|p2a: Grimmsnarl|Grimmsnarl, M, shiny|100/100
|move|p1a: Dragapult|U-turn|p2a: Grimmsnarl
|-damage|p2a: Grimmsnarl|79/100
|-damage|p1a: Dragapult|91/100|[from] item: Life Orb
|
|t:|1760762833
|switch|p1a: Slowking|Slowking-Galar, F|100/100|[from] U-turn
|
|upkeep
|turn|8
|
|t:|1760762844
|move|p2a: Grimmsnarl|Parting Shot|p1a: Slowking
|-unboost|p1a: Slowking|atk|1
|-unboost|p1a: Slowking|spa|1
|
|t:|1760762848
|switch|p2a: Ursaluna|Ursaluna, M|61/100 brn|[from] Parting Shot
|move|p1a: Slowking|Future Sight|p2a: Ursaluna
|-start|p1a: Slowking|move: Future Sight
|
|-damage|p2a: Ursaluna|55/100 brn|[from] brn
|upkeep
|turn|9
|
|t:|1760762858
|switch|p1a: Timmy|Dragonite, F, shiny|100/100
|move|p2a: Ursaluna|Earthquake|p1a: Timmy
|-immune|p1a: Timmy
|
|-damage|p2a: Ursaluna|49/100 brn|[from] brn
|upkeep
|turn|10
|
|t:|1760762867
|move|p1a: Timmy|Dragon Dance|p1a: Timmy
|-boost|p1a: Timmy|atk|1
|-boost|p1a: Timmy|spe|1
|move|p2a: Ursaluna|Ice Punch|p1a: Timmy
|-supereffective|p1a: Timmy
|-damage|p1a: Timmy|6/100
|-enditem|p1a: Timmy|Weakness Policy
|-boost|p1a: Timmy|atk|2|[from] item: Weakness Policy
|-boost|p1a: Timmy|spa|2|[from] item: Weakness Policy
|
|-end|p2a: Ursaluna|move: Future Sight
|-damage|p2a: Ursaluna|11/100 brn
|-damage|p2a: Ursaluna|5/100 brn|[from] brn
|upkeep
|turn|11
|
|t:|1760762880
|move|p1a: Timmy|Extreme Speed|p2a: Ursaluna
|-damage|p2a: Ursaluna|0 fnt
|faint|p2a: Ursaluna
|
|upkeep
|
|t:|1760762886
|switch|p2a: Iron Hands|Iron Hands|100/100
|turn|12
|
|t:|1760762893
|move|p2a: Iron Hands|Fake Out|p1a: Timmy
|-damage|p1a: Timmy|0 fnt
|faint|p1a: Timmy
|
|upkeep
|
|t:|1760762905
|switch|p1a: Great Tusk|Great Tusk|100/100
|turn|13
|
|t:|1760762910
|-end|p2a: Iron Hands|Quark Drive|[silent]
|switch|p2a: Moltres|Moltres|100/100
|move|p1a: Great Tusk|Ice Spinner|p2a: Moltres
|-damage|p2a: Moltres|69/100
|
|upkeep
|turn|14
|
|t:|1760762921
|-end|p1a: Great Tusk|Protosynthesis|[silent]
|switch|p1a: Slowking|Slowking-Galar, F|100/100
|move|p2a: Moltres|Roost|p2a: Moltres
|-heal|p2a: Moltres|100/100
|-singleturn|p2a: Moltres|move: Roost
|
|upkeep
|turn|15
|
|t:|1760762929
|move|p2a: Moltres|Scorching Sands|p1a: Slowking
|-supereffective|p1a: Slowking
|-damage|p1a: Slowking|71/100
|-status|p1a: Slowking|brn
|move|p1a: Slowking|Sludge Wave|p2a: Moltres
|-damage|p2a: Moltres|55/100
|
|-heal|p1a: Slowking|77/100 brn|[from] item: Leftovers
|-damage|p1a: Slowking|71/100 brn|[from] brn
|upkeep
|turn|16
|
|t:|1760762942
|switch|p2a: Iron Hands|Iron Hands|100/100
|move|p1a: Slowking|Future Sight|p2a: Iron Hands
|-start|p1a: Slowking|move: Future Sight
|
|-heal|p1a: Slowking|77/100 brn|[from] item: Leftovers
|-damage|p1a: Slowking|71/100 brn|[from] brn
|upkeep
|turn|17
|
|t:|1760762953
|switch|p1a: Great Tusk|Great Tusk|100/100
|move|p2a: Iron Hands|Earthquake|p1a: Great Tusk
|-damage|p1a: Great Tusk|73/100
|
|upkeep
|turn|18
|
|t:|1760762970
|-end|p2a: Iron Hands|Quark Drive|[silent]
|switch|p2a: Grimmsnarl|Grimmsnarl, M, shiny|79/100
|move|p1a: Great Tusk|Headlong Rush|p2a: Grimmsnarl
|-damage|p2a: Grimmsnarl|14/100
|-unboost|p1a: Great Tusk|def|1
|-unboost|p1a: Great Tusk|spd|1
|
|-end|p2a: Grimmsnarl|move: Future Sight
|-immune|p2a: Grimmsnarl
|upkeep
|turn|19
|
|t:|1760762983
|move|p2a: Grimmsnarl|Light Screen|p2a: Grimmsnarl
|-sidestart|p2: DrapionElectivire|move: Light Screen
|move|p1a: Great Tusk|Ice Spinner|p2a: Grimmsnarl
|-damage|p2a: Grimmsnarl|0 fnt
|faint|p2a: Grimmsnarl
|
|upkeep
|
|t:|1760762989
|switch|p2a: Moltres|Moltres|55/100
|turn|20
|
|t:|1760762997
|-end|p1a: Great Tusk|Protosynthesis|[silent]
|switch|p1a: Slowking|Slowking-Galar, F|100/100 brn
|move|p2a: Moltres|Scorching Sands|p1a: Slowking
|-supereffective|p1a: Slowking
|-damage|p1a: Slowking|70/100 brn
|
|-heal|p1a: Slowking|76/100 brn|[from] item: Leftovers
|-damage|p1a: Slowking|70/100 brn|[from] brn
|upkeep
|turn|21
|
|t:|1760763009
|-terastallize|p2a: Moltres|Ground
|move|p2a: Moltres|Scorching Sands|p1a: Slowking
|-supereffective|p1a: Slowking
|-damage|p1a: Slowking|21/100 brn
|move|p1a: Slowking|Future Sight|p2a: Moltres
|-start|p1a: Slowking|move: Future Sight
|
|-heal|p1a: Slowking|27/100 brn|[from] item: Leftovers
|-damage|p1a: Slowking|21/100 brn|[from] brn
|upkeep
|turn|22
|
|t:|1760763038
|move|p2a: Moltres|Scorching Sands|p1a: Slowking
|-supereffective|p1a: Slowking
|-damage|p1a: Slowking|0 fnt
|faint|p1a: Slowking
|
|upkeep
|
|t:|1760763043
|switch|p1a: Greninja|Greninja, M|23/100
|turn|23
|
|t:|1760763050
|switch|p2a: Iron Hands|Iron Hands|100/100
|move|p1a: Greninja|Ice Beam|p2a: Iron Hands
|-start|p1a: Greninja|typechange|Ice|[from] ability: Protean
|-damage|p2a: Iron Hands|90/100
|
|-end|p2a: Iron Hands|move: Future Sight
|-supereffective|p2a: Iron Hands
|-damage|p2a: Iron Hands|64/100
|upkeep
|turn|24
|
|t:|1760763066
|move|p1a: Greninja|Ice Beam|p2a: Iron Hands
|-damage|p2a: Iron Hands|54/100
|move|p2a: Iron Hands|Earthquake|p1a: Greninja
|-damage|p1a: Greninja|0 fnt
|faint|p1a: Greninja
|
|upkeep
|
|t:|1760763070
|switch|p1a: Dragapult|Dragapult, F|91/100
|turn|25
|
|t:|1760763078
|switch|p1a: Great Tusk|Great Tusk|73/100
|move|p2a: Iron Hands|Earthquake|p1a: Great Tusk
|-damage|p1a: Great Tusk|43/100
|
|upkeep
|turn|26
|
|t:|1760763086
|-end|p2a: Iron Hands|Quark Drive|[silent]
|switch|p2a: Moltres|Moltres, tera:Ground|55/100
|move|p1a: Great Tusk|Headlong Rush|p2a: Moltres
|-damage|p2a: Moltres|0 fnt
|-unboost|p1a: Great Tusk|def|1
|-unboost|p1a: Great Tusk|spd|1
|faint|p2a: Moltres
|
|-sideend|p2: DrapionElectivire|move: Light Screen
|upkeep
|
|t:|1760763097
|switch|p2a: Dragapult|Dragapult, F|100/100
|turn|27
|
|t:|1760763103
|move|p2a: Dragapult|Dragon Darts|p1a: Great Tusk
|-damage|p1a: Great Tusk|0 fnt
|faint|p1a: Great Tusk
|-end|p1a: Great Tusk|Protosynthesis|[silent]
|
|upkeep
|
|t:|1760763105
|switch|p1a: Dragapult|Dragapult, F|91/100
|turn|28
|
|t:|1760763111
|-terastallize|p1a: Dragapult|Ghost
|move|p1a: Dragapult|Shadow Ball|p2a: Dragapult
|-supereffective|p2a: Dragapult
|-damage|p2a: Dragapult|0 fnt
|faint|p2a: Dragapult
|-damage|p1a: Dragapult|81/100|[from] item: Life Orb
|
|upkeep
|
|t:|1760763120
|switch|p2a: Iron Hands|Iron Hands|54/100
|turn|29
|
|t:|1760763124
|move|p1a: Dragapult|Shadow Ball|p2a: Iron Hands
|-damage|p2a: Iron Hands|20/100
|-unboost|p2a: Iron Hands|spd|1
|-damage|p1a: Dragapult|71/100|[from] item: Life Orb
|move|p2a: Iron Hands|Supercell Slam|p1a: Dragapult
|-damage|p1a: Dragapult|0 fnt
|faint|p1a: Dragapult
|
|win|DrapionElectivire
|raw|kingprobs's rating: 1209 &rarr; <strong>1186</strong><br />(-23 for losing)
|raw|DrapionElectivire's rating: 1243 &rarr; <strong>1266</strong><br />(+23 for winning)
|l|☆kingprobs
|player|p1|
|l|☆DrapionElectivire
|player|p2|
