|j|☆ProboZap
|j|☆jash215
|t:|1760765042
|gametype|singles
|player|p1|ProboZap|thorton|1197
|player|p2|jash215|169|1216
|gen|9
|tier|[Gen 9] OU
|rated|
|rule|HP Percentage Mod: HP is shown in percentages
|rule|Endless Battle Clause: Forcing endless battles is banned
|rule|Species Clause: Limit one of each Pokémon
|rule|OHKO Clause: OHKO moves are banned
|rule|Evasion Items Clause: Evasion items are banned
|rule|Evasion Moves Clause: Evasion moves are banned
|rule|Evasion Abilities Clause: Evasion abilities are banned
|rule|Sleep Moves Clause: Sleep-inducing moves are banned
|clearpoke
|poke|p1|Scovillain, M|
|poke|p1|Walking Wake|
|poke|p1|Empoleon, F|
|poke|p1|Torkoal, F|
|poke|p1|Hydreigon, F|
|poke|p1|Qwilfish-Hisui, M|
|poke|p2|Kingambit, F|
|poke|p2|Cinderace, F|
|poke|p2|Landorus-Therian, M|
|poke|p2|Iron Valiant|
|poke|p2|Kyurem|
|poke|p2|Slowking-Galar, M|
|teampreview
|inactive|Battle timer is ON: inactive players will automatically lose when time's up. (requested by jash215)
|
|t:|1760765049
|teamsize|p1|6
|teamsize|p2|6
|start
|switch|p1a: Empoleon|Empoleon, F|100/100
|switch|p2a: Landorus|Landorus-Therian, M|100/100
|-ability|p2a: Landorus|Intimidate|boost
|-unboost|p1a: Empoleon|atk|1
|-ability|p1a: Empoleon|Competitive|boost
|-boost|p1a: Empoleon|spa|2
|turn|1
|
|t:|1760765057
|switch|p1a: Hydreigon|Hydreigon, F|100/100
|move|p2a: Landorus|Earthquake|p1a: Hydreigon
|-immune|p1a: Hydreigon|[from] ability: Levitate
|
|upkeep
|turn|2
|
|t:|1760765068
|move|p1a: Hydreigon|Dark Pulse|p2a: Landorus
|-damage|p2a: Landorus|54/100
|move|p2a: Landorus|Stealth Rock|p1a: Hydreigon
|-sidestart|p1: ProboZap|move: Stealth Rock
|
|upkeep
|turn|3
|
|t:|1760765083
|switch|p1a: Empoleon|Empoleon, F|100/100
|-damage|p1a: Empoleon|94/100|[from] Stealth Rock
|move|p2a: Landorus|U-turn|p1a: Empoleon
|-resisted|p1a: Empoleon
|-damage|p1a: Empoleon|82/100
|
|t:|1760765091
|switch|p2a: Slowking|Slowking-Galar, M|100/100|[from] U-turn
|
|upkeep
|turn|4
|
|t:|1760765095
|move|p1a: Empoleon|Stealth Rock|p2a: Slowking
|-sidestart|p2: jash215|move: Stealth Rock
|move|p2a: Slowking|Thunder Wave|p1a: Empoleon
|-status|p1a: Empoleon|par
|
|upkeep
|turn|5
|
|t:|1760765104
|move|p1a: Empoleon|Roost|p1a: Empoleon
|-heal|p1a: Empoleon|100/100 par
|-singleturn|p1a: Empoleon|move: Roost
|-prepare|p2a: Slowking|Chilly Reception|[premajor]
|move|p2a: Slowking|Chilly Reception|p2a: Slowking
|-weather|Snowscape
|
|t:|1760765117
|switch|p2a: Kingambit|Kingambit, F|100/100|[from] Chilly Reception
|-damage|p2a: Kingambit|94/100|[from] Stealth Rock
|
|-weather|Snowscape|[upkeep]
|-heal|p2a: Kingambit|100/100|[from] item: Leftovers
|upkeep
|turn|6
|
|t:|1760765122
|move|p2a: Kingambit|Swords Dance|p2a: Kingambit
|-boost|p2a: Kingambit|atk|2
|move|p1a: Empoleon|Flip Turn|p2a: Kingambit
|-damage|p2a: Kingambit|87/100
|
|t:|1760765130
|switch|p1a: Torkoal|Torkoal, F|100/100|[from] Flip Turn
|-damage|p1a: Torkoal|75/100|[from] Stealth Rock
|-weather|SunnyDay|[from] ability: Drought|[of] p1a: Torkoal
|
|-weather|SunnyDay|[upkeep]
|-heal|p2a: Kingambit|94/100|[from] item: Leftovers
|upkeep
|turn|7
|
|t:|1760765137
|-terastallize|p2a: Kingambit|Flying
|move|p2a: Kingambit|Kowtow Cleave|p1a: Torkoal
|-damage|p1a: Torkoal|7/100
|move|p1a: Torkoal|Lava Plume|p2a: Kingambit
|-damage|p2a: Kingambit|48/100
|
|-weather|SunnyDay|[upkeep]
|-heal|p2a: Kingambit|54/100|[from] item: Leftovers
|upkeep
|turn|8
|
|t:|1760765146
|move|p2a: Kingambit|Sucker Punch|p1a: Torkoal
|-damage|p1a: Torkoal|0 fnt
|faint|p1a: Torkoal
|
|-weather|SunnyDay|[upkeep]
|-heal|p2a: Kingambit|60/100|[from] item: Leftovers
|upkeep
|
|t:|1760765152
|switch|p1a: Walking Wake|Walking Wake|100/100
|-damage|p1a: Walking Wake|88/100|[from] Stealth Rock
|-activate|p1a: Walking Wake|ability: Protosynthesis
|-start|p1a: Walking Wake|protosynthesisspa
|turn|9
|
|t:|1760765168
|move|p2a: Kingambit|Sucker Punch|p1a: Walking Wake
|-damage|p1a: Walking Wake|0 fnt
|faint|p1a: Walking Wake
|-end|p1a: Walking Wake|Protosynthesis|[silent]
|
|-weather|SunnyDay|[upkeep]
|-heal|p2a: Kingambit|67/100|[from] item: Leftovers
|upkeep
|
|t:|1760765170
|switch|p1a: Qwilfish|Qwilfish-Hisui, M|100/100
|-damage|p1a: Qwilfish|88/100|[from] Stealth Rock
|-ability|p1a: Qwilfish|Intimidate|boost
|-unboost|p2a: Kingambit|atk|1
|turn|10
|
|t:|1760765175
|switch|p1a: Scovillain|Scovillain, M|100/100
|-damage|p1a: Scovillain|76/100|[from] Stealth Rock
|move|p2a: Kingambit|Iron Head|p1a: Scovillain
|-resisted|p1a: Scovillain
|-damage|p1a: Scovillain|8/100
|
|-weather|SunnyDay|[upkeep]
|-heal|p2a: Kingambit|73/100|[from] item: Leftovers
|upkeep
|turn|11
|-message|ProboZap forfeited.
|
|win|jash215
|raw|ProboZap's rating: 1197 &rarr; <strong>1173</strong><br />(-24 for losing)
|raw|jash215's rating: 1216 &rarr; <strong>1240</strong><br />(+24 for winning)
|l|☆ProboZap
|player|p1|
|l|☆jash215
|player|p2|
