|j|☆Yugiz
|j|☆825y
|t:|1760760185
|gametype|singles
|player|p1|Yugiz|veteran|1096
|player|p2|825y|lance|1134
|gen|9
|tier|[Gen 9] OU
|rated|
|rule|HP Percentage Mod: HP is shown in percentages
|rule|Endless Battle Clause: Forcing endless battles is banned
|rule|Species Clause: Limit one of each Pokémon
|rule|OHKO Clause: OHKO moves are banned
|rule|Evasion Items Clause: Evasion items are banned
|rule|Evasion Moves Clause: Evasion moves are banned
|rule|Evasion Abilities Clause: Evasion abilities are banned
|rule|Sleep Moves Clause: Sleep-inducing moves are banned
|clearpoke
|poke|p1|Enamorus, F|
|poke|p1|Great Tusk|
|poke|p1|Kingambit, F|
|poke|p1|Ogerpon-Wellspring, F|
|poke|p1|Iron Moth|
|poke|p1|Corviknight, M|
|poke|p2|Pelipper, F|
|poke|p2|Zapdos|
|poke|p2|Politoed, F|
|poke|p2|Kingdra, M|
|poke|p2|Goodra-Hisui, M|
|poke|p2|Gholdengo|
|teampreview
|
|t:|1760760196
|teamsize|p1|6
|teamsize|p2|6
|start
|switch|p1a: Ogerpon|Ogerpon-Wellspring, F|100/100
|switch|p2a: Politoed|Politoed, F, shiny|100/100
|-weather|RainDance|[from] ability: Drizzle|[of] p2a: Politoed
|turn|1
|inactive|Battle timer is ON: inactive players will automatically lose when time's up. (requested by Yugiz)
|
|t:|1760760215
|-terastallize|p2a: Politoed|Poison
|move|p1a: Ogerpon|Spikes|p2a: Politoed
|-sidestart|p2: 825y|Spikes
|move|p2a: Politoed|Tera Blast|p1a: Ogerpon|[anim] Tera Blast Poison
|-supereffective|p1a: Ogerpon
|-crit|p1a: Ogerpon
|-damage|p1a: Ogerpon|0 fnt
|faint|p1a: Ogerpon
|
|-weather|RainDance|[upkeep]
|upkeep
|
|t:|1760760229
|switch|p1a: Great Tusk|Great Tusk|100/100
|turn|2
|
|t:|1760760232
|move|p1a: Great Tusk|Headlong Rush|p2a: Politoed
|-supereffective|p2a: Politoed
|-damage|p2a: Politoed|0 fnt
|-unboost|p1a: Great Tusk|def|1
|-unboost|p1a: Great Tusk|spd|1
|faint|p2a: Politoed
|
|-weather|RainDance|[upkeep]
|upkeep
|
|t:|1760760237
|switch|p2a: Kingdra|Kingdra, M, shiny|100/100
|-damage|p2a: Kingdra|88/100|[from] Spikes
|turn|3
|
|t:|1760760244
|move|p2a: Kingdra|Surf|p1a: Great Tusk
|-supereffective|p1a: Great Tusk
|-damage|p1a: Great Tusk|0 fnt
|faint|p1a: Great Tusk
|-end|p1a: Great Tusk|Protosynthesis|[silent]
|
|-weather|RainDance|[upkeep]
|upkeep
|
|t:|1760760259
|switch|p1a: Enamorus|Enamorus, F|100/100
|turn|4
|
|t:|1760760264
|move|p2a: Kingdra|Surf|p1a: Enamorus
|-damage|p1a: Enamorus|0 fnt
|faint|p1a: Enamorus
|
|-weather|RainDance|[upkeep]
|upkeep
|
|t:|1760760276
|switch|p1a: Kingambit|Kingambit, F|100/100
|-activate|p1a: Kingambit|ability: Supreme Overlord
|-start|p1a: Kingambit|fallen3|[silent]
|turn|5
|
|t:|1760760283
|move|p1a: Kingambit|Sucker Punch|p2a: Kingdra
|-damage|p2a: Kingdra|20/100
|move|p2a: Kingdra|Surf|p1a: Kingambit
|-damage|p1a: Kingambit|1/100
|
|-weather|RainDance|[upkeep]
|-heal|p1a: Kingambit|7/100|[from] item: Leftovers
|upkeep
|turn|6
|
|t:|1760760290
|switch|p2a: Gholdengo|Gholdengo, shiny|100/100
|-damage|p2a: Gholdengo|88/100|[from] Spikes
|move|p1a: Kingambit|Sucker Punch||[still]
|-fail|p1a: Kingambit
|
|-weather|RainDance|[upkeep]
|-heal|p1a: Kingambit|13/100|[from] item: Leftovers
|upkeep
|turn|7
|
|t:|1760760301
|switch|p2a: Goodra|Goodra-Hisui, M, shiny|100/100
|-damage|p2a: Goodra|88/100|[from] Spikes
|move|p1a: Kingambit|Sucker Punch||[still]
|-fail|p1a: Kingambit
|
|-weather|RainDance|[upkeep]
|-heal|p1a: Kingambit|19/100|[from] item: Leftovers
|-heal|p2a: Goodra|94/100|[from] item: Leftovers
|upkeep
|turn|8
|
|t:|1760760310
|move|p1a: Kingambit|Swords Dance|p1a: Kingambit
|-boost|p1a: Kingambit|atk|2
|move|p2a: Goodra|Thunder|p1a: Kingambit
|-damage|p1a: Kingambit|0 fnt
|faint|p1a: Kingambit
|-end|p1a: Kingambit|fallen3|[silent]
|
|-weather|none
|-heal|p2a: Goodra|99/100|[from] item: Leftovers
|upkeep
|
|t:|1760760320
|switch|p1a: Iron Moth|Iron Moth|100/100
|-enditem|p1a: Iron Moth|Booster Energy
|-activate|p1a: Iron Moth|ability: Quark Drive|[fromitem]
|-start|p1a: Iron Moth|quarkdrivespe
|turn|9
|
|t:|1760760325
|move|p1a: Iron Moth|Fiery Dance|p2a: Goodra
|-damage|p2a: Goodra|72/100
|move|p2a: Goodra|Draco Meteor|p1a: Iron Moth
|-damage|p1a: Iron Moth|29/100
|-unboost|p2a: Goodra|spa|2
|
|-heal|p2a: Goodra|78/100|[from] item: Leftovers
|upkeep
|turn|10
|
|t:|1760760335
|switch|p2a: Pelipper|Pelipper, F, shiny|100/100
|-weather|RainDance|[from] ability: Drizzle|[of] p2a: Pelipper
|move|p1a: Iron Moth|Fiery Dance|p2a: Pelipper
|-resisted|p2a: Pelipper
|-damage|p2a: Pelipper|86/100
|-boost|p1a: Iron Moth|spa|1
|
|-weather|RainDance|[upkeep]
|upkeep
|turn|11
|
|t:|1760760348
|move|p1a: Iron Moth|Sludge Wave|p2a: Pelipper
|-damage|p2a: Pelipper|0 fnt
|faint|p2a: Pelipper
|
|-weather|RainDance|[upkeep]
|upkeep
|
|t:|1760760351
|switch|p2a: Kingdra|Kingdra, M, shiny|20/100
|-damage|p2a: Kingdra|8/100|[from] Spikes
|turn|12
|
|t:|1760760359
|move|p2a: Kingdra|Surf|p1a: Iron Moth
|-supereffective|p1a: Iron Moth
|-damage|p1a: Iron Moth|0 fnt
|faint|p1a: Iron Moth
|-end|p1a: Iron Moth|Quark Drive|[silent]
|
|-weather|RainDance|[upkeep]
|upkeep
|
|t:|1760760364
|switch|p1a: Corviknight|Corviknight, M|100/100
|-ability|p1a: Corviknight|Pressure
|turn|13
|
|t:|1760760374
|move|p2a: Kingdra|Surf|p1a: Corviknight
|-damage|p1a: Corviknight|8/100
|move|p1a: Corviknight|Brave Bird|p2a: Kingdra
|-damage|p2a: Kingdra|0 fnt
|faint|p2a: Kingdra
|-damage|p1a: Corviknight|6/100|[from] Recoil
|
|-weather|RainDance|[upkeep]
|upkeep
|
|t:|1760760377
|switch|p2a: Zapdos|Zapdos, shiny|100/100
|turn|14
|-message|Yugiz forfeited.
|
|win|825y
|raw|Yugiz's rating: 1096 &rarr; <strong>1074</strong><br />(-22 for losing)
|raw|825y's rating: 1134 &rarr; <strong>1156</strong><br />(+22 for winning)
|l|☆Yugiz
|player|p1|
|l|☆825y
|player|p2|
