|j|☆AlitaRevolt
|j|☆big amogus
|t:|1760830452
|gametype|singles
|player|p1|AlitaRevolt|guitarist|1243
|player|p2|big amogus|unknown|1209
|gen|9
|tier|[Gen 9] OU
|rated|
|rule|HP Percentage Mod: HP is shown in percentages
|rule|Endless Battle Clause: Forcing endless battles is banned
|rule|Species Clause: Limit one of each Pokémon
|rule|OHKO Clause: OHKO moves are banned
|rule|Evasion Items Clause: Evasion items are banned
|rule|Evasion Moves Clause: Evasion moves are banned
|rule|Evasion Abilities Clause: Evasion abilities are banned
|rule|Sleep Moves Clause: Sleep-inducing moves are banned
|clearpoke
|poke|p1|Blaziken, F|
|poke|p1|Dragapult, M|
|poke|p1|Alomomola, F|
|poke|p1|Great Tusk|
|poke|p1|Hatterene, F|
|poke|p1|Kingambit, M|
|poke|p2|Gallade, M|
|poke|p2|Spidops, F|
|poke|p2|Skeledirge, M|
|poke|p2|Krookodile, F|
|poke|p2|Slowbro, F|
|poke|p2|Comfey, F|
|teampreview
|inactive|Battle timer is ON: inactive players will automatically lose when time's up. (requested by AlitaRevolt)
|
|t:|1760830473
|teamsize|p1|6
|teamsize|p2|6
|start
|switch|p1a: Dragapult|Dragapult, M|100/100
|switch|p2a: Spidops|Spidops, F|100/100
|turn|1
|
|t:|1760830483
|move|p1a: Dragapult|Flamethrower|p2a: Spidops
|-supereffective|p2a: Spidops
|-damage|p2a: Spidops|1/100
|move|p2a: Spidops|Memento|p1a: Dragapult
|-unboost|p1a: Dragapult|atk|2
|-unboost|p1a: Dragapult|spa|2
|faint|p2a: Spidops
|
|upkeep
|
|t:|1760830498
|switch|p2a: Krookodile|Krookodile, F|100/100
|-ability|p2a: Krookodile|Intimidate|boost
|-unboost|p1a: Dragapult|atk|1
|turn|2
|
|t:|1760830510
|switch|p1a: Alomomola|Alomomola, F|100/100
|move|p2a: Krookodile|Bulk Up|p2a: Krookodile
|-boost|p2a: Krookodile|atk|1
|-boost|p2a: Krookodile|def|1
|
|upkeep
|turn|3
|
|t:|1760830522
|move|p2a: Krookodile|Scale Shot|p1a: Alomomola
|-damage|p1a: Alomomola|93/100
|-damage|p1a: Alomomola|86/100
|-damage|p1a: Alomomola|79/100
|-hitcount|p1a: Alomomola|3
|-unboost|p2a: Krookodile|def|1
|-boost|p2a: Krookodile|spe|1
|move|p1a: Alomomola|Flip Turn|p2a: Krookodile
|-supereffective|p2a: Krookodile
|-damage|p2a: Krookodile|58/100
|-enditem|p2a: Krookodile|Weakness Policy
|-boost|p2a: Krookodile|atk|2|[from] item: Weakness Policy
|-boost|p2a: Krookodile|spa|2|[from] item: Weakness Policy
|
|t:|1760830540
|switch|p1a: Blaziken|Blaziken, F|100/100|[from] Flip Turn
|
|upkeep
|turn|4
|
|t:|1760830552
|move|p1a: Blaziken|Protect|p1a: Blaziken
|-singleturn|p1a: Blaziken|Protect
|move|p2a: Krookodile|Earthquake|p1a: Blaziken
|-activate|p1a: Blaziken|move: Protect
|
|-ability|p1a: Blaziken|Speed Boost|boost
|-boost|p1a: Blaziken|spe|1
|upkeep
|turn|5
|
|t:|1760830565
|-terastallize|p1a: Blaziken|Fighting
|move|p2a: Krookodile|Earthquake|p1a: Blaziken
|-damage|p1a: Blaziken|0 fnt
|faint|p1a: Blaziken
|
|upkeep
|-message|AlitaRevolt forfeited.
|
|win|big amogus
|raw|AlitaRevolt's rating: 1243 &rarr; <strong>1216</strong><br />(-27 for losing)
|raw|big amogus's rating: 1209 &rarr; <strong>1236</strong><br />(+27 for winning)
|l|☆AlitaRevolt
|player|p1|
|l|☆big amogus
|player|p2|
