|j|☆Joao V9898
|j|☆Victini Road
|t:|1760814792
|gametype|singles
|player|p1|Joao V9898|n|1663
|player|p2|Victini Road|n|1802
|gen|9
|tier|[Gen 9] OU
|rated|
|rule|HP Percentage Mod: HP is shown in percentages
|rule|Endless Battle Clause: Forcing endless battles is banned
|rule|Species Clause: Limit one of each Pokémon
|rule|OHKO Clause: OHKO moves are banned
|rule|Evasion Items Clause: Evasion items are banned
|rule|Evasion Moves Clause: Evasion moves are banned
|rule|Evasion Abilities Clause: Evasion abilities are banned
|rule|Sleep Moves Clause: Sleep-inducing moves are banned
|clearpoke
|poke|p1|Indeedee, M|
|poke|p1|Hatterene, F|
|poke|p1|Polteageist-Antique|
|poke|p1|Iron Crown|
|poke|p1|Iron Treads|
|poke|p1|Hawlucha, M|
|poke|p2|Enamorus-Therian, F|
|poke|p2|Kyurem|
|poke|p2|Hoopa-Unbound|
|poke|p2|Alomomola, M|
|poke|p2|Slowking-Galar, M|
|poke|p2|Corviknight, F|
|teampreview
|inactive|Battle timer is ON: inactive players will automatically lose when time's up. (requested by Joao V9898)
|
|t:|1760814807
|teamsize|p1|6
|teamsize|p2|6
|start
|switch|p1a: Iron Treads|Iron Treads|100/100
|switch|p2a: Hoopa|Hoopa-Unbound|100/100
|-enditem|p1a: Iron Treads|Booster Energy
|-activate|p1a: Iron Treads|ability: Quark Drive|[fromitem]
|-start|p1a: Iron Treads|quarkdrivespe
|turn|1
|
|t:|1760814811
|move|p1a: Iron Treads|Stealth Rock|p2a: Hoopa
|-sidestart|p2: Victini Road|move: Stealth Rock
|move|p2a: Hoopa|Drain Punch|p1a: Iron Treads
|-supereffective|p1a: Iron Treads
|-damage|p1a: Iron Treads|8/100
|
|upkeep
|turn|2
|
|t:|1760814822
|switch|p2a: Corviknight|Corviknight, F|100/100
|-damage|p2a: Corviknight|88/100|[from] Stealth Rock
|-ability|p2a: Corviknight|Pressure
|move|p1a: Iron Treads|Knock Off|p2a: Corviknight
|-damage|p2a: Corviknight|69/100
|-enditem|p2a: Corviknight|Leftovers|[from] move: Knock Off|[of] p1a: Iron Treads
|
|upkeep
|turn|3
|
|t:|1760814833
|move|p1a: Iron Treads|Knock Off|p2a: Corviknight
|-damage|p2a: Corviknight|57/100
|move|p2a: Corviknight|Roost|p2a: Corviknight
|-heal|p2a: Corviknight|100/100
|-singleturn|p2a: Corviknight|move: Roost
|
|upkeep
|turn|4
|
|t:|1760814839
|-end|p1a: Iron Treads|Quark Drive|[silent]
|switch|p1a: Indeedee|Indeedee, M|100/100
|-fieldstart|move: Psychic Terrain|[from] ability: Psychic Surge|[of] p1a: Indeedee
|move|p2a: Corviknight|Body Press|p1a: Indeedee
|-damage|p1a: Indeedee|57/100
|
|upkeep
|turn|5
|
|t:|1760814846
|move|p1a: Indeedee|Encore|p2a: Corviknight
|-start|p2a: Corviknight|Encore
|move|p2a: Corviknight|Body Press|p1a: Indeedee
|-damage|p1a: Indeedee|12/100
|
|upkeep
|turn|6
|
|t:|1760814856
|switch|p1a: Polteageist|Polteageist-Antique|100/100
|switch|p2a: Slowking|Slowking-Galar, M|100/100
|-damage|p2a: Slowking|88/100|[from] Stealth Rock
|
|-heal|p2a: Slowking|94/100|[from] item: Black Sludge
|upkeep
|turn|7
|
|t:|1760814861
|move|p1a: Polteageist|Shell Smash|p1a: Polteageist
|-unboost|p1a: Polteageist|def|1
|-unboost|p1a: Polteageist|spd|1
|-boost|p1a: Polteageist|atk|2
|-boost|p1a: Polteageist|spa|2
|-boost|p1a: Polteageist|spe|2
|move|p2a: Slowking|Future Sight|p1a: Polteageist
|-start|p2a: Slowking|move: Future Sight
|
|-heal|p2a: Slowking|99/100|[from] item: Black Sludge
|upkeep
|turn|8
|
|t:|1760814868
|move|p1a: Polteageist|Shadow Ball|p2a: Slowking
|-supereffective|p2a: Slowking
|-damage|p2a: Slowking|0 fnt
|faint|p2a: Slowking
|
|upkeep
|
|t:|1760814876
|switch|p2a: Hoopa|Hoopa-Unbound|100/100
|-damage|p2a: Hoopa|88/100|[from] Stealth Rock
|turn|9
|
|t:|1760814887
|switch|p1a: Iron Treads|Iron Treads|8/100
|move|p2a: Hoopa|Hyperspace Fury|p1a: Iron Treads
|-damage|p1a: Iron Treads|0 fnt
|-unboost|p2a: Hoopa|def|1
|faint|p1a: Iron Treads
|-end|p1a: Iron Treads|Quark Drive|[silent]
|
|-hint|Future Sight did not hit because the target is fainted.
|upkeep
|
|t:|1760814893
|switch|p1a: Hawlucha|Hawlucha, M|100/100
|-enditem|p1a: Hawlucha|Psychic Seed
|-boost|p1a: Hawlucha|spd|1|[from] item: Psychic Seed
|turn|10
|
|t:|1760814898
|move|p1a: Hawlucha|Swords Dance|p1a: Hawlucha
|-boost|p1a: Hawlucha|atk|2
|move|p2a: Hoopa|Hyperspace Fury|p1a: Hawlucha
|-resisted|p1a: Hawlucha
|-crit|p1a: Hawlucha
|-damage|p1a: Hawlucha|13/100
|-unboost|p2a: Hoopa|def|1
|
|upkeep
|turn|11
|
|t:|1760814904
|switch|p2a: Alomomola|Alomomola, M|100/100
|-damage|p2a: Alomomola|88/100|[from] Stealth Rock
|move|p1a: Hawlucha|Close Combat|p2a: Alomomola
|-damage|p2a: Alomomola|31/100
|-unboost|p1a: Hawlucha|def|1
|-unboost|p1a: Hawlucha|spd|1
|
|-heal|p2a: Alomomola|37/100|[from] item: Leftovers
|-fieldend|move: Psychic Terrain
|upkeep
|turn|12
|
|t:|1760814913
|move|p1a: Hawlucha|Close Combat|p2a: Alomomola
|-damage|p2a: Alomomola|0 fnt
|-unboost|p1a: Hawlucha|def|1
|-unboost|p1a: Hawlucha|spd|1
|faint|p2a: Alomomola
|
|upkeep
|
|t:|1760814915
|switch|p2a: Corviknight|Corviknight, F|100/100
|-damage|p2a: Corviknight|88/100|[from] Stealth Rock
|-ability|p2a: Corviknight|Pressure
|turn|13
|
|t:|1760814918
|move|p1a: Hawlucha|Close Combat|p2a: Corviknight
|-damage|p2a: Corviknight|18/100
|-unboost|p1a: Hawlucha|def|1
|-unboost|p1a: Hawlucha|spd|1
|move|p2a: Corviknight|Defog|p1a: Hawlucha
|-unboost|p1a: Hawlucha|evasion|1
|-sideend|p2: Victini Road|Stealth Rock|[from] move: Defog|[of] p2a: Corviknight
|
|upkeep
|turn|14
|
|t:|1760814925
|move|p1a: Hawlucha|Close Combat|p2a: Corviknight
|-damage|p2a: Corviknight|0 fnt
|-unboost|p1a: Hawlucha|def|1
|-unboost|p1a: Hawlucha|spd|1
|faint|p2a: Corviknight
|
|upkeep
|
|t:|1760814928
|switch|p2a: Enamorus|Enamorus-Therian, F|100/100
|turn|15
|
|t:|1760814931
|move|p1a: Hawlucha|Acrobatics|p2a: Enamorus
|-damage|p2a: Enamorus|3/100
|move|p2a: Enamorus|Moonblast|p1a: Hawlucha
|-supereffective|p1a: Hawlucha
|-damage|p1a: Hawlucha|0 fnt
|faint|p1a: Hawlucha
|
|upkeep
|
|t:|1760814937
|switch|p1a: Indeedee|Indeedee, M|12/100
|-fieldstart|move: Psychic Terrain|[from] ability: Psychic Surge|[of] p1a: Indeedee
|turn|16
|
|t:|1760814940
|switch|p2a: Hoopa|Hoopa-Unbound|88/100
|move|p1a: Indeedee|Expanding Force|p2a: Hoopa
|-immune|p2a: Hoopa
|
|upkeep
|turn|17
|
|t:|1760814945
|move|p1a: Indeedee|Dazzling Gleam|p2a: Hoopa
|-supereffective|p2a: Hoopa
|-damage|p2a: Hoopa|61/100
|move|p2a: Hoopa|Hyperspace Fury|p1a: Indeedee
|-supereffective|p1a: Indeedee
|-damage|p1a: Indeedee|0 fnt
|-unboost|p2a: Hoopa|def|1
|faint|p1a: Indeedee
|
|upkeep
|
|t:|1760814957
|switch|p1a: Polteageist|Polteageist-Antique|100/100
|turn|18
|
|t:|1760814959
|move|p1a: Polteageist|Shell Smash|p1a: Polteageist
|-unboost|p1a: Polteageist|def|1
|-unboost|p1a: Polteageist|spd|1
|-boost|p1a: Polteageist|atk|2
|-boost|p1a: Polteageist|spa|2
|-boost|p1a: Polteageist|spe|2
|move|p2a: Hoopa|Hyperspace Fury|p1a: Polteageist
|-supereffective|p1a: Polteageist
|-enditem|p1a: Polteageist|Focus Sash
|-damage|p1a: Polteageist|1/100
|-unboost|p2a: Hoopa|def|1
|-ability|p1a: Polteageist|Weak Armor|boost
|-unboost|p1a: Polteageist|def|1
|-boost|p1a: Polteageist|spe|2
|
|upkeep
|turn|19
|
|t:|1760814962
|move|p1a: Polteageist|Shadow Ball|p2a: Hoopa
|-damage|p2a: Hoopa|0 fnt
|faint|p2a: Hoopa
|
|upkeep
|-message|Victini Road forfeited.
|
|win|Joao V9898
|raw|Joao V9898's rating: 1663 &rarr; <strong>1691</strong><br />(+28 for winning)
|raw|Victini Road's rating: 1802 &rarr; <strong>1774</strong><br />(-28 for losing)
|l|☆Victini Road
|player|p2|
|l|☆Joao V9898
|player|p1|
