|j|‽XIXINANA
|j|☆Aimsss
|t:|1760889749
|gametype|singles
|player|p1|XIXINANA|nate|1445
|player|p2|Aimsss|policeman-gen4|1472
|gen|9
|tier|[Gen 9] OU
|rated|
|rule|HP Percentage Mod: HP is shown in percentages
|rule|Endless Battle Clause: Forcing endless battles is banned
|rule|Species Clause: Limit one of each Pokémon
|rule|OHKO Clause: OHKO moves are banned
|rule|Evasion Items Clause: Evasion items are banned
|rule|Evasion Moves Clause: Evasion moves are banned
|rule|Evasion Abilities Clause: Evasion abilities are banned
|rule|Sleep Moves Clause: Sleep-inducing moves are banned
|clearpoke
|poke|p1|Lycanroc-Midnight, M|
|poke|p1|Zoroark-Hisui, M|
|poke|p1|Greninja-*, M|
|poke|p1|Kleavor, M|
|poke|p1|Iron Hands|
|poke|p1|Regidrago|
|poke|p2|Dragapult, F|
|poke|p2|Kingambit, F|
|poke|p2|Hawlucha, F|
|poke|p2|Glimmora, F|
|poke|p2|Chesnaught, F|
|poke|p2|Gallade, M|
|teampreview
|
|t:|1760889756
|teamsize|p1|6
|teamsize|p2|6
|start
|switch|p1a: Kleavor|Kleavor, M|100/100
|switch|p2a: Gallade|Gallade, M, shiny|100/100
|turn|1
|
|t:|1760889763
|move|p1a: Kleavor|Stone Axe|p2a: Gallade
|-resisted|p2a: Gallade
|-damage|p2a: Gallade|52/100
|-sidestart|p2: Aimsss|move: Stealth Rock
|move|p2a: Gallade|Agility|p2a: Gallade
|-boost|p2a: Gallade|spe|2
|
|upkeep
|turn|2
|
|t:|1760889770
|move|p2a: Gallade|Sacred Sword|p1a: Kleavor
|-damage|p1a: Kleavor|11/100
|move|p1a: Kleavor|Stone Axe|p2a: Gallade
|-resisted|p2a: Gallade
|-damage|p2a: Gallade|3/100
|-enditem|p2a: Gallade|Sitrus Berry|[eat]
|-heal|p2a: Gallade|28/100|[from] item: Sitrus Berry
|
|upkeep
|turn|3
|
|t:|1760889785
|move|p2a: Gallade|Night Slash|p1a: Kleavor
|-damage|p1a: Kleavor|0 fnt
|faint|p1a: Kleavor
|
|upkeep
|
|t:|1760889789
|switch|p1a: Greninja|Greninja, M|100/100
|turn|4
|
|t:|1760889793
|switch|p2a: Kingambit|Kingambit, F|100/100
|-damage|p2a: Kingambit|94/100|[from] Stealth Rock
|move|p1a: Greninja|Water Shuriken|p2a: Kingambit
|-damage|p2a: Kingambit|88/100
|-damage|p2a: Kingambit|81/100
|-crit|p2a: Kingambit
|-damage|p2a: Kingambit|72/100
|-damage|p2a: Kingambit|66/100
|-hitcount|p2a: Kingambit|4
|
|upkeep
|turn|5
|inactive|Battle timer is ON: inactive players will automatically lose when time's up. (requested by XIXINANA)
|
|t:|1760889806
|switch|p1a: Iron Hands|Iron Hands|100/100
|move|p2a: Kingambit|Iron Head|p1a: Iron Hands
|-resisted|p1a: Iron Hands
|-damage|p1a: Iron Hands|84/100
|
|upkeep
|turn|6
|
|t:|1760889814
|switch|p2a: Chesnaught|Chesnaught, F|100/100
|-damage|p2a: Chesnaught|94/100|[from] Stealth Rock
|move|p1a: Iron Hands|Volt Switch|p2a: Chesnaught
|-resisted|p2a: Chesnaught
|-damage|p2a: Chesnaught|89/100
|
|t:|1760889825
|-end|p1a: Iron Hands|Quark Drive|[silent]
|switch|p1a: Regidrago|Regidrago|100/100|[from] Volt Switch
|
|upkeep
|turn|7
|
|t:|1760889831
|switch|p2a: Gallade|Gallade, M, shiny|28/100
|-damage|p2a: Gallade|22/100|[from] Stealth Rock
|move|p1a: Regidrago|Dragon Energy|p2a: Gallade
|-damage|p2a: Gallade|0 fnt
|faint|p2a: Gallade
|
|upkeep
|c|☆Aimsss|!dt dragon energy
|c| Aimsss|/raw <ul class="utilichart"><li class="result"><span class="col movenamecol"><a href="https://dex.pokemonshowdown.com/moves/dragonenergy">Dragon Energy</a></span> <span class="col typecol"><img src="//play.pokemonshowdown.com/sprites/types/Dragon.png" alt="Dragon" width="32" height="14"><img src="//play.pokemonshowdown.com/sprites/categories/Special.png" alt="Special" width="32" height="14"></span> <span class="col labelcol"><em>Power</em><br>150</span> <span class="col widelabelcol"><em>Accuracy</em><br>100%</span> <span class="col pplabelcol"><em>PP</em><br>8</span> <span class="col movedesccol">Less power as user's HP decreases. Hits foe(s).</span> </li><li style="clear:both"></li></ul>
|c| Aimsss|/raw <font size="1"><font color="#686868">Priority:</font> 0&nbsp;|&ThickSpace;<font color="#686868">Gen:</font> 8&nbsp;|&ThickSpace;<font color="#686868">Z-Power:</font> 200&nbsp;|&ThickSpace;<font color="#686868">Target:</font> All Adjacent Opponents</font>

|inactive|Aimsss has 120 seconds left.
|
|t:|1760889861
|switch|p2a: Dragapult|Dragapult, F|100/100
|turn|8
|
|t:|1760889867
|switch|p1a: Iron Hands|Iron Hands|84/100
|move|p2a: Dragapult|Dragon Darts|p1a: Iron Hands
|-damage|p1a: Iron Hands|68/100
|-anim|p2a: Dragapult|Dragon Darts|p1a: Iron Hands
|-damage|p1a: Iron Hands|54/100
|
|upkeep
|turn|9
|inactive|XIXINANA has 120 seconds left.
|
|t:|1760889899
|-end|p1a: Iron Hands|Quark Drive|[silent]
|switch|p1a: Lycanroc|Lycanroc-Midnight, M|100/100
|move|p2a: Dragapult|Will-O-Wisp|p1a: Lycanroc
|-status|p1a: Lycanroc|brn
|
|-damage|p1a: Lycanroc|94/100 brn|[from] brn
|upkeep
|turn|10
|
|t:|1760889907
|move|p1a: Lycanroc|Sucker Punch|p2a: Dragapult
|-supereffective|p2a: Dragapult
|-damage|p2a: Dragapult|48/100
|-damage|p1a: Lycanroc|84/100 brn|[from] item: Life Orb
|move|p2a: Dragapult|Hex|p1a: Lycanroc
|-damage|p1a: Lycanroc|2/100 brn
|
|-damage|p1a: Lycanroc|0 fnt|[from] brn
|faint|p1a: Lycanroc
|upkeep
|inactive|XIXINANA has 120 seconds left.
|
|t:|1760889935
|switch|p1a: Greninja|Greninja, M|100/100
|turn|11
|
|t:|1760889942
|switch|p2a: Kingambit|Kingambit, F|66/100
|-damage|p2a: Kingambit|59/100|[from] Stealth Rock
|move|p1a: Greninja|Bitter Malice|p2a: Kingambit
|-resisted|p2a: Kingambit
|-damage|p2a: Kingambit|30/100
|-unboost|p2a: Kingambit|atk|1
|-ability|p2a: Kingambit|Defiant|boost
|-boost|p2a: Kingambit|atk|2
|
|upkeep
|turn|12
|inactive|XIXINANA has 120 seconds left.
|
|t:|1760889970
|move|p1a: Greninja|Bitter Malice|p2a: Kingambit
|-resisted|p2a: Kingambit
|-damage|p2a: Kingambit|4/100
|-unboost|p2a: Kingambit|atk|1
|-ability|p2a: Kingambit|Defiant|boost
|-boost|p2a: Kingambit|atk|2
|move|p2a: Kingambit|Iron Head|p1a: Greninja
|-crit|p1a: Greninja
|-damage|p1a: Greninja|0 fnt
|replace|p1a: Zoroark|Zoroark-Hisui, M
|-end|p1a: Zoroark|Illusion
|faint|p1a: Zoroark
|
|upkeep
|
|t:|1760889982
|switch|p1a: Greninja|Greninja, M|100/100
|turn|13
|
|t:|1760889986
|switch|p2a: Hawlucha|Hawlucha, F|100/100
|-damage|p2a: Hawlucha|88/100|[from] Stealth Rock
|move|p1a: Greninja|Water Shuriken|p2a: Hawlucha
|-damage|p2a: Hawlucha|78/100
|-damage|p2a: Hawlucha|68/100
|-damage|p2a: Hawlucha|57/100
|-damage|p2a: Hawlucha|47/100
|-damage|p2a: Hawlucha|37/100
|-hitcount|p2a: Hawlucha|5
|-enditem|p2a: Hawlucha|Red Card|[of] p1a: Greninja
|drag|p1a: Regidrago|Regidrago|100/100
|
|upkeep
|turn|14
|
|t:|1760890001
|move|p2a: Hawlucha|Acrobatics|p1a: Regidrago
|-damage|p1a: Regidrago|35/100
|move|p1a: Regidrago|Dragon Energy|p2a: Hawlucha
|-damage|p2a: Hawlucha|0 fnt
|faint|p2a: Hawlucha
|
|upkeep
|
|t:|1760890018
|switch|p2a: Glimmora|Glimmora, F|100/100
|-damage|p2a: Glimmora|88/100|[from] Stealth Rock
|-item|p2a: Glimmora|Air Balloon
|turn|15
|
|t:|1760890030
|move|p1a: Regidrago|Dragon Energy|p2a: Glimmora
|-damage|p2a: Glimmora|51/100
|-enditem|p2a: Glimmora|Air Balloon
|move|p2a: Glimmora|Stealth Rock|p1a: Regidrago
|-sidestart|p1: XIXINANA|move: Stealth Rock
|
|upkeep
|turn|16
|inactive|XIXINANA has 120 seconds left.
|
|t:|1760890037
|move|p1a: Regidrago|Dragon Energy|p2a: Glimmora
|-damage|p2a: Glimmora|16/100
|move|p2a: Glimmora|Sludge Bomb|p1a: Regidrago
|-damage|p1a: Regidrago|0 fnt
|faint|p1a: Regidrago
|
|upkeep
|inactive|XIXINANA has 120 seconds left.
|
|t:|1760890043
|switch|p1a: Greninja|Greninja, M|100/100
|-damage|p1a: Greninja|88/100|[from] Stealth Rock
|turn|17
|inactive|XIXINANA has 120 seconds left.
|
|t:|1760890067
|switch|p2a: Kingambit|Kingambit, F|4/100
|-damage|p2a: Kingambit|0 fnt|[from] Stealth Rock
|faint|p2a: Kingambit
|move|p1a: Greninja|Surf|p2: Kingambit|[notarget]
|-fail|p1a: Greninja
|
|upkeep
|
|t:|1760890078
|switch|p2a: Chesnaught|Chesnaught, F|89/100
|-damage|p2a: Chesnaught|83/100|[from] Stealth Rock
|turn|18
|inactive|XIXINANA has 120 seconds left.
|
|t:|1760890085
|switch|p1a: Iron Hands|Iron Hands|54/100
|-damage|p1a: Iron Hands|48/100|[from] Stealth Rock
|move|p2a: Chesnaught|Leech Seed|p1a: Iron Hands
|-start|p1a: Iron Hands|move: Leech Seed
|
|-damage|p1a: Iron Hands|35/100|[from] Leech Seed|[of] p2a: Chesnaught
|-heal|p2a: Chesnaught|98/100|[silent]
|upkeep
|turn|19
|
|t:|1760890096
|switch|p2a: Glimmora|Glimmora, F|16/100
|-damage|p2a: Glimmora|4/100|[from] Stealth Rock
|move|p1a: Iron Hands|Volt Switch|p2a: Glimmora
|-damage|p2a: Glimmora|0 fnt
|faint|p2a: Glimmora
|
|t:|1760890100
|-end|p1a: Iron Hands|Quark Drive|[silent]
|switch|p1a: Greninja|Greninja, M|88/100|[from] Volt Switch
|-damage|p1a: Greninja|76/100|[from] Stealth Rock
|
|upkeep
|
|t:|1760890109
|switch|p2a: Dragapult|Dragapult, F|48/100
|turn|20
|
|t:|1760890123
|-terastallize|p1a: Greninja|Water
|move|p1a: Greninja|Water Shuriken|p2a: Dragapult
|-resisted|p2a: Dragapult
|-crit|p2a: Dragapult
|-damage|p2a: Dragapult|37/100
|-resisted|p2a: Dragapult
|-damage|p2a: Dragapult|30/100
|-resisted|p2a: Dragapult
|-damage|p2a: Dragapult|25/100
|-resisted|p2a: Dragapult
|-damage|p2a: Dragapult|18/100
|-hitcount|p2a: Dragapult|4
|move|p2a: Dragapult|Dragon Darts|p1a: Greninja
|-damage|p1a: Greninja|42/100
|-anim|p2a: Dragapult|Dragon Darts|p1a: Greninja
|-damage|p1a: Greninja|8/100
|
|upkeep
|turn|21
|inactive|XIXINANA has 120 seconds left.
|
|t:|1760890182
|switch|p2a: Chesnaught|Chesnaught, F|98/100
|-damage|p2a: Chesnaught|92/100|[from] Stealth Rock
|move|p1a: Greninja|Water Shuriken|p2a: Chesnaught
|-resisted|p2a: Chesnaught
|-damage|p2a: Chesnaught|88/100
|-resisted|p2a: Chesnaught
|-damage|p2a: Chesnaught|84/100
|-resisted|p2a: Chesnaught
|-damage|p2a: Chesnaught|80/100
|-resisted|p2a: Chesnaught
|-damage|p2a: Chesnaught|76/100
|-hitcount|p2a: Chesnaught|4
|
|upkeep
|turn|22
|
|t:|1760890195
|move|p1a: Greninja|Ice Beam|p2a: Chesnaught
|-supereffective|p2a: Chesnaught
|-damage|p2a: Chesnaught|31/100
|-enditem|p2a: Chesnaught|Sitrus Berry|[eat]
|-heal|p2a: Chesnaught|56/100|[from] item: Sitrus Berry
|move|p2a: Chesnaught|Drain Punch|p1a: Greninja
|-damage|p1a: Greninja|0 fnt
|-heal|p2a: Chesnaught|59/100|[from] drain|[of] p1a: Greninja
|faint|p1a: Greninja
|
|upkeep
|
|t:|1760890203
|switch|p1a: Iron Hands|Iron Hands|35/100
|-damage|p1a: Iron Hands|29/100|[from] Stealth Rock
|turn|23
|
|t:|1760890208
|move|p1a: Iron Hands|Fake Out|p2a: Chesnaught
|-damage|p2a: Chesnaught|47/100
|cant|p2a: Chesnaught|flinch
|
|upkeep
|turn|24
|
|t:|1760890214
|move|p2a: Chesnaught|Leech Seed|p1a: Iron Hands
|-start|p1a: Iron Hands|move: Leech Seed
|move|p1a: Iron Hands|Close Combat|p2a: Chesnaught
|-damage|p2a: Chesnaught|0 fnt
|-unboost|p1a: Iron Hands|def|1
|-unboost|p1a: Iron Hands|spd|1
|faint|p2a: Chesnaught
|
|upkeep
|
|t:|1760890222
|switch|p2a: Dragapult|Dragapult, F|18/100
|turn|25
|
|t:|1760890227
|move|p2a: Dragapult|Shadow Ball|p1a: Iron Hands
|-damage|p1a: Iron Hands|2/100
|move|p1a: Iron Hands|Supercell Slam|p2a: Dragapult
|-resisted|p2a: Dragapult
|-damage|p2a: Dragapult|0 fnt
|faint|p2a: Dragapult
|
|win|XIXINANA
|raw|XIXINANA's rating: 1466 &rarr; <strong>1486</strong><br />(+20 for winning)
|raw|Aimsss's rating: 1472 &rarr; <strong>1452</strong><br />(-20 for losing)
|c|☆Aimsss|Damn
|l|☆Aimsss
|player|p2|
