|j|☆Dustinfhsh
|j|☆potato_152
|t:|1760887543
|gametype|singles
|player|p1|Dustinfhsh|steven|1189
|player|p2|potato_152|1|1149
|gen|9
|tier|[Gen 9] OU
|rated|
|rule|HP Percentage Mod: HP is shown in percentages
|rule|Endless Battle Clause: Forcing endless battles is banned
|rule|Species Clause: Limit one of each Pokémon
|rule|OHKO Clause: OHKO moves are banned
|rule|Evasion Items Clause: Evasion items are banned
|rule|Evasion Moves Clause: Evasion moves are banned
|rule|Evasion Abilities Clause: Evasion abilities are banned
|rule|Sleep Moves Clause: Sleep-inducing moves are banned
|clearpoke
|poke|p1|Typhlosion, F|
|poke|p1|Skarmory, F|
|poke|p1|Ampharos, M|
|poke|p1|Slowking, F|
|poke|p1|Heracross, M|
|poke|p1|Tyranitar, M|
|poke|p2|Charizard, M|
|poke|p2|Torkoal, M|
|poke|p2|Hatterene, F|
|poke|p2|Great Tusk|
|poke|p2|Lilligant-Hisui, F|
|poke|p2|Walking Wake|
|teampreview
|
|t:|1760887550
|teamsize|p1|6
|teamsize|p2|6
|start
|switch|p1a: Heracross|Heracross, M, shiny|100/100
|switch|p2a: 河内恭介|Torkoal, M|100/100
|-weather|SunnyDay|[from] ability: Drought|[of] p2a: 河内恭介
|turn|1
|
|t:|1760887554
|move|p1a: Heracross|Earthquake|p2a: 河内恭介
|-supereffective|p2a: 河内恭介
|-damage|p2a: 河内恭介|62/100
|move|p2a: 河内恭介|Stealth Rock|p1a: Heracross
|-sidestart|p1: Dustinfhsh|move: Stealth Rock
|
|-weather|SunnyDay|[upkeep]
|upkeep
|turn|2
|
|t:|1760887559
|switch|p2a: 冠茂|Walking Wake|100/100
|-activate|p2a: 冠茂|ability: Protosynthesis
|-start|p2a: 冠茂|protosynthesisspe
|move|p1a: Heracross|Earthquake|p2a: 冠茂
|-damage|p2a: 冠茂|66/100
|
|-weather|SunnyDay|[upkeep]
|upkeep
|turn|3
|
|t:|1760887562
|-terastallize|p2a: 冠茂|Water
|move|p2a: 冠茂|Hydro Steam|p1a: Heracross
|-damage|p1a: Heracross|0 fnt
|faint|p1a: Heracross
|
|-weather|SunnyDay|[upkeep]
|upkeep
|
|t:|1760887568
|switch|p1a: Slowking|Slowking, F, shiny|100/100
|-damage|p1a: Slowking|88/100|[from] Stealth Rock
|turn|4
|
|t:|1760887571
|move|p2a: 冠茂|Hydro Steam|p1a: Slowking
|-resisted|p1a: Slowking
|-damage|p1a: Slowking|37/100
|move|p1a: Slowking|Trick Room|p1a: Slowking
|-fieldstart|move: Trick Room|[of] p1a: Slowking
|
|-weather|SunnyDay|[upkeep]
|upkeep
|turn|5
|
|t:|1760887575
|move|p1a: Slowking|Psychic|p2a: 冠茂
|-damage|p2a: 冠茂|21/100
|move|p2a: 冠茂|Hydro Steam|p1a: Slowking
|-resisted|p1a: Slowking
|-damage|p1a: Slowking|0 fnt
|faint|p1a: Slowking
|
|-weather|SunnyDay|[upkeep]
|upkeep
|
|t:|1760887584
|switch|p1a: Ampharos|Ampharos, M, shiny|100/100
|-damage|p1a: Ampharos|88/100|[from] Stealth Rock
|turn|6
|
|t:|1760887586
|move|p1a: Ampharos|Thunderbolt|p2a: 冠茂
|-supereffective|p2a: 冠茂
|-damage|p2a: 冠茂|0 fnt
|faint|p2a: 冠茂
|-end|p2a: 冠茂|Protosynthesis|[silent]
|
|-weather|SunnyDay|[upkeep]
|upkeep
|
|t:|1760887590
|switch|p2a: 松代健|Great Tusk|100/100
|-activate|p2a: 松代健|ability: Protosynthesis
|-start|p2a: 松代健|protosynthesisatk
|turn|7
|
|t:|1760887596
|-terastallize|p1a: Ampharos|Grass
|move|p1a: Ampharos|Tera Blast|p2a: 松代健|[anim] Tera Blast Grass
|-supereffective|p2a: 松代健
|-damage|p2a: 松代健|0 fnt
|faint|p2a: 松代健
|-end|p2a: 松代健|Protosynthesis|[silent]
|
|-weather|SunnyDay|[upkeep]
|upkeep
|
|t:|1760887600
|switch|p2a: 东和马|Charizard, M|100/100
|turn|8
|
|t:|1760887603
|move|p1a: Ampharos|Thunderbolt|p2a: 东和马
|-supereffective|p2a: 东和马
|-damage|p2a: 东和马|0 fnt
|faint|p2a: 东和马
|
|-weather|none
|-fieldend|move: Trick Room
|upkeep
|
|t:|1760887606
|switch|p2a: 河内恭介|Torkoal, M|62/100
|-weather|SunnyDay|[from] ability: Drought|[of] p2a: 河内恭介
|turn|9
|
|t:|1760887612
|move|p1a: Ampharos|Thunderbolt|p2a: 河内恭介
|-damage|p2a: 河内恭介|0 fnt
|faint|p2a: 河内恭介
|
|-weather|SunnyDay|[upkeep]
|upkeep
|
|t:|1760887615
|switch|p2a: 诹访原戒|Lilligant-Hisui, F|100/100
|turn|10
|inactive|Battle timer is ON: inactive players will automatically lose when time's up. (requested by Dustinfhsh)
|
|t:|1760887620
|move|p2a: 诹访原戒|Triple Axel|p1a: Ampharos
|-supereffective|p1a: Ampharos
|-damage|p1a: Ampharos|69/100
|-supereffective|p1a: Ampharos
|-damage|p1a: Ampharos|35/100
|-status|p2a: 诹访原戒|par|[from] ability: Static|[of] p1a: Ampharos
|-supereffective|p1a: Ampharos
|-damage|p1a: Ampharos|0 fnt
|faint|p1a: Ampharos
|-hitcount|p1: Ampharos|3
|-damage|p2a: 诹访原戒|91/100 par|[from] item: Life Orb
|
|-weather|SunnyDay|[upkeep]
|upkeep
|
|t:|1760887627
|switch|p1a: Typhlosion|Typhlosion, F, shiny|100/100
|-damage|p1a: Typhlosion|76/100|[from] Stealth Rock
|turn|11
|
|t:|1760887632
|switch|p2a: 梓川月乃|Hatterene, F|100/100
|move|p1a: Typhlosion|Flamethrower|p2a: 梓川月乃
|-damage|p2a: 梓川月乃|43/100
|-enditem|p2a: 梓川月乃|Eject Button
|
|t:|1760887635
|switch|p2a: 诹访原戒|Lilligant-Hisui, F|91/100 par
|
|-weather|SunnyDay|[upkeep]
|upkeep
|turn|12
|
|t:|1760887637
|move|p2a: 诹访原戒|Close Combat|p1a: Typhlosion
|-damage|p1a: Typhlosion|0 fnt
|-unboost|p2a: 诹访原戒|def|1
|-unboost|p2a: 诹访原戒|spd|1
|faint|p1a: Typhlosion
|-damage|p2a: 诹访原戒|81/100 par|[from] item: Life Orb
|
|-weather|SunnyDay|[upkeep]
|upkeep
|
|t:|1760887654
|switch|p1a: Skarmory|Skarmory, F|100/100
|-damage|p1a: Skarmory|88/100|[from] Stealth Rock
|turn|13
|
|t:|1760887657
|move|p2a: 诹访原戒|Close Combat|p1a: Skarmory
|-crit|p1a: Skarmory
|-damage|p1a: Skarmory|0 fnt
|-unboost|p2a: 诹访原戒|def|1
|-unboost|p2a: 诹访原戒|spd|1
|faint|p1a: Skarmory
|-damage|p2a: 诹访原戒|71/100 par|[from] item: Life Orb
|
|-weather|SunnyDay|[upkeep]
|upkeep
|
|t:|1760887660
|switch|p1a: Tyranitar|Tyranitar, M, shiny|100/100
|-ability|p1a: Tyranitar|Unnerve
|-damage|p1a: Tyranitar|88/100|[from] Stealth Rock
|turn|14
|
|t:|1760887667
|move|p2a: 诹访原戒|Solar Blade||[still]
|-prepare|p2a: 诹访原戒|Solar Blade
|-anim|p2a: 诹访原戒|Solar Blade|p1a: Tyranitar
|-supereffective|p1a: Tyranitar
|-damage|p1a: Tyranitar|0 fnt
|faint|p1a: Tyranitar
|-damage|p2a: 诹访原戒|62/100 par|[from] item: Life Orb
|
|win|potato_152
|raw|Dustinfhsh's rating: 1189 &rarr; <strong>1161</strong><br />(-28 for losing)
|raw|potato_152's rating: 1149 &rarr; <strong>1177</strong><br />(+28 for winning)
|l|☆Dustinfhsh
|player|p1|
|l|☆potato_152
|player|p2|
