|j|☆braisedporkyy
|j|☆trtytrty
|t:|1760881955
|gametype|singles
|player|p1|braisedporkyy|265|1173
|player|p2|trtytrty|265|1152
|gen|9
|tier|[Gen 9] OU
|rated|
|rule|HP Percentage Mod: HP is shown in percentages
|rule|Endless Battle Clause: Forcing endless battles is banned
|rule|Species Clause: Limit one of each Pokémon
|rule|OHKO Clause: OHKO moves are banned
|rule|Evasion Items Clause: Evasion items are banned
|rule|Evasion Moves Clause: Evasion moves are banned
|rule|Evasion Abilities Clause: Evasion abilities are banned
|rule|Sleep Moves Clause: Sleep-inducing moves are banned
|clearpoke
|poke|p1|Scrafty, F|
|poke|p1|Vaporeon, M|
|poke|p1|Heatran, F|
|poke|p1|Tentacruel, M|
|poke|p1|Pecharunt|
|poke|p1|Hydreigon, F|
|poke|p2|Cinderace, F|
|poke|p2|Dragonite, M|
|poke|p2|Kleavor, F|
|poke|p2|Latios, M|
|poke|p2|Gyarados, F|
|poke|p2|Smeargle, F|
|teampreview
|inactive|Battle timer is ON: inactive players will automatically lose when time's up. (requested by braisedporkyy)
|
|t:|1760881966
|teamsize|p1|6
|teamsize|p2|6
|start
|switch|p1a: Tentacruel|Tentacruel, M|100/100
|switch|p2a: Cinderace|Cinderace, F|100/100
|turn|1
|
|t:|1760881993
|move|p2a: Cinderace|Swords Dance|p2a: Cinderace
|-start|p2a: Cinderace|typechange|Normal|[from] ability: Libero
|-boost|p2a: Cinderace|atk|2
|move|p1a: Tentacruel|Knock Off|p2a: Cinderace
|-damage|p2a: Cinderace|75/100
|-enditem|p2a: Cinderace|Life Orb|[from] move: Knock Off|[of] p1a: Tentacruel
|
|upkeep
|turn|2
|
|t:|1760882007
|move|p2a: Cinderace|Swords Dance|p2a: Cinderace
|-boost|p2a: Cinderace|atk|2
|move|p1a: Tentacruel|Flip Turn|p2a: Cinderace
|-damage|p2a: Cinderace|50/100
|inactive|braisedporkyy has 120 seconds left.
|
|t:|1760882026
|switch|p1a: Vaporeon|Vaporeon, M|100/100|[from] Flip Turn
|
|upkeep
|turn|3
|inactive|braisedporkyy has 120 seconds left.
|
|t:|1760882041
|move|p2a: Cinderace|Double-Edge|p1a: Vaporeon
|-damage|p1a: Vaporeon|0 fnt
|faint|p1a: Vaporeon
|-damage|p2a: Cinderace|0 fnt|[from] Recoil
|faint|p2a: Cinderace
|
|upkeep
|inactive|braisedporkyy has 120 seconds left.
|
|t:|1760882065
|switch|p2a: Latios|Latios, M|100/100
|switch|p1a: Tentacruel|Tentacruel, M|100/100
|turn|4
|
|t:|1760882088
|switch|p1a: Hydreigon|Hydreigon, F|100/100
|move|p2a: Latios|Draco Meteor|p1a: Hydreigon
|-supereffective|p1a: Hydreigon
|-damage|p1a: Hydreigon|0 fnt
|-unboost|p2a: Latios|spa|2
|faint|p1a: Hydreigon
|-damage|p2a: Latios|91/100|[from] item: Life Orb
|
|upkeep
|inactive|braisedporkyy has 90 seconds left.
|
|t:|1760882106
|switch|p1a: Heatran|Heatran, F|100/100
|-item|p1a: Heatran|Air Balloon
|turn|5
|inactive|braisedporkyy has 90 seconds left.
|
|t:|1760882120
|switch|p2a: Gyarados|Gyarados, F|100/100
|move|p1a: Heatran|Magma Storm|p2a: Gyarados
|-resisted|p2a: Gyarados
|-damage|p2a: Gyarados|73/100
|-activate|p2a: Gyarados|move: Magma Storm|[of] p1a: Heatran
|
|-damage|p2a: Gyarados|61/100|[from] move: Magma Storm|[partiallytrapped]
|upkeep
|turn|6
|inactive|braisedporkyy has 90 seconds left.
|
|t:|1760882146
|switch|p1a: Scrafty|Scrafty, F|100/100
|move|p2a: Gyarados|Waterfall|p1a: Scrafty
|-damage|p1a: Scrafty|59/100
|
|-heal|p1a: Scrafty|65/100|[from] item: Leftovers
|-end|p2a: Gyarados|Magma Storm|[partiallytrapped]|[silent]
|upkeep
|turn|7
|
|t:|1760882159
|move|p2a: Gyarados|Dragon Dance|p2a: Gyarados
|-boost|p2a: Gyarados|atk|1
|-boost|p2a: Gyarados|spe|1
|move|p1a: Scrafty|Bulk Up|p1a: Scrafty
|-boost|p1a: Scrafty|atk|1
|-boost|p1a: Scrafty|def|1
|
|-heal|p1a: Scrafty|71/100|[from] item: Leftovers
|upkeep
|turn|8
|inactive|braisedporkyy has 60 seconds left.
|
|t:|1760882190
|-terastallize|p2a: Gyarados|Dragon
|move|p2a: Gyarados|Scale Shot|p1a: Scrafty|[miss]
|-miss|p2a: Gyarados|p1a: Scrafty
|move|p1a: Scrafty|Crunch|p2a: Gyarados
|-damage|p2a: Gyarados|0 fnt
|faint|p2a: Gyarados
|
|-heal|p1a: Scrafty|77/100|[from] item: Leftovers
|upkeep
|inactive|trtytrty has 120 seconds left.
|inactive|trtytrty has 90 seconds left.
|inactive|trtytrty has 60 seconds left.
|inactive|trtytrty has 30 seconds left.
|
|t:|1760882314
|switch|p2a: Smeargle|Smeargle, F|100/100
|turn|9
|inactive|braisedporkyy has 60 seconds left.
|
|t:|1760882325
|move|p2a: Smeargle|Shell Smash|p2a: Smeargle
|-unboost|p2a: Smeargle|def|1
|-unboost|p2a: Smeargle|spd|1
|-boost|p2a: Smeargle|atk|2
|-boost|p2a: Smeargle|spa|2
|-boost|p2a: Smeargle|spe|2
|move|p1a: Scrafty|Bulk Up|p1a: Scrafty
|-boost|p1a: Scrafty|atk|1
|-boost|p1a: Scrafty|def|1
|
|-heal|p1a: Scrafty|83/100|[from] item: Leftovers
|upkeep
|turn|10
|inactive|braisedporkyy has 60 seconds left.
|
|t:|1760882339
|move|p2a: Smeargle|Shell Smash|p2a: Smeargle
|-unboost|p2a: Smeargle|def|1
|-unboost|p2a: Smeargle|spd|1
|-boost|p2a: Smeargle|atk|2
|-boost|p2a: Smeargle|spa|2
|-boost|p2a: Smeargle|spe|2
|move|p1a: Scrafty|Drain Punch|p2a: Smeargle
|-supereffective|p2a: Smeargle
|-enditem|p2a: Smeargle|Focus Sash
|-damage|p2a: Smeargle|1/100
|-heal|p1a: Scrafty|100/100|[from] drain|[of] p2a: Smeargle
|
|upkeep
|turn|11
|inactive|braisedporkyy has 60 seconds left.
|
|t:|1760882368
|move|p2a: Smeargle|Population Bomb|p1a: Scrafty
|-damage|p1a: Scrafty|91/100
|-damage|p1a: Scrafty|81/100
|-damage|p1a: Scrafty|72/100
|-damage|p1a: Scrafty|63/100
|-damage|p1a: Scrafty|54/100
|-damage|p1a: Scrafty|44/100
|-damage|p1a: Scrafty|33/100
|-damage|p1a: Scrafty|24/100
|-damage|p1a: Scrafty|14/100
|-damage|p1a: Scrafty|4/100
|-hitcount|p1a: Scrafty|10
|move|p1a: Scrafty|Crunch|p2a: Smeargle
|-damage|p2a: Smeargle|0 fnt
|faint|p2a: Smeargle
|
|-heal|p1a: Scrafty|10/100|[from] item: Leftovers
|upkeep
|inactive|trtytrty has 30 seconds left.
|
|t:|1760882389
|switch|p2a: Latios|Latios, M|91/100
|turn|12
|
|t:|1760882414
|move|p2a: Latios|Shadow Ball|p1a: Scrafty
|-resisted|p1a: Scrafty
|-damage|p1a: Scrafty|0 fnt
|faint|p1a: Scrafty
|-damage|p2a: Latios|81/100|[from] item: Life Orb
|
|upkeep
|inactive|braisedporkyy has 30 seconds left.
|
|t:|1760882428
|switch|p1a: Heatran|Heatran, F|100/100
|-item|p1a: Heatran|Air Balloon
|turn|13
|
|t:|1760882438
|move|p2a: Latios|Luster Purge|p1a: Heatran
|-resisted|p1a: Heatran
|-damage|p1a: Heatran|67/100
|-enditem|p1a: Heatran|Air Balloon
|-damage|p2a: Latios|71/100|[from] item: Life Orb
|move|p1a: Heatran|Magma Storm|p2a: Latios|[miss]
|-miss|p1a: Heatran|p2a: Latios
|
|upkeep
|turn|14
|
|t:|1760882449
|move|p2a: Latios|Luster Purge|p1a: Heatran
|-resisted|p1a: Heatran
|-damage|p1a: Heatran|35/100
|-unboost|p1a: Heatran|spd|1
|-damage|p2a: Latios|61/100|[from] item: Life Orb
|move|p1a: Heatran|Magma Storm|p2a: Latios
|-resisted|p2a: Latios
|-damage|p2a: Latios|34/100
|-activate|p2a: Latios|move: Magma Storm|[of] p1a: Heatran
|
|-damage|p2a: Latios|21/100|[from] move: Magma Storm|[partiallytrapped]
|upkeep
|turn|15
|inactive|trtytrty has 60 seconds left.
|inactive|braisedporkyy has 30 seconds left.
|inactive|braisedporkyy has 20 seconds left.
|inactive|braisedporkyy has 15 seconds left.
|
|t:|1760882481
|move|p2a: Latios|Luster Purge|p1a: Heatran
|-resisted|p1a: Heatran
|-damage|p1a: Heatran|0 fnt
|faint|p1a: Heatran
|-damage|p2a: Latios|11/100|[from] item: Life Orb
|
|-end|p2a: Latios|Magma Storm|[partiallytrapped]|[silent]
|upkeep
|inactive|braisedporkyy has 20 seconds left this turn.
|inactive|braisedporkyy has 15 seconds left.
|
|t:|1760882489
|switch|p1a: Tentacruel|Tentacruel, M|100/100
|turn|16
|inactive|braisedporkyy has 25 seconds left this turn.
|inactive|braisedporkyy has 20 seconds left.
|inactive|trtytrty has 60 seconds left.
|inactive|braisedporkyy has 15 seconds left.
|
|t:|1760882532
|switch|p2a: Dragonite|Dragonite, M|100/100
|move|p1a: Tentacruel|Rapid Spin|p2a: Dragonite
|-crit|p2a: Dragonite
|-damage|p2a: Dragonite|94/100
|-boost|p1a: Tentacruel|spe|1
|
|upkeep
|turn|17
|inactive|braisedporkyy has 25 seconds left this turn.
|inactive|braisedporkyy has 20 seconds left.
|inactive|braisedporkyy has 15 seconds left.
|
|t:|1760882543
|move|p1a: Tentacruel|Knock Off|p2a: Dragonite
|-damage|p2a: Dragonite|75/100
|-enditem|p2a: Dragonite|Weakness Policy|[from] move: Knock Off|[of] p1a: Tentacruel
|move|p2a: Dragonite|Outrage|p1a: Tentacruel
|-damage|p1a: Tentacruel|8/100
|
|upkeep
|turn|18
|inactive|braisedporkyy has 25 seconds left this turn.
|inactive|braisedporkyy has 20 seconds left.
|inactive|braisedporkyy has 15 seconds left.
|inactive|braisedporkyy has 10 seconds left.
|inactive|trtytrty has 30 seconds left.
|inactive|trtytrty has 20 seconds left.
|inactive|trtytrty has 15 seconds left.
|inactive|trtytrty has 10 seconds left.
|inactive|trtytrty has 5 seconds left.
|-message|trtytrty lost due to inactivity.
|
|win|braisedporkyy
|raw|braisedporkyy's rating: 1173 &rarr; <strong>1196</strong><br />(+23 for winning)
|raw|trtytrty's rating: 1152 &rarr; <strong>1129</strong><br />(-23 for losing)
|l|☆braisedporkyy
|player|p1|
|l|☆trtytrty
|player|p2|
