|j|☆NekroBlasphemer
|j|☆a-lifeless-nub
|t:|1760801424
|gametype|singles
|player|p1|NekroBlasphemer|fisherman-gen4|1112
|player|p2|a-lifeless-nub|emmet|1109
|gen|9
|tier|[Gen 9] OU
|rated|
|rule|HP Percentage Mod: HP is shown in percentages
|rule|Endless Battle Clause: Forcing endless battles is banned
|rule|Species Clause: Limit one of each Pokémon
|rule|OHKO Clause: OHKO moves are banned
|rule|Evasion Items Clause: Evasion items are banned
|rule|Evasion Moves Clause: Evasion moves are banned
|rule|Evasion Abilities Clause: Evasion abilities are banned
|rule|Sleep Moves Clause: Sleep-inducing moves are banned
|clearpoke
|poke|p1|Gliscor, F|
|poke|p1|Ariados, M|
|poke|p1|Alomomola, F|
|poke|p1|Pecharunt|
|poke|p1|Salamence, M|
|poke|p1|Entei|
|poke|p2|Dragonite, M|
|poke|p2|Landorus-Therian, M|
|poke|p2|Heatran, F|
|poke|p2|Great Tusk|
|poke|p2|Iron Crown|
|poke|p2|Iron Valiant|
|teampreview
|inactive|Battle timer is ON: inactive players will automatically lose when time's up. (requested by NekroBlasphemer)
|
|t:|1760801442
|teamsize|p1|6
|teamsize|p2|6
|start
|switch|p1a: Ariados|Ariados, M|100/100
|switch|p2a: Landorus|Landorus-Therian, M|100/100
|-ability|p2a: Landorus|Intimidate|boost
|-unboost|p1a: Ariados|atk|1
|turn|1
|
|t:|1760801450
|move|p2a: Landorus|U-turn|p1a: Ariados
|-resisted|p1a: Ariados
|-damage|p1a: Ariados|83/100
|
|t:|1760801453
|switch|p2a: Great Tusk|Great Tusk|100/100|[from] U-turn
|move|p1a: Ariados|Sticky Web|p2a: Great Tusk
|-sidestart|p2: a-lifeless-nub|move: Sticky Web
|
|upkeep
|turn|2
|
|t:|1760801461
|move|p2a: Great Tusk|Knock Off|p1a: Ariados
|-damage|p1a: Ariados|43/100
|-enditem|p1a: Ariados|Focus Sash|[from] move: Knock Off|[of] p2a: Great Tusk
|move|p1a: Ariados|Toxic|p2a: Great Tusk
|-status|p2a: Great Tusk|tox
|
|-damage|p2a: Great Tusk|94/100 tox|[from] psn
|upkeep
|turn|3
|
|t:|1760801466
|move|p1a: Ariados|Protect|p1a: Ariados
|-singleturn|p1a: Ariados|Protect
|move|p2a: Great Tusk|Rapid Spin|p1a: Ariados
|-activate|p1a: Ariados|move: Protect
|
|-damage|p2a: Great Tusk|82/100 tox|[from] psn
|upkeep
|turn|4
|
|t:|1760801485
|switch|p1a: Pecharunt|Pecharunt|100/100
|move|p2a: Great Tusk|Knock Off|p1a: Pecharunt
|-supereffective|p1a: Pecharunt
|-damage|p1a: Pecharunt|62/100
|-enditem|p1a: Pecharunt|Black Sludge|[from] move: Knock Off|[of] p2a: Great Tusk
|
|-damage|p2a: Great Tusk|63/100 tox|[from] psn
|upkeep
|turn|5
|
|t:|1760801495
|move|p1a: Pecharunt|Destiny Bond|p1a: Pecharunt
|-singlemove|p1a: Pecharunt|Destiny Bond
|move|p2a: Great Tusk|Headlong Rush|p1a: Pecharunt
|-supereffective|p1a: Pecharunt
|-damage|p1a: Pecharunt|0 fnt
|-unboost|p2a: Great Tusk|def|1
|-unboost|p2a: Great Tusk|spd|1
|faint|p1a: Pecharunt
|-activate|p1a: Pecharunt|move: Destiny Bond
|faint|p2a: Great Tusk
|-end|p2a: Great Tusk|Protosynthesis|[silent]
|
|upkeep
|
|t:|1760801515
|switch|p1a: Gliscor|Gliscor, F|100/100
|switch|p2a: Landorus|Landorus-Therian, M|100/100
|-ability|p2a: Landorus|Intimidate|boost
|-unboost|p1a: Gliscor|atk|1
|turn|6
|
|t:|1760801523
|move|p1a: Gliscor|Swords Dance|p1a: Gliscor
|-boost|p1a: Gliscor|atk|2
|move|p2a: Landorus|Stealth Rock|p1a: Gliscor
|-sidestart|p1: NekroBlasphemer|move: Stealth Rock
|
|-status|p1a: Gliscor|tox|[from] item: Toxic Orb
|upkeep
|turn|7
|
|t:|1760801540
|move|p1a: Gliscor|Swords Dance|p1a: Gliscor
|-boost|p1a: Gliscor|atk|2
|move|p2a: Landorus|U-turn|p1a: Gliscor
|-resisted|p1a: Gliscor
|-damage|p1a: Gliscor|87/100 tox
|
|t:|1760801545
|switch|p2a: Dragonite|Dragonite, M|100/100|[from] U-turn
|
|-heal|p1a: Gliscor|99/100 tox|[from] ability: Poison Heal
|upkeep
|turn|8
|
|t:|1760801554
|move|p1a: Gliscor|Knock Off|p2a: Dragonite
|-damage|p2a: Dragonite|66/100
|-enditem|p2a: Dragonite|Heavy-Duty Boots|[from] move: Knock Off|[of] p1a: Gliscor
|move|p2a: Dragonite|Dragon Dance|p2a: Dragonite
|-boost|p2a: Dragonite|atk|1
|-boost|p2a: Dragonite|spe|1
|
|-heal|p1a: Gliscor|100/100 tox|[from] ability: Poison Heal
|upkeep
|turn|9
|
|t:|1760801561
|move|p2a: Dragonite|Ice Spinner|p1a: Gliscor
|-supereffective|p1a: Gliscor
|-damage|p1a: Gliscor|0 fnt
|faint|p1a: Gliscor
|
|upkeep
|
|t:|1760801567
|switch|p1a: Ariados|Ariados, M|43/100
|-damage|p1a: Ariados|18/100|[from] Stealth Rock
|turn|10
|
|t:|1760801572
|-terastallize|p2a: Dragonite|Normal
|move|p2a: Dragonite|Extreme Speed|p1a: Ariados
|-damage|p1a: Ariados|0 fnt
|faint|p1a: Ariados
|
|upkeep
|
|t:|1760801581
|switch|p1a: Alomomola|Alomomola, F|100/100
|-damage|p1a: Alomomola|88/100|[from] Stealth Rock
|turn|11
|
|t:|1760801596
|switch|p2a: Landorus|Landorus-Therian, M|100/100
|-ability|p2a: Landorus|Intimidate|boost
|-unboost|p1a: Alomomola|atk|1
|move|p1a: Alomomola|Scald|p2a: Landorus
|-supereffective|p2a: Landorus
|-damage|p2a: Landorus|69/100
|
|-heal|p1a: Alomomola|94/100|[from] item: Leftovers
|upkeep
|turn|12
|
|t:|1760801610
|move|p2a: Landorus|Earthquake|p1a: Alomomola
|-damage|p1a: Alomomola|63/100
|move|p1a: Alomomola|Scald|p2a: Landorus
|-supereffective|p2a: Landorus
|-damage|p2a: Landorus|33/100
|
|-heal|p1a: Alomomola|69/100|[from] item: Leftovers
|upkeep
|turn|13
|
|t:|1760801617
|move|p2a: Landorus|Earthquake|p1a: Alomomola
|-damage|p1a: Alomomola|39/100
|move|p1a: Alomomola|Scald|p2a: Landorus
|-supereffective|p2a: Landorus
|-damage|p2a: Landorus|0 fnt
|faint|p2a: Landorus
|
|-heal|p1a: Alomomola|45/100|[from] item: Leftovers
|upkeep
|
|t:|1760801622
|switch|p2a: Dragonite|Dragonite, M, tera:Normal|66/100
|-activate|p2a: Dragonite|move: Sticky Web
|-unboost|p2a: Dragonite|spe|1
|turn|14
|
|t:|1760801640
|move|p2a: Dragonite|Dragon Dance|p2a: Dragonite
|-boost|p2a: Dragonite|atk|1
|-boost|p2a: Dragonite|spe|1
|move|p1a: Alomomola|Scald|p2a: Dragonite
|-damage|p2a: Dragonite|52/100
|-status|p2a: Dragonite|brn
|
|-heal|p1a: Alomomola|51/100|[from] item: Leftovers
|-damage|p2a: Dragonite|45/100 brn|[from] brn
|upkeep
|turn|15
|
|t:|1760801646
|move|p2a: Dragonite|Dragon Dance|p2a: Dragonite
|-boost|p2a: Dragonite|atk|1
|-boost|p2a: Dragonite|spe|1
|move|p1a: Alomomola|Wish|p1a: Alomomola
|
|-heal|p1a: Alomomola|57/100|[from] item: Leftovers
|-damage|p2a: Dragonite|39/100 brn|[from] brn
|upkeep
|turn|16
|
|t:|1760801651
|move|p2a: Dragonite|Extreme Speed|p1a: Alomomola
|-damage|p1a: Alomomola|33/100
|move|p1a: Alomomola|Flip Turn|p2a: Dragonite
|-crit|p2a: Dragonite
|-damage|p2a: Dragonite|16/100 brn
|-message|a-lifeless-nub forfeited.
|
|win|NekroBlasphemer
|raw|NekroBlasphemer's rating: 1112 &rarr; <strong>1137</strong><br />(+25 for winning)
|raw|a-lifeless-nub's rating: 1109 &rarr; <strong>1084</strong><br />(-25 for losing)
|l|☆a-lifeless-nub
|player|p2|
|l|☆NekroBlasphemer
|player|p1|
