|j|☆EleHero10
|j|☆Soothsayer199
|t:|1760824888
|gametype|singles
|player|p1|EleHero10|volkner|1051
|player|p2|Soothsayer199|2|1068
|gen|9
|tier|[Gen 9] OU
|rated|
|rule|HP Percentage Mod: HP is shown in percentages
|rule|Endless Battle Clause: Forcing endless battles is banned
|rule|Species Clause: Limit one of each Pokémon
|rule|OHKO Clause: OHKO moves are banned
|rule|Evasion Items Clause: Evasion items are banned
|rule|Evasion Moves Clause: Evasion moves are banned
|rule|Evasion Abilities Clause: Evasion abilities are banned
|rule|Sleep Moves Clause: Sleep-inducing moves are banned
|clearpoke
|poke|p1|Charizard, M|
|poke|p1|Scyther, M|
|poke|p1|Persian, M|
|poke|p1|Dodrio, M|
|poke|p1|Jolteon, M|
|poke|p1|Lapras, M|
|poke|p2|Garchomp, M|
|poke|p2|Hydrapple, M|
|poke|p2|Deoxys-Speed|
|poke|p2|Gallade, M|
|poke|p2|Granbull, M|
|poke|p2|Ceruledge, M|
|teampreview
|inactive|Battle timer is ON: inactive players will automatically lose when time's up. (requested by EleHero10)
|
|t:|1760824902
|teamsize|p1|6
|teamsize|p2|6
|start
|switch|p1a: Persian|Persian, M|100/100
|switch|p2a: Garchomp|Garchomp, M|100/100
|turn|1
|
|t:|1760824908
|move|p1a: Persian|Protect|p1a: Persian
|-singleturn|p1a: Persian|Protect
|move|p2a: Garchomp|Stealth Rock|p1a: Persian
|-sidestart|p1: EleHero10|move: Stealth Rock
|
|upkeep
|turn|2
|
|t:|1760824916
|move|p1a: Persian|Last Resort|p2a: Garchomp
|-damage|p2a: Garchomp|49/100
|-damage|p1a: Persian|88/100|[from] ability: Rough Skin|[of] p2a: Garchomp
|-damage|p1a: Persian|72/100|[from] item: Rocky Helmet|[of] p2a: Garchomp
|move|p2a: Garchomp|Scale Shot|p1a: Persian
|-crit|p1a: Persian
|-damage|p1a: Persian|33/100
|-damage|p1a: Persian|5/100
|-hitcount|p1a: Persian|2
|-unboost|p2a: Garchomp|def|1
|-boost|p2a: Garchomp|spe|1
|
|upkeep
|turn|3
|
|t:|1760824932
|move|p2a: Garchomp|Earthquake|p1a: Persian
|-damage|p1a: Persian|0 fnt
|faint|p1a: Persian
|
|upkeep
|
|t:|1760824938
|switch|p1a: Jolteon|Jolteon, M|100/100
|-damage|p1a: Jolteon|88/100|[from] Stealth Rock
|-item|p1a: Jolteon|Air Balloon
|turn|4
|
|t:|1760824945
|move|p2a: Garchomp|Scale Shot|p1a: Jolteon
|-damage|p1a: Jolteon|62/100
|-enditem|p1a: Jolteon|Air Balloon
|-damage|p1a: Jolteon|33/100
|-hitcount|p1a: Jolteon|2
|-unboost|p2a: Garchomp|def|1
|-boost|p2a: Garchomp|spe|1
|move|p1a: Jolteon|Alluring Voice|p2a: Garchomp
|-supereffective|p2a: Garchomp
|-damage|p2a: Garchomp|0 fnt
|faint|p2a: Garchomp
|
|upkeep
|
|t:|1760824962
|switch|p2a: Granbull|Granbull, M|100/100
|-ability|p2a: Granbull|Intimidate|boost
|-unboost|p1a: Jolteon|atk|1
|turn|5
|
|t:|1760824966
|switch|p1a: Lapras|Lapras, M|100/100
|-damage|p1a: Lapras|76/100|[from] Stealth Rock
|move|p2a: Granbull|Earthquake|p1a: Lapras
|-damage|p1a: Lapras|48/100
|
|upkeep
|turn|6
|
|t:|1760824979
|move|p1a: Lapras|Thunder|p2a: Granbull
|-damage|p2a: Granbull|53/100
|move|p2a: Granbull|Play Rough|p1a: Lapras|[miss]
|-miss|p2a: Granbull|p1a: Lapras
|
|-heal|p2a: Granbull|59/100|[from] item: Leftovers
|upkeep
|turn|7
|
|t:|1760824995
|switch|p2a: Hydrapple|Hydrapple, M|100/100
|move|p1a: Lapras|Sparkling Aria|p2a: Hydrapple
|-resisted|p2a: Hydrapple
|-damage|p2a: Hydrapple|95/100
|
|upkeep
|turn|8
|
|t:|1760825013
|-terastallize|p2a: Hydrapple|Poison
|move|p1a: Lapras|Freeze-Dry|p2a: Hydrapple
|-damage|p2a: Hydrapple|78/100
|move|p2a: Hydrapple|Giga Drain|p1a: Lapras
|-supereffective|p1a: Lapras
|-damage|p1a: Lapras|4/100
|-heal|p2a: Hydrapple|100/100|[from] drain|[of] p1a: Lapras
|
|upkeep
|turn|9
|
|t:|1760825022
|move|p1a: Lapras|Thunder|p2a: Hydrapple|[miss]
|-miss|p1a: Lapras|p2a: Hydrapple
|move|p2a: Hydrapple|Fickle Beam|p1a: Lapras
|-damage|p1a: Lapras|0 fnt
|faint|p1a: Lapras
|
|upkeep
|
|t:|1760825025
|switch|p1a: Dodrio|Dodrio, M|100/100
|-damage|p1a: Dodrio|76/100|[from] Stealth Rock
|turn|10
|
|t:|1760825033
|move|p1a: Dodrio|Double-Edge|p2a: Hydrapple
|-damage|p2a: Hydrapple|25/100
|-damage|p1a: Dodrio|42/100|[from] Recoil
|move|p2a: Hydrapple|Fickle Beam|p1a: Dodrio
|-crit|p1a: Dodrio
|-damage|p1a: Dodrio|0 fnt
|faint|p1a: Dodrio
|
|upkeep
|
|t:|1760825040
|switch|p1a: Scyther|Scyther, M|100/100
|-damage|p1a: Scyther|51/100|[from] Stealth Rock
|turn|11
|
|t:|1760825050
|move|p1a: Scyther|Defog|p2a: Hydrapple
|-unboost|p2a: Hydrapple|evasion|1
|-sideend|p1: EleHero10|Stealth Rock|[from] move: Defog|[of] p1a: Scyther
|move|p2a: Hydrapple|Draco Meteor|p1a: Scyther
|-damage|p1a: Scyther|0 fnt
|-unboost|p2a: Hydrapple|spa|2
|faint|p1a: Scyther
|
|upkeep
|
|t:|1760825052
|switch|p1a: Jolteon|Jolteon, M|33/100
|turn|12
|
|t:|1760825061
|move|p1a: Jolteon|Thunder|p2a: Hydrapple
|-damage|p2a: Hydrapple|0 fnt
|faint|p2a: Hydrapple
|
|upkeep
|
|t:|1760825079
|switch|p2a: Deoxys|Deoxys-Speed, shiny|100/100
|-ability|p2a: Deoxys|Pressure
|turn|13
|
|t:|1760825085
|move|p2a: Deoxys|Shadow Ball|p1a: Jolteon
|-damage|p1a: Jolteon|0 fnt
|faint|p1a: Jolteon
|
|upkeep
|
|t:|1760825088
|switch|p1a: Charizard|Charizard, M|100/100
|turn|14
|
|t:|1760825092
|move|p2a: Deoxys|Shadow Ball|p1a: Charizard
|-damage|p1a: Charizard|54/100
|move|p1a: Charizard|Flamethrower|p2a: Deoxys
|-damage|p2a: Deoxys|50/100
|
|upkeep
|turn|15
|
|t:|1760825100
|move|p2a: Deoxys|Shadow Ball|p1a: Charizard
|-damage|p1a: Charizard|9/100
|move|p1a: Charizard|Flamethrower|p2a: Deoxys
|-damage|p2a: Deoxys|0 fnt
|faint|p2a: Deoxys
|
|upkeep
|
|t:|1760825108
|switch|p2a: Gallade|Gallade, M|100/100
|turn|16
|
|t:|1760825112
|move|p2a: Gallade|Aqua Cutter|p1a: Charizard
|-supereffective|p1a: Charizard
|-damage|p1a: Charizard|0 fnt
|faint|p1a: Charizard
|
|win|Soothsayer199
|raw|EleHero10's rating: 1051 &rarr; <strong>1034</strong><br />(-17 for losing)
|raw|Soothsayer199's rating: 1068 &rarr; <strong>1096</strong><br />(+28 for winning)
|l|☆EleHero10
|player|p1|
|l|☆Soothsayer199
|player|p2|
