|j|☆guayomedina
|j|☆DemonOfEzo
|t:|1760819368
|gametype|singles
|player|p1|guayomedina|giovanni|1135
|player|p2|DemonOfEzo|shadowtriad|1188
|gen|9
|tier|[Gen 9] OU
|rated|
|rule|HP Percentage Mod: HP is shown in percentages
|rule|Endless Battle Clause: Forcing endless battles is banned
|rule|Species Clause: Limit one of each Pokémon
|rule|OHKO Clause: OHKO moves are banned
|rule|Evasion Items Clause: Evasion items are banned
|rule|Evasion Moves Clause: Evasion moves are banned
|rule|Evasion Abilities Clause: Evasion abilities are banned
|rule|Sleep Moves Clause: Sleep-inducing moves are banned
|clearpoke
|poke|p1|Regidrago|
|poke|p1|Granbull, M|
|poke|p1|Polteageist|
|poke|p1|Empoleon, M|
|poke|p1|Lycanroc-Dusk, F|
|poke|p1|Breloom, F|
|poke|p2|Dragapult, M|
|poke|p2|Dragonite, F|
|poke|p2|Ting-Lu|
|poke|p2|Weezing-Galar, F|
|poke|p2|Iron Crown|
|poke|p2|Zapdos|
|teampreview
|inactive|Battle timer is ON: inactive players will automatically lose when time's up. (requested by guayomedina)
|
|t:|1760819397
|teamsize|p1|6
|teamsize|p2|6
|start
|switch|p1a: Lycanroc|Lycanroc-Dusk, F|100/100
|switch|p2a: Iron Crown|Iron Crown|100/100
|turn|1
|
|t:|1760819407
|move|p1a: Lycanroc|Stealth Rock|p2a: Iron Crown
|-sidestart|p2: DemonOfEzo|move: Stealth Rock
|move|p2a: Iron Crown|Tachyon Cutter|p1a: Lycanroc
|-supereffective|p1a: Lycanroc
|-enditem|p1a: Lycanroc|Focus Sash
|-damage|p1a: Lycanroc|1/100
|-supereffective|p1a: Lycanroc
|-damage|p1a: Lycanroc|0 fnt
|faint|p1a: Lycanroc
|-hitcount|p1: Lycanroc|2
|
|upkeep
|
|t:|1760819427
|switch|p1a: Polteageist|Polteageist|100/100
|turn|2
|
|t:|1760819430
|move|p2a: Iron Crown|Tachyon Cutter|p1a: Polteageist
|-damage|p1a: Polteageist|56/100
|-damage|p1a: Polteageist|12/100
|-hitcount|p1a: Polteageist|2
|move|p1a: Polteageist|Shell Smash|p1a: Polteageist
|-unboost|p1a: Polteageist|def|1
|-unboost|p1a: Polteageist|spd|1
|-boost|p1a: Polteageist|atk|2
|-boost|p1a: Polteageist|spa|2
|-boost|p1a: Polteageist|spe|2
|-enditem|p1a: Polteageist|White Herb
|-clearnegativeboost|p1a: Polteageist|[silent]
|
|upkeep
|turn|3
|
|t:|1760819441
|-end|p2a: Iron Crown|Quark Drive|[silent]
|switch|p2a: Ting-Lu|Ting-Lu|100/100
|-damage|p2a: Ting-Lu|94/100|[from] Stealth Rock
|-ability|p2a: Ting-Lu|Vessel of Ruin
|move|p1a: Polteageist|Shadow Ball|p2a: Ting-Lu
|-resisted|p2a: Ting-Lu
|-damage|p2a: Ting-Lu|75/100
|
|-heal|p2a: Ting-Lu|81/100|[from] item: Leftovers
|upkeep
|turn|4
|
|t:|1760819450
|-terastallize|p1a: Polteageist|Fighting
|move|p1a: Polteageist|Tera Blast|p2a: Ting-Lu|[anim] Tera Blast Fighting
|-supereffective|p2a: Ting-Lu
|-damage|p2a: Ting-Lu|13/100
|move|p2a: Ting-Lu|Earthquake|p1a: Polteageist
|-damage|p1a: Polteageist|0 fnt
|faint|p1a: Polteageist
|
|-heal|p2a: Ting-Lu|20/100|[from] item: Leftovers
|upkeep
|
|t:|1760819455
|switch|p1a: Empoleon|Empoleon, M|100/100
|turn|5
|c|☆guayomedina|im eating dick
|
|t:|1760819482
|move|p1a: Empoleon|Agility|p1a: Empoleon
|-boost|p1a: Empoleon|spe|2
|move|p2a: Ting-Lu|Earthquake|p1a: Empoleon
|-supereffective|p1a: Empoleon
|-damage|p1a: Empoleon|9/100
|
|-heal|p2a: Ting-Lu|26/100|[from] item: Leftovers
|upkeep
|turn|6
|
|t:|1760819495
|move|p1a: Empoleon|Surf|p2a: Ting-Lu
|-supereffective|p2a: Ting-Lu
|-damage|p2a: Ting-Lu|0 fnt
|faint|p2a: Ting-Lu
|
|upkeep
|
|t:|1760819500
|switch|p2a: Zapdos|Zapdos|100/100
|turn|7
|
|t:|1760819516
|move|p1a: Empoleon|Ice Beam|p2a: Zapdos
|-supereffective|p2a: Zapdos
|-damage|p2a: Zapdos|33/100
|move|p2a: Zapdos|Volt Switch|p1a: Empoleon
|-supereffective|p1a: Empoleon
|-damage|p1a: Empoleon|0 fnt
|faint|p1a: Empoleon
|
|t:|1760819531
|switch|p2a: Weezing|Weezing-Galar, F|100/100|[from] Volt Switch
|-ability|p2a: Weezing|Neutralizing Gas
|
|upkeep
|
|t:|1760819544
|switch|p1a: Granbull|Granbull, M|100/100
|turn|8
|
|t:|1760819555
|move|p2a: Weezing|Defog|p1a: Granbull
|-unboost|p1a: Granbull|evasion|1
|-sideend|p2: DemonOfEzo|Stealth Rock|[from] move: Defog|[of] p2a: Weezing
|move|p1a: Granbull|Psychic Fangs|p2a: Weezing
|-supereffective|p2a: Weezing
|-crit|p2a: Weezing
|-damage|p2a: Weezing|44/100
|
|upkeep
|turn|9
|
|t:|1760819560
|move|p2a: Weezing|Toxic Spikes|p1a: Granbull
|-sidestart|p1: guayomedina|move: Toxic Spikes
|move|p1a: Granbull|Psychic Fangs|p2a: Weezing
|-supereffective|p2a: Weezing
|-damage|p2a: Weezing|1/100
|
|upkeep
|turn|10
|
|t:|1760819564
|move|p2a: Weezing|Will-O-Wisp|p1a: Granbull
|-status|p1a: Granbull|brn
|move|p1a: Granbull|Psychic Fangs|p2a: Weezing
|-supereffective|p2a: Weezing
|-damage|p2a: Weezing|0 fnt
|faint|p2a: Weezing
|-end|p2a: Weezing|ability: Neutralizing Gas
|
|-damage|p1a: Granbull|94/100 brn|[from] brn
|upkeep
|
|t:|1760819577
|switch|p2a: Iron Crown|Iron Crown|100/100
|turn|11
|
|t:|1760819584
|move|p2a: Iron Crown|Tachyon Cutter|p1a: Granbull
|-supereffective|p1a: Granbull
|-damage|p1a: Granbull|34/100 brn
|-supereffective|p1a: Granbull
|-damage|p1a: Granbull|0 fnt
|faint|p1a: Granbull
|-hitcount|p1: Granbull|2
|
|upkeep
|
|t:|1760819591
|switch|p1a: DragonBall|Regidrago|100/100
|-status|p1a: DragonBall|psn
|turn|12
|
|t:|1760819596
|move|p1a: DragonBall|Earth Power|p2a: Iron Crown
|-supereffective|p2a: Iron Crown
|-damage|p2a: Iron Crown|44/100
|move|p2a: Iron Crown|Tachyon Cutter|p1a: DragonBall
|-damage|p1a: DragonBall|62/100 psn
|-damage|p1a: DragonBall|24/100 psn
|-hitcount|p1a: DragonBall|2
|
|-damage|p1a: DragonBall|11/100 psn|[from] psn
|upkeep
|turn|13
|
|t:|1760819604
|-end|p2a: Iron Crown|Quark Drive|[silent]
|switch|p2a: Zapdos|Zapdos|33/100
|move|p1a: DragonBall|Earth Power|p2a: Zapdos
|-immune|p2a: Zapdos
|
|-damage|p1a: DragonBall|0 fnt|[from] psn
|faint|p1a: DragonBall
|upkeep
|-message|guayomedina forfeited.
|
|win|DemonOfEzo
|raw|guayomedina's rating: 1135 &rarr; <strong>1114</strong><br />(-21 for losing)
|raw|DemonOfEzo's rating: 1188 &rarr; <strong>1209</strong><br />(+21 for winning)
|l|☆guayomedina
|player|p1|
|l|☆DemonOfEzo
|player|p2|
