|j|☆blackgokuking
|j|☆UserJexx
|t:|1760853232
|gametype|singles
|player|p1|blackgokuking|depotagent|1504
|player|p2|UserJexx|lusamine-nihilego|1602
|gen|9
|tier|[Gen 9] OU
|rated|
|rule|HP Percentage Mod: HP is shown in percentages
|rule|Endless Battle Clause: Forcing endless battles is banned
|rule|Species Clause: Limit one of each Pokémon
|rule|OHKO Clause: OHKO moves are banned
|rule|Evasion Items Clause: Evasion items are banned
|rule|Evasion Moves Clause: Evasion moves are banned
|rule|Evasion Abilities Clause: Evasion abilities are banned
|rule|Sleep Moves Clause: Sleep-inducing moves are banned
|clearpoke
|poke|p1|Greninja-*, M|
|poke|p1|Rillaboom, F|
|poke|p1|Great Tusk|
|poke|p1|Kingambit, F|
|poke|p1|Iron Valiant|
|poke|p1|Gholdengo|
|poke|p2|Hatterene, F|
|poke|p2|Goodra-Hisui, F|
|poke|p2|Garchomp, M|
|poke|p2|Corviknight, M|
|poke|p2|Ditto|
|poke|p2|Ceruledge, F|
|teampreview
|inactive|Battle timer is ON: inactive players will automatically lose when time's up. (requested by UserJexx)
|
|t:|1760853253
|teamsize|p1|6
|teamsize|p2|6
|start
|switch|p1a: Gholdengo|Gholdengo|100/100
|switch|p2a: Sharpness V|Ceruledge, F|100/100
|-item|p1a: Gholdengo|Air Balloon
|turn|1
|
|t:|1760853258
|switch|p1a: Great Tusk|Great Tusk|100/100
|move|p2a: Sharpness V|Poltergeist|p1a: Great Tusk
|-activate|p1a: Great Tusk|move: Poltergeist|Leftovers
|-damage|p1a: Great Tusk|67/100
|
|-heal|p1a: Great Tusk|73/100|[from] item: Leftovers
|upkeep
|turn|2
|
|t:|1760853273
|switch|p2a: Feather Falling II|Corviknight, M, shiny|100/100
|-ability|p2a: Feather Falling II|Pressure
|move|p1a: Great Tusk|Knock Off|p2a: Feather Falling II
|-damage|p2a: Feather Falling II|75/100
|-damage|p1a: Great Tusk|56/100|[from] item: Rocky Helmet|[of] p2a: Feather Falling II
|-enditem|p2a: Feather Falling II|Rocky Helmet|[from] move: Knock Off|[of] p1a: Great Tusk
|
|-heal|p1a: Great Tusk|62/100|[from] item: Leftovers
|upkeep
|turn|3
|
|t:|1760853286
|-end|p1a: Great Tusk|Protosynthesis|[silent]
|switch|p1a: Gholdengo|Gholdengo|100/100
|-item|p1a: Gholdengo|Air Balloon
|move|p2a: Feather Falling II|Body Press|p1a: Gholdengo
|-immune|p1a: Gholdengo
|
|upkeep
|turn|4
|
|t:|1760853293
|switch|p2a: Protection IV|Goodra-Hisui, F|100/100
|move|p1a: Gholdengo|Shadow Ball|p2a: Protection IV
|-damage|p2a: Protection IV|85/100
|
|upkeep
|turn|5
|
|t:|1760853308
|switch|p1a: Great Tusk|Great Tusk|62/100
|move|p2a: Protection IV|Draco Meteor|p1a: Great Tusk
|-damage|p1a: Great Tusk|4/100
|-unboost|p2a: Protection IV|spa|2
|
|-heal|p1a: Great Tusk|10/100|[from] item: Leftovers
|upkeep
|turn|6
|
|t:|1760853316
|switch|p2a: Feather Falling II|Corviknight, M, shiny|75/100
|-ability|p2a: Feather Falling II|Pressure
|move|p1a: Great Tusk|Knock Off|p2a: Feather Falling II
|-damage|p2a: Feather Falling II|58/100
|
|-heal|p1a: Great Tusk|16/100|[from] item: Leftovers
|upkeep
|turn|7
|
|t:|1760853321
|-end|p1a: Great Tusk|Protosynthesis|[silent]
|switch|p1a: Iron Valiant|Iron Valiant|100/100
|-enditem|p1a: Iron Valiant|Booster Energy
|-activate|p1a: Iron Valiant|ability: Quark Drive|[fromitem]
|-start|p1a: Iron Valiant|quarkdrivespe
|move|p2a: Feather Falling II|Body Press|p1a: Iron Valiant
|-resisted|p1a: Iron Valiant
|-damage|p1a: Iron Valiant|88/100
|
|upkeep
|turn|8
|
|t:|1760853329
|switch|p2a: Protection IV|Goodra-Hisui, F|85/100
|move|p1a: Iron Valiant|Thunderbolt|p2a: Protection IV
|-resisted|p2a: Protection IV
|-damage|p2a: Protection IV|78/100
|
|upkeep
|turn|9
|
|t:|1760853335
|switch|p2a: Sharpness V|Ceruledge, F|100/100
|move|p1a: Iron Valiant|Close Combat|p2a: Sharpness V
|-immune|p2a: Sharpness V
|
|upkeep
|turn|10
|
|t:|1760853340
|switch|p2a: Protection IV|Goodra-Hisui, F|78/100
|move|p1a: Iron Valiant|Thunderbolt|p2a: Protection IV
|-resisted|p2a: Protection IV
|-damage|p2a: Protection IV|71/100
|
|upkeep
|turn|11
|
|t:|1760853345
|-terastallize|p2a: Protection IV|Flying
|move|p1a: Iron Valiant|Close Combat|p2a: Protection IV
|-resisted|p2a: Protection IV
|-damage|p2a: Protection IV|46/100
|-unboost|p1a: Iron Valiant|def|1
|-unboost|p1a: Iron Valiant|spd|1
|move|p2a: Protection IV|Heavy Slam|p1a: Iron Valiant
|-supereffective|p1a: Iron Valiant
|-damage|p1a: Iron Valiant|0 fnt
|faint|p1a: Iron Valiant
|-end|p1a: Iron Valiant|Quark Drive|[silent]
|
|upkeep
|
|t:|1760853352
|switch|p1a: Greninja|Greninja, M|100/100
|turn|12
|
|t:|1760853359
|switch|p1a: Great Tusk|Great Tusk|16/100
|move|p2a: Protection IV|Draco Meteor|p1a: Great Tusk|[miss]
|-miss|p2a: Protection IV|p1a: Great Tusk
|
|-heal|p1a: Great Tusk|22/100|[from] item: Leftovers
|upkeep
|turn|13
|
|t:|1760853366
|move|p1a: Great Tusk|Ice Spinner|p2a: Protection IV
|-supereffective|p2a: Protection IV
|-damage|p2a: Protection IV|2/100
|move|p2a: Protection IV|Ice Spinner|p1a: Great Tusk
|-supereffective|p1a: Great Tusk
|-damage|p1a: Great Tusk|0 fnt
|faint|p1a: Great Tusk
|-end|p1a: Great Tusk|Protosynthesis|[silent]
|
|upkeep
|
|t:|1760853371
|switch|p1a: Greninja|Greninja, M|100/100
|turn|14
|
|t:|1760853378
|move|p1a: Greninja|Dark Pulse|p2a: Protection IV
|-damage|p2a: Protection IV|0 fnt
|faint|p2a: Protection IV
|-ability|p1a: Greninja|Battle Bond|boost
|-boost|p1a: Greninja|atk|1
|-boost|p1a: Greninja|spa|1
|-boost|p1a: Greninja|spe|1
|-activate|p1a: Greninja|ability: Battle Bond
|-damage|p1a: Greninja|91/100|[from] item: Life Orb
|
|upkeep
|
|t:|1760853385
|switch|p2a: Looting II|Hatterene, F, shiny|100/100
|turn|15
|
|t:|1760853395
|-terastallize|p1a: Greninja|Ghost
|move|p1a: Greninja|Dark Pulse|p2a: Looting II
|-damage|p2a: Looting II|29/100
|-damage|p1a: Greninja|81/100|[from] item: Life Orb
|cant|p2a: Looting II|flinch
|
|upkeep
|turn|16
|
|t:|1760853404
|move|p1a: Greninja|Dark Pulse|p2a: Looting II
|-damage|p2a: Looting II|0 fnt
|faint|p2a: Looting II
|-damage|p1a: Greninja|71/100|[from] item: Life Orb
|
|upkeep
|
|t:|1760853407
|switch|p2a: Curse of Binding|Ditto|100/100
|-transform|p2a: Curse of Binding|p1a: Greninja|[from] ability: Imposter
|-start|p2a: Curse of Binding|typechange|Water/Dark|[silent]
|turn|17
|
|t:|1760853421
|switch|p1a: Gholdengo|Gholdengo|100/100
|-item|p1a: Gholdengo|Air Balloon
|move|p2a: Curse of Binding|Dark Pulse|p1a: Gholdengo
|-supereffective|p1a: Gholdengo
|-damage|p1a: Gholdengo|32/100
|-enditem|p1a: Gholdengo|Air Balloon
|
|upkeep
|turn|18
|
|t:|1760853428
|move|p2a: Curse of Binding|Dark Pulse|p1a: Gholdengo
|-supereffective|p1a: Gholdengo
|-damage|p1a: Gholdengo|0 fnt
|faint|p1a: Gholdengo
|
|upkeep
|
|t:|1760853430
|switch|p1a: Rillaboom|Rillaboom, F|100/100
|-fieldstart|move: Grassy Terrain|[from] ability: Grassy Surge|[of] p1a: Rillaboom
|turn|19
|
|t:|1760853437
|switch|p2a: Sharpness V|Ceruledge, F|100/100
|switch|p1a: Greninja|Greninja, M, tera:Ghost|71/100
|
|-heal|p1a: Greninja|77/100|[from] Grassy Terrain
|upkeep
|turn|20
|
|t:|1760853446
|move|p1a: Greninja|Water Shuriken|p2a: Sharpness V
|-supereffective|p2a: Sharpness V
|-crit|p2a: Sharpness V
|-damage|p2a: Sharpness V|66/100
|-supereffective|p2a: Sharpness V
|-damage|p2a: Sharpness V|46/100
|-supereffective|p2a: Sharpness V
|-damage|p2a: Sharpness V|22/100
|-supereffective|p2a: Sharpness V
|-damage|p2a: Sharpness V|3/100
|-supereffective|p2a: Sharpness V
|-damage|p2a: Sharpness V|0 fnt
|faint|p2a: Sharpness V
|-hitcount|p2: Sharpness V|5
|-damage|p1a: Greninja|67/100|[from] item: Life Orb
|
|-heal|p1a: Greninja|73/100|[from] Grassy Terrain
|upkeep
|
|t:|1760853458
|switch|p2a: Curse of Binding|Ditto|100/100
|-transform|p2a: Curse of Binding|p1a: Greninja|[from] ability: Imposter
|turn|21
|
|t:|1760853465
|switch|p1a: Rillaboom|Rillaboom, F|100/100
|move|p2a: Curse of Binding|Surf|p1a: Rillaboom
|-resisted|p1a: Rillaboom
|-damage|p1a: Rillaboom|76/100
|
|-heal|p1a: Rillaboom|82/100|[from] Grassy Terrain
|upkeep
|turn|22
|
|t:|1760853470
|switch|p2a: Feather Falling II|Corviknight, M, shiny|58/100
|-ability|p2a: Feather Falling II|Pressure
|move|p1a: Rillaboom|U-turn|p2a: Feather Falling II
|-resisted|p2a: Feather Falling II
|-damage|p2a: Feather Falling II|50/100
|
|t:|1760853473
|switch|p1a: Greninja|Greninja, M, tera:Ghost|73/100|[from] U-turn
|
|-heal|p1a: Greninja|79/100|[from] Grassy Terrain
|upkeep
|turn|23
|
|t:|1760853476
|switch|p2a: Curse of Binding|Ditto|100/100
|-transform|p2a: Curse of Binding|p1a: Greninja|[from] ability: Imposter
|move|p1a: Greninja|Surf|p2a: Curse of Binding
|-resisted|p2a: Curse of Binding
|-damage|p2a: Curse of Binding|63/100
|-damage|p1a: Greninja|69/100|[from] item: Life Orb
|
|-heal|p2a: Curse of Binding|69/100|[from] Grassy Terrain
|-heal|p1a: Greninja|75/100|[from] Grassy Terrain
|-fieldend|move: Grassy Terrain
|upkeep
|turn|24
|
|t:|1760853490
|switch|p1a: Rillaboom|Rillaboom, F|82/100
|-fieldstart|move: Grassy Terrain|[from] ability: Grassy Surge|[of] p1a: Rillaboom
|move|p2a: Curse of Binding|Ice Beam|p1a: Rillaboom
|-supereffective|p1a: Rillaboom
|-damage|p1a: Rillaboom|16/100
|
|-heal|p2a: Curse of Binding|75/100|[from] Grassy Terrain
|-heal|p1a: Rillaboom|22/100|[from] Grassy Terrain
|upkeep
|turn|25
|
|t:|1760853498
|switch|p2a: Feather Falling II|Corviknight, M, shiny|50/100
|-ability|p2a: Feather Falling II|Pressure
|switch|p1a: Greninja|Greninja, M, tera:Ghost|75/100
|
|-heal|p1a: Greninja|81/100|[from] Grassy Terrain
|upkeep
|turn|26
|
|t:|1760853503
|move|p1a: Greninja|Surf|p2a: Feather Falling II
|-damage|p2a: Feather Falling II|12/100
|-damage|p1a: Greninja|71/100|[from] item: Life Orb
|move|p2a: Feather Falling II|Roost|p2a: Feather Falling II
|-heal|p2a: Feather Falling II|62/100
|-singleturn|p2a: Feather Falling II|move: Roost
|
|-heal|p1a: Greninja|77/100|[from] Grassy Terrain
|-heal|p2a: Feather Falling II|68/100|[from] Grassy Terrain
|upkeep
|turn|27
|
|t:|1760853510
|move|p1a: Greninja|Dark Pulse|p2a: Feather Falling II
|-damage|p2a: Feather Falling II|36/100
|-damage|p1a: Greninja|68/100|[from] item: Life Orb
|move|p2a: Feather Falling II|Roost|p2a: Feather Falling II
|-heal|p2a: Feather Falling II|86/100
|-singleturn|p2a: Feather Falling II|move: Roost
|
|-heal|p1a: Greninja|73/100|[from] Grassy Terrain
|-heal|p2a: Feather Falling II|92/100|[from] Grassy Terrain
|upkeep
|turn|28
|
|t:|1760853515
|switch|p2a: Curse of Binding|Ditto|75/100
|-transform|p2a: Curse of Binding|p1a: Greninja|[from] ability: Imposter
|move|p1a: Greninja|Surf|p2a: Curse of Binding
|-resisted|p2a: Curse of Binding
|-damage|p2a: Curse of Binding|33/100
|-damage|p1a: Greninja|64/100|[from] item: Life Orb
|
|-heal|p2a: Curse of Binding|39/100|[from] Grassy Terrain
|-heal|p1a: Greninja|70/100|[from] Grassy Terrain
|-fieldend|move: Grassy Terrain
|upkeep
|turn|29
|
|t:|1760853523
|switch|p1a: Rillaboom|Rillaboom, F|22/100
|-fieldstart|move: Grassy Terrain|[from] ability: Grassy Surge|[of] p1a: Rillaboom
|move|p2a: Curse of Binding|Dark Pulse|p1a: Rillaboom
|-damage|p1a: Rillaboom|0 fnt
|faint|p1a: Rillaboom
|
|-heal|p2a: Curse of Binding|45/100|[from] Grassy Terrain
|upkeep
|
|t:|1760853529
|switch|p1a: Kingambit|Kingambit, F|100/100
|-activate|p1a: Kingambit|ability: Supreme Overlord
|-start|p1a: Kingambit|fallen4|[silent]
|turn|30
|
|t:|1760853544
|switch|p2a: Thorns I|Garchomp, M|100/100
|move|p1a: Kingambit|Swords Dance|p1a: Kingambit
|-boost|p1a: Kingambit|atk|2
|
|upkeep
|turn|31
|
|t:|1760853551
|move|p2a: Thorns I|Earthquake|p1a: Kingambit
|-supereffective|p1a: Kingambit
|-damage|p1a: Kingambit|47/100
|-damage|p2a: Thorns I|91/100|[from] item: Life Orb
|move|p1a: Kingambit|Swords Dance|p1a: Kingambit
|-boost|p1a: Kingambit|atk|2
|
|-heal|p2a: Thorns I|97/100|[from] Grassy Terrain
|-heal|p1a: Kingambit|53/100|[from] Grassy Terrain
|upkeep
|turn|32
|
|t:|1760853557
|move|p2a: Thorns I|Earthquake|p1a: Kingambit
|-supereffective|p1a: Kingambit
|-damage|p1a: Kingambit|0 fnt
|faint|p1a: Kingambit
|-end|p1a: Kingambit|fallen4|[silent]
|-damage|p2a: Thorns I|87/100|[from] item: Life Orb
|
|-heal|p2a: Thorns I|93/100|[from] Grassy Terrain
|upkeep
|-message|blackgokuking forfeited.
|
|win|UserJexx
|raw|blackgokuking's rating: 1504 &rarr; <strong>1489</strong><br />(-15 for losing)
|raw|UserJexx's rating: 1602 &rarr; <strong>1617</strong><br />(+15 for winning)
|l|☆blackgokuking
|player|p1|
|l|☆UserJexx
|player|p2|
