|j|☆Dingus33
|j|☆petertonetto
|t:|1760877332
|gametype|singles
|player|p1|Dingus33|boarder|1264
|player|p2|petertonetto|1|1303
|gen|9
|tier|[Gen 9] OU
|rated|
|rule|HP Percentage Mod: HP is shown in percentages
|rule|Endless Battle Clause: Forcing endless battles is banned
|rule|Species Clause: Limit one of each Pokémon
|rule|OHKO Clause: OHKO moves are banned
|rule|Evasion Items Clause: Evasion items are banned
|rule|Evasion Moves Clause: Evasion moves are banned
|rule|Evasion Abilities Clause: Evasion abilities are banned
|rule|Sleep Moves Clause: Sleep-inducing moves are banned
|clearpoke
|poke|p1|Iron Crown|
|poke|p1|Eelektross, M|
|poke|p1|Grimmsnarl, M|
|poke|p1|Great Tusk|
|poke|p1|Dragonite, M|
|poke|p1|Glimmora, M|
|poke|p2|Torkoal, F|
|poke|p2|Typhlosion-Hisui, F|
|poke|p2|Walking Wake|
|poke|p2|Glimmora, M|
|poke|p2|Scizor, M|
|poke|p2|Ceruledge, F|
|teampreview
|inactive|Battle timer is ON: inactive players will automatically lose when time's up. (requested by petertonetto)
|
|t:|1760877340
|teamsize|p1|6
|teamsize|p2|6
|start
|switch|p1a: Grimmsnarl|Grimmsnarl, M, shiny|100/100
|switch|p2a: Torkoal|Torkoal, F|100/100
|-weather|SunnyDay|[from] ability: Drought|[of] p2a: Torkoal
|turn|1
|
|t:|1760877349
|switch|p2a: Scizor|Scizor, M|100/100
|move|p1a: Grimmsnarl|Light Screen|p1a: Grimmsnarl
|-sidestart|p1: Dingus33|move: Light Screen
|
|-weather|SunnyDay|[upkeep]
|upkeep
|turn|2
|
|t:|1760877354
|move|p1a: Grimmsnarl|Parting Shot|p2a: Scizor
|-unboost|p2a: Scizor|atk|1
|-unboost|p2a: Scizor|spa|1
|
|t:|1760877359
|switch|p1a: Eelektross|Eelektross, M|100/100|[from] Parting Shot
|move|p2a: Scizor|Swords Dance|p2a: Scizor
|-boost|p2a: Scizor|atk|2
|
|-weather|SunnyDay|[upkeep]
|upkeep
|turn|3
|
|t:|1760877366
|-terastallize|p2a: Scizor|Dark
|move|p2a: Scizor|Knock Off|p1a: Eelektross
|-damage|p1a: Eelektross|0 fnt
|-enditem|p1a: Eelektross|Leftovers|[from] move: Knock Off|[of] p2a: Scizor
|faint|p1a: Eelektross
|-damage|p2a: Scizor|91/100|[from] item: Life Orb
|
|-weather|SunnyDay|[upkeep]
|upkeep
|j| Jinghan Yu
|l| Jinghan Yu
|
|t:|1760877380
|switch|p1a: Great Tusk|Great Tusk|100/100
|-activate|p1a: Great Tusk|ability: Protosynthesis
|-start|p1a: Great Tusk|protosynthesisspe
|turn|4
|
|t:|1760877384
|move|p1a: Great Tusk|Bulk Up|p1a: Great Tusk
|-boost|p1a: Great Tusk|atk|1
|-boost|p1a: Great Tusk|def|1
|move|p2a: Scizor|Dual Wingbeat|p1a: Great Tusk
|-supereffective|p1a: Great Tusk
|-damage|p1a: Great Tusk|65/100
|-supereffective|p1a: Great Tusk
|-damage|p1a: Great Tusk|27/100
|-hitcount|p1a: Great Tusk|2
|-damage|p2a: Scizor|81/100|[from] item: Life Orb
|
|-weather|SunnyDay|[upkeep]
|upkeep
|turn|5
|
|t:|1760877397
|-terastallize|p1a: Great Tusk|Steel
|move|p2a: Scizor|Bullet Punch|p1a: Great Tusk
|-resisted|p1a: Great Tusk
|-damage|p1a: Great Tusk|14/100
|-damage|p2a: Scizor|71/100|[from] item: Life Orb
|move|p1a: Great Tusk|Headlong Rush|p2a: Scizor
|-damage|p2a: Scizor|0 fnt
|-unboost|p1a: Great Tusk|def|1
|-unboost|p1a: Great Tusk|spd|1
|faint|p2a: Scizor
|
|-weather|SunnyDay|[upkeep]
|upkeep
|
|t:|1760877408
|switch|p2a: Ceruledge|Ceruledge, F|100/100
|turn|6
|
|t:|1760877412
|move|p2a: Ceruledge|Shadow Sneak|p1a: Great Tusk
|-damage|p1a: Great Tusk|3/100
|move|p1a: Great Tusk|Headlong Rush|p2a: Ceruledge
|-supereffective|p2a: Ceruledge
|-enditem|p2a: Ceruledge|Focus Sash
|-damage|p2a: Ceruledge|1/100
|-unboost|p1a: Great Tusk|def|1
|-unboost|p1a: Great Tusk|spd|1
|-ability|p2a: Ceruledge|Weak Armor|boost
|-unboost|p2a: Ceruledge|def|1
|-boost|p2a: Ceruledge|spe|2
|
|-weather|SunnyDay|[upkeep]
|upkeep
|turn|7
|
|t:|1760877423
|move|p2a: Ceruledge|Shadow Sneak|p1a: Great Tusk
|-damage|p1a: Great Tusk|0 fnt
|faint|p1a: Great Tusk
|-end|p1a: Great Tusk|Protosynthesis|[silent]
|
|-weather|SunnyDay|[upkeep]
|upkeep
|inactive|Dingus33 has 120 seconds left.
|
|t:|1760877454
|switch|p1a: Grimmsnarl|Grimmsnarl, M, shiny|100/100
|turn|8
|
|t:|1760877463
|move|p2a: Ceruledge|Bitter Blade|p1a: Grimmsnarl
|-damage|p1a: Grimmsnarl|37/100
|-heal|p2a: Ceruledge|44/100|[from] drain|[of] p1a: Grimmsnarl
|move|p1a: Grimmsnarl|Spirit Break|p2a: Ceruledge
|-resisted|p2a: Ceruledge
|-damage|p2a: Ceruledge|13/100
|-unboost|p2a: Ceruledge|spa|1
|-ability|p2a: Ceruledge|Weak Armor|boost
|-unboost|p2a: Ceruledge|def|1
|-boost|p2a: Ceruledge|spe|2
|
|-weather|none
|-sideend|p1: Dingus33|move: Light Screen
|upkeep
|turn|9
|
|t:|1760877475
|move|p1a: Grimmsnarl|Reflect|p1a: Grimmsnarl
|-sidestart|p1: Dingus33|Reflect
|move|p2a: Ceruledge|Bitter Blade|p1a: Grimmsnarl
|-damage|p1a: Grimmsnarl|13/100
|-heal|p2a: Ceruledge|29/100|[from] drain|[of] p1a: Grimmsnarl
|
|upkeep
|turn|10
|
|t:|1760877484
|move|p1a: Grimmsnarl|Parting Shot|p2a: Ceruledge
|-unboost|p2a: Ceruledge|atk|1
|-unboost|p2a: Ceruledge|spa|1
|
|t:|1760877488
|switch|p1a: Dragonite|Dragonite, M|100/100|[from] Parting Shot
|move|p2a: Ceruledge|Bitter Blade|p1a: Dragonite
|-resisted|p1a: Dragonite
|-damage|p1a: Dragonite|96/100
|-heal|p2a: Ceruledge|31/100|[from] drain|[of] p1a: Dragonite
|
|upkeep
|turn|11
|
|t:|1760877495
|move|p2a: Ceruledge|Swords Dance|p2a: Ceruledge
|-boost|p2a: Ceruledge|atk|2
|move|p1a: Dragonite|Dragon Dance|p1a: Dragonite
|-boost|p1a: Dragonite|atk|1
|-boost|p1a: Dragonite|spe|1
|
|upkeep
|turn|12
|
|t:|1760877507
|move|p2a: Ceruledge|Poltergeist|p1a: Dragonite
|-activate|p1a: Dragonite|move: Poltergeist|Loaded Dice
|-damage|p1a: Dragonite|53/100
|move|p1a: Dragonite|Scale Shot|p2a: Ceruledge
|-damage|p2a: Ceruledge|0 fnt
|faint|p2a: Ceruledge
|-hitcount|p2: Ceruledge|1
|-unboost|p1a: Dragonite|def|1
|-boost|p1a: Dragonite|spe|1
|
|upkeep
|
|t:|1760877517
|switch|p2a: Glimmora|Glimmora, M|100/100
|turn|13
|
|t:|1760877525
|move|p1a: Dragonite|Scale Shot|p2a: Glimmora
|-damage|p2a: Glimmora|79/100
|-damage|p2a: Glimmora|58/100
|-damage|p2a: Glimmora|35/100
|-damage|p2a: Glimmora|12/100
|-hitcount|p2a: Glimmora|4
|-unboost|p1a: Dragonite|def|1
|-boost|p1a: Dragonite|spe|1
|move|p2a: Glimmora|Mortal Spin|p1a: Dragonite
|-damage|p1a: Dragonite|46/100
|-status|p1a: Dragonite|psn
|
|-damage|p1a: Dragonite|34/100 psn|[from] psn
|upkeep
|turn|14
|
|t:|1760877538
|move|p2a: Glimmora|Protect|p2a: Glimmora
|-singleturn|p2a: Glimmora|Protect
|move|p1a: Dragonite|Scale Shot|p2a: Glimmora
|-activate|p2a: Glimmora|move: Protect
|
|-damage|p1a: Dragonite|22/100 psn|[from] psn
|upkeep
|turn|15
|
|t:|1760877545
|move|p1a: Dragonite|Scale Shot|p2a: Glimmora
|-damage|p2a: Glimmora|0 fnt
|faint|p2a: Glimmora
|-hitcount|p2: Glimmora|1
|-unboost|p1a: Dragonite|def|1
|-boost|p1a: Dragonite|spe|1
|
|-damage|p1a: Dragonite|9/100 psn|[from] psn
|upkeep
|
|t:|1760877553
|switch|p2a: Torkoal|Torkoal, F|100/100
|-weather|SunnyDay|[from] ability: Drought|[of] p2a: Torkoal
|turn|16
|
|t:|1760877559
|move|p1a: Dragonite|Scale Shot|p2a: Torkoal
|-damage|p2a: Torkoal|83/100
|-damage|p2a: Torkoal|64/100
|-damage|p2a: Torkoal|47/100
|-damage|p2a: Torkoal|28/100
|-hitcount|p2a: Torkoal|4
|-unboost|p1a: Dragonite|def|1
|-boost|p1a: Dragonite|spe|1
|move|p2a: Torkoal|Overheat|p1a: Dragonite|[miss]
|-miss|p2a: Torkoal|p1a: Dragonite
|
|-weather|SunnyDay|[upkeep]
|-damage|p1a: Dragonite|0 fnt|[from] psn
|faint|p1a: Dragonite
|-sideend|p1: Dingus33|Reflect
|upkeep
|
|t:|1760877572
|switch|p1a: Grimmsnarl|Grimmsnarl, M, shiny|13/100
|turn|17
|
|t:|1760877578
|move|p1a: Grimmsnarl|Light Screen|p1a: Grimmsnarl
|-sidestart|p1: Dingus33|move: Light Screen
|move|p2a: Torkoal|Earthquake|p1a: Grimmsnarl
|-damage|p1a: Grimmsnarl|0 fnt
|faint|p1a: Grimmsnarl
|
|-weather|SunnyDay|[upkeep]
|upkeep
|
|t:|1760877592
|switch|p1a: Glimmora|Glimmora, M|100/100
|turn|18
|
|t:|1760877600
|switch|p2a: Typhlosion|Typhlosion-Hisui, F|100/100
|move|p1a: Glimmora|Meteor Beam||[still]
|-prepare|p1a: Glimmora|Meteor Beam
|-boost|p1a: Glimmora|spa|1
|-enditem|p1a: Glimmora|Power Herb
|-anim|p1a: Glimmora|Meteor Beam|p2a: Typhlosion
|-supereffective|p2a: Typhlosion
|-damage|p2a: Typhlosion|0 fnt
|faint|p2a: Typhlosion
|
|-weather|SunnyDay|[upkeep]
|upkeep
|
|t:|1760877616
|switch|p2a: Walking Wake|Walking Wake|100/100
|-activate|p2a: Walking Wake|ability: Protosynthesis
|-start|p2a: Walking Wake|protosynthesisspe
|turn|19
|
|t:|1760877625
|move|p2a: Walking Wake|Hydro Steam|p1a: Glimmora
|-supereffective|p1a: Glimmora
|-crit|p1a: Glimmora
|-damage|p1a: Glimmora|0 fnt
|faint|p1a: Glimmora
|
|-weather|SunnyDay|[upkeep]
|upkeep
|
|t:|1760877629
|switch|p1a: Iron Crown|Iron Crown|100/100
|-enditem|p1a: Iron Crown|Booster Energy
|-activate|p1a: Iron Crown|ability: Quark Drive|[fromitem]
|-start|p1a: Iron Crown|quarkdrivespe
|turn|20
|
|t:|1760877645
|-end|p2a: Walking Wake|Protosynthesis|[silent]
|switch|p2a: Torkoal|Torkoal, F|28/100
|move|p1a: Iron Crown|Calm Mind|p1a: Iron Crown
|-boost|p1a: Iron Crown|spa|1
|-boost|p1a: Iron Crown|spd|1
|
|-weather|SunnyDay|[upkeep]
|upkeep
|turn|21
|
|t:|1760877653
|move|p1a: Iron Crown|Iron Defense|p1a: Iron Crown
|-boost|p1a: Iron Crown|def|2
|move|p2a: Torkoal|Overheat|p1a: Iron Crown
|-supereffective|p1a: Iron Crown
|-damage|p1a: Iron Crown|51/100
|-unboost|p2a: Torkoal|spa|2
|
|-weather|SunnyDay|[upkeep]
|upkeep
|turn|22
|
|t:|1760877663
|move|p1a: Iron Crown|Stored Power|p2a: Torkoal
|-damage|p2a: Torkoal|0 fnt
|faint|p2a: Torkoal
|
|-weather|SunnyDay|[upkeep]
|upkeep
|
|t:|1760877668
|switch|p2a: Walking Wake|Walking Wake|100/100
|-activate|p2a: Walking Wake|ability: Protosynthesis
|-start|p2a: Walking Wake|protosynthesisspe
|turn|23
|
|t:|1760877673
|move|p2a: Walking Wake|Flamethrower|p1a: Iron Crown
|-supereffective|p1a: Iron Crown
|-damage|p1a: Iron Crown|8/100
|move|p1a: Iron Crown|Stored Power|p2a: Walking Wake
|-damage|p2a: Walking Wake|12/100
|
|-weather|none
|-end|p2a: Walking Wake|Protosynthesis
|upkeep
|turn|24
|
|t:|1760877682
|move|p1a: Iron Crown|Stored Power|p2a: Walking Wake
|-damage|p2a: Walking Wake|0 fnt
|faint|p2a: Walking Wake
|-end|p2a: Walking Wake|Protosynthesis|[silent]
|
|win|Dingus33
|raw|Dingus33's rating: 1264 &rarr; <strong>1292</strong><br />(+28 for winning)
|raw|petertonetto's rating: 1303 &rarr; <strong>1281</strong><br />(-22 for losing)
|l|☆petertonetto
|player|p2|
|l|☆Dingus33
|player|p1|
