|j|☆RK Earth 9000
|j|☆plolaaa
|t:|1760777423
|gametype|singles
|player|p1|RK Earth 9000|volkner|1102
|player|p2|plolaaa|preschooler|1113
|gen|9
|tier|[Gen 9] OU
|rated|
|rule|HP Percentage Mod: HP is shown in percentages
|rule|Endless Battle Clause: Forcing endless battles is banned
|rule|Species Clause: Limit one of each Pokémon
|rule|OHKO Clause: OHKO moves are banned
|rule|Evasion Items Clause: Evasion items are banned
|rule|Evasion Moves Clause: Evasion moves are banned
|rule|Evasion Abilities Clause: Evasion abilities are banned
|rule|Sleep Moves Clause: Sleep-inducing moves are banned
|clearpoke
|poke|p1|Necrozma|
|poke|p1|Sandy Shocks|
|poke|p1|Zapdos|
|poke|p1|Breloom, M|
|poke|p1|Hatterene, F|
|poke|p1|Tentacruel, F|
|poke|p2|Manaphy|
|poke|p2|Bellossom, F|
|poke|p2|Magmar, F|
|poke|p2|Porygon2|
|poke|p2|Piloswine, F|
|poke|p2|Pelipper, M|
|teampreview
|
|t:|1760777438
|teamsize|p1|6
|teamsize|p2|6
|start
|switch|p1a: Tentacruel|Tentacruel, F|100/100
|switch|p2a: Piloswine|Piloswine, F|100/100
|turn|1
|
|t:|1760777445
|move|p1a: Tentacruel|Toxic|p2a: Piloswine
|-status|p2a: Piloswine|tox
|move|p2a: Piloswine|Earthquake|p1a: Tentacruel
|-supereffective|p1a: Tentacruel
|-damage|p1a: Tentacruel|0 fnt
|faint|p1a: Tentacruel
|
|-damage|p2a: Piloswine|94/100 tox|[from] psn
|upkeep
|
|t:|1760777459
|switch|p1a: Necrozma|Necrozma, shiny|100/100
|turn|2
|
|t:|1760777468
|move|p1a: Necrozma|Dragon Dance|p1a: Necrozma
|-boost|p1a: Necrozma|atk|1
|-boost|p1a: Necrozma|spe|1
|move|p2a: Piloswine|Bite|p1a: Necrozma
|-supereffective|p1a: Necrozma
|-damage|p1a: Necrozma|75/100
|
|-damage|p2a: Piloswine|82/100 tox|[from] psn
|upkeep
|turn|3
|
|t:|1760777477
|move|p1a: Necrozma|Dragon Dance|p1a: Necrozma
|-boost|p1a: Necrozma|atk|1
|-boost|p1a: Necrozma|spe|1
|move|p2a: Piloswine|Avalanche|p1a: Necrozma
|-damage|p1a: Necrozma|51/100
|
|-damage|p2a: Piloswine|63/100 tox|[from] psn
|upkeep
|turn|4
|
|t:|1760777486
|move|p1a: Necrozma|Photon Geyser|p2a: Piloswine
|-damage|p2a: Piloswine|8/100 tox
|move|p2a: Piloswine|Avalanche|p1a: Necrozma
|-damage|p1a: Necrozma|0 fnt
|faint|p1a: Necrozma
|
|-damage|p2a: Piloswine|0 fnt|[from] psn
|faint|p2a: Piloswine
|upkeep
|
|t:|1760777506
|switch|p1a: Hatterene|Hatterene, F, shiny|100/100
|switch|p2a: Magmar|Magmar, F|100/100
|turn|5
|
|t:|1760777512
|move|p2a: Magmar|Clear Smog|p1a: Hatterene
|-supereffective|p1a: Hatterene
|-damage|p1a: Hatterene|70/100
|-clearboost|p1a: Hatterene
|move|p1a: Hatterene|Nuzzle|p2a: Magmar
|-damage|p2a: Magmar|95/100
|-status|p2a: Magmar|par
|
|-heal|p1a: Hatterene|76/100|[from] item: Leftovers
|upkeep
|turn|6
|
|t:|1760777526
|move|p2a: Magmar|Clear Smog|p1a: Hatterene
|-supereffective|p1a: Hatterene
|-damage|p1a: Hatterene|46/100
|-clearboost|p1a: Hatterene
|move|p1a: Hatterene|Calm Mind|p1a: Hatterene
|-boost|p1a: Hatterene|spa|1
|-boost|p1a: Hatterene|spd|1
|
|-heal|p1a: Hatterene|52/100|[from] item: Leftovers
|upkeep
|turn|7
|
|t:|1760777540
|move|p2a: Magmar|Clear Smog|p1a: Hatterene
|-supereffective|p1a: Hatterene
|-damage|p1a: Hatterene|32/100
|-clearboost|p1a: Hatterene
|move|p1a: Hatterene|Draining Kiss|p2a: Magmar
|-resisted|p2a: Magmar
|-damage|p2a: Magmar|84/100 par
|-heal|p1a: Hatterene|40/100|[from] drain|[of] p2a: Magmar
|
|-heal|p1a: Hatterene|46/100|[from] item: Leftovers
|upkeep
|turn|8
|
|t:|1760777564
|switch|p1a: Sandy Shocks|Sandy Shocks|100/100
|cant|p2a: Magmar|par
|
|upkeep
|turn|9
|
|t:|1760777580
|move|p1a: Sandy Shocks|Volt Switch|p2a: Magmar
|-damage|p2a: Magmar|50/100 par
|
|t:|1760777588
|-end|p1a: Sandy Shocks|Protosynthesis|[silent]
|switch|p1a: Zapdos|Zapdos|100/100|[from] Volt Switch
|-ability|p1a: Zapdos|Pressure
|move|p2a: Magmar|Hyper Beam|p1a: Zapdos
|-damage|p1a: Zapdos|51/100
|-mustrecharge|p2a: Magmar
|
|upkeep
|turn|10
|inactive|Battle timer is ON: inactive players will automatically lose when time's up. (requested by plolaaa)
|-message|plolaaa forfeited.
|
|win|RK Earth 9000
|raw|RK Earth 9000's rating: 1102 &rarr; <strong>1128</strong><br />(+26 for winning)
|raw|plolaaa's rating: 1113 &rarr; <strong>1087</strong><br />(-26 for losing)
|l|☆plolaaa
|player|p2|
|l|☆RK Earth 9000
|player|p1|
