|badge|p1|silver|gen9ru|30-7
|uhtml|medal-msg|<div class="broadcast-blue">Curious what those medals under the avatar are? PS now has Ladder Seasons! For more information, check out the <a href="https://www.smogon.com/forums/threads/3740067/">thread on Smogon.</a></div>
|j|☆Sulfura152
|j|☆oudj nuts
|inactive|Battle timer is ON: inactive players will automatically lose when time's up.
|t:|1760876342
|gametype|singles
|player|p1|Sulfura152|1|
|player|p2|oudj nuts|2|
|gen|9
|tier|[Gen 9] OU
|rated|Tournament battle
|rule|HP Percentage Mod: HP is shown in percentages
|rule|Endless Battle Clause: Forcing endless battles is banned
|rule|Species Clause: Limit one of each Pokémon
|rule|OHKO Clause: OHKO moves are banned
|rule|Evasion Items Clause: Evasion items are banned
|rule|Evasion Moves Clause: Evasion moves are banned
|rule|Evasion Abilities Clause: Evasion abilities are banned
|rule|Sleep Moves Clause: Sleep-inducing moves are banned
|clearpoke
|poke|p1|Toxapex, F|
|poke|p1|Gliscor, F|
|poke|p1|Blissey, F|
|poke|p1|Dondozo, F|
|poke|p1|Moltres|
|poke|p1|Cresselia, F|
|poke|p2|Gallade, M|
|poke|p2|Torkoal, M|
|poke|p2|Cinderace, M|
|poke|p2|Ursaluna, M|
|poke|p2|Indeedee, M|
|poke|p2|Enamorus-Therian, F|
|teampreview
|j| BB-8-NU
|j|*Lady Monita ☀
|inactive|Sulfura152 also wants the timer to be on.
|c|☆Sulfura152|glhf
|inactive|Sulfura152 has 120 seconds left.
|
|t:|1760876400
|teamsize|p1|6
|teamsize|p2|6
|start
|switch|p1a: W krainę|Moltres|100/100
|switch|p2a: Gallade|Gallade, M|100/100
|turn|1
|
|t:|1760876403
|move|p1a: W krainę|Will-O-Wisp|p2a: Gallade
|-status|p2a: Gallade|brn
|move|p2a: Gallade|Trick Room|p2a: Gallade
|-fieldstart|move: Trick Room|[of] p2a: Gallade
|
|-damage|p2a: Gallade|94/100 brn|[from] brn
|upkeep
|turn|2
|
|t:|1760876419
|switch|p1a: w głowie mam|Gliscor, F|100/100
|move|p2a: Gallade|Teleport|p2a: Gallade
|
|t:|1760876422
|switch|p2a: Ursaluna|Ursaluna, M|100/100|[from] Teleport
|
|-status|p2a: Ursaluna|brn|[from] item: Flame Orb
|-status|p1a: w głowie mam|tox|[from] item: Toxic Orb
|upkeep
|turn|3
|
|t:|1760876427
|move|p2a: Ursaluna|Facade|p1a: w głowie mam
|-damage|p1a: w głowie mam|25/100 tox
|move|p1a: w głowie mam|Spikes|p2a: Ursaluna
|-sidestart|p2: oudj nuts|Spikes
|
|-heal|p1a: w głowie mam|38/100 tox|[from] ability: Poison Heal
|-damage|p2a: Ursaluna|94/100 brn|[from] brn
|upkeep
|turn|4
|
|t:|1760876435
|move|p1a: w głowie mam|Protect|p1a: w głowie mam
|-singleturn|p1a: w głowie mam|Protect
|move|p2a: Ursaluna|Swords Dance|p2a: Ursaluna
|-boost|p2a: Ursaluna|atk|2
|
|-heal|p1a: w głowie mam|50/100 tox|[from] ability: Poison Heal
|-damage|p2a: Ursaluna|88/100 brn|[from] brn
|upkeep
|turn|5
|j| dubwool12345
|
|t:|1760876453
|move|p1a: w głowie mam|Protect||[still]
|-fail|p1a: w głowie mam
|move|p2a: Ursaluna|Facade|p1a: w głowie mam
|-damage|p1a: w głowie mam|0 fnt
|faint|p1a: w głowie mam
|
|-damage|p2a: Ursaluna|82/100 brn|[from] brn
|-fieldend|move: Trick Room
|upkeep
|
|t:|1760876456
|switch|p1a: Odlecieć sam|Dondozo, F|100/100
|turn|6
|l| dubwool12345
|
|t:|1760876471
|move|p1a: Odlecieć sam|Curse|p1a: Odlecieć sam
|-unboost|p1a: Odlecieć sam|spe|1
|-boost|p1a: Odlecieć sam|atk|1
|-boost|p1a: Odlecieć sam|def|1
|move|p2a: Ursaluna|Facade|p1a: Odlecieć sam
|-damage|p1a: Odlecieć sam|66/100
|
|-damage|p2a: Ursaluna|76/100 brn|[from] brn
|upkeep
|turn|7
|
|t:|1760876486
|switch|p2a: Cinderace|Cinderace, M|100/100
|move|p1a: Odlecieć sam|Waterfall|p2a: Cinderace
|-supereffective|p2a: Cinderace
|-damage|p2a: Cinderace|3/100
|
|upkeep
|turn|8
|
|t:|1760876492
|move|p2a: Cinderace|Court Change|p2a: Cinderace
|-swapsideconditions
|-activate|p2a: Cinderace|move: Court Change
|move|p1a: Odlecieć sam|Curse|p1a: Odlecieć sam
|-unboost|p1a: Odlecieć sam|spe|1
|-boost|p1a: Odlecieć sam|atk|1
|-boost|p1a: Odlecieć sam|def|1
|
|upkeep
|turn|9
|
|t:|1760876504
|move|p2a: Cinderace|Pyro Ball|p1a: Odlecieć sam
|-resisted|p1a: Odlecieć sam
|-damage|p1a: Odlecieć sam|58/100
|move|p1a: Odlecieć sam|Waterfall|p2a: Cinderace
|-supereffective|p2a: Cinderace
|-damage|p2a: Cinderace|0 fnt
|faint|p2a: Cinderace
|
|upkeep
|
|t:|1760876508
|switch|p2a: Enamorus|Enamorus-Therian, F|100/100
|turn|10
|
|t:|1760876514
|move|p2a: Enamorus|Moonblast|p1a: Odlecieć sam
|-crit|p1a: Odlecieć sam
|-damage|p1a: Odlecieć sam|0 fnt
|faint|p1a: Odlecieć sam
|
|upkeep
|c|☆Sulfura152|ofc
|
|t:|1760876527
|switch|p1a: zapomnienia|Cresselia, F|100/100
|turn|11
|c|☆oudj nuts|Bruh wym ofc
|c|☆Sulfura152|nvm i have cress
|
|t:|1760876542
|switch|p2a: Gallade|Gallade, M|94/100 brn
|move|p1a: zapomnienia|Calm Mind|p1a: zapomnienia
|-boost|p1a: zapomnienia|spa|1
|-boost|p1a: zapomnienia|spd|1
|
|-damage|p2a: Gallade|88/100 brn|[from] brn
|upkeep
|turn|12
|inactive|Sulfura152 has 120 seconds left.
|j| Kaminazalil
|
|t:|1760876592
|move|p1a: zapomnienia|Calm Mind|p1a: zapomnienia
|-boost|p1a: zapomnienia|spa|1
|-boost|p1a: zapomnienia|spd|1
|move|p2a: Gallade|Trick Room|p2a: Gallade
|-fieldstart|move: Trick Room|[of] p2a: Gallade
|
|-damage|p2a: Gallade|82/100 brn|[from] brn
|upkeep
|turn|13
|
|t:|1760876598
|move|p1a: zapomnienia|Calm Mind|p1a: zapomnienia
|-boost|p1a: zapomnienia|spa|1
|-boost|p1a: zapomnienia|spd|1
|move|p2a: Gallade|Teleport|p2a: Gallade
|
|t:|1760876602
|switch|p2a: Indeedee|Indeedee, M|100/100|[from] Teleport
|-fieldstart|move: Psychic Terrain|[from] ability: Psychic Surge|[of] p2a: Indeedee
|
|upkeep
|turn|14
|inactive|Sulfura152 has 120 seconds left.
|
|t:|1760876609
|move|p2a: Indeedee|Encore|p1a: zapomnienia
|-start|p1a: zapomnienia|Encore
|move|p1a: zapomnienia|Calm Mind|p1a: zapomnienia
|-boost|p1a: zapomnienia|spa|1
|-boost|p1a: zapomnienia|spd|1
|
|upkeep
|turn|15
|
|t:|1760876612
|switch|p2a: Ursaluna|Ursaluna, M|76/100 brn
|move|p1a: zapomnienia|Calm Mind|p1a: zapomnienia
|-boost|p1a: zapomnienia|spa|1
|-boost|p1a: zapomnienia|spd|1
|
|-damage|p2a: Ursaluna|70/100 brn|[from] brn
|upkeep
|turn|16
|
|t:|1760876616
|-terastallize|p1a: zapomnienia|Steel
|move|p2a: Ursaluna|Facade|p1a: zapomnienia
|-resisted|p1a: zapomnienia
|-damage|p1a: zapomnienia|62/100
|move|p1a: zapomnienia|Calm Mind|p1a: zapomnienia
|-boost|p1a: zapomnienia|spa|1
|-boost|p1a: zapomnienia|spd|1
|
|-damage|p2a: Ursaluna|64/100 brn|[from] brn
|-end|p1a: zapomnienia|Encore
|-fieldend|move: Trick Room
|upkeep
|turn|17
|
|t:|1760876628
|switch|p2a: Enamorus|Enamorus-Therian, F|100/100
|move|p1a: zapomnienia|Stored Power|p2a: Enamorus
|-damage|p2a: Enamorus|0 fnt
|faint|p2a: Enamorus
|
|-fieldend|move: Psychic Terrain
|upkeep
|
|t:|1760876631
|switch|p2a: Indeedee|Indeedee, M|100/100
|-fieldstart|move: Psychic Terrain|[from] ability: Psychic Surge|[of] p2a: Indeedee
|turn|18
|inactive|oudj nuts has 120 seconds left.
|
|t:|1760876662
|move|p1a: zapomnienia|Stored Power|p2a: Indeedee
|-resisted|p2a: Indeedee
|-enditem|p2a: Indeedee|Focus Sash
|-damage|p2a: Indeedee|1/100
|move|p2a: Indeedee|Trick Room|p2a: Indeedee
|-fieldstart|move: Trick Room|[of] p2a: Indeedee
|
|upkeep
|turn|19
|
|t:|1760876669
|move|p2a: Indeedee|Healing Wish|p2a: Indeedee
|faint|p2a: Indeedee
|move|p1a: zapomnienia|Stored Power|p2: Indeedee|[notarget]
|-fail|p1a: zapomnienia
|
|upkeep
|
|t:|1760876671
|switch|p2a: Gallade|Gallade, M|82/100 brn
|-heal|p2a: Gallade|100/100|[from] move: Healing Wish
|turn|20
|
|t:|1760876688
|switch|p1a: W krainę|Moltres|100/100
|move|p2a: Gallade|Teleport|p2a: Gallade
|
|t:|1760876691
|switch|p2a: Ursaluna|Ursaluna, M|64/100 brn|[from] Teleport
|
|-damage|p2a: Ursaluna|58/100 brn|[from] brn
|upkeep
|turn|21
|
|t:|1760876696
|move|p2a: Ursaluna|Facade|p1a: W krainę
|-damage|p1a: W krainę|17/100
|move|p1a: W krainę|Flamethrower|p2a: Ursaluna
|-damage|p2a: Ursaluna|30/100 brn
|
|-damage|p2a: Ursaluna|24/100 brn|[from] brn
|upkeep
|turn|22
|j| dubwool12345
|l| dubwool12345
|
|t:|1760876709
|move|p2a: Ursaluna|Facade|p1a: W krainę
|-damage|p1a: W krainę|0 fnt
|faint|p1a: W krainę
|
|-damage|p2a: Ursaluna|18/100 brn|[from] brn
|-fieldend|move: Trick Room
|-fieldend|move: Psychic Terrain
|upkeep
|
|t:|1760876713
|switch|p1a: Koksu pięc gram|Blissey, F|100/100
|turn|23
|
|t:|1760876725
|-terastallize|p2a: Ursaluna|Ghost
|move|p1a: Koksu pięc gram|Seismic Toss|p2a: Ursaluna
|-immune|p2a: Ursaluna
|move|p2a: Ursaluna|Facade|p1a: Koksu pięc gram
|-damage|p1a: Koksu pięc gram|0 fnt
|faint|p1a: Koksu pięc gram
|
|-damage|p2a: Ursaluna|12/100 brn|[from] brn
|upkeep
|
|t:|1760876730
|switch|p1a: zapomnienia|Cresselia, F, tera:Steel|62/100
|turn|24
|
|t:|1760876733
|switch|p2a: Gallade|Gallade, M|100/100
|move|p1a: zapomnienia|Moonblast|p2a: Gallade
|-supereffective|p2a: Gallade
|-damage|p2a: Gallade|69/100
|
|upkeep
|turn|25
|
|t:|1760876747
|move|p1a: zapomnienia|Moonlight|p1a: zapomnienia
|-heal|p1a: zapomnienia|100/100
|move|p2a: Gallade|Trick Room|p2a: Gallade
|-fieldstart|move: Trick Room|[of] p2a: Gallade
|
|upkeep
|turn|26
|
|t:|1760876750
|move|p2a: Gallade|Sacred Sword|p1a: zapomnienia
|-supereffective|p1a: zapomnienia
|-damage|p1a: zapomnienia|28/100
|move|p1a: zapomnienia|Calm Mind|p1a: zapomnienia
|-boost|p1a: zapomnienia|spa|1
|-boost|p1a: zapomnienia|spd|1
|
|upkeep
|turn|27
|
|t:|1760876760
|switch|p1a: Tylko jedno|Toxapex, F|100/100
|move|p2a: Gallade|Sacred Sword|p1a: Tylko jedno
|-resisted|p1a: Tylko jedno
|-damage|p1a: Tylko jedno|82/100
|
|upkeep
|turn|28
|
|t:|1760876767
|switch|p2a: Torkoal|Torkoal, M|100/100
|-weather|SunnyDay|[from] ability: Drought|[of] p2a: Torkoal
|move|p1a: Tylko jedno|Poison Jab|p2a: Torkoal
|-damage|p2a: Torkoal|85/100
|-status|p2a: Torkoal|psn
|
|-weather|SunnyDay|[upkeep]
|-damage|p2a: Torkoal|73/100 psn|[from] psn
|upkeep
|turn|29
|
|t:|1760876772
|move|p1a: Tylko jedno|Baneful Bunker|p1a: Tylko jedno
|-singleturn|p1a: Tylko jedno|move: Protect
|move|p2a: Torkoal|Weather Ball|p1a: Tylko jedno
|-activate|p1a: Tylko jedno|move: Protect
|
|-weather|SunnyDay|[upkeep]
|-damage|p2a: Torkoal|61/100 psn|[from] psn
|-fieldend|move: Trick Room
|upkeep
|turn|30
|
|t:|1760876790
|move|p1a: Tylko jedno|Toxic Spikes|p2a: Torkoal
|-sidestart|p2: oudj nuts|move: Toxic Spikes
|move|p2a: Torkoal|Weather Ball|p1a: Tylko jedno
|-resisted|p1a: Tylko jedno
|-damage|p1a: Tylko jedno|44/100
|
|-weather|SunnyDay|[upkeep]
|-damage|p2a: Torkoal|49/100 psn|[from] psn
|upkeep
|turn|31
|
|t:|1760876796
|switch|p1a: zapomnienia|Cresselia, F, tera:Steel|28/100
|switch|p2a: Gallade|Gallade, M|69/100
|-status|p2a: Gallade|psn
|
|-weather|SunnyDay|[upkeep]
|-damage|p2a: Gallade|56/100 psn|[from] psn
|upkeep
|turn|32
|
|t:|1760876812
|switch|p1a: Tylko jedno|Toxapex, F|77/100
|move|p2a: Gallade|Trick Room|p2a: Gallade
|-fieldstart|move: Trick Room|[of] p2a: Gallade
|
|-weather|none
|-damage|p2a: Gallade|44/100 psn|[from] psn
|upkeep
|turn|33
|
|t:|1760876820
|move|p1a: Tylko jedno|Baneful Bunker|p1a: Tylko jedno
|-singleturn|p1a: Tylko jedno|move: Protect
|move|p2a: Gallade|Teleport|p2a: Gallade
|
|t:|1760876823
|switch|p2a: Ursaluna|Ursaluna, M, tera:Ghost|12/100 brn|[from] Teleport
|
|-damage|p2a: Ursaluna|6/100 brn|[from] brn
|upkeep
|turn|34
|
|t:|1760876829
|switch|p1a: zapomnienia|Cresselia, F, tera:Steel|28/100
|move|p2a: Ursaluna|Facade|p1a: zapomnienia
|-resisted|p1a: zapomnienia
|-damage|p1a: zapomnienia|0 fnt
|faint|p1a: zapomnienia
|
|-damage|p2a: Ursaluna|0 fnt|[from] brn
|faint|p2a: Ursaluna
|upkeep
|c|☆Sulfura152|go toxa
|
|t:|1760876846
|switch|p2a: Gallade|Gallade, M|44/100 psn
|switch|p1a: Tylko jedno|Toxapex, F|100/100
|turn|35
|
|t:|1760876853
|move|p1a: Tylko jedno|Baneful Bunker|p1a: Tylko jedno
|-singleturn|p1a: Tylko jedno|move: Protect
|move|p2a: Gallade|Teleport|p2a: Gallade
|
|t:|1760876855
|switch|p2a: Torkoal|Torkoal, M|49/100 psn|[from] Teleport
|-weather|SunnyDay|[from] ability: Drought|[of] p2a: Torkoal
|
|-weather|SunnyDay|[upkeep]
|-damage|p2a: Torkoal|36/100 psn|[from] psn
|upkeep
|turn|36
|
|t:|1760876861
|move|p2a: Torkoal|Earth Power|p1a: Tylko jedno
|-supereffective|p1a: Tylko jedno
|-damage|p1a: Tylko jedno|36/100
|move|p1a: Tylko jedno|Poison Jab|p2a: Torkoal
|-damage|p2a: Torkoal|22/100 psn
|
|-weather|SunnyDay|[upkeep]
|-damage|p2a: Torkoal|10/100 psn|[from] psn
|-fieldend|move: Trick Room
|upkeep
|turn|37
|j| dubwool12345
|
|t:|1760876865
|switch|p2a: Gallade|Gallade, M|44/100 psn
|move|p1a: Tylko jedno|Baneful Bunker||[still]
|-fail|p1a: Tylko jedno
|
|-weather|SunnyDay|[upkeep]
|-damage|p2a: Gallade|32/100 psn|[from] psn
|upkeep
|turn|38
|
|t:|1760876872
|move|p2a: Gallade|Sacred Sword|p1a: Tylko jedno
|-resisted|p1a: Tylko jedno
|-damage|p1a: Tylko jedno|17/100
|move|p1a: Tylko jedno|Poison Jab|p2a: Gallade
|-damage|p2a: Gallade|11/100 psn
|
|-weather|SunnyDay|[upkeep]
|-damage|p2a: Gallade|0 fnt|[from] psn
|faint|p2a: Gallade
|upkeep
|
|t:|1760876879
|switch|p2a: Torkoal|Torkoal, M|10/100 psn
|turn|39
|
|t:|1760876882
|move|p1a: Tylko jedno|Baneful Bunker|p1a: Tylko jedno
|-singleturn|p1a: Tylko jedno|move: Protect
|move|p2a: Torkoal|Earth Power|p1a: Tylko jedno
|-activate|p1a: Tylko jedno|move: Protect
|
|-weather|none
|-damage|p2a: Torkoal|0 fnt|[from] psn
|faint|p2a: Torkoal
|
|win|Sulfura152
|n|☆Sulfura152|sulfura152
|n|☆oudj nuts|oudjnuts
|n| BB-8-NU|bb8nu
|n|*Lady Monita ☀|ladymonita
|n| Kaminazalil|kaminazalil
|n| dubwool12345|dubwool12345
|l|*Lady Monita ☀
