|j|☆Chris466
|j|☆Danxsh17
|t:|1760838033
|gametype|singles
|player|p1|Chris466|red|1343
|player|p2|Danxsh17|169|1360
|gen|9
|tier|[Gen 9] OU
|rated|
|rule|HP Percentage Mod: HP is shown in percentages
|rule|Endless Battle Clause: Forcing endless battles is banned
|rule|Species Clause: Limit one of each Pokémon
|rule|OHKO Clause: OHKO moves are banned
|rule|Evasion Items Clause: Evasion items are banned
|rule|Evasion Moves Clause: Evasion moves are banned
|rule|Evasion Abilities Clause: Evasion abilities are banned
|rule|Sleep Moves Clause: Sleep-inducing moves are banned
|clearpoke
|poke|p1|Primarina, M|
|poke|p1|Cyclizar, M|
|poke|p1|Landorus-Therian, M|
|poke|p1|Slowking-Galar, F|
|poke|p1|Okidogi, M|
|poke|p1|Rillaboom, M|
|poke|p2|Iron Valiant|
|poke|p2|Zamazenta-*|
|poke|p2|Ogerpon-Cornerstone, F|
|poke|p2|Landorus-Therian, M|
|poke|p2|Darkrai|
|poke|p2|Hatterene, F|
|teampreview
|inactive|Battle timer is ON: inactive players will automatically lose when time's up. (requested by Danxsh17)
|
|t:|1760838042
|teamsize|p1|6
|teamsize|p2|6
|start
|switch|p1a: Okidogi|Okidogi, M|100/100
|switch|p2a: Darkrai|Darkrai|100/100
|turn|1
|
|t:|1760838044
|move|p1a: Okidogi|Close Combat|p2a: Darkrai
|-supereffective|p2a: Darkrai
|-damage|p2a: Darkrai|0 fnt
|-unboost|p1a: Okidogi|def|1
|-unboost|p1a: Okidogi|spd|1
|faint|p2a: Darkrai
|
|upkeep
|
|t:|1760838053
|switch|p2a: Hatterene|Hatterene, F|100/100
|turn|2
|
|t:|1760838056
|switch|p1a: Slowking|Slowking-Galar, F|100/100
|move|p2a: Hatterene|Nuzzle|p1a: Slowking
|-damage|p1a: Slowking|96/100
|-status|p1a: Slowking|par
|
|upkeep
|turn|3
|
|t:|1760838062
|move|p2a: Hatterene|Psychic Noise|p1a: Slowking
|-damage|p1a: Slowking|68/100 par
|-start|p1a: Slowking|move: Heal Block
|cant|p1a: Slowking|par
|
|upkeep
|turn|4
|
|t:|1760838066
|move|p2a: Hatterene|Mystical Fire|p1a: Slowking
|-crit|p1a: Slowking
|-damage|p1a: Slowking|42/100 par
|-unboost|p1a: Slowking|spa|1
|-prepare|p1a: Slowking|Chilly Reception|[premajor]
|cant|p1a: Slowking|par
|
|-end|p1a: Slowking|move: Heal Block
|upkeep
|turn|5
|
|t:|1760838070
|move|p2a: Hatterene|Psychic Noise|p1a: Slowking
|-damage|p1a: Slowking|13/100 par
|-start|p1a: Slowking|move: Heal Block
|-prepare|p1a: Slowking|Chilly Reception|[premajor]
|move|p1a: Slowking|Chilly Reception|p1a: Slowking
|-weather|Snowscape
|
|t:|1760838077
|switch|p1a: Okidogi|Okidogi, M|100/100|[from] Chilly Reception
|
|-weather|Snowscape|[upkeep]
|upkeep
|turn|6
|
|t:|1760838087
|switch|p2a: Landorus|Landorus-Therian, M|100/100
|-ability|p2a: Landorus|Intimidate|boost
|-unboost|p1a: Okidogi|atk|1
|move|p1a: Okidogi|Gunk Shot|p2a: Landorus
|-resisted|p2a: Landorus
|-damage|p2a: Landorus|81/100
|
|-weather|Snowscape|[upkeep]
|upkeep
|turn|7
|
|t:|1760838098
|switch|p1a: Landorus|Landorus-Therian, M|100/100
|-ability|p1a: Landorus|Intimidate|boost
|-unboost|p2a: Landorus|atk|1
|move|p2a: Landorus|Taunt|p1a: Landorus
|-start|p1a: Landorus|move: Taunt
|
|-weather|Snowscape|[upkeep]
|upkeep
|turn|8
|
|t:|1760838100
|move|p1a: Landorus|U-turn|p2a: Landorus
|-resisted|p2a: Landorus
|-damage|p2a: Landorus|71/100
|-damage|p1a: Landorus|84/100|[from] item: Rocky Helmet|[of] p2a: Landorus
|
|t:|1760838103
|switch|p1a: Rillaboom|Rillaboom, M|100/100|[from] U-turn
|-fieldstart|move: Grassy Terrain|[from] ability: Grassy Surge|[of] p1a: Rillaboom
|move|p2a: Landorus|Stealth Rock|p1a: Rillaboom
|-sidestart|p1: Chris466|move: Stealth Rock
|
|-weather|Snowscape|[upkeep]
|upkeep
|turn|9
|
|t:|1760838106
|move|p2a: Landorus|U-turn|p1a: Rillaboom
|-supereffective|p1a: Rillaboom
|-damage|p1a: Rillaboom|76/100
|
|t:|1760838111
|switch|p2a: Zamazenta|Zamazenta|100/100|[from] U-turn
|-ability|p2a: Zamazenta|Dauntless Shield|boost
|-boost|p2a: Zamazenta|def|1
|move|p1a: Rillaboom|Knock Off|p2a: Zamazenta
|-resisted|p2a: Zamazenta
|-damage|p2a: Zamazenta|92/100
|-enditem|p2a: Zamazenta|Heavy-Duty Boots|[from] move: Knock Off|[of] p1a: Rillaboom
|
|-weather|none
|-heal|p2a: Zamazenta|98/100|[from] Grassy Terrain
|-heal|p1a: Rillaboom|82/100|[from] Grassy Terrain
|-heal|p1a: Rillaboom|89/100|[from] item: Leftovers
|upkeep
|turn|10
|
|t:|1760838127
|switch|p1a: Landorus|Landorus-Therian, M|84/100
|-damage|p1a: Landorus|72/100|[from] Stealth Rock
|-ability|p1a: Landorus|Intimidate|boost
|-unboost|p2a: Zamazenta|atk|1
|move|p2a: Zamazenta|Close Combat|p1a: Landorus
|-resisted|p1a: Landorus
|-damage|p1a: Landorus|50/100
|-unboost|p2a: Zamazenta|def|1
|-unboost|p2a: Zamazenta|spd|1
|-damage|p2a: Zamazenta|82/100|[from] item: Rocky Helmet|[of] p1a: Landorus
|
|-heal|p2a: Zamazenta|88/100|[from] Grassy Terrain
|upkeep
|turn|11
|
|t:|1760838130
|move|p2a: Zamazenta|Ice Fang|p1a: Landorus
|-supereffective|p1a: Landorus
|-damage|p1a: Landorus|0 fnt
|-damage|p2a: Zamazenta|71/100|[from] item: Rocky Helmet|[of] p1a: Landorus
|faint|p1a: Landorus
|
|-heal|p2a: Zamazenta|77/100|[from] Grassy Terrain
|upkeep
|
|t:|1760838134
|switch|p1a: Okidogi|Okidogi, M|100/100
|-damage|p1a: Okidogi|95/100|[from] Stealth Rock
|turn|12
|
|t:|1760838137
|switch|p2a: Hatterene|Hatterene, F|100/100
|-terastallize|p1a: Okidogi|Fighting
|move|p1a: Okidogi|Close Combat|p2a: Hatterene
|-resisted|p2a: Hatterene
|-damage|p2a: Hatterene|78/100
|-unboost|p1a: Okidogi|def|1
|-unboost|p1a: Okidogi|spd|1
|-status|p2a: Hatterene|tox|[from] ability: Toxic Chain|[of] p1a: Okidogi
|
|-heal|p1a: Okidogi|100/100|[from] Grassy Terrain
|-heal|p2a: Hatterene|84/100 tox|[from] Grassy Terrain
|-damage|p2a: Hatterene|78/100 tox|[from] psn
|-fieldend|move: Grassy Terrain
|upkeep
|turn|13
|
|t:|1760838142
|switch|p1a: Rillaboom|Rillaboom, M|89/100
|-damage|p1a: Rillaboom|76/100|[from] Stealth Rock
|-fieldstart|move: Grassy Terrain|[from] ability: Grassy Surge|[of] p1a: Rillaboom
|move|p2a: Hatterene|Psychic Noise|p1a: Rillaboom
|-damage|p1a: Rillaboom|31/100
|-start|p1a: Rillaboom|move: Heal Block
|
|-heal|p2a: Hatterene|84/100 tox|[from] Grassy Terrain
|-damage|p2a: Hatterene|73/100 tox|[from] psn
|upkeep
|turn|14
|
|t:|1760838147
|switch|p2a: Landorus|Landorus-Therian, M|71/100
|-ability|p2a: Landorus|Intimidate|boost
|-unboost|p1a: Rillaboom|atk|1
|move|p1a: Rillaboom|U-turn|p2a: Landorus
|-resisted|p2a: Landorus
|-damage|p2a: Landorus|65/100
|-damage|p1a: Rillaboom|14/100|[from] item: Rocky Helmet|[of] p2a: Landorus
|
|t:|1760838154
|switch|p1a: Cyclizar|Cyclizar, M|100/100|[from] U-turn
|-damage|p1a: Cyclizar|88/100|[from] Stealth Rock
|
|-heal|p1a: Cyclizar|94/100|[from] Grassy Terrain
|upkeep
|turn|15
|
|t:|1760838159
|move|p1a: Cyclizar|Rapid Spin|p2a: Landorus
|-damage|p2a: Landorus|49/100
|-boost|p1a: Cyclizar|spe|1
|-damage|p1a: Cyclizar|78/100|[from] item: Rocky Helmet|[of] p2a: Landorus
|-sideend|p1: Chris466|Stealth Rock|[from] move: Rapid Spin|[of] p1a: Cyclizar
|move|p2a: Landorus|Earthquake|p1a: Cyclizar
|-damage|p1a: Cyclizar|36/100
|
|-heal|p1a: Cyclizar|42/100|[from] Grassy Terrain
|upkeep
|turn|16
|
|t:|1760838163
|move|p1a: Cyclizar|Draco Meteor|p2a: Landorus
|-damage|p2a: Landorus|0 fnt
|-unboost|p1a: Cyclizar|spa|2
|faint|p2a: Landorus
|
|-heal|p1a: Cyclizar|48/100|[from] Grassy Terrain
|upkeep
|
|t:|1760838191
|switch|p2a: Iron Valiant|Iron Valiant|100/100
|-enditem|p2a: Iron Valiant|Booster Energy
|-activate|p2a: Iron Valiant|ability: Quark Drive|[fromitem]
|-start|p2a: Iron Valiant|quarkdrivespe
|turn|17
|
|t:|1760838195
|move|p1a: Cyclizar|U-turn|p2a: Iron Valiant
|-resisted|p2a: Iron Valiant
|-damage|p2a: Iron Valiant|96/100
|
|t:|1760838197
|switch|p1a: Slowking|Slowking-Galar, F|47/100 par|[from] U-turn
|move|p2a: Iron Valiant|Moonblast|p1a: Slowking
|-resisted|p1a: Slowking
|-damage|p1a: Slowking|35/100 par
|
|-heal|p2a: Iron Valiant|100/100|[from] Grassy Terrain
|-heal|p1a: Slowking|41/100 par|[from] Grassy Terrain
|-fieldend|move: Grassy Terrain
|upkeep
|turn|18
|
|t:|1760838201
|move|p2a: Iron Valiant|Thunderbolt|p1a: Slowking
|-crit|p1a: Slowking
|-damage|p1a: Slowking|20/100 par
|-prepare|p1a: Slowking|Chilly Reception|[premajor]
|move|p1a: Slowking|Chilly Reception|p1a: Slowking
|-weather|Snowscape
|
|t:|1760838204
|switch|p1a: Okidogi|Okidogi, M, tera:Fighting|100/100|[from] Chilly Reception
|
|-weather|Snowscape|[upkeep]
|upkeep
|turn|19
|
|t:|1760838214
|switch|p1a: Slowking|Slowking-Galar, F|53/100 par
|move|p2a: Iron Valiant|Moonblast|p1a: Slowking
|-resisted|p1a: Slowking
|-damage|p1a: Slowking|41/100 par
|
|-weather|Snowscape|[upkeep]
|upkeep
|turn|20
|
|t:|1760838216
|move|p2a: Iron Valiant|Thunderbolt|p1a: Slowking
|-damage|p1a: Slowking|27/100 par
|move|p1a: Slowking|Future Sight|p2a: Iron Valiant
|-start|p1a: Slowking|move: Future Sight
|
|-weather|Snowscape|[upkeep]
|upkeep
|turn|21
|
|t:|1760838220
|move|p2a: Iron Valiant|Thunderbolt|p1a: Slowking
|-damage|p1a: Slowking|11/100 par
|move|p1a: Slowking|Toxic Spikes|p2a: Iron Valiant
|-sidestart|p2: Danxsh17|move: Toxic Spikes
|
|-weather|Snowscape|[upkeep]
|upkeep
|turn|22
|
|t:|1760838229
|switch|p1a: Rillaboom|Rillaboom, M|14/100
|-fieldstart|move: Grassy Terrain|[from] ability: Grassy Surge|[of] p1a: Rillaboom
|move|p2a: Iron Valiant|Moonblast|p1a: Rillaboom
|-damage|p1a: Rillaboom|0 fnt
|faint|p1a: Rillaboom
|
|-weather|none
|-end|p2a: Iron Valiant|move: Future Sight
|-supereffective|p2a: Iron Valiant
|-damage|p2a: Iron Valiant|0 fnt
|faint|p2a: Iron Valiant
|-end|p2a: Iron Valiant|Quark Drive|[silent]
|upkeep
|
|t:|1760838238
|switch|p2a: Hatterene|Hatterene, F|73/100 tox
|switch|p1a: Okidogi|Okidogi, M, tera:Fighting|100/100
|turn|23
|
|t:|1760838243
|move|p1a: Okidogi|Gunk Shot|p2a: Hatterene
|-supereffective|p2a: Hatterene
|-damage|p2a: Hatterene|0 fnt
|faint|p2a: Hatterene
|
|upkeep
|
|t:|1760838246
|switch|p2a: Ogerpon|Ogerpon-Cornerstone, F|100/100
|-status|p2a: Ogerpon|psn
|turn|24
|
|t:|1760838258
|switch|p1a: Cyclizar|Cyclizar, M|81/100
|move|p2a: Ogerpon|Horn Leech|p1a: Cyclizar
|-resisted|p1a: Cyclizar
|-damage|p1a: Cyclizar|28/100
|
|-heal|p1a: Cyclizar|34/100|[from] Grassy Terrain
|-damage|p2a: Ogerpon|88/100 psn|[from] psn
|upkeep
|turn|25
|
|t:|1760838262
|move|p1a: Cyclizar|Draco Meteor|p2a: Ogerpon
|-damage|p2a: Ogerpon|27/100 psn
|-unboost|p1a: Cyclizar|spa|2
|move|p2a: Ogerpon|Ivy Cudgel|p1a: Cyclizar|[anim] Ivy Cudgel Rock
|-crit|p1a: Cyclizar
|-damage|p1a: Cyclizar|0 fnt
|faint|p1a: Cyclizar
|
|-heal|p2a: Ogerpon|33/100 psn|[from] Grassy Terrain
|-damage|p2a: Ogerpon|21/100 psn|[from] psn
|upkeep
|
|t:|1760838265
|switch|p1a: Okidogi|Okidogi, M, tera:Fighting|100/100
|turn|26
|
|t:|1760838268
|move|p1a: Okidogi|Close Combat|p2a: Ogerpon
|-supereffective|p2a: Ogerpon
|-damage|p2a: Ogerpon|0 fnt
|-unboost|p1a: Okidogi|def|1
|-unboost|p1a: Okidogi|spd|1
|faint|p2a: Ogerpon
|
|-fieldend|move: Grassy Terrain
|upkeep
|
|t:|1760838270
|switch|p2a: Zamazenta|Zamazenta|77/100
|-status|p2a: Zamazenta|psn
|turn|27
|
|t:|1760838273
|switch|p1a: Slowking|Slowking-Galar, F|44/100 par
|move|p2a: Zamazenta|Close Combat|p1a: Slowking
|-resisted|p1a: Slowking
|-damage|p1a: Slowking|29/100 par
|-unboost|p2a: Zamazenta|def|1
|-unboost|p2a: Zamazenta|spd|1
|
|-damage|p2a: Zamazenta|65/100 psn|[from] psn
|upkeep
|turn|28
|
|t:|1760838276
|move|p2a: Zamazenta|Crunch|p1a: Slowking
|-supereffective|p1a: Slowking
|-damage|p1a: Slowking|0 fnt
|faint|p1a: Slowking
|
|-damage|p2a: Zamazenta|53/100 psn|[from] psn
|upkeep
|
|t:|1760838278
|switch|p1a: Okidogi|Okidogi, M, tera:Fighting|100/100
|turn|29
|
|t:|1760838280
|move|p1a: Okidogi|Close Combat|p2a: Zamazenta
|-damage|p2a: Zamazenta|0 fnt
|-unboost|p1a: Okidogi|def|1
|-unboost|p1a: Okidogi|spd|1
|faint|p2a: Zamazenta
|
|win|Chris466
|raw|Chris466's rating: 1343 &rarr; <strong>1364</strong><br />(+21 for winning)
|raw|Danxsh17's rating: 1360 &rarr; <strong>1339</strong><br />(-21 for losing)
|l|☆Danxsh17
|player|p2|
