|j|☆obezer
|j|☆peqmen 0.0
|t:|1760778949
|gametype|singles
|player|p1|obezer|170|1182
|player|p2|peqmen 0.0|giovanni|1203
|gen|9
|tier|[Gen 9] OU
|rated|
|rule|HP Percentage Mod: HP is shown in percentages
|rule|Endless Battle Clause: Forcing endless battles is banned
|rule|Species Clause: Limit one of each Pokémon
|rule|OHKO Clause: OHKO moves are banned
|rule|Evasion Items Clause: Evasion items are banned
|rule|Evasion Moves Clause: Evasion moves are banned
|rule|Evasion Abilities Clause: Evasion abilities are banned
|rule|Sleep Moves Clause: Sleep-inducing moves are banned
|clearpoke
|poke|p1|Garchomp, F|
|poke|p1|Salazzle, F|
|poke|p1|Araquanid, F|
|poke|p1|Sinistcha|
|poke|p1|Forretress, F|
|poke|p1|Bellibolt, M|
|poke|p2|Slowking-Galar, M|
|poke|p2|Great Tusk|
|poke|p2|Feraligatr, F|
|poke|p2|Tyranitar, F|
|poke|p2|Drifblim, F|
|poke|p2|Scizor, M|
|teampreview
|inactive|Battle timer is ON: inactive players will automatically lose when time's up. (requested by peqmen 0.0)
|
|t:|1760778975
|teamsize|p1|6
|teamsize|p2|6
|start
|switch|p1a: Araquanid|Araquanid, F|100/100
|switch|p2a: Anti tusk|Drifblim, F|100/100
|turn|1
|
|t:|1760778992
|move|p2a: Anti tusk|Will-O-Wisp|p1a: Araquanid
|-immune|p1a: Araquanid|[from] ability: Water Bubble
|move|p1a: Araquanid|Liquidation|p2a: Anti tusk
|-damage|p2a: Anti tusk|28/100
|
|-heal|p2a: Anti tusk|34/100|[from] item: Leftovers
|upkeep
|turn|2
|
|t:|1760779002
|move|p2a: Anti tusk|Strength Sap|p1a: Araquanid
|-unboost|p1a: Araquanid|atk|1
|-heal|p2a: Anti tusk|86/100
|move|p1a: Araquanid|Liquidation|p2a: Anti tusk
|-damage|p2a: Anti tusk|32/100
|-unboost|p2a: Anti tusk|def|1
|
|-heal|p2a: Anti tusk|38/100|[from] item: Leftovers
|upkeep
|turn|3
|
|t:|1760779010
|move|p2a: Anti tusk|Strength Sap|p1a: Araquanid
|-unboost|p1a: Araquanid|atk|1
|-heal|p2a: Anti tusk|73/100
|move|p1a: Araquanid|Liquidation|p2a: Anti tusk
|-damage|p2a: Anti tusk|16/100
|
|-heal|p2a: Anti tusk|22/100|[from] item: Leftovers
|upkeep
|turn|4
|
|t:|1760779020
|switch|p2a: Feraligatr|Feraligatr, F|100/100
|switch|p1a: Salazzle|Salazzle, F|100/100
|
|upkeep
|turn|5
|
|t:|1760779029
|move|p1a: Salazzle|Substitute|p1a: Salazzle
|-start|p1a: Salazzle|Substitute
|-damage|p1a: Salazzle|75/100
|move|p2a: Feraligatr|Dragon Dance|p2a: Feraligatr
|-boost|p2a: Feraligatr|atk|1
|-boost|p2a: Feraligatr|spe|1
|
|-heal|p1a: Salazzle|82/100|[from] item: Leftovers
|upkeep
|turn|6
|
|t:|1760779034
|move|p2a: Feraligatr|Waterfall|p1a: Salazzle
|-supereffective|p1a: Salazzle
|-end|p1a: Salazzle|Substitute
|move|p1a: Salazzle|Toxic|p2a: Feraligatr
|-status|p2a: Feraligatr|tox
|
|-heal|p1a: Salazzle|88/100|[from] item: Leftovers
|-damage|p2a: Feraligatr|94/100 tox|[from] psn
|upkeep
|turn|7
|
|t:|1760779049
|move|p1a: Salazzle|Protect|p1a: Salazzle
|-singleturn|p1a: Salazzle|Protect
|move|p2a: Feraligatr|Waterfall|p1a: Salazzle
|-activate|p1a: Salazzle|move: Protect
|
|-heal|p1a: Salazzle|94/100|[from] item: Leftovers
|-damage|p2a: Feraligatr|82/100 tox|[from] psn
|upkeep
|turn|8
|inactive|obezer has 120 seconds left.
|inactive|obezer has 90 seconds left.
|inactive|obezer has 60 seconds left.
|
|t:|1760779161
|switch|p1a: Bellibolt|Bellibolt, M|100/100
|move|p2a: Feraligatr|Waterfall|p1a: Bellibolt
|-damage|p1a: Bellibolt|20/100
|-start|p1a: Bellibolt|Charge|Waterfall|[from] ability: Electromorphosis
|
|-damage|p2a: Feraligatr|64/100 tox|[from] psn
|upkeep
|turn|9
|
|t:|1760779178
|switch|p1a: Sinistcha|Sinistcha|100/100
|move|p2a: Feraligatr|Ice Punch|p1a: Sinistcha
|-supereffective|p1a: Sinistcha
|-crit|p1a: Sinistcha
|-damage|p1a: Sinistcha|0 fnt
|faint|p1a: Sinistcha
|
|-damage|p2a: Feraligatr|39/100 tox|[from] psn
|upkeep
|inactive|obezer has 30 seconds left.
|
|t:|1760779196
|switch|p1a: Garchomp|Garchomp, F|100/100
|turn|10
|inactive|obezer has 30 seconds left.
|inactive|obezer has 20 seconds left.
|inactive|obezer has 15 seconds left.
|inactive|obezer has 10 seconds left.
|inactive|obezer has 5 seconds left.
|-message|obezer lost due to inactivity.
|
|win|peqmen 0.0
|raw|obezer's rating: 1182 &rarr; <strong>1159</strong><br />(-23 for losing)
|raw|peqmen 0.0's rating: 1203 &rarr; <strong>1226</strong><br />(+23 for winning)
|l|☆peqmen 0.0
|player|p2|
|l|☆obezer
|player|p1|
