|j|☆RedGrowth
|j|☆espeon_minaj
|inactive|Battle timer is ON: inactive players will automatically lose when time's up.
|t:|1760811779
|gametype|singles
|player|p1|RedGrowth|1|
|player|p2|espeon_minaj|fantina|
|gen|9
|tier|[Gen 9] OU
|rated|Tournament battle
|rule|HP Percentage Mod: HP is shown in percentages
|rule|Endless Battle Clause: Forcing endless battles is banned
|rule|Species Clause: Limit one of each Pokémon
|rule|OHKO Clause: OHKO moves are banned
|rule|Evasion Items Clause: Evasion items are banned
|rule|Evasion Moves Clause: Evasion moves are banned
|rule|Evasion Abilities Clause: Evasion abilities are banned
|rule|Sleep Moves Clause: Sleep-inducing moves are banned
|raw|<div class="infobox"><details class="readmore"><summary><strong>15 custom rules:</strong></summary> -burmy, -caterpie, -combee, -kricketot, -magikarp, -scatterbug, -sunkern, -tynamo, -typenull, -weedle, -wurmple, -cosmog, -blipbug, -snom, -wynaut</details></div>
|clearpoke
|poke|p1|Porygon2|
|poke|p1|Buizel, M|
|poke|p2|Fletchling, M|
|poke|p2|Hypno, M|
|teampreview
|j|*Lady Monita ☀
|
|t:|1760811789
|teamsize|p1|2
|teamsize|p2|2
|start
|switch|p1a: Buizel|Buizel, M|100/100
|switch|p2a: Hypno|Hypno, M|100/100
|turn|1
|c|☆espeon_minaj|GLHF
|
|t:|1760811796
|move|p1a: Buizel|Rain Dance|p1a: Buizel
|-weather|RainDance
|move|p2a: Hypno|Toxic|p1a: Buizel
|-status|p1a: Buizel|tox
|
|-weather|RainDance|[upkeep]
|-damage|p1a: Buizel|95/100 tox|[from] psn
|upkeep
|turn|2
|
|t:|1760811804
|move|p1a: Buizel|Ice Beam|p2a: Hypno
|-damage|p2a: Hypno|89/100
|-status|p2a: Hypno|frz
|cant|p2a: Hypno|frz
|
|-weather|RainDance|[upkeep]
|-heal|p2a: Hypno|95/100 frz|[from] item: Leftovers
|-damage|p1a: Buizel|83/100 tox|[from] psn
|upkeep
|turn|3
|
|t:|1760811814
|switch|p1a: Porygon2|Porygon2|100/100
|-ability|p1a: Porygon2|Download|boost
|-boost|p1a: Porygon2|atk|1
|-curestatus|p2a: Hypno|frz|[msg]
|move|p2a: Hypno|Psychic|p1a: Porygon2
|-damage|p1a: Porygon2|75/100
|
|-weather|RainDance|[upkeep]
|-heal|p1a: Porygon2|81/100|[from] item: Leftovers
|-heal|p2a: Hypno|100/100|[from] item: Leftovers
|upkeep
|turn|4
|
|t:|1760811826
|move|p1a: Porygon2|Thunder|p2a: Hypno
|-damage|p2a: Hypno|82/100
|move|p2a: Hypno|Toxic|p1a: Porygon2
|-status|p1a: Porygon2|tox
|
|-weather|RainDance|[upkeep]
|-heal|p1a: Porygon2|87/100 tox|[from] item: Leftovers
|-heal|p2a: Hypno|88/100|[from] item: Leftovers
|-damage|p1a: Porygon2|81/100 tox|[from] psn
|upkeep
|turn|5
|
|t:|1760811831
|move|p1a: Porygon2|Shadow Ball|p2a: Hypno
|-supereffective|p2a: Hypno
|-damage|p2a: Hypno|60/100
|move|p2a: Hypno|Psychic|p1a: Porygon2
|-damage|p1a: Porygon2|56/100 tox
|
|-weather|none
|-heal|p1a: Porygon2|62/100 tox|[from] item: Leftovers
|-heal|p2a: Hypno|67/100|[from] item: Leftovers
|-damage|p1a: Porygon2|50/100 tox|[from] psn
|upkeep
|turn|6
|
|t:|1760811835
|move|p2a: Hypno|Protect|p2a: Hypno
|-singleturn|p2a: Hypno|Protect
|move|p1a: Porygon2|Shadow Ball|p2a: Hypno
|-activate|p2a: Hypno|move: Protect
|
|-heal|p1a: Porygon2|56/100 tox|[from] item: Leftovers
|-heal|p2a: Hypno|73/100|[from] item: Leftovers
|-damage|p1a: Porygon2|37/100 tox|[from] psn
|upkeep
|turn|7
|
|t:|1760811839
|switch|p2a: Fletchling|Fletchling, M|100/100
|move|p1a: Porygon2|Shadow Ball|p2a: Fletchling
|-immune|p2a: Fletchling
|
|-heal|p1a: Porygon2|44/100 tox|[from] item: Leftovers
|-damage|p1a: Porygon2|19/100 tox|[from] psn
|upkeep
|turn|8
|
|t:|1760811845
|switch|p1a: Buizel|Buizel, M|83/100 tox
|switch|p2a: Hypno|Hypno, M|73/100
|
|-heal|p2a: Hypno|79/100|[from] item: Leftovers
|-damage|p1a: Buizel|77/100 tox|[from] psn
|upkeep
|turn|9
|
|t:|1760811848
|move|p1a: Buizel|Rain Dance|p1a: Buizel
|-weather|RainDance
|move|p2a: Hypno|Psychic|p1a: Buizel
|-damage|p1a: Buizel|20/100 tox
|
|-weather|RainDance|[upkeep]
|-heal|p2a: Hypno|85/100|[from] item: Leftovers
|-damage|p1a: Buizel|8/100 tox|[from] psn
|upkeep
|turn|10
|
|t:|1760811851
|move|p2a: Hypno|Protect|p2a: Hypno
|-singleturn|p2a: Hypno|Protect
|move|p1a: Buizel|Ice Beam|p2a: Hypno
|-activate|p2a: Hypno|move: Protect
|
|-weather|RainDance|[upkeep]
|-heal|p2a: Hypno|91/100|[from] item: Leftovers
|-damage|p1a: Buizel|0 fnt|[from] psn
|faint|p1a: Buizel
|upkeep
|
|t:|1760811854
|switch|p1a: Porygon2|Porygon2|19/100 tox
|-ability|p1a: Porygon2|Download|boost
|-boost|p1a: Porygon2|atk|1
|turn|11
|c|☆espeon_minaj|gg
|
|t:|1760811859
|move|p1a: Porygon2|Shadow Ball|p2a: Hypno
|-supereffective|p2a: Hypno
|-damage|p2a: Hypno|64/100
|move|p2a: Hypno|Psychic|p1a: Porygon2
|-damage|p1a: Porygon2|0 fnt
|faint|p1a: Porygon2
|
|win|espeon_minaj
|n|☆RedGrowth|redgrowth
|n|☆espeon_minaj|espeonminaj
|n|*Lady Monita ☀|ladymonita
