|j|☆lordfender
|j|☆adriicarrascoo
|t:|1760728253
|gametype|singles
|player|p1|lordfender|1|1155
|player|p2|adriicarrascoo|drayden|1207
|gen|9
|tier|[Gen 9] OU
|rated|
|rule|HP Percentage Mod: HP is shown in percentages
|rule|Endless Battle Clause: Forcing endless battles is banned
|rule|Species Clause: Limit one of each Pokémon
|rule|OHKO Clause: OHKO moves are banned
|rule|Evasion Items Clause: Evasion items are banned
|rule|Evasion Moves Clause: Evasion moves are banned
|rule|Evasion Abilities Clause: Evasion abilities are banned
|rule|Sleep Moves Clause: Sleep-inducing moves are banned
|clearpoke
|poke|p1|Primarina, F|
|poke|p1|Dragonite, F|
|poke|p1|Great Tusk|
|poke|p1|Moltres|
|poke|p1|Gholdengo|
|poke|p1|Ogerpon-Wellspring, F|
|poke|p2|Dragapult, F|
|poke|p2|Jolteon, F|
|poke|p2|Komala, M|
|poke|p2|Dragonite, F|
|poke|p2|Venusaur, F|
|poke|p2|Gliscor, F|
|teampreview
|inactive|Battle timer is ON: inactive players will automatically lose when time's up. (requested by lordfender)
|
|t:|1760728261
|teamsize|p1|6
|teamsize|p2|6
|start
|switch|p1a: Primarina|Primarina, F|100/100
|switch|p2a: Jolteon|Jolteon, F|100/100
|turn|1
|
|t:|1760728268
|switch|p1a: Great Tusk|Great Tusk|100/100
|move|p2a: Jolteon|Alluring Voice|p1a: Great Tusk
|-supereffective|p1a: Great Tusk
|-damage|p1a: Great Tusk|0 fnt
|faint|p1a: Great Tusk
|-end|p1a: Great Tusk|Protosynthesis|[silent]
|
|upkeep
|
|t:|1760728278
|switch|p1a: Dragonite|Dragonite, F|100/100
|turn|2
|
|t:|1760728297
|switch|p2a: Dragonite|Dragonite, F|100/100
|move|p1a: Dragonite|Dragon Dance|p1a: Dragonite
|-boost|p1a: Dragonite|atk|1
|-boost|p1a: Dragonite|spe|1
|
|upkeep
|turn|3
|
|t:|1760728305
|move|p2a: Dragonite|Extreme Speed|p1a: Dragonite
|-crit|p1a: Dragonite
|-damage|p1a: Dragonite|77/100
|move|p1a: Dragonite|Ice Spinner|p2a: Dragonite
|-supereffective|p2a: Dragonite
|-damage|p2a: Dragonite|0 fnt
|faint|p2a: Dragonite
|
|upkeep
|
|t:|1760728315
|switch|p2a: Dragapult|Dragapult, F|100/100
|turn|4
|
|t:|1760728322
|switch|p1a: Primarina|Primarina, F|100/100
|move|p2a: Dragapult|Dragon Darts|p1a: Primarina
|-immune|p1a: Primarina
|
|upkeep
|turn|5
|
|t:|1760728329
|move|p2a: Dragapult|U-turn|p1a: Primarina
|-resisted|p1a: Primarina
|-damage|p1a: Primarina|85/100
|
|t:|1760728336
|switch|p2a: Jolteon|Jolteon, F|100/100|[from] U-turn
|move|p1a: Primarina|Flip Turn|p2a: Jolteon
|-damage|p2a: Jolteon|72/100
|
|t:|1760728354
|switch|p1a: Gholdengo|Gholdengo|100/100|[from] Flip Turn
|
|upkeep
|turn|6
|
|t:|1760728362
|move|p1a: Gholdengo|Shadow Ball|p2a: Jolteon
|-damage|p2a: Jolteon|16/100
|move|p2a: Jolteon|Shadow Ball|p1a: Gholdengo
|-supereffective|p1a: Gholdengo
|-damage|p1a: Gholdengo|12/100
|
|upkeep
|turn|7
|
|t:|1760728373
|switch|p1a: Ogerpon|Ogerpon-Wellspring, F|100/100
|switch|p2a: Komala|Komala, M|100/100
|-ability|p2a: Komala|Comatose
|
|upkeep
|turn|8
|
|t:|1760728382
|move|p1a: Ogerpon|Spikes|p2a: Komala
|-sidestart|p2: adriicarrascoo|Spikes
|move|p2a: Komala|Knock Off|p1a: Ogerpon
|-damage|p1a: Ogerpon|73/100
|
|upkeep
|turn|9
|
|t:|1760728388
|move|p1a: Ogerpon|Knock Off|p2a: Komala
|-damage|p2a: Komala|42/100
|-enditem|p2a: Komala|Assault Vest|[from] move: Knock Off|[of] p1a: Ogerpon
|move|p2a: Komala|Rapid Spin|p1a: Ogerpon
|-damage|p1a: Ogerpon|41/100
|-boost|p2a: Komala|spe|1
|-sideend|p2: adriicarrascoo|Spikes|[from] move: Rapid Spin|[of] p2a: Komala
|
|upkeep
|turn|10
|
|t:|1760728396
|move|p1a: Ogerpon|Ivy Cudgel|p2a: Komala|[anim] Ivy Cudgel Water
|-damage|p2a: Komala|0 fnt
|faint|p2a: Komala
|
|upkeep
|
|t:|1760728399
|switch|p2a: Jolteon|Jolteon, F|16/100
|turn|11
|
|t:|1760728408
|switch|p1a: Dragonite|Dragonite, F|77/100
|move|p2a: Jolteon|Volt Switch|p1a: Dragonite
|-damage|p1a: Dragonite|24/100
|
|t:|1760728416
|switch|p2a: Dragapult|Dragapult, F|100/100|[from] Volt Switch
|
|upkeep
|turn|12
|
|t:|1760728421
|move|p2a: Dragapult|Phantom Force||[still]
|-prepare|p2a: Dragapult|Phantom Force
|move|p1a: Dragonite|Ice Spinner|p2a: Dragapult|[miss]
|-miss|p1a: Dragonite|p2a: Dragapult
|
|upkeep
|turn|13
|
|t:|1760728430
|move|p2a: Dragapult|Phantom Force|p1a: Dragonite|[from] lockedmove
|-damage|p1a: Dragonite|0 fnt
|faint|p1a: Dragonite
|
|upkeep
|
|t:|1760728433
|switch|p1a: Gholdengo|Gholdengo|12/100
|turn|14
|
|t:|1760728441
|move|p1a: Gholdengo|Shadow Ball|p2a: Dragapult
|-supereffective|p2a: Dragapult
|-damage|p2a: Dragapult|0 fnt
|faint|p2a: Dragapult
|
|upkeep
|
|t:|1760728448
|switch|p2a: Gliscor|Gliscor, F|100/100
|turn|15
|
|t:|1760728452
|switch|p1a: Primarina|Primarina, F|85/100
|-terastallize|p2a: Gliscor|Normal
|move|p2a: Gliscor|Swords Dance|p2a: Gliscor
|-boost|p2a: Gliscor|atk|2
|
|-status|p2a: Gliscor|tox|[from] item: Toxic Orb
|upkeep
|turn|16
|
|t:|1760728466
|move|p2a: Gliscor|Facade|p1a: Primarina
|-damage|p1a: Primarina|0 fnt
|faint|p1a: Primarina
|
|upkeep
|
|t:|1760728469
|switch|p1a: Moltres|Moltres|100/100
|turn|17
|
|t:|1760728472
|move|p2a: Gliscor|Facade|p1a: Moltres
|-damage|p1a: Moltres|15/100
|move|p1a: Moltres|Roar|p2a: Gliscor
|drag|p2a: Jolteon|Jolteon, F|16/100
|
|upkeep
|turn|18
|
|t:|1760728481
|move|p2a: Jolteon|Volt Switch|p1a: Moltres
|-supereffective|p1a: Moltres
|-damage|p1a: Moltres|0 fnt
|faint|p1a: Moltres
|
|t:|1760728490
|switch|p2a: Venusaur|Venusaur, F|100/100|[from] Volt Switch
|
|upkeep
|
|t:|1760728496
|switch|p1a: Ogerpon|Ogerpon-Wellspring, F|41/100
|turn|19
|
|t:|1760728505
|move|p1a: Ogerpon|Knock Off|p2a: Venusaur
|-damage|p2a: Venusaur|61/100
|-enditem|p2a: Venusaur|Leftovers|[from] move: Knock Off|[of] p1a: Ogerpon
|move|p2a: Venusaur|Sludge Bomb|p1a: Ogerpon
|-supereffective|p1a: Ogerpon
|-damage|p1a: Ogerpon|0 fnt
|faint|p1a: Ogerpon
|
|upkeep
|
|t:|1760728511
|switch|p1a: Gholdengo|Gholdengo|12/100
|turn|20
|
|t:|1760728524
|move|p2a: Venusaur|Protect|p2a: Venusaur
|-singleturn|p2a: Venusaur|Protect
|move|p1a: Gholdengo|Shadow Ball|p2a: Venusaur
|-activate|p2a: Venusaur|move: Protect
|
|upkeep
|turn|21
|-message|lordfender forfeited.
|
|win|adriicarrascoo
|raw|lordfender's rating: 1155 &rarr; <strong>1134</strong><br />(-21 for losing)
|raw|adriicarrascoo's rating: 1207 &rarr; <strong>1228</strong><br />(+21 for winning)
|l|☆lordfender
|player|p1|
|l|☆adriicarrascoo
|player|p2|
