|j|☆hacksareus10
|j|☆snakexpert552
|t:|1760734723
|gametype|singles
|player|p1|hacksareus10|2|1350
|player|p2|snakexpert552|steven|1326
|gen|9
|tier|[Gen 9] OU
|rated|
|rule|HP Percentage Mod: HP is shown in percentages
|rule|Endless Battle Clause: Forcing endless battles is banned
|rule|Species Clause: Limit one of each Pokémon
|rule|OHKO Clause: OHKO moves are banned
|rule|Evasion Items Clause: Evasion items are banned
|rule|Evasion Moves Clause: Evasion moves are banned
|rule|Evasion Abilities Clause: Evasion abilities are banned
|rule|Sleep Moves Clause: Sleep-inducing moves are banned
|clearpoke
|poke|p1|Walking Wake|
|poke|p1|Ninetales, M|
|poke|p1|Corviknight, M|
|poke|p1|Landorus-Therian, M|
|poke|p1|Armarouge, F|
|poke|p1|Arboliva, M|
|poke|p2|Ceruledge, F|
|poke|p2|Ninetales, M|
|poke|p2|Leavanny, F|
|poke|p2|Great Tusk|
|poke|p2|Dragonite, F|
|poke|p2|Walking Wake|
|teampreview
|inactive|Battle timer is ON: inactive players will automatically lose when time's up. (requested by hacksareus10)
|
|t:|1760734745
|teamsize|p1|6
|teamsize|p2|6
|start
|switch|p1a: Landorus|Landorus-Therian, M|100/100
|switch|p2a: Great Tusk|Great Tusk|100/100
|-ability|p1a: Landorus|Intimidate|boost
|-unboost|p2a: Great Tusk|atk|1
|turn|1
|
|t:|1760734755
|switch|p1a: Armarouge|Armarouge, F|100/100
|move|p2a: Great Tusk|Ice Spinner|p1a: Armarouge
|-resisted|p1a: Armarouge
|-damage|p1a: Armarouge|91/100
|-ability|p1a: Armarouge|Weak Armor|boost
|-unboost|p1a: Armarouge|def|1
|-boost|p1a: Armarouge|spe|2
|
|upkeep
|turn|2
|
|t:|1760734764
|move|p1a: Armarouge|Endure|p1a: Armarouge
|-singleturn|p1a: Armarouge|move: Endure
|move|p2a: Great Tusk|Headlong Rush|p1a: Armarouge
|-supereffective|p1a: Armarouge
|-activate|p1a: Armarouge|move: Endure
|-damage|p1a: Armarouge|1/100
|-unboost|p2a: Great Tusk|def|1
|-unboost|p2a: Great Tusk|spd|1
|-ability|p1a: Armarouge|Weak Armor|boost
|-unboost|p1a: Armarouge|def|1
|-boost|p1a: Armarouge|spe|2
|-enditem|p1a: Armarouge|Weakness Policy
|-boost|p1a: Armarouge|atk|2|[from] item: Weakness Policy
|-boost|p1a: Armarouge|spa|2|[from] item: Weakness Policy
|
|upkeep
|turn|3
|
|t:|1760734780
|-end|p2a: Great Tusk|Protosynthesis|[silent]
|switch|p2a: Leavanny|Leavanny, F|100/100
|move|p1a: Armarouge|Stored Power|p2a: Leavanny
|-damage|p2a: Leavanny|0 fnt
|faint|p2a: Leavanny
|
|upkeep
|
|t:|1760734782
|switch|p2a: Ceruledge|Ceruledge, F|100/100
|turn|4
|
|t:|1760734799
|switch|p1a: Corviknight|Corviknight, M|100/100
|-ability|p1a: Corviknight|Pressure
|move|p2a: Ceruledge|Shadow Sneak|p1a: Corviknight
|-damage|p1a: Corviknight|86/100
|-damage|p2a: Ceruledge|84/100|[from] item: Rocky Helmet|[of] p1a: Corviknight
|
|upkeep
|turn|5
|
|t:|1760734811
|switch|p1a: Walking Wake|Walking Wake|100/100
|move|p2a: Ceruledge|Swords Dance|p2a: Ceruledge
|-boost|p2a: Ceruledge|atk|2
|
|upkeep
|turn|6
|
|t:|1760734820
|switch|p2a: Walking Wake|Walking Wake|100/100
|move|p1a: Walking Wake|Hydro Steam|p2a: Walking Wake
|-resisted|p2a: Walking Wake
|-damage|p2a: Walking Wake|83/100
|
|upkeep
|turn|7
|
|t:|1760734841
|-end|p1a: Walking Wake|Protosynthesis|[silent]
|switch|p1a: Armarouge|Armarouge, F|1/100
|move|p2a: Walking Wake|Draco Meteor|p1a: Armarouge
|-damage|p1a: Armarouge|0 fnt
|-unboost|p2a: Walking Wake|spa|2
|faint|p1a: Armarouge
|
|upkeep
|
|t:|1760734852
|switch|p1a: Walking Wake|Walking Wake|100/100
|turn|8
|
|t:|1760734855
|move|p1a: Walking Wake|Draco Meteor|p2a: Walking Wake
|-supereffective|p2a: Walking Wake
|-damage|p2a: Walking Wake|0 fnt
|-unboost|p1a: Walking Wake|spa|2
|faint|p2a: Walking Wake
|-end|p2a: Walking Wake|Protosynthesis|[silent]
|
|upkeep
|
|t:|1760734864
|switch|p2a: Ninetales|Ninetales, M|100/100
|-weather|SunnyDay|[from] ability: Drought|[of] p2a: Ninetales
|-activate|p1a: Walking Wake|ability: Protosynthesis
|-start|p1a: Walking Wake|protosynthesisspe
|turn|9
|
|t:|1760734871
|move|p1a: Walking Wake|Draco Meteor|p2a: Ninetales
|-damage|p2a: Ninetales|53/100
|-unboost|p1a: Walking Wake|spa|2
|move|p2a: Ninetales|Healing Wish|p2a: Ninetales
|faint|p2a: Ninetales
|
|-weather|SunnyDay|[upkeep]
|upkeep
|
|t:|1760734875
|switch|p2a: Dragonite|Dragonite, F|100/100
|turn|10
|
|t:|1760734888
|-end|p1a: Walking Wake|Protosynthesis|[silent]
|switch|p1a: Arboliva|Arboliva, M|100/100
|-terastallize|p2a: Dragonite|Fairy
|move|p2a: Dragonite|Dragon Dance|p2a: Dragonite
|-boost|p2a: Dragonite|atk|1
|-boost|p2a: Dragonite|spe|1
|
|-weather|SunnyDay|[upkeep]
|upkeep
|turn|11
|
|t:|1760734904
|move|p2a: Dragonite|Dragon Dance|p2a: Dragonite
|-boost|p2a: Dragonite|atk|1
|-boost|p2a: Dragonite|spe|1
|move|p1a: Arboliva|Leech Seed|p2a: Dragonite
|-start|p2a: Dragonite|move: Leech Seed
|
|-weather|SunnyDay|[upkeep]
|-damage|p2a: Dragonite|88/100|[from] Leech Seed|[of] p1a: Arboliva
|upkeep
|turn|12
|
|t:|1760734913
|move|p2a: Dragonite|Dragon Dance|p2a: Dragonite
|-boost|p2a: Dragonite|atk|1
|-boost|p2a: Dragonite|spe|1
|move|p1a: Arboliva|Substitute|p1a: Arboliva
|-start|p1a: Arboliva|Substitute
|-damage|p1a: Arboliva|75/100
|
|-weather|SunnyDay|[upkeep]
|-damage|p2a: Dragonite|76/100|[from] Leech Seed|[of] p1a: Arboliva
|-heal|p1a: Arboliva|87/100|[silent]
|upkeep
|turn|13
|
|t:|1760734923
|move|p1a: Arboliva|Protect|p1a: Arboliva
|-singleturn|p1a: Arboliva|Protect
|move|p2a: Dragonite|Roost|p2a: Dragonite
|-heal|p2a: Dragonite|100/100
|
|-weather|SunnyDay|[upkeep]
|-damage|p2a: Dragonite|88/100|[from] Leech Seed|[of] p1a: Arboliva
|-heal|p1a: Arboliva|98/100|[silent]
|upkeep
|turn|14
|
|t:|1760734938
|-terastallize|p1a: Arboliva|Ghost
|move|p2a: Dragonite|Tera Blast|p1a: Arboliva|[anim] Tera Blast Fairy
|-end|p1a: Arboliva|Substitute
|move|p1a: Arboliva|Tera Blast|p2a: Dragonite|[anim] Tera Blast Ghost
|-damage|p2a: Dragonite|52/100
|
|-weather|SunnyDay|[upkeep]
|-damage|p2a: Dragonite|40/100|[from] Leech Seed|[of] p1a: Arboliva
|-heal|p1a: Arboliva|100/100|[silent]
|upkeep
|turn|15
|
|t:|1760734950
|move|p2a: Dragonite|Tera Blast|p1a: Arboliva|[anim] Tera Blast Fairy
|-damage|p1a: Arboliva|0 fnt
|faint|p1a: Arboliva
|
|-weather|SunnyDay|[upkeep]
|upkeep
|
|t:|1760734967
|switch|p1a: Ninetales|Ninetales, M|100/100
|turn|16
|
|t:|1760734972
|move|p2a: Dragonite|Roost|p2a: Dragonite
|-heal|p2a: Dragonite|90/100
|move|p1a: Ninetales|Will-O-Wisp|p2a: Dragonite
|-status|p2a: Dragonite|brn
|
|-weather|none
|-damage|p2a: Dragonite|77/100 brn|[from] Leech Seed|[of] p1a: Ninetales
|-damage|p2a: Dragonite|71/100 brn|[from] brn
|upkeep
|turn|17
|
|t:|1760734989
|switch|p1a: Landorus|Landorus-Therian, M|100/100
|-ability|p1a: Landorus|Intimidate|boost
|-unboost|p2a: Dragonite|atk|1
|move|p2a: Dragonite|Earthquake|p1a: Landorus
|-immune|p1a: Landorus
|
|-damage|p2a: Dragonite|59/100 brn|[from] Leech Seed|[of] p1a: Landorus
|-damage|p2a: Dragonite|53/100 brn|[from] brn
|upkeep
|turn|18
|
|t:|1760735000
|move|p2a: Dragonite|Tera Blast|p1a: Landorus|[anim] Tera Blast Fairy
|-damage|p1a: Landorus|47/100
|move|p1a: Landorus|Earthquake|p2a: Dragonite
|-damage|p2a: Dragonite|0 fnt
|faint|p2a: Dragonite
|
|upkeep
|-message|snakexpert552 forfeited.
|
|win|hacksareus10
|raw|hacksareus10's rating: 1350 &rarr; <strong>1369</strong><br />(+19 for winning)
|raw|snakexpert552's rating: 1326 &rarr; <strong>1307</strong><br />(-19 for losing)
|l|☆snakexpert552
|player|p2|
|l|☆hacksareus10
|player|p1|
