|j|☆Demonfromthemist
|j|☆viutil
|t:|1760875211
|gametype|singles
|player|p1|Demonfromthemist|2|1520
|player|p2|viutil|170|1591
|gen|9
|tier|[Gen 9] OU
|rated|
|rule|HP Percentage Mod: HP is shown in percentages
|rule|Endless Battle Clause: Forcing endless battles is banned
|rule|Species Clause: Limit one of each Pokémon
|rule|OHKO Clause: OHKO moves are banned
|rule|Evasion Items Clause: Evasion items are banned
|rule|Evasion Moves Clause: Evasion moves are banned
|rule|Evasion Abilities Clause: Evasion abilities are banned
|rule|Sleep Moves Clause: Sleep-inducing moves are banned
|clearpoke
|poke|p1|Ogerpon, F|
|poke|p1|Rillaboom, F|
|poke|p1|Great Tusk|
|poke|p1|Gholdengo|
|poke|p1|Moltres|
|poke|p1|Muk-Alola, F|
|poke|p2|Gholdengo|
|poke|p2|Iron Crown|
|poke|p2|Kyurem|
|poke|p2|Cinderace, M|
|poke|p2|Rillaboom, M|
|poke|p2|Great Tusk|
|teampreview
|
|t:|1760875222
|teamsize|p1|6
|teamsize|p2|6
|start
|switch|p1a: Ogerpon|Ogerpon, F|100/100
|switch|p2a: Cinderace|Cinderace, M|100/100
|turn|1
|
|t:|1760875249
|switch|p2a: Gholdengo|Gholdengo|100/100
|-terastallize|p1a: Ogerpon|Grass
|detailschange|p1a: Ogerpon|Ogerpon-Teal-Tera, F, tera:Grass
|-ability|p1a: Ogerpon|Embody Aspect (Teal)|boost
|-boost|p1a: Ogerpon|spe|1
|move|p1a: Ogerpon|U-turn|p2a: Gholdengo
|-resisted|p2a: Gholdengo
|-damage|p2a: Gholdengo|91/100
|
|t:|1760875254
|switch|p1a: Tyrantr|Muk-Alola, F|100/100|[from] U-turn
|
|upkeep
|turn|2
|
|t:|1760875264
|move|p2a: Gholdengo|Trick|p1a: Tyrantr
|-activate|p2a: Gholdengo|move: Trick|[of] p1a: Tyrantr
|-item|p1a: Tyrantr|Choice Scarf|[from] move: Trick
|-item|p2a: Gholdengo|Assault Vest|[from] move: Trick
|move|p1a: Tyrantr|Knock Off|p2a: Gholdengo
|-supereffective|p2a: Gholdengo
|-damage|p2a: Gholdengo|6/100
|-enditem|p2a: Gholdengo|Assault Vest|[from] move: Knock Off|[of] p1a: Tyrantr
|
|upkeep
|turn|3
|inactive|Battle timer is ON: inactive players will automatically lose when time's up. (requested by viutil)
|l|☆Demonfromthemist
|inactive|Demonfromthemist disconnected and has a minute to reconnect!
|player|p1|
|j|☆Demonfromthemist
|inactive|Demonfromthemist reconnected and has 130 seconds left.
|player|p1|Demonfromthemist|2|
|
|t:|1760875325
|switch|p2a: Great Tusk|Great Tusk|100/100
|move|p1a: Tyrantr|Knock Off|p2a: Great Tusk
|-resisted|p2a: Great Tusk
|-damage|p2a: Great Tusk|85/100
|-enditem|p2a: Great Tusk|Leftovers|[from] move: Knock Off|[of] p1a: Tyrantr
|
|upkeep
|turn|4
|
|t:|1760875337
|switch|p1a: Moltres|Moltres|100/100
|move|p2a: Great Tusk|Knock Off|p1a: Moltres
|-damage|p1a: Moltres|77/100
|-enditem|p1a: Moltres|Heavy-Duty Boots|[from] move: Knock Off|[of] p2a: Great Tusk
|
|upkeep
|turn|5
|l|☆Demonfromthemist
|inactive|Demonfromthemist disconnected and has a minute to reconnect!
|player|p1|
|inactive|Demonfromthemist has 30 seconds to reconnect!
|j|☆Demonfromthemist
|inactive|Demonfromthemist reconnected and has 100 seconds left.
|player|p1|Demonfromthemist|2|
|
|t:|1760875394
|-end|p2a: Great Tusk|Protosynthesis|[silent]
|switch|p2a: Gholdengo|Gholdengo|6/100
|move|p1a: Moltres|Brave Bird|p2a: Gholdengo
|-resisted|p2a: Gholdengo
|-damage|p2a: Gholdengo|0 fnt
|faint|p2a: Gholdengo
|-damage|p1a: Moltres|75/100|[from] Recoil
|
|upkeep
|
|t:|1760875407
|switch|p2a: Kyurem|Kyurem|100/100
|-ability|p2a: Kyurem|Pressure
|turn|6
|l|☆Demonfromthemist
|inactive|Demonfromthemist disconnected and has a minute to reconnect!
|player|p1|
|j|☆Demonfromthemist
|inactive|Demonfromthemist reconnected and has 80 seconds left.
|player|p1|Demonfromthemist|2|
|
|t:|1760875452
|move|p2a: Kyurem|Dragon Dance|p2a: Kyurem
|-boost|p2a: Kyurem|atk|1
|-boost|p2a: Kyurem|spe|1
|move|p1a: Moltres|U-turn|p2a: Kyurem
|-damage|p2a: Kyurem|84/100
|
|t:|1760875454
|switch|p1a: Gholdengo|Gholdengo|100/100|[from] U-turn
|
|upkeep
|turn|7
|
|t:|1760875461
|switch|p2a: Iron Crown|Iron Crown|100/100
|move|p1a: Gholdengo|Make It Rain|p2a: Iron Crown
|-resisted|p2a: Iron Crown
|-damage|p2a: Iron Crown|45/100
|-unboost|p1a: Gholdengo|spa|1
|
|upkeep
|turn|8
|
|t:|1760875465
|switch|p1a: Tyrantr|Muk-Alola, F|100/100
|move|p2a: Iron Crown|Agility|p2a: Iron Crown
|-boost|p2a: Iron Crown|spe|2
|
|upkeep
|turn|9
|
|t:|1760875470
|move|p2a: Iron Crown|Tachyon Cutter|p1a: Tyrantr
|-damage|p1a: Tyrantr|81/100
|-damage|p1a: Tyrantr|62/100
|-hitcount|p1a: Tyrantr|2
|move|p1a: Tyrantr|Knock Off|p2a: Iron Crown
|-supereffective|p2a: Iron Crown
|-damage|p2a: Iron Crown|0 fnt
|-enditem|p2a: Iron Crown|Weakness Policy|[from] move: Knock Off|[of] p1a: Tyrantr
|faint|p2a: Iron Crown
|-end|p2a: Iron Crown|Quark Drive|[silent]
|
|upkeep
|
|t:|1760875479
|switch|p2a: Cinderace|Cinderace, M|100/100
|turn|10
|
|t:|1760875482
|move|p2a: Cinderace|Pyro Ball|p1a: Tyrantr
|-damage|p1a: Tyrantr|0 fnt
|faint|p1a: Tyrantr
|
|upkeep
|
|t:|1760875487
|switch|p1a: Ogerpon|Ogerpon-Teal-Tera, F, tera:Grass|100/100
|-ability|p1a: Ogerpon|Embody Aspect (Teal)|boost
|-boost|p1a: Ogerpon|spe|1
|turn|11
|
|t:|1760875489
|move|p1a: Ogerpon|U-turn|p2a: Cinderace
|-resisted|p2a: Cinderace
|-damage|p2a: Cinderace|75/100
|
|t:|1760875491
|switch|p1a: Great Tusk|Great Tusk|100/100|[from] U-turn
|move|p2a: Cinderace|U-turn|p1a: Great Tusk
|-start|p2a: Cinderace|typechange|Bug|[from] ability: Libero
|-resisted|p1a: Great Tusk
|-damage|p1a: Great Tusk|89/100
|
|t:|1760875515
|switch|p2a: Great Tusk|Great Tusk|85/100|[from] U-turn
|
|upkeep
|turn|12
|
|t:|1760875522
|move|p2a: Great Tusk|Ice Spinner|p1a: Great Tusk
|-supereffective|p1a: Great Tusk
|-damage|p1a: Great Tusk|51/100
|move|p1a: Great Tusk|Stealth Rock|p2a: Great Tusk
|-sidestart|p2: viutil|move: Stealth Rock
|
|upkeep
|turn|13
|
|t:|1760875527
|-end|p1a: Great Tusk|Protosynthesis|[silent]
|switch|p1a: Gholdengo|Gholdengo|100/100
|move|p2a: Great Tusk|Knock Off|p1a: Gholdengo
|-supereffective|p1a: Gholdengo
|-crit|p1a: Gholdengo
|-damage|p1a: Gholdengo|0 fnt
|-enditem|p1a: Gholdengo|Choice Specs|[from] move: Knock Off|[of] p2a: Great Tusk
|faint|p1a: Gholdengo
|
|upkeep
|
|t:|1760875530
|switch|p1a: Ogerpon|Ogerpon-Teal-Tera, F, tera:Grass|100/100
|-ability|p1a: Ogerpon|Embody Aspect (Teal)|boost
|-boost|p1a: Ogerpon|spe|1
|turn|14
|
|t:|1760875542
|-end|p2a: Great Tusk|Protosynthesis|[silent]
|switch|p2a: Cinderace|Cinderace, M|75/100
|move|p1a: Ogerpon|Power Whip|p2a: Cinderace
|-resisted|p2a: Cinderace
|-damage|p2a: Cinderace|0 fnt
|faint|p2a: Cinderace
|
|upkeep
|
|t:|1760875549
|switch|p2a: Rillaboom|Rillaboom, M|100/100
|-damage|p2a: Rillaboom|88/100|[from] Stealth Rock
|-fieldstart|move: Grassy Terrain|[from] ability: Grassy Surge|[of] p2a: Rillaboom
|turn|15
|
|t:|1760875551
|switch|p1a: Moltres|Moltres|75/100
|move|p2a: Rillaboom|U-turn|p1a: Moltres
|-resisted|p1a: Moltres
|-damage|p1a: Moltres|69/100
|
|t:|1760875560
|switch|p2a: Great Tusk|Great Tusk|85/100|[from] U-turn
|-damage|p2a: Great Tusk|82/100|[from] Stealth Rock
|
|-heal|p2a: Great Tusk|88/100|[from] Grassy Terrain
|upkeep
|turn|16
|
|t:|1760875562
|move|p2a: Great Tusk|Rapid Spin|p1a: Moltres
|-damage|p1a: Moltres|56/100
|-boost|p2a: Great Tusk|spe|1
|-sideend|p2: viutil|Stealth Rock|[from] move: Rapid Spin|[of] p2a: Great Tusk
|move|p1a: Moltres|Brave Bird|p2a: Great Tusk
|-supereffective|p2a: Great Tusk
|-crit|p2a: Great Tusk
|-damage|p2a: Great Tusk|0 fnt
|faint|p2a: Great Tusk
|-end|p2a: Great Tusk|Protosynthesis|[silent]
|-damage|p1a: Moltres|28/100|[from] Recoil
|
|upkeep
|
|t:|1760875565
|switch|p2a: Kyurem|Kyurem|84/100
|-ability|p2a: Kyurem|Pressure
|turn|17
|
|t:|1760875567
|move|p2a: Kyurem|Dragon Dance|p2a: Kyurem
|-boost|p2a: Kyurem|atk|1
|-boost|p2a: Kyurem|spe|1
|move|p1a: Moltres|Roar|p2a: Kyurem
|drag|p2a: Rillaboom|Rillaboom, M|88/100
|
|-heal|p2a: Rillaboom|94/100|[from] Grassy Terrain
|upkeep
|turn|18
|
|t:|1760875570
|move|p2a: Rillaboom|Wood Hammer|p1a: Moltres
|-resisted|p1a: Moltres
|-damage|p1a: Moltres|6/100
|-damage|p2a: Rillaboom|86/100|[from] Recoil
|move|p1a: Moltres|Brave Bird|p2a: Rillaboom
|-supereffective|p2a: Rillaboom
|-damage|p2a: Rillaboom|0 fnt
|faint|p2a: Rillaboom
|-damage|p1a: Moltres|0 fnt|[from] Recoil
|faint|p1a: Moltres
|
|upkeep
|
|t:|1760875579
|switch|p2a: Kyurem|Kyurem|84/100
|switch|p1a: Ogerpon|Ogerpon-Teal-Tera, F, tera:Grass|100/100
|-ability|p1a: Ogerpon|Embody Aspect (Teal)|boost
|-boost|p1a: Ogerpon|spe|1
|-ability|p2a: Kyurem|Pressure
|turn|19
|
|t:|1760875582
|move|p1a: Ogerpon|Rock Tomb|p2a: Kyurem
|-supereffective|p2a: Kyurem
|-crit|p2a: Kyurem
|-damage|p2a: Kyurem|0 fnt
|faint|p2a: Kyurem
|
|win|Demonfromthemist
|raw|Demonfromthemist's rating: 1520 &rarr; <strong>1544</strong><br />(+24 for winning)
|raw|viutil's rating: 1591 &rarr; <strong>1567</strong><br />(-24 for losing)
|l|☆viutil
|player|p2|
|l|☆Demonfromthemist
|player|p1|
