|j|☆crackstone
|j|☆Volga123
|t:|1760867053
|gametype|singles
|player|p1|crackstone|266|1386
|player|p2|Volga123|cynthia|1336
|gen|9
|tier|[Gen 9] OU
|rated|
|rule|HP Percentage Mod: HP is shown in percentages
|rule|Endless Battle Clause: Forcing endless battles is banned
|rule|Species Clause: Limit one of each Pokémon
|rule|OHKO Clause: OHKO moves are banned
|rule|Evasion Items Clause: Evasion items are banned
|rule|Evasion Moves Clause: Evasion moves are banned
|rule|Evasion Abilities Clause: Evasion abilities are banned
|rule|Sleep Moves Clause: Sleep-inducing moves are banned
|clearpoke
|poke|p1|Kingambit, F|
|poke|p1|Iron Valiant|
|poke|p1|Landorus-Therian, M|
|poke|p1|Keldeo|
|poke|p1|Iron Moth|
|poke|p1|Dragapult, M|
|poke|p2|Araquanid, F|
|poke|p2|Politoed, M|
|poke|p2|Raging Bolt|
|poke|p2|Donphan, F|
|poke|p2|Iron Jugulis|
|poke|p2|Clodsire, M|
|teampreview
|inactive|Battle timer is ON: inactive players will automatically lose when time's up. (requested by crackstone)
|
|t:|1760867062
|teamsize|p1|6
|teamsize|p2|6
|start
|switch|p1a: Dragapult|Dragapult, M, shiny|100/100
|switch|p2a: Politoed|Politoed, M|100/100
|-weather|RainDance|[from] ability: Drizzle|[of] p2a: Politoed
|turn|1
|
|t:|1760867068
|move|p1a: Dragapult|Thunderbolt|p2a: Politoed
|-supereffective|p2a: Politoed
|-damage|p2a: Politoed|39/100
|-damage|p1a: Dragapult|91/100|[from] item: Life Orb
|move|p2a: Politoed|Ice Beam|p1a: Dragapult
|-supereffective|p1a: Dragapult
|-damage|p1a: Dragapult|14/100
|
|-weather|RainDance|[upkeep]
|upkeep
|turn|2
|
|t:|1760867076
|switch|p2a: Clodsire|Clodsire, M|100/100
|move|p1a: Dragapult|Shadow Ball|p2a: Clodsire
|-damage|p2a: Clodsire|69/100
|-damage|p1a: Dragapult|5/100|[from] item: Life Orb
|
|-weather|RainDance|[upkeep]
|-heal|p2a: Clodsire|75/100|[from] item: Black Sludge
|upkeep
|turn|3
|
|t:|1760867081
|move|p1a: Dragapult|Draco Meteor|p2a: Clodsire
|-damage|p2a: Clodsire|22/100
|-unboost|p1a: Dragapult|spa|2
|-damage|p1a: Dragapult|0 fnt|[from] item: Life Orb
|faint|p1a: Dragapult
|move|p2a: Clodsire|Toxic|p1: Dragapult|[notarget]
|-fail|p2a: Clodsire
|
|-weather|RainDance|[upkeep]
|-heal|p2a: Clodsire|29/100|[from] item: Black Sludge
|upkeep
|
|t:|1760867084
|switch|p1a: Landorus|Landorus-Therian, M, shiny|100/100
|-ability|p1a: Landorus|Intimidate|boost
|-unboost|p2a: Clodsire|atk|1
|turn|4
|
|t:|1760867091
|switch|p2a: Donphan|Donphan, F|100/100
|move|p1a: Landorus|Stealth Rock|p2a: Donphan
|-sidestart|p2: Volga123|move: Stealth Rock
|
|-weather|RainDance|[upkeep]
|upkeep
|turn|5
|
|t:|1760867098
|move|p1a: Landorus|Earthquake|p2a: Donphan
|-damage|p2a: Donphan|65/100
|move|p2a: Donphan|Rapid Spin|p1a: Landorus
|-damage|p1a: Landorus|80/100
|-boost|p2a: Donphan|spe|1
|-damage|p2a: Donphan|48/100|[from] item: Rocky Helmet|[of] p1a: Landorus
|-sideend|p2: Volga123|Stealth Rock|[from] move: Rapid Spin|[of] p2a: Donphan
|
|-weather|RainDance|[upkeep]
|-heal|p2a: Donphan|55/100|[from] item: Leftovers
|upkeep
|turn|6
|
|t:|1760867103
|move|p1a: Landorus|Stealth Rock|p2a: Donphan
|-sidestart|p2: Volga123|move: Stealth Rock
|move|p2a: Donphan|Ice Spinner|p1a: Landorus
|-supereffective|p1a: Landorus
|-damage|p1a: Landorus|0 fnt
|-damage|p2a: Donphan|38/100|[from] item: Rocky Helmet|[of] p1a: Landorus
|faint|p1a: Landorus
|
|-weather|RainDance|[upkeep]
|-heal|p2a: Donphan|44/100|[from] item: Leftovers
|upkeep
|
|t:|1760867109
|switch|p1a: Iron Valiant|Iron Valiant, shiny|100/100
|-enditem|p1a: Iron Valiant|Booster Energy
|-activate|p1a: Iron Valiant|ability: Quark Drive|[fromitem]
|-start|p1a: Iron Valiant|quarkdrivespe
|turn|7
|
|t:|1760867118
|move|p1a: Iron Valiant|Ice Punch|p2a: Donphan
|-supereffective|p2a: Donphan
|-damage|p2a: Donphan|10/100
|move|p2a: Donphan|Rapid Spin|p1a: Iron Valiant
|-damage|p1a: Iron Valiant|80/100
|-boost|p2a: Donphan|spe|1
|-sideend|p2: Volga123|Stealth Rock|[from] move: Rapid Spin|[of] p2a: Donphan
|
|-weather|RainDance|[upkeep]
|-heal|p2a: Donphan|16/100|[from] item: Leftovers
|upkeep
|turn|8
|
|t:|1760867123
|move|p1a: Iron Valiant|Moonblast|p2a: Donphan
|-damage|p2a: Donphan|0 fnt
|faint|p2a: Donphan
|
|-weather|none
|upkeep
|
|t:|1760867129
|switch|p2a: Politoed|Politoed, M|39/100
|-weather|RainDance|[from] ability: Drizzle|[of] p2a: Politoed
|turn|9
|
|t:|1760867134
|switch|p2a: Clodsire|Clodsire, M|29/100
|move|p1a: Iron Valiant|Thunderbolt|p2a: Clodsire
|-immune|p2a: Clodsire
|
|-weather|RainDance|[upkeep]
|-heal|p2a: Clodsire|35/100|[from] item: Black Sludge
|upkeep
|turn|10
|
|t:|1760867144
|move|p1a: Iron Valiant|Ice Punch|p2a: Clodsire
|-supereffective|p2a: Clodsire
|-crit|p2a: Clodsire
|-damage|p2a: Clodsire|0 fnt
|faint|p2a: Clodsire
|
|-weather|RainDance|[upkeep]
|upkeep
|
|t:|1760867149
|switch|p2a: Araquanid|Araquanid, F|100/100
|turn|11
|
|t:|1760867156
|move|p1a: Iron Valiant|Moonblast|p2a: Araquanid
|-damage|p2a: Araquanid|69/100
|move|p2a: Araquanid|Liquidation|p1a: Iron Valiant
|-damage|p1a: Iron Valiant|0 fnt
|faint|p1a: Iron Valiant
|-end|p1a: Iron Valiant|Quark Drive|[silent]
|
|-weather|RainDance|[upkeep]
|upkeep
|
|t:|1760867163
|switch|p1a: Keldeo|Keldeo, shiny|100/100
|turn|12
|
|t:|1760867177
|move|p1a: Keldeo|Surf|p2a: Araquanid
|-resisted|p2a: Araquanid
|-crit|p2a: Araquanid
|-damage|p2a: Araquanid|30/100
|move|p2a: Araquanid|Liquidation|p1a: Keldeo
|-resisted|p1a: Keldeo
|-damage|p1a: Keldeo|19/100
|
|-weather|RainDance|[upkeep]
|upkeep
|turn|13
|
|t:|1760867184
|move|p1a: Keldeo|Surf|p2a: Araquanid
|-resisted|p2a: Araquanid
|-damage|p2a: Araquanid|1/100
|move|p2a: Araquanid|Liquidation|p1a: Keldeo
|-resisted|p1a: Keldeo
|-damage|p1a: Keldeo|0 fnt
|faint|p1a: Keldeo
|
|-weather|RainDance|[upkeep]
|upkeep
|
|t:|1760867191
|switch|p1a: Anomаly|Iron Moth, shiny|100/100
|-enditem|p1a: Anomаly|Booster Energy
|-activate|p1a: Anomаly|ability: Quark Drive|[fromitem]
|-start|p1a: Anomаly|quarkdrivespe
|turn|14
|
|t:|1760867198
|move|p1a: Anomаly|Fiery Dance|p2a: Araquanid
|-crit|p2a: Araquanid
|-damage|p2a: Araquanid|0 fnt
|-boost|p1a: Anomаly|spa|1
|faint|p2a: Araquanid
|
|-weather|RainDance|[upkeep]
|upkeep
|
|t:|1760867204
|switch|p2a: Raging Bolt|Raging Bolt|100/100
|-enditem|p2a: Raging Bolt|Booster Energy
|-activate|p2a: Raging Bolt|ability: Protosynthesis|[fromitem]
|-start|p2a: Raging Bolt|protosynthesisspa
|turn|15
|
|t:|1760867211
|-terastallize|p1a: Anomаly|Ground
|move|p1a: Anomаly|Tera Blast|p2a: Raging Bolt|[anim] Tera Blast Ground
|-supereffective|p2a: Raging Bolt
|-damage|p2a: Raging Bolt|0 fnt
|faint|p2a: Raging Bolt
|-end|p2a: Raging Bolt|Protosynthesis|[silent]
|
|-weather|RainDance|[upkeep]
|upkeep
|
|t:|1760867222
|switch|p2a: Politoed|Politoed, M|39/100
|turn|16
|
|t:|1760867227
|move|p1a: Anomаly|Sludge Wave|p2a: Politoed
|-damage|p2a: Politoed|0 fnt
|faint|p2a: Politoed
|
|-weather|none
|upkeep
|
|t:|1760867229
|switch|p2a: Iron Jugulis|Iron Jugulis|100/100
|-enditem|p2a: Iron Jugulis|Booster Energy
|-activate|p2a: Iron Jugulis|ability: Quark Drive|[fromitem]
|-start|p2a: Iron Jugulis|quarkdrivespe
|turn|17
|
|t:|1760867236
|move|p1a: Anomаly|Sludge Wave|p2a: Iron Jugulis
|-damage|p2a: Iron Jugulis|12/100
|move|p2a: Iron Jugulis|Hurricane|p1a: Anomаly|[miss]
|-miss|p2a: Iron Jugulis|p1a: Anomаly
|
|upkeep
|turn|18
|-message|Volga123 forfeited.
|
|win|crackstone
|raw|crackstone's rating: 1386 &rarr; <strong>1403</strong><br />(+17 for winning)
|raw|Volga123's rating: 1336 &rarr; <strong>1319</strong><br />(-17 for losing)
|l|☆Volga123
|player|p2|
|l|☆crackstone
|player|p1|
