|j|☆HZBKAI3
|j|☆Coingina
|t:|1760851343
|gametype|singles
|player|p1|HZBKAI3|265|1050
|player|p2|Coingina|volkner|1067
|gen|9
|tier|[Gen 9] OU
|rated|
|rule|HP Percentage Mod: HP is shown in percentages
|rule|Endless Battle Clause: Forcing endless battles is banned
|rule|Species Clause: Limit one of each Pokémon
|rule|OHKO Clause: OHKO moves are banned
|rule|Evasion Items Clause: Evasion items are banned
|rule|Evasion Moves Clause: Evasion moves are banned
|rule|Evasion Abilities Clause: Evasion abilities are banned
|rule|Sleep Moves Clause: Sleep-inducing moves are banned
|clearpoke
|poke|p1|Latias, F|
|poke|p1|Tinkaton, F|
|poke|p1|Pelipper, M|
|poke|p1|Gastrodon, F|
|poke|p1|Moltres|
|poke|p1|Goodra-Hisui, F|
|poke|p2|Hoopa-Unbound|
|poke|p2|Slowking-Galar, F|
|poke|p2|Bisharp, F|
|poke|p2|Clodsire, F|
|poke|p2|Meowscarada, M|
|poke|p2|Quaquaval, F|
|teampreview
|
|t:|1760851369
|teamsize|p1|6
|teamsize|p2|6
|start
|switch|p1a: Moltres|Moltres|100/100
|switch|p2a: Clodsire|Clodsire, F|100/100
|turn|1
|
|t:|1760851377
|move|p1a: Moltres|Flamethrower|p2a: Clodsire
|-damage|p2a: Clodsire|71/100
|move|p2a: Clodsire|Toxic Spikes|p1a: Moltres
|-sidestart|p1: HZBKAI3|move: Toxic Spikes
|
|-heal|p2a: Clodsire|77/100|[from] item: Black Sludge
|upkeep
|turn|2
|
|t:|1760851402
|switch|p2a: Quaquaval|Quaquaval, F|100/100
|move|p1a: Moltres|Flamethrower|p2a: Quaquaval
|-resisted|p2a: Quaquaval
|-damage|p2a: Quaquaval|74/100
|
|upkeep
|turn|3
|
|t:|1760851410
|move|p2a: Quaquaval|Aqua Cutter|p1a: Moltres
|-supereffective|p1a: Moltres
|-damage|p1a: Moltres|55/100
|move|p1a: Moltres|Flamethrower|p2a: Quaquaval
|-resisted|p2a: Quaquaval
|-damage|p2a: Quaquaval|44/100
|
|upkeep
|turn|4
|
|t:|1760851416
|move|p2a: Quaquaval|Aqua Cutter|p1a: Moltres
|-supereffective|p1a: Moltres
|-damage|p1a: Moltres|4/100
|move|p1a: Moltres|Flamethrower|p2a: Quaquaval
|-resisted|p2a: Quaquaval
|-damage|p2a: Quaquaval|17/100
|
|upkeep
|turn|5
|
|t:|1760851423
|move|p2a: Quaquaval|Aqua Cutter|p1a: Moltres
|-supereffective|p1a: Moltres
|-damage|p1a: Moltres|0 fnt
|faint|p1a: Moltres
|-ability|p2a: Quaquaval|Moxie|boost
|-boost|p2a: Quaquaval|atk|1
|
|upkeep
|
|t:|1760851423
|switch|p1a: Pelipper|Pelipper, M|100/100
|-weather|RainDance|[from] ability: Drizzle|[of] p1a: Pelipper
|turn|6
|
|t:|1760851437
|move|p2a: Quaquaval|U-turn|p1a: Pelipper
|-resisted|p1a: Pelipper
|-damage|p1a: Pelipper|87/100
|
|t:|1760851441
|switch|p2a: Meowscarada|Meowscarada, M|100/100|[from] U-turn
|move|p1a: Pelipper|Hurricane|p2a: Meowscarada
|-supereffective|p2a: Meowscarada
|-damage|p2a: Meowscarada|0 fnt
|faint|p2a: Meowscarada
|
|-weather|RainDance|[upkeep]
|upkeep
|
|t:|1760851448
|switch|p2a: Slowking|Slowking-Galar, F|100/100
|turn|7
|
|t:|1760851451
|-prepare|p2a: Slowking|Chilly Reception|[premajor]
|move|p2a: Slowking|Chilly Reception|p2a: Slowking
|-weather|Snowscape
|
|t:|1760851455
|switch|p2a: Hoopa|Hoopa-Unbound|100/100|[from] Chilly Reception
|move|p1a: Pelipper|Knock Off|p2a: Hoopa
|-crit|p2a: Hoopa
|-damage|p2a: Hoopa|72/100
|-enditem|p2a: Hoopa|Choice Band|[from] move: Knock Off|[of] p1a: Pelipper
|
|-weather|Snowscape|[upkeep]
|upkeep
|turn|8
|
|t:|1760851464
|move|p2a: Hoopa|Hyperspace Fury|p1a: Pelipper
|-damage|p1a: Pelipper|44/100
|-unboost|p2a: Hoopa|def|1
|-item|p2a: Hoopa|Damp Rock|[from] ability: Magician|[of] p1a: Pelipper
|move|p1a: Pelipper|U-turn|p2a: Hoopa
|-supereffective|p2a: Hoopa
|-damage|p2a: Hoopa|0 fnt
|faint|p2a: Hoopa
|
|t:|1760851464
|switch|p1a: Tinkaton|Tinkaton, F|100/100|[from] U-turn
|-item|p1a: Tinkaton|Air Balloon
|
|-weather|Snowscape|[upkeep]
|upkeep
|
|t:|1760851507
|switch|p2a: Bisharp|Bisharp, F|100/100
|turn|9
|
|t:|1760851511
|move|p1a: Tinkaton|Gigaton Hammer|p2a: Bisharp
|-resisted|p2a: Bisharp
|-damage|p2a: Bisharp|81/100
|move|p2a: Bisharp|Iron Defense|p2a: Bisharp
|-boost|p2a: Bisharp|def|2
|
|-weather|Snowscape|[upkeep]
|-heal|p2a: Bisharp|87/100|[from] item: Leftovers
|upkeep
|turn|10
|
|t:|1760851518
|move|p1a: Tinkaton|Thunder Wave|p2a: Bisharp
|-status|p2a: Bisharp|par
|move|p2a: Bisharp|Iron Defense|p2a: Bisharp
|-boost|p2a: Bisharp|def|2
|
|-weather|Snowscape|[upkeep]
|-heal|p2a: Bisharp|93/100 par|[from] item: Leftovers
|upkeep
|turn|11
|
|t:|1760851525
|move|p1a: Tinkaton|Gigaton Hammer|p2a: Bisharp
|-resisted|p2a: Bisharp
|-damage|p2a: Bisharp|86/100 par
|move|p2a: Bisharp|Iron Defense|p2a: Bisharp
|-boost|p2a: Bisharp|def|2
|
|-weather|none
|-heal|p2a: Bisharp|92/100 par|[from] item: Leftovers
|upkeep
|turn|12
|
|t:|1760851537
|move|p1a: Tinkaton|Thunder Wave|p2a: Bisharp|[miss]
|-miss|p1a: Tinkaton|p2a: Bisharp
|cant|p2a: Bisharp|par
|
|-heal|p2a: Bisharp|98/100 par|[from] item: Leftovers
|upkeep
|turn|13
|
|t:|1760851547
|move|p1a: Tinkaton|Gigaton Hammer|p2a: Bisharp
|-resisted|p2a: Bisharp
|-damage|p2a: Bisharp|93/100 par
|cant|p2a: Bisharp|par
|
|-heal|p2a: Bisharp|99/100 par|[from] item: Leftovers
|upkeep
|turn|14
|
|t:|1760851553
|move|p1a: Tinkaton|Thunder Wave|p2a: Bisharp
|-fail|p2a: Bisharp|par
|move|p2a: Bisharp|Iron Head|p1a: Tinkaton
|-damage|p1a: Tinkaton|57/100
|-enditem|p1a: Tinkaton|Air Balloon
|-enditem|p2a: Bisharp|Leftovers|[silent]|[from] ability: Pickpocket|[of] p2a: Bisharp
|-item|p1a: Tinkaton|Leftovers|[from] ability: Pickpocket|[of] p2a: Bisharp
|
|-heal|p1a: Tinkaton|63/100|[from] item: Leftovers
|upkeep
|turn|15
|
|t:|1760851563
|move|p1a: Tinkaton|Gigaton Hammer|p2a: Bisharp
|-resisted|p2a: Bisharp
|-damage|p2a: Bisharp|94/100 par
|cant|p2a: Bisharp|par
|
|-heal|p1a: Tinkaton|69/100|[from] item: Leftovers
|upkeep
|turn|16
|
|t:|1760851572
|move|p1a: Tinkaton|Thunder Wave|p2a: Bisharp
|-fail|p2a: Bisharp|par
|move|p2a: Bisharp|Brick Break|p1a: Tinkaton
|-damage|p1a: Tinkaton|40/100
|
|-heal|p1a: Tinkaton|46/100|[from] item: Leftovers
|upkeep
|turn|17
|
|t:|1760851578
|move|p1a: Tinkaton|Gigaton Hammer|p2a: Bisharp
|-resisted|p2a: Bisharp
|-crit|p2a: Bisharp
|-damage|p2a: Bisharp|63/100 par
|move|p2a: Bisharp|Iron Head|p1a: Tinkaton
|-damage|p1a: Tinkaton|0 fnt
|faint|p1a: Tinkaton
|
|upkeep
|
|t:|1760851578
|switch|p1a: Latias|Latias, F|100/100
|turn|18
|
|t:|1760851587
|move|p1a: Latias|Aura Sphere|p2a: Bisharp
|-supereffective|p2a: Bisharp
|-damage|p2a: Bisharp|0 fnt
|faint|p2a: Bisharp
|
|upkeep
|
|t:|1760851596
|switch|p2a: Slowking|Slowking-Galar, F|100/100
|turn|19
|
|t:|1760851599
|move|p1a: Latias|Stored Power|p2a: Slowking
|-damage|p2a: Slowking|93/100
|-prepare|p2a: Slowking|Chilly Reception|[premajor]
|move|p2a: Slowking|Chilly Reception|p2a: Slowking
|-weather|Snowscape
|
|t:|1760851605
|switch|p2a: Quaquaval|Quaquaval, F|17/100|[from] Chilly Reception
|
|-weather|Snowscape|[upkeep]
|upkeep
|turn|20
|
|t:|1760851609
|move|p2a: Quaquaval|U-turn|p1a: Latias
|-supereffective|p1a: Latias
|-damage|p1a: Latias|60/100
|-enditem|p1a: Latias|Weakness Policy
|-boost|p1a: Latias|atk|2|[from] item: Weakness Policy
|-boost|p1a: Latias|spa|2|[from] item: Weakness Policy
|
|t:|1760851615
|switch|p2a: Clodsire|Clodsire, F|77/100|[from] U-turn
|move|p1a: Latias|Aura Sphere|p2a: Clodsire
|-resisted|p2a: Clodsire
|-damage|p2a: Clodsire|62/100
|
|-weather|Snowscape|[upkeep]
|-heal|p2a: Clodsire|69/100|[from] item: Black Sludge
|upkeep
|turn|21
|
|t:|1760851623
|move|p1a: Latias|Stored Power|p2a: Clodsire
|-supereffective|p2a: Clodsire
|-damage|p2a: Clodsire|0 fnt
|faint|p2a: Clodsire
|
|-weather|Snowscape|[upkeep]
|upkeep
|
|t:|1760851632
|switch|p2a: Quaquaval|Quaquaval, F|17/100
|turn|22
|
|t:|1760851635
|move|p2a: Quaquaval|U-turn|p1a: Latias
|-supereffective|p1a: Latias
|-damage|p1a: Latias|22/100
|
|t:|1760851640
|switch|p2a: Slowking|Slowking-Galar, F|100/100|[from] U-turn
|move|p1a: Latias|Aura Sphere|p2a: Slowking
|-resisted|p2a: Slowking
|-damage|p2a: Slowking|91/100
|
|-weather|Snowscape|[upkeep]
|upkeep
|turn|23
|
|t:|1760851648
|move|p1a: Latias|Stored Power|p2a: Slowking
|-damage|p2a: Slowking|29/100
|move|p2a: Slowking|Ice Beam|p1a: Latias
|-supereffective|p1a: Latias
|-damage|p1a: Latias|0 fnt
|faint|p1a: Latias
|
|-weather|none
|upkeep
|
|t:|1760851648
|switch|p1a: Gastrodon|Gastrodon, F|100/100
|-status|p1a: Gastrodon|psn
|turn|24
|
|t:|1760851658
|-prepare|p2a: Slowking|Chilly Reception|[premajor]
|move|p2a: Slowking|Chilly Reception|p2a: Slowking
|-weather|Snowscape
|
|t:|1760851662
|switch|p2a: Quaquaval|Quaquaval, F|17/100|[from] Chilly Reception
|move|p1a: Gastrodon|Earth Power|p2a: Quaquaval
|-damage|p2a: Quaquaval|0 fnt
|faint|p2a: Quaquaval
|
|-weather|Snowscape|[upkeep]
|-damage|p1a: Gastrodon|88/100 psn|[from] psn
|upkeep
|
|t:|1760851670
|switch|p2a: Slowking|Slowking-Galar, F|62/100
|turn|25
|
|t:|1760851704
|move|p2a: Slowking|Sludge Bomb|p1a: Gastrodon
|-resisted|p1a: Gastrodon
|-damage|p1a: Gastrodon|73/100 psn
|move|p1a: Gastrodon|Earth Power|p2a: Slowking
|-supereffective|p2a: Slowking
|-damage|p2a: Slowking|0 fnt
|faint|p2a: Slowking
|
|win|HZBKAI3
|raw|HZBKAI3's rating: 1050 &rarr; <strong>1084</strong><br />(+34 for winning)
|raw|Coingina's rating: 1067 &rarr; <strong>1046</strong><br />(-21 for losing)
|l|☆HZBKAI3
|player|p1|
|l|☆Coingina
|player|p2|
