|j|☆antivoidal
|j|☆Ekaiser du 75
|t:|1760791532
|gametype|singles
|player|p1|antivoidal|265|1143
|player|p2|Ekaiser du 75|n|1093
|gen|9
|tier|[Gen 9] OU
|rated|
|rule|HP Percentage Mod: HP is shown in percentages
|rule|Endless Battle Clause: Forcing endless battles is banned
|rule|Species Clause: Limit one of each Pokémon
|rule|OHKO Clause: OHKO moves are banned
|rule|Evasion Items Clause: Evasion items are banned
|rule|Evasion Moves Clause: Evasion moves are banned
|rule|Evasion Abilities Clause: Evasion abilities are banned
|rule|Sleep Moves Clause: Sleep-inducing moves are banned
|clearpoke
|poke|p1|Ogerpon-Wellspring, F|
|poke|p1|Dragonite, F|
|poke|p1|Skeledirge, M|
|poke|p1|Glimmora, F|
|poke|p1|Lucario, F|
|poke|p1|Donphan, M|
|poke|p2|Ceruledge, M|
|poke|p2|Keldeo-Resolute|
|poke|p2|Dragonite, F|
|poke|p2|Meowstic-F, F|
|poke|p2|Zarude-Dada|
|poke|p2|Hydrapple, M|
|teampreview
|
|t:|1760791571
|teamsize|p1|6
|teamsize|p2|6
|start
|switch|p1a: Glimmora|Glimmora, F|100/100
|switch|p2a: Ceruledge|Ceruledge, M, shiny|100/100
|turn|1
|
|t:|1760791581
|move|p1a: Glimmora|Meteor Beam||[still]
|-prepare|p1a: Glimmora|Meteor Beam
|-boost|p1a: Glimmora|spa|1
|move|p2a: Ceruledge|Iron Head|p1a: Glimmora
|-supereffective|p1a: Glimmora
|-damage|p1a: Glimmora|41/100
|-activate|p1a: Glimmora|ability: Toxic Debris
|-sidestart|p2: Ekaiser du 75|move: Toxic Spikes
|
|upkeep
|turn|2
|
|t:|1760791593
|move|p1a: Glimmora|Meteor Beam|p2a: Ceruledge|[from] lockedmove
|-supereffective|p2a: Ceruledge
|-damage|p2a: Ceruledge|0 fnt
|faint|p2a: Ceruledge
|
|upkeep
|
|t:|1760791609
|switch|p2a: Keldeo|Keldeo-Resolute, shiny|100/100
|-status|p2a: Keldeo|psn
|turn|3
|inactive|Battle timer is ON: inactive players will automatically lose when time's up. (requested by Ekaiser du 75)
|
|t:|1760791672
|switch|p1a: Dragonite|Dragonite, F|100/100
|move|p2a: Keldeo|Surf|p1a: Dragonite
|-resisted|p1a: Dragonite
|-damage|p1a: Dragonite|89/100
|
|-damage|p2a: Keldeo|88/100 psn|[from] psn
|upkeep
|turn|4
|
|t:|1760791683
|move|p2a: Keldeo|Air Slash|p1a: Dragonite
|-damage|p1a: Dragonite|59/100
|cant|p1a: Dragonite|flinch
|
|-damage|p2a: Keldeo|75/100 psn|[from] psn
|upkeep
|turn|5
|
|t:|1760791691
|move|p2a: Keldeo|Air Slash|p1a: Dragonite
|-damage|p1a: Dragonite|30/100
|move|p1a: Dragonite|Dragon Dance|p1a: Dragonite
|-boost|p1a: Dragonite|atk|1
|-boost|p1a: Dragonite|spe|1
|
|-damage|p2a: Keldeo|63/100 psn|[from] psn
|upkeep
|turn|6
|
|t:|1760791699
|move|p1a: Dragonite|Earthquake|p2a: Keldeo
|-damage|p2a: Keldeo|7/100 psn
|move|p2a: Keldeo|Air Slash|p1a: Dragonite|[miss]
|-miss|p2a: Keldeo|p1a: Dragonite
|
|-damage|p2a: Keldeo|0 fnt|[from] psn
|faint|p2a: Keldeo
|upkeep
|
|t:|1760791715
|switch|p2a: Meowstic|Meowstic-F, F, shiny|100/100
|-status|p2a: Meowstic|psn
|turn|7
|
|t:|1760791728
|move|p1a: Dragonite|Extreme Speed|p2a: Meowstic
|-damage|p2a: Meowstic|45/100 psn
|move|p2a: Meowstic|Psychic|p1a: Dragonite
|-damage|p1a: Dragonite|0 fnt
|faint|p1a: Dragonite
|
|-damage|p2a: Meowstic|33/100 psn|[from] psn
|upkeep
|inactive|antivoidal has 120 seconds left.
|
|t:|1760791758
|switch|p1a: Ogerpon|Ogerpon-Wellspring, F|100/100
|turn|8
|
|t:|1760791767
|move|p1a: Ogerpon|Ivy Cudgel|p2a: Meowstic|[anim] Ivy Cudgel Water
|-damage|p2a: Meowstic|0 fnt
|faint|p2a: Meowstic
|
|upkeep
|
|t:|1760791776
|switch|p2a: Dragonite|Dragonite, F, shiny|100/100
|turn|9
|
|t:|1760791787
|move|p1a: Ogerpon|Knock Off|p2a: Dragonite
|-damage|p2a: Dragonite|69/100
|-enditem|p2a: Dragonite|Leftovers|[from] move: Knock Off|[of] p1a: Ogerpon
|move|p2a: Dragonite|Fly||[still]
|-prepare|p2a: Dragonite|Fly
|
|upkeep
|turn|10
|inactive|antivoidal has 120 seconds left.
|
|t:|1760791812
|switch|p1a: Donphan|Donphan, M|100/100
|move|p2a: Dragonite|Fly|p1a: Donphan|[from] lockedmove
|-damage|p1a: Donphan|71/100
|
|-heal|p1a: Donphan|77/100|[from] item: Leftovers
|upkeep
|turn|11
|inactive|antivoidal has 120 seconds left.
|
|t:|1760791822
|move|p1a: Donphan|Ice Shard|p2a: Dragonite
|-supereffective|p2a: Dragonite
|-damage|p2a: Dragonite|16/100
|move|p2a: Dragonite|Dragon Tail|p1a: Donphan
|-damage|p1a: Donphan|56/100
|drag|p1a: Glimmora|Glimmora, F|41/100
|
|upkeep
|turn|12
|inactive|antivoidal has 120 seconds left.
|
|t:|1760791840
|move|p1a: Glimmora|Sludge Bomb|p2a: Dragonite
|-damage|p2a: Dragonite|0 fnt
|faint|p2a: Dragonite
|
|upkeep
|
|t:|1760791846
|switch|p2a: Hydrapple|Hydrapple, M, shiny|100/100
|-status|p2a: Hydrapple|psn
|-ability|p2a: Hydrapple|Supersweet Syrup
|-unboost|p1a: Glimmora|evasion|1
|turn|13
|inactive|antivoidal has 120 seconds left.
|
|t:|1760791860
|move|p1a: Glimmora|Sludge Bomb|p2a: Hydrapple
|-supereffective|p2a: Hydrapple
|-crit|p2a: Hydrapple
|-damage|p2a: Hydrapple|0 fnt
|faint|p2a: Hydrapple
|
|upkeep
|
|t:|1760791866
|switch|p2a: Zarude|Zarude-Dada|100/100
|-status|p2a: Zarude|psn
|turn|14
|
|t:|1760791877
|move|p1a: Glimmora|Sludge Bomb|p2a: Zarude
|-supereffective|p2a: Zarude
|-damage|p2a: Zarude|17/100 psn
|move|p2a: Zarude|Dig||[still]
|-prepare|p2a: Zarude|Dig
|
|-heal|p2a: Zarude|23/100 psn|[from] item: Leftovers
|-damage|p2a: Zarude|11/100 psn|[from] psn
|upkeep
|turn|15
|inactive|antivoidal has 120 seconds left.
|
|t:|1760791899
|switch|p1a: Ogerpon|Ogerpon-Wellspring, F|100/100
|move|p2a: Zarude|Dig|p1a: Ogerpon|[from] lockedmove
|-resisted|p1a: Ogerpon
|-damage|p1a: Ogerpon|87/100
|
|-heal|p2a: Zarude|17/100 psn|[from] item: Leftovers
|-damage|p2a: Zarude|5/100 psn|[from] psn
|upkeep
|turn|16
|inactive|antivoidal has 120 seconds left.
|
|t:|1760791912
|move|p1a: Ogerpon|Ivy Cudgel|p2a: Zarude|[anim] Ivy Cudgel Water
|-resisted|p2a: Zarude
|-damage|p2a: Zarude|0 fnt
|faint|p2a: Zarude
|
|win|antivoidal
|raw|antivoidal's rating: 1143 &rarr; <strong>1164</strong><br />(+21 for winning)
|raw|Ekaiser du 75's rating: 1093 &rarr; <strong>1072</strong><br />(-21 for losing)
|l|☆antivoidal
|player|p1|
|l|☆Ekaiser du 75
|player|p2|
