|j|‽rafsemens
|j|☆Yoknowjoegay
|t:|1760867537
|gametype|singles
|player|p1|rafsemens|interviewers|1340
|player|p2|Yoknowjoegay|170|1368
|gen|9
|tier|[Gen 9] OU
|rated|
|rule|HP Percentage Mod: HP is shown in percentages
|rule|Endless Battle Clause: Forcing endless battles is banned
|rule|Species Clause: Limit one of each Pokémon
|rule|OHKO Clause: OHKO moves are banned
|rule|Evasion Items Clause: Evasion items are banned
|rule|Evasion Moves Clause: Evasion moves are banned
|rule|Evasion Abilities Clause: Evasion abilities are banned
|rule|Sleep Moves Clause: Sleep-inducing moves are banned
|clearpoke
|poke|p1|Zamazenta-*|
|poke|p1|Kingambit, M|
|poke|p1|Samurott-Hisui, F|
|poke|p1|Landorus-Therian, M|
|poke|p1|Iron Valiant|
|poke|p1|Iron Moth|
|poke|p2|Dusclops, M|
|poke|p2|Kingambit, F|
|poke|p2|Thundurus-Therian, M|
|poke|p2|Great Tusk|
|poke|p2|Ogerpon-Wellspring, F|
|poke|p2|Regidrago|
|teampreview
|inactive|Battle timer is ON: inactive players will automatically lose when time's up. (requested by Yoknowjoegay)
|
|t:|1760867554
|teamsize|p1|6
|teamsize|p2|6
|start
|switch|p1a: Samurott|Samurott-Hisui, F|100/100
|switch|p2a: Ogerpon|Ogerpon-Wellspring, F|100/100
|turn|1
|
|t:|1760867563
|move|p2a: Ogerpon|U-turn|p1a: Samurott
|-supereffective|p1a: Samurott
|-crit|p1a: Samurott
|-enditem|p1a: Samurott|Focus Sash
|-damage|p1a: Samurott|1/100
|
|t:|1760867568
|switch|p2a: Great Tusk|Great Tusk|100/100|[from] U-turn
|move|p1a: Samurott|Ceaseless Edge|p2a: Great Tusk
|-resisted|p2a: Great Tusk
|-damage|p2a: Great Tusk|89/100
|-sidestart|p2: Yoknowjoegay|Spikes
|
|-heal|p2a: Great Tusk|96/100|[from] item: Leftovers
|upkeep
|turn|2
|
|t:|1760867576
|switch|p1a: Landorus|Landorus-Therian, M|100/100
|-ability|p1a: Landorus|Intimidate|boost
|-unboost|p2a: Great Tusk|atk|1
|move|p2a: Great Tusk|Rapid Spin|p1a: Landorus
|-damage|p1a: Landorus|90/100
|-boost|p2a: Great Tusk|spe|1
|-damage|p2a: Great Tusk|79/100|[from] item: Rocky Helmet|[of] p1a: Landorus
|-sideend|p2: Yoknowjoegay|Spikes|[from] move: Rapid Spin|[of] p2a: Great Tusk
|
|-heal|p2a: Great Tusk|85/100|[from] item: Leftovers
|upkeep
|turn|3
|
|t:|1760867589
|move|p2a: Great Tusk|Knock Off|p1a: Landorus
|-damage|p1a: Landorus|70/100
|-damage|p2a: Great Tusk|69/100|[from] item: Rocky Helmet|[of] p1a: Landorus
|-enditem|p1a: Landorus|Rocky Helmet|[from] move: Knock Off|[of] p2a: Great Tusk
|move|p1a: Landorus|Stealth Rock|p2a: Great Tusk
|-sidestart|p2: Yoknowjoegay|move: Stealth Rock
|
|-heal|p2a: Great Tusk|75/100|[from] item: Leftovers
|upkeep
|turn|4
|
|t:|1760867597
|move|p2a: Great Tusk|Rapid Spin|p1a: Landorus
|-damage|p1a: Landorus|61/100
|-boost|p2a: Great Tusk|spe|1
|-sideend|p2: Yoknowjoegay|Stealth Rock|[from] move: Rapid Spin|[of] p2a: Great Tusk
|move|p1a: Landorus|Earthquake|p2a: Great Tusk
|-damage|p2a: Great Tusk|52/100
|
|-heal|p2a: Great Tusk|58/100|[from] item: Leftovers
|upkeep
|turn|5
|
|t:|1760867605
|move|p2a: Great Tusk|Knock Off|p1a: Landorus
|-damage|p1a: Landorus|48/100
|move|p1a: Landorus|Earthquake|p2a: Great Tusk
|-damage|p2a: Great Tusk|36/100
|
|-heal|p2a: Great Tusk|43/100|[from] item: Leftovers
|upkeep
|turn|6
|
|t:|1760867610
|move|p2a: Great Tusk|Knock Off|p1a: Landorus
|-crit|p1a: Landorus
|-damage|p1a: Landorus|20/100
|move|p1a: Landorus|Stealth Rock|p2a: Great Tusk
|-sidestart|p2: Yoknowjoegay|move: Stealth Rock
|
|-heal|p2a: Great Tusk|49/100|[from] item: Leftovers
|upkeep
|turn|7
|
|t:|1760867617
|move|p2a: Great Tusk|Rapid Spin|p1a: Landorus
|-damage|p1a: Landorus|10/100
|-boost|p2a: Great Tusk|spe|1
|-sideend|p2: Yoknowjoegay|Stealth Rock|[from] move: Rapid Spin|[of] p2a: Great Tusk
|move|p1a: Landorus|Earthquake|p2a: Great Tusk
|-damage|p2a: Great Tusk|26/100
|
|-heal|p2a: Great Tusk|32/100|[from] item: Leftovers
|upkeep
|turn|8
|
|t:|1760867624
|move|p2a: Great Tusk|Knock Off|p1a: Landorus
|-damage|p1a: Landorus|0 fnt
|faint|p1a: Landorus
|
|-heal|p2a: Great Tusk|39/100|[from] item: Leftovers
|upkeep
|
|t:|1760867637
|switch|p1a: Zamazenta|Zamazenta|100/100
|-ability|p1a: Zamazenta|Dauntless Shield|boost
|-boost|p1a: Zamazenta|def|1
|turn|9
|
|t:|1760867644
|move|p2a: Great Tusk|Knock Off|p1a: Zamazenta
|-resisted|p1a: Zamazenta
|-damage|p1a: Zamazenta|95/100
|-enditem|p1a: Zamazenta|Leftovers|[from] move: Knock Off|[of] p2a: Great Tusk
|move|p1a: Zamazenta|Iron Defense|p1a: Zamazenta
|-boost|p1a: Zamazenta|def|2
|
|-heal|p2a: Great Tusk|45/100|[from] item: Leftovers
|upkeep
|turn|10
|
|t:|1760867652
|move|p2a: Great Tusk|Close Combat|p1a: Zamazenta
|-damage|p1a: Zamazenta|84/100
|-unboost|p2a: Great Tusk|def|1
|-unboost|p2a: Great Tusk|spd|1
|move|p1a: Zamazenta|Body Press|p2a: Great Tusk
|-damage|p2a: Great Tusk|0 fnt
|faint|p2a: Great Tusk
|-end|p2a: Great Tusk|Protosynthesis|[silent]
|
|upkeep
|
|t:|1760867660
|switch|p2a: Dusclops|Dusclops, M, shiny|100/100
|-ability|p2a: Dusclops|Pressure
|turn|11
|inactive|rafsemens has 120 seconds left.
|
|t:|1760867692
|switch|p1a: Iron Moth|Iron Moth|100/100
|-enditem|p1a: Iron Moth|Booster Energy
|-activate|p1a: Iron Moth|ability: Quark Drive|[fromitem]
|-start|p1a: Iron Moth|quarkdrivespe
|move|p2a: Dusclops|Will-O-Wisp|p1a: Iron Moth
|-immune|p1a: Iron Moth
|
|upkeep
|turn|12
|inactive|rafsemens has 120 seconds left.
|
|t:|1760867713
|switch|p2a: Thundurus|Thundurus-Therian, M|100/100
|move|p1a: Iron Moth|Fiery Dance|p2a: Thundurus
|-damage|p2a: Thundurus|47/100
|-boost|p1a: Iron Moth|spa|1
|
|upkeep
|turn|13
|inactive|rafsemens has 120 seconds left.
|
|t:|1760867728
|move|p1a: Iron Moth|Fiery Dance|p2a: Thundurus
|-damage|p2a: Thundurus|0 fnt
|-boost|p1a: Iron Moth|spa|1
|faint|p2a: Thundurus
|
|upkeep
|
|t:|1760867731
|switch|p2a: Ogerpon|Ogerpon-Wellspring, F|100/100
|turn|14
|
|t:|1760867734
|-terastallize|p2a: Ogerpon|Water
|detailschange|p2a: Ogerpon|Ogerpon-Wellspring-Tera, F, tera:Water
|-ability|p2a: Ogerpon|Embody Aspect (Wellspring)|boost
|-boost|p2a: Ogerpon|spd|1
|move|p1a: Iron Moth|Sludge Wave|p2a: Ogerpon
|-damage|p2a: Ogerpon|26/100
|move|p2a: Ogerpon|Ivy Cudgel|p1a: Iron Moth|[anim] Ivy Cudgel Water
|-supereffective|p1a: Iron Moth
|-damage|p1a: Iron Moth|0 fnt
|faint|p1a: Iron Moth
|-end|p1a: Iron Moth|Quark Drive|[silent]
|
|upkeep
|
|t:|1760867748
|switch|p1a: Iron Valiant|Iron Valiant|100/100
|-enditem|p1a: Iron Valiant|Booster Energy
|-activate|p1a: Iron Valiant|ability: Quark Drive|[fromitem]
|-start|p1a: Iron Valiant|quarkdrivespe
|turn|15
|
|t:|1760867755
|move|p1a: Iron Valiant|Thunderbolt|p2a: Ogerpon
|-supereffective|p2a: Ogerpon
|-damage|p2a: Ogerpon|0 fnt
|faint|p2a: Ogerpon
|detailschange|p2: Ogerpon|Ogerpon-Wellspring, F|[silent]
|
|upkeep
|
|t:|1760867763
|switch|p2a: Dusclops|Dusclops, M, shiny|100/100
|-ability|p2a: Dusclops|Pressure
|turn|16
|
|t:|1760867778
|-end|p1a: Iron Valiant|Quark Drive|[silent]
|switch|p1a: Kingambit|Kingambit, M|100/100
|-activate|p1a: Kingambit|ability: Supreme Overlord
|-start|p1a: Kingambit|fallen2|[silent]
|move|p2a: Dusclops|Will-O-Wisp|p1a: Kingambit
|-status|p1a: Kingambit|brn
|
|-damage|p1a: Kingambit|94/100 brn|[from] brn
|upkeep
|turn|17
|
|t:|1760867789
|switch|p2a: Kingambit|Kingambit, F, shiny|100/100
|-activate|p2a: Kingambit|ability: Supreme Overlord
|-start|p2a: Kingambit|fallen3|[silent]
|move|p1a: Kingambit|Kowtow Cleave|p2a: Kingambit
|-resisted|p2a: Kingambit
|-damage|p2a: Kingambit|89/100
|
|-heal|p1a: Kingambit|100/100 brn|[from] item: Leftovers
|-damage|p1a: Kingambit|94/100 brn|[from] brn
|upkeep
|turn|18
|
|t:|1760867795
|-end|p1a: Kingambit|fallen2|[silent]
|switch|p1a: Zamazenta|Zamazenta|84/100
|move|p2a: Kingambit|Swords Dance|p2a: Kingambit
|-boost|p2a: Kingambit|atk|2
|
|upkeep
|turn|19
|
|t:|1760867805
|-end|p2a: Kingambit|fallen3|[silent]
|switch|p2a: Dusclops|Dusclops, M, shiny|100/100
|-ability|p2a: Dusclops|Pressure
|move|p1a: Zamazenta|Iron Defense|p1a: Zamazenta
|-boost|p1a: Zamazenta|def|2
|
|upkeep
|turn|20
|
|t:|1760867821
|switch|p1a: Kingambit|Kingambit, M|94/100 brn
|-activate|p1a: Kingambit|ability: Supreme Overlord
|-start|p1a: Kingambit|fallen2|[silent]
|move|p2a: Dusclops|Will-O-Wisp|p1a: Kingambit|[miss]
|-miss|p2a: Dusclops|p1a: Kingambit
|
|-heal|p1a: Kingambit|100/100 brn|[from] item: Leftovers
|-damage|p1a: Kingambit|94/100 brn|[from] brn
|upkeep
|turn|21
|
|t:|1760867831
|switch|p2a: Kingambit|Kingambit, F, shiny|89/100
|-activate|p2a: Kingambit|ability: Supreme Overlord
|-start|p2a: Kingambit|fallen3|[silent]
|move|p1a: Kingambit|Kowtow Cleave|p2a: Kingambit
|-resisted|p2a: Kingambit
|-damage|p2a: Kingambit|78/100
|
|-heal|p1a: Kingambit|100/100 brn|[from] item: Leftovers
|-damage|p1a: Kingambit|94/100 brn|[from] brn
|upkeep
|turn|22
|
|t:|1760867837
|-end|p1a: Kingambit|fallen2|[silent]
|switch|p1a: Zamazenta|Zamazenta|84/100
|move|p2a: Kingambit|Iron Head|p1a: Zamazenta
|-damage|p1a: Zamazenta|34/100
|
|upkeep
|turn|23
|
|t:|1760867842
|-end|p2a: Kingambit|fallen3|[silent]
|switch|p2a: Dusclops|Dusclops, M, shiny|100/100
|-ability|p2a: Dusclops|Pressure
|move|p1a: Zamazenta|Crunch|p2a: Dusclops
|-supereffective|p2a: Dusclops
|-damage|p2a: Dusclops|79/100
|-unboost|p2a: Dusclops|def|1
|
|upkeep
|turn|24
|
|t:|1760867856
|move|p1a: Zamazenta|Body Press|p2a: Dusclops
|-immune|p2a: Dusclops
|move|p2a: Dusclops|Will-O-Wisp|p1a: Zamazenta
|-status|p1a: Zamazenta|brn
|
|-damage|p1a: Zamazenta|28/100 brn|[from] brn
|upkeep
|turn|25
|-message|rafsemens forfeited.
|
|win|Yoknowjoegay
|raw|rafsemens's rating: 1340 &rarr; <strong>1322</strong><br />(-18 for losing)
|raw|Yoknowjoegay's rating: 1368 &rarr; <strong>1386</strong><br />(+18 for winning)
|l|‽rafsemens
|player|p1|
|l|☆Yoknowjoegay
|player|p2|
