|j|☆Spaztastcjak
|j|☆HikerBruh
|t:|1760749224
|gametype|singles
|player|p1|Spaztastcjak|169|1061
|player|p2|HikerBruh|hiker-gen4|1118
|gen|9
|tier|[Gen 9] OU
|rated|
|rule|HP Percentage Mod: HP is shown in percentages
|rule|Endless Battle Clause: Forcing endless battles is banned
|rule|Species Clause: Limit one of each Pokémon
|rule|OHKO Clause: OHKO moves are banned
|rule|Evasion Items Clause: Evasion items are banned
|rule|Evasion Moves Clause: Evasion moves are banned
|rule|Evasion Abilities Clause: Evasion abilities are banned
|rule|Sleep Moves Clause: Sleep-inducing moves are banned
|clearpoke
|poke|p1|Skarmory, F|
|poke|p1|Tyranitar, M|
|poke|p1|Excadrill, F|
|poke|p1|Scizor, F|
|poke|p1|Hippowdon, M|
|poke|p1|Reuniclus, F|
|poke|p2|Slowking-Galar, F|
|poke|p2|Weezing-Galar, M|
|poke|p2|Arcanine-Hisui, F|
|poke|p2|Ninetales-Alola, F|
|poke|p2|Tauros-Paldea-Aqua, M|
|poke|p2|Jolteon, M|
|teampreview
|
|t:|1760749229
|teamsize|p1|6
|teamsize|p2|6
|start
|switch|p1a: Skarmory|Skarmory, F|100/100
|switch|p2a: Ninetales|Ninetales-Alola, F|100/100
|-weather|Snowscape|[from] ability: Snow Warning|[of] p2a: Ninetales
|turn|1
|
|t:|1760749236
|move|p2a: Ninetales|Aurora Veil|p2a: Ninetales
|-sidestart|p2: HikerBruh|move: Aurora Veil
|move|p1a: Skarmory|Stealth Rock|p2a: Ninetales
|-sidestart|p2: HikerBruh|move: Stealth Rock
|
|-weather|Snowscape|[upkeep]
|upkeep
|turn|2
|
|t:|1760749240
|switch|p2a: Jolteon|Jolteon, M|100/100
|-damage|p2a: Jolteon|88/100|[from] Stealth Rock
|move|p1a: Skarmory|Spikes|p2a: Jolteon
|-sidestart|p2: HikerBruh|Spikes
|
|-weather|Snowscape|[upkeep]
|-status|p2a: Jolteon|brn|[from] item: Flame Orb
|upkeep
|turn|3
|l|☆HikerBruh
|player|p2|
|j|☆HikerBruh
|player|p2|HikerBruh|hiker-gen4|
|
|t:|1760749304
|switch|p1a: Hippowdon|Hippowdon, M|100/100
|-weather|Sandstorm|[from] ability: Sand Stream|[of] p1a: Hippowdon
|move|p2a: Jolteon|Calm Mind|p2a: Jolteon
|-boost|p2a: Jolteon|spa|1
|-boost|p2a: Jolteon|spd|1
|
|-weather|Sandstorm|[upkeep]
|-damage|p2a: Jolteon|82/100 brn|[from] Sandstorm
|-damage|p2a: Jolteon|76/100 brn|[from] brn
|upkeep
|turn|4
|
|t:|1760749328
|move|p2a: Jolteon|Trailblaze|p1a: Hippowdon
|-supereffective|p1a: Hippowdon
|-damage|p1a: Hippowdon|96/100
|-boost|p2a: Jolteon|spe|1
|move|p1a: Hippowdon|Earthquake|p2a: Jolteon
|-supereffective|p2a: Jolteon
|-damage|p2a: Jolteon|21/100 brn
|
|-weather|Sandstorm|[upkeep]
|-damage|p2a: Jolteon|15/100 brn|[from] Sandstorm
|-heal|p1a: Hippowdon|100/100|[from] item: Leftovers
|-damage|p2a: Jolteon|9/100 brn|[from] brn
|upkeep
|turn|5
|
|t:|1760749342
|move|p2a: Jolteon|Weather Ball|p1a: Hippowdon
|-resisted|p1a: Hippowdon
|-damage|p1a: Hippowdon|73/100
|move|p1a: Hippowdon|Whirlwind|p2a: Jolteon
|drag|p2a: Tauros|Tauros-Paldea-Aqua, M|100/100
|-damage|p2a: Tauros|94/100|[from] Stealth Rock
|-damage|p2a: Tauros|82/100|[from] Spikes
|-ability|p2a: Tauros|Intimidate|boost
|-unboost|p1a: Hippowdon|atk|1
|
|-weather|Sandstorm|[upkeep]
|-damage|p2a: Tauros|76/100|[from] Sandstorm
|-heal|p1a: Hippowdon|80/100|[from] item: Leftovers
|upkeep
|turn|6
|
|t:|1760749356
|move|p2a: Tauros|Liquidation|p1a: Hippowdon
|-supereffective|p1a: Hippowdon
|-damage|p1a: Hippowdon|38/100
|-unboost|p1a: Hippowdon|def|1
|move|p1a: Hippowdon|Whirlwind|p2a: Tauros
|drag|p2a: Jolteon|Jolteon, M|9/100 brn
|-damage|p2a: Jolteon|0 fnt|[from] Stealth Rock
|faint|p2a: Jolteon
|
|-weather|Sandstorm|[upkeep]
|-heal|p1a: Hippowdon|44/100|[from] item: Leftovers
|upkeep
|-message|HikerBruh forfeited.
|
|win|Spaztastcjak
|raw|Spaztastcjak's rating: 1061 &rarr; <strong>1097</strong><br />(+36 for winning)
|raw|HikerBruh's rating: 1118 &rarr; <strong>1089</strong><br />(-29 for losing)
|l|☆HikerBruh
|player|p2|
|l|☆Spaztastcjak
|player|p1|
