|j|☆Manolokiwi
|j|☆hgnhgmccghhcygn
|t:|1760807760
|gametype|singles
|player|p1|Manolokiwi|169|1104
|player|p2|hgnhgmccghhcygn|1|1075
|gen|9
|tier|[Gen 9] OU
|rated|
|rule|HP Percentage Mod: HP is shown in percentages
|rule|Endless Battle Clause: Forcing endless battles is banned
|rule|Species Clause: Limit one of each Pokémon
|rule|OHKO Clause: OHKO moves are banned
|rule|Evasion Items Clause: Evasion items are banned
|rule|Evasion Moves Clause: Evasion moves are banned
|rule|Evasion Abilities Clause: Evasion abilities are banned
|rule|Sleep Moves Clause: Sleep-inducing moves are banned
|clearpoke
|poke|p1|Comfey, M|
|poke|p1|Maushold|
|poke|p1|Minior|
|poke|p1|Dragapult, F|
|poke|p1|Amoonguss, M|
|poke|p1|Samurott-Hisui, F|
|poke|p2|Cinderace, M|
|poke|p2|Garganacl, M|
|poke|p2|Great Tusk|
|poke|p2|Goodra-Hisui, F|
|poke|p2|Vikavolt, M|
|poke|p2|Iron Leaves|
|teampreview
|inactive|Battle timer is ON: inactive players will automatically lose when time's up. (requested by hgnhgmccghhcygn)
|
|t:|1760807782
|teamsize|p1|6
|teamsize|p2|6
|start
|switch|p1a: Minior|Minior|100/100
|switch|p2a: Vulture|Cinderace, M|100/100
|-formechange|p1a: Minior|Minior-Meteor||[from] ability: Shields Down
|turn|1
|
|t:|1760807806
|move|p2a: Vulture|U-turn|p1a: Minior
|-start|p2a: Vulture|typechange|Bug|[from] ability: Libero
|-resisted|p1a: Minior
|-damage|p1a: Minior|79/100
|
|t:|1760807811
|switch|p2a: Dr Octopus|Goodra-Hisui, F|100/100|[from] U-turn
|move|p1a: Minior|Shell Smash|p1a: Minior
|-unboost|p1a: Minior|def|1
|-unboost|p1a: Minior|spd|1
|-boost|p1a: Minior|atk|2
|-boost|p1a: Minior|spa|2
|-boost|p1a: Minior|spe|2
|-enditem|p1a: Minior|White Herb
|-clearnegativeboost|p1a: Minior|[silent]
|
|upkeep
|turn|2
|
|t:|1760807818
|move|p1a: Minior|Earthquake|p2a: Dr Octopus
|-supereffective|p2a: Dr Octopus
|-damage|p2a: Dr Octopus|34/100
|move|p2a: Dr Octopus|Flash Cannon|p1a: Minior
|-supereffective|p1a: Minior
|-damage|p1a: Minior|0 fnt
|faint|p1a: Minior
|
|-heal|p2a: Dr Octopus|40/100|[from] item: Leftovers
|upkeep
|
|t:|1760807823
|switch|p1a: Samurott|Samurott-Hisui, F|100/100
|turn|3
|
|t:|1760807827
|move|p1a: Samurott|Ceaseless Edge|p2a: Dr Octopus
|-damage|p2a: Dr Octopus|0 fnt
|-ability|p2a: Dr Octopus|Gooey
|-unboost|p1a: Samurott|spe|1
|-sidestart|p2: hgnhgmccghhcygn|Spikes
|faint|p2a: Dr Octopus
|
|upkeep
|
|t:|1760807835
|switch|p2a: Vulture|Cinderace, M|100/100
|turn|4
|
|t:|1760807851
|move|p1a: Samurott|Aqua Jet|p2a: Vulture
|-supereffective|p2a: Vulture
|-damage|p2a: Vulture|52/100
|move|p2a: Vulture|U-turn|p1a: Samurott
|-start|p2a: Vulture|typechange|Bug|[from] ability: Libero
|-supereffective|p1a: Samurott
|-damage|p1a: Samurott|18/100
|
|t:|1760807859
|switch|p2a: Mysterio|Iron Leaves|100/100|[from] U-turn
|-damage|p2a: Mysterio|88/100|[from] Spikes
|
|upkeep
|turn|5
|
|t:|1760807870
|move|p2a: Mysterio|X-Scissor|p1a: Samurott
|-supereffective|p1a: Samurott
|-damage|p1a: Samurott|0 fnt
|faint|p1a: Samurott
|-damage|p2a: Mysterio|78/100|[from] item: Life Orb
|
|upkeep
|
|t:|1760807877
|switch|p1a: Maushold|Maushold|100/100
|turn|6
|inactive|hgnhgmccghhcygn has 120 seconds left.
|
|t:|1760807921
|-end|p2a: Mysterio|Quark Drive|[silent]
|switch|p2a: Sandman|Garganacl, M|100/100
|-damage|p2a: Sandman|88/100|[from] Spikes
|move|p1a: Maushold|Population Bomb|p2a: Sandman
|-resisted|p2a: Sandman
|-damage|p2a: Sandman|85/100
|-resisted|p2a: Sandman
|-damage|p2a: Sandman|83/100
|-resisted|p2a: Sandman
|-damage|p2a: Sandman|80/100
|-resisted|p2a: Sandman
|-damage|p2a: Sandman|77/100
|-resisted|p2a: Sandman
|-damage|p2a: Sandman|75/100
|-resisted|p2a: Sandman
|-crit|p2a: Sandman
|-damage|p2a: Sandman|71/100
|-resisted|p2a: Sandman
|-damage|p2a: Sandman|68/100
|-resisted|p2a: Sandman
|-damage|p2a: Sandman|65/100
|-resisted|p2a: Sandman
|-damage|p2a: Sandman|62/100
|-resisted|p2a: Sandman
|-damage|p2a: Sandman|60/100
|-hitcount|p2a: Sandman|10
|
|-heal|p2a: Sandman|66/100|[from] item: Leftovers
|upkeep
|turn|7
|
|t:|1760807929
|switch|p1a: Amoonguss|Amoonguss, M, shiny|100/100
|-terastallize|p2a: Sandman|Ghost
|move|p2a: Sandman|Recover|p2a: Sandman
|-heal|p2a: Sandman|100/100
|
|upkeep
|turn|8
|
|t:|1760807932
|move|p2a: Sandman|Salt Cure|p1a: Amoonguss
|-damage|p1a: Amoonguss|89/100
|-start|p1a: Amoonguss|Salt Cure
|move|p1a: Amoonguss|Foul Play|p2a: Sandman
|-supereffective|p2a: Sandman
|-damage|p2a: Sandman|78/100
|
|-heal|p2a: Sandman|84/100|[from] item: Leftovers
|-damage|p1a: Amoonguss|77/100|[from] Salt Cure
|upkeep
|turn|9
|
|t:|1760807937
|move|p2a: Sandman|Ice Punch|p1a: Amoonguss
|-supereffective|p1a: Amoonguss
|-damage|p1a: Amoonguss|53/100
|move|p1a: Amoonguss|Giga Drain|p2a: Sandman
|-damage|p2a: Sandman|63/100
|-heal|p1a: Amoonguss|64/100|[from] drain|[of] p2a: Sandman
|
|-heal|p2a: Sandman|69/100|[from] item: Leftovers
|-damage|p1a: Amoonguss|51/100|[from] Salt Cure
|upkeep
|turn|10
|
|t:|1760807952
|move|p2a: Sandman|Ice Punch|p1a: Amoonguss
|-supereffective|p1a: Amoonguss
|-damage|p1a: Amoonguss|27/100
|move|p1a: Amoonguss|Toxic|p2a: Sandman
|-immune|p2a: Sandman|[from] ability: Purifying Salt
|
|-heal|p2a: Sandman|75/100|[from] item: Leftovers
|-damage|p1a: Amoonguss|15/100|[from] Salt Cure
|upkeep
|turn|11
|
|t:|1760807959
|move|p2a: Sandman|Recover|p2a: Sandman
|-heal|p2a: Sandman|100/100
|move|p1a: Amoonguss|Giga Drain|p2a: Sandman
|-crit|p2a: Sandman
|-damage|p2a: Sandman|70/100
|-heal|p1a: Amoonguss|29/100|[from] drain|[of] p2a: Sandman
|
|-heal|p2a: Sandman|76/100|[from] item: Leftovers
|-damage|p1a: Amoonguss|17/100|[from] Salt Cure
|upkeep
|turn|12
|
|t:|1760807963
|move|p2a: Sandman|Salt Cure|p1a: Amoonguss
|-damage|p1a: Amoonguss|7/100
|move|p1a: Amoonguss|Synthesis|p1a: Amoonguss
|-heal|p1a: Amoonguss|57/100
|
|-heal|p2a: Sandman|82/100|[from] item: Leftovers
|-damage|p1a: Amoonguss|45/100|[from] Salt Cure
|upkeep
|turn|13
|
|t:|1760807970
|switch|p2a: Mysterio|Iron Leaves|78/100
|-damage|p2a: Mysterio|66/100|[from] Spikes
|move|p1a: Amoonguss|Foul Play|p2a: Mysterio
|-supereffective|p2a: Mysterio
|-damage|p2a: Mysterio|0 fnt
|faint|p2a: Mysterio
|-end|p2a: Mysterio|Quark Drive|[silent]
|
|-damage|p1a: Amoonguss|33/100|[from] Salt Cure
|upkeep
|
|t:|1760807976
|switch|p2a: Vulture|Cinderace, M|52/100
|turn|14
|
|t:|1760807981
|move|p2a: Vulture|Pyro Ball|p1a: Amoonguss
|-supereffective|p1a: Amoonguss
|-damage|p1a: Amoonguss|0 fnt
|faint|p1a: Amoonguss
|
|upkeep
|
|t:|1760807983
|switch|p1a: Comfey|Comfey, M, shiny|100/100
|turn|15
|
|t:|1760807990
|switch|p2a: Sandman|Garganacl, M, tera:Ghost|82/100
|-damage|p2a: Sandman|70/100|[from] Spikes
|move|p1a: Comfey|Calm Mind|p1a: Comfey
|-boost|p1a: Comfey|spa|1
|-boost|p1a: Comfey|spd|1
|
|-heal|p2a: Sandman|76/100|[from] item: Leftovers
|upkeep
|turn|16
|
|t:|1760807993
|move|p1a: Comfey|Calm Mind|p1a: Comfey
|-boost|p1a: Comfey|spa|1
|-boost|p1a: Comfey|spd|1
|move|p2a: Sandman|Salt Cure|p1a: Comfey
|-damage|p1a: Comfey|84/100
|-start|p1a: Comfey|Salt Cure
|
|-heal|p1a: Comfey|91/100|[from] item: Leftovers
|-heal|p2a: Sandman|82/100|[from] item: Leftovers
|-damage|p1a: Comfey|78/100|[from] Salt Cure
|upkeep
|turn|17
|
|t:|1760807999
|move|p1a: Comfey|Draining Kiss|p2a: Sandman
|-damage|p2a: Sandman|52/100
|-heal|p1a: Comfey|100/100|[from] drain|[of] p2a: Sandman
|move|p2a: Sandman|Ice Punch|p1a: Comfey
|-damage|p1a: Comfey|82/100
|
|-heal|p1a: Comfey|88/100|[from] item: Leftovers
|-heal|p2a: Sandman|59/100|[from] item: Leftovers
|-damage|p1a: Comfey|76/100|[from] Salt Cure
|upkeep
|turn|18
|
|t:|1760808004
|move|p2a: Sandman|Protect|p2a: Sandman
|-singleturn|p2a: Sandman|Protect
|move|p1a: Comfey|Calm Mind|p1a: Comfey
|-boost|p1a: Comfey|spa|1
|-boost|p1a: Comfey|spd|1
|
|-heal|p1a: Comfey|82/100|[from] item: Leftovers
|-heal|p2a: Sandman|65/100|[from] item: Leftovers
|-damage|p1a: Comfey|69/100|[from] Salt Cure
|upkeep
|turn|19
|
|t:|1760808012
|move|p1a: Comfey|Draining Kiss|p2a: Sandman
|-crit|p2a: Sandman
|-damage|p2a: Sandman|6/100
|-heal|p1a: Comfey|100/100|[from] drain|[of] p2a: Sandman
|move|p2a: Sandman|Recover|p2a: Sandman
|-heal|p2a: Sandman|56/100
|
|-heal|p2a: Sandman|62/100|[from] item: Leftovers
|-damage|p1a: Comfey|88/100|[from] Salt Cure
|upkeep
|turn|20
|
|t:|1760808023
|switch|p2a: Vulture|Cinderace, M|52/100
|move|p1a: Comfey|Calm Mind|p1a: Comfey
|-boost|p1a: Comfey|spa|1
|-boost|p1a: Comfey|spd|1
|
|-heal|p1a: Comfey|94/100|[from] item: Leftovers
|-damage|p1a: Comfey|82/100|[from] Salt Cure
|upkeep
|turn|21
|
|t:|1760808035
|move|p1a: Comfey|Draining Kiss|p2a: Vulture
|-resisted|p2a: Vulture
|-damage|p2a: Vulture|18/100
|-heal|p1a: Comfey|100/100|[from] drain|[of] p2a: Vulture
|move|p2a: Vulture|Pyro Ball|p1a: Comfey
|-damage|p1a: Comfey|43/100
|
|-heal|p1a: Comfey|50/100|[from] item: Leftovers
|-damage|p1a: Comfey|37/100|[from] Salt Cure
|upkeep
|turn|22
|
|t:|1760808048
|move|p1a: Comfey|Draining Kiss|p2a: Vulture
|-resisted|p2a: Vulture
|-damage|p2a: Vulture|0 fnt
|-heal|p1a: Comfey|50/100|[from] drain|[of] p2a: Vulture
|faint|p2a: Vulture
|
|-heal|p1a: Comfey|57/100|[from] item: Leftovers
|-damage|p1a: Comfey|44/100|[from] Salt Cure
|upkeep
|
|t:|1760808067
|switch|p2a: Sandman|Garganacl, M, tera:Ghost|62/100
|-damage|p2a: Sandman|50/100|[from] Spikes
|turn|23
|
|t:|1760808085
|move|p1a: Comfey|Draining Kiss|p2a: Sandman
|-damage|p2a: Sandman|1/100
|-heal|p1a: Comfey|93/100|[from] drain|[of] p2a: Sandman
|move|p2a: Sandman|Recover|p2a: Sandman
|-heal|p2a: Sandman|51/100
|
|-heal|p1a: Comfey|99/100|[from] item: Leftovers
|-heal|p2a: Sandman|57/100|[from] item: Leftovers
|-damage|p1a: Comfey|87/100|[from] Salt Cure
|upkeep
|turn|24
|-message|hgnhgmccghhcygn forfeited.
|
|win|Manolokiwi
|raw|Manolokiwi's rating: 1104 &rarr; <strong>1127</strong><br />(+23 for winning)
|raw|hgnhgmccghhcygn's rating: 1075 &rarr; <strong>1056</strong><br />(-19 for losing)
|l|☆hgnhgmccghhcygn
|player|p2|
|l|☆Manolokiwi
|player|p1|
