|j|☆Aggronzzz
|j|☆Elite Sabrina
|t:|1760751520
|gametype|singles
|player|p1|Aggronzzz|rocketgruntf|1390
|player|p2|Elite Sabrina|170|1406
|gen|9
|tier|[Gen 9] OU
|rated|
|rule|HP Percentage Mod: HP is shown in percentages
|rule|Endless Battle Clause: Forcing endless battles is banned
|rule|Species Clause: Limit one of each Pokémon
|rule|OHKO Clause: OHKO moves are banned
|rule|Evasion Items Clause: Evasion items are banned
|rule|Evasion Moves Clause: Evasion moves are banned
|rule|Evasion Abilities Clause: Evasion abilities are banned
|rule|Sleep Moves Clause: Sleep-inducing moves are banned
|clearpoke
|poke|p1|Tyranitar, F|
|poke|p1|Garganacl, F|
|poke|p1|Garchomp, F|
|poke|p1|Gliscor, M|
|poke|p1|Excadrill, F|
|poke|p1|Tinkaton, F|
|poke|p2|Pelipper, F|
|poke|p2|Pecharunt|
|poke|p2|Basculegion-F, F|
|poke|p2|Ogerpon-Wellspring, F|
|poke|p2|Clefable, M|
|poke|p2|Scizor, F|
|teampreview
|inactive|Battle timer is ON: inactive players will automatically lose when time's up. (requested by Aggronzzz)
|c|☆Elite Sabrina|gl hf
|c|☆Aggronzzz|glhf
|
|t:|1760751537
|teamsize|p1|6
|teamsize|p2|6
|start
|switch|p1a: Tinkaton|Tinkaton, F|100/100
|switch|p2a: Scizor|Scizor, F|100/100
|-ability|p1a: Tinkaton|Mold Breaker
|turn|1
|
|t:|1760751545
|move|p1a: Tinkaton|Thunder Wave|p2a: Scizor
|-status|p2a: Scizor|par
|move|p2a: Scizor|Swords Dance|p2a: Scizor
|-boost|p2a: Scizor|atk|2
|
|upkeep
|turn|2
|
|t:|1760751554
|move|p1a: Tinkaton|Encore|p2a: Scizor
|-start|p2a: Scizor|Encore
|move|p2a: Scizor|Swords Dance|p2a: Scizor
|-boost|p2a: Scizor|atk|2
|
|upkeep
|turn|3
|
|t:|1760751557
|switch|p1a: Garganacl|Garganacl, F|100/100
|move|p2a: Scizor|Swords Dance|p2a: Scizor
|-boost|p2a: Scizor|atk|2
|
|upkeep
|turn|4
|
|t:|1760751563
|move|p1a: Garganacl|Salt Cure|p2a: Scizor
|-crit|p2a: Scizor
|-damage|p2a: Scizor|81/100 par
|-start|p2a: Scizor|Salt Cure
|move|p2a: Scizor|Swords Dance|p2a: Scizor
|-boost|p2a: Scizor|atk|0
|
|-damage|p2a: Scizor|56/100 par|[from] Salt Cure
|-end|p2a: Scizor|Encore
|upkeep
|turn|5
|
|t:|1760751574
|switch|p1a: Excadrill|Excadrill, F|100/100
|move|p2a: Scizor|Bullet Punch|p1a: Excadrill
|-resisted|p1a: Excadrill
|-enditem|p1a: Excadrill|Focus Sash
|-damage|p1a: Excadrill|1/100
|
|-damage|p2a: Scizor|31/100 par|[from] Salt Cure
|upkeep
|-enditem|p2a: Scizor|Sitrus Berry|[eat]
|-heal|p2a: Scizor|56/100 par|[from] item: Sitrus Berry
|turn|6
|
|t:|1760751582
|switch|p1a: Garchomp|Garchomp, F|100/100
|cant|p2a: Scizor|par
|
|-damage|p2a: Scizor|31/100 par|[from] Salt Cure
|upkeep
|turn|7
|
|t:|1760751586
|move|p2a: Scizor|Bullet Punch|p1a: Garchomp
|-damage|p1a: Garchomp|0 fnt
|-damage|p2a: Scizor|19/100 par|[from] ability: Rough Skin|[of] p1a: Garchomp
|faint|p1a: Garchomp
|
|-damage|p2a: Scizor|0 fnt|[from] Salt Cure
|faint|p2a: Scizor
|upkeep
|
|t:|1760751592
|switch|p1a: Tyranitar|Tyranitar, F|100/100
|switch|p2a: Pelipper|Pelipper, F|100/100
|-weather|Sandstorm|[from] ability: Sand Stream|[of] p1a: Tyranitar
|-weather|RainDance|[from] ability: Drizzle|[of] p2a: Pelipper
|turn|8
|
|t:|1760751600
|switch|p2a: Pecharunt|Pecharunt|100/100
|move|p1a: Tyranitar|Stealth Rock|p2a: Pecharunt
|-sidestart|p2: Elite Sabrina|move: Stealth Rock
|
|-weather|RainDance|[upkeep]
|upkeep
|turn|9
|
|t:|1760751605
|switch|p1a: Excadrill|Excadrill, F|1/100
|move|p2a: Pecharunt|Parting Shot|p1a: Excadrill
|-unboost|p1a: Excadrill|atk|1
|-unboost|p1a: Excadrill|spa|1
|
|t:|1760751611
|switch|p2a: Basculegion|Basculegion-F, F|100/100|[from] Parting Shot
|-damage|p2a: Basculegion|88/100|[from] Stealth Rock
|
|-weather|RainDance|[upkeep]
|upkeep
|turn|10
|
|t:|1760751614
|switch|p1a: Tyranitar|Tyranitar, F|100/100
|-weather|Sandstorm|[from] ability: Sand Stream|[of] p1a: Tyranitar
|move|p2a: Basculegion|Surf|p1a: Tyranitar
|-supereffective|p1a: Tyranitar
|-damage|p1a: Tyranitar|68/100
|
|-weather|Sandstorm|[upkeep]
|-damage|p2a: Basculegion|82/100|[from] Sandstorm
|upkeep
|turn|11
|
|t:|1760751619
|move|p2a: Basculegion|Flip Turn|p1a: Tyranitar
|-supereffective|p1a: Tyranitar
|-damage|p1a: Tyranitar|40/100
|
|t:|1760751622
|switch|p2a: Clefable|Clefable, M|100/100|[from] Flip Turn
|move|p1a: Tyranitar|Knock Off|p2a: Clefable
|-resisted|p2a: Clefable
|-damage|p2a: Clefable|76/100
|-enditem|p2a: Clefable|Heavy-Duty Boots|[from] move: Knock Off|[of] p1a: Tyranitar
|
|-weather|Sandstorm|[upkeep]
|-damage|p2a: Clefable|70/100|[from] Sandstorm
|upkeep
|turn|12
|
|t:|1760751631
|switch|p1a: Garganacl|Garganacl, F|100/100
|move|p2a: Clefable|Stealth Rock|p1a: Garganacl
|-sidestart|p1: Aggronzzz|move: Stealth Rock
|
|-weather|Sandstorm|[upkeep]
|-damage|p2a: Clefable|64/100|[from] Sandstorm
|upkeep
|turn|13
|
|t:|1760751637
|move|p2a: Clefable|Wish|p2a: Clefable
|move|p1a: Garganacl|Salt Cure|p2a: Clefable
|-damage|p2a: Clefable|48/100
|-start|p2a: Clefable|Salt Cure
|
|-weather|Sandstorm|[upkeep]
|-damage|p2a: Clefable|42/100|[from] Sandstorm
|-damage|p2a: Clefable|30/100|[from] Salt Cure
|upkeep
|turn|14
|
|t:|1760751643
|switch|p2a: Pecharunt|Pecharunt|100/100
|-damage|p2a: Pecharunt|88/100|[from] Stealth Rock
|move|p1a: Garganacl|Curse|p1a: Garganacl
|-unboost|p1a: Garganacl|spe|1
|-boost|p1a: Garganacl|atk|1
|-boost|p1a: Garganacl|def|1
|
|-weather|Sandstorm|[upkeep]
|-damage|p2a: Pecharunt|82/100|[from] Sandstorm
|-heal|p2a: Pecharunt|100/100|[from] move: Wish|[wisher] Clefable
|upkeep
|turn|15
|
|t:|1760751648
|move|p2a: Pecharunt|Curse|p1a: Garganacl
|-start|p1a: Garganacl|Curse|[of] p2a: Pecharunt
|-damage|p2a: Pecharunt|51/100
|move|p1a: Garganacl|Curse|p1a: Garganacl
|-unboost|p1a: Garganacl|spe|1
|-boost|p1a: Garganacl|atk|1
|-boost|p1a: Garganacl|def|1
|
|-weather|Sandstorm|[upkeep]
|-damage|p2a: Pecharunt|45/100|[from] Sandstorm
|-damage|p1a: Garganacl|75/100|[from] Curse
|upkeep
|turn|16
|
|t:|1760751656
|move|p2a: Pecharunt|Parting Shot|p1a: Garganacl
|-unboost|p1a: Garganacl|atk|1
|-unboost|p1a: Garganacl|spa|1
|
|t:|1760751660
|switch|p2a: Clefable|Clefable, M|30/100|[from] Parting Shot
|-damage|p2a: Clefable|18/100|[from] Stealth Rock
|move|p1a: Garganacl|Salt Cure|p2a: Clefable
|-damage|p2a: Clefable|1/100
|-start|p2a: Clefable|Salt Cure
|
|-weather|Sandstorm|[upkeep]
|-damage|p2a: Clefable|0 fnt|[from] Sandstorm
|faint|p2a: Clefable
|-heal|p1a: Garganacl|82/100|[from] item: Leftovers
|-damage|p1a: Garganacl|57/100|[from] Curse
|upkeep
|
|t:|1760751663
|switch|p2a: Pelipper|Pelipper, F|100/100
|-damage|p2a: Pelipper|76/100|[from] Stealth Rock
|-weather|RainDance|[from] ability: Drizzle|[of] p2a: Pelipper
|turn|17
|
|t:|1760751669
|move|p2a: Pelipper|U-turn|p1a: Garganacl
|-damage|p1a: Garganacl|53/100
|
|t:|1760751675
|switch|p2a: Pecharunt|Pecharunt|45/100|[from] U-turn
|-damage|p2a: Pecharunt|32/100|[from] Stealth Rock
|move|p1a: Garganacl|Recover|p1a: Garganacl
|-heal|p1a: Garganacl|100/100
|
|-weather|RainDance|[upkeep]
|-damage|p1a: Garganacl|75/100|[from] Curse
|upkeep
|turn|18
|
|t:|1760751683
|move|p2a: Pecharunt|Parting Shot|p1a: Garganacl
|-unboost|p1a: Garganacl|atk|1
|-unboost|p1a: Garganacl|spa|1
|
|t:|1760751687
|switch|p2a: Pelipper|Pelipper, F|76/100|[from] Parting Shot
|-damage|p2a: Pelipper|51/100|[from] Stealth Rock
|move|p1a: Garganacl|Earthquake|p2a: Pelipper
|-immune|p2a: Pelipper
|
|-weather|RainDance|[upkeep]
|-heal|p1a: Garganacl|82/100|[from] item: Leftovers
|-damage|p1a: Garganacl|57/100|[from] Curse
|upkeep
|turn|19
|
|t:|1760751694
|move|p2a: Pelipper|Weather Ball|p1a: Garganacl
|-supereffective|p1a: Garganacl
|-damage|p1a: Garganacl|0 fnt
|faint|p1a: Garganacl
|
|-weather|RainDance|[upkeep]
|upkeep
|
|t:|1760751698
|switch|p1a: Tyranitar|Tyranitar, F|40/100
|-damage|p1a: Tyranitar|27/100|[from] Stealth Rock
|-weather|Sandstorm|[from] ability: Sand Stream|[of] p1a: Tyranitar
|turn|20
|
|t:|1760751702
|switch|p2a: Pecharunt|Pecharunt|32/100
|-damage|p2a: Pecharunt|20/100|[from] Stealth Rock
|move|p1a: Tyranitar|Dragon Tail|p2a: Pecharunt
|-damage|p2a: Pecharunt|6/100
|drag|p2a: Pelipper|Pelipper, F|51/100
|-damage|p2a: Pelipper|26/100|[from] Stealth Rock
|-weather|RainDance|[from] ability: Drizzle|[of] p2a: Pelipper
|
|-weather|RainDance|[upkeep]
|upkeep
|turn|21
|
|t:|1760751708
|switch|p1a: Excadrill|Excadrill, F|1/100
|-damage|p1a: Excadrill|0 fnt|[from] Stealth Rock
|faint|p1a: Excadrill
|switch|p2a: Pecharunt|Pecharunt|6/100
|-damage|p2a: Pecharunt|0 fnt|[from] Stealth Rock
|faint|p2a: Pecharunt
|
|-weather|RainDance|[upkeep]
|upkeep
|
|t:|1760751714
|switch|p2a: Basculegion|Basculegion-F, F|82/100
|switch|p1a: Tinkaton|Tinkaton, F|100/100
|-damage|p2a: Basculegion|70/100|[from] Stealth Rock
|-ability|p1a: Tinkaton|Mold Breaker
|turn|22
|
|t:|1760751719
|move|p2a: Basculegion|Surf|p1a: Tinkaton
|-damage|p1a: Tinkaton|53/100
|move|p1a: Tinkaton|Thunder Wave|p2a: Basculegion
|-status|p2a: Basculegion|par
|
|-weather|RainDance|[upkeep]
|upkeep
|turn|23
|
|t:|1760751723
|move|p1a: Tinkaton|Gigaton Hammer|p2a: Basculegion
|-resisted|p2a: Basculegion
|-damage|p2a: Basculegion|45/100 par
|cant|p2a: Basculegion|par
|
|-weather|RainDance|[upkeep]
|upkeep
|turn|24
|
|t:|1760751730
|switch|p1a: Tyranitar|Tyranitar, F|27/100
|-damage|p1a: Tyranitar|15/100|[from] Stealth Rock
|-weather|Sandstorm|[from] ability: Sand Stream|[of] p1a: Tyranitar
|move|p2a: Basculegion|Surf|p1a: Tyranitar
|-supereffective|p1a: Tyranitar
|-damage|p1a: Tyranitar|0 fnt
|faint|p1a: Tyranitar
|
|-weather|Sandstorm|[upkeep]
|-damage|p2a: Basculegion|39/100 par|[from] Sandstorm
|upkeep
|
|t:|1760751734
|switch|p1a: Tinkaton|Tinkaton, F|53/100
|-ability|p1a: Tinkaton|Mold Breaker
|turn|25
|
|t:|1760751741
|switch|p2a: Pelipper|Pelipper, F|26/100
|-damage|p2a: Pelipper|1/100|[from] Stealth Rock
|-weather|RainDance|[from] ability: Drizzle|[of] p2a: Pelipper
|move|p1a: Tinkaton|Ice Hammer|p2a: Pelipper
|-damage|p2a: Pelipper|0 fnt
|-unboost|p1a: Tinkaton|spe|1
|faint|p2a: Pelipper
|
|-weather|RainDance|[upkeep]
|upkeep
|
|t:|1760751747
|switch|p2a: Ogerpon|Ogerpon-Wellspring, F|100/100
|-damage|p2a: Ogerpon|88/100|[from] Stealth Rock
|turn|26
|
|t:|1760751752
|-terastallize|p2a: Ogerpon|Water
|detailschange|p2a: Ogerpon|Ogerpon-Wellspring-Tera, F, tera:Water
|-ability|p2a: Ogerpon|Embody Aspect (Wellspring)|boost
|-boost|p2a: Ogerpon|spd|1
|move|p2a: Ogerpon|Ivy Cudgel|p1a: Tinkaton|[anim] Ivy Cudgel Water
|-crit|p1a: Tinkaton
|-damage|p1a: Tinkaton|0 fnt
|faint|p1a: Tinkaton
|
|-weather|RainDance|[upkeep]
|upkeep
|
|t:|1760751757
|switch|p1a: Gliscor|Gliscor, M|100/100
|-damage|p1a: Gliscor|88/100|[from] Stealth Rock
|turn|27
|
|t:|1760751760
|move|p1a: Gliscor|Protect|p1a: Gliscor
|-singleturn|p1a: Gliscor|Protect
|move|p2a: Ogerpon|Swords Dance|p2a: Ogerpon
|-boost|p2a: Ogerpon|atk|2
|
|-weather|RainDance|[upkeep]
|-status|p1a: Gliscor|tox|[from] item: Toxic Orb
|upkeep
|turn|28
|
|t:|1760751764
|move|p2a: Ogerpon|Horn Leech|p1a: Gliscor
|-damage|p1a: Gliscor|28/100 tox
|-heal|p2a: Ogerpon|100/100|[from] drain|[of] p1a: Gliscor
|move|p1a: Gliscor|Earthquake|p2a: Ogerpon
|-damage|p2a: Ogerpon|54/100
|
|-weather|RainDance|[upkeep]
|-heal|p1a: Gliscor|41/100 tox|[from] ability: Poison Heal
|upkeep
|turn|29
|
|t:|1760751767
|move|p1a: Gliscor|Protect|p1a: Gliscor
|-singleturn|p1a: Gliscor|Protect
|move|p2a: Ogerpon|Horn Leech|p1a: Gliscor
|-activate|p1a: Gliscor|move: Protect
|
|-weather|RainDance|[upkeep]
|-heal|p1a: Gliscor|53/100 tox|[from] ability: Poison Heal
|upkeep
|turn|30
|
|t:|1760751772
|move|p2a: Ogerpon|Horn Leech|p1a: Gliscor
|-damage|p1a: Gliscor|0 fnt
|-heal|p2a: Ogerpon|86/100|[from] drain|[of] p1a: Gliscor
|faint|p1a: Gliscor
|
|win|Elite Sabrina
|raw|Aggronzzz's rating: 1390 &rarr; <strong>1371</strong><br />(-19 for losing)
|raw|Elite Sabrina's rating: 1406 &rarr; <strong>1425</strong><br />(+19 for winning)
|c|☆Aggronzzz|gg
|c|☆Elite Sabrina|gg
|l|☆Elite Sabrina
|player|p2|
|l|☆Aggronzzz
|player|p1|
