|j|☆sus skibidi
|j|☆healboy009
|t:|1760761390
|gametype|singles
|player|p1|sus skibidi|miku-ice|1445
|player|p2|healboy009|backpacker|1485
|gen|9
|tier|[Gen 9] OU
|rated|
|rule|HP Percentage Mod: HP is shown in percentages
|rule|Endless Battle Clause: Forcing endless battles is banned
|rule|Species Clause: Limit one of each Pokémon
|rule|OHKO Clause: OHKO moves are banned
|rule|Evasion Items Clause: Evasion items are banned
|rule|Evasion Moves Clause: Evasion moves are banned
|rule|Evasion Abilities Clause: Evasion abilities are banned
|rule|Sleep Moves Clause: Sleep-inducing moves are banned
|clearpoke
|poke|p1|Heatran, M|
|poke|p1|Ogerpon-Wellspring, F|
|poke|p1|Dragonite, M|
|poke|p1|Hatterene, F|
|poke|p1|Garganacl, M|
|poke|p1|Great Tusk|
|poke|p2|Dondozo, M|
|poke|p2|Blissey, F|
|poke|p2|Gliscor, M|
|poke|p2|Toxapex, M|
|poke|p2|Slowking-Galar, F|
|poke|p2|Amoonguss, M|
|teampreview
|inactive|Battle timer is ON: inactive players will automatically lose when time's up. (requested by sus skibidi)
|inactive|sus skibidi has 120 seconds left.
|
|t:|1760761448
|teamsize|p1|6
|teamsize|p2|6
|start
|switch|p1a: Awel Sum|Ogerpon-Wellspring, F|100/100
|switch|p2a: Gliscor|Gliscor, M|100/100
|turn|1
|
|t:|1760761453
|move|p2a: Gliscor|Protect|p2a: Gliscor
|-singleturn|p2a: Gliscor|Protect
|move|p1a: Awel Sum|Ivy Cudgel|p2a: Gliscor|[anim] Ivy Cudgel Water
|-activate|p2a: Gliscor|move: Protect
|
|-status|p2a: Gliscor|tox|[from] item: Toxic Orb
|upkeep
|turn|2
|
|t:|1760761460
|switch|p1a: Forever More Quoth|Hatterene, F|100/100
|move|p2a: Gliscor|Toxic|p1a: Forever More Quoth
|move|p1a: Forever More Quoth|Toxic|p2a: Gliscor|[from] ability: Magic Bounce
|-fail|p2a: Gliscor|tox
|
|upkeep
|turn|3
|
|t:|1760761467
|move|p2a: Gliscor|Knock Off|p1a: Forever More Quoth
|-damage|p1a: Forever More Quoth|81/100
|-damage|p2a: Gliscor|84/100 tox|[from] item: Rocky Helmet|[of] p1a: Forever More Quoth
|-enditem|p1a: Forever More Quoth|Rocky Helmet|[from] move: Knock Off|[of] p2a: Gliscor
|move|p1a: Forever More Quoth|Psychic Noise|p2a: Gliscor
|-damage|p2a: Gliscor|42/100 tox
|-start|p2a: Gliscor|move: Heal Block
|
|upkeep
|turn|4
|
|t:|1760761483
|move|p2a: Gliscor|Protect|p2a: Gliscor
|-singleturn|p2a: Gliscor|Protect
|move|p1a: Forever More Quoth|Nuzzle|p2a: Gliscor
|-activate|p2a: Gliscor|move: Protect
|
|-end|p2a: Gliscor|move: Heal Block
|upkeep
|turn|5
|
|t:|1760761490
|switch|p2a: Slowking|Slowking-Galar, F|100/100
|move|p1a: Forever More Quoth|Psychic Noise|p2a: Slowking
|-damage|p2a: Slowking|80/100
|-start|p2a: Slowking|move: Heal Block
|
|upkeep
|turn|6
|
|t:|1760761499
|switch|p1a: Guanciale|Garganacl, M, shiny|100/100
|move|p2a: Slowking|Psychic Noise|p1a: Guanciale
|-damage|p1a: Guanciale|82/100
|-start|p1a: Guanciale|move: Heal Block
|
|-end|p2a: Slowking|move: Heal Block
|upkeep
|turn|7
|
|t:|1760761508
|move|p1a: Guanciale|Salt Cure|p2a: Slowking
|-damage|p2a: Slowking|67/100
|-start|p2a: Slowking|Salt Cure
|move|p2a: Slowking|Sludge Bomb|p1a: Guanciale
|-resisted|p1a: Guanciale
|-damage|p1a: Guanciale|71/100
|
|-damage|p2a: Slowking|54/100|[from] Salt Cure
|-end|p1a: Guanciale|move: Heal Block
|upkeep
|turn|8
|
|t:|1760761518
|move|p1a: Guanciale|Curse|p1a: Guanciale
|-unboost|p1a: Guanciale|spe|1
|-boost|p1a: Guanciale|atk|1
|-boost|p1a: Guanciale|def|1
|move|p2a: Slowking|Psychic Noise|p1a: Guanciale
|-damage|p1a: Guanciale|51/100
|-start|p1a: Guanciale|move: Heal Block
|
|-damage|p2a: Slowking|42/100|[from] Salt Cure
|upkeep
|turn|9
|
|t:|1760761524
|move|p1a: Guanciale|Earthquake|p2a: Slowking
|-supereffective|p2a: Slowking
|-damage|p2a: Slowking|0 fnt
|faint|p2a: Slowking
|
|-end|p1a: Guanciale|move: Heal Block
|upkeep
|
|t:|1760761537
|switch|p2a: Amoonguss|Amoonguss, M|100/100
|turn|10
|
|t:|1760761544
|move|p2a: Amoonguss|Clear Smog|p1a: Guanciale
|-resisted|p1a: Guanciale
|-damage|p1a: Guanciale|46/100
|-clearboost|p1a: Guanciale
|move|p1a: Guanciale|Recover|p1a: Guanciale
|-heal|p1a: Guanciale|96/100
|
|-heal|p1a: Guanciale|100/100|[from] item: Leftovers
|upkeep
|turn|11
|
|t:|1760761553
|switch|p1a: Dodge|Heatran, M|100/100
|-item|p1a: Dodge|Air Balloon
|move|p2a: Amoonguss|Toxic|p1a: Dodge
|-immune|p1a: Dodge
|
|upkeep
|turn|12
|
|t:|1760761561
|switch|p2a: Blissey|Blissey, F|100/100
|move|p1a: Dodge|Flamethrower|p2a: Blissey
|-damage|p2a: Blissey|82/100
|
|upkeep
|turn|13
|
|t:|1760761567
|switch|p1a: Guanciale|Garganacl, M, shiny|100/100
|move|p2a: Blissey|Seismic Toss|p1a: Guanciale
|-damage|p1a: Guanciale|76/100
|
|-heal|p1a: Guanciale|82/100|[from] item: Leftovers
|upkeep
|turn|14
|
|t:|1760761573
|switch|p2a: Gliscor|Gliscor, M|42/100 tox
|switch|p1a: Forever More Quoth|Hatterene, F|81/100
|
|-heal|p2a: Gliscor|55/100 tox|[from] ability: Poison Heal
|upkeep
|turn|15
|
|t:|1760761578
|move|p2a: Gliscor|Protect|p2a: Gliscor
|-singleturn|p2a: Gliscor|Protect
|move|p1a: Forever More Quoth|Psychic Noise|p2a: Gliscor
|-activate|p2a: Gliscor|move: Protect
|
|-heal|p2a: Gliscor|67/100 tox|[from] ability: Poison Heal
|upkeep
|turn|16
|
|t:|1760761585
|switch|p2a: Blissey|Blissey, F|82/100
|move|p1a: Forever More Quoth|Psychic Noise|p2a: Blissey
|-damage|p2a: Blissey|69/100
|-start|p2a: Blissey|move: Heal Block
|
|upkeep
|turn|17
|
|t:|1760761593
|move|p2a: Blissey|Seismic Toss|p1a: Forever More Quoth
|-damage|p1a: Forever More Quoth|50/100
|move|p1a: Forever More Quoth|Nuzzle|p2a: Blissey
|-damage|p2a: Blissey|65/100
|-status|p2a: Blissey|par
|
|-end|p2a: Blissey|move: Heal Block
|upkeep
|turn|18
|
|t:|1760761599
|move|p1a: Forever More Quoth|Psychic Noise|p2a: Blissey
|-damage|p2a: Blissey|53/100 par
|-start|p2a: Blissey|move: Heal Block
|cant|p2a: Blissey|move: Heal Block|Soft-Boiled
|
|upkeep
|turn|19
|
|t:|1760761603
|move|p1a: Forever More Quoth|Psychic Noise|p2a: Blissey
|-damage|p2a: Blissey|39/100 par
|move|p2a: Blissey|Seismic Toss|p1a: Forever More Quoth
|-damage|p1a: Forever More Quoth|18/100
|
|-end|p2a: Blissey|move: Heal Block
|upkeep
|turn|20
|
|t:|1760761611
|-curestatus|p2a: Blissey|par|[from] ability: Natural Cure
|switch|p2a: Toxapex|Toxapex, M|100/100
|move|p1a: Forever More Quoth|Pain Split|p2a: Toxapex
|-sethp|p2a: Toxapex|60/100|[from] move: Pain Split|[silent]
|-sethp|p1a: Forever More Quoth|57/100|[from] move: Pain Split
|
|upkeep
|turn|21
|
|t:|1760761617
|switch|p2a: Blissey|Blissey, F|39/100
|move|p1a: Forever More Quoth|Psychic Noise|p2a: Blissey
|-damage|p2a: Blissey|26/100
|-start|p2a: Blissey|move: Heal Block
|
|upkeep
|turn|22
|
|t:|1760761625
|switch|p2a: Gliscor|Gliscor, M|67/100 tox
|move|p1a: Forever More Quoth|Dazzling Gleam|p2a: Gliscor
|-damage|p2a: Gliscor|25/100 tox
|
|-heal|p2a: Gliscor|37/100 tox|[from] ability: Poison Heal
|upkeep
|turn|23
|
|t:|1760761630
|move|p2a: Gliscor|Protect|p2a: Gliscor
|-singleturn|p2a: Gliscor|Protect
|move|p1a: Forever More Quoth|Psychic Noise|p2a: Gliscor
|-activate|p2a: Gliscor|move: Protect
|
|-heal|p2a: Gliscor|49/100 tox|[from] ability: Poison Heal
|upkeep
|turn|24
|
|t:|1760761636
|switch|p2a: Toxapex|Toxapex, M|93/100
|move|p1a: Forever More Quoth|Psychic Noise|p2a: Toxapex
|-supereffective|p2a: Toxapex
|-damage|p2a: Toxapex|51/100
|-start|p2a: Toxapex|move: Heal Block
|
|upkeep
|turn|25
|
|t:|1760761645
|move|p1a: Forever More Quoth|Psychic Noise|p2a: Toxapex
|-supereffective|p2a: Toxapex
|-damage|p2a: Toxapex|7/100
|move|p2a: Toxapex|Infestation|p1a: Forever More Quoth
|-damage|p1a: Forever More Quoth|54/100
|-activate|p1a: Forever More Quoth|move: Infestation|[of] p2a: Toxapex
|
|-damage|p1a: Forever More Quoth|42/100|[from] move: Infestation|[partiallytrapped]
|-end|p2a: Toxapex|move: Heal Block
|upkeep
|turn|26
|
|t:|1760761654
|switch|p2a: Amoonguss|Amoonguss, M|100/100
|move|p1a: Forever More Quoth|Psychic Noise|p2a: Amoonguss
|-supereffective|p2a: Amoonguss
|-damage|p2a: Amoonguss|35/100
|-start|p2a: Amoonguss|move: Heal Block
|
|-end|p1a: Forever More Quoth|Infestation|[partiallytrapped]|[silent]
|upkeep
|turn|27
|-message|healboy009 forfeited.
|
|win|sus skibidi
|raw|sus skibidi's rating: 1445 &rarr; <strong>1467</strong><br />(+22 for winning)
|raw|healboy009's rating: 1485 &rarr; <strong>1463</strong><br />(-22 for losing)
|l|☆healboy009
|player|p2|
|l|☆sus skibidi
|player|p1|
