|j|☆Tutel123
|j|☆J.GenBax
|t:|1760872792
|gametype|singles
|player|p1|Tutel123|cynthia-gen4|1176
|player|p2|J.GenBax|ingo|1205
|gen|9
|tier|[Gen 9] OU
|rated|
|rule|HP Percentage Mod: HP is shown in percentages
|rule|Endless Battle Clause: Forcing endless battles is banned
|rule|Species Clause: Limit one of each Pokémon
|rule|OHKO Clause: OHKO moves are banned
|rule|Evasion Items Clause: Evasion items are banned
|rule|Evasion Moves Clause: Evasion moves are banned
|rule|Evasion Abilities Clause: Evasion abilities are banned
|rule|Sleep Moves Clause: Sleep-inducing moves are banned
|clearpoke
|poke|p1|Samurott-Hisui, F|
|poke|p1|Gholdengo|
|poke|p1|Enamorus-Therian, F|
|poke|p1|Garchomp, F|
|poke|p1|Glimmora, M|
|poke|p1|Great Tusk|
|poke|p2|Torkoal, M|
|poke|p2|Exeggutor, M|
|poke|p2|Lycanroc, F|
|poke|p2|Garchomp, F|
|poke|p2|Sandy Shocks|
|poke|p2|Tropius, M|
|teampreview
|inactive|Battle timer is ON: inactive players will automatically lose when time's up. (requested by Tutel123)
|
|t:|1760872820
|teamsize|p1|6
|teamsize|p2|6
|start
|switch|p1a: Garchomp|Garchomp, F|100/100
|switch|p2a: Lycanroc|Lycanroc, F|100/100
|turn|1
|
|t:|1760872832
|move|p2a: Lycanroc|Stealth Rock|p1a: Garchomp
|-sidestart|p1: Tutel123|move: Stealth Rock
|move|p1a: Garchomp|Swords Dance|p1a: Garchomp
|-boost|p1a: Garchomp|atk|2
|
|upkeep
|turn|2
|
|t:|1760872841
|move|p2a: Lycanroc|Stealth Rock||[still]
|-fail|p2a: Lycanroc
|move|p1a: Garchomp|Earthquake|p2a: Lycanroc
|-supereffective|p2a: Lycanroc
|-enditem|p2a: Lycanroc|Focus Sash
|-damage|p2a: Lycanroc|1/100
|
|upkeep
|turn|3
|
|t:|1760872846
|switch|p1a: Gholdengo|Gholdengo|100/100
|-damage|p1a: Gholdengo|94/100|[from] Stealth Rock
|move|p2a: Lycanroc|Endeavor|p1a: Gholdengo
|-immune|p1a: Gholdengo
|
|upkeep
|turn|4
|
|t:|1760872858
|switch|p2a: Torkoal|Torkoal, M|100/100
|-weather|SunnyDay|[from] ability: Drought|[of] p2a: Torkoal
|move|p1a: Gholdengo|Shadow Ball|p2a: Torkoal
|-damage|p2a: Torkoal|58/100
|-unboost|p2a: Torkoal|spd|1
|
|-weather|SunnyDay|[upkeep]
|upkeep
|turn|5
|
|t:|1760872866
|move|p1a: Gholdengo|Shadow Ball|p2a: Torkoal
|-damage|p2a: Torkoal|0 fnt
|faint|p2a: Torkoal
|
|-weather|SunnyDay|[upkeep]
|upkeep
|l|☆J.GenBax
|inactive|J.GenBax disconnected and has a minute to reconnect!
|player|p2|
|c|☆Tutel123|Oh you left you bum
|j|☆J.GenBax
|inactive|J.GenBax reconnected and has 120 seconds left.
|player|p2|J.GenBax|ingo|
|
|t:|1760872903
|switch|p2a: Exeggutor|Exeggutor, M|100/100
|turn|6
|
|t:|1760872910
|move|p2a: Exeggutor|Growth|p2a: Exeggutor
|-boost|p2a: Exeggutor|atk|2
|-boost|p2a: Exeggutor|spa|2
|move|p1a: Gholdengo|Shadow Ball|p2a: Exeggutor
|-supereffective|p2a: Exeggutor
|-damage|p2a: Exeggutor|9/100
|
|-weather|SunnyDay|[upkeep]
|upkeep
|turn|7
|
|t:|1760872915
|-terastallize|p2a: Exeggutor|Fire
|move|p2a: Exeggutor|Tera Blast|p1a: Gholdengo|[anim] Tera Blast Fire
|-supereffective|p1a: Gholdengo
|-damage|p1a: Gholdengo|0 fnt
|faint|p1a: Gholdengo
|-damage|p2a: Exeggutor|0 fnt|[from] item: Life Orb
|faint|p2a: Exeggutor
|
|-weather|SunnyDay|[upkeep]
|upkeep
|
|t:|1760872927
|switch|p1a: Great Tusk|Great Tusk, shiny|100/100
|switch|p2a: Garchomp|Garchomp, F|100/100
|-damage|p1a: Great Tusk|98/100|[from] Stealth Rock
|-activate|p1a: Great Tusk|ability: Protosynthesis
|-start|p1a: Great Tusk|protosynthesisatk
|turn|8
|
|t:|1760872933
|move|p1a: Great Tusk|Ice Spinner|p2a: Garchomp
|-supereffective|p2a: Garchomp
|-damage|p2a: Garchomp|0 fnt
|-damage|p1a: Great Tusk|85/100|[from] ability: Rough Skin|[of] p2a: Garchomp
|faint|p2a: Garchomp
|
|-weather|SunnyDay|[upkeep]
|upkeep
|
|t:|1760872942
|switch|p2a: Lycanroc|Lycanroc, F|1/100
|turn|9
|l|☆J.GenBax
|inactive|J.GenBax disconnected and has a minute to reconnect!
|player|p2|
|j|☆J.GenBax
|inactive|J.GenBax reconnected and has 115 seconds left.
|player|p2|J.GenBax|ingo|
|
|t:|1760872975
|move|p1a: Great Tusk|Ice Spinner|p2a: Lycanroc
|-damage|p2a: Lycanroc|0 fnt
|faint|p2a: Lycanroc
|
|-weather|SunnyDay|[upkeep]
|upkeep
|
|t:|1760872981
|switch|p2a: Sandy Shocks|Sandy Shocks|100/100
|-activate|p2a: Sandy Shocks|ability: Protosynthesis
|-start|p2a: Sandy Shocks|protosynthesisspe
|turn|10
|inactive|J.GenBax has 120 seconds left.
|
|t:|1760872990
|move|p2a: Sandy Shocks|Earth Power|p1a: Great Tusk
|-damage|p1a: Great Tusk|23/100
|-unboost|p1a: Great Tusk|spd|1
|move|p1a: Great Tusk|Ice Spinner|p2a: Sandy Shocks
|-supereffective|p2a: Sandy Shocks
|-damage|p2a: Sandy Shocks|24/100
|
|-weather|SunnyDay|[upkeep]
|upkeep
|turn|11
|
|t:|1760873016
|-end|p1a: Great Tusk|Protosynthesis|[silent]
|switch|p1a: Samurott|Samurott-Hisui, F, shiny|100/100
|-damage|p1a: Samurott|88/100|[from] Stealth Rock
|move|p2a: Sandy Shocks|Earth Power|p1a: Samurott
|-damage|p1a: Samurott|28/100
|
|-weather|none
|-end|p2a: Sandy Shocks|Protosynthesis
|upkeep
|-enditem|p2a: Sandy Shocks|Booster Energy
|-activate|p2a: Sandy Shocks|ability: Protosynthesis|[fromitem]
|-start|p2a: Sandy Shocks|protosynthesisspe
|turn|12
|l|☆J.GenBax
|inactive|J.GenBax disconnected and has a minute to reconnect!
|player|p2|
|j|☆J.GenBax
|inactive|J.GenBax reconnected and has 115 seconds left.
|player|p2|J.GenBax|ingo|
|
|t:|1760873045
|move|p1a: Samurott|Aqua Jet|p2a: Sandy Shocks
|-supereffective|p2a: Sandy Shocks
|-damage|p2a: Sandy Shocks|0 fnt
|faint|p2a: Sandy Shocks
|-end|p2a: Sandy Shocks|Protosynthesis|[silent]
|-damage|p1a: Samurott|18/100|[from] item: Life Orb
|
|upkeep
|
|t:|1760873049
|switch|p2a: Tropius|Tropius, M|100/100
|turn|13
|
|t:|1760873052
|move|p1a: Samurott|Ceaseless Edge|p2a: Tropius
|-damage|p2a: Tropius|41/100
|-sidestart|p2: J.GenBax|Spikes
|-damage|p1a: Samurott|9/100|[from] item: Life Orb
|move|p2a: Tropius|Dragon Dance|p2a: Tropius
|-boost|p2a: Tropius|atk|1
|-boost|p2a: Tropius|spe|1
|
|upkeep
|turn|14
|
|t:|1760873064
|move|p1a: Samurott|Aqua Jet|p2a: Tropius
|-resisted|p2a: Tropius
|-damage|p2a: Tropius|28/100
|-damage|p1a: Samurott|0 fnt|[from] item: Life Orb
|faint|p1a: Samurott
|move|p2a: Tropius|Dual Wingbeat|p1: Samurott|[notarget]
|-fail|p2a: Tropius
|
|upkeep
|
|t:|1760873073
|switch|p1a: Garchomp|Garchomp, F|100/100
|-damage|p1a: Garchomp|94/100|[from] Stealth Rock
|turn|15
|
|t:|1760873081
|move|p2a: Tropius|Earthquake|p1a: Garchomp
|-damage|p1a: Garchomp|60/100
|move|p1a: Garchomp|Outrage|p2a: Tropius
|-damage|p2a: Tropius|0 fnt
|faint|p2a: Tropius
|
|win|Tutel123
|raw|Tutel123's rating: 1176 &rarr; <strong>1203</strong><br />(+27 for winning)
|raw|J.GenBax's rating: 1205 &rarr; <strong>1178</strong><br />(-27 for losing)
|l|☆J.GenBax
|player|p2|
|l|☆Tutel123
|player|p1|
