|j|☆1kArrow
|j|☆EtnSucksDontBuyHim
|t:|1760840355
|gametype|singles
|player|p1|1kArrow|zinnia|
|player|p2|EtnSucksDontBuyHim|miku-psychic|
|gen|9
|tier|[Gen 9] OU
|rule|HP Percentage Mod: HP is shown in percentages
|rule|Endless Battle Clause: Forcing endless battles is banned
|rule|Species Clause: Limit one of each Pokémon
|rule|OHKO Clause: OHKO moves are banned
|rule|Evasion Items Clause: Evasion items are banned
|rule|Evasion Moves Clause: Evasion moves are banned
|rule|Evasion Abilities Clause: Evasion abilities are banned
|rule|Sleep Moves Clause: Sleep-inducing moves are banned
|rule|Same Color Clause: Pokémon in a team must be the same color
|raw|<div class="infobox"><details class="readmore" open><summary><strong>3 custom rules:</strong></summary> +Archaludon, +Volcarona, Same Color Clause</details></div>
|clearpoke
|poke|p1|Glimmora, F|
|poke|p1|Masquerain, F|
|poke|p1|Ogerpon-Wellspring, F|
|poke|p1|Primarina, F|
|poke|p1|Iron Crown|
|poke|p1|Garchomp, F|
|poke|p2|Ogerpon-Cornerstone, F|
|poke|p2|Iron Hands|
|poke|p2|Iron Treads|
|poke|p2|Skarmory, F|
|poke|p2|Lokix, M|
|poke|p2|Kyurem|
|teampreview
|c|☆EtnSucksDontBuyHim|hf
|c|☆1kArrow|hf
|
|t:|1760840447
|teamsize|p1|6
|teamsize|p2|6
|start
|switch|p1a: Masquerain|Masquerain, F|100/100
|switch|p2a: Skarmory|Skarmory, F|100/100
|-ability|p1a: Masquerain|Intimidate|boost
|-unboost|p2a: Skarmory|atk|1
|turn|1
|
|t:|1760840463
|move|p1a: Masquerain|Sticky Web|p2a: Skarmory
|-sidestart|p2: EtnSucksDontBuyHim|move: Sticky Web
|move|p2a: Skarmory|Spikes|p1a: Masquerain
|-sidestart|p1: 1kArrow|Spikes
|
|upkeep
|turn|2
|
|t:|1760840497
|switch|p2a: Iron Treads|Iron Treads|100/100
|-activate|p2a: Iron Treads|move: Sticky Web
|-unboost|p2a: Iron Treads|spe|1
|move|p1a: Masquerain|Quiver Dance|p1a: Masquerain
|-boost|p1a: Masquerain|spa|1
|-boost|p1a: Masquerain|spd|1
|-boost|p1a: Masquerain|spe|1
|
|upkeep
|turn|3
|
|t:|1760840510
|-terastallize|p1a: Masquerain|Ghost
|move|p1a: Masquerain|Surf|p2a: Iron Treads
|-supereffective|p2a: Iron Treads
|-damage|p2a: Iron Treads|0 fnt
|faint|p2a: Iron Treads
|-end|p2a: Iron Treads|Quark Drive|[silent]
|
|upkeep
|
|t:|1760840582
|switch|p2a: Skarmory|Skarmory, F|100/100
|turn|4
|
|t:|1760840597
|move|p1a: Masquerain|Surf|p2a: Skarmory
|-damage|p2a: Skarmory|58/100
|move|p2a: Skarmory|Whirlwind|p1a: Masquerain
|drag|p1a: Glimmora|Glimmora, F|100/100
|-damage|p1a: Glimmora|88/100|[from] Spikes
|
|upkeep
|turn|5
|
|t:|1760840608
|move|p1a: Glimmora|Meteor Beam||[still]
|-prepare|p1a: Glimmora|Meteor Beam
|-boost|p1a: Glimmora|spa|1
|-enditem|p1a: Glimmora|Power Herb
|-anim|p1a: Glimmora|Meteor Beam|p2a: Skarmory|[miss]
|-miss|p1a: Glimmora|p2a: Skarmory
|move|p2a: Skarmory|Roost|p2a: Skarmory
|-heal|p2a: Skarmory|100/100
|-singleturn|p2a: Skarmory|move: Roost
|
|upkeep
|turn|6
|c|☆EtnSucksDontBuyHim|lol
|c|☆1kArrow|ofc
|
|t:|1760840631
|move|p1a: Glimmora|Power Gem|p2a: Skarmory
|-damage|p2a: Skarmory|28/100
|move|p2a: Skarmory|Whirlwind|p1a: Glimmora
|drag|p1a: Garchomp|Garchomp, F|100/100
|-damage|p1a: Garchomp|88/100|[from] Spikes
|
|upkeep
|turn|7
|
|t:|1760840667
|move|p1a: Garchomp|Swords Dance|p1a: Garchomp
|-boost|p1a: Garchomp|atk|2
|move|p2a: Skarmory|Roost|p2a: Skarmory
|-heal|p2a: Skarmory|79/100
|-singleturn|p2a: Skarmory|move: Roost
|
|upkeep
|turn|8
|
|t:|1760840701
|move|p1a: Garchomp|Stone Edge|p2a: Skarmory
|-crit|p2a: Skarmory
|-damage|p2a: Skarmory|0 fnt
|faint|p2a: Skarmory
|
|upkeep
|c|☆1kArrow|its ok I miss scale shit for this
|
|t:|1760840781
|switch|p2a: Iron Hands|Iron Hands|100/100
|-activate|p2a: Iron Hands|move: Sticky Web
|-unboost|p2a: Iron Hands|spe|1
|turn|9
|
|t:|1760840801
|-terastallize|p2a: Iron Hands|Flying
|move|p1a: Garchomp|Earthquake|p2a: Iron Hands
|-immune|p2a: Iron Hands
|move|p2a: Iron Hands|Ice Punch|p1a: Garchomp
|-supereffective|p1a: Garchomp
|-damage|p1a: Garchomp|0 fnt
|-damage|p2a: Iron Hands|88/100|[from] ability: Rough Skin|[of] p1a: Garchomp
|faint|p1a: Garchomp
|
|upkeep
|
|t:|1760840806
|switch|p1a: Glimmora|Glimmora, F|88/100
|-damage|p1a: Glimmora|76/100|[from] Spikes
|turn|10
|j| ItsMorbinTime1337
|
|t:|1760840911
|move|p1a: Glimmora|Mortal Spin|p2a: Iron Hands
|-damage|p2a: Iron Hands|83/100
|-status|p2a: Iron Hands|psn
|-sideend|p1: 1kArrow|Spikes|[from] move: Mortal Spin|[of] p1a: Glimmora
|move|p2a: Iron Hands|Drain Punch|p1a: Glimmora
|-damage|p1a: Glimmora|18/100
|-heal|p2a: Iron Hands|100/100 psn|[from] drain|[of] p1a: Glimmora
|-activate|p1a: Glimmora|ability: Toxic Debris
|-sidestart|p2: EtnSucksDontBuyHim|move: Toxic Spikes
|
|-damage|p2a: Iron Hands|88/100 psn|[from] psn
|upkeep
|turn|11
|
|t:|1760840937
|move|p1a: Glimmora|Power Gem|p2a: Iron Hands
|-supereffective|p2a: Iron Hands
|-damage|p2a: Iron Hands|39/100 psn
|move|p2a: Iron Hands|Volt Switch|p1a: Glimmora
|-damage|p1a: Glimmora|1/100
|
|t:|1760840950
|-end|p2a: Iron Hands|Quark Drive|[silent]
|switch|p2a: Lokix|Lokix, M|100/100|[from] Volt Switch
|
|upkeep
|turn|12
|
|t:|1760840961
|move|p2a: Lokix|First Impression|p1a: Glimmora
|-resisted|p1a: Glimmora
|-damage|p1a: Glimmora|0 fnt
|-activate|p1a: Glimmora|ability: Toxic Debris
|-sidestart|p2: EtnSucksDontBuyHim|move: Toxic Spikes
|faint|p1a: Glimmora
|
|upkeep
|
|t:|1760840982
|switch|p1a: Masquerain|Masquerain, F, tera:Ghost|100/100
|-ability|p1a: Masquerain|Intimidate|boost
|-unboost|p2a: Lokix|atk|1
|turn|13
|
|t:|1760841012
|switch|p2a: Kyurem|Kyurem|100/100
|-activate|p2a: Kyurem|move: Sticky Web
|-unboost|p2a: Kyurem|spe|1
|-status|p2a: Kyurem|tox
|-ability|p2a: Kyurem|Pressure
|move|p1a: Masquerain|Hurricane|p2a: Kyurem
|-damage|p2a: Kyurem|56/100 tox
|-start|p2a: Kyurem|confusion
|
|-damage|p2a: Kyurem|50/100 tox|[from] psn
|upkeep
|turn|14
|
|t:|1760841029
|switch|p1a: Iron Crown|Iron Crown|100/100
|-enditem|p1a: Iron Crown|Booster Energy
|-activate|p1a: Iron Crown|ability: Quark Drive|[fromitem]
|-start|p1a: Iron Crown|quarkdrivespe
|-activate|p2a: Kyurem|confusion
|move|p2a: Kyurem|Freeze-Dry|p1a: Iron Crown
|-resisted|p1a: Iron Crown
|-damage|p1a: Iron Crown|83/100
|
|-damage|p2a: Kyurem|37/100 tox|[from] psn
|upkeep
|turn|15
|
|t:|1760841082
|switch|p2a: Ogerpon|Ogerpon-Cornerstone, F|100/100
|-activate|p2a: Ogerpon|move: Sticky Web
|-unboost|p2a: Ogerpon|spe|1
|-status|p2a: Ogerpon|tox
|move|p1a: Iron Crown|Tachyon Cutter|p2a: Ogerpon
|-supereffective|p2a: Ogerpon
|-damage|p2a: Ogerpon|48/100 tox
|-supereffective|p2a: Ogerpon
|-damage|p2a: Ogerpon|0 fnt
|faint|p2a: Ogerpon
|-hitcount|p2: Ogerpon|2
|
|upkeep
|
|t:|1760841092
|switch|p2a: Lokix|Lokix, M|100/100
|turn|16
|
|t:|1760841111
|move|p2a: Lokix|Sucker Punch|p1a: Iron Crown
|-supereffective|p1a: Iron Crown
|-damage|p1a: Iron Crown|17/100
|move|p1a: Iron Crown|Tachyon Cutter|p2a: Lokix
|-damage|p2a: Lokix|53/100
|-damage|p2a: Lokix|11/100
|-hitcount|p2a: Lokix|2
|
|upkeep
|turn|17
|
|t:|1760841121
|move|p2a: Lokix|Sucker Punch||[still]
|-fail|p2a: Lokix
|move|p1a: Iron Crown|Calm Mind|p1a: Iron Crown
|-boost|p1a: Iron Crown|spa|1
|-boost|p1a: Iron Crown|spd|1
|
|upkeep
|turn|18
|
|t:|1760841125
|move|p2a: Lokix|Sucker Punch|p1a: Iron Crown
|-supereffective|p1a: Iron Crown
|-damage|p1a: Iron Crown|0 fnt
|faint|p1a: Iron Crown
|-end|p1a: Iron Crown|Quark Drive|[silent]
|
|upkeep
|
|t:|1760841139
|switch|p1a: Ogerpon|Ogerpon-Wellspring, F|100/100
|turn|19
|
|t:|1760841170
|switch|p2a: Iron Hands|Iron Hands, tera:Flying|39/100 psn
|move|p1a: Ogerpon|Ivy Cudgel|p2a: Iron Hands|[anim] Ivy Cudgel Water
|-damage|p2a: Iron Hands|0 fnt
|faint|p2a: Iron Hands
|-end|p2a: Iron Hands|Quark Drive|[silent]
|
|upkeep
|
|t:|1760841177
|switch|p2a: Lokix|Lokix, M|11/100
|turn|20
|
|t:|1760841180
|move|p2a: Lokix|First Impression|p1a: Ogerpon
|-supereffective|p1a: Ogerpon
|-damage|p1a: Ogerpon|0 fnt
|faint|p1a: Ogerpon
|
|upkeep
|
|t:|1760841183
|switch|p1a: Primarina|Primarina, F|100/100
|turn|21
|
|t:|1760841206
|move|p2a: Lokix|Knock Off|p1a: Primarina
|-resisted|p1a: Primarina
|-damage|p1a: Primarina|48/100
|-enditem|p1a: Primarina|Leftovers|[from] move: Knock Off|[of] p2a: Lokix
|move|p1a: Primarina|Draining Kiss|p2a: Lokix
|-supereffective|p2a: Lokix
|-damage|p2a: Lokix|0 fnt
|-heal|p1a: Primarina|54/100|[from] drain|[of] p2a: Lokix
|faint|p2a: Lokix
|
|upkeep
|
|t:|1760841215
|switch|p2a: Kyurem|Kyurem|37/100 tox
|-activate|p2a: Kyurem|move: Sticky Web
|-unboost|p2a: Kyurem|spe|1
|-ability|p2a: Kyurem|Pressure
|turn|22
|
|t:|1760841222
|move|p2a: Kyurem|Freeze-Dry|p1a: Primarina
|-supereffective|p1a: Primarina
|-damage|p1a: Primarina|0 fnt
|faint|p1a: Primarina
|
|-damage|p2a: Kyurem|31/100 tox|[from] psn
|upkeep
|
|t:|1760841225
|switch|p1a: Masquerain|Masquerain, F, tera:Ghost|100/100
|-ability|p1a: Masquerain|Intimidate|boost
|-unboost|p2a: Kyurem|atk|1
|turn|23
|
|t:|1760841237
|move|p1a: Masquerain|Hurricane|p2a: Kyurem
|-damage|p2a: Kyurem|0 fnt
|faint|p2a: Kyurem
|
|win|1kArrow
|c|☆EtnSucksDontBuyHim|gg
|c|☆1kArrow|gg
