|j|☆moi88763
|j|☆Penguinxdd
|t:|1760844922
|gametype|singles
|player|p1|moi88763|buck|1102
|player|p2|Penguinxdd|veteran|1150
|gen|9
|tier|[Gen 9] OU
|rated|
|rule|HP Percentage Mod: HP is shown in percentages
|rule|Endless Battle Clause: Forcing endless battles is banned
|rule|Species Clause: Limit one of each Pokémon
|rule|OHKO Clause: OHKO moves are banned
|rule|Evasion Items Clause: Evasion items are banned
|rule|Evasion Moves Clause: Evasion moves are banned
|rule|Evasion Abilities Clause: Evasion abilities are banned
|rule|Sleep Moves Clause: Sleep-inducing moves are banned
|clearpoke
|poke|p1|Torkoal, M|
|poke|p1|Ceruledge, F|
|poke|p1|Lilligant-Hisui, F|
|poke|p1|Rotom-Wash|
|poke|p1|Bisharp, M|
|poke|p1|Mandibuzz, F|
|poke|p2|Rillaboom, M|
|poke|p2|Fezandipiti, M|
|poke|p2|Weezing-Galar, M|
|poke|p2|Keldeo-Resolute|
|poke|p2|Heatran, F|
|poke|p2|Meowscarada, F|
|teampreview
|
|t:|1760844930
|teamsize|p1|6
|teamsize|p2|6
|start
|switch|p1a: Torkoal|Torkoal, M|100/100
|switch|p2a: Heatran|Heatran, F|100/100
|-weather|SunnyDay|[from] ability: Drought|[of] p1a: Torkoal
|turn|1
|
|t:|1760844936
|move|p2a: Heatran|Earth Power|p1a: Torkoal
|-supereffective|p1a: Torkoal
|-damage|p1a: Torkoal|29/100
|move|p1a: Torkoal|Earth Power|p2a: Heatran
|-supereffective|p2a: Heatran
|-damage|p2a: Heatran|36/100
|
|-weather|SunnyDay|[upkeep]
|-heal|p2a: Heatran|42/100|[from] item: Leftovers
|-heal|p1a: Torkoal|35/100|[from] item: Leftovers
|upkeep
|turn|2
|
|t:|1760844940
|switch|p1a: Rotom|Rotom-Wash|100/100
|move|p2a: Heatran|Earth Power|p1a: Rotom
|-immune|p1a: Rotom|[from] ability: Levitate
|
|-weather|SunnyDay|[upkeep]
|-heal|p2a: Heatran|49/100|[from] item: Leftovers
|upkeep
|turn|3
|
|t:|1760844943
|switch|p2a: Rillaboom|Rillaboom, M|100/100
|-fieldstart|move: Grassy Terrain|[from] ability: Grassy Surge|[of] p2a: Rillaboom
|move|p1a: Rotom|Hydro Pump|p2a: Rillaboom
|-resisted|p2a: Rillaboom
|-crit|p2a: Rillaboom
|-damage|p2a: Rillaboom|83/100
|
|-weather|SunnyDay|[upkeep]
|-heal|p2a: Rillaboom|89/100|[from] Grassy Terrain
|upkeep
|turn|4
|
|t:|1760844948
|move|p2a: Rillaboom|Wood Hammer|p1a: Rotom
|-supereffective|p1a: Rotom
|-damage|p1a: Rotom|0 fnt
|faint|p1a: Rotom
|-damage|p2a: Rillaboom|64/100|[from] Recoil
|
|-weather|SunnyDay|[upkeep]
|-heal|p2a: Rillaboom|70/100|[from] Grassy Terrain
|upkeep
|
|t:|1760844963
|switch|p1a: Ceruledge|Ceruledge, F|100/100
|turn|5
|
|t:|1760844970
|switch|p2a: Weeze-Cigarette|Weezing-Galar, M|100/100
|-ability|p2a: Weeze-Cigarette|Neutralizing Gas
|move|p1a: Ceruledge|Bitter Blade|p2a: Weeze-Cigarette
|-damage|p2a: Weeze-Cigarette|53/100
|
|-weather|none
|-heal|p2a: Weeze-Cigarette|59/100|[from] Grassy Terrain
|upkeep
|turn|6
|
|t:|1760844995
|move|p1a: Ceruledge|Swords Dance|p1a: Ceruledge
|-boost|p1a: Ceruledge|atk|2
|move|p2a: Weeze-Cigarette|Pain Split|p1a: Ceruledge
|-sethp|p1a: Ceruledge|84/100|[from] move: Pain Split|[silent]
|-sethp|p2a: Weeze-Cigarette|73/100|[from] move: Pain Split
|
|-heal|p1a: Ceruledge|90/100|[from] Grassy Terrain
|-heal|p1a: Ceruledge|96/100|[from] item: Leftovers
|-heal|p2a: Weeze-Cigarette|79/100|[from] Grassy Terrain
|upkeep
|turn|7
|
|t:|1760845002
|move|p1a: Ceruledge|Flame Charge|p2a: Weeze-Cigarette
|-damage|p2a: Weeze-Cigarette|45/100
|-boost|p1a: Ceruledge|spe|1
|move|p2a: Weeze-Cigarette|Sludge Bomb|p1a: Ceruledge
|-resisted|p1a: Ceruledge
|-damage|p1a: Ceruledge|79/100
|-status|p1a: Ceruledge|psn
|
|-heal|p1a: Ceruledge|85/100 psn|[from] Grassy Terrain
|-heal|p1a: Ceruledge|91/100 psn|[from] item: Leftovers
|-heal|p2a: Weeze-Cigarette|51/100|[from] Grassy Terrain
|-damage|p1a: Ceruledge|79/100 psn|[from] psn
|-fieldend|move: Grassy Terrain
|upkeep
|turn|8
|
|t:|1760845011
|-end|p2a: Weeze-Cigarette|ability: Neutralizing Gas
|switch|p2a: Rillaboom|Rillaboom, M|70/100
|-fieldstart|move: Grassy Terrain|[from] ability: Grassy Surge|[of] p2a: Rillaboom
|move|p1a: Ceruledge|Bitter Blade|p2a: Rillaboom
|-supereffective|p2a: Rillaboom
|-damage|p2a: Rillaboom|0 fnt
|-heal|p1a: Ceruledge|100/100 psn|[from] drain|[of] p2a: Rillaboom
|faint|p2a: Rillaboom
|
|-damage|p1a: Ceruledge|88/100 psn|[from] psn
|upkeep
|
|t:|1760845012
|switch|p2a: Meowscarada|Meowscarada, F|100/100
|turn|9
|
|t:|1760845018
|move|p2a: Meowscarada|Sucker Punch|p1a: Ceruledge
|-start|p2a: Meowscarada|typechange|Dark|[from] ability: Protean
|-supereffective|p1a: Ceruledge
|-damage|p1a: Ceruledge|0 fnt
|faint|p1a: Ceruledge
|
|upkeep
|
|t:|1760845026
|switch|p1a: Lilligant|Lilligant-Hisui, F|100/100
|turn|10
|
|t:|1760845030
|switch|p2a: Weeze-Cigarette|Weezing-Galar, M|51/100
|-ability|p2a: Weeze-Cigarette|Neutralizing Gas
|move|p1a: Lilligant|Victory Dance|p1a: Lilligant
|-boost|p1a: Lilligant|atk|1
|-boost|p1a: Lilligant|def|1
|-boost|p1a: Lilligant|spe|1
|
|-heal|p2a: Weeze-Cigarette|57/100|[from] Grassy Terrain
|upkeep
|turn|11
|
|t:|1760845040
|move|p1a: Lilligant|Ice Spinner|p2a: Weeze-Cigarette
|-damage|p2a: Weeze-Cigarette|33/100
|-fieldend|move: Grassy Terrain
|move|p2a: Weeze-Cigarette|Will-O-Wisp|p1a: Lilligant
|-status|p1a: Lilligant|brn
|
|-damage|p1a: Lilligant|94/100 brn|[from] brn
|upkeep
|turn|12
|
|t:|1760845045
|move|p1a: Lilligant|Victory Dance|p1a: Lilligant
|-boost|p1a: Lilligant|atk|1
|-boost|p1a: Lilligant|def|1
|-boost|p1a: Lilligant|spe|1
|move|p2a: Weeze-Cigarette|Pain Split|p1a: Lilligant
|-sethp|p1a: Lilligant|67/100 brn|[from] move: Pain Split|[silent]
|-sethp|p2a: Weeze-Cigarette|56/100|[from] move: Pain Split
|
|-heal|p1a: Lilligant|73/100 brn|[from] item: Leftovers
|-damage|p1a: Lilligant|67/100 brn|[from] brn
|upkeep
|turn|13
|
|t:|1760845047
|move|p1a: Lilligant|Ice Spinner|p2a: Weeze-Cigarette
|-damage|p2a: Weeze-Cigarette|42/100
|move|p2a: Weeze-Cigarette|Sludge Bomb|p1a: Lilligant
|-supereffective|p1a: Lilligant
|-damage|p1a: Lilligant|0 fnt
|faint|p1a: Lilligant
|
|upkeep
|
|t:|1760845053
|switch|p1a: Bisharp|Bisharp, M|100/100
|turn|14
|
|t:|1760845063
|-terastallize|p2a: Weeze-Cigarette|Flying
|move|p1a: Bisharp|Iron Head|p2a: Weeze-Cigarette
|-damage|p2a: Weeze-Cigarette|10/100
|cant|p2a: Weeze-Cigarette|flinch
|
|upkeep
|turn|15
|
|t:|1760845068
|move|p1a: Bisharp|Iron Head|p2a: Weeze-Cigarette
|-damage|p2a: Weeze-Cigarette|0 fnt
|faint|p2a: Weeze-Cigarette
|-end|p2a: Weeze-Cigarette|ability: Neutralizing Gas
|
|upkeep
|
|t:|1760845070
|switch|p2a: Keldeo|Keldeo-Resolute|100/100
|turn|16
|
|t:|1760845078
|switch|p1a: Torkoal|Torkoal, M|35/100
|-weather|SunnyDay|[from] ability: Drought|[of] p1a: Torkoal
|move|p2a: Keldeo|Secret Sword|p1a: Torkoal
|-damage|p1a: Torkoal|4/100
|
|-weather|SunnyDay|[upkeep]
|-heal|p1a: Torkoal|10/100|[from] item: Leftovers
|upkeep
|turn|17
|
|t:|1760845083
|move|p2a: Keldeo|Vacuum Wave|p1a: Torkoal
|-damage|p1a: Torkoal|0 fnt
|faint|p1a: Torkoal
|
|-weather|SunnyDay|[upkeep]
|upkeep
|
|t:|1760845087
|switch|p1a: Mandibuzz|Mandibuzz, F|100/100
|turn|18
|
|t:|1760845090
|move|p2a: Keldeo|Flip Turn|p1a: Mandibuzz
|-damage|p1a: Mandibuzz|97/100
|-damage|p2a: Keldeo|84/100|[from] item: Rocky Helmet|[of] p1a: Mandibuzz
|
|t:|1760845094
|switch|p2a: Heatran|Heatran, F|49/100|[from] Flip Turn
|move|p1a: Mandibuzz|Foul Play|p2a: Heatran
|-damage|p2a: Heatran|28/100
|
|-weather|SunnyDay|[upkeep]
|-heal|p2a: Heatran|35/100|[from] item: Leftovers
|upkeep
|turn|19
|
|t:|1760845103
|move|p2a: Heatran|Taunt|p1a: Mandibuzz
|-start|p1a: Mandibuzz|move: Taunt
|move|p1a: Mandibuzz|Foul Play|p2a: Heatran
|-damage|p2a: Heatran|15/100
|
|-weather|SunnyDay|[upkeep]
|-heal|p2a: Heatran|21/100|[from] item: Leftovers
|upkeep
|turn|20
|
|t:|1760845107
|switch|p2a: Fezandipiti|Fezandipiti, M|100/100
|move|p1a: Mandibuzz|Foul Play|p2a: Fezandipiti
|-resisted|p2a: Fezandipiti
|-damage|p2a: Fezandipiti|81/100
|
|-weather|none
|upkeep
|turn|21
|
|t:|1760845116
|move|p2a: Fezandipiti|Gunk Shot|p1a: Mandibuzz
|-damage|p1a: Mandibuzz|71/100
|-status|p1a: Mandibuzz|tox|[from] ability: Toxic Chain|[of] p2a: Fezandipiti
|move|p1a: Mandibuzz|Foul Play|p2a: Fezandipiti
|-resisted|p2a: Fezandipiti
|-damage|p2a: Fezandipiti|61/100
|
|-damage|p1a: Mandibuzz|65/100 tox|[from] psn
|-end|p1a: Mandibuzz|move: Taunt
|upkeep
|turn|22
|
|t:|1760845121
|move|p2a: Fezandipiti|Play Rough|p1a: Mandibuzz
|-supereffective|p1a: Mandibuzz
|-damage|p1a: Mandibuzz|23/100 tox
|-damage|p2a: Fezandipiti|44/100|[from] item: Rocky Helmet|[of] p1a: Mandibuzz
|move|p1a: Mandibuzz|Foul Play|p2a: Fezandipiti
|-resisted|p2a: Fezandipiti
|-damage|p2a: Fezandipiti|25/100
|
|-damage|p1a: Mandibuzz|11/100 tox|[from] psn
|upkeep
|turn|23
|
|t:|1760845127
|move|p2a: Fezandipiti|U-turn|p1a: Mandibuzz
|-damage|p1a: Mandibuzz|2/100 tox
|-damage|p2a: Fezandipiti|8/100|[from] item: Rocky Helmet|[of] p1a: Mandibuzz
|
|t:|1760845132
|switch|p2a: Keldeo|Keldeo-Resolute|84/100|[from] U-turn
|move|p1a: Mandibuzz|Foul Play|p2a: Keldeo
|-resisted|p2a: Keldeo
|-damage|p2a: Keldeo|70/100
|-ability|p2a: Keldeo|Justified|boost
|-boost|p2a: Keldeo|atk|1
|
|-damage|p1a: Mandibuzz|0 fnt|[from] psn
|faint|p1a: Mandibuzz
|upkeep
|
|t:|1760845136
|switch|p1a: Bisharp|Bisharp, M|100/100
|turn|24
|
|t:|1760845142
|-terastallize|p1a: Bisharp|Fighting
|move|p2a: Keldeo|Vacuum Wave|p1a: Bisharp
|-damage|p1a: Bisharp|78/100
|move|p1a: Bisharp|Swords Dance|p1a: Bisharp
|-boost|p1a: Bisharp|atk|2
|
|upkeep
|turn|25
|
|t:|1760845150
|move|p2a: Keldeo|Surf|p1a: Bisharp
|-damage|p1a: Bisharp|28/100
|move|p1a: Bisharp|Low Kick|p2a: Keldeo
|-damage|p2a: Keldeo|0 fnt
|faint|p2a: Keldeo
|
|upkeep
|
|t:|1760845168
|switch|p2a: Meowscarada|Meowscarada, F|100/100
|turn|26
|
|t:|1760845173
|move|p2a: Meowscarada|Sucker Punch|p1a: Bisharp
|-start|p2a: Meowscarada|typechange|Dark|[from] ability: Protean
|-resisted|p1a: Bisharp
|-damage|p1a: Bisharp|6/100
|move|p1a: Bisharp|Low Kick|p2a: Meowscarada
|-supereffective|p2a: Meowscarada
|-damage|p2a: Meowscarada|0 fnt
|faint|p2a: Meowscarada
|
|upkeep
|
|t:|1760845178
|switch|p2a: Fezandipiti|Fezandipiti, M|8/100
|turn|27
|
|t:|1760845182
|move|p1a: Bisharp|Sucker Punch|p2a: Fezandipiti
|-resisted|p2a: Fezandipiti
|-damage|p2a: Fezandipiti|0 fnt
|faint|p2a: Fezandipiti
|
|upkeep
|
|t:|1760845183
|switch|p2a: Heatran|Heatran, F|21/100
|turn|28
|-message|Penguinxdd forfeited.
|
|win|moi88763
|raw|moi88763's rating: 1102 &rarr; <strong>1130</strong><br />(+28 for winning)
|raw|Penguinxdd's rating: 1150 &rarr; <strong>1122</strong><br />(-28 for losing)
|l|☆Penguinxdd
|player|p2|
