|j|☆FaeRyan
|j|☆Best Dark Wall
|t:|1760742642
|gametype|singles
|player|p1|FaeRyan|cynthia-gen4|
|player|p2|Best Dark Wall|265|
|gen|9
|tier|[Gen 9] OU
|rule|HP Percentage Mod: HP is shown in percentages
|rule|Endless Battle Clause: Forcing endless battles is banned
|rule|Species Clause: Limit one of each Pokémon
|rule|OHKO Clause: OHKO moves are banned
|rule|Evasion Items Clause: Evasion items are banned
|rule|Evasion Moves Clause: Evasion moves are banned
|rule|Evasion Abilities Clause: Evasion abilities are banned
|rule|Sleep Moves Clause: Sleep-inducing moves are banned
|clearpoke
|poke|p1|Garganacl, F|
|poke|p1|Zamazenta-*|
|poke|p1|Enamorus, F|
|poke|p1|Primarina, F|
|poke|p1|Iron Boulder|
|poke|p1|Great Tusk|
|poke|p2|Ariados, F|
|poke|p2|Sinistcha|
|poke|p2|Iron Moth|
|poke|p2|Gholdengo|
|poke|p2|Glimmora, M|
|poke|p2|Ursaluna, M|
|teampreview
|c|☆Best Dark Wall|glhf
|c|☆Best Dark Wall|it’s spooky season
|c|☆FaeRyan|u2
|
|t:|1760742677
|teamsize|p1|6
|teamsize|p2|6
|start
|switch|p1a: Slash|Iron Boulder|100/100
|switch|p2a: boo!|Ariados, F|100/100
|-enditem|p1a: Slash|Booster Energy
|-activate|p1a: Slash|ability: Quark Drive|[fromitem]
|-start|p1a: Slash|quarkdrivespe
|turn|1
|c|☆FaeRyan|i just realised what my name is for one of my mons
|
|t:|1760742695
|move|p1a: Slash|Swords Dance|p1a: Slash
|-boost|p1a: Slash|atk|2
|move|p2a: boo!|Sticky Web|p1a: Slash
|-sidestart|p1: FaeRyan|move: Sticky Web
|
|upkeep
|turn|2
|
|t:|1760742699
|move|p1a: Slash|Mighty Cleave|p2a: boo!
|-supereffective|p2a: boo!
|-enditem|p2a: boo!|Focus Sash
|-damage|p2a: boo!|1/100
|move|p2a: boo!|Megahorn|p1a: Slash
|-supereffective|p1a: Slash
|-damage|p1a: Slash|0 fnt
|faint|p1a: Slash
|-end|p1a: Slash|Quark Drive|[silent]
|
|upkeep
|
|t:|1760742710
|switch|p1a: Tuskothy|Great Tusk|100/100
|turn|3
|
|t:|1760742719
|switch|p2a: Nettle+Nightshade|Sinistcha|100/100
|move|p1a: Tuskothy|Rapid Spin|p2a: Nettle+Nightshade
|-immune|p2a: Nettle+Nightshade
|
|upkeep
|turn|4
|
|t:|1760742734
|-end|p1a: Tuskothy|Protosynthesis|[silent]
|switch|p1a: Horny|Enamorus, F|100/100
|move|p2a: Nettle+Nightshade|Strength Sap|p1a: Horny
|-boost|p1a: Horny|atk|1
|
|upkeep
|turn|5
|
|t:|1760742740
|switch|p2a: boo!|Ariados, F|1/100
|move|p1a: Horny|Mystical Fire|p2a: boo!
|-supereffective|p2a: boo!
|-damage|p2a: boo!|0 fnt
|faint|p2a: boo!
|
|upkeep
|
|t:|1760742744
|switch|p2a: Spirit Of Light|Iron Moth|100/100
|-enditem|p2a: Spirit Of Light|Booster Energy
|-activate|p2a: Spirit Of Light|ability: Quark Drive|[fromitem]
|-start|p2a: Spirit Of Light|quarkdrivespa
|turn|6
|
|t:|1760742755
|switch|p1a: Tuskothy|Great Tusk|100/100
|move|p2a: Spirit Of Light|Sludge Wave|p1a: Tuskothy
|-resisted|p1a: Tuskothy
|-damage|p1a: Tuskothy|50/100
|
|upkeep
|turn|7
|
|t:|1760742767
|move|p2a: Spirit Of Light|Fiery Dance|p1a: Tuskothy
|-damage|p1a: Tuskothy|0 fnt
|-boost|p2a: Spirit Of Light|spa|1
|faint|p1a: Tuskothy
|-end|p1a: Tuskothy|Protosynthesis|[silent]
|
|upkeep
|c|☆Best Dark Wall|bro think he the booster moth switchin
|c|☆FaeRyan|who tusk
|c|☆Best Dark Wall|ye
|c|☆FaeRyan|he took it better then i thought
|
|t:|1760742809
|switch|p1a: Aqua|Primarina, F|100/100
|-activate|p1a: Aqua|move: Sticky Web
|-unboost|p1a: Aqua|spe|1
|turn|8
|c|☆Best Dark Wall|he literally dird
|c|☆Best Dark Wall|*died
|
|t:|1760742819
|-terastallize|p1a: Aqua|Steel
|move|p2a: Spirit Of Light|Sludge Wave|p1a: Aqua
|-immune|p1a: Aqua
|move|p1a: Aqua|Calm Mind|p1a: Aqua
|-boost|p1a: Aqua|spa|1
|-boost|p1a: Aqua|spd|1
|
|upkeep
|turn|9
|
|t:|1760742827
|move|p2a: Spirit Of Light|Fiery Dance|p1a: Aqua
|-supereffective|p1a: Aqua
|-damage|p1a: Aqua|0 fnt
|faint|p1a: Aqua
|
|upkeep
|c|☆FaeRyan|ggwp
|
|t:|1760742837
|switch|p1a: Salty|Garganacl, F, shiny|100/100
|-activate|p1a: Salty|move: Sticky Web
|-unboost|p1a: Salty|spe|1
|turn|10
|c|☆Best Dark Wall|ggwp
|
|t:|1760742842
|move|p2a: Spirit Of Light|Energy Ball|p1a: Salty
|-supereffective|p1a: Salty
|-damage|p1a: Salty|19/100
|move|p1a: Salty|Salt Cure|p2a: Spirit Of Light
|-supereffective|p2a: Spirit Of Light
|-damage|p2a: Spirit Of Light|56/100
|-start|p2a: Spirit Of Light|Salt Cure
|
|-heal|p1a: Salty|25/100|[from] item: Leftovers
|-damage|p2a: Spirit Of Light|44/100|[from] Salt Cure
|upkeep
|turn|11
|
|t:|1760742854
|move|p2a: Spirit Of Light|Fiery Dance|p1a: Salty
|-resisted|p1a: Salty
|-damage|p1a: Salty|0 fnt
|-boost|p2a: Spirit Of Light|spa|1
|faint|p1a: Salty
|
|-damage|p2a: Spirit Of Light|31/100|[from] Salt Cure
|upkeep
|
|t:|1760742867
|switch|p1a: Shield Doggo|Zamazenta, shiny|100/100
|-activate|p1a: Shield Doggo|move: Sticky Web
|-unboost|p1a: Shield Doggo|spe|1
|-ability|p1a: Shield Doggo|Dauntless Shield|boost
|-boost|p1a: Shield Doggo|def|1
|turn|12
|c|☆Best Dark Wall|~~is this the moth meta they were talking about in Overwatch~~
|
|t:|1760742884
|move|p2a: Spirit Of Light|Fiery Dance|p1a: Shield Doggo
|-damage|p1a: Shield Doggo|0 fnt
|faint|p1a: Shield Doggo
|
|-damage|p2a: Spirit Of Light|19/100|[from] Salt Cure
|upkeep
|c|☆FaeRyan|yeah
|c|☆FaeRyan|i thought u had to use 2 of each
|
|t:|1760742913
|switch|p1a: Horny|Enamorus, F|100/100
|turn|13
|
|t:|1760742923
|move|p2a: Spirit Of Light|Sludge Wave|p1a: Horny
|-supereffective|p1a: Horny
|-damage|p1a: Horny|0 fnt
|faint|p1a: Horny
|
|win|Best Dark Wall
|c|☆Best Dark Wall|ggwp
|c|☆FaeRyan|u2
|l|☆FaeRyan
|player|p1|
