|j|☆RedNoob312
|j|‽KaiserWilkinson
|t:|1760879069
|gametype|singles
|player|p1|RedNoob312|psychic-gen4|1169
|player|p2|KaiserWilkinson|170|1152
|gen|9
|tier|[Gen 9] OU
|rated|
|rule|HP Percentage Mod: HP is shown in percentages
|rule|Endless Battle Clause: Forcing endless battles is banned
|rule|Species Clause: Limit one of each Pokémon
|rule|OHKO Clause: OHKO moves are banned
|rule|Evasion Items Clause: Evasion items are banned
|rule|Evasion Moves Clause: Evasion moves are banned
|rule|Evasion Abilities Clause: Evasion abilities are banned
|rule|Sleep Moves Clause: Sleep-inducing moves are banned
|clearpoke
|poke|p1|Iron Moth|
|poke|p1|Araquanid, M|
|poke|p1|Gholdengo|
|poke|p1|Rillaboom, M|
|poke|p1|Landorus-Therian, M|
|poke|p1|Goodra-Hisui, F|
|poke|p2|Azumarill, M|
|poke|p2|Ninetales, M|
|poke|p2|Ditto|
|poke|p2|Exeggutor, F|
|poke|p2|Vivillon-Fancy, M|
|poke|p2|Dragapult, F|
|teampreview
|
|t:|1760879082
|teamsize|p1|6
|teamsize|p2|6
|start
|switch|p1a: dawg|Landorus-Therian, M|100/100
|switch|p2a: Azumarill|Azumarill, M, shiny|100/100
|-ability|p1a: dawg|Intimidate|boost
|-unboost|p2a: Azumarill|atk|1
|turn|1
|
|t:|1760879110
|switch|p1a: bug|Iron Moth|100/100
|move|p2a: Azumarill|Belly Drum|p2a: Azumarill
|-damage|p2a: Azumarill|50/100
|-setboost|p2a: Azumarill|atk|6|[from] move: Belly Drum
|-enditem|p2a: Azumarill|Sitrus Berry|[eat]
|-heal|p2a: Azumarill|75/100|[from] item: Sitrus Berry
|
|upkeep
|turn|2
|
|t:|1760879121
|move|p2a: Azumarill|Aqua Jet|p1a: bug
|-supereffective|p1a: bug
|-damage|p1a: bug|0 fnt
|faint|p1a: bug
|-end|p1a: bug|Quark Drive|[silent]
|
|upkeep
|
|t:|1760879137
|switch|p1a: gold coin|Gholdengo, shiny|100/100
|turn|3
|
|t:|1760879162
|move|p1a: gold coin|Make It Rain|p2a: Azumarill
|-damage|p2a: Azumarill|6/100
|-unboost|p1a: gold coin|spa|1
|move|p2a: Azumarill|Liquidation|p1a: gold coin
|-damage|p1a: gold coin|0 fnt
|faint|p1a: gold coin
|
|upkeep
|
|t:|1760879175
|switch|p1a: dawg|Landorus-Therian, M|100/100
|-ability|p1a: dawg|Intimidate|boost
|-unboost|p2a: Azumarill|atk|1
|turn|4
|
|t:|1760879186
|move|p2a: Azumarill|Aqua Jet|p1a: dawg
|-supereffective|p1a: dawg
|-damage|p1a: dawg|0 fnt
|-damage|p2a: Azumarill|0 fnt|[from] item: Rocky Helmet|[of] p1a: dawg
|faint|p1a: dawg
|faint|p2a: Azumarill
|
|upkeep
|
|t:|1760879198
|switch|p1a: spyder|Araquanid, M, shiny|100/100
|switch|p2a: Ninetales|Ninetales, M|100/100
|-weather|SunnyDay|[from] ability: Drought|[of] p2a: Ninetales
|turn|5
|
|t:|1760879206
|move|p2a: Ninetales|Heat Wave|p1a: spyder
|-damage|p1a: spyder|84/100
|move|p1a: spyder|Sticky Web|p2a: Ninetales
|-sidestart|p2: KaiserWilkinson|move: Sticky Web
|
|-weather|SunnyDay|[upkeep]
|-heal|p1a: spyder|90/100|[from] item: Leftovers
|upkeep
|turn|6
|
|t:|1760879223
|switch|p2a: Ditto|Ditto|100/100
|-activate|p2a: Ditto|move: Sticky Web
|-unboost|p2a: Ditto|spe|1
|-transform|p2a: Ditto|p1a: spyder|[from] ability: Imposter
|move|p1a: spyder|Liquidation|p2a: Ditto
|-resisted|p2a: Ditto
|-damage|p2a: Ditto|83/100
|
|-weather|SunnyDay|[upkeep]
|-heal|p1a: spyder|96/100|[from] item: Leftovers
|upkeep
|turn|7
|
|t:|1760879246
|move|p2a: Ditto|Sticky Web|p1a: spyder
|-sidestart|p1: RedNoob312|move: Sticky Web
|move|p1a: spyder|Infestation|p2a: Ditto
|-damage|p2a: Ditto|79/100
|-activate|p2a: Ditto|move: Infestation|[of] p1a: spyder
|
|-weather|SunnyDay|[upkeep]
|-heal|p1a: spyder|100/100|[from] item: Leftovers
|-damage|p2a: Ditto|67/100|[from] move: Infestation|[partiallytrapped]
|upkeep
|turn|8
|
|t:|1760879272
|move|p2a: Ditto|Sticky Web||[still]
|-fail|p2a: Ditto
|move|p1a: spyder|Liquidation|p2a: Ditto
|-resisted|p2a: Ditto
|-damage|p2a: Ditto|49/100
|
|-weather|SunnyDay|[upkeep]
|-damage|p2a: Ditto|37/100|[from] move: Infestation|[partiallytrapped]
|upkeep
|turn|9
|inactive|Battle timer is ON: inactive players will automatically lose when time's up. (requested by KaiserWilkinson)
|
|t:|1760879288
|move|p2a: Ditto|Sticky Web||[still]
|-fail|p2a: Ditto
|move|p1a: spyder|Liquidation|p2a: Ditto
|-resisted|p2a: Ditto
|-damage|p2a: Ditto|19/100
|
|-weather|SunnyDay|[upkeep]
|-damage|p2a: Ditto|7/100|[from] move: Infestation|[partiallytrapped]
|upkeep
|turn|10
|
|t:|1760879297
|move|p2a: Ditto|Sticky Web||[still]
|-fail|p2a: Ditto
|move|p1a: spyder|Liquidation|p2a: Ditto
|-resisted|p2a: Ditto
|-damage|p2a: Ditto|0 fnt
|faint|p2a: Ditto
|
|-weather|SunnyDay|[upkeep]
|upkeep
|
|t:|1760879322
|switch|p2a: Vivillon|Vivillon-Fancy, M, shiny|100/100
|turn|11
|
|t:|1760879328
|move|p2a: Vivillon|Quiver Dance|p2a: Vivillon
|-boost|p2a: Vivillon|spa|1
|-boost|p2a: Vivillon|spd|1
|-boost|p2a: Vivillon|spe|1
|move|p1a: spyder|Infestation|p2a: Vivillon
|-resisted|p2a: Vivillon
|-damage|p2a: Vivillon|98/100
|-activate|p2a: Vivillon|move: Infestation|[of] p1a: spyder
|
|-weather|SunnyDay|[upkeep]
|-damage|p2a: Vivillon|86/100|[from] move: Infestation|[partiallytrapped]
|upkeep
|turn|12
|inactive|RedNoob312 has 120 seconds left.
|
|t:|1760879371
|move|p2a: Vivillon|Hurricane|p1a: spyder|[miss]
|-miss|p2a: Vivillon|p1a: spyder
|move|p1a: spyder|Liquidation|p2a: Vivillon
|-damage|p2a: Vivillon|42/100
|
|-weather|none
|-damage|p2a: Vivillon|29/100|[from] move: Infestation|[partiallytrapped]
|upkeep
|turn|13
|inactive|RedNoob312 has 90 seconds left.
|inactive|RedNoob312 has 60 seconds left.
|
|t:|1760879433
|move|p2a: Vivillon|Hurricane|p1a: spyder
|-supereffective|p1a: spyder
|-damage|p1a: spyder|10/100
|move|p1a: spyder|Liquidation|p2a: Vivillon
|-damage|p2a: Vivillon|0 fnt
|faint|p2a: Vivillon
|
|-heal|p1a: spyder|17/100|[from] item: Leftovers
|upkeep
|
|t:|1760879440
|switch|p2a: Dragapult|Dragapult, F, shiny|100/100
|turn|14
|
|t:|1760879453
|move|p2a: Dragapult|Sucker Punch|p1a: spyder
|-damage|p1a: spyder|0 fnt
|faint|p1a: spyder
|
|upkeep
|inactive|RedNoob312 has 60 seconds left.
|
|t:|1760879465
|switch|p1a: Monkeh|Rillaboom, M, shiny|100/100
|-activate|p1a: Monkeh|move: Sticky Web
|-unboost|p1a: Monkeh|spe|1
|-fieldstart|move: Grassy Terrain|[from] ability: Grassy Surge|[of] p1a: Monkeh
|turn|15
|
|t:|1760879472
|move|p2a: Dragapult|U-turn|p1a: Monkeh
|-supereffective|p1a: Monkeh
|-damage|p1a: Monkeh|57/100
|
|t:|1760879476
|switch|p2a: Ninetales|Ninetales, M|100/100|[from] U-turn
|-activate|p2a: Ninetales|move: Sticky Web
|-unboost|p2a: Ninetales|spe|1
|-weather|SunnyDay|[from] ability: Drought|[of] p2a: Ninetales
|move|p1a: Monkeh|Knock Off|p2a: Ninetales
|-damage|p2a: Ninetales|14/100
|-enditem|p2a: Ninetales|Heat Rock|[from] move: Knock Off|[of] p1a: Monkeh
|
|-weather|SunnyDay|[upkeep]
|-heal|p2a: Ninetales|20/100|[from] Grassy Terrain
|-heal|p1a: Monkeh|63/100|[from] Grassy Terrain
|upkeep
|turn|16
|l|☆RedNoob312
|inactive|RedNoob312 disconnected and has a minute to reconnect!
|player|p1|
|inactive|RedNoob312 has 30 seconds to reconnect!
|inactive|RedNoob312 has 20 seconds to reconnect!
|inactive|RedNoob312 has 15 seconds to reconnect!
|inactive|RedNoob312 has 10 seconds to reconnect!
|inactive|RedNoob312 has 5 seconds to reconnect!
|-message|RedNoob312 lost due to inactivity.
|
|win|KaiserWilkinson
|raw|RedNoob312's rating: 1169 &rarr; <strong>1143</strong><br />(-26 for losing)
|raw|KaiserWilkinson's rating: 1152 &rarr; <strong>1178</strong><br />(+26 for winning)
|l|‽KaiserWilkinson
|player|p2|
