|inactive|Battle timer is ON: inactive players will automatically lose when time's up.
|badge|p1|silver|gen9randombattle|30-7
|uhtml|medal-msg|<div class="broadcast-blue">Curious what those medals under the avatar are? PS now has Ladder Seasons! For more information, check out the <a href="https://www.smogon.com/forums/threads/3740067/">thread on Smogon.</a></div>
|t:|1760839443
|gametype|singles
|player|p1|Separation|#scl5spartans2|
|player|p2|avarice|#avarice|
|gen|9
|tier|[Gen 9] OU
|rule|HP Percentage Mod: HP is shown in percentages
|rule|Endless Battle Clause: Forcing endless battles is banned
|rule|Species Clause: Limit one of each Pokémon
|rule|OHKO Clause: OHKO moves are banned
|rule|Evasion Items Clause: Evasion items are banned
|rule|Evasion Moves Clause: Evasion moves are banned
|rule|Evasion Abilities Clause: Evasion abilities are banned
|rule|Sleep Moves Clause: Sleep-inducing moves are banned
|clearpoke
|poke|p1|Dragonite, F|
|poke|p1|Raging Bolt|
|poke|p1|Glimmora, F|
|poke|p1|Ting-Lu|
|poke|p1|Gholdengo|
|poke|p1|Zamazenta-*|
|poke|p2|Garganacl, F|
|poke|p2|Zamazenta-*|
|poke|p2|Moltres|
|poke|p2|Pecharunt|
|poke|p2|Tyranitar, M|
|poke|p2|Excadrill, M|
|teampreview
|c|☆avarice|hf
|c|☆Separation|hf
|inactive|Separation has 270 seconds left.
|inactive|avarice has 270 seconds left.
|inactive|Separation has 240 seconds left.
|inactive|avarice has 240 seconds left.
|inactive|Separation has 210 seconds left.
|inactive|avarice has 210 seconds left.
|inactive|avarice has 180 seconds left.
|inactive|avarice has 150 seconds left.
|
|t:|1760839609
|teamsize|p1|6
|teamsize|p2|6
|start
|switch|p1a: Ting-Lu|Ting-Lu|100/100
|switch|p2a: spanish joint|Moltres|100/100
|-ability|p1a: Ting-Lu|Vessel of Ruin
|turn|1
|inactive|Separation has 270 seconds left.
|
|t:|1760839624
|move|p2a: spanish joint|Will-O-Wisp|p1a: Ting-Lu
|-status|p1a: Ting-Lu|brn
|move|p1a: Ting-Lu|Spikes|p2a: spanish joint
|-sidestart|p2: avarice|Spikes
|
|-damage|p1a: Ting-Lu|94/100 brn|[from] brn
|upkeep
|turn|2
|inactive|avarice has 210 seconds left.
|
|t:|1760839632
|switch|p2a: devil's pie|Garganacl, F, shiny|100/100
|-damage|p2a: devil's pie|88/100|[from] Spikes
|move|p1a: Ting-Lu|Ruination|p2a: devil's pie
|-damage|p2a: devil's pie|44/100
|
|-heal|p2a: devil's pie|50/100|[from] item: Leftovers
|-damage|p1a: Ting-Lu|88/100 brn|[from] brn
|upkeep
|turn|3
|
|t:|1760839642
|move|p1a: Ting-Lu|Taunt|p2a: devil's pie
|-start|p2a: devil's pie|move: Taunt
|move|p2a: devil's pie|Salt Cure|p1a: Ting-Lu
|-resisted|p1a: Ting-Lu
|-damage|p1a: Ting-Lu|84/100 brn
|-start|p1a: Ting-Lu|Salt Cure
|
|-heal|p2a: devil's pie|57/100|[from] item: Leftovers
|-damage|p1a: Ting-Lu|78/100 brn|[from] brn
|-damage|p1a: Ting-Lu|65/100 brn|[from] Salt Cure
|upkeep
|turn|4
|inactive|avarice has 210 seconds left.
|
|t:|1760839661
|switch|p1a: Glimmora|Glimmora, F|100/100
|switch|p2a: spanish joint|Moltres|100/100
|
|upkeep
|turn|5
|
|t:|1760839671
|switch|p2a: the root|Excadrill, M, shiny|100/100
|-item|p2a: the root|Air Balloon
|move|p1a: Glimmora|Meteor Beam||[still]
|-prepare|p1a: Glimmora|Meteor Beam
|-boost|p1a: Glimmora|spa|1
|-enditem|p1a: Glimmora|Power Herb
|-anim|p1a: Glimmora|Meteor Beam|p2a: the root
|-resisted|p2a: the root
|-damage|p2a: the root|72/100
|-enditem|p2a: the root|Air Balloon
|
|upkeep
|turn|6
|
|t:|1760839683
|-terastallize|p1a: Glimmora|Ghost
|move|p1a: Glimmora|Earth Power|p2a: the root
|-supereffective|p2a: the root
|-damage|p2a: the root|0 fnt
|faint|p2a: the root
|
|upkeep
|inactive|avarice has 210 seconds left.
|
|t:|1760839701
|switch|p2a: playa playa|Tyranitar, M, shiny|100/100
|-damage|p2a: playa playa|88/100|[from] Spikes
|-weather|Sandstorm|[from] ability: Sand Stream|[of] p2a: playa playa
|turn|7
|inactive|avarice has 210 seconds left.
|
|t:|1760839719
|move|p1a: Glimmora|Stealth Rock|p2a: playa playa
|-sidestart|p2: avarice|move: Stealth Rock
|move|p2a: playa playa|Knock Off|p1a: Glimmora
|-supereffective|p1a: Glimmora
|-damage|p1a: Glimmora|0 fnt
|-activate|p1a: Glimmora|ability: Toxic Debris
|-sidestart|p2: avarice|move: Toxic Spikes
|faint|p1a: Glimmora
|
|-weather|Sandstorm|[upkeep]
|upkeep
|inactive|Separation has 270 seconds left.
|
|t:|1760839740
|switch|p1a: Ting-Lu|Ting-Lu|65/100 brn
|-ability|p1a: Ting-Lu|Vessel of Ruin
|turn|8
|
|t:|1760839749
|switch|p2a: untitled|Pecharunt|100/100
|-sideend|p2: avarice|move: Toxic Spikes|[of] p2a: untitled
|move|p1a: Ting-Lu|Ruination|p2a: untitled
|-damage|p2a: untitled|50/100
|
|-weather|Sandstorm|[upkeep]
|-damage|p2a: untitled|44/100|[from] Sandstorm
|-damage|p1a: Ting-Lu|59/100 brn|[from] brn
|upkeep
|turn|9
|
|t:|1760839762
|switch|p1a: Gholdengo|Gholdengo|100/100
|move|p2a: untitled|Recover|p2a: untitled
|-heal|p2a: untitled|94/100
|
|-weather|Sandstorm|[upkeep]
|-damage|p2a: untitled|88/100|[from] Sandstorm
|upkeep
|turn|10
|inactive|Separation has 270 seconds left.
|
|t:|1760839782
|switch|p2a: playa playa|Tyranitar, M, shiny|88/100
|-damage|p2a: playa playa|76/100|[from] Spikes
|-damage|p2a: playa playa|64/100|[from] Stealth Rock
|move|p1a: Gholdengo|Thunder Wave|p2a: playa playa
|-status|p2a: playa playa|par
|
|-weather|Sandstorm|[upkeep]
|upkeep
|turn|11
|inactive|Separation has 270 seconds left.
|
|t:|1760839795
|switch|p1a: Ting-Lu|Ting-Lu|59/100 brn
|-ability|p1a: Ting-Lu|Vessel of Ruin
|switch|p2a: spanish joint|Moltres|100/100
|
|-weather|none
|-damage|p1a: Ting-Lu|53/100 brn|[from] brn
|upkeep
|turn|12
|
|t:|1760839806
|move|p2a: spanish joint|Brave Bird|p1a: Ting-Lu
|-damage|p1a: Ting-Lu|26/100 brn
|-damage|p2a: spanish joint|84/100|[from] item: Rocky Helmet|[of] p1a: Ting-Lu
|-damage|p2a: spanish joint|74/100|[from] Recoil
|move|p1a: Ting-Lu|Ruination|p2a: spanish joint
|-damage|p2a: spanish joint|37/100
|
|-damage|p1a: Ting-Lu|20/100 brn|[from] brn
|upkeep
|turn|13
|
|t:|1760839812
|switch|p1a: Raging Bolt|Raging Bolt|100/100
|move|p2a: spanish joint|Roost|p2a: spanish joint
|-heal|p2a: spanish joint|87/100
|-singleturn|p2a: spanish joint|move: Roost
|
|upkeep
|turn|14
|inactive|avarice has 240 seconds left.
|inactive|Separation has 270 seconds left.
|inactive|avarice has 210 seconds left.
|
|t:|1760839849
|switch|p2a: untitled|Pecharunt|88/100
|move|p1a: Raging Bolt|Calm Mind|p1a: Raging Bolt
|-boost|p1a: Raging Bolt|spa|1
|-boost|p1a: Raging Bolt|spd|1
|
|upkeep
|turn|15
|
|t:|1760839861
|-end|p1a: Raging Bolt|Protosynthesis|[silent]
|switch|p1a: Gholdengo|Gholdengo|100/100
|move|p2a: untitled|Malignant Chain|p1a: Gholdengo
|-immune|p1a: Gholdengo
|
|upkeep
|turn|16
|inactive|avarice has 210 seconds left.
|
|t:|1760839894
|switch|p2a: spanish joint|Moltres|87/100
|move|p1a: Gholdengo|Shadow Ball|p2a: spanish joint
|-damage|p2a: spanish joint|52/100
|
|upkeep
|turn|17
|inactive|Separation has 270 seconds left.
|
|t:|1760839913
|move|p1a: Gholdengo|Shadow Ball|p2a: spanish joint
|-damage|p2a: spanish joint|18/100
|move|p2a: spanish joint|Roost|p2a: spanish joint
|-heal|p2a: spanish joint|68/100
|-singleturn|p2a: spanish joint|move: Roost
|
|upkeep
|turn|18
|
|t:|1760839917
|switch|p1a: Raging Bolt|Raging Bolt|100/100
|move|p2a: spanish joint|Flamethrower|p1a: Raging Bolt
|-resisted|p1a: Raging Bolt
|-damage|p1a: Raging Bolt|86/100
|
|-heal|p1a: Raging Bolt|92/100|[from] item: Leftovers
|upkeep
|turn|19
|
|t:|1760839921
|switch|p2a: untitled|Pecharunt|88/100
|move|p1a: Raging Bolt|Thunderbolt|p2a: untitled
|-damage|p2a: untitled|44/100
|
|-heal|p1a: Raging Bolt|99/100|[from] item: Leftovers
|upkeep
|turn|20
|
|t:|1760839932
|move|p2a: untitled|Recover|p2a: untitled
|-heal|p2a: untitled|94/100
|move|p1a: Raging Bolt|Thunderbolt|p2a: untitled
|-damage|p2a: untitled|50/100
|
|-heal|p1a: Raging Bolt|100/100|[from] item: Leftovers
|upkeep
|turn|21
|inactive|avarice has 240 seconds left.
|
|t:|1760839939
|-end|p1a: Raging Bolt|Protosynthesis|[silent]
|switch|p1a: Gholdengo|Gholdengo|100/100
|move|p2a: untitled|Recover|p2a: untitled
|-heal|p2a: untitled|99/100
|
|upkeep
|turn|22
|inactive|avarice has 240 seconds left.
|inactive|avarice has 210 seconds left.
|
|t:|1760839981
|switch|p2a: playa playa|Tyranitar, M, shiny|64/100 par
|-damage|p2a: playa playa|51/100 par|[from] Spikes
|-damage|p2a: playa playa|39/100 par|[from] Stealth Rock
|-weather|Sandstorm|[from] ability: Sand Stream|[of] p2a: playa playa
|move|p1a: Gholdengo|Shadow Ball|p2a: playa playa
|-resisted|p2a: playa playa
|-damage|p2a: playa playa|25/100 par
|-unboost|p2a: playa playa|spd|1
|
|-weather|Sandstorm|[upkeep]
|upkeep
|turn|23
|inactive|avarice has 210 seconds left.
|
|t:|1760839994
|switch|p1a: Ting-Lu|Ting-Lu|20/100 brn
|-ability|p1a: Ting-Lu|Vessel of Ruin
|cant|p2a: playa playa|par
|
|-weather|Sandstorm|[upkeep]
|-damage|p1a: Ting-Lu|14/100 brn|[from] brn
|upkeep
|turn|24
|inactive|avarice has 210 seconds left.
|
|t:|1760840008
|move|p1a: Ting-Lu|Spikes|p2a: playa playa
|-sidestart|p2: avarice|Spikes
|move|p2a: playa playa|Low Kick|p1a: Ting-Lu
|-supereffective|p1a: Ting-Lu
|-damage|p1a: Ting-Lu|0 fnt
|-damage|p2a: playa playa|8/100 par|[from] item: Rocky Helmet|[of] p1a: Ting-Lu
|faint|p1a: Ting-Lu
|
|-weather|Sandstorm|[upkeep]
|upkeep
|inactive|Separation has 270 seconds left.
|
|t:|1760840056
|switch|p1a: Dragonite|Dragonite, F|100/100
|turn|25
|inactive|avarice has 210 seconds left.
|inactive|Separation has 240 seconds left.
|inactive|avarice has 180 seconds left.
|
|t:|1760840105
|switch|p2a: spanish joint|Moltres|68/100
|move|p1a: Dragonite|Dragon Dance|p1a: Dragonite
|-boost|p1a: Dragonite|atk|1
|-boost|p1a: Dragonite|spe|1
|
|-weather|Sandstorm|[upkeep]
|-damage|p1a: Dragonite|94/100|[from] Sandstorm
|-damage|p2a: spanish joint|62/100|[from] Sandstorm
|upkeep
|turn|26
|
|t:|1760840111
|switch|p1a: Raging Bolt|Raging Bolt|100/100
|move|p2a: spanish joint|Will-O-Wisp|p1a: Raging Bolt
|-status|p1a: Raging Bolt|brn
|
|-weather|none
|-damage|p1a: Raging Bolt|94/100 brn|[from] brn
|upkeep
|turn|27
|inactive|avarice has 180 seconds left.
|inactive|avarice has 150 seconds left.
|
|t:|1760840188
|move|p1a: Raging Bolt|Calm Mind|p1a: Raging Bolt
|-boost|p1a: Raging Bolt|spa|1
|-boost|p1a: Raging Bolt|spd|1
|move|p2a: spanish joint|Brave Bird|p1a: Raging Bolt
|-resisted|p1a: Raging Bolt
|-damage|p1a: Raging Bolt|78/100 brn
|-damage|p2a: spanish joint|56/100|[from] Recoil
|
|-heal|p1a: Raging Bolt|84/100 brn|[from] item: Leftovers
|-damage|p1a: Raging Bolt|78/100 brn|[from] brn
|upkeep
|turn|28
|inactive|avarice has 120 seconds left.
|
|t:|1760840207
|move|p2a: spanish joint|Brave Bird|p1a: Raging Bolt
|-resisted|p1a: Raging Bolt
|-damage|p1a: Raging Bolt|62/100 brn
|-damage|p2a: spanish joint|50/100|[from] Recoil
|move|p1a: Raging Bolt|Calm Mind|p1a: Raging Bolt
|-boost|p1a: Raging Bolt|spa|1
|-boost|p1a: Raging Bolt|spd|1
|
|-heal|p1a: Raging Bolt|68/100 brn|[from] item: Leftovers
|-damage|p1a: Raging Bolt|62/100 brn|[from] brn
|upkeep
|turn|29
|inactive|avarice has 120 seconds left.
|
|t:|1760840220
|move|p1a: Raging Bolt|Thunderclap|p2a: spanish joint
|-supereffective|p2a: spanish joint
|-damage|p2a: spanish joint|0 fnt
|faint|p2a: spanish joint
|
|-heal|p1a: Raging Bolt|68/100 brn|[from] item: Leftovers
|-damage|p1a: Raging Bolt|62/100 brn|[from] brn
|upkeep
|
|t:|1760840223
|switch|p2a: send it on|Zamazenta|100/100
|-damage|p2a: send it on|84/100|[from] Spikes
|-damage|p2a: send it on|78/100|[from] Stealth Rock
|-ability|p2a: send it on|Dauntless Shield|boost
|-boost|p2a: send it on|def|1
|turn|30
|
|t:|1760840231
|move|p2a: send it on|Body Press|p1a: Raging Bolt
|-damage|p1a: Raging Bolt|24/100 brn
|move|p1a: Raging Bolt|Thunderbolt|p2a: send it on
|-damage|p2a: send it on|6/100
|
|-heal|p2a: send it on|12/100|[from] item: Leftovers
|-heal|p1a: Raging Bolt|30/100 brn|[from] item: Leftovers
|-damage|p1a: Raging Bolt|24/100 brn|[from] brn
|upkeep
|turn|31
|inactive|Separation has 240 seconds left.
|
|t:|1760840246
|move|p2a: send it on|Body Press|p1a: Raging Bolt
|-damage|p1a: Raging Bolt|0 fnt
|faint|p1a: Raging Bolt
|-end|p1a: Raging Bolt|Protosynthesis|[silent]
|
|-heal|p2a: send it on|18/100|[from] item: Leftovers
|upkeep
|inactive|Separation has 240 seconds left.
|inactive|Separation has 210 seconds left.
|
|t:|1760840302
|switch|p1a: Dragonite|Dragonite, F|94/100
|turn|32
|inactive|avarice has 120 seconds left.
|
|t:|1760840352
|move|p1a: Dragonite|Earthquake|p2a: send it on
|-damage|p2a: send it on|0 fnt
|faint|p2a: send it on
|
|upkeep
|
|t:|1760840356
|switch|p2a: untitled|Pecharunt|99/100
|turn|33
|
|t:|1760840363
|move|p2a: untitled|Malignant Chain|p1a: Dragonite
|-damage|p1a: Dragonite|64/100
|move|p1a: Dragonite|Dragon Dance|p1a: Dragonite
|-boost|p1a: Dragonite|atk|1
|-boost|p1a: Dragonite|spe|1
|
|upkeep
|turn|34
|
|t:|1760840384
|-terastallize|p2a: untitled|Fairy
|move|p1a: Dragonite|Earthquake|p2a: untitled
|-damage|p2a: untitled|63/100
|move|p2a: untitled|Malignant Chain|p1a: Dragonite
|-damage|p1a: Dragonite|33/100
|
|upkeep
|turn|35
|
|t:|1760840409
|switch|p1a: Gholdengo|Gholdengo|100/100
|move|p2a: untitled|Recover|p2a: untitled
|-heal|p2a: untitled|100/100
|
|upkeep
|turn|36
|inactive|avarice has 90 seconds left.
|
|t:|1760840435
|switch|p2a: devil's pie|Garganacl, F, shiny|57/100
|-damage|p2a: devil's pie|40/100|[from] Spikes
|-damage|p2a: devil's pie|28/100|[from] Stealth Rock
|move|p1a: Gholdengo|Make It Rain|p2a: devil's pie
|-supereffective|p2a: devil's pie
|-damage|p2a: devil's pie|0 fnt
|-unboost|p1a: Gholdengo|spa|1
|faint|p2a: devil's pie
|
|upkeep
|
|t:|1760840444
|switch|p2a: untitled|Pecharunt, tera:Fairy|100/100
|turn|37
|
|t:|1760840448
|move|p1a: Gholdengo|Make It Rain|p2a: untitled
|-supereffective|p2a: untitled
|-damage|p2a: untitled|22/100
|-unboost|p1a: Gholdengo|spa|1
|move|p2a: untitled|Shadow Ball|p1a: Gholdengo
|-supereffective|p1a: Gholdengo
|-damage|p1a: Gholdengo|39/100
|
|upkeep
|turn|38
|c|☆avarice|gg
|c|☆Separation|gg
|-message|avarice forfeited.
|
|win|Separation
