|j|☆quartzion
|j|☆Sulaerubussi
|t:|1760836671
|gametype|singles
|player|p1|quartzion|2|1162
|player|p2|Sulaerubussi|ingo|1183
|gen|9
|tier|[Gen 9] OU
|rated|
|rule|HP Percentage Mod: HP is shown in percentages
|rule|Endless Battle Clause: Forcing endless battles is banned
|rule|Species Clause: Limit one of each Pokémon
|rule|OHKO Clause: OHKO moves are banned
|rule|Evasion Items Clause: Evasion items are banned
|rule|Evasion Moves Clause: Evasion moves are banned
|rule|Evasion Abilities Clause: Evasion abilities are banned
|rule|Sleep Moves Clause: Sleep-inducing moves are banned
|clearpoke
|poke|p1|Cinccino, M|
|poke|p1|Serperior, F|
|poke|p1|Quaquaval, F|
|poke|p1|Toxapex, M|
|poke|p1|Oricorio-Pom-Pom, F|
|poke|p1|Cinderace, F|
|poke|p2|Kyurem|
|poke|p2|Tornadus-Therian, M|
|poke|p2|Iron Valiant|
|poke|p2|Glimmora, F|
|poke|p2|Cinderace, F|
|poke|p2|Kingambit, M|
|teampreview
|inactive|Battle timer is ON: inactive players will automatically lose when time's up. (requested by quartzion)
|
|t:|1760836680
|teamsize|p1|6
|teamsize|p2|6
|start
|switch|p1a: Quaquaval|Quaquaval, F|100/100
|switch|p2a: Glimmora|Glimmora, F|100/100
|turn|1
|
|t:|1760836689
|move|p2a: Glimmora|Stealth Rock|p1a: Quaquaval
|-sidestart|p1: quartzion|move: Stealth Rock
|move|p1a: Quaquaval|Aqua Step|p2a: Glimmora
|-supereffective|p2a: Glimmora
|-damage|p2a: Glimmora|26/100
|-boost|p1a: Quaquaval|spe|1
|-activate|p2a: Glimmora|ability: Toxic Debris
|-sidestart|p1: quartzion|move: Toxic Spikes
|
|upkeep
|turn|2
|
|t:|1760836698
|move|p1a: Quaquaval|Aqua Step|p2a: Glimmora
|-supereffective|p2a: Glimmora
|-damage|p2a: Glimmora|0 fnt
|-boost|p1a: Quaquaval|spe|1
|-activate|p2a: Glimmora|ability: Toxic Debris
|-sidestart|p1: quartzion|move: Toxic Spikes
|faint|p2a: Glimmora
|-ability|p1a: Quaquaval|Moxie|boost
|-boost|p1a: Quaquaval|atk|1
|
|upkeep
|
|t:|1760836710
|switch|p2a: Tornadus|Tornadus-Therian, M|100/100
|turn|3
|
|t:|1760836723
|-terastallize|p1a: Quaquaval|Dark
|move|p1a: Quaquaval|Knock Off|p2a: Tornadus
|-damage|p2a: Tornadus|1/100
|-enditem|p2a: Tornadus|Heavy-Duty Boots|[from] move: Knock Off|[of] p1a: Quaquaval
|move|p2a: Tornadus|Bleakwind Storm|p1a: Quaquaval
|-damage|p1a: Quaquaval|35/100
|
|upkeep
|turn|4
|
|t:|1760836731
|move|p1a: Quaquaval|Aqua Step|p2a: Tornadus
|-damage|p2a: Tornadus|0 fnt
|-boost|p1a: Quaquaval|spe|1
|faint|p2a: Tornadus
|-ability|p1a: Quaquaval|Moxie|boost
|-boost|p1a: Quaquaval|atk|1
|
|upkeep
|
|t:|1760836743
|switch|p2a: Kingambit|Kingambit, M|100/100
|-activate|p2a: Kingambit|ability: Supreme Overlord
|-start|p2a: Kingambit|fallen2|[silent]
|turn|5
|
|t:|1760836747
|move|p1a: Quaquaval|Close Combat|p2a: Kingambit
|-supereffective|p2a: Kingambit
|-enditem|p2a: Kingambit|Focus Sash
|-damage|p2a: Kingambit|1/100
|-unboost|p1a: Quaquaval|def|1
|-unboost|p1a: Quaquaval|spd|1
|-enditem|p1a: Quaquaval|White Herb
|-clearnegativeboost|p1a: Quaquaval|[silent]
|move|p2a: Kingambit|Iron Head|p1a: Quaquaval
|-damage|p1a: Quaquaval|0 fnt
|faint|p1a: Quaquaval
|
|upkeep
|
|t:|1760836750
|switch|p1a: Toxapex|Toxapex, M|100/100
|-damage|p1a: Toxapex|88/100|[from] Stealth Rock
|-sideend|p1: quartzion|move: Toxic Spikes|[of] p1a: Toxapex
|turn|6
|
|t:|1760836753
|move|p2a: Kingambit|Kowtow Cleave|p1a: Toxapex
|-damage|p1a: Toxapex|52/100
|move|p1a: Toxapex|Liquidation|p2a: Kingambit
|-damage|p2a: Kingambit|0 fnt
|faint|p2a: Kingambit
|-end|p2a: Kingambit|fallen2|[silent]
|
|-heal|p1a: Toxapex|58/100|[from] item: Leftovers
|upkeep
|
|t:|1760836760
|switch|p2a: Blaze|Cinderace, F, shiny|100/100
|turn|7
|
|t:|1760836763
|move|p2a: Blaze|Iron Head|p1a: Toxapex
|-start|p2a: Blaze|typechange|Steel|[from] ability: Libero
|-resisted|p1a: Toxapex
|-damage|p1a: Toxapex|45/100
|move|p1a: Toxapex|Toxic|p2a: Blaze
|-immune|p2a: Blaze
|
|-heal|p1a: Toxapex|52/100|[from] item: Leftovers
|upkeep
|turn|8
|
|t:|1760836768
|switch|p1a: Cinderace|Cinderace, F|100/100
|move|p2a: Blaze|Trailblaze|p1a: Cinderace
|-resisted|p1a: Cinderace
|-damage|p1a: Cinderace|89/100
|-boost|p2a: Blaze|spe|1
|
|upkeep
|turn|9
|
|t:|1760836773
|move|p2a: Blaze|Flare Blitz|p1a: Cinderace
|-resisted|p1a: Cinderace
|-damage|p1a: Cinderace|62/100
|-damage|p2a: Blaze|92/100|[from] Recoil
|move|p1a: Cinderace|Pyro Ball|p2a: Blaze
|-supereffective|p2a: Blaze
|-damage|p2a: Blaze|0 fnt
|faint|p2a: Blaze
|
|upkeep
|
|t:|1760836776
|switch|p2a: Kyurem|Kyurem|100/100
|-ability|p2a: Kyurem|Pressure
|turn|10
|
|t:|1760836783
|-terastallize|p2a: Kyurem|Ground
|move|p1a: Cinderace|Pyro Ball|p2a: Kyurem
|-damage|p2a: Kyurem|43/100
|move|p2a: Kyurem|Dragon Dance|p2a: Kyurem
|-boost|p2a: Kyurem|atk|1
|-boost|p2a: Kyurem|spe|1
|
|upkeep
|turn|11
|
|t:|1760836790
|move|p2a: Kyurem|Tera Blast|p1a: Cinderace|[anim] Tera Blast Ground
|-supereffective|p1a: Cinderace
|-damage|p1a: Cinderace|0 fnt
|faint|p1a: Cinderace
|
|upkeep
|
|t:|1760836800
|switch|p1a: Toxapex|Toxapex, M|85/100
|-damage|p1a: Toxapex|72/100|[from] Stealth Rock
|turn|12
|
|t:|1760836809
|move|p2a: Kyurem|Tera Blast|p1a: Toxapex|[anim] Tera Blast Ground
|-supereffective|p1a: Toxapex
|-damage|p1a: Toxapex|0 fnt
|faint|p1a: Toxapex
|
|upkeep
|
|t:|1760836812
|switch|p1a: Oricorio|Oricorio-Pom-Pom, F|100/100
|-damage|p1a: Oricorio|76/100|[from] Stealth Rock
|turn|13
|
|t:|1760836832
|move|p2a: Kyurem|Icicle Spear|p1a: Oricorio
|-supereffective|p1a: Oricorio
|-damage|p1a: Oricorio|2/100
|-supereffective|p1a: Oricorio
|-damage|p1a: Oricorio|0 fnt
|faint|p1a: Oricorio
|-hitcount|p1: Oricorio|2
|
|upkeep
|c|☆Sulaerubussi|Well that’s one way to screw it up
|inactive|quartzion has 120 seconds left.
|
|t:|1760836865
|switch|p1a: Cinccino|Cinccino, M|100/100
|-damage|p1a: Cinccino|88/100|[from] Stealth Rock
|turn|14
|
|t:|1760836879
|move|p2a: Kyurem|Icicle Spear|p1a: Cinccino
|-damage|p1a: Cinccino|51/100
|-damage|p1a: Cinccino|14/100
|-crit|p1a: Cinccino
|-damage|p1a: Cinccino|0 fnt
|faint|p1a: Cinccino
|-hitcount|p1: Cinccino|3
|
|upkeep
|
|t:|1760836881
|switch|p1a: Serperior|Serperior, F|100/100
|-damage|p1a: Serperior|88/100|[from] Stealth Rock
|turn|15
|
|t:|1760836886
|move|p2a: Kyurem|Icicle Spear|p1a: Serperior
|-supereffective|p1a: Serperior
|-damage|p1a: Serperior|32/100
|-supereffective|p1a: Serperior
|-damage|p1a: Serperior|0 fnt
|faint|p1a: Serperior
|-hitcount|p1: Serperior|2
|
|win|Sulaerubussi
|raw|quartzion's rating: 1162 &rarr; <strong>1139</strong><br />(-23 for losing)
|raw|Sulaerubussi's rating: 1183 &rarr; <strong>1206</strong><br />(+23 for winning)
|l|☆quartzion
|player|p1|
