|j|☆Heckto
|j|☆sucker puns
|inactive|Battle timer is ON: inactive players will automatically lose when time's up.
|t:|1760804319
|gametype|singles
|player|p1|Heckto|1|
|player|p2|sucker puns|skyla-masters|
|gen|9
|tier|[Gen 9] OU
|rated|Tournament battle
|rule|HP Percentage Mod: HP is shown in percentages
|rule|Endless Battle Clause: Forcing endless battles is banned
|rule|Species Clause: Limit one of each Pokémon
|rule|OHKO Clause: OHKO moves are banned
|rule|Evasion Items Clause: Evasion items are banned
|rule|Evasion Moves Clause: Evasion moves are banned
|rule|Evasion Abilities Clause: Evasion abilities are banned
|rule|Sleep Moves Clause: Sleep-inducing moves are banned
|clearpoke
|poke|p1|Dragapult, M|
|poke|p1|Ogerpon-Wellspring, F|
|poke|p1|Zamazenta-*|
|poke|p1|Clefable, M|
|poke|p1|Corviknight, M|
|poke|p1|Ting-Lu|
|poke|p2|Lokix, F|
|poke|p2|Alomomola, M|
|poke|p2|Gholdengo|
|poke|p2|Great Tusk|
|poke|p2|Serperior, M|
|poke|p2|Garganacl, F|
|teampreview
|j|*Lady Monita ☀
|j| BB-8-NU
|inactive|Heckto also wants the timer to be on.
|inactive|Heckto has 120 seconds left.
|inactive|sucker puns has 120 seconds left.
|j| GoldenJoe777
|inactive|Heckto has 90 seconds left.
|
|t:|1760804384
|teamsize|p1|6
|teamsize|p2|6
|start
|switch|p1a: Clefable|Clefable, M|100/100
|switch|p2a: Lokix|Lokix, F|100/100
|turn|1
|
|t:|1760804391
|move|p2a: Lokix|U-turn|p1a: Clefable
|-resisted|p1a: Clefable
|-damage|p1a: Clefable|60/100
|-damage|p2a: Lokix|84/100|[from] item: Rocky Helmet|[of] p1a: Clefable
|-damage|p2a: Lokix|74/100|[from] item: Life Orb
|
|t:|1760804399
|switch|p2a: Garganacl|Garganacl, F|100/100|[from] U-turn
|move|p1a: Clefable|Moonblast|p2a: Garganacl
|-damage|p2a: Garganacl|77/100
|
|-heal|p2a: Garganacl|83/100|[from] item: Leftovers
|upkeep
|turn|2
|
|t:|1760804410
|move|p1a: Clefable|Thunder Wave|p2a: Garganacl
|-immune|p2a: Garganacl|[from] ability: Purifying Salt
|move|p2a: Garganacl|Salt Cure|p1a: Clefable
|-crit|p1a: Clefable
|-damage|p1a: Clefable|37/100
|-start|p1a: Clefable|Salt Cure
|
|-heal|p2a: Garganacl|90/100|[from] item: Leftovers
|upkeep
|turn|3
|
|t:|1760804432
|move|p1a: Clefable|Moonlight|p1a: Clefable
|-heal|p1a: Clefable|87/100
|move|p2a: Garganacl|Body Press|p1a: Clefable
|-resisted|p1a: Clefable
|-damage|p1a: Clefable|73/100
|-damage|p2a: Garganacl|73/100|[from] item: Rocky Helmet|[of] p1a: Clefable
|
|-heal|p2a: Garganacl|79/100|[from] item: Leftovers
|upkeep
|turn|4
|l| GoldenJoe777
|j| GoldenJoe777
|j| greninjaydavid45
|inactive|sucker puns has 120 seconds left.
|
|t:|1760804454
|switch|p1a: Ting-Lu|Ting-Lu|100/100
|-ability|p1a: Ting-Lu|Vessel of Ruin
|move|p2a: Garganacl|Protect||[still]
|-fail|p2a: Garganacl
|
|-heal|p2a: Garganacl|85/100|[from] item: Leftovers
|upkeep
|turn|5
|inactive|sucker puns has 120 seconds left.
|j| 25thbrunoo
|
|t:|1760804472
|switch|p2a: Great Tusk|Great Tusk|100/100
|move|p1a: Ting-Lu|Ruination|p2a: Great Tusk|[miss]
|-miss|p1a: Ting-Lu|p2a: Great Tusk
|
|upkeep
|turn|6
|
|t:|1760804477
|switch|p1a: Corviknight|Corviknight, M|100/100
|-ability|p1a: Corviknight|Pressure
|move|p2a: Great Tusk|Stealth Rock|p1a: Corviknight
|-sidestart|p1: Heckto|move: Stealth Rock
|
|upkeep
|turn|7
|
|t:|1760804484
|-end|p2a: Great Tusk|Protosynthesis|[silent]
|switch|p2a: Garganacl|Garganacl, F|85/100
|move|p1a: Corviknight|U-turn|p2a: Garganacl
|-damage|p2a: Garganacl|76/100
|
|t:|1760804488
|switch|p1a: Ting-Lu|Ting-Lu|100/100|[from] U-turn
|-damage|p1a: Ting-Lu|94/100|[from] Stealth Rock
|-ability|p1a: Ting-Lu|Vessel of Ruin
|
|-heal|p2a: Garganacl|83/100|[from] item: Leftovers
|upkeep
|turn|8
|
|t:|1760804493
|move|p1a: Ting-Lu|Ruination|p2a: Garganacl
|-damage|p2a: Garganacl|42/100
|move|p2a: Garganacl|Salt Cure|p1a: Ting-Lu
|-resisted|p1a: Ting-Lu
|-damage|p1a: Ting-Lu|91/100
|-start|p1a: Ting-Lu|Salt Cure
|
|-heal|p2a: Garganacl|48/100|[from] item: Leftovers
|-damage|p1a: Ting-Lu|78/100|[from] Salt Cure
|upkeep
|turn|9
|
|t:|1760804497
|move|p1a: Ting-Lu|Earthquake|p2a: Garganacl
|-supereffective|p2a: Garganacl
|-damage|p2a: Garganacl|0 fnt
|faint|p2a: Garganacl
|
|-damage|p1a: Ting-Lu|66/100|[from] Salt Cure
|upkeep
|
|t:|1760804501
|switch|p2a: Serperior|Serperior, M|100/100
|turn|10
|
|t:|1760804506
|switch|p1a: Clefable|Clefable, M|73/100
|move|p2a: Serperior|Leaf Storm|p1a: Clefable
|-damage|p1a: Clefable|42/100
|-boost|p2a: Serperior|spa|2
|
|upkeep
|turn|11
|
|t:|1760804510
|-terastallize|p1a: Clefable|Poison
|move|p2a: Serperior|Leaf Storm|p1a: Clefable
|-resisted|p1a: Clefable
|-damage|p1a: Clefable|11/100
|-boost|p2a: Serperior|spa|2
|move|p1a: Clefable|Moonlight|p1a: Clefable
|-heal|p1a: Clefable|61/100
|
|upkeep
|turn|12
|
|t:|1760804517
|move|p2a: Serperior|Substitute|p2a: Serperior
|-start|p2a: Serperior|Substitute
|-damage|p2a: Serperior|76/100
|move|p1a: Clefable|Moonlight|p1a: Clefable
|-heal|p1a: Clefable|100/100
|
|-heal|p2a: Serperior|82/100|[from] item: Leftovers
|upkeep
|turn|13
|
|t:|1760804520
|move|p2a: Serperior|Leaf Storm|p1a: Clefable
|-resisted|p1a: Clefable
|-damage|p1a: Clefable|53/100
|-boost|p2a: Serperior|spa|2
|move|p1a: Clefable|Moonblast|p2a: Serperior
|-end|p2a: Serperior|Substitute
|
|-heal|p2a: Serperior|88/100|[from] item: Leftovers
|upkeep
|turn|14
|
|t:|1760804525
|move|p2a: Serperior|Leaf Storm|p1a: Clefable
|-resisted|p1a: Clefable
|-damage|p1a: Clefable|0 fnt
|faint|p1a: Clefable
|
|-heal|p2a: Serperior|94/100|[from] item: Leftovers
|upkeep
|
|t:|1760804528
|switch|p1a: Dragapult|Dragapult, M|100/100
|-damage|p1a: Dragapult|88/100|[from] Stealth Rock
|turn|15
|
|t:|1760804536
|move|p1a: Dragapult|Draco Meteor|p2a: Serperior
|-damage|p2a: Serperior|0 fnt
|-unboost|p1a: Dragapult|spa|2
|faint|p2a: Serperior
|
|upkeep
|
|t:|1760804541
|switch|p2a: Lokix|Lokix, F|74/100
|turn|16
|
|t:|1760804545
|switch|p1a: Corviknight|Corviknight, M|100/100
|-damage|p1a: Corviknight|88/100|[from] Stealth Rock
|-ability|p1a: Corviknight|Pressure
|move|p2a: Lokix|First Impression|p1a: Corviknight
|-resisted|p1a: Corviknight
|-damage|p1a: Corviknight|70/100
|-damage|p2a: Lokix|57/100|[from] item: Rocky Helmet|[of] p1a: Corviknight
|-damage|p2a: Lokix|47/100|[from] item: Life Orb
|
|upkeep
|turn|17
|
|t:|1760804552
|move|p2a: Lokix|U-turn|p1a: Corviknight
|-resisted|p1a: Corviknight
|-damage|p1a: Corviknight|57/100
|-damage|p2a: Lokix|31/100|[from] item: Rocky Helmet|[of] p1a: Corviknight
|-damage|p2a: Lokix|21/100|[from] item: Life Orb
|
|t:|1760804558
|switch|p2a: Gholdengo|Gholdengo|100/100|[from] U-turn
|-item|p2a: Gholdengo|Air Balloon
|move|p1a: Corviknight|Defog|p2a: Gholdengo
|-immune|p2a: Gholdengo|[from] ability: Good as Gold
|
|upkeep
|turn|18
|
|t:|1760804564
|move|p1a: Corviknight|U-turn|p2a: Gholdengo
|-resisted|p2a: Gholdengo
|-damage|p2a: Gholdengo|97/100
|-enditem|p2a: Gholdengo|Air Balloon
|j| Sgysushususjxj
|
|t:|1760804568
|switch|p1a: Ting-Lu|Ting-Lu|66/100|[from] U-turn
|-damage|p1a: Ting-Lu|60/100|[from] Stealth Rock
|-ability|p1a: Ting-Lu|Vessel of Ruin
|move|p2a: Gholdengo|Shadow Ball|p1a: Ting-Lu
|-resisted|p1a: Ting-Lu
|-damage|p1a: Ting-Lu|54/100
|
|upkeep
|turn|19
|
|t:|1760804575
|move|p2a: Gholdengo|Focus Blast|p1a: Ting-Lu|[miss]
|-miss|p2a: Gholdengo|p1a: Ting-Lu
|move|p1a: Ting-Lu|Ruination|p2a: Gholdengo
|-damage|p2a: Gholdengo|49/100
|
|upkeep
|turn|20
|
|t:|1760804579
|move|p2a: Gholdengo|Focus Blast|p1a: Ting-Lu|[miss]
|-miss|p2a: Gholdengo|p1a: Ting-Lu
|move|p1a: Ting-Lu|Earthquake|p2a: Gholdengo
|-supereffective|p2a: Gholdengo
|-damage|p2a: Gholdengo|0 fnt
|faint|p2a: Gholdengo
|
|upkeep
|
|t:|1760804581
|switch|p2a: Lokix|Lokix, F|21/100
|turn|21
|
|t:|1760804585
|switch|p1a: Corviknight|Corviknight, M|57/100
|-damage|p1a: Corviknight|44/100|[from] Stealth Rock
|-ability|p1a: Corviknight|Pressure
|move|p2a: Lokix|First Impression|p1a: Corviknight
|-resisted|p1a: Corviknight
|-damage|p1a: Corviknight|29/100
|-damage|p2a: Lokix|4/100|[from] item: Rocky Helmet|[of] p1a: Corviknight
|-damage|p2a: Lokix|0 fnt|[from] item: Life Orb
|faint|p2a: Lokix
|
|upkeep
|l| Sgysushususjxj
|-message|sucker puns forfeited.
|
|win|Heckto
|n|☆Heckto|heckto
|n|☆sucker puns|suckerpuns
|n|*Lady Monita ☀|ladymonita
|n| BB-8-NU|bb8nu
|n| GoldenJoe777|goldenjoe777
|n| greninjaydavid45|greninjaydavid45
|n| 25thbrunoo|25thbrunoo
|l|*Lady Monita ☀
