|j|☆ZombieVomit
|j|☆untold schemes
|t:|1760817832
|gametype|singles
|player|p1|ZombieVomit|scientist-gen4|1750
|player|p2|untold schemes|lucas|1672
|gen|9
|tier|[Gen 9] OU
|rated|
|rule|HP Percentage Mod: HP is shown in percentages
|rule|Endless Battle Clause: Forcing endless battles is banned
|rule|Species Clause: Limit one of each Pokémon
|rule|OHKO Clause: OHKO moves are banned
|rule|Evasion Items Clause: Evasion items are banned
|rule|Evasion Moves Clause: Evasion moves are banned
|rule|Evasion Abilities Clause: Evasion abilities are banned
|rule|Sleep Moves Clause: Sleep-inducing moves are banned
|clearpoke
|poke|p1|Ninetales-Alola, M|
|poke|p1|Klefki, M|
|poke|p1|Maushold-Four|
|poke|p1|Latias, F|
|poke|p1|Kyurem|
|poke|p1|Thundurus-Therian, M|
|poke|p2|Garchomp, F|
|poke|p2|Samurott-Hisui, F|
|poke|p2|Hatterene, F|
|poke|p2|Iron Treads|
|poke|p2|Hoopa-Unbound|
|poke|p2|Iron Valiant|
|teampreview
|inactive|Battle timer is ON: inactive players will automatically lose when time's up. (requested by ZombieVomit)
|j| Capitaine Tenace
|c| Capitaine Tenace|gogoggoo zombie
|
|t:|1760817860
|teamsize|p1|6
|teamsize|p2|6
|start
|switch|p1a: Klefki|Klefki, M|100/100
|switch|p2a: Samurott|Samurott-Hisui, F|100/100
|turn|1
|inactive|ZombieVomit has 120 seconds left.
|
|t:|1760817915
|switch|p2a: Hatterene|Hatterene, F|100/100
|move|p1a: Klefki|Reflect|p1a: Klefki
|-sidestart|p1: ZombieVomit|Reflect
|
|upkeep
|turn|2
|c| Capitaine Tenace|easy win for zombie
|
|t:|1760817922
|move|p1a: Klefki|Light Screen|p1a: Klefki
|-sidestart|p1: ZombieVomit|move: Light Screen
|move|p2a: Hatterene|Nuzzle|p1a: Klefki
|-damage|p1a: Klefki|99/100
|-status|p1a: Klefki|par
|
|upkeep
|turn|3
|
|t:|1760817925
|switch|p1a: Thundurus|Thundurus-Therian, M|100/100
|move|p2a: Hatterene|Nuzzle|p1a: Thundurus
|-immune|p1a: Thundurus|[from] ability: Volt Absorb
|
|upkeep
|turn|4
|
|t:|1760817941
|move|p1a: Thundurus|Nasty Plot|p1a: Thundurus
|-boost|p1a: Thundurus|spa|2
|move|p2a: Hatterene|Psychic Noise|p1a: Thundurus
|-damage|p1a: Thundurus|79/100
|-start|p1a: Thundurus|move: Heal Block
|
|upkeep
|turn|5
|
|t:|1760817946
|move|p1a: Thundurus|Agility|p1a: Thundurus
|-boost|p1a: Thundurus|spe|2
|move|p2a: Hatterene|Pain Split|p1a: Thundurus
|-sethp|p1a: Thundurus|86/100|[from] move: Pain Split|[silent]
|-sethp|p2a: Hatterene|93/100|[from] move: Pain Split
|
|-end|p1a: Thundurus|move: Heal Block
|upkeep
|turn|6
|
|t:|1760817951
|move|p1a: Thundurus|Nasty Plot|p1a: Thundurus
|-boost|p1a: Thundurus|spa|2
|move|p2a: Hatterene|Pain Split|p1a: Thundurus
|-sethp|p1a: Thundurus|86/100|[from] move: Pain Split|[silent]
|-sethp|p2a: Hatterene|93/100|[from] move: Pain Split
|
|upkeep
|turn|7
|
|t:|1760817953
|move|p1a: Thundurus|Discharge|p2a: Hatterene
|-damage|p2a: Hatterene|0 fnt
|faint|p2a: Hatterene
|
|upkeep
|
|t:|1760817964
|switch|p2a: Iron Treads|Iron Treads|100/100
|turn|8
|
|t:|1760817969
|-terastallize|p1a: Thundurus|Ice
|move|p1a: Thundurus|Tera Blast|p2a: Iron Treads|[anim] Tera Blast Ice
|-damage|p2a: Iron Treads|0 fnt
|faint|p2a: Iron Treads
|-end|p2a: Iron Treads|Quark Drive|[silent]
|
|-sideend|p1: ZombieVomit|Reflect
|upkeep
|j| Nikator98
|
|t:|1760817986
|switch|p2a: Samurott|Samurott-Hisui, F|100/100
|turn|9
|
|t:|1760817989
|-terastallize|p2a: Samurott|Poison
|move|p1a: Thundurus|Discharge|p2a: Samurott
|-damage|p2a: Samurott|0 fnt
|faint|p2a: Samurott
|
|-sideend|p1: ZombieVomit|move: Light Screen
|upkeep
|
|t:|1760817992
|switch|p2a: Iron Valiant|Iron Valiant|100/100
|-enditem|p2a: Iron Valiant|Booster Energy
|-activate|p2a: Iron Valiant|ability: Quark Drive|[fromitem]
|-start|p2a: Iron Valiant|quarkdrivespe
|turn|10
|c| Capitaine Tenace|easy
|
|t:|1760817997
|switch|p1a: Klefki|Klefki, M|99/100 par
|move|p2a: Iron Valiant|Close Combat|p1a: Klefki
|-damage|p1a: Klefki|41/100 par
|-unboost|p2a: Iron Valiant|def|1
|-unboost|p2a: Iron Valiant|spd|1
|
|upkeep
|turn|11
|
|t:|1760818005
|-end|p2a: Iron Valiant|Quark Drive|[silent]
|switch|p2a: Hoopa|Hoopa-Unbound|100/100
|move|p1a: Klefki|Reflect|p1a: Klefki
|-sidestart|p1: ZombieVomit|Reflect
|
|upkeep
|turn|12
|
|t:|1760818008
|move|p1a: Klefki|Light Screen|p1a: Klefki
|-sidestart|p1: ZombieVomit|move: Light Screen
|move|p2a: Hoopa|Hyperspace Fury|p1a: Klefki
|-resisted|p1a: Klefki
|-damage|p1a: Klefki|20/100 par
|-unboost|p2a: Hoopa|def|1
|
|upkeep
|turn|13
|
|t:|1760818011
|move|p1a: Klefki|Spikes|p2a: Hoopa
|-sidestart|p2: untold schemes|Spikes
|move|p2a: Hoopa|Hyperspace Fury|p1a: Klefki
|-resisted|p1a: Klefki
|-damage|p1a: Klefki|0 fnt
|-unboost|p2a: Hoopa|def|1
|faint|p1a: Klefki
|
|upkeep
|
|t:|1760818014
|switch|p1a: Kyurem|Kyurem, shiny|100/100
|-ability|p1a: Kyurem|Pressure
|turn|14
|
|t:|1760818020
|move|p1a: Kyurem|Dragon Dance|p1a: Kyurem
|-boost|p1a: Kyurem|atk|1
|-boost|p1a: Kyurem|spe|1
|move|p2a: Hoopa|Hyperspace Fury|p1a: Kyurem
|-damage|p1a: Kyurem|60/100
|-unboost|p2a: Hoopa|def|1
|
|upkeep
|turn|15
|
|t:|1760818024
|switch|p2a: Garchomp|Garchomp, F|100/100
|-damage|p2a: Garchomp|88/100|[from] Spikes
|move|p1a: Kyurem|Icicle Spear|p2a: Garchomp
|-supereffective|p2a: Garchomp
|-damage|p2a: Garchomp|6/100
|-supereffective|p2a: Garchomp
|-damage|p2a: Garchomp|0 fnt
|faint|p2a: Garchomp
|-hitcount|p2: Garchomp|2
|
|upkeep
|c|☆ZombieVomit|bye
|
|t:|1760818026
|switch|p2a: Iron Valiant|Iron Valiant|100/100
|-damage|p2a: Iron Valiant|88/100|[from] Spikes
|turn|16
|
|t:|1760818034
|move|p1a: Kyurem|Icicle Spear|p2a: Iron Valiant
|-damage|p2a: Iron Valiant|59/100
|-damage|p2a: Iron Valiant|31/100
|-crit|p2a: Iron Valiant
|-damage|p2a: Iron Valiant|0 fnt
|faint|p2a: Iron Valiant
|-end|p2a: Iron Valiant|Quark Drive|[silent]
|-hitcount|p2: Iron Valiant|3
|
|upkeep
|c|☆ZombieVomit|gg
|c|☆untold schemes|Is there a reasom for the shit talk?
|c| Capitaine Tenace|y
|c|☆untold schemes|Just curious?
|c|☆ZombieVomit|who?
|c|☆untold schemes|You two arrogant pieces of shit.
|inactive|untold schemes has 120 seconds left.
|c|☆ZombieVomit|LMAO
|c|☆ZombieVomit|what did i say?
|c|☆untold schemes|Fucking pathetic
|c| Capitaine Tenace|KKKK
|c|☆ZombieVomit|i said gg
|c| Capitaine Tenace|take ur defeat and give up
|c| Capitaine Tenace|and calm down
|c|☆ZombieVomit|guys raging
|c|☆ZombieVomit|with anger
|inactive|untold schemes has 90 seconds left.
|c|☆ZombieVomit|all i said was gg
|c| Capitaine Tenace|don't stall the time this is pathetic to
|inactive|untold schemes has 60 seconds left.
|c|☆ZombieVomit|never seen someone so raged
|inactive|untold schemes has 30 seconds left.
|inactive|untold schemes has 20 seconds left.
|inactive|untold schemes has 15 seconds left.
|c|☆ZombieVomit|cute time stall
|c|☆ZombieVomit|L
|c| Capitaine Tenace|yy
|inactive|untold schemes has 10 seconds left.
|l|☆untold schemes
|inactive|untold schemes disconnected and has a minute to reconnect!
|player|p2|
|c| Capitaine Tenace|ez win
|inactive|untold schemes has 5 seconds left.
|c|☆ZombieVomit|LMFAO
|-message|untold schemes lost due to inactivity.
|
|win|ZombieVomit
