|j|☆liam2803
|j|☆kajirigame
|t:|1760761514
|gametype|singles
|player|p1|liam2803|2|1321
|player|p2|kajirigame|1|1388
|gen|9
|tier|[Gen 9] OU
|rated|
|rule|HP Percentage Mod: HP is shown in percentages
|rule|Endless Battle Clause: Forcing endless battles is banned
|rule|Species Clause: Limit one of each Pokémon
|rule|OHKO Clause: OHKO moves are banned
|rule|Evasion Items Clause: Evasion items are banned
|rule|Evasion Moves Clause: Evasion moves are banned
|rule|Evasion Abilities Clause: Evasion abilities are banned
|rule|Sleep Moves Clause: Sleep-inducing moves are banned
|clearpoke
|poke|p1|Moltres|
|poke|p1|Iron Hands|
|poke|p1|Iron Treads|
|poke|p1|Pecharunt|
|poke|p1|Meowscarada, F|
|poke|p1|Toxapex, F|
|poke|p2|Dragonite, F|
|poke|p2|Great Tusk|
|poke|p2|Gengar, M|
|poke|p2|Ribombee, F|
|poke|p2|Iron Crown|
|poke|p2|Darkrai|
|teampreview
|
|t:|1760761525
|teamsize|p1|6
|teamsize|p2|6
|start
|switch|p1a: Meowscarada|Meowscarada, F, shiny|100/100
|switch|p2a: Ribombee|Ribombee, F|100/100
|turn|1
|inactive|Battle timer is ON: inactive players will automatically lose when time's up. (requested by liam2803)
|
|t:|1760761546
|move|p1a: Meowscarada|Play Rough|p2a: Ribombee
|-start|p1a: Meowscarada|typechange|Fairy|[from] ability: Protean
|-damage|p2a: Ribombee|20/100
|move|p2a: Ribombee|Sticky Web|p1a: Meowscarada
|-sidestart|p1: liam2803|move: Sticky Web
|
|upkeep
|turn|2
|
|t:|1760761553
|move|p1a: Meowscarada|Play Rough|p2a: Ribombee
|-damage|p2a: Ribombee|0 fnt
|faint|p2a: Ribombee
|
|upkeep
|
|t:|1760761571
|switch|p2a: Darkrai|Darkrai|100/100
|turn|3
|
|t:|1760761575
|switch|p1a: Toxapex|Toxapex, F, shiny|100/100
|-activate|p1a: Toxapex|move: Sticky Web
|-unboost|p1a: Toxapex|spe|1
|move|p2a: Darkrai|Sludge Bomb|p1a: Toxapex
|-resisted|p1a: Toxapex
|-damage|p1a: Toxapex|91/100
|
|-heal|p1a: Toxapex|97/100|[from] item: Black Sludge
|upkeep
|turn|4
|
|t:|1760761587
|move|p2a: Darkrai|Nasty Plot|p2a: Darkrai
|-boost|p2a: Darkrai|spa|2
|move|p1a: Toxapex|Surf|p2a: Darkrai
|-damage|p2a: Darkrai|76/100
|
|-heal|p1a: Toxapex|100/100|[from] item: Black Sludge
|upkeep
|turn|5
|
|t:|1760761598
|move|p2a: Darkrai|Nasty Plot|p2a: Darkrai
|-boost|p2a: Darkrai|spa|2
|move|p1a: Toxapex|Toxic|p2a: Darkrai
|-status|p2a: Darkrai|tox
|
|-damage|p2a: Darkrai|70/100 tox|[from] psn
|upkeep
|turn|6
|
|t:|1760761605
|move|p1a: Toxapex|Baneful Bunker|p1a: Toxapex
|-singleturn|p1a: Toxapex|move: Protect
|move|p2a: Darkrai|Dark Pulse|p1a: Toxapex
|-activate|p1a: Toxapex|move: Protect
|
|-damage|p2a: Darkrai|58/100 tox|[from] psn
|upkeep
|turn|7
|
|t:|1760761614
|move|p2a: Darkrai|Dark Pulse|p1a: Toxapex
|-damage|p1a: Toxapex|23/100
|move|p1a: Toxapex|Recover|p1a: Toxapex
|-heal|p1a: Toxapex|73/100
|
|-heal|p1a: Toxapex|79/100|[from] item: Black Sludge
|-damage|p2a: Darkrai|40/100 tox|[from] psn
|upkeep
|turn|8
|
|t:|1760761622
|move|p1a: Toxapex|Baneful Bunker|p1a: Toxapex
|-singleturn|p1a: Toxapex|move: Protect
|move|p2a: Darkrai|Dark Pulse|p1a: Toxapex
|-activate|p1a: Toxapex|move: Protect
|
|-heal|p1a: Toxapex|85/100|[from] item: Black Sludge
|-damage|p2a: Darkrai|15/100 tox|[from] psn
|upkeep
|turn|9
|
|t:|1760761630
|move|p2a: Darkrai|Dark Pulse|p1a: Toxapex
|-damage|p1a: Toxapex|3/100
|move|p1a: Toxapex|Recover|p1a: Toxapex
|-heal|p1a: Toxapex|53/100
|
|-heal|p1a: Toxapex|59/100|[from] item: Black Sludge
|-damage|p2a: Darkrai|0 fnt|[from] psn
|faint|p2a: Darkrai
|upkeep
|
|t:|1760761640
|switch|p2a: Iron Crown|Iron Crown|100/100
|-enditem|p2a: Iron Crown|Booster Energy
|-activate|p2a: Iron Crown|ability: Quark Drive|[fromitem]
|-start|p2a: Iron Crown|quarkdrivespe
|turn|10
|
|t:|1760761649
|switch|p1a: Iron Treads|Iron Treads, shiny|100/100
|-activate|p1a: Iron Treads|move: Sticky Web
|-unboost|p1a: Iron Treads|spe|1
|-enditem|p1a: Iron Treads|Booster Energy
|-activate|p1a: Iron Treads|ability: Quark Drive|[fromitem]
|-start|p1a: Iron Treads|quarkdriveatk
|move|p2a: Iron Crown|Substitute|p2a: Iron Crown
|-start|p2a: Iron Crown|Substitute
|-damage|p2a: Iron Crown|76/100
|
|upkeep
|turn|11
|
|t:|1760761658
|move|p2a: Iron Crown|Calm Mind|p2a: Iron Crown
|-boost|p2a: Iron Crown|spa|1
|-boost|p2a: Iron Crown|spd|1
|move|p1a: Iron Treads|Rapid Spin|p2a: Iron Crown
|-resisted|p2a: Iron Crown
|-activate|p2a: Iron Crown|move: Substitute|[damage]
|-sideend|p1: liam2803|Sticky Web|[from] move: Rapid Spin|[of] p1a: Iron Treads
|-boost|p1a: Iron Treads|spe|1
|
|upkeep
|turn|12
|
|t:|1760761670
|move|p2a: Iron Crown|Focus Blast|p1a: Iron Treads
|-supereffective|p1a: Iron Treads
|-damage|p1a: Iron Treads|0 fnt
|faint|p1a: Iron Treads
|-end|p1a: Iron Treads|Quark Drive|[silent]
|
|upkeep
|
|t:|1760761677
|switch|p1a: Meowscarada|Meowscarada, F, shiny|100/100
|turn|13
|
|t:|1760761684
|move|p1a: Meowscarada|U-turn|p2a: Iron Crown
|-start|p1a: Meowscarada|typechange|Bug|[from] ability: Protean
|-end|p2a: Iron Crown|Substitute
|
|t:|1760761692
|switch|p1a: Moltres|Moltres, shiny|100/100|[from] U-turn
|move|p2a: Iron Crown|Focus Blast|p1a: Moltres
|-resisted|p1a: Moltres
|-damage|p1a: Moltres|70/100
|
|upkeep
|turn|14
|
|t:|1760761699
|-terastallize|p2a: Iron Crown|Fighting
|move|p2a: Iron Crown|Calm Mind|p2a: Iron Crown
|-boost|p2a: Iron Crown|spa|1
|-boost|p2a: Iron Crown|spd|1
|move|p1a: Moltres|Flamethrower|p2a: Iron Crown
|-damage|p2a: Iron Crown|57/100
|
|upkeep
|turn|15
|
|t:|1760761706
|move|p2a: Iron Crown|Substitute|p2a: Iron Crown
|-start|p2a: Iron Crown|Substitute
|-damage|p2a: Iron Crown|32/100
|move|p1a: Moltres|Scorching Sands|p2a: Iron Crown
|-activate|p2a: Iron Crown|move: Substitute|[damage]
|
|upkeep
|turn|16
|
|t:|1760761713
|move|p2a: Iron Crown|Stored Power|p1a: Moltres
|-damage|p1a: Moltres|0 fnt
|faint|p1a: Moltres
|
|upkeep
|
|t:|1760761718
|switch|p1a: Meowscarada|Meowscarada, F, shiny|100/100
|turn|17
|
|t:|1760761723
|move|p1a: Meowscarada|U-turn|p2a: Iron Crown
|-start|p1a: Meowscarada|typechange|Bug|[from] ability: Protean
|-resisted|p2a: Iron Crown
|-activate|p2a: Iron Crown|move: Substitute|[damage]
|
|t:|1760761728
|switch|p1a: Pecharunt|Pecharunt|100/100|[from] U-turn
|move|p2a: Iron Crown|Stored Power|p1a: Pecharunt
|-supereffective|p1a: Pecharunt
|-damage|p1a: Pecharunt|0 fnt
|faint|p1a: Pecharunt
|
|upkeep
|
|t:|1760761735
|switch|p1a: Meowscarada|Meowscarada, F, shiny|100/100
|turn|18
|
|t:|1760761746
|move|p1a: Meowscarada|Knock Off|p2a: Iron Crown
|-start|p1a: Meowscarada|typechange|Dark|[from] ability: Protean
|-resisted|p2a: Iron Crown
|-end|p2a: Iron Crown|Substitute
|move|p2a: Iron Crown|Stored Power|p1a: Meowscarada
|-immune|p1a: Meowscarada
|
|upkeep
|turn|19
|
|t:|1760761761
|-end|p2a: Iron Crown|Quark Drive|[silent]
|switch|p2a: Great Tusk|Great Tusk|100/100
|-enditem|p2a: Great Tusk|Booster Energy
|-activate|p2a: Great Tusk|ability: Protosynthesis|[fromitem]
|-start|p2a: Great Tusk|protosynthesisatk
|move|p1a: Meowscarada|Knock Off|p2a: Great Tusk
|-resisted|p2a: Great Tusk
|-damage|p2a: Great Tusk|89/100
|
|upkeep
|turn|20
|
|t:|1760761777
|switch|p1a: Toxapex|Toxapex, F, shiny|92/100
|move|p2a: Great Tusk|Headlong Rush|p1a: Toxapex
|-supereffective|p1a: Toxapex
|-damage|p1a: Toxapex|0 fnt
|-unboost|p2a: Great Tusk|def|1
|-unboost|p2a: Great Tusk|spd|1
|faint|p1a: Toxapex
|
|upkeep
|
|t:|1760761786
|switch|p1a: Meowscarada|Meowscarada, F, shiny|100/100
|turn|21
|
|t:|1760761792
|move|p1a: Meowscarada|Play Rough|p2a: Great Tusk
|-start|p1a: Meowscarada|typechange|Fairy|[from] ability: Protean
|-supereffective|p2a: Great Tusk
|-damage|p2a: Great Tusk|0 fnt
|faint|p2a: Great Tusk
|-end|p2a: Great Tusk|Protosynthesis|[silent]
|
|upkeep
|
|t:|1760761798
|switch|p2a: Gengar|Gengar, M|100/100
|turn|22
|
|t:|1760761801
|switch|p1a: Iron Hands|Iron Hands, shiny|100/100
|move|p2a: Gengar|Sludge Wave|p1a: Iron Hands
|-damage|p1a: Iron Hands|52/100
|
|upkeep
|turn|23
|
|t:|1760761812
|move|p2a: Gengar|Shadow Ball|p1a: Iron Hands
|-damage|p1a: Iron Hands|8/100
|move|p1a: Iron Hands|Thunder Punch|p2a: Gengar
|-damage|p2a: Gengar|1/100
|
|upkeep
|turn|24
|
|t:|1760761819
|move|p2a: Gengar|Shadow Ball|p1a: Iron Hands
|-damage|p1a: Iron Hands|0 fnt
|faint|p1a: Iron Hands
|-end|p1a: Iron Hands|Quark Drive|[silent]
|
|upkeep
|
|t:|1760761823
|switch|p1a: Meowscarada|Meowscarada, F, shiny|100/100
|turn|25
|
|t:|1760761827
|move|p1a: Meowscarada|Play Rough|p2a: Gengar
|-start|p1a: Meowscarada|typechange|Fairy|[from] ability: Protean
|-resisted|p2a: Gengar
|-damage|p2a: Gengar|0 fnt
|faint|p2a: Gengar
|
|upkeep
|
|t:|1760761830
|switch|p2a: Iron Crown|Iron Crown, tera:Fighting|32/100
|turn|26
|
|t:|1760761839
|move|p1a: Meowscarada|Play Rough|p2a: Iron Crown
|-supereffective|p2a: Iron Crown
|-damage|p2a: Iron Crown|0 fnt
|faint|p2a: Iron Crown
|-end|p2a: Iron Crown|Quark Drive|[silent]
|
|upkeep
|
|t:|1760761842
|switch|p2a: Dragonite|Dragonite, F, shiny|100/100
|turn|27
|
|t:|1760761860
|move|p1a: Meowscarada|Play Rough|p2a: Dragonite
|-supereffective|p2a: Dragonite
|-damage|p2a: Dragonite|56/100
|move|p2a: Dragonite|Dragon Dance|p2a: Dragonite
|-boost|p2a: Dragonite|atk|1
|-boost|p2a: Dragonite|spe|1
|
|upkeep
|turn|28
|
|t:|1760761867
|move|p1a: Meowscarada|Play Rough|p2a: Dragonite
|-supereffective|p2a: Dragonite
|-damage|p2a: Dragonite|0 fnt
|faint|p2a: Dragonite
|
|win|liam2803
|raw|liam2803's rating: 1321 &rarr; <strong>1345</strong><br />(+24 for winning)
|raw|kajirigame's rating: 1388 &rarr; <strong>1364</strong><br />(-24 for losing)
|l|☆kajirigame
|player|p2|
|l|☆liam2803
|player|p1|
