|j|☆flygonisdragon
|j|☆Obito 2001
|t:|1760852436
|gametype|singles
|player|p1|flygonisdragon|serena-masters|1702
|player|p2|Obito 2001|blue-gen3two|1758
|gen|9
|tier|[Gen 9] OU
|rated|
|rule|HP Percentage Mod: HP is shown in percentages
|rule|Endless Battle Clause: Forcing endless battles is banned
|rule|Species Clause: Limit one of each Pokémon
|rule|OHKO Clause: OHKO moves are banned
|rule|Evasion Items Clause: Evasion items are banned
|rule|Evasion Moves Clause: Evasion moves are banned
|rule|Evasion Abilities Clause: Evasion abilities are banned
|rule|Sleep Moves Clause: Sleep-inducing moves are banned
|clearpoke
|poke|p1|Clefable, M|
|poke|p1|Heatran, M|
|poke|p1|Corviknight, F|
|poke|p1|Kyurem|
|poke|p1|Ursaluna, M|
|poke|p1|Quaquaval, F|
|poke|p2|Maushold-Four|
|poke|p2|Comfey, F|
|poke|p2|Grimmsnarl, M|
|poke|p2|Iron Crown|
|poke|p2|Ogerpon-Wellspring, F|
|poke|p2|Great Tusk|
|teampreview
|inactive|Battle timer is ON: inactive players will automatically lose when time's up. (requested by Obito 2001)
|inactive|flygonisdragon has 120 seconds left.
|
|t:|1760852467
|teamsize|p1|6
|teamsize|p2|6
|start
|switch|p1a: Heatran|Heatran, M|100/100
|switch|p2a: Screen Goblin|Grimmsnarl, M|100/100
|turn|1
|
|t:|1760852484
|move|p2a: Screen Goblin|Light Screen|p2a: Screen Goblin
|-sidestart|p2: Obito 2001|move: Light Screen
|move|p1a: Heatran|Magma Storm|p2a: Screen Goblin
|-damage|p2a: Screen Goblin|78/100
|-activate|p2a: Screen Goblin|move: Magma Storm|[of] p1a: Heatran
|
|-damage|p2a: Screen Goblin|65/100|[from] move: Magma Storm|[partiallytrapped]
|upkeep
|turn|2
|
|t:|1760852488
|move|p2a: Screen Goblin|Parting Shot|p1a: Heatran
|-unboost|p1a: Heatran|atk|1
|-unboost|p1a: Heatran|spa|1
|
|t:|1760852495
|switch|p2a: Mega Donphan|Great Tusk|100/100|[from] Parting Shot
|move|p1a: Heatran|Stealth Rock|p2a: Mega Donphan
|-sidestart|p2: Obito 2001|move: Stealth Rock
|
|upkeep
|turn|3
|
|t:|1760852499
|switch|p1a: Corviknight|Corviknight, F|100/100
|-ability|p1a: Corviknight|Pressure
|move|p2a: Mega Donphan|Stealth Rock|p1a: Corviknight
|-sidestart|p1: flygonisdragon|move: Stealth Rock
|
|upkeep
|turn|4
|
|t:|1760852506
|-end|p2a: Mega Donphan|Protosynthesis|[silent]
|switch|p2a: Zanpakuto🗡️|Iron Crown|100/100
|-damage|p2a: Zanpakuto🗡️|94/100|[from] Stealth Rock
|move|p1a: Corviknight|Defog|p2a: Zanpakuto🗡️
|-unboost|p2a: Zanpakuto🗡️|evasion|1
|-sideend|p2: Obito 2001|move: Light Screen
|-sideend|p2: Obito 2001|Stealth Rock|[from] move: Defog|[of] p1a: Corviknight
|-sideend|p1: flygonisdragon|Stealth Rock|[from] move: Defog|[of] p1a: Corviknight
|
|upkeep
|turn|5
|
|t:|1760852514
|switch|p1a: Ursaluna|Ursaluna, M|100/100
|move|p2a: Zanpakuto🗡️|Tachyon Cutter|p1a: Ursaluna
|-damage|p1a: Ursaluna|79/100
|-damage|p1a: Ursaluna|56/100
|-hitcount|p1a: Ursaluna|2
|
|upkeep
|turn|6
|
|t:|1760852520
|-end|p2a: Zanpakuto🗡️|Quark Drive|[silent]
|switch|p2a: Mega Donphan|Great Tusk|100/100
|move|p1a: Ursaluna|Headlong Rush|p2a: Mega Donphan
|-damage|p2a: Mega Donphan|48/100
|-unboost|p1a: Ursaluna|def|1
|-unboost|p1a: Ursaluna|spd|1
|
|upkeep
|turn|7
|
|t:|1760852525
|switch|p1a: Corviknight|Corviknight, F|100/100
|-ability|p1a: Corviknight|Pressure
|move|p2a: Mega Donphan|Ice Spinner|p1a: Corviknight
|-damage|p1a: Corviknight|83/100
|-damage|p2a: Mega Donphan|31/100|[from] item: Rocky Helmet|[of] p1a: Corviknight
|
|upkeep
|turn|8
|
|t:|1760852529
|move|p2a: Mega Donphan|Stealth Rock|p1a: Corviknight
|-sidestart|p1: flygonisdragon|move: Stealth Rock
|move|p1a: Corviknight|Brave Bird|p2a: Mega Donphan
|-supereffective|p2a: Mega Donphan
|-damage|p2a: Mega Donphan|0 fnt
|faint|p2a: Mega Donphan
|-end|p2a: Mega Donphan|Protosynthesis|[silent]
|-damage|p1a: Corviknight|73/100|[from] Recoil
|
|upkeep
|
|t:|1760852533
|switch|p2a: Zanpakuto🗡️|Iron Crown|94/100
|turn|9
|
|t:|1760852541
|move|p2a: Zanpakuto🗡️|Volt Switch|p1a: Corviknight
|-supereffective|p1a: Corviknight
|-damage|p1a: Corviknight|4/100
|
|t:|1760852551
|-end|p2a: Zanpakuto🗡️|Quark Drive|[silent]
|switch|p2a: 🎭|Ogerpon-Wellspring, F|100/100|[from] Volt Switch
|move|p1a: Corviknight|Defog|p2a: 🎭
|-unboost|p2a: 🎭|evasion|1
|-sideend|p1: flygonisdragon|Stealth Rock|[from] move: Defog|[of] p1a: Corviknight
|
|upkeep
|turn|10
|
|t:|1760852555
|move|p2a: 🎭|Ivy Cudgel|p1a: Corviknight|[anim] Ivy Cudgel Water
|-damage|p1a: Corviknight|0 fnt
|faint|p1a: Corviknight
|
|upkeep
|
|t:|1760852560
|switch|p1a: Kyurem|Kyurem|100/100
|-ability|p1a: Kyurem|Pressure
|turn|11
|
|t:|1760852564
|switch|p2a: Zanpakuto🗡️|Iron Crown|94/100
|move|p1a: Kyurem|Freeze-Dry|p2a: Zanpakuto🗡️
|-resisted|p2a: Zanpakuto🗡️
|-damage|p2a: Zanpakuto🗡️|76/100
|
|upkeep
|turn|12
|
|t:|1760852570
|switch|p1a: Heatran|Heatran, M|100/100
|move|p2a: Zanpakuto🗡️|Volt Switch|p1a: Heatran
|-damage|p1a: Heatran|79/100
|
|t:|1760852574
|-end|p2a: Zanpakuto🗡️|Quark Drive|[silent]
|switch|p2a: 🎭|Ogerpon-Wellspring, F|100/100|[from] Volt Switch
|
|-heal|p1a: Heatran|85/100|[from] item: Leftovers
|upkeep
|turn|13
|
|t:|1760852581
|switch|p1a: Clefable|Clefable, M|100/100
|move|p2a: 🎭|Swords Dance|p2a: 🎭
|-boost|p2a: 🎭|atk|2
|
|upkeep
|turn|14
|
|t:|1760852594
|switch|p2a: Screen Goblin|Grimmsnarl, M|65/100
|move|p1a: Clefable|Thunder Wave|p2a: Screen Goblin
|-status|p2a: Screen Goblin|par
|
|upkeep
|turn|15
|
|t:|1760852599
|move|p2a: Screen Goblin|Light Screen|p2a: Screen Goblin
|-sidestart|p2: Obito 2001|move: Light Screen
|move|p1a: Clefable|Calm Mind|p1a: Clefable
|-boost|p1a: Clefable|spa|1
|-boost|p1a: Clefable|spd|1
|
|upkeep
|turn|16
|
|t:|1760852607
|move|p2a: Screen Goblin|Parting Shot|p1a: Clefable
|-unboost|p1a: Clefable|atk|1
|-unboost|p1a: Clefable|spa|1
|
|t:|1760852609
|switch|p2a: Gang bang|Maushold-Four|100/100|[from] Parting Shot
|move|p1a: Clefable|Calm Mind|p1a: Clefable
|-boost|p1a: Clefable|spa|1
|-boost|p1a: Clefable|spd|1
|
|upkeep
|turn|17
|
|t:|1760852617
|move|p2a: Gang bang|Encore|p1a: Clefable
|-start|p1a: Clefable|Encore
|move|p1a: Clefable|Calm Mind|p1a: Clefable
|-boost|p1a: Clefable|spa|1
|-boost|p1a: Clefable|spd|1
|
|upkeep
|turn|18
|
|t:|1760852627
|switch|p1a: Heatran|Heatran, M|85/100
|move|p2a: Gang bang|Tidy Up|p2a: Gang bang
|-boost|p2a: Gang bang|atk|1
|-boost|p2a: Gang bang|spe|1
|
|-heal|p1a: Heatran|92/100|[from] item: Leftovers
|upkeep
|turn|19
|
|t:|1760852631
|move|p2a: Gang bang|Population Bomb|p1a: Heatran
|-resisted|p1a: Heatran
|-damage|p1a: Heatran|85/100
|-resisted|p1a: Heatran
|-damage|p1a: Heatran|79/100
|-resisted|p1a: Heatran
|-damage|p1a: Heatran|73/100
|-resisted|p1a: Heatran
|-damage|p1a: Heatran|66/100
|-resisted|p1a: Heatran
|-damage|p1a: Heatran|59/100
|-resisted|p1a: Heatran
|-damage|p1a: Heatran|53/100
|-resisted|p1a: Heatran
|-damage|p1a: Heatran|45/100
|-resisted|p1a: Heatran
|-damage|p1a: Heatran|38/100
|-resisted|p1a: Heatran
|-damage|p1a: Heatran|32/100
|-resisted|p1a: Heatran
|-damage|p1a: Heatran|25/100
|-hitcount|p1a: Heatran|10
|move|p1a: Heatran|Magma Storm|p2a: Gang bang|[miss]
|-miss|p1a: Heatran|p2a: Gang bang
|
|-heal|p1a: Heatran|32/100|[from] item: Leftovers
|upkeep
|turn|20
|
|t:|1760852637
|move|p2a: Gang bang|Population Bomb|p1a: Heatran
|-resisted|p1a: Heatran
|-damage|p1a: Heatran|25/100
|-resisted|p1a: Heatran
|-damage|p1a: Heatran|19/100
|-resisted|p1a: Heatran
|-damage|p1a: Heatran|12/100
|-resisted|p1a: Heatran
|-damage|p1a: Heatran|6/100
|-resisted|p1a: Heatran
|-damage|p1a: Heatran|0 fnt
|faint|p1a: Heatran
|-hitcount|p1: Heatran|5
|
|upkeep
|
|t:|1760852642
|switch|p1a: Clefable|Clefable, M|100/100
|turn|21
|
|t:|1760852648
|move|p2a: Gang bang|Tidy Up|p2a: Gang bang
|-boost|p2a: Gang bang|atk|1
|-boost|p2a: Gang bang|spe|1
|move|p1a: Clefable|Thunder Wave|p2a: Gang bang
|-status|p2a: Gang bang|par
|
|upkeep
|turn|22
|
|t:|1760852652
|move|p2a: Gang bang|Population Bomb|p1a: Clefable
|-damage|p1a: Clefable|92/100
|-damage|p1a: Clefable|84/100
|-damage|p1a: Clefable|75/100
|-damage|p1a: Clefable|66/100
|-damage|p1a: Clefable|57/100
|-damage|p1a: Clefable|48/100
|-damage|p1a: Clefable|40/100
|-damage|p1a: Clefable|32/100
|-damage|p1a: Clefable|24/100
|-damage|p1a: Clefable|15/100
|-hitcount|p1a: Clefable|10
|move|p1a: Clefable|Moonblast|p2a: Gang bang
|-damage|p2a: Gang bang|77/100 par
|
|-sideend|p2: Obito 2001|move: Light Screen
|upkeep
|turn|23
|
|t:|1760852656
|move|p2a: Gang bang|Population Bomb|p1a: Clefable
|-damage|p1a: Clefable|7/100
|-damage|p1a: Clefable|0 fnt
|faint|p1a: Clefable
|-hitcount|p1: Clefable|2
|
|upkeep
|
|t:|1760852659
|switch|p1a: Kyurem|Kyurem|100/100
|-ability|p1a: Kyurem|Pressure
|turn|24
|
|t:|1760852662
|move|p1a: Kyurem|Draco Meteor|p2a: Gang bang
|-damage|p2a: Gang bang|0 fnt
|-unboost|p1a: Kyurem|spa|2
|faint|p2a: Gang bang
|
|upkeep
|
|t:|1760852666
|switch|p2a: Zanpakuto🗡️|Iron Crown|76/100
|turn|25
|
|t:|1760852669
|switch|p1a: Ursaluna|Ursaluna, M|56/100
|move|p2a: Zanpakuto🗡️|Psyshock|p1a: Ursaluna
|-damage|p1a: Ursaluna|14/100
|
|upkeep
|turn|26
|
|t:|1760852675
|move|p2a: Zanpakuto🗡️|Psyshock|p1a: Ursaluna
|-damage|p1a: Ursaluna|0 fnt
|faint|p1a: Ursaluna
|
|upkeep
|
|t:|1760852676
|switch|p1a: Kyurem|Kyurem|100/100
|-ability|p1a: Kyurem|Pressure
|turn|27
|
|t:|1760852679
|switch|p1a: Quaquaval|Quaquaval, F, shiny|100/100
|-end|p2a: Zanpakuto🗡️|Quark Drive|[silent]
|switch|p2a: Screen Goblin|Grimmsnarl, M|65/100 par
|
|upkeep
|turn|28
|
|t:|1760852685
|move|p2a: Screen Goblin|Reflect|p2a: Screen Goblin
|-sidestart|p2: Obito 2001|Reflect
|move|p1a: Quaquaval|Swords Dance|p1a: Quaquaval
|-boost|p1a: Quaquaval|atk|2
|
|upkeep
|turn|29
|
|t:|1760852689
|move|p1a: Quaquaval|Aqua Step|p2a: Screen Goblin
|-crit|p2a: Screen Goblin
|-damage|p2a: Screen Goblin|0 fnt
|-boost|p1a: Quaquaval|spe|1
|faint|p2a: Screen Goblin
|-ability|p1a: Quaquaval|Moxie|boost
|-boost|p1a: Quaquaval|atk|1
|
|upkeep
|
|t:|1760852696
|switch|p2a: 🎭|Ogerpon-Wellspring, F|100/100
|turn|30
|
|t:|1760852700
|move|p1a: Quaquaval|Close Combat|p2a: 🎭
|-damage|p2a: 🎭|5/100
|-unboost|p1a: Quaquaval|def|1
|-unboost|p1a: Quaquaval|spd|1
|move|p2a: 🎭|Trailblaze|p1a: Quaquaval
|-supereffective|p1a: Quaquaval
|-damage|p1a: Quaquaval|0 fnt
|-boost|p2a: 🎭|spe|1
|faint|p1a: Quaquaval
|
|upkeep
|
|t:|1760852706
|switch|p1a: Kyurem|Kyurem|100/100
|-ability|p1a: Kyurem|Pressure
|turn|31
|
|t:|1760852710
|move|p2a: 🎭|Play Rough|p1a: Kyurem
|-supereffective|p1a: Kyurem
|-damage|p1a: Kyurem|26/100
|move|p1a: Kyurem|Ice Beam|p2a: 🎭
|-damage|p2a: 🎭|0 fnt
|faint|p2a: 🎭
|
|upkeep
|
|t:|1760852714
|switch|p2a: Zanpakuto🗡️|Iron Crown|76/100
|turn|32
|
|t:|1760852719
|move|p1a: Kyurem|Ice Beam|p2a: Zanpakuto🗡️
|-resisted|p2a: Zanpakuto🗡️
|-crit|p2a: Zanpakuto🗡️
|-damage|p2a: Zanpakuto🗡️|39/100
|move|p2a: Zanpakuto🗡️|Psyshock|p1a: Kyurem
|-damage|p1a: Kyurem|0 fnt
|faint|p1a: Kyurem
|
|win|Obito 2001
|raw|flygonisdragon's rating: 1702 &rarr; <strong>1685</strong><br />(-17 for losing)
|raw|Obito 2001's rating: 1758 &rarr; <strong>1775</strong><br />(+17 for winning)
|l|☆flygonisdragon
|player|p1|
|l|☆Obito 2001
|player|p2|
