|j|☆souires
|j|☆Sou_training
|t:|1760810265
|gametype|singles
|player|p1|souires|elesa|1142
|player|p2|Sou_training|101|1137
|gen|9
|tier|[Gen 9] OU
|rated|
|rule|HP Percentage Mod: HP is shown in percentages
|rule|Endless Battle Clause: Forcing endless battles is banned
|rule|Species Clause: Limit one of each Pokémon
|rule|OHKO Clause: OHKO moves are banned
|rule|Evasion Items Clause: Evasion items are banned
|rule|Evasion Moves Clause: Evasion moves are banned
|rule|Evasion Abilities Clause: Evasion abilities are banned
|rule|Sleep Moves Clause: Sleep-inducing moves are banned
|clearpoke
|poke|p1|Dragonite, M|
|poke|p1|Sandy Shocks|
|poke|p1|Iron Moth|
|poke|p1|Iron Boulder|
|poke|p1|Iron Crown|
|poke|p1|Brute Bonnet|
|poke|p2|Iron Crown|
|poke|p2|Samurott-Hisui, F|
|poke|p2|Zapdos|
|poke|p2|Dragapult, M|
|poke|p2|Great Tusk|
|poke|p2|Iron Boulder|
|teampreview
|l|☆souires
|player|p1|
|j|☆souires
|player|p1|souires|elesa|
|
|t:|1760810299
|teamsize|p1|6
|teamsize|p2|6
|start
|switch|p1a: Iron Crown|Iron Crown|100/100
|switch|p2a: Everytime We Touch|Samurott-Hisui, F|100/100
|turn|1
|
|t:|1760810328
|move|p2a: Everytime We Touch|Ceaseless Edge|p1a: Iron Crown
|-supereffective|p1a: Iron Crown
|-damage|p1a: Iron Crown|1/100
|-sidestart|p1: souires|Spikes
|move|p1a: Iron Crown|Volt Switch|p2a: Everytime We Touch
|-supereffective|p2a: Everytime We Touch
|-damage|p2a: Everytime We Touch|0 fnt
|faint|p2a: Everytime We Touch
|
|t:|1760810346
|-end|p1a: Iron Crown|Quark Drive|[silent]
|switch|p1a: Iron Moth|Iron Moth|100/100|[from] Volt Switch
|-damage|p1a: Iron Moth|88/100|[from] Spikes
|-enditem|p1a: Iron Moth|Booster Energy
|-activate|p1a: Iron Moth|ability: Quark Drive|[fromitem]
|-start|p1a: Iron Moth|quarkdrivespa
|
|upkeep
|l|☆souires
|player|p1|
|j|☆souires
|player|p1|souires|elesa|
|
|t:|1760810371
|switch|p2a: Revery|Iron Boulder|100/100
|-enditem|p2a: Revery|Booster Energy
|-activate|p2a: Revery|ability: Quark Drive|[fromitem]
|-start|p2a: Revery|quarkdrivespe
|turn|2
|
|t:|1760810382
|move|p2a: Revery|Swords Dance|p2a: Revery
|-boost|p2a: Revery|atk|2
|move|p1a: Iron Moth|Dazzling Gleam|p2a: Revery
|-damage|p2a: Revery|65/100
|
|upkeep
|turn|3
|
|t:|1760810401
|-end|p1a: Iron Moth|Quark Drive|[silent]
|switch|p1a: Iron Boulder|Iron Boulder|100/100
|-damage|p1a: Iron Boulder|88/100|[from] Spikes
|-enditem|p1a: Iron Boulder|Booster Energy
|-activate|p1a: Iron Boulder|ability: Quark Drive|[fromitem]
|-start|p1a: Iron Boulder|quarkdrivespe
|move|p2a: Revery|Swords Dance|p2a: Revery
|-boost|p2a: Revery|atk|2
|
|upkeep
|turn|4
|
|t:|1760810432
|-terastallize|p1a: Iron Boulder|Grass
|move|p2a: Revery|Mighty Cleave|p1a: Iron Boulder
|-crit|p1a: Iron Boulder
|-damage|p1a: Iron Boulder|0 fnt
|faint|p1a: Iron Boulder
|-end|p1a: Iron Boulder|Quark Drive|[silent]
|
|upkeep
|
|t:|1760810440
|switch|p1a: Brute Bonnet|Brute Bonnet|100/100
|-damage|p1a: Brute Bonnet|88/100|[from] Spikes
|turn|5
|
|t:|1760810446
|move|p2a: Revery|Close Combat|p1a: Brute Bonnet
|-supereffective|p1a: Brute Bonnet
|-damage|p1a: Brute Bonnet|0 fnt
|-unboost|p2a: Revery|def|1
|-unboost|p2a: Revery|spd|1
|faint|p1a: Brute Bonnet
|-end|p1a: Brute Bonnet|Protosynthesis|[silent]
|
|upkeep
|
|t:|1760810451
|switch|p1a: Sandy Shocks|Sandy Shocks|100/100
|-damage|p1a: Sandy Shocks|88/100|[from] Spikes
|-enditem|p1a: Sandy Shocks|Booster Energy
|-activate|p1a: Sandy Shocks|ability: Protosynthesis|[fromitem]
|-start|p1a: Sandy Shocks|protosynthesisspa
|turn|6
|
|t:|1760810463
|move|p2a: Revery|Zen Headbutt|p1a: Sandy Shocks
|-damage|p1a: Sandy Shocks|0 fnt
|faint|p1a: Sandy Shocks
|-end|p1a: Sandy Shocks|Protosynthesis|[silent]
|
|upkeep
|
|t:|1760810466
|switch|p1a: Dragonite|Dragonite, M|100/100
|turn|7
|
|t:|1760810478
|move|p2a: Revery|Mighty Cleave|p1a: Dragonite
|-supereffective|p1a: Dragonite
|-damage|p1a: Dragonite|0 fnt
|faint|p1a: Dragonite
|
|upkeep
|
|t:|1760810481
|switch|p1a: Iron Moth|Iron Moth|88/100
|-damage|p1a: Iron Moth|76/100|[from] Spikes
|turn|8
|
|t:|1760810487
|move|p2a: Revery|Mighty Cleave|p1a: Iron Moth
|-supereffective|p1a: Iron Moth
|-damage|p1a: Iron Moth|0 fnt
|faint|p1a: Iron Moth
|-end|p1a: Iron Moth|Quark Drive|[silent]
|
|upkeep
|
|t:|1760810491
|switch|p1a: Iron Crown|Iron Crown|1/100
|-damage|p1a: Iron Crown|0 fnt|[from] Spikes
|faint|p1a: Iron Crown
|-end|p1a: Iron Crown|Quark Drive|[silent]
|
|win|Sou_training
|raw|souires's rating: 1142 &rarr; <strong>1117</strong><br />(-25 for losing)
|raw|Sou_training's rating: 1137 &rarr; <strong>1162</strong><br />(+25 for winning)
|c|☆Sou_training|Gg
|c|☆souires|gg
|l|☆souires
|player|p1|
