|j|☆jackpier
|j|☆Rat Conjoe
|t:|1760770783
|gametype|singles
|player|p1|jackpier|102|1208
|player|p2|Rat Conjoe|dawn|1159
|gen|9
|tier|[Gen 9] OU
|rated|
|rule|HP Percentage Mod: HP is shown in percentages
|rule|Endless Battle Clause: Forcing endless battles is banned
|rule|Species Clause: Limit one of each Pokémon
|rule|OHKO Clause: OHKO moves are banned
|rule|Evasion Items Clause: Evasion items are banned
|rule|Evasion Moves Clause: Evasion moves are banned
|rule|Evasion Abilities Clause: Evasion abilities are banned
|rule|Sleep Moves Clause: Sleep-inducing moves are banned
|clearpoke
|poke|p1|Smeargle, F|
|poke|p1|Uxie|
|poke|p1|Gliscor, F|
|poke|p1|Gyarados, F|
|poke|p1|Polteageist|
|poke|p1|Venomoth, F|
|poke|p2|Flygon, M|
|poke|p2|Ceruledge, M|
|poke|p2|Umbreon, F|
|poke|p2|Eelektross, M|
|poke|p2|Scizor, F|
|poke|p2|Meowscarada, M|
|teampreview
|
|t:|1760770787
|teamsize|p1|6
|teamsize|p2|6
|start
|switch|p1a: Smeargle|Smeargle, F|100/100
|switch|p2a: Eelektross|Eelektross, M|100/100
|turn|1
|
|t:|1760770795
|move|p1a: Smeargle|Will-O-Wisp|p2a: Eelektross
|-status|p2a: Eelektross|brn
|move|p2a: Eelektross|Flamethrower|p1a: Smeargle
|-damage|p1a: Smeargle|52/100
|
|-damage|p2a: Eelektross|94/100 brn|[from] brn
|upkeep
|turn|2
|
|t:|1760770803
|move|p1a: Smeargle|Leech Seed|p2a: Eelektross
|-start|p2a: Eelektross|move: Leech Seed
|move|p2a: Eelektross|Giga Drain|p1a: Smeargle
|-damage|p1a: Smeargle|15/100
|-heal|p2a: Eelektross|100/100 brn|[from] drain|[of] p1a: Smeargle
|
|-damage|p2a: Eelektross|88/100 brn|[from] Leech Seed|[of] p1a: Smeargle
|-heal|p1a: Smeargle|29/100|[silent]
|-damage|p2a: Eelektross|82/100 brn|[from] brn
|upkeep
|turn|3
|
|t:|1760770813
|move|p1a: Smeargle|Parting Shot|p2a: Eelektross
|-unboost|p2a: Eelektross|atk|1
|-unboost|p2a: Eelektross|spa|1
|
|t:|1760770818
|switch|p1a: Gliscor|Gliscor, F|100/100|[from] Parting Shot
|move|p2a: Eelektross|Giga Drain|p1a: Gliscor
|-damage|p1a: Gliscor|78/100
|-heal|p2a: Eelektross|91/100 brn|[from] drain|[of] p1a: Gliscor
|
|-damage|p2a: Eelektross|79/100 brn|[from] Leech Seed|[of] p1a: Gliscor
|-heal|p1a: Gliscor|94/100|[silent]
|-damage|p2a: Eelektross|72/100 brn|[from] brn
|-status|p1a: Gliscor|tox|[from] item: Toxic Orb
|upkeep
|turn|4
|
|t:|1760770835
|move|p1a: Gliscor|Substitute|p1a: Gliscor
|-start|p1a: Gliscor|Substitute
|-damage|p1a: Gliscor|69/100 tox
|move|p2a: Eelektross|Volt Switch|p1a: Gliscor
|-immune|p1a: Gliscor
|
|-damage|p2a: Eelektross|60/100 brn|[from] Leech Seed|[of] p1a: Gliscor
|-heal|p1a: Gliscor|85/100 tox|[silent]
|-heal|p1a: Gliscor|97/100 tox|[from] ability: Poison Heal
|-damage|p2a: Eelektross|54/100 brn|[from] brn
|upkeep
|turn|5
|j| djdkrne
|
|t:|1760770853
|switch|p2a: Meowscarada|Meowscarada, M|100/100
|move|p1a: Gliscor|Swords Dance|p1a: Gliscor
|-boost|p1a: Gliscor|atk|2
|
|-heal|p1a: Gliscor|100/100 tox|[from] ability: Poison Heal
|upkeep
|turn|6
|l| djdkrne
|
|t:|1760770863
|move|p2a: Meowscarada|Triple Axel|p1a: Gliscor
|-start|p2a: Meowscarada|typechange|Ice|[from] ability: Protean
|-supereffective|p1a: Gliscor
|-end|p1a: Gliscor|Substitute
|-supereffective|p1a: Gliscor
|-damage|p1a: Gliscor|0 fnt
|faint|p1a: Gliscor
|-hitcount|p1: Gliscor|2
|
|upkeep
|
|t:|1760770871
|switch|p1a: Smeargle|Smeargle, F|29/100
|turn|7
|
|t:|1760770875
|move|p2a: Meowscarada|Triple Axel|p1a: Smeargle
|-damage|p1a: Smeargle|4/100
|-damage|p1a: Smeargle|0 fnt
|faint|p1a: Smeargle
|-hitcount|p1: Smeargle|2
|
|upkeep
|
|t:|1760770882
|switch|p1a: Uxie|Uxie|100/100
|turn|8
|
|t:|1760770887
|switch|p2a: Umbreon|Umbreon, F, shiny|100/100
|move|p1a: Uxie|Thunder Wave|p2a: Umbreon
|-status|p2a: Umbreon|par
|-activate|p2a: Umbreon|ability: Synchronize
|-status|p1a: Uxie|par
|
|upkeep
|turn|9
|
|t:|1760770897
|cant|p1a: Uxie|par
|cant|p2a: Umbreon|par
|
|upkeep
|turn|10
|
|t:|1760770901
|move|p1a: Uxie|Reflect|p1a: Uxie
|-sidestart|p1: jackpier|Reflect
|cant|p2a: Umbreon|par
|
|upkeep
|turn|11
|
|t:|1760770905
|move|p1a: Uxie|Light Screen|p1a: Uxie
|-sidestart|p1: jackpier|move: Light Screen
|move|p2a: Umbreon|Toxic||[still]
|-fail|p2a: Umbreon
|
|upkeep
|turn|12
|
|t:|1760770924
|switch|p1a: Venomoth|Venomoth, F|100/100
|switch|p2a: Meowscarada|Meowscarada, M|100/100
|
|upkeep
|turn|13
|
|t:|1760770936
|switch|p2a: Flygon|Flygon, M|100/100
|move|p1a: Venomoth|Quiver Dance|p1a: Venomoth
|-boost|p1a: Venomoth|spa|1
|-boost|p1a: Venomoth|spd|1
|-boost|p1a: Venomoth|spe|1
|
|upkeep
|turn|14
|
|t:|1760770948
|-terastallize|p1a: Venomoth|Water
|move|p2a: Flygon|Stone Edge|p1a: Venomoth|[miss]
|-miss|p2a: Flygon|p1a: Venomoth
|move|p1a: Venomoth|Quiver Dance|p1a: Venomoth
|-boost|p1a: Venomoth|spa|1
|-boost|p1a: Venomoth|spd|1
|-boost|p1a: Venomoth|spe|1
|
|upkeep
|turn|15
|
|t:|1760770960
|switch|p2a: Meowscarada|Meowscarada, M|100/100
|move|p1a: Venomoth|Quiver Dance|p1a: Venomoth
|-boost|p1a: Venomoth|spa|1
|-boost|p1a: Venomoth|spd|1
|-boost|p1a: Venomoth|spe|1
|
|upkeep
|turn|16
|
|t:|1760770968
|move|p1a: Venomoth|Bug Buzz|p2a: Meowscarada
|-supereffective|p2a: Meowscarada
|-damage|p2a: Meowscarada|0 fnt
|faint|p2a: Meowscarada
|
|upkeep
|
|t:|1760770980
|switch|p2a: Eelektross|Eelektross, M|54/100 brn
|turn|17
|
|t:|1760770989
|move|p1a: Venomoth|Tera Blast|p2a: Eelektross|[anim] Tera Blast Water
|-damage|p2a: Eelektross|0 fnt
|faint|p2a: Eelektross
|
|-sideend|p1: jackpier|Reflect
|upkeep
|
|t:|1760770999
|switch|p2a: Umbreon|Umbreon, F, shiny|100/100 par
|turn|18
|
|t:|1760771001
|move|p1a: Venomoth|Bug Buzz|p2a: Umbreon
|-supereffective|p2a: Umbreon
|-damage|p2a: Umbreon|15/100 par
|move|p2a: Umbreon|Toxic|p1a: Venomoth
|-status|p1a: Venomoth|tox
|
|-damage|p1a: Venomoth|94/100 tox|[from] psn
|-sideend|p1: jackpier|move: Light Screen
|upkeep
|turn|19
|
|t:|1760771011
|move|p1a: Venomoth|Giga Drain|p2a: Umbreon
|-damage|p2a: Umbreon|0 fnt
|-heal|p1a: Venomoth|100/100 tox|[from] drain|[of] p2a: Umbreon
|faint|p2a: Umbreon
|
|-damage|p1a: Venomoth|88/100 tox|[from] psn
|upkeep
|
|t:|1760771029
|switch|p2a: Scizor|Scizor, F|100/100
|turn|20
|
|t:|1760771032
|move|p2a: Scizor|Bullet Punch|p1a: Venomoth
|-resisted|p1a: Venomoth
|-damage|p1a: Venomoth|57/100 tox
|move|p1a: Venomoth|Tera Blast|p2a: Scizor|[anim] Tera Blast Water
|-damage|p2a: Scizor|8/100
|
|-damage|p1a: Venomoth|39/100 tox|[from] psn
|upkeep
|turn|21
|
|t:|1760771039
|move|p2a: Scizor|Bullet Punch|p1a: Venomoth
|-resisted|p1a: Venomoth
|-damage|p1a: Venomoth|8/100 tox
|move|p1a: Venomoth|Giga Drain|p2a: Scizor
|-resisted|p2a: Scizor
|-damage|p2a: Scizor|0 fnt
|-heal|p1a: Venomoth|13/100 tox|[from] drain|[of] p2a: Scizor
|faint|p2a: Scizor
|
|-damage|p1a: Venomoth|0 fnt|[from] psn
|faint|p1a: Venomoth
|upkeep
|
|t:|1760771057
|switch|p1a: Uxie|Uxie|100/100 par
|switch|p2a: Flygon|Flygon, M|100/100
|turn|22
|
|t:|1760771071
|move|p2a: Flygon|Earthquake|p1a: Uxie
|-immune|p1a: Uxie|[from] ability: Levitate
|move|p1a: Uxie|Reflect|p1a: Uxie
|-sidestart|p1: jackpier|Reflect
|
|upkeep
|turn|23
|
|t:|1760771078
|switch|p2a: Ceruledge|Ceruledge, M|100/100
|move|p1a: Uxie|Memento|p2a: Ceruledge
|-unboost|p2a: Ceruledge|atk|2
|-unboost|p2a: Ceruledge|spa|2
|faint|p1a: Uxie
|
|upkeep
|
|t:|1760771087
|switch|p1a: Gyarados|Gyarados, F|100/100
|-ability|p1a: Gyarados|Intimidate|boost
|-unboost|p2a: Ceruledge|atk|1
|turn|24
|
|t:|1760771094
|switch|p2a: Flygon|Flygon, M|100/100
|move|p1a: Gyarados|Dragon Dance|p1a: Gyarados
|-boost|p1a: Gyarados|atk|1
|-boost|p1a: Gyarados|spe|1
|
|upkeep
|turn|25
|
|t:|1760771103
|move|p2a: Flygon|Stone Edge|p1a: Gyarados|[miss]
|-miss|p2a: Flygon|p1a: Gyarados
|move|p1a: Gyarados|Waterfall|p2a: Flygon
|-damage|p2a: Flygon|7/100
|
|upkeep
|turn|26
|
|t:|1760771110
|move|p2a: Flygon|Stone Edge|p1a: Gyarados
|-supereffective|p1a: Gyarados
|-damage|p1a: Gyarados|65/100
|move|p1a: Gyarados|Iron Head|p2a: Flygon
|-damage|p2a: Flygon|0 fnt
|faint|p2a: Flygon
|
|upkeep
|
|t:|1760771117
|switch|p2a: Ceruledge|Ceruledge, M|100/100
|turn|27
|
|t:|1760771125
|move|p1a: Gyarados|Earthquake|p2a: Ceruledge
|-supereffective|p2a: Ceruledge
|-enditem|p2a: Ceruledge|Focus Sash
|-damage|p2a: Ceruledge|1/100
|-ability|p2a: Ceruledge|Weak Armor|boost
|-unboost|p2a: Ceruledge|def|1
|-boost|p2a: Ceruledge|spe|2
|move|p2a: Ceruledge|Swords Dance|p2a: Ceruledge
|-boost|p2a: Ceruledge|atk|2
|
|upkeep
|turn|28
|
|t:|1760771135
|move|p2a: Ceruledge|Shadow Sneak|p1a: Gyarados
|-damage|p1a: Gyarados|37/100
|move|p1a: Gyarados|Iron Head|p2a: Ceruledge
|-resisted|p2a: Ceruledge
|-damage|p2a: Ceruledge|0 fnt
|faint|p2a: Ceruledge
|
|win|jackpier
|raw|jackpier's rating: 1208 &rarr; <strong>1229</strong><br />(+21 for winning)
|raw|Rat Conjoe's rating: 1159 &rarr; <strong>1138</strong><br />(-21 for losing)
|c|☆Rat Conjoe|GGs
|l|☆Rat Conjoe
|player|p2|
