|j|☆Fvckbdy
|j|☆dawnwing_4
|t:|1760857941
|gametype|singles
|player|p1|Fvckbdy|linebacker|1088
|player|p2|dawnwing_4|2|1052
|gen|9
|tier|[Gen 9] OU
|rated|
|rule|HP Percentage Mod: HP is shown in percentages
|rule|Endless Battle Clause: Forcing endless battles is banned
|rule|Species Clause: Limit one of each Pokémon
|rule|OHKO Clause: OHKO moves are banned
|rule|Evasion Items Clause: Evasion items are banned
|rule|Evasion Moves Clause: Evasion moves are banned
|rule|Evasion Abilities Clause: Evasion abilities are banned
|rule|Sleep Moves Clause: Sleep-inducing moves are banned
|clearpoke
|poke|p1|Serperior, F|
|poke|p1|Salamence, F|
|poke|p1|Mandibuzz, F|
|poke|p1|Iron Moth|
|poke|p1|Gyarados, F|
|poke|p1|Pecharunt|
|poke|p2|Espeon, F|
|poke|p2|Umbreon, M|
|poke|p2|Leafeon, F|
|poke|p2|Sylveon, F|
|poke|p2|Jolteon, F|
|poke|p2|Vaporeon, M|
|teampreview
|
|t:|1760857975
|teamsize|p1|6
|teamsize|p2|6
|start
|switch|p1a: Salamence|Salamence, F|100/100
|switch|p2a: Umbreon|Umbreon, M|100/100
|turn|1
|
|t:|1760857984
|move|p1a: Salamence|Dragon Dance|p1a: Salamence
|-boost|p1a: Salamence|atk|1
|-boost|p1a: Salamence|spe|1
|move|p2a: Umbreon|Foul Play|p1a: Salamence
|-damage|p1a: Salamence|0 fnt
|faint|p1a: Salamence
|
|upkeep
|
|t:|1760858005
|switch|p1a: Pecharunt|Pecharunt|100/100
|turn|2
|
|t:|1760858020
|move|p2a: Umbreon|Protect|p2a: Umbreon
|-singleturn|p2a: Umbreon|Protect
|move|p1a: Pecharunt|Malignant Chain|p2a: Umbreon
|-activate|p2a: Umbreon|move: Protect
|
|upkeep
|turn|3
|
|t:|1760858032
|-terastallize|p2a: Umbreon|Poison
|move|p1a: Pecharunt|Malignant Chain|p2a: Umbreon
|-resisted|p2a: Umbreon
|-damage|p2a: Umbreon|90/100
|move|p2a: Umbreon|Foul Play|p1a: Pecharunt
|-supereffective|p1a: Pecharunt
|-damage|p1a: Pecharunt|78/100
|-damage|p2a: Umbreon|73/100|[from] item: Rocky Helmet|[of] p1a: Pecharunt
|
|-heal|p2a: Umbreon|79/100|[from] item: Leftovers
|upkeep
|turn|4
|
|t:|1760858048
|move|p1a: Pecharunt|Mean Look|p2a: Umbreon
|-activate|p2a: Umbreon|trapped
|move|p2a: Umbreon|Wish|p2a: Umbreon
|
|-heal|p2a: Umbreon|85/100|[from] item: Leftovers
|upkeep
|turn|5
|
|t:|1760858072
|move|p2a: Umbreon|Protect|p2a: Umbreon
|-singleturn|p2a: Umbreon|Protect
|move|p1a: Pecharunt|Curse|p2a: Umbreon
|-start|p2a: Umbreon|Curse|[of] p1a: Pecharunt
|-damage|p1a: Pecharunt|28/100
|
|-heal|p2a: Umbreon|100/100|[from] move: Wish|[wisher] Umbreon
|-damage|p2a: Umbreon|76/100|[from] Curse
|upkeep
|turn|6
|
|t:|1760858083
|move|p1a: Pecharunt|Recover|p1a: Pecharunt
|-heal|p1a: Pecharunt|78/100
|move|p2a: Umbreon|Wish|p2a: Umbreon
|
|-heal|p2a: Umbreon|82/100|[from] item: Leftovers
|-damage|p2a: Umbreon|57/100|[from] Curse
|upkeep
|turn|7
|
|t:|1760858094
|move|p1a: Pecharunt|Curse||[still]
|-fail|p1a: Pecharunt
|move|p2a: Umbreon|Foul Play|p1a: Pecharunt
|-supereffective|p1a: Pecharunt
|-damage|p1a: Pecharunt|57/100
|-damage|p2a: Umbreon|40/100|[from] item: Rocky Helmet|[of] p1a: Pecharunt
|
|-heal|p2a: Umbreon|90/100|[from] move: Wish|[wisher] Umbreon
|-heal|p2a: Umbreon|96/100|[from] item: Leftovers
|-damage|p2a: Umbreon|71/100|[from] Curse
|upkeep
|turn|8
|
|t:|1760858109
|move|p1a: Pecharunt|Recover|p1a: Pecharunt
|-heal|p1a: Pecharunt|100/100
|move|p2a: Umbreon|Wish|p2a: Umbreon
|
|-heal|p2a: Umbreon|78/100|[from] item: Leftovers
|-damage|p2a: Umbreon|53/100|[from] Curse
|upkeep
|turn|9
|
|t:|1760858125
|move|p2a: Umbreon|Protect|p2a: Umbreon
|-singleturn|p2a: Umbreon|Protect
|move|p1a: Pecharunt|Curse||[still]
|-fail|p1a: Pecharunt
|
|-heal|p2a: Umbreon|100/100|[from] move: Wish|[wisher] Umbreon
|-damage|p2a: Umbreon|76/100|[from] Curse
|upkeep
|turn|10
|
|t:|1760858144
|move|p1a: Pecharunt|Curse||[still]
|-fail|p1a: Pecharunt
|move|p2a: Umbreon|Foul Play|p1a: Pecharunt
|-supereffective|p1a: Pecharunt
|-damage|p1a: Pecharunt|78/100
|-damage|p2a: Umbreon|59/100|[from] item: Rocky Helmet|[of] p1a: Pecharunt
|
|-heal|p2a: Umbreon|65/100|[from] item: Leftovers
|-damage|p2a: Umbreon|40/100|[from] Curse
|upkeep
|turn|11
|
|t:|1760858160
|move|p1a: Pecharunt|Mean Look||[still]
|-fail|p1a: Pecharunt
|move|p2a: Umbreon|Foul Play|p1a: Pecharunt
|-supereffective|p1a: Pecharunt
|-damage|p1a: Pecharunt|56/100
|-damage|p2a: Umbreon|24/100|[from] item: Rocky Helmet|[of] p1a: Pecharunt
|
|-heal|p2a: Umbreon|30/100|[from] item: Leftovers
|-damage|p2a: Umbreon|5/100|[from] Curse
|upkeep
|turn|12
|
|t:|1760858171
|move|p1a: Pecharunt|Recover|p1a: Pecharunt
|-heal|p1a: Pecharunt|100/100
|move|p2a: Umbreon|Foul Play|p1a: Pecharunt
|-supereffective|p1a: Pecharunt
|-damage|p1a: Pecharunt|80/100
|-damage|p2a: Umbreon|0 fnt|[from] item: Rocky Helmet|[of] p1a: Pecharunt
|faint|p2a: Umbreon
|
|upkeep
|
|t:|1760858182
|switch|p2a: Espeon|Espeon, F|100/100
|turn|13
|
|t:|1760858191
|switch|p1a: Mandibuzz|Mandibuzz, F|100/100
|move|p2a: Espeon|Psychic|p1a: Mandibuzz
|-immune|p1a: Mandibuzz
|
|upkeep
|turn|14
|
|t:|1760858198
|switch|p2a: Jolteon|Jolteon, F|100/100
|move|p1a: Mandibuzz|Knock Off|p2a: Jolteon
|-damage|p2a: Jolteon|56/100
|-enditem|p2a: Jolteon|Heavy-Duty Boots|[from] move: Knock Off|[of] p1a: Mandibuzz
|
|upkeep
|turn|15
|
|t:|1760858212
|switch|p1a: Serperior|Serperior, F|100/100
|move|p2a: Jolteon|Discharge|p1a: Serperior
|-resisted|p1a: Serperior
|-damage|p1a: Serperior|78/100
|
|-heal|p1a: Serperior|84/100|[from] item: Leftovers
|upkeep
|turn|16
|
|t:|1760858222
|move|p2a: Jolteon|Discharge|p1a: Serperior
|-resisted|p1a: Serperior
|-damage|p1a: Serperior|60/100
|move|p1a: Serperior|Substitute|p1a: Serperior
|-start|p1a: Serperior|Substitute
|-damage|p1a: Serperior|35/100
|
|-heal|p1a: Serperior|41/100|[from] item: Leftovers
|upkeep
|turn|17
|
|t:|1760858232
|move|p2a: Jolteon|Alluring Voice|p1a: Serperior
|-damage|p1a: Serperior|10/100
|move|p1a: Serperior|Leech Seed|p2a: Jolteon|[miss]
|-miss|p1a: Serperior|p2a: Jolteon
|
|-heal|p1a: Serperior|16/100|[from] item: Leftovers
|upkeep
|turn|18
|
|t:|1760858244
|switch|p1a: Mandibuzz|Mandibuzz, F|100/100
|move|p2a: Jolteon|Alluring Voice|p1a: Mandibuzz
|-supereffective|p1a: Mandibuzz
|-damage|p1a: Mandibuzz|61/100
|
|upkeep
|turn|19
|
|t:|1760858255
|switch|p1a: Iron Moth|Iron Moth|100/100
|move|p2a: Jolteon|Discharge|p1a: Iron Moth
|-damage|p1a: Iron Moth|76/100
|
|-heal|p1a: Iron Moth|82/100|[from] item: Leftovers
|upkeep
|turn|20
|
|t:|1760858267
|switch|p2a: Vaporeon|Vaporeon, M|100/100
|move|p1a: Iron Moth|Fiery Dance|p2a: Vaporeon
|-resisted|p2a: Vaporeon
|-damage|p2a: Vaporeon|89/100
|
|-heal|p1a: Iron Moth|88/100|[from] item: Leftovers
|-heal|p2a: Vaporeon|95/100|[from] item: Leftovers
|upkeep
|turn|21
|
|t:|1760858279
|-end|p1a: Iron Moth|Quark Drive|[silent]
|switch|p1a: Gyarados|Gyarados, F|100/100
|move|p2a: Vaporeon|Scald|p1a: Gyarados
|-resisted|p1a: Gyarados
|-damage|p1a: Gyarados|82/100
|
|-heal|p1a: Gyarados|88/100|[from] item: Leftovers
|-heal|p2a: Vaporeon|100/100|[from] item: Leftovers
|upkeep
|turn|22
|
|t:|1760858294
|switch|p2a: Leafeon|Leafeon, F, shiny|100/100
|move|p1a: Gyarados|Dragon Dance|p1a: Gyarados
|-boost|p1a: Gyarados|atk|1
|-boost|p1a: Gyarados|spe|1
|
|-heal|p1a: Gyarados|94/100|[from] item: Leftovers
|upkeep
|turn|23
|
|t:|1760858315
|move|p2a: Leafeon|Leech Seed|p1a: Gyarados
|-start|p1a: Gyarados|move: Leech Seed
|move|p1a: Gyarados|Avalanche|p2a: Leafeon
|-supereffective|p2a: Leafeon
|-damage|p2a: Leafeon|45/100
|
|-heal|p1a: Gyarados|99/100|[from] item: Leftovers
|-damage|p1a: Gyarados|88/100|[from] Leech Seed|[of] p2a: Leafeon
|-heal|p2a: Leafeon|60/100|[silent]
|upkeep
|turn|24
|
|t:|1760858334
|switch|p1a: Pecharunt|Pecharunt|80/100
|move|p2a: Leafeon|Knock Off|p1a: Pecharunt
|-supereffective|p1a: Pecharunt
|-damage|p1a: Pecharunt|53/100
|-damage|p2a: Leafeon|44/100|[from] item: Rocky Helmet|[of] p1a: Pecharunt
|-enditem|p1a: Pecharunt|Rocky Helmet|[from] move: Knock Off|[of] p2a: Leafeon
|-damage|p2a: Leafeon|34/100|[from] item: Life Orb
|
|upkeep
|turn|25
|
|t:|1760858347
|move|p2a: Leafeon|Leech Seed|p1a: Pecharunt
|-start|p1a: Pecharunt|move: Leech Seed
|move|p1a: Pecharunt|Recover|p1a: Pecharunt
|-heal|p1a: Pecharunt|100/100
|
|-damage|p1a: Pecharunt|88/100|[from] Leech Seed|[of] p2a: Leafeon
|-heal|p2a: Leafeon|51/100|[silent]
|upkeep
|turn|26
|
|t:|1760858357
|switch|p2a: Espeon|Espeon, F|100/100
|move|p1a: Pecharunt|Malignant Chain|p2a: Espeon
|-damage|p2a: Espeon|60/100
|-status|p2a: Espeon|tox
|-start|p2a: Espeon|confusion|[from] ability: Poison Puppeteer|[of] p1a: Pecharunt
|
|-damage|p1a: Pecharunt|76/100|[from] Leech Seed|[of] p2a: Espeon
|-heal|p2a: Espeon|78/100 tox|[silent]
|-damage|p2a: Espeon|72/100 tox|[from] psn
|upkeep
|turn|27
|
|t:|1760858373
|switch|p1a: Mandibuzz|Mandibuzz, F|61/100
|-activate|p2a: Espeon|confusion
|move|p2a: Espeon|Psychic|p1a: Mandibuzz
|-immune|p1a: Mandibuzz
|
|-damage|p2a: Espeon|60/100 tox|[from] psn
|upkeep
|turn|28
|
|t:|1760858386
|switch|p2a: Jolteon|Jolteon, F|56/100
|move|p1a: Mandibuzz|Roost|p1a: Mandibuzz
|-heal|p1a: Mandibuzz|100/100
|-singleturn|p1a: Mandibuzz|move: Roost
|
|upkeep
|turn|29
|
|t:|1760858405
|switch|p1a: Iron Moth|Iron Moth|88/100
|move|p2a: Jolteon|Discharge|p1a: Iron Moth
|-damage|p1a: Iron Moth|66/100
|
|-heal|p1a: Iron Moth|72/100|[from] item: Leftovers
|upkeep
|turn|30
|
|t:|1760858421
|move|p2a: Jolteon|Discharge|p1a: Iron Moth
|-damage|p1a: Iron Moth|49/100
|move|p1a: Iron Moth|Toxic|p2a: Jolteon
|-status|p2a: Jolteon|tox
|
|-heal|p1a: Iron Moth|55/100|[from] item: Leftovers
|-damage|p2a: Jolteon|50/100 tox|[from] psn
|upkeep
|turn|31
|
|t:|1760858434
|move|p2a: Jolteon|Discharge|p1a: Iron Moth
|-damage|p1a: Iron Moth|32/100
|-status|p1a: Iron Moth|par
|cant|p1a: Iron Moth|par
|
|-heal|p1a: Iron Moth|38/100 par|[from] item: Leftovers
|-damage|p2a: Jolteon|39/100 tox|[from] psn
|upkeep
|turn|32
|
|t:|1760858444
|switch|p2a: Sylveon|Sylveon, F|100/100
|move|p1a: Iron Moth|Rest|p1a: Iron Moth
|-status|p1a: Iron Moth|slp|[from] move: Rest
|-heal|p1a: Iron Moth|100/100 slp|[silent]
|
|upkeep
|turn|33
|
|t:|1760858454
|cant|p1a: Iron Moth|slp
|move|p1a: Iron Moth|Sleep Talk|p1a: Iron Moth
|move|p1a: Iron Moth|Fiery Dance|p2a: Sylveon|[from] move: Sleep Talk
|-damage|p2a: Sylveon|74/100
|move|p2a: Sylveon|Hyper Voice|p1a: Iron Moth
|-resisted|p1a: Iron Moth
|-damage|p1a: Iron Moth|92/100 slp
|-enditem|p2a: Sylveon|Throat Spray
|-boost|p2a: Sylveon|spa|1|[from] item: Throat Spray
|
|-heal|p1a: Iron Moth|98/100 slp|[from] item: Leftovers
|upkeep
|turn|34
|
|t:|1760858467
|cant|p1a: Iron Moth|slp
|move|p1a: Iron Moth|Sleep Talk|p1a: Iron Moth
|move|p1a: Iron Moth|Toxic|p2a: Sylveon|[from] move: Sleep Talk
|-status|p2a: Sylveon|tox
|move|p2a: Sylveon|Psychic|p1a: Iron Moth
|-supereffective|p1a: Iron Moth
|-damage|p1a: Iron Moth|49/100 slp
|-unboost|p1a: Iron Moth|spd|1
|
|-heal|p1a: Iron Moth|55/100 slp|[from] item: Leftovers
|-damage|p2a: Sylveon|68/100 tox|[from] psn
|upkeep
|turn|35
|
|t:|1760858483
|-end|p1a: Iron Moth|Quark Drive|[silent]
|switch|p1a: Mandibuzz|Mandibuzz, F|100/100
|move|p2a: Sylveon|Psychic|p1a: Mandibuzz
|-immune|p1a: Mandibuzz
|
|-damage|p2a: Sylveon|56/100 tox|[from] psn
|upkeep
|turn|36
|
|t:|1760858494
|move|p1a: Mandibuzz|Toxic|p2a: Sylveon
|-fail|p2a: Sylveon|tox
|move|p2a: Sylveon|Hyper Voice|p1a: Mandibuzz
|-supereffective|p1a: Mandibuzz
|-damage|p1a: Mandibuzz|0 fnt
|faint|p1a: Mandibuzz
|
|-damage|p2a: Sylveon|38/100 tox|[from] psn
|upkeep
|
|t:|1760858545
|switch|p1a: Gyarados|Gyarados, F|88/100
|turn|37
|
|t:|1760858550
|move|p1a: Gyarados|Dragon Dance|p1a: Gyarados
|-boost|p1a: Gyarados|atk|1
|-boost|p1a: Gyarados|spe|1
|move|p2a: Sylveon|Hyper Voice|p1a: Gyarados
|-damage|p1a: Gyarados|5/100
|
|-heal|p1a: Gyarados|11/100|[from] item: Leftovers
|-damage|p2a: Sylveon|14/100 tox|[from] psn
|upkeep
|turn|38
|
|t:|1760858564
|move|p1a: Gyarados|Earthquake|p2a: Sylveon
|-damage|p2a: Sylveon|0 fnt
|faint|p2a: Sylveon
|-ability|p1a: Gyarados|Moxie|boost
|-boost|p1a: Gyarados|atk|1
|
|-heal|p1a: Gyarados|17/100|[from] item: Leftovers
|upkeep
|
|t:|1760858574
|switch|p2a: Leafeon|Leafeon, F, shiny|51/100
|turn|39
|-message|dawnwing_4 forfeited.
|
|win|Fvckbdy
|raw|Fvckbdy's rating: 1088 &rarr; <strong>1112</strong><br />(+24 for winning)
|raw|dawnwing_4's rating: 1052 &rarr; <strong>1036</strong><br />(-16 for losing)
|l|☆dawnwing_4
|player|p2|
|l|☆Fvckbdy
|player|p1|
