|j|☆olaf-18
|j|☆barrman1313
|t:|1760837541
|gametype|singles
|player|p1|olaf-18|102|1553
|player|p2|barrman1313|janitor|1469
|gen|9
|tier|[Gen 9] OU
|rated|
|rule|HP Percentage Mod: HP is shown in percentages
|rule|Endless Battle Clause: Forcing endless battles is banned
|rule|Species Clause: Limit one of each Pokémon
|rule|OHKO Clause: OHKO moves are banned
|rule|Evasion Items Clause: Evasion items are banned
|rule|Evasion Moves Clause: Evasion moves are banned
|rule|Evasion Abilities Clause: Evasion abilities are banned
|rule|Sleep Moves Clause: Sleep-inducing moves are banned
|clearpoke
|poke|p1|Slowking-Galar, F|
|poke|p1|Armarouge, M|
|poke|p1|Gholdengo|
|poke|p1|Ursaluna, F|
|poke|p1|Regidrago|
|poke|p1|Whimsicott, F|
|poke|p2|Weavile, F|
|poke|p2|Pecharunt|
|poke|p2|Ting-Lu|
|poke|p2|Tinkaton, F|
|poke|p2|Keldeo-Resolute|
|poke|p2|Dragonite, F|
|teampreview
|
|t:|1760837558
|teamsize|p1|6
|teamsize|p2|6
|start
|switch|p1a: Armarouge|Armarouge, M|100/100
|switch|p2a: Ting-Lu|Ting-Lu|100/100
|-ability|p2a: Ting-Lu|Vessel of Ruin
|turn|1
|
|t:|1760837565
|move|p1a: Armarouge|Armor Cannon|p2a: Ting-Lu
|-damage|p2a: Ting-Lu|69/100
|-unboost|p1a: Armarouge|def|1
|-unboost|p1a: Armarouge|spd|1
|move|p2a: Ting-Lu|Spikes|p1a: Armarouge
|-sidestart|p1: olaf-18|Spikes
|
|upkeep
|turn|2
|
|t:|1760837570
|move|p1a: Armarouge|Armor Cannon|p2a: Ting-Lu
|-damage|p2a: Ting-Lu|38/100
|-unboost|p1a: Armarouge|def|1
|-unboost|p1a: Armarouge|spd|1
|move|p2a: Ting-Lu|Whirlwind|p1a: Armarouge
|drag|p1a: Slowking|Slowking-Galar, F|100/100
|
|upkeep
|turn|3
|
|t:|1760837577
|move|p2a: Ting-Lu|Spikes|p1a: Slowking
|-sidestart|p1: olaf-18|Spikes
|move|p1a: Slowking|Ice Beam|p2a: Ting-Lu
|-supereffective|p2a: Ting-Lu
|-damage|p2a: Ting-Lu|8/100
|
|upkeep
|turn|4
|
|t:|1760837582
|move|p2a: Ting-Lu|Spikes|p1a: Slowking
|-sidestart|p1: olaf-18|Spikes
|move|p1a: Slowking|Sludge Bomb|p2a: Ting-Lu
|-resisted|p2a: Ting-Lu
|-damage|p2a: Ting-Lu|0 fnt
|faint|p2a: Ting-Lu
|
|upkeep
|
|t:|1760837594
|switch|p2a: Tinkaton|Tinkaton, F|100/100
|-item|p2a: Tinkaton|Air Balloon
|turn|5
|
|t:|1760837598
|move|p2a: Tinkaton|Stealth Rock|p1a: Slowking
|-sidestart|p1: olaf-18|move: Stealth Rock
|move|p1a: Slowking|Trick Room|p1a: Slowking
|-fieldstart|move: Trick Room|[of] p1a: Slowking
|
|upkeep
|turn|6
|
|t:|1760837614
|move|p1a: Slowking|Flamethrower|p2a: Tinkaton
|-supereffective|p2a: Tinkaton
|-damage|p2a: Tinkaton|47/100
|-enditem|p2a: Tinkaton|Air Balloon
|move|p2a: Tinkaton|Thunder Wave|p1a: Slowking
|-status|p1a: Slowking|par
|
|upkeep
|turn|7
|
|t:|1760837624
|switch|p1a: Ursaluna|Ursaluna, F|100/100
|-damage|p1a: Ursaluna|76/100|[from] Spikes
|-damage|p1a: Ursaluna|70/100|[from] Stealth Rock
|move|p2a: Tinkaton|Gigaton Hammer|p1a: Ursaluna
|-damage|p1a: Ursaluna|37/100
|
|-status|p1a: Ursaluna|brn|[from] item: Flame Orb
|upkeep
|turn|8
|
|t:|1760837636
|move|p1a: Ursaluna|Supercell Slam|p2a: Tinkaton
|-damage|p2a: Tinkaton|0 fnt
|faint|p2a: Tinkaton
|
|-damage|p1a: Ursaluna|31/100 brn|[from] brn
|upkeep
|
|t:|1760837654
|switch|p2a: Pecharunt|Pecharunt|100/100
|turn|9
|
|t:|1760837659
|move|p1a: Ursaluna|Supercell Slam|p2a: Pecharunt
|-damage|p2a: Pecharunt|73/100
|move|p2a: Pecharunt|Recover|p2a: Pecharunt
|-heal|p2a: Pecharunt|100/100
|
|-damage|p1a: Ursaluna|25/100 brn|[from] brn
|-fieldend|move: Trick Room
|upkeep
|turn|10
|
|t:|1760837667
|move|p2a: Pecharunt|Malignant Chain|p1a: Ursaluna
|-resisted|p1a: Ursaluna
|-damage|p1a: Ursaluna|12/100 brn
|move|p1a: Ursaluna|Earthquake|p2a: Pecharunt
|-supereffective|p2a: Pecharunt
|-damage|p2a: Pecharunt|8/100
|
|-damage|p1a: Ursaluna|6/100 brn|[from] brn
|upkeep
|turn|11
|
|t:|1760837676
|move|p2a: Pecharunt|Recover|p2a: Pecharunt
|-heal|p2a: Pecharunt|58/100
|move|p1a: Ursaluna|Avalanche|p2a: Pecharunt
|-damage|p2a: Pecharunt|41/100
|
|-damage|p1a: Ursaluna|0 fnt|[from] brn
|faint|p1a: Ursaluna
|upkeep
|
|t:|1760837710
|switch|p1a: Whimsicott|Whimsicott, F|100/100
|-damage|p1a: Whimsicott|75/100|[from] Spikes
|-damage|p1a: Whimsicott|63/100|[from] Stealth Rock
|turn|12
|
|t:|1760837717
|move|p1a: Whimsicott|Tailwind|p1a: Whimsicott
|-sidestart|p1: olaf-18|move: Tailwind
|move|p2a: Pecharunt|Recover|p2a: Pecharunt
|-heal|p2a: Pecharunt|91/100
|
|upkeep
|turn|13
|
|t:|1760837724
|move|p1a: Whimsicott|Encore|p2a: Pecharunt
|-start|p2a: Pecharunt|Encore
|move|p2a: Pecharunt|Recover|p2a: Pecharunt
|-heal|p2a: Pecharunt|100/100
|
|upkeep
|turn|14
|
|t:|1760837751
|switch|p1a: Regidrago|Regidrago|100/100
|-damage|p1a: Regidrago|76/100|[from] Spikes
|-damage|p1a: Regidrago|63/100|[from] Stealth Rock
|switch|p2a: Keldeo|Keldeo-Resolute|100/100
|
|upkeep
|turn|15
|
|t:|1760837762
|move|p1a: Regidrago|Dragon Energy|p2a: Keldeo
|-damage|p2a: Keldeo|0 fnt
|faint|p2a: Keldeo
|
|-sideend|p1: olaf-18|move: Tailwind
|upkeep
|
|t:|1760837778
|switch|p2a: Dragonite|Dragonite, F|100/100
|turn|16
|
|t:|1760837784
|-terastallize|p2a: Dragonite|Normal
|move|p2a: Dragonite|Extreme Speed|p1a: Regidrago
|-damage|p1a: Regidrago|12/100
|move|p1a: Regidrago|Dragon Energy|p2a: Dragonite
|-damage|p2a: Dragonite|92/100
|
|upkeep
|turn|17
|
|t:|1760837796
|move|p1a: Regidrago|Dragon Energy|p2a: Dragonite
|-crit|p2a: Dragonite
|-damage|p2a: Dragonite|69/100
|move|p2a: Dragonite|Roost|p2a: Dragonite
|-heal|p2a: Dragonite|100/100
|
|upkeep
|turn|18
|
|t:|1760837800
|switch|p1a: Whimsicott|Whimsicott, F|63/100
|-damage|p1a: Whimsicott|38/100|[from] Spikes
|-damage|p1a: Whimsicott|26/100|[from] Stealth Rock
|move|p2a: Dragonite|Roost||[still]
|-fail|p2a: Dragonite|heal
|
|upkeep
|turn|19
|
|t:|1760837805
|switch|p2a: Pecharunt|Pecharunt|100/100
|move|p1a: Whimsicott|Encore||[still]
|-fail|p1a: Whimsicott
|
|upkeep
|turn|20
|
|t:|1760837812
|move|p1a: Whimsicott|Tailwind|p1a: Whimsicott
|-sidestart|p1: olaf-18|move: Tailwind
|move|p2a: Pecharunt|Malignant Chain|p1a: Whimsicott
|-supereffective|p1a: Whimsicott
|-damage|p1a: Whimsicott|0 fnt
|faint|p1a: Whimsicott
|
|upkeep
|
|t:|1760837818
|switch|p1a: Gholdengo|Gholdengo|100/100
|-damage|p1a: Gholdengo|94/100|[from] Stealth Rock
|-item|p1a: Gholdengo|Air Balloon
|turn|21
|
|t:|1760837826
|switch|p2a: Dragonite|Dragonite, F, tera:Normal|100/100
|move|p1a: Gholdengo|Nasty Plot|p1a: Gholdengo
|-boost|p1a: Gholdengo|spa|2
|
|upkeep
|turn|22
|
|t:|1760837837
|-terastallize|p1a: Gholdengo|Fighting
|move|p1a: Gholdengo|Focus Blast|p2a: Dragonite
|-supereffective|p2a: Dragonite
|-damage|p2a: Dragonite|0 fnt
|faint|p2a: Dragonite
|
|upkeep
|
|t:|1760837847
|switch|p2a: Pecharunt|Pecharunt|100/100
|turn|23
|
|t:|1760837850
|move|p1a: Gholdengo|Shadow Ball|p2a: Pecharunt
|-supereffective|p2a: Pecharunt
|-damage|p2a: Pecharunt|0 fnt
|faint|p2a: Pecharunt
|
|-sideend|p1: olaf-18|move: Tailwind
|upkeep
|
|t:|1760837853
|switch|p2a: Weavile|Weavile, F|100/100
|-ability|p2a: Weavile|Pressure
|turn|24
|
|t:|1760837857
|move|p2a: Weavile|Swords Dance|p2a: Weavile
|-boost|p2a: Weavile|atk|2
|move|p1a: Gholdengo|Make It Rain|p2a: Weavile
|-supereffective|p2a: Weavile
|-damage|p2a: Weavile|0 fnt
|-unboost|p1a: Gholdengo|spa|1
|faint|p2a: Weavile
|
|win|olaf-18
|raw|olaf-18's rating: 1553 &rarr; <strong>1568</strong><br />(+15 for winning)
|raw|barrman1313's rating: 1469 &rarr; <strong>1454</strong><br />(-15 for losing)
|l|☆barrman1313
|player|p2|
|l|☆olaf-18
|player|p1|
