|j|☆broce
|j|☆PV_09
|t:|1760721015
|gametype|singles
|player|p1|broce|101|1383
|player|p2|PV_09|hexmaniac-gen3jp|1348
|gen|9
|tier|[Gen 9] OU
|rated|
|rule|HP Percentage Mod: HP is shown in percentages
|rule|Endless Battle Clause: Forcing endless battles is banned
|rule|Species Clause: Limit one of each Pokémon
|rule|OHKO Clause: OHKO moves are banned
|rule|Evasion Items Clause: Evasion items are banned
|rule|Evasion Moves Clause: Evasion moves are banned
|rule|Evasion Abilities Clause: Evasion abilities are banned
|rule|Sleep Moves Clause: Sleep-inducing moves are banned
|clearpoke
|poke|p1|Dragonite, F|
|poke|p1|Zamazenta-*|
|poke|p1|Landorus-Therian, M|
|poke|p1|Gholdengo|
|poke|p1|Darkrai|
|poke|p1|Hatterene, F|
|poke|p2|Hatterene, F|
|poke|p2|Bronzong|
|poke|p2|Slowking-Galar, F|
|poke|p2|Iron Hands|
|poke|p2|Gholdengo|
|poke|p2|Ursaluna, M|
|teampreview
|
|t:|1760721068
|teamsize|p1|6
|teamsize|p2|6
|start
|switch|p1a: Darkrai|Darkrai|100/100
|switch|p2a: tesla-gnarly|Iron Hands|100/100
|turn|1
|
|t:|1760721076
|switch|p1a: Landorus|Landorus-Therian, M|100/100
|-ability|p1a: Landorus|Intimidate|boost
|-unboost|p2a: tesla-gnarly|atk|1
|move|p2a: tesla-gnarly|Ice Punch|p1a: Landorus
|-supereffective|p1a: Landorus
|-damage|p1a: Landorus|0 fnt
|-damage|p2a: tesla-gnarly|84/100|[from] item: Rocky Helmet|[of] p1a: Landorus
|faint|p1a: Landorus
|
|upkeep
|
|t:|1760721090
|switch|p1a: Dragonite|Dragonite, F|100/100
|turn|2
|
|t:|1760721115
|-end|p2a: tesla-gnarly|Quark Drive|[silent]
|switch|p2a: *NSYNC|Bronzong|100/100
|-terastallize|p1a: Dragonite|Flying
|move|p1a: Dragonite|Dragon Dance|p1a: Dragonite
|-boost|p1a: Dragonite|atk|1
|-boost|p1a: Dragonite|spe|1
|
|upkeep
|turn|3
|
|t:|1760721132
|move|p1a: Dragonite|Dragon Dance|p1a: Dragonite
|-boost|p1a: Dragonite|atk|1
|-boost|p1a: Dragonite|spe|1
|move|p2a: *NSYNC|Iron Defense|p2a: *NSYNC
|-boost|p2a: *NSYNC|def|2
|
|upkeep
|turn|4
|
|t:|1760721140
|move|p1a: Dragonite|Extreme Speed|p2a: *NSYNC
|-resisted|p2a: *NSYNC
|-damage|p2a: *NSYNC|88/100
|move|p2a: *NSYNC|Trick Room|p2a: *NSYNC
|-fieldstart|move: Trick Room|[of] p2a: *NSYNC
|
|-heal|p2a: *NSYNC|95/100|[from] item: Leftovers
|upkeep
|turn|5
|
|t:|1760721148
|move|p2a: *NSYNC|Iron Defense|p2a: *NSYNC
|-boost|p2a: *NSYNC|def|2
|move|p1a: Dragonite|Dragon Dance|p1a: Dragonite
|-boost|p1a: Dragonite|atk|1
|-boost|p1a: Dragonite|spe|1
|
|-heal|p2a: *NSYNC|100/100|[from] item: Leftovers
|upkeep
|turn|6
|
|t:|1760721167
|move|p1a: Dragonite|Extreme Speed|p2a: *NSYNC
|-resisted|p2a: *NSYNC
|-damage|p2a: *NSYNC|91/100
|move|p2a: *NSYNC|Iron Defense|p2a: *NSYNC
|-boost|p2a: *NSYNC|def|2
|
|-heal|p2a: *NSYNC|98/100|[from] item: Leftovers
|upkeep
|turn|7
|-message|broce forfeited.
|
|win|PV_09
|raw|broce's rating: 1383 &rarr; <strong>1361</strong><br />(-22 for losing)
|raw|PV_09's rating: 1348 &rarr; <strong>1370</strong><br />(+22 for winning)
|l|☆broce
|player|p1|
|l|☆PV_09
|player|p2|
