|j|☆dinac7
|j|☆bukeezy2
|t:|1760848133
|gametype|singles
|player|p1|dinac7|265|1364
|player|p2|bukeezy2|rood|1279
|gen|9
|tier|[Gen 9] OU
|rated|
|rule|HP Percentage Mod: HP is shown in percentages
|rule|Endless Battle Clause: Forcing endless battles is banned
|rule|Species Clause: Limit one of each Pokémon
|rule|OHKO Clause: OHKO moves are banned
|rule|Evasion Items Clause: Evasion items are banned
|rule|Evasion Moves Clause: Evasion moves are banned
|rule|Evasion Abilities Clause: Evasion abilities are banned
|rule|Sleep Moves Clause: Sleep-inducing moves are banned
|clearpoke
|poke|p1|Rotom-Wash|
|poke|p1|Clefable, M|
|poke|p1|Heatran, F|
|poke|p1|Great Tusk|
|poke|p1|Weavile, M|
|poke|p1|Scizor, M|
|poke|p2|Raging Bolt|
|poke|p2|Kingambit, M|
|poke|p2|Iron Valiant|
|poke|p2|Ting-Lu|
|poke|p2|Volcanion|
|poke|p2|Corviknight, M|
|teampreview
|inactive|Battle timer is ON: inactive players will automatically lose when time's up. (requested by bukeezy2)
|
|t:|1760848146
|teamsize|p1|6
|teamsize|p2|6
|start
|switch|p1a: Scizor|Scizor, M|100/100
|switch|p2a: Volcanion|Volcanion|100/100
|turn|1
|
|t:|1760848153
|switch|p1a: Heatran|Heatran, F|100/100
|move|p2a: Volcanion|Steam Eruption|p1a: Heatran
|-supereffective|p1a: Heatran
|-damage|p1a: Heatran|0 fnt
|faint|p1a: Heatran
|
|upkeep
|
|t:|1760848158
|switch|p1a: Rotom|Rotom-Wash|100/100
|turn|2
|
|t:|1760848161
|-terastallize|p2a: Volcanion|Ground
|move|p1a: Rotom|Volt Switch|p2a: Volcanion
|-immune|p2a: Volcanion
|move|p2a: Volcanion|Steam Eruption|p1a: Rotom
|-resisted|p1a: Rotom
|-damage|p1a: Rotom|51/100
|
|upkeep
|turn|3
|
|t:|1760848173
|move|p1a: Rotom|Will-O-Wisp|p2a: Volcanion
|-status|p2a: Volcanion|brn
|move|p2a: Volcanion|Steam Eruption|p1a: Rotom
|-resisted|p1a: Rotom
|-damage|p1a: Rotom|0 fnt
|faint|p1a: Rotom
|
|-damage|p2a: Volcanion|95/100 brn|[from] brn
|upkeep
|
|t:|1760848180
|switch|p1a: Weavile|Weavile, M|100/100
|-ability|p1a: Weavile|Pressure
|turn|4
|
|t:|1760848183
|switch|p2a: Corviknight|Corviknight, M|100/100
|-ability|p2a: Corviknight|Pressure
|move|p1a: Weavile|Triple Axel|p2a: Corviknight
|-damage|p2a: Corviknight|94/100
|-damage|p1a: Weavile|84/100|[from] item: Rocky Helmet|[of] p2a: Corviknight
|-damage|p2a: Corviknight|83/100
|-damage|p1a: Weavile|68/100|[from] item: Rocky Helmet|[of] p2a: Corviknight
|-damage|p2a: Corviknight|67/100
|-damage|p1a: Weavile|51/100|[from] item: Rocky Helmet|[of] p2a: Corviknight
|-hitcount|p2a: Corviknight|3
|
|upkeep
|turn|5
|
|t:|1760848186
|move|p1a: Weavile|Knock Off|p2a: Corviknight
|-damage|p2a: Corviknight|40/100
|-damage|p1a: Weavile|35/100|[from] item: Rocky Helmet|[of] p2a: Corviknight
|-enditem|p2a: Corviknight|Rocky Helmet|[from] move: Knock Off|[of] p1a: Weavile
|move|p2a: Corviknight|U-turn|p1a: Weavile
|-supereffective|p1a: Weavile
|-damage|p1a: Weavile|0 fnt
|faint|p1a: Weavile
|
|t:|1760848194
|switch|p2a: Volcanion|Volcanion, tera:Ground|95/100 brn|[from] U-turn
|
|-damage|p2a: Volcanion|89/100 brn|[from] brn
|upkeep
|-message|dinac7 forfeited.
|
|win|bukeezy2
|raw|dinac7's rating: 1364 &rarr; <strong>1339</strong><br />(-25 for losing)
|raw|bukeezy2's rating: 1279 &rarr; <strong>1310</strong><br />(+31 for winning)
|l|☆dinac7
|player|p1|
|l|☆bukeezy2
|player|p2|
