|j|☆uebehdbe
|j|☆aiouliya
|t:|1760870711
|gametype|singles
|player|p1|uebehdbe|cynthia-gen4|1116
|player|p2|aiouliya|170|1184
|gen|9
|tier|[Gen 9] OU
|rated|
|rule|HP Percentage Mod: HP is shown in percentages
|rule|Endless Battle Clause: Forcing endless battles is banned
|rule|Species Clause: Limit one of each Pokémon
|rule|OHKO Clause: OHKO moves are banned
|rule|Evasion Items Clause: Evasion items are banned
|rule|Evasion Moves Clause: Evasion moves are banned
|rule|Evasion Abilities Clause: Evasion abilities are banned
|rule|Sleep Moves Clause: Sleep-inducing moves are banned
|clearpoke
|poke|p1|Hatterene, F|
|poke|p1|Great Tusk|
|poke|p1|Lycanroc-Dusk, M|
|poke|p1|Iron Valiant|
|poke|p1|Kingambit, F|
|poke|p1|Umbreon, M|
|poke|p2|Skeledirge, F|
|poke|p2|Ogerpon-Wellspring, F|
|poke|p2|Dragapult, M|
|poke|p2|Weezing-Galar, F|
|poke|p2|Ting-Lu|
|poke|p2|Corviknight, F|
|teampreview
|inactive|Battle timer is ON: inactive players will automatically lose when time's up. (requested by uebehdbe)
|j| baldiwithhair
|
|t:|1760870725
|teamsize|p1|6
|teamsize|p2|6
|start
|switch|p1a: Hatterene|Hatterene, F|100/100
|switch|p2a: Skeledirge|Skeledirge, F|100/100
|turn|1
|
|t:|1760870736
|move|p2a: Skeledirge|Torch Song|p1a: Hatterene
|-damage|p1a: Hatterene|71/100
|-boost|p2a: Skeledirge|spa|1
|move|p1a: Hatterene|Light Screen|p1a: Hatterene
|-sidestart|p1: uebehdbe|move: Light Screen
|
|-heal|p1a: Hatterene|77/100|[from] item: Leftovers
|upkeep
|turn|2
|
|t:|1760870747
|switch|p1a: Lycanroc|Lycanroc-Dusk, M|100/100
|move|p2a: Skeledirge|Torch Song|p1a: Lycanroc
|-resisted|p1a: Lycanroc
|-damage|p1a: Lycanroc|83/100
|-boost|p2a: Skeledirge|spa|1
|
|upkeep
|turn|3
|
|t:|1760870757
|switch|p2a: Ting-Lu|Ting-Lu, shiny|100/100
|-ability|p2a: Ting-Lu|Vessel of Ruin
|move|p1a: Lycanroc|Swords Dance|p1a: Lycanroc
|-boost|p1a: Lycanroc|atk|2
|
|upkeep
|turn|4
|
|t:|1760870766
|move|p1a: Lycanroc|Play Rough|p2a: Ting-Lu
|-supereffective|p2a: Ting-Lu
|-damage|p2a: Ting-Lu|0 fnt
|faint|p2a: Ting-Lu
|-damage|p1a: Lycanroc|73/100|[from] item: Life Orb
|
|upkeep
|l| baldiwithhair
|
|t:|1760870771
|switch|p2a: Ogerpon|Ogerpon-Wellspring, F|100/100
|turn|5
|
|t:|1760870783
|move|p1a: Lycanroc|Play Rough|p2a: Ogerpon
|-damage|p2a: Ogerpon|0 fnt
|faint|p2a: Ogerpon
|-damage|p1a: Lycanroc|63/100|[from] item: Life Orb
|
|-sideend|p1: uebehdbe|move: Light Screen
|upkeep
|inactive|aiouliya has 120 seconds left.
|
|t:|1760870824
|switch|p2a: Dragapult|Dragapult, M|100/100
|turn|6
|
|t:|1760870828
|move|p2a: Dragapult|Draco Meteor|p1a: Lycanroc
|-damage|p1a: Lycanroc|0 fnt
|-unboost|p2a: Dragapult|spa|2
|faint|p1a: Lycanroc
|
|upkeep
|
|t:|1760870841
|switch|p1a: Kingambit|Kingambit, F|100/100
|-activate|p1a: Kingambit|ability: Supreme Overlord
|-start|p1a: Kingambit|fallen1|[silent]
|turn|7
|
|t:|1760870851
|switch|p2a: Weezing|Weezing-Galar, F|100/100
|-ability|p2a: Weezing|Neutralizing Gas
|move|p1a: Kingambit|Sucker Punch||[still]
|-fail|p1a: Kingambit
|
|upkeep
|turn|8
|
|t:|1760870860
|move|p2a: Weezing|Will-O-Wisp|p1a: Kingambit
|-status|p1a: Kingambit|brn
|move|p1a: Kingambit|Iron Head|p2a: Weezing
|-supereffective|p2a: Weezing
|-damage|p2a: Weezing|62/100
|-damage|p1a: Kingambit|91/100 brn|[from] item: Life Orb
|
|-damage|p1a: Kingambit|84/100 brn|[from] brn
|upkeep
|turn|9
|
|t:|1760870873
|move|p2a: Weezing|Pain Split|p1a: Kingambit
|-sethp|p1a: Kingambit|68/100 brn|[from] move: Pain Split|[silent]
|-sethp|p2a: Weezing|82/100|[from] move: Pain Split
|move|p1a: Kingambit|Iron Head|p2a: Weezing
|-supereffective|p2a: Weezing
|-damage|p2a: Weezing|47/100
|-damage|p1a: Kingambit|58/100 brn|[from] item: Life Orb
|
|-damage|p1a: Kingambit|52/100 brn|[from] brn
|upkeep
|turn|10
|
|t:|1760870884
|move|p2a: Weezing|Pain Split|p1a: Kingambit
|-sethp|p1a: Kingambit|45/100 brn|[from] move: Pain Split|[silent]
|-sethp|p2a: Weezing|55/100|[from] move: Pain Split
|move|p1a: Kingambit|Iron Head|p2a: Weezing
|-supereffective|p2a: Weezing
|-damage|p2a: Weezing|18/100
|-damage|p1a: Kingambit|35/100 brn|[from] item: Life Orb
|
|-damage|p1a: Kingambit|29/100 brn|[from] brn
|upkeep
|turn|11
|
|t:|1760870896
|-end|p2a: Weezing|ability: Neutralizing Gas
|-activate|p1a: Kingambit|ability: Supreme Overlord
|-start|p1a: Kingambit|fallen1|[silent]
|switch|p2a: Corviknight|Corviknight, F|100/100
|-ability|p2a: Corviknight|Pressure
|move|p1a: Kingambit|Iron Head|p2a: Corviknight
|-resisted|p2a: Corviknight
|-damage|p2a: Corviknight|93/100
|-damage|p1a: Kingambit|13/100 brn|[from] item: Rocky Helmet|[of] p2a: Corviknight
|-damage|p1a: Kingambit|3/100 brn|[from] item: Life Orb
|
|-damage|p1a: Kingambit|0 fnt|[from] brn
|faint|p1a: Kingambit
|-end|p1a: Kingambit|fallen1|[silent]
|upkeep
|
|t:|1760870913
|switch|p1a: Iron Valiant|Iron Valiant|100/100
|-enditem|p1a: Iron Valiant|Booster Energy
|-activate|p1a: Iron Valiant|ability: Quark Drive|[fromitem]
|-start|p1a: Iron Valiant|quarkdrivespe
|turn|12
|
|t:|1760870921
|move|p1a: Iron Valiant|Thunderbolt|p2a: Corviknight
|-supereffective|p2a: Corviknight
|-damage|p2a: Corviknight|44/100
|move|p2a: Corviknight|Iron Defense|p2a: Corviknight
|-boost|p2a: Corviknight|def|2
|
|upkeep
|turn|13
|
|t:|1760870929
|-terastallize|p2a: Corviknight|Grass
|move|p1a: Iron Valiant|Thunderbolt|p2a: Corviknight
|-resisted|p2a: Corviknight
|-damage|p2a: Corviknight|30/100
|move|p2a: Corviknight|Roost|p2a: Corviknight
|-heal|p2a: Corviknight|80/100
|
|upkeep
|turn|14
|
|t:|1760870939
|move|p1a: Iron Valiant|Moonblast|p2a: Corviknight
|-damage|p2a: Corviknight|37/100
|-unboost|p2a: Corviknight|spa|1
|move|p2a: Corviknight|Iron Defense|p2a: Corviknight
|-boost|p2a: Corviknight|def|2
|
|upkeep
|turn|15
|
|t:|1760870947
|move|p1a: Iron Valiant|Moonblast|p2a: Corviknight
|-damage|p2a: Corviknight|0 fnt
|faint|p2a: Corviknight
|
|upkeep
|
|t:|1760870950
|switch|p2a: Skeledirge|Skeledirge, F|100/100
|turn|16
|
|t:|1760870958
|move|p1a: Iron Valiant|Thunderbolt|p2a: Skeledirge
|-damage|p2a: Skeledirge|80/100
|move|p2a: Skeledirge|Will-O-Wisp|p1a: Iron Valiant|[miss]
|-miss|p2a: Skeledirge|p1a: Iron Valiant
|
|upkeep
|turn|17
|
|t:|1760870968
|-end|p1a: Iron Valiant|Quark Drive|[silent]
|switch|p1a: Great Tusk|Great Tusk|100/100
|-enditem|p1a: Great Tusk|Booster Energy
|-activate|p1a: Great Tusk|ability: Protosynthesis|[fromitem]
|-start|p1a: Great Tusk|protosynthesisatk
|move|p2a: Skeledirge|Torch Song|p1a: Great Tusk
|-damage|p1a: Great Tusk|57/100
|-boost|p2a: Skeledirge|spa|1
|
|upkeep
|turn|18
|
|t:|1760870983
|move|p1a: Great Tusk|Earthquake|p2a: Skeledirge
|-supereffective|p2a: Skeledirge
|-damage|p2a: Skeledirge|0 fnt
|faint|p2a: Skeledirge
|
|upkeep
|-message|aiouliya forfeited.
|
|win|uebehdbe
|raw|uebehdbe's rating: 1116 &rarr; <strong>1146</strong><br />(+30 for winning)
|raw|aiouliya's rating: 1184 &rarr; <strong>1154</strong><br />(-30 for losing)
|l|☆aiouliya
|player|p2|
|l|☆uebehdbe
|player|p1|
