|j|☆XxH0meland3r420xX
|j|☆wizardrex
|t:|1760833088
|gametype|singles
|player|p1|XxH0meland3r420xX|palmer|1398
|player|p2|wizardrex|1|1376
|gen|9
|tier|[Gen 9] OU
|rated|
|rule|HP Percentage Mod: HP is shown in percentages
|rule|Endless Battle Clause: Forcing endless battles is banned
|rule|Species Clause: Limit one of each Pokémon
|rule|OHKO Clause: OHKO moves are banned
|rule|Evasion Items Clause: Evasion items are banned
|rule|Evasion Moves Clause: Evasion moves are banned
|rule|Evasion Abilities Clause: Evasion abilities are banned
|rule|Sleep Moves Clause: Sleep-inducing moves are banned
|clearpoke
|poke|p1|Araquanid, F|
|poke|p1|Scrafty, F|
|poke|p1|Kyurem|
|poke|p1|Gholdengo|
|poke|p1|Great Tusk|
|poke|p1|Iron Moth|
|poke|p2|Iron Moth|
|poke|p2|Sinistcha|
|poke|p2|Cloyster, F|
|poke|p2|Raging Bolt|
|poke|p2|Kingambit, F|
|poke|p2|Great Tusk|
|teampreview
|
|t:|1760833101
|teamsize|p1|6
|teamsize|p2|6
|start
|switch|p1a: Araquanid|Araquanid, F|100/100
|switch|p2a: Iron Moth|Iron Moth|100/100
|-enditem|p2a: Iron Moth|Booster Energy
|-activate|p2a: Iron Moth|ability: Quark Drive|[fromitem]
|-start|p2a: Iron Moth|quarkdrivespe
|turn|1
|
|t:|1760833112
|move|p2a: Iron Moth|Fiery Dance|p1a: Araquanid
|-damage|p1a: Araquanid|85/100
|-boost|p2a: Iron Moth|spa|1
|move|p1a: Araquanid|Sticky Web|p2a: Iron Moth
|-sidestart|p2: wizardrex|move: Sticky Web
|
|upkeep
|turn|2
|
|t:|1760833118
|move|p2a: Iron Moth|Sludge Wave|p1a: Araquanid
|-damage|p1a: Araquanid|23/100
|move|p1a: Araquanid|Liquidation|p2a: Iron Moth
|-supereffective|p2a: Iron Moth
|-damage|p2a: Iron Moth|0 fnt
|faint|p2a: Iron Moth
|-end|p2a: Iron Moth|Quark Drive|[silent]
|
|upkeep
|
|t:|1760833125
|switch|p2a: Raging Bolt|Raging Bolt|100/100
|-activate|p2a: Raging Bolt|move: Sticky Web
|-unboost|p2a: Raging Bolt|spe|1
|-enditem|p2a: Raging Bolt|Booster Energy
|-activate|p2a: Raging Bolt|ability: Protosynthesis|[fromitem]
|-start|p2a: Raging Bolt|protosynthesisspa
|turn|3
|-enditem|p1a: Araquanid|Custap Berry|[eat]
|-activate|p1a: Araquanid|item: Custap Berry|[consumed]
|
|t:|1760833138
|move|p1a: Araquanid|Endure|p1a: Araquanid
|-singleturn|p1a: Araquanid|move: Endure
|move|p2a: Raging Bolt|Dragon Pulse|p1a: Araquanid
|-activate|p1a: Araquanid|move: Endure
|-damage|p1a: Araquanid|1/100
|
|upkeep
|turn|4
|
|t:|1760833148
|move|p2a: Raging Bolt|Dragon Pulse|p1a: Araquanid
|-damage|p1a: Araquanid|0 fnt
|faint|p1a: Araquanid
|
|upkeep
|
|t:|1760833172
|switch|p1a: Kyurem|Kyurem|100/100
|-ability|p1a: Kyurem|Pressure
|turn|5
|
|t:|1760833183
|-terastallize|p2a: Raging Bolt|Flying
|move|p1a: Kyurem|Ice Beam|p2a: Raging Bolt
|-supereffective|p2a: Raging Bolt
|-damage|p2a: Raging Bolt|0 fnt
|faint|p2a: Raging Bolt
|-end|p2a: Raging Bolt|Protosynthesis|[silent]
|
|upkeep
|
|t:|1760833189
|switch|p2a: Cloyster|Cloyster, F, shiny|100/100
|-activate|p2a: Cloyster|move: Sticky Web
|-unboost|p2a: Cloyster|spe|1
|turn|6
|
|t:|1760833214
|-terastallize|p1a: Kyurem|Ice
|move|p1a: Kyurem|Ice Beam|p2a: Cloyster
|-resisted|p2a: Cloyster
|-damage|p2a: Cloyster|42/100
|move|p2a: Cloyster|Rock Blast|p1a: Kyurem
|-supereffective|p1a: Kyurem
|-damage|p1a: Kyurem|87/100
|-supereffective|p1a: Kyurem
|-damage|p1a: Kyurem|72/100
|-supereffective|p1a: Kyurem
|-damage|p1a: Kyurem|59/100
|-supereffective|p1a: Kyurem
|-damage|p1a: Kyurem|45/100
|-supereffective|p1a: Kyurem
|-damage|p1a: Kyurem|31/100
|-hitcount|p1a: Kyurem|5
|
|upkeep
|turn|7
|
|t:|1760833240
|move|p2a: Cloyster|Ice Shard|p1a: Kyurem
|-resisted|p1a: Kyurem
|-crit|p1a: Kyurem
|-damage|p1a: Kyurem|18/100
|move|p1a: Kyurem|Ice Beam|p2a: Cloyster
|-resisted|p2a: Cloyster
|-crit|p2a: Cloyster
|-damage|p2a: Cloyster|0 fnt
|faint|p2a: Cloyster
|
|upkeep
|
|t:|1760833246
|switch|p2a: Great Tusk|Great Tusk|100/100
|-activate|p2a: Great Tusk|move: Sticky Web
|-unboost|p2a: Great Tusk|spe|1
|-enditem|p2a: Great Tusk|Booster Energy
|-activate|p2a: Great Tusk|ability: Protosynthesis|[fromitem]
|-start|p2a: Great Tusk|protosynthesisatk
|turn|8
|
|t:|1760833256
|move|p1a: Kyurem|Ice Beam|p2a: Great Tusk
|-supereffective|p2a: Great Tusk
|-damage|p2a: Great Tusk|0 fnt
|faint|p2a: Great Tusk
|-end|p2a: Great Tusk|Protosynthesis|[silent]
|
|upkeep
|
|t:|1760833260
|switch|p2a: Kingambit|Kingambit, F|100/100
|-activate|p2a: Kingambit|move: Sticky Web
|-unboost|p2a: Kingambit|spe|1
|-activate|p2a: Kingambit|ability: Supreme Overlord
|-start|p2a: Kingambit|fallen4|[silent]
|turn|9
|
|t:|1760833269
|switch|p1a: Great Tusk|Great Tusk|100/100
|move|p2a: Kingambit|Kowtow Cleave|p1a: Great Tusk
|-resisted|p1a: Great Tusk
|-damage|p1a: Great Tusk|70/100
|
|upkeep
|turn|10
|
|t:|1760833284
|-end|p2a: Kingambit|fallen4|[silent]
|switch|p2a: Sinistcha|Sinistcha|100/100
|-activate|p2a: Sinistcha|move: Sticky Web
|-unboost|p2a: Sinistcha|spe|1
|move|p1a: Great Tusk|Headlong Rush|p2a: Sinistcha
|-resisted|p2a: Sinistcha
|-damage|p2a: Sinistcha|72/100
|-unboost|p1a: Great Tusk|def|1
|-unboost|p1a: Great Tusk|spd|1
|
|-heal|p2a: Sinistcha|79/100|[from] item: Leftovers
|upkeep
|turn|11
|
|t:|1760833298
|-end|p1a: Great Tusk|Protosynthesis|[silent]
|switch|p1a: Scrafty|Scrafty, F|100/100
|move|p2a: Sinistcha|Matcha Gotcha|p1a: Scrafty
|-damage|p1a: Scrafty|48/100
|-heal|p2a: Sinistcha|99/100|[from] drain|[of] p1a: Scrafty
|
|-heal|p1a: Scrafty|54/100|[from] item: Leftovers
|-heal|p2a: Sinistcha|100/100|[from] item: Leftovers
|upkeep
|turn|12
|
|t:|1760833310
|move|p1a: Scrafty|Knock Off|p2a: Sinistcha
|-supereffective|p2a: Sinistcha
|-damage|p2a: Sinistcha|20/100
|-enditem|p2a: Sinistcha|Leftovers|[from] move: Knock Off|[of] p1a: Scrafty
|move|p2a: Sinistcha|Matcha Gotcha|p1a: Scrafty
|-damage|p1a: Scrafty|9/100
|-heal|p2a: Sinistcha|38/100|[from] drain|[of] p1a: Scrafty
|
|-heal|p1a: Scrafty|15/100|[from] item: Leftovers
|upkeep
|turn|13
|
|t:|1760833331
|move|p1a: Scrafty|Knock Off|p2a: Sinistcha
|-supereffective|p2a: Sinistcha
|-damage|p2a: Sinistcha|0 fnt
|faint|p2a: Sinistcha
|-ability|p1a: Scrafty|Moxie|boost
|-boost|p1a: Scrafty|atk|1
|
|-heal|p1a: Scrafty|21/100|[from] item: Leftovers
|upkeep
|
|t:|1760833338
|switch|p2a: Kingambit|Kingambit, F|100/100
|-activate|p2a: Kingambit|move: Sticky Web
|-unboost|p2a: Kingambit|spe|1
|-activate|p2a: Kingambit|ability: Supreme Overlord
|-start|p2a: Kingambit|fallen5|[silent]
|turn|14
|
|t:|1760833346
|move|p1a: Scrafty|Close Combat|p2a: Kingambit
|-supereffective|p2a: Kingambit
|-damage|p2a: Kingambit|0 fnt
|-unboost|p1a: Scrafty|def|1
|-unboost|p1a: Scrafty|spd|1
|faint|p2a: Kingambit
|-end|p2a: Kingambit|fallen5|[silent]
|
|win|XxH0meland3r420xX
|raw|XxH0meland3r420xX's rating: 1398 &rarr; <strong>1417</strong><br />(+19 for winning)
|raw|wizardrex's rating: 1376 &rarr; <strong>1357</strong><br />(-19 for losing)
|l|☆wizardrex
|player|p2|
|l|☆XxH0meland3r420xX
|player|p1|
