|j|☆allah53
|j|☆Kricketot2325
|t:|1760822155
|gametype|singles
|player|p1|allah53|hiker-gen4|1358
|player|p2|Kricketot2325|rood|1418
|gen|9
|tier|[Gen 9] OU
|rated|
|rule|HP Percentage Mod: HP is shown in percentages
|rule|Endless Battle Clause: Forcing endless battles is banned
|rule|Species Clause: Limit one of each Pokémon
|rule|OHKO Clause: OHKO moves are banned
|rule|Evasion Items Clause: Evasion items are banned
|rule|Evasion Moves Clause: Evasion moves are banned
|rule|Evasion Abilities Clause: Evasion abilities are banned
|rule|Sleep Moves Clause: Sleep-inducing moves are banned
|clearpoke
|poke|p1|Iron Hands|
|poke|p1|Landorus-Therian, M|
|poke|p1|Necrozma|
|poke|p1|Hatterene, F|
|poke|p1|Diancie|
|poke|p1|Kyurem|
|poke|p2|Kyurem|
|poke|p2|Iron Moth|
|poke|p2|Kingambit, M|
|poke|p2|Landorus-Therian, M|
|poke|p2|Hatterene, F|
|poke|p2|Zamazenta-*|
|teampreview
|inactive|Battle timer is ON: inactive players will automatically lose when time's up. (requested by Kricketot2325)
|inactive|allah53 has 120 seconds left.
|
|t:|1760822186
|teamsize|p1|6
|teamsize|p2|6
|start
|switch|p1a: so awesome|Hatterene, F|100/100
|switch|p2a: Kingambit|Kingambit, M|100/100
|turn|1
|
|t:|1760822200
|switch|p1a: unc still got it|Landorus-Therian, M|100/100
|-ability|p1a: unc still got it|Intimidate|boost
|-unboost|p2a: Kingambit|atk|1
|move|p2a: Kingambit|Iron Head|p1a: unc still got it
|-damage|p1a: unc still got it|72/100
|-damage|p2a: Kingambit|84/100|[from] item: Rocky Helmet|[of] p1a: unc still got it
|
|-heal|p2a: Kingambit|90/100|[from] item: Leftovers
|upkeep
|turn|2
|
|t:|1760822210
|-end|p2a: Kingambit|fallenundefined|[silent]
|switch|p2a: Kyurem|Kyurem|100/100
|-ability|p2a: Kyurem|Pressure
|move|p1a: unc still got it|U-turn|p2a: Kyurem
|-damage|p2a: Kyurem|82/100
|
|t:|1760822223
|switch|p1a: carbindk|Diancie|100/100|[from] U-turn
|
|upkeep
|turn|3
|
|t:|1760822239
|switch|p2a: Landorus|Landorus-Therian, M|100/100
|-ability|p2a: Landorus|Intimidate|boost
|-fail|p1a: carbindk|unboost|[from] ability: Clear Body|[of] p1a: carbindk
|move|p1a: carbindk|Moonblast|p2a: Landorus
|-damage|p2a: Landorus|50/100
|
|upkeep
|turn|4
|
|t:|1760822254
|switch|p1a: unc still got it|Landorus-Therian, M|72/100
|-ability|p1a: unc still got it|Intimidate|boost
|-unboost|p2a: Landorus|atk|1
|move|p2a: Landorus|Stealth Rock|p1a: unc still got it
|-sidestart|p1: allah53|move: Stealth Rock
|
|upkeep
|turn|5
|inactive|allah53 has 120 seconds left.
|
|t:|1760822276
|switch|p2a: Hatterene|Hatterene, F|100/100
|move|p1a: unc still got it|U-turn|p2a: Hatterene
|-damage|p2a: Hatterene|84/100
|inactive|allah53 has 120 seconds left.
|
|t:|1760822287
|switch|p1a: carbindk|Diancie|100/100|[from] U-turn
|-damage|p1a: carbindk|88/100|[from] Stealth Rock
|
|upkeep
|turn|6
|
|t:|1760822290
|move|p2a: Hatterene|Nuzzle|p1a: carbindk
|-damage|p1a: carbindk|85/100
|-status|p1a: carbindk|par
|move|p1a: carbindk|Meteor Beam||[still]
|-prepare|p1a: carbindk|Meteor Beam
|-boost|p1a: carbindk|spa|1
|-enditem|p1a: carbindk|Power Herb
|-anim|p1a: carbindk|Meteor Beam|p2a: Hatterene
|-damage|p2a: Hatterene|0 fnt
|faint|p2a: Hatterene
|
|upkeep
|
|t:|1760822302
|switch|p2a: Landorus|Landorus-Therian, M|50/100
|-ability|p2a: Landorus|Intimidate|boost
|-fail|p1a: carbindk|unboost|[from] ability: Clear Body|[of] p1a: carbindk
|turn|7
|
|t:|1760822312
|move|p2a: Landorus|Earthquake|p1a: carbindk
|-supereffective|p1a: carbindk
|-damage|p1a: carbindk|8/100 par
|cant|p1a: carbindk|par
|
|upkeep
|turn|8
|
|t:|1760822321
|switch|p1a: unc still got it|Landorus-Therian, M|72/100
|-damage|p1a: unc still got it|60/100|[from] Stealth Rock
|-ability|p1a: unc still got it|Intimidate|boost
|-unboost|p2a: Landorus|atk|1
|move|p2a: Landorus|Stone Edge|p1a: unc still got it
|-crit|p1a: unc still got it
|-damage|p1a: unc still got it|11/100
|
|upkeep
|turn|9
|
|t:|1760822331
|move|p1a: unc still got it|Stealth Rock|p2a: Landorus
|-sidestart|p2: Kricketot2325|move: Stealth Rock
|move|p2a: Landorus|Grass Knot|p1a: unc still got it
|-damage|p1a: unc still got it|0 fnt
|-damage|p2a: Landorus|33/100|[from] item: Rocky Helmet|[of] p1a: unc still got it
|faint|p1a: unc still got it
|
|upkeep
|
|t:|1760822360
|switch|p1a: so awesome|Hatterene, F|100/100
|-damage|p1a: so awesome|88/100|[from] Stealth Rock
|turn|10
|
|t:|1760822366
|move|p2a: Landorus|Earthquake|p1a: so awesome
|-damage|p1a: so awesome|50/100
|move|p1a: so awesome|Trick Room|p1a: so awesome
|-fieldstart|move: Trick Room|[of] p1a: so awesome
|
|upkeep
|turn|11
|
|t:|1760822376
|move|p1a: so awesome|Draining Kiss|p2a: Landorus
|-damage|p2a: Landorus|0 fnt
|-heal|p1a: so awesome|79/100|[from] drain|[of] p2a: Landorus
|-damage|p1a: so awesome|63/100|[from] item: Rocky Helmet|[of] p2a: Landorus
|faint|p2a: Landorus
|-damage|p1a: so awesome|53/100|[from] item: Life Orb
|
|upkeep
|
|t:|1760822382
|switch|p2a: Kingambit|Kingambit, M|90/100
|-damage|p2a: Kingambit|84/100|[from] Stealth Rock
|-activate|p2a: Kingambit|ability: Supreme Overlord
|-start|p2a: Kingambit|fallen2|[silent]
|turn|12
|
|t:|1760822391
|move|p1a: so awesome|Mystical Fire|p2a: Kingambit
|-supereffective|p2a: Kingambit
|-damage|p2a: Kingambit|2/100
|-unboost|p2a: Kingambit|spa|1
|-damage|p1a: so awesome|43/100|[from] item: Life Orb
|move|p2a: Kingambit|Iron Head|p1a: so awesome
|-supereffective|p1a: so awesome
|-damage|p1a: so awesome|0 fnt
|faint|p1a: so awesome
|
|-heal|p2a: Kingambit|8/100|[from] item: Leftovers
|upkeep
|inactive|allah53 has 120 seconds left.
|
|t:|1760822431
|switch|p1a: e honda|Iron Hands|100/100
|-damage|p1a: e honda|94/100|[from] Stealth Rock
|-enditem|p1a: e honda|Booster Energy
|-activate|p1a: e honda|ability: Quark Drive|[fromitem]
|-start|p1a: e honda|quarkdriveatk
|turn|13
|inactive|allah53 has 120 seconds left.
|
|t:|1760822440
|move|p1a: e honda|Drain Punch|p2a: Kingambit
|-supereffective|p2a: Kingambit
|-damage|p2a: Kingambit|0 fnt
|-heal|p1a: e honda|97/100|[from] drain|[of] p2a: Kingambit
|faint|p2a: Kingambit
|-end|p2a: Kingambit|fallen2|[silent]
|
|upkeep
|
|t:|1760822445
|switch|p2a: Zamazenta|Zamazenta|100/100
|-damage|p2a: Zamazenta|95/100|[from] Stealth Rock
|-ability|p2a: Zamazenta|Dauntless Shield|boost
|-boost|p2a: Zamazenta|def|1
|turn|14
|inactive|allah53 has 120 seconds left.
|
|t:|1760822462
|-end|p1a: e honda|Quark Drive|[silent]
|switch|p1a: herbert|Necrozma|100/100
|-damage|p1a: herbert|88/100|[from] Stealth Rock
|move|p2a: Zamazenta|Substitute|p2a: Zamazenta
|-start|p2a: Zamazenta|Substitute
|-damage|p2a: Zamazenta|70/100
|
|-heal|p2a: Zamazenta|76/100|[from] item: Leftovers
|-fieldend|move: Trick Room
|upkeep
|turn|15
|inactive|allah53 has 120 seconds left.
|
|t:|1760822476
|move|p2a: Zamazenta|Crunch|p1a: herbert
|-supereffective|p1a: herbert
|-damage|p1a: herbert|56/100
|move|p1a: herbert|Photon Geyser|p2a: Zamazenta
|-supereffective|p2a: Zamazenta
|-end|p2a: Zamazenta|Substitute
|
|-heal|p2a: Zamazenta|82/100|[from] item: Leftovers
|upkeep
|turn|16
|
|t:|1760822483
|-terastallize|p2a: Zamazenta|Fire
|move|p2a: Zamazenta|Crunch|p1a: herbert
|-supereffective|p1a: herbert
|-damage|p1a: herbert|27/100
|move|p1a: herbert|Photon Geyser|p2a: Zamazenta
|-damage|p2a: Zamazenta|35/100
|
|-heal|p2a: Zamazenta|41/100|[from] item: Leftovers
|upkeep
|turn|17
|inactive|allah53 has 120 seconds left.
|
|t:|1760822503
|-terastallize|p1a: herbert|Rock
|move|p2a: Zamazenta|Crunch|p1a: herbert
|-damage|p1a: herbert|5/100
|-unboost|p1a: herbert|def|1
|move|p1a: herbert|Trick Room|p1a: herbert
|-fieldstart|move: Trick Room|[of] p1a: herbert
|
|-heal|p2a: Zamazenta|47/100|[from] item: Leftovers
|upkeep
|turn|18
|
|t:|1760822517
|move|p1a: herbert|Meteor Beam||[still]
|-prepare|p1a: herbert|Meteor Beam
|-boost|p1a: herbert|spa|1
|-enditem|p1a: herbert|Power Herb
|-anim|p1a: herbert|Meteor Beam|p2a: Zamazenta
|-supereffective|p2a: Zamazenta
|-damage|p2a: Zamazenta|0 fnt
|faint|p2a: Zamazenta
|
|upkeep
|
|t:|1760822521
|switch|p2a: Kyurem|Kyurem|82/100
|-damage|p2a: Kyurem|57/100|[from] Stealth Rock
|-ability|p2a: Kyurem|Pressure
|turn|19
|
|t:|1760822529
|move|p1a: herbert|Photon Geyser|p2a: Kyurem
|-damage|p2a: Kyurem|0 fnt
|faint|p2a: Kyurem
|
|upkeep
|-message|Kricketot2325 forfeited.
|
|win|allah53
|raw|allah53's rating: 1358 &rarr; <strong>1381</strong><br />(+23 for winning)
|raw|Kricketot2325's rating: 1418 &rarr; <strong>1395</strong><br />(-23 for losing)
|l|☆Kricketot2325
|player|p2|
|l|☆allah53
|player|p1|
