|j|☆Green Arcanines
|j|☆msksherlock
|t:|1760720233
|gametype|singles
|player|p1|Green Arcanines|1|1090
|player|p2|msksherlock|170|1150
|gen|9
|tier|[Gen 9] OU
|rated|
|rule|HP Percentage Mod: HP is shown in percentages
|rule|Endless Battle Clause: Forcing endless battles is banned
|rule|Species Clause: Limit one of each Pokémon
|rule|OHKO Clause: OHKO moves are banned
|rule|Evasion Items Clause: Evasion items are banned
|rule|Evasion Moves Clause: Evasion moves are banned
|rule|Evasion Abilities Clause: Evasion abilities are banned
|rule|Sleep Moves Clause: Sleep-inducing moves are banned
|clearpoke
|poke|p1|Forretress, M|
|poke|p1|Krookodile, F|
|poke|p1|Scrafty, M|
|poke|p1|Latios, M|
|poke|p1|Tentacruel, M|
|poke|p1|Heatran, M|
|poke|p2|Scizor, F|
|poke|p2|Kingambit, M|
|poke|p2|Dragonite, F|
|poke|p2|Great Tusk|
|poke|p2|Latias, F|
|poke|p2|Rotom-Wash|
|teampreview
|inactive|Battle timer is ON: inactive players will automatically lose when time's up. (requested by msksherlock)
|
|t:|1760720255
|teamsize|p1|6
|teamsize|p2|6
|start
|switch|p1a: Forretress|Forretress, M|100/100
|switch|p2a: Rotom|Rotom-Wash|100/100
|turn|1
|
|t:|1760720262
|move|p2a: Rotom|Trick|p1a: Forretress
|-activate|p2a: Rotom|move: Trick|[of] p1a: Forretress
|-item|p1a: Forretress|Choice Scarf|[from] move: Trick
|-item|p2a: Rotom|Red Card|[from] move: Trick
|move|p1a: Forretress|Stealth Rock|p2a: Rotom
|-sidestart|p2: msksherlock|move: Stealth Rock
|
|upkeep
|turn|2
|
|t:|1760720273
|switch|p1a: Tentacruel|Tentacruel, M|100/100
|move|p2a: Rotom|Hydro Pump|p1a: Tentacruel
|-resisted|p1a: Tentacruel
|-damage|p1a: Tentacruel|87/100
|
|-heal|p1a: Tentacruel|93/100|[from] item: Black Sludge
|upkeep
|turn|3
|
|t:|1760720281
|move|p2a: Rotom|Discharge|p1a: Tentacruel
|-supereffective|p1a: Tentacruel
|-damage|p1a: Tentacruel|47/100
|move|p1a: Tentacruel|Toxic|p2a: Rotom
|-status|p2a: Rotom|tox
|
|-heal|p1a: Tentacruel|53/100|[from] item: Black Sludge
|-damage|p2a: Rotom|94/100 tox|[from] psn
|upkeep
|turn|4
|
|t:|1760720294
|switch|p2a: Scizor|Scizor, F|100/100
|-damage|p2a: Scizor|88/100|[from] Stealth Rock
|move|p1a: Tentacruel|Tera Blast|p2a: Scizor
|-resisted|p2a: Scizor
|-damage|p2a: Scizor|79/100
|
|-heal|p1a: Tentacruel|59/100|[from] item: Black Sludge
|-heal|p2a: Scizor|85/100|[from] item: Leftovers
|upkeep
|turn|5
|
|t:|1760720305
|move|p1a: Tentacruel|Surf|p2a: Scizor
|-damage|p2a: Scizor|53/100
|move|p2a: Scizor|Swords Dance|p2a: Scizor
|-boost|p2a: Scizor|atk|2
|
|-heal|p1a: Tentacruel|65/100|[from] item: Black Sludge
|-heal|p2a: Scizor|60/100|[from] item: Leftovers
|upkeep
|turn|6
|
|t:|1760720318
|switch|p1a: Forretress|Forretress, M|100/100
|move|p2a: Scizor|Bug Bite|p1a: Forretress
|-resisted|p1a: Forretress
|-damage|p1a: Forretress|67/100
|
|-heal|p2a: Scizor|66/100|[from] item: Leftovers
|upkeep
|turn|7
|
|t:|1760720327
|move|p1a: Forretress|Explosion|p2a: Scizor
|-resisted|p2a: Scizor
|-damage|p2a: Scizor|26/100
|faint|p1a: Forretress
|move|p2a: Scizor|Close Combat|p1: Forretress|[notarget]
|-fail|p2a: Scizor
|
|-heal|p2a: Scizor|32/100|[from] item: Leftovers
|upkeep
|
|t:|1760720336
|switch|p1a: Heatran|Heatran, M|100/100
|turn|8
|
|t:|1760720345
|-terastallize|p1a: Heatran|Grass
|move|p1a: Heatran|Magma Storm|p2a: Scizor
|-supereffective|p2a: Scizor
|-damage|p2a: Scizor|0 fnt
|faint|p2a: Scizor
|
|upkeep
|
|t:|1760720351
|switch|p2a: Rotom|Rotom-Wash|94/100 tox
|-damage|p2a: Rotom|82/100 tox|[from] Stealth Rock
|turn|9
|
|t:|1760720363
|move|p2a: Rotom|Shadow Ball|p1a: Heatran
|-crit|p1a: Heatran
|-damage|p1a: Heatran|82/100
|move|p1a: Heatran|Tera Blast|p2a: Rotom|[anim] Tera Blast Grass
|-supereffective|p2a: Rotom
|-damage|p2a: Rotom|0 fnt
|faint|p2a: Rotom
|
|upkeep
|
|t:|1760720370
|switch|p2a: Great Tusk|Great Tusk|100/100
|turn|10
|
|t:|1760720373
|move|p2a: Great Tusk|Rapid Spin|p1a: Heatran
|-damage|p1a: Heatran|64/100
|-boost|p2a: Great Tusk|spe|1
|-sideend|p2: msksherlock|Stealth Rock|[from] move: Rapid Spin|[of] p2a: Great Tusk
|move|p1a: Heatran|Tera Blast|p2a: Great Tusk|[anim] Tera Blast Grass
|-supereffective|p2a: Great Tusk
|-damage|p2a: Great Tusk|0 fnt
|faint|p2a: Great Tusk
|-end|p2a: Great Tusk|Protosynthesis|[silent]
|
|upkeep
|
|t:|1760720399
|switch|p2a: Latias|Latias, F|100/100
|turn|11
|
|t:|1760720403
|move|p2a: Latias|Calm Mind|p2a: Latias
|-boost|p2a: Latias|spa|1
|-boost|p2a: Latias|spd|1
|move|p1a: Heatran|Magma Storm|p2a: Latias
|-resisted|p2a: Latias
|-damage|p2a: Latias|84/100
|-activate|p2a: Latias|move: Magma Storm|[of] p1a: Heatran
|
|-heal|p2a: Latias|90/100|[from] item: Leftovers
|-damage|p2a: Latias|78/100|[from] move: Magma Storm|[partiallytrapped]
|upkeep
|turn|12
|
|t:|1760720430
|switch|p1a: Latios|Latios, M|100/100
|move|p2a: Latias|Agility|p2a: Latias
|-boost|p2a: Latias|spe|2
|
|-heal|p2a: Latias|84/100|[from] item: Leftovers
|-end|p2a: Latias|Magma Storm|[partiallytrapped]|[silent]
|upkeep
|turn|13
|
|t:|1760720440
|-terastallize|p2a: Latias|Steel
|move|p2a: Latias|Calm Mind|p2a: Latias
|-boost|p2a: Latias|spa|1
|-boost|p2a: Latias|spd|1
|move|p1a: Latios|Draco Meteor|p2a: Latias
|-resisted|p2a: Latias
|-damage|p2a: Latias|62/100
|-unboost|p1a: Latios|spa|2
|
|-heal|p2a: Latias|68/100|[from] item: Leftovers
|upkeep
|turn|14
|
|t:|1760720451
|switch|p1a: Krookodile|Krookodile, F|100/100
|move|p2a: Latias|Calm Mind|p2a: Latias
|-boost|p2a: Latias|spa|1
|-boost|p2a: Latias|spd|1
|
|-heal|p2a: Latias|74/100|[from] item: Leftovers
|upkeep
|turn|15
|
|t:|1760720459
|move|p2a: Latias|Draining Kiss|p1a: Krookodile
|-supereffective|p1a: Krookodile
|-damage|p1a: Krookodile|0 fnt
|-heal|p2a: Latias|100/100|[from] drain|[of] p1a: Krookodile
|faint|p1a: Krookodile
|
|upkeep
|
|t:|1760720466
|switch|p1a: Tentacruel|Tentacruel, M|65/100
|turn|16
|
|t:|1760720470
|move|p2a: Latias|Stored Power|p1a: Tentacruel
|-supereffective|p1a: Tentacruel
|-damage|p1a: Tentacruel|0 fnt
|faint|p1a: Tentacruel
|
|upkeep
|
|t:|1760720475
|switch|p1a: Scrafty|Scrafty, M|100/100
|turn|17
|
|t:|1760720479
|move|p2a: Latias|Draining Kiss|p1a: Scrafty
|-supereffective|p1a: Scrafty
|-damage|p1a: Scrafty|0 fnt
|faint|p1a: Scrafty
|
|upkeep
|
|t:|1760720484
|switch|p1a: Latios|Latios, M|100/100
|turn|18
|
|t:|1760720489
|move|p2a: Latias|Draining Kiss|p1a: Latios
|-supereffective|p1a: Latios
|-damage|p1a: Latios|13/100
|move|p1a: Latios|Draco Meteor|p2a: Latias
|-resisted|p2a: Latias
|-damage|p2a: Latias|82/100
|-unboost|p1a: Latios|spa|2
|
|-heal|p2a: Latias|88/100|[from] item: Leftovers
|upkeep
|turn|19
|
|t:|1760720500
|move|p2a: Latias|Draining Kiss|p1a: Latios
|-supereffective|p1a: Latios
|-damage|p1a: Latios|0 fnt
|-heal|p2a: Latias|98/100|[from] drain|[of] p1a: Latios
|faint|p1a: Latios
|
|-heal|p2a: Latias|100/100|[from] item: Leftovers
|upkeep
|
|t:|1760720506
|switch|p1a: Heatran|Heatran, M, tera:Grass|64/100
|turn|20
|
|t:|1760720510
|move|p2a: Latias|Stored Power|p1a: Heatran
|-damage|p1a: Heatran|0 fnt
|faint|p1a: Heatran
|
|win|msksherlock
|raw|Green Arcanines's rating: 1090 &rarr; <strong>1071</strong><br />(-19 for losing)
|raw|msksherlock's rating: 1150 &rarr; <strong>1171</strong><br />(+21 for winning)
|l|☆Green Arcanines
|player|p1|
|l|☆msksherlock
|player|p2|
