|j|☆hi im squid
|j|☆bworkbwork
|t:|1760737472
|gametype|singles
|player|p1|hi im squid|101|1135
|player|p2|bworkbwork|colress|1067
|gen|9
|tier|[Gen 9] OU
|rated|
|rule|HP Percentage Mod: HP is shown in percentages
|rule|Endless Battle Clause: Forcing endless battles is banned
|rule|Species Clause: Limit one of each Pokémon
|rule|OHKO Clause: OHKO moves are banned
|rule|Evasion Items Clause: Evasion items are banned
|rule|Evasion Moves Clause: Evasion moves are banned
|rule|Evasion Abilities Clause: Evasion abilities are banned
|rule|Sleep Moves Clause: Sleep-inducing moves are banned
|clearpoke
|poke|p1|Rillaboom, M|
|poke|p1|Cacturne, M|
|poke|p1|Arboliva, F|
|poke|p1|Electrode-Hisui|
|poke|p1|Hitmonlee, M|
|poke|p1|Muk-Alola, M|
|poke|p2|Dragapult, M|
|poke|p2|Minior-Indigo|
|poke|p2|Polteageist|
|poke|p2|Glastrier|
|poke|p2|Dachsbun, M|
|poke|p2|Zapdos-Galar|
|teampreview
|
|t:|1760737476
|teamsize|p1|6
|teamsize|p2|6
|start
|switch|p1a: Muk|Muk-Alola, M, shiny|100/100
|switch|p2a: Before you go|Minior-Indigo, shiny|100/100
|-formechange|p2a: Before you go|Minior-Meteor||[from] ability: Shields Down
|turn|1
|inactive|Battle timer is ON: inactive players will automatically lose when time's up. (requested by hi im squid)
|
|t:|1760737484
|move|p2a: Before you go|Stealth Rock|p1a: Muk
|-sidestart|p1: hi im squid|move: Stealth Rock
|move|p1a: Muk|Taunt|p2a: Before you go
|-start|p2a: Before you go|move: Taunt
|
|upkeep
|turn|2
|
|t:|1760737495
|move|p2a: Before you go|U-turn|p1a: Muk
|-damage|p1a: Muk|85/100
|
|t:|1760737499
|switch|p2a: Zapdos|Zapdos-Galar|100/100|[from] U-turn
|move|p1a: Muk|Curse|p1a: Muk
|-unboost|p1a: Muk|spe|1
|-boost|p1a: Muk|atk|1
|-boost|p1a: Muk|def|1
|
|-heal|p1a: Muk|91/100|[from] item: Leftovers
|upkeep
|turn|3
|
|t:|1760737507
|move|p2a: Zapdos|Thunderous Kick|p1a: Muk
|-damage|p1a: Muk|58/100
|-unboost|p1a: Muk|def|1
|move|p1a: Muk|Poison Jab|p2a: Zapdos
|-damage|p2a: Zapdos|33/100
|-status|p2a: Zapdos|psn
|
|-heal|p1a: Muk|64/100|[from] item: Leftovers
|-damage|p2a: Zapdos|21/100 psn|[from] psn
|upkeep
|turn|4
|
|t:|1760737524
|switch|p1a: Rillaboom|Rillaboom, M, shiny|100/100
|-damage|p1a: Rillaboom|88/100|[from] Stealth Rock
|-fieldstart|move: Grassy Terrain|[from] ability: Grassy Surge|[of] p1a: Rillaboom
|move|p2a: Zapdos|Brave Bird|p1a: Rillaboom
|-supereffective|p1a: Rillaboom
|-crit|p1a: Rillaboom
|-damage|p1a: Rillaboom|0 fnt
|faint|p1a: Rillaboom
|-damage|p2a: Zapdos|0 fnt|[from] Recoil
|faint|p2a: Zapdos
|
|upkeep
|
|t:|1760737530
|switch|p2a: Glasstrier|Glastrier|100/100
|switch|p1a: Cacturne|Cacturne, M, shiny|100/100
|-damage|p1a: Cacturne|88/100|[from] Stealth Rock
|turn|5
|
|t:|1760737536
|move|p2a: Glasstrier|Trailblaze|p1a: Cacturne
|-resisted|p1a: Cacturne
|-damage|p1a: Cacturne|70/100
|-boost|p2a: Glasstrier|spe|1
|move|p1a: Cacturne|Brick Break|p2a: Glasstrier
|-supereffective|p2a: Glasstrier
|-damage|p2a: Glasstrier|62/100
|
|-heal|p2a: Glasstrier|68/100|[from] Grassy Terrain
|-heal|p2a: Glasstrier|74/100|[from] item: Leftovers
|-heal|p1a: Cacturne|76/100|[from] Grassy Terrain
|upkeep
|turn|6
|
|t:|1760737543
|move|p2a: Glasstrier|Trailblaze|p1a: Cacturne
|-resisted|p1a: Cacturne
|-damage|p1a: Cacturne|57/100
|-boost|p2a: Glasstrier|spe|1
|move|p1a: Cacturne|Swords Dance|p1a: Cacturne
|-boost|p1a: Cacturne|atk|2
|
|-heal|p2a: Glasstrier|80/100|[from] Grassy Terrain
|-heal|p2a: Glasstrier|86/100|[from] item: Leftovers
|-heal|p1a: Cacturne|64/100|[from] Grassy Terrain
|upkeep
|turn|7
|
|t:|1760737549
|-terastallize|p2a: Glasstrier|Fire
|move|p1a: Cacturne|Sucker Punch|p2a: Glasstrier
|-damage|p2a: Glasstrier|27/100
|move|p2a: Glasstrier|Trailblaze|p1a: Cacturne
|-resisted|p1a: Cacturne
|-damage|p1a: Cacturne|44/100
|-boost|p2a: Glasstrier|spe|1
|
|-heal|p2a: Glasstrier|33/100|[from] Grassy Terrain
|-heal|p2a: Glasstrier|39/100|[from] item: Leftovers
|-heal|p1a: Cacturne|50/100|[from] Grassy Terrain
|upkeep
|turn|8
|
|t:|1760737555
|move|p1a: Cacturne|Sucker Punch||[still]
|-fail|p1a: Cacturne
|move|p2a: Glasstrier|Swords Dance|p2a: Glasstrier
|-boost|p2a: Glasstrier|atk|2
|
|-heal|p2a: Glasstrier|45/100|[from] Grassy Terrain
|-heal|p2a: Glasstrier|51/100|[from] item: Leftovers
|-heal|p1a: Cacturne|56/100|[from] Grassy Terrain
|upkeep
|turn|9
|
|t:|1760737560
|move|p1a: Cacturne|Sucker Punch|p2a: Glasstrier
|-damage|p2a: Glasstrier|0 fnt
|faint|p2a: Glasstrier
|
|-heal|p1a: Cacturne|62/100|[from] Grassy Terrain
|upkeep
|
|t:|1760737564
|switch|p2a: Dachsbun|Dachsbun, M, shiny|100/100
|turn|10
|
|t:|1760737567
|move|p1a: Cacturne|Grassy Glide|p2a: Dachsbun
|-damage|p2a: Dachsbun|45/100
|move|p2a: Dachsbun|Body Press|p1a: Cacturne
|-supereffective|p1a: Cacturne
|-damage|p1a: Cacturne|0 fnt
|faint|p1a: Cacturne
|
|-heal|p2a: Dachsbun|51/100|[from] Grassy Terrain
|-heal|p2a: Dachsbun|57/100|[from] item: Leftovers
|upkeep
|
|t:|1760737577
|switch|p1a: Hitmonlee|Hitmonlee, M|100/100
|-damage|p1a: Hitmonlee|94/100|[from] Stealth Rock
|-enditem|p1a: Hitmonlee|Grassy Seed
|-boost|p1a: Hitmonlee|def|1|[from] item: Grassy Seed
|turn|11
|
|t:|1760737581
|move|p1a: Hitmonlee|Poison Jab|p2a: Dachsbun
|-supereffective|p2a: Dachsbun
|-damage|p2a: Dachsbun|15/100
|move|p2a: Dachsbun|Wish|p2a: Dachsbun
|
|-heal|p1a: Hitmonlee|100/100|[from] Grassy Terrain
|-heal|p2a: Dachsbun|21/100|[from] Grassy Terrain
|-heal|p2a: Dachsbun|27/100|[from] item: Leftovers
|-fieldend|move: Grassy Terrain
|upkeep
|turn|12
|
|t:|1760737594
|move|p1a: Hitmonlee|Poison Jab|p2a: Dachsbun
|-supereffective|p2a: Dachsbun
|-damage|p2a: Dachsbun|0 fnt
|faint|p2a: Dachsbun
|
|upkeep
|
|t:|1760737603
|switch|p2a: Smashin n Crashin|Polteageist|100/100
|turn|13
|
|t:|1760737607
|move|p1a: Hitmonlee|Knock Off|p2a: Smashin n Crashin
|-supereffective|p2a: Smashin n Crashin
|-damage|p2a: Smashin n Crashin|27/100
|-ability|p2a: Smashin n Crashin|Weak Armor|boost
|-unboost|p2a: Smashin n Crashin|def|1
|-boost|p2a: Smashin n Crashin|spe|2
|-enditem|p2a: Smashin n Crashin|Leftovers|[from] move: Knock Off|[of] p1a: Hitmonlee
|move|p2a: Smashin n Crashin|Will-O-Wisp|p1a: Hitmonlee
|-status|p1a: Hitmonlee|brn
|
|-damage|p1a: Hitmonlee|94/100 brn|[from] brn
|upkeep
|turn|14
|
|t:|1760737615
|move|p1a: Hitmonlee|Knock Off|p2a: Smashin n Crashin
|-supereffective|p2a: Smashin n Crashin
|-damage|p2a: Smashin n Crashin|0 fnt
|faint|p2a: Smashin n Crashin
|
|-damage|p1a: Hitmonlee|88/100 brn|[from] brn
|upkeep
|
|t:|1760737618
|switch|p2a: Before you go|Minior-Indigo, shiny|100/100
|-formechange|p2a: Before you go|Minior-Meteor||[from] ability: Shields Down
|turn|15
|
|t:|1760737625
|move|p1a: Hitmonlee|Knock Off|p2a: Before you go
|-damage|p2a: Before you go|77/100
|-enditem|p2a: Before you go|Focus Sash|[from] move: Knock Off|[of] p1a: Hitmonlee
|move|p2a: Before you go|Explosion|p1a: Hitmonlee
|-damage|p1a: Hitmonlee|3/100 brn
|faint|p2a: Before you go
|
|-damage|p1a: Hitmonlee|0 fnt|[from] brn
|faint|p1a: Hitmonlee
|upkeep
|
|t:|1760737636
|switch|p2a: Wisp u were here|Dragapult, M|100/100
|switch|p1a: Arboliva|Arboliva, F|100/100
|-damage|p1a: Arboliva|88/100|[from] Stealth Rock
|turn|16
|
|t:|1760737642
|move|p2a: Wisp u were here|Dragon Dance|p2a: Wisp u were here
|-boost|p2a: Wisp u were here|atk|1
|-boost|p2a: Wisp u were here|spe|1
|move|p1a: Arboliva|Leech Seed|p2a: Wisp u were here
|-start|p2a: Wisp u were here|move: Leech Seed
|
|-heal|p1a: Arboliva|94/100|[from] item: Leftovers
|-damage|p2a: Wisp u were here|88/100|[from] Leech Seed|[of] p1a: Arboliva
|-heal|p1a: Arboliva|100/100|[silent]
|upkeep
|turn|17
|
|t:|1760737650
|move|p2a: Wisp u were here|Dragon Darts|p1a: Arboliva
|-damage|p1a: Arboliva|47/100
|-fieldstart|move: Grassy Terrain|[from] ability: Seed Sower|[of] p1a: Arboliva
|-anim|p2a: Wisp u were here|Dragon Darts|p1a: Arboliva
|-damage|p1a: Arboliva|0 fnt
|faint|p1a: Arboliva
|
|-heal|p2a: Wisp u were here|94/100|[from] Grassy Terrain
|upkeep
|
|t:|1760737654
|switch|p1a: Muk|Muk-Alola, M, shiny|64/100
|-damage|p1a: Muk|51/100|[from] Stealth Rock
|turn|18
|
|t:|1760737665
|move|p2a: Wisp u were here|Dragon Darts|p1a: Muk
|-damage|p1a: Muk|3/100
|-anim|p2a: Wisp u were here|Dragon Darts|p1a: Muk
|-damage|p1a: Muk|0 fnt
|faint|p1a: Muk
|
|-heal|p2a: Wisp u were here|99/100|[from] Grassy Terrain
|upkeep
|
|t:|1760737667
|switch|p1a: Electrode|Electrode-Hisui, shiny|100/100
|-damage|p1a: Electrode|88/100|[from] Stealth Rock
|turn|19
|
|t:|1760737671
|-terastallize|p1a: Electrode|Grass
|move|p2a: Wisp u were here|Dragon Darts|p1a: Electrode
|-damage|p1a: Electrode|0 fnt
|faint|p1a: Electrode
|
|win|bworkbwork
|raw|hi im squid's rating: 1135 &rarr; <strong>1105</strong><br />(-30 for losing)
|raw|bworkbwork's rating: 1067 &rarr; <strong>1103</strong><br />(+36 for winning)
|l|☆hi im squid
|player|p1|
|l|☆bworkbwork
|player|p2|
