|j|☆Bonsly Brian
|j|☆Qiao2005
|t:|1760869808
|gametype|singles
|player|p1|Bonsly Brian|riley|1155
|player|p2|Qiao2005|266|1169
|gen|9
|tier|[Gen 9] OU
|rated|
|rule|HP Percentage Mod: HP is shown in percentages
|rule|Endless Battle Clause: Forcing endless battles is banned
|rule|Species Clause: Limit one of each Pokémon
|rule|OHKO Clause: OHKO moves are banned
|rule|Evasion Items Clause: Evasion items are banned
|rule|Evasion Moves Clause: Evasion moves are banned
|rule|Evasion Abilities Clause: Evasion abilities are banned
|rule|Sleep Moves Clause: Sleep-inducing moves are banned
|clearpoke
|poke|p1|Bonsly, M|
|poke|p1|Dragonite, M|
|poke|p1|Iron Valiant|
|poke|p1|Dragapult, M|
|poke|p1|Kingambit, M|
|poke|p1|Great Tusk|
|poke|p2|Deoxys-Speed|
|poke|p2|Hydrapple, F|
|poke|p2|Clodsire, F|
|poke|p2|Iron Treads|
|poke|p2|Basculegion, M|
|poke|p2|Mimikyu, M|
|teampreview
|inactive|Battle timer is ON: inactive players will automatically lose when time's up. (requested by Bonsly Brian)
|
|t:|1760869812
|teamsize|p1|6
|teamsize|p2|6
|start
|switch|p1a: Bonsly|Bonsly, M, shiny|100/100
|switch|p2a: Deoxys|Deoxys-Speed|100/100
|-ability|p2a: Deoxys|Pressure
|turn|1
|
|t:|1760869817
|move|p2a: Deoxys|Trick|p1a: Bonsly
|-activate|p2a: Deoxys|move: Trick|[of] p1a: Bonsly
|-item|p1a: Bonsly|Choice Scarf|[from] move: Trick
|-item|p2a: Deoxys|Custap Berry|[from] move: Trick
|move|p1a: Bonsly|Stealth Rock|p2a: Deoxys
|-sidestart|p2: Qiao2005|move: Stealth Rock
|
|upkeep
|turn|2
|
|t:|1760869824
|switch|p1a: Kingambit|Kingambit, M|100/100
|move|p2a: Deoxys|Stealth Rock|p1a: Kingambit
|-sidestart|p1: Bonsly Brian|move: Stealth Rock
|
|upkeep
|turn|3
|
|t:|1760869830
|move|p2a: Deoxys|Extreme Speed|p1a: Kingambit
|-resisted|p1a: Kingambit
|-damage|p1a: Kingambit|91/100
|move|p1a: Kingambit|Kowtow Cleave|p2a: Deoxys
|-supereffective|p2a: Deoxys
|-damage|p2a: Deoxys|0 fnt
|faint|p2a: Deoxys
|
|-heal|p1a: Kingambit|97/100|[from] item: Leftovers
|upkeep
|
|t:|1760869840
|switch|p2a: Iron Treads|Iron Treads, shiny|100/100
|-damage|p2a: Iron Treads|97/100|[from] Stealth Rock
|turn|4
|
|t:|1760869848
|-end|p1a: Kingambit|fallenundefined|[silent]
|switch|p1a: Dragapult|Dragapult, M|100/100
|-damage|p1a: Dragapult|88/100|[from] Stealth Rock
|move|p2a: Iron Treads|Rapid Spin|p1a: Dragapult
|-immune|p1a: Dragapult
|
|upkeep
|turn|5
|
|t:|1760869855
|move|p1a: Dragapult|Flamethrower|p2a: Iron Treads
|-supereffective|p2a: Iron Treads
|-damage|p2a: Iron Treads|0 fnt
|faint|p2a: Iron Treads
|-end|p2a: Iron Treads|Quark Drive|[silent]
|
|upkeep
|
|t:|1760869859
|switch|p2a: Clodsire|Clodsire, F|100/100
|-damage|p2a: Clodsire|94/100|[from] Stealth Rock
|turn|6
|
|t:|1760869866
|switch|p1a: Great Tusk|Great Tusk|100/100
|-damage|p1a: Great Tusk|98/100|[from] Stealth Rock
|-enditem|p1a: Great Tusk|Booster Energy
|-activate|p1a: Great Tusk|ability: Protosynthesis|[fromitem]
|-start|p1a: Great Tusk|protosynthesisatk
|move|p2a: Clodsire|Toxic Spikes|p1a: Great Tusk
|-sidestart|p1: Bonsly Brian|move: Toxic Spikes
|
|-heal|p2a: Clodsire|100/100|[from] item: Black Sludge
|upkeep
|turn|7
|
|t:|1760869875
|switch|p2a: Basculegion|Basculegion, M|100/100
|-damage|p2a: Basculegion|88/100|[from] Stealth Rock
|move|p1a: Great Tusk|Rapid Spin|p2a: Basculegion
|-immune|p2a: Basculegion
|
|upkeep
|turn|8
|
|t:|1760869883
|-terastallize|p1a: Great Tusk|Ghost
|move|p2a: Basculegion|Wave Crash|p1a: Great Tusk
|-damage|p1a: Great Tusk|44/100
|-damage|p2a: Basculegion|71/100|[from] Recoil
|move|p1a: Great Tusk|Headlong Rush|p2a: Basculegion
|-damage|p2a: Basculegion|0 fnt
|-unboost|p1a: Great Tusk|def|1
|-unboost|p1a: Great Tusk|spd|1
|faint|p2a: Basculegion
|
|upkeep
|
|t:|1760869896
|switch|p2a: Mimikyu|Mimikyu, M|100/100
|-damage|p2a: Mimikyu|88/100|[from] Stealth Rock
|turn|9
|
|t:|1760869907
|move|p2a: Mimikyu|Play Rough|p1a: Great Tusk
|-damage|p1a: Great Tusk|6/100
|-unboost|p1a: Great Tusk|atk|1
|move|p1a: Great Tusk|Headlong Rush|p2a: Mimikyu
|-activate|p2a: Mimikyu|ability: Disguise
|-damage|p2a: Mimikyu|88/100
|-unboost|p1a: Great Tusk|def|1
|-unboost|p1a: Great Tusk|spd|1
|detailschange|p2a: Mimikyu|Mimikyu-Busted, M
|-damage|p2a: Mimikyu|76/100|[from] pokemon: Mimikyu-Busted
|-enditem|p2a: Mimikyu|Red Card|[of] p1a: Great Tusk
|-end|p1a: Great Tusk|Protosynthesis|[silent]
|drag|p1a: Dragonite|Dragonite, M, shiny|100/100
|
|upkeep
|turn|10
|
|t:|1760869924
|move|p2a: Mimikyu|Play Rough|p1a: Dragonite
|-supereffective|p1a: Dragonite
|-damage|p1a: Dragonite|59/100
|move|p1a: Dragonite|Dragon Dance|p1a: Dragonite
|-boost|p1a: Dragonite|atk|1
|-boost|p1a: Dragonite|spe|1
|
|upkeep
|turn|11
|
|t:|1760869931
|move|p1a: Dragonite|Earthquake|p2a: Mimikyu
|-damage|p2a: Mimikyu|0 fnt
|faint|p2a: Mimikyu
|
|upkeep
|
|t:|1760869934
|switch|p2a: Hydrapple|Hydrapple, F|100/100
|-damage|p2a: Hydrapple|88/100|[from] Stealth Rock
|turn|12
|
|t:|1760869943
|-terastallize|p2a: Hydrapple|Water
|move|p1a: Dragonite|Extreme Speed|p2a: Hydrapple
|-damage|p2a: Hydrapple|50/100
|move|p2a: Hydrapple|Fickle Beam|p1a: Dragonite|[anim] Fickle Beam All Out
|-activate|p2a: Hydrapple|move: Fickle Beam
|-supereffective|p1a: Dragonite
|-damage|p1a: Dragonite|0 fnt
|faint|p1a: Dragonite
|
|-heal|p2a: Hydrapple|56/100|[from] item: Leftovers
|upkeep
|
|t:|1760869947
|switch|p1a: Kingambit|Kingambit, M|97/100
|-damage|p1a: Kingambit|91/100|[from] Stealth Rock
|-activate|p1a: Kingambit|ability: Supreme Overlord
|-start|p1a: Kingambit|fallen1|[silent]
|turn|13
|
|t:|1760869957
|move|p1a: Kingambit|Swords Dance|p1a: Kingambit
|-boost|p1a: Kingambit|atk|2
|move|p2a: Hydrapple|Giga Drain|p1a: Kingambit
|-resisted|p1a: Kingambit
|-crit|p1a: Kingambit
|-damage|p1a: Kingambit|60/100
|-heal|p2a: Hydrapple|71/100|[from] drain|[of] p1a: Kingambit
|
|-heal|p1a: Kingambit|66/100|[from] item: Leftovers
|-heal|p2a: Hydrapple|77/100|[from] item: Leftovers
|upkeep
|turn|14
|
|t:|1760869962
|move|p1a: Kingambit|Kowtow Cleave|p2a: Hydrapple
|-damage|p2a: Hydrapple|0 fnt
|faint|p2a: Hydrapple
|
|-heal|p1a: Kingambit|73/100|[from] item: Leftovers
|upkeep
|-message|Qiao2005 forfeited.
|
|win|Bonsly Brian
|raw|Bonsly Brian's rating: 1155 &rarr; <strong>1181</strong><br />(+26 for winning)
|raw|Qiao2005's rating: 1169 &rarr; <strong>1143</strong><br />(-26 for losing)
|l|☆Qiao2005
|player|p2|
|l|☆Bonsly Brian
|player|p1|
