|j|☆realmathhills
|j|☆Kis Vegallomas
|t:|1760801153
|gametype|singles
|player|p1|realmathhills|265|1439
|player|p2|Kis Vegallomas|265|1395
|gen|9
|tier|[Gen 9] OU
|rated|
|rule|HP Percentage Mod: HP is shown in percentages
|rule|Endless Battle Clause: Forcing endless battles is banned
|rule|Species Clause: Limit one of each Pokémon
|rule|OHKO Clause: OHKO moves are banned
|rule|Evasion Items Clause: Evasion items are banned
|rule|Evasion Moves Clause: Evasion moves are banned
|rule|Evasion Abilities Clause: Evasion abilities are banned
|rule|Sleep Moves Clause: Sleep-inducing moves are banned
|clearpoke
|poke|p1|Hatterene, F|
|poke|p1|Grimmsnarl, M|
|poke|p1|Gholdengo|
|poke|p1|Ogerpon-Wellspring, F|
|poke|p1|Glimmora, F|
|poke|p1|Garchomp, F|
|poke|p2|Garchomp, M|
|poke|p2|Slowking-Galar, M|
|poke|p2|Keldeo-Resolute|
|poke|p2|Grimmsnarl, M|
|poke|p2|Iron Crown|
|poke|p2|Primeape, M|
|teampreview
|inactive|Battle timer is ON: inactive players will automatically lose when time's up. (requested by realmathhills)
|l|☆Kis Vegallomas
|inactive|Kis Vegallomas disconnected and has a minute to reconnect!
|player|p2|
|inactive|realmathhills has 120 seconds left.
|
|t:|1760801194
|teamsize|p1|6
|teamsize|p2|6
|start
|switch|p1a: Ogerpon|Ogerpon-Wellspring, F|100/100
|switch|p2a: Garchomp|Garchomp, M|100/100
|turn|1
|inactive|Kis Vegallomas has 30 seconds to reconnect!
|j|☆Kis Vegallomas
|inactive|Kis Vegallomas reconnected and has 120 seconds left.
|player|p2|Kis Vegallomas|265|
|
|t:|1760801230
|move|p1a: Ogerpon|Swords Dance|p1a: Ogerpon
|-boost|p1a: Ogerpon|atk|2
|move|p2a: Garchomp|Scale Shot|p1a: Ogerpon
|-damage|p1a: Ogerpon|82/100
|-damage|p1a: Ogerpon|64/100
|-crit|p1a: Ogerpon
|-damage|p1a: Ogerpon|37/100
|-damage|p1a: Ogerpon|19/100
|-hitcount|p1a: Ogerpon|4
|-unboost|p2a: Garchomp|def|1
|-boost|p2a: Garchomp|spe|1
|
|upkeep
|turn|2
|inactive|Kis Vegallomas has 120 seconds left.
|
|t:|1760801250
|switch|p1a: Glimmora|Glimmora, F|100/100
|move|p2a: Garchomp|Earthquake|p1a: Glimmora
|-supereffective|p1a: Glimmora
|-damage|p1a: Glimmora|0 fnt
|-activate|p1a: Glimmora|ability: Toxic Debris
|-sidestart|p2: Kis Vegallomas|move: Toxic Spikes
|faint|p1a: Glimmora
|
|upkeep
|
|t:|1760801258
|switch|p1a: Grimmsnarl|Grimmsnarl, M|100/100
|turn|3
|
|t:|1760801261
|switch|p2a: Slowking|Slowking-Galar, M|100/100
|-sideend|p2: Kis Vegallomas|move: Toxic Spikes|[of] p2a: Slowking
|move|p1a: Grimmsnarl|Reflect|p1a: Grimmsnarl
|-sidestart|p1: realmathhills|Reflect
|
|upkeep
|turn|4
|
|t:|1760801264
|move|p1a: Grimmsnarl|Light Screen|p1a: Grimmsnarl
|-sidestart|p1: realmathhills|move: Light Screen
|move|p2a: Slowking|Future Sight|p1a: Grimmsnarl
|-start|p2a: Slowking|move: Future Sight
|
|upkeep
|turn|5
|
|t:|1760801268
|switch|p2a: Primeape|Primeape, M|100/100
|move|p1a: Grimmsnarl|Parting Shot|p2a: Primeape
|-unboost|p2a: Primeape|atk|1
|-ability|p2a: Primeape|Defiant|boost
|-boost|p2a: Primeape|atk|2
|-unboost|p2a: Primeape|spa|1
|-ability|p2a: Primeape|Defiant|boost
|-boost|p2a: Primeape|atk|2
|
|t:|1760801279
|switch|p1a: Gholdengo|Gholdengo|100/100|[from] Parting Shot
|-item|p1a: Gholdengo|Air Balloon
|
|upkeep
|turn|6
|
|t:|1760801287
|move|p1a: Gholdengo|Nasty Plot|p1a: Gholdengo
|-boost|p1a: Gholdengo|spa|2
|move|p2a: Primeape|Rage Fist|p1a: Gholdengo
|-supereffective|p1a: Gholdengo
|-damage|p1a: Gholdengo|67/100
|-enditem|p1a: Gholdengo|Air Balloon
|
|-end|p1a: Gholdengo|move: Future Sight
|-resisted|p1a: Gholdengo
|-damage|p1a: Gholdengo|50/100
|upkeep
|turn|7
|
|t:|1760801294
|move|p1a: Gholdengo|Psyshock|p2a: Primeape
|-supereffective|p2a: Primeape
|-damage|p2a: Primeape|0 fnt
|faint|p2a: Primeape
|
|upkeep
|
|t:|1760801301
|switch|p2a: Grimmsnarl|Grimmsnarl, M|100/100
|turn|8
|
|t:|1760801305
|move|p2a: Grimmsnarl|Light Screen|p2a: Grimmsnarl
|-sidestart|p2: Kis Vegallomas|move: Light Screen
|move|p1a: Gholdengo|Make It Rain|p2a: Grimmsnarl
|-supereffective|p2a: Grimmsnarl
|-damage|p2a: Grimmsnarl|12/100
|-unboost|p1a: Gholdengo|spa|1
|
|upkeep
|turn|9
|
|t:|1760801321
|switch|p2a: Slowking|Slowking-Galar, M|100/100
|move|p1a: Gholdengo|Nasty Plot|p1a: Gholdengo
|-boost|p1a: Gholdengo|spa|2
|
|upkeep
|turn|10
|
|t:|1760801328
|switch|p2a: Grimmsnarl|Grimmsnarl, M|12/100
|move|p1a: Gholdengo|Shadow Ball|p2a: Grimmsnarl
|-resisted|p2a: Grimmsnarl
|-damage|p2a: Grimmsnarl|0 fnt
|faint|p2a: Grimmsnarl
|
|-sideend|p1: realmathhills|Reflect
|upkeep
|
|t:|1760801333
|switch|p2a: Iron Crown|Iron Crown|100/100
|turn|11
|
|t:|1760801337
|move|p1a: Gholdengo|Shadow Ball|p2a: Iron Crown
|-supereffective|p2a: Iron Crown
|-damage|p2a: Iron Crown|1/100
|-enditem|p2a: Iron Crown|Weakness Policy
|-boost|p2a: Iron Crown|atk|2|[from] item: Weakness Policy
|-boost|p2a: Iron Crown|spa|2|[from] item: Weakness Policy
|move|p2a: Iron Crown|Agility|p2a: Iron Crown
|-boost|p2a: Iron Crown|spe|2
|
|-sideend|p1: realmathhills|move: Light Screen
|upkeep
|turn|12
|
|t:|1760801354
|move|p2a: Iron Crown|Stored Power|p1a: Gholdengo
|-resisted|p1a: Gholdengo
|-damage|p1a: Gholdengo|0 fnt
|faint|p1a: Gholdengo
|
|upkeep
|
|t:|1760801357
|switch|p1a: Grimmsnarl|Grimmsnarl, M|100/100
|turn|13
|
|t:|1760801370
|-terastallize|p1a: Grimmsnarl|Steel
|move|p2a: Iron Crown|Tachyon Cutter|p1a: Grimmsnarl
|-resisted|p1a: Grimmsnarl
|-damage|p1a: Grimmsnarl|75/100
|-resisted|p1a: Grimmsnarl
|-damage|p1a: Grimmsnarl|48/100
|-hitcount|p1a: Grimmsnarl|2
|move|p1a: Grimmsnarl|Spirit Break|p2a: Iron Crown
|-resisted|p2a: Iron Crown
|-damage|p2a: Iron Crown|0 fnt
|faint|p2a: Iron Crown
|-end|p2a: Iron Crown|Quark Drive|[silent]
|
|upkeep
|
|t:|1760801385
|switch|p2a: Keldeo|Keldeo-Resolute|100/100
|turn|14
|
|t:|1760801395
|move|p1a: Grimmsnarl|Parting Shot|p2a: Keldeo
|-unboost|p2a: Keldeo|atk|1
|-unboost|p2a: Keldeo|spa|1
|
|t:|1760801397
|switch|p1a: Ogerpon|Ogerpon-Wellspring, F|19/100|[from] Parting Shot
|move|p2a: Keldeo|Secret Sword|p1a: Ogerpon
|-damage|p1a: Ogerpon|0 fnt
|faint|p1a: Ogerpon
|
|upkeep
|
|t:|1760801405
|switch|p1a: Grimmsnarl|Grimmsnarl, M, tera:Steel|48/100
|turn|15
|
|t:|1760801410
|move|p1a: Grimmsnarl|Light Screen|p1a: Grimmsnarl
|-sidestart|p1: realmathhills|move: Light Screen
|move|p2a: Keldeo|Calm Mind|p2a: Keldeo
|-boost|p2a: Keldeo|spa|1
|-boost|p2a: Keldeo|spd|1
|
|-sideend|p2: Kis Vegallomas|move: Light Screen
|upkeep
|turn|16
|
|t:|1760801421
|move|p1a: Grimmsnarl|Parting Shot|p2a: Keldeo
|-unboost|p2a: Keldeo|atk|1
|-unboost|p2a: Keldeo|spa|1
|
|t:|1760801423
|switch|p1a: Hatterene|Hatterene, F|100/100|[from] Parting Shot
|move|p2a: Keldeo|Calm Mind|p2a: Keldeo
|-boost|p2a: Keldeo|spa|1
|-boost|p2a: Keldeo|spd|1
|
|upkeep
|turn|17
|
|t:|1760801430
|move|p2a: Keldeo|Calm Mind|p2a: Keldeo
|-boost|p2a: Keldeo|spa|1
|-boost|p2a: Keldeo|spd|1
|move|p1a: Hatterene|Calm Mind|p1a: Hatterene
|-boost|p1a: Hatterene|spa|1
|-boost|p1a: Hatterene|spd|1
|
|upkeep
|turn|18
|
|t:|1760801435
|switch|p2a: Slowking|Slowking-Galar, M|100/100
|move|p1a: Hatterene|Calm Mind|p1a: Hatterene
|-boost|p1a: Hatterene|spa|1
|-boost|p1a: Hatterene|spd|1
|
|upkeep
|turn|19
|
|t:|1760801438
|move|p2a: Slowking|Trick|p1a: Hatterene
|-activate|p2a: Slowking|move: Trick|[of] p1a: Hatterene
|-item|p1a: Hatterene|Choice Specs|[from] move: Trick
|-item|p2a: Slowking|Leftovers|[from] move: Trick
|move|p1a: Hatterene|Calm Mind|p1a: Hatterene
|-boost|p1a: Hatterene|spa|1
|-boost|p1a: Hatterene|spd|1
|
|upkeep
|turn|20
|
|t:|1760801448
|switch|p1a: Garchomp|Garchomp, F|100/100
|move|p2a: Slowking|Future Sight|p1a: Garchomp
|-start|p2a: Slowking|move: Future Sight
|
|upkeep
|turn|21
|
|t:|1760801456
|move|p1a: Garchomp|Scale Shot|p2a: Slowking
|-damage|p2a: Slowking|87/100
|-damage|p2a: Slowking|73/100
|-damage|p2a: Slowking|58/100
|-damage|p2a: Slowking|45/100
|-hitcount|p2a: Slowking|4
|-unboost|p1a: Garchomp|def|1
|-boost|p1a: Garchomp|spe|1
|move|p2a: Slowking|Ice Beam|p1a: Garchomp
|-supereffective|p1a: Garchomp
|-damage|p1a: Garchomp|36/100
|
|-heal|p2a: Slowking|51/100|[from] item: Leftovers
|upkeep
|turn|22
|
|t:|1760801463
|move|p1a: Garchomp|Earthquake|p2a: Slowking
|-supereffective|p2a: Slowking
|-damage|p2a: Slowking|0 fnt
|faint|p2a: Slowking
|
|-end|p1a: Garchomp|move: Future Sight
|-damage|p1a: Garchomp|5/100
|-sideend|p1: realmathhills|move: Light Screen
|upkeep
|
|t:|1760801467
|switch|p2a: Keldeo|Keldeo-Resolute|100/100
|turn|23
|
|t:|1760801470
|move|p2a: Keldeo|Vacuum Wave|p1a: Garchomp
|-damage|p1a: Garchomp|0 fnt
|faint|p1a: Garchomp
|
|upkeep
|
|t:|1760801478
|switch|p1a: Hatterene|Hatterene, F|100/100
|turn|24
|
|t:|1760801481
|move|p2a: Keldeo|Surf|p1a: Hatterene
|-damage|p1a: Hatterene|55/100
|move|p1a: Hatterene|Draining Kiss|p2a: Keldeo
|-supereffective|p2a: Keldeo
|-damage|p2a: Keldeo|26/100
|-heal|p1a: Hatterene|100/100|[from] drain|[of] p2a: Keldeo
|
|-heal|p2a: Keldeo|32/100|[from] item: Leftovers
|upkeep
|turn|25
|
|t:|1760801485
|move|p2a: Keldeo|Surf|p1a: Hatterene
|-damage|p1a: Hatterene|54/100
|move|p1a: Hatterene|Draining Kiss|p2a: Keldeo
|-supereffective|p2a: Keldeo
|-damage|p2a: Keldeo|0 fnt
|-heal|p1a: Hatterene|78/100|[from] drain|[of] p2a: Keldeo
|faint|p2a: Keldeo
|
|upkeep
|
|t:|1760801487
|switch|p2a: Garchomp|Garchomp, M|100/100
|turn|26
|
|t:|1760801491
|switch|p1a: Grimmsnarl|Grimmsnarl, M, tera:Steel|48/100
|-terastallize|p2a: Garchomp|Steel
|move|p2a: Garchomp|Swords Dance|p2a: Garchomp
|-boost|p2a: Garchomp|atk|2
|
|upkeep
|turn|27
|
|t:|1760801497
|move|p1a: Grimmsnarl|Reflect|p1a: Grimmsnarl
|-sidestart|p1: realmathhills|Reflect
|move|p2a: Garchomp|Earthquake|p1a: Grimmsnarl
|-supereffective|p1a: Grimmsnarl
|-damage|p1a: Grimmsnarl|0 fnt
|faint|p1a: Grimmsnarl
|
|upkeep
|
|t:|1760801501
|switch|p1a: Hatterene|Hatterene, F|78/100
|turn|28
|
|t:|1760801504
|move|p2a: Garchomp|Poison Jab|p1a: Hatterene
|-supereffective|p1a: Hatterene
|-damage|p1a: Hatterene|34/100
|move|p1a: Hatterene|Mystical Fire|p2a: Garchomp
|-supereffective|p2a: Garchomp
|-damage|p2a: Garchomp|40/100
|-unboost|p2a: Garchomp|spa|1
|
|upkeep
|turn|29
|
|t:|1760801509
|move|p2a: Garchomp|Poison Jab|p1a: Hatterene
|-supereffective|p1a: Hatterene
|-damage|p1a: Hatterene|0 fnt
|faint|p1a: Hatterene
|
|win|Kis Vegallomas
|raw|realmathhills's rating: 1439 &rarr; <strong>1416</strong><br />(-23 for losing)
|raw|Kis Vegallomas's rating: 1395 &rarr; <strong>1418</strong><br />(+23 for winning)
|c|☆realmathhills|gg
|l|☆realmathhills
|player|p1|
|c|☆Kis Vegallomas|Gg
|l|☆Kis Vegallomas
|player|p2|
