|j|☆Lanakis The Chosen
|j|☆Kis Vegallomas
|t:|1760812812
|gametype|singles
|player|p1|Lanakis The Chosen|miku-fire|1427
|player|p2|Kis Vegallomas|265|1410
|gen|9
|tier|[Gen 9] OU
|rated|
|rule|HP Percentage Mod: HP is shown in percentages
|rule|Endless Battle Clause: Forcing endless battles is banned
|rule|Species Clause: Limit one of each Pokémon
|rule|OHKO Clause: OHKO moves are banned
|rule|Evasion Items Clause: Evasion items are banned
|rule|Evasion Moves Clause: Evasion moves are banned
|rule|Evasion Abilities Clause: Evasion abilities are banned
|rule|Sleep Moves Clause: Sleep-inducing moves are banned
|clearpoke
|poke|p1|Kingambit, M|
|poke|p1|Ceruledge, F|
|poke|p1|Zamazenta-*|
|poke|p1|Gliscor, F|
|poke|p1|Grimmsnarl, M|
|poke|p1|Iron Valiant|
|poke|p2|Garchomp, M|
|poke|p2|Slowking-Galar, F|
|poke|p2|Keldeo-Resolute|
|poke|p2|Grimmsnarl, M|
|poke|p2|Iron Crown|
|poke|p2|Primeape, M|
|teampreview
|inactive|Battle timer is ON: inactive players will automatically lose when time's up. (requested by Lanakis The Chosen)
|
|t:|1760812827
|teamsize|p1|6
|teamsize|p2|6
|start
|switch|p1a: Grimmsnarl|Grimmsnarl, M|100/100
|switch|p2a: Primeape|Primeape, M|100/100
|turn|1
|
|t:|1760812842
|move|p1a: Grimmsnarl|Trick|p2a: Primeape
|-activate|p1a: Grimmsnarl|move: Trick|[of] p2a: Primeape
|-item|p2a: Primeape|Lagging Tail|[from] move: Trick
|-item|p1a: Grimmsnarl|Eviolite|[from] move: Trick
|move|p2a: Primeape|Bulk Up|p2a: Primeape
|-boost|p2a: Primeape|atk|1
|-boost|p2a: Primeape|def|1
|
|upkeep
|turn|2
|
|t:|1760812858
|move|p1a: Grimmsnarl|Reflect|p1a: Grimmsnarl
|-sidestart|p1: Lanakis The Chosen|Reflect
|move|p2a: Primeape|Bulk Up|p2a: Primeape
|-boost|p2a: Primeape|atk|1
|-boost|p2a: Primeape|def|1
|
|upkeep
|turn|3
|
|t:|1760812868
|move|p1a: Grimmsnarl|Spirit Break|p2a: Primeape
|-supereffective|p2a: Primeape
|-damage|p2a: Primeape|53/100
|-unboost|p2a: Primeape|spa|1
|-ability|p2a: Primeape|Defiant|boost
|-boost|p2a: Primeape|atk|2
|move|p2a: Primeape|Bulk Up|p2a: Primeape
|-boost|p2a: Primeape|atk|1
|-boost|p2a: Primeape|def|1
|
|upkeep
|turn|4
|
|t:|1760812872
|move|p1a: Grimmsnarl|Spirit Break|p2a: Primeape
|-supereffective|p2a: Primeape
|-damage|p2a: Primeape|15/100
|-unboost|p2a: Primeape|spa|1
|-ability|p2a: Primeape|Defiant|boost
|-boost|p2a: Primeape|atk|1
|move|p2a: Primeape|Drain Punch|p1a: Grimmsnarl
|-damage|p1a: Grimmsnarl|30/100
|-heal|p2a: Primeape|57/100|[from] drain|[of] p1a: Grimmsnarl
|
|upkeep
|turn|5
|
|t:|1760812877
|move|p1a: Grimmsnarl|Spirit Break|p2a: Primeape
|-supereffective|p2a: Primeape
|-damage|p2a: Primeape|17/100
|-unboost|p2a: Primeape|spa|1
|-boost|p2a: Primeape|atk|0
|move|p2a: Primeape|Drain Punch|p1a: Grimmsnarl
|-damage|p1a: Grimmsnarl|0 fnt
|-heal|p2a: Primeape|35/100|[from] drain|[of] p1a: Grimmsnarl
|faint|p1a: Grimmsnarl
|
|upkeep
|
|t:|1760812884
|switch|p1a: Iron Valiant|Iron Valiant|100/100
|-enditem|p1a: Iron Valiant|Booster Energy
|-activate|p1a: Iron Valiant|ability: Quark Drive|[fromitem]
|-start|p1a: Iron Valiant|quarkdrivespe
|turn|6
|
|t:|1760812890
|switch|p2a: Slowking|Slowking-Galar, F|100/100
|move|p1a: Iron Valiant|Moonblast|p2a: Slowking
|-resisted|p2a: Slowking
|-damage|p2a: Slowking|84/100
|-unboost|p2a: Slowking|spa|1
|
|-sideend|p1: Lanakis The Chosen|Reflect
|upkeep
|turn|7
|
|t:|1760812895
|move|p1a: Iron Valiant|Knock Off|p2a: Slowking
|-supereffective|p2a: Slowking
|-damage|p2a: Slowking|17/100
|-enditem|p2a: Slowking|Choice Specs|[from] move: Knock Off|[of] p1a: Iron Valiant
|move|p2a: Slowking|Sludge Bomb|p1a: Iron Valiant
|-supereffective|p1a: Iron Valiant
|-damage|p1a: Iron Valiant|0 fnt
|faint|p1a: Iron Valiant
|-end|p1a: Iron Valiant|Quark Drive|[silent]
|
|upkeep
|
|t:|1760812900
|switch|p1a: Ceruledge|Ceruledge, F|100/100
|turn|8
|
|t:|1760812912
|move|p1a: Ceruledge|Swords Dance|p1a: Ceruledge
|-boost|p1a: Ceruledge|atk|2
|move|p2a: Slowking|Future Sight|p1a: Ceruledge
|-start|p2a: Slowking|move: Future Sight
|
|upkeep
|turn|9
|
|t:|1760812916
|move|p1a: Ceruledge|Shadow Sneak|p2a: Slowking
|-supereffective|p2a: Slowking
|-damage|p2a: Slowking|0 fnt
|faint|p2a: Slowking
|
|upkeep
|
|t:|1760812925
|switch|p2a: Garchomp|Garchomp, M|100/100
|turn|10
|
|t:|1760812930
|move|p1a: Ceruledge|Poltergeist|p2a: Garchomp
|-activate|p2a: Garchomp|move: Poltergeist|Loaded Dice
|-damage|p2a: Garchomp|12/100
|move|p2a: Garchomp|Scale Shot|p1a: Ceruledge
|-damage|p1a: Ceruledge|81/100
|-damage|p1a: Ceruledge|61/100
|-damage|p1a: Ceruledge|41/100
|-damage|p1a: Ceruledge|22/100
|-hitcount|p1a: Ceruledge|4
|-unboost|p2a: Garchomp|def|1
|-boost|p2a: Garchomp|spe|1
|
|-end|p1a: Ceruledge|move: Future Sight
|-damage|p1a: Ceruledge|0 fnt
|faint|p1a: Ceruledge
|upkeep
|
|t:|1760812938
|switch|p1a: Kingambit|Kingambit, M|100/100
|-activate|p1a: Kingambit|ability: Supreme Overlord
|-start|p1a: Kingambit|fallen3|[silent]
|turn|11
|
|t:|1760812953
|move|p1a: Kingambit|Sucker Punch|p2a: Garchomp
|-crit|p2a: Garchomp
|-damage|p2a: Garchomp|0 fnt
|-damage|p1a: Kingambit|88/100|[from] ability: Rough Skin|[of] p2a: Garchomp
|faint|p2a: Garchomp
|-damage|p1a: Kingambit|78/100|[from] item: Life Orb
|
|upkeep
|
|t:|1760812955
|switch|p2a: Keldeo|Keldeo-Resolute|100/100
|turn|12
|
|t:|1760812959
|-end|p1a: Kingambit|fallen3|[silent]
|switch|p1a: Zamazenta|Zamazenta|100/100
|-ability|p1a: Zamazenta|Dauntless Shield|boost
|-boost|p1a: Zamazenta|def|1
|move|p2a: Keldeo|Secret Sword|p1a: Zamazenta
|-damage|p1a: Zamazenta|77/100
|
|-heal|p1a: Zamazenta|83/100|[from] item: Leftovers
|upkeep
|turn|13
|
|t:|1760812963
|switch|p2a: Primeape|Primeape, M|35/100
|move|p1a: Zamazenta|Iron Defense|p1a: Zamazenta
|-boost|p1a: Zamazenta|def|2
|
|-heal|p1a: Zamazenta|89/100|[from] item: Leftovers
|upkeep
|turn|14
|
|t:|1760812967
|move|p1a: Zamazenta|Body Press|p2a: Primeape
|-damage|p2a: Primeape|0 fnt
|faint|p2a: Primeape
|
|-heal|p1a: Zamazenta|95/100|[from] item: Leftovers
|upkeep
|
|t:|1760812970
|switch|p2a: Grimmsnarl|Grimmsnarl, M|100/100
|turn|15
|
|t:|1760812973
|move|p2a: Grimmsnarl|Reflect|p2a: Grimmsnarl
|-sidestart|p2: Kis Vegallomas|Reflect
|move|p1a: Zamazenta|Heavy Slam|p2a: Grimmsnarl
|-supereffective|p2a: Grimmsnarl
|-damage|p2a: Grimmsnarl|76/100
|
|-heal|p1a: Zamazenta|100/100|[from] item: Leftovers
|upkeep
|turn|16
|
|t:|1760812980
|-terastallize|p1a: Zamazenta|Fire
|move|p2a: Grimmsnarl|Parting Shot|p1a: Zamazenta
|-unboost|p1a: Zamazenta|atk|1
|-unboost|p1a: Zamazenta|spa|1
|
|t:|1760812984
|switch|p2a: Iron Crown|Iron Crown|100/100|[from] Parting Shot
|move|p1a: Zamazenta|Iron Defense|p1a: Zamazenta
|-boost|p1a: Zamazenta|def|2
|
|upkeep
|turn|17
|
|t:|1760812987
|move|p2a: Iron Crown|Agility|p2a: Iron Crown
|-boost|p2a: Iron Crown|spe|2
|move|p1a: Zamazenta|Roar|p2a: Iron Crown
|-end|p2a: Iron Crown|Quark Drive|[silent]
|drag|p2a: Keldeo|Keldeo-Resolute|100/100
|
|upkeep
|turn|18
|
|t:|1760812991
|move|p1a: Zamazenta|Body Press|p2a: Keldeo
|-damage|p2a: Keldeo|31/100
|move|p2a: Keldeo|Surf|p1a: Zamazenta
|-supereffective|p1a: Zamazenta
|-damage|p1a: Zamazenta|30/100
|
|-heal|p1a: Zamazenta|37/100|[from] item: Leftovers
|-heal|p2a: Keldeo|38/100|[from] item: Leftovers
|upkeep
|turn|19
|
|t:|1760812997
|-terastallize|p2a: Keldeo|Fighting
|move|p2a: Keldeo|Vacuum Wave|p1a: Zamazenta
|-damage|p1a: Zamazenta|15/100
|move|p1a: Zamazenta|Body Press|p2a: Keldeo
|-damage|p2a: Keldeo|0 fnt
|faint|p2a: Keldeo
|
|-heal|p1a: Zamazenta|21/100|[from] item: Leftovers
|upkeep
|
|t:|1760812999
|switch|p2a: Grimmsnarl|Grimmsnarl, M|76/100
|turn|20
|
|t:|1760813002
|move|p1a: Zamazenta|Body Press|p2a: Grimmsnarl
|-damage|p2a: Grimmsnarl|12/100
|move|p2a: Grimmsnarl|Foul Play|p1a: Zamazenta
|-damage|p1a: Zamazenta|15/100
|
|-heal|p1a: Zamazenta|22/100|[from] item: Leftovers
|upkeep
|turn|21
|
|t:|1760813006
|move|p2a: Grimmsnarl|Light Screen|p2a: Grimmsnarl
|-sidestart|p2: Kis Vegallomas|move: Light Screen
|move|p1a: Zamazenta|Body Press|p2a: Grimmsnarl
|-damage|p2a: Grimmsnarl|0 fnt
|faint|p2a: Grimmsnarl
|
|-heal|p1a: Zamazenta|28/100|[from] item: Leftovers
|upkeep
|
|t:|1760813007
|switch|p2a: Iron Crown|Iron Crown|100/100
|turn|22
|
|t:|1760813010
|move|p1a: Zamazenta|Body Press|p2a: Iron Crown
|-damage|p2a: Iron Crown|48/100
|move|p2a: Iron Crown|Agility|p2a: Iron Crown
|-boost|p2a: Iron Crown|spe|2
|
|-heal|p1a: Zamazenta|34/100|[from] item: Leftovers
|-sideend|p2: Kis Vegallomas|Reflect
|upkeep
|turn|23
|
|t:|1760813016
|move|p2a: Iron Crown|Stored Power|p1a: Zamazenta
|-damage|p1a: Zamazenta|7/100
|move|p1a: Zamazenta|Body Press|p2a: Iron Crown
|-damage|p2a: Iron Crown|0 fnt
|faint|p2a: Iron Crown
|-end|p2a: Iron Crown|Quark Drive|[silent]
|
|win|Lanakis The Chosen
|raw|Lanakis The Chosen's rating: 1427 &rarr; <strong>1446</strong><br />(+19 for winning)
|raw|Kis Vegallomas's rating: 1410 &rarr; <strong>1391</strong><br />(-19 for losing)
|l|☆Lanakis The Chosen
|player|p1|
|l|☆Kis Vegallomas
|player|p2|
