|j|☆switch626
|j|☆ProboZap
|t:|1760762832
|gametype|singles
|player|p1|switch626|giovanni|1276
|player|p2|ProboZap|thorton|1217
|gen|9
|tier|[Gen 9] OU
|rated|
|rule|HP Percentage Mod: HP is shown in percentages
|rule|Endless Battle Clause: Forcing endless battles is banned
|rule|Species Clause: Limit one of each Pokémon
|rule|OHKO Clause: OHKO moves are banned
|rule|Evasion Items Clause: Evasion items are banned
|rule|Evasion Moves Clause: Evasion moves are banned
|rule|Evasion Abilities Clause: Evasion abilities are banned
|rule|Sleep Moves Clause: Sleep-inducing moves are banned
|clearpoke
|poke|p1|Ceruledge, F|
|poke|p1|Clodsire, M|
|poke|p1|Garganacl, M|
|poke|p1|Iron Valiant|
|poke|p1|Ogerpon-Wellspring, F|
|poke|p1|Gliscor, M|
|poke|p2|Magnezone|
|poke|p2|Hydreigon, F|
|poke|p2|Ditto|
|poke|p2|Landorus-Therian, M|
|poke|p2|Necrozma|
|poke|p2|Emboar, M|
|teampreview
|inactive|Battle timer is ON: inactive players will automatically lose when time's up. (requested by switch626)
|
|t:|1760762848
|teamsize|p1|6
|teamsize|p2|6
|start
|switch|p1a: Do the flop|Garganacl, M, shiny|100/100
|switch|p2a: Magnezone|Magnezone|100/100
|turn|1
|
|t:|1760762859
|-terastallize|p1a: Do the flop|Fighting
|move|p2a: Magnezone|Flash Cannon|p1a: Do the flop
|-damage|p1a: Do the flop|62/100
|move|p1a: Do the flop|Iron Defense|p1a: Do the flop
|-boost|p1a: Do the flop|def|2
|
|-heal|p1a: Do the flop|68/100|[from] item: Leftovers
|upkeep
|turn|2
|
|t:|1760762865
|move|p2a: Magnezone|Volt Switch|p1a: Do the flop
|-damage|p1a: Do the flop|31/100
|
|t:|1760762867
|switch|p2a: De Blob|Ditto|100/100|[from] Volt Switch
|-transform|p2a: De Blob|p1a: Do the flop|[from] ability: Imposter
|move|p1a: Do the flop|Iron Defense|p1a: Do the flop
|-boost|p1a: Do the flop|def|2
|
|-heal|p1a: Do the flop|38/100|[from] item: Leftovers
|upkeep
|-start|p2a: De Blob|typechange|Rock|[silent]
|turn|3
|
|t:|1760762871
|move|p1a: Do the flop|Recover|p1a: Do the flop
|-heal|p1a: Do the flop|88/100
|move|p2a: De Blob|Salt Cure|p1a: Do the flop
|-resisted|p1a: Do the flop
|-damage|p1a: Do the flop|86/100
|-start|p1a: Do the flop|Salt Cure
|
|-heal|p1a: Do the flop|92/100|[from] item: Leftovers
|-damage|p1a: Do the flop|80/100|[from] Salt Cure
|upkeep
|turn|4
|
|t:|1760762883
|switch|p2a: Necrozma|Necrozma|100/100
|move|p1a: Do the flop|Body Press|p2a: Necrozma
|-resisted|p2a: Necrozma
|-damage|p2a: Necrozma|40/100
|
|-heal|p1a: Do the flop|86/100|[from] item: Leftovers
|-damage|p1a: Do the flop|74/100|[from] Salt Cure
|upkeep
|turn|5
|
|t:|1760762889
|move|p2a: Necrozma|Photon Geyser|p1a: Do the flop
|-supereffective|p1a: Do the flop
|-damage|p1a: Do the flop|0 fnt
|faint|p1a: Do the flop
|
|upkeep
|
|t:|1760762897
|switch|p1a: Igris|Iron Valiant, shiny|100/100
|-enditem|p1a: Igris|Booster Energy
|-activate|p1a: Igris|ability: Quark Drive|[fromitem]
|-start|p1a: Igris|quarkdrivespe
|turn|6
|
|t:|1760762901
|move|p1a: Igris|Spirit Break|p2a: Necrozma
|-damage|p2a: Necrozma|6/100
|-unboost|p2a: Necrozma|spa|1
|move|p2a: Necrozma|Trick Room|p2a: Necrozma
|-fieldstart|move: Trick Room|[of] p2a: Necrozma
|
|upkeep
|turn|7
|
|t:|1760762905
|-end|p1a: Igris|Quark Drive|[silent]
|switch|p1a: Plush|Clodsire, M, shiny|100/100
|move|p2a: Necrozma|Photon Geyser|p1a: Plush
|-supereffective|p1a: Plush
|-damage|p1a: Plush|50/100
|-enditem|p1a: Plush|Weakness Policy
|-boost|p1a: Plush|atk|2|[from] item: Weakness Policy
|-boost|p1a: Plush|spa|2|[from] item: Weakness Policy
|
|upkeep
|turn|8
|
|t:|1760762908
|move|p1a: Plush|Earthquake|p2a: Necrozma
|-damage|p2a: Necrozma|0 fnt
|faint|p2a: Necrozma
|
|upkeep
|
|t:|1760762912
|switch|p2a: De Blob|Ditto|100/100
|-transform|p2a: De Blob|p1a: Plush|[from] ability: Imposter
|turn|9
|
|t:|1760762925
|move|p2a: De Blob|Curse|p2a: De Blob
|-unboost|p2a: De Blob|spe|1
|-boost|p2a: De Blob|atk|1
|-boost|p2a: De Blob|def|1
|move|p1a: Plush|Earthquake|p2a: De Blob
|-supereffective|p2a: De Blob
|-damage|p2a: De Blob|10/100
|
|upkeep
|turn|10
|
|t:|1760762931
|move|p2a: De Blob|Earthquake|p1a: Plush
|-supereffective|p1a: Plush
|-crit|p1a: Plush
|-damage|p1a: Plush|0 fnt
|faint|p1a: Plush
|
|-fieldend|move: Trick Room
|upkeep
|
|t:|1760762938
|switch|p1a: Igris|Iron Valiant, shiny|100/100
|turn|11
|
|t:|1760762948
|move|p1a: Igris|Spirit Break|p2a: De Blob
|-resisted|p2a: De Blob
|-damage|p2a: De Blob|0 fnt
|-damage|p1a: Igris|84/100|[from] item: Rocky Helmet|[of] p2a: De Blob
|faint|p2a: De Blob
|
|upkeep
|
|t:|1760762955
|switch|p2a: Emboar|Emboar, M|100/100
|turn|12
|
|t:|1760762960
|move|p1a: Igris|Swords Dance|p1a: Igris
|-boost|p1a: Igris|atk|2
|move|p2a: Emboar|Flare Blitz|p1a: Igris
|-damage|p1a: Igris|0 fnt
|faint|p1a: Igris
|-end|p1a: Igris|Quark Drive|[silent]
|-damage|p2a: Emboar|82/100|[from] Recoil
|
|upkeep
|
|t:|1760762962
|switch|p1a: Cave|Ogerpon-Wellspring, F|100/100
|turn|13
|
|t:|1760762976
|move|p2a: Emboar|Sucker Punch||[still]
|-fail|p2a: Emboar
|move|p1a: Cave|Swords Dance|p1a: Cave
|-boost|p1a: Cave|atk|2
|
|upkeep
|turn|14
|
|t:|1760762982
|move|p1a: Cave|Ivy Cudgel|p2a: Emboar|[anim] Ivy Cudgel Water
|-supereffective|p2a: Emboar
|-damage|p2a: Emboar|0 fnt
|faint|p2a: Emboar
|
|upkeep
|
|t:|1760762985
|switch|p2a: Hydreigon|Hydreigon, F|100/100
|turn|15
|
|t:|1760762992
|move|p2a: Hydreigon|U-turn|p1a: Cave
|-supereffective|p1a: Cave
|-damage|p1a: Cave|63/100
|
|t:|1760762997
|switch|p2a: Landorus|Landorus-Therian, M|100/100|[from] U-turn
|-ability|p2a: Landorus|Intimidate|boost
|-unboost|p1a: Cave|atk|1
|move|p1a: Cave|Ivy Cudgel|p2a: Landorus|[anim] Ivy Cudgel Water
|-supereffective|p2a: Landorus
|-damage|p2a: Landorus|0 fnt
|faint|p2a: Landorus
|
|upkeep
|
|t:|1760762998
|switch|p2a: Hydreigon|Hydreigon, F|100/100
|turn|16
|
|t:|1760763012
|move|p2a: Hydreigon|Dark Pulse|p1a: Cave
|-damage|p1a: Cave|19/100
|move|p1a: Cave|Swords Dance|p1a: Cave
|-boost|p1a: Cave|atk|2
|
|upkeep
|turn|17
|
|t:|1760763016
|move|p2a: Hydreigon|Dark Pulse|p1a: Cave
|-damage|p1a: Cave|0 fnt
|faint|p1a: Cave
|
|upkeep
|
|t:|1760763018
|switch|p1a: Bat|Gliscor, M, shiny|100/100
|turn|18
|
|t:|1760763028
|-terastallize|p2a: Hydreigon|Steel
|move|p1a: Bat|Protect|p1a: Bat
|-singleturn|p1a: Bat|Protect
|move|p2a: Hydreigon|Dark Pulse|p1a: Bat
|-activate|p1a: Bat|move: Protect
|
|-status|p1a: Bat|tox|[from] item: Toxic Orb
|upkeep
|turn|19
|
|t:|1760763037
|switch|p2a: Magnezone|Magnezone|100/100
|move|p1a: Bat|Crabhammer|p2a: Magnezone
|-damage|p2a: Magnezone|72/100
|
|upkeep
|turn|20
|
|t:|1760763040
|move|p1a: Bat|Earthquake|p2a: Magnezone
|-supereffective|p2a: Magnezone
|-damage|p2a: Magnezone|0 fnt
|faint|p2a: Magnezone
|
|upkeep
|
|t:|1760763042
|switch|p2a: Hydreigon|Hydreigon, F, tera:Steel|100/100
|turn|21
|
|t:|1760763044
|move|p2a: Hydreigon|Dark Pulse|p1a: Bat
|-damage|p1a: Bat|41/100 tox
|move|p1a: Bat|Crabhammer|p2a: Hydreigon
|-damage|p2a: Hydreigon|63/100
|
|-heal|p1a: Bat|54/100 tox|[from] ability: Poison Heal
|upkeep
|turn|22
|
|t:|1760763047
|move|p1a: Bat|Protect|p1a: Bat
|-singleturn|p1a: Bat|Protect
|move|p2a: Hydreigon|Dark Pulse|p1a: Bat
|-activate|p1a: Bat|move: Protect
|
|-heal|p1a: Bat|66/100 tox|[from] ability: Poison Heal
|upkeep
|turn|23
|
|t:|1760763049
|move|p2a: Hydreigon|Dark Pulse|p1a: Bat
|-damage|p1a: Bat|5/100 tox
|move|p1a: Bat|Crabhammer|p2a: Hydreigon
|-damage|p2a: Hydreigon|28/100
|
|-heal|p1a: Bat|18/100 tox|[from] ability: Poison Heal
|upkeep
|turn|24
|
|t:|1760763051
|move|p1a: Bat|Protect|p1a: Bat
|-singleturn|p1a: Bat|Protect
|move|p2a: Hydreigon|Dark Pulse|p1a: Bat
|-activate|p1a: Bat|move: Protect
|
|-heal|p1a: Bat|30/100 tox|[from] ability: Poison Heal
|upkeep
|turn|25
|
|t:|1760763054
|move|p2a: Hydreigon|Dark Pulse|p1a: Bat
|-damage|p1a: Bat|0 fnt
|faint|p1a: Bat
|
|upkeep
|
|t:|1760763057
|switch|p1a: Rengoku|Ceruledge, F|100/100
|turn|26
|
|t:|1760763058
|move|p2a: Hydreigon|Dark Pulse|p1a: Rengoku
|-supereffective|p1a: Rengoku
|-damage|p1a: Rengoku|1/100
|-enditem|p1a: Rengoku|Weakness Policy
|-boost|p1a: Rengoku|atk|2|[from] item: Weakness Policy
|-boost|p1a: Rengoku|spa|2|[from] item: Weakness Policy
|move|p1a: Rengoku|Bulk Up|p1a: Rengoku
|-boost|p1a: Rengoku|atk|1
|-boost|p1a: Rengoku|def|1
|
|upkeep
|turn|27
|
|t:|1760763061
|move|p2a: Hydreigon|Dark Pulse|p1a: Rengoku
|-supereffective|p1a: Rengoku
|-damage|p1a: Rengoku|0 fnt
|faint|p1a: Rengoku
|
|win|ProboZap
|raw|switch626's rating: 1276 &rarr; <strong>1247</strong><br />(-29 for losing)
|raw|ProboZap's rating: 1217 &rarr; <strong>1246</strong><br />(+29 for winning)
|l|☆switch626
|player|p1|
|l|☆ProboZap
|player|p2|
