|j|☆simplegent
|j|☆Dem Big Bois
|t:|1760829677
|gametype|singles
|player|p1|simplegent|hiker|1349
|player|p2|Dem Big Bois|101|1321
|gen|9
|tier|[Gen 9] OU
|rated|
|rule|HP Percentage Mod: HP is shown in percentages
|rule|Endless Battle Clause: Forcing endless battles is banned
|rule|Species Clause: Limit one of each Pokémon
|rule|OHKO Clause: OHKO moves are banned
|rule|Evasion Items Clause: Evasion items are banned
|rule|Evasion Moves Clause: Evasion moves are banned
|rule|Evasion Abilities Clause: Evasion abilities are banned
|rule|Sleep Moves Clause: Sleep-inducing moves are banned
|clearpoke
|poke|p1|Garchomp, F|
|poke|p1|Corviknight, F|
|poke|p1|Clefable, F|
|poke|p1|Goodra-Hisui, F|
|poke|p1|Quaquaval, F|
|poke|p1|Rillaboom, M|
|poke|p2|Snorlax, F|
|poke|p2|Clefable, M|
|poke|p2|Porygon2|
|poke|p2|Maushold|
|poke|p2|Tauros, M|
|poke|p2|Wigglytuff, F|
|teampreview
|inactive|Battle timer is ON: inactive players will automatically lose when time's up. (requested by simplegent)
|
|t:|1760829691
|teamsize|p1|6
|teamsize|p2|6
|start
|switch|p1a: Garchomp|Garchomp, F|100/100
|switch|p2a: Tauros|Tauros, M|100/100
|turn|1
|
|t:|1760829707
|move|p2a: Tauros|Earthquake|p1a: Garchomp
|-damage|p1a: Garchomp|75/100
|move|p1a: Garchomp|Stealth Rock|p2a: Tauros
|-sidestart|p2: Dem Big Bois|move: Stealth Rock
|
|upkeep
|turn|2
|
|t:|1760829713
|move|p2a: Tauros|Earthquake|p1a: Garchomp
|-damage|p1a: Garchomp|47/100
|move|p1a: Garchomp|Spikes|p2a: Tauros
|-sidestart|p2: Dem Big Bois|Spikes
|
|upkeep
|turn|3
|
|t:|1760829717
|switch|p1a: Rillaboom|Rillaboom, M|100/100
|-fieldstart|move: Grassy Terrain|[from] ability: Grassy Surge|[of] p1a: Rillaboom
|move|p2a: Tauros|Earthquake|p1a: Rillaboom
|-resisted|p1a: Rillaboom
|-damage|p1a: Rillaboom|89/100
|
|-heal|p1a: Rillaboom|96/100|[from] Grassy Terrain
|upkeep
|turn|4
|
|t:|1760829727
|switch|p2a: Porygon2|Porygon2|100/100
|-damage|p2a: Porygon2|88/100|[from] Stealth Rock
|-damage|p2a: Porygon2|76/100|[from] Spikes
|switch|p1a: Garchomp|Garchomp, F|47/100
|
|-heal|p1a: Garchomp|53/100|[from] Grassy Terrain
|-heal|p2a: Porygon2|82/100|[from] Grassy Terrain
|upkeep
|turn|5
|
|t:|1760829747
|switch|p1a: Clefable|Clefable, F|100/100
|move|p2a: Porygon2|Ice Beam|p1a: Clefable
|-damage|p1a: Clefable|80/100
|
|-heal|p1a: Clefable|87/100|[from] Grassy Terrain
|-heal|p2a: Porygon2|88/100|[from] Grassy Terrain
|-heal|p1a: Clefable|93/100|[from] item: Leftovers
|upkeep
|turn|6
|
|t:|1760829757
|move|p1a: Clefable|Knock Off|p2a: Porygon2
|-damage|p2a: Porygon2|81/100
|-enditem|p2a: Porygon2|Eviolite|[from] move: Knock Off|[of] p1a: Clefable
|move|p2a: Porygon2|Tri Attack|p1a: Clefable
|-damage|p1a: Clefable|67/100
|
|-heal|p2a: Porygon2|87/100|[from] Grassy Terrain
|-heal|p1a: Clefable|73/100|[from] Grassy Terrain
|-heal|p1a: Clefable|79/100|[from] item: Leftovers
|upkeep
|turn|7
|
|t:|1760829768
|move|p1a: Clefable|Moonblast|p2a: Porygon2
|-crit|p2a: Porygon2
|-damage|p2a: Porygon2|39/100
|move|p2a: Porygon2|Tri Attack|p1a: Clefable
|-damage|p1a: Clefable|52/100
|
|-heal|p2a: Porygon2|45/100|[from] Grassy Terrain
|-heal|p1a: Clefable|58/100|[from] Grassy Terrain
|-heal|p1a: Clefable|64/100|[from] item: Leftovers
|-fieldend|move: Grassy Terrain
|upkeep
|turn|8
|
|t:|1760829777
|move|p2a: Porygon2|Recover|p2a: Porygon2
|-heal|p2a: Porygon2|95/100
|move|p1a: Clefable|Wish|p1a: Clefable
|
|-heal|p1a: Clefable|71/100|[from] item: Leftovers
|upkeep
|turn|9
|
|t:|1760829785
|move|p1a: Clefable|Moonblast|p2a: Porygon2
|-damage|p2a: Porygon2|65/100
|move|p2a: Porygon2|Ice Beam|p1a: Clefable
|-damage|p1a: Clefable|50/100
|
|-heal|p1a: Clefable|100/100|[from] move: Wish|[wisher] Clefable
|upkeep
|turn|10
|
|t:|1760829792
|move|p1a: Clefable|Moonblast|p2a: Porygon2
|-damage|p2a: Porygon2|36/100
|move|p2a: Porygon2|Tri Attack|p1a: Clefable
|-damage|p1a: Clefable|75/100
|
|-heal|p1a: Clefable|81/100|[from] item: Leftovers
|upkeep
|turn|11
|
|t:|1760829799
|switch|p1a: Goodra|Goodra-Hisui, F|100/100
|move|p2a: Porygon2|Recover|p2a: Porygon2
|-heal|p2a: Porygon2|86/100
|
|upkeep
|turn|12
|
|t:|1760829807
|move|p2a: Porygon2|Ice Beam|p1a: Goodra
|-damage|p1a: Goodra|91/100
|move|p1a: Goodra|Flash Cannon|p2a: Porygon2
|-damage|p2a: Porygon2|45/100
|
|upkeep
|turn|13
|
|t:|1760829815
|move|p1a: Goodra|Flash Cannon|p2a: Porygon2
|-damage|p2a: Porygon2|6/100
|move|p2a: Porygon2|Recover|p2a: Porygon2
|-heal|p2a: Porygon2|56/100
|
|upkeep
|turn|14
|
|t:|1760829826
|move|p1a: Goodra|Flash Cannon|p2a: Porygon2
|-damage|p2a: Porygon2|18/100
|move|p2a: Porygon2|Recover|p2a: Porygon2
|-heal|p2a: Porygon2|68/100
|
|upkeep
|turn|15
|
|t:|1760829832
|move|p2a: Porygon2|Recover|p2a: Porygon2
|-heal|p2a: Porygon2|100/100
|move|p1a: Goodra|Flash Cannon|p2a: Porygon2
|-damage|p2a: Porygon2|59/100
|
|upkeep
|turn|16
|
|t:|1760829840
|switch|p2a: Snorlax|Snorlax, F|100/100
|-damage|p2a: Snorlax|88/100|[from] Stealth Rock
|-damage|p2a: Snorlax|76/100|[from] Spikes
|move|p1a: Goodra|Flash Cannon|p2a: Snorlax
|-crit|p2a: Snorlax
|-damage|p2a: Snorlax|51/100
|
|-heal|p2a: Snorlax|57/100|[from] item: Leftovers
|upkeep
|turn|17
|
|t:|1760829853
|switch|p1a: Clefable|Clefable, F|81/100
|move|p2a: Snorlax|Body Slam|p1a: Clefable
|-damage|p1a: Clefable|49/100
|
|-heal|p1a: Clefable|55/100|[from] item: Leftovers
|-heal|p2a: Snorlax|63/100|[from] item: Leftovers
|upkeep
|turn|18
|
|t:|1760829860
|move|p1a: Clefable|Knock Off|p2a: Snorlax
|-crit|p2a: Snorlax
|-damage|p2a: Snorlax|43/100
|-enditem|p2a: Snorlax|Leftovers|[from] move: Knock Off|[of] p1a: Clefable
|move|p2a: Snorlax|Body Slam|p1a: Clefable
|-damage|p1a: Clefable|18/100
|
|-heal|p1a: Clefable|24/100|[from] item: Leftovers
|upkeep
|turn|19
|
|t:|1760829868
|move|p1a: Clefable|Protect|p1a: Clefable
|-singleturn|p1a: Clefable|Protect
|move|p2a: Snorlax|Body Slam|p1a: Clefable
|-activate|p1a: Clefable|move: Protect
|
|-heal|p1a: Clefable|30/100|[from] item: Leftovers
|upkeep
|turn|20
|
|t:|1760829875
|switch|p1a: Corviknight|Corviknight, F|100/100
|-ability|p1a: Corviknight|Pressure
|move|p2a: Snorlax|Body Slam|p1a: Corviknight
|-resisted|p1a: Corviknight
|-damage|p1a: Corviknight|91/100
|-damage|p2a: Snorlax|26/100|[from] item: Rocky Helmet|[of] p1a: Corviknight
|
|upkeep
|turn|21
|
|t:|1760829883
|move|p1a: Corviknight|Brave Bird|p2a: Snorlax
|-damage|p2a: Snorlax|0 fnt
|faint|p2a: Snorlax
|-damage|p1a: Corviknight|80/100|[from] Recoil
|
|upkeep
|
|t:|1760829888
|switch|p2a: Maushold|Maushold|100/100
|-damage|p2a: Maushold|88/100|[from] Stealth Rock
|-damage|p2a: Maushold|76/100|[from] Spikes
|turn|22
|
|t:|1760829897
|move|p2a: Maushold|Tidy Up|p2a: Maushold
|-sideend|p2: Dem Big Bois|Spikes
|-sideend|p2: Dem Big Bois|Stealth Rock
|-activate|p2a: Maushold|move: Tidy Up
|-boost|p2a: Maushold|atk|1
|-boost|p2a: Maushold|spe|1
|move|p1a: Corviknight|Brave Bird|p2a: Maushold
|-damage|p2a: Maushold|20/100
|-damage|p1a: Corviknight|67/100|[from] Recoil
|
|upkeep
|turn|23
|
|t:|1760829910
|-terastallize|p2a: Maushold|Normal
|move|p2a: Maushold|Population Bomb|p1a: Corviknight
|-resisted|p1a: Corviknight
|-damage|p1a: Corviknight|60/100
|-damage|p2a: Maushold|4/100|[from] item: Rocky Helmet|[of] p1a: Corviknight
|-resisted|p1a: Corviknight
|-damage|p1a: Corviknight|52/100
|-damage|p2a: Maushold|0 fnt|[from] item: Rocky Helmet|[of] p1a: Corviknight
|faint|p2a: Maushold
|-hitcount|p1a: Corviknight|2
|move|p1a: Corviknight|Roost|p1a: Corviknight
|-heal|p1a: Corviknight|100/100
|-singleturn|p1a: Corviknight|move: Roost
|
|upkeep
|
|t:|1760829928
|switch|p2a: Clefable|Clefable, M|100/100
|turn|24
|
|t:|1760829933
|move|p1a: Corviknight|Iron Head|p2a: Clefable
|-supereffective|p2a: Clefable
|-damage|p2a: Clefable|59/100
|move|p2a: Clefable|Flamethrower|p1a: Corviknight
|-supereffective|p1a: Corviknight
|-crit|p1a: Corviknight
|-damage|p1a: Corviknight|47/100
|
|-heal|p2a: Clefable|65/100|[from] item: Leftovers
|upkeep
|turn|25
|
|t:|1760829941
|switch|p1a: Goodra|Goodra-Hisui, F|91/100
|move|p2a: Clefable|Flamethrower|p1a: Goodra
|-damage|p1a: Goodra|82/100
|
|-heal|p2a: Clefable|72/100|[from] item: Leftovers
|upkeep
|turn|26
|
|t:|1760829953
|move|p1a: Goodra|Flash Cannon|p2a: Clefable
|-supereffective|p2a: Clefable
|-damage|p2a: Clefable|0 fnt
|faint|p2a: Clefable
|
|upkeep
|
|t:|1760829962
|switch|p2a: Tauros|Tauros, M|100/100
|turn|27
|
|t:|1760829970
|switch|p1a: Corviknight|Corviknight, F|47/100
|-ability|p1a: Corviknight|Pressure
|move|p2a: Tauros|Close Combat|p1a: Corviknight
|-damage|p1a: Corviknight|18/100
|-unboost|p2a: Tauros|def|1
|-unboost|p2a: Tauros|spd|1
|-damage|p2a: Tauros|84/100|[from] item: Rocky Helmet|[of] p1a: Corviknight
|
|upkeep
|turn|28
|
|t:|1760829981
|move|p2a: Tauros|Close Combat|p1a: Corviknight
|-damage|p1a: Corviknight|0 fnt
|-unboost|p2a: Tauros|def|1
|-unboost|p2a: Tauros|spd|1
|-damage|p2a: Tauros|68/100|[from] item: Rocky Helmet|[of] p1a: Corviknight
|faint|p1a: Corviknight
|
|upkeep
|
|t:|1760829988
|switch|p1a: Quaquaval|Quaquaval, F|100/100
|turn|29
|
|t:|1760829993
|switch|p2a: Wigglytuff|Wigglytuff, F|100/100
|move|p1a: Quaquaval|Aqua Step|p2a: Wigglytuff
|-damage|p2a: Wigglytuff|64/100
|-boost|p1a: Quaquaval|spe|1
|
|upkeep
|turn|30
|
|t:|1760830010
|-terastallize|p1a: Quaquaval|Water
|move|p1a: Quaquaval|Aqua Step|p2a: Wigglytuff
|-damage|p2a: Wigglytuff|14/100
|-boost|p1a: Quaquaval|spe|1
|move|p2a: Wigglytuff|Alluring Voice|p1a: Quaquaval
|-crit|p1a: Quaquaval
|-damage|p1a: Quaquaval|24/100
|-start|p1a: Quaquaval|confusion
|
|-heal|p1a: Quaquaval|30/100|[from] item: Leftovers
|upkeep
|turn|31
|
|t:|1760830021
|-activate|p1a: Quaquaval|confusion
|-damage|p1a: Quaquaval|14/100|[from] confusion
|move|p2a: Wigglytuff|Hyper Voice|p1a: Quaquaval
|-damage|p1a: Quaquaval|0 fnt
|faint|p1a: Quaquaval
|
|upkeep
|
|t:|1760830027
|switch|p1a: Rillaboom|Rillaboom, M|96/100
|-fieldstart|move: Grassy Terrain|[from] ability: Grassy Surge|[of] p1a: Rillaboom
|turn|32
|
|t:|1760830032
|move|p1a: Rillaboom|Grassy Glide|p2a: Wigglytuff
|-damage|p2a: Wigglytuff|0 fnt
|faint|p2a: Wigglytuff
|-damage|p1a: Rillaboom|86/100|[from] item: Life Orb
|
|-heal|p1a: Rillaboom|92/100|[from] Grassy Terrain
|upkeep
|
|t:|1760830039
|switch|p2a: Tauros|Tauros, M|68/100
|turn|33
|
|t:|1760830050
|switch|p1a: Garchomp|Garchomp, F|53/100
|move|p2a: Tauros|Iron Head|p1a: Garchomp
|-damage|p1a: Garchomp|23/100
|-damage|p2a: Tauros|55/100|[from] ability: Rough Skin|[of] p1a: Garchomp
|-damage|p2a: Tauros|39/100|[from] item: Rocky Helmet|[of] p1a: Garchomp
|
|-heal|p2a: Tauros|45/100|[from] Grassy Terrain
|-heal|p1a: Garchomp|29/100|[from] Grassy Terrain
|upkeep
|turn|34
|
|t:|1760830060
|move|p2a: Tauros|Iron Head|p1a: Garchomp
|-damage|p1a: Garchomp|0 fnt
|-damage|p2a: Tauros|32/100|[from] ability: Rough Skin|[of] p1a: Garchomp
|-damage|p2a: Tauros|16/100|[from] item: Rocky Helmet|[of] p1a: Garchomp
|faint|p1a: Garchomp
|
|-heal|p2a: Tauros|22/100|[from] Grassy Terrain
|upkeep
|
|t:|1760830068
|switch|p1a: Rillaboom|Rillaboom, M|92/100
|turn|35
|
|t:|1760830072
|move|p1a: Rillaboom|Grassy Glide|p2a: Tauros
|-damage|p2a: Tauros|0 fnt
|faint|p2a: Tauros
|-damage|p1a: Rillaboom|82/100|[from] item: Life Orb
|
|-heal|p1a: Rillaboom|88/100|[from] Grassy Terrain
|upkeep
|
|t:|1760830078
|switch|p2a: Porygon2|Porygon2|59/100
|turn|36
|
|t:|1760830083
|move|p1a: Rillaboom|Wood Hammer|p2a: Porygon2
|-damage|p2a: Porygon2|0 fnt
|faint|p2a: Porygon2
|-damage|p1a: Rillaboom|67/100|[from] Recoil
|-damage|p1a: Rillaboom|57/100|[from] item: Life Orb
|
|win|simplegent
|raw|simplegent's rating: 1349 &rarr; <strong>1367</strong><br />(+18 for winning)
|raw|Dem Big Bois's rating: 1321 &rarr; <strong>1303</strong><br />(-18 for losing)
|c|☆Dem Big Bois|gg
|c|☆simplegent|gg
|l|☆Dem Big Bois
|player|p2|
|l|☆simplegent
|player|p1|
