|j|☆sancorv1
|j|☆Fiexthur0314
|t:|1760845405
|gametype|singles
|player|p1|sancorv1|pokemonranger-gen4|1481
|player|p2|Fiexthur0314|101|1378
|gen|9
|tier|[Gen 9] OU
|rated|
|rule|HP Percentage Mod: HP is shown in percentages
|rule|Endless Battle Clause: Forcing endless battles is banned
|rule|Species Clause: Limit one of each Pokémon
|rule|OHKO Clause: OHKO moves are banned
|rule|Evasion Items Clause: Evasion items are banned
|rule|Evasion Moves Clause: Evasion moves are banned
|rule|Evasion Abilities Clause: Evasion abilities are banned
|rule|Sleep Moves Clause: Sleep-inducing moves are banned
|clearpoke
|poke|p1|Zamazenta-*|
|poke|p1|Ogerpon-Wellspring, F|
|poke|p1|Slowking-Galar, M|
|poke|p1|Great Tusk|
|poke|p1|Kingambit, M|
|poke|p1|Zapdos|
|poke|p2|Pelipper, M|
|poke|p2|Barraskewda, F|
|poke|p2|Toxicroak, F|
|poke|p2|Iron Treads|
|poke|p2|Thundurus-Therian, M|
|poke|p2|Clefable, F|
|teampreview
|inactive|Battle timer is ON: inactive players will automatically lose when time's up. (requested by Fiexthur0314)
|
|t:|1760845425
|teamsize|p1|6
|teamsize|p2|6
|start
|switch|p1a: Zapdos|Zapdos|100/100
|switch|p2a: Pelipper|Pelipper, M|100/100
|-weather|RainDance|[from] ability: Drizzle|[of] p2a: Pelipper
|turn|1
|
|t:|1760845433
|switch|p2a: Thundurus|Thundurus-Therian, M|100/100
|move|p1a: Zapdos|Hurricane|p2a: Thundurus
|-resisted|p2a: Thundurus
|-damage|p2a: Thundurus|69/100
|
|-weather|RainDance|[upkeep]
|upkeep
|turn|2
|
|t:|1760845443
|switch|p1a: Slowking|Slowking-Galar, M|100/100
|move|p2a: Thundurus|Weather Ball|p1a: Slowking
|-damage|p1a: Slowking|58/100
|
|-weather|RainDance|[upkeep]
|upkeep
|turn|3
|
|t:|1760845450
|move|p2a: Thundurus|Weather Ball|p1a: Slowking
|-damage|p1a: Slowking|18/100
|move|p1a: Slowking|Ice Beam|p2a: Thundurus
|-supereffective|p2a: Thundurus
|-damage|p2a: Thundurus|0 fnt
|faint|p2a: Thundurus
|
|-weather|RainDance|[upkeep]
|upkeep
|
|t:|1760845475
|switch|p2a: Clefable|Clefable, F|100/100
|turn|4
|j| Jinghan Yu
|l| Jinghan Yu
|
|t:|1760845485
|switch|p1a: Kingambit|Kingambit, M|100/100
|move|p2a: Clefable|Shadow Ball|p1a: Kingambit
|-resisted|p1a: Kingambit
|-damage|p1a: Kingambit|92/100
|
|-weather|RainDance|[upkeep]
|-heal|p1a: Kingambit|98/100|[from] item: Leftovers
|upkeep
|turn|5
|
|t:|1760845501
|switch|p2a: Toxicroak|Toxicroak, F|100/100
|move|p1a: Kingambit|Swords Dance|p1a: Kingambit
|-boost|p1a: Kingambit|atk|2
|
|-weather|RainDance|[upkeep]
|-heal|p1a: Kingambit|100/100|[from] item: Leftovers
|upkeep
|turn|6
|
|t:|1760845508
|-end|p1a: Kingambit|fallenundefined|[silent]
|switch|p1a: Zapdos|Zapdos|100/100
|move|p2a: Toxicroak|Protect||[still]
|-fail|p2a: Toxicroak
|
|-weather|RainDance|[upkeep]
|upkeep
|turn|7
|
|t:|1760845513
|switch|p2a: Clefable|Clefable, F|100/100
|move|p1a: Zapdos|Hurricane|p2a: Clefable
|-damage|p2a: Clefable|68/100
|-start|p2a: Clefable|confusion
|
|-weather|RainDance|[upkeep]
|-heal|p2a: Clefable|74/100|[from] item: Leftovers
|upkeep
|turn|8
|
|t:|1760845523
|move|p1a: Zapdos|Volt Switch|p2a: Clefable
|-damage|p2a: Clefable|53/100
|
|t:|1760845526
|switch|p1a: Kingambit|Kingambit, M|100/100|[from] Volt Switch
|-activate|p2a: Clefable|confusion
|move|p2a: Clefable|Thunder|p1a: Kingambit
|-damage|p1a: Kingambit|76/100
|
|-weather|none
|-heal|p2a: Clefable|59/100|[from] item: Leftovers
|-heal|p1a: Kingambit|82/100|[from] item: Leftovers
|upkeep
|turn|9
|
|t:|1760845536
|switch|p2a: Toxicroak|Toxicroak, F|100/100
|move|p1a: Kingambit|Swords Dance|p1a: Kingambit
|-boost|p1a: Kingambit|atk|2
|
|-heal|p1a: Kingambit|88/100|[from] item: Leftovers
|upkeep
|turn|10
|
|t:|1760845541
|-end|p1a: Kingambit|fallenundefined|[silent]
|switch|p1a: Zapdos|Zapdos|100/100
|move|p2a: Toxicroak|Toxic|p1a: Zapdos
|-status|p1a: Zapdos|tox
|
|-damage|p1a: Zapdos|94/100 tox|[from] psn
|upkeep
|turn|11
|
|t:|1760845548
|move|p2a: Toxicroak|Protect|p2a: Toxicroak
|-singleturn|p2a: Toxicroak|Protect
|move|p1a: Zapdos|Hurricane|p2a: Toxicroak
|-activate|p2a: Toxicroak|move: Protect
|
|-damage|p1a: Zapdos|82/100 tox|[from] psn
|upkeep
|turn|12
|
|t:|1760845559
|switch|p1a: Slowking|Slowking-Galar, M|51/100
|switch|p2a: Iron Treads|Iron Treads|100/100
|
|upkeep
|turn|13
|
|t:|1760845569
|switch|p1a: Great Tusk|Great Tusk, shiny|100/100
|move|p2a: Iron Treads|Earthquake|p1a: Great Tusk
|-damage|p1a: Great Tusk|73/100
|
|upkeep
|turn|14
|
|t:|1760845574
|-end|p2a: Iron Treads|Quark Drive|[silent]
|switch|p2a: Pelipper|Pelipper, M|100/100
|-weather|RainDance|[from] ability: Drizzle|[of] p2a: Pelipper
|move|p1a: Great Tusk|Stealth Rock|p2a: Pelipper
|-sidestart|p2: Fiexthur0314|move: Stealth Rock
|
|-weather|RainDance|[upkeep]
|upkeep
|turn|15
|
|t:|1760845580
|-end|p1a: Great Tusk|Protosynthesis|[silent]
|switch|p1a: Zapdos|Zapdos|82/100 tox
|move|p2a: Pelipper|U-turn|p1a: Zapdos
|-resisted|p1a: Zapdos
|-damage|p1a: Zapdos|79/100 tox
|-status|p2a: Pelipper|par|[from] ability: Static|[of] p1a: Zapdos
|
|t:|1760845589
|switch|p2a: Iron Treads|Iron Treads|100/100|[from] U-turn
|-damage|p2a: Iron Treads|97/100|[from] Stealth Rock
|
|-weather|RainDance|[upkeep]
|-heal|p2a: Iron Treads|100/100|[from] item: Leftovers
|-damage|p1a: Zapdos|73/100 tox|[from] psn
|upkeep
|turn|16
|
|t:|1760845593
|move|p2a: Iron Treads|Stealth Rock|p1a: Zapdos
|-sidestart|p1: sancorv1|move: Stealth Rock
|move|p1a: Zapdos|Hurricane|p2a: Iron Treads
|-resisted|p2a: Iron Treads
|-damage|p2a: Iron Treads|74/100
|
|-weather|RainDance|[upkeep]
|-heal|p2a: Iron Treads|81/100|[from] item: Leftovers
|-damage|p1a: Zapdos|61/100 tox|[from] psn
|upkeep
|turn|17
|
|t:|1760845600
|switch|p1a: Great Tusk|Great Tusk, shiny|73/100
|move|p2a: Iron Treads|Rapid Spin|p1a: Great Tusk
|-damage|p1a: Great Tusk|63/100
|-boost|p2a: Iron Treads|spe|1
|-sideend|p2: Fiexthur0314|Stealth Rock|[from] move: Rapid Spin|[of] p2a: Iron Treads
|
|-weather|RainDance|[upkeep]
|-heal|p2a: Iron Treads|87/100|[from] item: Leftovers
|upkeep
|turn|18
|
|t:|1760845609
|-end|p2a: Iron Treads|Quark Drive|[silent]
|switch|p2a: Pelipper|Pelipper, M|100/100 par
|move|p1a: Great Tusk|Rapid Spin|p2a: Pelipper
|-damage|p2a: Pelipper|82/100 par
|-boost|p1a: Great Tusk|spe|1
|-sideend|p1: sancorv1|Stealth Rock|[from] move: Rapid Spin|[of] p1a: Great Tusk
|
|-weather|RainDance|[upkeep]
|upkeep
|turn|19
|
|t:|1760845620
|-end|p1a: Great Tusk|Protosynthesis|[silent]
|switch|p1a: Zapdos|Zapdos|61/100 tox
|move|p2a: Pelipper|U-turn|p1a: Zapdos
|-resisted|p1a: Zapdos
|-damage|p1a: Zapdos|58/100 tox
|
|t:|1760845636
|switch|p2a: Iron Treads|Iron Treads|87/100|[from] U-turn
|
|-weather|RainDance|[upkeep]
|-heal|p2a: Iron Treads|93/100|[from] item: Leftovers
|-damage|p1a: Zapdos|52/100 tox|[from] psn
|upkeep
|turn|20
|
|t:|1760845640
|move|p2a: Iron Treads|Stealth Rock|p1a: Zapdos
|-sidestart|p1: sancorv1|move: Stealth Rock
|move|p1a: Zapdos|Roost|p1a: Zapdos
|-heal|p1a: Zapdos|100/100 tox
|-singleturn|p1a: Zapdos|move: Roost
|
|-weather|RainDance|[upkeep]
|-heal|p2a: Iron Treads|99/100|[from] item: Leftovers
|-damage|p1a: Zapdos|88/100 tox|[from] psn
|upkeep
|turn|21
|
|t:|1760845652
|switch|p1a: Ogerpon|Ogerpon-Wellspring, F|100/100
|-damage|p1a: Ogerpon|88/100|[from] Stealth Rock
|move|p2a: Iron Treads|Ice Spinner|p1a: Ogerpon
|-damage|p1a: Ogerpon|60/100
|
|-weather|none
|-heal|p2a: Iron Treads|100/100|[from] item: Leftovers
|upkeep
|turn|22
|
|t:|1760845659
|-end|p2a: Iron Treads|Quark Drive|[silent]
|switch|p2a: Toxicroak|Toxicroak, F|100/100
|move|p1a: Ogerpon|Ivy Cudgel|p2a: Toxicroak|[anim] Ivy Cudgel Water
|-immune|p2a: Toxicroak|[from] ability: Dry Skin
|
|upkeep
|turn|23
|
|t:|1760845667
|move|p1a: Ogerpon|U-turn|p2a: Toxicroak
|-resisted|p2a: Toxicroak
|-damage|p2a: Toxicroak|94/100
|-damage|p1a: Ogerpon|44/100|[from] item: Rocky Helmet|[of] p2a: Toxicroak
|
|t:|1760845670
|switch|p1a: Zapdos|Zapdos|88/100 tox|[from] U-turn
|move|p2a: Toxicroak|Knock Off|p1a: Zapdos
|-damage|p1a: Zapdos|70/100 tox
|-enditem|p1a: Zapdos|Heavy-Duty Boots|[from] move: Knock Off|[of] p2a: Toxicroak
|
|-damage|p1a: Zapdos|64/100 tox|[from] psn
|upkeep
|turn|24
|
|t:|1760845680
|move|p2a: Toxicroak|Protect|p2a: Toxicroak
|-singleturn|p2a: Toxicroak|Protect
|move|p1a: Zapdos|Hurricane|p2a: Toxicroak
|-activate|p2a: Toxicroak|move: Protect
|
|-damage|p1a: Zapdos|52/100 tox|[from] psn
|upkeep
|turn|25
|
|t:|1760845688
|switch|p2a: Iron Treads|Iron Treads|100/100
|move|p1a: Zapdos|Roost|p1a: Zapdos
|-heal|p1a: Zapdos|100/100 tox
|-singleturn|p1a: Zapdos|move: Roost
|
|-damage|p1a: Zapdos|82/100 tox|[from] psn
|upkeep
|turn|26
|
|t:|1760845692
|move|p2a: Iron Treads|Ice Spinner|p1a: Zapdos
|-supereffective|p1a: Zapdos
|-damage|p1a: Zapdos|53/100 tox
|move|p1a: Zapdos|Hurricane|p2a: Iron Treads
|-resisted|p2a: Iron Treads
|-damage|p2a: Iron Treads|74/100
|-start|p2a: Iron Treads|confusion
|
|-heal|p2a: Iron Treads|80/100|[from] item: Leftovers
|-damage|p1a: Zapdos|29/100 tox|[from] psn
|upkeep
|turn|27
|
|t:|1760845704
|switch|p1a: Great Tusk|Great Tusk, shiny|63/100
|-activate|p2a: Iron Treads|confusion
|move|p2a: Iron Treads|Earthquake|p1a: Great Tusk
|-damage|p1a: Great Tusk|37/100
|
|-heal|p2a: Iron Treads|87/100|[from] item: Leftovers
|upkeep
|turn|28
|
|t:|1760845714
|-activate|p2a: Iron Treads|confusion
|move|p2a: Iron Treads|Rapid Spin|p1a: Great Tusk
|-damage|p1a: Great Tusk|27/100
|-boost|p2a: Iron Treads|spe|1
|move|p1a: Great Tusk|Rapid Spin|p2a: Iron Treads
|-resisted|p2a: Iron Treads
|-crit|p2a: Iron Treads
|-damage|p2a: Iron Treads|77/100
|-boost|p1a: Great Tusk|spe|1
|-sideend|p1: sancorv1|Stealth Rock|[from] move: Rapid Spin|[of] p1a: Great Tusk
|
|-heal|p2a: Iron Treads|83/100|[from] item: Leftovers
|upkeep
|turn|29
|
|t:|1760845720
|-activate|p2a: Iron Treads|confusion
|move|p2a: Iron Treads|Earthquake|p1a: Great Tusk
|-damage|p1a: Great Tusk|0 fnt
|faint|p1a: Great Tusk
|-end|p1a: Great Tusk|Protosynthesis|[silent]
|
|-heal|p2a: Iron Treads|90/100|[from] item: Leftovers
|upkeep
|
|t:|1760845738
|switch|p1a: Zamazenta|Zamazenta|100/100
|-ability|p1a: Zamazenta|Dauntless Shield|boost
|-boost|p1a: Zamazenta|def|1
|turn|30
|
|t:|1760845749
|-end|p2a: Iron Treads|Quark Drive|[silent]
|switch|p2a: Clefable|Clefable, F|59/100
|move|p1a: Zamazenta|Close Combat|p2a: Clefable
|-resisted|p2a: Clefable
|-damage|p2a: Clefable|24/100
|-unboost|p1a: Zamazenta|def|1
|-unboost|p1a: Zamazenta|spd|1
|
|-heal|p2a: Clefable|30/100|[from] item: Leftovers
|upkeep
|turn|31
|
|t:|1760845756
|switch|p1a: Kingambit|Kingambit, M|88/100
|-activate|p1a: Kingambit|ability: Supreme Overlord
|-start|p1a: Kingambit|fallen1|[silent]
|move|p2a: Clefable|Draining Kiss|p1a: Kingambit
|-damage|p1a: Kingambit|72/100
|-heal|p2a: Clefable|42/100|[from] drain|[of] p1a: Kingambit
|
|-heal|p2a: Clefable|48/100|[from] item: Leftovers
|-heal|p1a: Kingambit|79/100|[from] item: Leftovers
|upkeep
|turn|32
|
|t:|1760845762
|switch|p2a: Toxicroak|Toxicroak, F|94/100
|move|p1a: Kingambit|Swords Dance|p1a: Kingambit
|-boost|p1a: Kingambit|atk|2
|
|-heal|p1a: Kingambit|85/100|[from] item: Leftovers
|upkeep
|turn|33
|
|t:|1760845768
|-end|p1a: Kingambit|fallen1|[silent]
|switch|p1a: Zapdos|Zapdos|29/100 tox
|move|p2a: Toxicroak|Drain Punch|p1a: Zapdos
|-resisted|p1a: Zapdos
|-damage|p1a: Zapdos|20/100 tox
|-heal|p2a: Toxicroak|99/100|[from] drain|[of] p1a: Zapdos
|-status|p2a: Toxicroak|par|[from] ability: Static|[of] p1a: Zapdos
|
|-damage|p1a: Zapdos|14/100 tox|[from] psn
|upkeep
|turn|34
|
|t:|1760845774
|switch|p2a: Iron Treads|Iron Treads|90/100
|move|p1a: Zapdos|Roost|p1a: Zapdos
|-heal|p1a: Zapdos|64/100 tox
|-singleturn|p1a: Zapdos|move: Roost
|
|-heal|p2a: Iron Treads|96/100|[from] item: Leftovers
|-damage|p1a: Zapdos|52/100 tox|[from] psn
|upkeep
|turn|35
|
|t:|1760845787
|switch|p1a: Ogerpon|Ogerpon-Wellspring, F|44/100
|move|p2a: Iron Treads|Stealth Rock|p1a: Ogerpon
|-sidestart|p1: sancorv1|move: Stealth Rock
|
|-heal|p2a: Iron Treads|100/100|[from] item: Leftovers
|upkeep
|turn|36
|
|t:|1760845793
|-end|p2a: Iron Treads|Quark Drive|[silent]
|switch|p2a: Toxicroak|Toxicroak, F|99/100 par
|move|p1a: Ogerpon|Power Whip|p2a: Toxicroak
|-resisted|p2a: Toxicroak
|-damage|p2a: Toxicroak|70/100 par
|-damage|p1a: Ogerpon|27/100|[from] item: Rocky Helmet|[of] p2a: Toxicroak
|
|upkeep
|turn|37
|
|t:|1760845809
|switch|p2a: Pelipper|Pelipper, M|82/100 par
|-weather|RainDance|[from] ability: Drizzle|[of] p2a: Pelipper
|move|p1a: Ogerpon|Knock Off|p2a: Pelipper
|-damage|p2a: Pelipper|38/100 par
|-enditem|p2a: Pelipper|Damp Rock|[from] move: Knock Off|[of] p1a: Ogerpon
|
|-weather|RainDance|[upkeep]
|upkeep
|turn|38
|
|t:|1760845820
|switch|p2a: Toxicroak|Toxicroak, F|70/100 par
|move|p1a: Ogerpon|Power Whip|p2a: Toxicroak
|-resisted|p2a: Toxicroak
|-damage|p2a: Toxicroak|41/100 par
|-damage|p1a: Ogerpon|10/100|[from] item: Rocky Helmet|[of] p2a: Toxicroak
|
|-weather|RainDance|[upkeep]
|-heal|p2a: Toxicroak|53/100 par|[from] ability: Dry Skin
|upkeep
|turn|39
|
|t:|1760845830
|move|p1a: Ogerpon|Knock Off|p2a: Toxicroak
|-resisted|p2a: Toxicroak
|-damage|p2a: Toxicroak|36/100 par
|-damage|p1a: Ogerpon|0 fnt|[from] item: Rocky Helmet|[of] p2a: Toxicroak
|faint|p1a: Ogerpon
|cant|p2a: Toxicroak|par
|
|-weather|RainDance|[upkeep]
|-heal|p2a: Toxicroak|48/100 par|[from] ability: Dry Skin
|upkeep
|
|t:|1760845849
|switch|p1a: Zapdos|Zapdos|52/100 tox
|-damage|p1a: Zapdos|27/100 tox|[from] Stealth Rock
|turn|40
|
|t:|1760845856
|switch|p2a: Iron Treads|Iron Treads|100/100
|move|p1a: Zapdos|Hurricane|p2a: Iron Treads
|-resisted|p2a: Iron Treads
|-damage|p2a: Iron Treads|74/100
|-start|p2a: Iron Treads|confusion
|
|-weather|RainDance|[upkeep]
|-heal|p2a: Iron Treads|80/100|[from] item: Leftovers
|-damage|p1a: Zapdos|21/100 tox|[from] psn
|upkeep
|turn|41
|
|t:|1760845864
|-activate|p2a: Iron Treads|confusion
|-damage|p2a: Iron Treads|72/100|[from] confusion
|move|p1a: Zapdos|Roost|p1a: Zapdos
|-heal|p1a: Zapdos|71/100 tox
|-singleturn|p1a: Zapdos|move: Roost
|
|-weather|RainDance|[upkeep]
|-heal|p2a: Iron Treads|78/100|[from] item: Leftovers
|-damage|p1a: Zapdos|59/100 tox|[from] psn
|upkeep
|turn|42
|
|t:|1760845877
|-activate|p2a: Iron Treads|confusion
|-damage|p2a: Iron Treads|70/100|[from] confusion
|move|p1a: Zapdos|Hurricane|p2a: Iron Treads
|-resisted|p2a: Iron Treads
|-damage|p2a: Iron Treads|44/100
|
|-weather|RainDance|[upkeep]
|-heal|p2a: Iron Treads|50/100|[from] item: Leftovers
|-damage|p1a: Zapdos|41/100 tox|[from] psn
|upkeep
|turn|43
|
|t:|1760845886
|-end|p2a: Iron Treads|confusion
|move|p2a: Iron Treads|Ice Spinner|p1a: Zapdos
|-supereffective|p1a: Zapdos
|-damage|p1a: Zapdos|9/100 tox
|move|p1a: Zapdos|Hurricane|p2a: Iron Treads
|-resisted|p2a: Iron Treads
|-damage|p2a: Iron Treads|22/100
|-start|p2a: Iron Treads|confusion
|
|-weather|RainDance|[upkeep]
|-heal|p2a: Iron Treads|28/100|[from] item: Leftovers
|-damage|p1a: Zapdos|0 fnt|[from] psn
|faint|p1a: Zapdos
|upkeep
|
|t:|1760845895
|switch|p1a: Zamazenta|Zamazenta|100/100
|-damage|p1a: Zamazenta|94/100|[from] Stealth Rock
|turn|44
|
|t:|1760845905
|-end|p2a: Iron Treads|Quark Drive|[silent]
|switch|p2a: Clefable|Clefable, F|48/100
|move|p1a: Zamazenta|Close Combat|p2a: Clefable
|-resisted|p2a: Clefable
|-damage|p2a: Clefable|16/100
|-unboost|p1a: Zamazenta|def|1
|-unboost|p1a: Zamazenta|spd|1
|
|-weather|none
|-heal|p2a: Clefable|22/100|[from] item: Leftovers
|upkeep
|turn|45
|
|t:|1760845913
|move|p1a: Zamazenta|Stone Edge|p2a: Clefable|[miss]
|-miss|p1a: Zamazenta|p2a: Clefable
|move|p2a: Clefable|Draining Kiss|p1a: Zamazenta
|-supereffective|p1a: Zamazenta
|-crit|p1a: Zamazenta
|-damage|p1a: Zamazenta|27/100
|-heal|p2a: Clefable|64/100|[from] drain|[of] p1a: Zamazenta
|
|-heal|p2a: Clefable|70/100|[from] item: Leftovers
|upkeep
|turn|46
|
|t:|1760845921
|switch|p1a: Slowking|Slowking-Galar, M|84/100
|-damage|p1a: Slowking|72/100|[from] Stealth Rock
|move|p2a: Clefable|Draining Kiss|p1a: Slowking
|-resisted|p1a: Slowking
|-damage|p1a: Slowking|68/100
|-heal|p2a: Clefable|73/100|[from] drain|[of] p1a: Slowking
|
|-heal|p2a: Clefable|79/100|[from] item: Leftovers
|upkeep
|turn|47
|
|t:|1760845927
|move|p2a: Clefable|Calm Mind|p2a: Clefable
|-boost|p2a: Clefable|spa|1
|-boost|p2a: Clefable|spd|1
|move|p1a: Slowking|Sludge Bomb|p2a: Clefable
|-supereffective|p2a: Clefable
|-damage|p2a: Clefable|41/100
|-status|p2a: Clefable|psn
|
|-heal|p2a: Clefable|47/100 psn|[from] item: Leftovers
|upkeep
|turn|48
|
|t:|1760845937
|move|p2a: Clefable|Calm Mind|p2a: Clefable
|-boost|p2a: Clefable|spa|1
|-boost|p2a: Clefable|spd|1
|move|p1a: Slowking|Sludge Bomb|p2a: Clefable
|-supereffective|p2a: Clefable
|-damage|p2a: Clefable|18/100 psn
|
|-heal|p2a: Clefable|24/100 psn|[from] item: Leftovers
|upkeep
|turn|49
|
|t:|1760845944
|move|p2a: Clefable|Shadow Ball|p1a: Slowking
|-supereffective|p1a: Slowking
|-damage|p1a: Slowking|31/100
|move|p1a: Slowking|Psyshock|p2a: Clefable
|-damage|p2a: Clefable|0 fnt
|faint|p2a: Clefable
|
|upkeep
|
|t:|1760845949
|switch|p2a: Iron Treads|Iron Treads|28/100
|turn|50
|
|t:|1760845952
|switch|p1a: Zamazenta|Zamazenta|27/100
|-damage|p1a: Zamazenta|21/100|[from] Stealth Rock
|move|p2a: Iron Treads|Earthquake|p1a: Zamazenta
|-damage|p1a: Zamazenta|0 fnt
|faint|p1a: Zamazenta
|
|-heal|p2a: Iron Treads|34/100|[from] item: Leftovers
|upkeep
|
|t:|1760845959
|switch|p1a: Kingambit|Kingambit, M|85/100
|-damage|p1a: Kingambit|79/100|[from] Stealth Rock
|-activate|p1a: Kingambit|ability: Supreme Overlord
|-start|p1a: Kingambit|fallen4|[silent]
|turn|51
|
|t:|1760845962
|move|p1a: Kingambit|Sucker Punch|p2a: Iron Treads
|-crit|p2a: Iron Treads
|-damage|p2a: Iron Treads|0 fnt
|faint|p2a: Iron Treads
|-end|p2a: Iron Treads|Quark Drive|[silent]
|
|-heal|p1a: Kingambit|85/100|[from] item: Leftovers
|upkeep
|
|t:|1760845965
|switch|p2a: Pelipper|Pelipper, M|38/100 par
|-weather|RainDance|[from] ability: Drizzle|[of] p2a: Pelipper
|turn|52
|
|t:|1760845971
|move|p1a: Kingambit|Swords Dance|p1a: Kingambit
|-boost|p1a: Kingambit|atk|2
|move|p2a: Pelipper|U-turn|p1a: Kingambit
|-damage|p1a: Kingambit|78/100
|
|t:|1760845976
|switch|p2a: Toxicroak|Toxicroak, F|48/100 par|[from] U-turn
|
|-weather|RainDance|[upkeep]
|-heal|p2a: Toxicroak|60/100 par|[from] ability: Dry Skin
|-heal|p1a: Kingambit|84/100|[from] item: Leftovers
|upkeep
|turn|53
|
|t:|1760845993
|-terastallize|p1a: Kingambit|Ghost
|move|p1a: Kingambit|Kowtow Cleave|p2a: Toxicroak
|-resisted|p2a: Toxicroak
|-damage|p2a: Toxicroak|0 fnt
|-damage|p1a: Kingambit|68/100|[from] item: Rocky Helmet|[of] p2a: Toxicroak
|faint|p2a: Toxicroak
|
|-weather|RainDance|[upkeep]
|-heal|p1a: Kingambit|74/100|[from] item: Leftovers
|upkeep
|
|t:|1760845998
|switch|p2a: Barraskewda|Barraskewda, F|100/100
|turn|54
|
|t:|1760846001
|-terastallize|p2a: Barraskewda|Water
|move|p2a: Barraskewda|Aqua Jet|p1a: Kingambit
|-damage|p1a: Kingambit|27/100
|move|p1a: Kingambit|Sucker Punch||[still]
|-fail|p1a: Kingambit
|
|-weather|RainDance|[upkeep]
|-heal|p1a: Kingambit|33/100|[from] item: Leftovers
|upkeep
|turn|55
|
|t:|1760846008
|move|p2a: Barraskewda|Aqua Jet|p1a: Kingambit
|-damage|p1a: Kingambit|0 fnt
|faint|p1a: Kingambit
|-end|p1a: Kingambit|fallen4|[silent]
|
|-weather|RainDance|[upkeep]
|upkeep
|
|t:|1760846009
|switch|p1a: Slowking|Slowking-Galar, M|64/100
|-damage|p1a: Slowking|52/100|[from] Stealth Rock
|turn|56
|c|☆sancorv1|gg
|
|t:|1760846013
|move|p2a: Barraskewda|Aqua Jet|p1a: Slowking
|-damage|p1a: Slowking|0 fnt
|faint|p1a: Slowking
|
|win|Fiexthur0314
|raw|sancorv1's rating: 1481 &rarr; <strong>1455</strong><br />(-26 for losing)
|raw|Fiexthur0314's rating: 1378 &rarr; <strong>1404</strong><br />(+26 for winning)
