|j|☆wj1111
|j|☆espermadomal
|t:|1760762041
|gametype|singles
|player|p1|wj1111|2|1068
|player|p2|espermadomal|schoolkid-gen4|1087
|gen|9
|tier|[Gen 9] OU
|rated|
|rule|HP Percentage Mod: HP is shown in percentages
|rule|Endless Battle Clause: Forcing endless battles is banned
|rule|Species Clause: Limit one of each Pokémon
|rule|OHKO Clause: OHKO moves are banned
|rule|Evasion Items Clause: Evasion items are banned
|rule|Evasion Moves Clause: Evasion moves are banned
|rule|Evasion Abilities Clause: Evasion abilities are banned
|rule|Sleep Moves Clause: Sleep-inducing moves are banned
|clearpoke
|poke|p1|Krookodile, F|
|poke|p1|Decidueye, M|
|poke|p1|Noivern, M|
|poke|p1|Pikachu, F|
|poke|p1|Goodra, M|
|poke|p1|Gengar, F|
|poke|p2|Ditto|
|poke|p2|Deoxys-Speed|
|poke|p2|Ceruledge, M|
|poke|p2|Zapdos|
|poke|p2|Meowscarada, M|
|poke|p2|Primarina, F|
|teampreview
|inactive|Battle timer is ON: inactive players will automatically lose when time's up. (requested by espermadomal)
|
|t:|1760762048
|teamsize|p1|6
|teamsize|p2|6
|start
|switch|p1a: Pikachu|Pikachu, F, shiny|100/100
|switch|p2a: Ditto|Ditto|100/100
|-transform|p2a: Ditto|p1a: Pikachu|[from] ability: Imposter
|turn|1
|
|t:|1760762065
|move|p1a: Pikachu|Trailblaze|p2a: Ditto
|-damage|p2a: Ditto|51/100
|-boost|p1a: Pikachu|spe|1
|move|p2a: Ditto|Iron Tail|p1a: Pikachu
|-resisted|p1a: Pikachu
|-damage|p1a: Pikachu|70/100
|
|-heal|p2a: Ditto|57/100|[from] item: Leftovers
|upkeep
|turn|2
|
|t:|1760762077
|move|p1a: Pikachu|Volt Tackle|p2a: Ditto
|-ability|p2a: Ditto|Lightning Rod|boost
|-boost|p2a: Ditto|spa|1
|move|p2a: Ditto|Trailblaze|p1a: Pikachu
|-damage|p1a: Pikachu|37/100
|-boost|p2a: Ditto|spe|1
|
|-heal|p2a: Ditto|63/100|[from] item: Leftovers
|upkeep
|turn|3
|
|t:|1760762093
|move|p1a: Pikachu|Trailblaze|p2a: Ditto
|-damage|p2a: Ditto|13/100
|-boost|p1a: Pikachu|spe|1
|move|p2a: Ditto|Trailblaze|p1a: Pikachu
|-damage|p1a: Pikachu|3/100
|-boost|p2a: Ditto|spe|1
|
|-heal|p2a: Ditto|19/100|[from] item: Leftovers
|upkeep
|turn|4
|
|t:|1760762111
|move|p2a: Ditto|Quick Attack|p1a: Pikachu
|-damage|p1a: Pikachu|0 fnt
|faint|p1a: Pikachu
|
|-heal|p2a: Ditto|25/100|[from] item: Leftovers
|upkeep
|
|t:|1760762125
|switch|p1a: Goodra|Goodra, M, shiny|100/100
|turn|5
|
|t:|1760762131
|move|p2a: Ditto|Volt Tackle|p1a: Goodra
|-resisted|p1a: Goodra
|-damage|p1a: Goodra|75/100
|-damage|p2a: Ditto|14/100|[from] Recoil
|move|p1a: Goodra|Dragon Claw|p2a: Ditto
|-damage|p2a: Ditto|0 fnt
|faint|p2a: Ditto
|
|upkeep
|
|t:|1760762143
|switch|p2a: Meowscarada|Meowscarada, M, shiny|100/100
|turn|6
|
|t:|1760762153
|move|p2a: Meowscarada|Triple Axel|p1a: Goodra
|-supereffective|p1a: Goodra
|-damage|p1a: Goodra|60/100
|-supereffective|p1a: Goodra
|-damage|p1a: Goodra|29/100
|-supereffective|p1a: Goodra
|-damage|p1a: Goodra|0 fnt
|faint|p1a: Goodra
|-hitcount|p1: Goodra|3
|
|upkeep
|
|t:|1760762170
|switch|p1a: Noivern|Noivern, M|100/100
|-item|p2a: Meowscarada|Chople Berry|[from] ability: Frisk|[of] p1a: Noivern
|turn|7
|
|t:|1760762179
|-terastallize|p1a: Noivern|Fairy
|move|p1a: Noivern|Tailwind|p1a: Noivern
|-sidestart|p1: wj1111|move: Tailwind
|move|p2a: Meowscarada|Triple Axel|p1a: Noivern
|-damage|p1a: Noivern|92/100
|-damage|p1a: Noivern|77/100
|-damage|p1a: Noivern|53/100
|-hitcount|p1a: Noivern|3
|-enditem|p1a: Noivern|Red Card|[of] p2a: Meowscarada
|drag|p2a: Zapdos|Zapdos, shiny|100/100
|-ability|p2a: Zapdos|Pressure
|
|upkeep
|turn|8
|
|t:|1760762196
|move|p1a: Noivern|Boomburst|p2a: Zapdos
|-damage|p2a: Zapdos|59/100
|move|p2a: Zapdos|Brave Bird|p1a: Noivern
|-damage|p1a: Noivern|0 fnt
|faint|p1a: Noivern
|-damage|p2a: Zapdos|43/100|[from] Recoil
|
|-heal|p2a: Zapdos|50/100|[from] item: Leftovers
|upkeep
|
|t:|1760762210
|switch|p1a: Decidueye|Decidueye, M, shiny|100/100
|turn|9
|
|t:|1760762215
|move|p1a: Decidueye|Brave Bird|p2a: Zapdos
|-resisted|p2a: Zapdos
|-damage|p2a: Zapdos|28/100
|-damage|p1a: Decidueye|92/100|[from] Recoil
|move|p2a: Zapdos|Heat Wave|p1a: Decidueye
|-supereffective|p1a: Decidueye
|-damage|p1a: Decidueye|18/100
|
|-heal|p2a: Zapdos|34/100|[from] item: Leftovers
|upkeep
|turn|10
|
|t:|1760762227
|move|p1a: Decidueye|Spirit Shackle|p2a: Zapdos
|-damage|p2a: Zapdos|0 fnt
|faint|p2a: Zapdos
|
|-sideend|p1: wj1111|move: Tailwind
|upkeep
|
|t:|1760762234
|switch|p2a: Meowscarada|Meowscarada, M, shiny|100/100
|turn|11
|l|☆wj1111
|inactive|wj1111 disconnected and has a minute to reconnect!
|player|p1|
|inactive|wj1111 has 30 seconds to reconnect!
|inactive|wj1111 has 20 seconds to reconnect!
|inactive|wj1111 has 15 seconds to reconnect!
|inactive|wj1111 has 10 seconds to reconnect!
|inactive|wj1111 has 5 seconds to reconnect!
|-message|wj1111 lost due to inactivity.
|
|win|espermadomal
|raw|wj1111's rating: 1068 &rarr; <strong>1049</strong><br />(-19 for losing)
|raw|espermadomal's rating: 1087 &rarr; <strong>1112</strong><br />(+25 for winning)
