|j|☆kaiisavage
|j|☆TheBirdManStan
|t:|1760808389
|gametype|singles
|player|p1|kaiisavage|artist-gen4|1084
|player|p2|TheBirdManStan|cilan|1074
|gen|9
|tier|[Gen 9] OU
|rated|
|rule|HP Percentage Mod: HP is shown in percentages
|rule|Endless Battle Clause: Forcing endless battles is banned
|rule|Species Clause: Limit one of each Pokémon
|rule|OHKO Clause: OHKO moves are banned
|rule|Evasion Items Clause: Evasion items are banned
|rule|Evasion Moves Clause: Evasion moves are banned
|rule|Evasion Abilities Clause: Evasion abilities are banned
|rule|Sleep Moves Clause: Sleep-inducing moves are banned
|clearpoke
|poke|p1|Toxicroak, F|
|poke|p1|Jolteon, M|
|poke|p1|Keldeo|
|poke|p1|Houndoom, M|
|poke|p1|Araquanid, F|
|poke|p1|Oricorio-Sensu, M|
|poke|p2|Ditto|
|poke|p2|Slither Wing|
|poke|p2|Torkoal, F|
|poke|p2|Ninetales, M|
|poke|p2|Typhlosion, M|
|poke|p2|Talonflame, M|
|teampreview
|inactive|Battle timer is ON: inactive players will automatically lose when time's up. (requested by TheBirdManStan)
|inactive|kaiisavage also wants the timer to be on.
|
|t:|1760808412
|teamsize|p1|6
|teamsize|p2|6
|start
|switch|p1a: Keldeo|Keldeo|100/100
|switch|p2a: Ditto|Ditto, shiny|100/100
|-transform|p2a: Ditto|p1a: Keldeo|[from] ability: Imposter
|turn|1
|
|t:|1760808431
|move|p1a: Keldeo|Icy Wind|p2a: Ditto
|-resisted|p2a: Ditto
|-damage|p2a: Ditto|89/100
|-unboost|p2a: Ditto|spe|1
|move|p2a: Ditto|Focus Blast|p1a: Keldeo|[miss]
|-miss|p2a: Ditto|p1a: Keldeo
|
|upkeep
|turn|2
|
|t:|1760808449
|switch|p1a: Oricorio|Oricorio-Sensu, M|100/100
|switch|p2a: Typhlosion|Typhlosion, M|100/100
|
|upkeep
|turn|3
|
|t:|1760808464
|switch|p1a: Houndoom|Houndoom, M|100/100
|move|p2a: Typhlosion|Eruption|p1a: Houndoom
|-start|p1a: Houndoom|ability: Flash Fire
|
|upkeep
|turn|4
|
|t:|1760808475
|move|p2a: Typhlosion|Scorching Sands|p1a: Houndoom
|-supereffective|p1a: Houndoom
|-damage|p1a: Houndoom|25/100
|-damage|p2a: Typhlosion|91/100|[from] item: Life Orb
|move|p1a: Houndoom|Dark Pulse|p2a: Typhlosion
|-damage|p2a: Typhlosion|28/100
|-damage|p1a: Houndoom|15/100|[from] item: Life Orb
|
|upkeep
|turn|5
|
|t:|1760808489
|-end|p1a: Houndoom|ability: Flash Fire|[silent]
|switch|p1a: Jolteon|Jolteon, M|100/100
|-item|p1a: Jolteon|Air Balloon
|move|p2a: Typhlosion|Shadow Ball|p1a: Jolteon
|-damage|p1a: Jolteon|59/100
|-enditem|p1a: Jolteon|Air Balloon
|-damage|p2a: Typhlosion|19/100|[from] item: Life Orb
|
|upkeep
|turn|6
|
|t:|1760808500
|move|p1a: Jolteon|Volt Switch|p2a: Typhlosion
|-damage|p2a: Typhlosion|0 fnt
|faint|p2a: Typhlosion
|
|t:|1760808509
|switch|p1a: Keldeo|Keldeo|100/100|[from] Volt Switch
|
|upkeep
|
|t:|1760808520
|switch|p2a: Torkoal|Torkoal, F|100/100
|-weather|SunnyDay|[from] ability: Drought|[of] p2a: Torkoal
|turn|7
|
|t:|1760808528
|move|p1a: Keldeo|Surf|p2a: Torkoal
|-supereffective|p2a: Torkoal
|-damage|p2a: Torkoal|40/100
|move|p2a: Torkoal|Overheat|p1a: Keldeo
|-resisted|p1a: Keldeo
|-damage|p1a: Keldeo|49/100
|-unboost|p2a: Torkoal|spa|2
|-enditem|p2a: Torkoal|Eject Pack
|
|t:|1760808543
|switch|p2a: Slither Wing|Slither Wing, shiny|100/100
|-activate|p2a: Slither Wing|ability: Protosynthesis
|-start|p2a: Slither Wing|protosynthesisatk
|
|-weather|SunnyDay|[upkeep]
|upkeep
|turn|8
|
|t:|1760808562
|switch|p1a: Araquanid|Araquanid, F|100/100
|move|p2a: Slither Wing|Close Combat|p1a: Araquanid
|-resisted|p1a: Araquanid
|-damage|p1a: Araquanid|28/100
|-unboost|p2a: Slither Wing|def|1
|-unboost|p2a: Slither Wing|spd|1
|
|-weather|SunnyDay|[upkeep]
|-heal|p1a: Araquanid|34/100|[from] item: Leftovers
|upkeep
|turn|9
|
|t:|1760808575
|move|p2a: Slither Wing|Close Combat|p1a: Araquanid
|-resisted|p1a: Araquanid
|-damage|p1a: Araquanid|0 fnt
|-unboost|p2a: Slither Wing|def|1
|-unboost|p2a: Slither Wing|spd|1
|faint|p1a: Araquanid
|
|-weather|SunnyDay|[upkeep]
|upkeep
|
|t:|1760808590
|switch|p1a: Oricorio|Oricorio-Sensu, M|100/100
|turn|10
|
|t:|1760808600
|-end|p2a: Slither Wing|Protosynthesis|[silent]
|switch|p2a: Torkoal|Torkoal, F|40/100
|move|p1a: Oricorio|Quiver Dance|p1a: Oricorio
|-boost|p1a: Oricorio|spa|1
|-boost|p1a: Oricorio|spd|1
|-boost|p1a: Oricorio|spe|1
|
|-weather|SunnyDay|[upkeep]
|upkeep
|turn|11
|
|t:|1760808616
|switch|p1a: Houndoom|Houndoom, M|15/100
|move|p2a: Torkoal|Flamethrower|p1a: Houndoom
|-start|p1a: Houndoom|ability: Flash Fire
|
|-weather|none
|upkeep
|turn|12
|
|t:|1760808631
|move|p1a: Houndoom|Sludge Bomb|p2a: Torkoal
|-crit|p2a: Torkoal
|-damage|p2a: Torkoal|0 fnt
|faint|p2a: Torkoal
|-damage|p1a: Houndoom|5/100|[from] item: Life Orb
|
|upkeep
|
|t:|1760808642
|switch|p2a: Ninetales|Ninetales, M|100/100
|-weather|SunnyDay|[from] ability: Drought|[of] p2a: Ninetales
|turn|13
|
|t:|1760808648
|move|p2a: Ninetales|Nasty Plot|p2a: Ninetales
|-boost|p2a: Ninetales|spa|2
|move|p1a: Houndoom|Destiny Bond|p1a: Houndoom
|-singlemove|p1a: Houndoom|Destiny Bond
|
|-weather|SunnyDay|[upkeep]
|upkeep
|turn|14
|
|t:|1760808658
|move|p2a: Ninetales|Nasty Plot|p2a: Ninetales
|-boost|p2a: Ninetales|spa|2
|move|p1a: Houndoom|Sludge Bomb|p2a: Ninetales
|-damage|p2a: Ninetales|56/100
|-damage|p1a: Houndoom|0 fnt|[from] item: Life Orb
|faint|p1a: Houndoom
|
|-weather|SunnyDay|[upkeep]
|upkeep
|
|t:|1760808668
|switch|p1a: Keldeo|Keldeo|49/100
|turn|15
|
|t:|1760808675
|move|p1a: Keldeo|Surf|p2a: Ninetales
|-supereffective|p2a: Ninetales
|-damage|p2a: Ninetales|5/100
|move|p2a: Ninetales|Dark Pulse|p1a: Keldeo
|-resisted|p1a: Keldeo
|-damage|p1a: Keldeo|14/100
|-ability|p1a: Keldeo|Justified|boost
|-boost|p1a: Keldeo|atk|1
|
|-weather|SunnyDay|[upkeep]
|upkeep
|turn|16
|
|t:|1760808685
|move|p1a: Keldeo|Surf|p2a: Ninetales
|-supereffective|p2a: Ninetales
|-damage|p2a: Ninetales|0 fnt
|faint|p2a: Ninetales
|
|-weather|SunnyDay|[upkeep]
|upkeep
|c|☆TheBirdManStan|i expected to die there, so clicked the wrong move. rip bozo
|
|t:|1760808701
|switch|p2a: Ditto|Ditto, shiny|89/100
|-transform|p2a: Ditto|p1a: Keldeo|[from] ability: Imposter
|turn|17
|
|t:|1760808715
|move|p2a: Ditto|Surf|p1a: Keldeo
|-resisted|p1a: Keldeo
|-crit|p1a: Keldeo
|-damage|p1a: Keldeo|0 fnt
|faint|p1a: Keldeo
|
|-weather|SunnyDay|[upkeep]
|upkeep
|
|t:|1760808736
|switch|p1a: Jolteon|Jolteon, M|59/100
|turn|18
|
|t:|1760808742
|switch|p2a: Slither Wing|Slither Wing, shiny|100/100
|-activate|p2a: Slither Wing|ability: Protosynthesis
|-start|p2a: Slither Wing|protosynthesisatk
|move|p1a: Jolteon|Volt Switch|p2a: Slither Wing
|-damage|p2a: Slither Wing|65/100
|
|t:|1760808750
|switch|p1a: Toxicroak|Toxicroak, F|100/100|[from] Volt Switch
|
|-weather|SunnyDay|[upkeep]
|-damage|p1a: Toxicroak|88/100|[from] ability: Dry Skin|[of] p1a: Toxicroak
|upkeep
|turn|19
|
|t:|1760808760
|switch|p1a: Oricorio|Oricorio-Sensu, M|100/100
|move|p2a: Slither Wing|Earthquake|p1a: Oricorio
|-immune|p1a: Oricorio
|
|-weather|SunnyDay|[upkeep]
|upkeep
|turn|20
|
|t:|1760808770
|-end|p2a: Slither Wing|Protosynthesis|[silent]
|switch|p2a: Talonflame|Talonflame, M|100/100
|move|p1a: Oricorio|Hurricane|p2a: Talonflame|[miss]
|-miss|p1a: Oricorio|p2a: Talonflame
|
|-weather|none
|upkeep
|turn|21
|
|t:|1760808781
|move|p2a: Talonflame|Flare Blitz|p1a: Oricorio
|-damage|p1a: Oricorio|26/100
|-damage|p2a: Talonflame|77/100|[from] Recoil
|move|p1a: Oricorio|Quiver Dance|p1a: Oricorio
|-boost|p1a: Oricorio|spa|1
|-boost|p1a: Oricorio|spd|1
|-boost|p1a: Oricorio|spe|1
|
|upkeep
|turn|22
|
|t:|1760808790
|move|p1a: Oricorio|Revelation Dance|p2a: Talonflame
|-damage|p2a: Talonflame|0 fnt
|faint|p2a: Talonflame
|
|upkeep
|
|t:|1760808793
|switch|p2a: Ditto|Ditto, shiny|89/100
|-transform|p2a: Ditto|p1a: Oricorio|[from] ability: Imposter
|turn|23
|
|t:|1760808803
|move|p2a: Ditto|Revelation Dance|p1a: Oricorio
|-supereffective|p1a: Oricorio
|-damage|p1a: Oricorio|0 fnt
|faint|p1a: Oricorio
|
|upkeep
|
|t:|1760808809
|switch|p1a: Toxicroak|Toxicroak, F|88/100
|turn|24
|
|t:|1760808816
|-terastallize|p1a: Toxicroak|Dark
|move|p2a: Ditto|Revelation Dance|p1a: Toxicroak
|-resisted|p1a: Toxicroak
|-damage|p1a: Toxicroak|38/100
|move|p1a: Toxicroak|Knock Off|p2a: Ditto
|-supereffective|p2a: Ditto
|-damage|p2a: Ditto|0 fnt
|-enditem|p2a: Ditto|Choice Scarf|[from] move: Knock Off|[of] p1a: Toxicroak
|faint|p2a: Ditto
|
|upkeep
|
|t:|1760808821
|switch|p2a: Slither Wing|Slither Wing, shiny|65/100
|turn|25
|
|t:|1760808830
|move|p1a: Toxicroak|Earthquake|p2a: Slither Wing
|-resisted|p2a: Slither Wing
|-damage|p2a: Slither Wing|44/100
|move|p2a: Slither Wing|Lunge|p1a: Toxicroak
|-supereffective|p1a: Toxicroak
|-damage|p1a: Toxicroak|0 fnt
|faint|p1a: Toxicroak
|
|upkeep
|
|t:|1760808838
|switch|p1a: Jolteon|Jolteon, M|59/100
|turn|26
|
|t:|1760808842
|move|p1a: Jolteon|Alluring Voice|p2a: Slither Wing
|-supereffective|p2a: Slither Wing
|-damage|p2a: Slither Wing|0 fnt
|faint|p2a: Slither Wing
|-end|p2a: Slither Wing|Protosynthesis|[silent]
|
|win|kaiisavage
|raw|kaiisavage's rating: 1084 &rarr; <strong>1111</strong><br />(+27 for winning)
|raw|TheBirdManStan's rating: 1074 &rarr; <strong>1054</strong><br />(-20 for losing)
|c|☆TheBirdManStan|seeing as this team is designed to play without terra, you using it makes me happy
|l|☆TheBirdManStan
|player|p2|
|c|☆kaiisavage|Gg
|l|☆kaiisavage
|player|p1|
