|j|☆Gen1onlyedgy
|j|☆SSSSSheng
|t:|1760848222
|gametype|singles
|player|p1|Gen1onlyedgy|lucas|1486
|player|p2|SSSSSheng|102|1500
|gen|9
|tier|[Gen 9] OU
|rated|
|rule|HP Percentage Mod: HP is shown in percentages
|rule|Endless Battle Clause: Forcing endless battles is banned
|rule|Species Clause: Limit one of each Pokémon
|rule|OHKO Clause: OHKO moves are banned
|rule|Evasion Items Clause: Evasion items are banned
|rule|Evasion Moves Clause: Evasion moves are banned
|rule|Evasion Abilities Clause: Evasion abilities are banned
|rule|Sleep Moves Clause: Sleep-inducing moves are banned
|clearpoke
|poke|p1|Primarina, M|
|poke|p1|Dondozo, F|
|poke|p1|Scizor, M|
|poke|p1|Araquanid, M|
|poke|p1|Kyurem|
|poke|p1|Meowscarada, M|
|poke|p2|Torkoal, F|
|poke|p2|Charizard, F|
|poke|p2|Hatterene, F|
|poke|p2|Great Tusk|
|poke|p2|Walking Wake|
|poke|p2|Torterra, M|
|teampreview
|
|t:|1760848227
|teamsize|p1|6
|teamsize|p2|6
|start
|switch|p1a: Araquanid|Araquanid, M|100/100
|switch|p2a: Torkoal|Torkoal, F|100/100
|-weather|SunnyDay|[from] ability: Drought|[of] p2a: Torkoal
|turn|1
|inactive|Battle timer is ON: inactive players will automatically lose when time's up. (requested by Gen1onlyedgy)
|
|t:|1760848231
|move|p1a: Araquanid|Liquidation|p2a: Torkoal
|-supereffective|p2a: Torkoal
|-damage|p2a: Torkoal|50/100
|move|p2a: Torkoal|Stealth Rock|p1a: Araquanid
|-sidestart|p1: Gen1onlyedgy|move: Stealth Rock
|
|-weather|SunnyDay|[upkeep]
|upkeep
|turn|2
|
|t:|1760848234
|switch|p2a: Hatterene|Hatterene, F|100/100
|move|p1a: Araquanid|Liquidation|p2a: Hatterene
|-damage|p2a: Hatterene|54/100
|-enditem|p2a: Hatterene|Eject Button
|
|t:|1760848238
|switch|p2a: Torterra|Torterra, M|100/100
|
|-weather|SunnyDay|[upkeep]
|upkeep
|turn|3
|
|t:|1760848239
|move|p2a: Torterra|Shell Smash|p2a: Torterra
|-unboost|p2a: Torterra|def|1
|-unboost|p2a: Torterra|spd|1
|-boost|p2a: Torterra|atk|2
|-boost|p2a: Torterra|spa|2
|-boost|p2a: Torterra|spe|2
|move|p1a: Araquanid|Liquidation|p2a: Torterra
|-damage|p2a: Torterra|29/100
|
|-weather|SunnyDay|[upkeep]
|upkeep
|turn|4
|
|t:|1760848244
|switch|p1a: Scizor|Scizor, M|100/100
|-damage|p1a: Scizor|88/100|[from] Stealth Rock
|move|p2a: Torterra|Rock Blast|p1a: Scizor
|-damage|p1a: Scizor|71/100
|-damage|p1a: Scizor|52/100
|-damage|p1a: Scizor|34/100
|-damage|p1a: Scizor|17/100
|-hitcount|p1a: Scizor|4
|
|-weather|SunnyDay|[upkeep]
|upkeep
|turn|5
|
|t:|1760848249
|move|p1a: Scizor|Bullet Punch|p2a: Torterra
|-damage|p2a: Torterra|0 fnt
|faint|p2a: Torterra
|
|-weather|SunnyDay|[upkeep]
|upkeep
|
|t:|1760848251
|switch|p2a: Charizard|Charizard, F|100/100
|turn|6
|
|t:|1760848253
|move|p1a: Scizor|Bullet Punch|p2a: Charizard
|-resisted|p2a: Charizard
|-damage|p2a: Charizard|64/100
|move|p2a: Charizard|Weather Ball|p1a: Scizor
|-supereffective|p1a: Scizor
|-damage|p1a: Scizor|0 fnt
|faint|p1a: Scizor
|
|-weather|SunnyDay|[upkeep]
|-damage|p2a: Charizard|51/100|[from] ability: Solar Power|[of] p2a: Charizard
|upkeep
|
|t:|1760848258
|switch|p1a: Araquanid|Araquanid, M|100/100
|-damage|p1a: Araquanid|76/100|[from] Stealth Rock
|turn|7
|
|t:|1760848263
|move|p2a: Charizard|Weather Ball|p1a: Araquanid
|-damage|p1a: Araquanid|19/100
|move|p1a: Araquanid|Liquidation|p2a: Charizard
|-supereffective|p2a: Charizard
|-damage|p2a: Charizard|0 fnt
|faint|p2a: Charizard
|
|-weather|SunnyDay|[upkeep]
|upkeep
|
|t:|1760848269
|switch|p2a: Great Tusk|Great Tusk|100/100
|-activate|p2a: Great Tusk|ability: Protosynthesis
|-start|p2a: Great Tusk|protosynthesisatk
|turn|8
|
|t:|1760848271
|move|p2a: Great Tusk|Rapid Spin|p1a: Araquanid
|-damage|p1a: Araquanid|0 fnt
|-boost|p2a: Great Tusk|spe|1
|faint|p1a: Araquanid
|
|-weather|none
|-end|p2a: Great Tusk|Protosynthesis
|upkeep
|-enditem|p2a: Great Tusk|Booster Energy
|-activate|p2a: Great Tusk|ability: Protosynthesis|[fromitem]
|-start|p2a: Great Tusk|protosynthesisspe
|
|t:|1760848277
|switch|p1a: Meowscarada|Meowscarada, M|100/100
|-damage|p1a: Meowscarada|88/100|[from] Stealth Rock
|turn|9
|
|t:|1760848280
|move|p2a: Great Tusk|Ice Spinner|p1a: Meowscarada
|-supereffective|p1a: Meowscarada
|-damage|p1a: Meowscarada|0 fnt
|faint|p1a: Meowscarada
|
|upkeep
|
|t:|1760848286
|switch|p1a: Dondozo|Dondozo, F|100/100
|-damage|p1a: Dondozo|88/100|[from] Stealth Rock
|turn|10
|
|t:|1760848289
|-end|p2a: Great Tusk|Protosynthesis|[silent]
|switch|p2a: Torkoal|Torkoal, F|50/100
|-weather|SunnyDay|[from] ability: Drought|[of] p2a: Torkoal
|move|p1a: Dondozo|Curse|p1a: Dondozo
|-unboost|p1a: Dondozo|spe|1
|-boost|p1a: Dondozo|atk|1
|-boost|p1a: Dondozo|def|1
|
|-weather|SunnyDay|[upkeep]
|-heal|p1a: Dondozo|94/100|[from] item: Leftovers
|upkeep
|turn|11
|
|t:|1760848291
|move|p2a: Torkoal|Clear Smog|p1a: Dondozo
|-damage|p1a: Dondozo|88/100
|-clearboost|p1a: Dondozo
|move|p1a: Dondozo|Liquidation|p2a: Torkoal
|-supereffective|p2a: Torkoal
|-damage|p2a: Torkoal|32/100
|
|-weather|SunnyDay|[upkeep]
|-heal|p1a: Dondozo|94/100|[from] item: Leftovers
|upkeep
|turn|12
|
|t:|1760848294
|switch|p2a: Walking Wake|Walking Wake|100/100
|-activate|p2a: Walking Wake|ability: Protosynthesis
|-start|p2a: Walking Wake|protosynthesisspe
|move|p1a: Dondozo|Curse|p1a: Dondozo
|-unboost|p1a: Dondozo|spe|1
|-boost|p1a: Dondozo|atk|1
|-boost|p1a: Dondozo|def|1
|
|-weather|SunnyDay|[upkeep]
|-heal|p1a: Dondozo|99/100|[from] item: Leftovers
|upkeep
|turn|13
|
|t:|1760848303
|-terastallize|p2a: Walking Wake|Water
|move|p2a: Walking Wake|Hydro Steam|p1a: Dondozo
|-resisted|p1a: Dondozo
|-damage|p1a: Dondozo|65/100
|move|p1a: Dondozo|Liquidation|p2a: Walking Wake
|-resisted|p2a: Walking Wake
|-damage|p2a: Walking Wake|89/100
|
|-weather|SunnyDay|[upkeep]
|-heal|p1a: Dondozo|71/100|[from] item: Leftovers
|upkeep
|turn|14
|
|t:|1760848309
|move|p2a: Walking Wake|Hydro Steam|p1a: Dondozo
|-resisted|p1a: Dondozo
|-damage|p1a: Dondozo|32/100
|move|p1a: Dondozo|Rest|p1a: Dondozo
|-status|p1a: Dondozo|slp|[from] move: Rest
|-heal|p1a: Dondozo|100/100 slp|[silent]
|
|-weather|SunnyDay|[upkeep]
|upkeep
|turn|15
|
|t:|1760848312
|move|p2a: Walking Wake|Hydro Steam|p1a: Dondozo
|-resisted|p1a: Dondozo
|-damage|p1a: Dondozo|64/100 slp
|cant|p1a: Dondozo|slp
|move|p1a: Dondozo|Sleep Talk|p1a: Dondozo
|move|p1a: Dondozo|Curse|p1a: Dondozo|[from] move: Sleep Talk
|-unboost|p1a: Dondozo|spe|1
|-boost|p1a: Dondozo|atk|1
|-boost|p1a: Dondozo|def|1
|
|-weather|SunnyDay|[upkeep]
|-heal|p1a: Dondozo|70/100 slp|[from] item: Leftovers
|upkeep
|turn|16
|
|t:|1760848315
|move|p2a: Walking Wake|Hydro Steam|p1a: Dondozo
|-resisted|p1a: Dondozo
|-damage|p1a: Dondozo|28/100 slp
|cant|p1a: Dondozo|slp
|move|p1a: Dondozo|Sleep Talk|p1a: Dondozo
|move|p1a: Dondozo|Rest||[from] move: Sleep Talk|[still]
|-fail|p1a: Dondozo
|
|-weather|SunnyDay|[upkeep]
|-heal|p1a: Dondozo|34/100 slp|[from] item: Leftovers
|upkeep
|turn|17
|
|t:|1760848318
|move|p2a: Walking Wake|Hydro Steam|p1a: Dondozo
|-resisted|p1a: Dondozo
|-damage|p1a: Dondozo|0 fnt
|faint|p1a: Dondozo
|
|-weather|none
|-end|p2a: Walking Wake|Protosynthesis
|upkeep
|
|t:|1760848319
|switch|p1a: Primarina|Primarina, M|100/100
|-damage|p1a: Primarina|88/100|[from] Stealth Rock
|turn|18
|
|t:|1760848322
|-end|p2a: Walking Wake|Protosynthesis|[silent]
|switch|p2a: Torkoal|Torkoal, F|32/100
|-weather|SunnyDay|[from] ability: Drought|[of] p2a: Torkoal
|move|p1a: Primarina|Surf|p2a: Torkoal
|-supereffective|p2a: Torkoal
|-damage|p2a: Torkoal|0 fnt
|faint|p2a: Torkoal
|
|-weather|SunnyDay|[upkeep]
|upkeep
|
|t:|1760848324
|switch|p2a: Hatterene|Hatterene, F|54/100
|turn|19
|
|t:|1760848326
|move|p1a: Primarina|Surf|p2a: Hatterene
|-damage|p2a: Hatterene|29/100
|move|p2a: Hatterene|Nuzzle|p1a: Primarina
|-supereffective|p1a: Primarina
|-damage|p1a: Primarina|78/100
|-status|p1a: Primarina|par
|
|-weather|SunnyDay|[upkeep]
|upkeep
|turn|20
|
|t:|1760848334
|move|p1a: Primarina|Psychic Noise|p2a: Hatterene
|-damage|p2a: Hatterene|8/100
|-start|p2a: Hatterene|move: Heal Block
|cant|p2a: Hatterene|move: Heal Block|Healing Wish
|
|-weather|SunnyDay|[upkeep]
|upkeep
|turn|21
|
|t:|1760848338
|cant|p1a: Primarina|par
|move|p2a: Hatterene|Psychic Noise|p1a: Primarina
|-damage|p1a: Primarina|56/100 par
|-start|p1a: Primarina|move: Heal Block
|
|-weather|SunnyDay|[upkeep]
|-end|p2a: Hatterene|move: Heal Block
|upkeep
|turn|22
|
|t:|1760848340
|move|p1a: Primarina|Psychic Noise|p2a: Hatterene
|-damage|p2a: Hatterene|0 fnt
|faint|p2a: Hatterene
|
|-weather|SunnyDay|[upkeep]
|-end|p1a: Primarina|move: Heal Block
|upkeep
|
|t:|1760848344
|switch|p2a: Walking Wake|Walking Wake, tera:Water|89/100
|-activate|p2a: Walking Wake|ability: Protosynthesis
|-start|p2a: Walking Wake|protosynthesisspe
|turn|23
|
|t:|1760848346
|move|p2a: Walking Wake|Hydro Steam|p1a: Primarina
|-resisted|p1a: Primarina
|-damage|p1a: Primarina|23/100 par
|cant|p1a: Primarina|par
|
|-weather|SunnyDay|[upkeep]
|upkeep
|turn|24
|
|t:|1760848350
|move|p2a: Walking Wake|Hydro Steam|p1a: Primarina
|-resisted|p1a: Primarina
|-damage|p1a: Primarina|0 fnt
|faint|p1a: Primarina
|
|-weather|SunnyDay|[upkeep]
|upkeep
|
|t:|1760848353
|switch|p1a: Kyurem|Kyurem|100/100
|-damage|p1a: Kyurem|76/100|[from] Stealth Rock
|-ability|p1a: Kyurem|Pressure
|turn|25
|
|t:|1760848358
|-end|p2a: Walking Wake|Protosynthesis|[silent]
|switch|p2a: Great Tusk|Great Tusk|100/100
|-activate|p2a: Great Tusk|ability: Protosynthesis
|-start|p2a: Great Tusk|protosynthesisatk
|move|p1a: Kyurem|Freeze-Dry|p2a: Great Tusk
|-supereffective|p2a: Great Tusk
|-damage|p2a: Great Tusk|0 fnt
|faint|p2a: Great Tusk
|-end|p2a: Great Tusk|Protosynthesis|[silent]
|
|-weather|none
|upkeep
|
|t:|1760848360
|switch|p2a: Walking Wake|Walking Wake, tera:Water|89/100
|turn|26
|
|t:|1760848362
|-terastallize|p1a: Kyurem|Ice
|move|p1a: Kyurem|Freeze-Dry|p2a: Walking Wake
|-supereffective|p2a: Walking Wake
|-damage|p2a: Walking Wake|0 fnt
|faint|p2a: Walking Wake
|-end|p2a: Walking Wake|Protosynthesis|[silent]
|
|win|Gen1onlyedgy
|raw|Gen1onlyedgy's rating: 1486 &rarr; <strong>1507</strong><br />(+21 for winning)
|raw|SSSSSheng's rating: 1500 &rarr; <strong>1479</strong><br />(-21 for losing)
|l|☆SSSSSheng
|player|p2|
