|j|☆levi6969
|j|☆monkeling
|t:|1760847687
|gametype|singles
|player|p1|levi6969|2|1473
|player|p2|monkeling|ash|1493
|gen|9
|tier|[Gen 9] OU
|rated|
|rule|HP Percentage Mod: HP is shown in percentages
|rule|Endless Battle Clause: Forcing endless battles is banned
|rule|Species Clause: Limit one of each Pokémon
|rule|OHKO Clause: OHKO moves are banned
|rule|Evasion Items Clause: Evasion items are banned
|rule|Evasion Moves Clause: Evasion moves are banned
|rule|Evasion Abilities Clause: Evasion abilities are banned
|rule|Sleep Moves Clause: Sleep-inducing moves are banned
|clearpoke
|poke|p1|Mabosstiff, M|
|poke|p1|Cryogonal|
|poke|p1|Dragonite, F|
|poke|p1|Gholdengo|
|poke|p1|Ting-Lu|
|poke|p1|Dondozo, M|
|poke|p2|Ting-Lu|
|poke|p2|Dondozo, M|
|poke|p2|Corviknight, F|
|poke|p2|Great Tusk|
|poke|p2|Dragonite, M|
|poke|p2|Slowking-Galar, M|
|teampreview
|inactive|Battle timer is ON: inactive players will automatically lose when time's up. (requested by levi6969)
|
|t:|1760847720
|teamsize|p1|6
|teamsize|p2|6
|start
|switch|p1a: Ting-Lu|Ting-Lu|100/100
|switch|p2a: Great Tusk|Great Tusk|100/100
|-ability|p1a: Ting-Lu|Vessel of Ruin
|turn|1
|
|t:|1760847727
|switch|p1a: Dondozo|Dondozo, M|100/100
|move|p2a: Great Tusk|Body Press|p1a: Dondozo
|-damage|p1a: Dondozo|81/100
|-damage|p2a: Great Tusk|84/100|[from] item: Rocky Helmet|[of] p1a: Dondozo
|
|upkeep
|turn|2
|
|t:|1760847739
|move|p2a: Great Tusk|Stealth Rock|p1a: Dondozo
|-sidestart|p1: levi6969|move: Stealth Rock
|move|p1a: Dondozo|Curse|p1a: Dondozo
|-unboost|p1a: Dondozo|spe|1
|-boost|p1a: Dondozo|atk|1
|-boost|p1a: Dondozo|def|1
|
|upkeep
|turn|3
|
|t:|1760847761
|-end|p2a: Great Tusk|Protosynthesis|[silent]
|switch|p2a: Slowking|Slowking-Galar, M|100/100
|switch|p1a: Ting-Lu|Ting-Lu|100/100
|-damage|p1a: Ting-Lu|94/100|[from] Stealth Rock
|-ability|p1a: Ting-Lu|Vessel of Ruin
|
|-heal|p1a: Ting-Lu|100/100|[from] item: Leftovers
|upkeep
|turn|4
|
|t:|1760847769
|move|p1a: Ting-Lu|Stealth Rock|p2a: Slowking
|-sidestart|p2: monkeling|move: Stealth Rock
|move|p2a: Slowking|Toxic|p1a: Ting-Lu
|-status|p1a: Ting-Lu|tox
|
|-damage|p1a: Ting-Lu|94/100 tox|[from] psn
|upkeep
|turn|5
|
|t:|1760847776
|switch|p2a: Corviknight|Corviknight, F|100/100
|-damage|p2a: Corviknight|88/100|[from] Stealth Rock
|-ability|p2a: Corviknight|Pressure
|move|p1a: Ting-Lu|Spikes|p2a: Corviknight
|-sidestart|p2: monkeling|Spikes
|
|-heal|p2a: Corviknight|94/100|[from] item: Leftovers
|-heal|p1a: Ting-Lu|100/100 tox|[from] item: Leftovers
|-damage|p1a: Ting-Lu|88/100 tox|[from] psn
|upkeep
|turn|6
|
|t:|1760847782
|switch|p1a: Gholdengo|Gholdengo, shiny|100/100
|-damage|p1a: Gholdengo|94/100|[from] Stealth Rock
|move|p2a: Corviknight|Brave Bird|p1a: Gholdengo
|-resisted|p1a: Gholdengo
|-damage|p1a: Gholdengo|82/100
|-damage|p2a: Corviknight|90/100|[from] Recoil
|
|-heal|p2a: Corviknight|96/100|[from] item: Leftovers
|upkeep
|turn|7
|
|t:|1760847793
|switch|p2a: Ting-Lu|Ting-Lu|100/100
|-ability|p2a: Ting-Lu|Vessel of Ruin
|move|p1a: Gholdengo|Make It Rain|p2a: Ting-Lu
|-damage|p2a: Ting-Lu|77/100
|-unboost|p1a: Gholdengo|spa|1
|
|upkeep
|turn|8
|
|t:|1760847803
|switch|p1a: Cryogonal|Cryogonal|100/100
|move|p2a: Ting-Lu|Spikes|p1a: Cryogonal
|-sidestart|p1: levi6969|Spikes
|
|upkeep
|turn|9
|
|t:|1760847812
|move|p1a: Cryogonal|Rapid Spin|p2a: Ting-Lu
|-damage|p2a: Ting-Lu|74/100
|-boost|p1a: Cryogonal|spe|1
|-sideend|p1: levi6969|Spikes|[from] move: Rapid Spin|[of] p1a: Cryogonal
|-sideend|p1: levi6969|Stealth Rock|[from] move: Rapid Spin|[of] p1a: Cryogonal
|move|p2a: Ting-Lu|Ruination|p1a: Cryogonal
|-damage|p1a: Cryogonal|51/100
|
|upkeep
|turn|10
|
|t:|1760847820
|move|p1a: Cryogonal|Freeze-Dry|p2a: Ting-Lu
|-supereffective|p2a: Ting-Lu
|-damage|p2a: Ting-Lu|50/100
|move|p2a: Ting-Lu|Earthquake|p1a: Cryogonal
|-immune|p1a: Cryogonal|[from] ability: Levitate
|
|upkeep
|turn|11
|
|t:|1760847833
|move|p1a: Cryogonal|Freeze-Dry|p2a: Ting-Lu
|-supereffective|p2a: Ting-Lu
|-crit|p2a: Ting-Lu
|-damage|p2a: Ting-Lu|11/100
|move|p2a: Ting-Lu|Rest|p2a: Ting-Lu
|-status|p2a: Ting-Lu|slp|[from] move: Rest
|-heal|p2a: Ting-Lu|100/100 slp|[silent]
|
|upkeep
|turn|12
|
|t:|1760847850
|switch|p2a: Slowking|Slowking-Galar, M|100/100
|move|p1a: Cryogonal|Freeze-Dry|p2a: Slowking
|-damage|p2a: Slowking|84/100
|-status|p2a: Slowking|frz
|
|upkeep
|turn|13
|
|t:|1760847856
|move|p1a: Cryogonal|Freeze-Dry|p2a: Slowking
|-damage|p2a: Slowking|67/100 frz
|cant|p2a: Slowking|frz
|
|upkeep
|turn|14
|
|t:|1760847859
|move|p1a: Cryogonal|Freeze-Dry|p2a: Slowking
|-damage|p2a: Slowking|48/100 frz
|cant|p2a: Slowking|frz
|
|upkeep
|turn|15
|
|t:|1760847862
|move|p1a: Cryogonal|Freeze-Dry|p2a: Slowking
|-damage|p2a: Slowking|31/100 frz
|cant|p2a: Slowking|frz
|
|upkeep
|turn|16
|
|t:|1760847868
|move|p1a: Cryogonal|Freeze-Dry|p2a: Slowking
|-damage|p2a: Slowking|12/100 frz
|cant|p2a: Slowking|frz
|
|upkeep
|turn|17
|
|t:|1760847882
|switch|p2a: Corviknight|Corviknight, F|96/100
|-damage|p2a: Corviknight|84/100|[from] Stealth Rock
|-ability|p2a: Corviknight|Pressure
|move|p1a: Cryogonal|Freeze-Dry|p2a: Corviknight
|-damage|p2a: Corviknight|53/100
|
|-heal|p2a: Corviknight|59/100|[from] item: Leftovers
|upkeep
|turn|18
|
|t:|1760847888
|switch|p1a: Gholdengo|Gholdengo, shiny|82/100
|move|p2a: Corviknight|Roost|p2a: Corviknight
|-heal|p2a: Corviknight|100/100
|-singleturn|p2a: Corviknight|move: Roost
|
|upkeep
|turn|19
|
|t:|1760847897
|move|p1a: Gholdengo|Nasty Plot|p1a: Gholdengo
|-boost|p1a: Gholdengo|spa|2
|move|p2a: Corviknight|Brave Bird|p1a: Gholdengo
|-resisted|p1a: Gholdengo
|-damage|p1a: Gholdengo|69/100
|-damage|p2a: Corviknight|96/100|[from] Recoil
|
|-heal|p2a: Corviknight|100/100|[from] item: Leftovers
|upkeep
|turn|20
|
|t:|1760847901
|switch|p2a: Ting-Lu|Ting-Lu|100/100 slp
|-ability|p2a: Ting-Lu|Vessel of Ruin
|move|p1a: Gholdengo|Shadow Ball|p2a: Ting-Lu
|-resisted|p2a: Ting-Lu
|-damage|p2a: Ting-Lu|86/100 slp
|
|upkeep
|turn|21
|
|t:|1760847906
|move|p1a: Gholdengo|Nasty Plot|p1a: Gholdengo
|-boost|p1a: Gholdengo|spa|2
|cant|p2a: Ting-Lu|slp
|
|upkeep
|turn|22
|
|t:|1760847908
|move|p1a: Gholdengo|Make It Rain|p2a: Ting-Lu
|-damage|p2a: Ting-Lu|25/100 slp
|-unboost|p1a: Gholdengo|spa|1
|cant|p2a: Ting-Lu|slp
|
|upkeep
|turn|23
|
|t:|1760847925
|switch|p2a: Dondozo|Dondozo, M|100/100
|move|p1a: Gholdengo|Make It Rain|p2a: Dondozo
|-resisted|p2a: Dondozo
|-damage|p2a: Dondozo|77/100
|-unboost|p1a: Gholdengo|spa|1
|
|upkeep
|turn|24
|
|t:|1760847936
|move|p1a: Gholdengo|Shadow Ball|p2a: Dondozo
|-damage|p2a: Dondozo|42/100
|-unboost|p2a: Dondozo|spd|1
|move|p2a: Dondozo|Waterfall|p1a: Gholdengo
|-damage|p1a: Gholdengo|50/100
|
|upkeep
|turn|25
|
|t:|1760847955
|switch|p2a: Ting-Lu|Ting-Lu|25/100 slp
|-ability|p2a: Ting-Lu|Vessel of Ruin
|move|p1a: Gholdengo|Shadow Ball|p2a: Ting-Lu
|-resisted|p2a: Ting-Lu
|-damage|p2a: Ting-Lu|10/100 slp
|
|upkeep
|turn|26
|
|t:|1760847959
|move|p1a: Gholdengo|Shadow Ball|p2a: Ting-Lu
|-resisted|p2a: Ting-Lu
|-damage|p2a: Ting-Lu|0 fnt
|faint|p2a: Ting-Lu
|
|upkeep
|
|t:|1760847961
|switch|p2a: Great Tusk|Great Tusk|84/100
|turn|27
|
|t:|1760847971
|switch|p1a: Dondozo|Dondozo, M|81/100
|move|p2a: Great Tusk|Earthquake|p1a: Dondozo
|-damage|p1a: Dondozo|63/100
|
|upkeep
|turn|28
|
|t:|1760847976
|switch|p1a: Cryogonal|Cryogonal|51/100
|move|p2a: Great Tusk|Rapid Spin|p1a: Cryogonal
|-damage|p1a: Cryogonal|23/100
|-boost|p2a: Great Tusk|spe|1
|-sideend|p2: monkeling|Spikes|[from] move: Rapid Spin|[of] p2a: Great Tusk
|-sideend|p2: monkeling|Stealth Rock|[from] move: Rapid Spin|[of] p2a: Great Tusk
|
|upkeep
|turn|29
|
|t:|1760847985
|switch|p1a: Dondozo|Dondozo, M|63/100
|move|p2a: Great Tusk|Rapid Spin|p1a: Dondozo
|-damage|p1a: Dondozo|57/100
|-boost|p2a: Great Tusk|spe|1
|-damage|p2a: Great Tusk|67/100|[from] item: Rocky Helmet|[of] p1a: Dondozo
|
|upkeep
|turn|30
|
|t:|1760847997
|move|p2a: Great Tusk|Stealth Rock|p1a: Dondozo
|-sidestart|p1: levi6969|move: Stealth Rock
|move|p1a: Dondozo|Curse|p1a: Dondozo
|-unboost|p1a: Dondozo|spe|1
|-boost|p1a: Dondozo|atk|1
|-boost|p1a: Dondozo|def|1
|
|upkeep
|turn|31
|
|t:|1760848008
|-end|p2a: Great Tusk|Protosynthesis|[silent]
|switch|p2a: Slowking|Slowking-Galar, M|46/100 frz
|switch|p1a: Gholdengo|Gholdengo, shiny|50/100
|-damage|p1a: Gholdengo|44/100|[from] Stealth Rock
|
|upkeep
|turn|32
|
|t:|1760848017
|switch|p2a: Dragonite|Dragonite, M|100/100
|move|p1a: Gholdengo|Recover|p1a: Gholdengo
|-heal|p1a: Gholdengo|94/100
|
|upkeep
|turn|33
|
|t:|1760848025
|move|p1a: Gholdengo|Shadow Ball|p2a: Dragonite
|-damage|p2a: Dragonite|90/100
|move|p2a: Dragonite|Dragon Dance|p2a: Dragonite
|-boost|p2a: Dragonite|atk|1
|-boost|p2a: Dragonite|spe|1
|
|upkeep
|turn|34
|
|t:|1760848030
|switch|p1a: Dondozo|Dondozo, M|57/100
|-damage|p1a: Dondozo|45/100|[from] Stealth Rock
|move|p2a: Dragonite|Earthquake|p1a: Dondozo
|-damage|p1a: Dondozo|31/100
|
|upkeep
|turn|35
|
|t:|1760848035
|-terastallize|p2a: Dragonite|Fairy
|move|p2a: Dragonite|Tera Blast|p1a: Dondozo|[anim] Tera Blast Fairy
|-damage|p1a: Dondozo|16/100
|move|p1a: Dondozo|Rest|p1a: Dondozo
|-status|p1a: Dondozo|slp|[from] move: Rest
|-heal|p1a: Dondozo|100/100 slp|[silent]
|
|upkeep
|turn|36
|
|t:|1760848045
|switch|p2a: Dondozo|Dondozo, M|42/100
|cant|p1a: Dondozo|slp
|move|p1a: Dondozo|Sleep Talk|p1a: Dondozo
|move|p1a: Dondozo|Curse|p1a: Dondozo|[from] move: Sleep Talk
|-unboost|p1a: Dondozo|spe|1
|-boost|p1a: Dondozo|atk|1
|-boost|p1a: Dondozo|def|1
|
|upkeep
|turn|37
|
|t:|1760848053
|switch|p1a: Gholdengo|Gholdengo, shiny|94/100
|-damage|p1a: Gholdengo|88/100|[from] Stealth Rock
|move|p2a: Dondozo|Rest|p2a: Dondozo
|-status|p2a: Dondozo|slp|[from] move: Rest
|-heal|p2a: Dondozo|100/100 slp|[silent]
|
|upkeep
|turn|38
|
|t:|1760848066
|switch|p2a: Dragonite|Dragonite, M, tera:Fairy|90/100
|move|p1a: Gholdengo|Nasty Plot|p1a: Gholdengo
|-boost|p1a: Gholdengo|spa|2
|
|upkeep
|turn|39
|
|t:|1760848070
|move|p1a: Gholdengo|Make It Rain|p2a: Dragonite
|-supereffective|p2a: Dragonite
|-damage|p2a: Dragonite|0 fnt
|-unboost|p1a: Gholdengo|spa|1
|faint|p2a: Dragonite
|
|upkeep
|
|t:|1760848079
|switch|p2a: Great Tusk|Great Tusk|67/100
|turn|40
|
|t:|1760848082
|switch|p1a: Dondozo|Dondozo, M|100/100 slp
|-damage|p1a: Dondozo|88/100 slp|[from] Stealth Rock
|move|p2a: Great Tusk|Earthquake|p1a: Dondozo
|-damage|p1a: Dondozo|68/100 slp
|
|upkeep
|turn|41
|
|t:|1760848094
|move|p2a: Great Tusk|Earthquake|p1a: Dondozo
|-damage|p1a: Dondozo|50/100 slp
|cant|p1a: Dondozo|slp
|move|p1a: Dondozo|Sleep Talk|p1a: Dondozo
|move|p1a: Dondozo|Rest||[from] move: Sleep Talk|[still]
|-fail|p1a: Dondozo
|
|upkeep
|turn|42
|
|t:|1760848101
|-end|p2a: Great Tusk|Protosynthesis|[silent]
|switch|p2a: Slowking|Slowking-Galar, M|79/100 frz
|-curestatus|p1a: Dondozo|slp|[msg]
|move|p1a: Dondozo|Curse|p1a: Dondozo
|-unboost|p1a: Dondozo|spe|1
|-boost|p1a: Dondozo|atk|1
|-boost|p1a: Dondozo|def|1
|
|upkeep
|turn|43
|
|t:|1760848107
|move|p1a: Dondozo|Liquidation|p2a: Slowking
|-damage|p2a: Slowking|32/100 frz
|cant|p2a: Slowking|frz
|
|upkeep
|turn|44
|
|t:|1760848114
|switch|p1a: Cryogonal|Cryogonal|23/100
|switch|p2a: Dondozo|Dondozo, M|100/100 slp
|
|upkeep
|turn|45
|
|t:|1760848118
|switch|p2a: Corviknight|Corviknight, F|100/100
|-ability|p2a: Corviknight|Pressure
|move|p1a: Cryogonal|Rapid Spin|p2a: Corviknight
|-resisted|p2a: Corviknight
|-damage|p2a: Corviknight|99/100
|-boost|p1a: Cryogonal|spe|1
|-sideend|p1: levi6969|Stealth Rock|[from] move: Rapid Spin|[of] p1a: Cryogonal
|
|-heal|p2a: Corviknight|100/100|[from] item: Leftovers
|upkeep
|turn|46
|
|t:|1760848126
|switch|p1a: Dondozo|Dondozo, M|50/100
|switch|p2a: Great Tusk|Great Tusk|67/100
|
|upkeep
|turn|47
|
|t:|1760848130
|move|p2a: Great Tusk|Stealth Rock|p1a: Dondozo
|-sidestart|p1: levi6969|move: Stealth Rock
|move|p1a: Dondozo|Liquidation|p2a: Great Tusk
|-supereffective|p2a: Great Tusk
|-damage|p2a: Great Tusk|42/100
|
|upkeep
|turn|48
|
|t:|1760848136
|-end|p2a: Great Tusk|Protosynthesis|[silent]
|switch|p2a: Dondozo|Dondozo, M|100/100 slp
|move|p1a: Dondozo|Rest|p1a: Dondozo
|-status|p1a: Dondozo|slp|[from] move: Rest
|-heal|p1a: Dondozo|100/100 slp|[silent]
|
|upkeep
|turn|49
|
|t:|1760848140
|switch|p1a: Cryogonal|Cryogonal|23/100
|cant|p2a: Dondozo|slp
|
|upkeep
|turn|50
|
|t:|1760848149
|move|p1a: Cryogonal|Recover|p1a: Cryogonal
|-heal|p1a: Cryogonal|73/100
|cant|p2a: Dondozo|slp
|
|upkeep
|turn|51
|
|t:|1760848151
|move|p1a: Cryogonal|Rapid Spin|p2a: Dondozo
|-damage|p2a: Dondozo|98/100 slp
|-boost|p1a: Cryogonal|spe|1
|-sideend|p1: levi6969|Stealth Rock|[from] move: Rapid Spin|[of] p1a: Cryogonal
|-curestatus|p2a: Dondozo|slp|[msg]
|move|p2a: Dondozo|Body Press|p1a: Cryogonal
|-supereffective|p1a: Cryogonal
|-damage|p1a: Cryogonal|0 fnt
|faint|p1a: Cryogonal
|
|upkeep
|
|t:|1760848167
|switch|p1a: Ting-Lu|Ting-Lu|88/100 tox
|-ability|p1a: Ting-Lu|Vessel of Ruin
|turn|52
|
|t:|1760848172
|switch|p2a: Corviknight|Corviknight, F|100/100
|-ability|p2a: Corviknight|Pressure
|move|p1a: Ting-Lu|Stealth Rock|p2a: Corviknight
|-sidestart|p2: monkeling|move: Stealth Rock
|
|-heal|p1a: Ting-Lu|94/100 tox|[from] item: Leftovers
|-damage|p1a: Ting-Lu|88/100 tox|[from] psn
|upkeep
|turn|53
|
|t:|1760848176
|switch|p2a: Great Tusk|Great Tusk|42/100
|switch|p1a: Gholdengo|Gholdengo, shiny|88/100
|
|upkeep
|turn|54
|
|t:|1760848180
|-terastallize|p1a: Gholdengo|Fairy
|move|p1a: Gholdengo|Make It Rain|p2a: Great Tusk
|-damage|p2a: Great Tusk|0 fnt
|-unboost|p1a: Gholdengo|spa|1
|faint|p2a: Great Tusk
|-end|p2a: Great Tusk|Protosynthesis|[silent]
|
|upkeep
|
|t:|1760848189
|switch|p2a: Corviknight|Corviknight, F|100/100
|-damage|p2a: Corviknight|88/100|[from] Stealth Rock
|-ability|p2a: Corviknight|Pressure
|turn|55
|
|t:|1760848194
|move|p1a: Gholdengo|Nasty Plot|p1a: Gholdengo
|-boost|p1a: Gholdengo|spa|2
|move|p2a: Corviknight|Brave Bird|p1a: Gholdengo
|-damage|p1a: Gholdengo|62/100
|-damage|p2a: Corviknight|80/100|[from] Recoil
|
|-heal|p2a: Corviknight|86/100|[from] item: Leftovers
|upkeep
|turn|56
|
|t:|1760848198
|switch|p2a: Dondozo|Dondozo, M|98/100
|move|p1a: Gholdengo|Nasty Plot|p1a: Gholdengo
|-boost|p1a: Gholdengo|spa|2
|
|upkeep
|turn|57
|
|t:|1760848202
|move|p1a: Gholdengo|Recover|p1a: Gholdengo
|-heal|p1a: Gholdengo|100/100
|move|p2a: Dondozo|Curse|p2a: Dondozo
|-unboost|p2a: Dondozo|spe|1
|-boost|p2a: Dondozo|atk|1
|-boost|p2a: Dondozo|def|1
|
|upkeep
|turn|58
|
|t:|1760848210
|move|p1a: Gholdengo|Shadow Ball|p2a: Dondozo
|-damage|p2a: Dondozo|62/100
|move|p2a: Dondozo|Waterfall|p1a: Gholdengo
|-damage|p1a: Gholdengo|70/100
|
|upkeep
|turn|59
|
|t:|1760848216
|move|p1a: Gholdengo|Shadow Ball|p2a: Dondozo
|-damage|p2a: Dondozo|28/100
|move|p2a: Dondozo|Rest|p2a: Dondozo
|-status|p2a: Dondozo|slp|[from] move: Rest
|-heal|p2a: Dondozo|100/100 slp|[silent]
|
|upkeep
|turn|60
|
|t:|1760848218
|move|p1a: Gholdengo|Shadow Ball|p2a: Dondozo
|-damage|p2a: Dondozo|64/100 slp
|cant|p2a: Dondozo|slp
|
|upkeep
|turn|61
|
|t:|1760848220
|move|p1a: Gholdengo|Shadow Ball|p2a: Dondozo
|-damage|p2a: Dondozo|27/100 slp
|cant|p2a: Dondozo|slp
|
|upkeep
|turn|62
|
|t:|1760848223
|move|p1a: Gholdengo|Shadow Ball|p2a: Dondozo
|-damage|p2a: Dondozo|0 fnt
|faint|p2a: Dondozo
|
|upkeep
|
|t:|1760848225
|switch|p2a: Slowking|Slowking-Galar, M|65/100 frz
|turn|63
|
|t:|1760848227
|move|p1a: Gholdengo|Shadow Ball|p2a: Slowking
|-supereffective|p2a: Slowking
|-damage|p2a: Slowking|0 fnt
|faint|p2a: Slowking
|
|upkeep
|
|t:|1760848230
|switch|p2a: Corviknight|Corviknight, F|86/100
|-damage|p2a: Corviknight|74/100|[from] Stealth Rock
|-ability|p2a: Corviknight|Pressure
|turn|64
|
|t:|1760848232
|move|p1a: Gholdengo|Shadow Ball|p2a: Corviknight
|-damage|p2a: Corviknight|0 fnt
|faint|p2a: Corviknight
|
|win|levi6969
|raw|levi6969's rating: 1473 &rarr; <strong>1494</strong><br />(+21 for winning)
|raw|monkeling's rating: 1493 &rarr; <strong>1472</strong><br />(-21 for losing)
|l|☆levi6969
|player|p1|
|l|☆monkeling
|player|p2|
