|badge|p2|bronze|gen9ou|100-7
|uhtml|medal-msg|<div class="broadcast-blue">Curious what those medals under the avatar are? PS now has Ladder Seasons! For more information, check out the <a href="https://www.smogon.com/forums/threads/3740067/">thread on Smogon.</a></div>
|j|☆Megumin's Husband
|j|☆mir merchant
|t:|1760828206
|gametype|singles
|player|p1|Megumin's Husband|alder|1768
|player|p2|mir merchant|101|1868
|gen|9
|tier|[Gen 9] OU
|rated|
|rule|HP Percentage Mod: HP is shown in percentages
|rule|Endless Battle Clause: Forcing endless battles is banned
|rule|Species Clause: Limit one of each Pokémon
|rule|OHKO Clause: OHKO moves are banned
|rule|Evasion Items Clause: Evasion items are banned
|rule|Evasion Moves Clause: Evasion moves are banned
|rule|Evasion Abilities Clause: Evasion abilities are banned
|rule|Sleep Moves Clause: Sleep-inducing moves are banned
|clearpoke
|poke|p1|Pecharunt|
|poke|p1|Primarina, F|
|poke|p1|Heatran, F|
|poke|p1|Great Tusk|
|poke|p1|Weavile, F|
|poke|p1|Ogerpon, F|
|poke|p2|Raging Bolt|
|poke|p2|Iron Treads|
|poke|p2|Ting-Lu|
|poke|p2|Gholdengo|
|poke|p2|Zamazenta-*|
|poke|p2|Tornadus-Therian, M|
|teampreview
|inactive|Battle timer is ON: inactive players will automatically lose when time's up. (requested by mir merchant)
|
|t:|1760828226
|teamsize|p1|6
|teamsize|p2|6
|start
|switch|p1a: Yamawaro|Ogerpon, F|100/100
|switch|p2a: Ting-Lu|Ting-Lu|100/100
|-ability|p2a: Ting-Lu|Vessel of Ruin
|turn|1
|
|t:|1760828231
|-terastallize|p1a: Yamawaro|Grass
|detailschange|p1a: Yamawaro|Ogerpon-Teal-Tera, F, tera:Grass
|-ability|p1a: Yamawaro|Embody Aspect (Teal)|boost
|-boost|p1a: Yamawaro|spe|1
|move|p1a: Yamawaro|Ivy Cudgel|p2a: Ting-Lu
|-supereffective|p2a: Ting-Lu
|-damage|p2a: Ting-Lu|0 fnt
|faint|p2a: Ting-Lu
|
|upkeep
|
|t:|1760828234
|switch|p2a: Raging Bolt|Raging Bolt|100/100
|-enditem|p2a: Raging Bolt|Booster Energy
|-activate|p2a: Raging Bolt|ability: Protosynthesis|[fromitem]
|-start|p2a: Raging Bolt|protosynthesisspa
|turn|2
|
|t:|1760828250
|move|p1a: Yamawaro|Ivy Cudgel|p2a: Raging Bolt
|-resisted|p2a: Raging Bolt
|-damage|p2a: Raging Bolt|62/100
|move|p2a: Raging Bolt|Calm Mind|p2a: Raging Bolt
|-boost|p2a: Raging Bolt|spa|1
|-boost|p2a: Raging Bolt|spd|1
|
|upkeep
|turn|3
|
|t:|1760828263
|switch|p1a: Stacy|Primarina, F|100/100
|move|p2a: Raging Bolt|Thunderbolt|p1a: Stacy
|-supereffective|p1a: Stacy
|-damage|p1a: Stacy|0 fnt
|faint|p1a: Stacy
|
|upkeep
|
|t:|1760828265
|switch|p1a: Nacho|Great Tusk|100/100
|turn|4
|
|t:|1760828274
|-end|p2a: Raging Bolt|Protosynthesis|[silent]
|switch|p2a: Tornadus|Tornadus-Therian, M|100/100
|move|p1a: Nacho|Headlong Rush|p2a: Tornadus
|-immune|p2a: Tornadus
|
|upkeep
|turn|5
|
|t:|1760828293
|move|p2a: Tornadus|Bleakwind Storm|p1a: Nacho
|-supereffective|p1a: Nacho
|-damage|p1a: Nacho|0 fnt
|faint|p1a: Nacho
|-end|p1a: Nacho|Protosynthesis|[silent]
|-damage|p2a: Tornadus|91/100|[from] item: Life Orb
|
|upkeep
|
|t:|1760828296
|switch|p1a: Chomusuke|Weavile, F|100/100
|-ability|p1a: Chomusuke|Pressure
|turn|6
|
|t:|1760828302
|switch|p2a: Iron Treads|Iron Treads|100/100
|-enditem|p2a: Iron Treads|Booster Energy
|-activate|p2a: Iron Treads|ability: Quark Drive|[fromitem]
|-start|p2a: Iron Treads|quarkdrivespe
|move|p1a: Chomusuke|Knock Off|p2a: Iron Treads
|-damage|p2a: Iron Treads|60/100
|
|upkeep
|turn|7
|
|t:|1760828309
|switch|p1a: Yamawaro|Ogerpon-Teal-Tera, F, tera:Grass|100/100
|-ability|p1a: Yamawaro|Embody Aspect (Teal)|boost
|-boost|p1a: Yamawaro|spe|1
|move|p2a: Iron Treads|Earthquake|p1a: Yamawaro
|-resisted|p1a: Yamawaro
|-damage|p1a: Yamawaro|71/100
|
|upkeep
|turn|8
|
|t:|1760828313
|move|p1a: Yamawaro|Ivy Cudgel|p2a: Iron Treads
|-damage|p2a: Iron Treads|0 fnt
|faint|p2a: Iron Treads
|-end|p2a: Iron Treads|Quark Drive|[silent]
|
|upkeep
|
|t:|1760828314
|switch|p2a: Raging Bolt|Raging Bolt|62/100
|turn|9
|
|t:|1760828320
|move|p1a: Yamawaro|Ivy Cudgel|p2a: Raging Bolt
|-resisted|p2a: Raging Bolt
|-damage|p2a: Raging Bolt|19/100
|move|p2a: Raging Bolt|Thunderbolt|p1a: Yamawaro
|-resisted|p1a: Yamawaro
|-damage|p1a: Yamawaro|41/100
|
|upkeep
|turn|10
|
|t:|1760828326
|move|p2a: Raging Bolt|Thunderclap|p1a: Yamawaro
|-resisted|p1a: Yamawaro
|-damage|p1a: Yamawaro|17/100
|move|p1a: Yamawaro|Ivy Cudgel|p2a: Raging Bolt
|-resisted|p2a: Raging Bolt
|-damage|p2a: Raging Bolt|0 fnt
|faint|p2a: Raging Bolt
|-end|p2a: Raging Bolt|Protosynthesis|[silent]
|
|upkeep
|
|t:|1760828329
|switch|p2a: Gholdengo|Gholdengo|100/100
|-item|p2a: Gholdengo|Air Balloon
|turn|11
|j| crowv2
|
|t:|1760828341
|move|p1a: Yamawaro|Ivy Cudgel|p2a: Gholdengo
|-resisted|p2a: Gholdengo
|-crit|p2a: Gholdengo
|-damage|p2a: Gholdengo|26/100
|-enditem|p2a: Gholdengo|Air Balloon
|move|p2a: Gholdengo|Shadow Ball|p1a: Yamawaro
|-damage|p1a: Yamawaro|0 fnt
|faint|p1a: Yamawaro
|detailschange|p1: Yamawaro|Ogerpon, F|[silent]
|
|upkeep
|
|t:|1760828348
|switch|p1a: Chomusuke|Weavile, F|100/100
|-ability|p1a: Chomusuke|Pressure
|turn|12
|
|t:|1760828351
|move|p1a: Chomusuke|Knock Off|p2a: Gholdengo
|-supereffective|p2a: Gholdengo
|-damage|p2a: Gholdengo|0 fnt
|faint|p2a: Gholdengo
|
|upkeep
|
|t:|1760828352
|switch|p2a: Zamazenta|Zamazenta|100/100
|-ability|p2a: Zamazenta|Dauntless Shield|boost
|-boost|p2a: Zamazenta|def|1
|turn|13
|
|t:|1760828357
|switch|p2a: Tornadus|Tornadus-Therian, M|100/100
|switch|p1a: Froag|Pecharunt|100/100
|
|upkeep
|turn|14
|j| Shawty Lo
|
|t:|1760828363
|switch|p1a: Dolores|Heatran, F, shiny|100/100
|-item|p1a: Dolores|Air Balloon
|move|p2a: Tornadus|Dark Pulse|p1a: Dolores
|-damage|p1a: Dolores|80/100
|-enditem|p1a: Dolores|Air Balloon
|-damage|p2a: Tornadus|91/100|[from] item: Life Orb
|
|upkeep
|turn|15
|l| Shawty Lo
|
|t:|1760828373
|move|p2a: Tornadus|Nasty Plot|p2a: Tornadus
|-boost|p2a: Tornadus|spa|2
|move|p1a: Dolores|Stealth Rock|p2a: Tornadus
|-sidestart|p2: mir merchant|move: Stealth Rock
|
|upkeep
|turn|16
|
|t:|1760828376
|move|p2a: Tornadus|Focus Blast|p1a: Dolores
|-supereffective|p1a: Dolores
|-damage|p1a: Dolores|0 fnt
|faint|p1a: Dolores
|-damage|p2a: Tornadus|81/100|[from] item: Life Orb
|
|upkeep
|
|t:|1760828379
|switch|p1a: Chomusuke|Weavile, F|100/100
|-ability|p1a: Chomusuke|Pressure
|turn|17
|
|t:|1760828384
|switch|p2a: Zamazenta|Zamazenta|100/100
|-damage|p2a: Zamazenta|94/100|[from] Stealth Rock
|move|p1a: Chomusuke|Triple Axel|p2a: Zamazenta
|-damage|p2a: Zamazenta|83/100
|-hitcount|p2a: Zamazenta|1
|
|-heal|p2a: Zamazenta|89/100|[from] item: Leftovers
|upkeep
|turn|18
|
|t:|1760828387
|switch|p1a: Froag|Pecharunt|100/100
|move|p2a: Zamazenta|Body Press|p1a: Froag
|-immune|p1a: Froag
|
|-heal|p2a: Zamazenta|96/100|[from] item: Leftovers
|upkeep
|turn|19
|
|t:|1760828391
|move|p2a: Zamazenta|Crunch|p1a: Froag
|-supereffective|p1a: Froag
|-damage|p1a: Froag|80/100
|-damage|p2a: Zamazenta|79/100|[from] item: Rocky Helmet|[of] p1a: Froag
|move|p1a: Froag|Parting Shot|p2a: Zamazenta
|-unboost|p2a: Zamazenta|atk|1
|-unboost|p2a: Zamazenta|spa|1
|
|t:|1760828393
|switch|p1a: Chomusuke|Weavile, F|100/100|[from] Parting Shot
|-ability|p1a: Chomusuke|Pressure
|
|-heal|p2a: Zamazenta|85/100|[from] item: Leftovers
|upkeep
|turn|20
|
|t:|1760828396
|switch|p2a: Tornadus|Tornadus-Therian, M|100/100
|-damage|p2a: Tornadus|76/100|[from] Stealth Rock
|move|p1a: Chomusuke|Triple Axel|p2a: Tornadus
|-supereffective|p2a: Tornadus
|-damage|p2a: Tornadus|36/100
|-supereffective|p2a: Tornadus
|-damage|p2a: Tornadus|0 fnt
|faint|p2a: Tornadus
|-hitcount|p2: Tornadus|2
|
|upkeep
|-message|mir merchant forfeited.
|
|win|Megumin's Husband
|raw|Megumin&apos;s Husband's rating: 1768 &rarr; <strong>1794</strong><br />(+26 for winning)
|raw|mir merchant's rating: 1868 &rarr; <strong>1842</strong><br />(-26 for losing)
|l|☆mir merchant
|player|p2|
|l|☆Megumin's Husband
|player|p1|
|l| crowv2
