|j|☆KuroNoTamashi
|j|☆yixing_onestar
|t:|1760785737
|gametype|singles
|player|p1|KuroNoTamashi|102|1321
|player|p2|yixing_onestar|swimmerf-gen4|1268
|gen|9
|tier|[Gen 9] OU
|rated|
|rule|HP Percentage Mod: HP is shown in percentages
|rule|Endless Battle Clause: Forcing endless battles is banned
|rule|Species Clause: Limit one of each Pokémon
|rule|OHKO Clause: OHKO moves are banned
|rule|Evasion Items Clause: Evasion items are banned
|rule|Evasion Moves Clause: Evasion moves are banned
|rule|Evasion Abilities Clause: Evasion abilities are banned
|rule|Sleep Moves Clause: Sleep-inducing moves are banned
|clearpoke
|poke|p1|Ursaluna, M|
|poke|p1|Mimikyu, M|
|poke|p1|Hatterene, F|
|poke|p1|Copperajah, F|
|poke|p1|Crawdaunt, M|
|poke|p1|Hoopa|
|poke|p2|Ninetales-Alola, M|
|poke|p2|Cetitan, F|
|poke|p2|Kyurem|
|poke|p2|Sandslash-Alola, F|
|poke|p2|Chandelure, M|
|poke|p2|Meowscarada, F|
|teampreview
|
|t:|1760785751
|teamsize|p1|6
|teamsize|p2|6
|start
|switch|p1a: Copperajah|Copperajah, F, shiny|100/100
|switch|p2a: Ninetales|Ninetales-Alola, M, shiny|100/100
|-weather|Snowscape|[from] ability: Snow Warning|[of] p2a: Ninetales
|turn|1
|
|t:|1760785761
|move|p2a: Ninetales|Aurora Veil|p2a: Ninetales
|-sidestart|p2: yixing_onestar|move: Aurora Veil
|move|p1a: Copperajah|Iron Head|p2a: Ninetales
|-supereffective|p2a: Ninetales
|-damage|p2a: Ninetales|0 fnt
|faint|p2a: Ninetales
|
|-weather|Snowscape|[upkeep]
|upkeep
|
|t:|1760785765
|switch|p2a: Cetitan|Cetitan, F, shiny|100/100
|turn|2
|
|t:|1760785770
|-terastallize|p2a: Cetitan|Ground
|move|p2a: Cetitan|Belly Drum|p2a: Cetitan
|-damage|p2a: Cetitan|51/100
|-setboost|p2a: Cetitan|atk|6|[from] move: Belly Drum
|move|p1a: Copperajah|Iron Head|p2a: Cetitan
|-damage|p2a: Cetitan|14/100
|-enditem|p2a: Cetitan|Sitrus Berry|[eat]
|-heal|p2a: Cetitan|39/100|[from] item: Sitrus Berry
|
|-weather|Snowscape|[upkeep]
|upkeep
|turn|3
|
|t:|1760785786
|move|p2a: Cetitan|Earthquake|p1a: Copperajah
|-supereffective|p1a: Copperajah
|-damage|p1a: Copperajah|0 fnt
|faint|p1a: Copperajah
|
|-weather|Snowscape|[upkeep]
|upkeep
|
|t:|1760785789
|switch|p1a: Hoopa|Hoopa|100/100
|turn|4
|
|t:|1760785800
|move|p2a: Cetitan|Earthquake|p1a: Hoopa
|-enditem|p1a: Hoopa|Focus Sash
|-damage|p1a: Hoopa|1/100
|move|p1a: Hoopa|Trick Room|p1a: Hoopa
|-fieldstart|move: Trick Room|[of] p1a: Hoopa
|
|-weather|Snowscape|[upkeep]
|upkeep
|turn|5
|
|t:|1760785821
|move|p1a: Hoopa|Psyshock|p2a: Cetitan
|-damage|p2a: Cetitan|12/100
|move|p2a: Cetitan|Ice Spinner|p1a: Hoopa
|-damage|p1a: Hoopa|0 fnt
|faint|p1a: Hoopa
|
|-weather|Snowscape|[upkeep]
|-sideend|p2: yixing_onestar|move: Aurora Veil
|upkeep
|
|t:|1760785827
|switch|p1a: Crawdaunt|Crawdaunt, M|100/100
|turn|6
|
|t:|1760785861
|move|p1a: Crawdaunt|Knock Off|p2a: Cetitan
|-damage|p2a: Cetitan|0 fnt
|faint|p2a: Cetitan
|
|-weather|Snowscape|[upkeep]
|upkeep
|
|t:|1760785867
|switch|p2a: Kyurem|Kyurem, shiny|100/100
|-ability|p2a: Kyurem|Pressure
|turn|7
|
|t:|1760785875
|move|p1a: Crawdaunt|Knock Off|p2a: Kyurem
|-damage|p2a: Kyurem|29/100
|-enditem|p2a: Kyurem|Life Orb|[from] move: Knock Off|[of] p1a: Crawdaunt
|move|p2a: Kyurem|Freeze-Dry|p1a: Crawdaunt
|-supereffective|p1a: Crawdaunt
|-damage|p1a: Crawdaunt|0 fnt
|faint|p1a: Crawdaunt
|
|-weather|Snowscape|[upkeep]
|upkeep
|
|t:|1760785886
|switch|p1a: Ursaluna|Ursaluna, M, shiny|100/100
|turn|8
|l|☆yixing_onestar
|player|p2|
|j|☆yixing_onestar
|player|p2|yixing_onestar|swimmerf-gen4|
|
|t:|1760785947
|move|p1a: Ursaluna|Headlong Rush|p2a: Kyurem
|-damage|p2a: Kyurem|0 fnt
|-unboost|p1a: Ursaluna|def|1
|-unboost|p1a: Ursaluna|spd|1
|faint|p2a: Kyurem
|
|-weather|none
|-fieldend|move: Trick Room
|-status|p1a: Ursaluna|brn|[from] item: Flame Orb
|upkeep
|
|t:|1760785959
|switch|p2a: Meowscarada|Meowscarada, F, shiny|100/100
|turn|9
|
|t:|1760785968
|switch|p1a: Hatterene|Hatterene, F|100/100
|move|p2a: Meowscarada|Flower Trick|p1a: Hatterene
|-start|p2a: Meowscarada|typechange|Grass|[from] ability: Protean
|-crit|p1a: Hatterene
|-damage|p1a: Hatterene|15/100
|
|upkeep
|turn|10
|
|t:|1760785978
|move|p2a: Meowscarada|Flower Trick|p1a: Hatterene
|-crit|p1a: Hatterene
|-damage|p1a: Hatterene|0 fnt
|faint|p1a: Hatterene
|
|upkeep
|
|t:|1760785980
|switch|p1a: Mimikyu|Mimikyu, M|100/100
|turn|11
|
|t:|1760785993
|move|p2a: Meowscarada|Flower Trick|p1a: Mimikyu
|-activate|p1a: Mimikyu|ability: Disguise
|-damage|p1a: Mimikyu|100/100
|detailschange|p1a: Mimikyu|Mimikyu-Busted, M
|-damage|p1a: Mimikyu|88/100|[from] pokemon: Mimikyu-Busted
|move|p1a: Mimikyu|Will-O-Wisp|p2a: Meowscarada
|-status|p2a: Meowscarada|brn
|
|-damage|p2a: Meowscarada|94/100 brn|[from] brn
|upkeep
|turn|12
|
|t:|1760786005
|move|p2a: Meowscarada|Flower Trick|p1a: Mimikyu
|-crit|p1a: Mimikyu
|-damage|p1a: Mimikyu|38/100
|move|p1a: Mimikyu|Trick Room|p1a: Mimikyu
|-fieldstart|move: Trick Room|[of] p1a: Mimikyu
|
|-damage|p2a: Meowscarada|88/100 brn|[from] brn
|upkeep
|turn|13
|
|t:|1760786015
|move|p1a: Mimikyu|Curse|p2a: Meowscarada
|-start|p2a: Meowscarada|Curse|[of] p1a: Mimikyu
|-damage|p1a: Mimikyu|0 fnt
|faint|p1a: Mimikyu
|move|p2a: Meowscarada|Flower Trick|p1: Mimikyu|[notarget]
|-fail|p2a: Meowscarada
|
|-damage|p2a: Meowscarada|82/100 brn|[from] brn
|-damage|p2a: Meowscarada|57/100 brn|[from] Curse
|upkeep
|
|t:|1760786016
|switch|p1a: Ursaluna|Ursaluna, M, shiny|100/100 brn
|turn|14
|
|t:|1760786033
|move|p1a: Ursaluna|Headlong Rush|p2a: Meowscarada
|-resisted|p2a: Meowscarada
|-crit|p2a: Meowscarada
|-damage|p2a: Meowscarada|0 fnt
|-unboost|p1a: Ursaluna|def|1
|-unboost|p1a: Ursaluna|spd|1
|faint|p2a: Meowscarada
|
|-damage|p1a: Ursaluna|94/100 brn|[from] brn
|upkeep
|
|t:|1760786042
|switch|p2a: Sandslash|Sandslash-Alola, F, shiny|100/100
|turn|15
|
|t:|1760786046
|-terastallize|p1a: Ursaluna|Normal
|move|p1a: Ursaluna|Fire Punch|p2a: Sandslash
|-supereffective|p2a: Sandslash
|-enditem|p2a: Sandslash|Focus Sash
|-damage|p2a: Sandslash|1/100
|move|p2a: Sandslash|Triple Axel|p1a: Ursaluna
|-damage|p1a: Ursaluna|84/100 brn
|-damage|p1a: Ursaluna|62/100 brn
|-damage|p1a: Ursaluna|31/100 brn
|-hitcount|p1a: Ursaluna|3
|
|-damage|p1a: Ursaluna|25/100 brn|[from] brn
|upkeep
|turn|16
|
|t:|1760786062
|move|p1a: Ursaluna|Facade|p2a: Sandslash
|-resisted|p2a: Sandslash
|-damage|p2a: Sandslash|0 fnt
|faint|p2a: Sandslash
|
|-damage|p1a: Ursaluna|19/100 brn|[from] brn
|-fieldend|move: Trick Room
|upkeep
|
|t:|1760786069
|switch|p2a: Chandelure|Chandelure, M|100/100
|turn|17
|
|t:|1760786074
|move|p2a: Chandelure|Heat Wave|p1a: Ursaluna
|-damage|p1a: Ursaluna|0 fnt
|faint|p1a: Ursaluna
|
|win|yixing_onestar
|raw|KuroNoTamashi's rating: 1321 &rarr; <strong>1298</strong><br />(-23 for losing)
|raw|yixing_onestar's rating: 1268 &rarr; <strong>1297</strong><br />(+29 for winning)
|l|☆KuroNoTamashi
|player|p1|
|l|☆yixing_onestar
|player|p2|
