|j|☆Bonsly Brian
|j|☆miaca
|t:|1760809703
|gametype|singles
|player|p1|Bonsly Brian|riley|1082
|player|p2|miaca|265|1076
|gen|9
|tier|[Gen 9] OU
|rated|
|rule|HP Percentage Mod: HP is shown in percentages
|rule|Endless Battle Clause: Forcing endless battles is banned
|rule|Species Clause: Limit one of each Pokémon
|rule|OHKO Clause: OHKO moves are banned
|rule|Evasion Items Clause: Evasion items are banned
|rule|Evasion Moves Clause: Evasion moves are banned
|rule|Evasion Abilities Clause: Evasion abilities are banned
|rule|Sleep Moves Clause: Sleep-inducing moves are banned
|clearpoke
|poke|p1|Bonsly, M|
|poke|p1|Dragonite, M|
|poke|p1|Iron Valiant|
|poke|p1|Dragapult, M|
|poke|p1|Kingambit, M|
|poke|p1|Great Tusk|
|poke|p2|Incineroar, M|
|poke|p2|Deoxys-Speed|
|poke|p2|Garchomp, F|
|poke|p2|Primarina, F|
|poke|p2|Pecharunt|
|poke|p2|Walking Wake|
|teampreview
|inactive|Battle timer is ON: inactive players will automatically lose when time's up. (requested by Bonsly Brian)
|
|t:|1760809710
|teamsize|p1|6
|teamsize|p2|6
|start
|switch|p1a: Bonsly|Bonsly, M, shiny|100/100
|switch|p2a: Pecharunt|Pecharunt|100/100
|turn|1
|
|t:|1760809718
|move|p2a: Pecharunt|Malignant Chain|p1a: Bonsly
|-resisted|p1a: Bonsly
|-damage|p1a: Bonsly|79/100
|move|p1a: Bonsly|Stealth Rock|p2a: Pecharunt
|-sidestart|p2: miaca|move: Stealth Rock
|
|upkeep
|turn|2
|
|t:|1760809726
|move|p2a: Pecharunt|Malignant Chain|p1a: Bonsly
|-resisted|p1a: Bonsly
|-damage|p1a: Bonsly|56/100
|move|p1a: Bonsly|Spikes|p2a: Pecharunt
|-sidestart|p2: miaca|Spikes
|
|upkeep
|turn|3
|
|t:|1760809734
|move|p2a: Pecharunt|Malignant Chain|p1a: Bonsly
|-resisted|p1a: Bonsly
|-damage|p1a: Bonsly|34/100
|-status|p1a: Bonsly|tox
|-start|p1a: Bonsly|confusion|[from] ability: Poison Puppeteer|[of] p2a: Pecharunt
|-activate|p1a: Bonsly|confusion
|-damage|p1a: Bonsly|26/100 tox|[from] confusion
|
|-damage|p1a: Bonsly|20/100 tox|[from] psn
|upkeep
|turn|4
|-enditem|p1a: Bonsly|Custap Berry|[eat]
|-activate|p1a: Bonsly|item: Custap Berry|[consumed]
|
|t:|1760809748
|-activate|p1a: Bonsly|confusion
|move|p1a: Bonsly|Spikes|p2a: Pecharunt
|-sidestart|p2: miaca|Spikes
|move|p2a: Pecharunt|Hex|p1a: Bonsly
|-damage|p1a: Bonsly|0 fnt
|faint|p1a: Bonsly
|
|upkeep
|
|t:|1760809755
|switch|p1a: Dragapult|Dragapult, M|100/100
|turn|5
|
|t:|1760809761
|move|p1a: Dragapult|Shadow Ball|p2a: Pecharunt
|-supereffective|p2a: Pecharunt
|-damage|p2a: Pecharunt|0 fnt
|faint|p2a: Pecharunt
|
|upkeep
|
|t:|1760809782
|switch|p2a: Deoxys|Deoxys-Speed|100/100
|-damage|p2a: Deoxys|88/100|[from] Stealth Rock
|-damage|p2a: Deoxys|71/100|[from] Spikes
|-ability|p2a: Deoxys|Pressure
|turn|6
|
|t:|1760809788
|move|p2a: Deoxys|Ice Beam|p1a: Dragapult
|-supereffective|p1a: Dragapult
|-damage|p1a: Dragapult|0 fnt
|faint|p1a: Dragapult
|
|upkeep
|
|t:|1760809799
|switch|p1a: Kingambit|Kingambit, M|100/100
|-activate|p1a: Kingambit|ability: Supreme Overlord
|-start|p1a: Kingambit|fallen2|[silent]
|turn|7
|
|t:|1760809806
|switch|p2a: Primarina|Primarina, F|100/100
|-damage|p2a: Primarina|88/100|[from] Stealth Rock
|-damage|p2a: Primarina|72/100|[from] Spikes
|move|p1a: Kingambit|Sucker Punch||[still]
|-fail|p1a: Kingambit
|
|-heal|p2a: Primarina|78/100|[from] item: Leftovers
|upkeep
|turn|8
|
|t:|1760809819
|move|p2a: Primarina|Hyper Voice|p1a: Kingambit
|-damage|p1a: Kingambit|56/100
|move|p1a: Kingambit|Iron Head|p2a: Primarina
|-damage|p2a: Primarina|7/100
|
|-heal|p2a: Primarina|13/100|[from] item: Leftovers
|-heal|p1a: Kingambit|62/100|[from] item: Leftovers
|upkeep
|turn|9
|
|t:|1760809836
|move|p1a: Kingambit|Sucker Punch|p2a: Primarina
|-resisted|p2a: Primarina
|-damage|p2a: Primarina|0 fnt
|faint|p2a: Primarina
|
|-heal|p1a: Kingambit|68/100|[from] item: Leftovers
|upkeep
|
|t:|1760809846
|switch|p2a: Incineroar|Incineroar, M|100/100
|-damage|p2a: Incineroar|76/100|[from] Stealth Rock
|-damage|p2a: Incineroar|59/100|[from] Spikes
|-ability|p2a: Incineroar|Intimidate|boost
|-unboost|p1a: Kingambit|atk|1
|turn|10
|
|t:|1760809855
|-end|p1a: Kingambit|fallen2|[silent]
|switch|p1a: Great Tusk|Great Tusk|100/100
|-enditem|p1a: Great Tusk|Booster Energy
|-activate|p1a: Great Tusk|ability: Protosynthesis|[fromitem]
|-start|p1a: Great Tusk|protosynthesisatk
|move|p2a: Incineroar|Knock Off|p1a: Great Tusk
|-resisted|p1a: Great Tusk
|-damage|p1a: Great Tusk|89/100
|
|upkeep
|turn|11
|
|t:|1760809867
|switch|p2a: Garchomp|Garchomp, F|100/100
|-damage|p2a: Garchomp|94/100|[from] Stealth Rock
|-damage|p2a: Garchomp|78/100|[from] Spikes
|move|p1a: Great Tusk|Rapid Spin|p2a: Garchomp
|-damage|p2a: Garchomp|54/100
|-boost|p1a: Great Tusk|spe|1
|-damage|p1a: Great Tusk|77/100|[from] ability: Rough Skin|[of] p2a: Garchomp
|-damage|p1a: Great Tusk|60/100|[from] item: Rocky Helmet|[of] p2a: Garchomp
|
|upkeep
|turn|12
|
|t:|1760809887
|move|p1a: Great Tusk|Headlong Rush|p2a: Garchomp
|-damage|p2a: Garchomp|0 fnt
|-unboost|p1a: Great Tusk|def|1
|-unboost|p1a: Great Tusk|spd|1
|-damage|p1a: Great Tusk|48/100|[from] ability: Rough Skin|[of] p2a: Garchomp
|-damage|p1a: Great Tusk|31/100|[from] item: Rocky Helmet|[of] p2a: Garchomp
|faint|p2a: Garchomp
|
|upkeep
|
|t:|1760809896
|switch|p2a: Incineroar|Incineroar, M|59/100
|-damage|p2a: Incineroar|34/100|[from] Stealth Rock
|-damage|p2a: Incineroar|18/100|[from] Spikes
|-ability|p2a: Incineroar|Intimidate|boost
|-unboost|p1a: Great Tusk|atk|1
|turn|13
|
|t:|1760809904
|move|p2a: Incineroar|Fake Out|p1a: Great Tusk
|-damage|p1a: Great Tusk|15/100
|cant|p1a: Great Tusk|flinch
|
|upkeep
|turn|14
|
|t:|1760809914
|move|p1a: Great Tusk|Rapid Spin|p2a: Incineroar
|-damage|p2a: Incineroar|4/100
|-boost|p1a: Great Tusk|spe|1
|move|p2a: Incineroar|Flare Blitz|p1a: Great Tusk
|-damage|p1a: Great Tusk|0 fnt
|faint|p1a: Great Tusk
|-end|p1a: Great Tusk|Protosynthesis|[silent]
|-damage|p2a: Incineroar|0 fnt|[from] Recoil
|faint|p2a: Incineroar
|
|upkeep
|
|t:|1760809931
|switch|p1a: Dragonite|Dragonite, M, shiny|100/100
|switch|p2a: Walking Wake|Walking Wake|100/100
|-damage|p2a: Walking Wake|88/100|[from] Stealth Rock
|-damage|p2a: Walking Wake|72/100|[from] Spikes
|turn|15
|
|t:|1760809940
|-terastallize|p2a: Walking Wake|Steel
|-terastallize|p1a: Dragonite|Normal
|move|p2a: Walking Wake|Tera Blast|p1a: Dragonite|[anim] Tera Blast Steel
|-damage|p1a: Dragonite|72/100
|-damage|p2a: Walking Wake|62/100|[from] item: Life Orb
|move|p1a: Dragonite|Dragon Dance|p1a: Dragonite
|-boost|p1a: Dragonite|atk|1
|-boost|p1a: Dragonite|spe|1
|
|upkeep
|turn|16
|
|t:|1760809955
|move|p1a: Dragonite|Earthquake|p2a: Walking Wake
|-supereffective|p2a: Walking Wake
|-damage|p2a: Walking Wake|0 fnt
|faint|p2a: Walking Wake
|-end|p2a: Walking Wake|Protosynthesis|[silent]
|
|upkeep
|
|t:|1760809960
|switch|p2a: Deoxys|Deoxys-Speed|71/100
|-damage|p2a: Deoxys|59/100|[from] Stealth Rock
|-damage|p2a: Deoxys|42/100|[from] Spikes
|-ability|p2a: Deoxys|Pressure
|turn|17
|
|t:|1760809968
|move|p1a: Dragonite|Extreme Speed|p2a: Deoxys
|-damage|p2a: Deoxys|0 fnt
|faint|p2a: Deoxys
|
|win|Bonsly Brian
|raw|Bonsly Brian's rating: 1082 &rarr; <strong>1109</strong><br />(+27 for winning)
|raw|miaca's rating: 1076 &rarr; <strong>1055</strong><br />(-21 for losing)
|l|☆miaca
|player|p2|
|l|☆Bonsly Brian
|player|p1|
