|j|☆xxnb
|j|☆miden420
|t:|1760853792
|gametype|singles
|player|p1|xxnb|iris-gen5bw2|1209
|player|p2|miden420|clair|1267
|gen|9
|tier|[Gen 9] OU
|rated|
|rule|HP Percentage Mod: HP is shown in percentages
|rule|Endless Battle Clause: Forcing endless battles is banned
|rule|Species Clause: Limit one of each Pokémon
|rule|OHKO Clause: OHKO moves are banned
|rule|Evasion Items Clause: Evasion items are banned
|rule|Evasion Moves Clause: Evasion moves are banned
|rule|Evasion Abilities Clause: Evasion abilities are banned
|rule|Sleep Moves Clause: Sleep-inducing moves are banned
|clearpoke
|poke|p1|Haxorus, F|
|poke|p1|Orthworm, F|
|poke|p1|Cinderace, F|
|poke|p1|Gholdengo|
|poke|p1|Glimmora, M|
|poke|p1|Mimikyu, M|
|poke|p2|Garchomp, M|
|poke|p2|Zamazenta-*|
|poke|p2|Gholdengo|
|poke|p2|Moltres|
|poke|p2|Primarina, F|
|poke|p2|Iron Treads|
|teampreview
|inactive|Battle timer is ON: inactive players will automatically lose when time's up. (requested by xxnb)
|
|t:|1760853813
|teamsize|p1|6
|teamsize|p2|6
|start
|switch|p1a: Cinderace|Cinderace, F|100/100
|switch|p2a: Garchomp|Garchomp, M|100/100
|turn|1
|
|t:|1760853831
|move|p1a: Cinderace|U-turn|p2a: Garchomp
|-start|p1a: Cinderace|typechange|Bug|[from] ability: Libero
|-damage|p2a: Garchomp|81/100
|-damage|p1a: Cinderace|88/100|[from] ability: Rough Skin|[of] p2a: Garchomp
|-damage|p1a: Cinderace|72/100|[from] item: Rocky Helmet|[of] p2a: Garchomp
|
|t:|1760853839
|switch|p1a: Mimikyu|Mimikyu, M|100/100|[from] U-turn
|move|p2a: Garchomp|Earthquake|p1a: Mimikyu
|-activate|p1a: Mimikyu|ability: Disguise
|-damage|p1a: Mimikyu|100/100
|detailschange|p1a: Mimikyu|Mimikyu-Busted, M
|-damage|p1a: Mimikyu|88/100|[from] pokemon: Mimikyu-Busted
|
|upkeep
|turn|2
|
|t:|1760853852
|switch|p2a: Moltres|Moltres|100/100
|move|p1a: Mimikyu|Play Rough|p2a: Moltres
|-resisted|p2a: Moltres
|-damage|p2a: Moltres|87/100
|
|upkeep
|turn|3
|
|t:|1760853863
|switch|p1a: Glimmora|Glimmora, M|100/100
|move|p2a: Moltres|Will-O-Wisp|p1a: Glimmora
|-status|p1a: Glimmora|brn
|
|-damage|p1a: Glimmora|94/100 brn|[from] brn
|upkeep
|turn|4
|inactive|xxnb has 120 seconds left.
|
|t:|1760853889
|switch|p2a: Gholdengo|Gholdengo|100/100
|move|p1a: Glimmora|Energy Ball|p2a: Gholdengo
|-resisted|p2a: Gholdengo
|-damage|p2a: Gholdengo|84/100
|
|-damage|p1a: Glimmora|88/100 brn|[from] brn
|upkeep
|turn|5
|inactive|xxnb has 120 seconds left.
|
|t:|1760853917
|-terastallize|p1a: Glimmora|Grass
|move|p2a: Gholdengo|Make It Rain|p1a: Glimmora
|-damage|p1a: Glimmora|38/100 brn
|-unboost|p2a: Gholdengo|spa|1
|move|p1a: Glimmora|Earth Power|p2a: Gholdengo
|-supereffective|p2a: Gholdengo
|-damage|p2a: Gholdengo|12/100
|
|-damage|p1a: Glimmora|32/100 brn|[from] brn
|upkeep
|turn|6
|
|t:|1760853930
|move|p2a: Gholdengo|Make It Rain|p1a: Glimmora
|-damage|p1a: Glimmora|0 fnt
|-unboost|p2a: Gholdengo|spa|1
|faint|p1a: Glimmora
|
|upkeep
|
|t:|1760853939
|switch|p1a: Haxorus|Haxorus, F, shiny|100/100
|-ability|p1a: Haxorus|Mold Breaker
|turn|7
|
|t:|1760853946
|switch|p2a: Primarina|Primarina, F, shiny|100/100
|move|p1a: Haxorus|Earthquake|p2a: Primarina
|-damage|p2a: Primarina|55/100
|
|upkeep
|turn|8
|
|t:|1760853958
|switch|p1a: Gholdengo|Gholdengo|100/100
|move|p2a: Primarina|Moonblast|p1a: Gholdengo
|-resisted|p1a: Gholdengo
|-damage|p1a: Gholdengo|81/100
|
|-heal|p1a: Gholdengo|87/100|[from] item: Leftovers
|upkeep
|turn|9
|
|t:|1760853967
|move|p1a: Gholdengo|Make It Rain|p2a: Primarina
|-damage|p2a: Primarina|25/100
|-unboost|p1a: Gholdengo|spa|1
|move|p2a: Primarina|Flip Turn|p1a: Gholdengo
|-damage|p1a: Gholdengo|66/100
|
|t:|1760853984
|switch|p2a: Garchomp|Garchomp, M|81/100|[from] Flip Turn
|
|-heal|p1a: Gholdengo|72/100|[from] item: Leftovers
|upkeep
|turn|10
|inactive|xxnb has 120 seconds left.
|
|t:|1760853997
|switch|p1a: Orthworm|Orthworm, F|100/100
|move|p2a: Garchomp|Earthquake|p1a: Orthworm
|-immune|p1a: Orthworm|[from] ability: Earth Eater
|
|upkeep
|turn|11
|
|t:|1760854005
|move|p2a: Garchomp|Stealth Rock|p1a: Orthworm
|-sidestart|p1: xxnb|move: Stealth Rock
|move|p1a: Orthworm|Iron Defense|p1a: Orthworm
|-boost|p1a: Orthworm|def|2
|
|upkeep
|turn|12
|
|t:|1760854012
|move|p1a: Orthworm|Iron Defense|p1a: Orthworm
|-boost|p1a: Orthworm|def|2
|move|p2a: Garchomp|Dragon Tail|p1a: Orthworm
|-resisted|p1a: Orthworm
|-damage|p1a: Orthworm|98/100
|drag|p1a: Mimikyu|Mimikyu-Busted, M|88/100
|-damage|p1a: Mimikyu|76/100|[from] Stealth Rock
|
|upkeep
|turn|13
|
|t:|1760854029
|switch|p1a: Cinderace|Cinderace, F|72/100
|switch|p2a: Moltres|Moltres|87/100
|
|upkeep
|turn|14
|
|t:|1760854039
|switch|p2a: Gholdengo|Gholdengo|12/100
|move|p1a: Cinderace|Court Change|p1a: Cinderace
|-start|p1a: Cinderace|typechange|Normal|[from] ability: Libero
|-swapsideconditions
|-activate|p1a: Cinderace|move: Court Change
|
|upkeep
|turn|15
|
|t:|1760854051
|move|p2a: Gholdengo|Make It Rain|p1a: Cinderace
|-damage|p1a: Cinderace|0 fnt
|-unboost|p2a: Gholdengo|spa|1
|faint|p1a: Cinderace
|
|upkeep
|
|t:|1760854060
|switch|p1a: Haxorus|Haxorus, F, shiny|100/100
|-ability|p1a: Haxorus|Mold Breaker
|turn|16
|
|t:|1760854083
|switch|p2a: Moltres|Moltres|87/100
|move|p1a: Haxorus|Earthquake|p2a: Moltres
|-immune|p2a: Moltres
|
|upkeep
|turn|17
|
|t:|1760854091
|switch|p1a: Gholdengo|Gholdengo|72/100
|move|p2a: Moltres|Will-O-Wisp|p1a: Gholdengo
|-immune|p1a: Gholdengo|[from] ability: Good as Gold
|
|-heal|p1a: Gholdengo|78/100|[from] item: Leftovers
|upkeep
|turn|18
|
|t:|1760854100
|move|p2a: Moltres|Flamethrower|p1a: Gholdengo
|-supereffective|p1a: Gholdengo
|-damage|p1a: Gholdengo|21/100
|move|p1a: Gholdengo|Substitute|p1a: Gholdengo
|-fail|p1a: Gholdengo|move: Substitute|[weak]
|
|-heal|p1a: Gholdengo|27/100|[from] item: Leftovers
|upkeep
|turn|19
|
|t:|1760854111
|switch|p1a: Mimikyu|Mimikyu-Busted, M|76/100
|move|p2a: Moltres|Flamethrower|p1a: Mimikyu
|-damage|p1a: Mimikyu|25/100
|
|upkeep
|turn|20
|
|t:|1760854118
|move|p1a: Mimikyu|Fling|p2a: Moltres
|-damage|p2a: Moltres|81/100
|-status|p2a: Moltres|par
|-enditem|p1a: Mimikyu|Light Ball|[from] move: Fling
|cant|p2a: Moltres|par
|
|upkeep
|turn|21
|
|t:|1760854128
|move|p1a: Mimikyu|Curse|p2a: Moltres
|-start|p2a: Moltres|Curse|[of] p1a: Mimikyu
|-damage|p1a: Mimikyu|0 fnt
|faint|p1a: Mimikyu
|move|p2a: Moltres|Flamethrower|p1: Mimikyu|[notarget]
|-fail|p2a: Moltres
|
|-damage|p2a: Moltres|56/100 par|[from] Curse
|upkeep
|c|☆miden420|thats sick lol
|
|t:|1760854140
|switch|p1a: Haxorus|Haxorus, F, shiny|100/100
|-ability|p1a: Haxorus|Mold Breaker
|turn|22
|
|t:|1760854151
|move|p1a: Haxorus|Outrage|p2a: Moltres
|-damage|p2a: Moltres|13/100 par
|move|p2a: Moltres|Will-O-Wisp|p1a: Haxorus|[miss]
|-miss|p2a: Moltres|p1a: Haxorus
|
|-damage|p2a: Moltres|0 fnt|[from] Curse
|faint|p2a: Moltres
|upkeep
|
|t:|1760854162
|switch|p2a: Gholdengo|Gholdengo|12/100
|-damage|p2a: Gholdengo|6/100|[from] Stealth Rock
|turn|23
|
|t:|1760854167
|move|p1a: Haxorus|Outrage|p2a: Gholdengo|[from] lockedmove
|-resisted|p2a: Gholdengo
|-damage|p2a: Gholdengo|0 fnt
|faint|p2a: Gholdengo
|
|upkeep
|
|t:|1760854187
|switch|p2a: Primarina|Primarina, F, shiny|25/100
|-damage|p2a: Primarina|13/100|[from] Stealth Rock
|turn|24
|
|t:|1760854192
|move|p1a: Haxorus|Outrage|p2a: Primarina|[from] lockedmove
|-immune|p2a: Primarina
|-start|p1a: Haxorus|confusion|[fatigue]
|move|p2a: Primarina|Surf|p1a: Haxorus
|-resisted|p1a: Haxorus
|-damage|p1a: Haxorus|41/100
|
|upkeep
|turn|25
|
|t:|1760854209
|switch|p1a: Orthworm|Orthworm, F|98/100
|move|p2a: Primarina|Surf|p1a: Orthworm
|-damage|p1a: Orthworm|18/100
|-enditem|p1a: Orthworm|Sitrus Berry|[eat]
|-heal|p1a: Orthworm|43/100|[from] item: Sitrus Berry
|
|upkeep
|turn|26
|
|t:|1760854225
|switch|p2a: Iron Treads|Iron Treads|100/100
|-damage|p2a: Iron Treads|97/100|[from] Stealth Rock
|move|p1a: Orthworm|Heavy Slam|p2a: Iron Treads
|-resisted|p2a: Iron Treads
|-damage|p2a: Iron Treads|91/100
|
|upkeep
|turn|27
|
|t:|1760854236
|move|p2a: Iron Treads|Rapid Spin|p1a: Orthworm
|-resisted|p1a: Orthworm
|-damage|p1a: Orthworm|38/100
|-boost|p2a: Iron Treads|spe|1
|-sideend|p2: miden420|Stealth Rock|[from] move: Rapid Spin|[of] p2a: Iron Treads
|move|p1a: Orthworm|Rest|p1a: Orthworm
|-status|p1a: Orthworm|slp|[from] move: Rest
|-heal|p1a: Orthworm|100/100 slp|[silent]
|
|upkeep
|turn|28
|
|t:|1760854250
|-end|p2a: Iron Treads|Quark Drive|[silent]
|switch|p2a: Zamazenta|Zamazenta|100/100
|-ability|p2a: Zamazenta|Dauntless Shield|boost
|-boost|p2a: Zamazenta|def|1
|cant|p1a: Orthworm|slp
|
|upkeep
|turn|29
|
|t:|1760854257
|switch|p1a: Gholdengo|Gholdengo|27/100
|move|p2a: Zamazenta|Iron Defense|p2a: Zamazenta
|-boost|p2a: Zamazenta|def|2
|
|-heal|p1a: Gholdengo|33/100|[from] item: Leftovers
|upkeep
|turn|30
|
|t:|1760854267
|move|p2a: Zamazenta|Crunch|p1a: Gholdengo
|-supereffective|p1a: Gholdengo
|-damage|p1a: Gholdengo|0 fnt
|faint|p1a: Gholdengo
|
|upkeep
|
|t:|1760854275
|switch|p1a: Haxorus|Haxorus, F, shiny|41/100
|-ability|p1a: Haxorus|Mold Breaker
|turn|31
|
|t:|1760854282
|move|p1a: Haxorus|Outrage|p2a: Zamazenta
|-damage|p2a: Zamazenta|80/100
|move|p2a: Zamazenta|Iron Defense|p2a: Zamazenta
|-boost|p2a: Zamazenta|def|2
|
|upkeep
|turn|32
|-message|xxnb forfeited.
|
|win|miden420
|raw|xxnb's rating: 1209 &rarr; <strong>1188</strong><br />(-21 for losing)
|raw|miden420's rating: 1267 &rarr; <strong>1288</strong><br />(+21 for winning)
|l|☆xxnb
|player|p1|
|l|☆miden420
|player|p2|
