|j|☆Bobby_83
|j|☆anonymous3744
|t:|1760775341
|gametype|singles
|player|p1|Bobby_83|170|1128
|player|p2|anonymous3744|170|1120
|gen|9
|tier|[Gen 9] OU
|rated|
|rule|HP Percentage Mod: HP is shown in percentages
|rule|Endless Battle Clause: Forcing endless battles is banned
|rule|Species Clause: Limit one of each Pokémon
|rule|OHKO Clause: OHKO moves are banned
|rule|Evasion Items Clause: Evasion items are banned
|rule|Evasion Moves Clause: Evasion moves are banned
|rule|Evasion Abilities Clause: Evasion abilities are banned
|rule|Sleep Moves Clause: Sleep-inducing moves are banned
|clearpoke
|poke|p1|Pelipper, M|
|poke|p1|Forretress, F|
|poke|p1|Raging Bolt|
|poke|p1|Clodsire, F|
|poke|p1|Azumarill, M|
|poke|p1|Talonflame, M|
|poke|p2|Clodsire, M|
|poke|p2|Dondozo, F|
|poke|p2|Iron Valiant|
|poke|p2|Pelipper, F|
|poke|p2|Barraskewda, F|
|poke|p2|Sableye, M|
|teampreview
|
|t:|1760775348
|teamsize|p1|6
|teamsize|p2|6
|start
|switch|p1a: Raging Bolt|Raging Bolt|100/100
|switch|p2a: Sableye|Sableye, M|100/100
|-enditem|p1a: Raging Bolt|Booster Energy
|-activate|p1a: Raging Bolt|ability: Protosynthesis|[fromitem]
|-start|p1a: Raging Bolt|protosynthesisspa
|turn|1
|inactive|Battle timer is ON: inactive players will automatically lose when time's up. (requested by anonymous3744)
|
|t:|1760775366
|switch|p2a: Iron Valiant|Iron Valiant|100/100
|-enditem|p2a: Iron Valiant|Booster Energy
|-activate|p2a: Iron Valiant|ability: Quark Drive|[fromitem]
|-start|p2a: Iron Valiant|quarkdrivespe
|move|p1a: Raging Bolt|Substitute|p1a: Raging Bolt
|-start|p1a: Raging Bolt|Substitute
|-damage|p1a: Raging Bolt|76/100
|
|upkeep
|turn|2
|
|t:|1760775379
|-terastallize|p1a: Raging Bolt|Steel
|move|p2a: Iron Valiant|Encore|p1a: Raging Bolt
|-start|p1a: Raging Bolt|Encore
|move|p1a: Raging Bolt|Substitute|p1a: Raging Bolt
|-fail|p1a: Raging Bolt|move: Substitute
|
|upkeep
|turn|3
|
|t:|1760775388
|move|p2a: Iron Valiant|Swords Dance|p2a: Iron Valiant
|-boost|p2a: Iron Valiant|atk|2
|move|p1a: Raging Bolt|Substitute|p1a: Raging Bolt
|-fail|p1a: Raging Bolt|move: Substitute
|
|upkeep
|turn|4
|
|t:|1760775397
|-end|p1a: Raging Bolt|Protosynthesis|[silent]
|switch|p1a: Clodsire|Clodsire, F, shiny|100/100
|move|p2a: Iron Valiant|Swords Dance|p2a: Iron Valiant
|-boost|p2a: Iron Valiant|atk|2
|
|upkeep
|turn|5
|
|t:|1760775404
|move|p2a: Iron Valiant|Close Combat|p1a: Clodsire
|-resisted|p1a: Clodsire
|-crit|p1a: Clodsire
|-damage|p1a: Clodsire|0 fnt
|-unboost|p2a: Iron Valiant|def|1
|-unboost|p2a: Iron Valiant|spd|1
|faint|p1a: Clodsire
|
|upkeep
|
|t:|1760775414
|switch|p1a: Azumarill|Azumarill, M|100/100
|turn|6
|
|t:|1760775417
|move|p1a: Azumarill|Aqua Jet|p2a: Iron Valiant
|-damage|p2a: Iron Valiant|49/100
|move|p2a: Iron Valiant|Spirit Break|p1a: Azumarill
|-damage|p1a: Azumarill|0 fnt
|faint|p1a: Azumarill
|
|upkeep
|-message|Bobby_83 forfeited.
|
|win|anonymous3744
|raw|Bobby_83's rating: 1128 &rarr; <strong>1102</strong><br />(-26 for losing)
|raw|anonymous3744's rating: 1120 &rarr; <strong>1146</strong><br />(+26 for winning)
|l|☆Bobby_83
|player|p1|
|l|☆anonymous3744
|player|p2|
