|j|☆King12345676
|j|☆ripcold
|t:|1760872668
|gametype|singles
|player|p1|King12345676|rocketgrunt|1185
|player|p2|ripcold|2|1145
|gen|9
|tier|[Gen 9] OU
|rated|
|rule|HP Percentage Mod: HP is shown in percentages
|rule|Endless Battle Clause: Forcing endless battles is banned
|rule|Species Clause: Limit one of each Pokémon
|rule|OHKO Clause: OHKO moves are banned
|rule|Evasion Items Clause: Evasion items are banned
|rule|Evasion Moves Clause: Evasion moves are banned
|rule|Evasion Abilities Clause: Evasion abilities are banned
|rule|Sleep Moves Clause: Sleep-inducing moves are banned
|clearpoke
|poke|p1|Scream Tail|
|poke|p1|Raging Bolt|
|poke|p1|Heatran, F|
|poke|p1|Great Tusk|
|poke|p1|Scizor, M|
|poke|p1|Ogerpon-Wellspring, F|
|poke|p2|Kingdra, M|
|poke|p2|Primarina, M|
|poke|p2|Toxicroak, M|
|poke|p2|Lokix, F|
|poke|p2|Pelipper, M|
|poke|p2|Floatzel, M|
|teampreview
|inactive|Battle timer is ON: inactive players will automatically lose when time's up. (requested by ripcold)
|
|t:|1760872691
|teamsize|p1|6
|teamsize|p2|6
|start
|switch|p1a: Scream Tail|Scream Tail|100/100
|switch|p2a: I Murdered Nemo|Pelipper, M|100/100
|-weather|RainDance|[from] ability: Drizzle|[of] p2a: I Murdered Nemo
|turn|1
|
|t:|1760872701
|move|p1a: Scream Tail|Thunder Wave|p2a: I Murdered Nemo
|-status|p2a: I Murdered Nemo|par
|cant|p2a: I Murdered Nemo|par
|
|-weather|RainDance|[upkeep]
|upkeep
|turn|2
|
|t:|1760872711
|move|p1a: Scream Tail|Wish|p1a: Scream Tail
|move|p2a: I Murdered Nemo|U-turn|p1a: Scream Tail
|-damage|p1a: Scream Tail|92/100
|
|t:|1760872718
|switch|p2a: Floatzel|Floatzel, M|100/100|[from] U-turn
|
|-weather|RainDance|[upkeep]
|upkeep
|turn|3
|
|t:|1760872738
|-end|p1a: Scream Tail|Protosynthesis|[silent]
|switch|p1a: Ogerpon|Ogerpon-Wellspring, F|100/100
|move|p2a: Floatzel|Whirlpool|p1a: Ogerpon
|-immune|p1a: Ogerpon|[from] ability: Water Absorb
|
|-weather|RainDance|[upkeep]
|upkeep
|turn|4
|
|t:|1760872747
|move|p2a: Floatzel|Ice Spinner|p1a: Ogerpon
|-damage|p1a: Ogerpon|76/100
|move|p1a: Ogerpon|Knock Off|p2a: Floatzel
|-damage|p2a: Floatzel|49/100
|-enditem|p2a: Floatzel|Sitrus Berry|[from] move: Knock Off|[of] p1a: Ogerpon
|
|-weather|RainDance|[upkeep]
|upkeep
|turn|5
|
|t:|1760872761
|switch|p2a: 67|Kingdra, M, shiny|100/100
|move|p1a: Ogerpon|U-turn|p2a: 67
|-damage|p2a: 67|74/100
|
|t:|1760872767
|switch|p1a: Scream Tail|Scream Tail|92/100|[from] U-turn
|
|-weather|RainDance|[upkeep]
|upkeep
|turn|6
|
|t:|1760872777
|move|p2a: 67|Flip Turn|p1a: Scream Tail
|-damage|p1a: Scream Tail|67/100
|
|t:|1760872782
|switch|p2a: Floatzel|Floatzel, M|49/100|[from] Flip Turn
|move|p1a: Scream Tail|Thunder Wave|p2a: Floatzel
|-status|p2a: Floatzel|par
|
|-weather|RainDance|[upkeep]
|upkeep
|turn|7
|
|t:|1760872790
|move|p1a: Scream Tail|Protect|p1a: Scream Tail
|-singleturn|p1a: Scream Tail|Protect
|move|p2a: Floatzel|Whirlpool|p1a: Scream Tail
|-activate|p1a: Scream Tail|move: Protect
|
|-weather|RainDance|[upkeep]
|upkeep
|turn|8
|
|t:|1760872796
|-end|p1a: Scream Tail|Protosynthesis|[silent]
|switch|p1a: Ogerpon|Ogerpon-Wellspring, F|76/100
|move|p2a: Floatzel|Whirlpool|p1a: Ogerpon
|-heal|p1a: Ogerpon|100/100|[from] ability: Water Absorb|[of] p2a: Floatzel
|
|-weather|none
|upkeep
|turn|9
|
|t:|1760872805
|cant|p2a: Floatzel|par
|move|p1a: Ogerpon|Knock Off|p2a: Floatzel
|-damage|p2a: Floatzel|14/100 par
|
|upkeep
|turn|10
|
|t:|1760872811
|move|p1a: Ogerpon|U-turn|p2a: Floatzel
|-damage|p2a: Floatzel|0 fnt
|faint|p2a: Floatzel
|-message|ripcold forfeited.
|
|win|King12345676
|raw|King12345676's rating: 1185 &rarr; <strong>1207</strong><br />(+22 for winning)
|raw|ripcold's rating: 1145 &rarr; <strong>1123</strong><br />(-22 for losing)
|l|☆ripcold
|player|p2|
|l|☆King12345676
|player|p1|
