|j|☆Mafia Cynthia
|j|☆erfeg
|t:|1760875409
|gametype|singles
|player|p1|Mafia Cynthia|cynthia|1182
|player|p2|erfeg|acerola-masters|1227
|gen|9
|tier|[Gen 9] OU
|rated|
|rule|HP Percentage Mod: HP is shown in percentages
|rule|Endless Battle Clause: Forcing endless battles is banned
|rule|Species Clause: Limit one of each Pokémon
|rule|OHKO Clause: OHKO moves are banned
|rule|Evasion Items Clause: Evasion items are banned
|rule|Evasion Moves Clause: Evasion moves are banned
|rule|Evasion Abilities Clause: Evasion abilities are banned
|rule|Sleep Moves Clause: Sleep-inducing moves are banned
|clearpoke
|poke|p1|Garchomp, F|
|poke|p1|Enamorus, F|
|poke|p1|Manaphy|
|poke|p1|Excadrill, M|
|poke|p1|Diancie|
|poke|p1|Ceruledge, F|
|poke|p2|Dragonite, M|
|poke|p2|Sinistcha-Masterpiece|
|poke|p2|Zamazenta-*|
|poke|p2|Ogerpon-Wellspring, F|
|poke|p2|Kingambit, F|
|poke|p2|Cinderace, M|
|teampreview
|inactive|Battle timer is ON: inactive players will automatically lose when time's up. (requested by Mafia Cynthia)
|inactive|erfeg also wants the timer to be on.
|
|t:|1760875424
|teamsize|p1|6
|teamsize|p2|6
|start
|switch|p1a: Garchomp|Garchomp, F|100/100
|switch|p2a: Ogerpon|Ogerpon-Wellspring, F|100/100
|turn|1
|
|t:|1760875432
|move|p2a: Ogerpon|U-turn|p1a: Garchomp
|-damage|p1a: Garchomp|83/100
|-damage|p2a: Ogerpon|88/100|[from] ability: Rough Skin|[of] p1a: Garchomp
|-damage|p2a: Ogerpon|72/100|[from] item: Rocky Helmet|[of] p1a: Garchomp
|
|t:|1760875458
|switch|p2a: Sinistcha|Sinistcha-Masterpiece|100/100|[from] U-turn
|move|p1a: Garchomp|Stealth Rock|p2a: Sinistcha
|-sidestart|p2: erfeg|move: Stealth Rock
|
|upkeep
|turn|2
|
|t:|1760875485
|move|p2a: Sinistcha|Strength Sap|p1a: Garchomp
|-unboost|p1a: Garchomp|atk|1
|move|p1a: Garchomp|Dragon Tail|p2a: Sinistcha
|-damage|p2a: Sinistcha|85/100
|drag|p2a: Cinderace|Cinderace, M|100/100
|
|upkeep
|turn|3
|
|t:|1760875498
|move|p2a: Cinderace|Court Change|p2a: Cinderace
|-start|p2a: Cinderace|typechange|Normal|[from] ability: Libero
|-swapsideconditions
|-activate|p2a: Cinderace|move: Court Change
|move|p1a: Garchomp|Earthquake|p2a: Cinderace
|-damage|p2a: Cinderace|61/100
|
|upkeep
|turn|4
|
|t:|1760875504
|move|p2a: Cinderace|U-turn|p1a: Garchomp
|-damage|p1a: Garchomp|68/100
|-damage|p2a: Cinderace|49/100|[from] ability: Rough Skin|[of] p1a: Garchomp
|-damage|p2a: Cinderace|32/100|[from] item: Rocky Helmet|[of] p1a: Garchomp
|
|t:|1760875508
|switch|p2a: Ogerpon|Ogerpon-Wellspring, F|72/100|[from] U-turn
|move|p1a: Garchomp|Dragon Tail|p2a: Ogerpon
|-damage|p2a: Ogerpon|49/100
|drag|p2a: Sinistcha|Sinistcha-Masterpiece|85/100
|
|-heal|p2a: Sinistcha|92/100|[from] item: Leftovers
|upkeep
|turn|5
|
|t:|1760875517
|move|p1a: Garchomp|Stealth Rock|p2a: Sinistcha
|-sidestart|p2: erfeg|move: Stealth Rock
|move|p2a: Sinistcha|Shadow Ball|p1a: Garchomp
|-damage|p1a: Garchomp|39/100
|-unboost|p1a: Garchomp|spd|1
|
|-heal|p2a: Sinistcha|98/100|[from] item: Leftovers
|upkeep
|turn|6
|
|t:|1760875525
|move|p2a: Sinistcha|Shadow Ball|p1a: Garchomp
|-damage|p1a: Garchomp|0 fnt
|faint|p1a: Garchomp
|
|-heal|p2a: Sinistcha|100/100|[from] item: Leftovers
|upkeep
|
|t:|1760875541
|switch|p1a: Ceruledge|Ceruledge, F|100/100
|-damage|p1a: Ceruledge|76/100|[from] Stealth Rock
|turn|7
|
|t:|1760875554
|switch|p2a: Zamazenta|Zamazenta|100/100
|-damage|p2a: Zamazenta|94/100|[from] Stealth Rock
|-ability|p2a: Zamazenta|Dauntless Shield|boost
|-boost|p2a: Zamazenta|def|1
|move|p1a: Ceruledge|Bitter Blade|p2a: Zamazenta
|-damage|p2a: Zamazenta|60/100
|-heal|p1a: Ceruledge|99/100|[from] drain|[of] p2a: Zamazenta
|-damage|p1a: Ceruledge|89/100|[from] item: Life Orb
|
|-heal|p2a: Zamazenta|66/100|[from] item: Leftovers
|upkeep
|turn|8
|
|t:|1760875568
|switch|p1a: Excadrill|Excadrill, M|100/100
|-damage|p1a: Excadrill|97/100|[from] Stealth Rock
|-ability|p1a: Excadrill|Mold Breaker
|move|p2a: Zamazenta|Crunch|p1a: Excadrill
|-damage|p1a: Excadrill|65/100
|
|-heal|p2a: Zamazenta|72/100|[from] item: Leftovers
|upkeep
|turn|9
|
|t:|1760875578
|move|p2a: Zamazenta|Body Press|p1a: Excadrill
|-supereffective|p1a: Excadrill
|-damage|p1a: Excadrill|0 fnt
|faint|p1a: Excadrill
|
|-heal|p2a: Zamazenta|78/100|[from] item: Leftovers
|upkeep
|
|t:|1760875584
|switch|p1a: Enamorus|Enamorus, F|100/100
|-damage|p1a: Enamorus|76/100|[from] Stealth Rock
|turn|10
|
|t:|1760875594
|switch|p2a: Sinistcha|Sinistcha-Masterpiece|100/100
|-damage|p2a: Sinistcha|88/100|[from] Stealth Rock
|move|p1a: Enamorus|Moonblast|p2a: Sinistcha
|-damage|p2a: Sinistcha|27/100
|
|-heal|p2a: Sinistcha|33/100|[from] item: Leftovers
|upkeep
|turn|11
|
|t:|1760875602
|switch|p2a: Kingambit|Kingambit, F|100/100
|move|p1a: Enamorus|Moonblast|p2a: Kingambit
|-damage|p2a: Kingambit|33/100
|
|upkeep
|turn|12
|
|t:|1760875608
|move|p2a: Kingambit|Sucker Punch|p1a: Enamorus
|-resisted|p1a: Enamorus
|-damage|p1a: Enamorus|42/100
|move|p1a: Enamorus|Moonblast|p2a: Kingambit
|-damage|p2a: Kingambit|0 fnt
|faint|p2a: Kingambit
|-end|p2a: Kingambit|fallenundefined|[silent]
|
|upkeep
|
|t:|1760875611
|switch|p2a: Cinderace|Cinderace, M|32/100
|turn|13
|
|t:|1760875616
|move|p1a: Enamorus|Moonblast|p2a: Cinderace
|-resisted|p2a: Cinderace
|-damage|p2a: Cinderace|0 fnt
|faint|p2a: Cinderace
|
|upkeep
|
|t:|1760875631
|switch|p2a: Dragonite|Dragonite, M|100/100
|turn|14
|
|t:|1760875646
|-terastallize|p2a: Dragonite|Normal
|move|p2a: Dragonite|Extreme Speed|p1a: Enamorus
|-damage|p1a: Enamorus|0 fnt
|faint|p1a: Enamorus
|
|upkeep
|
|t:|1760875659
|switch|p1a: Manaphy|Manaphy|100/100
|-damage|p1a: Manaphy|88/100|[from] Stealth Rock
|turn|15
|
|t:|1760875664
|move|p1a: Manaphy|Tail Glow|p1a: Manaphy
|-boost|p1a: Manaphy|spa|3
|move|p2a: Dragonite|Dragon Dance|p2a: Dragonite
|-boost|p2a: Dragonite|atk|1
|-boost|p2a: Dragonite|spe|1
|
|upkeep
|turn|16
|
|t:|1760875670
|move|p2a: Dragonite|Dragon Dance|p2a: Dragonite
|-boost|p2a: Dragonite|atk|1
|-boost|p2a: Dragonite|spe|1
|move|p1a: Manaphy|Surf|p2a: Dragonite
|-damage|p2a: Dragonite|52/100
|
|upkeep
|turn|17
|
|t:|1760875676
|move|p2a: Dragonite|Extreme Speed|p1a: Manaphy
|-damage|p1a: Manaphy|0 fnt
|faint|p1a: Manaphy
|
|upkeep
|
|t:|1760875683
|switch|p1a: Diancie|Diancie|100/100
|-damage|p1a: Diancie|88/100|[from] Stealth Rock
|turn|18
|
|t:|1760875689
|move|p2a: Dragonite|Earthquake|p1a: Diancie
|-supereffective|p1a: Diancie
|-damage|p1a: Diancie|0 fnt
|faint|p1a: Diancie
|
|upkeep
|
|t:|1760875693
|switch|p1a: Ceruledge|Ceruledge, F|89/100
|-damage|p1a: Ceruledge|64/100|[from] Stealth Rock
|turn|19
|
|t:|1760875698
|-terastallize|p1a: Ceruledge|Fire
|move|p2a: Dragonite|Earthquake|p1a: Ceruledge
|-supereffective|p1a: Ceruledge
|-damage|p1a: Ceruledge|0 fnt
|faint|p1a: Ceruledge
|
|win|erfeg
|raw|Mafia Cynthia's rating: 1182 &rarr; <strong>1160</strong><br />(-22 for losing)
|raw|erfeg's rating: 1227 &rarr; <strong>1249</strong><br />(+22 for winning)
|l|☆Mafia Cynthia
|player|p1|
