|j|☆kaiky0
|j|☆Log God Neo✈️_✈️
|t:|1760849664
|gametype|singles
|player|p1|kaiky0|essentia|1445
|player|p2|Log God Neo✈️_✈️|medium|1469
|gen|9
|tier|[Gen 9] OU
|rated|
|rule|HP Percentage Mod: HP is shown in percentages
|rule|Endless Battle Clause: Forcing endless battles is banned
|rule|Species Clause: Limit one of each Pokémon
|rule|OHKO Clause: OHKO moves are banned
|rule|Evasion Items Clause: Evasion items are banned
|rule|Evasion Moves Clause: Evasion moves are banned
|rule|Evasion Abilities Clause: Evasion abilities are banned
|rule|Sleep Moves Clause: Sleep-inducing moves are banned
|clearpoke
|poke|p1|Kingambit, F|
|poke|p1|Deoxys-Speed|
|poke|p1|Great Tusk|
|poke|p1|Dragonite, F|
|poke|p1|Iron Moth|
|poke|p1|Primarina, M|
|poke|p2|Tyranitar, F|
|poke|p2|Kyurem|
|poke|p2|Staraptor, M|
|poke|p2|Garchomp, M|
|poke|p2|Torkoal, M|
|poke|p2|Dragonite, M|
|teampreview
|inactive|Battle timer is ON: inactive players will automatically lose when time's up. (requested by Log God Neo✈️_✈️)
|
|t:|1760849672
|teamsize|p1|6
|teamsize|p2|6
|start
|switch|p1a: Great Tusk|Great Tusk|100/100
|switch|p2a: I HAVE NO ENEMIES|Garchomp, M|100/100
|-enditem|p1a: Great Tusk|Booster Energy
|-activate|p1a: Great Tusk|ability: Protosynthesis|[fromitem]
|-start|p1a: Great Tusk|protosynthesisatk
|turn|1
|
|t:|1760849676
|move|p1a: Great Tusk|Ice Spinner|p2a: I HAVE NO ENEMIES
|-supereffective|p2a: I HAVE NO ENEMIES
|-crit|p2a: I HAVE NO ENEMIES
|-damage|p2a: I HAVE NO ENEMIES|0 fnt
|-damage|p1a: Great Tusk|88/100|[from] ability: Rough Skin|[of] p2a: I HAVE NO ENEMIES
|-damage|p1a: Great Tusk|72/100|[from] item: Rocky Helmet|[of] p2a: I HAVE NO ENEMIES
|faint|p2a: I HAVE NO ENEMIES
|
|upkeep
|
|t:|1760849680
|switch|p2a: BIRD JESUS|Staraptor, M|100/100
|turn|2
|
|t:|1760849693
|-terastallize|p1a: Great Tusk|Steel
|move|p1a: Great Tusk|Ice Spinner|p2a: BIRD JESUS
|-supereffective|p2a: BIRD JESUS
|-damage|p2a: BIRD JESUS|0 fnt
|faint|p2a: BIRD JESUS
|
|upkeep
|
|t:|1760849701
|switch|p2a: OVO CHUBBS|Torkoal, M, shiny|100/100
|-weather|SunnyDay|[from] ability: Drought|[of] p2a: OVO CHUBBS
|turn|3
|
|t:|1760849704
|move|p1a: Great Tusk|Headlong Rush|p2a: OVO CHUBBS
|-supereffective|p2a: OVO CHUBBS
|-damage|p2a: OVO CHUBBS|6/100
|-unboost|p1a: Great Tusk|def|1
|-unboost|p1a: Great Tusk|spd|1
|move|p2a: OVO CHUBBS|Lava Plume|p1a: Great Tusk
|-supereffective|p1a: Great Tusk
|-damage|p1a: Great Tusk|0 fnt
|faint|p1a: Great Tusk
|-end|p1a: Great Tusk|Protosynthesis|[silent]
|
|-weather|SunnyDay|[upkeep]
|upkeep
|
|t:|1760849715
|switch|p1a: Iron Moth|Iron Moth|100/100
|-enditem|p1a: Iron Moth|Booster Energy
|-activate|p1a: Iron Moth|ability: Quark Drive|[fromitem]
|-start|p1a: Iron Moth|quarkdrivespe
|turn|4
|
|t:|1760849719
|switch|p2a: DA LAST REX(3005)|Tyranitar, F, shiny|100/100
|-weather|Sandstorm|[from] ability: Sand Stream|[of] p2a: DA LAST REX(3005)
|move|p1a: Iron Moth|Fiery Dance|p2a: DA LAST REX(3005)
|-resisted|p2a: DA LAST REX(3005)
|-damage|p2a: DA LAST REX(3005)|95/100
|-boost|p1a: Iron Moth|spa|1
|
|-weather|Sandstorm|[upkeep]
|-damage|p1a: Iron Moth|95/100|[from] Sandstorm
|upkeep
|turn|5
|
|t:|1760849735
|-end|p1a: Iron Moth|Quark Drive|[silent]
|switch|p1a: Primarina|Primarina, M|100/100
|move|p2a: DA LAST REX(3005)|Earthquake|p1a: Primarina
|-damage|p1a: Primarina|63/100
|
|-weather|Sandstorm|[upkeep]
|-damage|p1a: Primarina|57/100|[from] Sandstorm
|upkeep
|turn|6
|
|t:|1760849745
|move|p1a: Primarina|Moonblast|p2a: DA LAST REX(3005)
|-supereffective|p2a: DA LAST REX(3005)
|-damage|p2a: DA LAST REX(3005)|67/100
|move|p2a: DA LAST REX(3005)|Earthquake|p1a: Primarina
|-damage|p1a: Primarina|20/100
|
|-weather|Sandstorm|[upkeep]
|-damage|p1a: Primarina|14/100|[from] Sandstorm
|upkeep
|turn|7
|
|t:|1760849753
|move|p1a: Primarina|Moonblast|p2a: DA LAST REX(3005)
|-supereffective|p2a: DA LAST REX(3005)
|-damage|p2a: DA LAST REX(3005)|38/100
|move|p2a: DA LAST REX(3005)|Earthquake|p1a: Primarina
|-damage|p1a: Primarina|0 fnt
|faint|p1a: Primarina
|
|-weather|Sandstorm|[upkeep]
|upkeep
|
|t:|1760849767
|switch|p1a: Dragonite|Dragonite, F|100/100
|turn|8
|
|t:|1760849770
|move|p1a: Dragonite|Outrage|p2a: DA LAST REX(3005)
|-damage|p2a: DA LAST REX(3005)|0 fnt
|faint|p2a: DA LAST REX(3005)
|
|-weather|none
|upkeep
|
|t:|1760849773
|switch|p2a: FAT CHARIZARD|Dragonite, M, shiny|100/100
|turn|9
|
|t:|1760849775
|-terastallize|p2a: FAT CHARIZARD|Fairy
|move|p2a: FAT CHARIZARD|Dragon Dance|p2a: FAT CHARIZARD
|-boost|p2a: FAT CHARIZARD|atk|1
|-boost|p2a: FAT CHARIZARD|spe|1
|move|p1a: Dragonite|Outrage|p2a: FAT CHARIZARD|[from] lockedmove
|-immune|p2a: FAT CHARIZARD
|
|upkeep
|turn|10
|
|t:|1760849779
|switch|p1a: Kingambit|Kingambit, F|100/100
|-activate|p1a: Kingambit|ability: Supreme Overlord
|-start|p1a: Kingambit|fallen2|[silent]
|move|p2a: FAT CHARIZARD|Dragon Dance|p2a: FAT CHARIZARD
|-boost|p2a: FAT CHARIZARD|atk|1
|-boost|p2a: FAT CHARIZARD|spe|1
|
|upkeep
|turn|11
|
|t:|1760849783
|move|p2a: FAT CHARIZARD|Earthquake|p1a: Kingambit
|-supereffective|p1a: Kingambit
|-damage|p1a: Kingambit|0 fnt
|faint|p1a: Kingambit
|-end|p1a: Kingambit|fallen2|[silent]
|
|upkeep
|-message|kaiky0 forfeited.
|
|win|Log God Neo✈️_✈️
|raw|kaiky0's rating: 1445 &rarr; <strong>1426</strong><br />(-19 for losing)
|raw|Log God Neo✈️_✈️'s rating: 1469 &rarr; <strong>1488</strong><br />(+19 for winning)
|l|☆kaiky0
|player|p1|
|l|☆Log God Neo✈️_✈️
|player|p2|
