|j|☆HZBKAI9
|j|☆3rdequestrian
|t:|1760846516
|gametype|singles
|player|p1|HZBKAI9|2|1094
|player|p2|3rdequestrian|red|1128
|gen|9
|tier|[Gen 9] OU
|rated|
|rule|HP Percentage Mod: HP is shown in percentages
|rule|Endless Battle Clause: Forcing endless battles is banned
|rule|Species Clause: Limit one of each Pokémon
|rule|OHKO Clause: OHKO moves are banned
|rule|Evasion Items Clause: Evasion items are banned
|rule|Evasion Moves Clause: Evasion moves are banned
|rule|Evasion Abilities Clause: Evasion abilities are banned
|rule|Sleep Moves Clause: Sleep-inducing moves are banned
|clearpoke
|poke|p1|Hoopa-Unbound|
|poke|p1|Heatran, F|
|poke|p1|Drifblim, M|
|poke|p1|Kingambit, F|
|poke|p1|Dragonite, F|
|poke|p1|Gardevoir, F|
|poke|p2|Great Tusk|
|poke|p2|Raging Bolt|
|poke|p2|Iron Valiant|
|poke|p2|Dudunsparce-*, F|
|poke|p2|Latios, M|
|poke|p2|Gholdengo|
|teampreview
|
|t:|1760846528
|teamsize|p1|6
|teamsize|p2|6
|start
|switch|p1a: Kingambit|Kingambit, F|100/100
|switch|p2a: Dudunsparce|Dudunsparce-Three-Segment, F|100/100
|turn|1
|
|t:|1760846534
|move|p1a: Kingambit|Kowtow Cleave|p2a: Dudunsparce
|-damage|p2a: Dudunsparce|57/100
|-ability|p2a: Dudunsparce|Rattled|boost
|-boost|p2a: Dudunsparce|spe|1
|move|p2a: Dudunsparce|Stealth Rock|p1a: Kingambit
|-sidestart|p1: HZBKAI9|move: Stealth Rock
|
|-heal|p2a: Dudunsparce|63/100|[from] item: Leftovers
|upkeep
|turn|2
|
|t:|1760846542
|move|p2a: Dudunsparce|Earth Power|p1a: Kingambit
|-supereffective|p1a: Kingambit
|-damage|p1a: Kingambit|42/100
|move|p1a: Kingambit|Kowtow Cleave|p2a: Dudunsparce
|-damage|p2a: Dudunsparce|20/100
|-ability|p2a: Dudunsparce|Rattled|boost
|-boost|p2a: Dudunsparce|spe|1
|
|-heal|p2a: Dudunsparce|26/100|[from] item: Leftovers
|-heal|p1a: Kingambit|49/100|[from] item: Leftovers
|upkeep
|turn|3
|
|t:|1760846545
|move|p2a: Dudunsparce|Earth Power|p1a: Kingambit
|-supereffective|p1a: Kingambit
|-damage|p1a: Kingambit|0 fnt
|faint|p1a: Kingambit
|-end|p1a: Kingambit|fallenundefined|[silent]
|
|-heal|p2a: Dudunsparce|32/100|[from] item: Leftovers
|upkeep
|
|t:|1760846546
|switch|p1a: Hoopa|Hoopa-Unbound|100/100
|-damage|p1a: Hoopa|88/100|[from] Stealth Rock
|turn|4
|
|t:|1760846559
|move|p2a: Dudunsparce|Boomburst|p1a: Hoopa
|-damage|p1a: Hoopa|58/100
|move|p1a: Hoopa|Drain Punch|p2a: Dudunsparce
|-supereffective|p2a: Dudunsparce
|-damage|p2a: Dudunsparce|0 fnt
|-heal|p1a: Hoopa|77/100|[from] drain|[of] p2a: Dudunsparce
|faint|p2a: Dudunsparce
|
|upkeep
|
|t:|1760846573
|switch|p2a: Iron Valiant|Iron Valiant|100/100
|-enditem|p2a: Iron Valiant|Booster Energy
|-activate|p2a: Iron Valiant|ability: Quark Drive|[fromitem]
|-start|p2a: Iron Valiant|quarkdrivespe
|turn|5
|
|t:|1760846587
|move|p2a: Iron Valiant|Moonblast|p1a: Hoopa
|-supereffective|p1a: Hoopa
|-damage|p1a: Hoopa|34/100
|-unboost|p1a: Hoopa|spa|1
|move|p1a: Hoopa|Psychic Noise|p2a: Iron Valiant
|-supereffective|p2a: Iron Valiant
|-damage|p2a: Iron Valiant|0 fnt
|faint|p2a: Iron Valiant
|-end|p2a: Iron Valiant|Quark Drive|[silent]
|
|upkeep
|
|t:|1760846615
|switch|p2a: Raging Bolt|Raging Bolt|100/100
|-enditem|p2a: Raging Bolt|Booster Energy
|-activate|p2a: Raging Bolt|ability: Protosynthesis|[fromitem]
|-start|p2a: Raging Bolt|protosynthesisspa
|turn|6
|
|t:|1760846624
|move|p2a: Raging Bolt|Thunderclap|p1a: Hoopa
|-damage|p1a: Hoopa|7/100
|move|p1a: Hoopa|Psychic Noise|p2a: Raging Bolt
|-damage|p2a: Raging Bolt|73/100
|-start|p2a: Raging Bolt|move: Heal Block
|
|upkeep
|turn|7
|
|t:|1760846627
|move|p2a: Raging Bolt|Thunderclap|p1a: Hoopa
|-damage|p1a: Hoopa|0 fnt
|faint|p1a: Hoopa
|
|-end|p2a: Raging Bolt|move: Heal Block
|upkeep
|
|t:|1760846630
|switch|p1a: Dragonite|Dragonite, F|100/100
|turn|8
|
|t:|1760846639
|-terastallize|p2a: Raging Bolt|Bug
|move|p1a: Dragonite|Earthquake|p2a: Raging Bolt
|-resisted|p2a: Raging Bolt
|-damage|p2a: Raging Bolt|53/100
|move|p2a: Raging Bolt|Dragon Pulse|p1a: Dragonite
|-supereffective|p1a: Dragonite
|-crit|p1a: Dragonite
|-damage|p1a: Dragonite|0 fnt
|faint|p1a: Dragonite
|
|upkeep
|
|t:|1760846640
|switch|p1a: Heatran|Heatran, F|100/100
|-damage|p1a: Heatran|88/100|[from] Stealth Rock
|turn|9
|
|t:|1760846653
|-end|p2a: Raging Bolt|Protosynthesis|[silent]
|switch|p2a: Latios|Latios, M|100/100
|move|p1a: Heatran|Magma Storm|p2a: Latios|[miss]
|-miss|p1a: Heatran|p2a: Latios
|
|-heal|p1a: Heatran|94/100|[from] item: Leftovers
|upkeep
|turn|10
|
|t:|1760846662
|move|p2a: Latios|Psychic Noise|p1a: Heatran
|-resisted|p1a: Heatran
|-damage|p1a: Heatran|69/100
|-start|p1a: Heatran|move: Heal Block
|move|p1a: Heatran|Earth Power|p2a: Latios
|-immune|p2a: Latios|[from] ability: Levitate
|
|upkeep
|turn|11
|
|t:|1760846671
|move|p2a: Latios|Calm Mind|p2a: Latios
|-boost|p2a: Latios|spa|1
|-boost|p2a: Latios|spd|1
|move|p1a: Heatran|Earth Power|p2a: Latios
|-immune|p2a: Latios|[from] ability: Levitate
|
|-end|p1a: Heatran|move: Heal Block
|upkeep
|turn|12
|
|t:|1760846675
|move|p2a: Latios|Calm Mind|p2a: Latios
|-boost|p2a: Latios|spa|1
|-boost|p2a: Latios|spd|1
|move|p1a: Heatran|Earth Power|p2a: Latios
|-immune|p2a: Latios|[from] ability: Levitate
|
|-heal|p1a: Heatran|75/100|[from] item: Leftovers
|upkeep
|turn|13
|
|t:|1760846681
|move|p2a: Latios|Calm Mind|p2a: Latios
|-boost|p2a: Latios|spa|1
|-boost|p2a: Latios|spd|1
|move|p1a: Heatran|Earth Power|p2a: Latios
|-immune|p2a: Latios|[from] ability: Levitate
|
|-heal|p1a: Heatran|81/100|[from] item: Leftovers
|upkeep
|turn|14
|
|t:|1760846688
|move|p2a: Latios|Calm Mind|p2a: Latios
|-boost|p2a: Latios|spa|1
|-boost|p2a: Latios|spd|1
|move|p1a: Heatran|Earth Power|p2a: Latios
|-immune|p2a: Latios|[from] ability: Levitate
|
|-heal|p1a: Heatran|87/100|[from] item: Leftovers
|upkeep
|turn|15
|
|t:|1760846690
|move|p2a: Latios|Calm Mind|p2a: Latios
|-boost|p2a: Latios|spa|1
|-boost|p2a: Latios|spd|1
|move|p1a: Heatran|Earth Power|p2a: Latios
|-immune|p2a: Latios|[from] ability: Levitate
|
|-heal|p1a: Heatran|93/100|[from] item: Leftovers
|upkeep
|turn|16
|
|t:|1760846693
|move|p2a: Latios|Calm Mind|p2a: Latios
|-boost|p2a: Latios|spa|1
|-boost|p2a: Latios|spd|1
|move|p1a: Heatran|Earth Power|p2a: Latios
|-immune|p2a: Latios|[from] ability: Levitate
|
|-heal|p1a: Heatran|99/100|[from] item: Leftovers
|upkeep
|turn|17
|
|t:|1760846700
|move|p2a: Latios|Psychic Noise|p1a: Heatran
|-resisted|p1a: Heatran
|-crit|p1a: Heatran
|-damage|p1a: Heatran|0 fnt
|faint|p1a: Heatran
|
|upkeep
|
|t:|1760846703
|switch|p1a: Drifblim|Drifblim, M|100/100
|-damage|p1a: Drifblim|76/100|[from] Stealth Rock
|turn|18
|
|t:|1760846709
|move|p2a: Latios|Psychic Noise|p1a: Drifblim
|-damage|p1a: Drifblim|0 fnt
|faint|p1a: Drifblim
|
|upkeep
|
|t:|1760846711
|switch|p1a: Gardevoir|Gardevoir, F|100/100
|-damage|p1a: Gardevoir|88/100|[from] Stealth Rock
|turn|19
|
|t:|1760846715
|move|p1a: Gardevoir|Draining Kiss|p2a: Latios
|-supereffective|p2a: Latios
|-damage|p2a: Latios|86/100
|-heal|p1a: Gardevoir|99/100|[from] drain|[of] p2a: Latios
|move|p2a: Latios|Psychic Noise|p1a: Gardevoir
|-resisted|p1a: Gardevoir
|-damage|p1a: Gardevoir|0 fnt
|faint|p1a: Gardevoir
|
|win|3rdequestrian
|raw|HZBKAI9's rating: 1094 &rarr; <strong>1072</strong><br />(-22 for losing)
|raw|3rdequestrian's rating: 1128 &rarr; <strong>1151</strong><br />(+23 for winning)
|l|☆HZBKAI9
|player|p1|
|l|☆3rdequestrian
|player|p2|
