|j|☆aqualyra
|j|☆v1396449132
|t:|1760759466
|gametype|singles
|player|p1|aqualyra|dawn-gen4pt|1040
|player|p2|v1396449132|169|1078
|gen|9
|tier|[Gen 9] OU
|rated|
|rule|HP Percentage Mod: HP is shown in percentages
|rule|Endless Battle Clause: Forcing endless battles is banned
|rule|Species Clause: Limit one of each Pokémon
|rule|OHKO Clause: OHKO moves are banned
|rule|Evasion Items Clause: Evasion items are banned
|rule|Evasion Moves Clause: Evasion moves are banned
|rule|Evasion Abilities Clause: Evasion abilities are banned
|rule|Sleep Moves Clause: Sleep-inducing moves are banned
|clearpoke
|poke|p1|Ting-Lu|
|poke|p1|Great Tusk|
|poke|p1|Gholdengo|
|poke|p1|Kingambit, F|
|poke|p1|Ogerpon-Wellspring, F|
|poke|p1|Corviknight, F|
|poke|p2|Jirachi|
|poke|p2|Gliscor, M|
|poke|p2|Empoleon, M|
|poke|p2|Serperior, M|
|poke|p2|Landorus-Therian, M|
|poke|p2|Incineroar, M|
|teampreview
|inactive|Battle timer is ON: inactive players will automatically lose when time's up. (requested by aqualyra)
|
|t:|1760759472
|teamsize|p1|6
|teamsize|p2|6
|start
|switch|p1a: Ting-Lu|Ting-Lu|100/100
|switch|p2a: Landorus|Landorus-Therian, M, shiny|100/100
|-ability|p2a: Landorus|Intimidate|boost
|-unboost|p1a: Ting-Lu|atk|1
|-ability|p1a: Ting-Lu|Vessel of Ruin
|turn|1
|
|t:|1760759484
|move|p2a: Landorus|Taunt|p1a: Ting-Lu
|-start|p1a: Ting-Lu|move: Taunt
|cant|p1a: Ting-Lu|move: Taunt|Stealth Rock
|
|upkeep
|turn|2
|
|t:|1760759500
|switch|p1a: Ogerpon|Ogerpon-Wellspring, F|100/100
|move|p2a: Landorus|Stealth Rock|p1a: Ogerpon
|-sidestart|p1: aqualyra|move: Stealth Rock
|
|upkeep
|turn|3
|
|t:|1760759506
|move|p1a: Ogerpon|Ivy Cudgel|p2a: Landorus|[anim] Ivy Cudgel Water
|-supereffective|p2a: Landorus
|-damage|p2a: Landorus|0 fnt
|faint|p2a: Landorus
|
|upkeep
|
|t:|1760759513
|switch|p2a: Gliscor|Gliscor, M, shiny|100/100
|turn|4
|
|t:|1760759517
|switch|p1a: Gholdengo|Gholdengo|100/100
|-damage|p1a: Gholdengo|94/100|[from] Stealth Rock
|move|p2a: Gliscor|Protect||[still]
|-fail|p2a: Gliscor
|
|-status|p2a: Gliscor|tox|[from] item: Toxic Orb
|upkeep
|turn|5
|
|t:|1760759529
|move|p2a: Gliscor|Substitute|p2a: Gliscor
|-start|p2a: Gliscor|Substitute
|-damage|p2a: Gliscor|76/100 tox
|move|p1a: Gholdengo|Trick||[still]
|-fail|p1a: Gholdengo
|
|-heal|p2a: Gliscor|88/100 tox|[from] ability: Poison Heal
|upkeep
|turn|6
|
|t:|1760759538
|switch|p1a: Ogerpon|Ogerpon-Wellspring, F|100/100
|-damage|p1a: Ogerpon|88/100|[from] Stealth Rock
|move|p2a: Gliscor|Knock Off|p1a: Ogerpon
|-damage|p1a: Ogerpon|71/100
|
|-heal|p2a: Gliscor|100/100 tox|[from] ability: Poison Heal
|upkeep
|turn|7
|
|t:|1760759546
|move|p1a: Ogerpon|Ivy Cudgel|p2a: Gliscor|[anim] Ivy Cudgel Water
|-supereffective|p2a: Gliscor
|-end|p2a: Gliscor|Substitute
|move|p2a: Gliscor|Toxic|p1a: Ogerpon|[miss]
|-miss|p2a: Gliscor|p1a: Ogerpon
|
|upkeep
|turn|8
|
|t:|1760759555
|move|p1a: Ogerpon|Ivy Cudgel|p2a: Gliscor|[anim] Ivy Cudgel Water
|-supereffective|p2a: Gliscor
|-damage|p2a: Gliscor|12/100 tox
|move|p2a: Gliscor|Toxic|p1a: Ogerpon
|-status|p1a: Ogerpon|tox
|
|-damage|p1a: Ogerpon|65/100 tox|[from] psn
|-heal|p2a: Gliscor|25/100 tox|[from] ability: Poison Heal
|upkeep
|turn|9
|
|t:|1760759564
|move|p2a: Gliscor|Protect|p2a: Gliscor
|-singleturn|p2a: Gliscor|Protect
|move|p1a: Ogerpon|Ivy Cudgel|p2a: Gliscor|[anim] Ivy Cudgel Water
|-activate|p2a: Gliscor|move: Protect
|
|-damage|p1a: Ogerpon|53/100 tox|[from] psn
|-heal|p2a: Gliscor|37/100 tox|[from] ability: Poison Heal
|upkeep
|turn|10
|
|t:|1760759581
|switch|p2a: Jirachi|Jirachi|100/100
|move|p1a: Ogerpon|Power Whip|p2a: Jirachi
|-resisted|p2a: Jirachi
|-damage|p2a: Jirachi|73/100
|
|-heal|p2a: Jirachi|79/100|[from] item: Leftovers
|-damage|p1a: Ogerpon|35/100 tox|[from] psn
|upkeep
|turn|11
|
|t:|1760759593
|switch|p1a: Corviknight|Corviknight, F|100/100
|-damage|p1a: Corviknight|88/100|[from] Stealth Rock
|move|p2a: Jirachi|Iron Head|p1a: Corviknight
|-resisted|p1a: Corviknight
|-damage|p1a: Corviknight|79/100
|-damage|p2a: Jirachi|63/100|[from] item: Rocky Helmet|[of] p1a: Corviknight
|
|-heal|p2a: Jirachi|69/100|[from] item: Leftovers
|upkeep
|turn|12
|
|t:|1760759603
|move|p2a: Jirachi|Body Slam|p1a: Corviknight
|-resisted|p1a: Corviknight
|-damage|p1a: Corviknight|73/100
|-status|p1a: Corviknight|par
|-damage|p2a: Jirachi|52/100|[from] item: Rocky Helmet|[of] p1a: Corviknight
|move|p1a: Corviknight|Defog|p2a: Jirachi
|-unboost|p2a: Jirachi|evasion|1
|-sideend|p1: aqualyra|Stealth Rock|[from] move: Defog|[of] p1a: Corviknight
|
|-heal|p2a: Jirachi|58/100|[from] item: Leftovers
|upkeep
|turn|13
|
|t:|1760759614
|move|p2a: Jirachi|Confuse Ray|p1a: Corviknight
|-start|p1a: Corviknight|confusion
|-activate|p1a: Corviknight|confusion
|-damage|p1a: Corviknight|68/100 par|[from] confusion
|
|-heal|p2a: Jirachi|65/100|[from] item: Leftovers
|upkeep
|turn|14
|
|t:|1760759624
|switch|p1a: Ting-Lu|Ting-Lu|100/100
|-ability|p1a: Ting-Lu|Vessel of Ruin
|move|p2a: Jirachi|Drain Punch|p1a: Ting-Lu
|-supereffective|p1a: Ting-Lu
|-damage|p1a: Ting-Lu|85/100
|-heal|p2a: Jirachi|75/100|[from] drain|[of] p1a: Ting-Lu
|
|-heal|p2a: Jirachi|81/100|[from] item: Leftovers
|-heal|p1a: Ting-Lu|91/100|[from] item: Leftovers
|upkeep
|turn|15
|
|t:|1760759636
|move|p2a: Jirachi|Body Slam|p1a: Ting-Lu
|-damage|p1a: Ting-Lu|83/100
|move|p1a: Ting-Lu|Stealth Rock|p2a: Jirachi
|-sidestart|p2: v1396449132|move: Stealth Rock
|
|-heal|p2a: Jirachi|87/100|[from] item: Leftovers
|-heal|p1a: Ting-Lu|90/100|[from] item: Leftovers
|upkeep
|turn|16
|
|t:|1760759644
|move|p2a: Jirachi|Body Slam|p1a: Ting-Lu
|-damage|p1a: Ting-Lu|82/100
|move|p1a: Ting-Lu|Whirlwind|p2a: Jirachi
|drag|p2a: Serperior|Serperior, M, shiny|100/100
|-damage|p2a: Serperior|88/100|[from] Stealth Rock
|
|-heal|p2a: Serperior|94/100|[from] item: Leftovers
|-heal|p1a: Ting-Lu|88/100|[from] item: Leftovers
|upkeep
|turn|17
|
|t:|1760759656
|move|p2a: Serperior|Leaf Storm|p1a: Ting-Lu
|-supereffective|p1a: Ting-Lu
|-damage|p1a: Ting-Lu|26/100
|-boost|p2a: Serperior|spa|2
|move|p1a: Ting-Lu|Ruination|p2a: Serperior
|-damage|p2a: Serperior|47/100
|
|-heal|p2a: Serperior|54/100|[from] item: Leftovers
|-heal|p1a: Ting-Lu|33/100|[from] item: Leftovers
|upkeep
|turn|18
|
|t:|1760759665
|move|p2a: Serperior|Leaf Storm|p1a: Ting-Lu
|-supereffective|p1a: Ting-Lu
|-damage|p1a: Ting-Lu|0 fnt
|-boost|p2a: Serperior|spa|2
|faint|p1a: Ting-Lu
|
|-heal|p2a: Serperior|60/100|[from] item: Leftovers
|upkeep
|
|t:|1760759673
|switch|p1a: Great Tusk|Great Tusk|100/100
|turn|19
|
|t:|1760759677
|move|p1a: Great Tusk|Ice Spinner|p2a: Serperior
|-supereffective|p2a: Serperior
|-damage|p2a: Serperior|0 fnt
|faint|p2a: Serperior
|
|upkeep
|
|t:|1760759682
|switch|p2a: Jirachi|Jirachi|87/100
|-damage|p2a: Jirachi|81/100|[from] Stealth Rock
|turn|20
|
|t:|1760759687
|-end|p1a: Great Tusk|Protosynthesis|[silent]
|switch|p1a: Corviknight|Corviknight, F|68/100 par
|move|p2a: Jirachi|Confuse Ray|p1a: Corviknight
|-start|p1a: Corviknight|confusion
|
|-heal|p2a: Jirachi|87/100|[from] item: Leftovers
|upkeep
|turn|21
|
|t:|1760759697
|switch|p1a: Gholdengo|Gholdengo|94/100
|move|p2a: Jirachi|Drain Punch|p1a: Gholdengo
|-immune|p1a: Gholdengo
|
|-heal|p2a: Jirachi|93/100|[from] item: Leftovers
|upkeep
|turn|22
|
|t:|1760759708
|move|p2a: Jirachi|Confuse Ray|p1a: Gholdengo
|-immune|p1a: Gholdengo|[from] ability: Good as Gold
|move|p1a: Gholdengo|Shadow Ball|p2a: Jirachi
|-supereffective|p2a: Jirachi
|-damage|p2a: Jirachi|0 fnt
|faint|p2a: Jirachi
|
|upkeep
|-message|v1396449132 forfeited.
|
|win|aqualyra
|raw|aqualyra's rating: 1040 &rarr; <strong>1078</strong><br />(+38 for winning)
|raw|v1396449132's rating: 1078 &rarr; <strong>1054</strong><br />(-24 for losing)
|l|☆v1396449132
|player|p2|
