|j|☆deep value
|j|☆reudige Gurke
|t:|1760825601
|gametype|singles
|player|p1|deep value|yellow|1463
|player|p2|reudige Gurke|265|1409
|gen|9
|tier|[Gen 9] OU
|rated|
|rule|HP Percentage Mod: HP is shown in percentages
|rule|Endless Battle Clause: Forcing endless battles is banned
|rule|Species Clause: Limit one of each Pokémon
|rule|OHKO Clause: OHKO moves are banned
|rule|Evasion Items Clause: Evasion items are banned
|rule|Evasion Moves Clause: Evasion moves are banned
|rule|Evasion Abilities Clause: Evasion abilities are banned
|rule|Sleep Moves Clause: Sleep-inducing moves are banned
|clearpoke
|poke|p1|Hydrapple, F|
|poke|p1|Zamazenta-*|
|poke|p1|Darkrai|
|poke|p1|Ting-Lu|
|poke|p1|Tinkaton, F|
|poke|p1|Moltres|
|poke|p2|Mew|
|poke|p2|Alomomola, M|
|poke|p2|Cinderace, M|
|poke|p2|Primarina, F|
|poke|p2|Persian-Alola, M|
|poke|p2|Kyurem|
|teampreview
|j| Woodij55
|inactive|Battle timer is ON: inactive players will automatically lose when time's up. (requested by deep value)
|
|t:|1760825612
|teamsize|p1|6
|teamsize|p2|6
|start
|switch|p1a: Darkrai|Darkrai, shiny|100/100
|switch|p2a: Persian|Persian-Alola, M|100/100
|turn|1
|
|t:|1760825618
|switch|p1a: Tinkaton|Tinkaton, F|100/100
|-ability|p1a: Tinkaton|Mold Breaker
|-item|p1a: Tinkaton|Air Balloon
|move|p2a: Persian|Thunder Wave|p1a: Tinkaton|[miss]
|-miss|p2a: Persian|p1a: Tinkaton
|
|upkeep
|turn|2
|
|t:|1760825627
|switch|p1a: Ting-Lu|Ting-Lu|100/100
|-ability|p1a: Ting-Lu|Vessel of Ruin
|move|p2a: Persian|Thunder Wave|p1a: Ting-Lu
|-immune|p1a: Ting-Lu
|
|upkeep
|turn|3
|
|t:|1760825637
|switch|p2a: Alomomola|Alomomola, M|100/100
|move|p1a: Ting-Lu|Ruination|p2a: Alomomola
|-damage|p2a: Alomomola|50/100
|
|upkeep
|turn|4
|
|t:|1760825649
|switch|p1a: Hydrapple|Hydrapple, F|100/100
|move|p2a: Alomomola|Flip Turn|p1a: Hydrapple
|-resisted|p1a: Hydrapple
|-damage|p1a: Hydrapple|98/100
|
|t:|1760825653
|switch|p2a: Kyurem|Kyurem|100/100|[from] Flip Turn
|-ability|p2a: Kyurem|Pressure
|
|upkeep
|turn|5
|
|t:|1760825658
|switch|p1a: Tinkaton|Tinkaton, F|100/100
|-ability|p1a: Tinkaton|Mold Breaker
|-item|p1a: Tinkaton|Air Balloon
|move|p2a: Kyurem|Substitute|p2a: Kyurem
|-start|p2a: Kyurem|Substitute
|-damage|p2a: Kyurem|76/100
|
|-heal|p2a: Kyurem|82/100|[from] item: Leftovers
|upkeep
|turn|6
|
|t:|1760825665
|move|p2a: Kyurem|Icicle Spear|p1a: Tinkaton
|-resisted|p1a: Tinkaton
|-damage|p1a: Tinkaton|95/100
|-enditem|p1a: Tinkaton|Air Balloon
|-resisted|p1a: Tinkaton
|-damage|p1a: Tinkaton|88/100
|-hitcount|p1a: Tinkaton|2
|move|p1a: Tinkaton|Encore|p2a: Kyurem
|-start|p2a: Kyurem|Encore
|
|-heal|p2a: Kyurem|88/100|[from] item: Leftovers
|upkeep
|turn|7
|
|t:|1760825673
|move|p2a: Kyurem|Icicle Spear|p1a: Tinkaton
|-resisted|p1a: Tinkaton
|-damage|p1a: Tinkaton|82/100
|-resisted|p1a: Tinkaton
|-damage|p1a: Tinkaton|75/100
|-resisted|p1a: Tinkaton
|-damage|p1a: Tinkaton|70/100
|-resisted|p1a: Tinkaton
|-damage|p1a: Tinkaton|64/100
|-resisted|p1a: Tinkaton
|-damage|p1a: Tinkaton|58/100
|-hitcount|p1a: Tinkaton|5
|move|p1a: Tinkaton|Gigaton Hammer|p2a: Kyurem
|-supereffective|p2a: Kyurem
|-end|p2a: Kyurem|Substitute
|
|-heal|p2a: Kyurem|94/100|[from] item: Leftovers
|upkeep
|turn|8
|
|t:|1760825688
|switch|p2a: Alomomola|Alomomola, M|84/100
|move|p1a: Tinkaton|Thunder Wave|p2a: Alomomola
|-status|p2a: Alomomola|par
|
|upkeep
|turn|9
|
|t:|1760825696
|move|p1a: Tinkaton|Stealth Rock|p2a: Alomomola
|-sidestart|p2: reudige Gurke|move: Stealth Rock
|move|p2a: Alomomola|Flip Turn|p1a: Tinkaton
|-damage|p1a: Tinkaton|40/100
|
|t:|1760825699
|switch|p2a: Cinderace|Cinderace, M|100/100|[from] Flip Turn
|
|upkeep
|turn|10
|
|t:|1760825702
|move|p2a: Cinderace|Pyro Ball|p1a: Tinkaton
|-supereffective|p1a: Tinkaton
|-damage|p1a: Tinkaton|0 fnt
|faint|p1a: Tinkaton
|
|upkeep
|
|t:|1760825708
|switch|p1a: Darkrai|Darkrai, shiny|100/100
|turn|11
|
|t:|1760825716
|move|p1a: Darkrai|Knock Off|p2a: Cinderace
|-damage|p2a: Cinderace|60/100
|-enditem|p2a: Cinderace|Heavy-Duty Boots|[from] move: Knock Off|[of] p1a: Darkrai
|move|p2a: Cinderace|U-turn|p1a: Darkrai
|-start|p2a: Cinderace|typechange|Bug|[from] ability: Libero
|-supereffective|p1a: Darkrai
|-damage|p1a: Darkrai|4/100
|
|t:|1760825734
|switch|p2a: Alomomola|Alomomola, M|100/100 par|[from] U-turn
|
|upkeep
|turn|12
|
|t:|1760825737
|move|p1a: Darkrai|Knock Off|p2a: Alomomola
|-damage|p2a: Alomomola|87/100 par
|-enditem|p2a: Alomomola|Heavy-Duty Boots|[from] move: Knock Off|[of] p1a: Darkrai
|cant|p2a: Alomomola|par
|
|upkeep
|turn|13
|
|t:|1760825744
|move|p1a: Darkrai|Dark Pulse|p2a: Alomomola
|-damage|p2a: Alomomola|32/100 par
|move|p2a: Alomomola|Flip Turn|p1a: Darkrai
|-damage|p1a: Darkrai|0 fnt
|faint|p1a: Darkrai
|
|t:|1760825748
|switch|p2a: Persian|Persian-Alola, M|100/100|[from] Flip Turn
|-damage|p2a: Persian|88/100|[from] Stealth Rock
|
|upkeep
|
|t:|1760825753
|switch|p1a: Zamazenta|Zamazenta|100/100
|-ability|p1a: Zamazenta|Dauntless Shield|boost
|-boost|p1a: Zamazenta|def|1
|turn|14
|
|t:|1760825762
|move|p2a: Persian|Switcheroo|p1a: Zamazenta
|-activate|p2a: Persian|move: Trick|[of] p1a: Zamazenta
|-item|p1a: Zamazenta|Choice Scarf|[from] move: Switcheroo
|-item|p2a: Persian|Heavy-Duty Boots|[from] move: Switcheroo
|move|p1a: Zamazenta|Close Combat|p2a: Persian
|-supereffective|p2a: Persian
|-damage|p2a: Persian|0 fnt
|-unboost|p1a: Zamazenta|def|1
|-unboost|p1a: Zamazenta|spd|1
|faint|p2a: Persian
|
|upkeep
|
|t:|1760825769
|switch|p2a: Mew|Mew|100/100
|-damage|p2a: Mew|88/100|[from] Stealth Rock
|turn|15
|
|t:|1760825773
|switch|p1a: Moltres|Moltres|100/100
|move|p2a: Mew|Calm Mind|p2a: Mew
|-boost|p2a: Mew|spa|1
|-boost|p2a: Mew|spd|1
|
|upkeep
|turn|16
|
|t:|1760825780
|move|p2a: Mew|Agility|p2a: Mew
|-boost|p2a: Mew|spe|2
|move|p1a: Moltres|Roar|p2a: Mew
|drag|p2a: Cinderace|Cinderace, M|60/100
|-damage|p2a: Cinderace|35/100|[from] Stealth Rock
|
|upkeep
|turn|17
|
|t:|1760825785
|move|p2a: Cinderace|Court Change|p2a: Cinderace
|-start|p2a: Cinderace|typechange|Normal|[from] ability: Libero
|-swapsideconditions
|-activate|p2a: Cinderace|move: Court Change
|move|p1a: Moltres|Flamethrower|p2a: Cinderace
|-damage|p2a: Cinderace|0 fnt
|faint|p2a: Cinderace
|
|upkeep
|
|t:|1760825790
|switch|p2a: Primarina|Primarina, F|100/100
|turn|18
|
|t:|1760825803
|switch|p1a: Zamazenta|Zamazenta|100/100
|-damage|p1a: Zamazenta|94/100|[from] Stealth Rock
|move|p2a: Primarina|Surf|p1a: Zamazenta
|-damage|p1a: Zamazenta|49/100
|
|upkeep
|turn|19
|
|t:|1760825810
|switch|p2a: Alomomola|Alomomola, M|66/100 par
|move|p1a: Zamazenta|Crunch|p2a: Alomomola
|-damage|p2a: Alomomola|53/100 par
|
|upkeep
|turn|20
|
|t:|1760825815
|move|p1a: Zamazenta|Crunch|p2a: Alomomola
|-damage|p2a: Alomomola|39/100 par
|-unboost|p2a: Alomomola|def|1
|cant|p2a: Alomomola|par
|
|upkeep
|turn|21
|
|t:|1760825818
|switch|p2a: Mew|Mew|88/100
|move|p1a: Zamazenta|Crunch|p2a: Mew
|-supereffective|p2a: Mew
|-damage|p2a: Mew|53/100
|-enditem|p2a: Mew|Weakness Policy
|-boost|p2a: Mew|atk|2|[from] item: Weakness Policy
|-boost|p2a: Mew|spa|2|[from] item: Weakness Policy
|
|upkeep
|turn|22
|
|t:|1760825835
|switch|p1a: Moltres|Moltres|100/100
|move|p2a: Mew|Agility|p2a: Mew
|-boost|p2a: Mew|spe|2
|
|upkeep
|turn|23
|
|t:|1760825837
|move|p2a: Mew|Stored Power|p1a: Moltres
|-damage|p1a: Moltres|9/100
|move|p1a: Moltres|Roar|p2a: Mew
|drag|p2a: Alomomola|Alomomola, M|72/100 par
|
|upkeep
|turn|24
|
|t:|1760825844
|move|p1a: Moltres|Roost|p1a: Moltres
|-heal|p1a: Moltres|60/100
|-singleturn|p1a: Moltres|move: Roost
|cant|p2a: Alomomola|par
|
|upkeep
|turn|25
|
|t:|1760825847
|move|p1a: Moltres|Roost|p1a: Moltres
|-heal|p1a: Moltres|100/100
|-singleturn|p1a: Moltres|move: Roost
|cant|p2a: Alomomola|par
|
|upkeep
|turn|26
|
|t:|1760825853
|move|p1a: Moltres|U-turn|p2a: Alomomola
|-damage|p2a: Alomomola|64/100 par
|
|t:|1760825855
|switch|p1a: Ting-Lu|Ting-Lu|100/100|[from] U-turn
|-damage|p1a: Ting-Lu|94/100|[from] Stealth Rock
|-ability|p1a: Ting-Lu|Vessel of Ruin
|move|p2a: Alomomola|Wish|p2a: Alomomola
|
|-heal|p1a: Ting-Lu|100/100|[from] item: Leftovers
|upkeep
|turn|27
|
|t:|1760825859
|move|p1a: Ting-Lu|Spikes|p2a: Alomomola
|-sidestart|p2: reudige Gurke|Spikes
|move|p2a: Alomomola|Flip Turn|p1a: Ting-Lu
|-supereffective|p1a: Ting-Lu
|-damage|p1a: Ting-Lu|83/100
|
|t:|1760825862
|switch|p2a: Mew|Mew|53/100|[from] Flip Turn
|-damage|p2a: Mew|41/100|[from] Spikes
|
|-heal|p2a: Mew|100/100|[from] move: Wish|[wisher] Alomomola
|-heal|p1a: Ting-Lu|89/100|[from] item: Leftovers
|upkeep
|turn|28
|
|t:|1760825866
|move|p2a: Mew|Calm Mind|p2a: Mew
|-boost|p2a: Mew|spa|1
|-boost|p2a: Mew|spd|1
|move|p1a: Ting-Lu|Whirlwind|p2a: Mew
|drag|p2a: Alomomola|Alomomola, M|98/100 par
|-damage|p2a: Alomomola|85/100 par|[from] Spikes
|
|-heal|p1a: Ting-Lu|95/100|[from] item: Leftovers
|upkeep
|turn|29
|
|t:|1760825874
|move|p1a: Ting-Lu|Spikes|p2a: Alomomola
|-sidestart|p2: reudige Gurke|Spikes
|cant|p2a: Alomomola|par
|
|-heal|p1a: Ting-Lu|100/100|[from] item: Leftovers
|upkeep
|turn|30
|
|t:|1760825876
|move|p1a: Ting-Lu|Spikes|p2a: Alomomola
|-sidestart|p2: reudige Gurke|Spikes
|move|p2a: Alomomola|Scald|p1a: Ting-Lu
|-supereffective|p1a: Ting-Lu
|-damage|p1a: Ting-Lu|89/100
|
|-heal|p1a: Ting-Lu|95/100|[from] item: Leftovers
|upkeep
|turn|31
|
|t:|1760825882
|move|p2a: Alomomola|Scald|p1a: Ting-Lu
|-supereffective|p1a: Ting-Lu
|-damage|p1a: Ting-Lu|85/100
|move|p1a: Ting-Lu|Whirlwind|p2a: Alomomola
|drag|p2a: Primarina|Primarina, F|100/100
|-damage|p2a: Primarina|76/100|[from] Spikes
|
|-heal|p1a: Ting-Lu|91/100|[from] item: Leftovers
|upkeep
|turn|32
|
|t:|1760825891
|-terastallize|p1a: Ting-Lu|Water
|move|p2a: Primarina|Moonblast|p1a: Ting-Lu
|-damage|p1a: Ting-Lu|69/100
|move|p1a: Ting-Lu|Whirlwind|p2a: Primarina
|drag|p2a: Kyurem|Kyurem|94/100
|-damage|p2a: Kyurem|69/100|[from] Spikes
|-ability|p2a: Kyurem|Pressure
|
|-heal|p2a: Kyurem|75/100|[from] item: Leftovers
|-heal|p1a: Ting-Lu|75/100|[from] item: Leftovers
|upkeep
|turn|33
|
|t:|1760825896
|move|p2a: Kyurem|Icicle Spear|p1a: Ting-Lu
|-resisted|p1a: Ting-Lu
|-damage|p1a: Ting-Lu|72/100
|-resisted|p1a: Ting-Lu
|-damage|p1a: Ting-Lu|69/100
|-resisted|p1a: Ting-Lu
|-damage|p1a: Ting-Lu|66/100
|-hitcount|p1a: Ting-Lu|3
|move|p1a: Ting-Lu|Whirlwind|p2a: Kyurem
|drag|p2a: Alomomola|Alomomola, M|100/100 par
|-damage|p2a: Alomomola|76/100 par|[from] Spikes
|
|-heal|p1a: Ting-Lu|73/100|[from] item: Leftovers
|upkeep
|turn|34
|
|t:|1760825899
|move|p1a: Ting-Lu|Earthquake|p2a: Alomomola
|-damage|p2a: Alomomola|55/100 par
|move|p2a: Alomomola|Wish|p2a: Alomomola
|
|-heal|p1a: Ting-Lu|79/100|[from] item: Leftovers
|upkeep
|turn|35
|
|t:|1760825905
|move|p2a: Alomomola|Scald|p1a: Ting-Lu
|-resisted|p1a: Ting-Lu
|-damage|p1a: Ting-Lu|76/100
|move|p1a: Ting-Lu|Whirlwind|p2a: Alomomola
|drag|p2a: Mew|Mew|100/100
|-damage|p2a: Mew|75/100|[from] Spikes
|
|-heal|p2a: Mew|100/100|[from] move: Wish|[wisher] Alomomola
|-heal|p1a: Ting-Lu|82/100|[from] item: Leftovers
|upkeep
|turn|36
|
|t:|1760825915
|move|p2a: Mew|Calm Mind|p2a: Mew
|-boost|p2a: Mew|spa|1
|-boost|p2a: Mew|spd|1
|move|p1a: Ting-Lu|Whirlwind|p2a: Mew
|drag|p2a: Alomomola|Alomomola, M|88/100 par
|-damage|p2a: Alomomola|63/100 par|[from] Spikes
|
|-heal|p1a: Ting-Lu|88/100|[from] item: Leftovers
|upkeep
|turn|37
|
|t:|1760825919
|move|p1a: Ting-Lu|Ruination|p2a: Alomomola
|-damage|p2a: Alomomola|32/100 par
|move|p2a: Alomomola|Wish|p2a: Alomomola
|
|-heal|p1a: Ting-Lu|94/100|[from] item: Leftovers
|upkeep
|turn|38
|
|t:|1760825924
|move|p2a: Alomomola|Protect|p2a: Alomomola
|-singleturn|p2a: Alomomola|Protect
|move|p1a: Ting-Lu|Whirlwind|p2a: Alomomola
|drag|p2a: Kyurem|Kyurem|75/100
|-damage|p2a: Kyurem|50/100|[from] Spikes
|-ability|p2a: Kyurem|Pressure
|
|-heal|p2a: Kyurem|100/100|[from] move: Wish|[wisher] Alomomola
|-heal|p1a: Ting-Lu|100/100|[from] item: Leftovers
|upkeep
|turn|39
|
|t:|1760825931
|move|p2a: Kyurem|Icicle Spear|p1a: Ting-Lu
|-resisted|p1a: Ting-Lu
|-damage|p1a: Ting-Lu|98/100
|-resisted|p1a: Ting-Lu
|-damage|p1a: Ting-Lu|94/100
|-hitcount|p1a: Ting-Lu|2
|move|p1a: Ting-Lu|Ruination|p2a: Kyurem
|-damage|p2a: Kyurem|50/100
|
|-heal|p2a: Kyurem|57/100|[from] item: Leftovers
|-heal|p1a: Ting-Lu|100/100|[from] item: Leftovers
|upkeep
|turn|40
|
|t:|1760825941
|move|p2a: Kyurem|Protect|p2a: Kyurem
|-singleturn|p2a: Kyurem|Protect
|move|p1a: Ting-Lu|Whirlwind|p2a: Kyurem
|drag|p2a: Primarina|Primarina, F|76/100
|-damage|p2a: Primarina|51/100|[from] Spikes
|
|upkeep
|turn|41
|
|t:|1760825947
|move|p2a: Primarina|Psychic Noise|p1a: Ting-Lu
|-crit|p1a: Ting-Lu
|-damage|p1a: Ting-Lu|83/100
|-start|p1a: Ting-Lu|move: Heal Block
|move|p1a: Ting-Lu|Earthquake|p2a: Primarina
|-damage|p2a: Primarina|1/100
|
|upkeep
|turn|42
|
|t:|1760825954
|move|p2a: Primarina|Moonblast|p1a: Ting-Lu
|-crit|p1a: Ting-Lu
|-damage|p1a: Ting-Lu|50/100
|move|p1a: Ting-Lu|Earthquake|p2a: Primarina
|-damage|p2a: Primarina|0 fnt
|faint|p2a: Primarina
|
|-end|p1a: Ting-Lu|move: Heal Block
|upkeep
|
|t:|1760825958
|switch|p2a: Alomomola|Alomomola, M|65/100 par
|-damage|p2a: Alomomola|40/100 par|[from] Spikes
|turn|43
|
|t:|1760825961
|cant|p2a: Alomomola|par
|move|p1a: Ting-Lu|Whirlwind|p2a: Alomomola
|drag|p2a: Mew|Mew|100/100
|-damage|p2a: Mew|75/100|[from] Spikes
|
|-heal|p1a: Ting-Lu|56/100|[from] item: Leftovers
|upkeep
|turn|44
|
|t:|1760825966
|switch|p2a: Alomomola|Alomomola, M|74/100 par
|-damage|p2a: Alomomola|49/100 par|[from] Spikes
|move|p1a: Ting-Lu|Whirlwind|p2a: Alomomola
|drag|p2a: Kyurem|Kyurem|57/100
|-damage|p2a: Kyurem|32/100|[from] Spikes
|-ability|p2a: Kyurem|Pressure
|
|-heal|p2a: Kyurem|38/100|[from] item: Leftovers
|-heal|p1a: Ting-Lu|62/100|[from] item: Leftovers
|upkeep
|turn|45
|
|t:|1760825970
|move|p2a: Kyurem|Protect|p2a: Kyurem
|-singleturn|p2a: Kyurem|Protect
|move|p1a: Ting-Lu|Whirlwind|p2a: Kyurem
|drag|p2a: Alomomola|Alomomola, M|82/100 par
|-damage|p2a: Alomomola|57/100 par|[from] Spikes
|
|-heal|p1a: Ting-Lu|69/100|[from] item: Leftovers
|upkeep
|turn|46
|
|t:|1760825971
|move|p2a: Alomomola|Wish|p2a: Alomomola
|move|p1a: Ting-Lu|Whirlwind|p2a: Alomomola
|drag|p2a: Mew|Mew|75/100
|-damage|p2a: Mew|50/100|[from] Spikes
|
|-heal|p1a: Ting-Lu|75/100|[from] item: Leftovers
|upkeep
|turn|47
|
|t:|1760825988
|move|p2a: Mew|Draining Kiss|p1a: Ting-Lu
|-damage|p1a: Ting-Lu|70/100
|-heal|p2a: Mew|55/100|[from] drain|[of] p1a: Ting-Lu
|move|p1a: Ting-Lu|Whirlwind|p2a: Mew
|drag|p2a: Kyurem|Kyurem|38/100
|-damage|p2a: Kyurem|13/100|[from] Spikes
|-ability|p2a: Kyurem|Pressure
|
|-heal|p2a: Kyurem|72/100|[from] move: Wish|[wisher] Alomomola
|-heal|p2a: Kyurem|78/100|[from] item: Leftovers
|-heal|p1a: Ting-Lu|76/100|[from] item: Leftovers
|upkeep
|turn|48
|
|t:|1760825992
|move|p2a: Kyurem|Protect|p2a: Kyurem
|-singleturn|p2a: Kyurem|Protect
|move|p1a: Ting-Lu|Whirlwind|p2a: Kyurem
|drag|p2a: Alomomola|Alomomola, M|91/100 par
|-damage|p2a: Alomomola|66/100 par|[from] Spikes
|
|-heal|p1a: Ting-Lu|83/100|[from] item: Leftovers
|upkeep
|turn|49
|
|t:|1760825996
|move|p1a: Ting-Lu|Earthquake|p2a: Alomomola
|-crit|p2a: Alomomola
|-damage|p2a: Alomomola|37/100 par
|cant|p2a: Alomomola|par
|
|-heal|p1a: Ting-Lu|89/100|[from] item: Leftovers
|upkeep
|turn|50
|
|t:|1760826002
|cant|p2a: Alomomola|par
|move|p1a: Ting-Lu|Whirlwind|p2a: Alomomola
|drag|p2a: Mew|Mew|55/100
|-damage|p2a: Mew|30/100|[from] Spikes
|
|-heal|p1a: Ting-Lu|95/100|[from] item: Leftovers
|upkeep
|turn|51
|
|t:|1760826009
|move|p2a: Mew|Draining Kiss|p1a: Ting-Lu
|-damage|p1a: Ting-Lu|90/100
|-heal|p2a: Mew|35/100|[from] drain|[of] p1a: Ting-Lu
|move|p1a: Ting-Lu|Earthquake|p2a: Mew
|-damage|p2a: Mew|14/100
|
|-heal|p1a: Ting-Lu|96/100|[from] item: Leftovers
|upkeep
|turn|52
|
|t:|1760826012
|switch|p2a: Alomomola|Alomomola, M|70/100 par
|-damage|p2a: Alomomola|45/100 par|[from] Spikes
|move|p1a: Ting-Lu|Earthquake|p2a: Alomomola
|-damage|p2a: Alomomola|26/100 par
|
|-heal|p1a: Ting-Lu|100/100|[from] item: Leftovers
|upkeep
|turn|53
|
|t:|1760826014
|cant|p2a: Alomomola|par
|move|p1a: Ting-Lu|Earthquake|p2a: Alomomola
|-damage|p2a: Alomomola|5/100 par
|
|upkeep
|turn|54
|
|t:|1760826017
|move|p2a: Alomomola|Protect|p2a: Alomomola
|-singleturn|p2a: Alomomola|Protect
|move|p1a: Ting-Lu|Earthquake|p2a: Alomomola
|-activate|p2a: Alomomola|move: Protect
|
|upkeep
|turn|55
|
|t:|1760826019
|switch|p2a: Kyurem|Kyurem|78/100
|-damage|p2a: Kyurem|53/100|[from] Spikes
|-ability|p2a: Kyurem|Pressure
|move|p1a: Ting-Lu|Earthquake|p2a: Kyurem
|-damage|p2a: Kyurem|24/100
|
|-heal|p2a: Kyurem|30/100|[from] item: Leftovers
|upkeep
|turn|56
|
|t:|1760826023
|move|p2a: Kyurem|Protect|p2a: Kyurem
|-singleturn|p2a: Kyurem|Protect
|move|p1a: Ting-Lu|Earthquake|p2a: Kyurem
|-activate|p2a: Kyurem|move: Protect
|
|-heal|p2a: Kyurem|36/100|[from] item: Leftovers
|upkeep
|turn|57
|
|t:|1760826026
|move|p2a: Kyurem|Substitute|p2a: Kyurem
|-start|p2a: Kyurem|Substitute
|-damage|p2a: Kyurem|12/100
|move|p1a: Ting-Lu|Whirlwind|p2a: Kyurem
|drag|p2a: Alomomola|Alomomola, M|39/100 par
|-damage|p2a: Alomomola|14/100 par|[from] Spikes
|
|upkeep
|turn|58
|
|t:|1760826029
|move|p1a: Ting-Lu|Earthquake|p2a: Alomomola
|-damage|p2a: Alomomola|0 fnt
|faint|p2a: Alomomola
|
|upkeep
|-message|reudige Gurke forfeited.
|
|win|deep value
|raw|deep value's rating: 1463 &rarr; <strong>1480</strong><br />(+17 for winning)
|raw|reudige Gurke's rating: 1409 &rarr; <strong>1392</strong><br />(-17 for losing)
|l|☆reudige Gurke
|player|p2|
|l|☆deep value
|player|p1|
|l| Woodij55
