|j|☆picture of 奇树
|j|☆sgCURRY3
|t:|1760857352
|gametype|singles
|player|p1|picture of 奇树|benga|1450
|player|p2|sgCURRY3|cynthia|1451
|gen|9
|tier|[Gen 9] OU
|rated|
|rule|HP Percentage Mod: HP is shown in percentages
|rule|Endless Battle Clause: Forcing endless battles is banned
|rule|Species Clause: Limit one of each Pokémon
|rule|OHKO Clause: OHKO moves are banned
|rule|Evasion Items Clause: Evasion items are banned
|rule|Evasion Moves Clause: Evasion moves are banned
|rule|Evasion Abilities Clause: Evasion abilities are banned
|rule|Sleep Moves Clause: Sleep-inducing moves are banned
|clearpoke
|poke|p1|Kingambit, M|
|poke|p1|Iron Valiant|
|poke|p1|Landorus-Therian, M|
|poke|p1|Cinderace, M|
|poke|p1|Ogerpon-Wellspring, F|
|poke|p1|Pecharunt|
|poke|p2|Greninja-*, M|
|poke|p2|Dragapult, M|
|poke|p2|Glimmora, F|
|poke|p2|Corviknight, M|
|poke|p2|Great Tusk|
|poke|p2|Hoopa-Unbound|
|teampreview
|inactive|Battle timer is ON: inactive players will automatically lose when time's up. (requested by picture of 奇树)
|
|t:|1760857384
|teamsize|p1|6
|teamsize|p2|6
|start
|switch|p1a: Landorus|Landorus-Therian, M, shiny|100/100
|switch|p2a: 黄毛|Dragapult, M, shiny|100/100
|-ability|p1a: Landorus|Intimidate|boost
|-fail|p2a: 黄毛|unboost|[from] ability: Clear Body|[of] p2a: 黄毛
|turn|1
|
|t:|1760857402
|move|p1a: Landorus|Earthquake|p2a: 黄毛
|-damage|p2a: 黄毛|26/100
|move|p2a: 黄毛|U-turn|p1a: Landorus
|-resisted|p1a: Landorus
|-damage|p1a: Landorus|91/100
|
|t:|1760857412
|switch|p2a: 开出钉子就赢|Glimmora, F|100/100|[from] U-turn
|
|upkeep
|turn|2
|
|t:|1760857416
|move|p1a: Landorus|Earthquake|p2a: 开出钉子就赢
|-supereffective|p2a: 开出钉子就赢
|-enditem|p2a: 开出钉子就赢|Focus Sash
|-damage|p2a: 开出钉子就赢|1/100
|-activate|p2a: 开出钉子就赢|ability: Toxic Debris
|-sidestart|p1: picture of 奇树|move: Toxic Spikes
|move|p2a: 开出钉子就赢|Stealth Rock|p1a: Landorus
|-sidestart|p1: picture of 奇树|move: Stealth Rock
|
|upkeep
|turn|3
|
|t:|1760857419
|move|p1a: Landorus|Earthquake|p2a: 开出钉子就赢
|-supereffective|p2a: 开出钉子就赢
|-damage|p2a: 开出钉子就赢|0 fnt
|-activate|p2a: 开出钉子就赢|ability: Toxic Debris
|-sidestart|p1: picture of 奇树|move: Toxic Spikes
|faint|p2a: 开出钉子就赢
|
|upkeep
|
|t:|1760857421
|switch|p2a: 猛犸象|Great Tusk, shiny|100/100
|turn|4
|
|t:|1760857427
|switch|p1a: Pecharunt|Pecharunt|100/100
|-sideend|p1: picture of 奇树|move: Toxic Spikes|[of] p1a: Pecharunt
|move|p2a: 猛犸象|Rapid Spin|p1a: Pecharunt
|-immune|p1a: Pecharunt
|
|upkeep
|turn|5
|
|t:|1760857441
|switch|p1a: Landorus|Landorus-Therian, M, shiny|91/100
|-damage|p1a: Landorus|79/100|[from] Stealth Rock
|-ability|p1a: Landorus|Intimidate|boost
|-unboost|p2a: 猛犸象|atk|1
|move|p2a: 猛犸象|Headlong Rush|p1a: Landorus
|-immune|p1a: Landorus
|
|upkeep
|turn|6
|
|t:|1760857448
|-end|p2a: 猛犸象|Protosynthesis|[silent]
|switch|p2a: 盔甲鸟|Corviknight, M|100/100
|-ability|p2a: 盔甲鸟|Pressure
|move|p1a: Landorus|U-turn|p2a: 盔甲鸟
|-resisted|p2a: 盔甲鸟
|-crit|p2a: 盔甲鸟
|-damage|p2a: 盔甲鸟|94/100
|-damage|p1a: Landorus|62/100|[from] item: Rocky Helmet|[of] p2a: 盔甲鸟
|
|t:|1760857451
|switch|p1a: Cinderace|Cinderace, M, shiny|100/100|[from] U-turn
|
|upkeep
|turn|7
|
|t:|1760857454
|move|p1a: Cinderace|Pyro Ball|p2a: 盔甲鸟
|-supereffective|p2a: 盔甲鸟
|-damage|p2a: 盔甲鸟|17/100
|move|p2a: 盔甲鸟|Body Press|p1a: Cinderace
|-crit|p1a: Cinderace
|-damage|p1a: Cinderace|48/100
|
|upkeep
|turn|8
|
|t:|1760857463
|move|p1a: Cinderace|Court Change|p1a: Cinderace
|-start|p1a: Cinderace|typechange|Normal|[from] ability: Libero
|-swapsideconditions
|-activate|p1a: Cinderace|move: Court Change
|move|p2a: 盔甲鸟|Body Press|p1a: Cinderace
|-supereffective|p1a: Cinderace
|-damage|p1a: Cinderace|0 fnt
|faint|p1a: Cinderace
|
|upkeep
|
|t:|1760857477
|switch|p1a: Ogerpon|Ogerpon-Wellspring, F|100/100
|turn|9
|l|☆picture of 奇树
|inactive|picture of 奇树 disconnected and has a minute to reconnect!
|player|p1|
|
|t:|1760857505
|move|p1a: Ogerpon|Ivy Cudgel|p2a: 盔甲鸟|[anim] Ivy Cudgel Water
|-damage|p2a: 盔甲鸟|0 fnt
|faint|p2a: 盔甲鸟
|
|upkeep
|
|t:|1760857509
|switch|p2a: 黄毛|Dragapult, M, shiny|26/100
|-damage|p2a: 黄毛|13/100|[from] Stealth Rock
|turn|10
|j|☆picture of 奇树
|inactive|picture of 奇树 reconnected and has 125 seconds left.
|player|p1|picture of 奇树|benga|
|inactive|picture of 奇树 has 120 seconds left.
|
|t:|1760857540
|move|p2a: 黄毛|Draco Meteor|p1a: Ogerpon
|-damage|p1a: Ogerpon|1/100
|-unboost|p2a: 黄毛|spa|2
|move|p1a: Ogerpon|Ivy Cudgel|p2a: 黄毛|[anim] Ivy Cudgel Water
|-resisted|p2a: 黄毛
|-damage|p2a: 黄毛|0 fnt
|faint|p2a: 黄毛
|
|upkeep
|c|☆picture of 奇树|。
|
|t:|1760857551
|switch|p2a: sgcurry3版忍蛙|Greninja, M|100/100
|-damage|p2a: sgcurry3版忍蛙|88/100|[from] Stealth Rock
|turn|11
|
|t:|1760857558
|move|p2a: sgcurry3版忍蛙|Dark Pulse|p1a: Ogerpon
|-damage|p1a: Ogerpon|0 fnt
|faint|p1a: Ogerpon
|-ability|p2a: sgcurry3版忍蛙|Battle Bond|boost
|-boost|p2a: sgcurry3版忍蛙|atk|1
|-boost|p2a: sgcurry3版忍蛙|spa|1
|-boost|p2a: sgcurry3版忍蛙|spe|1
|-activate|p2a: sgcurry3版忍蛙|ability: Battle Bond
|-damage|p2a: sgcurry3版忍蛙|78/100|[from] item: Life Orb
|
|upkeep
|
|t:|1760857565
|switch|p1a: Iron Valiant|Iron Valiant, shiny|100/100
|-enditem|p1a: Iron Valiant|Booster Energy
|-activate|p1a: Iron Valiant|ability: Quark Drive|[fromitem]
|-start|p1a: Iron Valiant|quarkdrivespe
|turn|12
|
|t:|1760857574
|-terastallize|p1a: Iron Valiant|Steel
|move|p2a: sgcurry3版忍蛙|Hydro Pump|p1a: Iron Valiant
|-damage|p1a: Iron Valiant|0 fnt
|faint|p1a: Iron Valiant
|-end|p1a: Iron Valiant|Quark Drive|[silent]
|-damage|p2a: sgcurry3版忍蛙|69/100|[from] item: Life Orb
|
|upkeep
|
|t:|1760857580
|switch|p1a: Kingambit|Kingambit, M, shiny|100/100
|-activate|p1a: Kingambit|ability: Supreme Overlord
|-start|p1a: Kingambit|fallen3|[silent]
|turn|13
|
|t:|1760857583
|move|p2a: sgcurry3版忍蛙|Hydro Pump|p1a: Kingambit|[miss]
|-miss|p2a: sgcurry3版忍蛙|p1a: Kingambit
|move|p1a: Kingambit|Kowtow Cleave|p2a: sgcurry3版忍蛙
|-resisted|p2a: sgcurry3版忍蛙
|-damage|p2a: sgcurry3版忍蛙|13/100
|
|upkeep
|turn|14
|c|☆sgCURRY3|？
|
|t:|1760857589
|move|p2a: sgcurry3版忍蛙|Water Shuriken|p1a: Kingambit
|-damage|p1a: Kingambit|86/100
|-damage|p1a: Kingambit|71/100
|-hitcount|p1a: Kingambit|2
|-damage|p2a: sgcurry3版忍蛙|3/100|[from] item: Life Orb
|move|p1a: Kingambit|Sucker Punch||[still]
|-fail|p1a: Kingambit
|
|-heal|p1a: Kingambit|78/100|[from] item: Leftovers
|upkeep
|turn|15
|
|t:|1760857595
|move|p2a: sgcurry3版忍蛙|Water Shuriken|p1a: Kingambit
|-damage|p1a: Kingambit|62/100
|-damage|p1a: Kingambit|46/100
|-damage|p1a: Kingambit|32/100
|-damage|p1a: Kingambit|17/100
|-hitcount|p1a: Kingambit|4
|-damage|p2a: sgcurry3版忍蛙|0 fnt|[from] item: Life Orb
|faint|p2a: sgcurry3版忍蛙
|move|p1a: Kingambit|Sucker Punch|p2: sgcurry3版忍蛙|[notarget]
|-fail|p1a: Kingambit
|
|-heal|p1a: Kingambit|23/100|[from] item: Leftovers
|upkeep
|c|☆sgCURRY3|呜呜呜
|
|t:|1760857601
|switch|p2a: 猛犸象|Great Tusk, shiny|100/100
|-damage|p2a: 猛犸象|98/100|[from] Stealth Rock
|turn|16
|
|t:|1760857604
|-end|p1a: Kingambit|fallen3|[silent]
|switch|p1a: Landorus|Landorus-Therian, M, shiny|62/100
|-ability|p1a: Landorus|Intimidate|boost
|-unboost|p2a: 猛犸象|atk|1
|move|p2a: 猛犸象|Rapid Spin|p1a: Landorus
|-damage|p1a: Landorus|48/100
|-boost|p2a: 猛犸象|spe|1
|-sideend|p2: sgCURRY3|Stealth Rock|[from] move: Rapid Spin|[of] p2a: 猛犸象
|
|upkeep
|turn|17
|
|t:|1760857610
|move|p1a: Landorus|Earthquake|p2a: 猛犸象
|-damage|p2a: 猛犸象|59/100
|move|p2a: 猛犸象|Ice Spinner|p1a: Landorus
|-supereffective|p1a: Landorus
|-damage|p1a: Landorus|0 fnt
|faint|p1a: Landorus
|
|upkeep
|
|t:|1760857616
|switch|p1a: Pecharunt|Pecharunt|100/100
|turn|18
|
|t:|1760857620
|-end|p2a: 猛犸象|Protosynthesis|[silent]
|switch|p2a: 演员|Hoopa-Unbound|100/100
|move|p1a: Pecharunt|Malignant Chain|p2a: 演员
|-damage|p2a: 演员|78/100
|
|upkeep
|turn|19
|
|t:|1760857629
|move|p1a: Pecharunt|Recover||[still]
|-fail|p1a: Pecharunt|heal
|move|p2a: 演员|Hyperspace Fury|p1a: Pecharunt
|-supereffective|p1a: Pecharunt
|-damage|p1a: Pecharunt|15/100
|-unboost|p2a: 演员|def|1
|
|upkeep
|turn|20
|
|t:|1760857633
|move|p1a: Pecharunt|Recover|p1a: Pecharunt
|-heal|p1a: Pecharunt|65/100
|move|p2a: 演员|Hyperspace Fury|p1a: Pecharunt
|-supereffective|p1a: Pecharunt
|-damage|p1a: Pecharunt|0 fnt
|-unboost|p2a: 演员|def|1
|faint|p1a: Pecharunt
|
|upkeep
|
|t:|1760857638
|switch|p1a: Kingambit|Kingambit, M, shiny|23/100
|-activate|p1a: Kingambit|ability: Supreme Overlord
|-start|p1a: Kingambit|fallen5|[silent]
|turn|21
|
|t:|1760857641
|move|p1a: Kingambit|Sucker Punch|p2a: 演员
|-damage|p2a: 演员|0 fnt
|faint|p2a: 演员
|
|-heal|p1a: Kingambit|30/100|[from] item: Leftovers
|upkeep
|
|t:|1760857643
|switch|p2a: 猛犸象|Great Tusk, shiny|59/100
|turn|22
|
|t:|1760857645
|move|p2a: 猛犸象|Close Combat|p1a: Kingambit
|-supereffective|p1a: Kingambit
|-damage|p1a: Kingambit|0 fnt
|-unboost|p2a: 猛犸象|def|1
|-unboost|p2a: 猛犸象|spd|1
|faint|p1a: Kingambit
|-end|p1a: Kingambit|fallen5|[silent]
|
|win|sgCURRY3
|raw|picture of 奇树's rating: 1450 &rarr; <strong>1430</strong><br />(-20 for losing)
|raw|sgCURRY3's rating: 1451 &rarr; <strong>1471</strong><br />(+20 for winning)
|l|☆picture of 奇树
|player|p1|
|l|☆sgCURRY3
|player|p2|
