|j|☆Zorroark_RZ
|j|☆hard metagross
|t:|1760819286
|gametype|singles
|player|p1|Zorroark_RZ|n|1465
|player|p2|hard metagross|clair-gen2|1470
|gen|9
|tier|[Gen 9] OU
|rated|
|rule|HP Percentage Mod: HP is shown in percentages
|rule|Endless Battle Clause: Forcing endless battles is banned
|rule|Species Clause: Limit one of each Pokémon
|rule|OHKO Clause: OHKO moves are banned
|rule|Evasion Items Clause: Evasion items are banned
|rule|Evasion Moves Clause: Evasion moves are banned
|rule|Evasion Abilities Clause: Evasion abilities are banned
|rule|Sleep Moves Clause: Sleep-inducing moves are banned
|clearpoke
|poke|p1|Darkrai|
|poke|p1|Zoroark-Hisui, F|
|poke|p1|Slowking, M|
|poke|p1|Zapdos|
|poke|p1|Cobalion|
|poke|p1|Garchomp, M|
|poke|p2|Kingdra, F|
|poke|p2|Pelipper, F|
|poke|p2|Barraskewda, F|
|poke|p2|Zapdos|
|poke|p2|Great Tusk|
|poke|p2|Slowking-Galar, F|
|teampreview
|
|t:|1760819297
|teamsize|p1|6
|teamsize|p2|6
|start
|switch|p1a: Cobalion|Cobalion, shiny|100/100
|switch|p2a: Pelipper|Pelipper, F|100/100
|-weather|RainDance|[from] ability: Drizzle|[of] p2a: Pelipper
|turn|1
|
|t:|1760819311
|switch|p1a: Zapdos|Zapdos, shiny|100/100
|switch|p2a: Slowking|Slowking-Galar, F, shiny|100/100
|
|-weather|RainDance|[upkeep]
|upkeep
|turn|2
|
|t:|1760819328
|move|p1a: Zapdos|Hurricane|p2a: Slowking
|-damage|p2a: Slowking|76/100
|move|p2a: Slowking|Sludge Bomb|p1a: Zapdos
|-damage|p1a: Zapdos|55/100
|
|-weather|RainDance|[upkeep]
|upkeep
|turn|3
|
|t:|1760819334
|move|p1a: Zapdos|U-turn|p2a: Slowking
|-damage|p2a: Slowking|62/100
|
|t:|1760819338
|switch|p1a: Garchomp|Garchomp, M|100/100|[from] U-turn
|move|p2a: Slowking|Surf|p1a: Garchomp
|-damage|p1a: Garchomp|50/100
|
|-weather|RainDance|[upkeep]
|upkeep
|turn|4
|
|t:|1760819342
|switch|p2a: Pelipper|Pelipper, F|100/100
|move|p1a: Garchomp|Draco Meteor|p2a: Pelipper
|-damage|p2a: Pelipper|0 fnt
|-unboost|p1a: Garchomp|spa|2
|faint|p2a: Pelipper
|
|-weather|RainDance|[upkeep]
|upkeep
|
|t:|1760819348
|switch|p2a: Kingdra|Kingdra, F|100/100
|turn|5
|
|t:|1760819357
|switch|p1a: Slowking|Slowking, M|100/100
|move|p2a: Kingdra|Surf|p1a: Slowking
|-resisted|p1a: Slowking
|-damage|p1a: Slowking|77/100
|
|-weather|RainDance|[upkeep]
|upkeep
|turn|6
|
|t:|1760819366
|switch|p2a: Zapdos|Zapdos, shiny|100/100
|-prepare|p1a: Slowking|Chilly Reception|[premajor]
|move|p1a: Slowking|Chilly Reception|p1a: Slowking
|-weather|Snowscape
|
|t:|1760819372
|switch|p1a: Darkrai|Darkrai, shiny|100/100|[from] Chilly Reception
|
|-weather|Snowscape|[upkeep]
|upkeep
|turn|7
|
|t:|1760819376
|switch|p2a: Slowking|Slowking-Galar, F, shiny|95/100
|move|p1a: Darkrai|Nasty Plot|p1a: Darkrai
|-boost|p1a: Darkrai|spa|2
|
|-weather|Snowscape|[upkeep]
|upkeep
|turn|8
|
|t:|1760819381
|-terastallize|p2a: Slowking|Steel
|move|p1a: Darkrai|Nasty Plot|p1a: Darkrai
|-boost|p1a: Darkrai|spa|2
|move|p2a: Slowking|Sludge Bomb|p1a: Darkrai
|-damage|p1a: Darkrai|54/100
|
|-weather|Snowscape|[upkeep]
|upkeep
|turn|9
|
|t:|1760819390
|move|p1a: Darkrai|Dark Pulse|p2a: Slowking
|-damage|p2a: Slowking|39/100
|cant|p2a: Slowking|flinch
|
|-weather|Snowscape|[upkeep]
|upkeep
|turn|10
|-message|hard metagross forfeited.
|
|win|Zorroark_RZ
|raw|Zorroark_RZ's rating: 1465 &rarr; <strong>1485</strong><br />(+20 for winning)
|raw|hard metagross's rating: 1470 &rarr; <strong>1450</strong><br />(-20 for losing)
|l|☆hard metagross
|player|p2|
|l|☆Zorroark_RZ
|player|p1|
