|j|☆SuperBigStarmie
|j|☆Bogatyum
|t:|1760856029
|gametype|singles
|player|p1|SuperBigStarmie|roxie|1113
|player|p2|Bogatyum|ethan|1126
|gen|9
|tier|[Gen 9] OU
|rated|
|rule|HP Percentage Mod: HP is shown in percentages
|rule|Endless Battle Clause: Forcing endless battles is banned
|rule|Species Clause: Limit one of each Pokémon
|rule|OHKO Clause: OHKO moves are banned
|rule|Evasion Items Clause: Evasion items are banned
|rule|Evasion Moves Clause: Evasion moves are banned
|rule|Evasion Abilities Clause: Evasion abilities are banned
|rule|Sleep Moves Clause: Sleep-inducing moves are banned
|clearpoke
|poke|p1|Pelipper, F|
|poke|p1|Hatterene, F|
|poke|p1|Iron Treads|
|poke|p1|Toxicroak, F|
|poke|p1|Barraskewda, F|
|poke|p1|Zapdos|
|poke|p2|Cloyster, M|
|poke|p2|Gengar, M|
|poke|p2|Zapdos|
|poke|p2|Poliwrath, M|
|poke|p2|Scream Tail|
|poke|p2|Iron Treads|
|teampreview
|inactive|Battle timer is ON: inactive players will automatically lose when time's up. (requested by Bogatyum)
|
|t:|1760856040
|teamsize|p1|6
|teamsize|p2|6
|start
|switch|p1a: Pelipper|Pelipper, F|100/100
|switch|p2a: Poliwrath|Poliwrath, M|100/100
|-weather|RainDance|[from] ability: Drizzle|[of] p1a: Pelipper
|turn|1
|
|t:|1760856061
|-terastallize|p2a: Poliwrath|Steel
|move|p2a: Poliwrath|Belly Drum|p2a: Poliwrath
|-damage|p2a: Poliwrath|50/100
|-setboost|p2a: Poliwrath|atk|6|[from] move: Belly Drum
|move|p1a: Pelipper|Hurricane|p2a: Poliwrath
|-resisted|p2a: Poliwrath
|-damage|p2a: Poliwrath|31/100
|
|-weather|RainDance|[upkeep]
|-heal|p2a: Poliwrath|37/100|[from] item: Leftovers
|upkeep
|turn|2
|
|t:|1760856073
|switch|p1a: Hatterene|Hatterene, F|100/100
|move|p2a: Poliwrath|Drain Punch|p1a: Hatterene
|-resisted|p1a: Hatterene
|-damage|p1a: Hatterene|71/100
|-heal|p2a: Poliwrath|52/100|[from] drain|[of] p1a: Hatterene
|-enditem|p1a: Hatterene|Eject Button
|inactive|SuperBigStarmie has 120 seconds left.
|
|t:|1760856094
|switch|p1a: Zapdos|Zapdos|100/100
|
|-weather|RainDance|[upkeep]
|-heal|p2a: Poliwrath|58/100|[from] item: Leftovers
|upkeep
|turn|3
|inactive|SuperBigStarmie has 120 seconds left.
|
|t:|1760856111
|move|p1a: Zapdos|Thunder|p2a: Poliwrath
|-damage|p2a: Poliwrath|0 fnt
|faint|p2a: Poliwrath
|
|-weather|RainDance|[upkeep]
|upkeep
|
|t:|1760856121
|switch|p2a: Iron Treads|Iron Treads|100/100
|-enditem|p2a: Iron Treads|Booster Energy
|-activate|p2a: Iron Treads|ability: Quark Drive|[fromitem]
|-start|p2a: Iron Treads|quarkdrivespe
|turn|4
|inactive|SuperBigStarmie has 120 seconds left.
|
|t:|1760856136
|switch|p1a: Hatterene|Hatterene, F|71/100
|move|p2a: Iron Treads|Stealth Rock|p1a: Hatterene
|move|p1a: Hatterene|Stealth Rock|p2a: Iron Treads|[from] ability: Magic Bounce
|-sidestart|p2: Bogatyum|move: Stealth Rock
|
|-weather|RainDance|[upkeep]
|upkeep
|turn|5
|
|t:|1760856158
|move|p2a: Iron Treads|Steel Beam|p1a: Hatterene
|-supereffective|p1a: Hatterene
|-damage|p1a: Hatterene|0 fnt
|-damage|p2a: Iron Treads|50/100|[from] steelbeam
|faint|p1a: Hatterene
|
|-weather|RainDance|[upkeep]
|upkeep
|
|t:|1760856166
|switch|p1a: Barraskewda|Barraskewda, F|100/100
|turn|6
|
|t:|1760856174
|move|p1a: Barraskewda|Liquidation|p2a: Iron Treads
|-supereffective|p2a: Iron Treads
|-damage|p2a: Iron Treads|0 fnt
|faint|p2a: Iron Treads
|-end|p2a: Iron Treads|Quark Drive|[silent]
|
|-weather|RainDance|[upkeep]
|upkeep
|
|t:|1760856181
|switch|p2a: Zapdos|Zapdos|100/100
|turn|7
|
|t:|1760856185
|switch|p1a: Iron Treads|Iron Treads|100/100
|move|p2a: Zapdos|Thunderbolt|p1a: Iron Treads
|-immune|p1a: Iron Treads
|
|-weather|RainDance|[upkeep]
|upkeep
|turn|8
|inactive|SuperBigStarmie has 120 seconds left.
|
|t:|1760856195
|move|p1a: Iron Treads|Volt Switch|p2a: Zapdos
|-damage|p2a: Zapdos|89/100
|inactive|SuperBigStarmie has 120 seconds left.
|
|t:|1760856224
|-end|p1a: Iron Treads|Quark Drive|[silent]
|switch|p1a: Toxicroak|Toxicroak, F|100/100|[from] Volt Switch
|move|p2a: Zapdos|U-turn|p1a: Toxicroak
|-resisted|p1a: Toxicroak
|-damage|p1a: Toxicroak|97/100
|
|t:|1760856234
|switch|p2a: Scream Tail|Scream Tail|100/100|[from] U-turn
|-damage|p2a: Scream Tail|88/100|[from] Stealth Rock
|
|-weather|none
|-heal|p2a: Scream Tail|94/100|[from] item: Leftovers
|-heal|p1a: Toxicroak|100/100|[from] item: Leftovers
|upkeep
|turn|9
|
|t:|1760856247
|switch|p1a: Pelipper|Pelipper, F|100/100
|-weather|RainDance|[from] ability: Drizzle|[of] p1a: Pelipper
|move|p2a: Scream Tail|Psychic Noise|p1a: Pelipper
|-damage|p1a: Pelipper|74/100
|-start|p1a: Pelipper|move: Heal Block
|
|-weather|RainDance|[upkeep]
|-heal|p2a: Scream Tail|100/100|[from] item: Leftovers
|upkeep
|turn|10
|
|t:|1760856260
|move|p2a: Scream Tail|Calm Mind|p2a: Scream Tail
|-boost|p2a: Scream Tail|spa|1
|-boost|p2a: Scream Tail|spd|1
|move|p1a: Pelipper|Knock Off|p2a: Scream Tail
|-damage|p2a: Scream Tail|88/100
|-enditem|p2a: Scream Tail|Leftovers|[from] move: Knock Off|[of] p1a: Pelipper
|
|-weather|RainDance|[upkeep]
|-end|p1a: Pelipper|move: Heal Block
|upkeep
|turn|11
|
|t:|1760856271
|move|p2a: Scream Tail|Wish|p2a: Scream Tail
|move|p1a: Pelipper|U-turn|p2a: Scream Tail
|-damage|p2a: Scream Tail|79/100
|
|t:|1760856280
|switch|p1a: Barraskewda|Barraskewda, F|100/100|[from] U-turn
|
|-weather|RainDance|[upkeep]
|upkeep
|turn|12
|
|t:|1760856288
|-terastallize|p1a: Barraskewda|Water
|move|p1a: Barraskewda|Liquidation|p2a: Scream Tail
|-damage|p2a: Scream Tail|0 fnt
|faint|p2a: Scream Tail
|-end|p2a: Scream Tail|Protosynthesis|[silent]
|
|-weather|RainDance|[upkeep]
|upkeep
|
|t:|1760856296
|switch|p2a: Cloyster|Cloyster, M|100/100
|-damage|p2a: Cloyster|76/100|[from] Stealth Rock
|turn|13
|inactive|SuperBigStarmie has 120 seconds left.
|
|t:|1760856315
|move|p1a: Barraskewda|Liquidation|p2a: Cloyster
|-resisted|p2a: Cloyster
|-damage|p2a: Cloyster|14/100
|move|p2a: Cloyster|Shell Smash|p2a: Cloyster
|-unboost|p2a: Cloyster|def|1
|-unboost|p2a: Cloyster|spd|1
|-boost|p2a: Cloyster|atk|2
|-boost|p2a: Cloyster|spa|2
|-boost|p2a: Cloyster|spe|2
|-enditem|p2a: Cloyster|White Herb
|-clearnegativeboost|p2a: Cloyster|[silent]
|
|-weather|RainDance|[upkeep]
|upkeep
|turn|14
|
|t:|1760856328
|move|p1a: Barraskewda|Liquidation|p2a: Cloyster
|-resisted|p2a: Cloyster
|-damage|p2a: Cloyster|0 fnt
|faint|p2a: Cloyster
|
|-weather|RainDance|[upkeep]
|upkeep
|
|t:|1760856338
|switch|p2a: Zapdos|Zapdos|89/100
|turn|15
|inactive|SuperBigStarmie has 120 seconds left.
|
|t:|1760856344
|move|p1a: Barraskewda|Liquidation|p2a: Zapdos
|-damage|p2a: Zapdos|0 fnt
|faint|p2a: Zapdos
|
|-weather|RainDance|[upkeep]
|upkeep
|-message|Bogatyum forfeited.
|
|win|SuperBigStarmie
|raw|SuperBigStarmie's rating: 1113 &rarr; <strong>1139</strong><br />(+26 for winning)
|raw|Bogatyum's rating: 1126 &rarr; <strong>1100</strong><br />(-26 for losing)
|l|☆Bogatyum
|player|p2|
|l|☆SuperBigStarmie
|player|p1|
