|j|☆HZBKAI7
|j|☆The Blxck
|t:|1760765874
|gametype|singles
|player|p1|HZBKAI7|2|1101
|player|p2|The Blxck|gardenia|1054
|gen|9
|tier|[Gen 9] OU
|rated|
|rule|HP Percentage Mod: HP is shown in percentages
|rule|Endless Battle Clause: Forcing endless battles is banned
|rule|Species Clause: Limit one of each Pokémon
|rule|OHKO Clause: OHKO moves are banned
|rule|Evasion Items Clause: Evasion items are banned
|rule|Evasion Moves Clause: Evasion moves are banned
|rule|Evasion Abilities Clause: Evasion abilities are banned
|rule|Sleep Moves Clause: Sleep-inducing moves are banned
|clearpoke
|poke|p1|Diancie|
|poke|p1|Rillaboom, M|
|poke|p1|Necrozma|
|poke|p1|Corviknight, M|
|poke|p1|Ogerpon-Wellspring, F|
|poke|p1|Iron Hands|
|poke|p2|Mudsdale, F|
|poke|p2|Iron Valiant|
|poke|p2|Zoroark-Hisui, F|
|poke|p2|Scizor, M|
|poke|p2|Komala, F|
|poke|p2|Regidrago|
|teampreview
|inactive|Battle timer is ON: inactive players will automatically lose when time's up. (requested by The Blxck)
|
|t:|1760765886
|teamsize|p1|6
|teamsize|p2|6
|start
|switch|p1a: Corviknight|Corviknight, M|100/100
|switch|p2a: Mudsdale|Mudsdale, F|100/100
|-ability|p1a: Corviknight|Pressure
|turn|1
|
|t:|1760765894
|move|p1a: Corviknight|Brave Bird|p2a: Mudsdale
|-damage|p2a: Mudsdale|68/100
|-damage|p1a: Corviknight|84/100|[from] item: Rocky Helmet|[of] p2a: Mudsdale
|-ability|p2a: Mudsdale|Stamina|boost
|-boost|p2a: Mudsdale|def|1
|-damage|p1a: Corviknight|73/100|[from] Recoil
|move|p2a: Mudsdale|Stealth Rock|p1a: Corviknight
|-sidestart|p1: HZBKAI7|move: Stealth Rock
|
|upkeep
|turn|2
|
|t:|1760765912
|switch|p2a: Iron Valiant|Iron Valiant|100/100
|move|p1a: Corviknight|Brave Bird|p2a: Iron Valiant
|-supereffective|p2a: Iron Valiant
|-damage|p2a: Iron Valiant|3/100
|-damage|p1a: Corviknight|50/100|[from] Recoil
|
|upkeep
|turn|3
|
|t:|1760765921
|move|p2a: Iron Valiant|Thunderbolt|p1a: Corviknight
|-supereffective|p1a: Corviknight
|-damage|p1a: Corviknight|0 fnt
|faint|p1a: Corviknight
|
|upkeep
|
|t:|1760765921
|switch|p1a: Diancie|Diancie|100/100
|-damage|p1a: Diancie|88/100|[from] Stealth Rock
|turn|4
|
|t:|1760765929
|move|p2a: Iron Valiant|Thunderbolt|p1a: Diancie
|-damage|p1a: Diancie|45/100
|move|p1a: Diancie|Draining Kiss|p2a: Iron Valiant
|-supereffective|p2a: Iron Valiant
|-damage|p2a: Iron Valiant|0 fnt
|-heal|p1a: Diancie|47/100|[from] drain|[of] p2a: Iron Valiant
|faint|p2a: Iron Valiant
|-end|p2a: Iron Valiant|Quark Drive|[silent]
|
|upkeep
|
|t:|1760765937
|switch|p2a: Scizor|Scizor, M|100/100
|turn|5
|
|t:|1760765940
|move|p2a: Scizor|Bullet Punch|p1a: Diancie
|-supereffective|p1a: Diancie
|-damage|p1a: Diancie|0 fnt
|-damage|p2a: Scizor|84/100|[from] item: Rocky Helmet|[of] p1a: Diancie
|faint|p1a: Diancie
|
|upkeep
|
|t:|1760765942
|switch|p1a: Necrozma|Necrozma|100/100
|-damage|p1a: Necrozma|88/100|[from] Stealth Rock
|turn|6
|
|t:|1760765949
|switch|p2a: Mudsdale|Mudsdale, F|68/100
|move|p1a: Necrozma|Heat Wave|p2a: Mudsdale
|-damage|p2a: Mudsdale|33/100
|-status|p2a: Mudsdale|brn
|-ability|p2a: Mudsdale|Stamina|boost
|-boost|p2a: Mudsdale|def|1
|
|-heal|p1a: Necrozma|94/100|[from] item: Leftovers
|-damage|p2a: Mudsdale|26/100 brn|[from] brn
|upkeep
|turn|7
|
|t:|1760765956
|move|p1a: Necrozma|Expanding Force|p2a: Mudsdale
|-damage|p2a: Mudsdale|0 fnt
|faint|p2a: Mudsdale
|
|-heal|p1a: Necrozma|99/100|[from] item: Leftovers
|upkeep
|
|t:|1760765960
|switch|p2a: Scizor|Scizor, M|84/100
|turn|8
|
|t:|1760765963
|move|p1a: Necrozma|Heat Wave|p2a: Scizor
|-supereffective|p2a: Scizor
|-damage|p2a: Scizor|0 fnt
|faint|p2a: Scizor
|
|-heal|p1a: Necrozma|100/100|[from] item: Leftovers
|upkeep
|
|t:|1760765972
|switch|p2a: Komala|Komala, F|100/100
|-ability|p2a: Komala|Comatose
|turn|9
|
|t:|1760765977
|move|p2a: Komala|Sucker Punch|p1a: Necrozma
|-supereffective|p1a: Necrozma
|-damage|p1a: Necrozma|72/100
|move|p1a: Necrozma|Expanding Force|p2a: Komala
|-crit|p2a: Komala
|-damage|p2a: Komala|27/100
|
|-heal|p1a: Necrozma|78/100|[from] item: Leftovers
|upkeep
|turn|10
|
|t:|1760765983
|move|p1a: Necrozma|Expanding Force|p2a: Komala
|-damage|p2a: Komala|0 fnt
|faint|p2a: Komala
|
|-heal|p1a: Necrozma|84/100|[from] item: Leftovers
|upkeep
|
|t:|1760765987
|switch|p2a: Regidrago|Regidrago|100/100
|turn|11
|
|t:|1760766005
|move|p2a: Regidrago|Earth Power|p1a: Necrozma
|-damage|p1a: Necrozma|58/100
|move|p1a: Necrozma|Expanding Force|p2a: Regidrago
|-damage|p2a: Regidrago|54/100
|
|-heal|p1a: Necrozma|64/100|[from] item: Leftovers
|upkeep
|turn|12
|
|t:|1760766011
|move|p2a: Regidrago|Earth Power|p1a: Necrozma
|-damage|p1a: Necrozma|37/100
|move|p1a: Necrozma|Expanding Force|p2a: Regidrago
|-damage|p2a: Regidrago|5/100
|
|-heal|p1a: Necrozma|43/100|[from] item: Leftovers
|upkeep
|turn|13
|
|t:|1760766016
|move|p2a: Regidrago|Earth Power|p1a: Necrozma
|-damage|p1a: Necrozma|19/100
|move|p1a: Necrozma|Expanding Force|p2a: Regidrago
|-damage|p2a: Regidrago|0 fnt
|faint|p2a: Regidrago
|
|-heal|p1a: Necrozma|25/100|[from] item: Leftovers
|upkeep
|
|t:|1760766020
|switch|p2a: Zoroark|Zoroark-Hisui, F|100/100
|turn|14
|
|t:|1760766023
|-terastallize|p1a: Necrozma|Psychic
|move|p2a: Zoroark|Nasty Plot|p2a: Zoroark
|-boost|p2a: Zoroark|spa|2
|move|p1a: Necrozma|Expanding Force|p2a: Zoroark
|-enditem|p2a: Zoroark|Focus Sash
|-damage|p2a: Zoroark|1/100
|
|-heal|p1a: Necrozma|31/100|[from] item: Leftovers
|upkeep
|turn|15
|
|t:|1760766033
|move|p2a: Zoroark|Shadow Ball|p1a: Necrozma
|-supereffective|p1a: Necrozma
|-damage|p1a: Necrozma|0 fnt
|faint|p1a: Necrozma
|
|upkeep
|
|t:|1760766037
|switch|p1a: Ogerpon|Ogerpon-Wellspring, F|100/100
|-damage|p1a: Ogerpon|88/100|[from] Stealth Rock
|turn|16
|
|t:|1760766044
|-terastallize|p2a: Zoroark|Normal
|move|p2a: Zoroark|Hyper Voice|p1a: Ogerpon
|-damage|p1a: Ogerpon|0 fnt
|faint|p1a: Ogerpon
|
|upkeep
|
|t:|1760766044
|switch|p1a: Iron Hands|Iron Hands|100/100
|-damage|p1a: Iron Hands|94/100|[from] Stealth Rock
|-enditem|p1a: Iron Hands|Booster Energy
|-activate|p1a: Iron Hands|ability: Quark Drive|[fromitem]
|-start|p1a: Iron Hands|quarkdriveatk
|turn|17
|
|t:|1760766056
|move|p2a: Zoroark|Shadow Ball|p1a: Iron Hands
|-damage|p1a: Iron Hands|26/100
|move|p1a: Iron Hands|Drain Punch|p2a: Zoroark
|-supereffective|p2a: Zoroark
|-damage|p2a: Zoroark|0 fnt
|-heal|p1a: Iron Hands|26/100|[from] drain|[of] p2a: Zoroark
|faint|p2a: Zoroark
|
|win|HZBKAI7
|raw|HZBKAI7's rating: 1101 &rarr; <strong>1123</strong><br />(+22 for winning)
|raw|The Blxck's rating: 1054 &rarr; <strong>1038</strong><br />(-16 for losing)
|l|☆HZBKAI7
|player|p1|
|l|☆The Blxck
|player|p2|
