|j|☆Nani_Zak
|j|☆fallenDjames
|t:|1760850474
|gametype|singles
|player|p1|Nani_Zak|101|1162
|player|p2|fallenDjames|benga|1203
|gen|9
|tier|[Gen 9] OU
|rated|
|rule|HP Percentage Mod: HP is shown in percentages
|rule|Endless Battle Clause: Forcing endless battles is banned
|rule|Species Clause: Limit one of each Pokémon
|rule|OHKO Clause: OHKO moves are banned
|rule|Evasion Items Clause: Evasion items are banned
|rule|Evasion Moves Clause: Evasion moves are banned
|rule|Evasion Abilities Clause: Evasion abilities are banned
|rule|Sleep Moves Clause: Sleep-inducing moves are banned
|clearpoke
|poke|p1|Lucario, M|
|poke|p1|Rillaboom, F|
|poke|p1|Gyarados, F|
|poke|p1|Gastrodon-East, M|
|poke|p1|Goodra-Hisui, F|
|poke|p1|Necrozma|
|poke|p2|Pincurchin, M|
|poke|p2|Iron Moth|
|poke|p2|Iron Jugulis|
|poke|p2|Iron Hands|
|poke|p2|Iron Leaves|
|poke|p2|Raging Bolt|
|teampreview
|inactive|Battle timer is ON: inactive players will automatically lose when time's up. (requested by fallenDjames)
|j| Kamop
|l| Kamop
|
|t:|1760850504
|teamsize|p1|6
|teamsize|p2|6
|start
|switch|p1a: Gastrodon|Gastrodon-East, M|100/100
|switch|p2a: Pincurchin|Pincurchin, M|100/100
|-fieldstart|move: Electric Terrain|[from] ability: Electric Surge|[of] p2a: Pincurchin
|turn|1
|
|t:|1760850514
|switch|p2a: Iron Leaves|Iron Leaves|100/100
|-activate|p2a: Iron Leaves|ability: Quark Drive
|-start|p2a: Iron Leaves|quarkdriveatk
|move|p1a: Gastrodon|Surf|p2a: Iron Leaves
|-resisted|p2a: Iron Leaves
|-damage|p2a: Iron Leaves|80/100
|
|upkeep
|turn|2
|
|t:|1760850528
|switch|p1a: Gyarados|Gyarados, F, shiny|100/100
|-ability|p1a: Gyarados|Intimidate|boost
|-unboost|p2a: Iron Leaves|atk|1
|move|p2a: Iron Leaves|Leaf Blade|p1a: Gyarados
|-damage|p1a: Gyarados|36/100
|-damage|p2a: Iron Leaves|70/100|[from] item: Life Orb
|
|upkeep
|turn|3
|
|t:|1760850544
|switch|p1a: Goodra|Goodra-Hisui, F|100/100
|move|p2a: Iron Leaves|Psyblade|p1a: Goodra
|-resisted|p1a: Goodra
|-damage|p1a: Goodra|67/100
|-damage|p2a: Iron Leaves|60/100|[from] item: Life Orb
|
|upkeep
|turn|4
|
|t:|1760850554
|move|p2a: Iron Leaves|Sacred Sword|p1a: Goodra
|-supereffective|p1a: Goodra
|-damage|p1a: Goodra|7/100
|-damage|p2a: Iron Leaves|50/100|[from] item: Life Orb
|move|p1a: Goodra|Flamethrower|p2a: Iron Leaves
|-supereffective|p2a: Iron Leaves
|-damage|p2a: Iron Leaves|0 fnt
|faint|p2a: Iron Leaves
|-end|p2a: Iron Leaves|Quark Drive|[silent]
|
|upkeep
|
|t:|1760850569
|switch|p2a: Iron Moth|Iron Moth|100/100
|-activate|p2a: Iron Moth|ability: Quark Drive
|-start|p2a: Iron Moth|quarkdrivespe
|turn|5
|
|t:|1760850574
|move|p2a: Iron Moth|Fiery Dance|p1a: Goodra
|-damage|p1a: Goodra|0 fnt
|faint|p1a: Goodra
|
|upkeep
|
|t:|1760850579
|switch|p1a: Gastrodon|Gastrodon-East, M|100/100
|turn|6
|
|t:|1760850588
|-terastallize|p2a: Iron Moth|Grass
|move|p2a: Iron Moth|Energy Ball|p1a: Gastrodon
|-supereffective|p1a: Gastrodon
|-damage|p1a: Gastrodon|0 fnt
|faint|p1a: Gastrodon
|
|upkeep
|
|t:|1760850598
|switch|p1a: Necrozma|Necrozma, shiny|100/100
|turn|7
|
|t:|1760850607
|move|p2a: Iron Moth|Meteor Beam||[still]
|-prepare|p2a: Iron Moth|Meteor Beam
|-boost|p2a: Iron Moth|spa|1
|-enditem|p2a: Iron Moth|Power Herb
|-anim|p2a: Iron Moth|Meteor Beam|p1a: Necrozma
|-damage|p1a: Necrozma|37/100
|move|p1a: Necrozma|Calm Mind|p1a: Necrozma
|-boost|p1a: Necrozma|spa|1
|-boost|p1a: Necrozma|spd|1
|
|upkeep
|turn|8
|
|t:|1760850618
|move|p2a: Iron Moth|Fiery Dance|p1a: Necrozma
|-damage|p1a: Necrozma|0 fnt
|-boost|p2a: Iron Moth|spa|1
|faint|p1a: Necrozma
|
|-fieldend|move: Electric Terrain
|-end|p2a: Iron Moth|Quark Drive
|upkeep
|
|t:|1760850622
|switch|p1a: Rillaboom|Rillaboom, F|100/100
|-fieldstart|move: Grassy Terrain|[from] ability: Grassy Surge|[of] p1a: Rillaboom
|turn|9
|
|t:|1760850628
|move|p1a: Rillaboom|Fake Out|p2a: Iron Moth
|-damage|p2a: Iron Moth|78/100
|cant|p2a: Iron Moth|flinch
|
|-heal|p2a: Iron Moth|84/100|[from] Grassy Terrain
|upkeep
|turn|10
|
|t:|1760850634
|move|p1a: Rillaboom|Grassy Glide|p2a: Iron Moth
|-resisted|p2a: Iron Moth
|-damage|p2a: Iron Moth|57/100
|move|p2a: Iron Moth|Fiery Dance|p1a: Rillaboom
|-supereffective|p1a: Rillaboom
|-damage|p1a: Rillaboom|0 fnt
|-boost|p2a: Iron Moth|spa|1
|faint|p1a: Rillaboom
|
|-heal|p2a: Iron Moth|63/100|[from] Grassy Terrain
|upkeep
|
|t:|1760850638
|switch|p1a: Lucario|Lucario, M|100/100
|-enditem|p1a: Lucario|Grassy Seed
|-boost|p1a: Lucario|def|1|[from] item: Grassy Seed
|turn|11
|
|t:|1760850648
|-terastallize|p1a: Lucario|Normal
|move|p1a: Lucario|Extreme Speed|p2a: Iron Moth
|-damage|p2a: Iron Moth|0 fnt
|faint|p2a: Iron Moth
|-end|p2a: Iron Moth|Quark Drive|[silent]
|
|upkeep
|
|t:|1760850654
|switch|p2a: Pincurchin|Pincurchin, M|100/100
|-fieldstart|move: Electric Terrain|[from] ability: Electric Surge|[of] p2a: Pincurchin
|turn|12
|
|t:|1760850659
|move|p1a: Lucario|Swords Dance|p1a: Lucario
|-boost|p1a: Lucario|atk|2
|move|p2a: Pincurchin|Thunder Wave|p1a: Lucario
|-status|p1a: Lucario|par
|
|upkeep
|turn|13
|
|t:|1760850668
|move|p1a: Lucario|Swords Dance|p1a: Lucario
|-boost|p1a: Lucario|atk|2
|move|p2a: Pincurchin|Thunderbolt|p1a: Lucario
|-damage|p1a: Lucario|44/100 par
|
|upkeep
|turn|14
|
|t:|1760850675
|move|p1a: Lucario|Extreme Speed|p2a: Pincurchin
|-damage|p2a: Pincurchin|2/100
|move|p2a: Pincurchin|Thunderbolt|p1a: Lucario
|-damage|p1a: Lucario|0 fnt
|faint|p1a: Lucario
|
|upkeep
|
|t:|1760850678
|switch|p1a: Gyarados|Gyarados, F, shiny|36/100
|-ability|p1a: Gyarados|Intimidate|boost
|-unboost|p2a: Pincurchin|atk|1
|turn|15
|
|t:|1760850685
|move|p1a: Gyarados|Waterfall|p2a: Pincurchin
|-damage|p2a: Pincurchin|0 fnt
|faint|p2a: Pincurchin
|
|upkeep
|
|t:|1760850691
|switch|p2a: Raging Bolt|Raging Bolt|100/100
|turn|16
|
|t:|1760850695
|move|p2a: Raging Bolt|Thunderclap|p1a: Gyarados
|-supereffective|p1a: Gyarados
|-damage|p1a: Gyarados|0 fnt
|faint|p1a: Gyarados
|
|win|fallenDjames
|raw|Nani_Zak's rating: 1162 &rarr; <strong>1140</strong><br />(-22 for losing)
|raw|fallenDjames's rating: 1203 &rarr; <strong>1225</strong><br />(+22 for winning)
|l|☆Nani_Zak
|player|p1|
|l|☆fallenDjames
|player|p2|
