|j|☆chairn't
|j|☆tijzen
|t:|1760721575
|gametype|singles
|player|p1|chairn't|miku-fairy|1453
|player|p2|tijzen|ruinmaniac|1445
|gen|9
|tier|[Gen 9] OU
|rated|
|rule|HP Percentage Mod: HP is shown in percentages
|rule|Endless Battle Clause: Forcing endless battles is banned
|rule|Species Clause: Limit one of each Pokémon
|rule|OHKO Clause: OHKO moves are banned
|rule|Evasion Items Clause: Evasion items are banned
|rule|Evasion Moves Clause: Evasion moves are banned
|rule|Evasion Abilities Clause: Evasion abilities are banned
|rule|Sleep Moves Clause: Sleep-inducing moves are banned
|clearpoke
|poke|p1|Ting-Lu|
|poke|p1|Hatterene, F|
|poke|p1|Great Tusk|
|poke|p1|Ceruledge, M|
|poke|p1|Dragonite, F|
|poke|p1|Kyurem|
|poke|p2|Araquanid, M|
|poke|p2|Hoopa-Unbound|
|poke|p2|Glimmora, M|
|poke|p2|Dragapult, F|
|poke|p2|Darkrai|
|poke|p2|Corviknight, M|
|teampreview
|inactive|Battle timer is ON: inactive players will automatically lose when time's up. (requested by chairn't)
|
|t:|1760721589
|teamsize|p1|6
|teamsize|p2|6
|start
|switch|p1a: Ting-Lu|Ting-Lu|100/100
|switch|p2a: Araquanid|Araquanid, M|100/100
|-ability|p1a: Ting-Lu|Vessel of Ruin
|turn|1
|
|t:|1760721594
|move|p1a: Ting-Lu|Stealth Rock|p2a: Araquanid
|-sidestart|p2: tijzen|move: Stealth Rock
|move|p2a: Araquanid|Infestation|p1a: Ting-Lu
|-supereffective|p1a: Ting-Lu
|-damage|p1a: Ting-Lu|97/100
|-activate|p1a: Ting-Lu|move: Infestation|[of] p2a: Araquanid
|
|-heal|p1a: Ting-Lu|100/100|[from] item: Leftovers
|-damage|p1a: Ting-Lu|88/100|[from] move: Infestation|[partiallytrapped]
|upkeep
|turn|2
|
|t:|1760721599
|move|p2a: Araquanid|Sticky Web|p1a: Ting-Lu
|-sidestart|p1: chairn't|move: Sticky Web
|move|p1a: Ting-Lu|Whirlwind|p2a: Araquanid
|drag|p2a: Dragapult|Dragapult, F|100/100
|
|-heal|p1a: Ting-Lu|94/100|[from] item: Leftovers
|-end|p1a: Ting-Lu|Infestation|[partiallytrapped]|[silent]
|upkeep
|turn|3
|
|t:|1760721606
|move|p2a: Dragapult|U-turn|p1a: Ting-Lu
|-supereffective|p1a: Ting-Lu
|-damage|p1a: Ting-Lu|78/100
|
|t:|1760721609
|switch|p2a: Glimmora|Glimmora, M|100/100|[from] U-turn
|-damage|p2a: Glimmora|88/100|[from] Stealth Rock
|move|p1a: Ting-Lu|Ruination|p2a: Glimmora
|-damage|p2a: Glimmora|44/100
|
|-heal|p1a: Ting-Lu|84/100|[from] item: Leftovers
|upkeep
|turn|4
|
|t:|1760721614
|switch|p1a: Hatterene|Hatterene, F|100/100
|-activate|p1a: Hatterene|move: Sticky Web
|-unboost|p1a: Hatterene|spe|1
|move|p2a: Glimmora|Mortal Spin|p1a: Hatterene
|-supereffective|p1a: Hatterene
|-damage|p1a: Hatterene|89/100
|-status|p1a: Hatterene|psn
|-sideend|p2: tijzen|Stealth Rock|[from] move: Mortal Spin|[of] p2a: Glimmora
|
|-damage|p1a: Hatterene|77/100 psn|[from] psn
|upkeep
|turn|5
|
|t:|1760721628
|switch|p2a: Araquanid|Araquanid, M|100/100
|move|p1a: Hatterene|Psychic Noise|p2a: Araquanid
|-damage|p2a: Araquanid|75/100
|-start|p2a: Araquanid|move: Heal Block
|
|-damage|p1a: Hatterene|65/100 psn|[from] psn
|upkeep
|turn|6
|
|t:|1760721638
|move|p2a: Araquanid|Infestation|p1a: Hatterene
|-damage|p1a: Hatterene|62/100 psn
|-activate|p1a: Hatterene|move: Infestation|[of] p2a: Araquanid
|move|p1a: Hatterene|Nuzzle|p2a: Araquanid
|-supereffective|p2a: Araquanid
|-damage|p2a: Araquanid|68/100
|-status|p2a: Araquanid|par
|
|-damage|p1a: Hatterene|49/100 psn|[from] psn
|-damage|p1a: Hatterene|37/100 psn|[from] move: Infestation|[partiallytrapped]
|-end|p2a: Araquanid|move: Heal Block
|upkeep
|turn|7
|
|t:|1760721644
|move|p2a: Araquanid|Protect|p2a: Araquanid
|-singleturn|p2a: Araquanid|Protect
|move|p1a: Hatterene|Psyshock|p2a: Araquanid
|-activate|p2a: Araquanid|move: Protect
|
|-heal|p2a: Araquanid|74/100 par|[from] item: Leftovers
|-damage|p1a: Hatterene|25/100 psn|[from] psn
|-damage|p1a: Hatterene|12/100 psn|[from] move: Infestation|[partiallytrapped]
|upkeep
|turn|8
|
|t:|1760721657
|switch|p2a: Corviknight|Corviknight, M|100/100
|-ability|p2a: Corviknight|Pressure
|move|p1a: Hatterene|Psyshock|p2a: Corviknight
|-resisted|p2a: Corviknight
|-damage|p2a: Corviknight|89/100
|
|-damage|p1a: Hatterene|0 fnt|[from] psn
|faint|p1a: Hatterene
|upkeep
|
|t:|1760721662
|switch|p1a: Great Tusk|Great Tusk|100/100
|-activate|p1a: Great Tusk|move: Sticky Web
|-unboost|p1a: Great Tusk|spe|1
|turn|9
|
|t:|1760721666
|switch|p2a: Dragapult|Dragapult, F|100/100
|move|p1a: Great Tusk|Knock Off|p2a: Dragapult
|-supereffective|p2a: Dragapult
|-damage|p2a: Dragapult|18/100
|-enditem|p2a: Dragapult|Heavy-Duty Boots|[from] move: Knock Off|[of] p1a: Great Tusk
|
|upkeep
|turn|10
|
|t:|1760721674
|-end|p1a: Great Tusk|Protosynthesis|[silent]
|switch|p1a: Ting-Lu|Ting-Lu|84/100
|-activate|p1a: Ting-Lu|move: Sticky Web
|-unboost|p1a: Ting-Lu|spe|1
|-ability|p1a: Ting-Lu|Vessel of Ruin
|move|p2a: Dragapult|Draco Meteor|p1a: Ting-Lu
|-damage|p1a: Ting-Lu|58/100
|-unboost|p2a: Dragapult|spa|2
|
|-heal|p1a: Ting-Lu|64/100|[from] item: Leftovers
|upkeep
|turn|11
|
|t:|1760721686
|move|p2a: Dragapult|U-turn|p1a: Ting-Lu
|-supereffective|p1a: Ting-Lu
|-damage|p1a: Ting-Lu|47/100
|
|t:|1760721700
|switch|p2a: Darkrai|Darkrai|100/100|[from] U-turn
|move|p1a: Ting-Lu|Earthquake|p2a: Darkrai
|-damage|p2a: Darkrai|48/100
|
|-heal|p1a: Ting-Lu|53/100|[from] item: Leftovers
|upkeep
|turn|12
|
|t:|1760721706
|move|p2a: Darkrai|Ice Beam|p1a: Ting-Lu
|-supereffective|p1a: Ting-Lu
|-damage|p1a: Ting-Lu|19/100
|-status|p1a: Ting-Lu|frz
|-damage|p2a: Darkrai|38/100|[from] item: Life Orb
|cant|p1a: Ting-Lu|frz
|
|-heal|p1a: Ting-Lu|25/100 frz|[from] item: Leftovers
|upkeep
|turn|13
|
|t:|1760721719
|move|p2a: Darkrai|Dark Pulse|p1a: Ting-Lu
|-resisted|p1a: Ting-Lu
|-crit|p1a: Ting-Lu
|-damage|p1a: Ting-Lu|6/100 frz
|-damage|p2a: Darkrai|28/100|[from] item: Life Orb
|cant|p1a: Ting-Lu|frz
|
|-heal|p1a: Ting-Lu|12/100 frz|[from] item: Leftovers
|upkeep
|turn|14
|
|t:|1760721725
|move|p2a: Darkrai|Dark Pulse|p1a: Ting-Lu
|-resisted|p1a: Ting-Lu
|-damage|p1a: Ting-Lu|0 fnt
|faint|p1a: Ting-Lu
|-damage|p2a: Darkrai|18/100|[from] item: Life Orb
|
|upkeep
|
|t:|1760721730
|switch|p1a: Great Tusk|Great Tusk|100/100
|-activate|p1a: Great Tusk|move: Sticky Web
|-unboost|p1a: Great Tusk|spe|1
|turn|15
|
|t:|1760721738
|-terastallize|p1a: Great Tusk|Poison
|move|p2a: Darkrai|Ice Beam|p1a: Great Tusk
|-damage|p1a: Great Tusk|48/100
|-damage|p2a: Darkrai|8/100|[from] item: Life Orb
|move|p1a: Great Tusk|Rapid Spin|p2a: Darkrai
|-damage|p2a: Darkrai|0 fnt
|-boost|p1a: Great Tusk|spe|1
|-sideend|p1: chairn't|Sticky Web|[from] move: Rapid Spin|[of] p1a: Great Tusk
|faint|p2a: Darkrai
|
|-heal|p1a: Great Tusk|54/100|[from] item: Leftovers
|upkeep
|
|t:|1760721745
|switch|p2a: Corviknight|Corviknight, M|89/100
|-ability|p2a: Corviknight|Pressure
|turn|16
|
|t:|1760721756
|-end|p1a: Great Tusk|Protosynthesis|[silent]
|switch|p1a: Kyurem|Kyurem|100/100
|-ability|p1a: Kyurem|Pressure
|move|p2a: Corviknight|Iron Defense|p2a: Corviknight
|-boost|p2a: Corviknight|def|2
|
|upkeep
|turn|17
|
|t:|1760721762
|switch|p2a: Araquanid|Araquanid, M|74/100 par
|move|p1a: Kyurem|Ice Beam|p2a: Araquanid
|-resisted|p2a: Araquanid
|-damage|p2a: Araquanid|52/100 par
|
|-heal|p2a: Araquanid|58/100 par|[from] item: Leftovers
|upkeep
|turn|18
|
|t:|1760721771
|switch|p1a: Ceruledge|Ceruledge, M|100/100
|move|p2a: Araquanid|Sticky Web|p1a: Ceruledge
|-sidestart|p1: chairn't|move: Sticky Web
|
|-heal|p2a: Araquanid|65/100 par|[from] item: Leftovers
|upkeep
|turn|19
|
|t:|1760721778
|move|p1a: Ceruledge|Swords Dance|p1a: Ceruledge
|-boost|p1a: Ceruledge|atk|2
|move|p2a: Araquanid|Liquidation|p1a: Ceruledge
|-supereffective|p1a: Ceruledge
|-enditem|p1a: Ceruledge|Focus Sash
|-damage|p1a: Ceruledge|1/100
|-ability|p1a: Ceruledge|Weak Armor|boost
|-unboost|p1a: Ceruledge|def|1
|-boost|p1a: Ceruledge|spe|2
|
|-heal|p2a: Araquanid|71/100 par|[from] item: Leftovers
|upkeep
|turn|20
|
|t:|1760721791
|move|p1a: Ceruledge|Bitter Blade|p2a: Araquanid
|-crit|p2a: Araquanid
|-damage|p2a: Araquanid|0 fnt
|-heal|p1a: Ceruledge|42/100|[from] drain|[of] p2a: Araquanid
|faint|p2a: Araquanid
|
|upkeep
|
|t:|1760721803
|switch|p2a: Glimmora|Glimmora, M|44/100
|turn|21
|
|t:|1760721809
|move|p2a: Glimmora|Spiky Shield|p2a: Glimmora
|-singleturn|p2a: Glimmora|move: Protect
|move|p1a: Ceruledge|Bitter Blade|p2a: Glimmora
|-activate|p2a: Glimmora|move: Protect
|-damage|p1a: Ceruledge|29/100|[from] Spiky Shield|[of] p2a: Glimmora
|
|upkeep
|turn|22
|
|t:|1760721819
|switch|p2a: Dragapult|Dragapult, F|18/100
|move|p1a: Ceruledge|Bitter Blade|p2a: Dragapult
|-resisted|p2a: Dragapult
|-damage|p2a: Dragapult|0 fnt
|-heal|p1a: Ceruledge|39/100|[from] drain|[of] p2a: Dragapult
|faint|p2a: Dragapult
|
|upkeep
|
|t:|1760721825
|switch|p2a: Glimmora|Glimmora, M|44/100
|turn|23
|
|t:|1760721833
|move|p1a: Ceruledge|Bitter Blade|p2a: Glimmora
|-resisted|p2a: Glimmora
|-damage|p2a: Glimmora|0 fnt
|-heal|p1a: Ceruledge|63/100|[from] drain|[of] p2a: Glimmora
|-activate|p2a: Glimmora|ability: Toxic Debris
|-sidestart|p1: chairn't|move: Toxic Spikes
|faint|p2a: Glimmora
|
|upkeep
|
|t:|1760721835
|switch|p2a: Hoopa|Hoopa-Unbound|100/100
|turn|24
|
|t:|1760721839
|move|p1a: Ceruledge|Bitter Blade|p2a: Hoopa
|-damage|p2a: Hoopa|0 fnt
|-heal|p1a: Ceruledge|100/100|[from] drain|[of] p2a: Hoopa
|faint|p2a: Hoopa
|
|upkeep
|-message|tijzen forfeited.
|
|win|chairn't
|raw|chairn&apos;t's rating: 1453 &rarr; <strong>1473</strong><br />(+20 for winning)
|raw|tijzen's rating: 1445 &rarr; <strong>1425</strong><br />(-20 for losing)
|l|☆tijzen
|player|p2|
