|j|☆DonDeLenguas
|j|☆winfiftyfifties
|t:|1760721071
|gametype|singles
|player|p1|DonDeLenguas|102|1597
|player|p2|winfiftyfifties|1|1573
|gen|9
|tier|[Gen 9] OU
|rated|
|rule|HP Percentage Mod: HP is shown in percentages
|rule|Endless Battle Clause: Forcing endless battles is banned
|rule|Species Clause: Limit one of each Pokémon
|rule|OHKO Clause: OHKO moves are banned
|rule|Evasion Items Clause: Evasion items are banned
|rule|Evasion Moves Clause: Evasion moves are banned
|rule|Evasion Abilities Clause: Evasion abilities are banned
|rule|Sleep Moves Clause: Sleep-inducing moves are banned
|clearpoke
|poke|p1|Primarina, M|
|poke|p1|Meowscarada, M|
|poke|p1|Heatran, F|
|poke|p1|Dragapult, F|
|poke|p1|Iron Valiant|
|poke|p1|Great Tusk|
|poke|p2|Landorus-Therian, M|
|poke|p2|Ogerpon-Wellspring, F|
|poke|p2|Dragapult, F|
|poke|p2|Darkrai|
|poke|p2|Arcanine-Hisui, F|
|poke|p2|Scizor, M|
|teampreview
|
|t:|1760721117
|teamsize|p1|6
|teamsize|p2|6
|start
|switch|p1a: Meowscarada|Meowscarada, M|100/100
|switch|p2a: Landorus|Landorus-Therian, M|100/100
|-ability|p2a: Landorus|Intimidate|boost
|-unboost|p1a: Meowscarada|atk|1
|turn|1
|
|t:|1760721142
|switch|p2a: Scizor|Scizor, M|100/100
|move|p1a: Meowscarada|Triple Axel|p2a: Scizor
|-start|p1a: Meowscarada|typechange|Ice|[from] ability: Protean
|-resisted|p2a: Scizor
|-damage|p2a: Scizor|97/100
|-resisted|p2a: Scizor
|-damage|p2a: Scizor|91/100
|-resisted|p2a: Scizor
|-damage|p2a: Scizor|82/100
|-hitcount|p2a: Scizor|3
|
|upkeep
|turn|2
|
|t:|1760721153
|switch|p1a: Great Tusk|Great Tusk|100/100
|move|p2a: Scizor|U-turn|p1a: Great Tusk
|-resisted|p1a: Great Tusk
|-damage|p1a: Great Tusk|78/100
|l|☆winfiftyfifties
|player|p2|
|j|☆winfiftyfifties
|player|p2|winfiftyfifties|1|
|inactive|Battle timer is ON: inactive players will automatically lose when time's up. (requested by DonDeLenguas)
|
|t:|1760721194
|switch|p2a: Ogerpon|Ogerpon-Wellspring, F|100/100|[from] U-turn
|
|upkeep
|turn|3
|
|t:|1760721208
|-end|p1a: Great Tusk|Protosynthesis|[silent]
|switch|p1a: Dragapult|Dragapult, F|100/100
|move|p2a: Ogerpon|Ivy Cudgel|p1a: Dragapult|[anim] Ivy Cudgel Water
|-resisted|p1a: Dragapult
|-damage|p1a: Dragapult|57/100
|
|upkeep
|turn|4
|
|t:|1760721229
|switch|p2a: Scizor|Scizor, M|82/100
|move|p1a: Dragapult|U-turn|p2a: Scizor
|-resisted|p2a: Scizor
|-damage|p2a: Scizor|74/100
|
|t:|1760721233
|switch|p1a: Heatran|Heatran, F|100/100|[from] U-turn
|
|upkeep
|turn|5
|inactive|winfiftyfifties has 120 seconds left.
|
|t:|1760721280
|move|p1a: Heatran|Stealth Rock|p2a: Scizor
|-sidestart|p2: winfiftyfifties|move: Stealth Rock
|move|p2a: Scizor|Close Combat|p1a: Heatran
|-supereffective|p1a: Heatran
|-damage|p1a: Heatran|0 fnt
|-unboost|p2a: Scizor|def|1
|-unboost|p2a: Scizor|spd|1
|faint|p1a: Heatran
|
|upkeep
|inactive|DonDeLenguas has 120 seconds left.
|
|t:|1760721316
|switch|p1a: Iron Valiant|Iron Valiant|100/100
|-enditem|p1a: Iron Valiant|Booster Energy
|-activate|p1a: Iron Valiant|ability: Quark Drive|[fromitem]
|-start|p1a: Iron Valiant|quarkdrivespe
|turn|6
|inactive|DonDeLenguas has 120 seconds left.
|
|t:|1760721331
|switch|p2a: Arcanine|Arcanine-Hisui, F|100/100
|-damage|p2a: Arcanine|76/100|[from] Stealth Rock
|-terastallize|p1a: Iron Valiant|Steel
|move|p1a: Iron Valiant|Calm Mind|p1a: Iron Valiant
|-boost|p1a: Iron Valiant|spa|1
|-boost|p1a: Iron Valiant|spd|1
|
|upkeep
|turn|7
|
|t:|1760721337
|move|p1a: Iron Valiant|Close Combat|p2a: Arcanine
|-supereffective|p2a: Arcanine
|-damage|p2a: Arcanine|0 fnt
|-unboost|p1a: Iron Valiant|def|1
|-unboost|p1a: Iron Valiant|spd|1
|faint|p2a: Arcanine
|
|upkeep
|
|t:|1760721344
|switch|p2a: Landorus|Landorus-Therian, M|100/100
|-damage|p2a: Landorus|88/100|[from] Stealth Rock
|-ability|p2a: Landorus|Intimidate|boost
|-unboost|p1a: Iron Valiant|atk|1
|turn|8
|
|t:|1760721347
|move|p1a: Iron Valiant|Moonblast|p2a: Landorus
|-damage|p2a: Landorus|2/100
|-unboost|p2a: Landorus|spa|1
|move|p2a: Landorus|Earthquake|p1a: Iron Valiant
|-supereffective|p1a: Iron Valiant
|-damage|p1a: Iron Valiant|0 fnt
|faint|p1a: Iron Valiant
|-end|p1a: Iron Valiant|Quark Drive|[silent]
|
|upkeep
|
|t:|1760721355
|switch|p1a: Dragapult|Dragapult, F|57/100
|turn|9
|
|t:|1760721359
|move|p1a: Dragapult|U-turn|p2a: Landorus
|-resisted|p2a: Landorus
|-damage|p2a: Landorus|0 fnt
|faint|p2a: Landorus
|
|t:|1760721368
|switch|p1a: Meowscarada|Meowscarada, M|100/100|[from] U-turn
|
|upkeep
|
|t:|1760721375
|switch|p2a: Scizor|Scizor, M|74/100
|-damage|p2a: Scizor|61/100|[from] Stealth Rock
|turn|10
|
|t:|1760721395
|switch|p1a: Great Tusk|Great Tusk|78/100
|move|p2a: Scizor|Bullet Punch|p1a: Great Tusk
|-damage|p1a: Great Tusk|41/100
|
|upkeep
|turn|11
|
|t:|1760721408
|-terastallize|p2a: Scizor|Steel
|move|p2a: Scizor|Bullet Punch|p1a: Great Tusk
|-damage|p1a: Great Tusk|0 fnt
|faint|p1a: Great Tusk
|-end|p1a: Great Tusk|Protosynthesis|[silent]
|
|upkeep
|
|t:|1760721415
|switch|p1a: Primarina|Primarina, M|100/100
|turn|12
|
|t:|1760721435
|switch|p2a: Dragapult|Dragapult, F|100/100
|-damage|p2a: Dragapult|88/100|[from] Stealth Rock
|move|p1a: Primarina|Moonblast|p2a: Dragapult
|-supereffective|p2a: Dragapult
|-damage|p2a: Dragapult|0 fnt
|faint|p2a: Dragapult
|
|upkeep
|
|t:|1760721437
|switch|p2a: Ogerpon|Ogerpon-Wellspring, F|100/100
|-damage|p2a: Ogerpon|88/100|[from] Stealth Rock
|turn|13
|
|t:|1760721446
|switch|p1a: Dragapult|Dragapult, F|57/100
|move|p2a: Ogerpon|Spikes|p1a: Dragapult
|-sidestart|p1: DonDeLenguas|Spikes
|
|upkeep
|turn|14
|
|t:|1760721461
|switch|p2a: Darkrai|Darkrai|100/100
|-damage|p2a: Darkrai|88/100|[from] Stealth Rock
|move|p1a: Dragapult|Draco Meteor|p2a: Darkrai
|-damage|p2a: Darkrai|0 fnt
|-unboost|p1a: Dragapult|spa|2
|faint|p2a: Darkrai
|
|upkeep
|
|t:|1760721465
|switch|p2a: Scizor|Scizor, M, tera:Steel|61/100
|-damage|p2a: Scizor|55/100|[from] Stealth Rock
|turn|15
|
|t:|1760721473
|move|p2a: Scizor|Bullet Punch|p1a: Dragapult
|-damage|p1a: Dragapult|0 fnt
|faint|p1a: Dragapult
|
|upkeep
|
|t:|1760721476
|switch|p1a: Primarina|Primarina, M|100/100
|-damage|p1a: Primarina|88/100|[from] Spikes
|turn|16
|
|t:|1760721487
|move|p2a: Scizor|Bullet Punch|p1a: Primarina
|-damage|p1a: Primarina|1/100
|move|p1a: Primarina|Surf|p2a: Scizor
|-damage|p2a: Scizor|0 fnt
|faint|p2a: Scizor
|
|upkeep
|
|t:|1760721490
|switch|p2a: Ogerpon|Ogerpon-Wellspring, F|88/100
|-damage|p2a: Ogerpon|76/100|[from] Stealth Rock
|turn|17
|
|t:|1760721495
|move|p2a: Ogerpon|Ivy Cudgel|p1a: Primarina|[anim] Ivy Cudgel Water
|-resisted|p1a: Primarina
|-damage|p1a: Primarina|0 fnt
|faint|p1a: Primarina
|
|upkeep
|
|t:|1760721497
|switch|p1a: Meowscarada|Meowscarada, M|100/100
|-damage|p1a: Meowscarada|88/100|[from] Spikes
|turn|18
|
|t:|1760721502
|move|p1a: Meowscarada|U-turn|p2a: Ogerpon
|-start|p1a: Meowscarada|typechange|Bug|[from] ability: Protean
|-supereffective|p2a: Ogerpon
|-damage|p2a: Ogerpon|0 fnt
|faint|p2a: Ogerpon
|
|win|DonDeLenguas
|raw|DonDeLenguas's rating: 1597 &rarr; <strong>1616</strong><br />(+19 for winning)
|raw|winfiftyfifties's rating: 1573 &rarr; <strong>1554</strong><br />(-19 for losing)
|l|☆winfiftyfifties
|player|p2|
