|j|‽Luna226
|j|☆galar8
|t:|1760883520
|gametype|singles
|player|p1|Luna226|parasollady|1190
|player|p2|galar8|caitlin-masters|1191
|gen|9
|tier|[Gen 9] OU
|rated|
|rule|HP Percentage Mod: HP is shown in percentages
|rule|Endless Battle Clause: Forcing endless battles is banned
|rule|Species Clause: Limit one of each Pokémon
|rule|OHKO Clause: OHKO moves are banned
|rule|Evasion Items Clause: Evasion items are banned
|rule|Evasion Moves Clause: Evasion moves are banned
|rule|Evasion Abilities Clause: Evasion abilities are banned
|rule|Sleep Moves Clause: Sleep-inducing moves are banned
|clearpoke
|poke|p1|Landorus-Therian, M|
|poke|p1|Samurott-Hisui, M|
|poke|p1|Goodra-Hisui, M|
|poke|p1|Pecharunt|
|poke|p1|Great Tusk|
|poke|p1|Scizor, F|
|poke|p2|Garganacl, M|
|poke|p2|Toxapex, F|
|poke|p2|Jumpluff, M|
|poke|p2|Corviknight, M|
|poke|p2|Lycanroc, M|
|poke|p2|Gliscor, M|
|teampreview
|inactive|Battle timer is ON: inactive players will automatically lose when time's up. (requested by galar8)
|
|t:|1760883524
|teamsize|p1|6
|teamsize|p2|6
|start
|switch|p1a: Landorus|Landorus-Therian, M|100/100
|switch|p2a: Lycanroc|Lycanroc, M|100/100
|-ability|p1a: Landorus|Intimidate|boost
|-unboost|p2a: Lycanroc|atk|1
|turn|1
|
|t:|1760883531
|move|p2a: Lycanroc|Taunt|p1a: Landorus
|-start|p1a: Landorus|move: Taunt
|move|p1a: Landorus|Earthquake|p2a: Lycanroc
|-supereffective|p2a: Lycanroc
|-enditem|p2a: Lycanroc|Focus Sash
|-damage|p2a: Lycanroc|1/100
|
|upkeep
|turn|2
|
|t:|1760883538
|move|p2a: Lycanroc|Endeavor|p1a: Landorus
|-damage|p1a: Landorus|1/100
|-damage|p2a: Lycanroc|0 fnt|[from] item: Rocky Helmet|[of] p1a: Landorus
|faint|p2a: Lycanroc
|move|p1a: Landorus|U-turn|p2: Lycanroc|[notarget]
|-fail|p1a: Landorus
|
|upkeep
|
|t:|1760883551
|switch|p2a: Jumpluff|Jumpluff, M|100/100
|turn|3
|
|t:|1760883562
|switch|p1a: Goodra|Goodra-Hisui, M|100/100
|move|p2a: Jumpluff|Substitute|p2a: Jumpluff
|-start|p2a: Jumpluff|Substitute
|-damage|p2a: Jumpluff|76/100
|
|upkeep
|turn|4
|
|t:|1760883568
|move|p2a: Jumpluff|Leech Seed|p1a: Goodra
|-ability|p1a: Goodra|Sap Sipper|boost
|-boost|p1a: Goodra|atk|1
|move|p1a: Goodra|Ice Beam|p2a: Jumpluff
|-supereffective|p2a: Jumpluff
|-end|p2a: Jumpluff|Substitute
|
|upkeep
|turn|5
|
|t:|1760883580
|switch|p2a: Garganacl|Garganacl, M|100/100
|move|p1a: Goodra|Ice Beam|p2a: Garganacl
|-damage|p2a: Garganacl|70/100
|
|upkeep
|turn|6
|
|t:|1760883585
|move|p1a: Goodra|Draco Meteor|p2a: Garganacl
|-damage|p2a: Garganacl|9/100
|-unboost|p1a: Goodra|spa|2
|move|p2a: Garganacl|Salt Cure|p1a: Goodra
|-resisted|p1a: Goodra
|-damage|p1a: Goodra|94/100
|-start|p1a: Goodra|Salt Cure
|
|-damage|p1a: Goodra|69/100|[from] Salt Cure
|upkeep
|turn|7
|
|t:|1760883598
|switch|p2a: Toxapex|Toxapex, F, shiny|100/100
|move|p1a: Goodra|Ice Beam|p2a: Toxapex
|-resisted|p2a: Toxapex
|-damage|p2a: Toxapex|95/100
|
|-heal|p2a: Toxapex|100/100|[from] item: Leftovers
|-damage|p1a: Goodra|44/100|[from] Salt Cure
|upkeep
|turn|8
|
|t:|1760883614
|switch|p1a: Great Tusk|Great Tusk|100/100
|move|p2a: Toxapex|Toxic Spikes|p1a: Great Tusk
|-sidestart|p1: Luna226|move: Toxic Spikes
|
|upkeep
|turn|9
|inactive|Luna226 has 120 seconds left.
|
|t:|1760883673
|move|p2a: Toxapex|Baneful Bunker|p2a: Toxapex
|-singleturn|p2a: Toxapex|move: Protect
|move|p1a: Great Tusk|Headlong Rush|p2a: Toxapex
|-activate|p2a: Toxapex|move: Protect
|-status|p1a: Great Tusk|psn
|
|-damage|p1a: Great Tusk|88/100 psn|[from] psn
|upkeep
|turn|10
|
|t:|1760883680
|switch|p2a: Jumpluff|Jumpluff, M|76/100
|move|p1a: Great Tusk|Headlong Rush|p2a: Jumpluff
|-immune|p2a: Jumpluff
|
|-damage|p1a: Great Tusk|76/100 psn|[from] psn
|upkeep
|turn|11
|
|t:|1760883687
|move|p2a: Jumpluff|Encore|p1a: Great Tusk
|-start|p1a: Great Tusk|Encore
|move|p1a: Great Tusk|Headlong Rush|p2a: Jumpluff
|-immune|p2a: Jumpluff
|
|-damage|p1a: Great Tusk|63/100 psn|[from] psn
|upkeep
|turn|12
|-message|Luna226 forfeited.
|
|win|galar8
|raw|Luna226's rating: 1190 &rarr; <strong>1165</strong><br />(-25 for losing)
|raw|galar8's rating: 1191 &rarr; <strong>1216</strong><br />(+25 for winning)
|l|‽Luna226
|player|p1|
|l|☆galar8
|player|p2|
