|j|☆platypus8
|j|☆Amol Ketchum
|t:|1760852443
|gametype|singles
|player|p1|platypus8|clown|1104
|player|p2|Amol Ketchum|lucas|1070
|gen|9
|tier|[Gen 9] OU
|rated|
|rule|HP Percentage Mod: HP is shown in percentages
|rule|Endless Battle Clause: Forcing endless battles is banned
|rule|Species Clause: Limit one of each Pokémon
|rule|OHKO Clause: OHKO moves are banned
|rule|Evasion Items Clause: Evasion items are banned
|rule|Evasion Moves Clause: Evasion moves are banned
|rule|Evasion Abilities Clause: Evasion abilities are banned
|rule|Sleep Moves Clause: Sleep-inducing moves are banned
|clearpoke
|poke|p1|Dragapult, M|
|poke|p1|Corviknight, M|
|poke|p1|Raging Bolt|
|poke|p1|Kingambit, F|
|poke|p1|Gliscor, M|
|poke|p1|Dondozo, M|
|poke|p2|Pikachu-Kalos, M|
|poke|p2|Greninja-*, M|
|poke|p2|Talonflame, M|
|poke|p2|Hawlucha, M|
|poke|p2|Noivern, M|
|poke|p2|Goodra, M|
|teampreview
|inactive|Battle timer is ON: inactive players will automatically lose when time's up. (requested by platypus8)
|inactive|Amol Ketchum also wants the timer to be on.
|
|t:|1760852453
|teamsize|p1|6
|teamsize|p2|6
|start
|switch|p1a: Dondozo|Dondozo, M|100/100
|switch|p2a: Talonflame|Talonflame, M|100/100
|-item|p1a: Dondozo|Air Balloon
|turn|1
|
|t:|1760852466
|switch|p2a: Pikachu|Pikachu-Kalos, M|100/100
|move|p1a: Dondozo|Avalanche|p2a: Pikachu
|-damage|p2a: Pikachu|67/100
|
|upkeep
|turn|2
|
|t:|1760852482
|switch|p2a: Greninja|Greninja, M|100/100
|move|p1a: Dondozo|Body Press|p2a: Greninja
|-supereffective|p2a: Greninja
|-damage|p2a: Greninja|33/100
|
|upkeep
|turn|3
|
|t:|1760852490
|move|p2a: Greninja|Dark Pulse|p1a: Dondozo
|-damage|p1a: Dondozo|70/100
|-enditem|p1a: Dondozo|Air Balloon
|move|p1a: Dondozo|Body Press|p2a: Greninja
|-supereffective|p2a: Greninja
|-damage|p2a: Greninja|0 fnt
|faint|p2a: Greninja
|
|upkeep
|
|t:|1760852499
|switch|p2a: Pikachu|Pikachu-Kalos, M|67/100
|turn|4
|
|t:|1760852503
|-terastallize|p2a: Pikachu|Electric
|move|p2a: Pikachu|Thunder|p1a: Dondozo
|-supereffective|p1a: Dondozo
|-damage|p1a: Dondozo|0 fnt
|faint|p1a: Dondozo
|
|upkeep
|
|t:|1760852510
|switch|p1a: Gliscor|Gliscor, M|100/100
|turn|5
|
|t:|1760852515
|switch|p2a: Goodra|Goodra, M|100/100
|move|p1a: Gliscor|Poison Jab|p2a: Goodra
|-damage|p2a: Goodra|79/100
|-ability|p2a: Goodra|Gooey
|-unboost|p1a: Gliscor|spe|1
|
|upkeep
|turn|6
|
|t:|1760852525
|move|p2a: Goodra|Ice Beam|p1a: Gliscor
|-supereffective|p1a: Gliscor
|-damage|p1a: Gliscor|0 fnt
|faint|p1a: Gliscor
|
|upkeep
|
|t:|1760852534
|switch|p1a: Dragapult|Dragapult, M|100/100
|turn|7
|
|t:|1760852538
|-terastallize|p1a: Dragapult|Dragon
|move|p1a: Dragapult|Dragon Darts|p2a: Goodra
|-supereffective|p2a: Goodra
|-damage|p2a: Goodra|2/100
|-anim|p1a: Dragapult|Dragon Darts|p2a: Goodra
|-supereffective|p2a: Goodra
|-damage|p2a: Goodra|0 fnt
|faint|p2a: Goodra
|
|upkeep
|
|t:|1760852547
|switch|p2a: Noivern|Noivern, M|100/100
|turn|8
|
|t:|1760852553
|move|p1a: Dragapult|Dragon Darts|p2a: Noivern
|-supereffective|p2a: Noivern
|-damage|p2a: Noivern|30/100
|-anim|p1a: Dragapult|Dragon Darts|p2a: Noivern
|-supereffective|p2a: Noivern
|-damage|p2a: Noivern|0 fnt
|faint|p2a: Noivern
|
|upkeep
|
|t:|1760852561
|switch|p2a: Talonflame|Talonflame, M|100/100
|turn|9
|
|t:|1760852565
|move|p1a: Dragapult|Hydro Pump|p2a: Talonflame
|-supereffective|p2a: Talonflame
|-damage|p2a: Talonflame|40/100
|move|p2a: Talonflame|Brave Bird|p1a: Dragapult
|-damage|p1a: Dragapult|49/100
|-damage|p2a: Talonflame|24/100|[from] Recoil
|
|-heal|p1a: Dragapult|55/100|[from] item: Leftovers
|upkeep
|turn|10
|
|t:|1760852576
|move|p1a: Dragapult|Dragon Darts|p2a: Talonflame
|-damage|p2a: Talonflame|0 fnt
|faint|p2a: Talonflame
|
|-heal|p1a: Dragapult|61/100|[from] item: Leftovers
|upkeep
|
|t:|1760852583
|switch|p2a: Pikachu|Pikachu-Kalos, M, tera:Electric|67/100
|turn|11
|
|t:|1760852588
|move|p1a: Dragapult|Dragon Darts|p2a: Pikachu
|-damage|p2a: Pikachu|0 fnt
|faint|p2a: Pikachu
|
|-heal|p1a: Dragapult|67/100|[from] item: Leftovers
|upkeep
|l|☆Amol Ketchum
|inactive|Amol Ketchum disconnected and has a minute to reconnect!
|player|p2|
|inactive|Amol Ketchum has 30 seconds to reconnect!
|inactive|Amol Ketchum has 20 seconds to reconnect!
|inactive|Amol Ketchum has 15 seconds to reconnect!
|inactive|Amol Ketchum has 10 seconds to reconnect!
|inactive|Amol Ketchum has 5 seconds to reconnect!
|-message|Amol Ketchum lost due to inactivity.
|
|win|platypus8
|raw|platypus8's rating: 1104 &rarr; <strong>1127</strong><br />(+23 for winning)
|raw|Amol Ketchum's rating: 1070 &rarr; <strong>1051</strong><br />(-19 for losing)
|l|☆platypus8
|player|p1|
