|j|☆one thundillion
|j|☆tboc13
|t:|1760852872
|gametype|singles
|player|p1|one thundillion|beauty-gen6xy|1475
|player|p2|tboc13|dawn|1455
|gen|9
|tier|[Gen 9] OU
|rated|
|rule|HP Percentage Mod: HP is shown in percentages
|rule|Endless Battle Clause: Forcing endless battles is banned
|rule|Species Clause: Limit one of each Pokémon
|rule|OHKO Clause: OHKO moves are banned
|rule|Evasion Items Clause: Evasion items are banned
|rule|Evasion Moves Clause: Evasion moves are banned
|rule|Evasion Abilities Clause: Evasion abilities are banned
|rule|Sleep Moves Clause: Sleep-inducing moves are banned
|clearpoke
|poke|p1|Heatran, M|
|poke|p1|Ogerpon-Wellspring, F|
|poke|p1|Rillaboom, M|
|poke|p1|Great Tusk|
|poke|p1|Dragapult, M|
|poke|p1|Bronzong|
|poke|p2|Rillaboom, F|
|poke|p2|Dragapult, F|
|poke|p2|Samurott-Hisui, F|
|poke|p2|Great Tusk|
|poke|p2|Slowking-Galar, F|
|poke|p2|Skarmory, F|
|teampreview
|inactive|Battle timer is ON: inactive players will automatically lose when time's up. (requested by tboc13)
|inactive|one thundillion also wants the timer to be on.
|inactive|tboc13 has 120 seconds left.
|
|t:|1760852910
|teamsize|p1|6
|teamsize|p2|6
|start
|switch|p1a: Bronzong|Bronzong, shiny|100/100
|switch|p2a: Skarmory|Skarmory, F|100/100
|turn|1
|
|t:|1760852919
|move|p2a: Skarmory|Stealth Rock|p1a: Bronzong
|-sidestart|p1: one thundillion|move: Stealth Rock
|move|p1a: Bronzong|Stealth Rock|p2a: Skarmory
|-sidestart|p2: tboc13|move: Stealth Rock
|
|upkeep
|turn|2
|
|t:|1760852928
|switch|p2a: Samurott|Samurott-Hisui, F|100/100
|-damage|p2a: Samurott|88/100|[from] Stealth Rock
|switch|p1a: Dragapult|Dragapult, M|100/100
|-damage|p1a: Dragapult|88/100|[from] Stealth Rock
|
|upkeep
|turn|3
|
|t:|1760852932
|switch|p1a: Rillaboom|Rillaboom, M|100/100
|-damage|p1a: Rillaboom|88/100|[from] Stealth Rock
|-fieldstart|move: Grassy Terrain|[from] ability: Grassy Surge|[of] p1a: Rillaboom
|move|p2a: Samurott|Ceaseless Edge|p1a: Rillaboom
|-damage|p1a: Rillaboom|44/100
|-sidestart|p1: one thundillion|Spikes
|
|-heal|p2a: Samurott|94/100|[from] Grassy Terrain
|-heal|p1a: Rillaboom|50/100|[from] Grassy Terrain
|upkeep
|turn|4
|
|t:|1760852939
|switch|p2a: Skarmory|Skarmory, F|100/100
|-damage|p2a: Skarmory|88/100|[from] Stealth Rock
|move|p1a: Rillaboom|U-turn|p2a: Skarmory
|-resisted|p2a: Skarmory
|-damage|p2a: Skarmory|84/100
|-damage|p1a: Rillaboom|34/100|[from] item: Rocky Helmet|[of] p2a: Skarmory
|
|t:|1760852942
|switch|p1a: Dragapult|Dragapult, M|88/100|[from] U-turn
|-damage|p1a: Dragapult|76/100|[from] Stealth Rock
|-damage|p1a: Dragapult|64/100|[from] Spikes
|
|-heal|p1a: Dragapult|70/100|[from] Grassy Terrain
|upkeep
|turn|5
|
|t:|1760852951
|switch|p2a: Slowking|Slowking-Galar, F|100/100
|move|p1a: Dragapult|Shadow Ball|p2a: Slowking
|-supereffective|p2a: Slowking
|-damage|p2a: Slowking|42/100
|
|-heal|p1a: Dragapult|76/100|[from] Grassy Terrain
|-heal|p2a: Slowking|48/100|[from] Grassy Terrain
|upkeep
|turn|6
|
|t:|1760852954
|switch|p2a: Samurott|Samurott-Hisui, F|94/100
|-damage|p2a: Samurott|82/100|[from] Stealth Rock
|move|p1a: Dragapult|Shadow Ball|p2a: Samurott
|-resisted|p2a: Samurott
|-damage|p2a: Samurott|40/100
|
|-heal|p2a: Samurott|46/100|[from] Grassy Terrain
|-heal|p1a: Dragapult|82/100|[from] Grassy Terrain
|upkeep
|turn|7
|
|t:|1760852959
|switch|p1a: Great Tusk|Great Tusk|100/100
|move|p2a: Samurott|Flip Turn|p1a: Great Tusk
|-supereffective|p1a: Great Tusk
|-damage|p1a: Great Tusk|60/100
|
|t:|1760852961
|switch|p2a: Dragapult|Dragapult, F|100/100|[from] Flip Turn
|
|-heal|p1a: Great Tusk|66/100|[from] Grassy Terrain
|upkeep
|turn|8
|
|t:|1760852966
|-end|p1a: Great Tusk|Protosynthesis|[silent]
|switch|p1a: Heatran|Heatran, M|100/100
|-damage|p1a: Heatran|88/100|[from] Stealth Rock
|-damage|p1a: Heatran|76/100|[from] Spikes
|move|p2a: Dragapult|U-turn|p1a: Heatran
|-resisted|p1a: Heatran
|-damage|p1a: Heatran|72/100
|
|t:|1760852967
|switch|p2a: Great Tusk|Great Tusk|100/100|[from] U-turn
|
|-heal|p1a: Heatran|78/100|[from] Grassy Terrain
|-heal|p1a: Heatran|84/100|[from] item: Leftovers
|upkeep
|turn|9
|
|t:|1760852971
|-terastallize|p1a: Heatran|Grass
|move|p2a: Great Tusk|Headlong Rush|p1a: Heatran
|-resisted|p1a: Heatran
|-damage|p1a: Heatran|59/100
|-unboost|p2a: Great Tusk|def|1
|-unboost|p2a: Great Tusk|spd|1
|move|p1a: Heatran|Magma Storm|p2a: Great Tusk|[miss]
|-miss|p1a: Heatran|p2a: Great Tusk
|
|-heal|p1a: Heatran|66/100|[from] Grassy Terrain
|-heal|p1a: Heatran|72/100|[from] item: Leftovers
|upkeep
|turn|10
|
|t:|1760852979
|-end|p2a: Great Tusk|Protosynthesis|[silent]
|switch|p2a: Slowking|Slowking-Galar, F|81/100
|switch|p1a: Bronzong|Bronzong, shiny|100/100
|-damage|p1a: Bronzong|94/100|[from] Stealth Rock
|
|-heal|p2a: Slowking|88/100|[from] Grassy Terrain
|-fieldend|move: Grassy Terrain
|upkeep
|turn|11
|
|t:|1760852983
|move|p1a: Bronzong|Psychic Noise|p2a: Slowking
|-damage|p2a: Slowking|75/100
|-start|p2a: Slowking|move: Heal Block
|move|p2a: Slowking|Future Sight|p1a: Bronzong
|-start|p2a: Slowking|move: Future Sight
|
|upkeep
|turn|12
|
|t:|1760852989
|move|p1a: Bronzong|Future Sight|p2a: Slowking
|-start|p1a: Bronzong|move: Future Sight
|-prepare|p2a: Slowking|Chilly Reception|[premajor]
|move|p2a: Slowking|Chilly Reception|p2a: Slowking
|-weather|Snowscape
|
|t:|1760852991
|switch|p2a: Samurott|Samurott-Hisui, F|46/100|[from] Chilly Reception
|-damage|p2a: Samurott|34/100|[from] Stealth Rock
|
|-weather|Snowscape|[upkeep]
|upkeep
|turn|13
|
|t:|1760852994
|move|p2a: Samurott|Ceaseless Edge|p1a: Bronzong
|-supereffective|p1a: Bronzong
|-enditem|p1a: Bronzong|Colbur Berry|[eat]
|-enditem|p1a: Bronzong|Colbur Berry|[weaken]
|-damage|p1a: Bronzong|63/100
|-sidestart|p1: one thundillion|Spikes
|move|p1a: Bronzong|Body Press|p2a: Samurott
|-supereffective|p2a: Samurott
|-damage|p2a: Samurott|0 fnt
|faint|p2a: Samurott
|
|-weather|Snowscape|[upkeep]
|-end|p1a: Bronzong|move: Future Sight
|-resisted|p1a: Bronzong
|-damage|p1a: Bronzong|54/100
|upkeep
|
|t:|1760853000
|switch|p2a: Rillaboom|Rillaboom, F|100/100
|-damage|p2a: Rillaboom|88/100|[from] Stealth Rock
|-fieldstart|move: Grassy Terrain|[from] ability: Grassy Surge|[of] p2a: Rillaboom
|turn|14
|
|t:|1760853004
|move|p2a: Rillaboom|Knock Off|p1a: Bronzong
|-supereffective|p1a: Bronzong
|-damage|p1a: Bronzong|6/100
|move|p1a: Bronzong|Body Press|p2a: Rillaboom
|-damage|p2a: Rillaboom|56/100
|
|-weather|Snowscape|[upkeep]
|-end|p2a: Rillaboom|move: Future Sight
|-damage|p2a: Rillaboom|7/100
|-heal|p2a: Rillaboom|13/100|[from] Grassy Terrain
|upkeep
|turn|15
|
|t:|1760853012
|move|p2a: Rillaboom|Knock Off|p1a: Bronzong
|-supereffective|p1a: Bronzong
|-damage|p1a: Bronzong|0 fnt
|faint|p1a: Bronzong
|
|-weather|Snowscape|[upkeep]
|-heal|p2a: Rillaboom|19/100|[from] Grassy Terrain
|upkeep
|
|t:|1760853019
|switch|p1a: Rillaboom|Rillaboom, M|34/100
|-damage|p1a: Rillaboom|21/100|[from] Stealth Rock
|-damage|p1a: Rillaboom|5/100|[from] Spikes
|turn|16
|
|t:|1760853025
|switch|p2a: Skarmory|Skarmory, F|84/100
|-damage|p2a: Skarmory|72/100|[from] Stealth Rock
|move|p1a: Rillaboom|Knock Off|p2a: Skarmory
|-damage|p2a: Skarmory|49/100
|-damage|p1a: Rillaboom|0 fnt|[from] item: Rocky Helmet|[of] p2a: Skarmory
|faint|p1a: Rillaboom
|
|-weather|none
|upkeep
|
|t:|1760853029
|switch|p1a: Ogerpon|Ogerpon-Wellspring, F|100/100
|-damage|p1a: Ogerpon|88/100|[from] Stealth Rock
|-damage|p1a: Ogerpon|72/100|[from] Spikes
|turn|17
|
|t:|1760853033
|move|p1a: Ogerpon|Swords Dance|p1a: Ogerpon
|-boost|p1a: Ogerpon|atk|2
|move|p2a: Skarmory|Body Press|p1a: Ogerpon
|-damage|p1a: Ogerpon|30/100
|
|-heal|p1a: Ogerpon|36/100|[from] Grassy Terrain
|upkeep
|turn|18
|
|t:|1760853038
|move|p1a: Ogerpon|Ivy Cudgel|p2a: Skarmory|[anim] Ivy Cudgel Water
|-damage|p2a: Skarmory|0 fnt
|faint|p2a: Skarmory
|
|-heal|p1a: Ogerpon|42/100|[from] Grassy Terrain
|-fieldend|move: Grassy Terrain
|upkeep
|
|t:|1760853042
|switch|p2a: Rillaboom|Rillaboom, F|19/100
|-damage|p2a: Rillaboom|7/100|[from] Stealth Rock
|-fieldstart|move: Grassy Terrain|[from] ability: Grassy Surge|[of] p2a: Rillaboom
|turn|19
|
|t:|1760853044
|move|p1a: Ogerpon|Grassy Glide|p2a: Rillaboom
|-resisted|p2a: Rillaboom
|-damage|p2a: Rillaboom|0 fnt
|faint|p2a: Rillaboom
|
|-heal|p1a: Ogerpon|48/100|[from] Grassy Terrain
|upkeep
|
|t:|1760853047
|switch|p2a: Dragapult|Dragapult, F|100/100
|turn|20
|
|t:|1760853064
|move|p2a: Dragapult|Will-O-Wisp|p1a: Ogerpon
|-status|p1a: Ogerpon|brn
|move|p1a: Ogerpon|Play Rough|p2a: Dragapult
|-supereffective|p2a: Dragapult
|-damage|p2a: Dragapult|1/100
|
|-heal|p2a: Dragapult|7/100|[from] Grassy Terrain
|-heal|p1a: Ogerpon|54/100 brn|[from] Grassy Terrain
|-damage|p1a: Ogerpon|48/100 brn|[from] brn
|upkeep
|turn|21
|
|t:|1760853071
|switch|p2a: Great Tusk|Great Tusk|100/100
|move|p1a: Ogerpon|Grassy Glide|p2a: Great Tusk
|-supereffective|p2a: Great Tusk
|-damage|p2a: Great Tusk|30/100
|
|-heal|p1a: Ogerpon|54/100 brn|[from] Grassy Terrain
|-heal|p2a: Great Tusk|36/100|[from] Grassy Terrain
|-damage|p1a: Ogerpon|48/100 brn|[from] brn
|upkeep
|turn|22
|
|t:|1760853076
|-end|p2a: Great Tusk|Protosynthesis|[silent]
|switch|p2a: Slowking|Slowking-Galar, F|100/100
|move|p1a: Ogerpon|Ivy Cudgel|p2a: Slowking|[anim] Ivy Cudgel Water
|-damage|p2a: Slowking|33/100
|
|-heal|p1a: Ogerpon|54/100 brn|[from] Grassy Terrain
|-heal|p2a: Slowking|39/100|[from] Grassy Terrain
|-damage|p1a: Ogerpon|48/100 brn|[from] brn
|upkeep
|turn|23
|
|t:|1760853081
|-terastallize|p2a: Slowking|Water
|move|p1a: Ogerpon|Ivy Cudgel|p2a: Slowking|[anim] Ivy Cudgel Water
|-resisted|p2a: Slowking
|-damage|p2a: Slowking|5/100
|move|p2a: Slowking|Sludge Bomb|p1a: Ogerpon
|-supereffective|p1a: Ogerpon
|-damage|p1a: Ogerpon|0 fnt
|faint|p1a: Ogerpon
|
|-heal|p2a: Slowking|11/100|[from] Grassy Terrain
|-fieldend|move: Grassy Terrain
|upkeep
|
|t:|1760853085
|switch|p1a: Great Tusk|Great Tusk|66/100
|turn|24
|
|t:|1760853089
|switch|p2a: Great Tusk|Great Tusk|36/100
|move|p1a: Great Tusk|Rapid Spin|p2a: Great Tusk
|-damage|p2a: Great Tusk|24/100
|-boost|p1a: Great Tusk|spe|1
|-sideend|p1: one thundillion|Spikes|[from] move: Rapid Spin|[of] p1a: Great Tusk
|-sideend|p1: one thundillion|Stealth Rock|[from] move: Rapid Spin|[of] p1a: Great Tusk
|
|upkeep
|turn|25
|
|t:|1760853092
|move|p1a: Great Tusk|Headlong Rush|p2a: Great Tusk
|-damage|p2a: Great Tusk|0 fnt
|-unboost|p1a: Great Tusk|def|1
|-unboost|p1a: Great Tusk|spd|1
|faint|p2a: Great Tusk
|-end|p2a: Great Tusk|Protosynthesis|[silent]
|
|upkeep
|
|t:|1760853094
|switch|p2a: Dragapult|Dragapult, F|7/100
|turn|26
|-message|tboc13 forfeited.
|
|win|one thundillion
|raw|one thundillion's rating: 1475 &rarr; <strong>1494</strong><br />(+19 for winning)
|raw|tboc13's rating: 1455 &rarr; <strong>1436</strong><br />(-19 for losing)
|l|☆tboc13
|player|p2|
|l|☆one thundillion
|player|p1|
