|badge|p1|silver|gen9doublesou|30-7
|badge|p1|bronze|gen9ru|100-7
|uhtml|medal-msg|<div class="broadcast-blue">Curious what those medals under the avatar are? PS now has Ladder Seasons! For more information, check out the <a href="https://www.smogon.com/forums/threads/3740067/">thread on Smogon.</a></div>
|j|☆3idk
|j|☆StarChewer
|t:|1760872085
|gametype|singles
|player|p1|3idk|cynthia-masters|1753
|player|p2|StarChewer|lusamine-nihilego|1798
|gen|9
|tier|[Gen 9] OU
|rated|
|rule|HP Percentage Mod: HP is shown in percentages
|rule|Endless Battle Clause: Forcing endless battles is banned
|rule|Species Clause: Limit one of each Pokémon
|rule|OHKO Clause: OHKO moves are banned
|rule|Evasion Items Clause: Evasion items are banned
|rule|Evasion Moves Clause: Evasion moves are banned
|rule|Evasion Abilities Clause: Evasion abilities are banned
|rule|Sleep Moves Clause: Sleep-inducing moves are banned
|clearpoke
|poke|p1|Pelipper, F|
|poke|p1|Tornadus-Therian, M|
|poke|p1|Iron Treads|
|poke|p1|Decidueye-Hisui, F|
|poke|p1|Barraskewda, M|
|poke|p1|Raging Bolt|
|poke|p2|Dragapult, M|
|poke|p2|Glimmora, F|
|poke|p2|Kingambit, M|
|poke|p2|Serperior, F|
|poke|p2|Zamazenta-*|
|poke|p2|Slowking-Galar, F|
|teampreview
|inactive|Battle timer is ON: inactive players will automatically lose when time's up. (requested by StarChewer)
|inactive|3idk also wants the timer to be on.
|j| abravioustinkaton
|
|t:|1760872097
|teamsize|p1|6
|teamsize|p2|6
|start
|switch|p1a: Pelipper|Pelipper, F|100/100
|switch|p2a: Medusa|Serperior, F, shiny|100/100
|-weather|RainDance|[from] ability: Drizzle|[of] p1a: Pelipper
|turn|1
|j| rhkrcjfdbd
|l| abravioustinkaton
|c|☆StarChewer|yooo
|c|☆StarChewer|i love Decidueye
|
|t:|1760872113
|switch|p1a: Tornadus|Tornadus-Therian, M|100/100
|move|p2a: Medusa|Substitute|p2a: Medusa
|-start|p2a: Medusa|Substitute
|-damage|p2a: Medusa|76/100
|
|-weather|RainDance|[upkeep]
|-heal|p2a: Medusa|82/100|[from] item: Leftovers
|upkeep
|turn|2
|
|t:|1760872118
|move|p1a: Tornadus|U-turn|p2a: Medusa
|-supereffective|p2a: Medusa
|-end|p2a: Medusa|Substitute
|
|t:|1760872122
|switch|p1a: Iron Treads|Iron Treads|100/100|[from] U-turn
|move|p2a: Medusa|Glare|p1a: Iron Treads
|-status|p1a: Iron Treads|par
|
|-weather|RainDance|[upkeep]
|-heal|p2a: Medusa|88/100|[from] item: Leftovers
|upkeep
|turn|3
|
|t:|1760872125
|move|p2a: Medusa|Leaf Storm|p1a: Iron Treads
|-damage|p1a: Iron Treads|63/100 par
|-boost|p2a: Medusa|spa|2
|cant|p1a: Iron Treads|par
|
|-weather|RainDance|[upkeep]
|-heal|p2a: Medusa|94/100|[from] item: Leftovers
|-heal|p1a: Iron Treads|69/100 par|[from] item: Leftovers
|upkeep
|turn|4
|
|t:|1760872131
|move|p2a: Medusa|Leaf Storm|p1a: Iron Treads
|-damage|p1a: Iron Treads|0 fnt
|-boost|p2a: Medusa|spa|2
|faint|p1a: Iron Treads
|-end|p1a: Iron Treads|Quark Drive|[silent]
|
|-weather|RainDance|[upkeep]
|-heal|p2a: Medusa|100/100|[from] item: Leftovers
|upkeep
|
|t:|1760872135
|switch|p1a: Tornadus|Tornadus-Therian, M|100/100
|turn|5
|
|t:|1760872138
|switch|p2a: GlowUp|Slowking-Galar, F|100/100
|move|p1a: Tornadus|Hurricane|p2a: GlowUp
|-damage|p2a: GlowUp|72/100
|-start|p2a: GlowUp|confusion
|
|-weather|RainDance|[upkeep]
|upkeep
|turn|6
|
|t:|1760872147
|switch|p1a: Raging Bolt|Raging Bolt|100/100
|-enditem|p1a: Raging Bolt|Booster Energy
|-activate|p1a: Raging Bolt|ability: Protosynthesis|[fromitem]
|-start|p1a: Raging Bolt|protosynthesisspa
|-activate|p2a: GlowUp|confusion
|-damage|p2a: GlowUp|66/100|[from] confusion
|
|-weather|RainDance|[upkeep]
|upkeep
|turn|7
|
|t:|1760872153
|switch|p2a: Medusa|Serperior, F, shiny|100/100
|move|p1a: Raging Bolt|Thunder|p2a: Medusa
|-resisted|p2a: Medusa
|-damage|p2a: Medusa|47/100
|-status|p2a: Medusa|par
|
|-weather|RainDance|[upkeep]
|-heal|p2a: Medusa|53/100 par|[from] item: Leftovers
|upkeep
|turn|8
|
|t:|1760872157
|move|p1a: Raging Bolt|Thunder|p2a: Medusa
|-resisted|p2a: Medusa
|-damage|p2a: Medusa|4/100 par
|move|p2a: Medusa|Leech Seed|p1a: Raging Bolt
|-start|p1a: Raging Bolt|move: Leech Seed
|
|-weather|none
|-heal|p2a: Medusa|10/100 par|[from] item: Leftovers
|-damage|p1a: Raging Bolt|88/100|[from] Leech Seed|[of] p2a: Medusa
|-heal|p2a: Medusa|28/100 par|[silent]
|upkeep
|turn|9
|
|t:|1760872163
|move|p1a: Raging Bolt|Dragon Pulse|p2a: Medusa
|-damage|p2a: Medusa|0 fnt
|faint|p2a: Medusa
|
|upkeep
|
|t:|1760872165
|switch|p2a: GlowUp|Slowking-Galar, F|99/100
|turn|10
|
|t:|1760872169
|-end|p1a: Raging Bolt|Protosynthesis|[silent]
|switch|p1a: Pelipper|Pelipper, F|100/100
|-weather|RainDance|[from] ability: Drizzle|[of] p1a: Pelipper
|move|p2a: GlowUp|Ice Beam|p1a: Pelipper
|-damage|p1a: Pelipper|69/100
|
|-weather|RainDance|[upkeep]
|upkeep
|turn|11
|
|t:|1760872173
|move|p1a: Pelipper|U-turn|p2a: GlowUp
|-damage|p2a: GlowUp|90/100
|
|t:|1760872176
|switch|p1a: Raging Bolt|Raging Bolt|88/100|[from] U-turn
|move|p2a: GlowUp|Sludge Bomb|p1a: Raging Bolt
|-damage|p1a: Raging Bolt|59/100
|
|-weather|RainDance|[upkeep]
|upkeep
|turn|12
|
|t:|1760872180
|move|p1a: Raging Bolt|Thunder|p2a: GlowUp
|-damage|p2a: GlowUp|65/100
|move|p2a: GlowUp|Ice Beam|p1a: Raging Bolt
|-supereffective|p1a: Raging Bolt
|-damage|p1a: Raging Bolt|20/100
|
|-weather|RainDance|[upkeep]
|upkeep
|turn|13
|
|t:|1760872185
|move|p1a: Raging Bolt|Thunder|p2a: GlowUp
|-damage|p2a: GlowUp|38/100
|move|p2a: GlowUp|Ice Beam|p1a: Raging Bolt
|-supereffective|p1a: Raging Bolt
|-damage|p1a: Raging Bolt|0 fnt
|faint|p1a: Raging Bolt
|-end|p1a: Raging Bolt|Protosynthesis|[silent]
|
|-weather|RainDance|[upkeep]
|upkeep
|
|t:|1760872189
|switch|p1a: Barraskewda|Barraskewda, M|100/100
|turn|14
|
|t:|1760872196
|switch|p2a: Asbestos|Glimmora, F, shiny|100/100
|-terastallize|p1a: Barraskewda|Water
|move|p1a: Barraskewda|Liquidation|p2a: Asbestos
|-supereffective|p2a: Asbestos
|-damage|p2a: Asbestos|0 fnt
|-activate|p2a: Asbestos|ability: Toxic Debris
|-sidestart|p1: 3idk|move: Toxic Spikes
|faint|p2a: Asbestos
|-damage|p1a: Barraskewda|91/100|[from] item: Life Orb
|
|-weather|RainDance|[upkeep]
|upkeep
|
|t:|1760872206
|switch|p2a: DogeCoin|Zamazenta|100/100
|-ability|p2a: DogeCoin|Dauntless Shield|boost
|-boost|p2a: DogeCoin|def|1
|turn|15
|
|t:|1760872211
|move|p2a: DogeCoin|Protect|p2a: DogeCoin
|-singleturn|p2a: DogeCoin|Protect
|move|p1a: Barraskewda|Flip Turn|p2a: DogeCoin
|-activate|p2a: DogeCoin|move: Protect
|
|-weather|RainDance|[upkeep]
|upkeep
|turn|16
|
|t:|1760872216
|move|p1a: Barraskewda|Flip Turn|p2a: DogeCoin
|-damage|p2a: DogeCoin|57/100
|-damage|p1a: Barraskewda|81/100|[from] item: Life Orb
|
|t:|1760872220
|switch|p1a: Tornadus|Tornadus-Therian, M|100/100|[from] Flip Turn
|move|p2a: DogeCoin|Body Press|p1a: Tornadus
|-resisted|p1a: Tornadus
|-damage|p1a: Tornadus|62/100
|
|-weather|RainDance|[upkeep]
|-heal|p2a: DogeCoin|63/100|[from] item: Leftovers
|upkeep
|turn|17
|
|t:|1760872224
|move|p2a: DogeCoin|Protect|p2a: DogeCoin
|-singleturn|p2a: DogeCoin|Protect
|move|p1a: Tornadus|Hurricane|p2a: DogeCoin
|-activate|p2a: DogeCoin|move: Protect
|
|-weather|none
|-heal|p2a: DogeCoin|69/100|[from] item: Leftovers
|upkeep
|turn|18
|
|t:|1760872227
|switch|p2a: GlowUp|Slowking-Galar, F|71/100
|move|p1a: Tornadus|Hurricane|p2a: GlowUp|[miss]
|-miss|p1a: Tornadus|p2a: GlowUp
|
|upkeep
|turn|19
|
|t:|1760872232
|switch|p1a: Pelipper|Pelipper, F|69/100
|-weather|RainDance|[from] ability: Drizzle|[of] p1a: Pelipper
|move|p2a: GlowUp|Sludge Bomb|p1a: Pelipper
|-damage|p1a: Pelipper|19/100
|-status|p1a: Pelipper|psn
|
|-weather|RainDance|[upkeep]
|-damage|p1a: Pelipper|7/100 psn|[from] psn
|upkeep
|turn|20
|
|t:|1760872237
|move|p1a: Pelipper|U-turn|p2a: GlowUp
|-damage|p2a: GlowUp|61/100
|
|t:|1760872241
|switch|p1a: Tornadus|Tornadus-Therian, M|95/100|[from] U-turn
|move|p2a: GlowUp|Sludge Bomb|p1a: Tornadus
|-damage|p1a: Tornadus|52/100
|-status|p1a: Tornadus|psn
|
|-weather|RainDance|[upkeep]
|-damage|p1a: Tornadus|40/100 psn|[from] psn
|upkeep
|turn|21
|
|t:|1760872248
|move|p1a: Tornadus|Hurricane|p2a: GlowUp
|-damage|p2a: GlowUp|31/100
|-start|p2a: GlowUp|confusion
|-activate|p2a: GlowUp|confusion
|-damage|p2a: GlowUp|25/100|[from] confusion
|
|-weather|RainDance|[upkeep]
|-damage|p1a: Tornadus|27/100 psn|[from] psn
|upkeep
|turn|22
|
|t:|1760872257
|switch|p2a: Cockroach|Kingambit, M|100/100
|-activate|p2a: Cockroach|ability: Supreme Overlord
|-start|p2a: Cockroach|fallen2|[silent]
|move|p1a: Tornadus|Hurricane|p2a: Cockroach
|-resisted|p2a: Cockroach
|-damage|p2a: Cockroach|62/100
|
|-weather|RainDance|[upkeep]
|-heal|p2a: Cockroach|68/100|[from] item: Leftovers
|-damage|p1a: Tornadus|15/100 psn|[from] psn
|upkeep
|turn|23
|
|t:|1760872262
|switch|p1a: Decidueye|Decidueye-Hisui, F|100/100
|-status|p1a: Decidueye|psn
|move|p2a: Cockroach|Sucker Punch||[still]
|-fail|p2a: Cockroach
|
|-weather|RainDance|[upkeep]
|-heal|p2a: Cockroach|74/100|[from] item: Leftovers
|-damage|p1a: Decidueye|88/100 psn|[from] psn
|upkeep
|turn|24
|
|t:|1760872272
|-end|p2a: Cockroach|fallen2|[silent]
|switch|p2a: GlowUp|Slowking-Galar, F|59/100
|move|p1a: Decidueye|Defog|p2a: GlowUp
|-unboost|p2a: GlowUp|evasion|1
|-sideend|p1: 3idk|Toxic Spikes|[from] move: Defog|[of] p1a: Decidueye
|
|-weather|RainDance|[upkeep]
|-damage|p1a: Decidueye|76/100 psn|[from] psn
|upkeep
|turn|25
|
|t:|1760872283
|move|p1a: Decidueye|U-turn|p2a: GlowUp
|-damage|p2a: GlowUp|41/100
|
|t:|1760872286
|switch|p1a: Tornadus|Tornadus-Therian, M|48/100 psn|[from] U-turn
|move|p2a: GlowUp|Sludge Bomb|p1a: Tornadus
|-damage|p1a: Tornadus|4/100 psn
|
|-weather|RainDance|[upkeep]
|-damage|p1a: Tornadus|0 fnt|[from] psn
|faint|p1a: Tornadus
|upkeep
|
|t:|1760872288
|switch|p1a: Barraskewda|Barraskewda, M, tera:Water|81/100
|turn|26
|
|t:|1760872296
|switch|p2a: Cockroach|Kingambit, M|74/100
|-activate|p2a: Cockroach|ability: Supreme Overlord
|-start|p2a: Cockroach|fallen2|[silent]
|move|p1a: Barraskewda|Liquidation|p2a: Cockroach
|-damage|p2a: Cockroach|0 fnt
|faint|p2a: Cockroach
|-end|p2a: Cockroach|fallen2|[silent]
|-damage|p1a: Barraskewda|71/100|[from] item: Life Orb
|
|-weather|none
|upkeep
|
|t:|1760872308
|switch|p2a: DogeCoin|Zamazenta|69/100
|turn|27
|
|t:|1760872317
|move|p2a: DogeCoin|Body Press|p1a: Barraskewda
|-damage|p1a: Barraskewda|0 fnt
|faint|p1a: Barraskewda
|
|-heal|p2a: DogeCoin|75/100|[from] item: Leftovers
|upkeep
|-message|3idk forfeited.
|
|win|StarChewer
|raw|3idk's rating: 1753 &rarr; <strong>1736</strong><br />(-17 for losing)
|raw|StarChewer's rating: 1798 &rarr; <strong>1815</strong><br />(+17 for winning)
|l|☆3idk
|player|p1|
|c|☆StarChewer|gg
|l|☆StarChewer
|player|p2|
