|j|☆TimmyToe
|j|☆CorvusSumten
|t:|1760870629
|gametype|singles
|player|p1|TimmyToe|backersf|1077
|player|p2|CorvusSumten|ingo|1061
|gen|9
|tier|[Gen 9] OU
|rated|
|rule|HP Percentage Mod: HP is shown in percentages
|rule|Endless Battle Clause: Forcing endless battles is banned
|rule|Species Clause: Limit one of each Pokémon
|rule|OHKO Clause: OHKO moves are banned
|rule|Evasion Items Clause: Evasion items are banned
|rule|Evasion Moves Clause: Evasion moves are banned
|rule|Evasion Abilities Clause: Evasion abilities are banned
|rule|Sleep Moves Clause: Sleep-inducing moves are banned
|clearpoke
|poke|p1|Lurantis, M|
|poke|p1|Alomomola, F|
|poke|p1|Corviknight, M|
|poke|p1|Great Tusk|
|poke|p1|Gholdengo|
|poke|p1|Iron Valiant|
|poke|p2|Pincurchin, F|
|poke|p2|Iron Valiant|
|poke|p2|Raging Bolt|
|poke|p2|Iron Moth|
|poke|p2|Kingambit, M|
|poke|p2|Zapdos|
|teampreview
|
|t:|1760870635
|teamsize|p1|6
|teamsize|p2|6
|start
|switch|p1a: Great Tusk|Great Tusk|100/100
|switch|p2a: Pincurchin|Pincurchin, F|100/100
|-fieldstart|move: Electric Terrain|[from] ability: Electric Surge|[of] p2a: Pincurchin
|turn|1
|
|t:|1760870646
|move|p1a: Great Tusk|Stealth Rock|p2a: Pincurchin
|-sidestart|p2: CorvusSumten|move: Stealth Rock
|move|p2a: Pincurchin|Discharge|p1a: Great Tusk
|-immune|p1a: Great Tusk
|
|upkeep
|turn|2
|
|t:|1760870655
|move|p1a: Great Tusk|Knock Off|p2a: Pincurchin
|-damage|p2a: Pincurchin|65/100
|-enditem|p2a: Pincurchin|Terrain Extender|[from] move: Knock Off|[of] p1a: Great Tusk
|move|p2a: Pincurchin|Memento|p1a: Great Tusk
|-unboost|p1a: Great Tusk|atk|2
|-unboost|p1a: Great Tusk|spa|2
|faint|p2a: Pincurchin
|
|upkeep
|
|t:|1760870664
|switch|p2a: Iron Moth|Iron Moth|100/100
|-damage|p2a: Iron Moth|76/100|[from] Stealth Rock
|-activate|p2a: Iron Moth|ability: Quark Drive
|-start|p2a: Iron Moth|quarkdrivespa
|turn|3
|
|t:|1760870691
|move|p2a: Iron Moth|Substitute|p2a: Iron Moth
|-start|p2a: Iron Moth|Substitute
|-damage|p2a: Iron Moth|51/100
|move|p1a: Great Tusk|Knock Off|p2a: Iron Moth
|-activate|p2a: Iron Moth|move: Substitute|[damage]
|
|upkeep
|turn|4
|
|t:|1760870703
|move|p2a: Iron Moth|Sludge Wave|p1a: Great Tusk
|-resisted|p1a: Great Tusk
|-damage|p1a: Great Tusk|54/100
|-status|p1a: Great Tusk|psn
|move|p1a: Great Tusk|Close Combat|p2a: Iron Moth
|-resisted|p2a: Iron Moth
|-end|p2a: Iron Moth|Substitute
|-unboost|p1a: Great Tusk|def|1
|-unboost|p1a: Great Tusk|spd|1
|
|-heal|p1a: Great Tusk|60/100 psn|[from] item: Leftovers
|-damage|p1a: Great Tusk|48/100 psn|[from] psn
|upkeep
|turn|5
|
|t:|1760870718
|move|p2a: Iron Moth|U-turn|p1a: Great Tusk
|-resisted|p1a: Great Tusk
|-damage|p1a: Great Tusk|44/100 psn
|
|t:|1760870723
|-end|p2a: Iron Moth|Quark Drive|[silent]
|switch|p2a: Kingambit|Kingambit, M|100/100|[from] U-turn
|-damage|p2a: Kingambit|94/100|[from] Stealth Rock
|-activate|p2a: Kingambit|ability: Supreme Overlord
|-start|p2a: Kingambit|fallen1|[silent]
|move|p1a: Great Tusk|Close Combat|p2a: Kingambit
|-supereffective|p2a: Kingambit
|-damage|p2a: Kingambit|25/100
|-unboost|p1a: Great Tusk|def|1
|-unboost|p1a: Great Tusk|spd|1
|
|-heal|p1a: Great Tusk|50/100 psn|[from] item: Leftovers
|-damage|p1a: Great Tusk|38/100 psn|[from] psn
|upkeep
|turn|6
|
|t:|1760870739
|move|p2a: Kingambit|Sucker Punch|p1a: Great Tusk
|-resisted|p1a: Great Tusk
|-damage|p1a: Great Tusk|11/100 psn
|move|p1a: Great Tusk|Close Combat|p2a: Kingambit
|-supereffective|p2a: Kingambit
|-damage|p2a: Kingambit|0 fnt
|-unboost|p1a: Great Tusk|def|1
|-unboost|p1a: Great Tusk|spd|1
|faint|p2a: Kingambit
|-end|p2a: Kingambit|fallen1|[silent]
|
|-heal|p1a: Great Tusk|17/100 psn|[from] item: Leftovers
|-damage|p1a: Great Tusk|5/100 psn|[from] psn
|upkeep
|
|t:|1760870756
|switch|p2a: Iron Valiant|Iron Valiant|100/100
|-damage|p2a: Iron Valiant|94/100|[from] Stealth Rock
|-activate|p2a: Iron Valiant|ability: Quark Drive
|-start|p2a: Iron Valiant|quarkdrivespe
|turn|7
|
|t:|1760870766
|move|p2a: Iron Valiant|Swords Dance|p2a: Iron Valiant
|-boost|p2a: Iron Valiant|atk|2
|move|p1a: Great Tusk|Knock Off|p2a: Iron Valiant
|-resisted|p2a: Iron Valiant
|-damage|p2a: Iron Valiant|92/100
|
|-heal|p1a: Great Tusk|11/100 psn|[from] item: Leftovers
|-damage|p1a: Great Tusk|0 fnt|[from] psn
|faint|p1a: Great Tusk
|-end|p1a: Great Tusk|Protosynthesis|[silent]
|upkeep
|
|t:|1760870787
|switch|p1a: Gholdengo|Gholdengo|100/100
|-item|p1a: Gholdengo|Air Balloon
|turn|8
|
|t:|1760870792
|move|p2a: Iron Valiant|Knock Off|p1a: Gholdengo
|-supereffective|p1a: Gholdengo
|-damage|p1a: Gholdengo|0 fnt
|-enditem|p1a: Gholdengo|Air Balloon
|faint|p1a: Gholdengo
|
|-fieldend|move: Electric Terrain
|-end|p2a: Iron Valiant|Quark Drive
|upkeep
|-enditem|p2a: Iron Valiant|Booster Energy
|-activate|p2a: Iron Valiant|ability: Quark Drive|[fromitem]
|-start|p2a: Iron Valiant|quarkdriveatk
|
|t:|1760870810
|switch|p1a: Iron Valiant|Iron Valiant|100/100
|turn|9
|
|t:|1760870828
|move|p1a: Iron Valiant|Moonblast|p2a: Iron Valiant
|-supereffective|p2a: Iron Valiant
|-damage|p2a: Iron Valiant|0 fnt
|faint|p2a: Iron Valiant
|-end|p2a: Iron Valiant|Quark Drive|[silent]
|
|upkeep
|
|t:|1760870836
|switch|p2a: Zapdos|Zapdos|100/100
|turn|10
|
|t:|1760870851
|-end|p1a: Iron Valiant|Quark Drive|[silent]
|switch|p1a: Corviknight|Corviknight, M|100/100
|-ability|p1a: Corviknight|Pressure
|-terastallize|p2a: Zapdos|Water
|move|p2a: Zapdos|Heat Wave|p1a: Corviknight
|-supereffective|p1a: Corviknight
|-damage|p1a: Corviknight|54/100
|
|upkeep
|turn|11
|
|t:|1760870878
|move|p2a: Zapdos|Hurricane|p1a: Corviknight|[miss]
|-miss|p2a: Zapdos|p1a: Corviknight
|move|p1a: Corviknight|U-turn|p2a: Zapdos
|-damage|p2a: Zapdos|88/100
|
|t:|1760870890
|switch|p1a: Lurantis|Lurantis, M|100/100|[from] U-turn
|
|upkeep
|turn|12
|
|t:|1760870899
|move|p2a: Zapdos|Volt Switch|p1a: Lurantis
|-resisted|p1a: Lurantis
|-damage|p1a: Lurantis|90/100
|
|t:|1760870908
|switch|p2a: Iron Moth|Iron Moth|51/100|[from] Volt Switch
|-damage|p2a: Iron Moth|26/100|[from] Stealth Rock
|-enditem|p2a: Iron Moth|Booster Energy
|-activate|p2a: Iron Moth|ability: Quark Drive|[fromitem]
|-start|p2a: Iron Moth|quarkdrivespa
|move|p1a: Lurantis|Leaf Storm|p2a: Iron Moth
|-resisted|p2a: Iron Moth
|-damage|p2a: Iron Moth|17/100
|-boost|p1a: Lurantis|spa|2
|
|upkeep
|turn|13
|c|☆TimmyToe|well played
|
|t:|1760870938
|-terastallize|p1a: Lurantis|Fighting
|move|p2a: Iron Moth|Fiery Dance|p1a: Lurantis
|-damage|p1a: Lurantis|45/100
|-boost|p2a: Iron Moth|spa|1
|move|p1a: Lurantis|Superpower|p2a: Iron Moth
|-resisted|p2a: Iron Moth
|-damage|p2a: Iron Moth|0 fnt
|-boost|p1a: Lurantis|atk|1
|-boost|p1a: Lurantis|def|1
|faint|p2a: Iron Moth
|-end|p2a: Iron Moth|Quark Drive|[silent]
|
|upkeep
|
|t:|1760870954
|switch|p2a: Zapdos|Zapdos, tera:Water|88/100
|turn|14
|
|t:|1760870964
|move|p2a: Zapdos|Hurricane|p1a: Lurantis|[miss]
|-miss|p2a: Zapdos|p1a: Lurantis
|move|p1a: Lurantis|Leaf Storm|p2a: Zapdos
|-supereffective|p2a: Zapdos
|-damage|p2a: Zapdos|0 fnt
|-boost|p1a: Lurantis|spa|2
|faint|p2a: Zapdos
|
|upkeep
|
|t:|1760870970
|switch|p2a: Raging Bolt|Raging Bolt|100/100
|-damage|p2a: Raging Bolt|88/100|[from] Stealth Rock
|turn|15
|
|t:|1760870983
|move|p2a: Raging Bolt|Rising Voltage|p1a: Lurantis
|-damage|p1a: Lurantis|0 fnt
|faint|p1a: Lurantis
|
|upkeep
|
|t:|1760870991
|switch|p1a: Iron Valiant|Iron Valiant|100/100
|turn|16
|
|t:|1760870995
|move|p1a: Iron Valiant|Moonblast|p2a: Raging Bolt
|-supereffective|p2a: Raging Bolt
|-damage|p2a: Raging Bolt|6/100
|move|p2a: Raging Bolt|Rising Voltage|p1a: Iron Valiant
|-damage|p1a: Iron Valiant|0 fnt
|faint|p1a: Iron Valiant
|-end|p1a: Iron Valiant|Quark Drive|[silent]
|
|upkeep
|
|t:|1760871005
|switch|p1a: Alomomola|Alomomola, F|100/100
|turn|17
|
|t:|1760871010
|move|p1a: Alomomola|Protect|p1a: Alomomola
|-singleturn|p1a: Alomomola|Protect
|move|p2a: Raging Bolt|Rising Voltage|p1a: Alomomola
|-activate|p1a: Alomomola|move: Protect
|
|upkeep
|turn|18
|
|t:|1760871045
|move|p2a: Raging Bolt|Rising Voltage|p1a: Alomomola
|-supereffective|p1a: Alomomola
|-damage|p1a: Alomomola|0 fnt
|faint|p1a: Alomomola
|
|upkeep
|
|t:|1760871051
|switch|p1a: Corviknight|Corviknight, M|54/100
|-ability|p1a: Corviknight|Pressure
|turn|19
|
|t:|1760871077
|move|p2a: Raging Bolt|Rising Voltage|p1a: Corviknight
|-supereffective|p1a: Corviknight
|-damage|p1a: Corviknight|0 fnt
|faint|p1a: Corviknight
|
|win|CorvusSumten
|raw|TimmyToe's rating: 1077 &rarr; <strong>1054</strong><br />(-23 for losing)
|raw|CorvusSumten's rating: 1061 &rarr; <strong>1093</strong><br />(+32 for winning)
|l|☆CorvusSumten
|player|p2|
|l|☆TimmyToe
|player|p1|
