|j|☆churrostick
|j|☆universe mon
|t:|1760729473
|gametype|singles
|player|p1|churrostick|170|1715
|player|p2|universe mon|li|1769
|gen|9
|tier|[Gen 9] OU
|rated|
|rule|HP Percentage Mod: HP is shown in percentages
|rule|Endless Battle Clause: Forcing endless battles is banned
|rule|Species Clause: Limit one of each Pokémon
|rule|OHKO Clause: OHKO moves are banned
|rule|Evasion Items Clause: Evasion items are banned
|rule|Evasion Moves Clause: Evasion moves are banned
|rule|Evasion Abilities Clause: Evasion abilities are banned
|rule|Sleep Moves Clause: Sleep-inducing moves are banned
|clearpoke
|poke|p1|Kyurem|
|poke|p1|Corviknight, F|
|poke|p1|Ting-Lu|
|poke|p1|Dondozo, M|
|poke|p1|Slowking-Galar, L99, F|
|poke|p1|Cinderace, F|
|poke|p2|Ninetales-Alola, F|
|poke|p2|Klefki, M|
|poke|p2|Latias, F|
|poke|p2|Maushold-Four|
|poke|p2|Ogerpon-Wellspring, F|
|poke|p2|Kyurem|
|teampreview
|inactive|Battle timer is ON: inactive players will automatically lose when time's up. (requested by churrostick)
|
|t:|1760729492
|teamsize|p1|6
|teamsize|p2|6
|start
|switch|p1a: Slowking|Slowking-Galar, L99, F|100/100
|switch|p2a: Klefki|Klefki, M|100/100
|turn|1
|
|t:|1760729497
|switch|p1a: Ting-Lu|Ting-Lu|100/100
|-ability|p1a: Ting-Lu|Vessel of Ruin
|move|p2a: Klefki|Thunder Wave|p1a: Ting-Lu
|-immune|p1a: Ting-Lu
|
|upkeep
|turn|2
|
|t:|1760729499
|switch|p2a: Ninetales|Ninetales-Alola, F|100/100
|-weather|Snowscape|[from] ability: Snow Warning|[of] p2a: Ninetales
|move|p1a: Ting-Lu|Earthquake|p2a: Ninetales
|-damage|p2a: Ninetales|70/100
|
|-weather|Snowscape|[upkeep]
|upkeep
|turn|3
|
|t:|1760729502
|switch|p1a: Slowking|Slowking-Galar, L99, F|100/100
|move|p2a: Ninetales|Aurora Veil|p2a: Ninetales
|-sidestart|p2: universe mon|move: Aurora Veil
|
|-weather|Snowscape|[upkeep]
|upkeep
|turn|4
|
|t:|1760729507
|switch|p2a: Kyurem|Kyurem, shiny|100/100
|-ability|p2a: Kyurem|Pressure
|-prepare|p1a: Slowking|Chilly Reception|[premajor]
|move|p1a: Slowking|Chilly Reception|p1a: Slowking
|
|t:|1760729512
|switch|p1a: Cinderace|Cinderace, F|100/100|[from] Chilly Reception
|
|-weather|Snowscape|[upkeep]
|upkeep
|turn|5
|
|t:|1760729517
|switch|p2a: Latias|Latias, F|100/100
|move|p1a: Cinderace|Will-O-Wisp|p2a: Latias
|-status|p2a: Latias|brn
|
|-weather|Snowscape|[upkeep]
|-damage|p2a: Latias|95/100 brn|[from] brn
|upkeep
|turn|6
|
|t:|1760729521
|move|p1a: Cinderace|U-turn|p2a: Latias
|-start|p1a: Cinderace|typechange|Bug|[from] ability: Libero
|-supereffective|p2a: Latias
|-damage|p2a: Latias|68/100 brn
|-enditem|p2a: Latias|Weakness Policy
|-boost|p2a: Latias|atk|2|[from] item: Weakness Policy
|-boost|p2a: Latias|spa|2|[from] item: Weakness Policy
|
|t:|1760729529
|switch|p1a: Dondozo|Dondozo, M|100/100|[from] U-turn
|move|p2a: Latias|Calm Mind|p2a: Latias
|-boost|p2a: Latias|spa|1
|-boost|p2a: Latias|spd|1
|
|-weather|none
|-damage|p2a: Latias|62/100 brn|[from] brn
|upkeep
|turn|7
|
|t:|1760729533
|move|p2a: Latias|Aura Sphere|p1a: Dondozo
|-damage|p1a: Dondozo|75/100
|move|p1a: Dondozo|Curse|p1a: Dondozo
|-unboost|p1a: Dondozo|spe|1
|-boost|p1a: Dondozo|atk|1
|-boost|p1a: Dondozo|def|1
|
|-heal|p1a: Dondozo|81/100|[from] item: Leftovers
|-damage|p2a: Latias|56/100 brn|[from] brn
|upkeep
|turn|8
|
|t:|1760729536
|move|p2a: Latias|Stored Power|p1a: Dondozo
|-damage|p1a: Dondozo|16/100
|move|p1a: Dondozo|Body Press|p2a: Latias
|-resisted|p2a: Latias
|-damage|p2a: Latias|47/100 brn
|
|-heal|p1a: Dondozo|22/100|[from] item: Leftovers
|-damage|p2a: Latias|41/100 brn|[from] brn
|upkeep
|turn|9
|
|t:|1760729546
|-terastallize|p1a: Dondozo|Dark
|move|p2a: Latias|Aura Sphere|p1a: Dondozo
|-supereffective|p1a: Dondozo
|-crit|p1a: Dondozo
|-damage|p1a: Dondozo|0 fnt
|faint|p1a: Dondozo
|
|-damage|p2a: Latias|35/100 brn|[from] brn
|upkeep
|
|t:|1760729555
|switch|p1a: Corviknight|Corviknight, F|100/100
|-ability|p1a: Corviknight|Pressure
|turn|10
|
|t:|1760729565
|move|p2a: Latias|Stored Power|p1a: Corviknight
|-resisted|p1a: Corviknight
|-damage|p1a: Corviknight|16/100
|move|p1a: Corviknight|Brave Bird|p2a: Latias
|-crit|p2a: Latias
|-damage|p2a: Latias|0 fnt
|faint|p2a: Latias
|-damage|p1a: Corviknight|7/100|[from] Recoil
|
|-sideend|p2: universe mon|move: Aurora Veil
|upkeep
|
|t:|1760729589
|switch|p2a: Ninetales|Ninetales-Alola, F|70/100
|-weather|Snowscape|[from] ability: Snow Warning|[of] p2a: Ninetales
|turn|11
|
|t:|1760729594
|switch|p1a: Slowking|Slowking-Galar, L99, F|100/100
|move|p2a: Ninetales|Aurora Veil|p2a: Ninetales
|-sidestart|p2: universe mon|move: Aurora Veil
|
|-weather|Snowscape|[upkeep]
|upkeep
|turn|12
|
|t:|1760729599
|switch|p2a: Maushold|Maushold-Four|100/100
|move|p1a: Slowking|Toxic|p2a: Maushold
|-status|p2a: Maushold|tox
|
|-weather|Snowscape|[upkeep]
|-damage|p2a: Maushold|94/100 tox|[from] psn
|upkeep
|turn|13
|
|t:|1760729602
|move|p2a: Maushold|Tidy Up|p2a: Maushold
|-boost|p2a: Maushold|atk|1
|-boost|p2a: Maushold|spe|1
|move|p1a: Slowking|Sludge Bomb|p2a: Maushold
|-damage|p2a: Maushold|74/100 tox
|
|-weather|Snowscape|[upkeep]
|-damage|p2a: Maushold|61/100 tox|[from] psn
|upkeep
|turn|14
|
|t:|1760729607
|switch|p1a: Corviknight|Corviknight, F|7/100
|-ability|p1a: Corviknight|Pressure
|move|p2a: Maushold|Population Bomb|p1a: Corviknight
|-resisted|p1a: Corviknight
|-crit|p1a: Corviknight
|-damage|p1a: Corviknight|0 fnt
|-damage|p2a: Maushold|44/100 tox|[from] item: Rocky Helmet|[of] p1a: Corviknight
|faint|p1a: Corviknight
|-hitcount|p1: Corviknight|1
|
|-weather|Snowscape|[upkeep]
|-damage|p2a: Maushold|26/100 tox|[from] psn
|upkeep
|
|t:|1760729610
|switch|p1a: Kyurem|Kyurem|100/100
|-ability|p1a: Kyurem|Pressure
|turn|15
|
|t:|1760729611
|move|p1a: Kyurem|Protect|p1a: Kyurem
|-singleturn|p1a: Kyurem|Protect
|move|p2a: Maushold|Population Bomb|p1a: Kyurem
|-activate|p1a: Kyurem|move: Protect
|
|-weather|none
|-damage|p2a: Maushold|1/100 tox|[from] psn
|upkeep
|turn|16
|
|t:|1760729615
|switch|p1a: Ting-Lu|Ting-Lu|100/100
|-ability|p1a: Ting-Lu|Vessel of Ruin
|move|p2a: Maushold|Population Bomb|p1a: Ting-Lu
|-damage|p1a: Ting-Lu|91/100
|-damage|p1a: Ting-Lu|81/100
|-damage|p1a: Ting-Lu|71/100
|-damage|p1a: Ting-Lu|62/100
|-damage|p1a: Ting-Lu|53/100
|-damage|p1a: Ting-Lu|43/100
|-damage|p1a: Ting-Lu|33/100
|-damage|p1a: Ting-Lu|22/100
|-crit|p1a: Ting-Lu
|-damage|p1a: Ting-Lu|7/100
|-damage|p1a: Ting-Lu|0 fnt
|faint|p1a: Ting-Lu
|-hitcount|p1: Ting-Lu|10
|
|-damage|p2a: Maushold|0 fnt|[from] psn
|faint|p2a: Maushold
|upkeep
|c|☆universe mon|gg
|
|t:|1760729623
|switch|p2a: Kyurem|Kyurem, shiny|100/100
|switch|p1a: Cinderace|Cinderace, F|100/100
|-ability|p2a: Kyurem|Pressure
|turn|17
|
|t:|1760729627
|-terastallize|p2a: Kyurem|Fire
|move|p1a: Cinderace|Will-O-Wisp|p2a: Kyurem
|-immune|p2a: Kyurem
|move|p2a: Kyurem|Dragon Dance|p2a: Kyurem
|-boost|p2a: Kyurem|atk|1
|-boost|p2a: Kyurem|spe|1
|
|upkeep
|turn|18
|
|t:|1760729633
|move|p2a: Kyurem|Scale Shot|p1a: Cinderace
|-damage|p1a: Cinderace|75/100
|-damage|p1a: Cinderace|50/100
|-damage|p1a: Cinderace|25/100
|-damage|p1a: Cinderace|0 fnt
|faint|p1a: Cinderace
|-hitcount|p1: Cinderace|4
|-unboost|p2a: Kyurem|def|1
|-boost|p2a: Kyurem|spe|1
|
|-sideend|p2: universe mon|move: Aurora Veil
|upkeep
|
|t:|1760729635
|switch|p1a: Slowking|Slowking-Galar, L99, F|100/100
|turn|19
|
|t:|1760729636
|move|p2a: Kyurem|Icicle Spear|p1a: Slowking
|-damage|p1a: Slowking|79/100
|-damage|p1a: Slowking|54/100
|-damage|p1a: Slowking|33/100
|-damage|p1a: Slowking|11/100
|-damage|p1a: Slowking|0 fnt
|faint|p1a: Slowking
|-hitcount|p1: Slowking|5
|
|upkeep
|-message|churrostick forfeited.
|
|win|universe mon
|raw|churrostick's rating: 1715 &rarr; <strong>1698</strong><br />(-17 for losing)
|raw|universe mon's rating: 1769 &rarr; <strong>1786</strong><br />(+17 for winning)
|l|☆churrostick
|player|p1|
|l|☆universe mon
|player|p2|
