|j|☆Volga123
|j|☆dapmagikarp
|t:|1760722232
|gametype|singles
|player|p1|Volga123|cynthia|1455
|player|p2|dapmagikarp|cynthia|1472
|gen|9
|tier|[Gen 9] OU
|rated|
|rule|HP Percentage Mod: HP is shown in percentages
|rule|Endless Battle Clause: Forcing endless battles is banned
|rule|Species Clause: Limit one of each Pokémon
|rule|OHKO Clause: OHKO moves are banned
|rule|Evasion Items Clause: Evasion items are banned
|rule|Evasion Moves Clause: Evasion moves are banned
|rule|Evasion Abilities Clause: Evasion abilities are banned
|rule|Sleep Moves Clause: Sleep-inducing moves are banned
|clearpoke
|poke|p1|Araquanid, M|
|poke|p1|Politoed, F|
|poke|p1|Raging Bolt|
|poke|p1|Bisharp, F|
|poke|p1|Iron Jugulis|
|poke|p1|Clodsire, M|
|poke|p2|Garchomp, M|
|poke|p2|Darkrai|
|poke|p2|Gholdengo|
|poke|p2|Ogerpon-Wellspring, F|
|poke|p2|Iron Valiant|
|poke|p2|Iron Treads|
|teampreview
|inactive|Battle timer is ON: inactive players will automatically lose when time's up. (requested by dapmagikarp)
|
|t:|1760722246
|teamsize|p1|6
|teamsize|p2|6
|start
|switch|p1a: Politoed|Politoed, F|100/100
|switch|p2a: Iron Valiant|Iron Valiant|100/100
|-weather|RainDance|[from] ability: Drizzle|[of] p1a: Politoed
|-enditem|p2a: Iron Valiant|Booster Energy
|-activate|p2a: Iron Valiant|ability: Quark Drive|[fromitem]
|-start|p2a: Iron Valiant|quarkdrivespe
|turn|1
|
|t:|1760722257
|move|p2a: Iron Valiant|Calm Mind|p2a: Iron Valiant
|-boost|p2a: Iron Valiant|spa|1
|-boost|p2a: Iron Valiant|spd|1
|move|p1a: Politoed|Surf|p2a: Iron Valiant
|-damage|p2a: Iron Valiant|25/100
|
|-weather|RainDance|[upkeep]
|upkeep
|turn|2
|
|t:|1760722264
|move|p2a: Iron Valiant|Thunderbolt|p1a: Politoed
|-supereffective|p1a: Politoed
|-damage|p1a: Politoed|17/100
|move|p1a: Politoed|Surf|p2a: Iron Valiant
|-damage|p2a: Iron Valiant|0 fnt
|faint|p2a: Iron Valiant
|-end|p2a: Iron Valiant|Quark Drive|[silent]
|
|-weather|RainDance|[upkeep]
|upkeep
|
|t:|1760722271
|switch|p2a: Garchomp|Garchomp, M|100/100
|turn|3
|
|t:|1760722276
|switch|p1a: Araquanid|Araquanid, M|100/100
|move|p2a: Garchomp|Earthquake|p1a: Araquanid
|-resisted|p1a: Araquanid
|-damage|p1a: Araquanid|78/100
|
|-weather|RainDance|[upkeep]
|upkeep
|turn|4
|
|t:|1760722284
|move|p2a: Garchomp|Stealth Rock|p1a: Araquanid
|-sidestart|p1: Volga123|move: Stealth Rock
|move|p1a: Araquanid|Liquidation|p2a: Garchomp
|-damage|p2a: Garchomp|19/100
|-damage|p1a: Araquanid|65/100|[from] ability: Rough Skin|[of] p2a: Garchomp
|-damage|p1a: Araquanid|49/100|[from] item: Rocky Helmet|[of] p2a: Garchomp
|
|-weather|RainDance|[upkeep]
|upkeep
|turn|5
|
|t:|1760722288
|move|p2a: Garchomp|Spikes|p1a: Araquanid
|-sidestart|p1: Volga123|Spikes
|move|p1a: Araquanid|Liquidation|p2a: Garchomp
|-damage|p2a: Garchomp|0 fnt
|-damage|p1a: Araquanid|36/100|[from] ability: Rough Skin|[of] p2a: Garchomp
|-damage|p1a: Araquanid|20/100|[from] item: Rocky Helmet|[of] p2a: Garchomp
|faint|p2a: Garchomp
|
|-weather|RainDance|[upkeep]
|upkeep
|
|t:|1760722300
|switch|p2a: Gholdengo|Gholdengo|100/100
|-item|p2a: Gholdengo|Air Balloon
|turn|6
|
|t:|1760722303
|move|p2a: Gholdengo|Hex|p1a: Araquanid
|-damage|p1a: Araquanid|0 fnt
|faint|p1a: Araquanid
|
|-weather|RainDance|[upkeep]
|upkeep
|
|t:|1760722315
|switch|p1a: Iron Jugulis|Iron Jugulis|100/100
|-damage|p1a: Iron Jugulis|76/100|[from] Stealth Rock
|-enditem|p1a: Iron Jugulis|Booster Energy
|-activate|p1a: Iron Jugulis|ability: Quark Drive|[fromitem]
|-start|p1a: Iron Jugulis|quarkdrivespe
|turn|7
|
|t:|1760722325
|switch|p2a: Darkrai|Darkrai|100/100
|move|p1a: Iron Jugulis|Dark Pulse|p2a: Darkrai
|-resisted|p2a: Darkrai
|-damage|p2a: Darkrai|71/100
|
|-weather|RainDance|[upkeep]
|upkeep
|turn|8
|
|t:|1760722332
|switch|p2a: Iron Treads|Iron Treads|100/100
|move|p1a: Iron Jugulis|Hurricane|p2a: Iron Treads
|-resisted|p2a: Iron Treads
|-damage|p2a: Iron Treads|75/100
|-start|p2a: Iron Treads|confusion
|
|-weather|none
|-heal|p2a: Iron Treads|81/100|[from] item: Leftovers
|upkeep
|turn|9
|
|t:|1760722340
|move|p1a: Iron Jugulis|Hydro Pump|p2a: Iron Treads
|-supereffective|p2a: Iron Treads
|-damage|p2a: Iron Treads|9/100
|-activate|p2a: Iron Treads|confusion
|-damage|p2a: Iron Treads|1/100|[from] confusion
|
|-heal|p2a: Iron Treads|7/100|[from] item: Leftovers
|upkeep
|turn|10
|
|t:|1760722345
|move|p1a: Iron Jugulis|Dark Pulse|p2a: Iron Treads
|-damage|p2a: Iron Treads|0 fnt
|faint|p2a: Iron Treads
|-end|p2a: Iron Treads|Quark Drive|[silent]
|
|upkeep
|
|t:|1760722349
|switch|p2a: Ogerpon|Ogerpon-Wellspring, F|100/100
|turn|11
|
|t:|1760722353
|-terastallize|p2a: Ogerpon|Water
|detailschange|p2a: Ogerpon|Ogerpon-Wellspring-Tera, F, tera:Water
|-ability|p2a: Ogerpon|Embody Aspect (Wellspring)|boost
|-boost|p2a: Ogerpon|spd|1
|move|p1a: Iron Jugulis|Hurricane|p2a: Ogerpon|[miss]
|-miss|p1a: Iron Jugulis|p2a: Ogerpon
|move|p2a: Ogerpon|Trailblaze|p1a: Iron Jugulis
|-resisted|p1a: Iron Jugulis
|-damage|p1a: Iron Jugulis|59/100
|-boost|p2a: Ogerpon|spe|1
|
|upkeep
|turn|12
|
|t:|1760722364
|move|p2a: Ogerpon|Ivy Cudgel|p1a: Iron Jugulis|[anim] Ivy Cudgel Water
|-damage|p1a: Iron Jugulis|0 fnt
|faint|p1a: Iron Jugulis
|-end|p1a: Iron Jugulis|Quark Drive|[silent]
|
|upkeep
|
|t:|1760722369
|switch|p1a: Clodsire|Clodsire, M|100/100
|-damage|p1a: Clodsire|94/100|[from] Stealth Rock
|-damage|p1a: Clodsire|82/100|[from] Spikes
|turn|13
|
|t:|1760722376
|move|p2a: Ogerpon|Ivy Cudgel|p1a: Clodsire|[anim] Ivy Cudgel Water
|-heal|p1a: Clodsire|100/100|[from] ability: Water Absorb|[of] p2a: Ogerpon
|move|p1a: Clodsire|Toxic|p2a: Ogerpon
|-status|p2a: Ogerpon|tox
|
|-damage|p2a: Ogerpon|95/100 tox|[from] psn
|upkeep
|turn|14
|
|t:|1760722380
|switch|p2a: Darkrai|Darkrai|71/100
|move|p1a: Clodsire|Stealth Rock|p2a: Darkrai
|-sidestart|p2: dapmagikarp|move: Stealth Rock
|
|upkeep
|turn|15
|
|t:|1760722386
|move|p2a: Darkrai|Ice Beam|p1a: Clodsire
|-supereffective|p1a: Clodsire
|-damage|p1a: Clodsire|49/100
|move|p1a: Clodsire|Toxic|p2a: Darkrai
|-status|p2a: Darkrai|tox
|
|-heal|p1a: Clodsire|55/100|[from] item: Black Sludge
|-damage|p2a: Darkrai|65/100 tox|[from] psn
|upkeep
|turn|16
|
|t:|1760722392
|move|p2a: Darkrai|Ice Beam|p1a: Clodsire
|-supereffective|p1a: Clodsire
|-damage|p1a: Clodsire|8/100
|-status|p1a: Clodsire|frz
|-curestatus|p1a: Clodsire|frz|[msg]
|move|p1a: Clodsire|Recover|p1a: Clodsire
|-heal|p1a: Clodsire|58/100
|
|-heal|p1a: Clodsire|64/100|[from] item: Black Sludge
|-damage|p2a: Darkrai|53/100 tox|[from] psn
|upkeep
|turn|17
|
|t:|1760722397
|move|p2a: Darkrai|Dark Pulse|p1a: Clodsire
|-damage|p1a: Clodsire|32/100
|cant|p1a: Clodsire|flinch
|
|-heal|p1a: Clodsire|38/100|[from] item: Black Sludge
|-damage|p2a: Darkrai|35/100 tox|[from] psn
|upkeep
|turn|18
|
|t:|1760722409
|move|p2a: Darkrai|Ice Beam|p1a: Clodsire
|-supereffective|p1a: Clodsire
|-damage|p1a: Clodsire|0 fnt
|faint|p1a: Clodsire
|
|-damage|p2a: Darkrai|11/100 tox|[from] psn
|upkeep
|
|t:|1760722419
|switch|p1a: Bisharp|Bisharp, F|100/100
|-damage|p1a: Bisharp|95/100|[from] Stealth Rock
|-damage|p1a: Bisharp|82/100|[from] Spikes
|turn|19
|
|t:|1760722423
|switch|p2a: Ogerpon|Ogerpon-Wellspring-Tera, F, tera:Water|95/100 tox
|-damage|p2a: Ogerpon|82/100 tox|[from] Stealth Rock
|-ability|p2a: Ogerpon|Embody Aspect (Wellspring)|boost
|-boost|p2a: Ogerpon|spd|1
|move|p1a: Bisharp|Sucker Punch||[still]
|-fail|p1a: Bisharp
|
|-damage|p2a: Ogerpon|76/100 tox|[from] psn
|upkeep
|turn|20
|
|t:|1760722428
|move|p2a: Ogerpon|Swords Dance|p2a: Ogerpon
|-boost|p2a: Ogerpon|atk|2
|move|p1a: Bisharp|Swords Dance|p1a: Bisharp
|-boost|p1a: Bisharp|atk|2
|
|-damage|p2a: Ogerpon|64/100 tox|[from] psn
|upkeep
|turn|21
|
|t:|1760722431
|move|p1a: Bisharp|Sucker Punch||[still]
|-fail|p1a: Bisharp
|move|p2a: Ogerpon|Synthesis|p2a: Ogerpon
|-heal|p2a: Ogerpon|100/100 tox
|
|-damage|p2a: Ogerpon|83/100 tox|[from] psn
|upkeep
|turn|22
|
|t:|1760722435
|move|p1a: Bisharp|Sucker Punch|p2a: Ogerpon
|-crit|p2a: Ogerpon
|-damage|p2a: Ogerpon|0 fnt
|faint|p2a: Ogerpon
|detailschange|p2: Ogerpon|Ogerpon-Wellspring, F|[silent]
|
|upkeep
|-message|dapmagikarp forfeited.
|
|win|Volga123
|raw|Volga123's rating: 1455 &rarr; <strong>1476</strong><br />(+21 for winning)
|raw|dapmagikarp's rating: 1472 &rarr; <strong>1451</strong><br />(-21 for losing)
|l|☆dapmagikarp
|player|p2|
|l|☆Volga123
|player|p1|
