|j|☆maneki uwu
|j|☆Bap1223
|t:|1760816903
|gametype|singles
|player|p1|maneki uwu|lillie-z|
|player|p2|Bap1223|gambler|
|gen|9
|tier|[Gen 9] OU
|rule|HP Percentage Mod: HP is shown in percentages
|rule|Endless Battle Clause: Forcing endless battles is banned
|rule|Species Clause: Limit one of each Pokémon
|rule|OHKO Clause: OHKO moves are banned
|rule|Evasion Items Clause: Evasion items are banned
|rule|Evasion Moves Clause: Evasion moves are banned
|rule|Evasion Abilities Clause: Evasion abilities are banned
|rule|Sleep Moves Clause: Sleep-inducing moves are banned
|clearpoke
|poke|p1|Serperior, M|
|poke|p1|Dragapult, F|
|poke|p1|Meowscarada, F|
|poke|p1|Tyranitar, F|
|poke|p1|Torterra, F|
|poke|p1|Tornadus-Therian, M|
|poke|p2|Corviknight, F|
|poke|p2|Goodra-Hisui, M|
|poke|p2|Gliscor, M|
|poke|p2|Great Tusk|
|poke|p2|Polteageist|
|poke|p2|Ceruledge, M|
|teampreview
|c|☆Bap1223|Oh wow
|c|☆Bap1223|VERT
|c|☆maneki uwu|ono
|c|☆Bap1223|alors la j'y ai pas penser
|c|☆maneki uwu|pire matchup
|c|☆Bap1223|bwahaha
|j| lethsov
|j| Rionecnirp
|c|☆maneki uwu|rio prie pour moi stp
|c|☆Bap1223|en plus j'avais vu que lansso était vert xD
|c|☆maneki uwu|ahhhh
|c|☆Bap1223|sinon ça va bien ?
|c|☆maneki uwu|bah chill et toi ?
|c|☆Bap1223|non je me chie dessus
|c|☆Bap1223|c pour ça que j'ai fait une team caca
|c|☆maneki uwu|quelle pokemon de ta team ?
|c|☆Bap1223|quoi ?
|c|☆maneki uwu|au niveau de ton cul
|c|☆Bap1223|ah xD
|c|☆Bap1223|en vrai le match peut être très serré jpense
|c|☆Bap1223|ahhh je sais pas comment je dois jouer
|c|☆Bap1223|jme chie dessus irl
|c|☆maneki uwu|pareil tkt mdrrr
|c|☆Bap1223|zzz
|c|☆Bap1223|on est tellement fort qu'on est en avance sur tout le tournois. #TropFort
|c|☆maneki uwu|point faible trop fort
|c|☆Bap1223|point fort : pas de point fort
|c|☆Bap1223|non pas de point faible MBMBMB
|c|☆Bap1223|c long
|c|☆maneki uwu|de fou
|l| Rionecnirp
|c|☆maneki uwu|je voc avec altoz c'est le borde
|c|☆maneki uwu|l
|j| Rionecnirp
|c|☆Bap1223|ah ?
|c|☆maneki uwu|j'ai réussi haha
|c|☆maneki uwu|on go ?
|c|☆maneki uwu|odk
|c|☆maneki uwu|idk
|c| Rionecnirp|gogogo o/
|c|☆Bap1223|????
|c|☆Bap1223|oki
|c|☆maneki uwu|oooooh
|c|☆Bap1223|ben gl maneki
|c|☆maneki uwu|glhf
|c|☆Bap1223|ptn j'ai oublié mon gameplan :/
|c|☆maneki uwu|haha
|
|t:|1760818660
|teamsize|p1|6
|teamsize|p2|6
|start
|switch|p1a: Lullaby|Dragapult, F|100/100
|switch|p2a: Myotis Indiana|Gliscor, M|100/100
|turn|1
|
|t:|1760818691
|move|p2a: Myotis Indiana|Protect|p2a: Myotis Indiana
|-singleturn|p2a: Myotis Indiana|Protect
|move|p1a: Lullaby|Reflect|p1a: Lullaby
|-sidestart|p1: maneki uwu|Reflect
|
|-status|p2a: Myotis Indiana|tox|[from] item: Toxic Orb
|upkeep
|turn|2
|c|☆Bap1223|ptn oui je voulais start groodra c ça
|
|t:|1760818700
|move|p1a: Lullaby|Light Screen|p1a: Lullaby
|-sidestart|p1: maneki uwu|move: Light Screen
|move|p2a: Myotis Indiana|Knock Off|p1a: Lullaby
|-supereffective|p1a: Lullaby
|-damage|p1a: Lullaby|75/100
|-enditem|p1a: Lullaby|Light Clay|[from] move: Knock Off|[of] p2a: Myotis Indiana
|
|upkeep
|turn|3
|
|t:|1760818707
|move|p2a: Myotis Indiana|Protect|p2a: Myotis Indiana
|-singleturn|p2a: Myotis Indiana|Protect
|move|p1a: Lullaby|U-turn|p2a: Myotis Indiana
|-activate|p2a: Myotis Indiana|move: Protect
|
|upkeep
|turn|4
|
|t:|1760818722
|move|p1a: Lullaby|U-turn|p2a: Myotis Indiana
|-resisted|p2a: Myotis Indiana
|-damage|p2a: Myotis Indiana|94/100 tox
|
|t:|1760818726
|switch|p1a: jokerpersona5|Meowscarada, F|100/100|[from] U-turn
|move|p2a: Myotis Indiana|Knock Off|p1a: jokerpersona5
|-resisted|p1a: jokerpersona5
|-damage|p1a: jokerpersona5|93/100
|-enditem|p1a: jokerpersona5|Choice Band|[from] move: Knock Off|[of] p2a: Myotis Indiana
|
|-heal|p2a: Myotis Indiana|100/100 tox|[from] ability: Poison Heal
|upkeep
|turn|5
|c|☆Bap1223|ah ouais choice BAND
|
|t:|1760818739
|move|p2a: Myotis Indiana|Protect|p2a: Myotis Indiana
|-singleturn|p2a: Myotis Indiana|Protect
|move|p1a: jokerpersona5|Triple Axel|p2a: Myotis Indiana
|-start|p1a: jokerpersona5|typechange|Ice|[from] ability: Protean
|-activate|p2a: Myotis Indiana|move: Protect
|
|upkeep
|turn|6
|c|☆maneki uwu|quoi d'autre haha
|
|t:|1760818757
|switch|p2a: Lamprotornis|Corviknight, F|100/100
|-ability|p2a: Lamprotornis|Pressure
|move|p1a: jokerpersona5|Triple Axel|p2a: Lamprotornis
|-damage|p2a: Lamprotornis|94/100
|-damage|p1a: jokerpersona5|77/100|[from] item: Rocky Helmet|[of] p2a: Lamprotornis
|-damage|p2a: Lamprotornis|83/100
|-damage|p1a: jokerpersona5|60/100|[from] item: Rocky Helmet|[of] p2a: Lamprotornis
|-damage|p2a: Lamprotornis|68/100
|-damage|p1a: jokerpersona5|44/100|[from] item: Rocky Helmet|[of] p2a: Lamprotornis
|-hitcount|p2a: Lamprotornis|3
|
|upkeep
|turn|7
|c|☆Bap1223|hop la kle rocky
|c|☆maneki uwu|ouille
|
|t:|1760818792
|switch|p1a: pigeon|Tornadus-Therian, M|100/100
|move|p2a: Lamprotornis|U-turn|p1a: pigeon
|-resisted|p1a: pigeon
|-damage|p1a: pigeon|97/100
|
|t:|1760818801
|switch|p2a: Janthina|Goodra-Hisui, M|100/100|[from] U-turn
|
|upkeep
|turn|8
|
|t:|1760818817
|move|p1a: pigeon|Knock Off|p2a: Janthina
|-damage|p2a: Janthina|81/100
|-enditem|p2a: Janthina|Assault Vest|[from] move: Knock Off|[of] p1a: pigeon
|move|p2a: Janthina|Ice Beam|p1a: pigeon
|-supereffective|p1a: pigeon
|-damage|p1a: pigeon|74/100
|
|-sideend|p1: maneki uwu|Reflect
|upkeep
|turn|9
|c|☆Bap1223|le pigeon
|
|t:|1760818848
|switch|p1a: Lullaby|Dragapult, F|75/100
|move|p2a: Janthina|Ice Beam|p1a: Lullaby
|-supereffective|p1a: Lullaby
|-damage|p1a: Lullaby|43/100
|
|-sideend|p1: maneki uwu|move: Light Screen
|upkeep
|turn|10
|
|t:|1760818862
|move|p1a: Lullaby|Light Screen|p1a: Lullaby
|-sidestart|p1: maneki uwu|move: Light Screen
|move|p2a: Janthina|Ice Beam|p1a: Lullaby
|-supereffective|p1a: Lullaby
|-damage|p1a: Lullaby|10/100
|
|upkeep
|turn|11
|
|t:|1760818867
|move|p1a: Lullaby|Light Screen||[still]
|-fail|p1a: Lullaby
|move|p2a: Janthina|Ice Beam|p1a: Lullaby
|-supereffective|p1a: Lullaby
|-damage|p1a: Lullaby|0 fnt
|-start|p2a: Janthina|Disable|Ice Beam|[from] ability: Cursed Body|[of] p1a: Lullaby
|faint|p1a: Lullaby
|
|upkeep
|c|☆Bap1223|ah
|c|☆Bap1223|le
|c|☆Bap1223|miss
|c|☆Bap1223|ckick
|c|☆maneki uwu|fuk le miss click
|c|☆Bap1223|XD
|
|t:|1760818882
|switch|p1a: Michelangelo|Torterra, F|100/100
|turn|12
|c|☆Bap1223|pas contre le dissable fait chier xD
|
|t:|1760818898
|move|p1a: Michelangelo|Shell Smash|p1a: Michelangelo
|-unboost|p1a: Michelangelo|def|1
|-unboost|p1a: Michelangelo|spd|1
|-boost|p1a: Michelangelo|atk|2
|-boost|p1a: Michelangelo|spa|2
|-boost|p1a: Michelangelo|spe|2
|-enditem|p1a: Michelangelo|White Herb
|-clearnegativeboost|p1a: Michelangelo|[silent]
|move|p2a: Janthina|Dragon Tail|p1a: Michelangelo
|-damage|p1a: Michelangelo|82/100
|drag|p1a: Kafka|Tyranitar, F|100/100
|-weather|Sandstorm|[from] ability: Sand Stream|[of] p1a: Kafka
|
|-weather|Sandstorm|[upkeep]
|upkeep
|turn|13
|c|☆Bap1223|et HOP
|c|☆maneki uwu|c'etais mon but haha
|c|☆Bap1223|plus d'item eheh
|c|☆maneki uwu|fé chier
|
|t:|1760818925
|switch|p2a: Myotis Indiana|Gliscor, M|100/100 tox
|move|p1a: Kafka|Earthquake|p2a: Myotis Indiana
|-immune|p2a: Myotis Indiana
|
|-weather|Sandstorm|[upkeep]
|upkeep
|turn|14
|
|t:|1760818944
|switch|p1a: pigeon|Tornadus-Therian, M|100/100
|move|p2a: Myotis Indiana|Facade|p1a: pigeon
|-damage|p1a: pigeon|67/100
|
|-weather|Sandstorm|[upkeep]
|-damage|p1a: pigeon|60/100|[from] Sandstorm
|-sideend|p1: maneki uwu|move: Light Screen
|upkeep
|turn|15
|
|t:|1760818964
|move|p1a: pigeon|Bleakwind Storm|p2a: Myotis Indiana
|-damage|p2a: Myotis Indiana|68/100 tox
|move|p2a: Myotis Indiana|Knock Off|p1a: pigeon
|-damage|p1a: pigeon|36/100
|-enditem|p1a: pigeon|Assault Vest|[from] move: Knock Off|[of] p2a: Myotis Indiana
|
|-weather|Sandstorm|[upkeep]
|-damage|p1a: pigeon|30/100|[from] Sandstorm
|-heal|p2a: Myotis Indiana|80/100 tox|[from] ability: Poison Heal
|upkeep
|turn|16
|
|t:|1760818979
|move|p1a: pigeon|U-turn|p2a: Myotis Indiana
|-resisted|p2a: Myotis Indiana
|-damage|p2a: Myotis Indiana|74/100 tox
|
|t:|1760818987
|switch|p1a: jokerpersona5|Meowscarada, F|44/100|[from] U-turn
|move|p2a: Myotis Indiana|Facade|p1a: jokerpersona5
|-damage|p1a: jokerpersona5|0 fnt
|faint|p1a: jokerpersona5
|
|-weather|none
|-heal|p2a: Myotis Indiana|87/100 tox|[from] ability: Poison Heal
|upkeep
|c|☆Bap1223|ohhhh
|c|☆Bap1223|la menace qui die
|c|☆Bap1223|oooof
|c| Rionecnirp|ça sent la mort
|
|t:|1760819006
|switch|p1a: Cobrassassin|Serperior, M|100/100
|turn|17
|
|t:|1760819027
|-terastallize|p1a: Cobrassassin|Ground
|move|p1a: Cobrassassin|Leaf Storm|p2a: Myotis Indiana
|-damage|p2a: Myotis Indiana|48/100 tox
|-boost|p1a: Cobrassassin|spa|2
|move|p2a: Myotis Indiana|Facade|p1a: Cobrassassin
|-damage|p1a: Cobrassassin|62/100
|
|-heal|p1a: Cobrassassin|69/100|[from] item: Leftovers
|-heal|p2a: Myotis Indiana|60/100 tox|[from] ability: Poison Heal
|upkeep
|turn|18
|c|☆maneki uwu|j'ai voulu joué plus rigolo voila le résultat
|
|t:|1760819053
|move|p2a: Myotis Indiana|Protect|p2a: Myotis Indiana
|-singleturn|p2a: Myotis Indiana|Protect
|move|p1a: Cobrassassin|Leaf Storm|p2a: Myotis Indiana
|-activate|p2a: Myotis Indiana|move: Protect
|
|-heal|p1a: Cobrassassin|75/100|[from] item: Leftovers
|-heal|p2a: Myotis Indiana|73/100 tox|[from] ability: Poison Heal
|upkeep
|turn|19
|c|☆Bap1223|en vrai la team est forte hein xD
|
|t:|1760819081
|move|p1a: Cobrassassin|Leaf Storm|p2a: Myotis Indiana
|-damage|p2a: Myotis Indiana|0 fnt
|-boost|p1a: Cobrassassin|spa|2
|faint|p2a: Myotis Indiana
|
|-heal|p1a: Cobrassassin|81/100|[from] item: Leftovers
|upkeep
|c| Rionecnirp|:o
|
|t:|1760819092
|switch|p2a: Enma|Ceruledge, M|100/100
|turn|20
|
|t:|1760819099
|move|p1a: Cobrassassin|Tera Blast|p2a: Enma|[anim] Tera Blast Ground
|-supereffective|p2a: Enma
|-enditem|p2a: Enma|Focus Sash
|-damage|p2a: Enma|1/100
|move|p2a: Enma|Bitter Blade|p1a: Cobrassassin
|-damage|p1a: Cobrassassin|29/100
|-heal|p2a: Enma|27/100|[from] drain|[of] p1a: Cobrassassin
|
|-heal|p1a: Cobrassassin|36/100|[from] item: Leftovers
|upkeep
|turn|21
|c|☆Bap1223|MERDE
|c|☆Bap1223|mais t'es plus plante xD
|c|☆Bap1223|le con
|
|t:|1760819114
|move|p2a: Enma|Shadow Sneak|p1a: Cobrassassin
|-damage|p1a: Cobrassassin|11/100
|move|p1a: Cobrassassin|Tera Blast|p2a: Enma|[anim] Tera Blast Ground
|-supereffective|p2a: Enma
|-damage|p2a: Enma|0 fnt
|faint|p2a: Enma
|
|-heal|p1a: Cobrassassin|17/100|[from] item: Leftovers
|upkeep
|
|t:|1760819117
|switch|p2a: Thé goût Violette|Polteageist|100/100
|turn|22
|
|t:|1760819128
|move|p1a: Cobrassassin|Leaf Storm|p2a: Thé goût Violette
|-enditem|p2a: Thé goût Violette|Focus Sash
|-damage|p2a: Thé goût Violette|1/100
|-boost|p1a: Cobrassassin|spa|2
|move|p2a: Thé goût Violette|Shell Smash|p2a: Thé goût Violette
|-unboost|p2a: Thé goût Violette|def|1
|-unboost|p2a: Thé goût Violette|spd|1
|-boost|p2a: Thé goût Violette|atk|2
|-boost|p2a: Thé goût Violette|spa|2
|-boost|p2a: Thé goût Violette|spe|2
|
|-heal|p1a: Cobrassassin|23/100|[from] item: Leftovers
|upkeep
|turn|23
|c|☆maneki uwu|ono
|c|☆Bap1223|OnO
|c| Rionecnirp|Oh no
|
|t:|1760819151
|-terastallize|p2a: Thé goût Violette|Fighting
|move|p2a: Thé goût Violette|Tera Blast|p1a: Cobrassassin|[anim] Tera Blast Fighting
|-crit|p1a: Cobrassassin
|-damage|p1a: Cobrassassin|0 fnt
|faint|p1a: Cobrassassin
|
|upkeep
|
|t:|1760819159
|switch|p1a: pigeon|Tornadus-Therian, M|63/100
|turn|24
|
|t:|1760819164
|move|p2a: Thé goût Violette|Stored Power|p1a: pigeon
|-damage|p1a: pigeon|0 fnt
|faint|p1a: pigeon
|
|upkeep
|
|t:|1760819171
|switch|p1a: Michelangelo|Torterra, F|82/100
|turn|25
|c|☆maneki uwu|ok bah gg
|c|☆Bap1223|t'aurais du mettre tyranocif pour me tué a la tempete de sable :/
|
|t:|1760819184
|switch|p1a: Kafka|Tyranitar, F|100/100
|-weather|Sandstorm|[from] ability: Sand Stream|[of] p1a: Kafka
|move|p2a: Thé goût Violette|Stored Power|p1a: Kafka
|-immune|p1a: Kafka
|
|-weather|Sandstorm|[upkeep]
|-damage|p2a: Thé goût Violette|0 fnt|[from] Sandstorm
|faint|p2a: Thé goût Violette
|upkeep
|c|☆Bap1223|wp
|c|☆Bap1223|j'ai pas anticipé
|
|t:|1760819197
|switch|p2a: Gpasd'idée|Great Tusk|100/100
|turn|26
|
|t:|1760819206
|switch|p1a: Michelangelo|Torterra, F|82/100
|move|p2a: Gpasd'idée|Headlong Rush|p1a: Michelangelo
|-resisted|p1a: Michelangelo
|-damage|p1a: Michelangelo|52/100
|-unboost|p2a: Gpasd'idée|def|1
|-unboost|p2a: Gpasd'idée|spd|1
|
|-weather|Sandstorm|[upkeep]
|upkeep
|turn|27
|
|t:|1760819215
|move|p2a: Gpasd'idée|Ice Spinner|p1a: Michelangelo
|-supereffective|p1a: Michelangelo
|-damage|p1a: Michelangelo|0 fnt
|faint|p1a: Michelangelo
|
|-weather|Sandstorm|[upkeep]
|upkeep
|c|☆maneki uwu|ptn il a ça luo
|c|☆maneki uwu|lui
|
|t:|1760819229
|switch|p1a: Kafka|Tyranitar, F|100/100
|turn|28
|c|☆Bap1223|eheh
|
|t:|1760819236
|move|p2a: Gpasd'idée|Headlong Rush|p1a: Kafka
|-supereffective|p1a: Kafka
|-damage|p1a: Kafka|8/100
|-unboost|p2a: Gpasd'idée|def|1
|-unboost|p2a: Gpasd'idée|spd|1
|move|p1a: Kafka|Earthquake|p2a: Gpasd'idée
|-damage|p2a: Gpasd'idée|46/100
|
|-weather|Sandstorm|[upkeep]
|upkeep
|turn|29
|c|☆Bap1223|gg
|
|t:|1760819245
|move|p2a: Gpasd'idée|Headlong Rush|p1a: Kafka
|-supereffective|p1a: Kafka
|-damage|p1a: Kafka|0 fnt
|-unboost|p2a: Gpasd'idée|def|1
|-unboost|p2a: Gpasd'idée|spd|1
|faint|p1a: Kafka
|
|win|Bap1223
|c|☆maneki uwu|gg
|c|☆Bap1223|un peu close quand meme
|l|☆maneki uwu
|player|p1|
