|j|☆bananahamockthe3rd
|j|☆xw haha
|t:|1760885174
|gametype|singles
|player|p1|bananahamockthe3rd|170|1384
|player|p2|xw haha|volkner|1453
|gen|9
|tier|[Gen 9] OU
|rated|
|rule|HP Percentage Mod: HP is shown in percentages
|rule|Endless Battle Clause: Forcing endless battles is banned
|rule|Species Clause: Limit one of each Pokémon
|rule|OHKO Clause: OHKO moves are banned
|rule|Evasion Items Clause: Evasion items are banned
|rule|Evasion Moves Clause: Evasion moves are banned
|rule|Evasion Abilities Clause: Evasion abilities are banned
|rule|Sleep Moves Clause: Sleep-inducing moves are banned
|clearpoke
|poke|p1|Cetitan, F|
|poke|p1|Skeledirge, M|
|poke|p1|Swampert, M|
|poke|p1|Ceruledge, M|
|poke|p1|Moltres-Galar|
|poke|p1|Goodra-Hisui, M|
|poke|p2|Corviknight, M|
|poke|p2|Garganacl, M|
|poke|p2|Cinderace, F|
|poke|p2|Iron Valiant|
|poke|p2|Great Tusk|
|poke|p2|Raging Bolt|
|teampreview
|inactive|Battle timer is ON: inactive players will automatically lose when time's up. (requested by xw haha)
|
|t:|1760885195
|teamsize|p1|6
|teamsize|p2|6
|start
|switch|p1a: Cetitan|Cetitan, F, shiny|100/100
|switch|p2a: Raging Bolt|Raging Bolt|100/100
|turn|1
|
|t:|1760885204
|-end|p2a: Raging Bolt|Protosynthesis|[silent]
|switch|p2a: Corviknight|Corviknight, M|100/100
|move|p1a: Cetitan|Icicle Crash|p2a: Corviknight
|-damage|p2a: Corviknight|64/100
|
|upkeep
|turn|2
|
|t:|1760885215
|switch|p1a: Skeledirge|Skeledirge, M|100/100
|move|p2a: Corviknight|U-turn|p1a: Skeledirge
|-resisted|p1a: Skeledirge
|-damage|p1a: Skeledirge|98/100
|
|t:|1760885229
|switch|p2a: Garganacl|Garganacl, M|100/100|[from] U-turn
|
|-heal|p1a: Skeledirge|100/100|[from] item: Leftovers
|upkeep
|turn|3
|
|t:|1760885241
|switch|p1a: Cetitan|Cetitan, F, shiny|100/100
|move|p2a: Garganacl|Stealth Rock|p1a: Cetitan
|-sidestart|p1: bananahamockthe3rd|move: Stealth Rock
|
|upkeep
|turn|4
|
|t:|1760885259
|move|p1a: Cetitan|Liquidation|p2a: Garganacl
|-supereffective|p2a: Garganacl
|-damage|p2a: Garganacl|52/100
|move|p2a: Garganacl|Salt Cure|p1a: Cetitan
|-supereffective|p1a: Cetitan
|-damage|p1a: Cetitan|80/100
|-start|p1a: Cetitan|Salt Cure
|
|-heal|p2a: Garganacl|58/100|[from] item: Leftovers
|-damage|p1a: Cetitan|68/100|[from] Salt Cure
|upkeep
|turn|5
|
|t:|1760885270
|switch|p1a: Moltres|Moltres-Galar|100/100
|-damage|p1a: Moltres|76/100|[from] Stealth Rock
|move|p2a: Garganacl|Protect||[still]
|-fail|p2a: Garganacl
|
|-heal|p2a: Garganacl|64/100|[from] item: Leftovers
|upkeep
|turn|6
|
|t:|1760885286
|move|p1a: Moltres|Nasty Plot|p1a: Moltres
|-boost|p1a: Moltres|spa|2
|move|p2a: Garganacl|Salt Cure|p1a: Moltres
|-supereffective|p1a: Moltres
|-damage|p1a: Moltres|47/100
|-start|p1a: Moltres|Salt Cure
|-ability|p1a: Moltres|Berserk|boost
|-boost|p1a: Moltres|spa|1
|
|-heal|p2a: Garganacl|71/100|[from] item: Leftovers
|-damage|p1a: Moltres|34/100|[from] Salt Cure
|upkeep
|turn|7
|
|t:|1760885298
|move|p2a: Garganacl|Protect|p2a: Garganacl
|-singleturn|p2a: Garganacl|Protect
|move|p1a: Moltres|Tailwind|p1a: Moltres
|-sidestart|p1: bananahamockthe3rd|move: Tailwind
|
|-heal|p2a: Garganacl|77/100|[from] item: Leftovers
|-damage|p1a: Moltres|22/100|[from] Salt Cure
|upkeep
|turn|8
|
|t:|1760885306
|move|p1a: Moltres|Fiery Wrath|p2a: Garganacl
|-damage|p2a: Garganacl|0 fnt
|faint|p2a: Garganacl
|-damage|p1a: Moltres|12/100|[from] item: Life Orb
|
|-damage|p1a: Moltres|0 fnt|[from] Salt Cure
|faint|p1a: Moltres
|upkeep
|
|t:|1760885324
|switch|p1a: Ceruledge|Ceruledge, M|100/100
|switch|p2a: Great Tusk|Great Tusk|100/100
|-damage|p1a: Ceruledge|76/100|[from] Stealth Rock
|turn|9
|
|t:|1760885333
|-terastallize|p1a: Ceruledge|Grass
|move|p1a: Ceruledge|Bulk Up|p1a: Ceruledge
|-boost|p1a: Ceruledge|atk|1
|-boost|p1a: Ceruledge|def|1
|move|p2a: Great Tusk|Knock Off|p1a: Ceruledge
|-damage|p1a: Ceruledge|49/100
|-enditem|p1a: Ceruledge|Leftovers|[from] move: Knock Off|[of] p2a: Great Tusk
|
|upkeep
|turn|10
|
|t:|1760885343
|move|p1a: Ceruledge|Bitter Blade|p2a: Great Tusk
|-damage|p2a: Great Tusk|67/100
|-heal|p1a: Ceruledge|69/100|[from] drain|[of] p2a: Great Tusk
|move|p2a: Great Tusk|Ice Spinner|p1a: Ceruledge
|-supereffective|p1a: Ceruledge
|-damage|p1a: Ceruledge|24/100
|
|-sideend|p1: bananahamockthe3rd|move: Tailwind
|upkeep
|turn|11
|
|t:|1760885353
|move|p2a: Great Tusk|Ice Spinner|p1a: Ceruledge
|-supereffective|p1a: Ceruledge
|-damage|p1a: Ceruledge|0 fnt
|faint|p1a: Ceruledge
|
|upkeep
|-message|bananahamockthe3rd forfeited.
|
|win|xw haha
|raw|bananahamockthe3rd's rating: 1384 &rarr; <strong>1368</strong><br />(-16 for losing)
|raw|xw haha's rating: 1453 &rarr; <strong>1469</strong><br />(+16 for winning)
|l|☆bananahamockthe3rd
|player|p1|
|l|☆xw haha
|player|p2|
