|j|☆tommyshelby75
|j|☆elikyle07
|t:|1760731453
|gametype|singles
|player|p1|tommyshelby75|veteran|1277
|player|p2|elikyle07|170|1243
|gen|9
|tier|[Gen 9] OU
|rated|
|rule|HP Percentage Mod: HP is shown in percentages
|rule|Endless Battle Clause: Forcing endless battles is banned
|rule|Species Clause: Limit one of each Pokémon
|rule|OHKO Clause: OHKO moves are banned
|rule|Evasion Items Clause: Evasion items are banned
|rule|Evasion Moves Clause: Evasion moves are banned
|rule|Evasion Abilities Clause: Evasion abilities are banned
|rule|Sleep Moves Clause: Sleep-inducing moves are banned
|clearpoke
|poke|p1|Kingambit, F|
|poke|p1|Primarina, M|
|poke|p1|Heatran, F|
|poke|p1|Ogerpon-Wellspring, F|
|poke|p1|Landorus-Therian, M|
|poke|p1|Dragapult, F|
|poke|p2|Ninetales-Alola, F|
|poke|p2|Kyurem|
|poke|p2|Great Tusk|
|poke|p2|Samurott-Hisui, F|
|poke|p2|Lucario, F|
|poke|p2|Lilligant, F|
|teampreview
|inactive|Battle timer is ON: inactive players will automatically lose when time's up. (requested by elikyle07)
|
|t:|1760731476
|teamsize|p1|6
|teamsize|p2|6
|start
|switch|p1a: Landorus|Landorus-Therian, M|100/100
|switch|p2a: Samurott|Samurott-Hisui, F|100/100
|-ability|p1a: Landorus|Intimidate|boost
|-unboost|p2a: Samurott|atk|1
|turn|1
|
|t:|1760731482
|move|p1a: Landorus|U-turn|p2a: Samurott
|-supereffective|p2a: Samurott
|-damage|p2a: Samurott|29/100
|
|t:|1760731487
|switch|p1a: Primarina|Primarina, M|100/100|[from] U-turn
|move|p2a: Samurott|Ceaseless Edge|p1a: Primarina|[miss]
|-miss|p2a: Samurott|p1a: Primarina
|
|upkeep
|turn|2
|
|t:|1760731496
|move|p2a: Samurott|Ceaseless Edge|p1a: Primarina
|-resisted|p1a: Primarina
|-damage|p1a: Primarina|73/100
|-sidestart|p1: tommyshelby75|Spikes
|move|p1a: Primarina|Moonblast|p2a: Samurott
|-supereffective|p2a: Samurott
|-damage|p2a: Samurott|0 fnt
|faint|p2a: Samurott
|
|-heal|p1a: Primarina|79/100|[from] item: Leftovers
|upkeep
|
|t:|1760731505
|switch|p2a: Lilligant|Lilligant, F|100/100
|turn|3
|
|t:|1760731514
|move|p2a: Lilligant|Quiver Dance|p2a: Lilligant
|-boost|p2a: Lilligant|spa|1
|-boost|p2a: Lilligant|spd|1
|-boost|p2a: Lilligant|spe|1
|move|p1a: Primarina|Moonblast|p2a: Lilligant
|-damage|p2a: Lilligant|43/100
|
|-heal|p1a: Primarina|85/100|[from] item: Leftovers
|upkeep
|turn|4
|
|t:|1760731527
|-terastallize|p1a: Primarina|Steel
|move|p2a: Lilligant|Giga Drain|p1a: Primarina
|-resisted|p1a: Primarina
|-damage|p1a: Primarina|60/100
|-heal|p2a: Lilligant|59/100|[from] drain|[of] p1a: Primarina
|move|p1a: Primarina|Moonblast|p2a: Lilligant
|-damage|p2a: Lilligant|3/100
|-unboost|p2a: Lilligant|spa|1
|
|-heal|p1a: Primarina|66/100|[from] item: Leftovers
|upkeep
|turn|5
|
|t:|1760731538
|switch|p1a: Landorus|Landorus-Therian, M|100/100
|-ability|p1a: Landorus|Intimidate|boost
|-fail|p2a: Lilligant|unboost|Attack|[from] ability: Own Tempo|[of] p2a: Lilligant
|move|p2a: Lilligant|Alluring Voice|p1a: Landorus
|-crit|p1a: Landorus
|-damage|p1a: Landorus|52/100
|
|upkeep
|turn|6
|
|t:|1760731547
|move|p1a: Landorus|U-turn|p2a: Lilligant
|-supereffective|p2a: Lilligant
|-damage|p2a: Lilligant|0 fnt
|faint|p2a: Lilligant
|
|t:|1760731553
|switch|p1a: Primarina|Primarina, M, tera:Steel|66/100|[from] U-turn
|-damage|p1a: Primarina|54/100|[from] Spikes
|
|-heal|p1a: Primarina|60/100|[from] item: Leftovers
|upkeep
|
|t:|1760731559
|switch|p2a: Great Tusk|Great Tusk|100/100
|-enditem|p2a: Great Tusk|Booster Energy
|-activate|p2a: Great Tusk|ability: Protosynthesis|[fromitem]
|-start|p2a: Great Tusk|protosynthesisatk
|turn|7
|
|t:|1760731565
|switch|p1a: Landorus|Landorus-Therian, M|52/100
|-ability|p1a: Landorus|Intimidate|boost
|-unboost|p2a: Great Tusk|atk|1
|move|p2a: Great Tusk|Rapid Spin|p1a: Landorus
|-damage|p1a: Landorus|35/100
|-boost|p2a: Great Tusk|spe|1
|
|upkeep
|turn|8
|
|t:|1760731574
|switch|p1a: Primarina|Primarina, M, tera:Steel|60/100
|-damage|p1a: Primarina|47/100|[from] Spikes
|move|p2a: Great Tusk|Ice Spinner|p1a: Primarina
|-resisted|p1a: Primarina
|-damage|p1a: Primarina|34/100
|
|-heal|p1a: Primarina|40/100|[from] item: Leftovers
|upkeep
|turn|9
|
|t:|1760731596
|switch|p1a: Landorus|Landorus-Therian, M|35/100
|-ability|p1a: Landorus|Intimidate|boost
|-unboost|p2a: Great Tusk|atk|1
|move|p2a: Great Tusk|Close Combat|p1a: Landorus
|-resisted|p1a: Landorus
|-damage|p1a: Landorus|11/100
|-unboost|p2a: Great Tusk|def|1
|-unboost|p2a: Great Tusk|spd|1
|
|upkeep
|turn|10
|
|t:|1760731605
|switch|p1a: Primarina|Primarina, M, tera:Steel|40/100
|-damage|p1a: Primarina|28/100|[from] Spikes
|move|p2a: Great Tusk|Rapid Spin|p1a: Primarina
|-resisted|p1a: Primarina
|-damage|p1a: Primarina|21/100
|-boost|p2a: Great Tusk|spe|1
|
|-heal|p1a: Primarina|27/100|[from] item: Leftovers
|upkeep
|turn|11
|
|t:|1760731615
|switch|p1a: Landorus|Landorus-Therian, M|11/100
|-ability|p1a: Landorus|Intimidate|boost
|-unboost|p2a: Great Tusk|atk|1
|move|p2a: Great Tusk|Headlong Rush|p1a: Landorus
|-immune|p1a: Landorus
|
|upkeep
|turn|12
|
|t:|1760731625
|move|p2a: Great Tusk|Ice Spinner|p1a: Landorus
|-supereffective|p1a: Landorus
|-damage|p1a: Landorus|0 fnt
|faint|p1a: Landorus
|
|upkeep
|
|t:|1760731637
|switch|p1a: Heatran|Heatran, F|100/100
|-damage|p1a: Heatran|88/100|[from] Spikes
|turn|13
|
|t:|1760731644
|move|p2a: Great Tusk|Headlong Rush|p1a: Heatran
|-supereffective|p1a: Heatran
|-damage|p1a: Heatran|0 fnt
|-unboost|p2a: Great Tusk|def|1
|-unboost|p2a: Great Tusk|spd|1
|faint|p1a: Heatran
|
|upkeep
|
|t:|1760731652
|switch|p1a: Ogerpon|Ogerpon-Wellspring, F|100/100
|-damage|p1a: Ogerpon|88/100|[from] Spikes
|turn|14
|
|t:|1760731657
|move|p2a: Great Tusk|Close Combat|p1a: Ogerpon
|-damage|p1a: Ogerpon|45/100
|-unboost|p2a: Great Tusk|def|1
|-unboost|p2a: Great Tusk|spd|1
|move|p1a: Ogerpon|Ivy Cudgel|p2a: Great Tusk|[anim] Ivy Cudgel Water
|-supereffective|p2a: Great Tusk
|-damage|p2a: Great Tusk|0 fnt
|faint|p2a: Great Tusk
|-end|p2a: Great Tusk|Protosynthesis|[silent]
|
|upkeep
|
|t:|1760731665
|switch|p2a: Ninetales|Ninetales-Alola, F|100/100
|-weather|Snowscape|[from] ability: Snow Warning|[of] p2a: Ninetales
|turn|15
|
|t:|1760731672
|move|p2a: Ninetales|Freeze-Dry|p1a: Ogerpon
|-supereffective|p1a: Ogerpon
|-damage|p1a: Ogerpon|0 fnt
|faint|p1a: Ogerpon
|
|-weather|Snowscape|[upkeep]
|upkeep
|
|t:|1760731680
|switch|p1a: Kingambit|Kingambit, F|100/100
|-damage|p1a: Kingambit|88/100|[from] Spikes
|-activate|p1a: Kingambit|ability: Supreme Overlord
|-start|p1a: Kingambit|fallen3|[silent]
|turn|16
|
|t:|1760731688
|move|p2a: Ninetales|Aurora Veil|p2a: Ninetales
|-sidestart|p2: elikyle07|move: Aurora Veil
|move|p1a: Kingambit|Swords Dance|p1a: Kingambit
|-boost|p1a: Kingambit|atk|2
|
|-weather|Snowscape|[upkeep]
|-heal|p1a: Kingambit|94/100|[from] item: Leftovers
|upkeep
|turn|17
|
|t:|1760731697
|move|p2a: Ninetales|Blizzard|p1a: Kingambit
|-resisted|p1a: Kingambit
|-damage|p1a: Kingambit|78/100
|move|p1a: Kingambit|Swords Dance|p1a: Kingambit
|-boost|p1a: Kingambit|atk|2
|
|-weather|Snowscape|[upkeep]
|-heal|p1a: Kingambit|84/100|[from] item: Leftovers
|upkeep
|turn|18
|
|t:|1760731705
|move|p2a: Ninetales|Blizzard|p1a: Kingambit
|-resisted|p1a: Kingambit
|-damage|p1a: Kingambit|69/100
|move|p1a: Kingambit|Swords Dance|p1a: Kingambit
|-boost|p1a: Kingambit|atk|2
|
|-weather|Snowscape|[upkeep]
|-heal|p1a: Kingambit|75/100|[from] item: Leftovers
|upkeep
|turn|19
|
|t:|1760731714
|move|p2a: Ninetales|Blizzard|p1a: Kingambit
|-resisted|p1a: Kingambit
|-damage|p1a: Kingambit|60/100
|move|p1a: Kingambit|Iron Head|p2a: Ninetales
|-supereffective|p2a: Ninetales
|-damage|p2a: Ninetales|0 fnt
|faint|p2a: Ninetales
|
|-weather|none
|-heal|p1a: Kingambit|66/100|[from] item: Leftovers
|upkeep
|
|t:|1760731722
|switch|p2a: Lucario|Lucario, F|100/100
|turn|20
|
|t:|1760731726
|-end|p1a: Kingambit|fallen3|[silent]
|switch|p1a: Dragapult|Dragapult, F|100/100
|-damage|p1a: Dragapult|88/100|[from] Spikes
|move|p2a: Lucario|Brick Break|p1a: Dragapult
|-immune|p1a: Dragapult
|
|upkeep
|turn|21
|
|t:|1760731736
|switch|p1a: Primarina|Primarina, M, tera:Steel|27/100
|-damage|p1a: Primarina|15/100|[from] Spikes
|move|p2a: Lucario|Shadow Claw|p1a: Primarina
|-damage|p1a: Primarina|0 fnt
|faint|p1a: Primarina
|
|upkeep
|
|t:|1760731748
|switch|p1a: Dragapult|Dragapult, F|88/100
|-damage|p1a: Dragapult|76/100|[from] Spikes
|turn|22
|
|t:|1760731755
|switch|p1a: Kingambit|Kingambit, F|66/100
|-damage|p1a: Kingambit|54/100|[from] Spikes
|-activate|p1a: Kingambit|ability: Supreme Overlord
|-start|p1a: Kingambit|fallen4|[silent]
|move|p2a: Lucario|Shadow Claw|p1a: Kingambit
|-resisted|p1a: Kingambit
|-damage|p1a: Kingambit|45/100
|
|-heal|p1a: Kingambit|51/100|[from] item: Leftovers
|upkeep
|turn|23
|
|t:|1760731765
|-end|p1a: Kingambit|fallen4|[silent]
|switch|p1a: Dragapult|Dragapult, F|76/100
|-damage|p1a: Dragapult|64/100|[from] Spikes
|move|p2a: Lucario|Brick Break|p1a: Dragapult
|-immune|p1a: Dragapult
|
|-sideend|p2: elikyle07|move: Aurora Veil
|upkeep
|turn|24
|inactive|elikyle07 has 120 seconds left.
|
|t:|1760731802
|move|p1a: Dragapult|U-turn|p2a: Lucario
|-resisted|p2a: Lucario
|-damage|p2a: Lucario|94/100
|
|t:|1760731816
|switch|p1a: Kingambit|Kingambit, F|51/100|[from] U-turn
|-damage|p1a: Kingambit|38/100|[from] Spikes
|-activate|p1a: Kingambit|ability: Supreme Overlord
|-start|p1a: Kingambit|fallen4|[silent]
|move|p2a: Lucario|Shadow Claw|p1a: Kingambit
|-resisted|p1a: Kingambit
|-damage|p1a: Kingambit|30/100
|
|-heal|p1a: Kingambit|37/100|[from] item: Leftovers
|upkeep
|turn|25
|
|t:|1760731827
|-end|p1a: Kingambit|fallen4|[silent]
|switch|p1a: Dragapult|Dragapult, F|64/100
|-damage|p1a: Dragapult|51/100|[from] Spikes
|move|p2a: Lucario|Brick Break|p1a: Dragapult
|-immune|p1a: Dragapult
|
|upkeep
|turn|26
|
|t:|1760731834
|switch|p2a: Kyurem|Kyurem|100/100
|-ability|p2a: Kyurem|Pressure
|move|p1a: Dragapult|Draco Meteor|p2a: Kyurem
|-supereffective|p2a: Kyurem
|-damage|p2a: Kyurem|0 fnt
|-unboost|p1a: Dragapult|spa|2
|faint|p2a: Kyurem
|
|upkeep
|
|t:|1760731843
|switch|p2a: Lucario|Lucario, F|94/100
|turn|27
|
|t:|1760731850
|switch|p1a: Kingambit|Kingambit, F|37/100
|-damage|p1a: Kingambit|24/100|[from] Spikes
|-activate|p1a: Kingambit|ability: Supreme Overlord
|-start|p1a: Kingambit|fallen4|[silent]
|move|p2a: Lucario|Swords Dance|p2a: Lucario
|-boost|p2a: Lucario|atk|2
|
|-heal|p1a: Kingambit|30/100|[from] item: Leftovers
|upkeep
|turn|28
|
|t:|1760731860
|move|p1a: Kingambit|Sucker Punch|p2a: Lucario
|-resisted|p2a: Lucario
|-damage|p2a: Lucario|45/100
|-ability|p2a: Lucario|Justified|boost
|-boost|p2a: Lucario|atk|1
|move|p2a: Lucario|Brick Break|p1a: Kingambit
|-supereffective|p1a: Kingambit
|-crit|p1a: Kingambit
|-damage|p1a: Kingambit|0 fnt
|faint|p1a: Kingambit
|-end|p1a: Kingambit|fallen4|[silent]
|
|upkeep
|
|t:|1760731868
|switch|p1a: Dragapult|Dragapult, F|51/100
|-damage|p1a: Dragapult|39/100|[from] Spikes
|turn|29
|
|t:|1760731875
|-terastallize|p2a: Lucario|Normal
|move|p1a: Dragapult|Shadow Ball|p2a: Lucario
|-immune|p2a: Lucario
|move|p2a: Lucario|Shadow Claw|p1a: Dragapult
|-supereffective|p1a: Dragapult
|-damage|p1a: Dragapult|0 fnt
|faint|p1a: Dragapult
|
|win|elikyle07
|raw|tommyshelby75's rating: 1277 &rarr; <strong>1250</strong><br />(-27 for losing)
|raw|elikyle07's rating: 1243 &rarr; <strong>1270</strong><br />(+27 for winning)
|c|☆tommyshelby75|gg
|c|☆tommyshelby75|vgg
|c|☆tommyshelby75|again
|l|☆elikyle07
|player|p2|
|l|☆tommyshelby75
|player|p1|
