|j|☆Penguinxdd
|j|☆PikachuStupid90
|t:|1760723127
|gametype|singles
|player|p1|Penguinxdd|veteran|1325
|player|p2|PikachuStupid90|miku-flying|1320
|gen|9
|tier|[Gen 9] OU
|rated|
|rule|HP Percentage Mod: HP is shown in percentages
|rule|Endless Battle Clause: Forcing endless battles is banned
|rule|Species Clause: Limit one of each Pokémon
|rule|OHKO Clause: OHKO moves are banned
|rule|Evasion Items Clause: Evasion items are banned
|rule|Evasion Moves Clause: Evasion moves are banned
|rule|Evasion Abilities Clause: Evasion abilities are banned
|rule|Sleep Moves Clause: Sleep-inducing moves are banned
|clearpoke
|poke|p1|Meowscarada, M|
|poke|p1|Rillaboom, M|
|poke|p1|Fezandipiti, M|
|poke|p1|Heatran, F|
|poke|p1|Weezing-Galar, F|
|poke|p1|Keldeo-Resolute|
|poke|p2|Weavile, F|
|poke|p2|Tornadus-Therian, M|
|poke|p2|Dragonite, M|
|poke|p2|Alomomola, F|
|poke|p2|Great Tusk|
|poke|p2|Clodsire, F|
|teampreview
|inactive|Battle timer is ON: inactive players will automatically lose when time's up. (requested by Penguinxdd)
|
|t:|1760723143
|teamsize|p1|6
|teamsize|p2|6
|start
|switch|p1a: Keldeo|Keldeo-Resolute|100/100
|switch|p2a: Alomomola|Alomomola, F|100/100
|turn|1
|
|t:|1760723148
|move|p2a: Alomomola|Protect|p2a: Alomomola
|-singleturn|p2a: Alomomola|Protect
|move|p1a: Keldeo|Flip Turn|p2a: Alomomola
|-activate|p2a: Alomomola|move: Protect
|
|upkeep
|turn|2
|
|t:|1760723153
|move|p1a: Keldeo|Flip Turn|p2a: Alomomola
|-resisted|p2a: Alomomola
|-damage|p2a: Alomomola|97/100
|
|t:|1760723155
|switch|p1a: Weeze-Cigarette|Weezing-Galar, F|100/100|[from] Flip Turn
|-ability|p1a: Weeze-Cigarette|Neutralizing Gas
|move|p2a: Alomomola|Flip Turn|p1a: Weeze-Cigarette
|-damage|p1a: Weeze-Cigarette|90/100
|
|t:|1760723165
|switch|p2a: Great Tusk|Great Tusk|100/100|[from] Flip Turn
|
|upkeep
|turn|3
|
|t:|1760723169
|-end|p1a: Weeze-Cigarette|ability: Neutralizing Gas
|switch|p1a: Rillaboom|Rillaboom, M|100/100
|-fieldstart|move: Grassy Terrain|[from] ability: Grassy Surge|[of] p1a: Rillaboom
|move|p2a: Great Tusk|Stealth Rock|p1a: Rillaboom
|-sidestart|p1: Penguinxdd|move: Stealth Rock
|
|upkeep
|turn|4
|
|t:|1760723177
|-end|p2a: Great Tusk|Protosynthesis|[silent]
|switch|p2a: Tornadus|Tornadus-Therian, M|100/100
|move|p1a: Rillaboom|Grassy Glide|p2a: Tornadus
|-resisted|p2a: Tornadus
|-damage|p2a: Tornadus|76/100
|
|upkeep
|turn|5
|
|t:|1760723184
|switch|p1a: Fezandipiti|Fezandipiti, M|100/100
|move|p2a: Tornadus|Bleakwind Storm|p1a: Fezandipiti
|-damage|p1a: Fezandipiti|78/100
|
|-heal|p1a: Fezandipiti|84/100|[from] Grassy Terrain
|upkeep
|turn|6
|
|t:|1760723192
|move|p2a: Tornadus|U-turn|p1a: Fezandipiti
|-resisted|p1a: Fezandipiti
|-damage|p1a: Fezandipiti|79/100
|
|t:|1760723195
|switch|p2a: Clodsire|Clodsire, F|100/100|[from] U-turn
|move|p1a: Fezandipiti|U-turn|p2a: Clodsire
|-resisted|p2a: Clodsire
|-damage|p2a: Clodsire|91/100
|inactive|Penguinxdd has 120 seconds left.
|
|t:|1760723227
|switch|p1a: Weeze-Cigarette|Weezing-Galar, F|90/100|[from] U-turn
|-ability|p1a: Weeze-Cigarette|Neutralizing Gas
|
|-heal|p1a: Weeze-Cigarette|96/100|[from] Grassy Terrain
|-heal|p2a: Clodsire|97/100|[from] Grassy Terrain
|upkeep
|turn|7
|
|t:|1760723233
|move|p1a: Weeze-Cigarette|Will-O-Wisp|p2a: Clodsire
|-status|p2a: Clodsire|brn
|move|p2a: Clodsire|Earthquake|p1a: Weeze-Cigarette
|-supereffective|p1a: Weeze-Cigarette
|-damage|p1a: Weeze-Cigarette|87/100
|
|-heal|p1a: Weeze-Cigarette|93/100|[from] Grassy Terrain
|-heal|p2a: Clodsire|100/100 brn|[from] Grassy Terrain
|-damage|p2a: Clodsire|94/100 brn|[from] brn
|-fieldend|move: Grassy Terrain
|upkeep
|turn|8
|
|t:|1760723246
|move|p1a: Weeze-Cigarette|Defog|p2a: Clodsire
|-unboost|p2a: Clodsire|evasion|1
|-sideend|p1: Penguinxdd|Stealth Rock|[from] move: Defog|[of] p1a: Weeze-Cigarette
|move|p2a: Clodsire|Spikes|p1a: Weeze-Cigarette
|-sidestart|p1: Penguinxdd|Spikes
|
|-damage|p2a: Clodsire|88/100 brn|[from] brn
|upkeep
|turn|9
|
|t:|1760723250
|move|p1a: Weeze-Cigarette|Defog|p2a: Clodsire
|-unboost|p2a: Clodsire|evasion|1
|-sideend|p1: Penguinxdd|Spikes|[from] move: Defog|[of] p1a: Weeze-Cigarette
|move|p2a: Clodsire|Spikes|p1a: Weeze-Cigarette
|-sidestart|p1: Penguinxdd|Spikes
|
|-damage|p2a: Clodsire|82/100 brn|[from] brn
|upkeep
|turn|10
|
|t:|1760723254
|move|p1a: Weeze-Cigarette|Defog|p2a: Clodsire
|-unboost|p2a: Clodsire|evasion|1
|-sideend|p1: Penguinxdd|Spikes|[from] move: Defog|[of] p1a: Weeze-Cigarette
|move|p2a: Clodsire|Spikes|p1a: Weeze-Cigarette
|-sidestart|p1: Penguinxdd|Spikes
|
|-damage|p2a: Clodsire|76/100 brn|[from] brn
|upkeep
|turn|11
|
|t:|1760723259
|move|p1a: Weeze-Cigarette|Sludge Bomb|p2a: Clodsire
|-resisted|p2a: Clodsire
|-damage|p2a: Clodsire|72/100 brn
|move|p2a: Clodsire|Spikes|p1a: Weeze-Cigarette
|-sidestart|p1: Penguinxdd|Spikes
|
|-damage|p2a: Clodsire|66/100 brn|[from] brn
|upkeep
|turn|12
|
|t:|1760723267
|move|p1a: Weeze-Cigarette|Sludge Bomb|p2a: Clodsire
|-resisted|p2a: Clodsire
|-damage|p2a: Clodsire|62/100 brn
|move|p2a: Clodsire|Earthquake|p1a: Weeze-Cigarette
|-supereffective|p1a: Weeze-Cigarette
|-damage|p1a: Weeze-Cigarette|74/100
|
|-damage|p2a: Clodsire|56/100 brn|[from] brn
|upkeep
|turn|13
|
|t:|1760723271
|move|p1a: Weeze-Cigarette|Defog|p2a: Clodsire
|-unboost|p2a: Clodsire|evasion|1
|-sideend|p1: Penguinxdd|Spikes|[from] move: Defog|[of] p1a: Weeze-Cigarette
|move|p2a: Clodsire|Recover|p2a: Clodsire
|-heal|p2a: Clodsire|100/100 brn
|
|-damage|p2a: Clodsire|94/100 brn|[from] brn
|upkeep
|turn|14
|
|t:|1760723278
|-end|p1a: Weeze-Cigarette|ability: Neutralizing Gas
|switch|p1a: Rillaboom|Rillaboom, M|100/100
|-fieldstart|move: Grassy Terrain|[from] ability: Grassy Surge|[of] p1a: Rillaboom
|move|p2a: Clodsire|Spikes|p1a: Rillaboom
|-sidestart|p1: Penguinxdd|Spikes
|
|-heal|p2a: Clodsire|100/100 brn|[from] Grassy Terrain
|-damage|p2a: Clodsire|94/100 brn|[from] brn
|upkeep
|turn|15
|
|t:|1760723284
|switch|p2a: Tornadus|Tornadus-Therian, M|100/100
|move|p1a: Rillaboom|U-turn|p2a: Tornadus
|-resisted|p2a: Tornadus
|-damage|p2a: Tornadus|86/100
|
|t:|1760723289
|switch|p1a: Fezandipiti|Fezandipiti, M|79/100|[from] U-turn
|
|-heal|p1a: Fezandipiti|85/100|[from] Grassy Terrain
|upkeep
|turn|16
|
|t:|1760723295
|move|p2a: Tornadus|U-turn|p1a: Fezandipiti
|-resisted|p1a: Fezandipiti
|-crit|p1a: Fezandipiti
|-damage|p1a: Fezandipiti|80/100
|
|t:|1760723297
|switch|p2a: Clodsire|Clodsire, F|94/100 brn|[from] U-turn
|move|p1a: Fezandipiti|Gunk Shot|p2a: Clodsire|[miss]
|-miss|p1a: Fezandipiti|p2a: Clodsire
|
|-heal|p1a: Fezandipiti|86/100|[from] Grassy Terrain
|-heal|p2a: Clodsire|100/100 brn|[from] Grassy Terrain
|-damage|p2a: Clodsire|94/100 brn|[from] brn
|upkeep
|turn|17
|
|t:|1760723306
|move|p1a: Fezandipiti|U-turn|p2a: Clodsire
|-resisted|p2a: Clodsire
|-damage|p2a: Clodsire|85/100 brn
|
|t:|1760723309
|switch|p1a: Weeze-Cigarette|Weezing-Galar, F|74/100|[from] U-turn
|-ability|p1a: Weeze-Cigarette|Neutralizing Gas
|move|p2a: Clodsire|Spikes|p1a: Weeze-Cigarette
|-sidestart|p1: Penguinxdd|Spikes
|
|-heal|p1a: Weeze-Cigarette|80/100|[from] Grassy Terrain
|-heal|p2a: Clodsire|91/100 brn|[from] Grassy Terrain
|-damage|p2a: Clodsire|85/100 brn|[from] brn
|upkeep
|turn|18
|
|t:|1760723317
|switch|p2a: Great Tusk|Great Tusk|100/100
|move|p1a: Weeze-Cigarette|Sludge Bomb|p2a: Great Tusk
|-resisted|p2a: Great Tusk
|-damage|p2a: Great Tusk|79/100
|-status|p2a: Great Tusk|psn
|
|-heal|p2a: Great Tusk|85/100 psn|[from] Grassy Terrain
|-heal|p1a: Weeze-Cigarette|86/100|[from] Grassy Terrain
|-damage|p2a: Great Tusk|73/100 psn|[from] psn
|-fieldend|move: Grassy Terrain
|upkeep
|turn|19
|
|t:|1760723324
|-end|p1a: Weeze-Cigarette|ability: Neutralizing Gas
|switch|p1a: Rillaboom|Rillaboom, M|100/100
|-fieldstart|move: Grassy Terrain|[from] ability: Grassy Surge|[of] p1a: Rillaboom
|move|p2a: Great Tusk|Headlong Rush|p1a: Rillaboom
|-resisted|p1a: Rillaboom
|-damage|p1a: Rillaboom|73/100
|-unboost|p2a: Great Tusk|def|1
|-unboost|p2a: Great Tusk|spd|1
|
|-heal|p2a: Great Tusk|79/100 psn|[from] Grassy Terrain
|-heal|p1a: Rillaboom|79/100|[from] Grassy Terrain
|-damage|p2a: Great Tusk|67/100 psn|[from] psn
|upkeep
|turn|20
|
|t:|1760723329
|-end|p2a: Great Tusk|Protosynthesis|[silent]
|switch|p2a: Tornadus|Tornadus-Therian, M|100/100
|move|p1a: Rillaboom|Grassy Glide|p2a: Tornadus
|-resisted|p2a: Tornadus
|-damage|p2a: Tornadus|77/100
|
|-heal|p1a: Rillaboom|85/100|[from] Grassy Terrain
|upkeep
|turn|21
|
|t:|1760723337
|switch|p1a: Weeze-Cigarette|Weezing-Galar, F|86/100
|-ability|p1a: Weeze-Cigarette|Neutralizing Gas
|move|p2a: Tornadus|Knock Off|p1a: Weeze-Cigarette
|-resisted|p1a: Weeze-Cigarette
|-damage|p1a: Weeze-Cigarette|79/100
|-enditem|p1a: Weeze-Cigarette|Heavy-Duty Boots|[from] move: Knock Off|[of] p2a: Tornadus
|
|-heal|p1a: Weeze-Cigarette|85/100|[from] Grassy Terrain
|upkeep
|turn|22
|
|t:|1760723349
|move|p2a: Tornadus|U-turn|p1a: Weeze-Cigarette
|-resisted|p1a: Weeze-Cigarette
|-crit|p1a: Weeze-Cigarette
|-damage|p1a: Weeze-Cigarette|81/100
|
|t:|1760723351
|switch|p2a: Clodsire|Clodsire, F|85/100 brn|[from] U-turn
|move|p1a: Weeze-Cigarette|Defog|p2a: Clodsire
|-unboost|p2a: Clodsire|evasion|1
|-sideend|p1: Penguinxdd|Spikes|[from] move: Defog|[of] p1a: Weeze-Cigarette
|-fieldend|move: Grassy Terrain
|
|-damage|p2a: Clodsire|79/100 brn|[from] brn
|upkeep
|turn|23
|
|t:|1760723358
|-end|p1a: Weeze-Cigarette|ability: Neutralizing Gas
|switch|p1a: Meowscarada|Meowscarada, M|100/100
|move|p2a: Clodsire|Spikes|p1a: Meowscarada
|-sidestart|p1: Penguinxdd|Spikes
|
|-damage|p2a: Clodsire|73/100 brn|[from] brn
|upkeep
|turn|24
|
|t:|1760723366
|switch|p2a: Alomomola|Alomomola, F|97/100
|move|p1a: Meowscarada|Knock Off|p2a: Alomomola
|-start|p1a: Meowscarada|typechange|Dark|[from] ability: Protean
|-damage|p2a: Alomomola|61/100
|-enditem|p2a: Alomomola|Heavy-Duty Boots|[from] move: Knock Off|[of] p1a: Meowscarada
|
|upkeep
|turn|25
|
|t:|1760723374
|switch|p1a: Rillaboom|Rillaboom, M|85/100
|-fieldstart|move: Grassy Terrain|[from] ability: Grassy Surge|[of] p1a: Rillaboom
|move|p2a: Alomomola|Protect||[still]
|-fail|p2a: Alomomola
|
|-heal|p1a: Rillaboom|91/100|[from] Grassy Terrain
|-heal|p2a: Alomomola|67/100|[from] Grassy Terrain
|upkeep
|turn|26
|
|t:|1760723379
|switch|p2a: Tornadus|Tornadus-Therian, M|77/100
|move|p1a: Rillaboom|Knock Off|p2a: Tornadus
|-damage|p2a: Tornadus|35/100
|-enditem|p2a: Tornadus|Heavy-Duty Boots|[from] move: Knock Off|[of] p1a: Rillaboom
|
|-heal|p1a: Rillaboom|97/100|[from] Grassy Terrain
|upkeep
|turn|27
|
|t:|1760723396
|switch|p1a: Heatran|Heatran, F|100/100
|-damage|p1a: Heatran|88/100|[from] Spikes
|move|p2a: Tornadus|Bleakwind Storm|p1a: Heatran|[miss]
|-miss|p2a: Tornadus|p1a: Heatran
|
|-heal|p1a: Heatran|94/100|[from] Grassy Terrain
|-heal|p1a: Heatran|100/100|[from] item: Leftovers
|upkeep
|turn|28
|
|t:|1760723405
|move|p2a: Tornadus|U-turn|p1a: Heatran
|-resisted|p1a: Heatran
|-damage|p1a: Heatran|98/100
|
|t:|1760723408
|switch|p2a: Alomomola|Alomomola, F|99/100|[from] U-turn
|move|p1a: Heatran|Stealth Rock|p2a: Alomomola
|-sidestart|p2: PikachuStupid90|move: Stealth Rock
|
|-heal|p1a: Heatran|100/100|[from] Grassy Terrain
|-heal|p2a: Alomomola|100/100|[from] Grassy Terrain
|upkeep
|turn|29
|
|t:|1760723430
|move|p1a: Heatran|Taunt|p2a: Alomomola
|-start|p2a: Alomomola|move: Taunt
|move|p2a: Alomomola|Flip Turn|p1a: Heatran
|-supereffective|p1a: Heatran
|-damage|p1a: Heatran|70/100
|
|t:|1760723434
|switch|p2a: Great Tusk|Great Tusk|67/100 psn|[from] Flip Turn
|
|-heal|p2a: Great Tusk|73/100 psn|[from] Grassy Terrain
|-heal|p1a: Heatran|77/100|[from] Grassy Terrain
|-heal|p1a: Heatran|83/100|[from] item: Leftovers
|-damage|p2a: Great Tusk|60/100 psn|[from] psn
|-fieldend|move: Grassy Terrain
|upkeep
|turn|30
|
|t:|1760723438
|switch|p1a: Rillaboom|Rillaboom, M|97/100
|-fieldstart|move: Grassy Terrain|[from] ability: Grassy Surge|[of] p1a: Rillaboom
|move|p2a: Great Tusk|Headlong Rush|p1a: Rillaboom
|-resisted|p1a: Rillaboom
|-crit|p1a: Rillaboom
|-damage|p1a: Rillaboom|54/100
|-unboost|p2a: Great Tusk|def|1
|-unboost|p2a: Great Tusk|spd|1
|
|-heal|p2a: Great Tusk|67/100 psn|[from] Grassy Terrain
|-heal|p1a: Rillaboom|60/100|[from] Grassy Terrain
|-damage|p2a: Great Tusk|54/100 psn|[from] psn
|upkeep
|turn|31
|
|t:|1760723447
|move|p1a: Rillaboom|Grassy Glide|p2a: Great Tusk
|-supereffective|p2a: Great Tusk
|-damage|p2a: Great Tusk|0 fnt
|faint|p2a: Great Tusk
|-end|p2a: Great Tusk|Protosynthesis|[silent]
|
|-heal|p1a: Rillaboom|66/100|[from] Grassy Terrain
|upkeep
|
|t:|1760723454
|switch|p2a: Dragonite|Dragonite, M|100/100
|-damage|p2a: Dragonite|76/100|[from] Stealth Rock
|turn|32
|
|t:|1760723461
|move|p2a: Dragonite|Dragon Dance|p2a: Dragonite
|-boost|p2a: Dragonite|atk|1
|-boost|p2a: Dragonite|spe|1
|move|p1a: Rillaboom|Knock Off|p2a: Dragonite
|-damage|p2a: Dragonite|30/100
|-enditem|p2a: Dragonite|Rawst Berry|[from] move: Knock Off|[of] p1a: Rillaboom
|
|-heal|p1a: Rillaboom|72/100|[from] Grassy Terrain
|upkeep
|turn|33
|
|t:|1760723474
|switch|p1a: Weeze-Cigarette|Weezing-Galar, F|81/100
|-ability|p1a: Weeze-Cigarette|Neutralizing Gas
|-damage|p1a: Weeze-Cigarette|69/100|[from] Spikes
|move|p2a: Dragonite|Dragon Dance|p2a: Dragonite
|-boost|p2a: Dragonite|atk|1
|-boost|p2a: Dragonite|spe|1
|
|-heal|p1a: Weeze-Cigarette|75/100|[from] Grassy Terrain
|upkeep
|turn|34
|
|t:|1760723486
|move|p2a: Dragonite|Earthquake|p1a: Weeze-Cigarette
|-supereffective|p1a: Weeze-Cigarette
|-damage|p1a: Weeze-Cigarette|19/100
|move|p1a: Weeze-Cigarette|Will-O-Wisp|p2a: Dragonite
|-status|p2a: Dragonite|brn
|
|-heal|p1a: Weeze-Cigarette|25/100|[from] Grassy Terrain
|-damage|p2a: Dragonite|24/100 brn|[from] brn
|-fieldend|move: Grassy Terrain
|upkeep
|turn|35
|
|t:|1760723500
|-end|p1a: Weeze-Cigarette|ability: Neutralizing Gas
|switch|p1a: Rillaboom|Rillaboom, M|72/100
|-fieldstart|move: Grassy Terrain|[from] ability: Grassy Surge|[of] p1a: Rillaboom
|move|p2a: Dragonite|Earthquake|p1a: Rillaboom
|-resisted|p1a: Rillaboom
|-damage|p1a: Rillaboom|63/100
|
|-heal|p1a: Rillaboom|69/100|[from] Grassy Terrain
|-damage|p2a: Dragonite|18/100 brn|[from] brn
|upkeep
|turn|36
|
|t:|1760723522
|move|p2a: Dragonite|Roost|p2a: Dragonite
|-heal|p2a: Dragonite|68/100 brn
|-singleturn|p2a: Dragonite|move: Roost
|move|p1a: Rillaboom|Knock Off|p2a: Dragonite
|-damage|p2a: Dragonite|37/100 brn
|
|-heal|p2a: Dragonite|43/100 brn|[from] Grassy Terrain
|-heal|p1a: Rillaboom|75/100|[from] Grassy Terrain
|-damage|p2a: Dragonite|37/100 brn|[from] brn
|upkeep
|turn|37
|
|t:|1760723529
|switch|p1a: Fezandipiti|Fezandipiti, M|86/100
|move|p2a: Dragonite|Roost|p2a: Dragonite
|-heal|p2a: Dragonite|87/100 brn
|-singleturn|p2a: Dragonite|move: Roost
|
|-heal|p2a: Dragonite|93/100 brn|[from] Grassy Terrain
|-heal|p1a: Fezandipiti|92/100|[from] Grassy Terrain
|-damage|p2a: Dragonite|87/100 brn|[from] brn
|upkeep
|turn|38
|
|t:|1760723535
|-terastallize|p2a: Dragonite|Flying
|move|p2a: Dragonite|Earthquake|p1a: Fezandipiti
|-supereffective|p1a: Fezandipiti
|-damage|p1a: Fezandipiti|49/100
|move|p1a: Fezandipiti|Play Rough|p2a: Dragonite
|-damage|p2a: Dragonite|42/100 brn
|
|-heal|p1a: Fezandipiti|55/100|[from] Grassy Terrain
|-damage|p2a: Dragonite|36/100 brn|[from] brn
|upkeep
|turn|39
|
|t:|1760723545
|move|p2a: Dragonite|Roost|p2a: Dragonite
|-heal|p2a: Dragonite|86/100 brn
|-hint|If a Terastallized Pokemon uses Roost, it remains Flying-type.
|move|p1a: Fezandipiti|Gunk Shot|p2a: Dragonite
|-damage|p2a: Dragonite|28/100 brn
|
|-heal|p1a: Fezandipiti|61/100|[from] Grassy Terrain
|-damage|p2a: Dragonite|22/100 brn|[from] brn
|-fieldend|move: Grassy Terrain
|upkeep
|turn|40
|
|t:|1760723557
|move|p2a: Dragonite|Earthquake|p1a: Fezandipiti
|-supereffective|p1a: Fezandipiti
|-damage|p1a: Fezandipiti|0 fnt
|faint|p1a: Fezandipiti
|
|-damage|p2a: Dragonite|16/100 brn|[from] brn
|upkeep
|
|t:|1760723571
|switch|p1a: Meowscarada|Meowscarada, M|100/100
|-damage|p1a: Meowscarada|88/100|[from] Spikes
|turn|41
|
|t:|1760723575
|move|p1a: Meowscarada|Sucker Punch|p2a: Dragonite
|-start|p1a: Meowscarada|typechange|Dark|[from] ability: Protean
|-damage|p2a: Dragonite|0 fnt
|faint|p2a: Dragonite
|
|upkeep
|
|t:|1760723578
|switch|p2a: Alomomola|Alomomola, F|100/100
|-damage|p2a: Alomomola|88/100|[from] Stealth Rock
|turn|42
|
|t:|1760723580
|switch|p1a: Rillaboom|Rillaboom, M|75/100
|-fieldstart|move: Grassy Terrain|[from] ability: Grassy Surge|[of] p1a: Rillaboom
|move|p2a: Alomomola|Flip Turn|p1a: Rillaboom
|-resisted|p1a: Rillaboom
|-damage|p1a: Rillaboom|67/100
|
|t:|1760723585
|switch|p2a: Tornadus|Tornadus-Therian, M|68/100|[from] Flip Turn
|-damage|p2a: Tornadus|44/100|[from] Stealth Rock
|
|-heal|p1a: Rillaboom|73/100|[from] Grassy Terrain
|upkeep
|turn|43
|
|t:|1760723590
|switch|p1a: Heatran|Heatran, F|83/100
|-damage|p1a: Heatran|70/100|[from] Spikes
|move|p2a: Tornadus|Bleakwind Storm|p1a: Heatran
|-resisted|p1a: Heatran
|-damage|p1a: Heatran|58/100
|-unboost|p1a: Heatran|spe|1
|
|-heal|p1a: Heatran|64/100|[from] Grassy Terrain
|-heal|p1a: Heatran|70/100|[from] item: Leftovers
|upkeep
|turn|44
|
|t:|1760723595
|move|p2a: Tornadus|U-turn|p1a: Heatran
|-resisted|p1a: Heatran
|-damage|p1a: Heatran|68/100
|
|t:|1760723597
|switch|p2a: Alomomola|Alomomola, F|100/100|[from] U-turn
|-damage|p2a: Alomomola|88/100|[from] Stealth Rock
|move|p1a: Heatran|Magma Storm|p2a: Alomomola|[miss]
|-miss|p1a: Heatran|p2a: Alomomola
|
|-heal|p1a: Heatran|74/100|[from] Grassy Terrain
|-heal|p1a: Heatran|80/100|[from] item: Leftovers
|-heal|p2a: Alomomola|94/100|[from] Grassy Terrain
|upkeep
|turn|45
|
|t:|1760723603
|move|p1a: Heatran|Taunt|p2a: Alomomola
|-start|p2a: Alomomola|move: Taunt
|move|p2a: Alomomola|Scald|p1a: Heatran
|-supereffective|p1a: Heatran
|-damage|p1a: Heatran|61/100
|
|-heal|p1a: Heatran|68/100|[from] Grassy Terrain
|-heal|p1a: Heatran|74/100|[from] item: Leftovers
|-heal|p2a: Alomomola|100/100|[from] Grassy Terrain
|upkeep
|turn|46
|
|t:|1760723611
|switch|p1a: Keldeo|Keldeo-Resolute|100/100
|move|p2a: Alomomola|Flip Turn|p1a: Keldeo
|-resisted|p1a: Keldeo
|-damage|p1a: Keldeo|91/100
|
|t:|1760723614
|switch|p2a: Clodsire|Clodsire, F|73/100 brn|[from] Flip Turn
|
|-heal|p1a: Keldeo|97/100|[from] Grassy Terrain
|-heal|p2a: Clodsire|79/100 brn|[from] Grassy Terrain
|-damage|p2a: Clodsire|73/100 brn|[from] brn
|-fieldend|move: Grassy Terrain
|upkeep
|turn|47
|
|t:|1760723620
|switch|p1a: Rillaboom|Rillaboom, M|73/100
|-fieldstart|move: Grassy Terrain|[from] ability: Grassy Surge|[of] p1a: Rillaboom
|move|p2a: Clodsire|Spikes|p1a: Rillaboom
|-sidestart|p1: Penguinxdd|Spikes
|
|-heal|p1a: Rillaboom|80/100|[from] Grassy Terrain
|-heal|p2a: Clodsire|79/100 brn|[from] Grassy Terrain
|-damage|p2a: Clodsire|73/100 brn|[from] brn
|upkeep
|turn|48
|
|t:|1760723625
|move|p1a: Rillaboom|Wood Hammer|p2a: Clodsire
|-damage|p2a: Clodsire|0 fnt
|faint|p2a: Clodsire
|-damage|p1a: Rillaboom|52/100|[from] Recoil
|
|-heal|p1a: Rillaboom|58/100|[from] Grassy Terrain
|upkeep
|
|t:|1760723629
|switch|p2a: Weavile|Weavile, F|100/100
|-ability|p2a: Weavile|Pressure
|turn|49
|
|t:|1760723641
|switch|p1a: Weeze-Cigarette|Weezing-Galar, F|25/100
|-ability|p1a: Weeze-Cigarette|Neutralizing Gas
|-damage|p1a: Weeze-Cigarette|9/100|[from] Spikes
|move|p2a: Weavile|Hone Claws|p2a: Weavile
|-boost|p2a: Weavile|atk|1
|-boost|p2a: Weavile|accuracy|1
|
|-heal|p1a: Weeze-Cigarette|15/100|[from] Grassy Terrain
|upkeep
|turn|50
|
|t:|1760723652
|move|p2a: Weavile|Triple Axel|p1a: Weeze-Cigarette
|-damage|p1a: Weeze-Cigarette|6/100
|-damage|p1a: Weeze-Cigarette|0 fnt
|faint|p1a: Weeze-Cigarette
|-end|p1a: Weeze-Cigarette|ability: Neutralizing Gas
|-ability|p2a: Weavile|Pressure
|-hitcount|p1: Weeze-Cigarette|2
|
|upkeep
|
|t:|1760723654
|switch|p1a: Keldeo|Keldeo-Resolute|97/100
|turn|51
|
|t:|1760723669
|switch|p2a: Alomomola|Alomomola, F|100/100
|-damage|p2a: Alomomola|88/100|[from] Stealth Rock
|move|p1a: Keldeo|Vacuum Wave|p2a: Alomomola
|-damage|p2a: Alomomola|65/100
|
|-heal|p1a: Keldeo|100/100|[from] Grassy Terrain
|-heal|p2a: Alomomola|71/100|[from] Grassy Terrain
|-fieldend|move: Grassy Terrain
|upkeep
|turn|52
|
|t:|1760723676
|move|p1a: Keldeo|Flip Turn|p2a: Alomomola
|-resisted|p2a: Alomomola
|-damage|p2a: Alomomola|67/100
|
|t:|1760723679
|switch|p1a: Meowscarada|Meowscarada, M|88/100|[from] Flip Turn
|-damage|p1a: Meowscarada|72/100|[from] Spikes
|move|p2a: Alomomola|Flip Turn|p1a: Meowscarada
|-resisted|p1a: Meowscarada
|-damage|p1a: Meowscarada|60/100
|
|t:|1760723687
|switch|p2a: Tornadus|Tornadus-Therian, M|77/100|[from] Flip Turn
|-damage|p2a: Tornadus|52/100|[from] Stealth Rock
|
|upkeep
|turn|53
|inactive|Penguinxdd has 120 seconds left.
|
|t:|1760723733
|switch|p2a: Alomomola|Alomomola, F|100/100
|-damage|p2a: Alomomola|88/100|[from] Stealth Rock
|move|p1a: Meowscarada|Sucker Punch||[still]
|-fail|p1a: Meowscarada
|
|upkeep
|turn|54
|
|t:|1760723742
|switch|p1a: Heatran|Heatran, F|74/100
|-damage|p1a: Heatran|57/100|[from] Spikes
|move|p2a: Alomomola|Flip Turn|p1a: Heatran
|-supereffective|p1a: Heatran
|-damage|p1a: Heatran|30/100
|
|t:|1760723747
|switch|p2a: Weavile|Weavile, F|100/100|[from] Flip Turn
|-ability|p2a: Weavile|Pressure
|
|-heal|p1a: Heatran|37/100|[from] item: Leftovers
|upkeep
|turn|55
|inactive|Penguinxdd has 120 seconds left.
|
|t:|1760723755
|switch|p1a: Rillaboom|Rillaboom, M|58/100
|-fieldstart|move: Grassy Terrain|[from] ability: Grassy Surge|[of] p1a: Rillaboom
|move|p2a: Weavile|Low Kick|p1a: Rillaboom
|-damage|p1a: Rillaboom|39/100
|
|-heal|p1a: Rillaboom|45/100|[from] Grassy Terrain
|upkeep
|turn|56
|
|t:|1760723766
|switch|p1a: Keldeo|Keldeo-Resolute|100/100
|move|p2a: Weavile|Triple Axel|p1a: Keldeo|[miss]
|-miss|p2a: Weavile|p1a: Keldeo
|
|upkeep
|turn|57
|
|t:|1760723774
|switch|p2a: Alomomola|Alomomola, F|100/100
|-damage|p2a: Alomomola|88/100|[from] Stealth Rock
|move|p1a: Keldeo|Vacuum Wave|p2a: Alomomola
|-damage|p2a: Alomomola|65/100
|
|-heal|p2a: Alomomola|72/100|[from] Grassy Terrain
|upkeep
|turn|58
|
|t:|1760723781
|move|p1a: Keldeo|Vacuum Wave|p2a: Alomomola
|-damage|p2a: Alomomola|49/100
|move|p2a: Alomomola|Flip Turn|p1a: Keldeo
|-resisted|p1a: Keldeo
|-damage|p1a: Keldeo|91/100
|
|t:|1760723784
|switch|p2a: Tornadus|Tornadus-Therian, M|85/100|[from] Flip Turn
|-damage|p2a: Tornadus|60/100|[from] Stealth Rock
|
|-heal|p1a: Keldeo|97/100|[from] Grassy Terrain
|upkeep
|turn|59
|
|t:|1760723816
|-terastallize|p1a: Keldeo|Water
|move|p2a: Tornadus|Bleakwind Storm|p1a: Keldeo
|-damage|p1a: Keldeo|52/100
|move|p1a: Keldeo|Surf|p2a: Tornadus
|-damage|p2a: Tornadus|0 fnt
|faint|p2a: Tornadus
|
|-heal|p1a: Keldeo|58/100|[from] Grassy Terrain
|-fieldend|move: Grassy Terrain
|upkeep
|
|t:|1760723825
|switch|p2a: Alomomola|Alomomola, F|82/100
|-damage|p2a: Alomomola|70/100|[from] Stealth Rock
|turn|60
|
|t:|1760723830
|switch|p1a: Rillaboom|Rillaboom, M|45/100
|-fieldstart|move: Grassy Terrain|[from] ability: Grassy Surge|[of] p1a: Rillaboom
|move|p2a: Alomomola|Flip Turn|p1a: Rillaboom
|-resisted|p1a: Rillaboom
|-damage|p1a: Rillaboom|37/100
|
|t:|1760723834
|switch|p2a: Weavile|Weavile, F|100/100|[from] Flip Turn
|-ability|p2a: Weavile|Pressure
|
|-heal|p1a: Rillaboom|43/100|[from] Grassy Terrain
|upkeep
|turn|61
|
|t:|1760723838
|move|p2a: Weavile|Triple Axel|p1a: Rillaboom
|-supereffective|p1a: Rillaboom
|-damage|p1a: Rillaboom|28/100
|-supereffective|p1a: Rillaboom
|-damage|p1a: Rillaboom|0 fnt
|faint|p1a: Rillaboom
|-hitcount|p1: Rillaboom|2
|
|upkeep
|
|t:|1760723840
|switch|p1a: Keldeo|Keldeo-Resolute, tera:Water|58/100
|turn|62
|
|t:|1760723847
|switch|p2a: Alomomola|Alomomola, F|100/100
|-damage|p2a: Alomomola|88/100|[from] Stealth Rock
|move|p1a: Keldeo|Vacuum Wave|p2a: Alomomola
|-damage|p2a: Alomomola|65/100
|
|-heal|p1a: Keldeo|64/100|[from] Grassy Terrain
|-heal|p2a: Alomomola|72/100|[from] Grassy Terrain
|upkeep
|turn|63
|
|t:|1760723856
|move|p1a: Keldeo|Surf|p2a: Alomomola
|-resisted|p2a: Alomomola
|-damage|p2a: Alomomola|33/100
|move|p2a: Alomomola|Wish|p2a: Alomomola
|
|-heal|p1a: Keldeo|70/100|[from] Grassy Terrain
|-heal|p2a: Alomomola|39/100|[from] Grassy Terrain
|upkeep
|turn|64
|
|t:|1760723863
|move|p2a: Alomomola|Protect|p2a: Alomomola
|-singleturn|p2a: Alomomola|Protect
|move|p1a: Keldeo|Surf|p2a: Alomomola
|-activate|p2a: Alomomola|move: Protect
|
|-heal|p2a: Alomomola|89/100|[from] move: Wish|[wisher] Alomomola
|-heal|p1a: Keldeo|77/100|[from] Grassy Terrain
|-heal|p2a: Alomomola|96/100|[from] Grassy Terrain
|-fieldend|move: Grassy Terrain
|upkeep
|turn|65
|
|t:|1760723871
|move|p1a: Keldeo|Surf|p2a: Alomomola
|-resisted|p2a: Alomomola
|-damage|p2a: Alomomola|57/100
|move|p2a: Alomomola|Wish|p2a: Alomomola
|
|upkeep
|turn|66
|
|t:|1760723880
|switch|p1a: Heatran|Heatran, F|37/100
|-damage|p1a: Heatran|20/100|[from] Spikes
|move|p2a: Alomomola|Scald|p1a: Heatran
|-supereffective|p1a: Heatran
|-damage|p1a: Heatran|4/100
|
|-heal|p2a: Alomomola|100/100|[from] move: Wish|[wisher] Alomomola
|-heal|p1a: Heatran|10/100|[from] item: Leftovers
|upkeep
|turn|67
|
|t:|1760723890
|move|p1a: Heatran|Magma Storm|p2a: Alomomola
|-resisted|p2a: Alomomola
|-damage|p2a: Alomomola|77/100
|-activate|p2a: Alomomola|move: Magma Storm|[of] p1a: Heatran
|move|p2a: Alomomola|Flip Turn|p1a: Heatran
|-supereffective|p1a: Heatran
|-damage|p1a: Heatran|0 fnt
|faint|p1a: Heatran
|
|t:|1760723893
|switch|p2a: Weavile|Weavile, F|100/100|[from] Flip Turn
|-ability|p2a: Weavile|Pressure
|
|upkeep
|
|t:|1760723895
|switch|p1a: Keldeo|Keldeo-Resolute, tera:Water|77/100
|turn|68
|
|t:|1760723897
|switch|p2a: Alomomola|Alomomola, F|100/100
|-damage|p2a: Alomomola|88/100|[from] Stealth Rock
|move|p1a: Keldeo|Vacuum Wave|p2a: Alomomola
|-damage|p2a: Alomomola|63/100
|
|upkeep
|turn|69
|
|t:|1760723904
|switch|p1a: Meowscarada|Meowscarada, M|60/100
|-damage|p1a: Meowscarada|44/100|[from] Spikes
|move|p2a: Alomomola|Flip Turn|p1a: Meowscarada
|-resisted|p1a: Meowscarada
|-damage|p1a: Meowscarada|30/100
|
|t:|1760723906
|switch|p2a: Weavile|Weavile, F|100/100|[from] Flip Turn
|-ability|p2a: Weavile|Pressure
|
|upkeep
|turn|70
|
|t:|1760723917
|move|p1a: Meowscarada|Sucker Punch|p2a: Weavile
|-start|p1a: Meowscarada|typechange|Dark|[from] ability: Protean
|-resisted|p2a: Weavile
|-damage|p2a: Weavile|65/100
|move|p2a: Weavile|Low Kick|p1a: Meowscarada
|-supereffective|p1a: Meowscarada
|-damage|p1a: Meowscarada|0 fnt
|faint|p1a: Meowscarada
|
|upkeep
|
|t:|1760723918
|switch|p1a: Keldeo|Keldeo-Resolute, tera:Water|77/100
|turn|71
|
|t:|1760723935
|move|p1a: Keldeo|Vacuum Wave|p2a: Weavile
|-supereffective|p2a: Weavile
|-damage|p2a: Weavile|0 fnt
|faint|p2a: Weavile
|
|upkeep
|
|t:|1760723938
|switch|p2a: Alomomola|Alomomola, F|97/100
|-damage|p2a: Alomomola|84/100|[from] Stealth Rock
|turn|72
|
|t:|1760723942
|move|p1a: Keldeo|Surf|p2a: Alomomola
|-resisted|p2a: Alomomola
|-damage|p2a: Alomomola|45/100
|move|p2a: Alomomola|Scald|p1a: Keldeo
|-resisted|p1a: Keldeo
|-damage|p1a: Keldeo|69/100
|
|upkeep
|turn|73
|
|t:|1760723945
|move|p1a: Keldeo|Surf|p2a: Alomomola
|-resisted|p2a: Alomomola
|-damage|p2a: Alomomola|5/100
|move|p2a: Alomomola|Wish|p2a: Alomomola
|
|upkeep
|turn|74
|
|t:|1760723952
|move|p2a: Alomomola|Protect|p2a: Alomomola
|-singleturn|p2a: Alomomola|Protect
|move|p1a: Keldeo|Surf|p2a: Alomomola
|-activate|p2a: Alomomola|move: Protect
|
|-heal|p2a: Alomomola|55/100|[from] move: Wish|[wisher] Alomomola
|upkeep
|turn|75
|
|t:|1760723956
|move|p1a: Keldeo|Surf|p2a: Alomomola
|-resisted|p2a: Alomomola
|-damage|p2a: Alomomola|19/100
|move|p2a: Alomomola|Wish|p2a: Alomomola
|
|upkeep
|turn|76
|
|t:|1760723966
|move|p2a: Alomomola|Protect|p2a: Alomomola
|-singleturn|p2a: Alomomola|Protect
|move|p1a: Keldeo|Vacuum Wave|p2a: Alomomola
|-activate|p2a: Alomomola|move: Protect
|
|-heal|p2a: Alomomola|69/100|[from] move: Wish|[wisher] Alomomola
|upkeep
|turn|77
|
|t:|1760723971
|move|p1a: Keldeo|Surf|p2a: Alomomola
|-resisted|p2a: Alomomola
|-damage|p2a: Alomomola|34/100
|move|p2a: Alomomola|Wish|p2a: Alomomola
|
|upkeep
|turn|78
|
|t:|1760723976
|move|p2a: Alomomola|Protect|p2a: Alomomola
|-singleturn|p2a: Alomomola|Protect
|move|p1a: Keldeo|Surf|p2a: Alomomola
|-activate|p2a: Alomomola|move: Protect
|
|-heal|p2a: Alomomola|84/100|[from] move: Wish|[wisher] Alomomola
|upkeep
|turn|79
|
|t:|1760723980
|move|p1a: Keldeo|Surf|p2a: Alomomola
|-resisted|p2a: Alomomola
|-damage|p2a: Alomomola|47/100
|move|p2a: Alomomola|Wish|p2a: Alomomola
|
|upkeep
|turn|80
|
|t:|1760723987
|move|p1a: Keldeo|Vacuum Wave|p2a: Alomomola
|-damage|p2a: Alomomola|23/100
|move|p2a: Alomomola|Scald|p1a: Keldeo
|-resisted|p1a: Keldeo
|-damage|p1a: Keldeo|61/100
|
|-heal|p2a: Alomomola|73/100|[from] move: Wish|[wisher] Alomomola
|upkeep
|turn|81
|
|t:|1760723996
|move|p2a: Alomomola|Protect|p2a: Alomomola
|-singleturn|p2a: Alomomola|Protect
|move|p1a: Keldeo|Surf|p2a: Alomomola
|-activate|p2a: Alomomola|move: Protect
|
|upkeep
|turn|82
|
|t:|1760724001
|move|p1a: Keldeo|Surf|p2a: Alomomola
|-resisted|p2a: Alomomola
|-damage|p2a: Alomomola|34/100
|move|p2a: Alomomola|Wish|p2a: Alomomola
|
|upkeep
|turn|83
|
|t:|1760724010
|move|p2a: Alomomola|Protect|p2a: Alomomola
|-singleturn|p2a: Alomomola|Protect
|move|p1a: Keldeo|Surf|p2a: Alomomola
|-activate|p2a: Alomomola|move: Protect
|
|-heal|p2a: Alomomola|84/100|[from] move: Wish|[wisher] Alomomola
|upkeep
|turn|84
|
|t:|1760724016
|move|p1a: Keldeo|Surf|p2a: Alomomola
|-resisted|p2a: Alomomola
|-damage|p2a: Alomomola|48/100
|move|p2a: Alomomola|Wish|p2a: Alomomola
|
|upkeep
|turn|85
|
|t:|1760724026
|move|p1a: Keldeo|Vacuum Wave|p2a: Alomomola
|-damage|p2a: Alomomola|22/100
|move|p2a: Alomomola|Flip Turn|p1a: Keldeo
|-resisted|p1a: Keldeo
|-damage|p1a: Keldeo|52/100
|
|-heal|p2a: Alomomola|72/100|[from] move: Wish|[wisher] Alomomola
|upkeep
|turn|86
|
|t:|1760724033
|move|p1a: Keldeo|Vacuum Wave|p2a: Alomomola
|-damage|p2a: Alomomola|47/100
|move|p2a: Alomomola|Wish|p2a: Alomomola
|
|upkeep
|turn|87
|
|t:|1760724045
|move|p1a: Keldeo|Vacuum Wave|p2a: Alomomola
|-damage|p2a: Alomomola|21/100
|move|p2a: Alomomola|Scald|p1a: Keldeo
|-resisted|p1a: Keldeo
|-damage|p1a: Keldeo|44/100
|-status|p1a: Keldeo|brn
|
|-heal|p2a: Alomomola|71/100|[from] move: Wish|[wisher] Alomomola
|-damage|p1a: Keldeo|38/100 brn|[from] brn
|upkeep
|turn|88
|
|t:|1760724053
|move|p2a: Alomomola|Protect|p2a: Alomomola
|-singleturn|p2a: Alomomola|Protect
|move|p1a: Keldeo|Surf|p2a: Alomomola
|-activate|p2a: Alomomola|move: Protect
|
|-damage|p1a: Keldeo|32/100 brn|[from] brn
|upkeep
|turn|89
|
|t:|1760724059
|move|p1a: Keldeo|Surf|p2a: Alomomola
|-resisted|p2a: Alomomola
|-damage|p2a: Alomomola|33/100
|move|p2a: Alomomola|Wish|p2a: Alomomola
|
|-damage|p1a: Keldeo|26/100 brn|[from] brn
|upkeep
|turn|90
|
|t:|1760724068
|move|p2a: Alomomola|Protect|p2a: Alomomola
|-singleturn|p2a: Alomomola|Protect
|move|p1a: Keldeo|Vacuum Wave|p2a: Alomomola
|-activate|p2a: Alomomola|move: Protect
|
|-heal|p2a: Alomomola|83/100|[from] move: Wish|[wisher] Alomomola
|-damage|p1a: Keldeo|20/100 brn|[from] brn
|upkeep
|turn|91
|
|t:|1760724071
|move|p1a: Keldeo|Surf|p2a: Alomomola
|-resisted|p2a: Alomomola
|-damage|p2a: Alomomola|44/100
|move|p2a: Alomomola|Wish|p2a: Alomomola
|
|-damage|p1a: Keldeo|14/100 brn|[from] brn
|upkeep
|turn|92
|
|t:|1760724075
|move|p2a: Alomomola|Protect|p2a: Alomomola
|-singleturn|p2a: Alomomola|Protect
|move|p1a: Keldeo|Surf|p2a: Alomomola
|-activate|p2a: Alomomola|move: Protect
|
|-heal|p2a: Alomomola|94/100|[from] move: Wish|[wisher] Alomomola
|-damage|p1a: Keldeo|7/100 brn|[from] brn
|upkeep
|turn|93
|
|t:|1760724078
|move|p1a: Keldeo|Surf|p2a: Alomomola
|-resisted|p2a: Alomomola
|-damage|p2a: Alomomola|55/100
|move|p2a: Alomomola|Wish|p2a: Alomomola
|
|-damage|p1a: Keldeo|1/100 brn|[from] brn
|upkeep
|turn|94
|
|t:|1760724081
|move|p2a: Alomomola|Protect|p2a: Alomomola
|-singleturn|p2a: Alomomola|Protect
|move|p1a: Keldeo|Surf|p2a: Alomomola
|-activate|p2a: Alomomola|move: Protect
|
|-heal|p2a: Alomomola|100/100|[from] move: Wish|[wisher] Alomomola
|-damage|p1a: Keldeo|0 fnt|[from] brn
|faint|p1a: Keldeo
|
|win|PikachuStupid90
|raw|Penguinxdd's rating: 1325 &rarr; <strong>1305</strong><br />(-20 for losing)
|raw|PikachuStupid90's rating: 1320 &rarr; <strong>1340</strong><br />(+20 for winning)
|l|☆Penguinxdd
|player|p1|
