|j|☆sabu_emari
|j|☆kebilan
|t:|1760827341
|gametype|singles
|player|p1|sabu_emari|266|1161
|player|p2|kebilan|li|1176
|gen|9
|tier|[Gen 9] OU
|rated|
|rule|HP Percentage Mod: HP is shown in percentages
|rule|Endless Battle Clause: Forcing endless battles is banned
|rule|Species Clause: Limit one of each Pokémon
|rule|OHKO Clause: OHKO moves are banned
|rule|Evasion Items Clause: Evasion items are banned
|rule|Evasion Moves Clause: Evasion moves are banned
|rule|Evasion Abilities Clause: Evasion abilities are banned
|rule|Sleep Moves Clause: Sleep-inducing moves are banned
|clearpoke
|poke|p1|Blaziken, F|
|poke|p1|Lapras, F|
|poke|p1|Landorus-Therian, M|
|poke|p1|Hydrapple, F|
|poke|p1|Oricorio-Sensu, M|
|poke|p1|Metagross|
|poke|p2|Leafeon, M|
|poke|p2|Venusaur, M|
|poke|p2|Ninetales, F|
|poke|p2|Torkoal, M|
|poke|p2|Lilligant-Hisui, F|
|poke|p2|Walking Wake|
|teampreview
|inactive|Battle timer is ON: inactive players will automatically lose when time's up. (requested by kebilan)
|
|t:|1760827356
|teamsize|p1|6
|teamsize|p2|6
|start
|switch|p1a: Landorus|Landorus-Therian, M|100/100
|switch|p2a: suzi|Ninetales, F, shiny|100/100
|-weather|SunnyDay|[from] ability: Drought|[of] p2a: suzi
|-ability|p1a: Landorus|Intimidate|boost
|-unboost|p2a: suzi|atk|1
|turn|1
|
|t:|1760827365
|move|p2a: suzi|Confuse Ray|p1a: Landorus
|-start|p1a: Landorus|confusion
|-activate|p1a: Landorus|confusion
|move|p1a: Landorus|Stealth Rock|p2a: suzi
|-sidestart|p2: kebilan|move: Stealth Rock
|
|-weather|SunnyDay|[upkeep]
|upkeep
|turn|2
|
|t:|1760827373
|move|p2a: suzi|Will-O-Wisp|p1a: Landorus|[miss]
|-miss|p2a: suzi|p1a: Landorus
|-end|p1a: Landorus|confusion
|move|p1a: Landorus|Earth Power|p2a: suzi
|-supereffective|p2a: suzi
|-damage|p2a: suzi|27/100
|-unboost|p2a: suzi|spd|1
|
|-weather|SunnyDay|[upkeep]
|upkeep
|turn|3
|
|t:|1760827384
|move|p2a: suzi|Will-O-Wisp|p1a: Landorus
|-status|p1a: Landorus|brn
|move|p1a: Landorus|Earth Power|p2a: suzi
|-supereffective|p2a: suzi
|-damage|p2a: suzi|0 fnt
|faint|p2a: suzi
|
|-weather|SunnyDay|[upkeep]
|-damage|p1a: Landorus|94/100 brn|[from] brn
|upkeep
|
|t:|1760827400
|switch|p2a: Saruz|Lilligant-Hisui, F, shiny|100/100
|-damage|p2a: Saruz|94/100|[from] Stealth Rock
|turn|4
|
|t:|1760827406
|move|p2a: Saruz|Victory Dance|p2a: Saruz
|-boost|p2a: Saruz|atk|1
|-boost|p2a: Saruz|def|1
|-boost|p2a: Saruz|spe|1
|move|p1a: Landorus|U-turn|p2a: Saruz
|-damage|p2a: Saruz|83/100
|-enditem|p2a: Saruz|Red Card|[of] p1a: Landorus
|drag|p1a: Hydrapple|Hydrapple, F|100/100
|
|-weather|SunnyDay|[upkeep]
|upkeep
|turn|5
|
|t:|1760827435
|move|p2a: Saruz|Triple Axel|p1a: Hydrapple
|-supereffective|p1a: Hydrapple
|-damage|p1a: Hydrapple|71/100
|-supereffective|p1a: Hydrapple
|-damage|p1a: Hydrapple|14/100
|-supereffective|p1a: Hydrapple
|-damage|p1a: Hydrapple|0 fnt
|faint|p1a: Hydrapple
|-hitcount|p1: Hydrapple|3
|
|-weather|SunnyDay|[upkeep]
|upkeep
|inactive|sabu_emari has 120 seconds left.
|
|t:|1760827446
|switch|p1a: Blaziken|Blaziken, F|100/100
|turn|6
|
|t:|1760827454
|-terastallize|p2a: Saruz|Flying
|move|p2a: Saruz|Victory Dance|p2a: Saruz
|-boost|p2a: Saruz|atk|1
|-boost|p2a: Saruz|def|1
|-boost|p2a: Saruz|spe|1
|move|p1a: Blaziken|Focus Energy|p1a: Blaziken
|-start|p1a: Blaziken|move: Focus Energy
|
|-weather|SunnyDay|[upkeep]
|-ability|p1a: Blaziken|Speed Boost|boost
|-boost|p1a: Blaziken|spe|1
|upkeep
|turn|7
|
|t:|1760827467
|move|p1a: Blaziken|Protect|p1a: Blaziken
|-singleturn|p1a: Blaziken|Protect
|move|p2a: Saruz|Acrobatics|p1a: Blaziken
|-activate|p1a: Blaziken|move: Protect
|
|-weather|SunnyDay|[upkeep]
|-ability|p1a: Blaziken|Speed Boost|boost
|-boost|p1a: Blaziken|spe|1
|upkeep
|turn|8
|
|t:|1760827480
|-terastallize|p1a: Blaziken|Fire
|move|p2a: Saruz|Acrobatics|p1a: Blaziken
|-damage|p1a: Blaziken|0 fnt
|faint|p1a: Blaziken
|
|-weather|none
|upkeep
|
|t:|1760827488
|switch|p1a: Lapras|Lapras, F|100/100
|turn|9
|
|t:|1760827493
|move|p2a: Saruz|Close Combat|p1a: Lapras
|-supereffective|p1a: Lapras
|-damage|p1a: Lapras|0 fnt
|-unboost|p2a: Saruz|def|1
|-unboost|p2a: Saruz|spd|1
|faint|p1a: Lapras
|
|upkeep
|
|t:|1760827507
|switch|p1a: Landorus|Landorus-Therian, M|94/100 brn
|-ability|p1a: Landorus|Intimidate|boost
|-unboost|p2a: Saruz|atk|1
|turn|10
|
|t:|1760827511
|move|p2a: Saruz|Triple Axel|p1a: Landorus
|-supereffective|p1a: Landorus
|-damage|p1a: Landorus|66/100 brn
|-damage|p2a: Saruz|67/100|[from] item: Rocky Helmet|[of] p1a: Landorus
|-supereffective|p1a: Landorus
|-damage|p1a: Landorus|10/100 brn
|-damage|p2a: Saruz|51/100|[from] item: Rocky Helmet|[of] p1a: Landorus
|-supereffective|p1a: Landorus
|-damage|p1a: Landorus|0 fnt
|-damage|p2a: Saruz|34/100|[from] item: Rocky Helmet|[of] p1a: Landorus
|faint|p1a: Landorus
|-hitcount|p1: Landorus|3
|
|upkeep
|
|t:|1760827525
|switch|p1a: Metagross|Metagross|100/100
|turn|11
|
|t:|1760827533
|move|p2a: Saruz|Acrobatics|p1a: Metagross
|-resisted|p1a: Metagross
|-damage|p1a: Metagross|72/100
|move|p1a: Metagross|Psychic Fangs|p2a: Saruz
|-damage|p2a: Saruz|0 fnt
|faint|p2a: Saruz
|
|upkeep
|
|t:|1760827539
|switch|p2a: Sodisg|Torkoal, M|100/100
|-damage|p2a: Sodisg|76/100|[from] Stealth Rock
|-weather|SunnyDay|[from] ability: Drought|[of] p2a: Sodisg
|turn|12
|
|t:|1760827545
|move|p1a: Metagross|Earthquake|p2a: Sodisg
|-supereffective|p2a: Sodisg
|-damage|p2a: Sodisg|21/100
|move|p2a: Sodisg|Overheat|p1a: Metagross
|-supereffective|p1a: Metagross
|-damage|p1a: Metagross|0 fnt
|-unboost|p2a: Sodisg|spa|2
|faint|p1a: Metagross
|
|-weather|SunnyDay|[upkeep]
|upkeep
|
|t:|1760827555
|switch|p1a: Oricorio|Oricorio-Sensu, M|100/100
|turn|13
|
|t:|1760827559
|move|p1a: Oricorio|Quiver Dance|p1a: Oricorio
|-boost|p1a: Oricorio|spa|1
|-boost|p1a: Oricorio|spd|1
|-boost|p1a: Oricorio|spe|1
|move|p2a: Sodisg|Clear Smog|p1a: Oricorio
|-resisted|p1a: Oricorio
|-damage|p1a: Oricorio|97/100
|-clearboost|p1a: Oricorio
|
|-weather|SunnyDay|[upkeep]
|upkeep
|turn|14
|
|t:|1760827573
|move|p1a: Oricorio|Quiver Dance|p1a: Oricorio
|-boost|p1a: Oricorio|spa|1
|-boost|p1a: Oricorio|spd|1
|-boost|p1a: Oricorio|spe|1
|move|p2a: Sodisg|Overheat|p1a: Oricorio
|-damage|p1a: Oricorio|58/100
|-unboost|p2a: Sodisg|spa|2
|
|-weather|SunnyDay|[upkeep]
|upkeep
|turn|15
|
|t:|1760827583
|move|p1a: Oricorio|Revelation Dance|p2a: Sodisg
|-damage|p2a: Sodisg|0 fnt
|faint|p2a: Sodisg
|
|-weather|SunnyDay|[upkeep]
|upkeep
|
|t:|1760827586
|switch|p2a: sinzi|Venusaur, M, shiny|100/100
|-damage|p2a: sinzi|88/100|[from] Stealth Rock
|turn|16
|
|t:|1760827594
|move|p2a: sinzi|Knock Off|p1a: Oricorio
|-supereffective|p1a: Oricorio
|-damage|p1a: Oricorio|23/100
|-enditem|p1a: Oricorio|Heavy-Duty Boots|[from] move: Knock Off|[of] p2a: sinzi
|move|p1a: Oricorio|Quiver Dance|p1a: Oricorio
|-boost|p1a: Oricorio|spa|1
|-boost|p1a: Oricorio|spd|1
|-boost|p1a: Oricorio|spe|1
|
|-weather|SunnyDay|[upkeep]
|-heal|p2a: sinzi|94/100|[from] item: Leftovers
|upkeep
|turn|17
|
|t:|1760827606
|move|p2a: sinzi|Leech Seed|p1a: Oricorio
|-start|p1a: Oricorio|move: Leech Seed
|move|p1a: Oricorio|Hurricane|p2a: sinzi
|-supereffective|p2a: sinzi
|-damage|p2a: sinzi|0 fnt
|faint|p2a: sinzi
|
|-weather|SunnyDay|[upkeep]
|upkeep
|
|t:|1760827612
|switch|p2a: suz|Leafeon, M, shiny|100/100
|-damage|p2a: suz|88/100|[from] Stealth Rock
|turn|18
|
|t:|1760827617
|move|p2a: suz|Knock Off|p1a: Oricorio
|-supereffective|p1a: Oricorio
|-damage|p1a: Oricorio|0 fnt
|faint|p1a: Oricorio
|
|win|kebilan
|raw|sabu_emari's rating: 1161 &rarr; <strong>1137</strong><br />(-24 for losing)
|raw|kebilan's rating: 1176 &rarr; <strong>1200</strong><br />(+24 for winning)
|l|☆kebilan
|player|p2|
|l|☆sabu_emari
|player|p1|
