|j|☆wodhdidbh
|j|☆shellymon1c
|t:|1760797513
|gametype|singles
|player|p1|wodhdidbh|cynthia|1267
|player|p2|shellymon1c|sonia|1244
|gen|9
|tier|[Gen 9] OU
|rated|
|rule|HP Percentage Mod: HP is shown in percentages
|rule|Endless Battle Clause: Forcing endless battles is banned
|rule|Species Clause: Limit one of each Pokémon
|rule|OHKO Clause: OHKO moves are banned
|rule|Evasion Items Clause: Evasion items are banned
|rule|Evasion Moves Clause: Evasion moves are banned
|rule|Evasion Abilities Clause: Evasion abilities are banned
|rule|Sleep Moves Clause: Sleep-inducing moves are banned
|clearpoke
|poke|p1|Great Tusk|
|poke|p1|Torkoal, M|
|poke|p1|Hatterene, F|
|poke|p1|Walking Wake|
|poke|p1|Raging Bolt|
|poke|p1|Landorus-Therian, M|
|poke|p2|Pelipper, M|
|poke|p2|Beartic, F|
|poke|p2|Barraskewda, F|
|poke|p2|Ogerpon-Wellspring, F|
|poke|p2|Zapdos|
|poke|p2|Hatterene, F|
|teampreview
|
|t:|1760797530
|teamsize|p1|6
|teamsize|p2|6
|start
|switch|p1a: Torkoal|Torkoal, M|100/100
|switch|p2a: Barraskewda|Barraskewda, F|100/100
|-weather|SunnyDay|[from] ability: Drought|[of] p1a: Torkoal
|turn|1
|
|t:|1760797545
|move|p2a: Barraskewda|Flip Turn|p1a: Torkoal
|-supereffective|p1a: Torkoal
|-damage|p1a: Torkoal|70/100
|
|t:|1760797551
|switch|p2a: Pelipper|Pelipper, M|100/100|[from] Flip Turn
|-weather|RainDance|[from] ability: Drizzle|[of] p2a: Pelipper
|move|p1a: Torkoal|Stealth Rock|p2a: Pelipper
|-sidestart|p2: shellymon1c|move: Stealth Rock
|
|-weather|RainDance|[upkeep]
|upkeep
|turn|2
|
|t:|1760797571
|switch|p1a: Walking Wake|Walking Wake|100/100
|move|p2a: Pelipper|U-turn|p1a: Walking Wake
|-damage|p1a: Walking Wake|90/100
|
|t:|1760797577
|switch|p2a: Hatterene|Hatterene, F|100/100|[from] U-turn
|-damage|p2a: Hatterene|88/100|[from] Stealth Rock
|
|-weather|RainDance|[upkeep]
|upkeep
|turn|3
|
|t:|1760797585
|-terastallize|p1a: Walking Wake|Water
|move|p1a: Walking Wake|Hydro Steam|p2a: Hatterene
|-damage|p2a: Hatterene|0 fnt
|faint|p2a: Hatterene
|
|-weather|RainDance|[upkeep]
|upkeep
|
|t:|1760797590
|switch|p2a: Ogerpon|Ogerpon-Wellspring, F|100/100
|-damage|p2a: Ogerpon|88/100|[from] Stealth Rock
|turn|4
|
|t:|1760797599
|-end|p1a: Walking Wake|Protosynthesis|[silent]
|switch|p1a: Landorus|Landorus-Therian, M|100/100
|-ability|p1a: Landorus|Intimidate|boost
|-unboost|p2a: Ogerpon|atk|1
|move|p2a: Ogerpon|Ivy Cudgel|p1a: Landorus|[anim] Ivy Cudgel Water
|-supereffective|p1a: Landorus
|-damage|p1a: Landorus|0 fnt
|faint|p1a: Landorus
|
|-weather|RainDance|[upkeep]
|upkeep
|
|t:|1760797609
|switch|p1a: Torkoal|Torkoal, M|70/100
|-weather|SunnyDay|[from] ability: Drought|[of] p1a: Torkoal
|turn|5
|
|t:|1760797616
|switch|p2a: Pelipper|Pelipper, M|100/100
|-damage|p2a: Pelipper|75/100|[from] Stealth Rock
|-weather|RainDance|[from] ability: Drizzle|[of] p2a: Pelipper
|switch|p1a: Walking Wake|Walking Wake, tera:Water|90/100
|
|-weather|RainDance|[upkeep]
|upkeep
|turn|6
|
|t:|1760797633
|move|p1a: Walking Wake|Draco Meteor|p2a: Pelipper
|-damage|p2a: Pelipper|0 fnt
|-unboost|p1a: Walking Wake|spa|2
|faint|p2a: Pelipper
|
|-weather|RainDance|[upkeep]
|upkeep
|
|t:|1760797635
|switch|p2a: Beartic|Beartic, F|100/100
|-damage|p2a: Beartic|76/100|[from] Stealth Rock
|turn|7
|
|t:|1760797647
|-end|p1a: Walking Wake|Protosynthesis|[silent]
|switch|p1a: Torkoal|Torkoal, M|70/100
|-weather|SunnyDay|[from] ability: Drought|[of] p1a: Torkoal
|move|p2a: Beartic|Substitute|p2a: Beartic
|-start|p2a: Beartic|Substitute
|-damage|p2a: Beartic|51/100
|
|-weather|SunnyDay|[upkeep]
|upkeep
|turn|8
|
|t:|1760797656
|move|p2a: Beartic|Swords Dance|p2a: Beartic
|-boost|p2a: Beartic|atk|2
|move|p1a: Torkoal|Weather Ball|p2a: Beartic
|-supereffective|p2a: Beartic
|-end|p2a: Beartic|Substitute
|
|-weather|SunnyDay|[upkeep]
|upkeep
|turn|9
|
|t:|1760797664
|move|p2a: Beartic|Close Combat|p1a: Torkoal
|-damage|p1a: Torkoal|2/100
|-unboost|p2a: Beartic|def|1
|-unboost|p2a: Beartic|spd|1
|move|p1a: Torkoal|Weather Ball|p2a: Beartic
|-supereffective|p2a: Beartic
|-damage|p2a: Beartic|0 fnt
|faint|p2a: Beartic
|
|-weather|SunnyDay|[upkeep]
|upkeep
|
|t:|1760797675
|switch|p2a: Barraskewda|Barraskewda, F|100/100
|-damage|p2a: Barraskewda|88/100|[from] Stealth Rock
|turn|10
|
|t:|1760797678
|move|p2a: Barraskewda|Flip Turn|p1a: Torkoal
|-supereffective|p1a: Torkoal
|-damage|p1a: Torkoal|0 fnt
|faint|p1a: Torkoal
|
|t:|1760797682
|switch|p2a: Zapdos|Zapdos|100/100|[from] Flip Turn
|-damage|p2a: Zapdos|76/100|[from] Stealth Rock
|
|-weather|SunnyDay|[upkeep]
|upkeep
|
|t:|1760797695
|switch|p1a: Great Tusk|Great Tusk|100/100
|-activate|p1a: Great Tusk|ability: Protosynthesis
|-start|p1a: Great Tusk|protosynthesisatk
|turn|11
|
|t:|1760797706
|move|p1a: Great Tusk|Stone Edge|p2a: Zapdos
|-supereffective|p2a: Zapdos
|-damage|p2a: Zapdos|0 fnt
|faint|p2a: Zapdos
|
|-weather|SunnyDay|[upkeep]
|upkeep
|
|t:|1760797722
|switch|p2a: Ogerpon|Ogerpon-Wellspring, F|88/100
|-damage|p2a: Ogerpon|76/100|[from] Stealth Rock
|turn|12
|
|t:|1760797727
|move|p1a: Great Tusk|Stone Edge|p2a: Ogerpon
|-damage|p2a: Ogerpon|9/100
|move|p2a: Ogerpon|Power Whip|p1a: Great Tusk
|-supereffective|p1a: Great Tusk
|-damage|p1a: Great Tusk|0 fnt
|faint|p1a: Great Tusk
|-end|p1a: Great Tusk|Protosynthesis|[silent]
|
|-weather|SunnyDay|[upkeep]
|upkeep
|
|t:|1760797736
|switch|p1a: Walking Wake|Walking Wake, tera:Water|90/100
|-activate|p1a: Walking Wake|ability: Protosynthesis
|-start|p1a: Walking Wake|protosynthesisspa
|turn|13
|
|t:|1760797744
|move|p2a: Ogerpon|Power Whip|p1a: Walking Wake
|-supereffective|p1a: Walking Wake
|-damage|p1a: Walking Wake|0 fnt
|faint|p1a: Walking Wake
|-end|p1a: Walking Wake|Protosynthesis|[silent]
|
|-weather|SunnyDay|[upkeep]
|upkeep
|
|t:|1760797750
|switch|p1a: Raging Bolt|Raging Bolt|100/100
|-activate|p1a: Raging Bolt|ability: Protosynthesis
|-start|p1a: Raging Bolt|protosynthesisspa
|turn|14
|
|t:|1760797761
|move|p1a: Raging Bolt|Thunderclap||[still]
|-fail|p1a: Raging Bolt
|move|p2a: Ogerpon|Encore|p1a: Raging Bolt
|-start|p1a: Raging Bolt|Encore
|
|-weather|none
|-end|p1a: Raging Bolt|Protosynthesis
|upkeep
|turn|15
|
|t:|1760797773
|move|p1a: Raging Bolt|Thunderclap||[still]
|-fail|p1a: Raging Bolt
|move|p2a: Ogerpon|Encore||[still]
|-fail|p2a: Ogerpon
|
|upkeep
|turn|16
|
|t:|1760797780
|-end|p1a: Raging Bolt|Protosynthesis|[silent]
|switch|p1a: Hatterene|Hatterene, F|100/100
|move|p2a: Ogerpon|Encore|p1a: Hatterene
|move|p1a: Hatterene|Encore||[from] ability: Magic Bounce|[still]
|-fail|p1a: Hatterene
|
|upkeep
|turn|17
|
|t:|1760797806
|-terastallize|p2a: Ogerpon|Water
|detailschange|p2a: Ogerpon|Ogerpon-Wellspring-Tera, F, tera:Water
|-ability|p2a: Ogerpon|Embody Aspect (Wellspring)|boost
|-boost|p2a: Ogerpon|spd|1
|move|p2a: Ogerpon|Ivy Cudgel|p1a: Hatterene|[anim] Ivy Cudgel Water
|-damage|p1a: Hatterene|13/100
|move|p1a: Hatterene|Trick Room|p1a: Hatterene
|-fieldstart|move: Trick Room|[of] p1a: Hatterene
|
|-heal|p1a: Hatterene|19/100|[from] item: Leftovers
|upkeep
|turn|18
|
|t:|1760797824
|move|p1a: Hatterene|Dazzling Gleam|p2a: Ogerpon
|-damage|p2a: Ogerpon|0 fnt
|faint|p2a: Ogerpon
|detailschange|p2: Ogerpon|Ogerpon-Wellspring, F|[silent]
|
|-heal|p1a: Hatterene|25/100|[from] item: Leftovers
|upkeep
|
|t:|1760797826
|switch|p2a: Barraskewda|Barraskewda, F|88/100
|-damage|p2a: Barraskewda|76/100|[from] Stealth Rock
|turn|19
|-message|shellymon1c forfeited.
|
|win|wodhdidbh
|raw|wodhdidbh's rating: 1267 &rarr; <strong>1290</strong><br />(+23 for winning)
|raw|shellymon1c's rating: 1244 &rarr; <strong>1221</strong><br />(-23 for losing)
|l|☆shellymon1c
|player|p2|
|l|☆wodhdidbh
|player|p1|
