|j|☆Fhantazy
|j|☆Noobula
|t:|1760720219
|gametype|singles
|player|p1|Fhantazy|morty-masters|1399
|player|p2|Noobula|169|1451
|gen|9
|tier|[Gen 9] OU
|rated|
|rule|HP Percentage Mod: HP is shown in percentages
|rule|Endless Battle Clause: Forcing endless battles is banned
|rule|Species Clause: Limit one of each Pokémon
|rule|OHKO Clause: OHKO moves are banned
|rule|Evasion Items Clause: Evasion items are banned
|rule|Evasion Moves Clause: Evasion moves are banned
|rule|Evasion Abilities Clause: Evasion abilities are banned
|rule|Sleep Moves Clause: Sleep-inducing moves are banned
|clearpoke
|poke|p1|Ogerpon, F|
|poke|p1|Lycanroc, F|
|poke|p1|Decidueye-Hisui, F|
|poke|p1|Braviary-Hisui, M|
|poke|p1|Inteleon, M|
|poke|p1|Blaziken, F|
|poke|p2|Greninja-*, M|
|poke|p2|Scizor, M|
|poke|p2|Ogerpon-Wellspring, F|
|poke|p2|Tornadus-Therian, M|
|poke|p2|Grimmsnarl, M|
|poke|p2|Slowking-Galar, M|
|teampreview
|c|☆Noobula|V cool team
|inactive|Battle timer is ON: inactive players will automatically lose when time's up. (requested by Noobula)
|
|t:|1760720260
|teamsize|p1|6
|teamsize|p2|6
|start
|switch|p1a: Lycanroc|Lycanroc, F|100/100
|switch|p2a: Tornadus|Tornadus-Therian, M|100/100
|turn|1
|
|t:|1760720268
|move|p2a: Tornadus|U-turn|p1a: Lycanroc
|-damage|p1a: Lycanroc|77/100
|
|t:|1760720271
|switch|p2a: Scizor|Scizor, M|100/100|[from] U-turn
|move|p1a: Lycanroc|Stone Edge|p2a: Scizor
|-damage|p2a: Scizor|49/100
|
|upkeep
|turn|2
|
|t:|1760720289
|switch|p1a: Inteleon|Inteleon, M|100/100
|move|p2a: Scizor|Bullet Punch|p1a: Inteleon
|-resisted|p1a: Inteleon
|-damage|p1a: Inteleon|71/100
|
|upkeep
|turn|3
|
|t:|1760720296
|switch|p2a: Slowking|Slowking-Galar, M|100/100
|move|p1a: Inteleon|U-turn|p2a: Slowking
|-damage|p2a: Slowking|90/100
|
|t:|1760720319
|switch|p1a: Lycanroc|Lycanroc, F|77/100|[from] U-turn
|
|upkeep
|turn|4
|
|t:|1760720325
|move|p1a: Lycanroc|Stone Edge|p2a: Slowking
|-crit|p2a: Slowking
|-damage|p2a: Slowking|29/100
|move|p2a: Slowking|Chilling Water|p1a: Lycanroc
|-supereffective|p1a: Lycanroc
|-damage|p1a: Lycanroc|36/100
|-unboost|p1a: Lycanroc|atk|1
|
|upkeep
|turn|5
|
|t:|1760720335
|switch|p2a: Grimmsnarl|Grimmsnarl, M|100/100
|move|p1a: Lycanroc|Stone Edge|p2a: Grimmsnarl
|-crit|p2a: Grimmsnarl
|-damage|p2a: Grimmsnarl|11/100
|
|upkeep
|turn|6
|
|t:|1760720341
|move|p1a: Lycanroc|Accelerock|p2a: Grimmsnarl
|-damage|p2a: Grimmsnarl|0 fnt
|faint|p2a: Grimmsnarl
|
|upkeep
|
|t:|1760720348
|switch|p2a: Scizor|Scizor, M|49/100
|turn|7
|
|t:|1760720357
|switch|p1a: Inteleon|Inteleon, M|71/100
|move|p2a: Scizor|U-turn|p1a: Inteleon
|-damage|p1a: Inteleon|0 fnt
|faint|p1a: Inteleon
|
|t:|1760720362
|switch|p2a: Slowking|Slowking-Galar, M|63/100|[from] U-turn
|
|upkeep
|
|t:|1760720376
|switch|p1a: Ogerpon|Ogerpon, F|100/100
|turn|8
|
|t:|1760720386
|switch|p2a: Tornadus|Tornadus-Therian, M|100/100
|move|p1a: Ogerpon|Knock Off|p2a: Tornadus
|-crit|p2a: Tornadus
|-damage|p2a: Tornadus|51/100
|-enditem|p2a: Tornadus|Assault Vest|[from] move: Knock Off|[of] p1a: Ogerpon
|
|upkeep
|turn|9
|c|☆Noobula|You and  crits today
|inactive|Noobula has 120 seconds left.
|
|t:|1760720417
|switch|p1a: Braviary|Braviary-Hisui, M|100/100
|move|p2a: Tornadus|U-turn|p1a: Braviary
|-damage|p1a: Braviary|83/100
|
|t:|1760720422
|switch|p2a: Greninja|Greninja, M|100/100|[from] U-turn
|
|upkeep
|turn|10
|
|t:|1760720426
|switch|p1a: Decidueye|Decidueye-Hisui, F|100/100
|move|p2a: Greninja|U-turn|p1a: Decidueye
|-damage|p1a: Decidueye|77/100
|-damage|p2a: Greninja|91/100|[from] item: Life Orb
|
|t:|1760720433
|switch|p2a: Tornadus|Tornadus-Therian, M|84/100|[from] U-turn
|
|upkeep
|turn|11
|
|t:|1760720441
|switch|p1a: Braviary|Braviary-Hisui, M|83/100
|move|p2a: Tornadus|Bleakwind Storm|p1a: Braviary
|-damage|p1a: Braviary|35/100
|
|upkeep
|turn|12
|
|t:|1760720447
|move|p2a: Tornadus|Bleakwind Storm|p1a: Braviary
|-damage|p1a: Braviary|0 fnt
|faint|p1a: Braviary
|
|upkeep
|
|t:|1760720450
|switch|p1a: Lycanroc|Lycanroc, F|36/100
|turn|13
|
|t:|1760720454
|move|p2a: Tornadus|U-turn|p1a: Lycanroc
|-damage|p1a: Lycanroc|12/100
|
|t:|1760720460
|switch|p2a: Scizor|Scizor, M|49/100|[from] U-turn
|move|p1a: Lycanroc|Stone Edge|p2a: Scizor
|-damage|p2a: Scizor|3/100
|
|upkeep
|turn|14
|
|t:|1760720469
|move|p1a: Lycanroc|Accelerock|p2a: Scizor
|-damage|p2a: Scizor|0 fnt
|faint|p2a: Scizor
|
|upkeep
|
|t:|1760720473
|switch|p2a: Greninja|Greninja, M|91/100
|turn|15
|
|t:|1760720477
|move|p2a: Greninja|Water Shuriken|p1a: Lycanroc
|-supereffective|p1a: Lycanroc
|-damage|p1a: Lycanroc|0 fnt
|faint|p1a: Lycanroc
|-ability|p2a: Greninja|Battle Bond|boost
|-boost|p2a: Greninja|atk|1
|-boost|p2a: Greninja|spa|1
|-boost|p2a: Greninja|spe|1
|-activate|p2a: Greninja|ability: Battle Bond
|-hitcount|p1: Lycanroc|1
|-damage|p2a: Greninja|81/100|[from] item: Life Orb
|
|upkeep
|
|t:|1760720480
|switch|p1a: Decidueye|Decidueye-Hisui, F|77/100
|turn|16
|
|t:|1760720496
|move|p2a: Greninja|Surf|p1a: Decidueye
|-resisted|p1a: Decidueye
|-damage|p1a: Decidueye|32/100
|-damage|p2a: Greninja|71/100|[from] item: Life Orb
|move|p1a: Decidueye|Triple Arrows|p2a: Greninja
|-supereffective|p2a: Greninja
|-crit|p2a: Greninja
|-damage|p2a: Greninja|0 fnt
|faint|p2a: Greninja
|
|upkeep
|
|t:|1760720505
|switch|p2a: Ogerpon|Ogerpon-Wellspring, F|100/100
|turn|17
|
|t:|1760720509
|move|p1a: Decidueye|Sucker Punch|p2a: Ogerpon
|-damage|p2a: Ogerpon|66/100
|move|p2a: Ogerpon|Play Rough|p1a: Decidueye
|-supereffective|p1a: Decidueye
|-damage|p1a: Decidueye|0 fnt
|faint|p1a: Decidueye
|
|upkeep
|
|t:|1760720515
|switch|p1a: Ogerpon|Ogerpon, F|100/100
|turn|18
|
|t:|1760720518
|switch|p2a: Slowking|Slowking-Galar, M|96/100
|move|p1a: Ogerpon|Swords Dance|p1a: Ogerpon
|-boost|p1a: Ogerpon|atk|2
|
|upkeep
|turn|19
|
|t:|1760720533
|-terastallize|p2a: Slowking|Bug
|move|p1a: Ogerpon|Knock Off|p2a: Slowking
|-damage|p2a: Slowking|47/100
|-enditem|p2a: Slowking|Heavy-Duty Boots|[from] move: Knock Off|[of] p1a: Ogerpon
|move|p2a: Slowking|Chilling Water|p1a: Ogerpon
|-resisted|p1a: Ogerpon
|-damage|p1a: Ogerpon|94/100
|-unboost|p1a: Ogerpon|atk|1
|-ability|p1a: Ogerpon|Defiant|boost
|-boost|p1a: Ogerpon|atk|2
|
|upkeep
|turn|20
|
|t:|1760720544
|move|p1a: Ogerpon|Ivy Cudgel|p2a: Slowking
|-resisted|p2a: Slowking
|-damage|p2a: Slowking|0 fnt
|faint|p2a: Slowking
|
|upkeep
|
|t:|1760720547
|switch|p2a: Tornadus|Tornadus-Therian, M|100/100
|turn|21
|
|t:|1760720552
|-terastallize|p1a: Ogerpon|Grass
|detailschange|p1a: Ogerpon|Ogerpon-Teal-Tera, F, tera:Grass
|-ability|p1a: Ogerpon|Embody Aspect (Teal)|boost
|-boost|p1a: Ogerpon|spe|1
|move|p1a: Ogerpon|Ivy Cudgel|p2a: Tornadus
|-resisted|p2a: Tornadus
|-damage|p2a: Tornadus|11/100
|move|p2a: Tornadus|Bleakwind Storm|p1a: Ogerpon
|-supereffective|p1a: Ogerpon
|-damage|p1a: Ogerpon|4/100
|-unboost|p1a: Ogerpon|spe|1
|
|upkeep
|turn|22
|
|t:|1760720562
|move|p2a: Tornadus|Icy Wind|p1a: Ogerpon
|-supereffective|p1a: Ogerpon
|-damage|p1a: Ogerpon|0 fnt
|faint|p1a: Ogerpon
|detailschange|p1: Ogerpon|Ogerpon, F|[silent]
|
|upkeep
|
|t:|1760720564
|switch|p1a: Blaziken|Blaziken, F|100/100
|turn|23
|
|t:|1760720572
|move|p1a: Blaziken|Protect|p1a: Blaziken
|-singleturn|p1a: Blaziken|Protect
|move|p2a: Tornadus|Icy Wind|p1a: Blaziken
|-activate|p1a: Blaziken|move: Protect
|
|-ability|p1a: Blaziken|Speed Boost|boost
|-boost|p1a: Blaziken|spe|1
|upkeep
|turn|24
|
|t:|1760720576
|move|p1a: Blaziken|Blaze Kick|p2a: Tornadus
|-crit|p2a: Tornadus
|-damage|p2a: Tornadus|0 fnt
|faint|p2a: Tornadus
|
|-ability|p1a: Blaziken|Speed Boost|boost
|-boost|p1a: Blaziken|spe|1
|upkeep
|
|t:|1760720578
|switch|p2a: Ogerpon|Ogerpon-Wellspring, F|66/100
|turn|25
|
|t:|1760720584
|move|p1a: Blaziken|Close Combat|p2a: Ogerpon
|-damage|p2a: Ogerpon|0 fnt
|-unboost|p1a: Blaziken|def|1
|-unboost|p1a: Blaziken|spd|1
|faint|p2a: Ogerpon
|
|win|Fhantazy
|raw|Fhantazy's rating: 1399 &rarr; <strong>1422</strong><br />(+23 for winning)
|raw|Noobula's rating: 1451 &rarr; <strong>1428</strong><br />(-23 for losing)
|l|☆Fhantazy
|player|p1|
|l|☆Noobula
|player|p2|
