|j|☆Nxp Nxp
|j|☆Shaymas
|t:|1760778713
|gametype|singles
|player|p1|Nxp Nxp|roxie-masters|1420
|player|p2|Shaymas|rancher|1446
|gen|9
|tier|[Gen 9] OU
|rated|
|rule|HP Percentage Mod: HP is shown in percentages
|rule|Endless Battle Clause: Forcing endless battles is banned
|rule|Species Clause: Limit one of each Pokémon
|rule|OHKO Clause: OHKO moves are banned
|rule|Evasion Items Clause: Evasion items are banned
|rule|Evasion Moves Clause: Evasion moves are banned
|rule|Evasion Abilities Clause: Evasion abilities are banned
|rule|Sleep Moves Clause: Sleep-inducing moves are banned
|clearpoke
|poke|p1|Gholdengo|
|poke|p1|Zamazenta-*|
|poke|p1|Ting-Lu|
|poke|p1|Clefable, F|
|poke|p1|Dragonite, M|
|poke|p1|Deoxys-Speed|
|poke|p2|Chansey, F|
|poke|p2|Cinderace, M|
|poke|p2|Dragapult, M|
|poke|p2|Corviknight, M|
|poke|p2|Primarina, F|
|poke|p2|Ursaluna, M|
|teampreview
|inactive|Battle timer is ON: inactive players will automatically lose when time's up. (requested by Nxp Nxp)
|
|t:|1760778730
|teamsize|p1|6
|teamsize|p2|6
|start
|switch|p1a: Clefable|Clefable, F|100/100
|switch|p2a: Ru Paul|Primarina, F, shiny|100/100
|turn|1
|
|t:|1760778736
|move|p2a: Ru Paul|Psychic Noise|p1a: Clefable
|-damage|p1a: Clefable|63/100
|-start|p1a: Clefable|move: Heal Block
|move|p1a: Clefable|Stealth Rock|p2a: Ru Paul
|-sidestart|p2: Shaymas|move: Stealth Rock
|
|upkeep
|turn|2
|j| Jinghan Yu
|l| Jinghan Yu
|inactive|Nxp Nxp has 120 seconds left.
|inactive|Nxp Nxp has 90 seconds left.
|
|t:|1760778797
|switch|p1a: Gholdengo|Gholdengo|100/100
|move|p2a: Ru Paul|Encore|p1a: Gholdengo
|-immune|p1a: Gholdengo|[from] ability: Good as Gold
|
|upkeep
|turn|3
|
|t:|1760778804
|move|p1a: Gholdengo|Nasty Plot|p1a: Gholdengo
|-boost|p1a: Gholdengo|spa|2
|move|p2a: Ru Paul|Psychic Noise|p1a: Gholdengo
|-damage|p1a: Gholdengo|59/100
|-start|p1a: Gholdengo|move: Heal Block
|
|upkeep
|turn|4
|
|t:|1760778810
|switch|p2a: Green Eggs and Ham|Chansey, F, shiny|100/100
|-damage|p2a: Green Eggs and Ham|88/100|[from] Stealth Rock
|move|p1a: Gholdengo|Make It Rain|p2a: Green Eggs and Ham
|-damage|p2a: Green Eggs and Ham|61/100
|-unboost|p1a: Gholdengo|spa|1
|
|-end|p1a: Gholdengo|move: Heal Block
|upkeep
|turn|5
|
|t:|1760778815
|move|p1a: Gholdengo|Recover|p1a: Gholdengo
|-heal|p1a: Gholdengo|100/100
|move|p2a: Green Eggs and Ham|Soft-Boiled|p2a: Green Eggs and Ham
|-heal|p2a: Green Eggs and Ham|100/100
|
|upkeep
|turn|6
|
|t:|1760778820
|switch|p1a: Clefable|Clefable, F|63/100
|move|p2a: Green Eggs and Ham|Shadow Ball|p1a: Clefable
|-damage|p1a: Clefable|55/100
|
|upkeep
|turn|7
|
|t:|1760778828
|switch|p2a: Ru Paul|Primarina, F, shiny|100/100
|-damage|p2a: Ru Paul|88/100|[from] Stealth Rock
|move|p1a: Clefable|Moonlight|p1a: Clefable
|-heal|p1a: Clefable|100/100
|
|-heal|p2a: Ru Paul|94/100|[from] item: Leftovers
|upkeep
|turn|8
|
|t:|1760778833
|move|p2a: Ru Paul|Psychic Noise|p1a: Clefable
|-damage|p1a: Clefable|61/100
|-start|p1a: Clefable|move: Heal Block
|move|p1a: Clefable|Knock Off|p2a: Ru Paul
|-resisted|p2a: Ru Paul
|-crit|p2a: Ru Paul
|-damage|p2a: Ru Paul|79/100
|-enditem|p2a: Ru Paul|Leftovers|[from] move: Knock Off|[of] p1a: Clefable
|
|upkeep
|turn|9
|l|☆Nxp Nxp
|inactive|Nxp Nxp disconnected and has a minute to reconnect!
|player|p1|
|j|☆Nxp Nxp
|inactive|Nxp Nxp reconnected and has 120 seconds left.
|player|p1|Nxp Nxp|roxie-masters|
|
|t:|1760778873
|switch|p1a: Dragonite|Dragonite, M|100/100
|move|p2a: Ru Paul|Psychic Noise|p1a: Dragonite
|-resisted|p1a: Dragonite
|-damage|p1a: Dragonite|91/100
|-start|p1a: Dragonite|move: Heal Block
|
|upkeep
|turn|10
|inactive|Nxp Nxp has 120 seconds left.
|
|t:|1760778880
|move|p1a: Dragonite|Earthquake|p2a: Ru Paul
|-crit|p2a: Ru Paul
|-damage|p2a: Ru Paul|2/100
|move|p2a: Ru Paul|Moonblast|p1a: Dragonite
|-supereffective|p1a: Dragonite
|-damage|p1a: Dragonite|0 fnt
|faint|p1a: Dragonite
|
|upkeep
|inactive|Nxp Nxp has 120 seconds left.
|
|t:|1760778914
|switch|p1a: Deoxys|Deoxys-Speed|100/100
|-ability|p1a: Deoxys|Pressure
|turn|11
|
|t:|1760778920
|move|p1a: Deoxys|Knock Off|p2a: Ru Paul
|-resisted|p2a: Ru Paul
|-damage|p2a: Ru Paul|0 fnt
|faint|p2a: Ru Paul
|
|upkeep
|
|t:|1760778929
|switch|p2a: Freddie Kane|Cinderace, M|100/100
|turn|12
|
|t:|1760778939
|switch|p1a: Clefable|Clefable, F|61/100
|move|p2a: Freddie Kane|Pyro Ball|p1a: Clefable
|-damage|p1a: Clefable|15/100
|
|upkeep
|turn|13
|inactive|Nxp Nxp has 120 seconds left.
|
|t:|1760778951
|switch|p1a: Ting-Lu|Ting-Lu|100/100
|-ability|p1a: Ting-Lu|Vessel of Ruin
|move|p2a: Freddie Kane|Pyro Ball|p1a: Ting-Lu
|-damage|p1a: Ting-Lu|67/100
|
|-heal|p1a: Ting-Lu|73/100|[from] item: Leftovers
|upkeep
|turn|14
|
|t:|1760778957
|move|p2a: Freddie Kane|Will-O-Wisp|p1a: Ting-Lu
|-status|p1a: Ting-Lu|brn
|move|p1a: Ting-Lu|Spikes|p2a: Freddie Kane
|-sidestart|p2: Shaymas|Spikes
|
|-heal|p1a: Ting-Lu|79/100 brn|[from] item: Leftovers
|-damage|p1a: Ting-Lu|73/100 brn|[from] brn
|upkeep
|turn|15
|
|t:|1760778964
|move|p2a: Freddie Kane|Court Change|p2a: Freddie Kane
|-start|p2a: Freddie Kane|typechange|Normal|[from] ability: Libero
|-swapsideconditions
|-activate|p2a: Freddie Kane|move: Court Change
|move|p1a: Ting-Lu|Earthquake|p2a: Freddie Kane
|-damage|p2a: Freddie Kane|74/100
|
|-heal|p1a: Ting-Lu|79/100 brn|[from] item: Leftovers
|-damage|p1a: Ting-Lu|73/100 brn|[from] brn
|upkeep
|turn|16
|
|t:|1760778968
|move|p2a: Freddie Kane|U-turn|p1a: Ting-Lu
|-supereffective|p1a: Ting-Lu
|-damage|p1a: Ting-Lu|49/100 brn
|
|t:|1760778973
|switch|p2a: WUSYANAME|Ursaluna, M, shiny|100/100|[from] U-turn
|move|p1a: Ting-Lu|Spikes|p2a: WUSYANAME
|-sidestart|p2: Shaymas|Spikes
|
|-heal|p1a: Ting-Lu|55/100 brn|[from] item: Leftovers
|-damage|p1a: Ting-Lu|49/100 brn|[from] brn
|upkeep
|turn|17
|c|☆Nxp Nxp|Freddrich gibbs?
|c|☆Shaymas|im not getting it
|
|t:|1760778998
|move|p2a: WUSYANAME|Earthquake|p1a: Ting-Lu
|-damage|p1a: Ting-Lu|13/100 brn
|move|p1a: Ting-Lu|Whirlwind|p2a: WUSYANAME
|drag|p2a: Green Eggs and Ham|Chansey, F, shiny|100/100
|-damage|p2a: Green Eggs and Ham|88/100|[from] Spikes
|
|-heal|p1a: Ting-Lu|19/100 brn|[from] item: Leftovers
|-damage|p1a: Ting-Lu|13/100 brn|[from] brn
|upkeep
|turn|18
|
|t:|1760779008
|switch|p2a: WUSYANAME|Ursaluna, M, shiny|100/100
|-damage|p2a: WUSYANAME|88/100|[from] Spikes
|move|p1a: Ting-Lu|Spikes|p2a: WUSYANAME
|-sidestart|p2: Shaymas|Spikes
|
|-heal|p2a: WUSYANAME|94/100|[from] item: Leftovers
|-heal|p1a: Ting-Lu|19/100 brn|[from] item: Leftovers
|-damage|p1a: Ting-Lu|13/100 brn|[from] brn
|upkeep
|turn|19
|
|t:|1760779017
|move|p2a: WUSYANAME|Earthquake|p1a: Ting-Lu
|-damage|p1a: Ting-Lu|0 fnt
|faint|p1a: Ting-Lu
|
|-heal|p2a: WUSYANAME|100/100|[from] item: Leftovers
|upkeep
|
|t:|1760779018
|switch|p1a: Zamazenta|Zamazenta|100/100
|-ability|p1a: Zamazenta|Dauntless Shield|boost
|-boost|p1a: Zamazenta|def|1
|turn|20
|
|t:|1760779037
|switch|p1a: Gholdengo|Gholdengo|100/100
|-terastallize|p2a: WUSYANAME|Ghost
|move|p2a: WUSYANAME|Body Slam|p1a: Gholdengo
|-immune|p1a: Gholdengo
|
|upkeep
|turn|21
|
|t:|1760779059
|switch|p1a: Clefable|Clefable, F|15/100
|switch|p2a: Green Eggs and Ham|Chansey, F, shiny|88/100
|-damage|p2a: Green Eggs and Ham|71/100|[from] Spikes
|
|upkeep
|turn|22
|
|t:|1760779063
|move|p1a: Clefable|Moonlight|p1a: Clefable
|-heal|p1a: Clefable|65/100
|move|p2a: Green Eggs and Ham|Thunder Wave|p1a: Clefable
|-status|p1a: Clefable|par
|
|upkeep
|turn|23
|
|t:|1760779071
|switch|p2a: Hoe u trippin?|Corviknight, M, shiny|100/100
|-ability|p2a: Hoe u trippin?|Pressure
|move|p1a: Clefable|Knock Off|p2a: Hoe u trippin?
|-damage|p2a: Hoe u trippin?|91/100
|-enditem|p2a: Hoe u trippin?|Rocky Helmet|[from] move: Knock Off|[of] p1a: Clefable
|
|upkeep
|turn|24
|
|t:|1760779080
|switch|p1a: Gholdengo|Gholdengo|100/100
|move|p2a: Hoe u trippin?|Iron Defense|p2a: Hoe u trippin?
|-boost|p2a: Hoe u trippin?|def|2
|
|upkeep
|turn|25
|
|t:|1760779090
|switch|p2a: Green Eggs and Ham|Chansey, F, shiny|71/100
|-damage|p2a: Green Eggs and Ham|55/100|[from] Spikes
|move|p1a: Gholdengo|Nasty Plot|p1a: Gholdengo
|-boost|p1a: Gholdengo|spa|2
|
|upkeep
|turn|26
|
|t:|1760779094
|move|p1a: Gholdengo|Make It Rain|p2a: Green Eggs and Ham
|-damage|p2a: Green Eggs and Ham|27/100
|-unboost|p1a: Gholdengo|spa|1
|move|p2a: Green Eggs and Ham|Soft-Boiled|p2a: Green Eggs and Ham
|-heal|p2a: Green Eggs and Ham|77/100
|
|upkeep
|turn|27
|
|t:|1760779107
|move|p1a: Gholdengo|Nasty Plot|p1a: Gholdengo
|-boost|p1a: Gholdengo|spa|2
|move|p2a: Green Eggs and Ham|Soft-Boiled|p2a: Green Eggs and Ham
|-heal|p2a: Green Eggs and Ham|100/100
|
|upkeep
|turn|28
|
|t:|1760779112
|move|p1a: Gholdengo|Nasty Plot|p1a: Gholdengo
|-boost|p1a: Gholdengo|spa|2
|move|p2a: Green Eggs and Ham|Shadow Ball|p1a: Gholdengo
|-supereffective|p1a: Gholdengo
|-crit|p1a: Gholdengo
|-damage|p1a: Gholdengo|76/100
|
|upkeep
|turn|29
|
|t:|1760779119
|move|p1a: Gholdengo|Make It Rain|p2a: Green Eggs and Ham
|-damage|p2a: Green Eggs and Ham|48/100
|-unboost|p1a: Gholdengo|spa|1
|move|p2a: Green Eggs and Ham|Shadow Ball|p1a: Gholdengo
|-supereffective|p1a: Gholdengo
|-damage|p1a: Gholdengo|60/100
|
|upkeep
|turn|30
|
|t:|1760779126
|move|p1a: Gholdengo|Nasty Plot|p1a: Gholdengo
|-boost|p1a: Gholdengo|spa|2
|move|p2a: Green Eggs and Ham|Shadow Ball|p1a: Gholdengo
|-supereffective|p1a: Gholdengo
|-damage|p1a: Gholdengo|46/100
|
|upkeep
|turn|31
|
|t:|1760779129
|move|p1a: Gholdengo|Make It Rain|p2a: Green Eggs and Ham
|-damage|p2a: Green Eggs and Ham|0 fnt
|-unboost|p1a: Gholdengo|spa|1
|faint|p2a: Green Eggs and Ham
|
|upkeep
|
|t:|1760779131
|switch|p2a: Hesi Tween|Dragapult, M, shiny|100/100
|-damage|p2a: Hesi Tween|84/100|[from] Spikes
|turn|32
|
|t:|1760779140
|switch|p1a: Clefable|Clefable, F|65/100 par
|move|p2a: Hesi Tween|Hex|p1a: Clefable
|-damage|p1a: Clefable|21/100 par
|
|-heal|p2a: Hesi Tween|90/100|[from] item: Leftovers
|upkeep
|turn|33
|
|t:|1760779144
|move|p2a: Hesi Tween|Hex|p1a: Clefable
|-damage|p1a: Clefable|0 fnt
|faint|p1a: Clefable
|
|-heal|p2a: Hesi Tween|96/100|[from] item: Leftovers
|upkeep
|
|t:|1760779146
|switch|p1a: Gholdengo|Gholdengo|46/100
|turn|34
|
|t:|1760779150
|-terastallize|p1a: Gholdengo|Flying
|move|p2a: Hesi Tween|Substitute|p2a: Hesi Tween
|-start|p2a: Hesi Tween|Substitute
|-damage|p2a: Hesi Tween|71/100
|move|p1a: Gholdengo|Recover|p1a: Gholdengo
|-heal|p1a: Gholdengo|96/100
|
|-heal|p2a: Hesi Tween|77/100|[from] item: Leftovers
|upkeep
|turn|35
|
|t:|1760779154
|move|p2a: Hesi Tween|Dragon Darts|p1a: Gholdengo
|-damage|p1a: Gholdengo|78/100
|-anim|p2a: Hesi Tween|Dragon Darts|p1a: Gholdengo
|-damage|p1a: Gholdengo|63/100
|move|p1a: Gholdengo|Shadow Ball|p2a: Hesi Tween
|-supereffective|p2a: Hesi Tween
|-end|p2a: Hesi Tween|Substitute
|
|-heal|p2a: Hesi Tween|83/100|[from] item: Leftovers
|upkeep
|turn|36
|
|t:|1760779170
|switch|p2a: Freddie Kane|Cinderace, M|74/100
|move|p1a: Gholdengo|Recover|p1a: Gholdengo
|-heal|p1a: Gholdengo|100/100
|
|upkeep
|turn|37
|inactive|Nxp Nxp has 120 seconds left.
|c|☆Nxp Nxp|Ydk freddie gibbs?
|c|☆Shaymas|the artist yeah
|
|t:|1760779225
|move|p2a: Freddie Kane|Pyro Ball|p1a: Gholdengo
|-damage|p1a: Gholdengo|56/100
|move|p1a: Gholdengo|Shadow Ball|p2a: Freddie Kane
|-damage|p2a: Freddie Kane|27/100
|
|upkeep
|turn|38
|
|t:|1760779232
|switch|p1a: Zamazenta|Zamazenta|100/100
|move|p2a: Freddie Kane|Pyro Ball|p1a: Zamazenta
|-damage|p1a: Zamazenta|47/100
|-status|p1a: Zamazenta|brn
|
|-damage|p1a: Zamazenta|41/100 brn|[from] brn
|upkeep
|turn|39
|
|t:|1760779237
|move|p1a: Zamazenta|Close Combat|p2a: Freddie Kane
|-damage|p2a: Freddie Kane|0 fnt
|-unboost|p1a: Zamazenta|def|1
|-unboost|p1a: Zamazenta|spd|1
|faint|p2a: Freddie Kane
|
|-damage|p1a: Zamazenta|35/100 brn|[from] brn
|upkeep
|
|t:|1760779245
|switch|p2a: Hesi Tween|Dragapult, M, shiny|83/100
|-damage|p2a: Hesi Tween|67/100|[from] Spikes
|turn|40
|
|t:|1760779248
|move|p2a: Hesi Tween|Hex|p1a: Zamazenta
|-damage|p1a: Zamazenta|0 fnt
|faint|p1a: Zamazenta
|
|-heal|p2a: Hesi Tween|73/100|[from] item: Leftovers
|upkeep
|
|t:|1760779251
|switch|p1a: Gholdengo|Gholdengo, tera:Flying|56/100
|turn|41
|
|t:|1760779254
|move|p2a: Hesi Tween|Hex|p1a: Gholdengo
|-damage|p1a: Gholdengo|34/100
|move|p1a: Gholdengo|Recover|p1a: Gholdengo
|-heal|p1a: Gholdengo|84/100
|
|-heal|p2a: Hesi Tween|79/100|[from] item: Leftovers
|upkeep
|turn|42
|
|t:|1760779263
|move|p2a: Hesi Tween|Hex|p1a: Gholdengo
|-damage|p1a: Gholdengo|59/100
|move|p1a: Gholdengo|Nasty Plot|p1a: Gholdengo
|-boost|p1a: Gholdengo|spa|2
|
|-heal|p2a: Hesi Tween|85/100|[from] item: Leftovers
|upkeep
|turn|43
|c|☆Nxp Nxp|I fw him heavy
|c|☆Nxp Nxp|Is tht wher u got freddie kane frm?
|
|t:|1760779292
|move|p2a: Hesi Tween|Hex|p1a: Gholdengo
|-damage|p1a: Gholdengo|34/100
|move|p1a: Gholdengo|Recover|p1a: Gholdengo
|-heal|p1a: Gholdengo|84/100
|
|-heal|p2a: Hesi Tween|91/100|[from] item: Leftovers
|upkeep
|turn|44
|c|☆Shaymas|not my team
|c|☆Shaymas|rmt
|c|☆Nxp Nxp|Ohhh
|
|t:|1760779306
|move|p2a: Hesi Tween|Substitute|p2a: Hesi Tween
|-start|p2a: Hesi Tween|Substitute
|-damage|p2a: Hesi Tween|66/100
|move|p1a: Gholdengo|Shadow Ball|p2a: Hesi Tween
|-supereffective|p2a: Hesi Tween
|-end|p2a: Hesi Tween|Substitute
|
|-heal|p2a: Hesi Tween|72/100|[from] item: Leftovers
|upkeep
|turn|45
|c|☆Nxp Nxp|bett
|
|t:|1760779312
|move|p2a: Hesi Tween|Substitute|p2a: Hesi Tween
|-start|p2a: Hesi Tween|Substitute
|-damage|p2a: Hesi Tween|47/100
|move|p1a: Gholdengo|Shadow Ball|p2a: Hesi Tween
|-supereffective|p2a: Hesi Tween
|-end|p2a: Hesi Tween|Substitute
|
|-heal|p2a: Hesi Tween|53/100|[from] item: Leftovers
|upkeep
|turn|46
|
|t:|1760779315
|move|p2a: Hesi Tween|Substitute|p2a: Hesi Tween
|-start|p2a: Hesi Tween|Substitute
|-damage|p2a: Hesi Tween|28/100
|move|p1a: Gholdengo|Shadow Ball|p2a: Hesi Tween
|-supereffective|p2a: Hesi Tween
|-end|p2a: Hesi Tween|Substitute
|
|-heal|p2a: Hesi Tween|34/100|[from] item: Leftovers
|upkeep
|turn|47
|
|t:|1760779318
|move|p2a: Hesi Tween|Substitute|p2a: Hesi Tween
|-start|p2a: Hesi Tween|Substitute
|-damage|p2a: Hesi Tween|9/100
|move|p1a: Gholdengo|Shadow Ball|p2a: Hesi Tween
|-supereffective|p2a: Hesi Tween
|-end|p2a: Hesi Tween|Substitute
|
|-heal|p2a: Hesi Tween|15/100|[from] item: Leftovers
|upkeep
|turn|48
|
|t:|1760779320
|move|p2a: Hesi Tween|Hex|p1a: Gholdengo
|-damage|p1a: Gholdengo|60/100
|move|p1a: Gholdengo|Shadow Ball|p2a: Hesi Tween
|-supereffective|p2a: Hesi Tween
|-damage|p2a: Hesi Tween|0 fnt
|faint|p2a: Hesi Tween
|
|upkeep
|
|t:|1760779324
|switch|p2a: Hoe u trippin?|Corviknight, M, shiny|91/100
|-ability|p2a: Hoe u trippin?|Pressure
|turn|49
|c|☆Nxp Nxp|Ggz
|
|t:|1760779330
|move|p1a: Gholdengo|Nasty Plot|p1a: Gholdengo
|-boost|p1a: Gholdengo|spa|2
|move|p2a: Hoe u trippin?|Body Press|p1a: Gholdengo
|-resisted|p1a: Gholdengo
|-damage|p1a: Gholdengo|50/100
|
|upkeep
|turn|50
|
|t:|1760779332
|move|p1a: Gholdengo|Recover|p1a: Gholdengo
|-heal|p1a: Gholdengo|100/100
|move|p2a: Hoe u trippin?|Body Press|p1a: Gholdengo
|-resisted|p1a: Gholdengo
|-damage|p1a: Gholdengo|91/100
|
|upkeep
|turn|51
|
|t:|1760779335
|move|p1a: Gholdengo|Shadow Ball|p2a: Hoe u trippin?
|-damage|p2a: Hoe u trippin?|0 fnt
|faint|p2a: Hoe u trippin?
|
|upkeep
|
|t:|1760779337
|switch|p2a: WUSYANAME|Ursaluna, M, shiny, tera:Ghost|100/100
|-damage|p2a: WUSYANAME|84/100|[from] Spikes
|turn|52
|
|t:|1760779339
|move|p1a: Gholdengo|Shadow Ball|p2a: WUSYANAME
|-supereffective|p2a: WUSYANAME
|-damage|p2a: WUSYANAME|0 fnt
|faint|p2a: WUSYANAME
|
|win|Nxp Nxp
|raw|Nxp Nxp's rating: 1420 &rarr; <strong>1441</strong><br />(+21 for winning)
|raw|Shaymas's rating: 1446 &rarr; <strong>1425</strong><br />(-21 for losing)
|c|☆Shaymas|gg
|l|☆Shaymas
|player|p2|
|l|☆Nxp Nxp
|player|p1|
