|j|☆chenke
|j|☆AminitraboTTT
|t:|1760843851
|gametype|singles
|player|p1|chenke|clerk|
|player|p2|AminitraboTTT|supernerd|
|gen|9
|tier|[Gen 9] OU
|rule|HP Percentage Mod: HP is shown in percentages
|rule|Endless Battle Clause: Forcing endless battles is banned
|rule|Species Clause: Limit one of each Pokémon
|rule|OHKO Clause: OHKO moves are banned
|rule|Evasion Items Clause: Evasion items are banned
|rule|Evasion Moves Clause: Evasion moves are banned
|rule|Evasion Abilities Clause: Evasion abilities are banned
|rule|Sleep Moves Clause: Sleep-inducing moves are banned
|clearpoke
|poke|p1|Garchomp, M|
|poke|p1|Dragonite, M|
|poke|p1|Greninja-*, M|
|poke|p1|Gholdengo|
|poke|p2|Gliscor, M|
|poke|p2|Alomomola, M|
|poke|p2|Gholdengo|
|poke|p2|Hoopa-Unbound|
|poke|p2|Cinderace, M|
|poke|p2|Zamazenta-*|
|teampreview
|c|☆AminitraboTTT|Hola, soy AminitraboTTT, el bot de la sala Español. gl hf
|inactive|Battle timer is ON: inactive players will automatically lose when time's up. (requested by AminitraboTTT)
|
|t:|1760843858
|teamsize|p1|4
|teamsize|p2|6
|start
|switch|p1a: Garchomp|Garchomp, M|100/100
|switch|p2a: Gholdengo|Gholdengo|100/100
|turn|1
|
|t:|1760843861
|move|p2a: Gholdengo|Make It Rain|p1a: Garchomp
|-damage|p1a: Garchomp|38/100
|-unboost|p2a: Gholdengo|spa|1
|move|p1a: Garchomp|Earthquake|p2a: Gholdengo
|-supereffective|p2a: Gholdengo
|-damage|p2a: Gholdengo|1/100
|
|upkeep
|turn|2
|
|t:|1760843868
|switch|p1a: Gholdengo|Gholdengo|100/100
|-terastallize|p2a: Gholdengo|Fighting
|move|p2a: Gholdengo|Make It Rain|p1a: Gholdengo
|-resisted|p1a: Gholdengo
|-damage|p1a: Gholdengo|80/100
|-unboost|p2a: Gholdengo|spa|1
|
|-heal|p1a: Gholdengo|87/100|[from] item: Leftovers
|upkeep
|turn|3
|
|t:|1760843877
|switch|p2a: Cinderace|Cinderace, M|100/100
|move|p1a: Gholdengo|Substitute|p1a: Gholdengo
|-start|p1a: Gholdengo|Substitute
|-damage|p1a: Gholdengo|62/100
|
|-heal|p1a: Gholdengo|68/100|[from] item: Leftovers
|upkeep
|turn|4
|
|t:|1760843882
|move|p2a: Cinderace|Sucker Punch|p1a: Gholdengo
|-start|p2a: Cinderace|typechange|Dark|[from] ability: Libero
|-supereffective|p1a: Gholdengo
|-end|p1a: Gholdengo|Substitute
|move|p1a: Gholdengo|Shadow Ball|p2a: Cinderace
|-resisted|p2a: Cinderace
|-damage|p2a: Cinderace|69/100
|-unboost|p2a: Cinderace|spd|1
|
|-heal|p1a: Gholdengo|74/100|[from] item: Leftovers
|upkeep
|turn|5
|
|t:|1760843888
|switch|p1a: Greninja|Greninja, M|100/100
|move|p2a: Cinderace|Sucker Punch||[still]
|-fail|p2a: Cinderace
|
|upkeep
|turn|6
|
|t:|1760843895
|switch|p2a: Gholdengo|Gholdengo, tera:Fighting|1/100
|move|p1a: Greninja|Surf|p2a: Gholdengo
|-damage|p2a: Gholdengo|0 fnt
|faint|p2a: Gholdengo
|-ability|p1a: Greninja|Battle Bond|boost
|-boost|p1a: Greninja|atk|1
|-boost|p1a: Greninja|spa|1
|-boost|p1a: Greninja|spe|1
|-activate|p1a: Greninja|ability: Battle Bond
|-damage|p1a: Greninja|91/100|[from] item: Life Orb
|
|upkeep
|
|t:|1760843895
|switch|p2a: Zamazenta|Zamazenta|100/100
|-ability|p2a: Zamazenta|Dauntless Shield|boost
|-boost|p2a: Zamazenta|def|1
|turn|7
|
|t:|1760843901
|-terastallize|p1a: Greninja|Poison
|move|p1a: Greninja|Surf|p2a: Zamazenta
|-damage|p2a: Zamazenta|32/100
|-damage|p1a: Greninja|81/100|[from] item: Life Orb
|move|p2a: Zamazenta|Body Press|p1a: Greninja
|-resisted|p1a: Greninja
|-damage|p1a: Greninja|38/100
|
|-heal|p2a: Zamazenta|38/100|[from] item: Leftovers
|upkeep
|turn|8
|
|t:|1760843906
|move|p1a: Greninja|Surf|p2a: Zamazenta
|-damage|p2a: Zamazenta|0 fnt
|faint|p2a: Zamazenta
|-damage|p1a: Greninja|28/100|[from] item: Life Orb
|
|upkeep
|
|t:|1760843906
|switch|p2a: Gliscor|Gliscor, M|100/100
|turn|9
|
|t:|1760843910
|move|p1a: Greninja|Surf|p2a: Gliscor
|-supereffective|p2a: Gliscor
|-damage|p2a: Gliscor|0 fnt
|faint|p2a: Gliscor
|-damage|p1a: Greninja|18/100|[from] item: Life Orb
|
|upkeep
|
|t:|1760843910
|switch|p2a: Hoopa|Hoopa-Unbound|100/100
|turn|10
|
|t:|1760843917
|move|p1a: Greninja|Surf|p2a: Hoopa
|-damage|p2a: Hoopa|62/100
|-damage|p1a: Greninja|8/100|[from] item: Life Orb
|move|p2a: Hoopa|Gunk Shot|p1a: Greninja
|-resisted|p1a: Greninja
|-damage|p1a: Greninja|0 fnt
|faint|p1a: Greninja
|
|upkeep
|
|t:|1760843927
|switch|p1a: Dragonite|Dragonite, M|100/100
|turn|11
|
|t:|1760843929
|move|p1a: Dragonite|Extreme Speed|p2a: Hoopa
|-damage|p2a: Hoopa|15/100
|move|p2a: Hoopa|Gunk Shot|p1a: Dragonite|[miss]
|-miss|p2a: Hoopa|p1a: Dragonite
|
|upkeep
|turn|12
|
|t:|1760843932
|move|p1a: Dragonite|Extreme Speed|p2a: Hoopa
|-damage|p2a: Hoopa|0 fnt
|faint|p2a: Hoopa
|
|upkeep
|
|t:|1760843932
|switch|p2a: Cinderace|Cinderace, M|69/100
|turn|13
|
|t:|1760843937
|move|p1a: Dragonite|Extreme Speed|p2a: Cinderace
|-damage|p2a: Cinderace|4/100
|move|p2a: Cinderace|Sucker Punch||[still]
|-fail|p2a: Cinderace
|
|upkeep
|turn|14
|
|t:|1760843939
|move|p1a: Dragonite|Extreme Speed|p2a: Cinderace
|-damage|p2a: Cinderace|0 fnt
|faint|p2a: Cinderace
|
|upkeep
|
|t:|1760843940
|switch|p2a: Alomomola|Alomomola, M|100/100
|turn|15
|
|t:|1760843948
|switch|p1a: Gholdengo|Gholdengo|74/100
|move|p2a: Alomomola|Acrobatics|p1a: Gholdengo
|-resisted|p1a: Gholdengo
|-damage|p1a: Gholdengo|69/100
|
|-heal|p1a: Gholdengo|75/100|[from] item: Leftovers
|upkeep
|turn|16
|
|t:|1760843950
|move|p1a: Gholdengo|Substitute|p1a: Gholdengo
|-start|p1a: Gholdengo|Substitute
|-damage|p1a: Gholdengo|51/100
|move|p2a: Alomomola|Acrobatics|p1a: Gholdengo
|-resisted|p1a: Gholdengo
|-activate|p1a: Gholdengo|move: Substitute|[damage]
|
|-heal|p1a: Gholdengo|57/100|[from] item: Leftovers
|upkeep
|turn|17
|
|t:|1760843952
|move|p2a: Alomomola|Protect|p2a: Alomomola
|-singleturn|p2a: Alomomola|Protect
|move|p1a: Gholdengo|Nasty Plot|p1a: Gholdengo
|-boost|p1a: Gholdengo|spa|2
|
|-heal|p1a: Gholdengo|63/100|[from] item: Leftovers
|upkeep
|turn|18
|
|t:|1760843954
|move|p1a: Gholdengo|Shadow Ball|p2a: Alomomola
|-damage|p2a: Alomomola|0 fnt
|faint|p2a: Alomomola
|
|win|chenke
|c|☆AminitraboTTT|gg
|l|☆AminitraboTTT
|player|p2|
