|j|☆Akabura
|j|☆Clavdiangel
|t:|1760789635
|gametype|singles
|player|p1|Akabura|hilbert|1437
|player|p2|Clavdiangel|irida|1471
|gen|9
|tier|[Gen 9] OU
|rated|
|rule|HP Percentage Mod: HP is shown in percentages
|rule|Endless Battle Clause: Forcing endless battles is banned
|rule|Species Clause: Limit one of each Pokémon
|rule|OHKO Clause: OHKO moves are banned
|rule|Evasion Items Clause: Evasion items are banned
|rule|Evasion Moves Clause: Evasion moves are banned
|rule|Evasion Abilities Clause: Evasion abilities are banned
|rule|Sleep Moves Clause: Sleep-inducing moves are banned
|clearpoke
|poke|p1|Arcanine-Hisui, F|
|poke|p1|Slowking-Galar, F|
|poke|p1|Great Tusk|
|poke|p1|Forretress, F|
|poke|p1|Primarina, F|
|poke|p1|Kingambit, F|
|poke|p2|Meowscarada, F|
|poke|p2|Pecharunt|
|poke|p2|Kyurem|
|poke|p2|Garganacl, F|
|poke|p2|Alomomola, M|
|poke|p2|Great Tusk|
|teampreview
|inactive|Battle timer is ON: inactive players will automatically lose when time's up. (requested by Clavdiangel)
|c|☆Akabura|glhf
|
|t:|1760789650
|teamsize|p1|6
|teamsize|p2|6
|start
|switch|p1a: Forretress|Forretress, F, shiny|100/100
|switch|p2a: Meowscarada|Meowscarada, F|100/100
|turn|1
|
|t:|1760789661
|move|p2a: Meowscarada|U-turn|p1a: Forretress
|-start|p2a: Meowscarada|typechange|Bug|[from] ability: Protean
|-resisted|p1a: Forretress
|-damage|p1a: Forretress|87/100
|-damage|p2a: Meowscarada|84/100|[from] item: Rocky Helmet|[of] p1a: Forretress
|
|t:|1760789680
|switch|p2a: Garganacl|Garganacl, F|100/100|[from] U-turn
|move|p1a: Forretress|Spikes|p2a: Garganacl
|-sidestart|p2: Clavdiangel|Spikes
|
|upkeep
|turn|2
|
|t:|1760789685
|move|p1a: Forretress|Volt Switch|p2a: Garganacl
|-damage|p2a: Garganacl|92/100
|
|t:|1760789705
|switch|p1a: Great Tusk|Great Tusk, shiny|100/100|[from] Volt Switch
|move|p2a: Garganacl|Salt Cure|p1a: Great Tusk
|-resisted|p1a: Great Tusk
|-damage|p1a: Great Tusk|98/100
|-start|p1a: Great Tusk|Salt Cure
|
|-heal|p2a: Garganacl|99/100|[from] item: Leftovers
|-damage|p1a: Great Tusk|86/100|[from] Salt Cure
|upkeep
|turn|3
|
|t:|1760789712
|switch|p2a: Alomomola|Alomomola, M|100/100
|-damage|p2a: Alomomola|88/100|[from] Spikes
|move|p1a: Great Tusk|Stealth Rock|p2a: Alomomola
|-sidestart|p2: Clavdiangel|move: Stealth Rock
|
|-damage|p1a: Great Tusk|73/100|[from] Salt Cure
|upkeep
|turn|4
|
|t:|1760789720
|-end|p1a: Great Tusk|Protosynthesis|[silent]
|switch|p1a: Forretress|Forretress, F, shiny|87/100
|move|p2a: Alomomola|Flip Turn|p1a: Forretress
|-damage|p1a: Forretress|77/100
|-damage|p2a: Alomomola|71/100|[from] item: Rocky Helmet|[of] p1a: Forretress
|
|t:|1760789722
|switch|p2a: Great Tusk|Great Tusk, shiny|100/100|[from] Flip Turn
|-damage|p2a: Great Tusk|88/100|[from] Spikes
|-damage|p2a: Great Tusk|85/100|[from] Stealth Rock
|
|-heal|p2a: Great Tusk|91/100|[from] item: Leftovers
|upkeep
|turn|5
|
|t:|1760789729
|move|p2a: Great Tusk|Rapid Spin|p1a: Forretress
|-resisted|p1a: Forretress
|-damage|p1a: Forretress|71/100
|-boost|p2a: Great Tusk|spe|1
|-damage|p2a: Great Tusk|75/100|[from] item: Rocky Helmet|[of] p1a: Forretress
|-sideend|p2: Clavdiangel|Spikes|[from] move: Rapid Spin|[of] p2a: Great Tusk
|-sideend|p2: Clavdiangel|Stealth Rock|[from] move: Rapid Spin|[of] p2a: Great Tusk
|move|p1a: Forretress|Iron Defense|p1a: Forretress
|-boost|p1a: Forretress|def|2
|
|-heal|p2a: Great Tusk|81/100|[from] item: Leftovers
|upkeep
|turn|6
|inactive|Clavdiangel has 120 seconds left.
|
|t:|1760789765
|-end|p2a: Great Tusk|Protosynthesis|[silent]
|switch|p2a: Pecharunt|Pecharunt|100/100
|move|p1a: Forretress|Spikes|p2a: Pecharunt
|-sidestart|p2: Clavdiangel|Spikes
|
|upkeep
|turn|7
|inactive|Clavdiangel has 120 seconds left.
|
|t:|1760789771
|move|p2a: Pecharunt|Parting Shot|p1a: Forretress
|-unboost|p1a: Forretress|atk|1
|-unboost|p1a: Forretress|spa|1
|
|t:|1760789774
|switch|p2a: Garganacl|Garganacl, F|99/100|[from] Parting Shot
|-damage|p2a: Garganacl|86/100|[from] Spikes
|move|p1a: Forretress|Spikes|p2a: Garganacl
|-sidestart|p2: Clavdiangel|Spikes
|
|-heal|p2a: Garganacl|92/100|[from] item: Leftovers
|upkeep
|turn|8
|
|t:|1760789786
|move|p1a: Forretress|Body Press|p2a: Garganacl
|-supereffective|p2a: Garganacl
|-crit|p2a: Garganacl
|-damage|p2a: Garganacl|0 fnt
|faint|p2a: Garganacl
|
|upkeep
|
|t:|1760789794
|switch|p2a: Kyurem|Kyurem|100/100
|-damage|p2a: Kyurem|84/100|[from] Spikes
|-ability|p2a: Kyurem|Pressure
|turn|9
|c|☆Akabura|my bad
|
|t:|1760789799
|move|p2a: Kyurem|Earth Power|p1a: Forretress
|-damage|p1a: Forretress|28/100
|move|p1a: Forretress|Volt Switch|p2a: Kyurem
|-resisted|p2a: Kyurem
|-damage|p2a: Kyurem|81/100
|
|t:|1760789807
|switch|p1a: Primarina|Primarina, F|100/100|[from] Volt Switch
|
|-heal|p2a: Kyurem|87/100|[from] item: Leftovers
|upkeep
|turn|10
|
|t:|1760789815
|switch|p2a: Alomomola|Alomomola, M|100/100
|-damage|p2a: Alomomola|84/100|[from] Spikes
|move|p1a: Primarina|Moonblast|p2a: Alomomola
|-damage|p2a: Alomomola|57/100
|
|upkeep
|turn|11
|
|t:|1760789819
|move|p2a: Alomomola|Flip Turn|p1a: Primarina
|-resisted|p1a: Primarina
|-damage|p1a: Primarina|91/100
|
|t:|1760789825
|switch|p2a: Pecharunt|Pecharunt|100/100|[from] Flip Turn
|-damage|p2a: Pecharunt|84/100|[from] Spikes
|move|p1a: Primarina|Flip Turn|p2a: Pecharunt
|-crit|p2a: Pecharunt
|-damage|p2a: Pecharunt|73/100
|-damage|p1a: Primarina|75/100|[from] item: Rocky Helmet|[of] p2a: Pecharunt
|-message|Clavdiangel forfeited.
|
|win|Akabura
|raw|Akabura's rating: 1437 &rarr; <strong>1459</strong><br />(+22 for winning)
|raw|Clavdiangel's rating: 1471 &rarr; <strong>1449</strong><br />(-22 for losing)
|l|☆Clavdiangel
|player|p2|
|l|☆Akabura
|player|p1|
