|j|☆MarxN64
|j|☆Pecibiches
|t:|1760847766
|gametype|singles
|player|p1|MarxN64|gentleman-gen4|1246
|player|p2|Pecibiches|102|1250
|gen|9
|tier|[Gen 9] OU
|rated|
|rule|HP Percentage Mod: HP is shown in percentages
|rule|Endless Battle Clause: Forcing endless battles is banned
|rule|Species Clause: Limit one of each Pokémon
|rule|OHKO Clause: OHKO moves are banned
|rule|Evasion Items Clause: Evasion items are banned
|rule|Evasion Moves Clause: Evasion moves are banned
|rule|Evasion Abilities Clause: Evasion abilities are banned
|rule|Sleep Moves Clause: Sleep-inducing moves are banned
|clearpoke
|poke|p1|Houndstone, F|
|poke|p1|Zamazenta-*|
|poke|p1|Suicune|
|poke|p1|Coalossal, M|
|poke|p1|Arcanine-Hisui, M|
|poke|p1|Okidogi, M|
|poke|p2|Pelipper, M|
|poke|p2|Zapdos|
|poke|p2|Ogerpon-Wellspring, F|
|poke|p2|Barraskewda, F|
|poke|p2|Walking Wake|
|poke|p2|Great Tusk|
|teampreview
|inactive|Battle timer is ON: inactive players will automatically lose when time's up. (requested by MarxN64)
|
|t:|1760847787
|teamsize|p1|6
|teamsize|p2|6
|start
|switch|p1a: Coalossal|Coalossal, M|100/100
|switch|p2a: Barraskewda|Barraskewda, F|100/100
|turn|1
|
|t:|1760847791
|-terastallize|p1a: Coalossal|Water
|move|p2a: Barraskewda|Flip Turn|p1a: Coalossal
|-resisted|p1a: Coalossal
|-damage|p1a: Coalossal|80/100
|-ability|p1a: Coalossal|Steam Engine|boost
|-boost|p1a: Coalossal|spe|6
|
|t:|1760847810
|switch|p2a: Pelipper|Pelipper, M|100/100|[from] Flip Turn
|-weather|RainDance|[from] ability: Drizzle|[of] p2a: Pelipper
|move|p1a: Coalossal|Meteor Beam||[still]
|-prepare|p1a: Coalossal|Meteor Beam
|-boost|p1a: Coalossal|spa|1
|-enditem|p1a: Coalossal|Power Herb
|-anim|p1a: Coalossal|Meteor Beam|p2a: Pelipper
|-supereffective|p2a: Pelipper
|-damage|p2a: Pelipper|0 fnt
|faint|p2a: Pelipper
|
|-weather|RainDance|[upkeep]
|upkeep
|
|t:|1760847835
|switch|p2a: Great Tusk|Great Tusk|100/100
|turn|2
|
|t:|1760847839
|move|p1a: Coalossal|Scald|p2a: Great Tusk
|-supereffective|p2a: Great Tusk
|-damage|p2a: Great Tusk|0 fnt
|faint|p2a: Great Tusk
|-end|p2a: Great Tusk|Protosynthesis|[silent]
|
|-weather|RainDance|[upkeep]
|upkeep
|c|☆Pecibiches|no way mdrrrr
|inactive|Pecibiches has 120 seconds left.
|
|t:|1760847862
|switch|p2a: Zapdos|Zapdos|100/100
|turn|3
|
|t:|1760847869
|move|p1a: Coalossal|Power Gem|p2a: Zapdos
|-supereffective|p2a: Zapdos
|-damage|p2a: Zapdos|0 fnt
|faint|p2a: Zapdos
|
|-weather|RainDance|[upkeep]
|upkeep
|c|☆MarxN64|Sorry man.
|
|t:|1760847874
|switch|p2a: Ogerpon|Ogerpon-Wellspring, F|100/100
|turn|4
|
|t:|1760847879
|move|p1a: Coalossal|Power Gem|p2a: Ogerpon
|-damage|p2a: Ogerpon|47/100
|move|p2a: Ogerpon|Power Whip|p1a: Coalossal
|-supereffective|p1a: Coalossal
|-damage|p1a: Coalossal|0 fnt
|faint|p1a: Coalossal
|
|-weather|RainDance|[upkeep]
|upkeep
|
|t:|1760847891
|switch|p1a: Rudy|Houndstone, F, shiny|100/100
|turn|5
|c|☆Pecibiches|why sorry, i'm play bad and u play fun ?
|
|t:|1760847901
|move|p2a: Ogerpon|Ivy Cudgel|p1a: Rudy|[anim] Ivy Cudgel Water
|-damage|p1a: Rudy|23/100
|move|p1a: Rudy|Will-O-Wisp|p2a: Ogerpon
|-status|p2a: Ogerpon|brn
|
|-weather|RainDance|[upkeep]
|-heal|p1a: Rudy|29/100|[from] item: Leftovers
|-damage|p2a: Ogerpon|41/100 brn|[from] brn
|upkeep
|turn|6
|
|t:|1760847912
|switch|p1a: Grommit|Okidogi, M|100/100
|move|p2a: Ogerpon|Knock Off|p1a: Grommit
|-resisted|p1a: Grommit
|-damage|p1a: Grommit|93/100
|-enditem|p1a: Grommit|Black Sludge|[from] move: Knock Off|[of] p2a: Ogerpon
|
|-weather|RainDance|[upkeep]
|-damage|p2a: Ogerpon|35/100 brn|[from] brn
|upkeep
|turn|7
|
|t:|1760847921
|move|p2a: Ogerpon|Ivy Cudgel|p1a: Grommit|[anim] Ivy Cudgel Water
|-damage|p1a: Grommit|61/100
|move|p1a: Grommit|Bulk Up|p1a: Grommit
|-boost|p1a: Grommit|atk|1
|-boost|p1a: Grommit|def|1
|
|-weather|RainDance|[upkeep]
|-damage|p2a: Ogerpon|29/100 brn|[from] brn
|upkeep
|turn|8
|
|t:|1760847927
|move|p2a: Ogerpon|Ivy Cudgel|p1a: Grommit|[anim] Ivy Cudgel Water
|-damage|p1a: Grommit|38/100
|move|p1a: Grommit|Drain Punch|p2a: Ogerpon
|-damage|p2a: Ogerpon|0 fnt
|-heal|p1a: Grommit|51/100|[from] drain|[of] p2a: Ogerpon
|faint|p2a: Ogerpon
|
|-weather|none
|upkeep
|
|t:|1760847930
|switch|p2a: Walking Wake|Walking Wake|100/100
|turn|9
|
|t:|1760847934
|move|p2a: Walking Wake|Dragon Pulse|p1a: Grommit
|-damage|p1a: Grommit|0 fnt
|faint|p1a: Grommit
|-damage|p2a: Walking Wake|91/100|[from] item: Life Orb
|
|upkeep
|
|t:|1760847937
|switch|p1a: Lassy|Suicune|100/100
|-ability|p1a: Lassy|Pressure
|turn|10
|
|t:|1760847945
|move|p2a: Walking Wake|Dragon Pulse|p1a: Lassy
|-damage|p1a: Lassy|67/100
|-damage|p2a: Walking Wake|81/100|[from] item: Life Orb
|move|p1a: Lassy|Calm Mind|p1a: Lassy
|-boost|p1a: Lassy|spa|1
|-boost|p1a: Lassy|spd|1
|
|upkeep
|turn|11
|
|t:|1760847951
|move|p2a: Walking Wake|Dragon Pulse|p1a: Lassy
|-damage|p1a: Lassy|43/100
|-damage|p2a: Walking Wake|71/100|[from] item: Life Orb
|move|p1a: Lassy|Rest|p1a: Lassy
|-status|p1a: Lassy|slp|[from] move: Rest
|-enditem|p1a: Lassy|Lum Berry|[eat]
|-curestatus|p1a: Lassy|slp|[msg]
|-heal|p1a: Lassy|100/100|[silent]
|
|upkeep
|turn|12
|
|t:|1760847958
|move|p2a: Walking Wake|Dragon Pulse|p1a: Lassy
|-damage|p1a: Lassy|79/100
|-damage|p2a: Walking Wake|61/100|[from] item: Life Orb
|move|p1a: Lassy|Ice Beam|p2a: Walking Wake
|-damage|p2a: Walking Wake|29/100
|
|upkeep
|turn|13
|
|t:|1760847963
|move|p2a: Walking Wake|Draco Meteor|p1a: Lassy
|-damage|p1a: Lassy|43/100
|-unboost|p2a: Walking Wake|spa|2
|-damage|p2a: Walking Wake|19/100|[from] item: Life Orb
|move|p1a: Lassy|Ice Beam|p2a: Walking Wake
|-damage|p2a: Walking Wake|0 fnt
|faint|p2a: Walking Wake
|-end|p2a: Walking Wake|Protosynthesis|[silent]
|
|upkeep
|
|t:|1760847966
|switch|p2a: Barraskewda|Barraskewda, F|100/100
|turn|14
|
|t:|1760847973
|-terastallize|p2a: Barraskewda|Water
|move|p2a: Barraskewda|Liquidation|p1a: Lassy
|-resisted|p1a: Lassy
|-damage|p1a: Lassy|8/100
|move|p1a: Lassy|Scald|p2a: Barraskewda
|-resisted|p2a: Barraskewda
|-damage|p2a: Barraskewda|56/100
|
|upkeep
|turn|15
|
|t:|1760847978
|move|p2a: Barraskewda|Liquidation|p1a: Lassy
|-resisted|p1a: Lassy
|-damage|p1a: Lassy|0 fnt
|faint|p1a: Lassy
|
|upkeep
|
|t:|1760847983
|switch|p1a: Rusty|Zamazenta|100/100
|-ability|p1a: Rusty|Dauntless Shield|boost
|-boost|p1a: Rusty|def|1
|turn|16
|c|☆Pecibiches|gg
|
|t:|1760847987
|move|p1a: Rusty|Focus Blast|p2a: Barraskewda|[miss]
|-miss|p1a: Rusty|p2a: Barraskewda
|move|p2a: Barraskewda|Liquidation|p1a: Rusty
|-damage|p1a: Rusty|47/100
|
|upkeep
|turn|17
|
|t:|1760847991
|move|p1a: Rusty|Focus Blast|p2a: Barraskewda
|-damage|p2a: Barraskewda|0 fnt
|faint|p2a: Barraskewda
|
|win|MarxN64
|raw|MarxN64's rating: 1246 &rarr; <strong>1271</strong><br />(+25 for winning)
|raw|Pecibiches's rating: 1250 &rarr; <strong>1225</strong><br />(-25 for losing)
|c|☆MarxN64|Gg
|l|☆Pecibiches
|player|p2|
|l|☆MarxN64
|player|p1|
