|j|☆nickolucky
|j|☆malpicatepica
|t:|1760804836
|gametype|singles
|player|p1|nickolucky|pokemonranger|1472
|player|p2|malpicatepica|1|1471
|gen|9
|tier|[Gen 9] OU
|rated|
|rule|HP Percentage Mod: HP is shown in percentages
|rule|Endless Battle Clause: Forcing endless battles is banned
|rule|Species Clause: Limit one of each Pokémon
|rule|OHKO Clause: OHKO moves are banned
|rule|Evasion Items Clause: Evasion items are banned
|rule|Evasion Moves Clause: Evasion moves are banned
|rule|Evasion Abilities Clause: Evasion abilities are banned
|rule|Sleep Moves Clause: Sleep-inducing moves are banned
|clearpoke
|poke|p1|Indeedee, M|
|poke|p1|Polteageist-Antique|
|poke|p1|Hatterene, F|
|poke|p1|Maushold-Four|
|poke|p1|Armarouge, M|
|poke|p1|Hawlucha, M|
|poke|p2|Great Tusk|
|poke|p2|Muk-Alola, F|
|poke|p2|Mimikyu, M|
|poke|p2|Kyurem|
|poke|p2|Landorus-Therian, M|
|poke|p2|Slowking-Galar, F|
|teampreview
|
|t:|1760804841
|teamsize|p1|6
|teamsize|p2|6
|start
|switch|p1a: Indeedee|Indeedee, M|100/100
|switch|p2a: Muk|Muk-Alola, F|100/100
|-fieldstart|move: Psychic Terrain|[from] ability: Psychic Surge|[of] p1a: Indeedee
|turn|1
|
|t:|1760804853
|switch|p1a: Hawlucha|Hawlucha, M|100/100
|-enditem|p1a: Hawlucha|Psychic Seed
|-boost|p1a: Hawlucha|spd|1|[from] item: Psychic Seed
|move|p2a: Muk|Knock Off|p1a: Hawlucha
|-resisted|p1a: Hawlucha
|-damage|p1a: Hawlucha|84/100
|
|upkeep
|turn|2
|
|t:|1760804861
|switch|p2a: Mimikyu|Mimikyu, M|100/100
|move|p1a: Hawlucha|Swords Dance|p1a: Hawlucha
|-boost|p1a: Hawlucha|atk|2
|
|upkeep
|turn|3
|
|t:|1760804865
|move|p1a: Hawlucha|Acrobatics|p2a: Mimikyu
|-activate|p2a: Mimikyu|ability: Disguise
|-damage|p2a: Mimikyu|100/100
|detailschange|p2a: Mimikyu|Mimikyu-Busted, M
|-damage|p2a: Mimikyu|88/100|[from] pokemon: Mimikyu-Busted
|move|p2a: Mimikyu|Trick|p1a: Hawlucha
|-activate|p2a: Mimikyu|move: Trick|[of] p1a: Hawlucha
|-item|p1a: Hawlucha|Choice Scarf|[from] move: Trick
|-enditem|p2a: Mimikyu|Choice Scarf|[silent]|[from] move: Trick
|
|upkeep
|turn|4
|
|t:|1760804876
|move|p1a: Hawlucha|Acrobatics|p2a: Mimikyu
|-damage|p2a: Mimikyu|1/100
|move|p2a: Mimikyu|Draining Kiss|p1a: Hawlucha
|-supereffective|p1a: Hawlucha
|-damage|p1a: Hawlucha|51/100
|-heal|p2a: Mimikyu|32/100|[from] drain|[of] p1a: Hawlucha
|
|upkeep
|turn|5
|
|t:|1760804879
|switch|p2a: Landorus|Landorus-Therian, M|100/100
|-ability|p2a: Landorus|Intimidate|boost
|-unboost|p1a: Hawlucha|atk|1
|move|p1a: Hawlucha|Acrobatics|p2a: Landorus
|-damage|p2a: Landorus|64/100
|-damage|p1a: Hawlucha|35/100|[from] item: Rocky Helmet|[of] p2a: Landorus
|
|upkeep
|turn|6
|
|t:|1760804882
|move|p1a: Hawlucha|Acrobatics|p2a: Landorus
|-damage|p2a: Landorus|31/100
|-damage|p1a: Hawlucha|18/100|[from] item: Rocky Helmet|[of] p2a: Landorus
|move|p2a: Landorus|Stealth Rock|p1a: Hawlucha
|-sidestart|p1: nickolucky|move: Stealth Rock
|
|upkeep
|turn|7
|
|t:|1760804887
|move|p1a: Hawlucha|Acrobatics|p2a: Landorus
|-damage|p2a: Landorus|0 fnt
|-damage|p1a: Hawlucha|2/100|[from] item: Rocky Helmet|[of] p2a: Landorus
|faint|p2a: Landorus
|
|upkeep
|
|t:|1760804890
|switch|p2a: Slowking|Slowking-Galar, F|100/100
|turn|8
|
|t:|1760804892
|move|p1a: Hawlucha|Acrobatics|p2a: Slowking
|-damage|p2a: Slowking|60/100
|-prepare|p2a: Slowking|Chilly Reception|[premajor]
|move|p2a: Slowking|Chilly Reception|p2a: Slowking
|-weather|Snowscape
|
|t:|1760804894
|switch|p2a: Mimikyu|Mimikyu-Busted, M|32/100|[from] Chilly Reception
|
|-weather|Snowscape|[upkeep]
|-fieldend|move: Psychic Terrain
|upkeep
|turn|9
|
|t:|1760804896
|move|p1a: Hawlucha|Acrobatics|p2a: Mimikyu
|-damage|p2a: Mimikyu|0 fnt
|faint|p2a: Mimikyu
|
|-weather|Snowscape|[upkeep]
|upkeep
|
|t:|1760804898
|switch|p2a: Muk|Muk-Alola, F|100/100
|turn|10
|
|t:|1760804899
|move|p2a: Muk|Shadow Sneak|p1a: Hawlucha
|-damage|p1a: Hawlucha|0 fnt
|faint|p1a: Hawlucha
|
|-weather|Snowscape|[upkeep]
|upkeep
|
|t:|1760804903
|switch|p1a: Maushold|Maushold-Four|100/100
|-damage|p1a: Maushold|88/100|[from] Stealth Rock
|turn|11
|
|t:|1760804908
|move|p1a: Maushold|Tidy Up|p1a: Maushold
|-sideend|p1: nickolucky|Stealth Rock
|-activate|p1a: Maushold|move: Tidy Up
|-boost|p1a: Maushold|atk|1
|-boost|p1a: Maushold|spe|1
|move|p2a: Muk|Knock Off|p1a: Maushold
|-damage|p1a: Maushold|24/100
|-status|p1a: Maushold|psn|[from] ability: Poison Touch|[of] p2a: Muk
|-enditem|p1a: Maushold|Wide Lens|[from] move: Knock Off|[of] p2a: Muk
|
|-weather|Snowscape|[upkeep]
|-damage|p1a: Maushold|12/100 psn|[from] psn
|upkeep
|turn|12
|
|t:|1760804916
|switch|p2a: Great Tusk|Great Tusk|100/100
|move|p1a: Maushold|Population Bomb|p2a: Great Tusk
|-damage|p2a: Great Tusk|89/100
|-damage|p2a: Great Tusk|78/100
|-damage|p2a: Great Tusk|66/100
|-damage|p2a: Great Tusk|55/100
|-hitcount|p2a: Great Tusk|4
|
|-weather|none
|-damage|p1a: Maushold|0 fnt|[from] psn
|faint|p1a: Maushold
|upkeep
|
|t:|1760804921
|switch|p1a: Indeedee|Indeedee, M|100/100
|-fieldstart|move: Psychic Terrain|[from] ability: Psychic Surge|[of] p1a: Indeedee
|turn|13
|
|t:|1760804924
|switch|p1a: Hatterene|Hatterene, F|100/100
|move|p2a: Great Tusk|Ice Spinner|p1a: Hatterene
|-damage|p1a: Hatterene|82/100
|-fieldend|move: Psychic Terrain
|-enditem|p1a: Hatterene|Eject Button
|
|t:|1760804930
|switch|p1a: Indeedee|Indeedee, M|100/100
|-fieldstart|move: Psychic Terrain|[from] ability: Psychic Surge|[of] p1a: Indeedee
|
|upkeep
|turn|14
|
|t:|1760804933
|-end|p2a: Great Tusk|Protosynthesis|[silent]
|switch|p2a: Muk|Muk-Alola, F|100/100
|move|p1a: Indeedee|Expanding Force|p2a: Muk
|-immune|p2a: Muk
|
|upkeep
|turn|15
|inactive|Battle timer is ON: inactive players will automatically lose when time's up. (requested by malpicatepica)
|
|t:|1760804955
|switch|p1a: Hatterene|Hatterene, F|82/100
|move|p2a: Muk|Poison Jab|p1a: Hatterene
|-supereffective|p1a: Hatterene
|-damage|p1a: Hatterene|27/100
|-status|p1a: Hatterene|psn
|
|-damage|p1a: Hatterene|15/100 psn|[from] psn
|upkeep
|turn|16
|
|t:|1760804962
|move|p2a: Muk|Poison Jab|p1a: Hatterene
|-supereffective|p1a: Hatterene
|-damage|p1a: Hatterene|0 fnt
|faint|p1a: Hatterene
|
|upkeep
|
|t:|1760804965
|switch|p1a: Armarouge|Armarouge, M|100/100
|turn|17
|
|t:|1760804969
|move|p1a: Armarouge|Endure|p1a: Armarouge
|-singleturn|p1a: Armarouge|move: Endure
|move|p2a: Muk|Knock Off|p1a: Armarouge
|-supereffective|p1a: Armarouge
|-crit|p1a: Armarouge
|-activate|p1a: Armarouge|move: Endure
|-damage|p1a: Armarouge|1/100
|-ability|p1a: Armarouge|Weak Armor|boost
|-unboost|p1a: Armarouge|def|1
|-boost|p1a: Armarouge|spe|2
|-enditem|p1a: Armarouge|Weakness Policy
|-boost|p1a: Armarouge|atk|2|[from] item: Weakness Policy
|-boost|p1a: Armarouge|spa|2|[from] item: Weakness Policy
|
|upkeep
|turn|18
|
|t:|1760804981
|move|p1a: Armarouge|Armor Cannon|p2a: Muk
|-damage|p2a: Muk|50/100
|-unboost|p1a: Armarouge|def|1
|-unboost|p1a: Armarouge|spd|1
|move|p2a: Muk|Poison Jab|p1a: Armarouge
|-damage|p1a: Armarouge|0 fnt
|faint|p1a: Armarouge
|
|upkeep
|
|t:|1760804988
|switch|p1a: Polteageist|Polteageist-Antique|100/100
|turn|19
|
|t:|1760804992
|-terastallize|p1a: Polteageist|Fighting
|move|p1a: Polteageist|Shell Smash|p1a: Polteageist
|-unboost|p1a: Polteageist|def|1
|-unboost|p1a: Polteageist|spd|1
|-boost|p1a: Polteageist|atk|2
|-boost|p1a: Polteageist|spa|2
|-boost|p1a: Polteageist|spe|2
|move|p2a: Muk|Knock Off|p1a: Polteageist
|-resisted|p1a: Polteageist
|-damage|p1a: Polteageist|48/100
|-ability|p1a: Polteageist|Weak Armor|boost
|-unboost|p1a: Polteageist|def|1
|-boost|p1a: Polteageist|spe|2
|-status|p1a: Polteageist|psn|[from] ability: Poison Touch|[of] p2a: Muk
|-enditem|p1a: Polteageist|Focus Sash|[from] move: Knock Off|[of] p2a: Muk
|
|-damage|p1a: Polteageist|36/100 psn|[from] psn
|upkeep
|turn|20
|
|t:|1760805001
|switch|p2a: Slowking|Slowking-Galar, F|93/100
|move|p1a: Polteageist|Shadow Ball|p2a: Slowking
|-supereffective|p2a: Slowking
|-damage|p2a: Slowking|0 fnt
|faint|p2a: Slowking
|
|-damage|p1a: Polteageist|23/100 psn|[from] psn
|-fieldend|move: Psychic Terrain
|upkeep
|
|t:|1760805004
|switch|p2a: Muk|Muk-Alola, F|50/100
|turn|21
|
|t:|1760805008
|switch|p1a: Indeedee|Indeedee, M|100/100
|-fieldstart|move: Psychic Terrain|[from] ability: Psychic Surge|[of] p1a: Indeedee
|move|p2a: Muk|Shadow Sneak|p1a: Indeedee
|-activate|p1a: Indeedee|move: Psychic Terrain
|
|upkeep
|turn|22
|
|t:|1760805012
|move|p1a: Indeedee|Encore|p2a: Muk
|-start|p2a: Muk|Encore
|move|p2a: Muk|Shadow Sneak|p1a: Indeedee
|-immune|p1a: Indeedee
|
|upkeep
|turn|23
|
|t:|1760805016
|switch|p2a: Great Tusk|Great Tusk|55/100
|move|p1a: Indeedee|Healing Wish|p1a: Indeedee
|faint|p1a: Indeedee
|
|upkeep
|
|t:|1760805017
|switch|p1a: Polteageist|Polteageist-Antique, tera:Fighting|23/100 psn
|-heal|p1a: Polteageist|100/100|[from] move: Healing Wish
|turn|24
|
|t:|1760805036
|move|p2a: Great Tusk|Ice Spinner|p1a: Polteageist
|-damage|p1a: Polteageist|57/100
|-ability|p1a: Polteageist|Weak Armor|boost
|-unboost|p1a: Polteageist|def|1
|-boost|p1a: Polteageist|spe|2
|-fieldend|move: Psychic Terrain
|move|p1a: Polteageist|Shell Smash|p1a: Polteageist
|-unboost|p1a: Polteageist|def|1
|-unboost|p1a: Polteageist|spd|1
|-boost|p1a: Polteageist|atk|2
|-boost|p1a: Polteageist|spa|2
|-boost|p1a: Polteageist|spe|2
|
|upkeep
|turn|25
|
|t:|1760805042
|move|p1a: Polteageist|Shadow Ball|p2a: Great Tusk
|-damage|p2a: Great Tusk|0 fnt
|faint|p2a: Great Tusk
|-end|p2a: Great Tusk|Protosynthesis|[silent]
|
|upkeep
|
|t:|1760805044
|switch|p2a: Muk|Muk-Alola, F|50/100
|turn|26
|
|t:|1760805046
|move|p2a: Muk|Shadow Sneak|p1a: Polteageist
|-damage|p1a: Polteageist|16/100
|-ability|p1a: Polteageist|Weak Armor|boost
|-unboost|p1a: Polteageist|def|1
|-boost|p1a: Polteageist|spe|2
|-status|p1a: Polteageist|psn|[from] ability: Poison Touch|[of] p2a: Muk
|move|p1a: Polteageist|Tera Blast|p2a: Muk|[anim] Tera Blast Fighting
|-damage|p2a: Muk|13/100
|
|-damage|p1a: Polteageist|4/100 psn|[from] psn
|upkeep
|turn|27
|
|t:|1760805049
|move|p2a: Muk|Shadow Sneak|p1a: Polteageist
|-damage|p1a: Polteageist|0 fnt
|faint|p1a: Polteageist
|
|win|malpicatepica
|raw|nickolucky's rating: 1472 &rarr; <strong>1452</strong><br />(-20 for losing)
|raw|malpicatepica's rating: 1471 &rarr; <strong>1491</strong><br />(+20 for winning)
|l|☆nickolucky
|player|p1|
|l|☆malpicatepica
|player|p2|
