|j|☆RK Earth 9000
|j|☆Sneasel Squad 彡
|t:|1760779221
|gametype|singles
|player|p1|RK Earth 9000|volkner|1202
|player|p2|Sneasel Squad 彡|silver|1244
|gen|9
|tier|[Gen 9] OU
|rated|
|rule|HP Percentage Mod: HP is shown in percentages
|rule|Endless Battle Clause: Forcing endless battles is banned
|rule|Species Clause: Limit one of each Pokémon
|rule|OHKO Clause: OHKO moves are banned
|rule|Evasion Items Clause: Evasion items are banned
|rule|Evasion Moves Clause: Evasion moves are banned
|rule|Evasion Abilities Clause: Evasion abilities are banned
|rule|Sleep Moves Clause: Sleep-inducing moves are banned
|clearpoke
|poke|p1|Dragonair, M|
|poke|p1|Corviknight, M|
|poke|p1|Gliscor, F|
|poke|p1|Tentacruel, F|
|poke|p1|Landorus-Therian, M|
|poke|p1|Clefable, F|
|poke|p2|Samurott-Hisui, M|
|poke|p2|Dragonite, M|
|poke|p2|Kingambit, M|
|poke|p2|Iron Moth|
|poke|p2|Iron Valiant|
|poke|p2|Moltres-Galar|
|teampreview
|inactive|Battle timer is ON: inactive players will automatically lose when time's up. (requested by Sneasel Squad 彡)
|
|t:|1760779243
|teamsize|p1|6
|teamsize|p2|6
|start
|switch|p1a: Tentacruel|Tentacruel, F|100/100
|switch|p2a: Moltres|Moltres-Galar|100/100
|turn|1
|
|t:|1760779249
|switch|p1a: Corviknight|Corviknight, M, shiny|100/100
|move|p2a: Moltres|Nasty Plot|p2a: Moltres
|-boost|p2a: Moltres|spa|2
|
|upkeep
|turn|2
|
|t:|1760779271
|switch|p1a: Tentacruel|Tentacruel, F|100/100
|move|p2a: Moltres|Agility|p2a: Moltres
|-boost|p2a: Moltres|spe|2
|
|upkeep
|turn|3
|
|t:|1760779279
|move|p2a: Moltres|Fiery Wrath|p1a: Tentacruel
|-damage|p1a: Tentacruel|28/100
|move|p1a: Tentacruel|Toxic|p2a: Moltres
|-status|p2a: Moltres|tox
|
|-heal|p1a: Tentacruel|34/100|[from] item: Leftovers
|-damage|p2a: Moltres|94/100 tox|[from] psn
|upkeep
|turn|4
|
|t:|1760779289
|move|p2a: Moltres|Nasty Plot|p2a: Moltres
|-boost|p2a: Moltres|spa|2
|move|p1a: Tentacruel|Knock Off|p2a: Moltres
|-resisted|p2a: Moltres
|-damage|p2a: Moltres|85/100 tox
|-enditem|p2a: Moltres|Sitrus Berry|[from] move: Knock Off|[of] p1a: Tentacruel
|
|-heal|p1a: Tentacruel|40/100|[from] item: Leftovers
|-damage|p2a: Moltres|73/100 tox|[from] psn
|upkeep
|turn|5
|
|t:|1760779302
|switch|p1a: Clefable|Clefable, F, shiny|100/100
|move|p2a: Moltres|Fiery Wrath|p1a: Clefable
|-resisted|p1a: Clefable
|-damage|p1a: Clefable|82/100
|
|-heal|p1a: Clefable|88/100|[from] item: Leftovers
|-damage|p2a: Moltres|54/100 tox|[from] psn
|upkeep
|turn|6
|
|t:|1760779315
|move|p2a: Moltres|Tera Blast|p1a: Clefable
|-damage|p1a: Clefable|66/100
|move|p1a: Clefable|Cosmic Power|p1a: Clefable
|-boost|p1a: Clefable|def|1
|-boost|p1a: Clefable|spd|1
|
|-heal|p1a: Clefable|72/100|[from] item: Leftovers
|-damage|p2a: Moltres|29/100 tox|[from] psn
|upkeep
|turn|7
|
|t:|1760779325
|move|p2a: Moltres|Fiery Wrath|p1a: Clefable
|-resisted|p1a: Clefable
|-damage|p1a: Clefable|59/100
|move|p1a: Clefable|Cosmic Power|p1a: Clefable
|-boost|p1a: Clefable|def|1
|-boost|p1a: Clefable|spd|1
|
|-heal|p1a: Clefable|65/100|[from] item: Leftovers
|-damage|p2a: Moltres|0 fnt|[from] psn
|faint|p2a: Moltres
|upkeep
|
|t:|1760779336
|switch|p2a: Dragonite|Dragonite, M|100/100
|turn|8
|
|t:|1760779342
|move|p2a: Dragonite|Dragon Dance|p2a: Dragonite
|-boost|p2a: Dragonite|atk|1
|-boost|p2a: Dragonite|spe|1
|move|p1a: Clefable|Cosmic Power|p1a: Clefable
|-boost|p1a: Clefable|def|1
|-boost|p1a: Clefable|spd|1
|
|-heal|p1a: Clefable|71/100|[from] item: Leftovers
|upkeep
|turn|9
|
|t:|1760779351
|move|p2a: Dragonite|Dragon Dance|p2a: Dragonite
|-boost|p2a: Dragonite|atk|1
|-boost|p2a: Dragonite|spe|1
|move|p1a: Clefable|Cosmic Power|p1a: Clefable
|-boost|p1a: Clefable|def|1
|-boost|p1a: Clefable|spd|1
|
|-heal|p1a: Clefable|77/100|[from] item: Leftovers
|upkeep
|turn|10
|
|t:|1760779360
|move|p2a: Dragonite|Dragon Dance|p2a: Dragonite
|-boost|p2a: Dragonite|atk|1
|-boost|p2a: Dragonite|spe|1
|move|p1a: Clefable|Cosmic Power|p1a: Clefable
|-boost|p1a: Clefable|def|1
|-boost|p1a: Clefable|spd|1
|
|-heal|p1a: Clefable|83/100|[from] item: Leftovers
|upkeep
|turn|11
|
|t:|1760779370
|move|p2a: Dragonite|Dragon Dance|p2a: Dragonite
|-boost|p2a: Dragonite|atk|1
|-boost|p2a: Dragonite|spe|1
|move|p1a: Clefable|Cosmic Power|p1a: Clefable
|-boost|p1a: Clefable|def|1
|-boost|p1a: Clefable|spd|1
|
|-heal|p1a: Clefable|89/100|[from] item: Leftovers
|upkeep
|turn|12
|
|t:|1760779379
|move|p2a: Dragonite|Dragon Dance|p2a: Dragonite
|-boost|p2a: Dragonite|atk|1
|-boost|p2a: Dragonite|spe|1
|move|p1a: Clefable|Charge Beam|p2a: Dragonite|[miss]
|-miss|p1a: Clefable|p2a: Dragonite
|
|-heal|p1a: Clefable|95/100|[from] item: Leftovers
|upkeep
|turn|13
|
|t:|1760779387
|-terastallize|p2a: Dragonite|Normal
|move|p2a: Dragonite|Extreme Speed|p1a: Clefable
|-damage|p1a: Clefable|83/100
|move|p1a: Clefable|Charge Beam|p2a: Dragonite
|-damage|p2a: Dragonite|93/100
|-boost|p1a: Clefable|spa|1
|
|-heal|p1a: Clefable|89/100|[from] item: Leftovers
|upkeep
|turn|14
|
|t:|1760779399
|move|p2a: Dragonite|Extreme Speed|p1a: Clefable
|-damage|p1a: Clefable|76/100
|move|p1a: Clefable|Charge Beam|p2a: Dragonite|[miss]
|-miss|p1a: Clefable|p2a: Dragonite
|
|-heal|p1a: Clefable|82/100|[from] item: Leftovers
|upkeep
|turn|15
|
|t:|1760779408
|move|p2a: Dragonite|Extreme Speed|p1a: Clefable
|-damage|p1a: Clefable|70/100
|move|p1a: Clefable|Charge Beam|p2a: Dragonite
|-damage|p2a: Dragonite|70/100
|-boost|p1a: Clefable|spa|1
|
|-heal|p1a: Clefable|76/100|[from] item: Leftovers
|upkeep
|turn|16
|
|t:|1760779418
|move|p2a: Dragonite|Extreme Speed|p1a: Clefable
|-damage|p1a: Clefable|64/100
|move|p1a: Clefable|Stored Power|p2a: Dragonite
|-damage|p2a: Dragonite|0 fnt
|faint|p2a: Dragonite
|
|-heal|p1a: Clefable|70/100|[from] item: Leftovers
|upkeep
|c|☆Sneasel Squad 彡|ong bro you're a cornball for this
|
|t:|1760779434
|switch|p2a: Iron Valiant|Iron Valiant|100/100
|-enditem|p2a: Iron Valiant|Booster Energy
|-activate|p2a: Iron Valiant|ability: Quark Drive|[fromitem]
|-start|p2a: Iron Valiant|quarkdrivespe
|turn|17
|
|t:|1760779439
|move|p2a: Iron Valiant|Destiny Bond|p2a: Iron Valiant
|-singlemove|p2a: Iron Valiant|Destiny Bond
|move|p1a: Clefable|Stored Power|p2a: Iron Valiant
|-supereffective|p2a: Iron Valiant
|-damage|p2a: Iron Valiant|0 fnt
|faint|p2a: Iron Valiant
|-activate|p2a: Iron Valiant|move: Destiny Bond
|-end|p2a: Iron Valiant|Quark Drive|[silent]
|faint|p1a: Clefable
|
|upkeep
|c|☆Sneasel Squad 彡|get outta here
|
|t:|1760779455
|switch|p2a: Iron Moth|Iron Moth|100/100
|switch|p1a: Dragonair|Dragonair, M|100/100
|-enditem|p2a: Iron Moth|Booster Energy
|-activate|p2a: Iron Moth|ability: Quark Drive|[fromitem]
|-start|p2a: Iron Moth|quarkdrivespe
|turn|18
|
|t:|1760779465
|move|p2a: Iron Moth|Dazzling Gleam|p1a: Dragonair
|-supereffective|p1a: Dragonair
|-damage|p1a: Dragonair|60/100
|move|p1a: Dragonair|Thunder Wave|p2a: Iron Moth
|-status|p2a: Iron Moth|par
|
|upkeep
|turn|19
|
|t:|1760779474
|move|p2a: Iron Moth|Fiery Dance|p1a: Dragonair
|-resisted|p1a: Dragonair
|-damage|p1a: Dragonair|44/100
|-boost|p2a: Iron Moth|spa|1
|move|p1a: Dragonair|Dragon Tail|p2a: Iron Moth
|-damage|p2a: Iron Moth|73/100 par
|-end|p2a: Iron Moth|Quark Drive|[silent]
|drag|p2a: Kingambit|Kingambit, M|100/100
|-activate|p2a: Kingambit|ability: Supreme Overlord
|-start|p2a: Kingambit|fallen3|[silent]
|-item|p2a: Kingambit|Air Balloon
|
|upkeep
|turn|20
|
|t:|1760779486
|move|p1a: Dragonair|Thunder Wave|p2a: Kingambit
|-status|p2a: Kingambit|par
|move|p2a: Kingambit|Iron Head|p1a: Dragonair
|-damage|p1a: Dragonair|0 fnt
|faint|p1a: Dragonair
|
|upkeep
|
|t:|1760779503
|switch|p1a: Corviknight|Corviknight, M, shiny|100/100
|turn|21
|
|t:|1760779511
|move|p1a: Corviknight|Body Press|p2a: Kingambit
|-supereffective|p2a: Kingambit
|-damage|p2a: Kingambit|46/100 par
|-enditem|p2a: Kingambit|Air Balloon
|cant|p2a: Kingambit|par
|
|upkeep
|turn|22
|-message|Sneasel Squad 彡 forfeited.
|
|win|RK Earth 9000
|raw|RK Earth 9000's rating: 1202 &rarr; <strong>1230</strong><br />(+28 for winning)
|raw|Sneasel Squad 彡's rating: 1244 &rarr; <strong>1216</strong><br />(-28 for losing)
|l|☆Sneasel Squad 彡
|player|p2|
|l|☆RK Earth 9000
|player|p1|
