|j|☆yutt7
|j|☆ouhbj
|t:|1760753625
|gametype|singles
|player|p1|yutt7|169|1343
|player|p2|ouhbj|169|1392
|gen|9
|tier|[Gen 9] OU
|rated|
|rule|HP Percentage Mod: HP is shown in percentages
|rule|Endless Battle Clause: Forcing endless battles is banned
|rule|Species Clause: Limit one of each Pokémon
|rule|OHKO Clause: OHKO moves are banned
|rule|Evasion Items Clause: Evasion items are banned
|rule|Evasion Moves Clause: Evasion moves are banned
|rule|Evasion Abilities Clause: Evasion abilities are banned
|rule|Sleep Moves Clause: Sleep-inducing moves are banned
|clearpoke
|poke|p1|Greninja-*, F|
|poke|p1|Clefable, M|
|poke|p1|Dragonite, M|
|poke|p1|Pelipper, F|
|poke|p1|Kingdra, M|
|poke|p1|Kingambit, M|
|poke|p2|Scrafty, F|
|poke|p2|Rhyperior, F|
|poke|p2|Orthworm, M|
|poke|p2|Talonflame, M|
|poke|p2|Blaziken, F|
|poke|p2|Volcanion|
|teampreview
|
|t:|1760753635
|teamsize|p1|6
|teamsize|p2|6
|start
|switch|p1a: Clefable|Clefable, M|100/100
|switch|p2a: Volcanion|Volcanion|100/100
|turn|1
|
|t:|1760753642
|move|p2a: Volcanion|Sludge Bomb|p1a: Clefable
|-supereffective|p1a: Clefable
|-damage|p1a: Clefable|50/100
|move|p1a: Clefable|Wish|p1a: Clefable
|
|-heal|p1a: Clefable|56/100|[from] item: Leftovers
|upkeep
|turn|2
|
|t:|1760753652
|switch|p1a: Pelipper|Pelipper, F|100/100
|-weather|RainDance|[from] ability: Drizzle|[of] p1a: Pelipper
|move|p2a: Volcanion|Sludge Bomb|p1a: Pelipper
|-damage|p1a: Pelipper|56/100
|-status|p1a: Pelipper|psn
|
|-weather|RainDance|[upkeep]
|-heal|p1a: Pelipper|100/100 psn|[from] move: Wish|[wisher] Clefable
|-damage|p1a: Pelipper|88/100 psn|[from] psn
|upkeep
|turn|3
|
|t:|1760753664
|move|p2a: Volcanion|Steam Eruption|p1a: Pelipper
|-resisted|p1a: Pelipper
|-damage|p1a: Pelipper|33/100 psn
|move|p1a: Pelipper|Hurricane|p2a: Volcanion
|-damage|p2a: Volcanion|27/100
|
|-weather|RainDance|[upkeep]
|-damage|p1a: Pelipper|20/100 psn|[from] psn
|upkeep
|turn|4
|
|t:|1760753673
|switch|p1a: Kingdra|Kingdra, M|100/100
|move|p2a: Volcanion|Steam Eruption|p1a: Kingdra
|-resisted|p1a: Kingdra
|-damage|p1a: Kingdra|74/100
|
|-weather|RainDance|[upkeep]
|upkeep
|turn|5
|
|t:|1760753692
|switch|p1a: Dragonite|Dragonite, M|100/100
|switch|p2a: Orthworm|Orthworm, M|100/100
|
|-weather|RainDance|[upkeep]
|upkeep
|turn|6
|
|t:|1760753699
|move|p1a: Dragonite|Thunder|p2a: Orthworm
|-damage|p2a: Orthworm|44/100
|-status|p2a: Orthworm|par
|cant|p2a: Orthworm|par
|
|-weather|none
|-heal|p2a: Orthworm|50/100 par|[from] item: Leftovers
|upkeep
|turn|7
|
|t:|1760753709
|switch|p1a: Pelipper|Pelipper, F|20/100 psn
|-weather|RainDance|[from] ability: Drizzle|[of] p1a: Pelipper
|move|p2a: Orthworm|Stealth Rock|p1a: Pelipper
|-sidestart|p1: yutt7|move: Stealth Rock
|
|-weather|RainDance|[upkeep]
|-heal|p2a: Orthworm|56/100 par|[from] item: Leftovers
|-damage|p1a: Pelipper|8/100 psn|[from] psn
|upkeep
|turn|8
|
|t:|1760753729
|move|p1a: Pelipper|Hurricane|p2a: Orthworm
|-resisted|p2a: Orthworm
|-damage|p2a: Orthworm|0 fnt
|faint|p2a: Orthworm
|
|-weather|RainDance|[upkeep]
|-damage|p1a: Pelipper|0 fnt|[from] psn
|faint|p1a: Pelipper
|upkeep
|
|t:|1760753750
|switch|p1a: Kingambit|Kingambit, M|100/100
|switch|p2a: Rhyperior|Rhyperior, F|100/100
|-damage|p1a: Kingambit|94/100|[from] Stealth Rock
|turn|9
|
|t:|1760753771
|-terastallize|p1a: Kingambit|Flying
|move|p1a: Kingambit|Swords Dance|p1a: Kingambit
|-boost|p1a: Kingambit|atk|2
|move|p2a: Rhyperior|Earthquake|p1a: Kingambit
|-immune|p1a: Kingambit
|
|-weather|RainDance|[upkeep]
|upkeep
|turn|10
|
|t:|1760753779
|move|p1a: Kingambit|Iron Head|p2a: Rhyperior
|-supereffective|p2a: Rhyperior
|-damage|p2a: Rhyperior|17/100
|move|p2a: Rhyperior|Stone Edge|p1a: Kingambit|[miss]
|-miss|p2a: Rhyperior|p1a: Kingambit
|
|-weather|RainDance|[upkeep]
|upkeep
|turn|11
|
|t:|1760753790
|move|p1a: Kingambit|Iron Head|p2a: Rhyperior
|-supereffective|p2a: Rhyperior
|-damage|p2a: Rhyperior|0 fnt
|faint|p2a: Rhyperior
|
|-weather|none
|upkeep
|
|t:|1760753799
|switch|p2a: Talonflame|Talonflame, M|100/100
|turn|12
|
|t:|1760753809
|move|p2a: Talonflame|Flamethrower|p1a: Kingambit
|-damage|p1a: Kingambit|71/100
|move|p1a: Kingambit|Rain Dance|p1a: Kingambit
|-weather|RainDance
|
|-weather|RainDance|[upkeep]
|upkeep
|turn|13
|
|t:|1760753815
|move|p1a: Kingambit|Sucker Punch|p2a: Talonflame
|-damage|p2a: Talonflame|34/100
|-status|p1a: Kingambit|brn|[from] ability: Flame Body|[of] p2a: Talonflame
|move|p2a: Talonflame|Hurricane|p1a: Kingambit
|-damage|p1a: Kingambit|46/100 brn
|
|-weather|RainDance|[upkeep]
|-damage|p1a: Kingambit|40/100 brn|[from] brn
|upkeep
|turn|14
|
|t:|1760753825
|move|p2a: Talonflame|Roost|p2a: Talonflame
|-heal|p2a: Talonflame|84/100
|-singleturn|p2a: Talonflame|move: Roost
|move|p1a: Kingambit|Swords Dance|p1a: Kingambit
|-boost|p1a: Kingambit|atk|2
|
|-weather|RainDance|[upkeep]
|-damage|p1a: Kingambit|33/100 brn|[from] brn
|upkeep
|turn|15
|
|t:|1760753834
|move|p1a: Kingambit|Sucker Punch|p2a: Talonflame
|-damage|p2a: Talonflame|31/100
|move|p2a: Talonflame|Hurricane|p1a: Kingambit
|-damage|p1a: Kingambit|7/100 brn
|-start|p1a: Kingambit|confusion
|
|-weather|RainDance|[upkeep]
|-damage|p1a: Kingambit|1/100 brn|[from] brn
|upkeep
|turn|16
|
|t:|1760753843
|move|p2a: Talonflame|Roost|p2a: Talonflame
|-heal|p2a: Talonflame|81/100
|-singleturn|p2a: Talonflame|move: Roost
|-activate|p1a: Kingambit|confusion
|-damage|p1a: Kingambit|0 fnt|[from] confusion
|faint|p1a: Kingambit
|
|-weather|RainDance|[upkeep]
|upkeep
|
|t:|1760753851
|switch|p1a: Kingdra|Kingdra, M|74/100
|-damage|p1a: Kingdra|61/100|[from] Stealth Rock
|turn|17
|
|t:|1760753863
|move|p1a: Kingdra|Flip Turn|p2a: Talonflame
|-supereffective|p2a: Talonflame
|-damage|p2a: Talonflame|0 fnt
|-status|p1a: Kingdra|brn|[from] ability: Flame Body|[of] p2a: Talonflame
|faint|p2a: Talonflame
|
|t:|1760753871
|switch|p1a: Greninja|Greninja, F|100/100|[from] Flip Turn
|-damage|p1a: Greninja|88/100|[from] Stealth Rock
|
|-weather|RainDance|[upkeep]
|upkeep
|
|t:|1760753879
|switch|p2a: Scrafty|Scrafty, F|100/100
|turn|18
|
|t:|1760753883
|move|p1a: Greninja|Sludge Wave|p2a: Scrafty
|-start|p1a: Greninja|typechange|Poison|[from] ability: Protean
|-damage|p2a: Scrafty|58/100
|-damage|p1a: Greninja|78/100|[from] item: Life Orb
|move|p2a: Scrafty|Drain Punch|p1a: Greninja
|-resisted|p1a: Greninja
|-damage|p1a: Greninja|58/100
|-heal|p2a: Scrafty|67/100|[from] drain|[of] p1a: Greninja
|
|-weather|RainDance|[upkeep]
|-heal|p2a: Scrafty|73/100|[from] item: Leftovers
|upkeep
|turn|19
|
|t:|1760753905
|switch|p1a: Clefable|Clefable, M|56/100
|-damage|p1a: Clefable|44/100|[from] Stealth Rock
|move|p2a: Scrafty|Knock Off|p1a: Clefable
|-resisted|p1a: Clefable
|-damage|p1a: Clefable|30/100
|-enditem|p1a: Clefable|Leftovers|[from] move: Knock Off|[of] p2a: Scrafty
|
|-weather|none
|-heal|p2a: Scrafty|79/100|[from] item: Leftovers
|upkeep
|turn|20
|
|t:|1760753916
|switch|p2a: Volcanion|Volcanion|27/100
|move|p1a: Clefable|Wish|p1a: Clefable
|
|upkeep
|turn|21
|
|t:|1760753944
|switch|p1a: Dragonite|Dragonite, M|100/100
|-damage|p1a: Dragonite|76/100|[from] Stealth Rock
|move|p2a: Volcanion|Steam Eruption|p1a: Dragonite
|-resisted|p1a: Dragonite
|-damage|p1a: Dragonite|49/100
|
|-heal|p1a: Dragonite|100/100|[from] move: Wish|[wisher] Clefable
|upkeep
|turn|22
|
|t:|1760753957
|move|p2a: Volcanion|Steam Eruption|p1a: Dragonite
|-resisted|p1a: Dragonite
|-damage|p1a: Dragonite|86/100
|move|p1a: Dragonite|Draco Meteor|p2a: Volcanion
|-damage|p2a: Volcanion|0 fnt
|-unboost|p1a: Dragonite|spa|2
|faint|p2a: Volcanion
|
|upkeep
|
|t:|1760753968
|switch|p2a: Scrafty|Scrafty, F|79/100
|turn|23
|
|t:|1760753975
|switch|p1a: Clefable|Clefable, M|30/100
|-damage|p1a: Clefable|18/100|[from] Stealth Rock
|move|p2a: Scrafty|Bulk Up|p2a: Scrafty
|-boost|p2a: Scrafty|atk|1
|-boost|p2a: Scrafty|def|1
|
|-heal|p2a: Scrafty|85/100|[from] item: Leftovers
|upkeep
|turn|24
|
|t:|1760753985
|move|p1a: Clefable|Draining Kiss|p2a: Scrafty
|-supereffective|p2a: Scrafty
|-damage|p2a: Scrafty|38/100
|-heal|p1a: Clefable|49/100|[from] drain|[of] p2a: Scrafty
|move|p2a: Scrafty|Knock Off|p1a: Clefable
|-resisted|p1a: Clefable
|-damage|p1a: Clefable|40/100
|
|-heal|p2a: Scrafty|44/100|[from] item: Leftovers
|upkeep
|turn|25
|
|t:|1760753999
|-terastallize|p2a: Scrafty|Poison
|move|p1a: Clefable|Wish|p1a: Clefable
|move|p2a: Scrafty|Drain Punch|p1a: Clefable
|-resisted|p1a: Clefable
|-damage|p1a: Clefable|30/100
|-heal|p2a: Scrafty|50/100|[from] drain|[of] p1a: Clefable
|
|-heal|p2a: Scrafty|56/100|[from] item: Leftovers
|upkeep
|turn|26
|
|t:|1760754014
|move|p1a: Clefable|Calm Mind|p1a: Clefable
|-boost|p1a: Clefable|spa|1
|-boost|p1a: Clefable|spd|1
|move|p2a: Scrafty|Bulk Up|p2a: Scrafty
|-boost|p2a: Scrafty|atk|1
|-boost|p2a: Scrafty|def|1
|
|-heal|p1a: Clefable|80/100|[from] move: Wish|[wisher] Clefable
|-heal|p2a: Scrafty|62/100|[from] item: Leftovers
|upkeep
|turn|27
|
|t:|1760754025
|move|p1a: Clefable|Wish|p1a: Clefable
|move|p2a: Scrafty|Bulk Up|p2a: Scrafty
|-boost|p2a: Scrafty|atk|1
|-boost|p2a: Scrafty|def|1
|
|-heal|p2a: Scrafty|68/100|[from] item: Leftovers
|upkeep
|turn|28
|
|t:|1760754035
|move|p1a: Clefable|Calm Mind|p1a: Clefable
|-boost|p1a: Clefable|spa|1
|-boost|p1a: Clefable|spd|1
|move|p2a: Scrafty|Bulk Up|p2a: Scrafty
|-boost|p2a: Scrafty|atk|1
|-boost|p2a: Scrafty|def|1
|
|-heal|p1a: Clefable|100/100|[from] move: Wish|[wisher] Clefable
|-heal|p2a: Scrafty|74/100|[from] item: Leftovers
|upkeep
|turn|29
|
|t:|1760754049
|move|p1a: Clefable|Wish|p1a: Clefable
|move|p2a: Scrafty|Knock Off|p1a: Clefable
|-resisted|p1a: Clefable
|-damage|p1a: Clefable|93/100
|
|-heal|p2a: Scrafty|80/100|[from] item: Leftovers
|upkeep
|turn|30
|
|t:|1760754057
|move|p1a: Clefable|Calm Mind|p1a: Clefable
|-boost|p1a: Clefable|spa|1
|-boost|p1a: Clefable|spd|1
|move|p2a: Scrafty|Drain Punch|p1a: Clefable
|-resisted|p1a: Clefable
|-damage|p1a: Clefable|82/100
|-heal|p2a: Scrafty|86/100|[from] drain|[of] p1a: Clefable
|
|-heal|p1a: Clefable|100/100|[from] move: Wish|[wisher] Clefable
|-heal|p2a: Scrafty|92/100|[from] item: Leftovers
|upkeep
|turn|31
|
|t:|1760754068
|move|p1a: Clefable|Calm Mind|p1a: Clefable
|-boost|p1a: Clefable|spa|1
|-boost|p1a: Clefable|spd|1
|move|p2a: Scrafty|Drain Punch|p1a: Clefable
|-resisted|p1a: Clefable
|-damage|p1a: Clefable|91/100
|-heal|p2a: Scrafty|98/100|[from] drain|[of] p1a: Clefable
|
|-heal|p2a: Scrafty|100/100|[from] item: Leftovers
|upkeep
|turn|32
|
|t:|1760754079
|move|p1a: Clefable|Calm Mind|p1a: Clefable
|-boost|p1a: Clefable|spa|1
|-boost|p1a: Clefable|spd|1
|move|p2a: Scrafty|Drain Punch|p1a: Clefable
|-resisted|p1a: Clefable
|-damage|p1a: Clefable|82/100
|
|upkeep
|turn|33
|
|t:|1760754088
|move|p1a: Clefable|Wish|p1a: Clefable
|move|p2a: Scrafty|Drain Punch|p1a: Clefable
|-resisted|p1a: Clefable
|-damage|p1a: Clefable|72/100
|
|upkeep
|turn|34
|
|t:|1760754096
|move|p1a: Clefable|Draining Kiss|p2a: Scrafty
|-resisted|p2a: Scrafty
|-damage|p2a: Scrafty|82/100
|-heal|p1a: Clefable|85/100|[from] drain|[of] p2a: Scrafty
|move|p2a: Scrafty|Knock Off|p1a: Clefable
|-resisted|p1a: Clefable
|-damage|p1a: Clefable|75/100
|
|-heal|p1a: Clefable|100/100|[from] move: Wish|[wisher] Clefable
|-heal|p2a: Scrafty|88/100|[from] item: Leftovers
|upkeep
|turn|35
|
|t:|1760754109
|move|p1a: Clefable|Calm Mind|p1a: Clefable
|-boost|p1a: Clefable|spa|1
|-boost|p1a: Clefable|spd|1
|move|p2a: Scrafty|Knock Off|p1a: Clefable
|-resisted|p1a: Clefable
|-damage|p1a: Clefable|92/100
|
|-heal|p2a: Scrafty|94/100|[from] item: Leftovers
|upkeep
|turn|36
|
|t:|1760754118
|move|p1a: Clefable|Wish|p1a: Clefable
|move|p2a: Scrafty|Drain Punch|p1a: Clefable
|-resisted|p1a: Clefable
|-damage|p1a: Clefable|83/100
|-heal|p2a: Scrafty|99/100|[from] drain|[of] p1a: Clefable
|
|-heal|p2a: Scrafty|100/100|[from] item: Leftovers
|upkeep
|turn|37
|
|t:|1760754128
|move|p1a: Clefable|Flamethrower|p2a: Scrafty
|-damage|p2a: Scrafty|51/100
|-status|p2a: Scrafty|brn
|move|p2a: Scrafty|Knock Off|p1a: Clefable
|-resisted|p1a: Clefable
|-damage|p1a: Clefable|79/100
|
|-heal|p1a: Clefable|100/100|[from] move: Wish|[wisher] Clefable
|-heal|p2a: Scrafty|57/100 brn|[from] item: Leftovers
|-damage|p2a: Scrafty|51/100 brn|[from] brn
|upkeep
|turn|38
|
|t:|1760754140
|move|p1a: Clefable|Wish|p1a: Clefable
|move|p2a: Scrafty|Rest|p2a: Scrafty
|-status|p2a: Scrafty|slp|[from] move: Rest
|-heal|p2a: Scrafty|100/100 slp|[silent]
|
|-activate|p2a: Scrafty|ability: Shed Skin
|-curestatus|p2a: Scrafty|slp|[msg]
|upkeep
|turn|39
|
|t:|1760754151
|move|p1a: Clefable|Flamethrower|p2a: Scrafty
|-damage|p2a: Scrafty|52/100
|move|p2a: Scrafty|Knock Off|p1a: Clefable
|-resisted|p1a: Clefable
|-damage|p1a: Clefable|91/100
|
|-heal|p1a: Clefable|100/100|[from] move: Wish|[wisher] Clefable
|-heal|p2a: Scrafty|58/100|[from] item: Leftovers
|upkeep
|turn|40
|
|t:|1760754161
|move|p1a: Clefable|Flamethrower|p2a: Scrafty
|-damage|p2a: Scrafty|6/100
|-status|p2a: Scrafty|brn
|move|p2a: Scrafty|Drain Punch|p1a: Clefable
|-resisted|p1a: Clefable
|-damage|p1a: Clefable|95/100
|-heal|p2a: Scrafty|9/100 brn|[from] drain|[of] p1a: Clefable
|
|-heal|p2a: Scrafty|15/100 brn|[from] item: Leftovers
|-damage|p2a: Scrafty|9/100 brn|[from] brn
|upkeep
|turn|41
|
|t:|1760754174
|move|p1a: Clefable|Draining Kiss|p2a: Scrafty
|-resisted|p2a: Scrafty
|-damage|p2a: Scrafty|0 fnt
|-heal|p1a: Clefable|100/100|[from] drain|[of] p2a: Scrafty
|faint|p2a: Scrafty
|
|upkeep
|
|t:|1760754179
|switch|p2a: Blaziken|Blaziken, F|100/100
|turn|42
|
|t:|1760754185
|move|p2a: Blaziken|Blaze Kick|p1a: Clefable
|-crit|p1a: Clefable
|-damage|p1a: Clefable|49/100
|move|p1a: Clefable|Draining Kiss|p2a: Blaziken
|-damage|p2a: Blaziken|0 fnt
|-heal|p1a: Clefable|100/100|[from] drain|[of] p2a: Blaziken
|faint|p2a: Blaziken
|
|win|yutt7
|raw|yutt7's rating: 1343 &rarr; <strong>1366</strong><br />(+23 for winning)
|raw|ouhbj's rating: 1392 &rarr; <strong>1369</strong><br />(-23 for losing)
|l|☆ouhbj
|player|p2|
|l|☆yutt7
|player|p1|
