|j|☆jhghjkhipkjnlp
|j|☆SSSSSheng
|t:|1760847008
|gametype|singles
|player|p1|jhghjkhipkjnlp|266|1407
|player|p2|SSSSSheng|102|1460
|gen|9
|tier|[Gen 9] OU
|rated|
|rule|HP Percentage Mod: HP is shown in percentages
|rule|Endless Battle Clause: Forcing endless battles is banned
|rule|Species Clause: Limit one of each Pokémon
|rule|OHKO Clause: OHKO moves are banned
|rule|Evasion Items Clause: Evasion items are banned
|rule|Evasion Moves Clause: Evasion moves are banned
|rule|Evasion Abilities Clause: Evasion abilities are banned
|rule|Sleep Moves Clause: Sleep-inducing moves are banned
|clearpoke
|poke|p1|Ninetales, F|
|poke|p1|Glimmora, F|
|poke|p1|Hatterene, F|
|poke|p1|Lilligant-Hisui, F|
|poke|p1|Walking Wake|
|poke|p1|Ursaluna, M|
|poke|p2|Torkoal, M|
|poke|p2|Charizard, M|
|poke|p2|Hatterene, F|
|poke|p2|Great Tusk|
|poke|p2|Walking Wake|
|poke|p2|Torterra, F|
|teampreview
|inactive|Battle timer is ON: inactive players will automatically lose when time's up. (requested by jhghjkhipkjnlp)
|j| OneBirdyBoi
|l| OneBirdyBoi
|
|t:|1760847024
|teamsize|p1|6
|teamsize|p2|6
|start
|switch|p1a: Glimmora|Glimmora, F|100/100
|switch|p2a: Torterra|Torterra, F|100/100
|turn|1
|
|t:|1760847031
|move|p1a: Glimmora|Mortal Spin|p2a: Torterra
|-damage|p2a: Torterra|95/100
|-status|p2a: Torterra|psn
|move|p2a: Torterra|Shell Smash|p2a: Torterra
|-unboost|p2a: Torterra|def|1
|-unboost|p2a: Torterra|spd|1
|-boost|p2a: Torterra|atk|2
|-boost|p2a: Torterra|spa|2
|-boost|p2a: Torterra|spe|2
|
|-damage|p2a: Torterra|82/100 psn|[from] psn
|upkeep
|turn|2
|
|t:|1760847052
|switch|p1a: Ninetales|Ninetales, F|100/100
|-weather|SunnyDay|[from] ability: Drought|[of] p1a: Ninetales
|move|p2a: Torterra|Bullet Seed|p1a: Ninetales
|-resisted|p1a: Ninetales
|-damage|p1a: Ninetales|85/100
|-resisted|p1a: Ninetales
|-damage|p1a: Ninetales|68/100
|-resisted|p1a: Ninetales
|-damage|p1a: Ninetales|52/100
|-resisted|p1a: Ninetales
|-damage|p1a: Ninetales|38/100
|-resisted|p1a: Ninetales
|-damage|p1a: Ninetales|21/100
|-hitcount|p1a: Ninetales|5
|
|-weather|SunnyDay|[upkeep]
|-damage|p2a: Torterra|70/100 psn|[from] psn
|upkeep
|turn|3
|
|t:|1760847067
|move|p2a: Torterra|Bullet Seed|p1a: Ninetales
|-resisted|p1a: Ninetales
|-crit|p1a: Ninetales
|-damage|p1a: Ninetales|0 fnt
|faint|p1a: Ninetales
|-hitcount|p1: Ninetales|1
|
|-weather|SunnyDay|[upkeep]
|-damage|p2a: Torterra|58/100 psn|[from] psn
|upkeep
|
|t:|1760847077
|switch|p1a: Lilligant|Lilligant-Hisui, F|100/100
|turn|4
|
|t:|1760847082
|move|p1a: Lilligant|Triple Axel|p2a: Torterra
|-supereffective|p2a: Torterra
|-crit|p2a: Torterra
|-damage|p2a: Torterra|0 fnt
|faint|p2a: Torterra
|-hitcount|p2: Torterra|1
|-damage|p1a: Lilligant|91/100|[from] item: Life Orb
|
|-weather|SunnyDay|[upkeep]
|upkeep
|
|t:|1760847093
|switch|p2a: Torkoal|Torkoal, M|100/100
|turn|5
|
|t:|1760847104
|switch|p1a: Ursaluna|Ursaluna, M|100/100
|move|p2a: Torkoal|Stealth Rock|p1a: Ursaluna
|-sidestart|p1: jhghjkhipkjnlp|move: Stealth Rock
|
|-weather|SunnyDay|[upkeep]
|-status|p1a: Ursaluna|brn|[from] item: Flame Orb
|upkeep
|turn|6
|
|t:|1760847111
|switch|p2a: Hatterene|Hatterene, F|100/100
|-terastallize|p1a: Ursaluna|Normal
|move|p1a: Ursaluna|Facade|p2a: Hatterene
|-damage|p2a: Hatterene|0 fnt
|faint|p2a: Hatterene
|
|-weather|SunnyDay|[upkeep]
|-damage|p1a: Ursaluna|94/100 brn|[from] brn
|upkeep
|
|t:|1760847113
|switch|p2a: Charizard|Charizard, M|100/100
|turn|7
|
|t:|1760847125
|switch|p1a: Walking Wake|Walking Wake|100/100
|-damage|p1a: Walking Wake|88/100|[from] Stealth Rock
|-activate|p1a: Walking Wake|ability: Protosynthesis
|-start|p1a: Walking Wake|protosynthesisspe
|move|p2a: Charizard|Weather Ball|p1a: Walking Wake
|-resisted|p1a: Walking Wake
|-damage|p1a: Walking Wake|47/100
|
|-weather|SunnyDay|[upkeep]
|-damage|p2a: Charizard|88/100|[from] ability: Solar Power|[of] p2a: Charizard
|upkeep
|turn|8
|
|t:|1760847138
|switch|p2a: Great Tusk|Great Tusk|100/100
|-activate|p2a: Great Tusk|ability: Protosynthesis
|-start|p2a: Great Tusk|protosynthesisatk
|move|p1a: Walking Wake|Draco Meteor|p2a: Great Tusk
|-damage|p2a: Great Tusk|0 fnt
|-unboost|p1a: Walking Wake|spa|2
|faint|p2a: Great Tusk
|-end|p2a: Great Tusk|Protosynthesis|[silent]
|
|-weather|SunnyDay|[upkeep]
|upkeep
|
|t:|1760847140
|switch|p2a: Walking Wake|Walking Wake|100/100
|-activate|p2a: Walking Wake|ability: Protosynthesis
|-start|p2a: Walking Wake|protosynthesisspe
|turn|9
|
|t:|1760847152
|move|p1a: Walking Wake|Draco Meteor|p2a: Walking Wake
|-supereffective|p2a: Walking Wake
|-damage|p2a: Walking Wake|11/100
|-unboost|p1a: Walking Wake|spa|2
|move|p2a: Walking Wake|Hydro Steam|p1a: Walking Wake
|-resisted|p1a: Walking Wake
|-damage|p1a: Walking Wake|20/100
|
|-weather|none
|-end|p2a: Walking Wake|Protosynthesis
|-end|p1a: Walking Wake|Protosynthesis
|upkeep
|turn|10
|
|t:|1760847165
|-end|p1a: Walking Wake|Protosynthesis|[silent]
|switch|p1a: Hatterene|Hatterene, F|100/100
|-damage|p1a: Hatterene|88/100|[from] Stealth Rock
|-item|p1a: Hatterene|Air Balloon
|move|p2a: Walking Wake|Hydro Steam|p1a: Hatterene
|-damage|p1a: Hatterene|30/100
|-enditem|p1a: Hatterene|Air Balloon
|
|upkeep
|turn|11
|c|☆jhghjkhipkjnlp|f
|
|t:|1760847180
|move|p2a: Walking Wake|Hydro Steam|p1a: Hatterene
|-damage|p1a: Hatterene|0 fnt
|faint|p1a: Hatterene
|
|upkeep
|
|t:|1760847190
|switch|p1a: Walking Wake|Walking Wake|20/100
|-damage|p1a: Walking Wake|7/100|[from] Stealth Rock
|turn|12
|
|t:|1760847199
|move|p2a: Walking Wake|Hydro Steam|p1a: Walking Wake
|-resisted|p1a: Walking Wake
|-damage|p1a: Walking Wake|0 fnt
|faint|p1a: Walking Wake
|-end|p1a: Walking Wake|Protosynthesis|[silent]
|
|upkeep
|
|t:|1760847205
|switch|p1a: Lilligant|Lilligant-Hisui, F|91/100
|-damage|p1a: Lilligant|84/100|[from] Stealth Rock
|turn|13
|
|t:|1760847215
|-end|p2a: Walking Wake|Protosynthesis|[silent]
|switch|p2a: Torkoal|Torkoal, M|100/100
|-weather|SunnyDay|[from] ability: Drought|[of] p2a: Torkoal
|move|p1a: Lilligant|Close Combat|p2a: Torkoal
|-damage|p2a: Torkoal|54/100
|-unboost|p1a: Lilligant|def|1
|-unboost|p1a: Lilligant|spd|1
|-damage|p1a: Lilligant|75/100|[from] item: Life Orb
|
|-weather|SunnyDay|[upkeep]
|upkeep
|turn|14
|
|t:|1760847228
|switch|p1a: Glimmora|Glimmora, F|100/100
|-damage|p1a: Glimmora|88/100|[from] Stealth Rock
|switch|p2a: Walking Wake|Walking Wake|11/100
|-activate|p2a: Walking Wake|ability: Protosynthesis
|-start|p2a: Walking Wake|protosynthesisspe
|
|-weather|SunnyDay|[upkeep]
|upkeep
|turn|15
|
|t:|1760847239
|move|p2a: Walking Wake|Hydro Steam|p1a: Glimmora
|-supereffective|p1a: Glimmora
|-damage|p1a: Glimmora|0 fnt
|faint|p1a: Glimmora
|
|-weather|SunnyDay|[upkeep]
|upkeep
|
|t:|1760847249
|switch|p1a: Lilligant|Lilligant-Hisui, F|75/100
|-damage|p1a: Lilligant|68/100|[from] Stealth Rock
|turn|16
|
|t:|1760847256
|move|p1a: Lilligant|Close Combat|p2a: Walking Wake
|-damage|p2a: Walking Wake|0 fnt
|-unboost|p1a: Lilligant|def|1
|-unboost|p1a: Lilligant|spd|1
|faint|p2a: Walking Wake
|-end|p2a: Walking Wake|Protosynthesis|[silent]
|-damage|p1a: Lilligant|59/100|[from] item: Life Orb
|
|-weather|SunnyDay|[upkeep]
|upkeep
|
|t:|1760847264
|switch|p2a: Charizard|Charizard, M|88/100
|turn|17
|inactive|jhghjkhipkjnlp has 120 seconds left.
|
|t:|1760847301
|-terastallize|p2a: Charizard|Fire
|move|p1a: Lilligant|Triple Axel|p2a: Charizard
|-resisted|p2a: Charizard
|-damage|p2a: Charizard|82/100
|-resisted|p2a: Charizard
|-damage|p2a: Charizard|71/100
|-resisted|p2a: Charizard
|-damage|p2a: Charizard|53/100
|-hitcount|p2a: Charizard|3
|-damage|p1a: Lilligant|49/100|[from] item: Life Orb
|move|p2a: Charizard|Weather Ball|p1a: Lilligant
|-supereffective|p1a: Lilligant
|-damage|p1a: Lilligant|0 fnt
|faint|p1a: Lilligant
|
|-weather|SunnyDay|[upkeep]
|-damage|p2a: Charizard|41/100|[from] ability: Solar Power|[of] p2a: Charizard
|upkeep
|c|☆jhghjkhipkjnlp|i troll the game so hard
|
|t:|1760847324
|switch|p1a: Ursaluna|Ursaluna, M, tera:Normal|94/100 brn
|-damage|p1a: Ursaluna|82/100 brn|[from] Stealth Rock
|turn|18
|
|t:|1760847328
|move|p2a: Charizard|Weather Ball|p1a: Ursaluna
|-damage|p1a: Ursaluna|0 fnt
|faint|p1a: Ursaluna
|
|win|SSSSSheng
|raw|jhghjkhipkjnlp's rating: 1407 &rarr; <strong>1390</strong><br />(-17 for losing)
|raw|SSSSSheng's rating: 1460 &rarr; <strong>1477</strong><br />(+17 for winning)
|l|☆jhghjkhipkjnlp
|player|p1|
|l|☆SSSSSheng
|player|p2|
