|j|☆Chris466
|j|☆qwp1027
|t:|1760836796
|gametype|singles
|player|p1|Chris466|red|1344
|player|p2|qwp1027|caitlin-masters|1356
|gen|9
|tier|[Gen 9] OU
|rated|
|rule|HP Percentage Mod: HP is shown in percentages
|rule|Endless Battle Clause: Forcing endless battles is banned
|rule|Species Clause: Limit one of each Pokémon
|rule|OHKO Clause: OHKO moves are banned
|rule|Evasion Items Clause: Evasion items are banned
|rule|Evasion Moves Clause: Evasion moves are banned
|rule|Evasion Abilities Clause: Evasion abilities are banned
|rule|Sleep Moves Clause: Sleep-inducing moves are banned
|clearpoke
|poke|p1|Meowscarada, F|
|poke|p1|Iron Valiant|
|poke|p1|Tyranitar, F|
|poke|p1|Corviknight, M|
|poke|p1|Raging Bolt|
|poke|p1|Gholdengo|
|poke|p2|Pelipper, F|
|poke|p2|Kingdra, F|
|poke|p2|Iron Treads|
|poke|p2|Ogerpon-Wellspring, F|
|poke|p2|Raging Bolt|
|poke|p2|Basculegion-F, F|
|teampreview
|inactive|Battle timer is ON: inactive players will automatically lose when time's up. (requested by qwp1027)
|
|t:|1760836804
|teamsize|p1|6
|teamsize|p2|6
|start
|switch|p1a: Iron Valiant|Iron Valiant|100/100
|switch|p2a: Basculegion|Basculegion-F, F|100/100
|turn|1
|
|t:|1760836807
|move|p2a: Basculegion|Wave Crash|p1a: Iron Valiant
|-damage|p1a: Iron Valiant|10/100
|-damage|p2a: Basculegion|78/100|[from] Recoil
|move|p1a: Iron Valiant|Thunder Punch|p2a: Basculegion
|-supereffective|p2a: Basculegion
|-damage|p2a: Basculegion|0 fnt
|faint|p2a: Basculegion
|
|upkeep
|
|t:|1760836810
|switch|p2a: Iron Treads|Iron Treads|100/100
|turn|2
|
|t:|1760836813
|-end|p1a: Iron Valiant|Quark Drive|[silent]
|switch|p1a: Corviknight|Corviknight, M|100/100
|-ability|p1a: Corviknight|Pressure
|move|p2a: Iron Treads|Rapid Spin|p1a: Corviknight
|-resisted|p1a: Corviknight
|-damage|p1a: Corviknight|95/100
|-boost|p2a: Iron Treads|spe|1
|
|-heal|p1a: Corviknight|100/100|[from] item: Leftovers
|upkeep
|turn|3
|
|t:|1760836819
|-end|p2a: Iron Treads|Quark Drive|[silent]
|switch|p2a: Raging Bolt|Raging Bolt|100/100
|-enditem|p2a: Raging Bolt|Booster Energy
|-activate|p2a: Raging Bolt|ability: Protosynthesis|[fromitem]
|-start|p2a: Raging Bolt|protosynthesisspa
|move|p1a: Corviknight|U-turn|p2a: Raging Bolt
|-damage|p2a: Raging Bolt|88/100
|
|t:|1760836822
|switch|p1a: Tyranitar|Tyranitar, F|100/100|[from] U-turn
|-weather|Sandstorm|[from] ability: Sand Stream|[of] p1a: Tyranitar
|
|-weather|Sandstorm|[upkeep]
|-damage|p2a: Raging Bolt|82/100|[from] Sandstorm
|upkeep
|turn|4
|
|t:|1760836828
|move|p2a: Raging Bolt|Thunderbolt|p1a: Tyranitar
|-damage|p1a: Tyranitar|62/100
|move|p1a: Tyranitar|Earth Power|p2a: Raging Bolt
|-supereffective|p2a: Raging Bolt
|-damage|p2a: Raging Bolt|38/100
|
|-weather|Sandstorm|[upkeep]
|-damage|p2a: Raging Bolt|32/100|[from] Sandstorm
|upkeep
|turn|5
|
|t:|1760836834
|move|p2a: Raging Bolt|Thunderbolt|p1a: Tyranitar
|-damage|p1a: Tyranitar|24/100
|move|p1a: Tyranitar|Stealth Rock|p2a: Raging Bolt
|-sidestart|p2: qwp1027|move: Stealth Rock
|
|-weather|Sandstorm|[upkeep]
|-damage|p2a: Raging Bolt|26/100|[from] Sandstorm
|upkeep
|turn|6
|
|t:|1760836845
|switch|p1a: Raging Bolt|Raging Bolt|100/100
|move|p2a: Raging Bolt|Thunderbolt|p1a: Raging Bolt
|-resisted|p1a: Raging Bolt
|-crit|p1a: Raging Bolt
|-damage|p1a: Raging Bolt|75/100
|
|-weather|Sandstorm|[upkeep]
|-damage|p1a: Raging Bolt|69/100|[from] Sandstorm
|-damage|p2a: Raging Bolt|20/100|[from] Sandstorm
|upkeep
|turn|7
|
|t:|1760836850
|move|p1a: Raging Bolt|Dragon Pulse|p2a: Raging Bolt
|-supereffective|p2a: Raging Bolt
|-crit|p2a: Raging Bolt
|-damage|p2a: Raging Bolt|0 fnt
|faint|p2a: Raging Bolt
|-end|p2a: Raging Bolt|Protosynthesis|[silent]
|
|-weather|none
|upkeep
|
|t:|1760836854
|switch|p2a: Iron Treads|Iron Treads|100/100
|-damage|p2a: Iron Treads|97/100|[from] Stealth Rock
|turn|8
|
|t:|1760836860
|-end|p1a: Raging Bolt|Protosynthesis|[silent]
|switch|p1a: Gholdengo|Gholdengo|100/100
|-item|p1a: Gholdengo|Air Balloon
|move|p2a: Iron Treads|Rapid Spin|p1a: Gholdengo
|-immune|p1a: Gholdengo
|
|-heal|p2a: Iron Treads|100/100|[from] item: Leftovers
|upkeep
|turn|9
|
|t:|1760836865
|move|p2a: Iron Treads|Iron Head|p1a: Gholdengo
|-resisted|p1a: Gholdengo
|-damage|p1a: Gholdengo|88/100
|-enditem|p1a: Gholdengo|Air Balloon
|move|p1a: Gholdengo|Nasty Plot|p1a: Gholdengo
|-boost|p1a: Gholdengo|spa|2
|
|upkeep
|turn|10
|
|t:|1760836872
|-terastallize|p1a: Gholdengo|Fairy
|move|p2a: Iron Treads|Earthquake|p1a: Gholdengo
|-damage|p1a: Gholdengo|55/100
|move|p1a: Gholdengo|Shadow Ball|p2a: Iron Treads
|-damage|p2a: Iron Treads|0 fnt
|faint|p2a: Iron Treads
|-end|p2a: Iron Treads|Quark Drive|[silent]
|
|upkeep
|
|t:|1760836882
|switch|p2a: Ogerpon|Ogerpon-Wellspring, F|100/100
|-damage|p2a: Ogerpon|88/100|[from] Stealth Rock
|turn|11
|
|t:|1760836886
|switch|p1a: Corviknight|Corviknight, M|100/100
|-ability|p1a: Corviknight|Pressure
|move|p2a: Ogerpon|Ivy Cudgel|p1a: Corviknight|[anim] Ivy Cudgel Water
|-damage|p1a: Corviknight|63/100
|
|-heal|p1a: Corviknight|69/100|[from] item: Leftovers
|upkeep
|turn|12
|
|t:|1760836892
|switch|p2a: Pelipper|Pelipper, F|100/100
|-damage|p2a: Pelipper|76/100|[from] Stealth Rock
|-weather|RainDance|[from] ability: Drizzle|[of] p2a: Pelipper
|move|p1a: Corviknight|U-turn|p2a: Pelipper
|-resisted|p2a: Pelipper
|-damage|p2a: Pelipper|68/100
|
|t:|1760836900
|switch|p1a: Raging Bolt|Raging Bolt|69/100|[from] U-turn
|
|-weather|RainDance|[upkeep]
|upkeep
|turn|13
|
|t:|1760836905
|switch|p2a: Ogerpon|Ogerpon-Wellspring, F|88/100
|-damage|p2a: Ogerpon|76/100|[from] Stealth Rock
|move|p1a: Raging Bolt|Volt Switch|p2a: Ogerpon
|-damage|p2a: Ogerpon|26/100
|
|t:|1760836908
|-end|p1a: Raging Bolt|Protosynthesis|[silent]
|switch|p1a: Tyranitar|Tyranitar, F|24/100|[from] Volt Switch
|-weather|Sandstorm|[from] ability: Sand Stream|[of] p1a: Tyranitar
|
|-weather|Sandstorm|[upkeep]
|-damage|p2a: Ogerpon|20/100|[from] Sandstorm
|upkeep
|turn|14
|
|t:|1760836911
|switch|p1a: Corviknight|Corviknight, M|69/100
|-ability|p1a: Corviknight|Pressure
|move|p2a: Ogerpon|Ivy Cudgel|p1a: Corviknight|[anim] Ivy Cudgel Water
|-damage|p1a: Corviknight|37/100
|
|-weather|Sandstorm|[upkeep]
|-damage|p2a: Ogerpon|14/100|[from] Sandstorm
|-heal|p1a: Corviknight|43/100|[from] item: Leftovers
|upkeep
|turn|15
|
|t:|1760836915
|move|p2a: Ogerpon|Swords Dance|p2a: Ogerpon
|-boost|p2a: Ogerpon|atk|2
|move|p1a: Corviknight|Roost|p1a: Corviknight
|-heal|p1a: Corviknight|93/100
|-singleturn|p1a: Corviknight|move: Roost
|
|-weather|Sandstorm|[upkeep]
|-damage|p2a: Ogerpon|8/100|[from] Sandstorm
|-heal|p1a: Corviknight|99/100|[from] item: Leftovers
|upkeep
|turn|16
|
|t:|1760836922
|move|p2a: Ogerpon|Horn Leech|p1a: Corviknight
|-resisted|p1a: Corviknight
|-damage|p1a: Corviknight|86/100
|-heal|p2a: Ogerpon|17/100|[from] drain|[of] p1a: Corviknight
|move|p1a: Corviknight|U-turn|p2a: Ogerpon
|-supereffective|p2a: Ogerpon
|-damage|p2a: Ogerpon|0 fnt
|faint|p2a: Ogerpon
|
|t:|1760836925
|switch|p1a: Iron Valiant|Iron Valiant|10/100|[from] U-turn
|
|-weather|Sandstorm|[upkeep]
|-damage|p1a: Iron Valiant|4/100|[from] Sandstorm
|upkeep
|
|t:|1760836928
|switch|p2a: Pelipper|Pelipper, F|68/100
|-damage|p2a: Pelipper|43/100|[from] Stealth Rock
|-weather|RainDance|[from] ability: Drizzle|[of] p2a: Pelipper
|turn|17
|
|t:|1760836930
|move|p1a: Iron Valiant|Close Combat|p2a: Pelipper
|-resisted|p2a: Pelipper
|-damage|p2a: Pelipper|0 fnt
|-unboost|p1a: Iron Valiant|def|1
|-unboost|p1a: Iron Valiant|spd|1
|faint|p2a: Pelipper
|
|-weather|RainDance|[upkeep]
|upkeep
|
|t:|1760836933
|switch|p2a: Kingdra|Kingdra, F|100/100
|-damage|p2a: Kingdra|88/100|[from] Stealth Rock
|turn|18
|
|t:|1760836936
|-end|p1a: Iron Valiant|Quark Drive|[silent]
|switch|p1a: Tyranitar|Tyranitar, F|24/100
|-weather|Sandstorm|[from] ability: Sand Stream|[of] p1a: Tyranitar
|-terastallize|p2a: Kingdra|Water
|move|p2a: Kingdra|Weather Ball|p1a: Tyranitar
|-damage|p1a: Tyranitar|0 fnt
|faint|p1a: Tyranitar
|
|-weather|Sandstorm|[upkeep]
|-damage|p2a: Kingdra|82/100|[from] Sandstorm
|upkeep
|
|t:|1760836938
|switch|p1a: Iron Valiant|Iron Valiant|4/100
|turn|19
|
|t:|1760836940
|move|p1a: Iron Valiant|Close Combat|p2a: Kingdra
|-damage|p2a: Kingdra|0 fnt
|-unboost|p1a: Iron Valiant|def|1
|-unboost|p1a: Iron Valiant|spd|1
|faint|p2a: Kingdra
|
|win|Chris466
|raw|Chris466's rating: 1344 &rarr; <strong>1365</strong><br />(+21 for winning)
|raw|qwp1027's rating: 1356 &rarr; <strong>1335</strong><br />(-21 for losing)
