|j|☆michael00000000
|j|☆parker757
|t:|1760760617
|gametype|singles
|player|p1|michael00000000|clair|1760
|player|p2|parker757|pokemonranger-gen4|1666
|gen|9
|tier|[Gen 9] OU
|rated|
|rule|HP Percentage Mod: HP is shown in percentages
|rule|Endless Battle Clause: Forcing endless battles is banned
|rule|Species Clause: Limit one of each Pokémon
|rule|OHKO Clause: OHKO moves are banned
|rule|Evasion Items Clause: Evasion items are banned
|rule|Evasion Moves Clause: Evasion moves are banned
|rule|Evasion Abilities Clause: Evasion abilities are banned
|rule|Sleep Moves Clause: Sleep-inducing moves are banned
|clearpoke
|poke|p1|Gardevoir, F|
|poke|p1|Iron Valiant|
|poke|p1|Arcanine, M|
|poke|p1|Hatterene, F|
|poke|p1|Dragapult, F|
|poke|p1|Milotic, F|
|poke|p2|Zapdos|
|poke|p2|Kyurem|
|poke|p2|Slowking-Galar, F|
|poke|p2|Zamazenta-*|
|poke|p2|Iron Treads|
|poke|p2|Samurott-Hisui, F|
|teampreview
|inactive|Battle timer is ON: inactive players will automatically lose when time's up. (requested by parker757)
|
|t:|1760760635
|teamsize|p1|6
|teamsize|p2|6
|start
|switch|p1a: Noir|Hatterene, F, shiny|100/100
|switch|p2a: Samurott|Samurott-Hisui, F|100/100
|turn|1
|
|t:|1760760650
|move|p2a: Samurott|Flip Turn|p1a: Noir
|-damage|p1a: Noir|70/100
|
|t:|1760760652
|switch|p2a: Slowking|Slowking-Galar, F|100/100|[from] Flip Turn
|move|p1a: Noir|Draining Kiss|p2a: Slowking
|-resisted|p2a: Slowking
|-damage|p2a: Slowking|92/100
|-heal|p1a: Noir|79/100|[from] drain|[of] p2a: Slowking
|
|upkeep
|turn|2
|
|t:|1760760654
|move|p1a: Noir|Future Sight|p2a: Slowking
|-start|p1a: Noir|move: Future Sight
|-prepare|p2a: Slowking|Chilly Reception|[premajor]
|move|p2a: Slowking|Chilly Reception|p2a: Slowking
|-weather|Snowscape
|
|t:|1760760656
|switch|p2a: Kyurem|Kyurem|100/100|[from] Chilly Reception
|-ability|p2a: Kyurem|Pressure
|
|-weather|Snowscape|[upkeep]
|upkeep
|turn|3
|
|t:|1760760661
|-terastallize|p2a: Kyurem|Ice
|move|p2a: Kyurem|Freeze-Dry|p1a: Noir
|-damage|p1a: Noir|23/100
|move|p1a: Noir|Draining Kiss|p2a: Kyurem
|-damage|p2a: Kyurem|71/100
|-heal|p1a: Noir|52/100|[from] drain|[of] p2a: Kyurem
|
|-weather|Snowscape|[upkeep]
|upkeep
|turn|4
|
|t:|1760760665
|move|p2a: Kyurem|Freeze-Dry|p1a: Noir
|-damage|p1a: Noir|0 fnt
|faint|p1a: Noir
|
|-weather|Snowscape|[upkeep]
|-end|p2a: Kyurem|move: Future Sight
|-damage|p2a: Kyurem|3/100
|upkeep
|
|t:|1760760673
|switch|p1a: Hermé|Iron Valiant, shiny|100/100
|-enditem|p1a: Hermé|Booster Energy
|-activate|p1a: Hermé|ability: Quark Drive|[fromitem]
|-start|p1a: Hermé|quarkdrivespe
|turn|5
|
|t:|1760760676
|switch|p2a: Slowking|Slowking-Galar, F|100/100
|move|p1a: Hermé|Moonblast|p2a: Slowking
|-resisted|p2a: Slowking
|-damage|p2a: Slowking|89/100
|-unboost|p2a: Slowking|spa|1
|
|-weather|Snowscape|[upkeep]
|upkeep
|turn|6
|
|t:|1760760681
|-terastallize|p1a: Hermé|Dark
|move|p1a: Hermé|Knock Off|p2a: Slowking
|-supereffective|p2a: Slowking
|-damage|p2a: Slowking|0 fnt
|-enditem|p2a: Slowking|Heavy-Duty Boots|[from] move: Knock Off|[of] p1a: Hermé
|faint|p2a: Slowking
|
|-weather|none
|upkeep
|
|t:|1760760686
|switch|p2a: Zapdos|Zapdos, shiny|100/100
|turn|7
|
|t:|1760760693
|move|p1a: Hermé|Moonblast|p2a: Zapdos
|-damage|p2a: Zapdos|66/100
|-unboost|p2a: Zapdos|spa|1
|move|p2a: Zapdos|Discharge|p1a: Hermé
|-damage|p1a: Hermé|57/100
|
|upkeep
|turn|8
|
|t:|1760760708
|move|p1a: Hermé|Moonblast|p2a: Zapdos
|-damage|p2a: Zapdos|26/100
|move|p2a: Zapdos|Discharge|p1a: Hermé
|-damage|p1a: Hermé|9/100
|
|upkeep
|turn|9
|
|t:|1760760714
|move|p1a: Hermé|Moonblast|p2a: Zapdos
|-damage|p2a: Zapdos|0 fnt
|faint|p2a: Zapdos
|
|upkeep
|
|t:|1760760718
|switch|p2a: Iron Treads|Iron Treads|100/100
|turn|10
|
|t:|1760760721
|move|p1a: Hermé|Destiny Bond|p1a: Hermé
|-singlemove|p1a: Hermé|Destiny Bond
|move|p2a: Iron Treads|Rapid Spin|p1a: Hermé
|-damage|p1a: Hermé|0 fnt
|-boost|p2a: Iron Treads|spe|1
|faint|p1a: Hermé
|-activate|p1a: Hermé|move: Destiny Bond
|-end|p1a: Hermé|Quark Drive|[silent]
|faint|p2a: Iron Treads
|-end|p2a: Iron Treads|Quark Drive|[silent]
|
|upkeep
|
|t:|1760760728
|switch|p1a: Nimbus|Arcanine, M|100/100
|switch|p2a: Samurott|Samurott-Hisui, F|100/100
|-ability|p1a: Nimbus|Intimidate|boost
|-unboost|p2a: Samurott|atk|1
|turn|11
|
|t:|1760760731
|move|p1a: Nimbus|Close Combat|p2a: Samurott
|-supereffective|p2a: Samurott
|-damage|p2a: Samurott|0 fnt
|-unboost|p1a: Nimbus|def|1
|-unboost|p1a: Nimbus|spd|1
|faint|p2a: Samurott
|
|upkeep
|
|t:|1760760737
|switch|p2a: Zamazenta|Zamazenta|100/100
|-ability|p2a: Zamazenta|Dauntless Shield|boost
|-boost|p2a: Zamazenta|def|1
|turn|12
|
|t:|1760760740
|switch|p1a: Mercé|Dragapult, F, shiny|100/100
|move|p2a: Zamazenta|Iron Defense|p2a: Zamazenta
|-boost|p2a: Zamazenta|def|2
|
|upkeep
|turn|13
|
|t:|1760760742
|move|p1a: Mercé|Will-O-Wisp|p2a: Zamazenta
|-status|p2a: Zamazenta|brn
|move|p2a: Zamazenta|Crunch|p1a: Mercé
|-supereffective|p1a: Mercé
|-damage|p1a: Mercé|70/100
|
|-damage|p2a: Zamazenta|94/100 brn|[from] brn
|upkeep
|turn|14
|
|t:|1760760745
|move|p1a: Mercé|Hex|p2a: Zamazenta
|-damage|p2a: Zamazenta|43/100 brn
|move|p2a: Zamazenta|Crunch|p1a: Mercé
|-supereffective|p1a: Mercé
|-damage|p1a: Mercé|42/100
|
|-heal|p2a: Zamazenta|50/100 brn|[from] item: Leftovers
|-damage|p2a: Zamazenta|43/100 brn|[from] brn
|upkeep
|turn|15
|-message|parker757 forfeited.
|
|win|michael00000000
|raw|michael00000000's rating: 1760 &rarr; <strong>1775</strong><br />(+15 for winning)
|raw|parker757's rating: 1666 &rarr; <strong>1651</strong><br />(-15 for losing)
|l|☆parker757
|player|p2|
|c|☆michael00000000|gg wp
