|j|☆Princessjosie1001!
|j|☆lemmejusseewassup
|t:|1760885881
|gametype|singles
|player|p1|Princessjosie1001!|nurse|1319
|player|p2|lemmejusseewassup|170|1262
|gen|9
|tier|[Gen 9] OU
|rated|
|rule|HP Percentage Mod: HP is shown in percentages
|rule|Endless Battle Clause: Forcing endless battles is banned
|rule|Species Clause: Limit one of each Pokémon
|rule|OHKO Clause: OHKO moves are banned
|rule|Evasion Items Clause: Evasion items are banned
|rule|Evasion Moves Clause: Evasion moves are banned
|rule|Evasion Abilities Clause: Evasion abilities are banned
|rule|Sleep Moves Clause: Sleep-inducing moves are banned
|clearpoke
|poke|p1|Yanmega, F|
|poke|p1|Cloyster, M|
|poke|p1|Salazzle, F|
|poke|p1|Espeon, M|
|poke|p1|Jirachi|
|poke|p1|Maushold-Four|
|poke|p2|Thundurus-Therian, M|
|poke|p2|Skarmory, F|
|poke|p2|Goodra-Hisui, F|
|poke|p2|Great Tusk|
|poke|p2|Azumarill, M|
|poke|p2|Heatran, F|
|teampreview
|inactive|Battle timer is ON: inactive players will automatically lose when time's up. (requested by lemmejusseewassup)
|
|t:|1760885887
|teamsize|p1|6
|teamsize|p2|6
|start
|switch|p1a: Maushold|Maushold-Four|100/100
|switch|p2a: Thundurus|Thundurus-Therian, M|100/100
|turn|1
|
|t:|1760885893
|move|p2a: Thundurus|Volt Switch|p1a: Maushold
|-damage|p1a: Maushold|40/100
|
|t:|1760885896
|switch|p2a: Skarmory|Skarmory, F|100/100|[from] Volt Switch
|move|p1a: Maushold|Tidy Up|p1a: Maushold
|-boost|p1a: Maushold|atk|1
|-boost|p1a: Maushold|spe|1
|
|upkeep
|turn|2
|
|t:|1760885902
|switch|p1a: No hazard allowed|Espeon, M|100/100
|move|p2a: Skarmory|Spikes|p1a: No hazard allowed
|move|p1a: No hazard allowed|Spikes|p2a: Skarmory|[from] ability: Magic Bounce
|-sidestart|p2: lemmejusseewassup|Spikes
|
|upkeep
|turn|3
|
|t:|1760885911
|switch|p2a: Goodra|Goodra-Hisui, F|100/100
|-damage|p2a: Goodra|88/100|[from] Spikes
|move|p1a: No hazard allowed|Trick|p2a: Goodra
|-activate|p1a: No hazard allowed|move: Trick|[of] p2a: Goodra
|-item|p2a: Goodra|Choice Scarf|[from] move: Trick
|-item|p1a: No hazard allowed|Leftovers|[from] move: Trick
|
|upkeep
|turn|4
|
|t:|1760885919
|move|p1a: No hazard allowed|Thunder Wave|p2a: Goodra
|-status|p2a: Goodra|par
|cant|p2a: Goodra|par
|
|upkeep
|turn|5
|
|t:|1760885924
|move|p1a: No hazard allowed|Shadow Ball|p2a: Goodra
|-damage|p2a: Goodra|69/100 par
|move|p2a: Goodra|Knock Off|p1a: No hazard allowed
|-supereffective|p1a: No hazard allowed
|-damage|p1a: No hazard allowed|0 fnt
|-enditem|p1a: No hazard allowed|Leftovers|[from] move: Knock Off|[of] p2a: Goodra
|faint|p1a: No hazard allowed
|
|upkeep
|
|t:|1760885932
|switch|p1a: Cloyster|Cloyster, M|100/100
|turn|6
|
|t:|1760885937
|move|p1a: Cloyster|Shell Smash|p1a: Cloyster
|-unboost|p1a: Cloyster|def|1
|-unboost|p1a: Cloyster|spd|1
|-boost|p1a: Cloyster|atk|2
|-boost|p1a: Cloyster|spa|2
|-boost|p1a: Cloyster|spe|2
|move|p2a: Goodra|Knock Off|p1a: Cloyster
|-damage|p1a: Cloyster|66/100
|-enditem|p1a: Cloyster|Focus Sash|[from] move: Knock Off|[of] p2a: Goodra
|
|upkeep
|turn|7
|
|t:|1760885948
|switch|p2a: Skarmory|Skarmory, F|100/100
|move|p1a: Cloyster|Shell Smash|p1a: Cloyster
|-unboost|p1a: Cloyster|def|1
|-unboost|p1a: Cloyster|spd|1
|-boost|p1a: Cloyster|atk|2
|-boost|p1a: Cloyster|spa|2
|-boost|p1a: Cloyster|spe|2
|
|upkeep
|turn|8
|
|t:|1760885955
|move|p1a: Cloyster|Icicle Spear|p2a: Skarmory
|-damage|p2a: Skarmory|80/100
|-damage|p2a: Skarmory|59/100
|-damage|p2a: Skarmory|40/100
|-damage|p2a: Skarmory|19/100
|-damage|p2a: Skarmory|0 fnt
|faint|p2a: Skarmory
|-hitcount|p2: Skarmory|5
|
|upkeep
|
|t:|1760885962
|switch|p2a: Azumarill|Azumarill, M|100/100
|-damage|p2a: Azumarill|88/100|[from] Spikes
|turn|9
|
|t:|1760885970
|-terastallize|p2a: Azumarill|Steel
|move|p2a: Azumarill|Aqua Jet|p1a: Cloyster
|-resisted|p1a: Cloyster
|-damage|p1a: Cloyster|47/100
|move|p1a: Cloyster|Icicle Spear|p2a: Azumarill
|-resisted|p2a: Azumarill
|-damage|p2a: Azumarill|70/100
|-resisted|p2a: Azumarill
|-damage|p2a: Azumarill|54/100
|-resisted|p2a: Azumarill
|-damage|p2a: Azumarill|36/100
|-enditem|p2a: Azumarill|Sitrus Berry|[eat]
|-heal|p2a: Azumarill|61/100|[from] item: Sitrus Berry
|-resisted|p2a: Azumarill
|-damage|p2a: Azumarill|43/100
|-resisted|p2a: Azumarill
|-damage|p2a: Azumarill|26/100
|-hitcount|p2a: Azumarill|5
|
|upkeep
|turn|10
|
|t:|1760885985
|-terastallize|p1a: Cloyster|Ice
|move|p1a: Cloyster|Ice Shard|p2a: Azumarill
|-resisted|p2a: Azumarill
|-damage|p2a: Azumarill|0 fnt
|faint|p2a: Azumarill
|
|upkeep
|
|t:|1760885990
|switch|p2a: Goodra|Goodra-Hisui, F|69/100 par
|-damage|p2a: Goodra|57/100 par|[from] Spikes
|turn|11
|
|t:|1760885994
|move|p1a: Cloyster|Icicle Spear|p2a: Goodra
|-damage|p2a: Goodra|15/100 par
|-damage|p2a: Goodra|0 fnt
|faint|p2a: Goodra
|-hitcount|p2: Goodra|2
|
|upkeep
|-message|lemmejusseewassup forfeited.
|
|win|Princessjosie1001!
|raw|Princessjosie1001!'s rating: 1319 &rarr; <strong>1336</strong><br />(+17 for winning)
|raw|lemmejusseewassup's rating: 1262 &rarr; <strong>1241</strong><br />(-21 for losing)
|l|☆lemmejusseewassup
|player|p2|
|l|☆Princessjosie1001!
|player|p1|
