|j|☆Shiyere
|j|☆diggem
|t:|1760778049
|gametype|singles
|player|p1|Shiyere|1|1368
|player|p2|diggem|170|1390
|gen|9
|tier|[Gen 9] OU
|rated|
|rule|HP Percentage Mod: HP is shown in percentages
|rule|Endless Battle Clause: Forcing endless battles is banned
|rule|Species Clause: Limit one of each Pokémon
|rule|OHKO Clause: OHKO moves are banned
|rule|Evasion Items Clause: Evasion items are banned
|rule|Evasion Moves Clause: Evasion moves are banned
|rule|Evasion Abilities Clause: Evasion abilities are banned
|rule|Sleep Moves Clause: Sleep-inducing moves are banned
|clearpoke
|poke|p1|Gliscor, M|
|poke|p1|Tinkaton, F|
|poke|p1|Clodsire, F|
|poke|p1|Slowbro, F|
|poke|p1|Diancie|
|poke|p1|Tsareena, F|
|poke|p2|Kingambit, F|
|poke|p2|Torkoal, F|
|poke|p2|Walking Wake|
|poke|p2|Raging Bolt|
|poke|p2|Venusaur, F|
|poke|p2|Araquanid, F|
|teampreview
|inactive|Battle timer is ON: inactive players will automatically lose when time's up. (requested by diggem)
|inactive|Shiyere also wants the timer to be on.
|
|t:|1760778067
|teamsize|p1|6
|teamsize|p2|6
|start
|switch|p1a: Diancie|Diancie|100/100
|switch|p2a: Araquanid|Araquanid, F|100/100
|turn|1
|
|t:|1760778081
|move|p1a: Diancie|Meteor Beam||[still]
|-prepare|p1a: Diancie|Meteor Beam
|-boost|p1a: Diancie|spa|1
|-enditem|p1a: Diancie|Power Herb
|-anim|p1a: Diancie|Meteor Beam|p2a: Araquanid
|-supereffective|p2a: Araquanid
|-damage|p2a: Araquanid|0 fnt
|faint|p2a: Araquanid
|
|upkeep
|inactive|diggem has 120 seconds left.
|
|t:|1760778114
|switch|p2a: Torkoal|Torkoal, F, shiny|100/100
|-weather|SunnyDay|[from] ability: Drought|[of] p2a: Torkoal
|turn|2
|inactive|diggem has 120 seconds left.
|inactive|Shiyere has 120 seconds left.
|
|t:|1760778154
|switch|p2a: Venusaur|Venusaur, F|100/100
|move|p1a: Diancie|Earth Power|p2a: Venusaur
|-damage|p2a: Venusaur|52/100
|
|-weather|SunnyDay|[upkeep]
|-heal|p2a: Venusaur|58/100|[from] item: Leftovers
|upkeep
|turn|3
|inactive|Shiyere has 120 seconds left.
|
|t:|1760778166
|move|p2a: Venusaur|Solar Beam||[still]
|-prepare|p2a: Venusaur|Solar Beam
|-anim|p2a: Venusaur|Solar Beam|p1a: Diancie
|-supereffective|p1a: Diancie
|-damage|p1a: Diancie|5/100
|move|p1a: Diancie|Earth Power|p2a: Venusaur
|-damage|p2a: Venusaur|6/100
|
|-weather|SunnyDay|[upkeep]
|-heal|p2a: Venusaur|12/100|[from] item: Leftovers
|upkeep
|turn|4
|
|t:|1760778176
|move|p2a: Venusaur|Sludge Bomb|p1a: Diancie
|-damage|p1a: Diancie|0 fnt
|faint|p1a: Diancie
|
|-weather|SunnyDay|[upkeep]
|-heal|p2a: Venusaur|18/100|[from] item: Leftovers
|upkeep
|inactive|Shiyere has 120 seconds left.
|
|t:|1760778191
|switch|p1a: Clodsire|Clodsire, F|100/100
|turn|5
|
|t:|1760778198
|switch|p2a: Walking Wake|Walking Wake|100/100
|-activate|p2a: Walking Wake|ability: Protosynthesis
|-start|p2a: Walking Wake|protosynthesisspa
|move|p1a: Clodsire|Earthquake|p2a: Walking Wake
|-damage|p2a: Walking Wake|37/100
|
|-weather|SunnyDay|[upkeep]
|-heal|p2a: Walking Wake|44/100|[from] item: Leftovers
|upkeep
|turn|6
|
|t:|1760778207
|move|p2a: Walking Wake|Hydro Steam|p1a: Clodsire
|-immune|p1a: Clodsire|[from] ability: Water Absorb
|move|p1a: Clodsire|Earthquake|p2a: Walking Wake
|-damage|p2a: Walking Wake|0 fnt
|faint|p2a: Walking Wake
|-end|p2a: Walking Wake|Protosynthesis|[silent]
|
|-weather|SunnyDay|[upkeep]
|upkeep
|
|t:|1760778216
|switch|p2a: Raging Bolt|Raging Bolt|100/100
|-activate|p2a: Raging Bolt|ability: Protosynthesis
|-start|p2a: Raging Bolt|protosynthesisspa
|turn|7
|
|t:|1760778220
|move|p2a: Raging Bolt|Weather Ball|p1a: Clodsire
|-damage|p1a: Clodsire|48/100
|move|p1a: Clodsire|Earthquake|p2a: Raging Bolt
|-supereffective|p2a: Raging Bolt
|-enditem|p2a: Raging Bolt|Shuca Berry|[eat]
|-enditem|p2a: Raging Bolt|Shuca Berry|[weaken]
|-damage|p2a: Raging Bolt|53/100
|
|-weather|SunnyDay|[upkeep]
|upkeep
|turn|8
|
|t:|1760778230
|move|p2a: Raging Bolt|Weather Ball|p1a: Clodsire
|-damage|p1a: Clodsire|0 fnt
|faint|p1a: Clodsire
|
|-weather|SunnyDay|[upkeep]
|upkeep
|
|t:|1760778235
|switch|p1a: Gliscor|Gliscor, M|100/100
|turn|9
|
|t:|1760778237
|move|p1a: Gliscor|Earthquake|p2a: Raging Bolt
|-supereffective|p2a: Raging Bolt
|-damage|p2a: Raging Bolt|0 fnt
|faint|p2a: Raging Bolt
|-end|p2a: Raging Bolt|Protosynthesis|[silent]
|
|-weather|none
|-status|p1a: Gliscor|tox|[from] item: Toxic Orb
|upkeep
|
|t:|1760778248
|switch|p2a: Torkoal|Torkoal, F, shiny|100/100
|-weather|SunnyDay|[from] ability: Drought|[of] p2a: Torkoal
|turn|10
|l|☆Shiyere
|inactive|Shiyere disconnected and has a minute to reconnect!
|player|p1|
|j|☆Shiyere
|inactive|Shiyere reconnected and has 135 seconds left.
|player|p1|Shiyere|1|
|
|t:|1760778277
|move|p1a: Gliscor|Earthquake|p2a: Torkoal
|-supereffective|p2a: Torkoal
|-damage|p2a: Torkoal|33/100
|move|p2a: Torkoal|Overheat|p1a: Gliscor
|-damage|p1a: Gliscor|0 fnt
|-unboost|p2a: Torkoal|spa|2
|faint|p1a: Gliscor
|
|-weather|SunnyDay|[upkeep]
|upkeep
|inactive|Shiyere has 120 seconds left.
|
|t:|1760778315
|switch|p1a: Slowbro|Slowbro, F|100/100
|turn|11
|
|t:|1760778337
|switch|p2a: Kingambit|Kingambit, F|100/100
|-activate|p2a: Kingambit|ability: Supreme Overlord
|-start|p2a: Kingambit|fallen3|[silent]
|move|p1a: Slowbro|Flamethrower|p2a: Kingambit
|-supereffective|p2a: Kingambit
|-damage|p2a: Kingambit|0 fnt
|faint|p2a: Kingambit
|-end|p2a: Kingambit|fallen3|[silent]
|
|-weather|SunnyDay|[upkeep]
|upkeep
|
|t:|1760778349
|switch|p2a: Venusaur|Venusaur, F|18/100
|turn|12
|-message|diggem forfeited.
|
|win|Shiyere
|raw|Shiyere's rating: 1388 &rarr; <strong>1408</strong><br />(+20 for winning)
|raw|diggem's rating: 1390 &rarr; <strong>1370</strong><br />(-20 for losing)
|l|☆diggem
|player|p2|
|l|☆Shiyere
|player|p1|
