|badge|p1|bronze|gen9ou|100-7
|uhtml|medal-msg|<div class="broadcast-blue">Curious what those medals under the avatar are? PS now has Ladder Seasons! For more information, check out the <a href="https://www.smogon.com/forums/threads/3740067/">thread on Smogon.</a></div>
|j|☆SpongeGar & Patar
|j|‽zeep vs zoop
|t:|1760805505
|gametype|singles
|player|p1|SpongeGar & Patar|101|1840
|player|p2|zeep vs zoop|iris-gen5bw2|1842
|gen|9
|tier|[Gen 9] OU
|rated|
|rule|HP Percentage Mod: HP is shown in percentages
|rule|Endless Battle Clause: Forcing endless battles is banned
|rule|Species Clause: Limit one of each Pokémon
|rule|OHKO Clause: OHKO moves are banned
|rule|Evasion Items Clause: Evasion items are banned
|rule|Evasion Moves Clause: Evasion moves are banned
|rule|Evasion Abilities Clause: Evasion abilities are banned
|rule|Sleep Moves Clause: Sleep-inducing moves are banned
|clearpoke
|poke|p1|Kyurem|
|poke|p1|Corviknight, F|
|poke|p1|Ting-Lu|
|poke|p1|Dondozo, M|
|poke|p1|Slowking-Galar, L99, M|
|poke|p1|Cinderace, F|
|poke|p2|Zamazenta-*|
|poke|p2|Latios, M|
|poke|p2|Weezing-Galar, F|
|poke|p2|Moltres|
|poke|p2|Ting-Lu|
|poke|p2|Gholdengo|
|teampreview
|inactive|Battle timer is ON: inactive players will automatically lose when time's up. (requested by zeep vs zoop)
|j| GracieVGC
|inactive|SpongeGar & Patar has 120 seconds left.
|
|t:|1760805556
|teamsize|p1|6
|teamsize|p2|6
|start
|switch|p1a: Dondozo|Dondozo, M|100/100
|switch|p2a: Latios|Latios, M|100/100
|turn|1
|inactive|SpongeGar & Patar also wants the timer to be on.
|j| weigh666
|inactive|SpongeGar & Patar has 120 seconds left.
|inactive|zeep vs zoop has 120 seconds left.
|
|t:|1760805608
|switch|p1a: Slowking|Slowking-Galar, L99, M|100/100
|move|p2a: Latios|Draco Meteor|p1a: Slowking
|-damage|p1a: Slowking|42/100
|-unboost|p2a: Latios|spa|2
|
|upkeep
|turn|2
|inactive|SpongeGar & Patar has 90 seconds left.
|
|t:|1760805659
|move|p2a: Latios|Draco Meteor|p1a: Slowking
|-damage|p1a: Slowking|10/100
|-unboost|p2a: Latios|spa|2
|move|p1a: Slowking|Toxic|p2a: Latios
|-status|p2a: Latios|tox
|
|-damage|p2a: Latios|95/100 tox|[from] psn
|upkeep
|turn|3
|inactive|SpongeGar & Patar has 60 seconds left.
|inactive|SpongeGar & Patar has 30 seconds left.
|
|t:|1760805709
|switch|p2a: Weezing|Weezing-Galar, F|100/100
|-ability|p2a: Weezing|Neutralizing Gas
|switch|p1a: Ting-Lu|Ting-Lu|100/100
|
|upkeep
|turn|4
|inactive|SpongeGar & Patar has 30 seconds left.
|
|t:|1760805719
|switch|p1a: Slowking|Slowking-Galar, L99, M|10/100
|move|p2a: Weezing|Will-O-Wisp|p1a: Slowking
|-status|p1a: Slowking|brn
|
|-damage|p1a: Slowking|4/100 brn|[from] brn
|upkeep
|turn|5
|
|t:|1760805728
|switch|p1a: Cinderace|Cinderace, F|100/100
|move|p2a: Weezing|Sludge Bomb|p1a: Cinderace
|-damage|p1a: Cinderace|64/100
|
|upkeep
|turn|6
|
|t:|1760805740
|-end|p2a: Weezing|ability: Neutralizing Gas
|switch|p2a: Moltres|Moltres|100/100
|move|p1a: Cinderace|U-turn|p2a: Moltres
|-resisted|p2a: Moltres
|-damage|p2a: Moltres|97/100
|inactive|SpongeGar & Patar has 30 seconds left.
|
|t:|1760805750
|switch|p1a: Kyurem|Kyurem|100/100|[from] U-turn
|-ability|p1a: Kyurem|Pressure
|
|upkeep
|turn|7
|
|t:|1760805760
|switch|p2a: Gholdengo|Gholdengo|100/100
|move|p1a: Kyurem|Freeze-Dry|p2a: Gholdengo
|-resisted|p2a: Gholdengo
|-damage|p2a: Gholdengo|80/100
|
|upkeep
|turn|8
|
|t:|1760805770
|-terastallize|p1a: Kyurem|Ground
|move|p2a: Gholdengo|Make It Rain|p1a: Kyurem
|-damage|p1a: Kyurem|41/100
|-unboost|p2a: Gholdengo|spa|1
|move|p1a: Kyurem|Earth Power|p2a: Gholdengo
|-supereffective|p2a: Gholdengo
|-damage|p2a: Gholdengo|0 fnt
|faint|p2a: Gholdengo
|
|-heal|p1a: Kyurem|47/100|[from] item: Leftovers
|upkeep
|j| Cachou10
|
|t:|1760805782
|switch|p2a: Latios|Latios, M|95/100 tox
|turn|9
|
|t:|1760805791
|move|p1a: Kyurem|Protect|p1a: Kyurem
|-singleturn|p1a: Kyurem|Protect
|move|p2a: Latios|Draco Meteor|p1a: Kyurem
|-activate|p1a: Kyurem|move: Protect
|
|-heal|p1a: Kyurem|53/100|[from] item: Leftovers
|-damage|p2a: Latios|89/100 tox|[from] psn
|upkeep
|turn|10
|
|t:|1760805801
|switch|p2a: Zamazenta|Zamazenta|100/100
|-ability|p2a: Zamazenta|Dauntless Shield|boost
|-boost|p2a: Zamazenta|def|1
|switch|p1a: Corviknight|Corviknight, F|100/100
|-ability|p1a: Corviknight|Pressure
|
|upkeep
|turn|11
|
|t:|1760805811
|switch|p1a: Dondozo|Dondozo, M|100/100
|-terastallize|p2a: Zamazenta|Fighting
|move|p2a: Zamazenta|Close Combat|p1a: Dondozo
|-damage|p1a: Dondozo|45/100
|-unboost|p2a: Zamazenta|def|1
|-unboost|p2a: Zamazenta|spd|1
|
|-heal|p1a: Dondozo|51/100|[from] item: Leftovers
|upkeep
|turn|12
|inactive|SpongeGar & Patar has 60 seconds left.
|
|t:|1760805821
|switch|p2a: Latios|Latios, M|89/100 tox
|switch|p1a: Slowking|Slowking-Galar, L99, M|4/100 brn
|
|-damage|p2a: Latios|83/100 tox|[from] psn
|-damage|p1a: Slowking|0 fnt|[from] brn
|faint|p1a: Slowking
|upkeep
|inactive|SpongeGar & Patar has 60 seconds left.
|
|t:|1760805830
|switch|p1a: Cinderace|Cinderace, F|64/100
|turn|13
|
|t:|1760805843
|move|p1a: Cinderace|U-turn|p2a: Latios
|-supereffective|p2a: Latios
|-damage|p2a: Latios|31/100 tox
|
|t:|1760805853
|switch|p1a: Corviknight|Corviknight, F|100/100|[from] U-turn
|-ability|p1a: Corviknight|Pressure
|move|p2a: Latios|Trick|p1a: Corviknight
|-activate|p2a: Latios|move: Trick|[of] p1a: Corviknight
|-item|p1a: Corviknight|Choice Specs|[from] move: Trick
|-item|p2a: Latios|Rocky Helmet|[from] move: Trick
|
|-damage|p2a: Latios|19/100 tox|[from] psn
|upkeep
|turn|14
|
|t:|1760805867
|switch|p2a: Moltres|Moltres|97/100
|move|p1a: Corviknight|Roost||[still]
|-fail|p1a: Corviknight|heal
|
|upkeep
|turn|15
|
|t:|1760805877
|switch|p1a: Dondozo|Dondozo, M|51/100
|move|p2a: Moltres|Will-O-Wisp|p1a: Dondozo
|-status|p1a: Dondozo|brn
|
|-heal|p1a: Dondozo|57/100 brn|[from] item: Leftovers
|-damage|p1a: Dondozo|51/100 brn|[from] brn
|upkeep
|turn|16
|
|t:|1760805886
|switch|p2a: Ting-Lu|Ting-Lu|100/100
|-ability|p2a: Ting-Lu|Vessel of Ruin
|move|p1a: Dondozo|Rest|p1a: Dondozo
|-status|p1a: Dondozo|slp|[from] move: Rest
|-heal|p1a: Dondozo|100/100 slp|[silent]
|
|upkeep
|turn|17
|
|t:|1760805896
|switch|p1a: Kyurem|Kyurem, tera:Ground|53/100
|-ability|p1a: Kyurem|Pressure
|move|p2a: Ting-Lu|Ruination|p1a: Kyurem
|-damage|p1a: Kyurem|27/100
|
|-heal|p1a: Kyurem|33/100|[from] item: Leftovers
|upkeep
|turn|18
|inactive|SpongeGar & Patar has 90 seconds left.
|
|t:|1760805906
|move|p1a: Kyurem|Protect|p1a: Kyurem
|-singleturn|p1a: Kyurem|Protect
|move|p2a: Ting-Lu|Earthquake|p1a: Kyurem
|-activate|p1a: Kyurem|move: Protect
|
|-heal|p1a: Kyurem|39/100|[from] item: Leftovers
|upkeep
|turn|19
|inactive|SpongeGar & Patar has 90 seconds left.
|j| sgCURRY3
|inactive|SpongeGar & Patar has 60 seconds left.
|
|t:|1760805955
|move|p1a: Kyurem|Freeze-Dry|p2a: Ting-Lu
|-supereffective|p2a: Ting-Lu
|-damage|p2a: Ting-Lu|70/100
|move|p2a: Ting-Lu|Earthquake|p1a: Kyurem
|-damage|p1a: Kyurem|3/100
|
|-heal|p1a: Kyurem|9/100|[from] item: Leftovers
|upkeep
|turn|20
|l| sgCURRY3
|inactive|SpongeGar & Patar has 30 seconds left.
|inactive|SpongeGar & Patar has 20 seconds left.
|inactive|SpongeGar & Patar has 15 seconds left.
|
|t:|1760806005
|move|p1a: Kyurem|Freeze-Dry|p2a: Ting-Lu
|-supereffective|p2a: Ting-Lu
|-damage|p2a: Ting-Lu|42/100
|move|p2a: Ting-Lu|Stealth Rock|p1a: Kyurem
|-sidestart|p1: SpongeGar & Patar|move: Stealth Rock
|
|-heal|p1a: Kyurem|15/100|[from] item: Leftovers
|upkeep
|turn|21
|inactive|SpongeGar & Patar has 25 seconds left this turn.
|inactive|SpongeGar & Patar has 20 seconds left.
|
|t:|1760806015
|move|p1a: Kyurem|Protect|p1a: Kyurem
|-singleturn|p1a: Kyurem|Protect
|move|p2a: Ting-Lu|Earthquake|p1a: Kyurem
|-activate|p1a: Kyurem|move: Protect
|
|-heal|p1a: Kyurem|21/100|[from] item: Leftovers
|upkeep
|turn|22
|inactive|SpongeGar & Patar has 30 seconds left this turn.
|
|t:|1760806024
|switch|p1a: Corviknight|Corviknight, F|100/100
|-damage|p1a: Corviknight|88/100|[from] Stealth Rock
|-ability|p1a: Corviknight|Pressure
|move|p2a: Ting-Lu|Earthquake|p1a: Corviknight
|-immune|p1a: Corviknight
|
|upkeep
|turn|23
|inactive|SpongeGar & Patar has 30 seconds left.
|
|t:|1760806033
|move|p1a: Corviknight|Brave Bird|p2a: Ting-Lu
|-damage|p2a: Ting-Lu|21/100
|-damage|p1a: Corviknight|72/100|[from] item: Rocky Helmet|[of] p2a: Ting-Lu
|-damage|p1a: Corviknight|62/100|[from] Recoil
|move|p2a: Ting-Lu|Earthquake|p1a: Corviknight
|-immune|p1a: Corviknight
|
|upkeep
|turn|24
|
|t:|1760806042
|switch|p2a: Moltres|Moltres|97/100
|move|p1a: Corviknight|Brave Bird|p2a: Moltres
|-damage|p2a: Moltres|72/100
|-damage|p1a: Corviknight|54/100|[from] Recoil
|
|upkeep
|turn|25
|
|t:|1760806052
|move|p1a: Corviknight|Brave Bird|p2a: Moltres
|-crit|p2a: Moltres
|-damage|p2a: Moltres|32/100
|-damage|p1a: Corviknight|42/100|[from] Recoil
|move|p2a: Moltres|Roar|p1a: Corviknight
|drag|p1a: Dondozo|Dondozo, M|100/100 slp
|-damage|p1a: Dondozo|88/100 slp|[from] Stealth Rock
|
|-heal|p1a: Dondozo|94/100 slp|[from] item: Leftovers
|upkeep
|turn|26
|
|t:|1760806062
|switch|p1a: Cinderace|Cinderace, F|64/100
|move|p2a: Moltres|Roost|p2a: Moltres
|-heal|p2a: Moltres|82/100
|-singleturn|p2a: Moltres|move: Roost
|
|upkeep
|turn|27
|
|t:|1760806071
|move|p1a: Cinderace|Will-O-Wisp|p2a: Moltres
|-immune|p2a: Moltres
|move|p2a: Moltres|Flamethrower|p1a: Cinderace
|-resisted|p1a: Cinderace
|-damage|p1a: Cinderace|42/100
|
|upkeep
|turn|28
|j| jsnsddk
|
|t:|1760806081
|move|p1a: Cinderace|Will-O-Wisp|p2a: Moltres
|-immune|p2a: Moltres
|move|p2a: Moltres|Flamethrower|p1a: Cinderace
|-resisted|p1a: Cinderace
|-damage|p1a: Cinderace|20/100
|
|upkeep
|turn|29
|
|t:|1760806091
|move|p1a: Cinderace|Court Change|p1a: Cinderace
|-swapsideconditions
|-activate|p1a: Cinderace|move: Court Change
|move|p2a: Moltres|Roost|p2a: Moltres
|-heal|p2a: Moltres|100/100
|-singleturn|p2a: Moltres|move: Roost
|
|upkeep
|turn|30
|inactive|SpongeGar & Patar has 60 seconds left.
|
|t:|1760806100
|move|p1a: Cinderace|U-turn|p2a: Moltres
|-resisted|p2a: Moltres
|-damage|p2a: Moltres|97/100
|inactive|SpongeGar & Patar has 60 seconds left.
|
|t:|1760806110
|switch|p1a: Dondozo|Dondozo, M|94/100 slp|[from] U-turn
|move|p2a: Moltres|Flamethrower|p1a: Dondozo
|-resisted|p1a: Dondozo
|-damage|p1a: Dondozo|76/100 slp
|
|-heal|p1a: Dondozo|82/100 slp|[from] item: Leftovers
|upkeep
|turn|31
|
|t:|1760806119
|switch|p2a: Weezing|Weezing-Galar, F|100/100
|-ability|p2a: Weezing|Neutralizing Gas
|cant|p1a: Dondozo|slp
|
|-heal|p1a: Dondozo|88/100 slp|[from] item: Leftovers
|upkeep
|turn|32
|
|t:|1760806129
|move|p2a: Weezing|Defog|p1a: Dondozo
|-unboost|p1a: Dondozo|evasion|1
|-sideend|p2: zeep vs zoop|Stealth Rock|[from] move: Defog|[of] p2a: Weezing
|cant|p1a: Dondozo|slp
|
|-heal|p1a: Dondozo|95/100 slp|[from] item: Leftovers
|upkeep
|turn|33
|
|t:|1760806139
|-end|p2a: Weezing|ability: Neutralizing Gas
|switch|p2a: Latios|Latios, M|19/100 tox
|-curestatus|p1a: Dondozo|slp|[msg]
|move|p1a: Dondozo|Waterfall|p2a: Latios
|-resisted|p2a: Latios
|-damage|p2a: Latios|1/100 tox
|-damage|p1a: Dondozo|78/100|[from] item: Rocky Helmet|[of] p2a: Latios
|
|-heal|p1a: Dondozo|84/100|[from] item: Leftovers
|-damage|p2a: Latios|0 fnt|[from] psn
|faint|p2a: Latios
|upkeep
|
|t:|1760806149
|switch|p2a: Zamazenta|Zamazenta, tera:Fighting|100/100
|turn|34
|
|t:|1760806158
|move|p2a: Zamazenta|Close Combat|p1a: Dondozo
|-damage|p1a: Dondozo|31/100
|-unboost|p2a: Zamazenta|def|1
|-unboost|p2a: Zamazenta|spd|1
|move|p1a: Dondozo|Curse|p1a: Dondozo
|-unboost|p1a: Dondozo|spe|1
|-boost|p1a: Dondozo|atk|1
|-boost|p1a: Dondozo|def|1
|
|-heal|p1a: Dondozo|37/100|[from] item: Leftovers
|upkeep
|turn|35
|inactive|SpongeGar & Patar has 90 seconds left.
|
|t:|1760806167
|move|p2a: Zamazenta|Close Combat|p1a: Dondozo
|-damage|p1a: Dondozo|0 fnt
|-unboost|p2a: Zamazenta|def|1
|-unboost|p2a: Zamazenta|spd|1
|faint|p1a: Dondozo
|
|upkeep
|inactive|SpongeGar & Patar has 90 seconds left.
|inactive|SpongeGar & Patar has 60 seconds left.
|
|t:|1760806215
|switch|p1a: Kyurem|Kyurem, tera:Ground|21/100
|-ability|p1a: Kyurem|Pressure
|turn|36
|inactive|SpongeGar & Patar has 30 seconds left.
|inactive|SpongeGar & Patar has 20 seconds left.
|inactive|SpongeGar & Patar has 15 seconds left.
|
|t:|1760806263
|switch|p2a: Moltres|Moltres|97/100
|move|p1a: Kyurem|Protect||[still]
|-fail|p1a: Kyurem
|
|-heal|p1a: Kyurem|27/100|[from] item: Leftovers
|upkeep
|turn|37
|inactive|SpongeGar & Patar has 25 seconds left this turn.
|inactive|SpongeGar & Patar has 20 seconds left.
|
|t:|1760806272
|move|p1a: Kyurem|Protect|p1a: Kyurem
|-singleturn|p1a: Kyurem|Protect
|move|p2a: Moltres|Flamethrower|p1a: Kyurem
|-activate|p1a: Kyurem|move: Protect
|
|-heal|p1a: Kyurem|34/100|[from] item: Leftovers
|upkeep
|turn|38
|inactive|SpongeGar & Patar has 30 seconds left this turn.
|
|t:|1760806281
|move|p1a: Kyurem|Freeze-Dry|p2a: Moltres
|-damage|p2a: Moltres|59/100
|-status|p2a: Moltres|frz
|cant|p2a: Moltres|frz
|
|-heal|p1a: Kyurem|40/100|[from] item: Leftovers
|upkeep
|turn|39
|inactive|SpongeGar & Patar has 30 seconds left.
|
|t:|1760806291
|move|p1a: Kyurem|Substitute|p1a: Kyurem
|-start|p1a: Kyurem|Substitute
|-damage|p1a: Kyurem|15/100
|cant|p2a: Moltres|frz
|
|-heal|p1a: Kyurem|21/100|[from] item: Leftovers
|upkeep
|turn|40
|
|t:|1760806300
|move|p1a: Kyurem|Freeze-Dry|p2a: Moltres
|-damage|p2a: Moltres|22/100 frz
|cant|p2a: Moltres|frz
|
|-heal|p1a: Kyurem|27/100|[from] item: Leftovers
|upkeep
|turn|41
|
|t:|1760806309
|move|p1a: Kyurem|Freeze-Dry|p2a: Moltres
|-damage|p2a: Moltres|0 fnt
|faint|p2a: Moltres
|
|-heal|p1a: Kyurem|33/100|[from] item: Leftovers
|upkeep
|
|t:|1760806312
|switch|p2a: Ting-Lu|Ting-Lu|21/100
|-ability|p2a: Ting-Lu|Vessel of Ruin
|turn|42
|
|t:|1760806321
|move|p1a: Kyurem|Freeze-Dry|p2a: Ting-Lu
|-supereffective|p2a: Ting-Lu
|-damage|p2a: Ting-Lu|0 fnt
|faint|p2a: Ting-Lu
|
|-heal|p1a: Kyurem|40/100|[from] item: Leftovers
|upkeep
|
|t:|1760806324
|switch|p2a: Zamazenta|Zamazenta, tera:Fighting|100/100
|turn|43
|inactive|SpongeGar & Patar has 60 seconds left.
|
|t:|1760806333
|move|p1a: Kyurem|Protect|p1a: Kyurem
|-singleturn|p1a: Kyurem|Protect
|move|p2a: Zamazenta|Crunch|p1a: Kyurem
|-activate|p1a: Kyurem|move: Protect
|
|-heal|p1a: Kyurem|46/100|[from] item: Leftovers
|upkeep
|turn|44
|
|t:|1760806342
|move|p2a: Zamazenta|Crunch|p1a: Kyurem
|-end|p1a: Kyurem|Substitute
|move|p1a: Kyurem|Earth Power|p2a: Zamazenta
|-damage|p2a: Zamazenta|55/100
|
|-heal|p1a: Kyurem|52/100|[from] item: Leftovers
|upkeep
|turn|45
|
|t:|1760806351
|move|p2a: Zamazenta|Crunch|p1a: Kyurem
|-damage|p1a: Kyurem|16/100
|move|p1a: Kyurem|Freeze-Dry|p2a: Zamazenta
|-damage|p2a: Zamazenta|24/100
|
|-heal|p1a: Kyurem|22/100|[from] item: Leftovers
|upkeep
|turn|46
|
|t:|1760806360
|move|p1a: Kyurem|Protect|p1a: Kyurem
|-singleturn|p1a: Kyurem|Protect
|move|p2a: Zamazenta|Crunch|p1a: Kyurem
|-activate|p1a: Kyurem|move: Protect
|
|-heal|p1a: Kyurem|28/100|[from] item: Leftovers
|upkeep
|turn|47
|
|t:|1760806369
|switch|p1a: Cinderace|Cinderace, F|20/100
|move|p2a: Zamazenta|Crunch|p1a: Cinderace
|-damage|p1a: Cinderace|0 fnt
|faint|p1a: Cinderace
|
|upkeep
|
|t:|1760806377
|switch|p1a: Corviknight|Corviknight, F|42/100
|-ability|p1a: Corviknight|Pressure
|turn|48
|
|t:|1760806385
|move|p2a: Zamazenta|Crunch|p1a: Corviknight
|-damage|p1a: Corviknight|20/100
|move|p1a: Corviknight|U-turn|p2a: Zamazenta
|-resisted|p2a: Zamazenta
|-damage|p2a: Zamazenta|18/100
|
|t:|1760806393
|switch|p1a: Kyurem|Kyurem, tera:Ground|28/100|[from] U-turn
|-ability|p1a: Kyurem|Pressure
|
|-heal|p1a: Kyurem|34/100|[from] item: Leftovers
|upkeep
|turn|49
|inactive|SpongeGar & Patar has 90 seconds left.
|
|t:|1760806401
|move|p1a: Kyurem|Protect|p1a: Kyurem
|-singleturn|p1a: Kyurem|Protect
|move|p2a: Zamazenta|Crunch|p1a: Kyurem
|-activate|p1a: Kyurem|move: Protect
|
|-heal|p1a: Kyurem|40/100|[from] item: Leftovers
|upkeep
|turn|50
|inactive|SpongeGar & Patar has 90 seconds left.
|j| Dude201
|j| UnovaIsTheBestGen
|inactive|SpongeGar & Patar has 60 seconds left.
|
|t:|1760806442
|move|p2a: Zamazenta|Crunch|p1a: Kyurem
|-damage|p1a: Kyurem|6/100
|move|p1a: Kyurem|Freeze-Dry|p2a: Zamazenta
|-damage|p2a: Zamazenta|0 fnt
|faint|p2a: Zamazenta
|
|-heal|p1a: Kyurem|12/100|[from] item: Leftovers
|upkeep
|l| UnovaIsTheBestGen
|-message|zeep vs zoop forfeited.
|
|win|SpongeGar & Patar
|raw|SpongeGar &amp; Patar's rating: 1840 &rarr; <strong>1860</strong><br />(+20 for winning)
|raw|zeep vs zoop's rating: 1842 &rarr; <strong>1822</strong><br />(-20 for losing)
|l|☆SpongeGar & Patar
|player|p1|
|l|‽zeep vs zoop
|player|p2|
|l| Dude201
