|j|☆Ivanpmd
|j|☆amishrobott
|t:|1760882515
|gametype|singles
|player|p1|Ivanpmd|cheren-gen5bw2|1139
|player|p2|amishrobott|janitor|1196
|gen|9
|tier|[Gen 9] OU
|rated|
|rule|HP Percentage Mod: HP is shown in percentages
|rule|Endless Battle Clause: Forcing endless battles is banned
|rule|Species Clause: Limit one of each Pokémon
|rule|OHKO Clause: OHKO moves are banned
|rule|Evasion Items Clause: Evasion items are banned
|rule|Evasion Moves Clause: Evasion moves are banned
|rule|Evasion Abilities Clause: Evasion abilities are banned
|rule|Sleep Moves Clause: Sleep-inducing moves are banned
|clearpoke
|poke|p1|Ninetales, F|
|poke|p1|Hatterene, F|
|poke|p1|Great Tusk|
|poke|p1|Walking Wake|
|poke|p1|Ceruledge, M|
|poke|p1|Venusaur, M|
|poke|p2|Slowbro-Galar, M|
|poke|p2|Braviary-Hisui, M|
|poke|p2|Meowscarada, F|
|poke|p2|Iron Hands|
|poke|p2|Comfey, M|
|poke|p2|Incineroar, F|
|teampreview
|inactive|Battle timer is ON: inactive players will automatically lose when time's up. (requested by amishrobott)
|inactive|Ivanpmd also wants the timer to be on.
|
|t:|1760882535
|teamsize|p1|6
|teamsize|p2|6
|start
|switch|p1a: Ninetales|Ninetales, F, shiny|100/100
|switch|p2a: Braviary|Braviary-Hisui, M, shiny|100/100
|-weather|SunnyDay|[from] ability: Drought|[of] p1a: Ninetales
|turn|1
|
|t:|1760882556
|switch|p1a: Ceruledge|Ceruledge, M, shiny|100/100
|move|p2a: Braviary|Agility|p2a: Braviary
|-boost|p2a: Braviary|spe|2
|
|-weather|SunnyDay|[upkeep]
|upkeep
|turn|2
|
|t:|1760882564
|move|p2a: Braviary|Psychic|p1a: Ceruledge
|-damage|p1a: Ceruledge|1/100
|move|p1a: Ceruledge|Swords Dance|p1a: Ceruledge
|-boost|p1a: Ceruledge|atk|2
|
|-weather|SunnyDay|[upkeep]
|upkeep
|turn|3
|
|t:|1760882571
|move|p1a: Ceruledge|Shadow Sneak|p2a: Braviary
|-supereffective|p2a: Braviary
|-damage|p2a: Braviary|0 fnt
|faint|p2a: Braviary
|
|-weather|SunnyDay|[upkeep]
|upkeep
|
|t:|1760882577
|switch|p2a: Comfey|Comfey, M, shiny|100/100
|turn|4
|
|t:|1760882588
|move|p2a: Comfey|Draining Kiss|p1a: Ceruledge
|-resisted|p1a: Ceruledge
|-damage|p1a: Ceruledge|0 fnt
|faint|p1a: Ceruledge
|
|-weather|SunnyDay|[upkeep]
|upkeep
|
|t:|1760882606
|switch|p1a: Hatterene|Hatterene, F, shiny|100/100
|turn|5
|
|t:|1760882614
|switch|p2a: Slowbro|Slowbro-Galar, M, shiny|100/100
|move|p1a: Hatterene|Psychic Noise|p2a: Slowbro
|-damage|p2a: Slowbro|63/100
|-start|p2a: Slowbro|move: Heal Block
|
|-weather|SunnyDay|[upkeep]
|upkeep
|turn|6
|-activate|p2a: Slowbro|ability: Quick Draw
|
|t:|1760882625
|move|p2a: Slowbro|Shell Side Arm|p1a: Hatterene|[anim] Shell Side Arm Physical
|-supereffective|p1a: Hatterene
|-damage|p1a: Hatterene|32/100
|-hint|Physical Shell Side Arm
|-enditem|p1a: Hatterene|Eject Button
|
|t:|1760882634
|switch|p1a: Great Tusk|Great Tusk, shiny|100/100
|-activate|p1a: Great Tusk|ability: Protosynthesis
|-start|p1a: Great Tusk|protosynthesisatk
|
|-weather|SunnyDay|[upkeep]
|-end|p2a: Slowbro|move: Heal Block
|upkeep
|turn|7
|
|t:|1760882647
|switch|p2a: Incineroar|Incineroar, F, shiny|100/100
|-ability|p2a: Incineroar|Intimidate|boost
|-unboost|p1a: Great Tusk|atk|1
|move|p1a: Great Tusk|Headlong Rush|p2a: Incineroar
|-supereffective|p2a: Incineroar
|-damage|p2a: Incineroar|0 fnt
|-unboost|p1a: Great Tusk|def|1
|-unboost|p1a: Great Tusk|spd|1
|faint|p2a: Incineroar
|
|-weather|SunnyDay|[upkeep]
|upkeep
|
|t:|1760882659
|switch|p2a: Meowscarada|Meowscarada, F|100/100
|turn|8
|
|t:|1760882673
|-end|p1a: Great Tusk|Protosynthesis|[silent]
|switch|p1a: Lechuga|Venusaur, M, shiny|100/100
|move|p2a: Meowscarada|Triple Axel|p1a: Lechuga
|-start|p2a: Meowscarada|typechange|Ice|[from] ability: Protean
|-supereffective|p1a: Lechuga
|-damage|p1a: Lechuga|74/100
|-supereffective|p1a: Lechuga
|-damage|p1a: Lechuga|22/100
|-supereffective|p1a: Lechuga
|-damage|p1a: Lechuga|0 fnt
|faint|p1a: Lechuga
|-hitcount|p1: Lechuga|3
|
|-weather|none
|upkeep
|
|t:|1760882685
|switch|p1a: Ninetales|Ninetales, F, shiny|100/100
|-weather|SunnyDay|[from] ability: Drought|[of] p1a: Ninetales
|turn|9
|
|t:|1760882693
|move|p2a: Meowscarada|U-turn|p1a: Ninetales
|-resisted|p1a: Ninetales
|-damage|p1a: Ninetales|87/100
|
|t:|1760882698
|switch|p2a: Iron Hands|Iron Hands|100/100|[from] U-turn
|move|p1a: Ninetales|Will-O-Wisp|p2a: Iron Hands
|-status|p2a: Iron Hands|brn
|
|-weather|SunnyDay|[upkeep]
|-damage|p2a: Iron Hands|94/100 brn|[from] brn
|upkeep
|turn|10
|
|t:|1760882728
|move|p1a: Ninetales|Healing Wish|p1a: Ninetales
|faint|p1a: Ninetales
|move|p2a: Iron Hands|Swords Dance|p2a: Iron Hands
|-boost|p2a: Iron Hands|atk|2
|
|-weather|SunnyDay|[upkeep]
|-heal|p2a: Iron Hands|100/100 brn|[from] item: Leftovers
|-damage|p2a: Iron Hands|94/100 brn|[from] brn
|upkeep
|
|t:|1760882735
|switch|p1a: Hatterene|Hatterene, F, shiny|32/100
|-heal|p1a: Hatterene|100/100|[from] move: Healing Wish
|turn|11
|
|t:|1760882745
|move|p2a: Iron Hands|Supercell Slam|p1a: Hatterene
|-damage|p1a: Hatterene|52/100
|move|p1a: Hatterene|Psychic Noise|p2a: Iron Hands
|-supereffective|p2a: Iron Hands
|-damage|p2a: Iron Hands|40/100 brn
|-start|p2a: Iron Hands|move: Heal Block
|
|-weather|SunnyDay|[upkeep]
|-damage|p2a: Iron Hands|34/100 brn|[from] brn
|upkeep
|turn|12
|
|t:|1760882756
|move|p2a: Iron Hands|Ice Punch|p1a: Hatterene
|-damage|p1a: Hatterene|28/100
|move|p1a: Hatterene|Dazzling Gleam|p2a: Iron Hands
|-supereffective|p2a: Iron Hands
|-damage|p2a: Iron Hands|0 fnt
|faint|p2a: Iron Hands
|-end|p2a: Iron Hands|Quark Drive|[silent]
|
|-weather|SunnyDay|[upkeep]
|upkeep
|
|t:|1760882765
|switch|p2a: Slowbro|Slowbro-Galar, M, shiny|63/100
|turn|13
|
|t:|1760882770
|move|p2a: Slowbro|Shell Side Arm|p1a: Hatterene|[anim] Shell Side Arm Physical
|-supereffective|p1a: Hatterene
|-damage|p1a: Hatterene|0 fnt
|-hint|Physical Shell Side Arm
|faint|p1a: Hatterene
|
|-weather|SunnyDay|[upkeep]
|upkeep
|
|t:|1760882776
|switch|p1a: Walking Wake|Walking Wake|100/100
|-activate|p1a: Walking Wake|ability: Protosynthesis
|-start|p1a: Walking Wake|protosynthesisspe
|turn|14
|
|t:|1760882784
|-terastallize|p1a: Walking Wake|Stellar
|move|p1a: Walking Wake|Hydro Steam|p2a: Slowbro
|-damage|p2a: Slowbro|0 fnt
|faint|p2a: Slowbro
|-damage|p1a: Walking Wake|91/100|[from] item: Life Orb
|
|-weather|SunnyDay|[upkeep]
|upkeep
|
|t:|1760882795
|switch|p2a: Meowscarada|Meowscarada, F|100/100
|turn|15
|
|t:|1760882803
|move|p1a: Walking Wake|Flamethrower|p2a: Meowscarada
|-supereffective|p2a: Meowscarada
|-damage|p2a: Meowscarada|0 fnt
|faint|p2a: Meowscarada
|-damage|p1a: Walking Wake|81/100|[from] item: Life Orb
|
|-weather|SunnyDay|[upkeep]
|upkeep
|
|t:|1760882810
|switch|p2a: Comfey|Comfey, M, shiny|100/100
|turn|16
|
|t:|1760882815
|-terastallize|p2a: Comfey|Fairy
|move|p2a: Comfey|Draining Kiss|p1a: Walking Wake
|-supereffective|p1a: Walking Wake
|-damage|p1a: Walking Wake|26/100
|move|p1a: Walking Wake|Hydro Steam|p2a: Comfey
|-damage|p2a: Comfey|19/100
|-damage|p1a: Walking Wake|16/100|[from] item: Life Orb
|
|-weather|none
|-end|p1a: Walking Wake|Protosynthesis
|upkeep
|turn|17
|
|t:|1760882827
|move|p2a: Comfey|Draining Kiss|p1a: Walking Wake
|-supereffective|p1a: Walking Wake
|-damage|p1a: Walking Wake|0 fnt
|-heal|p2a: Comfey|32/100|[from] drain|[of] p1a: Walking Wake
|faint|p1a: Walking Wake
|-end|p1a: Walking Wake|Protosynthesis|[silent]
|
|upkeep
|c|☆Ivanpmd|Gg
|
|t:|1760882835
|switch|p1a: Great Tusk|Great Tusk, shiny|100/100
|turn|18
|
|t:|1760882842
|move|p2a: Comfey|Draining Kiss|p1a: Great Tusk
|-supereffective|p1a: Great Tusk
|-damage|p1a: Great Tusk|27/100
|-heal|p2a: Comfey|99/100|[from] drain|[of] p1a: Great Tusk
|move|p1a: Great Tusk|Headlong Rush|p2a: Comfey
|-damage|p2a: Comfey|37/100
|-unboost|p1a: Great Tusk|def|1
|-unboost|p1a: Great Tusk|spd|1
|-enditem|p2a: Comfey|Kee Berry|[eat]
|-boost|p2a: Comfey|def|1|[from] item: Kee Berry
|
|upkeep
|turn|19
|
|t:|1760882854
|move|p2a: Comfey|Draining Kiss|p1a: Great Tusk
|-supereffective|p1a: Great Tusk
|-damage|p1a: Great Tusk|0 fnt
|-heal|p2a: Comfey|62/100|[from] drain|[of] p1a: Great Tusk
|faint|p1a: Great Tusk
|-end|p1a: Great Tusk|Protosynthesis|[silent]
|
|win|amishrobott
|raw|Ivanpmd's rating: 1139 &rarr; <strong>1118</strong><br />(-21 for losing)
|raw|amishrobott's rating: 1196 &rarr; <strong>1217</strong><br />(+21 for winning)
