|j|‽mantikarp2.0
|j|☆MicrowaveHeart
|t:|1760741138
|gametype|singles
|player|p1|mantikarp2.0|medium|1754
|player|p2|MicrowaveHeart|workerice|1696
|gen|9
|tier|[Gen 9] OU
|rated|
|rule|HP Percentage Mod: HP is shown in percentages
|rule|Endless Battle Clause: Forcing endless battles is banned
|rule|Species Clause: Limit one of each Pokémon
|rule|OHKO Clause: OHKO moves are banned
|rule|Evasion Items Clause: Evasion items are banned
|rule|Evasion Moves Clause: Evasion moves are banned
|rule|Evasion Abilities Clause: Evasion abilities are banned
|rule|Sleep Moves Clause: Sleep-inducing moves are banned
|clearpoke
|poke|p1|Ribombee, F|
|poke|p1|Gholdengo|
|poke|p1|Great Tusk|
|poke|p1|Raging Bolt|
|poke|p1|Ogerpon-Cornerstone, F|
|poke|p1|Ceruledge, M|
|poke|p2|Gholdengo|
|poke|p2|Incineroar, M|
|poke|p2|Ogerpon-Wellspring, F|
|poke|p2|Iron Treads|
|poke|p2|Tornadus-Therian, M|
|poke|p2|Mamoswine, F|
|teampreview
|inactive|Battle timer is ON: inactive players will automatically lose when time's up. (requested by mantikarp2.0)
|
|t:|1760741149
|teamsize|p1|6
|teamsize|p2|6
|start
|switch|p1a: Ribombee|Ribombee, F, shiny|100/100
|switch|p2a: Tornadus|Tornadus-Therian, M|100/100
|turn|1
|j| just-jaype
|
|t:|1760741168
|move|p1a: Ribombee|Sticky Web|p2a: Tornadus
|-sidestart|p2: MicrowaveHeart|move: Sticky Web
|move|p2a: Tornadus|Bleakwind Storm|p1a: Ribombee
|-supereffective|p1a: Ribombee
|-enditem|p1a: Ribombee|Focus Sash
|-damage|p1a: Ribombee|1/100
|
|upkeep
|turn|2
|
|t:|1760741177
|move|p1a: Ribombee|Moonblast|p2a: Tornadus
|-damage|p2a: Tornadus|75/100
|-unboost|p2a: Tornadus|spa|1
|move|p2a: Tornadus|Knock Off|p1a: Ribombee
|-resisted|p1a: Ribombee
|-damage|p1a: Ribombee|0 fnt
|faint|p1a: Ribombee
|
|upkeep
|l| just-jaype
|
|t:|1760741206
|switch|p1a: Ogerpon|Ogerpon-Cornerstone, F|100/100
|turn|3
|j| MaybeIllusion
|
|t:|1760741212
|move|p2a: Tornadus|U-turn|p1a: Ogerpon
|-supereffective|p1a: Ogerpon
|-damage|p1a: Ogerpon|60/100
|
|t:|1760741214
|switch|p2a: Gholdengo|Gholdengo|100/100|[from] U-turn
|-activate|p2a: Gholdengo|move: Sticky Web
|-unboost|p2a: Gholdengo|spe|1
|move|p1a: Ogerpon|Ivy Cudgel|p2a: Gholdengo|[anim] Ivy Cudgel Rock
|-resisted|p2a: Gholdengo
|-damage|p2a: Gholdengo|78/100
|
|-heal|p2a: Gholdengo|84/100|[from] item: Leftovers
|upkeep
|turn|4
|
|t:|1760741224
|switch|p1a: Raging Bolt|Raging Bolt|100/100
|-enditem|p1a: Raging Bolt|Booster Energy
|-activate|p1a: Raging Bolt|ability: Protosynthesis|[fromitem]
|-start|p1a: Raging Bolt|protosynthesisspa
|move|p2a: Gholdengo|Make It Rain|p1a: Raging Bolt
|-resisted|p1a: Raging Bolt
|-damage|p1a: Raging Bolt|74/100
|-unboost|p2a: Gholdengo|spa|1
|
|-heal|p2a: Gholdengo|90/100|[from] item: Leftovers
|upkeep
|turn|5
|
|t:|1760741234
|-end|p1a: Raging Bolt|Protosynthesis|[silent]
|switch|p1a: Gholdengo|Gholdengo, shiny|100/100
|-item|p1a: Gholdengo|Air Balloon
|switch|p2a: Iron Treads|Iron Treads|100/100
|-activate|p2a: Iron Treads|move: Sticky Web
|-unboost|p2a: Iron Treads|spe|1
|
|upkeep
|turn|6
|j| ivo-arg
|
|t:|1760741256
|-end|p2a: Iron Treads|Quark Drive|[silent]
|switch|p2a: Tornadus|Tornadus-Therian, M|100/100
|move|p1a: Gholdengo|Focus Blast|p2a: Tornadus
|-resisted|p2a: Tornadus
|-damage|p2a: Tornadus|84/100
|
|upkeep
|turn|7
|
|t:|1760741268
|move|p2a: Tornadus|U-turn|p1a: Gholdengo
|-resisted|p1a: Gholdengo
|-damage|p1a: Gholdengo|97/100
|-enditem|p1a: Gholdengo|Air Balloon
|
|t:|1760741275
|switch|p2a: Iron Treads|Iron Treads|100/100|[from] U-turn
|-activate|p2a: Iron Treads|move: Sticky Web
|-unboost|p2a: Iron Treads|spe|1
|move|p1a: Gholdengo|Nasty Plot|p1a: Gholdengo
|-boost|p1a: Gholdengo|spa|2
|
|upkeep
|turn|8
|
|t:|1760741285
|move|p1a: Gholdengo|Focus Blast|p2a: Iron Treads
|-supereffective|p2a: Iron Treads
|-damage|p2a: Iron Treads|0 fnt
|faint|p2a: Iron Treads
|-end|p2a: Iron Treads|Quark Drive|[silent]
|
|upkeep
|
|t:|1760741298
|switch|p2a: Incineroar|Incineroar, M|100/100
|-ability|p2a: Incineroar|Intimidate|boost
|-unboost|p1a: Gholdengo|atk|1
|turn|9
|
|t:|1760741301
|-terastallize|p1a: Gholdengo|Fighting
|move|p1a: Gholdengo|Focus Blast|p2a: Incineroar
|-supereffective|p2a: Incineroar
|-damage|p2a: Incineroar|0 fnt
|faint|p2a: Incineroar
|
|upkeep
|
|t:|1760741305
|switch|p2a: Tornadus|Tornadus-Therian, M|100/100
|turn|10
|
|t:|1760741324
|switch|p1a: Raging Bolt|Raging Bolt|74/100
|move|p2a: Tornadus|Bleakwind Storm|p1a: Raging Bolt|[miss]
|-miss|p2a: Tornadus|p1a: Raging Bolt
|
|upkeep
|turn|11
|
|t:|1760741346
|move|p2a: Tornadus|Focus Blast|p1a: Raging Bolt
|-damage|p1a: Raging Bolt|44/100
|move|p1a: Raging Bolt|Calm Mind|p1a: Raging Bolt
|-boost|p1a: Raging Bolt|spa|1
|-boost|p1a: Raging Bolt|spd|1
|
|upkeep
|turn|12
|
|t:|1760741356
|move|p2a: Tornadus|Focus Blast|p1a: Raging Bolt
|-damage|p1a: Raging Bolt|24/100
|move|p1a: Raging Bolt|Dragon Pulse|p2a: Tornadus
|-damage|p2a: Tornadus|53/100
|
|upkeep
|turn|13
|j| Lezhaper
|
|t:|1760741363
|move|p1a: Raging Bolt|Thunderclap|p2a: Tornadus
|-supereffective|p2a: Tornadus
|-damage|p2a: Tornadus|0 fnt
|faint|p2a: Tornadus
|
|upkeep
|
|t:|1760741365
|switch|p2a: Mamoswine|Mamoswine, F, shiny|100/100
|-activate|p2a: Mamoswine|move: Sticky Web
|-fail|p2a: Mamoswine|unboost|[from] item: Clear Amulet|[of] p2a: Mamoswine
|turn|14
|
|t:|1760741372
|move|p2a: Mamoswine|Ice Shard|p1a: Raging Bolt
|-supereffective|p1a: Raging Bolt
|-damage|p1a: Raging Bolt|0 fnt
|faint|p1a: Raging Bolt
|-end|p1a: Raging Bolt|Protosynthesis|[silent]
|
|upkeep
|l| Lezhaper
|inactive|mantikarp2.0 has 120 seconds left.
|
|t:|1760741417
|switch|p1a: Great Tusk|Great Tusk, shiny|100/100
|-enditem|p1a: Great Tusk|Booster Energy
|-activate|p1a: Great Tusk|ability: Protosynthesis|[fromitem]
|-start|p1a: Great Tusk|protosynthesisatk
|turn|15
|
|t:|1760741441
|switch|p2a: Gholdengo|Gholdengo|90/100
|-activate|p2a: Gholdengo|move: Sticky Web
|-unboost|p2a: Gholdengo|spe|1
|move|p1a: Great Tusk|Headlong Rush|p2a: Gholdengo
|-supereffective|p2a: Gholdengo
|-crit|p2a: Gholdengo
|-damage|p2a: Gholdengo|0 fnt
|-unboost|p1a: Great Tusk|def|1
|-unboost|p1a: Great Tusk|spd|1
|faint|p2a: Gholdengo
|
|upkeep
|l| MaybeIllusion
|
|t:|1760741455
|switch|p2a: Ogerpon|Ogerpon-Wellspring, F|100/100
|-activate|p2a: Ogerpon|move: Sticky Web
|-unboost|p2a: Ogerpon|spe|1
|turn|16
|
|t:|1760741460
|move|p1a: Great Tusk|Close Combat|p2a: Ogerpon
|-damage|p2a: Ogerpon|0 fnt
|-unboost|p1a: Great Tusk|def|1
|-unboost|p1a: Great Tusk|spd|1
|faint|p2a: Ogerpon
|
|upkeep
|-message|MicrowaveHeart forfeited.
|
|win|mantikarp2.0
|raw|mantikarp2.0's rating: 1754 &rarr; <strong>1771</strong><br />(+17 for winning)
|raw|MicrowaveHeart's rating: 1696 &rarr; <strong>1679</strong><br />(-17 for losing)
|l|☆MicrowaveHeart
|player|p2|
