|j|☆sisi05
|j|☆Destiny Penhas
|t:|1760825246
|gametype|singles
|player|p1|sisi05|dawn|1126
|player|p2|Destiny Penhas|steven|1194
|gen|9
|tier|[Gen 9] OU
|rated|
|rule|HP Percentage Mod: HP is shown in percentages
|rule|Endless Battle Clause: Forcing endless battles is banned
|rule|Species Clause: Limit one of each Pokémon
|rule|OHKO Clause: OHKO moves are banned
|rule|Evasion Items Clause: Evasion items are banned
|rule|Evasion Moves Clause: Evasion moves are banned
|rule|Evasion Abilities Clause: Evasion abilities are banned
|rule|Sleep Moves Clause: Sleep-inducing moves are banned
|clearpoke
|poke|p1|Kingambit, F|
|poke|p1|Samurott-Hisui, F|
|poke|p1|Gyarados, F|
|poke|p1|Dragonite, M|
|poke|p1|Gholdengo|
|poke|p1|Iron Valiant|
|poke|p2|Rotom-Mow|
|poke|p2|Scizor, M|
|poke|p2|Great Tusk|
|poke|p2|Dragapult, M|
|poke|p2|Heatran, M|
|poke|p2|Toxapex, M|
|teampreview
|inactive|Battle timer is ON: inactive players will automatically lose when time's up. (requested by Destiny Penhas)
|inactive|sisi05 has 120 seconds left.
|
|t:|1760825300
|teamsize|p1|6
|teamsize|p2|6
|start
|switch|p1a: Samurott|Samurott-Hisui, F|100/100
|switch|p2a: Truper|Rotom-Mow, shiny|100/100
|turn|1
|
|t:|1760825306
|move|p1a: Samurott|Ceaseless Edge|p2a: Truper
|-damage|p2a: Truper|38/100
|-sidestart|p2: Destiny Penhas|Spikes
|move|p2a: Truper|Trick|p1a: Samurott
|-activate|p2a: Truper|move: Trick|[of] p1a: Samurott
|-item|p1a: Samurott|Choice Specs|[from] move: Trick
|-item|p2a: Truper|Focus Sash|[from] move: Trick
|
|upkeep
|turn|2
|
|t:|1760825316
|switch|p2a: Manny|Great Tusk, shiny|100/100
|-damage|p2a: Manny|88/100|[from] Spikes
|-enditem|p2a: Manny|Booster Energy
|-activate|p2a: Manny|ability: Protosynthesis|[fromitem]
|-start|p2a: Manny|protosynthesisspe
|move|p1a: Samurott|Ceaseless Edge|p2a: Manny
|-resisted|p2a: Manny
|-damage|p2a: Manny|73/100
|-sidestart|p2: Destiny Penhas|Spikes
|
|upkeep
|turn|3
|
|t:|1760825328
|move|p2a: Manny|Bulk Up|p2a: Manny
|-boost|p2a: Manny|atk|1
|-boost|p2a: Manny|def|1
|move|p1a: Samurott|Ceaseless Edge|p2a: Manny
|-resisted|p2a: Manny
|-damage|p2a: Manny|64/100
|-sidestart|p2: Destiny Penhas|Spikes
|
|upkeep
|turn|4
|
|t:|1760825336
|move|p2a: Manny|Rapid Spin|p1a: Samurott
|-damage|p1a: Samurott|74/100
|-boost|p2a: Manny|spe|1
|-sideend|p2: Destiny Penhas|Spikes|[from] move: Rapid Spin|[of] p2a: Manny
|move|p1a: Samurott|Ceaseless Edge|p2a: Manny
|-resisted|p2a: Manny
|-damage|p2a: Manny|54/100
|-sidestart|p2: Destiny Penhas|Spikes
|
|upkeep
|turn|5
|
|t:|1760825346
|move|p2a: Manny|Bulk Up|p2a: Manny
|-boost|p2a: Manny|atk|1
|-boost|p2a: Manny|def|1
|move|p1a: Samurott|Ceaseless Edge|p2a: Manny
|-resisted|p2a: Manny
|-damage|p2a: Manny|47/100
|-sidestart|p2: Destiny Penhas|Spikes
|
|upkeep
|turn|6
|
|t:|1760825357
|move|p2a: Manny|Bulk Up|p2a: Manny
|-boost|p2a: Manny|atk|1
|-boost|p2a: Manny|def|1
|move|p1a: Samurott|Ceaseless Edge|p2a: Manny
|-resisted|p2a: Manny
|-damage|p2a: Manny|42/100
|-sidestart|p2: Destiny Penhas|Spikes
|
|upkeep
|turn|7
|
|t:|1760825374
|move|p2a: Manny|Rapid Spin|p1a: Samurott
|-damage|p1a: Samurott|28/100
|-boost|p2a: Manny|spe|1
|-sideend|p2: Destiny Penhas|Spikes|[from] move: Rapid Spin|[of] p2a: Manny
|move|p1a: Samurott|Ceaseless Edge|p2a: Manny
|-resisted|p2a: Manny
|-damage|p2a: Manny|37/100
|-sidestart|p2: Destiny Penhas|Spikes
|
|upkeep
|turn|8
|
|t:|1760825391
|move|p2a: Manny|Rapid Spin|p1a: Samurott
|-damage|p1a: Samurott|0 fnt
|-boost|p2a: Manny|spe|1
|-sideend|p2: Destiny Penhas|Spikes|[from] move: Rapid Spin|[of] p2a: Manny
|faint|p1a: Samurott
|
|upkeep
|
|t:|1760825399
|switch|p1a: Gholdengo|Gholdengo|100/100
|turn|9
|
|t:|1760825406
|-terastallize|p1a: Gholdengo|Flying
|move|p2a: Manny|Earthquake|p1a: Gholdengo
|-immune|p1a: Gholdengo
|move|p1a: Gholdengo|Shadow Ball|p2a: Manny
|-damage|p2a: Manny|0 fnt
|faint|p2a: Manny
|-end|p2a: Manny|Protosynthesis|[silent]
|
|upkeep
|
|t:|1760825423
|switch|p2a: Lavahound|Heatran, M, shiny|100/100
|turn|10
|
|t:|1760825429
|move|p1a: Gholdengo|Shadow Ball|p2a: Lavahound
|-damage|p2a: Lavahound|62/100
|move|p2a: Lavahound|Magma Storm|p1a: Gholdengo
|-damage|p1a: Gholdengo|54/100
|-activate|p1a: Gholdengo|move: Magma Storm|[of] p2a: Lavahound
|
|-heal|p2a: Lavahound|68/100|[from] item: Leftovers
|-damage|p1a: Gholdengo|42/100|[from] move: Magma Storm|[partiallytrapped]
|upkeep
|turn|11
|
|t:|1760825440
|move|p2a: Lavahound|Protect|p2a: Lavahound
|-singleturn|p2a: Lavahound|Protect
|move|p1a: Gholdengo|Shadow Ball|p2a: Lavahound
|-activate|p2a: Lavahound|move: Protect
|
|-heal|p2a: Lavahound|75/100|[from] item: Leftovers
|-damage|p1a: Gholdengo|29/100|[from] move: Magma Storm|[partiallytrapped]
|upkeep
|turn|12
|
|t:|1760825449
|move|p1a: Gholdengo|Shadow Ball|p2a: Lavahound
|-damage|p2a: Lavahound|35/100
|move|p2a: Lavahound|Stealth Rock|p1a: Gholdengo
|-sidestart|p1: sisi05|move: Stealth Rock
|
|-heal|p2a: Lavahound|42/100|[from] item: Leftovers
|-damage|p1a: Gholdengo|17/100|[from] move: Magma Storm|[partiallytrapped]
|upkeep
|turn|13
|
|t:|1760825464
|move|p2a: Lavahound|Protect|p2a: Lavahound
|-singleturn|p2a: Lavahound|Protect
|move|p1a: Gholdengo|Shadow Ball|p2a: Lavahound
|-activate|p2a: Lavahound|move: Protect
|
|-heal|p2a: Lavahound|48/100|[from] item: Leftovers
|-damage|p1a: Gholdengo|5/100|[from] move: Magma Storm|[partiallytrapped]
|upkeep
|turn|14
|
|t:|1760825478
|move|p2a: Lavahound|Protect||[still]
|-fail|p2a: Lavahound
|move|p1a: Gholdengo|Shadow Ball|p2a: Lavahound
|-damage|p2a: Lavahound|10/100
|
|-heal|p2a: Lavahound|16/100|[from] item: Leftovers
|-end|p1a: Gholdengo|Magma Storm|[partiallytrapped]
|upkeep
|turn|15
|
|t:|1760825487
|move|p2a: Lavahound|Protect|p2a: Lavahound
|-singleturn|p2a: Lavahound|Protect
|move|p1a: Gholdengo|Shadow Ball|p2a: Lavahound
|-activate|p2a: Lavahound|move: Protect
|
|-heal|p2a: Lavahound|22/100|[from] item: Leftovers
|upkeep
|turn|16
|
|t:|1760825499
|move|p1a: Gholdengo|Shadow Ball|p2a: Lavahound
|-damage|p2a: Lavahound|0 fnt
|faint|p2a: Lavahound
|
|upkeep
|
|t:|1760825508
|switch|p2a: F-117|Dragapult, M, shiny|100/100
|turn|17
|
|t:|1760825521
|move|p2a: F-117|U-turn|p1a: Gholdengo
|-resisted|p1a: Gholdengo
|-damage|p1a: Gholdengo|0 fnt
|faint|p1a: Gholdengo
|
|t:|1760825532
|switch|p2a: Truper|Rotom-Mow, shiny|38/100|[from] U-turn
|
|upkeep
|
|t:|1760825551
|switch|p1a: Dragonite|Dragonite, M|100/100
|-damage|p1a: Dragonite|76/100|[from] Stealth Rock
|turn|18
|
|t:|1760825555
|move|p1a: Dragonite|Extreme Speed|p2a: Truper
|-damage|p2a: Truper|0 fnt
|faint|p2a: Truper
|
|upkeep
|
|t:|1760825564
|switch|p2a: ToxApex Twin|Toxapex, M, shiny|100/100
|turn|19
|
|t:|1760825582
|switch|p1a: Gyarados|Gyarados, F|100/100
|-ability|p1a: Gyarados|Intimidate|boost
|-unboost|p2a: ToxApex Twin|atk|1
|move|p2a: ToxApex Twin|Chilling Water|p1a: Gyarados
|-resisted|p1a: Gyarados
|-damage|p1a: Gyarados|95/100
|-unboost|p1a: Gyarados|atk|1
|
|upkeep
|turn|20
|
|t:|1760825591
|move|p1a: Gyarados|Earthquake|p2a: ToxApex Twin
|-supereffective|p2a: ToxApex Twin
|-damage|p2a: ToxApex Twin|69/100
|move|p2a: ToxApex Twin|Toxic Spikes|p1a: Gyarados
|-sidestart|p1: sisi05|move: Toxic Spikes
|
|-heal|p2a: ToxApex Twin|75/100|[from] item: Leftovers
|upkeep
|turn|21
|
|t:|1760825599
|move|p1a: Gyarados|Dragon Dance|p1a: Gyarados
|-boost|p1a: Gyarados|atk|1
|-boost|p1a: Gyarados|spe|1
|move|p2a: ToxApex Twin|Chilling Water|p1a: Gyarados
|-resisted|p1a: Gyarados
|-damage|p1a: Gyarados|89/100
|-unboost|p1a: Gyarados|atk|1
|
|-heal|p2a: ToxApex Twin|81/100|[from] item: Leftovers
|upkeep
|turn|22
|
|t:|1760825609
|move|p1a: Gyarados|Dragon Dance|p1a: Gyarados
|-boost|p1a: Gyarados|atk|1
|-boost|p1a: Gyarados|spe|1
|move|p2a: ToxApex Twin|Chilling Water|p1a: Gyarados
|-resisted|p1a: Gyarados
|-damage|p1a: Gyarados|84/100
|-unboost|p1a: Gyarados|atk|1
|
|-heal|p2a: ToxApex Twin|88/100|[from] item: Leftovers
|upkeep
|turn|23
|
|t:|1760825634
|move|p1a: Gyarados|Earthquake|p2a: ToxApex Twin
|-supereffective|p2a: ToxApex Twin
|-damage|p2a: ToxApex Twin|55/100
|move|p2a: ToxApex Twin|Chilling Water|p1a: Gyarados
|-resisted|p1a: Gyarados
|-damage|p1a: Gyarados|78/100
|-unboost|p1a: Gyarados|atk|1
|
|-heal|p2a: ToxApex Twin|62/100|[from] item: Leftovers
|upkeep
|turn|24
|
|t:|1760825647
|switch|p1a: Iron Valiant|Iron Valiant|100/100
|-damage|p1a: Iron Valiant|94/100|[from] Stealth Rock
|-status|p1a: Iron Valiant|psn
|-enditem|p1a: Iron Valiant|Booster Energy
|-activate|p1a: Iron Valiant|ability: Quark Drive|[fromitem]
|-start|p1a: Iron Valiant|quarkdrivespe
|move|p2a: ToxApex Twin|Chilling Water|p1a: Iron Valiant
|-crit|p1a: Iron Valiant
|-damage|p1a: Iron Valiant|62/100 psn
|-unboost|p1a: Iron Valiant|atk|1
|
|-heal|p2a: ToxApex Twin|68/100|[from] item: Leftovers
|-damage|p1a: Iron Valiant|49/100 psn|[from] psn
|upkeep
|turn|25
|
|t:|1760825661
|move|p1a: Iron Valiant|Knock Off|p2a: ToxApex Twin
|-damage|p2a: ToxApex Twin|53/100
|-enditem|p2a: ToxApex Twin|Leftovers|[from] move: Knock Off|[of] p1a: Iron Valiant
|move|p2a: ToxApex Twin|Recover|p2a: ToxApex Twin
|-heal|p2a: ToxApex Twin|100/100
|
|-damage|p1a: Iron Valiant|37/100 psn|[from] psn
|upkeep
|turn|26
|
|t:|1760825670
|move|p1a: Iron Valiant|Encore|p2a: ToxApex Twin
|-start|p2a: ToxApex Twin|Encore
|move|p2a: ToxApex Twin|Recover||[still]
|-fail|p2a: ToxApex Twin|heal
|
|-damage|p1a: Iron Valiant|24/100 psn|[from] psn
|upkeep
|turn|27
|
|t:|1760825679
|-end|p1a: Iron Valiant|Quark Drive|[silent]
|switch|p1a: Gyarados|Gyarados, F|78/100
|-ability|p1a: Gyarados|Intimidate|boost
|-unboost|p2a: ToxApex Twin|atk|1
|move|p2a: ToxApex Twin|Recover||[still]
|-fail|p2a: ToxApex Twin|heal
|
|upkeep
|turn|28
|
|t:|1760825687
|switch|p2a: F-117|Dragapult, M, shiny|100/100
|move|p1a: Gyarados|Dragon Dance|p1a: Gyarados
|-boost|p1a: Gyarados|atk|1
|-boost|p1a: Gyarados|spe|1
|
|upkeep
|turn|29
|
|t:|1760825695
|move|p1a: Gyarados|Earthquake|p2a: F-117
|-damage|p2a: F-117|34/100
|move|p2a: F-117|Thunderbolt|p1a: Gyarados
|-supereffective|p1a: Gyarados
|-damage|p1a: Gyarados|0 fnt
|faint|p1a: Gyarados
|
|upkeep
|
|t:|1760825718
|switch|p1a: Kingambit|Kingambit, F|100/100
|-damage|p1a: Kingambit|94/100|[from] Stealth Rock
|-activate|p1a: Kingambit|ability: Supreme Overlord
|-start|p1a: Kingambit|fallen3|[silent]
|turn|30
|
|t:|1760825725
|switch|p2a: ToxApex Twin|Toxapex, M, shiny|100/100
|move|p1a: Kingambit|Swords Dance|p1a: Kingambit
|-boost|p1a: Kingambit|atk|2
|
|-heal|p1a: Kingambit|100/100|[from] item: Leftovers
|upkeep
|turn|31
|
|t:|1760825737
|move|p1a: Kingambit|Kowtow Cleave|p2a: ToxApex Twin
|-damage|p2a: ToxApex Twin|3/100
|move|p2a: ToxApex Twin|Chilling Water|p1a: Kingambit
|-damage|p1a: Kingambit|91/100
|-unboost|p1a: Kingambit|atk|1
|
|-heal|p1a: Kingambit|98/100|[from] item: Leftovers
|upkeep
|turn|32
|
|t:|1760825746
|move|p1a: Kingambit|Kowtow Cleave|p2a: ToxApex Twin
|-damage|p2a: ToxApex Twin|0 fnt
|faint|p2a: ToxApex Twin
|
|-heal|p1a: Kingambit|100/100|[from] item: Leftovers
|upkeep
|
|t:|1760825753
|switch|p2a: Metabee|Scizor, M|100/100
|turn|33
|
|t:|1760825760
|move|p2a: Metabee|Swords Dance|p2a: Metabee
|-boost|p2a: Metabee|atk|2
|move|p1a: Kingambit|Kowtow Cleave|p2a: Metabee
|-damage|p2a: Metabee|0 fnt
|-damage|p1a: Kingambit|84/100|[from] item: Rocky Helmet|[of] p2a: Metabee
|faint|p2a: Metabee
|
|-heal|p1a: Kingambit|90/100|[from] item: Leftovers
|upkeep
|-message|Destiny Penhas forfeited.
|
|win|sisi05
|raw|sisi05's rating: 1126 &rarr; <strong>1156</strong><br />(+30 for winning)
|raw|Destiny Penhas's rating: 1194 &rarr; <strong>1164</strong><br />(-30 for losing)
|l|☆Destiny Penhas
|player|p2|
|l|☆sisi05
|player|p1|
