|j|☆V4-l4ck1n
|j|☆Oydess222
|t:|1760785339
|gametype|singles
|player|p1|V4-l4ck1n|101|1292
|player|p2|Oydess222|265|1286
|gen|9
|tier|[Gen 9] OU
|rated|
|rule|HP Percentage Mod: HP is shown in percentages
|rule|Endless Battle Clause: Forcing endless battles is banned
|rule|Species Clause: Limit one of each Pokémon
|rule|OHKO Clause: OHKO moves are banned
|rule|Evasion Items Clause: Evasion items are banned
|rule|Evasion Moves Clause: Evasion moves are banned
|rule|Evasion Abilities Clause: Evasion abilities are banned
|rule|Sleep Moves Clause: Sleep-inducing moves are banned
|clearpoke
|poke|p1|Garchomp, M|
|poke|p1|Ribombee, F|
|poke|p1|Great Tusk|
|poke|p1|Heatran, M|
|poke|p1|Cacturne, M|
|poke|p1|Gengar, F|
|poke|p2|Ambipom, M|
|poke|p2|Dragapult, F|
|poke|p2|Hatterene, F|
|poke|p2|Volcanion|
|poke|p2|Sinistcha|
|poke|p2|Forretress, F|
|teampreview
|
|t:|1760785347
|teamsize|p1|6
|teamsize|p2|6
|start
|switch|p1a: Ribombee|Ribombee, F|100/100
|switch|p2a: Volcanion|Volcanion|100/100
|turn|1
|inactive|Battle timer is ON: inactive players will automatically lose when time's up. (requested by V4-l4ck1n)
|
|t:|1760785354
|move|p1a: Ribombee|Sticky Web|p2a: Volcanion
|-sidestart|p2: Oydess222|move: Sticky Web
|move|p2a: Volcanion|Flamethrower|p1a: Ribombee
|-supereffective|p1a: Ribombee
|-enditem|p1a: Ribombee|Focus Sash
|-damage|p1a: Ribombee|1/100
|
|upkeep
|turn|2
|
|t:|1760785361
|move|p1a: Ribombee|Stun Spore|p2a: Volcanion
|-status|p2a: Volcanion|par
|move|p2a: Volcanion|Earth Power|p1a: Ribombee
|-resisted|p1a: Ribombee
|-damage|p1a: Ribombee|0 fnt
|faint|p1a: Ribombee
|
|upkeep
|
|t:|1760785370
|switch|p1a: Cacturne|Cacturne, M, shiny|100/100
|turn|3
|
|t:|1760785375
|switch|p2a: Forretress|Forretress, F|100/100
|move|p1a: Cacturne|Knock Off|p2a: Forretress
|-damage|p2a: Forretress|67/100
|-enditem|p2a: Forretress|Heavy-Duty Boots|[from] move: Knock Off|[of] p1a: Cacturne
|
|upkeep
|turn|4
|
|t:|1760785383
|switch|p1a: Gengar|Gengar, F|100/100
|move|p2a: Forretress|Pain Split|p1a: Gengar
|-sethp|p1a: Gengar|96/100|[from] move: Pain Split|[silent]
|-sethp|p2a: Forretress|71/100|[from] move: Pain Split
|
|upkeep
|turn|5
|
|t:|1760785393
|move|p1a: Gengar|Icy Wind|p2a: Forretress
|-resisted|p2a: Forretress
|-damage|p2a: Forretress|52/100
|-unboost|p2a: Forretress|spe|1
|-damage|p1a: Gengar|86/100|[from] item: Life Orb
|move|p2a: Forretress|Thunder Wave|p1a: Gengar
|-status|p1a: Gengar|par
|
|upkeep
|turn|6
|
|t:|1760785402
|move|p1a: Gengar|Shadow Ball|p2a: Forretress
|-damage|p2a: Forretress|0 fnt
|faint|p2a: Forretress
|-damage|p1a: Gengar|76/100 par|[from] item: Life Orb
|
|upkeep
|
|t:|1760785411
|switch|p2a: Sinistcha|Sinistcha|100/100
|-activate|p2a: Sinistcha|move: Sticky Web
|-unboost|p2a: Sinistcha|spe|1
|turn|7
|
|t:|1760785415
|cant|p1a: Gengar|par
|move|p2a: Sinistcha|Calm Mind|p2a: Sinistcha
|-boost|p2a: Sinistcha|spa|1
|-boost|p2a: Sinistcha|spd|1
|
|upkeep
|turn|8
|
|t:|1760785421
|-terastallize|p1a: Gengar|Ghost
|move|p1a: Gengar|Shadow Ball|p2a: Sinistcha
|-supereffective|p2a: Sinistcha
|-damage|p2a: Sinistcha|0 fnt
|faint|p2a: Sinistcha
|-damage|p1a: Gengar|66/100 par|[from] item: Life Orb
|
|upkeep
|
|t:|1760785429
|switch|p2a: Dragapult|Dragapult, F|100/100
|-activate|p2a: Dragapult|move: Sticky Web
|-unboost|p2a: Dragapult|spe|1
|turn|9
|
|t:|1760785433
|switch|p1a: Cacturne|Cacturne, M, shiny|100/100
|move|p2a: Dragapult|Phantom Force||[still]
|-prepare|p2a: Dragapult|Phantom Force
|
|upkeep
|turn|10
|
|t:|1760785442
|switch|p1a: Great Tusk|Great Tusk|100/100
|move|p2a: Dragapult|Phantom Force|p1a: Great Tusk|[from] lockedmove
|-damage|p1a: Great Tusk|69/100
|
|upkeep
|turn|11
|
|t:|1760785451
|move|p1a: Great Tusk|Earthquake|p2a: Dragapult
|-damage|p2a: Dragapult|26/100
|move|p2a: Dragapult|Will-O-Wisp|p1a: Great Tusk
|-status|p1a: Great Tusk|brn
|
|-damage|p1a: Great Tusk|63/100 brn|[from] brn
|upkeep
|turn|12
|
|t:|1760785459
|move|p1a: Great Tusk|Earthquake|p2a: Dragapult
|-damage|p2a: Dragapult|0 fnt
|faint|p2a: Dragapult
|
|-damage|p1a: Great Tusk|57/100 brn|[from] brn
|upkeep
|
|t:|1760785463
|switch|p2a: Ambipom|Ambipom, M|100/100
|-activate|p2a: Ambipom|move: Sticky Web
|-unboost|p2a: Ambipom|spe|1
|turn|13
|
|t:|1760785467
|move|p2a: Ambipom|Fake Out|p1a: Great Tusk
|-damage|p1a: Great Tusk|34/100 brn
|cant|p1a: Great Tusk|flinch
|
|-damage|p1a: Great Tusk|28/100 brn|[from] brn
|upkeep
|turn|14
|
|t:|1760785474
|move|p2a: Ambipom|Protect|p2a: Ambipom
|-singleturn|p2a: Ambipom|Protect
|move|p1a: Great Tusk|Close Combat|p2a: Ambipom
|-activate|p2a: Ambipom|move: Protect
|
|-damage|p1a: Great Tusk|22/100 brn|[from] brn
|upkeep
|turn|15
|
|t:|1760785485
|switch|p2a: Hatterene|Hatterene, F|100/100
|-activate|p2a: Hatterene|move: Sticky Web
|-unboost|p2a: Hatterene|spe|1
|move|p1a: Great Tusk|Earthquake|p2a: Hatterene
|-damage|p2a: Hatterene|75/100
|
|-damage|p1a: Great Tusk|15/100 brn|[from] brn
|upkeep
|turn|16
|
|t:|1760785497
|-end|p1a: Great Tusk|Protosynthesis|[silent]
|switch|p1a: Heatran|Heatran, M|100/100
|move|p2a: Hatterene|Dazzling Gleam|p1a: Heatran
|-resisted|p1a: Heatran
|-damage|p1a: Heatran|94/100
|
|-heal|p1a: Heatran|99/100|[from] item: Leftovers
|upkeep
|turn|17
|
|t:|1760785505
|switch|p1a: Garchomp|Garchomp, M|100/100
|move|p2a: Hatterene|Trick|p1a: Garchomp
|-activate|p2a: Hatterene|move: Trick|[of] p1a: Garchomp
|-item|p1a: Garchomp|Lagging Tail|[from] move: Trick
|-item|p2a: Hatterene|Loaded Dice|[from] move: Trick
|
|upkeep
|turn|18
|
|t:|1760785513
|move|p2a: Hatterene|Dazzling Gleam|p1a: Garchomp
|-supereffective|p1a: Garchomp
|-damage|p1a: Garchomp|6/100
|move|p1a: Garchomp|Swords Dance|p1a: Garchomp
|-boost|p1a: Garchomp|atk|2
|
|upkeep
|turn|19
|
|t:|1760785524
|move|p2a: Hatterene|Psyshock|p1a: Garchomp
|-crit|p1a: Garchomp
|-damage|p1a: Garchomp|0 fnt
|faint|p1a: Garchomp
|
|upkeep
|
|t:|1760785531
|switch|p1a: Gengar|Gengar, F, tera:Ghost|66/100 par
|turn|20
|
|t:|1760785543
|move|p1a: Gengar|Shadow Ball|p2a: Hatterene
|-supereffective|p2a: Hatterene
|-damage|p2a: Hatterene|0 fnt
|faint|p2a: Hatterene
|-damage|p1a: Gengar|56/100 par|[from] item: Life Orb
|
|upkeep
|
|t:|1760785548
|switch|p2a: Volcanion|Volcanion|100/100 par
|-activate|p2a: Volcanion|move: Sticky Web
|-unboost|p2a: Volcanion|spe|1
|turn|21
|
|t:|1760785553
|move|p1a: Gengar|Shadow Ball|p2a: Volcanion
|-damage|p2a: Volcanion|55/100 par
|-damage|p1a: Gengar|46/100 par|[from] item: Life Orb
|cant|p2a: Volcanion|par
|
|upkeep
|turn|22
|
|t:|1760785559
|move|p1a: Gengar|Icy Wind|p2a: Volcanion
|-resisted|p2a: Volcanion
|-damage|p2a: Volcanion|51/100 par
|-unboost|p2a: Volcanion|spe|1
|-damage|p1a: Gengar|36/100 par|[from] item: Life Orb
|move|p2a: Volcanion|Earth Power|p1a: Gengar
|-damage|p1a: Gengar|0 fnt
|faint|p1a: Gengar
|
|upkeep
|
|t:|1760785569
|switch|p1a: Great Tusk|Great Tusk|15/100 brn
|turn|23
|
|t:|1760785579
|move|p1a: Great Tusk|Earthquake|p2a: Volcanion
|-supereffective|p2a: Volcanion
|-damage|p2a: Volcanion|10/100 par
|move|p2a: Volcanion|Steam Eruption|p1a: Great Tusk
|-supereffective|p1a: Great Tusk
|-damage|p1a: Great Tusk|0 fnt
|faint|p1a: Great Tusk
|-end|p1a: Great Tusk|Protosynthesis|[silent]
|
|upkeep
|l|☆V4-l4ck1n
|inactive|V4-l4ck1n disconnected and has a minute to reconnect!
|player|p1|
|j|☆V4-l4ck1n
|inactive|V4-l4ck1n reconnected and has 145 seconds left.
|player|p1|V4-l4ck1n|101|
|
|t:|1760785587
|switch|p1a: Cacturne|Cacturne, M, shiny|100/100
|turn|24
|
|t:|1760785594
|move|p1a: Cacturne|Knock Off|p2a: Volcanion
|-damage|p2a: Volcanion|0 fnt
|-enditem|p2a: Volcanion|Assault Vest|[from] move: Knock Off|[of] p1a: Cacturne
|faint|p2a: Volcanion
|
|upkeep
|
|t:|1760785596
|switch|p2a: Ambipom|Ambipom, M|100/100
|-activate|p2a: Ambipom|move: Sticky Web
|-unboost|p2a: Ambipom|spe|1
|turn|25
|
|t:|1760785601
|switch|p1a: Heatran|Heatran, M|99/100
|move|p2a: Ambipom|Fake Out|p1a: Heatran
|-resisted|p1a: Heatran
|-damage|p1a: Heatran|89/100
|
|-heal|p1a: Heatran|95/100|[from] item: Leftovers
|upkeep
|turn|26
|
|t:|1760785608
|-terastallize|p2a: Ambipom|Fighting
|move|p2a: Ambipom|Brick Break|p1a: Heatran
|-supereffective|p1a: Heatran
|-damage|p1a: Heatran|36/100
|move|p1a: Heatran|Will-O-Wisp|p2a: Ambipom
|-status|p2a: Ambipom|brn
|
|-heal|p1a: Heatran|42/100|[from] item: Leftovers
|-damage|p2a: Ambipom|94/100 brn|[from] brn
|upkeep
|turn|27
|
|t:|1760785616
|move|p1a: Heatran|Protect|p1a: Heatran
|-singleturn|p1a: Heatran|Protect
|move|p2a: Ambipom|Brick Break|p1a: Heatran
|-activate|p1a: Heatran|move: Protect
|
|-heal|p1a: Heatran|48/100|[from] item: Leftovers
|-damage|p2a: Ambipom|88/100 brn|[from] brn
|upkeep
|turn|28
|
|t:|1760785622
|move|p2a: Ambipom|Brick Break|p1a: Heatran
|-supereffective|p1a: Heatran
|-damage|p1a: Heatran|18/100
|move|p1a: Heatran|Magma Storm|p2a: Ambipom
|-damage|p2a: Ambipom|19/100 brn
|-activate|p2a: Ambipom|move: Magma Storm|[of] p1a: Heatran
|
|-heal|p1a: Heatran|24/100|[from] item: Leftovers
|-damage|p2a: Ambipom|13/100 brn|[from] brn
|-damage|p2a: Ambipom|0 fnt|[from] move: Magma Storm|[partiallytrapped]
|faint|p2a: Ambipom
|
|win|V4-l4ck1n
|raw|V4-l4ck1n's rating: 1292 &rarr; <strong>1317</strong><br />(+25 for winning)
|raw|Oydess222's rating: 1286 &rarr; <strong>1261</strong><br />(-25 for losing)
|l|☆Oydess222
|player|p2|
|l|☆V4-l4ck1n
|player|p1|
