|j|☆lyeskoriche
|j|☆himal_ad321
|t:|1760853599
|gametype|singles
|player|p1|lyeskoriche|bugcatcher-gen4dp|1317
|player|p2|himal_ad321|cynthia|1336
|gen|9
|tier|[Gen 9] OU
|rated|
|rule|HP Percentage Mod: HP is shown in percentages
|rule|Endless Battle Clause: Forcing endless battles is banned
|rule|Species Clause: Limit one of each Pokémon
|rule|OHKO Clause: OHKO moves are banned
|rule|Evasion Items Clause: Evasion items are banned
|rule|Evasion Moves Clause: Evasion moves are banned
|rule|Evasion Abilities Clause: Evasion abilities are banned
|rule|Sleep Moves Clause: Sleep-inducing moves are banned
|clearpoke
|poke|p1|Bronzong|
|poke|p1|Bellibolt, F|
|poke|p1|Slowbro-Galar, F|
|poke|p1|Rillaboom, F|
|poke|p1|Venomoth, F|
|poke|p1|Mandibuzz, F|
|poke|p2|Ogerpon-Wellspring, F|
|poke|p2|Kingambit, F|
|poke|p2|Landorus-Therian, M|
|poke|p2|Glimmora, F|
|poke|p2|Dragapult, M|
|poke|p2|Iron Valiant|
|teampreview
|inactive|Battle timer is ON: inactive players will automatically lose when time's up. (requested by himal_ad321)
|inactive|himal_ad321 has 120 seconds left.
|
|t:|1760853633
|teamsize|p1|6
|teamsize|p2|6
|start
|switch|p1a: Bronzong|Bronzong, shiny|100/100
|switch|p2a: Glimmora|Glimmora, F|100/100
|turn|1
|
|t:|1760853647
|move|p2a: Glimmora|Spikes|p1a: Bronzong
|-sidestart|p1: lyeskoriche|Spikes
|move|p1a: Bronzong|Trick|p2a: Glimmora
|-activate|p1a: Bronzong|move: Trick|[of] p2a: Glimmora
|-item|p2a: Glimmora|Choice Scarf|[from] move: Trick
|-item|p1a: Bronzong|Power Herb|[from] move: Trick
|
|upkeep
|turn|2
|
|t:|1760853654
|move|p2a: Glimmora|Spikes|p1a: Bronzong
|-sidestart|p1: lyeskoriche|Spikes
|move|p1a: Bronzong|Trick Room|p1a: Bronzong
|-fieldstart|move: Trick Room|[of] p1a: Bronzong
|
|upkeep
|turn|3
|
|t:|1760853657
|move|p1a: Bronzong|Gyro Ball|p2a: Glimmora
|-supereffective|p2a: Glimmora
|-damage|p2a: Glimmora|0 fnt
|-activate|p2a: Glimmora|ability: Toxic Debris
|-sidestart|p1: lyeskoriche|move: Toxic Spikes
|faint|p2a: Glimmora
|
|upkeep
|
|t:|1760853673
|switch|p2a: Kingambit|Kingambit, F|100/100
|-activate|p2a: Kingambit|ability: Supreme Overlord
|-start|p2a: Kingambit|fallen1|[silent]
|turn|4
|
|t:|1760853695
|move|p1a: Bronzong|Gyro Ball|p2a: Kingambit
|-resisted|p2a: Kingambit
|-damage|p2a: Kingambit|94/100
|move|p2a: Kingambit|Iron Head|p1a: Bronzong
|-resisted|p1a: Bronzong
|-damage|p1a: Bronzong|82/100
|
|-heal|p2a: Kingambit|99/100|[from] item: Leftovers
|upkeep
|turn|5
|
|t:|1760853710
|move|p1a: Bronzong|Trick|p2a: Kingambit
|-activate|p1a: Bronzong|move: Trick|[of] p2a: Kingambit
|-item|p2a: Kingambit|Power Herb|[from] move: Trick
|-item|p1a: Bronzong|Leftovers|[from] move: Trick
|move|p2a: Kingambit|Swords Dance|p2a: Kingambit
|-boost|p2a: Kingambit|atk|2
|
|-heal|p1a: Bronzong|88/100|[from] item: Leftovers
|upkeep
|turn|6
|inactive|lyeskoriche has 120 seconds left.
|
|t:|1760853731
|switch|p1a: Slowbro|Slowbro-Galar, F|100/100
|-damage|p1a: Slowbro|84/100|[from] Spikes
|-sideend|p1: lyeskoriche|move: Toxic Spikes|[of] p1a: Slowbro
|move|p2a: Kingambit|Kowtow Cleave|p1a: Slowbro
|-supereffective|p1a: Slowbro
|-damage|p1a: Slowbro|0 fnt
|faint|p1a: Slowbro
|
|-fieldend|move: Trick Room
|upkeep
|
|t:|1760853744
|switch|p1a: Rillaboom|Rillaboom, F|100/100
|-damage|p1a: Rillaboom|84/100|[from] Spikes
|-fieldstart|move: Grassy Terrain|[from] ability: Grassy Surge|[of] p1a: Rillaboom
|turn|7
|
|t:|1760853752
|move|p1a: Rillaboom|Drain Punch|p2a: Kingambit
|-supereffective|p2a: Kingambit
|-damage|p2a: Kingambit|36/100
|-heal|p1a: Rillaboom|100/100|[from] drain|[of] p2a: Kingambit
|move|p2a: Kingambit|Kowtow Cleave|p1a: Rillaboom
|-damage|p1a: Rillaboom|24/100
|
|-heal|p1a: Rillaboom|30/100|[from] Grassy Terrain
|-heal|p2a: Kingambit|42/100|[from] Grassy Terrain
|upkeep
|turn|8
|
|t:|1760853762
|move|p2a: Kingambit|Sucker Punch||[still]
|-fail|p2a: Kingambit
|move|p1a: Rillaboom|Swords Dance|p1a: Rillaboom
|-boost|p1a: Rillaboom|atk|2
|
|-heal|p1a: Rillaboom|36/100|[from] Grassy Terrain
|-heal|p2a: Kingambit|48/100|[from] Grassy Terrain
|upkeep
|turn|9
|
|t:|1760853770
|move|p2a: Kingambit|Sucker Punch||[still]
|-fail|p2a: Kingambit
|move|p1a: Rillaboom|Swords Dance|p1a: Rillaboom
|-boost|p1a: Rillaboom|atk|2
|
|-heal|p1a: Rillaboom|43/100|[from] Grassy Terrain
|-heal|p2a: Kingambit|55/100|[from] Grassy Terrain
|upkeep
|turn|10
|
|t:|1760853778
|move|p2a: Kingambit|Sucker Punch|p1a: Rillaboom
|-damage|p1a: Rillaboom|0 fnt
|faint|p1a: Rillaboom
|
|-heal|p2a: Kingambit|61/100|[from] Grassy Terrain
|upkeep
|
|t:|1760853786
|switch|p1a: Bellibolt|Bellibolt, F|100/100
|-damage|p1a: Bellibolt|84/100|[from] Spikes
|turn|11
|
|t:|1760853793
|move|p2a: Kingambit|Kowtow Cleave|p1a: Bellibolt
|-damage|p1a: Bellibolt|0 fnt
|faint|p1a: Bellibolt
|
|-heal|p2a: Kingambit|67/100|[from] Grassy Terrain
|-fieldend|move: Grassy Terrain
|upkeep
|
|t:|1760853798
|switch|p1a: Bronzong|Bronzong, shiny|88/100
|turn|12
|-message|lyeskoriche forfeited.
|
|win|himal_ad321
|raw|lyeskoriche's rating: 1317 &rarr; <strong>1298</strong><br />(-19 for losing)
|raw|himal_ad321's rating: 1336 &rarr; <strong>1355</strong><br />(+19 for winning)
|l|☆lyeskoriche
|player|p1|
|l|☆himal_ad321
|player|p2|
