|j|☆caesar nivis
|j|☆jibreel69
|t:|1760790891
|gametype|singles
|player|p1|caesar nivis|lance|1485
|player|p2|jibreel69|169|1536
|gen|9
|tier|[Gen 9] OU
|rated|
|rule|HP Percentage Mod: HP is shown in percentages
|rule|Endless Battle Clause: Forcing endless battles is banned
|rule|Species Clause: Limit one of each Pokémon
|rule|OHKO Clause: OHKO moves are banned
|rule|Evasion Items Clause: Evasion items are banned
|rule|Evasion Moves Clause: Evasion moves are banned
|rule|Evasion Abilities Clause: Evasion abilities are banned
|rule|Sleep Moves Clause: Sleep-inducing moves are banned
|clearpoke
|poke|p1|Ninetales-Alola, M|
|poke|p1|Ursaluna, M|
|poke|p1|Moltres-Galar|
|poke|p1|Iron Treads|
|poke|p1|Glastrier|
|poke|p1|Dondozo, F|
|poke|p2|Enamorus, F|
|poke|p2|Great Tusk|
|poke|p2|Iron Crown|
|poke|p2|Lokix, M|
|poke|p2|Alomomola, M|
|poke|p2|Pecharunt|
|teampreview
|inactive|Battle timer is ON: inactive players will automatically lose when time's up. (requested by caesar nivis)
|
|t:|1760790902
|teamsize|p1|6
|teamsize|p2|6
|start
|switch|p1a: Iron Treads|Iron Treads|100/100
|switch|p2a: Braveheart|Iron Crown|100/100
|turn|1
|
|t:|1760790908
|-end|p2a: Braveheart|Quark Drive|[silent]
|switch|p2a: Pisces|Alomomola, M, shiny|100/100
|move|p1a: Iron Treads|Earthquake|p2a: Pisces
|-damage|p2a: Pisces|68/100
|
|upkeep
|turn|2
|
|t:|1760790915
|move|p1a: Iron Treads|Earthquake|p2a: Pisces
|-damage|p2a: Pisces|34/100
|move|p2a: Pisces|Flip Turn|p1a: Iron Treads
|-supereffective|p1a: Iron Treads
|-damage|p1a: Iron Treads|68/100
|
|t:|1760790923
|switch|p2a: Behemoth|Great Tusk, shiny|100/100|[from] Flip Turn
|
|upkeep
|turn|3
|
|t:|1760790926
|-end|p1a: Iron Treads|Quark Drive|[silent]
|switch|p1a: Moltres|Moltres-Galar|100/100
|move|p2a: Behemoth|Stealth Rock|p1a: Moltres
|-sidestart|p1: caesar nivis|move: Stealth Rock
|
|upkeep
|turn|4
|
|t:|1760790933
|-end|p2a: Behemoth|Protosynthesis|[silent]
|switch|p2a: Gin|Enamorus, F, shiny|100/100
|move|p1a: Moltres|Agility|p1a: Moltres
|-boost|p1a: Moltres|spe|2
|
|upkeep
|turn|5
|
|t:|1760790946
|move|p1a: Moltres|Air Slash|p2a: Gin
|-damage|p2a: Gin|49/100
|move|p2a: Gin|Moonblast|p1a: Moltres
|-supereffective|p1a: Moltres
|-damage|p1a: Moltres|7/100
|-ability|p1a: Moltres|Berserk|boost
|-boost|p1a: Moltres|spa|1
|
|-heal|p1a: Moltres|13/100|[from] item: Leftovers
|upkeep
|turn|6
|
|t:|1760790956
|move|p1a: Moltres|Air Slash|p2a: Gin
|-damage|p2a: Gin|0 fnt
|faint|p2a: Gin
|
|-heal|p1a: Moltres|20/100|[from] item: Leftovers
|upkeep
|
|t:|1760790958
|switch|p2a: Edgar|Lokix, M, shiny|100/100
|turn|7
|
|t:|1760790960
|move|p2a: Edgar|First Impression|p1a: Moltres
|-damage|p1a: Moltres|0 fnt
|faint|p1a: Moltres
|
|upkeep
|
|t:|1760790963
|switch|p1a: Iron Treads|Iron Treads|68/100
|-damage|p1a: Iron Treads|65/100|[from] Stealth Rock
|turn|8
|
|t:|1760790967
|switch|p2a: Overseer|Pecharunt|100/100
|move|p1a: Iron Treads|Rapid Spin|p2a: Overseer
|-immune|p2a: Overseer
|
|upkeep
|turn|9
|
|t:|1760790975
|move|p1a: Iron Treads|Earthquake|p2a: Overseer
|-supereffective|p2a: Overseer
|-damage|p2a: Overseer|58/100
|move|p2a: Overseer|Parting Shot|p1a: Iron Treads
|-unboost|p1a: Iron Treads|atk|1
|-unboost|p1a: Iron Treads|spa|1
|
|t:|1760790978
|switch|p2a: Behemoth|Great Tusk, shiny|100/100|[from] Parting Shot
|
|upkeep
|turn|10
|
|t:|1760790982
|move|p1a: Iron Treads|Rapid Spin|p2a: Behemoth
|-damage|p2a: Behemoth|93/100
|-boost|p1a: Iron Treads|spe|1
|-sideend|p1: caesar nivis|Stealth Rock|[from] move: Rapid Spin|[of] p1a: Iron Treads
|move|p2a: Behemoth|Headlong Rush|p1a: Iron Treads
|-supereffective|p1a: Iron Treads
|-damage|p1a: Iron Treads|0 fnt
|-unboost|p2a: Behemoth|def|1
|-unboost|p2a: Behemoth|spd|1
|faint|p1a: Iron Treads
|-end|p1a: Iron Treads|Quark Drive|[silent]
|
|upkeep
|
|t:|1760790985
|switch|p1a: Ninetales|Ninetales-Alola, M|100/100
|-weather|Snowscape|[from] ability: Snow Warning|[of] p1a: Ninetales
|turn|11
|
|t:|1760790991
|move|p1a: Ninetales|Aurora Veil|p1a: Ninetales
|-sidestart|p1: caesar nivis|move: Aurora Veil
|move|p2a: Behemoth|Stealth Rock|p1a: Ninetales
|-sidestart|p1: caesar nivis|move: Stealth Rock
|
|-weather|Snowscape|[upkeep]
|upkeep
|turn|12
|
|t:|1760791001
|switch|p1a: Ursaluna|Ursaluna, M|100/100
|-damage|p1a: Ursaluna|94/100|[from] Stealth Rock
|-end|p2a: Behemoth|Protosynthesis|[silent]
|switch|p2a: Pisces|Alomomola, M, shiny|67/100
|
|-weather|Snowscape|[upkeep]
|-status|p1a: Ursaluna|brn|[from] item: Flame Orb
|upkeep
|turn|13
|
|t:|1760791010
|move|p1a: Ursaluna|Earthquake|p2a: Pisces
|-damage|p2a: Pisces|5/100
|move|p2a: Pisces|Flip Turn|p1a: Ursaluna
|-supereffective|p1a: Ursaluna
|-damage|p1a: Ursaluna|83/100 brn
|
|t:|1760791029
|switch|p2a: Behemoth|Great Tusk, shiny|93/100|[from] Flip Turn
|
|-weather|Snowscape|[upkeep]
|-damage|p1a: Ursaluna|77/100 brn|[from] brn
|upkeep
|turn|14
|
|t:|1760791036
|-terastallize|p1a: Ursaluna|Normal
|move|p2a: Behemoth|Headlong Rush|p1a: Ursaluna
|-damage|p1a: Ursaluna|55/100 brn
|-unboost|p2a: Behemoth|def|1
|-unboost|p2a: Behemoth|spd|1
|move|p1a: Ursaluna|Facade|p2a: Behemoth
|-damage|p2a: Behemoth|0 fnt
|faint|p2a: Behemoth
|-end|p2a: Behemoth|Protosynthesis|[silent]
|
|-weather|Snowscape|[upkeep]
|-damage|p1a: Ursaluna|49/100 brn|[from] brn
|upkeep
|
|t:|1760791051
|switch|p2a: Overseer|Pecharunt|58/100
|turn|15
|
|t:|1760791064
|-terastallize|p2a: Overseer|Dark
|move|p2a: Overseer|Foul Play|p1a: Ursaluna
|-damage|p1a: Ursaluna|30/100 brn
|move|p1a: Ursaluna|Earthquake|p2a: Overseer
|-damage|p2a: Overseer|16/100
|
|-weather|none
|-damage|p1a: Ursaluna|24/100 brn|[from] brn
|upkeep
|turn|16
|
|t:|1760791070
|move|p2a: Overseer|Foul Play|p1a: Ursaluna
|-damage|p1a: Ursaluna|4/100 brn
|move|p1a: Ursaluna|Facade|p2a: Overseer
|-damage|p2a: Overseer|0 fnt
|-damage|p1a: Ursaluna|0 fnt|[from] item: Rocky Helmet|[of] p2a: Overseer
|faint|p2a: Overseer
|faint|p1a: Ursaluna
|
|upkeep
|
|t:|1760791076
|switch|p2a: Pisces|Alomomola, M, shiny|38/100
|switch|p1a: Glastrier|Glastrier|100/100
|-damage|p1a: Glastrier|76/100|[from] Stealth Rock
|turn|17
|
|t:|1760791080
|move|p2a: Pisces|Scald|p1a: Glastrier
|-damage|p1a: Glastrier|72/100
|move|p1a: Glastrier|High Horsepower|p2a: Pisces
|-damage|p2a: Pisces|14/100
|
|upkeep
|turn|18
|
|t:|1760791091
|move|p2a: Pisces|Flip Turn|p1a: Glastrier
|-damage|p1a: Glastrier|66/100
|
|t:|1760791103
|switch|p2a: Braveheart|Iron Crown|100/100|[from] Flip Turn
|move|p1a: Glastrier|High Horsepower|p2a: Braveheart
|-supereffective|p2a: Braveheart
|-damage|p2a: Braveheart|18/100
|
|-sideend|p1: caesar nivis|move: Aurora Veil
|upkeep
|turn|19
|
|t:|1760791111
|move|p2a: Braveheart|Tachyon Cutter|p1a: Glastrier
|-supereffective|p1a: Glastrier
|-damage|p1a: Glastrier|27/100
|-supereffective|p1a: Glastrier
|-damage|p1a: Glastrier|0 fnt
|faint|p1a: Glastrier
|-hitcount|p1: Glastrier|2
|
|upkeep
|
|t:|1760791114
|switch|p1a: Dondozo|Dondozo, F|100/100
|-damage|p1a: Dondozo|88/100|[from] Stealth Rock
|turn|20
|
|t:|1760791121
|-end|p2a: Braveheart|Quark Drive|[silent]
|switch|p2a: Pisces|Alomomola, M, shiny|47/100
|move|p1a: Dondozo|Crunch|p2a: Pisces
|-damage|p2a: Pisces|36/100
|-unboost|p2a: Pisces|def|1
|
|-heal|p1a: Dondozo|94/100|[from] item: Leftovers
|upkeep
|turn|21
|
|t:|1760791126
|switch|p1a: Ninetales|Ninetales-Alola, M|100/100
|-damage|p1a: Ninetales|76/100|[from] Stealth Rock
|-weather|Snowscape|[from] ability: Snow Warning|[of] p1a: Ninetales
|move|p2a: Pisces|Flip Turn|p1a: Ninetales
|-damage|p1a: Ninetales|62/100
|
|t:|1760791131
|switch|p2a: Braveheart|Iron Crown|18/100|[from] Flip Turn
|
|-weather|Snowscape|[upkeep]
|upkeep
|turn|22
|
|t:|1760791133
|move|p1a: Ninetales|Aurora Veil|p1a: Ninetales
|-sidestart|p1: caesar nivis|move: Aurora Veil
|move|p2a: Braveheart|Tachyon Cutter|p1a: Ninetales
|-supereffective|p1a: Ninetales
|-damage|p1a: Ninetales|0 fnt
|faint|p1a: Ninetales
|-hitcount|p1: Ninetales|1
|
|-weather|Snowscape|[upkeep]
|upkeep
|
|t:|1760791134
|switch|p1a: Dondozo|Dondozo, F|94/100
|-damage|p1a: Dondozo|82/100|[from] Stealth Rock
|turn|23
|
|t:|1760791141
|-end|p2a: Braveheart|Quark Drive|[silent]
|switch|p2a: Pisces|Alomomola, M, shiny|69/100
|move|p1a: Dondozo|Curse|p1a: Dondozo
|-unboost|p1a: Dondozo|spe|1
|-boost|p1a: Dondozo|atk|1
|-boost|p1a: Dondozo|def|1
|
|-weather|Snowscape|[upkeep]
|-heal|p1a: Dondozo|88/100|[from] item: Leftovers
|upkeep
|turn|24
|
|t:|1760791146
|move|p2a: Pisces|Scald|p1a: Dondozo
|-resisted|p1a: Dondozo
|-damage|p1a: Dondozo|84/100
|-status|p1a: Dondozo|brn
|move|p1a: Dondozo|Curse|p1a: Dondozo
|-unboost|p1a: Dondozo|spe|1
|-boost|p1a: Dondozo|atk|1
|-boost|p1a: Dondozo|def|1
|
|-weather|Snowscape|[upkeep]
|-heal|p1a: Dondozo|91/100 brn|[from] item: Leftovers
|-damage|p1a: Dondozo|84/100 brn|[from] brn
|upkeep
|turn|25
|
|t:|1760791152
|move|p2a: Pisces|Flip Turn|p1a: Dondozo
|-resisted|p1a: Dondozo
|-damage|p1a: Dondozo|84/100 brn
|
|t:|1760791158
|switch|p2a: Edgar|Lokix, M, shiny|100/100|[from] Flip Turn
|move|p1a: Dondozo|Curse|p1a: Dondozo
|-unboost|p1a: Dondozo|spe|1
|-boost|p1a: Dondozo|atk|1
|-boost|p1a: Dondozo|def|1
|
|-weather|none
|-heal|p1a: Dondozo|90/100 brn|[from] item: Leftovers
|-damage|p1a: Dondozo|84/100 brn|[from] brn
|upkeep
|turn|26
|
|t:|1760791161
|move|p2a: Edgar|Knock Off|p1a: Dondozo
|-damage|p1a: Dondozo|77/100 brn
|-enditem|p1a: Dondozo|Leftovers|[from] move: Knock Off|[of] p2a: Edgar
|move|p1a: Dondozo|Curse|p1a: Dondozo
|-unboost|p1a: Dondozo|spe|1
|-boost|p1a: Dondozo|atk|1
|-boost|p1a: Dondozo|def|1
|
|-damage|p1a: Dondozo|71/100 brn|[from] brn
|upkeep
|turn|27
|
|t:|1760791168
|switch|p2a: Pisces|Alomomola, M, shiny|100/100
|move|p1a: Dondozo|Curse|p1a: Dondozo
|-unboost|p1a: Dondozo|spe|1
|-boost|p1a: Dondozo|atk|1
|-boost|p1a: Dondozo|def|1
|
|-damage|p1a: Dondozo|65/100 brn|[from] brn
|upkeep
|turn|28
|
|t:|1760791176
|move|p2a: Pisces|Play Rough|p1a: Dondozo
|-damage|p1a: Dondozo|64/100 brn
|move|p1a: Dondozo|Curse|p1a: Dondozo
|-unboost|p1a: Dondozo|spe|1
|-boost|p1a: Dondozo|atk|1
|-boost|p1a: Dondozo|def|1
|
|-damage|p1a: Dondozo|58/100 brn|[from] brn
|upkeep
|turn|29
|
|t:|1760791180
|move|p2a: Pisces|Play Rough|p1a: Dondozo
|-damage|p1a: Dondozo|57/100 brn
|move|p1a: Dondozo|Rest|p1a: Dondozo
|-status|p1a: Dondozo|slp|[from] move: Rest
|-heal|p1a: Dondozo|100/100 slp|[silent]
|
|-sideend|p1: caesar nivis|move: Aurora Veil
|upkeep
|turn|30
|
|t:|1760791196
|move|p2a: Pisces|Flip Turn|p1a: Dondozo
|-resisted|p1a: Dondozo
|-damage|p1a: Dondozo|99/100 slp
|
|t:|1760791197
|switch|p2a: Braveheart|Iron Crown|18/100|[from] Flip Turn
|cant|p1a: Dondozo|slp
|
|upkeep
|turn|31
|
|t:|1760791206
|move|p2a: Braveheart|Volt Switch|p1a: Dondozo
|-supereffective|p1a: Dondozo
|-damage|p1a: Dondozo|31/100 slp
|
|t:|1760791218
|-end|p2a: Braveheart|Quark Drive|[silent]
|switch|p2a: Edgar|Lokix, M, shiny|100/100|[from] Volt Switch
|cant|p1a: Dondozo|slp
|
|upkeep
|turn|32
|
|t:|1760791223
|move|p2a: Edgar|First Impression|p1a: Dondozo
|-damage|p1a: Dondozo|23/100 slp
|-curestatus|p1a: Dondozo|slp|[msg]
|move|p1a: Dondozo|Rest|p1a: Dondozo
|-status|p1a: Dondozo|slp|[from] move: Rest
|-heal|p1a: Dondozo|100/100 slp|[silent]
|
|upkeep
|turn|33
|
|t:|1760791228
|switch|p2a: Braveheart|Iron Crown|18/100
|cant|p1a: Dondozo|slp
|
|upkeep
|turn|34
|
|t:|1760791231
|move|p2a: Braveheart|Volt Switch|p1a: Dondozo
|-supereffective|p1a: Dondozo
|-damage|p1a: Dondozo|31/100 slp
|
|t:|1760791234
|-end|p2a: Braveheart|Quark Drive|[silent]
|switch|p2a: Pisces|Alomomola, M, shiny|100/100|[from] Volt Switch
|cant|p1a: Dondozo|slp
|
|upkeep
|turn|35
|
|t:|1760791238
|move|p2a: Pisces|Flip Turn|p1a: Dondozo
|-resisted|p1a: Dondozo
|-damage|p1a: Dondozo|30/100 slp
|
|t:|1760791242
|switch|p2a: Edgar|Lokix, M, shiny|100/100|[from] Flip Turn
|-curestatus|p1a: Dondozo|slp|[msg]
|move|p1a: Dondozo|Body Press|p2a: Edgar
|-damage|p2a: Edgar|0 fnt
|faint|p2a: Edgar
|
|upkeep
|
|t:|1760791244
|switch|p2a: Braveheart|Iron Crown|18/100
|turn|36
|
|t:|1760791246
|move|p2a: Braveheart|Volt Switch|p1a: Dondozo
|-supereffective|p1a: Dondozo
|-damage|p1a: Dondozo|0 fnt
|faint|p1a: Dondozo
|
|win|jibreel69
|raw|caesar nivis's rating: 1485 &rarr; <strong>1468</strong><br />(-17 for losing)
|raw|jibreel69's rating: 1536 &rarr; <strong>1553</strong><br />(+17 for winning)
|l|☆caesar nivis
|player|p1|
