|j|☆gang696969
|j|☆healboy009
|t:|1760763000
|gametype|singles
|player|p1|gang696969|102|1454
|player|p2|healboy009|backpacker|1454
|gen|9
|tier|[Gen 9] OU
|rated|
|rule|HP Percentage Mod: HP is shown in percentages
|rule|Endless Battle Clause: Forcing endless battles is banned
|rule|Species Clause: Limit one of each Pokémon
|rule|OHKO Clause: OHKO moves are banned
|rule|Evasion Items Clause: Evasion items are banned
|rule|Evasion Moves Clause: Evasion moves are banned
|rule|Evasion Abilities Clause: Evasion abilities are banned
|rule|Sleep Moves Clause: Sleep-inducing moves are banned
|clearpoke
|poke|p1|Ceruledge, F|
|poke|p1|Walking Wake|
|poke|p1|Dragonite, M|
|poke|p1|Torkoal, M|
|poke|p1|Venusaur, M|
|poke|p1|Kingambit, F|
|poke|p2|Dondozo, M|
|poke|p2|Blissey, F|
|poke|p2|Gliscor, M|
|poke|p2|Toxapex, F|
|poke|p2|Slowking-Galar, M|
|poke|p2|Amoonguss, F|
|teampreview
|
|t:|1760763016
|teamsize|p1|6
|teamsize|p2|6
|start
|switch|p1a: Torkoal|Torkoal, M|100/100
|switch|p2a: Gliscor|Gliscor, M|100/100
|-weather|SunnyDay|[from] ability: Drought|[of] p1a: Torkoal
|turn|1
|
|t:|1760763025
|move|p2a: Gliscor|Protect|p2a: Gliscor
|-singleturn|p2a: Gliscor|Protect
|move|p1a: Torkoal|Eruption|p2a: Gliscor
|-activate|p2a: Gliscor|move: Protect
|
|-weather|SunnyDay|[upkeep]
|-status|p2a: Gliscor|tox|[from] item: Toxic Orb
|upkeep
|turn|2
|
|t:|1760763036
|switch|p2a: Toxapex|Toxapex, F|100/100
|switch|p1a: Dragonite|Dragonite, M|100/100
|
|-weather|SunnyDay|[upkeep]
|upkeep
|turn|3
|
|t:|1760763047
|switch|p2a: Dondozo|Dondozo, M|100/100
|move|p1a: Dragonite|Dragon Dance|p1a: Dragonite
|-boost|p1a: Dragonite|atk|1
|-boost|p1a: Dragonite|spe|1
|
|-weather|SunnyDay|[upkeep]
|upkeep
|turn|4
|
|t:|1760763056
|move|p1a: Dragonite|Extreme Speed|p2a: Dondozo
|-damage|p2a: Dondozo|86/100
|move|p2a: Dondozo|Avalanche|p1a: Dragonite
|-supereffective|p1a: Dragonite
|-damage|p1a: Dragonite|47/100
|
|-weather|SunnyDay|[upkeep]
|upkeep
|turn|5
|
|t:|1760763066
|move|p1a: Dragonite|Extreme Speed|p2a: Dondozo
|-damage|p2a: Dondozo|72/100
|move|p2a: Dondozo|Body Press|p1a: Dragonite
|-resisted|p1a: Dragonite
|-damage|p1a: Dragonite|34/100
|
|-weather|SunnyDay|[upkeep]
|upkeep
|turn|6
|
|t:|1760763075
|move|p1a: Dragonite|Extreme Speed|p2a: Dondozo
|-damage|p2a: Dondozo|56/100
|move|p2a: Dondozo|Avalanche|p1a: Dragonite
|-supereffective|p1a: Dragonite
|-damage|p1a: Dragonite|0 fnt
|faint|p1a: Dragonite
|
|-weather|SunnyDay|[upkeep]
|upkeep
|
|t:|1760763090
|switch|p1a: Venusaur|Venusaur, M|100/100
|turn|7
|
|t:|1760763098
|switch|p2a: Blissey|Blissey, F|100/100
|move|p1a: Venusaur|Growth|p1a: Venusaur
|-boost|p1a: Venusaur|atk|2
|-boost|p1a: Venusaur|spa|2
|
|-weather|SunnyDay|[upkeep]
|upkeep
|turn|8
|
|t:|1760763107
|move|p1a: Venusaur|Solar Beam||[still]
|-prepare|p1a: Venusaur|Solar Beam
|-anim|p1a: Venusaur|Solar Beam|p2a: Blissey
|-damage|p2a: Blissey|42/100
|-damage|p1a: Venusaur|91/100|[from] item: Life Orb
|move|p2a: Blissey|Calm Mind|p2a: Blissey
|-boost|p2a: Blissey|spa|1
|-boost|p2a: Blissey|spd|1
|
|-weather|none
|upkeep
|turn|9
|
|t:|1760763118
|switch|p1a: Torkoal|Torkoal, M|100/100
|-weather|SunnyDay|[from] ability: Drought|[of] p1a: Torkoal
|move|p2a: Blissey|Soft-Boiled|p2a: Blissey
|-heal|p2a: Blissey|92/100
|
|-weather|SunnyDay|[upkeep]
|upkeep
|turn|10
|
|t:|1760763125
|move|p2a: Blissey|Seismic Toss|p1a: Torkoal
|-damage|p1a: Torkoal|71/100
|move|p1a: Torkoal|Stealth Rock|p2a: Blissey
|-sidestart|p2: healboy009|move: Stealth Rock
|
|-weather|SunnyDay|[upkeep]
|upkeep
|turn|11
|
|t:|1760763133
|switch|p1a: Ceruledge|Ceruledge, F|100/100
|move|p2a: Blissey|Seismic Toss|p1a: Ceruledge
|-immune|p1a: Ceruledge
|
|-weather|SunnyDay|[upkeep]
|upkeep
|turn|12
|
|t:|1760763140
|switch|p2a: Toxapex|Toxapex, F|100/100
|move|p1a: Ceruledge|Swords Dance|p1a: Ceruledge
|-boost|p1a: Ceruledge|atk|2
|
|-weather|SunnyDay|[upkeep]
|upkeep
|turn|13
|
|t:|1760763146
|move|p1a: Ceruledge|Swords Dance|p1a: Ceruledge
|-boost|p1a: Ceruledge|atk|2
|move|p2a: Toxapex|Toxic|p1a: Ceruledge
|-status|p1a: Ceruledge|tox
|
|-weather|SunnyDay|[upkeep]
|-damage|p1a: Ceruledge|94/100 tox|[from] psn
|upkeep
|turn|14
|
|t:|1760763155
|switch|p2a: Dondozo|Dondozo, M|56/100
|move|p1a: Ceruledge|Swords Dance|p1a: Ceruledge
|-boost|p1a: Ceruledge|atk|2
|
|-weather|SunnyDay|[upkeep]
|-damage|p1a: Ceruledge|82/100 tox|[from] psn
|upkeep
|turn|15
|
|t:|1760763163
|move|p1a: Ceruledge|Poltergeist|p2a: Dondozo
|-activate|p2a: Dondozo|move: Poltergeist|Heavy-Duty Boots
|-damage|p2a: Dondozo|27/100
|move|p2a: Dondozo|Rest|p2a: Dondozo
|-status|p2a: Dondozo|slp|[from] move: Rest
|-heal|p2a: Dondozo|100/100 slp|[silent]
|
|-weather|SunnyDay|[upkeep]
|-damage|p1a: Ceruledge|63/100 tox|[from] psn
|upkeep
|turn|16
|
|t:|1760763183
|switch|p1a: Walking Wake|Walking Wake|100/100
|-activate|p1a: Walking Wake|ability: Protosynthesis
|-start|p1a: Walking Wake|protosynthesisspe
|cant|p2a: Dondozo|slp
|move|p2a: Dondozo|Sleep Talk|p2a: Dondozo
|move|p2a: Dondozo|Avalanche|p1a: Walking Wake|[from] move: Sleep Talk
|-damage|p1a: Walking Wake|86/100
|
|-weather|none
|-end|p1a: Walking Wake|Protosynthesis
|-heal|p1a: Walking Wake|92/100|[from] item: Leftovers
|upkeep
|turn|17
|
|t:|1760763197
|-end|p1a: Walking Wake|Protosynthesis|[silent]
|switch|p1a: Torkoal|Torkoal, M|71/100
|-weather|SunnyDay|[from] ability: Drought|[of] p1a: Torkoal
|switch|p2a: Slowking|Slowking-Galar, M|100/100
|
|-weather|SunnyDay|[upkeep]
|upkeep
|turn|18
|
|t:|1760763216
|switch|p1a: Walking Wake|Walking Wake|92/100
|-activate|p1a: Walking Wake|ability: Protosynthesis
|-start|p1a: Walking Wake|protosynthesisspe
|move|p2a: Slowking|Sludge Bomb|p1a: Walking Wake
|-damage|p1a: Walking Wake|51/100
|
|-weather|SunnyDay|[upkeep]
|-heal|p1a: Walking Wake|57/100|[from] item: Leftovers
|upkeep
|turn|19
|
|t:|1760763228
|move|p2a: Slowking|Protect|p2a: Slowking
|-singleturn|p2a: Slowking|Protect
|move|p1a: Walking Wake|Hydro Steam|p2a: Slowking
|-activate|p2a: Slowking|move: Protect
|
|-weather|SunnyDay|[upkeep]
|-heal|p1a: Walking Wake|63/100|[from] item: Leftovers
|upkeep
|turn|20
|
|t:|1760763239
|move|p1a: Walking Wake|Hydro Steam|p2a: Slowking
|-damage|p2a: Slowking|65/100
|move|p2a: Slowking|Sludge Bomb|p1a: Walking Wake
|-damage|p1a: Walking Wake|23/100
|
|-weather|SunnyDay|[upkeep]
|-heal|p1a: Walking Wake|29/100|[from] item: Leftovers
|upkeep
|turn|21
|
|t:|1760763247
|move|p1a: Walking Wake|Hydro Steam|p2a: Slowking
|-damage|p2a: Slowking|29/100
|move|p2a: Slowking|Sludge Bomb|p1a: Walking Wake
|-damage|p1a: Walking Wake|0 fnt
|faint|p1a: Walking Wake
|-end|p1a: Walking Wake|Protosynthesis|[silent]
|
|-weather|SunnyDay|[upkeep]
|upkeep
|
|t:|1760763259
|switch|p1a: Kingambit|Kingambit, F|100/100
|-activate|p1a: Kingambit|ability: Supreme Overlord
|-start|p1a: Kingambit|fallen2|[silent]
|turn|22
|
|t:|1760763264
|switch|p2a: Dondozo|Dondozo, M|100/100 slp
|move|p1a: Kingambit|Kowtow Cleave|p2a: Dondozo
|-damage|p2a: Dondozo|73/100 slp
|
|-weather|SunnyDay|[upkeep]
|upkeep
|turn|23
|
|t:|1760763273
|move|p1a: Kingambit|Kowtow Cleave|p2a: Dondozo
|-damage|p2a: Dondozo|44/100 slp
|cant|p2a: Dondozo|slp
|move|p2a: Dondozo|Sleep Talk|p2a: Dondozo
|move|p2a: Dondozo|Body Press|p1a: Kingambit|[from] move: Sleep Talk
|-supereffective|p1a: Kingambit
|-damage|p1a: Kingambit|26/100
|
|-weather|SunnyDay|[upkeep]
|upkeep
|turn|24
|
|t:|1760763284
|-end|p1a: Kingambit|fallen2|[silent]
|switch|p1a: Ceruledge|Ceruledge, F|63/100 tox
|-curestatus|p2a: Dondozo|slp|[msg]
|move|p2a: Dondozo|Rest|p2a: Dondozo
|-status|p2a: Dondozo|slp|[from] move: Rest
|-heal|p2a: Dondozo|100/100 slp|[silent]
|
|-weather|none
|-damage|p1a: Ceruledge|57/100 tox|[from] psn
|upkeep
|turn|25
|
|t:|1760763295
|switch|p1a: Torkoal|Torkoal, M|71/100
|-weather|SunnyDay|[from] ability: Drought|[of] p1a: Torkoal
|cant|p2a: Dondozo|slp
|move|p2a: Dondozo|Sleep Talk|p2a: Dondozo
|move|p2a: Dondozo|Body Press|p1a: Torkoal|[from] move: Sleep Talk
|-damage|p1a: Torkoal|49/100
|
|-weather|SunnyDay|[upkeep]
|upkeep
|turn|26
|
|t:|1760763308
|switch|p2a: Slowking|Slowking-Galar, M|63/100
|switch|p1a: Venusaur|Venusaur, M|91/100
|
|-weather|SunnyDay|[upkeep]
|upkeep
|turn|27
|
|t:|1760763317
|-terastallize|p1a: Venusaur|Ground
|move|p1a: Venusaur|Earth Power|p2a: Slowking
|-supereffective|p2a: Slowking
|-damage|p2a: Slowking|3/100
|-damage|p1a: Venusaur|81/100|[from] item: Life Orb
|move|p2a: Slowking|Eerie Spell|p1a: Venusaur
|-damage|p1a: Venusaur|44/100
|-activate|p1a: Venusaur|move: Eerie Spell|Earth Power|3
|
|-weather|SunnyDay|[upkeep]
|upkeep
|turn|28
|
|t:|1760763333
|switch|p2a: Blissey|Blissey, F|92/100
|move|p1a: Venusaur|Solar Beam||[still]
|-prepare|p1a: Venusaur|Solar Beam
|-anim|p1a: Venusaur|Solar Beam|p2a: Blissey
|-damage|p2a: Blissey|65/100
|-damage|p1a: Venusaur|34/100|[from] item: Life Orb
|
|-weather|SunnyDay|[upkeep]
|upkeep
|turn|29
|
|t:|1760763342
|move|p1a: Venusaur|Growth|p1a: Venusaur
|-boost|p1a: Venusaur|atk|2
|-boost|p1a: Venusaur|spa|2
|move|p2a: Blissey|Shadow Ball|p1a: Venusaur
|-damage|p1a: Venusaur|17/100
|-unboost|p1a: Venusaur|spd|1
|
|-weather|SunnyDay|[upkeep]
|upkeep
|turn|30
|
|t:|1760763353
|move|p1a: Venusaur|Solar Beam||[still]
|-prepare|p1a: Venusaur|Solar Beam
|-anim|p1a: Venusaur|Solar Beam|p2a: Blissey
|-damage|p2a: Blissey|8/100
|-damage|p1a: Venusaur|7/100|[from] item: Life Orb
|move|p2a: Blissey|Soft-Boiled|p2a: Blissey
|-heal|p2a: Blissey|58/100
|
|-weather|SunnyDay|[upkeep]
|upkeep
|turn|31
|
|t:|1760763365
|switch|p2a: Amoonguss|Amoonguss, F|100/100
|move|p1a: Venusaur|Solar Beam||[still]
|-prepare|p1a: Venusaur|Solar Beam
|-anim|p1a: Venusaur|Solar Beam|p2a: Amoonguss
|-resisted|p2a: Amoonguss
|-damage|p2a: Amoonguss|68/100
|-damage|p1a: Venusaur|0 fnt|[from] item: Life Orb
|faint|p1a: Venusaur
|
|-weather|SunnyDay|[upkeep]
|upkeep
|
|t:|1760763377
|switch|p1a: Ceruledge|Ceruledge, F|57/100 tox
|turn|32
|
|t:|1760763388
|switch|p2a: Dondozo|Dondozo, M|100/100 slp
|move|p1a: Ceruledge|Bitter Blade|p2a: Dondozo
|-resisted|p2a: Dondozo
|-damage|p2a: Dondozo|84/100 slp
|-heal|p1a: Ceruledge|72/100 tox|[from] drain|[of] p2a: Dondozo
|
|-weather|none
|-damage|p1a: Ceruledge|65/100 tox|[from] psn
|upkeep
|turn|33
|
|t:|1760763400
|switch|p1a: Torkoal|Torkoal, M|49/100
|-weather|SunnyDay|[from] ability: Drought|[of] p1a: Torkoal
|cant|p2a: Dondozo|slp
|move|p2a: Dondozo|Sleep Talk|p2a: Dondozo
|move|p2a: Dondozo|Body Press|p1a: Torkoal|[from] move: Sleep Talk
|-damage|p1a: Torkoal|28/100
|
|-weather|SunnyDay|[upkeep]
|upkeep
|turn|34
|
|t:|1760763415
|switch|p2a: Slowking|Slowking-Galar, M|36/100
|move|p1a: Torkoal|Overheat|p2a: Slowking|[miss]
|-miss|p1a: Torkoal|p2a: Slowking
|
|-weather|SunnyDay|[upkeep]
|upkeep
|turn|35
|
|t:|1760763421
|move|p2a: Slowking|Protect|p2a: Slowking
|-singleturn|p2a: Slowking|Protect
|move|p1a: Torkoal|Overheat|p2a: Slowking
|-activate|p2a: Slowking|move: Protect
|
|-weather|SunnyDay|[upkeep]
|upkeep
|turn|36
|
|t:|1760763429
|move|p1a: Torkoal|Overheat|p2a: Slowking
|-damage|p2a: Slowking|0 fnt
|-unboost|p1a: Torkoal|spa|2
|faint|p2a: Slowking
|
|-weather|SunnyDay|[upkeep]
|upkeep
|
|t:|1760763434
|switch|p2a: Blissey|Blissey, F|58/100
|turn|37
|
|t:|1760763438
|switch|p1a: Ceruledge|Ceruledge, F|65/100 tox
|move|p2a: Blissey|Seismic Toss|p1a: Ceruledge
|-immune|p1a: Ceruledge
|
|-weather|SunnyDay|[upkeep]
|-damage|p1a: Ceruledge|59/100 tox|[from] psn
|upkeep
|turn|38
|
|t:|1760763448
|switch|p2a: Dondozo|Dondozo, M|84/100 slp
|move|p1a: Ceruledge|Bitter Blade|p2a: Dondozo
|-resisted|p2a: Dondozo
|-damage|p2a: Dondozo|67/100 slp
|-heal|p1a: Ceruledge|73/100 tox|[from] drain|[of] p2a: Dondozo
|
|-weather|SunnyDay|[upkeep]
|-damage|p1a: Ceruledge|61/100 tox|[from] psn
|upkeep
|turn|39
|
|t:|1760763460
|switch|p1a: Kingambit|Kingambit, F|26/100
|-activate|p1a: Kingambit|ability: Supreme Overlord
|-start|p1a: Kingambit|fallen3|[silent]
|-curestatus|p2a: Dondozo|slp|[msg]
|move|p2a: Dondozo|Avalanche|p1a: Kingambit
|-resisted|p1a: Kingambit
|-damage|p1a: Kingambit|21/100
|
|-weather|SunnyDay|[upkeep]
|upkeep
|turn|40
|
|t:|1760763474
|move|p1a: Kingambit|Iron Head|p2a: Dondozo
|-resisted|p2a: Dondozo
|-damage|p2a: Dondozo|54/100
|cant|p2a: Dondozo|flinch
|
|-weather|none
|upkeep
|turn|41
|
|t:|1760763482
|-end|p1a: Kingambit|fallen3|[silent]
|switch|p1a: Ceruledge|Ceruledge, F|61/100 tox
|move|p2a: Dondozo|Rest|p2a: Dondozo
|-status|p2a: Dondozo|slp|[from] move: Rest
|-heal|p2a: Dondozo|100/100 slp|[silent]
|
|-damage|p1a: Ceruledge|55/100 tox|[from] psn
|upkeep
|turn|42
|
|t:|1760763492
|move|p1a: Ceruledge|Bitter Blade|p2a: Dondozo
|-resisted|p2a: Dondozo
|-damage|p2a: Dondozo|89/100 slp
|-heal|p1a: Ceruledge|65/100 tox|[from] drain|[of] p2a: Dondozo
|cant|p2a: Dondozo|slp
|move|p2a: Dondozo|Sleep Talk|p2a: Dondozo
|move|p2a: Dondozo|Avalanche|p1a: Ceruledge|[from] move: Sleep Talk
|-resisted|p1a: Ceruledge
|-damage|p1a: Ceruledge|43/100 tox
|-ability|p1a: Ceruledge|Weak Armor|boost
|-unboost|p1a: Ceruledge|def|1
|-boost|p1a: Ceruledge|spe|2
|
|-damage|p1a: Ceruledge|31/100 tox|[from] psn
|upkeep
|turn|43
|
|t:|1760763507
|switch|p1a: Torkoal|Torkoal, M|28/100
|-weather|SunnyDay|[from] ability: Drought|[of] p1a: Torkoal
|cant|p2a: Dondozo|slp
|move|p2a: Dondozo|Sleep Talk|p2a: Dondozo
|move|p2a: Dondozo|Body Press|p1a: Torkoal|[from] move: Sleep Talk
|-damage|p1a: Torkoal|7/100
|
|-weather|SunnyDay|[upkeep]
|upkeep
|turn|44
|
|t:|1760763519
|switch|p2a: Blissey|Blissey, F|58/100
|switch|p1a: Ceruledge|Ceruledge, F|31/100 tox
|
|-weather|SunnyDay|[upkeep]
|-damage|p1a: Ceruledge|25/100 tox|[from] psn
|upkeep
|turn|45
|
|t:|1760763527
|switch|p2a: Dondozo|Dondozo, M|89/100 slp
|move|p1a: Ceruledge|Bitter Blade|p2a: Dondozo
|-resisted|p2a: Dondozo
|-damage|p2a: Dondozo|73/100 slp
|-heal|p1a: Ceruledge|39/100 tox|[from] drain|[of] p2a: Dondozo
|
|-weather|SunnyDay|[upkeep]
|-damage|p1a: Ceruledge|27/100 tox|[from] psn
|upkeep
|turn|46
|
|t:|1760763539
|move|p1a: Ceruledge|Swords Dance|p1a: Ceruledge
|-boost|p1a: Ceruledge|atk|2
|-curestatus|p2a: Dondozo|slp|[msg]
|move|p2a: Dondozo|Avalanche|p1a: Ceruledge
|-resisted|p1a: Ceruledge
|-damage|p1a: Ceruledge|17/100 tox
|-ability|p1a: Ceruledge|Weak Armor|boost
|-unboost|p1a: Ceruledge|def|1
|-boost|p1a: Ceruledge|spe|2
|
|-weather|SunnyDay|[upkeep]
|-damage|p1a: Ceruledge|0 fnt|[from] psn
|faint|p1a: Ceruledge
|upkeep
|
|t:|1760763553
|switch|p1a: Kingambit|Kingambit, F|21/100
|-activate|p1a: Kingambit|ability: Supreme Overlord
|-start|p1a: Kingambit|fallen4|[silent]
|turn|47
|
|t:|1760763558
|move|p1a: Kingambit|Kowtow Cleave|p2a: Dondozo
|-damage|p2a: Dondozo|41/100
|move|p2a: Dondozo|Body Press|p1a: Kingambit
|-supereffective|p1a: Kingambit
|-damage|p1a: Kingambit|0 fnt
|faint|p1a: Kingambit
|-end|p1a: Kingambit|fallen4|[silent]
|
|-weather|SunnyDay|[upkeep]
|upkeep
|
|t:|1760763565
|switch|p1a: Torkoal|Torkoal, M|7/100
|turn|48
|
|t:|1760763568
|move|p2a: Dondozo|Body Press|p1a: Torkoal
|-damage|p1a: Torkoal|0 fnt
|faint|p1a: Torkoal
|
|win|healboy009
|raw|gang696969's rating: 1454 &rarr; <strong>1434</strong><br />(-20 for losing)
|raw|healboy009's rating: 1454 &rarr; <strong>1474</strong><br />(+20 for winning)
|l|☆healboy009
|player|p2|
