|j|☆pgoodman120
|j|☆tastytoiletwater
|t:|1760811173
|gametype|singles
|player|p1|pgoodman120|265|
|player|p2|tastytoiletwater|265|
|gen|9
|tier|[Gen 9] OU
|rule|HP Percentage Mod: HP is shown in percentages
|rule|Endless Battle Clause: Forcing endless battles is banned
|rule|Species Clause: Limit one of each Pokémon
|rule|OHKO Clause: OHKO moves are banned
|rule|Evasion Items Clause: Evasion items are banned
|rule|Evasion Moves Clause: Evasion moves are banned
|rule|Evasion Abilities Clause: Evasion abilities are banned
|rule|Sleep Moves Clause: Sleep-inducing moves are banned
|clearpoke
|poke|p1|Ninetales-Alola, F|
|poke|p1|Chandelure, M|
|poke|p1|Cetitan, F|
|poke|p1|Tauros-Paldea-Aqua, M|
|poke|p1|Appletun, F|
|poke|p1|Umbreon, F|
|poke|p2|Golurk|
|poke|p2|Entei|
|poke|p2|Klefki, F|
|poke|p2|Porygon2|
|poke|p2|Wo-Chien|
|poke|p2|Quagsire, F|
|teampreview
|j| MAGAboominGOOCH
|
|t:|1760811218
|teamsize|p1|6
|teamsize|p2|6
|start
|switch|p1a: big justice|Ninetales-Alola, F, shiny|100/100
|switch|p2a: Kay Faraday|Klefki, F|100/100
|-weather|Snowscape|[from] ability: Snow Warning|[of] p1a: big justice
|turn|1
|c| MAGAboominGOOCH|ClubPangu
|
|t:|1760811235
|switch|p1a: chandelussy|Chandelure, M, shiny|100/100
|move|p2a: Kay Faraday|Spikes|p1a: chandelussy
|-sidestart|p1: pgoodman120|Spikes
|
|-weather|Snowscape|[upkeep]
|upkeep
|turn|2
|
|t:|1760811248
|switch|p2a: Athena Cykes|Porygon2|100/100
|move|p1a: chandelussy|Flamethrower|p2a: Athena Cykes
|-damage|p2a: Athena Cykes|64/100
|-status|p2a: Athena Cykes|brn
|
|-weather|Snowscape|[upkeep]
|-damage|p2a: Athena Cykes|58/100 brn|[from] brn
|upkeep
|turn|3
|
|t:|1760811268
|switch|p1a: the boom|Tauros-Paldea-Aqua, M, shiny|100/100
|-damage|p1a: the boom|88/100|[from] Spikes
|-ability|p1a: the boom|Intimidate|boost
|-unboost|p2a: Athena Cykes|atk|1
|move|p2a: Athena Cykes|Recover|p2a: Athena Cykes
|-heal|p2a: Athena Cykes|100/100 brn
|
|-weather|Snowscape|[upkeep]
|-damage|p2a: Athena Cykes|94/100 brn|[from] brn
|upkeep
|turn|4
|
|t:|1760811291
|switch|p2a: Kay Faraday|Klefki, F|100/100
|move|p1a: the boom|Trailblaze|p2a: Kay Faraday
|-resisted|p2a: Kay Faraday
|-damage|p2a: Kay Faraday|94/100
|-boost|p1a: the boom|spe|1
|
|-weather|Snowscape|[upkeep]
|-heal|p2a: Kay Faraday|99/100|[from] item: Leftovers
|upkeep
|turn|5
|
|t:|1760811310
|move|p2a: Kay Faraday|Thunder Wave|p1a: the boom
|-status|p1a: the boom|par
|move|p1a: the boom|Close Combat|p2a: Kay Faraday
|-damage|p2a: Kay Faraday|48/100
|-unboost|p1a: the boom|def|1
|-unboost|p1a: the boom|spd|1
|
|-weather|Snowscape|[upkeep]
|-heal|p2a: Kay Faraday|54/100|[from] item: Leftovers
|upkeep
|turn|6
|
|t:|1760811326
|-terastallize|p1a: the boom|Water
|move|p2a: Kay Faraday|Dazzling Gleam|p1a: the boom
|-damage|p1a: the boom|61/100 par
|move|p1a: the boom|Wave Crash|p2a: Kay Faraday
|-damage|p2a: Kay Faraday|0 fnt
|faint|p2a: Kay Faraday
|-damage|p1a: the boom|42/100 par|[from] Recoil
|
|-weather|Snowscape|[upkeep]
|upkeep
|
|t:|1760811393
|switch|p2a: Furio Tigre|Entei|100/100
|turn|7
|
|t:|1760811434
|switch|p1a: arthur|Umbreon, F, shiny|100/100
|-damage|p1a: arthur|88/100|[from] Spikes
|move|p2a: Furio Tigre|Stone Edge|p1a: arthur
|-damage|p1a: arthur|68/100
|
|-weather|Snowscape|[upkeep]
|-heal|p1a: arthur|75/100|[from] item: Leftovers
|upkeep
|turn|8
|
|t:|1760811460
|move|p2a: Furio Tigre|Sacred Fire|p1a: arthur
|-damage|p1a: arthur|42/100
|move|p1a: arthur|Wish|p1a: arthur
|
|-weather|none
|-heal|p1a: arthur|48/100|[from] item: Leftovers
|upkeep
|turn|9
|
|t:|1760811468
|switch|p2a: Damon Gant|Golurk|100/100
|move|p1a: arthur|Protect||[still]
|-fail|p1a: arthur
|
|-heal|p1a: arthur|98/100|[from] move: Wish|[wisher] arthur
|-heal|p1a: arthur|100/100|[from] item: Leftovers
|upkeep
|turn|10
|
|t:|1760811488
|move|p2a: Damon Gant|Earthquake|p1a: arthur
|-damage|p1a: arthur|55/100
|move|p1a: arthur|Foul Play|p2a: Damon Gant
|-supereffective|p2a: Damon Gant
|-damage|p2a: Damon Gant|0 fnt
|faint|p2a: Damon Gant
|
|-heal|p1a: arthur|62/100|[from] item: Leftovers
|upkeep
|
|t:|1760811499
|switch|p2a: Albert Harebrayne|Wo-Chien|100/100
|-ability|p2a: Albert Harebrayne|Tablets of Ruin
|turn|11
|
|t:|1760811504
|switch|p1a: big booty judy|Appletun, F, shiny|100/100
|-damage|p1a: big booty judy|88/100|[from] Spikes
|move|p2a: Albert Harebrayne|Substitute|p2a: Albert Harebrayne
|-start|p2a: Albert Harebrayne|Substitute
|-damage|p2a: Albert Harebrayne|76/100
|
|-heal|p2a: Albert Harebrayne|82/100|[from] item: Leftovers
|-heal|p1a: big booty judy|94/100|[from] item: Leftovers
|upkeep
|turn|12
|
|t:|1760811515
|move|p2a: Albert Harebrayne|Ruination|p1a: big booty judy
|-damage|p1a: big booty judy|48/100
|move|p1a: big booty judy|Iron Defense|p1a: big booty judy
|-boost|p1a: big booty judy|def|2
|
|-heal|p2a: Albert Harebrayne|88/100|[from] item: Leftovers
|-heal|p1a: big booty judy|54/100|[from] item: Leftovers
|upkeep
|turn|13
|
|t:|1760811529
|move|p2a: Albert Harebrayne|Ruination|p1a: big booty judy
|-damage|p1a: big booty judy|27/100
|move|p1a: big booty judy|Iron Defense|p1a: big booty judy
|-boost|p1a: big booty judy|def|2
|
|-heal|p2a: Albert Harebrayne|94/100|[from] item: Leftovers
|-heal|p1a: big booty judy|33/100|[from] item: Leftovers
|upkeep
|turn|14
|
|t:|1760811542
|switch|p2a: Furio Tigre|Entei|100/100
|move|p1a: big booty judy|Body Press|p2a: Furio Tigre
|-damage|p2a: Furio Tigre|36/100
|
|-heal|p1a: big booty judy|40/100|[from] item: Leftovers
|upkeep
|turn|15
|
|t:|1760811557
|move|p2a: Furio Tigre|Sacred Fire|p1a: big booty judy
|-damage|p1a: big booty judy|34/100
|-status|p1a: big booty judy|brn
|move|p1a: big booty judy|Recover|p1a: big booty judy
|-heal|p1a: big booty judy|84/100 brn
|
|-heal|p1a: big booty judy|90/100 brn|[from] item: Leftovers
|-damage|p1a: big booty judy|84/100 brn|[from] brn
|upkeep
|turn|16
|
|t:|1760811571
|switch|p2a: Maya Fey|Quagsire, F|100/100
|move|p1a: big booty judy|Iron Defense|p1a: big booty judy
|-boost|p1a: big booty judy|def|2
|
|-heal|p1a: big booty judy|90/100 brn|[from] item: Leftovers
|-damage|p1a: big booty judy|84/100 brn|[from] brn
|upkeep
|turn|17
|
|t:|1760811591
|-terastallize|p2a: Maya Fey|Poison
|move|p2a: Maya Fey|Stealth Rock|p1a: big booty judy
|-sidestart|p1: pgoodman120|move: Stealth Rock
|move|p1a: big booty judy|Apple Acid|p2a: Maya Fey
|-resisted|p2a: Maya Fey
|-damage|p2a: Maya Fey|85/100
|-unboost|p2a: Maya Fey|spd|1
|
|-heal|p2a: Maya Fey|91/100|[from] item: Leftovers
|-heal|p1a: big booty judy|90/100 brn|[from] item: Leftovers
|-damage|p1a: big booty judy|84/100 brn|[from] brn
|upkeep
|turn|18
|
|t:|1760811610
|move|p2a: Maya Fey|Encore|p1a: big booty judy
|-start|p1a: big booty judy|Encore
|move|p1a: big booty judy|Apple Acid|p2a: Maya Fey
|-resisted|p2a: Maya Fey
|-crit|p2a: Maya Fey
|-damage|p2a: Maya Fey|51/100
|-unboost|p2a: Maya Fey|spd|1
|
|-heal|p2a: Maya Fey|57/100|[from] item: Leftovers
|-heal|p1a: big booty judy|90/100 brn|[from] item: Leftovers
|-damage|p1a: big booty judy|84/100 brn|[from] brn
|upkeep
|turn|19
|
|t:|1760811620
|move|p2a: Maya Fey|Recover|p2a: Maya Fey
|-heal|p2a: Maya Fey|100/100
|move|p1a: big booty judy|Apple Acid|p2a: Maya Fey
|-resisted|p2a: Maya Fey
|-damage|p2a: Maya Fey|65/100
|-unboost|p2a: Maya Fey|spd|1
|
|-heal|p2a: Maya Fey|71/100|[from] item: Leftovers
|-heal|p1a: big booty judy|90/100 brn|[from] item: Leftovers
|-damage|p1a: big booty judy|84/100 brn|[from] brn
|upkeep
|turn|20
|
|t:|1760811630
|move|p2a: Maya Fey|Recover|p2a: Maya Fey
|-heal|p2a: Maya Fey|100/100
|move|p1a: big booty judy|Apple Acid|p2a: Maya Fey
|-resisted|p2a: Maya Fey
|-damage|p2a: Maya Fey|55/100
|-unboost|p2a: Maya Fey|spd|1
|
|-heal|p2a: Maya Fey|61/100|[from] item: Leftovers
|-heal|p1a: big booty judy|90/100 brn|[from] item: Leftovers
|-damage|p1a: big booty judy|84/100 brn|[from] brn
|-end|p1a: big booty judy|Encore
|upkeep
|turn|21
|
|t:|1760811641
|switch|p2a: Furio Tigre|Entei|36/100
|move|p1a: big booty judy|Apple Acid|p2a: Furio Tigre
|-resisted|p2a: Furio Tigre
|-damage|p2a: Furio Tigre|19/100
|-unboost|p2a: Furio Tigre|spd|1
|
|-heal|p1a: big booty judy|90/100 brn|[from] item: Leftovers
|-damage|p1a: big booty judy|84/100 brn|[from] brn
|upkeep
|turn|22
|c| MAGAboominGOOCH|wake me up by avicii
|
|t:|1760811654
|move|p2a: Furio Tigre|Sacred Fire|p1a: big booty judy
|-damage|p1a: big booty judy|79/100 brn
|move|p1a: big booty judy|Apple Acid|p2a: Furio Tigre
|-resisted|p2a: Furio Tigre
|-damage|p2a: Furio Tigre|0 fnt
|faint|p2a: Furio Tigre
|
|-heal|p1a: big booty judy|85/100 brn|[from] item: Leftovers
|-damage|p1a: big booty judy|79/100 brn|[from] brn
|upkeep
|
|t:|1760811658
|switch|p2a: Athena Cykes|Porygon2|94/100 brn
|turn|23
|
|t:|1760811676
|move|p2a: Athena Cykes|Tri Attack|p1a: big booty judy
|-damage|p1a: big booty judy|43/100 brn
|move|p1a: big booty judy|Body Press|p2a: Athena Cykes
|-supereffective|p2a: Athena Cykes
|-damage|p2a: Athena Cykes|23/100 brn
|
|-heal|p1a: big booty judy|49/100 brn|[from] item: Leftovers
|-damage|p2a: Athena Cykes|17/100 brn|[from] brn
|-damage|p1a: big booty judy|43/100 brn|[from] brn
|upkeep
|turn|24
|
|t:|1760811707
|switch|p1a: big justice|Ninetales-Alola, F, shiny|100/100
|-damage|p1a: big justice|88/100|[from] Spikes
|-damage|p1a: big justice|64/100|[from] Stealth Rock
|-weather|Snowscape|[from] ability: Snow Warning|[of] p1a: big justice
|move|p2a: Athena Cykes|Tri Attack|p1a: big justice
|-damage|p1a: big justice|2/100
|
|-weather|Snowscape|[upkeep]
|-damage|p2a: Athena Cykes|11/100 brn|[from] brn
|upkeep
|turn|25
|
|t:|1760811721
|move|p1a: big justice|Freeze-Dry|p2a: Athena Cykes
|-damage|p2a: Athena Cykes|0 fnt
|faint|p2a: Athena Cykes
|
|-weather|Snowscape|[upkeep]
|upkeep
|
|t:|1760811728
|switch|p2a: Maya Fey|Quagsire, F, tera:Poison|61/100
|turn|26
|
|t:|1760811744
|move|p1a: big justice|Aurora Veil|p1a: big justice
|-sidestart|p1: pgoodman120|move: Aurora Veil
|move|p2a: Maya Fey|Recover|p2a: Maya Fey
|-heal|p2a: Maya Fey|100/100
|
|-weather|Snowscape|[upkeep]
|upkeep
|turn|27
|
|t:|1760811751
|move|p1a: big justice|Freeze-Dry|p2a: Maya Fey
|-damage|p2a: Maya Fey|68/100
|move|p2a: Maya Fey|Encore|p1a: big justice
|-start|p1a: big justice|Encore
|
|-weather|Snowscape|[upkeep]
|-heal|p2a: Maya Fey|74/100|[from] item: Leftovers
|upkeep
|turn|28
|-message|tastytoiletwater forfeited.
|
|win|pgoodman120
|l|☆tastytoiletwater
|player|p2|
|l|☆pgoodman120
|player|p1|
|c| MAGAboominGOOCH|good move declan
|j|☆tastytoiletwater
|player|p2|tastytoiletwater|265|
|l| MAGAboominGOOCH
