|j|☆HahaYoung
|j|☆fallen five
|t:|1760763349
|gametype|singles
|player|p1|HahaYoung|bugcatcher-gen4dp|1396
|player|p2|fallen five|170|1420
|gen|9
|tier|[Gen 9] OU
|rated|
|rule|HP Percentage Mod: HP is shown in percentages
|rule|Endless Battle Clause: Forcing endless battles is banned
|rule|Species Clause: Limit one of each Pokémon
|rule|OHKO Clause: OHKO moves are banned
|rule|Evasion Items Clause: Evasion items are banned
|rule|Evasion Moves Clause: Evasion moves are banned
|rule|Evasion Abilities Clause: Evasion abilities are banned
|rule|Sleep Moves Clause: Sleep-inducing moves are banned
|clearpoke
|poke|p1|Tyranitar, F|
|poke|p1|Excadrill, M|
|poke|p1|Keldeo-Resolute|
|poke|p1|Tornadus-Therian, M|
|poke|p1|Heatran, M|
|poke|p1|Hydrapple, M|
|poke|p2|Excadrill, F|
|poke|p2|Garganacl, M|
|poke|p2|Dragapult, M|
|poke|p2|Tyranitar, M|
|poke|p2|Pecharunt|
|poke|p2|Moltres|
|teampreview
|inactive|Battle timer is ON: inactive players will automatically lose when time's up. (requested by HahaYoung)
|inactive|fallen five also wants the timer to be on.
|
|t:|1760763374
|teamsize|p1|6
|teamsize|p2|6
|start
|switch|p1a: Hydrapple|Hydrapple, M|100/100
|switch|p2a: Garganacl|Garganacl, M|100/100
|turn|1
|
|t:|1760763387
|switch|p2a: Moltres|Moltres|100/100
|move|p1a: Hydrapple|Nasty Plot|p1a: Hydrapple
|-boost|p1a: Hydrapple|spa|2
|
|upkeep
|turn|2
|
|t:|1760763395
|move|p2a: Moltres|U-turn|p1a: Hydrapple
|-supereffective|p1a: Hydrapple
|-damage|p1a: Hydrapple|83/100
|-damage|p2a: Moltres|84/100|[from] item: Rocky Helmet|[of] p1a: Hydrapple
|
|t:|1760763403
|switch|p2a: Tyranitar|Tyranitar, M|100/100|[from] U-turn
|-weather|Sandstorm|[from] ability: Sand Stream|[of] p2a: Tyranitar
|move|p1a: Hydrapple|Fickle Beam|p2a: Tyranitar
|-damage|p2a: Tyranitar|75/100
|
|-weather|Sandstorm|[upkeep]
|-damage|p1a: Hydrapple|77/100|[from] Sandstorm
|upkeep
|turn|3
|
|t:|1760763416
|switch|p1a: Keldeo|Keldeo-Resolute|100/100
|move|p2a: Tyranitar|Ice Beam|p1a: Keldeo
|-resisted|p1a: Keldeo
|-damage|p1a: Keldeo|88/100
|
|-weather|Sandstorm|[upkeep]
|-damage|p1a: Keldeo|82/100|[from] Sandstorm
|upkeep
|turn|4
|
|t:|1760763430
|move|p1a: Keldeo|Surf|p2a: Tyranitar
|-supereffective|p2a: Tyranitar
|-damage|p2a: Tyranitar|21/100
|move|p2a: Tyranitar|Stealth Rock|p1a: Keldeo
|-sidestart|p1: HahaYoung|move: Stealth Rock
|
|-weather|Sandstorm|[upkeep]
|-damage|p1a: Keldeo|76/100|[from] Sandstorm
|upkeep
|turn|5
|
|t:|1760763438
|switch|p2a: Dragapult|Dragapult, M|100/100
|move|p1a: Keldeo|Surf|p2a: Dragapult
|-resisted|p2a: Dragapult
|-damage|p2a: Dragapult|49/100
|
|-weather|Sandstorm|[upkeep]
|-damage|p2a: Dragapult|43/100|[from] Sandstorm
|-damage|p1a: Keldeo|70/100|[from] Sandstorm
|upkeep
|turn|6
|
|t:|1760763449
|switch|p1a: Heatran|Heatran, M|100/100
|-damage|p1a: Heatran|88/100|[from] Stealth Rock
|move|p2a: Dragapult|Dragon Darts|p1a: Heatran
|-resisted|p1a: Heatran
|-damage|p1a: Heatran|71/100
|-anim|p2a: Dragapult|Dragon Darts|p1a: Heatran
|-resisted|p1a: Heatran
|-damage|p1a: Heatran|54/100
|
|-weather|Sandstorm|[upkeep]
|-damage|p2a: Dragapult|37/100|[from] Sandstorm
|-heal|p1a: Heatran|60/100|[from] item: Leftovers
|upkeep
|turn|7
|
|t:|1760763462
|switch|p2a: Garganacl|Garganacl, M|100/100
|move|p1a: Heatran|Stealth Rock|p2a: Garganacl
|-sidestart|p2: fallen five|move: Stealth Rock
|
|-weather|Sandstorm|[upkeep]
|-heal|p1a: Heatran|66/100|[from] item: Leftovers
|upkeep
|turn|8
|
|t:|1760763469
|switch|p1a: Hydrapple|Hydrapple, M|100/100
|-damage|p1a: Hydrapple|88/100|[from] Stealth Rock
|move|p2a: Garganacl|Salt Cure|p1a: Hydrapple
|-damage|p1a: Hydrapple|80/100
|-start|p1a: Hydrapple|Salt Cure
|
|-weather|Sandstorm|[upkeep]
|-damage|p1a: Hydrapple|74/100|[from] Sandstorm
|-damage|p1a: Hydrapple|62/100|[from] Salt Cure
|upkeep
|turn|9
|
|t:|1760763479
|move|p1a: Hydrapple|Giga Drain|p2a: Garganacl
|-supereffective|p2a: Garganacl
|-damage|p2a: Garganacl|72/100
|-heal|p1a: Hydrapple|75/100|[from] drain|[of] p2a: Garganacl
|move|p2a: Garganacl|Iron Defense|p2a: Garganacl
|-boost|p2a: Garganacl|def|2
|
|-weather|none
|-heal|p2a: Garganacl|78/100|[from] item: Leftovers
|-damage|p1a: Hydrapple|63/100|[from] Salt Cure
|upkeep
|turn|10
|
|t:|1760763488
|move|p1a: Hydrapple|Nasty Plot|p1a: Hydrapple
|-boost|p1a: Hydrapple|spa|2
|move|p2a: Garganacl|Body Press|p1a: Hydrapple
|-damage|p1a: Hydrapple|35/100
|-damage|p2a: Garganacl|62/100|[from] item: Rocky Helmet|[of] p1a: Hydrapple
|
|-heal|p2a: Garganacl|68/100|[from] item: Leftovers
|-damage|p1a: Hydrapple|23/100|[from] Salt Cure
|upkeep
|turn|11
|
|t:|1760763500
|switch|p2a: Moltres|Moltres|84/100
|-terastallize|p1a: Hydrapple|Fairy
|move|p1a: Hydrapple|Giga Drain|p2a: Moltres
|-resisted|p2a: Moltres
|-damage|p2a: Moltres|68/100
|-heal|p1a: Hydrapple|30/100|[from] drain|[of] p2a: Moltres
|
|-damage|p1a: Hydrapple|18/100|[from] Salt Cure
|upkeep
|turn|12
|
|t:|1760763514
|switch|p1a: Heatran|Heatran, M|66/100
|-damage|p1a: Heatran|54/100|[from] Stealth Rock
|move|p2a: Moltres|Flamethrower|p1a: Heatran
|-start|p1a: Heatran|ability: Flash Fire
|
|-heal|p1a: Heatran|60/100|[from] item: Leftovers
|upkeep
|turn|13
|
|t:|1760763523
|move|p2a: Moltres|Roost|p2a: Moltres
|-heal|p2a: Moltres|100/100
|-singleturn|p2a: Moltres|move: Roost
|move|p1a: Heatran|Magma Storm|p2a: Moltres
|-resisted|p2a: Moltres
|-damage|p2a: Moltres|65/100
|-activate|p2a: Moltres|move: Magma Storm|[of] p1a: Heatran
|
|-heal|p1a: Heatran|66/100|[from] item: Leftovers
|-damage|p2a: Moltres|52/100|[from] move: Magma Storm|[partiallytrapped]
|upkeep
|turn|14
|
|t:|1760763534
|move|p2a: Moltres|U-turn|p1a: Heatran
|-resisted|p1a: Heatran
|-damage|p1a: Heatran|63/100
|
|t:|1760763536
|switch|p2a: Tyranitar|Tyranitar, M|21/100|[from] U-turn
|-damage|p2a: Tyranitar|9/100|[from] Stealth Rock
|-weather|Sandstorm|[from] ability: Sand Stream|[of] p2a: Tyranitar
|move|p1a: Heatran|Earth Power|p2a: Tyranitar
|-supereffective|p2a: Tyranitar
|-damage|p2a: Tyranitar|0 fnt
|faint|p2a: Tyranitar
|
|-weather|Sandstorm|[upkeep]
|-heal|p1a: Heatran|69/100|[from] item: Leftovers
|upkeep
|
|t:|1760763539
|switch|p2a: Excadrill|Excadrill, F|100/100
|-damage|p2a: Excadrill|97/100|[from] Stealth Rock
|-item|p2a: Excadrill|Air Balloon
|turn|15
|
|t:|1760763556
|-end|p1a: Heatran|ability: Flash Fire|[silent]
|switch|p1a: Tornadus|Tornadus-Therian, M|100/100
|move|p2a: Excadrill|Swords Dance|p2a: Excadrill
|-boost|p2a: Excadrill|atk|2
|
|-weather|Sandstorm|[upkeep]
|-damage|p1a: Tornadus|94/100|[from] Sandstorm
|upkeep
|turn|16
|
|t:|1760763569
|move|p2a: Excadrill|Iron Head|p1a: Tornadus
|-damage|p1a: Tornadus|0 fnt
|faint|p1a: Tornadus
|
|-weather|Sandstorm|[upkeep]
|upkeep
|
|t:|1760763577
|switch|p1a: Keldeo|Keldeo-Resolute|70/100
|-damage|p1a: Keldeo|63/100|[from] Stealth Rock
|turn|17
|
|t:|1760763587
|move|p2a: Excadrill|Earthquake|p1a: Keldeo
|-damage|p1a: Keldeo|0 fnt
|faint|p1a: Keldeo
|
|-weather|Sandstorm|[upkeep]
|upkeep
|-message|HahaYoung forfeited.
|
|win|fallen five
|raw|HahaYoung's rating: 1396 &rarr; <strong>1377</strong><br />(-19 for losing)
|raw|fallen five's rating: 1420 &rarr; <strong>1439</strong><br />(+19 for winning)
|l|☆HahaYoung
|player|p1|
|l|☆fallen five
|player|p2|
