|j|☆tubfrog
|j|☆kurt_d2
|t:|1760762484
|gametype|singles
|player|p1|tubfrog|2|1133
|player|p2|kurt_d2|170|1109
|gen|9
|tier|[Gen 9] OU
|rated|
|rule|HP Percentage Mod: HP is shown in percentages
|rule|Endless Battle Clause: Forcing endless battles is banned
|rule|Species Clause: Limit one of each Pokémon
|rule|OHKO Clause: OHKO moves are banned
|rule|Evasion Items Clause: Evasion items are banned
|rule|Evasion Moves Clause: Evasion moves are banned
|rule|Evasion Abilities Clause: Evasion abilities are banned
|rule|Sleep Moves Clause: Sleep-inducing moves are banned
|clearpoke
|poke|p1|Ninetales, F|
|poke|p1|Walking Wake|
|poke|p1|Slither Wing|
|poke|p1|Raging Bolt|
|poke|p1|Great Tusk|
|poke|p1|Hatterene, F|
|poke|p2|Dudunsparce-*, M|
|poke|p2|Serperior, M|
|poke|p2|Gyarados, M|
|poke|p2|Lokix, M|
|poke|p2|Electivire, F|
|poke|p2|Ninetales-Alola, M|
|teampreview
|inactive|Battle timer is ON: inactive players will automatically lose when time's up. (requested by kurt_d2)
|
|t:|1760762495
|teamsize|p1|6
|teamsize|p2|6
|start
|switch|p1a: Ninetales|Ninetales, F|100/100
|switch|p2a: Dudunsparce|Dudunsparce-Three-Segment, M|100/100
|-weather|SunnyDay|[from] ability: Drought|[of] p1a: Ninetales
|turn|1
|
|t:|1760762513
|move|p1a: Ninetales|Will-O-Wisp|p2a: Dudunsparce
|-status|p2a: Dudunsparce|brn
|move|p2a: Dudunsparce|Glare|p1a: Ninetales
|-status|p1a: Ninetales|par
|
|-weather|SunnyDay|[upkeep]
|-damage|p2a: Dudunsparce|94/100 brn|[from] brn
|upkeep
|turn|2
|
|t:|1760762524
|switch|p1a: Great Tusk|Great Tusk|100/100
|-item|p1a: Great Tusk|Air Balloon
|-activate|p1a: Great Tusk|ability: Protosynthesis
|-start|p1a: Great Tusk|protosynthesisspe
|move|p2a: Dudunsparce|Ancient Power|p1a: Great Tusk
|-resisted|p1a: Great Tusk
|-damage|p1a: Great Tusk|96/100
|-enditem|p1a: Great Tusk|Air Balloon
|
|-weather|SunnyDay|[upkeep]
|-heal|p2a: Dudunsparce|100/100 brn|[from] item: Leftovers
|-damage|p2a: Dudunsparce|94/100 brn|[from] brn
|upkeep
|turn|3
|
|t:|1760762538
|switch|p2a: Ninetales|Ninetales-Alola, M|100/100
|-weather|Snowscape|[from] ability: Snow Warning|[of] p2a: Ninetales
|-end|p1a: Great Tusk|Protosynthesis
|move|p1a: Great Tusk|Stealth Rock|p2a: Ninetales
|-sidestart|p2: kurt_d2|move: Stealth Rock
|
|-weather|Snowscape|[upkeep]
|upkeep
|turn|4
|
|t:|1760762552
|switch|p2a: Gyarados|Gyarados, M|100/100
|-damage|p2a: Gyarados|76/100|[from] Stealth Rock
|-ability|p2a: Gyarados|Intimidate|boost
|-unboost|p1a: Great Tusk|atk|1
|-end|p1a: Great Tusk|Protosynthesis|[silent]
|switch|p1a: Ninetales|Ninetales, F|100/100 par
|-weather|SunnyDay|[from] ability: Drought|[of] p1a: Ninetales
|
|-weather|SunnyDay|[upkeep]
|-heal|p2a: Gyarados|82/100|[from] item: Leftovers
|upkeep
|turn|5
|
|t:|1760762566
|switch|p1a: Walking Wake|Walking Wake|100/100
|-activate|p1a: Walking Wake|ability: Protosynthesis
|-start|p1a: Walking Wake|protosynthesisspe
|move|p2a: Gyarados|Dragon Dance|p2a: Gyarados
|-boost|p2a: Gyarados|atk|1
|-boost|p2a: Gyarados|spe|1
|
|-weather|SunnyDay|[upkeep]
|-heal|p2a: Gyarados|88/100|[from] item: Leftovers
|upkeep
|turn|6
|
|t:|1760762579
|move|p1a: Walking Wake|Draco Meteor|p2a: Gyarados
|-damage|p2a: Gyarados|0 fnt
|-unboost|p1a: Walking Wake|spa|2
|faint|p2a: Gyarados
|
|-weather|SunnyDay|[upkeep]
|upkeep
|
|t:|1760762594
|switch|p2a: Dudunsparce|Dudunsparce-Three-Segment, M|94/100 brn
|-damage|p2a: Dudunsparce|82/100 brn|[from] Stealth Rock
|turn|7
|
|t:|1760762603
|-end|p1a: Walking Wake|Protosynthesis|[silent]
|switch|p1a: Hatterene|Hatterene, F|100/100
|move|p2a: Dudunsparce|Ancient Power|p1a: Hatterene
|-damage|p1a: Hatterene|86/100
|-enditem|p1a: Hatterene|Eject Button
|
|t:|1760762610
|switch|p1a: Walking Wake|Walking Wake|100/100
|-activate|p1a: Walking Wake|ability: Protosynthesis
|-start|p1a: Walking Wake|protosynthesisspe
|
|-weather|SunnyDay|[upkeep]
|-heal|p2a: Dudunsparce|88/100 brn|[from] item: Leftovers
|-damage|p2a: Dudunsparce|82/100 brn|[from] brn
|upkeep
|turn|8
|
|t:|1760762620
|move|p1a: Walking Wake|Hydro Steam|p2a: Dudunsparce
|-damage|p2a: Dudunsparce|9/100 brn
|move|p2a: Dudunsparce|Glare|p1a: Walking Wake
|-status|p1a: Walking Wake|par
|
|-weather|SunnyDay|[upkeep]
|-heal|p2a: Dudunsparce|15/100 brn|[from] item: Leftovers
|-damage|p2a: Dudunsparce|9/100 brn|[from] brn
|upkeep
|turn|9
|
|t:|1760762631
|move|p1a: Walking Wake|Hydro Steam|p2a: Dudunsparce
|-damage|p2a: Dudunsparce|0 fnt
|faint|p2a: Dudunsparce
|
|-weather|SunnyDay|[upkeep]
|upkeep
|
|t:|1760762638
|switch|p2a: Ninetales|Ninetales-Alola, M|100/100
|-damage|p2a: Ninetales|76/100|[from] Stealth Rock
|-weather|Snowscape|[from] ability: Snow Warning|[of] p2a: Ninetales
|-end|p1a: Walking Wake|Protosynthesis
|turn|10
|
|t:|1760762650
|move|p2a: Ninetales|Calm Mind|p2a: Ninetales
|-boost|p2a: Ninetales|spa|1
|-boost|p2a: Ninetales|spd|1
|move|p1a: Walking Wake|Hydro Steam|p2a: Ninetales
|-damage|p2a: Ninetales|34/100
|
|-weather|Snowscape|[upkeep]
|upkeep
|turn|11
|
|t:|1760762660
|-end|p1a: Walking Wake|Protosynthesis|[silent]
|switch|p1a: Ninetales|Ninetales, F|100/100 par
|-weather|SunnyDay|[from] ability: Drought|[of] p1a: Ninetales
|move|p2a: Ninetales|Aurora Veil||[still]
|-fail|p2a: Ninetales
|
|-weather|SunnyDay|[upkeep]
|upkeep
|turn|12
|
|t:|1760762671
|move|p2a: Ninetales|Calm Mind|p2a: Ninetales
|-boost|p2a: Ninetales|spa|1
|-boost|p2a: Ninetales|spd|1
|move|p1a: Ninetales|Overheat|p2a: Ninetales|[miss]
|-miss|p1a: Ninetales|p2a: Ninetales
|
|-weather|SunnyDay|[upkeep]
|upkeep
|turn|13
|
|t:|1760762679
|switch|p1a: Slither Wing|Slither Wing|100/100
|-activate|p1a: Slither Wing|ability: Protosynthesis
|-start|p1a: Slither Wing|protosynthesisatk
|move|p2a: Ninetales|Draining Kiss|p1a: Slither Wing
|-supereffective|p1a: Slither Wing
|-damage|p1a: Slither Wing|33/100
|-heal|p2a: Ninetales|84/100|[from] drain|[of] p1a: Slither Wing
|
|-weather|SunnyDay|[upkeep]
|upkeep
|turn|14
|
|t:|1760762691
|move|p2a: Ninetales|Draining Kiss|p1a: Slither Wing
|-supereffective|p1a: Slither Wing
|-damage|p1a: Slither Wing|0 fnt
|-heal|p2a: Ninetales|100/100|[from] drain|[of] p1a: Slither Wing
|faint|p1a: Slither Wing
|-end|p1a: Slither Wing|Protosynthesis|[silent]
|
|-weather|SunnyDay|[upkeep]
|upkeep
|
|t:|1760762695
|switch|p1a: Walking Wake|Walking Wake|100/100 par
|-activate|p1a: Walking Wake|ability: Protosynthesis
|-start|p1a: Walking Wake|protosynthesisspe
|turn|15
|
|t:|1760762703
|-terastallize|p1a: Walking Wake|Water
|move|p2a: Ninetales|Draining Kiss|p1a: Walking Wake
|-damage|p1a: Walking Wake|65/100 par
|move|p1a: Walking Wake|Flamethrower|p2a: Ninetales
|-supereffective|p2a: Ninetales
|-damage|p2a: Ninetales|25/100
|
|-weather|SunnyDay|[upkeep]
|upkeep
|turn|16
|
|t:|1760762712
|move|p2a: Ninetales|Freeze-Dry|p1a: Walking Wake
|-supereffective|p1a: Walking Wake
|-damage|p1a: Walking Wake|0 fnt
|faint|p1a: Walking Wake
|-end|p1a: Walking Wake|Protosynthesis|[silent]
|
|-weather|SunnyDay|[upkeep]
|upkeep
|
|t:|1760762719
|switch|p1a: Great Tusk|Great Tusk|96/100
|-activate|p1a: Great Tusk|ability: Protosynthesis
|-start|p1a: Great Tusk|protosynthesisspe
|turn|17
|
|t:|1760762734
|move|p1a: Great Tusk|Headlong Rush|p2a: Ninetales
|-damage|p2a: Ninetales|0 fnt
|-unboost|p1a: Great Tusk|def|1
|-unboost|p1a: Great Tusk|spd|1
|faint|p2a: Ninetales
|
|-weather|SunnyDay|[upkeep]
|upkeep
|
|t:|1760762743
|switch|p2a: Serperior|Serperior, M|100/100
|-damage|p2a: Serperior|88/100|[from] Stealth Rock
|turn|18
|
|t:|1760762753
|move|p1a: Great Tusk|Head Smash|p2a: Serperior|[miss]
|-miss|p1a: Great Tusk|p2a: Serperior
|move|p2a: Serperior|Substitute|p2a: Serperior
|-start|p2a: Serperior|Substitute
|-damage|p2a: Serperior|63/100
|
|-weather|none
|-end|p1a: Great Tusk|Protosynthesis
|-heal|p2a: Serperior|70/100|[from] item: Leftovers
|upkeep
|turn|19
|
|t:|1760762762
|move|p2a: Serperior|Leaf Storm|p1a: Great Tusk
|-supereffective|p1a: Great Tusk
|-damage|p1a: Great Tusk|0 fnt
|-boost|p2a: Serperior|spa|2
|faint|p1a: Great Tusk
|-end|p1a: Great Tusk|Protosynthesis|[silent]
|
|-heal|p2a: Serperior|76/100|[from] item: Leftovers
|upkeep
|
|t:|1760762770
|switch|p1a: Ninetales|Ninetales, F|100/100 par
|-weather|SunnyDay|[from] ability: Drought|[of] p1a: Ninetales
|turn|20
|
|t:|1760762776
|-terastallize|p2a: Serperior|Water
|move|p2a: Serperior|Tera Blast|p1a: Ninetales|[anim] Tera Blast Water
|-supereffective|p1a: Ninetales
|-damage|p1a: Ninetales|63/100 par
|move|p1a: Ninetales|Overheat|p2a: Serperior
|-resisted|p2a: Serperior
|-end|p2a: Serperior|Substitute
|-unboost|p1a: Ninetales|spa|2
|
|-weather|SunnyDay|[upkeep]
|-heal|p2a: Serperior|82/100|[from] item: Leftovers
|upkeep
|turn|21
|
|t:|1760762789
|move|p2a: Serperior|Substitute|p2a: Serperior
|-start|p2a: Serperior|Substitute
|-damage|p2a: Serperior|57/100
|cant|p1a: Ninetales|par
|
|-weather|SunnyDay|[upkeep]
|-heal|p2a: Serperior|63/100|[from] item: Leftovers
|upkeep
|turn|22
|
|t:|1760762800
|move|p2a: Serperior|Leaf Storm|p1a: Ninetales
|-resisted|p1a: Ninetales
|-damage|p1a: Ninetales|32/100 par
|-boost|p2a: Serperior|spa|2
|move|p1a: Ninetales|Healing Wish|p1a: Ninetales
|faint|p1a: Ninetales
|
|-weather|SunnyDay|[upkeep]
|-heal|p2a: Serperior|70/100|[from] item: Leftovers
|upkeep
|
|t:|1760762805
|switch|p1a: Raging Bolt|Raging Bolt|100/100
|-activate|p1a: Raging Bolt|ability: Protosynthesis
|-start|p1a: Raging Bolt|protosynthesisspa
|turn|23
|
|t:|1760762819
|move|p2a: Serperior|Dragon Pulse|p1a: Raging Bolt
|-supereffective|p1a: Raging Bolt
|-damage|p1a: Raging Bolt|7/100
|move|p1a: Raging Bolt|Weather Ball|p2a: Serperior
|-resisted|p2a: Serperior
|-end|p2a: Serperior|Substitute
|
|-weather|SunnyDay|[upkeep]
|-heal|p2a: Serperior|76/100|[from] item: Leftovers
|upkeep
|turn|24
|
|t:|1760762831
|switch|p2a: Electivire|Electivire, F|100/100
|-damage|p2a: Electivire|88/100|[from] Stealth Rock
|move|p1a: Raging Bolt|Thunderclap||[still]
|-fail|p1a: Raging Bolt
|
|-weather|SunnyDay|[upkeep]
|upkeep
|turn|25
|
|t:|1760762842
|-end|p1a: Raging Bolt|Protosynthesis|[silent]
|switch|p1a: Hatterene|Hatterene, F|86/100
|-heal|p1a: Hatterene|100/100|[from] move: Healing Wish
|move|p2a: Electivire|Ice Punch|p1a: Hatterene
|-damage|p1a: Hatterene|59/100
|-damage|p2a: Electivire|78/100|[from] item: Life Orb
|
|-weather|SunnyDay|[upkeep]
|upkeep
|turn|26
|
|t:|1760762852
|move|p2a: Electivire|Thunder Punch|p1a: Hatterene
|-damage|p1a: Hatterene|0 fnt
|faint|p1a: Hatterene
|-damage|p2a: Electivire|68/100|[from] item: Life Orb
|
|-weather|SunnyDay|[upkeep]
|upkeep
|
|t:|1760762857
|switch|p1a: Raging Bolt|Raging Bolt|7/100
|-activate|p1a: Raging Bolt|ability: Protosynthesis
|-start|p1a: Raging Bolt|protosynthesisspa
|turn|27
|
|t:|1760762864
|move|p2a: Electivire|Ice Punch|p1a: Raging Bolt
|-supereffective|p1a: Raging Bolt
|-damage|p1a: Raging Bolt|0 fnt
|faint|p1a: Raging Bolt
|-end|p1a: Raging Bolt|Protosynthesis|[silent]
|-damage|p2a: Electivire|58/100|[from] item: Life Orb
|
|win|kurt_d2
|raw|tubfrog's rating: 1156 &rarr; <strong>1128</strong><br />(-28 for losing)
|raw|kurt_d2's rating: 1109 &rarr; <strong>1137</strong><br />(+28 for winning)
|l|☆tubfrog
|player|p1|
|l|☆kurt_d2
|player|p2|
