|j|☆reloaads
|j|☆sly_sunflower
|t:|1760880214
|gametype|singles
|player|p1|reloaads|volkner|1108
|player|p2|sly_sunflower|cilan|1147
|gen|9
|tier|[Gen 9] OU
|rated|
|rule|HP Percentage Mod: HP is shown in percentages
|rule|Endless Battle Clause: Forcing endless battles is banned
|rule|Species Clause: Limit one of each Pokémon
|rule|OHKO Clause: OHKO moves are banned
|rule|Evasion Items Clause: Evasion items are banned
|rule|Evasion Moves Clause: Evasion moves are banned
|rule|Evasion Abilities Clause: Evasion abilities are banned
|rule|Sleep Moves Clause: Sleep-inducing moves are banned
|clearpoke
|poke|p1|Landorus-Therian, M|
|poke|p1|Great Tusk|
|poke|p1|Ogerpon-Wellspring, F|
|poke|p1|Kingambit, M|
|poke|p1|Slowking-Galar, F|
|poke|p1|Raging Bolt|
|poke|p2|Galvantula, F|
|poke|p2|Sudowoodo, M|
|poke|p2|Bruxish, F|
|poke|p2|Scrafty, M|
|poke|p2|Brambleghast, F|
|poke|p2|Pyroar, F|
|teampreview
|inactive|Battle timer is ON: inactive players will automatically lose when time's up. (requested by sly_sunflower)
|
|t:|1760880226
|teamsize|p1|6
|teamsize|p2|6
|start
|switch|p1a: Landorus|Landorus-Therian, M|100/100
|switch|p2a: Pyroar|Pyroar, F|100/100
|-ability|p2a: Pyroar|Unnerve
|-ability|p1a: Landorus|Intimidate|boost
|-unboost|p2a: Pyroar|atk|1
|turn|1
|
|t:|1760880237
|move|p2a: Pyroar|Noble Roar|p1a: Landorus
|-unboost|p1a: Landorus|atk|1
|-unboost|p1a: Landorus|spa|1
|-enditem|p2a: Pyroar|Throat Spray
|-boost|p2a: Pyroar|spa|1|[from] item: Throat Spray
|move|p1a: Landorus|Stealth Rock|p2a: Pyroar
|-sidestart|p2: sly_sunflower|move: Stealth Rock
|
|upkeep
|turn|2
|
|t:|1760880246
|move|p2a: Pyroar|Hyper Voice|p1a: Landorus
|-damage|p1a: Landorus|33/100
|move|p1a: Landorus|Taunt|p2a: Pyroar
|-start|p2a: Pyroar|move: Taunt
|
|upkeep
|turn|3
|
|t:|1760880255
|switch|p1a: Slowking|Slowking-Galar, F|100/100
|move|p2a: Pyroar|Hyper Voice|p1a: Slowking
|-damage|p1a: Slowking|67/100
|
|upkeep
|turn|4
|
|t:|1760880263
|move|p2a: Pyroar|Dark Pulse|p1a: Slowking
|-supereffective|p1a: Slowking
|-damage|p1a: Slowking|26/100
|move|p1a: Slowking|Sludge Bomb|p2a: Pyroar
|-crit|p2a: Pyroar
|-damage|p2a: Pyroar|14/100
|-status|p2a: Pyroar|psn
|
|-damage|p2a: Pyroar|2/100 psn|[from] psn
|upkeep
|turn|5
|
|t:|1760880276
|switch|p1a: Raging Bolt|Raging Bolt|100/100
|-enditem|p1a: Raging Bolt|Booster Energy
|-activate|p1a: Raging Bolt|ability: Protosynthesis|[fromitem]
|-start|p1a: Raging Bolt|protosynthesisspa
|move|p2a: Pyroar|Hyper Voice|p1a: Raging Bolt
|-damage|p1a: Raging Bolt|41/100
|
|-damage|p2a: Pyroar|0 fnt|[from] psn
|faint|p2a: Pyroar
|upkeep
|
|t:|1760880290
|switch|p2a: Brambleghast|Brambleghast, F|100/100
|-damage|p2a: Brambleghast|88/100|[from] Stealth Rock
|turn|6
|
|t:|1760880297
|move|p2a: Brambleghast|Rapid Spin|p1a: Raging Bolt
|-damage|p1a: Raging Bolt|26/100
|-boost|p2a: Brambleghast|spe|1
|-sideend|p2: sly_sunflower|Stealth Rock|[from] move: Rapid Spin|[of] p2a: Brambleghast
|move|p1a: Raging Bolt|Dragon Pulse|p2a: Brambleghast
|-damage|p2a: Brambleghast|0 fnt
|faint|p2a: Brambleghast
|
|upkeep
|
|t:|1760880303
|switch|p2a: Bruxish|Bruxish, F|100/100
|turn|7
|
|t:|1760880312
|move|p2a: Bruxish|Psychic Fangs|p1a: Raging Bolt
|-damage|p1a: Raging Bolt|0 fnt
|faint|p1a: Raging Bolt
|-end|p1a: Raging Bolt|Protosynthesis|[silent]
|
|upkeep
|
|t:|1760880327
|switch|p1a: Ogerpon|Ogerpon-Wellspring, F|100/100
|turn|8
|
|t:|1760880332
|move|p1a: Ogerpon|Power Whip|p2a: Bruxish
|-supereffective|p2a: Bruxish
|-damage|p2a: Bruxish|0 fnt
|faint|p2a: Bruxish
|
|upkeep
|
|t:|1760880335
|switch|p2a: Galvantula|Galvantula, F|100/100
|turn|9
|
|t:|1760880341
|move|p1a: Ogerpon|Ivy Cudgel|p2a: Galvantula|[anim] Ivy Cudgel Water
|-enditem|p2a: Galvantula|Focus Sash
|-damage|p2a: Galvantula|1/100
|move|p2a: Galvantula|Sticky Web|p1a: Ogerpon
|-sidestart|p1: reloaads|move: Sticky Web
|
|upkeep
|turn|10
|
|t:|1760880348
|move|p1a: Ogerpon|Ivy Cudgel|p2a: Galvantula|[anim] Ivy Cudgel Water
|-crit|p2a: Galvantula
|-damage|p2a: Galvantula|0 fnt
|faint|p2a: Galvantula
|
|upkeep
|
|t:|1760880351
|switch|p2a: Scrappers|Scrafty, M|100/100
|turn|11
|
|t:|1760880364
|switch|p1a: Landorus|Landorus-Therian, M|33/100
|-ability|p1a: Landorus|Intimidate|boost
|-unboost|p2a: Scrappers|atk|1
|move|p2a: Scrappers|Poison Jab|p1a: Landorus
|-resisted|p1a: Landorus
|-damage|p1a: Landorus|26/100
|-damage|p2a: Scrappers|84/100|[from] item: Rocky Helmet|[of] p1a: Landorus
|
|-heal|p2a: Scrappers|90/100|[from] item: Leftovers
|upkeep
|turn|12
|
|t:|1760880375
|move|p1a: Landorus|Taunt|p2a: Scrappers
|-start|p2a: Scrappers|move: Taunt
|cant|p2a: Scrappers|move: Taunt|Dragon Dance
|
|-heal|p2a: Scrappers|96/100|[from] item: Leftovers
|upkeep
|turn|13
|
|t:|1760880383
|move|p1a: Landorus|Stealth Rock|p2a: Scrappers
|-sidestart|p2: sly_sunflower|move: Stealth Rock
|move|p2a: Scrappers|Knock Off|p1a: Landorus
|-damage|p1a: Landorus|2/100
|-damage|p2a: Scrappers|79/100|[from] item: Rocky Helmet|[of] p1a: Landorus
|-enditem|p1a: Landorus|Rocky Helmet|[from] move: Knock Off|[of] p2a: Scrappers
|
|-heal|p2a: Scrappers|85/100|[from] item: Leftovers
|upkeep
|turn|14
|
|t:|1760880394
|move|p1a: Landorus|Earth Power|p2a: Scrappers
|-damage|p2a: Scrappers|52/100
|move|p2a: Scrappers|Knock Off|p1a: Landorus
|-damage|p1a: Landorus|0 fnt
|faint|p1a: Landorus
|
|-heal|p2a: Scrappers|58/100|[from] item: Leftovers
|-end|p2a: Scrappers|move: Taunt
|upkeep
|
|t:|1760880404
|switch|p1a: Great Tusk|Great Tusk|100/100
|-activate|p1a: Great Tusk|move: Sticky Web
|-unboost|p1a: Great Tusk|spe|1
|turn|15
|
|t:|1760880416
|move|p2a: Scrappers|Drain Punch|p1a: Great Tusk
|-damage|p1a: Great Tusk|88/100
|-heal|p2a: Scrappers|68/100|[from] drain|[of] p1a: Great Tusk
|-damage|p2a: Scrappers|51/100|[from] item: Rocky Helmet|[of] p1a: Great Tusk
|move|p1a: Great Tusk|Headlong Rush|p2a: Scrappers
|-damage|p2a: Scrappers|0 fnt
|-unboost|p1a: Great Tusk|def|1
|-unboost|p1a: Great Tusk|spd|1
|faint|p2a: Scrappers
|
|upkeep
|
|t:|1760880425
|switch|p2a: Sudowoodo|Sudowoodo, M|100/100
|-damage|p2a: Sudowoodo|88/100|[from] Stealth Rock
|turn|16
|
|t:|1760880449
|move|p2a: Sudowoodo|Wood Hammer|p1a: Great Tusk
|-supereffective|p1a: Great Tusk
|-damage|p1a: Great Tusk|11/100
|-damage|p2a: Sudowoodo|71/100|[from] item: Rocky Helmet|[of] p1a: Great Tusk
|move|p1a: Great Tusk|Rapid Spin|p2a: Sudowoodo
|-resisted|p2a: Sudowoodo
|-damage|p2a: Sudowoodo|65/100
|-boost|p1a: Great Tusk|spe|1
|-sideend|p1: reloaads|Sticky Web|[from] move: Rapid Spin|[of] p1a: Great Tusk
|
|upkeep
|turn|17
|-message|sly_sunflower forfeited.
|
|win|reloaads
|raw|reloaads's rating: 1108 &rarr; <strong>1136</strong><br />(+28 for winning)
|raw|sly_sunflower's rating: 1147 &rarr; <strong>1119</strong><br />(-28 for losing)
|l|☆sly_sunflower
|player|p2|
|l|☆reloaads
|player|p1|
