|j|☆tongolele
|j|☆MakodaBeast
|t:|1760768305
|gametype|singles
|player|p1|tongolele|102|1232
|player|p2|MakodaBeast|2|1195
|gen|9
|tier|[Gen 9] OU
|rated|
|rule|HP Percentage Mod: HP is shown in percentages
|rule|Endless Battle Clause: Forcing endless battles is banned
|rule|Species Clause: Limit one of each Pokémon
|rule|OHKO Clause: OHKO moves are banned
|rule|Evasion Items Clause: Evasion items are banned
|rule|Evasion Moves Clause: Evasion moves are banned
|rule|Evasion Abilities Clause: Evasion abilities are banned
|rule|Sleep Moves Clause: Sleep-inducing moves are banned
|clearpoke
|poke|p1|Gliscor, M|
|poke|p1|Goodra, F|
|poke|p1|Gholdengo|
|poke|p1|Glimmora, F|
|poke|p1|Blaziken, M|
|poke|p1|Gastrodon, F|
|poke|p2|Tyranitar, M|
|poke|p2|Excadrill, M|
|poke|p2|Corviknight, M|
|poke|p2|Heatran, M|
|poke|p2|Clefable, F|
|poke|p2|Quagsire, M|
|teampreview
|inactive|Battle timer is ON: inactive players will automatically lose when time's up. (requested by tongolele)
|
|t:|1760768324
|teamsize|p1|6
|teamsize|p2|6
|start
|switch|p1a: Glimmora|Glimmora, F|100/100
|switch|p2a: Corviknight|Corviknight, M, shiny|100/100
|-ability|p2a: Corviknight|Pressure
|turn|1
|
|t:|1760768339
|move|p1a: Glimmora|Stealth Rock|p2a: Corviknight
|-sidestart|p2: MakodaBeast|move: Stealth Rock
|move|p2a: Corviknight|Reflect|p2a: Corviknight
|-sidestart|p2: MakodaBeast|Reflect
|
|upkeep
|turn|2
|inactive|tongolele has 120 seconds left.
|
|t:|1760768382
|switch|p1a: Gholdengo|Gholdengo|100/100
|switch|p2a: Excadrill|Excadrill, M, shiny|100/100
|-damage|p2a: Excadrill|97/100|[from] Stealth Rock
|
|upkeep
|turn|3
|
|t:|1760768392
|switch|p1a: Gliscor|Gliscor, M|100/100
|move|p2a: Excadrill|Earthquake|p1a: Gliscor
|-immune|p1a: Gliscor
|
|-status|p1a: Gliscor|tox|[from] item: Toxic Orb
|upkeep
|turn|4
|
|t:|1760768400
|move|p2a: Excadrill|Rapid Spin|p1a: Gliscor
|-crit|p1a: Gliscor
|-damage|p1a: Gliscor|82/100 tox
|-boost|p2a: Excadrill|spe|1
|-sideend|p2: MakodaBeast|Stealth Rock|[from] move: Rapid Spin|[of] p2a: Excadrill
|move|p1a: Gliscor|Swords Dance|p1a: Gliscor
|-boost|p1a: Gliscor|atk|2
|
|-heal|p1a: Gliscor|95/100 tox|[from] ability: Poison Heal
|upkeep
|turn|5
|inactive|tongolele has 120 seconds left.
|
|t:|1760768427
|move|p2a: Excadrill|Swords Dance|p2a: Excadrill
|-boost|p2a: Excadrill|atk|2
|move|p1a: Gliscor|Swords Dance|p1a: Gliscor
|-boost|p1a: Gliscor|atk|2
|
|-heal|p1a: Gliscor|100/100 tox|[from] ability: Poison Heal
|-sideend|p2: MakodaBeast|Reflect
|upkeep
|turn|6
|
|t:|1760768437
|move|p2a: Excadrill|Iron Head|p1a: Gliscor
|-damage|p1a: Gliscor|41/100 tox
|move|p1a: Gliscor|Earthquake|p2a: Excadrill
|-supereffective|p2a: Excadrill
|-damage|p2a: Excadrill|0 fnt
|faint|p2a: Excadrill
|
|-heal|p1a: Gliscor|53/100 tox|[from] ability: Poison Heal
|upkeep
|inactive|MakodaBeast has 120 seconds left.
|
|t:|1760768456
|switch|p2a: Corviknight|Corviknight, M, shiny|100/100
|-ability|p2a: Corviknight|Pressure
|turn|7
|
|t:|1760768461
|move|p1a: Gliscor|Swords Dance|p1a: Gliscor
|-boost|p1a: Gliscor|atk|2
|move|p2a: Corviknight|Reflect|p2a: Corviknight
|-sidestart|p2: MakodaBeast|Reflect
|
|-heal|p1a: Gliscor|66/100 tox|[from] ability: Poison Heal
|upkeep
|turn|8
|
|t:|1760768469
|move|p1a: Gliscor|Facade|p2a: Corviknight
|-resisted|p2a: Corviknight
|-damage|p2a: Corviknight|81/100
|-damage|p1a: Gliscor|49/100 tox|[from] item: Rocky Helmet|[of] p2a: Corviknight
|move|p2a: Corviknight|U-turn|p1a: Gliscor
|-resisted|p1a: Gliscor
|-damage|p1a: Gliscor|44/100 tox
|
|t:|1760768481
|switch|p2a: Clefable|Clefable, F, shiny|100/100|[from] U-turn
|
|-heal|p1a: Gliscor|57/100 tox|[from] ability: Poison Heal
|upkeep
|turn|9
|
|t:|1760768488
|move|p1a: Gliscor|Earthquake|p2a: Clefable
|-damage|p2a: Clefable|23/100
|move|p2a: Clefable|Moonblast|p1a: Gliscor
|-damage|p1a: Gliscor|0 fnt
|faint|p1a: Gliscor
|
|upkeep
|
|t:|1760768500
|switch|p1a: Gholdengo|Gholdengo|100/100
|turn|10
|
|t:|1760768509
|switch|p2a: Quagsire|Quagsire, M, shiny|100/100
|move|p1a: Gholdengo|Shadow Ball|p2a: Quagsire
|-damage|p2a: Quagsire|64/100
|-unboost|p2a: Quagsire|spd|1
|
|upkeep
|turn|11
|
|t:|1760768522
|switch|p1a: Gastrodon|Gastrodon, F|100/100
|move|p2a: Quagsire|Earthquake|p1a: Gastrodon
|-damage|p1a: Gastrodon|74/100
|
|-sideend|p2: MakodaBeast|Reflect
|upkeep
|turn|12
|
|t:|1760768530
|move|p1a: Gastrodon|Earth Power|p2a: Quagsire
|-damage|p2a: Quagsire|31/100
|-enditem|p2a: Quagsire|Sitrus Berry|[eat]
|-heal|p2a: Quagsire|56/100|[from] item: Sitrus Berry
|move|p2a: Quagsire|Toxic|p1a: Gastrodon|[miss]
|-miss|p2a: Quagsire|p1a: Gastrodon
|
|upkeep
|turn|13
|
|t:|1760768539
|move|p1a: Gastrodon|Earth Power|p2a: Quagsire
|-damage|p2a: Quagsire|20/100
|move|p2a: Quagsire|Earthquake|p1a: Gastrodon
|-damage|p1a: Gastrodon|51/100
|
|upkeep
|turn|14
|
|t:|1760768547
|switch|p2a: Corviknight|Corviknight, M, shiny|81/100
|-ability|p2a: Corviknight|Pressure
|move|p1a: Gastrodon|Earth Power|p2a: Corviknight
|-immune|p2a: Corviknight
|
|upkeep
|turn|15
|
|t:|1760768555
|switch|p1a: Gholdengo|Gholdengo|100/100
|move|p2a: Corviknight|Light Screen|p2a: Corviknight
|-sidestart|p2: MakodaBeast|move: Light Screen
|
|upkeep
|turn|16
|
|t:|1760768561
|move|p1a: Gholdengo|Trick|p2a: Corviknight
|-activate|p1a: Gholdengo|move: Trick|[of] p2a: Corviknight
|-item|p2a: Corviknight|Choice Scarf|[from] move: Trick
|-item|p1a: Gholdengo|Rocky Helmet|[from] move: Trick
|move|p2a: Corviknight|U-turn|p1a: Gholdengo
|-resisted|p1a: Gholdengo
|-damage|p1a: Gholdengo|97/100
|-damage|p2a: Corviknight|65/100|[from] item: Rocky Helmet|[of] p1a: Gholdengo
|
|t:|1760768573
|switch|p2a: Tyranitar|Tyranitar, M, shiny|100/100|[from] U-turn
|-weather|Sandstorm|[from] ability: Sand Stream|[of] p2a: Tyranitar
|
|-weather|Sandstorm|[upkeep]
|upkeep
|turn|17
|
|t:|1760768580
|move|p1a: Gholdengo|Thunder Wave|p2a: Tyranitar
|-status|p2a: Tyranitar|par
|move|p2a: Tyranitar|Earthquake|p1a: Gholdengo
|-supereffective|p1a: Gholdengo
|-damage|p1a: Gholdengo|17/100
|
|-weather|Sandstorm|[upkeep]
|upkeep
|turn|18
|
|t:|1760768594
|switch|p1a: Glimmora|Glimmora, F|100/100
|move|p2a: Tyranitar|Earthquake|p1a: Glimmora
|-supereffective|p1a: Glimmora
|-damage|p1a: Glimmora|0 fnt
|-activate|p1a: Glimmora|ability: Toxic Debris
|-sidestart|p2: MakodaBeast|move: Toxic Spikes
|faint|p1a: Glimmora
|
|-weather|Sandstorm|[upkeep]
|upkeep
|
|t:|1760768612
|switch|p1a: Gastrodon|Gastrodon, F|51/100
|turn|19
|
|t:|1760768634
|switch|p2a: Corviknight|Corviknight, M, shiny|65/100
|-ability|p2a: Corviknight|Pressure
|move|p1a: Gastrodon|Earth Power|p2a: Corviknight
|-immune|p2a: Corviknight
|
|-weather|Sandstorm|[upkeep]
|-sideend|p2: MakodaBeast|move: Light Screen
|upkeep
|turn|20
|
|t:|1760768645
|move|p1a: Gastrodon|Protect|p1a: Gastrodon
|-singleturn|p1a: Gastrodon|Protect
|move|p2a: Corviknight|U-turn|p1a: Gastrodon
|-activate|p1a: Gastrodon|move: Protect
|
|-weather|none
|upkeep
|turn|21
|
|t:|1760768654
|move|p2a: Corviknight|U-turn|p1a: Gastrodon
|-damage|p1a: Gastrodon|40/100
|
|t:|1760768657
|switch|p2a: Tyranitar|Tyranitar, M, shiny|100/100 par|[from] U-turn
|-weather|Sandstorm|[from] ability: Sand Stream|[of] p2a: Tyranitar
|move|p1a: Gastrodon|Earth Power|p2a: Tyranitar
|-supereffective|p2a: Tyranitar
|-damage|p2a: Tyranitar|84/100 par
|
|-weather|Sandstorm|[upkeep]
|upkeep
|turn|22
|
|t:|1760768670
|move|p1a: Gastrodon|Rest|p1a: Gastrodon
|-status|p1a: Gastrodon|slp|[from] move: Rest
|-heal|p1a: Gastrodon|100/100 slp|[silent]
|-enditem|p1a: Gastrodon|Chesto Berry|[eat]
|-curestatus|p1a: Gastrodon|slp|[msg]
|move|p2a: Tyranitar|Earthquake|p1a: Gastrodon
|-damage|p1a: Gastrodon|74/100
|
|-weather|Sandstorm|[upkeep]
|upkeep
|turn|23
|
|t:|1760768681
|switch|p2a: Clefable|Clefable, F, shiny|23/100
|-status|p2a: Clefable|psn
|move|p1a: Gastrodon|Earth Power|p2a: Clefable
|-damage|p2a: Clefable|0 fnt
|faint|p2a: Clefable
|
|-weather|Sandstorm|[upkeep]
|upkeep
|
|t:|1760768695
|switch|p2a: Tyranitar|Tyranitar, M, shiny|84/100 par
|turn|24
|
|t:|1760768699
|move|p1a: Gastrodon|Earth Power|p2a: Tyranitar
|-supereffective|p2a: Tyranitar
|-damage|p2a: Tyranitar|67/100 par
|move|p2a: Tyranitar|Earthquake|p1a: Gastrodon
|-damage|p1a: Gastrodon|47/100
|
|-weather|Sandstorm|[upkeep]
|upkeep
|turn|25
|
|t:|1760768708
|move|p1a: Gastrodon|Earth Power|p2a: Tyranitar
|-supereffective|p2a: Tyranitar
|-damage|p2a: Tyranitar|49/100 par
|cant|p2a: Tyranitar|par
|
|-weather|none
|upkeep
|turn|26
|
|t:|1760768715
|move|p1a: Gastrodon|Earth Power|p2a: Tyranitar
|-supereffective|p2a: Tyranitar
|-damage|p2a: Tyranitar|23/100 par
|move|p2a: Tyranitar|Earthquake|p1a: Gastrodon
|-damage|p1a: Gastrodon|23/100
|
|upkeep
|turn|27
|
|t:|1760768722
|switch|p2a: Corviknight|Corviknight, M, shiny|65/100
|-ability|p2a: Corviknight|Pressure
|move|p1a: Gastrodon|Earth Power|p2a: Corviknight
|-immune|p2a: Corviknight
|
|upkeep
|turn|28
|-message|MakodaBeast forfeited.
|
|win|tongolele
|raw|tongolele's rating: 1232 &rarr; <strong>1254</strong><br />(+22 for winning)
|raw|MakodaBeast's rating: 1195 &rarr; <strong>1173</strong><br />(-22 for losing)
|l|☆MakodaBeast
|player|p2|
|l|☆tongolele
|player|p1|
