|j|☆Mahindra Anand
|j|☆HZBKAI7
|t:|1760764485
|gametype|singles
|player|p1|Mahindra Anand|169|1077
|player|p2|HZBKAI7|2|1113
|gen|9
|tier|[Gen 9] OU
|rated|
|rule|HP Percentage Mod: HP is shown in percentages
|rule|Endless Battle Clause: Forcing endless battles is banned
|rule|Species Clause: Limit one of each Pokémon
|rule|OHKO Clause: OHKO moves are banned
|rule|Evasion Items Clause: Evasion items are banned
|rule|Evasion Moves Clause: Evasion moves are banned
|rule|Evasion Abilities Clause: Evasion abilities are banned
|rule|Sleep Moves Clause: Sleep-inducing moves are banned
|clearpoke
|poke|p1|Greninja-*, M|
|poke|p1|Garchomp, M|
|poke|p1|Kingambit, M|
|poke|p1|Chandelure, F|
|poke|p1|Haxorus, M|
|poke|p1|Ogerpon-Wellspring, F|
|poke|p2|Diancie|
|poke|p2|Rillaboom, M|
|poke|p2|Necrozma|
|poke|p2|Corviknight, F|
|poke|p2|Ogerpon-Wellspring, F|
|poke|p2|Iron Hands|
|teampreview
|
|t:|1760764509
|teamsize|p1|6
|teamsize|p2|6
|start
|switch|p1a: Greninja|Greninja, M|100/100
|switch|p2a: Ogerpon|Ogerpon-Wellspring, F|100/100
|turn|1
|
|t:|1760764519
|-terastallize|p1a: Greninja|Poison
|move|p2a: Ogerpon|Ivy Cudgel|p1a: Greninja|[anim] Ivy Cudgel Water
|-crit|p1a: Greninja
|-enditem|p1a: Greninja|Focus Sash
|-damage|p1a: Greninja|1/100
|move|p1a: Greninja|Gunk Shot|p2a: Ogerpon
|-supereffective|p2a: Ogerpon
|-damage|p2a: Ogerpon|0 fnt
|faint|p2a: Ogerpon
|-ability|p1a: Greninja|Battle Bond|boost
|-boost|p1a: Greninja|atk|1
|-boost|p1a: Greninja|spa|1
|-boost|p1a: Greninja|spe|1
|-activate|p1a: Greninja|ability: Battle Bond
|
|upkeep
|
|t:|1760764520
|switch|p2a: Necrozma|Necrozma|100/100
|turn|2
|
|t:|1760764536
|move|p1a: Greninja|Dark Pulse|p2a: Necrozma
|-supereffective|p2a: Necrozma
|-damage|p2a: Necrozma|46/100
|move|p2a: Necrozma|Expanding Force|p1a: Greninja
|-supereffective|p1a: Greninja
|-damage|p1a: Greninja|0 fnt
|faint|p1a: Greninja
|
|-heal|p2a: Necrozma|52/100|[from] item: Leftovers
|upkeep
|
|t:|1760764546
|switch|p1a: Kingambit|Kingambit, M|100/100
|-activate|p1a: Kingambit|ability: Supreme Overlord
|-start|p1a: Kingambit|fallen1|[silent]
|turn|3
|
|t:|1760764551
|move|p1a: Kingambit|Sucker Punch|p2a: Necrozma
|-supereffective|p2a: Necrozma
|-damage|p2a: Necrozma|4/100
|move|p2a: Necrozma|Earth Power|p1a: Kingambit
|-supereffective|p1a: Kingambit
|-damage|p1a: Kingambit|27/100
|
|-heal|p2a: Necrozma|10/100|[from] item: Leftovers
|upkeep
|turn|4
|
|t:|1760764560
|-terastallize|p2a: Necrozma|Psychic
|move|p1a: Kingambit|Sucker Punch|p2a: Necrozma
|-supereffective|p2a: Necrozma
|-damage|p2a: Necrozma|0 fnt
|faint|p2a: Necrozma
|
|upkeep
|
|t:|1760764560
|switch|p2a: Iron Hands|Iron Hands|100/100
|-enditem|p2a: Iron Hands|Booster Energy
|-activate|p2a: Iron Hands|ability: Quark Drive|[fromitem]
|-start|p2a: Iron Hands|quarkdriveatk
|turn|5
|
|t:|1760764590
|-end|p1a: Kingambit|fallen1|[silent]
|switch|p1a: Haxorus|Haxorus, M|100/100
|-ability|p1a: Haxorus|Mold Breaker
|move|p2a: Iron Hands|Drain Punch|p1a: Haxorus
|-damage|p1a: Haxorus|23/100
|
|-heal|p1a: Haxorus|30/100|[from] item: Leftovers
|upkeep
|turn|6
|
|t:|1760764602
|move|p1a: Haxorus|Earthquake|p2a: Iron Hands
|-supereffective|p2a: Iron Hands
|-damage|p2a: Iron Hands|56/100
|move|p2a: Iron Hands|Ice Punch|p1a: Haxorus
|-supereffective|p1a: Haxorus
|-damage|p1a: Haxorus|0 fnt
|faint|p1a: Haxorus
|
|upkeep
|
|t:|1760764622
|switch|p1a: Ogerpon|Ogerpon-Wellspring, F|100/100
|turn|7
|
|t:|1760764629
|move|p1a: Ogerpon|Horn Leech|p2a: Iron Hands
|-damage|p2a: Iron Hands|32/100
|move|p2a: Iron Hands|Drain Punch|p1a: Ogerpon
|-damage|p1a: Ogerpon|16/100
|-heal|p2a: Iron Hands|60/100|[from] drain|[of] p1a: Ogerpon
|
|upkeep
|turn|8
|
|t:|1760764638
|move|p1a: Ogerpon|Horn Leech|p2a: Iron Hands
|-damage|p2a: Iron Hands|33/100
|-heal|p1a: Ogerpon|37/100|[from] drain|[of] p2a: Iron Hands
|move|p2a: Iron Hands|Drain Punch|p1a: Ogerpon
|-damage|p1a: Ogerpon|0 fnt
|-heal|p2a: Iron Hands|45/100|[from] drain|[of] p1a: Ogerpon
|faint|p1a: Ogerpon
|
|upkeep
|
|t:|1760764654
|switch|p1a: Garchomp|Garchomp, M|100/100
|turn|9
|
|t:|1760764659
|move|p1a: Garchomp|Scale Shot|p2a: Iron Hands
|-damage|p2a: Iron Hands|37/100
|-damage|p2a: Iron Hands|29/100
|-damage|p2a: Iron Hands|21/100
|-hitcount|p2a: Iron Hands|3
|-unboost|p1a: Garchomp|def|1
|-boost|p1a: Garchomp|spe|1
|move|p2a: Iron Hands|Ice Punch|p1a: Garchomp
|-supereffective|p1a: Garchomp
|-damage|p1a: Garchomp|0 fnt
|-damage|p2a: Iron Hands|9/100|[from] ability: Rough Skin|[of] p1a: Garchomp
|faint|p1a: Garchomp
|
|upkeep
|
|t:|1760764675
|switch|p1a: Kingambit|Kingambit, M|27/100
|-activate|p1a: Kingambit|ability: Supreme Overlord
|-start|p1a: Kingambit|fallen4|[silent]
|turn|10
|
|t:|1760764679
|move|p1a: Kingambit|Sucker Punch|p2a: Iron Hands
|-resisted|p2a: Iron Hands
|-damage|p2a: Iron Hands|0 fnt
|faint|p2a: Iron Hands
|-end|p2a: Iron Hands|Quark Drive|[silent]
|
|upkeep
|
|t:|1760764679
|switch|p2a: Diancie|Diancie|100/100
|turn|11
|
|t:|1760764687
|move|p2a: Diancie|Draining Kiss|p1a: Kingambit
|-damage|p1a: Kingambit|0 fnt
|faint|p1a: Kingambit
|-end|p1a: Kingambit|fallen4|[silent]
|
|upkeep
|
|t:|1760764693
|switch|p1a: Chandelure|Chandelure, F|100/100
|turn|12
|
|t:|1760764700
|move|p2a: Diancie|Ancient Power|p1a: Chandelure
|-supereffective|p1a: Chandelure
|-damage|p1a: Chandelure|15/100
|move|p1a: Chandelure|Energy Ball|p2a: Diancie
|-supereffective|p2a: Diancie
|-damage|p2a: Diancie|41/100
|
|upkeep
|turn|13
|
|t:|1760764709
|move|p2a: Diancie|Ancient Power|p1a: Chandelure
|-supereffective|p1a: Chandelure
|-crit|p1a: Chandelure
|-damage|p1a: Chandelure|0 fnt
|faint|p1a: Chandelure
|
|win|HZBKAI7
|raw|Mahindra Anand's rating: 1077 &rarr; <strong>1058</strong><br />(-19 for losing)
|raw|HZBKAI7's rating: 1113 &rarr; <strong>1135</strong><br />(+22 for winning)
|l|☆HZBKAI7
|player|p2|
|l|☆Mahindra Anand
|player|p1|
