|j|☆gorple
|j|☆Thenix12
|t:|1760817671
|gametype|singles
|player|p1|gorple|burglar|1089
|player|p2|Thenix12|nurse|1111
|gen|9
|tier|[Gen 9] OU
|rated|
|rule|HP Percentage Mod: HP is shown in percentages
|rule|Endless Battle Clause: Forcing endless battles is banned
|rule|Species Clause: Limit one of each Pokémon
|rule|OHKO Clause: OHKO moves are banned
|rule|Evasion Items Clause: Evasion items are banned
|rule|Evasion Moves Clause: Evasion moves are banned
|rule|Evasion Abilities Clause: Evasion abilities are banned
|rule|Sleep Moves Clause: Sleep-inducing moves are banned
|clearpoke
|poke|p1|Ninetales-Alola, F|
|poke|p1|Slowking-Galar, M|
|poke|p1|Kyurem|
|poke|p1|Cetitan, F|
|poke|p1|Great Tusk|
|poke|p1|Enamorus, F|
|poke|p2|Ceruledge, F|
|poke|p2|Basculin, M|
|poke|p2|Sandslash-Alola, M|
|poke|p2|Iron Jugulis|
|poke|p2|Ribombee, M|
|poke|p2|Gloom, F|
|teampreview
|inactive|Battle timer is ON: inactive players will automatically lose when time's up. (requested by gorple)
|c|☆gorple|strange team?
|inactive|Thenix12 has 120 seconds left.
|
|t:|1760817736
|teamsize|p1|6
|teamsize|p2|6
|start
|switch|p1a: Ninetales|Ninetales-Alola, F, shiny|100/100
|switch|p2a: Basculin|Basculin, M|100/100
|-weather|Snowscape|[from] ability: Snow Warning|[of] p1a: Ninetales
|turn|1
|inactive|Thenix12 has 120 seconds left.
|
|t:|1760817769
|-terastallize|p2a: Basculin|Fire
|move|p1a: Ninetales|Aurora Veil|p1a: Ninetales
|-sidestart|p1: gorple|move: Aurora Veil
|move|p2a: Basculin|Tera Blast|p1a: Ninetales|[anim] Tera Blast Fire
|-supereffective|p1a: Ninetales
|-damage|p1a: Ninetales|36/100
|
|-weather|Snowscape|[upkeep]
|upkeep
|turn|2
|
|t:|1760817781
|switch|p1a: Enamorus|Enamorus, F|100/100
|move|p2a: Basculin|Tera Blast|p1a: Enamorus|[anim] Tera Blast Fire
|-damage|p1a: Enamorus|48/100
|
|-weather|Snowscape|[upkeep]
|upkeep
|turn|3
|inactive|Thenix12 has 120 seconds left.
|
|t:|1760817796
|switch|p2a: Gloom|Gloom, F|100/100
|move|p1a: Enamorus|Earth Power|p2a: Gloom
|-damage|p2a: Gloom|80/100
|-unboost|p2a: Gloom|spd|1
|
|-weather|Snowscape|[upkeep]
|upkeep
|turn|4
|
|t:|1760817807
|switch|p1a: Cetitan|Cetitan, F|100/100
|move|p2a: Gloom|Leech Seed|p1a: Cetitan
|-start|p1a: Cetitan|move: Leech Seed
|
|-weather|Snowscape|[upkeep]
|-damage|p1a: Cetitan|88/100|[from] Leech Seed|[of] p2a: Gloom
|-heal|p2a: Gloom|99/100|[silent]
|upkeep
|turn|5
|
|t:|1760817815
|move|p2a: Gloom|Protect|p2a: Gloom
|-singleturn|p2a: Gloom|Protect
|move|p1a: Cetitan|Belly Drum|p1a: Cetitan
|-damage|p1a: Cetitan|38/100
|-setboost|p1a: Cetitan|atk|6|[from] move: Belly Drum
|-enditem|p1a: Cetitan|Sitrus Berry|[eat]
|-heal|p1a: Cetitan|63/100|[from] item: Sitrus Berry
|
|-weather|Snowscape|[upkeep]
|-damage|p1a: Cetitan|50/100|[from] Leech Seed|[of] p2a: Gloom
|-heal|p2a: Gloom|100/100|[silent]
|-sideend|p1: gorple|move: Aurora Veil
|upkeep
|turn|6
|
|t:|1760817826
|switch|p2a: Sandslash|Sandslash-Alola, M|100/100
|move|p1a: Cetitan|Ice Shard|p2a: Sandslash
|-resisted|p2a: Sandslash
|-damage|p2a: Sandslash|93/100
|
|-weather|Snowscape|[upkeep]
|-damage|p1a: Cetitan|38/100|[from] Leech Seed|[of] p2a: Sandslash
|-heal|p2a: Sandslash|100/100|[silent]
|upkeep
|turn|7
|
|t:|1760817839
|move|p1a: Cetitan|Liquidation|p2a: Sandslash
|-crit|p2a: Sandslash
|-damage|p2a: Sandslash|31/100
|-damage|p1a: Cetitan|21/100|[from] item: Rocky Helmet|[of] p2a: Sandslash
|move|p2a: Sandslash|Stealth Rock|p1a: Cetitan
|-sidestart|p1: gorple|move: Stealth Rock
|
|-weather|Snowscape|[upkeep]
|-damage|p1a: Cetitan|9/100|[from] Leech Seed|[of] p2a: Sandslash
|-heal|p2a: Sandslash|48/100|[silent]
|upkeep
|turn|8
|
|t:|1760817849
|move|p2a: Sandslash|Ice Shard|p1a: Cetitan
|-resisted|p1a: Cetitan
|-damage|p1a: Cetitan|4/100
|move|p1a: Cetitan|Liquidation|p2a: Sandslash
|-damage|p2a: Sandslash|3/100
|-damage|p1a: Cetitan|0 fnt|[from] item: Rocky Helmet|[of] p2a: Sandslash
|faint|p1a: Cetitan
|
|-weather|none
|upkeep
|c|☆Thenix12|sandslash alola is very bulky
|
|t:|1760817875
|switch|p1a: Kyurem|Kyurem, shiny|100/100
|-damage|p1a: Kyurem|76/100|[from] Stealth Rock
|-ability|p1a: Kyurem|Pressure
|turn|9
|
|t:|1760817889
|move|p1a: Kyurem|Blizzard|p2a: Sandslash
|-resisted|p2a: Sandslash
|-damage|p2a: Sandslash|0 fnt
|faint|p2a: Sandslash
|
|upkeep
|
|t:|1760817901
|switch|p2a: Ribombee|Ribombee, M|100/100
|turn|10
|
|t:|1760817910
|switch|p1a: Ninetales|Ninetales-Alola, F, shiny|36/100
|-damage|p1a: Ninetales|11/100|[from] Stealth Rock
|-weather|Snowscape|[from] ability: Snow Warning|[of] p1a: Ninetales
|move|p2a: Ribombee|Moonblast|p1a: Ninetales
|-damage|p1a: Ninetales|0 fnt
|faint|p1a: Ninetales
|
|-weather|Snowscape|[upkeep]
|upkeep
|
|t:|1760817921
|switch|p1a: Great Tusk|Great Tusk|100/100
|-damage|p1a: Great Tusk|98/100|[from] Stealth Rock
|turn|11
|
|t:|1760817937
|move|p2a: Ribombee|Moonblast|p1a: Great Tusk
|-supereffective|p1a: Great Tusk
|-damage|p1a: Great Tusk|38/100
|move|p1a: Great Tusk|Knock Off|p2a: Ribombee
|-resisted|p2a: Ribombee
|-damage|p2a: Ribombee|62/100
|-enditem|p2a: Ribombee|Focus Sash|[from] move: Knock Off|[of] p1a: Great Tusk
|
|-weather|Snowscape|[upkeep]
|upkeep
|turn|12
|
|t:|1760817943
|-end|p1a: Great Tusk|Protosynthesis|[silent]
|switch|p1a: Enamorus|Enamorus, F|48/100
|-damage|p1a: Enamorus|23/100|[from] Stealth Rock
|move|p2a: Ribombee|Moonblast|p1a: Enamorus
|-damage|p1a: Enamorus|0 fnt
|faint|p1a: Enamorus
|
|-weather|Snowscape|[upkeep]
|upkeep
|
|t:|1760817946
|switch|p1a: Kyurem|Kyurem, shiny|76/100
|-damage|p1a: Kyurem|51/100|[from] Stealth Rock
|-ability|p1a: Kyurem|Pressure
|turn|13
|
|t:|1760817955
|-terastallize|p1a: Kyurem|Ground
|move|p2a: Ribombee|Moonblast|p1a: Kyurem
|-damage|p1a: Kyurem|15/100
|move|p1a: Kyurem|Blizzard|p2a: Ribombee
|-damage|p2a: Ribombee|0 fnt
|faint|p2a: Ribombee
|
|-weather|Snowscape|[upkeep]
|upkeep
|
|t:|1760817967
|switch|p2a: Basculin|Basculin, M, tera:Fire|100/100
|turn|14
|
|t:|1760817969
|move|p2a: Basculin|Flip Turn|p1a: Kyurem
|-supereffective|p1a: Kyurem
|-damage|p1a: Kyurem|0 fnt
|faint|p1a: Kyurem
|c|☆gorple|huh I'm gonna lose
|
|t:|1760817988
|switch|p2a: Iron Jugulis|Iron Jugulis|100/100|[from] Flip Turn
|-enditem|p2a: Iron Jugulis|Booster Energy
|-activate|p2a: Iron Jugulis|ability: Quark Drive|[fromitem]
|-start|p2a: Iron Jugulis|quarkdrivespe
|
|-weather|Snowscape|[upkeep]
|upkeep
|c|☆gorple|gg ig
|-message|gorple forfeited.
|
|win|Thenix12
|raw|gorple's rating: 1089 &rarr; <strong>1067</strong><br />(-22 for losing)
|raw|Thenix12's rating: 1111 &rarr; <strong>1134</strong><br />(+23 for winning)
|l|☆gorple
|player|p1|
|c|☆Thenix12|gg
|l|☆Thenix12
|player|p2|
