|badge|p1|silver|gen9doublesou|30-7
|badge|p1|bronze|gen9ru|100-7
|uhtml|medal-msg|<div class="broadcast-blue">Curious what those medals under the avatar are? PS now has Ladder Seasons! For more information, check out the <a href="https://www.smogon.com/forums/threads/3740067/">thread on Smogon.</a></div>
|j|☆3idk
|j|☆suhayb1910
|t:|1760859761
|gametype|singles
|player|p1|3idk|cynthia-masters|1712
|player|p2|suhayb1910|volo|1781
|gen|9
|tier|[Gen 9] OU
|rated|
|rule|HP Percentage Mod: HP is shown in percentages
|rule|Endless Battle Clause: Forcing endless battles is banned
|rule|Species Clause: Limit one of each Pokémon
|rule|OHKO Clause: OHKO moves are banned
|rule|Evasion Items Clause: Evasion items are banned
|rule|Evasion Moves Clause: Evasion moves are banned
|rule|Evasion Abilities Clause: Evasion abilities are banned
|rule|Sleep Moves Clause: Sleep-inducing moves are banned
|clearpoke
|poke|p1|Pelipper, F|
|poke|p1|Tornadus-Therian, M|
|poke|p1|Iron Treads|
|poke|p1|Decidueye-Hisui, F|
|poke|p1|Barraskewda, F|
|poke|p1|Raging Bolt|
|poke|p2|Gholdengo|
|poke|p2|Hydrapple, F|
|poke|p2|Samurott-Hisui, M|
|poke|p2|Great Tusk|
|poke|p2|Latios, M|
|poke|p2|Tinkaton, F|
|teampreview
|inactive|Battle timer is ON: inactive players will automatically lose when time's up. (requested by 3idk)
|j| Golem Rising
|
|t:|1760859777
|teamsize|p1|6
|teamsize|p2|6
|start
|switch|p1a: Tornadus|Tornadus-Therian, M|100/100
|switch|p2a: Samurott|Samurott-Hisui, M|100/100
|turn|1
|
|t:|1760859784
|move|p1a: Tornadus|U-turn|p2a: Samurott
|-supereffective|p2a: Samurott
|-damage|p2a: Samurott|69/100
|j| 26f
|
|t:|1760859789
|switch|p1a: Decidueye|Decidueye-Hisui, F|100/100|[from] U-turn
|move|p2a: Samurott|Ceaseless Edge|p1a: Decidueye
|-resisted|p1a: Decidueye
|-damage|p1a: Decidueye|84/100
|-damage|p2a: Samurott|53/100|[from] item: Rocky Helmet|[of] p1a: Decidueye
|-sidestart|p1: 3idk|Spikes
|
|upkeep
|turn|2
|
|t:|1760859795
|switch|p2a: Gholdengo|Gholdengo|100/100
|move|p1a: Decidueye|Triple Arrows|p2a: Gholdengo
|-supereffective|p2a: Gholdengo
|-damage|p2a: Gholdengo|33/100
|
|upkeep
|turn|3
|
|t:|1760859805
|move|p2a: Gholdengo|Make It Rain|p1a: Decidueye
|-damage|p1a: Decidueye|8/100
|-unboost|p2a: Gholdengo|spa|1
|move|p1a: Decidueye|Triple Arrows|p2a: Gholdengo
|-supereffective|p2a: Gholdengo
|-damage|p2a: Gholdengo|0 fnt
|faint|p2a: Gholdengo
|
|upkeep
|
|t:|1760859814
|switch|p2a: Latios|Latios, M|100/100
|turn|4
|
|t:|1760859818
|move|p2a: Latios|Flip Turn|p1a: Decidueye
|-resisted|p1a: Decidueye
|-damage|p1a: Decidueye|4/100
|-damage|p2a: Latios|84/100|[from] item: Rocky Helmet|[of] p1a: Decidueye
|
|t:|1760859825
|switch|p2a: Tinkaton|Tinkaton, F|100/100|[from] Flip Turn
|-ability|p2a: Tinkaton|Mold Breaker
|-item|p2a: Tinkaton|Air Balloon
|move|p1a: Decidueye|U-turn|p2a: Tinkaton
|-resisted|p2a: Tinkaton
|-damage|p2a: Tinkaton|96/100
|-enditem|p2a: Tinkaton|Air Balloon
|
|t:|1760859830
|switch|p1a: Iron Treads|Iron Treads|100/100|[from] U-turn
|-damage|p1a: Iron Treads|88/100|[from] Spikes
|
|-heal|p1a: Iron Treads|94/100|[from] item: Leftovers
|upkeep
|turn|5
|
|t:|1760859835
|switch|p2a: Hydrapple|Hydrapple, F|100/100
|move|p1a: Iron Treads|Rapid Spin|p2a: Hydrapple
|-damage|p2a: Hydrapple|94/100
|-boost|p1a: Iron Treads|spe|1
|-damage|p1a: Iron Treads|78/100|[from] item: Rocky Helmet|[of] p2a: Hydrapple
|-sideend|p1: 3idk|Spikes|[from] move: Rapid Spin|[of] p1a: Iron Treads
|
|-heal|p1a: Iron Treads|84/100|[from] item: Leftovers
|upkeep
|turn|6
|
|t:|1760859844
|-end|p1a: Iron Treads|Quark Drive|[silent]
|switch|p1a: Tornadus|Tornadus-Therian, M|100/100
|switch|p2a: Samurott|Samurott-Hisui, M|53/100
|
|upkeep
|turn|7
|
|t:|1760859852
|move|p1a: Tornadus|Focus Blast|p2a: Samurott
|-supereffective|p2a: Samurott
|-damage|p2a: Samurott|0 fnt
|faint|p2a: Samurott
|
|upkeep
|
|t:|1760859857
|switch|p2a: Tinkaton|Tinkaton, F|96/100
|-ability|p2a: Tinkaton|Mold Breaker
|turn|8
|
|t:|1760859863
|switch|p1a: Iron Treads|Iron Treads|84/100
|move|p2a: Tinkaton|Stealth Rock|p1a: Iron Treads
|-sidestart|p1: 3idk|move: Stealth Rock
|
|-heal|p1a: Iron Treads|90/100|[from] item: Leftovers
|upkeep
|turn|9
|
|t:|1760859867
|switch|p2a: Hydrapple|Hydrapple, F|100/100
|move|p1a: Iron Treads|Rapid Spin|p2a: Hydrapple
|-damage|p2a: Hydrapple|93/100
|-boost|p1a: Iron Treads|spe|1
|-damage|p1a: Iron Treads|73/100|[from] item: Rocky Helmet|[of] p2a: Hydrapple
|-sideend|p1: 3idk|Stealth Rock|[from] move: Rapid Spin|[of] p1a: Iron Treads
|
|-heal|p1a: Iron Treads|79/100|[from] item: Leftovers
|upkeep
|turn|10
|
|t:|1760859873
|-end|p1a: Iron Treads|Quark Drive|[silent]
|switch|p1a: Tornadus|Tornadus-Therian, M|100/100
|switch|p2a: Tinkaton|Tinkaton, F|96/100
|-ability|p2a: Tinkaton|Mold Breaker
|
|upkeep
|turn|11
|
|t:|1760859878
|move|p1a: Tornadus|U-turn|p2a: Tinkaton
|-resisted|p2a: Tinkaton
|-damage|p2a: Tinkaton|92/100
|
|t:|1760859882
|switch|p1a: Iron Treads|Iron Treads|79/100|[from] U-turn
|move|p2a: Tinkaton|Stealth Rock|p1a: Iron Treads
|-sidestart|p1: 3idk|move: Stealth Rock
|
|-heal|p1a: Iron Treads|85/100|[from] item: Leftovers
|upkeep
|turn|12
|
|t:|1760859886
|switch|p2a: Hydrapple|Hydrapple, F|100/100
|move|p1a: Iron Treads|Rapid Spin|p2a: Hydrapple
|-damage|p2a: Hydrapple|94/100
|-boost|p1a: Iron Treads|spe|1
|-damage|p1a: Iron Treads|69/100|[from] item: Rocky Helmet|[of] p2a: Hydrapple
|-sideend|p1: 3idk|Stealth Rock|[from] move: Rapid Spin|[of] p1a: Iron Treads
|
|-heal|p1a: Iron Treads|75/100|[from] item: Leftovers
|upkeep
|turn|13
|
|t:|1760859893
|move|p1a: Iron Treads|Stealth Rock|p2a: Hydrapple
|-sidestart|p2: suhayb1910|move: Stealth Rock
|move|p2a: Hydrapple|Giga Drain|p1a: Iron Treads
|-damage|p1a: Iron Treads|51/100
|-heal|p2a: Hydrapple|100/100|[from] drain|[of] p1a: Iron Treads
|
|-heal|p1a: Iron Treads|57/100|[from] item: Leftovers
|upkeep
|turn|14
|
|t:|1760859901
|-terastallize|p2a: Hydrapple|Ghost
|move|p1a: Iron Treads|Knock Off|p2a: Hydrapple
|-supereffective|p2a: Hydrapple
|-damage|p2a: Hydrapple|72/100
|-damage|p1a: Iron Treads|41/100|[from] item: Rocky Helmet|[of] p2a: Hydrapple
|-enditem|p2a: Hydrapple|Rocky Helmet|[from] move: Knock Off|[of] p1a: Iron Treads
|move|p2a: Hydrapple|Giga Drain|p1a: Iron Treads
|-crit|p1a: Iron Treads
|-damage|p1a: Iron Treads|2/100
|-heal|p2a: Hydrapple|90/100|[from] drain|[of] p1a: Iron Treads
|
|-heal|p1a: Iron Treads|8/100|[from] item: Leftovers
|upkeep
|turn|15
|
|t:|1760859909
|move|p1a: Iron Treads|Earthquake|p2a: Hydrapple
|-damage|p2a: Hydrapple|69/100
|move|p2a: Hydrapple|Giga Drain|p1a: Iron Treads
|-damage|p1a: Iron Treads|0 fnt
|-heal|p2a: Hydrapple|73/100|[from] drain|[of] p1a: Iron Treads
|faint|p1a: Iron Treads
|-end|p1a: Iron Treads|Quark Drive|[silent]
|
|upkeep
|
|t:|1760859916
|switch|p1a: Tornadus|Tornadus-Therian, M|100/100
|turn|16
|
|t:|1760859919
|switch|p2a: Tinkaton|Tinkaton, F|92/100
|-damage|p2a: Tinkaton|86/100|[from] Stealth Rock
|-ability|p2a: Tinkaton|Mold Breaker
|move|p1a: Tornadus|U-turn|p2a: Tinkaton
|-resisted|p2a: Tinkaton
|-damage|p2a: Tinkaton|82/100
|
|t:|1760859923
|switch|p1a: Barraskewda|Barraskewda, F|100/100|[from] U-turn
|
|upkeep
|turn|17
|
|t:|1760859928
|-terastallize|p1a: Barraskewda|Water
|move|p1a: Barraskewda|Flip Turn|p2a: Tinkaton
|-damage|p2a: Tinkaton|11/100
|-damage|p1a: Barraskewda|91/100|[from] item: Life Orb
|
|t:|1760859932
|switch|p1a: Decidueye|Decidueye-Hisui, F|4/100|[from] Flip Turn
|move|p2a: Tinkaton|Stealth Rock|p1a: Decidueye
|-sidestart|p1: 3idk|move: Stealth Rock
|
|upkeep
|turn|18
|
|t:|1760859937
|move|p2a: Tinkaton|Gigaton Hammer|p1a: Decidueye
|-damage|p1a: Decidueye|0 fnt
|faint|p1a: Decidueye
|
|upkeep
|
|t:|1760859946
|switch|p1a: Pelipper|Pelipper, F|100/100
|-damage|p1a: Pelipper|76/100|[from] Stealth Rock
|-weather|RainDance|[from] ability: Drizzle|[of] p1a: Pelipper
|turn|19
|
|t:|1760859949
|move|p2a: Tinkaton|Thunder Wave|p1a: Pelipper
|-status|p1a: Pelipper|par
|cant|p1a: Pelipper|par
|
|-weather|RainDance|[upkeep]
|upkeep
|turn|20
|
|t:|1760859955
|move|p2a: Tinkaton|Gigaton Hammer|p1a: Pelipper
|-resisted|p1a: Pelipper
|-crit|p1a: Pelipper
|-damage|p1a: Pelipper|51/100 par
|move|p1a: Pelipper|Hurricane|p2a: Tinkaton
|-resisted|p2a: Tinkaton
|-damage|p2a: Tinkaton|0 fnt
|faint|p2a: Tinkaton
|
|-weather|RainDance|[upkeep]
|upkeep
|
|t:|1760859966
|switch|p2a: Latios|Latios, M|84/100
|-damage|p2a: Latios|72/100|[from] Stealth Rock
|turn|21
|inactive|3idk has 120 seconds left.
|
|t:|1760859999
|move|p2a: Latios|Luster Purge|p1a: Pelipper
|-damage|p1a: Pelipper|0 fnt
|faint|p1a: Pelipper
|
|-weather|RainDance|[upkeep]
|upkeep
|inactive|3idk has 120 seconds left.
|
|t:|1760860005
|switch|p1a: Barraskewda|Barraskewda, F, tera:Water|91/100
|-damage|p1a: Barraskewda|78/100|[from] Stealth Rock
|turn|22
|
|t:|1760860014
|switch|p2a: Great Tusk|Great Tusk|100/100
|move|p1a: Barraskewda|Liquidation|p2a: Great Tusk
|-supereffective|p2a: Great Tusk
|-damage|p2a: Great Tusk|0 fnt
|faint|p2a: Great Tusk
|-end|p2a: Great Tusk|Protosynthesis|[silent]
|-damage|p1a: Barraskewda|69/100|[from] item: Life Orb
|
|-weather|RainDance|[upkeep]
|upkeep
|
|t:|1760860018
|switch|p2a: Hydrapple|Hydrapple, F, tera:Ghost|100/100
|-damage|p2a: Hydrapple|88/100|[from] Stealth Rock
|turn|23
|
|t:|1760860023
|move|p1a: Barraskewda|Flip Turn|p2a: Hydrapple
|-damage|p2a: Hydrapple|37/100
|-damage|p1a: Barraskewda|59/100|[from] item: Life Orb
|
|t:|1760860026
|switch|p1a: Tornadus|Tornadus-Therian, M|100/100|[from] Flip Turn
|-damage|p1a: Tornadus|76/100|[from] Stealth Rock
|move|p2a: Hydrapple|Giga Drain|p1a: Tornadus
|-resisted|p1a: Tornadus
|-damage|p1a: Tornadus|57/100
|-heal|p2a: Hydrapple|44/100|[from] drain|[of] p1a: Tornadus
|
|-weather|RainDance|[upkeep]
|upkeep
|turn|24
|
|t:|1760860031
|move|p1a: Tornadus|Hurricane|p2a: Hydrapple
|-damage|p2a: Hydrapple|0 fnt
|faint|p2a: Hydrapple
|
|-weather|RainDance|[upkeep]
|upkeep
|
|t:|1760860034
|switch|p2a: Latios|Latios, M|72/100
|-damage|p2a: Latios|59/100|[from] Stealth Rock
|turn|25
|
|t:|1760860036
|move|p2a: Latios|Luster Purge|p1a: Tornadus
|-damage|p1a: Tornadus|0 fnt
|faint|p1a: Tornadus
|
|-weather|RainDance|[upkeep]
|upkeep
|
|t:|1760860039
|switch|p1a: Barraskewda|Barraskewda, F, tera:Water|59/100
|-damage|p1a: Barraskewda|47/100|[from] Stealth Rock
|turn|26
|
|t:|1760860042
|move|p1a: Barraskewda|Liquidation|p2a: Latios
|-resisted|p2a: Latios
|-damage|p2a: Latios|0 fnt
|faint|p2a: Latios
|-damage|p1a: Barraskewda|37/100|[from] item: Life Orb
|
|win|3idk
|raw|3idk's rating: 1712 &rarr; <strong>1736</strong><br />(+24 for winning)
|raw|suhayb1910's rating: 1781 &rarr; <strong>1757</strong><br />(-24 for losing)
|c|☆3idk|ggs
|c|☆3idk|wp
|c|☆suhayb1910|gg
|l|☆suhayb1910
|player|p2|
