|j|‽Brigadi25
|j|☆luca1996
|t:|1760736501
|gametype|singles
|player|p1|Brigadi25|bugcatcher-gen4dp|1321
|player|p2|luca1996|boarder|1362
|gen|9
|tier|[Gen 9] OU
|rated|
|rule|HP Percentage Mod: HP is shown in percentages
|rule|Endless Battle Clause: Forcing endless battles is banned
|rule|Species Clause: Limit one of each Pokémon
|rule|OHKO Clause: OHKO moves are banned
|rule|Evasion Items Clause: Evasion items are banned
|rule|Evasion Moves Clause: Evasion moves are banned
|rule|Evasion Abilities Clause: Evasion abilities are banned
|rule|Sleep Moves Clause: Sleep-inducing moves are banned
|clearpoke
|poke|p1|Ribombee, M|
|poke|p1|Ogerpon-Wellspring, F|
|poke|p1|Tornadus-Therian, M|
|poke|p1|Goodra, F|
|poke|p1|Iron Crown|
|poke|p1|Iron Treads|
|poke|p2|Gurdurr, M|
|poke|p2|Araquanid, F|
|poke|p2|Moltres-Galar|
|poke|p2|Entei|
|poke|p2|Great Tusk|
|poke|p2|Primarina, M|
|teampreview
|inactive|Battle timer is ON: inactive players will automatically lose when time's up. (requested by Brigadi25)
|
|t:|1760736517
|teamsize|p1|6
|teamsize|p2|6
|start
|switch|p1a: Ribombee|Ribombee, M|100/100
|switch|p2a: Araquanid|Araquanid, F|100/100
|turn|1
|
|t:|1760736525
|move|p1a: Ribombee|Stun Spore|p2a: Araquanid|[miss]
|-miss|p1a: Ribombee|p2a: Araquanid
|move|p2a: Araquanid|Icy Wind|p1a: Ribombee
|-damage|p1a: Ribombee|86/100
|
|upkeep
|turn|2
|
|t:|1760736531
|move|p1a: Ribombee|Stun Spore|p2a: Araquanid|[miss]
|-miss|p1a: Ribombee|p2a: Araquanid
|move|p2a: Araquanid|Liquidation|p1a: Ribombee
|-damage|p1a: Ribombee|0 fnt
|faint|p1a: Ribombee
|
|upkeep
|
|t:|1760736542
|switch|p1a: Tornadus|Tornadus-Therian, M|100/100
|turn|3
|
|t:|1760736565
|move|p1a: Tornadus|Taunt|p2a: Araquanid
|-start|p2a: Araquanid|move: Taunt
|cant|p2a: Araquanid|move: Taunt|Sticky Web
|
|upkeep
|turn|4
|
|t:|1760736572
|switch|p2a: Moltres|Moltres-Galar|100/100
|move|p1a: Tornadus|Bleakwind Storm|p2a: Moltres
|-damage|p2a: Moltres|70/100
|
|upkeep
|turn|5
|
|t:|1760736584
|move|p1a: Tornadus|U-turn|p2a: Moltres
|-crit|p2a: Moltres
|-damage|p2a: Moltres|50/100
|-ability|p2a: Moltres|Berserk|boost
|-boost|p2a: Moltres|spa|1
|
|t:|1760736588
|switch|p1a: Goodra|Goodra, F|100/100|[from] U-turn
|move|p2a: Moltres|Fiery Wrath|p1a: Goodra
|-damage|p1a: Goodra|72/100
|
|upkeep
|turn|6
|
|t:|1760736602
|move|p1a: Goodra|Sludge Bomb|p2a: Moltres
|-damage|p2a: Moltres|31/100
|move|p2a: Moltres|Fiery Wrath|p1a: Goodra
|-damage|p1a: Goodra|47/100
|
|upkeep
|turn|7
|
|t:|1760736620
|move|p1a: Goodra|Sludge Bomb|p2a: Moltres
|-damage|p2a: Moltres|12/100
|move|p2a: Moltres|Fiery Wrath|p1a: Goodra
|-damage|p1a: Goodra|19/100
|
|upkeep
|turn|8
|
|t:|1760736628
|move|p1a: Goodra|Scald|p2a: Moltres
|-damage|p2a: Moltres|0 fnt
|faint|p2a: Moltres
|
|upkeep
|
|t:|1760736637
|switch|p2a: Araquanid|Araquanid, F|100/100
|turn|9
|
|t:|1760736648
|move|p1a: Goodra|Sludge Bomb|p2a: Araquanid
|-damage|p2a: Araquanid|80/100
|-status|p2a: Araquanid|psn
|move|p2a: Araquanid|Sticky Web|p1a: Goodra
|-sidestart|p1: Brigadi25|move: Sticky Web
|
|-damage|p2a: Araquanid|67/100 psn|[from] psn
|upkeep
|turn|10
|
|t:|1760736659
|move|p1a: Goodra|Sludge Bomb|p2a: Araquanid
|-damage|p2a: Araquanid|49/100 psn
|move|p2a: Araquanid|Lunge|p1a: Goodra
|-damage|p1a: Goodra|0 fnt
|faint|p1a: Goodra
|
|-damage|p2a: Araquanid|36/100 psn|[from] psn
|upkeep
|
|t:|1760736667
|switch|p1a: Tornadus|Tornadus-Therian, M|100/100
|turn|11
|
|t:|1760736672
|move|p1a: Tornadus|Bleakwind Storm|p2a: Araquanid
|-supereffective|p2a: Araquanid
|-damage|p2a: Araquanid|0 fnt
|faint|p2a: Araquanid
|
|upkeep
|
|t:|1760736675
|switch|p2a: Primarina|Primarina, M|100/100
|turn|12
|inactive|Brigadi25 has 120 seconds left.
|
|t:|1760736709
|move|p1a: Tornadus|Taunt|p2a: Primarina
|-start|p2a: Primarina|move: Taunt
|move|p2a: Primarina|Moonblast|p1a: Tornadus
|-crit|p1a: Tornadus
|-damage|p1a: Tornadus|11/100
|
|upkeep
|turn|13
|
|t:|1760736721
|move|p1a: Tornadus|U-turn|p2a: Primarina
|-resisted|p2a: Primarina
|-damage|p2a: Primarina|92/100
|
|t:|1760736724
|switch|p1a: Iron Crown|Iron Crown|100/100|[from] U-turn
|-activate|p1a: Iron Crown|move: Sticky Web
|-unboost|p1a: Iron Crown|spe|1
|-enditem|p1a: Iron Crown|Booster Energy
|-activate|p1a: Iron Crown|ability: Quark Drive|[fromitem]
|-start|p1a: Iron Crown|quarkdrivespa
|move|p2a: Primarina|Psychic Noise|p1a: Iron Crown
|-resisted|p1a: Iron Crown
|-damage|p1a: Iron Crown|94/100
|-start|p1a: Iron Crown|move: Heal Block
|
|upkeep
|turn|14
|
|t:|1760736743
|switch|p2a: Great Tusk|Great Tusk|100/100
|move|p1a: Iron Crown|Calm Mind|p1a: Iron Crown
|-boost|p1a: Iron Crown|spa|1
|-boost|p1a: Iron Crown|spd|1
|
|-end|p1a: Iron Crown|move: Heal Block
|upkeep
|turn|15
|
|t:|1760736750
|-terastallize|p1a: Iron Crown|Flying
|move|p1a: Iron Crown|Psyshock|p2a: Great Tusk
|-supereffective|p2a: Great Tusk
|-damage|p2a: Great Tusk|0 fnt
|faint|p2a: Great Tusk
|-end|p2a: Great Tusk|Protosynthesis|[silent]
|
|upkeep
|
|t:|1760736759
|switch|p2a: Entei|Entei|100/100
|turn|16
|
|t:|1760736774
|move|p2a: Entei|Swagger|p1a: Iron Crown
|-boost|p1a: Iron Crown|atk|2
|-start|p1a: Iron Crown|confusion
|-enditem|p2a: Entei|Mirror Herb
|-boost|p2a: Entei|atk|2|[from] item: Mirror Herb
|-activate|p1a: Iron Crown|confusion
|move|p1a: Iron Crown|Volt Switch|p2a: Entei
|-damage|p2a: Entei|54/100
|inactive|Brigadi25 has 120 seconds left.
|
|t:|1760736800
|-end|p1a: Iron Crown|Quark Drive|[silent]
|switch|p1a: Tornadus|Tornadus-Therian, M|44/100|[from] Volt Switch
|
|upkeep
|turn|17
|
|t:|1760736805
|switch|p1a: Iron Treads|Iron Treads|100/100
|-activate|p1a: Iron Treads|move: Sticky Web
|-unboost|p1a: Iron Treads|spe|1
|move|p2a: Entei|Extreme Speed|p1a: Iron Treads
|-resisted|p1a: Iron Treads
|-damage|p1a: Iron Treads|77/100
|
|upkeep
|turn|18
|inactive|Brigadi25 has 120 seconds left.
|c|☆luca1996|!dt tornadus
|c| luca1996|/raw <div class="message"><ul class="utilichart"><li class="result"><span class="col numcol">NU</span> <span class="col iconcol"><psicon pokemon="tornadus"/></span> <span class="col pokemonnamecol" style="white-space:nowrap"><a href="https://dex.pokemonshowdown.com/pokemon/tornadus" target="_blank">Tornadus</a></span> <span class="col typecol"><img src="https://play.pokemonshowdown.com/sprites/types/Flying.png" alt="Flying" height="14" width="32"></span> <span style="float:left;min-height:26px"><span class="col abilitycol">Prankster</span><span class="col abilitycol"><em>Defiant</em></span></span><span style="float:left;min-height:26px"><span class="col statcol"><em>HP</em><br />79</span> <span class="col statcol"><em>Atk</em><br />115</span> <span class="col statcol"><em>Def</em><br />70</span> <span class="col statcol"><em>SpA</em><br />125</span> <span class="col statcol"><em>SpD</em><br />80</span> <span class="col statcol"><em>Spe</em><br />111</span> <span class="col bstcol"><em>BST<br />580</em></span> </span></li><li style="clear:both"></li></ul></div>
|c| luca1996|/raw <font size="1"><font color="#686868">Dex#:</font> 641&nbsp;|&ThickSpace;<font color="#686868">Gen:</font> 5&nbsp;|&ThickSpace;<font color="#686868">Height:</font> 1.5 m&nbsp;|&ThickSpace;<font color="#686868">Weight:</font> 63 kg <em>(80 BP)</em>&nbsp;|&ThickSpace;<font color="#686868">Dex Colour:</font> Green&nbsp;|&ThickSpace;<font color="#686868">Egg Group(s):</font> Undiscovered&nbsp;|&ThickSpace;<font color="#686868">Does Not Evolve</font></font>

|c|☆luca1996|!dt tornadus therien
'tornadus therien' has no exact match. Approximate match:
|c| luca1996|/raw <div class="message"><ul class="utilichart"><li class="result"><span class="col numcol">OU</span> <span class="col iconcol"><psicon pokemon="tornadustherian"/></span> <span class="col pokemonnamecol" style="white-space:nowrap"><a href="https://dex.pokemonshowdown.com/pokemon/tornadustherian" target="_blank">Tornadus-Therian</a></span> <span class="col typecol"><img src="https://play.pokemonshowdown.com/sprites/types/Flying.png" alt="Flying" height="14" width="32"></span> <span style="float:left;min-height:26px"><span class="col abilitycol">Regenerator</span><span class="col abilitycol"></span></span><span style="float:left;min-height:26px"><span class="col statcol"><em>HP</em><br />79</span> <span class="col statcol"><em>Atk</em><br />100</span> <span class="col statcol"><em>Def</em><br />80</span> <span class="col statcol"><em>SpA</em><br />110</span> <span class="col statcol"><em>SpD</em><br />90</span> <span class="col statcol"><em>Spe</em><br />121</span> <span class="col bstcol"><em>BST<br />580</em></span> </span></li><li style="clear:both"></li></ul></div>
|c| luca1996|/raw <font size="1"><font color="#686868">Dex#:</font> 641&nbsp;|&ThickSpace;<font color="#686868">Gen:</font> 5&nbsp;|&ThickSpace;<font color="#686868">Height:</font> 1.4 m&nbsp;|&ThickSpace;<font color="#686868">Weight:</font> 63 kg <em>(80 BP)</em>&nbsp;|&ThickSpace;<font color="#686868">Dex Colour:</font> Green&nbsp;|&ThickSpace;<font color="#686868">Egg Group(s):</font> Undiscovered&nbsp;|&ThickSpace;<font color="#686868">Does Not Evolve</font></font>

|
|t:|1760736822
|move|p2a: Entei|Sacred Fire|p1a: Iron Treads
|-supereffective|p1a: Iron Treads
|-damage|p1a: Iron Treads|0 fnt
|faint|p1a: Iron Treads
|-end|p1a: Iron Treads|Quark Drive|[silent]
|
|upkeep
|
|t:|1760736827
|switch|p1a: Tornadus|Tornadus-Therian, M|77/100
|turn|19
|
|t:|1760736836
|-terastallize|p2a: Entei|Normal
|move|p2a: Entei|Extreme Speed|p1a: Tornadus
|-damage|p1a: Tornadus|0 fnt
|faint|p1a: Tornadus
|
|upkeep
|c|☆luca1996|gg
|
|t:|1760736846
|switch|p1a: Ogerpon|Ogerpon-Wellspring, F|100/100
|-activate|p1a: Ogerpon|move: Sticky Web
|-unboost|p1a: Ogerpon|spe|1
|turn|20
|
|t:|1760736858
|move|p2a: Entei|Extreme Speed|p1a: Ogerpon
|-damage|p1a: Ogerpon|4/100
|move|p1a: Ogerpon|Ivy Cudgel|p2a: Entei|[anim] Ivy Cudgel Water
|-damage|p2a: Entei|0 fnt
|faint|p2a: Entei
|
|upkeep
|
|t:|1760736865
|switch|p2a: Gurdurr|Gurdurr, M|100/100
|turn|21
|inactive|Brigadi25 has 120 seconds left.
|
|t:|1760736871
|switch|p1a: Iron Crown|Iron Crown, tera:Flying|94/100
|move|p2a: Gurdurr|Mach Punch|p1a: Iron Crown
|-resisted|p1a: Iron Crown
|-damage|p1a: Iron Crown|82/100
|
|upkeep
|turn|22
|inactive|Brigadi25 has 120 seconds left.
|
|t:|1760736885
|move|p1a: Iron Crown|Calm Mind|p1a: Iron Crown
|-boost|p1a: Iron Crown|spa|1
|-boost|p1a: Iron Crown|spd|1
|move|p2a: Gurdurr|Bulk Up|p2a: Gurdurr
|-boost|p2a: Gurdurr|atk|1
|-boost|p2a: Gurdurr|def|1
|
|upkeep
|turn|23
|
|t:|1760736891
|move|p1a: Iron Crown|Psyshock|p2a: Gurdurr
|-supereffective|p2a: Gurdurr
|-damage|p2a: Gurdurr|48/100
|move|p2a: Gurdurr|Knock Off|p1a: Iron Crown
|-damage|p1a: Iron Crown|49/100
|
|upkeep
|turn|24
|
|t:|1760736899
|move|p1a: Iron Crown|Psyshock|p2a: Gurdurr
|-supereffective|p2a: Gurdurr
|-damage|p2a: Gurdurr|0 fnt
|faint|p2a: Gurdurr
|
|upkeep
|
|t:|1760736901
|switch|p2a: Primarina|Primarina, M|92/100
|turn|25
|
|t:|1760736914
|move|p1a: Iron Crown|Volt Switch|p2a: Primarina
|-supereffective|p2a: Primarina
|-damage|p2a: Primarina|56/100
|
|t:|1760736917
|-end|p1a: Iron Crown|Quark Drive|[silent]
|switch|p1a: Ogerpon|Ogerpon-Wellspring, F|4/100|[from] Volt Switch
|-activate|p1a: Ogerpon|move: Sticky Web
|-unboost|p1a: Ogerpon|spe|1
|move|p2a: Primarina|Moonblast|p1a: Ogerpon
|-damage|p1a: Ogerpon|0 fnt
|faint|p1a: Ogerpon
|
|upkeep
|
|t:|1760736925
|switch|p1a: Iron Crown|Iron Crown, tera:Flying|49/100
|turn|26
|
|t:|1760736938
|move|p1a: Iron Crown|Psyshock|p2a: Primarina
|-damage|p2a: Primarina|13/100
|move|p2a: Primarina|Surf|p1a: Iron Crown
|-damage|p1a: Iron Crown|0 fnt
|faint|p1a: Iron Crown
|-end|p1a: Iron Crown|Quark Drive|[silent]
|
|win|luca1996
|raw|Brigadi25's rating: 1321 &rarr; <strong>1303</strong><br />(-18 for losing)
|raw|luca1996's rating: 1362 &rarr; <strong>1380</strong><br />(+18 for winning)
|l|‽Brigadi25
|player|p1|
|l|☆luca1996
|player|p2|
