|j|☆Kaleor
|j|☆dia90
|t:|1760723944
|gametype|singles
|player|p1|Kaleor|swimmer-gen4dp|1662
|player|p2|dia90|169|1618
|gen|9
|tier|[Gen 9] OU
|rated|
|rule|HP Percentage Mod: HP is shown in percentages
|rule|Endless Battle Clause: Forcing endless battles is banned
|rule|Species Clause: Limit one of each Pokémon
|rule|OHKO Clause: OHKO moves are banned
|rule|Evasion Items Clause: Evasion items are banned
|rule|Evasion Moves Clause: Evasion moves are banned
|rule|Evasion Abilities Clause: Evasion abilities are banned
|rule|Sleep Moves Clause: Sleep-inducing moves are banned
|clearpoke
|poke|p1|Garchomp, M|
|poke|p1|Zapdos|
|poke|p1|Darkrai|
|poke|p1|Ceruledge, M|
|poke|p1|Enamorus, F|
|poke|p1|Great Tusk|
|poke|p2|Samurott-Hisui, M|
|poke|p2|Rillaboom, M|
|poke|p2|Gholdengo|
|poke|p2|Emboar, M|
|poke|p2|Dondozo, M|
|poke|p2|Iron Treads|
|teampreview
|inactive|Battle timer is ON: inactive players will automatically lose when time's up. (requested by Kaleor)
|
|t:|1760723966
|teamsize|p1|6
|teamsize|p2|6
|start
|switch|p1a: Garchomp|Garchomp, M|100/100
|switch|p2a: Samurott|Samurott-Hisui, M|100/100
|turn|1
|
|t:|1760723974
|move|p2a: Samurott|Ceaseless Edge|p1a: Garchomp
|-damage|p1a: Garchomp|58/100
|-damage|p2a: Samurott|88/100|[from] ability: Rough Skin|[of] p1a: Garchomp
|-damage|p2a: Samurott|71/100|[from] item: Rocky Helmet|[of] p1a: Garchomp
|-sidestart|p1: Kaleor|Spikes
|move|p1a: Garchomp|Dragon Tail|p2a: Samurott
|-damage|p2a: Samurott|43/100
|drag|p2a: Iron Treads|Iron Treads|100/100
|
|upkeep
|turn|2
|l|☆Kaleor
|inactive|Kaleor disconnected and has a minute to reconnect!
|player|p1|
|
|t:|1760723989
|-end|p2a: Iron Treads|Quark Drive|[silent]
|switch|p2a: Rillaboom|Rillaboom, M|100/100
|-fieldstart|move: Grassy Terrain|[from] ability: Grassy Surge|[of] p2a: Rillaboom
|move|p1a: Garchomp|Earthquake|p2a: Rillaboom
|-resisted|p2a: Rillaboom
|-damage|p2a: Rillaboom|90/100
|
|-heal|p1a: Garchomp|64/100|[from] Grassy Terrain
|-heal|p2a: Rillaboom|97/100|[from] Grassy Terrain
|upkeep
|turn|3
|j|☆Kaleor
|inactive|Kaleor reconnected and has 145 seconds left.
|player|p1|Kaleor|swimmer-gen4dp|
|
|t:|1760724000
|move|p1a: Garchomp|Stealth Rock|p2a: Rillaboom
|-sidestart|p2: dia90|move: Stealth Rock
|move|p2a: Rillaboom|Wood Hammer|p1a: Garchomp
|-damage|p1a: Garchomp|9/100
|-damage|p2a: Rillaboom|84/100|[from] ability: Rough Skin|[of] p1a: Garchomp
|-damage|p2a: Rillaboom|68/100|[from] item: Rocky Helmet|[of] p1a: Garchomp
|-damage|p2a: Rillaboom|49/100|[from] Recoil
|
|-heal|p1a: Garchomp|15/100|[from] Grassy Terrain
|-heal|p2a: Rillaboom|55/100|[from] Grassy Terrain
|upkeep
|turn|4
|
|t:|1760724011
|move|p2a: Rillaboom|Grassy Glide|p1a: Garchomp
|-damage|p1a: Garchomp|0 fnt
|-damage|p2a: Rillaboom|42/100|[from] ability: Rough Skin|[of] p1a: Garchomp
|-damage|p2a: Rillaboom|26/100|[from] item: Rocky Helmet|[of] p1a: Garchomp
|faint|p1a: Garchomp
|
|-heal|p2a: Rillaboom|32/100|[from] Grassy Terrain
|upkeep
|
|t:|1760724023
|switch|p1a: Great Tusk|Great Tusk|100/100
|-damage|p1a: Great Tusk|88/100|[from] Spikes
|turn|5
|
|t:|1760724031
|switch|p2a: Gholdengo|Gholdengo|100/100
|-damage|p2a: Gholdengo|94/100|[from] Stealth Rock
|move|p1a: Great Tusk|Ice Spinner|p2a: Gholdengo
|-resisted|p2a: Gholdengo
|-damage|p2a: Gholdengo|84/100
|-fieldend|move: Grassy Terrain
|
|-heal|p1a: Great Tusk|94/100|[from] item: Leftovers
|-heal|p2a: Gholdengo|90/100|[from] item: Leftovers
|upkeep
|turn|6
|
|t:|1760724044
|move|p1a: Great Tusk|Headlong Rush|p2a: Gholdengo
|-supereffective|p2a: Gholdengo
|-damage|p2a: Gholdengo|0 fnt
|-unboost|p1a: Great Tusk|def|1
|-unboost|p1a: Great Tusk|spd|1
|faint|p2a: Gholdengo
|
|-heal|p1a: Great Tusk|100/100|[from] item: Leftovers
|upkeep
|
|t:|1760724063
|switch|p2a: Rillaboom|Rillaboom, M|32/100
|-damage|p2a: Rillaboom|20/100|[from] Stealth Rock
|-fieldstart|move: Grassy Terrain|[from] ability: Grassy Surge|[of] p2a: Rillaboom
|turn|7
|
|t:|1760724068
|-end|p1a: Great Tusk|Protosynthesis|[silent]
|switch|p1a: Zapdos|Zapdos|100/100
|move|p2a: Rillaboom|Grassy Glide|p1a: Zapdos
|-resisted|p1a: Zapdos
|-damage|p1a: Zapdos|77/100
|-status|p2a: Rillaboom|par|[from] ability: Static|[of] p1a: Zapdos
|
|-heal|p2a: Rillaboom|26/100 par|[from] Grassy Terrain
|upkeep
|turn|8
|
|t:|1760724075
|switch|p2a: Iron Treads|Iron Treads|100/100
|-damage|p2a: Iron Treads|97/100|[from] Stealth Rock
|move|p1a: Zapdos|Heat Wave|p2a: Iron Treads
|-supereffective|p2a: Iron Treads
|-damage|p2a: Iron Treads|56/100
|
|-heal|p2a: Iron Treads|62/100|[from] Grassy Terrain
|upkeep
|turn|9
|
|t:|1760724082
|switch|p1a: Great Tusk|Great Tusk|100/100
|-damage|p1a: Great Tusk|88/100|[from] Spikes
|move|p2a: Iron Treads|Rapid Spin|p1a: Great Tusk
|-damage|p1a: Great Tusk|80/100
|-boost|p2a: Iron Treads|spe|1
|-sideend|p2: dia90|Stealth Rock|[from] move: Rapid Spin|[of] p2a: Iron Treads
|
|-heal|p2a: Iron Treads|69/100|[from] Grassy Terrain
|-heal|p1a: Great Tusk|86/100|[from] Grassy Terrain
|-heal|p1a: Great Tusk|92/100|[from] item: Leftovers
|upkeep
|turn|10
|
|t:|1760724089
|move|p2a: Iron Treads|Knock Off|p1a: Great Tusk
|-resisted|p1a: Great Tusk
|-damage|p1a: Great Tusk|84/100
|-enditem|p1a: Great Tusk|Leftovers|[from] move: Knock Off|[of] p2a: Iron Treads
|move|p1a: Great Tusk|Rapid Spin|p2a: Iron Treads
|-resisted|p2a: Iron Treads
|-damage|p2a: Iron Treads|64/100
|-boost|p1a: Great Tusk|spe|1
|-sideend|p1: Kaleor|Spikes|[from] move: Rapid Spin|[of] p1a: Great Tusk
|
|-heal|p1a: Great Tusk|90/100|[from] Grassy Terrain
|-heal|p2a: Iron Treads|70/100|[from] Grassy Terrain
|upkeep
|turn|11
|
|t:|1760724096
|-end|p2a: Iron Treads|Quark Drive|[silent]
|switch|p2a: Dondozo|Dondozo, M|100/100
|move|p1a: Great Tusk|Ice Spinner|p2a: Dondozo
|-resisted|p2a: Dondozo
|-damage|p2a: Dondozo|94/100
|-fieldend|move: Grassy Terrain
|
|-heal|p2a: Dondozo|99/100|[from] item: Leftovers
|upkeep
|turn|12
|
|t:|1760724103
|-end|p1a: Great Tusk|Protosynthesis|[silent]
|switch|p1a: Darkrai|Darkrai|100/100
|move|p2a: Dondozo|Wave Crash|p1a: Darkrai
|-damage|p1a: Darkrai|42/100
|-damage|p2a: Dondozo|89/100|[from] Recoil
|
|-heal|p2a: Dondozo|96/100|[from] item: Leftovers
|upkeep
|turn|13
|
|t:|1760724110
|switch|p2a: Samurott|Samurott-Hisui, M|43/100
|move|p1a: Darkrai|Trick|p2a: Samurott
|-activate|p1a: Darkrai|move: Trick|[of] p2a: Samurott
|-item|p2a: Samurott|Choice Scarf|[from] move: Trick
|-item|p1a: Darkrai|Choice Band|[from] move: Trick
|
|upkeep
|turn|14
|
|t:|1760724131
|move|p1a: Darkrai|Sludge Bomb|p2a: Samurott
|-damage|p2a: Samurott|0 fnt
|faint|p2a: Samurott
|
|upkeep
|
|t:|1760724135
|switch|p2a: Rillaboom|Rillaboom, M|26/100 par
|-fieldstart|move: Grassy Terrain|[from] ability: Grassy Surge|[of] p2a: Rillaboom
|turn|15
|
|t:|1760724141
|switch|p1a: Zapdos|Zapdos|77/100
|move|p2a: Rillaboom|Grassy Glide|p1a: Zapdos
|-resisted|p1a: Zapdos
|-damage|p1a: Zapdos|52/100
|
|-heal|p2a: Rillaboom|32/100 par|[from] Grassy Terrain
|upkeep
|turn|16
|
|t:|1760724150
|move|p1a: Zapdos|Roost|p1a: Zapdos
|-heal|p1a: Zapdos|100/100
|-singleturn|p1a: Zapdos|move: Roost
|move|p2a: Rillaboom|Wood Hammer|p1a: Zapdos
|-damage|p1a: Zapdos|0 fnt
|faint|p1a: Zapdos
|-damage|p2a: Rillaboom|6/100 par|[from] Recoil
|
|-heal|p2a: Rillaboom|12/100 par|[from] Grassy Terrain
|upkeep
|
|t:|1760724157
|switch|p1a: Ceruledge|Ceruledge, M|100/100
|turn|17
|
|t:|1760724166
|switch|p2a: Dondozo|Dondozo, M|96/100
|move|p1a: Ceruledge|Shadow Sneak|p2a: Dondozo
|-damage|p2a: Dondozo|84/100
|
|-heal|p2a: Dondozo|90/100|[from] Grassy Terrain
|-heal|p2a: Dondozo|96/100|[from] item: Leftovers
|upkeep
|turn|18
|
|t:|1760724174
|switch|p1a: Darkrai|Darkrai|42/100
|move|p2a: Dondozo|Wave Crash|p1a: Darkrai
|-damage|p1a: Darkrai|0 fnt
|faint|p1a: Darkrai
|-damage|p2a: Dondozo|88/100|[from] Recoil
|
|-heal|p2a: Dondozo|94/100|[from] Grassy Terrain
|-heal|p2a: Dondozo|100/100|[from] item: Leftovers
|upkeep
|
|t:|1760724176
|switch|p1a: Enamorus|Enamorus, F|100/100
|turn|19
|
|t:|1760724179
|switch|p2a: Iron Treads|Iron Treads|70/100
|-terastallize|p1a: Enamorus|Fairy
|move|p1a: Enamorus|Moonblast|p2a: Iron Treads
|-resisted|p2a: Iron Treads
|-damage|p2a: Iron Treads|36/100
|
|-heal|p2a: Iron Treads|42/100|[from] Grassy Terrain
|upkeep
|turn|20
|
|t:|1760724186
|switch|p1a: Great Tusk|Great Tusk|90/100
|move|p2a: Iron Treads|Iron Head|p1a: Great Tusk
|-damage|p1a: Great Tusk|69/100
|
|-heal|p1a: Great Tusk|75/100|[from] Grassy Terrain
|-heal|p2a: Iron Treads|48/100|[from] Grassy Terrain
|upkeep
|turn|21
|
|t:|1760724189
|-end|p2a: Iron Treads|Quark Drive|[silent]
|switch|p2a: Dondozo|Dondozo, M|100/100
|move|p1a: Great Tusk|Ice Spinner|p2a: Dondozo
|-resisted|p2a: Dondozo
|-damage|p2a: Dondozo|94/100
|-fieldend|move: Grassy Terrain
|
|-heal|p2a: Dondozo|99/100|[from] item: Leftovers
|upkeep
|turn|22
|
|t:|1760724194
|-end|p1a: Great Tusk|Protosynthesis|[silent]
|switch|p1a: Enamorus|Enamorus, F, tera:Fairy|100/100
|move|p2a: Dondozo|Wave Crash|p1a: Enamorus
|-damage|p1a: Enamorus|35/100
|-damage|p2a: Dondozo|87/100|[from] Recoil
|
|-heal|p2a: Dondozo|94/100|[from] item: Leftovers
|upkeep
|turn|23
|
|t:|1760724197
|switch|p2a: Rillaboom|Rillaboom, M|12/100 par
|-fieldstart|move: Grassy Terrain|[from] ability: Grassy Surge|[of] p2a: Rillaboom
|move|p1a: Enamorus|Moonblast|p2a: Rillaboom
|-damage|p2a: Rillaboom|0 fnt
|faint|p2a: Rillaboom
|
|-heal|p1a: Enamorus|41/100|[from] Grassy Terrain
|upkeep
|
|t:|1760724202
|switch|p2a: Iron Treads|Iron Treads|48/100
|turn|24
|
|t:|1760724208
|switch|p1a: Ceruledge|Ceruledge, M|100/100
|-end|p2a: Iron Treads|Quark Drive|[silent]
|switch|p2a: Dondozo|Dondozo, M|94/100
|
|-heal|p2a: Dondozo|99/100|[from] Grassy Terrain
|-heal|p2a: Dondozo|100/100|[from] item: Leftovers
|upkeep
|turn|25
|
|t:|1760724211
|move|p1a: Ceruledge|Poltergeist|p2a: Dondozo
|-activate|p2a: Dondozo|move: Poltergeist|Leftovers
|-damage|p2a: Dondozo|68/100
|move|p2a: Dondozo|Wave Crash|p1a: Ceruledge
|-supereffective|p1a: Ceruledge
|-enditem|p1a: Ceruledge|Focus Sash
|-damage|p1a: Ceruledge|1/100
|-ability|p1a: Ceruledge|Weak Armor|boost
|-unboost|p1a: Ceruledge|def|1
|-boost|p1a: Ceruledge|spe|2
|-damage|p2a: Dondozo|49/100|[from] Recoil
|
|-heal|p1a: Ceruledge|7/100|[from] Grassy Terrain
|-heal|p2a: Dondozo|55/100|[from] Grassy Terrain
|-heal|p2a: Dondozo|61/100|[from] item: Leftovers
|upkeep
|turn|26
|
|t:|1760724226
|move|p1a: Ceruledge|Poltergeist|p2a: Dondozo|[miss]
|-miss|p1a: Ceruledge|p2a: Dondozo
|move|p2a: Dondozo|Wave Crash|p1a: Ceruledge
|-supereffective|p1a: Ceruledge
|-damage|p1a: Ceruledge|0 fnt
|faint|p1a: Ceruledge
|-damage|p2a: Dondozo|60/100|[from] Recoil
|
|-heal|p2a: Dondozo|66/100|[from] Grassy Terrain
|-heal|p2a: Dondozo|72/100|[from] item: Leftovers
|upkeep
|
|t:|1760724229
|switch|p1a: Enamorus|Enamorus, F, tera:Fairy|41/100
|turn|27
|
|t:|1760724235
|switch|p2a: Emboar|Emboar, M|100/100
|move|p1a: Enamorus|Moonblast|p2a: Emboar
|-damage|p2a: Emboar|0 fnt
|faint|p2a: Emboar
|
|-heal|p1a: Enamorus|47/100|[from] Grassy Terrain
|upkeep
|
|t:|1760724237
|switch|p2a: Iron Treads|Iron Treads|48/100
|turn|28
|
|t:|1760724242
|switch|p1a: Great Tusk|Great Tusk|75/100
|move|p2a: Iron Treads|Iron Head|p1a: Great Tusk
|-crit|p1a: Great Tusk
|-damage|p1a: Great Tusk|43/100
|
|-heal|p1a: Great Tusk|50/100|[from] Grassy Terrain
|-heal|p2a: Iron Treads|54/100|[from] Grassy Terrain
|upkeep
|turn|29
|
|t:|1760724247
|-end|p2a: Iron Treads|Quark Drive|[silent]
|switch|p2a: Dondozo|Dondozo, M|72/100
|move|p1a: Great Tusk|Headlong Rush|p2a: Dondozo
|-damage|p2a: Dondozo|39/100
|-unboost|p1a: Great Tusk|def|1
|-unboost|p1a: Great Tusk|spd|1
|
|-heal|p1a: Great Tusk|56/100|[from] Grassy Terrain
|-heal|p2a: Dondozo|45/100|[from] Grassy Terrain
|-heal|p2a: Dondozo|51/100|[from] item: Leftovers
|upkeep
|turn|30
|
|t:|1760724254
|move|p1a: Great Tusk|Ice Spinner|p2a: Dondozo
|-resisted|p2a: Dondozo
|-damage|p2a: Dondozo|44/100
|-fieldend|move: Grassy Terrain
|move|p2a: Dondozo|Wave Crash|p1a: Great Tusk
|-supereffective|p1a: Great Tusk
|-damage|p1a: Great Tusk|8/100
|-damage|p2a: Dondozo|31/100|[from] Recoil
|
|-heal|p2a: Dondozo|37/100|[from] item: Leftovers
|upkeep
|turn|31
|
|t:|1760724260
|-end|p1a: Great Tusk|Protosynthesis|[silent]
|switch|p1a: Enamorus|Enamorus, F, tera:Fairy|47/100
|move|p2a: Dondozo|Body Press|p1a: Enamorus
|-resisted|p1a: Enamorus
|-damage|p1a: Enamorus|32/100
|
|-heal|p2a: Dondozo|43/100|[from] item: Leftovers
|upkeep
|turn|32
|
|t:|1760724267
|move|p1a: Enamorus|Moonblast|p2a: Dondozo
|-damage|p2a: Dondozo|0 fnt
|faint|p2a: Dondozo
|
|upkeep
|
|t:|1760724270
|switch|p2a: Iron Treads|Iron Treads|54/100
|turn|33
|
|t:|1760724276
|switch|p1a: Great Tusk|Great Tusk|8/100
|move|p2a: Iron Treads|Rapid Spin|p1a: Great Tusk
|-damage|p1a: Great Tusk|0 fnt
|-boost|p2a: Iron Treads|spe|1
|faint|p1a: Great Tusk
|-end|p1a: Great Tusk|Protosynthesis|[silent]
|
|upkeep
|
|t:|1760724278
|switch|p1a: Enamorus|Enamorus, F, tera:Fairy|32/100
|turn|34
|
|t:|1760724280
|move|p2a: Iron Treads|Iron Head|p1a: Enamorus
|-supereffective|p1a: Enamorus
|-damage|p1a: Enamorus|0 fnt
|faint|p1a: Enamorus
|
|win|dia90
|raw|Kaleor's rating: 1662 &rarr; <strong>1639</strong><br />(-23 for losing)
|raw|dia90's rating: 1618 &rarr; <strong>1641</strong><br />(+23 for winning)
|l|☆Kaleor
|player|p1|
