|badge|p1|bronze|gen9ubers|100-7
|uhtml|medal-msg|<div class="broadcast-blue">Curious what those medals under the avatar are? PS now has Ladder Seasons! For more information, check out the <a href="https://www.smogon.com/forums/threads/3740067/">thread on Smogon.</a></div>
|j|☆Nikator98
|j|☆jeffbuckleyenjoyer
|t:|1760734209
|gametype|singles
|player|p1|Nikator98|giovanni|1635
|player|p2|jeffbuckleyenjoyer|nurse|1675
|gen|9
|tier|[Gen 9] OU
|rated|
|rule|HP Percentage Mod: HP is shown in percentages
|rule|Endless Battle Clause: Forcing endless battles is banned
|rule|Species Clause: Limit one of each Pokémon
|rule|OHKO Clause: OHKO moves are banned
|rule|Evasion Items Clause: Evasion items are banned
|rule|Evasion Moves Clause: Evasion moves are banned
|rule|Evasion Abilities Clause: Evasion abilities are banned
|rule|Sleep Moves Clause: Sleep-inducing moves are banned
|clearpoke
|poke|p1|Metagross|
|poke|p1|Great Tusk|
|poke|p1|Haxorus, M|
|poke|p1|Iron Moth|
|poke|p1|Zoroark-Hisui, M|
|poke|p1|Ninetales-Alola, F|
|poke|p2|Kyurem|
|poke|p2|Landorus-Therian, M|
|poke|p2|Ogerpon-Wellspring, F|
|poke|p2|Hatterene, F|
|poke|p2|Zamazenta-*|
|poke|p2|Kingambit, F|
|teampreview
|inactive|Battle timer is ON: inactive players will automatically lose when time's up. (requested by jeffbuckleyenjoyer)
|
|t:|1760734233
|teamsize|p1|6
|teamsize|p2|6
|start
|switch|p1a: Kumaryia|Great Tusk, shiny|100/100
|switch|p2a: Hatterene|Hatterene, F|100/100
|turn|1
|
|t:|1760734255
|move|p1a: Kumaryia|Bitter Malice|p2a: Hatterene
|-supereffective|p2a: Hatterene
|-damage|p2a: Hatterene|0 fnt
|faint|p2a: Hatterene
|
|upkeep
|
|t:|1760734261
|switch|p2a: Kingambit|Kingambit, F|100/100
|-activate|p2a: Kingambit|ability: Supreme Overlord
|-start|p2a: Kingambit|fallen1|[silent]
|turn|2
|
|t:|1760734265
|switch|p1a: Kumaryia|Great Tusk, shiny|100/100
|move|p2a: Kingambit|Swords Dance|p2a: Kingambit
|-boost|p2a: Kingambit|atk|2
|
|upkeep
|turn|3
|
|t:|1760734273
|move|p1a: Kumaryia|Knock Off|p2a: Kingambit
|-resisted|p2a: Kingambit
|-damage|p2a: Kingambit|87/100
|-enditem|p2a: Kingambit|Leftovers|[from] move: Knock Off|[of] p1a: Kumaryia
|move|p2a: Kingambit|Low Kick|p1a: Kumaryia
|-damage|p1a: Kumaryia|27/100
|
|upkeep
|turn|4
|
|t:|1760734282
|move|p2a: Kingambit|Sucker Punch|p1a: Kumaryia
|-resisted|p1a: Kumaryia
|-damage|p1a: Kumaryia|0 fnt
|faint|p1a: Kumaryia
|-end|p1a: Kumaryia|Protosynthesis|[silent]
|
|upkeep
|
|t:|1760734289
|switch|p1a: Asfaloth|Ninetales-Alola, F, shiny|100/100
|-weather|Snowscape|[from] ability: Snow Warning|[of] p1a: Asfaloth
|turn|5
|
|t:|1760734296
|-end|p2a: Kingambit|fallen1|[silent]
|switch|p2a: Zamazenta|Zamazenta|100/100
|-ability|p2a: Zamazenta|Dauntless Shield|boost
|-boost|p2a: Zamazenta|def|1
|move|p1a: Asfaloth|Encore||[still]
|-fail|p1a: Asfaloth
|
|-weather|Snowscape|[upkeep]
|upkeep
|turn|6
|
|t:|1760734303
|switch|p1a: Arquillian Sentry|Metagross|100/100
|move|p2a: Zamazenta|Heavy Slam|p1a: Arquillian Sentry
|-resisted|p1a: Arquillian Sentry
|-damage|p1a: Arquillian Sentry|95/100
|
|-weather|Snowscape|[upkeep]
|upkeep
|turn|7
|
|t:|1760734311
|move|p2a: Zamazenta|Crunch|p1a: Arquillian Sentry
|-supereffective|p1a: Arquillian Sentry
|-damage|p1a: Arquillian Sentry|51/100
|move|p1a: Arquillian Sentry|Stealth Rock|p2a: Zamazenta
|-sidestart|p2: jeffbuckleyenjoyer|move: Stealth Rock
|
|-weather|Snowscape|[upkeep]
|upkeep
|turn|8
|
|t:|1760734319
|move|p2a: Zamazenta|Crunch|p1a: Arquillian Sentry
|-supereffective|p1a: Arquillian Sentry
|-damage|p1a: Arquillian Sentry|12/100
|move|p1a: Arquillian Sentry|Psychic Fangs|p2a: Zamazenta
|-supereffective|p2a: Zamazenta
|-damage|p2a: Zamazenta|36/100
|
|-weather|Snowscape|[upkeep]
|upkeep
|turn|9
|-enditem|p1a: Arquillian Sentry|Custap Berry|[eat]
|-activate|p1a: Arquillian Sentry|item: Custap Berry|[consumed]
|
|t:|1760734325
|move|p1a: Arquillian Sentry|Psychic Fangs|p2a: Zamazenta
|-supereffective|p2a: Zamazenta
|-damage|p2a: Zamazenta|0 fnt
|faint|p2a: Zamazenta
|
|-weather|none
|upkeep
|
|t:|1760734329
|switch|p2a: Landorus|Landorus-Therian, M|100/100
|-damage|p2a: Landorus|88/100|[from] Stealth Rock
|-ability|p2a: Landorus|Intimidate|boost
|-fail|p1a: Arquillian Sentry|unboost|[from] ability: Clear Body|[of] p1a: Arquillian Sentry
|turn|10
|
|t:|1760734336
|move|p2a: Landorus|Stealth Rock|p1a: Arquillian Sentry
|-sidestart|p1: Nikator98|move: Stealth Rock
|move|p1a: Arquillian Sentry|Explosion|p2a: Landorus
|-damage|p2a: Landorus|0 fnt
|faint|p1a: Arquillian Sentry
|faint|p2a: Landorus
|
|upkeep
|
|t:|1760734357
|switch|p2a: Ogerpon|Ogerpon-Wellspring, F|100/100
|switch|p1a: Lacelle|Haxorus, M|100/100
|-damage|p2a: Ogerpon|88/100|[from] Stealth Rock
|-damage|p1a: Lacelle|88/100|[from] Stealth Rock
|-ability|p1a: Lacelle|Mold Breaker
|turn|11
|
|t:|1760734365
|move|p2a: Ogerpon|U-turn|p1a: Lacelle
|-damage|p1a: Lacelle|55/100
|
|t:|1760734367
|switch|p2a: Kingambit|Kingambit, F|87/100|[from] U-turn
|-damage|p2a: Kingambit|81/100|[from] Stealth Rock
|-activate|p2a: Kingambit|ability: Supreme Overlord
|-start|p2a: Kingambit|fallen3|[silent]
|move|p1a: Lacelle|Scale Shot|p2a: Kingambit
|-resisted|p2a: Kingambit
|-damage|p2a: Kingambit|75/100
|-resisted|p2a: Kingambit
|-damage|p2a: Kingambit|70/100
|-resisted|p2a: Kingambit
|-damage|p2a: Kingambit|65/100
|-resisted|p2a: Kingambit
|-damage|p2a: Kingambit|60/100
|-resisted|p2a: Kingambit
|-damage|p2a: Kingambit|54/100
|-hitcount|p2a: Kingambit|5
|-unboost|p1a: Lacelle|def|1
|-boost|p1a: Lacelle|spe|1
|
|upkeep
|turn|12
|
|t:|1760734385
|move|p1a: Lacelle|Close Combat|p2a: Kingambit
|-supereffective|p2a: Kingambit
|-damage|p2a: Kingambit|0 fnt
|-unboost|p1a: Lacelle|def|1
|-unboost|p1a: Lacelle|spd|1
|faint|p2a: Kingambit
|-end|p2a: Kingambit|fallen3|[silent]
|
|upkeep
|
|t:|1760734400
|switch|p2a: Ogerpon|Ogerpon-Wellspring, F|88/100
|-damage|p2a: Ogerpon|76/100|[from] Stealth Rock
|turn|13
|
|t:|1760734404
|move|p1a: Lacelle|Scale Shot|p2a: Ogerpon
|-damage|p2a: Ogerpon|57/100
|-damage|p2a: Ogerpon|36/100
|-damage|p2a: Ogerpon|16/100
|-damage|p2a: Ogerpon|0 fnt
|faint|p2a: Ogerpon
|-hitcount|p2: Ogerpon|4
|-unboost|p1a: Lacelle|def|1
|-boost|p1a: Lacelle|spe|1
|
|upkeep
|
|t:|1760734407
|switch|p2a: Kyurem|Kyurem|100/100
|-damage|p2a: Kyurem|76/100|[from] Stealth Rock
|-ability|p2a: Kyurem|Pressure
|turn|14
|
|t:|1760734418
|-terastallize|p2a: Kyurem|Fire
|move|p1a: Lacelle|Scale Shot|p2a: Kyurem
|-damage|p2a: Kyurem|63/100
|-damage|p2a: Kyurem|48/100
|-damage|p2a: Kyurem|34/100
|-damage|p2a: Kyurem|21/100
|-damage|p2a: Kyurem|7/100
|-hitcount|p2a: Kyurem|5
|-unboost|p1a: Lacelle|def|1
|-boost|p1a: Lacelle|spe|1
|move|p2a: Kyurem|Scale Shot|p1a: Lacelle
|-supereffective|p1a: Lacelle
|-damage|p1a: Lacelle|0 fnt
|faint|p1a: Lacelle
|-hitcount|p1: Lacelle|1
|-unboost|p2a: Kyurem|def|1
|-boost|p2a: Kyurem|spe|1
|
|upkeep
|-message|jeffbuckleyenjoyer forfeited.
|
|win|Nikator98
|raw|Nikator98's rating: 1635 &rarr; <strong>1657</strong><br />(+22 for winning)
|raw|jeffbuckleyenjoyer's rating: 1675 &rarr; <strong>1653</strong><br />(-22 for losing)
|l|☆jeffbuckleyenjoyer
|player|p2|
