|j|☆remmyymmer
|j|☆UnaQuags Wooper
|t:|1760832569
|gametype|singles
|player|p1|remmyymmer|miku-ghost|1599
|player|p2|UnaQuags Wooper|blackbelt-gen4dp|1664
|gen|9
|tier|[Gen 9] OU
|rated|
|rule|HP Percentage Mod: HP is shown in percentages
|rule|Endless Battle Clause: Forcing endless battles is banned
|rule|Species Clause: Limit one of each Pokémon
|rule|OHKO Clause: OHKO moves are banned
|rule|Evasion Items Clause: Evasion items are banned
|rule|Evasion Moves Clause: Evasion moves are banned
|rule|Evasion Abilities Clause: Evasion abilities are banned
|rule|Sleep Moves Clause: Sleep-inducing moves are banned
|clearpoke
|poke|p1|Tyranitar, M|
|poke|p1|Excadrill, M|
|poke|p1|Kingambit, M|
|poke|p1|Garchomp, M|
|poke|p1|Pecharunt|
|poke|p1|Rotom-Wash|
|poke|p2|Zamazenta-*|
|poke|p2|Ninetales-Alola, F|
|poke|p2|Darkrai|
|poke|p2|Ceruledge, M|
|poke|p2|Gliscor, M|
|poke|p2|Hatterene, F|
|teampreview
|inactive|Battle timer is ON: inactive players will automatically lose when time's up. (requested by remmyymmer)
|inactive|UnaQuags Wooper has 120 seconds left.
|
|t:|1760832613
|teamsize|p1|6
|teamsize|p2|6
|start
|switch|p1a: Tyranitar|Tyranitar, M|100/100
|switch|p2a: Darkrai|Darkrai|100/100
|-weather|Sandstorm|[from] ability: Sand Stream|[of] p1a: Tyranitar
|turn|1
|
|t:|1760832629
|move|p2a: Darkrai|Focus Blast|p1a: Tyranitar
|-supereffective|p1a: Tyranitar
|-damage|p1a: Tyranitar|24/100
|move|p1a: Tyranitar|Stealth Rock|p2a: Darkrai
|-sidestart|p2: UnaQuags Wooper|move: Stealth Rock
|
|-weather|Sandstorm|[upkeep]
|-damage|p2a: Darkrai|94/100|[from] Sandstorm
|-heal|p2a: Darkrai|100/100|[from] item: Leftovers
|upkeep
|turn|2
|
|t:|1760832657
|switch|p2a: Zamazenta|Zamazenta|100/100
|-damage|p2a: Zamazenta|94/100|[from] Stealth Rock
|-ability|p2a: Zamazenta|Dauntless Shield|boost
|-boost|p2a: Zamazenta|def|1
|move|p1a: Tyranitar|Thunder Wave|p2a: Zamazenta
|-status|p2a: Zamazenta|par
|
|-weather|Sandstorm|[upkeep]
|-damage|p2a: Zamazenta|88/100 par|[from] Sandstorm
|upkeep
|turn|3
|
|t:|1760832669
|switch|p2a: Darkrai|Darkrai|100/100
|-damage|p2a: Darkrai|88/100|[from] Stealth Rock
|move|p1a: Tyranitar|Knock Off|p2a: Darkrai
|-resisted|p2a: Darkrai
|-damage|p2a: Darkrai|59/100
|-enditem|p2a: Darkrai|Leftovers|[from] move: Knock Off|[of] p1a: Tyranitar
|
|-weather|Sandstorm|[upkeep]
|-damage|p2a: Darkrai|53/100|[from] Sandstorm
|upkeep
|turn|4
|
|t:|1760832678
|move|p2a: Darkrai|Focus Blast|p1a: Tyranitar
|-supereffective|p1a: Tyranitar
|-damage|p1a: Tyranitar|0 fnt
|faint|p1a: Tyranitar
|
|-weather|Sandstorm|[upkeep]
|-damage|p2a: Darkrai|47/100|[from] Sandstorm
|upkeep
|
|t:|1760832681
|switch|p1a: Excadrill|Excadrill, M|100/100
|turn|5
|
|t:|1760832688
|switch|p2a: Gliscor|Gliscor, M|100/100
|-damage|p2a: Gliscor|88/100|[from] Stealth Rock
|move|p1a: Excadrill|Earthquake|p2a: Gliscor
|-immune|p2a: Gliscor
|
|-weather|Sandstorm|[upkeep]
|-status|p2a: Gliscor|tox|[from] item: Toxic Orb
|upkeep
|turn|6
|
|t:|1760832699
|switch|p1a: Pecharunt|Pecharunt|100/100
|-item|p1a: Pecharunt|Air Balloon
|move|p2a: Gliscor|Swords Dance|p2a: Gliscor
|-boost|p2a: Gliscor|atk|2
|
|-weather|Sandstorm|[upkeep]
|-damage|p1a: Pecharunt|94/100|[from] Sandstorm
|-heal|p2a: Gliscor|100/100 tox|[from] ability: Poison Heal
|upkeep
|turn|7
|
|t:|1760832710
|switch|p2a: Zamazenta|Zamazenta|88/100 par
|-damage|p2a: Zamazenta|82/100 par|[from] Stealth Rock
|move|p1a: Pecharunt|Parting Shot|p2a: Zamazenta
|-unboost|p2a: Zamazenta|atk|1
|-unboost|p2a: Zamazenta|spa|1
|
|t:|1760832721
|switch|p1a: Garchomp|Garchomp, M|100/100|[from] Parting Shot
|
|-weather|Sandstorm|[upkeep]
|-damage|p2a: Zamazenta|76/100 par|[from] Sandstorm
|upkeep
|turn|8
|
|t:|1760832728
|switch|p2a: Hatterene|Hatterene, F|100/100
|-damage|p2a: Hatterene|88/100|[from] Stealth Rock
|move|p1a: Garchomp|Swords Dance|p1a: Garchomp
|-boost|p1a: Garchomp|atk|2
|
|-weather|none
|-heal|p2a: Hatterene|94/100|[from] item: Leftovers
|upkeep
|turn|9
|
|t:|1760832736
|move|p1a: Garchomp|Earthquake|p2a: Hatterene
|-damage|p2a: Hatterene|7/100
|move|p2a: Hatterene|Draining Kiss|p1a: Garchomp
|-supereffective|p1a: Garchomp
|-damage|p1a: Garchomp|48/100
|-heal|p2a: Hatterene|51/100|[from] drain|[of] p1a: Garchomp
|-damage|p2a: Hatterene|39/100|[from] ability: Rough Skin|[of] p1a: Garchomp
|
|-heal|p2a: Hatterene|45/100|[from] item: Leftovers
|upkeep
|turn|10
|
|t:|1760832741
|move|p1a: Garchomp|Earthquake|p2a: Hatterene
|-damage|p2a: Hatterene|0 fnt
|faint|p2a: Hatterene
|
|upkeep
|
|t:|1760832743
|switch|p2a: Ninetales|Ninetales-Alola, F|100/100
|-damage|p2a: Ninetales|76/100|[from] Stealth Rock
|-weather|Snowscape|[from] ability: Snow Warning|[of] p2a: Ninetales
|turn|11
|
|t:|1760832753
|switch|p1a: Pecharunt|Pecharunt|94/100
|-item|p1a: Pecharunt|Air Balloon
|move|p2a: Ninetales|Aurora Veil|p2a: Ninetales
|-sidestart|p2: UnaQuags Wooper|move: Aurora Veil
|
|-weather|Snowscape|[upkeep]
|upkeep
|turn|12
|
|t:|1760832756
|move|p2a: Ninetales|Freeze-Dry|p1a: Pecharunt
|-damage|p1a: Pecharunt|75/100
|-enditem|p1a: Pecharunt|Air Balloon
|move|p1a: Pecharunt|Parting Shot|p2a: Ninetales
|-unboost|p2a: Ninetales|atk|1
|-unboost|p2a: Ninetales|spa|1
|
|t:|1760832760
|switch|p1a: Excadrill|Excadrill, M|100/100|[from] Parting Shot
|
|-weather|Snowscape|[upkeep]
|upkeep
|turn|13
|
|t:|1760832766
|switch|p2a: Gliscor|Gliscor, M|100/100 tox
|-damage|p2a: Gliscor|88/100 tox|[from] Stealth Rock
|switch|p1a: Rotom|Rotom-Wash|100/100
|
|-weather|Snowscape|[upkeep]
|-heal|p2a: Gliscor|100/100 tox|[from] ability: Poison Heal
|upkeep
|turn|14
|
|t:|1760832773
|-terastallize|p2a: Gliscor|Normal
|move|p2a: Gliscor|Swords Dance|p2a: Gliscor
|-boost|p2a: Gliscor|atk|2
|move|p1a: Rotom|Hydro Pump|p2a: Gliscor
|-damage|p2a: Gliscor|77/100 tox
|
|-weather|Snowscape|[upkeep]
|-heal|p2a: Gliscor|90/100 tox|[from] ability: Poison Heal
|upkeep
|turn|15
|
|t:|1760832787
|move|p2a: Gliscor|Swords Dance|p2a: Gliscor
|-boost|p2a: Gliscor|atk|2
|move|p1a: Rotom|Volt Switch|p2a: Gliscor
|-damage|p2a: Gliscor|77/100 tox
|
|t:|1760832793
|switch|p1a: Excadrill|Excadrill, M|100/100|[from] Volt Switch
|
|-weather|none
|-heal|p2a: Gliscor|89/100 tox|[from] ability: Poison Heal
|upkeep
|turn|16
|
|t:|1760832797
|move|p1a: Excadrill|Earthquake|p2a: Gliscor
|-damage|p2a: Gliscor|58/100 tox
|-damage|p1a: Excadrill|91/100|[from] item: Life Orb
|move|p2a: Gliscor|Agility|p2a: Gliscor
|-boost|p2a: Gliscor|spe|2
|
|-heal|p2a: Gliscor|71/100 tox|[from] ability: Poison Heal
|upkeep
|turn|17
|
|t:|1760832801
|move|p2a: Gliscor|Earthquake|p1a: Excadrill
|-supereffective|p1a: Excadrill
|-damage|p1a: Excadrill|0 fnt
|faint|p1a: Excadrill
|
|-heal|p2a: Gliscor|83/100 tox|[from] ability: Poison Heal
|upkeep
|-message|remmyymmer forfeited.
|
|win|UnaQuags Wooper
|raw|remmyymmer's rating: 1599 &rarr; <strong>1583</strong><br />(-16 for losing)
|raw|UnaQuags Wooper's rating: 1664 &rarr; <strong>1680</strong><br />(+16 for winning)
|l|☆remmyymmer
|player|p1|
|l|☆UnaQuags Wooper
|player|p2|
