|j|☆wanghaoling8
|j|☆himal_ad321
|t:|1760786353
|gametype|singles
|player|p1|wanghaoling8|dawn|1343
|player|p2|himal_ad321|cynthia|1292
|gen|9
|tier|[Gen 9] OU
|rated|
|rule|HP Percentage Mod: HP is shown in percentages
|rule|Endless Battle Clause: Forcing endless battles is banned
|rule|Species Clause: Limit one of each Pokémon
|rule|OHKO Clause: OHKO moves are banned
|rule|Evasion Items Clause: Evasion items are banned
|rule|Evasion Moves Clause: Evasion moves are banned
|rule|Evasion Abilities Clause: Evasion abilities are banned
|rule|Sleep Moves Clause: Sleep-inducing moves are banned
|clearpoke
|poke|p1|Bronzong|
|poke|p1|Ursaluna, M|
|poke|p1|Hatterene, F|
|poke|p1|Armarouge, F|
|poke|p1|Dragonite, F|
|poke|p1|Iron Hands|
|poke|p2|Arcanine-Hisui, M|
|poke|p2|Darkrai|
|poke|p2|Great Tusk|
|poke|p2|Hatterene, F|
|poke|p2|Ogerpon-Wellspring, F|
|poke|p2|Zapdos|
|teampreview
|inactive|Battle timer is ON: inactive players will automatically lose when time's up. (requested by wanghaoling8)
|inactive|himal_ad321 has 120 seconds left.
|l|☆wanghaoling8
|inactive|wanghaoling8 disconnected and has a minute to reconnect!
|player|p1|
|j|☆wanghaoling8
|inactive|wanghaoling8 reconnected.
|player|p1|wanghaoling8|dawn|
|
|t:|1760786410
|teamsize|p1|6
|teamsize|p2|6
|start
|switch|p1a: Bronzong|Bronzong, shiny|100/100
|switch|p2a: Ogerpon|Ogerpon-Wellspring, F|100/100
|turn|1
|
|t:|1760786417
|move|p2a: Ogerpon|Knock Off|p1a: Bronzong
|-supereffective|p1a: Bronzong
|-damage|p1a: Bronzong|43/100
|-enditem|p1a: Bronzong|Mental Herb|[from] move: Knock Off|[of] p2a: Ogerpon
|move|p1a: Bronzong|Stealth Rock|p2a: Ogerpon
|-sidestart|p2: himal_ad321|move: Stealth Rock
|
|upkeep
|turn|2
|
|t:|1760786422
|move|p2a: Ogerpon|Spikes|p1a: Bronzong
|-sidestart|p1: wanghaoling8|Spikes
|move|p1a: Bronzong|Trick Room|p1a: Bronzong
|-fieldstart|move: Trick Room|[of] p1a: Bronzong
|
|upkeep
|turn|3
|
|t:|1760786427
|move|p1a: Bronzong|Steel Beam|p2a: Ogerpon
|-resisted|p2a: Ogerpon
|-damage|p2a: Ogerpon|77/100
|-damage|p1a: Bronzong|0 fnt|[from] steelbeam
|faint|p1a: Bronzong
|move|p2a: Ogerpon|Spikes|p1: Bronzong
|-sidestart|p1: wanghaoling8|Spikes
|
|upkeep
|
|t:|1760786442
|switch|p1a: Hatterene|Hatterene, F|100/100
|-damage|p1a: Hatterene|84/100|[from] Spikes
|turn|4
|
|t:|1760786451
|move|p1a: Hatterene|Psyshock|p2a: Ogerpon
|-damage|p2a: Ogerpon|0 fnt
|faint|p2a: Ogerpon
|-damage|p1a: Hatterene|74/100|[from] item: Life Orb
|
|upkeep
|inactive|himal_ad321 has 120 seconds left.
|
|t:|1760786488
|switch|p2a: Zapdos|Zapdos|100/100
|turn|5
|
|t:|1760786491
|move|p1a: Hatterene|Misty Explosion|p2a: Zapdos
|-damage|p2a: Zapdos|28/100
|faint|p1a: Hatterene
|move|p2a: Zapdos|Thunder Wave|p1: Hatterene|[notarget]
|-fail|p2a: Zapdos
|
|upkeep
|
|t:|1760786497
|switch|p1a: Ursaluna|Ursaluna, M, shiny|100/100
|-damage|p1a: Ursaluna|84/100|[from] Spikes
|turn|6
|
|t:|1760786504
|move|p1a: Ursaluna|Facade|p2a: Zapdos
|-damage|p2a: Zapdos|0 fnt
|faint|p2a: Zapdos
|
|-fieldend|move: Trick Room
|-status|p1a: Ursaluna|brn|[from] item: Flame Orb
|upkeep
|inactive|himal_ad321 has 120 seconds left.
|
|t:|1760786537
|switch|p2a: Great Tusk|Great Tusk|100/100
|-damage|p2a: Great Tusk|98/100|[from] Stealth Rock
|turn|7
|
|t:|1760786546
|move|p2a: Great Tusk|Ice Spinner|p1a: Ursaluna
|-supereffective|p1a: Ursaluna
|-damage|p1a: Ursaluna|45/100 brn
|move|p1a: Ursaluna|Play Rough|p2a: Great Tusk
|-supereffective|p2a: Great Tusk
|-damage|p2a: Great Tusk|24/100
|-damage|p1a: Ursaluna|28/100 brn|[from] item: Rocky Helmet|[of] p2a: Great Tusk
|
|-damage|p1a: Ursaluna|22/100 brn|[from] brn
|upkeep
|turn|8
|inactive|himal_ad321 has 120 seconds left.
|
|t:|1760786565
|switch|p1a: Iron Hands|Iron Hands|100/100
|-damage|p1a: Iron Hands|84/100|[from] Spikes
|-enditem|p1a: Iron Hands|Booster Energy
|-activate|p1a: Iron Hands|ability: Quark Drive|[fromitem]
|-start|p1a: Iron Hands|quarkdriveatk
|move|p2a: Great Tusk|Rapid Spin|p1a: Iron Hands
|-damage|p1a: Iron Hands|73/100
|-boost|p2a: Great Tusk|spe|1
|-sideend|p2: himal_ad321|Stealth Rock|[from] move: Rapid Spin|[of] p2a: Great Tusk
|
|upkeep
|turn|9
|
|t:|1760786578
|move|p2a: Great Tusk|Headlong Rush|p1a: Iron Hands
|-supereffective|p1a: Iron Hands
|-damage|p1a: Iron Hands|0 fnt
|-unboost|p2a: Great Tusk|def|1
|-unboost|p2a: Great Tusk|spd|1
|faint|p1a: Iron Hands
|-end|p1a: Iron Hands|Quark Drive|[silent]
|
|upkeep
|
|t:|1760786582
|switch|p1a: Dragonite|Dragonite, F|100/100
|turn|10
|inactive|himal_ad321 has 120 seconds left.
|
|t:|1760786594
|move|p2a: Great Tusk|Ice Spinner|p1a: Dragonite
|-supereffective|p1a: Dragonite
|-damage|p1a: Dragonite|41/100
|move|p1a: Dragonite|Earthquake|p2a: Great Tusk
|-damage|p2a: Great Tusk|0 fnt
|faint|p2a: Great Tusk
|-end|p2a: Great Tusk|Protosynthesis|[silent]
|
|upkeep
|inactive|himal_ad321 has 90 seconds left.
|inactive|himal_ad321 has 60 seconds left.
|
|t:|1760786663
|switch|p2a: Darkrai|Darkrai|100/100
|turn|11
|inactive|himal_ad321 has 60 seconds left.
|
|t:|1760786681
|move|p2a: Darkrai|Ice Beam|p1a: Dragonite
|-supereffective|p1a: Dragonite
|-damage|p1a: Dragonite|0 fnt
|faint|p1a: Dragonite
|
|upkeep
|l|☆wanghaoling8
|inactive|wanghaoling8 disconnected and has a minute to reconnect!
|player|p1|
|j|☆wanghaoling8
|inactive|wanghaoling8 reconnected and has 125 seconds left.
|player|p1|wanghaoling8|dawn|
|inactive|wanghaoling8 has 120 seconds left.
|-message|wanghaoling8 forfeited.
|
|win|himal_ad321
|raw|wanghaoling8's rating: 1343 &rarr; <strong>1320</strong><br />(-23 for losing)
|raw|himal_ad321's rating: 1292 &rarr; <strong>1321</strong><br />(+29 for winning)
|l|☆wanghaoling8
|player|p1|
|l|☆himal_ad321
|player|p2|
