|j|☆xail44
|j|☆lllllyu
|t:|1760868730
|gametype|singles
|player|p1|xail44|265|1153
|player|p2|lllllyu|n|1150
|gen|9
|tier|[Gen 9] OU
|rated|
|rule|HP Percentage Mod: HP is shown in percentages
|rule|Endless Battle Clause: Forcing endless battles is banned
|rule|Species Clause: Limit one of each Pokémon
|rule|OHKO Clause: OHKO moves are banned
|rule|Evasion Items Clause: Evasion items are banned
|rule|Evasion Moves Clause: Evasion moves are banned
|rule|Evasion Abilities Clause: Evasion abilities are banned
|rule|Sleep Moves Clause: Sleep-inducing moves are banned
|clearpoke
|poke|p1|Empoleon, F|
|poke|p1|Shiftry, M|
|poke|p1|Alomomola, M|
|poke|p1|Hitmontop, M|
|poke|p1|Swalot, M|
|poke|p1|Landorus-Therian, M|
|poke|p2|Pelipper, M|
|poke|p2|Barraskewda, M|
|poke|p2|Raging Bolt|
|poke|p2|Hoopa-Unbound|
|poke|p2|Landorus-Therian, M|
|poke|p2|Blissey, F|
|teampreview
|inactive|Battle timer is ON: inactive players will automatically lose when time's up. (requested by xail44)
|
|t:|1760868742
|teamsize|p1|6
|teamsize|p2|6
|start
|switch|p1a: Landorus|Landorus-Therian, M|100/100
|switch|p2a: Pelipper|Pelipper, M, shiny|100/100
|-ability|p1a: Landorus|Intimidate|boost
|-unboost|p2a: Pelipper|atk|1
|-weather|RainDance|[from] ability: Drizzle|[of] p2a: Pelipper
|turn|1
|
|t:|1760868753
|move|p1a: Landorus|Stealth Rock|p2a: Pelipper
|-sidestart|p2: lllllyu|move: Stealth Rock
|move|p2a: Pelipper|Weather Ball|p1a: Landorus
|-supereffective|p1a: Landorus
|-damage|p1a: Landorus|1/100
|
|-weather|RainDance|[upkeep]
|upkeep
|turn|2
|
|t:|1760868763
|move|p1a: Landorus|U-turn|p2a: Pelipper
|-resisted|p2a: Pelipper
|-damage|p2a: Pelipper|93/100
|
|t:|1760868767
|switch|p1a: Alomomola|Alomomola, M|100/100|[from] U-turn
|move|p2a: Pelipper|U-turn|p1a: Alomomola
|-damage|p1a: Alomomola|97/100
|
|t:|1760868773
|switch|p2a: Raging Bolt|Raging Bolt|100/100|[from] U-turn
|-damage|p2a: Raging Bolt|88/100|[from] Stealth Rock
|-enditem|p2a: Raging Bolt|Booster Energy
|-activate|p2a: Raging Bolt|ability: Protosynthesis|[fromitem]
|-start|p2a: Raging Bolt|protosynthesisspa
|
|-weather|RainDance|[upkeep]
|-heal|p1a: Alomomola|100/100|[from] item: Leftovers
|upkeep
|turn|3
|
|t:|1760868784
|switch|p1a: Landorus|Landorus-Therian, M|1/100
|-ability|p1a: Landorus|Intimidate|boost
|-unboost|p2a: Raging Bolt|atk|1
|move|p2a: Raging Bolt|Weather Ball|p1a: Landorus
|-supereffective|p1a: Landorus
|-damage|p1a: Landorus|0 fnt
|faint|p1a: Landorus
|
|-weather|RainDance|[upkeep]
|upkeep
|
|t:|1760868798
|switch|p1a: Shiftry|Shiftry, M|100/100
|turn|4
|
|t:|1760868811
|-end|p2a: Raging Bolt|Protosynthesis|[silent]
|switch|p2a: Blissey|Blissey, F, shiny|100/100
|-damage|p2a: Blissey|88/100|[from] Stealth Rock
|move|p1a: Shiftry|Tailwind|p1a: Shiftry
|-sidestart|p1: xail44|move: Tailwind
|-ability|p1a: Shiftry|Wind Rider|boost
|-boost|p1a: Shiftry|atk|1
|
|-weather|RainDance|[upkeep]
|-heal|p2a: Blissey|94/100|[from] item: Leftovers
|upkeep
|turn|5
|
|t:|1760868822
|move|p1a: Shiftry|Knock Off|p2a: Blissey
|-damage|p2a: Blissey|36/100
|-enditem|p2a: Blissey|Leftovers|[from] move: Knock Off|[of] p1a: Shiftry
|move|p2a: Blissey|Seismic Toss|p1a: Shiftry
|-damage|p1a: Shiftry|69/100
|
|-weather|RainDance|[upkeep]
|upkeep
|turn|6
|
|t:|1760868830
|move|p1a: Shiftry|Leaf Blade|p2a: Blissey
|-damage|p2a: Blissey|0 fnt
|faint|p2a: Blissey
|
|-weather|RainDance|[upkeep]
|upkeep
|
|t:|1760868836
|switch|p2a: Landorus|Landorus-Therian, M, shiny|100/100
|-damage|p2a: Landorus|88/100|[from] Stealth Rock
|-ability|p2a: Landorus|Intimidate|boost
|-unboost|p1a: Shiftry|atk|1
|turn|7
|
|t:|1760868843
|move|p1a: Shiftry|Knock Off|p2a: Landorus
|-damage|p2a: Landorus|38/100
|-enditem|p2a: Landorus|Choice Scarf|[from] move: Knock Off|[of] p1a: Shiftry
|move|p2a: Landorus|Sandsear Storm|p1a: Shiftry
|-ability|p1a: Shiftry|Wind Rider|boost
|-boost|p1a: Shiftry|atk|1
|
|-weather|RainDance|[upkeep]
|-sideend|p1: xail44|move: Tailwind
|upkeep
|turn|8
|
|t:|1760868858
|move|p1a: Shiftry|Tailwind|p1a: Shiftry
|-sidestart|p1: xail44|move: Tailwind
|-ability|p1a: Shiftry|Wind Rider|boost
|-boost|p1a: Shiftry|atk|1
|move|p2a: Landorus|Grass Knot|p1a: Shiftry
|-resisted|p1a: Shiftry
|-damage|p1a: Shiftry|47/100
|
|-weather|none
|upkeep
|turn|9
|
|t:|1760868880
|move|p1a: Shiftry|Leaf Blade|p2a: Landorus
|-damage|p2a: Landorus|0 fnt
|faint|p2a: Landorus
|
|upkeep
|inactive|lllllyu has 120 seconds left.
|
|t:|1760868902
|switch|p2a: Hoopa|Hoopa-Unbound|100/100
|-damage|p2a: Hoopa|88/100|[from] Stealth Rock
|turn|10
|
|t:|1760868926
|move|p1a: Shiftry|Leaf Blade|p2a: Hoopa
|-damage|p2a: Hoopa|0 fnt
|faint|p2a: Hoopa
|
|upkeep
|
|t:|1760868934
|switch|p2a: Pelipper|Pelipper, M, shiny|93/100
|-damage|p2a: Pelipper|69/100|[from] Stealth Rock
|-weather|RainDance|[from] ability: Drizzle|[of] p2a: Pelipper
|turn|11
|inactive|lllllyu has 120 seconds left.
|
|t:|1760868945
|move|p1a: Shiftry|Leaf Blade|p2a: Pelipper
|-crit|p2a: Pelipper
|-damage|p2a: Pelipper|0 fnt
|faint|p2a: Pelipper
|
|-weather|RainDance|[upkeep]
|-sideend|p1: xail44|move: Tailwind
|upkeep
|
|t:|1760868952
|switch|p2a: Barraskewda|Barraskewda, M, shiny|100/100
|-damage|p2a: Barraskewda|88/100|[from] Stealth Rock
|turn|12
|
|t:|1760868960
|switch|p1a: Alomomola|Alomomola, M|100/100
|move|p2a: Barraskewda|Close Combat|p1a: Alomomola
|-damage|p1a: Alomomola|63/100
|-unboost|p2a: Barraskewda|def|1
|-unboost|p2a: Barraskewda|spd|1
|
|-weather|RainDance|[upkeep]
|-heal|p1a: Alomomola|70/100|[from] item: Leftovers
|upkeep
|turn|13
|
|t:|1760868971
|switch|p2a: Raging Bolt|Raging Bolt|88/100
|-damage|p2a: Raging Bolt|76/100|[from] Stealth Rock
|move|p1a: Alomomola|Wish|p1a: Alomomola
|
|-weather|RainDance|[upkeep]
|-heal|p1a: Alomomola|76/100|[from] item: Leftovers
|upkeep
|turn|14
|
|t:|1760868982
|-terastallize|p1a: Alomomola|Grass
|move|p2a: Raging Bolt|Thunder|p1a: Alomomola
|-resisted|p1a: Alomomola
|-damage|p1a: Alomomola|36/100
|move|p1a: Alomomola|Mirror Coat|p2a: Raging Bolt
|-damage|p2a: Raging Bolt|0 fnt
|faint|p2a: Raging Bolt
|-end|p2a: Raging Bolt|Protosynthesis|[silent]
|
|-weather|RainDance|[upkeep]
|-heal|p1a: Alomomola|86/100|[from] move: Wish|[wisher] Alomomola
|-heal|p1a: Alomomola|92/100|[from] item: Leftovers
|upkeep
|c|☆xail44|hahaha
|
|t:|1760868993
|switch|p2a: Barraskewda|Barraskewda, M, shiny|88/100
|-damage|p2a: Barraskewda|76/100|[from] Stealth Rock
|turn|15
|
|t:|1760869000
|move|p2a: Barraskewda|Liquidation|p1a: Alomomola
|-resisted|p1a: Alomomola
|-damage|p1a: Alomomola|67/100
|move|p1a: Alomomola|Scald|p2a: Barraskewda
|-resisted|p2a: Barraskewda
|-damage|p2a: Barraskewda|55/100
|
|-weather|RainDance|[upkeep]
|-heal|p1a: Alomomola|73/100|[from] item: Leftovers
|upkeep
|turn|16
|
|t:|1760869009
|move|p2a: Barraskewda|Liquidation|p1a: Alomomola
|-resisted|p1a: Alomomola
|-damage|p1a: Alomomola|44/100
|move|p1a: Alomomola|Scald|p2a: Barraskewda
|-resisted|p2a: Barraskewda
|-damage|p2a: Barraskewda|33/100
|
|-weather|RainDance|[upkeep]
|-heal|p1a: Alomomola|50/100|[from] item: Leftovers
|upkeep
|turn|17
|
|t:|1760869019
|switch|p1a: Hitmontop|Hitmontop, M|100/100
|move|p2a: Barraskewda|Liquidation|p1a: Hitmontop
|-damage|p1a: Hitmontop|0 fnt
|faint|p1a: Hitmontop
|
|-weather|RainDance|[upkeep]
|upkeep
|
|t:|1760869022
|switch|p1a: Alomomola|Alomomola, M, tera:Grass|83/100
|turn|18
|
|t:|1760869028
|move|p2a: Barraskewda|Liquidation|p1a: Alomomola
|-resisted|p1a: Alomomola
|-damage|p1a: Alomomola|56/100
|move|p1a: Alomomola|Scald|p2a: Barraskewda
|-resisted|p2a: Barraskewda
|-damage|p2a: Barraskewda|9/100
|
|-weather|none
|-heal|p1a: Alomomola|62/100|[from] item: Leftovers
|upkeep
|turn|19
|
|t:|1760869037
|-terastallize|p2a: Barraskewda|Water
|move|p2a: Barraskewda|Liquidation|p1a: Alomomola
|-resisted|p1a: Alomomola
|-damage|p1a: Alomomola|36/100
|move|p1a: Alomomola|Scald|p2a: Barraskewda
|-resisted|p2a: Barraskewda
|-damage|p2a: Barraskewda|0 fnt
|faint|p2a: Barraskewda
|
|win|xail44
|raw|xail44's rating: 1153 &rarr; <strong>1178</strong><br />(+25 for winning)
|raw|lllllyu's rating: 1150 &rarr; <strong>1125</strong><br />(-25 for losing)
|l|☆xail44
|player|p1|
|l|☆lllllyu
|player|p2|
