|j|☆Argha321
|j|☆fliesofthelord
|t:|1760868829
|gametype|singles
|player|p1|Argha321|alder|1099
|player|p2|fliesofthelord|hiker|1064
|gen|9
|tier|[Gen 9] OU
|rated|
|rule|HP Percentage Mod: HP is shown in percentages
|rule|Endless Battle Clause: Forcing endless battles is banned
|rule|Species Clause: Limit one of each Pokémon
|rule|OHKO Clause: OHKO moves are banned
|rule|Evasion Items Clause: Evasion items are banned
|rule|Evasion Moves Clause: Evasion moves are banned
|rule|Evasion Abilities Clause: Evasion abilities are banned
|rule|Sleep Moves Clause: Sleep-inducing moves are banned
|clearpoke
|poke|p1|Pikachu-Original, M|
|poke|p1|Charizard, F|
|poke|p1|Infernape, M|
|poke|p1|Krookodile, F|
|poke|p1|Greninja-*, M|
|poke|p1|Lycanroc-Dusk, M|
|poke|p2|Pikachu-World, M|
|poke|p2|Garchomp, M|
|poke|p2|Goodra-Hisui, M|
|poke|p2|Dondozo, M|
|poke|p2|Great Tusk|
|poke|p2|Incineroar, M|
|teampreview
|inactive|Battle timer is ON: inactive players will automatically lose when time's up. (requested by fliesofthelord)
|
|t:|1760868853
|teamsize|p1|6
|teamsize|p2|6
|start
|switch|p1a: Infernape|Infernape, M|100/100
|switch|p2a: Incineroar|Incineroar, M|100/100
|-ability|p2a: Incineroar|Intimidate|boost
|-unboost|p1a: Infernape|atk|1
|turn|1
|
|t:|1760868871
|move|p1a: Infernape|U-turn|p2a: Incineroar
|-damage|p2a: Incineroar|86/100
|-damage|p1a: Infernape|84/100|[from] item: Rocky Helmet|[of] p2a: Incineroar
|
|t:|1760868874
|switch|p1a: Krookodile|Krookodile, F|100/100|[from] U-turn
|-ability|p1a: Krookodile|Intimidate|boost
|-unboost|p2a: Incineroar|atk|1
|move|p2a: Incineroar|Earthquake|p1a: Krookodile
|-damage|p1a: Krookodile|79/100
|
|-heal|p1a: Krookodile|85/100|[from] item: Leftovers
|upkeep
|turn|2
|
|t:|1760868882
|switch|p1a: Pikachu|Pikachu-Original, M|100/100
|move|p2a: Incineroar|Parting Shot|p1a: Pikachu
|-unboost|p1a: Pikachu|atk|1
|-unboost|p1a: Pikachu|spa|1
|
|t:|1760868887
|switch|p2a: Great Tusk|Great Tusk|100/100|[from] Parting Shot
|-enditem|p2a: Great Tusk|Booster Energy
|-activate|p2a: Great Tusk|ability: Protosynthesis|[fromitem]
|-start|p2a: Great Tusk|protosynthesisspe
|
|upkeep
|turn|3
|
|t:|1760868890
|switch|p1a: Charizard|Charizard, F|100/100
|move|p2a: Great Tusk|Headlong Rush|p1a: Charizard
|-immune|p1a: Charizard
|
|upkeep
|turn|4
|
|t:|1760868897
|-end|p2a: Great Tusk|Protosynthesis|[silent]
|switch|p2a: Incineroar|Incineroar, M|86/100
|-ability|p2a: Incineroar|Intimidate|boost
|-unboost|p1a: Charizard|atk|1
|move|p1a: Charizard|Will-O-Wisp|p2a: Incineroar|[miss]
|-miss|p1a: Charizard|p2a: Incineroar
|
|upkeep
|turn|5
|
|t:|1760868904
|move|p1a: Charizard|Scorching Sands|p2a: Incineroar
|-supereffective|p2a: Incineroar
|-damage|p2a: Incineroar|42/100
|move|p2a: Incineroar|Parting Shot|p1a: Charizard
|-unboost|p1a: Charizard|atk|1
|-unboost|p1a: Charizard|spa|1
|
|t:|1760868912
|switch|p2a: Pikachu|Pikachu-World, M|100/100|[from] Parting Shot
|
|upkeep
|turn|6
|
|t:|1760868919
|switch|p1a: Krookodile|Krookodile, F|85/100
|-ability|p1a: Krookodile|Intimidate|boost
|-unboost|p2a: Pikachu|atk|1
|move|p2a: Pikachu|Wild Charge|p1a: Krookodile
|-immune|p1a: Krookodile
|
|-heal|p1a: Krookodile|91/100|[from] item: Leftovers
|upkeep
|turn|7
|
|t:|1760868944
|move|p2a: Pikachu|Play Rough|p1a: Krookodile
|-supereffective|p1a: Krookodile
|-damage|p1a: Krookodile|41/100
|move|p1a: Krookodile|Knock Off|p2a: Pikachu
|-damage|p2a: Pikachu|0 fnt
|-enditem|p2a: Pikachu|Light Ball|[from] move: Knock Off|[of] p1a: Krookodile
|faint|p2a: Pikachu
|
|-heal|p1a: Krookodile|47/100|[from] item: Leftovers
|upkeep
|
|t:|1760868953
|switch|p2a: Garchomp|Garchomp, M|100/100
|turn|8
|
|t:|1760868958
|move|p2a: Garchomp|Brick Break|p1a: Krookodile
|-supereffective|p1a: Krookodile
|-damage|p1a: Krookodile|4/100
|move|p1a: Krookodile|Knock Off|p2a: Garchomp
|-damage|p2a: Garchomp|59/100
|-damage|p1a: Krookodile|0 fnt|[from] ability: Rough Skin|[of] p2a: Garchomp
|faint|p1a: Krookodile
|
|upkeep
|
|t:|1760868967
|switch|p1a: Charizard|Charizard, F|100/100
|turn|9
|
|t:|1760868979
|move|p2a: Garchomp|Dragon Claw|p1a: Charizard
|-damage|p1a: Charizard|49/100
|move|p1a: Charizard|Will-O-Wisp|p2a: Garchomp|[miss]
|-miss|p1a: Charizard|p2a: Garchomp
|
|upkeep
|turn|10
|
|t:|1760868987
|move|p2a: Garchomp|Dragon Claw|p1a: Charizard
|-damage|p1a: Charizard|0 fnt
|faint|p1a: Charizard
|
|upkeep
|
|t:|1760868990
|switch|p1a: Greninja|Greninja, M|100/100
|turn|11
|
|t:|1760869000
|switch|p2a: Goodra|Goodra-Hisui, M|100/100
|move|p1a: Greninja|Ice Beam|p2a: Goodra
|-damage|p2a: Goodra|81/100
|
|upkeep
|turn|12
|
|t:|1760869010
|switch|p1a: Infernape|Infernape, M|84/100
|move|p2a: Goodra|Curse|p2a: Goodra
|-unboost|p2a: Goodra|spe|1
|-boost|p2a: Goodra|atk|1
|-boost|p2a: Goodra|def|1
|
|upkeep
|turn|13
|
|t:|1760869020
|move|p1a: Infernape|Close Combat|p2a: Goodra
|-supereffective|p2a: Goodra
|-damage|p2a: Goodra|10/100
|-unboost|p1a: Infernape|def|1
|-unboost|p1a: Infernape|spd|1
|-ability|p2a: Goodra|Gooey
|-unboost|p1a: Infernape|spe|1
|move|p2a: Goodra|Earthquake|p1a: Infernape
|-supereffective|p1a: Infernape
|-damage|p1a: Infernape|0 fnt
|faint|p1a: Infernape
|
|upkeep
|
|t:|1760869024
|switch|p1a: Greninja|Greninja, M|100/100
|turn|14
|
|t:|1760869032
|move|p1a: Greninja|Dark Pulse|p2a: Goodra
|-damage|p2a: Goodra|0 fnt
|faint|p2a: Goodra
|-ability|p1a: Greninja|Battle Bond|boost
|-boost|p1a: Greninja|atk|1
|-boost|p1a: Greninja|spa|1
|-boost|p1a: Greninja|spe|1
|-activate|p1a: Greninja|ability: Battle Bond
|
|upkeep
|
|t:|1760869038
|switch|p2a: Incineroar|Incineroar, M|42/100
|-ability|p2a: Incineroar|Intimidate|boost
|-unboost|p1a: Greninja|atk|1
|turn|15
|
|t:|1760869043
|move|p1a: Greninja|Surf|p2a: Incineroar
|-supereffective|p2a: Incineroar
|-damage|p2a: Incineroar|0 fnt
|faint|p2a: Incineroar
|
|upkeep
|
|t:|1760869045
|switch|p2a: Dondozo|Dondozo, M|100/100
|turn|16
|
|t:|1760869050
|move|p1a: Greninja|Dark Pulse|p2a: Dondozo
|-damage|p2a: Dondozo|83/100
|move|p2a: Dondozo|Avalanche|p1a: Greninja
|-resisted|p1a: Greninja
|-damage|p1a: Greninja|73/100
|
|upkeep
|turn|17
|
|t:|1760869058
|move|p1a: Greninja|Dark Pulse|p2a: Dondozo
|-damage|p2a: Dondozo|65/100
|move|p2a: Dondozo|Heavy Slam|p1a: Greninja
|-resisted|p1a: Greninja
|-damage|p1a: Greninja|47/100
|
|upkeep
|turn|18
|
|t:|1760869063
|move|p1a: Greninja|Dark Pulse|p2a: Dondozo
|-damage|p2a: Dondozo|46/100
|move|p2a: Dondozo|Heavy Slam|p1a: Greninja
|-resisted|p1a: Greninja
|-damage|p1a: Greninja|22/100
|
|upkeep
|turn|19
|
|t:|1760869069
|switch|p1a: Lycanroc|Lycanroc-Dusk, M|100/100
|move|p2a: Dondozo|Heavy Slam|p1a: Lycanroc
|-supereffective|p1a: Lycanroc
|-damage|p1a: Lycanroc|4/100
|
|upkeep
|turn|20
|
|t:|1760869072
|move|p1a: Lycanroc|Stone Edge|p2a: Dondozo
|-damage|p2a: Dondozo|13/100
|move|p2a: Dondozo|Heavy Slam|p1a: Lycanroc
|-supereffective|p1a: Lycanroc
|-damage|p1a: Lycanroc|0 fnt
|faint|p1a: Lycanroc
|
|upkeep
|
|t:|1760869075
|switch|p1a: Pikachu|Pikachu-Original, M|100/100
|turn|21
|
|t:|1760869079
|move|p1a: Pikachu|Trailblaze|p2a: Dondozo
|-supereffective|p2a: Dondozo
|-damage|p2a: Dondozo|0 fnt
|-boost|p1a: Pikachu|spe|1
|faint|p2a: Dondozo
|
|upkeep
|
|t:|1760869082
|switch|p2a: Great Tusk|Great Tusk|100/100
|turn|22
|
|t:|1760869086
|move|p1a: Pikachu|Surf|p2a: Great Tusk
|-supereffective|p2a: Great Tusk
|-damage|p2a: Great Tusk|26/100
|move|p2a: Great Tusk|Headlong Rush|p1a: Pikachu
|-supereffective|p1a: Pikachu
|-damage|p1a: Pikachu|0 fnt
|-unboost|p2a: Great Tusk|def|1
|-unboost|p2a: Great Tusk|spd|1
|-status|p2a: Great Tusk|par|[from] ability: Static|[of] p1a: Pikachu
|faint|p1a: Pikachu
|
|upkeep
|
|t:|1760869089
|switch|p1a: Greninja|Greninja, M|22/100
|turn|23
|
|t:|1760869099
|-terastallize|p2a: Great Tusk|Grass
|move|p1a: Greninja|Ice Beam|p2a: Great Tusk
|-supereffective|p2a: Great Tusk
|-damage|p2a: Great Tusk|0 fnt
|faint|p2a: Great Tusk
|-end|p2a: Great Tusk|Protosynthesis|[silent]
|
|upkeep
|
|t:|1760869103
|switch|p2a: Garchomp|Garchomp, M|59/100
|turn|24
|
|t:|1760869106
|move|p1a: Greninja|Ice Beam|p2a: Garchomp
|-supereffective|p2a: Garchomp
|-damage|p2a: Garchomp|0 fnt
|faint|p2a: Garchomp
|
|win|Argha321
|raw|Argha321's rating: 1075 &rarr; <strong>1103</strong><br />(+28 for winning)
|raw|fliesofthelord's rating: 1064 &rarr; <strong>1045</strong><br />(-19 for losing)
|l|☆Argha321
|player|p1|
|l|☆fliesofthelord
|player|p2|
