|j|☆OJDaGoat
|j|☆Drjurnslc
|t:|1760720808
|gametype|singles
|player|p1|OJDaGoat|266|1044
|player|p2|Drjurnslc|n|1092
|gen|9
|tier|[Gen 9] OU
|rated|
|rule|HP Percentage Mod: HP is shown in percentages
|rule|Endless Battle Clause: Forcing endless battles is banned
|rule|Species Clause: Limit one of each Pokémon
|rule|OHKO Clause: OHKO moves are banned
|rule|Evasion Items Clause: Evasion items are banned
|rule|Evasion Moves Clause: Evasion moves are banned
|rule|Evasion Abilities Clause: Evasion abilities are banned
|rule|Sleep Moves Clause: Sleep-inducing moves are banned
|clearpoke
|poke|p1|Iron Treads|
|poke|p1|Garganacl, M|
|poke|p1|Zapdos|
|poke|p1|Blaziken, M|
|poke|p1|Garchomp, M|
|poke|p1|Samurott-Hisui, M|
|poke|p2|Dragonite, M|
|poke|p2|Clodsire, F|
|poke|p2|Great Tusk|
|poke|p2|Hatterene, F|
|poke|p2|Torkoal, F|
|poke|p2|Walking Wake|
|teampreview
|
|t:|1760720814
|teamsize|p1|6
|teamsize|p2|6
|start
|switch|p1a: Zapdos|Zapdos|100/100
|switch|p2a: Clodsire|Clodsire, F, shiny|100/100
|turn|1
|
|t:|1760720822
|move|p1a: Zapdos|Hurricane|p2a: Clodsire|[miss]
|-miss|p1a: Zapdos|p2a: Clodsire
|move|p2a: Clodsire|Stealth Rock|p1a: Zapdos
|-sidestart|p1: OJDaGoat|move: Stealth Rock
|
|upkeep
|turn|2
|
|t:|1760720828
|move|p1a: Zapdos|Hurricane|p2a: Clodsire
|-damage|p2a: Clodsire|38/100
|-damage|p1a: Zapdos|91/100|[from] item: Life Orb
|move|p2a: Clodsire|Toxic Spikes|p1a: Zapdos
|-sidestart|p1: OJDaGoat|move: Toxic Spikes
|
|-heal|p2a: Clodsire|44/100|[from] item: Black Sludge
|upkeep
|turn|3
|
|t:|1760720838
|move|p1a: Zapdos|Hurricane|p2a: Clodsire
|-damage|p2a: Clodsire|0 fnt
|faint|p2a: Clodsire
|-damage|p1a: Zapdos|81/100|[from] item: Life Orb
|
|upkeep
|
|t:|1760720846
|switch|p2a: Torkoal|Torkoal, F, shiny|100/100
|-weather|SunnyDay|[from] ability: Drought|[of] p2a: Torkoal
|-item|p2a: Torkoal|Air Balloon
|turn|4
|
|t:|1760720857
|switch|p2a: Dragonite|Dragonite, M|100/100
|move|p1a: Zapdos|Thunder Wave|p2a: Dragonite
|-status|p2a: Dragonite|par
|
|-weather|SunnyDay|[upkeep]
|upkeep
|turn|5
|
|t:|1760720866
|move|p1a: Zapdos|Volt Switch|p2a: Dragonite
|-damage|p2a: Dragonite|75/100 par
|-damage|p1a: Zapdos|71/100|[from] item: Life Orb
|
|t:|1760720876
|switch|p1a: Iron Treads|Iron Treads|100/100|[from] Volt Switch
|-damage|p1a: Iron Treads|97/100|[from] Stealth Rock
|-enditem|p1a: Iron Treads|Booster Energy
|-activate|p1a: Iron Treads|ability: Quark Drive|[fromitem]
|-start|p1a: Iron Treads|quarkdrivespe
|move|p2a: Dragonite|Encore||[still]
|-fail|p2a: Dragonite
|
|-weather|SunnyDay|[upkeep]
|upkeep
|turn|6
|
|t:|1760720888
|move|p1a: Iron Treads|Rapid Spin|p2a: Dragonite
|-damage|p2a: Dragonite|66/100 par
|-boost|p1a: Iron Treads|spe|1
|-damage|p1a: Iron Treads|81/100|[from] item: Rocky Helmet|[of] p2a: Dragonite
|-sideend|p1: OJDaGoat|Toxic Spikes|[from] move: Rapid Spin|[of] p1a: Iron Treads
|-sideend|p1: OJDaGoat|Stealth Rock|[from] move: Rapid Spin|[of] p1a: Iron Treads
|cant|p2a: Dragonite|par
|
|-weather|SunnyDay|[upkeep]
|upkeep
|turn|7
|
|t:|1760720897
|move|p1a: Iron Treads|Volt Switch|p2a: Dragonite
|-damage|p2a: Dragonite|50/100 par
|
|t:|1760720901
|-end|p1a: Iron Treads|Quark Drive|[silent]
|switch|p1a: Samurott|Samurott-Hisui, M|100/100|[from] Volt Switch
|cant|p2a: Dragonite|par
|
|-weather|SunnyDay|[upkeep]
|upkeep
|turn|8
|
|t:|1760720909
|move|p1a: Samurott|Ceaseless Edge|p2a: Dragonite
|-damage|p2a: Dragonite|17/100 par
|-damage|p1a: Samurott|84/100|[from] item: Rocky Helmet|[of] p2a: Dragonite
|-sidestart|p2: Drjurnslc|Spikes
|move|p2a: Dragonite|Fire Spin|p1a: Samurott
|-resisted|p1a: Samurott
|-damage|p1a: Samurott|76/100
|-activate|p1a: Samurott|move: Fire Spin|[of] p2a: Dragonite
|
|-weather|none
|-damage|p1a: Samurott|63/100|[from] move: Fire Spin|[partiallytrapped]
|upkeep
|turn|9
|
|t:|1760720923
|move|p1a: Samurott|Ceaseless Edge|p2a: Dragonite
|-damage|p2a: Dragonite|0 fnt
|-damage|p1a: Samurott|47/100|[from] item: Rocky Helmet|[of] p2a: Dragonite
|-sidestart|p2: Drjurnslc|Spikes
|faint|p2a: Dragonite
|
|-end|p1a: Samurott|Fire Spin|[partiallytrapped]|[silent]
|upkeep
|
|t:|1760720930
|switch|p2a: Torkoal|Torkoal, F, shiny|100/100
|-weather|SunnyDay|[from] ability: Drought|[of] p2a: Torkoal
|-item|p2a: Torkoal|Air Balloon
|turn|10
|
|t:|1760720949
|switch|p2a: Hatterene|Hatterene, F, shiny|100/100
|-damage|p2a: Hatterene|84/100|[from] Spikes
|move|p1a: Samurott|Taunt|p2a: Hatterene
|move|p2a: Hatterene|Taunt|p1a: Samurott|[from] ability: Magic Bounce
|-start|p1a: Samurott|move: Taunt
|
|-weather|SunnyDay|[upkeep]
|upkeep
|turn|11
|
|t:|1760720962
|move|p1a: Samurott|Ceaseless Edge|p2a: Hatterene
|-damage|p2a: Hatterene|39/100
|-sidestart|p2: Drjurnslc|Spikes
|-enditem|p2a: Hatterene|Eject Button
|
|t:|1760720967
|switch|p2a: Great Tusk|Great Tusk, shiny|100/100
|-damage|p2a: Great Tusk|76/100|[from] Spikes
|-activate|p2a: Great Tusk|ability: Protosynthesis
|-start|p2a: Great Tusk|protosynthesisatk
|
|-weather|SunnyDay|[upkeep]
|upkeep
|turn|12
|
|t:|1760720977
|move|p1a: Samurott|Flip Turn|p2a: Great Tusk
|-supereffective|p2a: Great Tusk
|-damage|p2a: Great Tusk|61/100
|
|t:|1760720986
|switch|p1a: Garchomp|Garchomp, M|100/100|[from] Flip Turn
|move|p2a: Great Tusk|Ice Spinner|p1a: Garchomp
|-supereffective|p1a: Garchomp
|-damage|p1a: Garchomp|0 fnt
|-damage|p2a: Great Tusk|48/100|[from] ability: Rough Skin|[of] p1a: Garchomp
|faint|p1a: Garchomp
|
|-weather|SunnyDay|[upkeep]
|upkeep
|
|t:|1760721006
|switch|p1a: Garganacl|Garganacl, M|100/100
|turn|13
|
|t:|1760721011
|-terastallize|p1a: Garganacl|Water
|move|p2a: Great Tusk|Rapid Spin|p1a: Garganacl
|-damage|p1a: Garganacl|89/100
|-boost|p2a: Great Tusk|spe|1
|-damage|p2a: Great Tusk|32/100|[from] item: Rocky Helmet|[of] p1a: Garganacl
|-sideend|p2: Drjurnslc|Spikes|[from] move: Rapid Spin|[of] p2a: Great Tusk
|move|p1a: Garganacl|Salt Cure|p2a: Great Tusk
|-resisted|p2a: Great Tusk
|-damage|p2a: Great Tusk|29/100
|-start|p2a: Great Tusk|Salt Cure
|
|-weather|SunnyDay|[upkeep]
|-damage|p2a: Great Tusk|17/100|[from] Salt Cure
|upkeep
|turn|14
|
|t:|1760721025
|move|p2a: Great Tusk|Headlong Rush|p1a: Garganacl
|-damage|p1a: Garganacl|49/100
|-unboost|p2a: Great Tusk|def|1
|-unboost|p2a: Great Tusk|spd|1
|-damage|p2a: Great Tusk|0 fnt|[from] item: Rocky Helmet|[of] p1a: Garganacl
|faint|p2a: Great Tusk
|-end|p2a: Great Tusk|Protosynthesis|[silent]
|move|p1a: Garganacl|Stealth Rock|p2: Great Tusk
|-sidestart|p2: Drjurnslc|move: Stealth Rock
|
|-weather|none
|upkeep
|
|t:|1760721036
|switch|p2a: Torkoal|Torkoal, F, shiny|100/100
|-damage|p2a: Torkoal|75/100|[from] Stealth Rock
|-weather|SunnyDay|[from] ability: Drought|[of] p2a: Torkoal
|-item|p2a: Torkoal|Air Balloon
|turn|15
|
|t:|1760721043
|move|p1a: Garganacl|Salt Cure|p2a: Torkoal
|-supereffective|p2a: Torkoal
|-damage|p2a: Torkoal|53/100
|-start|p2a: Torkoal|Salt Cure
|-enditem|p2a: Torkoal|Air Balloon
|move|p2a: Torkoal|Rapid Spin|p1a: Garganacl
|-damage|p1a: Garganacl|44/100
|-boost|p2a: Torkoal|spe|1
|-damage|p2a: Torkoal|36/100|[from] item: Rocky Helmet|[of] p1a: Garganacl
|-sideend|p2: Drjurnslc|Stealth Rock|[from] move: Rapid Spin|[of] p2a: Torkoal
|
|-weather|SunnyDay|[upkeep]
|-damage|p2a: Torkoal|24/100|[from] Salt Cure
|upkeep
|turn|16
|
|t:|1760721058
|switch|p2a: Walking Wake|Walking Wake|100/100
|-activate|p2a: Walking Wake|ability: Protosynthesis
|-start|p2a: Walking Wake|protosynthesisspe
|move|p1a: Garganacl|Salt Cure|p2a: Walking Wake
|-damage|p2a: Walking Wake|86/100
|-start|p2a: Walking Wake|Salt Cure
|
|-weather|SunnyDay|[upkeep]
|-damage|p2a: Walking Wake|61/100|[from] Salt Cure
|upkeep
|turn|17
|
|t:|1760721069
|switch|p1a: Zapdos|Zapdos|71/100
|move|p2a: Walking Wake|Hydro Steam|p1a: Zapdos
|-damage|p1a: Zapdos|0 fnt
|faint|p1a: Zapdos
|
|-weather|SunnyDay|[upkeep]
|-damage|p2a: Walking Wake|36/100|[from] Salt Cure
|upkeep
|
|t:|1760721082
|switch|p1a: Garganacl|Garganacl, M, tera:Water|44/100
|turn|18
|
|t:|1760721086
|move|p2a: Walking Wake|Hydro Steam|p1a: Garganacl
|-resisted|p1a: Garganacl
|-damage|p1a: Garganacl|2/100
|move|p1a: Garganacl|Recover|p1a: Garganacl
|-heal|p1a: Garganacl|52/100
|
|-weather|SunnyDay|[upkeep]
|-damage|p2a: Walking Wake|11/100|[from] Salt Cure
|upkeep
|turn|19
|
|t:|1760721097
|-end|p2a: Walking Wake|Protosynthesis|[silent]
|switch|p2a: Hatterene|Hatterene, F, shiny|39/100
|move|p1a: Garganacl|Stealth Rock|p2a: Hatterene
|move|p2a: Hatterene|Stealth Rock|p1a: Garganacl|[from] ability: Magic Bounce
|-sidestart|p1: OJDaGoat|move: Stealth Rock
|
|-weather|none
|upkeep
|turn|20
|
|t:|1760721107
|move|p1a: Garganacl|Salt Cure|p2a: Hatterene
|-damage|p2a: Hatterene|24/100
|-start|p2a: Hatterene|Salt Cure
|move|p2a: Hatterene|Healing Wish|p2a: Hatterene
|faint|p2a: Hatterene
|
|upkeep
|
|t:|1760721115
|switch|p2a: Walking Wake|Walking Wake|11/100
|-heal|p2a: Walking Wake|100/100|[from] move: Healing Wish
|turn|21
|
|t:|1760721119
|move|p2a: Walking Wake|Draco Meteor|p1a: Garganacl
|-damage|p1a: Garganacl|0 fnt
|-unboost|p2a: Walking Wake|spa|2
|faint|p1a: Garganacl
|
|upkeep
|
|t:|1760721131
|switch|p1a: Samurott|Samurott-Hisui, M|47/100
|-damage|p1a: Samurott|35/100|[from] Stealth Rock
|turn|22
|
|t:|1760721137
|-end|p2a: Walking Wake|Protosynthesis|[silent]
|switch|p2a: Torkoal|Torkoal, F, shiny|24/100
|-weather|SunnyDay|[from] ability: Drought|[of] p2a: Torkoal
|move|p1a: Samurott|Knock Off|p2a: Torkoal
|-damage|p2a: Torkoal|1/100
|
|-weather|SunnyDay|[upkeep]
|upkeep
|turn|23
|
|t:|1760721150
|move|p1a: Samurott|Ceaseless Edge|p2a: Torkoal
|-damage|p2a: Torkoal|0 fnt
|-sidestart|p2: Drjurnslc|Spikes
|faint|p2a: Torkoal
|
|-weather|SunnyDay|[upkeep]
|upkeep
|
|t:|1760721157
|switch|p2a: Walking Wake|Walking Wake|100/100
|-damage|p2a: Walking Wake|88/100|[from] Spikes
|-activate|p2a: Walking Wake|ability: Protosynthesis
|-start|p2a: Walking Wake|protosynthesisspe
|turn|24
|
|t:|1760721164
|move|p2a: Walking Wake|Hydro Steam|p1a: Samurott
|-resisted|p1a: Samurott
|-damage|p1a: Samurott|0 fnt
|faint|p1a: Samurott
|
|-weather|SunnyDay|[upkeep]
|upkeep
|
|t:|1760721170
|switch|p1a: Iron Treads|Iron Treads|81/100
|-damage|p1a: Iron Treads|78/100|[from] Stealth Rock
|turn|25
|
|t:|1760721175
|-terastallize|p2a: Walking Wake|Water
|move|p2a: Walking Wake|Hydro Steam|p1a: Iron Treads
|-supereffective|p1a: Iron Treads
|-damage|p1a: Iron Treads|0 fnt
|faint|p1a: Iron Treads
|-end|p1a: Iron Treads|Quark Drive|[silent]
|
|-weather|SunnyDay|[upkeep]
|upkeep
|
|t:|1760721182
|switch|p1a: Blaziken|Blaziken, M|100/100
|-damage|p1a: Blaziken|88/100|[from] Stealth Rock
|turn|26
|
|t:|1760721187
|move|p1a: Blaziken|Protect|p1a: Blaziken
|-singleturn|p1a: Blaziken|Protect
|move|p2a: Walking Wake|Hydro Steam|p1a: Blaziken
|-activate|p1a: Blaziken|move: Protect
|
|-weather|none
|-end|p2a: Walking Wake|Protosynthesis
|-ability|p1a: Blaziken|Speed Boost|boost
|-boost|p1a: Blaziken|spe|1
|upkeep
|turn|27
|
|t:|1760721203
|move|p2a: Walking Wake|Hydro Steam|p1a: Blaziken
|-supereffective|p1a: Blaziken
|-damage|p1a: Blaziken|0 fnt
|faint|p1a: Blaziken
|
|win|Drjurnslc
|raw|OJDaGoat's rating: 1044 &rarr; <strong>1030</strong><br />(-14 for losing)
|raw|Drjurnslc's rating: 1092 &rarr; <strong>1115</strong><br />(+23 for winning)
