|j|☆LLBattler
|j|☆D197
|t:|1760862539
|gametype|singles
|player|p1|LLBattler|1|1115
|player|p2|D197|clerkf|1099
|gen|9
|tier|[Gen 9] OU
|rated|
|rule|HP Percentage Mod: HP is shown in percentages
|rule|Endless Battle Clause: Forcing endless battles is banned
|rule|Species Clause: Limit one of each Pokémon
|rule|OHKO Clause: OHKO moves are banned
|rule|Evasion Items Clause: Evasion items are banned
|rule|Evasion Moves Clause: Evasion moves are banned
|rule|Evasion Abilities Clause: Evasion abilities are banned
|rule|Sleep Moves Clause: Sleep-inducing moves are banned
|clearpoke
|poke|p1|Arcanine-Hisui, F|
|poke|p1|Slowking-Galar, F|
|poke|p1|Great Tusk|
|poke|p1|Kingambit, M|
|poke|p1|Gliscor, M|
|poke|p1|Sinistcha|
|poke|p2|Ribombee, F|
|poke|p2|Dragapult, F|
|poke|p2|Flareon, F|
|poke|p2|Magneton|
|poke|p2|Vileplume, F|
|poke|p2|Gallade, M|
|teampreview
|inactive|Battle timer is ON: inactive players will automatically lose when time's up. (requested by D197)
|
|t:|1760862567
|teamsize|p1|6
|teamsize|p2|6
|start
|switch|p1a: Kingambit|Kingambit, M|100/100
|switch|p2a: 鴛掌|Ribombee, F, shiny|100/100
|turn|1
|
|t:|1760862596
|-terastallize|p2a: 鴛掌|Ground
|move|p2a: 鴛掌|Tera Blast|p1a: Kingambit|[anim] Tera Blast Ground
|-supereffective|p1a: Kingambit
|-damage|p1a: Kingambit|9/100
|move|p1a: Kingambit|Iron Head|p2a: 鴛掌
|-damage|p2a: 鴛掌|12/100
|
|-heal|p1a: Kingambit|15/100|[from] item: Leftovers
|upkeep
|turn|2
|
|t:|1760862608
|switch|p2a: 斑葉|Vileplume, F|100/100
|move|p1a: Kingambit|Sucker Punch||[still]
|-fail|p1a: Kingambit
|
|-heal|p1a: Kingambit|22/100|[from] item: Leftovers
|upkeep
|turn|3
|
|t:|1760862616
|-end|p1a: Kingambit|fallenundefined|[silent]
|switch|p1a: Gliscor|Gliscor, M|100/100
|move|p2a: 斑葉|Leech Seed|p1a: Gliscor
|-start|p1a: Gliscor|move: Leech Seed
|
|-damage|p1a: Gliscor|88/100|[from] Leech Seed|[of] p2a: 斑葉
|-status|p1a: Gliscor|tox|[from] item: Toxic Orb
|upkeep
|turn|4
|
|t:|1760862631
|move|p1a: Gliscor|U-turn|p2a: 斑葉
|-damage|p2a: 斑葉|88/100
|-damage|p1a: Gliscor|72/100 tox|[from] item: Rocky Helmet|[of] p2a: 斑葉
|
|t:|1760862635
|switch|p1a: Sinistcha|Sinistcha|100/100|[from] U-turn
|move|p2a: 斑葉|Sludge Wave|p1a: Sinistcha
|-damage|p1a: Sinistcha|61/100
|
|upkeep
|turn|5
|
|t:|1760862645
|move|p1a: Sinistcha|Calm Mind|p1a: Sinistcha
|-boost|p1a: Sinistcha|spa|1
|-boost|p1a: Sinistcha|spd|1
|move|p2a: 斑葉|Toxic|p1a: Sinistcha
|-status|p1a: Sinistcha|tox
|
|-damage|p1a: Sinistcha|55/100 tox|[from] psn
|upkeep
|turn|6
|
|t:|1760862674
|switch|p2a: 火心|Flareon, F|100/100
|move|p1a: Sinistcha|Calm Mind|p1a: Sinistcha
|-boost|p1a: Sinistcha|spa|1
|-boost|p1a: Sinistcha|spd|1
|
|-damage|p1a: Sinistcha|42/100 tox|[from] psn
|-status|p2a: 火心|tox|[from] item: Toxic Orb
|upkeep
|turn|7
|
|t:|1760862685
|switch|p1a: Top Dog|Arcanine-Hisui, F|100/100
|move|p2a: 火心|Protect||[still]
|-fail|p2a: 火心
|
|-damage|p2a: 火心|94/100 tox|[from] psn
|upkeep
|turn|8
|
|t:|1760862697
|switch|p2a: 雷眼|Magneton|100/100
|move|p1a: Top Dog|Head Smash|p2a: 雷眼|[miss]
|-miss|p1a: Top Dog|p2a: 雷眼
|
|upkeep
|turn|9
|
|t:|1760862711
|switch|p1a: Great Tusk|Great Tusk, shiny|100/100
|move|p2a: 雷眼|Flash Cannon|p1a: Great Tusk
|-crit|p1a: Great Tusk
|-damage|p1a: Great Tusk|0 fnt
|faint|p1a: Great Tusk
|-end|p1a: Great Tusk|Protosynthesis|[silent]
|
|upkeep
|-message|LLBattler forfeited.
|
|win|D197
|raw|LLBattler's rating: 1115 &rarr; <strong>1089</strong><br />(-26 for losing)
|raw|D197's rating: 1099 &rarr; <strong>1125</strong><br />(+26 for winning)
|l|☆LLBattler
|player|p1|
|l|☆D197
|player|p2|
