|j|☆Magolor16
|j|☆tcloud
|t:|1760719129
|gametype|singles
|player|p1|Magolor16|170|1367
|player|p2|tcloud|fisherman-gen4|1431
|gen|9
|tier|[Gen 9] OU
|rated|
|rule|HP Percentage Mod: HP is shown in percentages
|rule|Endless Battle Clause: Forcing endless battles is banned
|rule|Species Clause: Limit one of each Pokémon
|rule|OHKO Clause: OHKO moves are banned
|rule|Evasion Items Clause: Evasion items are banned
|rule|Evasion Moves Clause: Evasion moves are banned
|rule|Evasion Abilities Clause: Evasion abilities are banned
|rule|Sleep Moves Clause: Sleep-inducing moves are banned
|clearpoke
|poke|p1|Great Tusk|
|poke|p1|Torkoal, M|
|poke|p1|Thundurus-Therian, M|
|poke|p1|Gholdengo|
|poke|p1|Ogerpon-Wellspring, F|
|poke|p1|Meowscarada, M|
|poke|p2|Pelipper, M|
|poke|p2|Hatterene, F|
|poke|p2|Iron Treads|
|poke|p2|Toxicroak, F|
|poke|p2|Barraskewda, F|
|poke|p2|Zapdos|
|teampreview
|inactive|Battle timer is ON: inactive players will automatically lose when time's up. (requested by Magolor16)
|
|t:|1760719139
|teamsize|p1|6
|teamsize|p2|6
|start
|switch|p1a: Thundurus|Thundurus-Therian, M|100/100
|switch|p2a: Pelipper|Pelipper, M|100/100
|-weather|RainDance|[from] ability: Drizzle|[of] p2a: Pelipper
|turn|1
|
|t:|1760719144
|switch|p2a: Iron Treads|Iron Treads|100/100
|move|p1a: Thundurus|Thunderbolt|p2a: Iron Treads
|-immune|p2a: Iron Treads
|
|-weather|RainDance|[upkeep]
|upkeep
|turn|2
|
|t:|1760719150
|switch|p1a: Great Tusk|Great Tusk|100/100
|move|p2a: Iron Treads|Stealth Rock|p1a: Great Tusk
|-sidestart|p1: Magolor16|move: Stealth Rock
|
|-weather|RainDance|[upkeep]
|upkeep
|turn|3
|
|t:|1760719153
|-end|p2a: Iron Treads|Quark Drive|[silent]
|switch|p2a: Hatterene|Hatterene, F|100/100
|move|p1a: Great Tusk|Rapid Spin|p2a: Hatterene
|-damage|p2a: Hatterene|84/100
|-boost|p1a: Great Tusk|spe|1
|-sideend|p1: Magolor16|Stealth Rock|[from] move: Rapid Spin|[of] p1a: Great Tusk
|-enditem|p2a: Hatterene|Eject Button
|
|t:|1760719158
|switch|p2a: Zapdos|Zapdos|100/100
|
|-weather|RainDance|[upkeep]
|upkeep
|turn|4
|
|t:|1760719162
|-end|p1a: Great Tusk|Protosynthesis|[silent]
|switch|p1a: Thundurus|Thundurus-Therian, M|100/100
|move|p2a: Zapdos|Hurricane|p1a: Thundurus
|-resisted|p1a: Thundurus
|-damage|p1a: Thundurus|46/100
|
|-weather|RainDance|[upkeep]
|-heal|p1a: Thundurus|52/100|[from] item: Leftovers
|upkeep
|turn|5
|
|t:|1760719168
|switch|p2a: Iron Treads|Iron Treads|100/100
|move|p1a: Thundurus|Substitute|p1a: Thundurus
|-start|p1a: Thundurus|Substitute
|-damage|p1a: Thundurus|27/100
|
|-weather|RainDance|[upkeep]
|-heal|p1a: Thundurus|33/100|[from] item: Leftovers
|upkeep
|turn|6
|
|t:|1760719174
|move|p1a: Thundurus|Nasty Plot|p1a: Thundurus
|-boost|p1a: Thundurus|spa|2
|move|p2a: Iron Treads|Rapid Spin|p1a: Thundurus
|-activate|p1a: Thundurus|move: Substitute|[damage]
|-boost|p2a: Iron Treads|spe|1
|
|-weather|RainDance|[upkeep]
|-heal|p1a: Thundurus|39/100|[from] item: Leftovers
|upkeep
|turn|7
|
|t:|1760719183
|move|p2a: Iron Treads|Rapid Spin|p1a: Thundurus
|-end|p1a: Thundurus|Substitute
|-boost|p2a: Iron Treads|spe|1
|move|p1a: Thundurus|Tera Blast|p2a: Iron Treads
|-resisted|p2a: Iron Treads
|-damage|p2a: Iron Treads|75/100
|
|-weather|RainDance|[upkeep]
|-heal|p2a: Iron Treads|81/100|[from] item: Leftovers
|-heal|p1a: Thundurus|45/100|[from] item: Leftovers
|upkeep
|turn|8
|
|t:|1760719205
|-terastallize|p1a: Thundurus|Ice
|move|p2a: Iron Treads|Rapid Spin|p1a: Thundurus
|-damage|p1a: Thundurus|27/100
|-boost|p2a: Iron Treads|spe|1
|move|p1a: Thundurus|Tera Blast|p2a: Iron Treads|[anim] Tera Blast Ice
|-damage|p2a: Iron Treads|4/100
|
|-weather|none
|-heal|p2a: Iron Treads|10/100|[from] item: Leftovers
|-heal|p1a: Thundurus|33/100|[from] item: Leftovers
|upkeep
|turn|9
|
|t:|1760719219
|switch|p1a: Great Tusk|Great Tusk|100/100
|move|p2a: Iron Treads|Earthquake|p1a: Great Tusk
|-damage|p1a: Great Tusk|74/100
|
|-heal|p2a: Iron Treads|16/100|[from] item: Leftovers
|upkeep
|turn|10
|
|t:|1760719225
|move|p2a: Iron Treads|Stealth Rock|p1a: Great Tusk
|-sidestart|p1: Magolor16|move: Stealth Rock
|move|p1a: Great Tusk|Temper Flare|p2a: Iron Treads
|-supereffective|p2a: Iron Treads
|-damage|p2a: Iron Treads|0 fnt
|faint|p2a: Iron Treads
|-end|p2a: Iron Treads|Quark Drive|[silent]
|
|upkeep
|
|t:|1760719229
|switch|p2a: Zapdos|Zapdos|100/100
|turn|11
|
|t:|1760719234
|move|p2a: Zapdos|Hurricane|p1a: Great Tusk
|-supereffective|p1a: Great Tusk
|-damage|p1a: Great Tusk|0 fnt
|faint|p1a: Great Tusk
|-end|p1a: Great Tusk|Protosynthesis|[silent]
|
|upkeep
|
|t:|1760719245
|switch|p1a: Torkoal|Torkoal, M|100/100
|-damage|p1a: Torkoal|76/100|[from] Stealth Rock
|-weather|SunnyDay|[from] ability: Drought|[of] p1a: Torkoal
|turn|12
|
|t:|1760719248
|switch|p2a: Pelipper|Pelipper, M|100/100
|-weather|RainDance|[from] ability: Drizzle|[of] p2a: Pelipper
|move|p1a: Torkoal|Rapid Spin|p2a: Pelipper
|-damage|p2a: Pelipper|91/100
|-boost|p1a: Torkoal|spe|1
|-sideend|p1: Magolor16|Stealth Rock|[from] move: Rapid Spin|[of] p1a: Torkoal
|
|-weather|RainDance|[upkeep]
|upkeep
|turn|13
|
|t:|1760719255
|switch|p1a: Thundurus|Thundurus-Therian, M, tera:Ice|33/100
|move|p2a: Pelipper|U-turn|p1a: Thundurus
|-damage|p1a: Thundurus|17/100
|
|t:|1760719258
|switch|p2a: Barraskewda|Barraskewda, F|100/100|[from] U-turn
|
|-weather|RainDance|[upkeep]
|-heal|p1a: Thundurus|23/100|[from] item: Leftovers
|upkeep
|turn|14
|
|t:|1760719264
|switch|p1a: Gholdengo|Gholdengo|100/100
|-item|p1a: Gholdengo|Air Balloon
|move|p2a: Barraskewda|Close Combat|p1a: Gholdengo
|-immune|p1a: Gholdengo
|
|-weather|RainDance|[upkeep]
|upkeep
|turn|15
|
|t:|1760719270
|switch|p2a: Hatterene|Hatterene, F|84/100
|move|p1a: Gholdengo|Substitute|p1a: Gholdengo
|-start|p1a: Gholdengo|Substitute
|-damage|p1a: Gholdengo|76/100
|
|-weather|RainDance|[upkeep]
|upkeep
|turn|16
|
|t:|1760719273
|move|p1a: Gholdengo|Shadow Ball|p2a: Hatterene
|-supereffective|p2a: Hatterene
|-damage|p2a: Hatterene|0 fnt
|faint|p2a: Hatterene
|
|-weather|RainDance|[upkeep]
|upkeep
|
|t:|1760719277
|switch|p2a: Barraskewda|Barraskewda, F|100/100
|turn|17
|
|t:|1760719283
|move|p2a: Barraskewda|Liquidation|p1a: Gholdengo
|-end|p1a: Gholdengo|Substitute
|-enditem|p1a: Gholdengo|Air Balloon
|move|p1a: Gholdengo|Shadow Ball|p2a: Barraskewda
|-damage|p2a: Barraskewda|0 fnt
|faint|p2a: Barraskewda
|
|-weather|RainDance|[upkeep]
|upkeep
|
|t:|1760719286
|switch|p2a: Zapdos|Zapdos|100/100
|turn|18
|
|t:|1760719294
|move|p2a: Zapdos|Thunder|p1a: Gholdengo
|-damage|p1a: Gholdengo|0 fnt
|faint|p1a: Gholdengo
|
|-weather|RainDance|[upkeep]
|upkeep
|
|t:|1760719301
|switch|p1a: Torkoal|Torkoal, M|76/100
|-weather|SunnyDay|[from] ability: Drought|[of] p1a: Torkoal
|turn|19
|
|t:|1760719303
|move|p2a: Zapdos|Thunder|p1a: Torkoal|[miss]
|-miss|p2a: Zapdos|p1a: Torkoal
|move|p1a: Torkoal|Stealth Rock|p2a: Zapdos
|-sidestart|p2: tcloud|move: Stealth Rock
|
|-weather|SunnyDay|[upkeep]
|upkeep
|turn|20
|
|t:|1760719305
|move|p2a: Zapdos|Thunder|p1a: Torkoal
|-damage|p1a: Torkoal|0 fnt
|faint|p1a: Torkoal
|
|-weather|SunnyDay|[upkeep]
|upkeep
|
|t:|1760719309
|switch|p1a: Ogerpon|Ogerpon-Wellspring, F|100/100
|turn|21
|
|t:|1760719313
|move|p1a: Ogerpon|Swords Dance|p1a: Ogerpon
|-boost|p1a: Ogerpon|atk|2
|move|p2a: Zapdos|Thunder|p1a: Ogerpon|[miss]
|-miss|p2a: Zapdos|p1a: Ogerpon
|
|-weather|SunnyDay|[upkeep]
|upkeep
|turn|22
|
|t:|1760719318
|switch|p2a: Toxicroak|Toxicroak, F|100/100
|-damage|p2a: Toxicroak|94/100|[from] Stealth Rock
|move|p1a: Ogerpon|Ivy Cudgel|p2a: Toxicroak|[anim] Ivy Cudgel Water
|-heal|p2a: Toxicroak|100/100|[from] ability: Dry Skin|[of] p1a: Ogerpon
|
|-weather|SunnyDay|[upkeep]
|-damage|p2a: Toxicroak|88/100|[from] ability: Dry Skin|[of] p2a: Toxicroak
|upkeep
|turn|23
|
|t:|1760719323
|move|p1a: Ogerpon|Play Rough|p2a: Toxicroak|[miss]
|-miss|p1a: Ogerpon|p2a: Toxicroak
|move|p2a: Toxicroak|Drain Punch|p1a: Ogerpon
|-damage|p1a: Ogerpon|62/100
|-heal|p2a: Toxicroak|100/100|[from] drain|[of] p1a: Ogerpon
|
|-weather|SunnyDay|[upkeep]
|-damage|p2a: Toxicroak|88/100|[from] ability: Dry Skin|[of] p2a: Toxicroak
|upkeep
|turn|24
|
|t:|1760719326
|move|p1a: Ogerpon|Play Rough|p2a: Toxicroak
|-crit|p2a: Toxicroak
|-damage|p2a: Toxicroak|0 fnt
|-damage|p1a: Ogerpon|45/100|[from] item: Rocky Helmet|[of] p2a: Toxicroak
|faint|p2a: Toxicroak
|
|-weather|SunnyDay|[upkeep]
|upkeep
|
|t:|1760719329
|switch|p2a: Pelipper|Pelipper, M|91/100
|-damage|p2a: Pelipper|66/100|[from] Stealth Rock
|-weather|RainDance|[from] ability: Drizzle|[of] p2a: Pelipper
|turn|25
|
|t:|1760719333
|move|p1a: Ogerpon|Horn Leech|p2a: Pelipper
|-damage|p2a: Pelipper|0 fnt
|-heal|p1a: Ogerpon|80/100|[from] drain|[of] p2a: Pelipper
|faint|p2a: Pelipper
|
|-weather|RainDance|[upkeep]
|upkeep
|
|t:|1760719336
|switch|p2a: Zapdos|Zapdos|100/100
|-damage|p2a: Zapdos|76/100|[from] Stealth Rock
|turn|26
|
|t:|1760719339
|move|p1a: Ogerpon|Ivy Cudgel|p2a: Zapdos|[anim] Ivy Cudgel Water
|-damage|p2a: Zapdos|0 fnt
|faint|p2a: Zapdos
|
|win|Magolor16
|raw|Magolor16's rating: 1367 &rarr; <strong>1391</strong><br />(+24 for winning)
|raw|tcloud's rating: 1431 &rarr; <strong>1407</strong><br />(-24 for losing)
|c|☆Magolor16|gg
|l|☆Magolor16
|player|p1|
|l|☆tcloud
|player|p2|
