|j|☆william120
|j|☆sleepcactus
|t:|1760878488
|gametype|singles
|player|p1|william120|volkner|1231
|player|p2|sleepcactus|pokemonbreederf-gen4|1292
|gen|9
|tier|[Gen 9] OU
|rated|
|rule|HP Percentage Mod: HP is shown in percentages
|rule|Endless Battle Clause: Forcing endless battles is banned
|rule|Species Clause: Limit one of each Pokémon
|rule|OHKO Clause: OHKO moves are banned
|rule|Evasion Items Clause: Evasion items are banned
|rule|Evasion Moves Clause: Evasion moves are banned
|rule|Evasion Abilities Clause: Evasion abilities are banned
|rule|Sleep Moves Clause: Sleep-inducing moves are banned
|clearpoke
|poke|p1|Corviknight, F|
|poke|p1|Arcanine-Hisui, M|
|poke|p1|Zoroark, F|
|poke|p1|Goodra, F|
|poke|p1|Ogerpon-Wellspring, F|
|poke|p1|Weavile, F|
|poke|p2|Serperior, M|
|poke|p2|Samurott-Hisui, F|
|poke|p2|Iron Treads|
|poke|p2|Gholdengo|
|poke|p2|Moltres|
|poke|p2|Zamazenta-*|
|teampreview
|inactive|Battle timer is ON: inactive players will automatically lose when time's up. (requested by sleepcactus)
|
|t:|1760878518
|teamsize|p1|6
|teamsize|p2|6
|start
|switch|p1a: Ogerpon|Ogerpon-Wellspring, F|100/100
|switch|p2a: Samurott|Samurott-Hisui, F|100/100
|turn|1
|
|t:|1760878533
|switch|p1a: Corviknight|Corviknight, F|100/100
|move|p2a: Samurott|Ceaseless Edge|p1a: Corviknight
|-damage|p1a: Corviknight|57/100
|-sidestart|p1: william120|Spikes
|
|-heal|p1a: Corviknight|63/100|[from] item: Leftovers
|upkeep
|turn|2
|
|t:|1760878546
|-terastallize|p2a: Samurott|Fairy
|move|p2a: Samurott|Ceaseless Edge|p1a: Corviknight|[miss]
|-miss|p2a: Samurott|p1a: Corviknight
|move|p1a: Corviknight|Roost|p1a: Corviknight
|-heal|p1a: Corviknight|100/100
|-singleturn|p1a: Corviknight|move: Roost
|
|upkeep
|turn|3
|
|t:|1760878560
|move|p2a: Samurott|Ceaseless Edge|p1a: Corviknight
|-damage|p1a: Corviknight|64/100
|-sidestart|p1: william120|Spikes
|move|p1a: Corviknight|Bulk Up|p1a: Corviknight
|-boost|p1a: Corviknight|atk|1
|-boost|p1a: Corviknight|def|1
|
|-heal|p1a: Corviknight|70/100|[from] item: Leftovers
|upkeep
|turn|4
|
|t:|1760878576
|switch|p2a: Moltres|Moltres|100/100
|move|p1a: Corviknight|Roost|p1a: Corviknight
|-heal|p1a: Corviknight|100/100
|-singleturn|p1a: Corviknight|move: Roost
|
|upkeep
|turn|5
|
|t:|1760878583
|move|p2a: Moltres|Flamethrower|p1a: Corviknight
|-supereffective|p1a: Corviknight
|-damage|p1a: Corviknight|41/100
|move|p1a: Corviknight|Brave Bird|p2a: Moltres
|-damage|p2a: Moltres|57/100
|-status|p1a: Corviknight|brn|[from] ability: Flame Body|[of] p2a: Moltres
|-damage|p1a: Corviknight|28/100 brn|[from] Recoil
|
|-heal|p1a: Corviknight|34/100 brn|[from] item: Leftovers
|-damage|p1a: Corviknight|28/100 brn|[from] brn
|upkeep
|turn|6
|
|t:|1760878592
|move|p2a: Moltres|Flamethrower|p1a: Corviknight
|-supereffective|p1a: Corviknight
|-damage|p1a: Corviknight|0 fnt
|faint|p1a: Corviknight
|
|upkeep
|
|t:|1760878600
|switch|p1a: Ogerpon|Ogerpon-Wellspring, F|100/100
|-damage|p1a: Ogerpon|84/100|[from] Spikes
|turn|7
|
|t:|1760878611
|switch|p2a: Zamazenta|Zamazenta|100/100
|-ability|p2a: Zamazenta|Dauntless Shield|boost
|-boost|p2a: Zamazenta|def|1
|move|p1a: Ogerpon|Knock Off|p2a: Zamazenta
|-resisted|p2a: Zamazenta
|-damage|p2a: Zamazenta|90/100
|-enditem|p2a: Zamazenta|Assault Vest|[from] move: Knock Off|[of] p1a: Ogerpon
|
|upkeep
|turn|8
|
|t:|1760878628
|move|p2a: Zamazenta|Wild Charge|p1a: Ogerpon
|-damage|p1a: Ogerpon|44/100
|-damage|p2a: Zamazenta|82/100|[from] Recoil
|move|p1a: Ogerpon|Play Rough|p2a: Zamazenta
|-supereffective|p2a: Zamazenta
|-damage|p2a: Zamazenta|37/100
|
|upkeep
|turn|9
|
|t:|1760878658
|switch|p2a: Samurott|Samurott-Hisui, F, tera:Fairy|100/100
|move|p1a: Ogerpon|Knock Off|p2a: Samurott
|-resisted|p2a: Samurott
|-damage|p2a: Samurott|79/100
|-enditem|p2a: Samurott|Assault Vest|[from] move: Knock Off|[of] p1a: Ogerpon
|
|upkeep
|turn|10
|
|t:|1760878669
|move|p1a: Ogerpon|U-turn|p2a: Samurott
|-resisted|p2a: Samurott
|-damage|p2a: Samurott|64/100
|
|t:|1760878677
|switch|p1a: Goodra|Goodra, F|100/100|[from] U-turn
|-damage|p1a: Goodra|84/100|[from] Spikes
|move|p2a: Samurott|Ceaseless Edge|p1a: Goodra
|-damage|p1a: Goodra|8/100
|-sidestart|p1: william120|Spikes
|
|upkeep
|turn|11
|
|t:|1760878695
|move|p2a: Samurott|Aqua Jet|p1a: Goodra
|-resisted|p1a: Goodra
|-damage|p1a: Goodra|0 fnt
|faint|p1a: Goodra
|
|upkeep
|
|t:|1760878701
|switch|p1a: Weavile|Weavile, F|100/100
|-damage|p1a: Weavile|76/100|[from] Spikes
|-ability|p1a: Weavile|Pressure
|turn|12
|
|t:|1760878710
|move|p1a: Weavile|Poison Jab|p2a: Samurott
|-supereffective|p2a: Samurott
|-damage|p2a: Samurott|0 fnt
|faint|p2a: Samurott
|
|upkeep
|
|t:|1760878717
|switch|p2a: Moltres|Moltres|57/100
|turn|13
|
|t:|1760878723
|move|p1a: Weavile|Poison Jab|p2a: Moltres
|-damage|p2a: Moltres|25/100
|move|p2a: Moltres|Flamethrower|p1a: Weavile
|-supereffective|p1a: Weavile
|-damage|p1a: Weavile|0 fnt
|faint|p1a: Weavile
|
|upkeep
|
|t:|1760878728
|switch|p1a: Arcanine|Arcanine-Hisui, M|100/100
|-damage|p1a: Arcanine|76/100|[from] Spikes
|turn|14
|
|t:|1760878752
|move|p1a: Arcanine|Psychic|p2a: Moltres
|-damage|p2a: Moltres|0 fnt
|faint|p2a: Moltres
|
|upkeep
|
|t:|1760878762
|switch|p2a: Zamazenta|Zamazenta|37/100
|turn|15
|
|t:|1760878764
|move|p2a: Zamazenta|Close Combat|p1a: Arcanine
|-supereffective|p1a: Arcanine
|-damage|p1a: Arcanine|0 fnt
|-unboost|p2a: Zamazenta|def|1
|-unboost|p2a: Zamazenta|spd|1
|replace|p1a: Zoroark|Zoroark, F
|-end|p1a: Zoroark|Illusion
|faint|p1a: Zoroark
|
|upkeep
|
|t:|1760878774
|switch|p1a: Arcanine|Arcanine-Hisui, M|100/100
|-damage|p1a: Arcanine|76/100|[from] Spikes
|turn|16
|
|t:|1760878788
|move|p1a: Arcanine|Flare Blitz|p2a: Zamazenta
|-damage|p2a: Zamazenta|0 fnt
|faint|p2a: Zamazenta
|
|upkeep
|
|t:|1760878810
|switch|p2a: Iron Treads|Iron Treads|100/100
|-item|p2a: Iron Treads|Air Balloon
|turn|17
|
|t:|1760878815
|-terastallize|p1a: Arcanine|Fire
|move|p1a: Arcanine|Flare Blitz|p2a: Iron Treads
|-supereffective|p2a: Iron Treads
|-damage|p2a: Iron Treads|0 fnt
|-enditem|p2a: Iron Treads|Air Balloon
|faint|p2a: Iron Treads
|-end|p2a: Iron Treads|Quark Drive|[silent]
|
|upkeep
|-message|sleepcactus forfeited.
|
|win|william120
|raw|william120's rating: 1231 &rarr; <strong>1260</strong><br />(+29 for winning)
|raw|sleepcactus's rating: 1292 &rarr; <strong>1263</strong><br />(-29 for losing)
|l|☆sleepcactus
|player|p2|
|l|☆william120
|player|p1|
