|badge|p1|bronze|gen9ou|100-7
|uhtml|medal-msg|<div class="broadcast-blue">Curious what those medals under the avatar are? PS now has Ladder Seasons! For more information, check out the <a href="https://www.smogon.com/forums/threads/3740067/">thread on Smogon.</a></div>
|badge|p2|silver|gen9ou|30-7
|uhtml|medal-msg|<div class="broadcast-blue">Curious what those medals under the avatar are? PS now has Ladder Seasons! For more information, check out the <a href="https://www.smogon.com/forums/threads/3740067/">thread on Smogon.</a></div>
|j|☆tua94892
|j|☆jeandonis02
|t:|1760731383
|gametype|singles
|player|p1|tua94892|169|1886
|player|p2|jeandonis02|lucas|1934
|gen|9
|tier|[Gen 9] OU
|rated|
|rule|HP Percentage Mod: HP is shown in percentages
|rule|Endless Battle Clause: Forcing endless battles is banned
|rule|Species Clause: Limit one of each Pokémon
|rule|OHKO Clause: OHKO moves are banned
|rule|Evasion Items Clause: Evasion items are banned
|rule|Evasion Moves Clause: Evasion moves are banned
|rule|Evasion Abilities Clause: Evasion abilities are banned
|rule|Sleep Moves Clause: Sleep-inducing moves are banned
|clearpoke
|poke|p1|Hydrapple, F|
|poke|p1|Slowking-Galar, M|
|poke|p1|Cinderace, M|
|poke|p1|Darkrai|
|poke|p1|Manaphy|
|poke|p1|Cobalion|
|poke|p2|Garchomp, M|
|poke|p2|Ditto|
|poke|p2|Ceruledge, M|
|poke|p2|Great Tusk|
|poke|p2|Dragapult, M|
|poke|p2|Toxapex, F|
|teampreview
|
|t:|1760731397
|teamsize|p1|6
|teamsize|p2|6
|start
|switch|p1a: Manaphy|Manaphy|100/100
|switch|p2a: Ceruledge|Ceruledge, M|100/100
|turn|1
|inactive|Battle timer is ON: inactive players will automatically lose when time's up. (requested by tua94892)
|
|t:|1760731408
|switch|p2a: Toxapex|Toxapex, F|100/100
|move|p1a: Manaphy|Scald|p2a: Toxapex
|-resisted|p2a: Toxapex
|-damage|p2a: Toxapex|91/100
|
|-heal|p2a: Toxapex|97/100|[from] item: Leftovers
|upkeep
|turn|2
|
|t:|1760731415
|switch|p2a: Garchomp|Garchomp, M|100/100
|move|p1a: Manaphy|Scald|p2a: Garchomp
|-damage|p2a: Garchomp|64/100
|
|upkeep
|turn|3
|
|t:|1760731422
|move|p2a: Garchomp|Outrage|p1a: Manaphy
|-damage|p1a: Manaphy|17/100
|move|p1a: Manaphy|Ice Beam|p2a: Garchomp
|-supereffective|p2a: Garchomp
|-damage|p2a: Garchomp|0 fnt
|faint|p2a: Garchomp
|
|-heal|p1a: Manaphy|23/100|[from] item: Leftovers
|upkeep
|
|t:|1760731426
|switch|p2a: Dragapult|Dragapult, M|100/100
|turn|4
|
|t:|1760731429
|switch|p1a: Slowking|Slowking-Galar, M|100/100
|move|p2a: Dragapult|Dragon Dance|p2a: Dragapult
|-boost|p2a: Dragapult|atk|1
|-boost|p2a: Dragapult|spe|1
|
|upkeep
|turn|5
|
|t:|1760731438
|switch|p1a: Cobalion|Cobalion|100/100
|move|p2a: Dragapult|Substitute|p2a: Dragapult
|-start|p2a: Dragapult|Substitute
|-damage|p2a: Dragapult|76/100
|
|-heal|p2a: Dragapult|82/100|[from] item: Leftovers
|upkeep
|turn|6
|
|t:|1760731441
|-terastallize|p2a: Dragapult|Fire
|move|p2a: Dragapult|Tera Blast|p1a: Cobalion|[anim] Tera Blast Fire
|-supereffective|p1a: Cobalion
|-damage|p1a: Cobalion|32/100
|move|p1a: Cobalion|Iron Defense|p1a: Cobalion
|-boost|p1a: Cobalion|def|2
|
|-heal|p2a: Dragapult|88/100|[from] item: Leftovers
|-heal|p1a: Cobalion|38/100|[from] item: Leftovers
|upkeep
|turn|7
|
|t:|1760731451
|move|p2a: Dragapult|Tera Blast|p1a: Cobalion|[anim] Tera Blast Fire
|-supereffective|p1a: Cobalion
|-damage|p1a: Cobalion|4/100
|move|p1a: Cobalion|Body Press|p2a: Dragapult
|-end|p2a: Dragapult|Substitute
|
|-heal|p2a: Dragapult|94/100|[from] item: Leftovers
|-heal|p1a: Cobalion|10/100|[from] item: Leftovers
|upkeep
|turn|8
|
|t:|1760731457
|move|p2a: Dragapult|Dragon Darts|p1a: Cobalion
|-resisted|p1a: Cobalion
|-damage|p1a: Cobalion|4/100
|-anim|p2a: Dragapult|Dragon Darts|p1a: Cobalion
|-resisted|p1a: Cobalion
|-damage|p1a: Cobalion|0 fnt
|faint|p1a: Cobalion
|
|-heal|p2a: Dragapult|100/100|[from] item: Leftovers
|upkeep
|inactive|tua94892 has 120 seconds left.
|
|t:|1760731490
|switch|p1a: Hydrapple|Hydrapple, F|100/100
|turn|9
|
|t:|1760731495
|-terastallize|p1a: Hydrapple|Ghost
|move|p2a: Dragapult|Tera Blast|p1a: Hydrapple|[anim] Tera Blast Fire
|-damage|p1a: Hydrapple|55/100
|move|p1a: Hydrapple|Fickle Beam|p2a: Dragapult
|-damage|p2a: Dragapult|49/100
|
|-heal|p2a: Dragapult|55/100|[from] item: Leftovers
|upkeep
|turn|10
|
|t:|1760731506
|switch|p1a: Manaphy|Manaphy|23/100
|move|p2a: Dragapult|Dragon Darts|p1a: Manaphy
|-damage|p1a: Manaphy|0 fnt
|faint|p1a: Manaphy
|
|-heal|p2a: Dragapult|61/100|[from] item: Leftovers
|upkeep
|
|t:|1760731508
|switch|p1a: Hydrapple|Hydrapple, F, tera:Ghost|88/100
|turn|11
|
|t:|1760731512
|move|p2a: Dragapult|Dragon Darts|p1a: Hydrapple
|-damage|p1a: Hydrapple|59/100
|-anim|p2a: Dragapult|Dragon Darts|p1a: Hydrapple
|-damage|p1a: Hydrapple|35/100
|move|p1a: Hydrapple|Earth Power|p2a: Dragapult
|-supereffective|p2a: Dragapult
|-damage|p2a: Dragapult|0 fnt
|faint|p2a: Dragapult
|
|upkeep
|
|t:|1760731519
|switch|p2a: Ceruledge|Ceruledge, M|100/100
|turn|12
|
|t:|1760731522
|move|p2a: Ceruledge|Swords Dance|p2a: Ceruledge
|-boost|p2a: Ceruledge|atk|2
|move|p1a: Hydrapple|Earth Power|p2a: Ceruledge
|-supereffective|p2a: Ceruledge
|-damage|p2a: Ceruledge|28/100
|
|upkeep
|turn|13
|
|t:|1760731532
|switch|p1a: Slowking|Slowking-Galar, M|100/100
|move|p2a: Ceruledge|Bitter Blade|p1a: Slowking
|-damage|p1a: Slowking|18/100
|-heal|p2a: Ceruledge|84/100|[from] drain|[of] p1a: Slowking
|
|-heal|p1a: Slowking|24/100|[from] item: Black Sludge
|upkeep
|turn|14
|
|t:|1760731543
|move|p2a: Ceruledge|Bitter Blade|p1a: Slowking
|-damage|p1a: Slowking|0 fnt
|-heal|p2a: Ceruledge|99/100|[from] drain|[of] p1a: Slowking
|faint|p1a: Slowking
|
|upkeep
|
|t:|1760731548
|switch|p1a: Darkrai|Darkrai|100/100
|turn|15
|
|t:|1760731564
|switch|p2a: Toxapex|Toxapex, F|100/100
|move|p1a: Darkrai|Dark Pulse|p2a: Toxapex
|-damage|p2a: Toxapex|76/100
|
|-heal|p2a: Toxapex|82/100|[from] item: Leftovers
|upkeep
|turn|16
|
|t:|1760731571
|switch|p1a: Hydrapple|Hydrapple, F, tera:Ghost|68/100
|move|p2a: Toxapex|Toxic|p1a: Hydrapple
|-status|p1a: Hydrapple|tox
|
|-heal|p2a: Toxapex|88/100|[from] item: Leftovers
|-damage|p1a: Hydrapple|62/100 tox|[from] psn
|upkeep
|turn|17
|
|t:|1760731574
|move|p2a: Toxapex|Baneful Bunker|p2a: Toxapex
|-singleturn|p2a: Toxapex|move: Protect
|move|p1a: Hydrapple|Earth Power|p2a: Toxapex
|-activate|p2a: Toxapex|move: Protect
|
|-heal|p2a: Toxapex|95/100|[from] item: Leftovers
|-damage|p1a: Hydrapple|49/100 tox|[from] psn
|upkeep
|turn|18
|
|t:|1760731577
|move|p1a: Hydrapple|Fickle Beam|p2a: Toxapex
|-damage|p2a: Toxapex|66/100
|move|p2a: Toxapex|Toxic|p1a: Hydrapple
|-fail|p1a: Hydrapple|tox
|
|-heal|p2a: Toxapex|72/100|[from] item: Leftovers
|-damage|p1a: Hydrapple|31/100 tox|[from] psn
|upkeep
|turn|19
|
|t:|1760731583
|move|p2a: Toxapex|Baneful Bunker|p2a: Toxapex
|-singleturn|p2a: Toxapex|move: Protect
|move|p1a: Hydrapple|Earth Power|p2a: Toxapex
|-activate|p2a: Toxapex|move: Protect
|
|-heal|p2a: Toxapex|78/100|[from] item: Leftovers
|-damage|p1a: Hydrapple|7/100 tox|[from] psn
|upkeep
|turn|20
|
|t:|1760731586
|switch|p1a: Cinderace|Cinderace, M|100/100
|move|p2a: Toxapex|Toxic|p1a: Cinderace
|-status|p1a: Cinderace|tox
|
|-heal|p2a: Toxapex|84/100|[from] item: Leftovers
|-damage|p1a: Cinderace|95/100 tox|[from] psn
|upkeep
|turn|21
|
|t:|1760731589
|switch|p1a: Hydrapple|Hydrapple, F, tera:Ghost|40/100 tox
|switch|p2a: Ceruledge|Ceruledge, M|99/100
|
|-damage|p1a: Hydrapple|34/100 tox|[from] psn
|upkeep
|turn|22
|
|t:|1760731592
|move|p2a: Ceruledge|Bitter Blade|p1a: Hydrapple
|-damage|p1a: Hydrapple|2/100 tox
|-heal|p2a: Ceruledge|100/100|[from] drain|[of] p1a: Hydrapple
|move|p1a: Hydrapple|Earth Power|p2a: Ceruledge
|-supereffective|p2a: Ceruledge
|-damage|p2a: Ceruledge|25/100
|
|-damage|p1a: Hydrapple|0 fnt|[from] psn
|faint|p1a: Hydrapple
|upkeep
|
|t:|1760731602
|switch|p1a: Darkrai|Darkrai|100/100
|turn|23
|
|t:|1760731606
|move|p1a: Darkrai|Nasty Plot|p1a: Darkrai
|-boost|p1a: Darkrai|spa|2
|move|p2a: Ceruledge|Close Combat|p1a: Darkrai
|-supereffective|p1a: Darkrai
|-damage|p1a: Darkrai|0 fnt
|-unboost|p2a: Ceruledge|def|1
|-unboost|p2a: Ceruledge|spd|1
|faint|p1a: Darkrai
|
|upkeep
|-message|tua94892 forfeited.
|
|win|jeandonis02
|raw|tua94892's rating: 1886 &rarr; <strong>1869</strong><br />(-17 for losing)
|raw|jeandonis02's rating: 1934 &rarr; <strong>1951</strong><br />(+17 for winning)
|l|☆tua94892
|player|p1|
|l|☆jeandonis02
|player|p2|
