|j|☆IceHotBot
|j|☆Goodguy7
|t:|1760849855
|gametype|singles
|player|p1|IceHotBot|1|1419
|player|p2|Goodguy7|juggler|1373
|gen|9
|tier|[Gen 9] OU
|rated|
|rule|HP Percentage Mod: HP is shown in percentages
|rule|Endless Battle Clause: Forcing endless battles is banned
|rule|Species Clause: Limit one of each Pokémon
|rule|OHKO Clause: OHKO moves are banned
|rule|Evasion Items Clause: Evasion items are banned
|rule|Evasion Moves Clause: Evasion moves are banned
|rule|Evasion Abilities Clause: Evasion abilities are banned
|rule|Sleep Moves Clause: Sleep-inducing moves are banned
|clearpoke
|poke|p1|Ting-Lu|
|poke|p1|Weezing-Galar, M|
|poke|p1|Alomomola, F|
|poke|p1|Tornadus-Therian, M|
|poke|p1|Zamazenta-*|
|poke|p1|Gholdengo|
|poke|p2|Infernape, F|
|poke|p2|Zapdos|
|poke|p2|Primarina, M|
|poke|p2|Slowking-Galar, F|
|poke|p2|Iron Treads|
|poke|p2|Scizor, M|
|teampreview
|inactive|Battle timer is ON: inactive players will automatically lose when time's up. (requested by Goodguy7)
|
|t:|1760849861
|teamsize|p1|6
|teamsize|p2|6
|start
|switch|p1a: Gholdengo|Gholdengo|100/100
|switch|p2a: Scizor|Scizor, M|100/100
|turn|1
|
|t:|1760849865
|switch|p1a: Alomomola|Alomomola, F|100/100
|move|p2a: Scizor|Knock Off|p1a: Alomomola
|-damage|p1a: Alomomola|64/100
|-damage|p2a: Scizor|84/100|[from] item: Rocky Helmet|[of] p1a: Alomomola
|-enditem|p1a: Alomomola|Rocky Helmet|[from] move: Knock Off|[of] p2a: Scizor
|
|upkeep
|turn|2
|
|t:|1760849871
|switch|p2a: Primarina|Primarina, M|100/100
|move|p1a: Alomomola|Scald|p2a: Primarina
|-resisted|p2a: Primarina
|-damage|p2a: Primarina|96/100
|
|upkeep
|turn|3
|
|t:|1760849874
|move|p2a: Primarina|Moonblast|p1a: Alomomola
|-damage|p1a: Alomomola|14/100
|move|p1a: Alomomola|Flip Turn|p2a: Primarina
|-resisted|p2a: Primarina
|-damage|p2a: Primarina|85/100
|
|t:|1760849878
|switch|p1a: Gholdengo|Gholdengo|100/100|[from] Flip Turn
|
|upkeep
|turn|4
|
|t:|1760849881
|move|p1a: Gholdengo|Make It Rain|p2a: Primarina
|-damage|p2a: Primarina|48/100
|-unboost|p1a: Gholdengo|spa|1
|move|p2a: Primarina|Flip Turn|p1a: Gholdengo
|-damage|p1a: Gholdengo|84/100
|
|t:|1760849885
|switch|p2a: Infernape|Infernape, F|100/100|[from] Flip Turn
|
|upkeep
|turn|5
|
|t:|1760849890
|switch|p1a: Weezing|Weezing-Galar, M|100/100
|-ability|p1a: Weezing|Neutralizing Gas
|move|p2a: Infernape|Flare Blitz|p1a: Weezing
|-damage|p1a: Weezing|47/100
|-status|p1a: Weezing|brn
|-damage|p2a: Infernape|80/100|[from] Recoil
|
|-damage|p1a: Weezing|41/100 brn|[from] brn
|upkeep
|turn|6
|
|t:|1760849894
|-end|p1a: Weezing|ability: Neutralizing Gas
|switch|p1a: Zamazenta|Zamazenta|100/100
|-ability|p1a: Zamazenta|Dauntless Shield|boost
|-boost|p1a: Zamazenta|def|1
|move|p2a: Infernape|Flare Blitz|p1a: Zamazenta
|-crit|p1a: Zamazenta
|-damage|p1a: Zamazenta|0 fnt
|faint|p1a: Zamazenta
|-damage|p2a: Infernape|41/100|[from] Recoil
|
|upkeep
|
|t:|1760849897
|switch|p1a: Tornadus|Tornadus-Therian, M|100/100
|turn|7
|
|t:|1760849905
|switch|p2a: Primarina|Primarina, M|48/100
|move|p1a: Tornadus|Bleakwind Storm|p2a: Primarina|[miss]
|-miss|p1a: Tornadus|p2a: Primarina
|
|upkeep
|turn|8
|
|t:|1760849908
|move|p1a: Tornadus|U-turn|p2a: Primarina
|-resisted|p2a: Primarina
|-damage|p2a: Primarina|39/100
|
|t:|1760849910
|switch|p1a: Alomomola|Alomomola, F|47/100|[from] U-turn
|move|p2a: Primarina|Moonblast|p1a: Alomomola
|-damage|p1a: Alomomola|0 fnt
|faint|p1a: Alomomola
|
|upkeep
|
|t:|1760849911
|switch|p1a: Tornadus|Tornadus-Therian, M|100/100
|turn|9
|
|t:|1760849913
|move|p1a: Tornadus|Bleakwind Storm|p2a: Primarina
|-damage|p2a: Primarina|11/100
|move|p2a: Primarina|Moonblast|p1a: Tornadus
|-damage|p1a: Tornadus|35/100
|-unboost|p1a: Tornadus|spa|1
|
|upkeep
|turn|10
|
|t:|1760849919
|move|p1a: Tornadus|Bleakwind Storm|p2a: Primarina
|-damage|p2a: Primarina|0 fnt
|faint|p2a: Primarina
|
|upkeep
|
|t:|1760849923
|switch|p2a: Slowking|Slowking-Galar, F|100/100
|turn|11
|
|t:|1760849926
|move|p1a: Tornadus|Knock Off|p2a: Slowking
|-supereffective|p2a: Slowking
|-damage|p2a: Slowking|61/100
|-enditem|p2a: Slowking|Heavy-Duty Boots|[from] move: Knock Off|[of] p1a: Tornadus
|move|p2a: Slowking|Future Sight|p1a: Tornadus
|-start|p2a: Slowking|move: Future Sight
|
|upkeep
|turn|12
|
|t:|1760849931
|move|p1a: Tornadus|U-turn|p2a: Slowking
|-damage|p2a: Slowking|45/100
|
|t:|1760849934
|switch|p1a: Gholdengo|Gholdengo|84/100|[from] U-turn
|move|p2a: Slowking|Sludge Bomb|p1a: Gholdengo
|-immune|p1a: Gholdengo
|
|upkeep
|turn|13
|
|t:|1760849938
|switch|p1a: Ting-Lu|Ting-Lu|100/100
|-ability|p1a: Ting-Lu|Vessel of Ruin
|-prepare|p2a: Slowking|Chilly Reception|[premajor]
|move|p2a: Slowking|Chilly Reception|p2a: Slowking
|-weather|Snowscape
|
|t:|1760849942
|switch|p2a: Scizor|Scizor, M|84/100|[from] Chilly Reception
|
|-weather|Snowscape|[upkeep]
|-end|p1a: Ting-Lu|move: Future Sight
|-immune|p1a: Ting-Lu
|upkeep
|turn|14
|
|t:|1760849946
|move|p2a: Scizor|U-turn|p1a: Ting-Lu
|-supereffective|p1a: Ting-Lu
|-crit|p1a: Ting-Lu
|-damage|p1a: Ting-Lu|6/100
|
|t:|1760849950
|switch|p2a: Zapdos|Zapdos|100/100|[from] U-turn
|move|p1a: Ting-Lu|Stealth Rock|p2a: Zapdos
|-sidestart|p2: Goodguy7|move: Stealth Rock
|
|-weather|Snowscape|[upkeep]
|-heal|p1a: Ting-Lu|12/100|[from] item: Leftovers
|upkeep
|turn|15
|
|t:|1760849952
|move|p2a: Zapdos|Hurricane|p1a: Ting-Lu
|-damage|p1a: Ting-Lu|0 fnt
|faint|p1a: Ting-Lu
|
|-weather|Snowscape|[upkeep]
|upkeep
|
|t:|1760849955
|switch|p1a: Gholdengo|Gholdengo|84/100
|turn|16
|
|t:|1760849957
|move|p1a: Gholdengo|Shadow Ball|p2a: Zapdos
|-damage|p2a: Zapdos|53/100
|-unboost|p2a: Zapdos|spd|1
|move|p2a: Zapdos|Volt Switch|p1a: Gholdengo
|-damage|p1a: Gholdengo|45/100
|
|t:|1760849965
|switch|p2a: Iron Treads|Iron Treads|100/100|[from] Volt Switch
|-damage|p2a: Iron Treads|97/100|[from] Stealth Rock
|
|-weather|Snowscape|[upkeep]
|-heal|p2a: Iron Treads|100/100|[from] item: Leftovers
|upkeep
|turn|17
|
|t:|1760849967
|move|p1a: Gholdengo|Shadow Ball|p2a: Iron Treads
|-damage|p2a: Iron Treads|37/100
|move|p2a: Iron Treads|Earthquake|p1a: Gholdengo
|-supereffective|p1a: Gholdengo
|-damage|p1a: Gholdengo|0 fnt
|faint|p1a: Gholdengo
|
|-weather|none
|-heal|p2a: Iron Treads|43/100|[from] item: Leftovers
|upkeep
|
|t:|1760849970
|switch|p1a: Tornadus|Tornadus-Therian, M|68/100
|turn|18
|
|t:|1760849975
|move|p1a: Tornadus|Heat Wave|p2a: Iron Treads
|-supereffective|p2a: Iron Treads
|-damage|p2a: Iron Treads|0 fnt
|faint|p2a: Iron Treads
|-end|p2a: Iron Treads|Quark Drive|[silent]
|
|upkeep
|
|t:|1760849983
|switch|p2a: Slowking|Slowking-Galar, F|79/100
|-damage|p2a: Slowking|66/100|[from] Stealth Rock
|turn|19
|
|t:|1760849989
|-terastallize|p1a: Tornadus|Steel
|move|p1a: Tornadus|Knock Off|p2a: Slowking
|-supereffective|p2a: Slowking
|-damage|p2a: Slowking|38/100
|move|p2a: Slowking|Sludge Bomb|p1a: Tornadus
|-immune|p1a: Tornadus
|
|upkeep
|turn|20
|
|t:|1760849994
|move|p1a: Tornadus|Bleakwind Storm|p2a: Slowking
|-damage|p2a: Slowking|9/100
|move|p2a: Slowking|Thunder Wave|p1a: Tornadus
|-status|p1a: Tornadus|par
|
|upkeep
|turn|21
|
|t:|1760849997
|move|p1a: Tornadus|Knock Off|p2a: Slowking
|-supereffective|p2a: Slowking
|-damage|p2a: Slowking|0 fnt
|faint|p2a: Slowking
|
|upkeep
|
|t:|1760850001
|switch|p2a: Infernape|Infernape, F|41/100
|-damage|p2a: Infernape|29/100|[from] Stealth Rock
|turn|22
|
|t:|1760850006
|move|p2a: Infernape|Mach Punch|p1a: Tornadus
|-supereffective|p1a: Tornadus
|-damage|p1a: Tornadus|0 fnt
|faint|p1a: Tornadus
|
|upkeep
|-message|IceHotBot forfeited.
|
|win|Goodguy7
|raw|IceHotBot's rating: 1419 &rarr; <strong>1396</strong><br />(-23 for losing)
|raw|Goodguy7's rating: 1373 &rarr; <strong>1396</strong><br />(+23 for winning)
|l|☆IceHotBot
|player|p1|
|l|☆Goodguy7
|player|p2|
