|j|☆dgp1397
|j|☆Bromake
|t:|1760779589
|gametype|singles
|player|p1|dgp1397|fisherman-gen4|1168
|player|p2|Bromake|rosa|1194
|gen|9
|tier|[Gen 9] OU
|rated|
|rule|HP Percentage Mod: HP is shown in percentages
|rule|Endless Battle Clause: Forcing endless battles is banned
|rule|Species Clause: Limit one of each Pokémon
|rule|OHKO Clause: OHKO moves are banned
|rule|Evasion Items Clause: Evasion items are banned
|rule|Evasion Moves Clause: Evasion moves are banned
|rule|Evasion Abilities Clause: Evasion abilities are banned
|rule|Sleep Moves Clause: Sleep-inducing moves are banned
|clearpoke
|poke|p1|Gliscor, M|
|poke|p1|Garganacl, F|
|poke|p1|Slowking-Galar, M|
|poke|p1|Ambipom, M|
|poke|p1|Dragapult, M|
|poke|p1|Iron Treads|
|poke|p2|Corviknight, F|
|poke|p2|Gliscor, F|
|poke|p2|Blissey, F|
|poke|p2|Skeledirge, F|
|poke|p2|Cinderace, F|
|poke|p2|Darkrai|
|teampreview
|inactive|Battle timer is ON: inactive players will automatically lose when time's up. (requested by Bromake)
|
|t:|1760779601
|teamsize|p1|6
|teamsize|p2|6
|start
|switch|p1a: Ambipom|Ambipom, M|100/100
|switch|p2a: Darkrai|Darkrai, shiny|100/100
|turn|1
|
|t:|1760779607
|switch|p2a: Gliscor|Gliscor, F, shiny|100/100
|move|p1a: Ambipom|Fake Out|p2a: Gliscor
|-damage|p2a: Gliscor|84/100
|
|-status|p2a: Gliscor|tox|[from] item: Toxic Orb
|upkeep
|turn|2
|
|t:|1760779615
|switch|p2a: Corviknight|Corviknight, F, shiny|100/100
|-ability|p2a: Corviknight|Pressure
|move|p1a: Ambipom|U-turn|p2a: Corviknight
|-resisted|p2a: Corviknight
|-damage|p2a: Corviknight|98/100
|
|t:|1760779621
|switch|p1a: Garganacl|Garganacl, F|100/100|[from] U-turn
|
|upkeep
|turn|3
|
|t:|1760779629
|switch|p2a: Darkrai|Darkrai, shiny|100/100
|move|p1a: Garganacl|Salt Cure|p2a: Darkrai
|-damage|p2a: Darkrai|83/100
|-start|p2a: Darkrai|Salt Cure
|
|-damage|p2a: Darkrai|71/100|[from] Salt Cure
|upkeep
|turn|4
|
|t:|1760779636
|move|p2a: Darkrai|Trick|p1a: Garganacl
|-activate|p2a: Darkrai|move: Trick|[of] p1a: Garganacl
|-item|p1a: Garganacl|Choice Scarf|[from] move: Trick
|-item|p2a: Darkrai|Leftovers|[from] move: Trick
|move|p1a: Garganacl|Stealth Rock|p2a: Darkrai
|-sidestart|p2: Bromake|move: Stealth Rock
|
|-heal|p2a: Darkrai|77/100|[from] item: Leftovers
|-damage|p2a: Darkrai|64/100|[from] Salt Cure
|upkeep
|turn|5
|
|t:|1760779648
|switch|p1a: Slowking|Slowking-Galar, M|100/100
|move|p2a: Darkrai|Ice Beam|p1a: Slowking
|-damage|p1a: Slowking|80/100
|
|-heal|p2a: Darkrai|70/100|[from] item: Leftovers
|-damage|p2a: Darkrai|58/100|[from] Salt Cure
|upkeep
|turn|6
|
|t:|1760779658
|switch|p2a: Blissey|Blissey, F, shiny|100/100
|-damage|p2a: Blissey|88/100|[from] Stealth Rock
|move|p1a: Slowking|Thunder Wave|p2a: Blissey
|-status|p2a: Blissey|par
|
|-heal|p2a: Blissey|94/100 par|[from] item: Leftovers
|upkeep
|turn|7
|
|t:|1760779672
|move|p2a: Blissey|Seismic Toss|p1a: Slowking
|-damage|p1a: Slowking|55/100
|-prepare|p1a: Slowking|Chilly Reception|[premajor]
|move|p1a: Slowking|Chilly Reception|p1a: Slowking
|-weather|Snowscape
|
|t:|1760779679
|switch|p1a: Ambipom|Ambipom, M|100/100|[from] Chilly Reception
|
|-weather|Snowscape|[upkeep]
|-heal|p2a: Blissey|99/100 par|[from] item: Leftovers
|upkeep
|turn|8
|
|t:|1760779684
|-curestatus|p2a: Blissey|par|[from] ability: Natural Cure
|switch|p2a: Cinderace|Cinderace, F, shiny|100/100
|move|p1a: Ambipom|Fake Out|p2a: Cinderace
|-damage|p2a: Cinderace|64/100
|
|-weather|Snowscape|[upkeep]
|upkeep
|turn|9
|
|t:|1760779696
|switch|p1a: Iron Treads|Iron Treads|100/100
|-enditem|p1a: Iron Treads|Booster Energy
|-activate|p1a: Iron Treads|ability: Quark Drive|[fromitem]
|-start|p1a: Iron Treads|quarkdrivespe
|move|p2a: Cinderace|Court Change|p2a: Cinderace
|-start|p2a: Cinderace|typechange|Normal|[from] ability: Libero
|-swapsideconditions
|-activate|p2a: Cinderace|move: Court Change
|
|-weather|Snowscape|[upkeep]
|upkeep
|turn|10
|
|t:|1760779706
|move|p1a: Iron Treads|Earthquake|p2a: Cinderace
|-damage|p2a: Cinderace|0 fnt
|faint|p2a: Cinderace
|
|-weather|Snowscape|[upkeep]
|upkeep
|
|t:|1760779712
|switch|p2a: Corviknight|Corviknight, F, shiny|98/100
|-ability|p2a: Corviknight|Pressure
|turn|11
|
|t:|1760779720
|-terastallize|p1a: Iron Treads|Ghost
|move|p1a: Iron Treads|Rapid Spin|p2a: Corviknight
|-resisted|p2a: Corviknight
|-damage|p2a: Corviknight|93/100
|-boost|p1a: Iron Treads|spe|1
|-damage|p1a: Iron Treads|84/100|[from] item: Rocky Helmet|[of] p2a: Corviknight
|-sideend|p1: dgp1397|Stealth Rock|[from] move: Rapid Spin|[of] p1a: Iron Treads
|move|p2a: Corviknight|Iron Defense|p2a: Corviknight
|-boost|p2a: Corviknight|def|2
|
|-weather|none
|upkeep
|turn|12
|
|t:|1760779729
|move|p1a: Iron Treads|Stealth Rock|p2a: Corviknight
|-sidestart|p2: Bromake|move: Stealth Rock
|move|p2a: Corviknight|Iron Defense|p2a: Corviknight
|-boost|p2a: Corviknight|def|2
|
|upkeep
|turn|13
|
|t:|1760779740
|-end|p1a: Iron Treads|Quark Drive|[silent]
|switch|p1a: Dragapult|Dragapult, M|100/100
|move|p2a: Corviknight|Iron Defense|p2a: Corviknight
|-boost|p2a: Corviknight|def|2
|
|upkeep
|turn|14
|
|t:|1760779746
|switch|p2a: Blissey|Blissey, F, shiny|99/100
|-damage|p2a: Blissey|88/100|[from] Stealth Rock
|move|p1a: Dragapult|Flamethrower|p2a: Blissey
|-damage|p2a: Blissey|76/100
|
|-heal|p2a: Blissey|82/100|[from] item: Leftovers
|upkeep
|turn|15
|
|t:|1760779756
|switch|p1a: Gliscor|Gliscor, M|100/100
|move|p2a: Blissey|Thunder Wave|p1a: Gliscor
|-immune|p1a: Gliscor
|
|-heal|p2a: Blissey|88/100|[from] item: Leftovers
|-status|p1a: Gliscor|tox|[from] item: Toxic Orb
|upkeep
|turn|16
|
|t:|1760779765
|switch|p2a: Corviknight|Corviknight, F, shiny|93/100
|-damage|p2a: Corviknight|81/100|[from] Stealth Rock
|-ability|p2a: Corviknight|Pressure
|move|p1a: Gliscor|Knock Off|p2a: Corviknight
|-damage|p2a: Corviknight|68/100
|-damage|p1a: Gliscor|84/100 tox|[from] item: Rocky Helmet|[of] p2a: Corviknight
|-enditem|p2a: Corviknight|Rocky Helmet|[from] move: Knock Off|[of] p1a: Gliscor
|
|-heal|p1a: Gliscor|97/100 tox|[from] ability: Poison Heal
|upkeep
|turn|17
|
|t:|1760779778
|switch|p2a: Gliscor|Gliscor, F, shiny|84/100 tox
|-damage|p2a: Gliscor|71/100 tox|[from] Stealth Rock
|move|p1a: Gliscor|Spikes|p2a: Gliscor
|-sidestart|p2: Bromake|Spikes
|
|-heal|p2a: Gliscor|84/100 tox|[from] ability: Poison Heal
|-heal|p1a: Gliscor|100/100 tox|[from] ability: Poison Heal
|upkeep
|turn|18
|-message|Bromake forfeited.
|
|win|dgp1397
|raw|dgp1397's rating: 1168 &rarr; <strong>1195</strong><br />(+27 for winning)
|raw|Bromake's rating: 1194 &rarr; <strong>1167</strong><br />(-27 for losing)
|l|☆Bromake
|player|p2|
|l|☆dgp1397
|player|p1|
