|j|☆5afqkan
|j|☆rii555
|t:|1760866575
|gametype|singles
|player|p1|5afqkan|102|1170
|player|p2|rii555|169|1176
|gen|9
|tier|[Gen 9] OU
|rated|
|rule|HP Percentage Mod: HP is shown in percentages
|rule|Endless Battle Clause: Forcing endless battles is banned
|rule|Species Clause: Limit one of each Pokémon
|rule|OHKO Clause: OHKO moves are banned
|rule|Evasion Items Clause: Evasion items are banned
|rule|Evasion Moves Clause: Evasion moves are banned
|rule|Evasion Abilities Clause: Evasion abilities are banned
|rule|Sleep Moves Clause: Sleep-inducing moves are banned
|clearpoke
|poke|p1|Magnezone|
|poke|p1|Torterra, F|
|poke|p1|Mimikyu, F|
|poke|p1|Weavile, M|
|poke|p1|Keldeo-Resolute|
|poke|p1|Moltres|
|poke|p2|Deoxys-Speed|
|poke|p2|Great Tusk|
|poke|p2|Sawsbuck-Autumn, F|
|poke|p2|Weavile, M|
|poke|p2|Dragonite, M|
|poke|p2|Klefki, M|
|teampreview
|
|t:|1760866599
|teamsize|p1|6
|teamsize|p2|6
|start
|switch|p1a: Weavile|Weavile, M|100/100
|switch|p2a: Klefki|Klefki, M|100/100
|-ability|p1a: Weavile|Pressure
|turn|1
|
|t:|1760866615
|move|p2a: Klefki|Thunder Wave|p1a: Weavile
|-hint|Since gen 7, Dark is immune to Prankster moves.
|-immune|p1a: Weavile
|move|p1a: Weavile|Knock Off|p2a: Klefki
|-resisted|p2a: Klefki
|-damage|p2a: Klefki|75/100
|-damage|p1a: Weavile|84/100|[from] item: Rocky Helmet|[of] p2a: Klefki
|-enditem|p2a: Klefki|Rocky Helmet|[from] move: Knock Off|[of] p1a: Weavile
|
|upkeep
|turn|2
|
|t:|1760866631
|move|p1a: Weavile|Icicle Crash|p2a: Klefki
|-resisted|p2a: Klefki
|-damage|p2a: Klefki|50/100
|move|p2a: Klefki|Dazzling Gleam|p1a: Weavile
|-supereffective|p1a: Weavile
|-damage|p1a: Weavile|0 fnt
|faint|p1a: Weavile
|
|upkeep
|
|t:|1760866639
|switch|p1a: Moltres|Moltres|100/100
|turn|3
|
|t:|1760866645
|move|p2a: Klefki|Light Screen|p2a: Klefki
|-sidestart|p2: rii555|move: Light Screen
|move|p1a: Moltres|Flamethrower|p2a: Klefki
|-supereffective|p2a: Klefki
|-damage|p2a: Klefki|0 fnt
|faint|p2a: Klefki
|
|upkeep
|
|t:|1760866655
|switch|p2a: Deoxys|Deoxys-Speed, shiny|100/100
|-ability|p2a: Deoxys|Pressure
|turn|4
|
|t:|1760866662
|move|p2a: Deoxys|Meteor Beam||[still]
|-prepare|p2a: Deoxys|Meteor Beam
|-boost|p2a: Deoxys|spa|1
|-enditem|p2a: Deoxys|Power Herb
|-anim|p2a: Deoxys|Meteor Beam|p1a: Moltres
|-supereffective|p1a: Moltres
|-damage|p1a: Moltres|0 fnt
|faint|p1a: Moltres
|
|upkeep
|
|t:|1760866672
|switch|p1a: Mimikyu|Mimikyu, F|100/100
|turn|5
|
|t:|1760866684
|move|p2a: Deoxys|Psycho Boost|p1a: Mimikyu
|-activate|p1a: Mimikyu|ability: Disguise
|-damage|p1a: Mimikyu|100/100
|-unboost|p2a: Deoxys|spa|2
|detailschange|p1a: Mimikyu|Mimikyu-Busted, F
|-damage|p1a: Mimikyu|88/100|[from] pokemon: Mimikyu-Busted
|move|p1a: Mimikyu|Swords Dance|p1a: Mimikyu
|-boost|p1a: Mimikyu|atk|2
|
|upkeep
|turn|6
|
|t:|1760866696
|move|p2a: Deoxys|Psycho Boost|p1a: Mimikyu
|-damage|p1a: Mimikyu|36/100
|-unboost|p2a: Deoxys|spa|2
|move|p1a: Mimikyu|Shadow Claw|p2a: Deoxys
|-supereffective|p2a: Deoxys
|-damage|p2a: Deoxys|0 fnt
|faint|p2a: Deoxys
|-damage|p1a: Mimikyu|26/100|[from] item: Life Orb
|
|upkeep
|
|t:|1760866710
|switch|p2a: Sawsbuck|Sawsbuck-Autumn, F, shiny|100/100
|turn|7
|
|t:|1760866714
|move|p1a: Mimikyu|Play Rough|p2a: Sawsbuck
|-damage|p2a: Sawsbuck|0 fnt
|faint|p2a: Sawsbuck
|-damage|p1a: Mimikyu|16/100|[from] item: Life Orb
|
|-sideend|p2: rii555|move: Light Screen
|upkeep
|
|t:|1760866725
|switch|p2a: Dragonite|Dragonite, M|100/100
|turn|8
|
|t:|1760866732
|move|p1a: Mimikyu|Play Rough|p2a: Dragonite
|-supereffective|p2a: Dragonite
|-damage|p2a: Dragonite|0 fnt
|faint|p2a: Dragonite
|-damage|p1a: Mimikyu|6/100|[from] item: Life Orb
|
|upkeep
|
|t:|1760866737
|switch|p2a: Weavile|Weavile, M|100/100
|turn|9
|
|t:|1760866743
|move|p2a: Weavile|Ice Shard|p1a: Mimikyu
|-damage|p1a: Mimikyu|0 fnt
|faint|p1a: Mimikyu
|
|upkeep
|
|t:|1760866745
|switch|p1a: Keldeo|Keldeo-Resolute|100/100
|turn|10
|
|t:|1760866760
|-terastallize|p2a: Weavile|Ice
|move|p2a: Weavile|Triple Axel|p1a: Keldeo
|-resisted|p1a: Keldeo
|-damage|p1a: Keldeo|93/100
|-resisted|p1a: Keldeo
|-damage|p1a: Keldeo|78/100
|-resisted|p1a: Keldeo
|-damage|p1a: Keldeo|55/100
|-hitcount|p1a: Keldeo|3
|move|p1a: Keldeo|Secret Sword|p2a: Weavile
|-supereffective|p2a: Weavile
|-enditem|p2a: Weavile|Focus Sash
|-damage|p2a: Weavile|1/100
|
|-heal|p1a: Keldeo|61/100|[from] item: Leftovers
|upkeep
|turn|11
|
|t:|1760866775
|move|p1a: Keldeo|Vacuum Wave|p2a: Weavile
|-supereffective|p2a: Weavile
|-damage|p2a: Weavile|0 fnt
|faint|p2a: Weavile
|
|-heal|p1a: Keldeo|67/100|[from] item: Leftovers
|upkeep
|
|t:|1760866780
|switch|p2a: Great Tusk|Great Tusk|100/100
|-enditem|p2a: Great Tusk|Booster Energy
|-activate|p2a: Great Tusk|ability: Protosynthesis|[fromitem]
|-start|p2a: Great Tusk|protosynthesisatk
|turn|12
|
|t:|1760866794
|move|p1a: Keldeo|Surf|p2a: Great Tusk
|-supereffective|p2a: Great Tusk
|-damage|p2a: Great Tusk|0 fnt
|faint|p2a: Great Tusk
|-end|p2a: Great Tusk|Protosynthesis|[silent]
|
|win|5afqkan
|raw|5afqkan's rating: 1170 &rarr; <strong>1195</strong><br />(+25 for winning)
|raw|rii555's rating: 1176 &rarr; <strong>1151</strong><br />(-25 for losing)
|l|☆rii555
|player|p2|
|l|☆5afqkan
|player|p1|
