|badge|p1|bronze|gen9ou|100-7
|uhtml|medal-msg|<div class="broadcast-blue">Curious what those medals under the avatar are? PS now has Ladder Seasons! For more information, check out the <a href="https://www.smogon.com/forums/threads/3740067/">thread on Smogon.</a></div>
|badge|p2|bronze|gen9ou|100-7
|uhtml|medal-msg|<div class="broadcast-blue">Curious what those medals under the avatar are? PS now has Ladder Seasons! For more information, check out the <a href="https://www.smogon.com/forums/threads/3740067/">thread on Smogon.</a></div>
|j|☆DivJudgement
|j|☆ajonymousnon
|t:|1760817933
|gametype|singles
|player|p1|DivJudgement|dragontamer-gen6|1896
|player|p2|ajonymousnon|1|1885
|gen|9
|tier|[Gen 9] OU
|rated|
|rule|HP Percentage Mod: HP is shown in percentages
|rule|Endless Battle Clause: Forcing endless battles is banned
|rule|Species Clause: Limit one of each Pokémon
|rule|OHKO Clause: OHKO moves are banned
|rule|Evasion Items Clause: Evasion items are banned
|rule|Evasion Moves Clause: Evasion moves are banned
|rule|Evasion Abilities Clause: Evasion abilities are banned
|rule|Sleep Moves Clause: Sleep-inducing moves are banned
|clearpoke
|poke|p1|Slowking-Galar, M|
|poke|p1|Kyurem|
|poke|p1|Cinderace, F|
|poke|p1|Tornadus-Therian, M|
|poke|p1|Hydrapple, F|
|poke|p1|Kingambit, F|
|poke|p2|Great Tusk|
|poke|p2|Ogerpon-Cornerstone, F|
|poke|p2|Rillaboom, F|
|poke|p2|Tyranitar, F|
|poke|p2|Corviknight, F|
|poke|p2|Dragapult, M|
|teampreview
|inactive|Battle timer is ON: inactive players will automatically lose when time's up. (requested by DivJudgement)
|
|t:|1760817939
|teamsize|p1|6
|teamsize|p2|6
|start
|switch|p1a: Depressed Drunk|Slowking-Galar, M|100/100
|switch|p2a: Dragapult|Dragapult, M|100/100
|turn|1
|inactive|DivJudgement has 120 seconds left.
|j| wobuhaole
|
|t:|1760817987
|move|p2a: Dragapult|Substitute|p2a: Dragapult
|-start|p2a: Dragapult|Substitute
|-damage|p2a: Dragapult|76/100
|move|p1a: Depressed Drunk|Ice Beam|p2a: Dragapult
|-supereffective|p2a: Dragapult
|-end|p2a: Dragapult|Substitute
|
|-heal|p2a: Dragapult|82/100|[from] item: Leftovers
|upkeep
|turn|2
|j| Guess such
|
|t:|1760817992
|switch|p2a: Tyranitar|Tyranitar, F|100/100
|-weather|Sandstorm|[from] ability: Sand Stream|[of] p2a: Tyranitar
|move|p1a: Depressed Drunk|Toxic|p2a: Tyranitar
|-status|p2a: Tyranitar|tox
|
|-weather|Sandstorm|[upkeep]
|-damage|p1a: Depressed Drunk|94/100|[from] Sandstorm
|-damage|p2a: Tyranitar|94/100 tox|[from] psn
|upkeep
|turn|3
|
|t:|1760818000
|move|p2a: Tyranitar|Knock Off|p1a: Depressed Drunk
|-supereffective|p1a: Depressed Drunk
|-enditem|p1a: Depressed Drunk|Colbur Berry|[eat]
|-enditem|p1a: Depressed Drunk|Colbur Berry|[weaken]
|-damage|p1a: Depressed Drunk|62/100
|-prepare|p1a: Depressed Drunk|Chilly Reception|[premajor]
|move|p1a: Depressed Drunk|Chilly Reception|p1a: Depressed Drunk
|-weather|Snowscape
|l| Guess such
|inactive|DivJudgement has 120 seconds left.
|inactive|DivJudgement has 90 seconds left.
|
|t:|1760818040
|switch|p1a: Boro Breath|Cinderace, F|100/100|[from] Chilly Reception
|
|-weather|Snowscape|[upkeep]
|-heal|p2a: Tyranitar|100/100 tox|[from] item: Leftovers
|-damage|p2a: Tyranitar|88/100 tox|[from] psn
|upkeep
|turn|4
|
|t:|1760818062
|move|p1a: Boro Breath|U-turn|p2a: Tyranitar
|-start|p1a: Boro Breath|typechange|Bug|[from] ability: Libero
|-supereffective|p2a: Tyranitar
|-damage|p2a: Tyranitar|35/100 tox
|
|t:|1760818066
|switch|p1a: Depressed Drunk|Slowking-Galar, M|96/100|[from] U-turn
|move|p2a: Tyranitar|Stealth Rock|p1a: Depressed Drunk
|-sidestart|p1: DivJudgement|move: Stealth Rock
|
|-weather|Snowscape|[upkeep]
|-heal|p2a: Tyranitar|41/100 tox|[from] item: Leftovers
|-damage|p2a: Tyranitar|23/100 tox|[from] psn
|upkeep
|turn|5
|j| tapu moxo
|
|t:|1760818075
|switch|p2a: Ogerpon|Ogerpon-Cornerstone, F|100/100
|-prepare|p1a: Depressed Drunk|Chilly Reception|[premajor]
|move|p1a: Depressed Drunk|Chilly Reception|p1a: Depressed Drunk
|
|t:|1760818077
|switch|p1a: Boro Breath|Cinderace, F|100/100|[from] Chilly Reception
|
|-weather|Snowscape|[upkeep]
|upkeep
|turn|6
|
|t:|1760818083
|-terastallize|p2a: Ogerpon|Rock
|detailschange|p2a: Ogerpon|Ogerpon-Cornerstone-Tera, F, tera:Rock
|-ability|p2a: Ogerpon|Embody Aspect (Cornerstone)|boost
|-boost|p2a: Ogerpon|def|1
|move|p1a: Boro Breath|U-turn|p2a: Ogerpon
|-start|p1a: Boro Breath|typechange|Bug|[from] ability: Libero
|-damage|p2a: Ogerpon|73/100
|
|t:|1760818085
|switch|p1a: Laughing Drunk|Hydrapple, F|100/100|[from] U-turn
|-damage|p1a: Laughing Drunk|88/100|[from] Stealth Rock
|move|p2a: Ogerpon|Ivy Cudgel|p1a: Laughing Drunk|[anim] Ivy Cudgel Rock
|-damage|p1a: Laughing Drunk|40/100
|
|-weather|Snowscape|[upkeep]
|upkeep
|turn|7
|
|t:|1760818111
|switch|p2a: Corviknight|Corviknight, F|100/100
|-ability|p2a: Corviknight|Pressure
|switch|p1a: Raging Drunk|Kingambit, F|100/100
|-damage|p1a: Raging Drunk|94/100|[from] Stealth Rock
|
|-weather|none
|upkeep
|turn|8
|
|t:|1760818120
|-end|p1a: Raging Drunk|fallenundefined|[silent]
|switch|p1a: Depressed Drunk|Slowking-Galar, M|100/100
|-damage|p1a: Depressed Drunk|88/100|[from] Stealth Rock
|move|p2a: Corviknight|Brave Bird|p1a: Depressed Drunk
|-damage|p1a: Depressed Drunk|58/100
|-damage|p2a: Corviknight|91/100|[from] Recoil
|
|upkeep
|turn|9
|
|t:|1760818129
|move|p2a: Corviknight|U-turn|p1a: Depressed Drunk
|-damage|p1a: Depressed Drunk|47/100
|
|t:|1760818132
|switch|p2a: Great Tusk|Great Tusk|100/100|[from] U-turn
|-prepare|p1a: Depressed Drunk|Chilly Reception|[premajor]
|move|p1a: Depressed Drunk|Chilly Reception|p1a: Depressed Drunk
|-weather|Snowscape
|
|t:|1760818135
|switch|p1a: Thieving Drunk|Tornadus-Therian, M|100/100|[from] Chilly Reception
|
|-weather|Snowscape|[upkeep]
|upkeep
|turn|10
|
|t:|1760818145
|-end|p2a: Great Tusk|Protosynthesis|[silent]
|switch|p2a: Tyranitar|Tyranitar, F|23/100 tox
|-weather|Sandstorm|[from] ability: Sand Stream|[of] p2a: Tyranitar
|move|p1a: Thieving Drunk|Bleakwind Storm|p2a: Tyranitar|[miss]
|-miss|p1a: Thieving Drunk|p2a: Tyranitar
|
|-weather|Sandstorm|[upkeep]
|-damage|p1a: Thieving Drunk|94/100|[from] Sandstorm
|-heal|p2a: Tyranitar|29/100 tox|[from] item: Leftovers
|-damage|p2a: Tyranitar|23/100 tox|[from] psn
|upkeep
|turn|11
|
|t:|1760818149
|switch|p2a: Corviknight|Corviknight, F|91/100
|-ability|p2a: Corviknight|Pressure
|move|p1a: Thieving Drunk|U-turn|p2a: Corviknight
|-resisted|p2a: Corviknight
|-damage|p2a: Corviknight|88/100
|-damage|p1a: Thieving Drunk|78/100|[from] item: Rocky Helmet|[of] p2a: Corviknight
|
|t:|1760818152
|switch|p1a: Boro Breath|Cinderace, F|100/100|[from] U-turn
|
|-weather|Sandstorm|[upkeep]
|-damage|p1a: Boro Breath|94/100|[from] Sandstorm
|upkeep
|turn|12
|
|t:|1760818157
|move|p1a: Boro Breath|Court Change|p1a: Boro Breath
|-start|p1a: Boro Breath|typechange|Normal|[from] ability: Libero
|-swapsideconditions
|-activate|p1a: Boro Breath|move: Court Change
|move|p2a: Corviknight|Brave Bird|p1a: Boro Breath
|-damage|p1a: Boro Breath|46/100
|-damage|p2a: Corviknight|76/100|[from] Recoil
|
|-weather|Sandstorm|[upkeep]
|-damage|p1a: Boro Breath|40/100|[from] Sandstorm
|upkeep
|turn|13
|
|t:|1760818165
|move|p1a: Boro Breath|Pyro Ball|p2a: Corviknight
|-supereffective|p2a: Corviknight
|-damage|p2a: Corviknight|33/100
|move|p2a: Corviknight|Brave Bird|p1a: Boro Breath
|-damage|p1a: Boro Breath|0 fnt
|faint|p1a: Boro Breath
|-damage|p2a: Corviknight|23/100|[from] Recoil
|
|-weather|Sandstorm|[upkeep]
|upkeep
|
|t:|1760818168
|switch|p1a: Ragnaraku|Kyurem|100/100
|-ability|p1a: Ragnaraku|Pressure
|turn|14
|
|t:|1760818174
|switch|p2a: Tyranitar|Tyranitar, F|23/100 tox
|-damage|p2a: Tyranitar|10/100 tox|[from] Stealth Rock
|move|p1a: Ragnaraku|Freeze-Dry|p2a: Tyranitar
|-damage|p2a: Tyranitar|0 fnt
|faint|p2a: Tyranitar
|
|-weather|none
|upkeep
|
|t:|1760818176
|switch|p2a: Dragapult|Dragapult, M|82/100
|-damage|p2a: Dragapult|69/100|[from] Stealth Rock
|turn|15
|
|t:|1760818180
|move|p2a: Dragapult|Substitute|p2a: Dragapult
|-start|p2a: Dragapult|Substitute
|-damage|p2a: Dragapult|44/100
|move|p1a: Ragnaraku|Freeze-Dry|p2a: Dragapult
|-supereffective|p2a: Dragapult
|-end|p2a: Dragapult|Substitute
|
|-heal|p2a: Dragapult|51/100|[from] item: Leftovers
|upkeep
|turn|16
|
|t:|1760818184
|move|p2a: Dragapult|Dragon Darts|p1a: Ragnaraku
|-supereffective|p1a: Ragnaraku
|-damage|p1a: Ragnaraku|64/100
|-anim|p2a: Dragapult|Dragon Darts|p1a: Ragnaraku
|-supereffective|p1a: Ragnaraku
|-damage|p1a: Ragnaraku|23/100
|move|p1a: Ragnaraku|Freeze-Dry|p2a: Dragapult
|-supereffective|p2a: Dragapult
|-damage|p2a: Dragapult|0 fnt
|faint|p2a: Dragapult
|
|upkeep
|
|t:|1760818186
|switch|p2a: Great Tusk|Great Tusk|100/100
|-damage|p2a: Great Tusk|98/100|[from] Stealth Rock
|turn|17
|
|t:|1760818189
|switch|p1a: Laughing Drunk|Hydrapple, F|73/100
|move|p2a: Great Tusk|Rapid Spin|p1a: Laughing Drunk
|-damage|p1a: Laughing Drunk|63/100
|-boost|p2a: Great Tusk|spe|1
|-damage|p2a: Great Tusk|81/100|[from] item: Rocky Helmet|[of] p1a: Laughing Drunk
|-sideend|p2: ajonymousnon|Stealth Rock|[from] move: Rapid Spin|[of] p2a: Great Tusk
|
|upkeep
|turn|18
|
|t:|1760818194
|switch|p1a: Thieving Drunk|Tornadus-Therian, M|100/100
|move|p2a: Great Tusk|Ice Spinner|p1a: Thieving Drunk
|-supereffective|p1a: Thieving Drunk
|-damage|p1a: Thieving Drunk|40/100
|
|upkeep
|turn|19
|
|t:|1760818201
|switch|p1a: Depressed Drunk|Slowking-Galar, M|80/100
|move|p2a: Great Tusk|Ice Spinner|p1a: Depressed Drunk
|-damage|p1a: Depressed Drunk|60/100
|
|upkeep
|turn|20
|
|t:|1760818207
|move|p2a: Great Tusk|Headlong Rush|p1a: Depressed Drunk
|-supereffective|p1a: Depressed Drunk
|-damage|p1a: Depressed Drunk|0 fnt
|-unboost|p2a: Great Tusk|def|1
|-unboost|p2a: Great Tusk|spd|1
|faint|p1a: Depressed Drunk
|
|upkeep
|
|t:|1760818208
|switch|p1a: Laughing Drunk|Hydrapple, F|97/100
|turn|21
|
|t:|1760818213
|-end|p2a: Great Tusk|Protosynthesis|[silent]
|switch|p2a: Corviknight|Corviknight, F|23/100
|-ability|p2a: Corviknight|Pressure
|move|p1a: Laughing Drunk|Fickle Beam|p2a: Corviknight
|-resisted|p2a: Corviknight
|-damage|p2a: Corviknight|8/100
|
|upkeep
|turn|22
|
|t:|1760818215
|move|p2a: Corviknight|U-turn|p1a: Laughing Drunk
|-supereffective|p1a: Laughing Drunk
|-damage|p1a: Laughing Drunk|82/100
|-damage|p2a: Corviknight|0 fnt|[from] item: Rocky Helmet|[of] p1a: Laughing Drunk
|faint|p2a: Corviknight
|move|p1a: Laughing Drunk|Earth Power|p2: Corviknight|[notarget]
|-fail|p1a: Laughing Drunk
|
|upkeep
|
|t:|1760818226
|switch|p2a: Great Tusk|Great Tusk|81/100
|turn|23
|
|t:|1760818228
|move|p2a: Great Tusk|Ice Spinner|p1a: Laughing Drunk
|-supereffective|p1a: Laughing Drunk
|-damage|p1a: Laughing Drunk|19/100
|-damage|p2a: Great Tusk|65/100|[from] item: Rocky Helmet|[of] p1a: Laughing Drunk
|move|p1a: Laughing Drunk|Giga Drain|p2a: Great Tusk
|-supereffective|p2a: Great Tusk
|-damage|p2a: Great Tusk|22/100
|-heal|p1a: Laughing Drunk|39/100|[from] drain|[of] p2a: Great Tusk
|
|upkeep
|turn|24
|
|t:|1760818239
|switch|p1a: Ragnaraku|Kyurem|23/100
|-ability|p1a: Ragnaraku|Pressure
|move|p2a: Great Tusk|Rapid Spin|p1a: Ragnaraku
|-damage|p1a: Ragnaraku|7/100
|-boost|p2a: Great Tusk|spe|1
|
|upkeep
|turn|25
|
|t:|1760818241
|move|p2a: Great Tusk|Rapid Spin|p1a: Ragnaraku
|-damage|p1a: Ragnaraku|0 fnt
|-boost|p2a: Great Tusk|spe|1
|faint|p1a: Ragnaraku
|
|upkeep
|
|t:|1760818245
|switch|p1a: Raging Drunk|Kingambit, F|94/100
|-activate|p1a: Raging Drunk|ability: Supreme Overlord
|-start|p1a: Raging Drunk|fallen3|[silent]
|turn|26
|
|t:|1760818248
|move|p1a: Raging Drunk|Sucker Punch|p2a: Great Tusk
|-resisted|p2a: Great Tusk
|-damage|p2a: Great Tusk|2/100
|move|p2a: Great Tusk|Headlong Rush|p1a: Raging Drunk
|-supereffective|p1a: Raging Drunk
|-damage|p1a: Raging Drunk|10/100
|-unboost|p2a: Great Tusk|def|1
|-unboost|p2a: Great Tusk|spd|1
|
|upkeep
|turn|27
|
|t:|1760818254
|-end|p2a: Great Tusk|Protosynthesis|[silent]
|switch|p2a: Rillaboom|Rillaboom, F|100/100
|-fieldstart|move: Grassy Terrain|[from] ability: Grassy Surge|[of] p2a: Rillaboom
|-end|p1a: Raging Drunk|fallen3|[silent]
|switch|p1a: Laughing Drunk|Hydrapple, F|72/100
|
|-heal|p1a: Laughing Drunk|78/100|[from] Grassy Terrain
|upkeep
|turn|28
|
|t:|1760818258
|move|p2a: Rillaboom|U-turn|p1a: Laughing Drunk
|-supereffective|p1a: Laughing Drunk
|-damage|p1a: Laughing Drunk|35/100
|-damage|p2a: Rillaboom|84/100|[from] item: Rocky Helmet|[of] p1a: Laughing Drunk
|
|t:|1760818260
|switch|p2a: Great Tusk|Great Tusk|2/100|[from] U-turn
|move|p1a: Laughing Drunk|Giga Drain|p2a: Great Tusk
|-supereffective|p2a: Great Tusk
|-damage|p2a: Great Tusk|0 fnt
|-heal|p1a: Laughing Drunk|36/100|[from] drain|[of] p2a: Great Tusk
|faint|p2a: Great Tusk
|-end|p2a: Great Tusk|Protosynthesis|[silent]
|
|-heal|p1a: Laughing Drunk|42/100|[from] Grassy Terrain
|upkeep
|
|t:|1760818262
|switch|p2a: Ogerpon|Ogerpon-Cornerstone-Tera, F, tera:Rock|73/100
|-ability|p2a: Ogerpon|Embody Aspect (Cornerstone)|boost
|-boost|p2a: Ogerpon|def|1
|turn|29
|
|t:|1760818266
|switch|p1a: Thieving Drunk|Tornadus-Therian, M|73/100
|move|p2a: Ogerpon|Ivy Cudgel|p1a: Thieving Drunk|[anim] Ivy Cudgel Rock
|-supereffective|p1a: Thieving Drunk
|-damage|p1a: Thieving Drunk|0 fnt
|faint|p1a: Thieving Drunk
|
|-heal|p2a: Ogerpon|79/100|[from] Grassy Terrain
|upkeep
|
|t:|1760818269
|switch|p1a: Laughing Drunk|Hydrapple, F|75/100
|turn|30
|j| Guess such
|
|t:|1760818272
|move|p2a: Ogerpon|Ivy Cudgel|p1a: Laughing Drunk|[anim] Ivy Cudgel Rock
|-damage|p1a: Laughing Drunk|34/100
|move|p1a: Laughing Drunk|Giga Drain|p2a: Ogerpon
|-supereffective|p2a: Ogerpon
|-damage|p2a: Ogerpon|0 fnt
|-heal|p1a: Laughing Drunk|63/100|[from] drain|[of] p2a: Ogerpon
|faint|p2a: Ogerpon
|detailschange|p2: Ogerpon|Ogerpon-Cornerstone, F|[silent]
|
|-heal|p1a: Laughing Drunk|69/100|[from] Grassy Terrain
|upkeep
|-message|ajonymousnon forfeited.
|
|win|DivJudgement
|raw|DivJudgement's rating: 1896 &rarr; <strong>1915</strong><br />(+19 for winning)
|raw|ajonymousnon's rating: 1885 &rarr; <strong>1866</strong><br />(-19 for losing)
|l|☆ajonymousnon
|player|p2|
|l|☆DivJudgement
|player|p1|
|l| Guess such
