|j|☆FenixFyre04
|j|☆P1k7
|t:|1760786881
|gametype|singles
|player|p1|FenixFyre04|steven|1314
|player|p2|P1k7|265|1398
|gen|9
|tier|[Gen 9] OU
|rated|
|rule|HP Percentage Mod: HP is shown in percentages
|rule|Endless Battle Clause: Forcing endless battles is banned
|rule|Species Clause: Limit one of each Pokémon
|rule|OHKO Clause: OHKO moves are banned
|rule|Evasion Items Clause: Evasion items are banned
|rule|Evasion Moves Clause: Evasion moves are banned
|rule|Evasion Abilities Clause: Evasion abilities are banned
|rule|Sleep Moves Clause: Sleep-inducing moves are banned
|clearpoke
|poke|p1|Hatterene, F|
|poke|p1|Mimikyu, M|
|poke|p1|Gholdengo|
|poke|p1|Slowking, F|
|poke|p1|Crabominable, M|
|poke|p1|Sinistcha|
|poke|p2|Clodsire, F|
|poke|p2|Garganacl, F|
|poke|p2|Gholdengo|
|poke|p2|Meowscarada, F|
|poke|p2|Darkrai|
|poke|p2|Pecharunt|
|teampreview
|inactive|Battle timer is ON: inactive players will automatically lose when time's up. (requested by FenixFyre04)
|c|☆P1k7|glhf
|
|t:|1760786904
|teamsize|p1|6
|teamsize|p2|6
|start
|switch|p1a: Mimikyu|Mimikyu, M|100/100
|switch|p2a: Garganacl|Garganacl, F|100/100
|turn|1
|
|t:|1760786912
|switch|p1a: Hatterene|Hatterene, F|100/100
|move|p2a: Garganacl|Salt Cure|p1a: Hatterene
|-damage|p1a: Hatterene|84/100
|-start|p1a: Hatterene|Salt Cure
|
|-damage|p1a: Hatterene|72/100|[from] Salt Cure
|upkeep
|turn|2
|
|t:|1760786922
|switch|p2a: Pecharunt|Pecharunt|100/100
|move|p1a: Hatterene|Trick Room|p1a: Hatterene
|-fieldstart|move: Trick Room|[of] p1a: Hatterene
|
|-damage|p1a: Hatterene|60/100|[from] Salt Cure
|upkeep
|turn|3
|
|t:|1760786932
|switch|p2a: Darkrai|Darkrai|100/100
|move|p1a: Hatterene|Psychic Noise|p2a: Darkrai
|-immune|p2a: Darkrai
|
|-damage|p1a: Hatterene|47/100|[from] Salt Cure
|upkeep
|turn|4
|
|t:|1760786943
|switch|p2a: Pecharunt|Pecharunt|100/100
|move|p1a: Hatterene|Misty Explosion|p2a: Pecharunt
|-resisted|p2a: Pecharunt
|-damage|p2a: Pecharunt|58/100
|faint|p1a: Hatterene
|
|upkeep
|
|t:|1760786951
|switch|p1a: Crabominable|Crabominable, M|100/100
|turn|5
|
|t:|1760786959
|switch|p2a: Garganacl|Garganacl, F|100/100
|-terastallize|p1a: Crabominable|Ice
|move|p1a: Crabominable|Ice Hammer|p2a: Garganacl
|-damage|p2a: Garganacl|17/100
|-unboost|p1a: Crabominable|spe|1
|
|-heal|p2a: Garganacl|23/100|[from] item: Leftovers
|upkeep
|turn|6
|
|t:|1760786969
|move|p2a: Garganacl|Protect|p2a: Garganacl
|-singleturn|p2a: Garganacl|Protect
|move|p1a: Crabominable|Ice Hammer|p2a: Garganacl
|-activate|p2a: Garganacl|move: Protect
|
|-heal|p2a: Garganacl|29/100|[from] item: Leftovers
|-fieldend|move: Trick Room
|upkeep
|turn|7
|
|t:|1760786985
|-terastallize|p2a: Garganacl|Water
|move|p2a: Garganacl|Recover|p2a: Garganacl
|-heal|p2a: Garganacl|79/100
|move|p1a: Crabominable|Ice Hammer|p2a: Garganacl
|-resisted|p2a: Garganacl
|-damage|p2a: Garganacl|37/100
|-unboost|p1a: Crabominable|spe|1
|
|-heal|p2a: Garganacl|43/100|[from] item: Leftovers
|upkeep
|turn|8
|
|t:|1760786998
|switch|p1a: Sinistcha|Sinistcha|100/100
|move|p2a: Garganacl|Protect||[still]
|-fail|p2a: Garganacl
|
|-heal|p2a: Garganacl|49/100|[from] item: Leftovers
|upkeep
|turn|9
|
|t:|1760787005
|switch|p2a: Clodsire|Clodsire, F|100/100
|move|p1a: Sinistcha|Trick Room|p1a: Sinistcha
|-fieldstart|move: Trick Room|[of] p1a: Sinistcha
|
|upkeep
|turn|10
|
|t:|1760787018
|switch|p1a: Crabominable|Crabominable, M, tera:Ice|100/100
|move|p2a: Clodsire|Toxic|p1a: Crabominable
|-status|p1a: Crabominable|tox
|
|-damage|p1a: Crabominable|94/100 tox|[from] psn
|upkeep
|turn|11
|
|t:|1760787027
|switch|p2a: Garganacl|Garganacl, F, tera:Water|49/100
|move|p1a: Crabominable|Ice Hammer|p2a: Garganacl
|-resisted|p2a: Garganacl
|-damage|p2a: Garganacl|0 fnt
|-unboost|p1a: Crabominable|spe|1
|faint|p2a: Garganacl
|
|-damage|p1a: Crabominable|82/100 tox|[from] psn
|upkeep
|
|t:|1760787035
|switch|p2a: Gholdengo|Gholdengo|100/100
|-item|p2a: Gholdengo|Air Balloon
|turn|12
|
|t:|1760787058
|switch|p1a: Sinistcha|Sinistcha|100/100
|move|p2a: Gholdengo|Hex|p1a: Sinistcha
|-supereffective|p1a: Sinistcha
|-damage|p1a: Sinistcha|38/100
|
|upkeep
|turn|13
|
|t:|1760787066
|move|p1a: Sinistcha|Shadow Ball|p2a: Gholdengo
|-supereffective|p2a: Gholdengo
|-damage|p2a: Gholdengo|42/100
|-enditem|p2a: Gholdengo|Air Balloon
|move|p2a: Gholdengo|Hex|p1a: Sinistcha
|-supereffective|p1a: Sinistcha
|-damage|p1a: Sinistcha|0 fnt
|faint|p1a: Sinistcha
|
|-fieldend|move: Trick Room
|upkeep
|
|t:|1760787073
|switch|p1a: Mimikyu|Mimikyu, M|100/100
|turn|14
|
|t:|1760787077
|move|p2a: Gholdengo|Hex|p1a: Mimikyu
|-activate|p1a: Mimikyu|ability: Disguise
|-damage|p1a: Mimikyu|100/100
|detailschange|p1a: Mimikyu|Mimikyu-Busted, M
|-damage|p1a: Mimikyu|88/100|[from] pokemon: Mimikyu-Busted
|-enditem|p1a: Mimikyu|Red Card|[of] p2a: Gholdengo
|drag|p2a: Clodsire|Clodsire, F|100/100
|move|p1a: Mimikyu|Trick Room|p1a: Mimikyu
|-fieldstart|move: Trick Room|[of] p1a: Mimikyu
|
|upkeep
|turn|15
|
|t:|1760787089
|move|p2a: Clodsire|Earthquake|p1a: Mimikyu
|-damage|p1a: Mimikyu|63/100
|move|p1a: Mimikyu|Curse|p2a: Clodsire
|-start|p2a: Clodsire|Curse|[of] p1a: Mimikyu
|-damage|p1a: Mimikyu|13/100
|
|-damage|p2a: Clodsire|76/100|[from] Curse
|upkeep
|turn|16
|
|t:|1760787098
|move|p2a: Clodsire|Earthquake|p1a: Mimikyu
|-damage|p1a: Mimikyu|0 fnt
|faint|p1a: Mimikyu
|
|-damage|p2a: Clodsire|51/100|[from] Curse
|upkeep
|
|t:|1760787104
|switch|p1a: Crabominable|Crabominable, M, tera:Ice|82/100 tox
|turn|17
|inactive|P1k7 has 120 seconds left.
|
|t:|1760787140
|move|p2a: Clodsire|Earthquake|p1a: Crabominable
|-damage|p1a: Crabominable|53/100 tox
|move|p1a: Crabominable|Ice Hammer|p2a: Clodsire|[miss]
|-miss|p1a: Crabominable|p2a: Clodsire
|
|-damage|p1a: Crabominable|47/100 tox|[from] psn
|-damage|p2a: Clodsire|26/100|[from] Curse
|upkeep
|turn|18
|
|t:|1760787146
|move|p2a: Clodsire|Earthquake|p1a: Crabominable
|-damage|p1a: Crabominable|18/100 tox
|move|p1a: Crabominable|Ice Hammer|p2a: Clodsire
|-supereffective|p2a: Clodsire
|-damage|p2a: Clodsire|0 fnt
|-unboost|p1a: Crabominable|spe|1
|faint|p2a: Clodsire
|
|-damage|p1a: Crabominable|6/100 tox|[from] psn
|-fieldend|move: Trick Room
|upkeep
|
|t:|1760787156
|switch|p2a: Meowscarada|Meowscarada, F|100/100
|turn|19
|
|t:|1760787170
|move|p2a: Meowscarada|Knock Off|p1a: Crabominable
|-start|p2a: Meowscarada|typechange|Dark|[from] ability: Protean
|-damage|p1a: Crabominable|0 fnt
|-enditem|p1a: Crabominable|Choice Band|[from] move: Knock Off|[of] p2a: Meowscarada
|faint|p1a: Crabominable
|
|upkeep
|
|t:|1760787176
|switch|p1a: Slowking|Slowking, F|100/100
|turn|20
|inactive|P1k7 has 120 seconds left.
|
|t:|1760787207
|move|p2a: Meowscarada|Flower Trick|p1a: Slowking
|-supereffective|p1a: Slowking
|-crit|p1a: Slowking
|-damage|p1a: Slowking|50/100
|move|p1a: Slowking|Trick Room|p1a: Slowking
|-fieldstart|move: Trick Room|[of] p1a: Slowking
|
|upkeep
|turn|21
|
|t:|1760787223
|move|p1a: Slowking|Scald|p2a: Meowscarada
|-damage|p2a: Meowscarada|59/100
|move|p2a: Meowscarada|Knock Off|p1a: Slowking
|-supereffective|p1a: Slowking
|-damage|p1a: Slowking|0 fnt
|-enditem|p1a: Slowking|Heavy-Duty Boots|[from] move: Knock Off|[of] p2a: Meowscarada
|faint|p1a: Slowking
|
|upkeep
|
|t:|1760787227
|switch|p1a: Gholdengo|Gholdengo|100/100
|turn|22
|
|t:|1760787233
|move|p1a: Gholdengo|Make It Rain|p2a: Meowscarada
|-damage|p2a: Meowscarada|0 fnt
|-unboost|p1a: Gholdengo|spa|1
|faint|p2a: Meowscarada
|
|upkeep
|
|t:|1760787240
|switch|p2a: Gholdengo|Gholdengo|42/100
|turn|23
|
|t:|1760787254
|move|p1a: Gholdengo|Shadow Ball|p2a: Gholdengo
|-supereffective|p2a: Gholdengo
|-damage|p2a: Gholdengo|0 fnt
|faint|p2a: Gholdengo
|
|upkeep
|
|t:|1760787258
|switch|p2a: Pecharunt|Pecharunt|58/100
|turn|24
|
|t:|1760787272
|move|p1a: Gholdengo|Shadow Ball|p2a: Pecharunt
|-supereffective|p2a: Pecharunt
|-damage|p2a: Pecharunt|0 fnt
|faint|p2a: Pecharunt
|
|-fieldend|move: Trick Room
|upkeep
|
|t:|1760787275
|switch|p2a: Darkrai|Darkrai|100/100
|turn|25
|
|t:|1760787280
|move|p2a: Darkrai|Dark Pulse|p1a: Gholdengo
|-supereffective|p1a: Gholdengo
|-damage|p1a: Gholdengo|16/100
|cant|p1a: Gholdengo|flinch
|
|upkeep
|turn|26
|c|☆P1k7|gg
|
|t:|1760787287
|move|p2a: Darkrai|Dark Pulse|p1a: Gholdengo
|-supereffective|p1a: Gholdengo
|-damage|p1a: Gholdengo|0 fnt
|faint|p1a: Gholdengo
|
|win|P1k7
|raw|FenixFyre04's rating: 1314 &rarr; <strong>1299</strong><br />(-15 for losing)
|raw|P1k7's rating: 1398 &rarr; <strong>1413</strong><br />(+15 for winning)
|l|☆FenixFyre04
|player|p1|
|l|☆P1k7
|player|p2|
