|j|☆dolphin21
|j|☆thevoard3333
|t:|1760832627
|gametype|singles
|player|p1|dolphin21|266|1311
|player|p2|thevoard3333|266|1339
|gen|9
|tier|[Gen 9] OU
|rated|
|rule|HP Percentage Mod: HP is shown in percentages
|rule|Endless Battle Clause: Forcing endless battles is banned
|rule|Species Clause: Limit one of each Pokémon
|rule|OHKO Clause: OHKO moves are banned
|rule|Evasion Items Clause: Evasion items are banned
|rule|Evasion Moves Clause: Evasion moves are banned
|rule|Evasion Abilities Clause: Evasion abilities are banned
|rule|Sleep Moves Clause: Sleep-inducing moves are banned
|clearpoke
|poke|p1|Corviknight, M|
|poke|p1|Iron Hands|
|poke|p1|Primarina, F|
|poke|p1|Iron Moth|
|poke|p1|Garchomp, F|
|poke|p1|Iron Jugulis|
|poke|p2|Greninja-*, M|
|poke|p2|Blaziken, F|
|poke|p2|Clodsire, M|
|poke|p2|Registeel|
|poke|p2|Tsareena, F|
|poke|p2|Mimikyu, F|
|teampreview
|inactive|Battle timer is ON: inactive players will automatically lose when time's up. (requested by thevoard3333)
|
|t:|1760832647
|teamsize|p1|6
|teamsize|p2|6
|start
|switch|p1a: Primarina|Primarina, F|100/100
|switch|p2a: Greninja|Greninja, M|100/100
|turn|1
|inactive|thevoard3333 has 120 seconds left.
|
|t:|1760832688
|move|p2a: Greninja|Grass Knot|p1a: Primarina
|-supereffective|p1a: Primarina
|-damage|p1a: Primarina|64/100
|-damage|p2a: Greninja|91/100|[from] item: Life Orb
|move|p1a: Primarina|Calm Mind|p1a: Primarina
|-boost|p1a: Primarina|spa|1
|-boost|p1a: Primarina|spd|1
|
|upkeep
|turn|2
|
|t:|1760832695
|switch|p2a: Clodsire|Clodsire, M|100/100
|move|p1a: Primarina|Moonblast|p2a: Clodsire
|-resisted|p2a: Clodsire
|-damage|p2a: Clodsire|83/100
|
|upkeep
|turn|3
|inactive|thevoard3333 has 120 seconds left.
|
|t:|1760832704
|move|p1a: Primarina|Ice Beam|p2a: Clodsire
|-supereffective|p2a: Clodsire
|-damage|p2a: Clodsire|33/100
|move|p2a: Clodsire|Spikes|p1a: Primarina
|-sidestart|p1: dolphin21|Spikes
|
|upkeep
|turn|4
|inactive|thevoard3333 has 120 seconds left.
|
|t:|1760832732
|switch|p2a: Mimikyu|Mimikyu, F|100/100
|move|p1a: Primarina|Sparkling Aria|p2a: Mimikyu
|-activate|p2a: Mimikyu|ability: Disguise
|-damage|p2a: Mimikyu|100/100
|detailschange|p2a: Mimikyu|Mimikyu-Busted, F
|-damage|p2a: Mimikyu|88/100|[from] pokemon: Mimikyu-Busted
|-enditem|p2a: Mimikyu|Red Card|[of] p1a: Primarina
|drag|p1a: Corviknight|Corviknight, M|100/100
|
|upkeep
|turn|5
|
|t:|1760832750
|move|p2a: Mimikyu|Will-O-Wisp|p1a: Corviknight
|-status|p1a: Corviknight|brn
|move|p1a: Corviknight|Bulk Up|p1a: Corviknight
|-boost|p1a: Corviknight|atk|1
|-boost|p1a: Corviknight|def|1
|
|-damage|p1a: Corviknight|94/100 brn|[from] brn
|upkeep
|turn|6
|
|t:|1760832762
|switch|p2a: Clodsire|Clodsire, M|33/100
|move|p1a: Corviknight|Brave Bird|p2a: Clodsire
|-damage|p2a: Clodsire|21/100
|-damage|p1a: Corviknight|89/100 brn|[from] Recoil
|
|-damage|p1a: Corviknight|83/100 brn|[from] brn
|upkeep
|turn|7
|
|t:|1760832772
|move|p1a: Corviknight|Bulk Up|p1a: Corviknight
|-boost|p1a: Corviknight|atk|1
|-boost|p1a: Corviknight|def|1
|move|p2a: Clodsire|Recover|p2a: Clodsire
|-heal|p2a: Clodsire|71/100
|
|-damage|p1a: Corviknight|77/100 brn|[from] brn
|upkeep
|turn|8
|
|t:|1760832782
|move|p1a: Corviknight|Body Press|p2a: Clodsire
|-resisted|p2a: Clodsire
|-damage|p2a: Clodsire|67/100
|move|p2a: Clodsire|Recover|p2a: Clodsire
|-heal|p2a: Clodsire|100/100
|
|-damage|p1a: Corviknight|71/100 brn|[from] brn
|upkeep
|turn|9
|inactive|thevoard3333 has 90 seconds left.
|
|t:|1760832812
|move|p1a: Corviknight|Bulk Up|p1a: Corviknight
|-boost|p1a: Corviknight|atk|1
|-boost|p1a: Corviknight|def|1
|move|p2a: Clodsire|Earthquake|p1a: Corviknight
|-immune|p1a: Corviknight
|
|-damage|p1a: Corviknight|65/100 brn|[from] brn
|upkeep
|turn|10
|
|t:|1760832823
|move|p1a: Corviknight|Bulk Up|p1a: Corviknight
|-boost|p1a: Corviknight|atk|1
|-boost|p1a: Corviknight|def|1
|move|p2a: Clodsire|Earthquake|p1a: Corviknight
|-immune|p1a: Corviknight
|
|-damage|p1a: Corviknight|59/100 brn|[from] brn
|upkeep
|turn|11
|
|t:|1760832831
|move|p1a: Corviknight|Body Press|p2a: Clodsire
|-resisted|p2a: Clodsire
|-damage|p2a: Clodsire|96/100
|move|p2a: Clodsire|Spikes|p1a: Corviknight
|-sidestart|p1: dolphin21|Spikes
|
|-damage|p1a: Corviknight|53/100 brn|[from] brn
|upkeep
|turn|12
|
|t:|1760832842
|switch|p1a: Iron Jugulis|Iron Jugulis|100/100
|-enditem|p1a: Iron Jugulis|Booster Energy
|-activate|p1a: Iron Jugulis|ability: Quark Drive|[fromitem]
|-start|p1a: Iron Jugulis|quarkdrivespe
|move|p2a: Clodsire|Spikes|p1a: Iron Jugulis
|-sidestart|p1: dolphin21|Spikes
|
|upkeep
|turn|13
|
|t:|1760832845
|move|p1a: Iron Jugulis|Earth Power|p2a: Clodsire
|-supereffective|p2a: Clodsire
|-damage|p2a: Clodsire|50/100
|move|p2a: Clodsire|Toxic|p1a: Iron Jugulis
|-status|p1a: Iron Jugulis|tox
|
|-damage|p1a: Iron Jugulis|94/100 tox|[from] psn
|upkeep
|turn|14
|inactive|thevoard3333 has 120 seconds left.
|
|t:|1760832859
|switch|p2a: Tsareena|Tsareena, F|100/100
|move|p1a: Iron Jugulis|Earth Power|p2a: Tsareena
|-resisted|p2a: Tsareena
|-damage|p2a: Tsareena|87/100
|
|-damage|p1a: Iron Jugulis|82/100 tox|[from] psn
|upkeep
|turn|15
|inactive|thevoard3333 has 120 seconds left.
|
|t:|1760832886
|move|p1a: Iron Jugulis|Air Slash|p2a: Tsareena|[miss]
|-miss|p1a: Iron Jugulis|p2a: Tsareena
|move|p2a: Tsareena|Power Whip|p1a: Iron Jugulis
|-resisted|p1a: Iron Jugulis
|-damage|p1a: Iron Jugulis|52/100 tox
|
|-damage|p1a: Iron Jugulis|33/100 tox|[from] psn
|upkeep
|turn|16
|
|t:|1760832895
|switch|p2a: Registeel|Registeel|100/100
|move|p1a: Iron Jugulis|Air Slash|p2a: Registeel
|-resisted|p2a: Registeel
|-damage|p2a: Registeel|90/100
|
|-heal|p2a: Registeel|96/100|[from] item: Leftovers
|-damage|p1a: Iron Jugulis|9/100 tox|[from] psn
|upkeep
|turn|17
|
|t:|1760832906
|switch|p2a: Tsareena|Tsareena, F|87/100
|move|p1a: Iron Jugulis|Earth Power|p2a: Tsareena
|-resisted|p2a: Tsareena
|-damage|p2a: Tsareena|71/100
|
|-damage|p1a: Iron Jugulis|0 fnt|[from] psn
|faint|p1a: Iron Jugulis
|-end|p1a: Iron Jugulis|Quark Drive|[silent]
|upkeep
|
|t:|1760832917
|switch|p1a: Iron Moth|Iron Moth|100/100
|-damage|p1a: Iron Moth|76/100|[from] Spikes
|-enditem|p1a: Iron Moth|Booster Energy
|-activate|p1a: Iron Moth|ability: Quark Drive|[fromitem]
|-start|p1a: Iron Moth|quarkdrivespe
|turn|18
|inactive|thevoard3333 has 120 seconds left.
|
|t:|1760832934
|move|p1a: Iron Moth|Energy Ball|p2a: Tsareena
|-resisted|p2a: Tsareena
|-damage|p2a: Tsareena|55/100
|move|p2a: Tsareena|Knock Off|p1a: Iron Moth
|-damage|p1a: Iron Moth|44/100
|
|upkeep
|turn|19
|
|t:|1760832942
|move|p1a: Iron Moth|Flamethrower|p2a: Tsareena
|-supereffective|p2a: Tsareena
|-damage|p2a: Tsareena|0 fnt
|faint|p2a: Tsareena
|
|upkeep
|
|t:|1760832951
|switch|p2a: Blaziken|Blaziken, F|100/100
|turn|20
|inactive|thevoard3333 has 120 seconds left.
|
|t:|1760832962
|move|p1a: Iron Moth|Sludge Wave|p2a: Blaziken
|-damage|p2a: Blaziken|22/100
|move|p2a: Blaziken|Swords Dance|p2a: Blaziken
|-boost|p2a: Blaziken|atk|2
|
|-ability|p2a: Blaziken|Speed Boost|boost
|-boost|p2a: Blaziken|spe|1
|upkeep
|turn|21
|inactive|thevoard3333 has 120 seconds left.
|
|t:|1760832968
|move|p2a: Blaziken|Protect|p2a: Blaziken
|-singleturn|p2a: Blaziken|Protect
|move|p1a: Iron Moth|Sludge Wave|p2a: Blaziken
|-activate|p2a: Blaziken|move: Protect
|
|-ability|p2a: Blaziken|Speed Boost|boost
|-boost|p2a: Blaziken|spe|1
|upkeep
|turn|22
|
|t:|1760832973
|move|p1a: Iron Moth|Sludge Wave|p2a: Blaziken
|-damage|p2a: Blaziken|0 fnt
|faint|p2a: Blaziken
|
|upkeep
|
|t:|1760832980
|switch|p2a: Mimikyu|Mimikyu-Busted, F|88/100
|turn|23
|
|t:|1760832989
|move|p2a: Mimikyu|Shadow Sneak|p1a: Iron Moth
|-damage|p1a: Iron Moth|23/100
|move|p1a: Iron Moth|Flamethrower|p2a: Mimikyu
|-damage|p2a: Mimikyu|36/100
|
|upkeep
|turn|24
|
|t:|1760832994
|-terastallize|p2a: Mimikyu|Ghost
|move|p2a: Mimikyu|Shadow Sneak|p1a: Iron Moth
|-damage|p1a: Iron Moth|0 fnt
|faint|p1a: Iron Moth
|-end|p1a: Iron Moth|Quark Drive|[silent]
|
|upkeep
|inactive|dolphin21 has 120 seconds left.
|
|t:|1760833027
|switch|p1a: Iron Hands|Iron Hands|100/100
|-damage|p1a: Iron Hands|76/100|[from] Spikes
|-enditem|p1a: Iron Hands|Booster Energy
|-activate|p1a: Iron Hands|ability: Quark Drive|[fromitem]
|-start|p1a: Iron Hands|quarkdriveatk
|turn|25
|
|t:|1760833031
|move|p2a: Mimikyu|Play Rough|p1a: Iron Hands
|-supereffective|p1a: Iron Hands
|-damage|p1a: Iron Hands|40/100
|move|p1a: Iron Hands|Iron Head|p2a: Mimikyu
|-damage|p2a: Mimikyu|0 fnt
|faint|p2a: Mimikyu
|
|upkeep
|
|t:|1760833043
|switch|p2a: Greninja|Greninja, M|91/100
|turn|26
|
|t:|1760833048
|move|p2a: Greninja|Hydro Pump|p1a: Iron Hands
|-damage|p1a: Iron Hands|0 fnt
|faint|p1a: Iron Hands
|-end|p1a: Iron Hands|Quark Drive|[silent]
|-ability|p2a: Greninja|Battle Bond|boost
|-boost|p2a: Greninja|atk|1
|-boost|p2a: Greninja|spa|1
|-boost|p2a: Greninja|spe|1
|-activate|p2a: Greninja|ability: Battle Bond
|-damage|p2a: Greninja|81/100|[from] item: Life Orb
|
|upkeep
|
|t:|1760833062
|switch|p1a: Primarina|Primarina, F|64/100
|-damage|p1a: Primarina|39/100|[from] Spikes
|turn|27
|
|t:|1760833079
|move|p2a: Greninja|Grass Knot|p1a: Primarina
|-supereffective|p1a: Primarina
|-damage|p1a: Primarina|0 fnt
|faint|p1a: Primarina
|-damage|p2a: Greninja|71/100|[from] item: Life Orb
|
|upkeep
|
|t:|1760833082
|switch|p1a: Garchomp|Garchomp, F|100/100
|-damage|p1a: Garchomp|76/100|[from] Spikes
|turn|28
|
|t:|1760833090
|move|p2a: Greninja|Ice Beam|p1a: Garchomp
|-supereffective|p1a: Garchomp
|-damage|p1a: Garchomp|0 fnt
|faint|p1a: Garchomp
|-damage|p2a: Greninja|61/100|[from] item: Life Orb
|
|upkeep
|
|t:|1760833092
|switch|p1a: Corviknight|Corviknight, M|53/100 brn
|turn|29
|
|t:|1760833097
|move|p2a: Greninja|Dark Pulse|p1a: Corviknight
|-damage|p1a: Corviknight|0 fnt
|faint|p1a: Corviknight
|-damage|p2a: Greninja|52/100|[from] item: Life Orb
|
|win|thevoard3333
|raw|dolphin21's rating: 1311 &rarr; <strong>1293</strong><br />(-18 for losing)
|raw|thevoard3333's rating: 1339 &rarr; <strong>1357</strong><br />(+18 for winning)
|l|☆dolphin21
|player|p1|
|l|☆thevoard3333
|player|p2|
