|badge|p2|bronze|gen9ou|100-7
|uhtml|medal-msg|<div class="broadcast-blue">Curious what those medals under the avatar are? PS now has Ladder Seasons! For more information, check out the <a href="https://www.smogon.com/forums/threads/3740067/">thread on Smogon.</a></div>
|j|☆pastagirl
|j|☆eros maniac
|t:|1760852572
|gametype|singles
|player|p1|pastagirl|elesa|1680
|player|p2|eros maniac|hilbert-wonderlauncher|1872
|gen|9
|tier|[Gen 9] OU
|rated|
|rule|HP Percentage Mod: HP is shown in percentages
|rule|Endless Battle Clause: Forcing endless battles is banned
|rule|Species Clause: Limit one of each Pokémon
|rule|OHKO Clause: OHKO moves are banned
|rule|Evasion Items Clause: Evasion items are banned
|rule|Evasion Moves Clause: Evasion moves are banned
|rule|Evasion Abilities Clause: Evasion abilities are banned
|rule|Sleep Moves Clause: Sleep-inducing moves are banned
|clearpoke
|poke|p1|Cresselia, F|
|poke|p1|Hatterene, F|
|poke|p1|Porygon2|
|poke|p1|Ursaluna, M|
|poke|p1|Iron Hands|
|poke|p1|Enamorus-Therian, F|
|poke|p2|Frosmoth, F|
|poke|p2|Maushold-Four|
|poke|p2|Krookodile, F|
|poke|p2|Sinistcha|
|poke|p2|Alomomola, M|
|poke|p2|Weezing-Galar, F|
|teampreview
|inactive|Battle timer is ON: inactive players will automatically lose when time's up. (requested by eros maniac)
|
|t:|1760852584
|teamsize|p1|6
|teamsize|p2|6
|start
|switch|p1a: BLUE VELVET|Hatterene, F|100/100
|switch|p2a: Maushold|Maushold-Four|100/100
|turn|1
|
|t:|1760852590
|move|p2a: Maushold|Population Bomb|p1a: BLUE VELVET
|-damage|p1a: BLUE VELVET|91/100
|-damage|p1a: BLUE VELVET|82/100
|-damage|p1a: BLUE VELVET|73/100
|-damage|p1a: BLUE VELVET|65/100
|-damage|p1a: BLUE VELVET|56/100
|-damage|p1a: BLUE VELVET|47/100
|-damage|p1a: BLUE VELVET|38/100
|-crit|p1a: BLUE VELVET
|-damage|p1a: BLUE VELVET|26/100
|-damage|p1a: BLUE VELVET|16/100
|-damage|p1a: BLUE VELVET|8/100
|-hitcount|p1a: BLUE VELVET|10
|move|p1a: BLUE VELVET|Trick Room|p1a: BLUE VELVET
|-fieldstart|move: Trick Room|[of] p1a: BLUE VELVET
|
|upkeep
|turn|2
|
|t:|1760852599
|switch|p2a: Alomomola|Alomomola, M, shiny|100/100
|move|p1a: BLUE VELVET|Healing Wish|p1a: BLUE VELVET
|faint|p1a: BLUE VELVET
|
|upkeep
|
|t:|1760852603
|switch|p1a: THE ELEPHANT MAN|Iron Hands|100/100
|turn|3
|
|t:|1760852615
|switch|p2a: Weezing|Weezing-Galar, F|100/100
|-ability|p2a: Weezing|Neutralizing Gas
|move|p1a: THE ELEPHANT MAN|Supercell Slam|p2a: Weezing
|-damage|p2a: Weezing|51/100
|-damage|p1a: THE ELEPHANT MAN|91/100|[from] item: Life Orb
|
|upkeep
|turn|4
|
|t:|1760852619
|move|p1a: THE ELEPHANT MAN|Earthquake|p2a: Weezing
|-supereffective|p2a: Weezing
|-enditem|p2a: Weezing|Shuca Berry|[eat]
|-enditem|p2a: Weezing|Shuca Berry|[weaken]
|-damage|p2a: Weezing|15/100
|-damage|p1a: THE ELEPHANT MAN|81/100|[from] item: Life Orb
|move|p2a: Weezing|Pain Split|p1a: THE ELEPHANT MAN
|-sethp|p1a: THE ELEPHANT MAN|45/100|[from] move: Pain Split|[silent]
|-sethp|p2a: Weezing|69/100|[from] move: Pain Split
|
|upkeep
|turn|5
|
|t:|1760852635
|-end|p1a: THE ELEPHANT MAN|Quark Drive|[silent]
|switch|p1a: ERASERHEAD|Porygon2|100/100
|-end|p2a: Weezing|ability: Neutralizing Gas
|-ability|p1a: ERASERHEAD|Download|boost
|-boost|p1a: ERASERHEAD|spa|1
|switch|p2a: Krookodile|Krookodile, F|100/100
|-ability|p2a: Krookodile|Intimidate|boost
|-unboost|p1a: ERASERHEAD|atk|1
|
|-fieldend|move: Trick Room
|upkeep
|turn|6
|
|t:|1760852639
|move|p2a: Krookodile|Knock Off|p1a: ERASERHEAD
|-damage|p1a: ERASERHEAD|50/100
|-enditem|p1a: ERASERHEAD|Eviolite|[from] move: Knock Off|[of] p2a: Krookodile
|move|p1a: ERASERHEAD|Trick Room|p1a: ERASERHEAD
|-fieldstart|move: Trick Room|[of] p1a: ERASERHEAD
|
|upkeep
|turn|7
|
|t:|1760852644
|switch|p2a: Alomomola|Alomomola, M, shiny|100/100
|move|p1a: ERASERHEAD|Thunderbolt|p2a: Alomomola
|-supereffective|p2a: Alomomola
|-damage|p2a: Alomomola|12/100
|
|upkeep
|turn|8
|
|t:|1760852656
|switch|p2a: Frosmoth|Frosmoth, F, shiny|100/100
|move|p1a: ERASERHEAD|Ice Beam|p2a: Frosmoth
|-resisted|p2a: Frosmoth
|-damage|p2a: Frosmoth|91/100
|
|-heal|p2a: Frosmoth|97/100|[from] item: Leftovers
|upkeep
|turn|9
|
|t:|1760852664
|switch|p1a: WILD AT HEART|Ursaluna, M|100/100
|move|p2a: Frosmoth|Substitute|p2a: Frosmoth
|-start|p2a: Frosmoth|Substitute
|-damage|p2a: Frosmoth|72/100
|
|-heal|p2a: Frosmoth|78/100|[from] item: Leftovers
|-status|p1a: WILD AT HEART|brn|[from] item: Flame Orb
|upkeep
|turn|10
|
|t:|1760852668
|move|p1a: WILD AT HEART|Facade|p2a: Frosmoth
|-end|p2a: Frosmoth|Substitute
|move|p2a: Frosmoth|Ice Beam|p1a: WILD AT HEART
|-supereffective|p1a: WILD AT HEART
|-damage|p1a: WILD AT HEART|33/100 brn
|
|-heal|p2a: Frosmoth|85/100|[from] item: Leftovers
|-damage|p1a: WILD AT HEART|27/100 brn|[from] brn
|-fieldend|move: Trick Room
|upkeep
|turn|11
|
|t:|1760852677
|move|p2a: Frosmoth|Ice Beam|p1a: WILD AT HEART
|-supereffective|p1a: WILD AT HEART
|-damage|p1a: WILD AT HEART|0 fnt
|faint|p1a: WILD AT HEART
|
|-heal|p2a: Frosmoth|91/100|[from] item: Leftovers
|upkeep
|-message|pastagirl forfeited.
|
|win|eros maniac
|raw|pastagirl's rating: 1680 &rarr; <strong>1670</strong><br />(-10 for losing)
|raw|eros maniac's rating: 1872 &rarr; <strong>1882</strong><br />(+10 for winning)
|l|☆pastagirl
|player|p1|
|l|☆eros maniac
|player|p2|
