|badge|p1|bronze|gen9ou|100-7
|uhtml|medal-msg|<div class="broadcast-blue">Curious what those medals under the avatar are? PS now has Ladder Seasons! For more information, check out the <a href="https://www.smogon.com/forums/threads/3740067/">thread on Smogon.</a></div>
|badge|p2|bronze|gen9ou|100-7
|uhtml|medal-msg|<div class="broadcast-blue">Curious what those medals under the avatar are? PS now has Ladder Seasons! For more information, check out the <a href="https://www.smogon.com/forums/threads/3740067/">thread on Smogon.</a></div>
|j|☆Sanesa8724
|j|☆Ctannn
|t:|1760862246
|gametype|singles
|player|p1|Sanesa8724|265|1900
|player|p2|Ctannn|101|1874
|gen|9
|tier|[Gen 9] OU
|rated|
|rule|HP Percentage Mod: HP is shown in percentages
|rule|Endless Battle Clause: Forcing endless battles is banned
|rule|Species Clause: Limit one of each Pokémon
|rule|OHKO Clause: OHKO moves are banned
|rule|Evasion Items Clause: Evasion items are banned
|rule|Evasion Moves Clause: Evasion moves are banned
|rule|Evasion Abilities Clause: Evasion abilities are banned
|rule|Sleep Moves Clause: Sleep-inducing moves are banned
|clearpoke
|poke|p1|Rillaboom, F|
|poke|p1|Zamazenta-*|
|poke|p1|Ogerpon, F|
|poke|p1|Moltres|
|poke|p1|Iron Treads|
|poke|p1|Gholdengo|
|poke|p2|Rillaboom, M|
|poke|p2|Garganacl, F|
|poke|p2|Cinderace, F|
|poke|p2|Raging Bolt|
|poke|p2|Slowking-Galar, M|
|poke|p2|Landorus-Therian, M|
|teampreview
|inactive|Battle timer is ON: inactive players will automatically lose when time's up. (requested by Ctannn)
|c|☆Sanesa8724|Glhf
|
|t:|1760862265
|teamsize|p1|6
|teamsize|p2|6
|start
|switch|p1a: Rillaboom|Rillaboom, F|100/100
|switch|p2a: Cinderace|Cinderace, F|100/100
|-fieldstart|move: Grassy Terrain|[from] ability: Grassy Surge|[of] p1a: Rillaboom
|turn|1
|
|t:|1760862274
|switch|p1a: Moltres|Moltres|100/100
|move|p2a: Cinderace|Pyro Ball|p1a: Moltres
|-resisted|p1a: Moltres
|-damage|p1a: Moltres|73/100
|
|upkeep
|turn|2
|j| 3idk
|
|t:|1760862279
|switch|p2a: Slowking|Slowking-Galar, M|100/100
|move|p1a: Moltres|U-turn|p2a: Slowking
|-damage|p2a: Slowking|90/100
|-damage|p1a: Moltres|56/100|[from] item: Rocky Helmet|[of] p2a: Slowking
|
|t:|1760862289
|switch|p1a: Gholdengo|Gholdengo|100/100|[from] U-turn
|-enditem|p1a: Gholdengo|Grassy Seed
|-boost|p1a: Gholdengo|def|1|[from] item: Grassy Seed
|
|-heal|p2a: Slowking|96/100|[from] Grassy Terrain
|upkeep
|turn|3
|
|t:|1760862295
|move|p1a: Gholdengo|Nasty Plot|p1a: Gholdengo
|-boost|p1a: Gholdengo|spa|2
|-prepare|p2a: Slowking|Chilly Reception|[premajor]
|move|p2a: Slowking|Chilly Reception|p2a: Slowking
|-weather|Snowscape
|
|t:|1760862302
|switch|p2a: Raging Bolt|Raging Bolt|100/100|[from] Chilly Reception
|
|-weather|Snowscape|[upkeep]
|upkeep
|turn|4
|
|t:|1760862308
|switch|p1a: Iron Treads|Iron Treads|100/100
|move|p2a: Raging Bolt|Volt Switch|p1a: Iron Treads
|-immune|p1a: Iron Treads
|
|-weather|Snowscape|[upkeep]
|upkeep
|turn|5
|
|t:|1760862312
|-end|p2a: Raging Bolt|Protosynthesis|[silent]
|switch|p2a: Landorus|Landorus-Therian, M|100/100
|-ability|p2a: Landorus|Intimidate|boost
|-unboost|p1a: Iron Treads|atk|1
|move|p1a: Iron Treads|Stealth Rock|p2a: Landorus
|-sidestart|p2: Ctannn|move: Stealth Rock
|
|-weather|Snowscape|[upkeep]
|upkeep
|turn|6
|
|t:|1760862318
|-end|p1a: Iron Treads|Quark Drive|[silent]
|switch|p1a: Moltres|Moltres|56/100
|switch|p2a: Slowking|Slowking-Galar, M|100/100
|-damage|p2a: Slowking|88/100|[from] Stealth Rock
|
|-weather|Snowscape|[upkeep]
|-heal|p2a: Slowking|94/100|[from] Grassy Terrain
|upkeep
|turn|7
|
|t:|1760862327
|move|p1a: Moltres|Roost|p1a: Moltres
|-heal|p1a: Moltres|100/100
|-singleturn|p1a: Moltres|move: Roost
|move|p2a: Slowking|Future Sight|p1a: Moltres
|-start|p2a: Slowking|move: Future Sight
|
|-weather|none
|-heal|p2a: Slowking|99/100|[from] Grassy Terrain
|upkeep
|turn|8
|
|t:|1760862333
|-prepare|p2a: Slowking|Chilly Reception|[premajor]
|move|p2a: Slowking|Chilly Reception|p2a: Slowking
|-weather|Snowscape
|j| Lamp0821
|
|t:|1760862342
|switch|p2a: Cinderace|Cinderace, F|100/100|[from] Chilly Reception
|move|p1a: Moltres|Roar|p2a: Cinderace
|drag|p2a: Raging Bolt|Raging Bolt|100/100
|-damage|p2a: Raging Bolt|88/100|[from] Stealth Rock
|
|-weather|Snowscape|[upkeep]
|-heal|p2a: Raging Bolt|94/100|[from] Grassy Terrain
|-fieldend|move: Grassy Terrain
|upkeep
|turn|9
|l| Lamp0821
|
|t:|1760862345
|switch|p1a: Iron Treads|Iron Treads|100/100
|move|p2a: Raging Bolt|Draco Meteor|p1a: Iron Treads
|-resisted|p1a: Iron Treads
|-damage|p1a: Iron Treads|45/100
|-unboost|p2a: Raging Bolt|spa|2
|
|-weather|Snowscape|[upkeep]
|-end|p1a: Iron Treads|move: Future Sight
|-resisted|p1a: Iron Treads
|-damage|p1a: Iron Treads|23/100
|-heal|p1a: Iron Treads|29/100|[from] item: Leftovers
|upkeep
|turn|10
|j| amimec
|
|t:|1760862357
|-end|p1a: Iron Treads|Quark Drive|[silent]
|switch|p1a: Ogerpon|Ogerpon, F|100/100
|-end|p2a: Raging Bolt|Protosynthesis|[silent]
|switch|p2a: Landorus|Landorus-Therian, M|100/100
|-damage|p2a: Landorus|88/100|[from] Stealth Rock
|-ability|p2a: Landorus|Intimidate|boost
|-unboost|p1a: Ogerpon|atk|1
|-ability|p1a: Ogerpon|Defiant|boost
|-boost|p1a: Ogerpon|atk|2
|
|-weather|Snowscape|[upkeep]
|upkeep
|turn|11
|
|t:|1760862365
|move|p1a: Ogerpon|Ivy Cudgel|p2a: Landorus
|-damage|p2a: Landorus|20/100
|-damage|p1a: Ogerpon|91/100|[from] item: Life Orb
|move|p2a: Landorus|U-turn|p1a: Ogerpon
|-supereffective|p1a: Ogerpon
|-damage|p1a: Ogerpon|28/100
|j| Lamp0821
|inactive|Ctannn has 120 seconds left.
|j| nacht556
|
|t:|1760862402
|switch|p2a: Cinderace|Cinderace, F|100/100|[from] U-turn
|
|-weather|Snowscape|[upkeep]
|upkeep
|turn|12
|l| Lamp0821
|
|t:|1760862411
|-terastallize|p1a: Ogerpon|Grass
|detailschange|p1a: Ogerpon|Ogerpon-Teal-Tera, F, tera:Grass
|-ability|p1a: Ogerpon|Embody Aspect (Teal)|boost
|-boost|p1a: Ogerpon|spe|1
|move|p1a: Ogerpon|Rock Tomb|p2a: Cinderace
|-supereffective|p2a: Cinderace
|-damage|p2a: Cinderace|0 fnt
|faint|p2a: Cinderace
|-damage|p1a: Ogerpon|18/100|[from] item: Life Orb
|
|-weather|none
|upkeep
|inactive|Ctannn has 120 seconds left.
|
|t:|1760862428
|switch|p2a: Slowking|Slowking-Galar, M|100/100
|-damage|p2a: Slowking|88/100|[from] Stealth Rock
|turn|13
|
|t:|1760862437
|switch|p1a: Iron Treads|Iron Treads|29/100
|move|p2a: Slowking|Ice Beam|p1a: Iron Treads
|-damage|p1a: Iron Treads|6/100
|
|-heal|p1a: Iron Treads|12/100|[from] item: Leftovers
|upkeep
|turn|14
|
|t:|1760862448
|-end|p1a: Iron Treads|Quark Drive|[silent]
|switch|p1a: Rillaboom|Rillaboom, F|100/100
|-fieldstart|move: Grassy Terrain|[from] ability: Grassy Surge|[of] p1a: Rillaboom
|switch|p2a: Landorus|Landorus-Therian, M|20/100
|-damage|p2a: Landorus|8/100|[from] Stealth Rock
|-ability|p2a: Landorus|Intimidate|boost
|-unboost|p1a: Rillaboom|atk|1
|
|upkeep
|turn|15
|
|t:|1760862452
|move|p1a: Rillaboom|U-turn|p2a: Landorus
|-resisted|p2a: Landorus
|-damage|p2a: Landorus|2/100
|-damage|p1a: Rillaboom|84/100|[from] item: Rocky Helmet|[of] p2a: Landorus
|
|t:|1760862459
|switch|p1a: Iron Treads|Iron Treads|12/100|[from] U-turn
|move|p2a: Landorus|Stealth Rock|p1a: Iron Treads
|-sidestart|p1: Sanesa8724|move: Stealth Rock
|
|-heal|p1a: Iron Treads|19/100|[from] Grassy Terrain
|-heal|p1a: Iron Treads|25/100|[from] item: Leftovers
|upkeep
|turn|16
|
|t:|1760862469
|switch|p2a: Slowking|Slowking-Galar, M|100/100
|-damage|p2a: Slowking|88/100|[from] Stealth Rock
|move|p1a: Iron Treads|Rapid Spin|p2a: Slowking
|-damage|p2a: Slowking|78/100
|-boost|p1a: Iron Treads|spe|1
|-damage|p1a: Iron Treads|8/100|[from] item: Rocky Helmet|[of] p2a: Slowking
|-sideend|p1: Sanesa8724|Stealth Rock|[from] move: Rapid Spin|[of] p1a: Iron Treads
|
|-heal|p1a: Iron Treads|15/100|[from] Grassy Terrain
|-heal|p1a: Iron Treads|21/100|[from] item: Leftovers
|-heal|p2a: Slowking|84/100|[from] Grassy Terrain
|upkeep
|turn|17
|j| lakob
|
|t:|1760862479
|-end|p1a: Iron Treads|Quark Drive|[silent]
|switch|p1a: Gholdengo|Gholdengo|100/100
|move|p2a: Slowking|Future Sight|p1a: Gholdengo
|-start|p2a: Slowking|move: Future Sight
|
|-heal|p2a: Slowking|90/100|[from] Grassy Terrain
|upkeep
|turn|18
|
|t:|1760862488
|switch|p1a: Iron Treads|Iron Treads|21/100
|-prepare|p2a: Slowking|Chilly Reception|[premajor]
|move|p2a: Slowking|Chilly Reception|p2a: Slowking
|-weather|Snowscape
|
|t:|1760862494
|switch|p2a: Rillaboom|Rillaboom, M|100/100|[from] Chilly Reception
|-damage|p2a: Rillaboom|88/100|[from] Stealth Rock
|
|-weather|Snowscape|[upkeep]
|-heal|p1a: Iron Treads|27/100|[from] Grassy Terrain
|-heal|p1a: Iron Treads|33/100|[from] item: Leftovers
|-heal|p2a: Rillaboom|94/100|[from] Grassy Terrain
|upkeep
|turn|19
|
|t:|1760862504
|-end|p1a: Iron Treads|Quark Drive|[silent]
|switch|p1a: Gholdengo|Gholdengo|100/100
|move|p2a: Rillaboom|Swords Dance|p2a: Rillaboom
|-boost|p2a: Rillaboom|atk|2
|
|-weather|Snowscape|[upkeep]
|-end|p1a: Gholdengo|move: Future Sight
|-resisted|p1a: Gholdengo
|-damage|p1a: Gholdengo|76/100
|-heal|p2a: Rillaboom|100/100|[from] Grassy Terrain
|-heal|p1a: Gholdengo|82/100|[from] Grassy Terrain
|upkeep
|turn|20
|
|t:|1760862523
|move|p2a: Rillaboom|Wood Hammer|p1a: Gholdengo
|-resisted|p1a: Gholdengo
|-damage|p1a: Gholdengo|0 fnt
|faint|p1a: Gholdengo
|-damage|p2a: Rillaboom|72/100|[from] Recoil
|
|-weather|Snowscape|[upkeep]
|-heal|p2a: Rillaboom|79/100|[from] Grassy Terrain
|upkeep
|inactive|Sanesa8724 has 120 seconds left.
|
|t:|1760862561
|switch|p1a: Moltres|Moltres|100/100
|turn|21
|
|t:|1760862576
|switch|p2a: Garganacl|Garganacl, F|100/100
|-damage|p2a: Garganacl|88/100|[from] Stealth Rock
|move|p1a: Moltres|Flamethrower|p2a: Garganacl
|-resisted|p2a: Garganacl
|-damage|p2a: Garganacl|76/100
|
|-weather|Snowscape|[upkeep]
|-heal|p2a: Garganacl|82/100|[from] Grassy Terrain
|-heal|p2a: Garganacl|88/100|[from] item: Leftovers
|-fieldend|move: Grassy Terrain
|upkeep
|turn|22
|
|t:|1760862584
|switch|p1a: Rillaboom|Rillaboom, F|84/100
|-fieldstart|move: Grassy Terrain|[from] ability: Grassy Surge|[of] p1a: Rillaboom
|move|p2a: Garganacl|Salt Cure|p1a: Rillaboom
|-damage|p1a: Rillaboom|71/100
|-start|p1a: Rillaboom|Salt Cure
|
|-weather|none
|-heal|p1a: Rillaboom|77/100|[from] Grassy Terrain
|-heal|p2a: Garganacl|95/100|[from] Grassy Terrain
|-heal|p2a: Garganacl|100/100|[from] item: Leftovers
|-damage|p1a: Rillaboom|65/100|[from] Salt Cure
|upkeep
|turn|23
|
|t:|1760862590
|switch|p1a: Ogerpon|Ogerpon-Teal-Tera, F, tera:Grass|18/100
|-ability|p1a: Ogerpon|Embody Aspect (Teal)|boost
|-boost|p1a: Ogerpon|spe|1
|move|p2a: Garganacl|Protect||[still]
|-fail|p2a: Garganacl
|
|-heal|p1a: Ogerpon|24/100|[from] Grassy Terrain
|upkeep
|turn|24
|
|t:|1760862596
|switch|p2a: Slowking|Slowking-Galar, M|100/100
|-damage|p2a: Slowking|88/100|[from] Stealth Rock
|move|p1a: Ogerpon|Swords Dance|p1a: Ogerpon
|-boost|p1a: Ogerpon|atk|2
|
|-heal|p1a: Ogerpon|30/100|[from] Grassy Terrain
|-heal|p2a: Slowking|94/100|[from] Grassy Terrain
|upkeep
|turn|25
|
|t:|1760862600
|move|p1a: Ogerpon|Knock Off|p2a: Slowking
|-supereffective|p2a: Slowking
|-damage|p2a: Slowking|0 fnt
|-damage|p1a: Ogerpon|13/100|[from] item: Rocky Helmet|[of] p2a: Slowking
|-enditem|p2a: Slowking|Rocky Helmet|[from] move: Knock Off|[of] p1a: Ogerpon
|faint|p2a: Slowking
|-damage|p1a: Ogerpon|3/100|[from] item: Life Orb
|
|-heal|p1a: Ogerpon|9/100|[from] Grassy Terrain
|upkeep
|
|t:|1760862606
|switch|p2a: Rillaboom|Rillaboom, M|79/100
|-damage|p2a: Rillaboom|66/100|[from] Stealth Rock
|turn|26
|
|t:|1760862611
|switch|p1a: Moltres|Moltres|100/100
|move|p2a: Rillaboom|Grassy Glide|p1a: Moltres
|-resisted|p1a: Moltres
|-damage|p1a: Moltres|88/100
|-status|p2a: Rillaboom|brn|[from] ability: Flame Body|[of] p1a: Moltres
|
|-heal|p2a: Rillaboom|72/100 brn|[from] Grassy Terrain
|-damage|p2a: Rillaboom|66/100 brn|[from] brn
|upkeep
|turn|27
|
|t:|1760862615
|switch|p2a: Garganacl|Garganacl, F|100/100
|-damage|p2a: Garganacl|88/100|[from] Stealth Rock
|move|p1a: Moltres|U-turn|p2a: Garganacl
|-crit|p2a: Garganacl
|-damage|p2a: Garganacl|73/100
|
|t:|1760862618
|switch|p1a: Ogerpon|Ogerpon-Teal-Tera, F, tera:Grass|9/100|[from] U-turn
|-ability|p1a: Ogerpon|Embody Aspect (Teal)|boost
|-boost|p1a: Ogerpon|spe|1
|
|-heal|p1a: Ogerpon|15/100|[from] Grassy Terrain
|-heal|p2a: Garganacl|79/100|[from] Grassy Terrain
|-heal|p2a: Garganacl|85/100|[from] item: Leftovers
|upkeep
|turn|28
|
|t:|1760862621
|move|p2a: Garganacl|Protect|p2a: Garganacl
|-singleturn|p2a: Garganacl|Protect
|move|p1a: Ogerpon|Ivy Cudgel|p2a: Garganacl
|-activate|p2a: Garganacl|move: Protect
|
|-heal|p1a: Ogerpon|21/100|[from] Grassy Terrain
|-heal|p2a: Garganacl|91/100|[from] Grassy Terrain
|-heal|p2a: Garganacl|98/100|[from] item: Leftovers
|upkeep
|turn|29
|
|t:|1760862623
|switch|p2a: Landorus|Landorus-Therian, M|2/100
|-damage|p2a: Landorus|0 fnt|[from] Stealth Rock
|faint|p2a: Landorus
|move|p1a: Ogerpon|Ivy Cudgel|p2: Landorus|[notarget]
|-fail|p1a: Ogerpon
|
|-heal|p1a: Ogerpon|27/100|[from] Grassy Terrain
|-fieldend|move: Grassy Terrain
|upkeep
|
|t:|1760862625
|switch|p2a: Rillaboom|Rillaboom, M|66/100 brn
|-damage|p2a: Rillaboom|54/100 brn|[from] Stealth Rock
|-fieldstart|move: Grassy Terrain|[from] ability: Grassy Surge|[of] p2a: Rillaboom
|turn|30
|
|t:|1760862629
|switch|p1a: Moltres|Moltres|88/100
|move|p2a: Rillaboom|Wood Hammer|p1a: Moltres
|-resisted|p1a: Moltres
|-damage|p1a: Moltres|75/100
|-damage|p2a: Rillaboom|49/100 brn|[from] Recoil
|
|-heal|p2a: Rillaboom|55/100 brn|[from] Grassy Terrain
|-damage|p2a: Rillaboom|49/100 brn|[from] brn
|upkeep
|turn|31
|
|t:|1760862632
|move|p2a: Rillaboom|Wood Hammer|p1a: Moltres
|-resisted|p1a: Moltres
|-damage|p1a: Moltres|63/100
|-damage|p2a: Rillaboom|44/100 brn|[from] Recoil
|move|p1a: Moltres|U-turn|p2a: Rillaboom
|-supereffective|p2a: Rillaboom
|-damage|p2a: Rillaboom|11/100 brn
|
|t:|1760862634
|switch|p1a: Ogerpon|Ogerpon-Teal-Tera, F, tera:Grass|27/100|[from] U-turn
|-ability|p1a: Ogerpon|Embody Aspect (Teal)|boost
|-boost|p1a: Ogerpon|spe|1
|
|-heal|p1a: Ogerpon|33/100|[from] Grassy Terrain
|-heal|p2a: Rillaboom|17/100 brn|[from] Grassy Terrain
|-damage|p2a: Rillaboom|11/100 brn|[from] brn
|upkeep
|turn|32
|j| Lamp0821
|
|t:|1760862639
|switch|p1a: Moltres|Moltres|63/100
|move|p2a: Rillaboom|Grassy Glide|p1a: Moltres
|-resisted|p1a: Moltres
|-damage|p1a: Moltres|57/100
|
|-heal|p2a: Rillaboom|17/100 brn|[from] Grassy Terrain
|-damage|p2a: Rillaboom|11/100 brn|[from] brn
|upkeep
|turn|33
|l| Lamp0821
|
|t:|1760862645
|move|p2a: Rillaboom|Wood Hammer|p1a: Moltres
|-resisted|p1a: Moltres
|-damage|p1a: Moltres|45/100
|-damage|p2a: Rillaboom|7/100 brn|[from] Recoil
|move|p1a: Moltres|U-turn|p2a: Rillaboom
|-supereffective|p2a: Rillaboom
|-damage|p2a: Rillaboom|0 fnt
|faint|p2a: Rillaboom
|
|t:|1760862655
|switch|p1a: Ogerpon|Ogerpon-Teal-Tera, F, tera:Grass|33/100|[from] U-turn
|-ability|p1a: Ogerpon|Embody Aspect (Teal)|boost
|-boost|p1a: Ogerpon|spe|1
|
|-heal|p1a: Ogerpon|39/100|[from] Grassy Terrain
|upkeep
|
|t:|1760862657
|switch|p2a: Raging Bolt|Raging Bolt|94/100
|-damage|p2a: Raging Bolt|82/100|[from] Stealth Rock
|turn|34
|
|t:|1760862660
|switch|p1a: Iron Treads|Iron Treads|33/100
|move|p2a: Raging Bolt|Draco Meteor|p1a: Iron Treads
|-resisted|p1a: Iron Treads
|-damage|p1a: Iron Treads|0 fnt
|-unboost|p2a: Raging Bolt|spa|2
|faint|p1a: Iron Treads
|-end|p1a: Iron Treads|Quark Drive|[silent]
|
|-heal|p2a: Raging Bolt|88/100|[from] Grassy Terrain
|-fieldend|move: Grassy Terrain
|upkeep
|
|t:|1760862661
|switch|p1a: Zamazenta|Zamazenta|100/100
|-ability|p1a: Zamazenta|Dauntless Shield|boost
|-boost|p1a: Zamazenta|def|1
|turn|35
|
|t:|1760862664
|move|p1a: Zamazenta|Iron Defense|p1a: Zamazenta
|-boost|p1a: Zamazenta|def|2
|move|p2a: Raging Bolt|Draco Meteor|p1a: Zamazenta
|-damage|p1a: Zamazenta|54/100
|-unboost|p2a: Raging Bolt|spa|2
|
|-heal|p1a: Zamazenta|60/100|[from] item: Leftovers
|upkeep
|turn|36
|
|t:|1760862669
|-terastallize|p2a: Raging Bolt|Fairy
|move|p1a: Zamazenta|Substitute|p1a: Zamazenta
|-start|p1a: Zamazenta|Substitute
|-damage|p1a: Zamazenta|36/100
|move|p2a: Raging Bolt|Draco Meteor|p1a: Zamazenta
|-end|p1a: Zamazenta|Substitute
|-unboost|p2a: Raging Bolt|spa|2
|
|-heal|p1a: Zamazenta|42/100|[from] item: Leftovers
|upkeep
|turn|37
|
|t:|1760862674
|move|p1a: Zamazenta|Substitute|p1a: Zamazenta
|-start|p1a: Zamazenta|Substitute
|-damage|p1a: Zamazenta|17/100
|move|p2a: Raging Bolt|Draco Meteor|p1a: Zamazenta
|-activate|p1a: Zamazenta|move: Substitute|[damage]
|
|-heal|p1a: Zamazenta|23/100|[from] item: Leftovers
|upkeep
|turn|38
|
|t:|1760862680
|move|p1a: Zamazenta|Body Press|p2a: Raging Bolt
|-resisted|p2a: Raging Bolt
|-damage|p2a: Raging Bolt|43/100
|move|p2a: Raging Bolt|Draco Meteor|p1a: Zamazenta
|-end|p1a: Zamazenta|Substitute
|
|-heal|p1a: Zamazenta|29/100|[from] item: Leftovers
|upkeep
|turn|39
|
|t:|1760862685
|move|p1a: Zamazenta|Body Press|p2a: Raging Bolt
|-resisted|p2a: Raging Bolt
|-damage|p2a: Raging Bolt|1/100
|move|p2a: Raging Bolt|Draco Meteor|p1a: Zamazenta
|-damage|p1a: Zamazenta|2/100
|
|-heal|p1a: Zamazenta|8/100|[from] item: Leftovers
|upkeep
|turn|40
|
|t:|1760862688
|move|p1a: Zamazenta|Body Press|p2a: Raging Bolt
|-resisted|p2a: Raging Bolt
|-damage|p2a: Raging Bolt|0 fnt
|faint|p2a: Raging Bolt
|-end|p2a: Raging Bolt|Protosynthesis|[silent]
|
|-heal|p1a: Zamazenta|15/100|[from] item: Leftovers
|upkeep
|-message|Ctannn forfeited.
|
|win|Sanesa8724
|raw|Sanesa8724's rating: 1900 &rarr; <strong>1919</strong><br />(+19 for winning)
|raw|Ctannn's rating: 1874 &rarr; <strong>1855</strong><br />(-19 for losing)
|l|☆Ctannn
|player|p2|
|c|☆Sanesa8724|Gg
