|badge|p1|bronze|gen9ou|100-7
|uhtml|medal-msg|<div class="broadcast-blue">Curious what those medals under the avatar are? PS now has Ladder Seasons! For more information, check out the <a href="https://www.smogon.com/forums/threads/3740067/">thread on Smogon.</a></div>
|badge|p2|silver|gen9ou|30-7
|uhtml|medal-msg|<div class="broadcast-blue">Curious what those medals under the avatar are? PS now has Ladder Seasons! For more information, check out the <a href="https://www.smogon.com/forums/threads/3740067/">thread on Smogon.</a></div>
|j|☆eros maniac
|j|☆MooFarmer
|t:|1760852839
|gametype|singles
|player|p1|eros maniac|hilbert-wonderlauncher|1882
|player|p2|MooFarmer|1|1911
|gen|9
|tier|[Gen 9] OU
|rated|
|rule|HP Percentage Mod: HP is shown in percentages
|rule|Endless Battle Clause: Forcing endless battles is banned
|rule|Species Clause: Limit one of each Pokémon
|rule|OHKO Clause: OHKO moves are banned
|rule|Evasion Items Clause: Evasion items are banned
|rule|Evasion Moves Clause: Evasion moves are banned
|rule|Evasion Abilities Clause: Evasion abilities are banned
|rule|Sleep Moves Clause: Sleep-inducing moves are banned
|clearpoke
|poke|p1|Frosmoth, F|
|poke|p1|Maushold-Four|
|poke|p1|Krookodile, M|
|poke|p1|Sinistcha|
|poke|p1|Alomomola, M|
|poke|p1|Weezing-Galar, F|
|poke|p2|Kyurem|
|poke|p2|Corviknight, F|
|poke|p2|Ting-Lu|
|poke|p2|Dondozo, F|
|poke|p2|Slowking-Galar, L99, F|
|poke|p2|Cinderace, M|
|teampreview
|inactive|Battle timer is ON: inactive players will automatically lose when time's up. (requested by eros maniac)
|inactive|MooFarmer has 120 seconds left.
|j| arandomenglishname
|
|t:|1760852885
|teamsize|p1|6
|teamsize|p2|6
|start
|switch|p1a: Krookodile|Krookodile, M|100/100
|switch|p2a: Cinderace|Cinderace, M|100/100
|-ability|p1a: Krookodile|Intimidate|boost
|-unboost|p2a: Cinderace|atk|1
|turn|1
|inactive|MooFarmer also wants the timer to be on.
|inactive|MooFarmer has 120 seconds left.
|
|t:|1760852931
|move|p2a: Cinderace|U-turn|p1a: Krookodile
|-supereffective|p1a: Krookodile
|-damage|p1a: Krookodile|75/100
|inactive|MooFarmer has 90 seconds left.
|c|☆eros maniac|Congrat for the silver medal, mate
|
|t:|1760852977
|switch|p2a: Corviknight|Corviknight, F|100/100|[from] U-turn
|-ability|p2a: Corviknight|Pressure
|move|p1a: Krookodile|Knock Off|p2a: Corviknight
|-damage|p2a: Corviknight|57/100
|-damage|p1a: Krookodile|59/100|[from] item: Rocky Helmet|[of] p2a: Corviknight
|-enditem|p2a: Corviknight|Rocky Helmet|[from] move: Knock Off|[of] p1a: Krookodile
|
|upkeep
|turn|2
|inactive|MooFarmer has 60 seconds left.
|inactive|MooFarmer has 30 seconds left.
|
|t:|1760853023
|move|p1a: Krookodile|Knock Off|p2a: Corviknight
|-damage|p2a: Corviknight|29/100
|move|p2a: Corviknight|Roost|p2a: Corviknight
|-heal|p2a: Corviknight|79/100
|-singleturn|p2a: Corviknight|move: Roost
|
|upkeep
|turn|3
|
|t:|1760853038
|move|p1a: Krookodile|Knock Off|p2a: Corviknight
|-damage|p2a: Corviknight|46/100
|move|p2a: Corviknight|Roost|p2a: Corviknight
|-heal|p2a: Corviknight|96/100
|-singleturn|p2a: Corviknight|move: Roost
|
|upkeep
|turn|4
|
|t:|1760853046
|switch|p1a: Alomomola|Alomomola, M, shiny|100/100
|move|p2a: Corviknight|U-turn|p1a: Alomomola
|-damage|p1a: Alomomola|92/100
|-damage|p2a: Corviknight|79/100|[from] item: Rocky Helmet|[of] p1a: Alomomola
|
|t:|1760853056
|switch|p2a: Slowking|Slowking-Galar, L99, F|100/100|[from] U-turn
|
|upkeep
|turn|5
|
|t:|1760853065
|move|p1a: Alomomola|Wish|p1a: Alomomola
|move|p2a: Slowking|Toxic|p1a: Alomomola
|-status|p1a: Alomomola|tox
|
|-damage|p1a: Alomomola|86/100 tox|[from] psn
|upkeep
|turn|6
|
|t:|1760853073
|move|p1a: Alomomola|Flip Turn|p2a: Slowking
|-damage|p2a: Slowking|83/100
|
|t:|1760853080
|switch|p1a: Krookodile|Krookodile, M|59/100|[from] Flip Turn
|-ability|p1a: Krookodile|Intimidate|boost
|-unboost|p2a: Slowking|atk|1
|move|p2a: Slowking|Toxic|p1a: Krookodile
|-status|p1a: Krookodile|tox
|
|-heal|p1a: Krookodile|100/100 tox|[from] move: Wish|[wisher] Alomomola
|-damage|p1a: Krookodile|94/100 tox|[from] psn
|upkeep
|turn|7
|inactive|MooFarmer has 60 seconds left.
|
|t:|1760853089
|switch|p2a: Corviknight|Corviknight, F|79/100
|-ability|p2a: Corviknight|Pressure
|move|p1a: Krookodile|Close Combat|p2a: Corviknight
|-damage|p2a: Corviknight|39/100
|-unboost|p1a: Krookodile|def|1
|-unboost|p1a: Krookodile|spd|1
|
|-damage|p1a: Krookodile|82/100 tox|[from] psn
|upkeep
|turn|8
|
|t:|1760853097
|switch|p1a: Maushold|Maushold-Four|100/100
|move|p2a: Corviknight|Roost|p2a: Corviknight
|-heal|p2a: Corviknight|89/100
|-singleturn|p2a: Corviknight|move: Roost
|
|upkeep
|turn|9
|
|t:|1760853105
|switch|p1a: Alomomola|Alomomola, M, shiny|100/100 tox
|move|p2a: Corviknight|Brave Bird|p1a: Alomomola
|-damage|p1a: Alomomola|76/100 tox
|-damage|p2a: Corviknight|72/100|[from] item: Rocky Helmet|[of] p1a: Alomomola
|-damage|p2a: Corviknight|61/100|[from] Recoil
|
|-damage|p1a: Alomomola|69/100 tox|[from] psn
|upkeep
|turn|10
|
|t:|1760853115
|move|p2a: Corviknight|Roost|p2a: Corviknight
|-heal|p2a: Corviknight|100/100
|-singleturn|p2a: Corviknight|move: Roost
|move|p1a: Alomomola|Flip Turn|p2a: Corviknight
|-damage|p2a: Corviknight|91/100
|
|t:|1760853118
|switch|p1a: Sinistcha|Sinistcha, shiny|100/100|[from] Flip Turn
|
|upkeep
|turn|11
|
|t:|1760853126
|switch|p2a: Kyurem|Kyurem|100/100
|-ability|p2a: Kyurem|Pressure
|move|p1a: Sinistcha|Shadow Ball|p2a: Kyurem
|-damage|p2a: Kyurem|72/100
|
|-heal|p2a: Kyurem|78/100|[from] item: Leftovers
|upkeep
|turn|12
|inactive|MooFarmer has 90 seconds left.
|inactive|MooFarmer has 60 seconds left.
|j| vywxiwjxjwk
|
|t:|1760853172
|switch|p1a: Frosmoth|Frosmoth, F, shiny|100/100
|move|p2a: Kyurem|Freeze-Dry|p1a: Frosmoth
|-resisted|p1a: Frosmoth
|-damage|p1a: Frosmoth|93/100
|
|-heal|p2a: Kyurem|84/100|[from] item: Leftovers
|-heal|p1a: Frosmoth|99/100|[from] item: Leftovers
|upkeep
|turn|13
|inactive|MooFarmer has 30 seconds left.
|inactive|MooFarmer has 20 seconds left.
|inactive|MooFarmer has 15 seconds left.
|
|t:|1760853218
|switch|p2a: Cinderace|Cinderace, M|100/100
|move|p1a: Frosmoth|Ice Beam|p2a: Cinderace
|-resisted|p2a: Cinderace
|-damage|p2a: Cinderace|79/100
|
|-heal|p1a: Frosmoth|100/100|[from] item: Leftovers
|upkeep
|turn|14
|inactive|MooFarmer has 25 seconds left this turn.
|inactive|MooFarmer has 20 seconds left.
|
|t:|1760853227
|switch|p2a: Kyurem|Kyurem|84/100
|-ability|p2a: Kyurem|Pressure
|switch|p1a: Alomomola|Alomomola, M, shiny|100/100 tox
|
|-heal|p2a: Kyurem|90/100|[from] item: Leftovers
|-damage|p1a: Alomomola|94/100 tox|[from] psn
|upkeep
|turn|15
|inactive|MooFarmer has 30 seconds left this turn.
|
|t:|1760853235
|switch|p1a: Frosmoth|Frosmoth, F, shiny|100/100
|move|p2a: Kyurem|Freeze-Dry|p1a: Frosmoth
|-resisted|p1a: Frosmoth
|-damage|p1a: Frosmoth|93/100
|
|-heal|p2a: Kyurem|96/100|[from] item: Leftovers
|-heal|p1a: Frosmoth|99/100|[from] item: Leftovers
|upkeep
|turn|16
|inactive|MooFarmer has 30 seconds left.
|
|t:|1760853244
|switch|p2a: Cinderace|Cinderace, M|79/100
|move|p1a: Frosmoth|Ice Beam|p2a: Cinderace
|-resisted|p2a: Cinderace
|-damage|p2a: Cinderace|58/100
|-status|p2a: Cinderace|frz
|
|-heal|p1a: Frosmoth|100/100|[from] item: Leftovers
|upkeep
|turn|17
|
|t:|1760853252
|switch|p1a: Alomomola|Alomomola, M, shiny|100/100 tox
|-curestatus|p2a: Cinderace|frz|[from] move: Pyro Ball
|move|p2a: Cinderace|Pyro Ball|p1a: Alomomola
|-resisted|p1a: Alomomola
|-damage|p1a: Alomomola|86/100 tox
|
|-damage|p1a: Alomomola|79/100 tox|[from] psn
|upkeep
|turn|18
|
|t:|1760853261
|switch|p2a: Kyurem|Kyurem|96/100
|-ability|p2a: Kyurem|Pressure
|move|p1a: Alomomola|Flip Turn|p2a: Kyurem
|-resisted|p2a: Kyurem
|-damage|p2a: Kyurem|89/100
|l| vywxiwjxjwk
|j| weigh666
|
|t:|1760853265
|switch|p1a: Maushold|Maushold-Four|100/100|[from] Flip Turn
|
|-heal|p2a: Kyurem|95/100|[from] item: Leftovers
|upkeep
|turn|19
|l| weigh666
|
|t:|1760853273
|switch|p2a: Corviknight|Corviknight, F|91/100
|-ability|p2a: Corviknight|Pressure
|move|p1a: Maushold|Population Bomb|p2a: Corviknight
|-resisted|p2a: Corviknight
|-damage|p2a: Corviknight|88/100
|-resisted|p2a: Corviknight
|-damage|p2a: Corviknight|84/100
|-resisted|p2a: Corviknight
|-damage|p2a: Corviknight|81/100
|-resisted|p2a: Corviknight
|-damage|p2a: Corviknight|78/100
|-resisted|p2a: Corviknight
|-damage|p2a: Corviknight|74/100
|-resisted|p2a: Corviknight
|-damage|p2a: Corviknight|71/100
|-resisted|p2a: Corviknight
|-damage|p2a: Corviknight|68/100
|-resisted|p2a: Corviknight
|-damage|p2a: Corviknight|65/100
|-resisted|p2a: Corviknight
|-damage|p2a: Corviknight|62/100
|-resisted|p2a: Corviknight
|-damage|p2a: Corviknight|59/100
|-hitcount|p2a: Corviknight|10
|
|upkeep
|turn|20
|
|t:|1760853281
|move|p1a: Maushold|Population Bomb|p2a: Corviknight
|-resisted|p2a: Corviknight
|-damage|p2a: Corviknight|56/100
|-resisted|p2a: Corviknight
|-damage|p2a: Corviknight|53/100
|-resisted|p2a: Corviknight
|-damage|p2a: Corviknight|49/100
|-resisted|p2a: Corviknight
|-damage|p2a: Corviknight|46/100
|-resisted|p2a: Corviknight
|-damage|p2a: Corviknight|42/100
|-resisted|p2a: Corviknight
|-damage|p2a: Corviknight|39/100
|-resisted|p2a: Corviknight
|-damage|p2a: Corviknight|36/100
|-hitcount|p2a: Corviknight|7
|move|p2a: Corviknight|Roost|p2a: Corviknight
|-heal|p2a: Corviknight|86/100
|-singleturn|p2a: Corviknight|move: Roost
|
|upkeep
|turn|21
|j| vywxiwjxjwk
|inactive|MooFarmer has 60 seconds left.
|
|t:|1760853289
|switch|p1a: Alomomola|Alomomola, M, shiny|100/100 tox
|move|p2a: Corviknight|Brave Bird|p1a: Alomomola
|-damage|p1a: Alomomola|75/100 tox
|-damage|p2a: Corviknight|69/100|[from] item: Rocky Helmet|[of] p1a: Alomomola
|-damage|p2a: Corviknight|58/100|[from] Recoil
|
|-damage|p1a: Alomomola|69/100 tox|[from] psn
|upkeep
|turn|22
|
|t:|1760853298
|move|p2a: Corviknight|Roost|p2a: Corviknight
|-heal|p2a: Corviknight|100/100
|-singleturn|p2a: Corviknight|move: Roost
|move|p1a: Alomomola|Flip Turn|p2a: Corviknight
|-damage|p2a: Corviknight|90/100
|
|t:|1760853301
|switch|p1a: Sinistcha|Sinistcha, shiny|100/100|[from] Flip Turn
|
|upkeep
|turn|23
|
|t:|1760853310
|switch|p2a: Kyurem|Kyurem|95/100
|-ability|p2a: Kyurem|Pressure
|move|p1a: Sinistcha|Shadow Ball|p2a: Kyurem
|-damage|p2a: Kyurem|64/100
|
|-heal|p2a: Kyurem|70/100|[from] item: Leftovers
|upkeep
|turn|24
|
|t:|1760853319
|switch|p1a: Frosmoth|Frosmoth, F, shiny|100/100
|move|p2a: Kyurem|Freeze-Dry|p1a: Frosmoth
|-resisted|p1a: Frosmoth
|-damage|p1a: Frosmoth|94/100
|
|-heal|p2a: Kyurem|76/100|[from] item: Leftovers
|-heal|p1a: Frosmoth|99/100|[from] item: Leftovers
|upkeep
|turn|25
|
|t:|1760853330
|switch|p2a: Cinderace|Cinderace, M|58/100
|move|p1a: Frosmoth|Ice Beam|p2a: Cinderace
|-resisted|p2a: Cinderace
|-damage|p2a: Cinderace|36/100
|
|-heal|p1a: Frosmoth|100/100|[from] item: Leftovers
|upkeep
|turn|26
|inactive|MooFarmer has 90 seconds left.
|l| vywxiwjxjwk
|inactive|MooFarmer has 60 seconds left.
|
|t:|1760853375
|switch|p2a: Kyurem|Kyurem|76/100
|-ability|p2a: Kyurem|Pressure
|switch|p1a: Alomomola|Alomomola, M, shiny|100/100 tox
|
|-heal|p2a: Kyurem|83/100|[from] item: Leftovers
|-damage|p1a: Alomomola|94/100 tox|[from] psn
|upkeep
|turn|27
|inactive|MooFarmer has 60 seconds left.
|inactive|MooFarmer has 30 seconds left.
|
|t:|1760853420
|switch|p1a: Frosmoth|Frosmoth, F, shiny|100/100
|move|p2a: Kyurem|Freeze-Dry|p1a: Frosmoth
|-resisted|p1a: Frosmoth
|-damage|p1a: Frosmoth|94/100
|
|-heal|p2a: Kyurem|89/100|[from] item: Leftovers
|-heal|p1a: Frosmoth|99/100|[from] item: Leftovers
|upkeep
|turn|28
|inactive|MooFarmer has 30 seconds left.
|
|t:|1760853428
|switch|p2a: Cinderace|Cinderace, M|36/100
|move|p1a: Frosmoth|Ice Beam|p2a: Cinderace
|-resisted|p2a: Cinderace
|-damage|p2a: Cinderace|13/100
|
|-heal|p1a: Frosmoth|100/100|[from] item: Leftovers
|upkeep
|turn|29
|
|t:|1760853437
|switch|p2a: Kyurem|Kyurem|89/100
|-ability|p2a: Kyurem|Pressure
|switch|p1a: Alomomola|Alomomola, M, shiny|100/100 tox
|
|-heal|p2a: Kyurem|95/100|[from] item: Leftovers
|-damage|p1a: Alomomola|94/100 tox|[from] psn
|upkeep
|turn|30
|
|t:|1760853445
|switch|p1a: Frosmoth|Frosmoth, F, shiny|100/100
|move|p2a: Kyurem|Freeze-Dry|p1a: Frosmoth
|-resisted|p1a: Frosmoth
|-damage|p1a: Frosmoth|93/100
|
|-heal|p2a: Kyurem|100/100|[from] item: Leftovers
|-heal|p1a: Frosmoth|99/100|[from] item: Leftovers
|upkeep
|turn|31
|
|t:|1760853454
|switch|p2a: Ting-Lu|Ting-Lu|100/100
|-ability|p2a: Ting-Lu|Vessel of Ruin
|move|p1a: Frosmoth|Ice Beam|p2a: Ting-Lu
|-supereffective|p2a: Ting-Lu
|-damage|p2a: Ting-Lu|70/100
|
|-heal|p1a: Frosmoth|100/100|[from] item: Leftovers
|-heal|p2a: Ting-Lu|76/100|[from] item: Leftovers
|upkeep
|turn|32
|
|t:|1760853463
|move|p1a: Frosmoth|Ice Beam|p2a: Ting-Lu
|-supereffective|p2a: Ting-Lu
|-damage|p2a: Ting-Lu|46/100
|move|p2a: Ting-Lu|Payback|p1a: Frosmoth
|-damage|p1a: Frosmoth|41/100
|
|-heal|p1a: Frosmoth|47/100|[from] item: Leftovers
|-heal|p2a: Ting-Lu|52/100|[from] item: Leftovers
|upkeep
|turn|33
|
|t:|1760853471
|switch|p1a: Alomomola|Alomomola, M, shiny|100/100 tox
|move|p2a: Ting-Lu|Payback|p1a: Alomomola
|-damage|p1a: Alomomola|89/100 tox
|-damage|p2a: Ting-Lu|35/100|[from] item: Rocky Helmet|[of] p1a: Alomomola
|
|-heal|p2a: Ting-Lu|42/100|[from] item: Leftovers
|-damage|p1a: Alomomola|83/100 tox|[from] psn
|upkeep
|turn|34
|inactive|MooFarmer has 60 seconds left.
|
|t:|1760853480
|move|p2a: Ting-Lu|Rest|p2a: Ting-Lu
|-status|p2a: Ting-Lu|slp|[from] move: Rest
|-heal|p2a: Ting-Lu|100/100 slp|[silent]
|move|p1a: Alomomola|Flip Turn|p2a: Ting-Lu
|-supereffective|p2a: Ting-Lu
|-damage|p2a: Ting-Lu|83/100 slp
|
|t:|1760853485
|switch|p1a: Maushold|Maushold-Four|100/100|[from] Flip Turn
|
|-heal|p2a: Ting-Lu|89/100 slp|[from] item: Leftovers
|upkeep
|turn|35
|l| arandomenglishname
|
|t:|1760853494
|switch|p2a: Corviknight|Corviknight, F|90/100
|-ability|p2a: Corviknight|Pressure
|move|p1a: Maushold|Tidy Up|p1a: Maushold
|-boost|p1a: Maushold|atk|1
|-boost|p1a: Maushold|spe|1
|
|upkeep
|turn|36
|
|t:|1760853502
|move|p1a: Maushold|Population Bomb|p2a: Corviknight
|-resisted|p2a: Corviknight
|-damage|p2a: Corviknight|84/100
|-resisted|p2a: Corviknight
|-damage|p2a: Corviknight|80/100
|-resisted|p2a: Corviknight
|-damage|p2a: Corviknight|74/100
|-resisted|p2a: Corviknight
|-damage|p2a: Corviknight|70/100
|-resisted|p2a: Corviknight
|-damage|p2a: Corviknight|65/100
|-resisted|p2a: Corviknight
|-damage|p2a: Corviknight|60/100
|-resisted|p2a: Corviknight
|-damage|p2a: Corviknight|55/100
|-resisted|p2a: Corviknight
|-damage|p2a: Corviknight|50/100
|-resisted|p2a: Corviknight
|-damage|p2a: Corviknight|45/100
|-resisted|p2a: Corviknight
|-damage|p2a: Corviknight|40/100
|-hitcount|p2a: Corviknight|10
|move|p2a: Corviknight|U-turn|p1a: Maushold
|-damage|p1a: Maushold|80/100
|
|t:|1760853512
|switch|p2a: Dondozo|Dondozo, F|100/100|[from] U-turn
|
|upkeep
|turn|37
|
|t:|1760853520
|switch|p1a: Sinistcha|Sinistcha, shiny|100/100
|move|p2a: Dondozo|Waterfall|p1a: Sinistcha
|-resisted|p1a: Sinistcha
|-damage|p1a: Sinistcha|92/100
|
|upkeep
|turn|38
|
|t:|1760853529
|switch|p2a: Kyurem|Kyurem|100/100
|-ability|p2a: Kyurem|Pressure
|move|p1a: Sinistcha|Matcha Gotcha|p2a: Kyurem
|-resisted|p2a: Kyurem
|-damage|p2a: Kyurem|84/100
|-heal|p1a: Sinistcha|100/100|[from] drain|[of] p2a: Kyurem
|
|-heal|p2a: Kyurem|91/100|[from] item: Leftovers
|upkeep
|turn|39
|inactive|MooFarmer has 90 seconds left.
|inactive|MooFarmer has 60 seconds left.
|
|t:|1760853575
|switch|p1a: Frosmoth|Frosmoth, F, shiny|47/100
|move|p2a: Kyurem|Freeze-Dry|p1a: Frosmoth
|-resisted|p1a: Frosmoth
|-damage|p1a: Frosmoth|40/100
|
|-heal|p2a: Kyurem|97/100|[from] item: Leftovers
|-heal|p1a: Frosmoth|46/100|[from] item: Leftovers
|upkeep
|turn|40
|c|☆eros maniac|This game reminds me of gen 8
|inactive|MooFarmer has 30 seconds left.
|inactive|MooFarmer has 20 seconds left.
|inactive|MooFarmer has 15 seconds left.
|
|t:|1760853620
|switch|p2a: Dondozo|Dondozo, F|100/100
|move|p1a: Frosmoth|Quiver Dance|p1a: Frosmoth
|-boost|p1a: Frosmoth|spa|1
|-boost|p1a: Frosmoth|spd|1
|-boost|p1a: Frosmoth|spe|1
|
|-heal|p1a: Frosmoth|52/100|[from] item: Leftovers
|upkeep
|turn|41
|inactive|MooFarmer has 25 seconds left this turn.
|inactive|MooFarmer has 20 seconds left.
|inactive|eros maniac has 120 seconds left.
|
|t:|1760853642
|switch|p1a: Alomomola|Alomomola, M, shiny|100/100 tox
|move|p2a: Dondozo|Waterfall|p1a: Alomomola
|-resisted|p1a: Alomomola
|-damage|p1a: Alomomola|92/100 tox
|-damage|p2a: Dondozo|84/100|[from] item: Rocky Helmet|[of] p1a: Alomomola
|
|-heal|p2a: Dondozo|90/100|[from] item: Leftovers
|-damage|p1a: Alomomola|85/100 tox|[from] psn
|upkeep
|turn|42
|inactive|MooFarmer has 30 seconds left this turn.
|
|t:|1760853651
|move|p1a: Alomomola|Flip Turn|p2a: Dondozo
|-resisted|p2a: Dondozo
|-damage|p2a: Dondozo|87/100
|
|t:|1760853653
|switch|p1a: Sinistcha|Sinistcha, shiny|100/100|[from] Flip Turn
|move|p2a: Dondozo|Waterfall|p1a: Sinistcha
|-resisted|p1a: Sinistcha
|-damage|p1a: Sinistcha|92/100
|
|-heal|p2a: Dondozo|93/100|[from] item: Leftovers
|upkeep
|turn|43
|
|t:|1760853666
|switch|p1a: Krookodile|Krookodile, M|82/100 tox
|-ability|p1a: Krookodile|Intimidate|boost
|-unboost|p2a: Dondozo|atk|1
|switch|p2a: Kyurem|Kyurem|97/100
|-ability|p2a: Kyurem|Pressure
|
|-heal|p2a: Kyurem|100/100|[from] item: Leftovers
|-damage|p1a: Krookodile|76/100 tox|[from] psn
|upkeep
|turn|44
|
|t:|1760853674
|switch|p2a: Corviknight|Corviknight, F|40/100
|-ability|p2a: Corviknight|Pressure
|move|p1a: Krookodile|Knock Off|p2a: Corviknight
|-damage|p2a: Corviknight|8/100
|
|-damage|p1a: Krookodile|64/100 tox|[from] psn
|upkeep
|turn|45
|
|t:|1760853682
|move|p1a: Krookodile|Knock Off|p2a: Corviknight
|-damage|p2a: Corviknight|0 fnt
|faint|p2a: Corviknight
|
|-damage|p1a: Krookodile|46/100 tox|[from] psn
|upkeep
|
|t:|1760853691
|switch|p2a: Ting-Lu|Ting-Lu|89/100 slp
|-ability|p2a: Ting-Lu|Vessel of Ruin
|turn|46
|
|t:|1760853699
|switch|p2a: Slowking|Slowking-Galar, L99, F|100/100
|move|p1a: Krookodile|Knock Off|p2a: Slowking
|-supereffective|p2a: Slowking
|-damage|p2a: Slowking|0 fnt
|-enditem|p2a: Slowking|Heavy-Duty Boots|[from] move: Knock Off|[of] p1a: Krookodile
|faint|p2a: Slowking
|
|-damage|p1a: Krookodile|21/100 tox|[from] psn
|upkeep
|
|t:|1760853708
|switch|p2a: Ting-Lu|Ting-Lu|89/100 slp
|-ability|p2a: Ting-Lu|Vessel of Ruin
|turn|47
|
|t:|1760853716
|move|p1a: Krookodile|Knock Off|p2a: Ting-Lu
|-resisted|p2a: Ting-Lu
|-damage|p2a: Ting-Lu|69/100 slp
|-enditem|p2a: Ting-Lu|Leftovers|[from] move: Knock Off|[of] p1a: Krookodile
|cant|p2a: Ting-Lu|slp
|move|p2a: Ting-Lu|Sleep Talk|p2a: Ting-Lu
|move|p2a: Ting-Lu|Rest||[from] move: Sleep Talk|[still]
|-fail|p2a: Ting-Lu
|
|-damage|p1a: Krookodile|0 fnt|[from] psn
|faint|p1a: Krookodile
|upkeep
|
|t:|1760853726
|switch|p1a: Maushold|Maushold-Four|80/100
|turn|48
|
|t:|1760853735
|move|p1a: Maushold|Population Bomb|p2a: Ting-Lu
|-damage|p2a: Ting-Lu|63/100 slp
|-damage|p2a: Ting-Lu|58/100 slp
|-damage|p2a: Ting-Lu|51/100 slp
|-damage|p2a: Ting-Lu|45/100 slp
|-damage|p2a: Ting-Lu|39/100 slp
|-damage|p2a: Ting-Lu|33/100 slp
|-damage|p2a: Ting-Lu|27/100 slp
|-damage|p2a: Ting-Lu|21/100 slp
|-crit|p2a: Ting-Lu
|-damage|p2a: Ting-Lu|12/100 slp
|-damage|p2a: Ting-Lu|6/100 slp
|-hitcount|p2a: Ting-Lu|10
|cant|p2a: Ting-Lu|slp
|move|p2a: Ting-Lu|Sleep Talk|p2a: Ting-Lu
|move|p2a: Ting-Lu|Earthquake|p1a: Maushold|[from] move: Sleep Talk
|-damage|p1a: Maushold|25/100
|
|upkeep
|turn|49
|
|t:|1760853743
|move|p1a: Maushold|Population Bomb|p2a: Ting-Lu
|-damage|p2a: Ting-Lu|1/100 slp
|-damage|p2a: Ting-Lu|0 fnt
|faint|p2a: Ting-Lu
|-hitcount|p2: Ting-Lu|2
|
|upkeep
|
|t:|1760853751
|switch|p2a: Dondozo|Dondozo, F|93/100
|turn|50
|
|t:|1760853760
|switch|p1a: Alomomola|Alomomola, M, shiny|100/100 tox
|move|p2a: Dondozo|Waterfall|p1a: Alomomola
|-resisted|p1a: Alomomola
|-damage|p1a: Alomomola|92/100 tox
|-damage|p2a: Dondozo|77/100|[from] item: Rocky Helmet|[of] p1a: Alomomola
|
|-heal|p2a: Dondozo|83/100|[from] item: Leftovers
|-damage|p1a: Alomomola|86/100 tox|[from] psn
|upkeep
|turn|51
|
|t:|1760853769
|move|p1a: Alomomola|Wish|p1a: Alomomola
|move|p2a: Dondozo|Waterfall|p1a: Alomomola
|-resisted|p1a: Alomomola
|-damage|p1a: Alomomola|77/100 tox
|-damage|p2a: Dondozo|66/100|[from] item: Rocky Helmet|[of] p1a: Alomomola
|
|-heal|p2a: Dondozo|72/100|[from] item: Leftovers
|-damage|p1a: Alomomola|65/100 tox|[from] psn
|upkeep
|turn|52
|
|t:|1760853778
|move|p1a: Alomomola|Flip Turn|p2a: Dondozo
|-resisted|p2a: Dondozo
|-damage|p2a: Dondozo|69/100
|
|t:|1760853780
|switch|p1a: Weezing|Weezing-Galar, F|100/100|[from] Flip Turn
|-ability|p1a: Weezing|Neutralizing Gas
|move|p2a: Dondozo|Body Press|p1a: Weezing
|-resisted|p1a: Weezing
|-damage|p1a: Weezing|96/100
|
|-heal|p1a: Weezing|100/100|[from] move: Wish|[wisher] Alomomola
|-heal|p2a: Dondozo|75/100|[from] item: Leftovers
|upkeep
|turn|53
|inactive|MooFarmer has 90 seconds left.
|inactive|MooFarmer has 60 seconds left.
|
|t:|1760853827
|move|p1a: Weezing|Strange Steam|p2a: Dondozo
|-damage|p2a: Dondozo|52/100
|move|p2a: Dondozo|Waterfall|p1a: Weezing
|-damage|p1a: Weezing|81/100
|
|-heal|p2a: Dondozo|58/100|[from] item: Leftovers
|upkeep
|turn|54
|inactive|MooFarmer has 60 seconds left.
|inactive|MooFarmer has 30 seconds left.
|inactive|MooFarmer has 20 seconds left.
|
|t:|1760853875
|move|p1a: Weezing|Strange Steam|p2a: Dondozo
|-damage|p2a: Dondozo|33/100
|move|p2a: Dondozo|Waterfall|p1a: Weezing
|-damage|p1a: Weezing|62/100
|
|-heal|p2a: Dondozo|39/100|[from] item: Leftovers
|upkeep
|turn|55
|inactive|MooFarmer has 30 seconds left this turn.
|inactive|eros maniac has 120 seconds left.
|
|t:|1760853907
|move|p1a: Weezing|Strange Steam|p2a: Dondozo
|-damage|p2a: Dondozo|14/100
|move|p2a: Dondozo|Rest|p2a: Dondozo
|-status|p2a: Dondozo|slp|[from] move: Rest
|-heal|p2a: Dondozo|100/100 slp|[silent]
|
|upkeep
|turn|56
|inactive|MooFarmer has 30 seconds left.
|
|t:|1760853916
|switch|p2a: Cinderace|Cinderace, M|13/100
|move|p1a: Weezing|Strange Steam|p2a: Cinderace
|-resisted|p2a: Cinderace
|-damage|p2a: Cinderace|0 fnt
|faint|p2a: Cinderace
|
|upkeep
|inactive|MooFarmer has 30 seconds left.
|
|t:|1760853926
|switch|p2a: Dondozo|Dondozo, F|100/100 slp
|turn|57
|
|t:|1760853934
|move|p1a: Weezing|Strange Steam|p2a: Dondozo
|-damage|p2a: Dondozo|77/100 slp
|-start|p2a: Dondozo|confusion
|cant|p2a: Dondozo|slp
|
|-heal|p2a: Dondozo|83/100 slp|[from] item: Leftovers
|upkeep
|turn|58
|
|t:|1760853943
|move|p1a: Weezing|Strange Steam|p2a: Dondozo
|-damage|p2a: Dondozo|55/100 slp
|cant|p2a: Dondozo|slp
|
|-heal|p2a: Dondozo|61/100 slp|[from] item: Leftovers
|upkeep
|turn|59
|
|t:|1760853958
|move|p1a: Weezing|Strange Steam|p2a: Dondozo
|-damage|p2a: Dondozo|38/100 slp
|-curestatus|p2a: Dondozo|slp|[msg]
|-activate|p2a: Dondozo|confusion
|move|p2a: Dondozo|Waterfall|p1a: Weezing
|-crit|p1a: Weezing
|-damage|p1a: Weezing|33/100
|
|-heal|p2a: Dondozo|44/100|[from] item: Leftovers
|upkeep
|turn|60
|
|t:|1760853967
|move|p1a: Weezing|Strange Steam|p2a: Dondozo
|-damage|p2a: Dondozo|16/100
|-activate|p2a: Dondozo|confusion
|move|p2a: Dondozo|Waterfall|p1a: Weezing
|-damage|p1a: Weezing|15/100
|
|-heal|p2a: Dondozo|22/100|[from] item: Leftovers
|upkeep
|turn|61
|
|t:|1760853977
|switch|p2a: Kyurem|Kyurem|100/100
|move|p1a: Weezing|Strange Steam|p2a: Kyurem
|-supereffective|p2a: Kyurem
|-damage|p2a: Kyurem|50/100
|-start|p2a: Kyurem|confusion
|
|-heal|p2a: Kyurem|56/100|[from] item: Leftovers
|upkeep
|turn|62
|inactive|MooFarmer has 60 seconds left.
|
|t:|1760853986
|-terastallize|p2a: Kyurem|Ground
|-activate|p2a: Kyurem|confusion
|-damage|p2a: Kyurem|48/100|[from] confusion
|move|p1a: Weezing|Strange Steam|p2a: Kyurem
|-damage|p2a: Kyurem|21/100
|
|-heal|p2a: Kyurem|27/100|[from] item: Leftovers
|upkeep
|turn|63
|j| sgCURRY3
|
|t:|1760853994
|-activate|p2a: Kyurem|confusion
|move|p2a: Kyurem|Protect|p2a: Kyurem
|-singleturn|p2a: Kyurem|Protect
|move|p1a: Weezing|Strange Steam|p2a: Kyurem
|-activate|p2a: Kyurem|move: Protect
|
|-heal|p2a: Kyurem|34/100|[from] item: Leftovers
|upkeep
|turn|64
|l| sgCURRY3
|
|t:|1760854002
|switch|p2a: Dondozo|Dondozo, F|22/100
|move|p1a: Weezing|Strange Steam|p2a: Dondozo
|-damage|p2a: Dondozo|0 fnt
|faint|p2a: Dondozo
|
|upkeep
|
|t:|1760854011
|switch|p2a: Kyurem|Kyurem, tera:Ground|34/100
|turn|65
|
|t:|1760854019
|-end|p1a: Weezing|ability: Neutralizing Gas
|-ability|p2a: Kyurem|Pressure
|switch|p1a: Frosmoth|Frosmoth, F, shiny|52/100
|move|p2a: Kyurem|Substitute|p2a: Kyurem
|-start|p2a: Kyurem|Substitute
|-damage|p2a: Kyurem|9/100
|
|-heal|p2a: Kyurem|15/100|[from] item: Leftovers
|-heal|p1a: Frosmoth|58/100|[from] item: Leftovers
|upkeep
|turn|66
|
|t:|1760854027
|move|p2a: Kyurem|Earth Power|p1a: Frosmoth
|-resisted|p1a: Frosmoth
|-damage|p1a: Frosmoth|50/100
|move|p1a: Frosmoth|Quiver Dance|p1a: Frosmoth
|-boost|p1a: Frosmoth|spa|1
|-boost|p1a: Frosmoth|spd|1
|-boost|p1a: Frosmoth|spe|1
|
|-heal|p2a: Kyurem|21/100|[from] item: Leftovers
|-heal|p1a: Frosmoth|56/100|[from] item: Leftovers
|upkeep
|turn|67
|
|t:|1760854035
|move|p2a: Kyurem|Earth Power|p1a: Frosmoth
|-resisted|p1a: Frosmoth
|-damage|p1a: Frosmoth|50/100
|move|p1a: Frosmoth|Tera Blast|p2a: Kyurem
|-end|p2a: Kyurem|Substitute
|
|-heal|p2a: Kyurem|27/100|[from] item: Leftovers
|-heal|p1a: Frosmoth|56/100|[from] item: Leftovers
|upkeep
|turn|68
|inactive|MooFarmer has 90 seconds left.
|
|t:|1760854042
|move|p2a: Kyurem|Protect|p2a: Kyurem
|-singleturn|p2a: Kyurem|Protect
|move|p1a: Frosmoth|Ice Beam|p2a: Kyurem
|-activate|p2a: Kyurem|move: Protect
|
|-heal|p2a: Kyurem|33/100|[from] item: Leftovers
|-heal|p1a: Frosmoth|62/100|[from] item: Leftovers
|upkeep
|turn|69
|
|t:|1760854050
|move|p2a: Kyurem|Protect||[still]
|-fail|p2a: Kyurem
|move|p1a: Frosmoth|Ice Beam|p2a: Kyurem
|-supereffective|p2a: Kyurem
|-damage|p2a: Kyurem|0 fnt
|faint|p2a: Kyurem
|
|win|eros maniac
|raw|eros maniac's rating: 1882 &rarr; <strong>1904</strong><br />(+22 for winning)
|raw|MooFarmer's rating: 1911 &rarr; <strong>1889</strong><br />(-22 for losing)
|l|☆MooFarmer
|player|p2|
|l|☆eros maniac
|player|p1|
