|j|‽Josinjaison
|j|☆aerii718
|t:|1760791888
|gametype|singles
|player|p1|Josinjaison|169|1212
|player|p2|aerii718|170|1264
|gen|9
|tier|[Gen 9] OU
|rated|
|rule|HP Percentage Mod: HP is shown in percentages
|rule|Endless Battle Clause: Forcing endless battles is banned
|rule|Species Clause: Limit one of each Pokémon
|rule|OHKO Clause: OHKO moves are banned
|rule|Evasion Items Clause: Evasion items are banned
|rule|Evasion Moves Clause: Evasion moves are banned
|rule|Evasion Abilities Clause: Evasion abilities are banned
|rule|Sleep Moves Clause: Sleep-inducing moves are banned
|clearpoke
|poke|p1|Enamorus, F|
|poke|p1|Ogerpon-Wellspring, F|
|poke|p1|Iron Crown|
|poke|p1|Iron Hands|
|poke|p1|Glimmora, M|
|poke|p1|Ursaluna, M|
|poke|p2|Ribombee, M|
|poke|p2|Rillaboom, M|
|poke|p2|Ursaluna, M|
|poke|p2|Hawlucha, F|
|poke|p2|Porygon-Z|
|poke|p2|Slowking-Galar, F|
|teampreview
|inactive|Battle timer is ON: inactive players will automatically lose when time's up. (requested by aerii718)
|
|t:|1760791902
|teamsize|p1|6
|teamsize|p2|6
|start
|switch|p1a: Ogerpon|Ogerpon-Wellspring, F|100/100
|switch|p2a: Ribombee|Ribombee, M|100/100
|turn|1
|
|t:|1760791910
|move|p2a: Ribombee|Skill Swap|p1a: Ogerpon
|-activate|p2a: Ribombee|move: Skill Swap|Water Absorb|Shield Dust|[of] p1a: Ogerpon
|move|p1a: Ogerpon|U-turn|p2a: Ribombee
|-resisted|p2a: Ribombee
|-damage|p2a: Ribombee|74/100
|
|t:|1760791924
|switch|p1a: Glimmora|Glimmora, M, shiny|100/100|[from] U-turn
|
|upkeep
|turn|2
|
|t:|1760791929
|move|p2a: Ribombee|Skill Swap|p1a: Glimmora
|-activate|p2a: Ribombee|move: Skill Swap|Toxic Debris|Water Absorb|[of] p1a: Glimmora
|move|p1a: Glimmora|Stealth Rock|p2a: Ribombee
|-sidestart|p2: aerii718|move: Stealth Rock
|
|upkeep
|turn|3
|
|t:|1760791940
|move|p2a: Ribombee|Stun Spore|p1a: Glimmora
|-status|p1a: Glimmora|par
|move|p1a: Glimmora|Power Gem|p2a: Ribombee
|-supereffective|p2a: Ribombee
|-damage|p2a: Ribombee|0 fnt
|faint|p2a: Ribombee
|
|upkeep
|
|t:|1760791948
|switch|p2a: Rillaboom|Rillaboom, M|100/100
|-damage|p2a: Rillaboom|88/100|[from] Stealth Rock
|-fieldstart|move: Grassy Terrain|[from] ability: Grassy Surge|[of] p2a: Rillaboom
|turn|4
|
|t:|1760791967
|switch|p1a: Iron Crown|Iron Crown|100/100
|move|p2a: Rillaboom|U-turn|p1a: Iron Crown
|-damage|p1a: Iron Crown|75/100
|
|t:|1760791976
|switch|p2a: Ursaluna|Ursaluna, M|100/100|[from] U-turn
|-damage|p2a: Ursaluna|94/100|[from] Stealth Rock
|
|-heal|p1a: Iron Crown|81/100|[from] Grassy Terrain
|-heal|p2a: Ursaluna|100/100|[from] Grassy Terrain
|-status|p2a: Ursaluna|brn|[from] item: Flame Orb
|upkeep
|turn|5
|
|t:|1760791987
|move|p1a: Iron Crown|Focus Blast|p2a: Ursaluna
|-supereffective|p2a: Ursaluna
|-damage|p2a: Ursaluna|0 fnt
|faint|p2a: Ursaluna
|
|-heal|p1a: Iron Crown|87/100|[from] Grassy Terrain
|upkeep
|
|t:|1760791993
|switch|p2a: Hawlucha|Hawlucha, F|100/100
|-damage|p2a: Hawlucha|88/100|[from] Stealth Rock
|-enditem|p2a: Hawlucha|Grassy Seed
|-boost|p2a: Hawlucha|def|1|[from] item: Grassy Seed
|turn|6
|
|t:|1760792001
|-end|p1a: Iron Crown|Quark Drive|[silent]
|switch|p1a: Glimmora|Glimmora, M, shiny|100/100 par
|move|p2a: Hawlucha|Swords Dance|p2a: Hawlucha
|-boost|p2a: Hawlucha|atk|2
|
|upkeep
|turn|7
|
|t:|1760792013
|move|p2a: Hawlucha|Acrobatics|p1a: Glimmora
|-resisted|p1a: Glimmora
|-crit|p1a: Glimmora
|-damage|p1a: Glimmora|32/100 par
|-activate|p1a: Glimmora|ability: Toxic Debris
|-sidestart|p2: aerii718|move: Toxic Spikes
|-enditem|p1a: Glimmora|Red Card|[of] p2a: Hawlucha
|drag|p2a: Porygon-Z|Porygon-Z|100/100
|-damage|p2a: Porygon-Z|88/100|[from] Stealth Rock
|-status|p2a: Porygon-Z|psn
|move|p1a: Glimmora|Power Gem|p2a: Porygon-Z
|-damage|p2a: Porygon-Z|40/100 psn
|
|-heal|p2a: Porygon-Z|46/100 psn|[from] Grassy Terrain
|-heal|p1a: Glimmora|38/100 par|[from] Grassy Terrain
|-damage|p2a: Porygon-Z|34/100 psn|[from] psn
|upkeep
|turn|8
|-message|aerii718 forfeited.
|
|win|Josinjaison
|raw|Josinjaison's rating: 1212 &rarr; <strong>1241</strong><br />(+29 for winning)
|raw|aerii718's rating: 1264 &rarr; <strong>1235</strong><br />(-29 for losing)
|l|☆aerii718
|player|p2|
|l|‽Josinjaison
|player|p1|
