|j|☆Rionecnirp
|j|☆iano12987
|t:|1760817450
|gametype|singles
|player|p1|Rionecnirp|cilan|
|player|p2|iano12987|lucas|
|gen|9
|tier|[Gen 9] OU
|rule|HP Percentage Mod: HP is shown in percentages
|rule|Endless Battle Clause: Forcing endless battles is banned
|rule|Species Clause: Limit one of each Pokémon
|rule|OHKO Clause: OHKO moves are banned
|rule|Evasion Items Clause: Evasion items are banned
|rule|Evasion Moves Clause: Evasion moves are banned
|rule|Evasion Abilities Clause: Evasion abilities are banned
|rule|Sleep Moves Clause: Sleep-inducing moves are banned
|clearpoke
|poke|p1|Maushold|
|poke|p1|Squawkabilly-White, M|
|poke|p1|Iron Valiant|
|poke|p1|Duraludon, M|
|poke|p1|Iron Moth|
|poke|p1|Cetitan, F|
|poke|p2|Glimmora, F|
|poke|p2|Quaquaval, M|
|poke|p2|Azumarill, F|
|poke|p2|Greninja-*, F|
|poke|p2|Dondozo, F|
|poke|p2|Walking Wake|
|teampreview
|j| lethsov
|
|t:|1760817636
|teamsize|p1|6
|teamsize|p2|6
|start
|switch|p1a: Cetitan|Cetitan, F|100/100
|switch|p2a: Fion|Glimmora, F|100/100
|turn|1
|
|t:|1760817665
|move|p2a: Fion|Stealth Rock|p1a: Cetitan
|-sidestart|p1: Rionecnirp|move: Stealth Rock
|move|p1a: Cetitan|Knock Off|p2a: Fion
|-damage|p2a: Fion|71/100
|-activate|p2a: Fion|ability: Toxic Debris
|-sidestart|p1: Rionecnirp|move: Toxic Spikes
|-enditem|p2a: Fion|Focus Sash|[from] move: Knock Off|[of] p1a: Cetitan
|
|upkeep
|turn|2
|
|t:|1760817679
|move|p2a: Fion|Earth Power|p1a: Cetitan
|-damage|p1a: Cetitan|75/100
|move|p1a: Cetitan|Liquidation|p2a: Fion
|-supereffective|p2a: Fion
|-crit|p2a: Fion
|-damage|p2a: Fion|0 fnt
|-activate|p2a: Fion|ability: Toxic Debris
|-sidestart|p1: Rionecnirp|move: Toxic Spikes
|faint|p2a: Fion
|
|upkeep
|
|t:|1760817704
|switch|p2a: Canar WC|Quaquaval, M|100/100
|turn|3
|
|t:|1760817734
|move|p2a: Canar WC|Close Combat|p1a: Cetitan
|-supereffective|p1a: Cetitan
|-damage|p1a: Cetitan|0 fnt
|-unboost|p2a: Canar WC|def|1
|-unboost|p2a: Canar WC|spd|1
|faint|p1a: Cetitan
|-ability|p2a: Canar WC|Moxie|boost
|-boost|p2a: Canar WC|atk|1
|
|upkeep
|
|t:|1760817747
|switch|p1a: Iron Valiant|Iron Valiant|100/100
|-damage|p1a: Iron Valiant|94/100|[from] Stealth Rock
|-status|p1a: Iron Valiant|tox
|-enditem|p1a: Iron Valiant|Booster Energy
|-activate|p1a: Iron Valiant|ability: Quark Drive|[fromitem]
|-start|p1a: Iron Valiant|quarkdrivespe
|turn|4
|
|t:|1760817781
|move|p1a: Iron Valiant|Leaf Blade|p2a: Canar WC
|-supereffective|p2a: Canar WC
|-damage|p2a: Canar WC|0 fnt
|faint|p2a: Canar WC
|
|-damage|p1a: Iron Valiant|88/100 tox|[from] psn
|upkeep
|
|t:|1760817793
|switch|p2a: Crazy Frog|Greninja, F|100/100
|turn|5
|
|t:|1760817805
|move|p1a: Iron Valiant|Close Combat|p2a: Crazy Frog
|-supereffective|p2a: Crazy Frog
|-damage|p2a: Crazy Frog|0 fnt
|-unboost|p1a: Iron Valiant|def|1
|-unboost|p1a: Iron Valiant|spd|1
|faint|p2a: Crazy Frog
|
|-damage|p1a: Iron Valiant|76/100 tox|[from] psn
|upkeep
|
|t:|1760817817
|switch|p2a: Swip|Azumarill, F|100/100
|turn|6
|
|t:|1760817826
|-terastallize|p1a: Iron Valiant|Grass
|move|p1a: Iron Valiant|Leaf Blade|p2a: Swip
|-supereffective|p2a: Swip
|-damage|p2a: Swip|0 fnt
|faint|p2a: Swip
|
|-damage|p1a: Iron Valiant|57/100 tox|[from] psn
|upkeep
|
|t:|1760817834
|switch|p2a: Wailord BIS|Dondozo, F|100/100
|turn|7
|
|t:|1760817839
|move|p1a: Iron Valiant|Leaf Blade|p2a: Wailord BIS
|-supereffective|p2a: Wailord BIS
|-damage|p2a: Wailord BIS|56/100
|move|p2a: Wailord BIS|Rest|p2a: Wailord BIS
|-status|p2a: Wailord BIS|slp|[from] move: Rest
|-heal|p2a: Wailord BIS|100/100 slp|[silent]
|
|-damage|p1a: Iron Valiant|32/100 tox|[from] psn
|upkeep
|turn|8
|
|t:|1760817856
|move|p1a: Iron Valiant|Leaf Blade|p2a: Wailord BIS
|-supereffective|p2a: Wailord BIS
|-damage|p2a: Wailord BIS|57/100 slp
|cant|p2a: Wailord BIS|slp
|move|p2a: Wailord BIS|Sleep Talk|p2a: Wailord BIS
|move|p2a: Wailord BIS|Avalanche|p1a: Iron Valiant|[from] move: Sleep Talk
|-supereffective|p1a: Iron Valiant
|-damage|p1a: Iron Valiant|0 fnt
|faint|p1a: Iron Valiant
|-end|p1a: Iron Valiant|Quark Drive|[silent]
|
|-heal|p2a: Wailord BIS|63/100 slp|[from] item: Leftovers
|upkeep
|
|t:|1760817872
|switch|p1a: Duraludon|Duraludon, M|100/100
|-damage|p1a: Duraludon|94/100|[from] Stealth Rock
|turn|9
|
|t:|1760817885
|move|p1a: Duraludon|Iron Defense|p1a: Duraludon
|-boost|p1a: Duraludon|def|2
|cant|p2a: Wailord BIS|slp
|move|p2a: Wailord BIS|Sleep Talk|p2a: Wailord BIS
|move|p2a: Wailord BIS|Rest||[from] move: Sleep Talk|[still]
|-fail|p2a: Wailord BIS
|
|-heal|p2a: Wailord BIS|70/100 slp|[from] item: Leftovers
|upkeep
|turn|10
|
|t:|1760817901
|move|p1a: Duraludon|Body Press|p2a: Wailord BIS
|-damage|p2a: Wailord BIS|57/100 slp
|-curestatus|p2a: Wailord BIS|slp|[msg]
|move|p2a: Wailord BIS|Waterfall|p1a: Duraludon
|-resisted|p1a: Duraludon
|-damage|p1a: Duraludon|83/100
|
|-heal|p2a: Wailord BIS|63/100|[from] item: Leftovers
|upkeep
|turn|11
|
|t:|1760817926
|move|p1a: Duraludon|Iron Defense|p1a: Duraludon
|-boost|p1a: Duraludon|def|2
|move|p2a: Wailord BIS|Waterfall|p1a: Duraludon
|-resisted|p1a: Duraludon
|-damage|p1a: Duraludon|72/100
|
|-heal|p2a: Wailord BIS|69/100|[from] item: Leftovers
|upkeep
|turn|12
|
|t:|1760817940
|move|p1a: Duraludon|Iron Head|p2a: Wailord BIS
|-resisted|p2a: Wailord BIS
|-damage|p2a: Wailord BIS|63/100
|move|p2a: Wailord BIS|Avalanche|p1a: Duraludon
|-damage|p1a: Duraludon|51/100
|
|-heal|p2a: Wailord BIS|69/100|[from] item: Leftovers
|upkeep
|turn|13
|
|t:|1760817950
|move|p1a: Duraludon|Body Press|p2a: Wailord BIS
|-damage|p2a: Wailord BIS|55/100
|move|p2a: Wailord BIS|Avalanche|p1a: Duraludon
|-damage|p1a: Duraludon|28/100
|
|-heal|p2a: Wailord BIS|61/100|[from] item: Leftovers
|upkeep
|turn|14
|
|t:|1760817959
|move|p1a: Duraludon|Stealth Rock|p2a: Wailord BIS
|-sidestart|p2: iano12987|move: Stealth Rock
|move|p2a: Wailord BIS|Sleep Talk||[still]
|-fail|p2a: Wailord BIS
|
|-heal|p2a: Wailord BIS|67/100|[from] item: Leftovers
|upkeep
|turn|15
|
|t:|1760817965
|move|p1a: Duraludon|Body Press|p2a: Wailord BIS
|-damage|p2a: Wailord BIS|55/100
|move|p2a: Wailord BIS|Rest|p2a: Wailord BIS
|-status|p2a: Wailord BIS|slp|[from] move: Rest
|-heal|p2a: Wailord BIS|100/100 slp|[silent]
|
|upkeep
|turn|16
|
|t:|1760817974
|move|p1a: Duraludon|Body Press|p2a: Wailord BIS
|-damage|p2a: Wailord BIS|89/100 slp
|cant|p2a: Wailord BIS|slp
|
|-heal|p2a: Wailord BIS|95/100 slp|[from] item: Leftovers
|upkeep
|turn|17
|
|t:|1760817985
|move|p1a: Duraludon|Body Press|p2a: Wailord BIS
|-damage|p2a: Wailord BIS|81/100 slp
|cant|p2a: Wailord BIS|slp
|move|p2a: Wailord BIS|Sleep Talk|p2a: Wailord BIS
|move|p2a: Wailord BIS|Waterfall|p1a: Duraludon|[from] move: Sleep Talk
|-resisted|p1a: Duraludon
|-damage|p1a: Duraludon|18/100
|
|-heal|p2a: Wailord BIS|88/100 slp|[from] item: Leftovers
|upkeep
|turn|18
|
|t:|1760817995
|move|p1a: Duraludon|Body Press|p2a: Wailord BIS
|-damage|p2a: Wailord BIS|75/100 slp
|-curestatus|p2a: Wailord BIS|slp|[msg]
|move|p2a: Wailord BIS|Avalanche|p1a: Duraludon
|-damage|p1a: Duraludon|0 fnt
|faint|p1a: Duraludon
|
|-heal|p2a: Wailord BIS|81/100|[from] item: Leftovers
|upkeep
|
|t:|1760818024
|switch|p1a: Squawkabilly|Squawkabilly-White, M|100/100
|-damage|p1a: Squawkabilly|76/100|[from] Stealth Rock
|-ability|p1a: Squawkabilly|Intimidate|boost
|-unboost|p2a: Wailord BIS|atk|1
|turn|19
|
|t:|1760818047
|move|p1a: Squawkabilly|Endeavor|p2a: Wailord BIS
|-damage|p2a: Wailord BIS|46/100
|-damage|p1a: Squawkabilly|66/100|[from] item: Life Orb
|move|p2a: Wailord BIS|Avalanche|p1a: Squawkabilly
|-supereffective|p1a: Squawkabilly
|-damage|p1a: Squawkabilly|0 fnt
|faint|p1a: Squawkabilly
|
|-heal|p2a: Wailord BIS|52/100|[from] item: Leftovers
|upkeep
|
|t:|1760818057
|switch|p1a: Maushold|Maushold|100/100
|-damage|p1a: Maushold|88/100|[from] Stealth Rock
|-status|p1a: Maushold|tox
|turn|20
|
|t:|1760818073
|move|p1a: Maushold|Tidy Up|p1a: Maushold
|-sideend|p1: Rionecnirp|Toxic Spikes
|-sideend|p1: Rionecnirp|Stealth Rock
|-sideend|p2: iano12987|Stealth Rock
|-activate|p1a: Maushold|move: Tidy Up
|-boost|p1a: Maushold|atk|1
|-boost|p1a: Maushold|spe|1
|move|p2a: Wailord BIS|Rest|p2a: Wailord BIS
|-status|p2a: Wailord BIS|slp|[from] move: Rest
|-heal|p2a: Wailord BIS|100/100 slp|[silent]
|
|-damage|p1a: Maushold|82/100 tox|[from] psn
|upkeep
|turn|21
|
|t:|1760818084
|move|p1a: Maushold|Encore|p2a: Wailord BIS
|-start|p2a: Wailord BIS|Encore
|cant|p2a: Wailord BIS|slp
|
|-damage|p1a: Maushold|69/100 tox|[from] psn
|upkeep
|turn|22
|
|t:|1760818091
|move|p1a: Maushold|Population Bomb|p2a: Wailord BIS
|-damage|p2a: Wailord BIS|96/100 slp
|-damage|p2a: Wailord BIS|91/100 slp
|-damage|p2a: Wailord BIS|85/100 slp
|-damage|p2a: Wailord BIS|80/100 slp
|-damage|p2a: Wailord BIS|76/100 slp
|-damage|p2a: Wailord BIS|70/100 slp
|-damage|p2a: Wailord BIS|65/100 slp
|-damage|p2a: Wailord BIS|59/100 slp
|-damage|p2a: Wailord BIS|54/100 slp
|-damage|p2a: Wailord BIS|49/100 slp
|-hitcount|p2a: Wailord BIS|10
|cant|p2a: Wailord BIS|slp
|
|-heal|p2a: Wailord BIS|55/100 slp|[from] item: Leftovers
|-damage|p1a: Maushold|51/100 tox|[from] psn
|upkeep
|turn|23
|
|t:|1760818109
|move|p1a: Maushold|Population Bomb|p2a: Wailord BIS|[miss]
|-miss|p1a: Maushold|p2a: Wailord BIS
|-curestatus|p2a: Wailord BIS|slp|[msg]
|move|p2a: Wailord BIS|Rest|p2a: Wailord BIS
|-status|p2a: Wailord BIS|slp|[from] move: Rest
|-heal|p2a: Wailord BIS|100/100 slp|[silent]
|
|-damage|p1a: Maushold|26/100 tox|[from] psn
|-end|p2a: Wailord BIS|Encore
|upkeep
|turn|24
|
|t:|1760818120
|move|p1a: Maushold|Population Bomb|p2a: Wailord BIS
|-damage|p2a: Wailord BIS|96/100 slp
|-damage|p2a: Wailord BIS|90/100 slp
|-damage|p2a: Wailord BIS|85/100 slp
|-damage|p2a: Wailord BIS|80/100 slp
|-damage|p2a: Wailord BIS|75/100 slp
|-damage|p2a: Wailord BIS|70/100 slp
|-damage|p2a: Wailord BIS|65/100 slp
|-damage|p2a: Wailord BIS|60/100 slp
|-damage|p2a: Wailord BIS|55/100 slp
|-damage|p2a: Wailord BIS|50/100 slp
|-hitcount|p2a: Wailord BIS|10
|cant|p2a: Wailord BIS|slp
|move|p2a: Wailord BIS|Sleep Talk|p2a: Wailord BIS
|move|p2a: Wailord BIS|Waterfall|p1a: Maushold|[from] move: Sleep Talk
|-damage|p1a: Maushold|0 fnt
|faint|p1a: Maushold
|
|-heal|p2a: Wailord BIS|56/100 slp|[from] item: Leftovers
|upkeep
|
|t:|1760818140
|switch|p1a: Iron Moth|Iron Moth|100/100
|-enditem|p1a: Iron Moth|Booster Energy
|-activate|p1a: Iron Moth|ability: Quark Drive|[fromitem]
|-start|p1a: Iron Moth|quarkdrivespe
|turn|25
|
|t:|1760818149
|move|p1a: Iron Moth|Sludge Wave|p2a: Wailord BIS
|-crit|p2a: Wailord BIS
|-damage|p2a: Wailord BIS|0 fnt
|faint|p2a: Wailord BIS
|
|upkeep
|
|t:|1760818154
|switch|p2a: Suicoune|Walking Wake|100/100
|-enditem|p2a: Suicoune|Booster Energy
|-activate|p2a: Suicoune|ability: Protosynthesis|[fromitem]
|-start|p2a: Suicoune|protosynthesisspa
|turn|26
|
|t:|1760818164
|move|p1a: Iron Moth|Sludge Wave|p2a: Suicoune
|-damage|p2a: Suicoune|51/100
|move|p2a: Suicoune|Hydro Pump|p1a: Iron Moth
|-supereffective|p1a: Iron Moth
|-damage|p1a: Iron Moth|0 fnt
|faint|p1a: Iron Moth
|-end|p1a: Iron Moth|Quark Drive|[silent]
|
|win|iano12987
|c|☆Rionecnirp|gg
|l|☆iano12987
|player|p2|
