|j|☆Asrzzz
|j|☆wtxcykl
|t:|1760755918
|gametype|singles
|player|p1|Asrzzz|alder|1288
|player|p2|wtxcykl|rosa|1263
|gen|9
|tier|[Gen 9] OU
|rated|
|rule|HP Percentage Mod: HP is shown in percentages
|rule|Endless Battle Clause: Forcing endless battles is banned
|rule|Species Clause: Limit one of each Pokémon
|rule|OHKO Clause: OHKO moves are banned
|rule|Evasion Items Clause: Evasion items are banned
|rule|Evasion Moves Clause: Evasion moves are banned
|rule|Evasion Abilities Clause: Evasion abilities are banned
|rule|Sleep Moves Clause: Sleep-inducing moves are banned
|clearpoke
|poke|p1|Ninetales-Alola, M|
|poke|p1|Kyurem|
|poke|p1|Iron Crown|
|poke|p1|Ceruledge, M|
|poke|p1|Primarina, M|
|poke|p1|Great Tusk|
|poke|p2|Magnezone|
|poke|p2|Golem-Alola, F|
|poke|p2|Inteleon, M|
|poke|p2|Poliwrath, M|
|poke|p2|Pelipper, F|
|poke|p2|Metagross|
|teampreview
|inactive|Battle timer is ON: inactive players will automatically lose when time's up. (requested by wtxcykl)
|
|t:|1760755944
|teamsize|p1|6
|teamsize|p2|6
|start
|switch|p1a: Ceruledge|Ceruledge, M|100/100
|switch|p2a: Golem|Golem-Alola, F, shiny|100/100
|turn|1
|
|t:|1760755956
|switch|p1a: Primarina|Primarina, M|100/100
|move|p2a: Golem|Stealth Rock|p1a: Primarina
|-sidestart|p1: Asrzzz|move: Stealth Rock
|
|upkeep
|turn|2
|
|t:|1760755965
|move|p1a: Primarina|Sparkling Aria|p2a: Golem
|-supereffective|p2a: Golem
|-ability|p2a: Golem|Sturdy
|-damage|p2a: Golem|1/100
|move|p2a: Golem|Stone Edge|p1a: Primarina|[miss]
|-miss|p2a: Golem|p1a: Primarina
|
|upkeep
|turn|3
|-enditem|p2a: Golem|Custap Berry|[eat]
|-activate|p2a: Golem|item: Custap Berry|[consumed]
|
|t:|1760755975
|move|p2a: Golem|Explosion|p1a: Primarina
|-damage|p1a: Primarina|11/100
|faint|p2a: Golem
|move|p1a: Primarina|Psychic Noise|p2: Golem|[notarget]
|-fail|p1a: Primarina
|
|upkeep
|
|t:|1760755987
|switch|p2a: Pelipper|Pelipper, F, shiny|100/100
|-weather|RainDance|[from] ability: Drizzle|[of] p2a: Pelipper
|turn|4
|
|t:|1760755992
|move|p1a: Primarina|Draining Kiss|p2a: Pelipper
|-damage|p2a: Pelipper|64/100
|-heal|p1a: Primarina|41/100|[from] drain|[of] p2a: Pelipper
|move|p2a: Pelipper|U-turn|p1a: Primarina
|-resisted|p1a: Primarina
|-damage|p1a: Primarina|36/100
|
|t:|1760756000
|switch|p2a: Inteleon|Inteleon, M|100/100|[from] U-turn
|
|-weather|RainDance|[upkeep]
|upkeep
|turn|5
|
|t:|1760756010
|-terastallize|p2a: Inteleon|Water
|move|p2a: Inteleon|Snipe Shot|p1a: Primarina
|-resisted|p1a: Primarina
|-damage|p1a: Primarina|8/100
|move|p1a: Primarina|Draining Kiss|p2a: Inteleon
|-damage|p2a: Inteleon|48/100
|-heal|p1a: Primarina|45/100|[from] drain|[of] p2a: Inteleon
|
|-weather|RainDance|[upkeep]
|upkeep
|turn|6
|
|t:|1760756026
|move|p2a: Inteleon|Snipe Shot|p1a: Primarina
|-resisted|p1a: Primarina
|-damage|p1a: Primarina|20/100
|move|p1a: Primarina|Draining Kiss|p2a: Inteleon
|-damage|p2a: Inteleon|0 fnt
|-heal|p1a: Primarina|53/100|[from] drain|[of] p2a: Inteleon
|faint|p2a: Inteleon
|
|-weather|RainDance|[upkeep]
|upkeep
|-message|wtxcykl forfeited.
|
|win|Asrzzz
|raw|Asrzzz's rating: 1288 &rarr; <strong>1311</strong><br />(+23 for winning)
|raw|wtxcykl's rating: 1263 &rarr; <strong>1240</strong><br />(-23 for losing)
|l|☆wtxcykl
|player|p2|
|l|☆Asrzzz
|player|p1|
