|j|☆825y
|j|☆Akasi
|t:|1760759956
|gametype|singles
|player|p1|825y|lance|1111
|player|p2|Akasi|ethan|1081
|gen|9
|tier|[Gen 9] OU
|rated|
|rule|HP Percentage Mod: HP is shown in percentages
|rule|Endless Battle Clause: Forcing endless battles is banned
|rule|Species Clause: Limit one of each Pokémon
|rule|OHKO Clause: OHKO moves are banned
|rule|Evasion Items Clause: Evasion items are banned
|rule|Evasion Moves Clause: Evasion moves are banned
|rule|Evasion Abilities Clause: Evasion abilities are banned
|rule|Sleep Moves Clause: Sleep-inducing moves are banned
|clearpoke
|poke|p1|Sceptile, F|
|poke|p1|Cinderace, F|
|poke|p1|Ceruledge, M|
|poke|p1|Dragapult, M|
|poke|p1|Gliscor, F|
|poke|p1|Rillaboom, M|
|poke|p2|Slither Wing|
|poke|p2|Sinistcha|
|poke|p2|Ursaluna, F|
|poke|p2|Ninetales, F|
|poke|p2|Grimmsnarl, M|
|poke|p2|Minior-Blue|
|teampreview
|
|t:|1760759979
|teamsize|p1|6
|teamsize|p2|6
|start
|switch|p1a: Gliscor|Gliscor, F, shiny|100/100
|switch|p2a: Grimmsnarl|Grimmsnarl, M|100/100
|turn|1
|
|t:|1760759996
|move|p2a: Grimmsnarl|Fake Out|p1a: Gliscor
|-damage|p1a: Gliscor|89/100
|cant|p1a: Gliscor|flinch
|
|-status|p1a: Gliscor|tox|[from] item: Toxic Orb
|upkeep
|turn|2
|
|t:|1760760009
|move|p2a: Grimmsnarl|Parting Shot|p1a: Gliscor
|-unboost|p1a: Gliscor|atk|1
|-unboost|p1a: Gliscor|spa|1
|
|t:|1760760025
|switch|p2a: Slither Wing|Slither Wing|100/100|[from] Parting Shot
|-enditem|p2a: Slither Wing|Booster Energy
|-activate|p2a: Slither Wing|ability: Protosynthesis|[fromitem]
|-start|p2a: Slither Wing|protosynthesisatk
|move|p1a: Gliscor|Swords Dance|p1a: Gliscor
|-boost|p1a: Gliscor|atk|2
|
|-heal|p1a: Gliscor|100/100 tox|[from] ability: Poison Heal
|upkeep
|turn|3
|
|t:|1760760038
|move|p2a: Slither Wing|First Impression|p1a: Gliscor
|-resisted|p1a: Gliscor
|-damage|p1a: Gliscor|72/100 tox
|move|p1a: Gliscor|Knock Off|p2a: Slither Wing
|-resisted|p2a: Slither Wing
|-damage|p2a: Slither Wing|82/100
|
|-heal|p1a: Gliscor|84/100 tox|[from] ability: Poison Heal
|upkeep
|turn|4
|
|t:|1760760056
|move|p1a: Gliscor|Swords Dance|p1a: Gliscor
|-boost|p1a: Gliscor|atk|2
|move|p2a: Slither Wing|Bulk Up|p2a: Slither Wing
|-boost|p2a: Slither Wing|atk|1
|-boost|p2a: Slither Wing|def|1
|
|-heal|p1a: Gliscor|96/100 tox|[from] ability: Poison Heal
|upkeep
|turn|5
|
|t:|1760760064
|move|p1a: Gliscor|Earthquake|p2a: Slither Wing
|-resisted|p2a: Slither Wing
|-crit|p2a: Slither Wing
|-damage|p2a: Slither Wing|0 fnt
|faint|p2a: Slither Wing
|-end|p2a: Slither Wing|Protosynthesis|[silent]
|
|-heal|p1a: Gliscor|100/100 tox|[from] ability: Poison Heal
|upkeep
|
|t:|1760760080
|switch|p2a: Minior|Minior-Blue|100/100
|-formechange|p2a: Minior|Minior-Meteor||[from] ability: Shields Down
|turn|6
|
|t:|1760760089
|move|p1a: Gliscor|Knock Off|p2a: Minior
|-damage|p2a: Minior|2/100
|-enditem|p2a: Minior|White Herb|[from] move: Knock Off|[of] p1a: Gliscor
|move|p2a: Minior|Shell Smash|p2a: Minior
|-unboost|p2a: Minior|def|1
|-unboost|p2a: Minior|spd|1
|-boost|p2a: Minior|atk|2
|-boost|p2a: Minior|spa|2
|-boost|p2a: Minior|spe|2
|
|-formechange|p2a: Minior|Minior-Blue||[from] ability: Shields Down
|upkeep
|turn|7
|
|t:|1760760124
|move|p2a: Minior|Acrobatics|p1a: Gliscor
|-damage|p1a: Gliscor|0 fnt
|faint|p1a: Gliscor
|
|upkeep
|
|t:|1760760130
|switch|p1a: Ceruledge|Ceruledge, M, shiny|100/100
|turn|8
|
|t:|1760760137
|move|p1a: Ceruledge|Shadow Sneak|p2a: Minior
|-damage|p2a: Minior|0 fnt
|faint|p2a: Minior
|-damage|p1a: Ceruledge|91/100|[from] item: Life Orb
|
|upkeep
|
|t:|1760760145
|switch|p2a: Ursaluna|Ursaluna, F|100/100
|turn|9
|
|t:|1760760150
|move|p1a: Ceruledge|Close Combat|p2a: Ursaluna
|-supereffective|p2a: Ursaluna
|-damage|p2a: Ursaluna|25/100
|-unboost|p1a: Ceruledge|def|1
|-unboost|p1a: Ceruledge|spd|1
|-damage|p1a: Ceruledge|81/100|[from] item: Life Orb
|move|p2a: Ursaluna|Bulk Up|p2a: Ursaluna
|-boost|p2a: Ursaluna|atk|1
|-boost|p2a: Ursaluna|def|1
|
|-status|p2a: Ursaluna|brn|[from] item: Flame Orb
|upkeep
|turn|10
|
|t:|1760760162
|move|p1a: Ceruledge|Close Combat|p2a: Ursaluna
|-supereffective|p2a: Ursaluna
|-damage|p2a: Ursaluna|0 fnt
|-unboost|p1a: Ceruledge|def|1
|-unboost|p1a: Ceruledge|spd|1
|faint|p2a: Ursaluna
|-damage|p1a: Ceruledge|71/100|[from] item: Life Orb
|
|upkeep
|-message|Akasi forfeited.
|
|win|825y
|raw|825y's rating: 1111 &rarr; <strong>1134</strong><br />(+23 for winning)
|raw|Akasi's rating: 1081 &rarr; <strong>1061</strong><br />(-20 for losing)
|l|☆Akasi
|player|p2|
