|j|‽Uchiwahero
|j|☆A1Randy
|t:|1760890824
|gametype|singles
|player|p1|Uchiwahero|102|1673
|player|p2|A1Randy|burglar|1569
|gen|9
|tier|[Gen 9] OU
|rated|
|rule|HP Percentage Mod: HP is shown in percentages
|rule|Endless Battle Clause: Forcing endless battles is banned
|rule|Species Clause: Limit one of each Pokémon
|rule|OHKO Clause: OHKO moves are banned
|rule|Evasion Items Clause: Evasion items are banned
|rule|Evasion Moves Clause: Evasion moves are banned
|rule|Evasion Abilities Clause: Evasion abilities are banned
|rule|Sleep Moves Clause: Sleep-inducing moves are banned
|clearpoke
|poke|p1|Ninetales-Alola, M|
|poke|p1|Garchomp, M|
|poke|p1|Dragonite, F|
|poke|p1|Gholdengo|
|poke|p1|Darkrai|
|poke|p1|Zamazenta-*|
|poke|p2|Iron Crown|
|poke|p2|Kyurem|
|poke|p2|Dragonite, M|
|poke|p2|Kingambit, F|
|poke|p2|Iron Valiant|
|poke|p2|Hoopa-Unbound|
|teampreview
|inactive|Battle timer is ON: inactive players will automatically lose when time's up. (requested by Uchiwahero)
|
|t:|1760890829
|teamsize|p1|6
|teamsize|p2|6
|start
|switch|p1a: Ninetales|Ninetales-Alola, M|100/100
|switch|p2a: Iron Crown|Iron Crown|100/100
|-weather|Snowscape|[from] ability: Snow Warning|[of] p1a: Ninetales
|turn|1
|
|t:|1760890832
|move|p2a: Iron Crown|Tachyon Cutter|p1a: Ninetales
|-supereffective|p1a: Ninetales
|-crit|p1a: Ninetales
|-damage|p1a: Ninetales|0 fnt
|faint|p1a: Ninetales
|-hitcount|p1: Ninetales|1
|
|-weather|Snowscape|[upkeep]
|upkeep
|
|t:|1760890835
|switch|p1a: Garchomp|Garchomp, M|100/100
|turn|2
|
|t:|1760890847
|-end|p2a: Iron Crown|Quark Drive|[silent]
|switch|p2a: Iron Valiant|Iron Valiant, shiny|100/100
|move|p1a: Garchomp|Stealth Rock|p2a: Iron Valiant
|-sidestart|p2: A1Randy|move: Stealth Rock
|
|-weather|Snowscape|[upkeep]
|upkeep
|turn|3
|
|t:|1760890855
|switch|p1a: Gholdengo|Gholdengo|100/100
|-item|p1a: Gholdengo|Air Balloon
|move|p2a: Iron Valiant|Moonblast|p1a: Gholdengo
|-resisted|p1a: Gholdengo
|-crit|p1a: Gholdengo
|-damage|p1a: Gholdengo|55/100
|-unboost|p1a: Gholdengo|spa|1
|-enditem|p1a: Gholdengo|Air Balloon
|-damage|p2a: Iron Valiant|91/100|[from] item: Life Orb
|
|-weather|Snowscape|[upkeep]
|upkeep
|turn|4
|
|t:|1760890862
|-terastallize|p2a: Iron Valiant|Electric
|move|p2a: Iron Valiant|Thunderbolt|p1a: Gholdengo
|-damage|p1a: Gholdengo|0 fnt
|faint|p1a: Gholdengo
|-damage|p2a: Iron Valiant|81/100|[from] item: Life Orb
|
|-weather|Snowscape|[upkeep]
|upkeep
|
|t:|1760890872
|switch|p1a: Garchomp|Garchomp, M|100/100
|turn|5
|
|t:|1760890875
|move|p2a: Iron Valiant|Moonblast|p1a: Garchomp
|-supereffective|p1a: Garchomp
|-damage|p1a: Garchomp|0 fnt
|faint|p1a: Garchomp
|-damage|p2a: Iron Valiant|71/100|[from] item: Life Orb
|
|-weather|none
|upkeep
|
|t:|1760890880
|switch|p1a: Dragonite|Dragonite, F|100/100
|turn|6
|
|t:|1760890884
|move|p2a: Iron Valiant|Moonblast|p1a: Dragonite
|-supereffective|p1a: Dragonite
|-crit|p1a: Dragonite
|-damage|p1a: Dragonite|0 fnt
|faint|p1a: Dragonite
|-damage|p2a: Iron Valiant|62/100|[from] item: Life Orb
|
|upkeep
|
|t:|1760890895
|switch|p1a: Zamazenta|Zamazenta|100/100
|-ability|p1a: Zamazenta|Dauntless Shield|boost
|-boost|p1a: Zamazenta|def|1
|turn|7
|
|t:|1760890898
|-terastallize|p1a: Zamazenta|Fire
|move|p1a: Zamazenta|Iron Defense|p1a: Zamazenta
|-boost|p1a: Zamazenta|def|2
|move|p2a: Iron Valiant|Moonblast|p1a: Zamazenta
|-resisted|p1a: Zamazenta
|-damage|p1a: Zamazenta|75/100
|-damage|p2a: Iron Valiant|52/100|[from] item: Life Orb
|
|-heal|p1a: Zamazenta|82/100|[from] item: Leftovers
|upkeep
|turn|8
|
|t:|1760890906
|move|p2a: Iron Valiant|Vacuum Wave|p1a: Zamazenta
|-crit|p1a: Zamazenta
|-damage|p1a: Zamazenta|47/100
|-damage|p2a: Iron Valiant|42/100|[from] item: Life Orb
|move|p1a: Zamazenta|Body Press|p2a: Iron Valiant
|-damage|p2a: Iron Valiant|0 fnt
|faint|p2a: Iron Valiant
|-end|p2a: Iron Valiant|Quark Drive|[silent]
|
|-heal|p1a: Zamazenta|53/100|[from] item: Leftovers
|upkeep
|
|t:|1760890915
|switch|p2a: Iron Crown|Iron Crown|100/100
|-damage|p2a: Iron Crown|94/100|[from] Stealth Rock
|turn|9
|
|t:|1760890918
|move|p2a: Iron Crown|Psychic|p1a: Zamazenta
|-damage|p1a: Zamazenta|19/100
|move|p1a: Zamazenta|Body Press|p2a: Iron Crown
|-damage|p2a: Iron Crown|2/100
|
|-heal|p1a: Zamazenta|25/100|[from] item: Leftovers
|upkeep
|turn|10
|
|t:|1760890924
|switch|p1a: Darkrai|Darkrai|100/100
|move|p2a: Iron Crown|Psychic|p1a: Darkrai
|-immune|p1a: Darkrai
|
|upkeep
|turn|11
|
|t:|1760890929
|move|p2a: Iron Crown|Psychic|p1a: Darkrai
|-immune|p1a: Darkrai
|move|p1a: Darkrai|Nasty Plot|p1a: Darkrai
|-boost|p1a: Darkrai|spa|2
|
|upkeep
|turn|12
|
|t:|1760890932
|move|p2a: Iron Crown|Psychic|p1a: Darkrai
|-immune|p1a: Darkrai
|move|p1a: Darkrai|Nasty Plot|p1a: Darkrai
|-boost|p1a: Darkrai|spa|2
|
|upkeep
|turn|13
|
|t:|1760890938
|-end|p2a: Iron Crown|Quark Drive|[silent]
|switch|p2a: Kingambit|Kingambit, F|100/100
|-damage|p2a: Kingambit|94/100|[from] Stealth Rock
|-activate|p2a: Kingambit|ability: Supreme Overlord
|-start|p2a: Kingambit|fallen1|[silent]
|move|p1a: Darkrai|Dark Pulse|p2a: Kingambit
|-resisted|p2a: Kingambit
|-damage|p2a: Kingambit|26/100
|
|upkeep
|turn|14
|
|t:|1760890946
|move|p2a: Kingambit|Sucker Punch|p1a: Darkrai
|-resisted|p1a: Darkrai
|-damage|p1a: Darkrai|66/100
|move|p1a: Darkrai|Dark Pulse|p2a: Kingambit
|-resisted|p2a: Kingambit
|-damage|p2a: Kingambit|0 fnt
|faint|p2a: Kingambit
|-end|p2a: Kingambit|fallen1|[silent]
|
|-heal|p1a: Darkrai|72/100|[from] item: Leftovers
|upkeep
|
|t:|1760890954
|switch|p2a: Hoopa|Hoopa-Unbound|100/100
|-damage|p2a: Hoopa|88/100|[from] Stealth Rock
|turn|15
|
|t:|1760890959
|move|p2a: Hoopa|Thunderbolt|p1a: Darkrai
|-damage|p1a: Darkrai|23/100
|move|p1a: Darkrai|Dark Pulse|p2a: Hoopa
|-damage|p2a: Hoopa|0 fnt
|faint|p2a: Hoopa
|
|-heal|p1a: Darkrai|29/100|[from] item: Leftovers
|upkeep
|
|t:|1760890961
|switch|p2a: Dragonite|Dragonite, M|100/100
|-damage|p2a: Dragonite|76/100|[from] Stealth Rock
|turn|16
|
|t:|1760890965
|move|p2a: Dragonite|Extreme Speed|p1a: Darkrai
|-damage|p1a: Darkrai|0 fnt
|faint|p1a: Darkrai
|
|upkeep
|
|t:|1760890969
|switch|p1a: Zamazenta|Zamazenta, tera:Fire|25/100
|turn|17
|
|t:|1760890974
|move|p2a: Dragonite|Extreme Speed|p1a: Zamazenta
|-damage|p1a: Zamazenta|4/100
|move|p1a: Zamazenta|Iron Defense|p1a: Zamazenta
|-boost|p1a: Zamazenta|def|2
|
|-heal|p1a: Zamazenta|10/100|[from] item: Leftovers
|upkeep
|turn|18
|
|t:|1760890978
|move|p2a: Dragonite|Extreme Speed|p1a: Zamazenta
|-damage|p1a: Zamazenta|0 fnt
|faint|p1a: Zamazenta
|
|win|A1Randy
|raw|Uchiwahero's rating: 1673 &rarr; <strong>1647</strong><br />(-26 for losing)
|raw|A1Randy's rating: 1569 &rarr; <strong>1595</strong><br />(+26 for winning)
|l|‽Uchiwahero
|player|p1|
|l|☆A1Randy
|player|p2|
