|j|☆braisedporkyy
|j|☆nldc
|t:|1760884204
|gametype|singles
|player|p1|braisedporkyy|265|1167
|player|p2|nldc|1|1157
|gen|9
|tier|[Gen 9] OU
|rated|
|rule|HP Percentage Mod: HP is shown in percentages
|rule|Endless Battle Clause: Forcing endless battles is banned
|rule|Species Clause: Limit one of each Pokémon
|rule|OHKO Clause: OHKO moves are banned
|rule|Evasion Items Clause: Evasion items are banned
|rule|Evasion Moves Clause: Evasion moves are banned
|rule|Evasion Abilities Clause: Evasion abilities are banned
|rule|Sleep Moves Clause: Sleep-inducing moves are banned
|clearpoke
|poke|p1|Scrafty, F|
|poke|p1|Vaporeon, M|
|poke|p1|Heatran, F|
|poke|p1|Tentacruel, F|
|poke|p1|Pecharunt|
|poke|p1|Hydreigon, M|
|poke|p2|Milotic, F|
|poke|p2|Serperior, M|
|poke|p2|Zoroark-Hisui, M|
|poke|p2|Umbreon, F|
|poke|p2|Ninetales-Alola, F|
|poke|p2|Scizor, M|
|teampreview
|inactive|Battle timer is ON: inactive players will automatically lose when time's up. (requested by braisedporkyy)
|
|t:|1760884220
|teamsize|p1|6
|teamsize|p2|6
|start
|switch|p1a: Heatran|Heatran, F|100/100
|switch|p2a: Umbreon|Umbreon, F, shiny|100/100
|-item|p1a: Heatran|Air Balloon
|turn|1
|
|t:|1760884230
|switch|p1a: Scrafty|Scrafty, F|100/100
|move|p2a: Umbreon|Crunch|p1a: Scrafty
|-resisted|p1a: Scrafty
|-damage|p1a: Scrafty|96/100
|-unboost|p1a: Scrafty|def|1
|
|-heal|p1a: Scrafty|100/100|[from] item: Leftovers
|upkeep
|turn|2
|
|t:|1760884241
|move|p2a: Umbreon|Detect|p2a: Umbreon
|-singleturn|p2a: Umbreon|Protect
|move|p1a: Scrafty|Bulk Up|p1a: Scrafty
|-boost|p1a: Scrafty|atk|1
|-boost|p1a: Scrafty|def|1
|
|upkeep
|turn|3
|
|t:|1760884259
|move|p2a: Umbreon|Wish|p2a: Umbreon
|move|p1a: Scrafty|Bulk Up|p1a: Scrafty
|-boost|p1a: Scrafty|atk|1
|-boost|p1a: Scrafty|def|1
|
|upkeep
|turn|4
|
|t:|1760884266
|switch|p2a: Ninetales|Ninetales-Alola, F|100/100
|-weather|Snowscape|[from] ability: Snow Warning|[of] p2a: Ninetales
|move|p1a: Scrafty|Bulk Up|p1a: Scrafty
|-boost|p1a: Scrafty|atk|1
|-boost|p1a: Scrafty|def|1
|
|-weather|Snowscape|[upkeep]
|upkeep
|turn|5
|
|t:|1760884277
|-terastallize|p1a: Scrafty|Poison
|move|p2a: Ninetales|Moonblast|p1a: Scrafty
|-resisted|p1a: Scrafty
|-damage|p1a: Scrafty|67/100
|move|p1a: Scrafty|Drain Punch|p2a: Ninetales
|-damage|p2a: Ninetales|17/100
|-heal|p1a: Scrafty|100/100|[from] drain|[of] p2a: Ninetales
|
|-weather|Snowscape|[upkeep]
|upkeep
|turn|6
|
|t:|1760884291
|switch|p2a: Milotic|Milotic, F|100/100
|move|p1a: Scrafty|Bulk Up|p1a: Scrafty
|-boost|p1a: Scrafty|atk|1
|-boost|p1a: Scrafty|def|1
|
|-weather|Snowscape|[upkeep]
|upkeep
|turn|7
|
|t:|1760884299
|move|p2a: Milotic|Scald|p1a: Scrafty
|-damage|p1a: Scrafty|71/100
|move|p1a: Scrafty|Drain Punch|p2a: Milotic
|-damage|p2a: Milotic|26/100
|-heal|p1a: Scrafty|100/100|[from] drain|[of] p2a: Milotic
|-damage|p1a: Scrafty|84/100|[from] item: Rocky Helmet|[of] p2a: Milotic
|
|-weather|Snowscape|[upkeep]
|-heal|p1a: Scrafty|90/100|[from] item: Leftovers
|upkeep
|turn|8
|
|t:|1760884311
|move|p2a: Milotic|Scald|p1a: Scrafty
|-damage|p1a: Scrafty|59/100
|-status|p1a: Scrafty|brn
|move|p1a: Scrafty|Drain Punch|p2a: Milotic
|-damage|p2a: Milotic|0 fnt
|-heal|p1a: Scrafty|77/100 brn|[from] drain|[of] p2a: Milotic
|-damage|p1a: Scrafty|61/100 brn|[from] item: Rocky Helmet|[of] p2a: Milotic
|faint|p2a: Milotic
|
|-weather|none
|-heal|p1a: Scrafty|67/100 brn|[from] item: Leftovers
|-damage|p1a: Scrafty|61/100 brn|[from] brn
|upkeep
|
|t:|1760884324
|switch|p2a: Serperior|Serperior, M|100/100
|turn|9
|
|t:|1760884330
|-terastallize|p2a: Serperior|Ground
|move|p2a: Serperior|Tera Blast|p1a: Scrafty|[anim] Tera Blast Ground
|-supereffective|p1a: Scrafty
|-damage|p1a: Scrafty|11/100 brn
|move|p1a: Scrafty|Drain Punch|p2a: Serperior
|-damage|p2a: Serperior|54/100
|-heal|p1a: Scrafty|41/100 brn|[from] drain|[of] p2a: Serperior
|
|-heal|p2a: Serperior|61/100|[from] item: Leftovers
|-heal|p1a: Scrafty|47/100 brn|[from] item: Leftovers
|-damage|p1a: Scrafty|41/100 brn|[from] brn
|upkeep
|turn|10
|
|t:|1760884350
|switch|p1a: Hydreigon|Hydreigon, M|100/100
|move|p2a: Serperior|Tera Blast|p1a: Hydreigon|[anim] Tera Blast Ground
|-immune|p1a: Hydreigon|[from] ability: Levitate
|
|-heal|p2a: Serperior|67/100|[from] item: Leftovers
|upkeep
|turn|11
|
|t:|1760884359
|move|p2a: Serperior|Glare|p1a: Hydreigon
|-status|p1a: Hydreigon|par
|move|p1a: Hydreigon|Draco Meteor|p2a: Serperior
|-damage|p2a: Serperior|3/100
|-unboost|p1a: Hydreigon|spa|2
|
|-heal|p2a: Serperior|9/100|[from] item: Leftovers
|upkeep
|turn|12
|
|t:|1760884369
|move|p2a: Serperior|Leech Seed|p1a: Hydreigon
|-start|p1a: Hydreigon|move: Leech Seed
|move|p1a: Hydreigon|Flash Cannon|p2a: Serperior
|-damage|p2a: Serperior|0 fnt
|faint|p2a: Serperior
|
|upkeep
|
|t:|1760884378
|switch|p2a: Umbreon|Umbreon, F, shiny|100/100
|turn|13
|
|t:|1760884382
|switch|p1a: Vaporeon|Vaporeon, M|100/100
|move|p2a: Umbreon|Wish|p2a: Umbreon
|
|upkeep
|turn|14
|
|t:|1760884388
|switch|p2a: Ninetales|Ninetales-Alola, F|17/100
|-weather|Snowscape|[from] ability: Snow Warning|[of] p2a: Ninetales
|move|p1a: Vaporeon|Wish|p1a: Vaporeon
|
|-weather|Snowscape|[upkeep]
|-heal|p2a: Ninetales|86/100|[from] move: Wish|[wisher] Umbreon
|upkeep
|turn|15
|
|t:|1760884398
|switch|p1a: Scrafty|Scrafty, F, tera:Poison|41/100 brn
|move|p2a: Ninetales|Psyshock|p1a: Scrafty
|-supereffective|p1a: Scrafty
|-damage|p1a: Scrafty|0 fnt
|faint|p1a: Scrafty
|
|-weather|Snowscape|[upkeep]
|upkeep
|
|t:|1760884412
|switch|p1a: Heatran|Heatran, F|100/100
|-item|p1a: Heatran|Air Balloon
|turn|16
|
|t:|1760884421
|switch|p2a: Umbreon|Umbreon, F, shiny|100/100
|move|p1a: Heatran|Magma Storm|p2a: Umbreon
|-damage|p2a: Umbreon|74/100
|-activate|p2a: Umbreon|move: Magma Storm|[of] p1a: Heatran
|
|-weather|Snowscape|[upkeep]
|-damage|p2a: Umbreon|61/100|[from] move: Magma Storm|[partiallytrapped]
|upkeep
|turn|17
|
|t:|1760884433
|move|p1a: Heatran|Taunt|p2a: Umbreon
|-start|p2a: Umbreon|move: Taunt
|cant|p2a: Umbreon|move: Taunt|Wish
|
|-weather|Snowscape|[upkeep]
|-damage|p2a: Umbreon|49/100|[from] move: Magma Storm|[partiallytrapped]
|upkeep
|turn|18
|
|t:|1760884441
|move|p1a: Heatran|Earth Power|p2a: Umbreon
|-damage|p2a: Umbreon|32/100
|move|p2a: Umbreon|Crunch|p1a: Heatran
|-damage|p1a: Heatran|82/100
|-enditem|p1a: Heatran|Air Balloon
|
|-weather|none
|-damage|p2a: Umbreon|20/100|[from] move: Magma Storm|[partiallytrapped]
|upkeep
|turn|19
|
|t:|1760884452
|move|p1a: Heatran|Earth Power|p2a: Umbreon
|-damage|p2a: Umbreon|3/100
|move|p2a: Umbreon|Crunch|p1a: Heatran
|-damage|p1a: Heatran|63/100
|
|-damage|p2a: Umbreon|0 fnt|[from] move: Magma Storm|[partiallytrapped]
|faint|p2a: Umbreon
|upkeep
|
|t:|1760884460
|switch|p2a: Scizor|Scizor, M|100/100
|turn|20
|
|t:|1760884467
|move|p2a: Scizor|U-turn|p1a: Heatran
|-resisted|p1a: Heatran
|-damage|p1a: Heatran|59/100
|
|t:|1760884470
|switch|p2a: Scizor|Scizor, M|100/100|[from] U-turn
|move|p1a: Heatran|Magma Storm|p2a: Scizor|[miss]
|-miss|p1a: Heatran|p2a: Scizor
|
|upkeep
|turn|21
|
|t:|1760884481
|switch|p1a: Pecharunt|Pecharunt|100/100
|move|p2a: Scizor|Swords Dance|p2a: Scizor
|-boost|p2a: Scizor|atk|2
|
|upkeep
|turn|22
|
|t:|1760884492
|move|p2a: Scizor|Bullet Punch|p1a: Pecharunt
|-damage|p1a: Pecharunt|71/100
|move|p1a: Pecharunt|Foul Play|p2a: Scizor
|-crit|p2a: Scizor
|-damage|p2a: Scizor|0 fnt
|faint|p2a: Scizor
|
|-heal|p1a: Pecharunt|77/100|[from] item: Leftovers
|upkeep
|
|t:|1760884500
|switch|p2a: Ninetales|Ninetales-Alola, F|86/100
|-weather|Snowscape|[from] ability: Snow Warning|[of] p2a: Ninetales
|turn|23
|
|t:|1760884511
|switch|p1a: Hydreigon|Hydreigon, M|100/100 par
|move|p2a: Ninetales|Freeze-Dry|p1a: Hydreigon
|-supereffective|p1a: Hydreigon
|-damage|p1a: Hydreigon|8/100 par
|
|-weather|Snowscape|[upkeep]
|-heal|p1a: Hydreigon|14/100 par|[from] item: Leftovers
|upkeep
|turn|24
|
|t:|1760884525
|switch|p1a: Vaporeon|Vaporeon, M|100/100
|move|p2a: Ninetales|Freeze-Dry|p1a: Vaporeon
|-supereffective|p1a: Vaporeon
|-damage|p1a: Vaporeon|55/100
|
|-weather|Snowscape|[upkeep]
|upkeep
|turn|25
|
|t:|1760884534
|move|p2a: Ninetales|Freeze-Dry|p1a: Vaporeon
|-supereffective|p1a: Vaporeon
|-damage|p1a: Vaporeon|9/100
|-enditem|p1a: Vaporeon|Sitrus Berry|[eat]
|-heal|p1a: Vaporeon|34/100|[from] item: Sitrus Berry
|move|p1a: Vaporeon|Wish|p1a: Vaporeon
|
|-weather|Snowscape|[upkeep]
|upkeep
|turn|26
|
|t:|1760884549
|switch|p2a: Ninetales|Ninetales-Alola, F|100/100
|switch|p1a: Heatran|Heatran, F|59/100
|
|-weather|Snowscape|[upkeep]
|-heal|p1a: Heatran|100/100|[from] move: Wish|[wisher] Vaporeon
|upkeep
|turn|27
|
|t:|1760884571
|move|p2a: Ninetales|Trick|p1a: Heatran
|-activate|p2a: Ninetales|move: Trick|[of] p1a: Heatran
|-item|p1a: Heatran|Choice Scarf|[from] move: Trick
|-enditem|p2a: Ninetales|Choice Scarf|[silent]|[from] move: Trick
|move|p1a: Heatran|Magma Storm|p2a: Ninetales|[miss]
|-miss|p1a: Heatran|p2a: Ninetales
|
|-weather|none
|upkeep
|turn|28
|
|t:|1760884584
|move|p1a: Heatran|Magma Storm|p2a: Ninetales
|-crit|p2a: Ninetales
|-damage|p2a: Ninetales|0 fnt
|replace|p2a: Zoroark|Zoroark-Hisui, M
|-end|p2a: Zoroark|Illusion
|faint|p2a: Zoroark
|
|upkeep
|
|t:|1760884587
|switch|p2a: Ninetales|Ninetales-Alola, F|86/100
|-weather|Snowscape|[from] ability: Snow Warning|[of] p2a: Ninetales
|turn|29
|
|t:|1760884595
|move|p1a: Heatran|Magma Storm|p2a: Ninetales
|-supereffective|p2a: Ninetales
|-damage|p2a: Ninetales|0 fnt
|faint|p2a: Ninetales
|
|win|braisedporkyy
|raw|braisedporkyy's rating: 1167 &rarr; <strong>1191</strong><br />(+24 for winning)
|raw|nldc's rating: 1157 &rarr; <strong>1133</strong><br />(-24 for losing)
|l|☆nldc
|player|p2|
|l|☆braisedporkyy
|player|p1|
