|j|☆murder kingdom
|j|☆xw haha
|t:|1760761319
|gametype|singles
|player|p1|murder kingdom|102|1296
|player|p2|xw haha|volkner|1368
|gen|9
|tier|[Gen 9] OU
|rated|
|rule|HP Percentage Mod: HP is shown in percentages
|rule|Endless Battle Clause: Forcing endless battles is banned
|rule|Species Clause: Limit one of each Pokémon
|rule|OHKO Clause: OHKO moves are banned
|rule|Evasion Items Clause: Evasion items are banned
|rule|Evasion Moves Clause: Evasion moves are banned
|rule|Evasion Abilities Clause: Evasion abilities are banned
|rule|Sleep Moves Clause: Sleep-inducing moves are banned
|clearpoke
|poke|p1|Keldeo-Resolute|
|poke|p1|Hydrapple, M|
|poke|p1|Tyranitar, M|
|poke|p1|Heatran, M|
|poke|p1|Excadrill, M|
|poke|p1|Tornadus-Therian, M|
|poke|p2|Corviknight, M|
|poke|p2|Garganacl, F|
|poke|p2|Cinderace, F|
|poke|p2|Iron Valiant|
|poke|p2|Great Tusk|
|poke|p2|Raging Bolt|
|teampreview
|inactive|Battle timer is ON: inactive players will automatically lose when time's up. (requested by xw haha)
|
|t:|1760761345
|teamsize|p1|6
|teamsize|p2|6
|start
|switch|p1a: Heatran|Heatran, M|100/100
|switch|p2a: Cinderace|Cinderace, F|100/100
|turn|1
|
|t:|1760761353
|switch|p1a: Tornadus|Tornadus-Therian, M|100/100
|move|p2a: Cinderace|High Jump Kick|p1a: Tornadus
|-start|p2a: Cinderace|typechange|Fighting|[from] ability: Libero
|-resisted|p1a: Tornadus
|-damage|p1a: Tornadus|57/100
|
|upkeep
|turn|2
|
|t:|1760761362
|switch|p2a: Garganacl|Garganacl, F|100/100
|move|p1a: Tornadus|Bleakwind Storm|p2a: Garganacl
|-resisted|p2a: Garganacl
|-damage|p2a: Garganacl|85/100
|
|-heal|p2a: Garganacl|91/100|[from] item: Leftovers
|upkeep
|turn|3
|
|t:|1760761372
|move|p1a: Tornadus|Taunt|p2a: Garganacl
|-start|p2a: Garganacl|move: Taunt
|cant|p2a: Garganacl|move: Taunt|Stealth Rock
|
|-heal|p2a: Garganacl|97/100|[from] item: Leftovers
|upkeep
|turn|4
|
|t:|1760761379
|move|p1a: Tornadus|U-turn|p2a: Garganacl
|-damage|p2a: Garganacl|87/100
|
|t:|1760761381
|switch|p1a: Tyranitar|Tyranitar, M|100/100|[from] U-turn
|-weather|Sandstorm|[from] ability: Sand Stream|[of] p1a: Tyranitar
|move|p2a: Garganacl|Salt Cure|p1a: Tyranitar
|-damage|p1a: Tyranitar|88/100
|-start|p1a: Tyranitar|Salt Cure
|
|-weather|Sandstorm|[upkeep]
|-heal|p2a: Garganacl|93/100|[from] item: Leftovers
|-damage|p1a: Tyranitar|76/100|[from] Salt Cure
|upkeep
|turn|5
|
|t:|1760761395
|switch|p2a: Great Tusk|Great Tusk|100/100
|move|p1a: Tyranitar|Knock Off|p2a: Great Tusk
|-resisted|p2a: Great Tusk
|-damage|p2a: Great Tusk|77/100
|-enditem|p2a: Great Tusk|Sitrus Berry|[from] move: Knock Off|[of] p1a: Tyranitar
|
|-weather|Sandstorm|[upkeep]
|-damage|p1a: Tyranitar|64/100|[from] Salt Cure
|upkeep
|turn|6
|
|t:|1760761406
|switch|p1a: Tornadus|Tornadus-Therian, M|90/100
|move|p2a: Great Tusk|Knock Off|p1a: Tornadus
|-damage|p1a: Tornadus|43/100
|-enditem|p1a: Tornadus|Heavy-Duty Boots|[from] move: Knock Off|[of] p2a: Great Tusk
|
|-weather|Sandstorm|[upkeep]
|-damage|p1a: Tornadus|37/100|[from] Sandstorm
|upkeep
|turn|7
|
|t:|1760761417
|-end|p2a: Great Tusk|Protosynthesis|[silent]
|switch|p2a: Garganacl|Garganacl, F|93/100
|move|p1a: Tornadus|U-turn|p2a: Garganacl
|-damage|p2a: Garganacl|84/100
|
|t:|1760761421
|switch|p1a: Keldeo|Keldeo-Resolute|100/100|[from] U-turn
|
|-weather|Sandstorm|[upkeep]
|-damage|p1a: Keldeo|94/100|[from] Sandstorm
|-heal|p2a: Garganacl|91/100|[from] item: Leftovers
|upkeep
|turn|8
|
|t:|1760761432
|-terastallize|p1a: Keldeo|Water
|-terastallize|p2a: Garganacl|Ghost
|move|p1a: Keldeo|Surf|p2a: Garganacl
|-damage|p2a: Garganacl|29/100
|move|p2a: Garganacl|Stealth Rock|p1a: Keldeo
|-sidestart|p1: murder kingdom|move: Stealth Rock
|
|-weather|none
|-heal|p2a: Garganacl|35/100|[from] item: Leftovers
|upkeep
|turn|9
|
|t:|1760761443
|move|p2a: Garganacl|Protect|p2a: Garganacl
|-singleturn|p2a: Garganacl|Protect
|move|p1a: Keldeo|Surf|p2a: Garganacl
|-activate|p2a: Garganacl|move: Protect
|
|-heal|p2a: Garganacl|41/100|[from] item: Leftovers
|upkeep
|turn|10
|
|t:|1760761454
|switch|p2a: Raging Bolt|Raging Bolt|100/100
|move|p1a: Keldeo|Surf|p2a: Raging Bolt
|-resisted|p2a: Raging Bolt
|-damage|p2a: Raging Bolt|73/100
|
|upkeep
|turn|11
|
|t:|1760761467
|switch|p1a: Excadrill|Excadrill, M|100/100
|-damage|p1a: Excadrill|97/100|[from] Stealth Rock
|-item|p1a: Excadrill|Air Balloon
|move|p2a: Raging Bolt|Draco Meteor|p1a: Excadrill
|-resisted|p1a: Excadrill
|-damage|p1a: Excadrill|47/100
|-unboost|p2a: Raging Bolt|spa|2
|-enditem|p1a: Excadrill|Air Balloon
|
|upkeep
|turn|12
|
|t:|1760761480
|-end|p2a: Raging Bolt|Protosynthesis|[silent]
|switch|p2a: Corviknight|Corviknight, M|100/100
|move|p1a: Excadrill|Rapid Spin|p2a: Corviknight
|-resisted|p2a: Corviknight
|-damage|p2a: Corviknight|94/100
|-boost|p1a: Excadrill|spe|1
|-damage|p1a: Excadrill|30/100|[from] item: Rocky Helmet|[of] p2a: Corviknight
|-sideend|p1: murder kingdom|Stealth Rock|[from] move: Rapid Spin|[of] p1a: Excadrill
|
|upkeep
|turn|13
|inactive|murder kingdom has 120 seconds left.
|
|t:|1760761513
|switch|p1a: Hydrapple|Hydrapple, M, shiny|100/100
|move|p2a: Corviknight|Brave Bird|p1a: Hydrapple
|-supereffective|p1a: Hydrapple
|-damage|p1a: Hydrapple|57/100
|-damage|p2a: Corviknight|80/100|[from] Recoil
|
|upkeep
|turn|14
|inactive|murder kingdom has 120 seconds left.
|
|t:|1760761540
|switch|p1a: Tyranitar|Tyranitar, M|64/100
|-weather|Sandstorm|[from] ability: Sand Stream|[of] p1a: Tyranitar
|move|p2a: Corviknight|U-turn|p1a: Tyranitar
|-supereffective|p1a: Tyranitar
|-damage|p1a: Tyranitar|39/100
|
|t:|1760761548
|switch|p2a: Great Tusk|Great Tusk|77/100|[from] U-turn
|
|-weather|Sandstorm|[upkeep]
|upkeep
|turn|15
|
|t:|1760761563
|move|p1a: Tyranitar|Ice Punch|p2a: Great Tusk
|-supereffective|p2a: Great Tusk
|-damage|p2a: Great Tusk|25/100
|move|p2a: Great Tusk|Ice Spinner|p1a: Tyranitar
|-damage|p1a: Tyranitar|12/100
|
|-weather|Sandstorm|[upkeep]
|upkeep
|turn|16
|
|t:|1760761572
|-end|p2a: Great Tusk|Protosynthesis|[silent]
|switch|p2a: Corviknight|Corviknight, M|80/100
|move|p1a: Tyranitar|Ice Punch|p2a: Corviknight
|-damage|p2a: Corviknight|52/100
|-damage|p1a: Tyranitar|0 fnt|[from] item: Rocky Helmet|[of] p2a: Corviknight
|faint|p1a: Tyranitar
|
|-weather|Sandstorm|[upkeep]
|upkeep
|inactive|murder kingdom has 90 seconds left.
|
|t:|1760761615
|switch|p1a: Heatran|Heatran, M|100/100
|turn|17
|
|t:|1760761621
|switch|p2a: Great Tusk|Great Tusk|25/100
|move|p1a: Heatran|Magma Storm|p2a: Great Tusk
|-damage|p2a: Great Tusk|0 fnt
|faint|p2a: Great Tusk
|-end|p2a: Great Tusk|Protosynthesis|[silent]
|
|-weather|Sandstorm|[upkeep]
|upkeep
|
|t:|1760761634
|switch|p2a: Cinderace|Cinderace, F|100/100
|turn|18
|inactive|murder kingdom has 90 seconds left.
|
|t:|1760761647
|move|p2a: Cinderace|High Jump Kick|p1a: Heatran
|-start|p2a: Cinderace|typechange|Fighting|[from] ability: Libero
|-supereffective|p1a: Heatran
|-damage|p1a: Heatran|0 fnt
|faint|p1a: Heatran
|
|-weather|none
|upkeep
|inactive|murder kingdom has 90 seconds left.
|inactive|murder kingdom has 60 seconds left.
|inactive|murder kingdom has 30 seconds left.
|inactive|murder kingdom has 20 seconds left.
|inactive|murder kingdom has 15 seconds left.
|inactive|murder kingdom has 10 seconds left.
|inactive|murder kingdom has 5 seconds left.
|-message|murder kingdom lost due to inactivity.
|
|win|xw haha
|raw|murder kingdom's rating: 1296 &rarr; <strong>1276</strong><br />(-20 for losing)
|raw|xw haha's rating: 1368 &rarr; <strong>1384</strong><br />(+16 for winning)
|l|☆xw haha
|player|p2|
