|j|☆chasmis_bauna
|j|☆Free P&lestine
|t:|1760792779
|gametype|singles
|player|p1|chasmis_bauna|tuber|1499
|player|p2|Free P&lestine|unknown|1570
|gen|9
|tier|[Gen 9] OU
|rated|
|rule|HP Percentage Mod: HP is shown in percentages
|rule|Endless Battle Clause: Forcing endless battles is banned
|rule|Species Clause: Limit one of each Pokémon
|rule|OHKO Clause: OHKO moves are banned
|rule|Evasion Items Clause: Evasion items are banned
|rule|Evasion Moves Clause: Evasion moves are banned
|rule|Evasion Abilities Clause: Evasion abilities are banned
|rule|Sleep Moves Clause: Sleep-inducing moves are banned
|clearpoke
|poke|p1|Toxapex, F|
|poke|p1|Ogerpon-Wellspring, F|
|poke|p1|Iron Moth|
|poke|p1|Kingambit, M|
|poke|p1|Oricorio-Pom-Pom, M|
|poke|p1|Kyurem|
|poke|p2|Darkrai|
|poke|p2|Deoxys-Speed|
|poke|p2|Zamazenta-*|
|poke|p2|Great Tusk|
|poke|p2|Gholdengo|
|poke|p2|Dragonite, F|
|teampreview
|inactive|Battle timer is ON: inactive players will automatically lose when time's up. (requested by chasmis_bauna)
|
|t:|1760792789
|teamsize|p1|6
|teamsize|p2|6
|start
|switch|p1a: Toxapex|Toxapex, F|100/100
|switch|p2a: Deoxys|Deoxys-Speed|100/100
|-ability|p2a: Deoxys|Pressure
|turn|1
|
|t:|1760792797
|move|p2a: Deoxys|Stealth Rock|p1a: Toxapex
|-sidestart|p1: chasmis_bauna|move: Stealth Rock
|move|p1a: Toxapex|Toxic Spikes|p2a: Deoxys
|-sidestart|p2: Free P&lestine|move: Toxic Spikes
|
|upkeep
|turn|2
|
|t:|1760792801
|move|p1a: Toxapex|Baneful Bunker|p1a: Toxapex
|-singleturn|p1a: Toxapex|move: Protect
|move|p2a: Deoxys|Reflect|p2a: Deoxys
|-sidestart|p2: Free P&lestine|Reflect
|
|upkeep
|turn|3
|
|t:|1760792811
|switch|p1a: josuke|Kingambit, M, shiny|100/100
|-damage|p1a: josuke|94/100|[from] Stealth Rock
|move|p2a: Deoxys|Taunt|p1a: josuke
|-start|p1a: josuke|move: Taunt
|
|-heal|p1a: josuke|100/100|[from] item: Leftovers
|upkeep
|turn|4
|
|t:|1760792818
|move|p2a: Deoxys|Light Screen|p2a: Deoxys
|-sidestart|p2: Free P&lestine|move: Light Screen
|move|p1a: josuke|Kowtow Cleave|p2a: Deoxys
|-supereffective|p2a: Deoxys
|-damage|p2a: Deoxys|40/100
|
|upkeep
|turn|5
|
|t:|1760792823
|move|p2a: Deoxys|Taunt||[still]
|-fail|p2a: Deoxys
|move|p1a: josuke|Kowtow Cleave|p2a: Deoxys
|-supereffective|p2a: Deoxys
|-damage|p2a: Deoxys|0 fnt
|faint|p2a: Deoxys
|
|-end|p1a: josuke|move: Taunt
|upkeep
|
|t:|1760792826
|switch|p2a: Dragonite|Dragonite, F|100/100
|turn|6
|
|t:|1760792832
|-end|p1a: josuke|fallenundefined|[silent]
|switch|p1a: Toxapex|Toxapex, F|100/100
|-damage|p1a: Toxapex|88/100|[from] Stealth Rock
|move|p2a: Dragonite|Dragon Dance|p2a: Dragonite
|-boost|p2a: Dragonite|atk|1
|-boost|p2a: Dragonite|spe|1
|
|-heal|p1a: Toxapex|94/100|[from] item: Leftovers
|upkeep
|turn|7
|
|t:|1760792837
|move|p2a: Dragonite|Dragon Dance|p2a: Dragonite
|-boost|p2a: Dragonite|atk|1
|-boost|p2a: Dragonite|spe|1
|move|p1a: Toxapex|Haze|p1a: Toxapex
|-clearallboost
|
|-heal|p1a: Toxapex|100/100|[from] item: Leftovers
|upkeep
|turn|8
|
|t:|1760792841
|move|p2a: Dragonite|Dragon Dance|p2a: Dragonite
|-boost|p2a: Dragonite|atk|1
|-boost|p2a: Dragonite|spe|1
|move|p1a: Toxapex|Chilling Water|p2a: Dragonite
|-resisted|p2a: Dragonite
|-damage|p2a: Dragonite|99/100
|-unboost|p2a: Dragonite|atk|1
|
|upkeep
|turn|9
|
|t:|1760792846
|move|p2a: Dragonite|Earthquake|p1a: Toxapex
|-supereffective|p1a: Toxapex
|-damage|p1a: Toxapex|56/100
|move|p1a: Toxapex|Haze|p1a: Toxapex
|-clearallboost
|
|-heal|p1a: Toxapex|63/100|[from] item: Leftovers
|-sideend|p2: Free P&lestine|Reflect
|upkeep
|turn|10
|
|t:|1760792849
|move|p2a: Dragonite|Dragon Dance|p2a: Dragonite
|-boost|p2a: Dragonite|atk|1
|-boost|p2a: Dragonite|spe|1
|move|p1a: Toxapex|Chilling Water|p2a: Dragonite
|-resisted|p2a: Dragonite
|-damage|p2a: Dragonite|96/100
|-unboost|p2a: Dragonite|atk|1
|
|-heal|p1a: Toxapex|69/100|[from] item: Leftovers
|upkeep
|turn|11
|
|t:|1760792853
|move|p2a: Dragonite|Dragon Dance|p2a: Dragonite
|-boost|p2a: Dragonite|atk|1
|-boost|p2a: Dragonite|spe|1
|move|p1a: Toxapex|Haze|p1a: Toxapex
|-clearallboost
|
|-heal|p1a: Toxapex|75/100|[from] item: Leftovers
|-sideend|p2: Free P&lestine|move: Light Screen
|upkeep
|turn|12
|
|t:|1760792856
|move|p2a: Dragonite|Dragon Dance|p2a: Dragonite
|-boost|p2a: Dragonite|atk|1
|-boost|p2a: Dragonite|spe|1
|move|p1a: Toxapex|Chilling Water|p2a: Dragonite
|-resisted|p2a: Dragonite
|-damage|p2a: Dragonite|91/100
|-unboost|p2a: Dragonite|atk|1
|
|-heal|p1a: Toxapex|81/100|[from] item: Leftovers
|upkeep
|turn|13
|
|t:|1760792858
|move|p2a: Dragonite|Earthquake|p1a: Toxapex
|-supereffective|p1a: Toxapex
|-damage|p1a: Toxapex|32/100
|move|p1a: Toxapex|Haze|p1a: Toxapex
|-clearallboost
|
|-heal|p1a: Toxapex|38/100|[from] item: Leftovers
|upkeep
|turn|14
|
|t:|1760792864
|move|p2a: Dragonite|Dragon Dance|p2a: Dragonite
|-boost|p2a: Dragonite|atk|1
|-boost|p2a: Dragonite|spe|1
|move|p1a: Toxapex|Chilling Water|p2a: Dragonite
|-resisted|p2a: Dragonite
|-damage|p2a: Dragonite|85/100
|-unboost|p2a: Dragonite|atk|1
|
|-heal|p1a: Toxapex|45/100|[from] item: Leftovers
|upkeep
|turn|15
|
|t:|1760792868
|move|p2a: Dragonite|Dragon Dance|p2a: Dragonite
|-boost|p2a: Dragonite|atk|1
|-boost|p2a: Dragonite|spe|1
|move|p1a: Toxapex|Haze|p1a: Toxapex
|-clearallboost
|
|-heal|p1a: Toxapex|51/100|[from] item: Leftovers
|upkeep
|turn|16
|
|t:|1760792873
|move|p2a: Dragonite|Dragon Dance|p2a: Dragonite
|-boost|p2a: Dragonite|atk|1
|-boost|p2a: Dragonite|spe|1
|move|p1a: Toxapex|Chilling Water|p2a: Dragonite
|-resisted|p2a: Dragonite
|-crit|p2a: Dragonite
|-damage|p2a: Dragonite|77/100
|-unboost|p2a: Dragonite|atk|1
|
|-heal|p1a: Toxapex|57/100|[from] item: Leftovers
|upkeep
|turn|17
|
|t:|1760792876
|move|p2a: Dragonite|Earthquake|p1a: Toxapex
|-supereffective|p1a: Toxapex
|-damage|p1a: Toxapex|8/100
|move|p1a: Toxapex|Haze|p1a: Toxapex
|-clearallboost
|
|-heal|p1a: Toxapex|15/100|[from] item: Leftovers
|upkeep
|turn|18
|
|t:|1760792879
|move|p2a: Dragonite|Dragon Dance|p2a: Dragonite
|-boost|p2a: Dragonite|atk|1
|-boost|p2a: Dragonite|spe|1
|move|p1a: Toxapex|Haze|p1a: Toxapex
|-clearallboost
|
|-heal|p1a: Toxapex|21/100|[from] item: Leftovers
|upkeep
|turn|19
|
|t:|1760792883
|move|p2a: Dragonite|Dragon Dance|p2a: Dragonite
|-boost|p2a: Dragonite|atk|1
|-boost|p2a: Dragonite|spe|1
|move|p1a: Toxapex|Haze|p1a: Toxapex
|-clearallboost
|
|-heal|p1a: Toxapex|27/100|[from] item: Leftovers
|upkeep
|turn|20
|
|t:|1760792887
|move|p2a: Dragonite|Dragon Dance|p2a: Dragonite
|-boost|p2a: Dragonite|atk|1
|-boost|p2a: Dragonite|spe|1
|move|p1a: Toxapex|Haze|p1a: Toxapex
|-clearallboost
|
|-heal|p1a: Toxapex|33/100|[from] item: Leftovers
|upkeep
|turn|21
|
|t:|1760792892
|move|p2a: Dragonite|Earthquake|p1a: Toxapex
|-supereffective|p1a: Toxapex
|-damage|p1a: Toxapex|0 fnt
|faint|p1a: Toxapex
|
|upkeep
|
|t:|1760792894
|switch|p1a: joseph|Kyurem|100/100
|-damage|p1a: joseph|76/100|[from] Stealth Rock
|-ability|p1a: joseph|Pressure
|turn|22
|
|t:|1760792902
|move|p1a: joseph|Scale Shot|p2a: Dragonite|[miss]
|-miss|p1a: joseph|p2a: Dragonite
|move|p2a: Dragonite|Earthquake|p1a: joseph
|-damage|p1a: joseph|37/100
|
|upkeep
|turn|23
|
|t:|1760792914
|move|p2a: Dragonite|Extreme Speed|p1a: joseph
|-damage|p1a: joseph|7/100
|move|p1a: joseph|Scale Shot|p2a: Dragonite
|-supereffective|p2a: Dragonite
|-damage|p2a: Dragonite|43/100
|-supereffective|p2a: Dragonite
|-damage|p2a: Dragonite|8/100
|-supereffective|p2a: Dragonite
|-damage|p2a: Dragonite|0 fnt
|faint|p2a: Dragonite
|-hitcount|p2: Dragonite|3
|-unboost|p1a: joseph|def|1
|-boost|p1a: joseph|spe|1
|
|upkeep
|
|t:|1760792922
|switch|p2a: Zamazenta|Zamazenta|100/100
|-status|p2a: Zamazenta|psn
|-ability|p2a: Zamazenta|Dauntless Shield|boost
|-boost|p2a: Zamazenta|def|1
|turn|24
|
|t:|1760792929
|move|p1a: joseph|Scale Shot|p2a: Zamazenta
|-damage|p2a: Zamazenta|92/100 psn
|-damage|p2a: Zamazenta|83/100 psn
|-damage|p2a: Zamazenta|73/100 psn
|-damage|p2a: Zamazenta|64/100 psn
|-damage|p2a: Zamazenta|55/100 psn
|-hitcount|p2a: Zamazenta|5
|-unboost|p1a: joseph|def|1
|-boost|p1a: joseph|spe|1
|move|p2a: Zamazenta|Crunch|p1a: joseph
|-damage|p1a: joseph|0 fnt
|faint|p1a: joseph
|-damage|p2a: Zamazenta|45/100 psn|[from] item: Life Orb
|
|-damage|p2a: Zamazenta|32/100 psn|[from] psn
|upkeep
|
|t:|1760792933
|switch|p1a: giorno|Iron Moth|100/100
|-damage|p1a: giorno|76/100|[from] Stealth Rock
|-enditem|p1a: giorno|Booster Energy
|-activate|p1a: giorno|ability: Quark Drive|[fromitem]
|-start|p1a: giorno|quarkdrivespe
|turn|25
|
|t:|1760792936
|move|p1a: giorno|Fiery Dance|p2a: Zamazenta
|-damage|p2a: Zamazenta|0 fnt
|-boost|p1a: giorno|spa|1
|faint|p2a: Zamazenta
|
|upkeep
|
|t:|1760792940
|switch|p2a: Great Tusk|Great Tusk|100/100
|-status|p2a: Great Tusk|psn
|-enditem|p2a: Great Tusk|Booster Energy
|-activate|p2a: Great Tusk|ability: Protosynthesis|[fromitem]
|-start|p2a: Great Tusk|protosynthesisatk
|turn|26
|
|t:|1760792944
|-terastallize|p2a: Great Tusk|Fire
|move|p1a: giorno|Psychic|p2a: Great Tusk
|-damage|p2a: Great Tusk|28/100 psn
|move|p2a: Great Tusk|Headlong Rush|p1a: giorno
|-supereffective|p1a: giorno
|-damage|p1a: giorno|0 fnt
|-unboost|p2a: Great Tusk|def|1
|-unboost|p2a: Great Tusk|spd|1
|faint|p1a: giorno
|-end|p1a: giorno|Quark Drive|[silent]
|
|-damage|p2a: Great Tusk|16/100 psn|[from] psn
|upkeep
|
|t:|1760792949
|switch|p1a: jodio|Oricorio-Pom-Pom, M|100/100
|-damage|p1a: jodio|76/100|[from] Stealth Rock
|turn|27
|
|t:|1760792954
|move|p1a: jodio|Quiver Dance|p1a: jodio
|-boost|p1a: jodio|spa|1
|-boost|p1a: jodio|spd|1
|-boost|p1a: jodio|spe|1
|move|p2a: Great Tusk|Ice Spinner|p1a: jodio
|-supereffective|p1a: jodio
|-damage|p1a: jodio|0 fnt
|faint|p1a: jodio
|
|-damage|p2a: Great Tusk|3/100 psn|[from] psn
|upkeep
|
|t:|1760792958
|switch|p1a: jolyne|Ogerpon-Wellspring, F|100/100
|-damage|p1a: jolyne|88/100|[from] Stealth Rock
|turn|28
|
|t:|1760792963
|move|p1a: jolyne|Ivy Cudgel|p2a: Great Tusk|[anim] Ivy Cudgel Water
|-supereffective|p2a: Great Tusk
|-damage|p2a: Great Tusk|0 fnt
|faint|p2a: Great Tusk
|-end|p2a: Great Tusk|Protosynthesis|[silent]
|
|upkeep
|
|t:|1760792974
|switch|p2a: Darkrai|Darkrai|100/100
|turn|29
|
|t:|1760792981
|-terastallize|p1a: jolyne|Water
|detailschange|p1a: jolyne|Ogerpon-Wellspring-Tera, F, tera:Water
|-ability|p1a: jolyne|Embody Aspect (Wellspring)|boost
|-boost|p1a: jolyne|spd|1
|move|p2a: Darkrai|Nasty Plot|p2a: Darkrai
|-boost|p2a: Darkrai|spa|2
|move|p1a: jolyne|Play Rough|p2a: Darkrai
|-supereffective|p2a: Darkrai
|-damage|p2a: Darkrai|0 fnt
|faint|p2a: Darkrai
|
|upkeep
|-message|Free P&lestine forfeited.
|
|win|chasmis_bauna
|raw|chasmis_bauna's rating: 1499 &rarr; <strong>1523</strong><br />(+24 for winning)
|raw|Free P&amp;lestine's rating: 1570 &rarr; <strong>1546</strong><br />(-24 for losing)
|l|☆Free P&lestine
|player|p2|
|l|☆chasmis_bauna
|player|p1|
