|j|☆BGHNJ?KJJKL
|j|☆Burmyiswalkinhere
|t:|1760732641
|gametype|singles
|player|p1|BGHNJ?KJJKL|169|1109
|player|p2|Burmyiswalkinhere|skyla|1079
|gen|9
|tier|[Gen 9] OU
|rated|
|rule|HP Percentage Mod: HP is shown in percentages
|rule|Endless Battle Clause: Forcing endless battles is banned
|rule|Species Clause: Limit one of each Pokémon
|rule|OHKO Clause: OHKO moves are banned
|rule|Evasion Items Clause: Evasion items are banned
|rule|Evasion Moves Clause: Evasion moves are banned
|rule|Evasion Abilities Clause: Evasion abilities are banned
|rule|Sleep Moves Clause: Sleep-inducing moves are banned
|clearpoke
|poke|p1|Iron Crown|
|poke|p1|Grimmsnarl, M|
|poke|p1|Hatterene, F|
|poke|p1|Great Tusk|
|poke|p1|Ogerpon-Wellspring, F|
|poke|p1|Iron Moth|
|poke|p2|Clefable, M|
|poke|p2|Primeape, F|
|poke|p2|Tauros-Paldea-Combat, M|
|poke|p2|Primarina, M|
|poke|p2|Gliscor, F|
|poke|p2|Glimmora, F|
|teampreview
|
|t:|1760732657
|teamsize|p1|6
|teamsize|p2|6
|start
|switch|p1a: Grimmsnarl|Grimmsnarl, M|100/100
|switch|p2a: Better Gwen|Glimmora, F, shiny|100/100
|turn|1
|
|t:|1760732677
|move|p1a: Grimmsnarl|Taunt|p2a: Better Gwen
|-start|p2a: Better Gwen|move: Taunt
|cant|p2a: Better Gwen|move: Taunt|Stealth Rock
|
|upkeep
|turn|2
|
|t:|1760732691
|move|p1a: Grimmsnarl|Light Screen|p1a: Grimmsnarl
|-sidestart|p1: BGHNJ?KJJKL|move: Light Screen
|move|p2a: Better Gwen|Mortal Spin|p1a: Grimmsnarl
|-supereffective|p1a: Grimmsnarl
|-damage|p1a: Grimmsnarl|84/100
|-status|p1a: Grimmsnarl|psn
|
|-damage|p1a: Grimmsnarl|71/100 psn|[from] psn
|upkeep
|turn|3
|
|t:|1760732714
|switch|p2a: femboy|Primarina, M, shiny|100/100
|move|p1a: Grimmsnarl|Reflect|p1a: Grimmsnarl
|-sidestart|p1: BGHNJ?KJJKL|Reflect
|
|-damage|p1a: Grimmsnarl|59/100 psn|[from] psn
|upkeep
|turn|4
|
|t:|1760732720
|move|p1a: Grimmsnarl|Parting Shot|p2a: femboy
|-unboost|p2a: femboy|atk|1
|-unboost|p2a: femboy|spa|1
|
|t:|1760732726
|switch|p1a: Iron Crown|Iron Crown|100/100|[from] Parting Shot
|-enditem|p1a: Iron Crown|Booster Energy
|-activate|p1a: Iron Crown|ability: Quark Drive|[fromitem]
|-start|p1a: Iron Crown|quarkdrivespe
|move|p2a: femboy|Moonblast|p1a: Iron Crown
|-resisted|p1a: Iron Crown
|-damage|p1a: Iron Crown|88/100
|
|upkeep
|turn|5
|
|t:|1760732749
|switch|p2a: Better Gwen|Glimmora, F, shiny|100/100
|move|p1a: Iron Crown|Calm Mind|p1a: Iron Crown
|-boost|p1a: Iron Crown|spa|1
|-boost|p1a: Iron Crown|spd|1
|
|upkeep
|turn|6
|
|t:|1760732756
|move|p1a: Iron Crown|Tachyon Cutter|p2a: Better Gwen
|-supereffective|p2a: Better Gwen
|-damage|p2a: Better Gwen|8/100
|-supereffective|p2a: Better Gwen
|-damage|p2a: Better Gwen|0 fnt
|faint|p2a: Better Gwen
|-hitcount|p2: Better Gwen|2
|
|upkeep
|
|t:|1760732782
|switch|p2a: Mrs. GoatPuncher|Primeape, F, shiny|100/100
|turn|7
|
|t:|1760732788
|move|p2a: Mrs. GoatPuncher|Endure|p2a: Mrs. GoatPuncher
|-singleturn|p2a: Mrs. GoatPuncher|move: Endure
|move|p1a: Iron Crown|Psyshock|p2a: Mrs. GoatPuncher
|-supereffective|p2a: Mrs. GoatPuncher
|-activate|p2a: Mrs. GoatPuncher|move: Endure
|-damage|p2a: Mrs. GoatPuncher|1/100
|-enditem|p2a: Mrs. GoatPuncher|Salac Berry|[eat]
|-boost|p2a: Mrs. GoatPuncher|spe|1|[from] item: Salac Berry
|
|upkeep
|turn|8
|
|t:|1760732804
|move|p1a: Iron Crown|Tachyon Cutter|p2a: Mrs. GoatPuncher
|-damage|p2a: Mrs. GoatPuncher|0 fnt
|faint|p2a: Mrs. GoatPuncher
|-hitcount|p2: Mrs. GoatPuncher|1
|
|upkeep
|
|t:|1760732815
|switch|p2a: Potoooooooo|Tauros-Paldea-Combat, M|100/100
|turn|9
|
|t:|1760732830
|move|p1a: Iron Crown|Psyshock|p2a: Potoooooooo
|-supereffective|p2a: Potoooooooo
|-damage|p2a: Potoooooooo|2/100
|move|p2a: Potoooooooo|Earthquake|p1a: Iron Crown
|-supereffective|p1a: Iron Crown
|-damage|p1a: Iron Crown|55/100
|
|-heal|p2a: Potoooooooo|8/100|[from] item: Leftovers
|-sideend|p1: BGHNJ?KJJKL|move: Light Screen
|upkeep
|turn|10
|-message|Burmyiswalkinhere forfeited.
|
|win|BGHNJ?KJJKL
|raw|BGHNJ?KJJKL's rating: 1109 &rarr; <strong>1132</strong><br />(+23 for winning)
|raw|Burmyiswalkinhere's rating: 1079 &rarr; <strong>1059</strong><br />(-20 for losing)
|l|☆Burmyiswalkinhere
|player|p2|
|l|☆BGHNJ?KJJKL
|player|p1|
