|j|☆1shy9
|j|☆Lolproplayer
|t:|1760741842
|gametype|singles
|player|p1|1shy9|acetrainerf-gen4|1743
|player|p2|Lolproplayer|170|1664
|gen|9
|tier|[Gen 9] OU
|rated|
|rule|HP Percentage Mod: HP is shown in percentages
|rule|Endless Battle Clause: Forcing endless battles is banned
|rule|Species Clause: Limit one of each Pokémon
|rule|OHKO Clause: OHKO moves are banned
|rule|Evasion Items Clause: Evasion items are banned
|rule|Evasion Moves Clause: Evasion moves are banned
|rule|Evasion Abilities Clause: Evasion abilities are banned
|rule|Sleep Moves Clause: Sleep-inducing moves are banned
|clearpoke
|poke|p1|Iron Moth|
|poke|p1|Gholdengo|
|poke|p1|Great Tusk|
|poke|p1|Zamazenta-*|
|poke|p1|Dragonite, F|
|poke|p1|Kyurem|
|poke|p2|Ursaluna, M|
|poke|p2|Cresselia, F|
|poke|p2|Iron Hands|
|poke|p2|Volcanion|
|poke|p2|Hatterene, F|
|poke|p2|Porygon2|
|teampreview
|inactive|Battle timer is ON: inactive players will automatically lose when time's up. (requested by Lolproplayer)
|
|t:|1760741856
|teamsize|p1|6
|teamsize|p2|6
|start
|switch|p1a: Kyurem|Kyurem|100/100
|switch|p2a: Volcanion|Volcanion|100/100
|-ability|p1a: Kyurem|Pressure
|turn|1
|
|t:|1760741864
|move|p1a: Kyurem|Earth Power|p2a: Volcanion
|-supereffective|p2a: Volcanion
|-damage|p2a: Volcanion|40/100
|-unboost|p2a: Volcanion|spd|1
|move|p2a: Volcanion|Flamethrower|p1a: Kyurem
|-crit|p1a: Kyurem
|-damage|p1a: Kyurem|0 fnt
|faint|p1a: Kyurem
|
|upkeep
|
|t:|1760741869
|switch|p1a: Great Tusk|Great Tusk|100/100
|turn|2
|
|t:|1760741876
|switch|p2a: Cresselia|Cresselia, F|100/100
|move|p1a: Great Tusk|Stealth Rock|p2a: Cresselia
|-sidestart|p2: Lolproplayer|move: Stealth Rock
|
|upkeep
|turn|3
|j| ulisesdiogenes
|
|t:|1760741882
|-end|p1a: Great Tusk|Protosynthesis|[silent]
|switch|p1a: Gholdengo|Gholdengo|100/100
|move|p2a: Cresselia|Trick Room|p2a: Cresselia
|-fieldstart|move: Trick Room|[of] p2a: Cresselia
|
|upkeep
|turn|4
|
|t:|1760741893
|switch|p2a: Ursaluna|Ursaluna, M|100/100
|-damage|p2a: Ursaluna|94/100|[from] Stealth Rock
|move|p1a: Gholdengo|Trick|p2a: Ursaluna
|-activate|p1a: Gholdengo|move: Trick|[of] p2a: Ursaluna
|-item|p2a: Ursaluna|Choice Scarf|[from] move: Trick
|-item|p1a: Gholdengo|Flame Orb|[from] move: Trick
|
|-status|p1a: Gholdengo|brn|[from] item: Flame Orb
|upkeep
|turn|5
|j| Squallskip
|
|t:|1760741912
|switch|p2a: Porygon2|Porygon2|100/100
|-damage|p2a: Porygon2|88/100|[from] Stealth Rock
|-ability|p2a: Porygon2|Download|boost
|-boost|p2a: Porygon2|spa|1
|switch|p1a: Dragonite|Dragonite, F|100/100
|
|upkeep
|turn|6
|
|t:|1760741923
|switch|p1a: Gholdengo|Gholdengo|100/100 brn
|move|p2a: Porygon2|Ice Beam|p1a: Gholdengo
|-resisted|p1a: Gholdengo
|-damage|p1a: Gholdengo|76/100 brn
|
|-damage|p1a: Gholdengo|70/100 brn|[from] brn
|upkeep
|turn|7
|l| Squallskip
|
|t:|1760741940
|-terastallize|p2a: Porygon2|Ground
|move|p2a: Porygon2|Tera Blast|p1a: Gholdengo|[anim] Tera Blast Ground
|-supereffective|p1a: Gholdengo
|-damage|p1a: Gholdengo|0 fnt
|faint|p1a: Gholdengo
|
|-fieldend|move: Trick Room
|upkeep
|
|t:|1760741952
|switch|p1a: Great Tusk|Great Tusk|100/100
|turn|8
|
|t:|1760741958
|move|p1a: Great Tusk|Ice Spinner|p2a: Porygon2
|-supereffective|p2a: Porygon2
|-damage|p2a: Porygon2|48/100
|move|p2a: Porygon2|Trick Room|p2a: Porygon2
|-fieldstart|move: Trick Room|[of] p2a: Porygon2
|
|upkeep
|turn|9
|
|t:|1760741964
|move|p2a: Porygon2|Ice Beam|p1a: Great Tusk
|-supereffective|p1a: Great Tusk
|-damage|p1a: Great Tusk|0 fnt
|faint|p1a: Great Tusk
|-end|p1a: Great Tusk|Protosynthesis|[silent]
|
|upkeep
|
|t:|1760741971
|switch|p1a: Zamazenta|Zamazenta|100/100
|-ability|p1a: Zamazenta|Dauntless Shield|boost
|-boost|p1a: Zamazenta|def|1
|turn|10
|
|t:|1760741979
|move|p2a: Porygon2|Tera Blast|p1a: Zamazenta|[anim] Tera Blast Ground
|-damage|p1a: Zamazenta|48/100
|move|p1a: Zamazenta|Body Press|p2a: Porygon2
|-crit|p2a: Porygon2
|-damage|p2a: Porygon2|0 fnt
|faint|p2a: Porygon2
|
|-heal|p1a: Zamazenta|54/100|[from] item: Leftovers
|upkeep
|
|t:|1760741993
|switch|p2a: Cresselia|Cresselia, F|100/100
|-damage|p2a: Cresselia|88/100|[from] Stealth Rock
|turn|11
|
|t:|1760741998
|move|p2a: Cresselia|Moonblast|p1a: Zamazenta
|-supereffective|p1a: Zamazenta
|-damage|p1a: Zamazenta|20/100
|move|p1a: Zamazenta|Crunch|p2a: Cresselia
|-supereffective|p2a: Cresselia
|-damage|p2a: Cresselia|59/100
|-unboost|p2a: Cresselia|def|1
|
|-heal|p1a: Zamazenta|27/100|[from] item: Leftovers
|upkeep
|turn|12
|
|t:|1760742010
|move|p2a: Cresselia|Psychic|p1a: Zamazenta
|-supereffective|p1a: Zamazenta
|-damage|p1a: Zamazenta|0 fnt
|faint|p1a: Zamazenta
|
|-fieldend|move: Trick Room
|upkeep
|inactive|1shy9 has 120 seconds left.
|
|t:|1760742059
|switch|p1a: Dragonite|Dragonite, F|100/100
|turn|13
|
|t:|1760742063
|-terastallize|p1a: Dragonite|Flying
|move|p1a: Dragonite|Tera Blast|p2a: Cresselia|[anim] Tera Blast Flying
|-damage|p2a: Cresselia|5/100
|move|p2a: Cresselia|Trick Room|p2a: Cresselia
|-fieldstart|move: Trick Room|[of] p2a: Cresselia
|
|upkeep
|turn|14
|
|t:|1760742072
|move|p2a: Cresselia|Lunar Dance|p2a: Cresselia
|faint|p2a: Cresselia
|move|p1a: Dragonite|Dragon Dance|p1a: Dragonite
|-boost|p1a: Dragonite|atk|1
|-boost|p1a: Dragonite|spe|1
|
|upkeep
|
|t:|1760742084
|switch|p2a: Iron Hands|Iron Hands|100/100
|-damage|p2a: Iron Hands|94/100|[from] Stealth Rock
|-enditem|p2a: Iron Hands|Booster Energy
|-activate|p2a: Iron Hands|ability: Quark Drive|[fromitem]
|-start|p2a: Iron Hands|quarkdriveatk
|turn|15
|
|t:|1760742096
|move|p2a: Iron Hands|Wild Charge|p1a: Dragonite
|-supereffective|p1a: Dragonite
|-damage|p1a: Dragonite|27/100
|-damage|p2a: Iron Hands|83/100|[from] Recoil
|move|p1a: Dragonite|Earthquake|p2a: Iron Hands
|-supereffective|p2a: Iron Hands
|-damage|p2a: Iron Hands|10/100
|
|upkeep
|turn|16
|
|t:|1760742107
|move|p2a: Iron Hands|Wild Charge|p1a: Dragonite
|-supereffective|p1a: Dragonite
|-damage|p1a: Dragonite|0 fnt
|faint|p1a: Dragonite
|-damage|p2a: Iron Hands|5/100|[from] Recoil
|
|upkeep
|
|t:|1760742112
|switch|p1a: Iron Moth|Iron Moth|100/100
|-enditem|p1a: Iron Moth|Booster Energy
|-activate|p1a: Iron Moth|ability: Quark Drive|[fromitem]
|-start|p1a: Iron Moth|quarkdrivespe
|turn|17
|
|t:|1760742118
|move|p2a: Iron Hands|Wild Charge|p1a: Iron Moth
|-damage|p1a: Iron Moth|0 fnt
|faint|p1a: Iron Moth
|-end|p1a: Iron Moth|Quark Drive|[silent]
|-damage|p2a: Iron Hands|0 fnt|[from] Recoil
|faint|p2a: Iron Hands
|-end|p2a: Iron Hands|Quark Drive|[silent]
|
|win|Lolproplayer
|raw|1shy9's rating: 1743 &rarr; <strong>1719</strong><br />(-24 for losing)
|raw|Lolproplayer's rating: 1664 &rarr; <strong>1688</strong><br />(+24 for winning)
|l|☆1shy9
|player|p1|
|l|☆Lolproplayer
|player|p2|
|l| ulisesdiogenes
