|j|☆mo007001
|j|☆simostruoso
|t:|1760864862
|gametype|singles
|player|p1|mo007001|burglar|1218
|player|p2|simostruoso|roxie|1208
|gen|9
|tier|[Gen 9] OU
|rated|
|rule|HP Percentage Mod: HP is shown in percentages
|rule|Endless Battle Clause: Forcing endless battles is banned
|rule|Species Clause: Limit one of each Pokémon
|rule|OHKO Clause: OHKO moves are banned
|rule|Evasion Items Clause: Evasion items are banned
|rule|Evasion Moves Clause: Evasion moves are banned
|rule|Evasion Abilities Clause: Evasion abilities are banned
|rule|Sleep Moves Clause: Sleep-inducing moves are banned
|clearpoke
|poke|p1|Ursaluna, M|
|poke|p1|Gumshoos, M|
|poke|p1|Kingambit, M|
|poke|p1|Skeledirge, M|
|poke|p1|Slowking, M|
|poke|p1|Cinderace, F|
|poke|p2|Corviknight, M|
|poke|p2|Kyurem|
|poke|p2|Pawmot, M|
|poke|p2|Cresselia, F|
|poke|p2|Deoxys-Defense|
|poke|p2|Ditto|
|teampreview
|
|t:|1760864900
|teamsize|p1|6
|teamsize|p2|6
|start
|switch|p1a: Gumshoos|Gumshoos, M|100/100
|switch|p2a: Deoxys|Deoxys-Defense|100/100
|-ability|p2a: Deoxys|Pressure
|turn|1
|inactive|Battle timer is ON: inactive players will automatically lose when time's up. (requested by simostruoso)
|
|t:|1760864909
|switch|p2a: Corviknight|Corviknight, M|100/100
|-ability|p2a: Corviknight|Pressure
|move|p1a: Gumshoos|Knock Off|p2a: Corviknight
|-damage|p2a: Corviknight|62/100
|-enditem|p2a: Corviknight|Leftovers|[from] move: Knock Off|[of] p1a: Gumshoos
|
|upkeep
|turn|2
|
|t:|1760864918
|move|p2a: Corviknight|Substitute|p2a: Corviknight
|-start|p2a: Corviknight|Substitute
|-damage|p2a: Corviknight|37/100
|move|p1a: Gumshoos|Double-Edge|p2a: Corviknight
|-resisted|p2a: Corviknight
|-activate|p2a: Corviknight|move: Substitute|[damage]
|-damage|p1a: Gumshoos|94/100|[from] Recoil|[of] p2a: Corviknight
|
|upkeep
|turn|3
|
|t:|1760864929
|switch|p1a: Skeledirge|Skeledirge, M, shiny|100/100
|move|p2a: Corviknight|Roost|p2a: Corviknight
|-heal|p2a: Corviknight|87/100
|-singleturn|p2a: Corviknight|move: Roost
|
|upkeep
|turn|4
|
|t:|1760864940
|-terastallize|p2a: Corviknight|Dragon
|move|p2a: Corviknight|Spite||[still]
|-fail|p2a: Corviknight
|move|p1a: Skeledirge|Torch Song|p2a: Corviknight
|-resisted|p2a: Corviknight
|-damage|p2a: Corviknight|72/100
|-boost|p1a: Skeledirge|spa|1
|
|upkeep
|turn|5
|
|t:|1760864957
|move|p2a: Corviknight|Spite|p1a: Skeledirge
|-activate|p1a: Skeledirge|move: Spite|Torch Song|4
|move|p1a: Skeledirge|Shadow Ball|p2a: Corviknight
|-end|p2a: Corviknight|Substitute
|
|upkeep
|turn|6
|
|t:|1760864968
|switch|p1a: Slowking|Slowking, M, shiny|100/100
|move|p2a: Corviknight|Protect||[still]
|-fail|p2a: Corviknight
|
|upkeep
|turn|7
|
|t:|1760864975
|switch|p2a: Deoxys|Deoxys-Defense|100/100
|-ability|p2a: Deoxys|Pressure
|-prepare|p1a: Slowking|Chilly Reception|[premajor]
|move|p1a: Slowking|Chilly Reception|p1a: Slowking
|-weather|Snowscape
|
|t:|1760864982
|switch|p1a: Gumshoos|Gumshoos, M|94/100|[from] Chilly Reception
|
|-weather|Snowscape|[upkeep]
|upkeep
|turn|8
|
|t:|1760864991
|move|p2a: Deoxys|Cosmic Power|p2a: Deoxys
|-boost|p2a: Deoxys|def|1
|-boost|p2a: Deoxys|spd|1
|move|p1a: Gumshoos|Double-Edge|p2a: Deoxys
|-damage|p2a: Deoxys|69/100
|-damage|p1a: Gumshoos|85/100|[from] Recoil
|
|-weather|Snowscape|[upkeep]
|-heal|p2a: Deoxys|75/100|[from] item: Leftovers
|upkeep
|turn|9
|
|t:|1760865004
|switch|p1a: Skeledirge|Skeledirge, M, shiny|100/100
|move|p2a: Deoxys|Cosmic Power|p2a: Deoxys
|-boost|p2a: Deoxys|def|1
|-boost|p2a: Deoxys|spd|1
|
|-weather|Snowscape|[upkeep]
|-heal|p2a: Deoxys|81/100|[from] item: Leftovers
|upkeep
|turn|10
|
|t:|1760865013
|move|p2a: Deoxys|Night Shade|p1a: Skeledirge
|-damage|p1a: Skeledirge|76/100
|move|p1a: Skeledirge|Shadow Ball|p2a: Deoxys
|-supereffective|p2a: Deoxys
|-damage|p2a: Deoxys|45/100
|
|-weather|Snowscape|[upkeep]
|-heal|p2a: Deoxys|51/100|[from] item: Leftovers
|upkeep
|turn|11
|
|t:|1760865023
|move|p2a: Deoxys|Recover|p2a: Deoxys
|-heal|p2a: Deoxys|100/100
|move|p1a: Skeledirge|Will-O-Wisp|p2a: Deoxys
|-status|p2a: Deoxys|brn
|
|-weather|none
|-damage|p2a: Deoxys|94/100 brn|[from] brn
|upkeep
|turn|12
|
|t:|1760865032
|move|p2a: Deoxys|Night Shade|p1a: Skeledirge
|-damage|p1a: Skeledirge|52/100
|move|p1a: Skeledirge|Torch Song|p2a: Deoxys
|-damage|p2a: Deoxys|77/100 brn
|-boost|p1a: Skeledirge|spa|1
|
|-heal|p2a: Deoxys|83/100 brn|[from] item: Leftovers
|-damage|p2a: Deoxys|77/100 brn|[from] brn
|upkeep
|turn|13
|
|t:|1760865044
|move|p2a: Deoxys|Night Shade|p1a: Skeledirge
|-damage|p1a: Skeledirge|28/100
|move|p1a: Skeledirge|Slack Off|p1a: Skeledirge
|-heal|p1a: Skeledirge|78/100
|
|-heal|p2a: Deoxys|83/100 brn|[from] item: Leftovers
|-damage|p2a: Deoxys|77/100 brn|[from] brn
|upkeep
|turn|14
|
|t:|1760865053
|move|p2a: Deoxys|Night Shade|p1a: Skeledirge
|-damage|p1a: Skeledirge|53/100
|move|p1a: Skeledirge|Torch Song|p2a: Deoxys
|-damage|p2a: Deoxys|53/100 brn
|-boost|p1a: Skeledirge|spa|1
|
|-heal|p2a: Deoxys|59/100 brn|[from] item: Leftovers
|-damage|p2a: Deoxys|53/100 brn|[from] brn
|upkeep
|turn|15
|
|t:|1760865065
|move|p2a: Deoxys|Recover|p2a: Deoxys
|-heal|p2a: Deoxys|100/100 brn
|move|p1a: Skeledirge|Slack Off|p1a: Skeledirge
|-heal|p1a: Skeledirge|100/100
|
|-damage|p2a: Deoxys|94/100 brn|[from] brn
|upkeep
|turn|16
|
|t:|1760865073
|move|p2a: Deoxys|Taunt|p1a: Skeledirge
|-start|p1a: Skeledirge|move: Taunt
|move|p1a: Skeledirge|Shadow Ball|p2a: Deoxys
|-supereffective|p2a: Deoxys
|-damage|p2a: Deoxys|31/100 brn
|
|-heal|p2a: Deoxys|37/100 brn|[from] item: Leftovers
|-damage|p2a: Deoxys|31/100 brn|[from] brn
|upkeep
|turn|17
|
|t:|1760865085
|switch|p2a: Corviknight|Corviknight, M, tera:Dragon|72/100
|-ability|p2a: Corviknight|Pressure
|move|p1a: Skeledirge|Shadow Ball|p2a: Corviknight
|-damage|p2a: Corviknight|9/100
|
|upkeep
|turn|18
|
|t:|1760865094
|move|p2a: Corviknight|Spite|p1a: Skeledirge
|-activate|p1a: Skeledirge|move: Spite|Shadow Ball|4
|move|p1a: Skeledirge|Shadow Ball|p2a: Corviknight
|-damage|p2a: Corviknight|0 fnt
|faint|p2a: Corviknight
|
|-end|p1a: Skeledirge|move: Taunt
|upkeep
|
|t:|1760865102
|switch|p2a: Ditto|Ditto|100/100
|-transform|p2a: Ditto|p1a: Skeledirge|[from] ability: Imposter
|turn|19
|
|t:|1760865115
|-terastallize|p1a: Skeledirge|Fairy
|move|p2a: Ditto|Shadow Ball|p1a: Skeledirge
|-damage|p1a: Skeledirge|73/100
|move|p1a: Skeledirge|Shadow Ball|p2a: Ditto
|-supereffective|p2a: Ditto
|-damage|p2a: Ditto|30/100
|
|upkeep
|turn|20
|c|☆simostruoso|sry have to go gg
|-message|simostruoso forfeited.
|
|win|mo007001
|raw|mo007001's rating: 1218 &rarr; <strong>1242</strong><br />(+24 for winning)
|raw|simostruoso's rating: 1208 &rarr; <strong>1184</strong><br />(-24 for losing)
|l|☆simostruoso
|player|p2|
|l|☆mo007001
|player|p1|
