|badge|p2|bronze|gen9ubers|100-7
|uhtml|medal-msg|<div class="broadcast-blue">Curious what those medals under the avatar are? PS now has Ladder Seasons! For more information, check out the <a href="https://www.smogon.com/forums/threads/3740067/">thread on Smogon.</a></div>
|j|☆healorant
|j|☆RoaringMoonlight2
|t:|1760804878
|gametype|singles
|player|p1|healorant|alder|1732
|player|p2|RoaringMoonlight2|turo-ai|1692
|gen|9
|tier|[Gen 9] OU
|rated|
|rule|HP Percentage Mod: HP is shown in percentages
|rule|Endless Battle Clause: Forcing endless battles is banned
|rule|Species Clause: Limit one of each Pokémon
|rule|OHKO Clause: OHKO moves are banned
|rule|Evasion Items Clause: Evasion items are banned
|rule|Evasion Moves Clause: Evasion moves are banned
|rule|Evasion Abilities Clause: Evasion abilities are banned
|rule|Sleep Moves Clause: Sleep-inducing moves are banned
|clearpoke
|poke|p1|Ninetales-Alola, F|
|poke|p1|Ogerpon-Wellspring, F|
|poke|p1|Hatterene, F|
|poke|p1|Kyurem|
|poke|p1|Gliscor, M|
|poke|p1|Iron Moth|
|poke|p2|Glimmora, M|
|poke|p2|Iron Valiant|
|poke|p2|Raging Bolt|
|poke|p2|Ogerpon-Wellspring, F|
|poke|p2|Kingambit, M|
|poke|p2|Ceruledge, M|
|teampreview
|inactive|Battle timer is ON: inactive players will automatically lose when time's up. (requested by RoaringMoonlight2)
|inactive|RoaringMoonlight2 has 120 seconds left.
|
|t:|1760804916
|teamsize|p1|6
|teamsize|p2|6
|start
|switch|p1a: Ninetales|Ninetales-Alola, F|100/100
|switch|p2a: Fleur de Cuivre|Glimmora, M|100/100
|-weather|Snowscape|[from] ability: Snow Warning|[of] p1a: Ninetales
|turn|1
|
|t:|1760804922
|move|p1a: Ninetales|Aurora Veil|p1a: Ninetales
|-sidestart|p1: healorant|move: Aurora Veil
|move|p2a: Fleur de Cuivre|Meteor Beam||[still]
|-prepare|p2a: Fleur de Cuivre|Meteor Beam
|-boost|p2a: Fleur de Cuivre|spa|1
|-enditem|p2a: Fleur de Cuivre|Power Herb
|-anim|p2a: Fleur de Cuivre|Meteor Beam|p1a: Ninetales
|-supereffective|p1a: Ninetales
|-damage|p1a: Ninetales|9/100
|
|-weather|Snowscape|[upkeep]
|upkeep
|turn|2
|
|t:|1760804929
|move|p1a: Ninetales|Freeze-Dry|p2a: Fleur de Cuivre
|-damage|p2a: Fleur de Cuivre|72/100
|move|p2a: Fleur de Cuivre|Mortal Spin|p1a: Ninetales
|-supereffective|p1a: Ninetales
|-damage|p1a: Ninetales|4/100
|-status|p1a: Ninetales|psn
|
|-weather|Snowscape|[upkeep]
|-damage|p1a: Ninetales|0 fnt|[from] psn
|faint|p1a: Ninetales
|upkeep
|
|t:|1760804942
|switch|p1a: Kyurem|Kyurem|100/100
|-ability|p1a: Kyurem|Pressure
|turn|3
|inactive|RoaringMoonlight2 has 120 seconds left.
|
|t:|1760804975
|move|p1a: Kyurem|Earth Power|p2a: Fleur de Cuivre
|-supereffective|p2a: Fleur de Cuivre
|-damage|p2a: Fleur de Cuivre|0 fnt
|faint|p2a: Fleur de Cuivre
|
|-weather|Snowscape|[upkeep]
|upkeep
|inactive|RoaringMoonlight2 has 120 seconds left.
|inactive|RoaringMoonlight2 has 90 seconds left.
|inactive|RoaringMoonlight2 has 60 seconds left.
|
|t:|1760805046
|switch|p2a: Masqurécage|Ogerpon-Wellspring, F|100/100
|turn|4
|
|t:|1760805051
|move|p2a: Masqurécage|Encore|p1a: Kyurem
|-start|p1a: Kyurem|Encore
|move|p1a: Kyurem|Earth Power|p2a: Masqurécage
|-resisted|p2a: Masqurécage
|-damage|p2a: Masqurécage|85/100
|
|-weather|Snowscape|[upkeep]
|upkeep
|turn|5
|
|t:|1760805062
|switch|p1a: Iron Moth|Iron Moth|100/100
|-enditem|p1a: Iron Moth|Booster Energy
|-activate|p1a: Iron Moth|ability: Quark Drive|[fromitem]
|-start|p1a: Iron Moth|quarkdrivespe
|move|p2a: Masqurécage|Ivy Cudgel|p1a: Iron Moth|[anim] Ivy Cudgel Water
|-supereffective|p1a: Iron Moth
|-damage|p1a: Iron Moth|10/100
|
|-weather|none
|upkeep
|turn|6
|
|t:|1760805067
|switch|p2a: Escrameur|Ceruledge, M|100/100
|move|p1a: Iron Moth|Sludge Wave|p2a: Escrameur
|-resisted|p2a: Escrameur
|-damage|p2a: Escrameur|74/100
|
|upkeep
|turn|7
|
|t:|1760805071
|move|p2a: Escrameur|Shadow Sneak|p1a: Iron Moth
|-damage|p1a: Iron Moth|0 fnt
|faint|p1a: Iron Moth
|-end|p1a: Iron Moth|Quark Drive|[silent]
|
|upkeep
|
|t:|1760805080
|switch|p1a: Kyurem|Kyurem|100/100
|-ability|p1a: Kyurem|Pressure
|turn|8
|
|t:|1760805088
|move|p1a: Kyurem|Dragon Dance|p1a: Kyurem
|-boost|p1a: Kyurem|atk|1
|-boost|p1a: Kyurem|spe|1
|move|p2a: Escrameur|Poltergeist|p1a: Kyurem
|-activate|p1a: Kyurem|move: Poltergeist|Loaded Dice
|-damage|p1a: Kyurem|69/100
|
|-sideend|p1: healorant|move: Aurora Veil
|upkeep
|turn|9
|
|t:|1760805099
|move|p2a: Escrameur|Shadow Sneak|p1a: Kyurem
|-damage|p1a: Kyurem|46/100
|move|p1a: Kyurem|Icicle Spear|p2a: Escrameur
|-resisted|p2a: Escrameur
|-crit|p2a: Escrameur
|-damage|p2a: Escrameur|55/100
|-ability|p2a: Escrameur|Weak Armor|boost
|-unboost|p2a: Escrameur|def|1
|-boost|p2a: Escrameur|spe|2
|-resisted|p2a: Escrameur
|-damage|p2a: Escrameur|35/100
|-ability|p2a: Escrameur|Weak Armor|boost
|-unboost|p2a: Escrameur|def|1
|-boost|p2a: Escrameur|spe|2
|-resisted|p2a: Escrameur
|-damage|p2a: Escrameur|9/100
|-ability|p2a: Escrameur|Weak Armor|boost
|-unboost|p2a: Escrameur|def|1
|-boost|p2a: Escrameur|spe|2
|-resisted|p2a: Escrameur
|-damage|p2a: Escrameur|0 fnt
|faint|p2a: Escrameur
|-hitcount|p2: Escrameur|4
|
|upkeep
|
|t:|1760805101
|switch|p2a: Terminator|Iron Valiant|100/100
|-enditem|p2a: Terminator|Booster Energy
|-activate|p2a: Terminator|ability: Quark Drive|[fromitem]
|-start|p2a: Terminator|quarkdrivespe
|turn|10
|
|t:|1760805106
|move|p2a: Terminator|Moonblast|p1a: Kyurem
|-supereffective|p1a: Kyurem
|-damage|p1a: Kyurem|0 fnt
|faint|p1a: Kyurem
|
|upkeep
|
|t:|1760805108
|switch|p1a: Hatterene|Hatterene, F|100/100
|turn|11
|inactive|RoaringMoonlight2 has 120 seconds left.
|
|t:|1760805116
|move|p2a: Terminator|Moonblast|p1a: Hatterene
|-damage|p1a: Hatterene|47/100
|move|p1a: Hatterene|Nuzzle|p2a: Terminator
|-damage|p2a: Terminator|95/100
|-status|p2a: Terminator|par
|
|upkeep
|turn|12
|
|t:|1760805126
|cant|p2a: Terminator|par
|move|p1a: Hatterene|Draining Kiss|p2a: Terminator
|-supereffective|p2a: Terminator
|-damage|p2a: Terminator|20/100 par
|-heal|p1a: Hatterene|99/100|[from] drain|[of] p2a: Terminator
|
|upkeep
|turn|13
|inactive|RoaringMoonlight2 has 120 seconds left.
|
|t:|1760805154
|move|p2a: Terminator|Moonblast|p1a: Hatterene
|-damage|p1a: Hatterene|49/100
|move|p1a: Hatterene|Calm Mind|p1a: Hatterene
|-boost|p1a: Hatterene|spa|1
|-boost|p1a: Hatterene|spd|1
|
|upkeep
|turn|14
|
|t:|1760805158
|cant|p2a: Terminator|par
|move|p1a: Hatterene|Draining Kiss|p2a: Terminator
|-supereffective|p2a: Terminator
|-damage|p2a: Terminator|0 fnt
|-heal|p1a: Hatterene|62/100|[from] drain|[of] p2a: Terminator
|faint|p2a: Terminator
|-end|p2a: Terminator|Quark Drive|[silent]
|
|upkeep
|
|t:|1760805163
|switch|p2a: Masqurécage|Ogerpon-Wellspring, F|85/100
|turn|15
|
|t:|1760805167
|move|p2a: Masqurécage|Ivy Cudgel|p1a: Hatterene|[anim] Ivy Cudgel Water
|-damage|p1a: Hatterene|12/100
|move|p1a: Hatterene|Nuzzle|p2a: Masqurécage
|-damage|p2a: Masqurécage|81/100
|-status|p2a: Masqurécage|par
|
|upkeep
|turn|16
|
|t:|1760805171
|cant|p2a: Masqurécage|par
|move|p1a: Hatterene|Draining Kiss|p2a: Masqurécage
|-damage|p2a: Masqurécage|41/100 par
|-heal|p1a: Hatterene|39/100|[from] drain|[of] p2a: Masqurécage
|
|upkeep
|turn|17
|
|t:|1760805175
|cant|p2a: Masqurécage|par
|move|p1a: Hatterene|Draining Kiss|p2a: Masqurécage
|-damage|p2a: Masqurécage|2/100 par
|-heal|p1a: Hatterene|67/100|[from] drain|[of] p2a: Masqurécage
|
|upkeep
|turn|18
|
|t:|1760805177
|move|p2a: Masqurécage|Ivy Cudgel|p1a: Hatterene|[anim] Ivy Cudgel Water
|-damage|p1a: Hatterene|19/100
|move|p1a: Hatterene|Draining Kiss|p2a: Masqurécage
|-damage|p2a: Masqurécage|0 fnt
|-heal|p1a: Hatterene|21/100|[from] drain|[of] p2a: Masqurécage
|faint|p2a: Masqurécage
|
|upkeep
|
|t:|1760805183
|switch|p2a: Général 50/50|Kingambit, M|100/100
|-activate|p2a: Général 50/50|ability: Supreme Overlord
|-start|p2a: Général 50/50|fallen4|[silent]
|turn|19
|
|t:|1760805185
|move|p2a: Général 50/50|Kowtow Cleave|p1a: Hatterene
|-damage|p1a: Hatterene|0 fnt
|faint|p1a: Hatterene
|
|upkeep
|
|t:|1760805188
|switch|p1a: Gliscor|Gliscor, M|100/100
|turn|20
|
|t:|1760805191
|move|p1a: Gliscor|Swords Dance|p1a: Gliscor
|-boost|p1a: Gliscor|atk|2
|move|p2a: Général 50/50|Swords Dance|p2a: Général 50/50
|-boost|p2a: Général 50/50|atk|2
|
|-status|p1a: Gliscor|tox|[from] item: Toxic Orb
|upkeep
|turn|21
|
|t:|1760805193
|-terastallize|p2a: Général 50/50|Dark
|move|p1a: Gliscor|Earthquake|p2a: Général 50/50
|-damage|p2a: Général 50/50|33/100
|move|p2a: Général 50/50|Kowtow Cleave|p1a: Gliscor
|-crit|p1a: Gliscor
|-damage|p1a: Gliscor|0 fnt
|faint|p1a: Gliscor
|
|upkeep
|
|t:|1760805196
|switch|p1a: Ogerpon|Ogerpon-Wellspring, F|100/100
|turn|22
|
|t:|1760805199
|move|p2a: Général 50/50|Sucker Punch||[still]
|-fail|p2a: Général 50/50
|move|p1a: Ogerpon|Swords Dance|p1a: Ogerpon
|-boost|p1a: Ogerpon|atk|2
|
|upkeep
|turn|23
|
|t:|1760805201
|move|p2a: Général 50/50|Sucker Punch|p1a: Ogerpon
|-damage|p1a: Ogerpon|0 fnt
|faint|p1a: Ogerpon
|
|win|RoaringMoonlight2
|raw|healorant's rating: 1732 &rarr; <strong>1710</strong><br />(-22 for losing)
|raw|RoaringMoonlight2's rating: 1692 &rarr; <strong>1714</strong><br />(+22 for winning)
|l|☆healorant
|player|p1|
|l|☆RoaringMoonlight2
|player|p2|
