|j|☆NeneDaikon
|j|☆HZBKAI10
|t:|1760854267
|gametype|singles
|player|p1|NeneDaikon|hilda|1088
|player|p2|HZBKAI10|1|1103
|gen|9
|tier|[Gen 9] OU
|rated|
|rule|HP Percentage Mod: HP is shown in percentages
|rule|Endless Battle Clause: Forcing endless battles is banned
|rule|Species Clause: Limit one of each Pokémon
|rule|OHKO Clause: OHKO moves are banned
|rule|Evasion Items Clause: Evasion items are banned
|rule|Evasion Moves Clause: Evasion moves are banned
|rule|Evasion Abilities Clause: Evasion abilities are banned
|rule|Sleep Moves Clause: Sleep-inducing moves are banned
|clearpoke
|poke|p1|Serperior, M|
|poke|p1|Pelipper, M|
|poke|p1|Raging Bolt|
|poke|p1|Garganacl, M|
|poke|p1|Scizor, F|
|poke|p1|Pincurchin, F|
|poke|p2|Iron Crown|
|poke|p2|Primarina, F|
|poke|p2|Toedscruel, F|
|poke|p2|Walking Wake|
|poke|p2|Heatran, F|
|poke|p2|Dragonite, F|
|teampreview
|inactive|Battle timer is ON: inactive players will automatically lose when time's up. (requested by NeneDaikon)
|
|t:|1760854275
|teamsize|p1|6
|teamsize|p2|6
|start
|switch|p1a: Pelipper|Pelipper, M|100/100
|switch|p2a: Toedscruel|Toedscruel, F|100/100
|-weather|RainDance|[from] ability: Drizzle|[of] p1a: Pelipper
|turn|1
|
|t:|1760854285
|move|p2a: Toedscruel|Giga Drain|p1a: Pelipper
|-damage|p1a: Pelipper|61/100
|move|p1a: Pelipper|Ice Beam|p2a: Toedscruel
|-supereffective|p2a: Toedscruel
|-damage|p2a: Toedscruel|0 fnt
|faint|p2a: Toedscruel
|
|-weather|RainDance|[upkeep]
|upkeep
|
|t:|1760854286
|switch|p2a: Iron Crown|Iron Crown|100/100
|turn|2
|
|t:|1760854296
|move|p2a: Iron Crown|Volt Switch|p1a: Pelipper
|-supereffective|p1a: Pelipper
|-damage|p1a: Pelipper|0 fnt
|faint|p1a: Pelipper
|
|t:|1760854296
|-end|p2a: Iron Crown|Quark Drive|[silent]
|switch|p2a: Walking Wake|Walking Wake|100/100|[from] Volt Switch
|
|-weather|RainDance|[upkeep]
|upkeep
|
|t:|1760854304
|switch|p1a: Raging Bolt|Raging Bolt|100/100
|-enditem|p1a: Raging Bolt|Booster Energy
|-activate|p1a: Raging Bolt|ability: Protosynthesis|[fromitem]
|-start|p1a: Raging Bolt|protosynthesisspa
|turn|3
|
|t:|1760854314
|-terastallize|p1a: Raging Bolt|Electric
|move|p2a: Walking Wake|Draco Meteor|p1a: Raging Bolt
|-damage|p1a: Raging Bolt|47/100
|-unboost|p2a: Walking Wake|spa|2
|move|p1a: Raging Bolt|Thunder|p2a: Walking Wake
|-damage|p2a: Walking Wake|0 fnt
|faint|p2a: Walking Wake
|-end|p2a: Walking Wake|Protosynthesis|[silent]
|
|-weather|RainDance|[upkeep]
|upkeep
|
|t:|1760854314
|switch|p2a: Dragonite|Dragonite, F|100/100
|turn|4
|
|t:|1760854321
|move|p2a: Dragonite|Earthquake|p1a: Raging Bolt
|-supereffective|p1a: Raging Bolt
|-damage|p1a: Raging Bolt|0 fnt
|faint|p1a: Raging Bolt
|-end|p1a: Raging Bolt|Protosynthesis|[silent]
|
|-weather|RainDance|[upkeep]
|upkeep
|
|t:|1760854334
|switch|p1a: Garganacl|Garganacl, M|100/100
|turn|5
|
|t:|1760854336
|move|p2a: Dragonite|Earthquake|p1a: Garganacl
|-supereffective|p1a: Garganacl
|-damage|p1a: Garganacl|54/100
|move|p1a: Garganacl|Salt Cure|p2a: Dragonite
|-supereffective|p2a: Dragonite
|-damage|p2a: Dragonite|85/100
|-start|p2a: Dragonite|Salt Cure
|
|-weather|RainDance|[upkeep]
|-heal|p1a: Garganacl|60/100|[from] item: Leftovers
|-damage|p2a: Dragonite|72/100|[from] Salt Cure
|upkeep
|turn|6
|
|t:|1760854350
|move|p2a: Dragonite|Earthquake|p1a: Garganacl
|-supereffective|p1a: Garganacl
|-damage|p1a: Garganacl|10/100
|move|p1a: Garganacl|Salt Cure|p2a: Dragonite
|-supereffective|p2a: Dragonite
|-damage|p2a: Dragonite|39/100
|
|-weather|RainDance|[upkeep]
|-heal|p1a: Garganacl|16/100|[from] item: Leftovers
|-damage|p2a: Dragonite|27/100|[from] Salt Cure
|upkeep
|turn|7
|
|t:|1760854360
|move|p1a: Garganacl|Protect|p1a: Garganacl
|-singleturn|p1a: Garganacl|Protect
|move|p2a: Dragonite|Earthquake|p1a: Garganacl
|-activate|p1a: Garganacl|move: Protect
|
|-weather|RainDance|[upkeep]
|-heal|p1a: Garganacl|22/100|[from] item: Leftovers
|-damage|p2a: Dragonite|14/100|[from] Salt Cure
|upkeep
|turn|8
|
|t:|1760854364
|move|p1a: Garganacl|Protect||[still]
|-fail|p1a: Garganacl
|move|p2a: Dragonite|Earthquake|p1a: Garganacl
|-supereffective|p1a: Garganacl
|-damage|p1a: Garganacl|0 fnt
|faint|p1a: Garganacl
|
|-weather|none
|-damage|p2a: Dragonite|2/100|[from] Salt Cure
|upkeep
|
|t:|1760854378
|switch|p1a: Serperior|Serperior, M|100/100
|turn|9
|
|t:|1760854381
|move|p1a: Serperior|Leaf Storm|p2a: Dragonite
|-resisted|p2a: Dragonite
|-damage|p2a: Dragonite|0 fnt
|-boost|p1a: Serperior|spa|2
|faint|p2a: Dragonite
|
|upkeep
|
|t:|1760854381
|switch|p2a: Heatran|Heatran, F|100/100
|turn|10
|
|t:|1760854390
|move|p1a: Serperior|Knock Off|p2a: Heatran
|-damage|p2a: Heatran|85/100
|-enditem|p2a: Heatran|Leftovers|[from] move: Knock Off|[of] p1a: Serperior
|move|p2a: Heatran|Magma Storm|p1a: Serperior
|-supereffective|p1a: Serperior
|-damage|p1a: Serperior|0 fnt
|faint|p1a: Serperior
|
|upkeep
|
|t:|1760854397
|switch|p1a: Pincurchin|Pincurchin, F|100/100
|-fieldstart|move: Electric Terrain|[from] ability: Electric Surge|[of] p1a: Pincurchin
|turn|11
|
|t:|1760854404
|move|p2a: Heatran|Earth Power|p1a: Pincurchin
|-supereffective|p1a: Pincurchin
|-damage|p1a: Pincurchin|21/100
|-enditem|p1a: Pincurchin|Eject Button
|
|t:|1760854408
|switch|p1a: Scizor|Scizor, F|100/100
|
|upkeep
|turn|12
|
|t:|1760854412
|move|p2a: Heatran|Magma Storm|p1a: Scizor
|-supereffective|p1a: Scizor
|-damage|p1a: Scizor|0 fnt
|faint|p1a: Scizor
|
|upkeep
|-message|NeneDaikon forfeited.
|
|win|HZBKAI10
|raw|NeneDaikon's rating: 1088 &rarr; <strong>1066</strong><br />(-22 for losing)
|raw|HZBKAI10's rating: 1103 &rarr; <strong>1127</strong><br />(+24 for winning)
|l|☆HZBKAI10
|player|p2|
|l|☆NeneDaikon
|player|p1|
