|j|☆Denvertzzz
|j|☆Bogatyum
|t:|1760856466
|gametype|singles
|player|p1|Denvertzzz|2|1179
|player|p2|Bogatyum|ethan|1127
|gen|9
|tier|[Gen 9] OU
|rated|
|rule|HP Percentage Mod: HP is shown in percentages
|rule|Endless Battle Clause: Forcing endless battles is banned
|rule|Species Clause: Limit one of each Pokémon
|rule|OHKO Clause: OHKO moves are banned
|rule|Evasion Items Clause: Evasion items are banned
|rule|Evasion Moves Clause: Evasion moves are banned
|rule|Evasion Abilities Clause: Evasion abilities are banned
|rule|Sleep Moves Clause: Sleep-inducing moves are banned
|clearpoke
|poke|p1|Pelipper, M|
|poke|p1|Ludicolo, M|
|poke|p1|Ditto|
|poke|p1|Porygon2|
|poke|p1|Overqwil, M|
|poke|p1|Gliscor, M|
|poke|p2|Cloyster, M|
|poke|p2|Gengar, M|
|poke|p2|Zapdos|
|poke|p2|Poliwrath, M|
|poke|p2|Scream Tail|
|poke|p2|Iron Treads|
|teampreview
|inactive|Battle timer is ON: inactive players will automatically lose when time's up. (requested by Bogatyum)
|inactive|Denvertzzz has 120 seconds left.
|
|t:|1760856520
|teamsize|p1|6
|teamsize|p2|6
|start
|switch|p1a: Jyant Deck|Gliscor, M, shiny|100/100
|switch|p2a: Cloyster|Cloyster, M|100/100
|turn|1
|
|t:|1760856536
|switch|p1a: Bo Nerr|Porygon2, shiny|100/100
|move|p2a: Cloyster|Shell Smash|p2a: Cloyster
|-unboost|p2a: Cloyster|def|1
|-unboost|p2a: Cloyster|spd|1
|-boost|p2a: Cloyster|atk|2
|-boost|p2a: Cloyster|spa|2
|-boost|p2a: Cloyster|spe|2
|-enditem|p2a: Cloyster|White Herb
|-clearnegativeboost|p2a: Cloyster|[silent]
|
|upkeep
|turn|2
|
|t:|1760856549
|move|p2a: Cloyster|Icicle Spear|p1a: Bo Nerr
|-damage|p1a: Bo Nerr|82/100
|-damage|p1a: Bo Nerr|64/100
|-damage|p1a: Bo Nerr|45/100
|-damage|p1a: Bo Nerr|26/100
|-damage|p1a: Bo Nerr|7/100
|-hitcount|p1a: Bo Nerr|5
|move|p1a: Bo Nerr|Thunder|p2a: Cloyster
|-supereffective|p2a: Cloyster
|-damage|p2a: Cloyster|0 fnt
|faint|p2a: Cloyster
|
|upkeep
|
|t:|1760856562
|switch|p2a: Poliwrath|Poliwrath, M|100/100
|turn|3
|
|t:|1760856567
|-terastallize|p1a: Bo Nerr|Ghost
|move|p2a: Poliwrath|Belly Drum|p2a: Poliwrath
|-damage|p2a: Poliwrath|50/100
|-setboost|p2a: Poliwrath|atk|6|[from] move: Belly Drum
|move|p1a: Bo Nerr|Recover|p1a: Bo Nerr
|-heal|p1a: Bo Nerr|57/100
|
|-heal|p2a: Poliwrath|57/100|[from] item: Leftovers
|upkeep
|turn|4
|
|t:|1760856595
|move|p2a: Poliwrath|Waterfall|p1a: Bo Nerr
|-damage|p1a: Bo Nerr|0 fnt
|faint|p1a: Bo Nerr
|
|-heal|p2a: Poliwrath|63/100|[from] item: Leftovers
|upkeep
|inactive|Denvertzzz has 120 seconds left.
|
|t:|1760856606
|switch|p1a: Pooh Cee|Ditto|100/100
|-transform|p1a: Pooh Cee|p2a: Poliwrath|[from] ability: Imposter
|turn|5
|inactive|Denvertzzz has 120 seconds left.
|
|t:|1760856618
|move|p1a: Pooh Cee|Drain Punch|p2a: Poliwrath
|-damage|p2a: Poliwrath|0 fnt
|faint|p2a: Poliwrath
|
|upkeep
|
|t:|1760856627
|switch|p2a: Zapdos|Zapdos|100/100
|turn|6
|
|t:|1760856637
|-terastallize|p2a: Zapdos|Steel
|move|p1a: Pooh Cee|Drain Punch|p2a: Zapdos
|-supereffective|p2a: Zapdos
|-damage|p2a: Zapdos|0 fnt
|faint|p2a: Zapdos
|
|upkeep
|-message|Bogatyum forfeited.
|
|win|Denvertzzz
|raw|Denvertzzz's rating: 1179 &rarr; <strong>1200</strong><br />(+21 for winning)
|raw|Bogatyum's rating: 1127 &rarr; <strong>1106</strong><br />(-21 for losing)
|l|☆Bogatyum
|player|p2|
|l|☆Denvertzzz
|player|p1|
