|j|☆eucalipto69!
|j|☆CheifTheWalrus
|t:|1760750250
|gametype|singles
|player|p1|eucalipto69!|169|1159
|player|p2|CheifTheWalrus|alder|1119
|gen|9
|tier|[Gen 9] OU
|rated|
|rule|HP Percentage Mod: HP is shown in percentages
|rule|Endless Battle Clause: Forcing endless battles is banned
|rule|Species Clause: Limit one of each Pokémon
|rule|OHKO Clause: OHKO moves are banned
|rule|Evasion Items Clause: Evasion items are banned
|rule|Evasion Moves Clause: Evasion moves are banned
|rule|Evasion Abilities Clause: Evasion abilities are banned
|rule|Sleep Moves Clause: Sleep-inducing moves are banned
|clearpoke
|poke|p1|Clefable, M|
|poke|p1|Dragonite, F|
|poke|p1|Scrafty, M|
|poke|p1|Meganium, M|
|poke|p1|Pyroar, M|
|poke|p1|Skarmory, M|
|poke|p2|Swalot, F|
|poke|p2|Necrozma|
|poke|p2|Glimmora, M|
|poke|p2|Thundurus, M|
|poke|p2|Kingdra, M|
|poke|p2|Hoopa|
|teampreview
|inactive|Battle timer is ON: inactive players will automatically lose when time's up. (requested by CheifTheWalrus)
|inactive|CheifTheWalrus has 120 seconds left.
|
|t:|1760750281
|teamsize|p1|6
|teamsize|p2|6
|start
|switch|p1a: Scrafty|Scrafty, M|100/100
|switch|p2a: Towel Holder|Hoopa|100/100
|-ability|p1a: Scrafty|Intimidate|boost
|-unboost|p2a: Towel Holder|atk|1
|turn|1
|
|t:|1760750310
|switch|p2a: Mango|Glimmora, M|100/100
|move|p1a: Scrafty|Knock Off|p2a: Mango
|-damage|p2a: Mango|51/100
|-activate|p2a: Mango|ability: Toxic Debris
|-sidestart|p1: eucalipto69!|move: Toxic Spikes
|-enditem|p2a: Mango|Power Herb|[from] move: Knock Off|[of] p1a: Scrafty
|
|upkeep
|turn|2
|
|t:|1760750332
|move|p2a: Mango|Mortal Spin|p1a: Scrafty
|-damage|p1a: Scrafty|95/100
|-status|p1a: Scrafty|psn
|move|p1a: Scrafty|Drain Punch|p2a: Mango
|-damage|p2a: Mango|13/100
|-heal|p1a: Scrafty|100/100 psn|[from] drain|[of] p2a: Mango
|-activate|p2a: Mango|ability: Toxic Debris
|-sidestart|p1: eucalipto69!|move: Toxic Spikes
|
|-damage|p1a: Scrafty|88/100 psn|[from] psn
|upkeep
|turn|3
|
|t:|1760750350
|move|p2a: Mango|Sludge Wave|p1a: Scrafty
|-damage|p1a: Scrafty|56/100 psn
|move|p1a: Scrafty|Drain Punch|p2a: Mango
|-damage|p2a: Mango|0 fnt
|-heal|p1a: Scrafty|62/100 psn|[from] drain|[of] p2a: Mango
|faint|p2a: Mango
|
|-damage|p1a: Scrafty|50/100 psn|[from] psn
|upkeep
|inactive|CheifTheWalrus has 120 seconds left.
|
|t:|1760750373
|switch|p2a: Registered Firearm|Kingdra, M, shiny|100/100
|turn|4
|inactive|eucalipto69! has 120 seconds left.
|
|t:|1760750394
|move|p2a: Registered Firearm|Draco Meteor|p1a: Scrafty|[miss]
|-miss|p2a: Registered Firearm|p1a: Scrafty
|move|p1a: Scrafty|Knock Off|p2a: Registered Firearm
|-damage|p2a: Registered Firearm|49/100
|-enditem|p2a: Registered Firearm|Scope Lens|[from] move: Knock Off|[of] p1a: Scrafty
|
|-damage|p1a: Scrafty|38/100 psn|[from] psn
|upkeep
|turn|5
|
|t:|1760750402
|switch|p1a: Clefable|Clefable, M|100/100
|-status|p1a: Clefable|tox
|move|p2a: Registered Firearm|Draco Meteor|p1a: Clefable
|-immune|p1a: Clefable
|
|upkeep
|turn|6
|
|t:|1760750409
|move|p2a: Registered Firearm|Flash Cannon|p1a: Clefable
|-supereffective|p1a: Clefable
|-damage|p1a: Clefable|54/100 tox
|move|p1a: Clefable|Moonblast|p2a: Registered Firearm
|-supereffective|p2a: Registered Firearm
|-damage|p2a: Registered Firearm|0 fnt
|faint|p2a: Registered Firearm
|
|upkeep
|
|t:|1760750416
|switch|p2a: Get It?|Swalot, F|100/100
|turn|7
|
|t:|1760750425
|switch|p1a: Scrafty|Scrafty, M|38/100 psn
|-ability|p1a: Scrafty|Intimidate|boost
|-unboost|p2a: Get It?|atk|1
|move|p2a: Get It?|Stuff Cheeks|p2a: Get It?
|-boost|p2a: Get It?|def|2
|-enditem|p2a: Get It?|Petaya Berry|[eat]
|-boost|p2a: Get It?|spa|1|[from] item: Petaya Berry
|
|-damage|p1a: Scrafty|25/100 psn|[from] psn
|upkeep
|turn|8
|inactive|eucalipto69! has 120 seconds left.
|
|t:|1760750461
|switch|p1a: Meganium|Meganium, M|100/100
|-status|p1a: Meganium|tox
|move|p2a: Get It?|Belch|p1a: Meganium|[miss]
|-miss|p2a: Get It?|p1a: Meganium
|
|-damage|p1a: Meganium|94/100 tox|[from] psn
|upkeep
|turn|9
|
|t:|1760750469
|move|p2a: Get It?|Belch|p1a: Meganium
|-supereffective|p1a: Meganium
|-damage|p1a: Meganium|0 fnt
|faint|p1a: Meganium
|
|upkeep
|
|t:|1760750479
|switch|p1a: Skarmory|Skarmory, M|100/100
|turn|10
|
|t:|1760750491
|move|p1a: Skarmory|Stealth Rock|p2a: Get It?
|-sidestart|p2: CheifTheWalrus|move: Stealth Rock
|move|p2a: Get It?|Ice Beam|p1a: Skarmory
|-damage|p1a: Skarmory|60/100
|
|upkeep
|turn|11
|
|t:|1760750509
|move|p1a: Skarmory|Roost|p1a: Skarmory
|-heal|p1a: Skarmory|100/100
|-singleturn|p1a: Skarmory|move: Roost
|move|p2a: Get It?|Ice Beam|p1a: Skarmory
|-resisted|p1a: Skarmory
|-damage|p1a: Skarmory|80/100
|
|upkeep
|turn|12
|
|t:|1760750526
|switch|p1a: Scrafty|Scrafty, M|25/100 psn
|-ability|p1a: Scrafty|Intimidate|boost
|-unboost|p2a: Get It?|atk|1
|move|p2a: Get It?|Ice Beam|p1a: Scrafty
|-damage|p1a: Scrafty|6/100 psn
|
|-damage|p1a: Scrafty|0 fnt|[from] psn
|faint|p1a: Scrafty
|upkeep
|
|t:|1760750535
|switch|p1a: Pyroar|Pyroar, M|100/100
|-ability|p1a: Pyroar|Unnerve
|-status|p1a: Pyroar|tox
|turn|13
|
|t:|1760750549
|move|p1a: Pyroar|Overheat|p2a: Get It?
|-damage|p2a: Get It?|34/100
|-unboost|p1a: Pyroar|spa|2
|move|p2a: Get It?|Belch|p1a: Pyroar
|-damage|p1a: Pyroar|2/100 tox
|
|-damage|p1a: Pyroar|0 fnt|[from] psn
|faint|p1a: Pyroar
|upkeep
|
|t:|1760750564
|switch|p1a: Clefable|Clefable, M|54/100 tox
|turn|14
|
|t:|1760750570
|move|p1a: Clefable|Flamethrower|p2a: Get It?
|-damage|p2a: Get It?|0 fnt
|faint|p2a: Get It?
|
|upkeep
|
|t:|1760750574
|switch|p2a: друг|Necrozma|100/100
|-damage|p2a: друг|88/100|[from] Stealth Rock
|turn|15
|
|t:|1760750579
|move|p2a: друг|Calm Mind|p2a: друг
|-boost|p2a: друг|spa|1
|-boost|p2a: друг|spd|1
|move|p1a: Clefable|Shadow Ball|p2a: друг
|-supereffective|p2a: друг
|-damage|p2a: друг|57/100
|
|upkeep
|turn|16
|
|t:|1760750587
|move|p2a: друг|Calm Mind|p2a: друг
|-boost|p2a: друг|spa|1
|-boost|p2a: друг|spd|1
|move|p1a: Clefable|Shadow Ball|p2a: друг
|-supereffective|p2a: друг
|-damage|p2a: друг|33/100
|
|upkeep
|turn|17
|
|t:|1760750595
|move|p2a: друг|Rest|p2a: друг
|-status|p2a: друг|slp|[from] move: Rest
|-heal|p2a: друг|100/100 slp|[silent]
|-enditem|p2a: друг|Chesto Berry|[eat]
|-curestatus|p2a: друг|slp|[msg]
|move|p1a: Clefable|Shadow Ball|p2a: друг
|-supereffective|p2a: друг
|-damage|p2a: друг|79/100
|
|upkeep
|turn|18
|
|t:|1760750604
|move|p2a: друг|Photon Geyser|p1a: Clefable
|-damage|p1a: Clefable|0 fnt
|faint|p1a: Clefable
|
|upkeep
|
|t:|1760750606
|switch|p1a: Dragonite|Dragonite, F|100/100
|turn|19
|
|t:|1760750612
|move|p1a: Dragonite|Dragon Dance|p1a: Dragonite
|-boost|p1a: Dragonite|atk|1
|-boost|p1a: Dragonite|spe|1
|move|p2a: друг|Photon Geyser|p1a: Dragonite
|-damage|p1a: Dragonite|13/100
|
|upkeep
|turn|20
|
|t:|1760750620
|-terastallize|p1a: Dragonite|Normal
|move|p1a: Dragonite|Extreme Speed|p2a: друг
|-damage|p2a: друг|33/100
|move|p2a: друг|Photon Geyser|p1a: Dragonite
|-damage|p1a: Dragonite|0 fnt
|faint|p1a: Dragonite
|
|upkeep
|-message|eucalipto69! forfeited.
|
|win|CheifTheWalrus
|raw|eucalipto69!'s rating: 1159 &rarr; <strong>1131</strong><br />(-28 for losing)
|raw|CheifTheWalrus's rating: 1119 &rarr; <strong>1147</strong><br />(+28 for winning)
|l|☆eucalipto69!
|player|p1|
|l|☆CheifTheWalrus
|player|p2|
