|inactive|Battle timer is ON: inactive players will automatically lose when time's up.
|t:|1760818134
|gametype|singles
|player|p1|clean|#wcop2025ussouth2|
|player|p2|longestbanana|geeta|
|gen|9
|tier|[Gen 9] OU
|rule|HP Percentage Mod: HP is shown in percentages
|rule|Endless Battle Clause: Forcing endless battles is banned
|rule|Species Clause: Limit one of each Pokémon
|rule|OHKO Clause: OHKO moves are banned
|rule|Evasion Items Clause: Evasion items are banned
|rule|Evasion Moves Clause: Evasion moves are banned
|rule|Evasion Abilities Clause: Evasion abilities are banned
|rule|Sleep Moves Clause: Sleep-inducing moves are banned
|clearpoke
|poke|p1|Enamorus, F|
|poke|p1|Kingambit, F|
|poke|p1|Tornadus-Therian, M|
|poke|p1|Garganacl, F|
|poke|p1|Great Tusk|
|poke|p1|Amoonguss, F|
|poke|p2|Great Tusk|
|poke|p2|Hatterene, F|
|poke|p2|Raging Bolt|
|poke|p2|Walking Wake|
|poke|p2|Ninetales, F|
|poke|p2|Venusaur, M|
|teampreview
|inactive|clean also wants the timer to be on.
|c|☆longestbanana|hf
|c|☆clean|u2
|inactive|clean has 270 seconds left.
|inactive|longestbanana has 270 seconds left.
|inactive|clean has 240 seconds left.
|inactive|longestbanana has 240 seconds left.
|inactive|clean has 210 seconds left.
|
|t:|1760818235
|teamsize|p1|6
|teamsize|p2|6
|start
|switch|p1a: Tornadus|Tornadus-Therian, M|100/100
|switch|p2a: Ninetales|Ninetales, F|100/100
|-weather|SunnyDay|[from] ability: Drought|[of] p2a: Ninetales
|turn|1
|
|t:|1760818247
|move|p1a: Tornadus|Bleakwind Storm|p2a: Ninetales
|-damage|p2a: Ninetales|41/100
|move|p2a: Ninetales|Encore|p1a: Tornadus
|-start|p1a: Tornadus|Encore
|
|-weather|SunnyDay|[upkeep]
|upkeep
|turn|2
|
|t:|1760818263
|switch|p1a: Garganacl|Garganacl, F|100/100
|switch|p2a: Raging Bolt|Raging Bolt|100/100
|-activate|p2a: Raging Bolt|ability: Protosynthesis
|-start|p2a: Raging Bolt|protosynthesisspa
|
|-weather|SunnyDay|[upkeep]
|upkeep
|turn|3
|inactive|clean has 240 seconds left.
|inactive|clean has 210 seconds left.
|
|t:|1760818326
|move|p1a: Garganacl|Protect|p1a: Garganacl
|-singleturn|p1a: Garganacl|Protect
|move|p2a: Raging Bolt|Solar Beam||[still]
|-prepare|p2a: Raging Bolt|Solar Beam
|-anim|p2a: Raging Bolt|Solar Beam|p1a: Garganacl
|-activate|p1a: Garganacl|move: Protect
|
|-weather|SunnyDay|[upkeep]
|upkeep
|turn|4
|inactive|clean has 210 seconds left.
|
|t:|1760818350
|switch|p1a: Amoonguss|Amoonguss, F|100/100
|move|p2a: Raging Bolt|Solar Beam||[still]
|-prepare|p2a: Raging Bolt|Solar Beam
|-anim|p2a: Raging Bolt|Solar Beam|p1a: Amoonguss
|-resisted|p1a: Amoonguss
|-damage|p1a: Amoonguss|87/100
|
|-weather|SunnyDay|[upkeep]
|upkeep
|turn|5
|inactive|clean has 180 seconds left.
|inactive|clean has 150 seconds left.
|
|t:|1760818419
|switch|p1a: Garganacl|Garganacl, F|100/100
|move|p2a: Raging Bolt|Weather Ball|p1a: Garganacl
|-resisted|p1a: Garganacl
|-damage|p1a: Garganacl|70/100
|
|-weather|SunnyDay|[upkeep]
|-heal|p1a: Garganacl|76/100|[from] item: Leftovers
|upkeep
|turn|6
|
|t:|1760818424
|move|p1a: Garganacl|Protect|p1a: Garganacl
|-singleturn|p1a: Garganacl|Protect
|move|p2a: Raging Bolt|Solar Beam||[still]
|-prepare|p2a: Raging Bolt|Solar Beam
|-anim|p2a: Raging Bolt|Solar Beam|p1a: Garganacl
|-activate|p1a: Garganacl|move: Protect
|
|-weather|SunnyDay|[upkeep]
|-heal|p1a: Garganacl|83/100|[from] item: Leftovers
|upkeep
|turn|7
|
|t:|1760818433
|switch|p1a: Amoonguss|Amoonguss, F|100/100
|move|p2a: Raging Bolt|Solar Beam||[still]
|-prepare|p2a: Raging Bolt|Solar Beam
|-anim|p2a: Raging Bolt|Solar Beam|p1a: Amoonguss
|-resisted|p1a: Amoonguss
|-damage|p1a: Amoonguss|86/100
|
|-weather|SunnyDay|[upkeep]
|upkeep
|turn|8
|
|t:|1760818439
|switch|p1a: Tornadus|Tornadus-Therian, M|100/100
|move|p2a: Raging Bolt|Weather Ball|p1a: Tornadus
|-damage|p1a: Tornadus|10/100
|
|-weather|none
|-end|p2a: Raging Bolt|Protosynthesis
|upkeep
|turn|9
|
|t:|1760818453
|switch|p1a: Enamorus|Enamorus, F|100/100
|move|p2a: Raging Bolt|Dragon Pulse|p1a: Enamorus
|-immune|p1a: Enamorus
|
|upkeep
|turn|10
|
|t:|1760818474
|switch|p1a: Garganacl|Garganacl, F|83/100
|-end|p2a: Raging Bolt|Protosynthesis|[silent]
|switch|p2a: Walking Wake|Walking Wake|100/100
|
|-heal|p1a: Garganacl|89/100|[from] item: Leftovers
|upkeep
|turn|11
|
|t:|1760818498
|-terastallize|p1a: Garganacl|Water
|move|p2a: Walking Wake|Flip Turn|p1a: Garganacl
|-resisted|p1a: Garganacl
|-damage|p1a: Garganacl|84/100
|
|t:|1760818502
|-end|p2a: Walking Wake|Protosynthesis|[silent]
|switch|p2a: Hatterene|Hatterene, F|100/100|[from] Flip Turn
|move|p1a: Garganacl|Salt Cure|p2a: Hatterene
|-damage|p2a: Hatterene|89/100
|-start|p2a: Hatterene|Salt Cure
|-enditem|p2a: Hatterene|Eject Button
|inactive|longestbanana has 270 seconds left.
|
|t:|1760818529
|switch|p2a: Ninetales|Ninetales, F|41/100
|-weather|SunnyDay|[from] ability: Drought|[of] p2a: Ninetales
|
|-weather|SunnyDay|[upkeep]
|-heal|p1a: Garganacl|90/100|[from] item: Leftovers
|upkeep
|turn|12
|inactive|longestbanana has 270 seconds left.
|
|t:|1760818548
|switch|p2a: Venusaur|Venusaur, M|100/100
|move|p1a: Garganacl|Salt Cure|p2a: Venusaur
|-damage|p2a: Venusaur|82/100
|-start|p2a: Venusaur|Salt Cure
|
|-weather|SunnyDay|[upkeep]
|-heal|p1a: Garganacl|96/100|[from] item: Leftovers
|-damage|p2a: Venusaur|70/100|[from] Salt Cure
|upkeep
|turn|13
|inactive|clean has 180 seconds left.
|inactive|longestbanana has 270 seconds left.
|inactive|clean has 150 seconds left.
|inactive|longestbanana has 240 seconds left.
|
|t:|1760818598
|move|p2a: Venusaur|Giga Drain|p1a: Garganacl
|-supereffective|p1a: Garganacl
|-damage|p1a: Garganacl|30/100
|-heal|p2a: Venusaur|100/100|[from] drain|[of] p1a: Garganacl
|-damage|p2a: Venusaur|91/100|[from] item: Life Orb
|move|p1a: Garganacl|Stealth Rock|p2a: Venusaur
|-sidestart|p2: longestbanana|move: Stealth Rock
|
|-weather|SunnyDay|[upkeep]
|-heal|p1a: Garganacl|36/100|[from] item: Leftovers
|-damage|p2a: Venusaur|78/100|[from] Salt Cure
|upkeep
|turn|14
|inactive|longestbanana has 240 seconds left.
|
|t:|1760818621
|move|p1a: Garganacl|Protect|p1a: Garganacl
|-singleturn|p1a: Garganacl|Protect
|move|p2a: Venusaur|Growth|p2a: Venusaur
|-boost|p2a: Venusaur|atk|2
|-boost|p2a: Venusaur|spa|2
|
|-weather|SunnyDay|[upkeep]
|-heal|p1a: Garganacl|42/100|[from] item: Leftovers
|-damage|p2a: Venusaur|66/100|[from] Salt Cure
|upkeep
|turn|15
|
|t:|1760818645
|switch|p1a: Amoonguss|Amoonguss, F|100/100
|move|p2a: Venusaur|Giga Drain|p1a: Amoonguss
|-resisted|p1a: Amoonguss
|-damage|p1a: Amoonguss|82/100
|-heal|p2a: Venusaur|80/100|[from] drain|[of] p1a: Amoonguss
|-damage|p2a: Venusaur|70/100|[from] item: Life Orb
|
|-weather|SunnyDay|[upkeep]
|-damage|p2a: Venusaur|57/100|[from] Salt Cure
|upkeep
|turn|16
|
|t:|1760818658
|move|p2a: Venusaur|Weather Ball|p1a: Amoonguss
|-supereffective|p1a: Amoonguss
|-damage|p1a: Amoonguss|0 fnt
|faint|p1a: Amoonguss
|-damage|p2a: Venusaur|47/100|[from] item: Life Orb
|
|-weather|SunnyDay|[upkeep]
|-damage|p2a: Venusaur|35/100|[from] Salt Cure
|upkeep
|
|t:|1760818667
|switch|p1a: Kingambit|Kingambit, F|100/100
|-activate|p1a: Kingambit|ability: Supreme Overlord
|-start|p1a: Kingambit|fallen1|[silent]
|turn|17
|
|t:|1760818679
|switch|p2a: Great Tusk|Great Tusk|100/100
|-damage|p2a: Great Tusk|98/100|[from] Stealth Rock
|-activate|p2a: Great Tusk|ability: Protosynthesis
|-start|p2a: Great Tusk|protosynthesisatk
|-end|p1a: Kingambit|fallen1|[silent]
|switch|p1a: Enamorus|Enamorus, F|100/100
|
|-weather|SunnyDay|[upkeep]
|upkeep
|turn|18
|inactive|longestbanana has 210 seconds left.
|
|t:|1760818711
|-end|p2a: Great Tusk|Protosynthesis|[silent]
|switch|p2a: Hatterene|Hatterene, F|89/100
|-damage|p2a: Hatterene|77/100|[from] Stealth Rock
|move|p1a: Enamorus|Moonblast|p2a: Hatterene
|-damage|p2a: Hatterene|16/100
|-unboost|p2a: Hatterene|spa|1
|
|-weather|none
|upkeep
|turn|19
|inactive|longestbanana has 210 seconds left.
|
|t:|1760818729
|move|p1a: Enamorus|Moonblast|p2a: Hatterene
|-damage|p2a: Hatterene|0 fnt
|faint|p2a: Hatterene
|
|upkeep
|
|t:|1760818741
|switch|p2a: Raging Bolt|Raging Bolt|100/100
|-damage|p2a: Raging Bolt|88/100|[from] Stealth Rock
|turn|20
|
|t:|1760818754
|switch|p1a: Tornadus|Tornadus-Therian, M|43/100
|-end|p2a: Raging Bolt|Protosynthesis|[silent]
|switch|p2a: Ninetales|Ninetales, F|41/100
|-damage|p2a: Ninetales|16/100|[from] Stealth Rock
|-weather|SunnyDay|[from] ability: Drought|[of] p2a: Ninetales
|
|-weather|SunnyDay|[upkeep]
|upkeep
|turn|21
|
|t:|1760818774
|switch|p2a: Raging Bolt|Raging Bolt|88/100
|-damage|p2a: Raging Bolt|76/100|[from] Stealth Rock
|-activate|p2a: Raging Bolt|ability: Protosynthesis
|-start|p2a: Raging Bolt|protosynthesisspa
|move|p1a: Tornadus|Dark Pulse|p2a: Raging Bolt
|-damage|p2a: Raging Bolt|54/100
|
|-weather|SunnyDay|[upkeep]
|upkeep
|turn|22
|inactive|longestbanana has 210 seconds left.
|
|t:|1760818792
|move|p1a: Tornadus|Dark Pulse|p2a: Raging Bolt
|-damage|p2a: Raging Bolt|32/100
|move|p2a: Raging Bolt|Weather Ball|p1a: Tornadus
|-damage|p1a: Tornadus|0 fnt
|faint|p1a: Tornadus
|
|-weather|SunnyDay|[upkeep]
|upkeep
|inactive|clean has 120 seconds left.
|
|t:|1760818813
|switch|p1a: Great Tusk|Great Tusk|100/100
|-activate|p1a: Great Tusk|ability: Protosynthesis
|-start|p1a: Great Tusk|protosynthesisatk
|turn|23
|inactive|clean has 120 seconds left.
|inactive|longestbanana has 210 seconds left.
|
|t:|1760818839
|move|p1a: Great Tusk|Ice Spinner|p2a: Raging Bolt
|-supereffective|p2a: Raging Bolt
|-damage|p2a: Raging Bolt|0 fnt
|faint|p2a: Raging Bolt
|-end|p2a: Raging Bolt|Protosynthesis|[silent]
|
|-weather|SunnyDay|[upkeep]
|upkeep
|inactive|longestbanana has 180 seconds left.
|
|t:|1760818866
|switch|p2a: Walking Wake|Walking Wake|100/100
|-damage|p2a: Walking Wake|88/100|[from] Stealth Rock
|-activate|p2a: Walking Wake|ability: Protosynthesis
|-start|p2a: Walking Wake|protosynthesisspe
|turn|24
|inactive|clean has 120 seconds left.
|inactive|longestbanana has 150 seconds left.
|
|t:|1760818898
|move|p2a: Walking Wake|Hydro Steam|p1a: Great Tusk
|-supereffective|p1a: Great Tusk
|-damage|p1a: Great Tusk|0 fnt
|faint|p1a: Great Tusk
|-end|p1a: Great Tusk|Protosynthesis|[silent]
|
|-weather|SunnyDay|[upkeep]
|upkeep
|
|t:|1760818912
|switch|p1a: Garganacl|Garganacl, F, tera:Water|42/100
|turn|25
|inactive|clean has 90 seconds left.
|inactive|longestbanana has 150 seconds left.
|inactive|longestbanana has 120 seconds left.
|inactive|clean has 60 seconds left.
|
|t:|1760818976
|-end|p2a: Walking Wake|Protosynthesis|[silent]
|switch|p2a: Great Tusk|Great Tusk|98/100
|-damage|p2a: Great Tusk|95/100|[from] Stealth Rock
|-activate|p2a: Great Tusk|ability: Protosynthesis
|-start|p2a: Great Tusk|protosynthesisatk
|move|p1a: Garganacl|Recover|p1a: Garganacl
|-heal|p1a: Garganacl|92/100
|
|-weather|SunnyDay|[upkeep]
|-heal|p1a: Garganacl|98/100|[from] item: Leftovers
|upkeep
|turn|26
|inactive|clean has 60 seconds left.
|
|t:|1760818995
|move|p2a: Great Tusk|Rapid Spin|p1a: Garganacl
|-damage|p1a: Garganacl|84/100
|-boost|p2a: Great Tusk|spe|1
|-sideend|p2: longestbanana|Stealth Rock|[from] move: Rapid Spin|[of] p2a: Great Tusk
|move|p1a: Garganacl|Salt Cure|p2a: Great Tusk
|-resisted|p2a: Great Tusk
|-damage|p2a: Great Tusk|92/100
|-start|p2a: Great Tusk|Salt Cure
|
|-weather|SunnyDay|[upkeep]
|-heal|p1a: Garganacl|91/100|[from] item: Leftovers
|-damage|p2a: Great Tusk|79/100|[from] Salt Cure
|upkeep
|turn|27
|inactive|clean has 60 seconds left.
|inactive|longestbanana has 90 seconds left.
|inactive|longestbanana has 60 seconds left.
|
|t:|1760819075
|move|p2a: Great Tusk|Headlong Rush|p1a: Garganacl
|-crit|p1a: Garganacl
|-damage|p1a: Garganacl|17/100
|-unboost|p2a: Great Tusk|def|1
|-unboost|p2a: Great Tusk|spd|1
|move|p1a: Garganacl|Stealth Rock|p2a: Great Tusk
|-sidestart|p2: longestbanana|move: Stealth Rock
|
|-weather|none
|-end|p2a: Great Tusk|Protosynthesis
|-heal|p1a: Garganacl|23/100|[from] item: Leftovers
|-damage|p2a: Great Tusk|67/100|[from] Salt Cure
|upkeep
|turn|28
|c|+BlazingDark|Nice joke
|inactive|longestbanana has 30 seconds left.
|
|t:|1760819095
|move|p1a: Garganacl|Protect|p1a: Garganacl
|-singleturn|p1a: Garganacl|Protect
|move|p2a: Great Tusk|Rapid Spin|p1a: Garganacl
|-activate|p1a: Garganacl|move: Protect
|
|-heal|p1a: Garganacl|29/100|[from] item: Leftovers
|-damage|p2a: Great Tusk|55/100|[from] Salt Cure
|upkeep
|turn|29
|inactive|longestbanana has 30 seconds left.
|
|t:|1760819101
|move|p2a: Great Tusk|Rapid Spin|p1a: Garganacl
|-crit|p1a: Garganacl
|-damage|p1a: Garganacl|14/100
|-boost|p2a: Great Tusk|spe|1
|-sideend|p2: longestbanana|Stealth Rock|[from] move: Rapid Spin|[of] p2a: Great Tusk
|move|p1a: Garganacl|Recover|p1a: Garganacl
|-heal|p1a: Garganacl|64/100
|
|-heal|p1a: Garganacl|70/100|[from] item: Leftovers
|-damage|p2a: Great Tusk|42/100|[from] Salt Cure
|upkeep
|turn|30
|inactive|clean has 60 seconds left.
|
|t:|1760819107
|-end|p2a: Great Tusk|Protosynthesis|[silent]
|switch|p2a: Ninetales|Ninetales, F|16/100
|-weather|SunnyDay|[from] ability: Drought|[of] p2a: Ninetales
|move|p1a: Garganacl|Stealth Rock|p2a: Ninetales
|-sidestart|p2: longestbanana|move: Stealth Rock
|
|-weather|SunnyDay|[upkeep]
|-heal|p1a: Garganacl|76/100|[from] item: Leftovers
|upkeep
|turn|31
|inactive|clean has 60 seconds left.
|
|t:|1760819120
|switch|p1a: Enamorus|Enamorus, F|100/100
|move|p2a: Ninetales|Healing Wish|p2a: Ninetales
|faint|p2a: Ninetales
|
|-weather|SunnyDay|[upkeep]
|upkeep
|
|t:|1760819131
|switch|p2a: Venusaur|Venusaur, M|35/100
|-heal|p2a: Venusaur|100/100|[from] move: Healing Wish
|-damage|p2a: Venusaur|88/100|[from] Stealth Rock
|turn|32
|inactive|longestbanana has 30 seconds left.
|
|t:|1760819153
|move|p2a: Venusaur|Growth|p2a: Venusaur
|-boost|p2a: Venusaur|atk|2
|-boost|p2a: Venusaur|spa|2
|move|p1a: Enamorus|Earth Power|p2a: Venusaur
|-damage|p2a: Venusaur|45/100
|
|-weather|SunnyDay|[upkeep]
|upkeep
|turn|33
|inactive|clean has 60 seconds left.
|
|t:|1760819182
|move|p2a: Venusaur|Weather Ball|p1a: Enamorus
|-damage|p1a: Enamorus|0 fnt
|faint|p1a: Enamorus
|-damage|p2a: Venusaur|35/100|[from] item: Life Orb
|
|-weather|SunnyDay|[upkeep]
|upkeep
|
|t:|1760819188
|switch|p1a: Kingambit|Kingambit, F|100/100
|-activate|p1a: Kingambit|ability: Supreme Overlord
|-start|p1a: Kingambit|fallen4|[silent]
|turn|34
|inactive|clean has 60 seconds left.
|inactive|longestbanana has 30 seconds left.
|
|t:|1760819213
|switch|p2a: Great Tusk|Great Tusk|42/100
|-damage|p2a: Great Tusk|39/100|[from] Stealth Rock
|-activate|p2a: Great Tusk|ability: Protosynthesis
|-start|p2a: Great Tusk|protosynthesisatk
|-end|p1a: Kingambit|fallen4|[silent]
|switch|p1a: Garganacl|Garganacl, F, tera:Water|76/100
|
|-weather|SunnyDay|[upkeep]
|-heal|p1a: Garganacl|83/100|[from] item: Leftovers
|upkeep
|turn|35
|inactive|longestbanana has 30 seconds left.
|inactive|longestbanana has 20 seconds left.
|
|t:|1760819239
|-end|p2a: Great Tusk|Protosynthesis|[silent]
|switch|p2a: Venusaur|Venusaur, M|35/100
|-damage|p2a: Venusaur|22/100|[from] Stealth Rock
|move|p1a: Garganacl|Salt Cure|p2a: Venusaur
|-damage|p2a: Venusaur|3/100
|-start|p2a: Venusaur|Salt Cure
|
|-weather|SunnyDay|[upkeep]
|-heal|p1a: Garganacl|89/100|[from] item: Leftovers
|-damage|p2a: Venusaur|0 fnt|[from] Salt Cure
|faint|p2a: Venusaur
|upkeep
|inactive|longestbanana has 25 seconds left this turn.
|inactive|longestbanana has 20 seconds left.
|inactive|longestbanana has 15 seconds left.
|inactive|longestbanana has 10 seconds left.
|
|t:|1760819259
|switch|p2a: Walking Wake|Walking Wake|88/100
|-damage|p2a: Walking Wake|76/100|[from] Stealth Rock
|-activate|p2a: Walking Wake|ability: Protosynthesis
|-start|p2a: Walking Wake|protosynthesisspe
|turn|36
|inactive|longestbanana has 20 seconds left this turn.
|inactive|longestbanana has 15 seconds left.
|
|t:|1760819265
|move|p1a: Garganacl|Protect|p1a: Garganacl
|-singleturn|p1a: Garganacl|Protect
|move|p2a: Walking Wake|Draco Meteor|p1a: Garganacl
|-activate|p1a: Garganacl|move: Protect
|
|-weather|SunnyDay|[upkeep]
|-heal|p1a: Garganacl|95/100|[from] item: Leftovers
|upkeep
|turn|37
|inactive|longestbanana has 25 seconds left this turn.
|
|t:|1760819269
|-terastallize|p2a: Walking Wake|Stellar
|move|p2a: Walking Wake|Draco Meteor|p1a: Garganacl
|-damage|p1a: Garganacl|21/100
|-unboost|p2a: Walking Wake|spa|2
|move|p1a: Garganacl|Recover|p1a: Garganacl
|-heal|p1a: Garganacl|71/100
|
|-weather|none
|-end|p2a: Walking Wake|Protosynthesis
|-heal|p1a: Garganacl|77/100|[from] item: Leftovers
|upkeep
|turn|38
|inactive|longestbanana has 30 seconds left.
|
|t:|1760819274
|move|p2a: Walking Wake|Draco Meteor|p1a: Garganacl
|-damage|p1a: Garganacl|49/100
|-unboost|p2a: Walking Wake|spa|2
|move|p1a: Garganacl|Salt Cure|p2a: Walking Wake
|-damage|p2a: Walking Wake|61/100
|-start|p2a: Walking Wake|Salt Cure
|
|-heal|p1a: Garganacl|56/100|[from] item: Leftovers
|-damage|p2a: Walking Wake|36/100|[from] Salt Cure
|upkeep
|turn|39
|
|t:|1760819279
|move|p2a: Walking Wake|Draco Meteor|p1a: Garganacl
|-damage|p1a: Garganacl|37/100
|-unboost|p2a: Walking Wake|spa|2
|move|p1a: Garganacl|Recover|p1a: Garganacl
|-heal|p1a: Garganacl|87/100
|
|-heal|p1a: Garganacl|93/100|[from] item: Leftovers
|-damage|p2a: Walking Wake|11/100|[from] Salt Cure
|upkeep
|turn|40
|
|t:|1760819283
|move|p1a: Garganacl|Protect|p1a: Garganacl
|-singleturn|p1a: Garganacl|Protect
|move|p2a: Walking Wake|Draco Meteor|p1a: Garganacl
|-activate|p1a: Garganacl|move: Protect
|
|-heal|p1a: Garganacl|99/100|[from] item: Leftovers
|-damage|p2a: Walking Wake|0 fnt|[from] Salt Cure
|faint|p2a: Walking Wake
|-end|p2a: Walking Wake|Protosynthesis|[silent]
|upkeep
|
|t:|1760819284
|switch|p2a: Great Tusk|Great Tusk|39/100
|-damage|p2a: Great Tusk|36/100|[from] Stealth Rock
|turn|41
|
|t:|1760819286
|move|p2a: Great Tusk|Rapid Spin|p1a: Garganacl
|-damage|p1a: Garganacl|88/100
|-boost|p2a: Great Tusk|spe|1
|-sideend|p2: longestbanana|Stealth Rock|[from] move: Rapid Spin|[of] p2a: Great Tusk
|move|p1a: Garganacl|Salt Cure|p2a: Great Tusk
|-resisted|p2a: Great Tusk
|-damage|p2a: Great Tusk|34/100
|-start|p2a: Great Tusk|Salt Cure
|
|-heal|p1a: Garganacl|95/100|[from] item: Leftovers
|-damage|p2a: Great Tusk|21/100|[from] Salt Cure
|upkeep
|turn|42
|
|t:|1760819289
|move|p1a: Garganacl|Protect|p1a: Garganacl
|-singleturn|p1a: Garganacl|Protect
|move|p2a: Great Tusk|Headlong Rush|p1a: Garganacl
|-activate|p1a: Garganacl|move: Protect
|
|-heal|p1a: Garganacl|100/100|[from] item: Leftovers
|-damage|p2a: Great Tusk|9/100|[from] Salt Cure
|upkeep
|turn|43
|
|t:|1760819291
|move|p2a: Great Tusk|Headlong Rush|p1a: Garganacl
|-damage|p1a: Garganacl|62/100
|-unboost|p2a: Great Tusk|def|1
|-unboost|p2a: Great Tusk|spd|1
|move|p1a: Garganacl|Recover|p1a: Garganacl
|-heal|p1a: Garganacl|100/100
|
|-damage|p2a: Great Tusk|0 fnt|[from] Salt Cure
|faint|p2a: Great Tusk
|-end|p2a: Great Tusk|Protosynthesis|[silent]
|
|win|clean
|c|☆clean|gg
|c|☆longestbanana|gg
