|j|☆thodoras edition
|j|☆zxcj1221
|t:|1760835825
|gametype|singles
|player|p1|thodoras edition|101|1569
|player|p2|zxcj1221|266|1646
|gen|9
|tier|[Gen 9] OU
|rated|
|rule|HP Percentage Mod: HP is shown in percentages
|rule|Endless Battle Clause: Forcing endless battles is banned
|rule|Species Clause: Limit one of each Pokémon
|rule|OHKO Clause: OHKO moves are banned
|rule|Evasion Items Clause: Evasion items are banned
|rule|Evasion Moves Clause: Evasion moves are banned
|rule|Evasion Abilities Clause: Evasion abilities are banned
|rule|Sleep Moves Clause: Sleep-inducing moves are banned
|clearpoke
|poke|p1|Ninetales, F|
|poke|p1|Cinderace, F|
|poke|p1|Walking Wake|
|poke|p1|Dragonite, F|
|poke|p1|Great Tusk|
|poke|p1|Cresselia, F|
|poke|p2|Pelipper, F|
|poke|p2|Greninja-*, M|
|poke|p2|Basculegion, M|
|poke|p2|Sandy Shocks|
|poke|p2|Poliwrath, M|
|poke|p2|Manaphy|
|teampreview
|
|t:|1760835842
|teamsize|p1|6
|teamsize|p2|6
|start
|switch|p1a: Great Tusk|Great Tusk|100/100
|switch|p2a: Sandy Shocks|Sandy Shocks|100/100
|-enditem|p2a: Sandy Shocks|Booster Energy
|-activate|p2a: Sandy Shocks|ability: Protosynthesis|[fromitem]
|-start|p2a: Sandy Shocks|protosynthesisspe
|turn|1
|
|t:|1760835859
|-terastallize|p1a: Great Tusk|Steel
|move|p2a: Sandy Shocks|Stealth Rock|p1a: Great Tusk
|-sidestart|p1: thodoras edition|move: Stealth Rock
|move|p1a: Great Tusk|Close Combat|p2a: Sandy Shocks
|-damage|p2a: Sandy Shocks|46/100
|-unboost|p1a: Great Tusk|def|1
|-unboost|p1a: Great Tusk|spd|1
|-enditem|p1a: Great Tusk|Eject Pack
|inactive|Battle timer is ON: inactive players will automatically lose when time's up. (requested by zxcj1221)
|
|t:|1760835876
|-end|p1a: Great Tusk|Protosynthesis|[silent]
|switch|p1a: Cinderace|Cinderace, F|100/100
|-damage|p1a: Cinderace|76/100|[from] Stealth Rock
|
|upkeep
|turn|2
|
|t:|1760835879
|move|p1a: Cinderace|Pyro Ball|p2a: Sandy Shocks
|-damage|p2a: Sandy Shocks|0 fnt
|faint|p2a: Sandy Shocks
|-end|p2a: Sandy Shocks|Protosynthesis|[silent]
|
|upkeep
|
|t:|1760835890
|switch|p2a: Pelipper|Pelipper, F|100/100
|-weather|RainDance|[from] ability: Drizzle|[of] p2a: Pelipper
|turn|3
|
|t:|1760835896
|switch|p1a: Ninetales|Ninetales, F|100/100
|-damage|p1a: Ninetales|76/100|[from] Stealth Rock
|-weather|SunnyDay|[from] ability: Drought|[of] p1a: Ninetales
|move|p2a: Pelipper|Surf|p1a: Ninetales
|-supereffective|p1a: Ninetales
|-damage|p1a: Ninetales|28/100
|
|-weather|SunnyDay|[upkeep]
|upkeep
|turn|4
|
|t:|1760835909
|switch|p1a: Cresselia|Cresselia, F|100/100
|-damage|p1a: Cresselia|88/100|[from] Stealth Rock
|move|p2a: Pelipper|U-turn|p1a: Cresselia
|-supereffective|p1a: Cresselia
|-damage|p1a: Cresselia|78/100
|-enditem|p1a: Cresselia|Eject Button
|
|t:|1760835926
|switch|p1a: Walking Wake|Walking Wake|100/100
|-damage|p1a: Walking Wake|88/100|[from] Stealth Rock
|-activate|p1a: Walking Wake|ability: Protosynthesis
|-start|p1a: Walking Wake|protosynthesisspa
|
|-weather|SunnyDay|[upkeep]
|upkeep
|turn|5
|inactive|zxcj1221 has 120 seconds left.
|
|t:|1760835959
|switch|p2a: Poliwrath|Poliwrath, M|100/100
|move|p1a: Walking Wake|Dragon Pulse|p2a: Poliwrath
|-damage|p2a: Poliwrath|0 fnt
|faint|p2a: Poliwrath
|
|-weather|SunnyDay|[upkeep]
|upkeep
|
|t:|1760835961
|switch|p2a: Pelipper|Pelipper, F|100/100
|-weather|RainDance|[from] ability: Drizzle|[of] p2a: Pelipper
|-end|p1a: Walking Wake|Protosynthesis
|turn|6
|
|t:|1760835972
|move|p1a: Walking Wake|Dragon Pulse|p2a: Pelipper
|-damage|p2a: Pelipper|0 fnt
|faint|p2a: Pelipper
|
|-weather|RainDance|[upkeep]
|upkeep
|
|t:|1760835979
|switch|p2a: Basculegion|Basculegion, M|100/100
|turn|7
|
|t:|1760835985
|-end|p1a: Walking Wake|Protosynthesis|[silent]
|switch|p1a: Ninetales|Ninetales, F|28/100
|-damage|p1a: Ninetales|3/100|[from] Stealth Rock
|-weather|SunnyDay|[from] ability: Drought|[of] p1a: Ninetales
|-terastallize|p2a: Basculegion|Water
|move|p2a: Basculegion|Wave Crash|p1a: Ninetales
|-supereffective|p1a: Ninetales
|-damage|p1a: Ninetales|0 fnt
|faint|p1a: Ninetales
|-damage|p2a: Basculegion|99/100|[from] Recoil
|
|-weather|SunnyDay|[upkeep]
|upkeep
|
|t:|1760835998
|switch|p1a: Great Tusk|Great Tusk, tera:Steel|100/100
|-damage|p1a: Great Tusk|94/100|[from] Stealth Rock
|-activate|p1a: Great Tusk|ability: Protosynthesis
|-start|p1a: Great Tusk|protosynthesisspe
|turn|8
|
|t:|1760836001
|move|p1a: Great Tusk|Rapid Spin|p2a: Basculegion
|-damage|p2a: Basculegion|82/100
|-boost|p1a: Great Tusk|spe|1
|-sideend|p1: thodoras edition|Stealth Rock|[from] move: Rapid Spin|[of] p1a: Great Tusk
|move|p2a: Basculegion|Wave Crash|p1a: Great Tusk
|-damage|p1a: Great Tusk|55/100
|-damage|p2a: Basculegion|67/100|[from] Recoil
|
|-weather|SunnyDay|[upkeep]
|upkeep
|turn|9
|-message|zxcj1221 forfeited.
|
|win|thodoras edition
|raw|thodoras edition's rating: 1569 &rarr; <strong>1593</strong><br />(+24 for winning)
|raw|zxcj1221's rating: 1646 &rarr; <strong>1622</strong><br />(-24 for losing)
|l|☆zxcj1221
|player|p2|
|l|☆thodoras edition
|player|p1|
