|j|☆TrickzterSS
|j|☆OGar9
|t:|1760769967
|gametype|singles
|player|p1|TrickzterSS|swimmerf-gen4|1231
|player|p2|OGar9|lance|1215
|gen|9
|tier|[Gen 9] OU
|rated|
|rule|HP Percentage Mod: HP is shown in percentages
|rule|Endless Battle Clause: Forcing endless battles is banned
|rule|Species Clause: Limit one of each Pokémon
|rule|OHKO Clause: OHKO moves are banned
|rule|Evasion Items Clause: Evasion items are banned
|rule|Evasion Moves Clause: Evasion moves are banned
|rule|Evasion Abilities Clause: Evasion abilities are banned
|rule|Sleep Moves Clause: Sleep-inducing moves are banned
|clearpoke
|poke|p1|Ogerpon-Wellspring, F|
|poke|p1|Skeledirge, F|
|poke|p1|Garchomp, M|
|poke|p1|Slowking-Galar, F|
|poke|p1|Corviknight, F|
|poke|p1|Darkrai|
|poke|p2|Darkrai|
|poke|p2|Walking Wake|
|poke|p2|Corviknight, M|
|poke|p2|Landorus-Therian, M|
|poke|p2|Entei|
|poke|p2|Slowking-Galar, F|
|teampreview
|
|t:|1760769979
|teamsize|p1|6
|teamsize|p2|6
|start
|switch|p1a: Slowking|Slowking-Galar, F|100/100
|switch|p2a: Tyrex|Walking Wake|100/100
|turn|1
|
|t:|1760769984
|move|p2a: Tyrex|Flip Turn|p1a: Slowking
|-damage|p1a: Slowking|85/100
|
|t:|1760769988
|-end|p2a: Tyrex|Protosynthesis|[silent]
|switch|p2a: Mufasa|Landorus-Therian, M|100/100|[from] Flip Turn
|-ability|p2a: Mufasa|Intimidate|boost
|-unboost|p1a: Slowking|atk|1
|move|p1a: Slowking|Thunder Wave|p2a: Mufasa
|-immune|p2a: Mufasa
|
|upkeep
|turn|2
|
|t:|1760769994
|switch|p1a: Corviknight|Corviknight, F, shiny|100/100
|-ability|p1a: Corviknight|Pressure
|move|p2a: Mufasa|Stealth Rock|p1a: Corviknight
|-sidestart|p1: TrickzterSS|move: Stealth Rock
|
|upkeep
|turn|3
|
|t:|1760770024
|switch|p2a: Scar|Entei, shiny|100/100
|-ability|p2a: Scar|Pressure
|move|p1a: Corviknight|Defog|p2a: Scar
|-unboost|p2a: Scar|evasion|1
|-sideend|p1: TrickzterSS|Stealth Rock|[from] move: Defog|[of] p1a: Corviknight
|
|upkeep
|turn|4
|
|t:|1760770036
|switch|p1a: Slowking|Slowking-Galar, F|100/100
|move|p2a: Scar|Sacred Fire|p1a: Slowking
|-damage|p1a: Slowking|27/100
|
|upkeep
|turn|5
|
|t:|1760770052
|switch|p1a: Skeledirge|Skeledirge, F|100/100
|move|p2a: Scar|Sacred Fire|p1a: Skeledirge
|-resisted|p1a: Skeledirge
|-damage|p1a: Skeledirge|70/100
|
|-heal|p1a: Skeledirge|76/100|[from] item: Leftovers
|upkeep
|turn|6
|
|t:|1760770066
|switch|p2a: Tyrex|Walking Wake|100/100
|move|p1a: Skeledirge|Torch Song|p2a: Tyrex
|-resisted|p2a: Tyrex
|-damage|p2a: Tyrex|89/100
|-boost|p1a: Skeledirge|spa|1
|
|-heal|p1a: Skeledirge|83/100|[from] item: Leftovers
|upkeep
|turn|7
|
|t:|1760770079
|switch|p1a: Slowking|Slowking-Galar, F|60/100
|move|p2a: Tyrex|Flip Turn|p1a: Slowking
|-damage|p1a: Slowking|44/100
|
|t:|1760770090
|-end|p2a: Tyrex|Protosynthesis|[silent]
|switch|p2a: .|Darkrai|100/100|[from] Flip Turn
|
|upkeep
|turn|8
|
|t:|1760770094
|switch|p1a: Corviknight|Corviknight, F, shiny|100/100
|-ability|p1a: Corviknight|Pressure
|move|p2a: .|Substitute|p2a: .
|-start|p2a: .|Substitute
|-damage|p2a: .|76/100
|
|-heal|p2a: .|82/100|[from] item: Leftovers
|upkeep
|turn|9
|
|t:|1760770108
|move|p2a: .|Nasty Plot|p2a: .
|-boost|p2a: .|spa|2
|move|p1a: Corviknight|Brave Bird|p2a: .
|-end|p2a: .|Substitute
|-damage|p1a: Corviknight|95/100|[from] Recoil|[of] p2a: .
|
|-heal|p2a: .|88/100|[from] item: Leftovers
|upkeep
|turn|10
|
|t:|1760770117
|move|p2a: .|Dark Pulse|p1a: Corviknight
|-damage|p1a: Corviknight|4/100
|move|p1a: Corviknight|Brave Bird|p2a: .
|-damage|p2a: .|40/100
|-damage|p1a: Corviknight|0 fnt|[from] Recoil
|faint|p1a: Corviknight
|
|-heal|p2a: .|46/100|[from] item: Leftovers
|upkeep
|
|t:|1760770125
|switch|p1a: Darkrai|Darkrai, shiny|100/100
|turn|11
|
|t:|1760770131
|move|p1a: Darkrai|Dark Pulse|p2a: .
|-resisted|p2a: .
|-damage|p2a: .|18/100
|move|p2a: .|Ice Beam|p1a: Darkrai
|-damage|p1a: Darkrai|13/100
|
|-heal|p2a: .|24/100|[from] item: Leftovers
|upkeep
|turn|12
|
|t:|1760770150
|switch|p2a: Krama|Corviknight, M, shiny|100/100
|-ability|p2a: Krama|Pressure
|move|p1a: Darkrai|Dark Pulse|p2a: Krama
|-damage|p2a: Krama|58/100
|
|upkeep
|turn|13
|
|t:|1760770158
|switch|p1a: Garchomp|Garchomp, M|100/100
|move|p2a: Krama|U-turn|p1a: Garchomp
|-damage|p1a: Garchomp|87/100
|-damage|p2a: Krama|46/100|[from] ability: Rough Skin|[of] p1a: Garchomp
|
|t:|1760770166
|switch|p2a: .|Darkrai|24/100|[from] U-turn
|
|-heal|p2a: .|30/100|[from] item: Leftovers
|upkeep
|turn|14
|
|t:|1760770179
|-terastallize|p1a: Garchomp|Steel
|move|p2a: .|Ice Beam|p1a: Garchomp
|-resisted|p1a: Garchomp
|-damage|p1a: Garchomp|69/100
|-status|p1a: Garchomp|frz
|cant|p1a: Garchomp|frz
|
|-heal|p2a: .|36/100|[from] item: Leftovers
|upkeep
|turn|15
|
|t:|1760770195
|move|p2a: .|Substitute|p2a: .
|-start|p2a: .|Substitute
|-damage|p2a: .|12/100
|cant|p1a: Garchomp|frz
|
|-heal|p2a: .|18/100|[from] item: Leftovers
|upkeep
|turn|16
|
|t:|1760770205
|move|p2a: .|Nasty Plot|p2a: .
|-boost|p2a: .|spa|2
|cant|p1a: Garchomp|frz
|
|-heal|p2a: .|24/100|[from] item: Leftovers
|upkeep
|turn|17
|
|t:|1760770211
|move|p2a: .|Dark Pulse|p1a: Garchomp
|-damage|p1a: Garchomp|0 fnt
|faint|p1a: Garchomp
|
|-heal|p2a: .|30/100|[from] item: Leftovers
|upkeep
|-message|TrickzterSS forfeited.
|
|win|OGar9
|raw|TrickzterSS's rating: 1231 &rarr; <strong>1205</strong><br />(-26 for losing)
|raw|OGar9's rating: 1215 &rarr; <strong>1241</strong><br />(+26 for winning)
|l|☆TrickzterSS
|player|p1|
|l|☆OGar9
|player|p2|
