|j|☆shun5412
|j|☆patrickd420
|t:|1760736089
|gametype|singles
|player|p1|shun5412|az|1285
|player|p2|patrickd420|169|1247
|gen|9
|tier|[Gen 9] OU
|rated|
|rule|HP Percentage Mod: HP is shown in percentages
|rule|Endless Battle Clause: Forcing endless battles is banned
|rule|Species Clause: Limit one of each Pokémon
|rule|OHKO Clause: OHKO moves are banned
|rule|Evasion Items Clause: Evasion items are banned
|rule|Evasion Moves Clause: Evasion moves are banned
|rule|Evasion Abilities Clause: Evasion abilities are banned
|rule|Sleep Moves Clause: Sleep-inducing moves are banned
|clearpoke
|poke|p1|Glimmora, M|
|poke|p1|Pelipper, M|
|poke|p1|Gholdengo|
|poke|p1|Grimmsnarl, M|
|poke|p1|Garganacl, M|
|poke|p1|Rotom-Mow|
|poke|p2|Darkrai|
|poke|p2|Great Tusk|
|poke|p2|Gholdengo|
|poke|p2|Ogerpon-Wellspring, F|
|poke|p2|Dragonite, F|
|poke|p2|Iron Moth|
|teampreview
|inactive|Battle timer is ON: inactive players will automatically lose when time's up. (requested by patrickd420)
|
|t:|1760736097
|teamsize|p1|6
|teamsize|p2|6
|start
|switch|p1a: Rotom|Rotom-Mow|100/100
|switch|p2a: Great Tusk|Great Tusk|100/100
|-enditem|p2a: Great Tusk|Booster Energy
|-activate|p2a: Great Tusk|ability: Protosynthesis|[fromitem]
|-start|p2a: Great Tusk|protosynthesisspe
|turn|1
|
|t:|1760736106
|move|p2a: Great Tusk|Bulk Up|p2a: Great Tusk
|-boost|p2a: Great Tusk|atk|1
|-boost|p2a: Great Tusk|def|1
|move|p1a: Rotom|Trick|p2a: Great Tusk
|-activate|p1a: Rotom|move: Trick|[of] p2a: Great Tusk
|-item|p2a: Great Tusk|Choice Specs|[from] move: Trick
|-enditem|p1a: Rotom|Choice Specs|[silent]|[from] move: Trick
|
|upkeep
|turn|2
|
|t:|1760736116
|move|p2a: Great Tusk|Ice Spinner|p1a: Rotom
|-supereffective|p1a: Rotom
|-damage|p1a: Rotom|34/100
|move|p1a: Rotom|Will-O-Wisp|p2a: Great Tusk
|-status|p2a: Great Tusk|brn
|
|-damage|p2a: Great Tusk|94/100 brn|[from] brn
|upkeep
|turn|3
|
|t:|1760736127
|move|p2a: Great Tusk|Ice Spinner|p1a: Rotom
|-supereffective|p1a: Rotom
|-crit|p1a: Rotom
|-damage|p1a: Rotom|0 fnt
|faint|p1a: Rotom
|
|-damage|p2a: Great Tusk|88/100 brn|[from] brn
|upkeep
|
|t:|1760736133
|switch|p1a: Grimmsnarl|Grimmsnarl, M|100/100
|turn|4
|
|t:|1760736137
|move|p1a: Grimmsnarl|Light Screen|p1a: Grimmsnarl
|-sidestart|p1: shun5412|move: Light Screen
|move|p2a: Great Tusk|Ice Spinner|p1a: Grimmsnarl
|-damage|p1a: Grimmsnarl|85/100
|
|-damage|p2a: Great Tusk|82/100 brn|[from] brn
|upkeep
|turn|5
|
|t:|1760736145
|move|p1a: Grimmsnarl|Parting Shot|p2a: Great Tusk
|-unboost|p2a: Great Tusk|atk|1
|-unboost|p2a: Great Tusk|spa|1
|
|t:|1760736149
|switch|p1a: Glimmora|Glimmora, M|100/100|[from] Parting Shot
|move|p2a: Great Tusk|Ice Spinner|p1a: Glimmora
|-damage|p1a: Glimmora|86/100
|-activate|p1a: Glimmora|ability: Toxic Debris
|-sidestart|p2: patrickd420|move: Toxic Spikes
|
|-damage|p2a: Great Tusk|76/100 brn|[from] brn
|upkeep
|turn|6
|
|t:|1760736160
|-end|p2a: Great Tusk|Protosynthesis|[silent]
|switch|p2a: Dragonite|Dragonite, F, shiny|100/100
|move|p1a: Glimmora|Stealth Rock|p2a: Dragonite
|-sidestart|p2: patrickd420|move: Stealth Rock
|
|upkeep
|turn|7
|
|t:|1760736168
|move|p1a: Glimmora|Power Gem|p2a: Dragonite
|-supereffective|p2a: Dragonite
|-damage|p2a: Dragonite|58/100
|-enditem|p2a: Dragonite|Weakness Policy
|-boost|p2a: Dragonite|atk|2|[from] item: Weakness Policy
|-boost|p2a: Dragonite|spa|2|[from] item: Weakness Policy
|move|p2a: Dragonite|Dragon Dance|p2a: Dragonite
|-boost|p2a: Dragonite|atk|1
|-boost|p2a: Dragonite|spe|1
|
|upkeep
|turn|8
|
|t:|1760736179
|switch|p1a: Grimmsnarl|Grimmsnarl, M|85/100
|-terastallize|p2a: Dragonite|Normal
|move|p2a: Dragonite|Dragon Dance|p2a: Dragonite
|-boost|p2a: Dragonite|atk|1
|-boost|p2a: Dragonite|spe|1
|
|upkeep
|turn|9
|
|t:|1760736188
|move|p2a: Dragonite|Extreme Speed|p1a: Grimmsnarl
|-damage|p1a: Grimmsnarl|0 fnt
|faint|p1a: Grimmsnarl
|
|upkeep
|
|t:|1760736195
|switch|p1a: Gholdengo|Gholdengo|100/100
|-item|p1a: Gholdengo|Air Balloon
|turn|10
|
|t:|1760736200
|move|p2a: Dragonite|Ice Spinner|p1a: Gholdengo
|-resisted|p1a: Gholdengo
|-damage|p1a: Gholdengo|52/100
|-enditem|p1a: Gholdengo|Air Balloon
|move|p1a: Gholdengo|Nasty Plot|p1a: Gholdengo
|-boost|p1a: Gholdengo|spa|2
|
|upkeep
|turn|11
|
|t:|1760736208
|move|p2a: Dragonite|Earthquake|p1a: Gholdengo
|-supereffective|p1a: Gholdengo
|-damage|p1a: Gholdengo|0 fnt
|faint|p1a: Gholdengo
|
|-sideend|p1: shun5412|move: Light Screen
|upkeep
|-message|shun5412 forfeited.
|
|win|patrickd420
|raw|shun5412's rating: 1285 &rarr; <strong>1257</strong><br />(-28 for losing)
|raw|patrickd420's rating: 1247 &rarr; <strong>1275</strong><br />(+28 for winning)
|l|☆shun5412
|player|p1|
|l|☆patrickd420
|player|p2|
