|j|☆turtwig26
|j|☆StickyVi
|t:|1760743719
|gametype|singles
|player|p1|turtwig26|hilbert|1082
|player|p2|StickyVi|proton|1079
|gen|9
|tier|[Gen 9] OU
|rated|
|rule|HP Percentage Mod: HP is shown in percentages
|rule|Endless Battle Clause: Forcing endless battles is banned
|rule|Species Clause: Limit one of each Pokémon
|rule|OHKO Clause: OHKO moves are banned
|rule|Evasion Items Clause: Evasion items are banned
|rule|Evasion Moves Clause: Evasion moves are banned
|rule|Evasion Abilities Clause: Evasion abilities are banned
|rule|Sleep Moves Clause: Sleep-inducing moves are banned
|clearpoke
|poke|p1|Shroodle, L90, M|
|poke|p1|Cramorant, F|
|poke|p1|Hoopa-Unbound|
|poke|p1|Dondozo, M|
|poke|p1|Meowscarada, F|
|poke|p1|Riolu, L90, M|
|poke|p2|Lokix, M|
|poke|p2|Scizor, F|
|poke|p2|Hawlucha, M|
|poke|p2|Gliscor, M|
|poke|p2|Tatsugiri-Stretchy, M|
|poke|p2|Blaziken, F|
|teampreview
|
|t:|1760743726
|teamsize|p1|6
|teamsize|p2|6
|start
|switch|p1a: Cramorant|Cramorant, F|100/100
|switch|p2a: soma cruz|Gliscor, M, shiny|100/100
|turn|1
|
|t:|1760743733
|-terastallize|p2a: soma cruz|Water
|move|p2a: soma cruz|Toxic|p1a: Cramorant
|-status|p1a: Cramorant|tox
|move|p1a: Cramorant|Dive||[still]
|-formechange|p1a: Cramorant|Cramorant-Gulping|
|-prepare|p1a: Cramorant|Dive
|
|-damage|p1a: Cramorant|94/100 tox|[from] psn
|-status|p2a: soma cruz|tox|[from] item: Toxic Orb
|-damage|p1a: Cramorant|82/100 tox|[from] item: Sticky Barb
|upkeep
|turn|2
|
|t:|1760743744
|move|p2a: soma cruz|Spikes|p1a: Cramorant
|-sidestart|p1: turtwig26|Spikes
|move|p1a: Cramorant|Dive|p2a: soma cruz|[from] lockedmove
|-resisted|p2a: soma cruz
|-damage|p2a: soma cruz|87/100 tox
|
|-heal|p2a: soma cruz|99/100 tox|[from] ability: Poison Heal
|-damage|p1a: Cramorant|70/100 tox|[from] psn
|-damage|p1a: Cramorant|57/100 tox|[from] item: Sticky Barb
|upkeep
|turn|3
|
|t:|1760743755
|move|p2a: soma cruz|Spikes|p1a: Cramorant
|-sidestart|p1: turtwig26|Spikes
|move|p1a: Cramorant|Dive||[still]
|-prepare|p1a: Cramorant|Dive
|
|-heal|p2a: soma cruz|100/100 tox|[from] ability: Poison Heal
|-damage|p1a: Cramorant|39/100 tox|[from] psn
|-damage|p1a: Cramorant|26/100 tox|[from] item: Sticky Barb
|upkeep
|turn|4
|
|t:|1760743764
|move|p2a: soma cruz|Spikes|p1a: Cramorant
|-sidestart|p1: turtwig26|Spikes
|move|p1a: Cramorant|Dive|p2a: soma cruz|[from] lockedmove
|-resisted|p2a: soma cruz
|-damage|p2a: soma cruz|87/100 tox
|
|-heal|p2a: soma cruz|99/100 tox|[from] ability: Poison Heal
|-damage|p1a: Cramorant|2/100 tox|[from] psn
|-damage|p1a: Cramorant|0 fnt|[from] item: Sticky Barb
|faint|p1a: Cramorant
|upkeep
|
|t:|1760743774
|switch|p1a: Shroodle|Shroodle, L90, M|100/100
|-damage|p1a: Shroodle|75/100|[from] Spikes
|turn|5
|
|t:|1760743781
|-terastallize|p1a: Shroodle|Water
|move|p1a: Shroodle|Copycat|p1a: Shroodle
|move|p1a: Shroodle|Dive||[from] move: Copycat|[still]
|-prepare|p1a: Shroodle|Dive
|move|p2a: soma cruz|Knock Off|p1a: Shroodle|[miss]
|-miss|p2a: soma cruz|p1a: Shroodle
|
|-heal|p2a: soma cruz|100/100 tox|[from] ability: Poison Heal
|upkeep
|turn|6
|
|t:|1760743789
|move|p2a: soma cruz|Toxic|p1a: Shroodle|[miss]
|-miss|p2a: soma cruz|p1a: Shroodle
|move|p1a: Shroodle|Dive|p2a: soma cruz|[from] lockedmove
|-resisted|p2a: soma cruz
|-damage|p2a: soma cruz|92/100 tox
|
|-heal|p2a: soma cruz|100/100 tox|[from] ability: Poison Heal
|upkeep
|turn|7
|
|t:|1760743797
|move|p1a: Shroodle|Copycat|p1a: Shroodle
|move|p1a: Shroodle|Dive||[from] move: Copycat|[still]
|-prepare|p1a: Shroodle|Dive
|move|p2a: soma cruz|Toxic|p1a: Shroodle|[miss]
|-miss|p2a: soma cruz|p1a: Shroodle
|
|upkeep
|turn|8
|
|t:|1760743802
|move|p2a: soma cruz|Spikes||[still]
|-fail|p2a: soma cruz
|move|p1a: Shroodle|Dive|p2a: soma cruz|[from] lockedmove
|-resisted|p2a: soma cruz
|-damage|p2a: soma cruz|91/100 tox
|
|-heal|p2a: soma cruz|100/100 tox|[from] ability: Poison Heal
|upkeep
|turn|9
|
|t:|1760743809
|move|p1a: Shroodle|Copycat|p1a: Shroodle
|move|p1a: Shroodle|Dive||[from] move: Copycat|[still]
|-prepare|p1a: Shroodle|Dive
|move|p2a: soma cruz|Knock Off|p1a: Shroodle|[miss]
|-miss|p2a: soma cruz|p1a: Shroodle
|
|upkeep
|turn|10
|
|t:|1760743816
|move|p2a: soma cruz|Protect|p2a: soma cruz
|-singleturn|p2a: soma cruz|Protect
|move|p1a: Shroodle|Dive|p2a: soma cruz|[from] lockedmove
|-activate|p2a: soma cruz|move: Protect
|
|upkeep
|turn|11
|inactive|Battle timer is ON: inactive players will automatically lose when time's up. (requested by turtwig26)
|
|t:|1760743821
|move|p1a: Shroodle|Copycat|p1a: Shroodle
|move|p1a: Shroodle|Dive||[from] move: Copycat|[still]
|-prepare|p1a: Shroodle|Dive
|move|p2a: soma cruz|Knock Off|p1a: Shroodle|[miss]
|-miss|p2a: soma cruz|p1a: Shroodle
|
|upkeep
|turn|12
|
|t:|1760743827
|move|p2a: soma cruz|Knock Off|p1a: Shroodle|[miss]
|-miss|p2a: soma cruz|p1a: Shroodle
|move|p1a: Shroodle|Dive|p2a: soma cruz|[from] lockedmove
|-resisted|p2a: soma cruz
|-damage|p2a: soma cruz|91/100 tox
|
|-heal|p2a: soma cruz|100/100 tox|[from] ability: Poison Heal
|upkeep
|turn|13
|
|t:|1760743841
|move|p1a: Shroodle|Copycat|p1a: Shroodle
|move|p1a: Shroodle|Dive||[from] move: Copycat|[still]
|-prepare|p1a: Shroodle|Dive
|move|p2a: soma cruz|Spikes||[still]
|-fail|p2a: soma cruz
|
|upkeep
|turn|14
|
|t:|1760743849
|switch|p2a: sushi|Tatsugiri-Stretchy, M, shiny|100/100
|move|p1a: Shroodle|Dive|p2a: sushi|[from] lockedmove
|-ability|p2a: sushi|Storm Drain|boost
|-boost|p2a: sushi|spa|1
|
|upkeep
|turn|15
|
|t:|1760743856
|move|p1a: Shroodle|Copycat|p1a: Shroodle
|move|p1a: Shroodle|Dive||[from] move: Copycat|[still]
|-prepare|p1a: Shroodle|Dive
|move|p2a: sushi|Nasty Plot|p2a: sushi
|-boost|p2a: sushi|spa|2
|
|upkeep
|turn|16
|
|t:|1760743865
|move|p2a: sushi|Rapid Spin|p1a: Shroodle|[miss]
|-miss|p2a: sushi|p1a: Shroodle
|move|p1a: Shroodle|Dive|p2a: sushi|[from] lockedmove
|-ability|p2a: sushi|Storm Drain|boost
|-boost|p2a: sushi|spa|1
|
|upkeep
|turn|17
|
|t:|1760743873
|move|p1a: Shroodle|Copycat|p1a: Shroodle
|move|p1a: Shroodle|Dive||[from] move: Copycat|[still]
|-prepare|p1a: Shroodle|Dive
|move|p2a: sushi|Nasty Plot|p2a: sushi
|-boost|p2a: sushi|spa|2
|
|upkeep
|turn|18
|
|t:|1760743884
|move|p2a: sushi|Rapid Spin|p1a: Shroodle|[miss]
|-miss|p2a: sushi|p1a: Shroodle
|move|p1a: Shroodle|Dive|p2a: sushi|[from] lockedmove
|-immune|p2a: sushi|[from] ability: Storm Drain
|
|upkeep
|turn|19
|
|t:|1760743895
|move|p1a: Shroodle|Copycat|p1a: Shroodle
|move|p1a: Shroodle|Dive||[from] move: Copycat|[still]
|-prepare|p1a: Shroodle|Dive
|move|p2a: sushi|Nasty Plot|p2a: sushi
|-boost|p2a: sushi|spa|0
|
|upkeep
|turn|20
|
|t:|1760743910
|move|p2a: sushi|Nasty Plot|p2a: sushi
|-boost|p2a: sushi|spa|0
|move|p1a: Shroodle|Dive|p2a: sushi|[from] lockedmove
|-immune|p2a: sushi|[from] ability: Storm Drain
|
|upkeep
|turn|21
|
|t:|1760743921
|move|p1a: Shroodle|Copycat|p1a: Shroodle
|move|p1a: Shroodle|Dive||[from] move: Copycat|[still]
|-prepare|p1a: Shroodle|Dive
|move|p2a: sushi|Nasty Plot|p2a: sushi
|-boost|p2a: sushi|spa|0
|
|upkeep
|turn|22
|c|☆StickyVi|what a plan u had
|
|t:|1760743939
|move|p2a: sushi|Rapid Spin|p1a: Shroodle|[miss]
|-miss|p2a: sushi|p1a: Shroodle
|move|p1a: Shroodle|Dive|p2a: sushi|[from] lockedmove
|-immune|p2a: sushi|[from] ability: Storm Drain
|
|upkeep
|turn|23
|
|t:|1760743952
|move|p1a: Shroodle|Copycat|p1a: Shroodle
|move|p1a: Shroodle|Dive||[from] move: Copycat|[still]
|-prepare|p1a: Shroodle|Dive
|move|p2a: sushi|Rapid Spin|p1a: Shroodle|[miss]
|-miss|p2a: sushi|p1a: Shroodle
|
|upkeep
|turn|24
|
|t:|1760743968
|move|p2a: sushi|Rapid Spin|p1a: Shroodle|[miss]
|-miss|p2a: sushi|p1a: Shroodle
|move|p1a: Shroodle|Dive|p2a: sushi|[from] lockedmove
|-immune|p2a: sushi|[from] ability: Storm Drain
|
|upkeep
|turn|25
|
|t:|1760743976
|move|p1a: Shroodle|Copycat|p1a: Shroodle
|move|p1a: Shroodle|Dive||[from] move: Copycat|[still]
|-prepare|p1a: Shroodle|Dive
|move|p2a: sushi|Rapid Spin|p1a: Shroodle|[miss]
|-miss|p2a: sushi|p1a: Shroodle
|
|upkeep
|turn|26
|
|t:|1760743989
|move|p2a: sushi|Rapid Spin|p1a: Shroodle|[miss]
|-miss|p2a: sushi|p1a: Shroodle
|move|p1a: Shroodle|Dive|p2a: sushi|[from] lockedmove
|-immune|p2a: sushi|[from] ability: Storm Drain
|
|upkeep
|turn|27
|
|t:|1760744005
|move|p1a: Shroodle|Copycat|p1a: Shroodle
|move|p1a: Shroodle|Dive||[from] move: Copycat|[still]
|-prepare|p1a: Shroodle|Dive
|move|p2a: sushi|Rapid Spin|p1a: Shroodle|[miss]
|-miss|p2a: sushi|p1a: Shroodle
|
|upkeep
|turn|28
|
|t:|1760744020
|move|p2a: sushi|Rapid Spin|p1a: Shroodle|[miss]
|-miss|p2a: sushi|p1a: Shroodle
|move|p1a: Shroodle|Dive|p2a: sushi|[from] lockedmove
|-immune|p2a: sushi|[from] ability: Storm Drain
|
|upkeep
|turn|29
|c|☆StickyVi|cmon bruh
|
|t:|1760744031
|move|p1a: Shroodle|Copycat|p1a: Shroodle
|move|p1a: Shroodle|Dive||[from] move: Copycat|[still]
|-prepare|p1a: Shroodle|Dive
|move|p2a: sushi|Rapid Spin|p1a: Shroodle|[miss]
|-miss|p2a: sushi|p1a: Shroodle
|
|upkeep
|turn|30
|
|t:|1760744042
|move|p2a: sushi|Rapid Spin|p1a: Shroodle|[miss]
|-miss|p2a: sushi|p1a: Shroodle
|move|p1a: Shroodle|Dive|p2a: sushi|[from] lockedmove
|-immune|p2a: sushi|[from] ability: Storm Drain
|
|upkeep
|turn|31
|
|t:|1760744049
|move|p1a: Shroodle|Copycat|p1a: Shroodle
|move|p1a: Shroodle|Dive||[from] move: Copycat|[still]
|-prepare|p1a: Shroodle|Dive
|move|p2a: sushi|Rapid Spin|p1a: Shroodle|[miss]
|-miss|p2a: sushi|p1a: Shroodle
|
|upkeep
|turn|32
|
|t:|1760744066
|move|p2a: sushi|Rapid Spin|p1a: Shroodle|[miss]
|-miss|p2a: sushi|p1a: Shroodle
|move|p1a: Shroodle|Dive|p2a: sushi|[from] lockedmove
|-immune|p2a: sushi|[from] ability: Storm Drain
|
|upkeep
|turn|33
|
|t:|1760744079
|move|p1a: Shroodle|Copycat|p1a: Shroodle
|move|p1a: Shroodle|Dive||[from] move: Copycat|[still]
|-prepare|p1a: Shroodle|Dive
|move|p2a: sushi|Rapid Spin|p1a: Shroodle|[miss]
|-miss|p2a: sushi|p1a: Shroodle
|
|upkeep
|turn|34
|inactive|turtwig26 has 120 seconds left.
|
|t:|1760744095
|move|p2a: sushi|Rapid Spin|p1a: Shroodle|[miss]
|-miss|p2a: sushi|p1a: Shroodle
|move|p1a: Shroodle|Dive|p2a: sushi|[from] lockedmove
|-immune|p2a: sushi|[from] ability: Storm Drain
|
|upkeep
|turn|35
|inactive|turtwig26 has 120 seconds left.
|
|t:|1760744113
|switch|p2a: gigan|Scizor, F|100/100
|move|p1a: Shroodle|Copycat|p1a: Shroodle
|move|p1a: Shroodle|Dive||[from] move: Copycat|[still]
|-prepare|p1a: Shroodle|Dive
|
|upkeep
|turn|36
|inactive|turtwig26 has 120 seconds left.
|
|t:|1760744124
|move|p2a: gigan|Swords Dance|p2a: gigan
|-boost|p2a: gigan|atk|2
|move|p1a: Shroodle|Dive|p2a: gigan|[from] lockedmove
|-damage|p2a: gigan|78/100
|
|upkeep
|turn|37
|inactive|turtwig26 has 120 seconds left.
|
|t:|1760744131
|move|p1a: Shroodle|Copycat|p1a: Shroodle
|move|p1a: Shroodle|Dive||[from] move: Copycat|[still]
|-prepare|p1a: Shroodle|Dive
|move|p2a: gigan|Swords Dance|p2a: gigan
|-boost|p2a: gigan|atk|2
|
|upkeep
|turn|38
|inactive|turtwig26 has 120 seconds left.
|
|t:|1760744143
|move|p2a: gigan|Swords Dance|p2a: gigan
|-boost|p2a: gigan|atk|2
|move|p1a: Shroodle|Dive|p2a: gigan|[from] lockedmove
|-damage|p2a: gigan|54/100
|
|upkeep
|turn|39
|
|t:|1760744151
|move|p2a: gigan|Bullet Punch|p1a: Shroodle
|-resisted|p1a: Shroodle
|-damage|p1a: Shroodle|0 fnt
|faint|p1a: Shroodle
|-damage|p2a: gigan|45/100|[from] item: Life Orb
|
|upkeep
|-message|turtwig26 forfeited.
|
|win|StickyVi
|raw|turtwig26's rating: 1062 &rarr; <strong>1042</strong><br />(-20 for losing)
|raw|StickyVi's rating: 1056 &rarr; <strong>1088</strong><br />(+32 for winning)
|l|☆turtwig26
|player|p1|
|l|☆StickyVi
|player|p2|
