|badge|p2|bronze|gen9ou|100-7
|uhtml|medal-msg|<div class="broadcast-blue">Curious what those medals under the avatar are? PS now has Ladder Seasons! For more information, check out the <a href="https://www.smogon.com/forums/threads/3740067/">thread on Smogon.</a></div>
|j|☆aPersonOrSomething
|j|☆ouww miguel o hara
|t:|1760881535
|gametype|singles
|player|p1|aPersonOrSomething|2|1681
|player|p2|ouww miguel o hara|giovanni|1862
|gen|9
|tier|[Gen 9] OU
|rated|
|rule|HP Percentage Mod: HP is shown in percentages
|rule|Endless Battle Clause: Forcing endless battles is banned
|rule|Species Clause: Limit one of each Pokémon
|rule|OHKO Clause: OHKO moves are banned
|rule|Evasion Items Clause: Evasion items are banned
|rule|Evasion Moves Clause: Evasion moves are banned
|rule|Evasion Abilities Clause: Evasion abilities are banned
|rule|Sleep Moves Clause: Sleep-inducing moves are banned
|clearpoke
|poke|p1|Dragapult, F|
|poke|p1|Ogerpon-Wellspring, F|
|poke|p1|Garganacl, F|
|poke|p1|Zapdos|
|poke|p1|Iron Treads|
|poke|p1|Zamazenta-*|
|poke|p2|Zamazenta-*|
|poke|p2|Iron Moth|
|poke|p2|Gliscor, M|
|poke|p2|Clefable, M|
|poke|p2|Blissey, F|
|poke|p2|Dragapult, F|
|teampreview
|inactive|Battle timer is ON: inactive players will automatically lose when time's up. (requested by aPersonOrSomething)
|
|t:|1760881557
|teamsize|p1|6
|teamsize|p2|6
|start
|switch|p1a: Ogerpon|Ogerpon-Wellspring, F|100/100
|switch|p2a: Gliscor|Gliscor, M|100/100
|turn|1
|
|t:|1760881560
|move|p1a: Ogerpon|U-turn|p2a: Gliscor
|-resisted|p2a: Gliscor
|-damage|p2a: Gliscor|90/100
|
|t:|1760881566
|switch|p1a: Garganacl|Garganacl, F|100/100|[from] U-turn
|move|p2a: Gliscor|Toxic|p1a: Garganacl
|-immune|p1a: Garganacl|[from] ability: Purifying Salt
|
|-status|p2a: Gliscor|tox|[from] item: Toxic Orb
|upkeep
|turn|2
|
|t:|1760881571
|move|p2a: Gliscor|Knock Off|p1a: Garganacl
|-damage|p1a: Garganacl|87/100
|-enditem|p1a: Garganacl|Leftovers|[from] move: Knock Off|[of] p2a: Gliscor
|move|p1a: Garganacl|Stealth Rock|p2a: Gliscor
|-sidestart|p2: ouww miguel o hara|move: Stealth Rock
|
|-heal|p2a: Gliscor|100/100 tox|[from] ability: Poison Heal
|upkeep
|turn|3
|
|t:|1760881575
|move|p2a: Gliscor|Earthquake|p1a: Garganacl
|-supereffective|p1a: Garganacl
|-damage|p1a: Garganacl|45/100
|move|p1a: Garganacl|Salt Cure|p2a: Gliscor
|-damage|p2a: Gliscor|89/100 tox
|-start|p2a: Gliscor|Salt Cure
|
|-heal|p2a: Gliscor|100/100 tox|[from] ability: Poison Heal
|-damage|p2a: Gliscor|88/100 tox|[from] Salt Cure
|upkeep
|turn|4
|
|t:|1760881581
|move|p2a: Gliscor|Earthquake|p1a: Garganacl
|-supereffective|p1a: Garganacl
|-damage|p1a: Garganacl|0 fnt
|faint|p1a: Garganacl
|
|-heal|p2a: Gliscor|100/100 tox|[from] ability: Poison Heal
|-damage|p2a: Gliscor|88/100 tox|[from] Salt Cure
|upkeep
|
|t:|1760881586
|switch|p1a: Ogerpon|Ogerpon-Wellspring, F|100/100
|turn|5
|
|t:|1760881593
|switch|p2a: Zamazenta|Zamazenta|100/100
|-damage|p2a: Zamazenta|94/100|[from] Stealth Rock
|-ability|p2a: Zamazenta|Dauntless Shield|boost
|-boost|p2a: Zamazenta|def|1
|move|p1a: Ogerpon|Ivy Cudgel|p2a: Zamazenta|[anim] Ivy Cudgel Water
|-damage|p2a: Zamazenta|65/100
|
|-heal|p2a: Zamazenta|71/100|[from] item: Leftovers
|upkeep
|turn|6
|
|t:|1760881601
|switch|p1a: Zapdos|Zapdos|100/100
|move|p2a: Zamazenta|Body Press|p1a: Zapdos
|-resisted|p1a: Zapdos
|-damage|p1a: Zapdos|79/100
|-status|p2a: Zamazenta|par|[from] ability: Static|[of] p1a: Zapdos
|
|-heal|p2a: Zamazenta|77/100 par|[from] item: Leftovers
|upkeep
|turn|7
|
|t:|1760881605
|move|p1a: Zapdos|Hurricane|p2a: Zamazenta
|-supereffective|p2a: Zamazenta
|-damage|p2a: Zamazenta|0 fnt
|faint|p2a: Zamazenta
|
|upkeep
|
|t:|1760881608
|switch|p2a: Blissey|Blissey, F|100/100
|turn|8
|
|t:|1760881611
|move|p1a: Zapdos|Volt Switch|p2a: Blissey
|-damage|p2a: Blissey|89/100
|
|t:|1760881617
|switch|p1a: Iron Treads|Iron Treads|100/100|[from] Volt Switch
|move|p2a: Blissey|Stealth Rock|p1a: Iron Treads
|-sidestart|p1: aPersonOrSomething|move: Stealth Rock
|
|upkeep
|turn|9
|
|t:|1760881621
|move|p1a: Iron Treads|Knock Off|p2a: Blissey
|-damage|p2a: Blissey|61/100
|-enditem|p2a: Blissey|Heavy-Duty Boots|[from] move: Knock Off|[of] p1a: Iron Treads
|move|p2a: Blissey|Ice Beam|p1a: Iron Treads
|-damage|p1a: Iron Treads|86/100
|
|upkeep
|turn|10
|
|t:|1760881627
|move|p1a: Iron Treads|Knock Off|p2a: Blissey
|-damage|p2a: Blissey|43/100
|move|p2a: Blissey|Soft-Boiled|p2a: Blissey
|-heal|p2a: Blissey|93/100
|
|upkeep
|turn|11
|
|t:|1760881630
|move|p1a: Iron Treads|Knock Off|p2a: Blissey
|-damage|p2a: Blissey|74/100
|move|p2a: Blissey|Ice Beam|p1a: Iron Treads
|-damage|p1a: Iron Treads|71/100
|
|upkeep
|turn|12
|
|t:|1760881639
|move|p1a: Iron Treads|Rapid Spin|p2a: Blissey
|-crit|p2a: Blissey
|-damage|p2a: Blissey|54/100
|-boost|p1a: Iron Treads|spe|1
|-sideend|p1: aPersonOrSomething|Stealth Rock|[from] move: Rapid Spin|[of] p1a: Iron Treads
|move|p2a: Blissey|Ice Beam|p1a: Iron Treads
|-damage|p1a: Iron Treads|56/100
|
|upkeep
|turn|13
|
|t:|1760881643
|move|p1a: Iron Treads|Earthquake|p2a: Blissey
|-damage|p2a: Blissey|12/100
|move|p2a: Blissey|Soft-Boiled|p2a: Blissey
|-heal|p2a: Blissey|62/100
|
|upkeep
|turn|14
|
|t:|1760881645
|switch|p2a: Gliscor|Gliscor, M|88/100 tox
|-damage|p2a: Gliscor|76/100 tox|[from] Stealth Rock
|move|p1a: Iron Treads|Earthquake|p2a: Gliscor
|-immune|p2a: Gliscor
|
|-heal|p2a: Gliscor|88/100 tox|[from] ability: Poison Heal
|upkeep
|turn|15
|
|t:|1760881654
|-end|p1a: Iron Treads|Quark Drive|[silent]
|switch|p1a: Zapdos|Zapdos|79/100
|move|p2a: Gliscor|Toxic|p1a: Zapdos
|-status|p1a: Zapdos|tox
|
|-damage|p1a: Zapdos|73/100 tox|[from] psn
|-heal|p2a: Gliscor|100/100 tox|[from] ability: Poison Heal
|upkeep
|turn|16
|
|t:|1760881658
|move|p2a: Gliscor|Protect|p2a: Gliscor
|-singleturn|p2a: Gliscor|Protect
|move|p1a: Zapdos|Hurricane|p2a: Gliscor
|-activate|p2a: Gliscor|move: Protect
|
|-damage|p1a: Zapdos|61/100 tox|[from] psn
|upkeep
|turn|17
|
|t:|1760881663
|switch|p1a: Ogerpon|Ogerpon-Wellspring, F|100/100
|move|p2a: Gliscor|Knock Off|p1a: Ogerpon
|-damage|p1a: Ogerpon|81/100
|
|upkeep
|turn|18
|
|t:|1760881673
|-terastallize|p1a: Ogerpon|Water
|detailschange|p1a: Ogerpon|Ogerpon-Wellspring-Tera, F, tera:Water
|-ability|p1a: Ogerpon|Embody Aspect (Wellspring)|boost
|-boost|p1a: Ogerpon|spd|1
|-terastallize|p2a: Gliscor|Water
|move|p1a: Ogerpon|Ivy Cudgel|p2a: Gliscor|[anim] Ivy Cudgel Water
|-resisted|p2a: Gliscor
|-damage|p2a: Gliscor|71/100 tox
|move|p2a: Gliscor|Toxic|p1a: Ogerpon
|-status|p1a: Ogerpon|tox
|
|-damage|p1a: Ogerpon|75/100 tox|[from] psn
|-heal|p2a: Gliscor|83/100 tox|[from] ability: Poison Heal
|upkeep
|turn|19
|
|t:|1760881683
|move|p2a: Gliscor|Protect|p2a: Gliscor
|-singleturn|p2a: Gliscor|Protect
|move|p1a: Ogerpon|U-turn|p2a: Gliscor
|-activate|p2a: Gliscor|move: Protect
|
|-damage|p1a: Ogerpon|63/100 tox|[from] psn
|-heal|p2a: Gliscor|95/100 tox|[from] ability: Poison Heal
|upkeep
|turn|20
|
|t:|1760881691
|move|p1a: Ogerpon|U-turn|p2a: Gliscor
|-damage|p2a: Gliscor|75/100 tox
|
|t:|1760881694
|switch|p1a: Zapdos|Zapdos|61/100 tox|[from] U-turn
|move|p2a: Gliscor|Knock Off|p1a: Zapdos
|-damage|p1a: Zapdos|45/100 tox
|-enditem|p1a: Zapdos|Heavy-Duty Boots|[from] move: Knock Off|[of] p2a: Gliscor
|
|-damage|p1a: Zapdos|39/100 tox|[from] psn
|-heal|p2a: Gliscor|87/100 tox|[from] ability: Poison Heal
|upkeep
|turn|21
|
|t:|1760881701
|move|p1a: Zapdos|Roost|p1a: Zapdos
|-heal|p1a: Zapdos|90/100 tox
|-singleturn|p1a: Zapdos|move: Roost
|move|p2a: Gliscor|Earthquake|p1a: Zapdos
|-supereffective|p1a: Zapdos
|-damage|p1a: Zapdos|41/100 tox
|
|-damage|p1a: Zapdos|29/100 tox|[from] psn
|-heal|p2a: Gliscor|99/100 tox|[from] ability: Poison Heal
|upkeep
|turn|22
|
|t:|1760881706
|move|p2a: Gliscor|Protect|p2a: Gliscor
|-singleturn|p2a: Gliscor|Protect
|move|p1a: Zapdos|Roost|p1a: Zapdos
|-heal|p1a: Zapdos|79/100 tox
|-singleturn|p1a: Zapdos|move: Roost
|
|-damage|p1a: Zapdos|61/100 tox|[from] psn
|-heal|p2a: Gliscor|100/100 tox|[from] ability: Poison Heal
|upkeep
|turn|23
|
|t:|1760881711
|move|p1a: Zapdos|Volt Switch|p2a: Gliscor
|-supereffective|p2a: Gliscor
|-damage|p2a: Gliscor|53/100 tox
|
|t:|1760881724
|switch|p1a: Dragapult|Dragapult, F|100/100|[from] Volt Switch
|move|p2a: Gliscor|Earthquake|p1a: Dragapult
|-damage|p1a: Dragapult|57/100
|
|-heal|p2a: Gliscor|65/100 tox|[from] ability: Poison Heal
|upkeep
|turn|24
|
|t:|1760881729
|move|p2a: Gliscor|Protect|p2a: Gliscor
|-singleturn|p2a: Gliscor|Protect
|move|p1a: Dragapult|U-turn|p2a: Gliscor
|-activate|p2a: Gliscor|move: Protect
|
|-heal|p2a: Gliscor|78/100 tox|[from] ability: Poison Heal
|upkeep
|turn|25
|
|t:|1760881733
|move|p1a: Dragapult|U-turn|p2a: Gliscor
|-damage|p2a: Gliscor|51/100 tox
|
|t:|1760881735
|switch|p1a: Zapdos|Zapdos|61/100 tox|[from] U-turn
|move|p2a: Gliscor|Knock Off|p1a: Zapdos
|-damage|p1a: Zapdos|51/100 tox
|
|-damage|p1a: Zapdos|45/100 tox|[from] psn
|-heal|p2a: Gliscor|63/100 tox|[from] ability: Poison Heal
|upkeep
|turn|26
|
|t:|1760881741
|move|p2a: Gliscor|Protect|p2a: Gliscor
|-singleturn|p2a: Gliscor|Protect
|move|p1a: Zapdos|Volt Switch|p2a: Gliscor
|-activate|p2a: Gliscor|move: Protect
|
|-damage|p1a: Zapdos|33/100 tox|[from] psn
|-heal|p2a: Gliscor|76/100 tox|[from] ability: Poison Heal
|upkeep
|turn|27
|
|t:|1760881746
|move|p1a: Zapdos|Volt Switch|p2a: Gliscor
|-supereffective|p2a: Gliscor
|-damage|p2a: Gliscor|24/100 tox
|
|t:|1760881754
|switch|p1a: Iron Treads|Iron Treads|56/100|[from] Volt Switch
|move|p2a: Gliscor|Earthquake|p1a: Iron Treads
|-supereffective|p1a: Iron Treads
|-damage|p1a: Iron Treads|0 fnt
|faint|p1a: Iron Treads
|-end|p1a: Iron Treads|Quark Drive|[silent]
|
|-heal|p2a: Gliscor|37/100 tox|[from] ability: Poison Heal
|upkeep
|
|t:|1760881757
|switch|p1a: Dragapult|Dragapult, F|57/100
|turn|28
|
|t:|1760881759
|move|p2a: Gliscor|Protect|p2a: Gliscor
|-singleturn|p2a: Gliscor|Protect
|move|p1a: Dragapult|Dragon Darts|p2a: Gliscor
|-activate|p2a: Gliscor|move: Protect
|
|-heal|p2a: Gliscor|49/100 tox|[from] ability: Poison Heal
|upkeep
|turn|29
|
|t:|1760881763
|switch|p1a: Ogerpon|Ogerpon-Wellspring-Tera, F, tera:Water|63/100 tox
|-ability|p1a: Ogerpon|Embody Aspect (Wellspring)|boost
|-boost|p1a: Ogerpon|spd|1
|switch|p2a: Clefable|Clefable, M|100/100
|
|-damage|p1a: Ogerpon|57/100 tox|[from] psn
|upkeep
|turn|30
|
|t:|1760881772
|switch|p2a: Dragapult|Dragapult, F|100/100
|move|p1a: Ogerpon|U-turn|p2a: Dragapult
|-resisted|p2a: Dragapult
|-damage|p2a: Dragapult|81/100
|
|t:|1760881782
|switch|p1a: Dragapult|Dragapult, F|57/100|[from] U-turn
|
|upkeep
|turn|31
|
|t:|1760881788
|switch|p2a: Clefable|Clefable, M|100/100
|move|p1a: Dragapult|U-turn|p2a: Clefable
|-resisted|p2a: Clefable
|-damage|p2a: Clefable|87/100
|
|t:|1760881796
|switch|p1a: Ogerpon|Ogerpon-Wellspring-Tera, F, tera:Water|57/100 tox|[from] U-turn
|-ability|p1a: Ogerpon|Embody Aspect (Wellspring)|boost
|-boost|p1a: Ogerpon|spd|1
|
|-damage|p1a: Ogerpon|51/100 tox|[from] psn
|upkeep
|turn|32
|
|t:|1760881800
|move|p1a: Ogerpon|Spikes|p2a: Clefable
|-sidestart|p2: ouww miguel o hara|Spikes
|move|p2a: Clefable|Moonlight|p2a: Clefable
|-heal|p2a: Clefable|100/100
|
|-damage|p1a: Ogerpon|39/100 tox|[from] psn
|upkeep
|turn|33
|
|t:|1760881808
|move|p1a: Ogerpon|Ivy Cudgel|p2a: Clefable|[anim] Ivy Cudgel Water
|-damage|p2a: Clefable|45/100
|move|p2a: Clefable|Moonlight|p2a: Clefable
|-heal|p2a: Clefable|95/100
|
|-damage|p1a: Ogerpon|21/100 tox|[from] psn
|upkeep
|turn|34
|
|t:|1760881814
|move|p1a: Ogerpon|Spikes|p2a: Clefable
|-sidestart|p2: ouww miguel o hara|Spikes
|move|p2a: Clefable|Moonlight|p2a: Clefable
|-heal|p2a: Clefable|100/100
|
|-damage|p1a: Ogerpon|0 fnt|[from] psn
|faint|p1a: Ogerpon
|detailschange|p1: Ogerpon|Ogerpon-Wellspring, F|[silent]
|upkeep
|
|t:|1760881822
|switch|p1a: Zapdos|Zapdos|33/100 tox
|turn|35
|
|t:|1760881825
|switch|p2a: Blissey|Blissey, F|62/100
|-damage|p2a: Blissey|50/100|[from] Stealth Rock
|-damage|p2a: Blissey|33/100|[from] Spikes
|move|p1a: Zapdos|Roost|p1a: Zapdos
|-heal|p1a: Zapdos|84/100 tox
|-singleturn|p1a: Zapdos|move: Roost
|
|-damage|p1a: Zapdos|78/100 tox|[from] psn
|upkeep
|turn|36
|
|t:|1760881831
|move|p1a: Zapdos|Volt Switch|p2a: Blissey
|-damage|p2a: Blissey|22/100
|
|t:|1760881833
|switch|p1a: Zamazenta|Zamazenta|100/100|[from] Volt Switch
|-ability|p1a: Zamazenta|Dauntless Shield|boost
|-boost|p1a: Zamazenta|def|1
|move|p2a: Blissey|Stealth Rock|p1a: Zamazenta
|-sidestart|p1: aPersonOrSomething|move: Stealth Rock
|
|upkeep
|turn|37
|
|t:|1760881842
|switch|p1a: Zapdos|Zapdos|78/100 tox
|-damage|p1a: Zapdos|53/100 tox|[from] Stealth Rock
|move|p2a: Blissey|Thunder Wave||[still]
|-fail|p2a: Blissey
|
|-damage|p1a: Zapdos|47/100 tox|[from] psn
|upkeep
|turn|38
|
|t:|1760881845
|move|p1a: Zapdos|Roost|p1a: Zapdos
|-heal|p1a: Zapdos|97/100 tox
|-singleturn|p1a: Zapdos|move: Roost
|move|p2a: Blissey|Soft-Boiled|p2a: Blissey
|-heal|p2a: Blissey|72/100
|
|-damage|p1a: Zapdos|85/100 tox|[from] psn
|upkeep
|turn|39
|
|t:|1760881849
|move|p1a: Zapdos|Volt Switch|p2a: Blissey
|-damage|p2a: Blissey|62/100
|
|t:|1760881856
|switch|p1a: Zamazenta|Zamazenta|100/100|[from] Volt Switch
|-damage|p1a: Zamazenta|94/100|[from] Stealth Rock
|move|p2a: Blissey|Thunder Wave|p1a: Zamazenta
|-status|p1a: Zamazenta|par
|
|-heal|p1a: Zamazenta|100/100 par|[from] item: Leftovers
|upkeep
|turn|40
|
|t:|1760881875
|cant|p1a: Zamazenta|par
|move|p2a: Blissey|Ice Beam|p1a: Zamazenta
|-damage|p1a: Zamazenta|85/100 par
|
|-heal|p1a: Zamazenta|91/100 par|[from] item: Leftovers
|upkeep
|turn|41
|
|t:|1760881880
|switch|p2a: Clefable|Clefable, M|100/100
|cant|p1a: Zamazenta|par
|
|-heal|p1a: Zamazenta|97/100 par|[from] item: Leftovers
|upkeep
|turn|42
|
|t:|1760881891
|switch|p1a: Zapdos|Zapdos|85/100 tox
|-damage|p1a: Zapdos|60/100 tox|[from] Stealth Rock
|move|p2a: Clefable|Moonblast|p1a: Zapdos
|-damage|p1a: Zapdos|29/100 tox
|-unboost|p1a: Zapdos|spa|1
|
|-damage|p1a: Zapdos|23/100 tox|[from] psn
|upkeep
|turn|43
|
|t:|1760881898
|switch|p2a: Dragapult|Dragapult, F|81/100
|move|p1a: Zapdos|Roost|p1a: Zapdos
|-heal|p1a: Zapdos|73/100 tox
|-singleturn|p1a: Zapdos|move: Roost
|
|-damage|p1a: Zapdos|61/100 tox|[from] psn
|upkeep
|turn|44
|
|t:|1760881906
|move|p2a: Dragapult|Hex|p1a: Zapdos
|-damage|p1a: Zapdos|8/100 tox
|move|p1a: Zapdos|Volt Switch|p2a: Dragapult
|-resisted|p2a: Dragapult
|-damage|p2a: Dragapult|65/100
|
|t:|1760881910
|switch|p1a: Dragapult|Dragapult, F|57/100|[from] Volt Switch
|-damage|p1a: Dragapult|45/100|[from] Stealth Rock
|
|upkeep
|turn|45
|-message|aPersonOrSomething forfeited.
|
|win|ouww miguel o hara
|raw|aPersonOrSomething's rating: 1681 &rarr; <strong>1671</strong><br />(-10 for losing)
|raw|ouww miguel o hara's rating: 1862 &rarr; <strong>1872</strong><br />(+10 for winning)
|l|☆ouww miguel o hara
|player|p2|
|l|☆aPersonOrSomething
|player|p1|
