|j|☆New Redemptioin
|j|☆151htyrneh
|t:|1760778414
|gametype|singles
|player|p1|New Redemptioin|169|1577
|player|p2|151htyrneh|wallace|1650
|gen|9
|tier|[Gen 9] OU
|rated|
|rule|HP Percentage Mod: HP is shown in percentages
|rule|Endless Battle Clause: Forcing endless battles is banned
|rule|Species Clause: Limit one of each Pokémon
|rule|OHKO Clause: OHKO moves are banned
|rule|Evasion Items Clause: Evasion items are banned
|rule|Evasion Moves Clause: Evasion moves are banned
|rule|Evasion Abilities Clause: Evasion abilities are banned
|rule|Sleep Moves Clause: Sleep-inducing moves are banned
|clearpoke
|poke|p1|Pelipper, F|
|poke|p1|Barraskewda, M|
|poke|p1|Iron Treads|
|poke|p1|Hatterene, F|
|poke|p1|Raging Bolt|
|poke|p1|Meowscarada, M|
|poke|p2|Blissey, F|
|poke|p2|Skarmory, F|
|poke|p2|Clodsire, F|
|poke|p2|Gliscor, F|
|poke|p2|Amoonguss, M|
|poke|p2|Clefable, F|
|teampreview
|inactive|Battle timer is ON: inactive players will automatically lose when time's up. (requested by New Redemptioin)
|j| amogus pogus
|
|t:|1760778450
|teamsize|p1|6
|teamsize|p2|6
|start
|switch|p1a: Pelipper|Pelipper, F|100/100
|switch|p2a: Amoonguss|Amoonguss, M|100/100
|-weather|RainDance|[from] ability: Drizzle|[of] p1a: Pelipper
|turn|1
|
|t:|1760778454
|switch|p1a: Hatterene|Hatterene, F|100/100
|switch|p2a: Blissey|Blissey, F|100/100
|
|-weather|RainDance|[upkeep]
|upkeep
|turn|2
|
|t:|1760778459
|move|p2a: Blissey|Seismic Toss|p1a: Hatterene
|-damage|p1a: Hatterene|69/100
|-enditem|p1a: Hatterene|Eject Button
|
|t:|1760778461
|switch|p1a: Barraskewda|Barraskewda, M|100/100
|
|-weather|RainDance|[upkeep]
|upkeep
|turn|3
|
|t:|1760778464
|switch|p2a: Amoonguss|Amoonguss, M|100/100
|move|p1a: Barraskewda|Flip Turn|p2a: Amoonguss
|-resisted|p2a: Amoonguss
|-damage|p2a: Amoonguss|73/100
|
|t:|1760778469
|switch|p1a: Meowscarada|Meowscarada, M|100/100|[from] Flip Turn
|
|-weather|RainDance|[upkeep]
|upkeep
|turn|4
|
|t:|1760778472
|move|p1a: Meowscarada|U-turn|p2a: Amoonguss
|-start|p1a: Meowscarada|typechange|Bug|[from] ability: Protean
|-damage|p2a: Amoonguss|49/100
|
|t:|1760778477
|switch|p1a: Iron Treads|Iron Treads|100/100|[from] U-turn
|move|p2a: Amoonguss|Synthesis|p2a: Amoonguss
|-heal|p2a: Amoonguss|74/100
|
|-weather|RainDance|[upkeep]
|upkeep
|turn|5
|
|t:|1760778484
|move|p1a: Iron Treads|Ice Spinner|p2a: Amoonguss
|-supereffective|p2a: Amoonguss
|-damage|p2a: Amoonguss|40/100
|move|p2a: Amoonguss|Stomping Tantrum|p1a: Iron Treads
|-supereffective|p1a: Iron Treads
|-damage|p1a: Iron Treads|76/100
|
|-weather|RainDance|[upkeep]
|upkeep
|turn|6
|
|t:|1760778491
|switch|p2a: Skarmory|Skarmory, F|100/100
|move|p1a: Iron Treads|Volt Switch|p2a: Skarmory
|-supereffective|p2a: Skarmory
|-damage|p2a: Skarmory|69/100
|
|t:|1760778494
|-end|p1a: Iron Treads|Quark Drive|[silent]
|switch|p1a: Raging Bolt|Raging Bolt|100/100|[from] Volt Switch
|
|-weather|RainDance|[upkeep]
|upkeep
|turn|7
|
|t:|1760778500
|switch|p2a: Blissey|Blissey, F|100/100
|move|p1a: Raging Bolt|Draco Meteor|p2a: Blissey|[miss]
|-miss|p1a: Raging Bolt|p2a: Blissey
|
|-weather|RainDance|[upkeep]
|upkeep
|turn|8
|
|t:|1760778505
|-end|p1a: Raging Bolt|Protosynthesis|[silent]
|switch|p1a: Meowscarada|Meowscarada, M|100/100
|move|p2a: Blissey|Light Screen|p2a: Blissey
|-sidestart|p2: 151htyrneh|move: Light Screen
|
|-weather|none
|upkeep
|turn|9
|
|t:|1760778508
|switch|p2a: Skarmory|Skarmory, F|69/100
|move|p1a: Meowscarada|U-turn|p2a: Skarmory
|-start|p1a: Meowscarada|typechange|Bug|[from] ability: Protean
|-resisted|p2a: Skarmory
|-damage|p2a: Skarmory|64/100
|-damage|p1a: Meowscarada|84/100|[from] item: Rocky Helmet|[of] p2a: Skarmory
|
|t:|1760778510
|switch|p1a: Pelipper|Pelipper, F|100/100|[from] U-turn
|-weather|RainDance|[from] ability: Drizzle|[of] p1a: Pelipper
|
|-weather|RainDance|[upkeep]
|upkeep
|turn|10
|
|t:|1760778516
|switch|p2a: Blissey|Blissey, F|100/100
|move|p1a: Pelipper|Knock Off|p2a: Blissey
|-crit|p2a: Blissey
|-damage|p2a: Blissey|82/100
|-enditem|p2a: Blissey|Heavy-Duty Boots|[from] move: Knock Off|[of] p1a: Pelipper
|
|-weather|RainDance|[upkeep]
|upkeep
|turn|11
|
|t:|1760778523
|move|p2a: Blissey|Trick|p1a: Pelipper
|-activate|p2a: Blissey|move: Trick|[of] p1a: Pelipper
|-enditem|p1a: Pelipper|Damp Rock|[silent]|[from] move: Trick
|-item|p2a: Blissey|Damp Rock|[from] move: Trick
|move|p1a: Pelipper|U-turn|p2a: Blissey
|-damage|p2a: Blissey|72/100
|j| deepesh1
|
|t:|1760778531
|switch|p1a: Barraskewda|Barraskewda, M|100/100|[from] U-turn
|
|-weather|RainDance|[upkeep]
|upkeep
|turn|12
|
|t:|1760778538
|switch|p2a: Amoonguss|Amoonguss, M|74/100
|-terastallize|p1a: Barraskewda|Water
|move|p1a: Barraskewda|Liquidation|p2a: Amoonguss
|-resisted|p2a: Amoonguss
|-damage|p2a: Amoonguss|25/100
|
|-weather|RainDance|[upkeep]
|-sideend|p2: 151htyrneh|move: Light Screen
|upkeep
|turn|13
|
|t:|1760778544
|switch|p2a: Skarmory|Skarmory, F|64/100
|move|p1a: Barraskewda|Liquidation|p2a: Skarmory
|-damage|p2a: Skarmory|0 fnt
|-damage|p1a: Barraskewda|84/100|[from] item: Rocky Helmet|[of] p2a: Skarmory
|faint|p2a: Skarmory
|
|-weather|RainDance|[upkeep]
|upkeep
|
|t:|1760778546
|switch|p2a: Amoonguss|Amoonguss, M|58/100
|turn|14
|
|t:|1760778561
|switch|p1a: Raging Bolt|Raging Bolt|100/100
|move|p2a: Amoonguss|Synthesis|p2a: Amoonguss
|-heal|p2a: Amoonguss|83/100
|
|-weather|RainDance|[upkeep]
|upkeep
|turn|15
|
|t:|1760778565
|switch|p2a: Clodsire|Clodsire, F|100/100
|move|p1a: Raging Bolt|Volt Switch|p2a: Clodsire
|-immune|p2a: Clodsire
|
|-weather|RainDance|[upkeep]
|upkeep
|turn|16
|
|t:|1760778571
|-end|p1a: Raging Bolt|Protosynthesis|[silent]
|switch|p1a: Iron Treads|Iron Treads|76/100
|move|p2a: Clodsire|Earthquake|p1a: Iron Treads
|-supereffective|p1a: Iron Treads
|-damage|p1a: Iron Treads|26/100
|
|-weather|none
|upkeep
|turn|17
|
|t:|1760778574
|switch|p2a: Gliscor|Gliscor, F|100/100
|move|p1a: Iron Treads|Earthquake|p2a: Gliscor
|-immune|p2a: Gliscor
|
|-status|p2a: Gliscor|tox|[from] item: Toxic Orb
|upkeep
|turn|18
|
|t:|1760778585
|-end|p1a: Iron Treads|Quark Drive|[silent]
|switch|p1a: Hatterene|Hatterene, F|69/100
|move|p2a: Gliscor|Protect||[still]
|-fail|p2a: Gliscor
|
|upkeep
|turn|19
|
|t:|1760778589
|move|p2a: Gliscor|Swords Dance|p2a: Gliscor
|-boost|p2a: Gliscor|atk|2
|move|p1a: Hatterene|Healing Wish|p1a: Hatterene
|faint|p1a: Hatterene
|
|upkeep
|
|t:|1760778590
|switch|p1a: Iron Treads|Iron Treads|26/100
|-heal|p1a: Iron Treads|100/100|[from] move: Healing Wish
|turn|20
|
|t:|1760778596
|-end|p1a: Iron Treads|Quark Drive|[silent]
|switch|p1a: Pelipper|Pelipper, F|100/100
|-weather|RainDance|[from] ability: Drizzle|[of] p1a: Pelipper
|move|p2a: Gliscor|Protect||[still]
|-fail|p2a: Gliscor
|
|-weather|RainDance|[upkeep]
|upkeep
|turn|21
|
|t:|1760778601
|move|p2a: Gliscor|Facade|p1a: Pelipper
|-damage|p1a: Pelipper|54/100
|move|p1a: Pelipper|U-turn|p2a: Gliscor
|-resisted|p2a: Gliscor
|-damage|p2a: Gliscor|97/100 tox
|
|t:|1760778605
|switch|p1a: Barraskewda|Barraskewda, M, tera:Water|84/100|[from] U-turn
|
|-weather|RainDance|[upkeep]
|-heal|p2a: Gliscor|100/100 tox|[from] ability: Poison Heal
|upkeep
|turn|22
|
|t:|1760778607
|move|p2a: Gliscor|Protect|p2a: Gliscor
|-singleturn|p2a: Gliscor|Protect
|move|p1a: Barraskewda|Liquidation|p2a: Gliscor
|-activate|p2a: Gliscor|move: Protect
|
|-weather|RainDance|[upkeep]
|upkeep
|turn|23
|
|t:|1760778609
|switch|p2a: Amoonguss|Amoonguss, M|100/100
|move|p1a: Barraskewda|Liquidation|p2a: Amoonguss
|-resisted|p2a: Amoonguss
|-damage|p2a: Amoonguss|48/100
|
|-weather|RainDance|[upkeep]
|upkeep
|turn|24
|
|t:|1760778616
|switch|p2a: Clefable|Clefable, F|100/100
|move|p1a: Barraskewda|Liquidation|p2a: Clefable
|-damage|p2a: Clefable|0 fnt
|faint|p2a: Clefable
|
|-weather|none
|upkeep
|
|t:|1760778618
|switch|p2a: Gliscor|Gliscor, F|100/100 tox
|turn|25
|j| PQPP214
|j| Golem Rising
|
|t:|1760778624
|-terastallize|p2a: Gliscor|Normal
|move|p1a: Barraskewda|Liquidation|p2a: Gliscor
|-damage|p2a: Gliscor|32/100 tox
|move|p2a: Gliscor|Facade|p1a: Barraskewda
|-damage|p1a: Barraskewda|0 fnt
|faint|p1a: Barraskewda
|
|-heal|p2a: Gliscor|45/100 tox|[from] ability: Poison Heal
|upkeep
|l| Golem Rising
|j| iamfrhaan007
|
|t:|1760778641
|switch|p1a: Raging Bolt|Raging Bolt|100/100
|turn|26
|
|t:|1760778643
|move|p2a: Gliscor|Protect|p2a: Gliscor
|-singleturn|p2a: Gliscor|Protect
|move|p1a: Raging Bolt|Dragon Pulse|p2a: Gliscor
|-activate|p2a: Gliscor|move: Protect
|
|-heal|p2a: Gliscor|57/100 tox|[from] ability: Poison Heal
|upkeep
|turn|27
|
|t:|1760778647
|switch|p2a: Blissey|Blissey, F|72/100
|move|p1a: Raging Bolt|Dragon Pulse|p2a: Blissey
|-damage|p2a: Blissey|48/100
|
|upkeep
|turn|28
|
|t:|1760778653
|-end|p1a: Raging Bolt|Protosynthesis|[silent]
|switch|p1a: Meowscarada|Meowscarada, M|84/100
|move|p2a: Blissey|Soft-Boiled|p2a: Blissey
|-heal|p2a: Blissey|98/100
|
|upkeep
|turn|29
|
|t:|1760778657
|switch|p2a: Amoonguss|Amoonguss, M|81/100
|move|p1a: Meowscarada|Triple Axel|p2a: Amoonguss
|-start|p1a: Meowscarada|typechange|Ice|[from] ability: Protean
|-supereffective|p2a: Amoonguss
|-damage|p2a: Amoonguss|67/100
|-supereffective|p2a: Amoonguss
|-damage|p2a: Amoonguss|37/100
|-supereffective|p2a: Amoonguss
|-damage|p2a: Amoonguss|0 fnt
|faint|p2a: Amoonguss
|-hitcount|p2: Amoonguss|3
|
|upkeep
|
|t:|1760778663
|switch|p2a: Gliscor|Gliscor, F, tera:Normal|57/100 tox
|turn|30
|
|t:|1760778667
|move|p2a: Gliscor|Protect|p2a: Gliscor
|-singleturn|p2a: Gliscor|Protect
|move|p1a: Meowscarada|Triple Axel|p2a: Gliscor
|-activate|p2a: Gliscor|move: Protect
|
|-heal|p2a: Gliscor|70/100 tox|[from] ability: Poison Heal
|upkeep
|turn|31
|
|t:|1760778672
|switch|p1a: Pelipper|Pelipper, F|54/100
|-weather|RainDance|[from] ability: Drizzle|[of] p1a: Pelipper
|move|p2a: Gliscor|Facade|p1a: Pelipper
|-damage|p1a: Pelipper|20/100
|
|-weather|RainDance|[upkeep]
|-heal|p2a: Gliscor|82/100 tox|[from] ability: Poison Heal
|upkeep
|turn|32
|
|t:|1760778674
|move|p2a: Gliscor|Facade|p1a: Pelipper
|-damage|p1a: Pelipper|0 fnt
|faint|p1a: Pelipper
|
|-weather|RainDance|[upkeep]
|-heal|p2a: Gliscor|95/100 tox|[from] ability: Poison Heal
|upkeep
|
|t:|1760778676
|switch|p1a: Raging Bolt|Raging Bolt|100/100
|turn|33
|
|t:|1760778679
|move|p2a: Gliscor|Protect|p2a: Gliscor
|-singleturn|p2a: Gliscor|Protect
|move|p1a: Raging Bolt|Dragon Pulse|p2a: Gliscor
|-activate|p2a: Gliscor|move: Protect
|
|-weather|RainDance|[upkeep]
|-heal|p2a: Gliscor|100/100 tox|[from] ability: Poison Heal
|upkeep
|turn|34
|
|t:|1760778686
|-end|p1a: Raging Bolt|Protosynthesis|[silent]
|switch|p1a: Meowscarada|Meowscarada, M|84/100
|move|p2a: Gliscor|Facade|p1a: Meowscarada
|-damage|p1a: Meowscarada|8/100
|
|-weather|RainDance|[upkeep]
|upkeep
|turn|35
|
|t:|1760778692
|move|p1a: Meowscarada|Flower Trick|p2a: Gliscor
|-start|p1a: Meowscarada|typechange|Grass|[from] ability: Protean
|-crit|p2a: Gliscor
|-damage|p2a: Gliscor|62/100 tox
|move|p2a: Gliscor|Facade|p1a: Meowscarada
|-damage|p1a: Meowscarada|0 fnt
|faint|p1a: Meowscarada
|
|-weather|none
|-heal|p2a: Gliscor|75/100 tox|[from] ability: Poison Heal
|upkeep
|
|t:|1760778697
|switch|p1a: Raging Bolt|Raging Bolt|100/100
|turn|36
|
|t:|1760778699
|move|p2a: Gliscor|Protect|p2a: Gliscor
|-singleturn|p2a: Gliscor|Protect
|move|p1a: Raging Bolt|Dragon Pulse|p2a: Gliscor
|-activate|p2a: Gliscor|move: Protect
|
|-heal|p2a: Gliscor|87/100 tox|[from] ability: Poison Heal
|upkeep
|turn|37
|l| amogus pogus
|
|t:|1760778702
|switch|p2a: Blissey|Blissey, F|98/100
|move|p1a: Raging Bolt|Dragon Pulse|p2a: Blissey
|-damage|p2a: Blissey|76/100
|
|upkeep
|turn|38
|
|t:|1760778705
|-end|p1a: Raging Bolt|Protosynthesis|[silent]
|switch|p1a: Iron Treads|Iron Treads|100/100
|move|p2a: Blissey|Seismic Toss|p1a: Iron Treads
|-damage|p1a: Iron Treads|69/100
|
|upkeep
|turn|39
|
|t:|1760778708
|switch|p2a: Gliscor|Gliscor, F, tera:Normal|87/100 tox
|move|p1a: Iron Treads|Earthquake|p2a: Gliscor
|-damage|p2a: Gliscor|48/100 tox
|
|-heal|p2a: Gliscor|60/100 tox|[from] ability: Poison Heal
|upkeep
|turn|40
|
|t:|1760778711
|move|p1a: Iron Treads|Earthquake|p2a: Gliscor
|-damage|p2a: Gliscor|24/100 tox
|move|p2a: Gliscor|Knock Off|p1a: Iron Treads
|-damage|p1a: Iron Treads|50/100
|-enditem|p1a: Iron Treads|Heavy-Duty Boots|[from] move: Knock Off|[of] p2a: Gliscor
|
|-heal|p2a: Gliscor|37/100 tox|[from] ability: Poison Heal
|upkeep
|turn|41
|
|t:|1760778713
|move|p2a: Gliscor|Protect|p2a: Gliscor
|-singleturn|p2a: Gliscor|Protect
|move|p1a: Iron Treads|Earthquake|p2a: Gliscor
|-activate|p2a: Gliscor|move: Protect
|
|-heal|p2a: Gliscor|49/100 tox|[from] ability: Poison Heal
|upkeep
|turn|42
|
|t:|1760778717
|move|p1a: Iron Treads|Earthquake|p2a: Gliscor
|-damage|p2a: Gliscor|15/100 tox
|move|p2a: Gliscor|Facade|p1a: Iron Treads
|-resisted|p1a: Iron Treads
|-damage|p1a: Iron Treads|30/100
|
|-heal|p2a: Gliscor|27/100 tox|[from] ability: Poison Heal
|upkeep
|turn|43
|
|t:|1760778720
|move|p2a: Gliscor|Protect|p2a: Gliscor
|-singleturn|p2a: Gliscor|Protect
|move|p1a: Iron Treads|Earthquake|p2a: Gliscor
|-activate|p2a: Gliscor|move: Protect
|
|-heal|p2a: Gliscor|40/100 tox|[from] ability: Poison Heal
|upkeep
|turn|44
|
|t:|1760778723
|move|p1a: Iron Treads|Earthquake|p2a: Gliscor
|-damage|p2a: Gliscor|6/100 tox
|move|p2a: Gliscor|Facade|p1a: Iron Treads
|-resisted|p1a: Iron Treads
|-damage|p1a: Iron Treads|10/100
|
|-heal|p2a: Gliscor|19/100 tox|[from] ability: Poison Heal
|upkeep
|turn|45
|
|t:|1760778726
|move|p2a: Gliscor|Protect|p2a: Gliscor
|-singleturn|p2a: Gliscor|Protect
|move|p1a: Iron Treads|Earthquake|p2a: Gliscor
|-activate|p2a: Gliscor|move: Protect
|
|-heal|p2a: Gliscor|31/100 tox|[from] ability: Poison Heal
|upkeep
|turn|46
|
|t:|1760778737
|move|p1a: Iron Treads|Earthquake|p2a: Gliscor
|-damage|p2a: Gliscor|0 fnt
|faint|p2a: Gliscor
|
|upkeep
|
|t:|1760778738
|switch|p2a: Clodsire|Clodsire, F|100/100
|turn|47
|
|t:|1760778740
|move|p1a: Iron Treads|Earthquake|p2a: Clodsire
|-supereffective|p2a: Clodsire
|-damage|p2a: Clodsire|0 fnt
|faint|p2a: Clodsire
|
|upkeep
|
|t:|1760778743
|switch|p2a: Blissey|Blissey, F|76/100
|turn|48
|
|t:|1760778746
|move|p1a: Iron Treads|Earthquake|p2a: Blissey
|-damage|p2a: Blissey|30/100
|move|p2a: Blissey|Soft-Boiled|p2a: Blissey
|-heal|p2a: Blissey|80/100
|
|upkeep
|turn|49
|
|t:|1760778751
|move|p1a: Iron Treads|Earthquake|p2a: Blissey
|-damage|p2a: Blissey|29/100
|move|p2a: Blissey|Seismic Toss|p1a: Iron Treads
|-damage|p1a: Iron Treads|0 fnt
|faint|p1a: Iron Treads
|-end|p1a: Iron Treads|Quark Drive|[silent]
|
|upkeep
|
|t:|1760778754
|switch|p1a: Raging Bolt|Raging Bolt|100/100
|turn|50
|
|t:|1760778756
|move|p1a: Raging Bolt|Draco Meteor|p2a: Blissey
|-damage|p2a: Blissey|0 fnt
|-unboost|p1a: Raging Bolt|spa|2
|faint|p2a: Blissey
|
|win|New Redemptioin
|raw|New Redemptioin's rating: 1577 &rarr; <strong>1601</strong><br />(+24 for winning)
|raw|151htyrneh's rating: 1650 &rarr; <strong>1626</strong><br />(-24 for losing)
|l|☆New Redemptioin
|player|p1|
|l|☆151htyrneh
|player|p2|
