|j|☆karakel
|j|☆Mreda
|t:|1760883787
|gametype|singles
|player|p1|karakel|cowgirl|1543
|player|p2|Mreda|170|1515
|gen|9
|tier|[Gen 9] OU
|rated|
|rule|HP Percentage Mod: HP is shown in percentages
|rule|Endless Battle Clause: Forcing endless battles is banned
|rule|Species Clause: Limit one of each Pokémon
|rule|OHKO Clause: OHKO moves are banned
|rule|Evasion Items Clause: Evasion items are banned
|rule|Evasion Moves Clause: Evasion moves are banned
|rule|Evasion Abilities Clause: Evasion abilities are banned
|rule|Sleep Moves Clause: Sleep-inducing moves are banned
|clearpoke
|poke|p1|Lilligant-Hisui, F|
|poke|p1|Ninetales, F|
|poke|p1|Great Tusk|
|poke|p1|Walking Wake|
|poke|p1|Cresselia, F|
|poke|p1|Cinderace, F|
|poke|p2|Moltres|
|poke|p2|Zamazenta-*|
|poke|p2|Corviknight, M|
|poke|p2|Garchomp, M|
|poke|p2|Clodsire, M|
|poke|p2|Kingambit, M|
|teampreview
|inactive|Battle timer is ON: inactive players will automatically lose when time's up. (requested by karakel)
|
|t:|1760883794
|teamsize|p1|6
|teamsize|p2|6
|start
|switch|p1a: Ninetales|Ninetales, F|100/100
|switch|p2a: Megalodon|Garchomp, M|100/100
|-weather|SunnyDay|[from] ability: Drought|[of] p1a: Ninetales
|turn|1
|
|t:|1760883804
|switch|p1a: Cresselia|Cresselia, F|100/100
|move|p2a: Megalodon|Scale Shot|p1a: Cresselia
|-damage|p1a: Cresselia|93/100
|-damage|p1a: Cresselia|84/100
|-damage|p1a: Cresselia|76/100
|-damage|p1a: Cresselia|69/100
|-hitcount|p1a: Cresselia|4
|-enditem|p1a: Cresselia|Eject Button
|-unboost|p2a: Megalodon|def|1
|-boost|p2a: Megalodon|spe|1
|
|t:|1760883809
|switch|p1a: Great Tusk|Great Tusk|100/100
|-activate|p1a: Great Tusk|ability: Protosynthesis
|-start|p1a: Great Tusk|protosynthesisspe
|
|-weather|SunnyDay|[upkeep]
|upkeep
|turn|2
|
|t:|1760883823
|switch|p2a: Marco|Moltres|100/100
|-end|p1a: Great Tusk|Protosynthesis|[silent]
|switch|p1a: Walking Wake|Walking Wake|100/100
|-activate|p1a: Walking Wake|ability: Protosynthesis
|-start|p1a: Walking Wake|protosynthesisspa
|
|-weather|SunnyDay|[upkeep]
|upkeep
|turn|3
|
|t:|1760883832
|switch|p2a: Jogäider|Clodsire, M|100/100
|move|p1a: Walking Wake|Hydro Steam|p2a: Jogäider
|-immune|p2a: Jogäider|[from] ability: Water Absorb
|
|-weather|SunnyDay|[upkeep]
|upkeep
|turn|4
|
|t:|1760883842
|-end|p1a: Walking Wake|Protosynthesis|[silent]
|switch|p1a: Great Tusk|Great Tusk|100/100
|-activate|p1a: Great Tusk|ability: Protosynthesis
|-start|p1a: Great Tusk|protosynthesisspe
|move|p2a: Jogäider|Toxic|p1a: Great Tusk
|-status|p1a: Great Tusk|tox
|
|-weather|SunnyDay|[upkeep]
|-damage|p1a: Great Tusk|94/100 tox|[from] psn
|upkeep
|turn|5
|
|t:|1760883855
|-end|p1a: Great Tusk|Protosynthesis|[silent]
|switch|p1a: Walking Wake|Walking Wake|100/100
|-activate|p1a: Walking Wake|ability: Protosynthesis
|-start|p1a: Walking Wake|protosynthesisspa
|switch|p2a: Marco|Moltres|100/100
|
|-weather|SunnyDay|[upkeep]
|upkeep
|turn|6
|
|t:|1760883866
|switch|p2a: Jogäider|Clodsire, M|100/100
|move|p1a: Walking Wake|Draco Meteor|p2a: Jogäider
|-damage|p2a: Jogäider|20/100
|-unboost|p1a: Walking Wake|spa|2
|
|-weather|SunnyDay|[upkeep]
|-heal|p2a: Jogäider|26/100|[from] item: Leftovers
|upkeep
|turn|7
|
|t:|1760883878
|switch|p2a: Igriş|Corviknight, M|100/100
|-ability|p2a: Igriş|Pressure
|move|p1a: Walking Wake|Draco Meteor|p2a: Igriş
|-resisted|p2a: Igriş
|-damage|p2a: Igriş|66/100
|-unboost|p1a: Walking Wake|spa|2
|
|-weather|SunnyDay|[upkeep]
|upkeep
|turn|8
|
|t:|1760883889
|-end|p1a: Walking Wake|Protosynthesis|[silent]
|switch|p1a: Cinderace|Cinderace, F|100/100
|switch|p2a: Jogäider|Clodsire, M|26/100
|
|-weather|none
|-heal|p2a: Jogäider|32/100|[from] item: Leftovers
|upkeep
|turn|9
|
|t:|1760883908
|switch|p2a: Marco|Moltres|100/100
|move|p1a: Cinderace|Pyro Ball|p2a: Marco
|-resisted|p2a: Marco
|-damage|p2a: Marco|80/100
|
|upkeep
|turn|10
|
|t:|1760883915
|switch|p1a: Ninetales|Ninetales, F|100/100
|-weather|SunnyDay|[from] ability: Drought|[of] p1a: Ninetales
|move|p2a: Marco|Flamethrower|p1a: Ninetales
|-resisted|p1a: Ninetales
|-damage|p1a: Ninetales|71/100
|
|-weather|SunnyDay|[upkeep]
|upkeep
|turn|11
|
|t:|1760883924
|switch|p1a: Walking Wake|Walking Wake|100/100
|-activate|p1a: Walking Wake|ability: Protosynthesis
|-start|p1a: Walking Wake|protosynthesisspa
|move|p2a: Marco|U-turn|p1a: Walking Wake
|-damage|p1a: Walking Wake|85/100
|
|t:|1760883937
|switch|p2a: Fuego|Zamazenta|100/100|[from] U-turn
|-ability|p2a: Fuego|Dauntless Shield|boost
|-boost|p2a: Fuego|def|1
|
|-weather|SunnyDay|[upkeep]
|upkeep
|turn|12
|
|t:|1760883944
|move|p2a: Fuego|Close Combat|p1a: Walking Wake
|-damage|p1a: Walking Wake|0 fnt
|-unboost|p2a: Fuego|def|1
|-unboost|p2a: Fuego|spd|1
|faint|p1a: Walking Wake
|-end|p1a: Walking Wake|Protosynthesis|[silent]
|
|-weather|SunnyDay|[upkeep]
|upkeep
|
|t:|1760883954
|switch|p1a: Cresselia|Cresselia, F|69/100
|turn|13
|
|t:|1760883962
|switch|p2a: Hanzo|Kingambit, M|100/100
|move|p1a: Cresselia|Thunder Wave|p2a: Hanzo
|-status|p2a: Hanzo|par
|
|-weather|SunnyDay|[upkeep]
|upkeep
|turn|14
|
|t:|1760883969
|-end|p2a: Hanzo|fallenundefined|[silent]
|switch|p2a: Jogäider|Clodsire, M|32/100
|move|p1a: Cresselia|Lunar Dance|p1a: Cresselia
|faint|p1a: Cresselia
|
|-weather|SunnyDay|[upkeep]
|-heal|p2a: Jogäider|38/100|[from] item: Leftovers
|upkeep
|
|t:|1760883972
|switch|p1a: Lilligant|Lilligant-Hisui, F|100/100
|turn|15
|
|t:|1760883983
|switch|p2a: Igriş|Corviknight, M|66/100
|-ability|p2a: Igriş|Pressure
|move|p1a: Lilligant|Solar Blade||[still]
|-prepare|p1a: Lilligant|Solar Blade
|-anim|p1a: Lilligant|Solar Blade|p2a: Igriş
|-resisted|p2a: Igriş
|-damage|p2a: Igriş|57/100
|-damage|p1a: Lilligant|84/100|[from] item: Rocky Helmet|[of] p2a: Igriş
|
|-weather|SunnyDay|[upkeep]
|-heal|p1a: Lilligant|90/100|[from] item: Leftovers
|upkeep
|turn|16
|
|t:|1760883996
|switch|p2a: Marco|Moltres|80/100
|-terastallize|p1a: Lilligant|Rock
|move|p1a: Lilligant|Victory Dance|p1a: Lilligant
|-boost|p1a: Lilligant|atk|1
|-boost|p1a: Lilligant|def|1
|-boost|p1a: Lilligant|spe|1
|
|-weather|SunnyDay|[upkeep]
|-heal|p1a: Lilligant|96/100|[from] item: Leftovers
|upkeep
|turn|17
|
|t:|1760884008
|move|p1a: Lilligant|Victory Dance|p1a: Lilligant
|-boost|p1a: Lilligant|atk|1
|-boost|p1a: Lilligant|def|1
|-boost|p1a: Lilligant|spe|1
|move|p2a: Marco|Roar|p1a: Lilligant
|drag|p1a: Cinderace|Cinderace, F|100/100
|-heal|p1a: Cinderace|100/100|[from] move: Lunar Dance
|
|-weather|none
|upkeep
|turn|18
|
|t:|1760884019
|move|p1a: Cinderace|U-turn|p2a: Marco
|-start|p1a: Cinderace|typechange|Bug|[from] ability: Libero
|-resisted|p2a: Marco
|-damage|p2a: Marco|74/100
|-status|p1a: Cinderace|brn|[from] ability: Flame Body|[of] p2a: Marco
|-message|karakel forfeited.
|
|win|Mreda
|raw|karakel's rating: 1543 &rarr; <strong>1521</strong><br />(-22 for losing)
|raw|Mreda's rating: 1515 &rarr; <strong>1537</strong><br />(+22 for winning)
