|j|☆girasol3456
|j|☆HZBKAI7
|t:|1760766929
|gametype|singles
|player|p1|girasol3456|lass-gen4dp|1109
|player|p2|HZBKAI7|2|1080
|gen|9
|tier|[Gen 9] OU
|rated|
|rule|HP Percentage Mod: HP is shown in percentages
|rule|Endless Battle Clause: Forcing endless battles is banned
|rule|Species Clause: Limit one of each Pokémon
|rule|OHKO Clause: OHKO moves are banned
|rule|Evasion Items Clause: Evasion items are banned
|rule|Evasion Moves Clause: Evasion moves are banned
|rule|Evasion Abilities Clause: Evasion abilities are banned
|rule|Sleep Moves Clause: Sleep-inducing moves are banned
|clearpoke
|poke|p1|Ninetales, M|
|poke|p1|Venusaur, M|
|poke|p1|Lilligant-Hisui, F|
|poke|p1|Ting-Lu|
|poke|p1|Raging Bolt|
|poke|p1|Bronzong|
|poke|p2|Diancie|
|poke|p2|Rillaboom, M|
|poke|p2|Necrozma|
|poke|p2|Corviknight, M|
|poke|p2|Ogerpon-Wellspring, F|
|poke|p2|Iron Hands|
|teampreview
|
|t:|1760766937
|teamsize|p1|6
|teamsize|p2|6
|start
|switch|p1a: Ninetales|Ninetales, M|100/100
|switch|p2a: Corviknight|Corviknight, M|100/100
|-weather|SunnyDay|[from] ability: Drought|[of] p1a: Ninetales
|-ability|p2a: Corviknight|Pressure
|turn|1
|
|t:|1760766953
|move|p1a: Ninetales|Will-O-Wisp|p2a: Corviknight|[miss]
|-miss|p1a: Ninetales|p2a: Corviknight
|move|p2a: Corviknight|Brave Bird|p1a: Ninetales
|-damage|p1a: Ninetales|54/100
|-damage|p2a: Corviknight|87/100|[from] Recoil
|
|-weather|SunnyDay|[upkeep]
|upkeep
|turn|2
|
|t:|1760766961
|move|p1a: Ninetales|Weather Ball|p2a: Corviknight
|-supereffective|p2a: Corviknight
|-damage|p2a: Corviknight|10/100
|move|p2a: Corviknight|Brave Bird|p1a: Ninetales
|-damage|p1a: Ninetales|12/100
|-damage|p2a: Corviknight|0 fnt|[from] Recoil
|faint|p2a: Corviknight
|
|-weather|SunnyDay|[upkeep]
|upkeep
|
|t:|1760766961
|switch|p2a: Diancie|Diancie|100/100
|turn|3
|
|t:|1760766977
|switch|p1a: Venusaur|Venusaur, M|100/100
|move|p2a: Diancie|Ancient Power|p1a: Venusaur
|-damage|p1a: Venusaur|66/100
|
|-weather|SunnyDay|[upkeep]
|upkeep
|turn|4
|
|t:|1760766988
|move|p1a: Venusaur|Growth|p1a: Venusaur
|-boost|p1a: Venusaur|atk|2
|-boost|p1a: Venusaur|spa|2
|move|p2a: Diancie|Ancient Power|p1a: Venusaur
|-damage|p1a: Venusaur|36/100
|
|-weather|SunnyDay|[upkeep]
|upkeep
|turn|5
|
|t:|1760766994
|move|p1a: Venusaur|Giga Drain|p2a: Diancie
|-supereffective|p2a: Diancie
|-damage|p2a: Diancie|0 fnt
|-heal|p1a: Venusaur|76/100|[from] drain|[of] p2a: Diancie
|faint|p2a: Diancie
|-damage|p1a: Venusaur|66/100|[from] item: Life Orb
|
|-weather|SunnyDay|[upkeep]
|upkeep
|
|t:|1760766994
|switch|p2a: Necrozma|Necrozma|100/100
|turn|6
|
|t:|1760767000
|-terastallize|p2a: Necrozma|Psychic
|move|p1a: Venusaur|Sludge Bomb|p2a: Necrozma
|-damage|p2a: Necrozma|3/100
|-status|p2a: Necrozma|psn
|-damage|p1a: Venusaur|56/100|[from] item: Life Orb
|move|p2a: Necrozma|Expanding Force|p1a: Venusaur
|-supereffective|p1a: Venusaur
|-damage|p1a: Venusaur|0 fnt
|faint|p1a: Venusaur
|
|-weather|SunnyDay|[upkeep]
|-heal|p2a: Necrozma|9/100 psn|[from] item: Leftovers
|-damage|p2a: Necrozma|0 fnt|[from] psn
|faint|p2a: Necrozma
|upkeep
|
|t:|1760767019
|switch|p1a: Raging Bolt|Raging Bolt|100/100
|switch|p2a: Iron Hands|Iron Hands|100/100
|-activate|p1a: Raging Bolt|ability: Protosynthesis
|-start|p1a: Raging Bolt|protosynthesisspa
|-enditem|p2a: Iron Hands|Booster Energy
|-activate|p2a: Iron Hands|ability: Quark Drive|[fromitem]
|-start|p2a: Iron Hands|quarkdriveatk
|turn|7
|
|t:|1760767033
|move|p1a: Raging Bolt|Dragon Pulse|p2a: Iron Hands
|-damage|p2a: Iron Hands|44/100
|move|p2a: Iron Hands|Ice Punch|p1a: Raging Bolt
|-supereffective|p1a: Raging Bolt
|-damage|p1a: Raging Bolt|28/100
|
|-weather|SunnyDay|[upkeep]
|-heal|p1a: Raging Bolt|34/100|[from] item: Leftovers
|upkeep
|turn|8
|
|t:|1760767038
|move|p1a: Raging Bolt|Dragon Pulse|p2a: Iron Hands
|-damage|p2a: Iron Hands|0 fnt
|faint|p2a: Iron Hands
|-end|p2a: Iron Hands|Quark Drive|[silent]
|
|-weather|none
|-end|p1a: Raging Bolt|Protosynthesis
|-heal|p1a: Raging Bolt|40/100|[from] item: Leftovers
|upkeep
|
|t:|1760767038
|switch|p2a: Ogerpon|Ogerpon-Wellspring, F|100/100
|turn|9
|
|t:|1760767048
|move|p1a: Raging Bolt|Thunderclap|p2a: Ogerpon
|-damage|p2a: Ogerpon|49/100
|move|p2a: Ogerpon|U-turn|p1a: Raging Bolt
|-damage|p1a: Raging Bolt|16/100
|
|t:|1760767048
|switch|p2a: Rillaboom|Rillaboom, M|100/100|[from] U-turn
|-fieldstart|move: Grassy Terrain|[from] ability: Grassy Surge|[of] p2a: Rillaboom
|
|-heal|p1a: Raging Bolt|22/100|[from] Grassy Terrain
|-heal|p1a: Raging Bolt|28/100|[from] item: Leftovers
|upkeep
|turn|10
|
|t:|1760767058
|-end|p1a: Raging Bolt|Protosynthesis|[silent]
|switch|p1a: Bronzong|Bronzong|100/100
|move|p2a: Rillaboom|U-turn|p1a: Bronzong
|-damage|p1a: Bronzong|79/100
|
|t:|1760767059
|switch|p2a: Ogerpon|Ogerpon-Wellspring, F|49/100|[from] U-turn
|
|-heal|p2a: Ogerpon|55/100|[from] Grassy Terrain
|-heal|p1a: Bronzong|85/100|[from] item: Leftovers
|upkeep
|turn|11
|
|t:|1760767068
|move|p2a: Ogerpon|Knock Off|p1a: Bronzong
|-supereffective|p1a: Bronzong
|-damage|p1a: Bronzong|16/100
|-enditem|p1a: Bronzong|Leftovers|[from] move: Knock Off|[of] p2a: Ogerpon
|move|p1a: Bronzong|Body Press|p2a: Ogerpon
|-damage|p2a: Ogerpon|25/100
|
|-heal|p2a: Ogerpon|31/100|[from] Grassy Terrain
|upkeep
|turn|12
|
|t:|1760767073
|move|p2a: Ogerpon|Knock Off|p1a: Bronzong
|-supereffective|p1a: Bronzong
|-damage|p1a: Bronzong|0 fnt
|faint|p1a: Bronzong
|
|-heal|p2a: Ogerpon|37/100|[from] Grassy Terrain
|upkeep
|
|t:|1760767078
|switch|p1a: Ninetales|Ninetales, M|12/100
|-weather|SunnyDay|[from] ability: Drought|[of] p1a: Ninetales
|turn|13
|
|t:|1760767081
|move|p2a: Ogerpon|Knock Off|p1a: Ninetales
|-damage|p1a: Ninetales|0 fnt
|-enditem|p1a: Ninetales|Heat Rock|[from] move: Knock Off|[of] p2a: Ogerpon
|faint|p1a: Ninetales
|
|-weather|SunnyDay|[upkeep]
|-heal|p2a: Ogerpon|43/100|[from] Grassy Terrain
|upkeep
|
|t:|1760767083
|switch|p1a: Lilligant|Lilligant-Hisui, F|100/100
|turn|14
|
|t:|1760767088
|move|p1a: Lilligant|Solar Blade||[still]
|-prepare|p1a: Lilligant|Solar Blade
|-anim|p1a: Lilligant|Solar Blade|p2a: Ogerpon
|-damage|p2a: Ogerpon|0 fnt
|faint|p2a: Ogerpon
|-damage|p1a: Lilligant|91/100|[from] item: Life Orb
|
|-weather|SunnyDay|[upkeep]
|-heal|p1a: Lilligant|97/100|[from] Grassy Terrain
|upkeep
|
|t:|1760767088
|switch|p2a: Rillaboom|Rillaboom, M|100/100
|turn|15
|
|t:|1760767094
|move|p1a: Lilligant|Triple Axel|p2a: Rillaboom
|-supereffective|p2a: Rillaboom
|-damage|p2a: Rillaboom|83/100
|-supereffective|p2a: Rillaboom
|-damage|p2a: Rillaboom|51/100
|-supereffective|p2a: Rillaboom
|-damage|p2a: Rillaboom|1/100
|-hitcount|p2a: Rillaboom|3
|-damage|p1a: Lilligant|87/100|[from] item: Life Orb
|move|p2a: Rillaboom|U-turn|p1a: Lilligant
|-damage|p1a: Lilligant|49/100
|
|-weather|SunnyDay|[upkeep]
|-heal|p1a: Lilligant|55/100|[from] Grassy Terrain
|-heal|p2a: Rillaboom|7/100|[from] Grassy Terrain
|upkeep
|turn|16
|
|t:|1760767101
|move|p1a: Lilligant|Close Combat|p2a: Rillaboom
|-damage|p2a: Rillaboom|0 fnt
|-unboost|p1a: Lilligant|def|1
|-unboost|p1a: Lilligant|spd|1
|faint|p2a: Rillaboom
|-damage|p1a: Lilligant|45/100|[from] item: Life Orb
|
|win|girasol3456
|raw|girasol3456's rating: 1109 &rarr; <strong>1132</strong><br />(+23 for winning)
|raw|HZBKAI7's rating: 1080 &rarr; <strong>1060</strong><br />(-20 for losing)
|l|☆HZBKAI7
|player|p2|
|l|☆girasol3456
|player|p1|
