|j|☆trippi-troppi6969
|j|☆bigmas120
|t:|1760764971
|gametype|singles
|player|p1|trippi-troppi6969|ghetsis|1069
|player|p2|bigmas120|sage|1115
|gen|9
|tier|[Gen 9] OU
|rated|
|rule|HP Percentage Mod: HP is shown in percentages
|rule|Endless Battle Clause: Forcing endless battles is banned
|rule|Species Clause: Limit one of each Pokémon
|rule|OHKO Clause: OHKO moves are banned
|rule|Evasion Items Clause: Evasion items are banned
|rule|Evasion Moves Clause: Evasion moves are banned
|rule|Evasion Abilities Clause: Evasion abilities are banned
|rule|Sleep Moves Clause: Sleep-inducing moves are banned
|clearpoke
|poke|p1|Moltres|
|poke|p1|Sandaconda, M|
|poke|p1|Goodra-Hisui, F|
|poke|p1|Iron Valiant|
|poke|p1|Minior-Violet|
|poke|p1|Lilligant-Hisui, F|
|poke|p2|Bronzong|
|poke|p2|Latios, M|
|poke|p2|Froslass, F|
|poke|p2|Infernape, F|
|poke|p2|Salamence, M|
|poke|p2|Kyurem|
|teampreview
|inactive|Battle timer is ON: inactive players will automatically lose when time's up. (requested by bigmas120)
|inactive|trippi-troppi6969 also wants the timer to be on.
|
|t:|1760764994
|teamsize|p1|6
|teamsize|p2|6
|start
|switch|p1a: Minior|Minior-Violet|100/100
|switch|p2a: Latios|Latios, M|100/100
|-formechange|p1a: Minior|Minior-Meteor||[from] ability: Shields Down
|turn|1
|
|t:|1760765003
|move|p2a: Latios|Dragon Dance|p2a: Latios
|-boost|p2a: Latios|atk|1
|-boost|p2a: Latios|spe|1
|move|p1a: Minior|Shell Smash|p1a: Minior
|-unboost|p1a: Minior|def|1
|-unboost|p1a: Minior|spd|1
|-boost|p1a: Minior|atk|2
|-boost|p1a: Minior|spa|2
|-boost|p1a: Minior|spe|2
|-enditem|p1a: Minior|White Herb
|-clearnegativeboost|p1a: Minior|[silent]
|
|upkeep
|turn|2
|
|t:|1760765019
|move|p2a: Latios|Dragon Dance|p2a: Latios
|-boost|p2a: Latios|atk|1
|-boost|p2a: Latios|spe|1
|move|p1a: Minior|Shell Smash|p1a: Minior
|-unboost|p1a: Minior|def|1
|-unboost|p1a: Minior|spd|1
|-boost|p1a: Minior|atk|2
|-boost|p1a: Minior|spa|2
|-boost|p1a: Minior|spe|2
|
|upkeep
|turn|3
|
|t:|1760765027
|move|p1a: Minior|Acrobatics|p2a: Latios
|-damage|p2a: Latios|0 fnt
|faint|p2a: Latios
|
|upkeep
|
|t:|1760765035
|switch|p2a: Bronzong|Bronzong|100/100
|turn|4
|
|t:|1760765040
|move|p1a: Minior|Acrobatics|p2a: Bronzong
|-resisted|p2a: Bronzong
|-damage|p2a: Bronzong|54/100
|move|p2a: Bronzong|Heavy Slam|p1a: Minior
|-supereffective|p1a: Minior
|-damage|p1a: Minior|0 fnt
|faint|p1a: Minior
|
|upkeep
|
|t:|1760765047
|switch|p1a: Moltres|Moltres|100/100
|turn|5
|
|t:|1760765063
|move|p1a: Moltres|Sunny Day|p1a: Moltres
|-weather|SunnyDay
|move|p2a: Bronzong|Stealth Rock|p1a: Moltres
|-sidestart|p1: trippi-troppi6969|move: Stealth Rock
|
|-weather|SunnyDay|[upkeep]
|upkeep
|turn|6
|
|t:|1760765075
|switch|p1a: Lilligant|Lilligant-Hisui, F|100/100
|-damage|p1a: Lilligant|94/100|[from] Stealth Rock
|move|p2a: Bronzong|Light Screen|p2a: Bronzong
|-sidestart|p2: bigmas120|move: Light Screen
|
|-weather|SunnyDay|[upkeep]
|upkeep
|turn|7
|
|t:|1760765079
|move|p1a: Lilligant|Victory Dance|p1a: Lilligant
|-boost|p1a: Lilligant|atk|1
|-boost|p1a: Lilligant|def|1
|-boost|p1a: Lilligant|spe|1
|move|p2a: Bronzong|Reflect|p2a: Bronzong
|-sidestart|p2: bigmas120|Reflect
|
|-weather|SunnyDay|[upkeep]
|upkeep
|turn|8
|
|t:|1760765085
|move|p1a: Lilligant|Victory Dance|p1a: Lilligant
|-boost|p1a: Lilligant|atk|1
|-boost|p1a: Lilligant|def|1
|-boost|p1a: Lilligant|spe|1
|move|p2a: Bronzong|Heavy Slam|p1a: Lilligant
|-damage|p1a: Lilligant|63/100
|
|-weather|SunnyDay|[upkeep]
|upkeep
|turn|9
|
|t:|1760765094
|switch|p2a: Salamence|Salamence, M|100/100
|-ability|p2a: Salamence|Intimidate|boost
|-unboost|p1a: Lilligant|atk|1
|move|p1a: Lilligant|Solar Blade||[still]
|-prepare|p1a: Lilligant|Solar Blade
|-anim|p1a: Lilligant|Solar Blade|p2a: Salamence
|-resisted|p2a: Salamence
|-damage|p2a: Salamence|85/100
|-enditem|p2a: Salamence|Red Card|[of] p1a: Lilligant
|drag|p1a: Iron Valiant|Iron Valiant|100/100
|-damage|p1a: Iron Valiant|94/100|[from] Stealth Rock
|
|-weather|none
|upkeep
|turn|10
|
|t:|1760765108
|move|p1a: Iron Valiant|Moonblast|p2a: Salamence
|-supereffective|p2a: Salamence
|-damage|p2a: Salamence|0 fnt
|faint|p2a: Salamence
|
|upkeep
|
|t:|1760765111
|switch|p2a: Froslass|Froslass, F|100/100
|turn|11
|
|t:|1760765124
|move|p1a: Iron Valiant|Moonblast|p2a: Froslass
|-damage|p2a: Froslass|46/100
|-unboost|p2a: Froslass|spa|1
|move|p2a: Froslass|Triple Axel|p1a: Iron Valiant|[miss]
|-miss|p2a: Froslass|p1a: Iron Valiant
|
|upkeep
|turn|12
|
|t:|1760765131
|move|p1a: Iron Valiant|Moonblast|p2a: Froslass
|-crit|p2a: Froslass
|-damage|p2a: Froslass|0 fnt
|faint|p2a: Froslass
|
|upkeep
|
|t:|1760765133
|switch|p2a: Infernape|Infernape, F|100/100
|turn|13
|
|t:|1760765137
|move|p1a: Iron Valiant|Moonblast|p2a: Infernape
|-damage|p2a: Infernape|49/100
|-unboost|p2a: Infernape|spa|1
|move|p2a: Infernape|U-turn|p1a: Iron Valiant
|-resisted|p1a: Iron Valiant
|-damage|p1a: Iron Valiant|88/100
|
|t:|1760765140
|switch|p2a: Kyurem|Kyurem|100/100|[from] U-turn
|-ability|p2a: Kyurem|Pressure
|
|-sideend|p2: bigmas120|move: Light Screen
|upkeep
|turn|14
|
|t:|1760765146
|-terastallize|p1a: Iron Valiant|Fairy
|move|p2a: Kyurem|Freeze-Dry|p1a: Iron Valiant
|-damage|p1a: Iron Valiant|11/100
|move|p1a: Iron Valiant|Moonblast|p2a: Kyurem
|-supereffective|p2a: Kyurem
|-damage|p2a: Kyurem|0 fnt
|faint|p2a: Kyurem
|
|-sideend|p2: bigmas120|Reflect
|upkeep
|
|t:|1760765151
|switch|p2a: Bronzong|Bronzong|54/100
|turn|15
|
|t:|1760765156
|move|p1a: Iron Valiant|Moonblast|p2a: Bronzong
|-resisted|p2a: Bronzong
|-damage|p2a: Bronzong|19/100
|-unboost|p2a: Bronzong|spa|1
|move|p2a: Bronzong|Heavy Slam|p1a: Iron Valiant
|-supereffective|p1a: Iron Valiant
|-damage|p1a: Iron Valiant|0 fnt
|faint|p1a: Iron Valiant
|-end|p1a: Iron Valiant|Quark Drive|[silent]
|
|upkeep
|-message|bigmas120 forfeited.
|
|win|trippi-troppi6969
|raw|trippi-troppi6969's rating: 1069 &rarr; <strong>1103</strong><br />(+34 for winning)
|raw|bigmas120's rating: 1115 &rarr; <strong>1087</strong><br />(-28 for losing)
|l|☆bigmas120
|player|p2|
|l|☆trippi-troppi6969
|player|p1|
