|j|☆theaterr
|j|☆snoppp
|t:|1760857526
|gametype|singles
|player|p1|theaterr|ghetsis|1378
|player|p2|snoppp|bruno|1353
|gen|9
|tier|[Gen 9] OU
|rated|
|rule|HP Percentage Mod: HP is shown in percentages
|rule|Endless Battle Clause: Forcing endless battles is banned
|rule|Species Clause: Limit one of each Pokémon
|rule|OHKO Clause: OHKO moves are banned
|rule|Evasion Items Clause: Evasion items are banned
|rule|Evasion Moves Clause: Evasion moves are banned
|rule|Evasion Abilities Clause: Evasion abilities are banned
|rule|Sleep Moves Clause: Sleep-inducing moves are banned
|clearpoke
|poke|p1|Ting-Lu|
|poke|p1|Iron Treads|
|poke|p1|Dragonite, F|
|poke|p1|Gholdengo|
|poke|p1|Zamazenta-*|
|poke|p1|Alomomola, M|
|poke|p2|Lokix, F|
|poke|p2|Dragapult, M|
|poke|p2|Alomomola, F|
|poke|p2|Slowking-Galar, M|
|poke|p2|Great Tusk|
|poke|p2|Ogerpon-Wellspring, F|
|teampreview
|inactive|Battle timer is ON: inactive players will automatically lose when time's up. (requested by theaterr)
|
|t:|1760857548
|teamsize|p1|6
|teamsize|p2|6
|start
|switch|p1a: ball|Iron Treads|100/100
|switch|p2a: Lokix|Lokix, F|100/100
|turn|1
|
|t:|1760857559
|move|p2a: Lokix|U-turn|p1a: ball
|-resisted|p1a: ball
|-damage|p1a: ball|68/100
|
|t:|1760857562
|switch|p2a: Ogerpon|Ogerpon-Wellspring, F|100/100|[from] U-turn
|move|p1a: ball|Stealth Rock|p2a: Ogerpon
|-sidestart|p2: snoppp|move: Stealth Rock
|
|-heal|p1a: ball|74/100|[from] item: Leftovers
|upkeep
|turn|2
|c|☆theaterr|why does it look like htat
|inactive|theaterr has 120 seconds left.
|
|t:|1760857606
|-end|p1a: ball|Quark Drive|[silent]
|switch|p1a: Dragonite|Dragonite, F|100/100
|move|p2a: Ogerpon|Knock Off|p1a: Dragonite
|-damage|p1a: Dragonite|79/100
|-enditem|p1a: Dragonite|Heavy-Duty Boots|[from] move: Knock Off|[of] p2a: Ogerpon
|
|upkeep
|turn|3
|
|t:|1760857614
|move|p2a: Ogerpon|U-turn|p1a: Dragonite
|-resisted|p1a: Dragonite
|-damage|p1a: Dragonite|64/100
|
|t:|1760857618
|switch|p2a: Dragapult|Dragapult, M|100/100|[from] U-turn
|move|p1a: Dragonite|Roost|p1a: Dragonite
|-heal|p1a: Dragonite|100/100
|-singleturn|p1a: Dragonite|move: Roost
|
|upkeep
|turn|4
|
|t:|1760857624
|switch|p1a: Alomomola|Alomomola, M|100/100
|move|p2a: Dragapult|Will-O-Wisp|p1a: Alomomola
|-status|p1a: Alomomola|brn
|
|-damage|p1a: Alomomola|94/100 brn|[from] brn
|upkeep
|turn|5
|
|t:|1760857628
|move|p2a: Dragapult|Hex|p1a: Alomomola
|-damage|p1a: Alomomola|48/100 brn
|move|p1a: Alomomola|Flip Turn|p2a: Dragapult
|-resisted|p2a: Dragapult
|-damage|p2a: Dragapult|95/100
|
|t:|1760857637
|switch|p1a: Gholdengo|Gholdengo|100/100|[from] Flip Turn
|-item|p1a: Gholdengo|Air Balloon
|
|upkeep
|turn|6
|
|t:|1760857650
|move|p2a: Dragapult|U-turn|p1a: Gholdengo
|-resisted|p1a: Gholdengo
|-damage|p1a: Gholdengo|97/100
|-enditem|p1a: Gholdengo|Air Balloon
|
|t:|1760857654
|switch|p2a: Alomomola|Alomomola, F|100/100|[from] U-turn
|move|p1a: Gholdengo|Shadow Ball|p2a: Alomomola
|-damage|p2a: Alomomola|66/100
|
|upkeep
|turn|7
|
|t:|1760857665
|move|p1a: Gholdengo|Shadow Ball|p2a: Alomomola
|-damage|p2a: Alomomola|33/100
|move|p2a: Alomomola|Flip Turn|p1a: Gholdengo
|-damage|p1a: Gholdengo|85/100
|
|t:|1760857669
|switch|p2a: Lokix|Lokix, F|100/100|[from] Flip Turn
|-damage|p2a: Lokix|76/100|[from] Stealth Rock
|
|upkeep
|turn|8
|
|t:|1760857692
|switch|p1a: ball|Iron Treads|74/100
|move|p2a: Lokix|U-turn|p1a: ball
|-resisted|p1a: ball
|-damage|p1a: ball|37/100
|
|t:|1760857708
|switch|p2a: Great Tusk|Great Tusk|100/100|[from] U-turn
|
|-heal|p1a: ball|43/100|[from] item: Leftovers
|upkeep
|turn|9
|
|t:|1760857726
|-end|p1a: ball|Quark Drive|[silent]
|switch|p1a: Alomomola|Alomomola, M|81/100 brn
|move|p2a: Great Tusk|Headlong Rush|p1a: Alomomola
|-damage|p1a: Alomomola|41/100 brn
|-unboost|p2a: Great Tusk|def|1
|-unboost|p2a: Great Tusk|spd|1
|
|-damage|p1a: Alomomola|35/100 brn|[from] brn
|upkeep
|turn|10
|inactive|theaterr has 120 seconds left.
|
|t:|1760857748
|switch|p1a: Dragonite|Dragonite, F|100/100
|move|p2a: Great Tusk|Headlong Rush|p1a: Dragonite
|-immune|p1a: Dragonite
|
|upkeep
|turn|11
|inactive|theaterr has 120 seconds left.
|
|t:|1760857787
|-terastallize|p1a: Dragonite|Fairy
|move|p2a: Great Tusk|Rapid Spin|p1a: Dragonite
|-damage|p1a: Dragonite|92/100
|-boost|p2a: Great Tusk|spe|1
|-sideend|p2: snoppp|Stealth Rock|[from] move: Rapid Spin|[of] p2a: Great Tusk
|move|p1a: Dragonite|Dragon Dance|p1a: Dragonite
|-boost|p1a: Dragonite|atk|1
|-boost|p1a: Dragonite|spe|1
|
|upkeep
|turn|12
|
|t:|1760857799
|move|p2a: Great Tusk|Headlong Rush|p1a: Dragonite
|-damage|p1a: Dragonite|24/100
|-unboost|p2a: Great Tusk|def|1
|-unboost|p2a: Great Tusk|spd|1
|move|p1a: Dragonite|Tera Blast|p2a: Great Tusk|[anim] Tera Blast Fairy
|-supereffective|p2a: Great Tusk
|-damage|p2a: Great Tusk|0 fnt
|faint|p2a: Great Tusk
|-end|p2a: Great Tusk|Protosynthesis|[silent]
|
|upkeep
|
|t:|1760857802
|switch|p2a: Lokix|Lokix, F|76/100
|turn|13
|inactive|theaterr has 90 seconds left.
|
|t:|1760857828
|switch|p1a: Zamazenta|Zamazenta|100/100
|-ability|p1a: Zamazenta|Dauntless Shield|boost
|-boost|p1a: Zamazenta|def|1
|move|p2a: Lokix|First Impression|p1a: Zamazenta
|-resisted|p1a: Zamazenta
|-damage|p1a: Zamazenta|74/100
|
|-heal|p1a: Zamazenta|80/100|[from] item: Leftovers
|upkeep
|turn|14
|inactive|theaterr has 90 seconds left.
|c|☆theaterr|what set is that
|
|t:|1760857862
|switch|p2a: Slowking|Slowking-Galar, M|100/100
|move|p1a: Zamazenta|Crunch|p2a: Slowking
|-supereffective|p2a: Slowking
|-damage|p2a: Slowking|65/100
|
|-heal|p1a: Zamazenta|86/100|[from] item: Leftovers
|upkeep
|turn|15
|inactive|theaterr has 60 seconds left.
|inactive|snoppp has 120 seconds left.
|
|t:|1760857891
|move|p1a: Zamazenta|Crunch|p2a: Slowking
|-supereffective|p2a: Slowking
|-crit|p2a: Slowking
|-damage|p2a: Slowking|8/100
|-unboost|p2a: Slowking|def|1
|move|p2a: Slowking|Future Sight|p1a: Zamazenta
|-start|p2a: Slowking|move: Future Sight
|
|-heal|p1a: Zamazenta|92/100|[from] item: Leftovers
|upkeep
|turn|16
|inactive|theaterr has 60 seconds left.
|
|t:|1760857915
|switch|p2a: Alomomola|Alomomola, F|66/100
|move|p1a: Zamazenta|Body Press|p2a: Alomomola
|-damage|p2a: Alomomola|37/100
|
|-heal|p1a: Zamazenta|98/100|[from] item: Leftovers
|upkeep
|turn|17
|
|t:|1760857927
|switch|p1a: Ting-Lu|Ting-Lu|100/100
|-ability|p1a: Ting-Lu|Vessel of Ruin
|-terastallize|p2a: Alomomola|Ghost
|move|p2a: Alomomola|Wish|p2a: Alomomola
|
|-end|p1a: Ting-Lu|move: Future Sight
|-immune|p1a: Ting-Lu
|upkeep
|turn|18
|inactive|theaterr has 60 seconds left.
|
|t:|1760857956
|move|p2a: Alomomola|Flip Turn|p1a: Ting-Lu
|-supereffective|p1a: Ting-Lu
|-crit|p1a: Ting-Lu
|-damage|p1a: Ting-Lu|72/100
|
|t:|1760857960
|switch|p2a: Ogerpon|Ogerpon-Wellspring, F|100/100|[from] Flip Turn
|move|p1a: Ting-Lu|Spikes|p2a: Ogerpon
|-sidestart|p2: snoppp|Spikes
|
|-heal|p1a: Ting-Lu|79/100|[from] item: Leftovers
|upkeep
|turn|19
|
|t:|1760857980
|switch|p1a: Zamazenta|Zamazenta|98/100
|move|p2a: Ogerpon|Ivy Cudgel|p1a: Zamazenta|[anim] Ivy Cudgel Water
|-damage|p1a: Zamazenta|56/100
|
|-heal|p1a: Zamazenta|62/100|[from] item: Leftovers
|upkeep
|turn|20
|
|t:|1760857987
|move|p1a: Zamazenta|Iron Defense|p1a: Zamazenta
|-boost|p1a: Zamazenta|def|2
|move|p2a: Ogerpon|Knock Off|p1a: Zamazenta
|-resisted|p1a: Zamazenta
|-damage|p1a: Zamazenta|55/100
|-enditem|p1a: Zamazenta|Leftovers|[from] move: Knock Off|[of] p2a: Ogerpon
|
|upkeep
|turn|21
|
|t:|1760857998
|move|p1a: Zamazenta|Crunch|p2a: Ogerpon
|-damage|p2a: Ogerpon|74/100
|move|p2a: Ogerpon|U-turn|p1a: Zamazenta
|-resisted|p1a: Zamazenta
|-damage|p1a: Zamazenta|50/100
|
|t:|1760858001
|switch|p2a: Dragapult|Dragapult, M|95/100|[from] U-turn
|
|upkeep
|turn|22
|inactive|theaterr has 30 seconds left.
|
|t:|1760858034
|switch|p1a: Ting-Lu|Ting-Lu|79/100
|-ability|p1a: Ting-Lu|Vessel of Ruin
|move|p2a: Dragapult|Will-O-Wisp|p1a: Ting-Lu
|-status|p1a: Ting-Lu|brn
|
|-heal|p1a: Ting-Lu|85/100 brn|[from] item: Leftovers
|-damage|p1a: Ting-Lu|79/100 brn|[from] brn
|upkeep
|turn|23
|inactive|theaterr has 30 seconds left.
|
|t:|1760858048
|move|p2a: Dragapult|U-turn|p1a: Ting-Lu
|-supereffective|p1a: Ting-Lu
|-damage|p1a: Ting-Lu|58/100 brn
|
|t:|1760858050
|switch|p2a: Alomomola|Alomomola, F, tera:Ghost|70/100|[from] U-turn
|move|p1a: Ting-Lu|Ruination|p2a: Alomomola|[miss]
|-miss|p1a: Ting-Lu|p2a: Alomomola
|
|-heal|p1a: Ting-Lu|65/100 brn|[from] item: Leftovers
|-damage|p1a: Ting-Lu|58/100 brn|[from] brn
|upkeep
|turn|24
|inactive|theaterr has 30 seconds left.
|inactive|theaterr has 20 seconds left.
|
|t:|1760858076
|move|p2a: Alomomola|Wish|p2a: Alomomola
|move|p1a: Ting-Lu|Whirlwind|p2a: Alomomola
|drag|p2a: Lokix|Lokix, F|76/100
|-damage|p2a: Lokix|63/100|[from] Spikes
|
|-heal|p1a: Ting-Lu|65/100 brn|[from] item: Leftovers
|-damage|p1a: Ting-Lu|58/100 brn|[from] brn
|upkeep
|turn|25
|inactive|theaterr has 30 seconds left this turn.
|inactive|theaterr has 20 seconds left.
|
|t:|1760858094
|switch|p1a: Zamazenta|Zamazenta|50/100
|move|p2a: Lokix|U-turn|p1a: Zamazenta
|-resisted|p1a: Zamazenta
|-damage|p1a: Zamazenta|16/100
|
|t:|1760858098
|switch|p2a: Dragapult|Dragapult, M|95/100|[from] U-turn
|
|-heal|p2a: Dragapult|100/100|[from] move: Wish|[wisher] Alomomola
|upkeep
|turn|26
|inactive|theaterr has 30 seconds left.
|
|t:|1760858106
|move|p2a: Dragapult|Hex|p1a: Zamazenta
|-damage|p1a: Zamazenta|0 fnt
|faint|p1a: Zamazenta
|
|upkeep
|inactive|theaterr has 30 seconds left.
|
|t:|1760858112
|switch|p1a: ball|Iron Treads|43/100
|turn|27
|
|t:|1760858118
|move|p2a: Dragapult|Will-O-Wisp|p1a: ball
|-status|p1a: ball|brn
|move|p1a: ball|Stealth Rock|p2a: Dragapult
|-sidestart|p2: snoppp|move: Stealth Rock
|
|-heal|p1a: ball|49/100 brn|[from] item: Leftovers
|-damage|p1a: ball|43/100 brn|[from] brn
|upkeep
|turn|28
|
|t:|1760858120
|move|p2a: Dragapult|Hex|p1a: ball
|-damage|p1a: ball|0 fnt
|faint|p1a: ball
|-end|p1a: ball|Quark Drive|[silent]
|
|upkeep
|
|t:|1760858124
|switch|p1a: Gholdengo|Gholdengo|85/100
|turn|29
|
|t:|1760858128
|move|p2a: Dragapult|U-turn|p1a: Gholdengo
|-resisted|p1a: Gholdengo
|-damage|p1a: Gholdengo|81/100
|
|t:|1760858129
|switch|p2a: Ogerpon|Ogerpon-Wellspring, F|74/100|[from] U-turn
|-damage|p2a: Ogerpon|62/100|[from] Spikes
|-damage|p2a: Ogerpon|49/100|[from] Stealth Rock
|move|p1a: Gholdengo|Shadow Ball|p2a: Ogerpon
|-damage|p2a: Ogerpon|7/100
|
|upkeep
|turn|30
|inactive|theaterr has 60 seconds left.
|
|t:|1760858165
|move|p2a: Ogerpon|Ivy Cudgel|p1a: Gholdengo|[anim] Ivy Cudgel Water
|-damage|p1a: Gholdengo|37/100
|move|p1a: Gholdengo|Recover|p1a: Gholdengo
|-heal|p1a: Gholdengo|87/100
|
|upkeep
|turn|31
|inactive|theaterr has 30 seconds left.
|
|t:|1760858191
|move|p2a: Ogerpon|Ivy Cudgel|p1a: Gholdengo|[anim] Ivy Cudgel Water
|-damage|p1a: Gholdengo|48/100
|move|p1a: Gholdengo|Shadow Ball|p2a: Ogerpon
|-damage|p2a: Ogerpon|0 fnt
|faint|p2a: Ogerpon
|
|upkeep
|
|t:|1760858196
|switch|p2a: Lokix|Lokix, F|63/100
|-damage|p2a: Lokix|51/100|[from] Spikes
|-damage|p2a: Lokix|26/100|[from] Stealth Rock
|turn|32
|
|t:|1760858206
|switch|p1a: Ting-Lu|Ting-Lu|58/100 brn
|-ability|p1a: Ting-Lu|Vessel of Ruin
|move|p2a: Lokix|Knock Off|p1a: Ting-Lu
|-resisted|p1a: Ting-Lu
|-damage|p1a: Ting-Lu|26/100 brn
|-enditem|p1a: Ting-Lu|Leftovers|[from] move: Knock Off|[of] p2a: Lokix
|
|-damage|p1a: Ting-Lu|20/100 brn|[from] brn
|upkeep
|turn|33
|
|t:|1760858210
|move|p2a: Lokix|Knock Off|p1a: Ting-Lu
|-resisted|p1a: Ting-Lu
|-damage|p1a: Ting-Lu|0 fnt
|faint|p1a: Ting-Lu
|
|upkeep
|
|t:|1760858218
|switch|p1a: Alomomola|Alomomola, M|68/100 brn
|turn|34
|
|t:|1760858229
|move|p2a: Lokix|Knock Off|p1a: Alomomola
|-damage|p1a: Alomomola|27/100 brn
|-enditem|p1a: Alomomola|Heavy-Duty Boots|[from] move: Knock Off|[of] p2a: Lokix
|move|p1a: Alomomola|Wish|p1a: Alomomola
|
|-damage|p1a: Alomomola|21/100 brn|[from] brn
|upkeep
|turn|35
|
|t:|1760858232
|move|p1a: Alomomola|Protect|p1a: Alomomola
|-singleturn|p1a: Alomomola|Protect
|move|p2a: Lokix|Knock Off|p1a: Alomomola
|-activate|p1a: Alomomola|move: Protect
|
|-heal|p1a: Alomomola|71/100 brn|[from] move: Wish|[wisher] Alomomola
|-damage|p1a: Alomomola|64/100 brn|[from] brn
|upkeep
|turn|36
|
|t:|1760858241
|move|p2a: Lokix|Knock Off|p1a: Alomomola
|-damage|p1a: Alomomola|41/100 brn
|move|p1a: Alomomola|Wish|p1a: Alomomola
|
|-damage|p1a: Alomomola|35/100 brn|[from] brn
|upkeep
|turn|37
|
|t:|1760858244
|switch|p2a: Slowking|Slowking-Galar, M|41/100
|move|p1a: Alomomola|Flip Turn|p2a: Slowking
|-damage|p2a: Slowking|34/100
|
|t:|1760858261
|switch|p1a: Dragonite|Dragonite, F, tera:Fairy|24/100|[from] Flip Turn
|
|-heal|p1a: Dragonite|97/100|[from] move: Wish|[wisher] Alomomola
|upkeep
|turn|38
|inactive|theaterr has 60 seconds left.
|
|t:|1760858284
|move|p1a: Dragonite|Earthquake|p2a: Slowking
|-supereffective|p2a: Slowking
|-damage|p2a: Slowking|0 fnt
|faint|p2a: Slowking
|
|upkeep
|
|t:|1760858287
|switch|p2a: Alomomola|Alomomola, F, tera:Ghost|100/100
|turn|39
|
|t:|1760858296
|switch|p1a: Alomomola|Alomomola, M|68/100 brn
|move|p2a: Alomomola|Scald|p1a: Alomomola
|-resisted|p1a: Alomomola
|-damage|p1a: Alomomola|61/100 brn
|
|-damage|p1a: Alomomola|55/100 brn|[from] brn
|upkeep
|turn|40
|
|t:|1760858303
|move|p2a: Alomomola|Flip Turn|p1a: Alomomola
|-resisted|p1a: Alomomola
|-damage|p1a: Alomomola|50/100 brn
|
|t:|1760858305
|switch|p2a: Dragapult|Dragapult, M|100/100|[from] Flip Turn
|move|p1a: Alomomola|Wish|p1a: Alomomola
|
|-damage|p1a: Alomomola|44/100 brn|[from] brn
|upkeep
|turn|41
|
|t:|1760858327
|move|p2a: Dragapult|Hex|p1a: Alomomola
|-damage|p1a: Alomomola|0 fnt
|faint|p1a: Alomomola
|
|upkeep
|
|t:|1760858330
|switch|p1a: Dragonite|Dragonite, F, tera:Fairy|97/100
|turn|42
|
|t:|1760858333
|move|p2a: Dragapult|Will-O-Wisp|p1a: Dragonite
|-status|p1a: Dragonite|brn
|move|p1a: Dragonite|Tera Blast|p2a: Dragapult|[anim] Tera Blast Fairy
|-supereffective|p2a: Dragapult
|-damage|p2a: Dragapult|40/100
|
|-damage|p1a: Dragonite|91/100 brn|[from] brn
|upkeep
|turn|43
|
|t:|1760858337
|move|p2a: Dragapult|U-turn|p1a: Dragonite
|-resisted|p1a: Dragonite
|-damage|p1a: Dragonite|80/100 brn
|
|t:|1760858339
|switch|p2a: Alomomola|Alomomola, F, tera:Ghost|100/100|[from] U-turn
|move|p1a: Dragonite|Tera Blast|p2a: Alomomola|[anim] Tera Blast Fairy
|-damage|p2a: Alomomola|87/100
|
|-damage|p1a: Dragonite|74/100 brn|[from] brn
|upkeep
|turn|44
|
|t:|1760858343
|move|p1a: Dragonite|Dragon Dance|p1a: Dragonite
|-boost|p1a: Dragonite|atk|1
|-boost|p1a: Dragonite|spe|1
|move|p2a: Alomomola|Scald|p1a: Dragonite
|-damage|p1a: Dragonite|60/100 brn
|
|-damage|p1a: Dragonite|53/100 brn|[from] brn
|upkeep
|turn|45
|
|t:|1760858345
|move|p1a: Dragonite|Dragon Dance|p1a: Dragonite
|-boost|p1a: Dragonite|atk|1
|-boost|p1a: Dragonite|spe|1
|move|p2a: Alomomola|Wish|p2a: Alomomola
|
|-damage|p1a: Dragonite|47/100 brn|[from] brn
|upkeep
|turn|46
|
|t:|1760858350
|move|p1a: Dragonite|Roost|p1a: Dragonite
|-heal|p1a: Dragonite|97/100 brn
|move|p2a: Alomomola|Scald|p1a: Dragonite
|-damage|p1a: Dragonite|82/100 brn
|
|-heal|p2a: Alomomola|100/100|[from] move: Wish|[wisher] Alomomola
|-damage|p1a: Dragonite|75/100 brn|[from] brn
|upkeep
|turn|47
|
|t:|1760858353
|move|p1a: Dragonite|Tera Blast|p2a: Alomomola|[anim] Tera Blast Fairy
|-crit|p2a: Alomomola
|-damage|p2a: Alomomola|59/100
|move|p2a: Alomomola|Scald|p1a: Dragonite
|-damage|p1a: Dragonite|60/100 brn
|
|-damage|p1a: Dragonite|53/100 brn|[from] brn
|upkeep
|turn|48
|
|t:|1760858359
|move|p1a: Dragonite|Roost|p1a: Dragonite
|-heal|p1a: Dragonite|100/100 brn
|move|p2a: Alomomola|Wish|p2a: Alomomola
|
|-damage|p1a: Dragonite|94/100 brn|[from] brn
|upkeep
|turn|49
|
|t:|1760858361
|move|p1a: Dragonite|Dragon Dance|p1a: Dragonite
|-boost|p1a: Dragonite|atk|1
|-boost|p1a: Dragonite|spe|1
|move|p2a: Alomomola|Scald|p1a: Dragonite
|-damage|p1a: Dragonite|81/100 brn
|
|-heal|p2a: Alomomola|100/100|[from] move: Wish|[wisher] Alomomola
|-damage|p1a: Dragonite|75/100 brn|[from] brn
|upkeep
|turn|50
|
|t:|1760858367
|move|p1a: Dragonite|Dragon Dance|p1a: Dragonite
|-boost|p1a: Dragonite|atk|1
|-boost|p1a: Dragonite|spe|1
|move|p2a: Alomomola|Scald|p1a: Dragonite
|-damage|p1a: Dragonite|59/100 brn
|
|-damage|p1a: Dragonite|53/100 brn|[from] brn
|upkeep
|turn|51
|
|t:|1760858371
|move|p1a: Dragonite|Dragon Dance|p1a: Dragonite
|-boost|p1a: Dragonite|atk|1
|-boost|p1a: Dragonite|spe|1
|move|p2a: Alomomola|Wish|p2a: Alomomola
|
|-damage|p1a: Dragonite|46/100 brn|[from] brn
|upkeep
|turn|52
|
|t:|1760858374
|move|p1a: Dragonite|Roost|p1a: Dragonite
|-heal|p1a: Dragonite|96/100 brn
|move|p2a: Alomomola|Scald|p1a: Dragonite
|-damage|p1a: Dragonite|81/100 brn
|
|-damage|p1a: Dragonite|75/100 brn|[from] brn
|upkeep
|turn|53
|
|t:|1760858388
|move|p1a: Dragonite|Dragon Dance|p1a: Dragonite
|-boost|p1a: Dragonite|atk|1
|-boost|p1a: Dragonite|spe|1
|move|p2a: Alomomola|Wish|p2a: Alomomola
|
|-damage|p1a: Dragonite|69/100 brn|[from] brn
|upkeep
|turn|54
|
|t:|1760858393
|move|p1a: Dragonite|Tera Blast|p2a: Alomomola|[anim] Tera Blast Fairy
|-damage|p2a: Alomomola|48/100
|move|p2a: Alomomola|Scald|p1a: Dragonite
|-damage|p1a: Dragonite|55/100 brn
|
|-heal|p2a: Alomomola|98/100|[from] move: Wish|[wisher] Alomomola
|-damage|p1a: Dragonite|48/100 brn|[from] brn
|upkeep
|turn|55
|
|t:|1760858398
|move|p1a: Dragonite|Roost|p1a: Dragonite
|-heal|p1a: Dragonite|99/100 brn
|move|p2a: Alomomola|Wish|p2a: Alomomola
|
|-damage|p1a: Dragonite|92/100 brn|[from] brn
|upkeep
|turn|56
|
|t:|1760858400
|move|p1a: Dragonite|Tera Blast|p2a: Alomomola|[anim] Tera Blast Fairy
|-damage|p2a: Alomomola|42/100
|move|p2a: Alomomola|Scald|p1a: Dragonite
|-damage|p1a: Dragonite|78/100 brn
|
|-heal|p2a: Alomomola|92/100|[from] move: Wish|[wisher] Alomomola
|-damage|p1a: Dragonite|72/100 brn|[from] brn
|upkeep
|turn|57
|
|t:|1760858407
|move|p1a: Dragonite|Tera Blast|p2a: Alomomola|[anim] Tera Blast Fairy
|-damage|p2a: Alomomola|31/100
|move|p2a: Alomomola|Wish|p2a: Alomomola
|
|-damage|p1a: Dragonite|66/100 brn|[from] brn
|upkeep
|turn|58
|
|t:|1760858412
|move|p2a: Alomomola|Protect|p2a: Alomomola
|-singleturn|p2a: Alomomola|Protect
|move|p1a: Dragonite|Tera Blast|p2a: Alomomola|[anim] Tera Blast Fairy
|-activate|p2a: Alomomola|move: Protect
|
|-heal|p2a: Alomomola|81/100|[from] move: Wish|[wisher] Alomomola
|-damage|p1a: Dragonite|60/100 brn|[from] brn
|upkeep
|turn|59
|
|t:|1760858418
|move|p1a: Dragonite|Tera Blast|p2a: Alomomola|[anim] Tera Blast Fairy
|-damage|p2a: Alomomola|28/100
|move|p2a: Alomomola|Wish|p2a: Alomomola
|
|-damage|p1a: Dragonite|53/100 brn|[from] brn
|upkeep
|turn|60
|
|t:|1760858424
|move|p2a: Alomomola|Protect|p2a: Alomomola
|-singleturn|p2a: Alomomola|Protect
|move|p1a: Dragonite|Roost|p1a: Dragonite
|-heal|p1a: Dragonite|100/100 brn
|
|-heal|p2a: Alomomola|78/100|[from] move: Wish|[wisher] Alomomola
|-damage|p1a: Dragonite|94/100 brn|[from] brn
|upkeep
|turn|61
|
|t:|1760858428
|move|p1a: Dragonite|Tera Blast|p2a: Alomomola|[anim] Tera Blast Fairy
|-damage|p2a: Alomomola|17/100
|move|p2a: Alomomola|Wish|p2a: Alomomola
|
|-damage|p1a: Dragonite|88/100 brn|[from] brn
|upkeep
|turn|62
|
|t:|1760858436
|switch|p2a: Lokix|Lokix, F|26/100
|-damage|p2a: Lokix|14/100|[from] Spikes
|-damage|p2a: Lokix|0 fnt|[from] Stealth Rock
|faint|p2a: Lokix
|move|p1a: Dragonite|Earthquake|p2: Lokix|[notarget]
|-fail|p1a: Dragonite
|
|-damage|p1a: Dragonite|82/100 brn|[from] brn
|upkeep
|-message|snoppp forfeited.
|
|win|theaterr
|raw|theaterr's rating: 1378 &rarr; <strong>1397</strong><br />(+19 for winning)
|raw|snoppp's rating: 1353 &rarr; <strong>1334</strong><br />(-19 for losing)
|l|☆snoppp
|player|p2|
|c|☆theaterr|?
