|j|‽maxwelcome
|j|☆Cungy21
|t:|1760765029
|gametype|singles
|player|p1|maxwelcome|265|1159
|player|p2|Cungy21|li|1140
|gen|9
|tier|[Gen 9] OU
|rated|
|rule|HP Percentage Mod: HP is shown in percentages
|rule|Endless Battle Clause: Forcing endless battles is banned
|rule|Species Clause: Limit one of each Pokémon
|rule|OHKO Clause: OHKO moves are banned
|rule|Evasion Items Clause: Evasion items are banned
|rule|Evasion Moves Clause: Evasion moves are banned
|rule|Evasion Abilities Clause: Evasion abilities are banned
|rule|Sleep Moves Clause: Sleep-inducing moves are banned
|clearpoke
|poke|p1|Grimmsnarl, M|
|poke|p1|Kingambit, F|
|poke|p1|Blissey, F|
|poke|p1|Meowstic, M|
|poke|p1|Corviknight, F|
|poke|p1|Lucario, F|
|poke|p2|Zamazenta-*|
|poke|p2|Gholdengo|
|poke|p2|Darkrai|
|poke|p2|Dragapult, F|
|poke|p2|Dragonite, F|
|poke|p2|Slowking-Galar, M|
|teampreview
|inactive|Battle timer is ON: inactive players will automatically lose when time's up. (requested by Cungy21)
|
|t:|1760765040
|teamsize|p1|6
|teamsize|p2|6
|start
|switch|p1a: Grimmsnarl|Grimmsnarl, M|100/100
|switch|p2a: Zamazenta|Zamazenta, shiny|100/100
|-ability|p2a: Zamazenta|Dauntless Shield|boost
|-boost|p2a: Zamazenta|def|1
|turn|1
|
|t:|1760765048
|-terastallize|p2a: Zamazenta|Fighting
|move|p1a: Grimmsnarl|Thunder Wave|p2a: Zamazenta
|-status|p2a: Zamazenta|par
|move|p2a: Zamazenta|Brick Break|p1a: Grimmsnarl
|-damage|p1a: Grimmsnarl|4/100
|
|upkeep
|turn|2
|
|t:|1760765059
|move|p1a: Grimmsnarl|Reflect|p1a: Grimmsnarl
|-sidestart|p1: maxwelcome|Reflect
|move|p2a: Zamazenta|Brick Break|p1a: Grimmsnarl
|-sideend|p1: maxwelcome|Reflect
|-damage|p1a: Grimmsnarl|0 fnt
|faint|p1a: Grimmsnarl
|
|upkeep
|
|t:|1760765071
|switch|p1a: Meowstic|Meowstic, M|100/100
|turn|3
|
|t:|1760765076
|switch|p2a: Slowking|Slowking-Galar, M, shiny|100/100
|move|p1a: Meowstic|Psychic|p2a: Slowking
|-damage|p2a: Slowking|71/100
|
|upkeep
|turn|4
|
|t:|1760765085
|switch|p2a: Darkrai|Darkrai|100/100
|move|p1a: Meowstic|Calm Mind|p1a: Meowstic
|-boost|p1a: Meowstic|spa|1
|-boost|p1a: Meowstic|spd|1
|
|upkeep
|turn|5
|
|t:|1760765092
|move|p2a: Darkrai|Dark Pulse|p1a: Meowstic
|-supereffective|p1a: Meowstic
|-damage|p1a: Meowstic|19/100
|move|p1a: Meowstic|Energy Ball|p2a: Darkrai
|-damage|p2a: Darkrai|55/100
|
|-heal|p1a: Meowstic|25/100|[from] item: Leftovers
|upkeep
|turn|6
|
|t:|1760765100
|move|p2a: Darkrai|Dark Pulse|p1a: Meowstic
|-supereffective|p1a: Meowstic
|-damage|p1a: Meowstic|0 fnt
|faint|p1a: Meowstic
|
|upkeep
|
|t:|1760765107
|switch|p1a: Lucario|Lucario, F|100/100
|-item|p1a: Lucario|Air Balloon
|turn|7
|
|t:|1760765117
|switch|p2a: Slowking|Slowking-Galar, M, shiny|100/100
|move|p1a: Lucario|Meteor Mash|p2a: Slowking
|-damage|p2a: Slowking|53/100
|
|upkeep
|turn|8
|
|t:|1760765133
|-terastallize|p1a: Lucario|Normal
|move|p1a: Lucario|Extreme Speed|p2a: Slowking
|-damage|p2a: Slowking|12/100
|move|p2a: Slowking|Psychic|p1a: Lucario
|-damage|p1a: Lucario|11/100
|-unboost|p1a: Lucario|spd|1
|-enditem|p1a: Lucario|Air Balloon
|-damage|p2a: Slowking|2/100|[from] item: Life Orb
|
|upkeep
|turn|9
|
|t:|1760765144
|switch|p2a: Zamazenta|Zamazenta, shiny, tera:Fighting|100/100 par
|move|p1a: Lucario|Meteor Mash|p2a: Zamazenta
|-damage|p2a: Zamazenta|61/100 par
|-boost|p1a: Lucario|atk|1
|
|upkeep
|turn|10
|
|t:|1760765157
|move|p1a: Lucario|Meteor Mash|p2a: Zamazenta
|-damage|p2a: Zamazenta|6/100 par
|move|p2a: Zamazenta|Brick Break|p1a: Lucario
|-supereffective|p1a: Lucario
|-damage|p1a: Lucario|0 fnt
|faint|p1a: Lucario
|
|upkeep
|
|t:|1760765170
|switch|p1a: Corviknight|Corviknight, F|100/100
|-ability|p1a: Corviknight|Pressure
|turn|11
|
|t:|1760765176
|cant|p2a: Zamazenta|par
|move|p1a: Corviknight|Body Press|p2a: Zamazenta
|-damage|p2a: Zamazenta|0 fnt
|faint|p2a: Zamazenta
|
|upkeep
|
|t:|1760765182
|switch|p2a: Gholdengo|Gholdengo, shiny|100/100
|turn|12
|
|t:|1760765188
|switch|p1a: Blissey|Blissey, F, shiny|100/100
|move|p2a: Gholdengo|Thunder Wave|p1a: Blissey
|-status|p1a: Blissey|par
|
|upkeep
|turn|13
|
|t:|1760765195
|switch|p2a: Slowking|Slowking-Galar, M, shiny|35/100
|move|p1a: Blissey|Thunder Wave|p2a: Slowking
|-status|p2a: Slowking|par
|
|upkeep
|turn|14
|
|t:|1760765201
|switch|p2a: Gholdengo|Gholdengo, shiny|100/100
|move|p1a: Blissey|Stealth Rock|p2a: Gholdengo
|-sidestart|p2: Cungy21|move: Stealth Rock
|
|upkeep
|turn|15
|
|t:|1760765207
|switch|p2a: Slowking|Slowking-Galar, M, shiny|68/100 par
|-damage|p2a: Slowking|56/100 par|[from] Stealth Rock
|cant|p1a: Blissey|par
|
|upkeep
|turn|16
|
|t:|1760765213
|switch|p2a: Gholdengo|Gholdengo, shiny|100/100
|-damage|p2a: Gholdengo|94/100|[from] Stealth Rock
|cant|p1a: Blissey|par
|
|upkeep
|turn|17
|
|t:|1760765218
|switch|p2a: Slowking|Slowking-Galar, M, shiny|89/100 par
|-damage|p2a: Slowking|77/100 par|[from] Stealth Rock
|move|p1a: Blissey|Seismic Toss|p2a: Slowking
|-damage|p2a: Slowking|51/100 par
|
|upkeep
|turn|18
|
|t:|1760765234
|switch|p2a: Dragonite|Dragonite, F|100/100
|-damage|p2a: Dragonite|75/100|[from] Stealth Rock
|cant|p1a: Blissey|par
|
|upkeep
|turn|19
|
|t:|1760765241
|move|p2a: Dragonite|Dragon Dance|p2a: Dragonite
|-boost|p2a: Dragonite|atk|1
|-boost|p2a: Dragonite|spe|1
|move|p1a: Blissey|Seismic Toss|p2a: Dragonite
|-damage|p2a: Dragonite|45/100
|
|upkeep
|turn|20
|
|t:|1760765248
|move|p2a: Dragonite|Dragon Dance|p2a: Dragonite
|-boost|p2a: Dragonite|atk|1
|-boost|p2a: Dragonite|spe|1
|cant|p1a: Blissey|par
|
|upkeep
|turn|21
|
|t:|1760765258
|move|p2a: Dragonite|Earthquake|p1a: Blissey
|-damage|p1a: Blissey|7/100 par
|-damage|p2a: Dragonite|35/100|[from] item: Life Orb
|move|p1a: Blissey|Seismic Toss|p2a: Dragonite
|-damage|p2a: Dragonite|4/100
|
|upkeep
|turn|22
|
|t:|1760765267
|move|p2a: Dragonite|Ice Spinner|p1a: Blissey
|-damage|p1a: Blissey|0 fnt
|-damage|p2a: Dragonite|0 fnt|[from] item: Rocky Helmet|[of] p1a: Blissey
|faint|p1a: Blissey
|faint|p2a: Dragonite
|
|upkeep
|
|t:|1760765273
|switch|p2a: Gholdengo|Gholdengo, shiny|94/100
|switch|p1a: Corviknight|Corviknight, F|100/100
|-damage|p2a: Gholdengo|88/100|[from] Stealth Rock
|-ability|p1a: Corviknight|Pressure
|turn|23
|
|t:|1760765281
|switch|p1a: Kingambit|Kingambit, F|100/100
|-activate|p1a: Kingambit|ability: Supreme Overlord
|-start|p1a: Kingambit|fallen4|[silent]
|move|p2a: Gholdengo|Thunder Wave|p1a: Kingambit
|-status|p1a: Kingambit|par
|
|upkeep
|turn|24
|
|t:|1760765291
|switch|p2a: Slowking|Slowking-Galar, M, shiny|85/100 par
|-damage|p2a: Slowking|72/100 par|[from] Stealth Rock
|cant|p1a: Kingambit|par
|
|upkeep
|turn|25
|
|t:|1760765308
|move|p1a: Kingambit|Swords Dance|p1a: Kingambit
|-boost|p1a: Kingambit|atk|2
|move|p2a: Slowking|Hydro Pump|p1a: Kingambit
|-damage|p1a: Kingambit|57/100 par
|-damage|p2a: Slowking|62/100 par|[from] item: Life Orb
|
|upkeep
|turn|26
|
|t:|1760765320
|cant|p1a: Kingambit|par
|move|p2a: Slowking|Hydro Pump|p1a: Kingambit
|-damage|p1a: Kingambit|11/100 par
|-damage|p2a: Slowking|52/100 par|[from] item: Life Orb
|
|upkeep
|turn|27
|
|t:|1760765334
|cant|p1a: Kingambit|par
|cant|p2a: Slowking|par
|
|upkeep
|turn|28
|
|t:|1760765338
|move|p1a: Kingambit|Kowtow Cleave|p2a: Slowking
|-supereffective|p2a: Slowking
|-damage|p2a: Slowking|0 fnt
|faint|p2a: Slowking
|
|upkeep
|
|t:|1760765346
|switch|p2a: Darkrai|Darkrai|55/100
|-damage|p2a: Darkrai|43/100|[from] Stealth Rock
|turn|29
|
|t:|1760765360
|-end|p1a: Kingambit|fallen4|[silent]
|switch|p1a: Corviknight|Corviknight, F|100/100
|-ability|p1a: Corviknight|Pressure
|move|p2a: Darkrai|Focus Blast|p1a: Corviknight
|-damage|p1a: Corviknight|50/100
|
|-heal|p1a: Corviknight|56/100|[from] item: Leftovers
|upkeep
|turn|30
|
|t:|1760765373
|switch|p2a: Gholdengo|Gholdengo, shiny|88/100
|-damage|p2a: Gholdengo|82/100|[from] Stealth Rock
|move|p1a: Corviknight|Roost|p1a: Corviknight
|-heal|p1a: Corviknight|100/100
|-singleturn|p1a: Corviknight|move: Roost
|
|upkeep
|turn|31
|
|t:|1760765387
|move|p2a: Gholdengo|Thunder Wave|p1a: Corviknight
|-status|p1a: Corviknight|par
|move|p1a: Corviknight|Defog|p2a: Gholdengo
|-immune|p2a: Gholdengo|[from] ability: Good as Gold
|
|upkeep
|turn|32
|
|t:|1760765399
|switch|p2a: Dragapult|Dragapult, F|100/100
|-damage|p2a: Dragapult|88/100|[from] Stealth Rock
|switch|p1a: Kingambit|Kingambit, F|11/100 par
|-activate|p1a: Kingambit|ability: Supreme Overlord
|-start|p1a: Kingambit|fallen4|[silent]
|
|upkeep
|turn|33
|
|t:|1760765407
|move|p2a: Dragapult|Fire Blast|p1a: Kingambit
|-supereffective|p1a: Kingambit
|-damage|p1a: Kingambit|0 fnt
|faint|p1a: Kingambit
|-end|p1a: Kingambit|fallen4|[silent]
|-damage|p2a: Dragapult|78/100|[from] item: Life Orb
|
|upkeep
|
|t:|1760765413
|switch|p1a: Corviknight|Corviknight, F|100/100 par
|-ability|p1a: Corviknight|Pressure
|turn|34
|
|t:|1760765418
|move|p2a: Dragapult|Fire Blast|p1a: Corviknight|[miss]
|-miss|p2a: Dragapult|p1a: Corviknight
|move|p1a: Corviknight|Iron Defense|p1a: Corviknight
|-boost|p1a: Corviknight|def|2
|
|upkeep
|turn|35
|
|t:|1760765425
|move|p2a: Dragapult|Fire Blast|p1a: Corviknight
|-supereffective|p1a: Corviknight
|-damage|p1a: Corviknight|11/100 par
|-damage|p2a: Dragapult|69/100|[from] item: Life Orb
|move|p1a: Corviknight|Roost|p1a: Corviknight
|-heal|p1a: Corviknight|61/100 par
|-singleturn|p1a: Corviknight|move: Roost
|
|-heal|p1a: Corviknight|67/100 par|[from] item: Leftovers
|upkeep
|turn|36
|
|t:|1760765434
|move|p2a: Dragapult|Fire Blast|p1a: Corviknight
|-supereffective|p1a: Corviknight
|-damage|p1a: Corviknight|0 fnt
|faint|p1a: Corviknight
|-damage|p2a: Dragapult|59/100|[from] item: Life Orb
|
|win|Cungy21
|raw|maxwelcome's rating: 1159 &rarr; <strong>1133</strong><br />(-26 for losing)
|raw|Cungy21's rating: 1140 &rarr; <strong>1166</strong><br />(+26 for winning)
|l|‽maxwelcome
|player|p1|
|l|☆Cungy21
|player|p2|
