|j|☆luca1996
|j|☆BWalex
|t:|1760725291
|gametype|singles
|player|p1|luca1996|boarder|1301
|player|p2|BWalex|cilan|1228
|gen|9
|tier|[Gen 9] OU
|rated|
|rule|HP Percentage Mod: HP is shown in percentages
|rule|Endless Battle Clause: Forcing endless battles is banned
|rule|Species Clause: Limit one of each Pokémon
|rule|OHKO Clause: OHKO moves are banned
|rule|Evasion Items Clause: Evasion items are banned
|rule|Evasion Moves Clause: Evasion moves are banned
|rule|Evasion Abilities Clause: Evasion abilities are banned
|rule|Sleep Moves Clause: Sleep-inducing moves are banned
|clearpoke
|poke|p1|Gurdurr, F|
|poke|p1|Araquanid, M|
|poke|p1|Moltres-Galar|
|poke|p1|Entei|
|poke|p1|Empoleon, F|
|poke|p1|Great Tusk|
|poke|p2|Samurott-Hisui, M|
|poke|p2|Jolteon, F|
|poke|p2|Sableye, F|
|poke|p2|Hydreigon, M|
|poke|p2|Infernape, F|
|poke|p2|Torterra, M|
|teampreview
|inactive|Battle timer is ON: inactive players will automatically lose when time's up. (requested by luca1996)
|
|t:|1760725296
|teamsize|p1|6
|teamsize|p2|6
|start
|switch|p1a: Moltres|Moltres-Galar|100/100
|switch|p2a: Torterra|Torterra, M|100/100
|turn|1
|
|t:|1760725300
|-terastallize|p2a: Torterra|Steel
|move|p1a: Moltres|Air Slash|p2a: Torterra
|-resisted|p2a: Torterra
|-damage|p2a: Torterra|81/100
|move|p2a: Torterra|Shell Smash|p2a: Torterra
|-unboost|p2a: Torterra|def|1
|-unboost|p2a: Torterra|spd|1
|-boost|p2a: Torterra|atk|2
|-boost|p2a: Torterra|spa|2
|-boost|p2a: Torterra|spe|2
|
|upkeep
|turn|2
|
|t:|1760725310
|switch|p1a: Gurdurr|Gurdurr, F|100/100
|move|p2a: Torterra|Rock Blast|p1a: Gurdurr
|-resisted|p1a: Gurdurr
|-damage|p1a: Gurdurr|95/100
|-resisted|p1a: Gurdurr
|-damage|p1a: Gurdurr|90/100
|-resisted|p1a: Gurdurr
|-damage|p1a: Gurdurr|85/100
|-resisted|p1a: Gurdurr
|-damage|p1a: Gurdurr|80/100
|-resisted|p1a: Gurdurr
|-damage|p1a: Gurdurr|74/100
|-hitcount|p1a: Gurdurr|5
|
|upkeep
|turn|3
|
|t:|1760725315
|move|p1a: Gurdurr|Mach Punch|p2a: Torterra
|-supereffective|p2a: Torterra
|-damage|p2a: Torterra|16/100
|move|p2a: Torterra|Bullet Seed|p1a: Gurdurr
|-damage|p1a: Gurdurr|49/100
|-damage|p1a: Gurdurr|25/100
|-damage|p1a: Gurdurr|0 fnt
|faint|p1a: Gurdurr
|-hitcount|p1: Gurdurr|3
|
|upkeep
|
|t:|1760725337
|switch|p1a: Araquanid|Araquanid, M|100/100
|turn|4
|
|t:|1760725340
|move|p2a: Torterra|Rock Blast|p1a: Araquanid
|-supereffective|p1a: Araquanid
|-crit|p1a: Araquanid
|-damage|p1a: Araquanid|52/100
|-supereffective|p1a: Araquanid
|-damage|p1a: Araquanid|17/100
|-supereffective|p1a: Araquanid
|-damage|p1a: Araquanid|0 fnt
|faint|p1a: Araquanid
|-hitcount|p1: Araquanid|3
|
|upkeep
|
|t:|1760725344
|switch|p1a: Entei|Entei|100/100
|turn|5
|
|t:|1760725347
|move|p1a: Entei|Extreme Speed|p2a: Torterra
|-resisted|p2a: Torterra
|-damage|p2a: Torterra|0 fnt
|faint|p2a: Torterra
|
|upkeep
|
|t:|1760725352
|switch|p2a: Sableye|Sableye, F|100/100
|turn|6
|
|t:|1760725357
|move|p2a: Sableye|Encore|p1a: Entei
|-start|p1a: Entei|Encore
|move|p1a: Entei|Extreme Speed|p2a: Sableye
|-immune|p2a: Sableye
|
|upkeep
|turn|7
|
|t:|1760725361
|switch|p1a: Moltres|Moltres-Galar|100/100
|move|p2a: Sableye|Knock Off|p1a: Moltres
|-resisted|p1a: Moltres
|-damage|p1a: Moltres|85/100
|-enditem|p1a: Moltres|Heavy-Duty Boots|[from] move: Knock Off|[of] p2a: Sableye
|
|upkeep
|turn|8
|
|t:|1760725368
|switch|p2a: Samurott|Samurott-Hisui, M, shiny|100/100
|move|p1a: Moltres|Agility|p1a: Moltres
|-boost|p1a: Moltres|spe|2
|
|upkeep
|turn|9
|
|t:|1760725372
|move|p1a: Moltres|Air Slash|p2a: Samurott
|-damage|p2a: Samurott|51/100
|move|p2a: Samurott|Aqua Cutter|p1a: Moltres
|-damage|p1a: Moltres|24/100
|-ability|p1a: Moltres|Berserk|boost
|-boost|p1a: Moltres|spa|1
|
|upkeep
|turn|10
|
|t:|1760725379
|move|p1a: Moltres|Air Slash|p2a: Samurott
|-damage|p2a: Samurott|0 fnt
|faint|p2a: Samurott
|
|upkeep
|
|t:|1760725385
|switch|p2a: Infernape|Infernape, F|100/100
|turn|11
|
|t:|1760725389
|move|p2a: Infernape|Vacuum Wave|p1a: Moltres
|-damage|p1a: Moltres|3/100
|-damage|p2a: Infernape|91/100|[from] item: Life Orb
|move|p1a: Moltres|Air Slash|p2a: Infernape
|-supereffective|p2a: Infernape
|-damage|p2a: Infernape|0 fnt
|faint|p2a: Infernape
|
|upkeep
|
|t:|1760725392
|switch|p2a: Hydreigon|Hydreigon, M, shiny|100/100
|turn|12
|
|t:|1760725396
|move|p1a: Moltres|Air Slash|p2a: Hydreigon
|-damage|p2a: Hydreigon|39/100
|move|p2a: Hydreigon|Dark Pulse|p1a: Moltres
|-resisted|p1a: Moltres
|-damage|p1a: Moltres|0 fnt
|faint|p1a: Moltres
|
|-heal|p2a: Hydreigon|45/100|[from] item: Leftovers
|upkeep
|
|t:|1760725401
|switch|p1a: Empoleon|Empoleon, F|100/100
|turn|13
|
|t:|1760725403
|move|p2a: Hydreigon|Nasty Plot|p2a: Hydreigon
|-boost|p2a: Hydreigon|spa|2
|move|p1a: Empoleon|Agility|p1a: Empoleon
|-boost|p1a: Empoleon|spe|2
|
|-heal|p2a: Hydreigon|52/100|[from] item: Leftovers
|upkeep
|turn|14
|
|t:|1760725408
|move|p1a: Empoleon|Ice Beam|p2a: Hydreigon
|-supereffective|p2a: Hydreigon
|-damage|p2a: Hydreigon|0 fnt
|faint|p2a: Hydreigon
|
|upkeep
|
|t:|1760725412
|switch|p2a: Sableye|Sableye, F|100/100
|turn|15
|
|t:|1760725416
|move|p1a: Empoleon|Surf|p2a: Sableye
|-damage|p2a: Sableye|37/100
|move|p2a: Sableye|Knock Off|p1a: Empoleon
|-damage|p1a: Empoleon|72/100
|-enditem|p1a: Empoleon|Weakness Policy|[from] move: Knock Off|[of] p2a: Sableye
|
|upkeep
|turn|16
|
|t:|1760725421
|move|p2a: Sableye|Recover|p2a: Sableye
|-heal|p2a: Sableye|87/100
|move|p1a: Empoleon|Surf|p2a: Sableye
|-damage|p2a: Sableye|33/100
|
|upkeep
|turn|17
|
|t:|1760725425
|move|p2a: Sableye|Recover|p2a: Sableye
|-heal|p2a: Sableye|83/100
|move|p1a: Empoleon|Surf|p2a: Sableye
|-damage|p2a: Sableye|19/100
|
|upkeep
|turn|18
|c|☆luca1996|gg
|-message|BWalex forfeited.
|
|win|luca1996
|raw|luca1996's rating: 1301 &rarr; <strong>1317</strong><br />(+16 for winning)
|raw|BWalex's rating: 1228 &rarr; <strong>1208</strong><br />(-20 for losing)
|l|☆BWalex
|player|p2|
|l|☆luca1996
|player|p1|
