|j|☆wallik
|j|☆disco 2003
|t:|1760763865
|gametype|singles
|player|p1|wallik|bugsy|1700
|player|p2|disco 2003|policeman-gen4|1769
|gen|9
|tier|[Gen 9] OU
|rated|
|rule|HP Percentage Mod: HP is shown in percentages
|rule|Endless Battle Clause: Forcing endless battles is banned
|rule|Species Clause: Limit one of each Pokémon
|rule|OHKO Clause: OHKO moves are banned
|rule|Evasion Items Clause: Evasion items are banned
|rule|Evasion Moves Clause: Evasion moves are banned
|rule|Evasion Abilities Clause: Evasion abilities are banned
|rule|Sleep Moves Clause: Sleep-inducing moves are banned
|clearpoke
|poke|p1|Cinderace, M|
|poke|p1|Great Tusk|
|poke|p1|Slowking-Galar, F|
|poke|p1|Corviknight, M|
|poke|p1|Raging Bolt|
|poke|p1|Whimsicott, F|
|poke|p2|Ceruledge, F|
|poke|p2|Raging Bolt|
|poke|p2|Latias, F|
|poke|p2|Kyurem|
|poke|p2|Ninetales-Alola, F|
|poke|p2|Iron Moth|
|teampreview
|
|t:|1760763887
|teamsize|p1|6
|teamsize|p2|6
|start
|switch|p1a: Ronaldo|Cinderace, M|100/100
|switch|p2a: snow bunny|Ninetales-Alola, F|100/100
|-weather|Snowscape|[from] ability: Snow Warning|[of] p2a: snow bunny
|turn|1
|
|t:|1760763891
|switch|p2a: 50/50|Raging Bolt|100/100
|-enditem|p2a: 50/50|Booster Energy
|-activate|p2a: 50/50|ability: Protosynthesis|[fromitem]
|-start|p2a: 50/50|protosynthesisspa
|move|p1a: Ronaldo|U-turn|p2a: 50/50
|-start|p1a: Ronaldo|typechange|Bug|[from] ability: Libero
|-damage|p2a: 50/50|59/100
|
|t:|1760763902
|switch|p1a: Whimsicott|Whimsicott, F|100/100|[from] U-turn
|
|-weather|Snowscape|[upkeep]
|upkeep
|turn|2
|
|t:|1760763907
|move|p1a: Whimsicott|Moonblast|p2a: 50/50
|-supereffective|p2a: 50/50
|-damage|p2a: 50/50|16/100
|move|p2a: 50/50|Thunderbolt|p1a: Whimsicott
|-resisted|p1a: Whimsicott
|-damage|p1a: Whimsicott|57/100
|
|-weather|Snowscape|[upkeep]
|-heal|p1a: Whimsicott|63/100|[from] item: Leftovers
|upkeep
|turn|3
|
|t:|1760763914
|move|p2a: 50/50|Thunderclap|p1a: Whimsicott
|-resisted|p1a: Whimsicott
|-damage|p1a: Whimsicott|34/100
|move|p1a: Whimsicott|U-turn|p2a: 50/50
|-damage|p2a: 50/50|6/100
|
|t:|1760763920
|switch|p1a: Packin Purple|Great Tusk|100/100|[from] U-turn
|
|-weather|Snowscape|[upkeep]
|upkeep
|turn|4
|
|t:|1760763928
|-end|p2a: 50/50|Protosynthesis|[silent]
|switch|p2a: bury the light|Ceruledge, F|100/100
|move|p1a: Packin Purple|Knock Off|p2a: bury the light
|-supereffective|p2a: bury the light
|-enditem|p2a: bury the light|Focus Sash
|-damage|p2a: bury the light|1/100
|-ability|p2a: bury the light|Weak Armor|boost
|-unboost|p2a: bury the light|def|1
|-boost|p2a: bury the light|spe|2
|
|-weather|Snowscape|[upkeep]
|upkeep
|turn|5
|j| toxiccroc12
|
|t:|1760763935
|move|p2a: bury the light|Poltergeist|p1a: Packin Purple
|-activate|p1a: Packin Purple|move: Poltergeist|Leftovers
|-crit|p1a: Packin Purple
|-damage|p1a: Packin Purple|37/100
|move|p1a: Packin Purple|Knock Off|p2a: bury the light
|-supereffective|p2a: bury the light
|-damage|p2a: bury the light|0 fnt
|faint|p2a: bury the light
|
|-weather|none
|-heal|p1a: Packin Purple|44/100|[from] item: Leftovers
|upkeep
|
|t:|1760763942
|switch|p2a: snow bunny|Ninetales-Alola, F|100/100
|-weather|Snowscape|[from] ability: Snow Warning|[of] p2a: snow bunny
|turn|6
|
|t:|1760763954
|switch|p2a: rng my ahh|Kyurem|100/100
|-ability|p2a: rng my ahh|Pressure
|move|p1a: Packin Purple|Stealth Rock|p2a: rng my ahh
|-sidestart|p2: disco 2003|move: Stealth Rock
|
|-weather|Snowscape|[upkeep]
|-heal|p1a: Packin Purple|50/100|[from] item: Leftovers
|upkeep
|turn|7
|
|t:|1760763963
|-end|p1a: Packin Purple|Protosynthesis|[silent]
|switch|p1a: BrainRot|Slowking-Galar, F|100/100
|move|p2a: rng my ahh|Icicle Spear|p1a: BrainRot
|-damage|p1a: BrainRot|85/100
|-damage|p1a: BrainRot|68/100
|-damage|p1a: BrainRot|53/100
|-crit|p1a: BrainRot
|-damage|p1a: BrainRot|29/100
|-hitcount|p1a: BrainRot|4
|
|-weather|Snowscape|[upkeep]
|upkeep
|turn|8
|l| toxiccroc12
|
|t:|1760763969
|switch|p1a: Gladys|Corviknight, M|100/100
|-ability|p1a: Gladys|Pressure
|move|p2a: rng my ahh|Scale Shot|p1a: Gladys
|-resisted|p1a: Gladys
|-damage|p1a: Gladys|95/100
|-resisted|p1a: Gladys
|-damage|p1a: Gladys|90/100
|-resisted|p1a: Gladys
|-damage|p1a: Gladys|86/100
|-resisted|p1a: Gladys
|-damage|p1a: Gladys|80/100
|-hitcount|p1a: Gladys|4
|-unboost|p2a: rng my ahh|def|1
|-boost|p2a: rng my ahh|spe|1
|
|-weather|Snowscape|[upkeep]
|upkeep
|turn|9
|
|t:|1760763980
|move|p2a: rng my ahh|Icicle Spear|p1a: Gladys
|-damage|p1a: Gladys|70/100
|-damage|p1a: Gladys|60/100
|-damage|p1a: Gladys|50/100
|-damage|p1a: Gladys|40/100
|-hitcount|p1a: Gladys|4
|move|p1a: Gladys|U-turn|p2a: rng my ahh
|-damage|p2a: rng my ahh|84/100
|
|t:|1760763983
|switch|p1a: Ronaldo|Cinderace, M|100/100|[from] U-turn
|
|-weather|Snowscape|[upkeep]
|upkeep
|turn|10
|
|t:|1760763997
|move|p2a: rng my ahh|Scale Shot|p1a: Ronaldo
|-damage|p1a: Ronaldo|79/100
|-crit|p1a: Ronaldo
|-damage|p1a: Ronaldo|46/100
|-damage|p1a: Ronaldo|23/100
|-damage|p1a: Ronaldo|3/100
|-hitcount|p1a: Ronaldo|4
|-unboost|p2a: rng my ahh|def|1
|-boost|p2a: rng my ahh|spe|1
|move|p1a: Ronaldo|U-turn|p2a: rng my ahh
|-start|p1a: Ronaldo|typechange|Bug|[from] ability: Libero
|-damage|p2a: rng my ahh|10/100
|
|t:|1760764004
|switch|p1a: Whimsicott|Whimsicott, F|34/100|[from] U-turn
|
|-weather|none
|-heal|p1a: Whimsicott|40/100|[from] item: Leftovers
|upkeep
|turn|11
|
|t:|1760764011
|move|p1a: Whimsicott|Encore|p2a: rng my ahh
|-start|p2a: rng my ahh|Encore
|move|p2a: rng my ahh|Scale Shot|p1a: Whimsicott
|-immune|p1a: Whimsicott
|
|-heal|p1a: Whimsicott|46/100|[from] item: Leftovers
|upkeep
|turn|12
|
|t:|1760764018
|move|p2a: rng my ahh|Scale Shot|p1a: Whimsicott
|-immune|p1a: Whimsicott
|move|p1a: Whimsicott|U-turn|p2a: rng my ahh
|-damage|p2a: rng my ahh|0 fnt
|faint|p2a: rng my ahh
|
|t:|1760764025
|switch|p1a: Ronaldo|Cinderace, M|3/100|[from] U-turn
|
|upkeep
|
|t:|1760764032
|switch|p2a: MoveMerchant|Iron Moth|100/100
|-damage|p2a: MoveMerchant|76/100|[from] Stealth Rock
|-enditem|p2a: MoveMerchant|Booster Energy
|-activate|p2a: MoveMerchant|ability: Quark Drive|[fromitem]
|-start|p2a: MoveMerchant|quarkdrivespe
|turn|13
|
|t:|1760764057
|switch|p1a: Vape God|Raging Bolt|100/100
|move|p2a: MoveMerchant|Fiery Dance|p1a: Vape God
|-resisted|p1a: Vape God
|-damage|p1a: Vape God|82/100
|-boost|p2a: MoveMerchant|spa|1
|
|upkeep
|turn|14
|
|t:|1760764064
|move|p2a: MoveMerchant|Dazzling Gleam|p1a: Vape God
|-supereffective|p1a: Vape God
|-damage|p1a: Vape God|7/100
|move|p1a: Vape God|Volt Switch|p2a: MoveMerchant
|-damage|p2a: MoveMerchant|18/100
|
|t:|1760764070
|-end|p1a: Vape God|Protosynthesis|[silent]
|switch|p1a: BrainRot|Slowking-Galar, F|62/100|[from] Volt Switch
|
|upkeep
|turn|15
|
|t:|1760764078
|move|p2a: MoveMerchant|Fiery Dance|p1a: BrainRot
|-damage|p1a: BrainRot|34/100
|-boost|p2a: MoveMerchant|spa|1
|move|p1a: BrainRot|Sludge Bomb|p2a: MoveMerchant
|-resisted|p2a: MoveMerchant
|-damage|p2a: MoveMerchant|0 fnt
|faint|p2a: MoveMerchant
|-end|p2a: MoveMerchant|Quark Drive|[silent]
|
|upkeep
|
|t:|1760764086
|switch|p2a: snow bunny|Ninetales-Alola, F|100/100
|-damage|p2a: snow bunny|76/100|[from] Stealth Rock
|-weather|Snowscape|[from] ability: Snow Warning|[of] p2a: snow bunny
|turn|16
|
|t:|1760764135
|switch|p1a: Gladys|Corviknight, M|40/100
|-ability|p1a: Gladys|Pressure
|move|p2a: snow bunny|Aurora Veil|p2a: snow bunny
|-sidestart|p2: disco 2003|move: Aurora Veil
|
|-weather|Snowscape|[upkeep]
|upkeep
|turn|17
|
|t:|1760764149
|switch|p2a: 50/50|Raging Bolt|6/100
|-damage|p2a: 50/50|0 fnt|[from] Stealth Rock
|faint|p2a: 50/50
|-end|p2a: 50/50|Protosynthesis|[silent]
|move|p1a: Gladys|Roost|p1a: Gladys
|-heal|p1a: Gladys|90/100
|-singleturn|p1a: Gladys|move: Roost
|
|-weather|Snowscape|[upkeep]
|upkeep
|
|t:|1760764151
|switch|p2a: realpsyspam|Latias, F|100/100
|-damage|p2a: realpsyspam|88/100|[from] Stealth Rock
|turn|18
|
|t:|1760764164
|move|p2a: realpsyspam|Aura Sphere|p1a: Gladys
|-damage|p1a: Gladys|61/100
|move|p1a: Gladys|U-turn|p2a: realpsyspam
|-supereffective|p2a: realpsyspam
|-damage|p2a: realpsyspam|72/100
|
|t:|1760764168
|switch|p1a: Ronaldo|Cinderace, M|3/100|[from] U-turn
|
|-weather|Snowscape|[upkeep]
|-heal|p2a: realpsyspam|78/100|[from] item: Leftovers
|upkeep
|turn|19
|
|t:|1760764174
|move|p1a: Ronaldo|U-turn|p2a: realpsyspam
|-start|p1a: Ronaldo|typechange|Bug|[from] ability: Libero
|-supereffective|p2a: realpsyspam
|-damage|p2a: realpsyspam|12/100
|
|t:|1760764179
|switch|p1a: Gladys|Corviknight, M|61/100|[from] U-turn
|-ability|p1a: Gladys|Pressure
|move|p2a: realpsyspam|Agility|p2a: realpsyspam
|-boost|p2a: realpsyspam|spe|2
|
|-weather|Snowscape|[upkeep]
|-heal|p2a: realpsyspam|18/100|[from] item: Leftovers
|upkeep
|turn|20
|
|t:|1760764183
|-terastallize|p2a: realpsyspam|Steel
|move|p2a: realpsyspam|Calm Mind|p2a: realpsyspam
|-boost|p2a: realpsyspam|spa|1
|-boost|p2a: realpsyspam|spd|1
|move|p1a: Gladys|U-turn|p2a: realpsyspam
|-resisted|p2a: realpsyspam
|-damage|p2a: realpsyspam|13/100
|
|t:|1760764187
|switch|p1a: Whimsicott|Whimsicott, F|46/100|[from] U-turn
|
|-weather|none
|-heal|p2a: realpsyspam|19/100|[from] item: Leftovers
|-heal|p1a: Whimsicott|52/100|[from] item: Leftovers
|upkeep
|turn|21
|-message|disco 2003 forfeited.
|
|win|wallik
|raw|wallik's rating: 1700 &rarr; <strong>1724</strong><br />(+24 for winning)
|raw|disco 2003's rating: 1769 &rarr; <strong>1745</strong><br />(-24 for losing)
|l|☆disco 2003
|player|p2|
