|j|☆MIKASAONO
|j|☆Ejaaay
|t:|1760822887
|gametype|singles
|player|p1|MIKASAONO|lucas|1042
|player|p2|Ejaaay|1|1000
|gen|9
|tier|[Gen 9] OU
|rated|
|rule|HP Percentage Mod: HP is shown in percentages
|rule|Endless Battle Clause: Forcing endless battles is banned
|rule|Species Clause: Limit one of each Pokémon
|rule|OHKO Clause: OHKO moves are banned
|rule|Evasion Items Clause: Evasion items are banned
|rule|Evasion Moves Clause: Evasion moves are banned
|rule|Evasion Abilities Clause: Evasion abilities are banned
|rule|Sleep Moves Clause: Sleep-inducing moves are banned
|clearpoke
|poke|p1|Iron Valiant|
|poke|p1|Slowking-Galar, M|
|poke|p1|Gliscor, M|
|poke|p1|Dragapult, F|
|poke|p1|Great Tusk|
|poke|p1|Kingambit, M|
|poke|p2|Rotom-Wash|
|poke|p2|Glimmora, M|
|poke|p2|Pecharunt|
|poke|p2|Serperior, F|
|poke|p2|Mienshao, M|
|poke|p2|Blissey, F|
|teampreview
|
|t:|1760822905
|teamsize|p1|6
|teamsize|p2|6
|start
|switch|p1a: Dragapult|Dragapult, F|100/100
|switch|p2a: Glimmora|Glimmora, M|100/100
|turn|1
|
|t:|1760822916
|move|p1a: Dragapult|Will-O-Wisp|p2a: Glimmora
|-status|p2a: Glimmora|brn
|move|p2a: Glimmora|Toxic|p1a: Dragapult
|-status|p1a: Dragapult|tox
|
|-damage|p1a: Dragapult|95/100 tox|[from] psn
|-damage|p2a: Glimmora|94/100 brn|[from] brn
|upkeep
|turn|2
|
|t:|1760822929
|move|p1a: Dragapult|Hex|p2a: Glimmora
|-damage|p2a: Glimmora|15/100 brn
|move|p2a: Glimmora|Venoshock|p1a: Dragapult
|-resisted|p1a: Dragapult
|-damage|p1a: Dragapult|46/100 tox
|
|-damage|p1a: Dragapult|34/100 tox|[from] psn
|-damage|p2a: Glimmora|9/100 brn|[from] brn
|upkeep
|turn|3
|
|t:|1760822945
|switch|p2a: Blissey|Blissey, F|100/100
|move|p1a: Dragapult|U-turn|p2a: Blissey
|-damage|p2a: Blissey|61/100
|
|t:|1760822950
|switch|p1a: Gliscor|Gliscor, M|100/100|[from] U-turn
|
|-heal|p2a: Blissey|68/100|[from] item: Leftovers
|-status|p1a: Gliscor|tox|[from] item: Toxic Orb
|upkeep
|turn|4
|
|t:|1760822974
|switch|p2a: Pecharunt|Pecharunt|100/100
|move|p1a: Gliscor|Spikes|p2a: Pecharunt
|-sidestart|p2: Ejaaay|Spikes
|
|upkeep
|turn|5
|
|t:|1760822994
|switch|p2a: Rotom|Rotom-Wash|100/100
|move|p1a: Gliscor|Spikes|p2a: Rotom
|-sidestart|p2: Ejaaay|Spikes
|
|upkeep
|turn|6
|
|t:|1760823035
|move|p2a: Rotom|Trick|p1a: Gliscor
|-activate|p2a: Rotom|move: Trick|[of] p1a: Gliscor
|-item|p1a: Gliscor|Choice Scarf|[from] move: Trick
|-item|p2a: Rotom|Toxic Orb|[from] move: Trick
|move|p1a: Gliscor|Knock Off|p2a: Rotom
|-damage|p2a: Rotom|78/100
|-enditem|p2a: Rotom|Toxic Orb|[from] move: Knock Off|[of] p1a: Gliscor
|
|upkeep
|turn|7
|
|t:|1760823051
|move|p1a: Gliscor|Knock Off|p2a: Rotom
|-damage|p2a: Rotom|63/100
|move|p2a: Rotom|Volt Switch|p1a: Gliscor
|-immune|p1a: Gliscor
|
|upkeep
|turn|8
|
|t:|1760823065
|switch|p1a: Kingambit|Kingambit, M|100/100
|move|p2a: Rotom|Pain Split|p1a: Kingambit
|-sethp|p1a: Kingambit|72/100|[from] move: Pain Split|[silent]
|-sethp|p2a: Rotom|100/100|[from] move: Pain Split
|
|-heal|p1a: Kingambit|78/100|[from] item: Leftovers
|upkeep
|turn|9
|
|t:|1760823078
|move|p2a: Rotom|Protect|p2a: Rotom
|-singleturn|p2a: Rotom|Protect
|move|p1a: Kingambit|Swords Dance|p1a: Kingambit
|-boost|p1a: Kingambit|atk|2
|
|-heal|p1a: Kingambit|84/100|[from] item: Leftovers
|upkeep
|turn|10
|
|t:|1760823087
|move|p2a: Rotom|Volt Switch|p1a: Kingambit
|-damage|p1a: Kingambit|44/100
|
|t:|1760823096
|switch|p2a: Pecharunt|Pecharunt|100/100|[from] Volt Switch
|-damage|p2a: Pecharunt|84/100|[from] Spikes
|move|p1a: Kingambit|Iron Head|p2a: Pecharunt
|-damage|p2a: Pecharunt|34/100
|-damage|p1a: Kingambit|27/100|[from] item: Rocky Helmet|[of] p2a: Pecharunt
|
|-heal|p1a: Kingambit|34/100|[from] item: Leftovers
|upkeep
|turn|11
|
|t:|1760823113
|move|p1a: Kingambit|Sucker Punch||[still]
|-fail|p1a: Kingambit
|move|p2a: Pecharunt|Recover|p2a: Pecharunt
|-heal|p2a: Pecharunt|84/100
|
|-heal|p1a: Kingambit|40/100|[from] item: Leftovers
|upkeep
|turn|12
|
|t:|1760823122
|move|p2a: Pecharunt|Toxic|p1a: Kingambit
|-immune|p1a: Kingambit
|move|p1a: Kingambit|Kowtow Cleave|p2a: Pecharunt
|-supereffective|p2a: Pecharunt
|-damage|p2a: Pecharunt|0 fnt
|-damage|p1a: Kingambit|23/100|[from] item: Rocky Helmet|[of] p2a: Pecharunt
|faint|p2a: Pecharunt
|
|-heal|p1a: Kingambit|30/100|[from] item: Leftovers
|upkeep
|
|t:|1760823135
|switch|p2a: Mienshao|Mienshao, M|100/100
|-damage|p2a: Mienshao|84/100|[from] Spikes
|turn|13
|
|t:|1760823144
|move|p2a: Mienshao|Fake Out|p1a: Kingambit
|-resisted|p1a: Kingambit
|-damage|p1a: Kingambit|21/100
|-damage|p2a: Mienshao|74/100|[from] item: Life Orb
|cant|p1a: Kingambit|flinch
|
|-heal|p1a: Kingambit|28/100|[from] item: Leftovers
|upkeep
|turn|14
|
|t:|1760823153
|move|p2a: Mienshao|Upper Hand||[still]
|-fail|p2a: Mienshao
|move|p1a: Kingambit|Iron Head|p2a: Mienshao
|-damage|p2a: Mienshao|0 fnt
|faint|p2a: Mienshao
|
|-heal|p1a: Kingambit|34/100|[from] item: Leftovers
|upkeep
|
|t:|1760823166
|switch|p2a: Serperior|Serperior, F|100/100
|-damage|p2a: Serperior|84/100|[from] Spikes
|turn|15
|
|t:|1760823201
|-terastallize|p2a: Serperior|Grass
|move|p1a: Kingambit|Sucker Punch||[still]
|-fail|p1a: Kingambit
|move|p2a: Serperior|Substitute|p2a: Serperior
|-start|p2a: Serperior|Substitute
|-damage|p2a: Serperior|59/100
|
|-heal|p1a: Kingambit|40/100|[from] item: Leftovers
|upkeep
|turn|16
|l|☆Ejaaay
|player|p2|
|-message|MIKASAONO forfeited.
|
|win|Ejaaay
|raw|MIKASAONO's rating: 1042 &rarr; <strong>1024</strong><br />(-18 for losing)
|raw|Ejaaay's rating: 1000 &rarr; <strong>1045</strong><br />(+45 for winning)
|l|☆MIKASAONO
|player|p1|
