|j|☆tintin1010
|j|☆galar8
|t:|1760883703
|gametype|singles
|player|p1|tintin1010|169|1277
|player|p2|galar8|caitlin-masters|1216
|gen|9
|tier|[Gen 9] OU
|rated|
|rule|HP Percentage Mod: HP is shown in percentages
|rule|Endless Battle Clause: Forcing endless battles is banned
|rule|Species Clause: Limit one of each Pokémon
|rule|OHKO Clause: OHKO moves are banned
|rule|Evasion Items Clause: Evasion items are banned
|rule|Evasion Moves Clause: Evasion moves are banned
|rule|Evasion Abilities Clause: Evasion abilities are banned
|rule|Sleep Moves Clause: Sleep-inducing moves are banned
|clearpoke
|poke|p1|Moltres|
|poke|p1|Hippowdon, M|
|poke|p1|Hydrapple, M|
|poke|p1|Slowking-Galar, M|
|poke|p1|Azumarill, F|
|poke|p1|Excadrill, M|
|poke|p2|Garganacl, M|
|poke|p2|Toxapex, M|
|poke|p2|Jumpluff, M|
|poke|p2|Corviknight, F|
|poke|p2|Lycanroc, F|
|poke|p2|Gliscor, F|
|teampreview
|inactive|Battle timer is ON: inactive players will automatically lose when time's up. (requested by galar8)
|inactive|tintin1010 has 120 seconds left.
|
|t:|1760883736
|teamsize|p1|6
|teamsize|p2|6
|start
|switch|p1a: Azumarill|Azumarill, F|100/100
|switch|p2a: Lycanroc|Lycanroc, F|100/100
|turn|1
|
|t:|1760883742
|move|p2a: Lycanroc|Stealth Rock|p1a: Azumarill
|-sidestart|p1: tintin1010|move: Stealth Rock
|move|p1a: Azumarill|Liquidation|p2a: Lycanroc
|-supereffective|p2a: Lycanroc
|-crit|p2a: Lycanroc
|-enditem|p2a: Lycanroc|Focus Sash
|-damage|p2a: Lycanroc|1/100
|
|upkeep
|turn|2
|
|t:|1760883746
|move|p1a: Azumarill|Aqua Jet|p2a: Lycanroc
|-supereffective|p2a: Lycanroc
|-damage|p2a: Lycanroc|0 fnt
|faint|p2a: Lycanroc
|
|upkeep
|
|t:|1760883750
|switch|p2a: Jumpluff|Jumpluff, M|100/100
|turn|3
|
|t:|1760883755
|switch|p1a: Slowking|Slowking-Galar, M, shiny|100/100
|-damage|p1a: Slowking|88/100|[from] Stealth Rock
|move|p2a: Jumpluff|Substitute|p2a: Jumpluff
|-start|p2a: Jumpluff|Substitute
|-damage|p2a: Jumpluff|76/100
|
|-heal|p1a: Slowking|94/100|[from] item: Black Sludge
|upkeep
|turn|4
|
|t:|1760883758
|move|p2a: Jumpluff|Leech Seed|p1a: Slowking
|-start|p1a: Slowking|move: Leech Seed
|move|p1a: Slowking|Sludge Bomb|p2a: Jumpluff
|-supereffective|p2a: Jumpluff
|-end|p2a: Jumpluff|Substitute
|
|-heal|p1a: Slowking|99/100|[from] item: Black Sludge
|-damage|p1a: Slowking|88/100|[from] Leech Seed|[of] p2a: Jumpluff
|-heal|p2a: Jumpluff|89/100|[silent]
|upkeep
|turn|5
|
|t:|1760883763
|move|p2a: Jumpluff|Substitute|p2a: Jumpluff
|-start|p2a: Jumpluff|Substitute
|-damage|p2a: Jumpluff|65/100
|move|p1a: Slowking|Future Sight|p2a: Jumpluff
|-start|p1a: Slowking|move: Future Sight
|
|-heal|p1a: Slowking|94/100|[from] item: Black Sludge
|-damage|p1a: Slowking|81/100|[from] Leech Seed|[of] p2a: Jumpluff
|-heal|p2a: Jumpluff|78/100|[silent]
|upkeep
|turn|6
|
|t:|1760883770
|move|p2a: Jumpluff|Encore|p1a: Slowking
|-start|p1a: Slowking|Encore
|move|p1a: Slowking|Future Sight||[still]
|-fail|p1a: Slowking
|
|-heal|p1a: Slowking|88/100|[from] item: Black Sludge
|-damage|p1a: Slowking|75/100|[from] Leech Seed|[of] p2a: Jumpluff
|-heal|p2a: Jumpluff|92/100|[silent]
|upkeep
|turn|7
|
|t:|1760883778
|switch|p1a: Moltres|Moltres|100/100
|move|p2a: Jumpluff|Acrobatics|p1a: Moltres
|-damage|p1a: Moltres|85/100
|
|-end|p2a: Jumpluff|move: Future Sight
|-end|p2a: Jumpluff|Substitute
|upkeep
|turn|8
|
|t:|1760883787
|-terastallize|p2a: Jumpluff|Water
|move|p2a: Jumpluff|Leech Seed|p1a: Moltres
|-start|p1a: Moltres|move: Leech Seed
|move|p1a: Moltres|U-turn|p2a: Jumpluff
|-damage|p2a: Jumpluff|74/100
|
|t:|1760883794
|switch|p1a: Hydrapple|Hydrapple, M, shiny|100/100|[from] U-turn
|
|upkeep
|turn|9
|
|t:|1760883798
|move|p2a: Jumpluff|Substitute|p2a: Jumpluff
|-start|p2a: Jumpluff|Substitute
|-damage|p2a: Jumpluff|49/100
|move|p1a: Hydrapple|Nasty Plot|p1a: Hydrapple
|-boost|p1a: Hydrapple|spa|2
|
|upkeep
|turn|10
|
|t:|1760883803
|move|p2a: Jumpluff|Encore|p1a: Hydrapple
|-start|p1a: Hydrapple|Encore
|move|p1a: Hydrapple|Nasty Plot|p1a: Hydrapple
|-boost|p1a: Hydrapple|spa|2
|
|upkeep
|turn|11
|c|☆galar8|?
|
|t:|1760883807
|switch|p1a: Slowking|Slowking-Galar, M, shiny|100/100
|-damage|p1a: Slowking|88/100|[from] Stealth Rock
|move|p2a: Jumpluff|Acrobatics|p1a: Slowking
|-damage|p1a: Slowking|72/100
|
|-heal|p1a: Slowking|78/100|[from] item: Black Sludge
|upkeep
|turn|12
|
|t:|1760883812
|move|p2a: Jumpluff|Leech Seed|p1a: Slowking
|-start|p1a: Slowking|move: Leech Seed
|move|p1a: Slowking|Future Sight|p2a: Jumpluff
|-start|p1a: Slowking|move: Future Sight
|
|-heal|p1a: Slowking|84/100|[from] item: Black Sludge
|-damage|p1a: Slowking|72/100|[from] Leech Seed|[of] p2a: Jumpluff
|-heal|p2a: Jumpluff|63/100|[silent]
|upkeep
|turn|13
|
|t:|1760883818
|switch|p1a: Hydrapple|Hydrapple, M, shiny|100/100
|move|p2a: Jumpluff|Acrobatics|p1a: Hydrapple
|-supereffective|p1a: Hydrapple
|-damage|p1a: Hydrapple|63/100
|
|upkeep
|turn|14
|
|t:|1760883824
|move|p2a: Jumpluff|Acrobatics|p1a: Hydrapple
|-supereffective|p1a: Hydrapple
|-damage|p1a: Hydrapple|31/100
|move|p1a: Hydrapple|Giga Drain|p2a: Jumpluff
|-supereffective|p2a: Jumpluff
|-end|p2a: Jumpluff|Substitute
|-heal|p1a: Hydrapple|41/100|[from] drain|[of] p2a: Jumpluff
|
|-end|p2a: Jumpluff|move: Future Sight
|-damage|p2a: Jumpluff|19/100
|upkeep
|turn|15
|
|t:|1760883839
|switch|p2a: Corviknight|Corviknight, F|100/100
|-ability|p2a: Corviknight|Pressure
|move|p1a: Hydrapple|Giga Drain|p2a: Corviknight
|-resisted|p2a: Corviknight
|-damage|p2a: Corviknight|93/100
|-heal|p1a: Hydrapple|45/100|[from] drain|[of] p2a: Corviknight
|
|-heal|p2a: Corviknight|99/100|[from] item: Leftovers
|upkeep
|turn|16
|
|t:|1760883842
|switch|p1a: Moltres|Moltres|85/100
|move|p2a: Corviknight|Brave Bird|p1a: Moltres
|-damage|p1a: Moltres|57/100
|-status|p2a: Corviknight|brn|[from] ability: Flame Body|[of] p1a: Moltres
|-damage|p2a: Corviknight|91/100 brn|[from] Recoil
|
|-heal|p2a: Corviknight|97/100 brn|[from] item: Leftovers
|-damage|p2a: Corviknight|91/100 brn|[from] brn
|upkeep
|turn|17
|
|t:|1760883848
|move|p1a: Moltres|Roost|p1a: Moltres
|-heal|p1a: Moltres|100/100
|-singleturn|p1a: Moltres|move: Roost
|move|p2a: Corviknight|Iron Head|p1a: Moltres
|-resisted|p1a: Moltres
|-damage|p1a: Moltres|96/100
|
|-heal|p2a: Corviknight|97/100 brn|[from] item: Leftovers
|-damage|p2a: Corviknight|91/100 brn|[from] brn
|upkeep
|turn|18
|
|t:|1760883853
|move|p1a: Moltres|Flamethrower|p2a: Corviknight
|-supereffective|p2a: Corviknight
|-damage|p2a: Corviknight|38/100 brn
|move|p2a: Corviknight|Brave Bird|p1a: Moltres
|-damage|p1a: Moltres|84/100
|-damage|p2a: Corviknight|34/100 brn|[from] Recoil
|
|-heal|p2a: Corviknight|40/100 brn|[from] item: Leftovers
|-damage|p2a: Corviknight|34/100 brn|[from] brn
|upkeep
|turn|19
|
|t:|1760883865
|move|p1a: Moltres|Flamethrower|p2a: Corviknight
|-supereffective|p2a: Corviknight
|-damage|p2a: Corviknight|0 fnt
|faint|p2a: Corviknight
|
|upkeep
|
|t:|1760883879
|switch|p2a: Garganacl|Garganacl, M|100/100
|turn|20
|
|t:|1760883885
|move|p1a: Moltres|U-turn|p2a: Garganacl
|-damage|p2a: Garganacl|93/100
|
|t:|1760883889
|switch|p1a: Hydrapple|Hydrapple, M, shiny|78/100|[from] U-turn
|move|p2a: Garganacl|Salt Cure|p1a: Hydrapple
|-damage|p1a: Hydrapple|68/100
|-start|p1a: Hydrapple|Salt Cure
|
|-damage|p1a: Hydrapple|55/100|[from] Salt Cure
|upkeep
|turn|21
|
|t:|1760883901
|move|p2a: Garganacl|Protect|p2a: Garganacl
|-singleturn|p2a: Garganacl|Protect
|move|p1a: Hydrapple|Nasty Plot|p1a: Hydrapple
|-boost|p1a: Hydrapple|spa|2
|
|-damage|p1a: Hydrapple|43/100|[from] Salt Cure
|upkeep
|turn|22
|
|t:|1760883905
|switch|p2a: Toxapex|Toxapex, M, shiny|100/100
|move|p1a: Hydrapple|Giga Drain|p2a: Toxapex
|-damage|p2a: Toxapex|27/100
|-heal|p1a: Hydrapple|70/100|[from] drain|[of] p2a: Toxapex
|
|-heal|p2a: Toxapex|34/100|[from] item: Leftovers
|-damage|p1a: Hydrapple|58/100|[from] Salt Cure
|upkeep
|turn|23
|
|t:|1760883915
|move|p2a: Toxapex|Baneful Bunker|p2a: Toxapex
|-singleturn|p2a: Toxapex|move: Protect
|move|p1a: Hydrapple|Giga Drain|p2a: Toxapex
|-activate|p2a: Toxapex|move: Protect
|
|-heal|p2a: Toxapex|40/100|[from] item: Leftovers
|-damage|p1a: Hydrapple|45/100|[from] Salt Cure
|upkeep
|turn|24
|
|t:|1760883925
|switch|p2a: Jumpluff|Jumpluff, M, tera:Water|19/100
|move|p1a: Hydrapple|Giga Drain|p2a: Jumpluff
|-supereffective|p2a: Jumpluff
|-damage|p2a: Jumpluff|0 fnt
|-heal|p1a: Hydrapple|54/100|[from] drain|[of] p2a: Jumpluff
|faint|p2a: Jumpluff
|
|-damage|p1a: Hydrapple|41/100|[from] Salt Cure
|upkeep
|
|t:|1760883929
|switch|p2a: Garganacl|Garganacl, M|93/100
|turn|25
|
|t:|1760883941
|move|p1a: Hydrapple|Giga Drain|p2a: Garganacl
|-supereffective|p2a: Garganacl
|-damage|p2a: Garganacl|0 fnt
|-heal|p1a: Hydrapple|86/100|[from] drain|[of] p2a: Garganacl
|faint|p2a: Garganacl
|
|-damage|p1a: Hydrapple|74/100|[from] Salt Cure
|upkeep
|-message|galar8 forfeited.
|
|win|tintin1010
|raw|tintin1010's rating: 1277 &rarr; <strong>1298</strong><br />(+21 for winning)
|raw|galar8's rating: 1216 &rarr; <strong>1195</strong><br />(-21 for losing)
|l|☆galar8
|player|p2|
|l|☆tintin1010
|player|p1|
