|badge|p2|bronze|gen9ou|100-7
|uhtml|medal-msg|<div class="broadcast-blue">Curious what those medals under the avatar are? PS now has Ladder Seasons! For more information, check out the <a href="https://www.smogon.com/forums/threads/3740067/">thread on Smogon.</a></div>
|j|☆SmallKuza1888
|j|☆LT121GU Prav33n
|t:|1760848399
|gametype|singles
|player|p1|SmallKuza1888|cyclist-gen4|1626
|player|p2|LT121GU Prav33n|koga|1892
|gen|9
|tier|[Gen 9] OU
|rated|
|rule|HP Percentage Mod: HP is shown in percentages
|rule|Endless Battle Clause: Forcing endless battles is banned
|rule|Species Clause: Limit one of each Pokémon
|rule|OHKO Clause: OHKO moves are banned
|rule|Evasion Items Clause: Evasion items are banned
|rule|Evasion Moves Clause: Evasion moves are banned
|rule|Evasion Abilities Clause: Evasion abilities are banned
|rule|Sleep Moves Clause: Sleep-inducing moves are banned
|clearpoke
|poke|p1|Tyranitar, F|
|poke|p1|Excadrill, F|
|poke|p1|Sinistcha|
|poke|p1|Tinkaton, F|
|poke|p1|Toxapex, M|
|poke|p1|Tornadus-Therian, M|
|poke|p2|Samurott-Hisui, M|
|poke|p2|Pecharunt|
|poke|p2|Latios, M|
|poke|p2|Zamazenta-*|
|poke|p2|Heatran, M|
|poke|p2|Gliscor, M|
|teampreview
|inactive|Battle timer is ON: inactive players will automatically lose when time's up. (requested by SmallKuza1888)
|inactive|LT121GU Prav33n has 120 seconds left.
|
|t:|1760848449
|teamsize|p1|6
|teamsize|p2|6
|start
|switch|p1a: Tornadus|Tornadus-Therian, M|100/100
|switch|p2a: Samurott|Samurott-Hisui, M|100/100
|turn|1
|
|t:|1760848455
|switch|p2a: Pecharunt|Pecharunt|100/100
|move|p1a: Tornadus|Focus Blast|p2a: Pecharunt
|-immune|p2a: Pecharunt
|
|upkeep
|turn|2
|
|t:|1760848461
|switch|p1a: Toxapex|Toxapex, M|100/100
|move|p2a: Pecharunt|Parting Shot|p1a: Toxapex
|-unboost|p1a: Toxapex|atk|1
|-unboost|p1a: Toxapex|spa|1
|
|t:|1760848464
|switch|p2a: Samurott|Samurott-Hisui, M|100/100|[from] Parting Shot
|
|upkeep
|turn|3
|
|t:|1760848466
|move|p2a: Samurott|Ceaseless Edge|p1a: Toxapex
|-damage|p1a: Toxapex|67/100
|-sidestart|p1: SmallKuza1888|Spikes
|-enditem|p1a: Toxapex|Eject Button
|
|t:|1760848468
|switch|p1a: Tornadus|Tornadus-Therian, M|100/100
|
|upkeep
|turn|4
|
|t:|1760848472
|switch|p2a: Heatran|Heatran, M|100/100
|move|p1a: Tornadus|Bleakwind Storm|p2a: Heatran
|-resisted|p2a: Heatran
|-damage|p2a: Heatran|78/100
|
|-heal|p2a: Heatran|85/100|[from] item: Leftovers
|upkeep
|turn|5
|
|t:|1760848478
|switch|p1a: Toxapex|Toxapex, M|100/100
|-damage|p1a: Toxapex|88/100|[from] Spikes
|move|p2a: Heatran|Stealth Rock|p1a: Toxapex
|-sidestart|p1: SmallKuza1888|move: Stealth Rock
|
|-heal|p2a: Heatran|91/100|[from] item: Leftovers
|upkeep
|turn|6
|
|t:|1760848484
|switch|p1a: Excadrill|Excadrill, F|100/100
|-damage|p1a: Excadrill|88/100|[from] Spikes
|-damage|p1a: Excadrill|85/100|[from] Stealth Rock
|move|p2a: Heatran|Taunt|p1a: Excadrill
|-start|p1a: Excadrill|move: Taunt
|
|-heal|p2a: Heatran|97/100|[from] item: Leftovers
|upkeep
|turn|7
|
|t:|1760848496
|switch|p2a: Gliscor|Gliscor, M, shiny|100/100
|move|p1a: Excadrill|Earthquake|p2a: Gliscor
|-immune|p2a: Gliscor
|
|-status|p2a: Gliscor|tox|[from] item: Toxic Orb
|upkeep
|turn|8
|
|t:|1760848504
|switch|p2a: Zamazenta|Zamazenta|100/100
|-ability|p2a: Zamazenta|Dauntless Shield|boost
|-boost|p2a: Zamazenta|def|1
|move|p1a: Excadrill|Rapid Spin|p2a: Zamazenta
|-damage|p2a: Zamazenta|88/100
|-boost|p1a: Excadrill|spe|1
|-sideend|p1: SmallKuza1888|Spikes|[from] move: Rapid Spin|[of] p1a: Excadrill
|-sideend|p1: SmallKuza1888|Stealth Rock|[from] move: Rapid Spin|[of] p1a: Excadrill
|
|-end|p1a: Excadrill|move: Taunt
|upkeep
|turn|9
|
|t:|1760848512
|switch|p1a: Toxapex|Toxapex, M|100/100
|move|p2a: Zamazenta|Stone Edge|p1a: Toxapex|[miss]
|-miss|p2a: Zamazenta|p1a: Toxapex
|
|upkeep
|turn|10
|j| smlt 2sdm potato
|
|t:|1760848520
|switch|p2a: Heatran|Heatran, M|97/100
|move|p1a: Toxapex|Toxic Spikes|p2a: Heatran
|-sidestart|p2: LT121GU Prav33n|move: Toxic Spikes
|
|-heal|p2a: Heatran|100/100|[from] item: Leftovers
|upkeep
|turn|11
|
|t:|1760848524
|switch|p1a: Tyranitar|Tyranitar, F|100/100
|-weather|Sandstorm|[from] ability: Sand Stream|[of] p1a: Tyranitar
|move|p2a: Heatran|Stealth Rock|p1a: Tyranitar
|-sidestart|p1: SmallKuza1888|move: Stealth Rock
|
|-weather|Sandstorm|[upkeep]
|upkeep
|turn|12
|
|t:|1760848532
|switch|p2a: Gliscor|Gliscor, M, shiny|100/100 tox
|move|p1a: Tyranitar|Stone Edge|p2a: Gliscor
|-damage|p2a: Gliscor|29/100 tox
|
|-weather|Sandstorm|[upkeep]
|-heal|p2a: Gliscor|42/100 tox|[from] ability: Poison Heal
|upkeep
|turn|13
|
|t:|1760848536
|move|p2a: Gliscor|Protect|p2a: Gliscor
|-singleturn|p2a: Gliscor|Protect
|move|p1a: Tyranitar|Stone Edge|p2a: Gliscor
|-activate|p2a: Gliscor|move: Protect
|
|-weather|Sandstorm|[upkeep]
|-heal|p2a: Gliscor|54/100 tox|[from] ability: Poison Heal
|upkeep
|turn|14
|
|t:|1760848565
|switch|p2a: Zamazenta|Zamazenta|88/100
|move|p1a: Tyranitar|Stone Edge|p2a: Zamazenta
|-resisted|p2a: Zamazenta
|-crit|p2a: Zamazenta
|-damage|p2a: Zamazenta|29/100
|
|-weather|Sandstorm|[upkeep]
|-damage|p2a: Zamazenta|23/100|[from] Sandstorm
|upkeep
|turn|15
|
|t:|1760848570
|switch|p2a: Samurott|Samurott-Hisui, M|100/100
|switch|p1a: Toxapex|Toxapex, M|100/100
|-damage|p1a: Toxapex|88/100|[from] Stealth Rock
|
|-weather|none
|upkeep
|turn|16
|
|t:|1760848574
|move|p2a: Samurott|Ceaseless Edge|p1a: Toxapex
|-damage|p1a: Toxapex|50/100
|-sidestart|p1: SmallKuza1888|Spikes
|move|p1a: Toxapex|Toxic|p2a: Samurott
|-status|p2a: Samurott|tox
|
|-damage|p2a: Samurott|94/100 tox|[from] psn
|upkeep
|turn|17
|
|t:|1760848576
|move|p2a: Samurott|Ceaseless Edge|p1a: Toxapex
|-damage|p1a: Toxapex|13/100
|-sidestart|p1: SmallKuza1888|Spikes
|move|p1a: Toxapex|Recover|p1a: Toxapex
|-heal|p1a: Toxapex|63/100
|
|-damage|p2a: Samurott|82/100 tox|[from] psn
|upkeep
|turn|18
|
|t:|1760848580
|switch|p2a: Heatran|Heatran, M|100/100
|move|p1a: Toxapex|Recover|p1a: Toxapex
|-heal|p1a: Toxapex|100/100
|
|upkeep
|turn|19
|
|t:|1760848584
|switch|p1a: Tornadus|Tornadus-Therian, M|100/100
|-damage|p1a: Tornadus|76/100|[from] Stealth Rock
|move|p2a: Heatran|Magma Storm|p1a: Tornadus|[miss]
|-miss|p2a: Heatran|p1a: Tornadus
|
|upkeep
|turn|20
|
|t:|1760848590
|switch|p2a: Pecharunt|Pecharunt|100/100
|-sideend|p2: LT121GU Prav33n|move: Toxic Spikes|[of] p2a: Pecharunt
|move|p1a: Tornadus|Bleakwind Storm|p2a: Pecharunt
|-damage|p2a: Pecharunt|31/100
|
|upkeep
|turn|21
|
|t:|1760848597
|switch|p1a: Excadrill|Excadrill, F|85/100
|-damage|p1a: Excadrill|82/100|[from] Stealth Rock
|-damage|p1a: Excadrill|65/100|[from] Spikes
|switch|p2a: Heatran|Heatran, M|100/100
|
|upkeep
|turn|22
|
|t:|1760848601
|move|p1a: Excadrill|Earthquake|p2a: Heatran
|-supereffective|p2a: Heatran
|-damage|p2a: Heatran|0 fnt
|faint|p2a: Heatran
|
|upkeep
|
|t:|1760848604
|switch|p2a: Latios|Latios, M, shiny|100/100
|turn|23
|
|t:|1760848627
|switch|p1a: Tinkaton|Tinkaton, F|100/100
|-damage|p1a: Tinkaton|94/100|[from] Stealth Rock
|-ability|p1a: Tinkaton|Mold Breaker
|-item|p1a: Tinkaton|Air Balloon
|move|p2a: Latios|Aura Sphere|p1a: Tinkaton
|-damage|p1a: Tinkaton|68/100
|-enditem|p1a: Tinkaton|Air Balloon
|
|upkeep
|turn|24
|
|t:|1760848633
|switch|p2a: Gliscor|Gliscor, M, shiny|54/100 tox
|move|p1a: Tinkaton|Stealth Rock|p2a: Gliscor
|-sidestart|p2: LT121GU Prav33n|move: Stealth Rock
|
|-heal|p2a: Gliscor|67/100 tox|[from] ability: Poison Heal
|upkeep
|turn|25
|
|t:|1760848641
|switch|p1a: Tornadus|Tornadus-Therian, M|100/100
|-damage|p1a: Tornadus|76/100|[from] Stealth Rock
|move|p2a: Gliscor|Facade|p1a: Tornadus
|-damage|p1a: Tornadus|36/100
|
|-heal|p2a: Gliscor|79/100 tox|[from] ability: Poison Heal
|upkeep
|turn|26
|
|t:|1760848646
|move|p1a: Tornadus|Bleakwind Storm|p2a: Gliscor
|-damage|p2a: Gliscor|19/100 tox
|-unboost|p2a: Gliscor|spe|1
|move|p2a: Gliscor|Facade|p1a: Tornadus
|-damage|p1a: Tornadus|0 fnt
|faint|p1a: Tornadus
|
|-heal|p2a: Gliscor|31/100 tox|[from] ability: Poison Heal
|upkeep
|
|t:|1760848651
|switch|p1a: Tyranitar|Tyranitar, F|100/100
|-damage|p1a: Tyranitar|88/100|[from] Stealth Rock
|-damage|p1a: Tyranitar|72/100|[from] Spikes
|-weather|Sandstorm|[from] ability: Sand Stream|[of] p1a: Tyranitar
|turn|27
|
|t:|1760848661
|move|p2a: Gliscor|Protect|p2a: Gliscor
|-singleturn|p2a: Gliscor|Protect
|move|p1a: Tyranitar|Knock Off|p2a: Gliscor
|-activate|p2a: Gliscor|move: Protect
|
|-weather|Sandstorm|[upkeep]
|-heal|p2a: Gliscor|44/100 tox|[from] ability: Poison Heal
|upkeep
|turn|28
|
|t:|1760848665
|switch|p2a: Samurott|Samurott-Hisui, M|82/100 tox
|move|p1a: Tyranitar|Knock Off|p2a: Samurott
|-resisted|p2a: Samurott
|-damage|p2a: Samurott|30/100 tox
|-enditem|p2a: Samurott|Heavy-Duty Boots|[from] move: Knock Off|[of] p1a: Tyranitar
|
|-weather|Sandstorm|[upkeep]
|-damage|p2a: Samurott|24/100 tox|[from] Sandstorm
|-damage|p2a: Samurott|18/100 tox|[from] psn
|upkeep
|turn|29
|
|t:|1760848679
|move|p2a: Samurott|Ceaseless Edge|p1a: Tyranitar
|-resisted|p1a: Tyranitar
|-damage|p1a: Tyranitar|50/100
|-sidestart|p1: SmallKuza1888|Spikes
|move|p1a: Tyranitar|Knock Off|p2a: Samurott
|-resisted|p2a: Samurott
|-damage|p2a: Samurott|0 fnt
|faint|p2a: Samurott
|
|-weather|Sandstorm|[upkeep]
|upkeep
|
|t:|1760848682
|switch|p2a: Zamazenta|Zamazenta|23/100
|turn|30
|
|t:|1760848687
|switch|p2a: Gliscor|Gliscor, M, shiny|44/100 tox
|-damage|p2a: Gliscor|31/100 tox|[from] Stealth Rock
|switch|p1a: Toxapex|Toxapex, M|100/100
|-damage|p1a: Toxapex|88/100|[from] Stealth Rock
|-damage|p1a: Toxapex|64/100|[from] Spikes
|
|-weather|Sandstorm|[upkeep]
|-damage|p1a: Toxapex|58/100|[from] Sandstorm
|-heal|p2a: Gliscor|44/100 tox|[from] ability: Poison Heal
|upkeep
|turn|31
|
|t:|1760848691
|switch|p1a: Tinkaton|Tinkaton, F|68/100
|-damage|p1a: Tinkaton|62/100|[from] Stealth Rock
|-damage|p1a: Tinkaton|37/100|[from] Spikes
|-ability|p1a: Tinkaton|Mold Breaker
|move|p2a: Gliscor|Swords Dance|p2a: Gliscor
|-boost|p2a: Gliscor|atk|2
|
|-weather|none
|-heal|p2a: Gliscor|56/100 tox|[from] ability: Poison Heal
|upkeep
|turn|32
|
|t:|1760848697
|switch|p2a: Zamazenta|Zamazenta|23/100
|move|p1a: Tinkaton|Encore||[still]
|-fail|p1a: Tinkaton
|
|upkeep
|turn|33
|
|t:|1760848706
|move|p2a: Zamazenta|Close Combat|p1a: Tinkaton
|-damage|p1a: Tinkaton|0 fnt
|-unboost|p2a: Zamazenta|def|1
|-unboost|p2a: Zamazenta|spd|1
|faint|p1a: Tinkaton
|
|upkeep
|
|t:|1760848709
|switch|p1a: Tyranitar|Tyranitar, F|50/100
|-damage|p1a: Tyranitar|38/100|[from] Stealth Rock
|-damage|p1a: Tyranitar|13/100|[from] Spikes
|-weather|Sandstorm|[from] ability: Sand Stream|[of] p1a: Tyranitar
|turn|34
|
|t:|1760848721
|move|p2a: Zamazenta|Close Combat|p1a: Tyranitar
|-supereffective|p1a: Tyranitar
|-damage|p1a: Tyranitar|0 fnt
|-unboost|p2a: Zamazenta|def|1
|-unboost|p2a: Zamazenta|spd|1
|faint|p1a: Tyranitar
|
|-weather|Sandstorm|[upkeep]
|-damage|p2a: Zamazenta|16/100|[from] Sandstorm
|upkeep
|
|t:|1760848723
|switch|p1a: Excadrill|Excadrill, F|65/100
|-damage|p1a: Excadrill|62/100|[from] Stealth Rock
|-damage|p1a: Excadrill|37/100|[from] Spikes
|turn|35
|
|t:|1760848729
|switch|p2a: Pecharunt|Pecharunt|31/100
|move|p1a: Excadrill|Rapid Spin|p2a: Pecharunt
|-immune|p2a: Pecharunt
|
|-weather|Sandstorm|[upkeep]
|-damage|p2a: Pecharunt|25/100|[from] Sandstorm
|upkeep
|turn|36
|
|t:|1760848733
|move|p1a: Excadrill|Earthquake|p2a: Pecharunt
|-supereffective|p2a: Pecharunt
|-damage|p2a: Pecharunt|0 fnt
|faint|p2a: Pecharunt
|
|-weather|Sandstorm|[upkeep]
|upkeep
|
|t:|1760848735
|switch|p2a: Latios|Latios, M, shiny|100/100
|-damage|p2a: Latios|88/100|[from] Stealth Rock
|turn|37
|
|t:|1760848742
|move|p1a: Excadrill|Rapid Spin|p2a: Latios
|-damage|p2a: Latios|63/100
|-boost|p1a: Excadrill|spe|1
|-sideend|p1: SmallKuza1888|Spikes|[from] move: Rapid Spin|[of] p1a: Excadrill
|-sideend|p1: SmallKuza1888|Stealth Rock|[from] move: Rapid Spin|[of] p1a: Excadrill
|move|p2a: Latios|Draco Meteor|p1a: Excadrill
|-resisted|p1a: Excadrill
|-damage|p1a: Excadrill|0 fnt
|-unboost|p2a: Latios|spa|2
|faint|p1a: Excadrill
|
|-weather|Sandstorm|[upkeep]
|-damage|p2a: Latios|57/100|[from] Sandstorm
|upkeep
|
|t:|1760848746
|switch|p1a: Sinistcha|Sinistcha|100/100
|turn|38
|
|t:|1760848749
|switch|p2a: Zamazenta|Zamazenta|16/100
|move|p1a: Sinistcha|Calm Mind|p1a: Sinistcha
|-boost|p1a: Sinistcha|spa|1
|-boost|p1a: Sinistcha|spd|1
|
|-weather|none
|upkeep
|turn|39
|
|t:|1760848753
|switch|p2a: Latios|Latios, M, shiny|57/100
|-damage|p2a: Latios|45/100|[from] Stealth Rock
|move|p1a: Sinistcha|Strength Sap|p2a: Latios
|-unboost|p2a: Latios|atk|1
|
|upkeep
|turn|40
|
|t:|1760848757
|switch|p1a: Toxapex|Toxapex, M|91/100
|move|p2a: Latios|Trick|p1a: Toxapex
|-activate|p2a: Latios|move: Trick|[of] p1a: Toxapex
|-item|p1a: Toxapex|Choice Scarf|[from] move: Trick
|-enditem|p2a: Latios|Choice Scarf|[silent]|[from] move: Trick
|
|upkeep
|turn|41
|
|t:|1760848760
|switch|p2a: Gliscor|Gliscor, M, shiny|56/100 tox
|-damage|p2a: Gliscor|44/100 tox|[from] Stealth Rock
|move|p1a: Toxapex|Toxic|p2a: Gliscor
|-fail|p2a: Gliscor|tox
|
|-heal|p2a: Gliscor|56/100 tox|[from] ability: Poison Heal
|upkeep
|turn|42
|
|t:|1760848763
|switch|p1a: Sinistcha|Sinistcha|100/100
|move|p2a: Gliscor|Swords Dance|p2a: Gliscor
|-boost|p2a: Gliscor|atk|2
|
|-heal|p2a: Gliscor|69/100 tox|[from] ability: Poison Heal
|upkeep
|turn|43
|
|t:|1760848778
|move|p2a: Gliscor|Protect|p2a: Gliscor
|-singleturn|p2a: Gliscor|Protect
|move|p1a: Sinistcha|Calm Mind|p1a: Sinistcha
|-boost|p1a: Sinistcha|spa|1
|-boost|p1a: Sinistcha|spd|1
|
|-heal|p2a: Gliscor|81/100 tox|[from] ability: Poison Heal
|upkeep
|turn|44
|
|t:|1760848780
|move|p2a: Gliscor|Swords Dance|p2a: Gliscor
|-boost|p2a: Gliscor|atk|2
|move|p1a: Sinistcha|Matcha Gotcha|p2a: Gliscor
|-damage|p2a: Gliscor|40/100 tox
|
|-heal|p2a: Gliscor|53/100 tox|[from] ability: Poison Heal
|upkeep
|turn|45
|
|t:|1760848786
|move|p2a: Gliscor|Swords Dance|p2a: Gliscor
|-boost|p2a: Gliscor|atk|2
|move|p1a: Sinistcha|Matcha Gotcha|p2a: Gliscor
|-damage|p2a: Gliscor|13/100 tox
|
|-heal|p2a: Gliscor|25/100 tox|[from] ability: Poison Heal
|upkeep
|turn|46
|
|t:|1760848793
|move|p2a: Gliscor|Protect|p2a: Gliscor
|-singleturn|p2a: Gliscor|Protect
|move|p1a: Sinistcha|Matcha Gotcha|p2a: Gliscor
|-activate|p2a: Gliscor|move: Protect
|
|-heal|p2a: Gliscor|38/100 tox|[from] ability: Poison Heal
|upkeep
|turn|47
|
|t:|1760848795
|move|p2a: Gliscor|Knock Off|p1a: Sinistcha
|-supereffective|p1a: Sinistcha
|-damage|p1a: Sinistcha|0 fnt
|-enditem|p1a: Sinistcha|Leftovers|[from] move: Knock Off|[of] p2a: Gliscor
|faint|p1a: Sinistcha
|
|-heal|p2a: Gliscor|50/100 tox|[from] ability: Poison Heal
|upkeep
|-message|SmallKuza1888 forfeited.
|
|win|LT121GU Prav33n
|raw|SmallKuza1888's rating: 1635 &rarr; <strong>1628</strong><br />(-7 for losing)
|raw|LT121GU Prav33n's rating: 1892 &rarr; <strong>1899</strong><br />(+7 for winning)
|l|☆SmallKuza1888
|player|p1|
|l| smlt 2sdm potato
