|j|☆MK29
|j|☆Prateekkp
|inactive|Battle timer is ON: inactive players will automatically lose when time's up.
|t:|1760781061
|gametype|singles
|player|p1|MK29|swimmerf-gen4|
|player|p2|Prateekkp|hero2-conquest|
|gen|9
|tier|[Gen 9] OU
|rated|Tournament battle
|rule|HP Percentage Mod: HP is shown in percentages
|rule|Endless Battle Clause: Forcing endless battles is banned
|rule|Species Clause: Limit one of each Pokémon
|rule|OHKO Clause: OHKO moves are banned
|rule|Evasion Items Clause: Evasion items are banned
|rule|Evasion Moves Clause: Evasion moves are banned
|rule|Evasion Abilities Clause: Evasion abilities are banned
|rule|Sleep Moves Clause: Sleep-inducing moves are banned
|rule|Force of the Fallen Mod: Pok&émon pass the move in their last moveslot to their allies when they're KOed
|rule|Terastal Clause: You cannot Terastallize
|raw|<div class="infobox"><details class="readmore"><summary><strong>18 custom rules:</strong></summary> Force of the Fallen Mod, Standard OMs, Terastal Clause, -Enamorus, -Falinks, -Komala, -Kommo-o, -Lilligant-Hisui, -Rage Fist, *Belly Drum, *Extreme Speed, *Population Bomb, *Quiver Dance, *Revival Blessing, *Shell Smash, -Booster Energy, *Tail Glow, -Smeargle</details></div>
|clearpoke
|poke|p1|Deoxys-Speed|
|poke|p1|Indeedee, M|
|poke|p1|Iron Boulder|
|poke|p1|Polteageist|
|poke|p1|Hawlucha, M|
|poke|p1|Meowscarada, F|
|poke|p2|Pecharunt|
|poke|p2|Araquanid, F|
|poke|p2|Dragonite, F|
|poke|p2|Ogerpon-Cornerstone, F|
|poke|p2|Great Tusk|
|poke|p2|Kingambit, M|
|teampreview
|j|*Lady Monita ☀
|inactive|MK29 also wants the timer to be on.
|inactive|Prateekkp also wants the timer to be on.
|c|☆Prateekkp|Hf
|c|☆MK29|Glhf
|
|t:|1760781074
|teamsize|p1|6
|teamsize|p2|6
|start
|switch|p1a: Deoxys|Deoxys-Speed|100/100
|switch|p2a: Araquanid|Araquanid, F|100/100
|-ability|p1a: Deoxys|Pressure
|turn|1
|
|t:|1760781080
|move|p1a: Deoxys|Stealth Rock|p2a: Araquanid
|-sidestart|p2: Prateekkp|move: Stealth Rock
|move|p2a: Araquanid|Leech Life|p1a: Deoxys
|-supereffective|p1a: Deoxys
|-damage|p1a: Deoxys|13/100
|
|upkeep
|turn|2
|
|t:|1760781082
|move|p1a: Deoxys|Knock Off|p2a: Araquanid
|-damage|p2a: Araquanid|73/100
|-enditem|p2a: Araquanid|Custap Berry|[from] move: Knock Off|[of] p1a: Deoxys
|-damage|p1a: Deoxys|3/100|[from] item: Life Orb
|move|p2a: Araquanid|Sticky Web|p1a: Deoxys
|-sidestart|p1: MK29|move: Sticky Web
|
|upkeep
|turn|3
|
|t:|1760781092
|move|p1a: Deoxys|Knock Off|p2a: Araquanid
|-damage|p2a: Araquanid|54/100
|-damage|p1a: Deoxys|0 fnt|[from] item: Life Orb
|faint|p1a: Deoxys
|move|p2a: Araquanid|Leech Life|p1: Deoxys|[notarget]
|-fail|p2a: Araquanid
|
|upkeep
|
|t:|1760781096
|switch|p1a: Indeedee|Indeedee, M|100/100
|-activate|p1a: Indeedee|move: Sticky Web
|-unboost|p1a: Indeedee|spe|1
|-fieldstart|move: Psychic Terrain|[from] ability: Psychic Surge|[of] p1a: Indeedee
|turn|4
|
|t:|1760781100
|move|p1a: Indeedee|Expanding Force|p2a: Araquanid
|-damage|p2a: Araquanid|7/100
|move|p2a: Araquanid|Leech Life|p1a: Indeedee
|-supereffective|p1a: Indeedee
|-damage|p1a: Indeedee|13/100
|-heal|p2a: Araquanid|57/100|[from] drain|[of] p1a: Indeedee
|
|upkeep
|turn|5
|
|t:|1760781104
|move|p1a: Indeedee|Expanding Force|p2a: Araquanid
|-damage|p2a: Araquanid|3/100
|move|p2a: Araquanid|Leech Life|p1a: Indeedee
|-supereffective|p1a: Indeedee
|-damage|p1a: Indeedee|0 fnt
|-heal|p2a: Araquanid|10/100|[from] drain|[of] p1a: Indeedee
|faint|p1a: Indeedee
|
|upkeep
|
|t:|1760781116
|switch|p1a: Hawlucha|Hawlucha, M|100/100
|-enditem|p1a: Hawlucha|Psychic Seed
|-boost|p1a: Hawlucha|spd|1|[from] item: Psychic Seed
|turn|6
|c|☆Prateekkp|Specs ?
|
|t:|1760781121
|move|p1a: Hawlucha|Acrobatics|p2a: Araquanid
|-supereffective|p2a: Araquanid
|-damage|p2a: Araquanid|0 fnt
|faint|p2a: Araquanid
|
|upkeep
|
|t:|1760781126
|switch|p2a: Pecharunt|Pecharunt|100/100
|-damage|p2a: Pecharunt|88/100|[from] Stealth Rock
|-item|p2a: Pecharunt|Air Balloon
|turn|7
|
|t:|1760781131
|move|p1a: Hawlucha|Swords Dance|p1a: Hawlucha
|-boost|p1a: Hawlucha|atk|2
|move|p2a: Pecharunt|Malignant Chain|p1a: Hawlucha
|-damage|p1a: Hawlucha|70/100
|-status|p1a: Hawlucha|tox
|-start|p1a: Hawlucha|confusion|[from] ability: Poison Puppeteer|[of] p2a: Pecharunt
|
|-damage|p1a: Hawlucha|64/100 tox|[from] psn
|upkeep
|turn|8
|
|t:|1760781136
|-activate|p1a: Hawlucha|confusion
|move|p1a: Hawlucha|Knock Off|p2a: Pecharunt
|-supereffective|p2a: Pecharunt
|-damage|p2a: Pecharunt|1/100
|-enditem|p2a: Pecharunt|Air Balloon
|move|p2a: Pecharunt|Hex|p1a: Hawlucha
|-damage|p1a: Hawlucha|25/100 tox
|
|-damage|p1a: Hawlucha|13/100 tox|[from] psn
|upkeep
|turn|9
|
|t:|1760781140
|-activate|p1a: Hawlucha|confusion
|-damage|p1a: Hawlucha|0 fnt|[from] confusion
|faint|p1a: Hawlucha
|move|p2a: Pecharunt|Hex|p1: Hawlucha|[notarget]
|-fail|p2a: Pecharunt
|
|upkeep
|c|☆Prateekkp|Mb
|
|t:|1760781147
|switch|p1a: Polteageist|Polteageist|100/100
|-activate|p1a: Polteageist|move: Sticky Web
|-unboost|p1a: Polteageist|spe|1
|turn|10
|
|t:|1760781151
|move|p2a: Pecharunt|Hex|p1a: Polteageist
|-supereffective|p1a: Polteageist
|-damage|p1a: Polteageist|50/100
|move|p1a: Polteageist|Shell Smash|p1a: Polteageist
|-unboost|p1a: Polteageist|def|1
|-unboost|p1a: Polteageist|spd|1
|-boost|p1a: Polteageist|atk|2
|-boost|p1a: Polteageist|spa|2
|-boost|p1a: Polteageist|spe|2
|
|upkeep
|turn|11
|
|t:|1760781158
|move|p1a: Polteageist|Stored Power|p2a: Pecharunt
|-supereffective|p2a: Pecharunt
|-damage|p2a: Pecharunt|0 fnt
|faint|p2a: Pecharunt
|
|-fieldend|move: Psychic Terrain
|upkeep
|
|t:|1760781166
|switch|p2a: Dragonite|Dragonite, F|100/100
|turn|12
|c|☆MK29|No
|c|☆Prateekkp|Ohh
|c|☆MK29|not specs
|c|☆Prateekkp|Scarf then
|inactive|MK29 has 120 seconds left.
|c|☆Prateekkp|Or terrain extender
|c|☆MK29|Terrain
|
|t:|1760781220
|move|p1a: Polteageist|Stored Power|p2a: Dragonite
|-damage|p2a: Dragonite|52/100
|move|p2a: Dragonite|Earthquake|p1a: Polteageist
|-damage|p1a: Polteageist|0 fnt
|faint|p1a: Polteageist
|
|upkeep
|
|t:|1760781225
|switch|p1a: Meowscarada|Meowscarada, F|100/100
|-activate|p1a: Meowscarada|move: Sticky Web
|-unboost|p1a: Meowscarada|spe|1
|turn|13
|
|t:|1760781231
|move|p2a: Dragonite|Extreme Speed|p1a: Meowscarada
|-damage|p1a: Meowscarada|48/100
|move|p1a: Meowscarada|Triple Axel|p2a: Dragonite
|-start|p1a: Meowscarada|typechange|Ice|[from] ability: Protean
|-supereffective|p2a: Dragonite
|-damage|p2a: Dragonite|0 fnt
|faint|p2a: Dragonite
|-hitcount|p2: Dragonite|1
|
|upkeep
|
|t:|1760781239
|switch|p2a: Great Tusk|Great Tusk|100/100
|turn|14
|
|t:|1760781242
|move|p2a: Great Tusk|Rapid Spin|p1a: Meowscarada
|-damage|p1a: Meowscarada|21/100
|-boost|p2a: Great Tusk|spe|1
|-sideend|p2: Prateekkp|Stealth Rock|[from] move: Rapid Spin|[of] p2a: Great Tusk
|move|p1a: Meowscarada|Triple Axel|p2a: Great Tusk
|-supereffective|p2a: Great Tusk
|-damage|p2a: Great Tusk|80/100
|-supereffective|p2a: Great Tusk
|-damage|p2a: Great Tusk|37/100
|-supereffective|p2a: Great Tusk
|-damage|p2a: Great Tusk|0 fnt
|faint|p2a: Great Tusk
|-end|p2a: Great Tusk|Protosynthesis|[silent]
|-hitcount|p2: Great Tusk|3
|
|upkeep
|
|t:|1760781244
|switch|p2a: Ogerpon|Ogerpon-Cornerstone, F|100/100
|turn|15
|
|t:|1760781252
|move|p2a: Ogerpon|Ivy Cudgel|p1a: Meowscarada|[anim] Ivy Cudgel Rock
|-supereffective|p1a: Meowscarada
|-damage|p1a: Meowscarada|0 fnt
|faint|p1a: Meowscarada
|
|upkeep
|
|t:|1760781254
|switch|p1a: Iron Boulder|Iron Boulder|100/100
|-activate|p1a: Iron Boulder|move: Sticky Web
|-unboost|p1a: Iron Boulder|spe|1
|turn|16
|
|t:|1760781267
|move|p1a: Iron Boulder|Close Combat|p2a: Ogerpon
|-supereffective|p2a: Ogerpon
|-ability|p2a: Ogerpon|Sturdy
|-damage|p2a: Ogerpon|1/100
|-unboost|p1a: Iron Boulder|def|1
|-unboost|p1a: Iron Boulder|spd|1
|move|p2a: Ogerpon|Horn Leech|p1a: Iron Boulder
|-supereffective|p1a: Iron Boulder
|-damage|p1a: Iron Boulder|0 fnt
|-heal|p2a: Ogerpon|54/100|[from] drain|[of] p1a: Iron Boulder
|faint|p1a: Iron Boulder
|-end|p1a: Iron Boulder|Quark Drive|[silent]
|
|win|Prateekkp
|n|☆MK29|mk29
|n|☆Prateekkp|prateekkp
|n|*Lady Monita ☀|ladymonita
