|j|☆HawluchaLuchadores
|j|☆firebro11
|t:|1760851994
|gametype|singles
|player|p1|HawluchaLuchadores|bruno|
|player|p2|firebro11|265|
|gen|9
|tier|[Gen 9] OU
|rule|HP Percentage Mod: HP is shown in percentages
|rule|Endless Battle Clause: Forcing endless battles is banned
|rule|Species Clause: Limit one of each Pokémon
|rule|OHKO Clause: OHKO moves are banned
|rule|Evasion Items Clause: Evasion items are banned
|rule|Evasion Moves Clause: Evasion moves are banned
|rule|Evasion Abilities Clause: Evasion abilities are banned
|rule|Sleep Moves Clause: Sleep-inducing moves are banned
|clearpoke
|poke|p1|Slither Wing|
|poke|p1|Dragapult, F|
|poke|p1|Enamorus, F|
|poke|p1|Rhyperior, F|
|poke|p1|Manaphy|
|poke|p1|Cryogonal|
|poke|p2|Ting-Lu|
|poke|p2|Dragonite, M|
|poke|p2|Thundurus-Therian, M|
|poke|p2|Amoonguss, M|
|poke|p2|Metagross|
|poke|p2|Barraskewda, M|
|teampreview
|c|☆firebro11|GL brug !!
|c|☆HawluchaLuchadores|Welcome to HG!
|
|t:|1760852067
|teamsize|p1|6
|teamsize|p2|6
|start
|switch|p1a: Manaphy|Manaphy|100/100
|switch|p2a: Sha-Lightning|Thundurus-Therian, M|100/100
|turn|1
|
|t:|1760852097
|move|p2a: Sha-Lightning|Thunderbolt|p1a: Manaphy
|-supereffective|p1a: Manaphy
|-damage|p1a: Manaphy|5/100
|move|p1a: Manaphy|Tail Glow|p1a: Manaphy
|-boost|p1a: Manaphy|spa|3
|
|upkeep
|turn|2
|
|t:|1760852143
|move|p2a: Sha-Lightning|Thunderbolt|p1a: Manaphy
|-supereffective|p1a: Manaphy
|-damage|p1a: Manaphy|0 fnt
|faint|p1a: Manaphy
|
|upkeep
|
|t:|1760852159
|switch|p1a: Cryogonal|Cryogonal|100/100
|turn|3
|
|t:|1760852188
|switch|p2a: MetaBOOM|Metagross|100/100
|move|p1a: Cryogonal|Ice Beam|p2a: MetaBOOM
|-resisted|p2a: MetaBOOM
|-damage|p2a: MetaBOOM|73/100
|
|upkeep
|turn|4
|
|t:|1760852205
|switch|p1a: Slither Wing|Slither Wing|100/100
|-enditem|p1a: Slither Wing|Booster Energy
|-activate|p1a: Slither Wing|ability: Protosynthesis|[fromitem]
|-start|p1a: Slither Wing|protosynthesisatk
|move|p2a: MetaBOOM|Bullet Punch|p1a: Slither Wing
|-damage|p1a: Slither Wing|51/100
|
|upkeep
|turn|5
|c|☆HawluchaLuchadores|it would appear to me
|c|☆HawluchaLuchadores|i did not have th emove i thought i had
|
|t:|1760852281
|switch|p2a: Stuff|Dragonite, M|100/100
|move|p1a: Slither Wing|Close Combat|p2a: Stuff
|-resisted|p2a: Stuff
|-damage|p2a: Stuff|82/100
|-unboost|p1a: Slither Wing|def|1
|-unboost|p1a: Slither Wing|spd|1
|
|upkeep
|turn|6
|
|t:|1760852315
|move|p2a: Stuff|Extreme Speed|p1a: Slither Wing
|-damage|p1a: Slither Wing|0 fnt
|faint|p1a: Slither Wing
|-end|p1a: Slither Wing|Protosynthesis|[silent]
|
|upkeep
|
|t:|1760852331
|switch|p1a: Rhyperior|Rhyperior, F|100/100
|turn|7
|c|☆firebro11|rip
|
|t:|1760852369
|switch|p2a: Amongus|Amoonguss, M|100/100
|move|p1a: Rhyperior|Iron Defense|p1a: Rhyperior
|-boost|p1a: Rhyperior|def|2
|
|upkeep
|turn|8
|
|t:|1760852406
|move|p1a: Rhyperior|Earthquake|p2a: Amongus
|-damage|p2a: Amongus|49/100
|move|p2a: Amongus|Giga Drain|p1a: Rhyperior
|-supereffective|p1a: Rhyperior
|-damage|p1a: Rhyperior|0 fnt
|-heal|p2a: Amongus|99/100|[from] drain|[of] p1a: Rhyperior
|faint|p1a: Rhyperior
|
|upkeep
|
|t:|1760852416
|switch|p1a: Enamorus|Enamorus, F|100/100
|turn|9
|
|t:|1760852443
|-terastallize|p1a: Enamorus|Stellar
|move|p1a: Enamorus|Tera Blast|p2a: Amongus|[anim] Tera Blast Stellar
|-damage|p2a: Amongus|63/100
|-boost|p1a: Enamorus|atk|1
|-boost|p1a: Enamorus|spa|1
|move|p2a: Amongus|Toxic|p1a: Enamorus
|-status|p1a: Enamorus|tox
|
|-damage|p1a: Enamorus|94/100 tox|[from] psn
|upkeep
|turn|10
|
|t:|1760852549
|move|p1a: Enamorus|Mystical Fire|p2a: Amongus
|-supereffective|p2a: Amongus
|-damage|p2a: Amongus|0 fnt
|faint|p2a: Amongus
|
|-damage|p1a: Enamorus|82/100 tox|[from] psn
|upkeep
|
|t:|1760852587
|switch|p2a: MetaBOOM|Metagross|73/100
|turn|11
|
|t:|1760852622
|move|p2a: MetaBOOM|Bullet Punch|p1a: Enamorus
|-supereffective|p1a: Enamorus
|-damage|p1a: Enamorus|0 fnt
|faint|p1a: Enamorus
|
|upkeep
|
|t:|1760852644
|switch|p1a: Cryogonal|Cryogonal|100/100
|turn|12
|
|t:|1760852653
|move|p2a: MetaBOOM|Bullet Punch|p1a: Cryogonal
|-supereffective|p1a: Cryogonal
|-damage|p1a: Cryogonal|0 fnt
|faint|p1a: Cryogonal
|
|upkeep
|
|t:|1760852658
|switch|p1a: Dragapult|Dragapult, F|100/100
|turn|13
|
|t:|1760852712
|switch|p2a: Claymore|Ting-Lu|100/100
|-ability|p2a: Claymore|Vessel of Ruin
|move|p1a: Dragapult|Tera Blast|p2a: Claymore
|-damage|p2a: Claymore|93/100
|
|-heal|p2a: Claymore|99/100|[from] item: Leftovers
|upkeep
|turn|14
|
|t:|1760852723
|move|p1a: Dragapult|Tera Blast|p2a: Claymore
|-damage|p2a: Claymore|92/100
|move|p2a: Claymore|Ruination|p1a: Dragapult
|-damage|p1a: Dragapult|51/100
|
|-heal|p2a: Claymore|98/100|[from] item: Leftovers
|upkeep
|turn|15
|
|t:|1760852737
|move|p1a: Dragapult|Tera Blast|p2a: Claymore
|-damage|p2a: Claymore|90/100
|move|p2a: Claymore|Earthquake|p1a: Dragapult
|-damage|p1a: Dragapult|0 fnt
|faint|p1a: Dragapult
|
|win|firebro11
|c|☆firebro11|ggs
|c|☆HawluchaLuchadores|ggs
|c|☆firebro11|this is just a rough patch for the hawluchas
|c|☆firebro11|will be back and better than ever
