|j|☆javiconb
|j|☆Zoro.d.wolf
|t:|1760736932
|gametype|singles
|player|p1|javiconb|170|1259
|player|p2|Zoro.d.wolf|2|1242
|gen|9
|tier|[Gen 9] OU
|rated|
|rule|HP Percentage Mod: HP is shown in percentages
|rule|Endless Battle Clause: Forcing endless battles is banned
|rule|Species Clause: Limit one of each Pokémon
|rule|OHKO Clause: OHKO moves are banned
|rule|Evasion Items Clause: Evasion items are banned
|rule|Evasion Moves Clause: Evasion moves are banned
|rule|Evasion Abilities Clause: Evasion abilities are banned
|rule|Sleep Moves Clause: Sleep-inducing moves are banned
|clearpoke
|poke|p1|Rabsca, F|
|poke|p1|Slowking-Galar, F|
|poke|p1|Ursaluna, F|
|poke|p1|Azumarill, M|
|poke|p1|Mimikyu, F|
|poke|p1|Kingambit, F|
|poke|p2|Garganacl, F|
|poke|p2|Grimmsnarl, M|
|poke|p2|Dragapult, F|
|poke|p2|Cinderace, F|
|poke|p2|Porygon2|
|poke|p2|Feraligatr, F|
|teampreview
|inactive|Battle timer is ON: inactive players will automatically lose when time's up. (requested by Zoro.d.wolf)
|c|☆Zoro.d.wolf|Hijo mío
|
|t:|1760736951
|teamsize|p1|6
|teamsize|p2|6
|start
|switch|p1a: Azumarill|Azumarill, M|100/100
|switch|p2a: Cinderace|Cinderace, F|100/100
|turn|1
|
|t:|1760736958
|move|p2a: Cinderace|U-turn|p1a: Azumarill
|-start|p2a: Cinderace|typechange|Bug|[from] ability: Libero
|-resisted|p1a: Azumarill
|-damage|p1a: Azumarill|86/100
|
|t:|1760736961
|switch|p2a: Porygon2|Porygon2|100/100|[from] U-turn
|-ability|p2a: Porygon2|Huge Power|Trace|[from] ability: Trace|[of] p1a: Azumarill
|move|p1a: Azumarill|Knock Off|p2a: Porygon2
|-damage|p2a: Porygon2|75/100
|-enditem|p2a: Porygon2|Eviolite|[from] move: Knock Off|[of] p1a: Azumarill
|
|upkeep
|turn|2
|
|t:|1760736973
|move|p2a: Porygon2|Icy Wind|p1a: Azumarill
|-resisted|p1a: Azumarill
|-damage|p1a: Azumarill|81/100
|-unboost|p1a: Azumarill|spe|1
|move|p1a: Azumarill|Play Rough|p2a: Porygon2
|-damage|p2a: Porygon2|21/100
|
|upkeep
|turn|3
|
|t:|1760736982
|move|p1a: Azumarill|Aqua Jet|p2a: Porygon2
|-damage|p2a: Porygon2|0 fnt
|faint|p2a: Porygon2
|
|upkeep
|
|t:|1760736998
|switch|p2a: Grimmsnarl|Grimmsnarl, M|100/100
|turn|4
|
|t:|1760737003
|move|p2a: Grimmsnarl|Parting Shot|p1a: Azumarill
|-unboost|p1a: Azumarill|atk|1
|-unboost|p1a: Azumarill|spa|1
|
|t:|1760737007
|switch|p2a: Dragapult|Dragapult, F|100/100|[from] Parting Shot
|move|p1a: Azumarill|Play Rough|p2a: Dragapult
|-supereffective|p2a: Dragapult
|-crit|p2a: Dragapult
|-damage|p2a: Dragapult|0 fnt
|faint|p2a: Dragapult
|
|upkeep
|
|t:|1760737013
|switch|p2a: Garganacl|Garganacl, F|100/100
|turn|5
|
|t:|1760737016
|-terastallize|p2a: Garganacl|Ghost
|move|p2a: Garganacl|Iron Defense|p2a: Garganacl
|-boost|p2a: Garganacl|def|2
|move|p1a: Azumarill|Knock Off|p2a: Garganacl
|-supereffective|p2a: Garganacl
|-damage|p2a: Garganacl|85/100
|-enditem|p2a: Garganacl|Leftovers|[from] move: Knock Off|[of] p1a: Azumarill
|
|upkeep
|turn|6
|
|t:|1760737028
|switch|p1a: Rabsca|Rabsca, F|100/100
|move|p2a: Garganacl|Salt Cure|p1a: Rabsca
|-supereffective|p1a: Rabsca
|-damage|p1a: Rabsca|80/100
|-start|p1a: Rabsca|Salt Cure
|
|-damage|p1a: Rabsca|67/100|[from] Salt Cure
|upkeep
|turn|7
|
|t:|1760737039
|move|p2a: Garganacl|Body Press|p1a: Rabsca
|-resisted|p1a: Rabsca
|-damage|p1a: Rabsca|56/100
|move|p1a: Rabsca|Future Sight|p2a: Garganacl
|-start|p1a: Rabsca|move: Future Sight
|
|-damage|p1a: Rabsca|43/100|[from] Salt Cure
|upkeep
|turn|8
|
|t:|1760737049
|switch|p1a: Mimikyu|Mimikyu, F|100/100
|move|p2a: Garganacl|Salt Cure|p1a: Mimikyu
|-activate|p1a: Mimikyu|ability: Disguise
|-damage|p1a: Mimikyu|100/100
|-start|p1a: Mimikyu|Salt Cure
|detailschange|p1a: Mimikyu|Mimikyu-Busted, F
|-damage|p1a: Mimikyu|88/100|[from] pokemon: Mimikyu-Busted
|
|-damage|p1a: Mimikyu|76/100|[from] Salt Cure
|upkeep
|turn|9
|
|t:|1760737062
|move|p1a: Mimikyu|Curse|p2a: Garganacl
|-start|p2a: Garganacl|Curse|[of] p1a: Mimikyu
|-damage|p1a: Mimikyu|26/100
|move|p2a: Garganacl|Recover|p2a: Garganacl
|-heal|p2a: Garganacl|100/100
|
|-end|p2a: Garganacl|move: Future Sight
|-damage|p2a: Garganacl|56/100
|-damage|p2a: Garganacl|31/100|[from] Curse
|-damage|p1a: Mimikyu|13/100|[from] Salt Cure
|upkeep
|turn|10
|
|t:|1760737082
|move|p1a: Mimikyu|Destiny Bond|p1a: Mimikyu
|-singlemove|p1a: Mimikyu|Destiny Bond
|move|p2a: Garganacl|Recover|p2a: Garganacl
|-heal|p2a: Garganacl|82/100
|
|-damage|p2a: Garganacl|57/100|[from] Curse
|-damage|p1a: Mimikyu|1/100|[from] Salt Cure
|upkeep
|turn|11
|c|☆Zoro.d.wolf|Aprende a perder con padrw
|
|t:|1760737101
|move|p2a: Garganacl|Recover|p2a: Garganacl
|-heal|p2a: Garganacl|100/100
|move|p1a: Mimikyu|Trick Room|p1a: Mimikyu
|-fieldstart|move: Trick Room|[of] p1a: Mimikyu
|
|-damage|p2a: Garganacl|76/100|[from] Curse
|-damage|p1a: Mimikyu|0 fnt|[from] Salt Cure
|faint|p1a: Mimikyu
|upkeep
|c|☆javiconb|calla pancho
|inactive|javiconb has 120 seconds left.
|c|☆Zoro.d.wolf|Ojala ganes
|
|t:|1760737126
|switch|p1a: Rabsca|Rabsca, F|43/100
|turn|12
|c|☆Zoro.d.wolf|Charro
|inactive|javiconb has 120 seconds left.
|
|t:|1760737139
|move|p1a: Rabsca|Future Sight|p2a: Garganacl
|-start|p1a: Rabsca|move: Future Sight
|move|p2a: Garganacl|Salt Cure|p1a: Rabsca
|-supereffective|p1a: Rabsca
|-damage|p1a: Rabsca|21/100
|-start|p1a: Rabsca|Salt Cure
|
|-damage|p2a: Garganacl|51/100|[from] Curse
|-damage|p1a: Rabsca|8/100|[from] Salt Cure
|upkeep
|turn|13
|inactive|javiconb has 120 seconds left.
|
|t:|1760737152
|switch|p1a: Slowking|Slowking-Galar, F|100/100
|switch|p2a: Grimmsnarl|Grimmsnarl, M|100/100
|
|upkeep
|turn|14
|
|t:|1760737162
|move|p2a: Grimmsnarl|Taunt|p1a: Slowking
|-start|p1a: Slowking|move: Taunt
|move|p1a: Slowking|Sludge Wave|p2a: Grimmsnarl
|-supereffective|p2a: Grimmsnarl
|-damage|p2a: Grimmsnarl|0 fnt
|faint|p2a: Grimmsnarl
|-damage|p1a: Slowking|91/100|[from] item: Life Orb
|
|-hint|Future Sight did not hit because the target is fainted.
|upkeep
|
|t:|1760737168
|switch|p2a: Garganacl|Garganacl, F, tera:Ghost|51/100
|turn|15
|
|t:|1760737172
|move|p1a: Slowking|Sludge Wave|p2a: Garganacl
|-resisted|p2a: Garganacl
|-damage|p2a: Garganacl|21/100
|-damage|p1a: Slowking|81/100|[from] item: Life Orb
|move|p2a: Garganacl|Salt Cure|p1a: Slowking
|-damage|p1a: Slowking|66/100
|-start|p1a: Slowking|Salt Cure
|
|-damage|p1a: Slowking|54/100|[from] Salt Cure
|-fieldend|move: Trick Room
|upkeep
|turn|16
|
|t:|1760737181
|move|p2a: Garganacl|Recover|p2a: Garganacl
|-heal|p2a: Garganacl|71/100
|move|p1a: Slowking|Sludge Wave|p2a: Garganacl
|-resisted|p2a: Garganacl
|-damage|p2a: Garganacl|41/100
|-damage|p1a: Slowking|44/100|[from] item: Life Orb
|
|-damage|p1a: Slowking|31/100|[from] Salt Cure
|-end|p1a: Slowking|move: Taunt
|upkeep
|turn|17
|
|t:|1760737192
|move|p2a: Garganacl|Recover|p2a: Garganacl
|-heal|p2a: Garganacl|91/100
|move|p1a: Slowking|Trick Room|p1a: Slowking
|-fieldstart|move: Trick Room|[of] p1a: Slowking
|
|-damage|p1a: Slowking|19/100|[from] Salt Cure
|upkeep
|turn|18
|
|t:|1760737198
|move|p1a: Slowking|Sludge Wave|p2a: Garganacl
|-resisted|p2a: Garganacl
|-damage|p2a: Garganacl|59/100
|-damage|p1a: Slowking|9/100|[from] item: Life Orb
|move|p2a: Garganacl|Iron Defense|p2a: Garganacl
|-boost|p2a: Garganacl|def|2
|
|-damage|p1a: Slowking|0 fnt|[from] Salt Cure
|faint|p1a: Slowking
|upkeep
|
|t:|1760737214
|switch|p1a: Kingambit|Kingambit, F|100/100
|-activate|p1a: Kingambit|ability: Supreme Overlord
|-start|p1a: Kingambit|fallen2|[silent]
|turn|19
|
|t:|1760737229
|-terastallize|p1a: Kingambit|Flying
|move|p1a: Kingambit|Swords Dance|p1a: Kingambit
|-boost|p1a: Kingambit|atk|2
|move|p2a: Garganacl|Body Press|p1a: Kingambit
|-resisted|p1a: Kingambit
|-damage|p1a: Kingambit|77/100
|
|upkeep
|turn|20
|c|☆Zoro.d.wolf|Por lo coco
|
|t:|1760737248
|move|p1a: Kingambit|Kowtow Cleave|p2a: Garganacl
|-supereffective|p2a: Garganacl
|-damage|p2a: Garganacl|0 fnt
|faint|p2a: Garganacl
|
|upkeep
|c|☆javiconb|dale guatemalteco
|
|t:|1760737254
|switch|p2a: Cinderace|Cinderace, F|100/100
|turn|21
|
|t:|1760737259
|move|p2a: Cinderace|Sucker Punch|p1a: Kingambit
|-start|p2a: Cinderace|typechange|Dark|[from] ability: Libero
|-damage|p1a: Kingambit|58/100
|move|p1a: Kingambit|Kowtow Cleave|p2a: Cinderace
|-resisted|p2a: Cinderace
|-damage|p2a: Cinderace|16/100
|
|-fieldend|move: Trick Room
|upkeep
|turn|22
|
|t:|1760737268
|move|p1a: Kingambit|Sucker Punch|p2a: Cinderace
|-resisted|p2a: Cinderace
|-damage|p2a: Cinderace|0 fnt
|faint|p2a: Cinderace
|
|upkeep
|
|t:|1760737270
|switch|p2a: Feraligatr|Feraligatr, F|100/100
|turn|23
|-message|Zoro.d.wolf forfeited.
|
|win|javiconb
|raw|javiconb's rating: 1259 &rarr; <strong>1283</strong><br />(+24 for winning)
|raw|Zoro.d.wolf's rating: 1242 &rarr; <strong>1218</strong><br />(-24 for losing)
|l|☆Zoro.d.wolf
|player|p2|
|l|☆javiconb
|player|p1|
