|j|☆enormouschilli
|j|☆xiaoqian123
|t:|1760759816
|gametype|singles
|player|p1|enormouschilli|2|1331
|player|p2|xiaoqian123|265|1348
|gen|9
|tier|[Gen 9] OU
|rated|
|rule|HP Percentage Mod: HP is shown in percentages
|rule|Endless Battle Clause: Forcing endless battles is banned
|rule|Species Clause: Limit one of each Pokémon
|rule|OHKO Clause: OHKO moves are banned
|rule|Evasion Items Clause: Evasion items are banned
|rule|Evasion Moves Clause: Evasion moves are banned
|rule|Evasion Abilities Clause: Evasion abilities are banned
|rule|Sleep Moves Clause: Sleep-inducing moves are banned
|clearpoke
|poke|p1|Dragapult, F|
|poke|p1|Iron Treads|
|poke|p1|Iron Valiant|
|poke|p1|Latios, M|
|poke|p1|Heatran, F|
|poke|p1|Samurott-Hisui, F|
|poke|p2|Serperior, F|
|poke|p2|Maushold|
|poke|p2|Dragonite, M|
|poke|p2|Suicune|
|poke|p2|Skeledirge, F|
|poke|p2|Amoonguss, M|
|teampreview
|inactive|Battle timer is ON: inactive players will automatically lose when time's up. (requested by xiaoqian123)
|inactive|enormouschilli has 120 seconds left.
|inactive|enormouschilli has 90 seconds left.
|inactive|enormouschilli has 60 seconds left.
|
|t:|1760759912
|teamsize|p1|6
|teamsize|p2|6
|start
|switch|p1a: Samurott|Samurott-Hisui, F|100/100
|switch|p2a: Serperior|Serperior, F|100/100
|turn|1
|inactive|enormouschilli has 120 seconds left.
|
|t:|1760759924
|move|p2a: Serperior|Reflect|p2a: Serperior
|-sidestart|p2: xiaoqian123|Reflect
|move|p1a: Samurott|Knock Off|p2a: Serperior
|-damage|p2a: Serperior|75/100
|-enditem|p2a: Serperior|Light Clay|[from] move: Knock Off|[of] p1a: Samurott
|
|upkeep
|turn|2
|inactive|enormouschilli has 120 seconds left.
|
|t:|1760759932
|move|p2a: Serperior|Leaf Storm|p1a: Samurott
|-supereffective|p1a: Samurott
|-damage|p1a: Samurott|32/100
|-boost|p2a: Serperior|spa|2
|move|p1a: Samurott|Ceaseless Edge|p2a: Serperior|[miss]
|-miss|p1a: Samurott|p2a: Serperior
|
|upkeep
|turn|3
|inactive|enormouschilli has 120 seconds left.
|
|t:|1760759943
|switch|p1a: Latios|Latios, M|100/100
|move|p2a: Serperior|Leaf Storm|p1a: Latios
|-resisted|p1a: Latios
|-damage|p1a: Latios|49/100
|-boost|p2a: Serperior|spa|2
|
|upkeep
|turn|4
|
|t:|1760759964
|move|p1a: Latios|Draco Meteor|p2a: Serperior|[miss]
|-miss|p1a: Latios|p2a: Serperior
|move|p2a: Serperior|Leaf Storm|p1a: Latios
|-resisted|p1a: Latios
|-damage|p1a: Latios|0 fnt
|-boost|p2a: Serperior|spa|2
|faint|p1a: Latios
|
|upkeep
|inactive|enormouschilli has 120 seconds left.
|
|t:|1760759991
|switch|p1a: Iron Valiant|Iron Valiant|100/100
|turn|5
|
|t:|1760759998
|move|p1a: Iron Valiant|Moonblast|p2a: Serperior
|-damage|p2a: Serperior|0 fnt
|faint|p2a: Serperior
|
|upkeep
|
|t:|1760760006
|switch|p2a: Amoonguss|Amoonguss, M|100/100
|turn|6
|inactive|enormouschilli has 120 seconds left.
|
|t:|1760760035
|-end|p1a: Iron Valiant|Quark Drive|[silent]
|switch|p1a: Heatran|Heatran, F|100/100
|move|p2a: Amoonguss|Toxic|p1a: Heatran
|-immune|p1a: Heatran
|
|upkeep
|turn|7
|
|t:|1760760044
|switch|p2a: Suicune|Suicune|100/100
|-ability|p2a: Suicune|Pressure
|move|p1a: Heatran|Stealth Rock|p2a: Suicune
|-sidestart|p2: xiaoqian123|move: Stealth Rock
|
|upkeep
|turn|8
|inactive|enormouschilli has 120 seconds left.
|
|t:|1760760062
|switch|p1a: Samurott|Samurott-Hisui, F|32/100
|move|p2a: Suicune|Scald|p1a: Samurott
|-resisted|p1a: Samurott
|-damage|p1a: Samurott|24/100
|
|-sideend|p2: xiaoqian123|Reflect
|upkeep
|turn|9
|inactive|enormouschilli has 120 seconds left.
|inactive|enormouschilli has 90 seconds left.
|l|☆enormouschilli
|inactive|enormouschilli disconnected and has a minute to reconnect!
|player|p1|
|j|☆enormouschilli
|inactive|enormouschilli reconnected and has 80 seconds left.
|player|p1|enormouschilli|2|
|inactive|enormouschilli has 60 seconds left.
|
|t:|1760760129
|switch|p2a: Amoonguss|Amoonguss, M|100/100
|-damage|p2a: Amoonguss|88/100|[from] Stealth Rock
|move|p1a: Samurott|Ceaseless Edge|p2a: Amoonguss
|-damage|p2a: Amoonguss|60/100
|-damage|p1a: Samurott|7/100|[from] item: Rocky Helmet|[of] p2a: Amoonguss
|-sidestart|p2: xiaoqian123|Spikes
|
|upkeep
|turn|10
|
|t:|1760760138
|move|p2a: Amoonguss|Protect|p2a: Amoonguss
|-singleturn|p2a: Amoonguss|Protect
|move|p1a: Samurott|Ceaseless Edge|p2a: Amoonguss
|-activate|p2a: Amoonguss|move: Protect
|
|upkeep
|turn|11
|
|t:|1760760143
|move|p1a: Samurott|Ceaseless Edge|p2a: Amoonguss
|-damage|p2a: Amoonguss|32/100
|-damage|p1a: Samurott|0 fnt|[from] item: Rocky Helmet|[of] p2a: Amoonguss
|faint|p1a: Samurott
|move|p2a: Amoonguss|Synthesis|p2a: Amoonguss
|-heal|p2a: Amoonguss|82/100
|
|upkeep
|
|t:|1760760161
|switch|p1a: Dragapult|Dragapult, F|100/100
|turn|12
|
|t:|1760760166
|move|p1a: Dragapult|Dragon Darts|p2a: Amoonguss
|-damage|p2a: Amoonguss|56/100
|-anim|p1a: Dragapult|Dragon Darts|p2a: Amoonguss
|-damage|p2a: Amoonguss|28/100
|move|p2a: Amoonguss|Toxic|p1a: Dragapult
|-status|p1a: Dragapult|tox
|
|-damage|p1a: Dragapult|95/100 tox|[from] psn
|upkeep
|turn|13
|
|t:|1760760177
|move|p2a: Amoonguss|Protect|p2a: Amoonguss
|-singleturn|p2a: Amoonguss|Protect
|move|p1a: Dragapult|Dragon Darts|p2a: Amoonguss
|-activate|p2a: Amoonguss|move: Protect
|
|-damage|p1a: Dragapult|83/100 tox|[from] psn
|upkeep
|turn|14
|
|t:|1760760182
|move|p1a: Dragapult|Dragon Darts|p2a: Amoonguss
|-damage|p2a: Amoonguss|3/100
|-anim|p1a: Dragapult|Dragon Darts|p2a: Amoonguss
|-damage|p2a: Amoonguss|0 fnt
|faint|p2a: Amoonguss
|
|-damage|p1a: Dragapult|65/100 tox|[from] psn
|upkeep
|
|t:|1760760188
|switch|p2a: Maushold|Maushold|100/100
|-damage|p2a: Maushold|88/100|[from] Stealth Rock
|-damage|p2a: Maushold|76/100|[from] Spikes
|turn|15
|
|t:|1760760194
|-terastallize|p2a: Maushold|Fairy
|move|p1a: Dragapult|Dragon Darts|p2a: Maushold
|-immune|p2a: Maushold
|move|p2a: Maushold|Tidy Up|p2a: Maushold
|-sideend|p2: xiaoqian123|Spikes
|-sideend|p2: xiaoqian123|Stealth Rock
|-activate|p2a: Maushold|move: Tidy Up
|-boost|p2a: Maushold|atk|1
|-boost|p2a: Maushold|spe|1
|
|-damage|p1a: Dragapult|41/100 tox|[from] psn
|upkeep
|turn|16
|
|t:|1760760201
|switch|p1a: Iron Treads|Iron Treads|100/100
|move|p2a: Maushold|Play Rough|p1a: Iron Treads
|-resisted|p1a: Iron Treads
|-damage|p1a: Iron Treads|81/100
|
|-heal|p1a: Iron Treads|87/100|[from] item: Leftovers
|upkeep
|turn|17
|
|t:|1760760213
|switch|p2a: Suicune|Suicune|100/100
|-ability|p2a: Suicune|Pressure
|-end|p1a: Iron Treads|Quark Drive|[silent]
|switch|p1a: Heatran|Heatran, F|100/100
|
|upkeep
|turn|18
|
|t:|1760760221
|switch|p1a: Dragapult|Dragapult, F|41/100 tox
|move|p2a: Suicune|Scald|p1a: Dragapult
|-resisted|p1a: Dragapult
|-damage|p1a: Dragapult|23/100 tox
|
|-damage|p1a: Dragapult|17/100 tox|[from] psn
|upkeep
|turn|19
|
|t:|1760760226
|move|p1a: Dragapult|Dragon Darts|p2a: Suicune
|-damage|p2a: Suicune|79/100
|-anim|p1a: Dragapult|Dragon Darts|p2a: Suicune
|-damage|p2a: Suicune|59/100
|move|p2a: Suicune|Calm Mind|p2a: Suicune
|-boost|p2a: Suicune|spa|1
|-boost|p2a: Suicune|spd|1
|
|-heal|p2a: Suicune|65/100|[from] item: Leftovers
|-damage|p1a: Dragapult|5/100 tox|[from] psn
|upkeep
|turn|20
|
|t:|1760760234
|move|p1a: Dragapult|Dragon Darts|p2a: Suicune
|-damage|p2a: Suicune|43/100
|-anim|p1a: Dragapult|Dragon Darts|p2a: Suicune
|-damage|p2a: Suicune|23/100
|move|p2a: Suicune|Rest|p2a: Suicune
|-status|p2a: Suicune|slp|[from] move: Rest
|-heal|p2a: Suicune|100/100 slp|[silent]
|
|-damage|p1a: Dragapult|0 fnt|[from] psn
|faint|p1a: Dragapult
|upkeep
|inactive|enormouschilli has 120 seconds left.
|inactive|enormouschilli has 90 seconds left.
|
|t:|1760760283
|switch|p1a: Iron Valiant|Iron Valiant|100/100
|turn|21
|
|t:|1760760289
|move|p1a: Iron Valiant|Thunderbolt|p2a: Suicune
|-supereffective|p2a: Suicune
|-damage|p2a: Suicune|58/100 slp
|cant|p2a: Suicune|slp
|move|p2a: Suicune|Sleep Talk|p2a: Suicune
|move|p2a: Suicune|Scald|p1a: Iron Valiant|[from] move: Sleep Talk
|-damage|p1a: Iron Valiant|36/100
|
|-heal|p2a: Suicune|65/100 slp|[from] item: Leftovers
|upkeep
|turn|22
|inactive|enormouschilli has 90 seconds left.
|
|t:|1760760314
|move|p1a: Iron Valiant|Thunderbolt|p2a: Suicune
|-supereffective|p2a: Suicune
|-damage|p2a: Suicune|20/100 slp
|cant|p2a: Suicune|slp
|move|p2a: Suicune|Sleep Talk|p2a: Suicune
|move|p2a: Suicune|Scald|p1a: Iron Valiant|[from] move: Sleep Talk
|-damage|p1a: Iron Valiant|0 fnt
|faint|p1a: Iron Valiant
|-end|p1a: Iron Valiant|Quark Drive|[silent]
|
|-heal|p2a: Suicune|26/100 slp|[from] item: Leftovers
|upkeep
|
|t:|1760760333
|switch|p1a: Iron Treads|Iron Treads|87/100
|turn|23
|
|t:|1760760337
|move|p1a: Iron Treads|Earthquake|p2a: Suicune
|-damage|p2a: Suicune|5/100 slp
|-curestatus|p2a: Suicune|slp|[msg]
|move|p2a: Suicune|Rest|p2a: Suicune
|-status|p2a: Suicune|slp|[from] move: Rest
|-heal|p2a: Suicune|100/100 slp|[silent]
|
|-heal|p1a: Iron Treads|93/100|[from] item: Leftovers
|upkeep
|turn|24
|inactive|enormouschilli has 90 seconds left.
|
|t:|1760760351
|move|p1a: Iron Treads|Earthquake|p2a: Suicune
|-damage|p2a: Suicune|79/100 slp
|cant|p2a: Suicune|slp
|move|p2a: Suicune|Sleep Talk|p2a: Suicune
|move|p2a: Suicune|Rest||[from] move: Sleep Talk|[still]
|-fail|p2a: Suicune
|
|-heal|p1a: Iron Treads|99/100|[from] item: Leftovers
|-heal|p2a: Suicune|86/100 slp|[from] item: Leftovers
|upkeep
|turn|25
|inactive|enormouschilli has 90 seconds left.
|inactive|xiaoqian123 has 120 seconds left.
|
|t:|1760760384
|move|p1a: Iron Treads|Earthquake|p2a: Suicune
|-damage|p2a: Suicune|64/100 slp
|cant|p2a: Suicune|slp
|move|p2a: Suicune|Sleep Talk|p2a: Suicune
|move|p2a: Suicune|Scald|p1a: Iron Treads|[from] move: Sleep Talk
|-supereffective|p1a: Iron Treads
|-damage|p1a: Iron Treads|36/100
|-status|p1a: Iron Treads|brn
|
|-heal|p1a: Iron Treads|42/100 brn|[from] item: Leftovers
|-heal|p2a: Suicune|70/100 slp|[from] item: Leftovers
|-damage|p1a: Iron Treads|36/100 brn|[from] brn
|upkeep
|turn|26
|
|t:|1760760389
|move|p1a: Iron Treads|Earthquake|p2a: Suicune
|-damage|p2a: Suicune|61/100 slp
|-curestatus|p2a: Suicune|slp|[msg]
|move|p2a: Suicune|Calm Mind|p2a: Suicune
|-boost|p2a: Suicune|spa|1
|-boost|p2a: Suicune|spd|1
|
|-heal|p1a: Iron Treads|42/100 brn|[from] item: Leftovers
|-heal|p2a: Suicune|67/100|[from] item: Leftovers
|-damage|p1a: Iron Treads|36/100 brn|[from] brn
|upkeep
|turn|27
|inactive|enormouschilli has 90 seconds left.
|inactive|enormouschilli has 60 seconds left.
|
|t:|1760760438
|move|p1a: Iron Treads|Earthquake|p2a: Suicune
|-damage|p2a: Suicune|57/100
|move|p2a: Suicune|Calm Mind|p2a: Suicune
|-boost|p2a: Suicune|spa|1
|-boost|p2a: Suicune|spd|1
|
|-heal|p1a: Iron Treads|42/100 brn|[from] item: Leftovers
|-heal|p2a: Suicune|63/100|[from] item: Leftovers
|-damage|p1a: Iron Treads|36/100 brn|[from] brn
|upkeep
|turn|28
|
|t:|1760760444
|move|p1a: Iron Treads|Earthquake|p2a: Suicune
|-damage|p2a: Suicune|54/100
|move|p2a: Suicune|Calm Mind|p2a: Suicune
|-boost|p2a: Suicune|spa|1
|-boost|p2a: Suicune|spd|1
|
|-heal|p1a: Iron Treads|42/100 brn|[from] item: Leftovers
|-heal|p2a: Suicune|60/100|[from] item: Leftovers
|-damage|p1a: Iron Treads|36/100 brn|[from] brn
|upkeep
|turn|29
|
|t:|1760760448
|move|p1a: Iron Treads|Earthquake|p2a: Suicune
|-damage|p2a: Suicune|49/100
|move|p2a: Suicune|Calm Mind|p2a: Suicune
|-boost|p2a: Suicune|spa|1
|-boost|p2a: Suicune|spd|1
|
|-heal|p1a: Iron Treads|42/100 brn|[from] item: Leftovers
|-heal|p2a: Suicune|55/100|[from] item: Leftovers
|-damage|p1a: Iron Treads|36/100 brn|[from] brn
|upkeep
|turn|30
|
|t:|1760760457
|move|p1a: Iron Treads|Earthquake|p2a: Suicune
|-damage|p2a: Suicune|44/100
|move|p2a: Suicune|Rest|p2a: Suicune
|-status|p2a: Suicune|slp|[from] move: Rest
|-heal|p2a: Suicune|100/100 slp|[silent]
|
|-heal|p1a: Iron Treads|42/100 brn|[from] item: Leftovers
|-damage|p1a: Iron Treads|36/100 brn|[from] brn
|upkeep
|turn|31
|
|t:|1760760466
|-end|p1a: Iron Treads|Quark Drive|[silent]
|switch|p1a: Heatran|Heatran, F|100/100
|cant|p2a: Suicune|slp
|move|p2a: Suicune|Sleep Talk|p2a: Suicune
|move|p2a: Suicune|Calm Mind|p2a: Suicune|[from] move: Sleep Talk
|-boost|p2a: Suicune|spa|1
|-boost|p2a: Suicune|spd|1
|
|upkeep
|turn|32
|
|t:|1760760471
|-terastallize|p1a: Heatran|Grass
|cant|p2a: Suicune|slp
|move|p2a: Suicune|Sleep Talk|p2a: Suicune
|move|p2a: Suicune|Scald|p1a: Heatran|[from] move: Sleep Talk
|-resisted|p1a: Heatran
|-damage|p1a: Heatran|61/100
|move|p1a: Heatran|Lava Plume|p2a: Suicune
|-resisted|p2a: Suicune
|-damage|p2a: Suicune|97/100 slp
|
|-heal|p2a: Suicune|100/100 slp|[from] item: Leftovers
|upkeep
|turn|33
|-message|enormouschilli forfeited.
|
|win|xiaoqian123
|raw|enormouschilli's rating: 1331 &rarr; <strong>1312</strong><br />(-19 for losing)
|raw|xiaoqian123's rating: 1348 &rarr; <strong>1367</strong><br />(+19 for winning)
|l|☆enormouschilli
|player|p1|
|l|☆xiaoqian123
|player|p2|
