|j|☆theboy839test
|j|☆blkjptr
|t:|1760825148
|gametype|singles
|player|p1|theboy839test|101|1309
|player|p2|blkjptr|caitlin|1249
|gen|9
|tier|[Gen 9] OU
|rated|
|rule|HP Percentage Mod: HP is shown in percentages
|rule|Endless Battle Clause: Forcing endless battles is banned
|rule|Species Clause: Limit one of each Pokémon
|rule|OHKO Clause: OHKO moves are banned
|rule|Evasion Items Clause: Evasion items are banned
|rule|Evasion Moves Clause: Evasion moves are banned
|rule|Evasion Abilities Clause: Evasion abilities are banned
|rule|Sleep Moves Clause: Sleep-inducing moves are banned
|clearpoke
|poke|p1|Latios, M|
|poke|p1|Heatran, F|
|poke|p1|Great Tusk|
|poke|p1|Hatterene, F|
|poke|p1|Landorus-Therian, M|
|poke|p1|Alomomola, F|
|poke|p2|Vikavolt, F|
|poke|p2|Gholdengo|
|poke|p2|Gallade, M|
|poke|p2|Darkrai|
|poke|p2|Landorus-Therian, M|
|poke|p2|Azumarill, M|
|teampreview
|inactive|Battle timer is ON: inactive players will automatically lose when time's up. (requested by blkjptr)
|
|t:|1760825177
|teamsize|p1|6
|teamsize|p2|6
|start
|switch|p1a: Landorus|Landorus-Therian, M|100/100
|switch|p2a: Vikavolt|Vikavolt, F|100/100
|-ability|p1a: Landorus|Intimidate|boost
|-unboost|p2a: Vikavolt|atk|1
|turn|1
|
|t:|1760825181
|move|p1a: Landorus|Stone Edge|p2a: Vikavolt
|-supereffective|p2a: Vikavolt
|-damage|p2a: Vikavolt|36/100
|move|p2a: Vikavolt|Energy Ball|p1a: Landorus
|-damage|p1a: Landorus|61/100
|-unboost|p1a: Landorus|spd|1
|
|upkeep
|turn|2
|
|t:|1760825192
|switch|p1a: Hatterene|Hatterene, F|100/100
|switch|p2a: Landorus|Landorus-Therian, M|100/100
|-ability|p2a: Landorus|Intimidate|boost
|-unboost|p1a: Hatterene|atk|1
|
|upkeep
|turn|3
|
|t:|1760825204
|switch|p1a: Landorus|Landorus-Therian, M|61/100
|-ability|p1a: Landorus|Intimidate|boost
|-unboost|p2a: Landorus|atk|1
|move|p2a: Landorus|U-turn|p1a: Landorus
|-resisted|p1a: Landorus
|-damage|p1a: Landorus|53/100
|
|t:|1760825207
|switch|p2a: Darkrai|Darkrai|100/100|[from] U-turn
|
|upkeep
|turn|4
|
|t:|1760825212
|move|p1a: Landorus|U-turn|p2a: Darkrai
|-supereffective|p2a: Darkrai
|-damage|p2a: Darkrai|27/100
|
|t:|1760825222
|switch|p1a: Hatterene|Hatterene, F|100/100|[from] U-turn
|move|p2a: Darkrai|Nasty Plot|p2a: Darkrai
|-boost|p2a: Darkrai|spa|2
|
|upkeep
|turn|5
|
|t:|1760825238
|move|p2a: Darkrai|Sludge Bomb|p1a: Hatterene
|-supereffective|p1a: Hatterene
|-damage|p1a: Hatterene|13/100
|-status|p1a: Hatterene|psn
|move|p1a: Hatterene|Draining Kiss|p2a: Darkrai
|-supereffective|p2a: Darkrai
|-damage|p2a: Darkrai|0 fnt
|-heal|p1a: Hatterene|31/100 psn|[from] drain|[of] p2a: Darkrai
|faint|p2a: Darkrai
|
|-damage|p1a: Hatterene|18/100 psn|[from] psn
|upkeep
|
|t:|1760825246
|switch|p2a: Azumarill|Azumarill, M|100/100
|turn|6
|
|t:|1760825250
|move|p2a: Azumarill|Knock Off|p1a: Hatterene
|-damage|p1a: Hatterene|0 fnt
|-enditem|p1a: Hatterene|Assault Vest|[from] move: Knock Off|[of] p2a: Azumarill
|faint|p1a: Hatterene
|
|upkeep
|
|t:|1760825269
|switch|p1a: Landorus|Landorus-Therian, M|53/100
|-ability|p1a: Landorus|Intimidate|boost
|-unboost|p2a: Azumarill|atk|1
|turn|7
|
|t:|1760825277
|switch|p2a: Landorus|Landorus-Therian, M|100/100
|-ability|p2a: Landorus|Intimidate|boost
|-unboost|p1a: Landorus|atk|1
|move|p1a: Landorus|U-turn|p2a: Landorus
|-resisted|p2a: Landorus
|-damage|p2a: Landorus|92/100
|-damage|p1a: Landorus|37/100|[from] item: Rocky Helmet|[of] p2a: Landorus
|
|t:|1760825291
|switch|p1a: Alomomola|Alomomola, F|100/100|[from] U-turn
|
|upkeep
|turn|8
|
|t:|1760825296
|move|p2a: Landorus|Stealth Rock|p1a: Alomomola
|-sidestart|p1: theboy839test|move: Stealth Rock
|move|p1a: Alomomola|Wish|p1a: Alomomola
|
|upkeep
|turn|9
|
|t:|1760825302
|move|p2a: Landorus|Earth Power|p1a: Alomomola
|-damage|p1a: Alomomola|63/100
|move|p1a: Alomomola|Flip Turn|p2a: Landorus
|-supereffective|p2a: Landorus
|-damage|p2a: Landorus|62/100
|-damage|p1a: Alomomola|46/100|[from] item: Rocky Helmet|[of] p2a: Landorus
|
|t:|1760825310
|switch|p1a: Landorus|Landorus-Therian, M|37/100|[from] Flip Turn
|-damage|p1a: Landorus|24/100|[from] Stealth Rock
|-ability|p1a: Landorus|Intimidate|boost
|-unboost|p2a: Landorus|atk|1
|
|-heal|p1a: Landorus|100/100|[from] move: Wish|[wisher] Alomomola
|upkeep
|turn|10
|
|t:|1760825320
|move|p1a: Landorus|Stone Edge|p2a: Landorus|[miss]
|-miss|p1a: Landorus|p2a: Landorus
|move|p2a: Landorus|U-turn|p1a: Landorus
|-resisted|p1a: Landorus
|-damage|p1a: Landorus|93/100
|
|t:|1760825323
|switch|p2a: Gallade|Gallade, M|100/100|[from] U-turn
|
|upkeep
|turn|11
|
|t:|1760825330
|switch|p1a: Latios|Latios, M|100/100
|-damage|p1a: Latios|88/100|[from] Stealth Rock
|move|p2a: Gallade|Swords Dance|p2a: Gallade
|-boost|p2a: Gallade|atk|2
|
|upkeep
|turn|12
|
|t:|1760825337
|move|p1a: Latios|Luster Purge|p2a: Gallade
|-damage|p2a: Gallade|24/100
|-unboost|p2a: Gallade|spd|1
|move|p2a: Gallade|Knock Off|p1a: Latios
|-supereffective|p1a: Latios
|-damage|p1a: Latios|0 fnt
|-enditem|p1a: Latios|Choice Specs|[from] move: Knock Off|[of] p2a: Gallade
|faint|p1a: Latios
|
|upkeep
|
|t:|1760825344
|switch|p1a: Landorus|Landorus-Therian, M|93/100
|-damage|p1a: Landorus|80/100|[from] Stealth Rock
|-ability|p1a: Landorus|Intimidate|boost
|-unboost|p2a: Gallade|atk|1
|turn|13
|
|t:|1760825350
|switch|p2a: Landorus|Landorus-Therian, M|62/100
|-ability|p2a: Landorus|Intimidate|boost
|-unboost|p1a: Landorus|atk|1
|move|p1a: Landorus|U-turn|p2a: Landorus
|-resisted|p2a: Landorus
|-damage|p2a: Landorus|53/100
|-damage|p1a: Landorus|64/100|[from] item: Rocky Helmet|[of] p2a: Landorus
|
|t:|1760825354
|switch|p1a: Great Tusk|Great Tusk|100/100|[from] U-turn
|-damage|p1a: Great Tusk|98/100|[from] Stealth Rock
|
|upkeep
|turn|14
|
|t:|1760825357
|switch|p2a: Gholdengo|Gholdengo|100/100
|-item|p2a: Gholdengo|Air Balloon
|move|p1a: Great Tusk|Knock Off|p2a: Gholdengo
|-supereffective|p2a: Gholdengo
|-damage|p2a: Gholdengo|40/100
|-enditem|p2a: Gholdengo|Air Balloon
|
|upkeep
|turn|15
|
|t:|1760825370
|switch|p2a: Landorus|Landorus-Therian, M|53/100
|-ability|p2a: Landorus|Intimidate|boost
|-unboost|p1a: Great Tusk|atk|1
|move|p1a: Great Tusk|Ice Spinner|p2a: Landorus
|-supereffective|p2a: Landorus
|-crit|p2a: Landorus
|-damage|p2a: Landorus|0 fnt
|-damage|p1a: Great Tusk|81/100|[from] item: Rocky Helmet|[of] p2a: Landorus
|faint|p2a: Landorus
|
|upkeep
|
|t:|1760825378
|switch|p2a: Azumarill|Azumarill, M|100/100
|turn|16
|
|t:|1760825384
|-end|p1a: Great Tusk|Protosynthesis|[silent]
|switch|p1a: Landorus|Landorus-Therian, M|64/100
|-damage|p1a: Landorus|52/100|[from] Stealth Rock
|-ability|p1a: Landorus|Intimidate|boost
|-unboost|p2a: Azumarill|atk|1
|move|p2a: Azumarill|Aqua Jet|p1a: Landorus
|-supereffective|p1a: Landorus
|-damage|p1a: Landorus|12/100
|
|upkeep
|turn|17
|
|t:|1760825395
|switch|p1a: Alomomola|Alomomola, F|80/100
|switch|p2a: Vikavolt|Vikavolt, F|36/100
|
|upkeep
|turn|18
|
|t:|1760825402
|move|p1a: Alomomola|Protect|p1a: Alomomola
|-singleturn|p1a: Alomomola|Protect
|move|p2a: Vikavolt|Energy Ball|p1a: Alomomola
|-activate|p1a: Alomomola|move: Protect
|
|upkeep
|turn|19
|
|t:|1760825412
|switch|p1a: Heatran|Heatran, F|100/100
|-damage|p1a: Heatran|88/100|[from] Stealth Rock
|move|p2a: Vikavolt|Volt Switch|p1a: Heatran
|-damage|p1a: Heatran|57/100
|
|t:|1760825414
|switch|p2a: Gallade|Gallade, M|24/100|[from] Volt Switch
|
|-heal|p1a: Heatran|64/100|[from] item: Leftovers
|upkeep
|turn|20
|inactive|theboy839test has 120 seconds left.
|
|t:|1760825456
|move|p2a: Gallade|Sacred Sword|p1a: Heatran
|-supereffective|p1a: Heatran
|-crit|p1a: Heatran
|-damage|p1a: Heatran|0 fnt
|faint|p1a: Heatran
|
|upkeep
|
|t:|1760825461
|switch|p1a: Great Tusk|Great Tusk|81/100
|-damage|p1a: Great Tusk|78/100|[from] Stealth Rock
|turn|21
|
|t:|1760825467
|-terastallize|p1a: Great Tusk|Steel
|move|p1a: Great Tusk|Rapid Spin|p2a: Gallade
|-damage|p2a: Gallade|0 fnt
|-boost|p1a: Great Tusk|spe|1
|-sideend|p1: theboy839test|Stealth Rock|[from] move: Rapid Spin|[of] p1a: Great Tusk
|faint|p2a: Gallade
|
|upkeep
|
|t:|1760825475
|switch|p2a: Vikavolt|Vikavolt, F|36/100
|turn|22
|
|t:|1760825483
|move|p1a: Great Tusk|Earthquake|p2a: Vikavolt
|-immune|p2a: Vikavolt|[from] ability: Levitate
|move|p2a: Vikavolt|Thunder Wave|p1a: Great Tusk
|-status|p1a: Great Tusk|par
|
|upkeep
|turn|23
|
|t:|1760825490
|cant|p1a: Great Tusk|par
|move|p2a: Vikavolt|Volt Switch|p1a: Great Tusk
|-damage|p1a: Great Tusk|33/100 par
|
|t:|1760825493
|switch|p2a: Gholdengo|Gholdengo|40/100|[from] Volt Switch
|
|upkeep
|turn|24
|
|t:|1760825496
|move|p2a: Gholdengo|Shadow Ball|p1a: Great Tusk
|-damage|p1a: Great Tusk|0 fnt
|faint|p1a: Great Tusk
|-end|p1a: Great Tusk|Protosynthesis|[silent]
|
|upkeep
|
|t:|1760825499
|switch|p1a: Landorus|Landorus-Therian, M|12/100
|-ability|p1a: Landorus|Intimidate|boost
|-unboost|p2a: Gholdengo|atk|1
|turn|25
|
|t:|1760825504
|move|p1a: Landorus|Earthquake|p2a: Gholdengo
|-supereffective|p2a: Gholdengo
|-damage|p2a: Gholdengo|0 fnt
|faint|p2a: Gholdengo
|
|upkeep
|
|t:|1760825506
|switch|p2a: Vikavolt|Vikavolt, F|36/100
|turn|26
|
|t:|1760825510
|switch|p1a: Alomomola|Alomomola, F|100/100
|move|p2a: Vikavolt|Volt Switch|p1a: Alomomola
|-supereffective|p1a: Alomomola
|-damage|p1a: Alomomola|23/100
|
|t:|1760825513
|switch|p2a: Azumarill|Azumarill, M|100/100|[from] Volt Switch
|
|upkeep
|turn|27
|
|t:|1760825520
|move|p1a: Alomomola|Wish|p1a: Alomomola
|move|p2a: Azumarill|Play Rough|p1a: Alomomola
|-damage|p1a: Alomomola|0 fnt
|faint|p1a: Alomomola
|
|upkeep
|-message|theboy839test forfeited.
|
|win|blkjptr
|raw|theboy839test's rating: 1309 &rarr; <strong>1286</strong><br />(-23 for losing)
|raw|blkjptr's rating: 1249 &rarr; <strong>1278</strong><br />(+29 for winning)
|l|☆theboy839test
|player|p1|
|l|☆blkjptr
|player|p2|
