|j|☆Loser I will lose
|j|☆DoktorVodka
|t:|1760819713
|gametype|singles
|player|p1|Loser I will lose|drayden|
|player|p2|DoktorVodka|hiker-gen4|
|gen|9
|tier|[Gen 9] OU
|rule|HP Percentage Mod: HP is shown in percentages
|rule|Endless Battle Clause: Forcing endless battles is banned
|rule|Species Clause: Limit one of each Pokémon
|rule|OHKO Clause: OHKO moves are banned
|rule|Evasion Items Clause: Evasion items are banned
|rule|Evasion Moves Clause: Evasion moves are banned
|rule|Evasion Abilities Clause: Evasion abilities are banned
|rule|Sleep Moves Clause: Sleep-inducing moves are banned
|clearpoke
|poke|p1|Ribombee, F|
|poke|p1|Alomomola, M|
|poke|p1|Excadrill, M|
|poke|p1|Glaceon, M|
|poke|p1|Rotom-Heat|
|poke|p1|Cyclizar, M|
|poke|p2|Garchomp, F|
|poke|p2|Weavile, F|
|poke|p2|Skeledirge, M|
|poke|p2|Electrode-Hisui|
|poke|p2|Glimmora, M|
|poke|p2|Primarina, M|
|teampreview
|
|t:|1760819781
|teamsize|p1|6
|teamsize|p2|6
|start
|switch|p1a: 50|Cyclizar, M|100/100
|switch|p2a: Electricles|Electrode-Hisui, shiny|100/100
|turn|1
|
|t:|1760819809
|move|p2a: Electricles|Taunt|p1a: 50
|-start|p1a: 50|move: Taunt
|move|p1a: 50|Rapid Spin|p2a: Electricles
|-damage|p2a: Electricles|70/100
|-boost|p1a: 50|spe|1
|
|upkeep
|turn|2
|
|t:|1760819820
|move|p1a: 50|Draco Meteor|p2a: Electricles
|-damage|p2a: Electricles|14/100
|-unboost|p1a: 50|spa|2
|move|p2a: Electricles|Volt Switch|p1a: 50
|-resisted|p1a: 50
|-damage|p1a: 50|89/100
|
|t:|1760819827
|switch|p2a: Lolita|Primarina, M, shiny|100/100|[from] Volt Switch
|
|upkeep
|turn|3
|
|t:|1760819833
|move|p1a: 50|U-turn|p2a: Lolita
|-resisted|p2a: Lolita
|-damage|p2a: Lolita|90/100
|
|t:|1760819850
|switch|p1a: 150 (But ugly)|Excadrill, M|100/100|[from] U-turn
|-ability|p1a: 150 (But ugly)|Mold Breaker
|move|p2a: Lolita|Moonblast|p1a: 150 (But ugly)
|-resisted|p1a: 150 (But ugly)
|-damage|p1a: 150 (But ugly)|67/100
|-unboost|p1a: 150 (But ugly)|spa|1
|
|-heal|p1a: 150 (But ugly)|73/100|[from] item: Leftovers
|upkeep
|turn|4
|
|t:|1760819872
|-terastallize|p1a: 150 (But ugly)|Dragon
|move|p1a: 150 (But ugly)|Swords Dance|p1a: 150 (But ugly)
|-boost|p1a: 150 (But ugly)|atk|2
|move|p2a: Lolita|Surf|p1a: 150 (But ugly)
|-resisted|p1a: 150 (But ugly)
|-damage|p1a: 150 (But ugly)|37/100
|
|-heal|p1a: 150 (But ugly)|43/100|[from] item: Leftovers
|upkeep
|turn|5
|
|t:|1760819892
|move|p1a: 150 (But ugly)|Iron Head|p2a: Lolita
|-damage|p2a: Lolita|0 fnt
|faint|p2a: Lolita
|
|-heal|p1a: 150 (But ugly)|49/100|[from] item: Leftovers
|upkeep
|
|t:|1760819896
|switch|p2a: Papyrus|Garchomp, F|100/100
|turn|6
|
|t:|1760819911
|switch|p1a: 150 (But red)|Rotom-Heat|100/100
|move|p2a: Papyrus|Scale Shot|p1a: 150 (But red)
|-damage|p1a: 150 (But red)|87/100
|-damage|p1a: 150 (But red)|73/100
|-damage|p1a: 150 (But red)|59/100
|-damage|p1a: 150 (But red)|45/100
|-hitcount|p1a: 150 (But red)|4
|-unboost|p2a: Papyrus|def|1
|-boost|p2a: Papyrus|spe|1
|
|upkeep
|turn|7
|
|t:|1760819940
|move|p2a: Papyrus|Scale Shot|p1a: 150 (But red)
|-damage|p1a: 150 (But red)|31/100
|-damage|p1a: 150 (But red)|16/100
|-damage|p1a: 150 (But red)|2/100
|-damage|p1a: 150 (But red)|0 fnt
|faint|p1a: 150 (But red)
|-hitcount|p1: 150 (But red)|4
|-unboost|p2a: Papyrus|def|1
|-boost|p2a: Papyrus|spe|1
|
|upkeep
|
|t:|1760819947
|switch|p1a: 150|Alomomola, M|100/100
|turn|8
|
|t:|1760819988
|move|p2a: Papyrus|Swords Dance|p2a: Papyrus
|-boost|p2a: Papyrus|atk|2
|move|p1a: 150|Tickle|p2a: Papyrus
|-unboost|p2a: Papyrus|atk|1
|-unboost|p2a: Papyrus|def|1
|
|upkeep
|turn|9
|
|t:|1760819998
|move|p2a: Papyrus|Earthquake|p1a: 150
|-damage|p1a: 150|58/100
|move|p1a: 150|Flip Turn|p2a: Papyrus
|-damage|p2a: Papyrus|58/100
|-damage|p1a: 150|45/100|[from] ability: Rough Skin|[of] p2a: Papyrus
|
|t:|1760820029
|switch|p1a: 150 (But yellow)|Ribombee, F|100/100|[from] Flip Turn
|
|upkeep
|turn|10
|
|t:|1760820067
|-terastallize|p2a: Papyrus|Fire
|move|p2a: Papyrus|Fire Fang|p1a: 150 (But yellow)
|-supereffective|p1a: 150 (But yellow)
|-enditem|p1a: 150 (But yellow)|Focus Sash
|-damage|p1a: 150 (But yellow)|1/100
|move|p1a: 150 (But yellow)|Moonblast|p2a: Papyrus
|-resisted|p2a: Papyrus
|-damage|p2a: Papyrus|34/100
|
|upkeep
|turn|11
|
|t:|1760820092
|move|p2a: Papyrus|Earthquake|p1a: 150 (But yellow)
|-resisted|p1a: 150 (But yellow)
|-damage|p1a: 150 (But yellow)|0 fnt
|faint|p1a: 150 (But yellow)
|
|upkeep
|
|t:|1760820108
|switch|p1a: 100|Glaceon, M|100/100
|turn|12
|
|t:|1760820113
|move|p2a: Papyrus|Fire Fang|p1a: 100|[miss]
|-miss|p2a: Papyrus|p1a: 100
|move|p1a: 100|Water Pulse|p2a: Papyrus
|-supereffective|p2a: Papyrus
|-damage|p2a: Papyrus|0 fnt
|faint|p2a: Papyrus
|
|upkeep
|
|t:|1760820123
|switch|p2a: Vagita Margin|Glimmora, M|100/100
|turn|13
|
|t:|1760820130
|move|p2a: Vagita Margin|Meteor Beam||[still]
|-prepare|p2a: Vagita Margin|Meteor Beam
|-boost|p2a: Vagita Margin|spa|1
|-enditem|p2a: Vagita Margin|Power Herb
|-anim|p2a: Vagita Margin|Meteor Beam|p1a: 100
|-supereffective|p1a: 100
|-damage|p1a: 100|0 fnt
|faint|p1a: 100
|
|upkeep
|
|t:|1760820138
|switch|p1a: 150|Alomomola, M|79/100
|turn|14
|
|t:|1760820145
|move|p2a: Vagita Margin|Sludge Wave|p1a: 150
|-damage|p1a: 150|0 fnt
|faint|p1a: 150
|
|upkeep
|
|t:|1760820159
|switch|p1a: 150 (But ugly)|Excadrill, M, tera:Dragon|49/100
|-ability|p1a: 150 (But ugly)|Mold Breaker
|turn|15
|
|t:|1760820167
|move|p1a: 150 (But ugly)|Iron Head|p2a: Vagita Margin
|-supereffective|p2a: Vagita Margin
|-damage|p2a: Vagita Margin|0 fnt
|-activate|p2a: Vagita Margin|ability: Toxic Debris
|-sidestart|p1: Loser I will lose|move: Toxic Spikes
|faint|p2a: Vagita Margin
|
|-heal|p1a: 150 (But ugly)|55/100|[from] item: Leftovers
|upkeep
|
|t:|1760820175
|switch|p2a: Lemon8|Weavile, F, shiny|100/100
|-ability|p2a: Lemon8|Pressure
|turn|16
|
|t:|1760820188
|move|p2a: Lemon8|Triple Axel|p1a: 150 (But ugly)|[miss]
|-miss|p2a: Lemon8|p1a: 150 (But ugly)
|move|p1a: 150 (But ugly)|Iron Head|p2a: Lemon8
|-supereffective|p2a: Lemon8
|-damage|p2a: Lemon8|0 fnt
|faint|p2a: Lemon8
|
|-heal|p1a: 150 (But ugly)|61/100|[from] item: Leftovers
|upkeep
|
|t:|1760820198
|switch|p2a: Electricles|Electrode-Hisui, shiny|14/100
|turn|17
|
|t:|1760820226
|move|p2a: Electricles|Leaf Storm|p1a: 150 (But ugly)
|-resisted|p1a: 150 (But ugly)
|-damage|p1a: 150 (But ugly)|29/100
|-unboost|p2a: Electricles|spa|2
|move|p1a: 150 (But ugly)|Rapid Spin|p2a: Electricles
|-damage|p2a: Electricles|0 fnt
|-boost|p1a: 150 (But ugly)|spe|1
|-damage|p1a: 150 (But ugly)|4/100|[from] ability: Aftermath|[of] p2a: Electricles
|-sideend|p1: Loser I will lose|Toxic Spikes|[from] move: Rapid Spin|[of] p1a: 150 (But ugly)
|faint|p2a: Electricles
|
|-heal|p1a: 150 (But ugly)|10/100|[from] item: Leftovers
|upkeep
|
|t:|1760820233
|switch|p2a: Gator Town|Skeledirge, M|100/100
|turn|18
|
|t:|1760820248
|move|p1a: 150 (But ugly)|Earthquake|p2a: Gator Town
|-supereffective|p2a: Gator Town
|-damage|p2a: Gator Town|35/100
|move|p2a: Gator Town|Torch Song|p1a: 150 (But ugly)
|-resisted|p1a: 150 (But ugly)
|-damage|p1a: 150 (But ugly)|0 fnt
|-boost|p2a: Gator Town|spa|1
|faint|p1a: 150 (But ugly)
|
|upkeep
|
|t:|1760820256
|switch|p1a: 50|Cyclizar, M|100/100
|turn|19
|
|t:|1760820261
|move|p1a: 50|Knock Off|p2a: Gator Town
|-supereffective|p2a: Gator Town
|-damage|p2a: Gator Town|8/100
|-enditem|p2a: Gator Town|Heavy-Duty Boots|[from] move: Knock Off|[of] p1a: 50
|move|p2a: Gator Town|Slack Off|p2a: Gator Town
|-heal|p2a: Gator Town|58/100
|
|upkeep
|turn|20
|
|t:|1760820273
|move|p1a: 50|Draco Meteor|p2a: Gator Town|[miss]
|-miss|p1a: 50|p2a: Gator Town
|move|p2a: Gator Town|Slack Off|p2a: Gator Town
|-heal|p2a: Gator Town|100/100
|
|upkeep
|turn|21
|
|t:|1760820280
|move|p1a: 50|Draco Meteor|p2a: Gator Town
|-damage|p2a: Gator Town|61/100
|-unboost|p1a: 50|spa|2
|move|p2a: Gator Town|Will-O-Wisp|p1a: 50
|-status|p1a: 50|brn
|
|-damage|p1a: 50|94/100 brn|[from] brn
|upkeep
|turn|22
|
|t:|1760820305
|move|p1a: 50|Knock Off|p2a: Gator Town
|-supereffective|p2a: Gator Town
|-damage|p2a: Gator Town|52/100
|move|p2a: Gator Town|Slack Off|p2a: Gator Town
|-heal|p2a: Gator Town|100/100
|
|-damage|p1a: 50|88/100 brn|[from] brn
|upkeep
|turn|23
|
|t:|1760820314
|move|p1a: 50|Knock Off|p2a: Gator Town
|-supereffective|p2a: Gator Town
|-damage|p2a: Gator Town|91/100
|move|p2a: Gator Town|Torch Song|p1a: 50
|-resisted|p1a: 50
|-damage|p1a: 50|69/100 brn
|-boost|p2a: Gator Town|spa|1
|
|-damage|p1a: 50|63/100 brn|[from] brn
|upkeep
|turn|24
|
|t:|1760820326
|move|p1a: 50|Knock Off|p2a: Gator Town
|-supereffective|p2a: Gator Town
|-damage|p2a: Gator Town|82/100
|move|p2a: Gator Town|Torch Song|p1a: 50
|-resisted|p1a: 50
|-damage|p1a: 50|39/100 brn
|-boost|p2a: Gator Town|spa|1
|
|-damage|p1a: 50|32/100 brn|[from] brn
|upkeep
|turn|25
|
|t:|1760820336
|move|p1a: 50|Knock Off|p2a: Gator Town
|-supereffective|p2a: Gator Town
|-damage|p2a: Gator Town|74/100
|move|p2a: Gator Town|Torch Song|p1a: 50
|-resisted|p1a: 50
|-damage|p1a: 50|0 fnt
|-boost|p2a: Gator Town|spa|1
|faint|p1a: 50
|
|win|DoktorVodka
