|j|☆l30unlibro
|j|☆zirikame
|t:|1760889661
|gametype|singles
|player|p1|l30unlibro|red|1143
|player|p2|zirikame|veteran|1084
|gen|9
|tier|[Gen 9] OU
|rated|
|rule|HP Percentage Mod: HP is shown in percentages
|rule|Endless Battle Clause: Forcing endless battles is banned
|rule|Species Clause: Limit one of each Pokémon
|rule|OHKO Clause: OHKO moves are banned
|rule|Evasion Items Clause: Evasion items are banned
|rule|Evasion Moves Clause: Evasion moves are banned
|rule|Evasion Abilities Clause: Evasion abilities are banned
|rule|Sleep Moves Clause: Sleep-inducing moves are banned
|clearpoke
|poke|p1|Torkoal, F|
|poke|p1|Walking Wake|
|poke|p1|Great Tusk|
|poke|p1|Cinderace, F|
|poke|p1|Raging Bolt|
|poke|p1|Scream Tail|
|poke|p2|Frosmoth, F|
|poke|p2|Toedscruel, F|
|poke|p2|Bombirdier, M|
|poke|p2|Glimmora, F|
|poke|p2|Revavroom, M|
|poke|p2|Grafaiai, M|
|teampreview
|inactive|Battle timer is ON: inactive players will automatically lose when time's up. (requested by zirikame)
|
|t:|1760889668
|teamsize|p1|6
|teamsize|p2|6
|start
|switch|p1a: Torkoal|Torkoal, F|100/100
|switch|p2a: Grafaiai|Grafaiai, M|100/100
|-weather|SunnyDay|[from] ability: Drought|[of] p1a: Torkoal
|turn|1
|
|t:|1760889682
|move|p2a: Grafaiai|Taunt|p1a: Torkoal
|-start|p1a: Torkoal|move: Taunt
|cant|p1a: Torkoal|move: Taunt|Stealth Rock
|
|-weather|SunnyDay|[upkeep]
|upkeep
|turn|2
|
|t:|1760889688
|move|p2a: Grafaiai|Toxic|p1a: Torkoal
|-status|p1a: Torkoal|tox
|move|p1a: Torkoal|Lava Plume|p2a: Grafaiai
|-damage|p2a: Grafaiai|50/100
|
|-weather|SunnyDay|[upkeep]
|-heal|p2a: Grafaiai|56/100|[from] item: Black Sludge
|-damage|p1a: Torkoal|94/100 tox|[from] psn
|upkeep
|turn|3
|
|t:|1760889699
|move|p2a: Grafaiai|U-turn|p1a: Torkoal
|-resisted|p1a: Torkoal
|-damage|p1a: Torkoal|91/100 tox
|
|t:|1760889706
|switch|p2a: Glimmora|Glimmora, F|100/100|[from] U-turn
|move|p1a: Torkoal|Lava Plume|p2a: Glimmora
|-resisted|p2a: Glimmora
|-damage|p2a: Glimmora|77/100
|
|-weather|SunnyDay|[upkeep]
|-damage|p1a: Torkoal|78/100 tox|[from] psn
|-end|p1a: Torkoal|move: Taunt
|upkeep
|turn|4
|inactive|l30unlibro has 120 seconds left.
|
|t:|1760889740
|switch|p1a: Great Tusk|Great Tusk|100/100
|-activate|p1a: Great Tusk|ability: Protosynthesis
|-start|p1a: Great Tusk|protosynthesisatk
|move|p2a: Glimmora|Stealth Rock|p1a: Great Tusk
|-sidestart|p1: l30unlibro|move: Stealth Rock
|
|-weather|SunnyDay|[upkeep]
|upkeep
|turn|5
|inactive|l30unlibro has 120 seconds left.
|
|t:|1760889751
|move|p1a: Great Tusk|Headlong Rush|p2a: Glimmora
|-supereffective|p2a: Glimmora
|-damage|p2a: Glimmora|0 fnt
|-unboost|p1a: Great Tusk|def|1
|-unboost|p1a: Great Tusk|spd|1
|-activate|p2a: Glimmora|ability: Toxic Debris
|-sidestart|p1: l30unlibro|move: Toxic Spikes
|faint|p2a: Glimmora
|
|-weather|SunnyDay|[upkeep]
|upkeep
|
|t:|1760889763
|switch|p2a: Grafaiai|Grafaiai, M|56/100
|turn|6
|
|t:|1760889768
|move|p2a: Grafaiai|Taunt|p1a: Great Tusk
|-start|p1a: Great Tusk|move: Taunt
|move|p1a: Great Tusk|Rapid Spin|p2a: Grafaiai
|-damage|p2a: Grafaiai|20/100
|-boost|p1a: Great Tusk|spe|1
|-sideend|p1: l30unlibro|Toxic Spikes|[from] move: Rapid Spin|[of] p1a: Great Tusk
|-sideend|p1: l30unlibro|Stealth Rock|[from] move: Rapid Spin|[of] p1a: Great Tusk
|
|-weather|SunnyDay|[upkeep]
|-heal|p2a: Grafaiai|26/100|[from] item: Black Sludge
|upkeep
|turn|7
|l|☆zirikame
|inactive|zirikame disconnected and has a minute to reconnect!
|player|p2|
|j|☆zirikame
|inactive|zirikame reconnected and has 125 seconds left.
|player|p2|zirikame|veteran|
|inactive|zirikame has 120 seconds left.
|
|t:|1760889802
|move|p2a: Grafaiai|Toxic|p1a: Great Tusk
|-status|p1a: Great Tusk|tox
|move|p1a: Great Tusk|Rapid Spin|p2a: Grafaiai
|-damage|p2a: Grafaiai|0 fnt
|-boost|p1a: Great Tusk|spe|1
|faint|p2a: Grafaiai
|
|-weather|SunnyDay|[upkeep]
|-damage|p1a: Great Tusk|94/100 tox|[from] psn
|upkeep
|inactive|zirikame has 120 seconds left.
|
|t:|1760889820
|switch|p2a: Frosmoth|Frosmoth, F|100/100
|turn|8
|l|☆l30unlibro
|inactive|l30unlibro disconnected and has a minute to reconnect!
|player|p1|
|j|☆l30unlibro
|inactive|l30unlibro reconnected and has 135 seconds left.
|player|p1|l30unlibro|red|
|
|t:|1760889846
|move|p1a: Great Tusk|Close Combat|p2a: Frosmoth
|-damage|p2a: Frosmoth|0 fnt
|-unboost|p1a: Great Tusk|def|1
|-unboost|p1a: Great Tusk|spd|1
|faint|p2a: Frosmoth
|
|-weather|none
|-end|p1a: Great Tusk|Protosynthesis
|-heal|p1a: Great Tusk|100/100 tox|[from] item: Leftovers
|-damage|p1a: Great Tusk|88/100 tox|[from] psn
|-end|p1a: Great Tusk|move: Taunt
|upkeep
|inactive|zirikame has 120 seconds left.
|
|t:|1760889859
|switch|p2a: Toedscruel|Toedscruel, F|100/100
|turn|9
|
|t:|1760889867
|move|p1a: Great Tusk|Knock Off|p2a: Toedscruel
|-damage|p2a: Toedscruel|54/100
|-enditem|p2a: Toedscruel|Leftovers|[from] move: Knock Off|[of] p1a: Great Tusk
|move|p2a: Toedscruel|Leech Seed|p1a: Great Tusk
|-start|p1a: Great Tusk|move: Leech Seed
|
|-heal|p1a: Great Tusk|94/100 tox|[from] item: Leftovers
|-damage|p1a: Great Tusk|82/100 tox|[from] Leech Seed|[of] p2a: Toedscruel
|-heal|p2a: Toedscruel|67/100|[silent]
|-damage|p1a: Great Tusk|63/100 tox|[from] psn
|upkeep
|turn|10
|
|t:|1760889881
|move|p1a: Great Tusk|Close Combat|p2a: Toedscruel
|-damage|p2a: Toedscruel|0 fnt
|-unboost|p1a: Great Tusk|def|1
|-unboost|p1a: Great Tusk|spd|1
|faint|p2a: Toedscruel
|
|-heal|p1a: Great Tusk|70/100 tox|[from] item: Leftovers
|-damage|p1a: Great Tusk|45/100 tox|[from] psn
|upkeep
|inactive|zirikame has 120 seconds left.
|
|t:|1760889891
|switch|p2a: Bombirdier|Bombirdier, M|100/100
|turn|11
|inactive|zirikame has 120 seconds left.
|
|t:|1760889907
|-terastallize|p1a: Great Tusk|Dark
|move|p1a: Great Tusk|Knock Off|p2a: Bombirdier
|-resisted|p2a: Bombirdier
|-damage|p2a: Bombirdier|65/100
|-enditem|p2a: Bombirdier|Choice Band|[from] move: Knock Off|[of] p1a: Great Tusk
|move|p2a: Bombirdier|U-turn|p1a: Great Tusk
|-supereffective|p1a: Great Tusk
|-damage|p1a: Great Tusk|0 fnt
|faint|p1a: Great Tusk
|-end|p1a: Great Tusk|Protosynthesis|[silent]
|
|t:|1760889916
|switch|p2a: Revavroom|Revavroom, M|100/100|[from] U-turn
|
|upkeep
|
|t:|1760889923
|switch|p1a: Torkoal|Torkoal, F|78/100 tox
|-weather|SunnyDay|[from] ability: Drought|[of] p1a: Torkoal
|turn|12
|
|t:|1760889929
|move|p2a: Revavroom|Protect|p2a: Revavroom
|-singleturn|p2a: Revavroom|Protect
|move|p1a: Torkoal|Stealth Rock|p2a: Revavroom
|-sidestart|p2: zirikame|move: Stealth Rock
|
|-weather|SunnyDay|[upkeep]
|-damage|p1a: Torkoal|72/100 tox|[from] psn
|upkeep
|turn|13
|
|t:|1760889938
|move|p2a: Revavroom|Parting Shot|p1a: Torkoal
|-unboost|p1a: Torkoal|atk|1
|-unboost|p1a: Torkoal|spa|1
|
|t:|1760889942
|switch|p2a: Bombirdier|Bombirdier, M|65/100|[from] Parting Shot
|-damage|p2a: Bombirdier|40/100|[from] Stealth Rock
|move|p1a: Torkoal|Lava Plume|p2a: Bombirdier
|-damage|p2a: Bombirdier|4/100
|
|-weather|SunnyDay|[upkeep]
|-damage|p1a: Torkoal|60/100 tox|[from] psn
|upkeep
|turn|14
|l|☆l30unlibro
|inactive|l30unlibro disconnected and has a minute to reconnect!
|player|p1|
|j|☆l30unlibro
|inactive|l30unlibro reconnected and has 130 seconds left.
|player|p1|l30unlibro|red|
|inactive|l30unlibro has 120 seconds left.
|
|t:|1760889974
|-terastallize|p2a: Bombirdier|Dark
|move|p2a: Bombirdier|Knock Off|p1a: Torkoal
|-damage|p1a: Torkoal|30/100 tox
|-enditem|p1a: Torkoal|Heat Rock|[from] move: Knock Off|[of] p2a: Bombirdier
|move|p1a: Torkoal|Rapid Spin|p2a: Bombirdier
|-damage|p2a: Bombirdier|0 fnt
|-boost|p1a: Torkoal|spe|1
|faint|p2a: Bombirdier
|
|-weather|SunnyDay|[upkeep]
|-damage|p1a: Torkoal|11/100 tox|[from] psn
|upkeep
|
|t:|1760889987
|switch|p2a: Revavroom|Revavroom, M|100/100
|-damage|p2a: Revavroom|94/100|[from] Stealth Rock
|turn|15
|l|☆l30unlibro
|inactive|l30unlibro disconnected and has a minute to reconnect!
|player|p1|
|j|☆l30unlibro
|inactive|l30unlibro reconnected and has 120 seconds left.
|player|p1|l30unlibro|red|
|
|t:|1760890007
|move|p2a: Revavroom|Iron Head|p1a: Torkoal
|-resisted|p1a: Torkoal
|-damage|p1a: Torkoal|3/100 tox
|move|p1a: Torkoal|Lava Plume|p2a: Revavroom
|-supereffective|p2a: Revavroom
|-damage|p2a: Revavroom|50/100
|-status|p2a: Revavroom|brn
|
|-weather|SunnyDay|[upkeep]
|-heal|p2a: Revavroom|56/100 brn|[from] item: Leftovers
|-damage|p1a: Torkoal|0 fnt|[from] psn
|faint|p1a: Torkoal
|-damage|p2a: Revavroom|50/100 brn|[from] brn
|upkeep
|inactive|l30unlibro has 120 seconds left.
|
|t:|1760890012
|switch|p1a: Cinderace|Cinderace, F|100/100
|turn|16
|
|t:|1760890024
|move|p1a: Cinderace|Pyro Ball|p2a: Revavroom
|-supereffective|p2a: Revavroom
|-damage|p2a: Revavroom|0 fnt
|faint|p2a: Revavroom
|
|win|l30unlibro
|raw|l30unlibro's rating: 1143 &rarr; <strong>1164</strong><br />(+21 for winning)
|raw|zirikame's rating: 1084 &rarr; <strong>1065</strong><br />(-19 for losing)
|l|☆zirikame
|player|p2|
