|j|☆mo007001
|j|☆RugzV
|t:|1760865324
|gametype|singles
|player|p1|mo007001|burglar|1219
|player|p2|RugzV|gentleman-gen4|1222
|gen|9
|tier|[Gen 9] OU
|rated|
|rule|HP Percentage Mod: HP is shown in percentages
|rule|Endless Battle Clause: Forcing endless battles is banned
|rule|Species Clause: Limit one of each Pokémon
|rule|OHKO Clause: OHKO moves are banned
|rule|Evasion Items Clause: Evasion items are banned
|rule|Evasion Moves Clause: Evasion moves are banned
|rule|Evasion Abilities Clause: Evasion abilities are banned
|rule|Sleep Moves Clause: Sleep-inducing moves are banned
|clearpoke
|poke|p1|Ursaluna, F|
|poke|p1|Gumshoos, F|
|poke|p1|Kingambit, M|
|poke|p1|Skeledirge, F|
|poke|p1|Slowking, M|
|poke|p1|Cinderace, M|
|poke|p2|Clodsire, M|
|poke|p2|Meowscarada, M|
|poke|p2|Alomomola, F|
|poke|p2|Enamorus-Therian, F|
|poke|p2|Ceruledge, F|
|poke|p2|Reuniclus, F|
|teampreview
|inactive|Battle timer is ON: inactive players will automatically lose when time's up. (requested by RugzV)
|
|t:|1760865330
|teamsize|p1|6
|teamsize|p2|6
|start
|switch|p1a: Gumshoos|Gumshoos, F|100/100
|switch|p2a: Purrfecto|Meowscarada, M|100/100
|turn|1
|
|t:|1760865338
|switch|p2a: Spookilla|Ceruledge, F|100/100
|move|p1a: Gumshoos|Double-Edge|p2a: Spookilla
|-immune|p2a: Spookilla
|
|upkeep
|turn|2
|
|t:|1760865345
|move|p2a: Spookilla|Swords Dance|p2a: Spookilla
|-boost|p2a: Spookilla|atk|2
|move|p1a: Gumshoos|Knock Off|p2a: Spookilla
|-supereffective|p2a: Spookilla
|-damage|p2a: Spookilla|10/100
|-enditem|p2a: Spookilla|Focus Sash|[from] move: Knock Off|[of] p1a: Gumshoos
|
|upkeep
|turn|3
|
|t:|1760865363
|switch|p1a: Skeledirge|Skeledirge, F, shiny|100/100
|move|p2a: Spookilla|Bitter Blade|p1a: Skeledirge
|-resisted|p1a: Skeledirge
|-damage|p1a: Skeledirge|86/100
|-heal|p2a: Spookilla|20/100|[from] drain|[of] p1a: Skeledirge
|
|upkeep
|turn|4
|
|t:|1760865374
|switch|p1a: Cinderace|Cinderace, M|100/100
|move|p2a: Spookilla|Shadow Sneak|p1a: Cinderace
|-damage|p1a: Cinderace|42/100
|
|upkeep
|turn|5
|
|t:|1760865382
|move|p1a: Cinderace|Sucker Punch|p2a: Spookilla
|-start|p1a: Cinderace|typechange|Dark|[from] ability: Libero
|-supereffective|p2a: Spookilla
|-damage|p2a: Spookilla|0 fnt
|faint|p2a: Spookilla
|
|upkeep
|
|t:|1760865391
|switch|p2a: Embybro|Reuniclus, F|100/100
|turn|6
|
|t:|1760865398
|-terastallize|p2a: Embybro|Fighting
|move|p1a: Cinderace|U-turn|p2a: Embybro
|-resisted|p2a: Embybro
|-damage|p2a: Embybro|88/100
|
|t:|1760865406
|switch|p1a: Slowking|Slowking, M, shiny|100/100|[from] U-turn
|move|p2a: Embybro|Psychic Noise|p1a: Slowking
|-resisted|p1a: Slowking
|-damage|p1a: Slowking|81/100
|-start|p1a: Slowking|move: Heal Block
|
|upkeep
|turn|7
|
|t:|1760865416
|move|p2a: Embybro|Knock Off|p1a: Slowking
|-supereffective|p1a: Slowking
|-damage|p1a: Slowking|52/100
|-enditem|p1a: Slowking|Terrain Extender|[from] move: Knock Off|[of] p2a: Embybro
|move|p1a: Slowking|Future Sight|p2a: Embybro
|-start|p1a: Slowking|move: Future Sight
|
|-end|p1a: Slowking|move: Heal Block
|upkeep
|turn|8
|
|t:|1760865438
|move|p2a: Embybro|Knock Off|p1a: Slowking
|-supereffective|p1a: Slowking
|-damage|p1a: Slowking|32/100
|-prepare|p1a: Slowking|Chilly Reception|[premajor]
|move|p1a: Slowking|Chilly Reception|p1a: Slowking
|-weather|Snowscape
|
|t:|1760865450
|switch|p1a: Gumshoos|Gumshoos, F|100/100|[from] Chilly Reception
|
|-weather|Snowscape|[upkeep]
|upkeep
|turn|9
|
|t:|1760865460
|switch|p2a: Bigfish|Alomomola, F|100/100
|move|p1a: Gumshoos|Double-Edge|p2a: Bigfish
|-damage|p2a: Bigfish|31/100
|-damage|p1a: Gumshoos|84/100|[from] item: Rocky Helmet|[of] p2a: Bigfish
|-damage|p1a: Gumshoos|52/100|[from] Recoil
|
|-weather|Snowscape|[upkeep]
|-end|p2a: Bigfish|move: Future Sight
|-crit|p2a: Bigfish
|-damage|p2a: Bigfish|0 fnt
|faint|p2a: Bigfish
|upkeep
|inactive|RugzV has 120 seconds left.
|
|t:|1760865480
|switch|p2a: Embybro|Reuniclus, F, tera:Fighting|88/100
|turn|10
|
|t:|1760865485
|move|p1a: Gumshoos|Double-Edge|p2a: Embybro
|-damage|p2a: Embybro|25/100
|-damage|p1a: Gumshoos|29/100|[from] Recoil
|move|p2a: Embybro|Focus Blast|p1a: Gumshoos
|-supereffective|p1a: Gumshoos
|-damage|p1a: Gumshoos|0 fnt
|faint|p1a: Gumshoos
|
|-weather|Snowscape|[upkeep]
|upkeep
|
|t:|1760865498
|switch|p1a: Slowking|Slowking, M, shiny|65/100
|turn|11
|
|t:|1760865502
|move|p2a: Embybro|Recover|p2a: Embybro
|-heal|p2a: Embybro|75/100
|move|p1a: Slowking|Future Sight|p2a: Embybro
|-start|p1a: Slowking|move: Future Sight
|
|-weather|Snowscape|[upkeep]
|upkeep
|turn|12
|
|t:|1760865517
|switch|p2a: Clodders|Clodsire, M|100/100
|-prepare|p1a: Slowking|Chilly Reception|[premajor]
|move|p1a: Slowking|Chilly Reception|p1a: Slowking
|
|t:|1760865524
|switch|p1a: Ursaluna|Ursaluna, F|100/100|[from] Chilly Reception
|
|-weather|none
|-status|p1a: Ursaluna|brn|[from] item: Flame Orb
|upkeep
|turn|13
|
|t:|1760865536
|move|p1a: Ursaluna|Headlong Rush|p2a: Clodders
|-supereffective|p2a: Clodders
|-damage|p2a: Clodders|0 fnt
|-unboost|p1a: Ursaluna|def|1
|-unboost|p1a: Ursaluna|spd|1
|faint|p2a: Clodders
|
|-hint|Future Sight did not hit because the target is fainted.
|-damage|p1a: Ursaluna|94/100 brn|[from] brn
|upkeep
|
|t:|1760865547
|switch|p2a: Embybro|Reuniclus, F, tera:Fighting|75/100
|turn|14
|
|t:|1760865553
|switch|p1a: Slowking|Slowking, M, shiny|98/100
|move|p2a: Embybro|Focus Blast|p1a: Slowking
|-resisted|p1a: Slowking
|-damage|p1a: Slowking|69/100
|
|upkeep
|turn|15
|
|t:|1760865569
|switch|p2a: Notatortoise|Enamorus-Therian, F|100/100
|move|p1a: Slowking|Future Sight|p2a: Notatortoise
|-start|p1a: Slowking|move: Future Sight
|
|upkeep
|turn|16
|
|t:|1760865581
|move|p2a: Notatortoise|Earth Power|p1a: Slowking
|-damage|p1a: Slowking|27/100
|move|p1a: Slowking|Trick Room|p1a: Slowking
|-fieldstart|move: Trick Room|[of] p1a: Slowking
|
|upkeep
|turn|17
|
|t:|1760865590
|switch|p1a: Ursaluna|Ursaluna, F|94/100 brn
|move|p2a: Notatortoise|Earth Power|p1a: Ursaluna
|-damage|p1a: Ursaluna|50/100 brn
|-unboost|p1a: Ursaluna|spd|1
|
|-end|p2a: Notatortoise|move: Future Sight
|-damage|p2a: Notatortoise|58/100
|-damage|p1a: Ursaluna|43/100 brn|[from] brn
|upkeep
|turn|18
|
|t:|1760865601
|move|p2a: Notatortoise|Earth Power|p1a: Ursaluna
|-damage|p1a: Ursaluna|0 fnt
|faint|p1a: Ursaluna
|
|upkeep
|
|t:|1760865612
|switch|p1a: Kingambit|Kingambit, M|100/100
|-activate|p1a: Kingambit|ability: Supreme Overlord
|-start|p1a: Kingambit|fallen2|[silent]
|-item|p1a: Kingambit|Air Balloon
|turn|19
|
|t:|1760865627
|switch|p2a: Embybro|Reuniclus, F, tera:Fighting|75/100
|move|p1a: Kingambit|Swords Dance|p1a: Kingambit
|-boost|p1a: Kingambit|atk|2
|
|upkeep
|turn|20
|
|t:|1760865638
|-terastallize|p1a: Kingambit|Flying
|move|p2a: Embybro|Focus Blast|p1a: Kingambit
|-resisted|p1a: Kingambit
|-damage|p1a: Kingambit|62/100
|-enditem|p1a: Kingambit|Air Balloon
|move|p1a: Kingambit|Substitute|p1a: Kingambit
|-start|p1a: Kingambit|Substitute
|-damage|p1a: Kingambit|37/100
|
|-fieldend|move: Trick Room
|upkeep
|turn|21
|
|t:|1760865649
|move|p1a: Kingambit|Iron Head|p2a: Embybro
|-damage|p2a: Embybro|0 fnt
|faint|p2a: Embybro
|
|upkeep
|
|t:|1760865655
|switch|p2a: Purrfecto|Meowscarada, M|100/100
|turn|22
|
|t:|1760865658
|move|p2a: Purrfecto|Triple Axel|p1a: Kingambit
|-start|p2a: Purrfecto|typechange|Ice|[from] ability: Protean
|-supereffective|p1a: Kingambit
|-activate|p1a: Kingambit|move: Substitute|[damage]
|-supereffective|p1a: Kingambit
|-end|p1a: Kingambit|Substitute
|-supereffective|p1a: Kingambit
|-damage|p1a: Kingambit|0 fnt
|faint|p1a: Kingambit
|-end|p1a: Kingambit|fallen2|[silent]
|-hitcount|p1: Kingambit|3
|
|upkeep
|
|t:|1760865677
|switch|p1a: Slowking|Slowking, M, shiny|60/100
|turn|23
|
|t:|1760865681
|switch|p2a: Notatortoise|Enamorus-Therian, F|58/100
|move|p1a: Slowking|Trick Room|p1a: Slowking
|-fieldstart|move: Trick Room|[of] p1a: Slowking
|
|upkeep
|turn|24
|
|t:|1760865694
|move|p1a: Slowking|Future Sight|p2a: Notatortoise
|-start|p1a: Slowking|move: Future Sight
|move|p2a: Notatortoise|Moonblast|p1a: Slowking
|-damage|p1a: Slowking|0 fnt
|faint|p1a: Slowking
|
|upkeep
|
|t:|1760865705
|switch|p1a: Cinderace|Cinderace, M|42/100
|turn|25
|
|t:|1760865709
|move|p1a: Cinderace|Sucker Punch|p2a: Notatortoise
|-start|p1a: Cinderace|typechange|Dark|[from] ability: Libero
|-resisted|p2a: Notatortoise
|-damage|p2a: Notatortoise|42/100
|move|p2a: Notatortoise|Moonblast|p1a: Cinderace
|-supereffective|p1a: Cinderace
|-damage|p1a: Cinderace|0 fnt
|faint|p1a: Cinderace
|
|upkeep
|
|t:|1760865719
|switch|p1a: Skeledirge|Skeledirge, F, shiny|86/100
|turn|26
|
|t:|1760865727
|move|p2a: Notatortoise|Moonblast|p1a: Skeledirge
|-resisted|p1a: Skeledirge
|-damage|p1a: Skeledirge|50/100
|move|p1a: Skeledirge|Slack Off|p1a: Skeledirge
|-heal|p1a: Skeledirge|99/100
|
|-end|p2a: Notatortoise|move: Future Sight
|-damage|p2a: Notatortoise|0 fnt
|faint|p2a: Notatortoise
|upkeep
|
|t:|1760865737
|switch|p2a: Purrfecto|Meowscarada, M|100/100
|turn|27
|
|t:|1760865743
|move|p1a: Skeledirge|Torch Song|p2a: Purrfecto
|-supereffective|p2a: Purrfecto
|-damage|p2a: Purrfecto|2/100
|-boost|p1a: Skeledirge|spa|1
|move|p2a: Purrfecto|Knock Off|p1a: Skeledirge
|-start|p2a: Purrfecto|typechange|Dark|[from] ability: Protean
|-supereffective|p1a: Skeledirge
|-damage|p1a: Skeledirge|37/100
|-enditem|p1a: Skeledirge|Heavy-Duty Boots|[from] move: Knock Off|[of] p2a: Purrfecto
|
|-fieldend|move: Trick Room
|upkeep
|turn|28
|
|t:|1760865756
|move|p2a: Purrfecto|Knock Off|p1a: Skeledirge
|-supereffective|p1a: Skeledirge
|-damage|p1a: Skeledirge|0 fnt
|faint|p1a: Skeledirge
|
|win|RugzV
|raw|mo007001's rating: 1219 &rarr; <strong>1194</strong><br />(-25 for losing)
|raw|RugzV's rating: 1222 &rarr; <strong>1247</strong><br />(+25 for winning)
|c|☆mo007001|gg
|c|☆RugzV|Gg
|l|☆mo007001
|player|p1|
|l|☆RugzV
|player|p2|
