|j|☆splogop
|j|☆rippiplayer
|t:|1760865551
|gametype|singles
|player|p1|splogop|169|1497
|player|p2|rippiplayer|leaf-masters|1474
|gen|9
|tier|[Gen 9] OU
|rated|
|rule|HP Percentage Mod: HP is shown in percentages
|rule|Endless Battle Clause: Forcing endless battles is banned
|rule|Species Clause: Limit one of each Pokémon
|rule|OHKO Clause: OHKO moves are banned
|rule|Evasion Items Clause: Evasion items are banned
|rule|Evasion Moves Clause: Evasion moves are banned
|rule|Evasion Abilities Clause: Evasion abilities are banned
|rule|Sleep Moves Clause: Sleep-inducing moves are banned
|clearpoke
|poke|p1|Skarmory, F|
|poke|p1|Hatterene, F|
|poke|p1|Dragapult, M|
|poke|p1|Samurott-Hisui, M|
|poke|p1|Weezing-Galar, F|
|poke|p1|Landorus-Therian, M|
|poke|p2|Thundurus-Therian, M|
|poke|p2|Ogerpon-Wellspring, F|
|poke|p2|Scizor, M|
|poke|p2|Slowking-Galar, M|
|poke|p2|Dragonite, M|
|poke|p2|Great Tusk|
|teampreview
|inactive|Battle timer is ON: inactive players will automatically lose when time's up. (requested by rippiplayer)
|
|t:|1760865572
|teamsize|p1|6
|teamsize|p2|6
|start
|switch|p1a: Samurott|Samurott-Hisui, M|100/100
|switch|p2a: Thundurus|Thundurus-Therian, M|100/100
|turn|1
|
|t:|1760865581
|move|p2a: Thundurus|Thunderbolt|p1a: Samurott
|-supereffective|p1a: Samurott
|-enditem|p1a: Samurott|Focus Sash
|-damage|p1a: Samurott|1/100
|-status|p1a: Samurott|par
|move|p1a: Samurott|Ceaseless Edge|p2a: Thundurus
|-damage|p2a: Thundurus|28/100
|-sidestart|p2: rippiplayer|Spikes
|
|upkeep
|turn|2
|
|t:|1760865597
|cant|p1a: Samurott|par
|move|p2a: Thundurus|Thunderbolt|p1a: Samurott
|-supereffective|p1a: Samurott
|-damage|p1a: Samurott|0 fnt
|faint|p1a: Samurott
|
|upkeep
|
|t:|1760865602
|switch|p1a: Dragapult|Dragapult, M|100/100
|turn|3
|
|t:|1760865607
|switch|p2a: Scizor|Scizor, M|100/100
|move|p1a: Dragapult|Dragon Darts|p2a: Scizor
|-resisted|p2a: Scizor
|-damage|p2a: Scizor|91/100
|-anim|p1a: Dragapult|Dragon Darts|p2a: Scizor
|-resisted|p2a: Scizor
|-damage|p2a: Scizor|81/100
|
|upkeep
|turn|4
|
|t:|1760865613
|move|p1a: Dragapult|Will-O-Wisp|p2a: Scizor
|-status|p2a: Scizor|brn
|move|p2a: Scizor|Knock Off|p1a: Dragapult
|-supereffective|p1a: Dragapult
|-damage|p1a: Dragapult|54/100
|-enditem|p1a: Dragapult|Leftovers|[from] move: Knock Off|[of] p2a: Scizor
|
|-damage|p2a: Scizor|75/100 brn|[from] brn
|upkeep
|turn|5
|
|t:|1760865620
|switch|p1a: Landorus|Landorus-Therian, M|100/100
|-ability|p1a: Landorus|Intimidate|boost
|-unboost|p2a: Scizor|atk|1
|move|p2a: Scizor|Defog|p1a: Landorus
|-unboost|p1a: Landorus|evasion|1
|-sideend|p2: rippiplayer|Spikes|[from] move: Defog|[of] p2a: Scizor
|
|-damage|p2a: Scizor|69/100 brn|[from] brn
|upkeep
|turn|6
|
|t:|1760865643
|move|p1a: Landorus|Stealth Rock|p2a: Scizor
|-sidestart|p2: rippiplayer|move: Stealth Rock
|move|p2a: Scizor|U-turn|p1a: Landorus
|-resisted|p1a: Landorus
|-damage|p1a: Landorus|93/100
|
|t:|1760865648
|switch|p2a: Great Tusk|Great Tusk|100/100|[from] U-turn
|-damage|p2a: Great Tusk|98/100|[from] Stealth Rock
|-enditem|p2a: Great Tusk|Booster Energy
|-activate|p2a: Great Tusk|ability: Protosynthesis|[fromitem]
|-start|p2a: Great Tusk|protosynthesisspe
|
|upkeep
|turn|7
|
|t:|1760865660
|switch|p1a: Hatterene|Hatterene, F|100/100
|-item|p1a: Hatterene|Air Balloon
|move|p2a: Great Tusk|Bulk Up|p2a: Great Tusk
|-boost|p2a: Great Tusk|atk|1
|-boost|p2a: Great Tusk|def|1
|
|upkeep
|turn|8
|
|t:|1760865670
|-terastallize|p2a: Great Tusk|Fire
|move|p2a: Great Tusk|Bulk Up|p2a: Great Tusk
|-boost|p2a: Great Tusk|atk|1
|-boost|p2a: Great Tusk|def|1
|move|p1a: Hatterene|Psychic Noise|p2a: Great Tusk
|-damage|p2a: Great Tusk|52/100
|-start|p2a: Great Tusk|move: Heal Block
|
|upkeep
|turn|9
|
|t:|1760865700
|move|p2a: Great Tusk|Temper Flare|p1a: Hatterene
|-damage|p1a: Hatterene|46/100
|-enditem|p1a: Hatterene|Air Balloon
|move|p1a: Hatterene|Nuzzle|p2a: Great Tusk
|-crit|p2a: Great Tusk
|-damage|p2a: Great Tusk|49/100
|-status|p2a: Great Tusk|par
|
|-end|p2a: Great Tusk|move: Heal Block
|upkeep
|turn|10
|
|t:|1760865710
|cant|p2a: Great Tusk|par
|move|p1a: Hatterene|Psychic Noise|p2a: Great Tusk
|-damage|p2a: Great Tusk|4/100 par
|-start|p2a: Great Tusk|move: Heal Block
|
|upkeep
|turn|11
|
|t:|1760865717
|move|p2a: Great Tusk|Headlong Rush|p1a: Hatterene
|-crit|p1a: Hatterene
|-damage|p1a: Hatterene|0 fnt
|-unboost|p2a: Great Tusk|def|1
|-unboost|p2a: Great Tusk|spd|1
|faint|p1a: Hatterene
|
|-end|p2a: Great Tusk|move: Heal Block
|upkeep
|
|t:|1760865723
|switch|p1a: Landorus|Landorus-Therian, M|93/100
|-ability|p1a: Landorus|Intimidate|boost
|-unboost|p2a: Great Tusk|atk|1
|turn|12
|
|t:|1760865729
|move|p1a: Landorus|Earthquake|p2a: Great Tusk
|-supereffective|p2a: Great Tusk
|-damage|p2a: Great Tusk|0 fnt
|faint|p2a: Great Tusk
|-end|p2a: Great Tusk|Protosynthesis|[silent]
|
|upkeep
|
|t:|1760865733
|switch|p2a: Ogerpon|Ogerpon-Wellspring, F|100/100
|-damage|p2a: Ogerpon|88/100|[from] Stealth Rock
|turn|13
|
|t:|1760865740
|switch|p1a: Dragapult|Dragapult, M|54/100
|move|p2a: Ogerpon|Ivy Cudgel|p1a: Dragapult|[anim] Ivy Cudgel Water
|-resisted|p1a: Dragapult
|-damage|p1a: Dragapult|14/100
|
|upkeep
|turn|14
|
|t:|1760865746
|switch|p2a: Thundurus|Thundurus-Therian, M|28/100
|move|p1a: Dragapult|Will-O-Wisp|p2a: Thundurus
|-status|p2a: Thundurus|brn
|
|-damage|p2a: Thundurus|22/100 brn|[from] brn
|upkeep
|turn|15
|
|t:|1760865759
|switch|p2a: Snow bring|Slowking-Galar, M|100/100
|-damage|p2a: Snow bring|88/100|[from] Stealth Rock
|move|p1a: Dragapult|Hex|p2a: Snow bring
|-supereffective|p2a: Snow bring
|-damage|p2a: Snow bring|62/100
|
|upkeep
|turn|16
|
|t:|1760865767
|move|p1a: Dragapult|Hex|p2a: Snow bring
|-supereffective|p2a: Snow bring
|-damage|p2a: Snow bring|35/100
|move|p2a: Snow bring|Sludge Bomb|p1a: Dragapult
|-resisted|p1a: Dragapult
|-damage|p1a: Dragapult|0 fnt
|faint|p1a: Dragapult
|
|upkeep
|
|t:|1760865773
|switch|p1a: Mega skarm|Skarmory, F|100/100
|turn|17
|
|t:|1760865792
|move|p1a: Mega skarm|Brave Bird|p2a: Snow bring
|-damage|p2a: Snow bring|0 fnt
|faint|p2a: Snow bring
|-damage|p1a: Mega skarm|84/100|[from] Recoil
|
|-heal|p1a: Mega skarm|91/100|[from] item: Leftovers
|upkeep
|
|t:|1760865795
|switch|p2a: Thundurus|Thundurus-Therian, M|22/100 brn
|turn|18
|
|t:|1760865808
|switch|p1a: Landorus|Landorus-Therian, M|93/100
|-ability|p1a: Landorus|Intimidate|boost
|-unboost|p2a: Thundurus|atk|1
|move|p2a: Thundurus|Thunderbolt|p1a: Landorus
|-immune|p1a: Landorus
|
|-damage|p2a: Thundurus|16/100 brn|[from] brn
|upkeep
|turn|19
|
|t:|1760865816
|switch|p2a: Scizor|Scizor, M|69/100 brn
|move|p1a: Landorus|U-turn|p2a: Scizor
|-resisted|p2a: Scizor
|-damage|p2a: Scizor|55/100 brn
|
|t:|1760865819
|switch|p1a: Mega skarm|Skarmory, F|91/100|[from] U-turn
|
|-heal|p1a: Mega skarm|97/100|[from] item: Leftovers
|-damage|p2a: Scizor|49/100 brn|[from] brn
|upkeep
|turn|20
|
|t:|1760865822
|move|p1a: Mega skarm|Swords Dance|p1a: Mega skarm
|-boost|p1a: Mega skarm|atk|2
|move|p2a: Scizor|Knock Off|p1a: Mega skarm
|-damage|p1a: Mega skarm|79/100
|-ability|p1a: Mega skarm|Weak Armor|boost
|-unboost|p1a: Mega skarm|def|1
|-boost|p1a: Mega skarm|spe|2
|-enditem|p1a: Mega skarm|Leftovers|[from] move: Knock Off|[of] p2a: Scizor
|
|-damage|p2a: Scizor|43/100 brn|[from] brn
|upkeep
|turn|21
|
|t:|1760865832
|move|p1a: Mega skarm|Brave Bird|p2a: Scizor
|-damage|p2a: Scizor|0 fnt
|faint|p2a: Scizor
|-damage|p1a: Mega skarm|61/100|[from] Recoil
|
|upkeep
|
|t:|1760865835
|switch|p2a: Dragonite|Dragonite, M|100/100
|turn|22
|c|☆splogop|mwahaha
|
|t:|1760865839
|move|p1a: Mega skarm|Brave Bird|p2a: Dragonite
|-damage|p2a: Dragonite|57/100
|-damage|p1a: Mega skarm|41/100|[from] Recoil
|move|p2a: Dragonite|Dragon Tail|p1a: Mega skarm
|-resisted|p1a: Mega skarm
|-damage|p1a: Mega skarm|16/100
|-ability|p1a: Mega skarm|Weak Armor|boost
|-unboost|p1a: Mega skarm|def|1
|-boost|p1a: Mega skarm|spe|2
|drag|p1a: Weezing|Weezing-Galar, F|100/100
|-ability|p1a: Weezing|Neutralizing Gas
|
|upkeep
|turn|23
|
|t:|1760865861
|switch|p2a: Thundurus|Thundurus-Therian, M|16/100 brn
|-end|p1a: Weezing|ability: Neutralizing Gas
|switch|p1a: Landorus|Landorus-Therian, M|93/100
|-ability|p1a: Landorus|Intimidate|boost
|-unboost|p2a: Thundurus|atk|1
|
|-damage|p2a: Thundurus|10/100 brn|[from] brn
|upkeep
|turn|24
|
|t:|1760865866
|move|p1a: Landorus|U-turn|p2a: Thundurus
|-resisted|p2a: Thundurus
|-damage|p2a: Thundurus|0 fnt
|faint|p2a: Thundurus
|
|t:|1760865873
|switch|p1a: Mega skarm|Skarmory, F|16/100|[from] U-turn
|
|upkeep
|
|t:|1760865875
|switch|p2a: Ogerpon|Ogerpon-Wellspring, F|88/100
|-damage|p2a: Ogerpon|76/100|[from] Stealth Rock
|turn|25
|
|t:|1760865879
|move|p2a: Ogerpon|Ivy Cudgel|p1a: Mega skarm|[anim] Ivy Cudgel Water
|-damage|p1a: Mega skarm|0 fnt
|faint|p1a: Mega skarm
|
|upkeep
|
|t:|1760865882
|switch|p1a: Landorus|Landorus-Therian, M|93/100
|-ability|p1a: Landorus|Intimidate|boost
|-unboost|p2a: Ogerpon|atk|1
|turn|26
|
|t:|1760865886
|switch|p2a: Dragonite|Dragonite, M|57/100
|move|p1a: Landorus|U-turn|p2a: Dragonite
|-resisted|p2a: Dragonite
|-damage|p2a: Dragonite|44/100
|
|t:|1760865888
|switch|p1a: Weezing|Weezing-Galar, F|100/100|[from] U-turn
|-ability|p1a: Weezing|Neutralizing Gas
|
|upkeep
|turn|27
|
|t:|1760865896
|-terastallize|p1a: Weezing|Flying
|move|p2a: Dragonite|Roost|p2a: Dragonite
|-heal|p2a: Dragonite|94/100
|-singleturn|p2a: Dragonite|move: Roost
|move|p1a: Weezing|Sludge Bomb|p2a: Dragonite
|-damage|p2a: Dragonite|70/100
|
|upkeep
|turn|28
|
|t:|1760865903
|move|p2a: Dragonite|Extreme Speed|p1a: Weezing
|-damage|p1a: Weezing|79/100
|move|p1a: Weezing|Will-O-Wisp|p2a: Dragonite
|-status|p2a: Dragonite|brn
|
|-damage|p2a: Dragonite|63/100 brn|[from] brn
|upkeep
|turn|29
|
|t:|1760865907
|move|p2a: Dragonite|Roost|p2a: Dragonite
|-heal|p2a: Dragonite|100/100 brn
|-singleturn|p2a: Dragonite|move: Roost
|move|p1a: Weezing|Sludge Bomb|p2a: Dragonite
|-damage|p2a: Dragonite|76/100 brn
|
|-damage|p2a: Dragonite|69/100 brn|[from] brn
|upkeep
|turn|30
|
|t:|1760865913
|move|p1a: Weezing|Sludge Bomb|p2a: Dragonite
|-damage|p2a: Dragonite|45/100 brn
|move|p2a: Dragonite|Dragon Tail|p1a: Weezing
|-damage|p1a: Weezing|66/100
|-end|p1a: Weezing|ability: Neutralizing Gas
|drag|p1a: Landorus|Landorus-Therian, M|93/100
|-ability|p1a: Landorus|Intimidate|boost
|-unboost|p2a: Dragonite|atk|1
|
|-damage|p2a: Dragonite|38/100 brn|[from] brn
|upkeep
|turn|31
|
|t:|1760865922
|move|p1a: Landorus|Stone Edge|p2a: Dragonite
|-supereffective|p2a: Dragonite
|-damage|p2a: Dragonite|0 fnt
|faint|p2a: Dragonite
|
|upkeep
|
|t:|1760865924
|switch|p2a: Ogerpon|Ogerpon-Wellspring, F|76/100
|-damage|p2a: Ogerpon|64/100|[from] Stealth Rock
|turn|32
|
|t:|1760865927
|switch|p1a: Weezing|Weezing-Galar, F, tera:Flying|66/100
|-ability|p1a: Weezing|Neutralizing Gas
|move|p2a: Ogerpon|Ivy Cudgel|p1a: Weezing|[anim] Ivy Cudgel Water
|-damage|p1a: Weezing|26/100
|
|upkeep
|turn|33
|
|t:|1760865931
|move|p2a: Ogerpon|Ivy Cudgel|p1a: Weezing|[anim] Ivy Cudgel Water
|-damage|p1a: Weezing|0 fnt
|faint|p1a: Weezing
|-end|p1a: Weezing|ability: Neutralizing Gas
|
|upkeep
|
|t:|1760865933
|switch|p1a: Landorus|Landorus-Therian, M|93/100
|-ability|p1a: Landorus|Intimidate|boost
|-unboost|p2a: Ogerpon|atk|1
|turn|34
|
|t:|1760865935
|move|p1a: Landorus|U-turn|p2a: Ogerpon
|-supereffective|p2a: Ogerpon
|-crit|p2a: Ogerpon
|-damage|p2a: Ogerpon|0 fnt
|faint|p2a: Ogerpon
|
|win|splogop
|raw|splogop's rating: 1497 &rarr; <strong>1516</strong><br />(+19 for winning)
|raw|rippiplayer's rating: 1474 &rarr; <strong>1455</strong><br />(-19 for losing)
|c|☆rippiplayer|gg
|c|☆splogop|gg
|l|☆rippiplayer
|player|p2|
|l|☆splogop
|player|p1|
