|j|☆Kadeerkarim64
|j|☆xToinex
|t:|1760882434
|gametype|singles
|player|p1|Kadeerkarim64|iris-gen5bw2|1197
|player|p2|xToinex|101|1238
|gen|9
|tier|[Gen 9] OU
|rated|
|rule|HP Percentage Mod: HP is shown in percentages
|rule|Endless Battle Clause: Forcing endless battles is banned
|rule|Species Clause: Limit one of each Pokémon
|rule|OHKO Clause: OHKO moves are banned
|rule|Evasion Items Clause: Evasion items are banned
|rule|Evasion Moves Clause: Evasion moves are banned
|rule|Evasion Abilities Clause: Evasion abilities are banned
|rule|Sleep Moves Clause: Sleep-inducing moves are banned
|clearpoke
|poke|p1|Galvantula, M|
|poke|p1|Cinderace, M|
|poke|p1|Goodra, M|
|poke|p1|Blastoise, F|
|poke|p1|Donphan, F|
|poke|p1|Passimian, F|
|poke|p2|Meowscarada, M|
|poke|p2|Deoxys-Speed|
|poke|p2|Porygon2|
|poke|p2|Quaquaval, F|
|poke|p2|Serperior, F|
|poke|p2|Gliscor, M|
|teampreview
|
|t:|1760882465
|teamsize|p1|6
|teamsize|p2|6
|start
|switch|p1a: Goodra|Goodra, M|100/100
|switch|p2a: Porygon2|Porygon2|100/100
|turn|1
|
|t:|1760882471
|move|p1a: Goodra|Acid Spray|p2a: Porygon2
|-damage|p2a: Porygon2|92/100
|-unboost|p2a: Porygon2|spd|2
|move|p2a: Porygon2|Ice Beam|p1a: Goodra
|-supereffective|p1a: Goodra
|-damage|p1a: Goodra|41/100
|
|-heal|p1a: Goodra|47/100|[from] item: Leftovers
|upkeep
|turn|2
|
|t:|1760882481
|move|p1a: Goodra|Draco Meteor|p2a: Porygon2|[miss]
|-miss|p1a: Goodra|p2a: Porygon2
|move|p2a: Porygon2|Ice Beam|p1a: Goodra
|-supereffective|p1a: Goodra
|-damage|p1a: Goodra|0 fnt
|faint|p1a: Goodra
|
|upkeep
|
|t:|1760882492
|switch|p1a: Blastoise|Blastoise, F|100/100
|turn|3
|
|t:|1760882499
|switch|p2a: Serperior|Serperior, F|100/100
|-terastallize|p1a: Blastoise|Electric
|move|p1a: Blastoise|Shell Smash|p1a: Blastoise
|-unboost|p1a: Blastoise|def|1
|-unboost|p1a: Blastoise|spd|1
|-boost|p1a: Blastoise|atk|2
|-boost|p1a: Blastoise|spa|2
|-boost|p1a: Blastoise|spe|2
|-enditem|p1a: Blastoise|White Herb
|-clearnegativeboost|p1a: Blastoise|[silent]
|
|upkeep
|turn|4
|
|t:|1760882511
|move|p1a: Blastoise|Ice Beam|p2a: Serperior
|-supereffective|p2a: Serperior
|-damage|p2a: Serperior|0 fnt
|faint|p2a: Serperior
|
|upkeep
|
|t:|1760882514
|switch|p2a: Gliscor|Gliscor, M|100/100
|turn|5
|
|t:|1760882520
|move|p1a: Blastoise|Ice Beam|p2a: Gliscor
|-supereffective|p2a: Gliscor
|-damage|p2a: Gliscor|0 fnt
|faint|p2a: Gliscor
|
|upkeep
|
|t:|1760882532
|switch|p2a: Quaquaval|Quaquaval, F|100/100
|turn|6
|
|t:|1760882535
|move|p1a: Blastoise|Tera Blast|p2a: Quaquaval|[anim] Tera Blast Electric
|-supereffective|p2a: Quaquaval
|-damage|p2a: Quaquaval|0 fnt
|faint|p2a: Quaquaval
|
|upkeep
|
|t:|1760882537
|switch|p2a: Deoxys|Deoxys-Speed|100/100
|-ability|p2a: Deoxys|Pressure
|turn|7
|
|t:|1760882545
|move|p1a: Blastoise|Tera Blast|p2a: Deoxys|[anim] Tera Blast Electric
|-damage|p2a: Deoxys|0 fnt
|faint|p2a: Deoxys
|
|upkeep
|
|t:|1760882547
|switch|p2a: Porygon2|Porygon2|92/100
|turn|8
|
|t:|1760882552
|move|p1a: Blastoise|Tera Blast|p2a: Porygon2|[anim] Tera Blast Electric
|-damage|p2a: Porygon2|51/100
|move|p2a: Porygon2|Tera Blast|p1a: Blastoise
|-damage|p1a: Blastoise|48/100
|
|upkeep
|turn|9
|
|t:|1760882559
|move|p1a: Blastoise|Tera Blast|p2a: Porygon2|[anim] Tera Blast Electric
|-damage|p2a: Porygon2|14/100
|move|p2a: Porygon2|Tera Blast|p1a: Blastoise
|-damage|p1a: Blastoise|0 fnt
|faint|p1a: Blastoise
|
|upkeep
|
|t:|1760882571
|switch|p1a: Cinderace|Cinderace, M|100/100
|turn|10
|
|t:|1760882574
|move|p1a: Cinderace|U-turn|p2a: Porygon2
|-start|p1a: Cinderace|typechange|Bug|[from] ability: Libero
|-damage|p2a: Porygon2|0 fnt
|faint|p2a: Porygon2
|
|t:|1760882580
|switch|p1a: Galvantula|Galvantula, M|100/100|[from] U-turn
|
|upkeep
|
|t:|1760882582
|switch|p2a: Meowscarada|Meowscarada, M|100/100
|turn|11
|
|t:|1760882590
|move|p2a: Meowscarada|Triple Axel|p1a: Galvantula
|-start|p2a: Meowscarada|typechange|Ice|[from] ability: Protean
|-damage|p1a: Galvantula|84/100
|-damage|p1a: Galvantula|51/100
|-damage|p1a: Galvantula|0 fnt
|faint|p1a: Galvantula
|-hitcount|p1: Galvantula|3
|
|upkeep
|
|t:|1760882602
|switch|p1a: Donphan|Donphan, F|100/100
|turn|12
|
|t:|1760882606
|move|p2a: Meowscarada|Triple Axel|p1a: Donphan
|-supereffective|p1a: Donphan
|-damage|p1a: Donphan|88/100
|-damage|p2a: Meowscarada|84/100|[from] item: Rocky Helmet|[of] p1a: Donphan
|-supereffective|p1a: Donphan
|-damage|p1a: Donphan|63/100
|-damage|p2a: Meowscarada|68/100|[from] item: Rocky Helmet|[of] p1a: Donphan
|-supereffective|p1a: Donphan
|-damage|p1a: Donphan|21/100
|-damage|p2a: Meowscarada|51/100|[from] item: Rocky Helmet|[of] p1a: Donphan
|-hitcount|p1a: Donphan|3
|move|p1a: Donphan|Earthquake|p2a: Meowscarada
|-damage|p2a: Meowscarada|0 fnt
|faint|p2a: Meowscarada
|
|win|Kadeerkarim64
|raw|Kadeerkarim64's rating: 1197 &rarr; <strong>1225</strong><br />(+28 for winning)
|raw|xToinex's rating: 1238 &rarr; <strong>1210</strong><br />(-28 for losing)
|l|☆xToinex
|player|p2|
|l|☆Kadeerkarim64
|player|p1|
