|j|☆reylly
|j|☆Lunarya
|t:|1760884338
|gametype|singles
|player|p1|reylly|clair|1141
|player|p2|Lunarya|cynthia-gen4|1216
|gen|9
|tier|[Gen 9] OU
|rated|
|rule|HP Percentage Mod: HP is shown in percentages
|rule|Endless Battle Clause: Forcing endless battles is banned
|rule|Species Clause: Limit one of each Pokémon
|rule|OHKO Clause: OHKO moves are banned
|rule|Evasion Items Clause: Evasion items are banned
|rule|Evasion Moves Clause: Evasion moves are banned
|rule|Evasion Abilities Clause: Evasion abilities are banned
|rule|Sleep Moves Clause: Sleep-inducing moves are banned
|clearpoke
|poke|p1|Glimmora, M|
|poke|p1|Minior|
|poke|p1|Ceruledge, F|
|poke|p1|Iron Crown|
|poke|p1|Kingambit, M|
|poke|p1|Scizor, M|
|poke|p2|Vaporeon, F|
|poke|p2|Typhlosion, F|
|poke|p2|Thundurus-Therian, M|
|poke|p2|Tinkaton, F|
|poke|p2|Zoroark-Hisui, F|
|poke|p2|Ting-Lu|
|teampreview
|inactive|Battle timer is ON: inactive players will automatically lose when time's up. (requested by reylly)
|
|t:|1760884359
|teamsize|p1|6
|teamsize|p2|6
|start
|switch|p1a: Minior|Minior, shiny|100/100
|switch|p2a: Ting-Lu|Ting-Lu|100/100
|-ability|p2a: Ting-Lu|Vessel of Ruin
|-formechange|p1a: Minior|Minior-Meteor||[from] ability: Shields Down
|turn|1
|
|t:|1760884364
|move|p1a: Minior|Substitute|p1a: Minior
|-start|p1a: Minior|Substitute
|-damage|p1a: Minior|75/100
|move|p2a: Ting-Lu|Stealth Rock|p1a: Minior
|-sidestart|p1: reylly|move: Stealth Rock
|
|upkeep
|turn|2
|
|t:|1760884371
|move|p1a: Minior|Shell Smash|p1a: Minior
|-unboost|p1a: Minior|def|1
|-unboost|p1a: Minior|spd|1
|-boost|p1a: Minior|atk|2
|-boost|p1a: Minior|spa|2
|-boost|p1a: Minior|spe|2
|-enditem|p1a: Minior|White Herb
|-clearnegativeboost|p1a: Minior|[silent]
|move|p2a: Ting-Lu|Ruination|p1a: Minior
|-end|p1a: Minior|Substitute
|
|upkeep
|turn|3
|
|t:|1760884383
|move|p1a: Minior|Substitute|p1a: Minior
|-start|p1a: Minior|Substitute
|-damage|p1a: Minior|50/100
|move|p2a: Ting-Lu|Ruination|p1a: Minior
|-end|p1a: Minior|Substitute
|
|-formechange|p1a: Minior|Minior||[from] ability: Shields Down
|upkeep
|turn|4
|
|t:|1760884398
|move|p1a: Minior|Acrobatics|p2a: Ting-Lu
|-damage|p2a: Ting-Lu|48/100
|move|p2a: Ting-Lu|Throat Chop|p1a: Minior
|-damage|p1a: Minior|0 fnt
|faint|p1a: Minior
|
|-heal|p2a: Ting-Lu|54/100|[from] item: Leftovers
|upkeep
|
|t:|1760884408
|switch|p1a: Glimmora|Glimmora, M, shiny|100/100
|-damage|p1a: Glimmora|88/100|[from] Stealth Rock
|turn|5
|
|t:|1760884414
|move|p1a: Glimmora|Meteor Beam||[still]
|-prepare|p1a: Glimmora|Meteor Beam
|-boost|p1a: Glimmora|spa|1
|-enditem|p1a: Glimmora|Power Herb
|-anim|p1a: Glimmora|Meteor Beam|p2a: Ting-Lu
|-resisted|p2a: Ting-Lu
|-damage|p2a: Ting-Lu|30/100
|move|p2a: Ting-Lu|Earthquake|p1a: Glimmora
|-supereffective|p1a: Glimmora
|-crit|p1a: Glimmora
|-damage|p1a: Glimmora|0 fnt
|-activate|p1a: Glimmora|ability: Toxic Debris
|-sidestart|p2: Lunarya|move: Toxic Spikes
|faint|p1a: Glimmora
|
|-heal|p2a: Ting-Lu|36/100|[from] item: Leftovers
|upkeep
|
|t:|1760884422
|switch|p1a: Scizor|Scizor, M|100/100
|-damage|p1a: Scizor|88/100|[from] Stealth Rock
|turn|6
|
|t:|1760884433
|move|p1a: Scizor|Defog|p2a: Ting-Lu
|-unboost|p2a: Ting-Lu|evasion|1
|-sideend|p2: Lunarya|Toxic Spikes|[from] move: Defog|[of] p1a: Scizor
|-sideend|p1: reylly|Stealth Rock|[from] move: Defog|[of] p1a: Scizor
|move|p2a: Ting-Lu|Ruination|p1a: Scizor
|-damage|p1a: Scizor|45/100
|-enditem|p1a: Scizor|Sitrus Berry|[eat]
|-heal|p1a: Scizor|69/100|[from] item: Sitrus Berry
|
|-heal|p2a: Ting-Lu|42/100|[from] item: Leftovers
|upkeep
|turn|7
|
|t:|1760884443
|move|p1a: Scizor|U-turn|p2a: Ting-Lu
|-supereffective|p2a: Ting-Lu
|-damage|p2a: Ting-Lu|0 fnt
|faint|p2a: Ting-Lu
|
|t:|1760884452
|switch|p1a: Iron Crown|Iron Crown|100/100|[from] U-turn
|
|upkeep
|
|t:|1760884461
|switch|p2a: Typhlosion|Typhlosion, F|100/100
|turn|8
|
|t:|1760884476
|move|p2a: Typhlosion|Eruption|p1a: Iron Crown
|-supereffective|p1a: Iron Crown
|-damage|p1a: Iron Crown|0 fnt
|faint|p1a: Iron Crown
|-end|p1a: Iron Crown|Quark Drive|[silent]
|
|upkeep
|
|t:|1760884481
|switch|p1a: Ceruledge|Ceruledge, F, shiny|100/100
|turn|9
|
|t:|1760884485
|switch|p2a: Vaporeon|Vaporeon, F|100/100
|move|p1a: Ceruledge|Swords Dance|p1a: Ceruledge
|-boost|p1a: Ceruledge|atk|2
|
|upkeep
|turn|10
|
|t:|1760884489
|move|p1a: Ceruledge|Swords Dance|p1a: Ceruledge
|-boost|p1a: Ceruledge|atk|2
|move|p2a: Vaporeon|Haze|p2a: Vaporeon
|-clearallboost
|
|upkeep
|turn|11
|
|t:|1760884498
|-terastallize|p1a: Ceruledge|Ghost
|move|p1a: Ceruledge|Poltergeist|p2a: Vaporeon
|-activate|p2a: Vaporeon|move: Poltergeist|Leftovers
|-damage|p2a: Vaporeon|35/100
|move|p2a: Vaporeon|Scald|p1a: Ceruledge
|-damage|p1a: Ceruledge|60/100
|
|-heal|p2a: Vaporeon|42/100|[from] item: Leftovers
|upkeep
|turn|12
|
|t:|1760884517
|move|p1a: Ceruledge|Swords Dance|p1a: Ceruledge
|-boost|p1a: Ceruledge|atk|2
|move|p2a: Vaporeon|Wish|p2a: Vaporeon
|
|-heal|p2a: Vaporeon|48/100|[from] item: Leftovers
|upkeep
|turn|13
|
|t:|1760884533
|move|p1a: Ceruledge|Poltergeist|p2a: Vaporeon
|-activate|p2a: Vaporeon|move: Poltergeist|Leftovers
|-damage|p2a: Vaporeon|0 fnt
|faint|p2a: Vaporeon
|
|upkeep
|
|t:|1760884544
|switch|p2a: Typhlosion|Typhlosion, F|100/100
|turn|14
|
|t:|1760884552
|move|p1a: Ceruledge|Shadow Sneak|p2a: Typhlosion
|-damage|p2a: Typhlosion|22/100
|move|p2a: Typhlosion|Eruption|p1a: Ceruledge
|-damage|p1a: Ceruledge|41/100
|
|upkeep
|turn|15
|
|t:|1760884564
|switch|p2a: Tinkaton|Tinkaton, F|100/100
|-ability|p2a: Tinkaton|Mold Breaker
|move|p1a: Ceruledge|Shadow Sneak|p2a: Tinkaton
|-damage|p2a: Tinkaton|23/100
|-damage|p1a: Ceruledge|24/100|[from] item: Rocky Helmet|[of] p2a: Tinkaton
|
|upkeep
|turn|16
|
|t:|1760884574
|switch|p2a: Tinkaton|Tinkaton, F|100/100
|move|p1a: Ceruledge|Shadow Sneak|p2a: Tinkaton
|-immune|p2a: Tinkaton
|
|upkeep
|turn|17
|
|t:|1760884585
|move|p2a: Tinkaton|Bitter Malice|p1a: Ceruledge
|-supereffective|p1a: Ceruledge
|-crit|p1a: Ceruledge
|-damage|p1a: Ceruledge|0 fnt
|faint|p1a: Ceruledge
|
|upkeep
|
|t:|1760884591
|switch|p1a: Scizor|Scizor, M|69/100
|turn|18
|
|t:|1760884594
|move|p2a: Tinkaton|Flamethrower|p1a: Scizor
|-supereffective|p1a: Scizor
|-damage|p1a: Scizor|0 fnt
|faint|p1a: Scizor
|
|upkeep
|
|t:|1760884596
|switch|p1a: Kingambit|Kingambit, M, shiny|100/100
|-activate|p1a: Kingambit|ability: Supreme Overlord
|-start|p1a: Kingambit|fallen5|[silent]
|turn|19
|
|t:|1760884629
|move|p2a: Tinkaton|Flamethrower|p1a: Kingambit
|-supereffective|p1a: Kingambit
|-damage|p1a: Kingambit|31/100
|move|p1a: Kingambit|Swords Dance|p1a: Kingambit
|-boost|p1a: Kingambit|atk|2
|
|-heal|p1a: Kingambit|37/100|[from] item: Leftovers
|upkeep
|turn|20
|
|t:|1760884638
|move|p1a: Kingambit|Sucker Punch|p2a: Tinkaton
|-supereffective|p2a: Tinkaton
|-crit|p2a: Tinkaton
|-damage|p2a: Tinkaton|0 fnt
|replace|p2a: Zoroark|Zoroark-Hisui, F
|-end|p2a: Zoroark|Illusion
|faint|p2a: Zoroark
|
|-heal|p1a: Kingambit|43/100|[from] item: Leftovers
|upkeep
|
|t:|1760884648
|switch|p2a: Tinkaton|Tinkaton, F|23/100
|-ability|p2a: Tinkaton|Mold Breaker
|turn|21
|
|t:|1760884664
|-terastallize|p2a: Tinkaton|Fairy
|move|p1a: Kingambit|Sucker Punch|p2a: Tinkaton
|-resisted|p2a: Tinkaton
|-damage|p2a: Tinkaton|0 fnt
|-damage|p1a: Kingambit|27/100|[from] item: Rocky Helmet|[of] p2a: Tinkaton
|faint|p2a: Tinkaton
|
|-heal|p1a: Kingambit|33/100|[from] item: Leftovers
|upkeep
|
|t:|1760884668
|switch|p2a: Thundurus|Thundurus-Therian, M|100/100
|turn|22
|
|t:|1760884679
|move|p1a: Kingambit|Sucker Punch|p2a: Thundurus
|-damage|p2a: Thundurus|0 fnt
|faint|p2a: Thundurus
|
|-heal|p1a: Kingambit|39/100|[from] item: Leftovers
|upkeep
|
|t:|1760884681
|switch|p2a: Typhlosion|Typhlosion, F|22/100
|turn|23
|c|☆Lunarya|gg
|c|☆Lunarya|you win
|
|t:|1760884692
|move|p1a: Kingambit|Sucker Punch|p2a: Typhlosion
|-damage|p2a: Typhlosion|0 fnt
|faint|p2a: Typhlosion
|
|win|reylly
|raw|reylly's rating: 1141 &rarr; <strong>1171</strong><br />(+30 for winning)
|raw|Lunarya's rating: 1216 &rarr; <strong>1186</strong><br />(-30 for losing)
|l|☆Lunarya
|player|p2|
|l|☆reylly
|player|p1|
