|j|☆LeGrandRedji
|j|☆neonlikeburritos
|t:|1760784484
|gametype|singles
|player|p1|LeGrandRedji|265|1369
|player|p2|neonlikeburritos|hilbert|1309
|gen|9
|tier|[Gen 9] OU
|rated|
|rule|HP Percentage Mod: HP is shown in percentages
|rule|Endless Battle Clause: Forcing endless battles is banned
|rule|Species Clause: Limit one of each Pokémon
|rule|OHKO Clause: OHKO moves are banned
|rule|Evasion Items Clause: Evasion items are banned
|rule|Evasion Moves Clause: Evasion moves are banned
|rule|Evasion Abilities Clause: Evasion abilities are banned
|rule|Sleep Moves Clause: Sleep-inducing moves are banned
|clearpoke
|poke|p1|Iron Crown|
|poke|p1|Samurott-Hisui, F|
|poke|p1|Zapdos|
|poke|p1|Dragapult, M|
|poke|p1|Great Tusk|
|poke|p1|Iron Boulder|
|poke|p2|Scizor, F|
|poke|p2|Blaziken, M|
|poke|p2|Decidueye, M|
|poke|p2|Primarina, M|
|poke|p2|Latios, M|
|poke|p2|Galvantula, M|
|teampreview
|inactive|Battle timer is ON: inactive players will automatically lose when time's up. (requested by neonlikeburritos)
|
|t:|1760784510
|teamsize|p1|6
|teamsize|p2|6
|start
|switch|p1a: Revery|Iron Boulder|100/100
|switch|p2a: Basil|Decidueye, M|100/100
|-enditem|p1a: Revery|Booster Energy
|-activate|p1a: Revery|ability: Quark Drive|[fromitem]
|-start|p1a: Revery|quarkdrivespe
|turn|1
|
|t:|1760784521
|-end|p1a: Revery|Quark Drive|[silent]
|switch|p1a: Hurikan|Zapdos|100/100
|move|p2a: Basil|Spirit Shackle|p1a: Hurikan
|-damage|p1a: Hurikan|66/100
|-activate|p1a: Hurikan|trapped
|
|upkeep
|turn|2
|
|t:|1760784545
|switch|p2a: Cream Soda|Primarina, M|100/100
|move|p1a: Hurikan|Hurricane|p2a: Cream Soda
|-damage|p2a: Cream Soda|72/100
|
|upkeep
|turn|3
|
|t:|1760784558
|switch|p2a: Latios|Latios, M|100/100
|move|p1a: Hurikan|Discharge|p2a: Latios
|-resisted|p2a: Latios
|-damage|p2a: Latios|82/100
|-status|p2a: Latios|par
|
|upkeep
|turn|4
|
|t:|1760784575
|move|p1a: Hurikan|Roost|p1a: Hurikan
|-heal|p1a: Hurikan|100/100
|-singleturn|p1a: Hurikan|move: Roost
|move|p2a: Latios|Draco Meteor|p1a: Hurikan
|-damage|p1a: Hurikan|14/100
|-unboost|p2a: Latios|spa|2
|
|upkeep
|turn|5
|
|t:|1760784586
|move|p1a: Hurikan|Roost|p1a: Hurikan
|-heal|p1a: Hurikan|64/100
|-singleturn|p1a: Hurikan|move: Roost
|move|p2a: Latios|Psychic Noise|p1a: Hurikan
|-damage|p1a: Hurikan|37/100
|-start|p1a: Hurikan|move: Heal Block
|
|upkeep
|turn|6
|inactive|neonlikeburritos has 120 seconds left.
|
|t:|1760784606
|switch|p2a: Herbata|Scizor, F, shiny|100/100
|move|p1a: Hurikan|U-turn|p2a: Herbata
|-resisted|p2a: Herbata
|-damage|p2a: Herbata|92/100
|inactive|LeGrandRedji has 120 seconds left.
|inactive|LeGrandRedji has 90 seconds left.
|inactive|LeGrandRedji has 60 seconds left.
|
|t:|1760784702
|switch|p1a: Everytime We Touch|Samurott-Hisui, F, shiny|100/100|[from] U-turn
|
|upkeep
|turn|7
|inactive|neonlikeburritos has 120 seconds left.
|inactive|neonlikeburritos has 90 seconds left.
|
|t:|1760784750
|move|p1a: Everytime We Touch|Ceaseless Edge|p2a: Herbata
|-damage|p2a: Herbata|46/100
|-sidestart|p2: neonlikeburritos|Spikes
|move|p2a: Herbata|U-turn|p1a: Everytime We Touch
|-supereffective|p1a: Everytime We Touch
|-damage|p1a: Everytime We Touch|0 fnt
|faint|p1a: Everytime We Touch
|inactive|neonlikeburritos has 90 seconds left.
|
|t:|1760784766
|switch|p2a: Tabasco|Blaziken, M|100/100|[from] U-turn
|-damage|p2a: Tabasco|88/100|[from] Spikes
|
|upkeep
|
|t:|1760784782
|switch|p1a: Revery|Iron Boulder|100/100
|turn|8
|inactive|neonlikeburritos has 90 seconds left.
|
|t:|1760784791
|move|p2a: Tabasco|Protect|p2a: Tabasco
|-singleturn|p2a: Tabasco|Protect
|move|p1a: Revery|Mighty Cleave|p2a: Tabasco
|-damage|p2a: Tabasco|13/100
|
|-ability|p2a: Tabasco|Speed Boost|boost
|-boost|p2a: Tabasco|spe|1
|upkeep
|turn|9
|inactive|neonlikeburritos has 90 seconds left.
|c|☆neonlikeburritos|!data mighty cleave
|c| neonlikeburritos|/raw <ul class="utilichart"><li class="result"><span class="col movenamecol"><a href="https://dex.pokemonshowdown.com/moves/mightycleave">Mighty Cleave</a></span> <span class="col typecol"><img src="//play.pokemonshowdown.com/sprites/types/Rock.png" alt="Rock" width="32" height="14"><img src="//play.pokemonshowdown.com/sprites/categories/Physical.png" alt="Physical" width="32" height="14"></span> <span class="col labelcol"><em>Power</em><br>95</span> <span class="col widelabelcol"><em>Accuracy</em><br>100%</span> <span class="col pplabelcol"><em>PP</em><br>8</span> <span class="col movedesccol">Bypasses protection without breaking it.</span> </li><li style="clear:both"></li></ul>

|
|t:|1760784816
|move|p2a: Tabasco|Close Combat|p1a: Revery
|-damage|p1a: Revery|0 fnt
|-unboost|p2a: Tabasco|def|1
|-unboost|p2a: Tabasco|spd|1
|faint|p1a: Revery
|-end|p1a: Revery|Quark Drive|[silent]
|-damage|p2a: Tabasco|3/100|[from] item: Life Orb
|
|-ability|p2a: Tabasco|Speed Boost|boost
|-boost|p2a: Tabasco|spe|1
|upkeep
|
|t:|1760784821
|switch|p1a: Parasite|Dragapult, M|100/100
|turn|10
|inactive|neonlikeburritos has 90 seconds left.
|
|t:|1760784833
|move|p1a: Parasite|Sucker Punch|p2a: Tabasco
|-resisted|p2a: Tabasco
|-damage|p2a: Tabasco|0 fnt
|faint|p2a: Tabasco
|
|upkeep
|inactive|neonlikeburritos has 60 seconds left.
|
|t:|1760784879
|switch|p2a: Lemon|Galvantula, M|100/100
|-damage|p2a: Lemon|88/100|[from] Spikes
|turn|11
|
|t:|1760784895
|switch|p1a: Hurikan|Zapdos|37/100
|switch|p2a: Cream Soda|Primarina, M|72/100
|-damage|p2a: Cream Soda|60/100|[from] Spikes
|
|upkeep
|turn|12
|
|t:|1760784901
|-terastallize|p2a: Cream Soda|Poison
|move|p1a: Hurikan|Roost|p1a: Hurikan
|-heal|p1a: Hurikan|87/100
|-singleturn|p1a: Hurikan|move: Roost
|move|p2a: Cream Soda|Moonblast|p1a: Hurikan
|-damage|p1a: Hurikan|37/100
|
|upkeep
|turn|13
|
|t:|1760784911
|move|p1a: Hurikan|U-turn|p2a: Cream Soda
|-resisted|p2a: Cream Soda
|-damage|p2a: Cream Soda|50/100
|
|t:|1760784913
|switch|p1a: Mindreader|Iron Crown|100/100|[from] U-turn
|move|p2a: Cream Soda|Psychic Noise|p1a: Mindreader
|-resisted|p1a: Mindreader
|-damage|p1a: Mindreader|94/100
|-start|p1a: Mindreader|move: Heal Block
|
|upkeep
|turn|14
|inactive|neonlikeburritos has 60 seconds left.
|
|t:|1760784927
|move|p1a: Mindreader|Psyshock|p2a: Cream Soda
|-supereffective|p2a: Cream Soda
|-damage|p2a: Cream Soda|0 fnt
|faint|p2a: Cream Soda
|
|-end|p1a: Mindreader|move: Heal Block
|upkeep
|
|t:|1760784935
|switch|p2a: Lemon|Galvantula, M|88/100
|-damage|p2a: Lemon|76/100|[from] Spikes
|turn|15
|inactive|LeGrandRedji has 120 seconds left.
|
|t:|1760784942
|move|p2a: Lemon|Sticky Web|p1a: Mindreader
|-sidestart|p1: LeGrandRedji|move: Sticky Web
|move|p1a: Mindreader|Psyshock|p2a: Lemon
|-damage|p2a: Lemon|0 fnt
|faint|p2a: Lemon
|
|upkeep
|inactive|neonlikeburritos has 60 seconds left.
|
|t:|1760784956
|switch|p2a: Basil|Decidueye, M|100/100
|-damage|p2a: Basil|88/100|[from] Spikes
|turn|16
|
|t:|1760784960
|move|p2a: Basil|Shadow Sneak|p1a: Mindreader
|-supereffective|p1a: Mindreader
|-damage|p1a: Mindreader|41/100
|move|p1a: Mindreader|Psyshock|p2a: Basil
|-damage|p2a: Basil|1/100
|
|upkeep
|turn|17
|
|t:|1760784977
|move|p2a: Basil|Shadow Sneak|p1a: Mindreader
|-supereffective|p1a: Mindreader
|-damage|p1a: Mindreader|0 fnt
|faint|p1a: Mindreader
|-end|p1a: Mindreader|Quark Drive|[silent]
|
|upkeep
|
|t:|1760784980
|switch|p1a: Hurikan|Zapdos|37/100
|turn|18
|
|t:|1760784984
|move|p2a: Basil|Shadow Sneak|p1a: Hurikan
|-damage|p1a: Hurikan|19/100
|move|p1a: Hurikan|Roost|p1a: Hurikan
|-heal|p1a: Hurikan|69/100
|-singleturn|p1a: Hurikan|move: Roost
|
|upkeep
|turn|19
|
|t:|1760784990
|move|p1a: Hurikan|Discharge|p2a: Basil
|-resisted|p2a: Basil
|-damage|p2a: Basil|0 fnt
|faint|p2a: Basil
|
|upkeep
|
|t:|1760784995
|switch|p2a: Herbata|Scizor, F, shiny|46/100
|-damage|p2a: Herbata|34/100|[from] Spikes
|turn|20
|
|t:|1760784998
|move|p2a: Herbata|Bullet Punch|p1a: Hurikan
|-resisted|p1a: Hurikan
|-damage|p1a: Hurikan|51/100
|-status|p2a: Herbata|par|[from] ability: Static|[of] p1a: Hurikan
|move|p1a: Hurikan|Hurricane|p2a: Herbata
|-damage|p2a: Herbata|0 fnt
|faint|p2a: Herbata
|
|upkeep
|
|t:|1760785004
|switch|p2a: Latios|Latios, M|82/100 par
|turn|21
|
|t:|1760785008
|move|p1a: Hurikan|Hurricane|p2a: Latios
|-damage|p2a: Latios|35/100 par
|move|p2a: Latios|Calm Mind|p2a: Latios
|-boost|p2a: Latios|spa|1
|-boost|p2a: Latios|spd|1
|
|upkeep
|turn|22
|
|t:|1760785014
|move|p1a: Hurikan|Hurricane|p2a: Latios
|-damage|p2a: Latios|6/100 par
|move|p2a: Latios|Recover|p2a: Latios
|-heal|p2a: Latios|56/100 par
|
|upkeep
|turn|23
|
|t:|1760785019
|move|p1a: Hurikan|Hurricane|p2a: Latios|[miss]
|-miss|p1a: Hurikan|p2a: Latios
|cant|p2a: Latios|par
|
|upkeep
|turn|24
|
|t:|1760785023
|move|p1a: Hurikan|Hurricane|p2a: Latios
|-damage|p2a: Latios|27/100 par
|-start|p2a: Latios|confusion
|-activate|p2a: Latios|confusion
|-damage|p2a: Latios|18/100 par|[from] confusion
|
|upkeep
|turn|25
|
|t:|1760785028
|switch|p1a: Parasite|Dragapult, M|100/100
|-activate|p1a: Parasite|move: Sticky Web
|-fail|p1a: Parasite|unboost|[from] ability: Clear Body|[of] p1a: Parasite
|-activate|p2a: Latios|confusion
|-damage|p2a: Latios|8/100 par|[from] confusion
|
|upkeep
|turn|26
|
|t:|1760785040
|move|p1a: Parasite|Tera Blast|p2a: Latios
|-damage|p2a: Latios|0 fnt
|faint|p2a: Latios
|
|win|LeGrandRedji
|raw|LeGrandRedji's rating: 1369 &rarr; <strong>1386</strong><br />(+17 for winning)
|raw|neonlikeburritos's rating: 1309 &rarr; <strong>1292</strong><br />(-17 for losing)
|l|☆neonlikeburritos
|player|p2|
