|j|☆Perola Pe
|j|☆delete tera
|t:|1760883113
|gametype|singles
|player|p1|Perola Pe|dawn|1454
|player|p2|delete tera|swimmer|1525
|gen|9
|tier|[Gen 9] OU
|rated|
|rule|HP Percentage Mod: HP is shown in percentages
|rule|Endless Battle Clause: Forcing endless battles is banned
|rule|Species Clause: Limit one of each Pokémon
|rule|OHKO Clause: OHKO moves are banned
|rule|Evasion Items Clause: Evasion items are banned
|rule|Evasion Moves Clause: Evasion moves are banned
|rule|Evasion Abilities Clause: Evasion abilities are banned
|rule|Sleep Moves Clause: Sleep-inducing moves are banned
|clearpoke
|poke|p1|Raging Bolt|
|poke|p1|Primarina, F|
|poke|p1|Heatran, M|
|poke|p1|Enamorus, F|
|poke|p1|Cinderace, M|
|poke|p1|Zamazenta-*|
|poke|p2|Garchomp, F|
|poke|p2|Zamazenta-*|
|poke|p2|Iron Hands|
|poke|p2|Dragonite, F|
|poke|p2|Iron Valiant|
|poke|p2|Salazzle, F|
|teampreview
|inactive|Battle timer is ON: inactive players will automatically lose when time's up. (requested by delete tera)
|inactive|Perola Pe has 120 seconds left.
|inactive|Perola Pe has 90 seconds left.
|
|t:|1760883187
|teamsize|p1|6
|teamsize|p2|6
|start
|switch|p1a: Zamazenta|Zamazenta|100/100
|switch|p2a: Salazzle|Salazzle, F, shiny|100/100
|-ability|p1a: Zamazenta|Dauntless Shield|boost
|-boost|p1a: Zamazenta|def|1
|turn|1
|
|t:|1760883206
|switch|p1a: Heatran|Heatran, M|100/100
|move|p2a: Salazzle|Toxic|p1a: Heatran
|-status|p1a: Heatran|tox
|
|-damage|p1a: Heatran|94/100 tox|[from] psn
|upkeep
|turn|2
|
|t:|1760883216
|switch|p2a: Dragonite|Dragonite, F|100/100
|move|p1a: Heatran|Stealth Rock|p2a: Dragonite
|-sidestart|p2: delete tera|move: Stealth Rock
|
|-heal|p1a: Heatran|100/100 tox|[from] item: Leftovers
|-damage|p1a: Heatran|88/100 tox|[from] psn
|upkeep
|turn|3
|
|t:|1760883222
|move|p1a: Heatran|Taunt|p2a: Dragonite
|-start|p2a: Dragonite|move: Taunt
|move|p2a: Dragonite|Earthquake|p1a: Heatran
|-supereffective|p1a: Heatran
|-damage|p1a: Heatran|0 fnt
|faint|p1a: Heatran
|
|upkeep
|
|t:|1760883248
|switch|p1a: Zamazenta|Zamazenta|100/100
|turn|4
|
|t:|1760883253
|-terastallize|p1a: Zamazenta|Ice
|move|p1a: Zamazenta|Tera Blast|p2a: Dragonite|[anim] Tera Blast Ice
|-supereffective|p2a: Dragonite
|-damage|p2a: Dragonite|0 fnt
|faint|p2a: Dragonite
|-damage|p1a: Zamazenta|91/100|[from] item: Life Orb
|
|upkeep
|
|t:|1760883260
|switch|p2a: Zamazenta|Zamazenta|100/100
|-damage|p2a: Zamazenta|94/100|[from] Stealth Rock
|-ability|p2a: Zamazenta|Dauntless Shield|boost
|-boost|p2a: Zamazenta|def|1
|turn|5
|
|t:|1760883271
|move|p1a: Zamazenta|Tera Blast|p2a: Zamazenta|[anim] Tera Blast Ice
|-damage|p2a: Zamazenta|69/100
|-damage|p1a: Zamazenta|81/100|[from] item: Life Orb
|move|p2a: Zamazenta|Roar|p1a: Zamazenta
|drag|p1a: Cinderace|Cinderace, M|100/100
|
|-heal|p2a: Zamazenta|75/100|[from] item: Leftovers
|upkeep
|turn|6
|
|t:|1760883278
|move|p2a: Zamazenta|Body Press|p1a: Cinderace
|-damage|p1a: Cinderace|31/100
|move|p1a: Cinderace|U-turn|p2a: Zamazenta
|-start|p1a: Cinderace|typechange|Bug|[from] ability: Libero
|-resisted|p2a: Zamazenta
|-damage|p2a: Zamazenta|67/100
|
|t:|1760883283
|switch|p1a: Raging Bolt|Raging Bolt|100/100|[from] U-turn
|
|-heal|p2a: Zamazenta|73/100|[from] item: Leftovers
|upkeep
|turn|7
|
|t:|1760883286
|move|p2a: Zamazenta|Body Press|p1a: Raging Bolt
|-damage|p1a: Raging Bolt|59/100
|move|p1a: Raging Bolt|Thunderbolt|p2a: Zamazenta
|-damage|p2a: Zamazenta|28/100
|
|-heal|p2a: Zamazenta|34/100|[from] item: Leftovers
|upkeep
|turn|8
|
|t:|1760883292
|move|p2a: Zamazenta|Body Press|p1a: Raging Bolt
|-damage|p1a: Raging Bolt|22/100
|move|p1a: Raging Bolt|Dragon Pulse|p2a: Zamazenta
|-damage|p2a: Zamazenta|0 fnt
|faint|p2a: Zamazenta
|
|upkeep
|
|t:|1760883302
|switch|p2a: Garchomp|Garchomp, F|100/100
|-damage|p2a: Garchomp|94/100|[from] Stealth Rock
|turn|9
|
|t:|1760883308
|move|p2a: Garchomp|Scale Shot|p1a: Raging Bolt|[miss]
|-miss|p2a: Garchomp|p1a: Raging Bolt
|move|p1a: Raging Bolt|Dragon Pulse|p2a: Garchomp
|-supereffective|p2a: Garchomp
|-damage|p2a: Garchomp|0 fnt
|faint|p2a: Garchomp
|
|upkeep
|
|t:|1760883315
|switch|p2a: Salazzle|Salazzle, F, shiny|100/100
|-damage|p2a: Salazzle|76/100|[from] Stealth Rock
|turn|10
|
|t:|1760883322
|move|p2a: Salazzle|Sludge Wave|p1a: Raging Bolt
|-damage|p1a: Raging Bolt|0 fnt
|faint|p1a: Raging Bolt
|-end|p1a: Raging Bolt|Protosynthesis|[silent]
|
|upkeep
|inactive|Perola Pe has 120 seconds left.
|
|t:|1760883355
|switch|p1a: Cinderace|Cinderace, M|31/100
|turn|11
|
|t:|1760883360
|move|p1a: Cinderace|Pyro Ball|p2a: Salazzle
|-resisted|p2a: Salazzle
|-damage|p2a: Salazzle|20/100
|move|p2a: Salazzle|Sludge Wave|p1a: Cinderace
|-damage|p1a: Cinderace|0 fnt
|faint|p1a: Cinderace
|
|upkeep
|
|t:|1760883367
|switch|p1a: Zamazenta|Zamazenta, tera:Ice|81/100
|turn|12
|
|t:|1760883371
|move|p1a: Zamazenta|Tera Blast|p2a: Salazzle|[anim] Tera Blast Ice
|-resisted|p2a: Salazzle
|-damage|p2a: Salazzle|0 fnt
|faint|p2a: Salazzle
|-damage|p1a: Zamazenta|71/100|[from] item: Life Orb
|
|upkeep
|
|t:|1760883379
|switch|p2a: Iron Valiant|Iron Valiant|100/100
|-damage|p2a: Iron Valiant|94/100|[from] Stealth Rock
|-enditem|p2a: Iron Valiant|Booster Energy
|-activate|p2a: Iron Valiant|ability: Quark Drive|[fromitem]
|-start|p2a: Iron Valiant|quarkdrivespe
|turn|13
|
|t:|1760883397
|move|p2a: Iron Valiant|Moonblast|p1a: Zamazenta
|-damage|p1a: Zamazenta|25/100
|move|p1a: Zamazenta|Tera Blast|p2a: Iron Valiant|[anim] Tera Blast Ice
|-damage|p2a: Iron Valiant|24/100
|-damage|p1a: Zamazenta|16/100|[from] item: Life Orb
|
|upkeep
|turn|14
|
|t:|1760883408
|move|p2a: Iron Valiant|Moonblast|p1a: Zamazenta
|-damage|p1a: Zamazenta|0 fnt
|faint|p1a: Zamazenta
|
|upkeep
|
|t:|1760883414
|switch|p1a: Primarina|Primarina, F|100/100
|turn|15
|
|t:|1760883425
|move|p2a: Iron Valiant|Moonblast|p1a: Primarina
|-damage|p1a: Primarina|56/100
|move|p1a: Primarina|Moonblast|p2a: Iron Valiant
|-supereffective|p2a: Iron Valiant
|-damage|p2a: Iron Valiant|0 fnt
|faint|p2a: Iron Valiant
|-end|p2a: Iron Valiant|Quark Drive|[silent]
|
|upkeep
|
|t:|1760883430
|switch|p2a: Iron Hands|Iron Hands|100/100
|-damage|p2a: Iron Hands|94/100|[from] Stealth Rock
|-enditem|p2a: Iron Hands|Booster Energy
|-activate|p2a: Iron Hands|ability: Quark Drive|[fromitem]
|-start|p2a: Iron Hands|quarkdriveatk
|turn|16
|
|t:|1760883437
|-terastallize|p2a: Iron Hands|Bug
|move|p1a: Primarina|Moonblast|p2a: Iron Hands
|-damage|p2a: Iron Hands|23/100
|-unboost|p2a: Iron Hands|spa|1
|move|p2a: Iron Hands|Thunder Punch|p1a: Primarina
|-supereffective|p1a: Primarina
|-damage|p1a: Primarina|0 fnt
|faint|p1a: Primarina
|
|upkeep
|
|t:|1760883445
|switch|p1a: Enamorus|Enamorus, F|100/100
|turn|17
|
|t:|1760883447
|move|p1a: Enamorus|Moonblast|p2a: Iron Hands
|-damage|p2a: Iron Hands|0 fnt
|faint|p2a: Iron Hands
|-end|p2a: Iron Hands|Quark Drive|[silent]
|
|win|Perola Pe
|raw|Perola Pe's rating: 1454 &rarr; <strong>1478</strong><br />(+24 for winning)
|raw|delete tera's rating: 1525 &rarr; <strong>1501</strong><br />(-24 for losing)
|l|☆delete tera
|player|p2|
|l|☆Perola Pe
|player|p1|
