|j|☆EleaRosea
|j|☆Bleud29
|t:|1760876439
|gametype|singles
|player|p1|EleaRosea|harmony|1101
|player|p2|Bleud29|2|1134
|gen|9
|tier|[Gen 9] OU
|rated|
|rule|HP Percentage Mod: HP is shown in percentages
|rule|Endless Battle Clause: Forcing endless battles is banned
|rule|Species Clause: Limit one of each Pokémon
|rule|OHKO Clause: OHKO moves are banned
|rule|Evasion Items Clause: Evasion items are banned
|rule|Evasion Moves Clause: Evasion moves are banned
|rule|Evasion Abilities Clause: Evasion abilities are banned
|rule|Sleep Moves Clause: Sleep-inducing moves are banned
|clearpoke
|poke|p1|Ogerpon, F|
|poke|p1|Gliscor, F|
|poke|p1|Heatran, M|
|poke|p1|Walking Wake|
|poke|p1|Tornadus-Therian, M|
|poke|p1|Kingambit, M|
|poke|p2|Kingdra, F|
|poke|p2|Vileplume, F|
|poke|p2|Charjabug, F|
|poke|p2|Thundurus, M|
|poke|p2|Toucannon, M|
|poke|p2|Tsareena, F|
|teampreview
|inactive|Battle timer is ON: inactive players will automatically lose when time's up. (requested by EleaRosea)
|
|t:|1760876456
|teamsize|p1|6
|teamsize|p2|6
|start
|switch|p1a: Tornadus|Tornadus-Therian, M|100/100
|switch|p2a: Charjabug|Charjabug, F|100/100
|turn|1
|
|t:|1760876466
|move|p1a: Tornadus|U-turn|p2a: Charjabug
|-damage|p2a: Charjabug|90/100
|
|t:|1760876469
|switch|p1a: Heatran|Heatran, M|100/100|[from] U-turn
|move|p2a: Charjabug|Sticky Web|p1a: Heatran
|-sidestart|p1: EleaRosea|move: Sticky Web
|
|upkeep
|turn|2
|
|t:|1760876478
|move|p1a: Heatran|Magma Storm|p2a: Charjabug
|-supereffective|p2a: Charjabug
|-damage|p2a: Charjabug|7/100
|-activate|p2a: Charjabug|move: Magma Storm|[of] p1a: Heatran
|move|p2a: Charjabug|Thunder Wave|p1a: Heatran
|-status|p1a: Heatran|par
|
|-damage|p2a: Charjabug|0 fnt|[from] move: Magma Storm|[partiallytrapped]
|faint|p2a: Charjabug
|upkeep
|inactive|Bleud29 has 120 seconds left.
|
|t:|1760876515
|switch|p2a: Kingdra|Kingdra, F|100/100
|turn|3
|inactive|Bleud29 has 120 seconds left.
|
|t:|1760876534
|switch|p1a: Tornadus|Tornadus-Therian, M|100/100
|move|p2a: Kingdra|Focus Energy|p2a: Kingdra
|-start|p2a: Kingdra|move: Focus Energy
|
|upkeep
|turn|4
|inactive|Bleud29 has 120 seconds left.
|
|t:|1760876545
|move|p1a: Tornadus|Bleakwind Storm|p2a: Kingdra
|-damage|p2a: Kingdra|51/100
|move|p2a: Kingdra|Scale Shot|p1a: Tornadus
|-damage|p1a: Tornadus|88/100
|-damage|p1a: Tornadus|75/100
|-crit|p1a: Tornadus
|-damage|p1a: Tornadus|55/100
|-damage|p1a: Tornadus|42/100
|-hitcount|p1a: Tornadus|4
|-unboost|p2a: Kingdra|def|1
|-boost|p2a: Kingdra|spe|1
|
|upkeep
|turn|5
|inactive|Bleud29 has 120 seconds left.
|
|t:|1760876561
|move|p2a: Kingdra|Scale Shot|p1a: Tornadus
|-crit|p1a: Tornadus
|-damage|p1a: Tornadus|24/100
|-crit|p1a: Tornadus
|-damage|p1a: Tornadus|3/100
|-damage|p1a: Tornadus|0 fnt
|faint|p1a: Tornadus
|-hitcount|p1: Tornadus|3
|-unboost|p2a: Kingdra|def|1
|-boost|p2a: Kingdra|spe|1
|
|upkeep
|inactive|EleaRosea has 120 seconds left.
|
|t:|1760876590
|switch|p1a: Gliscor|Gliscor, F|100/100
|turn|6
|
|t:|1760876595
|move|p2a: Kingdra|Liquidation|p1a: Gliscor
|-supereffective|p1a: Gliscor
|-damage|p1a: Gliscor|56/100
|move|p1a: Gliscor|Earthquake|p2a: Kingdra
|-damage|p2a: Kingdra|0 fnt
|faint|p2a: Kingdra
|
|-status|p1a: Gliscor|tox|[from] item: Toxic Orb
|upkeep
|inactive|Bleud29 has 120 seconds left.
|
|t:|1760876611
|switch|p2a: Tsareena|Tsareena, F|100/100
|turn|7
|
|t:|1760876620
|switch|p1a: Heatran|Heatran, M|100/100 par
|-activate|p1a: Heatran|move: Sticky Web
|-unboost|p1a: Heatran|spe|1
|move|p2a: Tsareena|Triple Axel|p1a: Heatran
|-resisted|p1a: Heatran
|-damage|p1a: Heatran|98/100 par
|-resisted|p1a: Heatran
|-damage|p1a: Heatran|94/100 par
|-resisted|p1a: Heatran
|-damage|p1a: Heatran|87/100 par
|-hitcount|p1a: Heatran|3
|
|-heal|p1a: Heatran|93/100 par|[from] item: Leftovers
|upkeep
|turn|8
|inactive|Bleud29 has 120 seconds left.
|
|t:|1760876641
|switch|p2a: Toucannon|Toucannon, M|100/100
|move|p1a: Heatran|Magma Storm|p2a: Toucannon|[miss]
|-miss|p1a: Heatran|p2a: Toucannon
|
|-heal|p1a: Heatran|99/100 par|[from] item: Leftovers
|upkeep
|turn|9
|inactive|Bleud29 has 120 seconds left.
|
|t:|1760876655
|move|p2a: Toucannon|Rock Blast|p1a: Heatran
|-damage|p1a: Heatran|92/100 par
|-damage|p1a: Heatran|85/100 par
|-damage|p1a: Heatran|77/100 par
|-damage|p1a: Heatran|70/100 par
|-damage|p1a: Heatran|63/100 par
|-hitcount|p1a: Heatran|5
|move|p1a: Heatran|Magma Storm|p2a: Toucannon
|-damage|p2a: Toucannon|57/100
|-activate|p2a: Toucannon|move: Magma Storm|[of] p1a: Heatran
|
|-heal|p1a: Heatran|69/100 par|[from] item: Leftovers
|-damage|p2a: Toucannon|45/100|[from] move: Magma Storm|[partiallytrapped]
|upkeep
|turn|10
|inactive|Bleud29 has 120 seconds left.
|
|t:|1760876669
|move|p2a: Toucannon|Rock Blast|p1a: Heatran
|-damage|p1a: Heatran|62/100 par
|-damage|p1a: Heatran|55/100 par
|-damage|p1a: Heatran|48/100 par
|-damage|p1a: Heatran|41/100 par
|-damage|p1a: Heatran|34/100 par
|-hitcount|p1a: Heatran|5
|move|p1a: Heatran|Stealth Rock|p2a: Toucannon
|-sidestart|p2: Bleud29|move: Stealth Rock
|
|-heal|p1a: Heatran|40/100 par|[from] item: Leftovers
|-damage|p2a: Toucannon|33/100|[from] move: Magma Storm|[partiallytrapped]
|upkeep
|turn|11
|inactive|Bleud29 has 120 seconds left.
|inactive|EleaRosea has 120 seconds left.
|
|t:|1760876707
|switch|p1a: Gliscor|Gliscor, F|56/100 tox
|move|p2a: Toucannon|Rock Blast|p1a: Gliscor
|-damage|p1a: Gliscor|50/100 tox
|-damage|p1a: Gliscor|45/100 tox
|-damage|p1a: Gliscor|39/100 tox
|-damage|p1a: Gliscor|34/100 tox
|-damage|p1a: Gliscor|29/100 tox
|-hitcount|p1a: Gliscor|5
|
|-heal|p1a: Gliscor|41/100 tox|[from] ability: Poison Heal
|-end|p2a: Toucannon|Magma Storm|[partiallytrapped]|[silent]
|upkeep
|turn|12
|inactive|EleaRosea has 120 seconds left.
|inactive|Bleud29 has 120 seconds left.
|
|t:|1760876729
|move|p1a: Gliscor|Protect|p1a: Gliscor
|-singleturn|p1a: Gliscor|Protect
|move|p2a: Toucannon|Flame Charge|p1a: Gliscor
|-activate|p1a: Gliscor|move: Protect
|
|-heal|p1a: Gliscor|54/100 tox|[from] ability: Poison Heal
|upkeep
|turn|13
|
|t:|1760876739
|move|p2a: Toucannon|Flame Charge|p1a: Gliscor
|-damage|p1a: Gliscor|44/100 tox
|-boost|p2a: Toucannon|spe|1
|move|p1a: Gliscor|Facade|p2a: Toucannon
|-damage|p2a: Toucannon|0 fnt
|faint|p2a: Toucannon
|
|-heal|p1a: Gliscor|56/100 tox|[from] ability: Poison Heal
|upkeep
|
|t:|1760876754
|switch|p2a: Tsareena|Tsareena, F|100/100
|-damage|p2a: Tsareena|88/100|[from] Stealth Rock
|turn|14
|
|t:|1760876764
|move|p1a: Gliscor|Protect|p1a: Gliscor
|-singleturn|p1a: Gliscor|Protect
|move|p2a: Tsareena|U-turn|p1a: Gliscor
|-activate|p1a: Gliscor|move: Protect
|
|-heal|p1a: Gliscor|69/100 tox|[from] ability: Poison Heal
|upkeep
|turn|15
|inactive|EleaRosea has 120 seconds left.
|
|t:|1760876792
|switch|p1a: Heatran|Heatran, M|40/100 par
|-activate|p1a: Heatran|move: Sticky Web
|-unboost|p1a: Heatran|spe|1
|move|p2a: Tsareena|U-turn|p1a: Heatran
|-resisted|p1a: Heatran
|-damage|p1a: Heatran|32/100 par
|
|t:|1760876809
|switch|p2a: Thundurus|Thundurus, M|100/100|[from] U-turn
|-damage|p2a: Thundurus|76/100|[from] Stealth Rock
|
|-heal|p1a: Heatran|38/100 par|[from] item: Leftovers
|upkeep
|turn|16
|inactive|EleaRosea has 120 seconds left.
|
|t:|1760876830
|move|p2a: Thundurus|Swagger|p1a: Heatran
|-boost|p1a: Heatran|atk|2
|-start|p1a: Heatran|confusion
|-enditem|p2a: Thundurus|Mirror Herb
|-boost|p2a: Thundurus|atk|2|[from] item: Mirror Herb
|-activate|p1a: Heatran|confusion
|move|p1a: Heatran|Magma Storm|p2a: Thundurus
|-damage|p2a: Thundurus|17/100
|-activate|p2a: Thundurus|move: Magma Storm|[of] p1a: Heatran
|
|-heal|p1a: Heatran|45/100 par|[from] item: Leftovers
|-damage|p2a: Thundurus|5/100|[from] move: Magma Storm|[partiallytrapped]
|upkeep
|turn|17
|inactive|EleaRosea has 120 seconds left.
|
|t:|1760876847
|move|p2a: Thundurus|Supercell Slam|p1a: Heatran
|-damage|p1a: Heatran|0 fnt
|faint|p1a: Heatran
|
|-end|p2a: Thundurus|Magma Storm|[partiallytrapped]|[silent]
|upkeep
|
|t:|1760876860
|switch|p1a: Gliscor|Gliscor, F|69/100 tox
|turn|18
|
|t:|1760876869
|move|p2a: Thundurus|Acrobatics|p1a: Gliscor
|-damage|p1a: Gliscor|2/100 tox
|move|p1a: Gliscor|Facade|p2a: Thundurus
|-damage|p2a: Thundurus|0 fnt
|faint|p2a: Thundurus
|
|-heal|p1a: Gliscor|15/100 tox|[from] ability: Poison Heal
|upkeep
|
|t:|1760876886
|switch|p2a: Tsareena|Tsareena, F|88/100
|-damage|p2a: Tsareena|76/100|[from] Stealth Rock
|turn|19
|
|t:|1760876893
|move|p1a: Gliscor|Facade|p2a: Tsareena
|-damage|p2a: Tsareena|46/100
|move|p2a: Tsareena|U-turn|p1a: Gliscor
|-resisted|p1a: Gliscor
|-damage|p1a: Gliscor|4/100 tox
|-message|Bleud29 forfeited.
|
|win|EleaRosea
|raw|EleaRosea's rating: 1101 &rarr; <strong>1128</strong><br />(+27 for winning)
|raw|Bleud29's rating: 1134 &rarr; <strong>1107</strong><br />(-27 for losing)
|l|☆Bleud29
|player|p2|
|l|☆EleaRosea
|player|p1|
