|j|☆LLBattler
|j|☆moizette
|t:|1760861083
|gametype|singles
|player|p1|LLBattler|1|1145
|player|p2|moizette|gentleman-gen4|1149
|gen|9
|tier|[Gen 9] OU
|rated|
|rule|HP Percentage Mod: HP is shown in percentages
|rule|Endless Battle Clause: Forcing endless battles is banned
|rule|Species Clause: Limit one of each Pokémon
|rule|OHKO Clause: OHKO moves are banned
|rule|Evasion Items Clause: Evasion items are banned
|rule|Evasion Moves Clause: Evasion moves are banned
|rule|Evasion Abilities Clause: Evasion abilities are banned
|rule|Sleep Moves Clause: Sleep-inducing moves are banned
|clearpoke
|poke|p1|Arcanine-Hisui, F|
|poke|p1|Slowking-Galar, M|
|poke|p1|Great Tusk|
|poke|p1|Kingambit, M|
|poke|p1|Gliscor, M|
|poke|p1|Sinistcha|
|poke|p2|Gholdengo|
|poke|p2|Excadrill, M|
|poke|p2|Tyranitar, M|
|poke|p2|Corviknight, M|
|poke|p2|Garganacl, M|
|poke|p2|Alomomola, F|
|teampreview
|inactive|Battle timer is ON: inactive players will automatically lose when time's up. (requested by moizette)
|
|t:|1760861124
|teamsize|p1|6
|teamsize|p2|6
|start
|switch|p1a: Gliscor|Gliscor, M|100/100
|switch|p2a: Tyranitar|Tyranitar, M|100/100
|-weather|Sandstorm|[from] ability: Sand Stream|[of] p2a: Tyranitar
|turn|1
|
|t:|1760861151
|move|p1a: Gliscor|Protect|p1a: Gliscor
|-singleturn|p1a: Gliscor|Protect
|move|p2a: Tyranitar|Taunt|p1a: Gliscor
|-activate|p1a: Gliscor|move: Protect
|
|-weather|Sandstorm|[upkeep]
|-status|p1a: Gliscor|tox|[from] item: Toxic Orb
|upkeep
|turn|2
|
|t:|1760861160
|switch|p2a: Corviknight|Corviknight, M|100/100
|-ability|p2a: Corviknight|Pressure
|move|p1a: Gliscor|U-turn|p2a: Corviknight
|-resisted|p2a: Corviknight
|-damage|p2a: Corviknight|98/100
|
|t:|1760861168
|switch|p1a: Top Dog|Arcanine-Hisui, F|100/100|[from] U-turn
|
|-weather|Sandstorm|[upkeep]
|-heal|p2a: Corviknight|100/100|[from] item: Leftovers
|upkeep
|turn|3
|
|t:|1760861186
|switch|p2a: Alomomola|Alomomola, F|100/100
|move|p1a: Top Dog|Close Combat|p2a: Alomomola
|-crit|p2a: Alomomola
|-damage|p2a: Alomomola|53/100
|-unboost|p1a: Top Dog|def|1
|-unboost|p1a: Top Dog|spd|1
|
|-weather|Sandstorm|[upkeep]
|-damage|p2a: Alomomola|46/100|[from] Sandstorm
|upkeep
|turn|4
|
|t:|1760861202
|switch|p1a: Sinistcha|Sinistcha|100/100
|move|p2a: Alomomola|Flip Turn|p1a: Sinistcha
|-resisted|p1a: Sinistcha
|-damage|p1a: Sinistcha|95/100
|
|t:|1760861208
|switch|p2a: Gholdengo|Gholdengo|100/100|[from] Flip Turn
|
|-weather|Sandstorm|[upkeep]
|-damage|p1a: Sinistcha|89/100|[from] Sandstorm
|upkeep
|turn|5
|
|t:|1760861217
|-terastallize|p1a: Sinistcha|Normal
|move|p2a: Gholdengo|Make It Rain|p1a: Sinistcha
|-damage|p1a: Sinistcha|0 fnt
|-unboost|p2a: Gholdengo|spa|1
|faint|p1a: Sinistcha
|
|-weather|Sandstorm|[upkeep]
|upkeep
|
|t:|1760861230
|switch|p1a: Top Dog|Arcanine-Hisui, F|100/100
|turn|6
|
|t:|1760861234
|switch|p2a: Alomomola|Alomomola, F|80/100
|move|p1a: Top Dog|Flare Blitz|p2a: Alomomola
|-resisted|p2a: Alomomola
|-damage|p2a: Alomomola|59/100
|
|-weather|Sandstorm|[upkeep]
|-damage|p2a: Alomomola|52/100|[from] Sandstorm
|upkeep
|turn|7
|
|t:|1760861246
|switch|p1a: Kingambit|Kingambit, M|100/100
|-activate|p1a: Kingambit|ability: Supreme Overlord
|-start|p1a: Kingambit|fallen1|[silent]
|move|p2a: Alomomola|Flip Turn|p1a: Kingambit
|-damage|p1a: Kingambit|89/100
|
|t:|1760861256
|switch|p2a: Garganacl|Garganacl, M|100/100|[from] Flip Turn
|
|-weather|Sandstorm|[upkeep]
|-heal|p1a: Kingambit|95/100|[from] item: Leftovers
|upkeep
|turn|8
|
|t:|1760861266
|move|p1a: Kingambit|Swords Dance|p1a: Kingambit
|-boost|p1a: Kingambit|atk|2
|move|p2a: Garganacl|Salt Cure|p1a: Kingambit
|-resisted|p1a: Kingambit
|-damage|p1a: Kingambit|90/100
|-start|p1a: Kingambit|Salt Cure
|
|-weather|none
|-heal|p1a: Kingambit|97/100|[from] item: Leftovers
|-damage|p1a: Kingambit|72/100|[from] Salt Cure
|upkeep
|turn|9
|
|t:|1760861277
|-terastallize|p2a: Garganacl|Ghost
|move|p1a: Kingambit|Iron Head|p2a: Garganacl
|-damage|p2a: Garganacl|48/100
|cant|p2a: Garganacl|flinch
|
|-heal|p1a: Kingambit|78/100|[from] item: Leftovers
|-damage|p1a: Kingambit|53/100|[from] Salt Cure
|upkeep
|turn|10
|
|t:|1760861287
|switch|p2a: Tyranitar|Tyranitar, M|100/100
|-weather|Sandstorm|[from] ability: Sand Stream|[of] p2a: Tyranitar
|move|p1a: Kingambit|Sucker Punch||[still]
|-fail|p1a: Kingambit
|
|-weather|Sandstorm|[upkeep]
|-heal|p1a: Kingambit|59/100|[from] item: Leftovers
|-damage|p1a: Kingambit|34/100|[from] Salt Cure
|upkeep
|turn|11
|
|t:|1760861299
|-end|p1a: Kingambit|fallen1|[silent]
|switch|p1a: Gliscor|Gliscor, M|100/100 tox
|move|p2a: Tyranitar|Brick Break|p1a: Gliscor
|-resisted|p1a: Gliscor
|-damage|p1a: Gliscor|92/100 tox
|
|-weather|Sandstorm|[upkeep]
|-heal|p1a: Gliscor|100/100 tox|[from] ability: Poison Heal
|upkeep
|turn|12
|
|t:|1760861308
|switch|p2a: Corviknight|Corviknight, M|100/100
|-ability|p2a: Corviknight|Pressure
|move|p1a: Gliscor|Protect||[still]
|-fail|p1a: Gliscor
|
|-weather|Sandstorm|[upkeep]
|upkeep
|turn|13
|
|t:|1760861315
|move|p1a: Gliscor|Knock Off|p2a: Corviknight
|-damage|p2a: Corviknight|87/100
|-enditem|p2a: Corviknight|Leftovers|[from] move: Knock Off|[of] p1a: Gliscor
|move|p2a: Corviknight|U-turn|p1a: Gliscor
|-resisted|p1a: Gliscor
|-damage|p1a: Gliscor|95/100 tox
|
|t:|1760861325
|switch|p2a: Alomomola|Alomomola, F|86/100|[from] U-turn
|
|-weather|Sandstorm|[upkeep]
|-damage|p2a: Alomomola|80/100|[from] Sandstorm
|-heal|p1a: Gliscor|100/100 tox|[from] ability: Poison Heal
|upkeep
|turn|14
|
|t:|1760861353
|move|p1a: Gliscor|Knock Off|p2a: Alomomola
|-damage|p2a: Alomomola|69/100
|-enditem|p2a: Alomomola|Heavy-Duty Boots|[from] move: Knock Off|[of] p1a: Gliscor
|move|p2a: Alomomola|Wish|p2a: Alomomola
|
|-weather|Sandstorm|[upkeep]
|-damage|p2a: Alomomola|63/100|[from] Sandstorm
|upkeep
|turn|15
|
|t:|1760861364
|move|p1a: Gliscor|U-turn|p2a: Alomomola
|-damage|p2a: Alomomola|54/100
|
|t:|1760861367
|switch|p1a: Great Tusk|Great Tusk, shiny|100/100|[from] U-turn
|move|p2a: Alomomola|Flip Turn|p1a: Great Tusk
|-supereffective|p1a: Great Tusk
|-damage|p1a: Great Tusk|81/100
|-damage|p2a: Alomomola|38/100|[from] item: Rocky Helmet|[of] p1a: Great Tusk
|
|t:|1760861374
|switch|p2a: Garganacl|Garganacl, M, tera:Ghost|48/100|[from] Flip Turn
|
|-weather|Sandstorm|[upkeep]
|-damage|p2a: Garganacl|41/100|[from] Sandstorm
|-heal|p2a: Garganacl|100/100|[from] move: Wish|[wisher] Alomomola
|upkeep
|turn|16
|
|t:|1760861387
|move|p1a: Great Tusk|Stealth Rock|p2a: Garganacl
|-sidestart|p2: moizette|move: Stealth Rock
|move|p2a: Garganacl|Salt Cure|p1a: Great Tusk
|-resisted|p1a: Great Tusk
|-damage|p1a: Great Tusk|79/100
|-start|p1a: Great Tusk|Salt Cure
|
|-weather|Sandstorm|[upkeep]
|-damage|p2a: Garganacl|94/100|[from] Sandstorm
|-damage|p1a: Great Tusk|66/100|[from] Salt Cure
|upkeep
|turn|17
|
|t:|1760861397
|-end|p1a: Great Tusk|Protosynthesis|[silent]
|switch|p1a: Top Dog|Arcanine-Hisui, F|100/100
|switch|p2a: Corviknight|Corviknight, M|87/100
|-damage|p2a: Corviknight|74/100|[from] Stealth Rock
|-ability|p2a: Corviknight|Pressure
|
|-weather|none
|upkeep
|turn|18
|
|t:|1760861407
|switch|p2a: Alomomola|Alomomola, F|71/100
|-damage|p2a: Alomomola|59/100|[from] Stealth Rock
|move|p1a: Top Dog|Close Combat|p2a: Alomomola
|-damage|p2a: Alomomola|30/100
|-unboost|p1a: Top Dog|def|1
|-unboost|p1a: Top Dog|spd|1
|
|upkeep
|turn|19
|
|t:|1760861418
|switch|p1a: Slowking|Slowking-Galar, M|100/100
|move|p2a: Alomomola|Flip Turn|p1a: Slowking
|-damage|p1a: Slowking|84/100
|
|t:|1760861423
|switch|p2a: Gholdengo|Gholdengo|100/100|[from] Flip Turn
|-damage|p2a: Gholdengo|94/100|[from] Stealth Rock
|
|upkeep
|turn|20
|
|t:|1760861436
|move|p2a: Gholdengo|Shadow Ball|p1a: Slowking
|-supereffective|p1a: Slowking
|-damage|p1a: Slowking|14/100
|-prepare|p1a: Slowking|Chilly Reception|[premajor]
|move|p1a: Slowking|Chilly Reception|p1a: Slowking
|-weather|Snowscape
|
|t:|1760861444
|switch|p1a: Top Dog|Arcanine-Hisui, F|100/100|[from] Chilly Reception
|
|-weather|Snowscape|[upkeep]
|upkeep
|turn|21
|
|t:|1760861462
|switch|p2a: Alomomola|Alomomola, F|63/100
|-damage|p2a: Alomomola|51/100|[from] Stealth Rock
|move|p1a: Top Dog|Flare Blitz|p2a: Alomomola
|-resisted|p2a: Alomomola
|-crit|p2a: Alomomola
|-damage|p2a: Alomomola|18/100
|
|-weather|Snowscape|[upkeep]
|upkeep
|turn|22
|
|t:|1760861473
|move|p1a: Top Dog|Flare Blitz|p2a: Alomomola
|-resisted|p2a: Alomomola
|-damage|p2a: Alomomola|0 fnt
|faint|p2a: Alomomola
|
|-weather|Snowscape|[upkeep]
|upkeep
|
|t:|1760861481
|switch|p2a: Tyranitar|Tyranitar, M|100/100
|-damage|p2a: Tyranitar|88/100|[from] Stealth Rock
|-weather|Sandstorm|[from] ability: Sand Stream|[of] p2a: Tyranitar
|turn|23
|
|t:|1760861489
|move|p1a: Top Dog|Flare Blitz|p2a: Tyranitar
|-resisted|p2a: Tyranitar
|-damage|p2a: Tyranitar|53/100
|move|p2a: Tyranitar|Stealth Rock|p1a: Top Dog
|-sidestart|p1: LLBattler|move: Stealth Rock
|
|-weather|Sandstorm|[upkeep]
|upkeep
|turn|24
|
|t:|1760861498
|switch|p1a: Great Tusk|Great Tusk, shiny|66/100
|-damage|p1a: Great Tusk|63/100|[from] Stealth Rock
|move|p2a: Tyranitar|Brick Break|p1a: Great Tusk
|-damage|p1a: Great Tusk|48/100
|-damage|p2a: Tyranitar|37/100|[from] item: Rocky Helmet|[of] p1a: Great Tusk
|
|-weather|Sandstorm|[upkeep]
|upkeep
|turn|25
|
|t:|1760861514
|switch|p2a: Garganacl|Garganacl, M, tera:Ghost|94/100
|-damage|p2a: Garganacl|82/100|[from] Stealth Rock
|move|p1a: Great Tusk|Headlong Rush|p2a: Garganacl
|-damage|p2a: Garganacl|57/100
|-unboost|p1a: Great Tusk|def|1
|-unboost|p1a: Great Tusk|spd|1
|
|-weather|Sandstorm|[upkeep]
|-damage|p2a: Garganacl|50/100|[from] Sandstorm
|upkeep
|turn|26
|
|t:|1760861528
|-end|p1a: Great Tusk|Protosynthesis|[silent]
|switch|p1a: Gliscor|Gliscor, M|100/100 tox
|-damage|p1a: Gliscor|88/100 tox|[from] Stealth Rock
|move|p2a: Garganacl|Salt Cure|p1a: Gliscor
|-damage|p1a: Gliscor|77/100 tox
|-start|p1a: Gliscor|Salt Cure
|
|-weather|Sandstorm|[upkeep]
|-damage|p2a: Garganacl|44/100|[from] Sandstorm
|-heal|p1a: Gliscor|89/100 tox|[from] ability: Poison Heal
|-damage|p1a: Gliscor|77/100 tox|[from] Salt Cure
|upkeep
|turn|27
|
|t:|1760861539
|switch|p2a: Corviknight|Corviknight, M|74/100
|-damage|p2a: Corviknight|62/100|[from] Stealth Rock
|-ability|p2a: Corviknight|Pressure
|move|p1a: Gliscor|Knock Off|p2a: Corviknight
|-damage|p2a: Corviknight|53/100
|
|-weather|Sandstorm|[upkeep]
|-heal|p1a: Gliscor|89/100 tox|[from] ability: Poison Heal
|-damage|p1a: Gliscor|77/100 tox|[from] Salt Cure
|upkeep
|turn|28
|inactive|LLBattler has 120 seconds left.
|
|t:|1760861567
|move|p1a: Gliscor|U-turn|p2a: Corviknight
|-resisted|p2a: Corviknight
|-damage|p2a: Corviknight|51/100
|inactive|LLBattler has 120 seconds left.
|
|t:|1760861578
|switch|p1a: Slowking|Slowking-Galar, M|47/100|[from] U-turn
|move|p2a: Corviknight|Defog|p1a: Slowking
|-unboost|p1a: Slowking|evasion|1
|-sideend|p1: LLBattler|Stealth Rock|[from] move: Defog|[of] p2a: Corviknight
|-sideend|p2: moizette|Stealth Rock|[from] move: Defog|[of] p2a: Corviknight
|
|-weather|Sandstorm|[upkeep]
|-damage|p1a: Slowking|41/100|[from] Sandstorm
|upkeep
|turn|29
|inactive|LLBattler has 120 seconds left.
|
|t:|1760861594
|move|p2a: Corviknight|Brave Bird|p1a: Slowking
|-damage|p1a: Slowking|3/100
|-damage|p2a: Corviknight|38/100|[from] Recoil
|move|p1a: Slowking|Future Sight|p2a: Corviknight
|-start|p1a: Slowking|move: Future Sight
|
|-weather|Sandstorm|[upkeep]
|-damage|p1a: Slowking|0 fnt|[from] Sandstorm
|faint|p1a: Slowking
|upkeep
|
|t:|1760861603
|switch|p1a: Top Dog|Arcanine-Hisui, F|100/100
|turn|30
|inactive|LLBattler has 120 seconds left.
|
|t:|1760861616
|switch|p2a: Garganacl|Garganacl, M, tera:Ghost|44/100
|move|p1a: Top Dog|Close Combat|p2a: Garganacl
|-immune|p2a: Garganacl
|
|-weather|none
|upkeep
|turn|31
|inactive|LLBattler has 120 seconds left.
|
|t:|1760861625
|switch|p1a: Gliscor|Gliscor, M|77/100 tox
|move|p2a: Garganacl|Salt Cure|p1a: Gliscor
|-damage|p1a: Gliscor|66/100 tox
|-start|p1a: Gliscor|Salt Cure
|
|-end|p2a: Garganacl|move: Future Sight
|-damage|p2a: Garganacl|17/100
|-heal|p1a: Gliscor|79/100 tox|[from] ability: Poison Heal
|-damage|p1a: Gliscor|66/100 tox|[from] Salt Cure
|upkeep
|turn|32
|inactive|LLBattler has 120 seconds left.
|
|t:|1760861636
|move|p1a: Gliscor|Knock Off|p2a: Garganacl
|-supereffective|p2a: Garganacl
|-damage|p2a: Garganacl|0 fnt
|-enditem|p2a: Garganacl|Assault Vest|[from] move: Knock Off|[of] p1a: Gliscor
|faint|p2a: Garganacl
|
|-heal|p1a: Gliscor|79/100 tox|[from] ability: Poison Heal
|-damage|p1a: Gliscor|66/100 tox|[from] Salt Cure
|upkeep
|
|t:|1760861645
|switch|p2a: Tyranitar|Tyranitar, M|37/100
|-weather|Sandstorm|[from] ability: Sand Stream|[of] p2a: Tyranitar
|turn|33
|
|t:|1760861656
|move|p1a: Gliscor|U-turn|p2a: Tyranitar
|-supereffective|p2a: Tyranitar
|-damage|p2a: Tyranitar|12/100
|
|t:|1760861663
|switch|p1a: Top Dog|Arcanine-Hisui, F|100/100|[from] U-turn
|move|p2a: Tyranitar|Stealth Rock|p1a: Top Dog
|-sidestart|p1: LLBattler|move: Stealth Rock
|
|-weather|Sandstorm|[upkeep]
|upkeep
|turn|34
|inactive|LLBattler has 120 seconds left.
|
|t:|1760861678
|move|p1a: Top Dog|Extreme Speed|p2a: Tyranitar
|-resisted|p2a: Tyranitar
|-damage|p2a: Tyranitar|0 fnt
|faint|p2a: Tyranitar
|
|-weather|Sandstorm|[upkeep]
|upkeep
|
|t:|1760861683
|switch|p2a: Excadrill|Excadrill, M|100/100
|turn|35
|
|t:|1760861689
|switch|p1a: Gliscor|Gliscor, M|66/100 tox
|-damage|p1a: Gliscor|54/100 tox|[from] Stealth Rock
|move|p2a: Excadrill|Hone Claws|p2a: Excadrill
|-boost|p2a: Excadrill|atk|1
|-boost|p2a: Excadrill|accuracy|1
|
|-weather|Sandstorm|[upkeep]
|-heal|p1a: Gliscor|66/100 tox|[from] ability: Poison Heal
|upkeep
|turn|36
|
|t:|1760861698
|move|p1a: Gliscor|Protect|p1a: Gliscor
|-singleturn|p1a: Gliscor|Protect
|move|p2a: Excadrill|Rock Blast|p1a: Gliscor
|-activate|p1a: Gliscor|move: Protect
|
|-weather|Sandstorm|[upkeep]
|-heal|p1a: Gliscor|79/100 tox|[from] ability: Poison Heal
|upkeep
|turn|37
|
|t:|1760861707
|move|p2a: Excadrill|Rock Blast|p1a: Gliscor
|-damage|p1a: Gliscor|68/100 tox
|-damage|p1a: Gliscor|56/100 tox
|-damage|p1a: Gliscor|44/100 tox
|-damage|p1a: Gliscor|33/100 tox
|-hitcount|p1a: Gliscor|4
|move|p1a: Gliscor|Knock Off|p2a: Excadrill
|-damage|p2a: Excadrill|69/100
|-enditem|p2a: Excadrill|Loaded Dice|[from] move: Knock Off|[of] p1a: Gliscor
|
|-weather|Sandstorm|[upkeep]
|-heal|p1a: Gliscor|45/100 tox|[from] ability: Poison Heal
|upkeep
|turn|38
|
|t:|1760861719
|move|p1a: Gliscor|Protect|p1a: Gliscor
|-singleturn|p1a: Gliscor|Protect
|move|p2a: Excadrill|Hone Claws|p2a: Excadrill
|-boost|p2a: Excadrill|atk|1
|-boost|p2a: Excadrill|accuracy|1
|
|-weather|Sandstorm|[upkeep]
|-heal|p1a: Gliscor|58/100 tox|[from] ability: Poison Heal
|upkeep
|turn|39
|
|t:|1760861735
|move|p2a: Excadrill|Rock Blast|p1a: Gliscor
|-damage|p1a: Gliscor|43/100 tox
|-damage|p1a: Gliscor|27/100 tox
|-hitcount|p1a: Gliscor|2
|move|p1a: Gliscor|Knock Off|p2a: Excadrill
|-damage|p2a: Excadrill|47/100
|
|-weather|Sandstorm|[upkeep]
|-heal|p1a: Gliscor|39/100 tox|[from] ability: Poison Heal
|upkeep
|turn|40
|
|t:|1760861745
|switch|p1a: Great Tusk|Great Tusk, shiny|48/100
|-damage|p1a: Great Tusk|45/100|[from] Stealth Rock
|move|p2a: Excadrill|Hone Claws|p2a: Excadrill
|-boost|p2a: Excadrill|atk|1
|-boost|p2a: Excadrill|accuracy|1
|
|-weather|none
|upkeep
|turn|41
|
|t:|1760861761
|switch|p2a: Corviknight|Corviknight, M|38/100
|-ability|p2a: Corviknight|Pressure
|move|p1a: Great Tusk|Rapid Spin|p2a: Corviknight
|-resisted|p2a: Corviknight
|-damage|p2a: Corviknight|34/100
|-boost|p1a: Great Tusk|spe|1
|-sideend|p1: LLBattler|Stealth Rock|[from] move: Rapid Spin|[of] p1a: Great Tusk
|
|upkeep
|turn|42
|
|t:|1760861771
|move|p1a: Great Tusk|Ice Spinner|p2a: Corviknight
|-damage|p2a: Corviknight|19/100
|move|p2a: Corviknight|Roost|p2a: Corviknight
|-heal|p2a: Corviknight|69/100
|-singleturn|p2a: Corviknight|move: Roost
|
|upkeep
|turn|43
|
|t:|1760861781
|-end|p1a: Great Tusk|Protosynthesis|[silent]
|switch|p1a: Top Dog|Arcanine-Hisui, F|100/100
|move|p2a: Corviknight|Roost|p2a: Corviknight
|-heal|p2a: Corviknight|100/100
|-singleturn|p2a: Corviknight|move: Roost
|
|upkeep
|turn|44
|
|t:|1760861789
|move|p1a: Top Dog|Flare Blitz|p2a: Corviknight
|-supereffective|p2a: Corviknight
|-damage|p2a: Corviknight|0 fnt
|faint|p2a: Corviknight
|
|upkeep
|-message|moizette forfeited.
|
|win|LLBattler
|raw|LLBattler's rating: 1145 &rarr; <strong>1170</strong><br />(+25 for winning)
|raw|moizette's rating: 1149 &rarr; <strong>1124</strong><br />(-25 for losing)
|l|☆moizette
|player|p2|
