|j|☆RJoyful
|j|☆astolfo cesar
|t:|1760792427
|gametype|singles
|player|p1|RJoyful|gentleman|1112
|player|p2|astolfo cesar|hilda|1134
|gen|9
|tier|[Gen 9] OU
|rated|
|rule|HP Percentage Mod: HP is shown in percentages
|rule|Endless Battle Clause: Forcing endless battles is banned
|rule|Species Clause: Limit one of each Pokémon
|rule|OHKO Clause: OHKO moves are banned
|rule|Evasion Items Clause: Evasion items are banned
|rule|Evasion Moves Clause: Evasion moves are banned
|rule|Evasion Abilities Clause: Evasion abilities are banned
|rule|Sleep Moves Clause: Sleep-inducing moves are banned
|clearpoke
|poke|p1|Hoopa-Unbound|
|poke|p1|Slowking-Galar, F|
|poke|p1|Alomomola, F|
|poke|p1|Zamazenta-*|
|poke|p1|Great Tusk|
|poke|p1|Kingambit, F|
|poke|p2|Tornadus-Therian, M|
|poke|p2|Weezing-Galar, M|
|poke|p2|Iron Treads|
|poke|p2|Zamazenta-*|
|poke|p2|Alomomola, F|
|poke|p2|Kyurem|
|teampreview
|
|t:|1760792447
|teamsize|p1|6
|teamsize|p2|6
|start
|switch|p1a: Great Tusk|Great Tusk|100/100
|switch|p2a: Fat fish|Alomomola, F|100/100
|turn|1
|
|t:|1760792453
|move|p1a: Great Tusk|Stealth Rock|p2a: Fat fish
|-sidestart|p2: astolfo cesar|move: Stealth Rock
|move|p2a: Fat fish|Scald|p1a: Great Tusk
|-supereffective|p1a: Great Tusk
|-damage|p1a: Great Tusk|57/100
|
|upkeep
|turn|2
|
|t:|1760792463
|-end|p1a: Great Tusk|Protosynthesis|[silent]
|switch|p1a: Alomomola|Alomomola, F|100/100
|move|p2a: Fat fish|Wish|p2a: Fat fish
|
|upkeep
|turn|3
|inactive|Battle timer is ON: inactive players will automatically lose when time's up. (requested by astolfo cesar)
|
|t:|1760792483
|move|p2a: Fat fish|Flip Turn|p1a: Alomomola
|-resisted|p1a: Alomomola
|-damage|p1a: Alomomola|95/100
|
|t:|1760792491
|switch|p2a: Drug user|Weezing-Galar, M|100/100|[from] Flip Turn
|-ability|p2a: Drug user|Neutralizing Gas
|move|p1a: Alomomola|Flip Turn|p2a: Drug user
|-crit|p2a: Drug user
|-damage|p2a: Drug user|77/100
|
|t:|1760792499
|switch|p1a: Kingambit|Kingambit, F|100/100|[from] Flip Turn
|
|-heal|p2a: Drug user|100/100|[from] move: Wish|[wisher] Fat fish
|upkeep
|turn|4
|
|t:|1760792507
|move|p2a: Drug user|Will-O-Wisp|p1a: Kingambit
|-status|p1a: Kingambit|brn
|move|p1a: Kingambit|Iron Head|p2a: Drug user
|-supereffective|p2a: Drug user
|-damage|p2a: Drug user|57/100
|
|-damage|p1a: Kingambit|94/100 brn|[from] brn
|upkeep
|turn|5
|
|t:|1760792519
|-end|p2a: Drug user|ability: Neutralizing Gas
|switch|p2a: Not great tusk|Iron Treads|100/100
|-damage|p2a: Not great tusk|97/100|[from] Stealth Rock
|move|p1a: Kingambit|Swords Dance|p1a: Kingambit
|-boost|p1a: Kingambit|atk|2
|
|-heal|p2a: Not great tusk|100/100|[from] item: Leftovers
|-heal|p1a: Kingambit|100/100 brn|[from] item: Leftovers
|-damage|p1a: Kingambit|94/100 brn|[from] brn
|upkeep
|turn|6
|
|t:|1760792539
|move|p1a: Kingambit|Sucker Punch|p2a: Not great tusk
|-damage|p2a: Not great tusk|62/100
|move|p2a: Not great tusk|Rapid Spin|p1a: Kingambit
|-resisted|p1a: Kingambit
|-damage|p1a: Kingambit|89/100 brn
|-boost|p2a: Not great tusk|spe|1
|-sideend|p2: astolfo cesar|Stealth Rock|[from] move: Rapid Spin|[of] p2a: Not great tusk
|
|-heal|p2a: Not great tusk|68/100|[from] item: Leftovers
|-heal|p1a: Kingambit|95/100 brn|[from] item: Leftovers
|-damage|p1a: Kingambit|89/100 brn|[from] brn
|upkeep
|turn|7
|l|☆RJoyful
|inactive|RJoyful disconnected and has a minute to reconnect!
|player|p1|
|j|☆RJoyful
|inactive|RJoyful reconnected and has 110 seconds left.
|player|p1|RJoyful|gentleman|
|
|t:|1760792580
|-end|p1a: Kingambit|fallenundefined|[silent]
|switch|p1a: Alomomola|Alomomola, F|95/100
|move|p2a: Not great tusk|Earthquake|p1a: Alomomola
|-damage|p1a: Alomomola|66/100
|
|-heal|p2a: Not great tusk|75/100|[from] item: Leftovers
|upkeep
|turn|8
|
|t:|1760792592
|move|p2a: Not great tusk|Stealth Rock|p1a: Alomomola
|-sidestart|p1: RJoyful|move: Stealth Rock
|move|p1a: Alomomola|Wish|p1a: Alomomola
|
|-heal|p2a: Not great tusk|81/100|[from] item: Leftovers
|upkeep
|turn|9
|
|t:|1760792600
|move|p2a: Not great tusk|Knock Off|p1a: Alomomola
|-damage|p1a: Alomomola|47/100
|-enditem|p1a: Alomomola|Heavy-Duty Boots|[from] move: Knock Off|[of] p2a: Not great tusk
|move|p1a: Alomomola|Flip Turn|p2a: Not great tusk
|-supereffective|p2a: Not great tusk
|-damage|p2a: Not great tusk|52/100
|
|t:|1760792606
|switch|p1a: Great Tusk|Great Tusk|57/100|[from] Flip Turn
|
|-heal|p1a: Great Tusk|100/100|[from] move: Wish|[wisher] Alomomola
|-heal|p2a: Not great tusk|58/100|[from] item: Leftovers
|upkeep
|turn|10
|inactive|RJoyful has 120 seconds left.
|
|t:|1760792618
|-end|p2a: Not great tusk|Quark Drive|[silent]
|switch|p2a: Fat fish|Alomomola, F|100/100
|move|p1a: Great Tusk|Rapid Spin|p2a: Fat fish
|-damage|p2a: Fat fish|91/100
|-boost|p1a: Great Tusk|spe|1
|-damage|p1a: Great Tusk|84/100|[from] item: Rocky Helmet|[of] p2a: Fat fish
|-sideend|p1: RJoyful|Stealth Rock|[from] move: Rapid Spin|[of] p1a: Great Tusk
|
|upkeep
|turn|11
|inactive|RJoyful has 120 seconds left.
|
|t:|1760792631
|move|p1a: Great Tusk|Stealth Rock|p2a: Fat fish
|-sidestart|p2: astolfo cesar|move: Stealth Rock
|move|p2a: Fat fish|Scald|p1a: Great Tusk
|-supereffective|p1a: Great Tusk
|-damage|p1a: Great Tusk|41/100
|
|upkeep
|turn|12
|
|t:|1760792640
|-end|p1a: Great Tusk|Protosynthesis|[silent]
|switch|p1a: Alomomola|Alomomola, F|81/100
|move|p2a: Fat fish|Scald|p1a: Alomomola
|-resisted|p1a: Alomomola
|-damage|p1a: Alomomola|74/100
|
|upkeep
|turn|13
|
|t:|1760792647
|move|p1a: Alomomola|Flip Turn|p2a: Fat fish
|-resisted|p2a: Fat fish
|-damage|p2a: Fat fish|86/100
|-damage|p1a: Alomomola|58/100|[from] item: Rocky Helmet|[of] p2a: Fat fish
|inactive|RJoyful has 120 seconds left.
|
|t:|1760792663
|switch|p1a: Great Tusk|Great Tusk|41/100|[from] Flip Turn
|move|p2a: Fat fish|Wish|p2a: Fat fish
|
|upkeep
|turn|14
|
|t:|1760792670
|-end|p1a: Great Tusk|Protosynthesis|[silent]
|switch|p1a: Alomomola|Alomomola, F|91/100
|move|p2a: Fat fish|Scald|p1a: Alomomola
|-resisted|p1a: Alomomola
|-damage|p1a: Alomomola|85/100
|
|-heal|p2a: Fat fish|100/100|[from] move: Wish|[wisher] Fat fish
|upkeep
|turn|15
|
|t:|1760792680
|move|p1a: Alomomola|Wish|p1a: Alomomola
|move|p2a: Fat fish|Wish|p2a: Fat fish
|
|upkeep
|turn|16
|
|t:|1760792685
|move|p1a: Alomomola|Protect|p1a: Alomomola
|-singleturn|p1a: Alomomola|Protect
|move|p2a: Fat fish|Flip Turn|p1a: Alomomola
|-activate|p1a: Alomomola|move: Protect
|
|-heal|p1a: Alomomola|100/100|[from] move: Wish|[wisher] Alomomola
|upkeep
|turn|17
|
|t:|1760792694
|move|p1a: Alomomola|Wish|p1a: Alomomola
|move|p2a: Fat fish|Scald|p1a: Alomomola
|-resisted|p1a: Alomomola
|-damage|p1a: Alomomola|94/100
|
|upkeep
|turn|18
|
|t:|1760792700
|move|p1a: Alomomola|Flip Turn|p2a: Fat fish
|-resisted|p2a: Fat fish
|-damage|p2a: Fat fish|96/100
|-damage|p1a: Alomomola|78/100|[from] item: Rocky Helmet|[of] p2a: Fat fish
|
|t:|1760792705
|switch|p1a: Great Tusk|Great Tusk|41/100|[from] Flip Turn
|move|p2a: Fat fish|Wish|p2a: Fat fish
|
|-heal|p1a: Great Tusk|100/100|[from] move: Wish|[wisher] Alomomola
|upkeep
|turn|19
|
|t:|1760792712
|move|p1a: Great Tusk|Headlong Rush|p2a: Fat fish
|-damage|p2a: Fat fish|62/100
|-unboost|p1a: Great Tusk|def|1
|-unboost|p1a: Great Tusk|spd|1
|-damage|p1a: Great Tusk|84/100|[from] item: Rocky Helmet|[of] p2a: Fat fish
|move|p2a: Fat fish|Flip Turn|p1a: Great Tusk
|-supereffective|p1a: Great Tusk
|-damage|p1a: Great Tusk|46/100
|
|t:|1760792724
|switch|p2a: Not great tusk|Iron Treads|58/100|[from] Flip Turn
|-damage|p2a: Not great tusk|55/100|[from] Stealth Rock
|
|-heal|p2a: Not great tusk|100/100|[from] move: Wish|[wisher] Fat fish
|upkeep
|turn|20
|
|t:|1760792731
|-end|p1a: Great Tusk|Protosynthesis|[silent]
|switch|p1a: Alomomola|Alomomola, F|100/100
|move|p2a: Not great tusk|Earthquake|p1a: Alomomola
|-damage|p1a: Alomomola|71/100
|
|upkeep
|turn|21
|
|t:|1760792738
|move|p2a: Not great tusk|Rapid Spin|p1a: Alomomola
|-damage|p1a: Alomomola|61/100
|-boost|p2a: Not great tusk|spe|1
|-sideend|p2: astolfo cesar|Stealth Rock|[from] move: Rapid Spin|[of] p2a: Not great tusk
|move|p1a: Alomomola|Wish|p1a: Alomomola
|
|upkeep
|turn|22
|
|t:|1760792746
|move|p2a: Not great tusk|Stealth Rock|p1a: Alomomola
|-sidestart|p1: RJoyful|move: Stealth Rock
|move|p1a: Alomomola|Flip Turn|p2a: Not great tusk
|-supereffective|p2a: Not great tusk
|-crit|p2a: Not great tusk
|-damage|p2a: Not great tusk|58/100
|
|t:|1760792751
|switch|p1a: Great Tusk|Great Tusk|46/100|[from] Flip Turn
|
|-heal|p1a: Great Tusk|100/100|[from] move: Wish|[wisher] Alomomola
|-heal|p2a: Not great tusk|64/100|[from] item: Leftovers
|upkeep
|turn|23
|
|t:|1760792760
|-end|p2a: Not great tusk|Quark Drive|[silent]
|switch|p2a: Fat fish|Alomomola, F|95/100
|move|p1a: Great Tusk|Headlong Rush|p2a: Fat fish
|-damage|p2a: Fat fish|64/100
|-unboost|p1a: Great Tusk|def|1
|-unboost|p1a: Great Tusk|spd|1
|-damage|p1a: Great Tusk|84/100|[from] item: Rocky Helmet|[of] p2a: Fat fish
|
|upkeep
|turn|24
|
|t:|1760792774
|move|p1a: Great Tusk|Rapid Spin|p2a: Fat fish
|-damage|p2a: Fat fish|55/100
|-boost|p1a: Great Tusk|spe|1
|-damage|p1a: Great Tusk|68/100|[from] item: Rocky Helmet|[of] p2a: Fat fish
|-sideend|p1: RJoyful|Stealth Rock|[from] move: Rapid Spin|[of] p1a: Great Tusk
|move|p2a: Fat fish|Wish|p2a: Fat fish
|
|upkeep
|turn|25
|
|t:|1760792780
|-end|p1a: Great Tusk|Protosynthesis|[silent]
|switch|p1a: Alomomola|Alomomola, F|94/100
|move|p2a: Fat fish|Protect||[still]
|-fail|p2a: Fat fish
|
|-heal|p2a: Fat fish|100/100|[from] move: Wish|[wisher] Fat fish
|upkeep
|turn|26
|
|t:|1760792788
|move|p2a: Fat fish|Wish|p2a: Fat fish
|move|p1a: Alomomola|Wish|p1a: Alomomola
|
|upkeep
|turn|27
|
|t:|1760792796
|switch|p2a: Not great tusk|Iron Treads|64/100
|move|p1a: Alomomola|Flip Turn|p2a: Not great tusk
|-supereffective|p2a: Not great tusk
|-damage|p2a: Not great tusk|33/100
|
|t:|1760792802
|switch|p1a: Great Tusk|Great Tusk|68/100|[from] Flip Turn
|
|-heal|p2a: Not great tusk|100/100|[from] move: Wish|[wisher] Fat fish
|-heal|p1a: Great Tusk|100/100|[from] move: Wish|[wisher] Alomomola
|upkeep
|turn|28
|
|t:|1760792825
|-end|p2a: Not great tusk|Quark Drive|[silent]
|switch|p2a: No defog :(|Tornadus-Therian, M|100/100
|move|p1a: Great Tusk|Stealth Rock|p2a: No defog :(
|-sidestart|p2: astolfo cesar|move: Stealth Rock
|
|upkeep
|turn|29
|
|t:|1760792842
|-end|p1a: Great Tusk|Protosynthesis|[silent]
|switch|p1a: Alomomola|Alomomola, F|100/100
|move|p2a: No defog :(|Bleakwind Storm|p1a: Alomomola
|-damage|p1a: Alomomola|66/100
|
|upkeep
|turn|30
|
|t:|1760792852
|move|p2a: No defog :(|U-turn|p1a: Alomomola
|-damage|p1a: Alomomola|57/100
|
|t:|1760792855
|switch|p2a: Fat fish|Alomomola, F|100/100|[from] U-turn
|-damage|p2a: Fat fish|88/100|[from] Stealth Rock
|move|p1a: Alomomola|Flip Turn|p2a: Fat fish
|-resisted|p2a: Fat fish
|-damage|p2a: Fat fish|84/100
|-damage|p1a: Alomomola|40/100|[from] item: Rocky Helmet|[of] p2a: Fat fish
|
|t:|1760792869
|switch|p1a: Hoopa|Hoopa-Unbound|100/100|[from] Flip Turn
|
|upkeep
|turn|31
|
|t:|1760792902
|move|p2a: Fat fish|Protect|p2a: Fat fish
|-singleturn|p2a: Fat fish|Protect
|move|p1a: Hoopa|Hyperspace Fury|p2a: Fat fish
|-activate|p2a: Fat fish|move: Hyperspace Fury|[broken]
|-damage|p2a: Fat fish|35/100
|-unboost|p1a: Hoopa|def|1
|
|upkeep
|turn|32
|
|t:|1760792916
|switch|p1a: Alomomola|Alomomola, F|74/100
|switch|p2a: Why is this fast?|Zamazenta|100/100
|-damage|p2a: Why is this fast?|94/100|[from] Stealth Rock
|-ability|p2a: Why is this fast?|Dauntless Shield|boost
|-boost|p2a: Why is this fast?|def|1
|
|upkeep
|turn|33
|c|☆RJoyful|thats a good question
|c|☆RJoyful|why is zamazenta so fast
|
|t:|1760792935
|move|p2a: Why is this fast?|Close Combat|p1a: Alomomola
|-damage|p1a: Alomomola|25/100
|-unboost|p2a: Why is this fast?|def|1
|-unboost|p2a: Why is this fast?|spd|1
|-damage|p2a: Why is this fast?|84/100|[from] item: Life Orb
|move|p1a: Alomomola|Flip Turn|p2a: Why is this fast?
|-damage|p2a: Why is this fast?|70/100
|inactive|RJoyful has 120 seconds left.
|
|t:|1760792946
|switch|p1a: Slowking|Slowking-Galar, F|100/100|[from] Flip Turn
|
|upkeep
|turn|34
|inactive|RJoyful has 120 seconds left.
|inactive|astolfo cesar has 120 seconds left.
|
|t:|1760792991
|switch|p2a: Not great tusk|Iron Treads|100/100
|-damage|p2a: Not great tusk|97/100|[from] Stealth Rock
|move|p1a: Slowking|Future Sight|p2a: Not great tusk
|-start|p1a: Slowking|move: Future Sight
|
|-heal|p2a: Not great tusk|100/100|[from] item: Leftovers
|upkeep
|turn|35
|inactive|RJoyful has 120 seconds left.
|
|t:|1760793009
|switch|p1a: Alomomola|Alomomola, F|58/100
|move|p2a: Not great tusk|Rapid Spin|p1a: Alomomola
|-damage|p1a: Alomomola|49/100
|-boost|p2a: Not great tusk|spe|1
|-sideend|p2: astolfo cesar|Stealth Rock|[from] move: Rapid Spin|[of] p2a: Not great tusk
|
|upkeep
|turn|36
|
|t:|1760793024
|-end|p2a: Not great tusk|Quark Drive|[silent]
|switch|p2a: No defog :(|Tornadus-Therian, M|100/100
|move|p1a: Alomomola|Flip Turn|p2a: No defog :(
|-damage|p2a: No defog :(|83/100
|inactive|RJoyful has 120 seconds left.
|
|t:|1760793043
|switch|p1a: Great Tusk|Great Tusk|100/100|[from] Flip Turn
|
|-end|p2a: No defog :(|move: Future Sight
|-damage|p2a: No defog :(|53/100
|upkeep
|turn|37
|inactive|RJoyful has 120 seconds left.
|
|t:|1760793052
|move|p2a: No defog :(|Bleakwind Storm|p1a: Great Tusk
|-supereffective|p1a: Great Tusk
|-damage|p1a: Great Tusk|0 fnt
|faint|p1a: Great Tusk
|-end|p1a: Great Tusk|Protosynthesis|[silent]
|
|upkeep
|inactive|RJoyful has 120 seconds left.
|
|t:|1760793059
|switch|p1a: Slowking|Slowking-Galar, F|100/100
|turn|38
|
|t:|1760793068
|move|p2a: No defog :(|U-turn|p1a: Slowking
|-damage|p1a: Slowking|86/100
|
|t:|1760793074
|switch|p2a: Not great tusk|Iron Treads|100/100|[from] U-turn
|move|p1a: Slowking|Future Sight|p2a: Not great tusk
|-start|p1a: Slowking|move: Future Sight
|
|upkeep
|turn|39
|
|t:|1760793082
|switch|p1a: Alomomola|Alomomola, F|82/100
|move|p2a: Not great tusk|Earthquake|p1a: Alomomola
|-damage|p1a: Alomomola|52/100
|
|upkeep
|turn|40
|inactive|astolfo cesar has 120 seconds left.
|
|t:|1760793098
|-end|p2a: Not great tusk|Quark Drive|[silent]
|switch|p2a: Fat fish|Alomomola, F|68/100
|move|p1a: Alomomola|Flip Turn|p2a: Fat fish
|-resisted|p2a: Fat fish
|-damage|p2a: Fat fish|64/100
|-damage|p1a: Alomomola|36/100|[from] item: Rocky Helmet|[of] p2a: Fat fish
|
|t:|1760793107
|switch|p1a: Hoopa|Hoopa-Unbound|100/100|[from] Flip Turn
|
|-end|p2a: Fat fish|move: Future Sight
|-damage|p2a: Fat fish|13/100
|upkeep
|turn|41
|inactive|astolfo cesar has 120 seconds left.
|
|t:|1760793132
|switch|p2a: Drug user|Weezing-Galar, M|57/100
|-ability|p2a: Drug user|Neutralizing Gas
|move|p1a: Hoopa|Knock Off|p2a: Drug user
|-resisted|p2a: Drug user
|-damage|p2a: Drug user|15/100
|-enditem|p2a: Drug user|Heavy-Duty Boots|[from] move: Knock Off|[of] p1a: Hoopa
|
|upkeep
|turn|42
|inactive|astolfo cesar has 120 seconds left.
|
|t:|1760793154
|move|p1a: Hoopa|Knock Off|p2a: Drug user
|-resisted|p2a: Drug user
|-damage|p2a: Drug user|0 fnt
|faint|p2a: Drug user
|-end|p2a: Drug user|ability: Neutralizing Gas
|
|upkeep
|
|t:|1760793158
|switch|p2a: Why is this fast?|Zamazenta|70/100
|turn|43
|inactive|astolfo cesar has 120 seconds left.
|
|t:|1760793165
|switch|p1a: Alomomola|Alomomola, F|69/100
|-terastallize|p2a: Why is this fast?|Fire
|move|p2a: Why is this fast?|Fire Fang|p1a: Alomomola
|-resisted|p1a: Alomomola
|-damage|p1a: Alomomola|56/100
|-damage|p2a: Why is this fast?|60/100|[from] item: Life Orb
|
|upkeep
|turn|44
|inactive|astolfo cesar has 120 seconds left.
|
|t:|1760793183
|switch|p2a: Fat fish|Alomomola, F|46/100
|move|p1a: Alomomola|Flip Turn|p2a: Fat fish
|-resisted|p2a: Fat fish
|-damage|p2a: Fat fish|42/100
|-damage|p1a: Alomomola|39/100|[from] item: Rocky Helmet|[of] p2a: Fat fish
|
|t:|1760793190
|switch|p1a: Hoopa|Hoopa-Unbound|100/100|[from] Flip Turn
|
|upkeep
|turn|45
|
|t:|1760793198
|switch|p2a: Kturem (No ideas)|Kyurem|100/100
|-ability|p2a: Kturem (No ideas)|Pressure
|move|p1a: Hoopa|Hyperspace Fury|p2a: Kturem (No ideas)
|-damage|p2a: Kturem (No ideas)|13/100
|-unboost|p1a: Hoopa|def|1
|
|-heal|p2a: Kturem (No ideas)|19/100|[from] item: Leftovers
|upkeep
|turn|46
|inactive|RJoyful has 120 seconds left.
|
|t:|1760793232
|switch|p1a: Alomomola|Alomomola, F|73/100
|move|p2a: Kturem (No ideas)|Protect||[still]
|-fail|p2a: Kturem (No ideas)
|
|-heal|p2a: Kturem (No ideas)|25/100|[from] item: Leftovers
|upkeep
|turn|47
|inactive|astolfo cesar has 120 seconds left.
|
|t:|1760793273
|switch|p2a: Fat fish|Alomomola, F|75/100
|move|p1a: Alomomola|Flip Turn|p2a: Fat fish
|-resisted|p2a: Fat fish
|-damage|p2a: Fat fish|71/100
|-damage|p1a: Alomomola|56/100|[from] item: Rocky Helmet|[of] p2a: Fat fish
|inactive|RJoyful has 120 seconds left.
|
|t:|1760793284
|switch|p1a: Hoopa|Hoopa-Unbound|100/100|[from] Flip Turn
|
|upkeep
|turn|48
|
|t:|1760793291
|move|p1a: Hoopa|Hyperspace Fury|p2a: Fat fish
|-damage|p2a: Fat fish|18/100
|-unboost|p1a: Hoopa|def|1
|move|p2a: Fat fish|Wish|p2a: Fat fish
|
|upkeep
|turn|49
|inactive|astolfo cesar has 120 seconds left.
|
|t:|1760793321
|switch|p2a: Why is this fast?|Zamazenta, tera:Fire|60/100
|move|p1a: Hoopa|Hyperspace Fury|p2a: Why is this fast?
|-damage|p2a: Why is this fast?|0 fnt
|-unboost|p1a: Hoopa|def|1
|faint|p2a: Why is this fast?
|
|upkeep
|
|t:|1760793324
|switch|p2a: Kturem (No ideas)|Kyurem|25/100
|-ability|p2a: Kturem (No ideas)|Pressure
|turn|50
|
|t:|1760793334
|switch|p1a: Alomomola|Alomomola, F|89/100
|move|p2a: Kturem (No ideas)|Protect||[still]
|-fail|p2a: Kturem (No ideas)
|
|-heal|p2a: Kturem (No ideas)|31/100|[from] item: Leftovers
|upkeep
|turn|51
|
|t:|1760793342
|move|p2a: Kturem (No ideas)|Substitute|p2a: Kturem (No ideas)
|-start|p2a: Kturem (No ideas)|Substitute
|-damage|p2a: Kturem (No ideas)|6/100
|move|p1a: Alomomola|Flip Turn|p2a: Kturem (No ideas)
|-resisted|p2a: Kturem (No ideas)
|-activate|p2a: Kturem (No ideas)|move: Substitute|[damage]
|
|t:|1760793348
|switch|p1a: Hoopa|Hoopa-Unbound|100/100|[from] Flip Turn
|
|-heal|p2a: Kturem (No ideas)|12/100|[from] item: Leftovers
|upkeep
|turn|52
|inactive|astolfo cesar has 120 seconds left.
|
|t:|1760793358
|switch|p1a: Alomomola|Alomomola, F|100/100
|move|p2a: Kturem (No ideas)|Protect||[still]
|-fail|p2a: Kturem (No ideas)
|
|-heal|p2a: Kturem (No ideas)|19/100|[from] item: Leftovers
|upkeep
|turn|53
|
|t:|1760793372
|move|p2a: Kturem (No ideas)|Protect|p2a: Kturem (No ideas)
|-singleturn|p2a: Kturem (No ideas)|Protect
|move|p1a: Alomomola|Flip Turn|p2a: Kturem (No ideas)
|-activate|p2a: Kturem (No ideas)|move: Protect
|
|-heal|p2a: Kturem (No ideas)|25/100|[from] item: Leftovers
|upkeep
|turn|54
|
|t:|1760793381
|move|p2a: Kturem (No ideas)|Freeze-Dry|p1a: Alomomola
|-supereffective|p1a: Alomomola
|-damage|p1a: Alomomola|31/100
|move|p1a: Alomomola|Flip Turn|p2a: Kturem (No ideas)
|-resisted|p2a: Kturem (No ideas)
|-activate|p2a: Kturem (No ideas)|move: Substitute|[damage]
|
|t:|1760793394
|switch|p1a: Slowking|Slowking-Galar, F|100/100|[from] Flip Turn
|
|-heal|p2a: Kturem (No ideas)|31/100|[from] item: Leftovers
|upkeep
|turn|55
|
|t:|1760793404
|move|p2a: Kturem (No ideas)|Earth Power|p1a: Slowking
|-supereffective|p1a: Slowking
|-damage|p1a: Slowking|65/100
|move|p1a: Slowking|Future Sight|p2a: Kturem (No ideas)
|-start|p1a: Slowking|move: Future Sight
|
|-heal|p2a: Kturem (No ideas)|37/100|[from] item: Leftovers
|upkeep
|turn|56
|
|t:|1760793412
|move|p2a: Kturem (No ideas)|Earth Power|p1a: Slowking
|-supereffective|p1a: Slowking
|-damage|p1a: Slowking|30/100
|move|p1a: Slowking|Ice Beam|p2a: Kturem (No ideas)
|-end|p2a: Kturem (No ideas)|Substitute
|
|-heal|p2a: Kturem (No ideas)|43/100|[from] item: Leftovers
|upkeep
|turn|57
|
|t:|1760793438
|switch|p2a: Not great tusk|Iron Treads|100/100
|switch|p1a: Alomomola|Alomomola, F|65/100
|
|-end|p2a: Not great tusk|move: Future Sight
|-resisted|p2a: Not great tusk
|-damage|p2a: Not great tusk|68/100
|-heal|p2a: Not great tusk|74/100|[from] item: Leftovers
|upkeep
|turn|58
|
|t:|1760793448
|-end|p2a: Not great tusk|Quark Drive|[silent]
|switch|p2a: Fat fish|Alomomola, F|51/100
|move|p1a: Alomomola|Flip Turn|p2a: Fat fish
|-resisted|p2a: Fat fish
|-damage|p2a: Fat fish|47/100
|-damage|p1a: Alomomola|48/100|[from] item: Rocky Helmet|[of] p2a: Fat fish
|
|t:|1760793455
|switch|p1a: Hoopa|Hoopa-Unbound|100/100|[from] Flip Turn
|
|upkeep
|turn|59
|
|t:|1760793466
|switch|p2a: Not great tusk|Iron Treads|74/100
|-terastallize|p1a: Hoopa|Dark
|move|p1a: Hoopa|Hyperspace Fury|p2a: Not great tusk
|-damage|p2a: Not great tusk|0 fnt
|-unboost|p1a: Hoopa|def|1
|faint|p2a: Not great tusk
|-end|p2a: Not great tusk|Quark Drive|[silent]
|
|upkeep
|
|t:|1760793476
|switch|p2a: No defog :(|Tornadus-Therian, M|86/100
|turn|60
|
|t:|1760793480
|switch|p1a: Alomomola|Alomomola, F|81/100
|move|p2a: No defog :(|U-turn|p1a: Alomomola
|-damage|p1a: Alomomola|72/100
|
|t:|1760793483
|switch|p2a: Kturem (No ideas)|Kyurem|43/100|[from] U-turn
|-ability|p2a: Kturem (No ideas)|Pressure
|
|-heal|p2a: Kturem (No ideas)|50/100|[from] item: Leftovers
|upkeep
|turn|61
|
|t:|1760793498
|switch|p1a: Slowking|Slowking-Galar, F|63/100
|move|p2a: Kturem (No ideas)|Substitute|p2a: Kturem (No ideas)
|-start|p2a: Kturem (No ideas)|Substitute
|-damage|p2a: Kturem (No ideas)|25/100
|
|-heal|p2a: Kturem (No ideas)|31/100|[from] item: Leftovers
|upkeep
|turn|62
|
|t:|1760793505
|move|p2a: Kturem (No ideas)|Earth Power|p1a: Slowking
|-supereffective|p1a: Slowking
|-damage|p1a: Slowking|27/100
|move|p1a: Slowking|Future Sight|p2a: Kturem (No ideas)
|-start|p1a: Slowking|move: Future Sight
|
|-heal|p2a: Kturem (No ideas)|37/100|[from] item: Leftovers
|upkeep
|turn|63
|
|t:|1760793534
|switch|p1a: Alomomola|Alomomola, F|100/100
|move|p2a: Kturem (No ideas)|Earth Power|p1a: Alomomola
|-damage|p1a: Alomomola|72/100
|
|-heal|p2a: Kturem (No ideas)|43/100|[from] item: Leftovers
|upkeep
|turn|64
|
|t:|1760793544
|move|p2a: Kturem (No ideas)|Freeze-Dry|p1a: Alomomola
|-supereffective|p1a: Alomomola
|-damage|p1a: Alomomola|12/100
|move|p1a: Alomomola|Flip Turn|p2a: Kturem (No ideas)
|-resisted|p2a: Kturem (No ideas)
|-activate|p2a: Kturem (No ideas)|move: Substitute|[damage]
|
|t:|1760793551
|switch|p1a: Slowking|Slowking-Galar, F|61/100|[from] Flip Turn
|
|-end|p2a: Kturem (No ideas)|move: Future Sight
|-end|p2a: Kturem (No ideas)|Substitute
|-heal|p2a: Kturem (No ideas)|49/100|[from] item: Leftovers
|upkeep
|turn|65
|inactive|RJoyful has 120 seconds left.
|
|t:|1760793590
|switch|p1a: Zamazenta|Zamazenta|100/100
|-ability|p1a: Zamazenta|Dauntless Shield|boost
|-boost|p1a: Zamazenta|def|1
|move|p2a: Kturem (No ideas)|Earth Power|p1a: Zamazenta
|-damage|p1a: Zamazenta|74/100
|
|-heal|p1a: Zamazenta|80/100|[from] item: Leftovers
|-heal|p2a: Kturem (No ideas)|55/100|[from] item: Leftovers
|upkeep
|turn|66
|
|t:|1760793602
|switch|p2a: Fat fish|Alomomola, F|80/100
|move|p1a: Zamazenta|Body Press|p2a: Fat fish
|-damage|p2a: Fat fish|52/100
|-damage|p1a: Zamazenta|63/100|[from] item: Rocky Helmet|[of] p2a: Fat fish
|
|-heal|p1a: Zamazenta|69/100|[from] item: Leftovers
|upkeep
|turn|67
|
|t:|1760793611
|move|p1a: Zamazenta|Iron Defense|p1a: Zamazenta
|-boost|p1a: Zamazenta|def|2
|move|p2a: Fat fish|Wish|p2a: Fat fish
|
|-heal|p1a: Zamazenta|75/100|[from] item: Leftovers
|upkeep
|turn|68
|
|t:|1760793627
|move|p2a: Fat fish|Protect|p2a: Fat fish
|-singleturn|p2a: Fat fish|Protect
|move|p1a: Zamazenta|Body Press|p2a: Fat fish
|-activate|p2a: Fat fish|move: Protect
|
|-heal|p2a: Fat fish|100/100|[from] move: Wish|[wisher] Fat fish
|-heal|p1a: Zamazenta|81/100|[from] item: Leftovers
|upkeep
|turn|69
|inactive|RJoyful has 120 seconds left.
|
|t:|1760793640
|move|p1a: Zamazenta|Body Press|p2a: Fat fish
|-damage|p2a: Fat fish|48/100
|-damage|p1a: Zamazenta|65/100|[from] item: Rocky Helmet|[of] p2a: Fat fish
|move|p2a: Fat fish|Scald|p1a: Zamazenta
|-damage|p1a: Zamazenta|52/100
|
|-heal|p1a: Zamazenta|58/100|[from] item: Leftovers
|upkeep
|turn|70
|inactive|RJoyful has 120 seconds left.
|
|t:|1760793653
|move|p2a: Fat fish|Protect|p2a: Fat fish
|-singleturn|p2a: Fat fish|Protect
|move|p1a: Zamazenta|Iron Defense|p1a: Zamazenta
|-boost|p1a: Zamazenta|def|2
|
|-heal|p1a: Zamazenta|64/100|[from] item: Leftovers
|upkeep
|turn|71
|inactive|RJoyful has 120 seconds left.
|
|t:|1760793659
|switch|p2a: No defog :(|Tornadus-Therian, M|100/100
|move|p1a: Zamazenta|Body Press|p2a: No defog :(
|-resisted|p2a: No defog :(
|-damage|p2a: No defog :(|18/100
|
|-heal|p1a: Zamazenta|70/100|[from] item: Leftovers
|upkeep
|turn|72
|
|t:|1760793667
|move|p1a: Zamazenta|Body Press|p2a: No defog :(
|-resisted|p2a: No defog :(
|-damage|p2a: No defog :(|0 fnt
|faint|p2a: No defog :(
|
|-heal|p1a: Zamazenta|76/100|[from] item: Leftovers
|upkeep
|
|t:|1760793670
|switch|p2a: Fat fish|Alomomola, F|81/100
|turn|73
|c|☆astolfo cesar|Max speed ironpress?
|c|☆RJoyful|not maxxed
|inactive|RJoyful has 120 seconds left.
|c|☆astolfo cesar|Why is this fast?
|
|t:|1760793718
|move|p1a: Zamazenta|Body Press|p2a: Fat fish
|-damage|p2a: Fat fish|7/100
|-damage|p1a: Zamazenta|60/100|[from] item: Rocky Helmet|[of] p2a: Fat fish
|move|p2a: Fat fish|Scald|p1a: Zamazenta
|-crit|p1a: Zamazenta
|-damage|p1a: Zamazenta|42/100
|-status|p1a: Zamazenta|brn
|
|-heal|p1a: Zamazenta|48/100 brn|[from] item: Leftovers
|-damage|p1a: Zamazenta|42/100 brn|[from] brn
|upkeep
|turn|74
|inactive|RJoyful has 90 seconds left.
|
|t:|1760793735
|switch|p1a: Alomomola|Alomomola, F|46/100
|move|p2a: Fat fish|Protect||[still]
|-fail|p2a: Fat fish
|
|upkeep
|turn|75
|
|t:|1760793744
|switch|p2a: Kturem (No ideas)|Kyurem|55/100
|-ability|p2a: Kturem (No ideas)|Pressure
|move|p1a: Alomomola|Wish|p1a: Alomomola
|
|-heal|p2a: Kturem (No ideas)|62/100|[from] item: Leftovers
|upkeep
|turn|76
|
|t:|1760793753
|switch|p1a: Zamazenta|Zamazenta|42/100 brn
|move|p2a: Kturem (No ideas)|Substitute|p2a: Kturem (No ideas)
|-start|p2a: Kturem (No ideas)|Substitute
|-damage|p2a: Kturem (No ideas)|37/100
|
|-heal|p1a: Zamazenta|100/100 brn|[from] move: Wish|[wisher] Alomomola
|-heal|p2a: Kturem (No ideas)|43/100|[from] item: Leftovers
|-damage|p1a: Zamazenta|94/100 brn|[from] brn
|upkeep
|turn|77
|
|t:|1760793771
|move|p1a: Zamazenta|Iron Defense|p1a: Zamazenta
|-boost|p1a: Zamazenta|def|2
|move|p2a: Kturem (No ideas)|Earth Power|p1a: Zamazenta
|-damage|p1a: Zamazenta|67/100 brn
|
|-heal|p1a: Zamazenta|73/100 brn|[from] item: Leftovers
|-heal|p2a: Kturem (No ideas)|49/100|[from] item: Leftovers
|-damage|p1a: Zamazenta|67/100 brn|[from] brn
|upkeep
|turn|78
|
|t:|1760793779
|move|p2a: Kturem (No ideas)|Protect|p2a: Kturem (No ideas)
|-singleturn|p2a: Kturem (No ideas)|Protect
|move|p1a: Zamazenta|Body Press|p2a: Kturem (No ideas)
|-activate|p2a: Kturem (No ideas)|move: Protect
|
|-heal|p1a: Zamazenta|73/100 brn|[from] item: Leftovers
|-heal|p2a: Kturem (No ideas)|55/100|[from] item: Leftovers
|-damage|p1a: Zamazenta|67/100 brn|[from] brn
|upkeep
|turn|79
|
|t:|1760793793
|move|p1a: Zamazenta|Body Press|p2a: Kturem (No ideas)
|-supereffective|p2a: Kturem (No ideas)
|-end|p2a: Kturem (No ideas)|Substitute
|move|p2a: Kturem (No ideas)|Earth Power|p1a: Zamazenta
|-damage|p1a: Zamazenta|41/100 brn
|
|-heal|p1a: Zamazenta|47/100 brn|[from] item: Leftovers
|-heal|p2a: Kturem (No ideas)|61/100|[from] item: Leftovers
|-damage|p1a: Zamazenta|41/100 brn|[from] brn
|upkeep
|turn|80
|
|t:|1760793803
|move|p2a: Kturem (No ideas)|Protect|p2a: Kturem (No ideas)
|-singleturn|p2a: Kturem (No ideas)|Protect
|move|p1a: Zamazenta|Iron Defense|p1a: Zamazenta
|-boost|p1a: Zamazenta|def|2
|
|-heal|p1a: Zamazenta|47/100 brn|[from] item: Leftovers
|-heal|p2a: Kturem (No ideas)|68/100|[from] item: Leftovers
|-damage|p1a: Zamazenta|41/100 brn|[from] brn
|upkeep
|turn|81
|
|t:|1760793811
|switch|p2a: Fat fish|Alomomola, F|40/100
|move|p1a: Zamazenta|Body Press|p2a: Fat fish
|-damage|p2a: Fat fish|9/100
|-damage|p1a: Zamazenta|25/100 brn|[from] item: Rocky Helmet|[of] p2a: Fat fish
|
|-heal|p1a: Zamazenta|31/100 brn|[from] item: Leftovers
|-damage|p1a: Zamazenta|25/100 brn|[from] brn
|upkeep
|turn|82
|inactive|RJoyful has 120 seconds left.
|
|t:|1760793824
|move|p2a: Fat fish|Wish|p2a: Fat fish
|move|p1a: Zamazenta|Roar|p2a: Fat fish
|drag|p2a: Kturem (No ideas)|Kyurem|68/100
|-ability|p2a: Kturem (No ideas)|Pressure
|
|-heal|p1a: Zamazenta|31/100 brn|[from] item: Leftovers
|-heal|p2a: Kturem (No ideas)|74/100|[from] item: Leftovers
|-damage|p1a: Zamazenta|25/100 brn|[from] brn
|upkeep
|turn|83
|inactive|RJoyful has 120 seconds left.
|
|t:|1760793836
|switch|p2a: Fat fish|Alomomola, F|42/100
|move|p1a: Zamazenta|Body Press|p2a: Fat fish
|-damage|p2a: Fat fish|12/100
|-damage|p1a: Zamazenta|8/100 brn|[from] item: Rocky Helmet|[of] p2a: Fat fish
|
|-heal|p2a: Fat fish|62/100|[from] move: Wish|[wisher] Fat fish
|-heal|p1a: Zamazenta|14/100 brn|[from] item: Leftovers
|-damage|p1a: Zamazenta|8/100 brn|[from] brn
|upkeep
|turn|84
|inactive|RJoyful has 120 seconds left.
|
|t:|1760793850
|switch|p1a: Alomomola|Alomomola, F|79/100
|move|p2a: Fat fish|Wish|p2a: Fat fish
|
|upkeep
|turn|85
|
|t:|1760793857
|move|p1a: Alomomola|Wish|p1a: Alomomola
|move|p2a: Fat fish|Scald|p1a: Alomomola
|-resisted|p1a: Alomomola
|-damage|p1a: Alomomola|72/100
|-status|p1a: Alomomola|brn
|
|-heal|p2a: Fat fish|100/100|[from] move: Wish|[wisher] Fat fish
|-damage|p1a: Alomomola|66/100 brn|[from] brn
|upkeep
|turn|86
|
|t:|1760793869
|move|p1a: Alomomola|Flip Turn|p2a: Fat fish
|-resisted|p2a: Fat fish
|-damage|p2a: Fat fish|98/100
|-damage|p1a: Alomomola|49/100 brn|[from] item: Rocky Helmet|[of] p2a: Fat fish
|
|t:|1760793873
|switch|p1a: Zamazenta|Zamazenta|8/100 brn|[from] Flip Turn
|move|p2a: Fat fish|Wish|p2a: Fat fish
|
|-heal|p1a: Zamazenta|76/100 brn|[from] move: Wish|[wisher] Alomomola
|-heal|p1a: Zamazenta|82/100 brn|[from] item: Leftovers
|-damage|p1a: Zamazenta|76/100 brn|[from] brn
|upkeep
|turn|87
|
|t:|1760793892
|move|p1a: Zamazenta|Iron Defense|p1a: Zamazenta
|-boost|p1a: Zamazenta|def|2
|move|p2a: Fat fish|Scald|p1a: Zamazenta
|-damage|p1a: Zamazenta|64/100 brn
|
|-heal|p2a: Fat fish|100/100|[from] move: Wish|[wisher] Fat fish
|-heal|p1a: Zamazenta|70/100 brn|[from] item: Leftovers
|-damage|p1a: Zamazenta|64/100 brn|[from] brn
|upkeep
|turn|88
|
|t:|1760793902
|move|p1a: Zamazenta|Body Press|p2a: Fat fish
|-damage|p2a: Fat fish|81/100
|-damage|p1a: Zamazenta|47/100 brn|[from] item: Rocky Helmet|[of] p2a: Fat fish
|move|p2a: Fat fish|Scald|p1a: Zamazenta
|-damage|p1a: Zamazenta|35/100 brn
|
|-heal|p1a: Zamazenta|41/100 brn|[from] item: Leftovers
|-damage|p1a: Zamazenta|35/100 brn|[from] brn
|upkeep
|turn|89
|
|t:|1760793914
|switch|p1a: Slowking|Slowking-Galar, F|94/100
|move|p2a: Fat fish|Scald|p1a: Slowking
|-damage|p1a: Slowking|86/100
|-status|p1a: Slowking|brn
|
|-damage|p1a: Slowking|80/100 brn|[from] brn
|upkeep
|turn|90
|c|☆astolfo cesar|Did your damage decrease?
|
|t:|1760793938
|move|p2a: Fat fish|Flip Turn|p1a: Slowking
|-damage|p1a: Slowking|63/100 brn
|
|t:|1760793941
|switch|p2a: Kturem (No ideas)|Kyurem|74/100|[from] Flip Turn
|-ability|p2a: Kturem (No ideas)|Pressure
|-prepare|p1a: Slowking|Chilly Reception|[premajor]
|move|p1a: Slowking|Chilly Reception|p1a: Slowking
|-weather|Snowscape
|
|t:|1760793953
|switch|p1a: Zamazenta|Zamazenta|35/100 brn|[from] Chilly Reception
|
|-weather|Snowscape|[upkeep]
|-heal|p1a: Zamazenta|41/100 brn|[from] item: Leftovers
|-heal|p2a: Kturem (No ideas)|80/100|[from] item: Leftovers
|-damage|p1a: Zamazenta|35/100 brn|[from] brn
|upkeep
|turn|91
|
|t:|1760793966
|move|p2a: Kturem (No ideas)|Substitute|p2a: Kturem (No ideas)
|-start|p2a: Kturem (No ideas)|Substitute
|-damage|p2a: Kturem (No ideas)|55/100
|move|p1a: Zamazenta|Roar|p2a: Kturem (No ideas)
|drag|p2a: Fat fish|Alomomola, F|100/100
|
|-weather|Snowscape|[upkeep]
|-heal|p1a: Zamazenta|41/100 brn|[from] item: Leftovers
|-damage|p1a: Zamazenta|35/100 brn|[from] brn
|upkeep
|turn|92
|c|☆RJoyful|idk
|c|☆astolfo cesar|:l
|c|☆RJoyful|this is a good match tho
|
|t:|1760793985
|switch|p1a: Hoopa|Hoopa-Unbound, tera:Dark|100/100
|move|p2a: Fat fish|Flip Turn|p1a: Hoopa
|-damage|p1a: Hoopa|70/100
|
|t:|1760793990
|switch|p2a: Kturem (No ideas)|Kyurem|55/100|[from] Flip Turn
|-ability|p2a: Kturem (No ideas)|Pressure
|
|-weather|Snowscape|[upkeep]
|-heal|p2a: Kturem (No ideas)|61/100|[from] item: Leftovers
|upkeep
|turn|93
|
|t:|1760794006
|switch|p1a: Alomomola|Alomomola, F|83/100 brn
|move|p2a: Kturem (No ideas)|Substitute|p2a: Kturem (No ideas)
|-start|p2a: Kturem (No ideas)|Substitute
|-damage|p2a: Kturem (No ideas)|36/100
|
|-weather|Snowscape|[upkeep]
|-heal|p2a: Kturem (No ideas)|42/100|[from] item: Leftovers
|-damage|p1a: Alomomola|77/100 brn|[from] brn
|upkeep
|turn|94
|
|t:|1760794019
|move|p2a: Kturem (No ideas)|Freeze-Dry|p1a: Alomomola
|-supereffective|p1a: Alomomola
|-damage|p1a: Alomomola|14/100 brn
|move|p1a: Alomomola|Wish|p1a: Alomomola
|
|-weather|none
|-heal|p2a: Kturem (No ideas)|49/100|[from] item: Leftovers
|-damage|p1a: Alomomola|8/100 brn|[from] brn
|upkeep
|turn|95
|
|t:|1760794030
|switch|p1a: Slowking|Slowking-Galar, F|96/100 brn
|move|p2a: Kturem (No ideas)|Protect||[still]
|-fail|p2a: Kturem (No ideas)
|
|-heal|p1a: Slowking|100/100 brn|[from] move: Wish|[wisher] Alomomola
|-heal|p2a: Kturem (No ideas)|55/100|[from] item: Leftovers
|-damage|p1a: Slowking|94/100 brn|[from] brn
|upkeep
|turn|96
|
|t:|1760794043
|move|p2a: Kturem (No ideas)|Earth Power|p1a: Slowking
|-supereffective|p1a: Slowking
|-damage|p1a: Slowking|57/100 brn
|move|p1a: Slowking|Future Sight|p2a: Kturem (No ideas)
|-start|p1a: Slowking|move: Future Sight
|
|-heal|p2a: Kturem (No ideas)|61/100|[from] item: Leftovers
|-damage|p1a: Slowking|51/100 brn|[from] brn
|upkeep
|turn|97
|
|t:|1760794063
|move|p2a: Kturem (No ideas)|Protect|p2a: Kturem (No ideas)
|-singleturn|p2a: Kturem (No ideas)|Protect
|-prepare|p1a: Slowking|Chilly Reception|[premajor]
|move|p1a: Slowking|Chilly Reception|p1a: Slowking
|-weather|Snowscape
|
|t:|1760794072
|switch|p1a: Kingambit|Kingambit, F|89/100 brn|[from] Chilly Reception
|-activate|p1a: Kingambit|ability: Supreme Overlord
|-start|p1a: Kingambit|fallen1|[silent]
|
|-weather|Snowscape|[upkeep]
|-heal|p2a: Kturem (No ideas)|67/100|[from] item: Leftovers
|-heal|p1a: Kingambit|95/100 brn|[from] item: Leftovers
|-damage|p1a: Kingambit|89/100 brn|[from] brn
|upkeep
|turn|98
|
|t:|1760794090
|-end|p1a: Kingambit|fallen1|[silent]
|switch|p1a: Alomomola|Alomomola, F|41/100 brn
|move|p2a: Kturem (No ideas)|Earth Power|p1a: Alomomola
|-damage|p1a: Alomomola|14/100 brn
|
|-weather|Snowscape|[upkeep]
|-end|p2a: Kturem (No ideas)|move: Future Sight
|-end|p2a: Kturem (No ideas)|Substitute
|-heal|p2a: Kturem (No ideas)|73/100|[from] item: Leftovers
|-damage|p1a: Alomomola|8/100 brn|[from] brn
|upkeep
|turn|99
|
|t:|1760794105
|switch|p1a: Slowking|Slowking-Galar, F|84/100 brn
|move|p2a: Kturem (No ideas)|Substitute|p2a: Kturem (No ideas)
|-start|p2a: Kturem (No ideas)|Substitute
|-damage|p2a: Kturem (No ideas)|48/100
|
|-weather|Snowscape|[upkeep]
|-heal|p2a: Kturem (No ideas)|54/100|[from] item: Leftovers
|-damage|p1a: Slowking|78/100 brn|[from] brn
|upkeep
|turn|100
|
|t:|1760794114
|move|p2a: Kturem (No ideas)|Freeze-Dry|p1a: Slowking
|-damage|p1a: Slowking|57/100 brn
|move|p1a: Slowking|Future Sight|p2a: Kturem (No ideas)
|-start|p1a: Slowking|move: Future Sight
|
|-weather|Snowscape|[upkeep]
|-heal|p2a: Kturem (No ideas)|61/100|[from] item: Leftovers
|-damage|p1a: Slowking|51/100 brn|[from] brn
|upkeep
|turn|101
RJoyful is offering a tie.
|c|☆RJoyful|?
|inactive|RJoyful has 120 seconds left.
|c|☆astolfo cesar|Nah
astolfo cesar rejected the tie.
|c|☆RJoyful|lmao
|
|t:|1760794154
|switch|p1a: Alomomola|Alomomola, F|41/100 brn
|move|p2a: Kturem (No ideas)|Freeze-Dry|p1a: Alomomola
|-supereffective|p1a: Alomomola
|-damage|p1a: Alomomola|0 fnt
|faint|p1a: Alomomola
|
|-weather|none
|-heal|p2a: Kturem (No ideas)|67/100|[from] item: Leftovers
|upkeep
|c|☆astolfo cesar|This is being fun
|
|t:|1760794168
|switch|p1a: Slowking|Slowking-Galar, F|84/100 brn
|turn|102
|inactive|RJoyful has 90 seconds left.
|
|t:|1760794186
|move|p2a: Kturem (No ideas)|Earth Power|p1a: Slowking
|-supereffective|p1a: Slowking
|-damage|p1a: Slowking|47/100 brn
|-prepare|p1a: Slowking|Chilly Reception|[premajor]
|move|p1a: Slowking|Chilly Reception|p1a: Slowking
|-weather|Snowscape
|inactive|RJoyful has 90 seconds left.
|
|t:|1760794197
|switch|p1a: Hoopa|Hoopa-Unbound, tera:Dark|70/100|[from] Chilly Reception
|
|-weather|Snowscape|[upkeep]
|-end|p2a: Kturem (No ideas)|move: Future Sight
|-end|p2a: Kturem (No ideas)|Substitute
|-heal|p2a: Kturem (No ideas)|73/100|[from] item: Leftovers
|upkeep
|turn|103
|
|t:|1760794208
|move|p2a: Kturem (No ideas)|Substitute|p2a: Kturem (No ideas)
|-start|p2a: Kturem (No ideas)|Substitute
|-damage|p2a: Kturem (No ideas)|48/100
|move|p1a: Hoopa|Hyperspace Fury|p2a: Kturem (No ideas)
|-damage|p2a: Kturem (No ideas)|0 fnt
|-unboost|p1a: Hoopa|def|1
|faint|p2a: Kturem (No ideas)
|
|-weather|Snowscape|[upkeep]
|upkeep
|
|t:|1760794216
|switch|p2a: Fat fish|Alomomola, F|100/100
|turn|104
|inactive|RJoyful has 90 seconds left.
|
|t:|1760794226
|switch|p1a: Slowking|Slowking-Galar, F|81/100 brn
|move|p2a: Fat fish|Scald|p1a: Slowking
|-damage|p1a: Slowking|73/100 brn
|
|-weather|Snowscape|[upkeep]
|-damage|p1a: Slowking|67/100 brn|[from] brn
|upkeep
|turn|105
|inactive|RJoyful has 90 seconds left.
|
|t:|1760794244
|move|p2a: Fat fish|Scald|p1a: Slowking
|-damage|p1a: Slowking|59/100 brn
|move|p1a: Slowking|Sludge Bomb|p2a: Fat fish
|-damage|p2a: Fat fish|61/100
|
|-weather|Snowscape|[upkeep]
|-damage|p1a: Slowking|53/100 brn|[from] brn
|upkeep
|turn|106
|
|t:|1760794255
|switch|p1a: Hoopa|Hoopa-Unbound, tera:Dark|70/100
|move|p2a: Fat fish|Wish|p2a: Fat fish
|
|-weather|none
|upkeep
|turn|107
|
|t:|1760794273
|move|p1a: Hoopa|Drain Punch|p2a: Fat fish
|-damage|p2a: Fat fish|36/100
|-heal|p1a: Hoopa|93/100|[from] drain|[of] p2a: Fat fish
|-damage|p1a: Hoopa|76/100|[from] item: Rocky Helmet|[of] p2a: Fat fish
|move|p2a: Fat fish|Scald|p1a: Hoopa
|-damage|p1a: Hoopa|65/100
|-status|p1a: Hoopa|brn
|
|-heal|p2a: Fat fish|86/100|[from] move: Wish|[wisher] Fat fish
|-damage|p1a: Hoopa|59/100 brn|[from] brn
|upkeep
|turn|108
|inactive|RJoyful has 60 seconds left.
|
|t:|1760794286
|switch|p1a: Slowking|Slowking-Galar, F|86/100 brn
|move|p2a: Fat fish|Scald|p1a: Slowking
|-damage|p1a: Slowking|79/100 brn
|
|-damage|p1a: Slowking|73/100 brn|[from] brn
|upkeep
|turn|109
|inactive|RJoyful has 60 seconds left.
|
|t:|1760794302
|move|p2a: Fat fish|Flip Turn|p1a: Slowking
|-damage|p1a: Slowking|56/100 brn
|move|p1a: Slowking|Sludge Bomb|p2a: Fat fish
|-damage|p2a: Fat fish|47/100
|-status|p2a: Fat fish|psn
|
|-damage|p2a: Fat fish|35/100 psn|[from] psn
|-damage|p1a: Slowking|50/100 brn|[from] brn
|upkeep
|turn|110
|
|t:|1760794313
|switch|p1a: Hoopa|Hoopa-Unbound, tera:Dark|59/100 brn
|move|p2a: Fat fish|Wish|p2a: Fat fish
|
|-damage|p2a: Fat fish|22/100 psn|[from] psn
|-damage|p1a: Hoopa|53/100 brn|[from] brn
|upkeep
|turn|111
|c|☆RJoyful|ggs
|c|☆astolfo cesar|ggwp
|
|t:|1760794333
|move|p1a: Hoopa|Drain Punch|p2a: Fat fish
|-damage|p2a: Fat fish|9/100 psn
|-heal|p1a: Hoopa|65/100 brn|[from] drain|[of] p2a: Fat fish
|-damage|p1a: Hoopa|49/100 brn|[from] item: Rocky Helmet|[of] p2a: Fat fish
|move|p2a: Fat fish|Scald|p1a: Hoopa
|-damage|p1a: Hoopa|35/100 brn
|
|-heal|p2a: Fat fish|59/100 psn|[from] move: Wish|[wisher] Fat fish
|-damage|p2a: Fat fish|46/100 psn|[from] psn
|-damage|p1a: Hoopa|29/100 brn|[from] brn
|upkeep
|turn|112
|c|☆RJoyful|welp
|c|☆astolfo cesar|:I
|
|t:|1760794349
|switch|p1a: Slowking|Slowking-Galar, F|83/100 brn
|move|p2a: Fat fish|Wish|p2a: Fat fish
|
|-damage|p2a: Fat fish|34/100 psn|[from] psn
|-damage|p1a: Slowking|77/100 brn|[from] brn
|upkeep
|turn|113
|
|t:|1760794356
|move|p2a: Fat fish|Protect|p2a: Fat fish
|-singleturn|p2a: Fat fish|Protect
|move|p1a: Slowking|Future Sight|p2a: Fat fish
|-start|p1a: Slowking|move: Future Sight
|
|-heal|p2a: Fat fish|84/100 psn|[from] move: Wish|[wisher] Fat fish
|-damage|p2a: Fat fish|71/100 psn|[from] psn
|-damage|p1a: Slowking|71/100 brn|[from] brn
|upkeep
|turn|114
|inactive|RJoyful has 30 seconds left.
|
|t:|1760794369
|switch|p1a: Kingambit|Kingambit, F|89/100 brn
|-activate|p1a: Kingambit|ability: Supreme Overlord
|-start|p1a: Kingambit|fallen2|[silent]
|move|p2a: Fat fish|Flip Turn|p1a: Kingambit
|-damage|p1a: Kingambit|76/100 brn
|
|-heal|p1a: Kingambit|83/100 brn|[from] item: Leftovers
|-damage|p2a: Fat fish|59/100 psn|[from] psn
|-damage|p1a: Kingambit|76/100 brn|[from] brn
|upkeep
|turn|115
|inactive|RJoyful has 30 seconds left.
|
|t:|1760794383
|move|p1a: Kingambit|Swords Dance|p1a: Kingambit
|-boost|p1a: Kingambit|atk|2
|move|p2a: Fat fish|Scald|p1a: Kingambit
|-crit|p1a: Kingambit
|-damage|p1a: Kingambit|57/100 brn
|
|-end|p2a: Fat fish|move: Future Sight
|-damage|p2a: Fat fish|4/100 psn
|-heal|p1a: Kingambit|64/100 brn|[from] item: Leftovers
|-damage|p2a: Fat fish|0 fnt|[from] psn
|faint|p2a: Fat fish
|
|win|RJoyful
|raw|RJoyful's rating: 1112 &rarr; <strong>1139</strong><br />(+27 for winning)
|raw|astolfo cesar's rating: 1134 &rarr; <strong>1107</strong><br />(-27 for losing)
|c|☆astolfo cesar|Well played
|c|☆RJoyful|gg
|c|☆RJoyful|wp
