|j|☆lab addict
|j|☆Crocodile E
|t:|1760867967
|gametype|singles
|player|p1|lab addict|colress|1698
|player|p2|Crocodile E|boarder|1647
|gen|9
|tier|[Gen 9] OU
|rated|
|rule|HP Percentage Mod: HP is shown in percentages
|rule|Endless Battle Clause: Forcing endless battles is banned
|rule|Species Clause: Limit one of each Pokémon
|rule|OHKO Clause: OHKO moves are banned
|rule|Evasion Items Clause: Evasion items are banned
|rule|Evasion Moves Clause: Evasion moves are banned
|rule|Evasion Abilities Clause: Evasion abilities are banned
|rule|Sleep Moves Clause: Sleep-inducing moves are banned
|clearpoke
|poke|p1|Gholdengo|
|poke|p1|Rillaboom, F|
|poke|p1|Raging Bolt|
|poke|p1|Samurott-Hisui, M|
|poke|p1|Iron Treads|
|poke|p1|Bronzong|
|poke|p2|Deoxys-Speed|
|poke|p2|Gholdengo|
|poke|p2|Ting-Lu|
|poke|p2|Ogerpon-Wellspring, F|
|poke|p2|Kingambit, M|
|poke|p2|Raging Bolt|
|teampreview
|inactive|Battle timer is ON: inactive players will automatically lose when time's up. (requested by Crocodile E)
|
|t:|1760867973
|teamsize|p1|6
|teamsize|p2|6
|start
|switch|p1a: Raging Bolt|Raging Bolt|100/100
|switch|p2a: Deoxys|Deoxys-Speed|100/100
|-ability|p2a: Deoxys|Pressure
|turn|1
|
|t:|1760867976
|move|p2a: Deoxys|Ice Beam|p1a: Raging Bolt
|-supereffective|p1a: Raging Bolt
|-damage|p1a: Raging Bolt|43/100
|move|p1a: Raging Bolt|Draco Meteor|p2a: Deoxys
|-damage|p2a: Deoxys|0 fnt
|-unboost|p1a: Raging Bolt|spa|2
|faint|p2a: Deoxys
|
|upkeep
|
|t:|1760867985
|switch|p2a: Ting-Lu|Ting-Lu|100/100
|-ability|p2a: Ting-Lu|Vessel of Ruin
|turn|2
|
|t:|1760867989
|-end|p1a: Raging Bolt|Protosynthesis|[silent]
|switch|p1a: Rillaboom|Rillaboom, F|100/100
|-fieldstart|move: Grassy Terrain|[from] ability: Grassy Surge|[of] p1a: Rillaboom
|move|p2a: Ting-Lu|Stealth Rock|p1a: Rillaboom
|-sidestart|p1: lab addict|move: Stealth Rock
|
|upkeep
|turn|3
|
|t:|1760867992
|switch|p2a: Gholdengo|Gholdengo|100/100
|-item|p2a: Gholdengo|Air Balloon
|move|p1a: Rillaboom|Knock Off|p2a: Gholdengo
|-supereffective|p2a: Gholdengo
|-damage|p2a: Gholdengo|51/100
|-enditem|p2a: Gholdengo|Air Balloon
|
|-heal|p2a: Gholdengo|57/100|[from] Grassy Terrain
|upkeep
|turn|4
|
|t:|1760867996
|move|p1a: Rillaboom|U-turn|p2a: Gholdengo
|-resisted|p2a: Gholdengo
|-damage|p2a: Gholdengo|52/100
|
|t:|1760867998
|switch|p1a: Iron Treads|Iron Treads|100/100|[from] U-turn
|-damage|p1a: Iron Treads|98/100|[from] Stealth Rock
|-item|p1a: Iron Treads|Air Balloon
|move|p2a: Gholdengo|Recover|p2a: Gholdengo
|-heal|p2a: Gholdengo|100/100
|
|upkeep
|turn|5
|j| Chuolv
|
|t:|1760868001
|move|p1a: Iron Treads|Rapid Spin|p2a: Gholdengo
|-immune|p2a: Gholdengo
|move|p2a: Gholdengo|Nasty Plot|p2a: Gholdengo
|-boost|p2a: Gholdengo|spa|2
|
|upkeep
|turn|6
|
|t:|1760868004
|move|p1a: Iron Treads|Volt Switch|p2a: Gholdengo
|-damage|p2a: Gholdengo|89/100
|
|t:|1760868006
|-end|p1a: Iron Treads|Quark Drive|[silent]
|switch|p1a: Samurott|Samurott-Hisui, M|100/100|[from] Volt Switch
|-damage|p1a: Samurott|88/100|[from] Stealth Rock
|move|p2a: Gholdengo|Shadow Ball|p1a: Samurott
|-resisted|p1a: Samurott
|-damage|p1a: Samurott|37/100
|-unboost|p1a: Samurott|spd|1
|
|-heal|p1a: Samurott|43/100|[from] Grassy Terrain
|-heal|p2a: Gholdengo|95/100|[from] Grassy Terrain
|-fieldend|move: Grassy Terrain
|upkeep
|turn|7
|
|t:|1760868013
|-terastallize|p2a: Gholdengo|Fairy
|move|p1a: Samurott|Ceaseless Edge|p2a: Gholdengo
|-resisted|p2a: Gholdengo
|-damage|p2a: Gholdengo|77/100
|-sidestart|p2: Crocodile E|Spikes
|move|p2a: Gholdengo|Shadow Ball|p1a: Samurott
|-resisted|p1a: Samurott
|-damage|p1a: Samurott|0 fnt
|faint|p1a: Samurott
|
|upkeep
|
|t:|1760868017
|switch|p1a: Iron Treads|Iron Treads|98/100
|-damage|p1a: Iron Treads|95/100|[from] Stealth Rock
|-item|p1a: Iron Treads|Air Balloon
|turn|8
|
|t:|1760868019
|move|p1a: Iron Treads|Iron Head|p2a: Gholdengo
|-supereffective|p2a: Gholdengo
|-damage|p2a: Gholdengo|30/100
|move|p2a: Gholdengo|Shadow Ball|p1a: Iron Treads
|-damage|p1a: Iron Treads|18/100
|-enditem|p1a: Iron Treads|Air Balloon
|
|upkeep
|turn|9
|
|t:|1760868024
|move|p1a: Iron Treads|Rapid Spin|p2a: Gholdengo
|-damage|p2a: Gholdengo|19/100
|-boost|p1a: Iron Treads|spe|1
|-sideend|p1: lab addict|Stealth Rock|[from] move: Rapid Spin|[of] p1a: Iron Treads
|move|p2a: Gholdengo|Shadow Ball|p1a: Iron Treads
|-damage|p1a: Iron Treads|0 fnt
|faint|p1a: Iron Treads
|-end|p1a: Iron Treads|Quark Drive|[silent]
|
|upkeep
|
|t:|1760868029
|switch|p1a: Rillaboom|Rillaboom, F|100/100
|-fieldstart|move: Grassy Terrain|[from] ability: Grassy Surge|[of] p1a: Rillaboom
|turn|10
|
|t:|1760868033
|move|p1a: Rillaboom|Grassy Glide|p2a: Gholdengo
|-damage|p2a: Gholdengo|0 fnt
|faint|p2a: Gholdengo
|
|upkeep
|
|t:|1760868036
|switch|p2a: Raging Bolt|Raging Bolt|100/100
|-damage|p2a: Raging Bolt|88/100|[from] Spikes
|turn|11
|
|t:|1760868038
|move|p1a: Rillaboom|Knock Off|p2a: Raging Bolt
|-damage|p2a: Raging Bolt|57/100
|-enditem|p2a: Raging Bolt|Leftovers|[from] move: Knock Off|[of] p1a: Rillaboom
|move|p2a: Raging Bolt|Draco Meteor|p1a: Rillaboom|[miss]
|-miss|p2a: Raging Bolt|p1a: Rillaboom
|
|-heal|p2a: Raging Bolt|63/100|[from] Grassy Terrain
|upkeep
|turn|12
|
|t:|1760868045
|move|p1a: Rillaboom|Knock Off|p2a: Raging Bolt
|-damage|p2a: Raging Bolt|41/100
|move|p2a: Raging Bolt|Calm Mind|p2a: Raging Bolt
|-boost|p2a: Raging Bolt|spa|1
|-boost|p2a: Raging Bolt|spd|1
|
|-heal|p2a: Raging Bolt|47/100|[from] Grassy Terrain
|upkeep
|turn|13
|
|t:|1760868046
|move|p1a: Rillaboom|U-turn|p2a: Raging Bolt
|-damage|p2a: Raging Bolt|24/100
|
|t:|1760868050
|switch|p1a: Gholdengo|Gholdengo|100/100|[from] U-turn
|-enditem|p1a: Gholdengo|Grassy Seed
|-boost|p1a: Gholdengo|def|1|[from] item: Grassy Seed
|move|p2a: Raging Bolt|Draco Meteor|p1a: Gholdengo
|-resisted|p1a: Gholdengo
|-damage|p1a: Gholdengo|42/100
|-unboost|p2a: Raging Bolt|spa|2
|
|-heal|p2a: Raging Bolt|30/100|[from] Grassy Terrain
|-heal|p1a: Gholdengo|48/100|[from] Grassy Terrain
|upkeep
|turn|14
|
|t:|1760868053
|move|p2a: Raging Bolt|Thunderbolt|p1a: Gholdengo
|-damage|p1a: Gholdengo|14/100
|move|p1a: Gholdengo|Recover|p1a: Gholdengo
|-heal|p1a: Gholdengo|64/100
|
|-heal|p2a: Raging Bolt|36/100|[from] Grassy Terrain
|-heal|p1a: Gholdengo|70/100|[from] Grassy Terrain
|-fieldend|move: Grassy Terrain
|upkeep
|turn|15
|
|t:|1760868057
|move|p2a: Raging Bolt|Calm Mind|p2a: Raging Bolt
|-boost|p2a: Raging Bolt|spa|1
|-boost|p2a: Raging Bolt|spd|1
|move|p1a: Gholdengo|Recover|p1a: Gholdengo
|-heal|p1a: Gholdengo|100/100
|
|upkeep
|turn|16
|
|t:|1760868062
|move|p2a: Raging Bolt|Calm Mind|p2a: Raging Bolt
|-boost|p2a: Raging Bolt|spa|1
|-boost|p2a: Raging Bolt|spd|1
|move|p1a: Gholdengo|Nasty Plot|p1a: Gholdengo
|-boost|p1a: Gholdengo|spa|2
|
|upkeep
|turn|17
|
|t:|1760868066
|move|p2a: Raging Bolt|Thunderbolt|p1a: Gholdengo
|-damage|p1a: Gholdengo|27/100
|move|p1a: Gholdengo|Dazzling Gleam|p2a: Raging Bolt
|-supereffective|p2a: Raging Bolt
|-damage|p2a: Raging Bolt|4/100
|
|upkeep
|turn|18
|
|t:|1760868078
|move|p2a: Raging Bolt|Thunderbolt|p1a: Gholdengo
|-damage|p1a: Gholdengo|0 fnt
|faint|p1a: Gholdengo
|
|upkeep
|
|t:|1760868080
|switch|p1a: Rillaboom|Rillaboom, F|100/100
|-fieldstart|move: Grassy Terrain|[from] ability: Grassy Surge|[of] p1a: Rillaboom
|turn|19
|
|t:|1760868082
|move|p1a: Rillaboom|Grassy Glide|p2a: Raging Bolt
|-resisted|p2a: Raging Bolt
|-damage|p2a: Raging Bolt|0 fnt
|faint|p2a: Raging Bolt
|-end|p2a: Raging Bolt|Protosynthesis|[silent]
|
|upkeep
|
|t:|1760868085
|switch|p2a: Kingambit|Kingambit, M|100/100
|-damage|p2a: Kingambit|88/100|[from] Spikes
|-activate|p2a: Kingambit|ability: Supreme Overlord
|-start|p2a: Kingambit|fallen3|[silent]
|turn|20
|
|t:|1760868088
|move|p1a: Rillaboom|U-turn|p2a: Kingambit
|-damage|p2a: Kingambit|65/100
|
|t:|1760868090
|switch|p1a: Starlink|Bronzong, shiny|100/100|[from] U-turn
|move|p2a: Kingambit|Kowtow Cleave|p1a: Starlink
|-supereffective|p1a: Starlink
|-damage|p1a: Starlink|20/100
|
|-heal|p2a: Kingambit|71/100|[from] Grassy Terrain
|-heal|p1a: Starlink|26/100|[from] Grassy Terrain
|upkeep
|turn|21
|
|t:|1760868097
|-terastallize|p1a: Starlink|Fighting
|move|p2a: Kingambit|Kowtow Cleave|p1a: Starlink
|-resisted|p1a: Starlink
|-damage|p1a: Starlink|3/100
|move|p1a: Starlink|Body Press|p2a: Kingambit
|-supereffective|p2a: Kingambit
|-damage|p2a: Kingambit|0 fnt
|faint|p2a: Kingambit
|-end|p2a: Kingambit|fallen3|[silent]
|
|-heal|p1a: Starlink|10/100|[from] Grassy Terrain
|upkeep
|
|t:|1760868105
|switch|p2a: Ogerpon|Ogerpon-Wellspring, F|100/100
|-damage|p2a: Ogerpon|88/100|[from] Spikes
|turn|22
|l|☆lab addict
|inactive|lab addict disconnected and has a minute to reconnect!
|player|p1|
|j|☆lab addict
|inactive|lab addict reconnected and has 135 seconds left.
|player|p1|lab addict|colress|
|
|t:|1760868123
|move|p2a: Ogerpon|Substitute|p2a: Ogerpon
|-start|p2a: Ogerpon|Substitute
|-damage|p2a: Ogerpon|63/100
|move|p1a: Starlink|Body Press|p2a: Ogerpon
|-crit|p2a: Ogerpon
|-end|p2a: Ogerpon|Substitute
|
|-heal|p2a: Ogerpon|69/100|[from] Grassy Terrain
|-heal|p1a: Starlink|16/100|[from] Grassy Terrain
|upkeep
|turn|23
|
|t:|1760868125
|move|p2a: Ogerpon|Horn Leech|p1a: Starlink
|-damage|p1a: Starlink|0 fnt
|-heal|p2a: Ogerpon|78/100|[from] drain|[of] p1a: Starlink
|faint|p1a: Starlink
|
|-heal|p2a: Ogerpon|84/100|[from] Grassy Terrain
|-fieldend|move: Grassy Terrain
|upkeep
|
|t:|1760868135
|switch|p1a: Rillaboom|Rillaboom, F|100/100
|-fieldstart|move: Grassy Terrain|[from] ability: Grassy Surge|[of] p1a: Rillaboom
|turn|24
|
|t:|1760868137
|move|p2a: Ogerpon|Horn Leech|p1a: Rillaboom
|-resisted|p1a: Rillaboom
|-damage|p1a: Rillaboom|70/100
|-heal|p2a: Ogerpon|100/100|[from] drain|[of] p1a: Rillaboom
|move|p1a: Rillaboom|Wood Hammer|p2a: Ogerpon
|-damage|p2a: Ogerpon|0 fnt
|faint|p2a: Ogerpon
|-damage|p1a: Rillaboom|41/100|[from] Recoil
|
|-heal|p1a: Rillaboom|47/100|[from] Grassy Terrain
|upkeep
|
|t:|1760868140
|switch|p2a: Ting-Lu|Ting-Lu|100/100
|-damage|p2a: Ting-Lu|88/100|[from] Spikes
|-ability|p2a: Ting-Lu|Vessel of Ruin
|turn|25
|
|t:|1760868147
|move|p1a: Rillaboom|Wood Hammer|p2a: Ting-Lu
|-supereffective|p2a: Ting-Lu
|-damage|p2a: Ting-Lu|0 fnt
|faint|p2a: Ting-Lu
|-damage|p1a: Rillaboom|4/100|[from] Recoil
|
|win|lab addict
|raw|lab addict's rating: 1698 &rarr; <strong>1715</strong><br />(+17 for winning)
|raw|Crocodile E's rating: 1647 &rarr; <strong>1630</strong><br />(-17 for losing)
|l|☆Crocodile E
|player|p2|
|l|☆lab addict
|player|p1|
|j|☆lab addict
|player|p1|lab addict|colress|
|l|☆lab addict
|player|p1|
|l| Chuolv
