|j|☆meatrub
|j|☆Edward Wang
|t:|1760771637
|gametype|singles
|player|p1|meatrub|swimmer-gen4dp|1233
|player|p2|Edward Wang|preschooler|1243
|gen|9
|tier|[Gen 9] OU
|rated|
|rule|HP Percentage Mod: HP is shown in percentages
|rule|Endless Battle Clause: Forcing endless battles is banned
|rule|Species Clause: Limit one of each Pokémon
|rule|OHKO Clause: OHKO moves are banned
|rule|Evasion Items Clause: Evasion items are banned
|rule|Evasion Moves Clause: Evasion moves are banned
|rule|Evasion Abilities Clause: Evasion abilities are banned
|rule|Sleep Moves Clause: Sleep-inducing moves are banned
|clearpoke
|poke|p1|Kommo-o, M|
|poke|p1|Scizor, F|
|poke|p1|Iron Treads|
|poke|p1|Ninetales-Alola, M|
|poke|p1|Samurott-Hisui, F|
|poke|p1|Iron Moth|
|poke|p2|Garganacl, F|
|poke|p2|Jirachi|
|poke|p2|Serperior, F|
|poke|p2|Landorus-Therian, M|
|poke|p2|Blissey, F|
|poke|p2|Weezing-Galar, M|
|teampreview
|inactive|Battle timer is ON: inactive players will automatically lose when time's up. (requested by meatrub)
|inactive|Edward Wang has 120 seconds left.
|inactive|Edward Wang has 90 seconds left.
|inactive|Edward Wang has 60 seconds left.
|inactive|Edward Wang has 30 seconds left.
|
|t:|1760771766
|teamsize|p1|6
|teamsize|p2|6
|start
|switch|p1a: Iron Treads|Iron Treads|100/100
|switch|p2a: Weezing|Weezing-Galar, M|100/100
|-ability|p2a: Weezing|Neutralizing Gas
|turn|1
|
|t:|1760771779
|move|p1a: Iron Treads|Stealth Rock|p2a: Weezing
|-sidestart|p2: Edward Wang|move: Stealth Rock
|move|p2a: Weezing|Will-O-Wisp|p1a: Iron Treads
|-status|p1a: Iron Treads|brn
|
|-damage|p1a: Iron Treads|94/100 brn|[from] brn
|upkeep
|turn|2
|inactive|Edward Wang has 90 seconds left.
|
|t:|1760771801
|-end|p2a: Weezing|ability: Neutralizing Gas
|switch|p2a: Landorus|Landorus-Therian, M|100/100
|-enditem|p1a: Iron Treads|Booster Energy
|-activate|p1a: Iron Treads|ability: Quark Drive|[fromitem]
|-start|p1a: Iron Treads|quarkdrivespe
|-damage|p2a: Landorus|88/100|[from] Stealth Rock
|-ability|p2a: Landorus|Intimidate|boost
|-unboost|p1a: Iron Treads|atk|1
|move|p1a: Iron Treads|Steel Beam|p2a: Landorus
|-damage|p2a: Landorus|24/100
|-damage|p1a: Iron Treads|44/100 brn|[from] steelbeam
|
|-damage|p1a: Iron Treads|38/100 brn|[from] brn
|upkeep
|turn|3
|inactive|Edward Wang has 90 seconds left.
|
|t:|1760771821
|switch|p2a: Blissey|Blissey, F, shiny|100/100
|-damage|p2a: Blissey|88/100|[from] Stealth Rock
|move|p1a: Iron Treads|Steel Beam|p2a: Blissey|[miss]
|-miss|p1a: Iron Treads|p2a: Blissey
|-damage|p1a: Iron Treads|0 fnt|[from] steelbeam
|faint|p1a: Iron Treads
|-end|p1a: Iron Treads|Quark Drive|[silent]
|
|upkeep
|
|t:|1760771831
|switch|p1a: Samurott|Samurott-Hisui, F|100/100
|turn|4
|
|t:|1760771838
|switch|p2a: Weezing|Weezing-Galar, M|100/100
|-ability|p2a: Weezing|Neutralizing Gas
|-damage|p2a: Weezing|88/100|[from] Stealth Rock
|move|p1a: Samurott|Swords Dance|p1a: Samurott
|-boost|p1a: Samurott|atk|2
|
|upkeep
|turn|5
|
|t:|1760771850
|move|p1a: Samurott|Ceaseless Edge|p2a: Weezing
|-resisted|p2a: Weezing
|-damage|p2a: Weezing|59/100
|-damage|p1a: Samurott|84/100|[from] item: Rocky Helmet|[of] p2a: Weezing
|-sidestart|p2: Edward Wang|Spikes
|move|p2a: Weezing|Haze|p2a: Weezing
|-clearallboost
|
|upkeep
|turn|6
|
|t:|1760771859
|move|p1a: Samurott|Swords Dance|p1a: Samurott
|-boost|p1a: Samurott|atk|2
|move|p2a: Weezing|Will-O-Wisp|p1a: Samurott
|-status|p1a: Samurott|brn
|
|-damage|p1a: Samurott|78/100 brn|[from] brn
|upkeep
|turn|7
|
|t:|1760771868
|move|p1a: Samurott|Ceaseless Edge|p2a: Weezing
|-resisted|p2a: Weezing
|-damage|p2a: Weezing|44/100
|-damage|p1a: Samurott|61/100 brn|[from] item: Rocky Helmet|[of] p2a: Weezing
|-sidestart|p2: Edward Wang|Spikes
|move|p2a: Weezing|Defog|p1a: Samurott
|-unboost|p1a: Samurott|evasion|1
|-sideend|p2: Edward Wang|Spikes|[from] move: Defog|[of] p2a: Weezing
|-sideend|p2: Edward Wang|Stealth Rock|[from] move: Defog|[of] p2a: Weezing
|
|-damage|p1a: Samurott|55/100 brn|[from] brn
|upkeep
|turn|8
|
|t:|1760771882
|move|p1a: Samurott|Ceaseless Edge|p2a: Weezing
|-resisted|p2a: Weezing
|-damage|p2a: Weezing|31/100
|-damage|p1a: Samurott|39/100 brn|[from] item: Rocky Helmet|[of] p2a: Weezing
|-sidestart|p2: Edward Wang|Spikes
|move|p2a: Weezing|Haze|p2a: Weezing
|-clearallboost
|
|-damage|p1a: Samurott|32/100 brn|[from] brn
|upkeep
|turn|9
|
|t:|1760771895
|-end|p2a: Weezing|ability: Neutralizing Gas
|switch|p2a: Jirachi|Jirachi|100/100
|-damage|p2a: Jirachi|88/100|[from] Spikes
|move|p1a: Samurott|Razor Shell|p2a: Jirachi
|-damage|p2a: Jirachi|68/100
|
|-damage|p1a: Samurott|26/100 brn|[from] brn
|upkeep
|turn|10
|
|t:|1760771906
|move|p2a: Jirachi|Cosmic Power|p2a: Jirachi
|-boost|p2a: Jirachi|def|1
|-boost|p2a: Jirachi|spd|1
|move|p1a: Samurott|Ceaseless Edge|p2a: Jirachi
|-supereffective|p2a: Jirachi
|-damage|p2a: Jirachi|36/100
|-enditem|p2a: Jirachi|Weakness Policy
|-boost|p2a: Jirachi|atk|2|[from] item: Weakness Policy
|-boost|p2a: Jirachi|spa|2|[from] item: Weakness Policy
|-sidestart|p2: Edward Wang|Spikes
|
|-damage|p1a: Samurott|20/100 brn|[from] brn
|upkeep
|turn|11
|
|t:|1760771922
|move|p2a: Jirachi|Drain Punch|p1a: Samurott
|-supereffective|p1a: Samurott
|-damage|p1a: Samurott|0 fnt
|-heal|p2a: Jirachi|44/100|[from] drain|[of] p1a: Samurott
|faint|p1a: Samurott
|
|upkeep
|
|t:|1760771929
|switch|p1a: Iron Moth|Iron Moth|100/100
|-enditem|p1a: Iron Moth|Booster Energy
|-activate|p1a: Iron Moth|ability: Quark Drive|[fromitem]
|-start|p1a: Iron Moth|quarkdrivespe
|turn|12
|inactive|Edward Wang has 120 seconds left.
|
|t:|1760771972
|-terastallize|p2a: Jirachi|Fighting
|move|p1a: Iron Moth|Fiery Dance|p2a: Jirachi
|-damage|p2a: Jirachi|19/100
|-boost|p1a: Iron Moth|spa|1
|move|p2a: Jirachi|Stored Power|p1a: Iron Moth
|-supereffective|p1a: Iron Moth
|-damage|p1a: Iron Moth|0 fnt
|faint|p1a: Iron Moth
|-end|p1a: Iron Moth|Quark Drive|[silent]
|
|upkeep
|
|t:|1760771983
|switch|p1a: Scizor|Scizor, F|100/100
|turn|13
|
|t:|1760771992
|move|p1a: Scizor|Bullet Punch|p2a: Jirachi
|-damage|p2a: Jirachi|0 fnt
|faint|p2a: Jirachi
|
|upkeep
|
|t:|1760771998
|switch|p2a: Garganacl|Garganacl, F, shiny|100/100
|-item|p2a: Garganacl|Air Balloon
|turn|14
|
|t:|1760772002
|move|p1a: Scizor|Bullet Punch|p2a: Garganacl
|-supereffective|p2a: Garganacl
|-damage|p2a: Garganacl|46/100
|-enditem|p2a: Garganacl|Air Balloon
|move|p2a: Garganacl|Iron Defense|p2a: Garganacl
|-boost|p2a: Garganacl|def|2
|
|upkeep
|turn|15
|
|t:|1760772011
|move|p1a: Scizor|Bullet Punch|p2a: Garganacl
|-supereffective|p2a: Garganacl
|-damage|p2a: Garganacl|20/100
|move|p2a: Garganacl|Recover|p2a: Garganacl
|-heal|p2a: Garganacl|70/100
|
|upkeep
|turn|16
|
|t:|1760772018
|move|p1a: Scizor|Bullet Punch|p2a: Garganacl
|-supereffective|p2a: Garganacl
|-damage|p2a: Garganacl|46/100
|move|p2a: Garganacl|Iron Defense|p2a: Garganacl
|-boost|p2a: Garganacl|def|2
|
|upkeep
|turn|17
|
|t:|1760772027
|move|p1a: Scizor|Bullet Punch|p2a: Garganacl
|-supereffective|p2a: Garganacl
|-damage|p2a: Garganacl|29/100
|move|p2a: Garganacl|Recover|p2a: Garganacl
|-heal|p2a: Garganacl|79/100
|
|upkeep
|turn|18
|
|t:|1760772034
|switch|p1a: Ninetales|Ninetales-Alola, M|100/100
|-weather|Snowscape|[from] ability: Snow Warning|[of] p1a: Ninetales
|move|p2a: Garganacl|Body Press|p1a: Ninetales
|-damage|p1a: Ninetales|25/100
|
|-weather|Snowscape|[upkeep]
|upkeep
|turn|19
|
|t:|1760772045
|move|p1a: Ninetales|Aurora Veil|p1a: Ninetales
|-sidestart|p1: meatrub|move: Aurora Veil
|move|p2a: Garganacl|Body Press|p1a: Ninetales
|-damage|p1a: Ninetales|0 fnt
|faint|p1a: Ninetales
|
|-weather|Snowscape|[upkeep]
|upkeep
|
|t:|1760772054
|switch|p1a: Kommo-o|Kommo-o, M|100/100
|turn|20
|
|t:|1760772059
|move|p1a: Kommo-o|Clangorous Soul|p1a: Kommo-o
|-boost|p1a: Kommo-o|atk|1
|-boost|p1a: Kommo-o|def|1
|-boost|p1a: Kommo-o|spa|1
|-boost|p1a: Kommo-o|spd|1
|-boost|p1a: Kommo-o|spe|1
|-damage|p1a: Kommo-o|68/100
|move|p2a: Garganacl|Body Press|p1a: Kommo-o
|-damage|p1a: Kommo-o|39/100
|
|-weather|Snowscape|[upkeep]
|upkeep
|turn|21
|-message|meatrub forfeited.
|
|win|Edward Wang
|raw|meatrub's rating: 1233 &rarr; <strong>1209</strong><br />(-24 for losing)
|raw|Edward Wang's rating: 1243 &rarr; <strong>1267</strong><br />(+24 for winning)
|l|☆meatrub
|player|p1|
|l|☆Edward Wang
|player|p2|
