|j|☆kk826
|j|☆dampthing
|t:|1760862432
|gametype|singles
|player|p1|kk826|dancer|1191
|player|p2|dampthing|cheren-gen5bw2|1153
|gen|9
|tier|[Gen 9] OU
|rated|
|rule|HP Percentage Mod: HP is shown in percentages
|rule|Endless Battle Clause: Forcing endless battles is banned
|rule|Species Clause: Limit one of each Pokémon
|rule|OHKO Clause: OHKO moves are banned
|rule|Evasion Items Clause: Evasion items are banned
|rule|Evasion Moves Clause: Evasion moves are banned
|rule|Evasion Abilities Clause: Evasion abilities are banned
|rule|Sleep Moves Clause: Sleep-inducing moves are banned
|clearpoke
|poke|p1|Garganacl, M|
|poke|p1|Empoleon, F|
|poke|p1|Blaziken, F|
|poke|p1|Meowscarada, F|
|poke|p1|Vikavolt, M|
|poke|p1|Meloetta|
|poke|p2|Indeedee, M|
|poke|p2|Hatterene, F|
|poke|p2|Iron Crown|
|poke|p2|Iron Valiant|
|poke|p2|Armarouge, F|
|poke|p2|Zamazenta-*|
|teampreview
|inactive|Battle timer is ON: inactive players will automatically lose when time's up. (requested by dampthing)
|
|t:|1760862438
|teamsize|p1|6
|teamsize|p2|6
|start
|switch|p1a: Vikavolt|Vikavolt, M|100/100
|switch|p2a: Indeedee|Indeedee, M|100/100
|-fieldstart|move: Psychic Terrain|[from] ability: Psychic Surge|[of] p2a: Indeedee
|turn|1
|
|t:|1760862450
|switch|p2a: Hatterene|Hatterene, F|100/100
|move|p1a: Vikavolt|Bug Buzz|p2a: Hatterene
|-damage|p2a: Hatterene|66/100
|
|upkeep
|turn|2
|
|t:|1760862474
|move|p1a: Vikavolt|Volt Switch|p2a: Hatterene
|-damage|p2a: Hatterene|38/100
|
|t:|1760862487
|switch|p1a: Garganacl|Garganacl, M|100/100|[from] Volt Switch
|move|p2a: Hatterene|Expanding Force|p1a: Garganacl
|-damage|p1a: Garganacl|23/100
|
|-heal|p1a: Garganacl|29/100|[from] item: Leftovers
|upkeep
|turn|3
|
|t:|1760862498
|move|p1a: Garganacl|Salt Cure|p2a: Hatterene
|-crit|p2a: Hatterene
|-damage|p2a: Hatterene|12/100
|-start|p2a: Hatterene|Salt Cure
|move|p2a: Hatterene|Expanding Force|p1a: Garganacl
|-damage|p1a: Garganacl|0 fnt
|faint|p1a: Garganacl
|
|-damage|p2a: Hatterene|0 fnt|[from] Salt Cure
|faint|p2a: Hatterene
|upkeep
|
|t:|1760862510
|switch|p1a: Vikavolt|Vikavolt, M|100/100
|switch|p2a: Armarouge|Armarouge, F|100/100
|turn|4
|
|t:|1760862532
|switch|p1a: Empoleon|Empoleon, F|100/100
|move|p2a: Armarouge|Expanding Force|p1a: Empoleon
|-resisted|p1a: Empoleon
|-crit|p1a: Empoleon
|-damage|p1a: Empoleon|45/100
|
|-heal|p1a: Empoleon|51/100|[from] item: Leftovers
|upkeep
|turn|5
|
|t:|1760862542
|switch|p2a: Zamazenta|Zamazenta|100/100
|-ability|p2a: Zamazenta|Dauntless Shield|boost
|-boost|p2a: Zamazenta|def|1
|move|p1a: Empoleon|Roost|p1a: Empoleon
|-heal|p1a: Empoleon|100/100
|-singleturn|p1a: Empoleon|move: Roost
|
|upkeep
|turn|6
|
|t:|1760862552
|-terastallize|p1a: Empoleon|Water
|move|p2a: Zamazenta|Iron Defense|p2a: Zamazenta
|-boost|p2a: Zamazenta|def|2
|move|p1a: Empoleon|Hydro Pump|p2a: Zamazenta
|-damage|p2a: Zamazenta|33/100
|
|-heal|p2a: Zamazenta|40/100|[from] item: Leftovers
|upkeep
|turn|7
|
|t:|1760862569
|move|p2a: Zamazenta|Body Press|p1a: Empoleon
|-damage|p1a: Empoleon|0 fnt
|faint|p1a: Empoleon
|
|-heal|p2a: Zamazenta|46/100|[from] item: Leftovers
|upkeep
|inactive|kk826 has 120 seconds left.
|
|t:|1760862588
|switch|p1a: Meowscarada|Meowscarada, F|100/100
|turn|8
|inactive|kk826 has 120 seconds left.
|
|t:|1760862601
|move|p1a: Meowscarada|Flower Trick|p2a: Zamazenta
|-start|p1a: Meowscarada|typechange|Grass|[from] ability: Protean
|-crit|p2a: Zamazenta
|-damage|p2a: Zamazenta|7/100
|move|p2a: Zamazenta|Body Press|p1a: Meowscarada
|-damage|p1a: Meowscarada|0 fnt
|faint|p1a: Meowscarada
|
|-heal|p2a: Zamazenta|13/100|[from] item: Leftovers
|-fieldend|move: Psychic Terrain
|upkeep
|inactive|kk826 has 120 seconds left.
|
|t:|1760862619
|switch|p1a: Blaziken|Blaziken, F|100/100
|turn|9
|
|t:|1760862634
|move|p2a: Zamazenta|Body Press|p1a: Blaziken
|-crit|p1a: Blaziken
|-enditem|p1a: Blaziken|Focus Sash
|-damage|p1a: Blaziken|1/100
|move|p1a: Blaziken|Swords Dance|p1a: Blaziken
|-boost|p1a: Blaziken|atk|2
|
|-heal|p2a: Zamazenta|19/100|[from] item: Leftovers
|-ability|p1a: Blaziken|Speed Boost|boost
|-boost|p1a: Blaziken|spe|1
|upkeep
|turn|10
|
|t:|1760862649
|move|p1a: Blaziken|Protect|p1a: Blaziken
|-singleturn|p1a: Blaziken|Protect
|move|p2a: Zamazenta|Body Press|p1a: Blaziken
|-activate|p1a: Blaziken|move: Protect
|
|-heal|p2a: Zamazenta|25/100|[from] item: Leftovers
|-ability|p1a: Blaziken|Speed Boost|boost
|-boost|p1a: Blaziken|spe|1
|upkeep
|turn|11
|
|t:|1760862659
|move|p1a: Blaziken|Close Combat|p2a: Zamazenta
|-damage|p2a: Zamazenta|0 fnt
|-unboost|p1a: Blaziken|def|1
|-unboost|p1a: Blaziken|spd|1
|faint|p2a: Zamazenta
|
|-ability|p1a: Blaziken|Speed Boost|boost
|-boost|p1a: Blaziken|spe|1
|upkeep
|
|t:|1760862662
|switch|p2a: Iron Valiant|Iron Valiant|100/100
|-enditem|p2a: Iron Valiant|Booster Energy
|-activate|p2a: Iron Valiant|ability: Quark Drive|[fromitem]
|-start|p2a: Iron Valiant|quarkdrivespe
|turn|12
|
|t:|1760862675
|move|p1a: Blaziken|Protect|p1a: Blaziken
|-singleturn|p1a: Blaziken|Protect
|move|p2a: Iron Valiant|Vacuum Wave|p1a: Blaziken
|-activate|p1a: Blaziken|move: Protect
|
|-ability|p1a: Blaziken|Speed Boost|boost
|-boost|p1a: Blaziken|spe|1
|upkeep
|turn|13
|
|t:|1760862684
|switch|p1a: Vikavolt|Vikavolt, M|100/100
|move|p2a: Iron Valiant|Vacuum Wave|p1a: Vikavolt
|-resisted|p1a: Vikavolt
|-damage|p1a: Vikavolt|88/100
|
|upkeep
|turn|14
|inactive|kk826 has 120 seconds left.
|
|t:|1760862693
|move|p2a: Iron Valiant|Moonblast|p1a: Vikavolt
|-damage|p1a: Vikavolt|25/100
|move|p1a: Vikavolt|Sticky Web|p2a: Iron Valiant
|-sidestart|p2: dampthing|move: Sticky Web
|
|upkeep
|turn|15
|
|t:|1760862702
|move|p2a: Iron Valiant|Moonblast|p1a: Vikavolt
|-damage|p1a: Vikavolt|0 fnt
|faint|p1a: Vikavolt
|
|upkeep
|
|t:|1760862707
|switch|p1a: Meloetta|Meloetta|100/100
|turn|16
|
|t:|1760862716
|move|p2a: Iron Valiant|Knock Off|p1a: Meloetta
|-supereffective|p1a: Meloetta
|-damage|p1a: Meloetta|32/100
|-enditem|p1a: Meloetta|Assault Vest|[from] move: Knock Off|[of] p2a: Iron Valiant
|move|p1a: Meloetta|Psychic|p2a: Iron Valiant
|-supereffective|p2a: Iron Valiant
|-damage|p2a: Iron Valiant|0 fnt
|faint|p2a: Iron Valiant
|-end|p2a: Iron Valiant|Quark Drive|[silent]
|
|upkeep
|
|t:|1760862732
|switch|p2a: Indeedee|Indeedee, M|100/100
|-activate|p2a: Indeedee|move: Sticky Web
|-unboost|p2a: Indeedee|spe|1
|-fieldstart|move: Psychic Terrain|[from] ability: Psychic Surge|[of] p2a: Indeedee
|turn|17
|
|t:|1760862745
|move|p1a: Meloetta|Psychic|p2a: Indeedee
|-resisted|p2a: Indeedee
|-damage|p2a: Indeedee|69/100
|move|p2a: Indeedee|Expanding Force|p1a: Meloetta
|-resisted|p1a: Meloetta
|-damage|p1a: Meloetta|10/100
|
|upkeep
|turn|18
|
|t:|1760862754
|move|p1a: Meloetta|Psychic|p2a: Indeedee
|-resisted|p2a: Indeedee
|-damage|p2a: Indeedee|35/100
|move|p2a: Indeedee|Expanding Force|p1a: Meloetta
|-resisted|p1a: Meloetta
|-damage|p1a: Meloetta|0 fnt
|faint|p1a: Meloetta
|
|upkeep
|
|t:|1760862762
|switch|p1a: Blaziken|Blaziken, F|1/100
|turn|19
|
|t:|1760862784
|switch|p2a: Armarouge|Armarouge, F|100/100
|-activate|p2a: Armarouge|move: Sticky Web
|-unboost|p2a: Armarouge|spe|1
|move|p1a: Blaziken|Close Combat|p2a: Armarouge
|-resisted|p2a: Armarouge
|-crit|p2a: Armarouge
|-damage|p2a: Armarouge|51/100
|-unboost|p1a: Blaziken|def|1
|-unboost|p1a: Blaziken|spd|1
|-ability|p2a: Armarouge|Weak Armor|boost
|-unboost|p2a: Armarouge|def|1
|-boost|p2a: Armarouge|spe|2
|
|-ability|p1a: Blaziken|Speed Boost|boost
|-boost|p1a: Blaziken|spe|1
|upkeep
|turn|20
|
|t:|1760862799
|move|p2a: Armarouge|Expanding Force|p1a: Blaziken
|-supereffective|p1a: Blaziken
|-damage|p1a: Blaziken|0 fnt
|faint|p1a: Blaziken
|
|win|dampthing
|raw|kk826's rating: 1191 &rarr; <strong>1163</strong><br />(-28 for losing)
|raw|dampthing's rating: 1153 &rarr; <strong>1181</strong><br />(+28 for winning)
|l|☆kk826
|player|p1|
|l|☆dampthing
|player|p2|
