|j|☆Kretensky
|j|☆Chuck2025
|t:|1760762997
|gametype|singles
|player|p1|Kretensky|schoolkidf|1341
|player|p2|Chuck2025|265|1380
|gen|9
|tier|[Gen 9] OU
|rated|
|rule|HP Percentage Mod: HP is shown in percentages
|rule|Endless Battle Clause: Forcing endless battles is banned
|rule|Species Clause: Limit one of each Pokémon
|rule|OHKO Clause: OHKO moves are banned
|rule|Evasion Items Clause: Evasion items are banned
|rule|Evasion Moves Clause: Evasion moves are banned
|rule|Evasion Abilities Clause: Evasion abilities are banned
|rule|Sleep Moves Clause: Sleep-inducing moves are banned
|clearpoke
|poke|p1|Dragonite, F|
|poke|p1|Kyurem|
|poke|p1|Garchomp, F|
|poke|p1|Samurott-Hisui, M|
|poke|p1|Iron Crown|
|poke|p1|Rillaboom, M|
|poke|p2|Dragonite, F|
|poke|p2|Volcanion|
|poke|p2|Zamazenta-*|
|poke|p2|Meloetta|
|poke|p2|Iron Hands|
|poke|p2|Ogerpon-Wellspring, F|
|teampreview
|inactive|Battle timer is ON: inactive players will automatically lose when time's up. (requested by Chuck2025)
|
|t:|1760763026
|teamsize|p1|6
|teamsize|p2|6
|start
|switch|p1a: Rillaboom|Rillaboom, M|100/100
|switch|p2a: Iron Hands|Iron Hands, shiny|100/100
|-fieldstart|move: Grassy Terrain|[from] ability: Grassy Surge|[of] p1a: Rillaboom
|turn|1
|
|t:|1760763034
|move|p1a: Rillaboom|Knock Off|p2a: Iron Hands
|-resisted|p2a: Iron Hands
|-damage|p2a: Iron Hands|90/100
|-damage|p1a: Rillaboom|84/100|[from] item: Rocky Helmet|[of] p2a: Iron Hands
|-enditem|p2a: Iron Hands|Rocky Helmet|[from] move: Knock Off|[of] p1a: Rillaboom
|move|p2a: Iron Hands|Ice Punch|p1a: Rillaboom
|-supereffective|p1a: Rillaboom
|-damage|p1a: Rillaboom|21/100
|
|-heal|p1a: Rillaboom|27/100|[from] Grassy Terrain
|-heal|p2a: Iron Hands|96/100|[from] Grassy Terrain
|upkeep
|turn|2
|
|t:|1760763046
|move|p1a: Rillaboom|U-turn|p2a: Iron Hands
|-resisted|p2a: Iron Hands
|-damage|p2a: Iron Hands|88/100
|
|t:|1760763050
|switch|p1a: Garchomp|Garchomp, F|100/100|[from] U-turn
|move|p2a: Iron Hands|Drain Punch|p1a: Garchomp
|-damage|p1a: Garchomp|54/100
|-heal|p2a: Iron Hands|100/100|[from] drain|[of] p1a: Garchomp
|-damage|p2a: Iron Hands|88/100|[from] ability: Rough Skin|[of] p1a: Garchomp
|
|-heal|p1a: Garchomp|60/100|[from] Grassy Terrain
|-heal|p2a: Iron Hands|94/100|[from] Grassy Terrain
|upkeep
|turn|3
|
|t:|1760763062
|move|p1a: Garchomp|Earthquake|p2a: Iron Hands
|-supereffective|p2a: Iron Hands
|-damage|p2a: Iron Hands|63/100
|move|p2a: Iron Hands|Ice Punch|p1a: Garchomp
|-supereffective|p1a: Garchomp
|-damage|p1a: Garchomp|0 fnt
|-damage|p2a: Iron Hands|50/100|[from] ability: Rough Skin|[of] p1a: Garchomp
|faint|p1a: Garchomp
|
|-heal|p2a: Iron Hands|56/100|[from] Grassy Terrain
|upkeep
|
|t:|1760763069
|switch|p1a: Spectagaled|Kyurem, shiny|100/100
|-ability|p1a: Spectagaled|Pressure
|turn|4
|c|☆Kretensky|damn thats bulky
|
|t:|1760763077
|move|p1a: Spectagaled|Earth Power|p2a: Iron Hands
|-supereffective|p2a: Iron Hands
|-damage|p2a: Iron Hands|7/100
|move|p2a: Iron Hands|Drain Punch|p1a: Spectagaled
|-supereffective|p1a: Spectagaled
|-damage|p1a: Spectagaled|6/100
|-heal|p2a: Iron Hands|43/100|[from] drain|[of] p1a: Spectagaled
|
|-heal|p1a: Spectagaled|13/100|[from] Grassy Terrain
|-heal|p2a: Iron Hands|49/100|[from] Grassy Terrain
|upkeep
|turn|5
|
|t:|1760763088
|-end|p2a: Iron Hands|Quark Drive|[silent]
|switch|p2a: Dragonite|Dragonite, F|100/100
|move|p1a: Spectagaled|Earth Power|p2a: Dragonite
|-immune|p2a: Dragonite
|
|-heal|p1a: Spectagaled|19/100|[from] Grassy Terrain
|upkeep
|turn|6
|
|t:|1760763097
|move|p2a: Dragonite|Extreme Speed|p1a: Spectagaled
|-damage|p1a: Spectagaled|0 fnt
|faint|p1a: Spectagaled
|
|upkeep
|
|t:|1760763100
|switch|p1a: The Janitor|Dragonite, F, shiny|100/100
|turn|7
|
|t:|1760763105
|-terastallize|p2a: Dragonite|Fairy
|move|p1a: The Janitor|Dragon Dance|p1a: The Janitor
|-boost|p1a: The Janitor|atk|1
|-boost|p1a: The Janitor|spe|1
|move|p2a: Dragonite|Dragon Claw|p1a: The Janitor
|-supereffective|p1a: The Janitor
|-damage|p1a: The Janitor|51/100
|
|upkeep
|turn|8
|
|t:|1760763117
|-terastallize|p1a: The Janitor|Flying
|move|p1a: The Janitor|Tera Blast|p2a: Dragonite|[anim] Tera Blast Flying
|-damage|p2a: Dragonite|58/100
|move|p2a: Dragonite|Dragon Claw|p1a: The Janitor
|-damage|p1a: The Janitor|2/100
|
|-heal|p2a: Dragonite|64/100|[from] Grassy Terrain
|-fieldend|move: Grassy Terrain
|upkeep
|turn|9
|-message|Kretensky forfeited.
|
|win|Chuck2025
|raw|Kretensky's rating: 1341 &rarr; <strong>1323</strong><br />(-18 for losing)
|raw|Chuck2025's rating: 1380 &rarr; <strong>1398</strong><br />(+18 for winning)
|l|☆Kretensky
|player|p1|
|c|☆Chuck2025|Your ev bro
|l|☆Chuck2025
|player|p2|
