|j|☆biryanilover
|j|☆Arcadia Dominus
|t:|1760860607
|gametype|singles
|player|p1|biryanilover|170|1499
|player|p2|Arcadia Dominus|red-masters2|1487
|gen|9
|tier|[Gen 9] OU
|rated|
|rule|HP Percentage Mod: HP is shown in percentages
|rule|Endless Battle Clause: Forcing endless battles is banned
|rule|Species Clause: Limit one of each Pokémon
|rule|OHKO Clause: OHKO moves are banned
|rule|Evasion Items Clause: Evasion items are banned
|rule|Evasion Moves Clause: Evasion moves are banned
|rule|Evasion Abilities Clause: Evasion abilities are banned
|rule|Sleep Moves Clause: Sleep-inducing moves are banned
|clearpoke
|poke|p1|Okidogi, M|
|poke|p1|Rillaboom, M|
|poke|p1|Zapdos|
|poke|p1|Zamazenta-*|
|poke|p1|Heatran, F|
|poke|p1|Great Tusk|
|poke|p2|Iron Hands|
|poke|p2|Garchomp, M|
|poke|p2|Kingambit, F|
|poke|p2|Iron Treads|
|poke|p2|Sinistcha|
|poke|p2|Enamorus, F|
|teampreview
|inactive|Battle timer is ON: inactive players will automatically lose when time's up. (requested by Arcadia Dominus)
|inactive|biryanilover also wants the timer to be on.
|c|☆Arcadia Dominus|Hf
|
|t:|1760860625
|teamsize|p1|6
|teamsize|p2|6
|start
|switch|p1a: Rillaboom|Rillaboom, M|100/100
|switch|p2a: Sinistcha|Sinistcha|100/100
|-fieldstart|move: Grassy Terrain|[from] ability: Grassy Surge|[of] p1a: Rillaboom
|turn|1
|
|t:|1760860632
|move|p1a: Rillaboom|U-turn|p2a: Sinistcha
|-damage|p2a: Sinistcha|82/100
|
|t:|1760860634
|switch|p1a: Heatran|Heatran, F|100/100|[from] U-turn
|move|p2a: Sinistcha|Strength Sap|p1a: Heatran
|-unboost|p1a: Heatran|atk|1
|-heal|p2a: Sinistcha|100/100
|
|upkeep
|turn|2
|
|t:|1760860645
|switch|p1a: Rillaboom|Rillaboom, M|100/100
|move|p2a: Sinistcha|Calm Mind|p2a: Sinistcha
|-boost|p2a: Sinistcha|spa|1
|-boost|p2a: Sinistcha|spd|1
|
|upkeep
|turn|3
|
|t:|1760860652
|move|p1a: Rillaboom|Knock Off|p2a: Sinistcha
|-supereffective|p2a: Sinistcha
|-damage|p2a: Sinistcha|53/100
|-enditem|p2a: Sinistcha|Leftovers|[from] move: Knock Off|[of] p1a: Rillaboom
|move|p2a: Sinistcha|Strength Sap|p1a: Rillaboom
|-unboost|p1a: Rillaboom|atk|1
|-heal|p2a: Sinistcha|100/100
|
|upkeep
|turn|4
|
|t:|1760860654
|move|p1a: Rillaboom|U-turn|p2a: Sinistcha
|-damage|p2a: Sinistcha|89/100
|
|t:|1760860657
|switch|p1a: Heatran|Heatran, F|100/100|[from] U-turn
|move|p2a: Sinistcha|Calm Mind|p2a: Sinistcha
|-boost|p2a: Sinistcha|spa|1
|-boost|p2a: Sinistcha|spd|1
|
|-heal|p2a: Sinistcha|95/100|[from] Grassy Terrain
|upkeep
|turn|5
|
|t:|1760860670
|move|p1a: Heatran|Magma Storm|p2a: Sinistcha
|-supereffective|p2a: Sinistcha
|-damage|p2a: Sinistcha|70/100
|-activate|p2a: Sinistcha|move: Magma Storm|[of] p1a: Heatran
|move|p2a: Sinistcha|Shadow Ball|p1a: Heatran
|-damage|p1a: Heatran|60/100
|
|-heal|p1a: Heatran|66/100|[from] Grassy Terrain
|-heal|p1a: Heatran|73/100|[from] item: Leftovers
|-heal|p2a: Sinistcha|76/100|[from] Grassy Terrain
|-damage|p2a: Sinistcha|63/100|[from] move: Magma Storm|[partiallytrapped]
|upkeep
|turn|6
|
|t:|1760860685
|move|p1a: Heatran|Taunt|p2a: Sinistcha
|-start|p2a: Sinistcha|move: Taunt
|cant|p2a: Sinistcha|move: Taunt|Calm Mind
|
|-heal|p1a: Heatran|79/100|[from] Grassy Terrain
|-heal|p1a: Heatran|85/100|[from] item: Leftovers
|-heal|p2a: Sinistcha|69/100|[from] Grassy Terrain
|-damage|p2a: Sinistcha|57/100|[from] move: Magma Storm|[partiallytrapped]
|upkeep
|turn|7
|
|t:|1760860689
|move|p1a: Heatran|Magma Storm|p2a: Sinistcha
|-supereffective|p2a: Sinistcha
|-damage|p2a: Sinistcha|34/100
|move|p2a: Sinistcha|Shadow Ball|p1a: Heatran
|-crit|p1a: Heatran
|-damage|p1a: Heatran|26/100
|-unboost|p1a: Heatran|spd|1
|
|-heal|p1a: Heatran|32/100|[from] Grassy Terrain
|-heal|p1a: Heatran|38/100|[from] item: Leftovers
|-heal|p2a: Sinistcha|40/100|[from] Grassy Terrain
|-damage|p2a: Sinistcha|27/100|[from] move: Magma Storm|[partiallytrapped]
|upkeep
|turn|8
|
|t:|1760860696
|move|p1a: Heatran|Stealth Rock|p2a: Sinistcha
|-sidestart|p2: Arcadia Dominus|move: Stealth Rock
|move|p2a: Sinistcha|Shadow Ball|p1a: Heatran
|-damage|p1a: Heatran|0 fnt
|faint|p1a: Heatran
|
|-heal|p2a: Sinistcha|34/100|[from] Grassy Terrain
|-end|p2a: Sinistcha|Magma Storm|[partiallytrapped]|[silent]
|-end|p2a: Sinistcha|move: Taunt
|-fieldend|move: Grassy Terrain
|upkeep
|
|t:|1760860715
|switch|p1a: Okidogi|Okidogi, M|100/100
|turn|9
|
|t:|1760860722
|-terastallize|p2a: Sinistcha|Poison
|move|p1a: Okidogi|Ice Punch|p2a: Sinistcha
|-damage|p2a: Sinistcha|18/100
|move|p2a: Sinistcha|Strength Sap|p1a: Okidogi
|-unboost|p1a: Okidogi|atk|1
|-heal|p2a: Sinistcha|100/100
|
|upkeep
|turn|10
|-message|biryanilover forfeited.
|
|win|Arcadia Dominus
|raw|biryanilover's rating: 1499 &rarr; <strong>1478</strong><br />(-21 for losing)
|raw|Arcadia Dominus's rating: 1487 &rarr; <strong>1508</strong><br />(+21 for winning)
|l|☆biryanilover
|player|p1|
