|j|☆adrianan
|j|☆KingBeanis
|t:|1760813516
|gametype|singles
|player|p1|adrianan|red|1445
|player|p2|KingBeanis|acerola|1362
|gen|9
|tier|[Gen 9] OU
|rated|
|rule|HP Percentage Mod: HP is shown in percentages
|rule|Endless Battle Clause: Forcing endless battles is banned
|rule|Species Clause: Limit one of each Pokémon
|rule|OHKO Clause: OHKO moves are banned
|rule|Evasion Items Clause: Evasion items are banned
|rule|Evasion Moves Clause: Evasion moves are banned
|rule|Evasion Abilities Clause: Evasion abilities are banned
|rule|Sleep Moves Clause: Sleep-inducing moves are banned
|clearpoke
|poke|p1|Hariyama, F|
|poke|p1|Azumarill, M|
|poke|p1|Goodra-Hisui, M|
|poke|p1|Glimmora, M|
|poke|p1|Garchomp, M|
|poke|p1|Noivern, M|
|poke|p2|Hatterene, F|
|poke|p2|Iron Treads|
|poke|p2|Raging Bolt|
|poke|p2|Corviknight, M|
|poke|p2|Meowscarada, M|
|poke|p2|Dragonite, M|
|teampreview
|
|t:|1760813526
|teamsize|p1|6
|teamsize|p2|6
|start
|switch|p1a: Azumarill|Azumarill, M|100/100
|switch|p2a: Raging Bolt|Raging Bolt|100/100
|-enditem|p2a: Raging Bolt|Booster Energy
|-activate|p2a: Raging Bolt|ability: Protosynthesis|[fromitem]
|-start|p2a: Raging Bolt|protosynthesisspa
|turn|1
|
|t:|1760813533
|switch|p1a: Goodra|Goodra-Hisui, M|100/100
|move|p2a: Raging Bolt|Volt Switch|p1a: Goodra
|-resisted|p1a: Goodra
|-damage|p1a: Goodra|88/100
|
|t:|1760813536
|-end|p2a: Raging Bolt|Protosynthesis|[silent]
|switch|p2a: Iron Treads|Iron Treads|100/100|[from] Volt Switch
|
|upkeep
|turn|2
|
|t:|1760813545
|switch|p1a: Noivern|Noivern, M|100/100
|move|p2a: Iron Treads|Earthquake|p1a: Noivern
|-immune|p1a: Noivern
|
|upkeep
|turn|3
|
|t:|1760813550
|move|p1a: Noivern|Heat Wave|p2a: Iron Treads
|-supereffective|p2a: Iron Treads
|-damage|p2a: Iron Treads|0 fnt
|faint|p2a: Iron Treads
|-end|p2a: Iron Treads|Quark Drive|[silent]
|
|upkeep
|
|t:|1760813557
|switch|p2a: Hatterene|Hatterene, F|100/100
|turn|4
|
|t:|1760813565
|switch|p1a: Glimmora|Glimmora, M|100/100
|move|p2a: Hatterene|Calm Mind|p2a: Hatterene
|-boost|p2a: Hatterene|spa|1
|-boost|p2a: Hatterene|spd|1
|
|upkeep
|turn|5
|
|t:|1760813574
|move|p1a: Glimmora|Sludge Wave|p2a: Hatterene
|-supereffective|p2a: Hatterene
|-damage|p2a: Hatterene|34/100
|move|p2a: Hatterene|Psychic|p1a: Glimmora
|-supereffective|p1a: Glimmora
|-enditem|p1a: Glimmora|Focus Sash
|-damage|p1a: Glimmora|1/100
|
|-heal|p2a: Hatterene|40/100|[from] item: Leftovers
|upkeep
|turn|6
|
|t:|1760813586
|switch|p2a: Corviknight|Corviknight, M|100/100
|-ability|p2a: Corviknight|Pressure
|move|p1a: Glimmora|Sludge Wave|p2a: Corviknight
|-immune|p2a: Corviknight
|
|upkeep
|turn|7
|
|t:|1760813596
|move|p1a: Glimmora|Power Gem|p2a: Corviknight
|-damage|p2a: Corviknight|69/100
|move|p2a: Corviknight|U-turn|p1a: Glimmora
|-resisted|p1a: Glimmora
|-damage|p1a: Glimmora|0 fnt
|-activate|p1a: Glimmora|ability: Toxic Debris
|-sidestart|p2: KingBeanis|move: Toxic Spikes
|faint|p1a: Glimmora
|
|t:|1760813608
|switch|p2a: Dragonite|Dragonite, M|100/100|[from] U-turn
|
|upkeep
|
|t:|1760813620
|switch|p1a: Garchomp|Garchomp, M|100/100
|turn|8
|
|t:|1760813627
|move|p2a: Dragonite|Ice Spinner|p1a: Garchomp
|-supereffective|p1a: Garchomp
|-damage|p1a: Garchomp|0 fnt
|-damage|p2a: Dragonite|88/100|[from] ability: Rough Skin|[of] p1a: Garchomp
|-damage|p2a: Dragonite|72/100|[from] item: Rocky Helmet|[of] p1a: Garchomp
|faint|p1a: Garchomp
|
|upkeep
|
|t:|1760813635
|switch|p1a: Noivern|Noivern, M|100/100
|turn|9
|
|t:|1760813640
|switch|p2a: Hatterene|Hatterene, F|40/100
|-status|p2a: Hatterene|psn
|-terastallize|p1a: Noivern|Normal
|move|p1a: Noivern|Boomburst|p2a: Hatterene
|-damage|p2a: Hatterene|0 fnt
|faint|p2a: Hatterene
|
|upkeep
|
|t:|1760813653
|switch|p2a: Corviknight|Corviknight, M|69/100
|-ability|p2a: Corviknight|Pressure
|turn|10
|
|t:|1760813665
|switch|p1a: Hariyama|Hariyama, F|100/100
|move|p2a: Corviknight|Roost|p2a: Corviknight
|-heal|p2a: Corviknight|100/100
|-singleturn|p2a: Corviknight|move: Roost
|
|-status|p1a: Hariyama|brn|[from] item: Flame Orb
|upkeep
|turn|11
|
|t:|1760813670
|move|p2a: Corviknight|Brave Bird|p1a: Hariyama
|-supereffective|p1a: Hariyama
|-damage|p1a: Hariyama|30/100 brn
|-damage|p2a: Corviknight|72/100|[from] Recoil
|move|p1a: Hariyama|Close Combat|p2a: Corviknight
|-damage|p2a: Corviknight|4/100
|-unboost|p1a: Hariyama|def|1
|-unboost|p1a: Hariyama|spd|1
|-damage|p1a: Hariyama|13/100 brn|[from] item: Rocky Helmet|[of] p2a: Corviknight
|
|-damage|p1a: Hariyama|7/100 brn|[from] brn
|upkeep
|turn|12
|
|t:|1760813684
|move|p1a: Hariyama|Bullet Punch|p2a: Corviknight
|-resisted|p2a: Corviknight
|-damage|p2a: Corviknight|0 fnt
|-damage|p1a: Hariyama|0 fnt|[from] item: Rocky Helmet|[of] p2a: Corviknight
|faint|p2a: Corviknight
|faint|p1a: Hariyama
|
|upkeep
|
|t:|1760813696
|switch|p2a: Meowscarada|Meowscarada, M|100/100
|switch|p1a: Noivern|Noivern, M, tera:Normal|100/100
|turn|13
|
|t:|1760813703
|switch|p1a: Goodra|Goodra-Hisui, M|88/100
|move|p2a: Meowscarada|U-turn|p1a: Goodra
|-start|p2a: Meowscarada|typechange|Bug|[from] ability: Protean
|-resisted|p1a: Goodra
|-damage|p1a: Goodra|75/100
|
|t:|1760813707
|switch|p2a: Dragonite|Dragonite, M|72/100|[from] U-turn
|
|upkeep
|turn|14
|
|t:|1760813715
|move|p2a: Dragonite|Earthquake|p1a: Goodra
|-supereffective|p1a: Goodra
|-damage|p1a: Goodra|0 fnt
|faint|p1a: Goodra
|
|upkeep
|
|t:|1760813718
|switch|p1a: Noivern|Noivern, M, tera:Normal|100/100
|turn|15
|
|t:|1760813732
|-terastallize|p2a: Dragonite|Normal
|move|p1a: Noivern|Boomburst|p2a: Dragonite
|-damage|p2a: Dragonite|0 fnt
|faint|p2a: Dragonite
|
|upkeep
|
|t:|1760813740
|switch|p2a: Meowscarada|Meowscarada, M|100/100
|turn|16
|
|t:|1760813745
|move|p1a: Noivern|Boomburst|p2a: Meowscarada
|-damage|p2a: Meowscarada|0 fnt
|faint|p2a: Meowscarada
|
|upkeep
|
|t:|1760813750
|switch|p2a: Raging Bolt|Raging Bolt|100/100
|-status|p2a: Raging Bolt|psn
|turn|17
|
|t:|1760813773
|switch|p1a: Azumarill|Azumarill, M|100/100
|move|p2a: Raging Bolt|Volt Switch|p1a: Azumarill
|-supereffective|p1a: Azumarill
|-damage|p1a: Azumarill|22/100
|
|-damage|p2a: Raging Bolt|88/100 psn|[from] psn
|upkeep
|turn|18
|
|t:|1760813794
|move|p2a: Raging Bolt|Thunderclap|p1a: Azumarill
|-supereffective|p1a: Azumarill
|-damage|p1a: Azumarill|0 fnt
|faint|p1a: Azumarill
|
|-damage|p2a: Raging Bolt|76/100 psn|[from] psn
|upkeep
|
|t:|1760813799
|switch|p1a: Noivern|Noivern, M, tera:Normal|100/100
|turn|19
|
|t:|1760813802
|move|p2a: Raging Bolt|Thunderclap|p1a: Noivern
|-damage|p1a: Noivern|42/100
|move|p1a: Noivern|Boomburst|p2a: Raging Bolt
|-damage|p2a: Raging Bolt|1/100 psn
|
|-damage|p2a: Raging Bolt|0 fnt|[from] psn
|faint|p2a: Raging Bolt
|-end|p2a: Raging Bolt|Protosynthesis|[silent]
|
|win|adrianan
|raw|adrianan's rating: 1445 &rarr; <strong>1460</strong><br />(+15 for winning)
|raw|KingBeanis's rating: 1362 &rarr; <strong>1347</strong><br />(-15 for losing)
|l|☆KingBeanis
|player|p2|
|l|☆adrianan
|player|p1|
