|j|☆galactest bro !
|j|☆Tonni stark
|t:|1760883029
|gametype|singles
|player|p1|galactest bro !|dragontamer|1538
|player|p2|Tonni stark|102|1487
|gen|9
|tier|[Gen 9] OU
|rated|
|rule|HP Percentage Mod: HP is shown in percentages
|rule|Endless Battle Clause: Forcing endless battles is banned
|rule|Species Clause: Limit one of each Pokémon
|rule|OHKO Clause: OHKO moves are banned
|rule|Evasion Items Clause: Evasion items are banned
|rule|Evasion Moves Clause: Evasion moves are banned
|rule|Evasion Abilities Clause: Evasion abilities are banned
|rule|Sleep Moves Clause: Sleep-inducing moves are banned
|clearpoke
|poke|p1|Darkrai|
|poke|p1|Cinderace, F|
|poke|p1|Landorus-Therian, M|
|poke|p1|Alomomola, F|
|poke|p1|Scizor, F|
|poke|p1|Slowking-Galar, M|
|poke|p2|Pecharunt|
|poke|p2|Yanmega, M|
|poke|p2|Clefable, F|
|poke|p2|Cryogonal|
|poke|p2|Blaziken, F|
|poke|p2|Quaquaval, M|
|teampreview
|inactive|Battle timer is ON: inactive players will automatically lose when time's up. (requested by Tonni stark)
|
|t:|1760883041
|teamsize|p1|6
|teamsize|p2|6
|start
|switch|p1a: Tigrou bro !|Landorus-Therian, M|100/100
|switch|p2a: Quaquaval|Quaquaval, M, shiny|100/100
|-ability|p1a: Tigrou bro !|Intimidate|boost
|-unboost|p2a: Quaquaval|atk|1
|turn|1
|
|t:|1760883060
|move|p1a: Tigrou bro !|U-turn|p2a: Quaquaval
|-resisted|p2a: Quaquaval
|-crit|p2a: Quaquaval
|-damage|p2a: Quaquaval|75/100
|
|t:|1760883063
|switch|p1a: Iroquois bro !|Alomomola, F|100/100|[from] U-turn
|move|p2a: Quaquaval|Triple Axel|p1a: Iroquois bro !
|-resisted|p1a: Iroquois bro !
|-damage|p1a: Iroquois bro !|99/100
|-resisted|p1a: Iroquois bro !
|-damage|p1a: Iroquois bro !|96/100
|-resisted|p1a: Iroquois bro !
|-damage|p1a: Iroquois bro !|91/100
|-hitcount|p1a: Iroquois bro !|3
|
|upkeep
|turn|2
|
|t:|1760883069
|switch|p2a: Cryogonal|Cryogonal|100/100
|move|p1a: Iroquois bro !|Flip Turn|p2a: Cryogonal
|-damage|p2a: Cryogonal|69/100
|
|t:|1760883095
|switch|p1a: Le Jardinier bro !|Scizor, F|100/100|[from] Flip Turn
|
|upkeep
|turn|3
|
|t:|1760883101
|switch|p2a: Blaziken|Blaziken, F, shiny|100/100
|move|p1a: Le Jardinier bro !|U-turn|p2a: Blaziken
|-resisted|p2a: Blaziken
|-damage|p2a: Blaziken|79/100
|
|t:|1760883111
|switch|p1a: Tigrou bro !|Landorus-Therian, M|100/100|[from] U-turn
|-ability|p1a: Tigrou bro !|Intimidate|boost
|-unboost|p2a: Blaziken|atk|1
|
|upkeep
|turn|4
|
|t:|1760883120
|-terastallize|p2a: Blaziken|Fire
|move|p1a: Tigrou bro !|U-turn|p2a: Blaziken
|-resisted|p2a: Blaziken
|-damage|p2a: Blaziken|59/100
|
|t:|1760883124
|switch|p1a: Iroquois bro !|Alomomola, F|100/100|[from] U-turn
|move|p2a: Blaziken|Overheat|p1a: Iroquois bro !
|-resisted|p1a: Iroquois bro !
|-damage|p1a: Iroquois bro !|70/100
|-unboost|p2a: Blaziken|spa|2
|-damage|p2a: Blaziken|49/100|[from] item: Life Orb
|
|-ability|p2a: Blaziken|Speed Boost|boost
|-boost|p2a: Blaziken|spe|1
|upkeep
|turn|5
|
|t:|1760883129
|switch|p2a: Cryogonal|Cryogonal|69/100
|move|p1a: Iroquois bro !|Flip Turn|p2a: Cryogonal
|-damage|p2a: Cryogonal|39/100
|
|t:|1760883137
|switch|p1a: Bunny bro !|Cinderace, F|100/100|[from] Flip Turn
|
|upkeep
|turn|6
|
|t:|1760883141
|move|p1a: Bunny bro !|Pyro Ball|p2a: Cryogonal
|-supereffective|p2a: Cryogonal
|-damage|p2a: Cryogonal|0 fnt
|faint|p2a: Cryogonal
|
|upkeep
|
|t:|1760883149
|switch|p2a: Quaquaval|Quaquaval, M, shiny|75/100
|turn|7
|
|t:|1760883155
|switch|p1a: Iroquois bro !|Alomomola, F|100/100
|move|p2a: Quaquaval|Close Combat|p1a: Iroquois bro !
|-damage|p1a: Iroquois bro !|59/100
|-unboost|p2a: Quaquaval|def|1
|-unboost|p2a: Quaquaval|spd|1
|
|upkeep
|turn|8
|
|t:|1760883162
|switch|p2a: Pecharunt|Pecharunt|100/100
|switch|p1a: Tigrou bro !|Landorus-Therian, M|100/100
|-ability|p1a: Tigrou bro !|Intimidate|boost
|-unboost|p2a: Pecharunt|atk|1
|
|upkeep
|turn|9
|
|t:|1760883167
|move|p1a: Tigrou bro !|U-turn|p2a: Pecharunt
|-resisted|p2a: Pecharunt
|-damage|p2a: Pecharunt|97/100
|
|t:|1760883170
|switch|p1a: Hangover bro !|Slowking-Galar, M|100/100|[from] U-turn
|move|p2a: Pecharunt|Malignant Chain|p1a: Hangover bro !
|-resisted|p1a: Hangover bro !
|-damage|p1a: Hangover bro !|85/100
|
|-heal|p2a: Pecharunt|100/100|[from] item: Leftovers
|upkeep
|turn|10
|
|t:|1760883174
|move|p2a: Pecharunt|Shadow Ball|p1a: Hangover bro !
|-supereffective|p1a: Hangover bro !
|-damage|p1a: Hangover bro !|30/100
|move|p1a: Hangover bro !|Future Sight|p2a: Pecharunt
|-start|p1a: Hangover bro !|move: Future Sight
|
|upkeep
|turn|11
|
|t:|1760883182
|switch|p1a: Sous le lit bro !|Darkrai|100/100
|move|p2a: Pecharunt|Shadow Ball|p1a: Sous le lit bro !
|-resisted|p1a: Sous le lit bro !
|-damage|p1a: Sous le lit bro !|80/100
|-unboost|p1a: Sous le lit bro !|spd|1
|
|upkeep
|turn|12
|
|t:|1760883192
|switch|p2a: Clefable|Clefable, F|100/100
|move|p1a: Sous le lit bro !|Dark Pulse|p2a: Clefable
|-resisted|p2a: Clefable
|-damage|p2a: Clefable|72/100
|
|-end|p2a: Clefable|move: Future Sight
|-damage|p2a: Clefable|28/100
|-heal|p2a: Clefable|34/100|[from] item: Leftovers
|upkeep
|turn|13
|
|t:|1760883203
|switch|p1a: Hangover bro !|Slowking-Galar, M|63/100
|move|p2a: Clefable|Moonlight|p2a: Clefable
|-heal|p2a: Clefable|84/100
|
|-heal|p2a: Clefable|90/100|[from] item: Leftovers
|upkeep
|turn|14
|
|t:|1760883226
|switch|p2a: Pecharunt|Pecharunt|100/100
|move|p1a: Hangover bro !|Future Sight|p2a: Pecharunt
|-start|p1a: Hangover bro !|move: Future Sight
|
|upkeep
|turn|15
|
|t:|1760883248
|move|p2a: Pecharunt|Malignant Chain|p1a: Hangover bro !
|-resisted|p1a: Hangover bro !
|-damage|p1a: Hangover bro !|47/100
|-prepare|p1a: Hangover bro !|Chilly Reception|[premajor]
|move|p1a: Hangover bro !|Chilly Reception|p1a: Hangover bro !
|-weather|Snowscape
|
|t:|1760883255
|switch|p1a: Sous le lit bro !|Darkrai|80/100|[from] Chilly Reception
|
|-weather|Snowscape|[upkeep]
|upkeep
|turn|16
|
|t:|1760883263
|switch|p2a: Clefable|Clefable, F|90/100
|move|p1a: Sous le lit bro !|Dark Pulse|p2a: Clefable
|-resisted|p2a: Clefable
|-damage|p2a: Clefable|59/100
|
|-weather|Snowscape|[upkeep]
|-end|p2a: Clefable|move: Future Sight
|-damage|p2a: Clefable|15/100
|-heal|p2a: Clefable|22/100|[from] item: Leftovers
|upkeep
|turn|17
|
|t:|1760883271
|move|p1a: Sous le lit bro !|Dark Pulse|p2a: Clefable
|-resisted|p2a: Clefable
|-damage|p2a: Clefable|0 fnt
|faint|p2a: Clefable
|
|-weather|Snowscape|[upkeep]
|upkeep
|
|t:|1760883275
|switch|p2a: Yanmega|Yanmega, M, shiny|100/100
|turn|18
|
|t:|1760883286
|switch|p1a: Iroquois bro !|Alomomola, F|92/100
|move|p2a: Yanmega|Bug Buzz|p1a: Iroquois bro !
|-damage|p1a: Iroquois bro !|66/100
|-enditem|p2a: Yanmega|Throat Spray
|-boost|p2a: Yanmega|spa|1|[from] item: Throat Spray
|
|-weather|Snowscape|[upkeep]
|-ability|p2a: Yanmega|Speed Boost|boost
|-boost|p2a: Yanmega|spe|1
|upkeep
|turn|19
|
|t:|1760883296
|move|p2a: Yanmega|Air Slash|p1a: Iroquois bro !
|-damage|p1a: Iroquois bro !|32/100
|move|p1a: Iroquois bro !|Mirror Coat|p2a: Yanmega
|-damage|p2a: Yanmega|4/100
|
|-weather|none
|-ability|p2a: Yanmega|Speed Boost|boost
|-boost|p2a: Yanmega|spe|1
|upkeep
|turn|20
|
|t:|1760883308
|switch|p1a: Bunny bro !|Cinderace, F|100/100
|move|p2a: Yanmega|Bug Buzz|p1a: Bunny bro !
|-resisted|p1a: Bunny bro !
|-crit|p1a: Bunny bro !
|-damage|p1a: Bunny bro !|19/100
|
|-ability|p2a: Yanmega|Speed Boost|boost
|-boost|p2a: Yanmega|spe|1
|upkeep
|turn|21
|
|t:|1760883313
|move|p2a: Yanmega|Bug Buzz|p1a: Bunny bro !
|-resisted|p1a: Bunny bro !
|-damage|p1a: Bunny bro !|0 fnt
|faint|p1a: Bunny bro !
|
|-ability|p2a: Yanmega|Speed Boost|boost
|-boost|p2a: Yanmega|spe|1
|upkeep
|
|t:|1760883316
|switch|p1a: Le Jardinier bro !|Scizor, F|100/100
|turn|22
|
|t:|1760883321
|move|p2a: Yanmega|Protect|p2a: Yanmega
|-singleturn|p2a: Yanmega|Protect
|move|p1a: Le Jardinier bro !|Bullet Punch|p2a: Yanmega
|-activate|p2a: Yanmega|move: Protect
|
|-ability|p2a: Yanmega|Speed Boost|boost
|-boost|p2a: Yanmega|spe|1
|upkeep
|turn|23
|
|t:|1760883323
|move|p1a: Le Jardinier bro !|Bullet Punch|p2a: Yanmega
|-damage|p2a: Yanmega|0 fnt
|faint|p2a: Yanmega
|
|upkeep
|
|t:|1760883329
|switch|p2a: Blaziken|Blaziken, F, shiny, tera:Fire|49/100
|turn|24
|
|t:|1760883333
|switch|p1a: Iroquois bro !|Alomomola, F|66/100
|move|p2a: Blaziken|Aura Sphere|p1a: Iroquois bro !
|-damage|p1a: Iroquois bro !|38/100
|-damage|p2a: Blaziken|39/100|[from] item: Life Orb
|
|-ability|p2a: Blaziken|Speed Boost|boost
|-boost|p2a: Blaziken|spe|1
|upkeep
|turn|25
|
|t:|1760883339
|move|p2a: Blaziken|Knock Off|p1a: Iroquois bro !
|-damage|p1a: Iroquois bro !|13/100
|-enditem|p1a: Iroquois bro !|Assault Vest|[from] move: Knock Off|[of] p2a: Blaziken
|-damage|p2a: Blaziken|29/100|[from] item: Life Orb
|move|p1a: Iroquois bro !|Flip Turn|p2a: Blaziken
|-supereffective|p2a: Blaziken
|-damage|p2a: Blaziken|0 fnt
|faint|p2a: Blaziken
|
|t:|1760883358
|switch|p1a: Hangover bro !|Slowking-Galar, M|80/100|[from] Flip Turn
|
|upkeep
|
|t:|1760883362
|switch|p2a: Pecharunt|Pecharunt|100/100
|turn|26
|
|t:|1760883365
|move|p2a: Pecharunt|Shadow Ball|p1a: Hangover bro !
|-supereffective|p1a: Hangover bro !
|-damage|p1a: Hangover bro !|27/100
|move|p1a: Hangover bro !|Future Sight|p2a: Pecharunt
|-start|p1a: Hangover bro !|move: Future Sight
|
|upkeep
|turn|27
|
|t:|1760883378
|switch|p1a: Le Jardinier bro !|Scizor, F|100/100
|move|p2a: Pecharunt|Shadow Ball|p1a: Le Jardinier bro !
|-damage|p1a: Le Jardinier bro !|56/100
|-unboost|p1a: Le Jardinier bro !|spd|1
|
|upkeep
|turn|28
|
|t:|1760883386
|move|p1a: Le Jardinier bro !|Bullet Punch|p2a: Pecharunt
|-damage|p2a: Pecharunt|68/100
|move|p2a: Pecharunt|Shadow Ball|p1a: Le Jardinier bro !
|-crit|p1a: Le Jardinier bro !
|-damage|p1a: Le Jardinier bro !|0 fnt
|faint|p1a: Le Jardinier bro !
|
|-end|p2a: Pecharunt|move: Future Sight
|-supereffective|p2a: Pecharunt
|-damage|p2a: Pecharunt|0 fnt
|faint|p2a: Pecharunt
|upkeep
|
|t:|1760883394
|switch|p2a: Quaquaval|Quaquaval, M, shiny|75/100
|switch|p1a: Tigrou bro !|Landorus-Therian, M|100/100
|-ability|p1a: Tigrou bro !|Intimidate|boost
|-unboost|p2a: Quaquaval|atk|1
|turn|29
|
|t:|1760883403
|-terastallize|p1a: Tigrou bro !|Flying
|move|p1a: Tigrou bro !|Tera Blast|p2a: Quaquaval|[anim] Tera Blast Flying
|-supereffective|p2a: Quaquaval
|-damage|p2a: Quaquaval|0 fnt
|faint|p2a: Quaquaval
|
|win|galactest bro !
|raw|galactest bro !'s rating: 1538 &rarr; <strong>1555</strong><br />(+17 for winning)
|raw|Tonni stark's rating: 1487 &rarr; <strong>1470</strong><br />(-17 for losing)
|l|☆Tonni stark
|player|p2|
|l|☆galactest bro !
|player|p1|
