|j|☆Grindset mindset
|j|☆the man245
|t:|1760761741
|gametype|singles
|player|p1|Grindset mindset|skyla|1638
|player|p2|the man245|volkner|1646
|gen|9
|tier|[Gen 9] OU
|rated|
|rule|HP Percentage Mod: HP is shown in percentages
|rule|Endless Battle Clause: Forcing endless battles is banned
|rule|Species Clause: Limit one of each Pokémon
|rule|OHKO Clause: OHKO moves are banned
|rule|Evasion Items Clause: Evasion items are banned
|rule|Evasion Moves Clause: Evasion moves are banned
|rule|Evasion Abilities Clause: Evasion abilities are banned
|rule|Sleep Moves Clause: Sleep-inducing moves are banned
|clearpoke
|poke|p1|Ogerpon-Cornerstone, F|
|poke|p1|Primarina, F|
|poke|p1|Armarouge, F|
|poke|p1|Great Tusk|
|poke|p1|Zapdos-Galar|
|poke|p1|Sandshrew-Alola, F|
|poke|p2|Yanmega, M|
|poke|p2|Glimmora, M|
|poke|p2|Great Tusk|
|poke|p2|Zamazenta-*|
|poke|p2|Kingambit, M|
|poke|p2|Cloyster, M|
|teampreview
|inactive|Battle timer is ON: inactive players will automatically lose when time's up. (requested by Grindset mindset)
|
|t:|1760761755
|teamsize|p1|6
|teamsize|p2|6
|start
|switch|p1a: Primarina|Primarina, F|100/100
|switch|p2a: Cloyster|Cloyster, M|100/100
|turn|1
|j| Kyurem
|
|t:|1760761768
|move|p2a: Cloyster|Shell Smash|p2a: Cloyster
|-unboost|p2a: Cloyster|def|1
|-unboost|p2a: Cloyster|spd|1
|-boost|p2a: Cloyster|atk|2
|-boost|p2a: Cloyster|spa|2
|-boost|p2a: Cloyster|spe|2
|move|p1a: Primarina|Moonblast|p2a: Cloyster
|-enditem|p2a: Cloyster|Focus Sash
|-damage|p2a: Cloyster|1/100
|-unboost|p2a: Cloyster|spa|1
|
|upkeep
|turn|2
|
|t:|1760761787
|move|p2a: Cloyster|Rock Blast|p1a: Primarina
|-damage|p1a: Primarina|82/100
|-damage|p1a: Primarina|63/100
|-damage|p1a: Primarina|42/100
|-damage|p1a: Primarina|25/100
|-damage|p1a: Primarina|8/100
|-hitcount|p1a: Primarina|5
|move|p1a: Primarina|Surf|p2a: Cloyster
|-resisted|p2a: Cloyster
|-damage|p2a: Cloyster|0 fnt
|faint|p2a: Cloyster
|
|upkeep
|
|t:|1760761801
|switch|p2a: Yanmega|Yanmega, M|100/100
|turn|3
|
|t:|1760761809
|move|p2a: Yanmega|Bug Buzz|p1a: Primarina
|-resisted|p1a: Primarina
|-damage|p1a: Primarina|0 fnt
|faint|p1a: Primarina
|-enditem|p2a: Yanmega|Throat Spray
|-boost|p2a: Yanmega|spa|1|[from] item: Throat Spray
|
|-ability|p2a: Yanmega|Speed Boost|boost
|-boost|p2a: Yanmega|spe|1
|upkeep
|
|t:|1760761813
|switch|p1a: Ogerpon|Ogerpon-Cornerstone, F|100/100
|turn|4
|
|t:|1760761826
|move|p2a: Yanmega|Protect|p2a: Yanmega
|-singleturn|p2a: Yanmega|Protect
|move|p1a: Ogerpon|Ivy Cudgel|p2a: Yanmega|[anim] Ivy Cudgel Rock
|-activate|p2a: Yanmega|move: Protect
|
|-ability|p2a: Yanmega|Speed Boost|boost
|-boost|p2a: Yanmega|spe|1
|upkeep
|turn|5
|
|t:|1760761836
|-terastallize|p2a: Yanmega|Ground
|move|p2a: Yanmega|Air Slash|p1a: Ogerpon
|-damage|p1a: Ogerpon|28/100
|move|p1a: Ogerpon|Ivy Cudgel|p2a: Yanmega|[anim] Ivy Cudgel Rock
|-resisted|p2a: Yanmega
|-damage|p2a: Yanmega|65/100
|
|-ability|p2a: Yanmega|Speed Boost|boost
|-boost|p2a: Yanmega|spe|1
|upkeep
|turn|6
|
|t:|1760761846
|move|p2a: Yanmega|Bug Buzz|p1a: Ogerpon
|-supereffective|p1a: Ogerpon
|-damage|p1a: Ogerpon|0 fnt
|faint|p1a: Ogerpon
|
|-ability|p2a: Yanmega|Speed Boost|boost
|-boost|p2a: Yanmega|spe|1
|upkeep
|
|t:|1760761848
|switch|p1a: Sandshrew|Sandshrew-Alola, F|100/100
|turn|7
|
|t:|1760761860
|-terastallize|p1a: Sandshrew|Ice
|move|p1a: Sandshrew|Ice Shard|p2a: Yanmega
|-supereffective|p2a: Yanmega
|-damage|p2a: Yanmega|17/100
|move|p2a: Yanmega|Tera Blast|p1a: Sandshrew|[anim] Tera Blast Ground
|-enditem|p1a: Sandshrew|Focus Sash
|-damage|p1a: Sandshrew|1/100
|
|-ability|p2a: Yanmega|Speed Boost|boost
|-boost|p2a: Yanmega|spe|1
|upkeep
|turn|8
|
|t:|1760761871
|move|p2a: Yanmega|Protect|p2a: Yanmega
|-singleturn|p2a: Yanmega|Protect
|move|p1a: Sandshrew|Endeavor|p2a: Yanmega
|-activate|p2a: Yanmega|move: Protect
|
|-ability|p2a: Yanmega|Speed Boost|boost
|-boost|p2a: Yanmega|spe|1
|upkeep
|turn|9
|
|t:|1760761879
|switch|p2a: Glimmora|Glimmora, M|100/100
|move|p1a: Sandshrew|Ice Shard|p2a: Glimmora
|-damage|p2a: Glimmora|78/100
|-activate|p2a: Glimmora|ability: Toxic Debris
|-sidestart|p1: Grindset mindset|move: Toxic Spikes
|-enditem|p2a: Glimmora|Red Card|[of] p1a: Sandshrew
|drag|p1a: Armarouge|Armarouge, F|100/100
|-status|p1a: Armarouge|psn
|
|-damage|p1a: Armarouge|88/100 psn|[from] psn
|upkeep
|turn|10
|-message|Grindset mindset forfeited.
|
|win|the man245
|raw|Grindset mindset's rating: 1638 &rarr; <strong>1618</strong><br />(-20 for losing)
|raw|the man245's rating: 1646 &rarr; <strong>1666</strong><br />(+20 for winning)
|l|☆Grindset mindset
|player|p1|
|c|☆the man245|gg
|l|☆the man245
|player|p2|
|l| Kyurem
