|j|☆michaelgoalise
|j|☆m709lkjo
|t:|1760760325
|gametype|singles
|player|p1|michaelgoalise|2|1547
|player|p2|m709lkjo|101|1529
|gen|9
|tier|[Gen 9] OU
|rated|
|rule|HP Percentage Mod: HP is shown in percentages
|rule|Endless Battle Clause: Forcing endless battles is banned
|rule|Species Clause: Limit one of each Pokémon
|rule|OHKO Clause: OHKO moves are banned
|rule|Evasion Items Clause: Evasion items are banned
|rule|Evasion Moves Clause: Evasion moves are banned
|rule|Evasion Abilities Clause: Evasion abilities are banned
|rule|Sleep Moves Clause: Sleep-inducing moves are banned
|clearpoke
|poke|p1|Tyranitar, M|
|poke|p1|Excadrill, F|
|poke|p1|Iron Valiant|
|poke|p1|Palossand, M|
|poke|p1|Corviknight, F|
|poke|p1|Ogerpon-Wellspring, F|
|poke|p2|Garchomp, M|
|poke|p2|Drifblim, M|
|poke|p2|Zoroark-Hisui, M|
|poke|p2|Blaziken, M|
|poke|p2|Garganacl, F|
|poke|p2|Alomomola, F|
|teampreview
|inactive|Battle timer is ON: inactive players will automatically lose when time's up. (requested by michaelgoalise)
|c|☆m709lkjo|hey again
|c|☆m709lkjo|gl hf
|
|t:|1760760354
|teamsize|p1|6
|teamsize|p2|6
|start
|switch|p1a: Palossand|Palossand, M|100/100
|switch|p2a: Garchomp|Garchomp, M|100/100
|turn|1
|
|t:|1760760369
|switch|p1a: Corviknight|Corviknight, F|100/100
|-ability|p1a: Corviknight|Pressure
|move|p2a: Garchomp|Shadow Ball|p1a: Corviknight
|-damage|p1a: Corviknight|57/100
|
|-heal|p1a: Corviknight|63/100|[from] item: Leftovers
|upkeep
|turn|2
|
|t:|1760760379
|switch|p1a: Tyranitar|Tyranitar, M|100/100
|-weather|Sandstorm|[from] ability: Sand Stream|[of] p1a: Tyranitar
|move|p2a: Garchomp|Shadow Ball|p1a: Tyranitar
|-resisted|p1a: Tyranitar
|-damage|p1a: Tyranitar|90/100
|
|-weather|Sandstorm|[upkeep]
|-damage|p2a: Garchomp|95/100|[from] Sandstorm
|-heal|p1a: Tyranitar|97/100|[from] item: Leftovers
|upkeep
|turn|3
|
|t:|1760760396
|switch|p2a: Alomomola|Alomomola, F|100/100
|move|p1a: Tyranitar|Knock Off|p2a: Alomomola
|-damage|p2a: Alomomola|73/100
|-enditem|p2a: Alomomola|Assault Vest|[from] move: Knock Off|[of] p1a: Tyranitar
|
|-weather|Sandstorm|[upkeep]
|-damage|p2a: Alomomola|67/100|[from] Sandstorm
|-heal|p1a: Tyranitar|100/100|[from] item: Leftovers
|upkeep
|turn|4
|
|t:|1760760412
|switch|p2a: Garchomp|Garchomp, M|100/100
|move|p1a: Tyranitar|Knock Off|p2a: Garchomp
|-damage|p2a: Garchomp|57/100
|-damage|p1a: Tyranitar|88/100|[from] ability: Rough Skin|[of] p2a: Garchomp
|-enditem|p2a: Garchomp|Loaded Dice|[from] move: Knock Off|[of] p1a: Tyranitar
|
|-weather|Sandstorm|[upkeep]
|-heal|p1a: Tyranitar|94/100|[from] item: Leftovers
|upkeep
|turn|5
|inactive|michaelgoalise has 120 seconds left.
|
|t:|1760760438
|move|p2a: Garchomp|Earthquake|p1a: Tyranitar
|-supereffective|p1a: Tyranitar
|-damage|p1a: Tyranitar|16/100
|move|p1a: Tyranitar|Ice Beam|p2a: Garchomp
|-supereffective|p2a: Garchomp
|-damage|p2a: Garchomp|0 fnt
|faint|p2a: Garchomp
|
|-weather|Sandstorm|[upkeep]
|-heal|p1a: Tyranitar|22/100|[from] item: Leftovers
|upkeep
|inactive|m709lkjo has 120 seconds left.
|
|t:|1760760453
|switch|p2a: Alomomola|Alomomola, F|95/100
|turn|6
|inactive|michaelgoalise has 120 seconds left.
|
|t:|1760760476
|switch|p1a: Ogerpon|Ogerpon-Wellspring, F|100/100
|move|p2a: Alomomola|Grass Knot|p1a: Ogerpon
|-damage|p1a: Ogerpon|73/100
|
|-weather|none
|upkeep
|turn|7
|inactive|michaelgoalise has 120 seconds left.
|inactive|michaelgoalise has 90 seconds left.
|
|t:|1760760530
|switch|p2a: Drifblim|Drifblim, M|100/100
|move|p1a: Ogerpon|Horn Leech|p2a: Drifblim
|-resisted|p2a: Drifblim
|-damage|p2a: Drifblim|82/100
|-heal|p1a: Ogerpon|88/100|[from] drain|[of] p2a: Drifblim
|
|upkeep
|turn|8
|
|t:|1760760542
|switch|p1a: Palossand|Palossand, M|100/100
|move|p2a: Drifblim|Will-O-Wisp|p1a: Palossand
|-status|p1a: Palossand|brn
|
|-damage|p1a: Palossand|94/100 brn|[from] brn
|upkeep
|turn|9
|
|t:|1760760549
|move|p2a: Drifblim|Knock Off|p1a: Palossand
|-supereffective|p1a: Palossand
|-damage|p1a: Palossand|69/100 brn
|-damage|p2a: Drifblim|65/100|[from] item: Rocky Helmet|[of] p1a: Palossand
|-enditem|p1a: Palossand|Rocky Helmet|[from] move: Knock Off|[of] p2a: Drifblim
|move|p1a: Palossand|Stealth Rock|p2a: Drifblim
|-sidestart|p2: m709lkjo|move: Stealth Rock
|
|-damage|p1a: Palossand|63/100 brn|[from] brn
|upkeep
|turn|10
|
|t:|1760760571
|move|p2a: Drifblim|Defog|p1a: Palossand
|-unboost|p1a: Palossand|evasion|1
|-sideend|p2: m709lkjo|Stealth Rock|[from] move: Defog|[of] p2a: Drifblim
|move|p1a: Palossand|Shore Up|p1a: Palossand
|-heal|p1a: Palossand|100/100 brn
|
|-damage|p1a: Palossand|94/100 brn|[from] brn
|upkeep
|turn|11
|
|t:|1760760581
|switch|p2a: Garganacl|Garganacl, F|100/100
|move|p1a: Palossand|Stealth Rock|p2a: Garganacl
|-sidestart|p2: m709lkjo|move: Stealth Rock
|
|-damage|p1a: Palossand|88/100 brn|[from] brn
|upkeep
|turn|12
|
|t:|1760760591
|switch|p1a: Tyranitar|Tyranitar, M|22/100
|-weather|Sandstorm|[from] ability: Sand Stream|[of] p1a: Tyranitar
|move|p2a: Garganacl|Salt Cure|p1a: Tyranitar
|-crit|p1a: Tyranitar
|-damage|p1a: Tyranitar|7/100
|-start|p1a: Tyranitar|Salt Cure
|
|-weather|Sandstorm|[upkeep]
|-heal|p1a: Tyranitar|13/100|[from] item: Leftovers
|-damage|p1a: Tyranitar|1/100|[from] Salt Cure
|upkeep
|turn|13
|inactive|michaelgoalise has 90 seconds left.
|
|t:|1760760602
|switch|p1a: Ogerpon|Ogerpon-Wellspring, F|88/100
|switch|p2a: Alomomola|Alomomola, F|99/100
|-damage|p2a: Alomomola|88/100|[from] Stealth Rock
|
|-weather|Sandstorm|[upkeep]
|-damage|p1a: Ogerpon|82/100|[from] Sandstorm
|-damage|p2a: Alomomola|82/100|[from] Sandstorm
|upkeep
|turn|14
|inactive|michaelgoalise has 90 seconds left.
|inactive|m709lkjo has 120 seconds left.
|
|t:|1760760635
|move|p1a: Ogerpon|Swords Dance|p1a: Ogerpon
|-boost|p1a: Ogerpon|atk|2
|move|p2a: Alomomola|Flip Turn|p1a: Ogerpon
|-heal|p1a: Ogerpon|100/100|[from] ability: Water Absorb|[of] p2a: Alomomola
|
|-weather|Sandstorm|[upkeep]
|-damage|p1a: Ogerpon|95/100|[from] Sandstorm
|-damage|p2a: Alomomola|76/100|[from] Sandstorm
|upkeep
|turn|15
|inactive|m709lkjo has 120 seconds left.
|
|t:|1760760650
|move|p1a: Ogerpon|Horn Leech|p2a: Alomomola
|-supereffective|p2a: Alomomola
|-damage|p2a: Alomomola|0 fnt
|-heal|p1a: Ogerpon|100/100|[from] drain|[of] p2a: Alomomola
|faint|p2a: Alomomola
|
|-weather|Sandstorm|[upkeep]
|-damage|p1a: Ogerpon|95/100|[from] Sandstorm
|upkeep
|
|t:|1760760657
|switch|p2a: Blaziken|Blaziken, M|100/100
|-damage|p2a: Blaziken|88/100|[from] Stealth Rock
|turn|16
|inactive|m709lkjo has 120 seconds left.
|inactive|michaelgoalise has 90 seconds left.
|
|t:|1760760674
|switch|p1a: Palossand|Palossand, M|88/100 brn
|move|p2a: Blaziken|Protect||[still]
|-fail|p2a: Blaziken
|
|-weather|none
|-damage|p1a: Palossand|82/100 brn|[from] brn
|-ability|p2a: Blaziken|Speed Boost|boost
|-boost|p2a: Blaziken|spe|1
|upkeep
|turn|17
|inactive|michaelgoalise has 90 seconds left.
|
|t:|1760760679
|switch|p2a: Garganacl|Garganacl, F|100/100
|-damage|p2a: Garganacl|88/100|[from] Stealth Rock
|move|p1a: Palossand|Scorching Sands|p2a: Garganacl
|-supereffective|p2a: Garganacl
|-damage|p2a: Garganacl|55/100
|
|-heal|p2a: Garganacl|62/100|[from] item: Leftovers
|-damage|p1a: Palossand|76/100 brn|[from] brn
|upkeep
|turn|18
|inactive|m709lkjo has 120 seconds left.
|
|t:|1760760687
|move|p1a: Palossand|Scorching Sands|p2a: Garganacl
|-supereffective|p2a: Garganacl
|-damage|p2a: Garganacl|30/100
|move|p2a: Garganacl|Stealth Rock|p1a: Palossand
|-sidestart|p1: michaelgoalise|move: Stealth Rock
|
|-heal|p2a: Garganacl|37/100|[from] item: Leftovers
|-damage|p1a: Palossand|70/100 brn|[from] brn
|upkeep
|turn|19
|
|t:|1760760693
|move|p1a: Palossand|Scorching Sands|p2a: Garganacl
|-supereffective|p2a: Garganacl
|-damage|p2a: Garganacl|4/100
|move|p2a: Garganacl|Recover|p2a: Garganacl
|-heal|p2a: Garganacl|54/100
|
|-heal|p2a: Garganacl|60/100|[from] item: Leftovers
|-damage|p1a: Palossand|64/100 brn|[from] brn
|upkeep
|turn|20
|
|t:|1760760704
|move|p1a: Palossand|Scorching Sands|p2a: Garganacl
|-supereffective|p2a: Garganacl
|-damage|p2a: Garganacl|25/100
|move|p2a: Garganacl|Salt Cure|p1a: Palossand
|-resisted|p1a: Palossand
|-damage|p1a: Palossand|60/100 brn
|-start|p1a: Palossand|Salt Cure
|
|-heal|p2a: Garganacl|32/100|[from] item: Leftovers
|-damage|p1a: Palossand|53/100 brn|[from] brn
|-damage|p1a: Palossand|41/100 brn|[from] Salt Cure
|upkeep
|turn|21
|
|t:|1760760726
|switch|p1a: Ogerpon|Ogerpon-Wellspring, F|95/100
|-damage|p1a: Ogerpon|82/100|[from] Stealth Rock
|-terastallize|p2a: Garganacl|Ghost
|move|p2a: Garganacl|Recover|p2a: Garganacl
|-heal|p2a: Garganacl|82/100
|
|-heal|p2a: Garganacl|88/100|[from] item: Leftovers
|upkeep
|turn|22
|
|t:|1760760734
|move|p1a: Ogerpon|Encore|p2a: Garganacl
|-start|p2a: Garganacl|Encore
|move|p2a: Garganacl|Recover|p2a: Garganacl
|-heal|p2a: Garganacl|100/100
|
|upkeep
|turn|23
|inactive|michaelgoalise has 120 seconds left.
|inactive|m709lkjo has 120 seconds left.
|
|t:|1760760757
|switch|p2a: Blaziken|Blaziken, M|88/100
|-damage|p2a: Blaziken|76/100|[from] Stealth Rock
|move|p1a: Ogerpon|Ivy Cudgel|p2a: Blaziken|[anim] Ivy Cudgel Water
|-supereffective|p2a: Blaziken
|-damage|p2a: Blaziken|0 fnt
|faint|p2a: Blaziken
|
|upkeep
|
|t:|1760760759
|switch|p2a: Garganacl|Garganacl, F|95/100
|-damage|p2a: Garganacl|82/100|[from] Stealth Rock
|-start|p2a: Garganacl|typechange|Ghost|[silent]
|turn|24
|
|t:|1760760773
|switch|p1a: Tyranitar|Tyranitar, M|1/100
|-damage|p1a: Tyranitar|0 fnt|[from] Stealth Rock
|faint|p1a: Tyranitar
|move|p2a: Garganacl|Shadow Ball|p1: Tyranitar|[notarget]
|-fail|p2a: Garganacl
|
|upkeep
|
|t:|1760760787
|switch|p1a: Excadrill|Excadrill, F|100/100
|-damage|p1a: Excadrill|97/100|[from] Stealth Rock
|turn|25
|
|t:|1760760791
|switch|p2a: Drifblim|Drifblim, M|65/100
|move|p1a: Excadrill|Iron Head|p2a: Drifblim
|-damage|p2a: Drifblim|15/100
|
|upkeep
|turn|26
|
|t:|1760760796
|move|p1a: Excadrill|Iron Head|p2a: Drifblim
|-damage|p2a: Drifblim|0 fnt
|faint|p2a: Drifblim
|
|upkeep
|
|t:|1760760803
|switch|p2a: Garganacl|Garganacl, F, tera:Ghost|100/100
|-damage|p2a: Garganacl|88/100|[from] Stealth Rock
|turn|27
|
|t:|1760760818
|switch|p1a: Palossand|Palossand, M|41/100 brn
|-damage|p1a: Palossand|35/100 brn|[from] Stealth Rock
|move|p2a: Garganacl|Salt Cure|p1a: Palossand
|-resisted|p1a: Palossand
|-damage|p1a: Palossand|30/100 brn
|-start|p1a: Palossand|Salt Cure
|
|-heal|p2a: Garganacl|94/100|[from] item: Leftovers
|-damage|p1a: Palossand|24/100 brn|[from] brn
|-damage|p1a: Palossand|12/100 brn|[from] Salt Cure
|upkeep
|turn|28
|
|t:|1760760837
|switch|p2a: Garganacl|Garganacl, F|82/100
|-damage|p2a: Garganacl|70/100|[from] Stealth Rock
|move|p1a: Palossand|Hex|p2a: Garganacl
|-immune|p2a: Garganacl
|
|-damage|p1a: Palossand|6/100 brn|[from] brn
|-damage|p1a: Palossand|0 fnt|[from] Salt Cure
|faint|p1a: Palossand
|upkeep
|
|t:|1760760847
|switch|p1a: Corviknight|Corviknight, F|63/100
|-damage|p1a: Corviknight|50/100|[from] Stealth Rock
|-ability|p1a: Corviknight|Pressure
|-start|p2a: Garganacl|typechange|Ghost|[silent]
|turn|29
|
|t:|1760760866
|switch|p2a: Garganacl|Garganacl, F, tera:Ghost|94/100
|-damage|p2a: Garganacl|82/100|[from] Stealth Rock
|move|p1a: Corviknight|U-turn|p2a: Garganacl
|-resisted|p2a: Garganacl
|-damage|p2a: Garganacl|78/100
|
|t:|1760760877
|switch|p1a: Excadrill|Excadrill, F|97/100|[from] U-turn
|-damage|p1a: Excadrill|94/100|[from] Stealth Rock
|
|-heal|p2a: Garganacl|84/100|[from] item: Leftovers
|upkeep
|turn|30
|
|t:|1760760884
|move|p1a: Excadrill|Earthquake|p2a: Garganacl
|-damage|p2a: Garganacl|32/100
|move|p2a: Garganacl|Salt Cure|p1a: Excadrill
|-resisted|p1a: Excadrill
|-damage|p1a: Excadrill|89/100
|-start|p1a: Excadrill|Salt Cure
|
|-heal|p2a: Garganacl|39/100|[from] item: Leftovers
|-damage|p1a: Excadrill|64/100|[from] Salt Cure
|upkeep
|turn|31
|c|☆m709lkjo|gg
|c|☆michaelgoalise|gg
|
|t:|1760760903
|move|p1a: Excadrill|Earthquake|p2a: Garganacl
|-damage|p2a: Garganacl|0 fnt
|faint|p2a: Garganacl
|
|-damage|p1a: Excadrill|40/100|[from] Salt Cure
|upkeep
|
|t:|1760760905
|switch|p2a: Zoroark|Zoroark-Hisui, M|70/100
|-damage|p2a: Zoroark|58/100|[from] Stealth Rock
|turn|32
|
|t:|1760760907
|move|p2a: Zoroark|Shadow Ball|p1a: Excadrill
|-damage|p1a: Excadrill|0 fnt
|faint|p1a: Excadrill
|
|upkeep
|
|t:|1760760911
|switch|p1a: Iron Valiant|Iron Valiant|100/100
|-damage|p1a: Iron Valiant|94/100|[from] Stealth Rock
|-enditem|p1a: Iron Valiant|Booster Energy
|-activate|p1a: Iron Valiant|ability: Quark Drive|[fromitem]
|-start|p1a: Iron Valiant|quarkdrivespe
|turn|33
|
|t:|1760760914
|move|p1a: Iron Valiant|Moonblast|p2a: Zoroark
|-damage|p2a: Zoroark|0 fnt
|faint|p2a: Zoroark
|
|win|michaelgoalise
|raw|michaelgoalise's rating: 1547 &rarr; <strong>1566</strong><br />(+19 for winning)
|raw|m709lkjo's rating: 1529 &rarr; <strong>1510</strong><br />(-19 for losing)
|l|☆m709lkjo
|player|p2|
|l|☆michaelgoalise
|player|p1|
