|badge|p2|bronze|gen9ou|100-7
|uhtml|medal-msg|<div class="broadcast-blue">Curious what those medals under the avatar are? PS now has Ladder Seasons! For more information, check out the <a href="https://www.smogon.com/forums/threads/3740067/">thread on Smogon.</a></div>
|j|☆how play pkm
|j|☆Quiero mucho a Mar
|t:|1760784575
|gametype|singles
|player|p1|how play pkm|yellow|1685
|player|p2|Quiero mucho a Mar|firebreather-gen2|1926
|gen|9
|tier|[Gen 9] OU
|rated|
|rule|HP Percentage Mod: HP is shown in percentages
|rule|Endless Battle Clause: Forcing endless battles is banned
|rule|Species Clause: Limit one of each Pokémon
|rule|OHKO Clause: OHKO moves are banned
|rule|Evasion Items Clause: Evasion items are banned
|rule|Evasion Moves Clause: Evasion moves are banned
|rule|Evasion Abilities Clause: Evasion abilities are banned
|rule|Sleep Moves Clause: Sleep-inducing moves are banned
|clearpoke
|poke|p1|Ceruledge, F|
|poke|p1|Comfey, M|
|poke|p1|Mew|
|poke|p1|Dragonite, M|
|poke|p1|Latias, F|
|poke|p1|Glimmora, F|
|poke|p2|Yanmega, F|
|poke|p2|Great Tusk|
|poke|p2|Kyurem|
|poke|p2|Ogerpon-Wellspring, F|
|poke|p2|Ting-Lu|
|poke|p2|Hatterene, F|
|teampreview
|inactive|Battle timer is ON: inactive players will automatically lose when time's up. (requested by how play pkm)
|
|t:|1760784584
|teamsize|p1|6
|teamsize|p2|6
|start
|switch|p1a: Mew|Mew|100/100
|switch|p2a: Kyurem|Kyurem|100/100
|-ability|p2a: Kyurem|Pressure
|turn|1
|
|t:|1760784594
|move|p1a: Mew|Will-O-Wisp|p2a: Kyurem
|-status|p2a: Kyurem|brn
|move|p2a: Kyurem|Dragon Dance|p2a: Kyurem
|-boost|p2a: Kyurem|atk|1
|-boost|p2a: Kyurem|spe|1
|
|-damage|p2a: Kyurem|94/100 brn|[from] brn
|upkeep
|turn|2
|
|t:|1760784600
|move|p2a: Kyurem|Freeze-Dry|p1a: Mew
|-damage|p1a: Mew|66/100
|move|p1a: Mew|Reflect|p1a: Mew
|-sidestart|p1: how play pkm|Reflect
|
|-damage|p2a: Kyurem|88/100 brn|[from] brn
|upkeep
|turn|3
|
|t:|1760784604
|move|p2a: Kyurem|Freeze-Dry|p1a: Mew
|-damage|p1a: Mew|35/100
|move|p1a: Mew|Light Screen|p1a: Mew
|-sidestart|p1: how play pkm|move: Light Screen
|
|-damage|p2a: Kyurem|82/100 brn|[from] brn
|upkeep
|turn|4
|
|t:|1760784609
|move|p2a: Kyurem|Freeze-Dry|p1a: Mew
|-damage|p1a: Mew|19/100
|move|p1a: Mew|U-turn|p2a: Kyurem
|-damage|p2a: Kyurem|64/100 brn
|
|t:|1760784612
|switch|p1a: Comfey|Comfey, M|100/100|[from] U-turn
|
|-damage|p2a: Kyurem|58/100 brn|[from] brn
|upkeep
|turn|5
|
|t:|1760784614
|move|p2a: Kyurem|Freeze-Dry|p1a: Comfey
|-damage|p1a: Comfey|80/100
|move|p1a: Comfey|Calm Mind|p1a: Comfey
|-boost|p1a: Comfey|spa|1
|-boost|p1a: Comfey|spd|1
|
|-damage|p2a: Kyurem|52/100 brn|[from] brn
|upkeep
|turn|6
|
|t:|1760784617
|move|p2a: Kyurem|Freeze-Dry|p1a: Comfey
|-damage|p1a: Comfey|67/100
|move|p1a: Comfey|Calm Mind|p1a: Comfey
|-boost|p1a: Comfey|spa|1
|-boost|p1a: Comfey|spd|1
|
|-damage|p2a: Kyurem|46/100 brn|[from] brn
|upkeep
|turn|7
|
|t:|1760784619
|switch|p2a: Ting-Lu|Ting-Lu|100/100
|-ability|p2a: Ting-Lu|Vessel of Ruin
|move|p1a: Comfey|Calm Mind|p1a: Comfey
|-boost|p1a: Comfey|spa|1
|-boost|p1a: Comfey|spd|1
|
|upkeep
|turn|8
|
|t:|1760784621
|move|p1a: Comfey|Draining Kiss|p2a: Ting-Lu
|-supereffective|p2a: Ting-Lu
|-damage|p2a: Ting-Lu|58/100
|-heal|p1a: Comfey|100/100|[from] drain|[of] p2a: Ting-Lu
|-damage|p1a: Comfey|84/100|[from] item: Rocky Helmet|[of] p2a: Ting-Lu
|move|p2a: Ting-Lu|Whirlwind|p1a: Comfey
|drag|p1a: Latias|Latias, F|100/100
|
|upkeep
|turn|9
|
|t:|1760784627
|move|p1a: Latias|Trick|p2a: Ting-Lu
|-activate|p1a: Latias|move: Trick|[of] p2a: Ting-Lu
|-item|p2a: Ting-Lu|Choice Scarf|[from] move: Trick
|-item|p1a: Latias|Rocky Helmet|[from] move: Trick
|move|p2a: Ting-Lu|Spikes|p1a: Latias
|-sidestart|p1: how play pkm|Spikes
|
|-sideend|p1: how play pkm|Reflect
|upkeep
|turn|10
|
|t:|1760784631
|switch|p1a: Mew|Mew|19/100
|-damage|p1a: Mew|6/100|[from] Spikes
|switch|p2a: Hatterene|Hatterene, F|100/100
|
|-sideend|p1: how play pkm|move: Light Screen
|upkeep
|turn|11
|
|t:|1760784635
|move|p1a: Mew|Light Screen|p1a: Mew
|-sidestart|p1: how play pkm|move: Light Screen
|move|p2a: Hatterene|Mystical Fire|p1a: Mew
|-crit|p1a: Mew
|-damage|p1a: Mew|0 fnt
|faint|p1a: Mew
|
|upkeep
|
|t:|1760784640
|switch|p1a: Comfey|Comfey, M|84/100
|-damage|p1a: Comfey|71/100|[from] Spikes
|turn|12
|
|t:|1760784642
|move|p1a: Comfey|Calm Mind|p1a: Comfey
|-boost|p1a: Comfey|spa|1
|-boost|p1a: Comfey|spd|1
|move|p2a: Hatterene|Nuzzle|p1a: Comfey
|-damage|p1a: Comfey|66/100
|
|upkeep
|turn|13
|
|t:|1760784646
|switch|p2a: Ting-Lu|Ting-Lu|58/100
|-ability|p2a: Ting-Lu|Vessel of Ruin
|move|p1a: Comfey|Calm Mind|p1a: Comfey
|-boost|p1a: Comfey|spa|1
|-boost|p1a: Comfey|spd|1
|
|upkeep
|turn|14
|
|t:|1760784649
|move|p1a: Comfey|Draining Kiss|p2a: Ting-Lu
|-supereffective|p2a: Ting-Lu
|-damage|p2a: Ting-Lu|21/100
|-heal|p1a: Comfey|100/100|[from] drain|[of] p2a: Ting-Lu
|move|p2a: Ting-Lu|Whirlwind|p1a: Comfey
|drag|p1a: Latias|Latias, F|100/100
|
|upkeep
|turn|15
|
|t:|1760784655
|switch|p2a: Hatterene|Hatterene, F|100/100
|move|p1a: Latias|Draco Meteor|p2a: Hatterene
|-immune|p2a: Hatterene
|
|upkeep
|turn|16
|
|t:|1760784658
|switch|p1a: Comfey|Comfey, M|100/100
|-damage|p1a: Comfey|88/100|[from] Spikes
|switch|p2a: Ogerpon|Ogerpon-Wellspring, F|100/100
|
|upkeep
|turn|17
|
|t:|1760784662
|switch|p1a: Latias|Latias, F|100/100
|-terastallize|p2a: Ogerpon|Water
|detailschange|p2a: Ogerpon|Ogerpon-Wellspring-Tera, F, tera:Water
|-ability|p2a: Ogerpon|Embody Aspect (Wellspring)|boost
|-boost|p2a: Ogerpon|spd|1
|move|p2a: Ogerpon|Ivy Cudgel|p1a: Latias|[anim] Ivy Cudgel Water
|-resisted|p1a: Latias
|-crit|p1a: Latias
|-damage|p1a: Latias|18/100
|
|upkeep
|turn|18
|j| eliseum
|
|t:|1760784671
|move|p1a: Latias|Healing Wish|p1a: Latias
|faint|p1a: Latias
|move|p2a: Ogerpon|U-turn|p1: Latias|[notarget]
|-fail|p2a: Ogerpon
|
|-sideend|p1: how play pkm|move: Light Screen
|upkeep
|
|t:|1760784675
|switch|p1a: Dragonite|Dragonite, M|100/100
|turn|19
|
|t:|1760784678
|move|p2a: Ogerpon|U-turn|p1a: Dragonite
|-resisted|p1a: Dragonite
|-damage|p1a: Dragonite|92/100
|
|t:|1760784680
|switch|p2a: Hatterene|Hatterene, F|100/100|[from] U-turn
|move|p1a: Dragonite|Dragon Dance|p1a: Dragonite
|-boost|p1a: Dragonite|atk|1
|-boost|p1a: Dragonite|spe|1
|
|upkeep
|turn|20
|
|t:|1760784684
|move|p1a: Dragonite|Dragon Dance|p1a: Dragonite
|-boost|p1a: Dragonite|atk|1
|-boost|p1a: Dragonite|spe|1
|move|p2a: Hatterene|Nuzzle|p1a: Dragonite
|-damage|p1a: Dragonite|88/100
|
|upkeep
|turn|21
|
|t:|1760784687
|move|p1a: Dragonite|Earthquake|p2a: Hatterene
|-damage|p2a: Hatterene|36/100
|move|p2a: Hatterene|Draining Kiss|p1a: Dragonite
|-supereffective|p1a: Dragonite
|-damage|p1a: Dragonite|41/100
|-heal|p2a: Hatterene|72/100|[from] drain|[of] p1a: Dragonite
|
|upkeep
|turn|22
|
|t:|1760784696
|-terastallize|p1a: Dragonite|Ground
|move|p1a: Dragonite|Dragon Dance|p1a: Dragonite
|-boost|p1a: Dragonite|atk|1
|-boost|p1a: Dragonite|spe|1
|move|p2a: Hatterene|Draining Kiss|p1a: Dragonite
|-damage|p1a: Dragonite|14/100
|-heal|p2a: Hatterene|92/100|[from] drain|[of] p1a: Dragonite
|
|upkeep
|turn|23
|
|t:|1760784702
|switch|p2a: Kyurem|Kyurem|46/100 brn
|-ability|p2a: Kyurem|Pressure
|move|p1a: Dragonite|Roost|p1a: Dragonite
|-heal|p1a: Dragonite|65/100
|
|-damage|p2a: Kyurem|40/100 brn|[from] brn
|upkeep
|turn|24
|
|t:|1760784705
|move|p1a: Dragonite|Earthquake|p2a: Kyurem
|-damage|p2a: Kyurem|0 fnt
|faint|p2a: Kyurem
|
|upkeep
|
|t:|1760784706
|switch|p2a: Great Tusk|Great Tusk|100/100
|turn|25
|
|t:|1760784709
|move|p1a: Dragonite|Earthquake|p2a: Great Tusk
|-damage|p2a: Great Tusk|8/100
|move|p2a: Great Tusk|Headlong Rush|p1a: Dragonite
|-damage|p1a: Dragonite|1/100
|-unboost|p2a: Great Tusk|def|1
|-unboost|p2a: Great Tusk|spd|1
|
|upkeep
|turn|26
|
|t:|1760784712
|move|p1a: Dragonite|Earthquake|p2a: Great Tusk
|-damage|p2a: Great Tusk|0 fnt
|faint|p2a: Great Tusk
|-end|p2a: Great Tusk|Protosynthesis|[silent]
|
|upkeep
|
|t:|1760784722
|switch|p2a: Yanmega|Yanmega, F|100/100
|turn|27
|
|t:|1760784724
|move|p2a: Yanmega|Protect|p2a: Yanmega
|-singleturn|p2a: Yanmega|Protect
|move|p1a: Dragonite|Stone Edge|p2a: Yanmega
|-activate|p2a: Yanmega|move: Protect
|
|-ability|p2a: Yanmega|Speed Boost|boost
|-boost|p2a: Yanmega|spe|1
|upkeep
|turn|28
|
|t:|1760784727
|move|p1a: Dragonite|Stone Edge|p2a: Yanmega
|-supereffective|p2a: Yanmega
|-damage|p2a: Yanmega|0 fnt
|faint|p2a: Yanmega
|
|upkeep
|
|t:|1760784730
|switch|p2a: Hatterene|Hatterene, F|92/100
|turn|29
|
|t:|1760784732
|move|p1a: Dragonite|Earthquake|p2a: Hatterene
|-damage|p2a: Hatterene|0 fnt
|faint|p2a: Hatterene
|
|upkeep
|-message|Quiero mucho a Mar forfeited.
|
|win|how play pkm
|raw|how play pkm's rating: 1685 &rarr; <strong>1717</strong><br />(+32 for winning)
|raw|Quiero mucho a Mar's rating: 1926 &rarr; <strong>1894</strong><br />(-32 for losing)
|l|☆how play pkm
|player|p1|
|l|☆Quiero mucho a Mar
|player|p2|
|l| eliseum
