|badge|p1|bronze|gen9ou|100-7
|uhtml|medal-msg|<div class="broadcast-blue">Curious what those medals under the avatar are? PS now has Ladder Seasons! For more information, check out the <a href="https://www.smogon.com/forums/threads/3740067/">thread on Smogon.</a></div>
|j|☆Sanesa8724
|j|☆ciantaihou
|t:|1760774412
|gametype|singles
|player|p1|Sanesa8724|265|1832
|player|p2|ciantaihou|bellelba|1782
|gen|9
|tier|[Gen 9] OU
|rated|
|rule|HP Percentage Mod: HP is shown in percentages
|rule|Endless Battle Clause: Forcing endless battles is banned
|rule|Species Clause: Limit one of each Pokémon
|rule|OHKO Clause: OHKO moves are banned
|rule|Evasion Items Clause: Evasion items are banned
|rule|Evasion Moves Clause: Evasion moves are banned
|rule|Evasion Abilities Clause: Evasion abilities are banned
|rule|Sleep Moves Clause: Sleep-inducing moves are banned
|clearpoke
|poke|p1|Rillaboom, M|
|poke|p1|Zamazenta-*|
|poke|p1|Ogerpon, F|
|poke|p1|Moltres|
|poke|p1|Iron Treads|
|poke|p1|Gholdengo|
|poke|p2|Ursaluna, F|
|poke|p2|Torkoal, F|
|poke|p2|Hoopa-Unbound|
|poke|p2|Cresselia, F|
|poke|p2|Hatterene, F|
|poke|p2|Enamorus-Therian, F|
|teampreview
|inactive|Battle timer is ON: inactive players will automatically lose when time's up. (requested by Sanesa8724)
|
|t:|1760774438
|teamsize|p1|6
|teamsize|p2|6
|start
|switch|p1a: Iron Treads|Iron Treads|100/100
|switch|p2a: Enamorus|Enamorus-Therian, F|100/100
|turn|1
|c|☆Sanesa8724|Glhf
|
|t:|1760774447
|move|p1a: Iron Treads|Stealth Rock|p2a: Enamorus
|-sidestart|p2: ciantaihou|move: Stealth Rock
|move|p2a: Enamorus|Earth Power|p1a: Iron Treads
|-supereffective|p1a: Iron Treads
|-damage|p1a: Iron Treads|0 fnt
|faint|p1a: Iron Treads
|-end|p1a: Iron Treads|Quark Drive|[silent]
|
|upkeep
|
|t:|1760774453
|switch|p1a: Moltres|Moltres|100/100
|turn|2
|
|t:|1760774458
|switch|p2a: Cresselia|Cresselia, F|100/100
|-damage|p2a: Cresselia|88/100|[from] Stealth Rock
|move|p1a: Moltres|Flamethrower|p2a: Cresselia
|-damage|p2a: Cresselia|65/100
|
|upkeep
|turn|3
|
|t:|1760774465
|move|p1a: Moltres|Roar|p2a: Cresselia
|drag|p2a: Hoopa|Hoopa-Unbound|100/100
|-damage|p2a: Hoopa|88/100|[from] Stealth Rock
|
|upkeep
|turn|4
|
|t:|1760774472
|move|p1a: Moltres|U-turn|p2a: Hoopa
|-supereffective|p2a: Hoopa
|-damage|p2a: Hoopa|14/100
|
|t:|1760774477
|switch|p1a: Rillaboom|Rillaboom, M|100/100|[from] U-turn
|-fieldstart|move: Grassy Terrain|[from] ability: Grassy Surge|[of] p1a: Rillaboom
|move|p2a: Hoopa|Trick Room|p2a: Hoopa
|-fieldstart|move: Trick Room|[of] p2a: Hoopa
|
|-heal|p2a: Hoopa|20/100|[from] Grassy Terrain
|upkeep
|turn|5
|j| Wowbigsmall
|
|t:|1760774488
|switch|p2a: Torkoal|Torkoal, F, shiny|100/100
|-damage|p2a: Torkoal|76/100|[from] Stealth Rock
|-weather|SunnyDay|[from] ability: Drought|[of] p2a: Torkoal
|move|p1a: Rillaboom|Grassy Glide|p2a: Torkoal
|-resisted|p2a: Torkoal
|-damage|p2a: Torkoal|60/100
|
|-weather|SunnyDay|[upkeep]
|-heal|p2a: Torkoal|66/100|[from] Grassy Terrain
|upkeep
|turn|6
|
|t:|1760774501
|switch|p1a: Moltres|Moltres|100/100
|-terastallize|p2a: Torkoal|Fire
|move|p2a: Torkoal|Weather Ball|p1a: Moltres
|-resisted|p1a: Moltres
|-damage|p1a: Moltres|53/100
|
|-weather|SunnyDay|[upkeep]
|-heal|p2a: Torkoal|72/100|[from] Grassy Terrain
|upkeep
|turn|7
|
|t:|1760774512
|move|p2a: Torkoal|Weather Ball|p1a: Moltres
|-resisted|p1a: Moltres
|-damage|p1a: Moltres|11/100
|move|p1a: Moltres|Roost|p1a: Moltres
|-heal|p1a: Moltres|61/100
|-singleturn|p1a: Moltres|move: Roost
|
|-weather|SunnyDay|[upkeep]
|-heal|p2a: Torkoal|78/100|[from] Grassy Terrain
|-heal|p1a: Moltres|67/100|[from] Grassy Terrain
|upkeep
|turn|8
|inactive|ciantaihou has 120 seconds left.
|
|t:|1760774552
|move|p2a: Torkoal|Weather Ball|p1a: Moltres
|-resisted|p1a: Moltres
|-damage|p1a: Moltres|23/100
|move|p1a: Moltres|Flamethrower|p2a: Torkoal
|-resisted|p2a: Torkoal
|-damage|p2a: Torkoal|39/100
|
|-weather|SunnyDay|[upkeep]
|-heal|p2a: Torkoal|45/100|[from] Grassy Terrain
|-fieldend|move: Trick Room
|upkeep
|turn|9
|
|t:|1760774563
|move|p1a: Moltres|Roost|p1a: Moltres
|-heal|p1a: Moltres|73/100
|-singleturn|p1a: Moltres|move: Roost
|move|p2a: Torkoal|Weather Ball|p1a: Moltres
|-resisted|p1a: Moltres
|-damage|p1a: Moltres|30/100
|
|-weather|none
|-heal|p1a: Moltres|36/100|[from] Grassy Terrain
|-heal|p2a: Torkoal|51/100|[from] Grassy Terrain
|upkeep
|turn|10
|
|t:|1760774575
|switch|p2a: Hoopa|Hoopa-Unbound|20/100
|-damage|p2a: Hoopa|8/100|[from] Stealth Rock
|move|p1a: Moltres|Roost|p1a: Moltres
|-heal|p1a: Moltres|87/100
|-singleturn|p1a: Moltres|move: Roost
|
|-heal|p1a: Moltres|93/100|[from] Grassy Terrain
|-heal|p2a: Hoopa|14/100|[from] Grassy Terrain
|upkeep
|turn|11
|
|t:|1760774585
|move|p1a: Moltres|Flamethrower|p2a: Hoopa
|-damage|p2a: Hoopa|0 fnt
|faint|p2a: Hoopa
|
|-fieldend|move: Grassy Terrain
|upkeep
|
|t:|1760774602
|switch|p2a: Ursaluna|Ursaluna, F|100/100
|-damage|p2a: Ursaluna|94/100|[from] Stealth Rock
|turn|12
|
|t:|1760774610
|move|p1a: Moltres|Flamethrower|p2a: Ursaluna
|-damage|p2a: Ursaluna|62/100
|move|p2a: Ursaluna|Facade|p1a: Moltres
|-damage|p1a: Moltres|50/100
|
|-status|p2a: Ursaluna|brn|[from] item: Flame Orb
|upkeep
|turn|13
|
|t:|1760774620
|move|p1a: Moltres|U-turn|p2a: Ursaluna
|-damage|p2a: Ursaluna|52/100 brn
|
|t:|1760774621
|switch|p1a: Gholdengo|Gholdengo|100/100|[from] U-turn
|move|p2a: Ursaluna|Fire Punch|p1a: Gholdengo
|-supereffective|p1a: Gholdengo
|-damage|p1a: Gholdengo|16/100
|
|-damage|p2a: Ursaluna|46/100 brn|[from] brn
|upkeep
|turn|14
|inactive|ciantaihou has 120 seconds left.
|
|t:|1760774634
|move|p1a: Gholdengo|Make It Rain|p2a: Ursaluna
|-damage|p2a: Ursaluna|0 fnt
|-unboost|p1a: Gholdengo|spa|1
|faint|p2a: Ursaluna
|
|upkeep
|
|t:|1760774642
|switch|p2a: Cresselia|Cresselia, F|65/100
|-damage|p2a: Cresselia|53/100|[from] Stealth Rock
|turn|15
|
|t:|1760774651
|switch|p1a: Moltres|Moltres|50/100
|move|p2a: Cresselia|Trick Room|p2a: Cresselia
|-fieldstart|move: Trick Room|[of] p2a: Cresselia
|
|upkeep
|turn|16
|
|t:|1760774664
|move|p2a: Cresselia|Moonlight|p2a: Cresselia
|-heal|p2a: Cresselia|100/100
|move|p1a: Moltres|Roost|p1a: Moltres
|-heal|p1a: Moltres|99/100
|-singleturn|p1a: Moltres|move: Roost
|
|upkeep
|turn|17
|
|t:|1760774675
|move|p2a: Cresselia|Moonblast|p1a: Moltres
|-resisted|p1a: Moltres
|-damage|p1a: Moltres|94/100
|-unboost|p1a: Moltres|spa|1
|move|p1a: Moltres|U-turn|p2a: Cresselia
|-supereffective|p2a: Cresselia
|-damage|p2a: Cresselia|83/100
|-damage|p1a: Moltres|77/100|[from] item: Rocky Helmet|[of] p2a: Cresselia
|
|t:|1760774685
|switch|p1a: Rillaboom|Rillaboom, M|100/100|[from] U-turn
|-fieldstart|move: Grassy Terrain|[from] ability: Grassy Surge|[of] p1a: Rillaboom
|
|upkeep
|turn|18
|
|t:|1760774692
|switch|p1a: Moltres|Moltres|77/100
|move|p2a: Cresselia|Lunar Dance|p2a: Cresselia
|faint|p2a: Cresselia
|
|upkeep
|
|t:|1760774699
|switch|p2a: Torkoal|Torkoal, F, shiny, tera:Fire|51/100
|-heal|p2a: Torkoal|100/100|[from] move: Lunar Dance
|-damage|p2a: Torkoal|76/100|[from] Stealth Rock
|-weather|SunnyDay|[from] ability: Drought|[of] p2a: Torkoal
|turn|19
|
|t:|1760774705
|move|p2a: Torkoal|Eruption|p1a: Moltres
|-resisted|p1a: Moltres
|-damage|p1a: Moltres|26/100
|move|p1a: Moltres|Roost|p1a: Moltres
|-heal|p1a: Moltres|76/100
|-singleturn|p1a: Moltres|move: Roost
|
|-weather|SunnyDay|[upkeep]
|-heal|p2a: Torkoal|82/100|[from] Grassy Terrain
|-heal|p1a: Moltres|82/100|[from] Grassy Terrain
|-fieldend|move: Trick Room
|upkeep
|turn|20
|-message|ciantaihou forfeited.
|
|win|Sanesa8724
|raw|Sanesa8724's rating: 1832 &rarr; <strong>1849</strong><br />(+17 for winning)
|raw|ciantaihou's rating: 1782 &rarr; <strong>1765</strong><br />(-17 for losing)
|l|☆ciantaihou
|player|p2|
|c|☆Sanesa8724|Gg
|l| Wowbigsmall
|l|☆Sanesa8724
|player|p1|
