|j|☆rivnarrex
|j|☆isaac_gam3r
|t:|1760720972
|gametype|singles
|player|p1|rivnarrex|benga|1656
|player|p2|isaac_gam3r|acetrainer-gen4dp|1697
|gen|9
|tier|[Gen 9] OU
|rated|
|rule|HP Percentage Mod: HP is shown in percentages
|rule|Endless Battle Clause: Forcing endless battles is banned
|rule|Species Clause: Limit one of each Pokémon
|rule|OHKO Clause: OHKO moves are banned
|rule|Evasion Items Clause: Evasion items are banned
|rule|Evasion Moves Clause: Evasion moves are banned
|rule|Evasion Abilities Clause: Evasion abilities are banned
|rule|Sleep Moves Clause: Sleep-inducing moves are banned
|clearpoke
|poke|p1|Hatterene, F|
|poke|p1|Kingambit, M|
|poke|p1|Ogerpon-Wellspring, F|
|poke|p1|Landorus-Therian, M|
|poke|p1|Iron Valiant|
|poke|p1|Cinderace, F|
|poke|p2|Garchomp, F|
|poke|p2|Raging Bolt|
|poke|p2|Primarina, M|
|poke|p2|Heatran, M|
|poke|p2|Weezing-Galar, M|
|poke|p2|Weavile, F|
|teampreview
|inactive|Battle timer is ON: inactive players will automatically lose when time's up. (requested by isaac_gam3r)
|j| Capitaine Tenace
|inactive|rivnarrex has 120 seconds left.
|c| Capitaine Tenace|rivnarrex is on fiiiiiiir
|
|t:|1760721022
|teamsize|p1|6
|teamsize|p2|6
|start
|switch|p1a: Solar Flare|Cinderace, F|100/100
|switch|p2a: Garchomp|Garchomp, F|100/100
|turn|1
|
|t:|1760721034
|move|p2a: Garchomp|Outrage|p1a: Solar Flare
|-damage|p1a: Solar Flare|5/100
|move|p1a: Solar Flare|U-turn|p2a: Garchomp
|-start|p1a: Solar Flare|typechange|Bug|[from] ability: Libero
|-damage|p2a: Garchomp|65/100
|-damage|p1a: Solar Flare|0 fnt|[from] ability: Rough Skin|[of] p2a: Garchomp
|faint|p1a: Solar Flare
|
|upkeep
|
|t:|1760721041
|switch|p1a: Hatterene|Hatterene, F|100/100
|turn|2
|
|t:|1760721045
|move|p2a: Garchomp|Outrage|p1a: Hatterene|[from] lockedmove
|-immune|p1a: Hatterene
|-start|p2a: Garchomp|confusion|[fatigue]
|move|p1a: Hatterene|Draining Kiss|p2a: Garchomp
|-supereffective|p2a: Garchomp
|-damage|p2a: Garchomp|12/100
|-damage|p1a: Hatterene|88/100|[from] ability: Rough Skin|[of] p2a: Garchomp
|
|upkeep
|turn|3
|
|t:|1760721055
|switch|p2a: Heatran|Heatran, M|100/100
|switch|p1a: Earth|Landorus-Therian, M|100/100
|-ability|p1a: Earth|Intimidate|boost
|-unboost|p2a: Heatran|atk|1
|
|upkeep
|turn|4
|
|t:|1760721063
|switch|p2a: Weezing|Weezing-Galar, M, shiny|100/100
|move|p1a: Earth|Earthquake|p2a: Weezing
|-immune|p2a: Weezing|[from] ability: Levitate
|
|upkeep
|turn|5
|
|t:|1760721068
|move|p1a: Earth|Taunt|p2a: Weezing
|-start|p2a: Weezing|move: Taunt
|move|p2a: Weezing|Strange Steam|p1a: Earth
|-damage|p1a: Earth|73/100
|
|upkeep
|turn|6
|
|t:|1760721070
|move|p1a: Earth|Stealth Rock|p2a: Weezing
|-sidestart|p2: isaac_gam3r|move: Stealth Rock
|move|p2a: Weezing|Strange Steam|p1a: Earth
|-damage|p1a: Earth|41/100
|
|upkeep
|turn|7
|
|t:|1760721075
|move|p1a: Earth|U-turn|p2a: Weezing
|-resisted|p2a: Weezing
|-damage|p2a: Weezing|97/100
|
|t:|1760721078
|switch|p1a: Murasama|Kingambit, M|100/100|[from] U-turn
|-activate|p1a: Murasama|ability: Supreme Overlord
|-start|p1a: Murasama|fallen1|[silent]
|move|p2a: Weezing|Strange Steam|p1a: Murasama
|-damage|p1a: Murasama|76/100
|
|-heal|p2a: Weezing|100/100|[from] item: Black Sludge
|-heal|p1a: Murasama|82/100|[from] item: Leftovers
|-end|p2a: Weezing|move: Taunt
|upkeep
|turn|8
|
|t:|1760721090
|-end|p1a: Murasama|fallen1|[silent]
|switch|p1a: Hatterene|Hatterene, F|88/100
|move|p2a: Weezing|Will-O-Wisp|p1a: Hatterene
|move|p1a: Hatterene|Will-O-Wisp|p2a: Weezing|[from] ability: Magic Bounce
|-status|p2a: Weezing|brn
|
|-damage|p2a: Weezing|95/100 brn|[from] brn
|upkeep
|turn|9
|
|t:|1760721093
|move|p2a: Weezing|Defog|p1a: Hatterene
|move|p1a: Hatterene|Defog|p2a: Weezing|[from] ability: Magic Bounce
|-unboost|p2a: Weezing|evasion|1
|-sideend|p2: isaac_gam3r|Stealth Rock|[from] move: Defog|[of] p1a: Hatterene
|move|p1a: Hatterene|Psychic Noise|p2a: Weezing
|-supereffective|p2a: Weezing
|-damage|p2a: Weezing|6/100 brn
|-start|p2a: Weezing|move: Heal Block
|
|-damage|p2a: Weezing|0 fnt|[from] brn
|faint|p2a: Weezing
|upkeep
|
|t:|1760721098
|switch|p2a: Primarina|Primarina, M|100/100
|turn|10
|
|t:|1760721107
|move|p2a: Primarina|Calm Mind|p2a: Primarina
|-boost|p2a: Primarina|spa|1
|-boost|p2a: Primarina|spd|1
|move|p1a: Hatterene|Nuzzle|p2a: Primarina
|-supereffective|p2a: Primarina
|-damage|p2a: Primarina|92/100
|-status|p2a: Primarina|par
|
|-heal|p2a: Primarina|98/100 par|[from] item: Leftovers
|upkeep
|turn|11
|
|t:|1760721111
|move|p1a: Hatterene|Psychic Noise|p2a: Primarina
|-damage|p2a: Primarina|79/100 par
|-start|p2a: Primarina|move: Heal Block
|cant|p2a: Primarina|move: Heal Block|Draining Kiss
|
|upkeep
|turn|12
|
|t:|1760721116
|switch|p1a: Terratomere|Ogerpon-Wellspring, F|100/100
|move|p2a: Primarina|Hyper Voice|p1a: Terratomere
|-immune|p1a: Terratomere|[from] ability: Water Absorb
|
|-end|p2a: Primarina|move: Heal Block
|upkeep
|turn|13
|
|t:|1760721122
|switch|p2a: Garchomp|Garchomp, F|12/100
|move|p1a: Terratomere|Horn Leech|p2a: Garchomp
|-damage|p2a: Garchomp|0 fnt
|-damage|p1a: Terratomere|88/100|[from] ability: Rough Skin|[of] p2a: Garchomp
|faint|p2a: Garchomp
|
|upkeep
|
|t:|1760721126
|switch|p2a: Raging Bolt|Raging Bolt|100/100
|turn|14
|
|t:|1760721133
|switch|p1a: Hatterene|Hatterene, F|88/100
|move|p2a: Raging Bolt|Calm Mind|p2a: Raging Bolt
|-boost|p2a: Raging Bolt|spa|1
|-boost|p2a: Raging Bolt|spd|1
|
|upkeep
|turn|15
|
|t:|1760721139
|move|p2a: Raging Bolt|Thunderbolt|p1a: Hatterene
|-damage|p1a: Hatterene|6/100
|move|p1a: Hatterene|Pain Split|p2a: Raging Bolt
|-sethp|p2a: Raging Bolt|52/100|[from] move: Pain Split|[silent]
|-sethp|p1a: Hatterene|75/100|[from] move: Pain Split
|
|-heal|p2a: Raging Bolt|59/100|[from] item: Leftovers
|upkeep
|turn|16
|
|t:|1760721151
|move|p2a: Raging Bolt|Thunderbolt|p1a: Hatterene
|-damage|p1a: Hatterene|0 fnt
|faint|p1a: Hatterene
|
|-heal|p2a: Raging Bolt|65/100|[from] item: Leftovers
|upkeep
|
|t:|1760721158
|switch|p1a: Earth|Landorus-Therian, M|41/100
|-ability|p1a: Earth|Intimidate|boost
|-unboost|p2a: Raging Bolt|atk|1
|turn|17
|
|t:|1760721161
|move|p1a: Earth|Earthquake|p2a: Raging Bolt
|-supereffective|p2a: Raging Bolt
|-damage|p2a: Raging Bolt|0 fnt
|faint|p2a: Raging Bolt
|-end|p2a: Raging Bolt|Protosynthesis|[silent]
|
|upkeep
|
|t:|1760721163
|switch|p2a: Weavile|Weavile, F|100/100
|-ability|p2a: Weavile|Pressure
|turn|18
|
|t:|1760721169
|move|p2a: Weavile|Triple Axel|p1a: Earth
|-supereffective|p1a: Earth
|-damage|p1a: Earth|6/100
|-damage|p2a: Weavile|84/100|[from] item: Rocky Helmet|[of] p1a: Earth
|-supereffective|p1a: Earth
|-damage|p1a: Earth|0 fnt
|-damage|p2a: Weavile|68/100|[from] item: Rocky Helmet|[of] p1a: Earth
|faint|p1a: Earth
|-hitcount|p1: Earth|2
|
|upkeep
|j| eliseum
|
|t:|1760721191
|switch|p1a: Terratomere|Ogerpon-Wellspring, F|88/100
|turn|19
|l| eliseum
|
|t:|1760721203
|-terastallize|p1a: Terratomere|Water
|detailschange|p1a: Terratomere|Ogerpon-Wellspring-Tera, F, tera:Water
|-ability|p1a: Terratomere|Embody Aspect (Wellspring)|boost
|-boost|p1a: Terratomere|spd|1
|move|p2a: Weavile|Triple Axel|p1a: Terratomere
|-resisted|p1a: Terratomere
|-damage|p1a: Terratomere|82/100
|-resisted|p1a: Terratomere
|-damage|p1a: Terratomere|69/100
|-resisted|p1a: Terratomere
|-damage|p1a: Terratomere|48/100
|-hitcount|p1a: Terratomere|3
|move|p1a: Terratomere|Ivy Cudgel|p2a: Weavile|[anim] Ivy Cudgel Water
|-damage|p2a: Weavile|0 fnt
|faint|p2a: Weavile
|
|upkeep
|
|t:|1760721207
|switch|p2a: Heatran|Heatran, M|100/100
|turn|20
|c|☆isaac_gam3r|Gg
|-message|isaac_gam3r forfeited.
|
|win|rivnarrex
|raw|rivnarrex's rating: 1656 &rarr; <strong>1678</strong><br />(+22 for winning)
|raw|isaac_gam3r's rating: 1697 &rarr; <strong>1675</strong><br />(-22 for losing)
|l|☆isaac_gam3r
|player|p2|
|l|☆rivnarrex
|player|p1|
