|j|☆VinceCartersKnees
|j|☆chasmis_bauna
|t:|1760772638
|gametype|singles
|player|p1|VinceCartersKnees|unknown|1447
|player|p2|chasmis_bauna|tuber|1504
|gen|9
|tier|[Gen 9] OU
|rated|
|rule|HP Percentage Mod: HP is shown in percentages
|rule|Endless Battle Clause: Forcing endless battles is banned
|rule|Species Clause: Limit one of each Pokémon
|rule|OHKO Clause: OHKO moves are banned
|rule|Evasion Items Clause: Evasion items are banned
|rule|Evasion Moves Clause: Evasion moves are banned
|rule|Evasion Abilities Clause: Evasion abilities are banned
|rule|Sleep Moves Clause: Sleep-inducing moves are banned
|clearpoke
|poke|p1|Rillaboom, M|
|poke|p1|Raging Bolt|
|poke|p1|Great Tusk|
|poke|p1|Clefable, M|
|poke|p1|Kingambit, M|
|poke|p1|Moltres|
|poke|p2|Toxapex, F|
|poke|p2|Ogerpon-Wellspring, F|
|poke|p2|Iron Moth|
|poke|p2|Kingambit, M|
|poke|p2|Oricorio-Pom-Pom, M|
|poke|p2|Kyurem|
|teampreview
|inactive|Battle timer is ON: inactive players will automatically lose when time's up. (requested by chasmis_bauna)
|
|t:|1760772650
|teamsize|p1|6
|teamsize|p2|6
|start
|switch|p1a: Rillaboom|Rillaboom, M, shiny|100/100
|switch|p2a: joseph|Kyurem|100/100
|-ability|p2a: joseph|Pressure
|-fieldstart|move: Grassy Terrain|[from] ability: Grassy Surge|[of] p1a: Rillaboom
|turn|1
|
|t:|1760772660
|switch|p1a: Clefable|Clefable, M, shiny|100/100
|move|p2a: joseph|Dragon Dance|p2a: joseph
|-boost|p2a: joseph|atk|1
|-boost|p2a: joseph|spe|1
|
|upkeep
|turn|2
|
|t:|1760772668
|-terastallize|p2a: joseph|Fire
|move|p2a: joseph|Icicle Spear|p1a: Clefable
|-damage|p1a: Clefable|83/100
|-damage|p1a: Clefable|67/100
|-damage|p1a: Clefable|50/100
|-crit|p1a: Clefable
|-damage|p1a: Clefable|24/100
|-hitcount|p1a: Clefable|4
|move|p1a: Clefable|Moonblast|p2a: joseph
|-resisted|p2a: joseph
|-damage|p2a: joseph|84/100
|-unboost|p2a: joseph|spa|1
|
|-heal|p2a: joseph|91/100|[from] Grassy Terrain
|-heal|p1a: Clefable|30/100|[from] Grassy Terrain
|upkeep
|turn|3
|
|t:|1760772687
|move|p2a: joseph|Icicle Spear|p1a: Clefable
|-damage|p1a: Clefable|13/100
|-damage|p1a: Clefable|0 fnt
|faint|p1a: Clefable
|-hitcount|p1: Clefable|2
|
|-heal|p2a: joseph|97/100|[from] Grassy Terrain
|upkeep
|
|t:|1760772702
|switch|p1a: Great Tusk|Great Tusk, shiny|100/100
|turn|4
|
|t:|1760772709
|-terastallize|p1a: Great Tusk|Steel
|move|p2a: joseph|Icicle Spear|p1a: Great Tusk
|-resisted|p1a: Great Tusk
|-damage|p1a: Great Tusk|93/100
|-resisted|p1a: Great Tusk
|-damage|p1a: Great Tusk|85/100
|-resisted|p1a: Great Tusk
|-damage|p1a: Great Tusk|77/100
|-resisted|p1a: Great Tusk
|-damage|p1a: Great Tusk|70/100
|-resisted|p1a: Great Tusk
|-damage|p1a: Great Tusk|62/100
|-hitcount|p1a: Great Tusk|5
|move|p1a: Great Tusk|Headlong Rush|p2a: joseph
|-supereffective|p2a: joseph
|-damage|p2a: joseph|0 fnt
|-unboost|p1a: Great Tusk|def|1
|-unboost|p1a: Great Tusk|spd|1
|faint|p2a: joseph
|
|-heal|p1a: Great Tusk|68/100|[from] Grassy Terrain
|upkeep
|
|t:|1760772714
|switch|p2a: giorno|Iron Moth|100/100
|-enditem|p2a: giorno|Booster Energy
|-activate|p2a: giorno|ability: Quark Drive|[fromitem]
|-start|p2a: giorno|quarkdrivespe
|turn|5
|
|t:|1760772733
|-end|p1a: Great Tusk|Protosynthesis|[silent]
|switch|p1a: Raging Bolt|Raging Bolt|100/100
|move|p2a: giorno|Fiery Dance|p1a: Raging Bolt
|-resisted|p1a: Raging Bolt
|-damage|p1a: Raging Bolt|80/100
|-boost|p2a: giorno|spa|1
|
|-heal|p1a: Raging Bolt|86/100|[from] Grassy Terrain
|-heal|p1a: Raging Bolt|92/100|[from] item: Leftovers
|-fieldend|move: Grassy Terrain
|upkeep
|turn|6
|
|t:|1760772744
|move|p2a: giorno|Sludge Wave|p1a: Raging Bolt
|-damage|p1a: Raging Bolt|25/100
|move|p1a: Raging Bolt|Calm Mind|p1a: Raging Bolt
|-boost|p1a: Raging Bolt|spa|1
|-boost|p1a: Raging Bolt|spd|1
|
|-heal|p1a: Raging Bolt|31/100|[from] item: Leftovers
|upkeep
|turn|7
|
|t:|1760772752
|move|p1a: Raging Bolt|Thunderclap|p2a: giorno
|-damage|p2a: giorno|44/100
|move|p2a: giorno|Psychic|p1a: Raging Bolt
|-damage|p1a: Raging Bolt|0 fnt
|faint|p1a: Raging Bolt
|-end|p1a: Raging Bolt|Protosynthesis|[silent]
|
|upkeep
|
|t:|1760772760
|switch|p1a: Kingambit|Kingambit, M, shiny|100/100
|-activate|p1a: Kingambit|ability: Supreme Overlord
|-start|p1a: Kingambit|fallen2|[silent]
|turn|8
|
|t:|1760772765
|-end|p2a: giorno|Quark Drive|[silent]
|switch|p2a: josuke|Kingambit, M, shiny|100/100
|-activate|p2a: josuke|ability: Supreme Overlord
|-start|p2a: josuke|fallen1|[silent]
|move|p1a: Kingambit|Sucker Punch||[still]
|-fail|p1a: Kingambit
|
|upkeep
|turn|9
|
|t:|1760772772
|-end|p1a: Kingambit|fallen2|[silent]
|switch|p1a: Moltres|Moltres, shiny|100/100
|move|p2a: josuke|Low Kick|p1a: Moltres
|-resisted|p1a: Moltres
|-damage|p1a: Moltres|88/100
|
|upkeep
|turn|10
|
|t:|1760772780
|-end|p2a: josuke|fallen1|[silent]
|switch|p2a: giorno|Iron Moth|44/100
|move|p1a: Moltres|U-turn|p2a: giorno
|-resisted|p2a: giorno
|-damage|p2a: giorno|38/100
|
|t:|1760772785
|switch|p1a: Kingambit|Kingambit, M, shiny|100/100|[from] U-turn
|-activate|p1a: Kingambit|ability: Supreme Overlord
|-start|p1a: Kingambit|fallen2|[silent]
|
|upkeep
|turn|11
|
|t:|1760772790
|move|p1a: Kingambit|Sucker Punch|p2a: giorno
|-damage|p2a: giorno|0 fnt
|faint|p2a: giorno
|-end|p2a: giorno|Quark Drive|[silent]
|
|upkeep
|
|t:|1760772794
|switch|p2a: josuke|Kingambit, M, shiny|100/100
|-activate|p2a: josuke|ability: Supreme Overlord
|-start|p2a: josuke|fallen2|[silent]
|turn|12
|
|t:|1760772798
|-end|p1a: Kingambit|fallen2|[silent]
|switch|p1a: Moltres|Moltres, shiny|88/100
|move|p2a: josuke|Kowtow Cleave|p1a: Moltres
|-damage|p1a: Moltres|45/100
|
|upkeep
|turn|13
|
|t:|1760772805
|-end|p2a: josuke|fallen2|[silent]
|switch|p2a: Toxapex|Toxapex, F|100/100
|move|p1a: Moltres|Will-O-Wisp|p2a: Toxapex
|-status|p2a: Toxapex|brn
|
|-damage|p2a: Toxapex|94/100 brn|[from] brn
|upkeep
|turn|14
|
|t:|1760772813
|switch|p1a: Great Tusk|Great Tusk, shiny, tera:Steel|68/100
|move|p2a: Toxapex|Toxic Spikes|p1a: Great Tusk
|-sidestart|p1: VinceCartersKnees|move: Toxic Spikes
|
|-heal|p2a: Toxapex|100/100 brn|[from] item: Leftovers
|-damage|p2a: Toxapex|94/100 brn|[from] brn
|upkeep
|turn|15
|
|t:|1760772820
|move|p1a: Great Tusk|Rapid Spin|p2a: Toxapex
|-damage|p2a: Toxapex|82/100 brn
|-boost|p1a: Great Tusk|spe|1
|-sideend|p1: VinceCartersKnees|Toxic Spikes|[from] move: Rapid Spin|[of] p1a: Great Tusk
|move|p2a: Toxapex|Chilling Water|p1a: Great Tusk
|-damage|p1a: Great Tusk|51/100
|-unboost|p1a: Great Tusk|atk|1
|
|-heal|p2a: Toxapex|89/100 brn|[from] item: Leftovers
|-damage|p2a: Toxapex|82/100 brn|[from] brn
|upkeep
|turn|16
|
|t:|1760772830
|move|p1a: Great Tusk|Headlong Rush|p2a: Toxapex
|-supereffective|p2a: Toxapex
|-damage|p2a: Toxapex|35/100 brn
|-unboost|p1a: Great Tusk|def|1
|-unboost|p1a: Great Tusk|spd|1
|move|p2a: Toxapex|Chilling Water|p1a: Great Tusk
|-damage|p1a: Great Tusk|28/100
|-unboost|p1a: Great Tusk|atk|1
|
|-heal|p2a: Toxapex|41/100 brn|[from] item: Leftovers
|-damage|p2a: Toxapex|35/100 brn|[from] brn
|upkeep
|turn|17
|
|t:|1760772844
|-end|p1a: Great Tusk|Protosynthesis|[silent]
|switch|p1a: Kingambit|Kingambit, M, shiny|100/100
|-activate|p1a: Kingambit|ability: Supreme Overlord
|-start|p1a: Kingambit|fallen2|[silent]
|move|p2a: Toxapex|Toxic Spikes|p1a: Kingambit
|-sidestart|p1: VinceCartersKnees|move: Toxic Spikes
|
|-heal|p2a: Toxapex|41/100 brn|[from] item: Leftovers
|-damage|p2a: Toxapex|35/100 brn|[from] brn
|upkeep
|turn|18
|
|t:|1760772852
|move|p1a: Kingambit|Swords Dance|p1a: Kingambit
|-boost|p1a: Kingambit|atk|2
|move|p2a: Toxapex|Chilling Water|p1a: Kingambit
|-damage|p1a: Kingambit|89/100
|-unboost|p1a: Kingambit|atk|1
|
|-heal|p1a: Kingambit|95/100|[from] item: Leftovers
|-heal|p2a: Toxapex|41/100 brn|[from] item: Leftovers
|-damage|p2a: Toxapex|35/100 brn|[from] brn
|upkeep
|turn|19
|
|t:|1760772863
|move|p1a: Kingambit|Kowtow Cleave|p2a: Toxapex
|-damage|p2a: Toxapex|0 fnt
|faint|p2a: Toxapex
|
|-heal|p1a: Kingambit|100/100|[from] item: Leftovers
|upkeep
|
|t:|1760772866
|switch|p2a: josuke|Kingambit, M, shiny|100/100
|-activate|p2a: josuke|ability: Supreme Overlord
|-start|p2a: josuke|fallen3|[silent]
|turn|20
|
|t:|1760772873
|-end|p1a: Kingambit|fallen2|[silent]
|switch|p1a: Moltres|Moltres, shiny|45/100
|move|p2a: josuke|Low Kick|p1a: Moltres
|-resisted|p1a: Moltres
|-damage|p1a: Moltres|30/100
|-status|p2a: josuke|brn|[from] ability: Flame Body|[of] p1a: Moltres
|
|-damage|p2a: josuke|94/100 brn|[from] brn
|upkeep
|turn|21
|
|t:|1760772890
|move|p2a: josuke|Sucker Punch|p1a: Moltres
|-damage|p1a: Moltres|11/100
|move|p1a: Moltres|Flamethrower|p2a: josuke
|-supereffective|p2a: josuke
|-damage|p2a: josuke|27/100 brn
|
|-heal|p2a: josuke|33/100 brn|[from] item: Leftovers
|-damage|p2a: josuke|27/100 brn|[from] brn
|upkeep
|turn|22
|
|t:|1760772899
|move|p2a: josuke|Sucker Punch||[still]
|-fail|p2a: josuke
|move|p1a: Moltres|Roar|p2a: josuke
|-end|p2a: josuke|fallen3|[silent]
|drag|p2a: jodio|Oricorio-Pom-Pom, M|100/100
|
|upkeep
|turn|23
|
|t:|1760772912
|move|p2a: jodio|Quiver Dance|p2a: jodio
|-boost|p2a: jodio|spa|1
|-boost|p2a: jodio|spd|1
|-boost|p2a: jodio|spe|1
|move|p1a: Moltres|Roar|p2a: jodio
|drag|p2a: jolyne|Ogerpon-Wellspring, F|100/100
|
|upkeep
|turn|24
|
|t:|1760772918
|move|p2a: jolyne|Ivy Cudgel|p1a: Moltres|[anim] Ivy Cudgel Water
|-supereffective|p1a: Moltres
|-crit|p1a: Moltres
|-damage|p1a: Moltres|0 fnt
|faint|p1a: Moltres
|
|upkeep
|
|t:|1760772939
|switch|p1a: Great Tusk|Great Tusk, shiny, tera:Steel|28/100
|turn|25
|
|t:|1760772943
|move|p2a: jolyne|Ivy Cudgel|p1a: Great Tusk|[anim] Ivy Cudgel Water
|-damage|p1a: Great Tusk|0 fnt
|faint|p1a: Great Tusk
|-end|p1a: Great Tusk|Protosynthesis|[silent]
|
|upkeep
|
|t:|1760772947
|switch|p1a: Kingambit|Kingambit, M, shiny|100/100
|-activate|p1a: Kingambit|ability: Supreme Overlord
|-start|p1a: Kingambit|fallen4|[silent]
|turn|26
|
|t:|1760772955
|move|p1a: Kingambit|Sucker Punch|p2a: jolyne
|-damage|p2a: jolyne|31/100
|move|p2a: jolyne|Ivy Cudgel|p1a: Kingambit|[anim] Ivy Cudgel Water
|-damage|p1a: Kingambit|51/100
|
|-heal|p1a: Kingambit|57/100|[from] item: Leftovers
|upkeep
|turn|27
|
|t:|1760772967
|move|p2a: jolyne|Ivy Cudgel|p1a: Kingambit|[anim] Ivy Cudgel Water
|-damage|p1a: Kingambit|5/100
|move|p1a: Kingambit|Kowtow Cleave|p2a: jolyne
|-damage|p2a: jolyne|0 fnt
|faint|p2a: jolyne
|
|-heal|p1a: Kingambit|12/100|[from] item: Leftovers
|upkeep
|
|t:|1760772974
|switch|p2a: jodio|Oricorio-Pom-Pom, M|100/100
|turn|28
|
|t:|1760772980
|move|p1a: Kingambit|Sucker Punch|p2a: jodio
|-damage|p2a: jodio|2/100
|-enditem|p2a: jodio|Starf Berry|[eat]
|-boost|p2a: jodio|atk|2|[from] item: Starf Berry
|move|p2a: jodio|Revelation Dance|p1a: Kingambit
|-damage|p1a: Kingambit|0 fnt
|faint|p1a: Kingambit
|-end|p1a: Kingambit|fallen4|[silent]
|
|upkeep
|
|t:|1760772989
|switch|p1a: Rillaboom|Rillaboom, M, shiny|100/100
|-status|p1a: Rillaboom|psn
|-fieldstart|move: Grassy Terrain|[from] ability: Grassy Surge|[of] p1a: Rillaboom
|turn|29
|
|t:|1760772995
|move|p1a: Rillaboom|Grassy Glide|p2a: jodio
|-resisted|p2a: jodio
|-damage|p2a: jodio|0 fnt
|faint|p2a: jodio
|
|-damage|p1a: Rillaboom|88/100 psn|[from] psn
|upkeep
|
|t:|1760772999
|switch|p2a: josuke|Kingambit, M, shiny|27/100 brn
|-activate|p2a: josuke|ability: Supreme Overlord
|-start|p2a: josuke|fallen5|[silent]
|turn|30
|
|t:|1760773005
|move|p1a: Rillaboom|High Horsepower|p2a: josuke
|-supereffective|p2a: josuke
|-damage|p2a: josuke|0 fnt
|faint|p2a: josuke
|-end|p2a: josuke|fallen5|[silent]
|
|win|VinceCartersKnees
|raw|VinceCartersKnees's rating: 1447 &rarr; <strong>1470</strong><br />(+23 for winning)
|raw|chasmis_bauna's rating: 1504 &rarr; <strong>1481</strong><br />(-23 for losing)
|l|☆VinceCartersKnees
|player|p1|
|l|☆chasmis_bauna
|player|p2|
