|j|☆Fermmin
|j|☆ayayalaptop
|t:|1760750693
|gametype|singles
|player|p1|Fermmin|rood|1391
|player|p2|ayayalaptop|102|1450
|gen|9
|tier|[Gen 9] OU
|rated|
|rule|HP Percentage Mod: HP is shown in percentages
|rule|Endless Battle Clause: Forcing endless battles is banned
|rule|Species Clause: Limit one of each Pokémon
|rule|OHKO Clause: OHKO moves are banned
|rule|Evasion Items Clause: Evasion items are banned
|rule|Evasion Moves Clause: Evasion moves are banned
|rule|Evasion Abilities Clause: Evasion abilities are banned
|rule|Sleep Moves Clause: Sleep-inducing moves are banned
|clearpoke
|poke|p1|Dragalge, F|
|poke|p1|Alomomola, M|
|poke|p1|Weavile, F|
|poke|p1|Great Tusk|
|poke|p1|Iron Crown|
|poke|p1|Dragonite, F|
|poke|p2|Pelipper, F|
|poke|p2|Raikou|
|poke|p2|Glimmora, M|
|poke|p2|Rillaboom, M|
|poke|p2|Scizor, F|
|poke|p2|Ting-Lu|
|teampreview
|inactive|Battle timer is ON: inactive players will automatically lose when time's up. (requested by ayayalaptop)
|
|t:|1760750705
|teamsize|p1|6
|teamsize|p2|6
|start
|switch|p1a: Iron Crown|Iron Crown|100/100
|switch|p2a: Raikou|Raikou|100/100
|-ability|p2a: Raikou|Pressure
|turn|1
|
|t:|1760750710
|move|p2a: Raikou|Substitute|p2a: Raikou
|-start|p2a: Raikou|Substitute
|-damage|p2a: Raikou|76/100
|move|p1a: Iron Crown|Volt Switch|p2a: Raikou
|-resisted|p2a: Raikou
|-activate|p2a: Raikou|move: Substitute|[damage]
|
|t:|1760750714
|-end|p1a: Iron Crown|Quark Drive|[silent]
|switch|p1a: Weavile|Weavile, F|100/100|[from] Volt Switch
|-ability|p1a: Weavile|Pressure
|
|-heal|p2a: Raikou|82/100|[from] item: Leftovers
|upkeep
|turn|2
|
|t:|1760750718
|move|p2a: Raikou|Protect|p2a: Raikou
|-singleturn|p2a: Raikou|Protect
|move|p1a: Weavile|Triple Axel|p2a: Raikou
|-activate|p2a: Raikou|move: Protect
|
|-heal|p2a: Raikou|88/100|[from] item: Leftovers
|upkeep
|turn|3
|
|t:|1760750723
|switch|p2a: Glimmora|Glimmora, M|100/100
|move|p1a: Weavile|Triple Axel|p2a: Glimmora|[miss]
|-miss|p1a: Weavile|p2a: Glimmora
|
|upkeep
|turn|4
|
|t:|1760750734
|switch|p1a: Iron Crown|Iron Crown|100/100
|move|p2a: Glimmora|Spikes|p1a: Iron Crown
|-sidestart|p1: Fermmin|Spikes
|
|upkeep
|turn|5
|
|t:|1760750741
|switch|p2a: Ting-Lu|Ting-Lu|100/100
|-ability|p2a: Ting-Lu|Vessel of Ruin
|move|p1a: Iron Crown|Tachyon Cutter|p2a: Ting-Lu
|-damage|p2a: Ting-Lu|89/100
|-damage|p2a: Ting-Lu|79/100
|-hitcount|p2a: Ting-Lu|2
|
|-heal|p2a: Ting-Lu|85/100|[from] item: Leftovers
|upkeep
|turn|6
|
|t:|1760750751
|-end|p1a: Iron Crown|Quark Drive|[silent]
|switch|p1a: Great Tusk|Great Tusk|100/100
|move|p2a: Ting-Lu|Ruination|p1a: Great Tusk
|-damage|p1a: Great Tusk|51/100
|
|-heal|p2a: Ting-Lu|91/100|[from] item: Leftovers
|upkeep
|turn|7
|
|t:|1760750757
|switch|p2a: Pelipper|Pelipper, F|100/100
|-weather|RainDance|[from] ability: Drizzle|[of] p2a: Pelipper
|move|p1a: Great Tusk|Rapid Spin|p2a: Pelipper
|-damage|p2a: Pelipper|87/100
|-boost|p1a: Great Tusk|spe|1
|-sideend|p1: Fermmin|Spikes|[from] move: Rapid Spin|[of] p1a: Great Tusk
|
|-weather|RainDance|[upkeep]
|upkeep
|turn|8
|
|t:|1760750761
|move|p1a: Great Tusk|Stealth Rock|p2a: Pelipper
|-sidestart|p2: ayayalaptop|move: Stealth Rock
|move|p2a: Pelipper|U-turn|p1a: Great Tusk
|-resisted|p1a: Great Tusk
|-damage|p1a: Great Tusk|47/100
|
|t:|1760750764
|switch|p2a: Rillaboom|Rillaboom, M|100/100|[from] U-turn
|-damage|p2a: Rillaboom|88/100|[from] Stealth Rock
|-fieldstart|move: Grassy Terrain|[from] ability: Grassy Surge|[of] p2a: Rillaboom
|
|-weather|RainDance|[upkeep]
|-heal|p1a: Great Tusk|54/100|[from] Grassy Terrain
|-heal|p2a: Rillaboom|94/100|[from] Grassy Terrain
|upkeep
|turn|9
|
|t:|1760750779
|move|p1a: Great Tusk|Ice Spinner|p2a: Rillaboom
|-supereffective|p2a: Rillaboom
|-damage|p2a: Rillaboom|39/100
|-fieldend|move: Grassy Terrain
|move|p2a: Rillaboom|U-turn|p1a: Great Tusk
|-resisted|p1a: Great Tusk
|-damage|p1a: Great Tusk|44/100
|
|t:|1760750783
|switch|p2a: Scizor|Scizor, F|100/100|[from] U-turn
|-damage|p2a: Scizor|88/100|[from] Stealth Rock
|
|-weather|RainDance|[upkeep]
|upkeep
|turn|10
|
|t:|1760750789
|move|p2a: Scizor|Bullet Punch|p1a: Great Tusk
|-damage|p1a: Great Tusk|18/100
|move|p1a: Great Tusk|Headlong Rush|p2a: Scizor
|-damage|p2a: Scizor|21/100
|-unboost|p1a: Great Tusk|def|1
|-unboost|p1a: Great Tusk|spd|1
|
|-weather|RainDance|[upkeep]
|upkeep
|turn|11
|
|t:|1760750802
|-end|p1a: Great Tusk|Protosynthesis|[silent]
|switch|p1a: Alomomola|Alomomola, M|100/100
|move|p2a: Scizor|Bullet Punch|p1a: Alomomola
|-resisted|p1a: Alomomola
|-crit|p1a: Alomomola
|-damage|p1a: Alomomola|82/100
|
|-weather|none
|upkeep
|turn|12
|
|t:|1760750805
|move|p2a: Scizor|Knock Off|p1a: Alomomola
|-crit|p1a: Alomomola
|-damage|p1a: Alomomola|45/100
|-enditem|p1a: Alomomola|Heavy-Duty Boots|[from] move: Knock Off|[of] p2a: Scizor
|move|p1a: Alomomola|Wish|p1a: Alomomola
|
|upkeep
|turn|13
|
|t:|1760750809
|move|p2a: Scizor|U-turn|p1a: Alomomola
|-damage|p1a: Alomomola|17/100
|
|t:|1760750812
|switch|p2a: Raikou|Raikou|88/100|[from] U-turn
|-damage|p2a: Raikou|76/100|[from] Stealth Rock
|-ability|p2a: Raikou|Pressure
|move|p1a: Alomomola|Flip Turn|p2a: Raikou
|-damage|p2a: Raikou|54/100
|
|t:|1760750815
|switch|p1a: Great Tusk|Great Tusk|18/100|[from] Flip Turn
|
|-heal|p1a: Great Tusk|82/100|[from] move: Wish|[wisher] Alomomola
|-heal|p2a: Raikou|60/100|[from] item: Leftovers
|upkeep
|turn|14
|
|t:|1760750818
|move|p2a: Raikou|Scald|p1a: Great Tusk
|-supereffective|p1a: Great Tusk
|-damage|p1a: Great Tusk|6/100
|move|p1a: Great Tusk|Headlong Rush|p2a: Raikou
|-supereffective|p2a: Raikou
|-damage|p2a: Raikou|0 fnt
|-unboost|p1a: Great Tusk|def|1
|-unboost|p1a: Great Tusk|spd|1
|faint|p2a: Raikou
|
|upkeep
|
|t:|1760750825
|switch|p2a: Rillaboom|Rillaboom, M|39/100
|-damage|p2a: Rillaboom|26/100|[from] Stealth Rock
|-fieldstart|move: Grassy Terrain|[from] ability: Grassy Surge|[of] p2a: Rillaboom
|turn|15
|
|t:|1760750836
|-end|p1a: Great Tusk|Protosynthesis|[silent]
|switch|p1a: Iron Crown|Iron Crown|100/100
|move|p2a: Rillaboom|Grassy Glide|p1a: Iron Crown
|-resisted|p1a: Iron Crown
|-damage|p1a: Iron Crown|80/100
|
|-heal|p1a: Iron Crown|86/100|[from] Grassy Terrain
|-heal|p2a: Rillaboom|33/100|[from] Grassy Terrain
|upkeep
|turn|16
|
|t:|1760750841
|switch|p2a: Ting-Lu|Ting-Lu|91/100
|-damage|p2a: Ting-Lu|85/100|[from] Stealth Rock
|-ability|p2a: Ting-Lu|Vessel of Ruin
|move|p1a: Iron Crown|Psyshock|p2a: Ting-Lu
|-immune|p2a: Ting-Lu
|
|-heal|p1a: Iron Crown|92/100|[from] Grassy Terrain
|-heal|p2a: Ting-Lu|91/100|[from] Grassy Terrain
|-heal|p2a: Ting-Lu|98/100|[from] item: Leftovers
|upkeep
|turn|17
|
|t:|1760750850
|-end|p1a: Iron Crown|Quark Drive|[silent]
|switch|p1a: Dragonite|Dragonite, F|100/100
|move|p2a: Ting-Lu|Stealth Rock|p1a: Dragonite
|-sidestart|p1: Fermmin|move: Stealth Rock
|
|-heal|p2a: Ting-Lu|100/100|[from] Grassy Terrain
|upkeep
|turn|18
|
|t:|1760750855
|move|p1a: Dragonite|Dragon Dance|p1a: Dragonite
|-boost|p1a: Dragonite|atk|1
|-boost|p1a: Dragonite|spe|1
|move|p2a: Ting-Lu|Ruination|p1a: Dragonite
|-damage|p1a: Dragonite|51/100
|
|upkeep
|turn|19
|
|t:|1760750858
|move|p1a: Dragonite|Ice Spinner|p2a: Ting-Lu
|-supereffective|p2a: Ting-Lu
|-damage|p2a: Ting-Lu|53/100
|-fieldend|move: Grassy Terrain
|move|p2a: Ting-Lu|Whirlwind|p1a: Dragonite
|drag|p1a: Dragalge|Dragalge, F|100/100
|
|-heal|p2a: Ting-Lu|59/100|[from] item: Leftovers
|upkeep
|turn|20
|
|t:|1760750867
|move|p1a: Dragalge|Toxic Spikes|p2a: Ting-Lu
|-sidestart|p2: ayayalaptop|move: Toxic Spikes
|move|p2a: Ting-Lu|Earthquake|p1a: Dragalge
|-supereffective|p1a: Dragalge
|-damage|p1a: Dragalge|43/100
|
|-heal|p2a: Ting-Lu|65/100|[from] item: Leftovers
|upkeep
|turn|21
|
|t:|1760750872
|move|p1a: Dragalge|Flip Turn|p2a: Ting-Lu
|-supereffective|p2a: Ting-Lu
|-damage|p2a: Ting-Lu|53/100
|
|t:|1760750875
|switch|p1a: Dragonite|Dragonite, F|51/100|[from] Flip Turn
|move|p2a: Ting-Lu|Earthquake|p1a: Dragonite
|-immune|p1a: Dragonite
|
|-heal|p2a: Ting-Lu|60/100|[from] item: Leftovers
|upkeep
|turn|22
|
|t:|1760750879
|switch|p2a: Glimmora|Glimmora, M|100/100
|-damage|p2a: Glimmora|88/100|[from] Stealth Rock
|-sideend|p2: ayayalaptop|move: Toxic Spikes|[of] p2a: Glimmora
|move|p1a: Dragonite|Ice Spinner|p2a: Glimmora
|-damage|p2a: Glimmora|67/100
|-activate|p2a: Glimmora|ability: Toxic Debris
|-sidestart|p1: Fermmin|move: Toxic Spikes
|
|-heal|p2a: Glimmora|73/100|[from] item: Black Sludge
|upkeep
|turn|23
|
|t:|1760750884
|move|p1a: Dragonite|Earthquake|p2a: Glimmora
|-supereffective|p2a: Glimmora
|-damage|p2a: Glimmora|0 fnt
|-activate|p2a: Glimmora|ability: Toxic Debris
|-sidestart|p1: Fermmin|move: Toxic Spikes
|faint|p2a: Glimmora
|
|upkeep
|
|t:|1760750887
|switch|p2a: Pelipper|Pelipper, F|87/100
|-weather|RainDance|[from] ability: Drizzle|[of] p2a: Pelipper
|turn|24
|
|t:|1760750893
|switch|p1a: Dragalge|Dragalge, F|43/100
|-sideend|p1: Fermmin|move: Toxic Spikes|[of] p1a: Dragalge
|move|p2a: Pelipper|Weather Ball|p1a: Dragalge
|-resisted|p1a: Dragalge
|-damage|p1a: Dragalge|20/100
|
|-weather|RainDance|[upkeep]
|upkeep
|turn|25
|-message|ayayalaptop forfeited.
|
|win|Fermmin
|raw|Fermmin's rating: 1391 &rarr; <strong>1414</strong><br />(+23 for winning)
|raw|ayayalaptop's rating: 1450 &rarr; <strong>1427</strong><br />(-23 for losing)
|l|☆ayayalaptop
|player|p2|
|l|☆Fermmin
|player|p1|
