|j|☆roll&shoot
|j|☆itsyumiiiii
|t:|1760779346
|gametype|singles
|player|p1|roll&shoot|dancer|1417
|player|p2|itsyumiiiii|iris|1374
|gen|9
|tier|[Gen 9] OU
|rated|
|rule|HP Percentage Mod: HP is shown in percentages
|rule|Endless Battle Clause: Forcing endless battles is banned
|rule|Species Clause: Limit one of each Pokémon
|rule|OHKO Clause: OHKO moves are banned
|rule|Evasion Items Clause: Evasion items are banned
|rule|Evasion Moves Clause: Evasion moves are banned
|rule|Evasion Abilities Clause: Evasion abilities are banned
|rule|Sleep Moves Clause: Sleep-inducing moves are banned
|clearpoke
|poke|p1|Dragonite, M|
|poke|p1|Rillaboom, F|
|poke|p1|Corviknight, M|
|poke|p1|Ting-Lu|
|poke|p1|Iron Crown|
|poke|p1|Gholdengo|
|poke|p2|Heatran, M|
|poke|p2|Tyranitar, F|
|poke|p2|Gholdengo|
|poke|p2|Enamorus-Therian, F|
|poke|p2|Quaquaval, F|
|poke|p2|Weezing-Galar, F|
|teampreview
|inactive|Battle timer is ON: inactive players will automatically lose when time's up. (requested by itsyumiiiii)
|
|t:|1760779367
|teamsize|p1|6
|teamsize|p2|6
|start
|switch|p1a: Rillaboom|Rillaboom, F|100/100
|switch|p2a: Weezing|Weezing-Galar, F|100/100
|-ability|p2a: Weezing|Neutralizing Gas
|turn|1
|
|t:|1760779383
|switch|p1a: Iron Crown|Iron Crown|100/100
|move|p2a: Weezing|Toxic Spikes|p1a: Iron Crown
|-sidestart|p1: roll&shoot|move: Toxic Spikes
|
|upkeep
|turn|2
|
|t:|1760779389
|-end|p2a: Weezing|ability: Neutralizing Gas
|switch|p2a: Heatran|Heatran, M|100/100
|move|p1a: Iron Crown|Volt Switch|p2a: Heatran
|-damage|p2a: Heatran|86/100
|
|t:|1760779400
|-end|p1a: Iron Crown|Quark Drive|[silent]
|switch|p1a: Dragonite|Dragonite, M|100/100|[from] Volt Switch
|
|-heal|p2a: Heatran|92/100|[from] item: Leftovers
|upkeep
|turn|3
|
|t:|1760779407
|switch|p2a: Enamorus|Enamorus-Therian, F|100/100
|move|p1a: Dragonite|Earthquake|p2a: Enamorus
|-immune|p2a: Enamorus
|
|upkeep
|turn|4
|
|t:|1760779420
|switch|p1a: Iron Crown|Iron Crown|100/100
|move|p2a: Enamorus|Earth Power|p1a: Iron Crown
|-supereffective|p1a: Iron Crown
|-damage|p1a: Iron Crown|59/100
|
|upkeep
|turn|5
|
|t:|1760779432
|switch|p2a: Gholdengo|Gholdengo|100/100
|-item|p2a: Gholdengo|Air Balloon
|move|p1a: Iron Crown|Volt Switch|p2a: Gholdengo
|-damage|p2a: Gholdengo|79/100
|-enditem|p2a: Gholdengo|Air Balloon
|
|t:|1760779442
|-end|p1a: Iron Crown|Quark Drive|[silent]
|switch|p1a: Gholdengo|Gholdengo|100/100|[from] Volt Switch
|
|upkeep
|turn|6
|
|t:|1760779447
|switch|p2a: Tyranitar|Tyranitar, F, shiny|100/100
|-weather|Sandstorm|[from] ability: Sand Stream|[of] p2a: Tyranitar
|move|p1a: Gholdengo|Shadow Ball|p2a: Tyranitar
|-resisted|p2a: Tyranitar
|-damage|p2a: Tyranitar|87/100
|
|-weather|Sandstorm|[upkeep]
|upkeep
|turn|7
|
|t:|1760779457
|switch|p1a: Corviknight|Corviknight, M|100/100
|-ability|p1a: Corviknight|Pressure
|move|p2a: Tyranitar|Stealth Rock|p1a: Corviknight
|-sidestart|p1: roll&shoot|move: Stealth Rock
|
|-weather|Sandstorm|[upkeep]
|upkeep
|turn|8
|
|t:|1760779465
|switch|p2a: Gholdengo|Gholdengo|79/100
|move|p1a: Corviknight|U-turn|p2a: Gholdengo
|-resisted|p2a: Gholdengo
|-damage|p2a: Gholdengo|76/100
|
|t:|1760779470
|switch|p1a: Gholdengo|Gholdengo|100/100|[from] U-turn
|-damage|p1a: Gholdengo|94/100|[from] Stealth Rock
|
|-weather|Sandstorm|[upkeep]
|upkeep
|turn|9
|
|t:|1760779478
|switch|p2a: Heatran|Heatran, M|92/100
|move|p1a: Gholdengo|Trick|p2a: Heatran
|-activate|p1a: Gholdengo|move: Trick|[of] p2a: Heatran
|-item|p2a: Heatran|Choice Scarf|[from] move: Trick
|-item|p1a: Gholdengo|Leftovers|[from] move: Trick
|
|-weather|Sandstorm|[upkeep]
|-heal|p1a: Gholdengo|100/100|[from] item: Leftovers
|upkeep
|turn|10
|
|t:|1760779490
|switch|p1a: Ting-Lu|Ting-Lu|100/100
|-status|p1a: Ting-Lu|psn
|-damage|p1a: Ting-Lu|94/100 psn|[from] Stealth Rock
|-ability|p1a: Ting-Lu|Vessel of Ruin
|move|p2a: Heatran|Magma Storm|p1a: Ting-Lu
|-damage|p1a: Ting-Lu|70/100 psn
|-activate|p1a: Ting-Lu|move: Magma Storm|[of] p2a: Heatran
|
|-weather|none
|-heal|p1a: Ting-Lu|76/100 psn|[from] item: Leftovers
|-damage|p1a: Ting-Lu|64/100 psn|[from] psn
|-damage|p1a: Ting-Lu|51/100 psn|[from] move: Magma Storm|[partiallytrapped]
|upkeep
|turn|11
|
|t:|1760779505
|switch|p2a: Enamorus|Enamorus-Therian, F|100/100
|move|p1a: Ting-Lu|Stealth Rock|p2a: Enamorus
|-sidestart|p2: itsyumiiiii|move: Stealth Rock
|
|-heal|p1a: Ting-Lu|57/100 psn|[from] item: Leftovers
|-damage|p1a: Ting-Lu|45/100 psn|[from] psn
|-end|p1a: Ting-Lu|Magma Storm|[partiallytrapped]|[silent]
|upkeep
|turn|12
|
|t:|1760779513
|switch|p1a: Corviknight|Corviknight, M|100/100
|-damage|p1a: Corviknight|88/100|[from] Stealth Rock
|-ability|p1a: Corviknight|Pressure
|move|p2a: Enamorus|Calm Mind|p2a: Enamorus
|-boost|p2a: Enamorus|spa|1
|-boost|p2a: Enamorus|spd|1
|
|upkeep
|turn|13
|
|t:|1760779528
|switch|p2a: Gholdengo|Gholdengo|76/100
|-damage|p2a: Gholdengo|70/100|[from] Stealth Rock
|move|p1a: Corviknight|U-turn|p2a: Gholdengo
|-resisted|p2a: Gholdengo
|-damage|p2a: Gholdengo|68/100
|
|t:|1760779536
|switch|p1a: Dragonite|Dragonite, M|100/100|[from] U-turn
|
|upkeep
|turn|14
|
|t:|1760779541
|move|p1a: Dragonite|Dragon Dance|p1a: Dragonite
|-boost|p1a: Dragonite|atk|1
|-boost|p1a: Dragonite|spe|1
|move|p2a: Gholdengo|Thunder Wave|p1a: Dragonite|[miss]
|-miss|p2a: Gholdengo|p1a: Dragonite
|
|upkeep
|turn|15
|
|t:|1760779548
|-terastallize|p2a: Gholdengo|Fairy
|move|p1a: Dragonite|Earthquake|p2a: Gholdengo
|-damage|p2a: Gholdengo|28/100
|move|p2a: Gholdengo|Thunder Wave|p1a: Dragonite
|-status|p1a: Dragonite|par
|
|upkeep
|turn|16
|
|t:|1760779557
|move|p1a: Dragonite|Extreme Speed|p2a: Gholdengo
|-damage|p2a: Gholdengo|0 fnt
|faint|p2a: Gholdengo
|
|upkeep
|
|t:|1760779566
|switch|p2a: Quaquaval|Quaquaval, F, shiny|100/100
|turn|17
|
|t:|1760779570
|move|p2a: Quaquaval|Rapid Spin|p1a: Dragonite
|-damage|p1a: Dragonite|92/100 par
|-boost|p2a: Quaquaval|spe|1
|-sideend|p2: itsyumiiiii|Stealth Rock|[from] move: Rapid Spin|[of] p2a: Quaquaval
|move|p1a: Dragonite|Earthquake|p2a: Quaquaval
|-damage|p2a: Quaquaval|44/100
|
|upkeep
|turn|18
|
|t:|1760779578
|move|p1a: Dragonite|Extreme Speed|p2a: Quaquaval
|-damage|p2a: Quaquaval|3/100
|move|p2a: Quaquaval|Roost|p2a: Quaquaval
|-heal|p2a: Quaquaval|53/100
|-singleturn|p2a: Quaquaval|move: Roost
|
|upkeep
|turn|19
|
|t:|1760779585
|move|p2a: Quaquaval|Close Combat|p1a: Dragonite
|-resisted|p1a: Dragonite
|-damage|p1a: Dragonite|61/100 par
|-unboost|p2a: Quaquaval|def|1
|-unboost|p2a: Quaquaval|spd|1
|move|p1a: Dragonite|Earthquake|p2a: Quaquaval
|-damage|p2a: Quaquaval|0 fnt
|faint|p2a: Quaquaval
|
|upkeep
|
|t:|1760779593
|switch|p2a: Tyranitar|Tyranitar, F, shiny|87/100
|-weather|Sandstorm|[from] ability: Sand Stream|[of] p2a: Tyranitar
|turn|20
|
|t:|1760779600
|cant|p1a: Dragonite|par
|move|p2a: Tyranitar|Ice Beam|p1a: Dragonite
|-supereffective|p1a: Dragonite
|-damage|p1a: Dragonite|0 fnt
|faint|p1a: Dragonite
|
|-weather|Sandstorm|[upkeep]
|upkeep
|
|t:|1760779608
|switch|p1a: Corviknight|Corviknight, M|88/100
|-damage|p1a: Corviknight|75/100|[from] Stealth Rock
|-ability|p1a: Corviknight|Pressure
|turn|21
|
|t:|1760779616
|switch|p2a: Enamorus|Enamorus-Therian, F|100/100
|move|p1a: Corviknight|Defog|p2a: Enamorus
|-unboost|p2a: Enamorus|evasion|1
|-sideend|p1: roll&shoot|Toxic Spikes|[from] move: Defog|[of] p1a: Corviknight
|-sideend|p1: roll&shoot|Stealth Rock|[from] move: Defog|[of] p1a: Corviknight
|
|-weather|Sandstorm|[upkeep]
|upkeep
|turn|22
|
|t:|1760779624
|move|p1a: Corviknight|U-turn|p2a: Enamorus
|-resisted|p2a: Enamorus
|-damage|p2a: Enamorus|98/100
|
|t:|1760779631
|switch|p1a: Ting-Lu|Ting-Lu|45/100 psn|[from] U-turn
|-ability|p1a: Ting-Lu|Vessel of Ruin
|move|p2a: Enamorus|Calm Mind|p2a: Enamorus
|-boost|p2a: Enamorus|spa|1
|-boost|p2a: Enamorus|spd|1
|
|-weather|Sandstorm|[upkeep]
|-heal|p1a: Ting-Lu|51/100 psn|[from] item: Leftovers
|-heal|p2a: Enamorus|100/100|[from] item: Leftovers
|-damage|p1a: Ting-Lu|39/100 psn|[from] psn
|upkeep
|turn|23
|
|t:|1760779643
|move|p1a: Ting-Lu|Stealth Rock|p2a: Enamorus
|-sidestart|p2: itsyumiiiii|move: Stealth Rock
|move|p2a: Enamorus|Iron Defense|p2a: Enamorus
|-boost|p2a: Enamorus|def|2
|
|-weather|Sandstorm|[upkeep]
|-heal|p1a: Ting-Lu|45/100 psn|[from] item: Leftovers
|-damage|p1a: Ting-Lu|32/100 psn|[from] psn
|upkeep
|turn|24
|
|t:|1760779653
|move|p2a: Enamorus|Draining Kiss|p1a: Ting-Lu
|-supereffective|p1a: Ting-Lu
|-damage|p1a: Ting-Lu|0 fnt
|faint|p1a: Ting-Lu
|
|-weather|none
|upkeep
|
|t:|1760779659
|switch|p1a: Gholdengo|Gholdengo|100/100
|turn|25
|
|t:|1760779663
|move|p1a: Gholdengo|Make It Rain|p2a: Enamorus
|-supereffective|p2a: Enamorus
|-crit|p2a: Enamorus
|-damage|p2a: Enamorus|0 fnt
|-unboost|p1a: Gholdengo|spa|1
|faint|p2a: Enamorus
|
|upkeep
|
|t:|1760779667
|switch|p2a: Heatran|Heatran, M|92/100
|-damage|p2a: Heatran|80/100|[from] Stealth Rock
|turn|26
|
|t:|1760779682
|switch|p1a: Iron Crown|Iron Crown|59/100
|move|p2a: Heatran|Magma Storm|p1a: Iron Crown
|-supereffective|p1a: Iron Crown
|-damage|p1a: Iron Crown|3/100
|-activate|p1a: Iron Crown|move: Magma Storm|[of] p2a: Heatran
|
|-damage|p1a: Iron Crown|0 fnt|[from] move: Magma Storm|[partiallytrapped]
|faint|p1a: Iron Crown
|-end|p1a: Iron Crown|Quark Drive|[silent]
|upkeep
|
|t:|1760779698
|switch|p1a: Rillaboom|Rillaboom, F|100/100
|-fieldstart|move: Grassy Terrain|[from] ability: Grassy Surge|[of] p1a: Rillaboom
|turn|27
|inactive|roll&shoot has 120 seconds left.
|
|t:|1760779713
|-terastallize|p1a: Rillaboom|Water
|move|p2a: Heatran|Magma Storm|p1a: Rillaboom
|-resisted|p1a: Rillaboom
|-damage|p1a: Rillaboom|85/100
|-activate|p1a: Rillaboom|move: Magma Storm|[of] p2a: Heatran
|move|p1a: Rillaboom|Low Kick|p2a: Heatran
|-supereffective|p2a: Heatran
|-damage|p2a: Heatran|7/100
|
|-heal|p2a: Heatran|13/100|[from] Grassy Terrain
|-heal|p1a: Rillaboom|91/100|[from] Grassy Terrain
|-damage|p1a: Rillaboom|79/100|[from] move: Magma Storm|[partiallytrapped]
|upkeep
|turn|28
|inactive|roll&shoot has 120 seconds left.
|
|t:|1760779731
|switch|p2a: Weezing|Weezing-Galar, F|100/100
|-ability|p2a: Weezing|Neutralizing Gas
|move|p1a: Rillaboom|Low Kick|p2a: Weezing
|-resisted|p2a: Weezing
|-damage|p2a: Weezing|98/100
|
|-heal|p1a: Rillaboom|85/100|[from] Grassy Terrain
|-heal|p2a: Weezing|100/100|[from] Grassy Terrain
|-end|p1a: Rillaboom|Magma Storm|[partiallytrapped]|[silent]
|upkeep
|turn|29
|inactive|roll&shoot has 120 seconds left.
|
|t:|1760779746
|switch|p1a: Gholdengo|Gholdengo|100/100
|move|p2a: Weezing|Toxic Spikes|p1a: Gholdengo
|-sidestart|p1: roll&shoot|move: Toxic Spikes
|
|upkeep
|turn|30
|inactive|roll&shoot has 120 seconds left.
|
|t:|1760779754
|move|p1a: Gholdengo|Shadow Ball|p2a: Weezing
|-damage|p2a: Weezing|40/100
|-unboost|p2a: Weezing|spd|1
|move|p2a: Weezing|Will-O-Wisp|p1a: Gholdengo
|-status|p1a: Gholdengo|brn
|
|-heal|p2a: Weezing|46/100|[from] Grassy Terrain
|-damage|p1a: Gholdengo|94/100 brn|[from] brn
|upkeep
|turn|31
|inactive|roll&shoot has 120 seconds left.
|
|t:|1760779766
|-end|p2a: Weezing|ability: Neutralizing Gas
|switch|p2a: Tyranitar|Tyranitar, F, shiny|87/100
|-damage|p2a: Tyranitar|74/100|[from] Stealth Rock
|-weather|Sandstorm|[from] ability: Sand Stream|[of] p2a: Tyranitar
|move|p1a: Gholdengo|Shadow Ball|p2a: Tyranitar
|-resisted|p2a: Tyranitar
|-damage|p2a: Tyranitar|62/100
|
|-weather|Sandstorm|[upkeep]
|-heal|p1a: Gholdengo|100/100 brn|[from] Grassy Terrain
|-heal|p2a: Tyranitar|68/100|[from] Grassy Terrain
|-damage|p1a: Gholdengo|94/100 brn|[from] brn
|-fieldend|move: Grassy Terrain
|upkeep
|turn|32
|inactive|roll&shoot has 120 seconds left.
|
|t:|1760779781
|switch|p1a: Corviknight|Corviknight, M|75/100
|-ability|p1a: Corviknight|Pressure
|move|p2a: Tyranitar|Knock Off|p1a: Corviknight
|-damage|p1a: Corviknight|46/100
|-damage|p2a: Tyranitar|52/100|[from] item: Rocky Helmet|[of] p1a: Corviknight
|-enditem|p1a: Corviknight|Rocky Helmet|[from] move: Knock Off|[of] p2a: Tyranitar
|
|-weather|Sandstorm|[upkeep]
|upkeep
|turn|33
|inactive|roll&shoot has 120 seconds left.
|
|t:|1760779792
|move|p1a: Corviknight|Roost|p1a: Corviknight
|-heal|p1a: Corviknight|96/100
|-singleturn|p1a: Corviknight|move: Roost
|move|p2a: Tyranitar|Ice Beam|p1a: Corviknight
|-resisted|p1a: Corviknight
|-damage|p1a: Corviknight|84/100
|
|-weather|Sandstorm|[upkeep]
|upkeep
|turn|34
|inactive|roll&shoot has 120 seconds left.
|
|t:|1760779804
|move|p1a: Corviknight|Brave Bird|p2a: Tyranitar
|-resisted|p2a: Tyranitar
|-damage|p2a: Tyranitar|35/100
|-damage|p1a: Corviknight|79/100|[from] Recoil
|move|p2a: Tyranitar|Stealth Rock|p1a: Corviknight
|-sidestart|p1: roll&shoot|move: Stealth Rock
|
|-weather|Sandstorm|[upkeep]
|upkeep
|turn|35
|
|t:|1760779813
|move|p1a: Corviknight|Defog|p2a: Tyranitar
|-unboost|p2a: Tyranitar|evasion|1
|-sideend|p2: itsyumiiiii|Stealth Rock|[from] move: Defog|[of] p1a: Corviknight
|-sideend|p1: roll&shoot|Toxic Spikes|[from] move: Defog|[of] p1a: Corviknight
|-sideend|p1: roll&shoot|Stealth Rock|[from] move: Defog|[of] p1a: Corviknight
|move|p2a: Tyranitar|Knock Off|p1a: Corviknight
|-damage|p1a: Corviknight|57/100
|
|-weather|none
|upkeep
|turn|36
|c|☆itsyumiiiii|ggs
|
|t:|1760779822
|move|p1a: Corviknight|Roost|p1a: Corviknight
|-heal|p1a: Corviknight|100/100
|-singleturn|p1a: Corviknight|move: Roost
|move|p2a: Tyranitar|Low Kick|p1a: Corviknight
|-supereffective|p1a: Corviknight
|-crit|p1a: Corviknight
|-damage|p1a: Corviknight|36/100
|
|upkeep
|turn|37
|
|t:|1760779831
|move|p1a: Corviknight|Brave Bird|p2a: Tyranitar
|-resisted|p2a: Tyranitar
|-damage|p2a: Tyranitar|21/100
|-damage|p1a: Corviknight|31/100|[from] Recoil
|move|p2a: Tyranitar|Low Kick|p1a: Corviknight
|-damage|p1a: Corviknight|14/100
|
|upkeep
|turn|38
|
|t:|1760779844
|move|p1a: Corviknight|Roost|p1a: Corviknight
|-heal|p1a: Corviknight|64/100
|-singleturn|p1a: Corviknight|move: Roost
|move|p2a: Tyranitar|Low Kick|p1a: Corviknight
|-supereffective|p1a: Corviknight
|-damage|p1a: Corviknight|19/100
|
|upkeep
|turn|39
|
|t:|1760779853
|move|p1a: Corviknight|Brave Bird|p2a: Tyranitar
|-resisted|p2a: Tyranitar
|-damage|p2a: Tyranitar|6/100
|-damage|p1a: Corviknight|15/100|[from] Recoil
|move|p2a: Tyranitar|Low Kick|p1a: Corviknight
|-damage|p1a: Corviknight|0 fnt
|faint|p1a: Corviknight
|
|upkeep
|
|t:|1760779862
|switch|p1a: Rillaboom|Rillaboom, F, tera:Water|85/100
|-fieldstart|move: Grassy Terrain|[from] ability: Grassy Surge|[of] p1a: Rillaboom
|turn|40
|
|t:|1760779867
|move|p1a: Rillaboom|U-turn|p2a: Tyranitar
|-supereffective|p2a: Tyranitar
|-damage|p2a: Tyranitar|0 fnt
|faint|p2a: Tyranitar
|
|t:|1760779871
|switch|p1a: Gholdengo|Gholdengo|94/100 brn|[from] U-turn
|
|-heal|p1a: Gholdengo|100/100 brn|[from] Grassy Terrain
|-damage|p1a: Gholdengo|94/100 brn|[from] brn
|upkeep
|
|t:|1760779873
|switch|p2a: Heatran|Heatran, M|13/100
|turn|41
|
|t:|1760779880
|switch|p1a: Rillaboom|Rillaboom, F, tera:Water|85/100
|move|p2a: Heatran|Magma Storm|p1a: Rillaboom
|-resisted|p1a: Rillaboom
|-damage|p1a: Rillaboom|69/100
|-activate|p1a: Rillaboom|move: Magma Storm|[of] p2a: Heatran
|
|-heal|p2a: Heatran|19/100|[from] Grassy Terrain
|-heal|p1a: Rillaboom|75/100|[from] Grassy Terrain
|-damage|p1a: Rillaboom|62/100|[from] move: Magma Storm|[partiallytrapped]
|upkeep
|turn|42
|
|t:|1760779894
|move|p2a: Heatran|Magma Storm|p1a: Rillaboom
|-resisted|p1a: Rillaboom
|-damage|p1a: Rillaboom|47/100
|move|p1a: Rillaboom|Low Kick|p2a: Heatran
|-supereffective|p2a: Heatran
|-damage|p2a: Heatran|0 fnt
|faint|p2a: Heatran
|
|-heal|p1a: Rillaboom|53/100|[from] Grassy Terrain
|-end|p1a: Rillaboom|Magma Storm|[partiallytrapped]|[silent]
|upkeep
|
|t:|1760779896
|switch|p2a: Weezing|Weezing-Galar, F|46/100
|-ability|p2a: Weezing|Neutralizing Gas
|turn|43
|
|t:|1760779908
|move|p1a: Rillaboom|Knock Off|p2a: Weezing
|-resisted|p2a: Weezing
|-damage|p2a: Weezing|35/100
|-enditem|p2a: Weezing|Heavy-Duty Boots|[from] move: Knock Off|[of] p1a: Rillaboom
|move|p2a: Weezing|Pain Split|p1a: Rillaboom
|-sethp|p1a: Rillaboom|42/100|[from] move: Pain Split|[silent]
|-sethp|p2a: Weezing|49/100|[from] move: Pain Split
|
|-heal|p1a: Rillaboom|48/100|[from] Grassy Terrain
|-heal|p2a: Weezing|55/100|[from] Grassy Terrain
|upkeep
|turn|44
|-message|itsyumiiiii forfeited.
|
|win|roll&shoot
|raw|roll&amp;shoot's rating: 1417 &rarr; <strong>1435</strong><br />(+18 for winning)
|raw|itsyumiiiii's rating: 1374 &rarr; <strong>1356</strong><br />(-18 for losing)
|l|☆itsyumiiiii
|player|p2|
|l|☆roll&shoot
|player|p1|
