|j|☆michaelbias
|j|☆uber-mom
|t:|1760753603
|gametype|singles
|player|p1|michaelbias|1|1571
|player|p2|uber-mom|lucas|1564
|gen|9
|tier|[Gen 9] OU
|rated|
|rule|HP Percentage Mod: HP is shown in percentages
|rule|Endless Battle Clause: Forcing endless battles is banned
|rule|Species Clause: Limit one of each Pokémon
|rule|OHKO Clause: OHKO moves are banned
|rule|Evasion Items Clause: Evasion items are banned
|rule|Evasion Moves Clause: Evasion moves are banned
|rule|Evasion Abilities Clause: Evasion abilities are banned
|rule|Sleep Moves Clause: Sleep-inducing moves are banned
|clearpoke
|poke|p1|Cinderace, M|
|poke|p1|Dragonite, M|
|poke|p1|Gholdengo|
|poke|p1|Great Tusk|
|poke|p1|Rotom-Wash|
|poke|p1|Primarina, M|
|poke|p2|Ogerpon-Cornerstone, F|
|poke|p2|Tyranitar, F|
|poke|p2|Excadrill, M|
|poke|p2|Keldeo-Resolute|
|poke|p2|Moltres|
|poke|p2|Clefable, M|
|teampreview
|inactive|Battle timer is ON: inactive players will automatically lose when time's up. (requested by uber-mom)
|inactive|michaelbias has 120 seconds left.
|inactive|uber-mom has 120 seconds left.
|
|t:|1760753650
|teamsize|p1|6
|teamsize|p2|6
|start
|switch|p1a: Cinderace|Cinderace, M|100/100
|switch|p2a: Tyranitar|Tyranitar, F|100/100
|-weather|Sandstorm|[from] ability: Sand Stream|[of] p2a: Tyranitar
|turn|1
|
|t:|1760753657
|switch|p2a: Moltres|Moltres|100/100
|move|p1a: Cinderace|U-turn|p2a: Moltres
|-start|p1a: Cinderace|typechange|Bug|[from] ability: Libero
|-resisted|p2a: Moltres
|-damage|p2a: Moltres|92/100
|
|t:|1760753670
|switch|p1a: Rotom|Rotom-Wash|100/100|[from] U-turn
|
|-weather|Sandstorm|[upkeep]
|-damage|p1a: Rotom|94/100|[from] Sandstorm
|-damage|p2a: Moltres|86/100|[from] Sandstorm
|upkeep
|turn|2
|
|t:|1760753688
|switch|p2a: Keldeo|Keldeo-Resolute|100/100
|move|p1a: Rotom|Trick|p2a: Keldeo
|-activate|p1a: Rotom|move: Trick|[of] p2a: Keldeo
|-item|p2a: Keldeo|Choice Scarf|[from] move: Trick
|-item|p1a: Rotom|Choice Specs|[from] move: Trick
|
|-weather|Sandstorm|[upkeep]
|-damage|p2a: Keldeo|94/100|[from] Sandstorm
|-damage|p1a: Rotom|88/100|[from] Sandstorm
|upkeep
|turn|3
|j| blackgokuking
|
|t:|1760753700
|switch|p1a: Primarina|Primarina, M|100/100
|move|p2a: Keldeo|Secret Sword|p1a: Primarina
|-resisted|p1a: Primarina
|-damage|p1a: Primarina|69/100
|
|-weather|Sandstorm|[upkeep]
|-damage|p2a: Keldeo|88/100|[from] Sandstorm
|-damage|p1a: Primarina|63/100|[from] Sandstorm
|upkeep
|turn|4
|
|t:|1760753724
|switch|p2a: Clefable|Clefable, M|100/100
|move|p1a: Primarina|Moonblast|p2a: Clefable
|-damage|p2a: Clefable|48/100
|-unboost|p2a: Clefable|spa|1
|
|-weather|Sandstorm|[upkeep]
|-damage|p1a: Primarina|57/100|[from] Sandstorm
|upkeep
|turn|5
|inactive|michaelbias has 120 seconds left.
|
|t:|1760753749
|switch|p2a: Moltres|Moltres|86/100
|move|p1a: Primarina|Surf|p2a: Moltres
|-supereffective|p2a: Moltres
|-damage|p2a: Moltres|0 fnt
|faint|p2a: Moltres
|
|-weather|Sandstorm|[upkeep]
|-damage|p1a: Primarina|50/100|[from] Sandstorm
|upkeep
|
|t:|1760753752
|switch|p2a: Ogerpon|Ogerpon-Cornerstone, F|100/100
|turn|6
|inactive|michaelbias has 120 seconds left.
|inactive|michaelbias has 90 seconds left.
|
|t:|1760753801
|switch|p1a: Gholdengo|Gholdengo|100/100
|move|p2a: Ogerpon|Swords Dance|p2a: Ogerpon
|-boost|p2a: Ogerpon|atk|2
|
|-weather|Sandstorm|[upkeep]
|upkeep
|turn|7
|j| ariasyoni
|
|t:|1760753818
|move|p2a: Ogerpon|Knock Off|p1a: Gholdengo
|-supereffective|p1a: Gholdengo
|-damage|p1a: Gholdengo|0 fnt
|-enditem|p1a: Gholdengo|Choice Specs|[from] move: Knock Off|[of] p2a: Ogerpon
|faint|p1a: Gholdengo
|
|-weather|Sandstorm|[upkeep]
|upkeep
|inactive|michaelbias has 90 seconds left.
|
|t:|1760753833
|switch|p1a: Cinderace|Cinderace, M|100/100
|turn|8
|l| ariasyoni
|inactive|michaelbias has 90 seconds left.
|
|t:|1760753848
|move|p1a: Cinderace|U-turn|p2a: Ogerpon
|-start|p1a: Cinderace|typechange|Bug|[from] ability: Libero
|-supereffective|p2a: Ogerpon
|-ability|p2a: Ogerpon|Sturdy
|-damage|p2a: Ogerpon|1/100
|
|t:|1760753856
|switch|p1a: Dragonite|Dragonite, M|100/100|[from] U-turn
|move|p2a: Ogerpon|Ivy Cudgel|p1a: Dragonite|[anim] Ivy Cudgel Rock
|-supereffective|p1a: Dragonite
|-damage|p1a: Dragonite|0 fnt
|faint|p1a: Dragonite
|
|-weather|none
|upkeep
|
|t:|1760753865
|switch|p1a: Cinderace|Cinderace, M|100/100
|turn|9
|inactive|michaelbias has 90 seconds left.
|
|t:|1760753875
|switch|p2a: Keldeo|Keldeo-Resolute|88/100
|move|p1a: Cinderace|U-turn|p2a: Keldeo
|-start|p1a: Cinderace|typechange|Bug|[from] ability: Libero
|-resisted|p2a: Keldeo
|-damage|p2a: Keldeo|60/100
|
|t:|1760753882
|switch|p1a: Primarina|Primarina, M|50/100|[from] U-turn
|
|upkeep
|turn|10
|
|t:|1760753886
|move|p2a: Keldeo|Secret Sword|p1a: Primarina
|-resisted|p1a: Primarina
|-damage|p1a: Primarina|20/100
|move|p1a: Primarina|Moonblast|p2a: Keldeo
|-supereffective|p2a: Keldeo
|-damage|p2a: Keldeo|0 fnt
|faint|p2a: Keldeo
|
|upkeep
|
|t:|1760753893
|switch|p2a: Tyranitar|Tyranitar, F|100/100
|-weather|Sandstorm|[from] ability: Sand Stream|[of] p2a: Tyranitar
|turn|11
|
|t:|1760753903
|move|p1a: Primarina|Moonblast|p2a: Tyranitar
|-supereffective|p2a: Tyranitar
|-damage|p2a: Tyranitar|42/100
|move|p2a: Tyranitar|Stone Edge|p1a: Primarina
|-damage|p1a: Primarina|0 fnt
|faint|p1a: Primarina
|
|-weather|Sandstorm|[upkeep]
|upkeep
|
|t:|1760753916
|switch|p1a: Cinderace|Cinderace, M|100/100
|turn|12
|
|t:|1760753933
|move|p1a: Cinderace|U-turn|p2a: Tyranitar
|-start|p1a: Cinderace|typechange|Bug|[from] ability: Libero
|-supereffective|p2a: Tyranitar
|-damage|p2a: Tyranitar|0 fnt
|faint|p2a: Tyranitar
|
|t:|1760753945
|switch|p1a: Rotom|Rotom-Wash|88/100|[from] U-turn
|
|-weather|Sandstorm|[upkeep]
|-damage|p1a: Rotom|82/100|[from] Sandstorm
|upkeep
|l| blackgokuking
|
|t:|1760753947
|switch|p2a: Ogerpon|Ogerpon-Cornerstone, F|1/100
|turn|13
|inactive|michaelbias has 120 seconds left.
|
|t:|1760753960
|-terastallize|p1a: Rotom|Poison
|move|p2a: Ogerpon|Ivy Cudgel|p1a: Rotom|[anim] Ivy Cudgel Rock
|-crit|p1a: Rotom
|-damage|p1a: Rotom|0 fnt
|faint|p1a: Rotom
|
|-weather|Sandstorm|[upkeep]
|upkeep
|
|t:|1760753971
|switch|p1a: Cinderace|Cinderace, M|100/100
|turn|14
|
|t:|1760753978
|switch|p2a: Clefable|Clefable, M|48/100
|move|p1a: Cinderace|U-turn|p2a: Clefable
|-start|p1a: Cinderace|typechange|Bug|[from] ability: Libero
|-resisted|p2a: Clefable
|-damage|p2a: Clefable|29/100
|
|t:|1760753986
|switch|p1a: Great Tusk|Great Tusk|100/100|[from] U-turn
|
|-weather|Sandstorm|[upkeep]
|upkeep
|turn|15
|inactive|michaelbias has 120 seconds left.
|
|t:|1760753995
|move|p1a: Great Tusk|Earthquake|p2a: Clefable
|-damage|p2a: Clefable|0 fnt
|faint|p2a: Clefable
|
|-weather|Sandstorm|[upkeep]
|upkeep
|
|t:|1760753997
|switch|p2a: Excadrill|Excadrill, M|100/100
|-item|p2a: Excadrill|Air Balloon
|turn|16
|inactive|uber-mom has 120 seconds left.
|
|t:|1760754033
|move|p2a: Excadrill|Swords Dance|p2a: Excadrill
|-boost|p2a: Excadrill|atk|2
|move|p1a: Great Tusk|Rapid Spin|p2a: Excadrill
|-resisted|p2a: Excadrill
|-damage|p2a: Excadrill|89/100
|-boost|p1a: Great Tusk|spe|1
|-enditem|p2a: Excadrill|Air Balloon
|
|-weather|Sandstorm|[upkeep]
|upkeep
|turn|17
|inactive|uber-mom has 120 seconds left.
|
|t:|1760754046
|-terastallize|p2a: Excadrill|Ice
|move|p2a: Excadrill|Tera Blast|p1a: Great Tusk|[anim] Tera Blast Ice
|-supereffective|p1a: Great Tusk
|-damage|p1a: Great Tusk|18/100
|move|p1a: Great Tusk|Earthquake|p2a: Excadrill
|-damage|p2a: Excadrill|23/100
|
|-weather|Sandstorm|[upkeep]
|upkeep
|turn|18
|inactive|uber-mom has 120 seconds left.
|
|t:|1760754063
|move|p2a: Excadrill|Rapid Spin|p1a: Great Tusk
|-damage|p1a: Great Tusk|1/100
|-boost|p2a: Excadrill|spe|1
|-damage|p2a: Excadrill|6/100|[from] item: Rocky Helmet|[of] p1a: Great Tusk
|move|p1a: Great Tusk|Earthquake|p2a: Excadrill
|-damage|p2a: Excadrill|0 fnt
|faint|p2a: Excadrill
|
|-weather|none
|upkeep
|c|☆uber-mom|gg
|
|t:|1760754071
|switch|p2a: Ogerpon|Ogerpon-Cornerstone, F|1/100
|turn|19
|c|☆michaelbias|gg
|
|t:|1760754081
|move|p2a: Ogerpon|Ivy Cudgel|p1a: Great Tusk|[anim] Ivy Cudgel Rock
|-resisted|p1a: Great Tusk
|-damage|p1a: Great Tusk|0 fnt
|faint|p1a: Great Tusk
|-end|p1a: Great Tusk|Protosynthesis|[silent]
|
|upkeep
|
|t:|1760754086
|switch|p1a: Cinderace|Cinderace, M|100/100
|turn|20
|
|t:|1760754089
|move|p1a: Cinderace|U-turn|p2a: Ogerpon
|-start|p1a: Cinderace|typechange|Bug|[from] ability: Libero
|-supereffective|p2a: Ogerpon
|-damage|p2a: Ogerpon|0 fnt
|faint|p2a: Ogerpon
|
|win|michaelbias
|raw|michaelbias's rating: 1571 &rarr; <strong>1591</strong><br />(+20 for winning)
|raw|uber-mom's rating: 1564 &rarr; <strong>1544</strong><br />(-20 for losing)
|l|☆uber-mom
|player|p2|
|l|☆michaelbias
|player|p1|
