|j|☆Down$hift
|j|☆Mr Tpen
|t:|1760814515
|gametype|singles
|player|p1|Down$hift|jessiejames-gen1|1639
|player|p2|Mr Tpen|1|1665
|gen|9
|tier|[Gen 9] OU
|rated|
|rule|HP Percentage Mod: HP is shown in percentages
|rule|Endless Battle Clause: Forcing endless battles is banned
|rule|Species Clause: Limit one of each Pokémon
|rule|OHKO Clause: OHKO moves are banned
|rule|Evasion Items Clause: Evasion items are banned
|rule|Evasion Moves Clause: Evasion moves are banned
|rule|Evasion Abilities Clause: Evasion abilities are banned
|rule|Sleep Moves Clause: Sleep-inducing moves are banned
|clearpoke
|poke|p1|Metagross|
|poke|p1|Enamorus, F|
|poke|p1|Raging Bolt|
|poke|p1|Corviknight, F|
|poke|p1|Cinderace, F|
|poke|p1|Ting-Lu|
|poke|p2|Enamorus, F|
|poke|p2|Kyurem|
|poke|p2|Landorus-Therian, M|
|poke|p2|Kingambit, F|
|poke|p2|Ogerpon-Wellspring, F|
|poke|p2|Glimmora, F|
|teampreview
|inactive|Battle timer is ON: inactive players will automatically lose when time's up. (requested by Down$hift)
|c|☆Down$hift|hf
|
|t:|1760814535
|teamsize|p1|6
|teamsize|p2|6
|start
|switch|p1a: Ultra Marine Blues|Metagross|100/100
|switch|p2a: Ogerpon|Ogerpon-Wellspring, F|100/100
|turn|1
|
|t:|1760814548
|move|p2a: Ogerpon|Knock Off|p1a: Ultra Marine Blues
|-supereffective|p1a: Ultra Marine Blues
|-damage|p1a: Ultra Marine Blues|30/100
|-enditem|p1a: Ultra Marine Blues|Choice Band|[from] move: Knock Off|[of] p2a: Ogerpon
|move|p1a: Ultra Marine Blues|Heavy Slam|p2a: Ogerpon
|-resisted|p2a: Ogerpon
|-damage|p2a: Ogerpon|57/100
|
|upkeep
|turn|2
|
|t:|1760814552
|switch|p1a: Woodpecker No. 1|Corviknight, F|100/100
|-ability|p1a: Woodpecker No. 1|Pressure
|move|p2a: Ogerpon|Ivy Cudgel|p1a: Woodpecker No. 1|[anim] Ivy Cudgel Water
|-damage|p1a: Woodpecker No. 1|68/100
|
|upkeep
|turn|3
|
|t:|1760814558
|switch|p2a: Landorus|Landorus-Therian, M|100/100
|-ability|p2a: Landorus|Intimidate|boost
|-unboost|p1a: Woodpecker No. 1|atk|1
|move|p1a: Woodpecker No. 1|U-turn|p2a: Landorus
|-resisted|p2a: Landorus
|-damage|p2a: Landorus|96/100
|-damage|p1a: Woodpecker No. 1|51/100|[from] item: Rocky Helmet|[of] p2a: Landorus
|
|t:|1760814564
|switch|p1a: Spiral Blast|Enamorus, F|100/100|[from] U-turn
|
|upkeep
|turn|4
|
|t:|1760814570
|move|p1a: Spiral Blast|Moonblast|p2a: Landorus
|-damage|p2a: Landorus|43/100
|move|p2a: Landorus|Smack Down|p1a: Spiral Blast
|-supereffective|p1a: Spiral Blast
|-damage|p1a: Spiral Blast|54/100
|-start|p1a: Spiral Blast|Smack Down
|
|upkeep
|turn|5
|
|t:|1760814577
|switch|p2a: Glimmora|Glimmora, F|100/100
|move|p1a: Spiral Blast|Moonblast|p2a: Glimmora
|-resisted|p2a: Glimmora
|-damage|p2a: Glimmora|70/100
|-unboost|p2a: Glimmora|spa|1
|-enditem|p2a: Glimmora|Red Card|[of] p1a: Spiral Blast
|drag|p1a: Tokyo Times Ten|Ting-Lu|100/100
|-ability|p1a: Tokyo Times Ten|Vessel of Ruin
|
|upkeep
|turn|6
|
|t:|1760814581
|move|p2a: Glimmora|Mortal Spin|p1a: Tokyo Times Ten
|-resisted|p1a: Tokyo Times Ten
|-damage|p1a: Tokyo Times Ten|99/100
|-status|p1a: Tokyo Times Ten|psn
|move|p1a: Tokyo Times Ten|Earthquake|p2a: Glimmora
|-supereffective|p2a: Glimmora
|-damage|p2a: Glimmora|0 fnt
|-activate|p2a: Glimmora|ability: Toxic Debris
|-sidestart|p1: Down$hift|move: Toxic Spikes
|faint|p2a: Glimmora
|
|-heal|p1a: Tokyo Times Ten|100/100 psn|[from] item: Leftovers
|-damage|p1a: Tokyo Times Ten|88/100 psn|[from] psn
|upkeep
|
|t:|1760814583
|switch|p2a: Ogerpon|Ogerpon-Wellspring, F|57/100
|turn|7
|inactive|Down$hift has 120 seconds left.
|
|t:|1760814627
|move|p2a: Ogerpon|Ivy Cudgel|p1a: Tokyo Times Ten|[anim] Ivy Cudgel Water
|-supereffective|p1a: Tokyo Times Ten
|-damage|p1a: Tokyo Times Ten|20/100 psn
|move|p1a: Tokyo Times Ten|Ruination|p2a: Ogerpon
|-damage|p2a: Ogerpon|29/100
|
|-heal|p1a: Tokyo Times Ten|27/100 psn|[from] item: Leftovers
|-damage|p1a: Tokyo Times Ten|14/100 psn|[from] psn
|upkeep
|turn|8
|
|t:|1760814632
|move|p2a: Ogerpon|Ivy Cudgel|p1a: Tokyo Times Ten|[anim] Ivy Cudgel Water
|-supereffective|p1a: Tokyo Times Ten
|-damage|p1a: Tokyo Times Ten|0 fnt
|faint|p1a: Tokyo Times Ten
|
|upkeep
|
|t:|1760814635
|switch|p1a: Spiral Blast|Enamorus, F|54/100
|turn|9
|
|t:|1760814637
|move|p1a: Spiral Blast|Moonblast|p2a: Ogerpon
|-damage|p2a: Ogerpon|0 fnt
|faint|p2a: Ogerpon
|
|upkeep
|
|t:|1760814638
|switch|p2a: Enamorus|Enamorus, F|100/100
|turn|10
|
|t:|1760814655
|switch|p1a: My Station Rock|Cinderace, F|100/100
|move|p2a: Enamorus|Moonblast|p1a: My Station Rock
|-resisted|p1a: My Station Rock
|-damage|p1a: My Station Rock|69/100
|
|upkeep
|turn|11
|
|t:|1760814666
|move|p1a: My Station Rock|Pyro Ball|p2a: Enamorus
|-damage|p2a: Enamorus|20/100
|move|p2a: Enamorus|Superpower|p1a: My Station Rock
|-damage|p1a: My Station Rock|28/100
|-boost|p2a: Enamorus|atk|1
|-boost|p2a: Enamorus|def|1
|
|upkeep
|turn|12
|j| Kyurem
|
|t:|1760814672
|switch|p2a: Landorus|Landorus-Therian, M|43/100
|-ability|p2a: Landorus|Intimidate|boost
|-unboost|p1a: My Station Rock|atk|1
|move|p1a: My Station Rock|Pyro Ball|p2a: Landorus
|-damage|p2a: Landorus|0 fnt
|faint|p2a: Landorus
|
|upkeep
|
|t:|1760814673
|switch|p2a: Kyurem|Kyurem|100/100
|-ability|p2a: Kyurem|Pressure
|turn|13
|
|t:|1760814697
|switch|p1a: Woodpecker No. 1|Corviknight, F|51/100
|-ability|p1a: Woodpecker No. 1|Pressure
|move|p2a: Kyurem|Ice Beam|p1a: Woodpecker No. 1
|-damage|p1a: Woodpecker No. 1|5/100
|
|upkeep
|turn|14
|
|t:|1760814700
|move|p2a: Kyurem|Ice Beam|p1a: Woodpecker No. 1
|-damage|p1a: Woodpecker No. 1|0 fnt
|faint|p1a: Woodpecker No. 1
|
|upkeep
|l| Kyurem
|
|t:|1760814707
|switch|p1a: Spiral Blast|Enamorus, F|54/100
|turn|15
|
|t:|1760814709
|move|p1a: Spiral Blast|Moonblast|p2a: Kyurem
|-supereffective|p2a: Kyurem
|-damage|p2a: Kyurem|0 fnt
|faint|p2a: Kyurem
|
|upkeep
|
|t:|1760814712
|switch|p2a: Kingambit|Kingambit, F|100/100
|-activate|p2a: Kingambit|ability: Supreme Overlord
|-start|p2a: Kingambit|fallen4|[silent]
|-item|p2a: Kingambit|Air Balloon
|turn|16
|
|t:|1760814719
|move|p1a: Spiral Blast|Moonblast|p2a: Kingambit
|-damage|p2a: Kingambit|45/100
|-unboost|p2a: Kingambit|spa|1
|-enditem|p2a: Kingambit|Air Balloon
|move|p2a: Kingambit|Iron Head|p1a: Spiral Blast
|-supereffective|p1a: Spiral Blast
|-crit|p1a: Spiral Blast
|-damage|p1a: Spiral Blast|0 fnt
|faint|p1a: Spiral Blast
|
|upkeep
|
|t:|1760814726
|switch|p1a: Yellow Hyper Balls|Raging Bolt|100/100
|-status|p1a: Yellow Hyper Balls|psn
|-enditem|p1a: Yellow Hyper Balls|Booster Energy
|-activate|p1a: Yellow Hyper Balls|ability: Protosynthesis|[fromitem]
|-start|p1a: Yellow Hyper Balls|protosynthesisspa
|turn|17
|
|t:|1760814730
|move|p1a: Yellow Hyper Balls|Thunderbolt|p2a: Kingambit
|-damage|p2a: Kingambit|0 fnt
|faint|p2a: Kingambit
|-end|p2a: Kingambit|fallen4|[silent]
|
|-damage|p1a: Yellow Hyper Balls|88/100 psn|[from] psn
|upkeep
|-message|Mr Tpen forfeited.
|
|win|Down$hift
|raw|Down$hift's rating: 1639 &rarr; <strong>1660</strong><br />(+21 for winning)
|raw|Mr Tpen's rating: 1665 &rarr; <strong>1644</strong><br />(-21 for losing)
|l|☆Mr Tpen
|player|p2|
|l|☆Down$hift
|player|p1|
