|j|☆Seikenzuki2
|j|☆TheFrogFather1
|t:|1760843967
|gametype|singles
|player|p1|Seikenzuki2|101|1129
|player|p2|TheFrogFather1|bellelba|1105
|gen|9
|tier|[Gen 9] OU
|rated|
|rule|HP Percentage Mod: HP is shown in percentages
|rule|Endless Battle Clause: Forcing endless battles is banned
|rule|Species Clause: Limit one of each Pokémon
|rule|OHKO Clause: OHKO moves are banned
|rule|Evasion Items Clause: Evasion items are banned
|rule|Evasion Moves Clause: Evasion moves are banned
|rule|Evasion Abilities Clause: Evasion abilities are banned
|rule|Sleep Moves Clause: Sleep-inducing moves are banned
|clearpoke
|poke|p1|Rillaboom, M|
|poke|p1|Primarina, M|
|poke|p1|Garchomp, M|
|poke|p1|Corviknight, F|
|poke|p1|Frosmoth, M|
|poke|p1|Blaziken, M|
|poke|p2|Hatterene, F|
|poke|p2|Samurott-Hisui, M|
|poke|p2|Gholdengo|
|poke|p2|Zamazenta-*|
|poke|p2|Meowscarada, M|
|poke|p2|Corviknight, F|
|teampreview
|
|t:|1760843972
|teamsize|p1|6
|teamsize|p2|6
|start
|switch|p1a: Frosmoth|Frosmoth, M|100/100
|switch|p2a: Samurott|Samurott-Hisui, M|100/100
|turn|1
|
|t:|1760843981
|move|p2a: Samurott|Ceaseless Edge|p1a: Frosmoth
|-damage|p1a: Frosmoth|38/100
|-sidestart|p1: Seikenzuki2|Spikes
|move|p1a: Frosmoth|Stun Spore|p2a: Samurott
|-status|p2a: Samurott|par
|
|upkeep
|turn|2
|
|t:|1760843988
|move|p2a: Samurott|Ceaseless Edge|p1a: Frosmoth
|-damage|p1a: Frosmoth|0 fnt
|-sidestart|p1: Seikenzuki2|Spikes
|faint|p1a: Frosmoth
|
|upkeep
|
|t:|1760843998
|switch|p1a: Rillaboom|Rillaboom, M|100/100
|-damage|p1a: Rillaboom|84/100|[from] Spikes
|-fieldstart|move: Grassy Terrain|[from] ability: Grassy Surge|[of] p1a: Rillaboom
|turn|3
|
|t:|1760844004
|move|p1a: Rillaboom|Grassy Glide|p2a: Samurott
|-supereffective|p2a: Samurott
|-damage|p2a: Samurott|0 fnt
|faint|p2a: Samurott
|
|-heal|p1a: Rillaboom|90/100|[from] Grassy Terrain
|upkeep
|
|t:|1760844017
|switch|p2a: Hatterene|Hatterene, F|100/100
|turn|4
|
|t:|1760844027
|move|p1a: Rillaboom|U-turn|p2a: Hatterene
|-damage|p2a: Hatterene|80/100
|
|t:|1760844035
|switch|p1a: Corviknight|Corviknight, F|100/100|[from] U-turn
|move|p2a: Hatterene|Calm Mind|p2a: Hatterene
|-boost|p2a: Hatterene|spa|1
|-boost|p2a: Hatterene|spd|1
|
|-heal|p2a: Hatterene|86/100|[from] Grassy Terrain
|-heal|p2a: Hatterene|92/100|[from] item: Leftovers
|upkeep
|turn|5
|
|t:|1760844049
|-terastallize|p2a: Hatterene|Psychic
|move|p1a: Corviknight|Iron Defense|p1a: Corviknight
|-boost|p1a: Corviknight|def|2
|move|p2a: Hatterene|Calm Mind|p2a: Hatterene
|-boost|p2a: Hatterene|spa|1
|-boost|p2a: Hatterene|spd|1
|
|-heal|p2a: Hatterene|98/100|[from] Grassy Terrain
|-heal|p2a: Hatterene|100/100|[from] item: Leftovers
|upkeep
|turn|6
|
|t:|1760844059
|move|p1a: Corviknight|Iron Defense|p1a: Corviknight
|-boost|p1a: Corviknight|def|2
|move|p2a: Hatterene|Mystical Fire|p1a: Corviknight
|-supereffective|p1a: Corviknight
|-damage|p1a: Corviknight|14/100
|-ability|p1a: Corviknight|Mirror Armor
|-unboost|p2a: Hatterene|spa|1
|
|upkeep
|turn|7
|
|t:|1760844072
|move|p1a: Corviknight|Roost|p1a: Corviknight
|-heal|p1a: Corviknight|64/100
|-singleturn|p1a: Corviknight|move: Roost
|move|p2a: Hatterene|Mystical Fire|p1a: Corviknight
|-supereffective|p1a: Corviknight
|-damage|p1a: Corviknight|0 fnt
|faint|p1a: Corviknight
|
|upkeep
|
|t:|1760844087
|switch|p1a: Blaziken|Blaziken, M|100/100
|-damage|p1a: Blaziken|84/100|[from] Spikes
|turn|8
|
|t:|1760844106
|move|p1a: Blaziken|Flare Blitz|p2a: Hatterene
|-damage|p2a: Hatterene|44/100
|-damage|p1a: Blaziken|64/100|[from] Recoil
|move|p2a: Hatterene|Draining Kiss|p1a: Blaziken
|-damage|p1a: Blaziken|9/100
|-heal|p2a: Hatterene|83/100|[from] drain|[of] p1a: Blaziken
|
|-heal|p1a: Blaziken|15/100|[from] Grassy Terrain
|-heal|p1a: Blaziken|21/100|[from] item: Leftovers
|-heal|p2a: Hatterene|89/100|[from] Grassy Terrain
|-heal|p2a: Hatterene|95/100|[from] item: Leftovers
|-ability|p1a: Blaziken|Speed Boost|boost
|-boost|p1a: Blaziken|spe|1
|upkeep
|turn|9
|
|t:|1760844124
|move|p1a: Blaziken|Flare Blitz|p2a: Hatterene
|-damage|p2a: Hatterene|37/100
|-damage|p1a: Blaziken|1/100|[from] Recoil
|move|p2a: Hatterene|Draining Kiss|p1a: Blaziken
|-damage|p1a: Blaziken|0 fnt
|-heal|p2a: Hatterene|38/100|[from] drain|[of] p1a: Blaziken
|faint|p1a: Blaziken
|
|-heal|p2a: Hatterene|44/100|[from] Grassy Terrain
|-heal|p2a: Hatterene|50/100|[from] item: Leftovers
|upkeep
|
|t:|1760844135
|switch|p1a: Primarina|Primarina, M|100/100
|-damage|p1a: Primarina|84/100|[from] Spikes
|turn|10
|
|t:|1760844145
|move|p1a: Primarina|Alluring Voice|p2a: Hatterene
|-damage|p2a: Hatterene|30/100
|move|p2a: Hatterene|Psychic Noise|p1a: Primarina
|-crit|p1a: Primarina
|-damage|p1a: Primarina|21/100
|-start|p1a: Primarina|move: Heal Block
|
|-heal|p2a: Hatterene|36/100|[from] Grassy Terrain
|-heal|p2a: Hatterene|42/100|[from] item: Leftovers
|-fieldend|move: Grassy Terrain
|upkeep
|turn|11
|
|t:|1760844160
|move|p1a: Primarina|Moonblast|p2a: Hatterene
|-damage|p2a: Hatterene|16/100
|move|p2a: Hatterene|Draining Kiss|p1a: Primarina
|-damage|p1a: Primarina|0 fnt
|-heal|p2a: Hatterene|31/100|[from] drain|[of] p1a: Primarina
|faint|p1a: Primarina
|
|-heal|p2a: Hatterene|37/100|[from] item: Leftovers
|upkeep
|
|t:|1760844170
|switch|p1a: Rillaboom|Rillaboom, M|90/100
|-damage|p1a: Rillaboom|74/100|[from] Spikes
|-fieldstart|move: Grassy Terrain|[from] ability: Grassy Surge|[of] p1a: Rillaboom
|turn|12
|
|t:|1760844178
|move|p1a: Rillaboom|Knock Off|p2a: Hatterene
|-supereffective|p2a: Hatterene
|-crit|p2a: Hatterene
|-damage|p2a: Hatterene|0 fnt
|-enditem|p2a: Hatterene|Leftovers|[from] move: Knock Off|[of] p1a: Rillaboom
|faint|p2a: Hatterene
|
|-heal|p1a: Rillaboom|80/100|[from] Grassy Terrain
|upkeep
|
|t:|1760844194
|switch|p2a: Zamazenta|Zamazenta|100/100
|-ability|p2a: Zamazenta|Dauntless Shield|boost
|-boost|p2a: Zamazenta|def|1
|turn|13
|
|t:|1760844205
|-terastallize|p1a: Rillaboom|Water
|move|p1a: Rillaboom|Grassy Glide|p2a: Zamazenta
|-damage|p2a: Zamazenta|73/100
|move|p2a: Zamazenta|Ice Fang|p1a: Rillaboom
|-resisted|p1a: Rillaboom
|-damage|p1a: Rillaboom|69/100
|
|-heal|p2a: Zamazenta|79/100|[from] Grassy Terrain
|-heal|p1a: Rillaboom|75/100|[from] Grassy Terrain
|upkeep
|turn|14
|
|t:|1760844219
|switch|p2a: Meowscarada|Meowscarada, M|100/100
|move|p1a: Rillaboom|Knock Off|p2a: Meowscarada
|-resisted|p2a: Meowscarada
|-damage|p2a: Meowscarada|73/100
|-enditem|p2a: Meowscarada|Heavy-Duty Boots|[from] move: Knock Off|[of] p1a: Rillaboom
|
|-heal|p2a: Meowscarada|79/100|[from] Grassy Terrain
|-heal|p1a: Rillaboom|81/100|[from] Grassy Terrain
|upkeep
|turn|15
|
|t:|1760844229
|move|p2a: Meowscarada|Flower Trick|p1a: Rillaboom
|-start|p2a: Meowscarada|typechange|Grass|[from] ability: Protean
|-supereffective|p1a: Rillaboom
|-crit|p1a: Rillaboom
|-damage|p1a: Rillaboom|0 fnt
|faint|p1a: Rillaboom
|
|-heal|p2a: Meowscarada|85/100|[from] Grassy Terrain
|upkeep
|
|t:|1760844237
|switch|p1a: Garchomp|Garchomp, M|100/100
|-damage|p1a: Garchomp|84/100|[from] Spikes
|turn|16
|
|t:|1760844243
|move|p2a: Meowscarada|Triple Axel|p1a: Garchomp
|-supereffective|p1a: Garchomp
|-damage|p1a: Garchomp|57/100
|-damage|p2a: Meowscarada|73/100|[from] ability: Rough Skin|[of] p1a: Garchomp
|-hitcount|p1a: Garchomp|1
|move|p1a: Garchomp|Fire Fang|p2a: Meowscarada
|-supereffective|p2a: Meowscarada
|-damage|p2a: Meowscarada|6/100
|
|-heal|p2a: Meowscarada|12/100|[from] Grassy Terrain
|-heal|p1a: Garchomp|63/100|[from] Grassy Terrain
|upkeep
|turn|17
|
|t:|1760844254
|move|p2a: Meowscarada|Flower Trick|p1a: Garchomp
|-crit|p1a: Garchomp
|-damage|p1a: Garchomp|0 fnt
|faint|p1a: Garchomp
|
|win|TheFrogFather1
|raw|Seikenzuki2's rating: 1129 &rarr; <strong>1102</strong><br />(-27 for losing)
|raw|TheFrogFather1's rating: 1105 &rarr; <strong>1132</strong><br />(+27 for winning)
|l|☆Seikenzuki2
|player|p1|
