|j|☆EustaquioSanchezz
|j|☆lifeless virgin
|t:|1760739644
|gametype|singles
|player|p1|EustaquioSanchezz|266|1052
|player|p2|lifeless virgin|benga|1057
|gen|9
|tier|[Gen 9] OU
|rated|
|rule|HP Percentage Mod: HP is shown in percentages
|rule|Endless Battle Clause: Forcing endless battles is banned
|rule|Species Clause: Limit one of each Pokémon
|rule|OHKO Clause: OHKO moves are banned
|rule|Evasion Items Clause: Evasion items are banned
|rule|Evasion Moves Clause: Evasion moves are banned
|rule|Evasion Abilities Clause: Evasion abilities are banned
|rule|Sleep Moves Clause: Sleep-inducing moves are banned
|clearpoke
|poke|p1|Gliscor, M|
|poke|p1|Zapdos|
|poke|p1|Volbeat, M|
|poke|p1|Volcanion|
|poke|p1|Rillaboom, F|
|poke|p1|Quaquaval, F|
|poke|p2|Ceruledge, M|
|poke|p2|Salamence, M|
|poke|p2|Corviknight, F|
|poke|p2|Gardevoir, F|
|poke|p2|Gengar, M|
|poke|p2|Glimmora, M|
|teampreview
|
|t:|1760739663
|teamsize|p1|6
|teamsize|p2|6
|start
|switch|p1a: Volbeat|Volbeat, M|100/100
|switch|p2a: Glimmora|Glimmora, M, shiny|100/100
|turn|1
|
|t:|1760739670
|move|p2a: Glimmora|Stealth Rock|p1a: Volbeat
|-sidestart|p1: EustaquioSanchezz|move: Stealth Rock
|move|p1a: Volbeat|Tailwind|p1a: Volbeat
|-sidestart|p1: EustaquioSanchezz|move: Tailwind
|
|upkeep
|turn|2
|
|t:|1760739675
|move|p1a: Volbeat|Encore|p2a: Glimmora
|-start|p2a: Glimmora|Encore
|move|p2a: Glimmora|Stealth Rock||[still]
|-fail|p2a: Glimmora
|
|upkeep
|turn|3
|
|t:|1760739682
|switch|p1a: Quaquaval|Quaquaval, F|100/100
|-damage|p1a: Quaquaval|94/100|[from] Stealth Rock
|switch|p2a: Corviknight|Corviknight, F|100/100
|
|upkeep
|turn|4
|
|t:|1760739694
|switch|p1a: Volbeat|Volbeat, M|100/100
|-damage|p1a: Volbeat|76/100|[from] Stealth Rock
|move|p2a: Corviknight|Bulk Up|p2a: Corviknight
|-boost|p2a: Corviknight|atk|1
|-boost|p2a: Corviknight|def|1
|
|-sideend|p1: EustaquioSanchezz|move: Tailwind
|upkeep
|turn|5
|
|t:|1760739704
|move|p1a: Volbeat|Encore|p2a: Corviknight
|-start|p2a: Corviknight|Encore
|move|p2a: Corviknight|Bulk Up|p2a: Corviknight
|-boost|p2a: Corviknight|atk|1
|-boost|p2a: Corviknight|def|1
|
|upkeep
|turn|6
|
|t:|1760739711
|switch|p1a: Volcanion|Volcanion|100/100
|-damage|p1a: Volcanion|76/100|[from] Stealth Rock
|move|p2a: Corviknight|Bulk Up|p2a: Corviknight
|-boost|p2a: Corviknight|atk|1
|-boost|p2a: Corviknight|def|1
|
|-heal|p1a: Volcanion|82/100|[from] item: Leftovers
|upkeep
|turn|7
|
|t:|1760739715
|move|p1a: Volcanion|Flamethrower|p2a: Corviknight
|-supereffective|p2a: Corviknight
|-damage|p2a: Corviknight|37/100
|move|p2a: Corviknight|Bulk Up|p2a: Corviknight
|-boost|p2a: Corviknight|atk|1
|-boost|p2a: Corviknight|def|1
|
|-heal|p1a: Volcanion|88/100|[from] item: Leftovers
|-end|p2a: Corviknight|Encore
|upkeep
|turn|8
|
|t:|1760739723
|move|p1a: Volcanion|Flamethrower|p2a: Corviknight
|-supereffective|p2a: Corviknight
|-damage|p2a: Corviknight|0 fnt
|faint|p2a: Corviknight
|
|-heal|p1a: Volcanion|94/100|[from] item: Leftovers
|upkeep
|
|t:|1760739732
|switch|p2a: Glimmora|Glimmora, M, shiny|100/100
|turn|9
|
|t:|1760739738
|move|p2a: Glimmora|Toxic Spikes|p1a: Volcanion
|-sidestart|p1: EustaquioSanchezz|move: Toxic Spikes
|move|p1a: Volcanion|Earth Power|p2a: Glimmora
|-supereffective|p2a: Glimmora
|-damage|p2a: Glimmora|0 fnt
|faint|p2a: Glimmora
|
|-heal|p1a: Volcanion|99/100|[from] item: Leftovers
|upkeep
|
|t:|1760739741
|switch|p2a: Ceruledge|Ceruledge, M, shiny|100/100
|turn|10
|
|t:|1760739749
|move|p2a: Ceruledge|Swords Dance|p2a: Ceruledge
|-boost|p2a: Ceruledge|atk|2
|move|p1a: Volcanion|Steam Eruption|p2a: Ceruledge
|-supereffective|p2a: Ceruledge
|-enditem|p2a: Ceruledge|Focus Sash
|-damage|p2a: Ceruledge|1/100
|
|-heal|p1a: Volcanion|100/100|[from] item: Leftovers
|upkeep
|turn|11
|
|t:|1760739761
|move|p2a: Ceruledge|Bitter Blade|p1a: Volcanion
|-resisted|p1a: Volcanion
|-damage|p1a: Volcanion|78/100
|-heal|p2a: Ceruledge|13/100|[from] drain|[of] p1a: Volcanion
|move|p1a: Volcanion|Sludge Bomb|p2a: Ceruledge
|-resisted|p2a: Ceruledge
|-damage|p2a: Ceruledge|0 fnt
|faint|p2a: Ceruledge
|
|-heal|p1a: Volcanion|84/100|[from] item: Leftovers
|upkeep
|
|t:|1760739764
|switch|p2a: Salamence|Salamence, M, shiny|100/100
|turn|12
|
|t:|1760739779
|switch|p1a: Volbeat|Volbeat, M|76/100
|-damage|p1a: Volbeat|51/100|[from] Stealth Rock
|-status|p1a: Volbeat|psn
|move|p2a: Salamence|Zen Headbutt|p1a: Volbeat
|-damage|p1a: Volbeat|5/100 psn
|
|-damage|p1a: Volbeat|0 fnt|[from] psn
|faint|p1a: Volbeat
|upkeep
|
|t:|1760739787
|switch|p1a: Gliscor|Gliscor, M, shiny|100/100
|-damage|p1a: Gliscor|88/100|[from] Stealth Rock
|turn|13
|
|t:|1760739800
|-terastallize|p1a: Gliscor|Poison
|move|p2a: Salamence|Zen Headbutt|p1a: Gliscor|[miss]
|-miss|p2a: Salamence|p1a: Gliscor
|move|p1a: Gliscor|Poison Jab|p2a: Salamence
|-damage|p2a: Salamence|63/100
|
|upkeep
|turn|14
|
|t:|1760739810
|-terastallize|p2a: Salamence|Fairy
|move|p2a: Salamence|Zen Headbutt|p1a: Gliscor
|-supereffective|p1a: Gliscor
|-damage|p1a: Gliscor|28/100
|move|p1a: Gliscor|Poison Jab|p2a: Salamence
|-supereffective|p2a: Salamence
|-damage|p2a: Salamence|0 fnt
|faint|p2a: Salamence
|
|upkeep
|
|t:|1760739814
|switch|p2a: Gardevoir|Gardevoir, F, shiny|100/100
|-ability|p2a: Gardevoir|Poison Heal|Trace|[from] ability: Trace|[of] p1a: Gliscor
|turn|15
|
|t:|1760739820
|move|p2a: Gardevoir|Calm Mind|p2a: Gardevoir
|-boost|p2a: Gardevoir|spa|1
|-boost|p2a: Gardevoir|spd|1
|move|p1a: Gliscor|Poison Jab|p2a: Gardevoir
|-supereffective|p2a: Gardevoir
|-damage|p2a: Gardevoir|0 fnt
|faint|p2a: Gardevoir
|
|upkeep
|
|t:|1760739825
|switch|p2a: Gengar|Gengar, M, shiny|100/100
|turn|16
|
|t:|1760739832
|move|p2a: Gengar|Dazzling Gleam|p1a: Gliscor
|-resisted|p1a: Gliscor
|-damage|p1a: Gliscor|0 fnt
|faint|p1a: Gliscor
|-damage|p2a: Gengar|91/100|[from] item: Life Orb
|
|upkeep
|
|t:|1760739840
|switch|p1a: Quaquaval|Quaquaval, F|94/100
|-damage|p1a: Quaquaval|88/100|[from] Stealth Rock
|-status|p1a: Quaquaval|psn
|turn|17
|
|t:|1760739844
|move|p2a: Gengar|Thunderbolt|p1a: Quaquaval
|-supereffective|p1a: Quaquaval
|-damage|p1a: Quaquaval|0 fnt
|faint|p1a: Quaquaval
|-damage|p2a: Gengar|81/100|[from] item: Life Orb
|
|upkeep
|
|t:|1760739849
|switch|p1a: Volcanion|Volcanion|84/100
|-damage|p1a: Volcanion|59/100|[from] Stealth Rock
|-status|p1a: Volcanion|psn
|turn|18
|
|t:|1760739852
|move|p2a: Gengar|Thunderbolt|p1a: Volcanion
|-supereffective|p1a: Volcanion
|-damage|p1a: Volcanion|0 fnt
|faint|p1a: Volcanion
|-damage|p2a: Gengar|71/100|[from] item: Life Orb
|
|upkeep
|
|t:|1760739856
|switch|p1a: Rillaboom|Rillaboom, F, shiny|100/100
|-damage|p1a: Rillaboom|88/100|[from] Stealth Rock
|-status|p1a: Rillaboom|psn
|-fieldstart|move: Grassy Terrain|[from] ability: Grassy Surge|[of] p1a: Rillaboom
|turn|19
|
|t:|1760739860
|move|p2a: Gengar|Dazzling Gleam|p1a: Rillaboom
|-damage|p1a: Rillaboom|54/100 psn
|-damage|p2a: Gengar|61/100|[from] item: Life Orb
|move|p1a: Rillaboom|Drum Beating|p2a: Gengar
|-resisted|p2a: Gengar
|-damage|p2a: Gengar|10/100
|-unboost|p2a: Gengar|spe|1
|
|-heal|p2a: Gengar|17/100|[from] Grassy Terrain
|-heal|p1a: Rillaboom|60/100 psn|[from] Grassy Terrain
|-damage|p1a: Rillaboom|48/100 psn|[from] psn
|upkeep
|turn|20
|
|t:|1760739870
|move|p2a: Gengar|Shadow Ball|p1a: Rillaboom
|-damage|p1a: Rillaboom|0 fnt
|faint|p1a: Rillaboom
|-damage|p2a: Gengar|7/100|[from] item: Life Orb
|
|-heal|p2a: Gengar|13/100|[from] Grassy Terrain
|upkeep
|
|t:|1760739873
|switch|p1a: Zapdos|Zapdos, shiny|100/100
|-damage|p1a: Zapdos|76/100|[from] Stealth Rock
|turn|21
|
|t:|1760739877
|move|p1a: Zapdos|Thunder|p2a: Gengar|[miss]
|-miss|p1a: Zapdos|p2a: Gengar
|move|p2a: Gengar|Energy Ball|p1a: Zapdos
|-resisted|p1a: Zapdos
|-damage|p1a: Zapdos|39/100
|-damage|p2a: Gengar|3/100|[from] item: Life Orb
|
|-heal|p2a: Gengar|9/100|[from] Grassy Terrain
|upkeep
|turn|22
|
|t:|1760739885
|move|p1a: Zapdos|Thunder|p2a: Gengar
|-damage|p2a: Gengar|0 fnt
|-start|p1a: Zapdos|Disable|Thunder|[from] ability: Cursed Body|[of] p2a: Gengar
|faint|p2a: Gengar
|-damage|p1a: Zapdos|29/100|[from] item: Life Orb
|
|win|EustaquioSanchezz
|raw|EustaquioSanchezz's rating: 1052 &rarr; <strong>1085</strong><br />(+33 for winning)
|raw|lifeless virgin's rating: 1057 &rarr; <strong>1038</strong><br />(-19 for losing)
|l|☆lifeless virgin
|player|p2|
|l|☆EustaquioSanchezz
|player|p1|
