|j|☆rawbraines
|j|☆Venoct Master
|t:|1760805875
|gametype|singles
|player|p1|rawbraines|smasher|1215
|player|p2|Venoct Master|byron|1243
|gen|9
|tier|[Gen 9] OU
|rated|
|rule|HP Percentage Mod: HP is shown in percentages
|rule|Endless Battle Clause: Forcing endless battles is banned
|rule|Species Clause: Limit one of each Pokémon
|rule|OHKO Clause: OHKO moves are banned
|rule|Evasion Items Clause: Evasion items are banned
|rule|Evasion Moves Clause: Evasion moves are banned
|rule|Evasion Abilities Clause: Evasion abilities are banned
|rule|Sleep Moves Clause: Sleep-inducing moves are banned
|clearpoke
|poke|p1|Weezing, F|
|poke|p1|Latias, F|
|poke|p1|Meowscarada, M|
|poke|p1|Suicune|
|poke|p1|Avalugg-Hisui, M|
|poke|p1|Arcanine, M|
|poke|p2|Torkoal, M|
|poke|p2|Hatterene, F|
|poke|p2|Raging Bolt|
|poke|p2|Slither Wing|
|poke|p2|Venusaur, F|
|poke|p2|Walking Wake|
|teampreview
|
|t:|1760805881
|teamsize|p1|6
|teamsize|p2|6
|start
|switch|p1a: Avalugg|Avalugg-Hisui, M|100/100
|switch|p2a: Torkoal|Torkoal, M|100/100
|-weather|SunnyDay|[from] ability: Drought|[of] p2a: Torkoal
|turn|1
|
|t:|1760805891
|-terastallize|p1a: Avalugg|Fairy
|move|p1a: Avalugg|Stealth Rock|p2a: Torkoal
|-sidestart|p2: Venoct Master|move: Stealth Rock
|move|p2a: Torkoal|Eruption|p1a: Avalugg
|-ability|p1a: Avalugg|Sturdy
|-damage|p1a: Avalugg|1/100
|
|-weather|SunnyDay|[upkeep]
|upkeep
|turn|2
|
|t:|1760805916
|switch|p1a: Suicune|Suicune|100/100
|-ability|p1a: Suicune|Pressure
|switch|p2a: Hatterene|Hatterene, F|100/100
|-damage|p2a: Hatterene|88/100|[from] Stealth Rock
|
|-weather|SunnyDay|[upkeep]
|upkeep
|turn|3
|
|t:|1760805945
|move|p1a: Suicune|Calm Mind|p1a: Suicune
|-boost|p1a: Suicune|spa|1
|-boost|p1a: Suicune|spd|1
|move|p2a: Hatterene|Psychic Noise|p1a: Suicune
|-damage|p1a: Suicune|88/100
|-start|p1a: Suicune|move: Heal Block
|
|-weather|SunnyDay|[upkeep]
|upkeep
|turn|4
|
|t:|1760805964
|switch|p2a: Venusaur|Venusaur, F|100/100
|-damage|p2a: Venusaur|88/100|[from] Stealth Rock
|move|p1a: Suicune|Shadow Ball|p2a: Venusaur
|-damage|p2a: Venusaur|59/100
|
|-weather|SunnyDay|[upkeep]
|-end|p1a: Suicune|move: Heal Block
|upkeep
|turn|5
|
|t:|1760805978
|-terastallize|p2a: Venusaur|Fire
|move|p2a: Venusaur|Growth|p2a: Venusaur
|-boost|p2a: Venusaur|atk|2
|-boost|p2a: Venusaur|spa|2
|move|p1a: Suicune|Ice Beam|p2a: Venusaur
|-resisted|p2a: Venusaur
|-damage|p2a: Venusaur|42/100
|
|-weather|SunnyDay|[upkeep]
|-heal|p1a: Suicune|94/100|[from] item: Leftovers
|upkeep
|turn|6
|
|t:|1760805988
|move|p2a: Venusaur|Giga Drain|p1a: Suicune
|-supereffective|p1a: Suicune
|-damage|p1a: Suicune|30/100
|-heal|p2a: Venusaur|86/100|[from] drain|[of] p1a: Suicune
|-damage|p2a: Venusaur|76/100|[from] item: Life Orb
|move|p1a: Suicune|Shadow Ball|p2a: Venusaur
|-damage|p2a: Venusaur|46/100
|
|-weather|SunnyDay|[upkeep]
|-heal|p1a: Suicune|36/100|[from] item: Leftovers
|upkeep
|turn|7
|
|t:|1760805995
|move|p1a: Suicune|Protect|p1a: Suicune
|-singleturn|p1a: Suicune|Protect
|move|p2a: Venusaur|Giga Drain|p1a: Suicune
|-activate|p1a: Suicune|move: Protect
|
|-weather|SunnyDay|[upkeep]
|-heal|p1a: Suicune|42/100|[from] item: Leftovers
|upkeep
|turn|8
|
|t:|1760806018
|switch|p1a: Avalugg|Avalugg-Hisui, M, tera:Fairy|1/100
|move|p2a: Venusaur|Giga Drain|p1a: Avalugg
|-damage|p1a: Avalugg|0 fnt
|-heal|p2a: Venusaur|46/100|[from] drain|[of] p1a: Avalugg
|faint|p1a: Avalugg
|-damage|p2a: Venusaur|36/100|[from] item: Life Orb
|
|-weather|none
|upkeep
|
|t:|1760806023
|switch|p1a: Meowscarada|Meowscarada, M|100/100
|turn|9
|
|t:|1760806038
|move|p1a: Meowscarada|Knock Off|p2a: Venusaur
|-start|p1a: Meowscarada|typechange|Dark|[from] ability: Protean
|-damage|p2a: Venusaur|0 fnt
|-enditem|p2a: Venusaur|Life Orb|[from] move: Knock Off|[of] p1a: Meowscarada
|faint|p2a: Venusaur
|
|upkeep
|
|t:|1760806045
|switch|p2a: Torkoal|Torkoal, M|100/100
|-damage|p2a: Torkoal|76/100|[from] Stealth Rock
|-weather|SunnyDay|[from] ability: Drought|[of] p2a: Torkoal
|turn|10
|
|t:|1760806080
|move|p1a: Meowscarada|Knock Off|p2a: Torkoal
|-damage|p2a: Torkoal|31/100
|-enditem|p2a: Torkoal|Heat Rock|[from] move: Knock Off|[of] p1a: Meowscarada
|move|p2a: Torkoal|Stealth Rock|p1a: Meowscarada
|-sidestart|p1: rawbraines|move: Stealth Rock
|
|-weather|SunnyDay|[upkeep]
|upkeep
|turn|11
|inactive|Battle timer is ON: inactive players will automatically lose when time's up. (requested by rawbraines)
|
|t:|1760806089
|switch|p2a: Hatterene|Hatterene, F|88/100
|-damage|p2a: Hatterene|76/100|[from] Stealth Rock
|move|p1a: Meowscarada|Knock Off|p2a: Hatterene
|-damage|p2a: Hatterene|35/100
|-enditem|p2a: Hatterene|Eject Button|[from] move: Knock Off|[of] p1a: Meowscarada
|
|-weather|SunnyDay|[upkeep]
|upkeep
|turn|12
|
|t:|1760806106
|switch|p1a: Suicune|Suicune|42/100
|-damage|p1a: Suicune|30/100|[from] Stealth Rock
|-ability|p1a: Suicune|Pressure
|move|p2a: Hatterene|Healing Wish|p2a: Hatterene
|faint|p2a: Hatterene
|
|-weather|SunnyDay|[upkeep]
|-heal|p1a: Suicune|36/100|[from] item: Leftovers
|upkeep
|
|t:|1760806114
|switch|p2a: Torkoal|Torkoal, M|31/100
|-heal|p2a: Torkoal|100/100|[from] move: Healing Wish
|-damage|p2a: Torkoal|76/100|[from] Stealth Rock
|turn|13
|
|t:|1760806124
|switch|p2a: Slither Wing|Slither Wing|100/100
|-damage|p2a: Slither Wing|88/100|[from] Stealth Rock
|-activate|p2a: Slither Wing|ability: Protosynthesis
|-start|p2a: Slither Wing|protosynthesisatk
|move|p1a: Suicune|Shadow Ball|p2a: Slither Wing
|-damage|p2a: Slither Wing|77/100
|
|-weather|SunnyDay|[upkeep]
|-heal|p1a: Suicune|42/100|[from] item: Leftovers
|upkeep
|turn|14
|
|t:|1760806141
|switch|p1a: Weezing|Weezing, F|100/100
|-damage|p1a: Weezing|88/100|[from] Stealth Rock
|move|p2a: Slither Wing|First Impression|p1a: Weezing
|-resisted|p1a: Weezing
|-damage|p1a: Weezing|65/100
|-damage|p2a: Slither Wing|60/100|[from] item: Rocky Helmet|[of] p1a: Weezing
|
|-weather|SunnyDay|[upkeep]
|upkeep
|turn|15
|
|t:|1760806156
|move|p2a: Slither Wing|Earthquake|p1a: Weezing
|-immune|p1a: Weezing|[from] ability: Levitate
|move|p1a: Weezing|Toxic|p2a: Slither Wing
|-status|p2a: Slither Wing|tox
|
|-weather|SunnyDay|[upkeep]
|-damage|p2a: Slither Wing|54/100 tox|[from] psn
|upkeep
|turn|16
|
|t:|1760806168
|move|p2a: Slither Wing|U-turn|p1a: Weezing
|-resisted|p1a: Weezing
|-damage|p1a: Weezing|48/100
|-damage|p2a: Slither Wing|37/100 tox|[from] item: Rocky Helmet|[of] p1a: Weezing
|
|t:|1760806171
|-end|p2a: Slither Wing|Protosynthesis|[silent]
|switch|p2a: Walking Wake|Walking Wake|100/100|[from] U-turn
|-damage|p2a: Walking Wake|88/100|[from] Stealth Rock
|-activate|p2a: Walking Wake|ability: Protosynthesis
|-start|p2a: Walking Wake|protosynthesisspe
|move|p1a: Weezing|Toxic|p2a: Walking Wake
|-status|p2a: Walking Wake|tox
|
|-weather|SunnyDay|[upkeep]
|-damage|p2a: Walking Wake|82/100 tox|[from] psn
|upkeep
|turn|17
|
|t:|1760806190
|switch|p1a: Suicune|Suicune|42/100
|-damage|p1a: Suicune|30/100|[from] Stealth Rock
|-ability|p1a: Suicune|Pressure
|move|p2a: Walking Wake|Hydro Steam|p1a: Suicune
|-resisted|p1a: Suicune
|-damage|p1a: Suicune|10/100
|
|-weather|none
|-end|p2a: Walking Wake|Protosynthesis
|-heal|p1a: Suicune|16/100|[from] item: Leftovers
|-damage|p2a: Walking Wake|70/100 tox|[from] psn
|upkeep
|turn|18
|
|t:|1760806199
|move|p1a: Suicune|Protect|p1a: Suicune
|-singleturn|p1a: Suicune|Protect
|move|p2a: Walking Wake|Draco Meteor|p1a: Suicune
|-activate|p1a: Suicune|move: Protect
|
|-heal|p1a: Suicune|22/100|[from] item: Leftovers
|-damage|p2a: Walking Wake|51/100 tox|[from] psn
|upkeep
|turn|19
|
|t:|1760806209
|-end|p2a: Walking Wake|Protosynthesis|[silent]
|switch|p2a: Torkoal|Torkoal, M|76/100
|-damage|p2a: Torkoal|51/100|[from] Stealth Rock
|-weather|SunnyDay|[from] ability: Drought|[of] p2a: Torkoal
|move|p1a: Suicune|Protect||[still]
|-fail|p1a: Suicune
|
|-weather|SunnyDay|[upkeep]
|-heal|p1a: Suicune|28/100|[from] item: Leftovers
|upkeep
|turn|20
|
|t:|1760806215
|move|p1a: Suicune|Calm Mind|p1a: Suicune
|-boost|p1a: Suicune|spa|1
|-boost|p1a: Suicune|spd|1
|move|p2a: Torkoal|Overheat|p1a: Suicune
|-resisted|p1a: Suicune
|-damage|p1a: Suicune|14/100
|-unboost|p2a: Torkoal|spa|2
|
|-weather|SunnyDay|[upkeep]
|-heal|p1a: Suicune|21/100|[from] item: Leftovers
|upkeep
|turn|21
|
|t:|1760806229
|switch|p2a: Slither Wing|Slither Wing|37/100 tox
|-damage|p2a: Slither Wing|25/100 tox|[from] Stealth Rock
|-activate|p2a: Slither Wing|ability: Protosynthesis
|-start|p2a: Slither Wing|protosynthesisatk
|move|p1a: Suicune|Calm Mind|p1a: Suicune
|-boost|p1a: Suicune|spa|1
|-boost|p1a: Suicune|spd|1
|
|-weather|SunnyDay|[upkeep]
|-heal|p1a: Suicune|27/100|[from] item: Leftovers
|-damage|p2a: Slither Wing|19/100 tox|[from] psn
|upkeep
|turn|22
|
|t:|1760806235
|-end|p2a: Slither Wing|Protosynthesis|[silent]
|switch|p2a: Walking Wake|Walking Wake|51/100 tox
|-damage|p2a: Walking Wake|39/100 tox|[from] Stealth Rock
|-activate|p2a: Walking Wake|ability: Protosynthesis
|-start|p2a: Walking Wake|protosynthesisspe
|move|p1a: Suicune|Protect||[still]
|-fail|p1a: Suicune
|
|-weather|SunnyDay|[upkeep]
|-heal|p1a: Suicune|33/100|[from] item: Leftovers
|-damage|p2a: Walking Wake|33/100 tox|[from] psn
|upkeep
|turn|23
|
|t:|1760806244
|move|p1a: Suicune|Protect|p1a: Suicune
|-singleturn|p1a: Suicune|Protect
|move|p2a: Walking Wake|Draco Meteor|p1a: Suicune
|-activate|p1a: Suicune|move: Protect
|
|-weather|none
|-end|p2a: Walking Wake|Protosynthesis
|-heal|p1a: Suicune|39/100|[from] item: Leftovers
|-damage|p2a: Walking Wake|21/100 tox|[from] psn
|upkeep
|turn|24
|
|t:|1760806257
|move|p2a: Walking Wake|Draco Meteor|p1a: Suicune
|-damage|p1a: Suicune|18/100
|-unboost|p2a: Walking Wake|spa|2
|move|p1a: Suicune|Calm Mind|p1a: Suicune
|-boost|p1a: Suicune|spa|1
|-boost|p1a: Suicune|spd|1
|
|-heal|p1a: Suicune|24/100|[from] item: Leftovers
|-damage|p2a: Walking Wake|2/100 tox|[from] psn
|upkeep
|turn|25
|
|t:|1760806267
|move|p1a: Suicune|Protect|p1a: Suicune
|-singleturn|p1a: Suicune|Protect
|move|p2a: Walking Wake|Flip Turn|p1a: Suicune
|-activate|p1a: Suicune|move: Protect
|
|-heal|p1a: Suicune|30/100|[from] item: Leftovers
|-damage|p2a: Walking Wake|0 fnt|[from] psn
|faint|p2a: Walking Wake
|-end|p2a: Walking Wake|Protosynthesis|[silent]
|upkeep
|
|t:|1760806270
|switch|p2a: Torkoal|Torkoal, M|51/100
|-damage|p2a: Torkoal|26/100|[from] Stealth Rock
|-weather|SunnyDay|[from] ability: Drought|[of] p2a: Torkoal
|turn|26
|-message|Venoct Master forfeited.
|
|win|rawbraines
|raw|rawbraines's rating: 1215 &rarr; <strong>1242</strong><br />(+27 for winning)
|raw|Venoct Master's rating: 1243 &rarr; <strong>1216</strong><br />(-27 for losing)
|l|☆Venoct Master
|player|p2|
|l|☆rawbraines
|player|p1|
