|j|☆Cyber PunK 144
|j|‽shindig42
|t:|1760840805
|gametype|singles
|player|p1|Cyber PunK 144|marley|1351
|player|p2|shindig42|brycen|1354
|gen|9
|tier|[Gen 9] OU
|rated|
|rule|HP Percentage Mod: HP is shown in percentages
|rule|Endless Battle Clause: Forcing endless battles is banned
|rule|Species Clause: Limit one of each Pokémon
|rule|OHKO Clause: OHKO moves are banned
|rule|Evasion Items Clause: Evasion items are banned
|rule|Evasion Moves Clause: Evasion moves are banned
|rule|Evasion Abilities Clause: Evasion abilities are banned
|rule|Sleep Moves Clause: Sleep-inducing moves are banned
|clearpoke
|poke|p1|Iron Valiant|
|poke|p1|Excadrill, M|
|poke|p1|Gholdengo|
|poke|p1|Darkrai|
|poke|p1|Dragonite, M|
|poke|p1|Ogerpon-Wellspring, F|
|poke|p2|Grimmsnarl, M|
|poke|p2|Ursaluna, M|
|poke|p2|Slowbro-Galar, F|
|poke|p2|Iron Hands|
|poke|p2|Kingambit, F|
|poke|p2|Enamorus-Therian, F|
|teampreview
|inactive|Battle timer is ON: inactive players will automatically lose when time's up. (requested by shindig42)
|
|t:|1760840835
|teamsize|p1|6
|teamsize|p2|6
|start
|switch|p1a: Gholdengo|Gholdengo|100/100
|switch|p2a: Grimmsnarl|Grimmsnarl, M|100/100
|-item|p1a: Gholdengo|Air Balloon
|turn|1
|
|t:|1760840843
|switch|p2a: Kingambit|Kingambit, F|100/100
|move|p1a: Gholdengo|Make It Rain|p2a: Kingambit
|-resisted|p2a: Kingambit
|-damage|p2a: Kingambit|72/100
|-unboost|p1a: Gholdengo|spa|1
|
|upkeep
|turn|2
|inactive|Cyber PunK 144 has 120 seconds left.
|
|t:|1760840878
|switch|p1a: Excadrill|Excadrill, M, shiny|100/100
|-ability|p1a: Excadrill|Mold Breaker
|move|p2a: Kingambit|Iron Head|p1a: Excadrill
|-resisted|p1a: Excadrill
|-damage|p1a: Excadrill|69/100
|
|upkeep
|turn|3
|inactive|Cyber PunK 144 has 120 seconds left.
|-activate|p2a: Kingambit|item: Quick Claw
|
|t:|1760840894
|-terastallize|p2a: Kingambit|Flying
|move|p2a: Kingambit|Low Kick|p1a: Excadrill
|-supereffective|p1a: Excadrill
|-crit|p1a: Excadrill
|-damage|p1a: Excadrill|0 fnt
|faint|p1a: Excadrill
|
|upkeep
|inactive|Cyber PunK 144 has 120 seconds left.
|
|t:|1760840922
|switch|p1a: Dragonite|Dragonite, M, shiny|100/100
|turn|4
|
|t:|1760840932
|move|p1a: Dragonite|Ice Spinner|p2a: Kingambit
|-supereffective|p2a: Kingambit
|-damage|p2a: Kingambit|30/100
|move|p2a: Kingambit|Swords Dance|p2a: Kingambit
|-boost|p2a: Kingambit|atk|2
|
|upkeep
|turn|5
|
|t:|1760840946
|move|p1a: Dragonite|Ice Spinner|p2a: Kingambit
|-supereffective|p2a: Kingambit
|-damage|p2a: Kingambit|0 fnt
|faint|p2a: Kingambit
|-end|p2a: Kingambit|fallenundefined|[silent]
|
|upkeep
|
|t:|1760840949
|switch|p2a: Grimmsnarl|Grimmsnarl, M|100/100
|turn|6
|
|t:|1760840958
|switch|p1a: Gholdengo|Gholdengo|100/100
|-item|p1a: Gholdengo|Air Balloon
|move|p2a: Grimmsnarl|Taunt|p1a: Gholdengo
|-immune|p1a: Gholdengo|[from] ability: Good as Gold
|
|upkeep
|turn|7
|
|t:|1760840966
|move|p2a: Grimmsnarl|Light Screen|p2a: Grimmsnarl
|-sidestart|p2: shindig42|move: Light Screen
|move|p1a: Gholdengo|Nasty Plot|p1a: Gholdengo
|-boost|p1a: Gholdengo|spa|2
|
|upkeep
|turn|8
|inactive|Cyber PunK 144 has 120 seconds left.
|
|t:|1760840973
|switch|p2a: Enamorus|Enamorus-Therian, F|100/100
|move|p1a: Gholdengo|Nasty Plot|p1a: Gholdengo
|-boost|p1a: Gholdengo|spa|2
|
|upkeep
|turn|9
|
|t:|1760840979
|move|p1a: Gholdengo|Make It Rain|p2a: Enamorus
|-supereffective|p2a: Enamorus
|-damage|p2a: Enamorus|0 fnt
|-unboost|p1a: Gholdengo|spa|1
|faint|p2a: Enamorus
|
|upkeep
|
|t:|1760840989
|switch|p2a: Iron Hands|Iron Hands|100/100
|turn|10
|
|t:|1760840995
|move|p1a: Gholdengo|Dazzling Gleam|p2a: Iron Hands
|-supereffective|p2a: Iron Hands
|-damage|p2a: Iron Hands|38/100
|move|p2a: Iron Hands|Wild Charge|p1a: Gholdengo
|-damage|p1a: Gholdengo|37/100
|-enditem|p1a: Gholdengo|Air Balloon
|-damage|p2a: Iron Hands|28/100|[from] Recoil
|
|upkeep
|turn|11
|
|t:|1760841004
|move|p1a: Gholdengo|Dazzling Gleam|p2a: Iron Hands
|-supereffective|p2a: Iron Hands
|-damage|p2a: Iron Hands|0 fnt
|faint|p2a: Iron Hands
|-end|p2a: Iron Hands|Quark Drive|[silent]
|
|upkeep
|
|t:|1760841009
|switch|p2a: Ursaluna|Ursaluna, M|100/100
|turn|12
|
|t:|1760841013
|move|p1a: Gholdengo|Make It Rain|p2a: Ursaluna
|-damage|p2a: Ursaluna|31/100
|-unboost|p1a: Gholdengo|spa|1
|move|p2a: Ursaluna|Crunch|p1a: Gholdengo
|-supereffective|p1a: Gholdengo
|-damage|p1a: Gholdengo|0 fnt
|faint|p1a: Gholdengo
|
|upkeep
|
|t:|1760841039
|switch|p1a: Darkrai|Darkrai|100/100
|turn|13
|
|t:|1760841043
|move|p1a: Darkrai|Ice Beam|p2a: Ursaluna
|-supereffective|p2a: Ursaluna
|-damage|p2a: Ursaluna|0 fnt
|faint|p2a: Ursaluna
|-damage|p1a: Darkrai|91/100|[from] item: Life Orb
|
|upkeep
|
|t:|1760841047
|switch|p2a: Slowbro|Slowbro-Galar, F|100/100
|turn|14
|
|t:|1760841058
|-terastallize|p1a: Darkrai|Poison
|move|p1a: Darkrai|Dark Pulse|p2a: Slowbro
|-supereffective|p2a: Slowbro
|-damage|p2a: Slowbro|34/100
|-damage|p1a: Darkrai|81/100|[from] item: Life Orb
|move|p2a: Slowbro|Sludge Bomb|p1a: Darkrai
|-resisted|p1a: Darkrai
|-damage|p1a: Darkrai|48/100
|
|-sideend|p2: shindig42|move: Light Screen
|upkeep
|turn|15
|
|t:|1760841070
|move|p1a: Darkrai|Dark Pulse|p2a: Slowbro
|-supereffective|p2a: Slowbro
|-damage|p2a: Slowbro|0 fnt
|faint|p2a: Slowbro
|-damage|p1a: Darkrai|38/100|[from] item: Life Orb
|
|upkeep
|
|t:|1760841073
|switch|p2a: Grimmsnarl|Grimmsnarl, M|100/100
|turn|16
|
|t:|1760841079
|move|p2a: Grimmsnarl|Light Screen|p2a: Grimmsnarl
|-sidestart|p2: shindig42|move: Light Screen
|move|p1a: Darkrai|Sludge Bomb|p2a: Grimmsnarl
|-supereffective|p2a: Grimmsnarl
|-damage|p2a: Grimmsnarl|35/100
|-damage|p1a: Darkrai|29/100|[from] item: Life Orb
|
|upkeep
|turn|17
|
|t:|1760841086
|move|p1a: Darkrai|Sludge Bomb|p2a: Grimmsnarl
|-supereffective|p2a: Grimmsnarl
|-crit|p2a: Grimmsnarl
|-damage|p2a: Grimmsnarl|0 fnt
|faint|p2a: Grimmsnarl
|-damage|p1a: Darkrai|19/100|[from] item: Life Orb
|
|win|Cyber PunK 144
|raw|Cyber PunK 144's rating: 1351 &rarr; <strong>1371</strong><br />(+20 for winning)
|raw|shindig42's rating: 1354 &rarr; <strong>1334</strong><br />(-20 for losing)
|l|‽shindig42
|player|p2|
