|j|☆ZombieVomit
|j|☆Dragonking732
|t:|1760818203
|gametype|singles
|player|p1|ZombieVomit|scientist-gen4|1766
|player|p2|Dragonking732|cyrus|1702
|gen|9
|tier|[Gen 9] OU
|rated|
|rule|HP Percentage Mod: HP is shown in percentages
|rule|Endless Battle Clause: Forcing endless battles is banned
|rule|Species Clause: Limit one of each Pokémon
|rule|OHKO Clause: OHKO moves are banned
|rule|Evasion Items Clause: Evasion items are banned
|rule|Evasion Moves Clause: Evasion moves are banned
|rule|Evasion Abilities Clause: Evasion abilities are banned
|rule|Sleep Moves Clause: Sleep-inducing moves are banned
|clearpoke
|poke|p1|Ninetales-Alola, M|
|poke|p1|Klefki, F|
|poke|p1|Maushold-Four|
|poke|p1|Latias, F|
|poke|p1|Kyurem|
|poke|p1|Thundurus-Therian, M|
|poke|p2|Dragonite, F|
|poke|p2|Darkrai|
|poke|p2|Hatterene, F|
|poke|p2|Ogerpon-Wellspring, F|
|poke|p2|Heatran, M|
|poke|p2|Great Tusk|
|teampreview
|inactive|Battle timer is ON: inactive players will automatically lose when time's up. (requested by ZombieVomit)
|j| Capitaine Tenace
|
|t:|1760818216
|teamsize|p1|6
|teamsize|p2|6
|start
|switch|p1a: Klefki|Klefki, F|100/100
|switch|p2a: Heatran|Heatran, M|100/100
|-item|p2a: Heatran|Air Balloon
|turn|1
|
|t:|1760818219
|move|p1a: Klefki|Light Screen|p1a: Klefki
|-sidestart|p1: ZombieVomit|move: Light Screen
|move|p2a: Heatran|Magma Storm|p1a: Klefki
|-supereffective|p1a: Klefki
|-damage|p1a: Klefki|49/100
|-activate|p1a: Klefki|move: Magma Storm|[of] p2a: Heatran
|
|-damage|p1a: Klefki|36/100|[from] move: Magma Storm|[partiallytrapped]
|upkeep
|turn|2
|
|t:|1760818225
|switch|p2a: Ogerpon|Ogerpon-Wellspring, F|100/100
|move|p1a: Klefki|Reflect|p1a: Klefki
|-sidestart|p1: ZombieVomit|Reflect
|
|-end|p1a: Klefki|Magma Storm|[partiallytrapped]|[silent]
|upkeep
|turn|3
|
|t:|1760818230
|move|p1a: Klefki|Thunder Wave|p2a: Ogerpon
|-status|p2a: Ogerpon|par
|move|p2a: Ogerpon|Ivy Cudgel|p1a: Klefki|[anim] Ivy Cudgel Water
|-damage|p1a: Klefki|6/100
|
|upkeep
|turn|4
|
|t:|1760818234
|move|p1a: Klefki|Spikes|p2a: Ogerpon
|-sidestart|p2: Dragonking732|Spikes
|cant|p2a: Ogerpon|par
|
|upkeep
|turn|5
|
|t:|1760818238
|switch|p1a: Ninetales|Ninetales-Alola, M|100/100
|-weather|Snowscape|[from] ability: Snow Warning|[of] p1a: Ninetales
|switch|p2a: Hatterene|Hatterene, F|100/100
|-damage|p2a: Hatterene|88/100|[from] Spikes
|
|-weather|Snowscape|[upkeep]
|upkeep
|turn|6
|
|t:|1760818241
|move|p1a: Ninetales|Misty Terrain|p1a: Ninetales
|-fieldstart|move: Misty Terrain
|move|p2a: Hatterene|Nuzzle|p1a: Ninetales
|-damage|p1a: Ninetales|99/100
|
|-weather|Snowscape|[upkeep]
|upkeep
|turn|7
|
|t:|1760818246
|move|p1a: Ninetales|Aurora Veil|p1a: Ninetales
|-sidestart|p1: ZombieVomit|move: Aurora Veil
|move|p2a: Hatterene|Mystical Fire|p1a: Ninetales
|-supereffective|p1a: Ninetales
|-damage|p1a: Ninetales|69/100
|-unboost|p1a: Ninetales|spa|1
|
|-weather|Snowscape|[upkeep]
|upkeep
|turn|8
|
|t:|1760818250
|switch|p1a: Kyurem|Kyurem, shiny|100/100
|-ability|p1a: Kyurem|Pressure
|move|p2a: Hatterene|Psychic Noise|p1a: Kyurem
|-damage|p1a: Kyurem|82/100
|-start|p1a: Kyurem|move: Heal Block
|
|-weather|Snowscape|[upkeep]
|-sideend|p1: ZombieVomit|move: Light Screen
|upkeep
|turn|9
|
|t:|1760818263
|move|p1a: Kyurem|Dragon Dance|p1a: Kyurem
|-boost|p1a: Kyurem|atk|1
|-boost|p1a: Kyurem|spe|1
|move|p2a: Hatterene|Mystical Fire|p1a: Kyurem
|-damage|p1a: Kyurem|70/100
|-unboost|p1a: Kyurem|spa|1
|
|-weather|none
|-end|p1a: Kyurem|move: Heal Block
|-sideend|p1: ZombieVomit|Reflect
|upkeep
|turn|10
|
|t:|1760818268
|move|p1a: Kyurem|Icicle Spear|p2a: Hatterene
|-damage|p2a: Hatterene|66/100
|-damage|p2a: Hatterene|43/100
|-damage|p2a: Hatterene|17/100
|-damage|p2a: Hatterene|0 fnt
|faint|p2a: Hatterene
|-hitcount|p2: Hatterene|4
|
|-fieldend|Misty Terrain
|upkeep
|
|t:|1760818273
|switch|p2a: Darkrai|Darkrai|100/100
|-damage|p2a: Darkrai|88/100|[from] Spikes
|turn|11
|
|t:|1760818275
|move|p2a: Darkrai|Trick|p1a: Kyurem
|-activate|p2a: Darkrai|move: Trick|[of] p1a: Kyurem
|-item|p1a: Kyurem|Choice Scarf|[from] move: Trick
|-item|p2a: Darkrai|Loaded Dice|[from] move: Trick
|move|p1a: Kyurem|Icicle Spear|p2a: Darkrai
|-damage|p2a: Darkrai|60/100
|-damage|p2a: Darkrai|30/100
|-damage|p2a: Darkrai|2/100
|-hitcount|p2a: Darkrai|3
|
|upkeep
|turn|12
|
|t:|1760818288
|switch|p2a: Heatran|Heatran, M|100/100
|-item|p2a: Heatran|Air Balloon
|move|p1a: Kyurem|Icicle Spear|p2a: Heatran
|-resisted|p2a: Heatran
|-damage|p2a: Heatran|96/100
|-enditem|p2a: Heatran|Air Balloon
|-resisted|p2a: Heatran
|-damage|p2a: Heatran|91/100
|-resisted|p2a: Heatran
|-damage|p2a: Heatran|86/100
|-hitcount|p2a: Heatran|3
|
|upkeep
|turn|13
|
|t:|1760818308
|move|p1a: Kyurem|Icicle Spear|p2a: Heatran
|-resisted|p2a: Heatran
|-damage|p2a: Heatran|82/100
|-resisted|p2a: Heatran
|-damage|p2a: Heatran|78/100
|-resisted|p2a: Heatran
|-crit|p2a: Heatran
|-damage|p2a: Heatran|71/100
|-hitcount|p2a: Heatran|3
|move|p2a: Heatran|Stealth Rock|p1a: Kyurem
|-sidestart|p1: ZombieVomit|move: Stealth Rock
|
|upkeep
|turn|14
|
|t:|1760818313
|move|p1a: Kyurem|Icicle Spear|p2a: Heatran
|-resisted|p2a: Heatran
|-damage|p2a: Heatran|66/100
|-resisted|p2a: Heatran
|-damage|p2a: Heatran|62/100
|-resisted|p2a: Heatran
|-damage|p2a: Heatran|57/100
|-hitcount|p2a: Heatran|3
|move|p2a: Heatran|Magma Storm|p1a: Kyurem
|-damage|p1a: Kyurem|51/100
|-activate|p1a: Kyurem|move: Magma Storm|[of] p2a: Heatran
|
|-damage|p1a: Kyurem|39/100|[from] move: Magma Storm|[partiallytrapped]
|-sideend|p1: ZombieVomit|move: Aurora Veil
|upkeep
|turn|15
|
|t:|1760818317
|move|p1a: Kyurem|Icicle Spear|p2a: Heatran
|-resisted|p2a: Heatran
|-damage|p2a: Heatran|53/100
|-resisted|p2a: Heatran
|-damage|p2a: Heatran|48/100
|-resisted|p2a: Heatran
|-damage|p2a: Heatran|44/100
|-resisted|p2a: Heatran
|-damage|p2a: Heatran|39/100
|-resisted|p2a: Heatran
|-damage|p2a: Heatran|34/100
|-hitcount|p2a: Heatran|5
|move|p2a: Heatran|Magma Storm|p1a: Kyurem
|-damage|p1a: Kyurem|0 fnt
|faint|p1a: Kyurem
|
|upkeep
|
|t:|1760818319
|switch|p1a: Ninetales|Ninetales-Alola, M|69/100
|-damage|p1a: Ninetales|44/100|[from] Stealth Rock
|-weather|Snowscape|[from] ability: Snow Warning|[of] p1a: Ninetales
|turn|16
|
|t:|1760818323
|move|p1a: Ninetales|Aurora Veil|p1a: Ninetales
|-sidestart|p1: ZombieVomit|move: Aurora Veil
|move|p2a: Heatran|Taunt|p1a: Ninetales
|-start|p1a: Ninetales|move: Taunt
|
|-weather|Snowscape|[upkeep]
|upkeep
|turn|17
|
|t:|1760818329
|switch|p1a: Klefki|Klefki, F|6/100
|-damage|p1a: Klefki|0 fnt|[from] Stealth Rock
|faint|p1a: Klefki
|move|p2a: Heatran|Taunt|p1: Klefki|[notarget]
|-fail|p2a: Heatran
|
|-weather|Snowscape|[upkeep]
|upkeep
|
|t:|1760818338
|switch|p1a: Thundurus|Thundurus-Therian, M|100/100
|turn|18
|
|t:|1760818344
|move|p1a: Thundurus|Discharge|p2a: Heatran
|-damage|p2a: Heatran|2/100
|-status|p2a: Heatran|par
|cant|p2a: Heatran|par
|
|-weather|Snowscape|[upkeep]
|upkeep
|turn|19
|
|t:|1760818351
|move|p1a: Thundurus|Nasty Plot|p1a: Thundurus
|-boost|p1a: Thundurus|spa|2
|move|p2a: Heatran|Magma Storm|p1a: Thundurus
|-damage|p1a: Thundurus|73/100
|-activate|p1a: Thundurus|move: Magma Storm|[of] p2a: Heatran
|
|-weather|Snowscape|[upkeep]
|-damage|p1a: Thundurus|61/100|[from] move: Magma Storm|[partiallytrapped]
|upkeep
|turn|20
|
|t:|1760818355
|move|p1a: Thundurus|Agility|p1a: Thundurus
|-boost|p1a: Thundurus|spe|2
|cant|p2a: Heatran|par
|
|-weather|none
|-damage|p1a: Thundurus|48/100|[from] move: Magma Storm|[partiallytrapped]
|upkeep
|turn|21
|
|t:|1760818359
|move|p1a: Thundurus|Discharge|p2a: Heatran
|-damage|p2a: Heatran|0 fnt
|faint|p2a: Heatran
|
|-end|p1a: Thundurus|Magma Storm|[partiallytrapped]|[silent]
|upkeep
|
|t:|1760818367
|switch|p2a: Ogerpon|Ogerpon-Wellspring, F|100/100 par
|-damage|p2a: Ogerpon|88/100 par|[from] Spikes
|turn|22
|
|t:|1760818372
|switch|p2a: Darkrai|Darkrai|2/100
|-damage|p2a: Darkrai|0 fnt|[from] Spikes
|faint|p2a: Darkrai
|move|p1a: Thundurus|Discharge|p2: Darkrai|[notarget]
|-fail|p1a: Thundurus
|
|upkeep
|
|t:|1760818377
|switch|p2a: Ogerpon|Ogerpon-Wellspring, F|88/100 par
|-damage|p2a: Ogerpon|76/100 par|[from] Spikes
|turn|23
|
|t:|1760818379
|move|p1a: Thundurus|Discharge|p2a: Ogerpon
|-damage|p2a: Ogerpon|0 fnt
|faint|p2a: Ogerpon
|
|-sideend|p1: ZombieVomit|move: Aurora Veil
|upkeep
|
|t:|1760818382
|switch|p2a: Dragonite|Dragonite, F|100/100
|turn|24
|
|t:|1760818388
|-terastallize|p2a: Dragonite|Fairy
|move|p1a: Thundurus|Discharge|p2a: Dragonite
|-damage|p2a: Dragonite|68/100
|move|p2a: Dragonite|Tera Blast|p1a: Thundurus|[anim] Tera Blast Fairy
|-damage|p1a: Thundurus|9/100
|
|upkeep
|turn|25
|
|t:|1760818394
|move|p1a: Thundurus|Discharge|p2a: Dragonite
|-damage|p2a: Dragonite|0 fnt
|faint|p2a: Dragonite
|
|upkeep
|
|t:|1760818397
|switch|p2a: Great Tusk|Great Tusk|100/100
|turn|26
|c|☆ZombieVomit|gg
|c| Capitaine Tenace|gg zombie
|-message|Dragonking732 forfeited.
|
|win|ZombieVomit
|raw|ZombieVomit's rating: 1766 &rarr; <strong>1782</strong><br />(+16 for winning)
|raw|Dragonking732's rating: 1702 &rarr; <strong>1686</strong><br />(-16 for losing)
|l|☆Dragonking732
|player|p2|
|c|☆ZombieVomit|lmao
|c|☆ZombieVomit|goated
