|j|☆jkuo9
|j|☆YinToYang
|t:|1760762642
|gametype|singles
|player|p1|jkuo9|265|1251
|player|p2|YinToYang|n|1242
|gen|9
|tier|[Gen 9] OU
|rated|
|rule|HP Percentage Mod: HP is shown in percentages
|rule|Endless Battle Clause: Forcing endless battles is banned
|rule|Species Clause: Limit one of each Pokémon
|rule|OHKO Clause: OHKO moves are banned
|rule|Evasion Items Clause: Evasion items are banned
|rule|Evasion Moves Clause: Evasion moves are banned
|rule|Evasion Abilities Clause: Evasion abilities are banned
|rule|Sleep Moves Clause: Sleep-inducing moves are banned
|clearpoke
|poke|p1|Iron Valiant|
|poke|p1|Gliscor, F|
|poke|p1|Great Tusk|
|poke|p1|Dragapult, M|
|poke|p1|Slowking-Galar, F|
|poke|p1|Skarmory, F|
|poke|p2|Torkoal, M|
|poke|p2|Slither Wing|
|poke|p2|Raging Bolt|
|poke|p2|Walking Wake|
|poke|p2|Lilligant-Hisui, F|
|poke|p2|Great Tusk|
|teampreview
|
|t:|1760762647
|teamsize|p1|6
|teamsize|p2|6
|start
|switch|p1a: Slowking|Slowking-Galar, F|100/100
|switch|p2a: Torkoal|Torkoal, M|100/100
|-weather|SunnyDay|[from] ability: Drought|[of] p2a: Torkoal
|turn|1
|
|t:|1760762653
|move|p2a: Torkoal|Stealth Rock|p1a: Slowking
|-sidestart|p1: jkuo9|move: Stealth Rock
|move|p1a: Slowking|Toxic|p2a: Torkoal
|-status|p2a: Torkoal|tox
|
|-weather|SunnyDay|[upkeep]
|-damage|p2a: Torkoal|94/100 tox|[from] psn
|upkeep
|turn|2
|
|t:|1760762656
|move|p2a: Torkoal|Weather Ball|p1a: Slowking
|-damage|p1a: Slowking|75/100
|-prepare|p1a: Slowking|Chilly Reception|[premajor]
|move|p1a: Slowking|Chilly Reception|p1a: Slowking
|-weather|Snowscape
|
|t:|1760762669
|switch|p1a: Gliscor|Gliscor, F|100/100|[from] Chilly Reception
|-damage|p1a: Gliscor|88/100|[from] Stealth Rock
|
|-weather|Snowscape|[upkeep]
|-damage|p2a: Torkoal|82/100 tox|[from] psn
|-status|p1a: Gliscor|tox|[from] item: Toxic Orb
|upkeep
|turn|3
|
|t:|1760762673
|move|p1a: Gliscor|Knock Off|p2a: Torkoal
|-damage|p2a: Torkoal|65/100 tox
|-enditem|p2a: Torkoal|Heat Rock|[from] move: Knock Off|[of] p1a: Gliscor
|move|p2a: Torkoal|Weather Ball|p1a: Gliscor
|-supereffective|p1a: Gliscor
|-damage|p1a: Gliscor|21/100 tox
|
|-weather|Snowscape|[upkeep]
|-heal|p1a: Gliscor|33/100 tox|[from] ability: Poison Heal
|-damage|p2a: Torkoal|46/100 tox|[from] psn
|upkeep
|turn|4
|
|t:|1760762683
|switch|p2a: Walking Wake|Walking Wake|100/100
|move|p1a: Gliscor|Protect||[still]
|-fail|p1a: Gliscor
|
|-weather|Snowscape|[upkeep]
|-heal|p1a: Gliscor|46/100 tox|[from] ability: Poison Heal
|upkeep
|turn|5
|
|t:|1760762694
|switch|p1a: Slowking|Slowking-Galar, F|100/100
|move|p2a: Walking Wake|Weather Ball|p1a: Slowking
|-damage|p1a: Slowking|79/100
|
|-weather|Snowscape|[upkeep]
|upkeep
|turn|6
|
|t:|1760762706
|-end|p2a: Walking Wake|Protosynthesis|[silent]
|switch|p2a: Torkoal|Torkoal, M|46/100 tox
|-weather|SunnyDay|[from] ability: Drought|[of] p2a: Torkoal
|move|p1a: Slowking|Sludge Bomb|p2a: Torkoal
|-damage|p2a: Torkoal|16/100 tox
|
|-weather|SunnyDay|[upkeep]
|-damage|p2a: Torkoal|10/100 tox|[from] psn
|upkeep
|turn|7
|
|t:|1760762716
|switch|p2a: Slither Wing|Slither Wing|100/100
|-activate|p2a: Slither Wing|ability: Protosynthesis
|-start|p2a: Slither Wing|protosynthesisatk
|-prepare|p1a: Slowking|Chilly Reception|[premajor]
|move|p1a: Slowking|Chilly Reception|p1a: Slowking
|-weather|Snowscape
|-end|p2a: Slither Wing|Protosynthesis
|
|t:|1760762721
|switch|p1a: Gliscor|Gliscor, F|46/100 tox|[from] Chilly Reception
|-damage|p1a: Gliscor|33/100 tox|[from] Stealth Rock
|
|-weather|Snowscape|[upkeep]
|-heal|p1a: Gliscor|46/100 tox|[from] ability: Poison Heal
|upkeep
|turn|8
|
|t:|1760762734
|move|p1a: Gliscor|Protect|p1a: Gliscor
|-singleturn|p1a: Gliscor|Protect
|move|p2a: Slither Wing|U-turn|p1a: Gliscor
|-activate|p1a: Gliscor|move: Protect
|
|-weather|Snowscape|[upkeep]
|-heal|p1a: Gliscor|58/100 tox|[from] ability: Poison Heal
|upkeep
|turn|9
|
|t:|1760762754
|-end|p2a: Slither Wing|Protosynthesis|[silent]
|switch|p2a: Walking Wake|Walking Wake|100/100
|switch|p1a: Skarmory|Skarmory, F|100/100
|-damage|p1a: Skarmory|88/100|[from] Stealth Rock
|
|-weather|Snowscape|[upkeep]
|upkeep
|turn|10
|
|t:|1760762765
|-end|p2a: Walking Wake|Protosynthesis|[silent]
|switch|p2a: Torkoal|Torkoal, M|10/100 tox
|-weather|SunnyDay|[from] ability: Drought|[of] p2a: Torkoal
|switch|p1a: Slowking|Slowking-Galar, F|100/100
|
|-weather|SunnyDay|[upkeep]
|-damage|p2a: Torkoal|4/100 tox|[from] psn
|upkeep
|turn|11
|
|t:|1760762780
|switch|p2a: Great Tusk|Great Tusk|100/100
|-activate|p2a: Great Tusk|ability: Protosynthesis
|-start|p2a: Great Tusk|protosynthesisdef
|-prepare|p1a: Slowking|Chilly Reception|[premajor]
|move|p1a: Slowking|Chilly Reception|p1a: Slowking
|-weather|Snowscape
|-end|p2a: Great Tusk|Protosynthesis
|
|t:|1760762784
|switch|p1a: Great Tusk|Great Tusk|100/100|[from] Chilly Reception
|
|-weather|Snowscape|[upkeep]
|upkeep
|turn|12
|
|t:|1760762788
|move|p1a: Great Tusk|Rapid Spin|p2a: Great Tusk
|-damage|p2a: Great Tusk|92/100
|-boost|p1a: Great Tusk|spe|1
|-sideend|p1: jkuo9|Stealth Rock|[from] move: Rapid Spin|[of] p1a: Great Tusk
|move|p2a: Great Tusk|Ice Spinner|p1a: Great Tusk
|-supereffective|p1a: Great Tusk
|-damage|p1a: Great Tusk|67/100
|
|-weather|Snowscape|[upkeep]
|upkeep
|turn|13
|
|t:|1760762794
|-end|p2a: Great Tusk|Protosynthesis|[silent]
|switch|p2a: Torkoal|Torkoal, M|4/100 tox
|-weather|SunnyDay|[from] ability: Drought|[of] p2a: Torkoal
|-activate|p1a: Great Tusk|ability: Protosynthesis
|-start|p1a: Great Tusk|protosynthesisspe
|move|p1a: Great Tusk|Stealth Rock|p2a: Torkoal
|-sidestart|p2: YinToYang|move: Stealth Rock
|
|-weather|SunnyDay|[upkeep]
|-damage|p2a: Torkoal|0 fnt|[from] psn
|faint|p2a: Torkoal
|upkeep
|
|t:|1760762798
|switch|p2a: Lilligant|Lilligant-Hisui, F|100/100
|-damage|p2a: Lilligant|94/100|[from] Stealth Rock
|turn|14
|inactive|Battle timer is ON: inactive players will automatically lose when time's up. (requested by jkuo9)
|
|t:|1760762803
|-end|p1a: Great Tusk|Protosynthesis|[silent]
|switch|p1a: Skarmory|Skarmory, F|88/100
|move|p2a: Lilligant|Swords Dance|p2a: Lilligant
|-boost|p2a: Lilligant|atk|2
|
|-weather|SunnyDay|[upkeep]
|upkeep
|turn|15
|
|t:|1760762811
|move|p2a: Lilligant|Close Combat|p1a: Skarmory
|-damage|p1a: Skarmory|23/100
|-unboost|p2a: Lilligant|def|1
|-unboost|p2a: Lilligant|spd|1
|-damage|p2a: Lilligant|78/100|[from] item: Rocky Helmet|[of] p1a: Skarmory
|move|p1a: Skarmory|Whirlwind|p2a: Lilligant
|drag|p2a: Great Tusk|Great Tusk|92/100
|-damage|p2a: Great Tusk|89/100|[from] Stealth Rock
|-activate|p2a: Great Tusk|ability: Protosynthesis
|-start|p2a: Great Tusk|protosynthesisdef
|
|-weather|SunnyDay|[upkeep]
|upkeep
|turn|16
|
|t:|1760762816
|move|p2a: Great Tusk|Rapid Spin|p1a: Skarmory
|-resisted|p1a: Skarmory
|-damage|p1a: Skarmory|19/100
|-boost|p2a: Great Tusk|spe|1
|-damage|p2a: Great Tusk|72/100|[from] item: Rocky Helmet|[of] p1a: Skarmory
|-sideend|p2: YinToYang|Stealth Rock|[from] move: Rapid Spin|[of] p2a: Great Tusk
|move|p1a: Skarmory|Roost|p1a: Skarmory
|-heal|p1a: Skarmory|69/100
|-singleturn|p1a: Skarmory|move: Roost
|
|-weather|SunnyDay|[upkeep]
|upkeep
|turn|17
|
|t:|1760762825
|move|p2a: Great Tusk|Close Combat|p1a: Skarmory
|-damage|p1a: Skarmory|39/100
|-unboost|p2a: Great Tusk|def|1
|-unboost|p2a: Great Tusk|spd|1
|-damage|p2a: Great Tusk|55/100|[from] item: Rocky Helmet|[of] p1a: Skarmory
|move|p1a: Skarmory|Roost|p1a: Skarmory
|-heal|p1a: Skarmory|89/100
|-singleturn|p1a: Skarmory|move: Roost
|
|-weather|none
|-end|p2a: Great Tusk|Protosynthesis
|upkeep
|turn|18
|
|t:|1760762831
|-end|p2a: Great Tusk|Protosynthesis|[silent]
|switch|p2a: Raging Bolt|Raging Bolt|100/100
|move|p1a: Skarmory|Spikes|p2a: Raging Bolt
|-sidestart|p2: YinToYang|Spikes
|
|upkeep
|turn|19
|
|t:|1760762836
|switch|p1a: Slowking|Slowking-Galar, F|100/100
|move|p2a: Raging Bolt|Draco Meteor|p1a: Slowking
|-damage|p1a: Slowking|52/100
|-unboost|p2a: Raging Bolt|spa|2
|
|upkeep
|turn|20
|
|t:|1760762843
|-end|p2a: Raging Bolt|Protosynthesis|[silent]
|switch|p2a: Lilligant|Lilligant-Hisui, F|78/100
|-damage|p2a: Lilligant|66/100|[from] Spikes
|move|p1a: Slowking|Toxic|p2a: Lilligant
|-status|p2a: Lilligant|tox
|
|-damage|p2a: Lilligant|60/100 tox|[from] psn
|upkeep
|turn|21
|
|t:|1760762852
|switch|p1a: Skarmory|Skarmory, F|89/100
|move|p2a: Lilligant|Swords Dance|p2a: Lilligant
|-boost|p2a: Lilligant|atk|2
|
|-damage|p2a: Lilligant|47/100 tox|[from] psn
|upkeep
|turn|22
|
|t:|1760762860
|move|p2a: Lilligant|Close Combat|p1a: Skarmory
|-damage|p1a: Skarmory|23/100
|-unboost|p2a: Lilligant|def|1
|-unboost|p2a: Lilligant|spd|1
|-damage|p2a: Lilligant|31/100 tox|[from] item: Rocky Helmet|[of] p1a: Skarmory
|move|p1a: Skarmory|Roost|p1a: Skarmory
|-heal|p1a: Skarmory|73/100
|-singleturn|p1a: Skarmory|move: Roost
|
|-damage|p2a: Lilligant|13/100 tox|[from] psn
|upkeep
|turn|23
|
|t:|1760762868
|move|p2a: Lilligant|Close Combat|p1a: Skarmory
|-damage|p1a: Skarmory|2/100
|-unboost|p2a: Lilligant|def|1
|-unboost|p2a: Lilligant|spd|1
|-damage|p2a: Lilligant|0 fnt|[from] item: Rocky Helmet|[of] p1a: Skarmory
|faint|p2a: Lilligant
|move|p1a: Skarmory|Roost|p1a: Skarmory
|-heal|p1a: Skarmory|52/100
|-singleturn|p1a: Skarmory|move: Roost
|
|upkeep
|
|t:|1760762873
|switch|p2a: Raging Bolt|Raging Bolt|100/100
|-damage|p2a: Raging Bolt|88/100|[from] Spikes
|turn|24
|
|t:|1760762897
|switch|p1a: Gliscor|Gliscor, F|58/100 tox
|move|p2a: Raging Bolt|Thunderbolt|p1a: Gliscor
|-immune|p1a: Gliscor
|
|-heal|p1a: Gliscor|71/100 tox|[from] ability: Poison Heal
|upkeep
|turn|25
|
|t:|1760762904
|move|p1a: Gliscor|Protect|p1a: Gliscor
|-singleturn|p1a: Gliscor|Protect
|move|p2a: Raging Bolt|Draco Meteor|p1a: Gliscor
|-activate|p1a: Gliscor|move: Protect
|
|-heal|p1a: Gliscor|83/100 tox|[from] ability: Poison Heal
|upkeep
|turn|26
|
|t:|1760762913
|-end|p2a: Raging Bolt|Protosynthesis|[silent]
|switch|p2a: Great Tusk|Great Tusk|55/100
|-damage|p2a: Great Tusk|43/100|[from] Spikes
|move|p1a: Gliscor|Earthquake|p2a: Great Tusk
|-damage|p2a: Great Tusk|27/100
|
|-heal|p1a: Gliscor|96/100 tox|[from] ability: Poison Heal
|upkeep
|turn|27
|
|t:|1760762922
|move|p1a: Gliscor|Protect|p1a: Gliscor
|-singleturn|p1a: Gliscor|Protect
|move|p2a: Great Tusk|Rapid Spin|p1a: Gliscor
|-activate|p1a: Gliscor|move: Protect
|
|-heal|p1a: Gliscor|100/100 tox|[from] ability: Poison Heal
|upkeep
|turn|28
|
|t:|1760762927
|switch|p1a: Dragapult|Dragapult, M|100/100
|move|p2a: Great Tusk|Rapid Spin|p1a: Dragapult
|-immune|p1a: Dragapult
|
|upkeep
|turn|29
|
|t:|1760762933
|move|p1a: Dragapult|Dragon Darts|p2a: Great Tusk
|-damage|p2a: Great Tusk|17/100
|-anim|p1a: Dragapult|Dragon Darts|p2a: Great Tusk
|-damage|p2a: Great Tusk|7/100
|move|p2a: Great Tusk|Ice Spinner|p1a: Dragapult
|-supereffective|p1a: Dragapult
|-damage|p1a: Dragapult|31/100
|
|upkeep
|turn|30
|
|t:|1760762939
|move|p1a: Dragapult|Dragon Darts|p2a: Great Tusk
|-damage|p2a: Great Tusk|0 fnt
|faint|p2a: Great Tusk
|-end|p2a: Great Tusk|Protosynthesis|[silent]
|
|upkeep
|
|t:|1760762941
|switch|p2a: Slither Wing|Slither Wing|100/100
|-damage|p2a: Slither Wing|88/100|[from] Spikes
|turn|31
|
|t:|1760762948
|switch|p1a: Slowking|Slowking-Galar, F|85/100
|move|p2a: Slither Wing|Flare Blitz|p1a: Slowking
|-damage|p1a: Slowking|18/100
|-damage|p2a: Slither Wing|60/100|[from] Recoil
|
|upkeep
|turn|32
|
|t:|1760762959
|switch|p1a: Skarmory|Skarmory, F|52/100
|move|p2a: Slither Wing|Flare Blitz|p1a: Skarmory
|-supereffective|p1a: Skarmory
|-damage|p1a: Skarmory|0 fnt
|-damage|p2a: Slither Wing|44/100|[from] item: Rocky Helmet|[of] p1a: Skarmory
|faint|p1a: Skarmory
|-damage|p2a: Slither Wing|25/100|[from] Recoil
|
|upkeep
|
|t:|1760762971
|switch|p1a: Iron Valiant|Iron Valiant|100/100
|turn|33
|
|t:|1760762977
|move|p1a: Iron Valiant|Moonblast|p2a: Slither Wing
|-supereffective|p2a: Slither Wing
|-damage|p2a: Slither Wing|0 fnt
|faint|p2a: Slither Wing
|-end|p2a: Slither Wing|Protosynthesis|[silent]
|
|upkeep
|
|t:|1760762979
|switch|p2a: Walking Wake|Walking Wake|100/100
|-damage|p2a: Walking Wake|88/100|[from] Spikes
|turn|34
|
|t:|1760762984
|move|p2a: Walking Wake|Hurricane|p1a: Iron Valiant
|-supereffective|p1a: Iron Valiant
|-damage|p1a: Iron Valiant|0 fnt
|faint|p1a: Iron Valiant
|-end|p1a: Iron Valiant|Quark Drive|[silent]
|
|upkeep
|
|t:|1760762990
|switch|p1a: Dragapult|Dragapult, M|31/100
|turn|35
|
|t:|1760762993
|move|p2a: Walking Wake|Hurricane|p1a: Dragapult
|-damage|p1a: Dragapult|0 fnt
|faint|p1a: Dragapult
|
|upkeep
|
|t:|1760763005
|switch|p1a: Slowking|Slowking-Galar, F|51/100
|turn|36
|
|t:|1760763008
|switch|p1a: Gliscor|Gliscor, F|100/100 tox
|move|p2a: Walking Wake|Hurricane|p1a: Gliscor
|-damage|p1a: Gliscor|70/100 tox
|
|-heal|p1a: Gliscor|83/100 tox|[from] ability: Poison Heal
|upkeep
|turn|37
|
|t:|1760763014
|-end|p2a: Walking Wake|Protosynthesis|[silent]
|switch|p2a: Raging Bolt|Raging Bolt|88/100
|-damage|p2a: Raging Bolt|76/100|[from] Spikes
|move|p1a: Gliscor|Knock Off|p2a: Raging Bolt
|-damage|p2a: Raging Bolt|58/100
|-enditem|p2a: Raging Bolt|Throat Spray|[from] move: Knock Off|[of] p1a: Gliscor
|
|-heal|p1a: Gliscor|95/100 tox|[from] ability: Poison Heal
|upkeep
|turn|38
|
|t:|1760763024
|move|p1a: Gliscor|U-turn|p2a: Raging Bolt
|-damage|p2a: Raging Bolt|46/100
|
|t:|1760763026
|switch|p1a: Slowking|Slowking-Galar, F|84/100|[from] U-turn
|move|p2a: Raging Bolt|Draco Meteor|p1a: Slowking
|-damage|p1a: Slowking|39/100
|-unboost|p2a: Raging Bolt|spa|2
|
|upkeep
|turn|39
|
|t:|1760763035
|move|p2a: Raging Bolt|Thunderbolt|p1a: Slowking
|-damage|p1a: Slowking|24/100
|-status|p1a: Slowking|par
|cant|p1a: Slowking|par
|
|upkeep
|turn|40
|
|t:|1760763045
|switch|p1a: Gliscor|Gliscor, F|95/100 tox
|move|p2a: Raging Bolt|Thunderbolt|p1a: Gliscor
|-immune|p1a: Gliscor
|
|-heal|p1a: Gliscor|100/100 tox|[from] ability: Poison Heal
|upkeep
|turn|41
|
|t:|1760763054
|-end|p2a: Raging Bolt|Protosynthesis|[silent]
|switch|p2a: Walking Wake|Walking Wake|88/100
|-damage|p2a: Walking Wake|76/100|[from] Spikes
|move|p1a: Gliscor|Earthquake|p2a: Walking Wake
|-damage|p2a: Walking Wake|42/100
|
|upkeep
|turn|42
|
|t:|1760763061
|-terastallize|p2a: Walking Wake|Water
|-terastallize|p1a: Gliscor|Dragon
|move|p2a: Walking Wake|Hydro Steam|p1a: Gliscor
|-resisted|p1a: Gliscor
|-damage|p1a: Gliscor|78/100 tox
|move|p1a: Gliscor|Knock Off|p2a: Walking Wake
|-damage|p2a: Walking Wake|17/100
|-enditem|p2a: Walking Wake|Choice Scarf|[from] move: Knock Off|[of] p1a: Gliscor
|
|-heal|p1a: Gliscor|90/100 tox|[from] ability: Poison Heal
|upkeep
|turn|43
|
|t:|1760763073
|move|p2a: Walking Wake|Draco Meteor|p1a: Gliscor|[miss]
|-miss|p2a: Walking Wake|p1a: Gliscor
|move|p1a: Gliscor|U-turn|p2a: Walking Wake
|-damage|p2a: Walking Wake|0 fnt
|faint|p2a: Walking Wake
|-end|p2a: Walking Wake|Protosynthesis|[silent]
|
|t:|1760763082
|switch|p1a: Great Tusk|Great Tusk|67/100|[from] U-turn
|
|upkeep
|-message|YinToYang forfeited.
|
|win|jkuo9
|raw|jkuo9's rating: 1251 &rarr; <strong>1275</strong><br />(+24 for winning)
|raw|YinToYang's rating: 1242 &rarr; <strong>1218</strong><br />(-24 for losing)
|l|☆YinToYang
|player|p2|
