|badge|p2|silver|gen9ou|30-7
|uhtml|medal-msg|<div class="broadcast-blue">Curious what those medals under the avatar are? PS now has Ladder Seasons! For more information, check out the <a href="https://www.smogon.com/forums/threads/3740067/">thread on Smogon.</a></div>
|j|☆rookie22
|j|☆jeandonis02
|t:|1760884368
|gametype|singles
|player|p1|rookie22|iris-gen5bw2|1674
|player|p2|jeandonis02|lucas|1923
|gen|9
|tier|[Gen 9] OU
|rated|
|rule|HP Percentage Mod: HP is shown in percentages
|rule|Endless Battle Clause: Forcing endless battles is banned
|rule|Species Clause: Limit one of each Pokémon
|rule|OHKO Clause: OHKO moves are banned
|rule|Evasion Items Clause: Evasion items are banned
|rule|Evasion Moves Clause: Evasion moves are banned
|rule|Evasion Abilities Clause: Evasion abilities are banned
|rule|Sleep Moves Clause: Sleep-inducing moves are banned
|clearpoke
|poke|p1|Dragonite, M|
|poke|p1|Meowscarada, F|
|poke|p1|Keldeo|
|poke|p1|Iron Crown|
|poke|p1|Raging Bolt|
|poke|p1|Great Tusk|
|poke|p2|Garchomp, M|
|poke|p2|Ditto|
|poke|p2|Ceruledge, M|
|poke|p2|Great Tusk|
|poke|p2|Dragapult, M|
|poke|p2|Toxapex, F|
|teampreview
|inactive|Battle timer is ON: inactive players will automatically lose when time's up. (requested by rookie22)
|
|t:|1760884378
|teamsize|p1|6
|teamsize|p2|6
|start
|switch|p1a: Great Tusk|Great Tusk|100/100
|switch|p2a: Ditto|Ditto|100/100
|-transform|p2a: Ditto|p1a: Great Tusk|[from] ability: Imposter
|turn|1
|
|t:|1760884387
|move|p2a: Ditto|Ice Spinner|p1a: Great Tusk
|-supereffective|p1a: Great Tusk
|-crit|p1a: Great Tusk
|-damage|p1a: Great Tusk|47/100
|move|p1a: Great Tusk|Earthquake|p2a: Ditto
|-damage|p2a: Ditto|52/100
|
|-heal|p1a: Great Tusk|53/100|[from] item: Leftovers
|upkeep
|turn|2
|
|t:|1760884393
|-end|p1a: Great Tusk|Protosynthesis|[silent]
|switch|p1a: Lisan Al Gaib|Keldeo|100/100
|move|p2a: Ditto|Ice Spinner|p1a: Lisan Al Gaib
|-resisted|p1a: Lisan Al Gaib
|-damage|p1a: Lisan Al Gaib|82/100
|
|upkeep
|turn|3
|
|t:|1760884400
|-end|p2a: Ditto|Protosynthesis|[silent]
|switch|p2a: Toxapex|Toxapex, F|100/100
|switch|p1a: Bene Gesserit|Iron Crown|100/100
|
|upkeep
|turn|4
|
|t:|1760884404
|switch|p2a: Ditto|Ditto|52/100
|-transform|p2a: Ditto|p1a: Bene Gesserit|[from] ability: Imposter
|move|p1a: Bene Gesserit|Psyshock|p2a: Ditto
|-resisted|p2a: Ditto
|-damage|p2a: Ditto|40/100
|
|upkeep
|turn|5
|
|t:|1760884411
|move|p2a: Ditto|Focus Blast|p1a: Bene Gesserit
|-damage|p1a: Bene Gesserit|72/100
|-unboost|p1a: Bene Gesserit|spd|1
|move|p1a: Bene Gesserit|Tachyon Cutter|p2a: Ditto
|-resisted|p2a: Ditto
|-damage|p2a: Ditto|28/100
|-resisted|p2a: Ditto
|-damage|p2a: Ditto|14/100
|-hitcount|p2a: Ditto|2
|
|upkeep
|turn|6
|
|t:|1760884423
|-end|p1a: Bene Gesserit|Quark Drive|[silent]
|switch|p1a: Raging Bolt|Raging Bolt|100/100
|move|p2a: Ditto|Focus Blast|p1a: Raging Bolt
|-damage|p1a: Raging Bolt|62/100
|
|-heal|p1a: Raging Bolt|69/100|[from] item: Leftovers
|upkeep
|turn|7
|
|t:|1760884429
|move|p2a: Ditto|Focus Blast|p1a: Raging Bolt|[miss]
|-miss|p2a: Ditto|p1a: Raging Bolt
|move|p1a: Raging Bolt|Dragon Pulse|p2a: Ditto
|-resisted|p2a: Ditto
|-damage|p2a: Ditto|0 fnt
|faint|p2a: Ditto
|-end|p2a: Ditto|Quark Drive|[silent]
|
|-heal|p1a: Raging Bolt|75/100|[from] item: Leftovers
|upkeep
|
|t:|1760884432
|switch|p2a: Dragapult|Dragapult, M|100/100
|turn|8
|
|t:|1760884437
|-end|p1a: Raging Bolt|Protosynthesis|[silent]
|switch|p1a: Bene Gesserit|Iron Crown|72/100
|move|p2a: Dragapult|Substitute|p2a: Dragapult
|-start|p2a: Dragapult|Substitute
|-damage|p2a: Dragapult|76/100
|
|-heal|p2a: Dragapult|82/100|[from] item: Leftovers
|upkeep
|turn|9
|
|t:|1760884442
|move|p2a: Dragapult|Dragon Dance|p2a: Dragapult
|-boost|p2a: Dragapult|atk|1
|-boost|p2a: Dragapult|spe|1
|move|p1a: Bene Gesserit|Tachyon Cutter|p2a: Dragapult
|-end|p2a: Dragapult|Substitute
|-damage|p2a: Dragapult|51/100
|-hitcount|p2a: Dragapult|2
|
|-heal|p2a: Dragapult|58/100|[from] item: Leftovers
|upkeep
|turn|10
|
|t:|1760884469
|-terastallize|p2a: Dragapult|Fire
|move|p2a: Dragapult|Tera Blast|p1a: Bene Gesserit|[anim] Tera Blast Fire
|-supereffective|p1a: Bene Gesserit
|-damage|p1a: Bene Gesserit|0 fnt
|faint|p1a: Bene Gesserit
|-end|p1a: Bene Gesserit|Quark Drive|[silent]
|
|-heal|p2a: Dragapult|64/100|[from] item: Leftovers
|upkeep
|inactive|rookie22 has 120 seconds left.
|
|t:|1760884486
|switch|p1a: I'm the original.|Dragonite, M|100/100
|turn|11
|
|t:|1760884491
|switch|p2a: Ceruledge|Ceruledge, M|100/100
|-terastallize|p1a: I'm the original.|Flying
|move|p1a: I'm the original.|Earthquake|p2a: Ceruledge
|-supereffective|p2a: Ceruledge
|-enditem|p2a: Ceruledge|Focus Sash
|-damage|p2a: Ceruledge|1/100
|-ability|p2a: Ceruledge|Weak Armor|boost
|-unboost|p2a: Ceruledge|def|1
|-boost|p2a: Ceruledge|spe|2
|
|upkeep
|turn|12
|inactive|rookie22 has 120 seconds left.
|inactive|rookie22 has 90 seconds left.
|inactive|rookie22 has 60 seconds left.
|
|t:|1760884571
|switch|p1a: Raging Bolt|Raging Bolt|75/100
|move|p2a: Ceruledge|Bitter Blade|p1a: Raging Bolt
|-resisted|p1a: Raging Bolt
|-damage|p1a: Raging Bolt|54/100
|-heal|p2a: Ceruledge|16/100|[from] drain|[of] p1a: Raging Bolt
|
|-heal|p1a: Raging Bolt|60/100|[from] item: Leftovers
|upkeep
|turn|13
|
|t:|1760884580
|move|p2a: Ceruledge|Close Combat|p1a: Raging Bolt
|-damage|p1a: Raging Bolt|23/100
|-unboost|p2a: Ceruledge|def|1
|-unboost|p2a: Ceruledge|spd|1
|move|p1a: Raging Bolt|Dragon Pulse|p2a: Ceruledge
|-damage|p2a: Ceruledge|0 fnt
|faint|p2a: Ceruledge
|
|-heal|p1a: Raging Bolt|30/100|[from] item: Leftovers
|upkeep
|
|t:|1760884584
|switch|p2a: Dragapult|Dragapult, M, tera:Fire|64/100
|turn|14
|
|t:|1760884594
|move|p2a: Dragapult|Dragon Darts|p1a: Raging Bolt
|-supereffective|p1a: Raging Bolt
|-crit|p1a: Raging Bolt
|-damage|p1a: Raging Bolt|0 fnt
|faint|p1a: Raging Bolt
|-end|p1a: Raging Bolt|Protosynthesis|[silent]
|
|-heal|p2a: Dragapult|70/100|[from] item: Leftovers
|upkeep
|
|t:|1760884598
|switch|p1a: I'm the original.|Dragonite, M, tera:Flying|100/100
|turn|15
|
|t:|1760884615
|move|p2a: Dragapult|Dragon Darts|p1a: I'm the original.
|-damage|p1a: I'm the original.|87/100
|-anim|p2a: Dragapult|Dragon Darts|p1a: I'm the original.
|-crit|p1a: I'm the original.
|-damage|p1a: I'm the original.|45/100
|move|p1a: I'm the original.|Earthquake|p2a: Dragapult
|-supereffective|p2a: Dragapult
|-damage|p2a: Dragapult|0 fnt
|faint|p2a: Dragapult
|
|upkeep
|
|t:|1760884621
|switch|p2a: Garchomp|Garchomp, M|100/100
|turn|16
|
|t:|1760884624
|move|p2a: Garchomp|Iron Head|p1a: I'm the original.
|-damage|p1a: I'm the original.|1/100
|move|p1a: I'm the original.|Ice Spinner|p2a: Garchomp
|-supereffective|p2a: Garchomp
|-damage|p2a: Garchomp|0 fnt
|-damage|p1a: I'm the original.|0 fnt|[from] ability: Rough Skin|[of] p2a: Garchomp
|faint|p2a: Garchomp
|faint|p1a: I'm the original.
|
|upkeep
|
|t:|1760884637
|switch|p2a: Toxapex|Toxapex, F|100/100
|switch|p1a: Great Tusk|Great Tusk|53/100
|turn|17
|
|t:|1760884641
|move|p1a: Great Tusk|Earthquake|p2a: Toxapex
|-supereffective|p2a: Toxapex
|-damage|p2a: Toxapex|13/100
|move|p2a: Toxapex|Toxic|p1a: Great Tusk
|-status|p1a: Great Tusk|tox
|
|-heal|p1a: Great Tusk|59/100 tox|[from] item: Leftovers
|-heal|p2a: Toxapex|19/100|[from] item: Leftovers
|-damage|p1a: Great Tusk|53/100 tox|[from] psn
|upkeep
|turn|18
|
|t:|1760884645
|switch|p2a: Great Tusk|Great Tusk|100/100
|move|p1a: Great Tusk|Earthquake|p2a: Great Tusk
|-damage|p2a: Great Tusk|72/100
|
|-heal|p1a: Great Tusk|59/100 tox|[from] item: Leftovers
|-damage|p1a: Great Tusk|47/100 tox|[from] psn
|upkeep
|turn|19
|
|t:|1760884653
|-end|p1a: Great Tusk|Protosynthesis|[silent]
|switch|p1a: Lisan Al Gaib|Keldeo|82/100
|move|p2a: Great Tusk|Stealth Rock|p1a: Lisan Al Gaib
|-sidestart|p1: rookie22|move: Stealth Rock
|
|upkeep
|turn|20
|
|t:|1760884655
|-end|p2a: Great Tusk|Protosynthesis|[silent]
|switch|p2a: Toxapex|Toxapex, F|52/100
|move|p1a: Lisan Al Gaib|Surf|p2a: Toxapex
|-resisted|p2a: Toxapex
|-crit|p2a: Toxapex
|-damage|p2a: Toxapex|13/100
|
|-heal|p2a: Toxapex|19/100|[from] item: Leftovers
|upkeep
|turn|21
|
|t:|1760884658
|move|p2a: Toxapex|Baneful Bunker|p2a: Toxapex
|-singleturn|p2a: Toxapex|move: Protect
|move|p1a: Lisan Al Gaib|Surf|p2a: Toxapex
|-activate|p2a: Toxapex|move: Protect
|
|-heal|p2a: Toxapex|25/100|[from] item: Leftovers
|upkeep
|turn|22
|
|t:|1760884662
|move|p1a: Lisan Al Gaib|Surf|p2a: Toxapex
|-resisted|p2a: Toxapex
|-damage|p2a: Toxapex|3/100
|move|p2a: Toxapex|Toxic|p1a: Lisan Al Gaib
|-status|p1a: Lisan Al Gaib|tox
|
|-heal|p2a: Toxapex|9/100|[from] item: Leftovers
|-damage|p1a: Lisan Al Gaib|75/100 tox|[from] psn
|upkeep
|turn|23
|
|t:|1760884666
|move|p2a: Toxapex|Baneful Bunker|p2a: Toxapex
|-singleturn|p2a: Toxapex|move: Protect
|move|p1a: Lisan Al Gaib|Surf|p2a: Toxapex
|-activate|p2a: Toxapex|move: Protect
|
|-heal|p2a: Toxapex|15/100|[from] item: Leftovers
|-damage|p1a: Lisan Al Gaib|63/100 tox|[from] psn
|upkeep
|turn|24
|
|t:|1760884671
|switch|p2a: Great Tusk|Great Tusk|72/100
|move|p1a: Lisan Al Gaib|Surf|p2a: Great Tusk
|-supereffective|p2a: Great Tusk
|-crit|p2a: Great Tusk
|-damage|p2a: Great Tusk|0 fnt
|faint|p2a: Great Tusk
|-end|p2a: Great Tusk|Protosynthesis|[silent]
|
|-damage|p1a: Lisan Al Gaib|44/100 tox|[from] psn
|upkeep
|
|t:|1760884672
|switch|p2a: Toxapex|Toxapex, F|49/100
|turn|25
|
|t:|1760884675
|move|p1a: Lisan Al Gaib|Surf|p2a: Toxapex
|-resisted|p2a: Toxapex
|-damage|p2a: Toxapex|24/100
|move|p2a: Toxapex|Ice Beam|p1a: Lisan Al Gaib
|-resisted|p1a: Lisan Al Gaib
|-damage|p1a: Lisan Al Gaib|37/100 tox
|
|-heal|p2a: Toxapex|30/100|[from] item: Leftovers
|-damage|p1a: Lisan Al Gaib|12/100 tox|[from] psn
|upkeep
|turn|26
|
|t:|1760884680
|move|p2a: Toxapex|Baneful Bunker|p2a: Toxapex
|-singleturn|p2a: Toxapex|move: Protect
|move|p1a: Lisan Al Gaib|Surf|p2a: Toxapex
|-activate|p2a: Toxapex|move: Protect
|
|-heal|p2a: Toxapex|36/100|[from] item: Leftovers
|-damage|p1a: Lisan Al Gaib|0 fnt|[from] psn
|faint|p1a: Lisan Al Gaib
|upkeep
|
|t:|1760884682
|switch|p1a: Great Tusk|Great Tusk|47/100 tox
|-damage|p1a: Great Tusk|44/100 tox|[from] Stealth Rock
|turn|27
|
|t:|1760884684
|move|p2a: Toxapex|Baneful Bunker||[still]
|-fail|p2a: Toxapex
|move|p1a: Great Tusk|Earthquake|p2a: Toxapex
|-supereffective|p2a: Toxapex
|-damage|p2a: Toxapex|0 fnt
|faint|p2a: Toxapex
|
|win|rookie22
|raw|rookie22's rating: 1674 &rarr; <strong>1706</strong><br />(+32 for winning)
|raw|jeandonis02's rating: 1923 &rarr; <strong>1891</strong><br />(-32 for losing)
|l|☆rookie22
|player|p1|
|l|☆jeandonis02
|player|p2|
