|j|☆Feyitomi
|j|☆nonoth
|t:|1760723682
|gametype|singles
|player|p1|Feyitomi|102|1462
|player|p2|nonoth|2|1478
|gen|9
|tier|[Gen 9] OU
|rated|
|rule|HP Percentage Mod: HP is shown in percentages
|rule|Endless Battle Clause: Forcing endless battles is banned
|rule|Species Clause: Limit one of each Pokémon
|rule|OHKO Clause: OHKO moves are banned
|rule|Evasion Items Clause: Evasion items are banned
|rule|Evasion Moves Clause: Evasion moves are banned
|rule|Evasion Abilities Clause: Evasion abilities are banned
|rule|Sleep Moves Clause: Sleep-inducing moves are banned
|clearpoke
|poke|p1|Probopass, F|
|poke|p1|Ting-Lu|
|poke|p1|Sinistcha|
|poke|p1|Scizor, F|
|poke|p1|Walking Wake|
|poke|p1|Great Tusk|
|poke|p2|Pelipper, F|
|poke|p2|Hatterene, F|
|poke|p2|Iron Treads|
|poke|p2|Toxicroak, F|
|poke|p2|Barraskewda, F|
|poke|p2|Zapdos|
|teampreview
|inactive|Battle timer is ON: inactive players will automatically lose when time's up. (requested by Feyitomi)
|inactive|Feyitomi has 120 seconds left.
|inactive|Feyitomi has 90 seconds left.
|inactive|Feyitomi has 60 seconds left.
|inactive|Feyitomi has 30 seconds left.
|inactive|Feyitomi has 20 seconds left.
|inactive|Feyitomi has 15 seconds left.
|inactive|Feyitomi has 10 seconds left.
|
|t:|1760723834
|teamsize|p1|6
|teamsize|p2|6
|start
|switch|p1a: Walking Wake|Walking Wake|100/100
|switch|p2a: Pelipper|Pelipper, F|100/100
|-weather|RainDance|[from] ability: Drizzle|[of] p2a: Pelipper
|turn|1
|inactive|nonoth has 120 seconds left.
|inactive|nonoth has 90 seconds left.
|
|t:|1760723912
|switch|p2a: Hatterene|Hatterene, F|100/100
|move|p1a: Walking Wake|Knock Off|p2a: Hatterene
|-damage|p2a: Hatterene|86/100
|-enditem|p2a: Hatterene|Eject Button|[from] move: Knock Off|[of] p1a: Walking Wake
|
|-weather|RainDance|[upkeep]
|upkeep
|turn|2
|
|t:|1760723920
|move|p1a: Walking Wake|Flip Turn|p2a: Hatterene
|-damage|p2a: Hatterene|64/100
|
|t:|1760723928
|-end|p1a: Walking Wake|Protosynthesis|[silent]
|switch|p1a: Probopass|Probopass, F|100/100|[from] Flip Turn
|move|p2a: Hatterene|Nuzzle|p1a: Probopass
|-damage|p1a: Probopass|98/100
|-status|p1a: Probopass|par
|-damage|p2a: Hatterene|48/100|[from] item: Rocky Helmet|[of] p1a: Probopass
|
|-weather|RainDance|[upkeep]
|upkeep
|turn|3
|inactive|nonoth has 90 seconds left.
|
|t:|1760723942
|switch|p2a: Barraskewda|Barraskewda, F|100/100
|cant|p1a: Probopass|par
|
|-weather|RainDance|[upkeep]
|upkeep
|turn|4
|
|t:|1760723951
|move|p2a: Barraskewda|Flip Turn|p1a: Probopass
|-supereffective|p1a: Probopass
|-damage|p1a: Probopass|16/100 par
|-damage|p2a: Barraskewda|84/100|[from] item: Rocky Helmet|[of] p1a: Probopass
|
|t:|1760723958
|switch|p2a: Iron Treads|Iron Treads|100/100|[from] Flip Turn
|move|p1a: Probopass|Volt Switch|p2a: Iron Treads
|-immune|p2a: Iron Treads
|
|-weather|RainDance|[upkeep]
|upkeep
|turn|5
|
|t:|1760723966
|move|p2a: Iron Treads|Volt Switch|p1a: Probopass
|-damage|p1a: Probopass|8/100 par
|
|t:|1760723972
|-end|p2a: Iron Treads|Quark Drive|[silent]
|switch|p2a: Hatterene|Hatterene, F|48/100|[from] Volt Switch
|move|p1a: Probopass|Body Press|p2a: Hatterene
|-resisted|p2a: Hatterene
|-damage|p2a: Hatterene|40/100
|
|-weather|RainDance|[upkeep]
|upkeep
|turn|6
|
|t:|1760723983
|move|p2a: Hatterene|Psychic Noise|p1a: Probopass
|-resisted|p1a: Probopass
|-damage|p1a: Probopass|0 fnt
|faint|p1a: Probopass
|
|-weather|RainDance|[upkeep]
|upkeep
|
|t:|1760723987
|switch|p1a: Walking Wake|Walking Wake|100/100
|turn|7
|inactive|nonoth has 120 seconds left.
|
|t:|1760723997
|switch|p2a: Toxicroak|Toxicroak, F|100/100
|move|p1a: Walking Wake|Flip Turn|p2a: Toxicroak
|-immune|p2a: Toxicroak|[from] ability: Dry Skin
|
|-weather|RainDance|[upkeep]
|upkeep
|turn|8
|
|t:|1760724006
|move|p1a: Walking Wake|Draco Meteor|p2a: Toxicroak|[miss]
|-miss|p1a: Walking Wake|p2a: Toxicroak
|move|p2a: Toxicroak|Knock Off|p1a: Walking Wake
|-damage|p1a: Walking Wake|76/100
|-enditem|p1a: Walking Wake|Heavy-Duty Boots|[from] move: Knock Off|[of] p2a: Toxicroak
|
|-weather|none
|upkeep
|turn|9
|
|t:|1760724012
|switch|p2a: Hatterene|Hatterene, F|40/100
|move|p1a: Walking Wake|Draco Meteor|p2a: Hatterene
|-immune|p2a: Hatterene
|
|upkeep
|turn|10
|
|t:|1760724021
|move|p1a: Walking Wake|Scald|p2a: Hatterene
|-damage|p2a: Hatterene|0 fnt
|faint|p2a: Hatterene
|
|upkeep
|
|t:|1760724029
|switch|p2a: Barraskewda|Barraskewda, F|84/100
|turn|11
|
|t:|1760724034
|-end|p1a: Walking Wake|Protosynthesis|[silent]
|switch|p1a: Sinistcha|Sinistcha|100/100
|move|p2a: Barraskewda|Flip Turn|p1a: Sinistcha
|-resisted|p1a: Sinistcha
|-damage|p1a: Sinistcha|82/100
|
|t:|1760724045
|switch|p2a: Pelipper|Pelipper, F|100/100|[from] Flip Turn
|-weather|RainDance|[from] ability: Drizzle|[of] p2a: Pelipper
|
|-weather|RainDance|[upkeep]
|upkeep
|turn|12
|
|t:|1760724058
|move|p1a: Sinistcha|Strength Sap|p2a: Pelipper
|-unboost|p2a: Pelipper|atk|1
|-heal|p1a: Sinistcha|100/100
|move|p2a: Pelipper|U-turn|p1a: Sinistcha
|-damage|p1a: Sinistcha|96/100
|
|t:|1760724062
|switch|p2a: Zapdos|Zapdos|100/100|[from] U-turn
|
|-weather|RainDance|[upkeep]
|upkeep
|turn|13
|
|t:|1760724069
|switch|p1a: Ting-Lu|Ting-Lu|100/100
|-ability|p1a: Ting-Lu|Vessel of Ruin
|move|p2a: Zapdos|Hurricane|p1a: Ting-Lu
|-damage|p1a: Ting-Lu|63/100
|
|-weather|RainDance|[upkeep]
|-heal|p1a: Ting-Lu|70/100|[from] item: Leftovers
|upkeep
|turn|14
|
|t:|1760724081
|switch|p2a: Barraskewda|Barraskewda, F|84/100
|move|p1a: Ting-Lu|Spikes|p2a: Barraskewda
|-sidestart|p2: nonoth|Spikes
|
|-weather|RainDance|[upkeep]
|-heal|p1a: Ting-Lu|76/100|[from] item: Leftovers
|upkeep
|turn|15
|
|t:|1760724091
|switch|p1a: Sinistcha|Sinistcha|96/100
|move|p2a: Barraskewda|Flip Turn|p1a: Sinistcha
|-resisted|p1a: Sinistcha
|-damage|p1a: Sinistcha|70/100
|
|t:|1760724113
|switch|p2a: Zapdos|Zapdos|100/100|[from] Flip Turn
|
|-weather|RainDance|[upkeep]
|upkeep
|turn|16
|
|t:|1760724133
|switch|p1a: Ting-Lu|Ting-Lu|76/100
|-ability|p1a: Ting-Lu|Vessel of Ruin
|move|p2a: Zapdos|Hurricane|p1a: Ting-Lu
|-damage|p1a: Ting-Lu|39/100
|
|-weather|RainDance|[upkeep]
|-heal|p1a: Ting-Lu|45/100|[from] item: Leftovers
|upkeep
|turn|17
|
|t:|1760724155
|switch|p2a: Toxicroak|Toxicroak, F|100/100
|-damage|p2a: Toxicroak|88/100|[from] Spikes
|move|p1a: Ting-Lu|Spikes|p2a: Toxicroak
|-sidestart|p2: nonoth|Spikes
|
|-weather|RainDance|[upkeep]
|-heal|p2a: Toxicroak|100/100|[from] ability: Dry Skin
|-heal|p1a: Ting-Lu|51/100|[from] item: Leftovers
|upkeep
|turn|18
|
|t:|1760724176
|switch|p1a: Sinistcha|Sinistcha|70/100
|move|p2a: Toxicroak|Encore||[still]
|-fail|p2a: Toxicroak
|
|-weather|none
|upkeep
|turn|19
|
|t:|1760724205
|move|p2a: Toxicroak|Toxic|p1a: Sinistcha
|-status|p1a: Sinistcha|tox
|move|p1a: Sinistcha|Strength Sap|p2a: Toxicroak
|-unboost|p2a: Toxicroak|atk|1
|-heal|p1a: Sinistcha|100/100 tox
|
|-damage|p1a: Sinistcha|94/100 tox|[from] psn
|upkeep
|turn|20
|
|t:|1760724216
|switch|p1a: Walking Wake|Walking Wake|76/100
|move|p2a: Toxicroak|Knock Off|p1a: Walking Wake
|-damage|p1a: Walking Wake|65/100
|
|upkeep
|turn|21
|
|t:|1760724222
|move|p1a: Walking Wake|Draco Meteor|p2a: Toxicroak
|-damage|p2a: Toxicroak|9/100
|-unboost|p1a: Walking Wake|spa|2
|move|p2a: Toxicroak|Toxic|p1a: Walking Wake
|-status|p1a: Walking Wake|tox
|
|-damage|p1a: Walking Wake|58/100 tox|[from] psn
|upkeep
|turn|22
|
|t:|1760724233
|move|p1a: Walking Wake|Flip Turn|p2a: Toxicroak
|-heal|p2a: Toxicroak|34/100|[from] ability: Dry Skin|[of] p1a: Walking Wake
|move|p2a: Toxicroak|Drain Punch|p1a: Walking Wake
|-damage|p1a: Walking Wake|40/100 tox
|-heal|p2a: Toxicroak|43/100|[from] drain|[of] p1a: Walking Wake
|
|-damage|p1a: Walking Wake|28/100 tox|[from] psn
|upkeep
|turn|23
|
|t:|1760724247
|switch|p2a: Iron Treads|Iron Treads|100/100
|-damage|p2a: Iron Treads|84/100|[from] Spikes
|move|p1a: Walking Wake|Draco Meteor|p2a: Iron Treads
|-resisted|p2a: Iron Treads
|-damage|p2a: Iron Treads|70/100
|-unboost|p1a: Walking Wake|spa|2
|
|-heal|p2a: Iron Treads|76/100|[from] item: Leftovers
|-damage|p1a: Walking Wake|9/100 tox|[from] psn
|upkeep
|turn|24
|-message|Feyitomi forfeited.
|
|win|nonoth
|raw|Feyitomi's rating: 1462 &rarr; <strong>1443</strong><br />(-19 for losing)
|raw|nonoth's rating: 1478 &rarr; <strong>1497</strong><br />(+19 for winning)
|l|☆Feyitomi
|player|p1|
|l|☆nonoth
|player|p2|
