|j|☆ExSabre
|j|☆Miike_122
|t:|1760767983
|gametype|singles
|player|p1|ExSabre|doctor|1195
|player|p2|Miike_122|benga|1152
|gen|9
|tier|[Gen 9] OU
|rated|
|rule|HP Percentage Mod: HP is shown in percentages
|rule|Endless Battle Clause: Forcing endless battles is banned
|rule|Species Clause: Limit one of each Pokémon
|rule|OHKO Clause: OHKO moves are banned
|rule|Evasion Items Clause: Evasion items are banned
|rule|Evasion Moves Clause: Evasion moves are banned
|rule|Evasion Abilities Clause: Evasion abilities are banned
|rule|Sleep Moves Clause: Sleep-inducing moves are banned
|clearpoke
|poke|p1|Rillaboom, F|
|poke|p1|Ting-Lu|
|poke|p1|Alomomola, M|
|poke|p1|Raging Bolt|
|poke|p1|Iron Valiant|
|poke|p1|Corviknight, F|
|poke|p2|Iron Hands|
|poke|p2|Zarude-Dada|
|poke|p2|Scyther, M|
|poke|p2|Froslass, F|
|poke|p2|Volcanion|
|poke|p2|Revavroom, F|
|teampreview
|inactive|Battle timer is ON: inactive players will automatically lose when time's up. (requested by Miike_122)
|
|t:|1760767995
|teamsize|p1|6
|teamsize|p2|6
|start
|switch|p1a: Ting-Lu|Ting-Lu|100/100
|switch|p2a: Zarude|Zarude-Dada|100/100
|-ability|p1a: Ting-Lu|Vessel of Ruin
|turn|1
|
|t:|1760768003
|move|p2a: Zarude|U-turn|p1a: Ting-Lu
|-supereffective|p1a: Ting-Lu
|-damage|p1a: Ting-Lu|72/100
|
|t:|1760768007
|switch|p2a: Scyther|Scyther, M|100/100|[from] U-turn
|move|p1a: Ting-Lu|Whirlwind|p2a: Scyther
|drag|p2a: Volcanion|Volcanion|100/100
|
|-heal|p1a: Ting-Lu|78/100|[from] item: Leftovers
|upkeep
|turn|2
|
|t:|1760768021
|move|p2a: Volcanion|Steam Eruption|p1a: Ting-Lu
|-supereffective|p1a: Ting-Lu
|-damage|p1a: Ting-Lu|31/100
|move|p1a: Ting-Lu|Earthquake|p2a: Volcanion
|-supereffective|p2a: Volcanion
|-damage|p2a: Volcanion|54/100
|
|-heal|p1a: Ting-Lu|37/100|[from] item: Leftovers
|upkeep
|turn|3
|
|t:|1760768029
|switch|p1a: recluse|Iron Valiant, shiny|100/100
|-enditem|p1a: recluse|Booster Energy
|-activate|p1a: recluse|ability: Quark Drive|[fromitem]
|-start|p1a: recluse|quarkdrivespe
|move|p2a: Volcanion|Steam Eruption|p1a: recluse
|-damage|p1a: recluse|0 fnt
|faint|p1a: recluse
|-end|p1a: recluse|Quark Drive|[silent]
|
|upkeep
|
|t:|1760768034
|switch|p1a: erect|Raging Bolt|100/100
|turn|4
|
|t:|1760768037
|-terastallize|p2a: Volcanion|Ground
|move|p1a: erect|Thunderbolt|p2a: Volcanion
|-immune|p2a: Volcanion
|move|p2a: Volcanion|Earth Power|p1a: erect
|-supereffective|p1a: erect
|-damage|p1a: erect|11/100
|
|upkeep
|turn|5
|
|t:|1760768043
|-end|p1a: erect|Protosynthesis|[silent]
|switch|p1a: BIG BOOM x3|Rillaboom, F|100/100
|-fieldstart|move: Grassy Terrain|[from] ability: Grassy Surge|[of] p1a: BIG BOOM x3
|move|p2a: Volcanion|Flame Charge|p1a: BIG BOOM x3
|-supereffective|p1a: BIG BOOM x3
|-damage|p1a: BIG BOOM x3|65/100
|-boost|p2a: Volcanion|spe|1
|
|-heal|p1a: BIG BOOM x3|71/100|[from] Grassy Terrain
|-heal|p2a: Volcanion|60/100|[from] Grassy Terrain
|upkeep
|turn|6
|
|t:|1760768046
|move|p1a: BIG BOOM x3|Wood Hammer|p2a: Volcanion
|-supereffective|p2a: Volcanion
|-damage|p2a: Volcanion|0 fnt
|faint|p2a: Volcanion
|-damage|p1a: BIG BOOM x3|50/100|[from] Recoil
|
|-heal|p1a: BIG BOOM x3|56/100|[from] Grassy Terrain
|upkeep
|
|t:|1760768048
|switch|p2a: Iron Hands|Iron Hands|100/100
|turn|7
|
|t:|1760768052
|move|p2a: Iron Hands|Fake Out|p1a: BIG BOOM x3
|-damage|p1a: BIG BOOM x3|39/100
|cant|p1a: BIG BOOM x3|flinch
|
|-heal|p1a: BIG BOOM x3|45/100|[from] Grassy Terrain
|upkeep
|turn|8
|
|t:|1760768054
|move|p1a: BIG BOOM x3|Wood Hammer|p2a: Iron Hands
|-damage|p2a: Iron Hands|10/100
|-damage|p1a: BIG BOOM x3|5/100|[from] Recoil
|move|p2a: Iron Hands|Ice Punch|p1a: BIG BOOM x3
|-supereffective|p1a: BIG BOOM x3
|-damage|p1a: BIG BOOM x3|0 fnt
|faint|p1a: BIG BOOM x3
|
|-heal|p2a: Iron Hands|16/100|[from] Grassy Terrain
|upkeep
|
|t:|1760768061
|switch|p1a: aloe vera|Alomomola, M|100/100
|turn|9
|
|t:|1760768067
|move|p2a: Iron Hands|Supercell Slam|p1a: aloe vera
|-supereffective|p1a: aloe vera
|-damage|p1a: aloe vera|33/100
|-damage|p2a: Iron Hands|0 fnt|[from] item: Rocky Helmet|[of] p1a: aloe vera
|faint|p2a: Iron Hands
|-end|p2a: Iron Hands|Quark Drive|[silent]
|move|p1a: aloe vera|Wish|p1a: aloe vera
|
|-heal|p1a: aloe vera|39/100|[from] Grassy Terrain
|-fieldend|move: Grassy Terrain
|upkeep
|
|t:|1760768071
|switch|p2a: Zarude|Zarude-Dada|100/100
|turn|10
|
|t:|1760768076
|move|p1a: aloe vera|Protect|p1a: aloe vera
|-singleturn|p1a: aloe vera|Protect
|move|p2a: Zarude|Power Whip|p1a: aloe vera
|-activate|p1a: aloe vera|move: Protect
|
|-heal|p1a: aloe vera|89/100|[from] move: Wish|[wisher] aloe vera
|upkeep
|turn|11
|
|t:|1760768084
|switch|p2a: Froslass|Froslass, F|100/100
|switch|p1a: Corviknight|Corviknight, F|100/100
|-ability|p1a: Corviknight|Pressure
|
|upkeep
|turn|12
|
|t:|1760768087
|move|p2a: Froslass|Will-O-Wisp|p1a: Corviknight|[miss]
|-miss|p2a: Froslass|p1a: Corviknight
|move|p1a: Corviknight|Iron Head|p2a: Froslass
|-supereffective|p2a: Froslass
|-damage|p2a: Froslass|26/100
|
|upkeep
|turn|13
|
|t:|1760768092
|move|p2a: Froslass|Will-O-Wisp|p1a: Corviknight|[miss]
|-miss|p2a: Froslass|p1a: Corviknight
|move|p1a: Corviknight|Iron Head|p2a: Froslass
|-supereffective|p2a: Froslass
|-damage|p2a: Froslass|0 fnt
|faint|p2a: Froslass
|
|upkeep
|-message|Miike_122 forfeited.
|
|win|ExSabre
|raw|ExSabre's rating: 1195 &rarr; <strong>1217</strong><br />(+22 for winning)
|raw|Miike_122's rating: 1152 &rarr; <strong>1130</strong><br />(-22 for losing)
|l|☆Miike_122
|player|p2|
|l|☆ExSabre
|player|p1|
