|j|☆Freshly Served Ls
|j|‽bigkatt96
|t:|1760718450
|gametype|singles
|player|p1|Freshly Served Ls|maid|1380
|player|p2|bigkatt96|265|1321
|gen|9
|tier|[Gen 9] OU
|rated|
|rule|HP Percentage Mod: HP is shown in percentages
|rule|Endless Battle Clause: Forcing endless battles is banned
|rule|Species Clause: Limit one of each Pokémon
|rule|OHKO Clause: OHKO moves are banned
|rule|Evasion Items Clause: Evasion items are banned
|rule|Evasion Moves Clause: Evasion moves are banned
|rule|Evasion Abilities Clause: Evasion abilities are banned
|rule|Sleep Moves Clause: Sleep-inducing moves are banned
|clearpoke
|poke|p1|Hoopa-Unbound|
|poke|p1|Moltres|
|poke|p1|Landorus-Therian, M|
|poke|p1|Zamazenta-*|
|poke|p1|Corviknight, F|
|poke|p1|Dragapult, F|
|poke|p2|Gallade, M|
|poke|p2|Haxorus, M|
|poke|p2|Toxtricity, M|
|poke|p2|Torterra, M|
|poke|p2|Eelektross, M|
|poke|p2|Slowbro, M|
|teampreview
|
|t:|1760718462
|teamsize|p1|6
|teamsize|p2|6
|start
|switch|p1a: Landorus|Landorus-Therian, M|100/100
|switch|p2a: Slowbro|Slowbro, M, shiny|100/100
|-ability|p1a: Landorus|Intimidate|boost
|-fail|p2a: Slowbro|unboost|Attack|[from] ability: Oblivious|[of] p2a: Slowbro
|turn|1
|
|t:|1760718469
|move|p1a: Landorus|Stealth Rock|p2a: Slowbro
|-sidestart|p2: bigkatt96|move: Stealth Rock
|move|p2a: Slowbro|Calm Mind|p2a: Slowbro
|-boost|p2a: Slowbro|spa|1
|-boost|p2a: Slowbro|spd|1
|
|upkeep
|turn|2
|
|t:|1760718476
|move|p1a: Landorus|Taunt|p2a: Slowbro
|-immune|p2a: Slowbro|[from] ability: Oblivious
|move|p2a: Slowbro|Calm Mind|p2a: Slowbro
|-boost|p2a: Slowbro|spa|1
|-boost|p2a: Slowbro|spd|1
|
|upkeep
|turn|3
|
|t:|1760718483
|move|p1a: Landorus|U-turn|p2a: Slowbro
|-supereffective|p2a: Slowbro
|-damage|p2a: Slowbro|76/100
|
|t:|1760718488
|switch|p1a: Hoopa|Hoopa-Unbound|100/100|[from] U-turn
|move|p2a: Slowbro|Scald|p1a: Hoopa
|-damage|p1a: Hoopa|72/100
|-status|p1a: Hoopa|brn
|
|-damage|p1a: Hoopa|66/100 brn|[from] brn
|upkeep
|turn|4
|
|t:|1760718498
|move|p1a: Hoopa|Thunderbolt|p2a: Slowbro
|-supereffective|p2a: Slowbro
|-damage|p2a: Slowbro|33/100
|move|p2a: Slowbro|Slack Off|p2a: Slowbro
|-heal|p2a: Slowbro|83/100
|
|-damage|p1a: Hoopa|60/100 brn|[from] brn
|upkeep
|turn|5
|
|t:|1760718507
|move|p1a: Hoopa|Psychic Noise|p2a: Slowbro
|-resisted|p2a: Slowbro
|-crit|p2a: Slowbro
|-damage|p2a: Slowbro|44/100
|move|p2a: Slowbro|Calm Mind|p2a: Slowbro
|-boost|p2a: Slowbro|spa|1
|-boost|p2a: Slowbro|spd|1
|
|-damage|p1a: Hoopa|54/100 brn|[from] brn
|upkeep
|turn|6
|
|t:|1760718517
|move|p1a: Hoopa|Psychic Noise|p2a: Slowbro
|-resisted|p2a: Slowbro
|-damage|p2a: Slowbro|33/100
|move|p2a: Slowbro|Slack Off|p2a: Slowbro
|-heal|p2a: Slowbro|83/100
|
|-damage|p1a: Hoopa|48/100 brn|[from] brn
|upkeep
|turn|7
|inactive|Battle timer is ON: inactive players will automatically lose when time's up. (requested by bigkatt96)
|
|t:|1760718527
|move|p1a: Hoopa|Thunderbolt|p2a: Slowbro
|-supereffective|p2a: Slowbro
|-damage|p2a: Slowbro|49/100
|move|p2a: Slowbro|Calm Mind|p2a: Slowbro
|-boost|p2a: Slowbro|spa|1
|-boost|p2a: Slowbro|spd|1
|
|-damage|p1a: Hoopa|42/100 brn|[from] brn
|upkeep
|turn|8
|
|t:|1760718536
|move|p1a: Hoopa|Thunderbolt|p2a: Slowbro
|-supereffective|p2a: Slowbro
|-damage|p2a: Slowbro|23/100
|move|p2a: Slowbro|Slack Off|p2a: Slowbro
|-heal|p2a: Slowbro|73/100
|
|-damage|p1a: Hoopa|36/100 brn|[from] brn
|upkeep
|turn|9
|
|t:|1760718544
|move|p1a: Hoopa|Knock Off|p2a: Slowbro
|-supereffective|p2a: Slowbro
|-damage|p2a: Slowbro|43/100
|-enditem|p2a: Slowbro|Covert Cloak|[from] move: Knock Off|[of] p1a: Hoopa
|move|p2a: Slowbro|Slack Off|p2a: Slowbro
|-heal|p2a: Slowbro|93/100
|
|-damage|p1a: Hoopa|30/100 brn|[from] brn
|upkeep
|turn|10
|
|t:|1760718553
|move|p1a: Hoopa|Psychic Noise|p2a: Slowbro
|-resisted|p2a: Slowbro
|-damage|p2a: Slowbro|85/100
|-start|p2a: Slowbro|move: Heal Block
|move|p2a: Slowbro|Scald|p1a: Hoopa
|-damage|p1a: Hoopa|0 fnt
|faint|p1a: Hoopa
|
|upkeep
|
|t:|1760718559
|switch|p1a: Dragapult|Dragapult, F|100/100
|turn|11
|
|t:|1760718566
|move|p1a: Dragapult|Will-O-Wisp|p2a: Slowbro
|-status|p2a: Slowbro|brn
|move|p2a: Slowbro|Stored Power|p1a: Dragapult
|-damage|p1a: Dragapult|0 fnt
|faint|p1a: Dragapult
|
|-damage|p2a: Slowbro|79/100 brn|[from] brn
|-end|p2a: Slowbro|move: Heal Block
|upkeep
|-message|Freshly Served Ls forfeited.
|
|win|bigkatt96
|raw|Freshly Served Ls's rating: 1380 &rarr; <strong>1357</strong><br />(-23 for losing)
|raw|bigkatt96's rating: 1321 &rarr; <strong>1344</strong><br />(+23 for winning)
|l|☆Freshly Served Ls
|player|p1|
|l|‽bigkatt96
|player|p2|
