|j|☆ineverhaxed
|j|☆scrubtest98
|t:|1760739025
|gametype|singles
|player|p1|ineverhaxed|1|1415
|player|p2|scrubtest98|101|1398
|gen|9
|tier|[Gen 9] OU
|rated|
|rule|HP Percentage Mod: HP is shown in percentages
|rule|Endless Battle Clause: Forcing endless battles is banned
|rule|Species Clause: Limit one of each Pokémon
|rule|OHKO Clause: OHKO moves are banned
|rule|Evasion Items Clause: Evasion items are banned
|rule|Evasion Moves Clause: Evasion moves are banned
|rule|Evasion Abilities Clause: Evasion abilities are banned
|rule|Sleep Moves Clause: Sleep-inducing moves are banned
|clearpoke
|poke|p1|Electrode-Hisui|
|poke|p1|Cloyster, F|
|poke|p1|Blissey, F|
|poke|p1|Darkrai|
|poke|p1|Cinderace, M|
|poke|p1|Lokix, M|
|poke|p2|Zamazenta-*|
|poke|p2|Ninetales-Alola, F|
|poke|p2|Darkrai|
|poke|p2|Ceruledge, M|
|poke|p2|Gliscor, M|
|poke|p2|Hatterene, F|
|teampreview
|
|t:|1760739033
|teamsize|p1|6
|teamsize|p2|6
|start
|switch|p1a: Cinderace|Cinderace, M|100/100
|switch|p2a: Darkrai|Darkrai|100/100
|turn|1
|
|t:|1760739042
|-terastallize|p2a: Darkrai|Poison
|move|p1a: Cinderace|Sucker Punch||[still]
|-fail|p1a: Cinderace
|move|p2a: Darkrai|Nasty Plot|p2a: Darkrai
|-boost|p2a: Darkrai|spa|2
|
|upkeep
|turn|2
|
|t:|1760739052
|switch|p1a: Darkrai|Darkrai|100/100
|move|p2a: Darkrai|Dark Pulse|p1a: Darkrai
|-resisted|p1a: Darkrai
|-damage|p1a: Darkrai|42/100
|
|upkeep
|turn|3
|
|t:|1760739059
|move|p1a: Darkrai|Dark Pulse|p2a: Darkrai
|-damage|p2a: Darkrai|34/100
|move|p2a: Darkrai|Dark Pulse|p1a: Darkrai
|-resisted|p1a: Darkrai
|-damage|p1a: Darkrai|0 fnt
|faint|p1a: Darkrai
|
|-heal|p2a: Darkrai|40/100|[from] item: Leftovers
|upkeep
|
|t:|1760739064
|switch|p1a: Electrode|Electrode-Hisui|100/100
|turn|4
|
|t:|1760739073
|switch|p2a: Gliscor|Gliscor, M|100/100
|move|p1a: Electrode|Volt Switch|p2a: Gliscor
|-immune|p2a: Gliscor
|
|-status|p2a: Gliscor|tox|[from] item: Toxic Orb
|upkeep
|turn|5
|
|t:|1760739085
|switch|p1a: Blissey|Blissey, F|100/100
|move|p2a: Gliscor|Agility|p2a: Gliscor
|-boost|p2a: Gliscor|spe|2
|
|upkeep
|turn|6
|
|t:|1760739090
|move|p2a: Gliscor|Swords Dance|p2a: Gliscor
|-boost|p2a: Gliscor|atk|2
|move|p1a: Blissey|Ice Beam|p2a: Gliscor
|-supereffective|p2a: Gliscor
|-damage|p2a: Gliscor|22/100 tox
|
|-heal|p2a: Gliscor|35/100 tox|[from] ability: Poison Heal
|upkeep
|turn|7
|
|t:|1760739097
|move|p2a: Gliscor|Earthquake|p1a: Blissey
|-damage|p1a: Blissey|40/100
|move|p1a: Blissey|Ice Beam|p2a: Gliscor
|-supereffective|p2a: Gliscor
|-damage|p2a: Gliscor|0 fnt
|faint|p2a: Gliscor
|
|-heal|p1a: Blissey|47/100|[from] item: Leftovers
|upkeep
|
|t:|1760739104
|switch|p2a: Ceruledge|Ceruledge, M|100/100
|turn|8
|
|t:|1760739108
|move|p2a: Ceruledge|Taunt|p1a: Blissey
|-start|p1a: Blissey|move: Taunt
|move|p1a: Blissey|Thunderbolt|p2a: Ceruledge
|-damage|p2a: Ceruledge|86/100
|
|-heal|p1a: Blissey|53/100|[from] item: Leftovers
|upkeep
|turn|9
|
|t:|1760739119
|move|p2a: Ceruledge|Bulk Up|p2a: Ceruledge
|-boost|p2a: Ceruledge|atk|1
|-boost|p2a: Ceruledge|def|1
|move|p1a: Blissey|Shadow Ball|p2a: Ceruledge
|-supereffective|p2a: Ceruledge
|-damage|p2a: Ceruledge|58/100
|
|-heal|p1a: Blissey|59/100|[from] item: Leftovers
|upkeep
|turn|10
|
|t:|1760739125
|switch|p1a: Cinderace|Cinderace, M|100/100
|move|p2a: Ceruledge|Bitter Blade|p1a: Cinderace
|-resisted|p1a: Cinderace
|-damage|p1a: Cinderace|66/100
|-heal|p2a: Ceruledge|73/100|[from] drain|[of] p1a: Cinderace
|-enditem|p1a: Cinderace|Red Card|[of] p2a: Ceruledge
|drag|p2a: Zamazenta|Zamazenta|100/100
|-ability|p2a: Zamazenta|Dauntless Shield|boost
|-boost|p2a: Zamazenta|def|1
|
|upkeep
|turn|11
|
|t:|1760739137
|move|p2a: Zamazenta|Body Press|p1a: Cinderace
|-damage|p1a: Cinderace|1/100
|move|p1a: Cinderace|Will-O-Wisp|p2a: Zamazenta|[miss]
|-miss|p1a: Cinderace|p2a: Zamazenta
|
|upkeep
|turn|12
|
|t:|1760739142
|move|p2a: Zamazenta|Body Press|p1a: Cinderace
|-damage|p1a: Cinderace|0 fnt
|faint|p1a: Cinderace
|
|upkeep
|
|t:|1760739146
|switch|p1a: Electrode|Electrode-Hisui|100/100
|turn|13
|
|t:|1760739152
|move|p2a: Zamazenta|Body Press|p1a: Electrode
|-damage|p1a: Electrode|5/100
|move|p1a: Electrode|Thunderbolt|p2a: Zamazenta
|-damage|p2a: Zamazenta|48/100
|
|upkeep
|turn|14
|
|t:|1760739159
|move|p2a: Zamazenta|Body Press|p1a: Electrode
|-damage|p1a: Electrode|0 fnt
|-status|p2a: Zamazenta|par|[from] ability: Static|[of] p1a: Electrode
|faint|p1a: Electrode
|
|upkeep
|
|t:|1760739162
|switch|p1a: Cloyster|Cloyster, F|100/100
|turn|15
|
|t:|1760739166
|-terastallize|p1a: Cloyster|Ghost
|move|p1a: Cloyster|Shell Smash|p1a: Cloyster
|-unboost|p1a: Cloyster|def|1
|-unboost|p1a: Cloyster|spd|1
|-boost|p1a: Cloyster|atk|2
|-boost|p1a: Cloyster|spa|2
|-boost|p1a: Cloyster|spe|2
|cant|p2a: Zamazenta|par
|
|upkeep
|turn|16
|
|t:|1760739175
|move|p1a: Cloyster|Shell Smash|p1a: Cloyster
|-unboost|p1a: Cloyster|def|1
|-unboost|p1a: Cloyster|spd|1
|-boost|p1a: Cloyster|atk|2
|-boost|p1a: Cloyster|spa|2
|-boost|p1a: Cloyster|spe|2
|move|p2a: Zamazenta|Rest|p2a: Zamazenta
|-status|p2a: Zamazenta|slp|[from] move: Rest
|-heal|p2a: Zamazenta|100/100 slp|[silent]
|-enditem|p2a: Zamazenta|Chesto Berry|[eat]
|-curestatus|p2a: Zamazenta|slp|[msg]
|
|upkeep
|turn|17
|
|t:|1760739180
|move|p1a: Cloyster|Tera Blast|p2a: Zamazenta|[anim] Tera Blast Ghost
|-damage|p2a: Zamazenta|41/100
|move|p2a: Zamazenta|Crunch|p1a: Cloyster
|-supereffective|p1a: Cloyster
|-damage|p1a: Cloyster|22/100
|
|upkeep
|turn|18
|
|t:|1760739187
|move|p1a: Cloyster|Tera Blast|p2a: Zamazenta|[anim] Tera Blast Ghost
|-damage|p2a: Zamazenta|0 fnt
|faint|p2a: Zamazenta
|
|upkeep
|
|t:|1760739190
|switch|p2a: Ceruledge|Ceruledge, M|73/100
|turn|19
|
|t:|1760739195
|move|p1a: Cloyster|Ice Shard|p2a: Ceruledge
|-resisted|p2a: Ceruledge
|-damage|p2a: Ceruledge|44/100
|move|p2a: Ceruledge|Shadow Sneak|p1a: Cloyster
|-supereffective|p1a: Cloyster
|-damage|p1a: Cloyster|0 fnt
|faint|p1a: Cloyster
|
|upkeep
|
|t:|1760739202
|switch|p1a: Lokix|Lokix, M|100/100
|turn|20
|
|t:|1760739209
|switch|p2a: Ninetales|Ninetales-Alola, F|100/100
|-weather|Snowscape|[from] ability: Snow Warning|[of] p2a: Ninetales
|move|p1a: Lokix|Sucker Punch||[still]
|-fail|p1a: Lokix
|
|-weather|Snowscape|[upkeep]
|upkeep
|turn|21
|
|t:|1760739215
|switch|p1a: Blissey|Blissey, F|59/100
|move|p2a: Ninetales|Aurora Veil|p2a: Ninetales
|-sidestart|p2: scrubtest98|move: Aurora Veil
|
|-weather|Snowscape|[upkeep]
|-heal|p1a: Blissey|65/100|[from] item: Leftovers
|upkeep
|turn|22
|
|t:|1760739220
|switch|p2a: Ceruledge|Ceruledge, M|44/100
|move|p1a: Blissey|Shadow Ball|p2a: Ceruledge
|-supereffective|p2a: Ceruledge
|-damage|p2a: Ceruledge|32/100
|
|-weather|Snowscape|[upkeep]
|-heal|p1a: Blissey|71/100|[from] item: Leftovers
|upkeep
|turn|23
|
|t:|1760739224
|move|p2a: Ceruledge|Bulk Up|p2a: Ceruledge
|-boost|p2a: Ceruledge|atk|1
|-boost|p2a: Ceruledge|def|1
|move|p1a: Blissey|Shadow Ball|p2a: Ceruledge
|-supereffective|p2a: Ceruledge
|-damage|p2a: Ceruledge|18/100
|
|-weather|Snowscape|[upkeep]
|-heal|p1a: Blissey|77/100|[from] item: Leftovers
|upkeep
|turn|24
|-message|ineverhaxed forfeited.
|
|win|scrubtest98
|raw|ineverhaxed's rating: 1415 &rarr; <strong>1394</strong><br />(-21 for losing)
|raw|scrubtest98's rating: 1398 &rarr; <strong>1419</strong><br />(+21 for winning)
|l|☆ineverhaxed
|player|p1|
|l|☆scrubtest98
|player|p2|
