|j|☆usedpursuitonmisso
|j|☆Ivanpmd
|t:|1760881829
|gametype|singles
|player|p1|usedpursuitonmisso|170|1197
|player|p2|Ivanpmd|cheren-gen5bw2|1135
|gen|9
|tier|[Gen 9] OU
|rated|
|rule|HP Percentage Mod: HP is shown in percentages
|rule|Endless Battle Clause: Forcing endless battles is banned
|rule|Species Clause: Limit one of each Pokémon
|rule|OHKO Clause: OHKO moves are banned
|rule|Evasion Items Clause: Evasion items are banned
|rule|Evasion Moves Clause: Evasion moves are banned
|rule|Evasion Abilities Clause: Evasion abilities are banned
|rule|Sleep Moves Clause: Sleep-inducing moves are banned
|clearpoke
|poke|p1|Ogerpon-Wellspring, F|
|poke|p1|Rillaboom, F|
|poke|p1|Ting-Lu|
|poke|p1|Slowking-Galar, M|
|poke|p1|Zapdos|
|poke|p1|Corviknight, M|
|poke|p2|Ninetales, F|
|poke|p2|Hatterene, F|
|poke|p2|Great Tusk|
|poke|p2|Walking Wake|
|poke|p2|Ceruledge, M|
|poke|p2|Venusaur, M|
|teampreview
|inactive|Battle timer is ON: inactive players will automatically lose when time's up. (requested by Ivanpmd)
|
|t:|1760881845
|teamsize|p1|6
|teamsize|p2|6
|start
|switch|p1a: Zapdos|Zapdos|100/100
|switch|p2a: Ninetales|Ninetales, F, shiny|100/100
|-weather|SunnyDay|[from] ability: Drought|[of] p2a: Ninetales
|turn|1
|inactive|Ivanpmd has 120 seconds left.
|
|t:|1760881877
|switch|p2a: Hatterene|Hatterene, F, shiny|100/100
|move|p1a: Zapdos|Hurricane|p2a: Hatterene
|-damage|p2a: Hatterene|36/100
|-enditem|p2a: Hatterene|Eject Button
|inactive|Ivanpmd has 120 seconds left.
|
|t:|1760881895
|switch|p2a: Walking Wake|Walking Wake|100/100
|-activate|p2a: Walking Wake|ability: Protosynthesis
|-start|p2a: Walking Wake|protosynthesisspe
|
|-weather|SunnyDay|[upkeep]
|upkeep
|turn|2
|
|t:|1760881904
|-terastallize|p2a: Walking Wake|Stellar
|move|p2a: Walking Wake|Draco Meteor|p1a: Zapdos
|-damage|p1a: Zapdos|0 fnt
|-unboost|p2a: Walking Wake|spa|2
|faint|p1a: Zapdos
|-damage|p2a: Walking Wake|91/100|[from] item: Life Orb
|
|-weather|SunnyDay|[upkeep]
|upkeep
|
|t:|1760881909
|switch|p1a: Slowking|Slowking-Galar, M|100/100
|turn|3
|
|t:|1760881916
|-end|p2a: Walking Wake|Protosynthesis|[silent]
|switch|p2a: Ceruledge|Ceruledge, M, shiny|100/100
|-prepare|p1a: Slowking|Chilly Reception|[premajor]
|move|p1a: Slowking|Chilly Reception|p1a: Slowking
|-weather|Snowscape
|
|t:|1760881921
|switch|p1a: Ogerpon|Ogerpon-Wellspring, F|100/100|[from] Chilly Reception
|
|-weather|Snowscape|[upkeep]
|upkeep
|turn|4
|
|t:|1760881926
|switch|p2a: Ninetales|Ninetales, F, shiny|100/100
|-weather|SunnyDay|[from] ability: Drought|[of] p2a: Ninetales
|move|p1a: Ogerpon|Knock Off|p2a: Ninetales
|-crit|p2a: Ninetales
|-damage|p2a: Ninetales|16/100
|-enditem|p2a: Ninetales|Heat Rock|[from] move: Knock Off|[of] p1a: Ogerpon
|
|-weather|SunnyDay|[upkeep]
|upkeep
|turn|5
|
|t:|1760881937
|switch|p2a: Lechuga|Venusaur, M, shiny|100/100
|switch|p1a: Slowking|Slowking-Galar, M|100/100
|
|-weather|SunnyDay|[upkeep]
|upkeep
|turn|6
|
|t:|1760881943
|move|p2a: Lechuga|Growth|p2a: Lechuga
|-boost|p2a: Lechuga|atk|2
|-boost|p2a: Lechuga|spa|2
|-prepare|p1a: Slowking|Chilly Reception|[premajor]
|move|p1a: Slowking|Chilly Reception|p1a: Slowking
|-weather|Snowscape
|
|t:|1760881947
|switch|p1a: Corviknight|Corviknight, M|100/100|[from] Chilly Reception
|-ability|p1a: Corviknight|Pressure
|
|-weather|Snowscape|[upkeep]
|upkeep
|turn|7
|
|t:|1760881956
|move|p2a: Lechuga|Weather Ball|p1a: Corviknight
|-crit|p1a: Corviknight
|-damage|p1a: Corviknight|0 fnt
|faint|p1a: Corviknight
|-damage|p2a: Lechuga|91/100|[from] item: Life Orb
|
|-weather|Snowscape|[upkeep]
|upkeep
|
|t:|1760881962
|switch|p1a: Rillaboom|Rillaboom, F|100/100
|-fieldstart|move: Grassy Terrain|[from] ability: Grassy Surge|[of] p1a: Rillaboom
|turn|8
|
|t:|1760881967
|move|p1a: Rillaboom|U-turn|p2a: Lechuga
|-damage|p2a: Lechuga|42/100
|
|t:|1760881971
|switch|p1a: Ogerpon|Ogerpon-Wellspring, F|100/100|[from] U-turn
|move|p2a: Lechuga|Weather Ball|p1a: Ogerpon
|-damage|p1a: Ogerpon|8/100
|-damage|p2a: Lechuga|32/100|[from] item: Life Orb
|
|-weather|Snowscape|[upkeep]
|-heal|p1a: Ogerpon|14/100|[from] Grassy Terrain
|-heal|p2a: Lechuga|38/100|[from] Grassy Terrain
|upkeep
|turn|9
|
|t:|1760881982
|move|p1a: Ogerpon|Knock Off|p2a: Lechuga
|-damage|p2a: Lechuga|0 fnt
|-enditem|p2a: Lechuga|Life Orb|[from] move: Knock Off|[of] p1a: Ogerpon
|faint|p2a: Lechuga
|
|-weather|Snowscape|[upkeep]
|-heal|p1a: Ogerpon|20/100|[from] Grassy Terrain
|upkeep
|
|t:|1760881993
|switch|p2a: Ceruledge|Ceruledge, M, shiny|100/100
|turn|10
|
|t:|1760881996
|switch|p2a: Ninetales|Ninetales, F, shiny|16/100
|-weather|SunnyDay|[from] ability: Drought|[of] p2a: Ninetales
|move|p1a: Ogerpon|Knock Off|p2a: Ninetales
|-damage|p2a: Ninetales|0 fnt
|faint|p2a: Ninetales
|
|-weather|SunnyDay|[upkeep]
|-heal|p1a: Ogerpon|26/100|[from] Grassy Terrain
|upkeep
|
|t:|1760882008
|switch|p2a: Walking Wake|Walking Wake, tera:Stellar|91/100
|-activate|p2a: Walking Wake|ability: Protosynthesis
|-start|p2a: Walking Wake|protosynthesisspe
|turn|11
|
|t:|1760882017
|move|p1a: Ogerpon|Grassy Glide|p2a: Walking Wake
|-damage|p2a: Walking Wake|42/100
|move|p2a: Walking Wake|Flamethrower|p1a: Ogerpon
|-damage|p1a: Ogerpon|0 fnt
|faint|p1a: Ogerpon
|-damage|p2a: Walking Wake|32/100|[from] item: Life Orb
|
|-weather|SunnyDay|[upkeep]
|-heal|p2a: Walking Wake|38/100|[from] Grassy Terrain
|upkeep
|
|t:|1760882024
|switch|p1a: Slowking|Slowking-Galar, M|100/100
|turn|12
|
|t:|1760882035
|-terastallize|p1a: Slowking|Fairy
|move|p2a: Walking Wake|Hydro Steam|p1a: Slowking
|-damage|p1a: Slowking|37/100
|-damage|p2a: Walking Wake|28/100|[from] item: Life Orb
|-prepare|p1a: Slowking|Chilly Reception|[premajor]
|move|p1a: Slowking|Chilly Reception|p1a: Slowking
|-weather|Snowscape
|-end|p2a: Walking Wake|Protosynthesis
|
|t:|1760882042
|switch|p1a: Rillaboom|Rillaboom, F|100/100|[from] Chilly Reception
|
|-weather|Snowscape|[upkeep]
|-heal|p2a: Walking Wake|34/100|[from] Grassy Terrain
|-fieldend|move: Grassy Terrain
|upkeep
|turn|13
|
|t:|1760882051
|move|p2a: Walking Wake|Flamethrower|p1a: Rillaboom
|-supereffective|p1a: Rillaboom
|-damage|p1a: Rillaboom|2/100
|-damage|p2a: Walking Wake|24/100|[from] item: Life Orb
|move|p1a: Rillaboom|Grassy Glide|p2a: Walking Wake
|-damage|p2a: Walking Wake|0 fnt
|faint|p2a: Walking Wake
|-end|p2a: Walking Wake|Protosynthesis|[silent]
|
|-weather|Snowscape|[upkeep]
|upkeep
|
|t:|1760882063
|switch|p2a: Ceruledge|Ceruledge, M, shiny|100/100
|turn|14
|
|t:|1760882066
|switch|p1a: Ting-Lu|Ting-Lu|100/100
|-ability|p1a: Ting-Lu|Vessel of Ruin
|move|p2a: Ceruledge|Swords Dance|p2a: Ceruledge
|-boost|p2a: Ceruledge|atk|2
|
|-weather|Snowscape|[upkeep]
|upkeep
|turn|15
|
|t:|1760882076
|move|p2a: Ceruledge|Solar Blade||[still]
|-prepare|p2a: Ceruledge|Solar Blade
|move|p1a: Ting-Lu|Earthquake|p2a: Ceruledge
|-supereffective|p2a: Ceruledge
|-enditem|p2a: Ceruledge|Focus Sash
|-damage|p2a: Ceruledge|1/100
|-ability|p2a: Ceruledge|Weak Armor|boost
|-unboost|p2a: Ceruledge|def|1
|-boost|p2a: Ceruledge|spe|2
|
|-weather|Snowscape|[upkeep]
|upkeep
|turn|16
|
|t:|1760882088
|switch|p1a: Rillaboom|Rillaboom, F|2/100
|-fieldstart|move: Grassy Terrain|[from] ability: Grassy Surge|[of] p1a: Rillaboom
|move|p2a: Ceruledge|Solar Blade|p1a: Rillaboom|[from] lockedmove
|-resisted|p1a: Rillaboom
|-crit|p1a: Rillaboom
|-damage|p1a: Rillaboom|0 fnt
|faint|p1a: Rillaboom
|
|-weather|none
|-heal|p2a: Ceruledge|7/100|[from] Grassy Terrain
|upkeep
|
|t:|1760882091
|switch|p1a: Ting-Lu|Ting-Lu|100/100
|-ability|p1a: Ting-Lu|Vessel of Ruin
|turn|17
|
|t:|1760882103
|move|p2a: Ceruledge|Bitter Blade|p1a: Ting-Lu
|-damage|p1a: Ting-Lu|51/100
|-heal|p2a: Ceruledge|51/100|[from] drain|[of] p1a: Ting-Lu
|move|p1a: Ting-Lu|Stealth Rock|p2a: Ceruledge
|-sidestart|p2: Ivanpmd|move: Stealth Rock
|
|-heal|p2a: Ceruledge|57/100|[from] Grassy Terrain
|-heal|p1a: Ting-Lu|57/100|[from] Grassy Terrain
|-heal|p1a: Ting-Lu|63/100|[from] item: Leftovers
|upkeep
|turn|18
|
|t:|1760882113
|move|p2a: Ceruledge|Bitter Blade|p1a: Ting-Lu
|-damage|p1a: Ting-Lu|11/100
|-heal|p2a: Ceruledge|100/100|[from] drain|[of] p1a: Ting-Lu
|move|p1a: Ting-Lu|Earthquake|p2a: Ceruledge
|-supereffective|p2a: Ceruledge
|-damage|p2a: Ceruledge|16/100
|-ability|p2a: Ceruledge|Weak Armor|boost
|-unboost|p2a: Ceruledge|def|1
|-boost|p2a: Ceruledge|spe|2
|
|-heal|p2a: Ceruledge|22/100|[from] Grassy Terrain
|-heal|p1a: Ting-Lu|17/100|[from] Grassy Terrain
|-heal|p1a: Ting-Lu|24/100|[from] item: Leftovers
|upkeep
|turn|19
|-message|usedpursuitonmisso forfeited.
|
|win|Ivanpmd
|raw|usedpursuitonmisso's rating: 1197 &rarr; <strong>1168</strong><br />(-29 for losing)
|raw|Ivanpmd's rating: 1135 &rarr; <strong>1164</strong><br />(+29 for winning)
|l|☆usedpursuitonmisso
|player|p1|
|c|☆Ivanpmd|Gg
