|j|☆weedandgame
|j|☆ractars
|t:|1760847583
|gametype|singles
|player|p1|weedandgame|dragontamer|1146
|player|p2|ractars|gentleman|1175
|gen|9
|tier|[Gen 9] OU
|rated|
|rule|HP Percentage Mod: HP is shown in percentages
|rule|Endless Battle Clause: Forcing endless battles is banned
|rule|Species Clause: Limit one of each Pokémon
|rule|OHKO Clause: OHKO moves are banned
|rule|Evasion Items Clause: Evasion items are banned
|rule|Evasion Moves Clause: Evasion moves are banned
|rule|Evasion Abilities Clause: Evasion abilities are banned
|rule|Sleep Moves Clause: Sleep-inducing moves are banned
|clearpoke
|poke|p1|Kyurem|
|poke|p1|Iron Valiant|
|poke|p1|Cinderace, M|
|poke|p1|Darkrai|
|poke|p1|Corviknight, F|
|poke|p1|Clodsire, F|
|poke|p2|Volcanion|
|poke|p2|Garchomp, F|
|poke|p2|Zapdos|
|poke|p2|Metagross|
|poke|p2|Darkrai|
|poke|p2|Mimikyu, M|
|teampreview
|
|t:|1760847613
|teamsize|p1|6
|teamsize|p2|6
|start
|switch|p1a: Darkrai|Darkrai|100/100
|switch|p2a: Mimikyu|Mimikyu, M|100/100
|turn|1
|
|t:|1760847632
|switch|p1a: Corviknight|Corviknight, F, shiny|100/100
|move|p2a: Mimikyu|Swords Dance|p2a: Mimikyu
|-boost|p2a: Mimikyu|atk|2
|
|upkeep
|turn|2
|
|t:|1760847648
|move|p2a: Mimikyu|Drain Punch|p1a: Corviknight
|-damage|p1a: Corviknight|75/100
|-damage|p2a: Mimikyu|84/100|[from] item: Rocky Helmet|[of] p1a: Corviknight
|move|p1a: Corviknight|Bulk Up|p1a: Corviknight
|-boost|p1a: Corviknight|atk|1
|-boost|p1a: Corviknight|def|1
|
|upkeep
|turn|3
|
|t:|1760847660
|move|p2a: Mimikyu|Swords Dance|p2a: Mimikyu
|-boost|p2a: Mimikyu|atk|2
|move|p1a: Corviknight|Bulk Up|p1a: Corviknight
|-boost|p1a: Corviknight|atk|1
|-boost|p1a: Corviknight|def|1
|
|upkeep
|turn|4
|
|t:|1760847681
|move|p2a: Mimikyu|Swords Dance|p2a: Mimikyu
|-boost|p2a: Mimikyu|atk|2
|move|p1a: Corviknight|Roost|p1a: Corviknight
|-heal|p1a: Corviknight|100/100
|-singleturn|p1a: Corviknight|move: Roost
|
|upkeep
|turn|5
|
|t:|1760847697
|move|p2a: Mimikyu|Drain Punch|p1a: Corviknight
|-damage|p1a: Corviknight|77/100
|-heal|p2a: Mimikyu|100/100|[from] drain|[of] p1a: Corviknight
|-damage|p2a: Mimikyu|84/100|[from] item: Rocky Helmet|[of] p1a: Corviknight
|move|p1a: Corviknight|Brave Bird|p2a: Mimikyu
|-activate|p2a: Mimikyu|ability: Disguise
|-damage|p2a: Mimikyu|84/100
|detailschange|p2a: Mimikyu|Mimikyu-Busted, M
|-damage|p2a: Mimikyu|72/100|[from] pokemon: Mimikyu-Busted
|-enditem|p2a: Mimikyu|Red Card|[of] p1a: Corviknight
|drag|p1a: Cinderace|Cinderace, M|100/100
|
|upkeep
|turn|6
|
|t:|1760847718
|move|p1a: Cinderace|Pyro Ball|p2a: Mimikyu
|-damage|p2a: Mimikyu|0 fnt
|faint|p2a: Mimikyu
|
|upkeep
|
|t:|1760847724
|switch|p2a: Volcanion|Volcanion|100/100
|turn|7
|
|t:|1760847730
|move|p1a: Cinderace|U-turn|p2a: Volcanion
|-start|p1a: Cinderace|typechange|Bug|[from] ability: Libero
|-resisted|p2a: Volcanion
|-damage|p2a: Volcanion|86/100
|
|t:|1760847738
|switch|p1a: Clodsire|Clodsire, F|100/100|[from] U-turn
|move|p2a: Volcanion|Steam Eruption|p1a: Clodsire
|-immune|p1a: Clodsire|[from] ability: Water Absorb
|
|upkeep
|turn|8
|
|t:|1760847760
|move|p2a: Volcanion|Flamethrower|p1a: Clodsire
|-damage|p1a: Clodsire|68/100
|move|p1a: Clodsire|Toxic|p2a: Volcanion
|-status|p2a: Volcanion|tox
|
|-heal|p1a: Clodsire|74/100|[from] item: Black Sludge
|-damage|p2a: Volcanion|80/100 tox|[from] psn
|upkeep
|turn|9
|
|t:|1760847777
|switch|p2a: Metagross|Metagross|100/100
|move|p1a: Clodsire|Earthquake|p2a: Metagross
|-supereffective|p2a: Metagross
|-damage|p2a: Metagross|59/100
|
|-heal|p1a: Clodsire|81/100|[from] item: Black Sludge
|upkeep
|turn|10
|
|t:|1760847791
|move|p2a: Metagross|Ice Punch|p1a: Clodsire
|-supereffective|p1a: Clodsire
|-damage|p1a: Clodsire|0 fnt
|faint|p1a: Clodsire
|
|upkeep
|
|t:|1760847798
|switch|p1a: Cinderace|Cinderace, M|100/100
|turn|11
|
|t:|1760847802
|switch|p2a: Volcanion|Volcanion|80/100 tox
|move|p1a: Cinderace|Pyro Ball|p2a: Volcanion
|-resisted|p2a: Volcanion
|-damage|p2a: Volcanion|68/100 tox
|
|-damage|p2a: Volcanion|62/100 tox|[from] psn
|upkeep
|turn|12
|
|t:|1760847815
|move|p1a: Cinderace|U-turn|p2a: Volcanion
|-start|p1a: Cinderace|typechange|Bug|[from] ability: Libero
|-resisted|p2a: Volcanion
|-damage|p2a: Volcanion|50/100 tox
|
|t:|1760847836
|switch|p1a: Darkrai|Darkrai|100/100|[from] U-turn
|move|p2a: Volcanion|Flamethrower|p1a: Darkrai
|-damage|p1a: Darkrai|30/100
|
|-damage|p2a: Volcanion|37/100 tox|[from] psn
|upkeep
|turn|13
|
|t:|1760847858
|switch|p2a: Darkrai|Darkrai|100/100
|move|p1a: Darkrai|Dark Pulse|p2a: Darkrai
|-resisted|p2a: Darkrai
|-damage|p2a: Darkrai|71/100
|
|upkeep
|turn|14
|
|t:|1760847869
|switch|p1a: Cinderace|Cinderace, M|100/100
|move|p2a: Darkrai|Dark Pulse|p1a: Cinderace
|-damage|p1a: Cinderace|11/100
|
|upkeep
|turn|15
|
|t:|1760847887
|switch|p2a: Garchomp|Garchomp, F|100/100
|move|p1a: Cinderace|Sucker Punch||[still]
|-fail|p1a: Cinderace
|
|upkeep
|turn|16
|
|t:|1760847896
|switch|p1a: Corviknight|Corviknight, F, shiny|77/100
|move|p2a: Garchomp|Swords Dance|p2a: Garchomp
|-boost|p2a: Garchomp|atk|2
|
|upkeep
|turn|17
|
|t:|1760847907
|move|p2a: Garchomp|Scale Shot|p1a: Corviknight
|-resisted|p1a: Corviknight
|-damage|p1a: Corviknight|69/100
|-resisted|p1a: Corviknight
|-damage|p1a: Corviknight|62/100
|-hitcount|p1a: Corviknight|2
|-unboost|p2a: Garchomp|def|1
|-boost|p2a: Garchomp|spe|1
|move|p1a: Corviknight|Bulk Up|p1a: Corviknight
|-boost|p1a: Corviknight|atk|1
|-boost|p1a: Corviknight|def|1
|
|upkeep
|turn|18
|
|t:|1760847921
|move|p2a: Garchomp|Earthquake|p1a: Corviknight
|-immune|p1a: Corviknight
|move|p1a: Corviknight|Roost|p1a: Corviknight
|-heal|p1a: Corviknight|100/100
|-singleturn|p1a: Corviknight|move: Roost
|
|upkeep
|turn|19
|
|t:|1760847933
|switch|p2a: Volcanion|Volcanion|37/100 tox
|move|p1a: Corviknight|Brave Bird|p2a: Volcanion
|-damage|p2a: Volcanion|0 fnt
|faint|p2a: Volcanion
|-damage|p1a: Corviknight|89/100|[from] Recoil
|
|upkeep
|
|t:|1760847943
|switch|p2a: Zapdos|Zapdos|100/100
|-ability|p2a: Zapdos|Pressure
|turn|20
|
|t:|1760847953
|switch|p1a: Darkrai|Darkrai|30/100
|move|p2a: Zapdos|Thunderbolt|p1a: Darkrai
|-damage|p1a: Darkrai|0 fnt
|faint|p1a: Darkrai
|
|upkeep
|inactive|Battle timer is ON: inactive players will automatically lose when time's up. (requested by ractars)
|
|t:|1760847984
|switch|p1a: Kyurem|Kyurem, shiny|100/100
|-ability|p1a: Kyurem|Pressure
|turn|21
|
|t:|1760847992
|switch|p2a: Metagross|Metagross|59/100
|-terastallize|p1a: Kyurem|Ground
|move|p1a: Kyurem|Dragon Dance|p1a: Kyurem
|-boost|p1a: Kyurem|atk|1
|-boost|p1a: Kyurem|spe|1
|
|upkeep
|turn|22
|
|t:|1760848007
|move|p1a: Kyurem|Tera Blast|p2a: Metagross|[anim] Tera Blast Ground
|-supereffective|p2a: Metagross
|-damage|p2a: Metagross|0 fnt
|faint|p2a: Metagross
|
|upkeep
|inactive|ractars has 120 seconds left.
|
|t:|1760848028
|switch|p2a: Garchomp|Garchomp, F|100/100
|turn|23
|
|t:|1760848035
|move|p1a: Kyurem|Icicle Spear|p2a: Garchomp
|-supereffective|p2a: Garchomp
|-damage|p2a: Garchomp|16/100
|-supereffective|p2a: Garchomp
|-damage|p2a: Garchomp|0 fnt
|faint|p2a: Garchomp
|-hitcount|p2: Garchomp|2
|
|upkeep
|
|t:|1760848043
|switch|p2a: Darkrai|Darkrai|71/100
|turn|24
|
|t:|1760848069
|move|p1a: Kyurem|Icicle Spear|p2a: Darkrai
|-damage|p2a: Darkrai|43/100
|-damage|p2a: Darkrai|16/100
|-damage|p2a: Darkrai|0 fnt
|faint|p2a: Darkrai
|-hitcount|p2: Darkrai|3
|
|upkeep
|
|t:|1760848079
|switch|p2a: Zapdos|Zapdos|100/100
|-ability|p2a: Zapdos|Pressure
|turn|25
|
|t:|1760848091
|move|p1a: Kyurem|Icicle Spear|p2a: Zapdos
|-supereffective|p2a: Zapdos
|-damage|p2a: Zapdos|50/100
|-supereffective|p2a: Zapdos
|-damage|p2a: Zapdos|3/100
|-supereffective|p2a: Zapdos
|-damage|p2a: Zapdos|0 fnt
|faint|p2a: Zapdos
|-hitcount|p2: Zapdos|3
|
|win|weedandgame
|raw|weedandgame's rating: 1146 &rarr; <strong>1173</strong><br />(+27 for winning)
|raw|ractars's rating: 1175 &rarr; <strong>1148</strong><br />(-27 for losing)
|l|☆weedandgame
|player|p1|
|l|☆ractars
|player|p2|
