|j|☆I_HATE_ZOROARK
|j|☆ASVERDON
|t:|1760880855
|gametype|singles
|player|p1|I_HATE_ZOROARK|beauty-gen4dp|1091
|player|p2|ASVERDON|nate|1159
|gen|9
|tier|[Gen 9] OU
|rated|
|rule|HP Percentage Mod: HP is shown in percentages
|rule|Endless Battle Clause: Forcing endless battles is banned
|rule|Species Clause: Limit one of each Pokémon
|rule|OHKO Clause: OHKO moves are banned
|rule|Evasion Items Clause: Evasion items are banned
|rule|Evasion Moves Clause: Evasion moves are banned
|rule|Evasion Abilities Clause: Evasion abilities are banned
|rule|Sleep Moves Clause: Sleep-inducing moves are banned
|clearpoke
|poke|p1|Scizor, M|
|poke|p1|Thundurus-Therian, M|
|poke|p1|Dragonite, F|
|poke|p1|Zamazenta-*|
|poke|p1|Serperior, F|
|poke|p1|Dragapult, F|
|poke|p2|Pecharunt|
|poke|p2|Snorlax, F|
|poke|p2|Ditto|
|poke|p2|Araquanid, M|
|poke|p2|Zamazenta-*|
|poke|p2|Porygon2|
|teampreview
|c|☆ASVERDON|!Weak ghost
|c| ASVERDON|/raw <div class="infobox">Ghost:<br /><span class="message-effect-weak">Weaknesses</span>: Dark, Ghost<br /><span class="message-effect-resist">Resistances</span>: Bug, Poison<br /><span class="message-effect-immune">Immunities</span>: Fighting, Normal, Trapping</div>
|inactive|Battle timer is ON: inactive players will automatically lose when time's up. (requested by ASVERDON)
|
|t:|1760880885
|teamsize|p1|6
|teamsize|p2|6
|start
|switch|p1a: Dragapult|Dragapult, F|100/100
|switch|p2a: Ditto|Ditto|100/100
|-transform|p2a: Ditto|p1a: Dragapult|[from] ability: Imposter
|turn|1
|
|t:|1760880901
|move|p1a: Dragapult|Draco Meteor|p2a: Ditto
|-supereffective|p2a: Ditto
|-damage|p2a: Ditto|0 fnt
|-unboost|p1a: Dragapult|spa|2
|faint|p2a: Ditto
|
|upkeep
|
|t:|1760880916
|switch|p2a: Porygon2|Porygon2|100/100
|-ability|p2a: Porygon2|Clear Body|Trace|[from] ability: Trace|[of] p1a: Dragapult
|turn|2
|c|☆I_HATE_ZOROARK|bro doesnt know the ghost weaknesses?
|c|☆ASVERDON|!Weak steel
|c| ASVERDON|/raw <div class="infobox">Steel:<br /><span class="message-effect-weak">Weaknesses</span>: Fighting, Fire, Ground<br /><span class="message-effect-resist">Resistances</span>: Bug, Dragon, Fairy, Flying, Grass, Ice, Normal, Psychic, Rock, Steel<br /><span class="message-effect-immune">Immunities</span>: Poison, Sandstorm damage, Toxic</div>
|inactive|ASVERDON has 120 seconds left.
|c|☆I_HATE_ZOROARK|why r u playing pkmn bro
|
|t:|1760880951
|-terastallize|p2a: Porygon2|Steel
|move|p1a: Dragapult|Draco Meteor|p2a: Porygon2
|-resisted|p2a: Porygon2
|-damage|p2a: Porygon2|88/100
|-unboost|p1a: Dragapult|spa|2
|move|p2a: Porygon2|Trick Room|p2a: Porygon2
|-fieldstart|move: Trick Room|[of] p2a: Porygon2
|
|upkeep
|turn|3
|c|☆ASVERDON|to defeat you
|
|t:|1760880965
|switch|p1a: Scizor|Scizor, M|100/100
|move|p2a: Porygon2|Ice Beam|p1a: Scizor
|-resisted|p1a: Scizor
|-damage|p1a: Scizor|83/100
|
|upkeep
|turn|4
|c|☆I_HATE_ZOROARK|im crine bruh ts ninja think he the main character
|
|t:|1760880989
|switch|p2a: Snorlax|Snorlax, F|100/100
|move|p1a: Scizor|Swords Dance|p1a: Scizor
|-boost|p1a: Scizor|atk|2
|
|upkeep
|turn|5
|c|☆ASVERDON|!weak scizor
|c| ASVERDON|/raw <div class="infobox">Scizor (ignoring abilities):<br /><span class="message-effect-weak">Weaknesses</span>: <b>Fire</b><br /><span class="message-effect-resist">Resistances</span>: Bug, Dragon, Fairy, <b>Grass</b>, Ice, Normal, Psychic, Steel<br /><span class="message-effect-immune">Immunities</span>: Poison, Sandstorm damage, Toxic</div>
|
|t:|1760881009
|-terastallize|p1a: Scizor|Water
|move|p2a: Snorlax|Earthquake|p1a: Scizor
|-damage|p1a: Scizor|40/100
|move|p1a: Scizor|Swords Dance|p1a: Scizor
|-boost|p1a: Scizor|atk|2
|
|upkeep
|turn|6
|
|t:|1760881021
|move|p2a: Snorlax|Body Slam|p1a: Scizor
|-damage|p1a: Scizor|0 fnt
|-damage|p2a: Snorlax|84/100|[from] item: Rocky Helmet|[of] p1a: Scizor
|faint|p1a: Scizor
|
|-fieldend|move: Trick Room
|upkeep
|
|t:|1760881032
|switch|p1a: Dragonite|Dragonite, F|100/100
|turn|7
|
|t:|1760881048
|switch|p2a: Porygon2|Porygon2, tera:Steel|88/100
|-ability|p2a: Porygon2|Multiscale|Trace|[from] ability: Trace|[of] p1a: Dragonite
|move|p1a: Dragonite|Dragon Dance|p1a: Dragonite
|-boost|p1a: Dragonite|atk|1
|-boost|p1a: Dragonite|spe|1
|
|upkeep
|turn|8
|
|t:|1760881056
|move|p1a: Dragonite|Earthquake|p2a: Porygon2
|-supereffective|p2a: Porygon2
|-damage|p2a: Porygon2|11/100
|move|p2a: Porygon2|Trick Room|p2a: Porygon2
|-fieldstart|move: Trick Room|[of] p2a: Porygon2
|
|upkeep
|turn|9
|
|t:|1760881069
|switch|p2a: Snorlax|Snorlax, F|84/100
|move|p1a: Dragonite|Earthquake|p2a: Snorlax
|-damage|p2a: Snorlax|34/100
|
|upkeep
|turn|10
|
|t:|1760881075
|move|p1a: Dragonite|Extreme Speed|p2a: Snorlax
|-damage|p2a: Snorlax|0 fnt
|faint|p2a: Snorlax
|
|upkeep
|
|t:|1760881081
|switch|p2a: Pecharunt|Pecharunt|100/100
|turn|11
|inactive|ASVERDON has 120 seconds left.
|
|t:|1760881091
|move|p2a: Pecharunt|Malignant Chain|p1a: Dragonite
|-damage|p1a: Dragonite|79/100
|-status|p1a: Dragonite|tox
|-start|p1a: Dragonite|confusion|[from] ability: Poison Puppeteer|[of] p2a: Pecharunt
|-activate|p1a: Dragonite|confusion
|move|p1a: Dragonite|Earthquake|p2a: Pecharunt
|-supereffective|p2a: Pecharunt
|-damage|p2a: Pecharunt|28/100
|
|-heal|p2a: Pecharunt|34/100|[from] item: Black Sludge
|-heal|p1a: Dragonite|85/100 tox|[from] item: Leftovers
|-damage|p1a: Dragonite|79/100 tox|[from] psn
|upkeep
|turn|12
|inactive|ASVERDON has 120 seconds left.
|
|t:|1760881104
|move|p2a: Pecharunt|Recover|p2a: Pecharunt
|-heal|p2a: Pecharunt|84/100
|-activate|p1a: Dragonite|confusion
|move|p1a: Dragonite|Earthquake|p2a: Pecharunt
|-supereffective|p2a: Pecharunt
|-damage|p2a: Pecharunt|14/100
|
|-heal|p2a: Pecharunt|20/100|[from] item: Black Sludge
|-heal|p1a: Dragonite|85/100 tox|[from] item: Leftovers
|-damage|p1a: Dragonite|72/100 tox|[from] psn
|-fieldend|move: Trick Room
|upkeep
|turn|13
|inactive|ASVERDON has 120 seconds left.
|
|t:|1760881116
|-activate|p1a: Dragonite|confusion
|-damage|p1a: Dragonite|47/100 tox|[from] confusion
|move|p2a: Pecharunt|Recover|p2a: Pecharunt
|-heal|p2a: Pecharunt|70/100
|
|-heal|p1a: Dragonite|53/100 tox|[from] item: Leftovers
|-heal|p2a: Pecharunt|76/100|[from] item: Black Sludge
|-damage|p1a: Dragonite|35/100 tox|[from] psn
|upkeep
|turn|14
|
|t:|1760881125
|-activate|p1a: Dragonite|confusion
|move|p1a: Dragonite|Earthquake|p2a: Pecharunt
|-supereffective|p2a: Pecharunt
|-damage|p2a: Pecharunt|11/100
|move|p2a: Pecharunt|Recover|p2a: Pecharunt
|-heal|p2a: Pecharunt|61/100
|
|-heal|p1a: Dragonite|41/100 tox|[from] item: Leftovers
|-heal|p2a: Pecharunt|67/100|[from] item: Black Sludge
|-damage|p1a: Dragonite|16/100 tox|[from] psn
|upkeep
|turn|15
|inactive|ASVERDON has 120 seconds left.
|
|t:|1760881140
|switch|p2a: Porygon2|Porygon2, tera:Steel|11/100
|-ability|p2a: Porygon2|Multiscale|Trace|[from] ability: Trace|[of] p1a: Dragonite
|-end|p1a: Dragonite|confusion
|move|p1a: Dragonite|Earthquake|p2a: Porygon2
|-supereffective|p2a: Porygon2
|-damage|p2a: Porygon2|0 fnt
|faint|p2a: Porygon2
|
|-heal|p1a: Dragonite|22/100 tox|[from] item: Leftovers
|-damage|p1a: Dragonite|0 fnt|[from] psn
|faint|p1a: Dragonite
|upkeep
|inactive|ASVERDON has 120 seconds left.
|
|t:|1760881159
|switch|p1a: Serperior|Serperior, F|100/100
|switch|p2a: Araquanid|Araquanid, M|100/100
|turn|16
|
|t:|1760881167
|move|p1a: Serperior|Leaf Storm|p2a: Araquanid
|-damage|p2a: Araquanid|76/100
|-boost|p1a: Serperior|spa|2
|move|p2a: Araquanid|Leech Life|p1a: Serperior
|-supereffective|p1a: Serperior
|-damage|p1a: Serperior|32/100
|-heal|p2a: Araquanid|100/100|[from] drain|[of] p1a: Serperior
|
|upkeep
|turn|17
|inactive|ASVERDON has 120 seconds left.
|
|t:|1760881175
|move|p1a: Serperior|Leaf Storm|p2a: Araquanid
|-damage|p2a: Araquanid|52/100
|-boost|p1a: Serperior|spa|2
|move|p2a: Araquanid|Leech Life|p1a: Serperior
|-supereffective|p1a: Serperior
|-damage|p1a: Serperior|0 fnt
|-heal|p2a: Araquanid|69/100|[from] drain|[of] p1a: Serperior
|faint|p1a: Serperior
|
|upkeep
|
|t:|1760881182
|switch|p1a: Dragapult|Dragapult, F|100/100
|turn|18
|c|☆ASVERDON|!Weak dragapult
|c| ASVERDON|/raw <div class="infobox">Dragapult (ignoring abilities):<br /><span class="message-effect-weak">Weaknesses</span>: Dark, Dragon, Fairy, Ghost, Ice<br /><span class="message-effect-resist">Resistances</span>: Bug, Electric, Fire, Grass, Poison, Water<br /><span class="message-effect-immune">Immunities</span>: Fighting, Normal, Trapping</div>
|inactive|ASVERDON has 120 seconds left.
|
|t:|1760881200
|move|p1a: Dragapult|Thunderbolt|p2a: Araquanid
|-supereffective|p2a: Araquanid
|-damage|p2a: Araquanid|29/100
|move|p2a: Araquanid|Crunch|p1a: Dragapult
|-supereffective|p1a: Dragapult
|-damage|p1a: Dragapult|53/100
|
|upkeep
|turn|19
|inactive|ASVERDON has 120 seconds left.
|
|t:|1760881211
|switch|p2a: Zamazenta|Zamazenta|100/100
|-ability|p2a: Zamazenta|Dauntless Shield|boost
|-boost|p2a: Zamazenta|def|1
|move|p1a: Dragapult|Thunderbolt|p2a: Zamazenta
|-damage|p2a: Zamazenta|64/100
|
|upkeep
|turn|20
|
|t:|1760881221
|move|p1a: Dragapult|Thunderbolt|p2a: Zamazenta
|-damage|p2a: Zamazenta|25/100
|move|p2a: Zamazenta|Crunch|p1a: Dragapult
|-supereffective|p1a: Dragapult
|-damage|p1a: Dragapult|0 fnt
|faint|p1a: Dragapult
|
|upkeep
|
|t:|1760881226
|switch|p1a: Thundurus|Thundurus-Therian, M|100/100
|turn|21
|
|t:|1760881232
|move|p2a: Zamazenta|Endure|p2a: Zamazenta
|-singleturn|p2a: Zamazenta|move: Endure
|move|p1a: Thundurus|Psychic|p2a: Zamazenta
|-supereffective|p2a: Zamazenta
|-activate|p2a: Zamazenta|move: Endure
|-damage|p2a: Zamazenta|1/100
|
|upkeep
|turn|22
|
|t:|1760881238
|move|p2a: Zamazenta|Reversal|p1a: Thundurus
|-resisted|p1a: Thundurus
|-damage|p1a: Thundurus|30/100
|move|p1a: Thundurus|Psychic|p2a: Zamazenta
|-supereffective|p2a: Zamazenta
|-damage|p2a: Zamazenta|0 fnt
|faint|p2a: Zamazenta
|
|upkeep
|
|t:|1760881246
|switch|p2a: Pecharunt|Pecharunt|67/100
|turn|23
|
|t:|1760881251
|move|p1a: Thundurus|Psychic|p2a: Pecharunt
|-supereffective|p2a: Pecharunt
|-damage|p2a: Pecharunt|0 fnt
|faint|p2a: Pecharunt
|
|upkeep
|
|t:|1760881255
|switch|p2a: Araquanid|Araquanid, M|29/100
|turn|24
|c|☆I_HATE_ZOROARK|fuckass pokedexing mf
|c|☆I_HATE_ZOROARK|die
|c|☆ASVERDON|bro never heard of new players
|inactive|ASVERDON has 120 seconds left.
|c|☆I_HATE_ZOROARK|bro never heard of being good
|c|☆ASVERDON|!Weak electric
|c| ASVERDON|/raw <div class="infobox">Electric:<br /><span class="message-effect-weak">Weaknesses</span>: Ground<br /><span class="message-effect-resist">Resistances</span>: Electric, Flying, Steel<br /><span class="message-effect-immune">Immunities</span>: Paralysis</div>
|
|t:|1760881309
|move|p1a: Thundurus|Thunderbolt|p2a: Araquanid
|-supereffective|p2a: Araquanid
|-damage|p2a: Araquanid|0 fnt
|faint|p2a: Araquanid
|
|win|I_HATE_ZOROARK
