|j|☆BoGosse971
|j|☆ballerbrandceo
|t:|1760887004
|gametype|singles
|player|p1|BoGosse971|guitarist-gen4|1180
|player|p2|ballerbrandceo|n|1231
|gen|9
|tier|[Gen 9] OU
|rated|
|rule|HP Percentage Mod: HP is shown in percentages
|rule|Endless Battle Clause: Forcing endless battles is banned
|rule|Species Clause: Limit one of each Pokémon
|rule|OHKO Clause: OHKO moves are banned
|rule|Evasion Items Clause: Evasion items are banned
|rule|Evasion Moves Clause: Evasion moves are banned
|rule|Evasion Abilities Clause: Evasion abilities are banned
|rule|Sleep Moves Clause: Sleep-inducing moves are banned
|clearpoke
|poke|p1|Pelipper, M|
|poke|p1|Politoed, F|
|poke|p1|Barraskewda, M|
|poke|p1|Kingdra, F|
|poke|p1|Ludicolo, M|
|poke|p1|Floatzel, M|
|poke|p2|Rillaboom, M|
|poke|p2|Gholdengo|
|poke|p2|Zamazenta-*|
|poke|p2|Samurott-Hisui, F|
|poke|p2|Hatterene, F|
|poke|p2|Landorus-Therian, M|
|teampreview
|inactive|Battle timer is ON: inactive players will automatically lose when time's up. (requested by ballerbrandceo)
|inactive|BoGosse971 also wants the timer to be on.
|
|t:|1760887031
|teamsize|p1|6
|teamsize|p2|6
|start
|switch|p1a: Pelipper|Pelipper, M|100/100
|switch|p2a: Rillaboom|Rillaboom, M|100/100
|-fieldstart|move: Grassy Terrain|[from] ability: Grassy Surge|[of] p2a: Rillaboom
|-weather|RainDance|[from] ability: Drizzle|[of] p1a: Pelipper
|turn|1
|inactive|BoGosse971 has 120 seconds left.
|
|t:|1760887068
|switch|p2a: Hatterene|Hatterene, F|100/100
|-enditem|p2a: Hatterene|Grassy Seed
|-boost|p2a: Hatterene|def|1|[from] item: Grassy Seed
|move|p1a: Pelipper|U-turn|p2a: Hatterene
|-damage|p2a: Hatterene|96/100
|
|t:|1760887073
|switch|p1a: Ludicolo|Ludicolo, M|100/100|[from] U-turn
|
|-weather|RainDance|[upkeep]
|-heal|p2a: Hatterene|100/100|[from] Grassy Terrain
|upkeep
|turn|2
|
|t:|1760887097
|move|p1a: Ludicolo|Energy Ball|p2a: Hatterene
|-damage|p2a: Hatterene|25/100
|move|p2a: Hatterene|Calm Mind|p2a: Hatterene
|-boost|p2a: Hatterene|spa|1
|-boost|p2a: Hatterene|spd|1
|
|-weather|RainDance|[upkeep]
|-heal|p2a: Hatterene|31/100|[from] Grassy Terrain
|upkeep
|turn|3
|
|t:|1760887114
|move|p1a: Ludicolo|Energy Ball|p2a: Hatterene
|-damage|p2a: Hatterene|0 fnt
|faint|p2a: Hatterene
|
|-weather|RainDance|[upkeep]
|upkeep
|
|t:|1760887117
|switch|p2a: Rillaboom|Rillaboom, M|100/100
|turn|4
|inactive|BoGosse971 has 120 seconds left.
|
|t:|1760887143
|switch|p1a: Kingdra|Kingdra, F|100/100
|move|p2a: Rillaboom|Grassy Glide|p1a: Kingdra
|-damage|p1a: Kingdra|50/100
|
|-weather|RainDance|[upkeep]
|-heal|p1a: Kingdra|56/100|[from] Grassy Terrain
|upkeep
|turn|5
|
|t:|1760887151
|switch|p1a: Ludicolo|Ludicolo, M|100/100
|move|p2a: Rillaboom|Grassy Glide|p1a: Ludicolo
|-damage|p1a: Ludicolo|39/100
|
|-weather|RainDance|[upkeep]
|-heal|p1a: Ludicolo|45/100|[from] Grassy Terrain
|upkeep
|turn|6
|
|t:|1760887164
|move|p2a: Rillaboom|Grassy Glide|p1a: Ludicolo
|-damage|p1a: Ludicolo|0 fnt
|faint|p1a: Ludicolo
|
|-weather|RainDance|[upkeep]
|upkeep
|inactive|BoGosse971 has 120 seconds left.
|
|t:|1760887174
|switch|p1a: Pelipper|Pelipper, M|100/100
|turn|7
|
|t:|1760887190
|switch|p2a: Samurott|Samurott-Hisui, F|100/100
|move|p1a: Pelipper|Hurricane|p2a: Samurott
|-damage|p2a: Samurott|76/100
|
|-weather|RainDance|[upkeep]
|-heal|p2a: Samurott|82/100|[from] Grassy Terrain
|upkeep
|turn|8
|
|t:|1760887197
|move|p2a: Samurott|Ceaseless Edge|p1a: Pelipper
|-damage|p1a: Pelipper|70/100
|-sidestart|p1: BoGosse971|Spikes
|move|p1a: Pelipper|U-turn|p2a: Samurott
|-supereffective|p2a: Samurott
|-damage|p2a: Samurott|64/100
|
|t:|1760887203
|switch|p1a: Floatzel|Floatzel, M|100/100|[from] U-turn
|
|-weather|none
|-heal|p2a: Samurott|70/100|[from] Grassy Terrain
|-fieldend|move: Grassy Terrain
|upkeep
|turn|9
|
|t:|1760887209
|move|p1a: Floatzel|Flip Turn|p2a: Samurott
|-resisted|p2a: Samurott
|-damage|p2a: Samurott|54/100
|
|t:|1760887212
|switch|p1a: Pelipper|Pelipper, M|70/100|[from] Flip Turn
|-weather|RainDance|[from] ability: Drizzle|[of] p1a: Pelipper
|move|p2a: Samurott|Ceaseless Edge|p1a: Pelipper
|-damage|p1a: Pelipper|39/100
|-sidestart|p1: BoGosse971|Spikes
|
|-weather|RainDance|[upkeep]
|upkeep
|turn|10
|
|t:|1760887218
|move|p2a: Samurott|Ceaseless Edge|p1a: Pelipper
|-damage|p1a: Pelipper|9/100
|-sidestart|p1: BoGosse971|Spikes
|move|p1a: Pelipper|U-turn|p2a: Samurott
|-supereffective|p2a: Samurott
|-damage|p2a: Samurott|37/100
|
|t:|1760887227
|switch|p1a: Kingdra|Kingdra, F|56/100|[from] U-turn
|-damage|p1a: Kingdra|31/100|[from] Spikes
|
|-weather|RainDance|[upkeep]
|upkeep
|turn|11
|
|t:|1760887234
|move|p2a: Samurott|Sucker Punch|p1a: Kingdra
|-damage|p1a: Kingdra|0 fnt
|faint|p1a: Kingdra
|
|-weather|RainDance|[upkeep]
|upkeep
|-message|BoGosse971 forfeited.
|
|win|ballerbrandceo
|raw|BoGosse971's rating: 1180 &rarr; <strong>1159</strong><br />(-21 for losing)
|raw|ballerbrandceo's rating: 1231 &rarr; <strong>1252</strong><br />(+21 for winning)
|l|☆BoGosse971
|player|p1|
|l|☆ballerbrandceo
|player|p2|
