|j|☆Abracadaver
|j|‽Kadoooooow
|t:|1760733664
|gametype|singles
|player|p1|Abracadaver|169|1493
|player|p2|Kadoooooow|266|1442
|gen|9
|tier|[Gen 9] OU
|rated|
|rule|HP Percentage Mod: HP is shown in percentages
|rule|Endless Battle Clause: Forcing endless battles is banned
|rule|Species Clause: Limit one of each Pokémon
|rule|OHKO Clause: OHKO moves are banned
|rule|Evasion Items Clause: Evasion items are banned
|rule|Evasion Moves Clause: Evasion moves are banned
|rule|Evasion Abilities Clause: Evasion abilities are banned
|rule|Sleep Moves Clause: Sleep-inducing moves are banned
|clearpoke
|poke|p1|Ceruledge, M|
|poke|p1|Mimikyu, F|
|poke|p1|Dragonite, M|
|poke|p1|Umbreon, M|
|poke|p1|Zapdos|
|poke|p1|Gastrodon-East, F|
|poke|p2|Raging Bolt|
|poke|p2|Kyurem|
|poke|p2|Kingambit, M|
|poke|p2|Enamorus, F|
|poke|p2|Heatran, F|
|poke|p2|Great Tusk|
|teampreview
|
|t:|1760733671
|teamsize|p1|6
|teamsize|p2|6
|start
|switch|p1a: Umbreon|Umbreon, M, shiny|100/100
|switch|p2a: Kyurem|Kyurem|100/100
|-ability|p2a: Kyurem|Pressure
|turn|1
|
|t:|1760733677
|switch|p2a: Enamorus|Enamorus, F|100/100
|move|p1a: Umbreon|Toxic|p2a: Enamorus
|-status|p2a: Enamorus|tox
|
|-damage|p2a: Enamorus|94/100 tox|[from] psn
|upkeep
|turn|2
|
|t:|1760733683
|move|p1a: Umbreon|Protect|p1a: Umbreon
|-singleturn|p1a: Umbreon|Protect
|move|p2a: Enamorus|Moonblast|p1a: Umbreon
|-activate|p1a: Umbreon|move: Protect
|
|-damage|p2a: Enamorus|82/100 tox|[from] psn
|upkeep
|turn|3
|
|t:|1760733690
|switch|p2a: Heatran|Heatran, F|100/100
|move|p1a: Umbreon|Wish|p1a: Umbreon
|
|upkeep
|turn|4
|
|t:|1760733698
|switch|p1a: Gastrodon|Gastrodon-East, F, shiny|100/100
|move|p2a: Heatran|Flamethrower|p1a: Gastrodon
|-resisted|p1a: Gastrodon
|-damage|p1a: Gastrodon|81/100
|
|-heal|p1a: Gastrodon|100/100|[from] move: Wish|[wisher] Umbreon
|upkeep
|turn|5
|
|t:|1760733709
|switch|p2a: Kyurem|Kyurem|100/100
|-ability|p2a: Kyurem|Pressure
|switch|p1a: Umbreon|Umbreon, M, shiny|100/100
|
|upkeep
|turn|6
|
|t:|1760733721
|switch|p2a: Heatran|Heatran, F|100/100
|move|p1a: Umbreon|Foul Play|p2a: Heatran
|-damage|p2a: Heatran|78/100
|
|upkeep
|turn|7
|
|t:|1760733727
|move|p2a: Heatran|Flamethrower|p1a: Umbreon
|-damage|p1a: Umbreon|76/100
|move|p1a: Umbreon|Foul Play|p2a: Heatran
|-damage|p2a: Heatran|55/100
|
|-heal|p1a: Umbreon|82/100|[from] item: Leftovers
|upkeep
|turn|8
|
|t:|1760733734
|move|p2a: Heatran|Flamethrower|p1a: Umbreon
|-damage|p1a: Umbreon|58/100
|move|p1a: Umbreon|Wish|p1a: Umbreon
|
|-heal|p1a: Umbreon|64/100|[from] item: Leftovers
|upkeep
|turn|9
|
|t:|1760733742
|move|p2a: Heatran|Flamethrower|p1a: Umbreon
|-damage|p1a: Umbreon|40/100
|-status|p1a: Umbreon|brn
|-activate|p1a: Umbreon|ability: Synchronize
|-immune|p2a: Heatran
|move|p1a: Umbreon|Foul Play|p2a: Heatran
|-crit|p2a: Heatran
|-damage|p2a: Heatran|38/100
|
|-heal|p1a: Umbreon|90/100 brn|[from] move: Wish|[wisher] Umbreon
|-heal|p1a: Umbreon|96/100 brn|[from] item: Leftovers
|-damage|p1a: Umbreon|90/100 brn|[from] brn
|upkeep
|turn|10
|
|t:|1760733756
|switch|p1a: Gastrodon|Gastrodon-East, F, shiny|100/100
|move|p2a: Heatran|Flamethrower|p1a: Gastrodon
|-resisted|p1a: Gastrodon
|-damage|p1a: Gastrodon|80/100
|
|-heal|p1a: Gastrodon|86/100|[from] item: Leftovers
|upkeep
|turn|11
|
|t:|1760733765
|switch|p2a: Enamorus|Enamorus, F|82/100 tox
|move|p1a: Gastrodon|Earth Power|p2a: Enamorus
|-immune|p2a: Enamorus
|
|-heal|p1a: Gastrodon|93/100|[from] item: Leftovers
|-damage|p2a: Enamorus|76/100 tox|[from] psn
|upkeep
|turn|12
|
|t:|1760733773
|switch|p2a: Kyurem|Kyurem|100/100
|-ability|p2a: Kyurem|Pressure
|move|p1a: Gastrodon|Recover|p1a: Gastrodon
|-heal|p1a: Gastrodon|100/100
|
|upkeep
|turn|13
|
|t:|1760733781
|switch|p1a: Umbreon|Umbreon, M, shiny|90/100 brn
|move|p2a: Kyurem|Freeze-Dry|p1a: Umbreon
|-damage|p1a: Umbreon|72/100 brn
|
|-heal|p1a: Umbreon|78/100 brn|[from] item: Leftovers
|-damage|p1a: Umbreon|72/100 brn|[from] brn
|upkeep
|turn|14
|
|t:|1760733789
|switch|p2a: Heatran|Heatran, F|38/100
|move|p1a: Umbreon|Wish|p1a: Umbreon
|
|-heal|p1a: Umbreon|78/100 brn|[from] item: Leftovers
|-damage|p1a: Umbreon|72/100 brn|[from] brn
|upkeep
|turn|15
|
|t:|1760733803
|switch|p1a: Gastrodon|Gastrodon-East, F, shiny|100/100
|move|p2a: Heatran|Flamethrower|p1a: Gastrodon
|-resisted|p1a: Gastrodon
|-damage|p1a: Gastrodon|79/100
|
|-heal|p1a: Gastrodon|100/100|[from] move: Wish|[wisher] Umbreon
|upkeep
|turn|16
|
|t:|1760733812
|switch|p2a: Enamorus|Enamorus, F|76/100 tox
|move|p1a: Gastrodon|Earth Power|p2a: Enamorus
|-immune|p2a: Enamorus
|
|-damage|p2a: Enamorus|69/100 tox|[from] psn
|upkeep
|turn|17
|
|t:|1760733820
|move|p2a: Enamorus|Moonblast|p1a: Gastrodon
|-damage|p1a: Gastrodon|50/100
|move|p1a: Gastrodon|Ice Beam|p2a: Enamorus
|-supereffective|p2a: Enamorus
|-damage|p2a: Enamorus|4/100 tox
|
|-heal|p1a: Gastrodon|56/100|[from] item: Leftovers
|-damage|p2a: Enamorus|0 fnt|[from] psn
|faint|p2a: Enamorus
|upkeep
|
|t:|1760733830
|switch|p2a: Kyurem|Kyurem|100/100
|-ability|p2a: Kyurem|Pressure
|turn|18
|
|t:|1760733838
|switch|p1a: Umbreon|Umbreon, M, shiny|72/100 brn
|-terastallize|p2a: Kyurem|Ice
|move|p2a: Kyurem|Ice Beam|p1a: Umbreon
|-damage|p1a: Umbreon|42/100 brn
|
|-heal|p1a: Umbreon|48/100 brn|[from] item: Leftovers
|-damage|p1a: Umbreon|42/100 brn|[from] brn
|upkeep
|turn|19
|
|t:|1760733846
|move|p2a: Kyurem|Ice Beam|p1a: Umbreon
|-damage|p1a: Umbreon|10/100 brn
|move|p1a: Umbreon|Wish|p1a: Umbreon
|
|-heal|p1a: Umbreon|16/100 brn|[from] item: Leftovers
|-damage|p1a: Umbreon|10/100 brn|[from] brn
|upkeep
|turn|20
|
|t:|1760733853
|switch|p2a: Kingambit|Kingambit, M|100/100
|-activate|p2a: Kingambit|ability: Supreme Overlord
|-start|p2a: Kingambit|fallen1|[silent]
|move|p1a: Umbreon|Protect||[still]
|-fail|p1a: Umbreon
|
|-heal|p1a: Umbreon|60/100 brn|[from] move: Wish|[wisher] Umbreon
|-heal|p1a: Umbreon|66/100 brn|[from] item: Leftovers
|-damage|p1a: Umbreon|60/100 brn|[from] brn
|upkeep
|turn|21
|
|t:|1760733863
|switch|p1a: Zapdos|Zapdos|100/100
|move|p2a: Kingambit|Swords Dance|p2a: Kingambit
|-boost|p2a: Kingambit|atk|2
|
|upkeep
|turn|22
|
|t:|1760733869
|switch|p1a: Ceruledge|Ceruledge, M|100/100
|move|p2a: Kingambit|Sucker Punch||[still]
|-fail|p2a: Kingambit
|
|upkeep
|turn|23
|
|t:|1760733875
|-end|p2a: Kingambit|fallen1|[silent]
|switch|p2a: Heatran|Heatran, F|38/100
|move|p1a: Ceruledge|Bitter Blade|p2a: Heatran
|-start|p2a: Heatran|ability: Flash Fire
|
|upkeep
|turn|24
|
|t:|1760733882
|move|p2a: Heatran|Earth Power|p1a: Ceruledge
|-supereffective|p1a: Ceruledge
|-damage|p1a: Ceruledge|45/100
|move|p1a: Ceruledge|Poltergeist|p2a: Heatran
|-activate|p2a: Heatran|move: Poltergeist|Choice Scarf
|-damage|p2a: Heatran|0 fnt
|faint|p2a: Heatran
|
|upkeep
|
|t:|1760733889
|switch|p2a: Great Tusk|Great Tusk|100/100
|turn|25
|
|t:|1760733895
|-terastallize|p1a: Ceruledge|Grass
|move|p2a: Great Tusk|Ice Spinner|p1a: Ceruledge
|-supereffective|p1a: Ceruledge
|-damage|p1a: Ceruledge|0 fnt
|faint|p1a: Ceruledge
|
|upkeep
|
|t:|1760733901
|switch|p1a: Zapdos|Zapdos|100/100
|turn|26
|
|t:|1760733905
|-end|p2a: Great Tusk|Protosynthesis|[silent]
|switch|p2a: Raging Bolt|Raging Bolt|100/100
|-enditem|p2a: Raging Bolt|Booster Energy
|-activate|p2a: Raging Bolt|ability: Protosynthesis|[fromitem]
|-start|p2a: Raging Bolt|protosynthesisspa
|move|p1a: Zapdos|Hurricane|p2a: Raging Bolt|[miss]
|-miss|p1a: Zapdos|p2a: Raging Bolt
|
|upkeep
|turn|27
|
|t:|1760733916
|switch|p1a: Umbreon|Umbreon, M, shiny|60/100 brn
|move|p2a: Raging Bolt|Calm Mind|p2a: Raging Bolt
|-boost|p2a: Raging Bolt|spa|1
|-boost|p2a: Raging Bolt|spd|1
|
|-heal|p1a: Umbreon|66/100 brn|[from] item: Leftovers
|-damage|p1a: Umbreon|60/100 brn|[from] brn
|upkeep
|turn|28
|
|t:|1760733924
|move|p2a: Raging Bolt|Thunderbolt|p1a: Umbreon
|-damage|p1a: Umbreon|6/100 brn
|move|p1a: Umbreon|Toxic|p2a: Raging Bolt
|-status|p2a: Raging Bolt|tox
|
|-heal|p1a: Umbreon|12/100 brn|[from] item: Leftovers
|-damage|p2a: Raging Bolt|94/100 tox|[from] psn
|-damage|p1a: Umbreon|6/100 brn|[from] brn
|upkeep
|turn|29
|
|t:|1760733932
|move|p1a: Umbreon|Protect|p1a: Umbreon
|-singleturn|p1a: Umbreon|Protect
|move|p2a: Raging Bolt|Calm Mind|p2a: Raging Bolt
|-boost|p2a: Raging Bolt|spa|1
|-boost|p2a: Raging Bolt|spd|1
|
|-heal|p1a: Umbreon|12/100 brn|[from] item: Leftovers
|-damage|p2a: Raging Bolt|82/100 tox|[from] psn
|-damage|p1a: Umbreon|6/100 brn|[from] brn
|upkeep
|turn|30
|
|t:|1760733943
|move|p2a: Raging Bolt|Dragon Pulse|p1a: Umbreon
|-damage|p1a: Umbreon|0 fnt
|faint|p1a: Umbreon
|
|-damage|p2a: Raging Bolt|64/100 tox|[from] psn
|upkeep
|
|t:|1760733949
|switch|p1a: Gastrodon|Gastrodon-East, F, shiny|56/100
|turn|31
|
|t:|1760733953
|switch|p1a: Mimikyu|Mimikyu, F|100/100
|move|p2a: Raging Bolt|Dragon Pulse|p1a: Mimikyu
|-immune|p1a: Mimikyu
|
|-damage|p2a: Raging Bolt|39/100 tox|[from] psn
|upkeep
|turn|32
|
|t:|1760733964
|switch|p1a: Gastrodon|Gastrodon-East, F, shiny|56/100
|-end|p2a: Raging Bolt|Protosynthesis|[silent]
|switch|p2a: Great Tusk|Great Tusk|100/100
|
|-heal|p1a: Gastrodon|62/100|[from] item: Leftovers
|upkeep
|turn|33
|
|t:|1760733971
|move|p2a: Great Tusk|Stealth Rock|p1a: Gastrodon
|-sidestart|p1: Abracadaver|move: Stealth Rock
|move|p1a: Gastrodon|Recover|p1a: Gastrodon
|-heal|p1a: Gastrodon|100/100
|
|upkeep
|turn|34
|
|t:|1760733983
|-end|p2a: Great Tusk|Protosynthesis|[silent]
|switch|p2a: Kyurem|Kyurem, tera:Ice|100/100
|-ability|p2a: Kyurem|Pressure
|move|p1a: Gastrodon|Earth Power|p2a: Kyurem
|-damage|p2a: Kyurem|68/100
|
|upkeep
|turn|35
|
|t:|1760734011
|move|p2a: Kyurem|Freeze-Dry|p1a: Gastrodon
|-supereffective|p1a: Gastrodon
|-damage|p1a: Gastrodon|0 fnt
|faint|p1a: Gastrodon
|
|upkeep
|
|t:|1760734043
|switch|p1a: Mimikyu|Mimikyu, F|100/100
|-damage|p1a: Mimikyu|88/100|[from] Stealth Rock
|turn|36
|
|t:|1760734085
|switch|p2a: Great Tusk|Great Tusk|100/100
|move|p1a: Mimikyu|Drain Punch|p2a: Great Tusk
|-damage|p2a: Great Tusk|81/100
|-heal|p1a: Mimikyu|100/100|[from] drain|[of] p2a: Great Tusk
|-damage|p1a: Mimikyu|91/100|[from] item: Life Orb
|
|upkeep
|turn|37
|
|t:|1760734096
|move|p1a: Mimikyu|Play Rough|p2a: Great Tusk
|-supereffective|p2a: Great Tusk
|-damage|p2a: Great Tusk|13/100
|-damage|p1a: Mimikyu|81/100|[from] item: Life Orb
|move|p2a: Great Tusk|Ice Spinner|p1a: Mimikyu
|-activate|p1a: Mimikyu|ability: Disguise
|-damage|p1a: Mimikyu|81/100
|detailschange|p1a: Mimikyu|Mimikyu-Busted, F
|-damage|p1a: Mimikyu|68/100|[from] pokemon: Mimikyu-Busted
|
|upkeep
|turn|38
|
|t:|1760734106
|move|p1a: Mimikyu|Drain Punch|p2a: Great Tusk
|-damage|p2a: Great Tusk|0 fnt
|-heal|p1a: Mimikyu|77/100|[from] drain|[of] p2a: Great Tusk
|faint|p2a: Great Tusk
|-end|p2a: Great Tusk|Protosynthesis|[silent]
|-damage|p1a: Mimikyu|68/100|[from] item: Life Orb
|
|upkeep
|
|t:|1760734108
|switch|p2a: Kingambit|Kingambit, M|100/100
|-activate|p2a: Kingambit|ability: Supreme Overlord
|-start|p2a: Kingambit|fallen3|[silent]
|turn|39
|
|t:|1760734126
|move|p2a: Kingambit|Sucker Punch|p1a: Mimikyu
|-damage|p1a: Mimikyu|0 fnt
|faint|p1a: Mimikyu
|
|upkeep
|
|t:|1760734139
|switch|p1a: Dragonite|Dragonite, M|100/100
|turn|40
|
|t:|1760734144
|move|p1a: Dragonite|Dragon Dance|p1a: Dragonite
|-boost|p1a: Dragonite|atk|1
|-boost|p1a: Dragonite|spe|1
|move|p2a: Kingambit|Kowtow Cleave|p1a: Dragonite
|-damage|p1a: Dragonite|64/100
|
|upkeep
|turn|41
|
|t:|1760734150
|move|p2a: Kingambit|Sucker Punch||[still]
|-fail|p2a: Kingambit
|move|p1a: Dragonite|Dragon Dance|p1a: Dragonite
|-boost|p1a: Dragonite|atk|1
|-boost|p1a: Dragonite|spe|1
|
|upkeep
|turn|42
|
|t:|1760734155
|move|p2a: Kingambit|Sucker Punch|p1a: Dragonite
|-damage|p1a: Dragonite|1/100
|move|p1a: Dragonite|Earthquake|p2a: Kingambit
|-supereffective|p2a: Kingambit
|-damage|p2a: Kingambit|0 fnt
|faint|p2a: Kingambit
|-end|p2a: Kingambit|fallen3|[silent]
|
|upkeep
|
|t:|1760734159
|switch|p2a: Raging Bolt|Raging Bolt|39/100 tox
|turn|43
|
|t:|1760734163
|move|p1a: Dragonite|Extreme Speed|p2a: Raging Bolt
|-damage|p2a: Raging Bolt|0 fnt
|faint|p2a: Raging Bolt
|-end|p2a: Raging Bolt|Protosynthesis|[silent]
|
|upkeep
|
|t:|1760734166
|switch|p2a: Kyurem|Kyurem, tera:Ice|68/100
|-ability|p2a: Kyurem|Pressure
|turn|44
|
|t:|1760734171
|move|p1a: Dragonite|Extreme Speed|p2a: Kyurem
|-damage|p2a: Kyurem|5/100
|move|p2a: Kyurem|Ice Beam|p1a: Dragonite
|-supereffective|p1a: Dragonite
|-damage|p1a: Dragonite|0 fnt
|faint|p1a: Dragonite
|
|upkeep
|
|t:|1760734178
|switch|p1a: Zapdos|Zapdos|100/100
|turn|45
|
|t:|1760734181
|move|p2a: Kyurem|Ice Beam|p1a: Zapdos
|-supereffective|p1a: Zapdos
|-damage|p1a: Zapdos|0 fnt
|faint|p1a: Zapdos
|
|win|Kadoooooow
|raw|Abracadaver's rating: 1493 &rarr; <strong>1470</strong><br />(-23 for losing)
|raw|Kadoooooow's rating: 1442 &rarr; <strong>1465</strong><br />(+23 for winning)
|l|‽Kadoooooow
|player|p2|
|l|☆Abracadaver
|player|p1|
