|j|☆minhoto
|j|☆blackgokuking
|t:|1760741040
|gametype|singles
|player|p1|minhoto|2|1429
|player|p2|blackgokuking|depotagent|1490
|gen|9
|tier|[Gen 9] OU
|rated|
|rule|HP Percentage Mod: HP is shown in percentages
|rule|Endless Battle Clause: Forcing endless battles is banned
|rule|Species Clause: Limit one of each Pokémon
|rule|OHKO Clause: OHKO moves are banned
|rule|Evasion Items Clause: Evasion items are banned
|rule|Evasion Moves Clause: Evasion moves are banned
|rule|Evasion Abilities Clause: Evasion abilities are banned
|rule|Sleep Moves Clause: Sleep-inducing moves are banned
|clearpoke
|poke|p1|Blissey, F|
|poke|p1|Corviknight, M|
|poke|p1|Cinderace, F|
|poke|p1|Dondozo, M|
|poke|p1|Slowking-Galar, M|
|poke|p1|Toxapex, M|
|poke|p2|Rillaboom, F|
|poke|p2|Magnezone|
|poke|p2|Great Tusk|
|poke|p2|Dragapult, M|
|poke|p2|Kingambit, M|
|poke|p2|Tornadus-Therian, M|
|teampreview
|inactive|Battle timer is ON: inactive players will automatically lose when time's up. (requested by minhoto)
|
|t:|1760741049
|teamsize|p1|6
|teamsize|p2|6
|start
|switch|p1a: Toxapex|Toxapex, M|100/100
|switch|p2a: Tornadus|Tornadus-Therian, M|100/100
|turn|1
|
|t:|1760741056
|move|p2a: Tornadus|Knock Off|p1a: Toxapex
|-damage|p1a: Toxapex|88/100
|-damage|p2a: Tornadus|84/100|[from] item: Rocky Helmet|[of] p1a: Toxapex
|-enditem|p1a: Toxapex|Rocky Helmet|[from] move: Knock Off|[of] p2a: Tornadus
|move|p1a: Toxapex|Toxic|p2a: Tornadus
|-status|p2a: Tornadus|tox
|
|-damage|p2a: Tornadus|78/100 tox|[from] psn
|upkeep
|turn|2
|
|t:|1760741066
|switch|p1a: Slowking|Slowking-Galar, M|100/100
|move|p2a: Tornadus|U-turn|p1a: Slowking
|-damage|p1a: Slowking|89/100
|
|t:|1760741071
|switch|p2a: Great Tusk|Great Tusk|100/100|[from] U-turn
|
|-heal|p1a: Slowking|95/100|[from] item: Black Sludge
|upkeep
|turn|3
|
|t:|1760741076
|switch|p1a: Corviknight|Corviknight, M|100/100
|-ability|p1a: Corviknight|Pressure
|move|p2a: Great Tusk|Stealth Rock|p1a: Corviknight
|-sidestart|p1: minhoto|move: Stealth Rock
|
|upkeep
|turn|4
|
|t:|1760741082
|-end|p2a: Great Tusk|Protosynthesis|[silent]
|switch|p2a: Magnezone|Magnezone|100/100
|move|p1a: Corviknight|Defog|p2a: Magnezone
|-unboost|p2a: Magnezone|evasion|1
|-sideend|p1: minhoto|Stealth Rock|[from] move: Defog|[of] p1a: Corviknight
|
|upkeep
|turn|5
|
|t:|1760741093
|move|p2a: Magnezone|Thunderbolt|p1a: Corviknight
|-supereffective|p1a: Corviknight
|-damage|p1a: Corviknight|0 fnt
|faint|p1a: Corviknight
|
|upkeep
|
|t:|1760741098
|switch|p1a: Cinderace|Cinderace, F|100/100
|turn|6
|
|t:|1760741103
|switch|p2a: Great Tusk|Great Tusk|100/100
|move|p1a: Cinderace|Pyro Ball|p2a: Great Tusk
|-damage|p2a: Great Tusk|57/100
|
|upkeep
|turn|7
|
|t:|1760741110
|-terastallize|p1a: Cinderace|Fire
|move|p1a: Cinderace|Pyro Ball|p2a: Great Tusk
|-damage|p2a: Great Tusk|5/100
|move|p2a: Great Tusk|Headlong Rush|p1a: Cinderace
|-supereffective|p1a: Cinderace
|-damage|p1a: Cinderace|0 fnt
|-unboost|p2a: Great Tusk|def|1
|-unboost|p2a: Great Tusk|spd|1
|faint|p1a: Cinderace
|
|upkeep
|-message|minhoto forfeited.
|
|win|blackgokuking
|raw|minhoto's rating: 1429 &rarr; <strong>1412</strong><br />(-17 for losing)
|raw|blackgokuking's rating: 1490 &rarr; <strong>1507</strong><br />(+17 for winning)
|l|☆minhoto
|player|p1|
