|j|☆lemlxm
|j|☆Argha321
|t:|1760774970
|gametype|singles
|player|p1|lemlxm|steven|1167
|player|p2|Argha321|alder|1165
|gen|9
|tier|[Gen 9] OU
|rated|
|rule|HP Percentage Mod: HP is shown in percentages
|rule|Endless Battle Clause: Forcing endless battles is banned
|rule|Species Clause: Limit one of each Pokémon
|rule|OHKO Clause: OHKO moves are banned
|rule|Evasion Items Clause: Evasion items are banned
|rule|Evasion Moves Clause: Evasion moves are banned
|rule|Evasion Abilities Clause: Evasion abilities are banned
|rule|Sleep Moves Clause: Sleep-inducing moves are banned
|clearpoke
|poke|p1|Scizor, F|
|poke|p1|Iron Valiant|
|poke|p1|Dragonite, M|
|poke|p1|Great Tusk|
|poke|p1|Walking Wake|
|poke|p1|Dragapult, F|
|poke|p2|Pikachu-Original, M|
|poke|p2|Charizard, F|
|poke|p2|Infernape, F|
|poke|p2|Krookodile, M|
|poke|p2|Greninja-*, M|
|poke|p2|Lycanroc-Dusk, M|
|teampreview
|inactive|Battle timer is ON: inactive players will automatically lose when time's up. (requested by lemlxm)
|
|t:|1760775000
|teamsize|p1|6
|teamsize|p2|6
|start
|switch|p1a: Dragapult|Dragapult, F|100/100
|switch|p2a: Infernape|Infernape, F|100/100
|turn|1
|inactive|lemlxm has 120 seconds left.
|
|t:|1760775036
|move|p2a: Infernape|U-turn|p1a: Dragapult
|-resisted|p1a: Dragapult
|-damage|p1a: Dragapult|85/100
|
|t:|1760775041
|switch|p2a: Pikachu|Pikachu-Original, M|100/100|[from] U-turn
|move|p1a: Dragapult|Thunderbolt|p2a: Pikachu
|-resisted|p2a: Pikachu
|-damage|p2a: Pikachu|62/100
|
|upkeep
|turn|2
|
|t:|1760775048
|move|p1a: Dragapult|Shadow Ball|p2a: Pikachu
|-damage|p2a: Pikachu|0 fnt
|faint|p2a: Pikachu
|
|upkeep
|
|t:|1760775051
|switch|p2a: Krookodile|Krookodile, M|100/100
|-ability|p2a: Krookodile|Intimidate|boost
|-unboost|p1a: Dragapult|atk|1
|turn|3
|
|t:|1760775057
|move|p1a: Dragapult|Draco Meteor|p2a: Krookodile
|-damage|p2a: Krookodile|34/100
|-unboost|p1a: Dragapult|spa|2
|move|p2a: Krookodile|Knock Off|p1a: Dragapult
|-supereffective|p1a: Dragapult
|-damage|p1a: Dragapult|0 fnt
|-start|p2a: Krookodile|Disable|Knock Off|[from] ability: Cursed Body|[of] p1a: Dragapult
|-enditem|p1a: Dragapult|Focus Sash|[from] move: Knock Off|[of] p2a: Krookodile
|faint|p1a: Dragapult
|
|-heal|p2a: Krookodile|40/100|[from] item: Leftovers
|upkeep
|
|t:|1760775067
|switch|p1a: Walking Wake|Walking Wake|100/100
|-enditem|p1a: Walking Wake|Booster Energy
|-activate|p1a: Walking Wake|ability: Protosynthesis|[fromitem]
|-start|p1a: Walking Wake|protosynthesisspa
|turn|4
|
|t:|1760775071
|move|p1a: Walking Wake|Hydro Pump|p2a: Krookodile
|-supereffective|p2a: Krookodile
|-damage|p2a: Krookodile|0 fnt
|faint|p2a: Krookodile
|
|upkeep
|
|t:|1760775074
|switch|p2a: Infernape|Infernape, F|100/100
|turn|5
|
|t:|1760775081
|move|p2a: Infernape|Close Combat|p1a: Walking Wake
|-damage|p1a: Walking Wake|38/100
|-unboost|p2a: Infernape|def|1
|-unboost|p2a: Infernape|spd|1
|move|p1a: Walking Wake|Draco Meteor|p2a: Infernape
|-damage|p2a: Infernape|0 fnt
|-unboost|p1a: Walking Wake|spa|2
|faint|p2a: Infernape
|
|upkeep
|
|t:|1760775087
|switch|p2a: Greninja|Greninja, M|100/100
|turn|6
|
|t:|1760775092
|move|p2a: Greninja|Dark Pulse|p1a: Walking Wake
|-damage|p1a: Walking Wake|0 fnt
|faint|p1a: Walking Wake
|-end|p1a: Walking Wake|Protosynthesis|[silent]
|-ability|p2a: Greninja|Battle Bond|boost
|-boost|p2a: Greninja|atk|1
|-boost|p2a: Greninja|spa|1
|-boost|p2a: Greninja|spe|1
|-activate|p2a: Greninja|ability: Battle Bond
|
|upkeep
|
|t:|1760775099
|switch|p1a: Iron Valiant|Iron Valiant, shiny|100/100
|-enditem|p1a: Iron Valiant|Booster Energy
|-activate|p1a: Iron Valiant|ability: Quark Drive|[fromitem]
|-start|p1a: Iron Valiant|quarkdrivespe
|turn|7
|
|t:|1760775104
|-terastallize|p2a: Greninja|Water
|move|p2a: Greninja|Surf|p1a: Iron Valiant
|-damage|p1a: Iron Valiant|0 fnt
|faint|p1a: Iron Valiant
|-end|p1a: Iron Valiant|Quark Drive|[silent]
|
|upkeep
|
|t:|1760775112
|switch|p1a: Dragonite|Dragonite, M|100/100
|turn|8
|
|t:|1760775114
|move|p2a: Greninja|Ice Beam|p1a: Dragonite
|-supereffective|p1a: Dragonite
|-damage|p1a: Dragonite|4/100
|move|p1a: Dragonite|Dragon Dance|p1a: Dragonite
|-boost|p1a: Dragonite|atk|1
|-boost|p1a: Dragonite|spe|1
|
|upkeep
|turn|9
|
|t:|1760775125
|-terastallize|p1a: Dragonite|Ice
|move|p1a: Dragonite|Extreme Speed|p2a: Greninja
|-damage|p2a: Greninja|34/100
|move|p2a: Greninja|Surf|p1a: Dragonite
|-damage|p1a: Dragonite|0 fnt
|faint|p1a: Dragonite
|
|upkeep
|inactive|lemlxm has 120 seconds left.
|
|t:|1760775175
|switch|p1a: Scizor|Scizor, F|100/100
|turn|10
|
|t:|1760775188
|move|p2a: Greninja|Surf|p1a: Scizor
|-damage|p1a: Scizor|0 fnt
|faint|p1a: Scizor
|
|upkeep
|
|t:|1760775190
|switch|p1a: Great Tusk|Great Tusk|100/100
|-enditem|p1a: Great Tusk|Booster Energy
|-activate|p1a: Great Tusk|ability: Protosynthesis|[fromitem]
|-start|p1a: Great Tusk|protosynthesisatk
|turn|11
|
|t:|1760775195
|move|p2a: Greninja|Surf|p1a: Great Tusk
|-supereffective|p1a: Great Tusk
|-damage|p1a: Great Tusk|0 fnt
|faint|p1a: Great Tusk
|-end|p1a: Great Tusk|Protosynthesis|[silent]
|
|win|Argha321
|raw|lemlxm's rating: 1167 &rarr; <strong>1142</strong><br />(-25 for losing)
|raw|Argha321's rating: 1165 &rarr; <strong>1190</strong><br />(+25 for winning)
|l|☆lemlxm
|player|p1|
|l|☆Argha321
|player|p2|
