|j|☆lil_suck12
|j|☆Shamylsher
|t:|1760741232
|gametype|singles
|player|p1|lil_suck12|2|1483
|player|p2|Shamylsher|lusamine-nihilego|1494
|gen|9
|tier|[Gen 9] OU
|rated|
|rule|HP Percentage Mod: HP is shown in percentages
|rule|Endless Battle Clause: Forcing endless battles is banned
|rule|Species Clause: Limit one of each Pokémon
|rule|OHKO Clause: OHKO moves are banned
|rule|Evasion Items Clause: Evasion items are banned
|rule|Evasion Moves Clause: Evasion moves are banned
|rule|Evasion Abilities Clause: Evasion abilities are banned
|rule|Sleep Moves Clause: Sleep-inducing moves are banned
|clearpoke
|poke|p1|Iron Crown|
|poke|p1|Samurott-Hisui, M|
|poke|p1|Zapdos|
|poke|p1|Dragapult, M|
|poke|p1|Great Tusk|
|poke|p1|Iron Boulder|
|poke|p2|Pelipper, F|
|poke|p2|Tornadus-Therian, M|
|poke|p2|Iron Treads|
|poke|p2|Decidueye-Hisui, F|
|poke|p2|Barraskewda, M|
|poke|p2|Raging Bolt|
|teampreview
|inactive|Battle timer is ON: inactive players will automatically lose when time's up. (requested by Shamylsher)
|
|t:|1760741245
|teamsize|p1|6
|teamsize|p2|6
|start
|switch|p1a: Hurikan|Zapdos|100/100
|switch|p2a: Pelipper|Pelipper, F|100/100
|-weather|RainDance|[from] ability: Drizzle|[of] p2a: Pelipper
|turn|1
|
|t:|1760741256
|switch|p2a: Iron Treads|Iron Treads|100/100
|move|p1a: Hurikan|U-turn|p2a: Iron Treads
|-resisted|p2a: Iron Treads
|-damage|p2a: Iron Treads|95/100
|
|t:|1760741273
|switch|p1a: Everytime We Touch|Samurott-Hisui, M|100/100|[from] U-turn
|
|-weather|RainDance|[upkeep]
|-heal|p2a: Iron Treads|100/100|[from] item: Leftovers
|upkeep
|turn|2
|
|t:|1760741284
|-end|p2a: Iron Treads|Quark Drive|[silent]
|switch|p2a: Decidueye|Decidueye-Hisui, F|100/100
|move|p1a: Everytime We Touch|Sacred Sword|p2a: Decidueye
|-damage|p2a: Decidueye|68/100
|-damage|p1a: Everytime We Touch|84/100|[from] item: Rocky Helmet|[of] p2a: Decidueye
|
|-weather|RainDance|[upkeep]
|upkeep
|turn|3
|
|t:|1760741292
|switch|p1a: Hurikan|Zapdos|100/100
|move|p2a: Decidueye|Roost|p2a: Decidueye
|-heal|p2a: Decidueye|100/100
|-singleturn|p2a: Decidueye|move: Roost
|
|-weather|RainDance|[upkeep]
|upkeep
|turn|4
|
|t:|1760741300
|switch|p2a: Iron Treads|Iron Treads|100/100
|move|p1a: Hurikan|Hurricane|p2a: Iron Treads
|-resisted|p2a: Iron Treads
|-damage|p2a: Iron Treads|82/100
|
|-weather|RainDance|[upkeep]
|-heal|p2a: Iron Treads|88/100|[from] item: Leftovers
|upkeep
|turn|5
|
|t:|1760741304
|move|p2a: Iron Treads|Stealth Rock|p1a: Hurikan
|-sidestart|p1: lil_suck12|move: Stealth Rock
|move|p1a: Hurikan|U-turn|p2a: Iron Treads
|-resisted|p2a: Iron Treads
|-damage|p2a: Iron Treads|83/100
|
|t:|1760741318
|switch|p1a: Everytime We Touch|Samurott-Hisui, M|84/100|[from] U-turn
|-damage|p1a: Everytime We Touch|72/100|[from] Stealth Rock
|
|-weather|RainDance|[upkeep]
|-heal|p2a: Iron Treads|89/100|[from] item: Leftovers
|upkeep
|turn|6
|
|t:|1760741321
|-end|p2a: Iron Treads|Quark Drive|[silent]
|switch|p2a: Decidueye|Decidueye-Hisui, F|100/100
|move|p1a: Everytime We Touch|Flip Turn|p2a: Decidueye
|-resisted|p2a: Decidueye
|-damage|p2a: Decidueye|86/100
|-damage|p1a: Everytime We Touch|55/100|[from] item: Rocky Helmet|[of] p2a: Decidueye
|
|t:|1760741335
|switch|p1a: Mindreader|Iron Crown|100/100|[from] Flip Turn
|-damage|p1a: Mindreader|94/100|[from] Stealth Rock
|
|-weather|RainDance|[upkeep]
|upkeep
|turn|7
|
|t:|1760741343
|switch|p2a: Iron Treads|Iron Treads|89/100
|move|p1a: Mindreader|Psyshock|p2a: Iron Treads
|-resisted|p2a: Iron Treads
|-damage|p2a: Iron Treads|66/100
|
|-weather|RainDance|[upkeep]
|-heal|p2a: Iron Treads|72/100|[from] item: Leftovers
|upkeep
|turn|8
|
|t:|1760741349
|-end|p1a: Mindreader|Quark Drive|[silent]
|switch|p1a: Hurikan|Zapdos|100/100
|move|p2a: Iron Treads|Knock Off|p1a: Hurikan
|-damage|p1a: Hurikan|84/100
|-enditem|p1a: Hurikan|Heavy-Duty Boots|[from] move: Knock Off|[of] p2a: Iron Treads
|
|-weather|none
|-heal|p2a: Iron Treads|78/100|[from] item: Leftovers
|upkeep
|turn|9
|
|t:|1760741361
|move|p2a: Iron Treads|Knock Off|p1a: Hurikan
|-damage|p1a: Hurikan|71/100
|-status|p2a: Iron Treads|par|[from] ability: Static|[of] p1a: Hurikan
|move|p1a: Hurikan|U-turn|p2a: Iron Treads
|-resisted|p2a: Iron Treads
|-damage|p2a: Iron Treads|73/100 par
|
|t:|1760741364
|switch|p1a: Pump It|Great Tusk|100/100|[from] U-turn
|
|-heal|p2a: Iron Treads|79/100 par|[from] item: Leftovers
|upkeep
|turn|10
|
|t:|1760741370
|-end|p2a: Iron Treads|Quark Drive|[silent]
|switch|p2a: Pelipper|Pelipper, F|100/100
|-weather|RainDance|[from] ability: Drizzle|[of] p2a: Pelipper
|move|p1a: Pump It|Stealth Rock|p2a: Pelipper
|-sidestart|p2: Shamylsher|move: Stealth Rock
|
|-weather|RainDance|[upkeep]
|upkeep
|turn|11
|
|t:|1760741377
|-end|p1a: Pump It|Protosynthesis|[silent]
|switch|p1a: Everytime We Touch|Samurott-Hisui, M|55/100
|-damage|p1a: Everytime We Touch|43/100|[from] Stealth Rock
|move|p2a: Pelipper|U-turn|p1a: Everytime We Touch
|-supereffective|p1a: Everytime We Touch
|-damage|p1a: Everytime We Touch|18/100
|
|t:|1760741384
|switch|p2a: Decidueye|Decidueye-Hisui, F|86/100|[from] U-turn
|-damage|p2a: Decidueye|80/100|[from] Stealth Rock
|
|-weather|RainDance|[upkeep]
|upkeep
|turn|12
|
|t:|1760741390
|move|p1a: Everytime We Touch|Flip Turn|p2a: Decidueye
|-resisted|p2a: Decidueye
|-damage|p2a: Decidueye|65/100
|-damage|p1a: Everytime We Touch|2/100|[from] item: Rocky Helmet|[of] p2a: Decidueye
|
|t:|1760741394
|switch|p1a: Pump It|Great Tusk|100/100|[from] Flip Turn
|move|p2a: Decidueye|U-turn|p1a: Pump It
|-resisted|p1a: Pump It
|-damage|p1a: Pump It|95/100
|
|t:|1760741396
|switch|p2a: Tornadus|Tornadus-Therian, M|100/100|[from] U-turn
|-damage|p2a: Tornadus|76/100|[from] Stealth Rock
|
|-weather|RainDance|[upkeep]
|upkeep
|turn|13
|
|t:|1760741408
|-end|p1a: Pump It|Protosynthesis|[silent]
|switch|p1a: Revery|Iron Boulder|100/100
|-damage|p1a: Revery|88/100|[from] Stealth Rock
|-enditem|p1a: Revery|Booster Energy
|-activate|p1a: Revery|ability: Quark Drive|[fromitem]
|-start|p1a: Revery|quarkdrivespe
|move|p2a: Tornadus|Hurricane|p1a: Revery
|-resisted|p1a: Revery
|-damage|p1a: Revery|51/100
|
|-weather|RainDance|[upkeep]
|upkeep
|turn|14
|
|t:|1760741421
|switch|p2a: Decidueye|Decidueye-Hisui, F|65/100
|-damage|p2a: Decidueye|59/100|[from] Stealth Rock
|move|p1a: Revery|Mighty Cleave|p2a: Decidueye
|-resisted|p2a: Decidueye
|-damage|p2a: Decidueye|41/100
|-damage|p1a: Revery|34/100|[from] item: Rocky Helmet|[of] p2a: Decidueye
|
|-weather|RainDance|[upkeep]
|upkeep
|turn|15
|
|t:|1760741430
|-terastallize|p2a: Decidueye|Ghost
|move|p1a: Revery|Zen Headbutt|p2a: Decidueye|[miss]
|-miss|p1a: Revery|p2a: Decidueye
|move|p2a: Decidueye|Roost|p2a: Decidueye
|-heal|p2a: Decidueye|91/100
|
|-weather|RainDance|[upkeep]
|upkeep
|turn|16
|
|t:|1760741434
|move|p1a: Revery|Mighty Cleave|p2a: Decidueye
|-damage|p2a: Decidueye|56/100
|-damage|p1a: Revery|18/100|[from] item: Rocky Helmet|[of] p2a: Decidueye
|move|p2a: Decidueye|Triple Arrows|p1a: Revery
|-damage|p1a: Revery|0 fnt
|faint|p1a: Revery
|-end|p1a: Revery|Quark Drive|[silent]
|
|-weather|RainDance|[upkeep]
|upkeep
|
|t:|1760741443
|switch|p1a: Mindreader|Iron Crown|94/100
|-damage|p1a: Mindreader|88/100|[from] Stealth Rock
|turn|17
|
|t:|1760741455
|switch|p2a: Iron Treads|Iron Treads|79/100 par
|-damage|p2a: Iron Treads|76/100 par|[from] Stealth Rock
|-terastallize|p1a: Mindreader|Steel
|move|p1a: Mindreader|Focus Blast|p2a: Iron Treads
|-supereffective|p2a: Iron Treads
|-damage|p2a: Iron Treads|0 fnt
|faint|p2a: Iron Treads
|-end|p2a: Iron Treads|Quark Drive|[silent]
|
|-weather|none
|upkeep
|
|t:|1760741464
|switch|p2a: Pelipper|Pelipper, F|100/100
|-damage|p2a: Pelipper|76/100|[from] Stealth Rock
|-weather|RainDance|[from] ability: Drizzle|[of] p2a: Pelipper
|turn|18
|
|t:|1760741474
|-end|p1a: Mindreader|Quark Drive|[silent]
|switch|p1a: Hurikan|Zapdos|71/100
|-damage|p1a: Hurikan|46/100|[from] Stealth Rock
|switch|p2a: Decidueye|Decidueye-Hisui, F, tera:Ghost|56/100
|-damage|p2a: Decidueye|43/100|[from] Stealth Rock
|
|-weather|RainDance|[upkeep]
|upkeep
|turn|19
|
|t:|1760741481
|move|p1a: Hurikan|Roost|p1a: Hurikan
|-heal|p1a: Hurikan|96/100
|-singleturn|p1a: Hurikan|move: Roost
|move|p2a: Decidueye|Roost|p2a: Decidueye
|-heal|p2a: Decidueye|93/100
|
|-weather|RainDance|[upkeep]
|upkeep
|turn|20
|
|t:|1760741487
|switch|p2a: Raging Bolt|Raging Bolt|100/100
|-damage|p2a: Raging Bolt|88/100|[from] Stealth Rock
|-enditem|p2a: Raging Bolt|Booster Energy
|-activate|p2a: Raging Bolt|ability: Protosynthesis|[fromitem]
|-start|p2a: Raging Bolt|protosynthesisspa
|move|p1a: Hurikan|Discharge|p2a: Raging Bolt
|-resisted|p2a: Raging Bolt
|-damage|p2a: Raging Bolt|80/100
|
|-weather|RainDance|[upkeep]
|upkeep
|turn|21
|
|t:|1760741492
|move|p1a: Hurikan|U-turn|p2a: Raging Bolt
|-damage|p2a: Raging Bolt|68/100
|
|t:|1760741496
|switch|p1a: Everytime We Touch|Samurott-Hisui, M|2/100|[from] U-turn
|-damage|p1a: Everytime We Touch|0 fnt|[from] Stealth Rock
|faint|p1a: Everytime We Touch
|move|p2a: Raging Bolt|Weather Ball|p1: Everytime We Touch|[notarget]
|-fail|p2a: Raging Bolt
|
|-weather|RainDance|[upkeep]
|upkeep
|
|t:|1760741506
|switch|p1a: Parasite|Dragapult, M|100/100
|-damage|p1a: Parasite|88/100|[from] Stealth Rock
|turn|22
|
|t:|1760741514
|move|p1a: Parasite|Dragon Darts|p2a: Raging Bolt
|-supereffective|p2a: Raging Bolt
|-damage|p2a: Raging Bolt|0 fnt
|faint|p2a: Raging Bolt
|-end|p2a: Raging Bolt|Protosynthesis|[silent]
|
|-weather|RainDance|[upkeep]
|upkeep
|
|t:|1760741519
|switch|p2a: Decidueye|Decidueye-Hisui, F, tera:Ghost|93/100
|-damage|p2a: Decidueye|81/100|[from] Stealth Rock
|turn|23
|
|t:|1760741524
|move|p1a: Parasite|Dragon Darts|p2a: Decidueye
|-damage|p2a: Decidueye|52/100
|-anim|p1a: Parasite|Dragon Darts|p2a: Decidueye
|-damage|p2a: Decidueye|26/100
|move|p2a: Decidueye|U-turn|p1a: Parasite
|-resisted|p1a: Parasite
|-damage|p1a: Parasite|76/100
|
|t:|1760741528
|switch|p2a: Barraskewda|Barraskewda, M|100/100|[from] U-turn
|-damage|p2a: Barraskewda|88/100|[from] Stealth Rock
|
|-weather|RainDance|[upkeep]
|upkeep
|turn|24
|
|t:|1760741541
|switch|p1a: Hurikan|Zapdos|96/100
|-damage|p1a: Hurikan|71/100|[from] Stealth Rock
|move|p2a: Barraskewda|Flip Turn|p1a: Hurikan
|-damage|p1a: Hurikan|27/100
|-damage|p2a: Barraskewda|78/100|[from] item: Life Orb
|
|t:|1760741545
|switch|p2a: Tornadus|Tornadus-Therian, M|100/100|[from] Flip Turn
|-damage|p2a: Tornadus|76/100|[from] Stealth Rock
|
|-weather|RainDance|[upkeep]
|upkeep
|turn|25
|
|t:|1760741552
|move|p2a: Tornadus|Hurricane|p1a: Hurikan
|-resisted|p1a: Hurikan
|-damage|p1a: Hurikan|0 fnt
|faint|p1a: Hurikan
|
|-weather|none
|upkeep
|
|t:|1760741557
|switch|p1a: Pump It|Great Tusk|95/100
|turn|26
|
|t:|1760741565
|move|p2a: Tornadus|Hurricane|p1a: Pump It
|-supereffective|p1a: Pump It
|-damage|p1a: Pump It|0 fnt
|faint|p1a: Pump It
|-end|p1a: Pump It|Protosynthesis|[silent]
|
|upkeep
|
|t:|1760741567
|switch|p1a: Parasite|Dragapult, M|76/100
|-damage|p1a: Parasite|64/100|[from] Stealth Rock
|turn|27
|
|t:|1760741574
|switch|p2a: Decidueye|Decidueye-Hisui, F, tera:Ghost|26/100
|-damage|p2a: Decidueye|14/100|[from] Stealth Rock
|move|p1a: Parasite|Dragon Darts|p2a: Decidueye
|-damage|p2a: Decidueye|0 fnt
|faint|p2a: Decidueye
|
|upkeep
|
|t:|1760741593
|switch|p2a: Pelipper|Pelipper, F|76/100
|-damage|p2a: Pelipper|51/100|[from] Stealth Rock
|-weather|RainDance|[from] ability: Drizzle|[of] p2a: Pelipper
|turn|28
|
|t:|1760741611
|move|p1a: Parasite|Dragon Darts|p2a: Pelipper
|-damage|p2a: Pelipper|23/100
|-anim|p1a: Parasite|Dragon Darts|p2a: Pelipper
|-damage|p2a: Pelipper|0 fnt
|faint|p2a: Pelipper
|
|-weather|RainDance|[upkeep]
|upkeep
|
|t:|1760741613
|switch|p2a: Barraskewda|Barraskewda, M|78/100
|-damage|p2a: Barraskewda|66/100|[from] Stealth Rock
|turn|29
|
|t:|1760741619
|move|p2a: Barraskewda|Liquidation|p1a: Parasite
|-resisted|p1a: Parasite
|-damage|p1a: Parasite|3/100
|-damage|p2a: Barraskewda|56/100|[from] item: Life Orb
|move|p1a: Parasite|Dragon Darts|p2a: Barraskewda
|-damage|p2a: Barraskewda|0 fnt
|faint|p2a: Barraskewda
|
|-weather|RainDance|[upkeep]
|upkeep
|
|t:|1760741621
|switch|p2a: Tornadus|Tornadus-Therian, M|100/100
|-damage|p2a: Tornadus|76/100|[from] Stealth Rock
|turn|30
|
|t:|1760741625
|move|p1a: Parasite|Dragon Darts|p2a: Tornadus
|-damage|p2a: Tornadus|22/100
|-anim|p1a: Parasite|Dragon Darts|p2a: Tornadus
|-damage|p2a: Tornadus|0 fnt
|faint|p2a: Tornadus
|
|win|lil_suck12
|raw|lil_suck12's rating: 1483 &rarr; <strong>1504</strong><br />(+21 for winning)
|raw|Shamylsher's rating: 1494 &rarr; <strong>1473</strong><br />(-21 for losing)
|l|☆Shamylsher
|player|p2|
|c|☆lil_suck12|gg
