|j|☆horsacattus
|j|☆OolyhoO
|t:|1760768476
|gametype|singles
|player|p1|horsacattus|102|1073
|player|p2|OolyhoO|266|1123
|gen|9
|tier|[Gen 9] OU
|rated|
|rule|HP Percentage Mod: HP is shown in percentages
|rule|Endless Battle Clause: Forcing endless battles is banned
|rule|Species Clause: Limit one of each Pokémon
|rule|OHKO Clause: OHKO moves are banned
|rule|Evasion Items Clause: Evasion items are banned
|rule|Evasion Moves Clause: Evasion moves are banned
|rule|Evasion Abilities Clause: Evasion abilities are banned
|rule|Sleep Moves Clause: Sleep-inducing moves are banned
|clearpoke
|poke|p1|Gliscor, M|
|poke|p1|Zoroark-Hisui, M|
|poke|p1|Ogerpon-Wellspring, F|
|poke|p1|Kingambit, M|
|poke|p1|Iron Valiant|
|poke|p1|Donphan, F|
|poke|p2|Alomomola, M|
|poke|p2|Zamazenta-*|
|poke|p2|Gliscor, F|
|poke|p2|Garganacl, F|
|poke|p2|Scizor, M|
|poke|p2|Heatran, M|
|teampreview
|
|t:|1760768489
|teamsize|p1|6
|teamsize|p2|6
|start
|switch|p1a: Iron Valiant|Iron Valiant|100/100
|switch|p2a: Garganacl|Garganacl, F|100/100
|turn|1
|
|t:|1760768495
|move|p1a: Iron Valiant|Knock Off|p2a: Garganacl
|-damage|p2a: Garganacl|74/100
|-enditem|p2a: Garganacl|Leftovers|[from] move: Knock Off|[of] p1a: Iron Valiant
|-damage|p1a: Iron Valiant|91/100|[from] item: Life Orb
|move|p2a: Garganacl|Salt Cure|p1a: Iron Valiant
|-resisted|p1a: Iron Valiant
|-damage|p1a: Iron Valiant|81/100
|-start|p1a: Iron Valiant|Salt Cure
|
|-damage|p1a: Iron Valiant|69/100|[from] Salt Cure
|upkeep
|turn|2
|
|t:|1760768508
|move|p2a: Garganacl|Protect|p2a: Garganacl
|-singleturn|p2a: Garganacl|Protect
|move|p1a: Iron Valiant|Drain Punch|p2a: Garganacl
|-activate|p2a: Garganacl|move: Protect
|
|-damage|p1a: Iron Valiant|56/100|[from] Salt Cure
|upkeep
|turn|3
|
|t:|1760768517
|switch|p2a: Alomomola|Alomomola, M|100/100
|move|p1a: Iron Valiant|Drain Punch|p2a: Alomomola
|-damage|p2a: Alomomola|67/100
|-heal|p1a: Iron Valiant|87/100|[from] drain|[of] p2a: Alomomola
|-damage|p1a: Iron Valiant|77/100|[from] item: Life Orb
|
|-heal|p2a: Alomomola|74/100|[from] item: Leftovers
|-damage|p1a: Iron Valiant|65/100|[from] Salt Cure
|upkeep
|turn|4
|
|t:|1760768528
|move|p1a: Iron Valiant|Thunderbolt|p2a: Alomomola
|-supereffective|p2a: Alomomola
|-damage|p2a: Alomomola|22/100
|-damage|p1a: Iron Valiant|55/100|[from] item: Life Orb
|move|p2a: Alomomola|Scald|p1a: Iron Valiant
|-damage|p1a: Iron Valiant|30/100
|-status|p1a: Iron Valiant|brn
|
|-heal|p2a: Alomomola|28/100|[from] item: Leftovers
|-damage|p1a: Iron Valiant|24/100 brn|[from] brn
|-damage|p1a: Iron Valiant|12/100 brn|[from] Salt Cure
|upkeep
|turn|5
|
|t:|1760768541
|move|p1a: Iron Valiant|Knock Off|p2a: Alomomola
|-damage|p2a: Alomomola|15/100
|-enditem|p2a: Alomomola|Leftovers|[from] move: Knock Off|[of] p1a: Iron Valiant
|-damage|p1a: Iron Valiant|2/100 brn|[from] item: Life Orb
|move|p2a: Alomomola|Rest|p2a: Alomomola
|-status|p2a: Alomomola|slp|[from] move: Rest
|-heal|p2a: Alomomola|100/100 slp|[silent]
|
|-damage|p1a: Iron Valiant|0 fnt|[from] brn
|faint|p1a: Iron Valiant
|-end|p1a: Iron Valiant|Quark Drive|[silent]
|upkeep
|
|t:|1760768552
|switch|p1a: Gliscor|Gliscor, M|100/100
|turn|6
|
|t:|1760768559
|move|p1a: Gliscor|Swords Dance|p1a: Gliscor
|-boost|p1a: Gliscor|atk|2
|cant|p2a: Alomomola|slp
|move|p2a: Alomomola|Sleep Talk|p2a: Alomomola
|move|p2a: Alomomola|Rest||[from] move: Sleep Talk|[still]
|-fail|p2a: Alomomola
|
|-status|p1a: Gliscor|tox|[from] item: Toxic Orb
|upkeep
|turn|7
|
|t:|1760768570
|switch|p2a: Zamazenta|Zamazenta|100/100
|-ability|p2a: Zamazenta|Dauntless Shield|boost
|-boost|p2a: Zamazenta|def|1
|move|p1a: Gliscor|Swords Dance|p1a: Gliscor
|-boost|p1a: Gliscor|atk|2
|
|upkeep
|turn|8
|
|t:|1760768581
|move|p2a: Zamazenta|Iron Defense|p2a: Zamazenta
|-boost|p2a: Zamazenta|def|2
|move|p1a: Gliscor|Dual Wingbeat|p2a: Zamazenta
|-supereffective|p2a: Zamazenta
|-damage|p2a: Zamazenta|75/100
|-supereffective|p2a: Zamazenta
|-damage|p2a: Zamazenta|49/100
|-hitcount|p2a: Zamazenta|2
|
|-heal|p2a: Zamazenta|55/100|[from] item: Leftovers
|upkeep
|turn|9
|
|t:|1760768594
|move|p1a: Gliscor|Dual Wingbeat|p2a: Zamazenta
|-supereffective|p2a: Zamazenta
|-damage|p2a: Zamazenta|32/100
|-supereffective|p2a: Zamazenta
|-damage|p2a: Zamazenta|7/100
|-hitcount|p2a: Zamazenta|2
|move|p2a: Zamazenta|Roar|p1a: Gliscor
|drag|p1a: Donphan|Donphan, F|100/100
|
|-heal|p2a: Zamazenta|13/100|[from] item: Leftovers
|upkeep
|turn|10
|
|t:|1760768608
|move|p1a: Donphan|Shadow Ball|p2a: Zamazenta
|-damage|p2a: Zamazenta|0 fnt
|faint|p2a: Zamazenta
|
|upkeep
|
|t:|1760768621
|switch|p2a: Gliscor|Gliscor, F|100/100
|turn|11
|
|t:|1760768625
|switch|p1a: Gliscor|Gliscor, M|100/100 tox
|move|p2a: Gliscor|Toxic|p1a: Gliscor
|-fail|p1a: Gliscor|tox
|
|-status|p2a: Gliscor|tox|[from] item: Toxic Orb
|upkeep
|turn|12
|
|t:|1760768645
|switch|p2a: Scizor|Scizor, M|100/100
|move|p1a: Gliscor|Swords Dance|p1a: Gliscor
|-boost|p1a: Gliscor|atk|2
|
|upkeep
|turn|13
|
|t:|1760768653
|-terastallize|p2a: Scizor|Bug
|move|p2a: Scizor|X-Scissor|p1a: Gliscor
|-resisted|p1a: Gliscor
|-damage|p1a: Gliscor|65/100 tox
|move|p1a: Gliscor|Earthquake|p2a: Scizor
|-resisted|p2a: Scizor
|-damage|p2a: Scizor|58/100
|
|-heal|p1a: Gliscor|77/100 tox|[from] ability: Poison Heal
|upkeep
|turn|14
|
|t:|1760768668
|move|p2a: Scizor|X-Scissor|p1a: Gliscor
|-resisted|p1a: Gliscor
|-damage|p1a: Gliscor|42/100 tox
|move|p1a: Gliscor|Dual Wingbeat|p2a: Scizor
|-supereffective|p2a: Scizor
|-damage|p2a: Scizor|0 fnt
|faint|p2a: Scizor
|-hitcount|p2: Scizor|1
|
|-heal|p1a: Gliscor|55/100 tox|[from] ability: Poison Heal
|upkeep
|-message|OolyhoO forfeited.
|
|win|horsacattus
|raw|horsacattus's rating: 1073 &rarr; <strong>1106</strong><br />(+33 for winning)
|raw|OolyhoO's rating: 1123 &rarr; <strong>1094</strong><br />(-29 for losing)
|l|☆OolyhoO
|player|p2|
