|j|‽KaiserWilkinson
|j|☆napkin_56
|t:|1760879559
|gametype|singles
|player|p1|KaiserWilkinson|170|1178
|player|p2|napkin_56|policeman-gen4|1226
|gen|9
|tier|[Gen 9] OU
|rated|
|rule|HP Percentage Mod: HP is shown in percentages
|rule|Endless Battle Clause: Forcing endless battles is banned
|rule|Species Clause: Limit one of each Pokémon
|rule|OHKO Clause: OHKO moves are banned
|rule|Evasion Items Clause: Evasion items are banned
|rule|Evasion Moves Clause: Evasion moves are banned
|rule|Evasion Abilities Clause: Evasion abilities are banned
|rule|Sleep Moves Clause: Sleep-inducing moves are banned
|clearpoke
|poke|p1|Azumarill, F|
|poke|p1|Ninetales, M|
|poke|p1|Ditto|
|poke|p1|Exeggutor, M|
|poke|p1|Vivillon-Fancy, F|
|poke|p1|Dragapult, F|
|poke|p2|Kyurem|
|poke|p2|Slowking-Galar, M|
|poke|p2|Weavile, F|
|poke|p2|Zamazenta-*|
|poke|p2|Skarmory, M|
|poke|p2|Ting-Lu|
|teampreview
|inactive|Battle timer is ON: inactive players will automatically lose when time's up. (requested by napkin_56)
|
|t:|1760879571
|teamsize|p1|6
|teamsize|p2|6
|start
|switch|p1a: Azumarill|Azumarill, F, shiny|100/100
|switch|p2a: Slowking|Slowking-Galar, M|100/100
|turn|1
|
|t:|1760879582
|-terastallize|p1a: Azumarill|Ground
|move|p1a: Azumarill|Belly Drum|p1a: Azumarill
|-damage|p1a: Azumarill|50/100
|-setboost|p1a: Azumarill|atk|6|[from] move: Belly Drum
|-enditem|p1a: Azumarill|Sitrus Berry|[eat]
|-heal|p1a: Azumarill|75/100|[from] item: Sitrus Berry
|move|p2a: Slowking|Sludge Bomb|p1a: Azumarill
|-resisted|p1a: Azumarill
|-damage|p1a: Azumarill|57/100
|
|upkeep
|turn|2
|
|t:|1760879599
|switch|p2a: Skarmory|Skarmory, M|100/100
|move|p1a: Azumarill|Liquidation|p2a: Skarmory
|-ability|p2a: Skarmory|Sturdy
|-damage|p2a: Skarmory|1/100
|-damage|p1a: Azumarill|40/100|[from] item: Rocky Helmet|[of] p2a: Skarmory
|
|upkeep
|turn|3
|
|t:|1760879609
|move|p1a: Azumarill|Aqua Jet|p2a: Skarmory
|-damage|p2a: Skarmory|0 fnt
|-damage|p1a: Azumarill|24/100|[from] item: Rocky Helmet|[of] p2a: Skarmory
|faint|p2a: Skarmory
|
|upkeep
|
|t:|1760879617
|switch|p2a: Weavile|Weavile, F|100/100
|turn|4
|
|t:|1760879625
|move|p2a: Weavile|Ice Shard|p1a: Azumarill
|-supereffective|p1a: Azumarill
|-damage|p1a: Azumarill|0 fnt
|faint|p1a: Azumarill
|
|upkeep
|
|t:|1760879636
|switch|p1a: Ninetales|Ninetales, M|100/100
|-weather|SunnyDay|[from] ability: Drought|[of] p1a: Ninetales
|turn|5
|
|t:|1760879642
|switch|p2a: Slowking|Slowking-Galar, M|100/100
|move|p1a: Ninetales|Heat Wave|p2a: Slowking
|-damage|p2a: Slowking|67/100
|
|-weather|SunnyDay|[upkeep]
|upkeep
|turn|6
|
|t:|1760879657
|switch|p1a: Vivillon|Vivillon-Fancy, F, shiny|100/100
|move|p2a: Slowking|Future Sight|p1a: Vivillon
|-start|p2a: Slowking|move: Future Sight
|
|-weather|SunnyDay|[upkeep]
|upkeep
|turn|7
|
|t:|1760879665
|move|p1a: Vivillon|Quiver Dance|p1a: Vivillon
|-boost|p1a: Vivillon|spa|1
|-boost|p1a: Vivillon|spd|1
|-boost|p1a: Vivillon|spe|1
|-prepare|p2a: Slowking|Chilly Reception|[premajor]
|move|p2a: Slowking|Chilly Reception|p2a: Slowking
|-weather|Snowscape
|
|t:|1760879677
|switch|p2a: Kyurem|Kyurem|100/100|[from] Chilly Reception
|-ability|p2a: Kyurem|Pressure
|
|-weather|Snowscape|[upkeep]
|upkeep
|turn|8
|
|t:|1760879687
|move|p1a: Vivillon|Hurricane|p2a: Kyurem
|-damage|p2a: Kyurem|31/100
|-start|p2a: Kyurem|confusion
|-activate|p2a: Kyurem|confusion
|move|p2a: Kyurem|Ice Beam|p1a: Vivillon
|-supereffective|p1a: Vivillon
|-damage|p1a: Vivillon|0 fnt
|faint|p1a: Vivillon
|
|-weather|Snowscape|[upkeep]
|-hint|Future Sight did not hit because the target is fainted.
|upkeep
|
|t:|1760879695
|switch|p1a: Dragapult|Dragapult, F, shiny|100/100
|turn|9
|
|t:|1760879709
|switch|p2a: Ting-Lu|Ting-Lu|100/100
|-ability|p2a: Ting-Lu|Vessel of Ruin
|move|p1a: Dragapult|Dragon Darts|p2a: Ting-Lu
|-damage|p2a: Ting-Lu|87/100
|-anim|p1a: Dragapult|Dragon Darts|p2a: Ting-Lu
|-crit|p2a: Ting-Lu
|-damage|p2a: Ting-Lu|66/100
|
|-weather|Snowscape|[upkeep]
|upkeep
|turn|10
|
|t:|1760879719
|move|p1a: Dragapult|U-turn|p2a: Ting-Lu
|-supereffective|p2a: Ting-Lu
|-damage|p2a: Ting-Lu|41/100
|
|t:|1760879723
|switch|p1a: Exeggutor|Exeggutor, M|100/100|[from] U-turn
|move|p2a: Ting-Lu|Stealth Rock|p1a: Exeggutor
|-sidestart|p1: KaiserWilkinson|move: Stealth Rock
|
|-weather|Snowscape|[upkeep]
|upkeep
|turn|11
|
|t:|1760879734
|move|p1a: Exeggutor|Calm Mind|p1a: Exeggutor
|-boost|p1a: Exeggutor|spa|1
|-boost|p1a: Exeggutor|spd|1
|move|p2a: Ting-Lu|Spikes|p1a: Exeggutor
|-sidestart|p1: KaiserWilkinson|Spikes
|
|-weather|none
|upkeep
|turn|12
|
|t:|1760879741
|move|p1a: Exeggutor|Substitute|p1a: Exeggutor
|-start|p1a: Exeggutor|Substitute
|-damage|p1a: Exeggutor|75/100
|move|p2a: Ting-Lu|Whirlwind|p1a: Exeggutor
|drag|p1a: Ninetales|Ninetales, M|100/100
|-damage|p1a: Ninetales|76/100|[from] Stealth Rock
|-damage|p1a: Ninetales|64/100|[from] Spikes
|-weather|SunnyDay|[from] ability: Drought|[of] p1a: Ninetales
|
|-weather|SunnyDay|[upkeep]
|upkeep
|turn|13
|
|t:|1760879759
|switch|p1a: Exeggutor|Exeggutor, M|75/100
|-damage|p1a: Exeggutor|63/100|[from] Stealth Rock
|-damage|p1a: Exeggutor|50/100|[from] Spikes
|-enditem|p1a: Exeggutor|Sitrus Berry|[eat]
|-heal|p1a: Exeggutor|75/100|[from] item: Sitrus Berry
|move|p2a: Ting-Lu|Whirlwind|p1a: Exeggutor
|drag|p1a: Ninetales|Ninetales, M|64/100
|-damage|p1a: Ninetales|39/100|[from] Stealth Rock
|-damage|p1a: Ninetales|27/100|[from] Spikes
|
|-weather|SunnyDay|[upkeep]
|upkeep
|turn|14
|
|t:|1760879771
|move|p1a: Ninetales|Solar Beam||[still]
|-prepare|p1a: Ninetales|Solar Beam
|-anim|p1a: Ninetales|Solar Beam|p2a: Ting-Lu
|-supereffective|p2a: Ting-Lu
|-damage|p2a: Ting-Lu|14/100
|move|p2a: Ting-Lu|Spikes|p1a: Ninetales
|-sidestart|p1: KaiserWilkinson|Spikes
|
|-weather|SunnyDay|[upkeep]
|upkeep
|turn|15
|
|t:|1760879775
|move|p1a: Ninetales|Solar Beam||[still]
|-prepare|p1a: Ninetales|Solar Beam
|-anim|p1a: Ninetales|Solar Beam|p2a: Ting-Lu
|-supereffective|p2a: Ting-Lu
|-damage|p2a: Ting-Lu|0 fnt
|faint|p2a: Ting-Lu
|
|-weather|SunnyDay|[upkeep]
|upkeep
|
|t:|1760879778
|switch|p2a: Slowking|Slowking-Galar, M|99/100
|turn|16
|
|t:|1760879783
|move|p1a: Ninetales|Protect|p1a: Ninetales
|-singleturn|p1a: Ninetales|Protect
|-prepare|p2a: Slowking|Chilly Reception|[premajor]
|move|p2a: Slowking|Chilly Reception|p2a: Slowking
|-weather|Snowscape
|
|t:|1760879790
|switch|p2a: Weavile|Weavile, F|100/100|[from] Chilly Reception
|
|-weather|Snowscape|[upkeep]
|upkeep
|turn|17
|
|t:|1760879802
|switch|p1a: Exeggutor|Exeggutor, M|75/100
|-damage|p1a: Exeggutor|63/100|[from] Stealth Rock
|-damage|p1a: Exeggutor|46/100|[from] Spikes
|move|p2a: Weavile|Knock Off|p1a: Exeggutor
|-supereffective|p1a: Exeggutor
|-crit|p1a: Exeggutor
|-damage|p1a: Exeggutor|0 fnt
|faint|p1a: Exeggutor
|
|-weather|Snowscape|[upkeep]
|upkeep
|
|t:|1760879814
|switch|p1a: Ninetales|Ninetales, M|27/100
|-damage|p1a: Ninetales|2/100|[from] Stealth Rock
|-damage|p1a: Ninetales|0 fnt|[from] Spikes
|faint|p1a: Ninetales
|inactive|KaiserWilkinson has 120 seconds left.
|
|t:|1760879839
|switch|p1a: Ditto|Ditto|100/100
|-damage|p1a: Ditto|88/100|[from] Stealth Rock
|-damage|p1a: Ditto|72/100|[from] Spikes
|-transform|p1a: Ditto|p2a: Weavile|[from] ability: Imposter
|turn|18
|inactive|KaiserWilkinson has 120 seconds left.
|
|t:|1760879849
|-terastallize|p2a: Weavile|Poison
|move|p1a: Ditto|Low Kick|p2a: Weavile
|-resisted|p2a: Weavile
|-damage|p2a: Weavile|85/100
|move|p2a: Weavile|Low Kick|p1a: Ditto
|-supereffective|p1a: Ditto
|-damage|p1a: Ditto|0 fnt
|faint|p1a: Ditto
|
|-weather|Snowscape|[upkeep]
|upkeep
|
|t:|1760879861
|switch|p1a: Dragapult|Dragapult, F, shiny|100/100
|turn|19
|
|t:|1760879872
|move|p2a: Weavile|Ice Shard|p1a: Dragapult
|-supereffective|p1a: Dragapult
|-damage|p1a: Dragapult|44/100
|move|p1a: Dragapult|Dragon Darts|p2a: Weavile
|-damage|p2a: Weavile|43/100
|-anim|p1a: Dragapult|Dragon Darts|p2a: Weavile
|-damage|p2a: Weavile|4/100
|
|-weather|Snowscape|[upkeep]
|upkeep
|turn|20
|
|t:|1760879882
|move|p1a: Dragapult|Sucker Punch|p2a: Weavile
|-damage|p2a: Weavile|0 fnt
|faint|p2a: Weavile
|
|-weather|none
|upkeep
|
|t:|1760879888
|switch|p2a: Kyurem|Kyurem|31/100
|-ability|p2a: Kyurem|Pressure
|turn|21
|
|t:|1760879893
|move|p1a: Dragapult|Dragon Darts|p2a: Kyurem
|-supereffective|p2a: Kyurem
|-damage|p2a: Kyurem|0 fnt
|faint|p2a: Kyurem
|
|upkeep
|
|t:|1760879897
|switch|p2a: Zamazenta|Zamazenta|100/100
|-ability|p2a: Zamazenta|Dauntless Shield|boost
|-boost|p2a: Zamazenta|def|1
|turn|22
|
|t:|1760879903
|move|p1a: Dragapult|Dragon Darts|p2a: Zamazenta
|-damage|p2a: Zamazenta|86/100
|-anim|p1a: Dragapult|Dragon Darts|p2a: Zamazenta
|-damage|p2a: Zamazenta|71/100
|move|p2a: Zamazenta|Crunch|p1a: Dragapult
|-supereffective|p1a: Dragapult
|-damage|p1a: Dragapult|0 fnt
|faint|p1a: Dragapult
|
|win|napkin_56
|raw|KaiserWilkinson's rating: 1178 &rarr; <strong>1156</strong><br />(-22 for losing)
|raw|napkin_56's rating: 1226 &rarr; <strong>1248</strong><br />(+22 for winning)
|l|‽KaiserWilkinson
|player|p1|
|j|‽KaiserWilkinson
|player|p1|KaiserWilkinson|170|
|l|‽KaiserWilkinson
|player|p1|
|l|☆napkin_56
|player|p2|
