|j|☆ughkioi
|j|☆testingcharizandra
|t:|1760826374
|gametype|singles
|player|p1|ughkioi|266|1082
|player|p2|testingcharizandra|cynthia|1069
|gen|9
|tier|[Gen 9] OU
|rated|
|rule|HP Percentage Mod: HP is shown in percentages
|rule|Endless Battle Clause: Forcing endless battles is banned
|rule|Species Clause: Limit one of each Pokémon
|rule|OHKO Clause: OHKO moves are banned
|rule|Evasion Items Clause: Evasion items are banned
|rule|Evasion Moves Clause: Evasion moves are banned
|rule|Evasion Abilities Clause: Evasion abilities are banned
|rule|Sleep Moves Clause: Sleep-inducing moves are banned
|clearpoke
|poke|p1|Lucario, F|
|poke|p1|Weavile, M|
|poke|p1|Chandelure, F|
|poke|p1|Garchomp, M|
|poke|p1|Glaceon, F|
|poke|p1|Rotom-Wash|
|poke|p2|Avalugg, M|
|poke|p2|Cloyster, M|
|poke|p2|Ninetales-Alola, F|
|poke|p2|Froslass, F|
|poke|p2|Mamoswine, F|
|poke|p2|Articuno|
|teampreview
|
|t:|1760826396
|teamsize|p1|6
|teamsize|p2|6
|start
|switch|p1a: Rotom|Rotom-Wash|100/100
|switch|p2a: Ninetales|Ninetales-Alola, F|100/100
|-weather|Snowscape|[from] ability: Snow Warning|[of] p2a: Ninetales
|turn|1
|
|t:|1760826402
|move|p2a: Ninetales|Aurora Veil|p2a: Ninetales
|-sidestart|p2: testingcharizandra|move: Aurora Veil
|move|p1a: Rotom|Will-O-Wisp|p2a: Ninetales
|-status|p2a: Ninetales|brn
|
|-weather|Snowscape|[upkeep]
|-damage|p2a: Ninetales|95/100 brn|[from] brn
|upkeep
|turn|2
|
|t:|1760826414
|move|p2a: Ninetales|Moonblast|p1a: Rotom
|-damage|p1a: Rotom|56/100
|move|p1a: Rotom|Volt Switch|p2a: Ninetales
|-damage|p2a: Ninetales|71/100 brn
|-damage|p1a: Rotom|46/100|[from] item: Life Orb
|
|t:|1760826439
|switch|p1a: Chandelure|Chandelure, F|100/100|[from] Volt Switch
|
|-weather|Snowscape|[upkeep]
|-damage|p2a: Ninetales|65/100 brn|[from] brn
|upkeep
|turn|3
|
|t:|1760826456
|switch|p2a: Articuno|Articuno|100/100
|-ability|p2a: Articuno|Pressure
|move|p1a: Chandelure|Trick Room|p1a: Chandelure
|-fieldstart|move: Trick Room|[of] p1a: Chandelure
|
|-weather|Snowscape|[upkeep]
|upkeep
|turn|4
|
|t:|1760826463
|move|p1a: Chandelure|Overheat|p2a: Articuno
|-supereffective|p2a: Articuno
|-damage|p2a: Articuno|44/100
|-unboost|p1a: Chandelure|spa|2
|-enditem|p1a: Chandelure|White Herb
|-clearnegativeboost|p1a: Chandelure|[silent]
|move|p2a: Articuno|Ancient Power|p1a: Chandelure
|-supereffective|p1a: Chandelure
|-damage|p1a: Chandelure|58/100
|
|-weather|Snowscape|[upkeep]
|-heal|p2a: Articuno|50/100|[from] item: Leftovers
|upkeep
|turn|5
|
|t:|1760826475
|move|p1a: Chandelure|Shadow Ball|p2a: Articuno
|-damage|p2a: Articuno|33/100
|move|p2a: Articuno|Ancient Power|p1a: Chandelure
|-supereffective|p1a: Chandelure
|-damage|p1a: Chandelure|14/100
|
|-weather|none
|-heal|p2a: Articuno|39/100|[from] item: Leftovers
|upkeep
|turn|6
|
|t:|1760826480
|move|p1a: Chandelure|Overheat|p2a: Articuno
|-supereffective|p2a: Articuno
|-damage|p2a: Articuno|0 fnt
|-unboost|p1a: Chandelure|spa|2
|faint|p2a: Articuno
|
|upkeep
|
|t:|1760826483
|switch|p2a: Cloyster|Cloyster, M|100/100
|turn|7
|
|t:|1760826502
|move|p1a: Chandelure|Energy Ball|p2a: Cloyster
|-supereffective|p2a: Cloyster
|-damage|p2a: Cloyster|54/100
|move|p2a: Cloyster|Shell Smash|p2a: Cloyster
|-unboost|p2a: Cloyster|def|1
|-unboost|p2a: Cloyster|spd|1
|-boost|p2a: Cloyster|atk|2
|-boost|p2a: Cloyster|spa|2
|-boost|p2a: Cloyster|spe|2
|-enditem|p2a: Cloyster|White Herb
|-clearnegativeboost|p2a: Cloyster|[silent]
|
|-fieldend|move: Trick Room
|upkeep
|turn|8
|
|t:|1760826514
|move|p2a: Cloyster|Liquidation|p1a: Chandelure
|-supereffective|p1a: Chandelure
|-damage|p1a: Chandelure|0 fnt
|faint|p1a: Chandelure
|
|-sideend|p2: testingcharizandra|move: Aurora Veil
|upkeep
|
|t:|1760826519
|switch|p1a: Rotom|Rotom-Wash|46/100
|turn|9
|
|t:|1760826528
|move|p2a: Cloyster|Liquidation|p1a: Rotom
|-resisted|p1a: Rotom
|-damage|p1a: Rotom|0 fnt
|faint|p1a: Rotom
|
|upkeep
|
|t:|1760826537
|switch|p1a: Lucario|Lucario, F|100/100
|turn|10
|
|t:|1760826545
|move|p2a: Cloyster|Drill Run|p1a: Lucario
|-supereffective|p1a: Lucario
|-damage|p1a: Lucario|0 fnt
|faint|p1a: Lucario
|
|upkeep
|
|t:|1760826550
|switch|p1a: Weavile|Weavile, M|100/100
|-ability|p1a: Weavile|Pressure
|turn|11
|
|t:|1760826560
|move|p2a: Cloyster|Liquidation|p1a: Weavile
|-enditem|p1a: Weavile|Focus Sash
|-damage|p1a: Weavile|1/100
|move|p1a: Weavile|Swords Dance|p1a: Weavile
|-boost|p1a: Weavile|atk|2
|
|upkeep
|turn|12
|
|t:|1760826566
|move|p2a: Cloyster|Liquidation|p1a: Weavile
|-damage|p1a: Weavile|0 fnt
|faint|p1a: Weavile
|
|upkeep
|
|t:|1760826569
|switch|p1a: Glaceon|Glaceon, F|100/100
|turn|13
|
|t:|1760826574
|move|p2a: Cloyster|Liquidation|p1a: Glaceon
|-damage|p1a: Glaceon|30/100
|move|p1a: Glaceon|Shadow Ball|p2a: Cloyster
|-damage|p2a: Cloyster|0 fnt
|faint|p2a: Cloyster
|
|-heal|p1a: Glaceon|36/100|[from] item: Leftovers
|upkeep
|
|t:|1760826580
|switch|p2a: Ninetales|Ninetales-Alola, F|65/100 brn
|-weather|Snowscape|[from] ability: Snow Warning|[of] p2a: Ninetales
|turn|14
|
|t:|1760826597
|move|p2a: Ninetales|Aurora Veil|p2a: Ninetales
|-sidestart|p2: testingcharizandra|move: Aurora Veil
|move|p1a: Glaceon|Shadow Ball|p2a: Ninetales
|-damage|p2a: Ninetales|47/100 brn
|-unboost|p2a: Ninetales|spd|1
|
|-weather|Snowscape|[upkeep]
|-heal|p1a: Glaceon|42/100|[from] ability: Ice Body
|-heal|p1a: Glaceon|48/100|[from] item: Leftovers
|-damage|p2a: Ninetales|41/100 brn|[from] brn
|upkeep
|turn|15
|
|t:|1760826604
|-terastallize|p1a: Glaceon|Ice
|move|p2a: Ninetales|Moonblast|p1a: Glaceon
|-damage|p1a: Glaceon|9/100
|move|p1a: Glaceon|Blizzard|p2a: Ninetales
|-resisted|p2a: Ninetales
|-damage|p2a: Ninetales|4/100 brn
|
|-weather|Snowscape|[upkeep]
|-heal|p1a: Glaceon|15/100|[from] ability: Ice Body
|-heal|p1a: Glaceon|21/100|[from] item: Leftovers
|-damage|p2a: Ninetales|0 fnt|[from] brn
|faint|p2a: Ninetales
|upkeep
|
|t:|1760826612
|switch|p2a: Mamoswine|Mamoswine, F|100/100
|turn|16
|inactive|Battle timer is ON: inactive players will automatically lose when time's up. (requested by testingcharizandra)
|
|t:|1760826695
|move|p2a: Mamoswine|Trailblaze|p1a: Glaceon
|-damage|p1a: Glaceon|10/100
|-boost|p2a: Mamoswine|spe|1
|move|p1a: Glaceon|Water Pulse|p2a: Mamoswine
|-supereffective|p2a: Mamoswine
|-damage|p2a: Mamoswine|79/100
|
|-weather|Snowscape|[upkeep]
|-heal|p1a: Glaceon|16/100|[from] ability: Ice Body
|-heal|p1a: Glaceon|22/100|[from] item: Leftovers
|upkeep
|turn|17
|
|t:|1760826706
|move|p2a: Mamoswine|Earthquake|p1a: Glaceon
|-damage|p1a: Glaceon|0 fnt
|faint|p1a: Glaceon
|
|-weather|Snowscape|[upkeep]
|upkeep
|
|t:|1760826711
|switch|p1a: Garchomp|Garchomp, M|100/100
|turn|18
|
|t:|1760826716
|move|p2a: Mamoswine|Icicle Crash|p1a: Garchomp
|-supereffective|p1a: Garchomp
|-damage|p1a: Garchomp|0 fnt
|faint|p1a: Garchomp
|
|win|testingcharizandra
|raw|ughkioi's rating: 1082 &rarr; <strong>1059</strong><br />(-23 for losing)
|raw|testingcharizandra's rating: 1069 &rarr; <strong>1100</strong><br />(+31 for winning)
|l|☆ughkioi
|player|p1|
|l|☆testingcharizandra
|player|p2|
