|j|☆UnPlatanoQueHabla
|j|☆ingunar3
|t:|1760745579
|gametype|singles
|player|p1|UnPlatanoQueHabla|102|1119
|player|p2|ingunar3|1|1147
|gen|9
|tier|[Gen 9] OU
|rated|
|rule|HP Percentage Mod: HP is shown in percentages
|rule|Endless Battle Clause: Forcing endless battles is banned
|rule|Species Clause: Limit one of each Pokémon
|rule|OHKO Clause: OHKO moves are banned
|rule|Evasion Items Clause: Evasion items are banned
|rule|Evasion Moves Clause: Evasion moves are banned
|rule|Evasion Abilities Clause: Evasion abilities are banned
|rule|Sleep Moves Clause: Sleep-inducing moves are banned
|clearpoke
|poke|p1|Vespiquen, F|
|poke|p1|Darkrai|
|poke|p1|Hatterene, F|
|poke|p1|Dragapult, F|
|poke|p1|Bastiodon, M|
|poke|p1|Glimmora, M|
|poke|p2|Darkrai|
|poke|p2|Kingambit, F|
|poke|p2|Dragapult, F|
|poke|p2|Pecharunt|
|poke|p2|Cinderace, F|
|poke|p2|Jirachi|
|teampreview
|
|t:|1760745588
|teamsize|p1|6
|teamsize|p2|6
|start
|switch|p1a: Mi Ex|Glimmora, M|100/100
|switch|p2a: Dragapult|Dragapult, F|100/100
|turn|1
|
|t:|1760745597
|move|p2a: Dragapult|Thunder Wave|p1a: Mi Ex
|-status|p1a: Mi Ex|par
|move|p1a: Mi Ex|Stealth Rock|p2a: Dragapult
|-sidestart|p2: ingunar3|move: Stealth Rock
|
|upkeep
|turn|2
|
|t:|1760745618
|switch|p2a: Jirachi|Jirachi|100/100
|-damage|p2a: Jirachi|94/100|[from] Stealth Rock
|move|p1a: Mi Ex|Spikes|p2a: Jirachi
|-sidestart|p2: ingunar3|Spikes
|
|-heal|p2a: Jirachi|100/100|[from] item: Leftovers
|upkeep
|turn|3
|
|t:|1760745628
|move|p2a: Jirachi|Doom Desire|p1a: Mi Ex
|-start|p2a: Jirachi|Doom Desire
|cant|p1a: Mi Ex|par
|
|upkeep
|turn|4
|
|t:|1760745635
|move|p2a: Jirachi|U-turn|p1a: Mi Ex
|-resisted|p1a: Mi Ex
|-damage|p1a: Mi Ex|91/100 par
|-activate|p1a: Mi Ex|ability: Toxic Debris
|-sidestart|p2: ingunar3|move: Toxic Spikes
|
|t:|1760745662
|switch|p2a: Cinderace|Cinderace, F|100/100|[from] U-turn
|move|p1a: Mi Ex|Spikes|p2a: Cinderace
|-sidestart|p2: ingunar3|Spikes
|
|upkeep
|turn|5
|
|t:|1760745676
|move|p2a: Cinderace|Court Change|p2a: Cinderace
|-swapsideconditions
|-activate|p2a: Cinderace|move: Court Change
|move|p1a: Mi Ex|Mortal Spin|p2a: Cinderace
|-damage|p2a: Cinderace|93/100
|-status|p2a: Cinderace|psn
|-sideend|p1: UnPlatanoQueHabla|Spikes|[from] move: Mortal Spin|[of] p1a: Mi Ex
|-sideend|p1: UnPlatanoQueHabla|Toxic Spikes|[from] move: Mortal Spin|[of] p1a: Mi Ex
|-sideend|p1: UnPlatanoQueHabla|Stealth Rock|[from] move: Mortal Spin|[of] p1a: Mi Ex
|
|-end|p1a: Mi Ex|move: Doom Desire
|-supereffective|p1a: Mi Ex
|-damage|p1a: Mi Ex|0 fnt
|faint|p1a: Mi Ex
|-damage|p2a: Cinderace|80/100 psn|[from] psn
|upkeep
|
|t:|1760745699
|switch|p1a: Traficante|Hatterene, F|100/100
|turn|6
|
|t:|1760745707
|move|p2a: Cinderace|U-turn|p1a: Traficante
|-damage|p1a: Traficante|73/100
|
|t:|1760745716
|switch|p2a: Kingambit|Kingambit, F|100/100|[from] U-turn
|move|p1a: Traficante|Calm Mind|p1a: Traficante
|-boost|p1a: Traficante|spa|1
|-boost|p1a: Traficante|spd|1
|
|-heal|p1a: Traficante|79/100|[from] item: Leftovers
|upkeep
|turn|7
|
|t:|1760745734
|-terastallize|p1a: Traficante|Steel
|move|p2a: Kingambit|Iron Head|p1a: Traficante
|-resisted|p1a: Traficante
|-damage|p1a: Traficante|44/100
|move|p1a: Traficante|Calm Mind|p1a: Traficante
|-boost|p1a: Traficante|spa|1
|-boost|p1a: Traficante|spd|1
|
|-heal|p1a: Traficante|50/100|[from] item: Leftovers
|upkeep
|turn|8
|
|t:|1760745747
|move|p2a: Kingambit|Swords Dance|p2a: Kingambit
|-boost|p2a: Kingambit|atk|2
|move|p1a: Traficante|Dazzling Gleam|p2a: Kingambit
|-damage|p2a: Kingambit|4/100
|
|-heal|p2a: Kingambit|10/100|[from] item: Leftovers
|-heal|p1a: Traficante|55/100|[from] item: Leftovers
|upkeep
|turn|9
|
|t:|1760745758
|move|p2a: Kingambit|Kowtow Cleave|p1a: Traficante
|-damage|p1a: Traficante|0 fnt
|faint|p1a: Traficante
|
|-heal|p2a: Kingambit|17/100|[from] item: Leftovers
|upkeep
|
|t:|1760745767
|switch|p1a: Mota|Bastiodon, M, shiny|100/100
|-item|p1a: Mota|Air Balloon
|turn|10
|
|t:|1760745800
|-end|p2a: Kingambit|fallenundefined|[silent]
|switch|p2a: Jirachi|Jirachi|100/100
|move|p1a: Mota|Body Press|p2a: Jirachi
|-damage|p2a: Jirachi|73/100
|
|-heal|p2a: Jirachi|79/100|[from] item: Leftovers
|upkeep
|turn|11
|
|t:|1760745810
|move|p2a: Jirachi|Stealth Rock|p1a: Mota
|-sidestart|p1: UnPlatanoQueHabla|move: Stealth Rock
|move|p1a: Mota|Iron Defense|p1a: Mota
|-boost|p1a: Mota|def|2
|
|-heal|p2a: Jirachi|86/100|[from] item: Leftovers
|upkeep
|turn|12
|
|t:|1760745818
|move|p2a: Jirachi|Iron Head|p1a: Mota
|-damage|p1a: Mota|90/100
|-enditem|p1a: Mota|Air Balloon
|move|p1a: Mota|Iron Defense|p1a: Mota
|-boost|p1a: Mota|def|2
|
|-heal|p2a: Jirachi|92/100|[from] item: Leftovers
|upkeep
|turn|13
|
|t:|1760745827
|move|p2a: Jirachi|Iron Head|p1a: Mota
|-damage|p1a: Mota|83/100
|cant|p1a: Mota|flinch
|
|-heal|p2a: Jirachi|98/100|[from] item: Leftovers
|upkeep
|turn|14
|
|t:|1760745835
|move|p2a: Jirachi|Doom Desire|p1a: Mota
|-start|p2a: Jirachi|Doom Desire
|move|p1a: Mota|Iron Defense|p1a: Mota
|-boost|p1a: Mota|def|2
|
|-heal|p2a: Jirachi|100/100|[from] item: Leftovers
|upkeep
|turn|15
|
|t:|1760745842
|move|p2a: Jirachi|U-turn|p1a: Mota
|-resisted|p1a: Mota
|-damage|p1a: Mota|82/100
|
|t:|1760745845
|switch|p2a: Dragapult|Dragapult, F|100/100|[from] U-turn
|move|p1a: Mota|Body Press|p2a: Dragapult
|-immune|p2a: Dragapult
|
|upkeep
|turn|16
|
|t:|1760745864
|switch|p1a: Pelos de axila|Vespiquen, F|100/100
|-damage|p1a: Pelos de axila|51/100|[from] Stealth Rock
|-ability|p1a: Pelos de axila|Pressure
|move|p2a: Dragapult|Thunder Wave|p1a: Pelos de axila
|-status|p1a: Pelos de axila|par
|
|-end|p1a: Pelos de axila|move: Doom Desire
|-damage|p1a: Pelos de axila|9/100 par
|-heal|p1a: Pelos de axila|15/100 par|[from] item: Leftovers
|upkeep
|turn|17
|
|t:|1760745884
|move|p2a: Dragapult|Dragon Darts|p1a: Pelos de axila
|-damage|p1a: Pelos de axila|0 fnt
|faint|p1a: Pelos de axila
|
|upkeep
|
|t:|1760745904
|switch|p1a: Iguana Drogadicta|Dragapult, F, shiny|100/100
|-damage|p1a: Iguana Drogadicta|88/100|[from] Stealth Rock
|turn|18
|
|t:|1760745916
|-terastallize|p2a: Dragapult|Fairy
|move|p2a: Dragapult|Dragon Darts|p1a: Iguana Drogadicta
|-supereffective|p1a: Iguana Drogadicta
|-damage|p1a: Iguana Drogadicta|30/100
|-anim|p2a: Dragapult|Dragon Darts|p1a: Iguana Drogadicta
|-supereffective|p1a: Iguana Drogadicta
|-damage|p1a: Iguana Drogadicta|0 fnt
|faint|p1a: Iguana Drogadicta
|
|upkeep
|
|t:|1760745930
|switch|p1a: Mota|Bastiodon, M, shiny|82/100
|-damage|p1a: Mota|76/100|[from] Stealth Rock
|turn|19
|
|t:|1760745944
|move|p2a: Dragapult|Thunder Wave|p1a: Mota
|-status|p1a: Mota|par
|move|p1a: Mota|Iron Defense|p1a: Mota
|-boost|p1a: Mota|def|2
|
|upkeep
|turn|20
|
|t:|1760745950
|move|p2a: Dragapult|Hex|p1a: Mota
|-damage|p1a: Mota|33/100 par
|move|p1a: Mota|Iron Defense|p1a: Mota
|-boost|p1a: Mota|def|2
|
|upkeep
|turn|21
|
|t:|1760745957
|move|p2a: Dragapult|Hex|p1a: Mota
|-damage|p1a: Mota|0 fnt
|faint|p1a: Mota
|
|upkeep
|
|t:|1760745962
|switch|p1a: El Temach|Darkrai|100/100
|-damage|p1a: El Temach|88/100|[from] Stealth Rock
|turn|22
|
|t:|1760745974
|move|p2a: Dragapult|Dragon Darts|p1a: El Temach
|-damage|p1a: El Temach|59/100
|-anim|p2a: Dragapult|Dragon Darts|p1a: El Temach
|-damage|p1a: El Temach|30/100
|move|p1a: El Temach|Sludge Bomb|p2a: Dragapult
|-supereffective|p2a: Dragapult
|-damage|p2a: Dragapult|0 fnt
|faint|p2a: Dragapult
|
|upkeep
|
|t:|1760745984
|switch|p2a: Pecharunt|Pecharunt|100/100
|turn|23
|
|t:|1760745993
|move|p1a: El Temach|Psychic|p2a: Pecharunt
|-supereffective|p2a: Pecharunt
|-damage|p2a: Pecharunt|26/100
|move|p2a: Pecharunt|Malignant Chain|p1a: El Temach
|-damage|p1a: El Temach|3/100
|-status|p1a: El Temach|tox
|-start|p1a: El Temach|confusion|[from] ability: Poison Puppeteer|[of] p2a: Pecharunt
|
|-damage|p1a: El Temach|0 fnt|[from] psn
|faint|p1a: El Temach
|
|win|ingunar3
|raw|UnPlatanoQueHabla's rating: 1119 &rarr; <strong>1096</strong><br />(-23 for losing)
|raw|ingunar3's rating: 1147 &rarr; <strong>1170</strong><br />(+23 for winning)
|l|☆UnPlatanoQueHabla
|player|p1|
|l|☆ingunar3
|player|p2|
