|j|☆trippi-troppi6969
|j|☆HZBKAI3
|t:|1760763082
|gametype|singles
|player|p1|trippi-troppi6969|ghetsis|1116
|player|p2|HZBKAI3|266|1083
|gen|9
|tier|[Gen 9] OU
|rated|
|rule|HP Percentage Mod: HP is shown in percentages
|rule|Endless Battle Clause: Forcing endless battles is banned
|rule|Species Clause: Limit one of each Pokémon
|rule|OHKO Clause: OHKO moves are banned
|rule|Evasion Items Clause: Evasion items are banned
|rule|Evasion Moves Clause: Evasion moves are banned
|rule|Evasion Abilities Clause: Evasion abilities are banned
|rule|Sleep Moves Clause: Sleep-inducing moves are banned
|clearpoke
|poke|p1|Moltres|
|poke|p1|Sandaconda, M|
|poke|p1|Goodra-Hisui, F|
|poke|p1|Zangoose, M|
|poke|p1|Iron Valiant|
|poke|p1|Greninja-*, M|
|poke|p2|Jirachi|
|poke|p2|Gholdengo|
|poke|p2|Gliscor, M|
|poke|p2|Iron Moth|
|poke|p2|Quaquaval, F|
|poke|p2|Iron Boulder|
|teampreview
|inactive|Battle timer is ON: inactive players will automatically lose when time's up. (requested by trippi-troppi6969)
|
|t:|1760763090
|teamsize|p1|6
|teamsize|p2|6
|start
|switch|p1a: Greninja|Greninja, M|100/100
|switch|p2a: Iron Moth|Iron Moth|100/100
|-enditem|p2a: Iron Moth|Booster Energy
|-activate|p2a: Iron Moth|ability: Quark Drive|[fromitem]
|-start|p2a: Iron Moth|quarkdrivespe
|turn|1
|
|t:|1760763095
|move|p1a: Greninja|Water Shuriken|p2a: Iron Moth
|-supereffective|p2a: Iron Moth
|-damage|p2a: Iron Moth|82/100
|-supereffective|p2a: Iron Moth
|-crit|p2a: Iron Moth
|-damage|p2a: Iron Moth|52/100
|-supereffective|p2a: Iron Moth
|-damage|p2a: Iron Moth|33/100
|-supereffective|p2a: Iron Moth
|-damage|p2a: Iron Moth|13/100
|-hitcount|p2a: Iron Moth|4
|-damage|p1a: Greninja|91/100|[from] item: Life Orb
|move|p2a: Iron Moth|Dazzling Gleam|p1a: Greninja
|-supereffective|p1a: Greninja
|-damage|p1a: Greninja|7/100
|
|upkeep
|turn|2
|
|t:|1760763106
|-terastallize|p2a: Iron Moth|Fairy
|move|p1a: Greninja|Water Shuriken|p2a: Iron Moth
|-damage|p2a: Iron Moth|3/100
|-damage|p2a: Iron Moth|0 fnt
|faint|p2a: Iron Moth
|-end|p2a: Iron Moth|Quark Drive|[silent]
|-ability|p1a: Greninja|Battle Bond|boost
|-boost|p1a: Greninja|atk|1
|-boost|p1a: Greninja|spa|1
|-boost|p1a: Greninja|spe|1
|-activate|p1a: Greninja|ability: Battle Bond
|-hitcount|p2: Iron Moth|2
|-damage|p1a: Greninja|0 fnt|[from] item: Life Orb
|faint|p1a: Greninja
|
|upkeep
|
|t:|1760763115
|switch|p1a: Zangoose|Zangoose, M|100/100
|switch|p2a: Gholdengo|Gholdengo|100/100
|-item|p2a: Gholdengo|Air Balloon
|turn|3
|
|t:|1760763125
|move|p1a: Zangoose|Substitute|p1a: Zangoose
|-start|p1a: Zangoose|Substitute
|-damage|p1a: Zangoose|75/100
|move|p2a: Gholdengo|Focus Blast|p1a: Zangoose
|-supereffective|p1a: Zangoose
|-end|p1a: Zangoose|Substitute
|
|upkeep
|turn|4
|
|t:|1760763154
|switch|p1a: Goodra|Goodra-Hisui, F|100/100
|move|p2a: Gholdengo|Focus Blast|p1a: Goodra|[miss]
|-miss|p2a: Gholdengo|p1a: Goodra
|
|upkeep
|turn|5
|
|t:|1760763157
|move|p2a: Gholdengo|Focus Blast|p1a: Goodra
|-supereffective|p1a: Goodra
|-damage|p1a: Goodra|72/100
|move|p1a: Goodra|Fire Blast|p2a: Gholdengo
|-supereffective|p2a: Gholdengo
|-damage|p2a: Gholdengo|35/100
|-status|p2a: Gholdengo|brn
|-enditem|p2a: Gholdengo|Air Balloon
|
|-damage|p2a: Gholdengo|29/100 brn|[from] brn
|upkeep
|turn|6
|
|t:|1760763173
|move|p2a: Gholdengo|Focus Blast|p1a: Goodra
|-supereffective|p1a: Goodra
|-damage|p1a: Goodra|43/100
|move|p1a: Goodra|Fire Blast|p2a: Gholdengo
|-supereffective|p2a: Gholdengo
|-damage|p2a: Gholdengo|0 fnt
|faint|p2a: Gholdengo
|
|upkeep
|
|t:|1760763173
|switch|p2a: Iron Boulder|Iron Boulder|100/100
|-enditem|p2a: Iron Boulder|Booster Energy
|-activate|p2a: Iron Boulder|ability: Quark Drive|[fromitem]
|-start|p2a: Iron Boulder|quarkdrivespe
|turn|7
|
|t:|1760763184
|switch|p1a: Sandaconda|Sandaconda, M|100/100
|move|p2a: Iron Boulder|Close Combat|p1a: Sandaconda
|-damage|p1a: Sandaconda|75/100
|-unboost|p2a: Iron Boulder|def|1
|-unboost|p2a: Iron Boulder|spd|1
|
|-heal|p1a: Sandaconda|81/100|[from] item: Leftovers
|upkeep
|turn|8
|
|t:|1760763188
|move|p2a: Iron Boulder|Close Combat|p1a: Sandaconda
|-damage|p1a: Sandaconda|55/100
|-unboost|p2a: Iron Boulder|def|1
|-unboost|p2a: Iron Boulder|spd|1
|move|p1a: Sandaconda|Earthquake|p2a: Iron Boulder
|-supereffective|p2a: Iron Boulder
|-damage|p2a: Iron Boulder|0 fnt
|faint|p2a: Iron Boulder
|-end|p2a: Iron Boulder|Quark Drive|[silent]
|
|-heal|p1a: Sandaconda|61/100|[from] item: Leftovers
|upkeep
|
|t:|1760763188
|switch|p2a: Quaquaval|Quaquaval, F|100/100
|turn|9
|
|t:|1760763200
|switch|p1a: Moltres|Moltres|100/100
|move|p2a: Quaquaval|Aqua Step|p1a: Moltres
|-supereffective|p1a: Moltres
|-damage|p1a: Moltres|44/100
|-boost|p2a: Quaquaval|spe|1
|
|upkeep
|turn|10
|
|t:|1760763228
|switch|p1a: Iron Valiant|Iron Valiant|100/100
|move|p2a: Quaquaval|Aqua Step|p1a: Iron Valiant
|-damage|p1a: Iron Valiant|42/100
|-boost|p2a: Quaquaval|spe|1
|
|upkeep
|turn|11
|
|t:|1760763235
|-terastallize|p1a: Iron Valiant|Fairy
|move|p2a: Quaquaval|Aqua Step|p1a: Iron Valiant
|-damage|p1a: Iron Valiant|0 fnt
|-boost|p2a: Quaquaval|spe|1
|faint|p1a: Iron Valiant
|-end|p1a: Iron Valiant|Quark Drive|[silent]
|-ability|p2a: Quaquaval|Moxie|boost
|-boost|p2a: Quaquaval|atk|1
|
|upkeep
|-message|trippi-troppi6969 forfeited.
|
|win|HZBKAI3
|raw|trippi-troppi6969's rating: 1116 &rarr; <strong>1089</strong><br />(-27 for losing)
|raw|HZBKAI3's rating: 1083 &rarr; <strong>1113</strong><br />(+30 for winning)
|l|☆HZBKAI3
|player|p2|
|l|☆trippi-troppi6969
|player|p1|
