|badge|p2|bronze|gen9ou|100-7
|uhtml|medal-msg|<div class="broadcast-blue">Curious what those medals under the avatar are? PS now has Ladder Seasons! For more information, check out the <a href="https://www.smogon.com/forums/threads/3740067/">thread on Smogon.</a></div>
|j|☆stariaki
|j|☆Sanesa8724
|t:|1760878155
|gametype|singles
|player|p1|stariaki|chuck|1749
|player|p2|Sanesa8724|265|1853
|gen|9
|tier|[Gen 9] OU
|rated|
|rule|HP Percentage Mod: HP is shown in percentages
|rule|Endless Battle Clause: Forcing endless battles is banned
|rule|Species Clause: Limit one of each Pokémon
|rule|OHKO Clause: OHKO moves are banned
|rule|Evasion Items Clause: Evasion items are banned
|rule|Evasion Moves Clause: Evasion moves are banned
|rule|Evasion Abilities Clause: Evasion abilities are banned
|rule|Sleep Moves Clause: Sleep-inducing moves are banned
|clearpoke
|poke|p1|Polteageist|
|poke|p1|Scizor, F|
|poke|p1|Dragonite, M|
|poke|p1|Great Tusk|
|poke|p1|Cinderace, F|
|poke|p1|Alomomola, F|
|poke|p2|Rillaboom, M|
|poke|p2|Zamazenta-*|
|poke|p2|Ogerpon, F|
|poke|p2|Moltres|
|poke|p2|Iron Treads|
|poke|p2|Gholdengo|
|teampreview
|j| paola bracho
|j| bloodhound q50
|c|☆Sanesa8724|Glhf
|c|☆Sanesa8724|oh hi again
|inactive|Battle timer is ON: inactive players will automatically lose when time's up. (requested by stariaki)
|c|☆stariaki|Glhf!
|c| bloodhound q50|ooh its Teryiaki
|inactive|Sanesa8724 has 120 seconds left.
|c|☆Sanesa8724|Im the guy with the Lu Ghold Dnite Alo Glowking Meow
|c|☆Sanesa8724|from a bit ago
|c|☆stariaki|Ohhh yeah
|c|☆stariaki|I totally forgot
|
|t:|1760878245
|teamsize|p1|6
|teamsize|p2|6
|start
|switch|p1a: Alomomola|Alomomola, F|100/100
|switch|p2a: Moltres|Moltres|100/100
|turn|1
|c|☆Sanesa8724|Fair
|c|☆stariaki|Excuse me <3
|j| Dionysos
|
|t:|1760878262
|move|p1a: Alomomola|Flip Turn|p2a: Moltres
|-supereffective|p2a: Moltres
|-damage|p2a: Moltres|68/100
|l| Dionysos
|c|☆Sanesa8724|Np lol
|
|t:|1760878271
|switch|p1a: Great Tusk|Great Tusk|100/100|[from] Flip Turn
|move|p2a: Moltres|Roar|p1a: Great Tusk
|-end|p1a: Great Tusk|Protosynthesis|[silent]
|drag|p1a: Dragonite|Dragonite, M|100/100
|
|upkeep
|turn|2
|
|t:|1760878277
|switch|p1a: Cinderace|Cinderace, F|100/100
|move|p2a: Moltres|Roost|p2a: Moltres
|-heal|p2a: Moltres|100/100
|-singleturn|p2a: Moltres|move: Roost
|
|upkeep
|turn|3
|
|t:|1760878283
|move|p1a: Cinderace|U-turn|p2a: Moltres
|-resisted|p2a: Moltres
|-damage|p2a: Moltres|95/100
|
|t:|1760878284
|switch|p1a: Alomomola|Alomomola, F|100/100|[from] U-turn
|move|p2a: Moltres|U-turn|p1a: Alomomola
|-crit|p1a: Alomomola
|-damage|p1a: Alomomola|88/100
|-damage|p2a: Moltres|78/100|[from] item: Rocky Helmet|[of] p1a: Alomomola
|
|t:|1760878294
|switch|p2a: Rillaboom|Rillaboom, M|100/100|[from] U-turn
|-fieldstart|move: Grassy Terrain|[from] ability: Grassy Surge|[of] p2a: Rillaboom
|
|-heal|p1a: Alomomola|94/100|[from] Grassy Terrain
|upkeep
|turn|4
|
|t:|1760878297
|switch|p2a: Ogerpon|Ogerpon, F|100/100
|switch|p1a: Dragonite|Dragonite, M|100/100
|
|upkeep
|turn|5
|
|t:|1760878301
|switch|p2a: Moltres|Moltres|78/100
|move|p1a: Dragonite|Ice Spinner|p2a: Moltres
|-damage|p2a: Moltres|50/100
|-fieldend|move: Grassy Terrain
|
|upkeep
|turn|6
|
|t:|1760878308
|switch|p1a: Polteageist|Polteageist|100/100
|move|p2a: Moltres|Roost|p2a: Moltres
|-heal|p2a: Moltres|100/100
|-singleturn|p2a: Moltres|move: Roost
|
|upkeep
|turn|7
|
|t:|1760878312
|move|p1a: Polteageist|Shadow Ball|p2a: Moltres
|-crit|p2a: Moltres
|-damage|p2a: Moltres|50/100
|move|p2a: Moltres|Roar|p1a: Polteageist
|drag|p1a: Alomomola|Alomomola, F|100/100
|
|upkeep
|turn|8
|
|t:|1760878317
|move|p2a: Moltres|Roost|p2a: Moltres
|-heal|p2a: Moltres|100/100
|-singleturn|p2a: Moltres|move: Roost
|move|p1a: Alomomola|Flip Turn|p2a: Moltres
|-supereffective|p2a: Moltres
|-damage|p2a: Moltres|70/100
|
|t:|1760878320
|switch|p1a: Polteageist|Polteageist|100/100|[from] Flip Turn
|
|upkeep
|turn|9
|l| paola bracho
|
|t:|1760878326
|switch|p2a: Rillaboom|Rillaboom, M|100/100
|-fieldstart|move: Grassy Terrain|[from] ability: Grassy Surge|[of] p2a: Rillaboom
|move|p1a: Polteageist|Shadow Ball|p2a: Rillaboom
|-damage|p2a: Rillaboom|50/100
|
|-heal|p2a: Rillaboom|56/100|[from] Grassy Terrain
|upkeep
|turn|10
|
|t:|1760878336
|switch|p1a: Dragonite|Dragonite, M|100/100
|move|p2a: Rillaboom|Knock Off|p1a: Dragonite
|-damage|p1a: Dragonite|84/100
|-enditem|p1a: Dragonite|Leftovers|[from] move: Knock Off|[of] p2a: Rillaboom
|
|-heal|p2a: Rillaboom|62/100|[from] Grassy Terrain
|upkeep
|turn|11
|j| 0SiegeWarfare
|
|t:|1760878343
|switch|p1a: Polteageist|Polteageist|100/100
|move|p2a: Rillaboom|U-turn|p1a: Polteageist
|-resisted|p1a: Polteageist
|-damage|p1a: Polteageist|74/100
|-ability|p1a: Polteageist|Weak Armor|boost
|-unboost|p1a: Polteageist|def|1
|-boost|p1a: Polteageist|spe|2
|
|t:|1760878349
|switch|p2a: Iron Treads|Iron Treads|100/100|[from] U-turn
|
|-heal|p1a: Polteageist|81/100|[from] Grassy Terrain
|upkeep
|turn|12
|
|t:|1760878353
|switch|p1a: Alomomola|Alomomola, F|100/100
|move|p2a: Iron Treads|Knock Off|p1a: Alomomola
|-damage|p1a: Alomomola|88/100
|-damage|p2a: Iron Treads|84/100|[from] item: Rocky Helmet|[of] p1a: Alomomola
|-enditem|p1a: Alomomola|Rocky Helmet|[from] move: Knock Off|[of] p2a: Iron Treads
|
|-heal|p2a: Iron Treads|90/100|[from] Grassy Terrain
|-heal|p2a: Iron Treads|96/100|[from] item: Leftovers
|-heal|p1a: Alomomola|94/100|[from] Grassy Terrain
|upkeep
|turn|13
|
|t:|1760878355
|move|p2a: Iron Treads|Stealth Rock|p1a: Alomomola
|-sidestart|p1: stariaki|move: Stealth Rock
|move|p1a: Alomomola|Wish|p1a: Alomomola
|
|-heal|p2a: Iron Treads|100/100|[from] Grassy Terrain
|-heal|p1a: Alomomola|99/100|[from] Grassy Terrain
|upkeep
|turn|14
|j| Scoob252525
|j| riyuezi
|j| Dragonlatios1
|inactive|Sanesa8724 has 120 seconds left.
|
|t:|1760878390
|-end|p2a: Iron Treads|Quark Drive|[silent]
|switch|p2a: Ogerpon|Ogerpon, F|100/100
|move|p1a: Alomomola|Flip Turn|p2a: Ogerpon
|-resisted|p2a: Ogerpon
|-damage|p2a: Ogerpon|91/100
|
|t:|1760878403
|switch|p1a: Dragonite|Dragonite, M|84/100|[from] Flip Turn
|-damage|p1a: Dragonite|59/100|[from] Stealth Rock
|
|-heal|p1a: Dragonite|100/100|[from] move: Wish|[wisher] Alomomola
|-heal|p2a: Ogerpon|97/100|[from] Grassy Terrain
|upkeep
|turn|15
|
|t:|1760878414
|switch|p2a: Moltres|Moltres|70/100
|move|p1a: Dragonite|Ice Spinner|p2a: Moltres
|-damage|p2a: Moltres|44/100
|-status|p1a: Dragonite|brn|[from] ability: Flame Body|[of] p2a: Moltres
|-fieldend|move: Grassy Terrain
|
|-damage|p1a: Dragonite|94/100 brn|[from] brn
|upkeep
|turn|16
|
|t:|1760878418
|switch|p1a: Alomomola|Alomomola, F|100/100
|-damage|p1a: Alomomola|88/100|[from] Stealth Rock
|move|p2a: Moltres|Roost|p2a: Moltres
|-heal|p2a: Moltres|94/100
|-singleturn|p2a: Moltres|move: Roost
|
|upkeep
|turn|17
|
|t:|1760878420
|move|p1a: Alomomola|Wish|p1a: Alomomola
|move|p2a: Moltres|Roar|p1a: Alomomola
|drag|p1a: Cinderace|Cinderace, F|100/100
|
|upkeep
|turn|18
|
|t:|1760878426
|move|p1a: Cinderace|Court Change|p1a: Cinderace
|-swapsideconditions
|-activate|p1a: Cinderace|move: Court Change
|move|p2a: Moltres|U-turn|p1a: Cinderace
|-resisted|p1a: Cinderace
|-damage|p1a: Cinderace|90/100
|
|t:|1760878431
|switch|p2a: Iron Treads|Iron Treads|100/100|[from] U-turn
|-damage|p2a: Iron Treads|97/100|[from] Stealth Rock
|
|-heal|p1a: Cinderace|100/100|[from] move: Wish|[wisher] Alomomola
|-heal|p2a: Iron Treads|100/100|[from] item: Leftovers
|upkeep
|turn|19
|
|t:|1760878441
|-end|p2a: Iron Treads|Quark Drive|[silent]
|switch|p2a: Moltres|Moltres|94/100
|move|p1a: Cinderace|Pyro Ball|p2a: Moltres
|-resisted|p2a: Moltres
|-damage|p2a: Moltres|66/100
|
|upkeep
|turn|20
|j| Disscratch
|
|t:|1760878448
|move|p1a: Cinderace|Pyro Ball|p2a: Moltres
|-resisted|p2a: Moltres
|-damage|p2a: Moltres|38/100
|move|p2a: Moltres|Roost|p2a: Moltres
|-heal|p2a: Moltres|88/100
|-singleturn|p2a: Moltres|move: Roost
|
|upkeep
|turn|21
|
|t:|1760878452
|move|p1a: Cinderace|U-turn|p2a: Moltres
|-resisted|p2a: Moltres
|-damage|p2a: Moltres|83/100
|
|t:|1760878453
|switch|p1a: Alomomola|Alomomola, F|100/100|[from] U-turn
|move|p2a: Moltres|U-turn|p1a: Alomomola
|-damage|p1a: Alomomola|93/100
|
|t:|1760878464
|switch|p2a: Ogerpon|Ogerpon, F|97/100|[from] U-turn
|-damage|p2a: Ogerpon|84/100|[from] Stealth Rock
|
|upkeep
|turn|22
|
|t:|1760878471
|move|p2a: Ogerpon|Swords Dance|p2a: Ogerpon
|-boost|p2a: Ogerpon|atk|2
|move|p1a: Alomomola|Flip Turn|p2a: Ogerpon
|-resisted|p2a: Ogerpon
|-damage|p2a: Ogerpon|73/100
|
|t:|1760878483
|switch|p1a: Scizor|Scizor, F|100/100|[from] Flip Turn
|
|upkeep
|turn|23
|
|t:|1760878505
|move|p2a: Ogerpon|Knock Off|p1a: Scizor
|-damage|p1a: Scizor|18/100
|-enditem|p1a: Scizor|Choice Band|[from] move: Knock Off|[of] p2a: Ogerpon
|-damage|p2a: Ogerpon|63/100|[from] item: Life Orb
|move|p1a: Scizor|Knock Off|p2a: Ogerpon
|-damage|p2a: Ogerpon|19/100
|-enditem|p2a: Ogerpon|Life Orb|[from] move: Knock Off|[of] p1a: Scizor
|
|upkeep
|turn|24
|
|t:|1760878510
|switch|p2a: Moltres|Moltres|83/100
|move|p1a: Scizor|Bullet Punch|p2a: Moltres
|-resisted|p2a: Moltres
|-damage|p2a: Moltres|65/100
|
|upkeep
|turn|25
|l| Scoob252525
|
|t:|1760878515
|switch|p1a: Alomomola|Alomomola, F|100/100
|move|p2a: Moltres|U-turn|p1a: Alomomola
|-damage|p1a: Alomomola|92/100
|
|t:|1760878527
|switch|p2a: Rillaboom|Rillaboom, M|62/100|[from] U-turn
|-damage|p2a: Rillaboom|50/100|[from] Stealth Rock
|-fieldstart|move: Grassy Terrain|[from] ability: Grassy Surge|[of] p2a: Rillaboom
|
|-heal|p2a: Rillaboom|56/100|[from] Grassy Terrain
|-heal|p1a: Alomomola|99/100|[from] Grassy Terrain
|upkeep
|turn|26
|j| solcreciente
|
|t:|1760878533
|move|p2a: Rillaboom|U-turn|p1a: Alomomola
|-damage|p1a: Alomomola|85/100
|
|t:|1760878535
|switch|p2a: Ogerpon|Ogerpon, F|19/100|[from] U-turn
|-damage|p2a: Ogerpon|6/100|[from] Stealth Rock
|move|p1a: Alomomola|Flip Turn|p2a: Ogerpon
|-resisted|p2a: Ogerpon
|-damage|p2a: Ogerpon|0 fnt
|faint|p2a: Ogerpon
|c| bloodhound q50|man down
|
|t:|1760878551
|switch|p1a: Scizor|Scizor, F|18/100|[from] Flip Turn
|
|-heal|p1a: Scizor|24/100|[from] Grassy Terrain
|upkeep
|
|t:|1760878556
|switch|p2a: Zamazenta|Zamazenta|100/100
|-damage|p2a: Zamazenta|94/100|[from] Stealth Rock
|-ability|p2a: Zamazenta|Dauntless Shield|boost
|-boost|p2a: Zamazenta|def|1
|turn|27
|
|t:|1760878560
|switch|p1a: Alomomola|Alomomola, F|100/100
|move|p2a: Zamazenta|Iron Defense|p2a: Zamazenta
|-boost|p2a: Zamazenta|def|2
|
|-heal|p2a: Zamazenta|100/100|[from] Grassy Terrain
|upkeep
|turn|28
|
|t:|1760878564
|move|p2a: Zamazenta|Substitute|p2a: Zamazenta
|-start|p2a: Zamazenta|Substitute
|-damage|p2a: Zamazenta|76/100
|move|p1a: Alomomola|Wish|p1a: Alomomola
|
|-heal|p2a: Zamazenta|82/100|[from] Grassy Terrain
|-heal|p2a: Zamazenta|88/100|[from] item: Leftovers
|upkeep
|turn|29
|
|t:|1760878568
|move|p2a: Zamazenta|Iron Defense|p2a: Zamazenta
|-boost|p2a: Zamazenta|def|2
|move|p1a: Alomomola|Flip Turn|p2a: Zamazenta
|-activate|p2a: Zamazenta|move: Substitute|[damage]
|j| 1000s main
|
|t:|1760878570
|switch|p1a: Polteageist|Polteageist|81/100|[from] Flip Turn
|
|-heal|p1a: Polteageist|100/100|[from] move: Wish|[wisher] Alomomola
|-heal|p2a: Zamazenta|94/100|[from] Grassy Terrain
|-heal|p2a: Zamazenta|99/100|[from] item: Leftovers
|upkeep
|turn|30
|
|t:|1760878588
|move|p2a: Zamazenta|Crunch|p1a: Polteageist
|-supereffective|p1a: Polteageist
|-damage|p1a: Polteageist|18/100
|-ability|p1a: Polteageist|Weak Armor|boost
|-unboost|p1a: Polteageist|def|1
|-boost|p1a: Polteageist|spe|2
|move|p1a: Polteageist|Shadow Ball|p2a: Zamazenta
|-end|p2a: Zamazenta|Substitute
|
|-heal|p1a: Polteageist|24/100|[from] Grassy Terrain
|-heal|p2a: Zamazenta|100/100|[from] Grassy Terrain
|upkeep
|turn|31
|
|t:|1760878597
|switch|p1a: Alomomola|Alomomola, F|100/100
|move|p2a: Zamazenta|Crunch|p1a: Alomomola
|-damage|p1a: Alomomola|89/100
|-unboost|p1a: Alomomola|def|1
|
|-heal|p1a: Alomomola|95/100|[from] Grassy Terrain
|upkeep
|turn|32
|
|t:|1760878603
|-terastallize|p1a: Alomomola|Fairy
|move|p2a: Zamazenta|Body Press|p1a: Alomomola
|-resisted|p1a: Alomomola
|-damage|p1a: Alomomola|44/100
|move|p1a: Alomomola|Wish|p1a: Alomomola
|
|-heal|p1a: Alomomola|50/100|[from] Grassy Terrain
|-fieldend|move: Grassy Terrain
|upkeep
|turn|33
|
|t:|1760878608
|move|p2a: Zamazenta|Substitute|p2a: Zamazenta
|-start|p2a: Zamazenta|Substitute
|-damage|p2a: Zamazenta|76/100
|move|p1a: Alomomola|Flip Turn|p2a: Zamazenta
|-activate|p2a: Zamazenta|move: Substitute|[damage]
|
|t:|1760878611
|switch|p1a: Polteageist|Polteageist|24/100|[from] Flip Turn
|
|-heal|p1a: Polteageist|100/100|[from] move: Wish|[wisher] Alomomola
|-heal|p2a: Zamazenta|82/100|[from] item: Leftovers
|upkeep
|turn|34
|
|t:|1760878622
|move|p2a: Zamazenta|Crunch|p1a: Polteageist
|-supereffective|p1a: Polteageist
|-damage|p1a: Polteageist|17/100
|-ability|p1a: Polteageist|Weak Armor|boost
|-unboost|p1a: Polteageist|def|1
|-boost|p1a: Polteageist|spe|2
|move|p1a: Polteageist|Shadow Ball|p2a: Zamazenta
|-end|p2a: Zamazenta|Substitute
|
|-heal|p2a: Zamazenta|88/100|[from] item: Leftovers
|upkeep
|turn|35
|
|t:|1760878627
|switch|p1a: Alomomola|Alomomola, F, tera:Fairy|83/100
|move|p2a: Zamazenta|Crunch|p1a: Alomomola
|-resisted|p1a: Alomomola
|-damage|p1a: Alomomola|77/100
|
|-heal|p2a: Zamazenta|94/100|[from] item: Leftovers
|upkeep
|turn|36
|
|t:|1760878634
|move|p2a: Zamazenta|Body Press|p1a: Alomomola
|-resisted|p1a: Alomomola
|-damage|p1a: Alomomola|40/100
|move|p1a: Alomomola|Wish|p1a: Alomomola
|
|-heal|p2a: Zamazenta|99/100|[from] item: Leftovers
|upkeep
|turn|37
|
|t:|1760878640
|move|p2a: Zamazenta|Substitute|p2a: Zamazenta
|-start|p2a: Zamazenta|Substitute
|-damage|p2a: Zamazenta|75/100
|move|p1a: Alomomola|Flip Turn|p2a: Zamazenta
|-activate|p2a: Zamazenta|move: Substitute|[damage]
|n| chemfruit|1000smain
|
|t:|1760878643
|switch|p1a: Polteageist|Polteageist|17/100|[from] Flip Turn
|
|-heal|p1a: Polteageist|100/100|[from] move: Wish|[wisher] Alomomola
|-heal|p2a: Zamazenta|81/100|[from] item: Leftovers
|upkeep
|turn|38
|
|t:|1760878659
|move|p2a: Zamazenta|Crunch|p1a: Polteageist
|-supereffective|p1a: Polteageist
|-damage|p1a: Polteageist|23/100
|-unboost|p1a: Polteageist|def|1
|-ability|p1a: Polteageist|Weak Armor|boost
|-unboost|p1a: Polteageist|def|1
|-boost|p1a: Polteageist|spe|2
|move|p1a: Polteageist|Shadow Ball|p2a: Zamazenta
|-end|p2a: Zamazenta|Substitute
|
|-heal|p2a: Zamazenta|88/100|[from] item: Leftovers
|upkeep
|turn|39
|
|t:|1760878669
|move|p1a: Polteageist|Shadow Ball|p2a: Zamazenta
|-damage|p2a: Zamazenta|49/100
|move|p2a: Zamazenta|Crunch|p1a: Polteageist
|-supereffective|p1a: Polteageist
|-damage|p1a: Polteageist|0 fnt
|faint|p1a: Polteageist
|
|-heal|p2a: Zamazenta|55/100|[from] item: Leftovers
|upkeep
|c|☆stariaki|Ah
|c|☆stariaki|Gg
|c|☆Sanesa8724|Gg
|-message|stariaki forfeited.
|
|win|Sanesa8724
|raw|stariaki's rating: 1749 &rarr; <strong>1735</strong><br />(-14 for losing)
|raw|Sanesa8724's rating: 1853 &rarr; <strong>1867</strong><br />(+14 for winning)
|l|☆stariaki
|player|p1|
|l|☆Sanesa8724
|player|p2|
|l| Dragonlatios1
|l| Disscratch
|l| solcreciente
|l| bloodhound q50
