|j|☆benzeboss
|j|☆Manolokmen
|t:|1760784712
|gametype|singles
|player|p1|benzeboss|n|1145
|player|p2|Manolokmen|102|1211
|gen|9
|tier|[Gen 9] OU
|rated|
|rule|HP Percentage Mod: HP is shown in percentages
|rule|Endless Battle Clause: Forcing endless battles is banned
|rule|Species Clause: Limit one of each Pokémon
|rule|OHKO Clause: OHKO moves are banned
|rule|Evasion Items Clause: Evasion items are banned
|rule|Evasion Moves Clause: Evasion moves are banned
|rule|Evasion Abilities Clause: Evasion abilities are banned
|rule|Sleep Moves Clause: Sleep-inducing moves are banned
|clearpoke
|poke|p1|Flamigo, M|
|poke|p1|Latios, M|
|poke|p1|Weavile, M|
|poke|p1|Iron Treads|
|poke|p1|Glimmora, M|
|poke|p1|Rotom-Wash|
|poke|p2|Pelipper, F|
|poke|p2|Barraskewda, M|
|poke|p2|Charizard, F|
|poke|p2|Basculegion-F, F|
|poke|p2|Zapdos|
|poke|p2|Ogerpon-Wellspring, F|
|teampreview
|inactive|Battle timer is ON: inactive players will automatically lose when time's up. (requested by Manolokmen)
|
|t:|1760784722
|teamsize|p1|6
|teamsize|p2|6
|start
|switch|p1a: Glimmora|Glimmora, M|100/100
|switch|p2a: Pelipper|Pelipper, F|100/100
|-weather|RainDance|[from] ability: Drizzle|[of] p2a: Pelipper
|turn|1
|
|t:|1760784732
|switch|p2a: Charizard|Charizard, F|100/100
|move|p1a: Glimmora|Stealth Rock|p2a: Charizard
|-sidestart|p2: Manolokmen|move: Stealth Rock
|
|-weather|RainDance|[upkeep]
|upkeep
|turn|2
|
|t:|1760784741
|move|p2a: Charizard|Scorching Sands|p1a: Glimmora
|-supereffective|p1a: Glimmora
|-enditem|p1a: Glimmora|Focus Sash
|-damage|p1a: Glimmora|1/100
|-damage|p2a: Charizard|91/100|[from] item: Life Orb
|move|p1a: Glimmora|Spikes|p2a: Charizard
|-sidestart|p2: Manolokmen|Spikes
|
|-weather|RainDance|[upkeep]
|upkeep
|turn|3
|
|t:|1760784749
|move|p2a: Charizard|Scorching Sands|p1a: Glimmora
|-supereffective|p1a: Glimmora
|-damage|p1a: Glimmora|0 fnt
|faint|p1a: Glimmora
|-damage|p2a: Charizard|81/100|[from] item: Life Orb
|
|-weather|RainDance|[upkeep]
|upkeep
|
|t:|1760784764
|switch|p1a: Rotom|Rotom-Wash|100/100
|turn|4
|
|t:|1760784769
|move|p2a: Charizard|Hurricane|p1a: Rotom
|-resisted|p1a: Rotom
|-crit|p1a: Rotom
|-damage|p1a: Rotom|45/100
|-damage|p2a: Charizard|71/100|[from] item: Life Orb
|move|p1a: Rotom|Volt Switch|p2a: Charizard
|-supereffective|p2a: Charizard
|-crit|p2a: Charizard
|-damage|p2a: Charizard|0 fnt
|faint|p2a: Charizard
|
|t:|1760784790
|switch|p1a: Latios|Latios, M|100/100|[from] Volt Switch
|
|-weather|RainDance|[upkeep]
|upkeep
|
|t:|1760784797
|switch|p2a: Basculegion|Basculegion-F, F|100/100
|-damage|p2a: Basculegion|88/100|[from] Stealth Rock
|-damage|p2a: Basculegion|76/100|[from] Spikes
|turn|5
|
|t:|1760784802
|switch|p1a: Iron Treads|Iron Treads|100/100
|move|p2a: Basculegion|Shadow Ball|p1a: Iron Treads
|-damage|p1a: Iron Treads|47/100
|
|-weather|none
|upkeep
|turn|6
|
|t:|1760784808
|move|p1a: Iron Treads|Volt Switch|p2a: Basculegion
|-supereffective|p2a: Basculegion
|-damage|p2a: Basculegion|50/100
|
|t:|1760784813
|-end|p1a: Iron Treads|Quark Drive|[silent]
|switch|p1a: Rotom|Rotom-Wash|45/100|[from] Volt Switch
|move|p2a: Basculegion|Shadow Ball|p1a: Rotom
|-damage|p1a: Rotom|0 fnt
|faint|p1a: Rotom
|
|upkeep
|
|t:|1760784817
|switch|p1a: Weavile|Weavile, M|100/100
|turn|7
|
|t:|1760784825
|switch|p2a: Pelipper|Pelipper, F|100/100
|-weather|RainDance|[from] ability: Drizzle|[of] p2a: Pelipper
|move|p1a: Weavile|Knock Off|p2a: Pelipper
|-damage|p2a: Pelipper|63/100
|-enditem|p2a: Pelipper|Heavy-Duty Boots|[from] move: Knock Off|[of] p1a: Weavile
|
|-weather|RainDance|[upkeep]
|upkeep
|turn|8
|
|t:|1760784830
|move|p1a: Weavile|Swords Dance|p1a: Weavile
|-boost|p1a: Weavile|atk|2
|move|p2a: Pelipper|Roost|p2a: Pelipper
|-heal|p2a: Pelipper|100/100
|-singleturn|p2a: Pelipper|move: Roost
|
|-weather|RainDance|[upkeep]
|upkeep
|turn|9
|
|t:|1760784836
|move|p1a: Weavile|Knock Off|p2a: Pelipper
|-damage|p2a: Pelipper|51/100
|move|p2a: Pelipper|Hurricane|p1a: Weavile
|-damage|p1a: Weavile|48/100
|
|-weather|RainDance|[upkeep]
|upkeep
|turn|10
|
|t:|1760784844
|move|p1a: Weavile|Ice Spinner|p2a: Pelipper
|-damage|p2a: Pelipper|0 fnt
|faint|p2a: Pelipper
|
|-weather|RainDance|[upkeep]
|upkeep
|
|t:|1760784848
|switch|p2a: Barraskewda|Barraskewda, M|100/100
|-damage|p2a: Barraskewda|88/100|[from] Stealth Rock
|-damage|p2a: Barraskewda|76/100|[from] Spikes
|turn|11
|
|t:|1760784855
|move|p2a: Barraskewda|Aqua Jet|p1a: Weavile
|-damage|p1a: Weavile|0 fnt
|faint|p1a: Weavile
|
|-weather|none
|upkeep
|
|t:|1760784866
|switch|p1a: Latios|Latios, M|100/100
|turn|12
|
|t:|1760784873
|switch|p2a: Basculegion|Basculegion-F, F|50/100
|-damage|p2a: Basculegion|37/100|[from] Stealth Rock
|-damage|p2a: Basculegion|25/100|[from] Spikes
|move|p1a: Latios|Luster Purge|p2a: Basculegion
|-damage|p2a: Basculegion|0 fnt
|faint|p2a: Basculegion
|
|upkeep
|
|t:|1760784876
|switch|p2a: Zapdos|Zapdos|100/100
|-ability|p2a: Zapdos|Pressure
|turn|13
|
|t:|1760784889
|switch|p1a: Iron Treads|Iron Treads|47/100
|move|p2a: Zapdos|Hurricane|p1a: Iron Treads
|-resisted|p1a: Iron Treads
|-damage|p1a: Iron Treads|20/100
|
|upkeep
|turn|14
|
|t:|1760784897
|move|p1a: Iron Treads|Iron Head|p2a: Zapdos
|-resisted|p2a: Zapdos
|-damage|p2a: Zapdos|82/100
|move|p2a: Zapdos|Hurricane|p1a: Iron Treads
|-resisted|p1a: Iron Treads
|-damage|p1a: Iron Treads|0 fnt
|faint|p1a: Iron Treads
|-end|p1a: Iron Treads|Quark Drive|[silent]
|
|upkeep
|
|t:|1760784908
|switch|p1a: Flamigo|Flamigo, M|100/100
|turn|15
|
|t:|1760784912
|move|p1a: Flamigo|Brave Bird|p2a: Zapdos
|-resisted|p2a: Zapdos
|-damage|p2a: Zapdos|51/100
|-damage|p1a: Flamigo|88/100|[from] Recoil
|move|p2a: Zapdos|Volt Switch|p1a: Flamigo
|-supereffective|p1a: Flamigo
|-damage|p1a: Flamigo|0 fnt
|faint|p1a: Flamigo
|
|t:|1760784917
|switch|p2a: Barraskewda|Barraskewda, M|76/100|[from] Volt Switch
|-damage|p2a: Barraskewda|64/100|[from] Stealth Rock
|-damage|p2a: Barraskewda|52/100|[from] Spikes
|
|upkeep
|
|t:|1760784919
|switch|p1a: Latios|Latios, M|100/100
|turn|16
|
|t:|1760784925
|move|p1a: Latios|Luster Purge|p2a: Barraskewda
|-damage|p2a: Barraskewda|0 fnt
|faint|p2a: Barraskewda
|
|upkeep
|
|t:|1760784929
|switch|p2a: Ogerpon|Ogerpon-Wellspring, F|100/100
|-damage|p2a: Ogerpon|88/100|[from] Stealth Rock
|-damage|p2a: Ogerpon|76/100|[from] Spikes
|turn|17
|
|t:|1760784937
|-terastallize|p1a: Latios|Fairy
|move|p1a: Latios|Luster Purge|p2a: Ogerpon
|-damage|p2a: Ogerpon|14/100
|-unboost|p2a: Ogerpon|spd|1
|move|p2a: Ogerpon|Swords Dance|p2a: Ogerpon
|-boost|p2a: Ogerpon|atk|2
|
|upkeep
|turn|18
|
|t:|1760784944
|move|p1a: Latios|Luster Purge|p2a: Ogerpon
|-damage|p2a: Ogerpon|0 fnt
|faint|p2a: Ogerpon
|
|upkeep
|
|t:|1760784947
|switch|p2a: Zapdos|Zapdos|51/100
|-ability|p2a: Zapdos|Pressure
|turn|19
|
|t:|1760784949
|-terastallize|p2a: Zapdos|Electric
|move|p1a: Latios|Luster Purge|p2a: Zapdos
|-damage|p2a: Zapdos|0 fnt
|faint|p2a: Zapdos
|
|win|benzeboss
|raw|benzeboss's rating: 1145 &rarr; <strong>1175</strong><br />(+30 for winning)
|raw|Manolokmen's rating: 1211 &rarr; <strong>1181</strong><br />(-30 for losing)
|l|☆Manolokmen
|player|p2|
|l|☆benzeboss
|player|p1|
