|j|☆Potential Man
|j|☆qpoweiyetu
|t:|1760837420
|gametype|singles
|player|p1|Potential Man|brock-gen2|1493
|player|p2|qpoweiyetu|101|1536
|gen|9
|tier|[Gen 9] OU
|rated|
|rule|HP Percentage Mod: HP is shown in percentages
|rule|Endless Battle Clause: Forcing endless battles is banned
|rule|Species Clause: Limit one of each Pokémon
|rule|OHKO Clause: OHKO moves are banned
|rule|Evasion Items Clause: Evasion items are banned
|rule|Evasion Moves Clause: Evasion moves are banned
|rule|Evasion Abilities Clause: Evasion abilities are banned
|rule|Sleep Moves Clause: Sleep-inducing moves are banned
|clearpoke
|poke|p1|Toxtricity, M|
|poke|p1|Slowking, F|
|poke|p1|Corviknight, M|
|poke|p1|Hatterene, F|
|poke|p1|Garchomp, F|
|poke|p1|Weavile, F|
|poke|p2|Indeedee, M|
|poke|p2|Armarouge, M|
|poke|p2|Polteageist|
|poke|p2|Hatterene, F|
|poke|p2|Ceruledge, F|
|poke|p2|Great Tusk|
|teampreview
|inactive|Battle timer is ON: inactive players will automatically lose when time's up. (requested by qpoweiyetu)
|
|t:|1760837432
|teamsize|p1|6
|teamsize|p2|6
|start
|switch|p1a: Garchomp|Garchomp, F|100/100
|switch|p2a: Indeedee|Indeedee, M|100/100
|-fieldstart|move: Psychic Terrain|[from] ability: Psychic Surge|[of] p2a: Indeedee
|turn|1
|
|t:|1760837436
|switch|p2a: Hatterene|Hatterene, F|100/100
|move|p1a: Garchomp|Scale Shot|p2a: Hatterene
|-immune|p2a: Hatterene
|
|upkeep
|turn|2
|
|t:|1760837444
|move|p1a: Garchomp|Swords Dance|p1a: Garchomp
|-boost|p1a: Garchomp|atk|2
|move|p2a: Hatterene|Expanding Force|p1a: Garchomp
|-damage|p1a: Garchomp|11/100
|
|upkeep
|turn|3
|
|t:|1760837448
|move|p1a: Garchomp|Earthquake|p2a: Hatterene
|-damage|p2a: Hatterene|2/100
|-enditem|p2a: Hatterene|Eject Button
|
|t:|1760837459
|switch|p2a: Great Tusk|Great Tusk|100/100
|
|upkeep
|turn|4
|
|t:|1760837487
|move|p1a: Garchomp|Scale Shot|p2a: Great Tusk
|-damage|p2a: Great Tusk|83/100
|-damage|p2a: Great Tusk|64/100
|-damage|p2a: Great Tusk|46/100
|-damage|p2a: Great Tusk|28/100
|-damage|p2a: Great Tusk|7/100
|-hitcount|p2a: Great Tusk|5
|-unboost|p1a: Garchomp|def|1
|-boost|p1a: Garchomp|spe|1
|move|p2a: Great Tusk|Rapid Spin|p1a: Garchomp
|-damage|p1a: Garchomp|0 fnt
|-boost|p2a: Great Tusk|spe|1
|-damage|p2a: Great Tusk|0 fnt|[from] ability: Rough Skin|[of] p1a: Garchomp
|faint|p1a: Garchomp
|faint|p2a: Great Tusk
|-end|p2a: Great Tusk|Protosynthesis|[silent]
|
|upkeep
|inactive|qpoweiyetu has 120 seconds left.
|
|t:|1760837509
|switch|p1a: Bad Amp|Toxtricity, M, shiny|100/100
|switch|p2a: Ceruledge|Ceruledge, F|100/100
|turn|5
|
|t:|1760837516
|switch|p2a: Hatterene|Hatterene, F|2/100
|move|p1a: Bad Amp|Overdrive|p2a: Hatterene
|-damage|p2a: Hatterene|0 fnt
|faint|p2a: Hatterene
|
|upkeep
|
|t:|1760837521
|switch|p2a: Polteageist|Polteageist|100/100
|turn|6
|inactive|qpoweiyetu has 120 seconds left.
|
|t:|1760837535
|-terastallize|p2a: Polteageist|Ground
|move|p2a: Polteageist|Shell Smash|p2a: Polteageist
|-unboost|p2a: Polteageist|def|1
|-unboost|p2a: Polteageist|spd|1
|-boost|p2a: Polteageist|atk|2
|-boost|p2a: Polteageist|spa|2
|-boost|p2a: Polteageist|spe|2
|move|p1a: Bad Amp|Overdrive|p2a: Polteageist
|-immune|p2a: Polteageist
|
|upkeep
|turn|7
|inactive|qpoweiyetu has 120 seconds left.
|
|t:|1760837542
|switch|p1a: Brine O' Mine|Slowking, F, shiny|100/100
|move|p2a: Polteageist|Shadow Ball|p1a: Brine O' Mine
|-supereffective|p1a: Brine O' Mine
|-damage|p1a: Brine O' Mine|2/100
|
|upkeep
|turn|8
|
|t:|1760837551
|move|p2a: Polteageist|Shadow Ball|p1a: Brine O' Mine
|-supereffective|p1a: Brine O' Mine
|-damage|p1a: Brine O' Mine|0 fnt
|faint|p1a: Brine O' Mine
|
|-fieldend|move: Psychic Terrain
|upkeep
|
|t:|1760837553
|switch|p1a: Hatterene|Hatterene, F|100/100
|turn|9
|
|t:|1760837565
|-terastallize|p1a: Hatterene|Water
|move|p2a: Polteageist|Shadow Ball|p1a: Hatterene
|-damage|p1a: Hatterene|49/100
|-unboost|p1a: Hatterene|spd|1
|move|p1a: Hatterene|Draining Kiss|p2a: Polteageist
|-damage|p2a: Polteageist|55/100
|-heal|p1a: Hatterene|78/100|[from] drain|[of] p2a: Polteageist
|
|upkeep
|turn|10
|
|t:|1760837575
|switch|p1a: Weavile|Weavile, F|100/100
|-ability|p1a: Weavile|Pressure
|move|p2a: Polteageist|Shadow Ball|p1a: Weavile
|-resisted|p1a: Weavile
|-damage|p1a: Weavile|38/100
|
|upkeep
|turn|11
|
|t:|1760837596
|switch|p2a: Indeedee|Indeedee, M|100/100
|-fieldstart|move: Psychic Terrain|[from] ability: Psychic Surge|[of] p2a: Indeedee
|move|p1a: Weavile|Ice Shard|p2a: Indeedee
|-activate|p2a: Indeedee|move: Psychic Terrain
|
|upkeep
|turn|12
|
|t:|1760837617
|switch|p2a: Armarouge|Armarouge, M|100/100
|move|p1a: Weavile|Knock Off|p2a: Armarouge
|-supereffective|p2a: Armarouge
|-enditem|p2a: Armarouge|Focus Sash
|-damage|p2a: Armarouge|1/100
|-ability|p2a: Armarouge|Weak Armor|boost
|-unboost|p2a: Armarouge|def|1
|-boost|p2a: Armarouge|spe|2
|
|upkeep
|turn|13
|
|t:|1760837627
|switch|p1a: Hatterene|Hatterene, F, tera:Water|78/100
|move|p2a: Armarouge|Armor Cannon|p1a: Hatterene
|-resisted|p1a: Hatterene
|-damage|p1a: Hatterene|56/100
|-unboost|p2a: Armarouge|def|1
|-unboost|p2a: Armarouge|spd|1
|
|upkeep
|turn|14
|
|t:|1760837630
|move|p2a: Armarouge|Expanding Force|p1a: Hatterene
|-damage|p1a: Hatterene|0 fnt
|faint|p1a: Hatterene
|
|upkeep
|
|t:|1760837635
|switch|p1a: Weavile|Weavile, F|38/100
|-ability|p1a: Weavile|Pressure
|turn|15
|
|t:|1760837638
|move|p1a: Weavile|Ice Shard|p2a: Armarouge
|-activate|p2a: Armarouge|move: Psychic Terrain
|move|p2a: Armarouge|Armor Cannon|p1a: Weavile
|-supereffective|p1a: Weavile
|-damage|p1a: Weavile|0 fnt
|-unboost|p2a: Armarouge|def|1
|-unboost|p2a: Armarouge|spd|1
|faint|p1a: Weavile
|
|upkeep
|
|t:|1760837640
|switch|p1a: Corviknight|Corviknight, M, shiny|100/100
|-ability|p1a: Corviknight|Pressure
|turn|16
|
|t:|1760837643
|move|p2a: Armarouge|Armor Cannon|p1a: Corviknight
|-supereffective|p1a: Corviknight
|-crit|p1a: Corviknight
|-damage|p1a: Corviknight|0 fnt
|-unboost|p2a: Armarouge|def|1
|-unboost|p2a: Armarouge|spd|1
|faint|p1a: Corviknight
|
|upkeep
|
|t:|1760837645
|switch|p1a: Bad Amp|Toxtricity, M, shiny|100/100
|turn|17
|
|t:|1760837649
|move|p2a: Armarouge|Expanding Force|p1a: Bad Amp
|-supereffective|p1a: Bad Amp
|-damage|p1a: Bad Amp|0 fnt
|faint|p1a: Bad Amp
|
|win|qpoweiyetu
|raw|Potential Man's rating: 1493 &rarr; <strong>1475</strong><br />(-18 for losing)
|raw|qpoweiyetu's rating: 1536 &rarr; <strong>1554</strong><br />(+18 for winning)
|l|☆qpoweiyetu
|player|p2|
|l|☆Potential Man
|player|p1|
