|j|☆idkbroitsucks
|j|☆decibelpkmn
|t:|1760796490
|gametype|singles
|player|p1|idkbroitsucks|265|1189
|player|p2|decibelpkmn|266|1195
|gen|9
|tier|[Gen 9] OU
|rated|
|rule|HP Percentage Mod: HP is shown in percentages
|rule|Endless Battle Clause: Forcing endless battles is banned
|rule|Species Clause: Limit one of each Pokémon
|rule|OHKO Clause: OHKO moves are banned
|rule|Evasion Items Clause: Evasion items are banned
|rule|Evasion Moves Clause: Evasion moves are banned
|rule|Evasion Abilities Clause: Evasion abilities are banned
|rule|Sleep Moves Clause: Sleep-inducing moves are banned
|clearpoke
|poke|p1|Weavile, F|
|poke|p1|Clefable, M|
|poke|p1|Gastrodon-East, F|
|poke|p1|Serperior, F|
|poke|p1|Dragonite, F|
|poke|p1|Quagsire, F|
|poke|p2|Gliscor, M|
|poke|p2|Clefable, M|
|poke|p2|Corviknight, M|
|poke|p2|Garganacl, F|
|poke|p2|Kingambit, F|
|poke|p2|Dragapult, M|
|teampreview
|
|t:|1760796502
|teamsize|p1|6
|teamsize|p2|6
|start
|switch|p1a: Quagsire|Quagsire, F|100/100
|switch|p2a: Dragapult|Dragapult, M|100/100
|turn|1
|
|t:|1760796508
|move|p2a: Dragapult|U-turn|p1a: Quagsire
|-damage|p1a: Quagsire|87/100
|
|t:|1760796510
|switch|p2a: Clefable|Clefable, M|100/100|[from] U-turn
|move|p1a: Quagsire|Stealth Rock|p2a: Clefable
|-sidestart|p2: decibelpkmn|move: Stealth Rock
|
|-heal|p1a: Quagsire|93/100|[from] item: Leftovers
|upkeep
|turn|2
|
|t:|1760796518
|move|p2a: Clefable|Knock Off|p1a: Quagsire
|-damage|p1a: Quagsire|80/100
|-enditem|p1a: Quagsire|Leftovers|[from] move: Knock Off|[of] p2a: Clefable
|move|p1a: Quagsire|Toxic|p2a: Clefable
|-status|p2a: Clefable|tox
|
|upkeep
|turn|3
|
|t:|1760796527
|move|p2a: Clefable|Moonblast|p1a: Quagsire
|-damage|p1a: Quagsire|45/100
|move|p1a: Quagsire|Body Press|p2a: Clefable
|-resisted|p2a: Clefable
|-damage|p2a: Clefable|87/100 tox
|
|-heal|p2a: Clefable|93/100 tox|[from] item: Leftovers
|upkeep
|turn|4
|
|t:|1760796539
|move|p2a: Clefable|Encore|p1a: Quagsire
|-start|p1a: Quagsire|Encore
|move|p1a: Quagsire|Body Press|p2a: Clefable
|-resisted|p2a: Clefable
|-damage|p2a: Clefable|80/100 tox
|
|-heal|p2a: Clefable|86/100 tox|[from] item: Leftovers
|upkeep
|turn|5
|
|t:|1760796554
|switch|p1a: Weavile|Weavile, F|100/100
|-ability|p1a: Weavile|Pressure
|move|p2a: Clefable|Moonblast|p1a: Weavile
|-supereffective|p1a: Weavile
|-damage|p1a: Weavile|21/100
|
|-heal|p2a: Clefable|92/100 tox|[from] item: Leftovers
|upkeep
|turn|6
|
|t:|1760796564
|switch|p2a: Corviknight|Corviknight, M|100/100
|-damage|p2a: Corviknight|88/100|[from] Stealth Rock
|-ability|p2a: Corviknight|Pressure
|move|p1a: Weavile|Fake Out|p2a: Corviknight
|-resisted|p2a: Corviknight
|-damage|p2a: Corviknight|83/100
|-damage|p1a: Weavile|4/100|[from] item: Rocky Helmet|[of] p2a: Corviknight
|
|upkeep
|turn|7
|
|t:|1760796576
|move|p1a: Weavile|Icicle Spear|p2a: Corviknight
|-damage|p2a: Corviknight|72/100
|-damage|p2a: Corviknight|62/100
|-damage|p2a: Corviknight|52/100
|-damage|p2a: Corviknight|42/100
|-damage|p2a: Corviknight|32/100
|-hitcount|p2a: Corviknight|5
|move|p2a: Corviknight|Roost|p2a: Corviknight
|-heal|p2a: Corviknight|82/100
|-singleturn|p2a: Corviknight|move: Roost
|
|upkeep
|turn|8
|
|t:|1760796587
|move|p1a: Weavile|Icicle Spear|p2a: Corviknight
|-damage|p2a: Corviknight|73/100
|-damage|p2a: Corviknight|61/100
|-damage|p2a: Corviknight|51/100
|-damage|p2a: Corviknight|41/100
|-damage|p2a: Corviknight|30/100
|-hitcount|p2a: Corviknight|5
|move|p2a: Corviknight|U-turn|p1a: Weavile
|-supereffective|p1a: Weavile
|-damage|p1a: Weavile|0 fnt
|faint|p1a: Weavile
|
|t:|1760796592
|switch|p2a: Gliscor|Gliscor, M|100/100|[from] U-turn
|-damage|p2a: Gliscor|88/100|[from] Stealth Rock
|
|-status|p2a: Gliscor|tox|[from] item: Toxic Orb
|upkeep
|
|t:|1760796601
|switch|p1a: Serperior|Serperior, F|100/100
|turn|9
|
|t:|1760796607
|switch|p2a: Clefable|Clefable, M|92/100 tox
|move|p1a: Serperior|Leaf Storm|p2a: Clefable
|-damage|p2a: Clefable|48/100 tox
|-boost|p1a: Serperior|spa|2
|-damage|p1a: Serperior|91/100|[from] item: Life Orb
|
|-heal|p2a: Clefable|54/100 tox|[from] item: Leftovers
|upkeep
|turn|10
|
|t:|1760796616
|move|p1a: Serperior|Leaf Storm|p2a: Clefable
|-damage|p2a: Clefable|0 fnt
|-boost|p1a: Serperior|spa|2
|faint|p2a: Clefable
|-damage|p1a: Serperior|81/100|[from] item: Life Orb
|
|upkeep
|
|t:|1760796626
|switch|p2a: Dragapult|Dragapult, M|100/100
|turn|11
|
|t:|1760796648
|move|p2a: Dragapult|Draco Meteor|p1a: Serperior
|-damage|p1a: Serperior|17/100
|-unboost|p2a: Dragapult|spa|2
|move|p1a: Serperior|Dragon Pulse|p2a: Dragapult
|-supereffective|p2a: Dragapult
|-damage|p2a: Dragapult|0 fnt
|faint|p2a: Dragapult
|-damage|p1a: Serperior|7/100|[from] item: Life Orb
|
|upkeep
|
|t:|1760796655
|switch|p2a: Kingambit|Kingambit, F|100/100
|-activate|p2a: Kingambit|ability: Supreme Overlord
|-start|p2a: Kingambit|fallen2|[silent]
|turn|12
|
|t:|1760796662
|-terastallize|p1a: Serperior|Water
|move|p2a: Kingambit|Sucker Punch|p1a: Serperior
|-damage|p1a: Serperior|0 fnt
|faint|p1a: Serperior
|
|upkeep
|
|t:|1760796671
|switch|p1a: Dragonite|Dragonite, F|100/100
|turn|13
|
|t:|1760796681
|-terastallize|p2a: Kingambit|Fairy
|move|p1a: Dragonite|Dragon Dance|p1a: Dragonite
|-boost|p1a: Dragonite|atk|1
|-boost|p1a: Dragonite|spe|1
|move|p2a: Kingambit|Tera Blast|p1a: Dragonite|[anim] Tera Blast Fairy
|-supereffective|p1a: Dragonite
|-damage|p1a: Dragonite|38/100
|
|-heal|p1a: Dragonite|45/100|[from] item: Leftovers
|upkeep
|turn|14
|inactive|Battle timer is ON: inactive players will automatically lose when time's up. (requested by decibelpkmn)
|
|t:|1760796892
|move|p1a: Dragonite|Dragon Claw|p2a: Kingambit
|-immune|p2a: Kingambit
|move|p2a: Kingambit|Tera Blast|p1a: Dragonite|[anim] Tera Blast Fairy
|-supereffective|p1a: Dragonite
|-damage|p1a: Dragonite|0 fnt
|faint|p1a: Dragonite
|
|upkeep
|
|t:|1760796903
|switch|p1a: Gastrodon|Gastrodon-East, F|100/100
|turn|15
|
|t:|1760796918
|-end|p2a: Kingambit|fallen2|[silent]
|switch|p2a: Gliscor|Gliscor, M|88/100 tox
|-damage|p2a: Gliscor|76/100 tox|[from] Stealth Rock
|move|p1a: Gastrodon|Earth Power|p2a: Gliscor
|-immune|p2a: Gliscor
|
|-heal|p2a: Gliscor|88/100 tox|[from] ability: Poison Heal
|upkeep
|turn|16
|
|t:|1760796935
|move|p2a: Gliscor|Toxic|p1a: Gastrodon
|-status|p1a: Gastrodon|tox
|move|p1a: Gastrodon|Ice Beam|p2a: Gliscor
|-supereffective|p2a: Gliscor
|-damage|p2a: Gliscor|3/100 tox
|
|-heal|p2a: Gliscor|16/100 tox|[from] ability: Poison Heal
|-damage|p1a: Gastrodon|94/100 tox|[from] psn
|upkeep
|turn|17
|
|t:|1760796944
|move|p2a: Gliscor|Protect|p2a: Gliscor
|-singleturn|p2a: Gliscor|Protect
|move|p1a: Gastrodon|Ancient Power|p2a: Gliscor
|-activate|p2a: Gliscor|move: Protect
|
|-heal|p1a: Gastrodon|100/100 tox|[from] item: Leftovers
|-heal|p2a: Gliscor|28/100 tox|[from] ability: Poison Heal
|-damage|p1a: Gastrodon|88/100 tox|[from] psn
|upkeep
|turn|18
|
|t:|1760796953
|move|p2a: Gliscor|Spikes|p1a: Gastrodon
|-sidestart|p1: idkbroitsucks|Spikes
|move|p1a: Gastrodon|Ancient Power|p2a: Gliscor
|-damage|p2a: Gliscor|12/100 tox
|
|-heal|p1a: Gastrodon|94/100 tox|[from] item: Leftovers
|-heal|p2a: Gliscor|24/100 tox|[from] ability: Poison Heal
|-damage|p1a: Gastrodon|76/100 tox|[from] psn
|upkeep
|turn|19
|
|t:|1760796962
|switch|p1a: Clefable|Clefable, M|100/100
|move|p2a: Gliscor|Protect||[still]
|-fail|p2a: Gliscor
|
|-heal|p2a: Gliscor|36/100 tox|[from] ability: Poison Heal
|upkeep
|turn|20
|
|t:|1760796971
|move|p2a: Gliscor|Earthquake|p1a: Clefable
|-damage|p1a: Clefable|73/100
|move|p1a: Clefable|Cosmic Power|p1a: Clefable
|-boost|p1a: Clefable|def|1
|-boost|p1a: Clefable|spd|1
|
|-heal|p1a: Clefable|79/100|[from] item: Leftovers
|-heal|p2a: Gliscor|49/100 tox|[from] ability: Poison Heal
|upkeep
|turn|21
|
|t:|1760796980
|switch|p2a: Kingambit|Kingambit, F, tera:Fairy|100/100
|-activate|p2a: Kingambit|ability: Supreme Overlord
|-start|p2a: Kingambit|fallen2|[silent]
|move|p1a: Clefable|Cosmic Power|p1a: Clefable
|-boost|p1a: Clefable|def|1
|-boost|p1a: Clefable|spd|1
|
|-heal|p1a: Clefable|85/100|[from] item: Leftovers
|upkeep
|turn|22
|
|t:|1760796988
|move|p1a: Clefable|Flamethrower|p2a: Kingambit
|-damage|p2a: Kingambit|81/100
|move|p2a: Kingambit|Swords Dance|p2a: Kingambit
|-boost|p2a: Kingambit|atk|2
|
|-heal|p1a: Clefable|91/100|[from] item: Leftovers
|upkeep
|turn|23
|
|t:|1760796997
|move|p1a: Clefable|Flamethrower|p2a: Kingambit
|-damage|p2a: Kingambit|62/100
|move|p2a: Kingambit|Iron Head|p1a: Clefable
|-supereffective|p1a: Clefable
|-damage|p1a: Clefable|0 fnt
|faint|p1a: Clefable
|
|upkeep
|-message|idkbroitsucks forfeited.
|
|win|decibelpkmn
|raw|idkbroitsucks's rating: 1189 &rarr; <strong>1164</strong><br />(-25 for losing)
|raw|decibelpkmn's rating: 1195 &rarr; <strong>1220</strong><br />(+25 for winning)
|l|☆idkbroitsucks
|player|p1|
|l|☆decibelpkmn
|player|p2|
