|j|☆OP Earthquakes
|j|☆Moreiny
|t:|1760726173
|gametype|singles
|player|p1|OP Earthquakes|giovanni-masters|1514
|player|p2|Moreiny|265|1594
|gen|9
|tier|[Gen 9] OU
|rated|
|rule|HP Percentage Mod: HP is shown in percentages
|rule|Endless Battle Clause: Forcing endless battles is banned
|rule|Species Clause: Limit one of each Pokémon
|rule|OHKO Clause: OHKO moves are banned
|rule|Evasion Items Clause: Evasion items are banned
|rule|Evasion Moves Clause: Evasion moves are banned
|rule|Evasion Abilities Clause: Evasion abilities are banned
|rule|Sleep Moves Clause: Sleep-inducing moves are banned
|clearpoke
|poke|p1|Excadrill, F|
|poke|p1|Hawlucha, M|
|poke|p1|Kyurem|
|poke|p1|Tyranitar, M|
|poke|p1|Pawmot, M|
|poke|p1|Klefki, F|
|poke|p2|Indeedee, M|
|poke|p2|Great Tusk|
|poke|p2|Iron Crown|
|poke|p2|Polteageist|
|poke|p2|Hawlucha, M|
|poke|p2|Deoxys-Speed|
|teampreview
|inactive|Battle timer is ON: inactive players will automatically lose when time's up. (requested by OP Earthquakes)
|
|t:|1760726187
|teamsize|p1|6
|teamsize|p2|6
|start
|switch|p1a: OP|Excadrill, F|100/100
|switch|p2a: Indeedee|Indeedee, M|100/100
|-fieldstart|move: Psychic Terrain|[from] ability: Psychic Surge|[of] p2a: Indeedee
|turn|1
|
|t:|1760726191
|switch|p2a: Great Tusk|Great Tusk|100/100
|move|p1a: OP|Iron Head|p2a: Great Tusk
|-damage|p2a: Great Tusk|68/100
|-damage|p1a: OP|84/100|[from] item: Rocky Helmet|[of] p2a: Great Tusk
|
|upkeep
|turn|2
|
|t:|1760726200
|switch|p1a: Itachi|Hawlucha, M, shiny|100/100
|-ability|p1a: Itachi|Mold Breaker
|move|p2a: Great Tusk|Knock Off|p1a: Itachi
|-resisted|p1a: Itachi
|-damage|p1a: Itachi|78/100
|-enditem|p1a: Itachi|Red Card|[from] move: Knock Off|[of] p2a: Great Tusk
|
|upkeep
|turn|3
|
|t:|1760726211
|-end|p2a: Great Tusk|Protosynthesis|[silent]
|switch|p2a: Iron Crown|Iron Crown|100/100
|move|p1a: Itachi|Brave Bird|p2a: Iron Crown
|-resisted|p2a: Iron Crown
|-damage|p2a: Iron Crown|72/100
|-damage|p1a: Itachi|68/100|[from] Recoil
|
|upkeep
|turn|4
|
|t:|1760726218
|switch|p1a: Shukaku|Tyranitar, M, shiny|100/100
|-weather|Sandstorm|[from] ability: Sand Stream|[of] p1a: Shukaku
|move|p2a: Iron Crown|Volt Switch|p1a: Shukaku
|-damage|p1a: Shukaku|79/100
|
|t:|1760726222
|-end|p2a: Iron Crown|Quark Drive|[silent]
|switch|p2a: Great Tusk|Great Tusk|68/100|[from] Volt Switch
|
|-weather|Sandstorm|[upkeep]
|upkeep
|turn|5
|
|t:|1760726229
|move|p2a: Great Tusk|Stealth Rock|p1a: Shukaku
|-sidestart|p1: OP Earthquakes|move: Stealth Rock
|move|p1a: Shukaku|Ice Beam|p2a: Great Tusk
|-supereffective|p2a: Great Tusk
|-damage|p2a: Great Tusk|0 fnt
|faint|p2a: Great Tusk
|-end|p2a: Great Tusk|Protosynthesis|[silent]
|
|-weather|Sandstorm|[upkeep]
|upkeep
|
|t:|1760726233
|switch|p2a: Deoxys|Deoxys-Speed|100/100
|-ability|p2a: Deoxys|Pressure
|turn|6
|
|t:|1760726238
|switch|p1a: Klefki|Klefki, F, shiny|100/100
|-damage|p1a: Klefki|94/100|[from] Stealth Rock
|move|p2a: Deoxys|Superpower|p1a: Klefki
|-damage|p1a: Klefki|64/100
|-unboost|p2a: Deoxys|atk|1
|-unboost|p2a: Deoxys|def|1
|
|-weather|Sandstorm|[upkeep]
|-damage|p2a: Deoxys|94/100|[from] Sandstorm
|upkeep
|turn|7
|
|t:|1760726249
|switch|p2a: Iron Crown|Iron Crown|72/100
|move|p1a: Klefki|Reflect|p1a: Klefki
|-sidestart|p1: OP Earthquakes|Reflect
|
|-weather|Sandstorm|[upkeep]
|upkeep
|turn|8
|
|t:|1760726253
|move|p1a: Klefki|Light Screen|p1a: Klefki
|-sidestart|p1: OP Earthquakes|move: Light Screen
|move|p2a: Iron Crown|Tachyon Cutter|p1a: Klefki
|-damage|p1a: Klefki|43/100
|-damage|p1a: Klefki|22/100
|-hitcount|p1a: Klefki|2
|
|-weather|Sandstorm|[upkeep]
|-fieldend|move: Psychic Terrain
|upkeep
|turn|9
|
|t:|1760726262
|switch|p1a: OP|Excadrill, F|84/100
|-damage|p1a: OP|81/100|[from] Stealth Rock
|move|p2a: Iron Crown|Tachyon Cutter|p1a: OP
|-resisted|p1a: OP
|-damage|p1a: OP|69/100
|-resisted|p1a: OP
|-damage|p1a: OP|58/100
|-hitcount|p1a: OP|2
|
|-weather|Sandstorm|[upkeep]
|upkeep
|turn|10
|
|t:|1760726275
|-end|p2a: Iron Crown|Quark Drive|[silent]
|switch|p2a: Indeedee|Indeedee, M|100/100
|-fieldstart|move: Psychic Terrain|[from] ability: Psychic Surge|[of] p2a: Indeedee
|move|p1a: OP|Iron Head|p2a: Indeedee
|-damage|p2a: Indeedee|0 fnt
|faint|p2a: Indeedee
|
|-weather|Sandstorm|[upkeep]
|upkeep
|
|t:|1760726277
|switch|p2a: Hawlucha|Hawlucha, M|100/100
|-enditem|p2a: Hawlucha|Psychic Seed
|-boost|p2a: Hawlucha|spd|1|[from] item: Psychic Seed
|turn|11
|
|t:|1760726296
|-terastallize|p1a: OP|Fire
|move|p2a: Hawlucha|Swords Dance|p2a: Hawlucha
|-boost|p2a: Hawlucha|atk|2
|move|p1a: OP|Iron Head|p2a: Hawlucha
|-damage|p2a: Hawlucha|13/100
|
|-weather|none
|-sideend|p1: OP Earthquakes|Reflect
|upkeep
|turn|12
|
|t:|1760726304
|switch|p1a: Shukaku|Tyranitar, M, shiny|79/100
|-damage|p1a: Shukaku|67/100|[from] Stealth Rock
|-weather|Sandstorm|[from] ability: Sand Stream|[of] p1a: Shukaku
|move|p2a: Hawlucha|Acrobatics|p1a: Shukaku
|-resisted|p1a: Shukaku
|-damage|p1a: Shukaku|32/100
|
|-weather|Sandstorm|[upkeep]
|-damage|p2a: Hawlucha|7/100|[from] Sandstorm
|-sideend|p1: OP Earthquakes|move: Light Screen
|upkeep
|turn|13
|
|t:|1760726318
|switch|p1a: Itachi|Hawlucha, M, shiny|68/100
|-damage|p1a: Itachi|56/100|[from] Stealth Rock
|-ability|p1a: Itachi|Mold Breaker
|-terastallize|p2a: Hawlucha|Steel
|move|p2a: Hawlucha|Acrobatics|p1a: Itachi
|-supereffective|p1a: Itachi
|-damage|p1a: Itachi|0 fnt
|faint|p1a: Itachi
|
|-weather|Sandstorm|[upkeep]
|upkeep
|inactive|OP Earthquakes has 120 seconds left.
|
|t:|1760726359
|switch|p1a: Frieza|Kyurem, shiny|100/100
|-damage|p1a: Frieza|76/100|[from] Stealth Rock
|-ability|p1a: Frieza|Pressure
|turn|14
|
|t:|1760726367
|move|p2a: Hawlucha|Acrobatics|p1a: Frieza
|-damage|p1a: Frieza|0 fnt
|faint|p1a: Frieza
|
|-weather|Sandstorm|[upkeep]
|upkeep
|
|t:|1760726371
|switch|p1a: Klefki|Klefki, F, shiny|22/100
|-damage|p1a: Klefki|15/100|[from] Stealth Rock
|turn|15
|
|t:|1760726377
|move|p1a: Klefki|Switcheroo|p2a: Hawlucha
|-activate|p2a: Hawlucha|move: Psychic Terrain
|move|p2a: Hawlucha|Encore|p1a: Klefki
|-start|p1a: Klefki|Encore
|
|-weather|Sandstorm|[upkeep]
|upkeep
|turn|16
|inactive|OP Earthquakes has 120 seconds left.
|
|t:|1760726399
|switch|p1a: Shukaku|Tyranitar, M, shiny|32/100
|-damage|p1a: Shukaku|19/100|[from] Stealth Rock
|move|p2a: Hawlucha|Acrobatics|p1a: Shukaku
|-resisted|p1a: Shukaku
|-damage|p1a: Shukaku|0 fnt
|faint|p1a: Shukaku
|
|-weather|Sandstorm|[upkeep]
|upkeep
|
|t:|1760726422
|switch|p1a: OP|Excadrill, F, tera:Fire|58/100
|-damage|p1a: OP|33/100|[from] Stealth Rock
|turn|17
|inactive|OP Earthquakes has 90 seconds left.
|
|t:|1760726450
|move|p2a: Hawlucha|Acrobatics|p1a: OP
|-damage|p1a: OP|0 fnt
|faint|p1a: OP
|
|-weather|Sandstorm|[upkeep]
|-fieldend|move: Psychic Terrain
|upkeep
|
|t:|1760726454
|switch|p1a: Klefki|Klefki, F, shiny|15/100
|-damage|p1a: Klefki|9/100|[from] Stealth Rock
|turn|18
|
|t:|1760726459
|move|p1a: Klefki|Switcheroo|p2a: Hawlucha
|-activate|p1a: Klefki|move: Trick|[of] p2a: Hawlucha
|-item|p2a: Hawlucha|Ring Target|[from] move: Switcheroo
|-enditem|p1a: Klefki|Ring Target|[silent]|[from] move: Switcheroo
|move|p2a: Hawlucha|Acrobatics|p1a: Klefki
|-resisted|p1a: Klefki
|-damage|p1a: Klefki|0 fnt
|faint|p1a: Klefki
|
|-weather|Sandstorm|[upkeep]
|upkeep
|
|t:|1760726464
|switch|p1a: Porunga|Pawmot, M|100/100
|-damage|p1a: Porunga|95/100|[from] Stealth Rock
|turn|19
|
|t:|1760726469
|move|p1a: Porunga|Revival Blessing|p1a: Porunga
|-enditem|p1a: Porunga|Leppa Berry|[eat]
|-activate|p1a: Porunga|item: Leppa Berry|Revival Blessing|[consumed]
|
|t:|1760726483
|-heal|p1: Itachi|50/100|[from] move: Revival Blessing
|move|p2a: Hawlucha|Acrobatics|p1a: Porunga
|-damage|p1a: Porunga|23/100
|
|-weather|none
|upkeep
|turn|20
|c|☆OP Earthquakes|if only I knew
|c|☆OP Earthquakes|lmfao
|c|☆OP Earthquakes|didnt know id tank
|inactive|OP Earthquakes has 90 seconds left.
|
|t:|1760726512
|move|p1a: Porunga|Revival Blessing|p1a: Porunga
|
|t:|1760726538
|-heal|p1: OP|50/100|[from] move: Revival Blessing
|move|p2a: Hawlucha|Acrobatics|p1a: Porunga
|-damage|p1a: Porunga|0 fnt
|faint|p1a: Porunga
|
|upkeep
|
|t:|1760726546
|switch|p1a: Itachi|Hawlucha, M, shiny|50/100
|-damage|p1a: Itachi|38/100|[from] Stealth Rock
|-ability|p1a: Itachi|Mold Breaker
|turn|21
|
|t:|1760726550
|move|p1a: Itachi|Brave Bird|p2a: Hawlucha
|-resisted|p2a: Hawlucha
|-damage|p2a: Hawlucha|0 fnt
|faint|p2a: Hawlucha
|-damage|p1a: Itachi|36/100|[from] Recoil
|
|upkeep
|
|t:|1760726556
|switch|p2a: Deoxys|Deoxys-Speed|94/100
|-ability|p2a: Deoxys|Pressure
|turn|22
|
|t:|1760726564
|move|p2a: Deoxys|Expanding Force|p1a: Itachi
|-supereffective|p1a: Itachi
|-damage|p1a: Itachi|0 fnt
|faint|p1a: Itachi
|
|upkeep
|
|t:|1760726567
|switch|p1a: OP|Excadrill, F|50/100
|-damage|p1a: OP|47/100|[from] Stealth Rock
|turn|23
|c|☆OP Earthquakes|GG
|-message|OP Earthquakes forfeited.
|
|win|Moreiny
|raw|OP Earthquakes's rating: 1514 &rarr; <strong>1499</strong><br />(-15 for losing)
|raw|Moreiny's rating: 1594 &rarr; <strong>1609</strong><br />(+15 for winning)
|l|☆OP Earthquakes
|player|p1|
|l|☆Moreiny
|player|p2|
