|j|☆sozza
|j|☆me destroy you 15
|t:|1760886736
|gametype|singles
|player|p1|sozza|102|1277
|player|p2|me destroy you 15|flint|1196
|gen|9
|tier|[Gen 9] OU
|rated|
|rule|HP Percentage Mod: HP is shown in percentages
|rule|Endless Battle Clause: Forcing endless battles is banned
|rule|Species Clause: Limit one of each Pokémon
|rule|OHKO Clause: OHKO moves are banned
|rule|Evasion Items Clause: Evasion items are banned
|rule|Evasion Moves Clause: Evasion moves are banned
|rule|Evasion Abilities Clause: Evasion abilities are banned
|rule|Sleep Moves Clause: Sleep-inducing moves are banned
|clearpoke
|poke|p1|Great Tusk|
|poke|p1|Dragapult, M|
|poke|p1|Slowking-Galar, F|
|poke|p1|Hydreigon, F|
|poke|p1|Gengar, M|
|poke|p1|Corviknight, F|
|poke|p2|Blastoise, M|
|poke|p2|Charizard, M|
|poke|p2|Vileplume, F|
|poke|p2|Forretress, M|
|poke|p2|Gengar, F|
|poke|p2|Electivire, M|
|teampreview
|inactive|Battle timer is ON: inactive players will automatically lose when time's up. (requested by me destroy you 15)
|
|t:|1760886749
|teamsize|p1|6
|teamsize|p2|6
|start
|switch|p1a: Gengar|Gengar, M|100/100
|switch|p2a: Gengar|Gengar, F|100/100
|turn|1
|
|t:|1760886756
|move|p1a: Gengar|Shadow Ball|p2a: Gengar
|-supereffective|p2a: Gengar
|-enditem|p2a: Gengar|Focus Sash
|-damage|p2a: Gengar|1/100
|move|p2a: Gengar|Shadow Ball|p1a: Gengar
|-supereffective|p1a: Gengar
|-damage|p1a: Gengar|0 fnt
|faint|p1a: Gengar
|
|upkeep
|
|t:|1760886773
|switch|p1a: Dragapult|Dragapult, M|100/100
|turn|2
|
|t:|1760886777
|switch|p2a: Forretress|Forretress, M|100/100
|move|p1a: Dragapult|Dragon Darts|p2a: Forretress
|-resisted|p2a: Forretress
|-damage|p2a: Forretress|91/100
|-anim|p1a: Dragapult|Dragon Darts|p2a: Forretress
|-resisted|p2a: Forretress
|-damage|p2a: Forretress|81/100
|
|-heal|p2a: Forretress|87/100|[from] item: Leftovers
|upkeep
|turn|3
|
|t:|1760886788
|switch|p1a: Great Tusk|Great Tusk|100/100
|move|p2a: Forretress|Thunder Wave|p1a: Great Tusk
|-immune|p1a: Great Tusk
|
|-heal|p2a: Forretress|94/100|[from] item: Leftovers
|upkeep
|turn|4
|
|t:|1760886796
|move|p1a: Great Tusk|Knock Off|p2a: Forretress
|-damage|p2a: Forretress|72/100
|-enditem|p2a: Forretress|Leftovers|[from] move: Knock Off|[of] p1a: Great Tusk
|move|p2a: Forretress|Lunge|p1a: Great Tusk
|-resisted|p1a: Great Tusk
|-damage|p1a: Great Tusk|94/100
|-unboost|p1a: Great Tusk|atk|1
|
|-heal|p1a: Great Tusk|99/100|[from] item: Leftovers
|upkeep
|turn|5
|
|t:|1760886807
|move|p1a: Great Tusk|Stealth Rock|p2a: Forretress
|-sidestart|p2: me destroy you 15|move: Stealth Rock
|move|p2a: Forretress|Lunge|p1a: Great Tusk
|-resisted|p1a: Great Tusk
|-damage|p1a: Great Tusk|94/100
|-unboost|p1a: Great Tusk|atk|1
|
|-heal|p1a: Great Tusk|99/100|[from] item: Leftovers
|upkeep
|turn|6
|
|t:|1760886817
|move|p1a: Great Tusk|Earthquake|p2a: Forretress
|-damage|p2a: Forretress|57/100
|move|p2a: Forretress|Lunge|p1a: Great Tusk
|-resisted|p1a: Great Tusk
|-damage|p1a: Great Tusk|93/100
|-unboost|p1a: Great Tusk|atk|1
|
|-heal|p1a: Great Tusk|99/100|[from] item: Leftovers
|upkeep
|turn|7
|
|t:|1760886827
|move|p1a: Great Tusk|Earthquake|p2a: Forretress
|-damage|p2a: Forretress|45/100
|move|p2a: Forretress|Toxic Spikes|p1a: Great Tusk
|-sidestart|p1: sozza|move: Toxic Spikes
|
|-heal|p1a: Great Tusk|100/100|[from] item: Leftovers
|upkeep
|turn|8
|
|t:|1760886838
|move|p1a: Great Tusk|Earthquake|p2a: Forretress
|-damage|p2a: Forretress|33/100
|move|p2a: Forretress|Lunge|p1a: Great Tusk
|-resisted|p1a: Great Tusk
|-damage|p1a: Great Tusk|94/100
|-unboost|p1a: Great Tusk|atk|1
|
|-heal|p1a: Great Tusk|100/100|[from] item: Leftovers
|upkeep
|turn|9
|
|t:|1760886849
|move|p1a: Great Tusk|Earthquake|p2a: Forretress
|-crit|p2a: Forretress
|-damage|p2a: Forretress|0 fnt
|faint|p2a: Forretress
|
|upkeep
|
|t:|1760886859
|switch|p2a: Gengar|Gengar, F|1/100
|-damage|p2a: Gengar|0 fnt|[from] Stealth Rock
|faint|p2a: Gengar
|
|t:|1760886865
|switch|p2a: Vileplume|Vileplume, F|100/100
|-damage|p2a: Vileplume|88/100|[from] Stealth Rock
|turn|10
|
|t:|1760886870
|-end|p1a: Great Tusk|Protosynthesis|[silent]
|switch|p1a: Slowking|Slowking-Galar, F|100/100
|-sideend|p1: sozza|move: Toxic Spikes|[of] p1a: Slowking
|move|p2a: Vileplume|Sludge Bomb|p1a: Slowking
|-resisted|p1a: Slowking
|-crit|p1a: Slowking
|-damage|p1a: Slowking|85/100
|
|-heal|p2a: Vileplume|94/100|[from] item: Leftovers
|-heal|p1a: Slowking|91/100|[from] item: Black Sludge
|upkeep
|turn|11
|
|t:|1760886880
|move|p2a: Vileplume|Leech Seed|p1a: Slowking
|-start|p1a: Slowking|move: Leech Seed
|move|p1a: Slowking|Future Sight|p2a: Vileplume
|-start|p1a: Slowking|move: Future Sight
|
|-heal|p2a: Vileplume|99/100|[from] item: Leftovers
|-heal|p1a: Slowking|97/100|[from] item: Black Sludge
|-damage|p1a: Slowking|85/100|[from] Leech Seed|[of] p2a: Vileplume
|-heal|p2a: Vileplume|100/100|[silent]
|upkeep
|turn|12
|
|t:|1760886890
|switch|p2a: Electivire|Electivire, M|100/100
|-damage|p2a: Electivire|88/100|[from] Stealth Rock
|-prepare|p1a: Slowking|Chilly Reception|[premajor]
|move|p1a: Slowking|Chilly Reception|p1a: Slowking
|-weather|Snowscape
|
|t:|1760886896
|switch|p1a: Hydreigon|Hydreigon, F|100/100|[from] Chilly Reception
|
|-weather|Snowscape|[upkeep]
|upkeep
|turn|13
|
|t:|1760886902
|move|p1a: Hydreigon|Draco Meteor|p2a: Electivire
|-damage|p2a: Electivire|0 fnt
|-unboost|p1a: Hydreigon|spa|2
|faint|p2a: Electivire
|
|-weather|Snowscape|[upkeep]
|-hint|Future Sight did not hit because the target is fainted.
|upkeep
|
|t:|1760886910
|switch|p2a: Blastoise|Blastoise, M|100/100
|-damage|p2a: Blastoise|88/100|[from] Stealth Rock
|turn|14
|
|t:|1760886916
|move|p1a: Hydreigon|Draco Meteor|p2a: Blastoise
|-damage|p2a: Blastoise|47/100
|-unboost|p1a: Hydreigon|spa|2
|move|p2a: Blastoise|Shell Smash|p2a: Blastoise
|-unboost|p2a: Blastoise|def|1
|-unboost|p2a: Blastoise|spd|1
|-boost|p2a: Blastoise|atk|2
|-boost|p2a: Blastoise|spa|2
|-boost|p2a: Blastoise|spe|2
|-enditem|p2a: Blastoise|White Herb
|-clearnegativeboost|p2a: Blastoise|[silent]
|
|-weather|Snowscape|[upkeep]
|upkeep
|turn|15
|
|t:|1760886930
|move|p2a: Blastoise|Ice Beam|p1a: Hydreigon
|-supereffective|p1a: Hydreigon
|-damage|p1a: Hydreigon|7/100
|move|p1a: Hydreigon|Draco Meteor|p2a: Blastoise
|-damage|p2a: Blastoise|20/100
|-unboost|p1a: Hydreigon|spa|2
|
|-weather|Snowscape|[upkeep]
|upkeep
|turn|16
|
|t:|1760886939
|move|p2a: Blastoise|Surf|p1a: Hydreigon
|-resisted|p1a: Hydreigon
|-damage|p1a: Hydreigon|0 fnt
|faint|p1a: Hydreigon
|
|-weather|none
|upkeep
|
|t:|1760886946
|switch|p1a: Slowking|Slowking-Galar, F|100/100
|turn|17
|
|t:|1760886949
|move|p2a: Blastoise|Earthquake|p1a: Slowking
|-supereffective|p1a: Slowking
|-damage|p1a: Slowking|21/100
|move|p1a: Slowking|Sludge Bomb|p2a: Blastoise
|-damage|p2a: Blastoise|0 fnt
|faint|p2a: Blastoise
|
|-heal|p1a: Slowking|27/100|[from] item: Black Sludge
|upkeep
|
|t:|1760886959
|switch|p2a: Charizard|Charizard, M|100/100
|-damage|p2a: Charizard|51/100|[from] Stealth Rock
|turn|18
|-activate|p2a: Charizard|item: Quick Claw
|
|t:|1760886963
|move|p2a: Charizard|Air Slash|p1a: Slowking
|-damage|p1a: Slowking|7/100
|move|p1a: Slowking|Sludge Bomb|p2a: Charizard
|-damage|p2a: Charizard|8/100
|
|-heal|p1a: Slowking|13/100|[from] item: Black Sludge
|upkeep
|turn|19
|
|t:|1760886972
|move|p2a: Charizard|Fire Blast|p1a: Slowking
|-damage|p1a: Slowking|0 fnt
|faint|p1a: Slowking
|
|upkeep
|
|t:|1760886978
|switch|p1a: Dragapult|Dragapult, M|100/100
|turn|20
|-activate|p2a: Charizard|item: Quick Claw
|
|t:|1760886982
|move|p2a: Charizard|Dragon Pulse|p1a: Dragapult
|-supereffective|p1a: Dragapult
|-damage|p1a: Dragapult|29/100
|move|p1a: Dragapult|Dragon Darts|p2a: Charizard
|-damage|p2a: Charizard|0 fnt
|faint|p2a: Charizard
|
|-heal|p1a: Dragapult|35/100|[from] item: Leftovers
|upkeep
|
|t:|1760886992
|switch|p2a: Vileplume|Vileplume, F|100/100
|-damage|p2a: Vileplume|88/100|[from] Stealth Rock
|turn|21
|
|t:|1760886997
|move|p1a: Dragapult|Substitute|p1a: Dragapult
|-start|p1a: Dragapult|Substitute
|-damage|p1a: Dragapult|11/100
|move|p2a: Vileplume|Sludge Bomb|p1a: Dragapult
|-resisted|p1a: Dragapult
|-activate|p1a: Dragapult|move: Substitute|[damage]
|
|-heal|p1a: Dragapult|17/100|[from] item: Leftovers
|-heal|p2a: Vileplume|94/100|[from] item: Leftovers
|upkeep
|turn|22
|
|t:|1760887007
|move|p1a: Dragapult|Dragon Darts|p2a: Vileplume
|-crit|p2a: Vileplume
|-damage|p2a: Vileplume|55/100
|-anim|p1a: Dragapult|Dragon Darts|p2a: Vileplume
|-damage|p2a: Vileplume|30/100
|move|p2a: Vileplume|Sludge Bomb|p1a: Dragapult
|-resisted|p1a: Dragapult
|-end|p1a: Dragapult|Substitute
|
|-heal|p1a: Dragapult|23/100|[from] item: Leftovers
|-heal|p2a: Vileplume|36/100|[from] item: Leftovers
|upkeep
|turn|23
|
|t:|1760887019
|-terastallize|p1a: Dragapult|Dragon
|move|p1a: Dragapult|Dragon Darts|p2a: Vileplume
|-crit|p2a: Vileplume
|-damage|p2a: Vileplume|0 fnt
|faint|p2a: Vileplume
|
|win|sozza
|raw|sozza's rating: 1277 &rarr; <strong>1296</strong><br />(+19 for winning)
|raw|me destroy you 15's rating: 1196 &rarr; <strong>1177</strong><br />(-19 for losing)
|l|☆me destroy you 15
|player|p2|
|l|☆sozza
|player|p1|
