|j|☆xwqby
|j|☆paldaperson
|t:|1760841506
|gametype|singles
|player|p1|xwqby|benga|1207
|player|p2|paldaperson|unknown|1173
|gen|9
|tier|[Gen 9] OU
|rated|
|rule|HP Percentage Mod: HP is shown in percentages
|rule|Endless Battle Clause: Forcing endless battles is banned
|rule|Species Clause: Limit one of each Pokémon
|rule|OHKO Clause: OHKO moves are banned
|rule|Evasion Items Clause: Evasion items are banned
|rule|Evasion Moves Clause: Evasion moves are banned
|rule|Evasion Abilities Clause: Evasion abilities are banned
|rule|Sleep Moves Clause: Sleep-inducing moves are banned
|clearpoke
|poke|p1|Zapdos|
|poke|p1|Scizor, F|
|poke|p1|Entei|
|poke|p1|Mienshao, M|
|poke|p1|Sceptile, M|
|poke|p1|Gengar, F|
|poke|p2|Magneton|
|poke|p2|Shiftry, M|
|poke|p2|Clawitzer, M|
|poke|p2|Typhlosion, M|
|poke|p2|Sableye, M|
|poke|p2|Drifblim, F|
|teampreview
|
|t:|1760841515
|teamsize|p1|6
|teamsize|p2|6
|start
|switch|p1a: Sceptile|Sceptile, M, shiny|100/100
|switch|p2a: Gemlin'|Sableye, M, shiny|100/100
|turn|1
|
|t:|1760841524
|move|p2a: Gemlin'|Will-O-Wisp|p1a: Sceptile
|-status|p1a: Sceptile|brn
|move|p1a: Sceptile|Leaf Storm|p2a: Gemlin'
|-damage|p2a: Gemlin'|8/100
|-unboost|p1a: Sceptile|spa|2
|-damage|p1a: Sceptile|91/100 brn|[from] item: Life Orb
|
|-damage|p1a: Sceptile|84/100 brn|[from] brn
|upkeep
|turn|2
|
|t:|1760841535
|move|p2a: Gemlin'|Light Screen|p2a: Gemlin'
|-sidestart|p2: paldaperson|move: Light Screen
|move|p1a: Sceptile|Leaf Storm|p2a: Gemlin'
|-damage|p2a: Gemlin'|0 fnt
|-unboost|p1a: Sceptile|spa|2
|faint|p2a: Gemlin'
|-damage|p1a: Sceptile|75/100 brn|[from] item: Life Orb
|
|-damage|p1a: Sceptile|68/100 brn|[from] brn
|upkeep
|
|t:|1760841544
|switch|p2a: Pompeii In 2024|Typhlosion, M, shiny|100/100
|turn|3
|
|t:|1760841553
|switch|p1a: Entei|Entei|100/100
|move|p2a: Pompeii In 2024|Eruption|p1a: Entei
|-resisted|p1a: Entei
|-damage|p1a: Entei|78/100
|
|upkeep
|turn|4
|
|t:|1760841570
|switch|p2a: Rice Fryer.|Clawitzer, M, shiny|100/100
|move|p1a: Entei|Stone Edge|p2a: Rice Fryer.
|-damage|p2a: Rice Fryer.|74/100
|
|upkeep
|turn|5
|
|t:|1760841580
|switch|p1a: Zapdos|Zapdos, shiny|100/100
|move|p2a: Rice Fryer.|Dragon Pulse|p1a: Zapdos
|-damage|p1a: Zapdos|59/100
|
|-heal|p1a: Zapdos|65/100|[from] item: Leftovers
|upkeep
|turn|6
|
|t:|1760841596
|switch|p2a: Tri-Volt|Magneton, shiny|100/100
|move|p1a: Zapdos|Volt Switch|p2a: Tri-Volt
|-resisted|p2a: Tri-Volt
|-damage|p2a: Tri-Volt|91/100
|
|t:|1760841607
|switch|p1a: Entei|Entei|78/100|[from] Volt Switch
|
|upkeep
|turn|7
|
|t:|1760841613
|switch|p2a: Rice Fryer.|Clawitzer, M, shiny|74/100
|move|p1a: Entei|Sacred Fire|p2a: Rice Fryer.
|-resisted|p2a: Rice Fryer.
|-damage|p2a: Rice Fryer.|51/100
|
|upkeep
|turn|8
|
|t:|1760841624
|switch|p1a: Sceptile|Sceptile, M, shiny|68/100 brn
|move|p2a: Rice Fryer.|Water Pulse|p1a: Sceptile
|-resisted|p1a: Sceptile
|-damage|p1a: Sceptile|36/100 brn
|
|-damage|p1a: Sceptile|30/100 brn|[from] brn
|upkeep
|turn|9
|
|t:|1760841634
|switch|p2a: Tri-Volt|Magneton, shiny|91/100
|move|p1a: Sceptile|Leaf Storm|p2a: Tri-Volt
|-resisted|p2a: Tri-Volt
|-damage|p2a: Tri-Volt|64/100
|-unboost|p1a: Sceptile|spa|2
|-damage|p1a: Sceptile|20/100 brn|[from] item: Life Orb
|
|-damage|p1a: Sceptile|14/100 brn|[from] brn
|-sideend|p2: paldaperson|move: Light Screen
|upkeep
|turn|10
|
|t:|1760841649
|switch|p1a: Mienshao|Mienshao, M|100/100
|move|p2a: Tri-Volt|Tri Attack|p1a: Mienshao
|-damage|p1a: Mienshao|26/100
|
|upkeep
|turn|11
|
|t:|1760841657
|switch|p2a: Pain Ballon|Drifblim, F, shiny|100/100
|move|p1a: Mienshao|High Jump Kick|p2a: Pain Ballon
|-immune|p2a: Pain Ballon
|-damage|p1a: Mienshao|0 fnt|[from] highjumpkick
|faint|p1a: Mienshao
|
|-status|p2a: Pain Ballon|brn|[from] item: Flame Orb
|upkeep
|
|t:|1760841676
|switch|p1a: Zapdos|Zapdos, shiny|65/100
|turn|12
|
|t:|1760841688
|move|p2a: Pain Ballon|Shadow Ball|p1a: Zapdos
|-damage|p1a: Zapdos|18/100
|move|p1a: Zapdos|Volt Switch|p2a: Pain Ballon
|-supereffective|p2a: Pain Ballon
|-crit|p2a: Pain Ballon
|-damage|p2a: Pain Ballon|0 fnt
|faint|p2a: Pain Ballon
|l|☆xwqby
|player|p1|
|j|☆xwqby
|player|p1|xwqby|benga|
|inactive|Battle timer is ON: inactive players will automatically lose when time's up. (requested by paldaperson)
|inactiveoff|Battle timer is now OFF.
|
|t:|1760841846
|switch|p1a: Entei|Entei|78/100|[from] Volt Switch
|
|upkeep
|
|t:|1760841850
|switch|p2a: Rice Fryer.|Clawitzer, M, shiny|51/100
|turn|13
|
|t:|1760841856
|move|p1a: Entei|Trailblaze|p2a: Rice Fryer.
|-supereffective|p2a: Rice Fryer.
|-damage|p2a: Rice Fryer.|21/100
|-boost|p1a: Entei|spe|1
|move|p2a: Rice Fryer.|Dark Pulse|p1a: Entei
|-damage|p1a: Entei|48/100
|
|upkeep
|turn|14
|
|t:|1760841869
|move|p1a: Entei|Trailblaze|p2a: Rice Fryer.
|-supereffective|p2a: Rice Fryer.
|-damage|p2a: Rice Fryer.|0 fnt
|-boost|p1a: Entei|spe|1
|faint|p2a: Rice Fryer.
|
|upkeep
|
|t:|1760841877
|switch|p2a: Pompeii In 2024|Typhlosion, M, shiny|100/100
|turn|15
|
|t:|1760841885
|move|p2a: Pompeii In 2024|Scorching Sands|p1a: Entei
|-supereffective|p1a: Entei
|-damage|p1a: Entei|21/100
|move|p1a: Entei|Stone Edge|p2a: Pompeii In 2024|[miss]
|-miss|p1a: Entei|p2a: Pompeii In 2024
|
|upkeep
|turn|16
|
|t:|1760841895
|-terastallize|p1a: Entei|Normal
|move|p2a: Pompeii In 2024|Scorching Sands|p1a: Entei
|-damage|p1a: Entei|7/100
|move|p1a: Entei|Stone Edge|p2a: Pompeii In 2024
|-supereffective|p2a: Pompeii In 2024
|-damage|p2a: Pompeii In 2024|28/100
|
|upkeep
|turn|17
|
|t:|1760841905
|move|p1a: Entei|Extreme Speed|p2a: Pompeii In 2024
|-damage|p2a: Pompeii In 2024|0 fnt
|faint|p2a: Pompeii In 2024
|
|upkeep
|-message|paldaperson forfeited.
|
|win|xwqby
|raw|xwqby's rating: 1207 &rarr; <strong>1230</strong><br />(+23 for winning)
|raw|paldaperson's rating: 1173 &rarr; <strong>1150</strong><br />(-23 for losing)
|l|☆paldaperson
|player|p2|
|l|☆xwqby
|player|p1|
