|j|☆HZBKAI7
|j|☆xufoufou
|t:|1760850398
|gametype|singles
|player|p1|HZBKAI7|2|1102
|player|p2|xufoufou|dawn|1063
|gen|9
|tier|[Gen 9] OU
|rated|
|rule|HP Percentage Mod: HP is shown in percentages
|rule|Endless Battle Clause: Forcing endless battles is banned
|rule|Species Clause: Limit one of each Pokémon
|rule|OHKO Clause: OHKO moves are banned
|rule|Evasion Items Clause: Evasion items are banned
|rule|Evasion Moves Clause: Evasion moves are banned
|rule|Evasion Abilities Clause: Evasion abilities are banned
|rule|Sleep Moves Clause: Sleep-inducing moves are banned
|clearpoke
|poke|p1|Kingambit, F|
|poke|p1|Iron Treads|
|poke|p1|Necrozma|
|poke|p1|Pecharunt|
|poke|p1|Enamorus, F|
|poke|p1|Samurott-Hisui, F|
|poke|p2|Chesnaught, F|
|poke|p2|Empoleon, F|
|poke|p2|Incineroar, M|
|poke|p2|Eelektrik, M|
|poke|p2|Cinccino, F|
|poke|p2|Heracross, M|
|teampreview
|
|t:|1760850407
|teamsize|p1|6
|teamsize|p2|6
|start
|switch|p1a: Iron Treads|Iron Treads|100/100
|switch|p2a: Incineroar|Incineroar, M|100/100
|-ability|p2a: Incineroar|Intimidate|boost
|-unboost|p1a: Iron Treads|atk|1
|turn|1
|
|t:|1760850416
|move|p1a: Iron Treads|Earthquake|p2a: Incineroar
|-supereffective|p2a: Incineroar
|-damage|p2a: Incineroar|41/100
|move|p2a: Incineroar|Flare Blitz|p1a: Iron Treads
|-supereffective|p1a: Iron Treads
|-damage|p1a: Iron Treads|0 fnt
|faint|p1a: Iron Treads
|-end|p1a: Iron Treads|Quark Drive|[silent]
|-damage|p2a: Incineroar|14/100|[from] Recoil
|-enditem|p2a: Incineroar|Figy Berry|[eat]
|-heal|p2a: Incineroar|47/100|[from] item: Figy Berry
|
|upkeep
|
|t:|1760850416
|switch|p1a: Samurott|Samurott-Hisui, F, shiny|100/100
|turn|2
|
|t:|1760850432
|switch|p2a: Empoleon|Empoleon, F|100/100
|move|p1a: Samurott|Razor Shell|p2a: Empoleon
|-resisted|p2a: Empoleon
|-damage|p2a: Empoleon|54/100
|-unboost|p2a: Empoleon|def|1
|-ability|p2a: Empoleon|Competitive|boost
|-boost|p2a: Empoleon|spa|2
|
|upkeep
|turn|3
|
|t:|1760850444
|move|p1a: Samurott|Razor Shell|p2a: Empoleon
|-resisted|p2a: Empoleon
|-damage|p2a: Empoleon|0 fnt
|faint|p2a: Empoleon
|
|upkeep
|
|t:|1760850450
|switch|p2a: Chesnaught|Chesnaught, F|100/100
|turn|4
|
|t:|1760850457
|move|p1a: Samurott|Razor Shell|p2a: Chesnaught
|-resisted|p2a: Chesnaught
|-damage|p2a: Chesnaught|71/100
|move|p2a: Chesnaught|Curse|p2a: Chesnaught
|-unboost|p2a: Chesnaught|spe|1
|-boost|p2a: Chesnaught|atk|1
|-boost|p2a: Chesnaught|def|1
|
|-heal|p2a: Chesnaught|77/100|[from] item: Leftovers
|upkeep
|turn|5
|
|t:|1760850468
|move|p1a: Samurott|Razor Shell|p2a: Chesnaught
|-resisted|p2a: Chesnaught
|-damage|p2a: Chesnaught|57/100
|-unboost|p2a: Chesnaught|def|1
|move|p2a: Chesnaught|Wood Hammer|p1a: Samurott
|-supereffective|p1a: Samurott
|-damage|p1a: Samurott|0 fnt
|faint|p1a: Samurott
|-damage|p2a: Chesnaught|29/100|[from] Recoil
|
|-heal|p2a: Chesnaught|35/100|[from] item: Leftovers
|upkeep
|
|t:|1760850468
|switch|p1a: Necrozma|Necrozma, shiny|100/100
|turn|6
|
|t:|1760850484
|move|p1a: Necrozma|Photon Geyser|p2a: Chesnaught
|-supereffective|p2a: Chesnaught
|-damage|p2a: Chesnaught|0 fnt
|faint|p2a: Chesnaught
|
|upkeep
|
|t:|1760850493
|switch|p2a: Incineroar|Incineroar, M|47/100
|-ability|p2a: Incineroar|Intimidate|boost
|-unboost|p1a: Necrozma|atk|1
|turn|7
|
|t:|1760850498
|move|p2a: Incineroar|Fake Out|p1a: Necrozma
|-damage|p1a: Necrozma|88/100
|cant|p1a: Necrozma|flinch
|
|upkeep
|turn|8
|
|t:|1760850509
|switch|p2a: Eelektrik|Eelektrik, M|100/100
|move|p1a: Necrozma|Earth Power|p2a: Eelektrik
|-immune|p2a: Eelektrik|[from] ability: Levitate
|
|upkeep
|turn|9
|
|t:|1760850518
|move|p1a: Necrozma|Earth Power|p2a: Eelektrik
|-immune|p2a: Eelektrik|[from] ability: Levitate
|move|p2a: Eelektrik|Thunder Wave|p1a: Necrozma
|-status|p1a: Necrozma|par
|
|upkeep
|turn|10
|
|t:|1760850528
|move|p2a: Eelektrik|Coil|p2a: Eelektrik
|-boost|p2a: Eelektrik|atk|1
|-boost|p2a: Eelektrik|def|1
|-boost|p2a: Eelektrik|accuracy|1
|move|p1a: Necrozma|Earth Power|p2a: Eelektrik
|-immune|p2a: Eelektrik|[from] ability: Levitate
|
|upkeep
|turn|11
|
|t:|1760850535
|move|p2a: Eelektrik|Coil|p2a: Eelektrik
|-boost|p2a: Eelektrik|atk|1
|-boost|p2a: Eelektrik|def|1
|-boost|p2a: Eelektrik|accuracy|1
|move|p1a: Necrozma|Earth Power|p2a: Eelektrik
|-immune|p2a: Eelektrik|[from] ability: Levitate
|
|upkeep
|turn|12
|
|t:|1760850543
|move|p2a: Eelektrik|Coil|p2a: Eelektrik
|-boost|p2a: Eelektrik|atk|1
|-boost|p2a: Eelektrik|def|1
|-boost|p2a: Eelektrik|accuracy|1
|move|p1a: Necrozma|Earth Power|p2a: Eelektrik
|-immune|p2a: Eelektrik|[from] ability: Levitate
|
|upkeep
|turn|13
|
|t:|1760850551
|move|p2a: Eelektrik|Coil|p2a: Eelektrik
|-boost|p2a: Eelektrik|atk|1
|-boost|p2a: Eelektrik|def|1
|-boost|p2a: Eelektrik|accuracy|1
|move|p1a: Necrozma|Earth Power|p2a: Eelektrik
|-immune|p2a: Eelektrik|[from] ability: Levitate
|
|upkeep
|turn|14
|
|t:|1760850558
|move|p2a: Eelektrik|Knock Off|p1a: Necrozma
|-supereffective|p1a: Necrozma
|-enditem|p1a: Necrozma|Colbur Berry|[eat]
|-enditem|p1a: Necrozma|Colbur Berry|[weaken]
|-damage|p1a: Necrozma|47/100 par
|move|p1a: Necrozma|Earth Power|p2a: Eelektrik
|-immune|p2a: Eelektrik|[from] ability: Levitate
|
|upkeep
|turn|15
|
|t:|1760850567
|move|p2a: Eelektrik|Knock Off|p1a: Necrozma
|-supereffective|p1a: Necrozma
|-damage|p1a: Necrozma|0 fnt
|faint|p1a: Necrozma
|
|upkeep
|
|t:|1760850567
|switch|p1a: Enamorus|Enamorus, F, shiny|100/100
|turn|16
|
|t:|1760850575
|move|p1a: Enamorus|Earth Power|p2a: Eelektrik
|-immune|p2a: Eelektrik|[from] ability: Levitate
|move|p2a: Eelektrik|Wild Charge|p1a: Enamorus
|-supereffective|p1a: Enamorus
|-damage|p1a: Enamorus|0 fnt
|faint|p1a: Enamorus
|-damage|p2a: Eelektrik|79/100|[from] Recoil
|
|upkeep
|
|t:|1760850575
|switch|p1a: Pecharunt|Pecharunt|100/100
|-item|p1a: Pecharunt|Air Balloon
|turn|17
|
|t:|1760850587
|move|p1a: Pecharunt|Malignant Chain|p2a: Eelektrik
|-damage|p2a: Eelektrik|53/100
|-status|p2a: Eelektrik|tox
|-start|p2a: Eelektrik|confusion|[from] ability: Poison Puppeteer|[of] p1a: Pecharunt
|-activate|p2a: Eelektrik|confusion
|move|p2a: Eelektrik|Knock Off|p1a: Pecharunt
|-supereffective|p1a: Pecharunt
|-damage|p1a: Pecharunt|20/100
|-enditem|p1a: Pecharunt|Air Balloon
|
|-damage|p2a: Eelektrik|48/100 tox|[from] psn
|upkeep
|turn|18
|
|t:|1760850600
|move|p1a: Pecharunt|Malignant Chain|p2a: Eelektrik
|-damage|p2a: Eelektrik|21/100 tox
|-activate|p2a: Eelektrik|confusion
|move|p2a: Eelektrik|Wild Charge|p1a: Pecharunt
|-damage|p1a: Pecharunt|0 fnt
|faint|p1a: Pecharunt
|-damage|p2a: Eelektrik|16/100 tox|[from] Recoil
|
|-damage|p2a: Eelektrik|4/100 tox|[from] psn
|upkeep
|
|t:|1760850600
|switch|p1a: Kingambit|Kingambit, F, shiny|100/100
|-activate|p1a: Kingambit|ability: Supreme Overlord
|-start|p1a: Kingambit|fallen5|[silent]
|turn|19
|
|t:|1760850615
|move|p1a: Kingambit|Kowtow Cleave|p2a: Eelektrik
|-damage|p2a: Eelektrik|0 fnt
|faint|p2a: Eelektrik
|
|upkeep
|
|t:|1760850621
|switch|p2a: Incineroar|Incineroar, M|47/100
|-ability|p2a: Incineroar|Intimidate|boost
|-unboost|p1a: Kingambit|atk|1
|turn|20
|
|t:|1760850626
|move|p2a: Incineroar|Fake Out|p1a: Kingambit
|-resisted|p1a: Kingambit
|-damage|p1a: Kingambit|96/100
|cant|p1a: Kingambit|flinch
|
|upkeep
|turn|21
|
|t:|1760850632
|move|p2a: Incineroar|Parting Shot|p1a: Kingambit
|-unboost|p1a: Kingambit|atk|1
|-unboost|p1a: Kingambit|spa|1
|
|t:|1760850641
|switch|p2a: Cinccino|Cinccino, F|100/100|[from] Parting Shot
|move|p1a: Kingambit|Kowtow Cleave|p2a: Cinccino
|-damage|p2a: Cinccino|20/100
|
|upkeep
|turn|22
|
|t:|1760850650
|switch|p2a: Incineroar|Incineroar, M|47/100
|-ability|p2a: Incineroar|Intimidate|boost
|-unboost|p1a: Kingambit|atk|1
|move|p1a: Kingambit|Kowtow Cleave|p2a: Incineroar
|-resisted|p2a: Incineroar
|-damage|p2a: Incineroar|29/100
|
|upkeep
|turn|23
|
|t:|1760850659
|move|p2a: Incineroar|Fake Out|p1a: Kingambit
|-resisted|p1a: Kingambit
|-damage|p1a: Kingambit|91/100
|cant|p1a: Kingambit|flinch
|
|upkeep
|turn|24
|
|t:|1760850665
|move|p2a: Incineroar|Parting Shot|p1a: Kingambit
|-unboost|p1a: Kingambit|atk|1
|-unboost|p1a: Kingambit|spa|1
|
|t:|1760850669
|switch|p2a: Cinccino|Cinccino, F|20/100|[from] Parting Shot
|move|p1a: Kingambit|Kowtow Cleave|p2a: Cinccino
|-damage|p2a: Cinccino|0 fnt
|faint|p2a: Cinccino
|
|upkeep
|
|t:|1760850678
|switch|p2a: Incineroar|Incineroar, M|29/100
|-ability|p2a: Incineroar|Intimidate|boost
|-unboost|p1a: Kingambit|atk|1
|turn|25
|
|t:|1760850684
|move|p2a: Incineroar|Fake Out|p1a: Kingambit
|-resisted|p1a: Kingambit
|-damage|p1a: Kingambit|86/100
|cant|p1a: Kingambit|flinch
|
|upkeep
|turn|26
|
|t:|1760850691
|move|p2a: Incineroar|Flare Blitz|p1a: Kingambit
|-supereffective|p1a: Kingambit
|-damage|p1a: Kingambit|0 fnt
|faint|p1a: Kingambit
|-end|p1a: Kingambit|fallen5|[silent]
|-damage|p2a: Incineroar|0 fnt|[from] Recoil
|faint|p2a: Incineroar
|
|win|xufoufou
|raw|HZBKAI7's rating: 1102 &rarr; <strong>1074</strong><br />(-28 for losing)
|raw|xufoufou's rating: 1063 &rarr; <strong>1097</strong><br />(+34 for winning)
|l|☆HZBKAI7
|player|p1|
|l|☆xufoufou
|player|p2|
