|j|☆Gulptubus
|j|☆310YM4N74N3R0
|t:|1760786195
|gametype|singles
|player|p1|Gulptubus|pokemonranger-gen4|1618
|player|p2|310YM4N74N3R0|pokemonrangerf|1656
|gen|9
|tier|[Gen 9] OU
|rated|
|rule|HP Percentage Mod: HP is shown in percentages
|rule|Endless Battle Clause: Forcing endless battles is banned
|rule|Species Clause: Limit one of each Pokémon
|rule|OHKO Clause: OHKO moves are banned
|rule|Evasion Items Clause: Evasion items are banned
|rule|Evasion Moves Clause: Evasion moves are banned
|rule|Evasion Abilities Clause: Evasion abilities are banned
|rule|Sleep Moves Clause: Sleep-inducing moves are banned
|clearpoke
|poke|p1|Kyurem|
|poke|p1|Rillaboom, F|
|poke|p1|Cinderace, M|
|poke|p1|Slowking-Galar, F|
|poke|p1|Great Tusk|
|poke|p1|Enamorus, F|
|poke|p2|Landorus-Therian, M|
|poke|p2|Yanmega, F|
|poke|p2|Rillaboom, M|
|poke|p2|Blaziken, F|
|poke|p2|Blastoise, M|
|poke|p2|Tyranitar, F|
|teampreview
|inactive|Battle timer is ON: inactive players will automatically lose when time's up. (requested by 310YM4N74N3R0)
|
|t:|1760786203
|teamsize|p1|6
|teamsize|p2|6
|start
|switch|p1a: Kyurem|Kyurem|100/100
|switch|p2a: Blaziken|Blaziken, F|100/100
|-ability|p1a: Kyurem|Pressure
|turn|1
|
|t:|1760786210
|-terastallize|p1a: Kyurem|Ground
|move|p1a: Kyurem|Earth Power|p2a: Blaziken
|-supereffective|p2a: Blaziken
|-enditem|p2a: Blaziken|Focus Sash
|-damage|p2a: Blaziken|1/100
|move|p2a: Blaziken|Close Combat|p1a: Kyurem
|-damage|p1a: Kyurem|42/100
|-unboost|p2a: Blaziken|def|1
|-unboost|p2a: Blaziken|spd|1
|
|-heal|p1a: Kyurem|48/100|[from] item: Leftovers
|-ability|p2a: Blaziken|Speed Boost|boost
|-boost|p2a: Blaziken|spe|1
|upkeep
|turn|2
|
|t:|1760786224
|switch|p1a: Great Tusk|Great Tusk|100/100
|move|p2a: Blaziken|Swords Dance|p2a: Blaziken
|-boost|p2a: Blaziken|atk|2
|
|-ability|p2a: Blaziken|Speed Boost|boost
|-boost|p2a: Blaziken|spe|1
|upkeep
|turn|3
|
|t:|1760786230
|move|p2a: Blaziken|Flare Blitz|p1a: Great Tusk
|-damage|p1a: Great Tusk|16/100
|-damage|p2a: Blaziken|0 fnt|[from] Recoil
|faint|p2a: Blaziken
|move|p1a: Great Tusk|Rapid Spin|p2: Blaziken|[notarget]
|-fail|p1a: Great Tusk
|
|upkeep
|
|t:|1760786236
|switch|p2a: Yanmega|Yanmega, F|100/100
|turn|4
|
|t:|1760786240
|move|p2a: Yanmega|Protect|p2a: Yanmega
|-singleturn|p2a: Yanmega|Protect
|move|p1a: Great Tusk|Knock Off|p2a: Yanmega
|-activate|p2a: Yanmega|move: Protect
|
|-ability|p2a: Yanmega|Speed Boost|boost
|-boost|p2a: Yanmega|spe|1
|upkeep
|turn|5
|
|t:|1760786246
|move|p2a: Yanmega|Air Slash|p1a: Great Tusk
|-supereffective|p1a: Great Tusk
|-damage|p1a: Great Tusk|0 fnt
|faint|p1a: Great Tusk
|-end|p1a: Great Tusk|Protosynthesis|[silent]
|
|-ability|p2a: Yanmega|Speed Boost|boost
|-boost|p2a: Yanmega|spe|1
|upkeep
|
|t:|1760786256
|switch|p1a: Cinderace|Cinderace, M|100/100
|turn|6
|
|t:|1760786261
|switch|p2a: Landorus|Landorus-Therian, M|100/100
|-ability|p2a: Landorus|Intimidate|boost
|-unboost|p1a: Cinderace|atk|1
|move|p1a: Cinderace|Pyro Ball|p2a: Landorus
|-damage|p2a: Landorus|69/100
|
|upkeep
|turn|7
|
|t:|1760786265
|move|p1a: Cinderace|U-turn|p2a: Landorus
|-resisted|p2a: Landorus
|-damage|p2a: Landorus|63/100
|-damage|p1a: Cinderace|84/100|[from] item: Rocky Helmet|[of] p2a: Landorus
|
|t:|1760786267
|switch|p1a: Rillaboom|Rillaboom, F|100/100|[from] U-turn
|-fieldstart|move: Grassy Terrain|[from] ability: Grassy Surge|[of] p1a: Rillaboom
|move|p2a: Landorus|Stealth Rock|p1a: Rillaboom
|-sidestart|p1: Gulptubus|move: Stealth Rock
|
|upkeep
|turn|8
|
|t:|1760786271
|move|p1a: Rillaboom|U-turn|p2a: Landorus
|-resisted|p2a: Landorus
|-damage|p2a: Landorus|49/100
|-damage|p1a: Rillaboom|84/100|[from] item: Rocky Helmet|[of] p2a: Landorus
|
|t:|1760786277
|switch|p1a: Enamorus|Enamorus, F|100/100|[from] U-turn
|-damage|p1a: Enamorus|76/100|[from] Stealth Rock
|move|p2a: Landorus|U-turn|p1a: Enamorus
|-resisted|p1a: Enamorus
|-damage|p1a: Enamorus|65/100
|
|t:|1760786287
|switch|p2a: Blastoise|Blastoise, M|100/100|[from] U-turn
|
|upkeep
|turn|9
|
|t:|1760786292
|switch|p1a: Slowking|Slowking-Galar, F, shiny|100/100
|move|p2a: Blastoise|Shell Smash|p2a: Blastoise
|-unboost|p2a: Blastoise|def|1
|-unboost|p2a: Blastoise|spd|1
|-boost|p2a: Blastoise|atk|2
|-boost|p2a: Blastoise|spa|2
|-boost|p2a: Blastoise|spe|2
|
|upkeep
|turn|10
|
|t:|1760786301
|move|p2a: Blastoise|Hydro Pump|p1a: Slowking
|-damage|p1a: Slowking|28/100
|-damage|p2a: Blastoise|91/100|[from] item: Life Orb
|move|p1a: Slowking|Sludge Bomb|p2a: Blastoise
|-damage|p2a: Blastoise|35/100
|
|-heal|p2a: Blastoise|41/100|[from] Grassy Terrain
|-heal|p1a: Slowking|34/100|[from] Grassy Terrain
|upkeep
|turn|11
|
|t:|1760786312
|switch|p1a: Cinderace|Cinderace, M|84/100
|move|p2a: Blastoise|Ice Beam|p1a: Cinderace
|-resisted|p1a: Cinderace
|-damage|p1a: Cinderace|37/100
|-damage|p2a: Blastoise|31/100|[from] item: Life Orb
|
|-heal|p2a: Blastoise|37/100|[from] Grassy Terrain
|-heal|p1a: Cinderace|43/100|[from] Grassy Terrain
|-fieldend|move: Grassy Terrain
|upkeep
|turn|12
|
|t:|1760786315
|switch|p2a: Landorus|Landorus-Therian, M|49/100
|-ability|p2a: Landorus|Intimidate|boost
|-unboost|p1a: Cinderace|atk|1
|move|p1a: Cinderace|Pyro Ball|p2a: Landorus
|-damage|p2a: Landorus|17/100
|-status|p2a: Landorus|brn
|
|-damage|p2a: Landorus|11/100 brn|[from] brn
|upkeep
|turn|13
|
|t:|1760786319
|move|p1a: Cinderace|Pyro Ball|p2a: Landorus
|-damage|p2a: Landorus|0 fnt
|faint|p2a: Landorus
|
|upkeep
|
|t:|1760786323
|switch|p2a: Yanmega|Yanmega, F|100/100
|turn|14
|
|t:|1760786326
|move|p2a: Yanmega|Protect|p2a: Yanmega
|-singleturn|p2a: Yanmega|Protect
|move|p1a: Cinderace|Court Change|p1a: Cinderace
|-swapsideconditions
|-activate|p1a: Cinderace|move: Court Change
|
|-ability|p2a: Yanmega|Speed Boost|boost
|-boost|p2a: Yanmega|spe|1
|upkeep
|turn|15
|
|t:|1760786331
|move|p2a: Yanmega|Air Slash|p1a: Cinderace
|-damage|p1a: Cinderace|0 fnt
|faint|p1a: Cinderace
|
|-ability|p2a: Yanmega|Speed Boost|boost
|-boost|p2a: Yanmega|spe|1
|upkeep
|
|t:|1760786335
|switch|p1a: Kyurem|Kyurem, tera:Ground|48/100
|-ability|p1a: Kyurem|Pressure
|turn|16
|
|t:|1760786342
|move|p1a: Kyurem|Protect|p1a: Kyurem
|-singleturn|p1a: Kyurem|Protect
|move|p2a: Yanmega|Air Slash|p1a: Kyurem
|-activate|p1a: Kyurem|move: Protect
|
|-heal|p1a: Kyurem|54/100|[from] item: Leftovers
|-ability|p2a: Yanmega|Speed Boost|boost
|-boost|p2a: Yanmega|spe|1
|upkeep
|turn|17
|
|t:|1760786345
|move|p2a: Yanmega|Air Slash|p1a: Kyurem
|-damage|p1a: Kyurem|19/100
|move|p1a: Kyurem|Freeze-Dry|p2a: Yanmega
|-supereffective|p2a: Yanmega
|-damage|p2a: Yanmega|0 fnt
|faint|p2a: Yanmega
|
|-heal|p1a: Kyurem|25/100|[from] item: Leftovers
|upkeep
|
|t:|1760786351
|switch|p2a: Rillaboom|Rillaboom, M|100/100
|-damage|p2a: Rillaboom|88/100|[from] Stealth Rock
|-fieldstart|move: Grassy Terrain|[from] ability: Grassy Surge|[of] p2a: Rillaboom
|-enditem|p2a: Rillaboom|Grassy Seed
|-boost|p2a: Rillaboom|def|1|[from] item: Grassy Seed
|turn|18
|
|t:|1760786355
|move|p1a: Kyurem|Freeze-Dry|p2a: Rillaboom
|-supereffective|p2a: Rillaboom
|-damage|p2a: Rillaboom|0 fnt
|faint|p2a: Rillaboom
|
|-heal|p1a: Kyurem|31/100|[from] Grassy Terrain
|-heal|p1a: Kyurem|37/100|[from] item: Leftovers
|upkeep
|
|t:|1760786359
|switch|p2a: Tyranitar|Tyranitar, F|100/100
|-damage|p2a: Tyranitar|88/100|[from] Stealth Rock
|-weather|Sandstorm|[from] ability: Sand Stream|[of] p2a: Tyranitar
|turn|19
|
|t:|1760786369
|move|p1a: Kyurem|Earth Power|p2a: Tyranitar
|-supereffective|p2a: Tyranitar
|-damage|p2a: Tyranitar|30/100
|move|p2a: Tyranitar|Dragon Dance|p2a: Tyranitar
|-boost|p2a: Tyranitar|atk|1
|-boost|p2a: Tyranitar|spe|1
|
|-weather|Sandstorm|[upkeep]
|-heal|p2a: Tyranitar|37/100|[from] Grassy Terrain
|-heal|p1a: Kyurem|44/100|[from] Grassy Terrain
|-heal|p1a: Kyurem|50/100|[from] item: Leftovers
|upkeep
|turn|20
|
|t:|1760786375
|move|p2a: Tyranitar|Low Kick|p1a: Kyurem
|-damage|p1a: Kyurem|0 fnt
|faint|p1a: Kyurem
|
|-weather|Sandstorm|[upkeep]
|-heal|p2a: Tyranitar|43/100|[from] Grassy Terrain
|upkeep
|
|t:|1760786378
|switch|p1a: Rillaboom|Rillaboom, F|84/100
|turn|21
|
|t:|1760786385
|-terastallize|p2a: Tyranitar|Steel
|move|p1a: Rillaboom|Grassy Glide|p2a: Tyranitar
|-resisted|p2a: Tyranitar
|-damage|p2a: Tyranitar|18/100
|-enditem|p2a: Tyranitar|Salac Berry|[eat]
|-boost|p2a: Tyranitar|spe|1|[from] item: Salac Berry
|move|p2a: Tyranitar|Stone Edge|p1a: Rillaboom|[miss]
|-miss|p2a: Tyranitar|p1a: Rillaboom
|
|-weather|Sandstorm|[upkeep]
|-damage|p1a: Rillaboom|78/100|[from] Sandstorm
|-heal|p2a: Tyranitar|24/100|[from] Grassy Terrain
|-heal|p1a: Rillaboom|84/100|[from] Grassy Terrain
|upkeep
|turn|22
|
|t:|1760786398
|move|p1a: Rillaboom|Grassy Glide|p2a: Tyranitar
|-resisted|p2a: Tyranitar
|-damage|p2a: Tyranitar|1/100
|move|p2a: Tyranitar|Stone Edge|p1a: Rillaboom|[miss]
|-miss|p2a: Tyranitar|p1a: Rillaboom
|
|-weather|Sandstorm|[upkeep]
|-damage|p1a: Rillaboom|78/100|[from] Sandstorm
|-heal|p2a: Tyranitar|7/100|[from] Grassy Terrain
|-heal|p1a: Rillaboom|84/100|[from] Grassy Terrain
|-fieldend|move: Grassy Terrain
|upkeep
|turn|23
|
|t:|1760786403
|switch|p1a: Slowking|Slowking-Galar, F, shiny|67/100
|move|p2a: Tyranitar|Stone Edge|p1a: Slowking
|-damage|p1a: Slowking|0 fnt
|faint|p1a: Slowking
|
|-weather|none
|upkeep
|
|t:|1760786406
|switch|p1a: Rillaboom|Rillaboom, F|84/100
|-fieldstart|move: Grassy Terrain|[from] ability: Grassy Surge|[of] p1a: Rillaboom
|turn|24
|
|t:|1760786408
|move|p1a: Rillaboom|Grassy Glide|p2a: Tyranitar
|-resisted|p2a: Tyranitar
|-damage|p2a: Tyranitar|0 fnt
|faint|p2a: Tyranitar
|
|-heal|p1a: Rillaboom|90/100|[from] Grassy Terrain
|upkeep
|
|t:|1760786410
|switch|p2a: Blastoise|Blastoise, M|37/100
|-damage|p2a: Blastoise|25/100|[from] Stealth Rock
|turn|25
|
|t:|1760786412
|move|p1a: Rillaboom|Grassy Glide|p2a: Blastoise
|-supereffective|p2a: Blastoise
|-damage|p2a: Blastoise|0 fnt
|faint|p2a: Blastoise
|
|win|Gulptubus
|raw|Gulptubus's rating: 1618 &rarr; <strong>1640</strong><br />(+22 for winning)
|raw|310YM4N74N3R0's rating: 1656 &rarr; <strong>1634</strong><br />(-22 for losing)
|l|☆310YM4N74N3R0
|player|p2|
