|j|☆Plata251
|j|☆kills your
|t:|1760796390
|gametype|singles
|player|p1|Plata251|pokefan-gen2|1091
|player|p2|kills your|iono|1132
|gen|9
|tier|[Gen 9] OU
|rated|
|rule|HP Percentage Mod: HP is shown in percentages
|rule|Endless Battle Clause: Forcing endless battles is banned
|rule|Species Clause: Limit one of each Pokémon
|rule|OHKO Clause: OHKO moves are banned
|rule|Evasion Items Clause: Evasion items are banned
|rule|Evasion Moves Clause: Evasion moves are banned
|rule|Evasion Abilities Clause: Evasion abilities are banned
|rule|Sleep Moves Clause: Sleep-inducing moves are banned
|clearpoke
|poke|p1|Munkidori, M|
|poke|p1|Alomomola, F|
|poke|p1|Blissey, F|
|poke|p1|Moltres|
|poke|p1|Ninetales-Alola, M|
|poke|p1|Tyranitar, F|
|poke|p2|Tyranitar, M|
|poke|p2|Rillaboom, M|
|poke|p2|Clefable, M|
|poke|p2|Cinderace, F|
|poke|p2|Tornadus-Therian, M|
|poke|p2|Heatran, F|
|teampreview
|
|t:|1760796405
|teamsize|p1|6
|teamsize|p2|6
|start
|switch|p1a: Munkidori|Munkidori, M|100/100
|switch|p2a: Tyranitar|Tyranitar, M|100/100
|-weather|Sandstorm|[from] ability: Sand Stream|[of] p2a: Tyranitar
|turn|1
|
|t:|1760796409
|move|p1a: Munkidori|Fake Out|p2a: Tyranitar
|-resisted|p2a: Tyranitar
|-damage|p2a: Tyranitar|96/100
|cant|p2a: Tyranitar|flinch
|
|-weather|Sandstorm|[upkeep]
|-damage|p1a: Munkidori|95/100|[from] Sandstorm
|-heal|p1a: Munkidori|100/100|[from] item: Black Sludge
|upkeep
|turn|2
|
|t:|1760796415
|move|p1a: Munkidori|U-turn|p2a: Tyranitar
|-supereffective|p2a: Tyranitar
|-damage|p2a: Tyranitar|66/100
|
|t:|1760796419
|switch|p1a: Alomomola|Alomomola, F|100/100|[from] U-turn
|move|p2a: Tyranitar|Stone Edge|p1a: Alomomola
|-damage|p1a: Alomomola|53/100
|
|-weather|Sandstorm|[upkeep]
|-damage|p1a: Alomomola|47/100|[from] Sandstorm
|upkeep
|turn|3
|
|t:|1760796430
|move|p2a: Tyranitar|Stone Edge|p1a: Alomomola|[miss]
|-miss|p2a: Tyranitar|p1a: Alomomola
|move|p1a: Alomomola|Wish|p1a: Alomomola
|
|-weather|Sandstorm|[upkeep]
|-damage|p1a: Alomomola|41/100|[from] Sandstorm
|upkeep
|turn|4
|
|t:|1760796433
|move|p1a: Alomomola|Protect|p1a: Alomomola
|-singleturn|p1a: Alomomola|Protect
|move|p2a: Tyranitar|Stone Edge|p1a: Alomomola
|-activate|p1a: Alomomola|move: Protect
|
|-weather|Sandstorm|[upkeep]
|-damage|p1a: Alomomola|35/100|[from] Sandstorm
|-heal|p1a: Alomomola|85/100|[from] move: Wish|[wisher] Alomomola
|upkeep
|turn|5
|
|t:|1760796437
|switch|p2a: Rillaboom|Rillaboom, M|100/100
|-fieldstart|move: Grassy Terrain|[from] ability: Grassy Surge|[of] p2a: Rillaboom
|move|p1a: Alomomola|Flip Turn|p2a: Rillaboom
|-resisted|p2a: Rillaboom
|-damage|p2a: Rillaboom|93/100
|
|t:|1760796440
|switch|p1a: Munkidori|Munkidori, M|100/100|[from] Flip Turn
|
|-weather|none
|-heal|p2a: Rillaboom|99/100|[from] Grassy Terrain
|upkeep
|turn|6
|
|t:|1760796446
|move|p1a: Munkidori|Fake Out|p2a: Rillaboom
|-damage|p2a: Rillaboom|90/100
|-status|p2a: Rillaboom|tox|[from] ability: Toxic Chain|[of] p1a: Munkidori
|cant|p2a: Rillaboom|flinch
|
|-heal|p2a: Rillaboom|96/100 tox|[from] Grassy Terrain
|-damage|p2a: Rillaboom|90/100 tox|[from] psn
|upkeep
|turn|7
|
|t:|1760796457
|switch|p2a: Tornadus|Tornadus-Therian, M|100/100
|move|p1a: Munkidori|U-turn|p2a: Tornadus
|-resisted|p2a: Tornadus
|-damage|p2a: Tornadus|89/100
|
|t:|1760796465
|switch|p1a: Alomomola|Alomomola, F|100/100|[from] U-turn
|
|upkeep
|turn|8
|
|t:|1760796470
|move|p2a: Tornadus|Nasty Plot|p2a: Tornadus
|-boost|p2a: Tornadus|spa|2
|move|p1a: Alomomola|Flip Turn|p2a: Tornadus
|-damage|p2a: Tornadus|67/100
|
|t:|1760796496
|switch|p1a: Munkidori|Munkidori, M|100/100|[from] Flip Turn
|
|upkeep
|turn|9
|
|t:|1760796500
|move|p1a: Munkidori|Fake Out|p2a: Tornadus
|-crit|p2a: Tornadus
|-damage|p2a: Tornadus|48/100
|cant|p2a: Tornadus|flinch
|
|-fieldend|move: Grassy Terrain
|upkeep
|turn|10
|
|t:|1760796507
|switch|p1a: Blissey|Blissey, F|100/100
|move|p2a: Tornadus|Bleakwind Storm|p1a: Blissey
|-damage|p1a: Blissey|74/100
|
|upkeep
|turn|11
|
|t:|1760796510
|move|p2a: Tornadus|U-turn|p1a: Blissey
|-damage|p1a: Blissey|60/100
|
|t:|1760796516
|switch|p2a: Tyranitar|Tyranitar, M|66/100|[from] U-turn
|-weather|Sandstorm|[from] ability: Sand Stream|[of] p2a: Tyranitar
|move|p1a: Blissey|Seismic Toss|p2a: Tyranitar
|-damage|p2a: Tyranitar|37/100
|
|-weather|Sandstorm|[upkeep]
|-damage|p1a: Blissey|54/100|[from] Sandstorm
|upkeep
|turn|12
|
|t:|1760796520
|switch|p1a: Alomomola|Alomomola, F|100/100
|move|p2a: Tyranitar|Knock Off|p1a: Alomomola
|-damage|p1a: Alomomola|53/100
|-enditem|p1a: Alomomola|Heavy-Duty Boots|[from] move: Knock Off|[of] p2a: Tyranitar
|
|-weather|Sandstorm|[upkeep]
|-damage|p1a: Alomomola|47/100|[from] Sandstorm
|upkeep
|turn|13
|
|t:|1760796550
|switch|p2a: Rillaboom|Rillaboom, M|90/100 tox
|-fieldstart|move: Grassy Terrain|[from] ability: Grassy Surge|[of] p2a: Rillaboom
|move|p1a: Alomomola|Flip Turn|p2a: Rillaboom
|-resisted|p2a: Rillaboom
|-damage|p2a: Rillaboom|83/100 tox
|
|t:|1760796557
|switch|p1a: Moltres|Moltres|100/100|[from] Flip Turn
|
|-weather|Sandstorm|[upkeep]
|-damage|p1a: Moltres|94/100|[from] Sandstorm
|-damage|p2a: Rillaboom|76/100 tox|[from] Sandstorm
|-heal|p2a: Rillaboom|83/100 tox|[from] Grassy Terrain
|-damage|p2a: Rillaboom|76/100 tox|[from] psn
|upkeep
|turn|14
|
|t:|1760796570
|switch|p2a: Heatran|Heatran, F|100/100
|-item|p2a: Heatran|Air Balloon
|move|p1a: Moltres|U-turn|p2a: Heatran
|-resisted|p2a: Heatran
|-damage|p2a: Heatran|97/100
|-enditem|p2a: Heatran|Air Balloon
|
|t:|1760796578
|switch|p1a: Alomomola|Alomomola, F|80/100|[from] U-turn
|
|-weather|Sandstorm|[upkeep]
|-damage|p1a: Alomomola|74/100|[from] Sandstorm
|-heal|p2a: Heatran|100/100|[from] Grassy Terrain
|-heal|p1a: Alomomola|80/100|[from] Grassy Terrain
|upkeep
|turn|15
|
|t:|1760796583
|move|p2a: Heatran|Will-O-Wisp|p1a: Alomomola
|-status|p1a: Alomomola|brn
|move|p1a: Alomomola|Flip Turn|p2a: Heatran
|-supereffective|p2a: Heatran
|-damage|p2a: Heatran|86/100
|
|t:|1760796585
|switch|p1a: Blissey|Blissey, F|54/100|[from] Flip Turn
|
|-weather|none
|-heal|p2a: Heatran|92/100|[from] Grassy Terrain
|-heal|p1a: Blissey|60/100|[from] Grassy Terrain
|upkeep
|turn|16
|
|t:|1760796589
|move|p2a: Heatran|Magma Storm|p1a: Blissey
|-damage|p1a: Blissey|44/100
|-activate|p1a: Blissey|move: Magma Storm|[of] p2a: Heatran
|move|p1a: Blissey|Soft-Boiled|p1a: Blissey
|-heal|p1a: Blissey|94/100
|
|-heal|p2a: Heatran|99/100|[from] Grassy Terrain
|-heal|p1a: Blissey|99/100|[from] Grassy Terrain
|-damage|p1a: Blissey|88/100|[from] move: Magma Storm|[partiallytrapped]
|upkeep
|turn|17
|
|t:|1760796592
|move|p2a: Heatran|Taunt|p1a: Blissey
|-start|p1a: Blissey|move: Taunt
|cant|p1a: Blissey|move: Taunt|Thunder Wave
|
|-heal|p2a: Heatran|100/100|[from] Grassy Terrain
|-heal|p1a: Blissey|94/100|[from] Grassy Terrain
|-damage|p1a: Blissey|82/100|[from] move: Magma Storm|[partiallytrapped]
|-fieldend|move: Grassy Terrain
|upkeep
|turn|18
|
|t:|1760796595
|move|p2a: Heatran|Will-O-Wisp|p1a: Blissey
|-status|p1a: Blissey|brn
|move|p1a: Blissey|Seismic Toss|p2a: Heatran
|-damage|p2a: Heatran|75/100
|
|-damage|p1a: Blissey|75/100 brn|[from] brn
|-damage|p1a: Blissey|63/100 brn|[from] move: Magma Storm|[partiallytrapped]
|upkeep
|turn|19
|
|t:|1760796599
|move|p2a: Heatran|Earth Power|p1a: Blissey
|-damage|p1a: Blissey|55/100 brn
|move|p1a: Blissey|Seismic Toss|p2a: Heatran
|-damage|p2a: Heatran|49/100
|
|-damage|p1a: Blissey|49/100 brn|[from] brn
|-damage|p1a: Blissey|36/100 brn|[from] move: Magma Storm|[partiallytrapped]
|-end|p1a: Blissey|move: Taunt
|upkeep
|turn|20
|
|t:|1760796605
|move|p2a: Heatran|Taunt|p1a: Blissey
|-start|p1a: Blissey|move: Taunt
|move|p1a: Blissey|Seismic Toss|p2a: Heatran
|-damage|p2a: Heatran|23/100
|
|-damage|p1a: Blissey|30/100 brn|[from] brn
|-end|p1a: Blissey|Magma Storm|[partiallytrapped]
|upkeep
|turn|21
|
|t:|1760796609
|move|p2a: Heatran|Earth Power|p1a: Blissey
|-damage|p1a: Blissey|21/100 brn
|move|p1a: Blissey|Seismic Toss|p2a: Heatran
|-damage|p2a: Heatran|0 fnt
|faint|p2a: Heatran
|
|-damage|p1a: Blissey|15/100 brn|[from] brn
|upkeep
|
|t:|1760796613
|switch|p2a: Tyranitar|Tyranitar, M|37/100
|-weather|Sandstorm|[from] ability: Sand Stream|[of] p2a: Tyranitar
|turn|22
|
|t:|1760796616
|-curestatus|p1a: Blissey|brn|[from] ability: Natural Cure
|switch|p1a: Alomomola|Alomomola, F|100/100 brn
|move|p2a: Tyranitar|Stone Edge|p1a: Alomomola|[miss]
|-miss|p2a: Tyranitar|p1a: Alomomola
|
|-weather|Sandstorm|[upkeep]
|-damage|p1a: Alomomola|94/100 brn|[from] Sandstorm
|-damage|p1a: Alomomola|88/100 brn|[from] brn
|upkeep
|turn|23
|
|t:|1760796622
|move|p2a: Tyranitar|Stone Edge|p1a: Alomomola
|-damage|p1a: Alomomola|40/100 brn
|move|p1a: Alomomola|Wish|p1a: Alomomola
|
|-weather|Sandstorm|[upkeep]
|-damage|p1a: Alomomola|34/100 brn|[from] Sandstorm
|-damage|p1a: Alomomola|28/100 brn|[from] brn
|upkeep
|turn|24
|
|t:|1760796633
|switch|p2a: Rillaboom|Rillaboom, M|76/100 tox
|-fieldstart|move: Grassy Terrain|[from] ability: Grassy Surge|[of] p2a: Rillaboom
|move|p1a: Alomomola|Protect||[still]
|-fail|p1a: Alomomola
|
|-weather|Sandstorm|[upkeep]
|-damage|p2a: Rillaboom|70/100 tox|[from] Sandstorm
|-damage|p1a: Alomomola|22/100 brn|[from] Sandstorm
|-heal|p1a: Alomomola|72/100 brn|[from] move: Wish|[wisher] Alomomola
|-heal|p2a: Rillaboom|76/100 tox|[from] Grassy Terrain
|-heal|p1a: Alomomola|78/100 brn|[from] Grassy Terrain
|-damage|p2a: Rillaboom|70/100 tox|[from] psn
|-damage|p1a: Alomomola|72/100 brn|[from] brn
|upkeep
|turn|25
|
|t:|1760796638
|switch|p1a: Moltres|Moltres|94/100
|move|p2a: Rillaboom|U-turn|p1a: Moltres
|-resisted|p1a: Moltres
|-damage|p1a: Moltres|88/100
|
|t:|1760796642
|switch|p2a: Tyranitar|Tyranitar, M|37/100|[from] U-turn
|
|-weather|Sandstorm|[upkeep]
|-damage|p1a: Moltres|82/100|[from] Sandstorm
|-heal|p2a: Tyranitar|43/100|[from] Grassy Terrain
|upkeep
|turn|26
|
|t:|1760796647
|switch|p1a: Alomomola|Alomomola, F|100/100 brn
|move|p2a: Tyranitar|Stone Edge|p1a: Alomomola
|-damage|p1a: Alomomola|50/100 brn
|
|-weather|none
|-heal|p2a: Tyranitar|49/100|[from] Grassy Terrain
|-heal|p1a: Alomomola|57/100 brn|[from] Grassy Terrain
|-damage|p1a: Alomomola|50/100 brn|[from] brn
|upkeep
|turn|27
|
|t:|1760796657
|move|p2a: Tyranitar|Stone Edge|p1a: Alomomola
|-damage|p1a: Alomomola|4/100 brn
|move|p1a: Alomomola|Wish|p1a: Alomomola
|
|-heal|p2a: Tyranitar|56/100|[from] Grassy Terrain
|-heal|p1a: Alomomola|10/100 brn|[from] Grassy Terrain
|-damage|p1a: Alomomola|4/100 brn|[from] brn
|upkeep
|turn|28
|
|t:|1760796663
|switch|p2a: Rillaboom|Rillaboom, M|70/100 tox
|move|p1a: Alomomola|Protect||[still]
|-fail|p1a: Alomomola
|
|-heal|p1a: Alomomola|54/100 brn|[from] move: Wish|[wisher] Alomomola
|-heal|p2a: Rillaboom|76/100 tox|[from] Grassy Terrain
|-heal|p1a: Alomomola|60/100 brn|[from] Grassy Terrain
|-damage|p2a: Rillaboom|70/100 tox|[from] psn
|-damage|p1a: Alomomola|54/100 brn|[from] brn
|-fieldend|move: Grassy Terrain
|upkeep
|turn|29
|
|t:|1760796667
|move|p2a: Rillaboom|U-turn|p1a: Alomomola
|-damage|p1a: Alomomola|42/100 brn
|
|t:|1760796670
|switch|p2a: Clefable|Clefable, M|100/100|[from] U-turn
|move|p1a: Alomomola|Wish|p1a: Alomomola
|
|-damage|p1a: Alomomola|35/100 brn|[from] brn
|upkeep
|turn|30
|
|t:|1760796674
|move|p2a: Clefable|Knock Off|p1a: Alomomola
|-damage|p1a: Alomomola|30/100 brn
|move|p1a: Alomomola|Flip Turn|p2a: Clefable
|-damage|p2a: Clefable|94/100
|-damage|p1a: Alomomola|13/100 brn|[from] item: Rocky Helmet|[of] p2a: Clefable
|
|t:|1760796678
|switch|p1a: Blissey|Blissey, F|15/100|[from] Flip Turn
|
|-heal|p1a: Blissey|56/100|[from] move: Wish|[wisher] Alomomola
|upkeep
|turn|31
|
|t:|1760796683
|move|p2a: Clefable|Stealth Rock|p1a: Blissey
|-sidestart|p1: Plata251|move: Stealth Rock
|move|p1a: Blissey|Thunder Wave|p2a: Clefable
|-status|p2a: Clefable|par
|
|upkeep
|turn|32
|
|t:|1760796686
|move|p1a: Blissey|Soft-Boiled|p1a: Blissey
|-heal|p1a: Blissey|100/100
|move|p2a: Clefable|Knock Off|p1a: Blissey
|-damage|p1a: Blissey|84/100
|-enditem|p1a: Blissey|Heavy-Duty Boots|[from] move: Knock Off|[of] p2a: Clefable
|
|upkeep
|turn|33
|
|t:|1760796691
|move|p1a: Blissey|Seismic Toss|p2a: Clefable
|-damage|p2a: Clefable|68/100 par
|-damage|p1a: Blissey|67/100|[from] item: Rocky Helmet|[of] p2a: Clefable
|move|p2a: Clefable|Thunder Wave|p1a: Blissey
|-status|p1a: Blissey|par
|
|upkeep
|turn|34
|
|t:|1760796730
|switch|p2a: Cinderace|Cinderace, F|100/100
|cant|p1a: Blissey|par
|
|upkeep
|turn|35
|
|t:|1760796738
|-curestatus|p1a: Blissey|par|[from] ability: Natural Cure
|switch|p1a: Moltres|Moltres|82/100
|move|p2a: Cinderace|Pyro Ball|p1a: Moltres
|-resisted|p1a: Moltres
|-damage|p1a: Moltres|52/100
|
|upkeep
|turn|36
|
|t:|1760796743
|move|p2a: Cinderace|U-turn|p1a: Moltres
|-start|p2a: Cinderace|typechange|Bug|[from] ability: Libero
|-resisted|p1a: Moltres
|-damage|p1a: Moltres|43/100
|-status|p2a: Cinderace|brn|[from] ability: Flame Body|[of] p1a: Moltres
|
|t:|1760796748
|switch|p2a: Tornadus|Tornadus-Therian, M|82/100|[from] U-turn
|move|p1a: Moltres|Flamethrower|p2a: Tornadus
|-damage|p2a: Tornadus|42/100
|
|upkeep
|turn|37
|
|t:|1760796752
|move|p2a: Tornadus|Nasty Plot|p2a: Tornadus
|-boost|p2a: Tornadus|spa|2
|move|p1a: Moltres|Roost|p1a: Moltres
|-heal|p1a: Moltres|93/100
|-singleturn|p1a: Moltres|move: Roost
|
|upkeep
|turn|38
|
|t:|1760796756
|switch|p1a: Blissey|Blissey, F|67/100
|-damage|p1a: Blissey|55/100|[from] Stealth Rock
|move|p2a: Tornadus|Bleakwind Storm|p1a: Blissey
|-damage|p1a: Blissey|27/100
|
|upkeep
|turn|39
|
|t:|1760796762
|move|p2a: Tornadus|Bleakwind Storm|p1a: Blissey
|-damage|p1a: Blissey|0 fnt
|faint|p1a: Blissey
|
|upkeep
|inactive|Battle timer is ON: inactive players will automatically lose when time's up. (requested by Plata251)
|
|t:|1760796766
|switch|p1a: Munkidori|Munkidori, M|100/100
|-damage|p1a: Munkidori|88/100|[from] Stealth Rock
|turn|40
|
|t:|1760796769
|move|p1a: Munkidori|Fake Out|p2a: Tornadus
|-damage|p2a: Tornadus|28/100
|cant|p2a: Tornadus|flinch
|
|-heal|p1a: Munkidori|94/100|[from] item: Black Sludge
|upkeep
|turn|41
|
|t:|1760796775
|move|p2a: Tornadus|Bleakwind Storm|p1a: Munkidori
|-damage|p1a: Munkidori|0 fnt
|faint|p1a: Munkidori
|
|upkeep
|
|t:|1760796778
|switch|p1a: Moltres|Moltres|93/100
|turn|42
|
|t:|1760796782
|move|p2a: Tornadus|Bleakwind Storm|p1a: Moltres
|-damage|p1a: Moltres|25/100
|-unboost|p1a: Moltres|spe|1
|move|p1a: Moltres|Flamethrower|p2a: Tornadus
|-damage|p2a: Tornadus|0 fnt
|faint|p2a: Tornadus
|
|upkeep
|
|t:|1760796787
|switch|p2a: Tyranitar|Tyranitar, M|56/100
|-weather|Sandstorm|[from] ability: Sand Stream|[of] p2a: Tyranitar
|turn|43
|
|t:|1760796794
|move|p2a: Tyranitar|Stone Edge|p1a: Moltres|[miss]
|-miss|p2a: Tyranitar|p1a: Moltres
|move|p1a: Moltres|Will-O-Wisp|p2a: Tyranitar
|-status|p2a: Tyranitar|brn
|
|-weather|Sandstorm|[upkeep]
|-damage|p1a: Moltres|19/100|[from] Sandstorm
|-damage|p2a: Tyranitar|49/100 brn|[from] brn
|upkeep
|turn|44
|
|t:|1760796802
|switch|p2a: Rillaboom|Rillaboom, M|70/100 tox
|-fieldstart|move: Grassy Terrain|[from] ability: Grassy Surge|[of] p2a: Rillaboom
|move|p1a: Moltres|Flamethrower|p2a: Rillaboom
|-supereffective|p2a: Rillaboom
|-damage|p2a: Rillaboom|0 fnt
|faint|p2a: Rillaboom
|
|-weather|Sandstorm|[upkeep]
|-damage|p1a: Moltres|13/100|[from] Sandstorm
|upkeep
|-message|kills your forfeited.
|
|win|Plata251
|raw|Plata251's rating: 1091 &rarr; <strong>1120</strong><br />(+29 for winning)
|raw|kills your's rating: 1132 &rarr; <strong>1104</strong><br />(-28 for losing)
|l|☆kills your
|player|p2|
|c|☆Plata251|predicttable
|l|☆Plata251
|player|p1|
