|j|☆grimppyyyy god
|j|☆moi88764
|t:|1760815263
|gametype|singles
|player|p1|grimppyyyy god|riley|1217
|player|p2|moi88764|buck|1173
|gen|9
|tier|[Gen 9] OU
|rated|
|rule|HP Percentage Mod: HP is shown in percentages
|rule|Endless Battle Clause: Forcing endless battles is banned
|rule|Species Clause: Limit one of each Pokémon
|rule|OHKO Clause: OHKO moves are banned
|rule|Evasion Items Clause: Evasion items are banned
|rule|Evasion Moves Clause: Evasion moves are banned
|rule|Evasion Abilities Clause: Evasion abilities are banned
|rule|Sleep Moves Clause: Sleep-inducing moves are banned
|clearpoke
|poke|p1|Glimmora, F|
|poke|p1|Overqwil, M|
|poke|p1|Pelipper, F|
|poke|p1|Kingdra, M|
|poke|p1|Barraskewda, M|
|poke|p1|Golurk|
|poke|p2|Torkoal, F|
|poke|p2|Raging Bolt|
|poke|p2|Walking Wake|
|poke|p2|Brambleghast, M|
|poke|p2|Mandibuzz, F|
|poke|p2|Metagross|
|teampreview
|
|t:|1760815268
|teamsize|p1|6
|teamsize|p2|6
|start
|switch|p1a: Glimmora|Glimmora, F|100/100
|switch|p2a: Walking Wake|Walking Wake|100/100
|turn|1
|
|t:|1760815276
|move|p2a: Walking Wake|Hydro Steam|p1a: Glimmora
|-supereffective|p1a: Glimmora
|-damage|p1a: Glimmora|12/100
|move|p1a: Glimmora|Toxic Spikes|p2a: Walking Wake
|-sidestart|p2: moi88764|move: Toxic Spikes
|
|upkeep
|turn|2
|
|t:|1760815289
|switch|p1a: Pelipper|Pelipper, F|100/100
|-weather|RainDance|[from] ability: Drizzle|[of] p1a: Pelipper
|move|p2a: Walking Wake|Hydro Steam|p1a: Pelipper
|-resisted|p1a: Pelipper
|-damage|p1a: Pelipper|56/100
|
|-weather|RainDance|[upkeep]
|upkeep
|turn|3
|
|t:|1760815301
|switch|p1a: Golurk|Golurk|100/100
|move|p2a: Walking Wake|Draco Meteor|p1a: Golurk
|-damage|p1a: Golurk|34/100
|-unboost|p2a: Walking Wake|spa|2
|
|-weather|RainDance|[upkeep]
|-heal|p1a: Golurk|40/100|[from] item: Leftovers
|upkeep
|turn|4
|
|t:|1760815313
|move|p2a: Walking Wake|Hydro Steam|p1a: Golurk
|-supereffective|p1a: Golurk
|-damage|p1a: Golurk|0 fnt
|faint|p1a: Golurk
|
|-weather|RainDance|[upkeep]
|upkeep
|
|t:|1760815321
|switch|p1a: Kingdra|Kingdra, M|100/100
|turn|5
|
|t:|1760815328
|-end|p2a: Walking Wake|Protosynthesis|[silent]
|switch|p2a: Brambleghast|Brambleghast, M|100/100
|-status|p2a: Brambleghast|psn
|move|p1a: Kingdra|Draco Meteor|p2a: Brambleghast
|-damage|p2a: Brambleghast|0 fnt
|-unboost|p1a: Kingdra|spa|2
|faint|p2a: Brambleghast
|
|-weather|RainDance|[upkeep]
|upkeep
|
|t:|1760815333
|switch|p2a: Mandibuzz|Mandibuzz, F|100/100
|turn|6
|
|t:|1760815345
|switch|p1a: Glimmora|Glimmora, F|12/100
|move|p2a: Mandibuzz|Defog|p1a: Glimmora
|-unboost|p1a: Glimmora|evasion|1
|-sideend|p2: moi88764|Toxic Spikes|[from] move: Defog|[of] p2a: Mandibuzz
|
|-weather|RainDance|[upkeep]
|upkeep
|turn|7
|
|t:|1760815355
|move|p1a: Glimmora|Toxic Spikes|p2a: Mandibuzz
|-sidestart|p2: moi88764|move: Toxic Spikes
|move|p2a: Mandibuzz|Foul Play|p1a: Glimmora
|-damage|p1a: Glimmora|0 fnt
|-activate|p1a: Glimmora|ability: Toxic Debris
|-sidestart|p2: moi88764|move: Toxic Spikes
|faint|p1a: Glimmora
|
|-weather|RainDance|[upkeep]
|upkeep
|
|t:|1760815367
|switch|p1a: Kingdra|Kingdra, M|100/100
|turn|8
|
|t:|1760815371
|move|p1a: Kingdra|Weather Ball|p2a: Mandibuzz
|-damage|p2a: Mandibuzz|20/100
|move|p2a: Mandibuzz|Roost|p2a: Mandibuzz
|-heal|p2a: Mandibuzz|70/100
|-singleturn|p2a: Mandibuzz|move: Roost
|
|-weather|RainDance|[upkeep]
|upkeep
|turn|9
|
|t:|1760815394
|switch|p2a: Metagross|Metagross|100/100
|move|p1a: Kingdra|Weather Ball|p2a: Metagross
|-damage|p2a: Metagross|0 fnt
|faint|p2a: Metagross
|
|-weather|none
|upkeep
|
|t:|1760815397
|switch|p2a: Mandibuzz|Mandibuzz, F|70/100
|turn|10
|
|t:|1760815420
|move|p1a: Kingdra|Weather Ball|p2a: Mandibuzz
|-damage|p2a: Mandibuzz|52/100
|move|p2a: Mandibuzz|Defog|p1a: Kingdra
|-unboost|p1a: Kingdra|evasion|1
|-sideend|p2: moi88764|Toxic Spikes|[from] move: Defog|[of] p2a: Mandibuzz
|
|upkeep
|turn|11
|
|t:|1760815429
|switch|p1a: Pelipper|Pelipper, F|56/100
|-weather|RainDance|[from] ability: Drizzle|[of] p1a: Pelipper
|move|p2a: Mandibuzz|Roost|p2a: Mandibuzz
|-heal|p2a: Mandibuzz|100/100
|-singleturn|p2a: Mandibuzz|move: Roost
|
|-weather|RainDance|[upkeep]
|upkeep
|turn|12
|
|t:|1760815440
|move|p2a: Mandibuzz|Toxic|p1a: Pelipper
|-status|p1a: Pelipper|tox
|move|p1a: Pelipper|Ice Beam|p2a: Mandibuzz
|-supereffective|p2a: Mandibuzz
|-damage|p2a: Mandibuzz|51/100
|-status|p2a: Mandibuzz|frz
|
|-weather|RainDance|[upkeep]
|-damage|p1a: Pelipper|50/100 tox|[from] psn
|upkeep
|turn|13
|
|t:|1760815452
|switch|p1a: Overqwil|Overqwil, M|100/100
|cant|p2a: Mandibuzz|frz
|
|-weather|RainDance|[upkeep]
|upkeep
|turn|14
|
|t:|1760815459
|move|p1a: Overqwil|Swords Dance|p1a: Overqwil
|-boost|p1a: Overqwil|atk|2
|cant|p2a: Mandibuzz|frz
|
|-weather|RainDance|[upkeep]
|upkeep
|turn|15
|
|t:|1760815476
|-terastallize|p1a: Overqwil|Dragon
|move|p1a: Overqwil|Scale Shot|p2a: Mandibuzz
|-damage|p2a: Mandibuzz|36/100 frz
|-damage|p2a: Mandibuzz|21/100 frz
|-damage|p2a: Mandibuzz|7/100 frz
|-damage|p2a: Mandibuzz|0 fnt
|faint|p2a: Mandibuzz
|-hitcount|p2: Mandibuzz|4
|-unboost|p1a: Overqwil|def|1
|-boost|p1a: Overqwil|spe|1
|
|-weather|RainDance|[upkeep]
|upkeep
|
|t:|1760815481
|switch|p2a: Raging Bolt|Raging Bolt|100/100
|turn|16
|
|t:|1760815493
|move|p1a: Overqwil|Scale Shot|p2a: Raging Bolt|[miss]
|-miss|p1a: Overqwil|p2a: Raging Bolt
|move|p2a: Raging Bolt|Draco Meteor|p1a: Overqwil
|-supereffective|p1a: Overqwil
|-damage|p1a: Overqwil|0 fnt
|-unboost|p2a: Raging Bolt|spa|2
|faint|p1a: Overqwil
|
|-weather|RainDance|[upkeep]
|upkeep
|
|t:|1760815506
|switch|p1a: Kingdra|Kingdra, M|100/100
|turn|17
|
|t:|1760815515
|-end|p2a: Raging Bolt|Protosynthesis|[silent]
|switch|p2a: Torkoal|Torkoal, F|100/100
|-weather|SunnyDay|[from] ability: Drought|[of] p2a: Torkoal
|move|p1a: Kingdra|Draco Meteor|p2a: Torkoal
|-damage|p2a: Torkoal|0 fnt
|-unboost|p1a: Kingdra|spa|2
|faint|p2a: Torkoal
|
|-weather|SunnyDay|[upkeep]
|upkeep
|
|t:|1760815521
|switch|p2a: Raging Bolt|Raging Bolt|100/100
|-activate|p2a: Raging Bolt|ability: Protosynthesis
|-start|p2a: Raging Bolt|protosynthesisspa
|turn|18
|
|t:|1760815537
|switch|p1a: Pelipper|Pelipper, F|50/100 tox
|-weather|RainDance|[from] ability: Drizzle|[of] p1a: Pelipper
|-end|p2a: Raging Bolt|Protosynthesis
|move|p2a: Raging Bolt|Volt Switch|p1a: Pelipper
|-supereffective|p1a: Pelipper
|-damage|p1a: Pelipper|0 fnt
|faint|p1a: Pelipper
|
|t:|1760815540
|-end|p2a: Raging Bolt|Protosynthesis|[silent]
|switch|p2a: Walking Wake|Walking Wake|100/100|[from] Volt Switch
|
|-weather|RainDance|[upkeep]
|upkeep
|
|t:|1760815552
|switch|p1a: Kingdra|Kingdra, M|100/100
|turn|19
|
|t:|1760815556
|move|p1a: Kingdra|Draco Meteor|p2a: Walking Wake
|-supereffective|p2a: Walking Wake
|-damage|p2a: Walking Wake|0 fnt
|-unboost|p1a: Kingdra|spa|2
|faint|p2a: Walking Wake
|-end|p2a: Walking Wake|Protosynthesis|[silent]
|
|-weather|RainDance|[upkeep]
|upkeep
|
|t:|1760815561
|switch|p2a: Raging Bolt|Raging Bolt|100/100
|turn|20
|
|t:|1760815567
|switch|p1a: Barraskewda|Barraskewda, M|100/100
|move|p2a: Raging Bolt|Thunderbolt|p1a: Barraskewda
|-supereffective|p1a: Barraskewda
|-damage|p1a: Barraskewda|0 fnt
|faint|p1a: Barraskewda
|
|-weather|RainDance|[upkeep]
|upkeep
|
|t:|1760815576
|switch|p1a: Kingdra|Kingdra, M|100/100
|turn|21
|
|t:|1760815581
|-terastallize|p2a: Raging Bolt|Fairy
|move|p1a: Kingdra|Draco Meteor|p2a: Raging Bolt
|-immune|p2a: Raging Bolt
|move|p2a: Raging Bolt|Thunderbolt|p1a: Kingdra
|-damage|p1a: Kingdra|40/100
|
|-weather|RainDance|[upkeep]
|upkeep
|turn|22
|-message|grimppyyyy god forfeited.
|
|win|moi88764
|raw|grimppyyyy god's rating: 1217 &rarr; <strong>1189</strong><br />(-28 for losing)
|raw|moi88764's rating: 1173 &rarr; <strong>1201</strong><br />(+28 for winning)
|l|☆grimppyyyy god
|player|p1|
