|j|‽flinchirator
|j|☆Perola Pe
|t:|1760758024
|gametype|singles
|player|p1|flinchirator|miku-ice|1327
|player|p2|Perola Pe|wallace|1348
|gen|9
|tier|[Gen 9] OU
|rated|
|rule|HP Percentage Mod: HP is shown in percentages
|rule|Endless Battle Clause: Forcing endless battles is banned
|rule|Species Clause: Limit one of each Pokémon
|rule|OHKO Clause: OHKO moves are banned
|rule|Evasion Items Clause: Evasion items are banned
|rule|Evasion Moves Clause: Evasion moves are banned
|rule|Evasion Abilities Clause: Evasion abilities are banned
|rule|Sleep Moves Clause: Sleep-inducing moves are banned
|clearpoke
|poke|p1|Zapdos|
|poke|p1|Iron Treads|
|poke|p1|Sinistcha-Masterpiece|
|poke|p1|Kingambit, M|
|poke|p1|Blissey, F|
|poke|p1|Bellibolt, F|
|poke|p2|Raging Bolt|
|poke|p2|Darkrai|
|poke|p2|Enamorus, F|
|poke|p2|Zamazenta-*|
|poke|p2|Primarina, F|
|poke|p2|Cinderace, M|
|teampreview
|inactive|Battle timer is ON: inactive players will automatically lose when time's up. (requested by flinchirator)
|
|t:|1760758051
|teamsize|p1|6
|teamsize|p2|6
|start
|switch|p1a: Bellibolt|Bellibolt, F|100/100
|switch|p2a: Enamorus|Enamorus, F|100/100
|turn|1
|
|t:|1760758059
|move|p2a: Enamorus|Earth Power|p1a: Bellibolt
|-supereffective|p1a: Bellibolt
|-damage|p1a: Bellibolt|61/100
|-start|p1a: Bellibolt|Charge|Earth Power|[from] ability: Electromorphosis
|move|p1a: Bellibolt|Volt Switch|p2a: Enamorus
|-supereffective|p2a: Enamorus
|-enditem|p2a: Enamorus|Focus Sash
|-damage|p2a: Enamorus|1/100
|-end|p1a: Bellibolt|Charge|[silent]
|
|t:|1760758068
|switch|p1a: Blissey|Blissey, F|100/100|[from] Volt Switch
|
|upkeep
|turn|2
|
|t:|1760758074
|switch|p2a: Cinderace|Cinderace, M|100/100
|switch|p1a: Zapdos|Zapdos|100/100
|
|upkeep
|turn|3
|
|t:|1760758082
|move|p2a: Cinderace|Pyro Ball|p1a: Zapdos
|-damage|p1a: Zapdos|64/100
|move|p1a: Zapdos|Thunderbolt|p2a: Cinderace
|-damage|p2a: Cinderace|48/100
|
|upkeep
|turn|4
|
|t:|1760758088
|switch|p2a: Raging Bolt|Raging Bolt|100/100
|move|p1a: Zapdos|U-turn|p2a: Raging Bolt
|-damage|p2a: Raging Bolt|90/100
|
|t:|1760758096
|switch|p1a: Blissey|Blissey, F|100/100|[from] U-turn
|
|upkeep
|turn|5
|
|t:|1760758102
|-end|p2a: Raging Bolt|Protosynthesis|[silent]
|switch|p2a: Cinderace|Cinderace, M|48/100
|move|p1a: Blissey|Stealth Rock|p2a: Cinderace
|-sidestart|p2: Perola Pe|move: Stealth Rock
|
|upkeep
|turn|6
|
|t:|1760758106
|switch|p1a: Zapdos|Zapdos|64/100
|move|p2a: Cinderace|Court Change|p2a: Cinderace
|-start|p2a: Cinderace|typechange|Normal|[from] ability: Libero
|-swapsideconditions
|-activate|p2a: Cinderace|move: Court Change
|
|upkeep
|turn|7
|
|t:|1760758119
|switch|p2a: Raging Bolt|Raging Bolt|90/100
|move|p1a: Zapdos|Roost|p1a: Zapdos
|-heal|p1a: Zapdos|100/100
|-singleturn|p1a: Zapdos|move: Roost
|
|upkeep
|turn|8
|
|t:|1760758132
|switch|p1a: Blissey|Blissey, F|100/100
|move|p2a: Raging Bolt|Thunderclap||[still]
|-fail|p2a: Raging Bolt
|
|upkeep
|turn|9
|
|t:|1760758137
|-end|p2a: Raging Bolt|Protosynthesis|[silent]
|switch|p2a: Zamazenta|Zamazenta|100/100
|-ability|p2a: Zamazenta|Dauntless Shield|boost
|-boost|p2a: Zamazenta|def|1
|move|p1a: Blissey|Stealth Rock|p2a: Zamazenta
|-sidestart|p2: Perola Pe|move: Stealth Rock
|
|upkeep
|turn|10
|
|t:|1760758149
|switch|p1a: Sinistcha|Sinistcha-Masterpiece|100/100
|-damage|p1a: Sinistcha|88/100|[from] Stealth Rock
|move|p2a: Zamazenta|Close Combat|p1a: Sinistcha
|-immune|p1a: Sinistcha
|
|-heal|p1a: Sinistcha|94/100|[from] item: Leftovers
|upkeep
|turn|11
|
|t:|1760758162
|switch|p2a: Enamorus|Enamorus, F|1/100
|-damage|p2a: Enamorus|0 fnt|[from] Stealth Rock
|faint|p2a: Enamorus
|move|p1a: Sinistcha|Strength Sap|p2: Enamorus|[notarget]
|-fail|p1a: Sinistcha
|
|-heal|p1a: Sinistcha|99/100|[from] item: Leftovers
|upkeep
|
|t:|1760758173
|switch|p2a: Primarina|Primarina, F|100/100
|-damage|p2a: Primarina|88/100|[from] Stealth Rock
|turn|12
|
|t:|1760758179
|switch|p1a: Blissey|Blissey, F|100/100
|move|p2a: Primarina|Moonblast|p1a: Blissey
|-damage|p1a: Blissey|69/100
|
|upkeep
|turn|13
|
|t:|1760758188
|move|p2a: Primarina|Moonblast|p1a: Blissey
|-damage|p1a: Blissey|39/100
|-unboost|p1a: Blissey|spa|1
|move|p1a: Blissey|Soft-Boiled|p1a: Blissey
|-heal|p1a: Blissey|89/100
|
|upkeep
|turn|14
|
|t:|1760758194
|switch|p2a: Cinderace|Cinderace, M|48/100
|move|p1a: Blissey|Seismic Toss|p2a: Cinderace
|-damage|p2a: Cinderace|16/100
|
|upkeep
|turn|15
|
|t:|1760758201
|switch|p1a: Zapdos|Zapdos|100/100
|move|p2a: Cinderace|U-turn|p1a: Zapdos
|-start|p2a: Cinderace|typechange|Bug|[from] ability: Libero
|-resisted|p1a: Zapdos
|-damage|p1a: Zapdos|89/100
|
|t:|1760758208
|switch|p2a: Darkrai|Darkrai|100/100|[from] U-turn
|-damage|p2a: Darkrai|88/100|[from] Stealth Rock
|
|upkeep
|turn|16
|
|t:|1760758212
|switch|p1a: Blissey|Blissey, F|89/100
|move|p2a: Darkrai|Dark Pulse|p1a: Blissey
|-damage|p1a: Blissey|68/100
|-damage|p2a: Darkrai|78/100|[from] item: Life Orb
|
|upkeep
|turn|17
|
|t:|1760758226
|move|p2a: Darkrai|Nasty Plot|p2a: Darkrai
|-boost|p2a: Darkrai|spa|2
|move|p1a: Blissey|Soft-Boiled|p1a: Blissey
|-heal|p1a: Blissey|100/100
|
|upkeep
|turn|18
|
|t:|1760758237
|move|p2a: Darkrai|Psyshock|p1a: Blissey
|-damage|p1a: Blissey|34/100
|-damage|p2a: Darkrai|68/100|[from] item: Life Orb
|move|p1a: Blissey|Seismic Toss|p2a: Darkrai
|-damage|p2a: Darkrai|33/100
|
|upkeep
|turn|19
|
|t:|1760758243
|switch|p1a: Kingambit|Kingambit, M|100/100
|-damage|p1a: Kingambit|94/100|[from] Stealth Rock
|move|p2a: Darkrai|Drain Punch|p1a: Kingambit
|-supereffective|p1a: Kingambit
|-damage|p1a: Kingambit|21/100
|-heal|p2a: Darkrai|77/100|[from] drain|[of] p1a: Kingambit
|-damage|p2a: Darkrai|67/100|[from] item: Life Orb
|
|-heal|p1a: Kingambit|27/100|[from] item: Leftovers
|upkeep
|turn|20
|
|t:|1760758257
|switch|p2a: Cinderace|Cinderace, M|16/100
|move|p1a: Kingambit|Iron Head|p2a: Cinderace
|-resisted|p2a: Cinderace
|-damage|p2a: Cinderace|0 fnt
|faint|p2a: Cinderace
|
|-heal|p1a: Kingambit|33/100|[from] item: Leftovers
|upkeep
|
|t:|1760758265
|switch|p2a: Zamazenta|Zamazenta|100/100
|-damage|p2a: Zamazenta|94/100|[from] Stealth Rock
|turn|21
|
|t:|1760758292
|-end|p1a: Kingambit|fallenundefined|[silent]
|switch|p1a: Sinistcha|Sinistcha-Masterpiece|99/100
|-damage|p1a: Sinistcha|88/100|[from] Stealth Rock
|-terastallize|p2a: Zamazenta|Ice
|move|p2a: Zamazenta|Tera Blast|p1a: Sinistcha|[anim] Tera Blast Ice
|-supereffective|p1a: Sinistcha
|-damage|p1a: Sinistcha|19/100
|-damage|p2a: Zamazenta|84/100|[from] item: Life Orb
|
|-heal|p1a: Sinistcha|25/100|[from] item: Leftovers
|upkeep
|turn|22
|inactive|flinchirator has 120 seconds left.
|
|t:|1760758317
|move|p2a: Zamazenta|Tera Blast|p1a: Sinistcha|[anim] Tera Blast Ice
|-supereffective|p1a: Sinistcha
|-damage|p1a: Sinistcha|0 fnt
|faint|p1a: Sinistcha
|-damage|p2a: Zamazenta|75/100|[from] item: Life Orb
|
|upkeep
|inactive|flinchirator has 120 seconds left.
|
|t:|1760758323
|switch|p1a: Zapdos|Zapdos|89/100
|turn|23
|
|t:|1760758335
|-terastallize|p1a: Zapdos|Steel
|move|p2a: Zamazenta|Tera Blast|p1a: Zapdos|[anim] Tera Blast Ice
|-resisted|p1a: Zapdos
|-damage|p1a: Zapdos|72/100
|-damage|p2a: Zamazenta|65/100|[from] item: Life Orb
|move|p1a: Zapdos|Heat Wave|p2a: Zamazenta|[miss]
|-miss|p1a: Zapdos|p2a: Zamazenta
|
|upkeep
|turn|24
|inactive|flinchirator has 120 seconds left.
|inactive|flinchirator has 90 seconds left.
|
|t:|1760758401
|move|p2a: Zamazenta|Close Combat|p1a: Zapdos
|-supereffective|p1a: Zapdos
|-damage|p1a: Zapdos|0 fnt
|-unboost|p2a: Zamazenta|def|1
|-unboost|p2a: Zamazenta|spd|1
|-status|p2a: Zamazenta|par|[from] ability: Static|[of] p1a: Zapdos
|faint|p1a: Zapdos
|-damage|p2a: Zamazenta|55/100 par|[from] item: Life Orb
|
|upkeep
|
|t:|1760758413
|switch|p1a: Bellibolt|Bellibolt, F|61/100
|turn|25
|
|t:|1760758420
|move|p2a: Zamazenta|Tera Blast|p1a: Bellibolt|[anim] Tera Blast Ice
|-damage|p1a: Bellibolt|15/100
|-start|p1a: Bellibolt|Charge|Tera Blast|[from] ability: Electromorphosis
|-damage|p2a: Zamazenta|45/100 par|[from] item: Life Orb
|move|p1a: Bellibolt|Slack Off|p1a: Bellibolt
|-heal|p1a: Bellibolt|66/100
|
|upkeep
|turn|26
|inactive|Perola Pe has 120 seconds left.
|
|t:|1760758458
|move|p2a: Zamazenta|Tera Blast|p1a: Bellibolt|[anim] Tera Blast Ice
|-damage|p1a: Bellibolt|18/100
|-start|p1a: Bellibolt|Charge|Tera Blast|[from] ability: Electromorphosis
|-damage|p2a: Zamazenta|35/100 par|[from] item: Life Orb
|move|p1a: Bellibolt|Slack Off|p1a: Bellibolt
|-heal|p1a: Bellibolt|68/100
|
|upkeep
|turn|27
|inactive|flinchirator has 90 seconds left.
|inactive|Perola Pe has 120 seconds left.
|
|t:|1760758473
|move|p2a: Zamazenta|Crunch|p1a: Bellibolt
|-damage|p1a: Bellibolt|38/100
|-start|p1a: Bellibolt|Charge|Crunch|[from] ability: Electromorphosis
|-damage|p2a: Zamazenta|25/100 par|[from] item: Life Orb
|move|p1a: Bellibolt|Slack Off|p1a: Bellibolt
|-heal|p1a: Bellibolt|88/100
|
|upkeep
|turn|28
|
|t:|1760758477
|move|p2a: Zamazenta|Crunch|p1a: Bellibolt
|-damage|p1a: Bellibolt|60/100
|-start|p1a: Bellibolt|Charge|Crunch|[from] ability: Electromorphosis
|-damage|p2a: Zamazenta|16/100 par|[from] item: Life Orb
|move|p1a: Bellibolt|Slack Off|p1a: Bellibolt
|-heal|p1a: Bellibolt|100/100
|
|upkeep
|turn|29
|
|t:|1760758483
|move|p2a: Zamazenta|Tera Blast|p1a: Bellibolt|[anim] Tera Blast Ice
|-damage|p1a: Bellibolt|58/100
|-start|p1a: Bellibolt|Charge|Tera Blast|[from] ability: Electromorphosis
|-damage|p2a: Zamazenta|6/100 par|[from] item: Life Orb
|move|p1a: Bellibolt|Slack Off|p1a: Bellibolt
|-heal|p1a: Bellibolt|100/100
|
|upkeep
|turn|30
|
|t:|1760758490
|move|p2a: Zamazenta|Close Combat|p1a: Bellibolt
|-damage|p1a: Bellibolt|38/100
|-unboost|p2a: Zamazenta|def|1
|-unboost|p2a: Zamazenta|spd|1
|-start|p1a: Bellibolt|Charge|Close Combat|[from] ability: Electromorphosis
|-damage|p2a: Zamazenta|0 fnt|[from] item: Life Orb
|faint|p2a: Zamazenta
|move|p1a: Bellibolt|Slack Off|p1a: Bellibolt
|-heal|p1a: Bellibolt|88/100
|
|upkeep
|inactive|Perola Pe has 120 seconds left.
|
|t:|1760758527
|switch|p2a: Primarina|Primarina, F|88/100
|-damage|p2a: Primarina|76/100|[from] Stealth Rock
|turn|31
|inactive|flinchirator has 90 seconds left.
|
|t:|1760758556
|move|p2a: Primarina|Psychic Noise|p1a: Bellibolt
|-damage|p1a: Bellibolt|60/100
|-start|p1a: Bellibolt|move: Heal Block
|-start|p1a: Bellibolt|Charge|Psychic Noise|[from] ability: Electromorphosis
|move|p1a: Bellibolt|Discharge|p2a: Primarina
|-supereffective|p2a: Primarina
|-damage|p2a: Primarina|0 fnt
|faint|p2a: Primarina
|-end|p1a: Bellibolt|Charge|[silent]
|
|upkeep
|
|t:|1760758565
|switch|p2a: Raging Bolt|Raging Bolt|90/100
|-damage|p2a: Raging Bolt|78/100|[from] Stealth Rock
|turn|32
|
|t:|1760758568
|switch|p1a: Iron Treads|Iron Treads|100/100
|-damage|p1a: Iron Treads|98/100|[from] Stealth Rock
|move|p2a: Raging Bolt|Calm Mind|p2a: Raging Bolt
|-boost|p2a: Raging Bolt|spa|1
|-boost|p2a: Raging Bolt|spd|1
|
|-heal|p1a: Iron Treads|100/100|[from] item: Leftovers
|upkeep
|turn|33
|
|t:|1760758573
|move|p1a: Iron Treads|Earthquake|p2a: Raging Bolt
|-supereffective|p2a: Raging Bolt
|-enditem|p2a: Raging Bolt|Shuca Berry|[eat]
|-enditem|p2a: Raging Bolt|Shuca Berry|[weaken]
|-damage|p2a: Raging Bolt|46/100
|move|p2a: Raging Bolt|Dragon Pulse|p1a: Iron Treads
|-resisted|p1a: Iron Treads
|-damage|p1a: Iron Treads|70/100
|
|-heal|p1a: Iron Treads|76/100|[from] item: Leftovers
|upkeep
|turn|34
|
|t:|1760758587
|move|p1a: Iron Treads|Earthquake|p2a: Raging Bolt
|-supereffective|p2a: Raging Bolt
|-damage|p2a: Raging Bolt|0 fnt
|faint|p2a: Raging Bolt
|-end|p2a: Raging Bolt|Protosynthesis|[silent]
|
|-heal|p1a: Iron Treads|82/100|[from] item: Leftovers
|upkeep
|
|t:|1760758590
|switch|p2a: Darkrai|Darkrai|67/100
|-damage|p2a: Darkrai|55/100|[from] Stealth Rock
|turn|35
|
|t:|1760758596
|move|p2a: Darkrai|Drain Punch|p1a: Iron Treads
|-supereffective|p1a: Iron Treads
|-damage|p1a: Iron Treads|49/100
|-heal|p2a: Darkrai|77/100|[from] drain|[of] p1a: Iron Treads
|-damage|p2a: Darkrai|67/100|[from] item: Life Orb
|move|p1a: Iron Treads|Earthquake|p2a: Darkrai
|-damage|p2a: Darkrai|10/100
|
|-heal|p1a: Iron Treads|55/100|[from] item: Leftovers
|upkeep
|turn|36
|
|t:|1760758600
|move|p2a: Darkrai|Drain Punch|p1a: Iron Treads
|-supereffective|p1a: Iron Treads
|-damage|p1a: Iron Treads|20/100
|-heal|p2a: Darkrai|34/100|[from] drain|[of] p1a: Iron Treads
|-damage|p2a: Darkrai|24/100|[from] item: Life Orb
|move|p1a: Iron Treads|Rapid Spin|p2a: Darkrai
|-crit|p2a: Darkrai
|-damage|p2a: Darkrai|0 fnt
|-boost|p1a: Iron Treads|spe|1
|-sideend|p1: flinchirator|Stealth Rock|[from] move: Rapid Spin|[of] p1a: Iron Treads
|faint|p2a: Darkrai
|
|win|flinchirator
|raw|flinchirator's rating: 1327 &rarr; <strong>1348</strong><br />(+21 for winning)
|raw|Perola Pe's rating: 1348 &rarr; <strong>1327</strong><br />(-21 for losing)
|l|☆Perola Pe
|player|p2|
