|j|☆Jdawg_2100
|j|☆decibelpkmn
|t:|1760884475
|gametype|singles
|player|p1|Jdawg_2100|hilbert|1309
|player|p2|decibelpkmn|101|1317
|gen|9
|tier|[Gen 9] OU
|rated|
|rule|HP Percentage Mod: HP is shown in percentages
|rule|Endless Battle Clause: Forcing endless battles is banned
|rule|Species Clause: Limit one of each Pokémon
|rule|OHKO Clause: OHKO moves are banned
|rule|Evasion Items Clause: Evasion items are banned
|rule|Evasion Moves Clause: Evasion moves are banned
|rule|Evasion Abilities Clause: Evasion abilities are banned
|rule|Sleep Moves Clause: Sleep-inducing moves are banned
|clearpoke
|poke|p1|Ribombee, M|
|poke|p1|Iron Valiant|
|poke|p1|Luxray, F|
|poke|p1|Kingambit, F|
|poke|p1|Great Tusk|
|poke|p1|Meowscarada, M|
|poke|p2|Gliscor, M|
|poke|p2|Clefable, F|
|poke|p2|Corviknight, F|
|poke|p2|Garganacl, F|
|poke|p2|Kingambit, M|
|poke|p2|Dragapult, M|
|teampreview
|inactive|Battle timer is ON: inactive players will automatically lose when time's up. (requested by Jdawg_2100)
|
|t:|1760884481
|teamsize|p1|6
|teamsize|p2|6
|start
|switch|p1a: Ribombee|Ribombee, M|100/100
|switch|p2a: Garganacl|Garganacl, F|100/100
|turn|1
|inactive|decibelpkmn has 120 seconds left.
|
|t:|1760884531
|move|p1a: Ribombee|Sticky Web|p2a: Garganacl
|-sidestart|p2: decibelpkmn|move: Sticky Web
|move|p2a: Garganacl|Salt Cure|p1a: Ribombee
|-supereffective|p1a: Ribombee
|-damage|p1a: Ribombee|45/100
|
|upkeep
|turn|2
|
|t:|1760884537
|move|p1a: Ribombee|U-turn|p2a: Garganacl
|-damage|p2a: Garganacl|91/100
|
|t:|1760884541
|switch|p1a: Great Tusk|Great Tusk, shiny|100/100|[from] U-turn
|move|p2a: Garganacl|Salt Cure|p1a: Great Tusk
|-resisted|p1a: Great Tusk
|-damage|p1a: Great Tusk|99/100
|-start|p1a: Great Tusk|Salt Cure
|
|-heal|p1a: Great Tusk|100/100|[from] item: Leftovers
|-heal|p2a: Garganacl|97/100|[from] item: Leftovers
|-damage|p1a: Great Tusk|88/100|[from] Salt Cure
|upkeep
|turn|3
|
|t:|1760884546
|switch|p2a: Corviknight|Corviknight, F|100/100
|-ability|p2a: Corviknight|Pressure
|move|p1a: Great Tusk|Stealth Rock|p2a: Corviknight
|-sidestart|p2: decibelpkmn|move: Stealth Rock
|
|-heal|p1a: Great Tusk|94/100|[from] item: Leftovers
|-damage|p1a: Great Tusk|82/100|[from] Salt Cure
|upkeep
|turn|4
|
|t:|1760884550
|move|p1a: Great Tusk|Knock Off|p2a: Corviknight
|-damage|p2a: Corviknight|78/100
|-damage|p1a: Great Tusk|65/100|[from] item: Rocky Helmet|[of] p2a: Corviknight
|-enditem|p2a: Corviknight|Rocky Helmet|[from] move: Knock Off|[of] p1a: Great Tusk
|move|p2a: Corviknight|U-turn|p1a: Great Tusk
|-resisted|p1a: Great Tusk
|-damage|p1a: Great Tusk|62/100
|
|t:|1760884554
|switch|p2a: Gliscor|Gliscor, M|100/100|[from] U-turn
|-damage|p2a: Gliscor|88/100|[from] Stealth Rock
|
|-heal|p1a: Great Tusk|68/100|[from] item: Leftovers
|-damage|p1a: Great Tusk|55/100|[from] Salt Cure
|-status|p2a: Gliscor|tox|[from] item: Toxic Orb
|upkeep
|turn|5
|
|t:|1760884571
|-end|p1a: Great Tusk|Protosynthesis|[silent]
|switch|p1a: Meowscarada|Meowscarada, M, shiny|100/100
|move|p2a: Gliscor|Toxic|p1a: Meowscarada
|-status|p1a: Meowscarada|tox
|
|-damage|p1a: Meowscarada|94/100 tox|[from] psn
|-heal|p2a: Gliscor|100/100 tox|[from] ability: Poison Heal
|upkeep
|turn|6
|
|t:|1760884589
|switch|p1a: Luxray|Luxray, F, shiny|100/100
|move|p2a: Gliscor|Protect||[still]
|-fail|p2a: Gliscor
|
|-status|p1a: Luxray|brn|[from] item: Flame Orb
|upkeep
|turn|7
|
|t:|1760884596
|switch|p1a: Meowscarada|Meowscarada, M, shiny|94/100 tox
|move|p2a: Gliscor|Earthquake|p1a: Meowscarada
|-resisted|p1a: Meowscarada
|-damage|p1a: Meowscarada|68/100 tox
|
|-damage|p1a: Meowscarada|62/100 tox|[from] psn
|upkeep
|turn|8
|
|t:|1760884602
|move|p2a: Gliscor|Protect|p2a: Gliscor
|-singleturn|p2a: Gliscor|Protect
|move|p1a: Meowscarada|Triple Axel|p2a: Gliscor
|-start|p1a: Meowscarada|typechange|Ice|[from] ability: Protean
|-activate|p2a: Gliscor|move: Protect
|
|-damage|p1a: Meowscarada|50/100 tox|[from] psn
|upkeep
|turn|9
|
|t:|1760884606
|switch|p1a: Luxray|Luxray, F, shiny|100/100 brn
|switch|p2a: Corviknight|Corviknight, F|78/100
|-damage|p2a: Corviknight|66/100|[from] Stealth Rock
|-ability|p2a: Corviknight|Pressure
|
|-damage|p1a: Luxray|95/100 brn|[from] brn
|upkeep
|turn|10
|
|t:|1760884613
|move|p1a: Luxray|Facade|p2a: Corviknight
|-resisted|p2a: Corviknight
|-damage|p2a: Corviknight|33/100
|move|p2a: Corviknight|Iron Defense|p2a: Corviknight
|-boost|p2a: Corviknight|def|2
|
|-damage|p1a: Luxray|89/100 brn|[from] brn
|upkeep
|turn|11
|
|t:|1760884618
|move|p1a: Luxray|Wild Charge|p2a: Corviknight
|-supereffective|p2a: Corviknight
|-damage|p2a: Corviknight|0 fnt
|faint|p2a: Corviknight
|-damage|p1a: Luxray|78/100 brn|[from] Recoil
|
|-damage|p1a: Luxray|72/100 brn|[from] brn
|upkeep
|
|t:|1760884625
|switch|p2a: Dragapult|Dragapult, M|100/100
|turn|12
|j| Soniloon
|inactive|Jdawg_2100 has 120 seconds left.
|
|t:|1760884680
|move|p2a: Dragapult|Hex|p1a: Luxray
|-damage|p1a: Luxray|0 fnt
|faint|p1a: Luxray
|
|upkeep
|inactive|Jdawg_2100 has 90 seconds left.
|
|t:|1760884701
|switch|p1a: Iron Valiant|Iron Valiant, shiny|100/100
|-enditem|p1a: Iron Valiant|Booster Energy
|-activate|p1a: Iron Valiant|ability: Quark Drive|[fromitem]
|-start|p1a: Iron Valiant|quarkdrivespe
|turn|13
|
|t:|1760884712
|switch|p2a: Clefable|Clefable, F|100/100
|-activate|p2a: Clefable|move: Sticky Web
|-unboost|p2a: Clefable|spe|1
|move|p1a: Iron Valiant|Close Combat|p2a: Clefable
|-resisted|p2a: Clefable
|-damage|p2a: Clefable|74/100
|-unboost|p1a: Iron Valiant|def|1
|-unboost|p1a: Iron Valiant|spd|1
|
|-heal|p2a: Clefable|80/100|[from] item: Leftovers
|upkeep
|turn|14
|c|☆Jdawg_2100|awww:(
|
|t:|1760884729
|-end|p1a: Iron Valiant|Quark Drive|[silent]
|switch|p1a: Kingambit|Kingambit, F, shiny|100/100
|-activate|p1a: Kingambit|ability: Supreme Overlord
|-start|p1a: Kingambit|fallen1|[silent]
|move|p2a: Clefable|Moonblast|p1a: Kingambit
|-damage|p1a: Kingambit|68/100
|-unboost|p1a: Kingambit|spa|1
|
|-heal|p2a: Clefable|86/100|[from] item: Leftovers
|upkeep
|turn|15
|
|t:|1760884739
|switch|p2a: Gliscor|Gliscor, M|100/100 tox
|-damage|p2a: Gliscor|88/100 tox|[from] Stealth Rock
|move|p1a: Kingambit|Swords Dance|p1a: Kingambit
|-boost|p1a: Kingambit|atk|2
|
|-heal|p2a: Gliscor|100/100 tox|[from] ability: Poison Heal
|upkeep
|turn|16
|inactive|Jdawg_2100 has 90 seconds left.
|
|t:|1760884770
|-end|p1a: Kingambit|fallen1|[silent]
|switch|p1a: Ribombee|Ribombee, M|45/100
|move|p2a: Gliscor|Earthquake|p1a: Ribombee
|-resisted|p1a: Ribombee
|-damage|p1a: Ribombee|10/100
|
|upkeep
|turn|17
|
|t:|1760884779
|move|p1a: Ribombee|Moonblast|p2a: Gliscor
|-damage|p2a: Gliscor|53/100 tox
|move|p2a: Gliscor|Spikes|p1a: Ribombee
|-sidestart|p1: Jdawg_2100|Spikes
|
|-heal|p2a: Gliscor|65/100 tox|[from] ability: Poison Heal
|upkeep
|turn|18
|
|t:|1760884785
|move|p2a: Gliscor|Protect|p2a: Gliscor
|-singleturn|p2a: Gliscor|Protect
|move|p1a: Ribombee|Moonblast|p2a: Gliscor
|-activate|p2a: Gliscor|move: Protect
|
|-heal|p2a: Gliscor|78/100 tox|[from] ability: Poison Heal
|upkeep
|turn|19
|
|t:|1760884791
|move|p1a: Ribombee|Moonblast|p2a: Gliscor
|-damage|p2a: Gliscor|35/100 tox
|move|p2a: Gliscor|Spikes|p1a: Ribombee
|-sidestart|p1: Jdawg_2100|Spikes
|
|-heal|p2a: Gliscor|47/100 tox|[from] ability: Poison Heal
|upkeep
|turn|20
|
|t:|1760884797
|move|p2a: Gliscor|Protect|p2a: Gliscor
|-singleturn|p2a: Gliscor|Protect
|move|p1a: Ribombee|Moonblast|p2a: Gliscor
|-activate|p2a: Gliscor|move: Protect
|
|-heal|p2a: Gliscor|60/100 tox|[from] ability: Poison Heal
|upkeep
|turn|21
|
|t:|1760884803
|switch|p2a: Clefable|Clefable, F|86/100
|-activate|p2a: Clefable|move: Sticky Web
|-unboost|p2a: Clefable|spe|1
|move|p1a: Ribombee|Moonblast|p2a: Clefable
|-damage|p2a: Clefable|57/100
|
|-heal|p2a: Clefable|63/100|[from] item: Leftovers
|upkeep
|turn|22
|
|t:|1760884810
|move|p1a: Ribombee|Stun Spore|p2a: Clefable
|-status|p2a: Clefable|par
|cant|p2a: Clefable|par
|
|-heal|p2a: Clefable|69/100 par|[from] item: Leftovers
|upkeep
|turn|23
|inactive|decibelpkmn has 120 seconds left.
|
|t:|1760884849
|move|p1a: Ribombee|Moonblast|p2a: Clefable
|-damage|p2a: Clefable|44/100 par
|-unboost|p2a: Clefable|spa|1
|cant|p2a: Clefable|par
|
|-heal|p2a: Clefable|50/100 par|[from] item: Leftovers
|upkeep
|turn|24
|inactive|Jdawg_2100 has 120 seconds left.
|inactive|decibelpkmn has 120 seconds left.
|
|t:|1760884859
|move|p1a: Ribombee|Moonblast|p2a: Clefable
|-damage|p2a: Clefable|22/100 par
|move|p2a: Clefable|Moonblast|p1a: Ribombee
|-crit|p1a: Ribombee
|-damage|p1a: Ribombee|0 fnt
|faint|p1a: Ribombee
|
|-heal|p2a: Clefable|28/100 par|[from] item: Leftovers
|upkeep
|inactive|Jdawg_2100 has 120 seconds left.
|
|t:|1760884868
|switch|p1a: Iron Valiant|Iron Valiant, shiny|100/100
|-damage|p1a: Iron Valiant|84/100|[from] Spikes
|turn|25
|inactive|Jdawg_2100 has 120 seconds left.
|
|t:|1760884878
|move|p1a: Iron Valiant|Moonblast|p2a: Clefable
|-damage|p2a: Clefable|0 fnt
|faint|p2a: Clefable
|
|upkeep
|
|t:|1760884883
|switch|p2a: Dragapult|Dragapult, M|100/100
|turn|26
|
|t:|1760884894
|-terastallize|p2a: Dragapult|Ghost
|move|p2a: Dragapult|Hex|p1a: Iron Valiant
|-damage|p1a: Iron Valiant|8/100
|move|p1a: Iron Valiant|Moonblast|p2a: Dragapult
|-crit|p2a: Dragapult
|-damage|p2a: Dragapult|5/100
|-unboost|p2a: Dragapult|spa|1
|
|upkeep
|turn|27
|
|t:|1760884909
|-end|p1a: Iron Valiant|Quark Drive|[silent]
|switch|p1a: Kingambit|Kingambit, F, shiny|68/100
|-damage|p1a: Kingambit|52/100|[from] Spikes
|-activate|p1a: Kingambit|ability: Supreme Overlord
|-start|p1a: Kingambit|fallen2|[silent]
|move|p2a: Dragapult|Hex|p1a: Kingambit
|-resisted|p1a: Kingambit
|-damage|p1a: Kingambit|40/100
|
|upkeep
|turn|28
|
|t:|1760884918
|move|p2a: Dragapult|Will-O-Wisp|p1a: Kingambit|[miss]
|-miss|p2a: Dragapult|p1a: Kingambit
|move|p1a: Kingambit|Swords Dance|p1a: Kingambit
|-boost|p1a: Kingambit|atk|2
|
|upkeep
|turn|29
|
|t:|1760884927
|move|p2a: Dragapult|Will-O-Wisp|p1a: Kingambit
|-status|p1a: Kingambit|brn
|move|p1a: Kingambit|Kowtow Cleave|p2a: Dragapult
|-supereffective|p2a: Dragapult
|-damage|p2a: Dragapult|0 fnt
|faint|p2a: Dragapult
|
|-damage|p1a: Kingambit|34/100 brn|[from] brn
|upkeep
|
|t:|1760884933
|switch|p2a: Gliscor|Gliscor, M|60/100 tox
|-damage|p2a: Gliscor|47/100 tox|[from] Stealth Rock
|turn|30
|
|t:|1760884939
|move|p2a: Gliscor|Earthquake|p1a: Kingambit
|-supereffective|p1a: Kingambit
|-damage|p1a: Kingambit|0 fnt
|faint|p1a: Kingambit
|-end|p1a: Kingambit|fallen2|[silent]
|
|-heal|p2a: Gliscor|60/100 tox|[from] ability: Poison Heal
|upkeep
|
|t:|1760884948
|switch|p1a: Meowscarada|Meowscarada, M, shiny|50/100 tox
|-damage|p1a: Meowscarada|34/100 tox|[from] Spikes
|turn|31
|
|t:|1760884952
|move|p2a: Gliscor|Protect|p2a: Gliscor
|-singleturn|p2a: Gliscor|Protect
|move|p1a: Meowscarada|Triple Axel|p2a: Gliscor
|-start|p1a: Meowscarada|typechange|Ice|[from] ability: Protean
|-activate|p2a: Gliscor|move: Protect
|
|-damage|p1a: Meowscarada|27/100 tox|[from] psn
|-heal|p2a: Gliscor|72/100 tox|[from] ability: Poison Heal
|upkeep
|turn|32
|
|t:|1760884959
|switch|p1a: Iron Valiant|Iron Valiant, shiny|8/100
|-damage|p1a: Iron Valiant|0 fnt|[from] Spikes
|faint|p1a: Iron Valiant
|-end|p1a: Iron Valiant|Quark Drive|[silent]
|switch|p2a: Garganacl|Garganacl, F|97/100
|-activate|p2a: Garganacl|move: Sticky Web
|-unboost|p2a: Garganacl|spe|1
|-damage|p2a: Garganacl|85/100|[from] Stealth Rock
|
|-heal|p2a: Garganacl|91/100|[from] item: Leftovers
|upkeep
|
|t:|1760884963
|switch|p1a: Great Tusk|Great Tusk, shiny|55/100
|-damage|p1a: Great Tusk|39/100|[from] Spikes
|turn|33
|
|t:|1760884965
|move|p2a: Garganacl|Protect|p2a: Garganacl
|-singleturn|p2a: Garganacl|Protect
|move|p1a: Great Tusk|Knock Off|p2a: Garganacl
|-activate|p2a: Garganacl|move: Protect
|
|-heal|p1a: Great Tusk|45/100|[from] item: Leftovers
|-heal|p2a: Garganacl|97/100|[from] item: Leftovers
|upkeep
|turn|34
|
|t:|1760884968
|move|p1a: Great Tusk|Knock Off|p2a: Garganacl
|-damage|p2a: Garganacl|77/100
|-enditem|p2a: Garganacl|Leftovers|[from] move: Knock Off|[of] p1a: Great Tusk
|move|p2a: Garganacl|Salt Cure|p1a: Great Tusk
|-resisted|p1a: Great Tusk
|-damage|p1a: Great Tusk|43/100
|-start|p1a: Great Tusk|Salt Cure
|
|-heal|p1a: Great Tusk|50/100|[from] item: Leftovers
|-damage|p1a: Great Tusk|37/100|[from] Salt Cure
|upkeep
|turn|35
|
|t:|1760884978
|move|p2a: Garganacl|Protect|p2a: Garganacl
|-singleturn|p2a: Garganacl|Protect
|move|p1a: Great Tusk|Rapid Spin|p2a: Garganacl
|-activate|p2a: Garganacl|move: Protect
|
|-heal|p1a: Great Tusk|43/100|[from] item: Leftovers
|-damage|p1a: Great Tusk|31/100|[from] Salt Cure
|upkeep
|turn|36
|
|t:|1760884982
|move|p1a: Great Tusk|Rapid Spin|p2a: Garganacl
|-resisted|p2a: Garganacl
|-damage|p2a: Garganacl|72/100
|-boost|p1a: Great Tusk|spe|1
|-sideend|p1: Jdawg_2100|Spikes|[from] move: Rapid Spin|[of] p1a: Great Tusk
|move|p2a: Garganacl|Stealth Rock|p1a: Great Tusk
|-sidestart|p1: Jdawg_2100|move: Stealth Rock
|
|-heal|p1a: Great Tusk|37/100|[from] item: Leftovers
|-damage|p1a: Great Tusk|25/100|[from] Salt Cure
|upkeep
|turn|37
|
|t:|1760884990
|move|p2a: Garganacl|Protect|p2a: Garganacl
|-singleturn|p2a: Garganacl|Protect
|move|p1a: Great Tusk|Earthquake|p2a: Garganacl
|-activate|p2a: Garganacl|move: Protect
|
|-heal|p1a: Great Tusk|31/100|[from] item: Leftovers
|-damage|p1a: Great Tusk|18/100|[from] Salt Cure
|upkeep
|turn|38
|
|t:|1760884998
|move|p1a: Great Tusk|Earthquake|p2a: Garganacl
|-supereffective|p2a: Garganacl
|-damage|p2a: Garganacl|15/100
|move|p2a: Garganacl|Recover|p2a: Garganacl
|-heal|p2a: Garganacl|65/100
|
|-heal|p1a: Great Tusk|25/100|[from] item: Leftovers
|-damage|p1a: Great Tusk|12/100|[from] Salt Cure
|upkeep
|turn|39
|
|t:|1760885005
|-end|p1a: Great Tusk|Protosynthesis|[silent]
|switch|p1a: Meowscarada|Meowscarada, M, shiny|27/100 tox
|-damage|p1a: Meowscarada|15/100 tox|[from] Stealth Rock
|move|p2a: Garganacl|Recover|p2a: Garganacl
|-heal|p2a: Garganacl|100/100
|
|-damage|p1a: Meowscarada|9/100 tox|[from] psn
|upkeep
|turn|40
|
|t:|1760885008
|move|p2a: Garganacl|Protect|p2a: Garganacl
|-singleturn|p2a: Garganacl|Protect
|move|p1a: Meowscarada|Flower Trick|p2a: Garganacl
|-start|p1a: Meowscarada|typechange|Grass|[from] ability: Protean
|-activate|p2a: Garganacl|move: Protect
|
|-damage|p1a: Meowscarada|0 fnt|[from] psn
|faint|p1a: Meowscarada
|upkeep
|-message|Jdawg_2100 forfeited.
|
|win|decibelpkmn
|raw|Jdawg_2100's rating: 1309 &rarr; <strong>1289</strong><br />(-20 for losing)
|raw|decibelpkmn's rating: 1317 &rarr; <strong>1337</strong><br />(+20 for winning)
|l|☆Jdawg_2100
|player|p1|
|l| Soniloon
|l|☆decibelpkmn
|player|p2|
