|j|☆Sinuhe7Ra
|j|☆pegasofenix
|t:|1760776183
|gametype|singles
|player|p1|Sinuhe7Ra|veteran|1306
|player|p2|pegasofenix|lance|1261
|gen|9
|tier|[Gen 9] OU
|rated|
|rule|HP Percentage Mod: HP is shown in percentages
|rule|Endless Battle Clause: Forcing endless battles is banned
|rule|Species Clause: Limit one of each Pokémon
|rule|OHKO Clause: OHKO moves are banned
|rule|Evasion Items Clause: Evasion items are banned
|rule|Evasion Moves Clause: Evasion moves are banned
|rule|Evasion Abilities Clause: Evasion abilities are banned
|rule|Sleep Moves Clause: Sleep-inducing moves are banned
|clearpoke
|poke|p1|Dondozo, F|
|poke|p1|Blissey, F|
|poke|p1|Clodsire, F|
|poke|p1|Clefable, M|
|poke|p1|Gliscor, F|
|poke|p1|Toxapex, M|
|poke|p2|Charizard, M|
|poke|p2|Torkoal, M|
|poke|p2|Sandy Shocks|
|poke|p2|Kleavor, F|
|poke|p2|Venusaur, M|
|poke|p2|Tauros-Paldea-Aqua, M|
|teampreview
|
|t:|1760776206
|teamsize|p1|6
|teamsize|p2|6
|start
|switch|p1a: Gliscor|Gliscor, F|100/100
|switch|p2a: Sandy Shocks|Sandy Shocks, shiny|100/100
|turn|1
|inactive|Battle timer is ON: inactive players will automatically lose when time's up. (requested by Sinuhe7Ra)
|
|t:|1760776220
|-terastallize|p2a: Sandy Shocks|Ice
|move|p2a: Sandy Shocks|Tera Blast|p1a: Gliscor|[anim] Tera Blast Ice
|-supereffective|p1a: Gliscor
|-damage|p1a: Gliscor|0 fnt
|faint|p1a: Gliscor
|-damage|p2a: Sandy Shocks|91/100|[from] item: Life Orb
|
|upkeep
|
|t:|1760776249
|switch|p1a: Blissey|Blissey, F|100/100
|turn|2
|
|t:|1760776253
|move|p2a: Sandy Shocks|Volt Switch|p1a: Blissey
|-damage|p1a: Blissey|86/100
|-damage|p2a: Sandy Shocks|81/100|[from] item: Life Orb
|
|t:|1760776259
|-end|p2a: Sandy Shocks|Protosynthesis|[silent]
|switch|p2a: Kleavor|Kleavor, F|100/100|[from] Volt Switch
|move|p1a: Blissey|Stealth Rock|p2a: Kleavor
|-sidestart|p2: pegasofenix|move: Stealth Rock
|
|upkeep
|turn|3
|
|t:|1760776268
|switch|p1a: Dondozo|Dondozo, F|100/100
|move|p2a: Kleavor|Defog|p1a: Dondozo
|-unboost|p1a: Dondozo|evasion|1
|-sideend|p2: pegasofenix|Stealth Rock|[from] move: Defog|[of] p2a: Kleavor
|
|upkeep
|turn|4
|
|t:|1760776278
|move|p2a: Kleavor|Stone Axe|p1a: Dondozo
|-damage|p1a: Dondozo|77/100
|-sidestart|p1: Sinuhe7Ra|move: Stealth Rock
|move|p1a: Dondozo|Curse|p1a: Dondozo
|-unboost|p1a: Dondozo|spe|1
|-boost|p1a: Dondozo|atk|1
|-boost|p1a: Dondozo|def|1
|
|upkeep
|turn|5
|
|t:|1760776286
|switch|p2a: Torkoal|Torkoal, M, shiny|100/100
|-weather|SunnyDay|[from] ability: Drought|[of] p2a: Torkoal
|move|p1a: Dondozo|Waterfall|p2a: Torkoal
|-supereffective|p2a: Torkoal
|-damage|p2a: Torkoal|74/100
|
|-weather|SunnyDay|[upkeep]
|upkeep
|turn|6
|
|t:|1760776306
|switch|p1a: Blissey|Blissey, F|86/100
|move|p2a: Torkoal|Will-O-Wisp|p1a: Blissey
|-status|p1a: Blissey|brn
|
|-weather|SunnyDay|[upkeep]
|-damage|p1a: Blissey|80/100 brn|[from] brn
|upkeep
|turn|7
|
|t:|1760776314
|move|p1a: Blissey|Stealth Rock|p2a: Torkoal
|-sidestart|p2: pegasofenix|move: Stealth Rock
|move|p2a: Torkoal|Body Press|p1a: Blissey
|-supereffective|p1a: Blissey
|-damage|p1a: Blissey|12/100 brn
|
|-weather|SunnyDay|[upkeep]
|-damage|p1a: Blissey|6/100 brn|[from] brn
|upkeep
|turn|8
|
|t:|1760776322
|-terastallize|p1a: Blissey|Ghost
|move|p1a: Blissey|Soft-Boiled|p1a: Blissey
|-heal|p1a: Blissey|56/100 brn
|move|p2a: Torkoal|Rapid Spin|p1a: Blissey
|-immune|p1a: Blissey
|
|-weather|SunnyDay|[upkeep]
|-damage|p1a: Blissey|50/100 brn|[from] brn
|upkeep
|turn|9
|
|t:|1760776330
|move|p1a: Blissey|Soft-Boiled|p1a: Blissey
|-heal|p1a: Blissey|99/100 brn
|move|p2a: Torkoal|Fire Spin|p1a: Blissey
|-damage|p1a: Blissey|94/100 brn
|-activate|p1a: Blissey|move: Fire Spin|[of] p2a: Torkoal
|
|-weather|SunnyDay|[upkeep]
|-damage|p1a: Blissey|88/100 brn|[from] brn
|-damage|p1a: Blissey|76/100 brn|[from] move: Fire Spin|[partiallytrapped]
|upkeep
|turn|10
|
|t:|1760776346
|switch|p2a: Kleavor|Kleavor, F|100/100
|-damage|p2a: Kleavor|76/100|[from] Stealth Rock
|move|p1a: Blissey|Seismic Toss|p2a: Kleavor
|-damage|p2a: Kleavor|40/100
|
|-weather|SunnyDay|[upkeep]
|-damage|p1a: Blissey|70/100 brn|[from] brn
|-end|p1a: Blissey|Fire Spin|[partiallytrapped]|[silent]
|upkeep
|turn|11
|
|t:|1760776363
|-curestatus|p1a: Blissey|brn|[from] ability: Natural Cure
|switch|p1a: Toxapex|Toxapex, M|100/100
|move|p2a: Kleavor|Defog|p1a: Toxapex
|-unboost|p1a: Toxapex|evasion|1
|-sideend|p1: Sinuhe7Ra|Stealth Rock|[from] move: Defog|[of] p2a: Kleavor
|-sideend|p2: pegasofenix|Stealth Rock|[from] move: Defog|[of] p2a: Kleavor
|
|-weather|SunnyDay|[upkeep]
|upkeep
|turn|12
|
|t:|1760776375
|move|p2a: Kleavor|Stone Axe|p1a: Toxapex
|-damage|p1a: Toxapex|69/100
|-sidestart|p1: Sinuhe7Ra|move: Stealth Rock
|move|p1a: Toxapex|Toxic|p2a: Kleavor
|-status|p2a: Kleavor|tox
|
|-weather|none
|-damage|p2a: Kleavor|34/100 tox|[from] psn
|upkeep
|turn|13
|
|t:|1760776388
|move|p2a: Kleavor|Stone Axe|p1a: Toxapex
|-damage|p1a: Toxapex|34/100
|move|p1a: Toxapex|Recover|p1a: Toxapex
|-heal|p1a: Toxapex|84/100
|
|-damage|p2a: Kleavor|22/100 tox|[from] psn
|upkeep
|turn|14
|
|t:|1760776403
|switch|p2a: Sandy Shocks|Sandy Shocks, shiny, tera:Ice|81/100
|move|p1a: Toxapex|Toxic Spikes|p2a: Sandy Shocks
|-sidestart|p2: pegasofenix|move: Toxic Spikes
|
|upkeep
|turn|15
|
|t:|1760776414
|switch|p1a: Blissey|Blissey, F, tera:Ghost|70/100
|move|p2a: Sandy Shocks|Thunderbolt|p1a: Blissey
|-damage|p1a: Blissey|52/100
|-damage|p2a: Sandy Shocks|71/100|[from] item: Life Orb
|
|upkeep
|turn|16
|
|t:|1760776429
|move|p2a: Sandy Shocks|Volt Switch|p1a: Blissey
|-damage|p1a: Blissey|38/100
|-damage|p2a: Sandy Shocks|61/100|[from] item: Life Orb
|
|t:|1760776433
|-end|p2a: Sandy Shocks|Protosynthesis|[silent]
|switch|p2a: Venusaur|Venusaur, M, shiny|100/100|[from] Volt Switch
|-sideend|p2: pegasofenix|move: Toxic Spikes|[of] p2a: Venusaur
|move|p1a: Blissey|Stealth Rock|p2a: Venusaur
|-sidestart|p2: pegasofenix|move: Stealth Rock
|
|upkeep
|turn|17
|
|t:|1760776450
|move|p2a: Venusaur|Sunny Day|p2a: Venusaur
|-weather|SunnyDay
|move|p1a: Blissey|Soft-Boiled|p1a: Blissey
|-heal|p1a: Blissey|88/100
|
|-weather|SunnyDay|[upkeep]
|upkeep
|turn|18
|
|t:|1760776469
|switch|p2a: Tauros|Tauros-Paldea-Aqua, M, shiny|100/100
|-damage|p2a: Tauros|94/100|[from] Stealth Rock
|-ability|p2a: Tauros|Intimidate|boost
|-unboost|p1a: Blissey|atk|1
|switch|p1a: Clodsire|Clodsire, F|100/100
|
|-weather|SunnyDay|[upkeep]
|upkeep
|turn|19
|
|t:|1760776491
|switch|p2a: Sandy Shocks|Sandy Shocks, shiny, tera:Ice|61/100
|-damage|p2a: Sandy Shocks|36/100|[from] Stealth Rock
|-activate|p2a: Sandy Shocks|ability: Protosynthesis
|-start|p2a: Sandy Shocks|protosynthesisspa
|switch|p1a: Toxapex|Toxapex, M|100/100
|
|-weather|SunnyDay|[upkeep]
|upkeep
|turn|20
|
|t:|1760776516
|switch|p1a: Blissey|Blissey, F, tera:Ghost|88/100
|move|p2a: Sandy Shocks|Thunderbolt|p1a: Blissey
|-damage|p1a: Blissey|67/100
|-damage|p2a: Sandy Shocks|26/100|[from] item: Life Orb
|
|-weather|SunnyDay|[upkeep]
|upkeep
|turn|21
|
|t:|1760776527
|move|p2a: Sandy Shocks|Thunderbolt|p1a: Blissey
|-damage|p1a: Blissey|42/100
|-damage|p2a: Sandy Shocks|16/100|[from] item: Life Orb
|move|p1a: Blissey|Seismic Toss|p2a: Sandy Shocks
|-damage|p2a: Sandy Shocks|0 fnt
|faint|p2a: Sandy Shocks
|-end|p2a: Sandy Shocks|Protosynthesis|[silent]
|
|-weather|none
|upkeep
|c|☆Sinuhe7Ra|i like your team
|
|t:|1760776539
|switch|p2a: Tauros|Tauros-Paldea-Aqua, M, shiny|94/100
|-damage|p2a: Tauros|88/100|[from] Stealth Rock
|-ability|p2a: Tauros|Intimidate|boost
|-unboost|p1a: Blissey|atk|1
|turn|22
|
|t:|1760776554
|switch|p1a: Toxapex|Toxapex, M|100/100
|move|p2a: Tauros|Wave Crash|p1a: Toxapex
|-resisted|p1a: Toxapex
|-damage|p1a: Toxapex|81/100
|-damage|p2a: Tauros|81/100|[from] Recoil
|
|upkeep
|turn|23
|
|t:|1760776563
|switch|p2a: Torkoal|Torkoal, M, shiny|74/100
|-damage|p2a: Torkoal|49/100|[from] Stealth Rock
|-weather|SunnyDay|[from] ability: Drought|[of] p2a: Torkoal
|move|p1a: Toxapex|Toxic|p2a: Torkoal
|-status|p2a: Torkoal|tox
|
|-weather|SunnyDay|[upkeep]
|-damage|p2a: Torkoal|43/100 tox|[from] psn
|upkeep
|turn|24
|
|t:|1760776585
|switch|p1a: Blissey|Blissey, F, tera:Ghost|42/100
|move|p2a: Torkoal|Fire Spin|p1a: Blissey
|-damage|p1a: Blissey|37/100
|-activate|p1a: Blissey|move: Fire Spin|[of] p2a: Torkoal
|
|-weather|SunnyDay|[upkeep]
|-damage|p2a: Torkoal|31/100 tox|[from] psn
|-damage|p1a: Blissey|25/100|[from] move: Fire Spin|[partiallytrapped]
|upkeep
|turn|25
|
|t:|1760776602
|switch|p2a: Tauros|Tauros-Paldea-Aqua, M, shiny|81/100
|-damage|p2a: Tauros|75/100|[from] Stealth Rock
|-ability|p2a: Tauros|Intimidate|boost
|-unboost|p1a: Blissey|atk|1
|move|p1a: Blissey|Soft-Boiled|p1a: Blissey
|-heal|p1a: Blissey|75/100
|
|-weather|SunnyDay|[upkeep]
|-end|p1a: Blissey|Fire Spin|[partiallytrapped]|[silent]
|upkeep
|turn|26
|
|t:|1760776619
|switch|p1a: Toxapex|Toxapex, M|100/100
|move|p2a: Tauros|Bulk Up|p2a: Tauros
|-boost|p2a: Tauros|atk|1
|-boost|p2a: Tauros|def|1
|
|-weather|SunnyDay|[upkeep]
|upkeep
|turn|27
|
|t:|1760776631
|move|p2a: Tauros|Bulk Up|p2a: Tauros
|-boost|p2a: Tauros|atk|1
|-boost|p2a: Tauros|def|1
|move|p1a: Toxapex|Toxic|p2a: Tauros
|-status|p2a: Tauros|tox
|
|-weather|SunnyDay|[upkeep]
|-damage|p2a: Tauros|69/100 tox|[from] psn
|upkeep
|turn|28
|
|t:|1760776642
|move|p2a: Tauros|Bulk Up|p2a: Tauros
|-boost|p2a: Tauros|atk|1
|-boost|p2a: Tauros|def|1
|move|p1a: Toxapex|Haze|p1a: Toxapex
|-clearallboost
|
|-weather|SunnyDay|[upkeep]
|-damage|p2a: Tauros|57/100 tox|[from] psn
|upkeep
|turn|29
|c|☆pegasofenix|gg
|-message|pegasofenix forfeited.
|
|win|Sinuhe7Ra
|raw|Sinuhe7Ra's rating: 1306 &rarr; <strong>1323</strong><br />(+17 for winning)
|raw|pegasofenix's rating: 1261 &rarr; <strong>1239</strong><br />(-22 for losing)
|l|☆pegasofenix
|player|p2|
