|j|☆Toed Rose
|j|☆clouddsss
|t:|1760818763
|gametype|singles
|player|p1|Toed Rose|169|1194
|player|p2|clouddsss|265|1221
|gen|9
|tier|[Gen 9] OU
|rated|
|rule|HP Percentage Mod: HP is shown in percentages
|rule|Endless Battle Clause: Forcing endless battles is banned
|rule|Species Clause: Limit one of each Pokémon
|rule|OHKO Clause: OHKO moves are banned
|rule|Evasion Items Clause: Evasion items are banned
|rule|Evasion Moves Clause: Evasion moves are banned
|rule|Evasion Abilities Clause: Evasion abilities are banned
|rule|Sleep Moves Clause: Sleep-inducing moves are banned
|clearpoke
|poke|p1|Honchkrow, M|
|poke|p1|Araquanid, M|
|poke|p1|Gholdengo|
|poke|p1|Great Tusk|
|poke|p1|Raging Bolt|
|poke|p1|Iron Moth|
|poke|p2|Tauros-Paldea-Blaze, M|
|poke|p2|Vikavolt, F|
|poke|p2|Clefable, M|
|poke|p2|Houndstone, M|
|poke|p2|Hippowdon, F|
|poke|p2|Tentacruel, F|
|teampreview
|
|t:|1760818770
|teamsize|p1|6
|teamsize|p2|6
|start
|switch|p1a: Araquanid|Araquanid, M, shiny|100/100
|switch|p2a: Vikavolt|Vikavolt, F|100/100
|turn|1
|inactive|Battle timer is ON: inactive players will automatically lose when time's up. (requested by Toed Rose)
|
|t:|1760818778
|switch|p1a: Raging Bolt|Raging Bolt|100/100
|move|p2a: Vikavolt|Volt Switch|p1a: Raging Bolt
|-resisted|p1a: Raging Bolt
|-crit|p1a: Raging Bolt
|-damage|p1a: Raging Bolt|88/100
|
|t:|1760818785
|switch|p2a: Hippowdon|Hippowdon, F|100/100|[from] Volt Switch
|-weather|Sandstorm|[from] ability: Sand Stream|[of] p2a: Hippowdon
|
|-weather|Sandstorm|[upkeep]
|-damage|p1a: Raging Bolt|81/100|[from] Sandstorm
|-heal|p1a: Raging Bolt|88/100|[from] item: Leftovers
|upkeep
|turn|2
|
|t:|1760818805
|move|p1a: Raging Bolt|Draco Meteor|p2a: Hippowdon
|-damage|p2a: Hippowdon|18/100
|-unboost|p1a: Raging Bolt|spa|2
|move|p2a: Hippowdon|Stealth Rock|p1a: Raging Bolt
|-sidestart|p1: Toed Rose|move: Stealth Rock
|
|-weather|Sandstorm|[upkeep]
|-damage|p1a: Raging Bolt|81/100|[from] Sandstorm
|-heal|p1a: Raging Bolt|88/100|[from] item: Leftovers
|upkeep
|turn|3
|
|t:|1760818816
|switch|p2a: Clefable|Clefable, M|100/100
|move|p1a: Raging Bolt|Draco Meteor|p2a: Clefable
|-immune|p2a: Clefable
|
|-weather|Sandstorm|[upkeep]
|-damage|p1a: Raging Bolt|81/100|[from] Sandstorm
|-damage|p2a: Clefable|94/100|[from] Sandstorm
|-heal|p1a: Raging Bolt|88/100|[from] item: Leftovers
|-heal|p2a: Clefable|100/100|[from] item: Leftovers
|upkeep
|turn|4
|
|t:|1760818831
|-end|p1a: Raging Bolt|Protosynthesis|[silent]
|switch|p1a: Gholdengo|Gholdengo|100/100
|-damage|p1a: Gholdengo|94/100|[from] Stealth Rock
|move|p2a: Clefable|Fire Blast|p1a: Gholdengo
|-supereffective|p1a: Gholdengo
|-damage|p1a: Gholdengo|29/100
|-status|p1a: Gholdengo|brn
|
|-weather|Sandstorm|[upkeep]
|-damage|p2a: Clefable|94/100|[from] Sandstorm
|-heal|p1a: Gholdengo|35/100 brn|[from] item: Leftovers
|-heal|p2a: Clefable|100/100|[from] item: Leftovers
|-damage|p1a: Gholdengo|29/100 brn|[from] brn
|upkeep
|turn|5
|
|t:|1760818847
|switch|p2a: Tauros|Tauros-Paldea-Blaze, M|100/100
|-ability|p2a: Tauros|Intimidate|boost
|-unboost|p1a: Gholdengo|atk|1
|move|p1a: Gholdengo|Make It Rain|p2a: Tauros
|-resisted|p2a: Tauros
|-damage|p2a: Tauros|54/100
|-unboost|p1a: Gholdengo|spa|1
|
|-weather|none
|-heal|p1a: Gholdengo|35/100 brn|[from] item: Leftovers
|-damage|p1a: Gholdengo|29/100 brn|[from] brn
|upkeep
|turn|6
|
|t:|1760818861
|move|p2a: Tauros|Earthquake|p1a: Gholdengo
|-supereffective|p1a: Gholdengo
|-damage|p1a: Gholdengo|0 fnt
|faint|p1a: Gholdengo
|
|upkeep
|
|t:|1760818864
|switch|p1a: Great Tusk|Great Tusk|100/100
|-damage|p1a: Great Tusk|98/100|[from] Stealth Rock
|turn|7
|
|t:|1760818869
|switch|p2a: Vikavolt|Vikavolt, F|100/100
|move|p1a: Great Tusk|Rapid Spin|p2a: Vikavolt
|-damage|p2a: Vikavolt|82/100
|-boost|p1a: Great Tusk|spe|1
|-sideend|p1: Toed Rose|Stealth Rock|[from] move: Rapid Spin|[of] p1a: Great Tusk
|
|upkeep
|turn|8
|
|t:|1760818879
|move|p1a: Great Tusk|Knock Off|p2a: Vikavolt
|-damage|p2a: Vikavolt|49/100
|-enditem|p2a: Vikavolt|Sitrus Berry|[from] move: Knock Off|[of] p1a: Great Tusk
|move|p2a: Vikavolt|Volt Switch|p1a: Great Tusk
|-immune|p1a: Great Tusk
|
|upkeep
|turn|9
|
|t:|1760818891
|move|p1a: Great Tusk|Rapid Spin|p2a: Vikavolt
|-damage|p2a: Vikavolt|30/100
|-boost|p1a: Great Tusk|spe|1
|move|p2a: Vikavolt|Energy Ball|p1a: Great Tusk
|-supereffective|p1a: Great Tusk
|-damage|p1a: Great Tusk|29/100
|
|upkeep
|turn|10
|
|t:|1760818901
|move|p1a: Great Tusk|Headlong Rush|p2a: Vikavolt
|-immune|p2a: Vikavolt|[from] ability: Levitate
|move|p2a: Vikavolt|Energy Ball|p1a: Great Tusk
|-supereffective|p1a: Great Tusk
|-damage|p1a: Great Tusk|0 fnt
|faint|p1a: Great Tusk
|-end|p1a: Great Tusk|Protosynthesis|[silent]
|
|upkeep
|
|t:|1760818910
|switch|p1a: Iron Moth|Iron Moth, shiny|100/100
|-enditem|p1a: Iron Moth|Booster Energy
|-activate|p1a: Iron Moth|ability: Quark Drive|[fromitem]
|-start|p1a: Iron Moth|quarkdrivespa
|turn|11
|
|t:|1760818922
|move|p1a: Iron Moth|Agility|p1a: Iron Moth
|-boost|p1a: Iron Moth|spe|2
|move|p2a: Vikavolt|Volt Switch|p1a: Iron Moth
|-damage|p1a: Iron Moth|55/100
|
|t:|1760818931
|switch|p2a: Tentacruel|Tentacruel, F|100/100|[from] Volt Switch
|
|upkeep
|turn|12
|
|t:|1760818938
|move|p1a: Iron Moth|Fiery Dance|p2a: Tentacruel
|-resisted|p2a: Tentacruel
|-crit|p2a: Tentacruel
|-damage|p2a: Tentacruel|59/100
|move|p2a: Tentacruel|Surf|p1a: Iron Moth
|-supereffective|p1a: Iron Moth
|-damage|p1a: Iron Moth|0 fnt
|faint|p1a: Iron Moth
|-end|p1a: Iron Moth|Quark Drive|[silent]
|
|upkeep
|
|t:|1760818946
|switch|p1a: Raging Bolt|Raging Bolt|88/100
|turn|13
|
|t:|1760818950
|switch|p2a: Hippowdon|Hippowdon, F|18/100
|-weather|Sandstorm|[from] ability: Sand Stream|[of] p2a: Hippowdon
|move|p1a: Raging Bolt|Volt Switch|p2a: Hippowdon
|-immune|p2a: Hippowdon
|
|-weather|Sandstorm|[upkeep]
|-damage|p1a: Raging Bolt|81/100|[from] Sandstorm
|-heal|p1a: Raging Bolt|88/100|[from] item: Leftovers
|upkeep
|turn|14
|
|t:|1760818965
|move|p1a: Raging Bolt|Draco Meteor|p2a: Hippowdon
|-damage|p2a: Hippowdon|0 fnt
|-unboost|p1a: Raging Bolt|spa|2
|faint|p2a: Hippowdon
|
|-weather|Sandstorm|[upkeep]
|-damage|p1a: Raging Bolt|81/100|[from] Sandstorm
|-heal|p1a: Raging Bolt|88/100|[from] item: Leftovers
|upkeep
|
|t:|1760818967
|switch|p2a: Clefable|Clefable, M|100/100
|turn|15
|
|t:|1760818973
|move|p1a: Raging Bolt|Volt Switch|p2a: Clefable
|-damage|p2a: Clefable|60/100
|
|t:|1760818978
|-end|p1a: Raging Bolt|Protosynthesis|[silent]
|switch|p1a: Araquanid|Araquanid, M, shiny|100/100|[from] Volt Switch
|move|p2a: Clefable|Moonblast|p1a: Araquanid
|-damage|p1a: Araquanid|65/100
|
|-weather|Sandstorm|[upkeep]
|-damage|p2a: Clefable|54/100|[from] Sandstorm
|-damage|p1a: Araquanid|59/100|[from] Sandstorm
|-heal|p2a: Clefable|60/100|[from] item: Leftovers
|-heal|p1a: Araquanid|65/100|[from] item: Leftovers
|upkeep
|turn|16
|
|t:|1760818985
|switch|p2a: Vikavolt|Vikavolt, F|30/100
|move|p1a: Araquanid|Sticky Web|p2a: Vikavolt
|-sidestart|p2: clouddsss|move: Sticky Web
|
|-weather|Sandstorm|[upkeep]
|-damage|p2a: Vikavolt|24/100|[from] Sandstorm
|-damage|p1a: Araquanid|59/100|[from] Sandstorm
|-heal|p1a: Araquanid|65/100|[from] item: Leftovers
|upkeep
|turn|17
|
|t:|1760818997
|move|p2a: Vikavolt|Volt Switch|p1a: Araquanid
|-supereffective|p1a: Araquanid
|-damage|p1a: Araquanid|0 fnt
|faint|p1a: Araquanid
|
|t:|1760819003
|switch|p2a: Clefable|Clefable, M|60/100|[from] Volt Switch
|-activate|p2a: Clefable|move: Sticky Web
|-unboost|p2a: Clefable|spe|1
|
|-weather|none
|-heal|p2a: Clefable|66/100|[from] item: Leftovers
|upkeep
|
|t:|1760819013
|switch|p1a: Honchkrow|Honchkrow, M, shiny|100/100
|turn|18
|
|t:|1760819017
|-terastallize|p1a: Honchkrow|Steel
|move|p1a: Honchkrow|Drill Peck|p2a: Clefable
|-damage|p2a: Clefable|19/100
|move|p2a: Clefable|Moonlight|p2a: Clefable
|-heal|p2a: Clefable|69/100
|
|-heal|p2a: Clefable|75/100|[from] item: Leftovers
|upkeep
|turn|19
|
|t:|1760819027
|move|p1a: Honchkrow|Drill Peck|p2a: Clefable
|-damage|p2a: Clefable|30/100
|move|p2a: Clefable|Moonlight|p2a: Clefable
|-heal|p2a: Clefable|80/100
|
|-heal|p2a: Clefable|86/100|[from] item: Leftovers
|upkeep
|turn|20
|
|t:|1760819036
|move|p1a: Honchkrow|Drill Peck|p2a: Clefable
|-damage|p2a: Clefable|43/100
|move|p2a: Clefable|Moonlight|p2a: Clefable
|-heal|p2a: Clefable|93/100
|
|-heal|p2a: Clefable|99/100|[from] item: Leftovers
|upkeep
|turn|21
|
|t:|1760819046
|switch|p2a: Vikavolt|Vikavolt, F|24/100
|move|p1a: Honchkrow|Drill Peck|p2a: Vikavolt
|-crit|p2a: Vikavolt
|-damage|p2a: Vikavolt|0 fnt
|faint|p2a: Vikavolt
|
|upkeep
|
|t:|1760819054
|switch|p2a: Houndstone|Houndstone, M|100/100
|-activate|p2a: Houndstone|move: Sticky Web
|-unboost|p2a: Houndstone|spe|1
|turn|22
|
|t:|1760819060
|-terastallize|p2a: Houndstone|Ghost
|move|p1a: Honchkrow|Night Slash|p2a: Houndstone
|-supereffective|p2a: Houndstone
|-crit|p2a: Houndstone
|-damage|p2a: Houndstone|0 fnt
|faint|p2a: Houndstone
|
|upkeep
|
|t:|1760819067
|switch|p2a: Tauros|Tauros-Paldea-Blaze, M|54/100
|-activate|p2a: Tauros|move: Sticky Web
|-unboost|p2a: Tauros|spe|1
|-ability|p2a: Tauros|Intimidate|boost
|-unboost|p1a: Honchkrow|atk|1
|turn|23
|
|t:|1760819072
|move|p2a: Tauros|Raging Bull|p1a: Honchkrow
|-supereffective|p1a: Honchkrow
|-damage|p1a: Honchkrow|0 fnt
|faint|p1a: Honchkrow
|
|upkeep
|
|t:|1760819075
|switch|p1a: Raging Bolt|Raging Bolt|88/100
|turn|24
|
|t:|1760819082
|switch|p2a: Tentacruel|Tentacruel, F|59/100
|move|p1a: Raging Bolt|Thunderclap||[still]
|-fail|p1a: Raging Bolt
|
|-heal|p1a: Raging Bolt|94/100|[from] item: Leftovers
|upkeep
|turn|25
|
|t:|1760819091
|move|p2a: Tentacruel|Rapid Spin|p1a: Raging Bolt
|-damage|p1a: Raging Bolt|86/100
|-boost|p2a: Tentacruel|spe|1
|-sideend|p2: clouddsss|Sticky Web|[from] move: Rapid Spin|[of] p2a: Tentacruel
|move|p1a: Raging Bolt|Volt Switch|p2a: Tentacruel
|-supereffective|p2a: Tentacruel
|-damage|p2a: Tentacruel|0 fnt
|faint|p2a: Tentacruel
|
|-heal|p1a: Raging Bolt|93/100|[from] item: Leftovers
|upkeep
|
|t:|1760819098
|switch|p2a: Clefable|Clefable, M|99/100
|turn|26
|
|t:|1760819105
|move|p1a: Raging Bolt|Taunt|p2a: Clefable
|-start|p2a: Clefable|move: Taunt
|move|p2a: Clefable|Moonblast|p1a: Raging Bolt
|-supereffective|p1a: Raging Bolt
|-damage|p1a: Raging Bolt|15/100
|
|-heal|p1a: Raging Bolt|22/100|[from] item: Leftovers
|-heal|p2a: Clefable|100/100|[from] item: Leftovers
|upkeep
|turn|27
|
|t:|1760819112
|move|p1a: Raging Bolt|Volt Switch|p2a: Clefable
|-damage|p2a: Clefable|64/100
|move|p2a: Clefable|Moonblast|p1a: Raging Bolt
|-supereffective|p1a: Raging Bolt
|-damage|p1a: Raging Bolt|0 fnt
|faint|p1a: Raging Bolt
|-end|p1a: Raging Bolt|Protosynthesis|[silent]
|
|win|clouddsss
|raw|Toed Rose's rating: 1194 &rarr; <strong>1173</strong><br />(-21 for losing)
|raw|clouddsss's rating: 1250 &rarr; <strong>1271</strong><br />(+21 for winning)
|l|☆clouddsss
|player|p2|
|l|☆Toed Rose
|player|p1|
