|j|☆jiggyjosh
|j|☆Binny Bin Bin
|t:|1760827982
|gametype|singles
|player|p1|jiggyjosh|170|1129
|player|p2|Binny Bin Bin|1|1090
|gen|9
|tier|[Gen 9] OU
|rated|
|rule|HP Percentage Mod: HP is shown in percentages
|rule|Endless Battle Clause: Forcing endless battles is banned
|rule|Species Clause: Limit one of each Pokémon
|rule|OHKO Clause: OHKO moves are banned
|rule|Evasion Items Clause: Evasion items are banned
|rule|Evasion Moves Clause: Evasion moves are banned
|rule|Evasion Abilities Clause: Evasion abilities are banned
|rule|Sleep Moves Clause: Sleep-inducing moves are banned
|clearpoke
|poke|p1|Rotom-Wash|
|poke|p1|Great Tusk|
|poke|p1|Gholdengo|
|poke|p1|Iron Valiant|
|poke|p1|Ting-Lu|
|poke|p1|Dragapult, M|
|poke|p2|Typhlosion, M|
|poke|p2|Rillaboom, M|
|poke|p2|Articuno|
|poke|p2|Clefable, F|
|poke|p2|Donphan, M|
|poke|p2|Decidueye-Hisui, F|
|teampreview
|inactive|Battle timer is ON: inactive players will automatically lose when time's up. (requested by jiggyjosh)
|inactive|Binny Bin Bin has 120 seconds left.
|
|t:|1760828033
|teamsize|p1|6
|teamsize|p2|6
|start
|switch|p1a: Great Tusk|Great Tusk|100/100
|switch|p2a: Donphan|Donphan, M|100/100
|turn|1
|
|t:|1760828052
|switch|p2a: Decidueye|Decidueye-Hisui, F|100/100
|move|p1a: Great Tusk|Stealth Rock|p2a: Decidueye
|-sidestart|p2: Binny Bin Bin|move: Stealth Rock
|
|upkeep
|turn|2
|
|t:|1760828074
|-end|p1a: Great Tusk|Protosynthesis|[silent]
|switch|p1a: Iron Valiant|Iron Valiant, shiny|100/100
|-enditem|p1a: Iron Valiant|Booster Energy
|-activate|p1a: Iron Valiant|ability: Quark Drive|[fromitem]
|-start|p1a: Iron Valiant|quarkdrivespe
|move|p2a: Decidueye|Triple Arrows|p1a: Iron Valiant
|-resisted|p1a: Iron Valiant
|-damage|p1a: Iron Valiant|79/100
|-unboost|p1a: Iron Valiant|def|1
|
|upkeep
|turn|3
|inactive|Binny Bin Bin has 120 seconds left.
|
|t:|1760828104
|-terastallize|p2a: Decidueye|Grass
|move|p1a: Iron Valiant|Moonblast|p2a: Decidueye
|-damage|p2a: Decidueye|68/100
|move|p2a: Decidueye|U-turn|p1a: Iron Valiant
|-resisted|p1a: Iron Valiant
|-damage|p1a: Iron Valiant|71/100
|
|t:|1760828118
|switch|p2a: Rillaboom|Rillaboom, M|100/100|[from] U-turn
|-damage|p2a: Rillaboom|88/100|[from] Stealth Rock
|-fieldstart|move: Grassy Terrain|[from] ability: Grassy Surge|[of] p2a: Rillaboom
|
|-heal|p1a: Iron Valiant|77/100|[from] Grassy Terrain
|-heal|p2a: Rillaboom|94/100|[from] Grassy Terrain
|-heal|p2a: Rillaboom|100/100|[from] item: Leftovers
|upkeep
|turn|4
|
|t:|1760828132
|-end|p1a: Iron Valiant|Quark Drive|[silent]
|switch|p1a: Great Tusk|Great Tusk|100/100
|move|p2a: Rillaboom|Knock Off|p1a: Great Tusk
|-resisted|p1a: Great Tusk
|-damage|p1a: Great Tusk|94/100
|-damage|p2a: Rillaboom|84/100|[from] item: Rocky Helmet|[of] p1a: Great Tusk
|-enditem|p1a: Great Tusk|Rocky Helmet|[from] move: Knock Off|[of] p2a: Rillaboom
|
|-heal|p1a: Great Tusk|99/100|[from] Grassy Terrain
|-heal|p2a: Rillaboom|90/100|[from] Grassy Terrain
|-heal|p2a: Rillaboom|96/100|[from] item: Leftovers
|upkeep
|turn|5
|
|t:|1760828147
|move|p1a: Great Tusk|Rapid Spin|p2a: Rillaboom
|-damage|p2a: Rillaboom|86/100
|-boost|p1a: Great Tusk|spe|1
|move|p2a: Rillaboom|U-turn|p1a: Great Tusk
|-resisted|p1a: Great Tusk
|-damage|p1a: Great Tusk|95/100
|inactive|Binny Bin Bin has 90 seconds left.
|
|t:|1760828165
|switch|p2a: Decidueye|Decidueye-Hisui, F, tera:Grass|68/100|[from] U-turn
|-damage|p2a: Decidueye|55/100|[from] Stealth Rock
|
|-heal|p1a: Great Tusk|100/100|[from] Grassy Terrain
|-heal|p2a: Decidueye|62/100|[from] Grassy Terrain
|-heal|p2a: Decidueye|68/100|[from] item: Leftovers
|upkeep
|turn|6
|
|t:|1760828175
|move|p1a: Great Tusk|Close Combat|p2a: Decidueye
|-damage|p2a: Decidueye|7/100
|-unboost|p1a: Great Tusk|def|1
|-unboost|p1a: Great Tusk|spd|1
|move|p2a: Decidueye|Defog|p1a: Great Tusk
|-unboost|p1a: Great Tusk|evasion|1
|-sideend|p2: Binny Bin Bin|Stealth Rock|[from] move: Defog|[of] p2a: Decidueye
|-fieldend|move: Grassy Terrain
|
|-heal|p2a: Decidueye|13/100|[from] item: Leftovers
|upkeep
|turn|7
|
|t:|1760828188
|switch|p2a: Clefable|Clefable, F|100/100
|move|p1a: Great Tusk|Close Combat|p2a: Clefable
|-resisted|p2a: Clefable
|-damage|p2a: Clefable|72/100
|-unboost|p1a: Great Tusk|def|1
|-unboost|p1a: Great Tusk|spd|1
|
|-heal|p2a: Clefable|78/100|[from] item: Leftovers
|upkeep
|turn|8
|inactive|Binny Bin Bin has 90 seconds left.
|
|t:|1760828206
|-terastallize|p1a: Great Tusk|Steel
|move|p1a: Great Tusk|Earthquake|p2a: Clefable
|-damage|p2a: Clefable|28/100
|move|p2a: Clefable|Stealth Rock|p1a: Great Tusk
|-sidestart|p1: jiggyjosh|move: Stealth Rock
|
|-heal|p2a: Clefable|34/100|[from] item: Leftovers
|upkeep
|turn|9
|inactive|Binny Bin Bin has 90 seconds left.
|
|t:|1760828222
|move|p1a: Great Tusk|Earthquake|p2a: Clefable
|-damage|p2a: Clefable|0 fnt
|faint|p2a: Clefable
|
|upkeep
|
|t:|1760828227
|switch|p2a: Donphan|Donphan, M|100/100
|turn|10
|
|t:|1760828231
|move|p1a: Great Tusk|Close Combat|p2a: Donphan
|-damage|p2a: Donphan|72/100
|-unboost|p1a: Great Tusk|def|1
|-unboost|p1a: Great Tusk|spd|1
|move|p2a: Donphan|Earthquake|p1a: Great Tusk
|-supereffective|p1a: Great Tusk
|-damage|p1a: Great Tusk|0 fnt
|faint|p1a: Great Tusk
|-end|p1a: Great Tusk|Protosynthesis|[silent]
|
|upkeep
|
|t:|1760828241
|switch|p1a: Rotom|Rotom-Wash, shiny|100/100
|-damage|p1a: Rotom|88/100|[from] Stealth Rock
|turn|11
|
|t:|1760828251
|switch|p2a: Rillaboom|Rillaboom, M|86/100
|-fieldstart|move: Grassy Terrain|[from] ability: Grassy Surge|[of] p2a: Rillaboom
|move|p1a: Rotom|Hydro Pump|p2a: Rillaboom
|-resisted|p2a: Rillaboom
|-damage|p2a: Rillaboom|63/100
|
|-heal|p1a: Rotom|94/100|[from] item: Leftovers
|-heal|p2a: Rillaboom|69/100|[from] Grassy Terrain
|-heal|p2a: Rillaboom|75/100|[from] item: Leftovers
|upkeep
|turn|12
|inactive|Binny Bin Bin has 90 seconds left.
|
|t:|1760828272
|move|p1a: Rotom|Will-O-Wisp|p2a: Rillaboom
|-status|p2a: Rillaboom|brn
|move|p2a: Rillaboom|Knock Off|p1a: Rotom
|-damage|p1a: Rotom|80/100
|-enditem|p1a: Rotom|Leftovers|[from] move: Knock Off|[of] p2a: Rillaboom
|
|-heal|p2a: Rillaboom|81/100 brn|[from] Grassy Terrain
|-heal|p2a: Rillaboom|88/100 brn|[from] item: Leftovers
|-damage|p2a: Rillaboom|81/100 brn|[from] brn
|upkeep
|turn|13
|inactive|Binny Bin Bin has 90 seconds left.
|
|t:|1760828288
|move|p1a: Rotom|Volt Switch|p2a: Rillaboom
|-resisted|p2a: Rillaboom
|-damage|p2a: Rillaboom|67/100 brn
|
|t:|1760828294
|switch|p1a: Gholdengo|Gholdengo|100/100|[from] Volt Switch
|-damage|p1a: Gholdengo|94/100|[from] Stealth Rock
|move|p2a: Rillaboom|U-turn|p1a: Gholdengo
|-resisted|p1a: Gholdengo
|-damage|p1a: Gholdengo|92/100
|inactive|Binny Bin Bin has 90 seconds left.
|
|t:|1760828304
|switch|p2a: Typhlosion|Typhlosion, M|100/100|[from] U-turn
|
|-heal|p1a: Gholdengo|98/100|[from] Grassy Terrain
|upkeep
|turn|14
|
|t:|1760828315
|switch|p1a: Ting-Lu|Ting-Lu|100/100
|-damage|p1a: Ting-Lu|94/100|[from] Stealth Rock
|-ability|p1a: Ting-Lu|Vessel of Ruin
|move|p2a: Typhlosion|Eruption|p1a: Ting-Lu
|-damage|p1a: Ting-Lu|53/100
|
|-heal|p1a: Ting-Lu|59/100|[from] Grassy Terrain
|-heal|p1a: Ting-Lu|65/100|[from] item: Leftovers
|upkeep
|turn|15
|
|t:|1760828330
|switch|p2a: Articuno|Articuno|100/100
|-ability|p2a: Articuno|Pressure
|move|p1a: Ting-Lu|Earthquake|p2a: Articuno
|-immune|p2a: Articuno
|
|-heal|p1a: Ting-Lu|71/100|[from] Grassy Terrain
|-heal|p1a: Ting-Lu|78/100|[from] item: Leftovers
|-fieldend|move: Grassy Terrain
|upkeep
|turn|16
|
|t:|1760828348
|switch|p1a: Gholdengo|Gholdengo|98/100
|-damage|p1a: Gholdengo|92/100|[from] Stealth Rock
|move|p2a: Articuno|Triple Axel|p1a: Gholdengo
|-resisted|p1a: Gholdengo
|-damage|p1a: Gholdengo|87/100
|-resisted|p1a: Gholdengo
|-damage|p1a: Gholdengo|78/100
|-resisted|p1a: Gholdengo
|-damage|p1a: Gholdengo|63/100
|-hitcount|p1a: Gholdengo|3
|
|upkeep
|turn|17
|inactive|Binny Bin Bin has 90 seconds left.
|
|t:|1760828364
|move|p1a: Gholdengo|Make It Rain|p2a: Articuno
|-supereffective|p2a: Articuno
|-damage|p2a: Articuno|8/100
|-unboost|p1a: Gholdengo|spa|1
|move|p2a: Articuno|U-turn|p1a: Gholdengo
|-resisted|p1a: Gholdengo
|-damage|p1a: Gholdengo|58/100
|inactive|Binny Bin Bin has 90 seconds left.
|
|t:|1760828372
|switch|p2a: Typhlosion|Typhlosion, M|100/100|[from] U-turn
|
|upkeep
|turn|18
|
|t:|1760828376
|move|p2a: Typhlosion|Eruption|p1a: Gholdengo
|-supereffective|p1a: Gholdengo
|-damage|p1a: Gholdengo|0 fnt
|faint|p1a: Gholdengo
|
|upkeep
|
|t:|1760828387
|switch|p1a: Dragapult|Dragapult, M|100/100
|turn|19
|
|t:|1760828410
|switch|p2a: Articuno|Articuno|8/100
|-ability|p2a: Articuno|Pressure
|move|p1a: Dragapult|Dragon Darts|p2a: Articuno
|-damage|p2a: Articuno|0 fnt
|faint|p2a: Articuno
|
|upkeep
|
|t:|1760828419
|switch|p2a: Donphan|Donphan, M|72/100
|turn|20
|
|t:|1760828426
|move|p1a: Dragapult|Will-O-Wisp|p2a: Donphan
|-status|p2a: Donphan|brn
|move|p2a: Donphan|Earthquake|p1a: Dragapult
|-damage|p1a: Dragapult|71/100
|
|-damage|p2a: Donphan|66/100 brn|[from] brn
|upkeep
|turn|21
|
|t:|1760828436
|move|p1a: Dragapult|Dragon Darts|p2a: Donphan
|-damage|p2a: Donphan|55/100 brn
|-anim|p1a: Dragapult|Dragon Darts|p2a: Donphan
|-damage|p2a: Donphan|44/100 brn
|move|p2a: Donphan|Earthquake|p1a: Dragapult
|-damage|p1a: Dragapult|42/100
|
|-damage|p2a: Donphan|38/100 brn|[from] brn
|upkeep
|turn|22
|
|t:|1760828444
|move|p1a: Dragapult|Sucker Punch|p2a: Donphan
|-damage|p2a: Donphan|27/100 brn
|move|p2a: Donphan|Earthquake|p1a: Dragapult
|-damage|p1a: Dragapult|12/100
|
|-damage|p2a: Donphan|21/100 brn|[from] brn
|upkeep
|turn|23
|-enditem|p2a: Donphan|Custap Berry|[eat]
|-activate|p2a: Donphan|item: Custap Berry|[consumed]
|
|t:|1760828452
|move|p2a: Donphan|Earthquake|p1a: Dragapult
|-damage|p1a: Dragapult|0 fnt
|faint|p1a: Dragapult
|
|-damage|p2a: Donphan|15/100 brn|[from] brn
|upkeep
|
|t:|1760828465
|switch|p1a: Iron Valiant|Iron Valiant, shiny|77/100
|-damage|p1a: Iron Valiant|71/100|[from] Stealth Rock
|turn|24
|inactive|Binny Bin Bin has 120 seconds left.
|
|t:|1760828485
|move|p1a: Iron Valiant|Encore|p2a: Donphan
|-start|p2a: Donphan|Encore
|move|p2a: Donphan|Earthquake|p1a: Iron Valiant
|-damage|p1a: Iron Valiant|44/100
|
|-damage|p2a: Donphan|9/100 brn|[from] brn
|upkeep
|turn|25
|inactive|Binny Bin Bin has 120 seconds left.
|
|t:|1760828493
|switch|p2a: Rillaboom|Rillaboom, M|67/100 brn
|-fieldstart|move: Grassy Terrain|[from] ability: Grassy Surge|[of] p2a: Rillaboom
|move|p1a: Iron Valiant|Close Combat|p2a: Rillaboom
|-crit|p2a: Rillaboom
|-damage|p2a: Rillaboom|18/100 brn
|-unboost|p1a: Iron Valiant|def|1
|-unboost|p1a: Iron Valiant|spd|1
|
|-heal|p1a: Iron Valiant|51/100|[from] Grassy Terrain
|-heal|p2a: Rillaboom|24/100 brn|[from] Grassy Terrain
|-heal|p2a: Rillaboom|30/100 brn|[from] item: Leftovers
|-damage|p2a: Rillaboom|24/100 brn|[from] brn
|upkeep
|turn|26
|inactive|Binny Bin Bin has 120 seconds left.
|
|t:|1760828519
|switch|p2a: Decidueye|Decidueye-Hisui, F, tera:Grass|13/100
|move|p1a: Iron Valiant|Close Combat|p2a: Decidueye
|-damage|p2a: Decidueye|0 fnt
|-unboost|p1a: Iron Valiant|def|1
|-unboost|p1a: Iron Valiant|spd|1
|faint|p2a: Decidueye
|
|-heal|p1a: Iron Valiant|57/100|[from] Grassy Terrain
|upkeep
|
|t:|1760828528
|switch|p2a: Typhlosion|Typhlosion, M|100/100
|turn|27
|
|t:|1760828537
|move|p2a: Typhlosion|Eruption|p1a: Iron Valiant
|-damage|p1a: Iron Valiant|0 fnt
|faint|p1a: Iron Valiant
|-end|p1a: Iron Valiant|Quark Drive|[silent]
|
|upkeep
|
|t:|1760828541
|switch|p1a: Rotom|Rotom-Wash, shiny|80/100
|-damage|p1a: Rotom|68/100|[from] Stealth Rock
|turn|28
|
|t:|1760828546
|switch|p2a: Donphan|Donphan, M|9/100 brn
|move|p1a: Rotom|Hydro Pump|p2a: Donphan
|-supereffective|p2a: Donphan
|-damage|p2a: Donphan|0 fnt
|faint|p2a: Donphan
|
|upkeep
|
|t:|1760828552
|switch|p2a: Rillaboom|Rillaboom, M|24/100 brn
|turn|29
|
|t:|1760828560
|move|p2a: Rillaboom|Grassy Glide|p1a: Rotom
|-supereffective|p1a: Rotom
|-damage|p1a: Rotom|36/100
|move|p1a: Rotom|Volt Switch|p2a: Rillaboom
|-resisted|p2a: Rillaboom
|-damage|p2a: Rillaboom|9/100 brn
|
|t:|1760828566
|switch|p1a: Ting-Lu|Ting-Lu|78/100|[from] Volt Switch
|-damage|p1a: Ting-Lu|71/100|[from] Stealth Rock
|-ability|p1a: Ting-Lu|Vessel of Ruin
|
|-heal|p2a: Rillaboom|15/100 brn|[from] Grassy Terrain
|-heal|p2a: Rillaboom|21/100 brn|[from] item: Leftovers
|-heal|p1a: Ting-Lu|78/100|[from] Grassy Terrain
|-heal|p1a: Ting-Lu|84/100|[from] item: Leftovers
|-damage|p2a: Rillaboom|15/100 brn|[from] brn
|-fieldend|move: Grassy Terrain
|upkeep
|turn|30
|
|t:|1760828581
|move|p2a: Rillaboom|Grassy Glide|p1a: Ting-Lu
|-supereffective|p1a: Ting-Lu
|-damage|p1a: Ting-Lu|72/100
|move|p1a: Ting-Lu|Zen Headbutt|p2a: Rillaboom
|-damage|p2a: Rillaboom|2/100 brn
|
|-heal|p2a: Rillaboom|8/100 brn|[from] item: Leftovers
|-heal|p1a: Ting-Lu|78/100|[from] item: Leftovers
|-damage|p2a: Rillaboom|2/100 brn|[from] brn
|upkeep
|turn|31
|
|t:|1760828594
|move|p2a: Rillaboom|Knock Off|p1a: Ting-Lu
|-resisted|p1a: Ting-Lu
|-damage|p1a: Ting-Lu|74/100
|-enditem|p1a: Ting-Lu|Leftovers|[from] move: Knock Off|[of] p2a: Rillaboom
|move|p1a: Ting-Lu|Zen Headbutt|p2a: Rillaboom
|-damage|p2a: Rillaboom|0 fnt
|faint|p2a: Rillaboom
|
|upkeep
|
|t:|1760828601
|switch|p2a: Typhlosion|Typhlosion, M|100/100
|turn|32
|
|t:|1760828606
|move|p2a: Typhlosion|Eruption|p1a: Ting-Lu
|-damage|p1a: Ting-Lu|31/100
|move|p1a: Ting-Lu|Spikes|p2a: Typhlosion
|-sidestart|p2: Binny Bin Bin|Spikes
|
|upkeep
|turn|33
|
|t:|1760828612
|move|p2a: Typhlosion|Eruption|p1a: Ting-Lu
|-damage|p1a: Ting-Lu|0 fnt
|faint|p1a: Ting-Lu
|
|upkeep
|
|t:|1760828616
|switch|p1a: Rotom|Rotom-Wash, shiny|36/100
|-damage|p1a: Rotom|24/100|[from] Stealth Rock
|turn|34
|
|t:|1760828621
|move|p1a: Rotom|Protect|p1a: Rotom
|-singleturn|p1a: Rotom|Protect
|move|p2a: Typhlosion|Eruption|p1a: Rotom
|-activate|p1a: Rotom|move: Protect
|
|upkeep
|turn|35
|
|t:|1760828627
|move|p2a: Typhlosion|Eruption|p1a: Rotom
|-resisted|p1a: Rotom
|-damage|p1a: Rotom|0 fnt
|faint|p1a: Rotom
|
|win|Binny Bin Bin
|raw|jiggyjosh's rating: 1129 &rarr; <strong>1101</strong><br />(-28 for losing)
|raw|Binny Bin Bin's rating: 1090 &rarr; <strong>1119</strong><br />(+29 for winning)
|l|☆jiggyjosh
|player|p1|
|l|☆Binny Bin Bin
|player|p2|
