|j|☆Baby Key
|j|☆liam2803
|t:|1760760700
|gametype|singles
|player|p1|Baby Key|2|1283
|player|p2|liam2803|2|1276
|gen|9
|tier|[Gen 9] OU
|rated|
|rule|HP Percentage Mod: HP is shown in percentages
|rule|Endless Battle Clause: Forcing endless battles is banned
|rule|Species Clause: Limit one of each Pokémon
|rule|OHKO Clause: OHKO moves are banned
|rule|Evasion Items Clause: Evasion items are banned
|rule|Evasion Moves Clause: Evasion moves are banned
|rule|Evasion Abilities Clause: Evasion abilities are banned
|rule|Sleep Moves Clause: Sleep-inducing moves are banned
|clearpoke
|poke|p1|Skeledirge, M|
|poke|p1|Ogerpon-Wellspring, F|
|poke|p1|Dragapult, F|
|poke|p1|Weezing-Galar, F|
|poke|p1|Ting-Lu|
|poke|p1|Corviknight, F|
|poke|p2|Moltres|
|poke|p2|Iron Hands|
|poke|p2|Iron Treads|
|poke|p2|Pecharunt|
|poke|p2|Meowscarada, F|
|poke|p2|Toxapex, F|
|teampreview
|inactive|Battle timer is ON: inactive players will automatically lose when time's up. (requested by Baby Key)
|
|t:|1760760728
|teamsize|p1|6
|teamsize|p2|6
|start
|switch|p1a: Weezing|Weezing-Galar, F|100/100
|switch|p2a: Meowscarada|Meowscarada, F, shiny|100/100
|-ability|p1a: Weezing|Neutralizing Gas
|turn|1
|
|t:|1760760740
|move|p2a: Meowscarada|Knock Off|p1a: Weezing
|-resisted|p1a: Weezing
|-damage|p1a: Weezing|83/100
|-enditem|p1a: Weezing|Heavy-Duty Boots|[from] move: Knock Off|[of] p2a: Meowscarada
|move|p1a: Weezing|Will-O-Wisp|p2a: Meowscarada
|-status|p2a: Meowscarada|brn
|
|-damage|p2a: Meowscarada|94/100 brn|[from] brn
|upkeep
|turn|2
|inactive|Baby Key has 120 seconds left.
|
|t:|1760760773
|switch|p2a: Iron Treads|Iron Treads, shiny|100/100
|-end|p1a: Weezing|ability: Neutralizing Gas
|switch|p1a: Skeledirge|Skeledirge, M|100/100
|-enditem|p2a: Iron Treads|Booster Energy
|-activate|p2a: Iron Treads|ability: Quark Drive|[fromitem]
|-start|p2a: Iron Treads|quarkdrivespe
|
|upkeep
|turn|3
|inactive|Baby Key has 120 seconds left.
|
|t:|1760760786
|move|p2a: Iron Treads|Knock Off|p1a: Skeledirge
|-supereffective|p1a: Skeledirge
|-damage|p1a: Skeledirge|48/100
|-enditem|p1a: Skeledirge|Heavy-Duty Boots|[from] move: Knock Off|[of] p2a: Iron Treads
|move|p1a: Skeledirge|Torch Song|p2a: Iron Treads
|-supereffective|p2a: Iron Treads
|-damage|p2a: Iron Treads|15/100
|-boost|p1a: Skeledirge|spa|1
|
|upkeep
|turn|4
|inactive|Baby Key has 120 seconds left.
|
|t:|1760760803
|switch|p1a: Ogerpon|Ogerpon-Wellspring, F|100/100
|move|p2a: Iron Treads|Earthquake|p1a: Ogerpon
|-resisted|p1a: Ogerpon
|-damage|p1a: Ogerpon|77/100
|
|upkeep
|turn|5
|inactive|Baby Key has 120 seconds left.
|
|t:|1760760818
|-end|p2a: Iron Treads|Quark Drive|[silent]
|switch|p2a: Moltres|Moltres, shiny|100/100
|move|p1a: Ogerpon|Ivy Cudgel|p2a: Moltres|[anim] Ivy Cudgel Water
|-supereffective|p2a: Moltres
|-damage|p2a: Moltres|28/100
|
|upkeep
|turn|6
|inactive|Baby Key has 120 seconds left.
|
|t:|1760760834
|-terastallize|p2a: Moltres|Grass
|move|p1a: Ogerpon|Ivy Cudgel|p2a: Moltres|[anim] Ivy Cudgel Water
|-resisted|p2a: Moltres
|-damage|p2a: Moltres|10/100
|move|p2a: Moltres|Air Slash|p1a: Ogerpon
|-supereffective|p1a: Ogerpon
|-damage|p1a: Ogerpon|18/100
|
|upkeep
|turn|7
|
|t:|1760760844
|move|p1a: Ogerpon|Ivy Cudgel|p2a: Moltres|[anim] Ivy Cudgel Water
|-resisted|p2a: Moltres
|-damage|p2a: Moltres|0 fnt
|faint|p2a: Moltres
|
|upkeep
|
|t:|1760760849
|switch|p2a: Meowscarada|Meowscarada, F, shiny|94/100 brn
|turn|8
|
|t:|1760760858
|switch|p1a: Weezing|Weezing-Galar, F|83/100
|-ability|p1a: Weezing|Neutralizing Gas
|move|p2a: Meowscarada|U-turn|p1a: Weezing
|-resisted|p1a: Weezing
|-damage|p1a: Weezing|81/100
|
|t:|1760760864
|switch|p2a: Iron Treads|Iron Treads, shiny|15/100|[from] U-turn
|
|upkeep
|turn|9
|
|t:|1760760878
|-end|p1a: Weezing|ability: Neutralizing Gas
|switch|p1a: Corviknight|Corviknight, F|100/100
|-ability|p1a: Corviknight|Pressure
|move|p2a: Iron Treads|Iron Head|p1a: Corviknight
|-resisted|p1a: Corviknight
|-damage|p1a: Corviknight|90/100
|-damage|p2a: Iron Treads|0 fnt|[from] item: Rocky Helmet|[of] p1a: Corviknight
|faint|p2a: Iron Treads
|-end|p2a: Iron Treads|Quark Drive|[silent]
|
|upkeep
|
|t:|1760760888
|switch|p2a: Iron Hands|Iron Hands, shiny|100/100
|turn|10
|
|t:|1760760896
|move|p2a: Iron Hands|Swords Dance|p2a: Iron Hands
|-boost|p2a: Iron Hands|atk|2
|move|p1a: Corviknight|U-turn|p2a: Iron Hands
|-resisted|p2a: Iron Hands
|-damage|p2a: Iron Hands|95/100
|
|t:|1760760919
|switch|p1a: Ting-Lu|Ting-Lu, shiny|100/100|[from] U-turn
|-ability|p1a: Ting-Lu|Vessel of Ruin
|
|upkeep
|turn|11
|
|t:|1760760933
|move|p2a: Iron Hands|Drain Punch|p1a: Ting-Lu
|-supereffective|p1a: Ting-Lu
|-damage|p1a: Ting-Lu|21/100
|-heal|p2a: Iron Hands|100/100|[from] drain|[of] p1a: Ting-Lu
|move|p1a: Ting-Lu|Earthquake|p2a: Iron Hands
|-supereffective|p2a: Iron Hands
|-damage|p2a: Iron Hands|47/100
|
|-heal|p1a: Ting-Lu|27/100|[from] item: Leftovers
|upkeep
|turn|12
|inactive|Baby Key has 120 seconds left.
|
|t:|1760760957
|switch|p1a: Dragapult|Dragapult, F|100/100
|move|p2a: Iron Hands|Ice Punch|p1a: Dragapult
|-supereffective|p1a: Dragapult
|-damage|p1a: Dragapult|0 fnt
|faint|p1a: Dragapult
|
|upkeep
|
|t:|1760760985
|switch|p1a: Weezing|Weezing-Galar, F|81/100
|-ability|p1a: Weezing|Neutralizing Gas
|turn|13
|
|t:|1760760992
|move|p1a: Weezing|Sludge Bomb|p2a: Iron Hands
|-damage|p2a: Iron Hands|18/100
|move|p2a: Iron Hands|Thunder Punch|p1a: Weezing
|-damage|p1a: Weezing|0 fnt
|faint|p1a: Weezing
|-end|p1a: Weezing|ability: Neutralizing Gas
|
|upkeep
|
|t:|1760761001
|switch|p1a: Ogerpon|Ogerpon-Wellspring, F|18/100
|turn|14
|
|t:|1760761004
|-end|p2a: Iron Hands|Quark Drive|[silent]
|switch|p2a: Meowscarada|Meowscarada, F, shiny|94/100 brn
|move|p1a: Ogerpon|Ivy Cudgel|p2a: Meowscarada|[anim] Ivy Cudgel Water
|-resisted|p2a: Meowscarada
|-crit|p2a: Meowscarada
|-damage|p2a: Meowscarada|34/100 brn
|
|-damage|p2a: Meowscarada|28/100 brn|[from] brn
|upkeep
|turn|15
|
|t:|1760761011
|switch|p1a: Corviknight|Corviknight, F|90/100
|-ability|p1a: Corviknight|Pressure
|move|p2a: Meowscarada|U-turn|p1a: Corviknight
|-start|p2a: Meowscarada|typechange|Bug|[from] ability: Protean
|-resisted|p1a: Corviknight
|-damage|p1a: Corviknight|87/100
|-damage|p2a: Meowscarada|12/100 brn|[from] item: Rocky Helmet|[of] p1a: Corviknight
|
|t:|1760761020
|switch|p2a: Toxapex|Toxapex, F, shiny|100/100|[from] U-turn
|
|upkeep
|turn|16
|
|t:|1760761027
|move|p1a: Corviknight|U-turn|p2a: Toxapex
|-resisted|p2a: Toxapex
|-damage|p2a: Toxapex|95/100
|
|t:|1760761031
|switch|p1a: Ogerpon|Ogerpon-Wellspring, F|18/100|[from] U-turn
|move|p2a: Toxapex|Surf|p1a: Ogerpon
|-heal|p1a: Ogerpon|43/100|[from] ability: Water Absorb|[of] p2a: Toxapex
|
|-heal|p2a: Toxapex|100/100|[from] item: Black Sludge
|upkeep
|turn|17
|
|t:|1760761050
|move|p1a: Ogerpon|Knock Off|p2a: Toxapex
|-damage|p2a: Toxapex|74/100
|-enditem|p2a: Toxapex|Black Sludge|[from] move: Knock Off|[of] p1a: Ogerpon
|move|p2a: Toxapex|Toxic|p1a: Ogerpon
|-status|p1a: Ogerpon|tox
|
|-damage|p1a: Ogerpon|37/100 tox|[from] psn
|upkeep
|turn|18
|
|t:|1760761059
|switch|p1a: Corviknight|Corviknight, F|87/100
|-ability|p1a: Corviknight|Pressure
|move|p2a: Toxapex|Baneful Bunker||[still]
|-fail|p2a: Toxapex
|
|upkeep
|turn|19
|
|t:|1760761066
|move|p1a: Corviknight|U-turn|p2a: Toxapex
|-resisted|p2a: Toxapex
|-damage|p2a: Toxapex|68/100
|
|t:|1760761068
|switch|p1a: Ting-Lu|Ting-Lu, shiny|27/100|[from] U-turn
|-ability|p1a: Ting-Lu|Vessel of Ruin
|move|p2a: Toxapex|Recover|p2a: Toxapex
|-heal|p2a: Toxapex|100/100
|
|-heal|p1a: Ting-Lu|33/100|[from] item: Leftovers
|upkeep
|turn|20
|
|t:|1760761086
|move|p1a: Ting-Lu|Stealth Rock|p2a: Toxapex
|-sidestart|p2: liam2803|move: Stealth Rock
|move|p2a: Toxapex|Toxic|p1a: Ting-Lu
|-status|p1a: Ting-Lu|tox
|
|-heal|p1a: Ting-Lu|39/100 tox|[from] item: Leftovers
|-damage|p1a: Ting-Lu|33/100 tox|[from] psn
|upkeep
|turn|21
|
|t:|1760761094
|move|p2a: Toxapex|Surf|p1a: Ting-Lu
|-supereffective|p1a: Ting-Lu
|-damage|p1a: Ting-Lu|12/100 tox
|move|p1a: Ting-Lu|Whirlwind|p2a: Toxapex
|drag|p2a: Iron Hands|Iron Hands, shiny|18/100
|-damage|p2a: Iron Hands|12/100|[from] Stealth Rock
|
|-heal|p1a: Ting-Lu|18/100 tox|[from] item: Leftovers
|-damage|p1a: Ting-Lu|6/100 tox|[from] psn
|upkeep
|turn|22
|
|t:|1760761112
|move|p2a: Iron Hands|Drain Punch|p1a: Ting-Lu
|-supereffective|p1a: Ting-Lu
|-damage|p1a: Ting-Lu|0 fnt
|-heal|p2a: Iron Hands|15/100|[from] drain|[of] p1a: Ting-Lu
|faint|p1a: Ting-Lu
|
|upkeep
|
|t:|1760761132
|switch|p1a: Ogerpon|Ogerpon-Wellspring, F|37/100 tox
|turn|23
|
|t:|1760761143
|-end|p2a: Iron Hands|Quark Drive|[silent]
|switch|p2a: Pecharunt|Pecharunt|100/100
|-damage|p2a: Pecharunt|88/100|[from] Stealth Rock
|move|p1a: Ogerpon|Ivy Cudgel|p2a: Pecharunt|[anim] Ivy Cudgel Water
|-damage|p2a: Pecharunt|65/100
|
|-heal|p2a: Pecharunt|71/100|[from] item: Leftovers
|-damage|p1a: Ogerpon|31/100 tox|[from] psn
|upkeep
|turn|24
|
|t:|1760761153
|switch|p1a: Corviknight|Corviknight, F|87/100
|-ability|p1a: Corviknight|Pressure
|move|p2a: Pecharunt|Recover|p2a: Pecharunt
|-heal|p2a: Pecharunt|100/100
|
|upkeep
|turn|25
|
|t:|1760761161
|move|p2a: Pecharunt|Nasty Plot|p2a: Pecharunt
|-boost|p2a: Pecharunt|spa|2
|move|p1a: Corviknight|U-turn|p2a: Pecharunt
|-resisted|p2a: Pecharunt
|-damage|p2a: Pecharunt|99/100
|
|t:|1760761169
|switch|p1a: Skeledirge|Skeledirge, M|48/100|[from] U-turn
|
|-heal|p2a: Pecharunt|100/100|[from] item: Leftovers
|upkeep
|turn|26
|
|t:|1760761195
|-terastallize|p1a: Skeledirge|Dark
|move|p2a: Pecharunt|Shadow Ball|p1a: Skeledirge
|-resisted|p1a: Skeledirge
|-damage|p1a: Skeledirge|39/100
|move|p1a: Skeledirge|Slack Off|p1a: Skeledirge
|-heal|p1a: Skeledirge|89/100
|
|upkeep
|turn|27
|inactive|Baby Key has 120 seconds left.
|
|t:|1760761213
|move|p2a: Pecharunt|Malignant Chain|p1a: Skeledirge
|-damage|p1a: Skeledirge|68/100
|-status|p1a: Skeledirge|tox
|-start|p1a: Skeledirge|confusion|[from] ability: Poison Puppeteer|[of] p2a: Pecharunt
|-activate|p1a: Skeledirge|confusion
|move|p1a: Skeledirge|Torch Song|p2a: Pecharunt
|-damage|p2a: Pecharunt|71/100
|-boost|p1a: Skeledirge|spa|1
|
|-heal|p2a: Pecharunt|77/100|[from] item: Leftovers
|-damage|p1a: Skeledirge|62/100 tox|[from] psn
|upkeep
|turn|28
|inactive|Baby Key has 120 seconds left.
|
|t:|1760761225
|switch|p2a: Iron Hands|Iron Hands, shiny|15/100
|-damage|p2a: Iron Hands|8/100|[from] Stealth Rock
|-end|p1a: Skeledirge|confusion
|move|p1a: Skeledirge|Earth Power|p2a: Iron Hands
|-supereffective|p2a: Iron Hands
|-damage|p2a: Iron Hands|0 fnt
|faint|p2a: Iron Hands
|-end|p2a: Iron Hands|Quark Drive|[silent]
|
|-damage|p1a: Skeledirge|50/100 tox|[from] psn
|upkeep
|
|t:|1760761238
|switch|p2a: Meowscarada|Meowscarada, F, shiny|12/100 brn
|-damage|p2a: Meowscarada|0 fnt|[from] Stealth Rock
|faint|p2a: Meowscarada
|
|t:|1760761245
|switch|p2a: Toxapex|Toxapex, F, shiny|100/100
|-damage|p2a: Toxapex|88/100|[from] Stealth Rock
|turn|29
|
|t:|1760761261
|switch|p1a: Corviknight|Corviknight, F|87/100
|-ability|p1a: Corviknight|Pressure
|move|p2a: Toxapex|Baneful Bunker||[still]
|-fail|p2a: Toxapex
|
|upkeep
|turn|30
|
|t:|1760761283
|move|p1a: Corviknight|U-turn|p2a: Toxapex
|-resisted|p2a: Toxapex
|-damage|p2a: Toxapex|82/100
|
|t:|1760761289
|switch|p1a: Ogerpon|Ogerpon-Wellspring, F|31/100 tox|[from] U-turn
|move|p2a: Toxapex|Surf|p1a: Ogerpon
|-heal|p1a: Ogerpon|56/100 tox|[from] ability: Water Absorb|[of] p2a: Toxapex
|
|-damage|p1a: Ogerpon|50/100 tox|[from] psn
|upkeep
|turn|31
|
|t:|1760761297
|move|p2a: Toxapex|Baneful Bunker|p2a: Toxapex
|-singleturn|p2a: Toxapex|move: Protect
|move|p1a: Ogerpon|Synthesis|p1a: Ogerpon
|-heal|p1a: Ogerpon|99/100 tox
|
|-damage|p1a: Ogerpon|88/100 tox|[from] psn
|upkeep
|turn|32
|
|t:|1760761307
|move|p1a: Ogerpon|Spikes|p2a: Toxapex
|-sidestart|p2: liam2803|Spikes
|move|p2a: Toxapex|Recover|p2a: Toxapex
|-heal|p2a: Toxapex|100/100
|
|-damage|p1a: Ogerpon|70/100 tox|[from] psn
|upkeep
|turn|33
|
|t:|1760761317
|move|p2a: Toxapex|Baneful Bunker|p2a: Toxapex
|-singleturn|p2a: Toxapex|move: Protect
|move|p1a: Ogerpon|Spikes|p2a: Toxapex
|-sidestart|p2: liam2803|Spikes
|
|-damage|p1a: Ogerpon|46/100 tox|[from] psn
|upkeep
|turn|34
|
|t:|1760761327
|switch|p2a: Pecharunt|Pecharunt|77/100
|-damage|p2a: Pecharunt|65/100|[from] Stealth Rock
|-damage|p2a: Pecharunt|48/100|[from] Spikes
|move|p1a: Ogerpon|Synthesis|p1a: Ogerpon
|-heal|p1a: Ogerpon|96/100 tox
|
|-heal|p2a: Pecharunt|54/100|[from] item: Leftovers
|-damage|p1a: Ogerpon|66/100 tox|[from] psn
|upkeep
|turn|35
|
|t:|1760761337
|move|p1a: Ogerpon|Knock Off|p2a: Pecharunt
|-supereffective|p2a: Pecharunt
|-damage|p2a: Pecharunt|24/100
|-enditem|p2a: Pecharunt|Leftovers|[from] move: Knock Off|[of] p1a: Ogerpon
|move|p2a: Pecharunt|Recover|p2a: Pecharunt
|-heal|p2a: Pecharunt|74/100
|
|-damage|p1a: Ogerpon|29/100 tox|[from] psn
|upkeep
|turn|36
|
|t:|1760761353
|switch|p1a: Skeledirge|Skeledirge, M, tera:Dark|50/100 tox
|move|p2a: Pecharunt|Shadow Ball|p1a: Skeledirge
|-resisted|p1a: Skeledirge
|-damage|p1a: Skeledirge|40/100 tox
|
|-damage|p1a: Skeledirge|34/100 tox|[from] psn
|upkeep
|turn|37
|
|t:|1760761360
|move|p2a: Pecharunt|Malignant Chain|p1a: Skeledirge
|-damage|p1a: Skeledirge|11/100 tox
|move|p1a: Skeledirge|Slack Off|p1a: Skeledirge
|-heal|p1a: Skeledirge|61/100 tox
|
|-damage|p1a: Skeledirge|49/100 tox|[from] psn
|upkeep
|turn|38
|
|t:|1760761369
|move|p2a: Pecharunt|Malignant Chain|p1a: Skeledirge
|-damage|p1a: Skeledirge|28/100 tox
|move|p1a: Skeledirge|Earth Power|p2a: Pecharunt
|-supereffective|p2a: Pecharunt
|-damage|p2a: Pecharunt|27/100
|
|-damage|p1a: Skeledirge|10/100 tox|[from] psn
|upkeep
|turn|39
|
|t:|1760761396
|move|p2a: Pecharunt|Recover|p2a: Pecharunt
|-heal|p2a: Pecharunt|77/100
|move|p1a: Skeledirge|Slack Off|p1a: Skeledirge
|-heal|p1a: Skeledirge|60/100 tox
|
|-damage|p1a: Skeledirge|36/100 tox|[from] psn
|upkeep
|turn|40
|
|t:|1760761403
|move|p2a: Pecharunt|Nasty Plot|p2a: Pecharunt
|-boost|p2a: Pecharunt|spa|2
|move|p1a: Skeledirge|Earth Power|p2a: Pecharunt
|-supereffective|p2a: Pecharunt
|-damage|p2a: Pecharunt|32/100
|-unboost|p2a: Pecharunt|spd|1
|
|-damage|p1a: Skeledirge|5/100 tox|[from] psn
|upkeep
|turn|41
|
|t:|1760761411
|move|p2a: Pecharunt|Recover|p2a: Pecharunt
|-heal|p2a: Pecharunt|82/100
|move|p1a: Skeledirge|Earth Power|p2a: Pecharunt
|-supereffective|p2a: Pecharunt
|-damage|p2a: Pecharunt|35/100
|
|-damage|p1a: Skeledirge|0 fnt|[from] psn
|faint|p1a: Skeledirge
|upkeep
|
|t:|1760761414
|switch|p1a: Ogerpon|Ogerpon-Wellspring, F|29/100 tox
|turn|42
|
|t:|1760761428
|move|p1a: Ogerpon|Ivy Cudgel|p2a: Pecharunt|[anim] Ivy Cudgel Water
|-damage|p2a: Pecharunt|10/100
|move|p2a: Pecharunt|Recover|p2a: Pecharunt
|-heal|p2a: Pecharunt|60/100
|
|-damage|p1a: Ogerpon|23/100 tox|[from] psn
|upkeep
|turn|43
|
|t:|1760761439
|move|p1a: Ogerpon|Knock Off|p2a: Pecharunt
|-supereffective|p2a: Pecharunt
|-damage|p2a: Pecharunt|37/100
|move|p2a: Pecharunt|Recover|p2a: Pecharunt
|-heal|p2a: Pecharunt|87/100
|
|-damage|p1a: Ogerpon|11/100 tox|[from] psn
|upkeep
|turn|44
|
|t:|1760761456
|move|p1a: Ogerpon|Ivy Cudgel|p2a: Pecharunt|[anim] Ivy Cudgel Water
|-damage|p2a: Pecharunt|60/100
|move|p2a: Pecharunt|Nasty Plot|p2a: Pecharunt
|-boost|p2a: Pecharunt|spa|2
|
|-damage|p1a: Ogerpon|0 fnt|[from] psn
|faint|p1a: Ogerpon
|upkeep
|
|t:|1760761459
|switch|p1a: Corviknight|Corviknight, F|87/100
|-ability|p1a: Corviknight|Pressure
|turn|45
|
|t:|1760761469
|move|p2a: Pecharunt|Shadow Ball|p1a: Corviknight
|-damage|p1a: Corviknight|16/100
|move|p1a: Corviknight|U-turn|p2a: Pecharunt
|-resisted|p2a: Pecharunt
|-crit|p2a: Pecharunt
|-damage|p2a: Pecharunt|57/100
|
|upkeep
|turn|46
|-message|Baby Key forfeited.
|
|win|liam2803
|raw|Baby Key's rating: 1283 &rarr; <strong>1257</strong><br />(-26 for losing)
|raw|liam2803's rating: 1276 &rarr; <strong>1302</strong><br />(+26 for winning)
|l|☆Baby Key
|player|p1|
|l|☆liam2803
|player|p2|
