|j|☆renzard
|j|☆HZBKAI2
|t:|1760763391
|gametype|singles
|player|p1|renzard|265|1148
|player|p2|HZBKAI2|266|1143
|gen|9
|tier|[Gen 9] OU
|rated|
|rule|HP Percentage Mod: HP is shown in percentages
|rule|Endless Battle Clause: Forcing endless battles is banned
|rule|Species Clause: Limit one of each Pokémon
|rule|OHKO Clause: OHKO moves are banned
|rule|Evasion Items Clause: Evasion items are banned
|rule|Evasion Moves Clause: Evasion moves are banned
|rule|Evasion Abilities Clause: Evasion abilities are banned
|rule|Sleep Moves Clause: Sleep-inducing moves are banned
|clearpoke
|poke|p1|Maushold-Four|
|poke|p1|Talonflame, F|
|poke|p1|Corviknight, F|
|poke|p1|Blissey, F|
|poke|p1|Noivern, M|
|poke|p1|Clodsire, M|
|poke|p2|Latias, F|
|poke|p2|Ceruledge, F|
|poke|p2|Iron Valiant|
|poke|p2|Moltres-Galar|
|poke|p2|Glimmora, M|
|poke|p2|Scizor, F|
|teampreview
|
|t:|1760763400
|teamsize|p1|6
|teamsize|p2|6
|start
|switch|p1a: Talonflame|Talonflame, F, shiny|100/100
|switch|p2a: Scizor|Scizor, F|100/100
|turn|1
|
|t:|1760763408
|-terastallize|p1a: Talonflame|Ground
|move|p1a: Talonflame|Swords Dance|p1a: Talonflame
|-boost|p1a: Talonflame|atk|2
|move|p2a: Scizor|Knock Off|p1a: Talonflame
|-damage|p1a: Talonflame|49/100
|-damage|p2a: Scizor|91/100|[from] item: Life Orb
|
|upkeep
|turn|2
|
|t:|1760763415
|move|p1a: Talonflame|Temper Flare|p2a: Scizor
|-supereffective|p2a: Scizor
|-damage|p2a: Scizor|0 fnt
|faint|p2a: Scizor
|
|upkeep
|
|t:|1760763415
|switch|p2a: Ceruledge|Ceruledge, F|100/100
|turn|3
|
|t:|1760763425
|move|p1a: Talonflame|Tera Blast|p2a: Ceruledge|[anim] Tera Blast Ground
|-supereffective|p2a: Ceruledge
|-enditem|p2a: Ceruledge|Focus Sash
|-damage|p2a: Ceruledge|1/100
|-ability|p2a: Ceruledge|Weak Armor|boost
|-unboost|p2a: Ceruledge|def|1
|-boost|p2a: Ceruledge|spe|2
|move|p2a: Ceruledge|Poltergeist||[still]
|-fail|p2a: Ceruledge
|
|upkeep
|turn|4
|
|t:|1760763434
|-terastallize|p2a: Ceruledge|Ghost
|move|p2a: Ceruledge|Poltergeist||[still]
|-fail|p2a: Ceruledge
|move|p1a: Talonflame|Acrobatics|p2a: Ceruledge
|-damage|p2a: Ceruledge|0 fnt
|faint|p2a: Ceruledge
|
|upkeep
|
|t:|1760763434
|switch|p2a: Moltres|Moltres-Galar|100/100
|turn|5
|
|t:|1760763443
|move|p1a: Talonflame|Acrobatics|p2a: Moltres
|-damage|p2a: Moltres|0 fnt
|faint|p2a: Moltres
|
|upkeep
|
|t:|1760763443
|switch|p2a: Glimmora|Glimmora, M|100/100
|turn|6
|
|t:|1760763452
|move|p1a: Talonflame|Tera Blast|p2a: Glimmora|[anim] Tera Blast Ground
|-supereffective|p2a: Glimmora
|-damage|p2a: Glimmora|0 fnt
|-activate|p2a: Glimmora|ability: Toxic Debris
|-sidestart|p1: renzard|move: Toxic Spikes
|faint|p2a: Glimmora
|
|upkeep
|
|t:|1760763452
|switch|p2a: Latias|Latias, F|100/100
|turn|7
|
|t:|1760763473
|move|p1a: Talonflame|Acrobatics|p2a: Latias
|-damage|p2a: Latias|35/100
|move|p2a: Latias|Aura Sphere|p1a: Talonflame
|-damage|p1a: Talonflame|20/100
|
|upkeep
|turn|8
|
|t:|1760763481
|move|p1a: Talonflame|Acrobatics|p2a: Latias
|-damage|p2a: Latias|0 fnt
|faint|p2a: Latias
|
|upkeep
|
|t:|1760763481
|switch|p2a: Iron Valiant|Iron Valiant|100/100
|-enditem|p2a: Iron Valiant|Booster Energy
|-activate|p2a: Iron Valiant|ability: Quark Drive|[fromitem]
|-start|p2a: Iron Valiant|quarkdrivespe
|turn|9
|
|t:|1760763513
|move|p2a: Iron Valiant|Moonblast|p1a: Talonflame
|-crit|p1a: Talonflame
|-damage|p1a: Talonflame|0 fnt
|faint|p1a: Talonflame
|
|upkeep
|
|t:|1760763534
|switch|p1a: Corviknight|Corviknight, F|100/100
|turn|10
|
|t:|1760763540
|move|p2a: Iron Valiant|Shadow Ball|p1a: Corviknight
|-damage|p1a: Corviknight|74/100
|move|p1a: Corviknight|Bulk Up|p1a: Corviknight
|-boost|p1a: Corviknight|atk|1
|-boost|p1a: Corviknight|def|1
|
|upkeep
|turn|11
|
|t:|1760763552
|move|p2a: Iron Valiant|Shadow Ball|p1a: Corviknight
|-damage|p1a: Corviknight|47/100
|move|p1a: Corviknight|Bulk Up|p1a: Corviknight
|-boost|p1a: Corviknight|atk|1
|-boost|p1a: Corviknight|def|1
|
|upkeep
|turn|12
|
|t:|1760763558
|move|p2a: Iron Valiant|Shadow Ball|p1a: Corviknight
|-damage|p1a: Corviknight|20/100
|move|p1a: Corviknight|Roost|p1a: Corviknight
|-heal|p1a: Corviknight|70/100
|-singleturn|p1a: Corviknight|move: Roost
|
|upkeep
|turn|13
|
|t:|1760763565
|move|p2a: Iron Valiant|Shadow Ball|p1a: Corviknight
|-damage|p1a: Corviknight|43/100
|move|p1a: Corviknight|Bulk Up|p1a: Corviknight
|-boost|p1a: Corviknight|atk|1
|-boost|p1a: Corviknight|def|1
|
|upkeep
|turn|14
|
|t:|1760763571
|move|p2a: Iron Valiant|Shadow Ball|p1a: Corviknight
|-damage|p1a: Corviknight|15/100
|move|p1a: Corviknight|Roost|p1a: Corviknight
|-heal|p1a: Corviknight|65/100
|-singleturn|p1a: Corviknight|move: Roost
|
|upkeep
|turn|15
|
|t:|1760763579
|move|p2a: Iron Valiant|Shadow Ball|p1a: Corviknight
|-damage|p1a: Corviknight|40/100
|-ability|p1a: Corviknight|Mirror Armor
|-unboost|p2a: Iron Valiant|spd|1
|move|p1a: Corviknight|Roost|p1a: Corviknight
|-heal|p1a: Corviknight|90/100
|-singleturn|p1a: Corviknight|move: Roost
|
|upkeep
|turn|16
|
|t:|1760763588
|move|p2a: Iron Valiant|Shadow Ball|p1a: Corviknight
|-damage|p1a: Corviknight|64/100
|move|p1a: Corviknight|Bulk Up|p1a: Corviknight
|-boost|p1a: Corviknight|atk|1
|-boost|p1a: Corviknight|def|1
|
|upkeep
|turn|17
|
|t:|1760763595
|move|p2a: Iron Valiant|Shadow Ball|p1a: Corviknight
|-damage|p1a: Corviknight|39/100
|-ability|p1a: Corviknight|Mirror Armor
|-unboost|p2a: Iron Valiant|spd|1
|move|p1a: Corviknight|Bulk Up|p1a: Corviknight
|-boost|p1a: Corviknight|atk|1
|-boost|p1a: Corviknight|def|1
|
|upkeep
|turn|18
|
|t:|1760763604
|move|p2a: Iron Valiant|Shadow Ball|p1a: Corviknight
|-damage|p1a: Corviknight|15/100
|move|p1a: Corviknight|Roost|p1a: Corviknight
|-heal|p1a: Corviknight|65/100
|-singleturn|p1a: Corviknight|move: Roost
|
|upkeep
|turn|19
|
|t:|1760763610
|move|p2a: Iron Valiant|Shadow Ball|p1a: Corviknight
|-damage|p1a: Corviknight|41/100
|move|p1a: Corviknight|Roost|p1a: Corviknight
|-heal|p1a: Corviknight|91/100
|-singleturn|p1a: Corviknight|move: Roost
|
|upkeep
|turn|20
|
|t:|1760763617
|move|p2a: Iron Valiant|Shadow Ball|p1a: Corviknight
|-damage|p1a: Corviknight|67/100
|-ability|p1a: Corviknight|Mirror Armor
|-unboost|p2a: Iron Valiant|spd|1
|move|p1a: Corviknight|Bulk Up|p1a: Corviknight
|-boost|p1a: Corviknight|atk|1
|-boost|p1a: Corviknight|def|1
|
|upkeep
|turn|21
|
|t:|1760763626
|move|p2a: Iron Valiant|Shadow Ball|p1a: Corviknight
|-damage|p1a: Corviknight|42/100
|move|p1a: Corviknight|Body Press|p2a: Iron Valiant
|-resisted|p2a: Iron Valiant
|-damage|p2a: Iron Valiant|45/100
|
|upkeep
|turn|22
|
|t:|1760763633
|move|p2a: Iron Valiant|Shadow Ball|p1a: Corviknight
|-damage|p1a: Corviknight|17/100
|move|p1a: Corviknight|Body Press|p2a: Iron Valiant
|-resisted|p2a: Iron Valiant
|-damage|p2a: Iron Valiant|0 fnt
|faint|p2a: Iron Valiant
|-end|p2a: Iron Valiant|Quark Drive|[silent]
|
|win|renzard
|raw|renzard's rating: 1148 &rarr; <strong>1173</strong><br />(+25 for winning)
|raw|HZBKAI2's rating: 1143 &rarr; <strong>1118</strong><br />(-25 for losing)
|l|☆HZBKAI2
|player|p2|
|l|☆renzard
|player|p1|
