|j|☆YJIOG
|j|☆jigobo
|t:|1760760683
|gametype|singles
|player|p1|YJIOG|scientist-gen4dp|1428
|player|p2|jigobo|parasollady-gen4|1431
|gen|9
|tier|[Gen 9] OU
|rated|
|rule|HP Percentage Mod: HP is shown in percentages
|rule|Endless Battle Clause: Forcing endless battles is banned
|rule|Species Clause: Limit one of each Pokémon
|rule|OHKO Clause: OHKO moves are banned
|rule|Evasion Items Clause: Evasion items are banned
|rule|Evasion Moves Clause: Evasion moves are banned
|rule|Evasion Abilities Clause: Evasion abilities are banned
|rule|Sleep Moves Clause: Sleep-inducing moves are banned
|clearpoke
|poke|p1|Electivire, M|
|poke|p1|Alomomola, M|
|poke|p1|Dragapult, M|
|poke|p1|Hydrapple, F|
|poke|p1|Great Tusk|
|poke|p1|Goodra-Hisui, M|
|poke|p2|Raging Bolt|
|poke|p2|Gholdengo|
|poke|p2|Kingambit, M|
|poke|p2|Great Tusk|
|poke|p2|Meowscarada, M|
|poke|p2|Moltres|
|teampreview
|inactive|Battle timer is ON: inactive players will automatically lose when time's up. (requested by jigobo)
|
|t:|1760760689
|teamsize|p1|6
|teamsize|p2|6
|start
|switch|p1a: Dragapult|Dragapult, M|100/100
|switch|p2a: Meowscarada|Meowscarada, M|100/100
|turn|1
|
|t:|1760760696
|switch|p1a: Alomomola|Alomomola, M|100/100
|move|p2a: Meowscarada|Knock Off|p1a: Alomomola
|-start|p2a: Meowscarada|typechange|Dark|[from] ability: Protean
|-damage|p1a: Alomomola|74/100
|-enditem|p1a: Alomomola|Heavy-Duty Boots|[from] move: Knock Off|[of] p2a: Meowscarada
|
|upkeep
|turn|2
|
|t:|1760760708
|switch|p2a: Raging Bolt|Raging Bolt|100/100
|move|p1a: Alomomola|Flip Turn|p2a: Raging Bolt
|-resisted|p2a: Raging Bolt
|-damage|p2a: Raging Bolt|94/100
|
|t:|1760760714
|switch|p1a: Electivire|Electivire, M|100/100|[from] Flip Turn
|
|-heal|p2a: Raging Bolt|99/100|[from] item: Leftovers
|upkeep
|turn|3
|
|t:|1760760724
|move|p1a: Electivire|Earthquake|p2a: Raging Bolt
|-supereffective|p2a: Raging Bolt
|-damage|p2a: Raging Bolt|35/100
|-damage|p1a: Electivire|91/100|[from] item: Life Orb
|move|p2a: Raging Bolt|Draco Meteor|p1a: Electivire
|-crit|p1a: Electivire
|-damage|p1a: Electivire|0 fnt
|-unboost|p2a: Raging Bolt|spa|2
|faint|p1a: Electivire
|
|-heal|p2a: Raging Bolt|41/100|[from] item: Leftovers
|upkeep
|
|t:|1760760737
|switch|p1a: Great Tusk|Great Tusk|100/100
|turn|4
|
|t:|1760760745
|move|p1a: Great Tusk|Stealth Rock|p2a: Raging Bolt
|-sidestart|p2: jigobo|move: Stealth Rock
|move|p2a: Raging Bolt|Dragon Tail|p1a: Great Tusk|[miss]
|-miss|p2a: Raging Bolt|p1a: Great Tusk
|
|-heal|p2a: Raging Bolt|47/100|[from] item: Leftovers
|upkeep
|turn|5
|
|t:|1760760752
|-end|p2a: Raging Bolt|Protosynthesis|[silent]
|switch|p2a: Moltres|Moltres|100/100
|move|p1a: Great Tusk|Headlong Rush|p2a: Moltres
|-immune|p2a: Moltres
|
|upkeep
|turn|6
|
|t:|1760760760
|-end|p1a: Great Tusk|Protosynthesis|[silent]
|switch|p1a: Alomomola|Alomomola, M|100/100
|move|p2a: Moltres|Will-O-Wisp|p1a: Alomomola
|-status|p1a: Alomomola|brn
|
|-damage|p1a: Alomomola|94/100 brn|[from] brn
|upkeep
|turn|7
|
|t:|1760760768
|switch|p2a: Raging Bolt|Raging Bolt|47/100
|-damage|p2a: Raging Bolt|35/100|[from] Stealth Rock
|move|p1a: Alomomola|Flip Turn|p2a: Raging Bolt
|-resisted|p2a: Raging Bolt
|-damage|p2a: Raging Bolt|31/100
|
|t:|1760760775
|switch|p1a: Goodra|Goodra-Hisui, M|100/100|[from] Flip Turn
|
|-heal|p2a: Raging Bolt|38/100|[from] item: Leftovers
|upkeep
|turn|8
|
|t:|1760760785
|move|p2a: Raging Bolt|Draco Meteor|p1a: Goodra
|-damage|p1a: Goodra|73/100
|-unboost|p2a: Raging Bolt|spa|2
|move|p1a: Goodra|Knock Off|p2a: Raging Bolt
|-damage|p2a: Raging Bolt|19/100
|-enditem|p2a: Raging Bolt|Leftovers|[from] move: Knock Off|[of] p1a: Goodra
|
|upkeep
|turn|9
|
|t:|1760760801
|move|p2a: Raging Bolt|Thunderclap|p1a: Goodra
|-resisted|p1a: Goodra
|-damage|p1a: Goodra|69/100
|move|p1a: Goodra|Earthquake|p2a: Raging Bolt
|-supereffective|p2a: Raging Bolt
|-damage|p2a: Raging Bolt|0 fnt
|faint|p2a: Raging Bolt
|-end|p2a: Raging Bolt|Protosynthesis|[silent]
|
|upkeep
|
|t:|1760760812
|switch|p2a: Great Tusk|Great Tusk|100/100
|-damage|p2a: Great Tusk|98/100|[from] Stealth Rock
|-enditem|p2a: Great Tusk|Booster Energy
|-activate|p2a: Great Tusk|ability: Protosynthesis|[fromitem]
|-start|p2a: Great Tusk|protosynthesisatk
|turn|10
|
|t:|1760760823
|switch|p1a: Dragapult|Dragapult, M|100/100
|move|p2a: Great Tusk|Headlong Rush|p1a: Dragapult
|-damage|p1a: Dragapult|0 fnt
|-unboost|p2a: Great Tusk|def|1
|-unboost|p2a: Great Tusk|spd|1
|faint|p1a: Dragapult
|
|upkeep
|
|t:|1760760832
|switch|p1a: Hydrapple|Hydrapple, F|100/100
|turn|11
|
|t:|1760760836
|move|p2a: Great Tusk|Ice Spinner|p1a: Hydrapple
|-supereffective|p1a: Hydrapple
|-damage|p1a: Hydrapple|16/100
|move|p1a: Hydrapple|Giga Drain|p2a: Great Tusk
|-supereffective|p2a: Great Tusk
|-damage|p2a: Great Tusk|0 fnt
|-heal|p1a: Hydrapple|59/100|[from] drain|[of] p2a: Great Tusk
|faint|p2a: Great Tusk
|-end|p2a: Great Tusk|Protosynthesis|[silent]
|
|upkeep
|
|t:|1760760840
|switch|p2a: Meowscarada|Meowscarada, M|100/100
|-damage|p2a: Meowscarada|88/100|[from] Stealth Rock
|turn|12
|
|t:|1760760848
|switch|p1a: Alomomola|Alomomola, M|100/100 brn
|move|p2a: Meowscarada|U-turn|p1a: Alomomola
|-start|p2a: Meowscarada|typechange|Bug|[from] ability: Protean
|-damage|p1a: Alomomola|81/100 brn
|
|t:|1760760851
|switch|p2a: Gholdengo|Gholdengo|100/100|[from] U-turn
|-damage|p2a: Gholdengo|94/100|[from] Stealth Rock
|
|-heal|p2a: Gholdengo|100/100|[from] item: Leftovers
|-damage|p1a: Alomomola|74/100 brn|[from] brn
|upkeep
|turn|13
|
|t:|1760760866
|switch|p1a: Goodra|Goodra-Hisui, M|69/100
|move|p2a: Gholdengo|Nasty Plot|p2a: Gholdengo
|-boost|p2a: Gholdengo|spa|2
|
|upkeep
|turn|14
|
|t:|1760760875
|-terastallize|p2a: Gholdengo|Flying
|move|p2a: Gholdengo|Shadow Ball|p1a: Goodra
|-damage|p1a: Goodra|32/100
|move|p1a: Goodra|Knock Off|p2a: Gholdengo
|-damage|p2a: Gholdengo|76/100
|-enditem|p2a: Gholdengo|Leftovers|[from] move: Knock Off|[of] p1a: Goodra
|
|upkeep
|turn|15
|
|t:|1760760885
|move|p2a: Gholdengo|Shadow Ball|p1a: Goodra
|-damage|p1a: Goodra|1/100
|move|p1a: Goodra|Draco Meteor|p2a: Gholdengo
|-damage|p2a: Gholdengo|30/100
|-unboost|p1a: Goodra|spa|2
|
|upkeep
|turn|16
|
|t:|1760760893
|move|p2a: Gholdengo|Recover|p2a: Gholdengo
|-heal|p2a: Gholdengo|80/100
|move|p1a: Goodra|Draco Meteor|p2a: Gholdengo
|-damage|p2a: Gholdengo|56/100
|-unboost|p1a: Goodra|spa|2
|
|upkeep
|turn|17
|
|t:|1760760901
|switch|p1a: Great Tusk|Great Tusk|100/100
|move|p2a: Gholdengo|Recover|p2a: Gholdengo
|-heal|p2a: Gholdengo|100/100
|
|upkeep
|turn|18
|
|t:|1760760907
|move|p1a: Great Tusk|Ice Spinner|p2a: Gholdengo
|-supereffective|p2a: Gholdengo
|-damage|p2a: Gholdengo|45/100
|move|p2a: Gholdengo|Shadow Ball|p1a: Great Tusk
|-damage|p1a: Great Tusk|0 fnt
|faint|p1a: Great Tusk
|-end|p1a: Great Tusk|Protosynthesis|[silent]
|
|upkeep
|-message|YJIOG forfeited.
|
|win|jigobo
|raw|YJIOG's rating: 1428 &rarr; <strong>1408</strong><br />(-20 for losing)
|raw|jigobo's rating: 1431 &rarr; <strong>1451</strong><br />(+20 for winning)
|l|☆YJIOG
|player|p1|
|l|☆jigobo
|player|p2|
