|j|☆New Redemptioin
|j|☆emjay2306
|t:|1760771036
|gametype|singles
|player|p1|New Redemptioin|169|1511
|player|p2|emjay2306|cynthia|1498
|gen|9
|tier|[Gen 9] OU
|rated|
|rule|HP Percentage Mod: HP is shown in percentages
|rule|Endless Battle Clause: Forcing endless battles is banned
|rule|Species Clause: Limit one of each Pokémon
|rule|OHKO Clause: OHKO moves are banned
|rule|Evasion Items Clause: Evasion items are banned
|rule|Evasion Moves Clause: Evasion moves are banned
|rule|Evasion Abilities Clause: Evasion abilities are banned
|rule|Sleep Moves Clause: Sleep-inducing moves are banned
|clearpoke
|poke|p1|Ursaluna, F|
|poke|p1|Zamazenta-*|
|poke|p1|Cresselia, F|
|poke|p1|Enamorus, F|
|poke|p1|Glimmora, M|
|poke|p1|Dragapult, F|
|poke|p2|Dragonite, M|
|poke|p2|Gholdengo|
|poke|p2|Ribombee, F|
|poke|p2|Great Tusk|
|poke|p2|Iron Moth|
|poke|p2|Weavile, F|
|teampreview
|inactive|Battle timer is ON: inactive players will automatically lose when time's up. (requested by emjay2306)
|
|t:|1760771047
|teamsize|p1|6
|teamsize|p2|6
|start
|switch|p1a: Glimmora|Glimmora, M|100/100
|switch|p2a: Great Tusk|Great Tusk|100/100
|turn|1
|
|t:|1760771056
|move|p1a: Glimmora|Spiky Shield|p1a: Glimmora
|-singleturn|p1a: Glimmora|move: Protect
|move|p2a: Great Tusk|Stealth Rock|p1a: Glimmora
|-sidestart|p1: New Redemptioin|move: Stealth Rock
|
|upkeep
|turn|2
|
|t:|1760771064
|switch|p1a: Dragapult|Dragapult, F|100/100
|-damage|p1a: Dragapult|88/100|[from] Stealth Rock
|move|p2a: Great Tusk|Headlong Rush|p1a: Dragapult
|-damage|p1a: Dragapult|32/100
|-unboost|p2a: Great Tusk|def|1
|-unboost|p2a: Great Tusk|spd|1
|
|upkeep
|turn|3
|
|t:|1760771069
|move|p1a: Dragapult|Reflect|p1a: Dragapult
|-sidestart|p1: New Redemptioin|Reflect
|move|p2a: Great Tusk|Ice Spinner|p1a: Dragapult
|-supereffective|p1a: Dragapult
|-damage|p1a: Dragapult|5/100
|
|upkeep
|turn|4
|
|t:|1760771072
|move|p1a: Dragapult|Light Screen|p1a: Dragapult
|-sidestart|p1: New Redemptioin|move: Light Screen
|move|p2a: Great Tusk|Ice Spinner|p1a: Dragapult
|-supereffective|p1a: Dragapult
|-damage|p1a: Dragapult|0 fnt
|faint|p1a: Dragapult
|
|upkeep
|
|t:|1760771076
|switch|p1a: Enamorus|Enamorus, F|100/100
|-damage|p1a: Enamorus|76/100|[from] Stealth Rock
|turn|5
|inactive|emjay2306 has 120 seconds left.
|
|t:|1760771109
|-end|p2a: Great Tusk|Protosynthesis|[silent]
|switch|p2a: Iron Moth|Iron Moth|100/100
|-enditem|p2a: Iron Moth|Booster Energy
|-activate|p2a: Iron Moth|ability: Quark Drive|[fromitem]
|-start|p2a: Iron Moth|quarkdrivespe
|move|p1a: Enamorus|Moonblast|p2a: Iron Moth
|-resisted|p2a: Iron Moth
|-damage|p2a: Iron Moth|82/100
|-unboost|p2a: Iron Moth|spa|1
|-damage|p1a: Enamorus|66/100|[from] item: Life Orb
|
|upkeep
|turn|6
|
|t:|1760771116
|move|p2a: Iron Moth|Sludge Wave|p1a: Enamorus
|-supereffective|p1a: Enamorus
|-damage|p1a: Enamorus|24/100
|move|p1a: Enamorus|Agility|p1a: Enamorus
|-boost|p1a: Enamorus|spe|2
|
|upkeep
|turn|7
|inactive|emjay2306 has 120 seconds left.
|
|t:|1760771157
|-end|p2a: Iron Moth|Quark Drive|[silent]
|switch|p2a: Weavile|Weavile, F|100/100
|move|p1a: Enamorus|Earth Power|p2a: Weavile
|-damage|p2a: Weavile|39/100
|-damage|p1a: Enamorus|15/100|[from] item: Life Orb
|
|upkeep
|turn|8
|
|t:|1760771163
|move|p2a: Weavile|Ice Shard|p1a: Enamorus
|-supereffective|p1a: Enamorus
|-damage|p1a: Enamorus|0 fnt
|faint|p1a: Enamorus
|
|upkeep
|
|t:|1760771165
|switch|p1a: Glimmora|Glimmora, M|100/100
|-damage|p1a: Glimmora|88/100|[from] Stealth Rock
|turn|9
|
|t:|1760771167
|switch|p2a: Gholdengo|Gholdengo|100/100
|-item|p2a: Gholdengo|Air Balloon
|move|p1a: Glimmora|Spikes|p2a: Gholdengo
|-sidestart|p2: emjay2306|Spikes
|
|upkeep
|turn|10
|inactive|emjay2306 has 120 seconds left.
|
|t:|1760771173
|move|p1a: Glimmora|Spikes|p2a: Gholdengo
|-sidestart|p2: emjay2306|Spikes
|move|p2a: Gholdengo|Shadow Ball|p1a: Glimmora
|-damage|p1a: Glimmora|65/100
|-enditem|p1a: Glimmora|Red Card|[of] p2a: Gholdengo
|drag|p2a: Weavile|Weavile, F|39/100
|-damage|p2a: Weavile|23/100|[from] Spikes
|
|-sideend|p1: New Redemptioin|Reflect
|upkeep
|turn|11
|
|t:|1760771181
|switch|p2a: Gholdengo|Gholdengo|100/100
|-item|p2a: Gholdengo|Air Balloon
|move|p1a: Glimmora|Spikes|p2a: Gholdengo
|-sidestart|p2: emjay2306|Spikes
|
|-sideend|p1: New Redemptioin|move: Light Screen
|upkeep
|turn|12
|
|t:|1760771187
|switch|p1a: Ursaluna|Ursaluna, F|100/100
|-damage|p1a: Ursaluna|94/100|[from] Stealth Rock
|move|p2a: Gholdengo|Make It Rain|p1a: Ursaluna
|-damage|p1a: Ursaluna|37/100
|-unboost|p2a: Gholdengo|spa|1
|
|-status|p1a: Ursaluna|brn|[from] item: Flame Orb
|upkeep
|turn|13
|
|t:|1760771207
|switch|p2a: Weavile|Weavile, F|23/100
|-damage|p2a: Weavile|0 fnt|[from] Spikes
|faint|p2a: Weavile
|move|p1a: Ursaluna|Fire Punch|p2: Weavile|[notarget]
|-fail|p1a: Ursaluna
|
|-damage|p1a: Ursaluna|31/100 brn|[from] brn
|upkeep
|
|t:|1760771217
|switch|p2a: Great Tusk|Great Tusk|100/100
|-damage|p2a: Great Tusk|76/100|[from] Spikes
|turn|14
|
|t:|1760771221
|-terastallize|p1a: Ursaluna|Ghost
|move|p2a: Great Tusk|Rapid Spin|p1a: Ursaluna
|-immune|p1a: Ursaluna
|move|p1a: Ursaluna|Facade|p2a: Great Tusk
|-damage|p2a: Great Tusk|0 fnt
|-damage|p1a: Ursaluna|15/100 brn|[from] item: Rocky Helmet|[of] p2a: Great Tusk
|faint|p2a: Great Tusk
|-end|p2a: Great Tusk|Protosynthesis|[silent]
|
|-damage|p1a: Ursaluna|8/100 brn|[from] brn
|upkeep
|
|t:|1760771227
|switch|p2a: Ribombee|Ribombee, F|100/100
|-damage|p2a: Ribombee|76/100|[from] Spikes
|turn|15
|inactive|New Redemptioin has 120 seconds left.
|
|t:|1760771260
|move|p2a: Ribombee|Sticky Web|p1a: Ursaluna
|-sidestart|p1: New Redemptioin|move: Sticky Web
|move|p1a: Ursaluna|Fire Punch|p2a: Ribombee
|-supereffective|p2a: Ribombee
|-damage|p2a: Ribombee|0 fnt
|faint|p2a: Ribombee
|
|-damage|p1a: Ursaluna|2/100 brn|[from] brn
|upkeep
|
|t:|1760771271
|switch|p2a: Gholdengo|Gholdengo|100/100
|-item|p2a: Gholdengo|Air Balloon
|turn|16
|inactive|New Redemptioin has 120 seconds left.
|
|t:|1760771300
|move|p2a: Gholdengo|Shadow Ball|p1a: Ursaluna
|-supereffective|p1a: Ursaluna
|-damage|p1a: Ursaluna|0 fnt
|faint|p1a: Ursaluna
|
|upkeep
|
|t:|1760771305
|switch|p1a: Cresselia|Cresselia, F|100/100
|-damage|p1a: Cresselia|88/100|[from] Stealth Rock
|turn|17
|
|t:|1760771310
|move|p2a: Gholdengo|Shadow Ball|p1a: Cresselia
|-supereffective|p1a: Cresselia
|-damage|p1a: Cresselia|27/100
|move|p1a: Cresselia|Calm Mind|p1a: Cresselia
|-boost|p1a: Cresselia|spa|1
|-boost|p1a: Cresselia|spd|1
|
|-heal|p1a: Cresselia|33/100|[from] item: Leftovers
|upkeep
|turn|18
|
|t:|1760771316
|move|p2a: Gholdengo|Shadow Ball|p1a: Cresselia
|-supereffective|p1a: Cresselia
|-damage|p1a: Cresselia|0 fnt
|faint|p1a: Cresselia
|
|upkeep
|-message|New Redemptioin forfeited.
|
|win|emjay2306
|raw|New Redemptioin's rating: 1511 &rarr; <strong>1490</strong><br />(-21 for losing)
|raw|emjay2306's rating: 1498 &rarr; <strong>1519</strong><br />(+21 for winning)
|l|☆New Redemptioin
|player|p1|
|l|☆emjay2306
|player|p2|
