|j|☆Lottidotti20
|j|☆qwertyz.02
|t:|1760725727
|gametype|singles
|player|p1|Lottidotti20|1|1288
|player|p2|qwertyz.02|pokemaniac|1286
|gen|9
|tier|[Gen 9] OU
|rated|
|rule|HP Percentage Mod: HP is shown in percentages
|rule|Endless Battle Clause: Forcing endless battles is banned
|rule|Species Clause: Limit one of each Pokémon
|rule|OHKO Clause: OHKO moves are banned
|rule|Evasion Items Clause: Evasion items are banned
|rule|Evasion Moves Clause: Evasion moves are banned
|rule|Evasion Abilities Clause: Evasion abilities are banned
|rule|Sleep Moves Clause: Sleep-inducing moves are banned
|clearpoke
|poke|p1|Kilowattrel, M|
|poke|p1|Pelipper, M|
|poke|p1|Walking Wake|
|poke|p1|Primarina, M|
|poke|p1|Basculegion, M|
|poke|p1|Iron Treads|
|poke|p2|Keldeo-Resolute|
|poke|p2|Dragapult, M|
|poke|p2|Slowking-Galar, F|
|poke|p2|Kingambit, F|
|poke|p2|Zapdos|
|poke|p2|Great Tusk|
|teampreview
|
|t:|1760725759
|teamsize|p1|6
|teamsize|p2|6
|start
|switch|p1a: Iron Treads|Iron Treads|100/100
|switch|p2a: Kami’s Vision|Slowking-Galar, F|100/100
|turn|1
|
|t:|1760725787
|move|p1a: Iron Treads|Knock Off|p2a: Kami’s Vision
|-supereffective|p2a: Kami’s Vision
|-damage|p2a: Kami’s Vision|41/100
|-enditem|p2a: Kami’s Vision|Black Sludge|[from] move: Knock Off|[of] p1a: Iron Treads
|-prepare|p2a: Kami’s Vision|Chilly Reception|[premajor]
|move|p2a: Kami’s Vision|Chilly Reception|p2a: Kami’s Vision
|-weather|Snowscape
|
|t:|1760725809
|switch|p2a: Trunks’ Resolve|Keldeo-Resolute|100/100|[from] Chilly Reception
|
|-weather|Snowscape|[upkeep]
|upkeep
|turn|2
|
|t:|1760725819
|move|p1a: Iron Treads|Stealth Rock|p2a: Trunks’ Resolve
|-sidestart|p2: qwertyz.02|move: Stealth Rock
|move|p2a: Trunks’ Resolve|Substitute|p2a: Trunks’ Resolve
|-start|p2a: Trunks’ Resolve|Substitute
|-damage|p2a: Trunks’ Resolve|76/100
|
|-weather|Snowscape|[upkeep]
|-heal|p2a: Trunks’ Resolve|82/100|[from] item: Leftovers
|upkeep
|turn|3
|inactive|Battle timer is ON: inactive players will automatically lose when time's up. (requested by qwertyz.02)
|
|t:|1760725828
|move|p1a: Iron Treads|Rapid Spin|p2a: Trunks’ Resolve
|-activate|p2a: Trunks’ Resolve|move: Substitute|[damage]
|-boost|p1a: Iron Treads|spe|1
|move|p2a: Trunks’ Resolve|Calm Mind|p2a: Trunks’ Resolve
|-boost|p2a: Trunks’ Resolve|spa|1
|-boost|p2a: Trunks’ Resolve|spd|1
|
|-weather|Snowscape|[upkeep]
|-heal|p2a: Trunks’ Resolve|88/100|[from] item: Leftovers
|upkeep
|turn|4
|
|t:|1760725834
|move|p1a: Iron Treads|Rapid Spin|p2a: Trunks’ Resolve
|-end|p2a: Trunks’ Resolve|Substitute
|-boost|p1a: Iron Treads|spe|1
|move|p2a: Trunks’ Resolve|Substitute|p2a: Trunks’ Resolve
|-start|p2a: Trunks’ Resolve|Substitute
|-damage|p2a: Trunks’ Resolve|63/100
|
|-weather|Snowscape|[upkeep]
|-heal|p2a: Trunks’ Resolve|69/100|[from] item: Leftovers
|upkeep
|turn|5
|
|t:|1760725845
|move|p1a: Iron Treads|Rapid Spin|p2a: Trunks’ Resolve
|-crit|p2a: Trunks’ Resolve
|-activate|p2a: Trunks’ Resolve|move: Substitute|[damage]
|-boost|p1a: Iron Treads|spe|1
|move|p2a: Trunks’ Resolve|Surf|p1a: Iron Treads
|-supereffective|p1a: Iron Treads
|-damage|p1a: Iron Treads|0 fnt
|faint|p1a: Iron Treads
|-end|p1a: Iron Treads|Quark Drive|[silent]
|
|-weather|none
|-heal|p2a: Trunks’ Resolve|75/100|[from] item: Leftovers
|upkeep
|
|t:|1760725847
|switch|p1a: Pelipper|Pelipper, M|100/100
|-weather|RainDance|[from] ability: Drizzle|[of] p1a: Pelipper
|turn|6
|
|t:|1760725856
|move|p2a: Trunks’ Resolve|Calm Mind|p2a: Trunks’ Resolve
|-boost|p2a: Trunks’ Resolve|spa|1
|-boost|p2a: Trunks’ Resolve|spd|1
|move|p1a: Pelipper|Hurricane|p2a: Trunks’ Resolve
|-supereffective|p2a: Trunks’ Resolve
|-end|p2a: Trunks’ Resolve|Substitute
|
|-weather|RainDance|[upkeep]
|-heal|p2a: Trunks’ Resolve|81/100|[from] item: Leftovers
|upkeep
|turn|7
|
|t:|1760725870
|-terastallize|p2a: Trunks’ Resolve|Steel
|move|p2a: Trunks’ Resolve|Substitute|p2a: Trunks’ Resolve
|-start|p2a: Trunks’ Resolve|Substitute
|-damage|p2a: Trunks’ Resolve|56/100
|move|p1a: Pelipper|Hurricane|p2a: Trunks’ Resolve
|-resisted|p2a: Trunks’ Resolve
|-activate|p2a: Trunks’ Resolve|move: Substitute|[damage]
|
|-weather|RainDance|[upkeep]
|-heal|p2a: Trunks’ Resolve|62/100|[from] item: Leftovers
|upkeep
|turn|8
|
|t:|1760725876
|switch|p1a: Basculegion|Basculegion, M|100/100
|move|p2a: Trunks’ Resolve|Surf|p1a: Basculegion
|-resisted|p1a: Basculegion
|-damage|p1a: Basculegion|26/100
|
|-weather|RainDance|[upkeep]
|-heal|p2a: Trunks’ Resolve|68/100|[from] item: Leftovers
|upkeep
|turn|9
|
|t:|1760725880
|move|p1a: Basculegion|Flip Turn|p2a: Trunks’ Resolve
|-end|p2a: Trunks’ Resolve|Substitute
|
|t:|1760725888
|switch|p1a: Primarina|Primarina, M|100/100|[from] Flip Turn
|move|p2a: Trunks’ Resolve|Surf|p1a: Primarina
|-resisted|p1a: Primarina
|-damage|p1a: Primarina|45/100
|
|-weather|RainDance|[upkeep]
|-heal|p2a: Trunks’ Resolve|75/100|[from] item: Leftovers
|-heal|p1a: Primarina|51/100|[from] item: Leftovers
|upkeep
|turn|10
|
|t:|1760725898
|move|p2a: Trunks’ Resolve|Surf|p1a: Primarina
|-resisted|p1a: Primarina
|-damage|p1a: Primarina|0 fnt
|faint|p1a: Primarina
|
|-weather|RainDance|[upkeep]
|-heal|p2a: Trunks’ Resolve|81/100|[from] item: Leftovers
|upkeep
|
|t:|1760725905
|switch|p1a: Basculegion|Basculegion, M|26/100
|turn|11
|
|t:|1760725908
|move|p1a: Basculegion|Flip Turn|p2a: Trunks’ Resolve
|-damage|p2a: Trunks’ Resolve|11/100
|
|t:|1760725914
|switch|p1a: Pelipper|Pelipper, M|100/100|[from] Flip Turn
|move|p2a: Trunks’ Resolve|Surf|p1a: Pelipper
|-resisted|p1a: Pelipper
|-damage|p1a: Pelipper|16/100
|
|-weather|RainDance|[upkeep]
|-heal|p2a: Trunks’ Resolve|17/100|[from] item: Leftovers
|upkeep
|turn|12
|
|t:|1760725919
|move|p2a: Trunks’ Resolve|Surf|p1a: Pelipper
|-resisted|p1a: Pelipper
|-damage|p1a: Pelipper|0 fnt
|faint|p1a: Pelipper
|
|-weather|RainDance|[upkeep]
|-heal|p2a: Trunks’ Resolve|23/100|[from] item: Leftovers
|upkeep
|
|t:|1760725921
|switch|p1a: Basculegion|Basculegion, M|26/100
|turn|13
|
|t:|1760725932
|move|p1a: Basculegion|Wave Crash|p2a: Trunks’ Resolve
|-damage|p2a: Trunks’ Resolve|0 fnt
|faint|p2a: Trunks’ Resolve
|-damage|p1a: Basculegion|18/100|[from] Recoil
|
|-weather|none
|upkeep
|-message|Lottidotti20 forfeited.
|
|win|qwertyz.02
|raw|Lottidotti20's rating: 1288 &rarr; <strong>1263</strong><br />(-25 for losing)
|raw|qwertyz.02's rating: 1286 &rarr; <strong>1311</strong><br />(+25 for winning)
|l|☆Lottidotti20
|player|p1|
|c|☆qwertyz.02|Schmix is crazy.
