|j|☆Weymint
|j|☆eatsleepjdm
|t:|1760851176
|gametype|singles
|player|p1|Weymint|roxanne|1321
|player|p2|eatsleepjdm|1|1367
|gen|9
|tier|[Gen 9] OU
|rated|
|rule|HP Percentage Mod: HP is shown in percentages
|rule|Endless Battle Clause: Forcing endless battles is banned
|rule|Species Clause: Limit one of each Pokémon
|rule|OHKO Clause: OHKO moves are banned
|rule|Evasion Items Clause: Evasion items are banned
|rule|Evasion Moves Clause: Evasion moves are banned
|rule|Evasion Abilities Clause: Evasion abilities are banned
|rule|Sleep Moves Clause: Sleep-inducing moves are banned
|clearpoke
|poke|p1|Muk-Alola, M|
|poke|p1|Volcanion|
|poke|p1|Clefable, F|
|poke|p1|Jirachi|
|poke|p1|Great Tusk|
|poke|p1|Thundurus-Therian, M|
|poke|p2|Sableye, M|
|poke|p2|Tentacruel, M|
|poke|p2|Deoxys-Speed|
|poke|p2|Mamoswine, F|
|poke|p2|Dragonite, M|
|poke|p2|Barraskewda, F|
|teampreview
|
|t:|1760851188
|teamsize|p1|6
|teamsize|p2|6
|start
|switch|p1a: Muk|Muk-Alola, M, shiny|100/100
|switch|p2a: Mamoswine|Mamoswine, F|100/100
|turn|1
|inactive|Battle timer is ON: inactive players will automatically lose when time's up. (requested by Weymint)
|
|t:|1760851208
|move|p2a: Mamoswine|Stealth Rock|p1a: Muk
|-sidestart|p1: Weymint|move: Stealth Rock
|move|p1a: Muk|Knock Off|p2a: Mamoswine
|-damage|p2a: Mamoswine|51/100
|-enditem|p2a: Mamoswine|Leftovers|[from] move: Knock Off|[of] p1a: Muk
|
|upkeep
|turn|2
|
|t:|1760851215
|switch|p1a: Great Tusk|Great Tusk|100/100
|-damage|p1a: Great Tusk|98/100|[from] Stealth Rock
|move|p2a: Mamoswine|Curse|p2a: Mamoswine
|-unboost|p2a: Mamoswine|spe|1
|-boost|p2a: Mamoswine|atk|1
|-boost|p2a: Mamoswine|def|1
|
|upkeep
|turn|3
|
|t:|1760851222
|switch|p2a: Sableye|Sableye, M|100/100
|move|p1a: Great Tusk|Rapid Spin|p2a: Sableye
|-immune|p2a: Sableye
|
|upkeep
|turn|4
|
|t:|1760851225
|-end|p1a: Great Tusk|Protosynthesis|[silent]
|switch|p1a: Muk|Muk-Alola, M, shiny|100/100
|-damage|p1a: Muk|88/100|[from] Stealth Rock
|move|p2a: Sableye|Knock Off|p1a: Muk
|-resisted|p1a: Muk
|-damage|p1a: Muk|77/100
|-enditem|p1a: Muk|Assault Vest|[from] move: Knock Off|[of] p2a: Sableye
|
|upkeep
|turn|5
|
|t:|1760851248
|switch|p2a: Mamoswine|Mamoswine, F|51/100
|move|p1a: Muk|Knock Off|p2a: Mamoswine
|-damage|p2a: Mamoswine|20/100
|-status|p2a: Mamoswine|psn|[from] ability: Poison Touch|[of] p1a: Muk
|
|-damage|p2a: Mamoswine|8/100 psn|[from] psn
|upkeep
|turn|6
|
|t:|1760851260
|move|p2a: Mamoswine|Ice Shard|p1a: Muk
|-damage|p1a: Muk|55/100
|move|p1a: Muk|Knock Off|p2a: Mamoswine
|-damage|p2a: Mamoswine|0 fnt
|faint|p2a: Mamoswine
|
|upkeep
|
|t:|1760851263
|switch|p2a: Barraskewda|Barraskewda, F|100/100
|turn|7
|
|t:|1760851271
|switch|p1a: Great Tusk|Great Tusk|98/100
|-damage|p1a: Great Tusk|95/100|[from] Stealth Rock
|move|p2a: Barraskewda|Flip Turn|p1a: Great Tusk
|-supereffective|p1a: Great Tusk
|-damage|p1a: Great Tusk|65/100
|-damage|p2a: Barraskewda|84/100|[from] item: Rocky Helmet|[of] p1a: Great Tusk
|
|t:|1760851276
|switch|p2a: Deoxys|Deoxys-Speed|100/100|[from] Flip Turn
|-ability|p2a: Deoxys|Pressure
|
|upkeep
|turn|8
|
|t:|1760851283
|-end|p1a: Great Tusk|Protosynthesis|[silent]
|switch|p1a: Muk|Muk-Alola, M, shiny|55/100
|-damage|p1a: Muk|43/100|[from] Stealth Rock
|move|p2a: Deoxys|Calm Mind|p2a: Deoxys
|-boost|p2a: Deoxys|spa|1
|-boost|p2a: Deoxys|spd|1
|
|upkeep
|turn|9
|
|t:|1760851290
|switch|p2a: Sableye|Sableye, M|100/100
|move|p1a: Muk|Knock Off|p2a: Sableye
|-damage|p2a: Sableye|51/100
|-damage|p1a: Muk|26/100|[from] item: Rocky Helmet|[of] p2a: Sableye
|-enditem|p2a: Sableye|Rocky Helmet|[from] move: Knock Off|[of] p1a: Muk
|
|upkeep
|turn|10
|
|t:|1760851298
|move|p2a: Sableye|Recover|p2a: Sableye
|-heal|p2a: Sableye|100/100
|move|p1a: Muk|Poison Fang|p2a: Sableye
|-resisted|p2a: Sableye
|-damage|p2a: Sableye|89/100
|-status|p2a: Sableye|psn|[from] ability: Poison Touch|[of] p1a: Muk
|
|-damage|p2a: Sableye|77/100 psn|[from] psn
|upkeep
|turn|11
|
|t:|1760851307
|move|p2a: Sableye|Reflect|p2a: Sableye
|-sidestart|p2: eatsleepjdm|Reflect
|move|p1a: Muk|Mud Shot|p2a: Sableye|[miss]
|-miss|p1a: Muk|p2a: Sableye
|
|-damage|p2a: Sableye|65/100 psn|[from] psn
|upkeep
|turn|12
|
|t:|1760851312
|switch|p2a: Tentacruel|Tentacruel, M|100/100
|move|p1a: Muk|Brick Break|p2a: Tentacruel
|-sideend|p2: eatsleepjdm|Reflect
|-resisted|p2a: Tentacruel
|-damage|p2a: Tentacruel|84/100
|
|upkeep
|turn|13
|
|t:|1760851319
|move|p2a: Tentacruel|Rain Dance|p2a: Tentacruel
|-weather|RainDance
|move|p1a: Muk|Knock Off|p2a: Tentacruel
|-damage|p2a: Tentacruel|25/100
|-enditem|p2a: Tentacruel|Damp Rock|[from] move: Knock Off|[of] p1a: Muk
|
|-weather|RainDance|[upkeep]
|-heal|p2a: Tentacruel|32/100|[from] ability: Rain Dish
|upkeep
|turn|14
|
|t:|1760851327
|move|p2a: Tentacruel|Flip Turn|p1a: Muk
|-damage|p1a: Muk|8/100
|
|t:|1760851329
|switch|p2a: Sableye|Sableye, M|65/100 psn|[from] Flip Turn
|move|p1a: Muk|Mud Shot|p2a: Sableye
|-damage|p2a: Sableye|52/100 psn
|-unboost|p2a: Sableye|spe|1
|
|-weather|RainDance|[upkeep]
|-damage|p2a: Sableye|39/100 psn|[from] psn
|upkeep
|turn|15
|
|t:|1760851336
|move|p2a: Sableye|Reflect|p2a: Sableye
|-sidestart|p2: eatsleepjdm|Reflect
|move|p1a: Muk|Knock Off|p2a: Sableye
|-damage|p2a: Sableye|23/100 psn
|
|-weather|RainDance|[upkeep]
|-damage|p2a: Sableye|11/100 psn|[from] psn
|upkeep
|turn|16
|
|t:|1760851340
|move|p1a: Muk|Brick Break|p2a: Sableye
|-immune|p2a: Sableye
|move|p2a: Sableye|Knock Off|p1a: Muk
|-resisted|p1a: Muk
|-damage|p1a: Muk|0 fnt
|faint|p1a: Muk
|
|-weather|RainDance|[upkeep]
|-damage|p2a: Sableye|0 fnt|[from] psn
|faint|p2a: Sableye
|upkeep
|
|t:|1760851346
|switch|p2a: Dragonite|Dragonite, M|100/100
|switch|p1a: Great Tusk|Great Tusk|65/100
|-damage|p1a: Great Tusk|62/100|[from] Stealth Rock
|turn|17
|
|t:|1760851355
|move|p1a: Great Tusk|Rapid Spin|p2a: Dragonite
|-damage|p2a: Dragonite|97/100
|-boost|p1a: Great Tusk|spe|1
|-sideend|p1: Weymint|Stealth Rock|[from] move: Rapid Spin|[of] p1a: Great Tusk
|move|p2a: Dragonite|Dragon Dance|p2a: Dragonite
|-boost|p2a: Dragonite|atk|1
|-boost|p2a: Dragonite|spe|1
|
|-weather|RainDance|[upkeep]
|upkeep
|turn|18
|
|t:|1760851369
|move|p1a: Great Tusk|Ice Spinner|p2a: Dragonite
|-supereffective|p2a: Dragonite
|-damage|p2a: Dragonite|48/100
|move|p2a: Dragonite|Dragon Dance|p2a: Dragonite
|-boost|p2a: Dragonite|atk|1
|-boost|p2a: Dragonite|spe|1
|
|-weather|RainDance|[upkeep]
|upkeep
|turn|19
|
|t:|1760851377
|move|p2a: Dragonite|Hurricane|p1a: Great Tusk
|-supereffective|p1a: Great Tusk
|-damage|p1a: Great Tusk|0 fnt
|faint|p1a: Great Tusk
|-end|p1a: Great Tusk|Protosynthesis|[silent]
|
|-weather|RainDance|[upkeep]
|-sideend|p2: eatsleepjdm|Reflect
|upkeep
|
|t:|1760851385
|switch|p1a: Clefable|Clefable, F|100/100
|turn|20
|
|t:|1760851388
|move|p2a: Dragonite|Hurricane|p1a: Clefable
|-damage|p1a: Clefable|56/100
|move|p1a: Clefable|Draining Kiss|p2a: Dragonite
|-supereffective|p2a: Dragonite
|-damage|p2a: Dragonite|15/100
|-heal|p1a: Clefable|79/100|[from] drain|[of] p2a: Dragonite
|
|-weather|none
|upkeep
|turn|21
|
|t:|1760851394
|move|p2a: Dragonite|Extreme Speed|p1a: Clefable
|-damage|p1a: Clefable|59/100
|move|p1a: Clefable|Draining Kiss|p2a: Dragonite
|-supereffective|p2a: Dragonite
|-damage|p2a: Dragonite|0 fnt
|-heal|p1a: Clefable|69/100|[from] drain|[of] p2a: Dragonite
|faint|p2a: Dragonite
|
|upkeep
|
|t:|1760851398
|switch|p2a: Deoxys|Deoxys-Speed|100/100
|-ability|p2a: Deoxys|Pressure
|turn|22
|
|t:|1760851408
|move|p2a: Deoxys|Calm Mind|p2a: Deoxys
|-boost|p2a: Deoxys|spa|1
|-boost|p2a: Deoxys|spd|1
|move|p1a: Clefable|Draining Kiss|p2a: Deoxys
|-damage|p2a: Deoxys|81/100
|-heal|p1a: Clefable|80/100|[from] drain|[of] p2a: Deoxys
|
|upkeep
|turn|23
|
|t:|1760851414
|move|p2a: Deoxys|Calm Mind|p2a: Deoxys
|-boost|p2a: Deoxys|spa|1
|-boost|p2a: Deoxys|spd|1
|move|p1a: Clefable|Calm Mind|p1a: Clefable
|-boost|p1a: Clefable|spa|1
|-boost|p1a: Clefable|spd|1
|
|upkeep
|turn|24
|
|t:|1760851416
|move|p2a: Deoxys|Calm Mind|p2a: Deoxys
|-boost|p2a: Deoxys|spa|1
|-boost|p2a: Deoxys|spd|1
|move|p1a: Clefable|Calm Mind|p1a: Clefable
|-boost|p1a: Clefable|spa|1
|-boost|p1a: Clefable|spd|1
|
|upkeep
|turn|25
|
|t:|1760851418
|move|p2a: Deoxys|Calm Mind|p2a: Deoxys
|-boost|p2a: Deoxys|spa|1
|-boost|p2a: Deoxys|spd|1
|move|p1a: Clefable|Draining Kiss|p2a: Deoxys
|-damage|p2a: Deoxys|45/100
|-heal|p1a: Clefable|100/100|[from] drain|[of] p2a: Deoxys
|
|upkeep
|turn|26
|
|t:|1760851421
|move|p2a: Deoxys|Recover|p2a: Deoxys
|-heal|p2a: Deoxys|95/100
|move|p1a: Clefable|Draining Kiss|p2a: Deoxys
|-damage|p2a: Deoxys|55/100
|
|upkeep
|turn|27
|
|t:|1760851425
|move|p2a: Deoxys|Stored Power|p1a: Clefable
|-damage|p1a: Clefable|68/100
|move|p1a: Clefable|Draining Kiss|p2a: Deoxys
|-damage|p2a: Deoxys|19/100
|-heal|p1a: Clefable|89/100|[from] drain|[of] p2a: Deoxys
|
|upkeep
|turn|28
|
|t:|1760851430
|move|p2a: Deoxys|Stored Power|p1a: Clefable
|-damage|p1a: Clefable|56/100
|move|p1a: Clefable|Calm Mind|p1a: Clefable
|-boost|p1a: Clefable|spa|1
|-boost|p1a: Clefable|spd|1
|
|upkeep
|turn|29
|
|t:|1760851433
|move|p2a: Deoxys|Stored Power|p1a: Clefable
|-damage|p1a: Clefable|32/100
|move|p1a: Clefable|Draining Kiss|p2a: Deoxys
|-damage|p2a: Deoxys|0 fnt
|-heal|p1a: Clefable|42/100|[from] drain|[of] p2a: Deoxys
|faint|p2a: Deoxys
|
|upkeep
|
|t:|1760851435
|switch|p2a: Barraskewda|Barraskewda, F|84/100
|turn|30
|
|t:|1760851437
|switch|p1a: Volcanion|Volcanion|100/100
|-terastallize|p2a: Barraskewda|Water
|move|p2a: Barraskewda|Liquidation|p1a: Volcanion
|-immune|p1a: Volcanion|[from] ability: Water Absorb
|
|upkeep
|turn|31
|-message|eatsleepjdm forfeited.
|
|win|Weymint
|raw|Weymint's rating: 1321 &rarr; <strong>1344</strong><br />(+23 for winning)
|raw|eatsleepjdm's rating: 1381 &rarr; <strong>1358</strong><br />(-23 for losing)
|l|☆eatsleepjdm
|player|p2|
