|j|☆VisionChomp
|j|☆Krusher Kane
|t:|1760764887
|gametype|singles
|player|p1|VisionChomp|n|1227
|player|p2|Krusher Kane|101|1203
|gen|9
|tier|[Gen 9] OU
|rated|
|rule|HP Percentage Mod: HP is shown in percentages
|rule|Endless Battle Clause: Forcing endless battles is banned
|rule|Species Clause: Limit one of each Pokémon
|rule|OHKO Clause: OHKO moves are banned
|rule|Evasion Items Clause: Evasion items are banned
|rule|Evasion Moves Clause: Evasion moves are banned
|rule|Evasion Abilities Clause: Evasion abilities are banned
|rule|Sleep Moves Clause: Sleep-inducing moves are banned
|clearpoke
|poke|p1|Hoopa-Unbound|
|poke|p1|Ogerpon, F|
|poke|p1|Primarina, M|
|poke|p1|Landorus-Therian, M|
|poke|p1|Zoroark-Hisui, F|
|poke|p1|Blaziken, F|
|poke|p2|Falinks|
|poke|p2|Mimikyu, M|
|poke|p2|Kyurem|
|poke|p2|Metagross|
|poke|p2|Morpeko, M|
|poke|p2|Iron Jugulis|
|teampreview
|inactive|Battle timer is ON: inactive players will automatically lose when time's up. (requested by VisionChomp)
|inactive|Krusher Kane has 120 seconds left.
|
|t:|1760764923
|teamsize|p1|6
|teamsize|p2|6
|start
|switch|p1a: Landorus|Landorus-Therian, M|100/100
|switch|p2a: Iron Jugulis|Iron Jugulis|100/100
|turn|1
|
|t:|1760764935
|move|p1a: Landorus|Hyper Voice|p2a: Iron Jugulis
|-damage|p2a: Iron Jugulis|17/100
|move|p2a: Iron Jugulis|Hurricane|p1a: Landorus|[miss]
|-miss|p2a: Iron Jugulis|p1a: Landorus
|
|upkeep
|turn|2
|inactive|Krusher Kane has 120 seconds left.
|
|t:|1760764966
|-end|p2a: Iron Jugulis|Quark Drive|[silent]
|switch|p2a: Mimikyu|Mimikyu, M|100/100
|move|p1a: Landorus|Hyper Voice|p2a: Mimikyu
|-immune|p2a: Mimikyu
|
|upkeep
|turn|3
|
|t:|1760764972
|switch|p1a: Landorus|Landorus-Therian, M|100/100
|-ability|p1a: Landorus|Intimidate|boost
|-unboost|p2a: Mimikyu|atk|1
|move|p2a: Mimikyu|Trick|p1a: Landorus
|-activate|p2a: Mimikyu|move: Trick|[of] p1a: Landorus
|-item|p1a: Landorus|Choice Scarf|[from] move: Trick
|-item|p2a: Mimikyu|Leftovers|[from] move: Trick
|
|upkeep
|turn|4
|inactive|Krusher Kane has 120 seconds left.
|
|t:|1760764991
|move|p1a: Landorus|U-turn|p2a: Mimikyu
|-activate|p2a: Mimikyu|ability: Disguise
|-damage|p2a: Mimikyu|100/100
|detailschange|p2a: Mimikyu|Mimikyu-Busted, M
|-damage|p2a: Mimikyu|88/100|[from] pokemon: Mimikyu-Busted
|
|t:|1760765003
|switch|p1a: Landorus|Landorus-Therian, M|100/100|[from] U-turn
|move|p2a: Mimikyu|Trick|p1a: Landorus
|-activate|p2a: Mimikyu|move: Trick|[of] p1a: Landorus
|-item|p1a: Landorus|Leftovers|[from] move: Trick
|-item|p2a: Mimikyu|Choice Specs|[from] move: Trick
|
|upkeep
|turn|5
|inactive|Krusher Kane has 120 seconds left.
|
|t:|1760765020
|move|p1a: Landorus|Shadow Ball|p2a: Mimikyu
|-supereffective|p2a: Mimikyu
|-damage|p2a: Mimikyu|2/100
|-unboost|p2a: Mimikyu|spd|1
|move|p2a: Mimikyu|Destiny Bond|p2a: Mimikyu
|-singlemove|p2a: Mimikyu|Destiny Bond
|
|upkeep
|turn|6
|
|t:|1760765026
|move|p1a: Landorus|Shadow Ball|p2a: Mimikyu
|-supereffective|p2a: Mimikyu
|-damage|p2a: Mimikyu|0 fnt
|faint|p2a: Mimikyu
|-activate|p2a: Mimikyu|move: Destiny Bond
|faint|p1a: Landorus
|
|upkeep
|inactive|Krusher Kane has 120 seconds left.
|
|t:|1760765040
|switch|p1a: Landorus|Landorus-Therian, M|100/100
|switch|p2a: Iron Jugulis|Iron Jugulis|17/100
|-ability|p1a: Landorus|Intimidate|boost
|-unboost|p2a: Iron Jugulis|atk|1
|turn|7
|
|t:|1760765047
|move|p2a: Iron Jugulis|Hurricane|p1a: Landorus
|-damage|p1a: Landorus|21/100
|move|p1a: Landorus|U-turn|p2a: Iron Jugulis
|-damage|p2a: Iron Jugulis|0 fnt
|faint|p2a: Iron Jugulis
|-end|p2a: Iron Jugulis|Quark Drive|[silent]
|
|t:|1760765056
|switch|p1a: Ogerpon|Ogerpon, F|100/100|[from] U-turn
|
|upkeep
|inactive|Krusher Kane has 120 seconds left.
|
|t:|1760765074
|switch|p2a: Kyurem|Kyurem|100/100
|-ability|p2a: Kyurem|Pressure
|turn|8
|
|t:|1760765079
|move|p1a: Ogerpon|Superpower|p2a: Kyurem
|-supereffective|p2a: Kyurem
|-damage|p2a: Kyurem|0 fnt
|-unboost|p1a: Ogerpon|atk|1
|-unboost|p1a: Ogerpon|def|1
|faint|p2a: Kyurem
|
|upkeep
|inactive|Krusher Kane has 120 seconds left.
|
|t:|1760765106
|switch|p2a: Metagross|Metagross, shiny|100/100
|turn|9
|
|t:|1760765112
|switch|p1a: Landorus|Landorus-Therian, M|21/100
|-ability|p1a: Landorus|Intimidate|boost
|-fail|p2a: Metagross|unboost|[from] ability: Clear Body|[of] p2a: Metagross
|move|p2a: Metagross|Agility|p2a: Metagross
|-boost|p2a: Metagross|spe|2
|
|upkeep
|turn|10
|inactive|Krusher Kane has 120 seconds left.
|
|t:|1760765124
|move|p2a: Metagross|Psychic Fangs|p1a: Landorus
|-damage|p1a: Landorus|0 fnt
|faint|p1a: Landorus
|
|upkeep
|
|t:|1760765132
|switch|p1a: Primarina|Primarina, M|100/100
|turn|11
|inactive|Krusher Kane has 120 seconds left.
|
|t:|1760765147
|-terastallize|p2a: Metagross|Steel
|move|p2a: Metagross|Meteor Mash|p1a: Primarina
|-damage|p1a: Primarina|24/100
|move|p1a: Primarina|Hydro Pump|p2a: Metagross
|-damage|p2a: Metagross|11/100
|
|upkeep
|turn|12
|inactive|Krusher Kane has 120 seconds left.
|
|t:|1760765158
|move|p2a: Metagross|Earthquake|p1a: Primarina
|-damage|p1a: Primarina|0 fnt
|faint|p1a: Primarina
|
|upkeep
|
|t:|1760765172
|switch|p1a: Ogerpon|Ogerpon, F|100/100
|turn|13
|
|t:|1760765178
|-terastallize|p1a: Ogerpon|Grass
|detailschange|p1a: Ogerpon|Ogerpon-Teal-Tera, F, tera:Grass
|-ability|p1a: Ogerpon|Embody Aspect (Teal)|boost
|-boost|p1a: Ogerpon|spe|1
|move|p1a: Ogerpon|Ivy Cudgel|p2a: Metagross
|-resisted|p2a: Metagross
|-damage|p2a: Metagross|0 fnt
|faint|p2a: Metagross
|
|upkeep
|c|☆Krusher Kane|wpw
|c|☆Krusher Kane|wow
|
|t:|1760765193
|switch|p2a: Falinks|Falinks, shiny|100/100
|turn|14
|
|t:|1760765211
|move|p1a: Ogerpon|Ivy Cudgel|p2a: Falinks
|-enditem|p2a: Falinks|Focus Sash
|-damage|p2a: Falinks|1/100
|move|p2a: Falinks|Close Combat|p1a: Ogerpon
|-damage|p1a: Ogerpon|23/100
|-unboost|p2a: Falinks|def|1
|-unboost|p2a: Falinks|spd|1
|
|upkeep
|turn|15
|c|☆Krusher Kane|very annoying
|
|t:|1760765222
|move|p1a: Ogerpon|Ivy Cudgel|p2a: Falinks
|-damage|p2a: Falinks|0 fnt
|faint|p2a: Falinks
|
|upkeep
|
|t:|1760765225
|switch|p2a: Morpeko|Morpeko, M, shiny|100/100
|turn|16
|
|t:|1760765232
|move|p2a: Morpeko|Fake Out|p1a: Ogerpon
|-damage|p1a: Ogerpon|12/100
|cant|p1a: Ogerpon|flinch
|
|-formechange|p2a: Morpeko|Morpeko-Hangry||[from] ability: Hunger Switch
|upkeep
|turn|17
|
|t:|1760765242
|move|p1a: Ogerpon|Ivy Cudgel|p2a: Morpeko
|-damage|p2a: Morpeko|0 fnt
|faint|p2a: Morpeko
|
|win|VisionChomp
|raw|VisionChomp's rating: 1227 &rarr; <strong>1250</strong><br />(+23 for winning)
|raw|Krusher Kane's rating: 1203 &rarr; <strong>1180</strong><br />(-23 for losing)
|l|☆VisionChomp
|player|p1|
|l|☆Krusher Kane
|player|p2|
