|j|☆Dbcool
|j|☆NoobishTrainerJoe
|t:|1760823372
|gametype|singles
|player|p1|Dbcool|fantina|1389
|player|p2|NoobishTrainerJoe|169|1437
|gen|9
|tier|[Gen 9] OU
|rated|
|rule|HP Percentage Mod: HP is shown in percentages
|rule|Endless Battle Clause: Forcing endless battles is banned
|rule|Species Clause: Limit one of each Pokémon
|rule|OHKO Clause: OHKO moves are banned
|rule|Evasion Items Clause: Evasion items are banned
|rule|Evasion Moves Clause: Evasion moves are banned
|rule|Evasion Abilities Clause: Evasion abilities are banned
|rule|Sleep Moves Clause: Sleep-inducing moves are banned
|clearpoke
|poke|p1|Gholdengo|
|poke|p1|Zamazenta-*|
|poke|p1|Ting-Lu|
|poke|p1|Clefable, F|
|poke|p1|Dragonite, M|
|poke|p1|Deoxys-Speed|
|poke|p2|Great Tusk|
|poke|p2|Deoxys-Speed|
|poke|p2|Dragonite, M|
|poke|p2|Glimmora, F|
|poke|p2|Kingambit, M|
|poke|p2|Tornadus-Therian, M|
|teampreview
|
|t:|1760823403
|teamsize|p1|6
|teamsize|p2|6
|start
|switch|p1a: Ting-Lu|Ting-Lu, shiny|100/100
|switch|p2a: Deoxys|Deoxys-Speed|100/100
|-ability|p2a: Deoxys|Pressure
|-ability|p1a: Ting-Lu|Vessel of Ruin
|turn|1
|c|☆Dbcool|wait
|c|☆Dbcool|is this the same noobishtrainerjoe from the agency
|c|☆NoobishTrainerJoe|maybe
|c|☆Dbcool|i see u in blunders streams lol
|c|☆Dbcool|like in the chat and donating
|c|☆NoobishTrainerJoe|ye
|c|☆Dbcool|fellow agent
|c|☆Dbcool|respect
|c|☆NoobishTrainerJoe|gl hf
|c|☆Dbcool|wait
|c|☆Dbcool|proper agency greeting
|c|☆NoobishTrainerJoe|agency
|c|☆Dbcool|if i win it's bc i'm better, if you win it's bc you haxxed
|
|t:|1760823485
|move|p2a: Deoxys|Reflect|p2a: Deoxys
|-sidestart|p2: NoobishTrainerJoe|Reflect
|move|p1a: Ting-Lu|Earthquake|p2a: Deoxys
|-damage|p2a: Deoxys|79/100
|
|upkeep
|turn|2
|inactive|Battle timer is ON: inactive players will automatically lose when time's up. (requested by Dbcool)
|
|t:|1760823499
|move|p2a: Deoxys|Knock Off|p1a: Ting-Lu
|-resisted|p1a: Ting-Lu
|-damage|p1a: Ting-Lu|95/100
|-enditem|p1a: Ting-Lu|Leftovers|[from] move: Knock Off|[of] p2a: Deoxys
|move|p1a: Ting-Lu|Spikes|p2a: Deoxys
|-sidestart|p2: NoobishTrainerJoe|Spikes
|
|upkeep
|turn|3
|
|t:|1760823520
|switch|p2a: Dragonite|Dragonite, M|100/100
|move|p1a: Ting-Lu|Ruination|p2a: Dragonite|[miss]
|-miss|p1a: Ting-Lu|p2a: Dragonite
|
|upkeep
|turn|4
|
|t:|1760823525
|move|p2a: Dragonite|Scale Shot|p1a: Ting-Lu
|-damage|p1a: Ting-Lu|87/100
|-damage|p1a: Ting-Lu|79/100
|-damage|p1a: Ting-Lu|71/100
|-damage|p1a: Ting-Lu|62/100
|-hitcount|p1a: Ting-Lu|4
|-unboost|p2a: Dragonite|def|1
|-boost|p2a: Dragonite|spe|1
|move|p1a: Ting-Lu|Ruination|p2a: Dragonite
|-damage|p2a: Dragonite|51/100
|
|upkeep
|turn|5
|
|t:|1760823536
|move|p2a: Dragonite|Scale Shot|p1a: Ting-Lu
|-damage|p1a: Ting-Lu|54/100
|-damage|p1a: Ting-Lu|45/100
|-damage|p1a: Ting-Lu|37/100
|-damage|p1a: Ting-Lu|29/100
|-damage|p1a: Ting-Lu|21/100
|-hitcount|p1a: Ting-Lu|5
|-unboost|p2a: Dragonite|def|1
|-boost|p2a: Dragonite|spe|1
|move|p1a: Ting-Lu|Whirlwind|p2a: Dragonite
|drag|p2a: Tornadus|Tornadus-Therian, M|100/100
|
|upkeep
|turn|6
|
|t:|1760823549
|move|p2a: Tornadus|Grass Knot|p1a: Ting-Lu
|-supereffective|p1a: Ting-Lu
|-damage|p1a: Ting-Lu|0 fnt
|faint|p1a: Ting-Lu
|-damage|p2a: Tornadus|91/100|[from] item: Life Orb
|
|upkeep
|
|t:|1760823565
|switch|p1a: Deoxys|Deoxys-Speed|100/100
|-ability|p1a: Deoxys|Pressure
|turn|7
|inactive|NoobishTrainerJoe has 120 seconds left.
|
|t:|1760823600
|move|p1a: Deoxys|Nasty Plot|p1a: Deoxys
|-boost|p1a: Deoxys|spa|2
|move|p2a: Tornadus|Bleakwind Storm|p1a: Deoxys
|-damage|p1a: Deoxys|16/100
|-damage|p2a: Tornadus|81/100|[from] item: Life Orb
|
|upkeep
|turn|8
|inactive|NoobishTrainerJoe has 120 seconds left.
|
|t:|1760823620
|switch|p2a: Kingambit|Kingambit, M|100/100
|-damage|p2a: Kingambit|88/100|[from] Spikes
|move|p1a: Deoxys|Ice Beam|p2a: Kingambit
|-resisted|p2a: Kingambit
|-damage|p2a: Kingambit|61/100
|
|-sideend|p2: NoobishTrainerJoe|Reflect
|upkeep
|turn|9
|
|t:|1760823631
|switch|p1a: Zamazenta|Zamazenta|100/100
|-ability|p1a: Zamazenta|Dauntless Shield|boost
|-boost|p1a: Zamazenta|def|1
|move|p2a: Kingambit|Iron Head|p1a: Zamazenta
|-damage|p1a: Zamazenta|75/100
|
|upkeep
|turn|10
|
|t:|1760823644
|-end|p2a: Kingambit|fallenundefined|[silent]
|switch|p2a: Glimmora|Glimmora, F|100/100
|-damage|p2a: Glimmora|88/100|[from] Spikes
|move|p1a: Zamazenta|Close Combat|p2a: Glimmora
|-damage|p2a: Glimmora|22/100
|-unboost|p1a: Zamazenta|def|1
|-unboost|p1a: Zamazenta|spd|1
|-activate|p2a: Glimmora|ability: Toxic Debris
|-sidestart|p1: Dbcool|move: Toxic Spikes
|
|upkeep
|turn|11
|
|t:|1760823651
|move|p1a: Zamazenta|Close Combat|p2a: Glimmora
|-damage|p2a: Glimmora|0 fnt
|-unboost|p1a: Zamazenta|def|1
|-unboost|p1a: Zamazenta|spd|1
|-activate|p2a: Glimmora|ability: Toxic Debris
|-sidestart|p1: Dbcool|move: Toxic Spikes
|faint|p2a: Glimmora
|
|upkeep
|
|t:|1760823663
|switch|p2a: Deoxys|Deoxys-Speed|79/100
|-damage|p2a: Deoxys|67/100|[from] Spikes
|-ability|p2a: Deoxys|Pressure
|turn|12
|
|t:|1760823671
|switch|p1a: Gholdengo|Gholdengo|100/100
|move|p2a: Deoxys|Reflect|p2a: Deoxys
|-sidestart|p2: NoobishTrainerJoe|Reflect
|
|upkeep
|turn|13
|
|t:|1760823675
|move|p2a: Deoxys|Light Screen|p2a: Deoxys
|-sidestart|p2: NoobishTrainerJoe|move: Light Screen
|move|p1a: Gholdengo|Shadow Ball|p2a: Deoxys
|-supereffective|p2a: Deoxys
|-damage|p2a: Deoxys|24/100
|
|upkeep
|turn|14
|
|t:|1760823679
|move|p2a: Deoxys|Knock Off|p1a: Gholdengo
|-supereffective|p1a: Gholdengo
|-damage|p1a: Gholdengo|73/100
|-enditem|p1a: Gholdengo|Heavy-Duty Boots|[from] move: Knock Off|[of] p2a: Deoxys
|move|p1a: Gholdengo|Shadow Ball|p2a: Deoxys
|-supereffective|p2a: Deoxys
|-damage|p2a: Deoxys|0 fnt
|faint|p2a: Deoxys
|
|upkeep
|
|t:|1760823704
|switch|p2a: Dragonite|Dragonite, M|51/100
|turn|15
|
|t:|1760823709
|switch|p1a: Clefable|Clefable, F|100/100
|-status|p1a: Clefable|tox
|move|p2a: Dragonite|Dragon Dance|p2a: Dragonite
|-boost|p2a: Dragonite|atk|1
|-boost|p2a: Dragonite|spe|1
|
|upkeep
|turn|16
|
|t:|1760823720
|-terastallize|p2a: Dragonite|Fire
|move|p2a: Dragonite|Dragon Dance|p2a: Dragonite
|-boost|p2a: Dragonite|atk|1
|-boost|p2a: Dragonite|spe|1
|move|p1a: Clefable|Moonblast|p2a: Dragonite
|-resisted|p2a: Dragonite
|-damage|p2a: Dragonite|44/100
|
|upkeep
|turn|17
|
|t:|1760823735
|move|p2a: Dragonite|Fire Punch|p1a: Clefable
|-damage|p1a: Clefable|27/100 tox
|-damage|p2a: Dragonite|27/100|[from] item: Rocky Helmet|[of] p1a: Clefable
|move|p1a: Clefable|Knock Off|p2a: Dragonite
|-damage|p2a: Dragonite|20/100
|-enditem|p2a: Dragonite|Loaded Dice|[from] move: Knock Off|[of] p1a: Clefable
|
|upkeep
|turn|18
|
|t:|1760823746
|move|p2a: Dragonite|Fire Punch|p1a: Clefable
|-damage|p1a: Clefable|0 fnt
|-damage|p2a: Dragonite|3/100|[from] item: Rocky Helmet|[of] p1a: Clefable
|faint|p1a: Clefable
|
|upkeep
|
|t:|1760823758
|switch|p1a: Dragonite|Dragonite, M|100/100
|turn|19
|
|t:|1760823762
|move|p2a: Dragonite|Extreme Speed|p1a: Dragonite
|-damage|p1a: Dragonite|71/100
|move|p1a: Dragonite|Extreme Speed|p2a: Dragonite
|-damage|p2a: Dragonite|0 fnt
|faint|p2a: Dragonite
|
|-sideend|p2: NoobishTrainerJoe|Reflect
|upkeep
|
|t:|1760823770
|switch|p2a: Great Tusk|Great Tusk|100/100
|-damage|p2a: Great Tusk|88/100|[from] Spikes
|-enditem|p2a: Great Tusk|Booster Energy
|-activate|p2a: Great Tusk|ability: Protosynthesis|[fromitem]
|-start|p2a: Great Tusk|protosynthesisatk
|turn|20
|
|t:|1760823790
|switch|p1a: Gholdengo|Gholdengo|73/100
|move|p2a: Great Tusk|Rapid Spin|p1a: Gholdengo
|-immune|p1a: Gholdengo
|
|-sideend|p2: NoobishTrainerJoe|move: Light Screen
|upkeep
|turn|21
|
|t:|1760823810
|move|p2a: Great Tusk|Headlong Rush|p1a: Gholdengo
|-supereffective|p1a: Gholdengo
|-damage|p1a: Gholdengo|0 fnt
|-unboost|p2a: Great Tusk|def|1
|-unboost|p2a: Great Tusk|spd|1
|faint|p1a: Gholdengo
|
|upkeep
|
|t:|1760823825
|switch|p1a: Zamazenta|Zamazenta|75/100
|turn|22
|
|t:|1760823848
|move|p1a: Zamazenta|Ice Fang|p2a: Great Tusk
|-supereffective|p2a: Great Tusk
|-damage|p2a: Great Tusk|41/100
|move|p2a: Great Tusk|Headlong Rush|p1a: Zamazenta
|-damage|p1a: Zamazenta|7/100
|-unboost|p2a: Great Tusk|def|1
|-unboost|p2a: Great Tusk|spd|1
|
|upkeep
|turn|23
|
|t:|1760823859
|move|p1a: Zamazenta|Ice Fang|p2a: Great Tusk
|-supereffective|p2a: Great Tusk
|-crit|p2a: Great Tusk
|-damage|p2a: Great Tusk|0 fnt
|faint|p2a: Great Tusk
|-end|p2a: Great Tusk|Protosynthesis|[silent]
|
|upkeep
|inactive|NoobishTrainerJoe has 120 seconds left.
|c|☆Dbcool|i may have fucked up
|
|t:|1760823880
|switch|p2a: Kingambit|Kingambit, M|61/100
|-damage|p2a: Kingambit|49/100|[from] Spikes
|-activate|p2a: Kingambit|ability: Supreme Overlord
|-start|p2a: Kingambit|fallen4|[silent]
|turn|24
|c|☆Dbcool|going zama
|inactive|NoobishTrainerJoe has 120 seconds left.
|
|t:|1760823890
|move|p2a: Kingambit|Sucker Punch|p1a: Zamazenta
|-resisted|p1a: Zamazenta
|-damage|p1a: Zamazenta|0 fnt
|faint|p1a: Zamazenta
|
|upkeep
|
|t:|1760823895
|switch|p1a: Dragonite|Dragonite, M|71/100
|turn|25
|
|t:|1760823901
|move|p1a: Dragonite|Roost|p1a: Dragonite
|-heal|p1a: Dragonite|100/100
|-singleturn|p1a: Dragonite|move: Roost
|move|p2a: Kingambit|Iron Head|p1a: Dragonite
|-damage|p1a: Dragonite|68/100
|
|upkeep
|turn|26
|
|t:|1760823909
|move|p1a: Dragonite|Earthquake|p2a: Kingambit
|-supereffective|p2a: Kingambit
|-damage|p2a: Kingambit|0 fnt
|faint|p2a: Kingambit
|-end|p2a: Kingambit|fallen4|[silent]
|
|upkeep
|
|t:|1760823912
|switch|p2a: Tornadus|Tornadus-Therian, M|100/100
|turn|27
|
|t:|1760823916
|-terastallize|p1a: Dragonite|Normal
|move|p1a: Dragonite|Extreme Speed|p2a: Tornadus
|-damage|p2a: Tornadus|31/100
|move|p2a: Tornadus|Bleakwind Storm|p1a: Dragonite
|-damage|p1a: Dragonite|13/100
|-damage|p2a: Tornadus|22/100|[from] item: Life Orb
|
|upkeep
|turn|28
|
|t:|1760823923
|move|p1a: Dragonite|Extreme Speed|p2a: Tornadus
|-damage|p2a: Tornadus|0 fnt
|faint|p2a: Tornadus
|
|win|Dbcool
|raw|Dbcool's rating: 1389 &rarr; <strong>1412</strong><br />(+23 for winning)
|raw|NoobishTrainerJoe's rating: 1437 &rarr; <strong>1414</strong><br />(-23 for losing)
|c|☆NoobishTrainerJoe|gg
|c|☆Dbcool|gg
|l|☆NoobishTrainerJoe
|player|p2|
