|j|☆tete kal
|j|☆LastTrainer5
|t:|1760881631
|gametype|singles
|player|p1|tete kal|palmer|1140
|player|p2|LastTrainer5|hilbert|1152
|gen|9
|tier|[Gen 9] OU
|rated|
|rule|HP Percentage Mod: HP is shown in percentages
|rule|Endless Battle Clause: Forcing endless battles is banned
|rule|Species Clause: Limit one of each Pokémon
|rule|OHKO Clause: OHKO moves are banned
|rule|Evasion Items Clause: Evasion items are banned
|rule|Evasion Moves Clause: Evasion moves are banned
|rule|Evasion Abilities Clause: Evasion abilities are banned
|rule|Sleep Moves Clause: Sleep-inducing moves are banned
|clearpoke
|poke|p1|Gholdengo|
|poke|p1|Excadrill, F|
|poke|p1|Tyranitar, F|
|poke|p1|Clodsire, M|
|poke|p1|Garganacl, F|
|poke|p1|Enamorus-Therian, F|
|poke|p2|Scizor, F|
|poke|p2|Greninja-*, M|
|poke|p2|Meowscarada, M|
|poke|p2|Pikachu, M|
|poke|p2|Necrozma|
|poke|p2|Ceruledge, M|
|teampreview
|inactive|Battle timer is ON: inactive players will automatically lose when time's up. (requested by tete kal)
|inactive|tete kal has 120 seconds left.
|
|t:|1760881672
|teamsize|p1|6
|teamsize|p2|6
|start
|switch|p1a: Garganacl|Garganacl, F|100/100
|switch|p2a: Ceruledge|Ceruledge, M|100/100
|turn|1
|
|t:|1760881682
|move|p2a: Ceruledge|Bulk Up|p2a: Ceruledge
|-boost|p2a: Ceruledge|atk|1
|-boost|p2a: Ceruledge|def|1
|move|p1a: Garganacl|Substitute|p1a: Garganacl
|-start|p1a: Garganacl|Substitute
|-damage|p1a: Garganacl|75/100
|
|-heal|p1a: Garganacl|82/100|[from] item: Leftovers
|upkeep
|turn|2
|
|t:|1760881691
|move|p2a: Ceruledge|Shadow Claw|p1a: Garganacl
|-activate|p1a: Garganacl|move: Substitute|[damage]
|-damage|p2a: Ceruledge|90/100|[from] item: Life Orb
|move|p1a: Garganacl|Salt Cure|p2a: Ceruledge
|-supereffective|p2a: Ceruledge
|-damage|p2a: Ceruledge|70/100
|-start|p2a: Ceruledge|Salt Cure
|
|-heal|p1a: Garganacl|88/100|[from] item: Leftovers
|-damage|p2a: Ceruledge|57/100|[from] Salt Cure
|upkeep
|turn|3
|
|t:|1760881706
|move|p2a: Ceruledge|Shadow Claw|p1a: Garganacl
|-end|p1a: Garganacl|Substitute
|-damage|p2a: Ceruledge|47/100|[from] item: Life Orb
|move|p1a: Garganacl|Earthquake|p2a: Ceruledge
|-supereffective|p2a: Ceruledge
|-damage|p2a: Ceruledge|15/100
|
|-heal|p1a: Garganacl|94/100|[from] item: Leftovers
|-damage|p2a: Ceruledge|3/100|[from] Salt Cure
|upkeep
|turn|4
|
|t:|1760881718
|move|p1a: Garganacl|Protect|p1a: Garganacl
|-singleturn|p1a: Garganacl|Protect
|move|p2a: Ceruledge|Shadow Claw|p1a: Garganacl
|-activate|p1a: Garganacl|move: Protect
|
|-heal|p1a: Garganacl|99/100|[from] item: Leftovers
|-damage|p2a: Ceruledge|0 fnt|[from] Salt Cure
|faint|p2a: Ceruledge
|upkeep
|
|t:|1760881729
|switch|p2a: Greninja|Greninja, M|100/100
|turn|5
|
|t:|1760881737
|switch|p1a: Clodsire|Clodsire, M|100/100
|move|p2a: Greninja|Water Shuriken|p1a: Clodsire
|-start|p2a: Greninja|typechange|Water|[from] ability: Protean
|-immune|p1a: Clodsire|[from] ability: Water Absorb
|
|upkeep
|turn|6
|
|t:|1760881754
|move|p2a: Greninja|Grass Knot|p1a: Clodsire
|-damage|p1a: Clodsire|84/100
|move|p1a: Clodsire|Spikes|p2a: Greninja
|-sidestart|p2: LastTrainer5|Spikes
|
|-heal|p1a: Clodsire|90/100|[from] item: Black Sludge
|upkeep
|turn|7
|
|t:|1760881760
|move|p2a: Greninja|Ice Beam|p1a: Clodsire
|-supereffective|p1a: Clodsire
|-damage|p1a: Clodsire|67/100
|move|p1a: Clodsire|Spikes|p2a: Greninja
|-sidestart|p2: LastTrainer5|Spikes
|
|-heal|p1a: Clodsire|73/100|[from] item: Black Sludge
|upkeep
|turn|8
|
|t:|1760881770
|move|p2a: Greninja|Ice Beam|p1a: Clodsire
|-supereffective|p1a: Clodsire
|-damage|p1a: Clodsire|49/100
|move|p1a: Clodsire|Spikes|p2a: Greninja
|-sidestart|p2: LastTrainer5|Spikes
|
|-heal|p1a: Clodsire|55/100|[from] item: Black Sludge
|upkeep
|turn|9
|
|t:|1760881776
|move|p2a: Greninja|Ice Beam|p1a: Clodsire
|-supereffective|p1a: Clodsire
|-damage|p1a: Clodsire|28/100
|-status|p1a: Clodsire|frz
|cant|p1a: Clodsire|frz
|
|-heal|p1a: Clodsire|34/100 frz|[from] item: Black Sludge
|upkeep
|turn|10
|
|t:|1760881784
|move|p2a: Greninja|Ice Beam|p1a: Clodsire
|-supereffective|p1a: Clodsire
|-damage|p1a: Clodsire|10/100 frz
|cant|p1a: Clodsire|frz
|
|-heal|p1a: Clodsire|17/100 frz|[from] item: Black Sludge
|upkeep
|turn|11
|
|t:|1760881790
|move|p2a: Greninja|Ice Beam|p1a: Clodsire
|-supereffective|p1a: Clodsire
|-damage|p1a: Clodsire|0 fnt
|faint|p1a: Clodsire
|
|upkeep
|
|t:|1760881809
|switch|p1a: Gholdengo|Gholdengo|100/100
|turn|12
|
|t:|1760881824
|switch|p2a: Pikachu|Pikachu, M|100/100
|-damage|p2a: Pikachu|76/100|[from] Spikes
|move|p1a: Gholdengo|Thunderbolt|p2a: Pikachu
|-ability|p2a: Pikachu|Lightning Rod|boost
|-boost|p2a: Pikachu|spa|1
|
|upkeep
|turn|13
|
|t:|1760881832
|switch|p1a: Tyranitar|Tyranitar, F|100/100
|-weather|Sandstorm|[from] ability: Sand Stream|[of] p1a: Tyranitar
|move|p2a: Pikachu|Nuzzle|p1a: Tyranitar
|-damage|p1a: Tyranitar|93/100
|-status|p1a: Tyranitar|par
|
|-weather|Sandstorm|[upkeep]
|-damage|p2a: Pikachu|70/100|[from] Sandstorm
|upkeep
|turn|14
|
|t:|1760881846
|switch|p1a: Excadrill|Excadrill, F|100/100
|move|p2a: Pikachu|Surf|p1a: Excadrill
|-supereffective|p1a: Excadrill
|-damage|p1a: Excadrill|0 fnt
|faint|p1a: Excadrill
|
|-weather|Sandstorm|[upkeep]
|-damage|p2a: Pikachu|64/100|[from] Sandstorm
|upkeep
|
|t:|1760881853
|switch|p1a: Garganacl|Garganacl, F|99/100
|turn|15
|
|t:|1760881863
|-terastallize|p2a: Pikachu|Water
|move|p2a: Pikachu|Surf|p1a: Garganacl
|-supereffective|p1a: Garganacl
|-damage|p1a: Garganacl|19/100
|move|p1a: Garganacl|Salt Cure|p2a: Pikachu
|-damage|p2a: Pikachu|28/100
|-start|p2a: Pikachu|Salt Cure
|
|-weather|Sandstorm|[upkeep]
|-damage|p2a: Pikachu|23/100|[from] Sandstorm
|-heal|p1a: Garganacl|25/100|[from] item: Leftovers
|-damage|p2a: Pikachu|0 fnt|[from] Salt Cure
|faint|p2a: Pikachu
|upkeep
|
|t:|1760881880
|switch|p2a: Greninja|Greninja, M|100/100
|-damage|p2a: Greninja|75/100|[from] Spikes
|turn|16
|
|t:|1760881884
|move|p1a: Garganacl|Protect|p1a: Garganacl
|-singleturn|p1a: Garganacl|Protect
|move|p2a: Greninja|Ice Beam|p1a: Garganacl
|-start|p2a: Greninja|typechange|Ice|[from] ability: Protean
|-activate|p1a: Garganacl|move: Protect
|
|-weather|Sandstorm|[upkeep]
|-damage|p2a: Greninja|69/100|[from] Sandstorm
|-heal|p1a: Garganacl|31/100|[from] item: Leftovers
|upkeep
|turn|17
|
|t:|1760881894
|move|p2a: Greninja|Grass Knot|p1a: Garganacl
|-supereffective|p1a: Garganacl
|-damage|p1a: Garganacl|0 fnt
|faint|p1a: Garganacl
|
|-weather|none
|upkeep
|
|t:|1760881900
|switch|p1a: Gholdengo|Gholdengo|100/100
|turn|18
|
|t:|1760881911
|move|p1a: Gholdengo|Trick|p2a: Greninja
|-activate|p1a: Gholdengo|move: Trick|[of] p2a: Greninja
|-item|p2a: Greninja|Choice Scarf|[from] move: Trick
|-enditem|p1a: Gholdengo|Choice Scarf|[silent]|[from] move: Trick
|move|p2a: Greninja|Ice Beam|p1a: Gholdengo
|-resisted|p1a: Gholdengo
|-crit|p1a: Gholdengo
|-damage|p1a: Gholdengo|71/100
|
|upkeep
|turn|19
|
|t:|1760881924
|move|p2a: Greninja|Ice Beam|p1a: Gholdengo
|-resisted|p1a: Gholdengo
|-damage|p1a: Gholdengo|52/100
|move|p1a: Gholdengo|Make It Rain|p2a: Greninja
|-supereffective|p2a: Greninja
|-damage|p2a: Greninja|0 fnt
|-unboost|p1a: Gholdengo|spa|1
|faint|p2a: Greninja
|
|upkeep
|
|t:|1760881933
|switch|p2a: Necrozma|Necrozma|100/100
|-damage|p2a: Necrozma|76/100|[from] Spikes
|turn|20
|
|t:|1760881949
|switch|p1a: Tyranitar|Tyranitar, F|93/100 par
|-weather|Sandstorm|[from] ability: Sand Stream|[of] p1a: Tyranitar
|move|p2a: Necrozma|Calm Mind|p2a: Necrozma
|-boost|p2a: Necrozma|spa|1
|-boost|p2a: Necrozma|spd|1
|
|-weather|Sandstorm|[upkeep]
|-damage|p2a: Necrozma|70/100|[from] Sandstorm
|upkeep
|turn|21
|
|t:|1760881965
|move|p2a: Necrozma|Power Gem|p1a: Tyranitar
|-damage|p1a: Tyranitar|77/100 par
|cant|p1a: Tyranitar|par
|
|-weather|Sandstorm|[upkeep]
|-damage|p2a: Necrozma|64/100|[from] Sandstorm
|upkeep
|turn|22
|
|t:|1760881984
|switch|p2a: Meowscarada|Meowscarada, M|100/100
|-damage|p2a: Meowscarada|76/100|[from] Spikes
|cant|p1a: Tyranitar|par
|
|-weather|Sandstorm|[upkeep]
|-damage|p2a: Meowscarada|70/100|[from] Sandstorm
|upkeep
|turn|23
|
|t:|1760881992
|switch|p1a: Enamorus|Enamorus-Therian, F|100/100
|move|p2a: Meowscarada|Flower Trick|p1a: Enamorus
|-start|p2a: Meowscarada|typechange|Grass|[from] ability: Protean
|-resisted|p1a: Enamorus
|-crit|p1a: Enamorus
|-damage|p1a: Enamorus|84/100
|
|-weather|Sandstorm|[upkeep]
|-damage|p2a: Meowscarada|63/100|[from] Sandstorm
|-heal|p1a: Enamorus|90/100|[from] item: Leftovers
|upkeep
|turn|24
|
|t:|1760882003
|move|p2a: Meowscarada|Thunder Punch|p1a: Enamorus
|-supereffective|p1a: Enamorus
|-damage|p1a: Enamorus|60/100
|move|p1a: Enamorus|Mystical Fire|p2a: Meowscarada
|-supereffective|p2a: Meowscarada
|-damage|p2a: Meowscarada|8/100
|-unboost|p2a: Meowscarada|spa|1
|
|-weather|none
|-heal|p1a: Enamorus|66/100|[from] item: Leftovers
|upkeep
|turn|25
|
|t:|1760882012
|switch|p1a: Tyranitar|Tyranitar, F|77/100 par
|-weather|Sandstorm|[from] ability: Sand Stream|[of] p1a: Tyranitar
|move|p2a: Meowscarada|Thunder Punch|p1a: Tyranitar
|-damage|p1a: Tyranitar|59/100 par
|
|-weather|Sandstorm|[upkeep]
|-damage|p2a: Meowscarada|2/100|[from] Sandstorm
|upkeep
|turn|26
|
|t:|1760882021
|move|p2a: Meowscarada|Flower Trick|p1a: Tyranitar
|-supereffective|p1a: Tyranitar
|-crit|p1a: Tyranitar
|-damage|p1a: Tyranitar|0 fnt
|faint|p1a: Tyranitar
|
|-weather|Sandstorm|[upkeep]
|-damage|p2a: Meowscarada|0 fnt|[from] Sandstorm
|faint|p2a: Meowscarada
|upkeep
|
|t:|1760882035
|switch|p2a: Necrozma|Necrozma|64/100
|switch|p1a: Gholdengo|Gholdengo|52/100
|-damage|p2a: Necrozma|39/100|[from] Spikes
|turn|27
|
|t:|1760882042
|move|p1a: Gholdengo|Shadow Ball|p2a: Necrozma
|-supereffective|p2a: Necrozma
|-damage|p2a: Necrozma|0 fnt
|faint|p2a: Necrozma
|
|-weather|Sandstorm|[upkeep]
|upkeep
|
|t:|1760882047
|switch|p2a: Scizor|Scizor, F|100/100
|-damage|p2a: Scizor|75/100|[from] Spikes
|turn|28
|
|t:|1760882054
|move|p1a: Gholdengo|Shadow Ball|p2a: Scizor
|-damage|p2a: Scizor|17/100
|move|p2a: Scizor|Swords Dance|p2a: Scizor
|-boost|p2a: Scizor|atk|2
|
|-weather|Sandstorm|[upkeep]
|upkeep
|turn|29
|
|t:|1760882070
|move|p2a: Scizor|Bullet Punch|p1a: Gholdengo
|-resisted|p1a: Gholdengo
|-damage|p1a: Gholdengo|22/100
|move|p1a: Gholdengo|Shadow Ball|p2a: Scizor
|-damage|p2a: Scizor|0 fnt
|faint|p2a: Scizor
|
|win|tete kal
|raw|tete kal's rating: 1140 &rarr; <strong>1166</strong><br />(+26 for winning)
|raw|LastTrainer5's rating: 1152 &rarr; <strong>1126</strong><br />(-26 for losing)
|l|☆LastTrainer5
|player|p2|
|l|☆tete kal
|player|p1|
