|j|☆UnitedDank
|j|☆reudige Gurke
|t:|1760835695
|gametype|singles
|player|p1|UnitedDank|youngn|1481
|player|p2|reudige Gurke|265|1430
|gen|9
|tier|[Gen 9] OU
|rated|
|rule|HP Percentage Mod: HP is shown in percentages
|rule|Endless Battle Clause: Forcing endless battles is banned
|rule|Species Clause: Limit one of each Pokémon
|rule|OHKO Clause: OHKO moves are banned
|rule|Evasion Items Clause: Evasion items are banned
|rule|Evasion Moves Clause: Evasion moves are banned
|rule|Evasion Abilities Clause: Evasion abilities are banned
|rule|Sleep Moves Clause: Sleep-inducing moves are banned
|clearpoke
|poke|p1|Kyurem|
|poke|p1|Great Tusk|
|poke|p1|Landorus-Therian, M|
|poke|p1|Kingambit, M|
|poke|p1|Pecharunt|
|poke|p1|Primarina, M|
|poke|p2|Mew|
|poke|p2|Alomomola, M|
|poke|p2|Cinderace, F|
|poke|p2|Primarina, F|
|poke|p2|Persian-Alola, M|
|poke|p2|Kyurem|
|teampreview
|inactive|Battle timer is ON: inactive players will automatically lose when time's up. (requested by reudige Gurke)
|
|t:|1760835705
|teamsize|p1|6
|teamsize|p2|6
|start
|switch|p1a: Great Tusk|Great Tusk|100/100
|switch|p2a: Persian|Persian-Alola, M|100/100
|turn|1
|
|t:|1760835714
|move|p2a: Persian|Parting Shot|p1a: Great Tusk
|-unboost|p1a: Great Tusk|atk|1
|-unboost|p1a: Great Tusk|spa|1
|
|t:|1760835716
|switch|p2a: Alomomola|Alomomola, M|100/100|[from] Parting Shot
|move|p1a: Great Tusk|Stealth Rock|p2a: Alomomola
|-sidestart|p2: reudige Gurke|move: Stealth Rock
|
|upkeep
|turn|2
|
|t:|1760835727
|-end|p1a: Great Tusk|Protosynthesis|[silent]
|switch|p1a: Kyurem|Kyurem|100/100
|-ability|p1a: Kyurem|Pressure
|move|p2a: Alomomola|Flip Turn|p1a: Kyurem
|-resisted|p1a: Kyurem
|-damage|p1a: Kyurem|93/100
|
|t:|1760835732
|switch|p2a: Persian|Persian-Alola, M|100/100|[from] Flip Turn
|-damage|p2a: Persian|88/100|[from] Stealth Rock
|
|-heal|p1a: Kyurem|99/100|[from] item: Leftovers
|upkeep
|turn|3
|
|t:|1760835749
|move|p2a: Persian|Switcheroo|p1a: Kyurem
|-activate|p2a: Persian|move: Trick|[of] p1a: Kyurem
|-item|p1a: Kyurem|Choice Scarf|[from] move: Switcheroo
|-item|p2a: Persian|Leftovers|[from] move: Switcheroo
|move|p1a: Kyurem|Freeze-Dry|p2a: Persian
|-damage|p2a: Persian|36/100
|
|-heal|p2a: Persian|42/100|[from] item: Leftovers
|upkeep
|turn|4
|
|t:|1760835760
|switch|p1a: Landorus|Landorus-Therian, M|100/100
|-ability|p1a: Landorus|Intimidate|boost
|-unboost|p2a: Persian|atk|1
|switch|p2a: Kyurem|Kyurem|100/100
|-damage|p2a: Kyurem|76/100|[from] Stealth Rock
|-ability|p2a: Kyurem|Pressure
|
|-heal|p2a: Kyurem|82/100|[from] item: Leftovers
|upkeep
|turn|5
|
|t:|1760835770
|move|p1a: Landorus|U-turn|p2a: Kyurem
|-crit|p2a: Kyurem
|-damage|p2a: Kyurem|50/100
|
|t:|1760835772
|switch|p1a: Primarina|Primarina, M|100/100|[from] U-turn
|move|p2a: Kyurem|Substitute|p2a: Kyurem
|-start|p2a: Kyurem|Substitute
|-damage|p2a: Kyurem|26/100
|
|-heal|p2a: Kyurem|32/100|[from] item: Leftovers
|upkeep
|turn|6
|
|t:|1760835781
|move|p2a: Kyurem|Protect|p2a: Kyurem
|-singleturn|p2a: Kyurem|Protect
|move|p1a: Primarina|Psychic Noise|p2a: Kyurem
|-activate|p2a: Kyurem|move: Protect
|
|-heal|p2a: Kyurem|38/100|[from] item: Leftovers
|upkeep
|turn|7
|
|t:|1760835808
|switch|p2a: Persian|Persian-Alola, M|42/100
|-damage|p2a: Persian|30/100|[from] Stealth Rock
|move|p1a: Primarina|Moonblast|p2a: Persian
|-supereffective|p2a: Persian
|-damage|p2a: Persian|0 fnt
|faint|p2a: Persian
|
|upkeep
|
|t:|1760835827
|switch|p2a: Cinderace|Cinderace, F|100/100
|turn|8
|
|t:|1760835846
|move|p2a: Cinderace|Court Change|p2a: Cinderace
|-start|p2a: Cinderace|typechange|Normal|[from] ability: Libero
|-swapsideconditions
|-activate|p2a: Cinderace|move: Court Change
|move|p1a: Primarina|Flip Turn|p2a: Cinderace
|-damage|p2a: Cinderace|79/100
|
|t:|1760835851
|switch|p1a: Great Tusk|Great Tusk|100/100|[from] Flip Turn
|
|upkeep
|turn|9
|
|t:|1760835857
|move|p2a: Cinderace|U-turn|p1a: Great Tusk
|-resisted|p1a: Great Tusk
|-damage|p1a: Great Tusk|92/100
|
|t:|1760835859
|switch|p2a: Mew|Mew|100/100|[from] U-turn
|move|p1a: Great Tusk|Stealth Rock|p2a: Mew
|-sidestart|p2: reudige Gurke|move: Stealth Rock
|
|upkeep
|turn|10
|
|t:|1760835873
|-end|p1a: Great Tusk|Protosynthesis|[silent]
|switch|p1a: Pecharunt|Pecharunt|100/100
|-damage|p1a: Pecharunt|88/100|[from] Stealth Rock
|move|p2a: Mew|Agility|p2a: Mew
|-boost|p2a: Mew|spe|2
|
|upkeep
|turn|11
|
|t:|1760835882
|move|p2a: Mew|Calm Mind|p2a: Mew
|-boost|p2a: Mew|spa|1
|-boost|p2a: Mew|spd|1
|move|p1a: Pecharunt|Parting Shot|p2a: Mew
|-unboost|p2a: Mew|atk|1
|-unboost|p2a: Mew|spa|1
|
|t:|1760835885
|switch|p1a: Landorus|Landorus-Therian, M|100/100|[from] Parting Shot
|-damage|p1a: Landorus|88/100|[from] Stealth Rock
|-ability|p1a: Landorus|Intimidate|boost
|-unboost|p2a: Mew|atk|1
|
|upkeep
|turn|12
|
|t:|1760835890
|move|p2a: Mew|Calm Mind|p2a: Mew
|-boost|p2a: Mew|spa|1
|-boost|p2a: Mew|spd|1
|move|p1a: Landorus|U-turn|p2a: Mew
|-supereffective|p2a: Mew
|-damage|p2a: Mew|68/100
|-enditem|p2a: Mew|Weakness Policy
|-boost|p2a: Mew|atk|2|[from] item: Weakness Policy
|-boost|p2a: Mew|spa|2|[from] item: Weakness Policy
|
|t:|1760835905
|switch|p1a: Kingambit|Kingambit, M|100/100|[from] U-turn
|-damage|p1a: Kingambit|94/100|[from] Stealth Rock
|
|-heal|p1a: Kingambit|100/100|[from] item: Leftovers
|upkeep
|turn|13
|
|t:|1760835928
|-terastallize|p2a: Mew|Fairy
|move|p1a: Kingambit|Sucker Punch|p2a: Mew
|-resisted|p2a: Mew
|-damage|p2a: Mew|55/100
|move|p2a: Mew|Draining Kiss|p1a: Kingambit
|-crit|p1a: Kingambit
|-damage|p1a: Kingambit|31/100
|-heal|p2a: Mew|100/100|[from] drain|[of] p1a: Kingambit
|
|-heal|p1a: Kingambit|37/100|[from] item: Leftovers
|upkeep
|turn|14
|
|t:|1760835944
|move|p2a: Mew|Draining Kiss|p1a: Kingambit
|-damage|p1a: Kingambit|0 fnt
|faint|p1a: Kingambit
|-end|p1a: Kingambit|fallenundefined|[silent]
|
|upkeep
|inactive|UnitedDank has 120 seconds left.
|c|☆reudige Gurke|he started MEWING
|c|☆UnitedDank|too much rizz
|
|t:|1760835967
|switch|p1a: Primarina|Primarina, M|100/100
|-damage|p1a: Primarina|88/100|[from] Stealth Rock
|turn|15
|c|☆reudige Gurke|jawline so sharp
|c|☆reudige Gurke|it cuts through ur team
|
|t:|1760835979
|move|p2a: Mew|Calm Mind|p2a: Mew
|-boost|p2a: Mew|spa|1
|-boost|p2a: Mew|spd|1
|move|p1a: Primarina|Whirlpool|p2a: Mew
|-damage|p2a: Mew|94/100
|-activate|p2a: Mew|move: Whirlpool|[of] p1a: Primarina
|
|-damage|p2a: Mew|82/100|[from] move: Whirlpool|[partiallytrapped]
|upkeep
|turn|16
|
|t:|1760835986
|move|p2a: Mew|Stored Power|p1a: Primarina
|-damage|p1a: Primarina|0 fnt
|faint|p1a: Primarina
|
|-end|p2a: Mew|Whirlpool|[partiallytrapped]|[silent]
|upkeep
|inactive|UnitedDank has 120 seconds left.
|
|t:|1760835998
|switch|p1a: Kyurem|Kyurem|99/100
|-damage|p1a: Kyurem|74/100|[from] Stealth Rock
|-ability|p1a: Kyurem|Pressure
|turn|17
|inactive|reudige Gurke has 120 seconds left.
|inactive|UnitedDank has 120 seconds left.
|c|☆reudige Gurke|https://pokecardmaker.net/card/Creator1/mewing-mew-hy50tjj
|c|☆reudige Gurke|lmao
|c|☆UnitedDank|LOL
|c|☆reudige Gurke|xD
|
|t:|1760836056
|-terastallize|p1a: Kyurem|Steel
|move|p1a: Kyurem|Flash Cannon|p2a: Mew
|-supereffective|p2a: Mew
|-damage|p2a: Mew|53/100
|-unboost|p2a: Mew|spd|1
|move|p2a: Mew|Stored Power|p1a: Kyurem
|-resisted|p1a: Kyurem
|-damage|p1a: Kyurem|0 fnt
|faint|p1a: Kyurem
|
|upkeep
|inactive|UnitedDank has 120 seconds left.
|
|t:|1760836067
|switch|p1a: Landorus|Landorus-Therian, M|88/100
|-damage|p1a: Landorus|76/100|[from] Stealth Rock
|-ability|p1a: Landorus|Intimidate|boost
|-unboost|p2a: Mew|atk|1
|turn|18
|c|☆reudige Gurke|that pic
|c|☆reudige Gurke|i cant
|c|☆reudige Gurke|xd
|c|☆reudige Gurke|never saw it before
|inactive|reudige Gurke has 90 seconds left.
|
|t:|1760836089
|move|p2a: Mew|Stored Power|p1a: Landorus
|-damage|p1a: Landorus|0 fnt
|faint|p1a: Landorus
|
|upkeep
|
|t:|1760836093
|switch|p1a: Pecharunt|Pecharunt|88/100
|-damage|p1a: Pecharunt|76/100|[from] Stealth Rock
|turn|19
|
|t:|1760836097
|move|p2a: Mew|Stored Power|p1a: Pecharunt
|-supereffective|p1a: Pecharunt
|-damage|p1a: Pecharunt|0 fnt
|faint|p1a: Pecharunt
|
|upkeep
|
|t:|1760836099
|switch|p1a: Great Tusk|Great Tusk|92/100
|turn|20
|c|☆UnitedDank|gg
|c|☆reudige Gurke|gg
|
|t:|1760836111
|move|p2a: Mew|Draining Kiss|p1a: Great Tusk
|-supereffective|p1a: Great Tusk
|-damage|p1a: Great Tusk|0 fnt
|-heal|p2a: Mew|100/100|[from] drain|[of] p1a: Great Tusk
|faint|p1a: Great Tusk
|-end|p1a: Great Tusk|Protosynthesis|[silent]
|
|win|reudige Gurke
|raw|UnitedDank's rating: 1481 &rarr; <strong>1458</strong><br />(-23 for losing)
|raw|reudige Gurke's rating: 1430 &rarr; <strong>1453</strong><br />(+23 for winning)
|l|☆UnitedDank
|player|p1|
|l|☆reudige Gurke
|player|p2|
