|j|☆MrDrProfFuckface
|j|☆sp240sx
|t:|1760757239
|gametype|singles
|player|p1|MrDrProfFuckface|swimmer-gen4dp|1192
|player|p2|sp240sx|blackbelt-gen4dp|1180
|gen|9
|tier|[Gen 9] OU
|rated|
|rule|HP Percentage Mod: HP is shown in percentages
|rule|Endless Battle Clause: Forcing endless battles is banned
|rule|Species Clause: Limit one of each Pokémon
|rule|OHKO Clause: OHKO moves are banned
|rule|Evasion Items Clause: Evasion items are banned
|rule|Evasion Moves Clause: Evasion moves are banned
|rule|Evasion Abilities Clause: Evasion abilities are banned
|rule|Sleep Moves Clause: Sleep-inducing moves are banned
|clearpoke
|poke|p1|Raging Bolt|
|poke|p1|Great Tusk|
|poke|p1|Muk-Alola, M|
|poke|p1|Dondozo, M|
|poke|p1|Ceruledge, F|
|poke|p1|Oricorio, F|
|poke|p2|Glimmora, F|
|poke|p2|Ceruledge, F|
|poke|p2|Hatterene, F|
|poke|p2|Kingambit, M|
|poke|p2|Zamazenta-*|
|poke|p2|Dragonite, M|
|teampreview
|inactive|Battle timer is ON: inactive players will automatically lose when time's up. (requested by MrDrProfFuckface)
|
|t:|1760757248
|teamsize|p1|6
|teamsize|p2|6
|start
|switch|p1a: Oricorio|Oricorio, F, shiny|100/100
|switch|p2a: Glimmora|Glimmora, F|100/100
|turn|1
|
|t:|1760757258
|move|p1a: Oricorio|Quiver Dance|p1a: Oricorio
|-boost|p1a: Oricorio|spa|1
|-boost|p1a: Oricorio|spd|1
|-boost|p1a: Oricorio|spe|1
|move|p2a: Glimmora|Meteor Beam||[still]
|-prepare|p2a: Glimmora|Meteor Beam
|-boost|p2a: Glimmora|spa|1
|-enditem|p2a: Glimmora|Power Herb
|-anim|p2a: Glimmora|Meteor Beam|p1a: Oricorio|[miss]
|-miss|p2a: Glimmora|p1a: Oricorio
|
|upkeep
|turn|2
|
|t:|1760757275
|-terastallize|p1a: Oricorio|Ground
|move|p1a: Oricorio|Revelation Dance|p2a: Glimmora
|-supereffective|p2a: Glimmora
|-damage|p2a: Glimmora|0 fnt
|faint|p2a: Glimmora
|
|upkeep
|
|t:|1760757288
|switch|p2a: Dragonite|Dragonite, M|100/100
|turn|3
|
|t:|1760757293
|move|p1a: Oricorio|Alluring Voice|p2a: Dragonite
|-supereffective|p2a: Dragonite
|-damage|p2a: Dragonite|70/100
|move|p2a: Dragonite|Ice Spinner|p1a: Oricorio
|-supereffective|p1a: Oricorio
|-damage|p1a: Oricorio|0 fnt
|faint|p1a: Oricorio
|
|upkeep
|
|t:|1760757311
|switch|p1a: Great Tusk|Great Tusk, shiny|100/100
|turn|4
|
|t:|1760757325
|move|p1a: Great Tusk|Ice Spinner|p2a: Dragonite
|-supereffective|p2a: Dragonite
|-damage|p2a: Dragonite|0 fnt
|faint|p2a: Dragonite
|
|upkeep
|
|t:|1760757332
|switch|p2a: Hatterene|Hatterene, F, shiny|100/100
|turn|5
|
|t:|1760757341
|-terastallize|p2a: Hatterene|Ghost
|move|p1a: Great Tusk|Headlong Rush|p2a: Hatterene
|-damage|p2a: Hatterene|28/100
|-unboost|p1a: Great Tusk|def|1
|-unboost|p1a: Great Tusk|spd|1
|-enditem|p1a: Great Tusk|Eject Pack
|
|t:|1760757347
|-end|p1a: Great Tusk|Protosynthesis|[silent]
|switch|p1a: Muk|Muk-Alola, M, shiny|100/100
|move|p2a: Hatterene|Nuzzle|p1a: Muk
|-damage|p1a: Muk|96/100
|-status|p1a: Muk|par
|
|upkeep
|turn|6
|
|t:|1760757361
|move|p2a: Hatterene|Future Sight|p1a: Muk
|-start|p2a: Hatterene|move: Future Sight
|cant|p1a: Muk|par
|
|upkeep
|turn|7
|
|t:|1760757366
|move|p2a: Hatterene|Draining Kiss|p1a: Muk
|-damage|p1a: Muk|80/100 par
|-heal|p2a: Hatterene|44/100|[from] drain|[of] p1a: Muk
|move|p1a: Muk|Knock Off|p2a: Hatterene
|-supereffective|p2a: Hatterene
|-damage|p2a: Hatterene|0 fnt
|-enditem|p2a: Hatterene|Assault Vest|[from] move: Knock Off|[of] p1a: Muk
|faint|p2a: Hatterene
|
|upkeep
|
|t:|1760757378
|switch|p2a: Ceruledge|Ceruledge, F|100/100
|-item|p2a: Ceruledge|Air Balloon
|turn|8
|
|t:|1760757392
|switch|p2a: Zamazenta|Zamazenta|100/100
|-ability|p2a: Zamazenta|Dauntless Shield|boost
|-boost|p2a: Zamazenta|def|1
|cant|p1a: Muk|par
|
|-end|p1a: Muk|move: Future Sight
|-immune|p1a: Muk
|upkeep
|turn|9
|
|t:|1760757407
|switch|p1a: Dondozo|Dondozo, M, shiny|100/100
|move|p2a: Zamazenta|Iron Defense|p2a: Zamazenta
|-boost|p2a: Zamazenta|def|2
|
|upkeep
|turn|10
|
|t:|1760757417
|move|p2a: Zamazenta|Iron Defense|p2a: Zamazenta
|-boost|p2a: Zamazenta|def|2
|move|p1a: Dondozo|Curse|p1a: Dondozo
|-unboost|p1a: Dondozo|spe|1
|-boost|p1a: Dondozo|atk|1
|-boost|p1a: Dondozo|def|1
|
|upkeep
|turn|11
|inactive|MrDrProfFuckface has 120 seconds left.
|inactive|MrDrProfFuckface has 90 seconds left.
|inactive|MrDrProfFuckface has 60 seconds left.
|inactive|MrDrProfFuckface has 30 seconds left.
|inactive|MrDrProfFuckface has 20 seconds left.
|inactive|MrDrProfFuckface has 15 seconds left.
|inactive|MrDrProfFuckface has 10 seconds left.
|inactive|MrDrProfFuckface has 5 seconds left.
|-message|MrDrProfFuckface lost due to inactivity.
|
|win|sp240sx
|raw|MrDrProfFuckface's rating: 1192 &rarr; <strong>1166</strong><br />(-26 for losing)
|raw|sp240sx's rating: 1180 &rarr; <strong>1206</strong><br />(+26 for winning)
|l|☆sp240sx
|player|p2|
|l|☆MrDrProfFuckface
|player|p1|
