|badge|p1|bronze|gen9ou|100-7
|uhtml|medal-msg|<div class="broadcast-blue">Curious what those medals under the avatar are? PS now has Ladder Seasons! For more information, check out the <a href="https://www.smogon.com/forums/threads/3740067/">thread on Smogon.</a></div>
|badge|p2|silver|gen9ou|30-7
|uhtml|medal-msg|<div class="broadcast-blue">Curious what those medals under the avatar are? PS now has Ladder Seasons! For more information, check out the <a href="https://www.smogon.com/forums/threads/3740067/">thread on Smogon.</a></div>
|j|☆icebeamprodigy
|j|☆DivJudgement
|t:|1760804472
|gametype|singles
|player|p1|icebeamprodigy|266|1881
|player|p2|DivJudgement|dragontamer-gen6|1924
|gen|9
|tier|[Gen 9] OU
|rated|
|rule|HP Percentage Mod: HP is shown in percentages
|rule|Endless Battle Clause: Forcing endless battles is banned
|rule|Species Clause: Limit one of each Pokémon
|rule|OHKO Clause: OHKO moves are banned
|rule|Evasion Items Clause: Evasion items are banned
|rule|Evasion Moves Clause: Evasion moves are banned
|rule|Evasion Abilities Clause: Evasion abilities are banned
|rule|Sleep Moves Clause: Sleep-inducing moves are banned
|clearpoke
|poke|p1|Pelipper, M|
|poke|p1|Barraskewda, F|
|poke|p1|Zapdos|
|poke|p1|Iron Treads|
|poke|p1|Ogerpon-Wellspring, F|
|poke|p1|Keldeo|
|poke|p2|Slowking-Galar, M|
|poke|p2|Kyurem|
|poke|p2|Cinderace, M|
|poke|p2|Tornadus-Therian, M|
|poke|p2|Hydrapple, M|
|poke|p2|Kingambit, F|
|teampreview
|inactive|Battle timer is ON: inactive players will automatically lose when time's up. (requested by DivJudgement)
|
|t:|1760804489
|teamsize|p1|6
|teamsize|p2|6
|start
|switch|p1a: Barraskewda|Barraskewda, F|100/100
|switch|p2a: Depressed Drunk|Slowking-Galar, M|100/100
|turn|1
|
|t:|1760804492
|move|p1a: Barraskewda|Flip Turn|p2a: Depressed Drunk
|-damage|p2a: Depressed Drunk|77/100
|
|t:|1760804495
|switch|p1a: Keldeo|Keldeo|100/100|[from] Flip Turn
|-prepare|p2a: Depressed Drunk|Chilly Reception|[premajor]
|move|p2a: Depressed Drunk|Chilly Reception|p2a: Depressed Drunk
|-weather|Snowscape
|
|t:|1760804497
|switch|p2a: Thieving Drunk|Tornadus-Therian, M|100/100|[from] Chilly Reception
|
|-weather|Snowscape|[upkeep]
|upkeep
|turn|2
|
|t:|1760804512
|switch|p1a: Pelipper|Pelipper, M|100/100
|-weather|RainDance|[from] ability: Drizzle|[of] p1a: Pelipper
|move|p2a: Thieving Drunk|Knock Off|p1a: Pelipper
|-damage|p1a: Pelipper|84/100
|-enditem|p1a: Pelipper|Damp Rock|[from] move: Knock Off|[of] p2a: Thieving Drunk
|
|-weather|RainDance|[upkeep]
|upkeep
|turn|3
|j| yarcii
|
|t:|1760804515
|move|p2a: Thieving Drunk|Bleakwind Storm|p1a: Pelipper
|-damage|p1a: Pelipper|34/100
|move|p1a: Pelipper|U-turn|p2a: Thieving Drunk
|-resisted|p2a: Thieving Drunk
|-damage|p2a: Thieving Drunk|95/100
|
|t:|1760804521
|switch|p1a: Zapdos|Zapdos|100/100|[from] U-turn
|
|-weather|RainDance|[upkeep]
|upkeep
|turn|4
|
|t:|1760804524
|move|p2a: Thieving Drunk|Knock Off|p1a: Zapdos
|-damage|p1a: Zapdos|75/100
|-enditem|p1a: Zapdos|Choice Specs|[from] move: Knock Off|[of] p2a: Thieving Drunk
|move|p1a: Zapdos|Volt Switch|p2a: Thieving Drunk
|-supereffective|p2a: Thieving Drunk
|-damage|p2a: Thieving Drunk|26/100
|
|t:|1760804526
|switch|p1a: Barraskewda|Barraskewda, F|100/100|[from] Volt Switch
|
|-weather|RainDance|[upkeep]
|upkeep
|turn|5
|
|t:|1760804529
|switch|p2a: Laughing Drunk|Hydrapple, M|100/100
|move|p1a: Barraskewda|Flip Turn|p2a: Laughing Drunk
|-resisted|p2a: Laughing Drunk
|-damage|p2a: Laughing Drunk|94/100
|-damage|p1a: Barraskewda|84/100|[from] item: Rocky Helmet|[of] p2a: Laughing Drunk
|
|t:|1760804533
|switch|p1a: Zapdos|Zapdos|75/100|[from] Flip Turn
|
|-weather|RainDance|[upkeep]
|upkeep
|turn|6
|
|t:|1760804537
|switch|p2a: Depressed Drunk|Slowking-Galar, M|100/100
|move|p1a: Zapdos|Volt Switch|p2a: Depressed Drunk
|-damage|p2a: Depressed Drunk|74/100
|
|t:|1760804542
|switch|p1a: Ogerpon|Ogerpon-Wellspring, F|100/100|[from] Volt Switch
|
|-weather|RainDance|[upkeep]
|upkeep
|turn|7
|j| Capitaine Tenace
|
|t:|1760804546
|move|p1a: Ogerpon|Swords Dance|p1a: Ogerpon
|-boost|p1a: Ogerpon|atk|2
|-prepare|p2a: Depressed Drunk|Chilly Reception|[premajor]
|move|p2a: Depressed Drunk|Chilly Reception|p2a: Depressed Drunk
|-weather|Snowscape
|
|t:|1760804550
|switch|p2a: Boro Breath|Cinderace, M|100/100|[from] Chilly Reception
|
|-weather|Snowscape|[upkeep]
|upkeep
|turn|8
|
|t:|1760804554
|switch|p1a: Pelipper|Pelipper, M|34/100
|-weather|RainDance|[from] ability: Drizzle|[of] p1a: Pelipper
|move|p2a: Boro Breath|U-turn|p1a: Pelipper
|-start|p2a: Boro Breath|typechange|Bug|[from] ability: Libero
|-resisted|p1a: Pelipper
|-crit|p1a: Pelipper
|-damage|p1a: Pelipper|15/100
|
|t:|1760804556
|switch|p2a: Depressed Drunk|Slowking-Galar, M|100/100|[from] U-turn
|
|-weather|RainDance|[upkeep]
|upkeep
|turn|9
|
|t:|1760804564
|move|p1a: Pelipper|Roost|p1a: Pelipper
|-heal|p1a: Pelipper|65/100
|-singleturn|p1a: Pelipper|move: Roost
|-prepare|p2a: Depressed Drunk|Chilly Reception|[premajor]
|move|p2a: Depressed Drunk|Chilly Reception|p2a: Depressed Drunk
|-weather|Snowscape
|
|t:|1760804565
|switch|p2a: Ragnaraku|Kyurem|100/100|[from] Chilly Reception
|-ability|p2a: Ragnaraku|Pressure
|
|-weather|Snowscape|[upkeep]
|upkeep
|turn|10
|
|t:|1760804570
|switch|p1a: Iron Treads|Iron Treads|100/100
|move|p2a: Ragnaraku|Blizzard|p1a: Iron Treads
|-damage|p1a: Iron Treads|10/100
|-enditem|p1a: Iron Treads|Eject Button
|
|t:|1760804578
|-end|p1a: Iron Treads|Quark Drive|[silent]
|switch|p1a: Keldeo|Keldeo|100/100
|
|-weather|Snowscape|[upkeep]
|upkeep
|turn|11
|
|t:|1760804582
|switch|p2a: Depressed Drunk|Slowking-Galar, M|100/100
|move|p1a: Keldeo|Flip Turn|p2a: Depressed Drunk
|-damage|p2a: Depressed Drunk|90/100
|
|t:|1760804588
|switch|p1a: Iron Treads|Iron Treads|10/100|[from] Flip Turn
|
|-weather|Snowscape|[upkeep]
|upkeep
|turn|12
|j| p1ssb4lls
|
|t:|1760804591
|move|p1a: Iron Treads|Stealth Rock|p2a: Depressed Drunk
|-sidestart|p2: DivJudgement|move: Stealth Rock
|move|p2a: Depressed Drunk|Ice Beam|p1a: Iron Treads
|-damage|p1a: Iron Treads|0 fnt
|faint|p1a: Iron Treads
|-end|p1a: Iron Treads|Quark Drive|[silent]
|
|-weather|Snowscape|[upkeep]
|upkeep
|
|t:|1760804612
|switch|p1a: Ogerpon|Ogerpon-Wellspring, F|100/100
|turn|13
|
|t:|1760804615
|move|p1a: Ogerpon|Swords Dance|p1a: Ogerpon
|-boost|p1a: Ogerpon|atk|2
|-prepare|p2a: Depressed Drunk|Chilly Reception|[premajor]
|move|p2a: Depressed Drunk|Chilly Reception|p2a: Depressed Drunk
|
|t:|1760804617
|switch|p2a: Boro Breath|Cinderace, M|100/100|[from] Chilly Reception
|
|-weather|none
|upkeep
|turn|14
|c| p1ssb4lls|dussy
|
|t:|1760804622
|-terastallize|p1a: Ogerpon|Water
|detailschange|p1a: Ogerpon|Ogerpon-Wellspring-Tera, F, tera:Water
|-ability|p1a: Ogerpon|Embody Aspect (Wellspring)|boost
|-boost|p1a: Ogerpon|spd|1
|move|p2a: Boro Breath|U-turn|p1a: Ogerpon
|-start|p2a: Boro Breath|typechange|Bug|[from] ability: Libero
|-damage|p1a: Ogerpon|61/100
|
|t:|1760804628
|switch|p2a: Laughing Drunk|Hydrapple, M|100/100|[from] U-turn
|-damage|p2a: Laughing Drunk|88/100|[from] Stealth Rock
|move|p1a: Ogerpon|Ivy Cudgel|p2a: Laughing Drunk|[anim] Ivy Cudgel Water
|-resisted|p2a: Laughing Drunk
|-crit|p2a: Laughing Drunk
|-damage|p2a: Laughing Drunk|53/100
|
|upkeep
|turn|15
|
|t:|1760804646
|move|p1a: Ogerpon|Play Rough|p2a: Laughing Drunk|[miss]
|-miss|p1a: Ogerpon|p2a: Laughing Drunk
|move|p2a: Laughing Drunk|Giga Drain|p1a: Ogerpon
|-supereffective|p1a: Ogerpon
|-damage|p1a: Ogerpon|11/100
|-heal|p2a: Laughing Drunk|71/100|[from] drain|[of] p1a: Ogerpon
|
|upkeep
|turn|16
|
|t:|1760804658
|move|p1a: Ogerpon|Play Rough|p2a: Laughing Drunk
|-supereffective|p2a: Laughing Drunk
|-crit|p2a: Laughing Drunk
|-damage|p2a: Laughing Drunk|0 fnt
|-damage|p1a: Ogerpon|0 fnt|[from] item: Rocky Helmet|[of] p2a: Laughing Drunk
|faint|p2a: Laughing Drunk
|faint|p1a: Ogerpon
|detailschange|p1: Ogerpon|Ogerpon-Wellspring, F|[silent]
|
|upkeep
|
|t:|1760804664
|switch|p1a: Barraskewda|Barraskewda, F|84/100
|switch|p2a: Depressed Drunk|Slowking-Galar, M|100/100
|-damage|p2a: Depressed Drunk|88/100|[from] Stealth Rock
|turn|17
|
|t:|1760804667
|move|p1a: Barraskewda|Liquidation|p2a: Depressed Drunk
|-crit|p2a: Depressed Drunk
|-damage|p2a: Depressed Drunk|36/100
|-unboost|p2a: Depressed Drunk|def|1
|-prepare|p2a: Depressed Drunk|Chilly Reception|[premajor]
|move|p2a: Depressed Drunk|Chilly Reception|p2a: Depressed Drunk
|-weather|Snowscape
|j| weigh666
|
|t:|1760804676
|switch|p2a: Raging Drunk|Kingambit, F|100/100|[from] Chilly Reception
|-damage|p2a: Raging Drunk|94/100|[from] Stealth Rock
|-activate|p2a: Raging Drunk|ability: Supreme Overlord
|-start|p2a: Raging Drunk|fallen1|[silent]
|
|-weather|Snowscape|[upkeep]
|upkeep
|turn|18
|
|t:|1760804679
|-end|p2a: Raging Drunk|fallen1|[silent]
|switch|p2a: Boro Breath|Cinderace, M|100/100
|move|p1a: Barraskewda|Close Combat|p2a: Boro Breath
|-damage|p2a: Boro Breath|40/100
|-unboost|p1a: Barraskewda|def|1
|-unboost|p1a: Barraskewda|spd|1
|
|-weather|Snowscape|[upkeep]
|upkeep
|turn|19
|
|t:|1760804686
|switch|p1a: Pelipper|Pelipper, M|65/100
|-weather|RainDance|[from] ability: Drizzle|[of] p1a: Pelipper
|switch|p2a: Depressed Drunk|Slowking-Galar, M|70/100
|-damage|p2a: Depressed Drunk|57/100|[from] Stealth Rock
|
|-weather|RainDance|[upkeep]
|upkeep
|turn|20
|
|t:|1760804689
|move|p1a: Pelipper|U-turn|p2a: Depressed Drunk
|-damage|p2a: Depressed Drunk|50/100
|
|t:|1760804691
|switch|p1a: Barraskewda|Barraskewda, F|84/100|[from] U-turn
|-prepare|p2a: Depressed Drunk|Chilly Reception|[premajor]
|move|p2a: Depressed Drunk|Chilly Reception|p2a: Depressed Drunk
|-weather|Snowscape
|
|t:|1760804697
|switch|p2a: Raging Drunk|Kingambit, F|94/100|[from] Chilly Reception
|-damage|p2a: Raging Drunk|88/100|[from] Stealth Rock
|-activate|p2a: Raging Drunk|ability: Supreme Overlord
|-start|p2a: Raging Drunk|fallen1|[silent]
|
|-weather|Snowscape|[upkeep]
|upkeep
|turn|21
|inactive|icebeamprodigy has 120 seconds left.
|
|t:|1760804729
|switch|p1a: Keldeo|Keldeo|100/100
|move|p2a: Raging Drunk|Sucker Punch||[still]
|-fail|p2a: Raging Drunk
|
|-weather|Snowscape|[upkeep]
|upkeep
|turn|22
|
|t:|1760804743
|move|p1a: Keldeo|Flip Turn|p2a: Raging Drunk
|-damage|p2a: Raging Drunk|76/100
|
|t:|1760804749
|switch|p1a: Pelipper|Pelipper, M|65/100|[from] Flip Turn
|-weather|RainDance|[from] ability: Drizzle|[of] p1a: Pelipper
|move|p2a: Raging Drunk|Kowtow Cleave|p1a: Pelipper
|-damage|p1a: Pelipper|14/100
|
|-weather|RainDance|[upkeep]
|upkeep
|turn|23
|
|t:|1760804754
|-end|p2a: Raging Drunk|fallen1|[silent]
|switch|p2a: Thieving Drunk|Tornadus-Therian, M|59/100
|move|p1a: Pelipper|Hurricane|p2a: Thieving Drunk
|-damage|p2a: Thieving Drunk|23/100
|
|-weather|RainDance|[upkeep]
|upkeep
|turn|24
|
|t:|1760804759
|switch|p1a: Zapdos|Zapdos|75/100
|move|p2a: Thieving Drunk|U-turn|p1a: Zapdos
|-resisted|p1a: Zapdos
|-crit|p1a: Zapdos
|-damage|p1a: Zapdos|61/100
|
|t:|1760804761
|switch|p2a: Boro Breath|Cinderace, M|40/100|[from] U-turn
|
|-weather|RainDance|[upkeep]
|upkeep
|turn|25
|
|t:|1760804772
|move|p2a: Boro Breath|Court Change|p2a: Boro Breath
|-start|p2a: Boro Breath|typechange|Normal|[from] ability: Libero
|-swapsideconditions
|-activate|p2a: Boro Breath|move: Court Change
|move|p1a: Zapdos|Volt Switch|p2a: Boro Breath
|-damage|p2a: Boro Breath|0 fnt
|faint|p2a: Boro Breath
|
|t:|1760804779
|switch|p1a: Barraskewda|Barraskewda, F|84/100|[from] Volt Switch
|-damage|p1a: Barraskewda|72/100|[from] Stealth Rock
|
|-weather|RainDance|[upkeep]
|upkeep
|l| weigh666
|
|t:|1760804782
|switch|p2a: Depressed Drunk|Slowking-Galar, M|83/100
|turn|26
|
|t:|1760804789
|-terastallize|p2a: Depressed Drunk|Water
|move|p1a: Barraskewda|Liquidation|p2a: Depressed Drunk
|-resisted|p2a: Depressed Drunk
|-damage|p2a: Depressed Drunk|55/100
|-prepare|p2a: Depressed Drunk|Chilly Reception|[premajor]
|move|p2a: Depressed Drunk|Chilly Reception|p2a: Depressed Drunk
|-weather|Snowscape
|
|t:|1760804793
|switch|p2a: Ragnaraku|Kyurem|100/100|[from] Chilly Reception
|-ability|p2a: Ragnaraku|Pressure
|
|-weather|Snowscape|[upkeep]
|upkeep
|turn|27
|
|t:|1760804795
|move|p1a: Barraskewda|Close Combat|p2a: Ragnaraku
|-supereffective|p2a: Ragnaraku
|-damage|p2a: Ragnaraku|30/100
|-unboost|p1a: Barraskewda|def|1
|-unboost|p1a: Barraskewda|spd|1
|move|p2a: Ragnaraku|Freeze-Dry|p1a: Barraskewda
|-supereffective|p1a: Barraskewda
|-damage|p1a: Barraskewda|0 fnt
|faint|p1a: Barraskewda
|
|-weather|Snowscape|[upkeep]
|upkeep
|
|t:|1760804807
|switch|p1a: Keldeo|Keldeo|100/100
|-damage|p1a: Keldeo|94/100|[from] Stealth Rock
|turn|28
|
|t:|1760804812
|switch|p2a: Depressed Drunk|Slowking-Galar, M, tera:Water|89/100
|move|p1a: Keldeo|Aura Sphere|p2a: Depressed Drunk
|-damage|p2a: Depressed Drunk|38/100
|
|-weather|Snowscape|[upkeep]
|upkeep
|turn|29
|
|t:|1760804826
|switch|p2a: Ragnaraku|Kyurem|30/100
|-ability|p2a: Ragnaraku|Pressure
|move|p1a: Keldeo|Aura Sphere|p2a: Ragnaraku
|-supereffective|p2a: Ragnaraku
|-damage|p2a: Ragnaraku|0 fnt
|faint|p2a: Ragnaraku
|
|-weather|Snowscape|[upkeep]
|upkeep
|
|t:|1760804828
|switch|p2a: Thieving Drunk|Tornadus-Therian, M|56/100
|turn|30
|
|t:|1760804834
|switch|p1a: Pelipper|Pelipper, M|14/100
|-damage|p1a: Pelipper|0 fnt|[from] Stealth Rock
|faint|p1a: Pelipper
|move|p2a: Thieving Drunk|Bleakwind Storm|p1: Pelipper|[notarget]
|-fail|p2a: Thieving Drunk
|
|-weather|none
|upkeep
|
|t:|1760804840
|switch|p1a: Zapdos|Zapdos|61/100
|-damage|p1a: Zapdos|36/100|[from] Stealth Rock
|turn|31
|
|t:|1760804849
|switch|p2a: Raging Drunk|Kingambit, F|76/100
|-activate|p2a: Raging Drunk|ability: Supreme Overlord
|-start|p2a: Raging Drunk|fallen3|[silent]
|move|p1a: Zapdos|Volt Switch|p2a: Raging Drunk
|-damage|p2a: Raging Drunk|39/100
|
|t:|1760804852
|switch|p1a: Keldeo|Keldeo|94/100|[from] Volt Switch
|-damage|p1a: Keldeo|88/100|[from] Stealth Rock
|
|upkeep
|turn|32
|
|t:|1760804865
|move|p2a: Raging Drunk|Sucker Punch|p1a: Keldeo
|-resisted|p1a: Keldeo
|-damage|p1a: Keldeo|49/100
|-ability|p1a: Keldeo|Justified|boost
|-boost|p1a: Keldeo|atk|1
|move|p1a: Keldeo|Surf|p2a: Raging Drunk
|-damage|p2a: Raging Drunk|0 fnt
|faint|p2a: Raging Drunk
|-end|p2a: Raging Drunk|fallen3|[silent]
|
|upkeep
|
|t:|1760804868
|switch|p2a: Thieving Drunk|Tornadus-Therian, M|90/100
|turn|33
|
|t:|1760804872
|move|p2a: Thieving Drunk|Bleakwind Storm|p1a: Keldeo
|-supereffective|p1a: Keldeo
|-damage|p1a: Keldeo|0 fnt
|faint|p1a: Keldeo
|
|upkeep
|
|t:|1760804874
|switch|p1a: Zapdos|Zapdos|36/100
|-damage|p1a: Zapdos|11/100|[from] Stealth Rock
|turn|34
|inactive|DivJudgement has 120 seconds left.
|
|t:|1760804906
|move|p2a: Thieving Drunk|Knock Off|p1a: Zapdos
|-damage|p1a: Zapdos|0 fnt
|faint|p1a: Zapdos
|
|win|DivJudgement
|raw|icebeamprodigy's rating: 1881 &rarr; <strong>1863</strong><br />(-18 for losing)
|raw|DivJudgement's rating: 1924 &rarr; <strong>1942</strong><br />(+18 for winning)
|l|☆DivJudgement
|player|p2|
|l| p1ssb4lls
|l|☆icebeamprodigy
|player|p1|
|l| yarcii
