|j|☆tsurugi951
|j|☆hendwix
|t:|1760872699
|gametype|singles
|player|p1|tsurugi951|hilbert|1372
|player|p2|hendwix|steven|1426
|gen|9
|tier|[Gen 9] OU
|rated|
|rule|HP Percentage Mod: HP is shown in percentages
|rule|Endless Battle Clause: Forcing endless battles is banned
|rule|Species Clause: Limit one of each Pokémon
|rule|OHKO Clause: OHKO moves are banned
|rule|Evasion Items Clause: Evasion items are banned
|rule|Evasion Moves Clause: Evasion moves are banned
|rule|Evasion Abilities Clause: Evasion abilities are banned
|rule|Sleep Moves Clause: Sleep-inducing moves are banned
|clearpoke
|poke|p1|Cinderace, M|
|poke|p1|Iron Treads|
|poke|p1|Gholdengo|
|poke|p1|Dondozo, M|
|poke|p1|Weezing-Galar, F|
|poke|p1|Thundurus, M|
|poke|p2|Primarina, F|
|poke|p2|Dragapult, F|
|poke|p2|Zapdos|
|poke|p2|Ting-Lu|
|poke|p2|Iron Valiant|
|poke|p2|Great Tusk|
|teampreview
|inactive|Battle timer is ON: inactive players will automatically lose when time's up. (requested by hendwix)
|
|t:|1760872723
|teamsize|p1|6
|teamsize|p2|6
|start
|switch|p1a: Thundurus|Thundurus, M|100/100
|switch|p2a: Iron Valiant|Iron Valiant|100/100
|turn|1
|
|t:|1760872734
|move|p1a: Thundurus|Taunt|p2a: Iron Valiant
|-start|p2a: Iron Valiant|move: Taunt
|move|p2a: Iron Valiant|Knock Off|p1a: Thundurus
|-damage|p1a: Thundurus|36/100
|-enditem|p1a: Thundurus|Heavy-Duty Boots|[from] move: Knock Off|[of] p2a: Iron Valiant
|
|upkeep
|turn|2
|
|t:|1760872762
|move|p1a: Thundurus|Thunder Wave|p2a: Iron Valiant
|-status|p2a: Iron Valiant|par
|cant|p2a: Iron Valiant|par
|
|upkeep
|turn|3
|
|t:|1760872768
|move|p1a: Thundurus|Volt Switch|p2a: Iron Valiant
|-damage|p2a: Iron Valiant|57/100 par
|
|t:|1760872771
|switch|p1a: Weezing|Weezing-Galar, F|100/100|[from] Volt Switch
|move|p2a: Iron Valiant|Knock Off|p1a: Weezing
|-resisted|p1a: Weezing
|-damage|p1a: Weezing|78/100
|-enditem|p1a: Weezing|Assault Vest|[from] move: Knock Off|[of] p2a: Iron Valiant
|
|-end|p2a: Iron Valiant|move: Taunt
|upkeep
|turn|4
|
|t:|1760872785
|-end|p2a: Iron Valiant|Quark Drive|[silent]
|switch|p2a: Great Tusk|Great Tusk|100/100
|-enditem|p2a: Great Tusk|Booster Energy
|-activate|p2a: Great Tusk|ability: Protosynthesis|[fromitem]
|-start|p2a: Great Tusk|protosynthesisatk
|move|p1a: Weezing|Strange Steam|p2a: Great Tusk
|-supereffective|p2a: Great Tusk
|-damage|p2a: Great Tusk|0 fnt
|faint|p2a: Great Tusk
|-end|p2a: Great Tusk|Protosynthesis|[silent]
|
|upkeep
|
|t:|1760872796
|switch|p2a: Ting-Lu|Ting-Lu|100/100
|-ability|p2a: Ting-Lu|Vessel of Ruin
|turn|5
|
|t:|1760872805
|move|p1a: Weezing|Sludge Bomb|p2a: Ting-Lu
|-resisted|p2a: Ting-Lu
|-damage|p2a: Ting-Lu|90/100
|move|p2a: Ting-Lu|Spikes|p1a: Weezing
|-sidestart|p1: tsurugi951|Spikes
|
|-heal|p2a: Ting-Lu|96/100|[from] item: Leftovers
|upkeep
|turn|6
|
|t:|1760872824
|switch|p1a: Thundurus|Thundurus, M|36/100
|move|p2a: Ting-Lu|Spikes|p1a: Thundurus
|-sidestart|p1: tsurugi951|Spikes
|
|-heal|p2a: Ting-Lu|100/100|[from] item: Leftovers
|upkeep
|turn|7
|
|t:|1760872831
|move|p1a: Thundurus|Knock Off|p2a: Ting-Lu
|-resisted|p2a: Ting-Lu
|-damage|p2a: Ting-Lu|95/100
|-enditem|p2a: Ting-Lu|Leftovers|[from] move: Knock Off|[of] p1a: Thundurus
|move|p2a: Ting-Lu|Spikes|p1a: Thundurus
|-sidestart|p1: tsurugi951|Spikes
|
|upkeep
|turn|8
|
|t:|1760872848
|move|p1a: Thundurus|Taunt|p2a: Ting-Lu
|-hint|Since gen 7, Dark is immune to Prankster moves.
|-immune|p2a: Ting-Lu
|move|p2a: Ting-Lu|Whirlwind|p1a: Thundurus
|drag|p1a: Weezing|Weezing-Galar, F|78/100
|
|upkeep
|turn|9
|
|t:|1760872859
|move|p1a: Weezing|Strange Steam|p2a: Ting-Lu
|-supereffective|p2a: Ting-Lu
|-damage|p2a: Ting-Lu|47/100
|move|p2a: Ting-Lu|Heavy Slam|p1a: Weezing
|-supereffective|p1a: Weezing
|-damage|p1a: Weezing|20/100
|
|upkeep
|turn|10
|
|t:|1760872875
|move|p1a: Weezing|Strange Steam|p2a: Ting-Lu
|-supereffective|p2a: Ting-Lu
|-damage|p2a: Ting-Lu|0 fnt
|faint|p2a: Ting-Lu
|
|upkeep
|
|t:|1760872888
|switch|p2a: Zapdos|Zapdos|100/100
|-ability|p2a: Zapdos|Pressure
|turn|11
|
|t:|1760872897
|move|p2a: Zapdos|Hurricane|p1a: Weezing
|-crit|p1a: Weezing
|-damage|p1a: Weezing|0 fnt
|faint|p1a: Weezing
|
|upkeep
|
|t:|1760872902
|switch|p1a: Cinderace|Cinderace, M|100/100
|turn|12
|
|t:|1760872909
|move|p1a: Cinderace|Court Change|p1a: Cinderace
|-start|p1a: Cinderace|typechange|Normal|[from] ability: Libero
|-swapsideconditions
|-activate|p1a: Cinderace|move: Court Change
|move|p2a: Zapdos|Thunder Wave|p1a: Cinderace
|-status|p1a: Cinderace|par
|
|upkeep
|turn|13
|
|t:|1760872921
|move|p2a: Zapdos|Hurricane|p1a: Cinderace|[miss]
|-miss|p2a: Zapdos|p1a: Cinderace
|move|p1a: Cinderace|U-turn|p2a: Zapdos
|-resisted|p2a: Zapdos
|-damage|p2a: Zapdos|91/100
|
|t:|1760872926
|switch|p1a: Iron Treads|Iron Treads|100/100|[from] U-turn
|
|upkeep
|turn|14
|
|t:|1760872936
|switch|p2a: Primarina|Primarina, F|100/100
|-damage|p2a: Primarina|76/100|[from] Spikes
|move|p1a: Iron Treads|Stealth Rock|p2a: Primarina
|-sidestart|p2: hendwix|move: Stealth Rock
|
|-heal|p2a: Primarina|82/100|[from] item: Leftovers
|upkeep
|turn|15
|
|t:|1760872957
|move|p1a: Iron Treads|Knock Off|p2a: Primarina
|-resisted|p2a: Primarina
|-damage|p2a: Primarina|66/100
|-enditem|p2a: Primarina|Leftovers|[from] move: Knock Off|[of] p1a: Iron Treads
|move|p2a: Primarina|Substitute|p2a: Primarina
|-start|p2a: Primarina|Substitute
|-damage|p2a: Primarina|41/100
|
|upkeep
|turn|16
|
|t:|1760872966
|move|p1a: Iron Treads|Earthquake|p2a: Primarina
|-end|p2a: Primarina|Substitute
|move|p2a: Primarina|Hyper Voice|p1a: Iron Treads
|-supereffective|p1a: Iron Treads
|-enditem|p1a: Iron Treads|Focus Sash
|-damage|p1a: Iron Treads|1/100
|
|upkeep
|turn|17
|
|t:|1760872975
|switch|p2a: Zapdos|Zapdos|91/100
|-ability|p2a: Zapdos|Pressure
|move|p1a: Iron Treads|Earthquake|p2a: Zapdos
|-immune|p2a: Zapdos
|
|upkeep
|turn|18
|
|t:|1760872986
|move|p1a: Iron Treads|Knock Off|p2a: Zapdos
|-damage|p2a: Zapdos|67/100
|-enditem|p2a: Zapdos|Heavy-Duty Boots|[from] move: Knock Off|[of] p1a: Iron Treads
|move|p2a: Zapdos|Hurricane|p1a: Iron Treads
|-resisted|p1a: Iron Treads
|-damage|p1a: Iron Treads|0 fnt
|faint|p1a: Iron Treads
|-end|p1a: Iron Treads|Quark Drive|[silent]
|
|upkeep
|
|t:|1760873003
|switch|p1a: Thundurus|Thundurus, M|36/100
|turn|19
|
|t:|1760873013
|move|p1a: Thundurus|Volt Switch|p2a: Zapdos
|-damage|p2a: Zapdos|40/100
|
|t:|1760873018
|switch|p1a: Cinderace|Cinderace, M|100/100 par|[from] Volt Switch
|move|p2a: Zapdos|Volt Switch|p1a: Cinderace
|-damage|p1a: Cinderace|62/100 par
|
|t:|1760873027
|switch|p2a: Dragapult|Dragapult, F|100/100|[from] Volt Switch
|
|upkeep
|turn|20
|
|t:|1760873037
|move|p2a: Dragapult|Hex|p1a: Cinderace
|-damage|p1a: Cinderace|0 fnt
|faint|p1a: Cinderace
|
|upkeep
|
|t:|1760873044
|switch|p1a: Dondozo|Dondozo, M|100/100
|turn|21
|
|t:|1760873058
|move|p2a: Dragapult|U-turn|p1a: Dondozo
|-damage|p1a: Dondozo|91/100
|
|t:|1760873070
|switch|p2a: Primarina|Primarina, F|41/100|[from] U-turn
|-damage|p2a: Primarina|16/100|[from] Spikes
|-damage|p2a: Primarina|4/100|[from] Stealth Rock
|move|p1a: Dondozo|Avalanche|p2a: Primarina
|-resisted|p2a: Primarina
|-damage|p2a: Primarina|0 fnt
|faint|p2a: Primarina
|
|-heal|p1a: Dondozo|97/100|[from] item: Leftovers
|upkeep
|
|t:|1760873080
|switch|p2a: Iron Valiant|Iron Valiant|57/100 par
|-damage|p2a: Iron Valiant|32/100 par|[from] Spikes
|-damage|p2a: Iron Valiant|26/100 par|[from] Stealth Rock
|turn|22
|
|t:|1760873099
|move|p2a: Iron Valiant|Knock Off|p1a: Dondozo
|-damage|p1a: Dondozo|68/100
|-enditem|p1a: Dondozo|Leftovers|[from] move: Knock Off|[of] p2a: Iron Valiant
|move|p1a: Dondozo|Wave Crash|p2a: Iron Valiant
|-damage|p2a: Iron Valiant|0 fnt
|faint|p2a: Iron Valiant
|-end|p2a: Iron Valiant|Quark Drive|[silent]
|-damage|p1a: Dondozo|63/100|[from] Recoil
|
|upkeep
|inactive|hendwix has 120 seconds left.
|
|t:|1760873110
|switch|p2a: Zapdos|Zapdos|40/100
|-damage|p2a: Zapdos|15/100|[from] Stealth Rock
|-ability|p2a: Zapdos|Pressure
|turn|23
|inactive|hendwix has 120 seconds left.
|
|t:|1760873121
|switch|p1a: Gholdengo|Gholdengo|100/100
|move|p2a: Zapdos|Thunder Wave|p1a: Gholdengo
|-immune|p1a: Gholdengo|[from] ability: Good as Gold
|
|upkeep
|turn|24
|
|t:|1760873131
|move|p1a: Gholdengo|Hex|p2a: Zapdos
|-damage|p2a: Zapdos|0 fnt
|faint|p2a: Zapdos
|
|upkeep
|
|t:|1760873135
|switch|p2a: Dragapult|Dragapult, F|100/100
|turn|25
|
|t:|1760873152
|-terastallize|p2a: Dragapult|Dragon
|-terastallize|p1a: Gholdengo|Steel
|move|p2a: Dragapult|Hex|p1a: Gholdengo
|-damage|p1a: Gholdengo|72/100
|move|p1a: Gholdengo|Thunder Wave|p2a: Dragapult
|-status|p2a: Dragapult|par
|
|-heal|p1a: Gholdengo|78/100|[from] item: Leftovers
|upkeep
|turn|26
|
|t:|1760873167
|move|p1a: Gholdengo|Hex|p2a: Dragapult
|-damage|p2a: Dragapult|18/100 par
|move|p2a: Dragapult|Hex|p1a: Gholdengo
|-damage|p1a: Gholdengo|52/100
|
|-heal|p1a: Gholdengo|58/100|[from] item: Leftovers
|upkeep
|turn|27
|-message|hendwix forfeited.
|
|win|tsurugi951
|raw|tsurugi951's rating: 1372 &rarr; <strong>1395</strong><br />(+23 for winning)
|raw|hendwix's rating: 1426 &rarr; <strong>1403</strong><br />(-23 for losing)
|l|☆hendwix
|player|p2|
