|badge|p1|bronze|gen9ubers|100-7
|uhtml|medal-msg|<div class="broadcast-blue">Curious what those medals under the avatar are? PS now has Ladder Seasons! For more information, check out the <a href="https://www.smogon.com/forums/threads/3740067/">thread on Smogon.</a></div>
|j|☆Nikator98
|j|☆Mr-Mongol
|t:|1760791094
|gametype|singles
|player|p1|Nikator98|giovanni|1608
|player|p2|Mr-Mongol|alec-anime|1717
|gen|9
|tier|[Gen 9] OU
|rated|
|rule|HP Percentage Mod: HP is shown in percentages
|rule|Endless Battle Clause: Forcing endless battles is banned
|rule|Species Clause: Limit one of each Pokémon
|rule|OHKO Clause: OHKO moves are banned
|rule|Evasion Items Clause: Evasion items are banned
|rule|Evasion Moves Clause: Evasion moves are banned
|rule|Evasion Abilities Clause: Evasion abilities are banned
|rule|Sleep Moves Clause: Sleep-inducing moves are banned
|clearpoke
|poke|p1|Metagross|
|poke|p1|Great Tusk|
|poke|p1|Haxorus, M|
|poke|p1|Iron Moth|
|poke|p1|Zoroark-Hisui, M|
|poke|p1|Ninetales-Alola, F|
|poke|p2|Gholdengo|
|poke|p2|Ceruledge, F|
|poke|p2|Enamorus, F|
|poke|p2|Ribombee, F|
|poke|p2|Quaquaval, F|
|poke|p2|Iron Treads|
|teampreview
|
|t:|1760791110
|teamsize|p1|6
|teamsize|p2|6
|start
|switch|p1a: Asfaloth|Ninetales-Alola, F, shiny|100/100
|switch|p2a: Ribombee|Ribombee, F, shiny|100/100
|-weather|Snowscape|[from] ability: Snow Warning|[of] p1a: Asfaloth
|turn|1
|
|t:|1760791116
|move|p2a: Ribombee|Stun Spore|p1a: Asfaloth
|-status|p1a: Asfaloth|par
|move|p1a: Asfaloth|Encore|p2a: Ribombee
|-start|p2a: Ribombee|Encore
|
|-weather|Snowscape|[upkeep]
|upkeep
|turn|2
|
|t:|1760791123
|switch|p2a: Gholdengo|Gholdengo|100/100
|-item|p2a: Gholdengo|Air Balloon
|move|p1a: Asfaloth|Aurora Veil|p1a: Asfaloth
|-sidestart|p1: Nikator98|move: Aurora Veil
|
|-weather|Snowscape|[upkeep]
|upkeep
|turn|3
|
|t:|1760791129
|switch|p2a: Ribombee|Ribombee, F, shiny|100/100
|switch|p1a: Arquillian Sentry|Metagross|100/100
|
|-weather|Snowscape|[upkeep]
|upkeep
|turn|4
|
|t:|1760791136
|move|p2a: Ribombee|Sticky Web|p1a: Arquillian Sentry
|-sidestart|p1: Nikator98|move: Sticky Web
|move|p1a: Arquillian Sentry|Stealth Rock|p2a: Ribombee
|-sidestart|p2: Mr-Mongol|move: Stealth Rock
|
|-weather|Snowscape|[upkeep]
|upkeep
|turn|5
|
|t:|1760791148
|move|p2a: Ribombee|Stun Spore|p1a: Arquillian Sentry
|-status|p1a: Arquillian Sentry|par
|cant|p1a: Arquillian Sentry|par
|
|-weather|none
|upkeep
|turn|6
|
|t:|1760791153
|move|p2a: Ribombee|Moonblast|p1a: Arquillian Sentry
|-resisted|p1a: Arquillian Sentry
|-damage|p1a: Arquillian Sentry|90/100 par
|move|p1a: Arquillian Sentry|Meteor Mash|p2a: Ribombee
|-supereffective|p2a: Ribombee
|-enditem|p2a: Ribombee|Focus Sash
|-damage|p2a: Ribombee|1/100
|
|upkeep
|turn|7
|
|t:|1760791161
|move|p2a: Ribombee|Moonblast|p1a: Arquillian Sentry
|-resisted|p1a: Arquillian Sentry
|-damage|p1a: Arquillian Sentry|80/100 par
|cant|p1a: Arquillian Sentry|par
|
|upkeep
|turn|8
|
|t:|1760791176
|move|p2a: Ribombee|Moonblast|p1a: Arquillian Sentry
|-resisted|p1a: Arquillian Sentry
|-damage|p1a: Arquillian Sentry|68/100 par
|cant|p1a: Arquillian Sentry|par
|
|upkeep
|turn|9
|
|t:|1760791182
|switch|p1a: Asfaloth|Ninetales-Alola, F, shiny|100/100 par
|-activate|p1a: Asfaloth|move: Sticky Web
|-unboost|p1a: Asfaloth|spe|1
|-weather|Snowscape|[from] ability: Snow Warning|[of] p1a: Asfaloth
|move|p2a: Ribombee|Moonblast|p1a: Asfaloth
|-damage|p1a: Asfaloth|79/100 par
|-unboost|p1a: Asfaloth|spa|1
|
|-weather|Snowscape|[upkeep]
|-sideend|p1: Nikator98|move: Aurora Veil
|upkeep
|turn|10
|
|t:|1760791194
|move|p2a: Ribombee|Moonblast|p1a: Asfaloth
|-damage|p1a: Asfaloth|34/100 par
|cant|p1a: Asfaloth|par
|
|-weather|Snowscape|[upkeep]
|upkeep
|turn|11
|
|t:|1760791209
|move|p2a: Ribombee|Moonblast|p1a: Asfaloth
|-damage|p1a: Asfaloth|0 fnt
|faint|p1a: Asfaloth
|
|-weather|Snowscape|[upkeep]
|upkeep
|
|t:|1760791219
|switch|p1a: Kumaryia|Great Tusk, shiny|100/100
|-activate|p1a: Kumaryia|move: Sticky Web
|-unboost|p1a: Kumaryia|spe|1
|turn|12
|
|t:|1760791226
|switch|p2a: Gholdengo|Gholdengo|100/100
|-damage|p2a: Gholdengo|94/100|[from] Stealth Rock
|-item|p2a: Gholdengo|Air Balloon
|move|p1a: Kumaryia|Bitter Malice|p2a: Gholdengo
|-supereffective|p2a: Gholdengo
|-damage|p2a: Gholdengo|0 fnt
|-enditem|p2a: Gholdengo|Air Balloon
|faint|p2a: Gholdengo
|
|-weather|Snowscape|[upkeep]
|upkeep
|
|t:|1760791229
|switch|p2a: Enamorus|Enamorus, F|100/100
|-damage|p2a: Enamorus|76/100|[from] Stealth Rock
|turn|13
|
|t:|1760791241
|switch|p1a: Arquillian Sentry|Metagross|68/100 par
|-activate|p1a: Arquillian Sentry|move: Sticky Web
|-fail|p1a: Arquillian Sentry|unboost|[from] ability: Clear Body|[of] p1a: Arquillian Sentry
|move|p2a: Enamorus|Moonblast|p1a: Arquillian Sentry
|-resisted|p1a: Arquillian Sentry
|-damage|p1a: Arquillian Sentry|30/100 par
|
|-weather|none
|upkeep
|turn|14
|
|t:|1760791262
|switch|p2a: Ribombee|Ribombee, F, shiny|1/100
|-damage|p2a: Ribombee|0 fnt|[from] Stealth Rock
|faint|p2a: Ribombee
|move|p1a: Arquillian Sentry|Meteor Mash|p2: Ribombee|[notarget]
|-fail|p1a: Arquillian Sentry
|
|upkeep
|
|t:|1760791269
|switch|p2a: Quaquaval|Quaquaval, F|100/100
|-damage|p2a: Quaquaval|94/100|[from] Stealth Rock
|turn|15
|
|t:|1760791273
|move|p2a: Quaquaval|Rapid Spin|p1a: Arquillian Sentry
|-resisted|p1a: Arquillian Sentry
|-damage|p1a: Arquillian Sentry|24/100 par
|-boost|p2a: Quaquaval|spe|1
|-sideend|p2: Mr-Mongol|Stealth Rock|[from] move: Rapid Spin|[of] p2a: Quaquaval
|move|p1a: Arquillian Sentry|Psychic Fangs|p2a: Quaquaval
|-supereffective|p2a: Quaquaval
|-damage|p2a: Quaquaval|0 fnt
|faint|p2a: Quaquaval
|
|upkeep
|
|t:|1760791281
|switch|p2a: Iron Treads|Iron Treads|100/100
|-enditem|p2a: Iron Treads|Booster Energy
|-activate|p2a: Iron Treads|ability: Quark Drive|[fromitem]
|-start|p2a: Iron Treads|quarkdriveatk
|turn|16
|
|t:|1760791307
|switch|p1a: Kumaryia|Great Tusk, shiny|100/100
|-activate|p1a: Kumaryia|move: Sticky Web
|-unboost|p1a: Kumaryia|spe|1
|move|p2a: Iron Treads|Earthquake|p1a: Kumaryia
|-damage|p1a: Kumaryia|0 fnt
|replace|p1a: Van Helsing|Zoroark-Hisui, M, shiny
|-end|p1a: Van Helsing|Illusion
|faint|p1a: Van Helsing
|
|upkeep
|
|t:|1760791316
|switch|p1a: Kumaryia|Great Tusk, shiny|100/100
|turn|17
|
|t:|1760791320
|-end|p2a: Iron Treads|Quark Drive|[silent]
|switch|p2a: Ceruledge|Ceruledge, F|100/100
|move|p1a: Kumaryia|Rapid Spin|p2a: Ceruledge
|-immune|p2a: Ceruledge
|
|upkeep
|turn|18
|
|t:|1760791347
|move|p1a: Kumaryia|Knock Off|p2a: Ceruledge
|-supereffective|p2a: Ceruledge
|-enditem|p2a: Ceruledge|Focus Sash
|-damage|p2a: Ceruledge|1/100
|-ability|p2a: Ceruledge|Weak Armor|boost
|-unboost|p2a: Ceruledge|def|1
|-boost|p2a: Ceruledge|spe|2
|move|p2a: Ceruledge|Swords Dance|p2a: Ceruledge
|-boost|p2a: Ceruledge|atk|2
|
|upkeep
|turn|19
|
|t:|1760791356
|move|p2a: Ceruledge|Poltergeist|p1a: Kumaryia
|-activate|p1a: Kumaryia|move: Poltergeist|Heavy-Duty Boots
|-damage|p1a: Kumaryia|8/100
|move|p1a: Kumaryia|Knock Off|p2a: Ceruledge
|-supereffective|p2a: Ceruledge
|-damage|p2a: Ceruledge|0 fnt
|faint|p2a: Ceruledge
|
|upkeep
|
|t:|1760791360
|switch|p2a: Enamorus|Enamorus, F|76/100
|turn|20
|
|t:|1760791369
|-end|p1a: Kumaryia|Protosynthesis|[silent]
|switch|p1a: Lacelle|Haxorus, M|100/100
|-activate|p1a: Lacelle|move: Sticky Web
|-unboost|p1a: Lacelle|spe|1
|-ability|p1a: Lacelle|Mold Breaker
|move|p2a: Enamorus|Earth Power|p1a: Lacelle
|-damage|p1a: Lacelle|49/100
|
|upkeep
|turn|21
|
|t:|1760791381
|move|p2a: Enamorus|Moonblast|p1a: Lacelle
|-supereffective|p1a: Lacelle
|-damage|p1a: Lacelle|0 fnt
|faint|p1a: Lacelle
|
|upkeep
|
|t:|1760791392
|switch|p1a: Arquillian Sentry|Metagross|24/100 par
|-activate|p1a: Arquillian Sentry|move: Sticky Web
|-fail|p1a: Arquillian Sentry|unboost|[from] ability: Clear Body|[of] p1a: Arquillian Sentry
|turn|22
|-enditem|p1a: Arquillian Sentry|Custap Berry|[eat]
|-activate|p1a: Arquillian Sentry|item: Custap Berry|[consumed]
|
|t:|1760791402
|move|p1a: Arquillian Sentry|Explosion|p2a: Enamorus
|-damage|p2a: Enamorus|0 fnt
|faint|p1a: Arquillian Sentry
|faint|p2a: Enamorus
|
|upkeep
|
|t:|1760791411
|switch|p2a: Iron Treads|Iron Treads|100/100
|switch|p1a: Gothmog|Iron Moth|100/100
|-activate|p1a: Gothmog|move: Sticky Web
|-unboost|p1a: Gothmog|spe|1
|-enditem|p1a: Gothmog|Booster Energy
|-activate|p1a: Gothmog|ability: Quark Drive|[fromitem]
|-start|p1a: Gothmog|quarkdrivespa
|turn|23
|
|t:|1760791420
|-terastallize|p2a: Iron Treads|Fairy
|-terastallize|p1a: Gothmog|Grass
|move|p2a: Iron Treads|Rapid Spin|p1a: Gothmog
|-damage|p1a: Gothmog|74/100
|-boost|p2a: Iron Treads|spe|1
|move|p1a: Gothmog|Fiery Dance|p2a: Iron Treads
|-damage|p2a: Iron Treads|32/100
|
|upkeep
|turn|24
|
|t:|1760791429
|move|p2a: Iron Treads|Ice Spinner|p1a: Gothmog
|-supereffective|p1a: Gothmog
|-damage|p1a: Gothmog|0 fnt
|faint|p1a: Gothmog
|-end|p1a: Gothmog|Quark Drive|[silent]
|
|upkeep
|-message|Nikator98 forfeited.
|
|win|Mr-Mongol
|raw|Nikator98's rating: 1608 &rarr; <strong>1594</strong><br />(-14 for losing)
|raw|Mr-Mongol's rating: 1717 &rarr; <strong>1731</strong><br />(+14 for winning)
|l|☆Nikator98
|player|p1|
|l|☆Mr-Mongol
|player|p2|
