|j|☆Hedgehog415
|j|☆TheMasterAJ
|t:|1760747338
|gametype|singles
|player|p1|Hedgehog415|iris-gen5bw2|
|player|p2|TheMasterAJ|102|
|gen|9
|tier|[Gen 9] OU
|rule|HP Percentage Mod: HP is shown in percentages
|rule|Endless Battle Clause: Forcing endless battles is banned
|rule|Species Clause: Limit one of each Pokémon
|rule|OHKO Clause: OHKO moves are banned
|rule|Evasion Items Clause: Evasion items are banned
|rule|Evasion Moves Clause: Evasion moves are banned
|rule|Evasion Abilities Clause: Evasion abilities are banned
|rule|Sleep Moves Clause: Sleep-inducing moves are banned
|clearpoke
|poke|p1|Tyranitar, M|
|poke|p1|Great Tusk|
|poke|p1|Sinistcha|
|poke|p1|Iron Moth|
|poke|p1|Dragonite, M|
|poke|p1|Mimikyu, M|
|poke|p2|Garchomp, M|
|poke|p2|Rotom-Wash|
|poke|p2|Cinderace, F|
|poke|p2|Darkrai|
|poke|p2|Lilligant-Hisui, F|
|poke|p2|Metagross|
|teampreview
|j| Kosmicbad
|
|t:|1760747554
|teamsize|p1|6
|teamsize|p2|6
|start
|switch|p1a: Bad Dragon|Dragonite, M|100/100
|switch|p2a: Washer Woman|Rotom-Wash|100/100
|turn|1
|
|t:|1760747564
|-terastallize|p1a: Bad Dragon|Fire
|move|p1a: Bad Dragon|Dragon Dance|p1a: Bad Dragon
|-boost|p1a: Bad Dragon|atk|1
|-boost|p1a: Bad Dragon|spe|1
|move|p2a: Washer Woman|Thunder Wave|p1a: Bad Dragon|[miss]
|-miss|p2a: Washer Woman|p1a: Bad Dragon
|
|upkeep
|turn|2
|
|t:|1760747573
|move|p1a: Bad Dragon|Scale Shot|p2a: Washer Woman
|-damage|p2a: Washer Woman|82/100
|-damage|p2a: Washer Woman|64/100
|-damage|p2a: Washer Woman|47/100
|-damage|p2a: Washer Woman|29/100
|-damage|p2a: Washer Woman|11/100
|-hitcount|p2a: Washer Woman|5
|-unboost|p1a: Bad Dragon|def|1
|-boost|p1a: Bad Dragon|spe|1
|move|p2a: Washer Woman|Thunder Wave|p1a: Bad Dragon
|-status|p1a: Bad Dragon|par
|
|-heal|p2a: Washer Woman|18/100|[from] item: Leftovers
|upkeep
|turn|3
|
|t:|1760747588
|move|p1a: Bad Dragon|Scale Shot|p2a: Washer Woman
|-damage|p2a: Washer Woman|0 fnt
|faint|p2a: Washer Woman
|-hitcount|p2: Washer Woman|1
|-unboost|p1a: Bad Dragon|def|1
|-boost|p1a: Bad Dragon|spe|1
|
|upkeep
|c| Kosmicbad|Gg
|
|t:|1760747623
|switch|p2a: Jet2Holiday|Garchomp, M|100/100
|turn|4
|l| Kosmicbad
|
|t:|1760747629
|-terastallize|p2a: Jet2Holiday|Steel
|cant|p1a: Bad Dragon|par
|move|p2a: Jet2Holiday|Scale Shot|p1a: Bad Dragon
|-damage|p1a: Bad Dragon|85/100 par
|-damage|p1a: Bad Dragon|50/100 par
|-damage|p1a: Bad Dragon|21/100 par
|-damage|p1a: Bad Dragon|0 fnt
|faint|p1a: Bad Dragon
|-hitcount|p1: Bad Dragon|4
|-unboost|p2a: Jet2Holiday|def|1
|-boost|p2a: Jet2Holiday|spe|1
|
|upkeep
|
|t:|1760747653
|switch|p1a: Sunny D|Iron Moth|100/100
|-enditem|p1a: Sunny D|Booster Energy
|-activate|p1a: Sunny D|ability: Quark Drive|[fromitem]
|-start|p1a: Sunny D|quarkdrivespe
|turn|5
|j| Kosmicbad
|
|t:|1760747680
|move|p1a: Sunny D|Fiery Dance|p2a: Jet2Holiday
|-supereffective|p2a: Jet2Holiday
|-damage|p2a: Jet2Holiday|8/100
|-boost|p1a: Sunny D|spa|1
|move|p2a: Jet2Holiday|Earthquake|p1a: Sunny D
|-supereffective|p1a: Sunny D
|-damage|p1a: Sunny D|0 fnt
|faint|p1a: Sunny D
|-end|p1a: Sunny D|Quark Drive|[silent]
|
|upkeep
|
|t:|1760747691
|switch|p1a: Illegal Immigrant|Mimikyu, M|100/100
|turn|6
|c| Kosmicbad|YOOOOOOOO
|
|t:|1760747709
|move|p1a: Illegal Immigrant|Shadow Sneak|p2a: Jet2Holiday
|-damage|p2a: Jet2Holiday|0 fnt
|-damage|p1a: Illegal Immigrant|88/100|[from] ability: Rough Skin|[of] p2a: Jet2Holiday
|faint|p2a: Jet2Holiday
|-damage|p1a: Illegal Immigrant|78/100|[from] item: Life Orb
|
|upkeep
|
|t:|1760747719
|switch|p2a: TeraGhostrai|Darkrai|100/100
|turn|7
|
|t:|1760747724
|move|p2a: TeraGhostrai|Shadow Ball|p1a: Illegal Immigrant
|-activate|p1a: Illegal Immigrant|ability: Disguise
|-damage|p1a: Illegal Immigrant|78/100
|detailschange|p1a: Illegal Immigrant|Mimikyu-Busted, M
|-damage|p1a: Illegal Immigrant|66/100|[from] pokemon: Mimikyu-Busted
|move|p1a: Illegal Immigrant|Play Rough|p2a: TeraGhostrai
|-supereffective|p2a: TeraGhostrai
|-damage|p2a: TeraGhostrai|0 fnt
|faint|p2a: TeraGhostrai
|-damage|p1a: Illegal Immigrant|56/100|[from] item: Life Orb
|
|upkeep
|c| Kosmicbad|U are so dumb aj
|
|t:|1760747766
|switch|p2a: Photosyntheslut|Lilligant-Hisui, F, shiny|100/100
|turn|8
|
|t:|1760747772
|move|p2a: Photosyntheslut|Triple Axel|p1a: Illegal Immigrant|[miss]
|-miss|p2a: Photosyntheslut|p1a: Illegal Immigrant
|move|p1a: Illegal Immigrant|Play Rough|p2a: Photosyntheslut
|-supereffective|p2a: Photosyntheslut
|-damage|p2a: Photosyntheslut|0 fnt
|faint|p2a: Photosyntheslut
|-damage|p1a: Illegal Immigrant|46/100|[from] item: Life Orb
|
|upkeep
|c| Kosmicbad|WHAT ARE YOU DOING
|
|t:|1760747829
|switch|p2a: Mew Hater|Cinderace, F, shiny|100/100
|-item|p2a: Mew Hater|Air Balloon
|turn|9
|c| Kosmicbad|Bro
|
|t:|1760747845
|move|p1a: Illegal Immigrant|Shadow Sneak|p2a: Mew Hater
|-damage|p2a: Mew Hater|68/100
|-enditem|p2a: Mew Hater|Air Balloon
|-damage|p1a: Illegal Immigrant|36/100|[from] item: Life Orb
|move|p2a: Mew Hater|Pyro Ball|p1a: Illegal Immigrant
|-damage|p1a: Illegal Immigrant|0 fnt
|faint|p1a: Illegal Immigrant
|
|upkeep
|
|t:|1760747854
|switch|p1a: ELEPHANT!!!|Great Tusk, shiny|100/100
|turn|10
|c| Kosmicbad|I’ve seen enough aj is Mr mid this year
|c| Kosmicbad|What is the holdup headlong rush twice gg
|
|t:|1760747966
|move|p1a: ELEPHANT!!!|Headlong Rush|p2a: Mew Hater
|-supereffective|p2a: Mew Hater
|-damage|p2a: Mew Hater|0 fnt
|-unboost|p1a: ELEPHANT!!!|def|1
|-unboost|p1a: ELEPHANT!!!|spd|1
|faint|p2a: Mew Hater
|
|upkeep
|
|t:|1760747972
|switch|p2a: Undertaker|Metagross, shiny|100/100
|turn|11
|
|t:|1760747984
|move|p1a: ELEPHANT!!!|Headlong Rush|p2a: Undertaker
|-supereffective|p2a: Undertaker
|-damage|p2a: Undertaker|8/100
|-unboost|p1a: ELEPHANT!!!|def|1
|-unboost|p1a: ELEPHANT!!!|spd|1
|move|p2a: Undertaker|Meteor Mash|p1a: ELEPHANT!!!
|-damage|p1a: ELEPHANT!!!|36/100
|
|upkeep
|turn|12
|
|t:|1760747992
|move|p2a: Undertaker|Bullet Punch|p1a: ELEPHANT!!!
|-damage|p1a: ELEPHANT!!!|5/100
|move|p1a: ELEPHANT!!!|Headlong Rush|p2a: Undertaker
|-supereffective|p2a: Undertaker
|-damage|p2a: Undertaker|0 fnt
|-unboost|p1a: ELEPHANT!!!|def|1
|-unboost|p1a: ELEPHANT!!!|spd|1
|faint|p2a: Undertaker
|
|win|Hedgehog415
|l| Kosmicbad
