|j|☆Max G&K974
|j|☆xbrockmonsterx
|t:|1760727620
|gametype|singles
|player|p1|Max G&K974|kieran|1297
|player|p2|xbrockmonsterx|blackbelt-gen4dp|1255
|gen|9
|tier|[Gen 9] OU
|rated|
|rule|HP Percentage Mod: HP is shown in percentages
|rule|Endless Battle Clause: Forcing endless battles is banned
|rule|Species Clause: Limit one of each Pokémon
|rule|OHKO Clause: OHKO moves are banned
|rule|Evasion Items Clause: Evasion items are banned
|rule|Evasion Moves Clause: Evasion moves are banned
|rule|Evasion Abilities Clause: Evasion abilities are banned
|rule|Sleep Moves Clause: Sleep-inducing moves are banned
|clearpoke
|poke|p1|Kingambit, M|
|poke|p1|Garganacl, M|
|poke|p1|Pawniard, M|
|poke|p1|Dragapult, F|
|poke|p1|Ceruledge, M|
|poke|p1|Bisharp, M|
|poke|p2|Ceruledge, M|
|poke|p2|Corviknight, M|
|poke|p2|Kyurem|
|poke|p2|Ting-Lu|
|poke|p2|Gholdengo|
|poke|p2|Rillaboom, F|
|teampreview
|inactive|Battle timer is ON: inactive players will automatically lose when time's up. (requested by Max G&K974)
|inactive|xbrockmonsterx also wants the timer to be on.
|inactive|xbrockmonsterx has 120 seconds left.
|
|t:|1760727652
|teamsize|p1|6
|teamsize|p2|6
|start
|switch|p1a: Tower|Garganacl, M|100/100
|switch|p2a: Gholdengo|Gholdengo|100/100
|turn|1
|
|t:|1760727668
|switch|p1a: Pawn|Pawniard, M|100/100
|move|p2a: Gholdengo|Make It Rain|p1a: Pawn
|-resisted|p1a: Pawn
|-enditem|p1a: Pawn|Focus Sash
|-damage|p1a: Pawn|1/100
|-unboost|p2a: Gholdengo|spa|1
|
|upkeep
|turn|2
|
|t:|1760727675
|move|p1a: Pawn|Sucker Punch|p2a: Gholdengo
|-supereffective|p2a: Gholdengo
|-damage|p2a: Gholdengo|43/100
|move|p2a: Gholdengo|Make It Rain|p1a: Pawn
|-resisted|p1a: Pawn
|-damage|p1a: Pawn|0 fnt
|-unboost|p2a: Gholdengo|spa|1
|faint|p1a: Pawn
|
|upkeep
|
|t:|1760727692
|switch|p1a: Tower|Garganacl, M|100/100
|turn|3
|
|t:|1760727706
|switch|p2a: Ting-Lu|Ting-Lu|100/100
|-ability|p2a: Ting-Lu|Vessel of Ruin
|move|p1a: Tower|Salt Cure|p2a: Ting-Lu
|-resisted|p2a: Ting-Lu
|-damage|p2a: Ting-Lu|96/100
|-start|p2a: Ting-Lu|Salt Cure
|
|-heal|p2a: Ting-Lu|100/100|[from] item: Leftovers
|-damage|p2a: Ting-Lu|88/100|[from] Salt Cure
|upkeep
|turn|4
|
|t:|1760727720
|switch|p1a: Bishop|Bisharp, M|100/100
|move|p2a: Ting-Lu|Ruination|p1a: Bishop
|-damage|p1a: Bishop|51/100
|
|-heal|p2a: Ting-Lu|94/100|[from] item: Leftovers
|-damage|p2a: Ting-Lu|82/100|[from] Salt Cure
|upkeep
|turn|5
|
|t:|1760727726
|move|p1a: Bishop|Swords Dance|p1a: Bishop
|-boost|p1a: Bishop|atk|2
|move|p2a: Ting-Lu|Earthquake|p1a: Bishop
|-supereffective|p1a: Bishop
|-damage|p1a: Bishop|0 fnt
|faint|p1a: Bishop
|
|-heal|p2a: Ting-Lu|88/100|[from] item: Leftovers
|-damage|p2a: Ting-Lu|76/100|[from] Salt Cure
|upkeep
|
|t:|1760727736
|switch|p1a: Queen|Dragapult, F|100/100
|turn|6
|
|t:|1760727748
|move|p1a: Queen|U-turn|p2a: Ting-Lu
|-supereffective|p2a: Ting-Lu
|-damage|p2a: Ting-Lu|39/100
|
|t:|1760727756
|switch|p1a: Knight|Ceruledge, M|100/100|[from] U-turn
|move|p2a: Ting-Lu|Ruination|p1a: Knight|[miss]
|-miss|p2a: Ting-Lu|p1a: Knight
|
|-heal|p2a: Ting-Lu|45/100|[from] item: Leftovers
|-damage|p2a: Ting-Lu|33/100|[from] Salt Cure
|upkeep
|turn|7
|
|t:|1760727763
|move|p1a: Knight|Close Combat|p2a: Ting-Lu
|-supereffective|p2a: Ting-Lu
|-damage|p2a: Ting-Lu|0 fnt
|-unboost|p1a: Knight|def|1
|-unboost|p1a: Knight|spd|1
|faint|p2a: Ting-Lu
|
|upkeep
|
|t:|1760727768
|switch|p2a: Gholdengo|Gholdengo|43/100
|turn|8
|
|t:|1760727773
|move|p1a: Knight|Shadow Sneak|p2a: Gholdengo
|-supereffective|p2a: Gholdengo
|-damage|p2a: Gholdengo|0 fnt
|faint|p2a: Gholdengo
|
|upkeep
|
|t:|1760727780
|switch|p2a: Corviknight|Corviknight, M|100/100
|-ability|p2a: Corviknight|Pressure
|turn|9
|
|t:|1760727782
|move|p1a: Knight|Swords Dance|p1a: Knight
|-boost|p1a: Knight|atk|2
|move|p2a: Corviknight|Brave Bird|p1a: Knight
|-damage|p1a: Knight|21/100
|-ability|p1a: Knight|Weak Armor|boost
|-unboost|p1a: Knight|def|1
|-boost|p1a: Knight|spe|2
|-damage|p2a: Corviknight|81/100|[from] Recoil
|
|upkeep
|turn|10
|
|t:|1760727794
|-terastallize|p2a: Corviknight|Dragon
|move|p1a: Knight|Bitter Blade|p2a: Corviknight
|-resisted|p2a: Corviknight
|-damage|p2a: Corviknight|50/100
|-heal|p1a: Knight|43/100|[from] drain|[of] p2a: Corviknight
|-damage|p1a: Knight|26/100|[from] item: Rocky Helmet|[of] p2a: Corviknight
|move|p2a: Corviknight|Brave Bird|p1a: Knight
|-damage|p1a: Knight|0 fnt
|faint|p1a: Knight
|-damage|p2a: Corviknight|44/100|[from] Recoil
|
|upkeep
|
|t:|1760727818
|switch|p1a: Queen|Dragapult, F|100/100
|turn|11
|
|t:|1760727826
|-terastallize|p1a: Queen|Ghost
|move|p1a: Queen|Tera Blast|p2a: Corviknight|[anim] Tera Blast Ghost
|-crit|p2a: Corviknight
|-damage|p2a: Corviknight|0 fnt
|faint|p2a: Corviknight
|
|upkeep
|
|t:|1760727831
|switch|p2a: Ceruledge|Ceruledge, M|100/100
|turn|12
|
|t:|1760727835
|switch|p1a: Tower|Garganacl, M|100/100
|move|p2a: Ceruledge|Poltergeist|p1a: Tower
|-activate|p1a: Tower|move: Poltergeist|Leftovers
|-damage|p1a: Tower|84/100
|
|-heal|p1a: Tower|90/100|[from] item: Leftovers
|upkeep
|turn|13
|
|t:|1760727838
|switch|p2a: Rillaboom|Rillaboom, F|100/100
|-fieldstart|move: Grassy Terrain|[from] ability: Grassy Surge|[of] p2a: Rillaboom
|move|p1a: Tower|Salt Cure|p2a: Rillaboom
|-damage|p2a: Rillaboom|86/100
|-start|p2a: Rillaboom|Salt Cure
|
|-heal|p2a: Rillaboom|92/100|[from] Grassy Terrain
|-heal|p1a: Tower|96/100|[from] Grassy Terrain
|-heal|p1a: Tower|100/100|[from] item: Leftovers
|-damage|p2a: Rillaboom|79/100|[from] Salt Cure
|upkeep
|turn|14
|inactive|xbrockmonsterx has 120 seconds left.
|
|t:|1760727872
|move|p2a: Rillaboom|Wood Hammer|p1a: Tower
|-supereffective|p1a: Tower
|-damage|p1a: Tower|0 fnt
|faint|p1a: Tower
|-damage|p2a: Rillaboom|44/100|[from] Recoil
|
|-heal|p2a: Rillaboom|50/100|[from] Grassy Terrain
|-damage|p2a: Rillaboom|37/100|[from] Salt Cure
|upkeep
|
|t:|1760727882
|switch|p1a: Queen|Dragapult, F, tera:Ghost|100/100
|turn|15
|
|t:|1760727893
|switch|p2a: Kyurem|Kyurem|100/100
|-ability|p2a: Kyurem|Pressure
|move|p1a: Queen|U-turn|p2a: Kyurem
|-damage|p2a: Kyurem|66/100
|
|t:|1760727899
|switch|p1a: King|Kingambit, M|100/100|[from] U-turn
|-activate|p1a: King|ability: Supreme Overlord
|-start|p1a: King|fallen4|[silent]
|
|-heal|p2a: Kyurem|72/100|[from] Grassy Terrain
|upkeep
|turn|16
|
|t:|1760727905
|move|p1a: King|Sucker Punch|p2a: Kyurem
|-damage|p2a: Kyurem|17/100
|move|p2a: Kyurem|Icicle Spear|p1a: King
|-resisted|p1a: King
|-damage|p1a: King|95/100
|-resisted|p1a: King
|-damage|p1a: King|89/100
|-resisted|p1a: King
|-damage|p1a: King|84/100
|-resisted|p1a: King
|-damage|p1a: King|79/100
|-hitcount|p1a: King|4
|
|-heal|p2a: Kyurem|23/100|[from] Grassy Terrain
|-heal|p1a: King|85/100|[from] Grassy Terrain
|-heal|p1a: King|91/100|[from] item: Leftovers
|upkeep
|turn|17
|
|t:|1760727913
|move|p2a: Kyurem|Icicle Spear|p1a: King
|-resisted|p1a: King
|-damage|p1a: King|85/100
|-resisted|p1a: King
|-damage|p1a: King|79/100
|-resisted|p1a: King
|-damage|p1a: King|74/100
|-resisted|p1a: King
|-damage|p1a: King|68/100
|-hitcount|p1a: King|4
|move|p1a: King|Kowtow Cleave|p2a: Kyurem
|-damage|p2a: Kyurem|0 fnt
|faint|p2a: Kyurem
|
|-heal|p1a: King|74/100|[from] Grassy Terrain
|-heal|p1a: King|80/100|[from] item: Leftovers
|-fieldend|move: Grassy Terrain
|upkeep
|
|t:|1760727917
|switch|p2a: Ceruledge|Ceruledge, M|100/100
|turn|18
|
|t:|1760727921
|move|p2a: Ceruledge|Bitter Blade|p1a: King
|-supereffective|p1a: King
|-damage|p1a: King|8/100
|move|p1a: King|Kowtow Cleave|p2a: Ceruledge
|-supereffective|p2a: Ceruledge
|-enditem|p2a: Ceruledge|Focus Sash
|-damage|p2a: Ceruledge|1/100
|-ability|p2a: Ceruledge|Weak Armor|boost
|-unboost|p2a: Ceruledge|def|1
|-boost|p2a: Ceruledge|spe|2
|
|-heal|p1a: King|14/100|[from] item: Leftovers
|upkeep
|turn|19
|
|t:|1760727927
|move|p2a: Ceruledge|Shadow Sneak|p1a: King
|-resisted|p1a: King
|-damage|p1a: King|5/100
|move|p1a: King|Sucker Punch||[still]
|-fail|p1a: King
|
|-heal|p1a: King|11/100|[from] item: Leftovers
|upkeep
|turn|20
|
|t:|1760727931
|move|p1a: King|Sucker Punch|p2a: Ceruledge
|-supereffective|p2a: Ceruledge
|-damage|p2a: Ceruledge|0 fnt
|faint|p2a: Ceruledge
|
|-heal|p1a: King|18/100|[from] item: Leftovers
|upkeep
|
|t:|1760727933
|switch|p2a: Rillaboom|Rillaboom, F|37/100
|-fieldstart|move: Grassy Terrain|[from] ability: Grassy Surge|[of] p2a: Rillaboom
|turn|21
|
|t:|1760727940
|move|p2a: Rillaboom|Grassy Glide|p1a: King
|-resisted|p1a: King
|-crit|p1a: King
|-damage|p1a: King|0 fnt
|faint|p1a: King
|-end|p1a: King|fallen4|[silent]
|
|-heal|p2a: Rillaboom|44/100|[from] Grassy Terrain
|upkeep
|
|t:|1760727944
|switch|p1a: Queen|Dragapult, F, tera:Ghost|100/100
|turn|22
|
|t:|1760727947
|move|p2a: Rillaboom|Grassy Glide|p1a: Queen
|-damage|p1a: Queen|21/100
|move|p1a: Queen|Tera Blast|p2a: Rillaboom|[anim] Tera Blast Ghost
|-damage|p2a: Rillaboom|0 fnt
|faint|p2a: Rillaboom
|
|win|Max G&K974
|raw|Max G&amp;K974's rating: 1297 &rarr; <strong>1319</strong><br />(+22 for winning)
|raw|xbrockmonsterx's rating: 1255 &rarr; <strong>1233</strong><br />(-22 for losing)
|l|☆xbrockmonsterx
|player|p2|
|c|☆Max G&K974|gg
|l|☆Max G&K974
|player|p1|
