|badge|p2|silver|gen9randombattle|30-7
|uhtml|medal-msg|<div class="broadcast-blue">Curious what those medals under the avatar are? PS now has Ladder Seasons! For more information, check out the <a href="https://www.smogon.com/forums/threads/3740067/">thread on Smogon.</a></div>
|j|☆KV959vv
|j|☆phantasmiccat
|t:|1760762935
|gametype|singles
|player|p1|KV959vv|wallace|1567
|player|p2|phantasmiccat|miku-grass|1644
|gen|9
|tier|[Gen 9] OU
|rated|
|rule|HP Percentage Mod: HP is shown in percentages
|rule|Endless Battle Clause: Forcing endless battles is banned
|rule|Species Clause: Limit one of each Pokémon
|rule|OHKO Clause: OHKO moves are banned
|rule|Evasion Items Clause: Evasion items are banned
|rule|Evasion Moves Clause: Evasion moves are banned
|rule|Evasion Abilities Clause: Evasion abilities are banned
|rule|Sleep Moves Clause: Sleep-inducing moves are banned
|clearpoke
|poke|p1|Serperior, F|
|poke|p1|Samurott-Hisui, M|
|poke|p1|Iron Treads|
|poke|p1|Gholdengo|
|poke|p1|Moltres|
|poke|p1|Salamence, M|
|poke|p2|Iron Crown|
|poke|p2|Dragonite, M|
|poke|p2|Great Tusk|
|poke|p2|Ogerpon-Cornerstone, F|
|poke|p2|Cinderace, F|
|poke|p2|Ceruledge, F|
|teampreview
|inactive|Battle timer is ON: inactive players will automatically lose when time's up. (requested by phantasmiccat)
|
|t:|1760762948
|teamsize|p1|6
|teamsize|p2|6
|start
|switch|p1a: Samurott|Samurott-Hisui, M, shiny|100/100
|switch|p2a: Dragonite|Dragonite, M|100/100
|turn|1
|
|t:|1760762954
|move|p2a: Dragonite|Dragon Dance|p2a: Dragonite
|-boost|p2a: Dragonite|atk|1
|-boost|p2a: Dragonite|spe|1
|move|p1a: Samurott|Ceaseless Edge|p2a: Dragonite
|-damage|p2a: Dragonite|71/100
|-sidestart|p2: phantasmiccat|Spikes
|
|upkeep
|turn|2
|j| Champion reko
|
|t:|1760762967
|switch|p1a: Moltres|Moltres, shiny|100/100
|move|p2a: Dragonite|Scale Shot|p1a: Moltres
|-damage|p1a: Moltres|83/100
|-damage|p1a: Moltres|67/100
|-damage|p1a: Moltres|49/100
|-damage|p1a: Moltres|33/100
|-hitcount|p1a: Moltres|4
|-unboost|p2a: Dragonite|def|1
|-boost|p2a: Dragonite|spe|1
|
|upkeep
|turn|3
|
|t:|1760762981
|move|p2a: Dragonite|Scale Shot|p1a: Moltres
|-damage|p1a: Moltres|16/100
|-damage|p1a: Moltres|0 fnt
|faint|p1a: Moltres
|-hitcount|p1: Moltres|2
|-unboost|p2a: Dragonite|def|1
|-boost|p2a: Dragonite|spe|1
|
|upkeep
|
|t:|1760762995
|switch|p1a: Salamence|Salamence, M|100/100
|turn|4
|
|t:|1760763014
|-terastallize|p1a: Salamence|Steel
|move|p2a: Dragonite|Scale Shot|p1a: Salamence
|-resisted|p1a: Salamence
|-damage|p1a: Salamence|87/100
|-resisted|p1a: Salamence
|-damage|p1a: Salamence|72/100
|-resisted|p1a: Salamence
|-damage|p1a: Salamence|57/100
|-resisted|p1a: Salamence
|-damage|p1a: Salamence|43/100
|-hitcount|p1a: Salamence|4
|-unboost|p2a: Dragonite|def|1
|-boost|p2a: Dragonite|spe|1
|move|p1a: Salamence|Dual Wingbeat|p2a: Dragonite
|-damage|p2a: Dragonite|0 fnt
|faint|p2a: Dragonite
|-ability|p1a: Salamence|Moxie|boost
|-boost|p1a: Salamence|atk|1
|-hitcount|p2: Dragonite|1
|
|upkeep
|
|t:|1760763024
|switch|p2a: Iron Crown|Iron Crown|100/100
|-damage|p2a: Iron Crown|88/100|[from] Spikes
|-enditem|p2a: Iron Crown|Booster Energy
|-activate|p2a: Iron Crown|ability: Quark Drive|[fromitem]
|-start|p2a: Iron Crown|quarkdrivespe
|turn|5
|l| Champion reko
|
|t:|1760763040
|switch|p1a: Gholdengo|Gholdengo, shiny|100/100
|-item|p1a: Gholdengo|Air Balloon
|move|p2a: Iron Crown|Focus Blast|p1a: Gholdengo
|-immune|p1a: Gholdengo
|
|upkeep
|turn|6
|
|t:|1760763048
|-end|p2a: Iron Crown|Quark Drive|[silent]
|switch|p2a: Cinderace|Cinderace, F|100/100
|-damage|p2a: Cinderace|88/100|[from] Spikes
|move|p1a: Gholdengo|Thunder Wave|p2a: Cinderace
|-status|p2a: Cinderace|par
|
|upkeep
|turn|7
|
|t:|1760763059
|move|p1a: Gholdengo|Hex|p2a: Cinderace
|-damage|p2a: Cinderace|9/100 par
|move|p2a: Cinderace|Pyro Ball|p1a: Gholdengo
|-supereffective|p1a: Gholdengo
|-damage|p1a: Gholdengo|13/100
|-enditem|p1a: Gholdengo|Air Balloon
|
|upkeep
|turn|8
|
|t:|1760763064
|move|p2a: Cinderace|Sucker Punch|p1a: Gholdengo
|-start|p2a: Cinderace|typechange|Dark|[from] ability: Libero
|-supereffective|p1a: Gholdengo
|-damage|p1a: Gholdengo|0 fnt
|faint|p1a: Gholdengo
|
|upkeep
|
|t:|1760763068
|switch|p1a: Samurott|Samurott-Hisui, M, shiny|100/100
|turn|9
|
|t:|1760763073
|move|p1a: Samurott|Ceaseless Edge|p2a: Cinderace
|-resisted|p2a: Cinderace
|-damage|p2a: Cinderace|0 fnt
|-sidestart|p2: phantasmiccat|Spikes
|faint|p2a: Cinderace
|
|upkeep
|
|t:|1760763083
|switch|p2a: Ogerpon|Ogerpon-Cornerstone, F|100/100
|-damage|p2a: Ogerpon|84/100|[from] Spikes
|turn|10
|
|t:|1760763087
|move|p2a: Ogerpon|Horn Leech|p1a: Samurott
|-supereffective|p1a: Samurott
|-damage|p1a: Samurott|7/100
|-heal|p2a: Ogerpon|100/100|[from] drain|[of] p1a: Samurott
|move|p1a: Samurott|Sacred Sword|p2a: Ogerpon
|-supereffective|p2a: Ogerpon
|-ability|p2a: Ogerpon|Sturdy
|-damage|p2a: Ogerpon|1/100
|
|upkeep
|turn|11
|
|t:|1760763092
|move|p1a: Samurott|Aqua Jet|p2a: Ogerpon
|-damage|p2a: Ogerpon|0 fnt
|faint|p2a: Ogerpon
|
|upkeep
|
|t:|1760763096
|switch|p2a: Great Tusk|Great Tusk|100/100
|-damage|p2a: Great Tusk|84/100|[from] Spikes
|-enditem|p2a: Great Tusk|Booster Energy
|-activate|p2a: Great Tusk|ability: Protosynthesis|[fromitem]
|-start|p2a: Great Tusk|protosynthesisatk
|turn|12
|
|t:|1760763102
|move|p2a: Great Tusk|Rapid Spin|p1a: Samurott
|-crit|p1a: Samurott
|-damage|p1a: Samurott|0 fnt
|-boost|p2a: Great Tusk|spe|1
|-sideend|p2: phantasmiccat|Spikes|[from] move: Rapid Spin|[of] p2a: Great Tusk
|faint|p1a: Samurott
|
|upkeep
|
|t:|1760763108
|switch|p1a: Serperior|Serperior, F, shiny|100/100
|turn|13
|inactive|phantasmiccat has 120 seconds left.
|
|t:|1760763142
|move|p2a: Great Tusk|Ice Spinner|p1a: Serperior
|-supereffective|p1a: Serperior
|-damage|p1a: Serperior|23/100
|move|p1a: Serperior|Glare|p2a: Great Tusk
|-status|p2a: Great Tusk|par
|
|-heal|p1a: Serperior|29/100|[from] item: Leftovers
|upkeep
|turn|14
|
|t:|1760763163
|move|p1a: Serperior|Substitute|p1a: Serperior
|-start|p1a: Serperior|Substitute
|-damage|p1a: Serperior|5/100
|cant|p2a: Great Tusk|par
|
|-heal|p1a: Serperior|11/100|[from] item: Leftovers
|upkeep
|turn|15
|
|t:|1760763178
|move|p1a: Serperior|Leaf Storm|p2a: Great Tusk
|-supereffective|p2a: Great Tusk
|-damage|p2a: Great Tusk|0 fnt
|-boost|p1a: Serperior|spa|2
|faint|p2a: Great Tusk
|-end|p2a: Great Tusk|Protosynthesis|[silent]
|
|-heal|p1a: Serperior|17/100|[from] item: Leftovers
|upkeep
|
|t:|1760763184
|switch|p2a: Iron Crown|Iron Crown|88/100
|turn|16
|inactive|KV959vv has 120 seconds left.
|
|t:|1760763213
|move|p1a: Serperior|Glare|p2a: Iron Crown
|-status|p2a: Iron Crown|par
|move|p2a: Iron Crown|Tachyon Cutter|p1a: Serperior
|-end|p1a: Serperior|Substitute
|-damage|p1a: Serperior|0 fnt
|faint|p1a: Serperior
|-hitcount|p1: Serperior|2
|
|upkeep
|
|t:|1760763232
|switch|p1a: Iron Treads|Iron Treads|100/100
|-item|p1a: Iron Treads|Air Balloon
|turn|17
|
|t:|1760763241
|move|p1a: Iron Treads|Stealth Rock|p2a: Iron Crown
|-sidestart|p2: phantasmiccat|move: Stealth Rock
|move|p2a: Iron Crown|Focus Blast|p1a: Iron Treads
|-supereffective|p1a: Iron Treads
|-damage|p1a: Iron Treads|0 fnt
|-enditem|p1a: Iron Treads|Air Balloon
|faint|p1a: Iron Treads
|-end|p1a: Iron Treads|Quark Drive|[silent]
|
|upkeep
|
|t:|1760763244
|switch|p1a: Salamence|Salamence, M, tera:Steel|43/100
|turn|18
|inactive|KV959vv has 120 seconds left.
|inactive|phantasmiccat has 120 seconds left.
|
|t:|1760763292
|move|p1a: Salamence|Dragon Dance|p1a: Salamence
|-boost|p1a: Salamence|atk|1
|-boost|p1a: Salamence|spe|1
|move|p2a: Iron Crown|Focus Blast|p1a: Salamence
|-supereffective|p1a: Salamence
|-damage|p1a: Salamence|0 fnt
|faint|p1a: Salamence
|
|win|phantasmiccat
|raw|KV959vv's rating: 1567 &rarr; <strong>1551</strong><br />(-16 for losing)
|raw|phantasmiccat's rating: 1644 &rarr; <strong>1660</strong><br />(+16 for winning)
|l|☆KV959vv
|player|p1|
|l|☆phantasmiccat
|player|p2|
