|j|☆ArinDuv
|j|☆825y
|t:|1760851699
|gametype|singles
|player|p1|ArinDuv|elesa|1155
|player|p2|825y|lance|1160
|gen|9
|tier|[Gen 9] OU
|rated|
|rule|HP Percentage Mod: HP is shown in percentages
|rule|Endless Battle Clause: Forcing endless battles is banned
|rule|Species Clause: Limit one of each Pokémon
|rule|OHKO Clause: OHKO moves are banned
|rule|Evasion Items Clause: Evasion items are banned
|rule|Evasion Moves Clause: Evasion moves are banned
|rule|Evasion Abilities Clause: Evasion abilities are banned
|rule|Sleep Moves Clause: Sleep-inducing moves are banned
|clearpoke
|poke|p1|Dragonite, F|
|poke|p1|Zamazenta-*|
|poke|p1|Landorus-Therian, M|
|poke|p1|Gholdengo|
|poke|p1|Primarina, F|
|poke|p1|Hatterene, F|
|poke|p2|Pelipper, M|
|poke|p2|Crawdaunt, F|
|poke|p2|Politoed, F|
|poke|p2|Kingdra, F|
|poke|p2|Goodra-Hisui, M|
|poke|p2|Ogerpon-Wellspring, F|
|teampreview
|
|t:|1760851702
|teamsize|p1|6
|teamsize|p2|6
|start
|switch|p1a: Landofruit|Landorus-Therian, M|100/100
|switch|p2a: Politoed|Politoed, F, shiny|100/100
|-ability|p1a: Landofruit|Intimidate|boost
|-unboost|p2a: Politoed|atk|1
|-weather|RainDance|[from] ability: Drizzle|[of] p2a: Politoed
|turn|1
|
|t:|1760851712
|move|p1a: Landofruit|Stealth Rock|p2a: Politoed
|-sidestart|p2: 825y|move: Stealth Rock
|move|p2a: Politoed|Ice Beam|p1a: Landofruit
|-supereffective|p1a: Landofruit
|-damage|p1a: Landofruit|0 fnt
|faint|p1a: Landofruit
|
|-weather|RainDance|[upkeep]
|upkeep
|
|t:|1760851719
|switch|p1a: Donna|Primarina, F, shiny|100/100
|turn|2
|
|t:|1760851724
|move|p2a: Politoed|Earth Power|p1a: Donna
|-damage|p1a: Donna|84/100
|-unboost|p1a: Donna|spd|1
|move|p1a: Donna|Energy Ball|p2a: Politoed
|-supereffective|p2a: Politoed
|-damage|p2a: Politoed|42/100
|
|-weather|RainDance|[upkeep]
|upkeep
|turn|3
|
|t:|1760851735
|move|p2a: Politoed|Earth Power|p1a: Donna
|-damage|p1a: Donna|61/100
|move|p1a: Donna|Ice Beam|p2a: Politoed
|-resisted|p2a: Politoed
|-damage|p2a: Politoed|27/100
|-status|p2a: Politoed|frz
|
|-weather|RainDance|[upkeep]
|upkeep
|turn|4
|
|t:|1760851744
|-curestatus|p2a: Politoed|frz|[msg]
|move|p2a: Politoed|Earth Power|p1a: Donna
|-damage|p1a: Donna|38/100
|move|p1a: Donna|Energy Ball|p2a: Politoed
|-supereffective|p2a: Politoed
|-damage|p2a: Politoed|0 fnt
|faint|p2a: Politoed
|
|-weather|RainDance|[upkeep]
|upkeep
|
|t:|1760851749
|switch|p2a: Ogerpon|Ogerpon-Wellspring, F|100/100
|-damage|p2a: Ogerpon|88/100|[from] Stealth Rock
|turn|5
|
|t:|1760851758
|switch|p1a: Zam-Zam|Zamazenta|100/100
|-ability|p1a: Zam-Zam|Dauntless Shield|boost
|-boost|p1a: Zam-Zam|def|1
|-terastallize|p2a: Ogerpon|Water
|detailschange|p2a: Ogerpon|Ogerpon-Wellspring-Tera, F, tera:Water
|-ability|p2a: Ogerpon|Embody Aspect (Wellspring)|boost
|-boost|p2a: Ogerpon|spd|1
|move|p2a: Ogerpon|Swords Dance|p2a: Ogerpon
|-boost|p2a: Ogerpon|atk|2
|
|-weather|RainDance|[upkeep]
|upkeep
|turn|6
|
|t:|1760851771
|move|p2a: Ogerpon|Ivy Cudgel|p1a: Zam-Zam|[anim] Ivy Cudgel Water
|-damage|p1a: Zam-Zam|2/100
|move|p1a: Zam-Zam|Roar|p2a: Ogerpon
|drag|p2a: Goodra|Goodra-Hisui, M, shiny|100/100
|-damage|p2a: Goodra|94/100|[from] Stealth Rock
|
|-weather|RainDance|[upkeep]
|-heal|p1a: Zam-Zam|8/100|[from] item: Leftovers
|-heal|p2a: Goodra|100/100|[from] item: Leftovers
|upkeep
|turn|7
|
|t:|1760851781
|move|p1a: Zam-Zam|Body Press|p2a: Goodra
|-supereffective|p2a: Goodra
|-damage|p2a: Goodra|0 fnt
|faint|p2a: Goodra
|
|-weather|RainDance|[upkeep]
|-heal|p1a: Zam-Zam|14/100|[from] item: Leftovers
|upkeep
|
|t:|1760851787
|switch|p2a: Kingdra|Kingdra, F, shiny|100/100
|-damage|p2a: Kingdra|88/100|[from] Stealth Rock
|turn|8
|
|t:|1760851796
|switch|p1a: Goldilocks|Gholdengo|100/100
|move|p2a: Kingdra|Ice Beam|p1a: Goldilocks
|-resisted|p1a: Goldilocks
|-damage|p1a: Goldilocks|76/100
|
|-weather|none
|-heal|p1a: Goldilocks|83/100|[from] item: Leftovers
|upkeep
|turn|9
|
|t:|1760851804
|switch|p2a: Pelipper|Pelipper, M, shiny|100/100
|-damage|p2a: Pelipper|76/100|[from] Stealth Rock
|-weather|RainDance|[from] ability: Drizzle|[of] p2a: Pelipper
|move|p1a: Goldilocks|Make It Rain|p2a: Pelipper
|-resisted|p2a: Pelipper
|-damage|p2a: Pelipper|25/100
|-unboost|p1a: Goldilocks|spa|1
|
|-weather|RainDance|[upkeep]
|-heal|p1a: Goldilocks|89/100|[from] item: Leftovers
|upkeep
|turn|10
|
|t:|1760851815
|switch|p2a: Crawdaunt|Crawdaunt, F, shiny|100/100
|-damage|p2a: Crawdaunt|88/100|[from] Stealth Rock
|move|p1a: Goldilocks|Thunderbolt|p2a: Crawdaunt
|-supereffective|p2a: Crawdaunt
|-damage|p2a: Crawdaunt|0 fnt
|faint|p2a: Crawdaunt
|
|-weather|RainDance|[upkeep]
|-heal|p1a: Goldilocks|95/100|[from] item: Leftovers
|upkeep
|
|t:|1760851822
|switch|p2a: Ogerpon|Ogerpon-Wellspring-Tera, F, tera:Water|88/100
|-damage|p2a: Ogerpon|76/100|[from] Stealth Rock
|-ability|p2a: Ogerpon|Embody Aspect (Wellspring)|boost
|-boost|p2a: Ogerpon|spd|1
|turn|11
|
|t:|1760851832
|move|p2a: Ogerpon|Swords Dance|p2a: Ogerpon
|-boost|p2a: Ogerpon|atk|2
|move|p1a: Goldilocks|Thunderbolt|p2a: Ogerpon
|-supereffective|p2a: Ogerpon
|-damage|p2a: Ogerpon|41/100
|
|-weather|RainDance|[upkeep]
|-heal|p1a: Goldilocks|100/100|[from] item: Leftovers
|upkeep
|turn|12
|
|t:|1760851839
|move|p2a: Ogerpon|Ivy Cudgel|p1a: Goldilocks|[anim] Ivy Cudgel Water
|-damage|p1a: Goldilocks|0 fnt
|faint|p1a: Goldilocks
|
|-weather|RainDance|[upkeep]
|upkeep
|
|t:|1760851845
|switch|p1a: Hat-Hat|Hatterene, F|100/100
|turn|13
|
|t:|1760851849
|move|p2a: Ogerpon|Horn Leech|p1a: Hat-Hat
|-damage|p1a: Hat-Hat|2/100
|-heal|p2a: Ogerpon|93/100|[from] drain|[of] p1a: Hat-Hat
|move|p1a: Hat-Hat|Psyshock|p2a: Ogerpon
|-damage|p2a: Ogerpon|41/100
|
|-weather|RainDance|[upkeep]
|-heal|p1a: Hat-Hat|8/100|[from] item: Leftovers
|upkeep
|turn|14
|
|t:|1760851857
|move|p2a: Ogerpon|Horn Leech|p1a: Hat-Hat
|-damage|p1a: Hat-Hat|0 fnt
|-heal|p2a: Ogerpon|45/100|[from] drain|[of] p1a: Hat-Hat
|faint|p1a: Hat-Hat
|
|-weather|RainDance|[upkeep]
|upkeep
|
|t:|1760851863
|switch|p1a: Betty|Dragonite, F|100/100
|turn|15
|
|t:|1760851868
|-terastallize|p1a: Betty|Flying
|move|p2a: Ogerpon|Play Rough|p1a: Betty|[miss]
|-miss|p2a: Ogerpon|p1a: Betty
|move|p1a: Betty|Tera Blast|p2a: Ogerpon|[anim] Tera Blast Flying
|-damage|p2a: Ogerpon|0 fnt
|faint|p2a: Ogerpon
|detailschange|p2: Ogerpon|Ogerpon-Wellspring, F|[silent]
|
|-weather|RainDance|[upkeep]
|upkeep
|
|t:|1760851876
|switch|p2a: Kingdra|Kingdra, F, shiny|88/100
|-damage|p2a: Kingdra|76/100|[from] Stealth Rock
|turn|16
|
|t:|1760851883
|move|p2a: Kingdra|Ice Beam|p1a: Betty
|-supereffective|p1a: Betty
|-damage|p1a: Betty|56/100
|move|p1a: Betty|Tera Blast|p2a: Kingdra|[anim] Tera Blast Flying
|-damage|p2a: Kingdra|10/100
|
|-weather|none
|upkeep
|turn|17
|
|t:|1760851890
|switch|p2a: Pelipper|Pelipper, M, shiny|25/100
|-damage|p2a: Pelipper|0 fnt|[from] Stealth Rock
|faint|p2a: Pelipper
|move|p1a: Betty|Extreme Speed|p2: Pelipper|[notarget]
|-fail|p1a: Betty
|
|upkeep
|
|t:|1760851897
|switch|p2a: Kingdra|Kingdra, F, shiny|10/100
|-damage|p2a: Kingdra|0 fnt|[from] Stealth Rock
|faint|p2a: Kingdra
|
|win|ArinDuv
|raw|ArinDuv's rating: 1155 &rarr; <strong>1180</strong><br />(+25 for winning)
|raw|825y's rating: 1160 &rarr; <strong>1135</strong><br />(-25 for losing)
|l|☆825y
|player|p2|
|l|☆ArinDuv
|player|p1|
