|j|☆Doodieray
|j|☆Teatina
|t:|1760796987
|gametype|singles
|player|p1|Doodieray|medium|1445
|player|p2|Teatina|miku-ghost|1398
|gen|9
|tier|[Gen 9] OU
|rated|
|rule|HP Percentage Mod: HP is shown in percentages
|rule|Endless Battle Clause: Forcing endless battles is banned
|rule|Species Clause: Limit one of each Pokémon
|rule|OHKO Clause: OHKO moves are banned
|rule|Evasion Items Clause: Evasion items are banned
|rule|Evasion Moves Clause: Evasion moves are banned
|rule|Evasion Abilities Clause: Evasion abilities are banned
|rule|Sleep Moves Clause: Sleep-inducing moves are banned
|clearpoke
|poke|p1|Corviknight, M|
|poke|p1|Cinderace, M|
|poke|p1|Regidrago|
|poke|p1|Great Tusk|
|poke|p1|Dondozo, F|
|poke|p1|Slowking-Galar, M|
|poke|p2|Araquanid, M|
|poke|p2|Gholdengo|
|poke|p2|Iron Moth|
|poke|p2|Raging Bolt|
|poke|p2|Kingambit, F|
|poke|p2|Ogerpon-Wellspring, F|
|teampreview
|inactive|Battle timer is ON: inactive players will automatically lose when time's up. (requested by Doodieray)
|
|t:|1760796993
|teamsize|p1|6
|teamsize|p2|6
|start
|switch|p1a: Corviknight|Corviknight, M|100/100
|switch|p2a: Araquanid|Araquanid, M, shiny|100/100
|turn|1
|
|t:|1760796998
|move|p1a: Corviknight|U-turn|p2a: Araquanid
|-damage|p2a: Araquanid|84/100
|
|t:|1760797001
|switch|p1a: Dondozo|Dondozo, F|100/100|[from] U-turn
|move|p2a: Araquanid|Sticky Web|p1a: Dondozo
|-sidestart|p1: Doodieray|move: Sticky Web
|
|upkeep
|turn|2
|
|t:|1760797012
|switch|p2a: Raging Bolt|Raging Bolt|100/100
|-enditem|p2a: Raging Bolt|Booster Energy
|-activate|p2a: Raging Bolt|ability: Protosynthesis|[fromitem]
|-start|p2a: Raging Bolt|protosynthesisspa
|switch|p1a: Corviknight|Corviknight, M|100/100
|
|upkeep
|turn|3
|
|t:|1760797019
|move|p2a: Raging Bolt|Dragon Pulse|p1a: Corviknight
|-resisted|p1a: Corviknight
|-damage|p1a: Corviknight|80/100
|move|p1a: Corviknight|U-turn|p2a: Raging Bolt
|-damage|p2a: Raging Bolt|86/100
|
|t:|1760797032
|switch|p1a: Slowking|Slowking-Galar, M|100/100|[from] U-turn
|
|upkeep
|turn|4
|
|t:|1760797041
|move|p2a: Raging Bolt|Calm Mind|p2a: Raging Bolt
|-boost|p2a: Raging Bolt|spa|1
|-boost|p2a: Raging Bolt|spd|1
|move|p1a: Slowking|Sludge Bomb|p2a: Raging Bolt
|-damage|p2a: Raging Bolt|66/100
|
|upkeep
|turn|5
|
|t:|1760797050
|-terastallize|p1a: Slowking|Fairy
|move|p2a: Raging Bolt|Dragon Pulse|p1a: Slowking
|-immune|p1a: Slowking
|move|p1a: Slowking|Sludge Bomb|p2a: Raging Bolt
|-damage|p2a: Raging Bolt|45/100
|
|upkeep
|turn|6
|
|t:|1760797060
|switch|p1a: Great Tusk|Great Tusk|100/100
|-activate|p1a: Great Tusk|move: Sticky Web
|-unboost|p1a: Great Tusk|spe|1
|move|p2a: Raging Bolt|Thunderbolt|p1a: Great Tusk
|-immune|p1a: Great Tusk
|
|upkeep
|turn|7
|
|t:|1760797070
|-end|p1a: Great Tusk|Protosynthesis|[silent]
|switch|p1a: Slowking|Slowking-Galar, M, tera:Fairy|100/100
|move|p2a: Raging Bolt|Dragon Pulse|p1a: Slowking
|-immune|p1a: Slowking
|
|upkeep
|turn|8
|
|t:|1760797076
|move|p2a: Raging Bolt|Thunderbolt|p1a: Slowking
|-damage|p1a: Slowking|30/100
|move|p1a: Slowking|Sludge Bomb|p2a: Raging Bolt
|-crit|p2a: Raging Bolt
|-damage|p2a: Raging Bolt|0 fnt
|faint|p2a: Raging Bolt
|-end|p2a: Raging Bolt|Protosynthesis|[silent]
|
|upkeep
|
|t:|1760797086
|switch|p2a: Kingambit|Kingambit, F|100/100
|-activate|p2a: Kingambit|ability: Supreme Overlord
|-start|p2a: Kingambit|fallen1|[silent]
|turn|9
|
|t:|1760797095
|switch|p1a: Great Tusk|Great Tusk|100/100
|-activate|p1a: Great Tusk|move: Sticky Web
|-unboost|p1a: Great Tusk|spe|1
|move|p2a: Kingambit|Iron Head|p1a: Great Tusk
|-damage|p1a: Great Tusk|76/100
|
|-heal|p1a: Great Tusk|83/100|[from] item: Leftovers
|upkeep
|turn|10
|
|t:|1760797100
|-end|p2a: Kingambit|fallen1|[silent]
|switch|p2a: Gholdengo|Gholdengo|100/100
|-item|p2a: Gholdengo|Air Balloon
|move|p1a: Great Tusk|Knock Off|p2a: Gholdengo
|-supereffective|p2a: Gholdengo
|-damage|p2a: Gholdengo|35/100
|-enditem|p2a: Gholdengo|Air Balloon
|
|-heal|p1a: Great Tusk|89/100|[from] item: Leftovers
|upkeep
|turn|11
|
|t:|1760797112
|move|p2a: Gholdengo|Make It Rain|p1a: Great Tusk
|-damage|p1a: Great Tusk|3/100
|-unboost|p2a: Gholdengo|spa|1
|move|p1a: Great Tusk|Earthquake|p2a: Gholdengo
|-supereffective|p2a: Gholdengo
|-damage|p2a: Gholdengo|0 fnt
|faint|p2a: Gholdengo
|
|-heal|p1a: Great Tusk|9/100|[from] item: Leftovers
|upkeep
|
|t:|1760797120
|switch|p2a: Kingambit|Kingambit, F|100/100
|-activate|p2a: Kingambit|ability: Supreme Overlord
|-start|p2a: Kingambit|fallen2|[silent]
|turn|12
|
|t:|1760797125
|move|p2a: Kingambit|Sucker Punch|p1a: Great Tusk
|-resisted|p1a: Great Tusk
|-damage|p1a: Great Tusk|0 fnt
|faint|p1a: Great Tusk
|-end|p1a: Great Tusk|Protosynthesis|[silent]
|
|upkeep
|
|t:|1760797130
|switch|p1a: Cinderace|Cinderace, M|100/100
|turn|13
|
|t:|1760797140
|move|p1a: Cinderace|Court Change|p1a: Cinderace
|-start|p1a: Cinderace|typechange|Normal|[from] ability: Libero
|-swapsideconditions
|-activate|p1a: Cinderace|move: Court Change
|move|p2a: Kingambit|Kowtow Cleave|p1a: Cinderace
|-damage|p1a: Cinderace|13/100
|
|upkeep
|turn|14
|
|t:|1760797152
|switch|p1a: Dondozo|Dondozo, F|100/100
|move|p2a: Kingambit|Kowtow Cleave|p1a: Dondozo
|-damage|p1a: Dondozo|74/100
|
|upkeep
|turn|15
|
|t:|1760797162
|-end|p2a: Kingambit|fallen2|[silent]
|switch|p2a: Araquanid|Araquanid, M, shiny|84/100
|-activate|p2a: Araquanid|move: Sticky Web
|-unboost|p2a: Araquanid|spe|1
|move|p1a: Dondozo|Body Press|p2a: Araquanid
|-resisted|p2a: Araquanid
|-damage|p2a: Araquanid|69/100
|
|upkeep
|turn|16
|
|t:|1760797170
|switch|p1a: Cinderace|Cinderace, M|13/100
|move|p2a: Araquanid|Sticky Web|p1a: Cinderace
|-sidestart|p1: Doodieray|move: Sticky Web
|
|upkeep
|turn|17
|
|t:|1760797176
|move|p1a: Cinderace|U-turn|p2a: Araquanid
|-start|p1a: Cinderace|typechange|Bug|[from] ability: Libero
|-damage|p2a: Araquanid|35/100
|
|t:|1760797180
|switch|p1a: Corviknight|Corviknight, M|80/100|[from] U-turn
|move|p2a: Araquanid|Surf|p1a: Corviknight
|-damage|p1a: Corviknight|43/100
|
|-heal|p1a: Corviknight|49/100|[from] item: Leftovers
|upkeep
|turn|18
|
|t:|1760797185
|move|p1a: Corviknight|Brave Bird|p2a: Araquanid
|-supereffective|p2a: Araquanid
|-damage|p2a: Araquanid|0 fnt
|faint|p2a: Araquanid
|-damage|p1a: Corviknight|39/100|[from] Recoil
|
|-heal|p1a: Corviknight|46/100|[from] item: Leftovers
|upkeep
|
|t:|1760797196
|switch|p2a: Iron Moth|Iron Moth|100/100
|-activate|p2a: Iron Moth|move: Sticky Web
|-unboost|p2a: Iron Moth|spe|1
|-enditem|p2a: Iron Moth|Booster Energy
|-activate|p2a: Iron Moth|ability: Quark Drive|[fromitem]
|-start|p2a: Iron Moth|quarkdrivespa
|turn|19
|
|t:|1760797219
|move|p2a: Iron Moth|Fiery Dance|p1a: Corviknight
|-supereffective|p1a: Corviknight
|-damage|p1a: Corviknight|0 fnt
|-boost|p2a: Iron Moth|spa|1
|faint|p1a: Corviknight
|
|upkeep
|
|t:|1760797228
|switch|p1a: Regiman|Regidrago|100/100
|-activate|p1a: Regiman|move: Sticky Web
|-unboost|p1a: Regiman|spe|1
|turn|20
|
|t:|1760797238
|-terastallize|p2a: Iron Moth|Fairy
|move|p2a: Iron Moth|Dazzling Gleam|p1a: Regiman
|-supereffective|p1a: Regiman
|-damage|p1a: Regiman|0 fnt
|faint|p1a: Regiman
|
|upkeep
|
|t:|1760797251
|switch|p1a: Cinderace|Cinderace, M|13/100
|turn|21
|
|t:|1760797255
|move|p1a: Cinderace|Pyro Ball|p2a: Iron Moth
|-damage|p2a: Iron Moth|22/100
|move|p2a: Iron Moth|Fiery Dance|p1a: Cinderace
|-resisted|p1a: Cinderace
|-damage|p1a: Cinderace|0 fnt
|faint|p1a: Cinderace
|
|upkeep
|
|t:|1760797257
|switch|p1a: Dondozo|Dondozo, F|74/100
|-activate|p1a: Dondozo|move: Sticky Web
|-unboost|p1a: Dondozo|spe|1
|turn|22
|
|t:|1760797264
|move|p2a: Iron Moth|Sludge Wave|p1a: Dondozo
|-damage|p1a: Dondozo|13/100
|move|p1a: Dondozo|Liquidation|p2a: Iron Moth
|-damage|p2a: Iron Moth|0 fnt
|faint|p2a: Iron Moth
|-end|p2a: Iron Moth|Quark Drive|[silent]
|
|upkeep
|
|t:|1760797271
|switch|p2a: Kingambit|Kingambit, F|100/100
|-activate|p2a: Kingambit|move: Sticky Web
|-unboost|p2a: Kingambit|spe|1
|-activate|p2a: Kingambit|ability: Supreme Overlord
|-start|p2a: Kingambit|fallen4|[silent]
|turn|23
|
|t:|1760797275
|move|p2a: Kingambit|Kowtow Cleave|p1a: Dondozo
|-damage|p1a: Dondozo|0 fnt
|faint|p1a: Dondozo
|
|upkeep
|
|t:|1760797278
|switch|p1a: Slowking|Slowking-Galar, M, tera:Fairy|63/100
|turn|24
|
|t:|1760797281
|move|p2a: Kingambit|Iron Head|p1a: Slowking
|-supereffective|p1a: Slowking
|-damage|p1a: Slowking|0 fnt
|faint|p1a: Slowking
|
|win|Teatina
|raw|Doodieray's rating: 1445 &rarr; <strong>1422</strong><br />(-23 for losing)
|raw|Teatina's rating: 1398 &rarr; <strong>1421</strong><br />(+23 for winning)
|l|☆Doodieray
|player|p1|
|c|☆Teatina|gg
|l|☆Teatina
|player|p2|
