|j|☆fgnhfgthr
|j|☆NaCl fish
|t:|1760848683
|gametype|singles
|player|p1|fgnhfgthr|169|1185
|player|p2|NaCl fish|irida|1230
|gen|9
|tier|[Gen 9] OU
|rated|
|rule|HP Percentage Mod: HP is shown in percentages
|rule|Endless Battle Clause: Forcing endless battles is banned
|rule|Species Clause: Limit one of each Pokémon
|rule|OHKO Clause: OHKO moves are banned
|rule|Evasion Items Clause: Evasion items are banned
|rule|Evasion Moves Clause: Evasion moves are banned
|rule|Evasion Abilities Clause: Evasion abilities are banned
|rule|Sleep Moves Clause: Sleep-inducing moves are banned
|clearpoke
|poke|p1|Cinderace, F|
|poke|p1|Garganacl, M|
|poke|p1|Great Tusk|
|poke|p1|Goodra-Hisui, M|
|poke|p1|Vikavolt, F|
|poke|p1|Iron Leaves|
|poke|p2|Torkoal, M|
|poke|p2|Ogerpon-Wellspring, F|
|poke|p2|Walking Wake|
|poke|p2|Gliscor, M|
|poke|p2|Raging Bolt|
|poke|p2|Toxapex, M|
|teampreview
|inactive|Battle timer is ON: inactive players will automatically lose when time's up. (requested by NaCl fish)
|inactive|fgnhfgthr also wants the timer to be on.
|
|t:|1760848694
|teamsize|p1|6
|teamsize|p2|6
|start
|switch|p1a: Kraven|Great Tusk|100/100
|switch|p2a: Ogerpon|Ogerpon-Wellspring, F|100/100
|-enditem|p1a: Kraven|Booster Energy
|-activate|p1a: Kraven|ability: Protosynthesis|[fromitem]
|-start|p1a: Kraven|protosynthesisatk
|turn|1
|
|t:|1760848705
|-terastallize|p1a: Kraven|Steel
|move|p2a: Ogerpon|Ivy Cudgel|p1a: Kraven|[anim] Ivy Cudgel Water
|-damage|p1a: Kraven|59/100
|move|p1a: Kraven|Rapid Spin|p2a: Ogerpon
|-damage|p2a: Ogerpon|65/100
|-boost|p1a: Kraven|spe|1
|
|upkeep
|turn|2
|
|t:|1760848710
|move|p2a: Ogerpon|Spiky Shield|p2a: Ogerpon
|-singleturn|p2a: Ogerpon|move: Protect
|move|p1a: Kraven|Close Combat|p2a: Ogerpon
|-activate|p2a: Ogerpon|move: Protect
|-damage|p1a: Kraven|47/100|[from] Spiky Shield|[of] p2a: Ogerpon
|
|upkeep
|turn|3
|
|t:|1760848714
|switch|p2a: Toxapex|Toxapex, M|100/100
|move|p1a: Kraven|Close Combat|p2a: Toxapex
|-resisted|p2a: Toxapex
|-damage|p2a: Toxapex|73/100
|-unboost|p1a: Kraven|def|1
|-unboost|p1a: Kraven|spd|1
|
|-heal|p2a: Toxapex|79/100|[from] item: Black Sludge
|upkeep
|turn|4
|
|t:|1760848718
|move|p2a: Toxapex|Baneful Bunker|p2a: Toxapex
|-singleturn|p2a: Toxapex|move: Protect
|move|p1a: Kraven|Headlong Rush|p2a: Toxapex
|-activate|p2a: Toxapex|move: Protect
|
|-heal|p2a: Toxapex|85/100|[from] item: Black Sludge
|upkeep
|turn|5
|
|t:|1760848721
|switch|p2a: Gliscor|Gliscor, M|100/100
|move|p1a: Kraven|Headlong Rush|p2a: Gliscor
|-immune|p2a: Gliscor
|
|-status|p2a: Gliscor|tox|[from] item: Toxic Orb
|upkeep
|turn|6
|
|t:|1760848723
|move|p2a: Gliscor|Protect|p2a: Gliscor
|-singleturn|p2a: Gliscor|Protect
|move|p1a: Kraven|Ice Spinner|p2a: Gliscor
|-activate|p2a: Gliscor|move: Protect
|
|upkeep
|turn|7
|
|t:|1760848741
|move|p1a: Kraven|Headlong Rush|p2a: Gliscor
|-immune|p2a: Gliscor
|move|p2a: Gliscor|Acrobatics|p1a: Kraven
|-resisted|p1a: Kraven
|-damage|p1a: Kraven|36/100
|
|upkeep
|turn|8
|
|t:|1760848746
|move|p1a: Kraven|Ice Spinner|p2a: Gliscor
|-supereffective|p2a: Gliscor
|-crit|p2a: Gliscor
|-damage|p2a: Gliscor|0 fnt
|faint|p2a: Gliscor
|
|upkeep
|
|t:|1760848749
|switch|p2a: Ogerpon|Ogerpon-Wellspring, F|65/100
|turn|9
|
|t:|1760848753
|move|p2a: Ogerpon|Spiky Shield|p2a: Ogerpon
|-singleturn|p2a: Ogerpon|move: Protect
|move|p1a: Kraven|Ice Spinner|p2a: Ogerpon
|-activate|p2a: Ogerpon|move: Protect
|-damage|p1a: Kraven|24/100|[from] Spiky Shield|[of] p2a: Ogerpon
|
|upkeep
|turn|10
|
|t:|1760848759
|move|p1a: Kraven|Headlong Rush|p2a: Ogerpon
|-resisted|p2a: Ogerpon
|-damage|p2a: Ogerpon|5/100
|-unboost|p1a: Kraven|def|1
|-unboost|p1a: Kraven|spd|1
|move|p2a: Ogerpon|Horn Leech|p1a: Kraven
|-resisted|p1a: Kraven
|-damage|p1a: Kraven|0 fnt
|-heal|p2a: Ogerpon|19/100|[from] drain|[of] p1a: Kraven
|faint|p1a: Kraven
|-end|p1a: Kraven|Protosynthesis|[silent]
|
|upkeep
|
|t:|1760848763
|switch|p1a: Vulture|Cinderace, F|100/100
|turn|11
|
|t:|1760848766
|switch|p2a: Toxapex|Toxapex, M|100/100
|move|p1a: Vulture|U-turn|p2a: Toxapex
|-start|p1a: Vulture|typechange|Bug|[from] ability: Libero
|-resisted|p2a: Toxapex
|-damage|p2a: Toxapex|91/100
|
|t:|1760848772
|switch|p1a: Mysterio|Iron Leaves|100/100|[from] U-turn
|
|-heal|p2a: Toxapex|98/100|[from] item: Black Sludge
|upkeep
|turn|12
|
|t:|1760848777
|move|p1a: Mysterio|Swords Dance|p1a: Mysterio
|-boost|p1a: Mysterio|atk|2
|move|p2a: Toxapex|Pain Split|p1a: Mysterio
|-sethp|p1a: Mysterio|96/100|[from] move: Pain Split|[silent]
|-sethp|p2a: Toxapex|100/100|[from] move: Pain Split
|
|upkeep
|turn|13
|
|t:|1760848779
|move|p1a: Mysterio|Psyblade|p2a: Toxapex
|-supereffective|p2a: Toxapex
|-damage|p2a: Toxapex|0 fnt
|faint|p2a: Toxapex
|-damage|p1a: Mysterio|86/100|[from] item: Life Orb
|
|upkeep
|
|t:|1760848786
|switch|p2a: Ogerpon|Ogerpon-Wellspring, F|19/100
|turn|14
|
|t:|1760848792
|move|p2a: Ogerpon|U-turn|p1a: Mysterio
|-supereffective|p1a: Mysterio
|-damage|p1a: Mysterio|0 fnt
|faint|p1a: Mysterio
|-end|p1a: Mysterio|Quark Drive|[silent]
|
|t:|1760848797
|switch|p2a: Walking Wake|Walking Wake|100/100|[from] U-turn
|
|upkeep
|
|t:|1760848799
|switch|p1a: Dr Octopus|Goodra-Hisui, M|100/100
|turn|15
|
|t:|1760848810
|-end|p2a: Walking Wake|Protosynthesis|[silent]
|switch|p2a: Torkoal|Torkoal, M|100/100
|-weather|SunnyDay|[from] ability: Drought|[of] p2a: Torkoal
|move|p1a: Dr Octopus|Dragon Pulse|p2a: Torkoal
|-damage|p2a: Torkoal|62/100
|
|-weather|SunnyDay|[upkeep]
|upkeep
|turn|16
|
|t:|1760848816
|switch|p1a: Sandman|Garganacl, M|100/100
|move|p2a: Torkoal|Weather Ball|p1a: Sandman
|-resisted|p1a: Sandman
|-damage|p1a: Sandman|80/100
|
|-weather|SunnyDay|[upkeep]
|-heal|p1a: Sandman|86/100|[from] item: Leftovers
|upkeep
|turn|17
|
|t:|1760848821
|move|p1a: Sandman|Salt Cure|p2a: Torkoal
|-supereffective|p2a: Torkoal
|-damage|p2a: Torkoal|41/100
|-start|p2a: Torkoal|Salt Cure
|move|p2a: Torkoal|Stealth Rock|p1a: Sandman
|-sidestart|p1: fgnhfgthr|move: Stealth Rock
|
|-weather|SunnyDay|[upkeep]
|-heal|p1a: Sandman|92/100|[from] item: Leftovers
|-damage|p2a: Torkoal|28/100|[from] Salt Cure
|upkeep
|turn|18
|
|t:|1760848827
|switch|p2a: Ogerpon|Ogerpon-Wellspring, F|19/100
|move|p1a: Sandman|Protect||[still]
|-fail|p1a: Sandman
|
|-weather|SunnyDay|[upkeep]
|-heal|p1a: Sandman|99/100|[from] item: Leftovers
|upkeep
|turn|19
|
|t:|1760848833
|move|p2a: Ogerpon|Spiky Shield|p2a: Ogerpon
|-singleturn|p2a: Ogerpon|move: Protect
|move|p1a: Sandman|Salt Cure|p2a: Ogerpon
|-activate|p2a: Ogerpon|move: Protect
|
|-weather|SunnyDay|[upkeep]
|-heal|p1a: Sandman|100/100|[from] item: Leftovers
|upkeep
|turn|20
|
|t:|1760848836
|move|p2a: Ogerpon|Horn Leech|p1a: Sandman
|-supereffective|p1a: Sandman
|-damage|p1a: Sandman|53/100
|-heal|p2a: Ogerpon|51/100|[from] drain|[of] p1a: Sandman
|move|p1a: Sandman|Salt Cure|p2a: Ogerpon
|-damage|p2a: Ogerpon|31/100
|-start|p2a: Ogerpon|Salt Cure
|
|-weather|SunnyDay|[upkeep]
|-heal|p1a: Sandman|59/100|[from] item: Leftovers
|-damage|p2a: Ogerpon|6/100|[from] Salt Cure
|upkeep
|turn|21
|
|t:|1760848840
|move|p1a: Sandman|Protect|p1a: Sandman
|-singleturn|p1a: Sandman|Protect
|move|p2a: Ogerpon|Horn Leech|p1a: Sandman
|-activate|p1a: Sandman|move: Protect
|
|-weather|SunnyDay|[upkeep]
|-heal|p1a: Sandman|65/100|[from] item: Leftovers
|-damage|p2a: Ogerpon|0 fnt|[from] Salt Cure
|faint|p2a: Ogerpon
|upkeep
|
|t:|1760848843
|switch|p2a: Walking Wake|Walking Wake|100/100
|-activate|p2a: Walking Wake|ability: Protosynthesis
|-start|p2a: Walking Wake|protosynthesisspa
|turn|22
|
|t:|1760848857
|switch|p1a: Electro|Vikavolt, F|100/100
|move|p2a: Walking Wake|Hydro Steam|p1a: Electro
|-damage|p1a: Electro|0 fnt
|faint|p1a: Electro
|
|-weather|none
|-end|p2a: Walking Wake|Protosynthesis
|upkeep
|
|t:|1760848860
|switch|p1a: Dr Octopus|Goodra-Hisui, M|100/100
|-damage|p1a: Dr Octopus|94/100|[from] Stealth Rock
|turn|23
|
|t:|1760848863
|-end|p2a: Walking Wake|Protosynthesis|[silent]
|switch|p2a: Torkoal|Torkoal, M|28/100
|-weather|SunnyDay|[from] ability: Drought|[of] p2a: Torkoal
|move|p1a: Dr Octopus|Dragon Pulse|p2a: Torkoal
|-damage|p2a: Torkoal|0 fnt
|faint|p2a: Torkoal
|
|-weather|SunnyDay|[upkeep]
|-heal|p1a: Dr Octopus|100/100|[from] item: Leftovers
|upkeep
|
|t:|1760848870
|switch|p2a: Raging Bolt|Raging Bolt|100/100
|-activate|p2a: Raging Bolt|ability: Protosynthesis
|-start|p2a: Raging Bolt|protosynthesisspa
|turn|24
|
|t:|1760848872
|-terastallize|p2a: Raging Bolt|Fairy
|move|p2a: Raging Bolt|Calm Mind|p2a: Raging Bolt
|-boost|p2a: Raging Bolt|spa|1
|-boost|p2a: Raging Bolt|spd|1
|move|p1a: Dr Octopus|Dragon Pulse|p2a: Raging Bolt
|-immune|p2a: Raging Bolt
|
|-weather|SunnyDay|[upkeep]
|upkeep
|turn|25
|
|t:|1760848874
|move|p2a: Raging Bolt|Calm Mind|p2a: Raging Bolt
|-boost|p2a: Raging Bolt|spa|1
|-boost|p2a: Raging Bolt|spd|1
|move|p1a: Dr Octopus|Flash Cannon|p2a: Raging Bolt
|-supereffective|p2a: Raging Bolt
|-damage|p2a: Raging Bolt|63/100
|
|-weather|SunnyDay|[upkeep]
|-heal|p2a: Raging Bolt|69/100|[from] item: Leftovers
|upkeep
|turn|26
|
|t:|1760848890
|move|p2a: Raging Bolt|Dragon Pulse|p1a: Dr Octopus
|-damage|p1a: Dr Octopus|14/100
|move|p1a: Dr Octopus|Flash Cannon|p2a: Raging Bolt
|-supereffective|p2a: Raging Bolt
|-damage|p2a: Raging Bolt|34/100
|
|-weather|SunnyDay|[upkeep]
|-heal|p2a: Raging Bolt|40/100|[from] item: Leftovers
|-heal|p1a: Dr Octopus|20/100|[from] item: Leftovers
|upkeep
|turn|27
|
|t:|1760848895
|move|p2a: Raging Bolt|Dragon Pulse|p1a: Dr Octopus
|-damage|p1a: Dr Octopus|0 fnt
|faint|p1a: Dr Octopus
|
|-weather|SunnyDay|[upkeep]
|-heal|p2a: Raging Bolt|46/100|[from] item: Leftovers
|upkeep
|
|t:|1760848901
|switch|p1a: Vulture|Cinderace, F|100/100
|turn|28
|
|t:|1760848905
|move|p1a: Vulture|Sucker Punch|p2a: Raging Bolt
|-start|p1a: Vulture|typechange|Dark|[from] ability: Libero
|-resisted|p2a: Raging Bolt
|-damage|p2a: Raging Bolt|32/100
|move|p2a: Raging Bolt|Thunderclap||[still]
|-fail|p2a: Raging Bolt
|
|-weather|SunnyDay|[upkeep]
|-heal|p2a: Raging Bolt|38/100|[from] item: Leftovers
|upkeep
|turn|29
|
|t:|1760848912
|move|p1a: Vulture|Pyro Ball|p2a: Raging Bolt
|-damage|p2a: Raging Bolt|0 fnt
|faint|p2a: Raging Bolt
|-end|p2a: Raging Bolt|Protosynthesis|[silent]
|
|-weather|SunnyDay|[upkeep]
|upkeep
|
|t:|1760848915
|switch|p2a: Walking Wake|Walking Wake|100/100
|-activate|p2a: Walking Wake|ability: Protosynthesis
|-start|p2a: Walking Wake|protosynthesisspa
|turn|30
|
|t:|1760848923
|move|p2a: Walking Wake|Hydro Steam|p1a: Vulture
|-damage|p1a: Vulture|0 fnt
|faint|p1a: Vulture
|
|-weather|none
|-end|p2a: Walking Wake|Protosynthesis
|upkeep
|
|t:|1760848925
|switch|p1a: Sandman|Garganacl, M|65/100
|-damage|p1a: Sandman|53/100|[from] Stealth Rock
|turn|31
|
|t:|1760848928
|move|p2a: Walking Wake|Hydro Steam|p1a: Sandman
|-supereffective|p1a: Sandman
|-damage|p1a: Sandman|0 fnt
|faint|p1a: Sandman
|
|win|NaCl fish
|raw|fgnhfgthr's rating: 1185 &rarr; <strong>1163</strong><br />(-22 for losing)
|raw|NaCl fish's rating: 1230 &rarr; <strong>1252</strong><br />(+22 for winning)
|l|☆fgnhfgthr
|player|p1|
