|j|☆Kikoobuster
|j|☆Youky.on
|t:|1760865893
|gametype|singles
|player|p1|Kikoobuster|102|1363
|player|p2|Youky.on|102|1312
|gen|9
|tier|[Gen 9] OU
|rated|
|rule|HP Percentage Mod: HP is shown in percentages
|rule|Endless Battle Clause: Forcing endless battles is banned
|rule|Species Clause: Limit one of each Pokémon
|rule|OHKO Clause: OHKO moves are banned
|rule|Evasion Items Clause: Evasion items are banned
|rule|Evasion Moves Clause: Evasion moves are banned
|rule|Evasion Abilities Clause: Evasion abilities are banned
|rule|Sleep Moves Clause: Sleep-inducing moves are banned
|clearpoke
|poke|p1|Skarmory, F|
|poke|p1|Sandslash-Alola, F|
|poke|p1|Scrafty, M|
|poke|p1|Sinistcha|
|poke|p1|Fezandipiti, M|
|poke|p1|Slowking, M|
|poke|p2|Glimmora, M|
|poke|p2|Kingambit, M|
|poke|p2|Darkrai|
|poke|p2|Zamazenta-*|
|poke|p2|Dragonite, F|
|poke|p2|Iron Valiant|
|teampreview
|inactive|Battle timer is ON: inactive players will automatically lose when time's up. (requested by Youky.on)
|
|t:|1760865907
|teamsize|p1|6
|teamsize|p2|6
|start
|switch|p1a: Skarmory|Skarmory, F|100/100
|switch|p2a: Glimmora|Glimmora, M|100/100
|turn|1
|
|t:|1760865915
|move|p2a: Glimmora|Stealth Rock|p1a: Skarmory
|-sidestart|p1: Kikoobuster|move: Stealth Rock
|move|p1a: Skarmory|Spikes|p2a: Glimmora
|-sidestart|p2: Youky.on|Spikes
|
|upkeep
|turn|2
|
|t:|1760865924
|move|p2a: Glimmora|Power Gem|p1a: Skarmory
|-damage|p1a: Skarmory|44/100
|move|p1a: Skarmory|Spikes|p2a: Glimmora
|-sidestart|p2: Youky.on|Spikes
|
|upkeep
|turn|3
|
|t:|1760865931
|move|p2a: Glimmora|Power Gem|p1a: Skarmory
|-damage|p1a: Skarmory|0 fnt
|faint|p1a: Skarmory
|
|upkeep
|
|t:|1760865935
|switch|p1a: Slowking|Slowking, M|100/100
|turn|4
|
|t:|1760865948
|move|p2a: Glimmora|Mortal Spin|p1a: Slowking
|-damage|p1a: Slowking|96/100
|-status|p1a: Slowking|psn
|-sideend|p2: Youky.on|Spikes|[from] move: Mortal Spin|[of] p2a: Glimmora
|move|p1a: Slowking|Scald|p2a: Glimmora
|-supereffective|p2a: Glimmora
|-damage|p2a: Glimmora|34/100
|
|-damage|p1a: Slowking|83/100 psn|[from] psn
|upkeep
|turn|5
|inactive|Youky.on has 120 seconds left.
|
|t:|1760865978
|switch|p2a: Iron Valiant|Iron Valiant|100/100
|-enditem|p2a: Iron Valiant|Booster Energy
|-activate|p2a: Iron Valiant|ability: Quark Drive|[fromitem]
|-start|p2a: Iron Valiant|quarkdrivespe
|move|p1a: Slowking|Scald|p2a: Iron Valiant
|-damage|p2a: Iron Valiant|50/100
|
|-damage|p1a: Slowking|71/100 psn|[from] psn
|upkeep
|turn|6
|
|t:|1760865990
|move|p2a: Iron Valiant|Shadow Ball|p1a: Slowking
|-supereffective|p1a: Slowking
|-damage|p1a: Slowking|28/100 psn
|move|p1a: Slowking|Psychic Noise|p2a: Iron Valiant
|-supereffective|p2a: Iron Valiant
|-damage|p2a: Iron Valiant|0 fnt
|faint|p2a: Iron Valiant
|-end|p2a: Iron Valiant|Quark Drive|[silent]
|
|-damage|p1a: Slowking|15/100 psn|[from] psn
|upkeep
|
|t:|1760865996
|switch|p2a: Darkrai|Darkrai|100/100
|turn|7
|
|t:|1760866001
|switch|p1a: Scrafty|Scrafty, M|100/100
|-damage|p1a: Scrafty|95/100|[from] Stealth Rock
|move|p2a: Darkrai|Dark Pulse|p1a: Scrafty
|-resisted|p1a: Scrafty
|-damage|p1a: Scrafty|87/100
|
|-heal|p1a: Scrafty|93/100|[from] item: Leftovers
|upkeep
|turn|8
|
|t:|1760866009
|switch|p2a: Zamazenta|Zamazenta|100/100
|-ability|p2a: Zamazenta|Dauntless Shield|boost
|-boost|p2a: Zamazenta|def|1
|move|p1a: Scrafty|Drain Punch|p2a: Zamazenta
|-damage|p2a: Zamazenta|88/100
|-heal|p1a: Scrafty|100/100|[from] drain|[of] p2a: Zamazenta
|
|-heal|p2a: Zamazenta|94/100|[from] item: Leftovers
|upkeep
|turn|9
|
|t:|1760866022
|switch|p1a: Slowking|Slowking, M|49/100 psn
|move|p2a: Zamazenta|Iron Defense|p2a: Zamazenta
|-boost|p2a: Zamazenta|def|2
|
|-heal|p2a: Zamazenta|99/100|[from] item: Leftovers
|-damage|p1a: Slowking|36/100 psn|[from] psn
|upkeep
|turn|10
|
|t:|1760866028
|move|p2a: Zamazenta|Crunch|p1a: Slowking
|-supereffective|p1a: Slowking
|-crit|p1a: Slowking
|-damage|p1a: Slowking|0 fnt
|faint|p1a: Slowking
|
|-heal|p2a: Zamazenta|100/100|[from] item: Leftovers
|upkeep
|
|t:|1760866033
|switch|p1a: Fezandipiti|Fezandipiti, M|100/100
|turn|11
|inactive|Youky.on has 120 seconds left.
|
|t:|1760866072
|switch|p2a: Glimmora|Glimmora, M|34/100
|move|p1a: Fezandipiti|Beat Up|p2a: Glimmora
|-damage|p2a: Glimmora|30/100
|-activate|p2a: Glimmora|ability: Toxic Debris
|-sidestart|p1: Kikoobuster|move: Toxic Spikes
|-damage|p2a: Glimmora|26/100
|-activate|p2a: Glimmora|ability: Toxic Debris
|-sidestart|p1: Kikoobuster|move: Toxic Spikes
|-damage|p2a: Glimmora|23/100
|-damage|p2a: Glimmora|21/100
|-hitcount|p2a: Glimmora|4
|
|upkeep
|turn|12
|inactive|Youky.on has 120 seconds left.
|
|t:|1760866091
|switch|p1a: Sinistcha|Sinistcha|100/100
|-damage|p1a: Sinistcha|88/100|[from] Stealth Rock
|-status|p1a: Sinistcha|tox
|move|p2a: Glimmora|Mortal Spin|p1a: Sinistcha
|-damage|p1a: Sinistcha|84/100 tox
|
|-damage|p1a: Sinistcha|78/100 tox|[from] psn
|upkeep
|turn|13
|
|t:|1760866105
|switch|p2a: Darkrai|Darkrai|100/100
|-terastallize|p1a: Sinistcha|Poison
|move|p1a: Sinistcha|Shadow Ball|p2a: Darkrai
|-resisted|p2a: Darkrai
|-damage|p2a: Darkrai|77/100
|
|-damage|p1a: Sinistcha|66/100 tox|[from] psn
|upkeep
|turn|14
|
|t:|1760866131
|switch|p2a: Dragonite|Dragonite, F|100/100
|switch|p1a: Fezandipiti|Fezandipiti, M|100/100
|-sideend|p1: Kikoobuster|move: Toxic Spikes|[of] p1a: Fezandipiti
|
|upkeep
|turn|15
|
|t:|1760866142
|-terastallize|p2a: Dragonite|Normal
|move|p2a: Dragonite|Dragon Dance|p2a: Dragonite
|-boost|p2a: Dragonite|atk|1
|-boost|p2a: Dragonite|spe|1
|move|p1a: Fezandipiti|Beat Up|p2a: Dragonite
|-damage|p2a: Dragonite|99/100
|-status|p2a: Dragonite|tox|[from] ability: Toxic Chain|[of] p1a: Fezandipiti
|-damage|p2a: Dragonite|96/100 tox
|-damage|p2a: Dragonite|93/100 tox
|-hitcount|p2a: Dragonite|3
|
|-damage|p2a: Dragonite|87/100 tox|[from] psn
|upkeep
|turn|16
|
|t:|1760866157
|move|p2a: Dragonite|Earthquake|p1a: Fezandipiti
|-supereffective|p1a: Fezandipiti
|-damage|p1a: Fezandipiti|0 fnt
|faint|p1a: Fezandipiti
|
|-damage|p2a: Dragonite|74/100 tox|[from] psn
|upkeep
|
|t:|1760866161
|switch|p1a: Sinistcha|Sinistcha, tera:Poison|66/100 tox
|-damage|p1a: Sinistcha|53/100 tox|[from] Stealth Rock
|turn|17
|
|t:|1760866165
|move|p2a: Dragonite|Earthquake|p1a: Sinistcha
|-supereffective|p1a: Sinistcha
|-damage|p1a: Sinistcha|0 fnt
|faint|p1a: Sinistcha
|
|-damage|p2a: Dragonite|56/100 tox|[from] psn
|upkeep
|
|t:|1760866171
|switch|p1a: Scrafty|Scrafty, M|100/100
|-damage|p1a: Scrafty|95/100|[from] Stealth Rock
|turn|18
|inactive|Youky.on has 120 seconds left.
|
|t:|1760866177
|switch|p2a: Zamazenta|Zamazenta|100/100
|move|p1a: Scrafty|Drain Punch|p2a: Zamazenta
|-damage|p2a: Zamazenta|82/100
|-heal|p1a: Scrafty|100/100|[from] drain|[of] p2a: Zamazenta
|
|-heal|p2a: Zamazenta|88/100|[from] item: Leftovers
|upkeep
|turn|19
|
|t:|1760866183
|move|p2a: Zamazenta|Iron Defense|p2a: Zamazenta
|-boost|p2a: Zamazenta|def|2
|move|p1a: Scrafty|Bulk Up|p1a: Scrafty
|-boost|p1a: Scrafty|atk|1
|-boost|p1a: Scrafty|def|1
|
|-heal|p2a: Zamazenta|94/100|[from] item: Leftovers
|upkeep
|turn|20
|
|t:|1760866189
|move|p2a: Zamazenta|Iron Defense|p2a: Zamazenta
|-boost|p2a: Zamazenta|def|2
|move|p1a: Scrafty|Bulk Up|p1a: Scrafty
|-boost|p1a: Scrafty|atk|1
|-boost|p1a: Scrafty|def|1
|
|-heal|p2a: Zamazenta|99/100|[from] item: Leftovers
|upkeep
|turn|21
|
|t:|1760866194
|move|p2a: Zamazenta|Iron Defense|p2a: Zamazenta
|-boost|p2a: Zamazenta|def|2
|move|p1a: Scrafty|Bulk Up|p1a: Scrafty
|-boost|p1a: Scrafty|atk|1
|-boost|p1a: Scrafty|def|1
|
|-heal|p2a: Zamazenta|100/100|[from] item: Leftovers
|upkeep
|turn|22
|
|t:|1760866199
|move|p1a: Scrafty|Drain Punch|p2a: Zamazenta
|-damage|p2a: Zamazenta|90/100
|move|p2a: Zamazenta|Roar|p1a: Scrafty
|drag|p1a: Sandslash|Sandslash-Alola, F|100/100
|
|-heal|p2a: Zamazenta|96/100|[from] item: Leftovers
|upkeep
|turn|23
|
|t:|1760866203
|move|p2a: Zamazenta|Body Press|p1a: Sandslash
|-supereffective|p1a: Sandslash
|-damage|p1a: Sandslash|0 fnt
|faint|p1a: Sandslash
|
|-heal|p2a: Zamazenta|100/100|[from] item: Leftovers
|upkeep
|-message|Kikoobuster forfeited.
|
|win|Youky.on
|raw|Kikoobuster's rating: 1363 &rarr; <strong>1340</strong><br />(-23 for losing)
|raw|Youky.on's rating: 1312 &rarr; <strong>1335</strong><br />(+23 for winning)
|l|☆Kikoobuster
|player|p1|
|l|☆Youky.on
|player|p2|
