|j|☆Box2DaLeft
|j|☆ballerr
|t:|1760755527
|gametype|singles
|player|p1|Box2DaLeft|pokefanf-gen4|1591
|player|p2|ballerr|miku-ground|1599
|gen|9
|tier|[Gen 9] OU
|rated|
|rule|HP Percentage Mod: HP is shown in percentages
|rule|Endless Battle Clause: Forcing endless battles is banned
|rule|Species Clause: Limit one of each Pokémon
|rule|OHKO Clause: OHKO moves are banned
|rule|Evasion Items Clause: Evasion items are banned
|rule|Evasion Moves Clause: Evasion moves are banned
|rule|Evasion Abilities Clause: Evasion abilities are banned
|rule|Sleep Moves Clause: Sleep-inducing moves are banned
|clearpoke
|poke|p1|Great Tusk|
|poke|p1|Zapdos|
|poke|p1|Munkidori, M|
|poke|p1|Cinderace, M|
|poke|p1|Scizor, M|
|poke|p1|Ogerpon-Wellspring, F|
|poke|p2|Chesnaught, M|
|poke|p2|Dragapult, F|
|poke|p2|Slowking-Galar, F|
|poke|p2|Great Tusk|
|poke|p2|Kingambit, M|
|poke|p2|Hatterene, F|
|teampreview
|
|t:|1760755581
|teamsize|p1|6
|teamsize|p2|6
|start
|switch|p1a: Zapdos|Zapdos|100/100
|switch|p2a: Dragapult|Dragapult, F|100/100
|turn|1
|inactive|Battle timer is ON: inactive players will automatically lose when time's up. (requested by Box2DaLeft)
|inactive|ballerr has 120 seconds left.
|inactive|ballerr has 90 seconds left.
|inactive|ballerr has 60 seconds left.
|inactive|ballerr has 30 seconds left.
|inactive|ballerr has 20 seconds left.
|
|t:|1760755749
|switch|p2a: Slowking|Slowking-Galar, F|100/100
|move|p1a: Zapdos|Thunder Wave|p2a: Slowking
|-status|p2a: Slowking|par
|
|upkeep
|turn|2
|
|t:|1760755769
|move|p1a: Zapdos|Volt Switch|p2a: Slowking
|-damage|p2a: Slowking|83/100 par
|
|t:|1760755770
|switch|p1a: Scizor|Scizor, M, shiny|100/100|[from] Volt Switch
|move|p2a: Slowking|Future Sight|p1a: Scizor
|-start|p2a: Slowking|move: Future Sight
|
|upkeep
|turn|3
|inactive|ballerr has 90 seconds left.
|
|t:|1760755781
|switch|p2a: Chesnaught|Chesnaught, M|100/100
|move|p1a: Scizor|U-turn|p2a: Chesnaught
|-damage|p2a: Chesnaught|68/100
|-damage|p1a: Scizor|84/100|[from] item: Rocky Helmet|[of] p2a: Chesnaught
|
|t:|1760755803
|switch|p1a: Agent Monkee|Munkidori, M|100/100|[from] U-turn
|
|upkeep
|turn|4
|inactive|ballerr has 90 seconds left.
|
|t:|1760755828
|switch|p2a: Kingambit|Kingambit, M|100/100
|move|p1a: Agent Monkee|Psychic|p2a: Kingambit
|-immune|p2a: Kingambit
|
|-end|p1a: Agent Monkee|move: Future Sight
|-damage|p1a: Agent Monkee|45/100
|upkeep
|turn|5
|
|t:|1760755837
|switch|p1a: Great Tusk|Great Tusk|100/100
|-end|p2a: Kingambit|fallenundefined|[silent]
|switch|p2a: Dragapult|Dragapult, F|100/100
|
|upkeep
|turn|6
|
|t:|1760755845
|-end|p1a: Great Tusk|Protosynthesis|[silent]
|switch|p1a: Zapdos|Zapdos|100/100
|move|p2a: Dragapult|Draco Meteor|p1a: Zapdos
|-damage|p1a: Zapdos|46/100
|-unboost|p2a: Dragapult|spa|2
|
|upkeep
|turn|7
|inactive|ballerr has 90 seconds left.
|inactive|ballerr has 60 seconds left.
|
|t:|1760755919
|switch|p2a: Hatterene|Hatterene, F|100/100
|move|p1a: Zapdos|Roost|p1a: Zapdos
|-heal|p1a: Zapdos|96/100
|-singleturn|p1a: Zapdos|move: Roost
|
|upkeep
|turn|8
|
|t:|1760755926
|move|p1a: Zapdos|Hurricane|p2a: Hatterene
|-damage|p2a: Hatterene|74/100
|move|p2a: Hatterene|Nuzzle|p1a: Zapdos
|-damage|p1a: Zapdos|92/100
|
|upkeep
|turn|9
|
|t:|1760755929
|move|p1a: Zapdos|Hurricane|p2a: Hatterene
|-crit|p2a: Hatterene
|-damage|p2a: Hatterene|28/100
|-start|p2a: Hatterene|confusion
|-activate|p2a: Hatterene|confusion
|-damage|p2a: Hatterene|20/100|[from] confusion
|
|upkeep
|turn|10
|
|t:|1760755935
|switch|p2a: Slowking|Slowking-Galar, F|100/100 par
|move|p1a: Zapdos|Hurricane|p2a: Slowking|[miss]
|-miss|p1a: Zapdos|p2a: Slowking
|
|upkeep
|turn|11
|
|t:|1760755943
|move|p1a: Zapdos|Hurricane|p2a: Slowking
|-damage|p2a: Slowking|74/100 par
|-prepare|p2a: Slowking|Chilly Reception|[premajor]
|move|p2a: Slowking|Chilly Reception|p2a: Slowking
|-weather|Snowscape
|
|t:|1760755948
|switch|p2a: Dragapult|Dragapult, F|100/100|[from] Chilly Reception
|
|-weather|Snowscape|[upkeep]
|upkeep
|turn|12
|
|t:|1760755956
|move|p2a: Dragapult|Draco Meteor|p1a: Zapdos|[miss]
|-miss|p2a: Dragapult|p1a: Zapdos
|move|p1a: Zapdos|Thunder Wave|p2a: Dragapult
|-status|p2a: Dragapult|par
|
|-weather|Snowscape|[upkeep]
|upkeep
|turn|13
|j| woairibi
|
|t:|1760755962
|move|p1a: Zapdos|Hurricane|p2a: Dragapult|[miss]
|-miss|p1a: Zapdos|p2a: Dragapult
|move|p2a: Dragapult|Draco Meteor|p1a: Zapdos
|-damage|p1a: Zapdos|34/100
|-unboost|p2a: Dragapult|spa|2
|
|-weather|Snowscape|[upkeep]
|upkeep
|turn|14
|
|t:|1760755969
|switch|p2a: Slowking|Slowking-Galar, F|100/100 par
|move|p1a: Zapdos|Roost|p1a: Zapdos
|-heal|p1a: Zapdos|84/100
|-singleturn|p1a: Zapdos|move: Roost
|
|-weather|Snowscape|[upkeep]
|upkeep
|turn|15
|
|t:|1760755975
|move|p1a: Zapdos|Volt Switch|p2a: Slowking
|-damage|p2a: Slowking|84/100 par
|
|t:|1760755976
|switch|p1a: Scizor|Scizor, M, shiny|84/100|[from] Volt Switch
|move|p2a: Slowking|Future Sight|p1a: Scizor
|-start|p2a: Slowking|move: Future Sight
|
|-weather|none
|upkeep
|turn|16
|
|t:|1760755982
|switch|p2a: Chesnaught|Chesnaught, M|68/100
|move|p1a: Scizor|U-turn|p2a: Chesnaught
|-damage|p2a: Chesnaught|33/100
|-damage|p1a: Scizor|67/100|[from] item: Rocky Helmet|[of] p2a: Chesnaught
|
|t:|1760755998
|switch|p1a: Cinderace|Cinderace, M|100/100|[from] U-turn
|
|upkeep
|turn|17
|
|t:|1760756004
|move|p1a: Cinderace|U-turn|p2a: Chesnaught
|-start|p1a: Cinderace|typechange|Bug|[from] ability: Libero
|-damage|p2a: Chesnaught|18/100
|-damage|p1a: Cinderace|84/100|[from] item: Rocky Helmet|[of] p2a: Chesnaught
|
|t:|1760756017
|switch|p1a: Zapdos|Zapdos|84/100|[from] U-turn
|move|p2a: Chesnaught|Synthesis|p2a: Chesnaught
|-heal|p2a: Chesnaught|68/100
|
|-end|p1a: Zapdos|move: Future Sight
|-damage|p1a: Zapdos|51/100
|upkeep
|turn|18
|inactive|ballerr has 120 seconds left.
|
|t:|1760756031
|switch|p2a: Hatterene|Hatterene, F|20/100
|move|p1a: Zapdos|Volt Switch|p2a: Hatterene
|-damage|p2a: Hatterene|0 fnt
|faint|p2a: Hatterene
|
|t:|1760756047
|switch|p1a: Agent Monkee|Munkidori, M|45/100|[from] Volt Switch
|
|upkeep
|inactive|ballerr has 120 seconds left.
|inactive|ballerr has 90 seconds left.
|
|t:|1760756100
|switch|p2a: Dragapult|Dragapult, F|100/100 par
|turn|19
|
|t:|1760756116
|move|p1a: Agent Monkee|Shadow Ball|p2a: Dragapult
|-supereffective|p2a: Dragapult
|-crit|p2a: Dragapult
|-damage|p2a: Dragapult|0 fnt
|faint|p2a: Dragapult
|
|upkeep
|inactive|ballerr has 90 seconds left.
|
|t:|1760756124
|switch|p2a: Kingambit|Kingambit, M|100/100
|-activate|p2a: Kingambit|ability: Supreme Overlord
|-start|p2a: Kingambit|fallen2|[silent]
|turn|20
|
|t:|1760756129
|switch|p1a: Great Tusk|Great Tusk|100/100
|move|p2a: Kingambit|Iron Head|p1a: Great Tusk
|-damage|p1a: Great Tusk|71/100
|
|-heal|p1a: Great Tusk|78/100|[from] item: Leftovers
|upkeep
|turn|21
|
|t:|1760756136
|-end|p2a: Kingambit|fallen2|[silent]
|switch|p2a: Chesnaught|Chesnaught, M|68/100
|move|p1a: Great Tusk|Earthquake|p2a: Chesnaught
|-resisted|p2a: Chesnaught
|-damage|p2a: Chesnaught|56/100
|
|-heal|p1a: Great Tusk|84/100|[from] item: Leftovers
|upkeep
|turn|22
|
|t:|1760756143
|-end|p1a: Great Tusk|Protosynthesis|[silent]
|switch|p1a: Zapdos|Zapdos|51/100
|switch|p2a: Slowking|Slowking-Galar, F|100/100 par
|
|upkeep
|turn|23
|
|t:|1760756151
|move|p1a: Zapdos|Volt Switch|p2a: Slowking
|-damage|p2a: Slowking|82/100 par
|
|t:|1760756152
|switch|p1a: Scizor|Scizor, M, shiny|67/100|[from] Volt Switch
|move|p2a: Slowking|Future Sight|p1a: Scizor
|-start|p2a: Slowking|move: Future Sight
|
|upkeep
|turn|24
|inactive|ballerr has 120 seconds left.
|
|t:|1760756168
|switch|p2a: Chesnaught|Chesnaught, M|56/100
|move|p1a: Scizor|U-turn|p2a: Chesnaught
|-damage|p2a: Chesnaught|24/100
|-damage|p1a: Scizor|50/100|[from] item: Rocky Helmet|[of] p2a: Chesnaught
|
|t:|1760756179
|switch|p1a: Zapdos|Zapdos|51/100|[from] U-turn
|
|upkeep
|turn|25
|inactive|ballerr has 120 seconds left.
|
|t:|1760756198
|move|p1a: Zapdos|Roost|p1a: Zapdos
|-heal|p1a: Zapdos|100/100
|-singleturn|p1a: Zapdos|move: Roost
|move|p2a: Chesnaught|Synthesis|p2a: Chesnaught
|-heal|p2a: Chesnaught|74/100
|
|-end|p1a: Zapdos|move: Future Sight
|-damage|p1a: Zapdos|67/100
|upkeep
|turn|26
|
|t:|1760756207
|switch|p2a: Slowking|Slowking-Galar, F|100/100 par
|move|p1a: Zapdos|Volt Switch|p2a: Slowking
|-damage|p2a: Slowking|83/100 par
|
|t:|1760756213
|switch|p1a: Scizor|Scizor, M, shiny|50/100|[from] Volt Switch
|
|upkeep
|turn|27
|inactive|ballerr has 120 seconds left.
|
|t:|1760756256
|switch|p2a: Chesnaught|Chesnaught, M|74/100
|move|p1a: Scizor|U-turn|p2a: Chesnaught
|-damage|p2a: Chesnaught|41/100
|-damage|p1a: Scizor|34/100|[from] item: Rocky Helmet|[of] p2a: Chesnaught
|
|t:|1760756264
|switch|p1a: Cinderace|Cinderace, M|84/100|[from] U-turn
|
|upkeep
|turn|28
|
|t:|1760756282
|switch|p1a: Auska|Ogerpon-Wellspring, F|100/100
|move|p2a: Chesnaught|Synthesis|p2a: Chesnaught
|-heal|p2a: Chesnaught|91/100
|
|upkeep
|turn|29
|
|t:|1760756285
|move|p1a: Auska|Encore|p2a: Chesnaught
|-start|p2a: Chesnaught|Encore
|move|p2a: Chesnaught|Synthesis|p2a: Chesnaught
|-heal|p2a: Chesnaught|100/100
|
|upkeep
|turn|30
|
|t:|1760756290
|switch|p2a: Slowking|Slowking-Galar, F|100/100 par
|move|p1a: Auska|Ivy Cudgel|p2a: Slowking|[anim] Ivy Cudgel Water
|-damage|p2a: Slowking|43/100 par
|
|upkeep
|turn|31
|
|t:|1760756302
|switch|p2a: Chesnaught|Chesnaught, M|100/100
|move|p1a: Auska|U-turn|p2a: Chesnaught
|-damage|p2a: Chesnaught|86/100
|-damage|p1a: Auska|84/100|[from] item: Rocky Helmet|[of] p2a: Chesnaught
|
|t:|1760756311
|switch|p1a: Agent Monkee|Munkidori, M|45/100|[from] U-turn
|
|upkeep
|turn|32
|
|t:|1760756321
|switch|p2a: Slowking|Slowking-Galar, F|76/100 par
|move|p1a: Agent Monkee|Psychic|p2a: Slowking
|-damage|p2a: Slowking|38/100 par
|
|upkeep
|turn|33
|
|t:|1760756331
|switch|p1a: Great Tusk|Great Tusk|84/100
|switch|p2a: Kingambit|Kingambit, M|100/100
|-activate|p2a: Kingambit|ability: Supreme Overlord
|-start|p2a: Kingambit|fallen2|[silent]
|
|-heal|p1a: Great Tusk|90/100|[from] item: Leftovers
|upkeep
|turn|34
|
|t:|1760756336
|-end|p1a: Great Tusk|Protosynthesis|[silent]
|switch|p1a: Agent Monkee|Munkidori, M|45/100
|-end|p2a: Kingambit|fallen2|[silent]
|switch|p2a: Chesnaught|Chesnaught, M|86/100
|
|upkeep
|turn|35
|
|t:|1760756342
|switch|p2a: Kingambit|Kingambit, M|100/100
|-activate|p2a: Kingambit|ability: Supreme Overlord
|-start|p2a: Kingambit|fallen2|[silent]
|move|p1a: Agent Monkee|Focus Blast|p2a: Kingambit
|-supereffective|p2a: Kingambit
|-damage|p2a: Kingambit|0 fnt
|faint|p2a: Kingambit
|-end|p2a: Kingambit|fallen2|[silent]
|
|upkeep
|
|t:|1760756351
|switch|p2a: Great Tusk|Great Tusk|100/100
|turn|36
|
|t:|1760756358
|switch|p1a: Zapdos|Zapdos|67/100
|move|p2a: Great Tusk|Headlong Rush|p1a: Zapdos
|-immune|p1a: Zapdos
|
|upkeep
|turn|37
|-message|ballerr forfeited.
|
|win|Box2DaLeft
|raw|Box2DaLeft's rating: 1609 &rarr; <strong>1628</strong><br />(+19 for winning)
|raw|ballerr's rating: 1599 &rarr; <strong>1580</strong><br />(-19 for losing)
|l|☆ballerr
|player|p2|
|l|☆Box2DaLeft
|player|p1|
|l| woairibi
