|j|☆21 Xans
|j|☆aPersonOrSomething
|t:|1760794692
|gametype|singles
|player|p1|21 Xans|bertha|1617
|player|p2|aPersonOrSomething|266|1676
|gen|9
|tier|[Gen 9] OU
|rated|
|rule|HP Percentage Mod: HP is shown in percentages
|rule|Endless Battle Clause: Forcing endless battles is banned
|rule|Species Clause: Limit one of each Pokémon
|rule|OHKO Clause: OHKO moves are banned
|rule|Evasion Items Clause: Evasion items are banned
|rule|Evasion Moves Clause: Evasion moves are banned
|rule|Evasion Abilities Clause: Evasion abilities are banned
|rule|Sleep Moves Clause: Sleep-inducing moves are banned
|clearpoke
|poke|p1|Indeedee, M|
|poke|p1|Polteageist-Antique|
|poke|p1|Iron Valiant|
|poke|p1|Cinderace, F|
|poke|p1|Iron Boulder|
|poke|p1|Kyurem|
|poke|p2|Pawmot, F|
|poke|p2|Latios, M|
|poke|p2|Alomomola, M|
|poke|p2|Weezing-Galar, F|
|poke|p2|Ting-Lu|
|poke|p2|Rillaboom, F|
|teampreview
|inactive|Battle timer is ON: inactive players will automatically lose when time's up. (requested by aPersonOrSomething)
|inactive|21 Xans also wants the timer to be on.
|
|t:|1760794709
|teamsize|p1|6
|teamsize|p2|6
|start
|switch|p1a: Kyurem|Kyurem|100/100
|switch|p2a: Latios|Latios, M|100/100
|-ability|p1a: Kyurem|Pressure
|turn|1
|
|t:|1760794722
|switch|p1a: Iron Valiant|Iron Valiant, shiny|100/100
|-enditem|p1a: Iron Valiant|Booster Energy
|-activate|p1a: Iron Valiant|ability: Quark Drive|[fromitem]
|-start|p1a: Iron Valiant|quarkdrivespe
|move|p2a: Latios|Flip Turn|p1a: Iron Valiant
|-damage|p1a: Iron Valiant|85/100
|
|t:|1760794733
|switch|p2a: Weezing|Weezing-Galar, F|100/100|[from] Flip Turn
|-ability|p2a: Weezing|Neutralizing Gas
|
|upkeep
|turn|2
|
|t:|1760794737
|-end|p1a: Iron Valiant|Quark Drive|[silent]
|switch|p1a: Indeedee|Indeedee, M|100/100
|move|p2a: Weezing|Sludge Bomb|p1a: Indeedee
|-damage|p1a: Indeedee|61/100
|
|upkeep
|turn|3
|
|t:|1760794747
|-end|p2a: Weezing|ability: Neutralizing Gas
|-fieldstart|move: Psychic Terrain|[from] ability: Psychic Surge|[of] p1a: Indeedee
|switch|p2a: Rillaboom|Rillaboom, F|100/100
|-fieldstart|move: Grassy Terrain|[from] ability: Grassy Surge|[of] p2a: Rillaboom
|move|p1a: Indeedee|Expanding Force|p2a: Rillaboom
|-damage|p2a: Rillaboom|74/100
|
|-heal|p1a: Indeedee|68/100|[from] Grassy Terrain
|-heal|p2a: Rillaboom|80/100|[from] Grassy Terrain
|upkeep
|turn|4
|
|t:|1760794753
|switch|p1a: Cinderace|Cinderace, F|100/100
|move|p2a: Rillaboom|Knock Off|p1a: Cinderace
|-damage|p1a: Cinderace|50/100
|-enditem|p1a: Cinderace|Heavy-Duty Boots|[from] move: Knock Off|[of] p2a: Rillaboom
|
|-heal|p1a: Cinderace|56/100|[from] Grassy Terrain
|-heal|p2a: Rillaboom|86/100|[from] Grassy Terrain
|upkeep
|turn|5
|
|t:|1760794762
|switch|p2a: Alomomola|Alomomola, M|100/100
|move|p1a: Cinderace|U-turn|p2a: Alomomola
|-start|p1a: Cinderace|typechange|Bug|[from] ability: Libero
|-damage|p2a: Alomomola|83/100
|-damage|p1a: Cinderace|39/100|[from] item: Rocky Helmet|[of] p2a: Alomomola
|
|t:|1760794773
|switch|p1a: Kyurem|Kyurem|100/100|[from] U-turn
|-ability|p1a: Kyurem|Pressure
|
|-heal|p2a: Alomomola|89/100|[from] Grassy Terrain
|upkeep
|turn|6
|
|t:|1760794782
|switch|p2a: Ting-Lu|Ting-Lu|100/100
|-ability|p2a: Ting-Lu|Vessel of Ruin
|move|p1a: Kyurem|Freeze-Dry|p2a: Ting-Lu
|-supereffective|p2a: Ting-Lu
|-damage|p2a: Ting-Lu|77/100
|
|-heal|p2a: Ting-Lu|83/100|[from] Grassy Terrain
|-heal|p2a: Ting-Lu|90/100|[from] item: Leftovers
|upkeep
|turn|7
|inactive|aPersonOrSomething has 120 seconds left.
|
|t:|1760794812
|move|p1a: Kyurem|Dragon Dance|p1a: Kyurem
|-boost|p1a: Kyurem|atk|1
|-boost|p1a: Kyurem|spe|1
|move|p2a: Ting-Lu|Ruination|p1a: Kyurem
|-damage|p1a: Kyurem|51/100
|
|-heal|p1a: Kyurem|57/100|[from] Grassy Terrain
|-heal|p2a: Ting-Lu|96/100|[from] Grassy Terrain
|-heal|p2a: Ting-Lu|100/100|[from] item: Leftovers
|-fieldend|move: Grassy Terrain
|upkeep
|turn|8
|
|t:|1760794819
|move|p1a: Kyurem|Icicle Spear|p2a: Ting-Lu
|-supereffective|p2a: Ting-Lu
|-damage|p2a: Ting-Lu|77/100
|-supereffective|p2a: Ting-Lu
|-damage|p2a: Ting-Lu|57/100
|-supereffective|p2a: Ting-Lu
|-damage|p2a: Ting-Lu|35/100
|-supereffective|p2a: Ting-Lu
|-damage|p2a: Ting-Lu|13/100
|-hitcount|p2a: Ting-Lu|4
|move|p2a: Ting-Lu|Whirlwind|p1a: Kyurem
|drag|p1a: Indeedee|Indeedee, M|68/100
|-fieldstart|move: Psychic Terrain|[from] ability: Psychic Surge|[of] p1a: Indeedee
|
|-heal|p2a: Ting-Lu|20/100|[from] item: Leftovers
|upkeep
|turn|9
|
|t:|1760794836
|switch|p2a: Rillaboom|Rillaboom, F|86/100
|-fieldstart|move: Grassy Terrain|[from] ability: Grassy Surge|[of] p2a: Rillaboom
|move|p1a: Indeedee|Dazzling Gleam|p2a: Rillaboom
|-damage|p2a: Rillaboom|69/100
|
|-heal|p1a: Indeedee|74/100|[from] Grassy Terrain
|-heal|p2a: Rillaboom|75/100|[from] Grassy Terrain
|upkeep
|turn|10
|
|t:|1760794845
|switch|p1a: Cinderace|Cinderace, F|39/100
|move|p2a: Rillaboom|Knock Off|p1a: Cinderace
|-damage|p1a: Cinderace|2/100
|
|-heal|p1a: Cinderace|8/100|[from] Grassy Terrain
|-heal|p2a: Rillaboom|81/100|[from] Grassy Terrain
|upkeep
|turn|11
|
|t:|1760794853
|move|p2a: Rillaboom|Grassy Glide|p1a: Cinderace
|-resisted|p1a: Cinderace
|-damage|p1a: Cinderace|0 fnt
|faint|p1a: Cinderace
|
|-heal|p2a: Rillaboom|87/100|[from] Grassy Terrain
|upkeep
|
|t:|1760794856
|switch|p1a: Kyurem|Kyurem|57/100
|-ability|p1a: Kyurem|Pressure
|turn|12
|inactive|aPersonOrSomething has 120 seconds left.
|
|t:|1760794887
|switch|p2a: Ting-Lu|Ting-Lu|20/100
|-ability|p2a: Ting-Lu|Vessel of Ruin
|move|p1a: Kyurem|Icicle Spear|p2a: Ting-Lu
|-supereffective|p2a: Ting-Lu
|-damage|p2a: Ting-Lu|4/100
|-supereffective|p2a: Ting-Lu
|-damage|p2a: Ting-Lu|0 fnt
|faint|p2a: Ting-Lu
|-hitcount|p2: Ting-Lu|2
|
|-heal|p1a: Kyurem|63/100|[from] Grassy Terrain
|upkeep
|
|t:|1760794892
|switch|p2a: Pawmot|Pawmot, F|100/100
|turn|13
|
|t:|1760794913
|switch|p1a: Iron Valiant|Iron Valiant, shiny|85/100
|move|p2a: Pawmot|Mach Punch|p1a: Iron Valiant
|-resisted|p1a: Iron Valiant
|-crit|p1a: Iron Valiant
|-damage|p1a: Iron Valiant|51/100
|-damage|p2a: Pawmot|91/100|[from] item: Life Orb
|
|-heal|p1a: Iron Valiant|57/100|[from] Grassy Terrain
|-heal|p2a: Pawmot|97/100|[from] Grassy Terrain
|-fieldend|move: Grassy Terrain
|upkeep
|turn|14
|
|t:|1760794919
|switch|p2a: Alomomola|Alomomola, M|100/100
|move|p1a: Iron Valiant|Knock Off|p2a: Alomomola
|-damage|p2a: Alomomola|84/100
|-damage|p1a: Iron Valiant|41/100|[from] item: Rocky Helmet|[of] p2a: Alomomola
|-enditem|p2a: Alomomola|Rocky Helmet|[from] move: Knock Off|[of] p1a: Iron Valiant
|
|upkeep
|turn|15
|
|t:|1760794922
|move|p1a: Iron Valiant|Moonblast|p2a: Alomomola
|-damage|p2a: Alomomola|39/100
|move|p2a: Alomomola|Flip Turn|p1a: Iron Valiant
|-damage|p1a: Iron Valiant|16/100
|
|t:|1760794931
|switch|p2a: Rillaboom|Rillaboom, F|87/100|[from] Flip Turn
|-fieldstart|move: Grassy Terrain|[from] ability: Grassy Surge|[of] p2a: Rillaboom
|
|-heal|p1a: Iron Valiant|22/100|[from] Grassy Terrain
|-heal|p2a: Rillaboom|93/100|[from] Grassy Terrain
|upkeep
|turn|16
|
|t:|1760794934
|-end|p1a: Iron Valiant|Quark Drive|[silent]
|switch|p1a: Indeedee|Indeedee, M|74/100
|-fieldstart|move: Psychic Terrain|[from] ability: Psychic Surge|[of] p1a: Indeedee
|move|p2a: Rillaboom|Grassy Glide|p1a: Indeedee
|-damage|p1a: Indeedee|14/100
|
|upkeep
|turn|17
|
|t:|1760794961
|switch|p2a: Latios|Latios, M|100/100
|move|p1a: Indeedee|Healing Wish|p1a: Indeedee
|faint|p1a: Indeedee
|
|upkeep
|
|t:|1760794971
|switch|p1a: Polteageist|Polteageist-Antique|100/100
|turn|18
|
|t:|1760794980
|move|p2a: Latios|Flip Turn|p1a: Polteageist
|-damage|p1a: Polteageist|79/100
|-ability|p1a: Polteageist|Weak Armor|boost
|-unboost|p1a: Polteageist|def|1
|-boost|p1a: Polteageist|spe|2
|
|t:|1760794985
|switch|p2a: Rillaboom|Rillaboom, F|93/100|[from] Flip Turn
|-fieldstart|move: Grassy Terrain|[from] ability: Grassy Surge|[of] p2a: Rillaboom
|move|p1a: Polteageist|Shell Smash|p1a: Polteageist
|-unboost|p1a: Polteageist|def|1
|-unboost|p1a: Polteageist|spd|1
|-boost|p1a: Polteageist|atk|2
|-boost|p1a: Polteageist|spa|2
|-boost|p1a: Polteageist|spe|2
|
|-heal|p1a: Polteageist|85/100|[from] Grassy Terrain
|-heal|p2a: Rillaboom|99/100|[from] Grassy Terrain
|upkeep
|turn|19
|
|t:|1760794991
|switch|p1a: Iron Valiant|Iron Valiant, shiny|22/100
|-heal|p1a: Iron Valiant|100/100|[from] move: Healing Wish
|move|p2a: Rillaboom|Grassy Glide|p1a: Iron Valiant
|-damage|p1a: Iron Valiant|38/100
|
|-heal|p1a: Iron Valiant|44/100|[from] Grassy Terrain
|-heal|p2a: Rillaboom|100/100|[from] Grassy Terrain
|upkeep
|turn|20
|
|t:|1760794996
|move|p2a: Rillaboom|Grassy Glide|p1a: Iron Valiant
|-crit|p1a: Iron Valiant
|-damage|p1a: Iron Valiant|0 fnt
|faint|p1a: Iron Valiant
|-end|p1a: Iron Valiant|Quark Drive|[silent]
|
|upkeep
|
|t:|1760794999
|switch|p1a: Kyurem|Kyurem|63/100
|-ability|p1a: Kyurem|Pressure
|turn|21
|
|t:|1760795010
|move|p1a: Kyurem|Dragon Dance|p1a: Kyurem
|-boost|p1a: Kyurem|atk|1
|-boost|p1a: Kyurem|spe|1
|move|p2a: Rillaboom|Low Kick|p1a: Kyurem
|-supereffective|p1a: Kyurem
|-crit|p1a: Kyurem
|-damage|p1a: Kyurem|0 fnt
|faint|p1a: Kyurem
|
|upkeep
|-message|21 Xans forfeited.
|
|win|aPersonOrSomething
|raw|21 Xans's rating: 1617 &rarr; <strong>1600</strong><br />(-17 for losing)
|raw|aPersonOrSomething's rating: 1676 &rarr; <strong>1693</strong><br />(+17 for winning)
|l|☆21 Xans
|player|p1|
|l|☆aPersonOrSomething
|player|p2|
|j|☆aPersonOrSomething
|player|p2|aPersonOrSomething|266|
|l|☆aPersonOrSomething
|player|p2|
