|j|☆selkahn1
|j|☆lzw00
|t:|1760763772
|gametype|singles
|player|p1|selkahn1|265|1080
|player|p2|lzw00|cynthia|1108
|gen|9
|tier|[Gen 9] OU
|rated|
|rule|HP Percentage Mod: HP is shown in percentages
|rule|Endless Battle Clause: Forcing endless battles is banned
|rule|Species Clause: Limit one of each Pokémon
|rule|OHKO Clause: OHKO moves are banned
|rule|Evasion Items Clause: Evasion items are banned
|rule|Evasion Moves Clause: Evasion moves are banned
|rule|Evasion Abilities Clause: Evasion abilities are banned
|rule|Sleep Moves Clause: Sleep-inducing moves are banned
|clearpoke
|poke|p1|Pelipper, F|
|poke|p1|Iron Treads|
|poke|p1|Greninja-*, F|
|poke|p1|Hatterene, F|
|poke|p1|Zapdos|
|poke|p1|Ceruledge, M|
|poke|p2|Regidrago|
|poke|p2|Moltres-Galar|
|poke|p2|Great Tusk|
|poke|p2|Ceruledge, F|
|poke|p2|Fezandipiti, M|
|poke|p2|Zapdos|
|teampreview
|
|t:|1760763800
|teamsize|p1|6
|teamsize|p2|6
|start
|switch|p1a: Pelipper|Pelipper, F|100/100
|switch|p2a: Regidrago|Regidrago|100/100
|-weather|RainDance|[from] ability: Drizzle|[of] p1a: Pelipper
|turn|1
|
|t:|1760763813
|move|p2a: Regidrago|Dragon Energy|p1a: Pelipper
|-damage|p1a: Pelipper|0 fnt
|faint|p1a: Pelipper
|
|-weather|RainDance|[upkeep]
|upkeep
|
|t:|1760763818
|switch|p1a: Hatterene|Hatterene, F|100/100
|turn|2
|
|t:|1760763830
|switch|p2a: Moltres|Moltres-Galar, shiny|100/100
|move|p1a: Hatterene|Calm Mind|p1a: Hatterene
|-boost|p1a: Hatterene|spa|1
|-boost|p1a: Hatterene|spd|1
|
|-weather|RainDance|[upkeep]
|upkeep
|turn|3
|
|t:|1760763839
|-terastallize|p1a: Hatterene|Fairy
|move|p2a: Moltres|Nasty Plot|p2a: Moltres
|-boost|p2a: Moltres|spa|2
|move|p1a: Hatterene|Draining Kiss|p2a: Moltres
|-supereffective|p2a: Moltres
|-damage|p2a: Moltres|0 fnt
|faint|p2a: Moltres
|
|-weather|RainDance|[upkeep]
|upkeep
|
|t:|1760763849
|switch|p2a: Fezandipiti|Fezandipiti, M|100/100
|turn|4
|
|t:|1760763854
|move|p2a: Fezandipiti|Beat Up|p1a: Hatterene
|-resisted|p1a: Hatterene
|-damage|p1a: Hatterene|99/100
|-resisted|p1a: Hatterene
|-damage|p1a: Hatterene|97/100
|-status|p1a: Hatterene|tox|[from] ability: Toxic Chain|[of] p2a: Fezandipiti
|-resisted|p1a: Hatterene
|-damage|p1a: Hatterene|95/100 tox
|-resisted|p1a: Hatterene
|-damage|p1a: Hatterene|93/100 tox
|-resisted|p1a: Hatterene
|-damage|p1a: Hatterene|91/100 tox
|-hitcount|p1a: Hatterene|5
|move|p1a: Hatterene|Psychic|p2a: Fezandipiti
|-supereffective|p2a: Fezandipiti
|-damage|p2a: Fezandipiti|21/100
|
|-weather|RainDance|[upkeep]
|-heal|p1a: Hatterene|97/100 tox|[from] item: Leftovers
|-damage|p1a: Hatterene|91/100 tox|[from] psn
|upkeep
|turn|5
|
|t:|1760763878
|-terastallize|p2a: Fezandipiti|Dark
|move|p2a: Fezandipiti|Roost|p2a: Fezandipiti
|-heal|p2a: Fezandipiti|71/100
|move|p1a: Hatterene|Calm Mind|p1a: Hatterene
|-boost|p1a: Hatterene|spa|1
|-boost|p1a: Hatterene|spd|1
|
|-weather|none
|-heal|p1a: Hatterene|97/100 tox|[from] item: Leftovers
|-damage|p1a: Hatterene|85/100 tox|[from] psn
|upkeep
|turn|6
|
|t:|1760763892
|move|p2a: Fezandipiti|Play Rough|p1a: Hatterene
|-damage|p1a: Hatterene|55/100 tox
|-unboost|p1a: Hatterene|atk|1
|move|p1a: Hatterene|Draining Kiss|p2a: Fezandipiti
|-supereffective|p2a: Fezandipiti
|-damage|p2a: Fezandipiti|0 fnt
|-heal|p1a: Hatterene|100/100 tox|[from] drain|[of] p2a: Fezandipiti
|faint|p2a: Fezandipiti
|
|-damage|p1a: Hatterene|83/100 tox|[from] psn
|upkeep
|
|t:|1760763904
|switch|p2a: Regidrago|Regidrago|100/100
|turn|7
|-message|lzw00 forfeited.
|
|win|selkahn1
|raw|selkahn1's rating: 1080 &rarr; <strong>1110</strong><br />(+30 for winning)
|raw|lzw00's rating: 1108 &rarr; <strong>1081</strong><br />(-27 for losing)
|l|☆lzw00
|player|p2|
|l|☆selkahn1
|player|p1|
