|j|☆fgnhfgthr
|j|☆RK Earth 9000
|t:|1760847687
|gametype|singles
|player|p1|fgnhfgthr|169|1147
|player|p2|RK Earth 9000|volkner|1179
|gen|9
|tier|[Gen 9] OU
|rated|
|rule|HP Percentage Mod: HP is shown in percentages
|rule|Endless Battle Clause: Forcing endless battles is banned
|rule|Species Clause: Limit one of each Pokémon
|rule|OHKO Clause: OHKO moves are banned
|rule|Evasion Items Clause: Evasion items are banned
|rule|Evasion Moves Clause: Evasion moves are banned
|rule|Evasion Abilities Clause: Evasion abilities are banned
|rule|Sleep Moves Clause: Sleep-inducing moves are banned
|clearpoke
|poke|p1|Cinderace, F|
|poke|p1|Garganacl, M|
|poke|p1|Great Tusk|
|poke|p1|Goodra-Hisui, F|
|poke|p1|Vikavolt, M|
|poke|p1|Iron Leaves|
|poke|p2|Gyarados, M|
|poke|p2|Tentacruel, M|
|poke|p2|Heatran, F|
|poke|p2|Incineroar, M|
|poke|p2|Meowscarada, F|
|poke|p2|Landorus-Therian, M|
|teampreview
|inactive|Battle timer is ON: inactive players will automatically lose when time's up. (requested by fgnhfgthr)
|
|t:|1760847692
|teamsize|p1|6
|teamsize|p2|6
|start
|switch|p1a: Electro|Vikavolt, M|100/100
|switch|p2a: Meowscarada|Meowscarada, F|100/100
|turn|1
|inactive|fgnhfgthr has 120 seconds left.
|
|t:|1760847739
|move|p2a: Meowscarada|U-turn|p1a: Electro
|-start|p2a: Meowscarada|typechange|Bug|[from] ability: Protean
|-damage|p1a: Electro|50/100
|
|t:|1760847748
|switch|p2a: Incineroar|Incineroar, M, shiny|100/100|[from] U-turn
|-ability|p2a: Incineroar|Intimidate|boost
|-unboost|p1a: Electro|atk|1
|move|p1a: Electro|Sticky Web|p2a: Incineroar
|-sidestart|p2: RK Earth 9000|move: Sticky Web
|
|upkeep
|turn|2
|inactive|fgnhfgthr has 90 seconds left.
|
|t:|1760847788
|switch|p1a: Kraven|Great Tusk|100/100
|-enditem|p1a: Kraven|Booster Energy
|-activate|p1a: Kraven|ability: Protosynthesis|[fromitem]
|-start|p1a: Kraven|protosynthesisatk
|move|p2a: Incineroar|Fake Out|p1a: Kraven
|-crit|p1a: Kraven
|-damage|p1a: Kraven|86/100
|
|upkeep
|turn|3
|inactive|fgnhfgthr has 90 seconds left.
|
|t:|1760847797
|switch|p2a: Landorus|Landorus-Therian, M, shiny|100/100
|-ability|p2a: Landorus|Intimidate|boost
|-unboost|p1a: Kraven|atk|1
|move|p1a: Kraven|Close Combat|p2a: Landorus
|-resisted|p2a: Landorus
|-damage|p2a: Landorus|63/100
|-unboost|p1a: Kraven|def|1
|-unboost|p1a: Kraven|spd|1
|
|upkeep
|turn|4
|
|t:|1760847808
|switch|p2a: Incineroar|Incineroar, M, shiny|100/100
|-activate|p2a: Incineroar|move: Sticky Web
|-unboost|p2a: Incineroar|spe|1
|-ability|p2a: Incineroar|Intimidate|boost
|-unboost|p1a: Kraven|atk|1
|move|p1a: Kraven|Ice Spinner|p2a: Incineroar
|-resisted|p2a: Incineroar
|-damage|p2a: Incineroar|90/100
|
|upkeep
|turn|5
|
|t:|1760847817
|-end|p1a: Kraven|Protosynthesis|[silent]
|switch|p1a: Sandman|Garganacl, M|100/100
|move|p2a: Incineroar|Fake Out|p1a: Sandman
|-resisted|p1a: Sandman
|-crit|p1a: Sandman
|-damage|p1a: Sandman|96/100
|
|-heal|p1a: Sandman|100/100|[from] item: Leftovers
|upkeep
|turn|6
|
|t:|1760847828
|switch|p2a: Landorus|Landorus-Therian, M, shiny|63/100
|-ability|p2a: Landorus|Intimidate|boost
|-unboost|p1a: Sandman|atk|1
|move|p1a: Sandman|Salt Cure|p2a: Landorus
|-damage|p2a: Landorus|51/100
|-start|p2a: Landorus|Salt Cure
|
|-damage|p2a: Landorus|39/100|[from] Salt Cure
|upkeep
|turn|7
|
|t:|1760847841
|switch|p1a: Electro|Vikavolt, M|50/100
|move|p2a: Landorus|Sludge Bomb|p1a: Electro
|-damage|p1a: Electro|0 fnt
|faint|p1a: Electro
|
|-damage|p2a: Landorus|27/100|[from] Salt Cure
|upkeep
|
|t:|1760847850
|switch|p1a: Vulture|Cinderace, F|100/100
|turn|8
|
|t:|1760847854
|switch|p2a: Tentacruel|Tentacruel, M|100/100
|-activate|p2a: Tentacruel|move: Sticky Web
|-unboost|p2a: Tentacruel|spe|1
|move|p1a: Vulture|Pyro Ball|p2a: Tentacruel
|-resisted|p2a: Tentacruel
|-damage|p2a: Tentacruel|66/100
|
|-heal|p2a: Tentacruel|72/100|[from] item: Leftovers
|upkeep
|turn|9
|
|t:|1760847864
|move|p1a: Vulture|U-turn|p2a: Tentacruel
|-start|p1a: Vulture|typechange|Bug|[from] ability: Libero
|-resisted|p2a: Tentacruel
|-damage|p2a: Tentacruel|52/100
|
|t:|1760847866
|switch|p1a: Dr Octopus|Goodra-Hisui, F|100/100|[from] U-turn
|move|p2a: Tentacruel|Rapid Spin|p1a: Dr Octopus
|-resisted|p1a: Dr Octopus
|-damage|p1a: Dr Octopus|97/100
|-boost|p2a: Tentacruel|spe|1
|-ability|p1a: Dr Octopus|Gooey
|-unboost|p2a: Tentacruel|spe|1
|-sideend|p2: RK Earth 9000|Sticky Web|[from] move: Rapid Spin|[of] p2a: Tentacruel
|
|-heal|p2a: Tentacruel|58/100|[from] item: Leftovers
|-heal|p1a: Dr Octopus|100/100|[from] item: Leftovers
|upkeep
|turn|10
|
|t:|1760847886
|switch|p2a: Gyarados|Gyarados, M, shiny|100/100
|-ability|p2a: Gyarados|Intimidate|boost
|-unboost|p1a: Dr Octopus|atk|1
|move|p1a: Dr Octopus|Dragon Pulse|p2a: Gyarados
|-damage|p2a: Gyarados|52/100
|
|upkeep
|turn|11
|
|t:|1760847896
|move|p2a: Gyarados|Earthquake|p1a: Dr Octopus
|-supereffective|p1a: Dr Octopus
|-damage|p1a: Dr Octopus|5/100
|move|p1a: Dr Octopus|Dragon Pulse|p2a: Gyarados
|-damage|p2a: Gyarados|11/100
|
|-heal|p1a: Dr Octopus|11/100|[from] item: Leftovers
|upkeep
|turn|12
|
|t:|1760847905
|move|p2a: Gyarados|Earthquake|p1a: Dr Octopus
|-supereffective|p1a: Dr Octopus
|-damage|p1a: Dr Octopus|0 fnt
|faint|p1a: Dr Octopus
|
|upkeep
|
|t:|1760847907
|switch|p1a: Mysterio|Iron Leaves|100/100
|turn|13
|
|t:|1760847914
|move|p1a: Mysterio|Psyblade|p2a: Gyarados
|-damage|p2a: Gyarados|0 fnt
|faint|p2a: Gyarados
|-damage|p1a: Mysterio|91/100|[from] item: Life Orb
|
|upkeep
|
|t:|1760847920
|switch|p2a: Heatran|Heatran, F, shiny|100/100
|turn|14
|
|t:|1760847926
|-end|p1a: Mysterio|Quark Drive|[silent]
|switch|p1a: Vulture|Cinderace, F|100/100
|move|p2a: Heatran|Earth Power|p1a: Vulture
|-supereffective|p1a: Vulture
|-damage|p1a: Vulture|0 fnt
|faint|p1a: Vulture
|
|upkeep
|
|t:|1760847928
|switch|p1a: Sandman|Garganacl, M|100/100
|turn|15
|
|t:|1760847937
|-terastallize|p1a: Sandman|Ghost
|move|p2a: Heatran|Earth Power|p1a: Sandman
|-damage|p1a: Sandman|52/100
|move|p1a: Sandman|Salt Cure|p2a: Heatran
|-damage|p2a: Heatran|86/100
|-start|p2a: Heatran|Salt Cure
|
|-heal|p1a: Sandman|58/100|[from] item: Leftovers
|-damage|p2a: Heatran|61/100|[from] Salt Cure
|upkeep
|turn|16
|
|t:|1760847952
|switch|p2a: Incineroar|Incineroar, M, shiny|90/100
|-ability|p2a: Incineroar|Intimidate|boost
|-unboost|p1a: Sandman|atk|1
|move|p1a: Sandman|Recover|p1a: Sandman
|-heal|p1a: Sandman|100/100
|
|upkeep
|turn|17
|
|t:|1760847960
|switch|p1a: Kraven|Great Tusk|86/100
|move|p2a: Incineroar|Knock Off|p1a: Kraven
|-resisted|p1a: Kraven
|-damage|p1a: Kraven|75/100
|
|upkeep
|turn|18
|
|t:|1760847977
|move|p1a: Kraven|Ice Spinner|p2a: Incineroar
|-resisted|p2a: Incineroar
|-damage|p2a: Incineroar|75/100
|move|p2a: Incineroar|Parting Shot|p1a: Kraven
|-unboost|p1a: Kraven|atk|1
|-unboost|p1a: Kraven|spa|1
|
|t:|1760847984
|switch|p2a: Landorus|Landorus-Therian, M, shiny|27/100|[from] Parting Shot
|-ability|p2a: Landorus|Intimidate|boost
|-unboost|p1a: Kraven|atk|1
|
|upkeep
|turn|19
|
|t:|1760847994
|move|p2a: Landorus|Psychic|p1a: Kraven
|-supereffective|p1a: Kraven
|-crit|p1a: Kraven
|-damage|p1a: Kraven|0 fnt
|faint|p1a: Kraven
|-end|p1a: Kraven|Protosynthesis|[silent]
|
|upkeep
|-message|fgnhfgthr forfeited.
|
|win|RK Earth 9000
|raw|fgnhfgthr's rating: 1147 &rarr; <strong>1124</strong><br />(-23 for losing)
|raw|RK Earth 9000's rating: 1179 &rarr; <strong>1202</strong><br />(+23 for winning)
|l|☆fgnhfgthr
|player|p1|
|l|☆RK Earth 9000
|player|p2|
