|j|☆JOE MAMA SLICE'S
|j|☆Kalakengking
|t:|1760811980
|gametype|singles
|player|p1|JOE MAMA SLICE'S|cynthia-masters|1293
|player|p2|Kalakengking|gladion-stance|1230
|gen|9
|tier|[Gen 9] OU
|rated|
|rule|HP Percentage Mod: HP is shown in percentages
|rule|Endless Battle Clause: Forcing endless battles is banned
|rule|Species Clause: Limit one of each Pokémon
|rule|OHKO Clause: OHKO moves are banned
|rule|Evasion Items Clause: Evasion items are banned
|rule|Evasion Moves Clause: Evasion moves are banned
|rule|Evasion Abilities Clause: Evasion abilities are banned
|rule|Sleep Moves Clause: Sleep-inducing moves are banned
|clearpoke
|poke|p1|Darkrai|
|poke|p1|Great Tusk|
|poke|p1|Scizor, M|
|poke|p1|Kyurem|
|poke|p1|Slowking, M|
|poke|p1|Weezing-Galar, M|
|poke|p2|Ninetales, M|
|poke|p2|Typhlosion, F|
|poke|p2|Torkoal, F|
|poke|p2|Great Tusk|
|poke|p2|Walking Wake|
|poke|p2|Whimsicott, F|
|teampreview
|inactive|Battle timer is ON: inactive players will automatically lose when time's up. (requested by Kalakengking)
|
|t:|1760811990
|teamsize|p1|6
|teamsize|p2|6
|start
|switch|p1a: Kyurem|Kyurem|100/100
|switch|p2a: Ninetales|Ninetales, M|100/100
|-weather|SunnyDay|[from] ability: Drought|[of] p2a: Ninetales
|-ability|p1a: Kyurem|Pressure
|turn|1
|
|t:|1760811997
|move|p2a: Ninetales|Solar Beam||[still]
|-prepare|p2a: Ninetales|Solar Beam
|-anim|p2a: Ninetales|Solar Beam|p1a: Kyurem
|-resisted|p1a: Kyurem
|-damage|p1a: Kyurem|86/100
|move|p1a: Kyurem|Draco Meteor|p2a: Ninetales
|-damage|p2a: Ninetales|0 fnt
|-unboost|p1a: Kyurem|spa|2
|faint|p2a: Ninetales
|
|-weather|SunnyDay|[upkeep]
|upkeep
|
|t:|1760812002
|switch|p2a: Typhlosion|Typhlosion, F|100/100
|turn|2
|
|t:|1760812006
|switch|p1a: Slowking|Slowking, M|100/100
|move|p2a: Typhlosion|Eruption|p1a: Slowking
|-resisted|p1a: Slowking
|-damage|p1a: Slowking|59/100
|
|-weather|SunnyDay|[upkeep]
|upkeep
|turn|3
|
|t:|1760812022
|switch|p2a: Whimsicott|Whimsicott, F|100/100
|move|p1a: Slowking|Thunder Wave|p2a: Whimsicott
|-status|p2a: Whimsicott|par
|
|-weather|SunnyDay|[upkeep]
|upkeep
|turn|4
|
|t:|1760812032
|switch|p1a: Weezing|Weezing-Galar, M|100/100
|-ability|p1a: Weezing|Neutralizing Gas
|move|p2a: Whimsicott|Growth|p2a: Whimsicott
|-boost|p2a: Whimsicott|atk|2
|-boost|p2a: Whimsicott|spa|2
|
|-weather|SunnyDay|[upkeep]
|upkeep
|turn|5
|
|t:|1760812040
|move|p2a: Whimsicott|U-turn|p1a: Weezing
|-resisted|p1a: Weezing
|-damage|p1a: Weezing|96/100
|-damage|p2a: Whimsicott|91/100 par|[from] item: Life Orb
|
|t:|1760812062
|switch|p2a: Great Tusk|Great Tusk|100/100|[from] U-turn
|move|p1a: Weezing|Sludge Bomb|p2a: Great Tusk
|-resisted|p2a: Great Tusk
|-damage|p2a: Great Tusk|85/100
|
|-weather|SunnyDay|[upkeep]
|upkeep
|turn|6
|
|t:|1760812069
|move|p2a: Great Tusk|Earthquake|p1a: Weezing
|-supereffective|p1a: Weezing
|-damage|p1a: Weezing|39/100
|move|p1a: Weezing|Will-O-Wisp|p2a: Great Tusk
|-status|p2a: Great Tusk|brn
|
|-weather|SunnyDay|[upkeep]
|-damage|p2a: Great Tusk|78/100 brn|[from] brn
|upkeep
|turn|7
|
|t:|1760812073
|-end|p1a: Weezing|ability: Neutralizing Gas
|-activate|p2a: Great Tusk|ability: Protosynthesis
|-start|p2a: Great Tusk|protosynthesisspe
|switch|p1a: Great Tusk|Great Tusk|100/100
|-activate|p1a: Great Tusk|ability: Protosynthesis
|-start|p1a: Great Tusk|protosynthesisatk
|move|p2a: Great Tusk|Earthquake|p1a: Great Tusk
|-damage|p1a: Great Tusk|85/100
|
|-weather|SunnyDay|[upkeep]
|-damage|p2a: Great Tusk|72/100 brn|[from] brn
|upkeep
|turn|8
|inactive|Kalakengking has 120 seconds left.
|
|t:|1760812111
|-end|p2a: Great Tusk|Protosynthesis|[silent]
|switch|p2a: Walking Wake|Walking Wake|100/100
|-activate|p2a: Walking Wake|ability: Protosynthesis
|-start|p2a: Walking Wake|protosynthesisspa
|move|p1a: Great Tusk|Stealth Rock|p2a: Walking Wake
|-sidestart|p2: Kalakengking|move: Stealth Rock
|
|-weather|none
|-end|p2a: Walking Wake|Protosynthesis
|-end|p1a: Great Tusk|Protosynthesis
|upkeep
|turn|9
|
|t:|1760812114
|-end|p1a: Great Tusk|Protosynthesis|[silent]
|switch|p1a: Slowking|Slowking, M|92/100
|move|p2a: Walking Wake|Flip Turn|p1a: Slowking
|-resisted|p1a: Slowking
|-damage|p1a: Slowking|86/100
|
|t:|1760812121
|-end|p2a: Walking Wake|Protosynthesis|[silent]
|switch|p2a: Torkoal|Torkoal, F|100/100|[from] Flip Turn
|-damage|p2a: Torkoal|76/100|[from] Stealth Rock
|-weather|SunnyDay|[from] ability: Drought|[of] p2a: Torkoal
|
|-weather|SunnyDay|[upkeep]
|upkeep
|turn|10
|
|t:|1760812124
|move|p2a: Torkoal|Rapid Spin|p1a: Slowking
|-damage|p1a: Slowking|80/100
|-boost|p2a: Torkoal|spe|1
|-sideend|p2: Kalakengking|Stealth Rock|[from] move: Rapid Spin|[of] p2a: Torkoal
|move|p1a: Slowking|Future Sight|p2a: Torkoal
|-start|p1a: Slowking|move: Future Sight
|
|-weather|SunnyDay|[upkeep]
|upkeep
|turn|11
|
|t:|1760812129
|switch|p2a: Whimsicott|Whimsicott, F|91/100 par
|-prepare|p1a: Slowking|Chilly Reception|[premajor]
|move|p1a: Slowking|Chilly Reception|p1a: Slowking
|-weather|Snowscape
|
|t:|1760812152
|switch|p1a: Darkrai|Darkrai|100/100|[from] Chilly Reception
|
|-weather|Snowscape|[upkeep]
|upkeep
|turn|12
|
|t:|1760812158
|move|p1a: Darkrai|Sludge Bomb|p2a: Whimsicott
|-supereffective|p2a: Whimsicott
|-damage|p2a: Whimsicott|0 fnt
|faint|p2a: Whimsicott
|
|-weather|Snowscape|[upkeep]
|-hint|Future Sight did not hit because the target is fainted.
|upkeep
|
|t:|1760812162
|switch|p2a: Torkoal|Torkoal, F|76/100
|-weather|SunnyDay|[from] ability: Drought|[of] p2a: Torkoal
|turn|13
|
|t:|1760812166
|move|p1a: Darkrai|Dark Pulse|p2a: Torkoal
|-damage|p2a: Torkoal|20/100
|move|p2a: Torkoal|Body Press|p1a: Darkrai
|-supereffective|p1a: Darkrai
|-damage|p1a: Darkrai|36/100
|
|-weather|SunnyDay|[upkeep]
|upkeep
|turn|14
|
|t:|1760812172
|switch|p2a: Great Tusk|Great Tusk|72/100 brn
|-activate|p2a: Great Tusk|ability: Protosynthesis
|-start|p2a: Great Tusk|protosynthesisspe
|move|p1a: Darkrai|Dark Pulse|p2a: Great Tusk
|-resisted|p2a: Great Tusk
|-damage|p2a: Great Tusk|47/100 brn
|
|-weather|SunnyDay|[upkeep]
|-damage|p2a: Great Tusk|40/100 brn|[from] brn
|upkeep
|turn|15
|
|t:|1760812178
|switch|p1a: Great Tusk|Great Tusk|85/100
|-activate|p1a: Great Tusk|ability: Protosynthesis
|-start|p1a: Great Tusk|protosynthesisatk
|move|p2a: Great Tusk|Close Combat|p1a: Great Tusk
|-damage|p1a: Great Tusk|65/100
|-unboost|p2a: Great Tusk|def|1
|-unboost|p2a: Great Tusk|spd|1
|
|-weather|SunnyDay|[upkeep]
|-damage|p2a: Great Tusk|34/100 brn|[from] brn
|upkeep
|turn|16
|
|t:|1760812186
|move|p2a: Great Tusk|Close Combat|p1a: Great Tusk
|-damage|p1a: Great Tusk|46/100
|-unboost|p2a: Great Tusk|def|1
|-unboost|p2a: Great Tusk|spd|1
|move|p1a: Great Tusk|Stealth Rock|p2a: Great Tusk
|-sidestart|p2: Kalakengking|move: Stealth Rock
|
|-weather|SunnyDay|[upkeep]
|-damage|p2a: Great Tusk|28/100 brn|[from] brn
|upkeep
|turn|17
|
|t:|1760812192
|move|p2a: Great Tusk|Rapid Spin|p1a: Great Tusk
|-damage|p1a: Great Tusk|41/100
|-boost|p2a: Great Tusk|spe|1
|-sideend|p2: Kalakengking|Stealth Rock|[from] move: Rapid Spin|[of] p2a: Great Tusk
|move|p1a: Great Tusk|Rapid Spin|p2a: Great Tusk
|-damage|p2a: Great Tusk|0 fnt
|-boost|p1a: Great Tusk|spe|1
|faint|p2a: Great Tusk
|-end|p2a: Great Tusk|Protosynthesis|[silent]
|
|-weather|SunnyDay|[upkeep]
|upkeep
|
|t:|1760812198
|switch|p2a: Typhlosion|Typhlosion, F|100/100
|turn|18
|
|t:|1760812202
|-end|p1a: Great Tusk|Protosynthesis|[silent]
|switch|p1a: Slowking|Slowking, M|100/100
|-terastallize|p2a: Typhlosion|Fire
|move|p2a: Typhlosion|Eruption|p1a: Slowking
|-resisted|p1a: Slowking
|-damage|p1a: Slowking|43/100
|
|-weather|SunnyDay|[upkeep]
|upkeep
|turn|19
|
|t:|1760812210
|switch|p1a: Weezing|Weezing-Galar, M|39/100
|-ability|p1a: Weezing|Neutralizing Gas
|move|p2a: Typhlosion|Eruption|p1a: Weezing
|-damage|p1a: Weezing|0 fnt
|faint|p1a: Weezing
|-end|p1a: Weezing|ability: Neutralizing Gas
|
|-weather|SunnyDay|[upkeep]
|upkeep
|
|t:|1760812222
|switch|p1a: Scizor|Scizor, M|100/100
|turn|20
|
|t:|1760812226
|move|p1a: Scizor|Bullet Punch|p2a: Typhlosion
|-resisted|p2a: Typhlosion
|-damage|p2a: Typhlosion|61/100
|move|p2a: Typhlosion|Eruption|p1a: Scizor
|-supereffective|p1a: Scizor
|-damage|p1a: Scizor|0 fnt
|faint|p1a: Scizor
|
|-weather|none
|upkeep
|
|t:|1760812237
|switch|p1a: Kyurem|Kyurem|86/100
|-ability|p1a: Kyurem|Pressure
|turn|21
|
|t:|1760812239
|switch|p2a: Torkoal|Torkoal, F|20/100
|-weather|SunnyDay|[from] ability: Drought|[of] p2a: Torkoal
|move|p1a: Kyurem|Earth Power|p2a: Torkoal
|-supereffective|p2a: Torkoal
|-damage|p2a: Torkoal|0 fnt
|faint|p2a: Torkoal
|
|-weather|SunnyDay|[upkeep]
|upkeep
|
|t:|1760812244
|switch|p2a: Walking Wake|Walking Wake|100/100
|-activate|p2a: Walking Wake|ability: Protosynthesis
|-start|p2a: Walking Wake|protosynthesisspa
|turn|22
|
|t:|1760812248
|switch|p1a: Great Tusk|Great Tusk|41/100
|-activate|p1a: Great Tusk|ability: Protosynthesis
|-start|p1a: Great Tusk|protosynthesisatk
|move|p2a: Walking Wake|Dragon Pulse|p1a: Great Tusk
|-damage|p1a: Great Tusk|0 fnt
|faint|p1a: Great Tusk
|-end|p1a: Great Tusk|Protosynthesis|[silent]
|
|-weather|SunnyDay|[upkeep]
|upkeep
|
|t:|1760812253
|switch|p1a: Slowking|Slowking, M|77/100
|turn|23
|
|t:|1760812257
|move|p2a: Walking Wake|Dragon Pulse|p1a: Slowking
|-damage|p1a: Slowking|29/100
|-prepare|p1a: Slowking|Chilly Reception|[premajor]
|move|p1a: Slowking|Chilly Reception|p1a: Slowking
|-weather|Snowscape
|-end|p2a: Walking Wake|Protosynthesis
|
|t:|1760812265
|switch|p1a: Kyurem|Kyurem|86/100|[from] Chilly Reception
|-ability|p1a: Kyurem|Pressure
|
|-weather|Snowscape|[upkeep]
|upkeep
|turn|24
|
|t:|1760812272
|-terastallize|p1a: Kyurem|Ice
|move|p2a: Walking Wake|Weather Ball|p1a: Kyurem
|-resisted|p1a: Kyurem
|-damage|p1a: Kyurem|69/100
|move|p1a: Kyurem|Freeze-Dry|p2a: Walking Wake
|-supereffective|p2a: Walking Wake
|-damage|p2a: Walking Wake|0 fnt
|faint|p2a: Walking Wake
|-end|p2a: Walking Wake|Protosynthesis|[silent]
|
|-weather|Snowscape|[upkeep]
|upkeep
|
|t:|1760812277
|switch|p2a: Typhlosion|Typhlosion, F, tera:Fire|61/100
|turn|25
|
|t:|1760812281
|move|p2a: Typhlosion|Lava Plume|p1a: Kyurem
|-supereffective|p1a: Kyurem
|-damage|p1a: Kyurem|0 fnt
|faint|p1a: Kyurem
|
|-weather|Snowscape|[upkeep]
|upkeep
|
|t:|1760812287
|switch|p1a: Slowking|Slowking, M|63/100
|turn|26
|
|t:|1760812291
|move|p2a: Typhlosion|Lava Plume|p1a: Slowking
|-resisted|p1a: Slowking
|-damage|p1a: Slowking|44/100
|move|p1a: Slowking|Thunder Wave|p2a: Typhlosion
|-status|p2a: Typhlosion|par
|
|-weather|Snowscape|[upkeep]
|upkeep
|turn|27
|-message|Kalakengking forfeited.
|
|win|JOE MAMA SLICE'S
|raw|JOE MAMA SLICE&apos;S's rating: 1293 &rarr; <strong>1315</strong><br />(+22 for winning)
|raw|Kalakengking's rating: 1253 &rarr; <strong>1231</strong><br />(-22 for losing)
|l|☆Kalakengking
|player|p2|
|c|☆JOE MAMA SLICE'S|ggs
|l|☆JOE MAMA SLICE'S
|player|p1|
