|j|☆AmanRises
|j|☆Eggege
|t:|1760812871
|gametype|singles
|player|p1|AmanRises|marshal|1419
|player|p2|Eggege|265|1459
|gen|9
|tier|[Gen 9] OU
|rated|
|rule|HP Percentage Mod: HP is shown in percentages
|rule|Endless Battle Clause: Forcing endless battles is banned
|rule|Species Clause: Limit one of each Pokémon
|rule|OHKO Clause: OHKO moves are banned
|rule|Evasion Items Clause: Evasion items are banned
|rule|Evasion Moves Clause: Evasion moves are banned
|rule|Evasion Abilities Clause: Evasion abilities are banned
|rule|Sleep Moves Clause: Sleep-inducing moves are banned
|clearpoke
|poke|p1|Torkoal, F|
|poke|p1|Venusaur, F|
|poke|p1|Garchomp, F|
|poke|p1|Heatran, F|
|poke|p1|Snorlax, M|
|poke|p1|Great Tusk|
|poke|p2|Ninetales-Alola, F|
|poke|p2|Cetitan, F|
|poke|p2|Kyurem|
|poke|p2|Sandslash-Alola, F|
|poke|p2|Moltres|
|poke|p2|Zamazenta-*|
|teampreview
|
|t:|1760812879
|teamsize|p1|6
|teamsize|p2|6
|start
|switch|p1a: Snorlax|Snorlax, M|100/100
|switch|p2a: Moltres|Moltres|100/100
|turn|1
|
|t:|1760812888
|switch|p2a: OneInAMilion|Sandslash-Alola, F|100/100
|switch|p1a: Heatran|Heatran, F|100/100
|
|upkeep
|turn|2
|
|t:|1760812898
|switch|p2a: Moltres|Moltres|100/100
|-terastallize|p1a: Heatran|Grass
|move|p1a: Heatran|Magma Storm|p2a: Moltres
|-resisted|p2a: Moltres
|-damage|p2a: Moltres|72/100
|-activate|p2a: Moltres|move: Magma Storm|[of] p1a: Heatran
|
|-damage|p2a: Moltres|60/100|[from] move: Magma Storm|[partiallytrapped]
|upkeep
|turn|3
|
|t:|1760812909
|switch|p1a: Torkoal|Torkoal, F, shiny|100/100
|-weather|SunnyDay|[from] ability: Drought|[of] p1a: Torkoal
|move|p2a: Moltres|Hurricane|p1a: Torkoal
|-damage|p1a: Torkoal|24/100
|-start|p1a: Torkoal|confusion
|
|-weather|SunnyDay|[upkeep]
|-end|p2a: Moltres|Magma Storm|[partiallytrapped]|[silent]
|upkeep
|turn|4
|
|t:|1760812922
|switch|p1a: Snorlax|Snorlax, M|100/100
|move|p2a: Moltres|Flamethrower|p1a: Snorlax
|-damage|p1a: Snorlax|84/100
|
|-weather|SunnyDay|[upkeep]
|-heal|p1a: Snorlax|91/100|[from] item: Leftovers
|upkeep
|turn|5
|
|t:|1760812930
|move|p2a: Moltres|Roost|p2a: Moltres
|-heal|p2a: Moltres|100/100
|-singleturn|p2a: Moltres|move: Roost
|move|p1a: Snorlax|Curse|p1a: Snorlax
|-unboost|p1a: Snorlax|spe|1
|-boost|p1a: Snorlax|atk|1
|-boost|p1a: Snorlax|def|1
|
|-weather|SunnyDay|[upkeep]
|-heal|p1a: Snorlax|97/100|[from] item: Leftovers
|upkeep
|turn|6
|
|t:|1760812939
|switch|p2a: Ninetales|Ninetales-Alola, F|100/100
|-weather|Snowscape|[from] ability: Snow Warning|[of] p2a: Ninetales
|move|p1a: Snorlax|Curse|p1a: Snorlax
|-unboost|p1a: Snorlax|spe|1
|-boost|p1a: Snorlax|atk|1
|-boost|p1a: Snorlax|def|1
|
|-weather|Snowscape|[upkeep]
|-heal|p1a: Snorlax|100/100|[from] item: Leftovers
|upkeep
|turn|7
|
|t:|1760812949
|move|p2a: Ninetales|Encore|p1a: Snorlax
|-start|p1a: Snorlax|Encore
|move|p1a: Snorlax|Curse|p1a: Snorlax
|-unboost|p1a: Snorlax|spe|1
|-boost|p1a: Snorlax|atk|1
|-boost|p1a: Snorlax|def|1
|
|-weather|Snowscape|[upkeep]
|upkeep
|turn|8
|
|t:|1760812957
|move|p2a: Ninetales|Aurora Veil|p2a: Ninetales
|-sidestart|p2: Eggege|move: Aurora Veil
|move|p1a: Snorlax|Curse|p1a: Snorlax
|-unboost|p1a: Snorlax|spe|1
|-boost|p1a: Snorlax|atk|1
|-boost|p1a: Snorlax|def|1
|
|-weather|Snowscape|[upkeep]
|upkeep
|turn|9
|
|t:|1760812963
|move|p2a: Ninetales|Blizzard|p1a: Snorlax
|-damage|p1a: Snorlax|91/100
|move|p1a: Snorlax|Curse|p1a: Snorlax
|-unboost|p1a: Snorlax|spe|1
|-boost|p1a: Snorlax|atk|1
|-boost|p1a: Snorlax|def|1
|
|-weather|Snowscape|[upkeep]
|-heal|p1a: Snorlax|97/100|[from] item: Leftovers
|-end|p1a: Snorlax|Encore
|upkeep
|turn|10
|
|t:|1760812973
|switch|p1a: Torkoal|Torkoal, F, shiny|24/100
|-weather|SunnyDay|[from] ability: Drought|[of] p1a: Torkoal
|move|p2a: Ninetales|Encore||[still]
|-fail|p2a: Ninetales
|
|-weather|SunnyDay|[upkeep]
|upkeep
|turn|11
|
|t:|1760812981
|switch|p1a: Snorlax|Snorlax, M|97/100
|move|p2a: Ninetales|Blizzard|p1a: Snorlax
|-damage|p1a: Snorlax|88/100
|
|-weather|SunnyDay|[upkeep]
|-heal|p1a: Snorlax|94/100|[from] item: Leftovers
|upkeep
|turn|12
|
|t:|1760813002
|switch|p2a: Zamazenta|Zamazenta|100/100
|-ability|p2a: Zamazenta|Dauntless Shield|boost
|-boost|p2a: Zamazenta|def|1
|move|p1a: Snorlax|Body Slam|p2a: Zamazenta
|-damage|p2a: Zamazenta|93/100
|
|-weather|SunnyDay|[upkeep]
|-heal|p2a: Zamazenta|99/100|[from] item: Leftovers
|-heal|p1a: Snorlax|99/100|[from] item: Leftovers
|-sideend|p2: Eggege|move: Aurora Veil
|upkeep
|turn|13
|
|t:|1760813011
|switch|p1a: Garchomp|Garchomp, F|100/100
|move|p2a: Zamazenta|Iron Defense|p2a: Zamazenta
|-boost|p2a: Zamazenta|def|2
|
|-weather|SunnyDay|[upkeep]
|-heal|p2a: Zamazenta|100/100|[from] item: Leftovers
|upkeep
|turn|14
|
|t:|1760813018
|move|p2a: Zamazenta|Iron Defense|p2a: Zamazenta
|-boost|p2a: Zamazenta|def|2
|move|p1a: Garchomp|Dragon Tail|p2a: Zamazenta|[miss]
|-miss|p1a: Garchomp|p2a: Zamazenta
|
|-weather|SunnyDay|[upkeep]
|upkeep
|turn|15
|
|t:|1760813023
|move|p2a: Zamazenta|Body Press|p1a: Garchomp
|-damage|p1a: Garchomp|30/100
|-damage|p2a: Zamazenta|88/100|[from] ability: Rough Skin|[of] p1a: Garchomp
|-damage|p2a: Zamazenta|72/100|[from] item: Rocky Helmet|[of] p1a: Garchomp
|move|p1a: Garchomp|Dragon Tail|p2a: Zamazenta
|-damage|p2a: Zamazenta|66/100
|drag|p2a: Ninetales|Ninetales-Alola, F|100/100
|-weather|Snowscape|[from] ability: Snow Warning|[of] p2a: Ninetales
|
|-weather|Snowscape|[upkeep]
|upkeep
|turn|16
|
|t:|1760813035
|switch|p1a: Snorlax|Snorlax, M|99/100
|move|p2a: Ninetales|Freeze-Dry|p1a: Snorlax
|-damage|p1a: Snorlax|93/100
|
|-weather|Snowscape|[upkeep]
|-heal|p1a: Snorlax|99/100|[from] item: Leftovers
|upkeep
|turn|17
|
|t:|1760813042
|move|p2a: Ninetales|Aurora Veil|p2a: Ninetales
|-sidestart|p2: Eggege|move: Aurora Veil
|move|p1a: Snorlax|Body Slam|p2a: Ninetales
|-damage|p2a: Ninetales|85/100
|-status|p2a: Ninetales|par
|
|-weather|Snowscape|[upkeep]
|-heal|p1a: Snorlax|100/100|[from] item: Leftovers
|upkeep
|turn|18
|
|t:|1760813057
|switch|p2a: Zamazenta|Zamazenta|66/100
|move|p1a: Snorlax|Curse|p1a: Snorlax
|-unboost|p1a: Snorlax|spe|1
|-boost|p1a: Snorlax|atk|1
|-boost|p1a: Snorlax|def|1
|
|-weather|Snowscape|[upkeep]
|-heal|p2a: Zamazenta|72/100|[from] item: Leftovers
|upkeep
|turn|19
|
|t:|1760813065
|switch|p1a: Garchomp|Garchomp, F|30/100
|move|p2a: Zamazenta|Iron Defense|p2a: Zamazenta
|-boost|p2a: Zamazenta|def|2
|
|-weather|Snowscape|[upkeep]
|-heal|p2a: Zamazenta|78/100|[from] item: Leftovers
|upkeep
|turn|20
|
|t:|1760813071
|move|p2a: Zamazenta|Body Press|p1a: Garchomp
|-damage|p1a: Garchomp|0 fnt
|-damage|p2a: Zamazenta|66/100|[from] ability: Rough Skin|[of] p1a: Garchomp
|-damage|p2a: Zamazenta|49/100|[from] item: Rocky Helmet|[of] p1a: Garchomp
|faint|p1a: Garchomp
|
|-weather|Snowscape|[upkeep]
|-heal|p2a: Zamazenta|56/100|[from] item: Leftovers
|upkeep
|
|t:|1760813080
|switch|p1a: Torkoal|Torkoal, F, shiny|24/100
|-weather|SunnyDay|[from] ability: Drought|[of] p1a: Torkoal
|turn|21
|
|t:|1760813084
|switch|p1a: Venusaur|Venusaur, F|100/100
|move|p2a: Zamazenta|Body Press|p1a: Venusaur
|-resisted|p1a: Venusaur
|-damage|p1a: Venusaur|60/100
|
|-weather|SunnyDay|[upkeep]
|-heal|p2a: Zamazenta|62/100|[from] item: Leftovers
|-sideend|p2: Eggege|move: Aurora Veil
|upkeep
|turn|22
|
|t:|1760813095
|move|p1a: Venusaur|Growth|p1a: Venusaur
|-boost|p1a: Venusaur|atk|2
|-boost|p1a: Venusaur|spa|2
|move|p2a: Zamazenta|Body Press|p1a: Venusaur
|-resisted|p1a: Venusaur
|-damage|p1a: Venusaur|22/100
|
|-weather|SunnyDay|[upkeep]
|-heal|p2a: Zamazenta|68/100|[from] item: Leftovers
|upkeep
|turn|23
|
|t:|1760813105
|switch|p2a: Moltres|Moltres|100/100
|move|p1a: Venusaur|Weather Ball|p2a: Moltres
|-resisted|p2a: Moltres
|-damage|p2a: Moltres|33/100
|-damage|p1a: Venusaur|12/100|[from] item: Life Orb
|
|-weather|SunnyDay|[upkeep]
|upkeep
|turn|24
|
|t:|1760813116
|move|p1a: Venusaur|Weather Ball|p2a: Moltres
|-resisted|p2a: Moltres
|-damage|p2a: Moltres|0 fnt
|faint|p2a: Moltres
|-damage|p1a: Venusaur|2/100|[from] item: Life Orb
|
|-weather|SunnyDay|[upkeep]
|upkeep
|
|t:|1760813121
|switch|p2a: Cetitan|Cetitan, F|100/100
|turn|25
|
|t:|1760813124
|move|p2a: Cetitan|Ice Shard|p1a: Venusaur
|-supereffective|p1a: Venusaur
|-damage|p1a: Venusaur|0 fnt
|faint|p1a: Venusaur
|
|-weather|SunnyDay|[upkeep]
|upkeep
|
|t:|1760813129
|switch|p1a: Great Tusk|Great Tusk|100/100
|-activate|p1a: Great Tusk|ability: Protosynthesis
|-start|p1a: Great Tusk|protosynthesisatk
|turn|26
|
|t:|1760813135
|switch|p2a: Ninetales|Ninetales-Alola, F|85/100 par
|-weather|Snowscape|[from] ability: Snow Warning|[of] p2a: Ninetales
|-end|p1a: Great Tusk|Protosynthesis
|move|p1a: Great Tusk|Close Combat|p2a: Ninetales
|-damage|p2a: Ninetales|12/100 par
|-unboost|p1a: Great Tusk|def|1
|-unboost|p1a: Great Tusk|spd|1
|
|-weather|Snowscape|[upkeep]
|upkeep
|turn|27
|
|t:|1760813144
|switch|p2a: Zamazenta|Zamazenta|68/100
|move|p1a: Great Tusk|Close Combat|p2a: Zamazenta
|-damage|p2a: Zamazenta|13/100
|-unboost|p1a: Great Tusk|def|1
|-unboost|p1a: Great Tusk|spd|1
|
|-weather|Snowscape|[upkeep]
|-heal|p2a: Zamazenta|19/100|[from] item: Leftovers
|upkeep
|turn|28
|
|t:|1760813152
|move|p1a: Great Tusk|Close Combat|p2a: Zamazenta
|-damage|p2a: Zamazenta|0 fnt
|-unboost|p1a: Great Tusk|def|1
|-unboost|p1a: Great Tusk|spd|1
|faint|p2a: Zamazenta
|
|-weather|Snowscape|[upkeep]
|upkeep
|
|t:|1760813168
|switch|p2a: OneInAMilion|Sandslash-Alola, F|100/100
|turn|29
|
|t:|1760813173
|move|p2a: OneInAMilion|Triple Axel|p1a: Great Tusk|[miss]
|-miss|p2a: OneInAMilion|p1a: Great Tusk
|move|p1a: Great Tusk|Close Combat|p2a: OneInAMilion
|-supereffective|p2a: OneInAMilion
|-crit|p2a: OneInAMilion
|-damage|p2a: OneInAMilion|0 fnt
|-unboost|p1a: Great Tusk|def|1
|-unboost|p1a: Great Tusk|spd|1
|faint|p2a: OneInAMilion
|
|-weather|Snowscape|[upkeep]
|upkeep
|
|t:|1760813178
|switch|p2a: Cetitan|Cetitan, F|100/100
|turn|30
|
|t:|1760813185
|move|p2a: Cetitan|Liquidation|p1a: Great Tusk
|-supereffective|p1a: Great Tusk
|-damage|p1a: Great Tusk|0 fnt
|faint|p1a: Great Tusk
|-end|p1a: Great Tusk|Protosynthesis|[silent]
|
|-weather|Snowscape|[upkeep]
|upkeep
|
|t:|1760813195
|switch|p1a: Snorlax|Snorlax, M|100/100
|turn|31
|
|t:|1760813199
|move|p2a: Cetitan|Belly Drum|p2a: Cetitan
|-damage|p2a: Cetitan|50/100
|-setboost|p2a: Cetitan|atk|6|[from] move: Belly Drum
|-enditem|p2a: Cetitan|Sitrus Berry|[eat]
|-heal|p2a: Cetitan|75/100|[from] item: Sitrus Berry
|move|p1a: Snorlax|Curse|p1a: Snorlax
|-unboost|p1a: Snorlax|spe|1
|-boost|p1a: Snorlax|atk|1
|-boost|p1a: Snorlax|def|1
|
|-weather|Snowscape|[upkeep]
|upkeep
|turn|32
|
|t:|1760813216
|-terastallize|p2a: Cetitan|Water
|move|p2a: Cetitan|Liquidation|p1a: Snorlax
|-damage|p1a: Snorlax|0 fnt
|faint|p1a: Snorlax
|
|-weather|Snowscape|[upkeep]
|upkeep
|c|☆AmanRises|gg
|-message|AmanRises forfeited.
|
|win|Eggege
|raw|AmanRises's rating: 1419 &rarr; <strong>1401</strong><br />(-18 for losing)
|raw|Eggege's rating: 1459 &rarr; <strong>1477</strong><br />(+18 for winning)
|l|☆AmanRises
|player|p1|
|c|☆Eggege|Gg
|l|☆Eggege
|player|p2|
