|j|☆pcklee
|j|☆LonelySxNner
|t:|1760810562
|gametype|singles
|player|p1|pcklee|169|1516
|player|p2|LonelySxNner|picnicker|1551
|gen|9
|tier|[Gen 9] OU
|rated|
|rule|HP Percentage Mod: HP is shown in percentages
|rule|Endless Battle Clause: Forcing endless battles is banned
|rule|Species Clause: Limit one of each Pokémon
|rule|OHKO Clause: OHKO moves are banned
|rule|Evasion Items Clause: Evasion items are banned
|rule|Evasion Moves Clause: Evasion moves are banned
|rule|Evasion Abilities Clause: Evasion abilities are banned
|rule|Sleep Moves Clause: Sleep-inducing moves are banned
|clearpoke
|poke|p1|Darkrai|
|poke|p1|Rillaboom, M|
|poke|p1|Zamazenta-*|
|poke|p1|Gholdengo|
|poke|p1|Great Tusk|
|poke|p1|Raging Bolt|
|poke|p2|Meloetta|
|poke|p2|Volcanion|
|poke|p2|Ceruledge, F|
|poke|p2|Grimmsnarl, M|
|poke|p2|Zoroark-Hisui, F|
|poke|p2|Slither Wing|
|teampreview
|inactive|Battle timer is ON: inactive players will automatically lose when time's up. (requested by LonelySxNner)
|j| Kyurem
|
|t:|1760810579
|teamsize|p1|6
|teamsize|p2|6
|start
|switch|p1a: Darkrai|Darkrai|100/100
|switch|p2a: Grimmsnarl|Grimmsnarl, M|100/100
|turn|1
|
|t:|1760810598
|move|p2a: Grimmsnarl|Light Screen|p2a: Grimmsnarl
|-sidestart|p2: LonelySxNner|move: Light Screen
|move|p1a: Darkrai|Sludge Bomb|p2a: Grimmsnarl
|-supereffective|p2a: Grimmsnarl
|-damage|p2a: Grimmsnarl|59/100
|
|upkeep
|turn|2
|
|t:|1760810603
|move|p2a: Grimmsnarl|Reflect|p2a: Grimmsnarl
|-sidestart|p2: LonelySxNner|Reflect
|move|p1a: Darkrai|Sludge Bomb|p2a: Grimmsnarl
|-supereffective|p2a: Grimmsnarl
|-damage|p2a: Grimmsnarl|15/100
|
|upkeep
|turn|3
|
|t:|1760810613
|switch|p2a: Volcanion|Volcanion|100/100
|move|p1a: Darkrai|Sludge Bomb|p2a: Volcanion
|-damage|p2a: Volcanion|77/100
|-status|p2a: Volcanion|psn
|
|-heal|p2a: Volcanion|83/100 psn|[from] item: Leftovers
|-damage|p2a: Volcanion|71/100 psn|[from] psn
|upkeep
|turn|4
|inactive|pcklee has 120 seconds left.
|
|t:|1760810662
|switch|p1a: Raging Bolt|Raging Bolt|100/100
|-enditem|p1a: Raging Bolt|Booster Energy
|-activate|p1a: Raging Bolt|ability: Protosynthesis|[fromitem]
|-start|p1a: Raging Bolt|protosynthesisspa
|move|p2a: Volcanion|Steam Eruption|p1a: Raging Bolt
|-resisted|p1a: Raging Bolt
|-damage|p1a: Raging Bolt|72/100
|-status|p1a: Raging Bolt|brn
|
|-heal|p2a: Volcanion|77/100 psn|[from] item: Leftovers
|-damage|p2a: Volcanion|64/100 psn|[from] psn
|-damage|p1a: Raging Bolt|66/100 brn|[from] brn
|upkeep
|turn|5
|
|t:|1760810679
|switch|p2a: Slither Wing|Slither Wing|100/100
|move|p1a: Raging Bolt|Thunderbolt|p2a: Slither Wing
|-damage|p2a: Slither Wing|35/100
|replace|p2a: Zoroark|Zoroark-Hisui, F
|-end|p2a: Zoroark|Illusion
|
|-damage|p1a: Raging Bolt|60/100 brn|[from] brn
|upkeep
|turn|6
|
|t:|1760810691
|-terastallize|p2a: Zoroark|Ground
|move|p1a: Raging Bolt|Thunderclap|p2a: Zoroark
|-immune|p2a: Zoroark
|move|p2a: Zoroark|Tera Blast|p1a: Raging Bolt|[anim] Tera Blast Ground
|-supereffective|p1a: Raging Bolt
|-damage|p1a: Raging Bolt|0 fnt
|faint|p1a: Raging Bolt
|-end|p1a: Raging Bolt|Protosynthesis|[silent]
|
|upkeep
|inactive|pcklee has 90 seconds left.
|
|t:|1760810719
|switch|p1a: Darkrai|Darkrai|100/100
|turn|7
|
|t:|1760810735
|move|p2a: Zoroark|Tera Blast|p1a: Darkrai|[anim] Tera Blast Ground
|-damage|p1a: Darkrai|36/100
|move|p1a: Darkrai|Dark Pulse|p2a: Zoroark
|-damage|p2a: Zoroark|0 fnt
|faint|p2a: Zoroark
|
|upkeep
|
|t:|1760810741
|switch|p2a: Slither Wing|Slither Wing|100/100
|-enditem|p2a: Slither Wing|Booster Energy
|-activate|p2a: Slither Wing|ability: Protosynthesis|[fromitem]
|-start|p2a: Slither Wing|protosynthesisatk
|turn|8
|
|t:|1760810747
|switch|p1a: Gholdengo|Gholdengo|100/100
|move|p2a: Slither Wing|Flame Charge|p1a: Gholdengo
|-supereffective|p1a: Gholdengo
|-damage|p1a: Gholdengo|55/100
|-boost|p2a: Slither Wing|spe|1
|
|-sideend|p2: LonelySxNner|move: Light Screen
|upkeep
|turn|9
|inactive|pcklee has 90 seconds left.
|
|t:|1760810769
|move|p2a: Slither Wing|Bulk Up|p2a: Slither Wing
|-boost|p2a: Slither Wing|atk|1
|-boost|p2a: Slither Wing|def|1
|move|p1a: Gholdengo|Make It Rain|p2a: Slither Wing
|-damage|p2a: Slither Wing|28/100
|-unboost|p1a: Gholdengo|spa|1
|
|-sideend|p2: LonelySxNner|Reflect
|upkeep
|turn|10
|inactive|pcklee has 90 seconds left.
|
|t:|1760810783
|move|p2a: Slither Wing|Flame Charge|p1a: Gholdengo
|-supereffective|p1a: Gholdengo
|-damage|p1a: Gholdengo|0 fnt
|-boost|p2a: Slither Wing|spe|1
|faint|p1a: Gholdengo
|
|upkeep
|
|t:|1760810810
|switch|p1a: Zamazenta|Zamazenta|100/100
|-ability|p1a: Zamazenta|Dauntless Shield|boost
|-boost|p1a: Zamazenta|def|1
|turn|11
|
|t:|1760810820
|move|p2a: Slither Wing|Acrobatics|p1a: Zamazenta
|-supereffective|p1a: Zamazenta
|-damage|p1a: Zamazenta|24/100
|move|p1a: Zamazenta|Iron Defense|p1a: Zamazenta
|-boost|p1a: Zamazenta|def|2
|
|-heal|p1a: Zamazenta|30/100|[from] item: Leftovers
|upkeep
|turn|12
|
|t:|1760810840
|move|p2a: Slither Wing|Acrobatics|p1a: Zamazenta
|-supereffective|p1a: Zamazenta
|-damage|p1a: Zamazenta|0 fnt
|faint|p1a: Zamazenta
|
|upkeep
|
|t:|1760810845
|switch|p1a: Rillaboom|Rillaboom, M|100/100
|-fieldstart|move: Grassy Terrain|[from] ability: Grassy Surge|[of] p1a: Rillaboom
|turn|13
|
|t:|1760810874
|-terastallize|p1a: Rillaboom|Grass
|move|p1a: Rillaboom|Grassy Glide|p2a: Slither Wing
|-resisted|p2a: Slither Wing
|-damage|p2a: Slither Wing|0 fnt
|faint|p2a: Slither Wing
|-end|p2a: Slither Wing|Protosynthesis|[silent]
|
|upkeep
|
|t:|1760810882
|switch|p2a: Ceruledge|Ceruledge, F|100/100
|turn|14
|inactive|pcklee has 90 seconds left.
|
|t:|1760810898
|switch|p1a: Great Tusk|Great Tusk|100/100
|move|p2a: Ceruledge|Bitter Blade|p1a: Great Tusk
|-damage|p1a: Great Tusk|68/100
|
|-heal|p1a: Great Tusk|74/100|[from] Grassy Terrain
|upkeep
|turn|15
|
|t:|1760810915
|switch|p2a: Volcanion|Volcanion|64/100 psn
|move|p1a: Great Tusk|Headlong Rush|p2a: Volcanion
|-supereffective|p2a: Volcanion
|-damage|p2a: Volcanion|0 fnt
|-unboost|p1a: Great Tusk|def|1
|-unboost|p1a: Great Tusk|spd|1
|faint|p2a: Volcanion
|
|-heal|p1a: Great Tusk|80/100|[from] Grassy Terrain
|upkeep
|
|t:|1760810919
|switch|p2a: Grimmsnarl|Grimmsnarl, M|15/100
|turn|16
|
|t:|1760810941
|-end|p1a: Great Tusk|Protosynthesis|[silent]
|switch|p1a: Darkrai|Darkrai|36/100
|move|p2a: Grimmsnarl|Reflect|p2a: Grimmsnarl
|-sidestart|p2: LonelySxNner|Reflect
|
|-heal|p1a: Darkrai|42/100|[from] Grassy Terrain
|-heal|p2a: Grimmsnarl|22/100|[from] Grassy Terrain
|upkeep
|turn|17
|
|t:|1760810964
|move|p2a: Grimmsnarl|Light Screen|p2a: Grimmsnarl
|-sidestart|p2: LonelySxNner|move: Light Screen
|move|p1a: Darkrai|Sludge Bomb|p2a: Grimmsnarl
|-supereffective|p2a: Grimmsnarl
|-damage|p2a: Grimmsnarl|0 fnt
|faint|p2a: Grimmsnarl
|
|-heal|p1a: Darkrai|48/100|[from] Grassy Terrain
|-fieldend|move: Grassy Terrain
|upkeep
|inactive|LonelySxNner has 120 seconds left.
|
|t:|1760810981
|switch|p2a: Best girl|Meloetta, shiny|100/100
|turn|18
|
|t:|1760810992
|move|p1a: Darkrai|Sludge Bomb|p2a: Best girl
|-damage|p2a: Best girl|80/100
|move|p2a: Best girl|Relic Song|p1a: Darkrai
|-damage|p1a: Darkrai|0 fnt
|faint|p1a: Darkrai
|-formechange|p2a: Best girl|Meloetta-Pirouette|[msg]
|-enditem|p2a: Best girl|Throat Spray
|-boost|p2a: Best girl|spa|1|[from] item: Throat Spray
|
|upkeep
|inactive|pcklee has 60 seconds left.
|
|t:|1760811012
|switch|p1a: Rillaboom|Rillaboom, M, tera:Grass|100/100
|-fieldstart|move: Grassy Terrain|[from] ability: Grassy Surge|[of] p1a: Rillaboom
|turn|19
|
|t:|1760811019
|move|p2a: Best girl|Hyper Voice|p1a: Rillaboom
|-damage|p1a: Rillaboom|35/100
|move|p1a: Rillaboom|Wood Hammer|p2a: Best girl
|-damage|p2a: Best girl|0 fnt
|faint|p2a: Best girl
|-damage|p1a: Rillaboom|11/100|[from] Recoil
|
|-heal|p1a: Rillaboom|17/100|[from] Grassy Terrain
|upkeep
|
|t:|1760811023
|switch|p2a: Ceruledge|Ceruledge, F|100/100
|turn|20
|
|t:|1760811038
|move|p2a: Ceruledge|Iron Defense|p2a: Ceruledge
|-boost|p2a: Ceruledge|def|2
|move|p1a: Rillaboom|Wood Hammer|p2a: Ceruledge
|-resisted|p2a: Ceruledge
|-damage|p2a: Ceruledge|70/100
|-ability|p2a: Ceruledge|Weak Armor|boost
|-unboost|p2a: Ceruledge|def|1
|-boost|p2a: Ceruledge|spe|2
|-damage|p1a: Rillaboom|9/100|[from] Recoil
|
|-heal|p2a: Ceruledge|76/100|[from] Grassy Terrain
|-heal|p1a: Rillaboom|15/100|[from] Grassy Terrain
|upkeep
|turn|21
|
|t:|1760811049
|move|p2a: Ceruledge|Iron Defense|p2a: Ceruledge
|-boost|p2a: Ceruledge|def|2
|move|p1a: Rillaboom|Wood Hammer|p2a: Ceruledge
|-resisted|p2a: Ceruledge
|-damage|p2a: Ceruledge|50/100
|-ability|p2a: Ceruledge|Weak Armor|boost
|-unboost|p2a: Ceruledge|def|1
|-boost|p2a: Ceruledge|spe|2
|-damage|p1a: Rillaboom|8/100|[from] Recoil
|
|-heal|p2a: Ceruledge|57/100|[from] Grassy Terrain
|-heal|p1a: Rillaboom|14/100|[from] Grassy Terrain
|upkeep
|turn|22
|
|t:|1760811061
|move|p2a: Ceruledge|Bitter Blade|p1a: Rillaboom
|-supereffective|p1a: Rillaboom
|-damage|p1a: Rillaboom|0 fnt
|-heal|p2a: Ceruledge|65/100|[from] drain|[of] p1a: Rillaboom
|faint|p1a: Rillaboom
|
|-heal|p2a: Ceruledge|71/100|[from] Grassy Terrain
|upkeep
|
|t:|1760811068
|switch|p1a: Great Tusk|Great Tusk|80/100
|turn|23
|inactive|pcklee has 60 seconds left.
|
|t:|1760811102
|move|p2a: Ceruledge|Iron Defense|p2a: Ceruledge
|-boost|p2a: Ceruledge|def|2
|move|p1a: Great Tusk|Headlong Rush|p2a: Ceruledge
|-supereffective|p2a: Ceruledge
|-damage|p2a: Ceruledge|47/100
|-unboost|p1a: Great Tusk|def|1
|-unboost|p1a: Great Tusk|spd|1
|-ability|p2a: Ceruledge|Weak Armor|boost
|-unboost|p2a: Ceruledge|def|1
|-boost|p2a: Ceruledge|spe|2
|-enditem|p2a: Ceruledge|Weakness Policy
|-boost|p2a: Ceruledge|atk|2|[from] item: Weakness Policy
|-boost|p2a: Ceruledge|spa|2|[from] item: Weakness Policy
|
|-heal|p2a: Ceruledge|53/100|[from] Grassy Terrain
|-heal|p1a: Great Tusk|87/100|[from] Grassy Terrain
|-sideend|p2: LonelySxNner|Reflect
|-fieldend|move: Grassy Terrain
|upkeep
|turn|24
|l| Kyurem
|c|☆pcklee|gg
|c|☆pcklee|well plauyed
|c|☆pcklee|funny ahh set
|
|t:|1760811128
|move|p2a: Ceruledge|Bitter Blade|p1a: Great Tusk
|-damage|p1a: Great Tusk|0 fnt
|-heal|p2a: Ceruledge|100/100|[from] drain|[of] p1a: Great Tusk
|faint|p1a: Great Tusk
|-end|p1a: Great Tusk|Protosynthesis|[silent]
|
|win|LonelySxNner
|raw|pcklee's rating: 1516 &rarr; <strong>1498</strong><br />(-18 for losing)
|raw|LonelySxNner's rating: 1551 &rarr; <strong>1569</strong><br />(+18 for winning)
|l|☆pcklee
|player|p1|
|l|☆LonelySxNner
|player|p2|
|j|☆LonelySxNner
|player|p2|LonelySxNner|picnicker|
|l|☆LonelySxNner
|player|p2|
