|j|☆Passerby bye
|j|☆V4-l4ck1n
|t:|1760784772
|gametype|singles
|player|p1|Passerby bye|scientist-gen4|1309
|player|p2|V4-l4ck1n|101|1264
|gen|9
|tier|[Gen 9] OU
|rated|
|rule|HP Percentage Mod: HP is shown in percentages
|rule|Endless Battle Clause: Forcing endless battles is banned
|rule|Species Clause: Limit one of each Pokémon
|rule|OHKO Clause: OHKO moves are banned
|rule|Evasion Items Clause: Evasion items are banned
|rule|Evasion Moves Clause: Evasion moves are banned
|rule|Evasion Abilities Clause: Evasion abilities are banned
|rule|Sleep Moves Clause: Sleep-inducing moves are banned
|clearpoke
|poke|p1|Wigglytuff, M|
|poke|p1|Gliscor, F|
|poke|p1|Houndoom, M|
|poke|p1|Magnezone|
|poke|p1|Slowbro, M|
|poke|p1|Vileplume, M|
|poke|p2|Garchomp, F|
|poke|p2|Ribombee, F|
|poke|p2|Great Tusk|
|poke|p2|Heatran, F|
|poke|p2|Cacturne, F|
|poke|p2|Gengar, F|
|teampreview
|inactive|Battle timer is ON: inactive players will automatically lose when time's up. (requested by V4-l4ck1n)
|
|t:|1760784778
|teamsize|p1|6
|teamsize|p2|6
|start
|switch|p1a: Magnezone|Magnezone|100/100
|switch|p2a: Ribombee|Ribombee, F|100/100
|turn|1
|
|t:|1760784791
|move|p2a: Ribombee|Sticky Web|p1a: Magnezone
|-sidestart|p1: Passerby bye|move: Sticky Web
|move|p1a: Magnezone|Flash Cannon|p2a: Ribombee
|-supereffective|p2a: Ribombee
|-enditem|p2a: Ribombee|Focus Sash
|-damage|p2a: Ribombee|1/100
|
|upkeep
|turn|2
|
|t:|1760784798
|switch|p2a: Heatran|Heatran, F|100/100
|move|p1a: Magnezone|Flash Cannon|p2a: Heatran
|-resisted|p2a: Heatran
|-damage|p2a: Heatran|87/100
|
|-heal|p2a: Heatran|93/100|[from] item: Leftovers
|upkeep
|turn|3
|
|t:|1760784810
|switch|p1a: Slowbro|Slowbro, M|100/100
|move|p2a: Heatran|Magma Storm|p1a: Slowbro
|-resisted|p1a: Slowbro
|-damage|p1a: Slowbro|77/100
|-activate|p1a: Slowbro|move: Magma Storm|[of] p2a: Heatran
|
|-heal|p2a: Heatran|99/100|[from] item: Leftovers
|-damage|p1a: Slowbro|64/100|[from] move: Magma Storm|[partiallytrapped]
|upkeep
|turn|4
|
|t:|1760784818
|move|p2a: Heatran|Will-O-Wisp|p1a: Slowbro
|-status|p1a: Slowbro|brn
|move|p1a: Slowbro|Scald|p2a: Heatran
|-supereffective|p2a: Heatran
|-damage|p2a: Heatran|68/100
|
|-heal|p2a: Heatran|74/100|[from] item: Leftovers
|-damage|p1a: Slowbro|58/100 brn|[from] brn
|-damage|p1a: Slowbro|46/100 brn|[from] move: Magma Storm|[partiallytrapped]
|upkeep
|turn|5
|
|t:|1760784825
|move|p2a: Heatran|Protect|p2a: Heatran
|-singleturn|p2a: Heatran|Protect
|move|p1a: Slowbro|Slack Off|p1a: Slowbro
|-heal|p1a: Slowbro|96/100 brn
|
|-heal|p2a: Heatran|80/100|[from] item: Leftovers
|-damage|p1a: Slowbro|90/100 brn|[from] brn
|-damage|p1a: Slowbro|77/100 brn|[from] move: Magma Storm|[partiallytrapped]
|upkeep
|turn|6
|
|t:|1760784830
|switch|p2a: Cacturne|Cacturne, F, shiny|100/100
|move|p1a: Slowbro|Nasty Plot|p1a: Slowbro
|-boost|p1a: Slowbro|spa|2
|
|-damage|p1a: Slowbro|71/100 brn|[from] brn
|-end|p1a: Slowbro|Magma Storm|[partiallytrapped]|[silent]
|upkeep
|turn|7
|
|t:|1760784837
|switch|p1a: Vileplume|Vileplume, M|100/100
|-activate|p1a: Vileplume|move: Sticky Web
|-unboost|p1a: Vileplume|spe|1
|move|p2a: Cacturne|Knock Off|p1a: Vileplume
|-damage|p1a: Vileplume|54/100
|-damage|p2a: Cacturne|84/100|[from] item: Rocky Helmet|[of] p1a: Vileplume
|-enditem|p1a: Vileplume|Rocky Helmet|[from] move: Knock Off|[of] p2a: Cacturne
|
|upkeep
|turn|8
|
|t:|1760784846
|move|p2a: Cacturne|Spikes|p1a: Vileplume
|-sidestart|p1: Passerby bye|Spikes
|move|p1a: Vileplume|Strength Sap|p2a: Cacturne
|-unboost|p2a: Cacturne|atk|1
|-heal|p1a: Vileplume|100/100
|
|upkeep
|turn|9
|
|t:|1760784856
|move|p2a: Cacturne|Spikes|p1a: Vileplume
|-sidestart|p1: Passerby bye|Spikes
|move|p1a: Vileplume|Leech Seed|p2a: Cacturne
|-immune|p2a: Cacturne
|
|upkeep
|turn|10
|
|t:|1760784862
|switch|p2a: Heatran|Heatran, F|80/100
|move|p1a: Vileplume|Sludge Wave|p2a: Heatran
|-immune|p2a: Heatran
|
|-heal|p2a: Heatran|86/100|[from] item: Leftovers
|upkeep
|turn|11
|
|t:|1760784869
|switch|p1a: Slowbro|Slowbro, M|100/100 brn
|move|p2a: Heatran|Magma Storm|p1a: Slowbro
|-resisted|p1a: Slowbro
|-damage|p1a: Slowbro|78/100 brn
|-activate|p1a: Slowbro|move: Magma Storm|[of] p2a: Heatran
|
|-heal|p2a: Heatran|92/100|[from] item: Leftovers
|-damage|p1a: Slowbro|72/100 brn|[from] brn
|-damage|p1a: Slowbro|59/100 brn|[from] move: Magma Storm|[partiallytrapped]
|upkeep
|turn|12
|
|t:|1760784879
|switch|p2a: Cacturne|Cacturne, F, shiny|84/100
|move|p1a: Slowbro|Nasty Plot|p1a: Slowbro
|-boost|p1a: Slowbro|spa|2
|
|-damage|p1a: Slowbro|53/100 brn|[from] brn
|-end|p1a: Slowbro|Magma Storm|[partiallytrapped]|[silent]
|upkeep
|turn|13
|
|t:|1760784884
|switch|p1a: Vileplume|Vileplume, M|100/100
|-activate|p1a: Vileplume|move: Sticky Web
|-unboost|p1a: Vileplume|spe|1
|-damage|p1a: Vileplume|84/100|[from] Spikes
|move|p2a: Cacturne|Knock Off|p1a: Vileplume
|-damage|p1a: Vileplume|54/100
|
|upkeep
|turn|14
|
|t:|1760784892
|switch|p2a: Gengar|Gengar, F|100/100
|move|p1a: Vileplume|Leech Seed|p2a: Gengar
|-start|p2a: Gengar|move: Leech Seed
|
|-damage|p2a: Gengar|88/100|[from] Leech Seed|[of] p1a: Vileplume
|-heal|p1a: Vileplume|63/100|[silent]
|upkeep
|turn|15
|
|t:|1760784902
|switch|p1a: Houndoom|Houndoom, M|100/100
|move|p2a: Gengar|Icy Wind|p1a: Houndoom
|-resisted|p1a: Houndoom
|-damage|p1a: Houndoom|82/100
|-unboost|p1a: Houndoom|spe|1
|-damage|p2a: Gengar|78/100|[from] item: Life Orb
|
|-damage|p2a: Gengar|66/100|[from] Leech Seed|[of] p1a: Houndoom
|-heal|p1a: Houndoom|93/100|[silent]
|upkeep
|turn|16
|
|t:|1760784909
|move|p2a: Gengar|Focus Blast|p1a: Houndoom
|-supereffective|p1a: Houndoom
|-damage|p1a: Houndoom|0 fnt
|faint|p1a: Houndoom
|-damage|p2a: Gengar|56/100|[from] item: Life Orb
|
|upkeep
|
|t:|1760784924
|switch|p1a: Gliscor|Gliscor, F|100/100
|turn|17
|
|t:|1760784934
|switch|p2a: Great Tusk|Great Tusk|100/100
|move|p1a: Gliscor|Protect||[still]
|-fail|p1a: Gliscor
|
|-status|p1a: Gliscor|tox|[from] item: Toxic Orb
|upkeep
|turn|18
|
|t:|1760784939
|switch|p1a: Slowbro|Slowbro, M|87/100 brn
|move|p2a: Great Tusk|Ice Spinner|p1a: Slowbro
|-resisted|p1a: Slowbro
|-damage|p1a: Slowbro|79/100 brn
|
|-damage|p1a: Slowbro|73/100 brn|[from] brn
|upkeep
|turn|19
|
|t:|1760784951
|-end|p2a: Great Tusk|Protosynthesis|[silent]
|switch|p2a: Cacturne|Cacturne, F, shiny|84/100
|switch|p1a: Vileplume|Vileplume, M|63/100
|-activate|p1a: Vileplume|move: Sticky Web
|-unboost|p1a: Vileplume|spe|1
|-damage|p1a: Vileplume|46/100|[from] Spikes
|
|upkeep
|turn|20
|
|t:|1760784958
|move|p2a: Cacturne|Spikes|p1a: Vileplume
|-sidestart|p1: Passerby bye|Spikes
|move|p1a: Vileplume|Strength Sap|p2a: Cacturne
|-unboost|p2a: Cacturne|atk|1
|-heal|p1a: Vileplume|100/100
|
|upkeep
|turn|21
|
|t:|1760784963
|switch|p2a: Heatran|Heatran, F|92/100
|move|p1a: Vileplume|Leech Seed|p2a: Heatran
|-start|p2a: Heatran|move: Leech Seed
|
|-heal|p2a: Heatran|99/100|[from] item: Leftovers
|-damage|p2a: Heatran|86/100|[from] Leech Seed|[of] p1a: Vileplume
|upkeep
|turn|22
|
|t:|1760784974
|switch|p2a: Garchomp|Garchomp, F|100/100
|switch|p1a: Gliscor|Gliscor, F|100/100 tox
|
|upkeep
|turn|23
|
|t:|1760784983
|switch|p2a: Gengar|Gengar, F|56/100
|move|p1a: Gliscor|Swords Dance|p1a: Gliscor
|-boost|p1a: Gliscor|atk|2
|
|upkeep
|turn|24
|inactive|Passerby bye has 120 seconds left.
|
|t:|1760785032
|move|p2a: Gengar|Icy Wind|p1a: Gliscor
|-supereffective|p1a: Gliscor
|-damage|p1a: Gliscor|19/100 tox
|-unboost|p1a: Gliscor|spe|1
|-damage|p2a: Gengar|46/100|[from] item: Life Orb
|move|p1a: Gliscor|Earthquake|p2a: Gengar
|-supereffective|p2a: Gengar
|-damage|p2a: Gengar|0 fnt
|-start|p1a: Gliscor|Disable|Earthquake|[from] ability: Cursed Body|[of] p2a: Gengar
|faint|p2a: Gengar
|
|-heal|p1a: Gliscor|32/100 tox|[from] ability: Poison Heal
|upkeep
|
|t:|1760785041
|switch|p2a: Garchomp|Garchomp, F|100/100
|turn|25
|
|t:|1760785044
|move|p1a: Gliscor|Protect|p1a: Gliscor
|-singleturn|p1a: Gliscor|Protect
|move|p2a: Garchomp|Scale Shot|p1a: Gliscor
|-activate|p1a: Gliscor|move: Protect
|
|-heal|p1a: Gliscor|44/100 tox|[from] ability: Poison Heal
|upkeep
|turn|26
|inactive|Passerby bye has 120 seconds left.
|
|t:|1760785062
|switch|p1a: Wigglytuff|Wigglytuff, M|100/100
|-activate|p1a: Wigglytuff|move: Sticky Web
|-unboost|p1a: Wigglytuff|spe|1
|-ability|p1a: Wigglytuff|Competitive|boost
|-boost|p1a: Wigglytuff|spa|2
|-damage|p1a: Wigglytuff|75/100|[from] Spikes
|move|p2a: Garchomp|Swords Dance|p2a: Garchomp
|-boost|p2a: Garchomp|atk|2
|
|upkeep
|turn|27
|inactive|Passerby bye has 120 seconds left.
|
|t:|1760785073
|-terastallize|p2a: Garchomp|Fire
|move|p2a: Garchomp|Earthquake|p1a: Wigglytuff
|-damage|p1a: Wigglytuff|0 fnt
|faint|p1a: Wigglytuff
|
|upkeep
|inactive|Passerby bye has 90 seconds left.
|
|t:|1760785110
|switch|p1a: Slowbro|Slowbro, M|100/100 brn
|turn|28
|inactive|Passerby bye has 90 seconds left.
|
|t:|1760785122
|move|p2a: Garchomp|Earthquake|p1a: Slowbro
|-damage|p1a: Slowbro|37/100 brn
|move|p1a: Slowbro|Scald|p2a: Garchomp
|-supereffective|p2a: Garchomp
|-damage|p2a: Garchomp|45/100
|
|-damage|p1a: Slowbro|31/100 brn|[from] brn
|upkeep
|turn|29
|inactive|Passerby bye has 90 seconds left.
|
|t:|1760785127
|switch|p1a: Gliscor|Gliscor, F|44/100 tox
|move|p2a: Garchomp|Scale Shot|p1a: Gliscor
|-damage|p1a: Gliscor|22/100 tox
|-damage|p1a: Gliscor|0 fnt
|faint|p1a: Gliscor
|-hitcount|p1: Gliscor|2
|-unboost|p2a: Garchomp|def|1
|-boost|p2a: Garchomp|spe|1
|
|upkeep
|inactive|Passerby bye has 90 seconds left.
|
|t:|1760785137
|switch|p1a: Slowbro|Slowbro, M|64/100 brn
|turn|30
|
|t:|1760785142
|switch|p2a: Cacturne|Cacturne, F, shiny|84/100
|move|p1a: Slowbro|Slack Off|p1a: Slowbro
|-heal|p1a: Slowbro|100/100 brn
|
|-damage|p1a: Slowbro|94/100 brn|[from] brn
|upkeep
|turn|31
|
|t:|1760785153
|switch|p2a: Ribombee|Ribombee, F|1/100
|switch|p1a: Vileplume|Vileplume, M|100/100
|-activate|p1a: Vileplume|move: Sticky Web
|-unboost|p1a: Vileplume|spe|1
|-damage|p1a: Vileplume|76/100|[from] Spikes
|
|upkeep
|turn|32
|
|t:|1760785161
|move|p2a: Ribombee|Psychic Noise|p1a: Vileplume
|-supereffective|p1a: Vileplume
|-damage|p1a: Vileplume|33/100
|-start|p1a: Vileplume|move: Heal Block
|move|p1a: Vileplume|Sludge Wave|p2a: Ribombee
|-supereffective|p2a: Ribombee
|-damage|p2a: Ribombee|0 fnt
|faint|p2a: Ribombee
|
|upkeep
|
|t:|1760785173
|switch|p2a: Cacturne|Cacturne, F, shiny|84/100
|turn|33
|
|t:|1760785178
|move|p2a: Cacturne|Sucker Punch|p1a: Vileplume
|-damage|p1a: Vileplume|1/100
|move|p1a: Vileplume|Sludge Wave|p2a: Cacturne
|-supereffective|p2a: Cacturne
|-damage|p2a: Cacturne|0 fnt
|faint|p2a: Cacturne
|
|-end|p1a: Vileplume|move: Heal Block
|upkeep
|
|t:|1760785185
|switch|p2a: Great Tusk|Great Tusk|100/100
|turn|34
|
|t:|1760785189
|move|p2a: Great Tusk|Rapid Spin|p1a: Vileplume
|-damage|p1a: Vileplume|0 fnt
|-boost|p2a: Great Tusk|spe|1
|faint|p1a: Vileplume
|
|upkeep
|
|t:|1760785196
|switch|p1a: Slowbro|Slowbro, M|100/100 brn
|turn|35
|
|t:|1760785200
|move|p2a: Great Tusk|Earthquake|p1a: Slowbro
|-damage|p1a: Slowbro|68/100 brn
|move|p1a: Slowbro|Scald|p2a: Great Tusk
|-supereffective|p2a: Great Tusk
|-crit|p2a: Great Tusk
|-damage|p2a: Great Tusk|0 fnt
|faint|p2a: Great Tusk
|-end|p2a: Great Tusk|Protosynthesis|[silent]
|
|-damage|p1a: Slowbro|62/100 brn|[from] brn
|upkeep
|
|t:|1760785206
|switch|p2a: Heatran|Heatran, F|86/100
|turn|36
|
|t:|1760785210
|move|p2a: Heatran|Magma Storm|p1a: Slowbro
|-resisted|p1a: Slowbro
|-damage|p1a: Slowbro|41/100 brn
|-activate|p1a: Slowbro|move: Magma Storm|[of] p2a: Heatran
|move|p1a: Slowbro|Slack Off|p1a: Slowbro
|-heal|p1a: Slowbro|91/100 brn
|
|-heal|p2a: Heatran|92/100|[from] item: Leftovers
|-damage|p1a: Slowbro|85/100 brn|[from] brn
|-damage|p1a: Slowbro|73/100 brn|[from] move: Magma Storm|[partiallytrapped]
|upkeep
|turn|37
|
|t:|1760785217
|move|p2a: Heatran|Earth Power|p1a: Slowbro
|-damage|p1a: Slowbro|44/100 brn
|move|p1a: Slowbro|Nasty Plot|p1a: Slowbro
|-boost|p1a: Slowbro|spa|2
|
|-heal|p2a: Heatran|99/100|[from] item: Leftovers
|-damage|p1a: Slowbro|38/100 brn|[from] brn
|-damage|p1a: Slowbro|25/100 brn|[from] move: Magma Storm|[partiallytrapped]
|upkeep
|turn|38
|
|t:|1760785227
|move|p2a: Heatran|Earth Power|p1a: Slowbro
|-damage|p1a: Slowbro|0 fnt
|faint|p1a: Slowbro
|
|-heal|p2a: Heatran|100/100|[from] item: Leftovers
|upkeep
|
|t:|1760785230
|switch|p1a: Magnezone|Magnezone|100/100
|-activate|p1a: Magnezone|move: Sticky Web
|-unboost|p1a: Magnezone|spe|1
|-damage|p1a: Magnezone|75/100|[from] Spikes
|turn|39
|
|t:|1760785241
|-terastallize|p1a: Magnezone|Flying
|move|p2a: Heatran|Earth Power|p1a: Magnezone
|-immune|p1a: Magnezone
|move|p1a: Magnezone|Thunderbolt|p2a: Heatran
|-damage|p2a: Heatran|36/100
|
|-heal|p2a: Heatran|42/100|[from] item: Leftovers
|upkeep
|turn|40
|
|t:|1760785252
|move|p2a: Heatran|Protect|p2a: Heatran
|-singleturn|p2a: Heatran|Protect
|move|p1a: Magnezone|Thunderbolt|p2a: Heatran
|-activate|p2a: Heatran|move: Protect
|
|-heal|p2a: Heatran|48/100|[from] item: Leftovers
|upkeep
|turn|41
|
|t:|1760785256
|move|p2a: Heatran|Magma Storm|p1a: Magnezone
|-damage|p1a: Magnezone|28/100
|-activate|p1a: Magnezone|move: Magma Storm|[of] p2a: Heatran
|move|p1a: Magnezone|Thunderbolt|p2a: Heatran
|-damage|p2a: Heatran|0 fnt
|faint|p2a: Heatran
|
|-end|p1a: Magnezone|Magma Storm|[partiallytrapped]|[silent]
|upkeep
|
|t:|1760785262
|switch|p2a: Garchomp|Garchomp, F, tera:Fire|45/100
|turn|42
|
|t:|1760785268
|move|p2a: Garchomp|Fire Fang|p1a: Magnezone
|-damage|p1a: Magnezone|0 fnt
|faint|p1a: Magnezone
|
|win|V4-l4ck1n
|raw|Passerby bye's rating: 1309 &rarr; <strong>1286</strong><br />(-23 for losing)
|raw|V4-l4ck1n's rating: 1264 &rarr; <strong>1292</strong><br />(+28 for winning)
|l|☆V4-l4ck1n
|player|p2|
|l|☆Passerby bye
|player|p1|
