|j|☆AverageJo72
|j|☆jblockman77
|t:|1760762864
|gametype|singles
|player|p1|AverageJo72|lance|1378
|player|p2|jblockman77|n|1382
|gen|9
|tier|[Gen 9] OU
|rated|
|rule|HP Percentage Mod: HP is shown in percentages
|rule|Endless Battle Clause: Forcing endless battles is banned
|rule|Species Clause: Limit one of each Pokémon
|rule|OHKO Clause: OHKO moves are banned
|rule|Evasion Items Clause: Evasion items are banned
|rule|Evasion Moves Clause: Evasion moves are banned
|rule|Evasion Abilities Clause: Evasion abilities are banned
|rule|Sleep Moves Clause: Sleep-inducing moves are banned
|clearpoke
|poke|p1|Arcanine-Hisui, F|
|poke|p1|Tyranitar, F|
|poke|p1|Excadrill, F|
|poke|p1|Dragapult, M|
|poke|p1|Skarmory, F|
|poke|p1|Alomomola, M|
|poke|p2|Skeledirge, F|
|poke|p2|Great Tusk|
|poke|p2|Ogerpon-Wellspring, F|
|poke|p2|Tinkaton, F|
|poke|p2|Corviknight, F|
|poke|p2|Kyurem|
|teampreview
|
|t:|1760762870
|teamsize|p1|6
|teamsize|p2|6
|start
|switch|p1a: Phantom Menace|Dragapult, M|100/100
|switch|p2a: Tinkaton|Tinkaton, F|100/100
|-ability|p2a: Tinkaton|Mold Breaker
|-item|p2a: Tinkaton|Air Balloon
|turn|1
|
|t:|1760762874
|move|p1a: Phantom Menace|Will-O-Wisp|p2a: Tinkaton
|-status|p2a: Tinkaton|brn
|move|p2a: Tinkaton|Thunder Wave|p1a: Phantom Menace
|-status|p1a: Phantom Menace|par
|
|-damage|p2a: Tinkaton|94/100 brn|[from] brn
|upkeep
|turn|2
|
|t:|1760762877
|move|p2a: Tinkaton|Encore|p1a: Phantom Menace
|-start|p1a: Phantom Menace|Encore
|move|p1a: Phantom Menace|Will-O-Wisp|p2a: Tinkaton
|-fail|p2a: Tinkaton|brn
|
|-damage|p2a: Tinkaton|88/100 brn|[from] brn
|upkeep
|turn|3
|
|t:|1760762895
|switch|p1a: Mole Lester|Excadrill, F|100/100
|-item|p1a: Mole Lester|Air Balloon
|move|p2a: Tinkaton|Stealth Rock|p1a: Mole Lester
|-sidestart|p1: AverageJo72|move: Stealth Rock
|
|-damage|p2a: Tinkaton|82/100 brn|[from] brn
|upkeep
|turn|4
|
|t:|1760762908
|move|p2a: Tinkaton|Encore||[still]
|-fail|p2a: Tinkaton
|move|p1a: Mole Lester|Rapid Spin|p2a: Tinkaton
|-resisted|p2a: Tinkaton
|-damage|p2a: Tinkaton|72/100 brn
|-boost|p1a: Mole Lester|spe|1
|-enditem|p2a: Tinkaton|Air Balloon
|-sideend|p1: AverageJo72|Stealth Rock|[from] move: Rapid Spin|[of] p1a: Mole Lester
|
|-damage|p2a: Tinkaton|66/100 brn|[from] brn
|upkeep
|turn|5
|
|t:|1760762912
|move|p1a: Mole Lester|Earthquake|p2a: Tinkaton
|-supereffective|p2a: Tinkaton
|-damage|p2a: Tinkaton|0 fnt
|faint|p2a: Tinkaton
|
|upkeep
|
|t:|1760762917
|switch|p2a: Corviknight|Corviknight, F|100/100
|-ability|p2a: Corviknight|Pressure
|turn|6
|
|t:|1760762925
|switch|p1a: AC-130|Skarmory, F|100/100
|move|p2a: Corviknight|U-turn|p1a: AC-130
|-resisted|p1a: AC-130
|-damage|p1a: AC-130|98/100
|-damage|p2a: Corviknight|84/100|[from] item: Rocky Helmet|[of] p1a: AC-130
|
|t:|1760762927
|switch|p2a: Skeledirge|Skeledirge, F|100/100|[from] U-turn
|
|upkeep
|turn|7
|
|t:|1760762935
|switch|p1a: Pharaoh's Curse|Tyranitar, F, shiny|100/100
|-weather|Sandstorm|[from] ability: Sand Stream|[of] p1a: Pharaoh's Curse
|move|p2a: Skeledirge|Torch Song|p1a: Pharaoh's Curse
|-resisted|p1a: Pharaoh's Curse
|-damage|p1a: Pharaoh's Curse|93/100
|-boost|p2a: Skeledirge|spa|1
|
|-weather|Sandstorm|[upkeep]
|-damage|p2a: Skeledirge|94/100|[from] Sandstorm
|upkeep
|turn|8
|
|t:|1760762952
|switch|p2a: Great Tusk|Great Tusk|100/100
|move|p1a: Pharaoh's Curse|Thunder Wave|p2a: Great Tusk
|-immune|p2a: Great Tusk
|
|-weather|Sandstorm|[upkeep]
|upkeep
|turn|9
|
|t:|1760762956
|switch|p1a: FISH|Alomomola, M|100/100
|move|p2a: Great Tusk|Headlong Rush|p1a: FISH
|-damage|p1a: FISH|59/100
|-unboost|p2a: Great Tusk|def|1
|-unboost|p2a: Great Tusk|spd|1
|
|-weather|Sandstorm|[upkeep]
|-damage|p1a: FISH|53/100|[from] Sandstorm
|upkeep
|turn|10
|
|t:|1760762962
|-end|p2a: Great Tusk|Protosynthesis|[silent]
|switch|p2a: Ogerpon|Ogerpon-Wellspring, F|100/100
|move|p1a: FISH|Flip Turn|p2a: Ogerpon
|-immune|p2a: Ogerpon|[from] ability: Water Absorb
|
|-weather|Sandstorm|[upkeep]
|-damage|p2a: Ogerpon|95/100|[from] Sandstorm
|-damage|p1a: FISH|47/100|[from] Sandstorm
|upkeep
|turn|11
|
|t:|1760762966
|switch|p1a: AC-130|Skarmory, F|98/100
|move|p2a: Ogerpon|Substitute|p2a: Ogerpon
|-start|p2a: Ogerpon|Substitute
|-damage|p2a: Ogerpon|70/100
|
|-weather|none
|upkeep
|turn|12
|
|t:|1760762970
|-terastallize|p2a: Ogerpon|Water
|detailschange|p2a: Ogerpon|Ogerpon-Wellspring-Tera, F, tera:Water
|-ability|p2a: Ogerpon|Embody Aspect (Wellspring)|boost
|-boost|p2a: Ogerpon|spd|1
|move|p2a: Ogerpon|Swords Dance|p2a: Ogerpon
|-boost|p2a: Ogerpon|atk|2
|move|p1a: AC-130|Iron Defense|p1a: AC-130
|-boost|p1a: AC-130|def|2
|
|upkeep
|turn|13
|
|t:|1760763004
|-terastallize|p1a: AC-130|Dragon
|move|p2a: Ogerpon|Ivy Cudgel|p1a: AC-130|[anim] Ivy Cudgel Water
|-resisted|p1a: AC-130
|-damage|p1a: AC-130|73/100
|move|p1a: AC-130|Iron Defense|p1a: AC-130
|-boost|p1a: AC-130|def|2
|
|upkeep
|turn|14
|
|t:|1760763009
|switch|p2a: Skeledirge|Skeledirge, F|94/100
|move|p1a: AC-130|Body Press|p2a: Skeledirge
|-immune|p2a: Skeledirge
|
|upkeep
|turn|15
|
|t:|1760763013
|switch|p1a: Pharaoh's Curse|Tyranitar, F, shiny|93/100
|-weather|Sandstorm|[from] ability: Sand Stream|[of] p1a: Pharaoh's Curse
|move|p2a: Skeledirge|Torch Song|p1a: Pharaoh's Curse
|-resisted|p1a: Pharaoh's Curse
|-damage|p1a: Pharaoh's Curse|85/100
|-boost|p2a: Skeledirge|spa|1
|
|-weather|Sandstorm|[upkeep]
|-damage|p2a: Skeledirge|88/100|[from] Sandstorm
|upkeep
|turn|16
|
|t:|1760763017
|switch|p2a: Corviknight|Corviknight, F|84/100
|-ability|p2a: Corviknight|Pressure
|move|p1a: Pharaoh's Curse|Knock Off|p2a: Corviknight
|-damage|p2a: Corviknight|57/100
|-damage|p1a: Pharaoh's Curse|68/100|[from] item: Rocky Helmet|[of] p2a: Corviknight
|-enditem|p2a: Corviknight|Rocky Helmet|[from] move: Knock Off|[of] p1a: Pharaoh's Curse
|
|-weather|Sandstorm|[upkeep]
|upkeep
|turn|17
|
|t:|1760763024
|move|p2a: Corviknight|U-turn|p1a: Pharaoh's Curse
|-supereffective|p1a: Pharaoh's Curse
|-crit|p1a: Pharaoh's Curse
|-damage|p1a: Pharaoh's Curse|35/100
|
|t:|1760763026
|switch|p2a: Great Tusk|Great Tusk|100/100|[from] U-turn
|move|p1a: Pharaoh's Curse|Stealth Rock|p2a: Great Tusk
|-sidestart|p2: jblockman77|move: Stealth Rock
|
|-weather|Sandstorm|[upkeep]
|upkeep
|turn|18
|
|t:|1760763030
|switch|p1a: Phantom Menace|Dragapult, M|100/100 par
|move|p2a: Great Tusk|Rapid Spin|p1a: Phantom Menace
|-immune|p1a: Phantom Menace
|
|-weather|Sandstorm|[upkeep]
|-damage|p1a: Phantom Menace|95/100 par|[from] Sandstorm
|upkeep
|turn|19
|
|t:|1760763037
|-end|p2a: Great Tusk|Protosynthesis|[silent]
|switch|p2a: Corviknight|Corviknight, F|57/100
|-damage|p2a: Corviknight|45/100|[from] Stealth Rock
|-ability|p2a: Corviknight|Pressure
|move|p1a: Phantom Menace|Will-O-Wisp|p2a: Corviknight
|-status|p2a: Corviknight|brn
|
|-weather|none
|-damage|p2a: Corviknight|39/100 brn|[from] brn
|upkeep
|turn|20
|
|t:|1760763039
|move|p1a: Phantom Menace|Hex|p2a: Corviknight
|-damage|p2a: Corviknight|0 fnt
|faint|p2a: Corviknight
|
|upkeep
|
|t:|1760763041
|switch|p2a: Kyurem|Kyurem|100/100
|-damage|p2a: Kyurem|76/100|[from] Stealth Rock
|-ability|p2a: Kyurem|Pressure
|turn|21
|
|t:|1760763044
|move|p2a: Kyurem|Earth Power|p1a: Phantom Menace
|-damage|p1a: Phantom Menace|36/100 par
|move|p1a: Phantom Menace|Dragon Darts|p2a: Kyurem
|-supereffective|p2a: Kyurem
|-damage|p2a: Kyurem|34/100
|-anim|p1a: Phantom Menace|Dragon Darts|p2a: Kyurem
|-supereffective|p2a: Kyurem
|-damage|p2a: Kyurem|0 fnt
|faint|p2a: Kyurem
|
|upkeep
|
|t:|1760763047
|switch|p2a: Great Tusk|Great Tusk|100/100
|turn|22
|
|t:|1760763050
|move|p2a: Great Tusk|Ice Spinner|p1a: Phantom Menace
|-supereffective|p1a: Phantom Menace
|-damage|p1a: Phantom Menace|0 fnt
|faint|p1a: Phantom Menace
|
|upkeep
|
|t:|1760763092
|switch|p1a: FISH|Alomomola, M|80/100
|turn|23
|
|t:|1760763098
|move|p2a: Great Tusk|Rapid Spin|p1a: FISH
|-damage|p1a: FISH|69/100
|-boost|p2a: Great Tusk|spe|1
|-sideend|p2: jblockman77|Stealth Rock|[from] move: Rapid Spin|[of] p2a: Great Tusk
|move|p1a: FISH|Ice Beam|p2a: Great Tusk
|-supereffective|p2a: Great Tusk
|-damage|p2a: Great Tusk|70/100
|
|upkeep
|turn|24
|
|t:|1760763108
|-end|p2a: Great Tusk|Protosynthesis|[silent]
|switch|p2a: Skeledirge|Skeledirge, F|88/100
|move|p1a: FISH|Wish|p1a: FISH
|
|upkeep
|turn|25
|
|t:|1760763111
|move|p2a: Skeledirge|Earth Power|p1a: FISH
|-damage|p1a: FISH|45/100
|move|p1a: FISH|Flip Turn|p2a: Skeledirge
|-supereffective|p2a: Skeledirge
|-damage|p2a: Skeledirge|56/100
|
|t:|1760763115
|switch|p1a: Pharaoh's Curse|Tyranitar, F, shiny|35/100|[from] Flip Turn
|-weather|Sandstorm|[from] ability: Sand Stream|[of] p1a: Pharaoh's Curse
|
|-weather|Sandstorm|[upkeep]
|-damage|p2a: Skeledirge|50/100|[from] Sandstorm
|-heal|p1a: Pharaoh's Curse|94/100|[from] move: Wish|[wisher] FISH
|upkeep
|turn|26
|
|t:|1760763128
|move|p2a: Skeledirge|Earth Power|p1a: Pharaoh's Curse
|-supereffective|p1a: Pharaoh's Curse
|-crit|p1a: Pharaoh's Curse
|-damage|p1a: Pharaoh's Curse|61/100
|move|p1a: Pharaoh's Curse|Knock Off|p2a: Skeledirge
|-supereffective|p2a: Skeledirge
|-damage|p2a: Skeledirge|0 fnt
|-enditem|p2a: Skeledirge|Choice Scarf|[from] move: Knock Off|[of] p1a: Pharaoh's Curse
|faint|p2a: Skeledirge
|
|-weather|Sandstorm|[upkeep]
|upkeep
|
|t:|1760763132
|switch|p2a: Ogerpon|Ogerpon-Wellspring-Tera, F, tera:Water|70/100
|-ability|p2a: Ogerpon|Embody Aspect (Wellspring)|boost
|-boost|p2a: Ogerpon|spd|1
|turn|27
|
|t:|1760763138
|switch|p1a: AC-130|Skarmory, F, tera:Dragon|73/100
|move|p2a: Ogerpon|Ivy Cudgel|p1a: AC-130|[anim] Ivy Cudgel Water
|-resisted|p1a: AC-130
|-damage|p1a: AC-130|48/100
|
|-weather|Sandstorm|[upkeep]
|-damage|p2a: Ogerpon|64/100|[from] Sandstorm
|-damage|p1a: AC-130|42/100|[from] Sandstorm
|upkeep
|turn|28
|
|t:|1760763141
|switch|p2a: Great Tusk|Great Tusk|70/100
|move|p1a: AC-130|Roost|p1a: AC-130
|-heal|p1a: AC-130|92/100
|
|-weather|Sandstorm|[upkeep]
|-damage|p1a: AC-130|86/100|[from] Sandstorm
|upkeep
|turn|29
|
|t:|1760763150
|move|p2a: Great Tusk|Headlong Rush|p1a: AC-130
|-damage|p1a: AC-130|50/100
|-unboost|p2a: Great Tusk|def|1
|-unboost|p2a: Great Tusk|spd|1
|-damage|p2a: Great Tusk|54/100|[from] item: Rocky Helmet|[of] p1a: AC-130
|move|p1a: AC-130|Iron Defense|p1a: AC-130
|-boost|p1a: AC-130|def|2
|
|-weather|none
|upkeep
|turn|30
|-message|jblockman77 forfeited.
|
|win|AverageJo72
|raw|AverageJo72's rating: 1378 &rarr; <strong>1398</strong><br />(+20 for winning)
|raw|jblockman77's rating: 1382 &rarr; <strong>1362</strong><br />(-20 for losing)
|l|☆jblockman77
|player|p2|
|l|☆AverageJo72
|player|p1|
