|j|☆carbonlifeformmeme
|j|☆jesus2526
|t:|1760740145
|gametype|singles
|player|p1|carbonlifeformmeme|101|1389
|player|p2|jesus2526|101|1399
|gen|9
|tier|[Gen 9] OU
|rated|
|rule|HP Percentage Mod: HP is shown in percentages
|rule|Endless Battle Clause: Forcing endless battles is banned
|rule|Species Clause: Limit one of each Pokémon
|rule|OHKO Clause: OHKO moves are banned
|rule|Evasion Items Clause: Evasion items are banned
|rule|Evasion Moves Clause: Evasion moves are banned
|rule|Evasion Abilities Clause: Evasion abilities are banned
|rule|Sleep Moves Clause: Sleep-inducing moves are banned
|clearpoke
|poke|p1|Iron Hands|
|poke|p1|Alomomola, F|
|poke|p1|Hatterene, F|
|poke|p1|Cinderace, F|
|poke|p1|Deoxys-Speed|
|poke|p1|Dragonite, F|
|poke|p2|Slowking-Galar, M|
|poke|p2|Avalugg, F|
|poke|p2|Alomomola, F|
|poke|p2|Lokix, F|
|poke|p2|Great Tusk|
|poke|p2|Kyurem|
|teampreview
|
|t:|1760740160
|teamsize|p1|6
|teamsize|p2|6
|start
|switch|p1a: Iron Hands|Iron Hands|100/100
|switch|p2a: Alomomola|Alomomola, F|100/100
|turn|1
|
|t:|1760740166
|move|p1a: Iron Hands|Swords Dance|p1a: Iron Hands
|-boost|p1a: Iron Hands|atk|2
|move|p2a: Alomomola|Flip Turn|p1a: Iron Hands
|-damage|p1a: Iron Hands|90/100
|
|t:|1760740175
|switch|p2a: Great Tusk|Great Tusk|100/100|[from] Flip Turn
|
|upkeep
|turn|2
|
|t:|1760740179
|move|p2a: Great Tusk|Headlong Rush|p1a: Iron Hands
|-supereffective|p1a: Iron Hands
|-enditem|p1a: Iron Hands|Shuca Berry|[eat]
|-enditem|p1a: Iron Hands|Shuca Berry|[weaken]
|-damage|p1a: Iron Hands|55/100
|-unboost|p2a: Great Tusk|def|1
|-unboost|p2a: Great Tusk|spd|1
|move|p1a: Iron Hands|Drain Punch|p2a: Great Tusk
|-damage|p2a: Great Tusk|12/100
|-heal|p1a: Iron Hands|91/100|[from] drain|[of] p2a: Great Tusk
|-damage|p1a: Iron Hands|75/100|[from] item: Rocky Helmet|[of] p2a: Great Tusk
|
|upkeep
|turn|3
|
|t:|1760740190
|-end|p1a: Iron Hands|Quark Drive|[silent]
|switch|p1a: Alomomola|Alomomola, F|100/100
|move|p2a: Great Tusk|Headlong Rush|p1a: Alomomola
|-damage|p1a: Alomomola|66/100
|-unboost|p2a: Great Tusk|def|1
|-unboost|p2a: Great Tusk|spd|1
|-damage|p2a: Great Tusk|0 fnt|[from] item: Rocky Helmet|[of] p1a: Alomomola
|faint|p2a: Great Tusk
|-end|p2a: Great Tusk|Protosynthesis|[silent]
|
|upkeep
|
|t:|1760740194
|switch|p2a: Kyurem|Kyurem|100/100
|-ability|p2a: Kyurem|Pressure
|turn|4
|
|t:|1760740207
|-terastallize|p2a: Kyurem|Ice
|move|p2a: Kyurem|Freeze-Dry|p1a: Alomomola
|-supereffective|p1a: Alomomola
|-damage|p1a: Alomomola|0 fnt
|faint|p1a: Alomomola
|
|upkeep
|
|t:|1760740214
|switch|p1a: Cinderace|Cinderace, F|100/100
|turn|5
|
|t:|1760740219
|switch|p1a: Iron Hands|Iron Hands|75/100
|switch|p2a: Alomomola|Alomomola, F|100/100
|
|upkeep
|turn|6
|
|t:|1760740228
|move|p1a: Iron Hands|Supercell Slam|p2a: Alomomola
|-supereffective|p2a: Alomomola
|-damage|p2a: Alomomola|27/100
|-damage|p1a: Iron Hands|58/100|[from] item: Rocky Helmet|[of] p2a: Alomomola
|move|p2a: Alomomola|Flip Turn|p1a: Iron Hands
|-damage|p1a: Iron Hands|48/100
|
|t:|1760740239
|switch|p2a: Slowking|Slowking-Galar, M|100/100|[from] Flip Turn
|
|upkeep
|turn|7
|
|t:|1760740249
|move|p1a: Iron Hands|Supercell Slam|p2a: Slowking
|-damage|p2a: Slowking|44/100
|-prepare|p2a: Slowking|Chilly Reception|[premajor]
|move|p2a: Slowking|Chilly Reception|p2a: Slowking
|-weather|Snowscape
|
|t:|1760740256
|switch|p2a: Kyurem|Kyurem, tera:Ice|100/100|[from] Chilly Reception
|-ability|p2a: Kyurem|Pressure
|
|-weather|Snowscape|[upkeep]
|upkeep
|turn|8
|
|t:|1760740261
|move|p2a: Kyurem|Blizzard|p1a: Iron Hands
|-damage|p1a: Iron Hands|0 fnt
|faint|p1a: Iron Hands
|-end|p1a: Iron Hands|Quark Drive|[silent]
|
|-weather|Snowscape|[upkeep]
|upkeep
|c|☆carbonlifeformmeme|...I really like that
|inactive|Battle timer is ON: inactive players will automatically lose when time's up. (requested by jesus2526)
|
|t:|1760740283
|switch|p1a: Cinderace|Cinderace, F|100/100
|turn|9
|
|t:|1760740292
|switch|p2a: Avalugg|Avalugg, F|100/100
|move|p1a: Cinderace|Will-O-Wisp|p2a: Avalugg|[miss]
|-miss|p1a: Cinderace|p2a: Avalugg
|
|-weather|Snowscape|[upkeep]
|upkeep
|turn|10
|
|t:|1760740301
|switch|p1a: Hatterene|Hatterene, F|100/100
|move|p2a: Avalugg|Body Press|p1a: Hatterene
|-resisted|p1a: Hatterene
|-damage|p1a: Hatterene|93/100
|
|-weather|Snowscape|[upkeep]
|-heal|p1a: Hatterene|99/100|[from] item: Leftovers
|upkeep
|turn|11
|
|t:|1760740310
|move|p1a: Hatterene|Nuzzle|p2a: Avalugg
|-damage|p2a: Avalugg|99/100
|-status|p2a: Avalugg|par
|move|p2a: Avalugg|Aurora Veil|p2a: Avalugg
|-sidestart|p2: jesus2526|move: Aurora Veil
|
|-weather|Snowscape|[upkeep]
|-heal|p2a: Avalugg|100/100 par|[from] ability: Ice Body
|-heal|p1a: Hatterene|100/100|[from] item: Leftovers
|upkeep
|turn|12
|
|t:|1760740318
|switch|p2a: Lokix|Lokix, F|100/100
|move|p1a: Hatterene|Psychic Noise|p2a: Lokix
|-immune|p2a: Lokix
|
|-weather|Snowscape|[upkeep]
|upkeep
|turn|13
|
|t:|1760740325
|move|p2a: Lokix|U-turn|p1a: Hatterene
|-damage|p1a: Hatterene|56/100
|
|t:|1760740328
|switch|p2a: Slowking|Slowking-Galar, M|77/100|[from] U-turn
|move|p1a: Hatterene|Nuzzle|p2a: Slowking
|-damage|p2a: Slowking|75/100
|-status|p2a: Slowking|par
|
|-weather|Snowscape|[upkeep]
|-heal|p1a: Hatterene|62/100|[from] item: Leftovers
|upkeep
|turn|14
|
|t:|1760740341
|switch|p1a: Cinderace|Cinderace, F|100/100
|move|p2a: Slowking|Future Sight|p1a: Cinderace
|-start|p2a: Slowking|move: Future Sight
|
|-weather|none
|upkeep
|turn|15
|
|t:|1760740350
|move|p1a: Cinderace|Pyro Ball|p2a: Slowking
|-damage|p2a: Slowking|49/100 par
|-prepare|p2a: Slowking|Chilly Reception|[premajor]
|move|p2a: Slowking|Chilly Reception|p2a: Slowking
|-weather|Snowscape
|
|t:|1760740356
|switch|p2a: Alomomola|Alomomola, F|61/100|[from] Chilly Reception
|
|-weather|Snowscape|[upkeep]
|upkeep
|turn|16
|
|t:|1760740364
|switch|p1a: Hatterene|Hatterene, F|62/100
|move|p2a: Alomomola|Scald|p1a: Hatterene
|-damage|p1a: Hatterene|49/100
|
|-weather|Snowscape|[upkeep]
|-end|p1a: Hatterene|move: Future Sight
|-resisted|p1a: Hatterene
|-damage|p1a: Hatterene|24/100
|-heal|p1a: Hatterene|30/100|[from] item: Leftovers
|upkeep
|turn|17
|
|t:|1760740374
|move|p1a: Hatterene|Draining Kiss|p2a: Alomomola
|-damage|p2a: Alomomola|52/100
|-heal|p1a: Hatterene|40/100|[from] drain|[of] p2a: Alomomola
|-damage|p1a: Hatterene|23/100|[from] item: Rocky Helmet|[of] p2a: Alomomola
|move|p2a: Alomomola|Flip Turn|p1a: Hatterene
|-damage|p1a: Hatterene|8/100
|
|t:|1760740383
|switch|p2a: Kyurem|Kyurem, tera:Ice|100/100|[from] Flip Turn
|-ability|p2a: Kyurem|Pressure
|
|-weather|Snowscape|[upkeep]
|-heal|p1a: Hatterene|14/100|[from] item: Leftovers
|upkeep
|turn|18
|
|t:|1760740393
|move|p2a: Kyurem|Blizzard|p1a: Hatterene
|-damage|p1a: Hatterene|0 fnt
|faint|p1a: Hatterene
|
|-weather|Snowscape|[upkeep]
|-sideend|p2: jesus2526|move: Aurora Veil
|upkeep
|
|t:|1760740399
|switch|p1a: Cinderace|Cinderace, F|100/100
|turn|19
|
|t:|1760740403
|switch|p1a: Deoxys|Deoxys-Speed|100/100
|-ability|p1a: Deoxys|Pressure
|switch|p2a: Alomomola|Alomomola, F|85/100
|
|-weather|Snowscape|[upkeep]
|upkeep
|turn|20
|
|t:|1760740410
|move|p1a: Deoxys|Nasty Plot|p1a: Deoxys
|-boost|p1a: Deoxys|spa|2
|move|p2a: Alomomola|Flip Turn|p1a: Deoxys
|-damage|p1a: Deoxys|79/100
|
|t:|1760740413
|switch|p2a: Lokix|Lokix, F|100/100|[from] Flip Turn
|
|-weather|Snowscape|[upkeep]
|upkeep
|turn|21
|
|t:|1760740420
|-terastallize|p1a: Deoxys|Electric
|move|p2a: Lokix|First Impression|p1a: Deoxys
|-damage|p1a: Deoxys|0 fnt
|faint|p1a: Deoxys
|
|-weather|Snowscape|[upkeep]
|upkeep
|
|t:|1760740427
|switch|p1a: Dragonite|Dragonite, F|100/100
|turn|22
|c|☆carbonlifeformmeme|ggs
|-message|carbonlifeformmeme forfeited.
|
|win|jesus2526
|raw|carbonlifeformmeme's rating: 1389 &rarr; <strong>1370</strong><br />(-19 for losing)
|raw|jesus2526's rating: 1399 &rarr; <strong>1418</strong><br />(+19 for winning)
|l|☆carbonlifeformmeme
|player|p1|
|l|☆jesus2526
|player|p2|
