|j|☆fedar zwinger
|j|☆rippiplayer
|t:|1760865423
|gametype|singles
|player|p1|fedar zwinger|cynthia-gen4|1431
|player|p2|rippiplayer|leaf-masters|1498
|gen|9
|tier|[Gen 9] OU
|rated|
|rule|HP Percentage Mod: HP is shown in percentages
|rule|Endless Battle Clause: Forcing endless battles is banned
|rule|Species Clause: Limit one of each Pokémon
|rule|OHKO Clause: OHKO moves are banned
|rule|Evasion Items Clause: Evasion items are banned
|rule|Evasion Moves Clause: Evasion moves are banned
|rule|Evasion Abilities Clause: Evasion abilities are banned
|rule|Sleep Moves Clause: Sleep-inducing moves are banned
|clearpoke
|poke|p1|Hydrapple, M|
|poke|p1|Skarmory, F|
|poke|p1|Tyranitar, F|
|poke|p1|Alomomola, M|
|poke|p1|Clodsire, F|
|poke|p1|Clefable, F|
|poke|p2|Thundurus-Therian, M|
|poke|p2|Ogerpon-Wellspring, F|
|poke|p2|Scizor, M|
|poke|p2|Slowking-Galar, F|
|poke|p2|Dragonite, F|
|poke|p2|Great Tusk|
|teampreview
|inactive|Battle timer is ON: inactive players will automatically lose when time's up. (requested by rippiplayer)
|
|t:|1760865441
|teamsize|p1|6
|teamsize|p2|6
|start
|switch|p1a: Calypso|Alomomola, M, shiny|100/100
|switch|p2a: Scizor|Scizor, M|100/100
|turn|1
|
|t:|1760865444
|move|p2a: Scizor|Knock Off|p1a: Calypso
|-damage|p1a: Calypso|77/100
|-enditem|p1a: Calypso|Heavy-Duty Boots|[from] move: Knock Off|[of] p2a: Scizor
|move|p1a: Calypso|Flip Turn|p2a: Scizor
|-damage|p2a: Scizor|85/100
|
|t:|1760865448
|switch|p1a: Doombot|Skarmory, F|100/100|[from] Flip Turn
|
|upkeep
|turn|2
|
|t:|1760865452
|switch|p2a: Thundurus|Thundurus-Therian, M|100/100
|move|p1a: Doombot|Spikes|p2a: Thundurus
|-sidestart|p2: rippiplayer|Spikes
|
|upkeep
|turn|3
|
|t:|1760865461
|switch|p1a: Jabba|Clodsire, F|100/100
|move|p2a: Thundurus|Nasty Plot|p2a: Thundurus
|-boost|p2a: Thundurus|spa|2
|
|upkeep
|turn|4
|
|t:|1760865486
|switch|p2a: Snow bring|Slowking-Galar, F|100/100
|-damage|p2a: Snow bring|88/100|[from] Spikes
|switch|p1a: Thanos|Tyranitar, F|100/100
|-weather|Sandstorm|[from] ability: Sand Stream|[of] p1a: Thanos
|
|-weather|Sandstorm|[upkeep]
|-damage|p2a: Snow bring|82/100|[from] Sandstorm
|upkeep
|turn|5
|
|t:|1760865489
|switch|p2a: Great Tusk|Great Tusk|100/100
|-damage|p2a: Great Tusk|88/100|[from] Spikes
|-enditem|p2a: Great Tusk|Booster Energy
|-activate|p2a: Great Tusk|ability: Protosynthesis|[fromitem]
|-start|p2a: Great Tusk|protosynthesisspe
|move|p1a: Thanos|Knock Off|p2a: Great Tusk
|-resisted|p2a: Great Tusk
|-damage|p2a: Great Tusk|79/100
|
|-weather|Sandstorm|[upkeep]
|upkeep
|turn|6
|
|t:|1760865499
|switch|p1a: Harley Quinn|Clefable, F|100/100
|move|p2a: Great Tusk|Bulk Up|p2a: Great Tusk
|-boost|p2a: Great Tusk|atk|1
|-boost|p2a: Great Tusk|def|1
|
|-weather|Sandstorm|[upkeep]
|upkeep
|turn|7
|
|t:|1760865511
|-terastallize|p2a: Great Tusk|Fire
|move|p2a: Great Tusk|Headlong Rush|p1a: Harley Quinn
|-damage|p1a: Harley Quinn|37/100
|-unboost|p2a: Great Tusk|def|1
|-unboost|p2a: Great Tusk|spd|1
|move|p1a: Harley Quinn|Moonblast|p2a: Great Tusk
|-resisted|p2a: Great Tusk
|-damage|p2a: Great Tusk|51/100
|
|-weather|Sandstorm|[upkeep]
|-damage|p2a: Great Tusk|45/100|[from] Sandstorm
|-damage|p2a: Great Tusk|32/100|[from] item: Sticky Barb
|upkeep
|turn|8
|
|t:|1760865521
|move|p1a: Harley Quinn|Protect|p1a: Harley Quinn
|-singleturn|p1a: Harley Quinn|Protect
|move|p2a: Great Tusk|Temper Flare|p1a: Harley Quinn
|-activate|p1a: Harley Quinn|move: Protect
|
|-weather|none
|-damage|p2a: Great Tusk|20/100|[from] item: Sticky Barb
|upkeep
|turn|9
|
|t:|1760865529
|switch|p1a: Calypso|Alomomola, M, shiny|100/100
|move|p2a: Great Tusk|Headlong Rush|p1a: Calypso
|-damage|p1a: Calypso|52/100
|-unboost|p2a: Great Tusk|def|1
|-unboost|p2a: Great Tusk|spd|1
|
|-damage|p2a: Great Tusk|7/100|[from] item: Sticky Barb
|upkeep
|turn|10
|
|t:|1760865536
|move|p1a: Calypso|Protect|p1a: Calypso
|-singleturn|p1a: Calypso|Protect
|move|p2a: Great Tusk|Headlong Rush|p1a: Calypso
|-activate|p1a: Calypso|move: Protect
|
|-damage|p2a: Great Tusk|0 fnt|[from] item: Sticky Barb
|faint|p2a: Great Tusk
|-end|p2a: Great Tusk|Protosynthesis|[silent]
|upkeep
|-message|rippiplayer forfeited.
|
|win|fedar zwinger
|raw|fedar zwinger's rating: 1431 &rarr; <strong>1455</strong><br />(+24 for winning)
|raw|rippiplayer's rating: 1498 &rarr; <strong>1474</strong><br />(-24 for losing)
|l|☆rippiplayer
|player|p2|
|l|☆fedar zwinger
|player|p1|
