|j|☆UnPlatanoQueHabla
|j|☆OryTheCharisker
|t:|1760814965
|gametype|singles
|player|p1|UnPlatanoQueHabla|169|1123
|player|p2|OryTheCharisker|iono|1139
|gen|9
|tier|[Gen 9] OU
|rated|
|rule|HP Percentage Mod: HP is shown in percentages
|rule|Endless Battle Clause: Forcing endless battles is banned
|rule|Species Clause: Limit one of each Pokémon
|rule|OHKO Clause: OHKO moves are banned
|rule|Evasion Items Clause: Evasion items are banned
|rule|Evasion Moves Clause: Evasion moves are banned
|rule|Evasion Abilities Clause: Evasion abilities are banned
|rule|Sleep Moves Clause: Sleep-inducing moves are banned
|clearpoke
|poke|p1|Gengar, M|
|poke|p1|Gliscor, M|
|poke|p1|Ursaluna, F|
|poke|p1|Primarina, M|
|poke|p1|Ceruledge, M|
|poke|p1|Dragapult, M|
|poke|p2|Leafeon, F|
|poke|p2|Flareon, F|
|poke|p2|Espeon, F|
|poke|p2|Vaporeon, F|
|poke|p2|Umbreon, M|
|poke|p2|Jolteon, M|
|teampreview
|c|☆OryTheCharisker|glhf
|
|t:|1760814986
|teamsize|p1|6
|teamsize|p2|6
|start
|switch|p1a: El Temach|Ursaluna, F, shiny|100/100
|switch|p2a: Adam|Umbreon, M, shiny|100/100
|turn|1
|
|t:|1760814994
|move|p2a: Adam|Foul Play|p1a: El Temach
|-damage|p1a: El Temach|65/100
|move|p1a: El Temach|Bulk Up|p1a: El Temach
|-boost|p1a: El Temach|atk|1
|-boost|p1a: El Temach|def|1
|
|-status|p1a: El Temach|brn|[from] item: Flame Orb
|upkeep
|turn|2
|
|t:|1760815004
|move|p2a: Adam|Foul Play|p1a: El Temach
|-damage|p1a: El Temach|34/100 brn
|move|p1a: El Temach|Facade|p2a: Adam
|-damage|p2a: Adam|0 fnt
|faint|p2a: Adam
|
|-damage|p1a: El Temach|27/100 brn|[from] brn
|upkeep
|
|t:|1760815014
|switch|p2a: El pescao'|Vaporeon, F, shiny|100/100
|turn|3
|
|t:|1760815021
|move|p2a: El pescao'|Scald|p1a: El Temach
|-supereffective|p1a: El Temach
|-damage|p1a: El Temach|0 fnt
|faint|p1a: El Temach
|
|upkeep
|
|t:|1760815031
|switch|p1a: Trans-former|Primarina, M, shiny|100/100
|turn|4
|
|t:|1760815042
|move|p2a: El pescao'|Wish|p2a: El pescao'
|move|p1a: Trans-former|Calm Mind|p1a: Trans-former
|-boost|p1a: Trans-former|spa|1
|-boost|p1a: Trans-former|spd|1
|
|upkeep
|turn|5
|
|t:|1760815048
|switch|p2a: Izuku|Leafeon, F, shiny|100/100
|move|p1a: Trans-former|Calm Mind|p1a: Trans-former
|-boost|p1a: Trans-former|spa|1
|-boost|p1a: Trans-former|spd|1
|
|upkeep
|turn|6
|
|t:|1760815055
|move|p2a: Izuku|Leaf Blade|p1a: Trans-former
|-supereffective|p1a: Trans-former
|-damage|p1a: Trans-former|0 fnt
|faint|p1a: Trans-former
|-damage|p2a: Izuku|91/100|[from] item: Life Orb
|
|upkeep
|
|t:|1760815063
|switch|p1a: Un Drogadicto|Ceruledge, M|100/100
|turn|7
|
|t:|1760815082
|switch|p2a: El pescao'|Vaporeon, F, shiny|100/100
|move|p1a: Un Drogadicto|Bitter Blade|p2a: El pescao'
|-resisted|p2a: El pescao'
|-damage|p2a: El pescao'|74/100
|
|upkeep
|turn|8
|
|t:|1760815090
|switch|p1a: Pepino|Gengar, M|100/100
|move|p2a: El pescao'|Scald|p1a: Pepino
|-damage|p1a: Pepino|52/100
|-status|p1a: Pepino|brn
|
|-damage|p1a: Pepino|46/100 brn|[from] brn
|upkeep
|turn|9
|
|t:|1760815105
|move|p1a: Pepino|Thunderbolt|p2a: El pescao'
|-supereffective|p2a: El pescao'
|-damage|p2a: El pescao'|39/100
|-enditem|p2a: El pescao'|Sitrus Berry|[eat]
|-heal|p2a: El pescao'|64/100|[from] item: Sitrus Berry
|move|p2a: El pescao'|Scald|p1a: Pepino
|-damage|p1a: Pepino|0 fnt
|faint|p1a: Pepino
|
|upkeep
|
|t:|1760815117
|switch|p1a: Esmegma|Dragapult, M|100/100
|turn|10
|
|t:|1760815137
|switch|p2a: La comadreja|Flareon, F|100/100
|move|p1a: Esmegma|Dragon Dance|p1a: Esmegma
|-boost|p1a: Esmegma|atk|1
|-boost|p1a: Esmegma|spe|1
|
|-status|p2a: La comadreja|tox|[from] item: Toxic Orb
|upkeep
|turn|11
|
|t:|1760815157
|move|p1a: Esmegma|Dragon Dance|p1a: Esmegma
|-boost|p1a: Esmegma|atk|1
|-boost|p1a: Esmegma|spe|1
|move|p2a: La comadreja|Flare Blitz|p1a: Esmegma
|-resisted|p1a: Esmegma
|-damage|p1a: Esmegma|29/100
|-damage|p2a: La comadreja|73/100 tox|[from] Recoil
|
|-heal|p1a: Esmegma|35/100|[from] item: Leftovers
|-damage|p2a: La comadreja|67/100 tox|[from] psn
|upkeep
|turn|12
|
|t:|1760815168
|move|p1a: Esmegma|Phantom Force||[still]
|-prepare|p1a: Esmegma|Phantom Force
|move|p2a: La comadreja|Flare Blitz|p1a: Esmegma|[miss]
|-miss|p2a: La comadreja|p1a: Esmegma
|
|-heal|p1a: Esmegma|41/100|[from] item: Leftovers
|-damage|p2a: La comadreja|54/100 tox|[from] psn
|upkeep
|turn|13
|
|t:|1760815177
|move|p2a: La comadreja|Protect|p2a: La comadreja
|-singleturn|p2a: La comadreja|Protect
|move|p1a: Esmegma|Phantom Force|p2a: La comadreja|[from] lockedmove
|-activate|p2a: La comadreja|move: Phantom Force|[broken]
|-damage|p2a: La comadreja|0 fnt
|faint|p2a: La comadreja
|
|-heal|p1a: Esmegma|47/100|[from] item: Leftovers
|upkeep
|
|t:|1760815194
|switch|p2a: Izuku|Leafeon, F, shiny|91/100
|turn|14
|
|t:|1760815202
|move|p1a: Esmegma|Phantom Force||[still]
|-prepare|p1a: Esmegma|Phantom Force
|move|p2a: Izuku|Knock Off|p1a: Esmegma|[miss]
|-miss|p2a: Izuku|p1a: Esmegma
|
|-heal|p1a: Esmegma|53/100|[from] item: Leftovers
|upkeep
|turn|15
|
|t:|1760815209
|move|p1a: Esmegma|Phantom Force|p2a: Izuku|[from] lockedmove
|-crit|p2a: Izuku
|-damage|p2a: Izuku|0 fnt
|faint|p2a: Izuku
|
|-heal|p1a: Esmegma|59/100|[from] item: Leftovers
|upkeep
|
|t:|1760815227
|switch|p2a: Killua|Jolteon, M|100/100
|turn|16
|
|t:|1760815232
|-terastallize|p1a: Esmegma|Steel
|move|p1a: Esmegma|Dragon Dance|p1a: Esmegma
|-boost|p1a: Esmegma|atk|1
|-boost|p1a: Esmegma|spe|1
|move|p2a: Killua|Shadow Ball|p1a: Esmegma
|-damage|p1a: Esmegma|24/100
|
|-heal|p1a: Esmegma|30/100|[from] item: Leftovers
|-status|p2a: Killua|brn|[from] item: Flame Orb
|upkeep
|turn|17
|
|t:|1760815244
|move|p1a: Esmegma|Phantom Force||[still]
|-prepare|p1a: Esmegma|Phantom Force
|move|p2a: Killua|Volt Switch|p1a: Esmegma|[miss]
|-miss|p2a: Killua|p1a: Esmegma
|
|-heal|p1a: Esmegma|36/100|[from] item: Leftovers
|-damage|p2a: Killua|94/100 brn|[from] brn
|upkeep
|turn|18
|
|t:|1760815252
|move|p1a: Esmegma|Phantom Force|p2a: Killua|[from] lockedmove
|-damage|p2a: Killua|0 fnt
|faint|p2a: Killua
|
|-heal|p1a: Esmegma|42/100|[from] item: Leftovers
|upkeep
|
|t:|1760815259
|switch|p2a: El pescao'|Vaporeon, F, shiny|64/100
|turn|19
|
|t:|1760815262
|move|p1a: Esmegma|Phantom Force||[still]
|-prepare|p1a: Esmegma|Phantom Force
|move|p2a: El pescao'|Scald|p1a: Esmegma|[miss]
|-miss|p2a: El pescao'|p1a: Esmegma
|
|-heal|p1a: Esmegma|48/100|[from] item: Leftovers
|upkeep
|turn|20
|
|t:|1760815270
|move|p1a: Esmegma|Phantom Force|p2a: El pescao'|[from] lockedmove
|-damage|p2a: El pescao'|0 fnt
|faint|p2a: El pescao'
|
|-heal|p1a: Esmegma|54/100|[from] item: Leftovers
|upkeep
|
|t:|1760815273
|switch|p2a: Lespeon|Espeon, F|100/100
|turn|21
|
|t:|1760815282
|move|p1a: Esmegma|Phantom Force||[still]
|-prepare|p1a: Esmegma|Phantom Force
|move|p2a: Lespeon|Psychic|p1a: Esmegma|[miss]
|-miss|p2a: Lespeon|p1a: Esmegma
|
|-heal|p1a: Esmegma|60/100|[from] item: Leftovers
|upkeep
|turn|22
|
|t:|1760815289
|move|p1a: Esmegma|Phantom Force|p2a: Lespeon|[from] lockedmove
|-supereffective|p2a: Lespeon
|-damage|p2a: Lespeon|0 fnt
|faint|p2a: Lespeon
|
|win|UnPlatanoQueHabla
|raw|UnPlatanoQueHabla's rating: 1123 &rarr; <strong>1149</strong><br />(+26 for winning)
|raw|OryTheCharisker's rating: 1139 &rarr; <strong>1113</strong><br />(-26 for losing)
|c|☆OryTheCharisker|gg
|l|☆UnPlatanoQueHabla
|player|p1|
|l|☆OryTheCharisker
|player|p2|
