|badge|p1|silver|gen9ou|30-7
|uhtml|medal-msg|<div class="broadcast-blue">Curious what those medals under the avatar are? PS now has Ladder Seasons! For more information, check out the <a href="https://www.smogon.com/forums/threads/3740067/">thread on Smogon.</a></div>
|j|☆torvik en place
|j|☆stariaki
|t:|1760881296
|gametype|singles
|player|p1|torvik en place|lucas|1933
|player|p2|stariaki|chuck|1788
|gen|9
|tier|[Gen 9] OU
|rated|
|rule|HP Percentage Mod: HP is shown in percentages
|rule|Endless Battle Clause: Forcing endless battles is banned
|rule|Species Clause: Limit one of each Pokémon
|rule|OHKO Clause: OHKO moves are banned
|rule|Evasion Items Clause: Evasion items are banned
|rule|Evasion Moves Clause: Evasion moves are banned
|rule|Evasion Abilities Clause: Evasion abilities are banned
|rule|Sleep Moves Clause: Sleep-inducing moves are banned
|clearpoke
|poke|p1|Enamorus, F|
|poke|p1|Darkrai|
|poke|p1|Cinderace, F|
|poke|p1|Great Tusk|
|poke|p1|Alomomola, F|
|poke|p1|Amoonguss, F|
|poke|p2|Polteageist|
|poke|p2|Scizor, M|
|poke|p2|Dragonite, M|
|poke|p2|Great Tusk|
|poke|p2|Cinderace, M|
|poke|p2|Alomomola, F|
|teampreview
|
|t:|1760881351
|teamsize|p1|6
|teamsize|p2|6
|start
|switch|p1a: Alomomola|Alomomola, F|100/100
|switch|p2a: Scizor|Scizor, M|100/100
|turn|1
|
|t:|1760881354
|move|p2a: Scizor|U-turn|p1a: Alomomola
|-damage|p1a: Alomomola|53/100
|
|t:|1760881357
|switch|p2a: Alomomola|Alomomola, F|100/100|[from] U-turn
|move|p1a: Alomomola|Flip Turn|p2a: Alomomola
|-resisted|p2a: Alomomola
|-damage|p2a: Alomomola|96/100
|-damage|p1a: Alomomola|37/100|[from] item: Rocky Helmet|[of] p2a: Alomomola
|
|t:|1760881367
|switch|p1a: Enamorus|Enamorus, F|100/100|[from] Flip Turn
|
|upkeep
|turn|2
|
|t:|1760881389
|move|p1a: Enamorus|Moonblast|p2a: Alomomola
|-damage|p2a: Alomomola|5/100
|move|p2a: Alomomola|Flip Turn|p1a: Enamorus
|-damage|p1a: Enamorus|74/100
|
|t:|1760881392
|switch|p2a: Scizor|Scizor, M|100/100|[from] Flip Turn
|
|upkeep
|turn|3
|
|t:|1760881422
|switch|p1a: Alomomola|Alomomola, F|70/100
|move|p2a: Scizor|U-turn|p1a: Alomomola
|-damage|p1a: Alomomola|26/100
|
|t:|1760881448
|switch|p2a: Alomomola|Alomomola, F|39/100|[from] U-turn
|
|upkeep
|turn|4
|inactive|Battle timer is ON: inactive players will automatically lose when time's up. (requested by stariaki)
|
|t:|1760881463
|switch|p1a: Enamorus|Enamorus, F|74/100
|move|p2a: Alomomola|Flip Turn|p1a: Enamorus
|-damage|p1a: Enamorus|46/100
|
|t:|1760881465
|switch|p2a: Scizor|Scizor, M|100/100|[from] Flip Turn
|
|upkeep
|turn|5
|
|t:|1760881472
|switch|p1a: Alomomola|Alomomola, F|59/100
|move|p2a: Scizor|Bullet Punch|p1a: Alomomola
|-resisted|p1a: Alomomola
|-damage|p1a: Alomomola|40/100
|
|upkeep
|turn|6
|
|t:|1760881480
|switch|p2a: Alomomola|Alomomola, F|72/100
|move|p1a: Alomomola|Flip Turn|p2a: Alomomola
|-resisted|p2a: Alomomola
|-damage|p2a: Alomomola|68/100
|-damage|p1a: Alomomola|23/100|[from] item: Rocky Helmet|[of] p2a: Alomomola
|
|t:|1760881483
|switch|p1a: Enamorus|Enamorus, F|46/100|[from] Flip Turn
|
|upkeep
|turn|7
|
|t:|1760881488
|move|p2a: Alomomola|Protect|p2a: Alomomola
|-singleturn|p2a: Alomomola|Protect
|move|p1a: Enamorus|Moonblast|p2a: Alomomola
|-activate|p2a: Alomomola|move: Protect
|
|upkeep
|turn|8
|
|t:|1760881490
|switch|p2a: Scizor|Scizor, M|100/100
|move|p1a: Enamorus|Moonblast|p2a: Scizor
|-resisted|p2a: Scizor
|-damage|p2a: Scizor|55/100
|-unboost|p2a: Scizor|spa|1
|
|upkeep
|turn|9
|
|t:|1760881510
|switch|p1a: Amoonguss|Amoonguss, F|100/100
|move|p2a: Scizor|U-turn|p1a: Amoonguss
|-damage|p1a: Amoonguss|56/100
|
|t:|1760881513
|switch|p2a: Cinderace|Cinderace, M|100/100|[from] U-turn
|
|upkeep
|turn|10
|
|t:|1760881517
|switch|p1a: Alomomola|Alomomola, F|57/100
|move|p2a: Cinderace|U-turn|p1a: Alomomola
|-damage|p1a: Alomomola|38/100
|
|t:|1760881519
|switch|p2a: Scizor|Scizor, M|55/100|[from] U-turn
|
|upkeep
|turn|11
|
|t:|1760881534
|switch|p1a: Great Tusk|Great Tusk|100/100
|move|p2a: Scizor|U-turn|p1a: Great Tusk
|-resisted|p1a: Great Tusk
|-damage|p1a: Great Tusk|80/100
|
|t:|1760881537
|switch|p2a: Alomomola|Alomomola, F|100/100|[from] U-turn
|
|upkeep
|turn|12
|
|t:|1760881543
|-end|p1a: Great Tusk|Protosynthesis|[silent]
|switch|p1a: Alomomola|Alomomola, F|71/100
|move|p2a: Alomomola|Flip Turn|p1a: Alomomola
|-resisted|p1a: Alomomola
|-damage|p1a: Alomomola|65/100
|
|t:|1760881547
|switch|p2a: Scizor|Scizor, M|55/100|[from] Flip Turn
|
|upkeep
|turn|13
|
|t:|1760881559
|move|p2a: Scizor|U-turn|p1a: Alomomola
|-damage|p1a: Alomomola|19/100
|
|t:|1760881561
|switch|p2a: Alomomola|Alomomola, F|100/100|[from] U-turn
|move|p1a: Alomomola|Flip Turn|p2a: Alomomola
|-resisted|p2a: Alomomola
|-damage|p2a: Alomomola|96/100
|-damage|p1a: Alomomola|3/100|[from] item: Rocky Helmet|[of] p2a: Alomomola
|
|t:|1760881566
|switch|p1a: Enamorus|Enamorus, F|46/100|[from] Flip Turn
|
|upkeep
|turn|14
|
|t:|1760881572
|move|p2a: Alomomola|Protect|p2a: Alomomola
|-singleturn|p2a: Alomomola|Protect
|move|p1a: Enamorus|Moonblast|p2a: Alomomola
|-activate|p2a: Alomomola|move: Protect
|
|upkeep
|turn|15
|
|t:|1760881587
|move|p1a: Enamorus|Moonblast|p2a: Alomomola
|-damage|p2a: Alomomola|9/100
|move|p2a: Alomomola|Wish|p2a: Alomomola
|
|upkeep
|turn|16
|
|t:|1760881594
|switch|p1a: Alomomola|Alomomola, F|36/100
|switch|p2a: Scizor|Scizor, M|55/100
|
|-heal|p2a: Scizor|100/100|[from] move: Wish|[wisher] Alomomola
|upkeep
|turn|17
|
|t:|1760881598
|switch|p1a: Amoonguss|Amoonguss, F|89/100
|move|p2a: Scizor|U-turn|p1a: Amoonguss
|-damage|p1a: Amoonguss|42/100
|
|t:|1760881600
|switch|p2a: Cinderace|Cinderace, M|100/100|[from] U-turn
|
|upkeep
|turn|18
|
|t:|1760881602
|switch|p1a: Alomomola|Alomomola, F|69/100
|move|p2a: Cinderace|Pyro Ball|p1a: Alomomola
|-resisted|p1a: Alomomola
|-damage|p1a: Alomomola|46/100
|
|upkeep
|turn|19
|
|t:|1760881604
|move|p2a: Cinderace|Will-O-Wisp|p1a: Alomomola
|-status|p1a: Alomomola|brn
|move|p1a: Alomomola|Flip Turn|p2a: Cinderace
|-supereffective|p2a: Cinderace
|-damage|p2a: Cinderace|76/100
|
|t:|1760881612
|switch|p1a: Darkrai|Darkrai|100/100|[from] Flip Turn
|
|upkeep
|turn|20
|
|t:|1760881615
|switch|p2a: Great Tusk|Great Tusk|100/100
|move|p1a: Darkrai|Dark Pulse|p2a: Great Tusk
|-resisted|p2a: Great Tusk
|-damage|p2a: Great Tusk|81/100
|
|upkeep
|turn|21
|inactive|torvik en place has 120 seconds left.
|
|t:|1760881649
|move|p1a: Darkrai|Ice Beam|p2a: Great Tusk
|-supereffective|p2a: Great Tusk
|-damage|p2a: Great Tusk|31/100
|-status|p2a: Great Tusk|frz
|cant|p2a: Great Tusk|frz
|
|upkeep
|turn|22
|c|☆stariaki|Brug
|c|☆stariaki|Bruh
|
|t:|1760881661
|move|p1a: Darkrai|Dark Pulse|p2a: Great Tusk
|-resisted|p2a: Great Tusk
|-damage|p2a: Great Tusk|12/100 frz
|cant|p2a: Great Tusk|frz
|
|upkeep
|turn|23
|
|t:|1760881665
|move|p1a: Darkrai|Dark Pulse|p2a: Great Tusk
|-resisted|p2a: Great Tusk
|-damage|p2a: Great Tusk|0 fnt
|faint|p2a: Great Tusk
|-end|p2a: Great Tusk|Protosynthesis|[silent]
|
|upkeep
|c|☆stariaki|This sucks
|
|t:|1760881673
|switch|p2a: Scizor|Scizor, M|100/100
|turn|24
|
|t:|1760881682
|switch|p1a: Great Tusk|Great Tusk|80/100
|move|p2a: Scizor|U-turn|p1a: Great Tusk
|-resisted|p1a: Great Tusk
|-damage|p1a: Great Tusk|58/100
|
|t:|1760881686
|switch|p2a: Alomomola|Alomomola, F|43/100|[from] U-turn
|
|upkeep
|turn|25
|
|t:|1760881690
|-end|p1a: Great Tusk|Protosynthesis|[silent]
|switch|p1a: Amoonguss|Amoonguss, F|76/100
|move|p2a: Alomomola|Wish|p2a: Alomomola
|
|upkeep
|turn|26
|
|t:|1760881698
|move|p2a: Alomomola|Flip Turn|p1a: Amoonguss
|-resisted|p1a: Amoonguss
|-damage|p1a: Amoonguss|69/100
|
|t:|1760881700
|switch|p2a: Scizor|Scizor, M|100/100|[from] Flip Turn
|move|p1a: Amoonguss|Leaf Storm|p2a: Scizor
|-resisted|p2a: Scizor
|-damage|p2a: Scizor|90/100
|-unboost|p1a: Amoonguss|spa|2
|-enditem|p1a: Amoonguss|Eject Pack
|
|t:|1760881706
|switch|p1a: Cinderace|Cinderace, F|100/100
|
|-heal|p2a: Scizor|100/100|[from] move: Wish|[wisher] Alomomola
|upkeep
|turn|27
|
|t:|1760881709
|switch|p2a: Alomomola|Alomomola, F|76/100
|move|p1a: Cinderace|U-turn|p2a: Alomomola
|-damage|p2a: Alomomola|66/100
|-damage|p1a: Cinderace|84/100|[from] item: Rocky Helmet|[of] p2a: Alomomola
|
|t:|1760881712
|switch|p1a: Enamorus|Enamorus, F|46/100|[from] U-turn
|
|upkeep
|turn|28
|
|t:|1760881715
|switch|p2a: Scizor|Scizor, M|100/100
|move|p1a: Enamorus|Moonblast|p2a: Scizor
|-resisted|p2a: Scizor
|-damage|p2a: Scizor|57/100
|
|upkeep
|turn|29
|
|t:|1760881730
|switch|p1a: Amoonguss|Amoonguss, F|100/100
|move|p2a: Scizor|U-turn|p1a: Amoonguss
|-crit|p1a: Amoonguss
|-damage|p1a: Amoonguss|40/100
|
|t:|1760881733
|switch|p2a: Cinderace|Cinderace, M|76/100|[from] U-turn
|
|upkeep
|turn|30
|
|t:|1760881736
|switch|p1a: Alomomola|Alomomola, F|79/100 brn
|move|p2a: Cinderace|U-turn|p1a: Alomomola
|-damage|p1a: Alomomola|61/100 brn
|
|t:|1760881738
|switch|p2a: Scizor|Scizor, M|57/100|[from] U-turn
|
|-damage|p1a: Alomomola|55/100 brn|[from] brn
|upkeep
|turn|31
|
|t:|1760881751
|switch|p1a: Amoonguss|Amoonguss, F|73/100
|move|p2a: Scizor|U-turn|p1a: Amoonguss
|-damage|p1a: Amoonguss|30/100
|
|t:|1760881754
|switch|p2a: Cinderace|Cinderace, M|76/100|[from] U-turn
|
|upkeep
|turn|32
|
|t:|1760881758
|switch|p1a: Alomomola|Alomomola, F|88/100 brn
|move|p2a: Cinderace|U-turn|p1a: Alomomola
|-damage|p1a: Alomomola|69/100 brn
|
|t:|1760881759
|switch|p2a: Scizor|Scizor, M|57/100|[from] U-turn
|
|-damage|p1a: Alomomola|63/100 brn|[from] brn
|upkeep
|turn|33
|
|t:|1760881769
|switch|p1a: Amoonguss|Amoonguss, F|64/100
|move|p2a: Scizor|U-turn|p1a: Amoonguss
|-damage|p1a: Amoonguss|23/100
|
|t:|1760881771
|switch|p2a: Cinderace|Cinderace, M|76/100|[from] U-turn
|
|upkeep
|turn|34
|
|t:|1760881776
|switch|p1a: Alomomola|Alomomola, F|96/100 brn
|move|p2a: Cinderace|Pyro Ball|p1a: Alomomola|[miss]
|-miss|p2a: Cinderace|p1a: Alomomola
|
|-damage|p1a: Alomomola|90/100 brn|[from] brn
|upkeep
|turn|35
|
|t:|1760881779
|move|p2a: Cinderace|U-turn|p1a: Alomomola
|-damage|p1a: Alomomola|71/100 brn
|
|t:|1760881783
|switch|p2a: Alomomola|Alomomola, F|99/100|[from] U-turn
|move|p1a: Alomomola|Flip Turn|p2a: Alomomola
|-resisted|p2a: Alomomola
|-damage|p2a: Alomomola|97/100
|-damage|p1a: Alomomola|55/100 brn|[from] item: Rocky Helmet|[of] p2a: Alomomola
|
|t:|1760881794
|switch|p1a: Enamorus|Enamorus, F|46/100|[from] Flip Turn
|
|upkeep
|turn|36
|
|t:|1760881795
|-terastallize|p1a: Enamorus|Fairy
|move|p1a: Enamorus|Moonblast|p2a: Alomomola
|-damage|p2a: Alomomola|0 fnt
|faint|p2a: Alomomola
|
|upkeep
|
|t:|1760881799
|switch|p2a: Scizor|Scizor, M|57/100
|turn|37
|
|t:|1760881806
|switch|p1a: Alomomola|Alomomola, F|88/100 brn
|move|p2a: Scizor|Bullet Punch|p1a: Alomomola
|-resisted|p1a: Alomomola
|-damage|p1a: Alomomola|67/100 brn
|
|-damage|p1a: Alomomola|61/100 brn|[from] brn
|upkeep
|turn|38
|
|t:|1760881810
|switch|p2a: Dragonite|Dragonite, M|100/100
|move|p1a: Alomomola|Flip Turn|p2a: Dragonite
|-resisted|p2a: Dragonite
|-damage|p2a: Dragonite|99/100
|
|t:|1760881818
|switch|p1a: Enamorus|Enamorus, F, tera:Fairy|46/100|[from] Flip Turn
|
|-heal|p2a: Dragonite|100/100|[from] item: Leftovers
|upkeep
|turn|39
|j| Ctannn
|
|t:|1760881831
|move|p1a: Enamorus|Moonblast|p2a: Dragonite
|-supereffective|p2a: Dragonite
|-damage|p2a: Dragonite|18/100
|-unboost|p2a: Dragonite|spa|1
|move|p2a: Dragonite|Ice Spinner|p1a: Enamorus
|-damage|p1a: Enamorus|5/100
|
|-heal|p2a: Dragonite|24/100|[from] item: Leftovers
|upkeep
|turn|40
|
|t:|1760881841
|switch|p1a: Alomomola|Alomomola, F|94/100 brn
|move|p2a: Dragonite|Ice Spinner|p1a: Alomomola
|-resisted|p1a: Alomomola
|-damage|p1a: Alomomola|84/100 brn
|
|-heal|p2a: Dragonite|31/100|[from] item: Leftovers
|-damage|p1a: Alomomola|78/100 brn|[from] brn
|upkeep
|turn|41
|
|t:|1760881844
|move|p2a: Dragonite|Roost|p2a: Dragonite
|-heal|p2a: Dragonite|81/100
|-singleturn|p2a: Dragonite|move: Roost
|move|p1a: Alomomola|Flip Turn|p2a: Dragonite
|-resisted|p2a: Dragonite
|-crit|p2a: Dragonite
|-damage|p2a: Dragonite|75/100
|
|t:|1760881852
|switch|p1a: Enamorus|Enamorus, F, tera:Fairy|5/100|[from] Flip Turn
|
|-heal|p2a: Dragonite|81/100|[from] item: Leftovers
|upkeep
|turn|42
|
|t:|1760881873
|switch|p2a: Cinderace|Cinderace, M|76/100
|move|p1a: Enamorus|Moonblast|p2a: Cinderace
|-resisted|p2a: Cinderace
|-damage|p2a: Cinderace|0 fnt
|faint|p2a: Cinderace
|
|upkeep
|
|t:|1760881878
|switch|p2a: Scizor|Scizor, M|57/100
|turn|43
|
|t:|1760881892
|switch|p1a: Alomomola|Alomomola, F|100/100 brn
|move|p2a: Scizor|U-turn|p1a: Alomomola
|-damage|p1a: Alomomola|52/100 brn
|
|t:|1760881897
|switch|p2a: Polteageist|Polteageist|100/100|[from] U-turn
|
|-damage|p1a: Alomomola|46/100 brn|[from] brn
|upkeep
|turn|44
|
|t:|1760881906
|move|p2a: Polteageist|Shell Smash|p2a: Polteageist
|-unboost|p2a: Polteageist|def|1
|-unboost|p2a: Polteageist|spd|1
|-boost|p2a: Polteageist|atk|2
|-boost|p2a: Polteageist|spa|2
|-boost|p2a: Polteageist|spe|2
|move|p1a: Alomomola|Flip Turn|p2a: Polteageist
|-damage|p2a: Polteageist|77/100
|-ability|p2a: Polteageist|Weak Armor|boost
|-unboost|p2a: Polteageist|def|1
|-boost|p2a: Polteageist|spe|2
|
|t:|1760881924
|switch|p1a: Darkrai|Darkrai|100/100|[from] Flip Turn
|
|upkeep
|turn|45
|
|t:|1760881927
|-terastallize|p2a: Polteageist|Fighting
|move|p1a: Darkrai|Sucker Punch|p2a: Polteageist
|-resisted|p2a: Polteageist
|-damage|p2a: Polteageist|32/100
|-ability|p2a: Polteageist|Weak Armor|boost
|-unboost|p2a: Polteageist|def|1
|-boost|p2a: Polteageist|spe|2
|move|p2a: Polteageist|Tera Blast|p1a: Darkrai|[anim] Tera Blast Fighting
|-supereffective|p1a: Darkrai
|-damage|p1a: Darkrai|0 fnt
|faint|p1a: Darkrai
|
|upkeep
|inactive|torvik en place has 120 seconds left.
|
|t:|1760881973
|switch|p1a: Alomomola|Alomomola, F|79/100 brn
|turn|46
|
|t:|1760881978
|switch|p1a: Amoonguss|Amoonguss, F|56/100
|move|p2a: Polteageist|Stored Power|p1a: Amoonguss
|-supereffective|p1a: Amoonguss
|-damage|p1a: Amoonguss|0 fnt
|faint|p1a: Amoonguss
|
|upkeep
|
|t:|1760881980
|switch|p1a: Alomomola|Alomomola, F|100/100 brn
|turn|47
|
|t:|1760881982
|move|p2a: Polteageist|Stored Power|p1a: Alomomola
|-damage|p1a: Alomomola|19/100 brn
|move|p1a: Alomomola|Flip Turn|p2a: Polteageist
|-damage|p2a: Polteageist|0 fnt
|faint|p2a: Polteageist
|inactive|torvik en place has 120 seconds left.
|
|t:|1760881998
|switch|p1a: Great Tusk|Great Tusk|58/100|[from] Flip Turn
|
|upkeep
|j| Spud Webbs
|
|t:|1760882011
|switch|p2a: Dragonite|Dragonite, M|81/100
|turn|48
|
|t:|1760882013
|move|p1a: Great Tusk|Ice Spinner|p2a: Dragonite
|-supereffective|p2a: Dragonite
|-damage|p2a: Dragonite|0 fnt
|faint|p2a: Dragonite
|
|upkeep
|
|t:|1760882016
|switch|p2a: Scizor|Scizor, M|57/100
|turn|49
|
|t:|1760882021
|-end|p1a: Great Tusk|Protosynthesis|[silent]
|switch|p1a: Alomomola|Alomomola, F|52/100 brn
|move|p2a: Scizor|Bullet Punch|p1a: Alomomola
|-resisted|p1a: Alomomola
|-damage|p1a: Alomomola|32/100 brn
|
|-damage|p1a: Alomomola|26/100 brn|[from] brn
|upkeep
|turn|50
|
|t:|1760882023
|move|p2a: Scizor|Bullet Punch|p1a: Alomomola
|-resisted|p1a: Alomomola
|-damage|p1a: Alomomola|7/100 brn
|move|p1a: Alomomola|Flip Turn|p2a: Scizor
|-damage|p2a: Scizor|49/100
|c|☆stariaki|Gg
|
|t:|1760882025
|switch|p1a: Great Tusk|Great Tusk|58/100|[from] Flip Turn
|
|upkeep
|turn|51
|-message|stariaki forfeited.
|
|win|torvik en place
|raw|torvik en place's rating: 1933 &rarr; <strong>1945</strong><br />(+12 for winning)
|raw|stariaki's rating: 1788 &rarr; <strong>1776</strong><br />(-12 for losing)
|l|☆stariaki
|player|p2|
|c|☆torvik en place|Gg
|l| Spud Webbs
|l|☆torvik en place
|player|p1|
|l| Ctannn
