|j|☆PokeMasterEN
|j|☆GEM0816
|t:|1760765831
|gametype|singles
|player|p1|PokeMasterEN|firebreather|1217
|player|p2|GEM0816|lady|1239
|gen|9
|tier|[Gen 9] OU
|rated|
|rule|HP Percentage Mod: HP is shown in percentages
|rule|Endless Battle Clause: Forcing endless battles is banned
|rule|Species Clause: Limit one of each Pokémon
|rule|OHKO Clause: OHKO moves are banned
|rule|Evasion Items Clause: Evasion items are banned
|rule|Evasion Moves Clause: Evasion moves are banned
|rule|Evasion Abilities Clause: Evasion abilities are banned
|rule|Sleep Moves Clause: Sleep-inducing moves are banned
|clearpoke
|poke|p1|Kyurem|
|poke|p1|Landorus-Therian, M|
|poke|p1|Kingambit, M|
|poke|p1|Zamazenta-*|
|poke|p1|Great Tusk|
|poke|p1|Zapdos|
|poke|p2|Gallade, M|
|poke|p2|Zoroark-Hisui, F|
|poke|p2|Corviknight, M|
|poke|p2|Clodsire, F|
|poke|p2|Arcanine, M|
|poke|p2|Dachsbun, M|
|teampreview
|inactive|Battle timer is ON: inactive players will automatically lose when time's up. (requested by PokeMasterEN)
|
|t:|1760765851
|teamsize|p1|6
|teamsize|p2|6
|start
|switch|p1a: Landorus|Landorus-Therian, M|100/100
|switch|p2a: 艾路雷朵|Gallade, M|100/100
|-ability|p1a: Landorus|Intimidate|boost
|-unboost|p2a: 艾路雷朵|atk|1
|turn|1
|
|t:|1760765863
|-terastallize|p2a: 艾路雷朵|Ice
|move|p2a: 艾路雷朵|Tera Blast|p1a: Landorus|[anim] Tera Blast Ice
|-supereffective|p1a: Landorus
|-damage|p1a: Landorus|0 fnt
|faint|p1a: Landorus
|
|upkeep
|c|☆GEM0816|嘻嘻
|
|t:|1760765874
|switch|p1a: Zapdos|Zapdos|100/100
|turn|2
|
|t:|1760765877
|move|p2a: 艾路雷朵|Tera Blast|p1a: Zapdos|[anim] Tera Blast Ice
|-supereffective|p1a: Zapdos
|-damage|p1a: Zapdos|36/100
|move|p1a: Zapdos|Heat Wave|p2a: 艾路雷朵|[miss]
|-miss|p1a: Zapdos|p2a: 艾路雷朵
|
|upkeep
|turn|3
|c|☆GEM0816|嘻嘻
|
|t:|1760765899
|move|p2a: 艾路雷朵|Tera Blast|p1a: Zapdos|[anim] Tera Blast Ice
|-supereffective|p1a: Zapdos
|-damage|p1a: Zapdos|0 fnt
|faint|p1a: Zapdos
|
|upkeep
|
|t:|1760765907
|switch|p1a: Kyurem|Kyurem|100/100
|-ability|p1a: Kyurem|Pressure
|turn|4
|
|t:|1760765911
|-terastallize|p1a: Kyurem|Fairy
|move|p2a: 艾路雷朵|Tera Blast|p1a: Kyurem|[anim] Tera Blast Ice
|-damage|p1a: Kyurem|80/100
|move|p1a: Kyurem|Focus Blast|p2a: 艾路雷朵
|-supereffective|p2a: 艾路雷朵
|-damage|p2a: 艾路雷朵|0 fnt
|replace|p2a: 索罗亚克|Zoroark-Hisui, F
|-end|p2a: 索罗亚克|Illusion
|faint|p2a: 索罗亚克
|
|upkeep
|
|t:|1760765926
|switch|p2a: 土王|Clodsire, F|100/100
|turn|5
|
|t:|1760765937
|switch|p1a: Great Tusk|Great Tusk|100/100
|move|p2a: 土王|Toxic|p1a: Great Tusk
|-status|p1a: Great Tusk|tox
|
|-damage|p1a: Great Tusk|94/100 tox|[from] psn
|upkeep
|turn|6
|
|t:|1760765945
|switch|p2a: 钢铠鸦|Corviknight, M|100/100
|move|p1a: Great Tusk|Knock Off|p2a: 钢铠鸦
|-damage|p2a: 钢铠鸦|80/100
|-enditem|p2a: 钢铠鸦|Leftovers|[from] move: Knock Off|[of] p1a: Great Tusk
|
|-damage|p1a: Great Tusk|82/100 tox|[from] psn
|upkeep
|turn|7
|
|t:|1760765956
|-end|p1a: Great Tusk|Protosynthesis|[silent]
|switch|p1a: Zamazenta|Zamazenta|100/100
|-ability|p1a: Zamazenta|Dauntless Shield|boost
|-boost|p1a: Zamazenta|def|1
|move|p2a: 钢铠鸦|Iron Defense|p2a: 钢铠鸦
|-boost|p2a: 钢铠鸦|def|2
|
|upkeep
|turn|8
|
|t:|1760765963
|move|p1a: Zamazenta|Close Combat|p2a: 钢铠鸦
|-damage|p2a: 钢铠鸦|56/100
|-unboost|p1a: Zamazenta|def|1
|-unboost|p1a: Zamazenta|spd|1
|-damage|p1a: Zamazenta|91/100|[from] item: Life Orb
|move|p2a: 钢铠鸦|Iron Defense|p2a: 钢铠鸦
|-boost|p2a: 钢铠鸦|def|2
|
|upkeep
|turn|9
|
|t:|1760765971
|move|p1a: Zamazenta|Stone Edge|p2a: 钢铠鸦|[miss]
|-miss|p1a: Zamazenta|p2a: 钢铠鸦
|move|p2a: 钢铠鸦|Iron Defense|p2a: 钢铠鸦
|-boost|p2a: 钢铠鸦|def|2
|
|upkeep
|turn|10
|
|t:|1760765977
|move|p1a: Zamazenta|Stone Edge|p2a: 钢铠鸦
|-damage|p2a: 钢铠鸦|48/100
|-damage|p1a: Zamazenta|81/100|[from] item: Life Orb
|move|p2a: 钢铠鸦|Roost|p2a: 钢铠鸦
|-heal|p2a: 钢铠鸦|98/100
|-singleturn|p2a: 钢铠鸦|move: Roost
|
|upkeep
|turn|11
|
|t:|1760765991
|move|p1a: Zamazenta|Close Combat|p2a: 钢铠鸦
|-damage|p2a: 钢铠鸦|86/100
|-unboost|p1a: Zamazenta|def|1
|-unboost|p1a: Zamazenta|spd|1
|-damage|p1a: Zamazenta|71/100|[from] item: Life Orb
|move|p2a: 钢铠鸦|Body Press|p1a: Zamazenta
|-damage|p1a: Zamazenta|0 fnt
|faint|p1a: Zamazenta
|
|upkeep
|
|t:|1760765999
|switch|p1a: Kyurem|Kyurem, tera:Fairy|80/100
|-ability|p1a: Kyurem|Pressure
|turn|12
|
|t:|1760766006
|move|p1a: Kyurem|Freeze-Dry|p2a: 钢铠鸦
|-damage|p2a: 钢铠鸦|51/100
|move|p2a: 钢铠鸦|Body Press|p1a: Kyurem
|-resisted|p1a: Kyurem
|-damage|p1a: Kyurem|36/100
|
|upkeep
|turn|13
|
|t:|1760766012
|move|p1a: Kyurem|Freeze-Dry|p2a: 钢铠鸦
|-damage|p2a: 钢铠鸦|11/100
|move|p2a: 钢铠鸦|Body Press|p1a: Kyurem
|-resisted|p1a: Kyurem
|-damage|p1a: Kyurem|0 fnt
|faint|p1a: Kyurem
|
|upkeep
|
|t:|1760766018
|switch|p1a: Great Tusk|Great Tusk|82/100 tox
|turn|14
|
|t:|1760766022
|move|p1a: Great Tusk|Ice Spinner|p2a: 钢铠鸦
|-crit|p2a: 钢铠鸦
|-damage|p2a: 钢铠鸦|0 fnt
|faint|p2a: 钢铠鸦
|
|-damage|p1a: Great Tusk|76/100 tox|[from] psn
|upkeep
|
|t:|1760766030
|switch|p2a: 疯狗|Arcanine, M|100/100
|-ability|p2a: 疯狗|Intimidate|boost
|-unboost|p1a: Great Tusk|atk|1
|turn|15
|
|t:|1760766036
|switch|p2a: 麻花犬|Dachsbun, M|100/100
|move|p1a: Great Tusk|Headlong Rush|p2a: 麻花犬
|-damage|p2a: 麻花犬|71/100
|-unboost|p1a: Great Tusk|def|1
|-unboost|p1a: Great Tusk|spd|1
|
|-heal|p2a: 麻花犬|77/100|[from] item: Leftovers
|-damage|p1a: Great Tusk|63/100 tox|[from] psn
|upkeep
|turn|16
|
|t:|1760766050
|-end|p1a: Great Tusk|Protosynthesis|[silent]
|switch|p1a: Kingambit|Kingambit, M|100/100
|-activate|p1a: Kingambit|ability: Supreme Overlord
|-start|p1a: Kingambit|fallen4|[silent]
|move|p2a: 麻花犬|Wish|p2a: 麻花犬
|
|-heal|p2a: 麻花犬|83/100|[from] item: Leftovers
|upkeep
|turn|17
|
|t:|1760766056
|move|p2a: 麻花犬|Body Press|p1a: Kingambit
|-supereffective|p1a: Kingambit
|-damage|p1a: Kingambit|26/100
|move|p1a: Kingambit|Swords Dance|p1a: Kingambit
|-boost|p1a: Kingambit|atk|2
|
|-heal|p2a: 麻花犬|100/100|[from] move: Wish|[wisher] 麻花犬
|-heal|p1a: Kingambit|32/100|[from] item: Leftovers
|upkeep
|turn|18
|
|t:|1760766065
|move|p1a: Kingambit|Sucker Punch|p2a: 麻花犬
|-resisted|p2a: 麻花犬
|-damage|p2a: 麻花犬|62/100
|move|p2a: 麻花犬|Body Press|p1a: Kingambit
|-supereffective|p1a: Kingambit
|-damage|p1a: Kingambit|0 fnt
|faint|p1a: Kingambit
|-end|p1a: Kingambit|fallen4|[silent]
|
|-heal|p2a: 麻花犬|68/100|[from] item: Leftovers
|upkeep
|
|t:|1760766068
|switch|p1a: Great Tusk|Great Tusk|63/100 tox
|turn|19
|
|t:|1760766072
|move|p1a: Great Tusk|Knock Off|p2a: 麻花犬
|-resisted|p2a: 麻花犬
|-crit|p2a: 麻花犬
|-damage|p2a: 麻花犬|50/100
|-enditem|p2a: 麻花犬|Leftovers|[from] move: Knock Off|[of] p1a: Great Tusk
|move|p2a: 麻花犬|Wish|p2a: 麻花犬
|
|-damage|p1a: Great Tusk|57/100 tox|[from] psn
|upkeep
|turn|20
|l|☆PokeMasterEN
|inactive|PokeMasterEN disconnected and has a minute to reconnect!
|player|p1|
|j|☆PokeMasterEN
|inactive|PokeMasterEN reconnected and has 130 seconds left.
|player|p1|PokeMasterEN|firebreather|
|
|t:|1760766097
|move|p1a: Great Tusk|Headlong Rush|p2a: 麻花犬
|-damage|p2a: 麻花犬|8/100
|-unboost|p1a: Great Tusk|def|1
|-unboost|p1a: Great Tusk|spd|1
|move|p2a: 麻花犬|Body Press|p1a: Great Tusk
|-damage|p1a: Great Tusk|28/100 tox
|
|-heal|p2a: 麻花犬|58/100|[from] move: Wish|[wisher] 麻花犬
|-damage|p1a: Great Tusk|15/100 tox|[from] psn
|upkeep
|turn|21
|-message|PokeMasterEN forfeited.
|
|win|GEM0816
|raw|PokeMasterEN's rating: 1217 &rarr; <strong>1194</strong><br />(-23 for losing)
|raw|GEM0816's rating: 1239 &rarr; <strong>1262</strong><br />(+23 for winning)
|l|☆PokeMasterEN
|player|p1|
|l|☆GEM0816
|player|p2|
