|j|☆SmallKuza1888
|j|☆Hummusgrubbus
|t:|1760847875
|gametype|singles
|player|p1|SmallKuza1888|cyclist-gen4|1611
|player|p2|Hummusgrubbus|1|1531
|gen|9
|tier|[Gen 9] OU
|rated|
|rule|HP Percentage Mod: HP is shown in percentages
|rule|Endless Battle Clause: Forcing endless battles is banned
|rule|Species Clause: Limit one of each Pokémon
|rule|OHKO Clause: OHKO moves are banned
|rule|Evasion Items Clause: Evasion items are banned
|rule|Evasion Moves Clause: Evasion moves are banned
|rule|Evasion Abilities Clause: Evasion abilities are banned
|rule|Sleep Moves Clause: Sleep-inducing moves are banned
|clearpoke
|poke|p1|Tyranitar, F|
|poke|p1|Excadrill, M|
|poke|p1|Sinistcha|
|poke|p1|Tinkaton, F|
|poke|p1|Toxapex, F|
|poke|p1|Tornadus-Therian, M|
|poke|p2|Iron Valiant|
|poke|p2|Great Tusk|
|poke|p2|Rillaboom, M|
|poke|p2|Slowking-Galar, M|
|poke|p2|Kyurem|
|poke|p2|Weezing-Galar, M|
|teampreview
|
|t:|1760847887
|teamsize|p1|6
|teamsize|p2|6
|start
|switch|p1a: Tornadus|Tornadus-Therian, M|100/100
|switch|p2a: Iron Valiant|Iron Valiant|100/100
|turn|1
|inactive|Battle timer is ON: inactive players will automatically lose when time's up. (requested by SmallKuza1888)
|
|t:|1760847897
|switch|p1a: Tinkaton|Tinkaton, F|100/100
|-ability|p1a: Tinkaton|Mold Breaker
|-item|p1a: Tinkaton|Air Balloon
|-terastallize|p2a: Iron Valiant|Electric
|move|p2a: Iron Valiant|Calm Mind|p2a: Iron Valiant
|-boost|p2a: Iron Valiant|spa|1
|-boost|p2a: Iron Valiant|spd|1
|
|upkeep
|turn|2
|
|t:|1760847903
|move|p2a: Iron Valiant|Thunderbolt|p1a: Tinkaton
|-damage|p1a: Tinkaton|23/100
|-enditem|p1a: Tinkaton|Air Balloon
|-damage|p2a: Iron Valiant|91/100|[from] item: Life Orb
|move|p1a: Tinkaton|Encore|p2a: Iron Valiant
|-start|p2a: Iron Valiant|Encore
|
|upkeep
|turn|3
|
|t:|1760847914
|switch|p1a: Excadrill|Excadrill, M|100/100
|move|p2a: Iron Valiant|Thunderbolt|p1a: Excadrill
|-immune|p1a: Excadrill
|
|upkeep
|turn|4
|
|t:|1760847924
|-end|p2a: Iron Valiant|Quark Drive|[silent]
|switch|p2a: Great Tusk|Great Tusk|100/100
|switch|p1a: Tornadus|Tornadus-Therian, M|100/100
|
|upkeep
|turn|5
|
|t:|1760847930
|-end|p2a: Great Tusk|Protosynthesis|[silent]
|switch|p2a: Slowking|Slowking-Galar, M|100/100
|move|p1a: Tornadus|Bleakwind Storm|p2a: Slowking
|-damage|p2a: Slowking|67/100
|
|upkeep
|turn|6
|
|t:|1760847933
|move|p1a: Tornadus|Bleakwind Storm|p2a: Slowking
|-damage|p2a: Slowking|32/100
|move|p2a: Slowking|Flamethrower|p1a: Tornadus
|-damage|p1a: Tornadus|67/100
|
|upkeep
|turn|7
|
|t:|1760847937
|move|p1a: Tornadus|Bleakwind Storm|p2a: Slowking|[miss]
|-miss|p1a: Tornadus|p2a: Slowking
|move|p2a: Slowking|Future Sight|p1a: Tornadus
|-start|p2a: Slowking|move: Future Sight
|
|upkeep
|turn|8
|
|t:|1760847949
|switch|p2a: Kyurem|Kyurem|100/100
|-ability|p2a: Kyurem|Pressure
|move|p1a: Tornadus|Bleakwind Storm|p2a: Kyurem
|-damage|p2a: Kyurem|32/100
|-unboost|p2a: Kyurem|spe|1
|
|upkeep
|turn|9
|
|t:|1760847961
|switch|p2a: Slowking|Slowking-Galar, M|66/100
|move|p1a: Tornadus|Bleakwind Storm|p2a: Slowking
|-damage|p2a: Slowking|34/100
|
|-end|p1a: Tornadus|move: Future Sight
|-damage|p1a: Tornadus|0 fnt
|faint|p1a: Tornadus
|upkeep
|j| jsnsddk
|
|t:|1760847966
|switch|p1a: Tyranitar|Tyranitar, F|100/100
|-weather|Sandstorm|[from] ability: Sand Stream|[of] p1a: Tyranitar
|turn|10
|
|t:|1760847971
|switch|p2a: Great Tusk|Great Tusk|100/100
|move|p1a: Tyranitar|Earthquake|p2a: Great Tusk
|-damage|p2a: Great Tusk|71/100
|
|-weather|Sandstorm|[upkeep]
|-heal|p2a: Great Tusk|78/100|[from] item: Leftovers
|upkeep
|turn|11
|
|t:|1760847974
|switch|p1a: Sinistcha|Sinistcha|100/100
|move|p2a: Great Tusk|Body Press|p1a: Sinistcha
|-immune|p1a: Sinistcha
|
|-weather|Sandstorm|[upkeep]
|-damage|p1a: Sinistcha|94/100|[from] Sandstorm
|-heal|p2a: Great Tusk|84/100|[from] item: Leftovers
|-heal|p1a: Sinistcha|100/100|[from] item: Leftovers
|upkeep
|turn|12
|
|t:|1760847983
|-end|p2a: Great Tusk|Protosynthesis|[silent]
|switch|p2a: Kyurem|Kyurem|32/100
|-ability|p2a: Kyurem|Pressure
|move|p1a: Sinistcha|Shadow Ball|p2a: Kyurem
|-damage|p2a: Kyurem|4/100
|
|-weather|Sandstorm|[upkeep]
|-damage|p2a: Kyurem|0 fnt|[from] Sandstorm
|-damage|p1a: Sinistcha|94/100|[from] Sandstorm
|faint|p2a: Kyurem
|-heal|p1a: Sinistcha|100/100|[from] item: Leftovers
|upkeep
|
|t:|1760847989
|switch|p2a: Slowking|Slowking-Galar, M|67/100
|turn|13
|
|t:|1760847998
|move|p1a: Sinistcha|Calm Mind|p1a: Sinistcha
|-boost|p1a: Sinistcha|spa|1
|-boost|p1a: Sinistcha|spd|1
|move|p2a: Slowking|Future Sight|p1a: Sinistcha
|-start|p2a: Slowking|move: Future Sight
|
|-weather|Sandstorm|[upkeep]
|-damage|p1a: Sinistcha|94/100|[from] Sandstorm
|-damage|p2a: Slowking|61/100|[from] Sandstorm
|-heal|p1a: Sinistcha|100/100|[from] item: Leftovers
|upkeep
|turn|14
|
|t:|1760848001
|move|p1a: Sinistcha|Calm Mind|p1a: Sinistcha
|-boost|p1a: Sinistcha|spa|1
|-boost|p1a: Sinistcha|spd|1
|move|p2a: Slowking|Flamethrower|p1a: Sinistcha
|-supereffective|p1a: Sinistcha
|-damage|p1a: Sinistcha|83/100
|
|-weather|none
|-heal|p1a: Sinistcha|89/100|[from] item: Leftovers
|upkeep
|turn|15
|
|t:|1760848007
|move|p1a: Sinistcha|Calm Mind|p1a: Sinistcha
|-boost|p1a: Sinistcha|spa|1
|-boost|p1a: Sinistcha|spd|1
|move|p2a: Slowking|Mud Shot|p1a: Sinistcha
|-resisted|p1a: Sinistcha
|-damage|p1a: Sinistcha|84/100
|-unboost|p1a: Sinistcha|spe|1
|
|-end|p1a: Sinistcha|move: Future Sight
|-damage|p1a: Sinistcha|56/100
|-heal|p1a: Sinistcha|62/100|[from] item: Leftovers
|upkeep
|turn|16
|
|t:|1760848010
|move|p1a: Sinistcha|Strength Sap|p2a: Slowking
|-unboost|p2a: Slowking|atk|1
|-heal|p1a: Sinistcha|97/100
|move|p2a: Slowking|Future Sight|p1a: Sinistcha
|-start|p2a: Slowking|move: Future Sight
|
|-heal|p1a: Sinistcha|100/100|[from] item: Leftovers
|upkeep
|turn|17
|
|t:|1760848012
|move|p1a: Sinistcha|Shadow Ball|p2a: Slowking
|-supereffective|p2a: Slowking
|-damage|p2a: Slowking|0 fnt
|faint|p2a: Slowking
|
|upkeep
|
|t:|1760848019
|switch|p2a: Weezing|Weezing-Galar, M|100/100
|-ability|p2a: Weezing|Neutralizing Gas
|turn|18
|
|t:|1760848025
|move|p2a: Weezing|Toxic|p1a: Sinistcha
|-status|p1a: Sinistcha|tox
|move|p1a: Sinistcha|Shadow Ball|p2a: Weezing
|-damage|p2a: Weezing|0 fnt
|faint|p2a: Weezing
|-end|p2a: Weezing|ability: Neutralizing Gas
|
|-end|p1a: Sinistcha|move: Future Sight
|-damage|p1a: Sinistcha|75/100 tox
|-heal|p1a: Sinistcha|81/100 tox|[from] item: Leftovers
|-damage|p1a: Sinistcha|75/100 tox|[from] psn
|upkeep
|
|t:|1760848032
|switch|p2a: Rillaboom|Rillaboom, M|100/100
|-fieldstart|move: Grassy Terrain|[from] ability: Grassy Surge|[of] p2a: Rillaboom
|turn|19
|
|t:|1760848038
|move|p2a: Rillaboom|Knock Off|p1a: Sinistcha
|-supereffective|p1a: Sinistcha
|-damage|p1a: Sinistcha|24/100 tox
|-enditem|p1a: Sinistcha|Leftovers|[from] move: Knock Off|[of] p2a: Rillaboom
|move|p1a: Sinistcha|Shadow Ball|p2a: Rillaboom
|-damage|p2a: Rillaboom|1/100
|-unboost|p2a: Rillaboom|spd|1
|
|-heal|p2a: Rillaboom|7/100|[from] Grassy Terrain
|-heal|p1a: Sinistcha|31/100 tox|[from] Grassy Terrain
|-damage|p1a: Sinistcha|18/100 tox|[from] psn
|upkeep
|turn|20
|
|t:|1760848047
|move|p2a: Rillaboom|Grassy Glide|p1a: Sinistcha
|-resisted|p1a: Sinistcha
|-damage|p1a: Sinistcha|2/100 tox
|move|p1a: Sinistcha|Strength Sap|p2a: Rillaboom
|-unboost|p2a: Rillaboom|atk|1
|-heal|p1a: Sinistcha|100/100 tox
|
|-heal|p2a: Rillaboom|13/100|[from] Grassy Terrain
|-damage|p1a: Sinistcha|82/100 tox|[from] psn
|upkeep
|turn|21
|
|t:|1760848051
|move|p2a: Rillaboom|Grassy Glide|p1a: Sinistcha
|-resisted|p1a: Sinistcha
|-damage|p1a: Sinistcha|71/100 tox
|move|p1a: Sinistcha|Matcha Gotcha|p2a: Rillaboom
|-resisted|p2a: Rillaboom
|-damage|p2a: Rillaboom|0 fnt
|-heal|p1a: Sinistcha|78/100 tox|[from] drain|[of] p2a: Rillaboom
|faint|p2a: Rillaboom
|
|-heal|p1a: Sinistcha|84/100 tox|[from] Grassy Terrain
|-damage|p1a: Sinistcha|59/100 tox|[from] psn
|upkeep
|
|t:|1760848064
|switch|p2a: Iron Valiant|Iron Valiant, tera:Electric|91/100
|turn|22
|j| Scoob252525
|
|t:|1760848068
|move|p2a: Iron Valiant|Calm Mind|p2a: Iron Valiant
|-boost|p2a: Iron Valiant|spa|1
|-boost|p2a: Iron Valiant|spd|1
|move|p1a: Sinistcha|Matcha Gotcha|p2a: Iron Valiant
|-damage|p2a: Iron Valiant|0 fnt
|-heal|p1a: Sinistcha|97/100 tox|[from] drain|[of] p2a: Iron Valiant
|faint|p2a: Iron Valiant
|-end|p2a: Iron Valiant|Quark Drive|[silent]
|
|-heal|p1a: Sinistcha|100/100 tox|[from] Grassy Terrain
|-damage|p1a: Sinistcha|70/100 tox|[from] psn
|upkeep
|-message|Hummusgrubbus forfeited.
|
|win|SmallKuza1888
|raw|SmallKuza1888's rating: 1611 &rarr; <strong>1626</strong><br />(+15 for winning)
|raw|Hummusgrubbus's rating: 1531 &rarr; <strong>1516</strong><br />(-15 for losing)
|l|☆Hummusgrubbus
|player|p2|
|l| Scoob252525
|l| jsnsddk
