|j|☆caijin
|j|☆HZBKAI
|t:|1760800764
|gametype|singles
|player|p1|caijin|bianca|1047
|player|p2|HZBKAI|169|1020
|gen|9
|tier|[Gen 9] OU
|rated|
|rule|HP Percentage Mod: HP is shown in percentages
|rule|Endless Battle Clause: Forcing endless battles is banned
|rule|Species Clause: Limit one of each Pokémon
|rule|OHKO Clause: OHKO moves are banned
|rule|Evasion Items Clause: Evasion items are banned
|rule|Evasion Moves Clause: Evasion moves are banned
|rule|Evasion Abilities Clause: Evasion abilities are banned
|rule|Sleep Moves Clause: Sleep-inducing moves are banned
|clearpoke
|poke|p1|Serperior, F|
|poke|p1|Meowstic, M|
|poke|p1|Chandelure, M|
|poke|p1|Pawmot, F|
|poke|p1|Noivern, M|
|poke|p1|Florges-Blue, F|
|poke|p2|Ceruledge, F|
|poke|p2|Kyurem|
|poke|p2|Manaphy|
|poke|p2|Metagross|
|poke|p2|Okidogi, M|
|poke|p2|Zoroark-Hisui, M|
|teampreview
|inactive|Battle timer is ON: inactive players will automatically lose when time's up. (requested by caijin)
|
|t:|1760800770
|teamsize|p1|6
|teamsize|p2|6
|start
|switch|p1a: Mirror|Meowstic, M|100/100
|switch|p2a: Metagross|Metagross|100/100
|turn|1
|
|t:|1760800777
|move|p1a: Mirror|Thunder Wave|p2a: Metagross
|-status|p2a: Metagross|par
|cant|p2a: Metagross|par
|
|upkeep
|turn|2
|
|t:|1760800783
|move|p1a: Mirror|Reflect|p1a: Mirror
|-sidestart|p1: caijin|Reflect
|move|p2a: Metagross|Explosion|p1a: Mirror
|-damage|p1a: Mirror|41/100
|faint|p2a: Metagross
|
|upkeep
|
|t:|1760800783
|switch|p2a: Ceruledge|Ceruledge, F|100/100
|turn|3
|
|t:|1760800792
|move|p1a: Mirror|Thunder Wave|p2a: Ceruledge
|-status|p2a: Ceruledge|par
|move|p2a: Ceruledge|Poltergeist|p1a: Mirror
|-activate|p1a: Mirror|move: Poltergeist|Light Clay
|-supereffective|p1a: Mirror
|-damage|p1a: Mirror|0 fnt
|faint|p1a: Mirror
|
|upkeep
|
|t:|1760800802
|switch|p1a: Camellia|Serperior, F|100/100
|turn|4
|
|t:|1760800808
|-terastallize|p1a: Camellia|Dragon
|move|p1a: Camellia|Coil|p1a: Camellia
|-boost|p1a: Camellia|atk|1
|-boost|p1a: Camellia|def|1
|-boost|p1a: Camellia|accuracy|1
|move|p2a: Ceruledge|Bitter Blade|p1a: Camellia
|-resisted|p1a: Camellia
|-damage|p1a: Camellia|92/100
|
|upkeep
|turn|5
|
|t:|1760800818
|move|p1a: Camellia|Coil|p1a: Camellia
|-boost|p1a: Camellia|atk|1
|-boost|p1a: Camellia|def|1
|-boost|p1a: Camellia|accuracy|1
|cant|p2a: Ceruledge|par
|
|upkeep
|turn|6
|
|t:|1760800824
|move|p1a: Camellia|Coil|p1a: Camellia
|-boost|p1a: Camellia|atk|1
|-boost|p1a: Camellia|def|1
|-boost|p1a: Camellia|accuracy|1
|cant|p2a: Ceruledge|par
|
|upkeep
|turn|7
|
|t:|1760800831
|move|p1a: Camellia|Coil|p1a: Camellia
|-boost|p1a: Camellia|atk|1
|-boost|p1a: Camellia|def|1
|-boost|p1a: Camellia|accuracy|1
|move|p2a: Ceruledge|Poltergeist|p1a: Camellia
|-activate|p1a: Camellia|move: Poltergeist|Loaded Dice
|-damage|p1a: Camellia|81/100
|
|upkeep
|turn|8
|
|t:|1760800839
|move|p1a: Camellia|Coil|p1a: Camellia
|-boost|p1a: Camellia|atk|1
|-boost|p1a: Camellia|def|1
|-boost|p1a: Camellia|accuracy|1
|cant|p2a: Ceruledge|par
|
|upkeep
|turn|9
|
|t:|1760800846
|move|p1a: Camellia|Coil|p1a: Camellia
|-boost|p1a: Camellia|atk|1
|-boost|p1a: Camellia|def|1
|-boost|p1a: Camellia|accuracy|1
|move|p2a: Ceruledge|Poltergeist|p1a: Camellia
|-activate|p1a: Camellia|move: Poltergeist|Loaded Dice
|-damage|p1a: Camellia|73/100
|
|-sideend|p1: caijin|Reflect
|upkeep
|turn|10
|
|t:|1760800855
|move|p1a: Camellia|Scale Shot|p2a: Ceruledge
|-damage|p2a: Ceruledge|49/100 par
|-ability|p2a: Ceruledge|Weak Armor|boost
|-unboost|p2a: Ceruledge|def|1
|-boost|p2a: Ceruledge|spe|2
|-damage|p2a: Ceruledge|0 fnt
|faint|p2a: Ceruledge
|-hitcount|p2: Ceruledge|2
|-unboost|p1a: Camellia|def|1
|-boost|p1a: Camellia|spe|1
|
|upkeep
|
|t:|1760800856
|switch|p2a: Kyurem|Kyurem|100/100
|-ability|p2a: Kyurem|Pressure
|turn|11
|
|t:|1760800870
|-terastallize|p2a: Kyurem|Fire
|move|p1a: Camellia|Scale Shot|p2a: Kyurem
|-damage|p2a: Kyurem|66/100
|-damage|p2a: Kyurem|31/100
|-damage|p2a: Kyurem|0 fnt
|faint|p2a: Kyurem
|-hitcount|p2: Kyurem|3
|-unboost|p1a: Camellia|def|1
|-boost|p1a: Camellia|spe|1
|
|upkeep
|
|t:|1760800870
|switch|p2a: Manaphy|Manaphy|100/100
|turn|12
|
|t:|1760800883
|move|p1a: Camellia|Bullet Seed|p2a: Manaphy
|-supereffective|p2a: Manaphy
|-damage|p2a: Manaphy|33/100
|-supereffective|p2a: Manaphy
|-damage|p2a: Manaphy|0 fnt
|faint|p2a: Manaphy
|-hitcount|p2: Manaphy|2
|
|upkeep
|
|t:|1760800883
|switch|p2a: Okidogi|Okidogi, M|100/100
|turn|13
|
|t:|1760800892
|move|p1a: Camellia|Scale Shot|p2a: Okidogi
|-damage|p2a: Okidogi|69/100
|-damage|p2a: Okidogi|38/100
|-damage|p2a: Okidogi|10/100
|-damage|p2a: Okidogi|0 fnt
|faint|p2a: Okidogi
|-hitcount|p2: Okidogi|4
|-unboost|p1a: Camellia|def|1
|-boost|p1a: Camellia|spe|1
|
|upkeep
|
|t:|1760800892
|switch|p2a: Zoroark|Zoroark-Hisui, M|100/100
|turn|14
|
|t:|1760800905
|move|p1a: Camellia|Bullet Seed|p2a: Zoroark
|-damage|p2a: Zoroark|25/100
|-damage|p2a: Zoroark|0 fnt
|faint|p2a: Zoroark
|-hitcount|p2: Zoroark|2
|
|win|caijin
|raw|caijin's rating: 1047 &rarr; <strong>1077</strong><br />(+30 for winning)
|raw|HZBKAI's rating: 1020 &rarr; <strong>1008</strong><br />(-12 for losing)
|l|☆HZBKAI
|player|p2|
