|j|☆Vickvolta侠
|j|☆SvgNight235
|t:|1760852450
|gametype|singles
|player|p1|Vickvolta侠|bugcatcher-gen4dp|1108
|player|p2|SvgNight235|lucas-gen4pt|1137
|gen|9
|tier|[Gen 9] OU
|rated|
|rule|HP Percentage Mod: HP is shown in percentages
|rule|Endless Battle Clause: Forcing endless battles is banned
|rule|Species Clause: Limit one of each Pokémon
|rule|OHKO Clause: OHKO moves are banned
|rule|Evasion Items Clause: Evasion items are banned
|rule|Evasion Moves Clause: Evasion moves are banned
|rule|Evasion Abilities Clause: Evasion abilities are banned
|rule|Sleep Moves Clause: Sleep-inducing moves are banned
|clearpoke
|poke|p1|Metagross|
|poke|p1|Forretress, F|
|poke|p1|Staraptor, M|
|poke|p1|Talonflame, M|
|poke|p1|Galvantula, F|
|poke|p1|Tyranitar, F|
|poke|p2|Empoleon, M|
|poke|p2|Cinderace, M|
|poke|p2|Garchomp, M|
|poke|p2|Ting-Lu|
|poke|p2|Corviknight, M|
|poke|p2|Dragapult, F|
|teampreview
|
|t:|1760852460
|teamsize|p1|6
|teamsize|p2|6
|start
|switch|p1a: Forretress|Forretress, F|100/100
|switch|p2a: Cinderace|Cinderace, M|100/100
|turn|1
|
|t:|1760852470
|move|p2a: Cinderace|Pyro Ball|p1a: Forretress
|-supereffective|p1a: Forretress
|-ability|p1a: Forretress|Sturdy
|-damage|p1a: Forretress|1/100
|move|p1a: Forretress|Earthquake|p2a: Cinderace
|-supereffective|p2a: Cinderace
|-damage|p2a: Cinderace|21/100
|
|upkeep
|turn|2
|-enditem|p1a: Forretress|Custap Berry|[eat]
|-activate|p1a: Forretress|item: Custap Berry|[consumed]
|
|t:|1760852479
|move|p1a: Forretress|Explosion|p2a: Cinderace
|-damage|p2a: Cinderace|0 fnt
|faint|p1a: Forretress
|faint|p2a: Cinderace
|
|upkeep
|
|t:|1760852489
|switch|p2a: Garchomp|Garchomp, M|100/100
|switch|p1a: Talonflame|Talonflame, M|100/100
|turn|3
|
|t:|1760852497
|switch|p1a: Galvantula|Galvantula, F|100/100
|move|p2a: Garchomp|Stealth Rock|p1a: Galvantula
|-sidestart|p1: Vickvolta侠|move: Stealth Rock
|
|upkeep
|turn|4
|
|t:|1760852505
|move|p1a: Galvantula|Bug Buzz|p2a: Garchomp
|-damage|p2a: Garchomp|64/100
|move|p2a: Garchomp|Fire Blast|p1a: Galvantula
|-supereffective|p1a: Galvantula
|-damage|p1a: Galvantula|37/100
|-status|p1a: Galvantula|brn
|
|-damage|p1a: Galvantula|31/100 brn|[from] brn
|upkeep
|turn|5
|
|t:|1760852516
|move|p1a: Galvantula|Bug Buzz|p2a: Garchomp
|-damage|p2a: Garchomp|13/100
|-unboost|p2a: Garchomp|spd|1
|move|p2a: Garchomp|Fire Blast|p1a: Galvantula|[miss]
|-miss|p2a: Garchomp|p1a: Galvantula
|
|-damage|p1a: Galvantula|25/100 brn|[from] brn
|upkeep
|turn|6
|
|t:|1760852528
|move|p1a: Galvantula|Bug Buzz|p2a: Garchomp
|-damage|p2a: Garchomp|0 fnt
|faint|p2a: Garchomp
|
|-damage|p1a: Galvantula|19/100 brn|[from] brn
|upkeep
|
|t:|1760852536
|switch|p2a: Ting-Lu|Ting-Lu|100/100
|-ability|p2a: Ting-Lu|Vessel of Ruin
|turn|7
|
|t:|1760852540
|move|p1a: Galvantula|Bug Buzz|p2a: Ting-Lu
|-supereffective|p2a: Ting-Lu
|-damage|p2a: Ting-Lu|50/100
|move|p2a: Ting-Lu|Earthquake|p1a: Galvantula
|-damage|p1a: Galvantula|0 fnt
|faint|p1a: Galvantula
|
|-heal|p2a: Ting-Lu|57/100|[from] item: Leftovers
|upkeep
|
|t:|1760852551
|switch|p1a: Staraptor|Staraptor, M|100/100
|-damage|p1a: Staraptor|75/100|[from] Stealth Rock
|turn|8
|
|t:|1760852562
|-terastallize|p1a: Staraptor|Flying
|move|p1a: Staraptor|Brave Bird|p2a: Ting-Lu
|-damage|p2a: Ting-Lu|0 fnt
|faint|p2a: Ting-Lu
|-damage|p1a: Staraptor|45/100|[from] Recoil
|
|upkeep
|
|t:|1760852571
|switch|p2a: Corviknight|Corviknight, M, shiny|100/100
|-ability|p2a: Corviknight|Pressure
|turn|9
|
|t:|1760852575
|move|p1a: Staraptor|Brave Bird|p2a: Corviknight
|-resisted|p2a: Corviknight
|-damage|p2a: Corviknight|48/100
|-damage|p1a: Staraptor|23/100|[from] Recoil
|move|p2a: Corviknight|Iron Head|p1a: Staraptor
|-damage|p1a: Staraptor|0 fnt
|faint|p1a: Staraptor
|
|-heal|p2a: Corviknight|54/100|[from] item: Leftovers
|upkeep
|
|t:|1760852587
|switch|p1a: Talonflame|Talonflame, M|100/100
|-damage|p1a: Talonflame|51/100|[from] Stealth Rock
|turn|10
|
|t:|1760852603
|move|p1a: Talonflame|Flare Blitz|p2a: Corviknight
|-supereffective|p2a: Corviknight
|-damage|p2a: Corviknight|0 fnt
|faint|p2a: Corviknight
|-damage|p1a: Talonflame|27/100|[from] Recoil
|
|upkeep
|
|t:|1760852607
|switch|p2a: Dragapult|Dragapult, F, shiny|100/100
|turn|11
|
|t:|1760852614
|move|p2a: Dragapult|Shadow Ball|p1a: Talonflame
|-damage|p1a: Talonflame|0 fnt
|faint|p1a: Talonflame
|
|upkeep
|
|t:|1760852621
|switch|p1a: Tyranitar|Tyranitar, F|100/100
|-damage|p1a: Tyranitar|88/100|[from] Stealth Rock
|-weather|Sandstorm|[from] ability: Sand Stream|[of] p1a: Tyranitar
|turn|12
|
|t:|1760852629
|move|p2a: Dragapult|U-turn|p1a: Tyranitar
|-supereffective|p1a: Tyranitar
|-damage|p1a: Tyranitar|62/100
|
|t:|1760852632
|switch|p2a: Empoleon|Empoleon, M, shiny|100/100|[from] U-turn
|move|p1a: Tyranitar|Earthquake|p2a: Empoleon
|-supereffective|p2a: Empoleon
|-damage|p2a: Empoleon|28/100
|
|-weather|Sandstorm|[upkeep]
|upkeep
|turn|13
|
|t:|1760852641
|switch|p2a: Dragapult|Dragapult, F, shiny|100/100
|move|p1a: Tyranitar|Earthquake|p2a: Dragapult
|-damage|p2a: Dragapult|57/100
|
|-weather|Sandstorm|[upkeep]
|-damage|p2a: Dragapult|51/100|[from] Sandstorm
|upkeep
|turn|14
|
|t:|1760852649
|move|p2a: Dragapult|Dragon Darts|p1a: Tyranitar
|-damage|p1a: Tyranitar|47/100
|-anim|p2a: Dragapult|Dragon Darts|p1a: Tyranitar
|-damage|p1a: Tyranitar|34/100
|move|p1a: Tyranitar|Knock Off|p2a: Dragapult
|-supereffective|p2a: Dragapult
|-damage|p2a: Dragapult|0 fnt
|-enditem|p2a: Dragapult|Assault Vest|[from] move: Knock Off|[of] p1a: Tyranitar
|faint|p2a: Dragapult
|
|-weather|Sandstorm|[upkeep]
|upkeep
|
|t:|1760852653
|switch|p2a: Empoleon|Empoleon, M, shiny|28/100
|turn|15
|
|t:|1760852664
|-terastallize|p2a: Empoleon|Ghost
|move|p2a: Empoleon|Agility|p2a: Empoleon
|-boost|p2a: Empoleon|spe|2
|move|p1a: Tyranitar|Earthquake|p2a: Empoleon
|-damage|p2a: Empoleon|0 fnt
|faint|p2a: Empoleon
|
|win|Vickvolta侠
|raw|Vickvolta侠's rating: 1108 &rarr; <strong>1135</strong><br />(+27 for winning)
|raw|SvgNight235's rating: 1137 &rarr; <strong>1110</strong><br />(-27 for losing)
|l|☆SvgNight235
|player|p2|
|l|☆Vickvolta侠
|player|p1|
