|j|☆roll&shoot
|j|☆levijoseph
|t:|1760887325
|gametype|singles
|player|p1|roll&shoot|dancer|1513
|player|p2|levijoseph|nate|1551
|gen|9
|tier|[Gen 9] OU
|rated|
|rule|HP Percentage Mod: HP is shown in percentages
|rule|Endless Battle Clause: Forcing endless battles is banned
|rule|Species Clause: Limit one of each Pokémon
|rule|OHKO Clause: OHKO moves are banned
|rule|Evasion Items Clause: Evasion items are banned
|rule|Evasion Moves Clause: Evasion moves are banned
|rule|Evasion Abilities Clause: Evasion abilities are banned
|rule|Sleep Moves Clause: Sleep-inducing moves are banned
|clearpoke
|poke|p1|Dragonite, F|
|poke|p1|Rillaboom, M|
|poke|p1|Corviknight, M|
|poke|p1|Ting-Lu|
|poke|p1|Iron Crown|
|poke|p1|Gholdengo|
|poke|p2|Serperior, M|
|poke|p2|Clefable, M|
|poke|p2|Thundurus, M|
|poke|p2|Scizor, F|
|poke|p2|Smeargle, F|
|poke|p2|Ceruledge, F|
|teampreview
|
|t:|1760887342
|teamsize|p1|6
|teamsize|p2|6
|start
|switch|p1a: Gholdengo|Gholdengo|100/100
|switch|p2a: Smeargle|Smeargle, F|100/100
|turn|1
|inactive|Battle timer is ON: inactive players will automatically lose when time's up. (requested by levijoseph)
|
|t:|1760887353
|move|p1a: Gholdengo|Dazzling Gleam|p2a: Smeargle
|-damage|p2a: Smeargle|40/100
|move|p2a: Smeargle|Nuzzle|p1a: Gholdengo
|-damage|p1a: Gholdengo|98/100
|-status|p1a: Gholdengo|par
|
|upkeep
|turn|2
|
|t:|1760887361
|move|p2a: Smeargle|Stealth Rock|p1a: Gholdengo
|-sidestart|p1: roll&shoot|move: Stealth Rock
|cant|p1a: Gholdengo|par
|
|upkeep
|turn|3
|
|t:|1760887365
|move|p2a: Smeargle|Salt Cure|p1a: Gholdengo
|-resisted|p1a: Gholdengo
|-damage|p1a: Gholdengo|96/100 par
|-start|p1a: Gholdengo|Salt Cure
|move|p1a: Gholdengo|Dazzling Gleam|p2a: Smeargle
|-damage|p2a: Smeargle|0 fnt
|faint|p2a: Smeargle
|
|-damage|p1a: Gholdengo|71/100 par|[from] Salt Cure
|upkeep
|
|t:|1760887372
|switch|p2a: Scizor|Scizor, F|100/100
|turn|4
|
|t:|1760887378
|switch|p1a: Corviknight|Corviknight, M|100/100
|-damage|p1a: Corviknight|88/100|[from] Stealth Rock
|-ability|p1a: Corviknight|Pressure
|move|p2a: Scizor|Swords Dance|p2a: Scizor
|-boost|p2a: Scizor|atk|2
|
|upkeep
|turn|5
|
|t:|1760887391
|move|p2a: Scizor|Swords Dance|p2a: Scizor
|-boost|p2a: Scizor|atk|2
|move|p1a: Corviknight|Brave Bird|p2a: Scizor
|-damage|p2a: Scizor|65/100
|-damage|p1a: Corviknight|78/100|[from] Recoil
|
|upkeep
|turn|6
|
|t:|1760887399
|move|p2a: Scizor|Swords Dance|p2a: Scizor
|-boost|p2a: Scizor|atk|2
|move|p1a: Corviknight|Roost|p1a: Corviknight
|-heal|p1a: Corviknight|100/100
|-singleturn|p1a: Corviknight|move: Roost
|
|upkeep
|turn|7
|
|t:|1760887407
|move|p2a: Scizor|Knock Off|p1a: Corviknight
|-damage|p1a: Corviknight|11/100
|-damage|p2a: Scizor|48/100|[from] item: Rocky Helmet|[of] p1a: Corviknight
|-enditem|p1a: Corviknight|Rocky Helmet|[from] move: Knock Off|[of] p2a: Scizor
|move|p1a: Corviknight|Brave Bird|p2a: Scizor
|-crit|p2a: Scizor
|-damage|p2a: Scizor|0 fnt
|faint|p2a: Scizor
|-damage|p1a: Corviknight|0 fnt|[from] Recoil
|faint|p1a: Corviknight
|
|upkeep
|
|t:|1760887428
|switch|p2a: Serperior|Serperior, M|100/100
|switch|p1a: Rillaboom|Rillaboom, M|100/100
|-damage|p1a: Rillaboom|88/100|[from] Stealth Rock
|-fieldstart|move: Grassy Terrain|[from] ability: Grassy Surge|[of] p1a: Rillaboom
|turn|8
|
|t:|1760887438
|move|p2a: Serperior|Glare|p1a: Rillaboom
|-status|p1a: Rillaboom|par
|move|p1a: Rillaboom|U-turn|p2a: Serperior
|-supereffective|p2a: Serperior
|-damage|p2a: Serperior|46/100
|
|t:|1760887453
|switch|p1a: Dragonite|Dragonite, F|100/100|[from] U-turn
|
|-heal|p2a: Serperior|52/100|[from] Grassy Terrain
|-heal|p2a: Serperior|58/100|[from] item: Leftovers
|upkeep
|turn|9
|
|t:|1760887462
|move|p2a: Serperior|Glare|p1a: Dragonite
|-status|p1a: Dragonite|par
|move|p1a: Dragonite|Ice Spinner|p2a: Serperior
|-supereffective|p2a: Serperior
|-damage|p2a: Serperior|3/100
|-fieldend|move: Grassy Terrain
|
|-heal|p2a: Serperior|9/100|[from] item: Leftovers
|upkeep
|turn|10
|
|t:|1760887471
|move|p2a: Serperior|Leech Seed|p1a: Dragonite
|-start|p1a: Dragonite|move: Leech Seed
|move|p1a: Dragonite|Dragon Dance|p1a: Dragonite
|-boost|p1a: Dragonite|atk|1
|-boost|p1a: Dragonite|spe|1
|
|-heal|p2a: Serperior|15/100|[from] item: Leftovers
|-damage|p1a: Dragonite|88/100 par|[from] Leech Seed|[of] p2a: Serperior
|-heal|p2a: Serperior|26/100|[silent]
|upkeep
|turn|11
|
|t:|1760887481
|cant|p1a: Dragonite|par
|move|p2a: Serperior|Substitute|p2a: Serperior
|-start|p2a: Serperior|Substitute
|-damage|p2a: Serperior|2/100
|
|-heal|p2a: Serperior|8/100|[from] item: Leftovers
|-damage|p1a: Dragonite|76/100 par|[from] Leech Seed|[of] p2a: Serperior
|-heal|p2a: Serperior|19/100|[silent]
|upkeep
|turn|12
|
|t:|1760887491
|switch|p1a: Iron Crown|Iron Crown|100/100
|-damage|p1a: Iron Crown|94/100|[from] Stealth Rock
|move|p2a: Serperior|Leaf Storm|p1a: Iron Crown
|-resisted|p1a: Iron Crown
|-damage|p1a: Iron Crown|81/100
|-boost|p2a: Serperior|spa|2
|
|-heal|p2a: Serperior|25/100|[from] item: Leftovers
|upkeep
|turn|13
|
|t:|1760887502
|move|p2a: Serperior|Glare|p1a: Iron Crown
|-status|p1a: Iron Crown|par
|cant|p1a: Iron Crown|par
|
|-heal|p2a: Serperior|32/100|[from] item: Leftovers
|upkeep
|turn|14
|
|t:|1760887509
|move|p2a: Serperior|Leech Seed|p1a: Iron Crown
|-start|p1a: Iron Crown|move: Leech Seed
|move|p1a: Iron Crown|Tachyon Cutter|p2a: Serperior
|-end|p2a: Serperior|Substitute
|-damage|p2a: Serperior|6/100
|-hitcount|p2a: Serperior|2
|
|-heal|p2a: Serperior|12/100|[from] item: Leftovers
|-damage|p1a: Iron Crown|69/100 par|[from] Leech Seed|[of] p2a: Serperior
|-heal|p2a: Serperior|23/100|[silent]
|upkeep
|turn|15
|
|t:|1760887520
|move|p2a: Serperior|Leaf Storm|p1a: Iron Crown
|-resisted|p1a: Iron Crown
|-damage|p1a: Iron Crown|46/100 par
|-boost|p2a: Serperior|spa|2
|move|p1a: Iron Crown|Tachyon Cutter|p2a: Serperior
|-damage|p2a: Serperior|0 fnt
|faint|p2a: Serperior
|-hitcount|p2: Serperior|1
|
|upkeep
|
|t:|1760887526
|switch|p2a: Thundurus|Thundurus, M|100/100
|turn|16
|
|t:|1760887532
|-end|p1a: Iron Crown|Quark Drive|[silent]
|switch|p1a: Gholdengo|Gholdengo|71/100 par
|-damage|p1a: Gholdengo|65/100 par|[from] Stealth Rock
|move|p2a: Thundurus|Nasty Plot|p2a: Thundurus
|-boost|p2a: Thundurus|spa|2
|
|upkeep
|turn|17
|
|t:|1760887540
|move|p2a: Thundurus|Nasty Plot|p2a: Thundurus
|-boost|p2a: Thundurus|spa|2
|cant|p1a: Gholdengo|par
|
|upkeep
|turn|18
|
|t:|1760887546
|move|p2a: Thundurus|Wildbolt Storm|p1a: Gholdengo
|-damage|p1a: Gholdengo|0 fnt
|faint|p1a: Gholdengo
|
|upkeep
|
|t:|1760887555
|switch|p1a: Ting-Lu|Ting-Lu|100/100
|-damage|p1a: Ting-Lu|94/100|[from] Stealth Rock
|-ability|p1a: Ting-Lu|Vessel of Ruin
|turn|19
|
|t:|1760887560
|move|p2a: Thundurus|Grass Knot|p1a: Ting-Lu
|-supereffective|p1a: Ting-Lu
|-crit|p1a: Ting-Lu
|-damage|p1a: Ting-Lu|0 fnt
|faint|p1a: Ting-Lu
|
|upkeep
|-message|roll&shoot forfeited.
|
|win|levijoseph
|raw|roll&amp;shoot's rating: 1513 &rarr; <strong>1495</strong><br />(-18 for losing)
|raw|levijoseph's rating: 1551 &rarr; <strong>1569</strong><br />(+18 for winning)
|l|☆roll&shoot
|player|p1|
|l|☆levijoseph
|player|p2|
