|j|☆Hdttdh
|j|☆LotR BfME2
|t:|1760849999
|gametype|singles
|player|p1|Hdttdh|2|1095
|player|p2|LotR BfME2|pokemonbreeder|1135
|gen|9
|tier|[Gen 9] OU
|rated|
|rule|HP Percentage Mod: HP is shown in percentages
|rule|Endless Battle Clause: Forcing endless battles is banned
|rule|Species Clause: Limit one of each Pokémon
|rule|OHKO Clause: OHKO moves are banned
|rule|Evasion Items Clause: Evasion items are banned
|rule|Evasion Moves Clause: Evasion moves are banned
|rule|Evasion Abilities Clause: Evasion abilities are banned
|rule|Sleep Moves Clause: Sleep-inducing moves are banned
|clearpoke
|poke|p1|Gliscor, F|
|poke|p1|Slowking-Galar, F|
|poke|p1|Alomomola, M|
|poke|p1|Garchomp, M|
|poke|p1|Primarina, F|
|poke|p1|Kyurem|
|poke|p2|Landorus-Therian, M|
|poke|p2|Sinistcha-Masterpiece|
|poke|p2|Raging Bolt|
|poke|p2|Hydrapple, F|
|poke|p2|Zamazenta-*|
|poke|p2|Alomomola, M|
|teampreview
|inactive|Battle timer is ON: inactive players will automatically lose when time's up. (requested by LotR BfME2)
|
|t:|1760850005
|teamsize|p1|6
|teamsize|p2|6
|start
|switch|p1a: Garchomp|Garchomp, M|100/100
|switch|p2a: Landorus|Landorus-Therian, M|100/100
|-ability|p2a: Landorus|Intimidate|boost
|-unboost|p1a: Garchomp|atk|1
|turn|1
|
|t:|1760850015
|move|p2a: Landorus|Taunt|p1a: Garchomp
|-start|p1a: Garchomp|move: Taunt
|cant|p1a: Garchomp|move: Taunt|Stealth Rock
|
|upkeep
|turn|2
|
|t:|1760850024
|move|p2a: Landorus|Stealth Rock|p1a: Garchomp
|-sidestart|p1: Hdttdh|move: Stealth Rock
|move|p1a: Garchomp|Surf|p2a: Landorus
|-supereffective|p2a: Landorus
|-damage|p2a: Landorus|65/100
|
|upkeep
|turn|3
|
|t:|1760850033
|switch|p2a: Sinistcha|Sinistcha-Masterpiece|100/100
|move|p1a: Garchomp|Surf|p2a: Sinistcha
|-resisted|p2a: Sinistcha
|-damage|p2a: Sinistcha|92/100
|
|-end|p1a: Garchomp|move: Taunt
|upkeep
|turn|4
|
|t:|1760850043
|move|p1a: Garchomp|Stealth Rock|p2a: Sinistcha
|-sidestart|p2: LotR BfME2|move: Stealth Rock
|move|p2a: Sinistcha|Calm Mind|p2a: Sinistcha
|-boost|p2a: Sinistcha|spa|1
|-boost|p2a: Sinistcha|spd|1
|
|upkeep
|turn|5
|
|t:|1760850049
|move|p2a: Sinistcha|Matcha Gotcha|p1a: Garchomp
|-damage|p1a: Garchomp|58/100
|-heal|p2a: Sinistcha|100/100|[from] drain|[of] p1a: Garchomp
|move|p1a: Garchomp|Dragon Tail|p2a: Sinistcha
|-damage|p2a: Sinistcha|88/100
|drag|p2a: Alomomola|Alomomola, M, shiny|100/100
|
|upkeep
|turn|6
|
|t:|1760850063
|switch|p1a: Alomomola|Alomomola, M|100/100
|-damage|p1a: Alomomola|88/100|[from] Stealth Rock
|move|p2a: Alomomola|Scald|p1a: Alomomola
|-resisted|p1a: Alomomola
|-damage|p1a: Alomomola|80/100
|
|upkeep
|turn|7
|
|t:|1760850074
|move|p1a: Alomomola|Flip Turn|p2a: Alomomola
|-resisted|p2a: Alomomola
|-damage|p2a: Alomomola|97/100
|
|t:|1760850080
|switch|p1a: Slowking|Slowking-Galar, F|100/100|[from] Flip Turn
|-damage|p1a: Slowking|88/100|[from] Stealth Rock
|move|p2a: Alomomola|Flip Turn|p1a: Slowking
|-damage|p1a: Slowking|74/100
|
|t:|1760850090
|switch|p2a: Sinistcha|Sinistcha-Masterpiece|88/100|[from] Flip Turn
|
|-heal|p1a: Slowking|80/100|[from] item: Black Sludge
|upkeep
|turn|8
|
|t:|1760850102
|move|p2a: Sinistcha|Calm Mind|p2a: Sinistcha
|-boost|p2a: Sinistcha|spa|1
|-boost|p2a: Sinistcha|spd|1
|move|p1a: Slowking|Trick|p2a: Sinistcha
|-activate|p1a: Slowking|move: Trick|[of] p2a: Sinistcha
|-item|p2a: Sinistcha|Black Sludge|[from] move: Trick
|-item|p1a: Slowking|Heavy-Duty Boots|[from] move: Trick
|
|-damage|p2a: Sinistcha|76/100|[from] item: Black Sludge
|upkeep
|turn|9
|
|t:|1760850115
|switch|p1a: Garchomp|Garchomp, M|58/100
|-damage|p1a: Garchomp|52/100|[from] Stealth Rock
|move|p2a: Sinistcha|Shadow Ball|p1a: Garchomp
|-damage|p1a: Garchomp|10/100
|
|-damage|p2a: Sinistcha|63/100|[from] item: Black Sludge
|upkeep
|turn|10
|
|t:|1760850127
|move|p2a: Sinistcha|Shadow Ball|p1a: Garchomp
|-damage|p1a: Garchomp|0 fnt
|faint|p1a: Garchomp
|
|-damage|p2a: Sinistcha|51/100|[from] item: Black Sludge
|upkeep
|
|t:|1760850135
|switch|p1a: Gliscor|Gliscor, F|100/100
|-damage|p1a: Gliscor|88/100|[from] Stealth Rock
|turn|11
|
|t:|1760850140
|move|p1a: Gliscor|Protect|p1a: Gliscor
|-singleturn|p1a: Gliscor|Protect
|move|p2a: Sinistcha|Strength Sap|p1a: Gliscor
|-activate|p1a: Gliscor|move: Protect
|
|-damage|p2a: Sinistcha|38/100|[from] item: Black Sludge
|-status|p1a: Gliscor|tox|[from] item: Toxic Orb
|upkeep
|turn|12
|
|t:|1760850153
|switch|p1a: Slowking|Slowking-Galar, F|100/100
|move|p2a: Sinistcha|Strength Sap|p1a: Slowking
|-unboost|p1a: Slowking|atk|1
|-heal|p2a: Sinistcha|74/100
|
|-damage|p2a: Sinistcha|61/100|[from] item: Black Sludge
|upkeep
|turn|13
|
|t:|1760850164
|move|p2a: Sinistcha|Shadow Ball|p1a: Slowking
|-supereffective|p1a: Slowking
|-damage|p1a: Slowking|28/100
|move|p1a: Slowking|Future Sight|p2a: Sinistcha
|-start|p1a: Slowking|move: Future Sight
|
|-damage|p2a: Sinistcha|49/100|[from] item: Black Sludge
|upkeep
|turn|14
|
|t:|1760850176
|switch|p1a: Kyurem|Kyurem|100/100
|-damage|p1a: Kyurem|76/100|[from] Stealth Rock
|-ability|p1a: Kyurem|Pressure
|move|p2a: Sinistcha|Strength Sap|p1a: Kyurem
|-unboost|p1a: Kyurem|atk|1
|-heal|p2a: Sinistcha|100/100
|
|-damage|p2a: Sinistcha|88/100|[from] item: Black Sludge
|upkeep
|turn|15
|
|t:|1760850191
|move|p1a: Kyurem|Icicle Spear|p2a: Sinistcha
|-supereffective|p2a: Sinistcha
|-damage|p2a: Sinistcha|75/100
|-supereffective|p2a: Sinistcha
|-damage|p2a: Sinistcha|61/100
|-supereffective|p2a: Sinistcha
|-damage|p2a: Sinistcha|46/100
|-supereffective|p2a: Sinistcha
|-damage|p2a: Sinistcha|33/100
|-hitcount|p2a: Sinistcha|4
|move|p2a: Sinistcha|Shadow Ball|p1a: Kyurem
|-damage|p1a: Kyurem|29/100
|
|-end|p2a: Sinistcha|move: Future Sight
|-damage|p2a: Sinistcha|0 fnt
|faint|p2a: Sinistcha
|upkeep
|
|t:|1760850196
|switch|p2a: Zamazenta|Zamazenta|100/100
|-damage|p2a: Zamazenta|94/100|[from] Stealth Rock
|-ability|p2a: Zamazenta|Dauntless Shield|boost
|-boost|p2a: Zamazenta|def|1
|turn|16
|
|t:|1760850213
|switch|p1a: Alomomola|Alomomola, M|100/100
|-damage|p1a: Alomomola|88/100|[from] Stealth Rock
|move|p2a: Zamazenta|Stone Edge|p1a: Alomomola
|-damage|p1a: Alomomola|71/100
|
|upkeep
|turn|17
|
|t:|1760850221
|move|p2a: Zamazenta|Iron Head|p1a: Alomomola
|-resisted|p1a: Alomomola
|-damage|p1a: Alomomola|64/100
|-damage|p2a: Zamazenta|78/100|[from] item: Rocky Helmet|[of] p1a: Alomomola
|move|p1a: Alomomola|Scald|p2a: Zamazenta
|-damage|p2a: Zamazenta|69/100
|-status|p2a: Zamazenta|brn
|
|-damage|p2a: Zamazenta|63/100 brn|[from] brn
|upkeep
|turn|18
|
|t:|1760850233
|switch|p2a: Raging Bolt|Raging Bolt|100/100
|-damage|p2a: Raging Bolt|88/100|[from] Stealth Rock
|move|p1a: Alomomola|Wish|p1a: Alomomola
|
|-heal|p2a: Raging Bolt|94/100|[from] item: Leftovers
|upkeep
|turn|19
|
|t:|1760850243
|switch|p1a: Gliscor|Gliscor, F|88/100 tox
|-damage|p1a: Gliscor|76/100 tox|[from] Stealth Rock
|move|p2a: Raging Bolt|Calm Mind|p2a: Raging Bolt
|-boost|p2a: Raging Bolt|spa|1
|-boost|p2a: Raging Bolt|spd|1
|
|-heal|p1a: Gliscor|100/100 tox|[from] move: Wish|[wisher] Alomomola
|-heal|p2a: Raging Bolt|100/100|[from] item: Leftovers
|upkeep
|turn|20
|
|t:|1760850256
|move|p1a: Gliscor|Knock Off|p2a: Raging Bolt
|-damage|p2a: Raging Bolt|80/100
|-enditem|p2a: Raging Bolt|Leftovers|[from] move: Knock Off|[of] p1a: Gliscor
|move|p2a: Raging Bolt|Draco Meteor|p1a: Gliscor
|-damage|p1a: Gliscor|0 fnt
|-unboost|p2a: Raging Bolt|spa|2
|faint|p1a: Gliscor
|
|upkeep
|
|t:|1760850269
|switch|p1a: Kyurem|Kyurem|29/100
|-damage|p1a: Kyurem|4/100|[from] Stealth Rock
|-ability|p1a: Kyurem|Pressure
|turn|21
|
|t:|1760850277
|-end|p2a: Raging Bolt|Protosynthesis|[silent]
|switch|p2a: Alomomola|Alomomola, M, shiny|100/100
|move|p1a: Kyurem|Icicle Spear|p2a: Alomomola
|-resisted|p2a: Alomomola
|-damage|p2a: Alomomola|97/100
|-resisted|p2a: Alomomola
|-damage|p2a: Alomomola|93/100
|-resisted|p2a: Alomomola
|-crit|p2a: Alomomola
|-damage|p2a: Alomomola|86/100
|-resisted|p2a: Alomomola
|-damage|p2a: Alomomola|83/100
|-resisted|p2a: Alomomola
|-damage|p2a: Alomomola|79/100
|-hitcount|p2a: Alomomola|5
|
|upkeep
|turn|22
|
|t:|1760850292
|move|p1a: Kyurem|Scale Shot|p2a: Alomomola
|-damage|p2a: Alomomola|71/100
|-damage|p2a: Alomomola|63/100
|-damage|p2a: Alomomola|55/100
|-damage|p2a: Alomomola|47/100
|-hitcount|p2a: Alomomola|4
|-unboost|p1a: Kyurem|def|1
|-boost|p1a: Kyurem|spe|1
|move|p2a: Alomomola|Wish|p2a: Alomomola
|
|upkeep
|turn|23
|
|t:|1760850313
|-terastallize|p1a: Kyurem|Electric
|move|p1a: Kyurem|Tera Blast|p2a: Alomomola|[anim] Tera Blast Electric
|-supereffective|p2a: Alomomola
|-crit|p2a: Alomomola
|-damage|p2a: Alomomola|0 fnt
|faint|p2a: Alomomola
|
|upkeep
|
|t:|1760850318
|switch|p2a: Raging Bolt|Raging Bolt|80/100
|-damage|p2a: Raging Bolt|67/100|[from] Stealth Rock
|turn|24
|
|t:|1760850325
|switch|p1a: Slowking|Slowking-Galar, F|62/100
|move|p2a: Raging Bolt|Thunderclap||[still]
|-fail|p2a: Raging Bolt
|
|upkeep
|turn|25
|
|t:|1760850331
|move|p2a: Raging Bolt|Calm Mind|p2a: Raging Bolt
|-boost|p2a: Raging Bolt|spa|1
|-boost|p2a: Raging Bolt|spd|1
|move|p1a: Slowking|Future Sight|p2a: Raging Bolt
|-start|p1a: Slowking|move: Future Sight
|
|upkeep
|turn|26
|c|☆LotR BfME2|yeah because switching it out when it just dies to hazards next time makes sense
|
|t:|1760850347
|move|p2a: Raging Bolt|Calm Mind|p2a: Raging Bolt
|-boost|p2a: Raging Bolt|spa|1
|-boost|p2a: Raging Bolt|spd|1
|move|p1a: Slowking|Ice Beam|p2a: Raging Bolt
|-supereffective|p2a: Raging Bolt
|-damage|p2a: Raging Bolt|42/100
|
|upkeep
|turn|27
|
|t:|1760850356
|-terastallize|p2a: Raging Bolt|Bug
|move|p2a: Raging Bolt|Thunderbolt|p1a: Slowking
|-damage|p1a: Slowking|0 fnt
|faint|p1a: Slowking
|
|-end|p2a: Raging Bolt|move: Future Sight
|-damage|p2a: Raging Bolt|18/100
|upkeep
|
|t:|1760850365
|switch|p1a: Primarina|Primarina, F|100/100
|-damage|p1a: Primarina|88/100|[from] Stealth Rock
|turn|28
|
|t:|1760850380
|move|p2a: Raging Bolt|Thunderclap|p1a: Primarina
|-supereffective|p1a: Primarina
|-damage|p1a: Primarina|0 fnt
|faint|p1a: Primarina
|
|upkeep
|-message|Hdttdh forfeited.
|
|win|LotR BfME2
|raw|Hdttdh's rating: 1095 &rarr; <strong>1074</strong><br />(-21 for losing)
|raw|LotR BfME2's rating: 1135 &rarr; <strong>1157</strong><br />(+22 for winning)
|l|☆Hdttdh
|player|p1|
|l|☆LotR BfME2
|player|p2|
