|j|☆jimmyjohns212
|j|☆esta man oe
|t:|1760747042
|gametype|singles
|player|p1|jimmyjohns212|giovanni|1085
|player|p2|esta man oe|preschooler|1138
|gen|9
|tier|[Gen 9] OU
|rated|
|rule|HP Percentage Mod: HP is shown in percentages
|rule|Endless Battle Clause: Forcing endless battles is banned
|rule|Species Clause: Limit one of each Pokémon
|rule|OHKO Clause: OHKO moves are banned
|rule|Evasion Items Clause: Evasion items are banned
|rule|Evasion Moves Clause: Evasion moves are banned
|rule|Evasion Abilities Clause: Evasion abilities are banned
|rule|Sleep Moves Clause: Sleep-inducing moves are banned
|clearpoke
|poke|p1|Walking Wake|
|poke|p1|Ninetales, M|
|poke|p1|Whimsicott, M|
|poke|p1|Great Tusk|
|poke|p1|Raging Bolt|
|poke|p1|Corviknight, F|
|poke|p2|Torkoal, M|
|poke|p2|Pelipper, M|
|poke|p2|Raging Bolt|
|poke|p2|Walking Wake|
|poke|p2|Alomomola, F|
|poke|p2|Corviknight, M|
|teampreview
|inactive|Battle timer is ON: inactive players will automatically lose when time's up. (requested by esta man oe)
|inactive|jimmyjohns212 also wants the timer to be on.
|inactive|jimmyjohns212 has 120 seconds left.
|
|t:|1760747083
|teamsize|p1|6
|teamsize|p2|6
|start
|switch|p1a: Ninetales|Ninetales, M|100/100
|switch|p2a: Raging Bolt|Raging Bolt|100/100
|-weather|SunnyDay|[from] ability: Drought|[of] p1a: Ninetales
|-activate|p2a: Raging Bolt|ability: Protosynthesis
|-start|p2a: Raging Bolt|protosynthesisspa
|turn|1
|
|t:|1760747097
|switch|p1a: Whimsicott|Whimsicott, M|100/100
|move|p2a: Raging Bolt|Draco Meteor|p1a: Whimsicott
|-immune|p1a: Whimsicott
|
|-weather|SunnyDay|[upkeep]
|upkeep
|turn|2
|
|t:|1760747101
|-end|p2a: Raging Bolt|Protosynthesis|[silent]
|switch|p2a: Pelipper|Pelipper, M|100/100
|-weather|RainDance|[from] ability: Drizzle|[of] p2a: Pelipper
|move|p1a: Whimsicott|Growth|p1a: Whimsicott
|-boost|p1a: Whimsicott|atk|1
|-boost|p1a: Whimsicott|spa|1
|
|-weather|RainDance|[upkeep]
|upkeep
|turn|3
|
|t:|1760747107
|move|p1a: Whimsicott|Moonblast|p2a: Pelipper
|-damage|p2a: Pelipper|0 fnt
|faint|p2a: Pelipper
|-damage|p1a: Whimsicott|91/100|[from] item: Life Orb
|
|-weather|RainDance|[upkeep]
|upkeep
|
|t:|1760747109
|switch|p2a: Corviknight|Corviknight, M|100/100
|turn|4
|
|t:|1760747112
|switch|p1a: Ninetales|Ninetales, M|100/100
|-weather|SunnyDay|[from] ability: Drought|[of] p1a: Ninetales
|move|p2a: Corviknight|U-turn|p1a: Ninetales
|-resisted|p1a: Ninetales
|-damage|p1a: Ninetales|90/100
|
|t:|1760747114
|switch|p2a: Raging Bolt|Raging Bolt|100/100|[from] U-turn
|-activate|p2a: Raging Bolt|ability: Protosynthesis
|-start|p2a: Raging Bolt|protosynthesisspa
|
|-weather|SunnyDay|[upkeep]
|upkeep
|turn|5
|
|t:|1760747118
|switch|p1a: Great Tusk|Great Tusk|100/100
|-activate|p1a: Great Tusk|ability: Protosynthesis
|-start|p1a: Great Tusk|protosynthesisspe
|move|p2a: Raging Bolt|Volt Switch|p1a: Great Tusk
|-immune|p1a: Great Tusk
|
|-weather|SunnyDay|[upkeep]
|upkeep
|turn|6
|
|t:|1760747123
|-end|p2a: Raging Bolt|Protosynthesis|[silent]
|switch|p2a: Corviknight|Corviknight, M|100/100
|move|p1a: Great Tusk|Headlong Rush|p2a: Corviknight
|-immune|p2a: Corviknight
|
|-weather|SunnyDay|[upkeep]
|upkeep
|turn|7
|
|t:|1760747127
|-end|p1a: Great Tusk|Protosynthesis|[silent]
|switch|p1a: Raging Bolt|Raging Bolt|100/100
|-activate|p1a: Raging Bolt|ability: Protosynthesis
|-start|p1a: Raging Bolt|protosynthesisspa
|move|p2a: Corviknight|U-turn|p1a: Raging Bolt
|-damage|p1a: Raging Bolt|90/100
|
|t:|1760747129
|switch|p2a: Raging Bolt|Raging Bolt|100/100|[from] U-turn
|-activate|p2a: Raging Bolt|ability: Protosynthesis
|-start|p2a: Raging Bolt|protosynthesisspa
|
|-weather|SunnyDay|[upkeep]
|upkeep
|turn|8
|
|t:|1760747133
|-terastallize|p1a: Raging Bolt|Fairy
|move|p2a: Raging Bolt|Volt Switch|p1a: Raging Bolt
|-damage|p1a: Raging Bolt|40/100
|
|t:|1760747147
|-end|p2a: Raging Bolt|Protosynthesis|[silent]
|switch|p2a: Torkoal|Torkoal, M|100/100|[from] Volt Switch
|move|p1a: Raging Bolt|Tera Blast|p2a: Torkoal|[anim] Tera Blast Fairy
|-resisted|p2a: Torkoal
|-damage|p2a: Torkoal|37/100
|
|-weather|SunnyDay|[upkeep]
|upkeep
|turn|9
|
|t:|1760747149
|move|p1a: Raging Bolt|Tera Blast|p2a: Torkoal|[anim] Tera Blast Fairy
|-resisted|p2a: Torkoal
|-damage|p2a: Torkoal|0 fnt
|faint|p2a: Torkoal
|
|-weather|SunnyDay|[upkeep]
|upkeep
|
|t:|1760747152
|switch|p2a: Walking Wake|Walking Wake|100/100
|-activate|p2a: Walking Wake|ability: Protosynthesis
|-start|p2a: Walking Wake|protosynthesisspa
|turn|10
|
|t:|1760747155
|-end|p1a: Raging Bolt|Protosynthesis|[silent]
|switch|p1a: Whimsicott|Whimsicott, M|91/100
|move|p2a: Walking Wake|Hydro Steam|p1a: Whimsicott
|-resisted|p1a: Whimsicott
|-damage|p1a: Whimsicott|0 fnt
|faint|p1a: Whimsicott
|
|-weather|SunnyDay|[upkeep]
|upkeep
|
|t:|1760747157
|switch|p1a: Walking Wake|Walking Wake|100/100
|-activate|p1a: Walking Wake|ability: Protosynthesis
|-start|p1a: Walking Wake|protosynthesisspe
|turn|11
|
|t:|1760747160
|-end|p2a: Walking Wake|Protosynthesis|[silent]
|switch|p2a: Alomomola|Alomomola, F|100/100
|move|p1a: Walking Wake|Flamethrower|p2a: Alomomola
|-resisted|p2a: Alomomola
|-damage|p2a: Alomomola|75/100
|
|-weather|none
|-end|p1a: Walking Wake|Protosynthesis
|upkeep
|turn|12
|
|t:|1760747163
|-end|p1a: Walking Wake|Protosynthesis|[silent]
|switch|p1a: Ninetales|Ninetales, M|90/100
|-weather|SunnyDay|[from] ability: Drought|[of] p1a: Ninetales
|move|p2a: Alomomola|Flip Turn|p1a: Ninetales
|-supereffective|p1a: Ninetales
|-damage|p1a: Ninetales|65/100
|
|t:|1760747165
|switch|p2a: Raging Bolt|Raging Bolt|100/100|[from] Flip Turn
|-activate|p2a: Raging Bolt|ability: Protosynthesis
|-start|p2a: Raging Bolt|protosynthesisspa
|
|-weather|SunnyDay|[upkeep]
|upkeep
|turn|13
|
|t:|1760747172
|move|p2a: Raging Bolt|Weather Ball|p1a: Ninetales
|-resisted|p1a: Ninetales
|-damage|p1a: Ninetales|22/100
|move|p1a: Ninetales|Memento|p2a: Raging Bolt
|-unboost|p2a: Raging Bolt|atk|2
|-unboost|p2a: Raging Bolt|spa|2
|faint|p1a: Ninetales
|
|-weather|SunnyDay|[upkeep]
|upkeep
|
|t:|1760747179
|switch|p1a: Raging Bolt|Raging Bolt, tera:Fairy|40/100
|-activate|p1a: Raging Bolt|ability: Protosynthesis
|-start|p1a: Raging Bolt|protosynthesisspa
|turn|14
|
|t:|1760747188
|-end|p2a: Raging Bolt|Protosynthesis|[silent]
|switch|p2a: Corviknight|Corviknight, M|100/100
|move|p1a: Raging Bolt|Tera Blast|p2a: Corviknight|[anim] Tera Blast Fairy
|-resisted|p2a: Corviknight
|-damage|p2a: Corviknight|59/100
|
|-weather|SunnyDay|[upkeep]
|upkeep
|turn|15
|
|t:|1760747192
|-end|p1a: Raging Bolt|Protosynthesis|[silent]
|switch|p1a: Walking Wake|Walking Wake|100/100
|-activate|p1a: Walking Wake|ability: Protosynthesis
|-start|p1a: Walking Wake|protosynthesisspe
|switch|p2a: Raging Bolt|Raging Bolt|100/100
|-activate|p2a: Raging Bolt|ability: Protosynthesis
|-start|p2a: Raging Bolt|protosynthesisspa
|
|-weather|SunnyDay|[upkeep]
|upkeep
|turn|16
|
|t:|1760747196
|-terastallize|p2a: Raging Bolt|Fairy
|move|p1a: Walking Wake|Flip Turn|p2a: Raging Bolt
|-damage|p2a: Raging Bolt|93/100
|
|t:|1760747199
|-end|p1a: Walking Wake|Protosynthesis|[silent]
|switch|p1a: Corviknight|Corviknight, F|100/100|[from] Flip Turn
|move|p2a: Raging Bolt|Draco Meteor|p1a: Corviknight
|-resisted|p1a: Corviknight
|-damage|p1a: Corviknight|67/100
|-unboost|p2a: Raging Bolt|spa|2
|
|-weather|SunnyDay|[upkeep]
|upkeep
|turn|17
|
|t:|1760747202
|-end|p2a: Raging Bolt|Protosynthesis|[silent]
|switch|p2a: Corviknight|Corviknight, M|59/100
|switch|p1a: Great Tusk|Great Tusk|100/100
|-activate|p1a: Great Tusk|ability: Protosynthesis
|-start|p1a: Great Tusk|protosynthesisspe
|
|-weather|SunnyDay|[upkeep]
|upkeep
|turn|18
|
|t:|1760747205
|move|p1a: Great Tusk|Head Smash|p2a: Corviknight
|-damage|p2a: Corviknight|21/100
|-damage|p1a: Great Tusk|84/100|[from] item: Rocky Helmet|[of] p2a: Corviknight
|-damage|p1a: Great Tusk|63/100|[from] Recoil
|move|p2a: Corviknight|Brave Bird|p1a: Great Tusk
|-supereffective|p1a: Great Tusk
|-damage|p1a: Great Tusk|7/100
|-damage|p2a: Corviknight|3/100|[from] Recoil
|
|-weather|SunnyDay|[upkeep]
|upkeep
|turn|19
|
|t:|1760747208
|move|p1a: Great Tusk|Head Smash|p2a: Corviknight
|-damage|p2a: Corviknight|0 fnt
|-damage|p1a: Great Tusk|0 fnt|[from] item: Rocky Helmet|[of] p2a: Corviknight
|faint|p2a: Corviknight
|faint|p1a: Great Tusk
|-end|p1a: Great Tusk|Protosynthesis|[silent]
|
|-weather|none
|upkeep
|
|t:|1760747215
|switch|p1a: Walking Wake|Walking Wake|100/100
|switch|p2a: Raging Bolt|Raging Bolt, tera:Fairy|93/100
|turn|20
|
|t:|1760747219
|move|p2a: Raging Bolt|Volt Switch|p1a: Walking Wake
|-damage|p1a: Walking Wake|50/100
|
|t:|1760747221
|-end|p2a: Raging Bolt|Protosynthesis|[silent]
|switch|p2a: Alomomola|Alomomola, F|100/100|[from] Volt Switch
|move|p1a: Walking Wake|Hydro Steam|p2a: Alomomola
|-resisted|p2a: Alomomola
|-damage|p2a: Alomomola|78/100
|
|upkeep
|turn|21
|
|t:|1760747224
|-end|p1a: Walking Wake|Protosynthesis|[silent]
|switch|p1a: Corviknight|Corviknight, F|67/100
|move|p2a: Alomomola|Flip Turn|p1a: Corviknight
|-damage|p1a: Corviknight|53/100
|-damage|p2a: Alomomola|62/100|[from] item: Rocky Helmet|[of] p1a: Corviknight
|
|t:|1760747226
|switch|p2a: Raging Bolt|Raging Bolt, tera:Fairy|93/100|[from] Flip Turn
|
|upkeep
|turn|22
|
|t:|1760747228
|move|p2a: Raging Bolt|Volt Switch|p1a: Corviknight
|-supereffective|p1a: Corviknight
|-crit|p1a: Corviknight
|-damage|p1a: Corviknight|0 fnt
|faint|p1a: Corviknight
|
|t:|1760747231
|-end|p2a: Raging Bolt|Protosynthesis|[silent]
|switch|p2a: Walking Wake|Walking Wake|100/100|[from] Volt Switch
|
|upkeep
|
|t:|1760747234
|switch|p1a: Raging Bolt|Raging Bolt, tera:Fairy|40/100
|turn|23
|
|t:|1760747237
|move|p2a: Walking Wake|Hydro Steam|p1a: Raging Bolt
|-damage|p1a: Raging Bolt|0 fnt
|faint|p1a: Raging Bolt
|-end|p1a: Raging Bolt|Protosynthesis|[silent]
|
|upkeep
|
|t:|1760747239
|switch|p1a: Walking Wake|Walking Wake|50/100
|turn|24
|
|t:|1760747241
|-end|p2a: Walking Wake|Protosynthesis|[silent]
|switch|p2a: Alomomola|Alomomola, F|95/100
|move|p1a: Walking Wake|Dragon Pulse|p2a: Alomomola
|-damage|p2a: Alomomola|46/100
|
|upkeep
|turn|25
|
|t:|1760747243
|move|p1a: Walking Wake|Dragon Pulse|p2a: Alomomola
|-damage|p2a: Alomomola|0 fnt
|faint|p2a: Alomomola
|
|upkeep
|-message|jimmyjohns212 forfeited.
|
|win|esta man oe
|raw|jimmyjohns212's rating: 1085 &rarr; <strong>1066</strong><br />(-19 for losing)
|raw|esta man oe's rating: 1138 &rarr; <strong>1159</strong><br />(+21 for winning)
|l|☆jimmyjohns212
|player|p1|
