|j|☆Grindset mindset
|j|☆SpongeGar & Patar
|t:|1760734058
|gametype|singles
|player|p1|Grindset mindset|skyla|1760
|player|p2|SpongeGar & Patar|101|1816
|gen|9
|tier|[Gen 9] OU
|rated|
|rule|HP Percentage Mod: HP is shown in percentages
|rule|Endless Battle Clause: Forcing endless battles is banned
|rule|Species Clause: Limit one of each Pokémon
|rule|OHKO Clause: OHKO moves are banned
|rule|Evasion Items Clause: Evasion items are banned
|rule|Evasion Moves Clause: Evasion moves are banned
|rule|Evasion Abilities Clause: Evasion abilities are banned
|rule|Sleep Moves Clause: Sleep-inducing moves are banned
|clearpoke
|poke|p1|Ogerpon-Cornerstone, F|
|poke|p1|Primarina, M|
|poke|p1|Armarouge, M|
|poke|p1|Raging Bolt|
|poke|p1|Great Tusk|
|poke|p1|Zapdos-Galar|
|poke|p2|Kyurem|
|poke|p2|Corviknight, M|
|poke|p2|Ting-Lu|
|poke|p2|Dondozo, M|
|poke|p2|Slowking-Galar, L99, F|
|poke|p2|Cinderace, F|
|teampreview
|inactive|Battle timer is ON: inactive players will automatically lose when time's up. (requested by Grindset mindset)
|inactive|SpongeGar & Patar has 120 seconds left.
|
|t:|1760734108
|teamsize|p1|6
|teamsize|p2|6
|start
|switch|p1a: Zapdos|Zapdos-Galar|100/100
|switch|p2a: Slowking|Slowking-Galar, L99, F|100/100
|turn|1
|inactive|SpongeGar & Patar also wants the timer to be on.
|inactive|SpongeGar & Patar has 120 seconds left.
|
|t:|1760734156
|move|p1a: Zapdos|Knock Off|p2a: Slowking
|-supereffective|p2a: Slowking
|-damage|p2a: Slowking|5/100
|-enditem|p2a: Slowking|Heavy-Duty Boots|[from] move: Knock Off|[of] p1a: Zapdos
|move|p2a: Slowking|Toxic|p1a: Zapdos
|-status|p1a: Zapdos|tox
|
|-damage|p1a: Zapdos|94/100 tox|[from] psn
|upkeep
|turn|2
|inactive|SpongeGar & Patar has 90 seconds left.
|
|t:|1760734205
|switch|p1a: Primarina|Primarina, M|100/100
|switch|p2a: Ting-Lu|Ting-Lu|100/100
|-ability|p2a: Ting-Lu|Vessel of Ruin
|
|upkeep
|turn|3
|inactive|SpongeGar & Patar has 60 seconds left.
|
|t:|1760734253
|move|p1a: Primarina|Surf|p2a: Ting-Lu
|-supereffective|p2a: Ting-Lu
|-damage|p2a: Ting-Lu|62/100
|move|p2a: Ting-Lu|Earthquake|p1a: Primarina
|-damage|p1a: Primarina|56/100
|
|-heal|p2a: Ting-Lu|68/100|[from] item: Leftovers
|upkeep
|turn|4
|
|t:|1760734265
|-terastallize|p2a: Ting-Lu|Water
|move|p1a: Primarina|Surf|p2a: Ting-Lu
|-resisted|p2a: Ting-Lu
|-damage|p2a: Ting-Lu|58/100
|move|p2a: Ting-Lu|Earthquake|p1a: Primarina
|-damage|p1a: Primarina|11/100
|
|-heal|p2a: Ting-Lu|64/100|[from] item: Leftovers
|upkeep
|turn|5
|
|t:|1760734275
|move|p1a: Primarina|Moonblast|p2a: Ting-Lu
|-damage|p2a: Ting-Lu|43/100
|move|p2a: Ting-Lu|Earthquake|p1a: Primarina
|-damage|p1a: Primarina|0 fnt
|faint|p1a: Primarina
|
|-heal|p2a: Ting-Lu|49/100|[from] item: Leftovers
|upkeep
|
|t:|1760734280
|switch|p1a: Zapdos|Zapdos-Galar|94/100 tox
|turn|6
|
|t:|1760734290
|move|p1a: Zapdos|Close Combat|p2a: Ting-Lu
|-damage|p2a: Ting-Lu|0 fnt
|-unboost|p1a: Zapdos|def|1
|-unboost|p1a: Zapdos|spd|1
|faint|p2a: Ting-Lu
|
|-damage|p1a: Zapdos|88/100 tox|[from] psn
|upkeep
|
|t:|1760734299
|switch|p2a: Slowking|Slowking-Galar, L99, F|38/100
|turn|7
|
|t:|1760734309
|move|p1a: Zapdos|Close Combat|p2a: Slowking
|-resisted|p2a: Slowking
|-damage|p2a: Slowking|14/100
|-unboost|p1a: Zapdos|def|1
|-unboost|p1a: Zapdos|spd|1
|-prepare|p2a: Slowking|Chilly Reception|[premajor]
|move|p2a: Slowking|Chilly Reception|p2a: Slowking
|-weather|Snowscape
|
|t:|1760734318
|switch|p2a: Kyurem|Kyurem|100/100|[from] Chilly Reception
|-ability|p2a: Kyurem|Pressure
|
|-weather|Snowscape|[upkeep]
|-damage|p1a: Zapdos|76/100 tox|[from] psn
|upkeep
|turn|8
|
|t:|1760734328
|move|p2a: Kyurem|Protect|p2a: Kyurem
|-singleturn|p2a: Kyurem|Protect
|move|p1a: Zapdos|Close Combat|p2a: Kyurem
|-activate|p2a: Kyurem|move: Protect
|
|-weather|Snowscape|[upkeep]
|-damage|p1a: Zapdos|57/100 tox|[from] psn
|upkeep
|turn|9
|inactive|SpongeGar & Patar has 60 seconds left.
|
|t:|1760734337
|switch|p1a: Ogerpon|Ogerpon-Cornerstone, F|100/100
|switch|p2a: Slowking|Slowking-Galar, L99, F|47/100
|
|-weather|Snowscape|[upkeep]
|upkeep
|turn|10
|
|t:|1760734349
|switch|p2a: Corviknight|Corviknight, M|100/100
|-ability|p2a: Corviknight|Pressure
|move|p1a: Ogerpon|Power Whip|p2a: Corviknight
|-resisted|p2a: Corviknight
|-damage|p2a: Corviknight|90/100
|-damage|p1a: Ogerpon|84/100|[from] item: Rocky Helmet|[of] p2a: Corviknight
|
|-weather|Snowscape|[upkeep]
|upkeep
|turn|11
|
|t:|1760734358
|switch|p1a: Armarouge|Armarouge, M|100/100
|move|p2a: Corviknight|U-turn|p1a: Armarouge
|-damage|p1a: Armarouge|84/100
|-ability|p1a: Armarouge|Weak Armor|boost
|-unboost|p1a: Armarouge|def|1
|-boost|p1a: Armarouge|spe|2
|
|t:|1760734368
|switch|p2a: Slowking|Slowking-Galar, L99, F|80/100|[from] U-turn
|
|-weather|none
|upkeep
|turn|12
|j| just-jaype
|
|t:|1760734377
|move|p1a: Armarouge|Armor Cannon|p2a: Slowking
|-damage|p2a: Slowking|40/100
|-unboost|p1a: Armarouge|def|1
|-unboost|p1a: Armarouge|spd|1
|move|p2a: Slowking|Toxic|p1a: Armarouge
|-status|p1a: Armarouge|tox
|
|-damage|p1a: Armarouge|78/100 tox|[from] psn
|upkeep
|turn|13
|
|t:|1760734387
|switch|p2a: Dondozo|Dondozo, M|100/100
|move|p1a: Armarouge|Armor Cannon|p2a: Dondozo
|-resisted|p2a: Dondozo
|-damage|p2a: Dondozo|73/100
|-unboost|p1a: Armarouge|def|1
|-unboost|p1a: Armarouge|spd|1
|
|-heal|p2a: Dondozo|79/100|[from] item: Leftovers
|-damage|p1a: Armarouge|66/100 tox|[from] psn
|upkeep
|turn|14
|
|t:|1760734397
|switch|p1a: Raging Bolt|Raging Bolt|100/100
|switch|p2a: Slowking|Slowking-Galar, L99, F|74/100
|
|upkeep
|turn|15
|
|t:|1760734406
|-end|p1a: Raging Bolt|Protosynthesis|[silent]
|switch|p1a: Zapdos|Zapdos-Galar|57/100 tox
|-prepare|p2a: Slowking|Chilly Reception|[premajor]
|move|p2a: Slowking|Chilly Reception|p2a: Slowking
|-weather|Snowscape
|
|t:|1760734416
|switch|p2a: Cinderace|Cinderace, F|100/100|[from] Chilly Reception
|
|-weather|Snowscape|[upkeep]
|-damage|p1a: Zapdos|51/100 tox|[from] psn
|upkeep
|turn|16
|inactive|SpongeGar & Patar has 90 seconds left.
|
|t:|1760734425
|move|p2a: Cinderace|Pyro Ball|p1a: Zapdos
|-damage|p1a: Zapdos|0 fnt
|faint|p1a: Zapdos
|
|-weather|Snowscape|[upkeep]
|upkeep
|
|t:|1760734428
|switch|p1a: Raging Bolt|Raging Bolt|100/100
|turn|17
|l| just-jaype
|inactive|SpongeGar & Patar has 90 seconds left.
|inactive|SpongeGar & Patar has 60 seconds left.
|
|t:|1760734476
|move|p2a: Cinderace|U-turn|p1a: Raging Bolt
|-damage|p1a: Raging Bolt|84/100
|j| Sleeping Castles
|inactive|SpongeGar & Patar has 60 seconds left.
|inactive|SpongeGar & Patar has 30 seconds left.
|inactive|SpongeGar & Patar has 20 seconds left.
|
|t:|1760734525
|switch|p2a: Slowking|Slowking-Galar, L99, F|100/100|[from] U-turn
|move|p1a: Raging Bolt|Ancient Power|p2a: Slowking
|-damage|p2a: Slowking|86/100
|
|-weather|Snowscape|[upkeep]
|-heal|p1a: Raging Bolt|90/100|[from] item: Leftovers
|upkeep
|turn|18
|inactive|SpongeGar & Patar has 30 seconds left this turn.
|
|t:|1760734534
|move|p1a: Raging Bolt|Ancient Power|p2a: Slowking
|-damage|p2a: Slowking|72/100
|move|p2a: Slowking|Toxic|p1a: Raging Bolt
|-status|p1a: Raging Bolt|tox
|
|-weather|Snowscape|[upkeep]
|-heal|p1a: Raging Bolt|96/100 tox|[from] item: Leftovers
|-damage|p1a: Raging Bolt|90/100 tox|[from] psn
|upkeep
|turn|19
|inactive|SpongeGar & Patar has 30 seconds left.
|
|t:|1760734544
|move|p1a: Raging Bolt|Ancient Power|p2a: Slowking
|-damage|p2a: Slowking|56/100
|move|p2a: Slowking|Sludge Bomb|p1a: Raging Bolt
|-damage|p1a: Raging Bolt|64/100 tox
|
|-weather|none
|-heal|p1a: Raging Bolt|70/100 tox|[from] item: Leftovers
|-damage|p1a: Raging Bolt|58/100 tox|[from] psn
|upkeep
|turn|20
|inactive|SpongeGar & Patar has 30 seconds left.
|
|t:|1760734554
|move|p1a: Raging Bolt|Ancient Power|p2a: Slowking
|-damage|p2a: Slowking|41/100
|-prepare|p2a: Slowking|Chilly Reception|[premajor]
|move|p2a: Slowking|Chilly Reception|p2a: Slowking
|-weather|Snowscape
|inactive|SpongeGar & Patar has 30 seconds left.
|
|t:|1760734564
|switch|p2a: Kyurem|Kyurem|100/100|[from] Chilly Reception
|-ability|p2a: Kyurem|Pressure
|
|-weather|Snowscape|[upkeep]
|-heal|p1a: Raging Bolt|64/100 tox|[from] item: Leftovers
|-damage|p1a: Raging Bolt|45/100 tox|[from] psn
|upkeep
|turn|21
|
|t:|1760734573
|-end|p1a: Raging Bolt|Protosynthesis|[silent]
|switch|p1a: Ogerpon|Ogerpon-Cornerstone, F|84/100
|move|p2a: Kyurem|Protect||[still]
|-fail|p2a: Kyurem
|
|-weather|Snowscape|[upkeep]
|upkeep
|turn|22
|
|t:|1760734582
|-terastallize|p1a: Ogerpon|Rock
|detailschange|p1a: Ogerpon|Ogerpon-Cornerstone-Tera, F, tera:Rock
|-ability|p1a: Ogerpon|Embody Aspect (Cornerstone)|boost
|-boost|p1a: Ogerpon|def|1
|move|p1a: Ogerpon|Ivy Cudgel|p2a: Kyurem|[anim] Ivy Cudgel Rock
|-supereffective|p2a: Kyurem
|-crit|p2a: Kyurem
|-damage|p2a: Kyurem|0 fnt
|faint|p2a: Kyurem
|
|-weather|Snowscape|[upkeep]
|upkeep
|
|t:|1760734591
|switch|p2a: Corviknight|Corviknight, M|90/100
|-ability|p2a: Corviknight|Pressure
|turn|23
|
|t:|1760734601
|switch|p1a: Armarouge|Armarouge, M|66/100 tox
|move|p2a: Corviknight|U-turn|p1a: Armarouge
|-damage|p1a: Armarouge|50/100 tox
|-ability|p1a: Armarouge|Weak Armor|boost
|-unboost|p1a: Armarouge|def|1
|-boost|p1a: Armarouge|spe|2
|
|t:|1760734610
|switch|p2a: Slowking|Slowking-Galar, L99, F|74/100|[from] U-turn
|
|-weather|Snowscape|[upkeep]
|-damage|p1a: Armarouge|44/100 tox|[from] psn
|upkeep
|turn|24
|
|t:|1760734619
|move|p1a: Armarouge|Armor Cannon|p2a: Slowking
|-damage|p2a: Slowking|39/100
|-unboost|p1a: Armarouge|def|1
|-unboost|p1a: Armarouge|spd|1
|-prepare|p2a: Slowking|Chilly Reception|[premajor]
|move|p2a: Slowking|Chilly Reception|p2a: Slowking
|
|t:|1760734629
|switch|p2a: Dondozo|Dondozo, M|79/100|[from] Chilly Reception
|
|-weather|none
|-heal|p2a: Dondozo|85/100|[from] item: Leftovers
|-damage|p1a: Armarouge|32/100 tox|[from] psn
|upkeep
|turn|25
|
|t:|1760734638
|switch|p1a: Raging Bolt|Raging Bolt|45/100 tox
|switch|p2a: Slowking|Slowking-Galar, L99, F|72/100
|
|-heal|p1a: Raging Bolt|52/100 tox|[from] item: Leftovers
|-damage|p1a: Raging Bolt|45/100 tox|[from] psn
|upkeep
|turn|26
|inactive|SpongeGar & Patar has 60 seconds left.
|
|t:|1760734647
|move|p1a: Raging Bolt|Dragon Pulse|p2a: Slowking
|-damage|p2a: Slowking|42/100
|-prepare|p2a: Slowking|Chilly Reception|[premajor]
|move|p2a: Slowking|Chilly Reception|p2a: Slowking
|-weather|Snowscape
|inactive|SpongeGar & Patar has 60 seconds left.
|
|t:|1760734657
|switch|p2a: Dondozo|Dondozo, M|85/100|[from] Chilly Reception
|
|-weather|Snowscape|[upkeep]
|-heal|p1a: Raging Bolt|52/100 tox|[from] item: Leftovers
|-heal|p2a: Dondozo|92/100|[from] item: Leftovers
|-damage|p1a: Raging Bolt|39/100 tox|[from] psn
|upkeep
|turn|27
|
|t:|1760734666
|-end|p1a: Raging Bolt|Protosynthesis|[silent]
|switch|p1a: Ogerpon|Ogerpon-Cornerstone-Tera, F, tera:Rock|84/100
|-ability|p1a: Ogerpon|Embody Aspect (Cornerstone)|boost
|-boost|p1a: Ogerpon|def|1
|switch|p2a: Corviknight|Corviknight, M|90/100
|-ability|p2a: Corviknight|Pressure
|
|-weather|Snowscape|[upkeep]
|upkeep
|turn|28
|
|t:|1760734675
|move|p1a: Ogerpon|Ivy Cudgel|p2a: Corviknight|[anim] Ivy Cudgel Rock
|-damage|p2a: Corviknight|42/100
|move|p2a: Corviknight|U-turn|p1a: Ogerpon
|-damage|p1a: Ogerpon|71/100
|
|t:|1760734685
|switch|p2a: Dondozo|Dondozo, M|92/100|[from] U-turn
|
|-weather|Snowscape|[upkeep]
|-heal|p2a: Dondozo|98/100|[from] item: Leftovers
|upkeep
|turn|29
|
|t:|1760734694
|move|p1a: Ogerpon|Ivy Cudgel|p2a: Dondozo|[anim] Ivy Cudgel Rock
|-crit|p2a: Dondozo
|-damage|p2a: Dondozo|44/100
|move|p2a: Dondozo|Curse|p2a: Dondozo
|-unboost|p2a: Dondozo|spe|1
|-boost|p2a: Dondozo|atk|1
|-boost|p2a: Dondozo|def|1
|
|-weather|Snowscape|[upkeep]
|-heal|p2a: Dondozo|50/100|[from] item: Leftovers
|upkeep
|turn|30
|
|t:|1760734703
|move|p1a: Ogerpon|Power Whip|p2a: Dondozo
|-supereffective|p2a: Dondozo
|-damage|p2a: Dondozo|7/100
|move|p2a: Dondozo|Body Press|p1a: Ogerpon
|-supereffective|p1a: Ogerpon
|-damage|p1a: Ogerpon|0 fnt
|faint|p1a: Ogerpon
|detailschange|p1: Ogerpon|Ogerpon-Cornerstone, F|[silent]
|
|-weather|none
|-heal|p2a: Dondozo|13/100|[from] item: Leftovers
|upkeep
|
|t:|1760734711
|switch|p1a: Great Tusk|Great Tusk|100/100
|-enditem|p1a: Great Tusk|Booster Energy
|-activate|p1a: Great Tusk|ability: Protosynthesis|[fromitem]
|-start|p1a: Great Tusk|protosynthesisatk
|turn|31
|inactive|SpongeGar & Patar has 90 seconds left.
|
|t:|1760734720
|switch|p2a: Corviknight|Corviknight, M|42/100
|-ability|p2a: Corviknight|Pressure
|move|p1a: Great Tusk|Close Combat|p2a: Corviknight
|-damage|p2a: Corviknight|0 fnt
|-unboost|p1a: Great Tusk|def|1
|-unboost|p1a: Great Tusk|spd|1
|-damage|p1a: Great Tusk|84/100|[from] item: Rocky Helmet|[of] p2a: Corviknight
|faint|p2a: Corviknight
|
|upkeep
|inactive|SpongeGar & Patar has 90 seconds left.
|inactive|SpongeGar & Patar has 60 seconds left.
|
|t:|1760734766
|switch|p2a: Cinderace|Cinderace, F|100/100
|turn|32
|inactive|SpongeGar & Patar has 30 seconds left.
|inactive|SpongeGar & Patar has 20 seconds left.
|inactive|SpongeGar & Patar has 15 seconds left.
|
|t:|1760734811
|-end|p1a: Great Tusk|Protosynthesis|[silent]
|switch|p1a: Armarouge|Armarouge, M|32/100 tox
|move|p2a: Cinderace|Will-O-Wisp||[still]
|-fail|p2a: Cinderace
|
|-damage|p1a: Armarouge|26/100 tox|[from] psn
|upkeep
|turn|33
|inactive|SpongeGar & Patar has 25 seconds left this turn.
|inactive|SpongeGar & Patar has 20 seconds left.
|
|t:|1760734820
|move|p2a: Cinderace|Pyro Ball|p1a: Armarouge
|-resisted|p1a: Armarouge
|-damage|p1a: Armarouge|0 fnt
|faint|p1a: Armarouge
|
|upkeep
|
|t:|1760734824
|switch|p1a: Raging Bolt|Raging Bolt|39/100 tox
|turn|34
|inactive|SpongeGar & Patar has 30 seconds left.
|
|t:|1760734833
|-end|p1a: Raging Bolt|Protosynthesis|[silent]
|switch|p1a: Great Tusk|Great Tusk|84/100
|move|p2a: Cinderace|U-turn|p1a: Great Tusk
|-resisted|p1a: Great Tusk
|-damage|p1a: Great Tusk|78/100
|inactive|SpongeGar & Patar has 30 seconds left.
|
|t:|1760734842
|switch|p2a: Dondozo|Dondozo, M|13/100|[from] U-turn
|
|-heal|p2a: Dondozo|19/100|[from] item: Leftovers
|upkeep
|turn|35
|
|t:|1760734851
|switch|p2a: Slowking|Slowking-Galar, L99, F|75/100
|move|p1a: Great Tusk|Headlong Rush|p2a: Slowking
|-supereffective|p2a: Slowking
|-damage|p2a: Slowking|0 fnt
|-unboost|p1a: Great Tusk|def|1
|-unboost|p1a: Great Tusk|spd|1
|faint|p2a: Slowking
|
|upkeep
|
|t:|1760734860
|switch|p2a: Cinderace|Cinderace, F|100/100
|turn|36
|
|t:|1760734868
|-end|p1a: Great Tusk|Protosynthesis|[silent]
|switch|p1a: Raging Bolt|Raging Bolt|39/100 tox
|move|p2a: Cinderace|Will-O-Wisp||[still]
|-fail|p2a: Cinderace
|
|-heal|p1a: Raging Bolt|45/100 tox|[from] item: Leftovers
|-damage|p1a: Raging Bolt|39/100 tox|[from] psn
|upkeep
|turn|37
|
|t:|1760734877
|move|p2a: Cinderace|Pyro Ball|p1a: Raging Bolt|[miss]
|-miss|p2a: Cinderace|p1a: Raging Bolt
|move|p1a: Raging Bolt|Ancient Power|p2a: Cinderace
|-supereffective|p2a: Cinderace
|-damage|p2a: Cinderace|44/100
|
|-heal|p1a: Raging Bolt|45/100 tox|[from] item: Leftovers
|-damage|p1a: Raging Bolt|33/100 tox|[from] psn
|upkeep
|turn|38
|
|t:|1760734885
|move|p1a: Raging Bolt|Thunderclap|p2a: Cinderace
|-damage|p2a: Cinderace|0 fnt
|faint|p2a: Cinderace
|
|-heal|p1a: Raging Bolt|39/100 tox|[from] item: Leftovers
|-damage|p1a: Raging Bolt|21/100 tox|[from] psn
|upkeep
|
|t:|1760734890
|switch|p2a: Dondozo|Dondozo, M|19/100
|turn|39
|
|t:|1760734893
|move|p1a: Raging Bolt|Dragon Pulse|p2a: Dondozo
|-damage|p2a: Dondozo|0 fnt
|faint|p2a: Dondozo
|
|win|Grindset mindset
|raw|Grindset mindset's rating: 1760 &rarr; <strong>1783</strong><br />(+23 for winning)
|raw|SpongeGar &amp; Patar's rating: 1816 &rarr; <strong>1793</strong><br />(-23 for losing)
|l|☆SpongeGar & Patar
|player|p2|
|l|☆Grindset mindset
|player|p1|
|l| Sleeping Castles
