|j|☆brian_tryem
|j|☆putpat
|t:|1760786707
|gametype|singles
|player|p1|brian_tryem|collector|1337
|player|p2|putpat|1|1282
|gen|9
|tier|[Gen 9] OU
|rated|
|rule|HP Percentage Mod: HP is shown in percentages
|rule|Endless Battle Clause: Forcing endless battles is banned
|rule|Species Clause: Limit one of each Pokémon
|rule|OHKO Clause: OHKO moves are banned
|rule|Evasion Items Clause: Evasion items are banned
|rule|Evasion Moves Clause: Evasion moves are banned
|rule|Evasion Abilities Clause: Evasion abilities are banned
|rule|Sleep Moves Clause: Sleep-inducing moves are banned
|clearpoke
|poke|p1|Necrozma|
|poke|p1|Kingambit, M|
|poke|p1|Samurott-Hisui, F|
|poke|p1|Iron Treads|
|poke|p1|Pecharunt|
|poke|p1|Enamorus, F|
|poke|p2|Garchomp, M|
|poke|p2|Darkrai|
|poke|p2|Gholdengo|
|poke|p2|Ogerpon-Wellspring, F|
|poke|p2|Iron Valiant|
|poke|p2|Iron Treads|
|teampreview
|inactive|Battle timer is ON: inactive players will automatically lose when time's up. (requested by putpat)
|
|t:|1760786723
|teamsize|p1|6
|teamsize|p2|6
|start
|switch|p1a: Enamorus|Enamorus, F|100/100
|switch|p2a: Garchomp|Garchomp, M|100/100
|turn|1
|
|t:|1760786733
|move|p1a: Enamorus|Mystical Fire|p2a: Garchomp
|-resisted|p2a: Garchomp
|-damage|p2a: Garchomp|87/100
|-unboost|p2a: Garchomp|spa|1
|move|p2a: Garchomp|Stealth Rock|p1a: Enamorus
|-sidestart|p1: brian_tryem|move: Stealth Rock
|
|upkeep
|turn|2
|
|t:|1760786740
|move|p1a: Enamorus|Mystical Fire|p2a: Garchomp
|-resisted|p2a: Garchomp
|-damage|p2a: Garchomp|74/100
|-unboost|p2a: Garchomp|spa|1
|move|p2a: Garchomp|Spikes|p1a: Enamorus
|-sidestart|p1: brian_tryem|Spikes
|
|upkeep
|turn|3
|
|t:|1760786757
|switch|p1a: Pecharunt|Pecharunt|100/100
|-damage|p1a: Pecharunt|88/100|[from] Stealth Rock
|-item|p1a: Pecharunt|Air Balloon
|move|p2a: Garchomp|Spikes|p1a: Pecharunt
|-sidestart|p1: brian_tryem|Spikes
|
|upkeep
|turn|4
|
|t:|1760786768
|move|p1a: Pecharunt|Shadow Ball|p2a: Garchomp
|-damage|p2a: Garchomp|50/100
|move|p2a: Garchomp|Dragon Tail|p1a: Pecharunt
|-damage|p1a: Pecharunt|75/100
|-enditem|p1a: Pecharunt|Air Balloon
|drag|p1a: Samurott|Samurott-Hisui, F, shiny|100/100
|-damage|p1a: Samurott|88/100|[from] Stealth Rock
|-damage|p1a: Samurott|72/100|[from] Spikes
|
|upkeep
|turn|5
|
|t:|1760786780
|move|p1a: Samurott|Ceaseless Edge|p2a: Garchomp
|-damage|p2a: Garchomp|1/100
|-damage|p1a: Samurott|59/100|[from] ability: Rough Skin|[of] p2a: Garchomp
|-damage|p1a: Samurott|43/100|[from] item: Rocky Helmet|[of] p2a: Garchomp
|-sidestart|p2: putpat|Spikes
|move|p2a: Garchomp|Spikes|p1a: Samurott
|-sidestart|p1: brian_tryem|Spikes
|
|upkeep
|turn|6
|
|t:|1760786789
|move|p1a: Samurott|Ceaseless Edge|p2a: Garchomp
|-damage|p2a: Garchomp|0 fnt
|-damage|p1a: Samurott|30/100|[from] ability: Rough Skin|[of] p2a: Garchomp
|-damage|p1a: Samurott|14/100|[from] item: Rocky Helmet|[of] p2a: Garchomp
|-sidestart|p2: putpat|Spikes
|faint|p2a: Garchomp
|
|upkeep
|
|t:|1760786794
|switch|p2a: Iron Treads|Iron Treads|100/100
|-damage|p2a: Iron Treads|84/100|[from] Spikes
|turn|7
|
|t:|1760786799
|move|p2a: Iron Treads|Rapid Spin|p1a: Samurott
|-damage|p1a: Samurott|0 fnt
|-boost|p2a: Iron Treads|spe|1
|-sideend|p2: putpat|Spikes|[from] move: Rapid Spin|[of] p2a: Iron Treads
|faint|p1a: Samurott
|
|-heal|p2a: Iron Treads|90/100|[from] item: Leftovers
|upkeep
|
|t:|1760786812
|switch|p1a: Necrozma|Necrozma|100/100
|-damage|p1a: Necrozma|88/100|[from] Stealth Rock
|-damage|p1a: Necrozma|63/100|[from] Spikes
|turn|8
|
|t:|1760786818
|move|p2a: Iron Treads|Knock Off|p1a: Necrozma
|-supereffective|p1a: Necrozma
|-enditem|p1a: Necrozma|Colbur Berry|[eat]
|-enditem|p1a: Necrozma|Colbur Berry|[weaken]
|-damage|p1a: Necrozma|48/100
|move|p1a: Necrozma|Earth Power|p2a: Iron Treads
|-supereffective|p2a: Iron Treads
|-damage|p2a: Iron Treads|16/100
|
|-heal|p2a: Iron Treads|22/100|[from] item: Leftovers
|upkeep
|turn|9
|
|t:|1760786829
|move|p2a: Iron Treads|Earthquake|p1a: Necrozma
|-damage|p1a: Necrozma|17/100
|move|p1a: Necrozma|Trick Room|p1a: Necrozma
|-fieldstart|move: Trick Room|[of] p1a: Necrozma
|
|-heal|p2a: Iron Treads|28/100|[from] item: Leftovers
|upkeep
|turn|10
|
|t:|1760786839
|move|p1a: Necrozma|Earth Power|p2a: Iron Treads
|-supereffective|p2a: Iron Treads
|-damage|p2a: Iron Treads|0 fnt
|faint|p2a: Iron Treads
|-end|p2a: Iron Treads|Quark Drive|[silent]
|
|upkeep
|
|t:|1760786843
|switch|p2a: Gholdengo|Gholdengo|100/100
|-item|p2a: Gholdengo|Air Balloon
|turn|11
|
|t:|1760786849
|move|p1a: Necrozma|Photon Geyser|p2a: Gholdengo
|-resisted|p2a: Gholdengo
|-damage|p2a: Gholdengo|73/100
|-enditem|p2a: Gholdengo|Air Balloon
|move|p2a: Gholdengo|Hex|p1a: Necrozma
|-supereffective|p1a: Necrozma
|-damage|p1a: Necrozma|0 fnt
|faint|p1a: Necrozma
|
|upkeep
|
|t:|1760786868
|switch|p1a: Kingambit|Kingambit, M|100/100
|-damage|p1a: Kingambit|94/100|[from] Stealth Rock
|-damage|p1a: Kingambit|69/100|[from] Spikes
|-activate|p1a: Kingambit|ability: Supreme Overlord
|-start|p1a: Kingambit|fallen2|[silent]
|turn|12
|
|t:|1760786878
|-terastallize|p2a: Gholdengo|Fairy
|move|p1a: Kingambit|Kowtow Cleave|p2a: Gholdengo
|-resisted|p2a: Gholdengo
|-damage|p2a: Gholdengo|47/100
|move|p2a: Gholdengo|Thunder Wave|p1a: Kingambit
|-status|p1a: Kingambit|par
|
|upkeep
|turn|13
|
|t:|1760786890
|cant|p1a: Kingambit|par
|move|p2a: Gholdengo|Recover|p2a: Gholdengo
|-heal|p2a: Gholdengo|97/100
|
|-fieldend|move: Trick Room
|upkeep
|turn|14
|
|t:|1760786897
|move|p2a: Gholdengo|Hex|p1a: Kingambit
|-resisted|p1a: Kingambit
|-damage|p1a: Kingambit|43/100 par
|move|p1a: Kingambit|Iron Head|p2a: Gholdengo
|-supereffective|p2a: Gholdengo
|-damage|p2a: Gholdengo|20/100
|
|upkeep
|turn|15
|
|t:|1760786904
|move|p2a: Gholdengo|Hex|p1a: Kingambit
|-resisted|p1a: Kingambit
|-damage|p1a: Kingambit|14/100 par
|move|p1a: Kingambit|Iron Head|p2a: Gholdengo
|-supereffective|p2a: Gholdengo
|-damage|p2a: Gholdengo|0 fnt
|faint|p2a: Gholdengo
|
|upkeep
|
|t:|1760786910
|switch|p2a: Iron Valiant|Iron Valiant|100/100
|-enditem|p2a: Iron Valiant|Booster Energy
|-activate|p2a: Iron Valiant|ability: Quark Drive|[fromitem]
|-start|p2a: Iron Valiant|quarkdrivespe
|turn|16
|
|t:|1760786916
|move|p2a: Iron Valiant|Calm Mind|p2a: Iron Valiant
|-boost|p2a: Iron Valiant|spa|1
|-boost|p2a: Iron Valiant|spd|1
|cant|p1a: Kingambit|par
|
|upkeep
|turn|17
|
|t:|1760786923
|move|p2a: Iron Valiant|Calm Mind|p2a: Iron Valiant
|-boost|p2a: Iron Valiant|spa|1
|-boost|p2a: Iron Valiant|spd|1
|move|p1a: Kingambit|Iron Head|p2a: Iron Valiant
|-supereffective|p2a: Iron Valiant
|-damage|p2a: Iron Valiant|0 fnt
|faint|p2a: Iron Valiant
|-end|p2a: Iron Valiant|Quark Drive|[silent]
|
|upkeep
|
|t:|1760786927
|switch|p2a: Darkrai|Darkrai|100/100
|turn|18
|
|t:|1760786933
|move|p2a: Darkrai|Dark Pulse|p1a: Kingambit
|-resisted|p1a: Kingambit
|-damage|p1a: Kingambit|0 fnt
|faint|p1a: Kingambit
|-end|p1a: Kingambit|fallen2|[silent]
|
|upkeep
|
|t:|1760786938
|switch|p1a: Enamorus|Enamorus, F|100/100
|-damage|p1a: Enamorus|76/100|[from] Stealth Rock
|turn|19
|
|t:|1760786943
|-terastallize|p1a: Enamorus|Fairy
|move|p1a: Enamorus|Moonblast|p2a: Darkrai
|-supereffective|p2a: Darkrai
|-damage|p2a: Darkrai|0 fnt
|faint|p2a: Darkrai
|
|upkeep
|
|t:|1760786947
|switch|p2a: Ogerpon|Ogerpon-Wellspring, F|100/100
|turn|20
|
|t:|1760786952
|move|p1a: Enamorus|Moonblast|p2a: Ogerpon
|-damage|p2a: Ogerpon|28/100
|move|p2a: Ogerpon|Ivy Cudgel|p1a: Enamorus|[anim] Ivy Cudgel Water
|-damage|p1a: Enamorus|0 fnt
|faint|p1a: Enamorus
|
|upkeep
|
|t:|1760786960
|switch|p1a: Pecharunt|Pecharunt|75/100
|-damage|p1a: Pecharunt|63/100|[from] Stealth Rock
|-damage|p1a: Pecharunt|38/100|[from] Spikes
|turn|21
|
|t:|1760786965
|move|p2a: Ogerpon|Synthesis|p2a: Ogerpon
|-heal|p2a: Ogerpon|78/100
|move|p1a: Pecharunt|Malignant Chain|p2a: Ogerpon
|-supereffective|p2a: Ogerpon
|-damage|p2a: Ogerpon|13/100
|-status|p2a: Ogerpon|tox
|-start|p2a: Ogerpon|confusion|[from] ability: Poison Puppeteer|[of] p1a: Pecharunt
|
|-damage|p2a: Ogerpon|7/100 tox|[from] psn
|upkeep
|turn|22
|-message|putpat forfeited.
|
|win|brian_tryem
|raw|brian_tryem's rating: 1337 &rarr; <strong>1354</strong><br />(+17 for winning)
|raw|putpat's rating: 1282 &rarr; <strong>1261</strong><br />(-21 for losing)
|l|☆putpat
|player|p2|
|l|☆brian_tryem
|player|p1|
