|j|☆wa3ji1da3瓦鸡打
|j|☆gock glocker
|t:|1760848778
|gametype|singles
|player|p1|wa3ji1da3瓦鸡打|iono|1619
|player|p2|gock glocker|101|1565
|gen|9
|tier|[Gen 9] OU
|rated|
|rule|HP Percentage Mod: HP is shown in percentages
|rule|Endless Battle Clause: Forcing endless battles is banned
|rule|Species Clause: Limit one of each Pokémon
|rule|OHKO Clause: OHKO moves are banned
|rule|Evasion Items Clause: Evasion items are banned
|rule|Evasion Moves Clause: Evasion moves are banned
|rule|Evasion Abilities Clause: Evasion abilities are banned
|rule|Sleep Moves Clause: Sleep-inducing moves are banned
|clearpoke
|poke|p1|Dragonite, F|
|poke|p1|Zamazenta-*|
|poke|p1|Landorus-Therian, M|
|poke|p1|Gholdengo|
|poke|p1|Darkrai|
|poke|p1|Hatterene, F|
|poke|p2|Pecharunt|
|poke|p2|Garganacl, F|
|poke|p2|Hatterene, F|
|poke|p2|Iron Treads|
|poke|p2|Samurott-Hisui, F|
|poke|p2|Dragonite, M|
|teampreview
|inactive|Battle timer is ON: inactive players will automatically lose when time's up. (requested by gock glocker)
|inactive|wa3ji1da3瓦鸡打 also wants the timer to be on.
|inactive|gock glocker has 120 seconds left.
|
|t:|1760848815
|teamsize|p1|6
|teamsize|p2|6
|start
|switch|p1a: Darkrai|Darkrai|100/100
|switch|p2a: Pecharunt|Pecharunt|100/100
|turn|1
|inactive|gock glocker has 120 seconds left.
|
|t:|1760848859
|switch|p2a: Samurott|Samurott-Hisui, F|100/100
|move|p1a: Darkrai|Dark Pulse|p2a: Samurott
|-resisted|p2a: Samurott
|-damage|p2a: Samurott|70/100
|
|upkeep
|turn|2
|
|t:|1760848865
|move|p2a: Samurott|Aqua Cutter|p1a: Darkrai
|-damage|p1a: Darkrai|47/100
|move|p1a: Darkrai|Will-O-Wisp|p2a: Samurott|[miss]
|-miss|p1a: Darkrai|p2a: Samurott
|
|upkeep
|turn|3
|
|t:|1760848871
|switch|p1a: Zamazenta|Zamazenta|100/100
|-ability|p1a: Zamazenta|Dauntless Shield|boost
|-boost|p1a: Zamazenta|def|1
|move|p2a: Samurott|Aqua Cutter|p1a: Zamazenta
|-damage|p1a: Zamazenta|78/100
|
|-heal|p1a: Zamazenta|84/100|[from] item: Leftovers
|upkeep
|turn|4
|inactive|gock glocker has 120 seconds left.
|
|t:|1760848896
|switch|p2a: Pecharunt|Pecharunt|100/100
|move|p1a: Zamazenta|Roar|p2a: Pecharunt
|drag|p2a: Hatterene|Hatterene, F|100/100
|
|-heal|p1a: Zamazenta|90/100|[from] item: Leftovers
|upkeep
|turn|5
|inactive|gock glocker has 90 seconds left.
|c|☆wa3ji1da3瓦鸡打|…
|
|t:|1760848946
|switch|p1a: Gholdengo|Gholdengo|100/100
|move|p2a: Hatterene|Psychic Noise|p1a: Gholdengo
|-resisted|p1a: Gholdengo
|-damage|p1a: Gholdengo|83/100
|-start|p1a: Gholdengo|move: Heal Block
|
|upkeep
|turn|6
|
|t:|1760848954
|switch|p2a: Samurott|Samurott-Hisui, F|70/100
|move|p1a: Gholdengo|Make It Rain|p2a: Samurott
|-resisted|p2a: Samurott
|-damage|p2a: Samurott|10/100
|-unboost|p1a: Gholdengo|spa|1
|
|-end|p1a: Gholdengo|move: Heal Block
|upkeep
|turn|7
|
|t:|1760848959
|switch|p1a: Landorus|Landorus-Therian, M|100/100
|-ability|p1a: Landorus|Intimidate|boost
|-unboost|p2a: Samurott|atk|1
|move|p2a: Samurott|Ceaseless Edge|p1a: Landorus
|-damage|p1a: Landorus|71/100
|-damage|p2a: Samurott|0 fnt|[from] item: Rocky Helmet|[of] p1a: Landorus
|faint|p2a: Samurott
|
|upkeep
|inactive|gock glocker has 90 seconds left.
|
|t:|1760848993
|switch|p2a: Hatterene|Hatterene, F|100/100
|turn|8
|
|t:|1760848996
|move|p1a: Landorus|U-turn|p2a: Hatterene
|-damage|p2a: Hatterene|81/100
|-damage|p1a: Landorus|54/100|[from] item: Rocky Helmet|[of] p2a: Hatterene
|
|t:|1760849001
|switch|p1a: Gholdengo|Gholdengo|83/100|[from] U-turn
|move|p2a: Hatterene|Psychic Noise|p1a: Gholdengo
|-resisted|p1a: Gholdengo
|-damage|p1a: Gholdengo|66/100
|-start|p1a: Gholdengo|move: Heal Block
|
|upkeep
|turn|9
|inactive|gock glocker has 90 seconds left.
|
|t:|1760849011
|switch|p2a: Iron Treads|Iron Treads|100/100
|-terastallize|p1a: Gholdengo|Steel
|move|p1a: Gholdengo|Make It Rain|p2a: Iron Treads
|-resisted|p2a: Iron Treads
|-damage|p2a: Iron Treads|43/100
|-unboost|p1a: Gholdengo|spa|1
|
|-heal|p2a: Iron Treads|50/100|[from] item: Leftovers
|-end|p1a: Gholdengo|move: Heal Block
|upkeep
|turn|10
|
|t:|1760849020
|switch|p1a: Landorus|Landorus-Therian, M|54/100
|-ability|p1a: Landorus|Intimidate|boost
|-unboost|p2a: Iron Treads|atk|1
|move|p2a: Iron Treads|Knock Off|p1a: Landorus
|-crit|p1a: Landorus
|-damage|p1a: Landorus|19/100
|-damage|p2a: Iron Treads|33/100|[from] item: Rocky Helmet|[of] p1a: Landorus
|-enditem|p1a: Landorus|Rocky Helmet|[from] move: Knock Off|[of] p2a: Iron Treads
|
|-heal|p2a: Iron Treads|39/100|[from] item: Leftovers
|upkeep
|turn|11
|
|t:|1760849029
|-end|p2a: Iron Treads|Quark Drive|[silent]
|switch|p2a: Hatterene|Hatterene, F|81/100
|move|p1a: Landorus|Earthquake|p2a: Hatterene
|-damage|p2a: Hatterene|38/100
|
|upkeep
|turn|12
|
|t:|1760849037
|move|p1a: Landorus|U-turn|p2a: Hatterene
|-damage|p2a: Hatterene|17/100
|-damage|p1a: Landorus|3/100|[from] item: Rocky Helmet|[of] p2a: Hatterene
|
|t:|1760849042
|switch|p1a: Gholdengo|Gholdengo, tera:Steel|66/100|[from] U-turn
|move|p2a: Hatterene|Draining Kiss|p1a: Gholdengo
|-resisted|p1a: Gholdengo
|-damage|p1a: Gholdengo|53/100
|-heal|p2a: Hatterene|27/100|[from] drain|[of] p1a: Gholdengo
|
|upkeep
|turn|13
|inactive|gock glocker has 120 seconds left.
|
|t:|1760849049
|move|p1a: Gholdengo|Recover|p1a: Gholdengo
|-heal|p1a: Gholdengo|100/100
|move|p2a: Hatterene|Nuzzle|p1a: Gholdengo
|-damage|p1a: Gholdengo|96/100
|-status|p1a: Gholdengo|par
|
|upkeep
|turn|14
|
|t:|1760849058
|cant|p1a: Gholdengo|par
|move|p2a: Hatterene|Pain Split|p1a: Gholdengo
|-immune|p1a: Gholdengo|[from] ability: Good as Gold
|
|upkeep
|turn|15
|inactive|gock glocker has 120 seconds left.
|
|t:|1760849082
|cant|p1a: Gholdengo|par
|move|p2a: Hatterene|Draining Kiss|p1a: Gholdengo
|-resisted|p1a: Gholdengo
|-damage|p1a: Gholdengo|84/100 par
|-heal|p2a: Hatterene|37/100|[from] drain|[of] p1a: Gholdengo
|
|upkeep
|turn|16
|
|t:|1760849086
|cant|p1a: Gholdengo|par
|move|p2a: Hatterene|Psychic Noise|p1a: Gholdengo
|-resisted|p1a: Gholdengo
|-damage|p1a: Gholdengo|67/100 par
|-start|p1a: Gholdengo|move: Heal Block
|
|upkeep
|turn|17
|
|t:|1760849089
|cant|p1a: Gholdengo|par
|move|p2a: Hatterene|Draining Kiss|p1a: Gholdengo
|-resisted|p1a: Gholdengo
|-damage|p1a: Gholdengo|54/100 par
|-heal|p2a: Hatterene|47/100|[from] drain|[of] p1a: Gholdengo
|
|-end|p1a: Gholdengo|move: Heal Block
|upkeep
|turn|18
|
|t:|1760849093
|cant|p1a: Gholdengo|par
|move|p2a: Hatterene|Psychic Noise|p1a: Gholdengo
|-resisted|p1a: Gholdengo
|-damage|p1a: Gholdengo|37/100 par
|-start|p1a: Gholdengo|move: Heal Block
|
|upkeep
|turn|19
|
|t:|1760849095
|move|p1a: Gholdengo|Make It Rain|p2a: Hatterene
|-supereffective|p2a: Hatterene
|-damage|p2a: Hatterene|0 fnt
|-unboost|p1a: Gholdengo|spa|1
|faint|p2a: Hatterene
|
|-end|p1a: Gholdengo|move: Heal Block
|upkeep
|
|t:|1760849099
|switch|p2a: Iron Treads|Iron Treads|39/100
|turn|20
|
|t:|1760849103
|switch|p1a: Landorus|Landorus-Therian, M|3/100
|-ability|p1a: Landorus|Intimidate|boost
|-unboost|p2a: Iron Treads|atk|1
|move|p2a: Iron Treads|Earthquake|p1a: Landorus
|-immune|p1a: Landorus
|
|-heal|p2a: Iron Treads|46/100|[from] item: Leftovers
|upkeep
|turn|21
|
|t:|1760849107
|move|p2a: Iron Treads|Knock Off|p1a: Landorus
|-damage|p1a: Landorus|0 fnt
|faint|p1a: Landorus
|
|-heal|p2a: Iron Treads|52/100|[from] item: Leftovers
|upkeep
|
|t:|1760849111
|switch|p1a: Zamazenta|Zamazenta|90/100
|turn|22
|inactive|gock glocker has 120 seconds left.
|
|t:|1760849149
|-end|p2a: Iron Treads|Quark Drive|[silent]
|switch|p2a: Pecharunt|Pecharunt|100/100
|move|p1a: Zamazenta|Crunch|p2a: Pecharunt
|-supereffective|p2a: Pecharunt
|-damage|p2a: Pecharunt|74/100
|
|-heal|p1a: Zamazenta|97/100|[from] item: Leftovers
|upkeep
|turn|23
|inactive|gock glocker has 120 seconds left.
|
|t:|1760849155
|switch|p1a: Darkrai|Darkrai|47/100
|move|p2a: Pecharunt|Malignant Chain|p1a: Darkrai
|-damage|p1a: Darkrai|10/100
|
|upkeep
|turn|24
|inactive|gock glocker has 120 seconds left.
|inactive|gock glocker has 90 seconds left.
|
|t:|1760849209
|switch|p2a: Garganacl|Garganacl, F|100/100
|move|p1a: Darkrai|Dark Pulse|p2a: Garganacl
|-damage|p2a: Garganacl|75/100
|
|-heal|p2a: Garganacl|81/100|[from] item: Leftovers
|upkeep
|turn|25
|
|t:|1760849218
|switch|p1a: Zamazenta|Zamazenta|97/100
|move|p2a: Garganacl|Salt Cure|p1a: Zamazenta
|-resisted|p1a: Zamazenta
|-damage|p1a: Zamazenta|91/100
|-start|p1a: Zamazenta|Salt Cure
|
|-heal|p1a: Zamazenta|97/100|[from] item: Leftovers
|-heal|p2a: Garganacl|87/100|[from] item: Leftovers
|-damage|p1a: Zamazenta|85/100|[from] Salt Cure
|upkeep
|turn|26
|
|t:|1760849222
|switch|p1a: Hatterene|Hatterene, F|100/100
|switch|p2a: Pecharunt|Pecharunt|74/100
|
|upkeep
|turn|27
|
|t:|1760849231
|switch|p2a: Iron Treads|Iron Treads|52/100
|move|p1a: Hatterene|Psychic Noise|p2a: Iron Treads
|-resisted|p2a: Iron Treads
|-damage|p2a: Iron Treads|32/100
|-start|p2a: Iron Treads|move: Heal Block
|
|upkeep
|turn|28
|
|t:|1760849254
|move|p2a: Iron Treads|Knock Off|p1a: Hatterene
|-damage|p1a: Hatterene|72/100
|-enditem|p1a: Hatterene|Assault Vest|[from] move: Knock Off|[of] p2a: Iron Treads
|move|p1a: Hatterene|Mystical Fire|p2a: Iron Treads
|-supereffective|p2a: Iron Treads
|-crit|p2a: Iron Treads
|-damage|p2a: Iron Treads|0 fnt
|faint|p2a: Iron Treads
|-end|p2a: Iron Treads|Quark Drive|[silent]
|
|upkeep
|
|t:|1760849259
|switch|p2a: Pecharunt|Pecharunt|74/100
|turn|29
|
|t:|1760849269
|-terastallize|p2a: Pecharunt|Ghost
|move|p2a: Pecharunt|Malignant Chain|p1a: Hatterene
|-supereffective|p1a: Hatterene
|-damage|p1a: Hatterene|17/100
|move|p1a: Hatterene|Psychic Noise|p2a: Pecharunt
|-damage|p2a: Pecharunt|33/100
|
|upkeep
|turn|30
|
|t:|1760849279
|move|p2a: Pecharunt|Recover|p2a: Pecharunt
|-heal|p2a: Pecharunt|83/100
|move|p1a: Hatterene|Psychic Noise|p2a: Pecharunt
|-damage|p2a: Pecharunt|47/100
|
|upkeep
|turn|31
|
|t:|1760849284
|switch|p1a: Darkrai|Darkrai|10/100
|move|p2a: Pecharunt|Recover|p2a: Pecharunt
|-heal|p2a: Pecharunt|97/100
|
|upkeep
|turn|32
|
|t:|1760849291
|switch|p2a: Garganacl|Garganacl, F|87/100
|move|p1a: Darkrai|Dark Pulse|p2a: Garganacl
|-damage|p2a: Garganacl|60/100
|
|-heal|p2a: Garganacl|67/100|[from] item: Leftovers
|upkeep
|turn|33
|
|t:|1760849302
|switch|p1a: Hatterene|Hatterene, F|17/100
|move|p2a: Garganacl|Salt Cure|p1a: Hatterene
|-damage|p1a: Hatterene|2/100
|-start|p1a: Hatterene|Salt Cure
|
|-heal|p2a: Garganacl|73/100|[from] item: Leftovers
|-damage|p1a: Hatterene|0 fnt|[from] Salt Cure
|faint|p1a: Hatterene
|upkeep
|
|t:|1760849304
|switch|p1a: Gholdengo|Gholdengo, tera:Steel|37/100 par
|turn|34
|
|t:|1760849316
|move|p1a: Gholdengo|Make It Rain|p2a: Garganacl
|-supereffective|p2a: Garganacl
|-damage|p2a: Garganacl|0 fnt
|-unboost|p1a: Gholdengo|spa|1
|faint|p2a: Garganacl
|
|upkeep
|
|t:|1760849323
|switch|p2a: Pecharunt|Pecharunt, tera:Ghost|97/100
|turn|35
|
|t:|1760849329
|move|p2a: Pecharunt|Shadow Ball|p1a: Gholdengo
|-damage|p1a: Gholdengo|0 fnt
|faint|p1a: Gholdengo
|
|upkeep
|
|t:|1760849332
|switch|p1a: Darkrai|Darkrai|10/100
|turn|36
|
|t:|1760849357
|move|p1a: Darkrai|Ice Beam|p2a: Pecharunt
|-damage|p2a: Pecharunt|68/100
|move|p2a: Pecharunt|Shadow Ball|p1a: Darkrai
|-resisted|p1a: Darkrai
|-damage|p1a: Darkrai|0 fnt
|faint|p1a: Darkrai
|
|upkeep
|
|t:|1760849375
|switch|p1a: Zamazenta|Zamazenta|85/100
|turn|37
|inactive|gock glocker has 120 seconds left.
|
|t:|1760849411
|move|p1a: Zamazenta|Crunch|p2a: Pecharunt
|-supereffective|p2a: Pecharunt
|-damage|p2a: Pecharunt|42/100
|move|p2a: Pecharunt|Nasty Plot|p2a: Pecharunt
|-boost|p2a: Pecharunt|spa|2
|
|-heal|p1a: Zamazenta|91/100|[from] item: Leftovers
|upkeep
|turn|38
|
|t:|1760849417
|move|p2a: Pecharunt|Recover|p2a: Pecharunt
|-heal|p2a: Pecharunt|92/100
|move|p1a: Zamazenta|Roar|p2a: Pecharunt
|drag|p2a: Dragonite|Dragonite, M|100/100
|
|-heal|p1a: Zamazenta|97/100|[from] item: Leftovers
|upkeep
|turn|39
|
|t:|1760849422
|move|p1a: Zamazenta|Iron Defense|p1a: Zamazenta
|-boost|p1a: Zamazenta|def|2
|move|p2a: Dragonite|Encore|p1a: Zamazenta
|-start|p1a: Zamazenta|Encore
|
|-heal|p1a: Zamazenta|100/100|[from] item: Leftovers
|upkeep
|turn|40
|
|t:|1760849431
|switch|p1a: Dragonite|Dragonite, F|100/100
|switch|p2a: Pecharunt|Pecharunt, tera:Ghost|92/100
|
|upkeep
|turn|41
|
|t:|1760849436
|move|p2a: Pecharunt|Malignant Chain|p1a: Dragonite
|-damage|p1a: Dragonite|85/100
|-status|p1a: Dragonite|tox
|-start|p1a: Dragonite|confusion|[from] ability: Poison Puppeteer|[of] p2a: Pecharunt
|-enditem|p1a: Dragonite|Lum Berry|[eat]
|-curestatus|p1a: Dragonite|tox|[msg]
|-end|p1a: Dragonite|confusion
|move|p1a: Dragonite|Dragon Dance|p1a: Dragonite
|-boost|p1a: Dragonite|atk|1
|-boost|p1a: Dragonite|spe|1
|
|upkeep
|turn|42
|
|t:|1760849449
|move|p1a: Dragonite|Earthquake|p2a: Pecharunt
|-damage|p2a: Pecharunt|61/100
|move|p2a: Pecharunt|Malignant Chain|p1a: Dragonite
|-damage|p1a: Dragonite|52/100
|
|upkeep
|turn|43
|
|t:|1760849455
|move|p1a: Dragonite|Earthquake|p2a: Pecharunt
|-damage|p2a: Pecharunt|29/100
|move|p2a: Pecharunt|Recover|p2a: Pecharunt
|-heal|p2a: Pecharunt|79/100
|
|upkeep
|turn|44
|
|t:|1760849459
|move|p1a: Dragonite|Earthquake|p2a: Pecharunt
|-damage|p2a: Pecharunt|49/100
|move|p2a: Pecharunt|Malignant Chain|p1a: Dragonite
|-damage|p1a: Dragonite|17/100
|
|upkeep
|turn|45
|
|t:|1760849467
|move|p1a: Dragonite|Dragon Dance|p1a: Dragonite
|-boost|p1a: Dragonite|atk|1
|-boost|p1a: Dragonite|spe|1
|move|p2a: Pecharunt|Recover|p2a: Pecharunt
|-heal|p2a: Pecharunt|99/100
|
|upkeep
|turn|46
|
|t:|1760849472
|move|p1a: Dragonite|Earthquake|p2a: Pecharunt
|-damage|p2a: Pecharunt|58/100
|move|p2a: Pecharunt|Shadow Ball|p1a: Dragonite
|-damage|p1a: Dragonite|0 fnt
|faint|p1a: Dragonite
|
|upkeep
|
|t:|1760849477
|switch|p1a: Zamazenta|Zamazenta|100/100
|turn|47
|
|t:|1760849482
|move|p1a: Zamazenta|Iron Defense|p1a: Zamazenta
|-boost|p1a: Zamazenta|def|2
|move|p2a: Pecharunt|Recover|p2a: Pecharunt
|-heal|p2a: Pecharunt|100/100
|
|upkeep
|turn|48
|
|t:|1760849486
|move|p2a: Pecharunt|Nasty Plot|p2a: Pecharunt
|-boost|p2a: Pecharunt|spa|2
|move|p1a: Zamazenta|Roar|p2a: Pecharunt
|drag|p2a: Dragonite|Dragonite, M|100/100
|
|upkeep
|turn|49
|
|t:|1760849493
|move|p1a: Zamazenta|Body Press|p2a: Dragonite
|-resisted|p2a: Dragonite
|-damage|p2a: Dragonite|79/100
|move|p2a: Dragonite|Encore|p1a: Zamazenta
|-start|p1a: Zamazenta|Encore
|
|upkeep
|turn|50
|
|t:|1760849498
|switch|p2a: Pecharunt|Pecharunt, tera:Ghost|100/100
|move|p1a: Zamazenta|Body Press|p2a: Pecharunt
|-immune|p2a: Pecharunt
|
|upkeep
|turn|51
|-message|wa3ji1da3瓦鸡打 forfeited.
|
|win|gock glocker
|raw|wa3ji1da3瓦鸡打's rating: 1619 &rarr; <strong>1596</strong><br />(-23 for losing)
|raw|gock glocker's rating: 1565 &rarr; <strong>1588</strong><br />(+23 for winning)
|l|☆wa3ji1da3瓦鸡打
|player|p1|
