|j|☆Dragonking732
|j|☆Mr.X&Y97
|t:|1760801022
|gametype|singles
|player|p1|Dragonking732|cyrus|1729
|player|p2|Mr.X&Y97|ingo|1723
|gen|9
|tier|[Gen 9] OU
|rated|
|rule|HP Percentage Mod: HP is shown in percentages
|rule|Endless Battle Clause: Forcing endless battles is banned
|rule|Species Clause: Limit one of each Pokémon
|rule|OHKO Clause: OHKO moves are banned
|rule|Evasion Items Clause: Evasion items are banned
|rule|Evasion Moves Clause: Evasion moves are banned
|rule|Evasion Abilities Clause: Evasion abilities are banned
|rule|Sleep Moves Clause: Sleep-inducing moves are banned
|clearpoke
|poke|p1|Dragonite, F|
|poke|p1|Darkrai|
|poke|p1|Hatterene, F|
|poke|p1|Ogerpon-Wellspring, F|
|poke|p1|Heatran, M|
|poke|p1|Great Tusk|
|poke|p2|Indeedee, M|
|poke|p2|Armarouge, M|
|poke|p2|Hatterene, F|
|poke|p2|Polteageist|
|poke|p2|Hawlucha, F|
|poke|p2|Maushold|
|teampreview
|inactive|Battle timer is ON: inactive players will automatically lose when time's up. (requested by Mr.X&Y97)
|
|t:|1760801040
|teamsize|p1|6
|teamsize|p2|6
|start
|switch|p1a: Ogerpon|Ogerpon-Wellspring, F|100/100
|switch|p2a: Indeedee|Indeedee, M|100/100
|-fieldstart|move: Psychic Terrain|[from] ability: Psychic Surge|[of] p2a: Indeedee
|turn|1
|
|t:|1760801045
|switch|p2a: Hatterene|Hatterene, F|100/100
|move|p1a: Ogerpon|Knock Off|p2a: Hatterene
|-damage|p2a: Hatterene|70/100
|-enditem|p2a: Hatterene|Eject Button|[from] move: Knock Off|[of] p1a: Ogerpon
|
|upkeep
|turn|2
|
|t:|1760801052
|move|p1a: Ogerpon|U-turn|p2a: Hatterene
|-damage|p2a: Hatterene|45/100
|
|t:|1760801054
|switch|p1a: Hatterene|Hatterene, F|100/100|[from] U-turn
|move|p2a: Hatterene|Nuzzle|p1a: Hatterene
|-damage|p1a: Hatterene|96/100
|-status|p1a: Hatterene|par
|
|upkeep
|turn|3
|
|t:|1760801074
|move|p2a: Hatterene|Mystical Fire|p1a: Hatterene
|-damage|p1a: Hatterene|83/100 par
|-unboost|p1a: Hatterene|spa|1
|cant|p1a: Hatterene|par
|
|upkeep
|turn|4
|
|t:|1760801078
|switch|p1a: Heatran|Heatran, M|100/100
|-item|p1a: Heatran|Air Balloon
|move|p2a: Hatterene|Mystical Fire|p1a: Heatran
|-start|p1a: Heatran|ability: Flash Fire
|
|upkeep
|turn|5
|
|t:|1760801081
|move|p1a: Heatran|Magma Storm|p2a: Hatterene
|-damage|p2a: Hatterene|0 fnt
|faint|p2a: Hatterene
|
|upkeep
|
|t:|1760801105
|switch|p2a: Armarouge|Armarouge, M|100/100
|turn|6
|
|t:|1760801123
|move|p2a: Armarouge|Aura Sphere|p1a: Heatran
|-supereffective|p1a: Heatran
|-damage|p1a: Heatran|63/100
|-enditem|p1a: Heatran|Air Balloon
|move|p1a: Heatran|Magma Storm|p2a: Armarouge|[miss]
|-miss|p1a: Heatran|p2a: Armarouge
|
|upkeep
|turn|7
|
|t:|1760801130
|-end|p1a: Heatran|ability: Flash Fire|[silent]
|switch|p1a: Hatterene|Hatterene, F|83/100 par
|move|p2a: Armarouge|Expanding Force|p1a: Hatterene
|-resisted|p1a: Hatterene
|-damage|p1a: Hatterene|53/100 par
|
|upkeep
|turn|8
|
|t:|1760801134
|move|p2a: Armarouge|Armor Cannon|p1a: Hatterene
|-damage|p1a: Hatterene|8/100 par
|-unboost|p2a: Armarouge|def|1
|-unboost|p2a: Armarouge|spd|1
|move|p1a: Hatterene|Nuzzle|p2a: Armarouge
|-damage|p2a: Armarouge|94/100
|-status|p2a: Armarouge|par
|-ability|p2a: Armarouge|Weak Armor|boost
|-unboost|p2a: Armarouge|def|1
|-boost|p2a: Armarouge|spe|2
|
|-fieldend|move: Psychic Terrain
|upkeep
|turn|9
|
|t:|1760801139
|move|p2a: Armarouge|Aura Sphere|p1a: Hatterene
|-resisted|p1a: Hatterene
|-damage|p1a: Hatterene|3/100 par
|cant|p1a: Hatterene|par
|
|upkeep
|turn|10
|
|t:|1760801144
|move|p2a: Armarouge|Armor Cannon|p1a: Hatterene
|-damage|p1a: Hatterene|0 fnt
|-unboost|p2a: Armarouge|def|1
|-unboost|p2a: Armarouge|spd|1
|faint|p1a: Hatterene
|
|upkeep
|
|t:|1760801146
|switch|p1a: Ogerpon|Ogerpon-Wellspring, F|100/100
|turn|11
|
|t:|1760801148
|move|p2a: Armarouge|Endure|p2a: Armarouge
|-singleturn|p2a: Armarouge|move: Endure
|move|p1a: Ogerpon|Ivy Cudgel|p2a: Armarouge|[anim] Ivy Cudgel Water
|-supereffective|p2a: Armarouge
|-activate|p2a: Armarouge|move: Endure
|-damage|p2a: Armarouge|1/100 par
|-ability|p2a: Armarouge|Weak Armor|boost
|-unboost|p2a: Armarouge|def|1
|-boost|p2a: Armarouge|spe|2
|-enditem|p2a: Armarouge|Weakness Policy
|-boost|p2a: Armarouge|atk|2|[from] item: Weakness Policy
|-boost|p2a: Armarouge|spa|2|[from] item: Weakness Policy
|
|upkeep
|turn|12
|
|t:|1760801156
|move|p2a: Armarouge|Armor Cannon|p1a: Ogerpon
|-damage|p1a: Ogerpon|0 fnt
|-unboost|p2a: Armarouge|def|1
|-unboost|p2a: Armarouge|spd|1
|faint|p1a: Ogerpon
|
|upkeep
|
|t:|1760801168
|switch|p1a: Dragonite|Dragonite, F|100/100
|turn|13
|
|t:|1760801179
|switch|p2a: Polteageist|Polteageist|100/100
|move|p1a: Dragonite|Dragon Dance|p1a: Dragonite
|-boost|p1a: Dragonite|atk|1
|-boost|p1a: Dragonite|spe|1
|
|upkeep
|turn|14
|
|t:|1760801183
|move|p1a: Dragonite|Dragon Dance|p1a: Dragonite
|-boost|p1a: Dragonite|atk|1
|-boost|p1a: Dragonite|spe|1
|move|p2a: Polteageist|Shell Smash|p2a: Polteageist
|-unboost|p2a: Polteageist|def|1
|-unboost|p2a: Polteageist|spd|1
|-boost|p2a: Polteageist|atk|2
|-boost|p2a: Polteageist|spa|2
|-boost|p2a: Polteageist|spe|2
|
|upkeep
|turn|15
|
|t:|1760801194
|move|p2a: Polteageist|Stored Power|p1a: Dragonite
|-damage|p1a: Dragonite|62/100
|move|p1a: Dragonite|Dragon Dance|p1a: Dragonite
|-boost|p1a: Dragonite|atk|1
|-boost|p1a: Dragonite|spe|1
|
|upkeep
|turn|16
|
|t:|1760801199
|move|p1a: Dragonite|Earthquake|p2a: Polteageist
|-enditem|p2a: Polteageist|Focus Sash
|-damage|p2a: Polteageist|1/100
|-ability|p2a: Polteageist|Weak Armor|boost
|-unboost|p2a: Polteageist|def|1
|-boost|p2a: Polteageist|spe|2
|move|p2a: Polteageist|Stored Power|p1a: Dragonite
|-damage|p1a: Dragonite|0 fnt
|faint|p1a: Dragonite
|
|upkeep
|
|t:|1760801203
|switch|p1a: Darkrai|Darkrai|100/100
|turn|17
|
|t:|1760801209
|-terastallize|p2a: Polteageist|Fighting
|move|p2a: Polteageist|Tera Blast|p1a: Darkrai|[anim] Tera Blast Fighting
|-supereffective|p1a: Darkrai
|-damage|p1a: Darkrai|0 fnt
|faint|p1a: Darkrai
|
|upkeep
|-message|Dragonking732 forfeited.
|
|win|Mr.X&Y97
|raw|Dragonking732's rating: 1729 &rarr; <strong>1709</strong><br />(-20 for losing)
|raw|Mr.X&amp;Y97's rating: 1723 &rarr; <strong>1743</strong><br />(+20 for winning)
|l|☆Dragonking732
|player|p1|
|l|☆Mr.X&Y97
|player|p2|
