|j|☆leosyspu
|j|☆ilyanana
|t:|1760800409
|gametype|singles
|player|p1|leosyspu|cynthia|1441
|player|p2|ilyanana|shauntal|1379
|gen|9
|tier|[Gen 9] OU
|rated|
|rule|HP Percentage Mod: HP is shown in percentages
|rule|Endless Battle Clause: Forcing endless battles is banned
|rule|Species Clause: Limit one of each Pokémon
|rule|OHKO Clause: OHKO moves are banned
|rule|Evasion Items Clause: Evasion items are banned
|rule|Evasion Moves Clause: Evasion moves are banned
|rule|Evasion Abilities Clause: Evasion abilities are banned
|rule|Sleep Moves Clause: Sleep-inducing moves are banned
|clearpoke
|poke|p1|Gardevoir, F|
|poke|p1|Cinderace, F|
|poke|p1|Conkeldurr, F|
|poke|p1|Empoleon, F|
|poke|p1|Arcanine-Hisui, M|
|poke|p1|Dusclops, M|
|poke|p2|Glimmora, F|
|poke|p2|Primarina, F|
|poke|p2|Dragapult, M|
|poke|p2|Zamazenta-*|
|poke|p2|Scizor, M|
|poke|p2|Zapdos|
|teampreview
|inactive|Battle timer is ON: inactive players will automatically lose when time's up. (requested by leosyspu)
|
|t:|1760800421
|teamsize|p1|6
|teamsize|p2|6
|start
|switch|p1a: Conkeldurr|Conkeldurr, F|100/100
|switch|p2a: junie morrison|Primarina, F, shiny|100/100
|turn|1
|
|t:|1760800432
|switch|p1a: Empoleon|Empoleon, F|100/100
|move|p2a: junie morrison|Moonblast|p1a: Empoleon
|-resisted|p1a: Empoleon
|-damage|p1a: Empoleon|79/100
|
|upkeep
|turn|2
|
|t:|1760800441
|move|p2a: junie morrison|Flip Turn|p1a: Empoleon
|-resisted|p1a: Empoleon
|-damage|p1a: Empoleon|73/100
|-damage|p2a: junie morrison|84/100|[from] item: Rocky Helmet|[of] p1a: Empoleon
|
|t:|1760800448
|switch|p2a: bigfoot brailey|Zapdos|100/100|[from] Flip Turn
|move|p1a: Empoleon|Roar|p2a: bigfoot brailey
|drag|p2a: george clinton|Dragapult, M|100/100
|
|upkeep
|turn|3
|
|t:|1760800456
|-terastallize|p2a: george clinton|Ghost
|move|p2a: george clinton|Tera Blast|p1a: Empoleon|[anim] Tera Blast Ghost
|-damage|p1a: Empoleon|3/100
|move|p1a: Empoleon|Stealth Rock|p2a: george clinton
|-sidestart|p2: ilyanana|move: Stealth Rock
|
|upkeep
|turn|4
|inactive|leosyspu has 120 seconds left.
|
|t:|1760800499
|move|p2a: george clinton|Tera Blast|p1a: Empoleon|[anim] Tera Blast Ghost
|-damage|p1a: Empoleon|0 fnt
|faint|p1a: Empoleon
|
|upkeep
|
|t:|1760800524
|switch|p1a: Cinderace|Cinderace, F|100/100
|turn|5
|
|t:|1760800533
|move|p2a: george clinton|Tera Blast|p1a: Cinderace|[anim] Tera Blast Ghost
|-damage|p1a: Cinderace|0 fnt
|faint|p1a: Cinderace
|
|upkeep
|
|t:|1760800541
|switch|p1a: 老婆|Gardevoir, F|100/100
|-ability|p1a: 老婆|Clear Body|Trace|[from] ability: Trace|[of] p2a: george clinton
|turn|6
|
|t:|1760800549
|-terastallize|p1a: 老婆|Fairy
|move|p2a: george clinton|Tera Blast|p1a: 老婆|[anim] Tera Blast Ghost
|-damage|p1a: 老婆|0 fnt
|faint|p1a: 老婆
|
|upkeep
|-message|leosyspu forfeited.
|
|win|ilyanana
|raw|leosyspu's rating: 1441 &rarr; <strong>1417</strong><br />(-24 for losing)
|raw|ilyanana's rating: 1379 &rarr; <strong>1403</strong><br />(+24 for winning)
|l|☆leosyspu
|player|p1|
|l|☆ilyanana
|player|p2|
