|j|☆Jleoren
|j|☆jimmyjohns212
|t:|1760864722
|gametype|singles
|player|p1|Jleoren|wattson|1140
|player|p2|jimmyjohns212|giovanni|1188
|gen|9
|tier|[Gen 9] OU
|rated|
|rule|HP Percentage Mod: HP is shown in percentages
|rule|Endless Battle Clause: Forcing endless battles is banned
|rule|Species Clause: Limit one of each Pokémon
|rule|OHKO Clause: OHKO moves are banned
|rule|Evasion Items Clause: Evasion items are banned
|rule|Evasion Moves Clause: Evasion moves are banned
|rule|Evasion Abilities Clause: Evasion abilities are banned
|rule|Sleep Moves Clause: Sleep-inducing moves are banned
|clearpoke
|poke|p1|Quaquaval, M|
|poke|p1|Pelipper, F|
|poke|p1|Darkrai|
|poke|p1|Zamazenta-*|
|poke|p1|Lokix, F|
|poke|p1|Dragapult, M|
|poke|p2|Rotom-Frost|
|poke|p2|Slowking-Galar, M|
|poke|p2|Moltres|
|poke|p2|Ting-Lu|
|poke|p2|Zamazenta-*|
|poke|p2|Ogerpon-Wellspring, F|
|teampreview
|inactive|Battle timer is ON: inactive players will automatically lose when time's up. (requested by jimmyjohns212)
|
|t:|1760864727
|teamsize|p1|6
|teamsize|p2|6
|start
|switch|p1a: Dragapult|Dragapult, M|100/100
|switch|p2a: Slowking|Slowking-Galar, M|100/100
|turn|1
|
|t:|1760864731
|move|p1a: Dragapult|U-turn|p2a: Slowking
|-damage|p2a: Slowking|86/100
|
|t:|1760864738
|switch|p1a: Lokix|Lokix, F|100/100|[from] U-turn
|-prepare|p2a: Slowking|Chilly Reception|[premajor]
|move|p2a: Slowking|Chilly Reception|p2a: Slowking
|-weather|Snowscape
|
|t:|1760864742
|switch|p2a: Moltres|Moltres|100/100|[from] Chilly Reception
|
|-weather|Snowscape|[upkeep]
|upkeep
|turn|2
|
|t:|1760864751
|switch|p1a: Pelipper|Pelipper, F|100/100
|-weather|RainDance|[from] ability: Drizzle|[of] p1a: Pelipper
|move|p2a: Moltres|U-turn|p1a: Pelipper
|-resisted|p1a: Pelipper
|-damage|p1a: Pelipper|92/100
|
|t:|1760864753
|switch|p2a: Slowking|Slowking-Galar, M|100/100|[from] U-turn
|
|-weather|RainDance|[upkeep]
|upkeep
|turn|3
|
|t:|1760864764
|move|p1a: Pelipper|U-turn|p2a: Slowking
|-damage|p2a: Slowking|93/100
|
|t:|1760864771
|switch|p1a: Dragapult|Dragapult, M|100/100|[from] U-turn
|-prepare|p2a: Slowking|Chilly Reception|[premajor]
|move|p2a: Slowking|Chilly Reception|p2a: Slowking
|-weather|Snowscape
|
|t:|1760864774
|switch|p2a: Rotom|Rotom-Frost|100/100|[from] Chilly Reception
|
|-weather|Snowscape|[upkeep]
|upkeep
|turn|4
|
|t:|1760864784
|move|p1a: Dragapult|U-turn|p2a: Rotom
|-damage|p2a: Rotom|89/100
|
|t:|1760864789
|switch|p1a: Zamazenta|Zamazenta|100/100|[from] U-turn
|-ability|p1a: Zamazenta|Dauntless Shield|boost
|-boost|p1a: Zamazenta|def|1
|move|p2a: Rotom|Nasty Plot|p2a: Rotom
|-boost|p2a: Rotom|spa|2
|
|-weather|Snowscape|[upkeep]
|upkeep
|turn|5
|
|t:|1760864797
|-terastallize|p2a: Rotom|Ghost
|move|p1a: Zamazenta|Body Press|p2a: Rotom
|-immune|p2a: Rotom
|move|p2a: Rotom|Shadow Ball|p1a: Zamazenta
|-crit|p1a: Zamazenta
|-damage|p1a: Zamazenta|20/100
|-unboost|p1a: Zamazenta|spd|1
|
|-weather|Snowscape|[upkeep]
|-heal|p1a: Zamazenta|26/100|[from] item: Leftovers
|upkeep
|turn|6
|
|t:|1760864806
|move|p1a: Zamazenta|Crunch|p2a: Rotom
|-supereffective|p2a: Rotom
|-damage|p2a: Rotom|39/100
|move|p2a: Rotom|Blizzard|p1a: Zamazenta
|-damage|p1a: Zamazenta|0 fnt
|faint|p1a: Zamazenta
|
|-weather|Snowscape|[upkeep]
|upkeep
|-message|jimmyjohns212 forfeited.
|
|win|Jleoren
|raw|Jleoren's rating: 1140 &rarr; <strong>1168</strong><br />(+28 for winning)
|raw|jimmyjohns212's rating: 1188 &rarr; <strong>1160</strong><br />(-28 for losing)
|l|☆jimmyjohns212
|player|p2|
|l|☆Jleoren
|player|p1|
