|j|☆SamTheHaxorus
|j|☆Kasey D
|t:|1760800269
|gametype|singles
|player|p1|SamTheHaxorus|eusine|1258
|player|p2|Kasey D|102|1226
|gen|9
|tier|[Gen 9] OU
|rated|
|rule|HP Percentage Mod: HP is shown in percentages
|rule|Endless Battle Clause: Forcing endless battles is banned
|rule|Species Clause: Limit one of each Pokémon
|rule|OHKO Clause: OHKO moves are banned
|rule|Evasion Items Clause: Evasion items are banned
|rule|Evasion Moves Clause: Evasion moves are banned
|rule|Evasion Abilities Clause: Evasion abilities are banned
|rule|Sleep Moves Clause: Sleep-inducing moves are banned
|clearpoke
|poke|p1|Heatran, M|
|poke|p1|Zoroark-Hisui, F|
|poke|p1|Forretress, F|
|poke|p1|Dragonite, M|
|poke|p1|Dondozo, F|
|poke|p1|Weavile, M|
|poke|p2|Wigglytuff, M|
|poke|p2|Hatterene, F|
|poke|p2|Medicham, M|
|poke|p2|Dusclops, M|
|poke|p2|Crawdaunt, M|
|poke|p2|Kingambit, F|
|teampreview
|inactive|Battle timer is ON: inactive players will automatically lose when time's up. (requested by SamTheHaxorus)
|
|t:|1760800281
|teamsize|p1|6
|teamsize|p2|6
|start
|switch|p1a: Walnut|Forretress, F|100/100
|switch|p2a: Hatterene|Hatterene, F|100/100
|turn|1
|
|t:|1760800301
|move|p1a: Walnut|Volt Switch|p2a: Hatterene
|-damage|p2a: Hatterene|89/100
|
|t:|1760800318
|switch|p1a: Lasagne|Heatran, M|100/100|[from] Volt Switch
|move|p2a: Hatterene|Trick Room|p2a: Hatterene
|-fieldstart|move: Trick Room|[of] p2a: Hatterene
|
|upkeep
|turn|2
|
|t:|1760800331
|move|p2a: Hatterene|Misty Explosion|p1a: Lasagne
|-resisted|p1a: Lasagne
|-damage|p1a: Lasagne|89/100
|faint|p2a: Hatterene
|move|p1a: Lasagne|Iron Defense|p1a: Lasagne
|-boost|p1a: Lasagne|def|2
|
|-heal|p1a: Lasagne|95/100|[from] item: Leftovers
|upkeep
|
|t:|1760800339
|switch|p2a: Crawdaunt|Crawdaunt, M|100/100
|turn|3
|
|t:|1760800345
|-terastallize|p1a: Lasagne|Grass
|move|p1a: Lasagne|Body Press|p2a: Crawdaunt
|-supereffective|p2a: Crawdaunt
|-enditem|p2a: Crawdaunt|Focus Sash
|-damage|p2a: Crawdaunt|1/100
|move|p2a: Crawdaunt|Crabhammer|p1a: Lasagne|[miss]
|-miss|p2a: Crawdaunt|p1a: Lasagne
|
|-heal|p1a: Lasagne|100/100|[from] item: Leftovers
|upkeep
|turn|4
|
|t:|1760800357
|switch|p2a: Dusclops|Dusclops, M|100/100
|-item|p1a: Lasagne|Leftovers|[from] ability: Frisk|[of] p2a: Dusclops
|move|p1a: Lasagne|Flash Cannon|p2a: Dusclops
|-damage|p2a: Dusclops|71/100
|
|upkeep
|turn|5
|
|t:|1760800369
|move|p2a: Dusclops|Night Shade|p1a: Lasagne
|-damage|p1a: Lasagne|75/100
|move|p1a: Lasagne|Magma Storm|p2a: Dusclops
|-damage|p2a: Dusclops|32/100
|-activate|p2a: Dusclops|move: Magma Storm|[of] p1a: Lasagne
|
|-heal|p1a: Lasagne|81/100|[from] item: Leftovers
|-damage|p2a: Dusclops|19/100|[from] move: Magma Storm|[partiallytrapped]
|-fieldend|move: Trick Room
|upkeep
|turn|6
|
|t:|1760800380
|move|p1a: Lasagne|Iron Defense|p1a: Lasagne
|-boost|p1a: Lasagne|def|2
|move|p2a: Dusclops|Pain Split|p1a: Lasagne
|-sethp|p1a: Lasagne|46/100|[from] move: Pain Split|[silent]
|-sethp|p2a: Dusclops|80/100|[from] move: Pain Split
|
|-heal|p1a: Lasagne|52/100|[from] item: Leftovers
|-damage|p2a: Dusclops|68/100|[from] move: Magma Storm|[partiallytrapped]
|upkeep
|turn|7
|
|t:|1760800398
|move|p1a: Lasagne|Flash Cannon|p2a: Dusclops
|-damage|p2a: Dusclops|34/100
|move|p2a: Dusclops|Trick Room|p2a: Dusclops
|-fieldstart|move: Trick Room|[of] p2a: Dusclops
|
|-heal|p1a: Lasagne|59/100|[from] item: Leftovers
|-damage|p2a: Dusclops|22/100|[from] move: Magma Storm|[partiallytrapped]
|upkeep
|turn|8
|
|t:|1760800407
|move|p2a: Dusclops|Night Shade|p1a: Lasagne
|-damage|p1a: Lasagne|33/100
|move|p1a: Lasagne|Flash Cannon|p2a: Dusclops
|-damage|p2a: Dusclops|0 fnt
|faint|p2a: Dusclops
|
|-heal|p1a: Lasagne|39/100|[from] item: Leftovers
|upkeep
|
|t:|1760800416
|switch|p2a: Wigglytuff|Wigglytuff, M|100/100
|turn|9
|
|t:|1760800420
|move|p2a: Wigglytuff|Ice Beam|p1a: Lasagne
|-supereffective|p1a: Lasagne
|-damage|p1a: Lasagne|0 fnt
|faint|p1a: Lasagne
|-damage|p2a: Wigglytuff|91/100|[from] item: Life Orb
|
|upkeep
|
|t:|1760800423
|switch|p1a: Walnut|Forretress, F|100/100
|turn|10
|
|t:|1760800430
|move|p1a: Walnut|Toxic Spikes|p2a: Wigglytuff
|-sidestart|p2: Kasey D|move: Toxic Spikes
|move|p2a: Wigglytuff|Fire Blast|p1a: Walnut
|-supereffective|p1a: Walnut
|-damage|p1a: Walnut|0 fnt
|faint|p1a: Walnut
|-damage|p2a: Wigglytuff|81/100|[from] item: Life Orb
|
|upkeep
|
|t:|1760800442
|switch|p1a: Weavile|Weavile, M|100/100
|-ability|p1a: Weavile|Pressure
|turn|11
|
|t:|1760800448
|move|p1a: Weavile|Fake Out|p2a: Wigglytuff
|-damage|p2a: Wigglytuff|63/100
|cant|p2a: Wigglytuff|flinch
|
|-fieldend|move: Trick Room
|upkeep
|turn|12
|
|t:|1760800456
|move|p1a: Weavile|Icicle Crash|p2a: Wigglytuff
|-damage|p2a: Wigglytuff|5/100
|cant|p2a: Wigglytuff|flinch
|
|upkeep
|turn|13
|
|t:|1760800462
|move|p1a: Weavile|Ice Shard|p2a: Wigglytuff
|-damage|p2a: Wigglytuff|0 fnt
|faint|p2a: Wigglytuff
|
|upkeep
|
|t:|1760800472
|switch|p2a: Crawdaunt|Crawdaunt, M|1/100
|-status|p2a: Crawdaunt|psn
|turn|14
|
|t:|1760800477
|move|p1a: Weavile|Ice Shard|p2a: Crawdaunt
|-resisted|p2a: Crawdaunt
|-damage|p2a: Crawdaunt|0 fnt
|faint|p2a: Crawdaunt
|
|upkeep
|
|t:|1760800492
|switch|p2a: Medicham|Medicham, M|100/100
|-status|p2a: Medicham|psn
|turn|15
|
|t:|1760800501
|switch|p1a: Dondozo|Dondozo, F|100/100
|move|p2a: Medicham|Thunder Punch|p1a: Dondozo
|-damage|p1a: Dondozo|30/100
|replace|p1a: Pascal|Zoroark-Hisui, F, shiny
|-end|p1a: Pascal|Illusion
|
|-damage|p2a: Medicham|88/100 psn|[from] psn
|upkeep
|turn|16
|
|t:|1760800511
|move|p2a: Medicham|Thunder Punch|p1a: Pascal
|-damage|p1a: Pascal|0 fnt
|faint|p1a: Pascal
|
|-damage|p2a: Medicham|76/100 psn|[from] psn
|upkeep
|
|t:|1760800514
|switch|p1a: Dragonite|Dragonite, M|100/100
|turn|17
|
|t:|1760800520
|move|p2a: Medicham|Thunder Punch|p1a: Dragonite
|-crit|p1a: Dragonite
|-damage|p1a: Dragonite|75/100
|move|p1a: Dragonite|Dragon Tail|p2a: Medicham
|-damage|p2a: Medicham|35/100 psn
|drag|p2a: Kingambit|Kingambit, F|100/100
|-activate|p2a: Kingambit|ability: Supreme Overlord
|-start|p2a: Kingambit|fallen4|[silent]
|
|-heal|p1a: Dragonite|81/100|[from] item: Leftovers
|upkeep
|turn|18
|
|t:|1760800537
|move|p1a: Dragonite|Thunder Wave|p2a: Kingambit
|-status|p2a: Kingambit|par
|cant|p2a: Kingambit|par
|
|-heal|p1a: Dragonite|87/100|[from] item: Leftovers
|upkeep
|turn|19
|
|t:|1760800547
|cant|p2a: Kingambit|par
|move|p1a: Dragonite|Dragon Tail|p2a: Kingambit
|-resisted|p2a: Kingambit
|-damage|p2a: Kingambit|90/100 par
|-end|p2a: Kingambit|fallen4|[silent]
|drag|p2a: Medicham|Medicham, M|35/100 psn
|
|-heal|p1a: Dragonite|94/100|[from] item: Leftovers
|-damage|p2a: Medicham|23/100 psn|[from] psn
|upkeep
|turn|20
|
|t:|1760800557
|move|p1a: Dragonite|Extreme Speed|p2a: Medicham
|-damage|p2a: Medicham|0 fnt
|faint|p2a: Medicham
|
|-heal|p1a: Dragonite|99/100|[from] item: Leftovers
|upkeep
|
|t:|1760800565
|switch|p2a: Kingambit|Kingambit, F|90/100 par
|-activate|p2a: Kingambit|ability: Supreme Overlord
|-start|p2a: Kingambit|fallen5|[silent]
|turn|21
|
|t:|1760800571
|switch|p1a: Weavile|Weavile, M|100/100
|-ability|p1a: Weavile|Pressure
|move|p2a: Kingambit|Kowtow Cleave|p1a: Weavile
|-resisted|p1a: Weavile
|-damage|p1a: Weavile|19/100
|-damage|p2a: Kingambit|80/100 par|[from] item: Life Orb
|
|upkeep
|turn|22
|
|t:|1760800580
|move|p1a: Weavile|Fake Out|p2a: Kingambit
|-resisted|p2a: Kingambit
|-damage|p2a: Kingambit|75/100 par
|cant|p2a: Kingambit|flinch
|
|upkeep
|turn|23
|
|t:|1760800586
|move|p2a: Kingambit|Sucker Punch|p1a: Weavile
|-resisted|p1a: Weavile
|-damage|p1a: Weavile|0 fnt
|faint|p1a: Weavile
|-damage|p2a: Kingambit|65/100 par|[from] item: Life Orb
|
|upkeep
|
|t:|1760800596
|switch|p1a: Dondozo|Dondozo, F|100/100
|turn|24
|
|t:|1760800601
|move|p1a: Dondozo|Chilling Water|p2a: Kingambit
|-damage|p2a: Kingambit|52/100 par
|-unboost|p2a: Kingambit|atk|1
|move|p2a: Kingambit|Kowtow Cleave|p1a: Dondozo
|-damage|p1a: Dondozo|43/100
|-damage|p2a: Kingambit|42/100 par|[from] item: Life Orb
|
|-heal|p1a: Dondozo|49/100|[from] item: Leftovers
|upkeep
|turn|25
|
|t:|1760800611
|cant|p2a: Kingambit|par
|move|p1a: Dondozo|Chilling Water|p2a: Kingambit
|-damage|p2a: Kingambit|31/100 par
|-unboost|p2a: Kingambit|atk|1
|
|-heal|p1a: Dondozo|55/100|[from] item: Leftovers
|upkeep
|turn|26
|-message|Kasey D forfeited.
|
|win|SamTheHaxorus
|raw|SamTheHaxorus's rating: 1279 &rarr; <strong>1300</strong><br />(+21 for winning)
|raw|Kasey D's rating: 1226 &rarr; <strong>1205</strong><br />(-21 for losing)
|l|☆Kasey D
|player|p2|
|l|☆SamTheHaxorus
|player|p1|
