|j|☆Rabzzz
|j|☆MooFarmer
|t:|1760760105
|gametype|singles
|player|p1|Rabzzz|#mwpvimurkrows|1770
|player|p2|MooFarmer|1|1822
|gen|9
|tier|[Gen 9] OU
|rated|
|rule|HP Percentage Mod: HP is shown in percentages
|rule|Endless Battle Clause: Forcing endless battles is banned
|rule|Species Clause: Limit one of each Pokémon
|rule|OHKO Clause: OHKO moves are banned
|rule|Evasion Items Clause: Evasion items are banned
|rule|Evasion Moves Clause: Evasion moves are banned
|rule|Evasion Abilities Clause: Evasion abilities are banned
|rule|Sleep Moves Clause: Sleep-inducing moves are banned
|clearpoke
|poke|p1|Iron Boulder|
|poke|p1|Ting-Lu|
|poke|p1|Great Tusk|
|poke|p1|Enamorus, F|
|poke|p1|Gholdengo|
|poke|p1|Rotom-Wash|
|poke|p2|Kyurem|
|poke|p2|Corviknight, M|
|poke|p2|Ting-Lu|
|poke|p2|Dondozo, M|
|poke|p2|Slowking-Galar, L99, M|
|poke|p2|Cinderace, M|
|teampreview
|j| gokugt1212
|
|t:|1760760152
|teamsize|p1|6
|teamsize|p2|6
|start
|switch|p1a: Ting-Lu|Ting-Lu|100/100
|switch|p2a: Kyurem|Kyurem|100/100
|-ability|p2a: Kyurem|Pressure
|-ability|p1a: Ting-Lu|Vessel of Ruin
|turn|1
|inactive|Battle timer is ON: inactive players will automatically lose when time's up. (requested by MooFarmer)
|inactive|MooFarmer has 120 seconds left.
|
|t:|1760760198
|move|p2a: Kyurem|Freeze-Dry|p1a: Ting-Lu
|-supereffective|p1a: Ting-Lu
|-damage|p1a: Ting-Lu|69/100
|move|p1a: Ting-Lu|Ruination|p2a: Kyurem
|-damage|p2a: Kyurem|50/100
|
|-heal|p2a: Kyurem|57/100|[from] item: Leftovers
|-heal|p1a: Ting-Lu|75/100|[from] item: Leftovers
|upkeep
|turn|2
|inactive|MooFarmer has 120 seconds left.
|j| But The Government
|l| But The Government
|
|t:|1760760244
|move|p2a: Kyurem|Freeze-Dry|p1a: Ting-Lu
|-supereffective|p1a: Ting-Lu
|-damage|p1a: Ting-Lu|48/100
|move|p1a: Ting-Lu|Whirlwind|p2a: Kyurem
|drag|p2a: Cinderace|Cinderace, M|100/100
|
|-heal|p1a: Ting-Lu|54/100|[from] item: Leftovers
|upkeep
|turn|3
|inactive|MooFarmer has 90 seconds left.
|
|t:|1760760289
|switch|p1a: Rotom|Rotom-Wash|100/100
|move|p2a: Cinderace|U-turn|p1a: Rotom
|-damage|p1a: Rotom|87/100
|-damage|p2a: Cinderace|84/100|[from] item: Rocky Helmet|[of] p1a: Rotom
|inactive|MooFarmer has 60 seconds left.
|inactive|MooFarmer has 30 seconds left.
|
|t:|1760760335
|switch|p2a: Kyurem|Kyurem|57/100|[from] U-turn
|-ability|p2a: Kyurem|Pressure
|
|-heal|p2a: Kyurem|63/100|[from] item: Leftovers
|upkeep
|turn|4
|
|t:|1760760348
|switch|p1a: Gholdengo|Gholdengo|100/100
|move|p2a: Kyurem|Freeze-Dry|p1a: Gholdengo
|-resisted|p1a: Gholdengo
|-damage|p1a: Gholdengo|83/100
|
|-heal|p2a: Kyurem|69/100|[from] item: Leftovers
|-heal|p1a: Gholdengo|89/100|[from] item: Leftovers
|upkeep
|turn|5
|
|t:|1760760357
|switch|p1a: Enamorus|Enamorus, F|100/100
|-terastallize|p2a: Kyurem|Ground
|move|p2a: Kyurem|Earth Power|p1a: Enamorus
|-immune|p1a: Enamorus
|
|-heal|p2a: Kyurem|75/100|[from] item: Leftovers
|upkeep
|turn|6
|
|t:|1760760366
|-terastallize|p1a: Enamorus|Fairy
|move|p2a: Kyurem|Protect|p2a: Kyurem
|-singleturn|p2a: Kyurem|Protect
|move|p1a: Enamorus|Moonblast|p2a: Kyurem
|-activate|p2a: Kyurem|move: Protect
|
|-heal|p2a: Kyurem|81/100|[from] item: Leftovers
|upkeep
|turn|7
|
|t:|1760760382
|switch|p1a: Great Tusk|Great Tusk|100/100
|switch|p2a: Slowking|Slowking-Galar, L99, M|100/100
|
|upkeep
|turn|8
|j| LT123VB 87
|
|t:|1760760391
|switch|p2a: Kyurem|Kyurem, tera:Ground|81/100
|-ability|p2a: Kyurem|Pressure
|move|p1a: Great Tusk|Stealth Rock|p2a: Kyurem
|-sidestart|p2: MooFarmer|move: Stealth Rock
|
|-heal|p2a: Kyurem|88/100|[from] item: Leftovers
|upkeep
|turn|9
|inactive|MooFarmer has 60 seconds left.
|
|t:|1760760403
|move|p2a: Kyurem|Freeze-Dry|p1a: Great Tusk
|-supereffective|p1a: Great Tusk
|-damage|p1a: Great Tusk|0 fnt
|faint|p1a: Great Tusk
|-end|p1a: Great Tusk|Protosynthesis|[silent]
|
|-heal|p2a: Kyurem|94/100|[from] item: Leftovers
|upkeep
|
|t:|1760760410
|switch|p1a: Enamorus|Enamorus, F, tera:Fairy|100/100
|turn|10
|
|t:|1760760419
|move|p2a: Kyurem|Protect|p2a: Kyurem
|-singleturn|p2a: Kyurem|Protect
|move|p1a: Enamorus|Moonblast|p2a: Kyurem
|-activate|p2a: Kyurem|move: Protect
|
|-heal|p2a: Kyurem|99/100|[from] item: Leftovers
|upkeep
|turn|11
|
|t:|1760760428
|switch|p2a: Cinderace|Cinderace, M|84/100
|move|p1a: Enamorus|Moonblast|p2a: Cinderace
|-resisted|p2a: Cinderace
|-damage|p2a: Cinderace|18/100
|-unboost|p2a: Cinderace|spa|1
|
|upkeep
|turn|12
|
|t:|1760760438
|move|p2a: Cinderace|Pyro Ball|p1a: Enamorus
|-damage|p1a: Enamorus|0 fnt
|faint|p1a: Enamorus
|
|upkeep
|j| hongyi233
|
|t:|1760760451
|switch|p1a: Iron Boulder|Iron Boulder|100/100
|-enditem|p1a: Iron Boulder|Booster Energy
|-activate|p1a: Iron Boulder|ability: Quark Drive|[fromitem]
|-start|p1a: Iron Boulder|quarkdrivespe
|turn|13
|inactive|MooFarmer has 90 seconds left.
|
|t:|1760760460
|switch|p2a: Kyurem|Kyurem, tera:Ground|99/100
|-damage|p2a: Kyurem|94/100|[from] Stealth Rock
|-ability|p2a: Kyurem|Pressure
|move|p1a: Iron Boulder|Earthquake|p2a: Kyurem
|-damage|p2a: Kyurem|65/100
|
|-heal|p2a: Kyurem|71/100|[from] item: Leftovers
|upkeep
|turn|14
|inactive|MooFarmer has 90 seconds left.
|inactive|MooFarmer has 60 seconds left.
|
|t:|1760760507
|-end|p1a: Iron Boulder|Quark Drive|[silent]
|switch|p1a: Rotom|Rotom-Wash|87/100
|move|p2a: Kyurem|Earth Power|p1a: Rotom
|-immune|p1a: Rotom|[from] ability: Levitate
|
|-heal|p2a: Kyurem|77/100|[from] item: Leftovers
|upkeep
|turn|15
|inactive|MooFarmer has 60 seconds left.
|inactive|MooFarmer has 30 seconds left.
|l| hongyi233
|inactive|MooFarmer has 20 seconds left.
|
|t:|1760760553
|move|p2a: Kyurem|Freeze-Dry|p1a: Rotom
|-supereffective|p1a: Rotom
|-damage|p1a: Rotom|7/100
|move|p1a: Rotom|Hydro Pump|p2a: Kyurem
|-supereffective|p2a: Kyurem
|-damage|p2a: Kyurem|0 fnt
|faint|p2a: Kyurem
|
|upkeep
|inactive|MooFarmer has 25 seconds left this turn.
|inactive|MooFarmer has 20 seconds left.
|
|t:|1760760562
|switch|p2a: Cinderace|Cinderace, M|18/100
|turn|16
|inactive|MooFarmer has 30 seconds left this turn.
|j| cloudv9
|
|t:|1760760581
|switch|p1a: Iron Boulder|Iron Boulder|100/100
|move|p2a: Cinderace|Pyro Ball|p1a: Iron Boulder
|-resisted|p1a: Iron Boulder
|-damage|p1a: Iron Boulder|58/100
|
|upkeep
|turn|17
|inactive|MooFarmer has 30 seconds left.
|
|t:|1760760592
|-end|p1a: Iron Boulder|Quark Drive|[silent]
|switch|p1a: Rotom|Rotom-Wash|7/100
|switch|p2a: Corviknight|Corviknight, M|100/100
|-damage|p2a: Corviknight|88/100|[from] Stealth Rock
|-ability|p2a: Corviknight|Pressure
|
|upkeep
|turn|18
|
|t:|1760760601
|move|p1a: Rotom|Volt Switch|p2a: Corviknight
|-supereffective|p2a: Corviknight
|-damage|p2a: Corviknight|40/100
|j| Puyu Paz
|
|t:|1760760611
|switch|p1a: Ting-Lu|Ting-Lu|54/100|[from] Volt Switch
|-ability|p1a: Ting-Lu|Vessel of Ruin
|move|p2a: Corviknight|Roost|p2a: Corviknight
|-heal|p2a: Corviknight|90/100
|-singleturn|p2a: Corviknight|move: Roost
|
|-heal|p1a: Ting-Lu|60/100|[from] item: Leftovers
|upkeep
|turn|19
|
|t:|1760760626
|move|p2a: Corviknight|U-turn|p1a: Ting-Lu
|-supereffective|p1a: Ting-Lu
|-damage|p1a: Ting-Lu|44/100
|
|t:|1760760635
|switch|p2a: Dondozo|Dondozo, M|100/100|[from] U-turn
|-damage|p2a: Dondozo|88/100|[from] Stealth Rock
|move|p1a: Ting-Lu|Ruination|p2a: Dondozo
|-damage|p2a: Dondozo|44/100
|
|-heal|p1a: Ting-Lu|50/100|[from] item: Leftovers
|-heal|p2a: Dondozo|51/100|[from] item: Leftovers
|upkeep
|turn|20
|
|t:|1760760649
|switch|p1a: Gholdengo|Gholdengo|89/100
|move|p2a: Dondozo|Waterfall|p1a: Gholdengo
|-damage|p1a: Gholdengo|69/100
|
|-heal|p1a: Gholdengo|75/100|[from] item: Leftovers
|-heal|p2a: Dondozo|57/100|[from] item: Leftovers
|upkeep
|turn|21
|
|t:|1760760659
|switch|p1a: Rotom|Rotom-Wash|7/100
|switch|p2a: Ting-Lu|Ting-Lu|100/100
|-damage|p2a: Ting-Lu|94/100|[from] Stealth Rock
|-ability|p2a: Ting-Lu|Vessel of Ruin
|
|-heal|p2a: Ting-Lu|100/100|[from] item: Leftovers
|upkeep
|turn|22
|inactive|MooFarmer has 60 seconds left.
|
|t:|1760760668
|switch|p2a: Cinderace|Cinderace, M|18/100
|move|p1a: Rotom|Pain Split|p2a: Cinderace
|-sethp|p2a: Cinderace|12/100|[from] move: Pain Split|[silent]
|-sethp|p1a: Rotom|14/100|[from] move: Pain Split
|
|upkeep
|turn|23
|
|t:|1760760677
|switch|p1a: Ting-Lu|Ting-Lu|50/100
|-ability|p1a: Ting-Lu|Vessel of Ruin
|move|p2a: Cinderace|Pyro Ball|p1a: Ting-Lu
|-damage|p1a: Ting-Lu|10/100
|
|-heal|p1a: Ting-Lu|16/100|[from] item: Leftovers
|upkeep
|turn|24
|
|t:|1760760686
|move|p2a: Cinderace|Pyro Ball|p1a: Ting-Lu
|-damage|p1a: Ting-Lu|0 fnt
|faint|p1a: Ting-Lu
|
|upkeep
|
|t:|1760760688
|switch|p1a: Iron Boulder|Iron Boulder|58/100
|turn|25
|
|t:|1760760697
|-end|p1a: Iron Boulder|Quark Drive|[silent]
|switch|p1a: Rotom|Rotom-Wash|14/100
|switch|p2a: Ting-Lu|Ting-Lu|100/100
|-damage|p2a: Ting-Lu|94/100|[from] Stealth Rock
|-ability|p2a: Ting-Lu|Vessel of Ruin
|
|-heal|p2a: Ting-Lu|100/100|[from] item: Leftovers
|upkeep
|turn|26
|
|t:|1760760705
|switch|p2a: Cinderace|Cinderace, M|12/100
|move|p1a: Rotom|Pain Split|p2a: Cinderace
|-sethp|p2a: Cinderace|12/100|[from] move: Pain Split|[silent]
|-sethp|p1a: Rotom|14/100|[from] move: Pain Split
|
|upkeep
|turn|27
|inactive|MooFarmer has 90 seconds left.
|
|t:|1760760714
|switch|p1a: Iron Boulder|Iron Boulder|58/100
|move|p2a: Cinderace|U-turn|p1a: Iron Boulder
|-supereffective|p1a: Iron Boulder
|-damage|p1a: Iron Boulder|11/100
|inactive|MooFarmer has 90 seconds left.
|inactive|MooFarmer has 60 seconds left.
|
|t:|1760760760
|switch|p2a: Ting-Lu|Ting-Lu|100/100|[from] U-turn
|-damage|p2a: Ting-Lu|94/100|[from] Stealth Rock
|-ability|p2a: Ting-Lu|Vessel of Ruin
|
|-heal|p2a: Ting-Lu|100/100|[from] item: Leftovers
|upkeep
|turn|28
|inactive|MooFarmer has 30 seconds left.
|inactive|MooFarmer has 20 seconds left.
|inactive|MooFarmer has 15 seconds left.
|
|t:|1760760805
|move|p1a: Iron Boulder|Earthquake|p2a: Ting-Lu
|-crit|p2a: Ting-Lu
|-damage|p2a: Ting-Lu|76/100
|move|p2a: Ting-Lu|Payback|p1a: Iron Boulder
|-supereffective|p1a: Iron Boulder
|-damage|p1a: Iron Boulder|0 fnt
|faint|p1a: Iron Boulder
|-end|p1a: Iron Boulder|Quark Drive|[silent]
|
|-heal|p2a: Ting-Lu|82/100|[from] item: Leftovers
|upkeep
|
|t:|1760760812
|switch|p1a: Rotom|Rotom-Wash|14/100
|turn|29
|inactive|MooFarmer has 30 seconds left this turn.
|l| Puyu Paz
|
|t:|1760760820
|switch|p2a: Cinderace|Cinderace, M|12/100
|move|p1a: Rotom|Pain Split|p2a: Cinderace
|-sethp|p2a: Cinderace|12/100|[from] move: Pain Split|[silent]
|-sethp|p1a: Rotom|14/100|[from] move: Pain Split
|
|upkeep
|turn|30
|-message|Rabzzz forfeited.
|
|win|MooFarmer
|raw|Rabzzz's rating: 1770 &rarr; <strong>1753</strong><br />(-17 for losing)
|raw|MooFarmer's rating: 1822 &rarr; <strong>1839</strong><br />(+17 for winning)
|l|☆Rabzzz
|player|p1|
|l|☆MooFarmer
|player|p2|
|l| gokugt1212
|l| cloudv9
