|j|☆GEM0816
|j|☆Tab_T4B
|t:|1760765006
|gametype|singles
|player|p1|GEM0816|lady|1148
|player|p2|Tab_T4B|morty|1208
|gen|9
|tier|[Gen 9] OU
|rated|
|rule|HP Percentage Mod: HP is shown in percentages
|rule|Endless Battle Clause: Forcing endless battles is banned
|rule|Species Clause: Limit one of each Pokémon
|rule|OHKO Clause: OHKO moves are banned
|rule|Evasion Items Clause: Evasion items are banned
|rule|Evasion Moves Clause: Evasion moves are banned
|rule|Evasion Abilities Clause: Evasion abilities are banned
|rule|Sleep Moves Clause: Sleep-inducing moves are banned
|clearpoke
|poke|p1|Gallade, M|
|poke|p1|Zoroark-Hisui, M|
|poke|p1|Corviknight, F|
|poke|p1|Clodsire, M|
|poke|p1|Arcanine, F|
|poke|p1|Dachsbun, M|
|poke|p2|Hoopa-Unbound|
|poke|p2|Kyurem|
|poke|p2|Landorus-Therian, M|
|poke|p2|Pecharunt|
|poke|p2|Volcanion|
|poke|p2|Iron Valiant|
|teampreview
|inactive|Battle timer is ON: inactive players will automatically lose when time's up. (requested by Tab_T4B)
|
|t:|1760765013
|teamsize|p1|6
|teamsize|p2|6
|start
|switch|p1a: 艾路雷朵|Gallade, M|100/100
|switch|p2a: Landorus|Landorus-Therian, M|100/100
|-ability|p2a: Landorus|Intimidate|boost
|-unboost|p1a: 艾路雷朵|atk|1
|turn|1
|
|t:|1760765025
|-terastallize|p1a: 艾路雷朵|Ice
|move|p1a: 艾路雷朵|Tera Blast|p2a: Landorus|[anim] Tera Blast Ice
|-supereffective|p2a: Landorus
|-damage|p2a: Landorus|0 fnt
|faint|p2a: Landorus
|
|upkeep
|c|☆GEM0816|嘻嘻
|
|t:|1760765036
|switch|p2a: Iron Valiant|Iron Valiant|100/100
|-enditem|p2a: Iron Valiant|Booster Energy
|-activate|p2a: Iron Valiant|ability: Quark Drive|[fromitem]
|-start|p2a: Iron Valiant|quarkdrivespe
|turn|2
|
|t:|1760765044
|move|p2a: Iron Valiant|Close Combat|p1a: 艾路雷朵
|-supereffective|p1a: 艾路雷朵
|-damage|p1a: 艾路雷朵|0 fnt
|-unboost|p2a: Iron Valiant|def|1
|-unboost|p2a: Iron Valiant|spd|1
|replace|p1a: 索罗亚克|Zoroark-Hisui, M
|-end|p1a: 索罗亚克|Illusion
|faint|p1a: 索罗亚克
|
|upkeep
|
|t:|1760765049
|switch|p1a: 疯狗|Arcanine, F|100/100
|-ability|p1a: 疯狗|Intimidate|boost
|-unboost|p2a: Iron Valiant|atk|1
|turn|3
|
|t:|1760765062
|move|p2a: Iron Valiant|Thunderbolt|p1a: 疯狗
|-damage|p1a: 疯狗|72/100
|move|p1a: 疯狗|Scorching Sands|p2a: Iron Valiant
|-damage|p2a: Iron Valiant|56/100
|
|upkeep
|turn|4
|
|t:|1760765074
|move|p2a: Iron Valiant|Thunderbolt|p1a: 疯狗
|-damage|p1a: 疯狗|45/100
|move|p1a: 疯狗|Flare Blitz|p2a: Iron Valiant
|-damage|p2a: Iron Valiant|0 fnt
|faint|p2a: Iron Valiant
|-end|p2a: Iron Valiant|Quark Drive|[silent]
|-damage|p1a: 疯狗|31/100|[from] Recoil
|
|upkeep
|
|t:|1760765083
|switch|p2a: Pecharunt|Pecharunt|100/100
|turn|5
|
|t:|1760765088
|move|p2a: Pecharunt|Foul Play|p1a: 疯狗
|-damage|p1a: 疯狗|13/100
|-damage|p2a: Pecharunt|84/100|[from] item: Rocky Helmet|[of] p1a: 疯狗
|move|p1a: 疯狗|Morning Sun|p1a: 疯狗
|-heal|p1a: 疯狗|63/100
|
|-heal|p2a: Pecharunt|90/100|[from] item: Black Sludge
|upkeep
|turn|6
|inactive|Tab_T4B has 120 seconds left.
|
|t:|1760765129
|switch|p1a: 土王|Clodsire, M|100/100
|move|p2a: Pecharunt|Malignant Chain|p1a: 土王
|-resisted|p1a: 土王
|-damage|p1a: 土王|96/100
|
|-heal|p2a: Pecharunt|96/100|[from] item: Black Sludge
|-heal|p1a: 土王|100/100|[from] item: Black Sludge
|upkeep
|turn|7
|
|t:|1760765142
|switch|p2a: Hoopa|Hoopa-Unbound|100/100
|move|p1a: 土王|Toxic|p2a: Hoopa
|-status|p2a: Hoopa|tox
|
|-damage|p2a: Hoopa|94/100 tox|[from] psn
|upkeep
|turn|8
|inactive|Tab_T4B has 120 seconds left.
|
|t:|1760765151
|move|p1a: 土王|Protect|p1a: 土王
|-singleturn|p1a: 土王|Protect
|move|p2a: Hoopa|Psychic Noise|p1a: 土王
|-activate|p1a: 土王|move: Protect
|
|-damage|p2a: Hoopa|82/100 tox|[from] psn
|upkeep
|turn|9
|
|t:|1760765168
|switch|p1a: 钢铠鸦|Corviknight, F|100/100
|move|p2a: Hoopa|Psychic Noise|p1a: 钢铠鸦
|-resisted|p1a: 钢铠鸦
|-damage|p1a: 钢铠鸦|81/100
|-start|p1a: 钢铠鸦|move: Heal Block
|
|-damage|p2a: Hoopa|64/100 tox|[from] psn
|upkeep
|turn|10
|inactive|Tab_T4B has 120 seconds left.
|inactive|Tab_T4B has 90 seconds left.
|inactive|Tab_T4B has 60 seconds left.
|inactive|Tab_T4B has 30 seconds left.
|inactive|Tab_T4B has 20 seconds left.
|inactive|Tab_T4B has 15 seconds left.
|inactive|Tab_T4B has 10 seconds left.
|inactive|Tab_T4B has 5 seconds left.
|-message|Tab_T4B lost due to inactivity.
|
|win|GEM0816
|raw|GEM0816's rating: 1148 &rarr; <strong>1177</strong><br />(+29 for winning)
|raw|Tab_T4B's rating: 1208 &rarr; <strong>1179</strong><br />(-29 for losing)
|l|☆GEM0816
|player|p1|
