|j|☆Killer07
|j|☆SpainWithoutT
|t:|1760728009
|gametype|singles
|player|p1|Killer07|pokekid|1443
|player|p2|SpainWithoutT|1|1530
|gen|9
|tier|[Gen 9] OU
|rated|
|rule|HP Percentage Mod: HP is shown in percentages
|rule|Endless Battle Clause: Forcing endless battles is banned
|rule|Species Clause: Limit one of each Pokémon
|rule|OHKO Clause: OHKO moves are banned
|rule|Evasion Items Clause: Evasion items are banned
|rule|Evasion Moves Clause: Evasion moves are banned
|rule|Evasion Abilities Clause: Evasion abilities are banned
|rule|Sleep Moves Clause: Sleep-inducing moves are banned
|clearpoke
|poke|p1|Goodra-Hisui, M|
|poke|p1|Corviknight, M|
|poke|p1|Rillaboom, M|
|poke|p1|Great Tusk|
|poke|p1|Azumarill, F|
|poke|p1|Regidrago|
|poke|p2|Ting-Lu|
|poke|p2|Weezing-Galar, M|
|poke|p2|Alomomola, M|
|poke|p2|Tornadus-Therian, M|
|poke|p2|Zamazenta-*|
|poke|p2|Gholdengo|
|teampreview
|inactive|Battle timer is ON: inactive players will automatically lose when time's up. (requested by SpainWithoutT)
|
|t:|1760728016
|teamsize|p1|6
|teamsize|p2|6
|start
|switch|p1a: Rillaboom|Rillaboom, M|100/100
|switch|p2a: Tornadus|Tornadus-Therian, M|100/100
|-fieldstart|move: Grassy Terrain|[from] ability: Grassy Surge|[of] p1a: Rillaboom
|turn|1
|
|t:|1760728019
|switch|p1a: Corviknight|Corviknight, M|100/100
|-ability|p1a: Corviknight|Pressure
|move|p2a: Tornadus|Bleakwind Storm|p1a: Corviknight|[miss]
|-miss|p2a: Tornadus|p1a: Corviknight
|
|upkeep
|turn|2
|
|t:|1760728024
|move|p2a: Tornadus|Knock Off|p1a: Corviknight
|-damage|p1a: Corviknight|89/100
|-damage|p2a: Tornadus|84/100|[from] item: Rocky Helmet|[of] p1a: Corviknight
|-enditem|p1a: Corviknight|Rocky Helmet|[from] move: Knock Off|[of] p2a: Tornadus
|move|p1a: Corviknight|Brave Bird|p2a: Tornadus
|-damage|p2a: Tornadus|42/100
|-damage|p1a: Corviknight|77/100|[from] Recoil
|
|upkeep
|turn|3
|
|t:|1760728029
|move|p2a: Tornadus|U-turn|p1a: Corviknight
|-resisted|p1a: Corviknight
|-damage|p1a: Corviknight|75/100
|
|t:|1760728030
|switch|p2a: Alomomola|Alomomola, M|100/100|[from] U-turn
|move|p1a: Corviknight|U-turn|p2a: Alomomola
|-damage|p2a: Alomomola|92/100
|-damage|p1a: Corviknight|58/100|[from] item: Rocky Helmet|[of] p2a: Alomomola
|
|t:|1760728035
|switch|p1a: Rillaboom|Rillaboom, M|100/100|[from] U-turn
|
|-heal|p2a: Alomomola|99/100|[from] Grassy Terrain
|upkeep
|turn|4
|
|t:|1760728037
|-terastallize|p1a: Rillaboom|Grass
|move|p2a: Alomomola|Protect|p2a: Alomomola
|-singleturn|p2a: Alomomola|Protect
|move|p1a: Rillaboom|Wood Hammer|p2a: Alomomola
|-activate|p2a: Alomomola|move: Protect
|
|-heal|p2a: Alomomola|100/100|[from] Grassy Terrain
|upkeep
|turn|5
|
|t:|1760728042
|switch|p2a: Weezing|Weezing-Galar, M|100/100
|-ability|p2a: Weezing|Neutralizing Gas
|move|p1a: Rillaboom|Wood Hammer|p2a: Weezing
|-resisted|p2a: Weezing
|-damage|p2a: Weezing|47/100
|-damage|p1a: Rillaboom|83/100|[from] Recoil
|
|-heal|p1a: Rillaboom|89/100|[from] Grassy Terrain
|-heal|p2a: Weezing|53/100|[from] Grassy Terrain
|-fieldend|move: Grassy Terrain
|upkeep
|turn|6
|
|t:|1760728049
|move|p1a: Rillaboom|Wood Hammer|p2a: Weezing
|-resisted|p2a: Weezing
|-damage|p2a: Weezing|12/100
|-damage|p1a: Rillaboom|76/100|[from] Recoil
|move|p2a: Weezing|Will-O-Wisp|p1a: Rillaboom|[miss]
|-miss|p2a: Weezing|p1a: Rillaboom
|
|upkeep
|turn|7
|
|t:|1760728056
|-end|p2a: Weezing|ability: Neutralizing Gas
|-fieldstart|move: Grassy Terrain|[from] ability: Grassy Surge|[of] p1a: Rillaboom
|switch|p2a: Tornadus|Tornadus-Therian, M|76/100
|move|p1a: Rillaboom|Wood Hammer|p2a: Tornadus
|-resisted|p2a: Tornadus
|-damage|p2a: Tornadus|0 fnt
|faint|p2a: Tornadus
|-damage|p1a: Rillaboom|50/100|[from] Recoil
|
|-heal|p1a: Rillaboom|56/100|[from] Grassy Terrain
|upkeep
|
|t:|1760728059
|switch|p2a: Gholdengo|Gholdengo|100/100
|turn|8
|
|t:|1760728065
|switch|p1a: Goodra|Goodra-Hisui, M, shiny|100/100
|move|p2a: Gholdengo|Trick|p1a: Goodra
|-activate|p2a: Gholdengo|move: Trick|[of] p1a: Goodra
|-item|p1a: Goodra|Choice Scarf|[from] move: Trick
|-item|p2a: Gholdengo|Assault Vest|[from] move: Trick
|
|upkeep
|turn|9
|
|t:|1760728070
|switch|p2a: Ting-Lu|Ting-Lu|100/100
|-ability|p2a: Ting-Lu|Vessel of Ruin
|move|p1a: Goodra|Earthquake|p2a: Ting-Lu
|-damage|p2a: Ting-Lu|94/100
|
|-heal|p2a: Ting-Lu|99/100|[from] Grassy Terrain
|-heal|p2a: Ting-Lu|100/100|[from] item: Leftovers
|upkeep
|turn|10
|
|t:|1760728086
|switch|p1a: Rillaboom|Rillaboom, M, tera:Grass|56/100
|move|p2a: Ting-Lu|Stealth Rock|p1a: Rillaboom
|-sidestart|p1: Killer07|move: Stealth Rock
|
|-heal|p1a: Rillaboom|62/100|[from] Grassy Terrain
|upkeep
|turn|11
|
|t:|1760728090
|switch|p2a: Zamazenta|Zamazenta|100/100
|-ability|p2a: Zamazenta|Dauntless Shield|boost
|-boost|p2a: Zamazenta|def|1
|move|p1a: Rillaboom|Wood Hammer|p2a: Zamazenta
|-damage|p2a: Zamazenta|11/100
|-damage|p1a: Rillaboom|29/100|[from] Recoil
|
|-heal|p2a: Zamazenta|17/100|[from] Grassy Terrain
|-heal|p2a: Zamazenta|23/100|[from] item: Leftovers
|-heal|p1a: Rillaboom|35/100|[from] Grassy Terrain
|-fieldend|move: Grassy Terrain
|upkeep
|turn|12
|
|t:|1760728094
|switch|p1a: Corviknight|Corviknight, M|58/100
|-damage|p1a: Corviknight|46/100|[from] Stealth Rock
|-ability|p1a: Corviknight|Pressure
|move|p2a: Zamazenta|Body Press|p1a: Corviknight
|-damage|p1a: Corviknight|14/100
|
|-heal|p2a: Zamazenta|29/100|[from] item: Leftovers
|upkeep
|turn|13
|
|t:|1760728095
|move|p2a: Zamazenta|Body Press|p1a: Corviknight
|-damage|p1a: Corviknight|0 fnt
|faint|p1a: Corviknight
|
|-heal|p2a: Zamazenta|36/100|[from] item: Leftovers
|upkeep
|
|t:|1760728104
|switch|p1a: Great Tusk|Great Tusk|100/100
|-damage|p1a: Great Tusk|98/100|[from] Stealth Rock
|turn|14
|
|t:|1760728112
|switch|p2a: Alomomola|Alomomola, M|100/100
|move|p1a: Great Tusk|Headlong Rush|p2a: Alomomola
|-damage|p2a: Alomomola|71/100
|-unboost|p1a: Great Tusk|def|1
|-unboost|p1a: Great Tusk|spd|1
|-damage|p1a: Great Tusk|81/100|[from] item: Rocky Helmet|[of] p2a: Alomomola
|
|upkeep
|turn|15
|
|t:|1760728116
|move|p1a: Great Tusk|Rapid Spin|p2a: Alomomola
|-damage|p2a: Alomomola|63/100
|-boost|p1a: Great Tusk|spe|1
|-damage|p1a: Great Tusk|64/100|[from] item: Rocky Helmet|[of] p2a: Alomomola
|-sideend|p1: Killer07|Stealth Rock|[from] move: Rapid Spin|[of] p1a: Great Tusk
|move|p2a: Alomomola|Wish|p2a: Alomomola
|
|upkeep
|turn|16
|
|t:|1760728118
|move|p1a: Great Tusk|Stealth Rock|p2a: Alomomola
|-sidestart|p2: SpainWithoutT|move: Stealth Rock
|move|p2a: Alomomola|Flip Turn|p1a: Great Tusk
|-supereffective|p1a: Great Tusk
|-damage|p1a: Great Tusk|41/100
|-damage|p2a: Alomomola|46/100|[from] item: Rocky Helmet|[of] p1a: Great Tusk
|
|t:|1760728120
|switch|p2a: Zamazenta|Zamazenta|36/100|[from] Flip Turn
|-damage|p2a: Zamazenta|29/100|[from] Stealth Rock
|
|-heal|p2a: Zamazenta|90/100|[from] move: Wish|[wisher] Alomomola
|-heal|p2a: Zamazenta|97/100|[from] item: Leftovers
|upkeep
|turn|17
|
|t:|1760728128
|move|p2a: Zamazenta|Iron Defense|p2a: Zamazenta
|-boost|p2a: Zamazenta|def|2
|move|p1a: Great Tusk|Headlong Rush|p2a: Zamazenta
|-damage|p2a: Zamazenta|78/100
|-unboost|p1a: Great Tusk|def|1
|-unboost|p1a: Great Tusk|spd|1
|
|-heal|p2a: Zamazenta|84/100|[from] item: Leftovers
|upkeep
|turn|18
|
|t:|1760728130
|move|p2a: Zamazenta|Iron Defense|p2a: Zamazenta
|-boost|p2a: Zamazenta|def|2
|move|p1a: Great Tusk|Knock Off|p2a: Zamazenta
|-resisted|p2a: Zamazenta
|-damage|p2a: Zamazenta|81/100
|-enditem|p2a: Zamazenta|Leftovers|[from] move: Knock Off|[of] p1a: Great Tusk
|
|upkeep
|turn|19
|
|t:|1760728132
|move|p2a: Zamazenta|Iron Defense|p2a: Zamazenta
|-boost|p2a: Zamazenta|def|2
|move|p1a: Great Tusk|Headlong Rush|p2a: Zamazenta
|-damage|p2a: Zamazenta|71/100
|-unboost|p1a: Great Tusk|def|1
|-unboost|p1a: Great Tusk|spd|1
|
|upkeep
|turn|20
|
|t:|1760728135
|move|p2a: Zamazenta|Body Press|p1a: Great Tusk
|-damage|p1a: Great Tusk|0 fnt
|-damage|p2a: Zamazenta|55/100|[from] item: Rocky Helmet|[of] p1a: Great Tusk
|faint|p1a: Great Tusk
|-end|p1a: Great Tusk|Protosynthesis|[silent]
|
|upkeep
|
|t:|1760728138
|switch|p1a: Regidrago|Regidrago|100/100
|turn|21
|
|t:|1760728142
|switch|p2a: Weezing|Weezing-Galar, M|12/100
|-ability|p2a: Weezing|Neutralizing Gas
|move|p1a: Regidrago|Dragon Energy|p2a: Weezing
|-immune|p2a: Weezing
|
|upkeep
|turn|22
|
|t:|1760728145
|switch|p1a: Goodra|Goodra-Hisui, M, shiny|100/100
|move|p2a: Weezing|Defog|p1a: Goodra
|-unboost|p1a: Goodra|evasion|1
|-sideend|p2: SpainWithoutT|Stealth Rock|[from] move: Defog|[of] p2a: Weezing
|
|upkeep
|turn|23
|
|t:|1760728152
|-end|p2a: Weezing|ability: Neutralizing Gas
|switch|p2a: Ting-Lu|Ting-Lu|100/100
|-ability|p2a: Ting-Lu|Vessel of Ruin
|move|p1a: Goodra|Flash Cannon|p2a: Ting-Lu
|-damage|p2a: Ting-Lu|88/100
|
|-heal|p2a: Ting-Lu|94/100|[from] item: Leftovers
|upkeep
|turn|24
|
|t:|1760728155
|switch|p1a: Azumarill|Azumarill, F|100/100
|move|p2a: Ting-Lu|Stealth Rock|p1a: Azumarill
|-sidestart|p1: Killer07|move: Stealth Rock
|
|-heal|p2a: Ting-Lu|99/100|[from] item: Leftovers
|upkeep
|turn|25
|
|t:|1760728158
|move|p1a: Azumarill|Belly Drum|p1a: Azumarill
|-damage|p1a: Azumarill|50/100
|-setboost|p1a: Azumarill|atk|6|[from] move: Belly Drum
|-enditem|p1a: Azumarill|Sitrus Berry|[eat]
|-heal|p1a: Azumarill|75/100|[from] item: Sitrus Berry
|move|p2a: Ting-Lu|Whirlwind|p1a: Azumarill
|drag|p1a: Regidrago|Regidrago|100/100
|-damage|p1a: Regidrago|88/100|[from] Stealth Rock
|
|-heal|p2a: Ting-Lu|100/100|[from] item: Leftovers
|upkeep
|turn|26
|
|t:|1760728162
|switch|p1a: Rillaboom|Rillaboom, M, tera:Grass|35/100
|-damage|p1a: Rillaboom|22/100|[from] Stealth Rock
|-fieldstart|move: Grassy Terrain|[from] ability: Grassy Surge|[of] p1a: Rillaboom
|move|p2a: Ting-Lu|Earthquake|p1a: Rillaboom
|-resisted|p1a: Rillaboom
|-damage|p1a: Rillaboom|12/100
|
|-heal|p1a: Rillaboom|18/100|[from] Grassy Terrain
|upkeep
|turn|27
|
|t:|1760728166
|switch|p2a: Gholdengo|Gholdengo|100/100
|move|p1a: Rillaboom|Grassy Glide|p2a: Gholdengo
|-resisted|p2a: Gholdengo
|-damage|p2a: Gholdengo|53/100
|
|-heal|p2a: Gholdengo|59/100|[from] Grassy Terrain
|-heal|p1a: Rillaboom|24/100|[from] Grassy Terrain
|upkeep
|turn|28
|
|t:|1760728172
|switch|p1a: Goodra|Goodra-Hisui, M, shiny|100/100
|-damage|p1a: Goodra|95/100|[from] Stealth Rock
|move|p2a: Gholdengo|Shadow Ball|p1a: Goodra
|-damage|p1a: Goodra|67/100
|
|-heal|p2a: Gholdengo|65/100|[from] Grassy Terrain
|-heal|p1a: Goodra|73/100|[from] Grassy Terrain
|upkeep
|turn|29
|
|t:|1760728175
|move|p2a: Gholdengo|Shadow Ball|p1a: Goodra
|-damage|p1a: Goodra|48/100
|move|p1a: Goodra|Earthquake|p2a: Gholdengo
|-supereffective|p2a: Gholdengo
|-damage|p2a: Gholdengo|38/100
|
|-heal|p2a: Gholdengo|44/100|[from] Grassy Terrain
|-heal|p1a: Goodra|54/100|[from] Grassy Terrain
|upkeep
|turn|30
|
|t:|1760728182
|switch|p2a: Ting-Lu|Ting-Lu|100/100
|-ability|p2a: Ting-Lu|Vessel of Ruin
|move|p1a: Goodra|Earthquake|p2a: Ting-Lu
|-damage|p2a: Ting-Lu|94/100
|
|-heal|p1a: Goodra|60/100|[from] Grassy Terrain
|-heal|p2a: Ting-Lu|99/100|[from] Grassy Terrain
|-heal|p2a: Ting-Lu|100/100|[from] item: Leftovers
|-fieldend|move: Grassy Terrain
|upkeep
|turn|31
|
|t:|1760728186
|switch|p1a: Azumarill|Azumarill, F|75/100
|-damage|p1a: Azumarill|63/100|[from] Stealth Rock
|move|p2a: Ting-Lu|Earthquake|p1a: Azumarill
|-damage|p1a: Azumarill|20/100
|
|upkeep
|turn|32
|
|t:|1760728188
|move|p1a: Azumarill|Liquidation|p2a: Ting-Lu
|-supereffective|p2a: Ting-Lu
|-damage|p2a: Ting-Lu|46/100
|move|p2a: Ting-Lu|Earthquake|p1a: Azumarill
|-damage|p1a: Azumarill|0 fnt
|faint|p1a: Azumarill
|
|-heal|p2a: Ting-Lu|53/100|[from] item: Leftovers
|upkeep
|
|t:|1760728192
|switch|p1a: Rillaboom|Rillaboom, M, tera:Grass|24/100
|-damage|p1a: Rillaboom|12/100|[from] Stealth Rock
|-fieldstart|move: Grassy Terrain|[from] ability: Grassy Surge|[of] p1a: Rillaboom
|turn|33
|
|t:|1760728196
|switch|p2a: Gholdengo|Gholdengo|44/100
|move|p1a: Rillaboom|Grassy Glide|p2a: Gholdengo
|-resisted|p2a: Gholdengo
|-damage|p2a: Gholdengo|0 fnt
|faint|p2a: Gholdengo
|
|-heal|p1a: Rillaboom|18/100|[from] Grassy Terrain
|upkeep
|
|t:|1760728204
|switch|p2a: Zamazenta|Zamazenta|55/100
|turn|34
|
|t:|1760728212
|switch|p1a: Goodra|Goodra-Hisui, M, shiny|60/100
|-damage|p1a: Goodra|54/100|[from] Stealth Rock
|-terastallize|p2a: Zamazenta|Fire
|move|p2a: Zamazenta|Body Press|p1a: Goodra
|-supereffective|p1a: Goodra
|-damage|p1a: Goodra|0 fnt
|faint|p1a: Goodra
|
|-heal|p2a: Zamazenta|61/100|[from] Grassy Terrain
|upkeep
|
|t:|1760728215
|switch|p1a: Regidrago|Regidrago|88/100
|-damage|p1a: Regidrago|76/100|[from] Stealth Rock
|turn|35
|
|t:|1760728222
|switch|p2a: Alomomola|Alomomola, M|80/100
|move|p1a: Regidrago|Earth Power|p2a: Alomomola
|-crit|p2a: Alomomola
|-damage|p2a: Alomomola|47/100
|
|-heal|p1a: Regidrago|82/100|[from] Grassy Terrain
|-heal|p2a: Alomomola|53/100|[from] Grassy Terrain
|upkeep
|turn|36
|
|t:|1760728228
|move|p1a: Regidrago|Earth Power|p2a: Alomomola
|-damage|p2a: Alomomola|28/100
|move|p2a: Alomomola|Wish|p2a: Alomomola
|
|-heal|p1a: Regidrago|88/100|[from] Grassy Terrain
|-heal|p2a: Alomomola|34/100|[from] Grassy Terrain
|upkeep
|turn|37
|
|t:|1760728233
|move|p1a: Regidrago|Earth Power|p2a: Alomomola
|-damage|p2a: Alomomola|12/100
|move|p2a: Alomomola|Flip Turn|p1a: Regidrago
|-resisted|p1a: Regidrago
|-damage|p1a: Regidrago|79/100
|
|t:|1760728236
|switch|p2a: Weezing|Weezing-Galar, M|12/100|[from] Flip Turn
|-ability|p2a: Weezing|Neutralizing Gas
|
|-heal|p2a: Weezing|83/100|[from] move: Wish|[wisher] Alomomola
|-heal|p1a: Regidrago|85/100|[from] Grassy Terrain
|-heal|p2a: Weezing|89/100|[from] Grassy Terrain
|-fieldend|move: Grassy Terrain
|upkeep
|turn|38
|
|t:|1760728240
|-end|p2a: Weezing|ability: Neutralizing Gas
|switch|p2a: Ting-Lu|Ting-Lu|53/100
|-ability|p2a: Ting-Lu|Vessel of Ruin
|move|p1a: Regidrago|Earth Power|p2a: Ting-Lu
|-damage|p2a: Ting-Lu|42/100
|
|-heal|p2a: Ting-Lu|49/100|[from] item: Leftovers
|upkeep
|turn|39
|
|t:|1760728242
|switch|p1a: Rillaboom|Rillaboom, M, tera:Grass|18/100
|-damage|p1a: Rillaboom|6/100|[from] Stealth Rock
|-fieldstart|move: Grassy Terrain|[from] ability: Grassy Surge|[of] p1a: Rillaboom
|move|p2a: Ting-Lu|Earthquake|p1a: Rillaboom
|-resisted|p1a: Rillaboom
|-damage|p1a: Rillaboom|0 fnt
|faint|p1a: Rillaboom
|
|-heal|p2a: Ting-Lu|55/100|[from] Grassy Terrain
|-heal|p2a: Ting-Lu|61/100|[from] item: Leftovers
|upkeep
|
|t:|1760728244
|switch|p1a: Regidrago|Regidrago|85/100
|-damage|p1a: Regidrago|73/100|[from] Stealth Rock
|turn|40
|
|t:|1760728248
|move|p1a: Regidrago|Dragon Energy|p2a: Ting-Lu
|-damage|p2a: Ting-Lu|29/100
|move|p2a: Ting-Lu|Ruination|p1a: Regidrago
|-damage|p1a: Regidrago|37/100
|
|-heal|p1a: Regidrago|43/100|[from] Grassy Terrain
|-heal|p2a: Ting-Lu|36/100|[from] Grassy Terrain
|-heal|p2a: Ting-Lu|42/100|[from] item: Leftovers
|upkeep
|turn|41
|c|☆SpainWithoutT|Gg
|inactive|Killer07 has 120 seconds left.
|l|☆Killer07
|inactive|Killer07 disconnected and has a minute to reconnect!
|player|p1|
|inactive|Killer07 has 30 seconds to reconnect!
|inactive|Killer07 has 20 seconds to reconnect!
|inactive|Killer07 has 15 seconds to reconnect!
|inactive|Killer07 has 10 seconds to reconnect!
|inactive|Killer07 has 5 seconds to reconnect!
|-message|Killer07 lost due to inactivity.
|
|win|SpainWithoutT
|raw|Killer07's rating: 1443 &rarr; <strong>1428</strong><br />(-15 for losing)
|raw|SpainWithoutT's rating: 1530 &rarr; <strong>1545</strong><br />(+15 for winning)
|l|☆SpainWithoutT
|player|p2|
