|j|☆demarkxdudubrown
|j|☆huey888
|t:|1760722916
|gametype|singles
|player|p1|demarkxdudubrown|101|1320
|player|p2|huey888|bugcatcher-gen4dp|1291
|gen|9
|tier|[Gen 9] OU
|rated|
|rule|HP Percentage Mod: HP is shown in percentages
|rule|Endless Battle Clause: Forcing endless battles is banned
|rule|Species Clause: Limit one of each Pokémon
|rule|OHKO Clause: OHKO moves are banned
|rule|Evasion Items Clause: Evasion items are banned
|rule|Evasion Moves Clause: Evasion moves are banned
|rule|Evasion Abilities Clause: Evasion abilities are banned
|rule|Sleep Moves Clause: Sleep-inducing moves are banned
|clearpoke
|poke|p1|Gliscor, F|
|poke|p1|Walking Wake|
|poke|p1|Slowking-Galar, M|
|poke|p1|Zamazenta-*|
|poke|p1|Ting-Lu|
|poke|p1|Kingambit, F|
|poke|p2|Dragonite, M|
|poke|p2|Hoopa-Unbound|
|poke|p2|Tornadus-Therian, M|
|poke|p2|Thundurus-Therian, M|
|poke|p2|Rampardos, M|
|poke|p2|Haxorus, M|
|teampreview
|
|t:|1760722967
|teamsize|p1|6
|teamsize|p2|6
|start
|switch|p1a: Gliscor|Gliscor, F|100/100
|switch|p2a: Dragonite|Dragonite, M|100/100
|turn|1
|
|t:|1760722976
|move|p1a: Gliscor|Swords Dance|p1a: Gliscor
|-boost|p1a: Gliscor|atk|2
|move|p2a: Dragonite|Dragon Dance|p2a: Dragonite
|-boost|p2a: Dragonite|atk|1
|-boost|p2a: Dragonite|spe|1
|
|-status|p1a: Gliscor|tox|[from] item: Toxic Orb
|upkeep
|turn|2
|
|t:|1760722987
|-terastallize|p1a: Gliscor|Fairy
|move|p2a: Dragonite|Dragon Dance|p2a: Dragonite
|-boost|p2a: Dragonite|atk|1
|-boost|p2a: Dragonite|spe|1
|move|p1a: Gliscor|Tera Blast|p2a: Dragonite|[anim] Tera Blast Fairy
|-supereffective|p2a: Dragonite
|-damage|p2a: Dragonite|0 fnt
|faint|p2a: Dragonite
|
|upkeep
|
|t:|1760723000
|switch|p2a: Thundurus|Thundurus-Therian, M|100/100
|turn|3
|
|t:|1760723006
|move|p1a: Gliscor|Protect|p1a: Gliscor
|-singleturn|p1a: Gliscor|Protect
|move|p2a: Thundurus|Sludge Wave|p1a: Gliscor
|-activate|p1a: Gliscor|move: Protect
|
|upkeep
|turn|4
|
|t:|1760723017
|move|p2a: Thundurus|Sludge Wave|p1a: Gliscor
|-supereffective|p1a: Gliscor
|-damage|p1a: Gliscor|3/100 tox
|move|p1a: Gliscor|Tera Blast|p2a: Thundurus|[anim] Tera Blast Fairy
|-enditem|p2a: Thundurus|Focus Sash
|-damage|p2a: Thundurus|1/100
|
|-heal|p1a: Gliscor|15/100 tox|[from] ability: Poison Heal
|upkeep
|turn|5
|
|t:|1760723026
|switch|p1a: Slowking|Slowking-Galar, M|100/100
|move|p2a: Thundurus|Thunderbolt|p1a: Slowking
|-damage|p1a: Slowking|65/100
|-status|p1a: Slowking|par
|
|upkeep
|turn|6
|c|☆demarkxdudubrown|bruh
|
|t:|1760723035
|move|p2a: Thundurus|Volt Switch|p1a: Slowking
|-damage|p1a: Slowking|39/100 par
|
|t:|1760723048
|switch|p2a: Haxorus|Haxorus, M|100/100|[from] Volt Switch
|-ability|p2a: Haxorus|Mold Breaker
|-prepare|p1a: Slowking|Chilly Reception|[premajor]
|move|p1a: Slowking|Chilly Reception|p1a: Slowking
|-weather|Snowscape
|c|☆huey888|oppsy
|c|☆huey888|com on move
|c|☆demarkxdudubrown|shut ur hole wang chung
|
|t:|1760723152
|switch|p1a: Walking Wake|Walking Wake|100/100|[from] Chilly Reception
|
|-weather|Snowscape|[upkeep]
|upkeep
|turn|7
|
|t:|1760723170
|move|p1a: Walking Wake|Draco Meteor|p2a: Haxorus|[miss]
|-miss|p1a: Walking Wake|p2a: Haxorus
|move|p2a: Haxorus|Scale Shot|p1a: Walking Wake
|-supereffective|p1a: Walking Wake
|-damage|p1a: Walking Wake|70/100
|-supereffective|p1a: Walking Wake
|-damage|p1a: Walking Wake|42/100
|-supereffective|p1a: Walking Wake
|-damage|p1a: Walking Wake|11/100
|-supereffective|p1a: Walking Wake
|-damage|p1a: Walking Wake|0 fnt
|faint|p1a: Walking Wake
|-end|p1a: Walking Wake|Protosynthesis|[silent]
|-hitcount|p1: Walking Wake|4
|-unboost|p2a: Haxorus|def|1
|-boost|p2a: Haxorus|spe|1
|
|-weather|Snowscape|[upkeep]
|upkeep
|c|☆demarkxdudubrown|lmao
|c|☆huey888|eat that
|
|t:|1760723192
|switch|p1a: Zamazenta|Zamazenta|100/100
|-ability|p1a: Zamazenta|Dauntless Shield|boost
|-boost|p1a: Zamazenta|def|1
|turn|8
|c|☆demarkxdudubrown|clown
|
|t:|1760723201
|switch|p2a: Tornadus|Tornadus-Therian, M|100/100
|move|p1a: Zamazenta|Close Combat|p2a: Tornadus
|-resisted|p2a: Tornadus
|-crit|p2a: Tornadus
|-damage|p2a: Tornadus|38/100
|-unboost|p1a: Zamazenta|def|1
|-unboost|p1a: Zamazenta|spd|1
|
|-weather|Snowscape|[upkeep]
|-heal|p2a: Tornadus|44/100|[from] item: Leftovers
|upkeep
|turn|9
|
|t:|1760723237
|switch|p1a: Ting-Lu|Ting-Lu|100/100
|-ability|p1a: Ting-Lu|Vessel of Ruin
|switch|p2a: Thundurus|Thundurus-Therian, M|1/100
|
|-weather|Snowscape|[upkeep]
|upkeep
|turn|10
|
|t:|1760723245
|move|p2a: Thundurus|Focus Blast|p1a: Ting-Lu
|-supereffective|p1a: Ting-Lu
|-damage|p1a: Ting-Lu|58/100
|move|p1a: Ting-Lu|Stealth Rock|p2a: Thundurus
|-sidestart|p2: huey888|move: Stealth Rock
|
|-weather|none
|-heal|p1a: Ting-Lu|65/100|[from] item: Leftovers
|upkeep
|turn|11
|
|t:|1760723254
|move|p2a: Thundurus|Focus Blast|p1a: Ting-Lu|[miss]
|-miss|p2a: Thundurus|p1a: Ting-Lu
|move|p1a: Ting-Lu|Spikes|p2a: Thundurus
|-sidestart|p2: huey888|Spikes
|
|-heal|p1a: Ting-Lu|71/100|[from] item: Leftovers
|upkeep
|turn|12
|
|t:|1760723266
|switch|p2a: Haxorus|Haxorus, M|100/100
|-damage|p2a: Haxorus|88/100|[from] Stealth Rock
|-damage|p2a: Haxorus|76/100|[from] Spikes
|-ability|p2a: Haxorus|Mold Breaker
|move|p1a: Ting-Lu|Spikes|p2a: Haxorus
|-sidestart|p2: huey888|Spikes
|
|-heal|p1a: Ting-Lu|77/100|[from] item: Leftovers
|upkeep
|turn|13
|
|t:|1760723279
|move|p2a: Haxorus|Swords Dance|p2a: Haxorus
|-boost|p2a: Haxorus|atk|2
|move|p1a: Ting-Lu|Earthquake|p2a: Haxorus
|-damage|p2a: Haxorus|26/100
|
|-heal|p1a: Ting-Lu|83/100|[from] item: Leftovers
|upkeep
|turn|14
|
|t:|1760723287
|move|p2a: Haxorus|Scale Shot|p1a: Ting-Lu
|-damage|p1a: Ting-Lu|68/100
|-damage|p1a: Ting-Lu|54/100
|-damage|p1a: Ting-Lu|41/100
|-damage|p1a: Ting-Lu|26/100
|-crit|p1a: Ting-Lu
|-damage|p1a: Ting-Lu|5/100
|-hitcount|p1a: Ting-Lu|5
|-unboost|p2a: Haxorus|def|1
|-boost|p2a: Haxorus|spe|1
|move|p1a: Ting-Lu|Earthquake|p2a: Haxorus
|-damage|p2a: Haxorus|0 fnt
|faint|p2a: Haxorus
|
|-heal|p1a: Ting-Lu|11/100|[from] item: Leftovers
|upkeep
|c|☆demarkxdudubrown|lol
|
|t:|1760723303
|switch|p2a: Tornadus|Tornadus-Therian, M|77/100
|-damage|p2a: Tornadus|52/100|[from] Stealth Rock
|turn|15
|
|t:|1760723311
|move|p2a: Tornadus|Tailwind|p2a: Tornadus
|-sidestart|p2: huey888|move: Tailwind
|move|p1a: Ting-Lu|Spikes|p2a: Tornadus
|-sidestart|p2: huey888|Spikes
|
|-heal|p2a: Tornadus|58/100|[from] item: Leftovers
|-heal|p1a: Ting-Lu|17/100|[from] item: Leftovers
|upkeep
|turn|16
|
|t:|1760723317
|move|p2a: Tornadus|Bleakwind Storm|p1a: Ting-Lu
|-damage|p1a: Ting-Lu|0 fnt
|faint|p1a: Ting-Lu
|
|-heal|p2a: Tornadus|64/100|[from] item: Leftovers
|upkeep
|
|t:|1760723325
|switch|p1a: Slowking|Slowking-Galar, M|72/100 par
|turn|17
|
|t:|1760723330
|move|p2a: Tornadus|Bleakwind Storm|p1a: Slowking
|-crit|p1a: Slowking
|-damage|p1a: Slowking|30/100 par
|cant|p1a: Slowking|par
|
|-heal|p2a: Tornadus|70/100|[from] item: Leftovers
|upkeep
|turn|18
|c|☆demarkxdudubrown|lol
|
|t:|1760723344
|switch|p1a: Gliscor|Gliscor, F, tera:Fairy|15/100 tox
|move|p2a: Tornadus|Bleakwind Storm|p1a: Gliscor|[miss]
|-miss|p2a: Tornadus|p1a: Gliscor
|
|-heal|p2a: Tornadus|76/100|[from] item: Leftovers
|-heal|p1a: Gliscor|28/100 tox|[from] ability: Poison Heal
|-sideend|p2: huey888|move: Tailwind
|upkeep
|turn|19
|
|t:|1760723353
|move|p1a: Gliscor|Protect|p1a: Gliscor
|-singleturn|p1a: Gliscor|Protect
|move|p2a: Tornadus|Tailwind|p2a: Tornadus
|-sidestart|p2: huey888|move: Tailwind
|
|-heal|p2a: Tornadus|82/100|[from] item: Leftovers
|-heal|p1a: Gliscor|40/100 tox|[from] ability: Poison Heal
|upkeep
|turn|20
|
|t:|1760723361
|switch|p1a: Slowking|Slowking-Galar, M|64/100 par
|move|p2a: Tornadus|Bleakwind Storm|p1a: Slowking
|-damage|p1a: Slowking|35/100 par
|-unboost|p1a: Slowking|spe|1
|
|-heal|p2a: Tornadus|88/100|[from] item: Leftovers
|upkeep
|turn|21
|
|t:|1760723370
|move|p2a: Tornadus|Bleakwind Storm|p1a: Slowking
|-damage|p1a: Slowking|6/100 par
|-prepare|p1a: Slowking|Chilly Reception|[premajor]
|move|p1a: Slowking|Chilly Reception|p1a: Slowking
|-weather|Snowscape
|
|t:|1760723376
|switch|p1a: Gliscor|Gliscor, F, tera:Fairy|40/100 tox|[from] Chilly Reception
|
|-weather|Snowscape|[upkeep]
|-heal|p2a: Tornadus|94/100|[from] item: Leftovers
|-heal|p1a: Gliscor|53/100 tox|[from] ability: Poison Heal
|upkeep
|turn|22
|
|t:|1760723385
|move|p1a: Gliscor|Protect|p1a: Gliscor
|-singleturn|p1a: Gliscor|Protect
|move|p2a: Tornadus|Chilling Water|p1a: Gliscor
|-activate|p1a: Gliscor|move: Protect
|
|-weather|Snowscape|[upkeep]
|-heal|p2a: Tornadus|100/100|[from] item: Leftovers
|-heal|p1a: Gliscor|65/100 tox|[from] ability: Poison Heal
|-sideend|p2: huey888|move: Tailwind
|upkeep
|turn|23
|
|t:|1760723398
|switch|p1a: Kingambit|Kingambit, F|100/100
|-activate|p1a: Kingambit|ability: Supreme Overlord
|-start|p1a: Kingambit|fallen2|[silent]
|move|p2a: Tornadus|Tailwind|p2a: Tornadus
|-sidestart|p2: huey888|move: Tailwind
|
|-weather|Snowscape|[upkeep]
|upkeep
|turn|24
|
|t:|1760723407
|move|p2a: Tornadus|Heat Wave|p1a: Kingambit
|-supereffective|p1a: Kingambit
|-damage|p1a: Kingambit|25/100
|move|p1a: Kingambit|Swords Dance|p1a: Kingambit
|-boost|p1a: Kingambit|atk|2
|
|-weather|Snowscape|[upkeep]
|upkeep
|turn|25
|
|t:|1760723417
|move|p1a: Kingambit|Sucker Punch|p2a: Tornadus
|-damage|p2a: Tornadus|0 fnt
|faint|p2a: Tornadus
|
|-weather|none
|upkeep
|
|t:|1760723432
|switch|p2a: Hoopa|Hoopa-Unbound|100/100
|-damage|p2a: Hoopa|88/100|[from] Stealth Rock
|-damage|p2a: Hoopa|63/100|[from] Spikes
|turn|26
|
|t:|1760723451
|move|p1a: Kingambit|Sucker Punch|p2a: Hoopa
|-damage|p2a: Hoopa|0 fnt
|faint|p2a: Hoopa
|
|-sideend|p2: huey888|move: Tailwind
|upkeep
|
|t:|1760723458
|switch|p2a: Rampardos|Rampardos, M|100/100
|-damage|p2a: Rampardos|88/100|[from] Stealth Rock
|-damage|p2a: Rampardos|63/100|[from] Spikes
|turn|27
|
|t:|1760723469
|move|p1a: Kingambit|Sucker Punch|p2a: Rampardos
|-damage|p2a: Rampardos|0 fnt
|faint|p2a: Rampardos
|
|upkeep
|c|☆demarkxdudubrown|lol
|
|t:|1760723476
|switch|p2a: Thundurus|Thundurus-Therian, M|1/100
|-damage|p2a: Thundurus|0 fnt|[from] Stealth Rock
|faint|p2a: Thundurus
|
|win|demarkxdudubrown
|raw|demarkxdudubrown's rating: 1320 &rarr; <strong>1338</strong><br />(+18 for winning)
|raw|huey888's rating: 1291 &rarr; <strong>1268</strong><br />(-23 for losing)
|l|☆demarkxdudubrown
|player|p1|
|l|☆huey888
|player|p2|
