|j|☆Silver951
|j|☆Simson3
|t:|1760851393
|gametype|singles
|player|p1|Silver951|cynthia|1147
|player|p2|Simson3|101|1100
|gen|9
|tier|[Gen 9] OU
|rated|
|rule|HP Percentage Mod: HP is shown in percentages
|rule|Endless Battle Clause: Forcing endless battles is banned
|rule|Species Clause: Limit one of each Pokémon
|rule|OHKO Clause: OHKO moves are banned
|rule|Evasion Items Clause: Evasion items are banned
|rule|Evasion Moves Clause: Evasion moves are banned
|rule|Evasion Abilities Clause: Evasion abilities are banned
|rule|Sleep Moves Clause: Sleep-inducing moves are banned
|clearpoke
|poke|p1|Moltres-Galar|
|poke|p1|Indeedee, M|
|poke|p1|Cresselia, F|
|poke|p1|Ogerpon, F|
|poke|p1|Blaziken, F|
|poke|p1|Espeon, F|
|poke|p2|Tyranitar, M|
|poke|p2|Ting-Lu|
|poke|p2|Sinistcha|
|poke|p2|Lokix, F|
|poke|p2|Excadrill, F|
|poke|p2|Gholdengo|
|teampreview
|
|t:|1760851401
|teamsize|p1|6
|teamsize|p2|6
|start
|switch|p1a: Indeedee|Indeedee, M|100/100
|switch|p2a: Tyranitar|Tyranitar, M|100/100
|-fieldstart|move: Psychic Terrain|[from] ability: Psychic Surge|[of] p1a: Indeedee
|-weather|Sandstorm|[from] ability: Sand Stream|[of] p2a: Tyranitar
|turn|1
|
|t:|1760851412
|move|p1a: Indeedee|Draining Kiss|p2a: Tyranitar
|-supereffective|p2a: Tyranitar
|-damage|p2a: Tyranitar|87/100
|move|p2a: Tyranitar|Knock Off|p1a: Indeedee
|-supereffective|p1a: Indeedee
|-damage|p1a: Indeedee|0 fnt
|-enditem|p1a: Indeedee|Eject Button|[from] move: Knock Off|[of] p2a: Tyranitar
|faint|p1a: Indeedee
|
|-weather|Sandstorm|[upkeep]
|-heal|p2a: Tyranitar|93/100|[from] item: Leftovers
|upkeep
|
|t:|1760851438
|switch|p1a: Espeon|Espeon, F|100/100
|turn|2
|
|t:|1760851446
|-terastallize|p1a: Espeon|Fighting
|move|p1a: Espeon|Double Kick|p2a: Tyranitar
|-supereffective|p2a: Tyranitar
|-damage|p2a: Tyranitar|42/100
|-supereffective|p2a: Tyranitar
|-damage|p2a: Tyranitar|0 fnt
|faint|p2a: Tyranitar
|-hitcount|p2: Tyranitar|2
|
|-weather|Sandstorm|[upkeep]
|-damage|p1a: Espeon|94/100|[from] Sandstorm
|upkeep
|
|t:|1760851465
|switch|p2a: Excadrill|Excadrill, F|100/100
|-item|p2a: Excadrill|Air Balloon
|turn|3
|
|t:|1760851471
|move|p2a: Excadrill|Earthquake|p1a: Espeon
|-damage|p1a: Espeon|0 fnt
|faint|p1a: Espeon
|
|-weather|Sandstorm|[upkeep]
|upkeep
|
|t:|1760851494
|switch|p1a: Moltres|Moltres-Galar|100/100
|turn|4
|
|t:|1760851503
|move|p2a: Excadrill|Rock Slide|p1a: Moltres
|-supereffective|p1a: Moltres
|-damage|p1a: Moltres|46/100
|-ability|p1a: Moltres|Berserk|boost
|-boost|p1a: Moltres|spa|1
|move|p1a: Moltres|Agility|p1a: Moltres
|-boost|p1a: Moltres|spe|2
|
|-weather|Sandstorm|[upkeep]
|-damage|p1a: Moltres|40/100|[from] Sandstorm
|upkeep
|turn|5
|
|t:|1760851517
|move|p2a: Excadrill|Rock Slide|p1a: Moltres
|-supereffective|p1a: Moltres
|-damage|p1a: Moltres|0 fnt
|faint|p1a: Moltres
|
|-weather|none
|-fieldend|move: Psychic Terrain
|upkeep
|
|t:|1760851533
|switch|p1a: Ogerpon|Ogerpon, F|100/100
|turn|6
|
|t:|1760851547
|switch|p2a: Lokix|Lokix, F|100/100
|move|p1a: Ogerpon|Focus Energy|p1a: Ogerpon
|-start|p1a: Ogerpon|move: Focus Energy
|
|upkeep
|turn|7
|
|t:|1760851561
|move|p2a: Lokix|First Impression|p1a: Ogerpon
|-supereffective|p1a: Ogerpon
|-enditem|p1a: Ogerpon|Focus Sash
|-damage|p1a: Ogerpon|1/100
|move|p1a: Ogerpon|Ivy Cudgel|p2a: Lokix
|-resisted|p2a: Lokix
|-crit|p2a: Lokix
|-damage|p2a: Lokix|45/100
|
|upkeep
|turn|8
|
|t:|1760851581
|switch|p2a: Sinistcha|Sinistcha|100/100
|move|p1a: Ogerpon|Knock Off|p2a: Sinistcha
|-supereffective|p2a: Sinistcha
|-crit|p2a: Sinistcha
|-damage|p2a: Sinistcha|35/100
|-enditem|p2a: Sinistcha|Heavy-Duty Boots|[from] move: Knock Off|[of] p1a: Ogerpon
|
|upkeep
|turn|9
|
|t:|1760851606
|-terastallize|p2a: Sinistcha|Poison
|move|p1a: Ogerpon|Ivy Cudgel|p2a: Sinistcha
|-resisted|p2a: Sinistcha
|-crit|p2a: Sinistcha
|-damage|p2a: Sinistcha|12/100
|move|p2a: Sinistcha|Shadow Ball|p1a: Ogerpon
|-damage|p1a: Ogerpon|0 fnt
|faint|p1a: Ogerpon
|
|upkeep
|
|t:|1760851629
|switch|p1a: Blaziken|Blaziken, F|100/100
|turn|10
|
|t:|1760851639
|move|p1a: Blaziken|Protect|p1a: Blaziken
|-singleturn|p1a: Blaziken|Protect
|move|p2a: Sinistcha|Strength Sap|p1a: Blaziken
|-activate|p1a: Blaziken|move: Protect
|
|-ability|p1a: Blaziken|Speed Boost|boost
|-boost|p1a: Blaziken|spe|1
|upkeep
|turn|11
|
|t:|1760851654
|move|p1a: Blaziken|Blaze Kick|p2a: Sinistcha
|-damage|p2a: Sinistcha|0 fnt
|faint|p2a: Sinistcha
|
|-ability|p1a: Blaziken|Speed Boost|boost
|-boost|p1a: Blaziken|spe|1
|upkeep
|
|t:|1760851666
|switch|p2a: Lokix|Lokix, F|45/100
|turn|12
|
|t:|1760851672
|move|p2a: Lokix|First Impression|p1a: Blaziken
|-resisted|p1a: Blaziken
|-damage|p1a: Blaziken|62/100
|move|p1a: Blaziken|Blaze Kick|p2a: Lokix
|-supereffective|p2a: Lokix
|-damage|p2a: Lokix|0 fnt
|faint|p2a: Lokix
|
|-ability|p1a: Blaziken|Speed Boost|boost
|-boost|p1a: Blaziken|spe|1
|upkeep
|
|t:|1760851685
|switch|p2a: Gholdengo|Gholdengo|100/100
|turn|13
|
|t:|1760851689
|move|p1a: Blaziken|Blaze Kick|p2a: Gholdengo
|-supereffective|p2a: Gholdengo
|-damage|p2a: Gholdengo|0 fnt
|faint|p2a: Gholdengo
|
|-ability|p1a: Blaziken|Speed Boost|boost
|-boost|p1a: Blaziken|spe|1
|upkeep
|-message|Simson3 forfeited.
|
|win|Silver951
|raw|Silver951's rating: 1147 &rarr; <strong>1169</strong><br />(+22 for winning)
|raw|Simson3's rating: 1100 &rarr; <strong>1078</strong><br />(-22 for losing)
|l|☆Simson3
|player|p2|
