|j|☆Dem Big Bois
|j|☆not the latte
|t:|1760828377
|gametype|singles
|player|p1|Dem Big Bois|101|1291
|player|p2|not the latte|marnie|1340
|gen|9
|tier|[Gen 9] OU
|rated|
|rule|HP Percentage Mod: HP is shown in percentages
|rule|Endless Battle Clause: Forcing endless battles is banned
|rule|Species Clause: Limit one of each Pokémon
|rule|OHKO Clause: OHKO moves are banned
|rule|Evasion Items Clause: Evasion items are banned
|rule|Evasion Moves Clause: Evasion moves are banned
|rule|Evasion Abilities Clause: Evasion abilities are banned
|rule|Sleep Moves Clause: Sleep-inducing moves are banned
|clearpoke
|poke|p1|Snorlax, F|
|poke|p1|Clefable, M|
|poke|p1|Porygon2|
|poke|p1|Maushold|
|poke|p1|Tauros, M|
|poke|p1|Wigglytuff, F|
|poke|p2|Zapdos|
|poke|p2|Heatran, F|
|poke|p2|Gholdengo|
|poke|p2|Great Tusk|
|poke|p2|Kyurem|
|poke|p2|Clodsire, M|
|teampreview
|inactive|Battle timer is ON: inactive players will automatically lose when time's up. (requested by not the latte)
|c|☆Dem Big Bois|mononormal will win the day!
|inactive|not the latte has 120 seconds left.
|
|t:|1760828408
|teamsize|p1|6
|teamsize|p2|6
|start
|switch|p1a: Tauros|Tauros, M|100/100
|switch|p2a: Heatran|Heatran, F|100/100
|turn|1
|c|☆not the latte|Just fyi clefable isn't normal anymore
|c|☆Dem Big Bois|=D
|c|☆not the latte|They changed it to pure fairy in gen 6
|inactive|Dem Big Bois has 120 seconds left.
|
|t:|1760828451
|switch|p2a: Gholdengo|Gholdengo|100/100
|-item|p2a: Gholdengo|Air Balloon
|move|p1a: Tauros|Close Combat|p2a: Gholdengo
|-immune|p2a: Gholdengo
|
|upkeep
|turn|2
|
|t:|1760828469
|switch|p1a: Porygon2|Porygon2|100/100
|move|p2a: Gholdengo|Make It Rain|p1a: Porygon2
|-damage|p1a: Porygon2|58/100
|-unboost|p2a: Gholdengo|spa|1
|
|upkeep
|turn|3
|
|t:|1760828477
|move|p2a: Gholdengo|Nasty Plot|p2a: Gholdengo
|-boost|p2a: Gholdengo|spa|2
|move|p1a: Porygon2|Recover|p1a: Porygon2
|-heal|p1a: Porygon2|100/100
|
|upkeep
|turn|4
|
|t:|1760828492
|move|p2a: Gholdengo|Nasty Plot|p2a: Gholdengo
|-boost|p2a: Gholdengo|spa|2
|move|p1a: Porygon2|Psychic|p2a: Gholdengo
|-resisted|p2a: Gholdengo
|-damage|p2a: Gholdengo|88/100
|-enditem|p2a: Gholdengo|Air Balloon
|
|upkeep
|turn|5
|
|t:|1760828503
|move|p2a: Gholdengo|Nasty Plot|p2a: Gholdengo
|-boost|p2a: Gholdengo|spa|2
|move|p1a: Porygon2|Ice Beam|p2a: Gholdengo
|-resisted|p2a: Gholdengo
|-damage|p2a: Gholdengo|75/100
|
|upkeep
|turn|6
|
|t:|1760828510
|move|p2a: Gholdengo|Make It Rain|p1a: Porygon2
|-damage|p1a: Porygon2|0 fnt
|-unboost|p2a: Gholdengo|spa|1
|faint|p1a: Porygon2
|
|upkeep
|
|t:|1760828515
|switch|p1a: Clefable|Clefable, M|100/100
|turn|7
|inactive|Dem Big Bois has 120 seconds left.
|
|t:|1760828532
|-terastallize|p1a: Clefable|Electric
|move|p2a: Gholdengo|Make It Rain|p1a: Clefable
|-resisted|p1a: Clefable
|-damage|p1a: Clefable|69/100
|-unboost|p2a: Gholdengo|spa|1
|move|p1a: Clefable|Flamethrower|p2a: Gholdengo
|-supereffective|p2a: Gholdengo
|-damage|p2a: Gholdengo|35/100
|
|-heal|p1a: Clefable|75/100|[from] item: Leftovers
|upkeep
|turn|8
|inactive|Dem Big Bois has 120 seconds left.
|
|t:|1760828556
|switch|p1a: Snorlax|Snorlax, F|100/100
|move|p2a: Gholdengo|Recover|p2a: Gholdengo
|-heal|p2a: Gholdengo|85/100
|
|upkeep
|turn|9
|
|t:|1760828562
|move|p2a: Gholdengo|Nasty Plot|p2a: Gholdengo
|-boost|p2a: Gholdengo|spa|2
|move|p1a: Snorlax|Earthquake|p2a: Gholdengo
|-supereffective|p2a: Gholdengo
|-damage|p2a: Gholdengo|36/100
|
|upkeep
|turn|10
|inactive|Dem Big Bois has 120 seconds left.
|
|t:|1760828571
|-terastallize|p2a: Gholdengo|Ghost
|move|p2a: Gholdengo|Recover|p2a: Gholdengo
|-heal|p2a: Gholdengo|86/100
|move|p1a: Snorlax|Earthquake|p2a: Gholdengo
|-damage|p2a: Gholdengo|62/100
|
|upkeep
|turn|11
|inactive|Dem Big Bois has 120 seconds left.
|
|t:|1760828584
|move|p2a: Gholdengo|Nasty Plot|p2a: Gholdengo
|-boost|p2a: Gholdengo|spa|1
|move|p1a: Snorlax|Earthquake|p2a: Gholdengo
|-damage|p2a: Gholdengo|36/100
|
|upkeep
|turn|12
|
|t:|1760828592
|switch|p1a: Clefable|Clefable, M, tera:Electric|75/100
|move|p2a: Gholdengo|Recover|p2a: Gholdengo
|-heal|p2a: Gholdengo|86/100
|
|-heal|p1a: Clefable|81/100|[from] item: Leftovers
|upkeep
|turn|13
|inactive|Dem Big Bois has 120 seconds left.
|
|t:|1760828611
|move|p2a: Gholdengo|Shadow Ball|p1a: Clefable
|-damage|p1a: Clefable|23/100
|move|p1a: Clefable|Thunderbolt|p2a: Gholdengo
|-damage|p2a: Gholdengo|59/100
|
|-heal|p1a: Clefable|29/100|[from] item: Leftovers
|upkeep
|turn|14
|inactive|Dem Big Bois has 120 seconds left.
|
|t:|1760828623
|move|p2a: Gholdengo|Shadow Ball|p1a: Clefable
|-damage|p1a: Clefable|0 fnt
|faint|p1a: Clefable
|
|upkeep
|inactive|Dem Big Bois has 120 seconds left.
|
|t:|1760828637
|switch|p1a: Tauros|Tauros, M|100/100
|turn|15
|inactive|Dem Big Bois has 120 seconds left.
|
|t:|1760828643
|move|p1a: Tauros|Earthquake|p2a: Gholdengo
|-damage|p2a: Gholdengo|22/100
|move|p2a: Gholdengo|Recover|p2a: Gholdengo
|-heal|p2a: Gholdengo|72/100
|
|upkeep
|turn|16
|
|t:|1760828649
|move|p1a: Tauros|Earthquake|p2a: Gholdengo
|-damage|p2a: Gholdengo|33/100
|move|p2a: Gholdengo|Recover|p2a: Gholdengo
|-heal|p2a: Gholdengo|83/100
|
|upkeep
|turn|17
|
|t:|1760828655
|move|p1a: Tauros|Earthquake|p2a: Gholdengo
|-damage|p2a: Gholdengo|42/100
|move|p2a: Gholdengo|Make It Rain|p1a: Tauros
|-damage|p1a: Tauros|0 fnt
|-unboost|p2a: Gholdengo|spa|1
|faint|p1a: Tauros
|
|upkeep
|inactive|Dem Big Bois has 120 seconds left.
|
|t:|1760828673
|switch|p1a: Wigglytuff|Wigglytuff, F|100/100
|turn|18
|
|t:|1760828678
|move|p2a: Gholdengo|Recover|p2a: Gholdengo
|-heal|p2a: Gholdengo|92/100
|move|p1a: Wigglytuff|Alluring Voice|p2a: Gholdengo
|-damage|p2a: Gholdengo|61/100
|
|upkeep
|turn|19
|
|t:|1760828686
|move|p2a: Gholdengo|Make It Rain|p1a: Wigglytuff
|-supereffective|p1a: Wigglytuff
|-damage|p1a: Wigglytuff|0 fnt
|-unboost|p2a: Gholdengo|spa|1
|faint|p1a: Wigglytuff
|
|upkeep
|
|t:|1760828692
|switch|p1a: Maushold|Maushold|100/100
|turn|20
|
|t:|1760828699
|move|p1a: Maushold|Bite|p2a: Gholdengo
|-supereffective|p2a: Gholdengo
|-damage|p2a: Gholdengo|19/100
|move|p2a: Gholdengo|Make It Rain|p1a: Maushold
|-damage|p1a: Maushold|0 fnt
|-unboost|p2a: Gholdengo|spa|1
|faint|p1a: Maushold
|
|upkeep
|
|t:|1760828707
|switch|p1a: Snorlax|Snorlax, F|100/100
|turn|21
|
|t:|1760828714
|switch|p2a: Heatran|Heatran, F|100/100
|move|p1a: Snorlax|Earthquake|p2a: Heatran
|-supereffective|p2a: Heatran
|-damage|p2a: Heatran|24/100
|
|-heal|p2a: Heatran|30/100|[from] item: Leftovers
|upkeep
|turn|22
|
|t:|1760828724
|switch|p2a: Great Tusk|Great Tusk|100/100
|move|p1a: Snorlax|Earthquake|p2a: Great Tusk
|-damage|p2a: Great Tusk|82/100
|
|upkeep
|turn|23
|
|t:|1760828731
|move|p2a: Great Tusk|Knock Off|p1a: Snorlax
|-damage|p1a: Snorlax|67/100
|-enditem|p1a: Snorlax|Leftovers|[from] move: Knock Off|[of] p2a: Great Tusk
|move|p1a: Snorlax|Body Slam|p2a: Great Tusk
|-damage|p2a: Great Tusk|57/100
|-status|p2a: Great Tusk|par
|
|upkeep
|turn|24
|
|t:|1760828742
|move|p2a: Great Tusk|Rapid Spin|p1a: Snorlax
|-damage|p1a: Snorlax|51/100
|-boost|p2a: Great Tusk|spe|1
|move|p1a: Snorlax|Rest|p1a: Snorlax
|-status|p1a: Snorlax|slp|[from] move: Rest
|-heal|p1a: Snorlax|100/100 slp|[silent]
|
|upkeep
|turn|25
|
|t:|1760828749
|move|p2a: Great Tusk|Headlong Rush|p1a: Snorlax
|-damage|p1a: Snorlax|39/100 slp
|-unboost|p2a: Great Tusk|def|1
|-unboost|p2a: Great Tusk|spd|1
|cant|p1a: Snorlax|slp
|move|p1a: Snorlax|Sleep Talk|p1a: Snorlax
|move|p1a: Snorlax|Body Slam|p2a: Great Tusk|[from] move: Sleep Talk
|-damage|p2a: Great Tusk|23/100 par
|
|upkeep
|turn|26
|
|t:|1760828758
|move|p2a: Great Tusk|Headlong Rush|p1a: Snorlax
|-damage|p1a: Snorlax|0 fnt
|-unboost|p2a: Great Tusk|def|1
|-unboost|p2a: Great Tusk|spd|1
|faint|p1a: Snorlax
|
|win|not the latte
|raw|Dem Big Bois's rating: 1291 &rarr; <strong>1270</strong><br />(-21 for losing)
|raw|not the latte's rating: 1340 &rarr; <strong>1357</strong><br />(+17 for winning)
|c|☆Dem Big Bois|gg!
|c|☆not the latte|ggwp
|l|☆Dem Big Bois
|player|p1|
|l|☆not the latte
|player|p2|
