|inactive|Battle timer is ON: inactive players will automatically lose when time's up.
|t:|1760727781
|gametype|singles
|player|p1|Electric win|#scl5islanders|
|player|p2|3d|#scl5shoguns|
|gen|9
|tier|[Gen 9] OU
|rule|HP Percentage Mod: HP is shown in percentages
|rule|Endless Battle Clause: Forcing endless battles is banned
|rule|Species Clause: Limit one of each Pokémon
|rule|OHKO Clause: OHKO moves are banned
|rule|Evasion Items Clause: Evasion items are banned
|rule|Evasion Moves Clause: Evasion moves are banned
|rule|Evasion Abilities Clause: Evasion abilities are banned
|rule|Sleep Moves Clause: Sleep-inducing moves are banned
|clearpoke
|poke|p1|Darkrai|
|poke|p1|Deoxys-Speed|
|poke|p1|Ogerpon-Wellspring, F|
|poke|p1|Moltres-Galar|
|poke|p1|Ceruledge, F|
|poke|p1|Zamazenta-*|
|poke|p2|Tyranitar, F|
|poke|p2|Excadrill, M|
|poke|p2|Pecharunt|
|poke|p2|Moltres|
|poke|p2|Garganacl, M|
|poke|p2|Zamazenta-*|
|teampreview
|c|☆3d|hf
|rated|Smogon Champions League
|c|☆Electric win|U2
|inactive|Electric win has 270 seconds left.
|inactive|3d has 270 seconds left.
|inactive|Electric win has 240 seconds left.
|inactive|3d has 240 seconds left.
|inactive|3d has 210 seconds left.
|inactive|3d has 180 seconds left.
|
|t:|1760727921
|teamsize|p1|6
|teamsize|p2|6
|start
|switch|p1a: Ceruledge|Ceruledge, F, shiny|100/100
|switch|p2a: Missoni Room|Zamazenta|100/100
|-ability|p2a: Missoni Room|Dauntless Shield|boost
|-boost|p2a: Missoni Room|def|1
|turn|1
|inactive|3d has 210 seconds left.
|
|t:|1760727960
|switch|p1a: Zamazenta|Zamazenta, shiny|100/100
|-ability|p1a: Zamazenta|Dauntless Shield|boost
|-boost|p1a: Zamazenta|def|1
|move|p2a: Missoni Room|Crunch|p1a: Zamazenta
|-resisted|p1a: Zamazenta
|-damage|p1a: Zamazenta|95/100
|
|-heal|p1a: Zamazenta|100/100|[from] item: Leftovers
|upkeep
|turn|2
|
|t:|1760727988
|move|p1a: Zamazenta|Iron Defense|p1a: Zamazenta
|-boost|p1a: Zamazenta|def|2
|move|p2a: Missoni Room|Crunch|p1a: Zamazenta
|-resisted|p1a: Zamazenta
|-crit|p1a: Zamazenta
|-damage|p1a: Zamazenta|88/100
|
|-heal|p1a: Zamazenta|94/100|[from] item: Leftovers
|upkeep
|turn|3
|
|t:|1760727996
|switch|p1a: Deoxys|Deoxys-Speed|100/100
|-ability|p1a: Deoxys|Pressure
|switch|p2a: Pecharunt|Pecharunt|100/100
|
|upkeep
|turn|4
|inactive|Electric win has 270 seconds left.
|
|t:|1760728025
|switch|p2a: Married2DaGame|Tyranitar, F|100/100
|-weather|Sandstorm|[from] ability: Sand Stream|[of] p2a: Married2DaGame
|move|p1a: Deoxys|Reflect|p1a: Deoxys
|-sidestart|p1: Electric win|Reflect
|
|-weather|Sandstorm|[upkeep]
|-damage|p1a: Deoxys|94/100|[from] Sandstorm
|upkeep
|turn|5
|inactive|Electric win has 270 seconds left.
|inactive|3d has 210 seconds left.
|inactive|Electric win has 240 seconds left.
|
|t:|1760728073
|switch|p1a: Ogerpon|Ogerpon-Wellspring, F|100/100
|move|p2a: Married2DaGame|Knock Off|p1a: Ogerpon
|-damage|p1a: Ogerpon|62/100
|
|-weather|Sandstorm|[upkeep]
|-damage|p1a: Ogerpon|56/100|[from] Sandstorm
|upkeep
|turn|6
|inactive|Electric win has 240 seconds left.
|
|t:|1760728089
|switch|p2a: Pecharunt|Pecharunt|100/100
|move|p1a: Ogerpon|Swords Dance|p1a: Ogerpon
|-boost|p1a: Ogerpon|atk|2
|
|-weather|Sandstorm|[upkeep]
|-damage|p1a: Ogerpon|50/100|[from] Sandstorm
|-damage|p2a: Pecharunt|94/100|[from] Sandstorm
|upkeep
|turn|7
|
|t:|1760728113
|move|p1a: Ogerpon|Ivy Cudgel|p2a: Pecharunt|[anim] Ivy Cudgel Water
|-damage|p2a: Pecharunt|24/100
|move|p2a: Pecharunt|Malignant Chain|p1a: Ogerpon
|-supereffective|p1a: Ogerpon
|-damage|p1a: Ogerpon|0 fnt
|faint|p1a: Ogerpon
|
|-weather|Sandstorm|[upkeep]
|-damage|p2a: Pecharunt|18/100|[from] Sandstorm
|upkeep
|inactive|Electric win has 210 seconds left.
|inactive|Electric win has 180 seconds left.
|inactive|Electric win has 150 seconds left.
|
|t:|1760728198
|switch|p1a: Darkrai|Darkrai, shiny|100/100
|turn|8
|inactive|3d has 180 seconds left.
|inactive|Electric win has 120 seconds left.
|inactive|3d has 150 seconds left.
|
|t:|1760728276
|move|p1a: Darkrai|Dark Pulse|p2a: Pecharunt
|-supereffective|p2a: Pecharunt
|-damage|p2a: Pecharunt|0 fnt
|faint|p2a: Pecharunt
|
|-weather|none
|upkeep
|inactive|3d has 120 seconds left.
|
|t:|1760728314
|switch|p2a: Moltres|Moltres|100/100
|turn|9
|
|t:|1760728317
|move|p1a: Darkrai|Nasty Plot|p1a: Darkrai
|-boost|p1a: Darkrai|spa|2
|move|p2a: Moltres|Flamethrower|p1a: Darkrai
|-damage|p1a: Darkrai|49/100
|-enditem|p1a: Darkrai|Red Card|[of] p2a: Moltres
|drag|p2a: hjkhj|Garganacl, M|100/100
|
|upkeep
|turn|10
|inactive|Electric win has 120 seconds left.
|
|t:|1760728343
|switch|p2a: Missoni Room|Zamazenta|100/100
|move|p1a: Darkrai|Focus Blast|p2a: Missoni Room|[miss]
|-miss|p1a: Darkrai|p2a: Missoni Room
|
|upkeep
|turn|11
|inactive|Electric win has 120 seconds left.
|inactive|3d has 90 seconds left.
|
|t:|1760728378
|move|p2a: Missoni Room|Body Press|p1a: Darkrai
|-supereffective|p1a: Darkrai
|-damage|p1a: Darkrai|3/100
|move|p1a: Darkrai|Psyshock|p2a: Missoni Room
|-supereffective|p2a: Missoni Room
|-damage|p2a: Missoni Room|21/100
|
|-heal|p2a: Missoni Room|27/100|[from] item: Leftovers
|-sideend|p1: Electric win|Reflect
|upkeep
|turn|12
|inactive|Electric win has 90 seconds left.
|
|t:|1760728415
|move|p2a: Missoni Room|Crunch|p1a: Darkrai
|-resisted|p1a: Darkrai
|-damage|p1a: Darkrai|0 fnt
|faint|p1a: Darkrai
|
|-heal|p2a: Missoni Room|34/100|[from] item: Leftovers
|upkeep
|
|t:|1760728417
|switch|p1a: Deoxys|Deoxys-Speed|94/100
|-ability|p1a: Deoxys|Pressure
|turn|13
|
|t:|1760728420
|switch|p2a: Married2DaGame|Tyranitar, F|100/100
|-weather|Sandstorm|[from] ability: Sand Stream|[of] p2a: Married2DaGame
|move|p1a: Deoxys|Reflect|p1a: Deoxys
|-sidestart|p1: Electric win|Reflect
|
|-weather|Sandstorm|[upkeep]
|-damage|p1a: Deoxys|88/100|[from] Sandstorm
|upkeep
|turn|14
|inactive|Electric win has 90 seconds left.
|inactive|3d has 90 seconds left.
|
|t:|1760728441
|move|p1a: Deoxys|Taunt|p2a: Married2DaGame
|-start|p2a: Married2DaGame|move: Taunt
|move|p2a: Married2DaGame|Knock Off|p1a: Deoxys
|-supereffective|p1a: Deoxys
|-damage|p1a: Deoxys|0 fnt
|-enditem|p1a: Deoxys|Light Clay|[from] move: Knock Off|[of] p2a: Married2DaGame
|faint|p1a: Deoxys
|
|-weather|Sandstorm|[upkeep]
|upkeep
|inactive|Electric win has 60 seconds left.
|
|t:|1760728466
|switch|p1a: Ceruledge|Ceruledge, F, shiny|100/100
|turn|15
|inactive|Electric win has 60 seconds left.
|inactive|3d has 90 seconds left.
|inactive|3d has 60 seconds left.
|inactive|3d has 30 seconds left.
|inactive|3d has 20 seconds left.
|
|t:|1760728548
|switch|p2a: Moltres|Moltres|100/100
|move|p1a: Ceruledge|Close Combat|p2a: Moltres
|-resisted|p2a: Moltres
|-damage|p2a: Moltres|76/100
|-unboost|p1a: Ceruledge|def|1
|-unboost|p1a: Ceruledge|spd|1
|-damage|p1a: Ceruledge|91/100|[from] item: Life Orb
|
|-weather|Sandstorm|[upkeep]
|-damage|p1a: Ceruledge|84/100|[from] Sandstorm
|-damage|p2a: Moltres|70/100|[from] Sandstorm
|upkeep
|turn|16
|inactive|3d has 30 seconds left this turn.
|inactive|3d has 20 seconds left.
|inactive|3d has 15 seconds left.
|inactive|3d has 10 seconds left.
|
|t:|1760728570
|switch|p2a: Missoni Room|Zamazenta|34/100
|move|p1a: Ceruledge|Poltergeist|p2a: Missoni Room
|-activate|p2a: Missoni Room|move: Poltergeist|Leftovers
|-damage|p2a: Missoni Room|0 fnt
|faint|p2a: Missoni Room
|-damage|p1a: Ceruledge|74/100|[from] item: Life Orb
|
|-weather|Sandstorm|[upkeep]
|-damage|p1a: Ceruledge|68/100|[from] Sandstorm
|upkeep
|inactive|3d has 15 seconds left this turn.
|inactive|3d has 10 seconds left.
|
|t:|1760728576
|switch|p2a: Silver Chariot|Excadrill, M|100/100
|-item|p2a: Silver Chariot|Air Balloon
|turn|17
|inactive|3d has 20 seconds left this turn.
|inactive|3d has 15 seconds left.
|
|t:|1760728584
|switch|p1a: Moltres|Moltres-Galar|100/100
|move|p2a: Silver Chariot|Earthquake|p1a: Moltres
|-immune|p1a: Moltres
|
|-weather|none
|upkeep
|turn|18
|inactive|3d has 25 seconds left this turn.
|inactive|3d has 20 seconds left.
|
|t:|1760728592
|switch|p2a: Married2DaGame|Tyranitar, F|100/100
|-weather|Sandstorm|[from] ability: Sand Stream|[of] p2a: Married2DaGame
|move|p1a: Moltres|Nasty Plot|p1a: Moltres
|-boost|p1a: Moltres|spa|2
|
|-weather|Sandstorm|[upkeep]
|-damage|p1a: Moltres|94/100|[from] Sandstorm
|upkeep
|turn|19
|inactive|3d has 30 seconds left this turn.
|inactive|3d has 20 seconds left.
|inactive|Electric win has 60 seconds left.
|
|t:|1760728612
|-terastallize|p1a: Moltres|Fairy
|move|p1a: Moltres|Tera Blast|p2a: Married2DaGame|[anim] Tera Blast Fairy
|-supereffective|p2a: Married2DaGame
|-crit|p2a: Married2DaGame
|-damage|p2a: Married2DaGame|0 fnt
|faint|p2a: Married2DaGame
|
|-weather|Sandstorm|[upkeep]
|-damage|p1a: Moltres|88/100|[from] Sandstorm
|upkeep
|inactive|3d has 25 seconds left this turn.
|inactive|3d has 20 seconds left.
|
|t:|1760728620
|switch|p2a: hjkhj|Garganacl, M|100/100
|turn|20
|inactive|3d has 30 seconds left this turn.
|inactive|Electric win has 60 seconds left.
|
|t:|1760728648
|move|p1a: Moltres|Agility|p1a: Moltres
|-boost|p1a: Moltres|spe|2
|move|p2a: hjkhj|Salt Cure|p1a: Moltres
|-damage|p1a: Moltres|81/100
|-start|p1a: Moltres|Salt Cure
|
|-weather|Sandstorm|[upkeep]
|-damage|p1a: Moltres|75/100|[from] Sandstorm
|-damage|p1a: Moltres|62/100|[from] Salt Cure
|-sideend|p1: Electric win|Reflect
|upkeep
|turn|21
|inactive|3d has 30 seconds left.
|
|t:|1760728674
|move|p1a: Moltres|Fiery Wrath|p2a: hjkhj
|-damage|p2a: hjkhj|63/100
|move|p2a: hjkhj|Salt Cure|p1a: Moltres
|-damage|p1a: Moltres|47/100
|-ability|p1a: Moltres|Berserk|boost
|-boost|p1a: Moltres|spa|1
|-enditem|p1a: Moltres|Sitrus Berry|[eat]
|-heal|p1a: Moltres|72/100|[from] item: Sitrus Berry
|
|-weather|Sandstorm|[upkeep]
|-damage|p1a: Moltres|66/100|[from] Sandstorm
|-heal|p2a: hjkhj|70/100|[from] item: Leftovers
|-damage|p1a: Moltres|53/100|[from] Salt Cure
|upkeep
|turn|22
|inactive|3d has 30 seconds left.
|
|t:|1760728689
|move|p1a: Moltres|Nasty Plot|p1a: Moltres
|-boost|p1a: Moltres|spa|2
|move|p2a: hjkhj|Recover|p2a: hjkhj
|-heal|p2a: hjkhj|100/100
|
|-weather|none
|-damage|p1a: Moltres|41/100|[from] Salt Cure
|upkeep
|turn|23
|inactive|3d has 30 seconds left.
|inactive|3d has 20 seconds left.
|
|t:|1760728710
|move|p2a: hjkhj|Protect|p2a: hjkhj
|-singleturn|p2a: hjkhj|Protect
|move|p1a: Moltres|Fiery Wrath|p2a: hjkhj
|-activate|p2a: hjkhj|move: Protect
|
|-damage|p1a: Moltres|28/100|[from] Salt Cure
|upkeep
|turn|24
|inactive|3d has 30 seconds left this turn.
|inactive|3d has 20 seconds left.
|
|t:|1760728725
|switch|p2a: Silver Chariot|Excadrill, M|100/100
|-item|p2a: Silver Chariot|Air Balloon
|move|p1a: Moltres|Fiery Wrath|p2a: Silver Chariot
|-damage|p2a: Silver Chariot|0 fnt
|-enditem|p2a: Silver Chariot|Air Balloon
|faint|p2a: Silver Chariot
|
|-damage|p1a: Moltres|16/100|[from] Salt Cure
|upkeep
|inactive|3d has 25 seconds left this turn.
|inactive|3d has 20 seconds left.
|inactive|3d has 15 seconds left.
|
|t:|1760728738
|switch|p2a: hjkhj|Garganacl, M|100/100
|turn|25
|inactive|3d has 25 seconds left this turn.
|inactive|Electric win has 60 seconds left.
|
|t:|1760728752
|move|p2a: hjkhj|Protect|p2a: hjkhj
|-singleturn|p2a: hjkhj|Protect
|move|p1a: Moltres|Fiery Wrath|p2a: hjkhj
|-activate|p2a: hjkhj|move: Protect
|
|-damage|p1a: Moltres|3/100|[from] Salt Cure
|upkeep
|turn|26
|
|t:|1760728755
|move|p2a: hjkhj|Protect|p2a: hjkhj
|-singleturn|p2a: hjkhj|Protect
|move|p1a: Moltres|Fiery Wrath|p2a: hjkhj
|-activate|p2a: hjkhj|move: Protect
|
|-damage|p1a: Moltres|0 fnt|[from] Salt Cure
|faint|p1a: Moltres
|upkeep
|c|☆3d|my bad
|inactive|Electric win has 60 seconds left.
|
|t:|1760728792
|switch|p1a: Zamazenta|Zamazenta, shiny|94/100
|turn|27
|inactive|Electric win has 30 seconds left.
|inactive|3d has 30 seconds left.
|inactive|Electric win has 20 seconds left.
|inactive|Electric win has 15 seconds left.
|inactive|3d has 20 seconds left.
|inactive|Electric win has 10 seconds left.
|inactive|3d has 15 seconds left.
|
|t:|1760728828
|-terastallize|p2a: hjkhj|Water
|move|p1a: Zamazenta|Iron Defense|p1a: Zamazenta
|-boost|p1a: Zamazenta|def|2
|move|p2a: hjkhj|Salt Cure|p1a: Zamazenta
|-resisted|p1a: Zamazenta
|-damage|p1a: Zamazenta|91/100
|-start|p1a: Zamazenta|Salt Cure
|
|-heal|p1a: Zamazenta|97/100|[from] item: Leftovers
|-damage|p1a: Zamazenta|85/100|[from] Salt Cure
|upkeep
|turn|28
|inactive|Electric win has 20 seconds left this turn.
|inactive|3d has 25 seconds left this turn.
|inactive|Electric win has 15 seconds left.
|inactive|3d has 20 seconds left.
|
|t:|1760728836
|switch|p2a: Moltres|Moltres|70/100
|move|p1a: Zamazenta|Iron Defense|p1a: Zamazenta
|-boost|p1a: Zamazenta|def|2
|
|-heal|p1a: Zamazenta|91/100|[from] item: Leftovers
|-damage|p1a: Zamazenta|79/100|[from] Salt Cure
|upkeep
|turn|29
|inactive|Electric win has 25 seconds left this turn.
|inactive|3d has 30 seconds left this turn.
|inactive|Electric win has 20 seconds left.
|inactive|3d has 20 seconds left.
|inactive|Electric win has 15 seconds left.
|
|t:|1760728852
|move|p1a: Zamazenta|Iron Defense|p1a: Zamazenta
|-boost|p1a: Zamazenta|def|2
|move|p2a: Moltres|Roost|p2a: Moltres
|-heal|p2a: Moltres|100/100
|-singleturn|p2a: Moltres|move: Roost
|
|-heal|p1a: Zamazenta|85/100|[from] item: Leftovers
|-damage|p1a: Zamazenta|73/100|[from] Salt Cure
|upkeep
|turn|30
|inactive|Electric win has 25 seconds left this turn.
|inactive|3d has 30 seconds left this turn.
|inactive|Electric win has 20 seconds left.
|inactive|3d has 20 seconds left.
|inactive|3d has 15 seconds left.
|inactive|3d has 10 seconds left.
|
|t:|1760728875
|move|p1a: Zamazenta|Roar|p2a: Moltres
|drag|p2a: hjkhj|Garganacl, M, tera:Water|100/100
|
|-heal|p1a: Zamazenta|79/100|[from] item: Leftovers
|-damage|p1a: Zamazenta|66/100|[from] Salt Cure
|upkeep
|turn|31
|inactive|Electric win has 30 seconds left this turn.
|inactive|3d has 20 seconds left this turn.
|inactive|3d has 15 seconds left.
|inactive|3d has 10 seconds left.
|
|t:|1760728889
|switch|p2a: Moltres|Moltres|100/100
|move|p1a: Zamazenta|Body Press|p2a: Moltres
|-resisted|p2a: Moltres
|-damage|p2a: Moltres|28/100
|-status|p1a: Zamazenta|brn|[from] ability: Flame Body|[of] p2a: Moltres
|
|-heal|p1a: Zamazenta|73/100 brn|[from] item: Leftovers
|-damage|p1a: Zamazenta|66/100 brn|[from] brn
|-damage|p1a: Zamazenta|54/100 brn|[from] Salt Cure
|upkeep
|turn|32
|inactive|3d has 20 seconds left this turn.
|inactive|3d has 15 seconds left.
|
|t:|1760728899
|move|p1a: Zamazenta|Body Press|p2a: Moltres
|-resisted|p2a: Moltres
|-damage|p2a: Moltres|0 fnt
|faint|p2a: Moltres
|
|-heal|p1a: Zamazenta|60/100 brn|[from] item: Leftovers
|-damage|p1a: Zamazenta|54/100 brn|[from] brn
|-damage|p1a: Zamazenta|42/100 brn|[from] Salt Cure
|upkeep
|inactive|3d has 20 seconds left this turn.
|
|t:|1760728900
|switch|p2a: hjkhj|Garganacl, M, tera:Water|100/100
|turn|33
|inactive|3d has 30 seconds left this turn.
|
|t:|1760728902
|move|p2a: hjkhj|Protect|p2a: hjkhj
|-singleturn|p2a: hjkhj|Protect
|move|p1a: Zamazenta|Body Press|p2a: hjkhj
|-activate|p2a: hjkhj|move: Protect
|
|-heal|p1a: Zamazenta|48/100 brn|[from] item: Leftovers
|-damage|p1a: Zamazenta|42/100 brn|[from] brn
|-damage|p1a: Zamazenta|30/100 brn|[from] Salt Cure
|upkeep
|turn|34
|
|t:|1760728904
|move|p1a: Zamazenta|Body Press|p2a: hjkhj
|-damage|p2a: hjkhj|50/100
|move|p2a: hjkhj|Recover|p2a: hjkhj
|-heal|p2a: hjkhj|99/100
|
|-heal|p1a: Zamazenta|36/100 brn|[from] item: Leftovers
|-heal|p2a: hjkhj|100/100|[from] item: Leftovers
|-damage|p1a: Zamazenta|30/100 brn|[from] brn
|-damage|p1a: Zamazenta|17/100 brn|[from] Salt Cure
|upkeep
|turn|35
|
|t:|1760728906
|move|p2a: hjkhj|Protect|p2a: hjkhj
|-singleturn|p2a: hjkhj|Protect
|move|p1a: Zamazenta|Body Press|p2a: hjkhj
|-activate|p2a: hjkhj|move: Protect
|
|-heal|p1a: Zamazenta|24/100 brn|[from] item: Leftovers
|-damage|p1a: Zamazenta|17/100 brn|[from] brn
|-damage|p1a: Zamazenta|5/100 brn|[from] Salt Cure
|upkeep
|turn|36
|
|t:|1760728911
|move|p1a: Zamazenta|Body Press|p2a: hjkhj
|-damage|p2a: hjkhj|50/100
|move|p2a: hjkhj|Recover|p2a: hjkhj
|-heal|p2a: hjkhj|99/100
|
|-heal|p1a: Zamazenta|11/100 brn|[from] item: Leftovers
|-heal|p2a: hjkhj|100/100|[from] item: Leftovers
|-damage|p1a: Zamazenta|5/100 brn|[from] brn
|-damage|p1a: Zamazenta|0 fnt|[from] Salt Cure
|faint|p1a: Zamazenta
|upkeep
|
|t:|1760728912
|switch|p1a: Ceruledge|Ceruledge, F, shiny|68/100
|turn|37
|
|t:|1760728915
|move|p1a: Ceruledge|Swords Dance|p1a: Ceruledge
|-boost|p1a: Ceruledge|atk|2
|move|p2a: hjkhj|Salt Cure|p1a: Ceruledge
|-supereffective|p1a: Ceruledge
|-damage|p1a: Ceruledge|26/100
|-start|p1a: Ceruledge|Salt Cure
|-ability|p1a: Ceruledge|Weak Armor|boost
|-unboost|p1a: Ceruledge|def|1
|-boost|p1a: Ceruledge|spe|2
|
|-damage|p1a: Ceruledge|14/100|[from] Salt Cure
|upkeep
|turn|38
|inactive|3d has 60 seconds left.
|inactive|Electric win has 90 seconds left.
|
|t:|1760728965
|move|p1a: Ceruledge|Close Combat|p2a: hjkhj
|-damage|p2a: hjkhj|24/100
|-unboost|p1a: Ceruledge|def|1
|-unboost|p1a: Ceruledge|spd|1
|-damage|p1a: Ceruledge|4/100|[from] item: Life Orb
|move|p2a: hjkhj|Salt Cure|p1a: Ceruledge
|-supereffective|p1a: Ceruledge
|-damage|p1a: Ceruledge|0 fnt
|faint|p1a: Ceruledge
|
|win|3d
|c|☆3d|gg
|c|☆Electric win|meh 
|c|☆Electric win|gg
|player|p1|
|player|p2|
|player|p2|3d|#scl5shoguns|
