|j|☆J.GenBax
|j|☆Blue Chew Mew
|t:|1760849346
|gametype|singles
|player|p1|J.GenBax|ingo|1174
|player|p2|Blue Chew Mew|169|1253
|gen|9
|tier|[Gen 9] OU
|rated|
|rule|HP Percentage Mod: HP is shown in percentages
|rule|Endless Battle Clause: Forcing endless battles is banned
|rule|Species Clause: Limit one of each Pokémon
|rule|OHKO Clause: OHKO moves are banned
|rule|Evasion Items Clause: Evasion items are banned
|rule|Evasion Moves Clause: Evasion moves are banned
|rule|Evasion Abilities Clause: Evasion abilities are banned
|rule|Sleep Moves Clause: Sleep-inducing moves are banned
|clearpoke
|poke|p1|Torkoal, M|
|poke|p1|Exeggutor, M|
|poke|p1|Lycanroc, F|
|poke|p1|Garchomp, F|
|poke|p1|Sandy Shocks|
|poke|p1|Tropius, M|
|poke|p2|Greninja-*, M|
|poke|p2|Pecharunt|
|poke|p2|Ogerpon-Wellspring, F|
|poke|p2|Corviknight, M|
|poke|p2|Garganacl, F|
|poke|p2|Iron Valiant|
|teampreview
|inactive|Battle timer is ON: inactive players will automatically lose when time's up. (requested by Blue Chew Mew)
|j| PG Spectating
|
|t:|1760849362
|teamsize|p1|6
|teamsize|p2|6
|start
|switch|p1a: Lycanroc|Lycanroc, F|100/100
|switch|p2a: Garganacl|Garganacl, F|100/100
|turn|1
|
|t:|1760849374
|move|p1a: Lycanroc|Stealth Rock|p2a: Garganacl
|-sidestart|p2: Blue Chew Mew|move: Stealth Rock
|move|p2a: Garganacl|Salt Cure|p1a: Lycanroc
|-damage|p1a: Lycanroc|78/100
|-start|p1a: Lycanroc|Salt Cure
|
|-damage|p1a: Lycanroc|65/100|[from] Salt Cure
|upkeep
|turn|2
|
|t:|1760849382
|move|p1a: Lycanroc|Close Combat|p2a: Garganacl
|-supereffective|p2a: Garganacl
|-damage|p2a: Garganacl|56/100
|-unboost|p1a: Lycanroc|def|1
|-unboost|p1a: Lycanroc|spd|1
|move|p2a: Garganacl|Stealth Rock|p1a: Lycanroc
|-sidestart|p1: J.GenBax|move: Stealth Rock
|
|-heal|p2a: Garganacl|62/100|[from] item: Leftovers
|-damage|p1a: Lycanroc|53/100|[from] Salt Cure
|upkeep
|turn|3
|
|t:|1760849393
|move|p2a: Garganacl|Protect|p2a: Garganacl
|-singleturn|p2a: Garganacl|Protect
|move|p1a: Lycanroc|Close Combat|p2a: Garganacl
|-activate|p2a: Garganacl|move: Protect
|
|-heal|p2a: Garganacl|68/100|[from] item: Leftovers
|-damage|p1a: Lycanroc|41/100|[from] Salt Cure
|upkeep
|turn|4
|
|t:|1760849402
|move|p1a: Lycanroc|Close Combat|p2a: Garganacl
|-supereffective|p2a: Garganacl
|-damage|p2a: Garganacl|27/100
|-unboost|p1a: Lycanroc|def|1
|-unboost|p1a: Lycanroc|spd|1
|move|p2a: Garganacl|Recover|p2a: Garganacl
|-heal|p2a: Garganacl|77/100
|
|-heal|p2a: Garganacl|83/100|[from] item: Leftovers
|-damage|p1a: Lycanroc|28/100|[from] Salt Cure
|upkeep
|turn|5
|
|t:|1760849413
|move|p2a: Garganacl|Protect|p2a: Garganacl
|-singleturn|p2a: Garganacl|Protect
|move|p1a: Lycanroc|Endeavor|p2a: Garganacl
|-activate|p2a: Garganacl|move: Protect
|
|-heal|p2a: Garganacl|90/100|[from] item: Leftovers
|-damage|p1a: Lycanroc|16/100|[from] Salt Cure
|upkeep
|turn|6
|
|t:|1760849423
|switch|p2a: Pecharunt|Pecharunt|100/100
|move|p1a: Lycanroc|Endeavor|p2a: Pecharunt
|-immune|p2a: Pecharunt
|
|-damage|p1a: Lycanroc|4/100|[from] Salt Cure
|upkeep
|turn|7
|
|t:|1760849432
|move|p1a: Lycanroc|Accelerock|p2a: Pecharunt
|-damage|p2a: Pecharunt|88/100
|move|p2a: Pecharunt|Parting Shot|p1a: Lycanroc
|-unboost|p1a: Lycanroc|atk|1
|-unboost|p1a: Lycanroc|spa|1
|
|t:|1760849438
|switch|p2a: Garganacl|Garganacl, F|90/100|[from] Parting Shot
|-damage|p2a: Garganacl|77/100|[from] Stealth Rock
|
|-heal|p2a: Garganacl|83/100|[from] item: Leftovers
|-damage|p1a: Lycanroc|0 fnt|[from] Salt Cure
|faint|p1a: Lycanroc
|upkeep
|
|t:|1760849442
|switch|p1a: Torkoal|Torkoal, M|100/100
|-damage|p1a: Torkoal|75/100|[from] Stealth Rock
|-weather|SunnyDay|[from] ability: Drought|[of] p1a: Torkoal
|turn|8
|
|t:|1760849452
|move|p2a: Garganacl|Salt Cure|p1a: Torkoal
|-supereffective|p1a: Torkoal
|-damage|p1a: Torkoal|52/100
|-start|p1a: Torkoal|Salt Cure
|move|p1a: Torkoal|Will-O-Wisp|p2a: Garganacl|[miss]
|-miss|p1a: Torkoal|p2a: Garganacl
|
|-weather|SunnyDay|[upkeep]
|-heal|p2a: Garganacl|90/100|[from] item: Leftovers
|-damage|p1a: Torkoal|39/100|[from] Salt Cure
|upkeep
|turn|9
|
|t:|1760849463
|switch|p1a: Exeggutor|Exeggutor, M|100/100
|-damage|p1a: Exeggutor|88/100|[from] Stealth Rock
|move|p2a: Garganacl|Protect||[still]
|-fail|p2a: Garganacl
|
|-weather|SunnyDay|[upkeep]
|-heal|p2a: Garganacl|96/100|[from] item: Leftovers
|upkeep
|turn|10
|
|t:|1760849474
|switch|p2a: Pecharunt|Pecharunt|88/100
|move|p1a: Exeggutor|Growth|p1a: Exeggutor
|-boost|p1a: Exeggutor|atk|2
|-boost|p1a: Exeggutor|spa|2
|
|-weather|SunnyDay|[upkeep]
|upkeep
|turn|11
|
|t:|1760849482
|move|p1a: Exeggutor|Psychic|p2a: Pecharunt
|-supereffective|p2a: Pecharunt
|-damage|p2a: Pecharunt|0 fnt
|faint|p2a: Pecharunt
|-damage|p1a: Exeggutor|78/100|[from] item: Life Orb
|
|-weather|SunnyDay|[upkeep]
|upkeep
|
|t:|1760849509
|switch|p2a: Garganacl|Garganacl, F|96/100
|-damage|p2a: Garganacl|83/100|[from] Stealth Rock
|turn|12
|
|t:|1760849517
|-terastallize|p2a: Garganacl|Ghost
|move|p2a: Garganacl|Protect|p2a: Garganacl
|-singleturn|p2a: Garganacl|Protect
|move|p1a: Exeggutor|Growth|p1a: Exeggutor
|-boost|p1a: Exeggutor|atk|2
|-boost|p1a: Exeggutor|spa|2
|
|-weather|SunnyDay|[upkeep]
|-heal|p2a: Garganacl|90/100|[from] item: Leftovers
|upkeep
|turn|13
|
|t:|1760849527
|move|p1a: Exeggutor|Solar Beam||[still]
|-prepare|p1a: Exeggutor|Solar Beam
|-anim|p1a: Exeggutor|Solar Beam|p2a: Garganacl
|-damage|p2a: Garganacl|0 fnt
|faint|p2a: Garganacl
|-damage|p1a: Exeggutor|68/100|[from] item: Life Orb
|
|-weather|SunnyDay|[upkeep]
|upkeep
|
|t:|1760849539
|switch|p2a: Corviknight|Corviknight, M|100/100
|-damage|p2a: Corviknight|88/100|[from] Stealth Rock
|-ability|p2a: Corviknight|Pressure
|turn|14
|
|t:|1760849547
|-terastallize|p1a: Exeggutor|Fire
|move|p1a: Exeggutor|Tera Blast|p2a: Corviknight|[anim] Tera Blast Fire
|-supereffective|p2a: Corviknight
|-damage|p2a: Corviknight|0 fnt
|faint|p2a: Corviknight
|-damage|p1a: Exeggutor|58/100|[from] item: Life Orb
|
|-weather|SunnyDay|[upkeep]
|upkeep
|
|t:|1760849560
|switch|p2a: Greninja|Greninja, M|100/100
|-damage|p2a: Greninja|88/100|[from] Stealth Rock
|turn|15
|
|t:|1760849565
|move|p1a: Exeggutor|Solar Beam||[still]
|-prepare|p1a: Exeggutor|Solar Beam
|-anim|p1a: Exeggutor|Solar Beam|p2a: Greninja
|-supereffective|p2a: Greninja
|-damage|p2a: Greninja|0 fnt
|faint|p2a: Greninja
|-damage|p1a: Exeggutor|48/100|[from] item: Life Orb
|
|-weather|none
|upkeep
|
|t:|1760849573
|switch|p2a: Ogerpon|Ogerpon-Wellspring, F|100/100
|-damage|p2a: Ogerpon|88/100|[from] Stealth Rock
|turn|16
|
|t:|1760849578
|switch|p1a: Torkoal|Torkoal, M|39/100
|-damage|p1a: Torkoal|14/100|[from] Stealth Rock
|-weather|SunnyDay|[from] ability: Drought|[of] p1a: Torkoal
|move|p2a: Ogerpon|Swords Dance|p2a: Ogerpon
|-boost|p2a: Ogerpon|atk|2
|
|-weather|SunnyDay|[upkeep]
|upkeep
|turn|17
|
|t:|1760849588
|move|p2a: Ogerpon|Ivy Cudgel|p1a: Torkoal|[anim] Ivy Cudgel Water
|-supereffective|p1a: Torkoal
|-damage|p1a: Torkoal|0 fnt
|faint|p1a: Torkoal
|
|-weather|SunnyDay|[upkeep]
|upkeep
|
|t:|1760849592
|switch|p1a: Exeggutor|Exeggutor, M, tera:Fire|48/100
|-damage|p1a: Exeggutor|23/100|[from] Stealth Rock
|turn|18
|
|t:|1760849598
|move|p1a: Exeggutor|Solar Beam||[still]
|-prepare|p1a: Exeggutor|Solar Beam
|-anim|p1a: Exeggutor|Solar Beam|p2a: Ogerpon
|-damage|p2a: Ogerpon|6/100
|-damage|p1a: Exeggutor|14/100|[from] item: Life Orb
|move|p2a: Ogerpon|Ivy Cudgel|p1a: Exeggutor|[anim] Ivy Cudgel Water
|-supereffective|p1a: Exeggutor
|-damage|p1a: Exeggutor|0 fnt
|faint|p1a: Exeggutor
|
|-weather|SunnyDay|[upkeep]
|upkeep
|
|t:|1760849609
|switch|p1a: Sandy Shocks|Sandy Shocks|100/100
|-damage|p1a: Sandy Shocks|94/100|[from] Stealth Rock
|-activate|p1a: Sandy Shocks|ability: Protosynthesis
|-start|p1a: Sandy Shocks|protosynthesisspe
|turn|19
|
|t:|1760849615
|move|p1a: Sandy Shocks|Thunderbolt|p2a: Ogerpon
|-damage|p2a: Ogerpon|0 fnt
|faint|p2a: Ogerpon
|
|-weather|SunnyDay|[upkeep]
|upkeep
|
|t:|1760849621
|switch|p2a: Iron Valiant|Iron Valiant|100/100
|-damage|p2a: Iron Valiant|94/100|[from] Stealth Rock
|turn|20
|
|t:|1760849626
|move|p1a: Sandy Shocks|Flash Cannon|p2a: Iron Valiant
|-supereffective|p2a: Iron Valiant
|-damage|p2a: Iron Valiant|10/100
|move|p2a: Iron Valiant|Moonblast|p1a: Sandy Shocks
|-damage|p1a: Sandy Shocks|15/100
|-damage|p2a: Iron Valiant|0 fnt|[from] item: Life Orb
|faint|p2a: Iron Valiant
|-end|p2a: Iron Valiant|Quark Drive|[silent]
|
|win|J.GenBax
|raw|J.GenBax's rating: 1174 &rarr; <strong>1205</strong><br />(+31 for winning)
|raw|Blue Chew Mew's rating: 1253 &rarr; <strong>1222</strong><br />(-31 for losing)
|l|☆Blue Chew Mew
|player|p2|
|l|☆J.GenBax
|player|p1|
