|j|☆lottebunny
|j|☆ydkmdenji
|t:|1760729574
|gametype|singles
|player|p1|lottebunny|lady|1364
|player|p2|ydkmdenji|miku-ghost|1396
|gen|9
|tier|[Gen 9] OU
|rated|
|rule|HP Percentage Mod: HP is shown in percentages
|rule|Endless Battle Clause: Forcing endless battles is banned
|rule|Species Clause: Limit one of each Pokémon
|rule|OHKO Clause: OHKO moves are banned
|rule|Evasion Items Clause: Evasion items are banned
|rule|Evasion Moves Clause: Evasion moves are banned
|rule|Evasion Abilities Clause: Evasion abilities are banned
|rule|Sleep Moves Clause: Sleep-inducing moves are banned
|clearpoke
|poke|p1|Porygon-Z|
|poke|p1|Ribombee, F|
|poke|p1|Dragapult, F|
|poke|p1|Great Tusk|
|poke|p1|Iron Crown|
|poke|p1|Rillaboom, M|
|poke|p2|Darkrai|
|poke|p2|Greninja-*, M|
|poke|p2|Alcremie-Rainbow-Swirl, F|
|poke|p2|Corviknight, F|
|poke|p2|Iron Valiant|
|poke|p2|Haxorus, M|
|teampreview
|inactive|Battle timer is ON: inactive players will automatically lose when time's up. (requested by ydkmdenji)
|
|t:|1760729612
|teamsize|p1|6
|teamsize|p2|6
|start
|switch|p1a: Ribombee|Ribombee, F, shiny|100/100
|switch|p2a: Darkrai|Darkrai|100/100
|turn|1
|
|t:|1760729619
|move|p2a: Darkrai|Sludge Bomb|p1a: Ribombee
|-supereffective|p1a: Ribombee
|-enditem|p1a: Ribombee|Focus Sash
|-damage|p1a: Ribombee|1/100
|move|p1a: Ribombee|Moonblast|p2a: Darkrai
|-supereffective|p2a: Darkrai
|-damage|p2a: Darkrai|0 fnt
|faint|p2a: Darkrai
|
|upkeep
|
|t:|1760729633
|switch|p2a: Greninja|Greninja, M, shiny|100/100
|turn|2
|
|t:|1760729639
|switch|p1a: Rillaboom|Rillaboom, M|100/100
|-fieldstart|move: Grassy Terrain|[from] ability: Grassy Surge|[of] p1a: Rillaboom
|move|p2a: Greninja|Water Shuriken|p1a: Rillaboom
|-start|p2a: Greninja|typechange|Water|[from] ability: Protean
|-resisted|p1a: Rillaboom
|-damage|p1a: Rillaboom|96/100
|-resisted|p1a: Rillaboom
|-damage|p1a: Rillaboom|92/100
|-resisted|p1a: Rillaboom
|-damage|p1a: Rillaboom|87/100
|-resisted|p1a: Rillaboom
|-damage|p1a: Rillaboom|83/100
|-resisted|p1a: Rillaboom
|-damage|p1a: Rillaboom|79/100
|-hitcount|p1a: Rillaboom|5
|
|-heal|p1a: Rillaboom|85/100|[from] Grassy Terrain
|upkeep
|turn|3
|
|t:|1760729645
|switch|p2a: Corviknight|Corviknight, F, shiny|100/100
|-ability|p2a: Corviknight|Pressure
|move|p1a: Rillaboom|U-turn|p2a: Corviknight
|-resisted|p2a: Corviknight
|-damage|p2a: Corviknight|95/100
|-damage|p1a: Rillaboom|68/100|[from] item: Rocky Helmet|[of] p2a: Corviknight
|
|t:|1760729653
|switch|p1a: Iron Crown|Iron Crown|100/100|[from] U-turn
|-enditem|p1a: Iron Crown|Grassy Seed
|-boost|p1a: Iron Crown|def|1|[from] item: Grassy Seed
|
|upkeep
|turn|4
|
|t:|1760729659
|move|p1a: Iron Crown|Calm Mind|p1a: Iron Crown
|-boost|p1a: Iron Crown|spa|1
|-boost|p1a: Iron Crown|spd|1
|move|p2a: Corviknight|U-turn|p1a: Iron Crown
|-damage|p1a: Iron Crown|91/100
|
|t:|1760729670
|switch|p2a: Iron Valiant|Iron Valiant, shiny|100/100|[from] U-turn
|-enditem|p2a: Iron Valiant|Booster Energy
|-activate|p2a: Iron Valiant|ability: Quark Drive|[fromitem]
|-start|p2a: Iron Valiant|quarkdrivespe
|
|-heal|p1a: Iron Crown|97/100|[from] Grassy Terrain
|upkeep
|turn|5
|
|t:|1760729680
|move|p2a: Iron Valiant|Encore|p1a: Iron Crown
|-start|p1a: Iron Crown|Encore
|move|p1a: Iron Crown|Calm Mind|p1a: Iron Crown
|-boost|p1a: Iron Crown|spa|1
|-boost|p1a: Iron Crown|spd|1
|
|-heal|p1a: Iron Crown|100/100|[from] Grassy Terrain
|upkeep
|turn|6
|
|t:|1760729686
|-end|p1a: Iron Crown|Quark Drive|[silent]
|switch|p1a: Dragapult|Dragapult, F|100/100
|move|p2a: Iron Valiant|Swords Dance|p2a: Iron Valiant
|-boost|p2a: Iron Valiant|atk|2
|
|-fieldend|move: Grassy Terrain
|upkeep
|turn|7
|
|t:|1760729692
|move|p2a: Iron Valiant|Knock Off|p1a: Dragapult
|-supereffective|p1a: Dragapult
|-damage|p1a: Dragapult|0 fnt
|-enditem|p1a: Dragapult|Light Clay|[from] move: Knock Off|[of] p2a: Iron Valiant
|faint|p1a: Dragapult
|
|upkeep
|
|t:|1760729703
|switch|p1a: Great Tusk|Great Tusk|100/100
|-enditem|p1a: Great Tusk|Booster Energy
|-activate|p1a: Great Tusk|ability: Protosynthesis|[fromitem]
|-start|p1a: Great Tusk|protosynthesisatk
|turn|8
|
|t:|1760729715
|-end|p2a: Iron Valiant|Quark Drive|[silent]
|switch|p2a: Corviknight|Corviknight, F, shiny|95/100
|-ability|p2a: Corviknight|Pressure
|move|p1a: Great Tusk|Headlong Rush|p2a: Corviknight
|-immune|p2a: Corviknight
|
|upkeep
|turn|9
|
|t:|1760729721
|move|p1a: Great Tusk|Close Combat|p2a: Corviknight
|-damage|p2a: Corviknight|51/100
|-unboost|p1a: Great Tusk|def|1
|-unboost|p1a: Great Tusk|spd|1
|-damage|p1a: Great Tusk|84/100|[from] item: Rocky Helmet|[of] p2a: Corviknight
|move|p2a: Corviknight|U-turn|p1a: Great Tusk
|-resisted|p1a: Great Tusk
|-crit|p1a: Great Tusk
|-damage|p1a: Great Tusk|73/100
|
|t:|1760729730
|switch|p2a: Haxorus|Haxorus, M, shiny|100/100|[from] U-turn
|-ability|p2a: Haxorus|Mold Breaker
|
|upkeep
|turn|10
|
|t:|1760729743
|move|p1a: Great Tusk|Close Combat|p2a: Haxorus
|-damage|p2a: Haxorus|1/100
|-unboost|p1a: Great Tusk|def|1
|-unboost|p1a: Great Tusk|spd|1
|move|p2a: Haxorus|Scale Shot|p1a: Great Tusk
|-damage|p1a: Great Tusk|52/100
|-damage|p1a: Great Tusk|29/100
|-damage|p1a: Great Tusk|6/100
|-damage|p1a: Great Tusk|0 fnt
|faint|p1a: Great Tusk
|-end|p1a: Great Tusk|Protosynthesis|[silent]
|-hitcount|p1: Great Tusk|4
|-unboost|p2a: Haxorus|def|1
|-boost|p2a: Haxorus|spe|1
|
|upkeep
|
|t:|1760729767
|switch|p1a: Rillaboom|Rillaboom, M|68/100
|-fieldstart|move: Grassy Terrain|[from] ability: Grassy Surge|[of] p1a: Rillaboom
|turn|11
|
|t:|1760729772
|switch|p2a: Corviknight|Corviknight, F, shiny|51/100
|-ability|p2a: Corviknight|Pressure
|move|p1a: Rillaboom|Grassy Glide|p2a: Corviknight
|-resisted|p2a: Corviknight
|-damage|p2a: Corviknight|43/100
|-damage|p1a: Rillaboom|52/100|[from] item: Rocky Helmet|[of] p2a: Corviknight
|
|-heal|p1a: Rillaboom|58/100|[from] Grassy Terrain
|upkeep
|turn|12
|
|t:|1760729779
|switch|p1a: Porygon-Z|Porygon-Z|100/100
|move|p2a: Corviknight|Roost|p2a: Corviknight
|-heal|p2a: Corviknight|93/100
|-singleturn|p2a: Corviknight|move: Roost
|
|-heal|p2a: Corviknight|99/100|[from] Grassy Terrain
|upkeep
|turn|13
|
|t:|1760729784
|move|p1a: Porygon-Z|Agility|p1a: Porygon-Z
|-boost|p1a: Porygon-Z|spe|2
|move|p2a: Corviknight|U-turn|p1a: Porygon-Z
|-damage|p1a: Porygon-Z|80/100
|
|t:|1760729787
|switch|p2a: Alcremie|Alcremie-Rainbow-Swirl, F, shiny|100/100|[from] U-turn
|
|-heal|p1a: Porygon-Z|86/100|[from] Grassy Terrain
|upkeep
|turn|14
|
|t:|1760729794
|move|p1a: Porygon-Z|Nasty Plot|p1a: Porygon-Z
|-boost|p1a: Porygon-Z|spa|2
|move|p2a: Alcremie|Calm Mind|p2a: Alcremie
|-boost|p2a: Alcremie|spa|1
|-boost|p2a: Alcremie|spd|1
|
|-heal|p1a: Porygon-Z|92/100|[from] Grassy Terrain
|upkeep
|turn|15
|
|t:|1760729800
|move|p1a: Porygon-Z|Tera Blast|p2a: Alcremie
|-damage|p2a: Alcremie|46/100
|move|p2a: Alcremie|Calm Mind|p2a: Alcremie
|-boost|p2a: Alcremie|spa|1
|-boost|p2a: Alcremie|spd|1
|
|-heal|p1a: Porygon-Z|98/100|[from] Grassy Terrain
|-heal|p2a: Alcremie|52/100|[from] Grassy Terrain
|-heal|p2a: Alcremie|58/100|[from] item: Leftovers
|-fieldend|move: Grassy Terrain
|upkeep
|turn|16
|
|t:|1760729809
|move|p1a: Porygon-Z|Nasty Plot|p1a: Porygon-Z
|-boost|p1a: Porygon-Z|spa|2
|move|p2a: Alcremie|Calm Mind|p2a: Alcremie
|-boost|p2a: Alcremie|spa|1
|-boost|p2a: Alcremie|spd|1
|
|-heal|p2a: Alcremie|64/100|[from] item: Leftovers
|upkeep
|turn|17
|
|t:|1760729818
|move|p1a: Porygon-Z|Tera Blast|p2a: Alcremie
|-damage|p2a: Alcremie|11/100
|move|p2a: Alcremie|Calm Mind|p2a: Alcremie
|-boost|p2a: Alcremie|spa|1
|-boost|p2a: Alcremie|spd|1
|
|-heal|p2a: Alcremie|17/100|[from] item: Leftovers
|upkeep
|turn|18
|
|t:|1760729825
|-terastallize|p2a: Alcremie|Steel
|move|p1a: Porygon-Z|Nasty Plot|p1a: Porygon-Z
|-boost|p1a: Porygon-Z|spa|2
|move|p2a: Alcremie|Draining Kiss|p1a: Porygon-Z
|-damage|p1a: Porygon-Z|21/100
|-heal|p2a: Alcremie|73/100|[from] drain|[of] p1a: Porygon-Z
|
|-heal|p2a: Alcremie|79/100|[from] item: Leftovers
|upkeep
|turn|19
|
|t:|1760729841
|-terastallize|p1a: Porygon-Z|Ghost
|move|p1a: Porygon-Z|Tera Blast|p2a: Alcremie|[anim] Tera Blast Ghost
|-damage|p2a: Alcremie|26/100
|move|p2a: Alcremie|Draining Kiss|p1a: Porygon-Z
|-damage|p1a: Porygon-Z|0 fnt
|-heal|p2a: Alcremie|41/100|[from] drain|[of] p1a: Porygon-Z
|faint|p1a: Porygon-Z
|
|-heal|p2a: Alcremie|47/100|[from] item: Leftovers
|upkeep
|c|☆lottebunny|most embarrassing misclick of all time
|-message|lottebunny forfeited.
|
|win|ydkmdenji
|raw|lottebunny's rating: 1364 &rarr; <strong>1346</strong><br />(-18 for losing)
|raw|ydkmdenji's rating: 1396 &rarr; <strong>1414</strong><br />(+18 for winning)
|l|☆lottebunny
|player|p1|
|l|☆ydkmdenji
|player|p2|
