|j|☆825y
|j|☆Disband ICE
|t:|1760851347
|gametype|singles
|player|p1|825y|lance|1216
|player|p2|Disband ICE|workerice|1195
|gen|9
|tier|[Gen 9] OU
|rated|
|rule|HP Percentage Mod: HP is shown in percentages
|rule|Endless Battle Clause: Forcing endless battles is banned
|rule|Species Clause: Limit one of each Pokémon
|rule|OHKO Clause: OHKO moves are banned
|rule|Evasion Items Clause: Evasion items are banned
|rule|Evasion Moves Clause: Evasion moves are banned
|rule|Evasion Abilities Clause: Evasion abilities are banned
|rule|Sleep Moves Clause: Sleep-inducing moves are banned
|clearpoke
|poke|p1|Torkoal, M|
|poke|p1|Ninetales, F|
|poke|p1|Charizard, M|
|poke|p1|Lilligant-Hisui, F|
|poke|p1|Venusaur, M|
|poke|p1|Dragapult, F|
|poke|p2|Grimmsnarl, M|
|poke|p2|Snorlax, M|
|poke|p2|Hoopa-Unbound|
|poke|p2|Walking Wake|
|poke|p2|Dragapult, F|
|poke|p2|Zamazenta-*|
|teampreview
|inactive|Battle timer is ON: inactive players will automatically lose when time's up. (requested by Disband ICE)
|
|t:|1760851362
|teamsize|p1|6
|teamsize|p2|6
|start
|switch|p1a: Ninetales|Ninetales, F, shiny|100/100
|switch|p2a: Walking Wake|Walking Wake|100/100
|-weather|SunnyDay|[from] ability: Drought|[of] p1a: Ninetales
|-activate|p2a: Walking Wake|ability: Protosynthesis
|-start|p2a: Walking Wake|protosynthesisspe
|turn|1
|
|t:|1760851372
|switch|p1a: Venusaur|Venusaur, M, shiny|100/100
|move|p2a: Walking Wake|Hydro Steam|p1a: Venusaur
|-resisted|p1a: Venusaur
|-damage|p1a: Venusaur|62/100
|-damage|p2a: Walking Wake|90/100|[from] item: Life Orb
|
|-weather|SunnyDay|[upkeep]
|-heal|p1a: Venusaur|68/100|[from] item: Leftovers
|upkeep
|turn|2
|
|t:|1760851383
|move|p1a: Venusaur|Toxic|p2a: Walking Wake
|-status|p2a: Walking Wake|tox
|move|p2a: Walking Wake|Weather Ball|p1a: Venusaur
|-supereffective|p1a: Venusaur
|-damage|p1a: Venusaur|0 fnt
|faint|p1a: Venusaur
|-damage|p2a: Walking Wake|80/100 tox|[from] item: Life Orb
|
|-weather|SunnyDay|[upkeep]
|-damage|p2a: Walking Wake|74/100 tox|[from] psn
|upkeep
|
|t:|1760851393
|switch|p1a: Charizard|Charizard, M, shiny|100/100
|turn|3
|
|t:|1760851401
|move|p2a: Walking Wake|Hydro Steam|p1a: Charizard
|-supereffective|p1a: Charizard
|-damage|p1a: Charizard|0 fnt
|faint|p1a: Charizard
|-damage|p2a: Walking Wake|64/100 tox|[from] item: Life Orb
|
|-weather|SunnyDay|[upkeep]
|-damage|p2a: Walking Wake|52/100 tox|[from] psn
|upkeep
|
|t:|1760851407
|switch|p1a: Dragapult|Dragapult, F, shiny|100/100
|turn|4
|
|t:|1760851413
|-terastallize|p1a: Dragapult|Dark
|move|p2a: Walking Wake|Draco Meteor|p1a: Dragapult
|-enditem|p1a: Dragapult|Focus Sash
|-damage|p1a: Dragapult|1/100
|-unboost|p2a: Walking Wake|spa|2
|-damage|p2a: Walking Wake|42/100 tox|[from] item: Life Orb
|move|p1a: Dragapult|Dragon Dance|p1a: Dragapult
|-boost|p1a: Dragapult|atk|1
|-boost|p1a: Dragapult|spe|1
|
|-weather|SunnyDay|[upkeep]
|-damage|p2a: Walking Wake|23/100 tox|[from] psn
|upkeep
|turn|5
|
|t:|1760851428
|move|p1a: Dragapult|Dragon Darts|p2a: Walking Wake
|-supereffective|p2a: Walking Wake
|-damage|p2a: Walking Wake|0 fnt
|faint|p2a: Walking Wake
|-end|p2a: Walking Wake|Protosynthesis|[silent]
|
|-weather|SunnyDay|[upkeep]
|upkeep
|
|t:|1760851432
|switch|p2a: Mr Grimm|Grimmsnarl, M|100/100
|turn|6
|
|t:|1760851436
|move|p1a: Dragapult|Phantom Force||[still]
|-prepare|p1a: Dragapult|Phantom Force
|move|p2a: Mr Grimm|Spirit Break|p1a: Dragapult|[miss]
|-miss|p2a: Mr Grimm|p1a: Dragapult
|
|-weather|SunnyDay|[upkeep]
|upkeep
|turn|7
|
|t:|1760851444
|move|p1a: Dragapult|Phantom Force|p2a: Mr Grimm|[from] lockedmove
|-resisted|p2a: Mr Grimm
|-damage|p2a: Mr Grimm|69/100
|move|p2a: Mr Grimm|Spirit Break|p1a: Dragapult
|-supereffective|p1a: Dragapult
|-damage|p1a: Dragapult|0 fnt
|faint|p1a: Dragapult
|
|-weather|SunnyDay|[upkeep]
|upkeep
|
|t:|1760851451
|switch|p1a: Torkoal|Torkoal, M, shiny|100/100
|turn|8
|
|t:|1760851454
|move|p2a: Mr Grimm|Taunt|p1a: Torkoal
|-start|p1a: Torkoal|move: Taunt
|cant|p1a: Torkoal|move: Taunt|Stealth Rock
|
|-weather|none
|upkeep
|turn|9
|
|t:|1760851461
|move|p2a: Mr Grimm|Light Screen|p2a: Mr Grimm
|-sidestart|p2: Disband ICE|move: Light Screen
|move|p1a: Torkoal|Eruption|p2a: Mr Grimm
|-damage|p2a: Mr Grimm|43/100
|
|upkeep
|turn|10
|
|t:|1760851467
|move|p2a: Mr Grimm|Reflect|p2a: Mr Grimm
|-sidestart|p2: Disband ICE|Reflect
|move|p1a: Torkoal|Eruption|p2a: Mr Grimm
|-damage|p2a: Mr Grimm|20/100
|
|-end|p1a: Torkoal|move: Taunt
|upkeep
|turn|11
|
|t:|1760851470
|move|p2a: Mr Grimm|Taunt|p1a: Torkoal
|-start|p1a: Torkoal|move: Taunt
|cant|p1a: Torkoal|move: Taunt|Stealth Rock
|
|upkeep
|turn|12
|
|t:|1760851473
|move|p2a: Mr Grimm|Spirit Break|p1a: Torkoal
|-resisted|p1a: Torkoal
|-damage|p1a: Torkoal|88/100
|-unboost|p1a: Torkoal|spa|1
|move|p1a: Torkoal|Eruption|p2a: Mr Grimm
|-damage|p2a: Mr Grimm|4/100
|
|upkeep
|turn|13
|
|t:|1760851481
|move|p2a: Mr Grimm|Spirit Break|p1a: Torkoal
|-resisted|p1a: Torkoal
|-damage|p1a: Torkoal|76/100
|-unboost|p1a: Torkoal|spa|1
|move|p1a: Torkoal|Eruption|p2a: Mr Grimm
|-damage|p2a: Mr Grimm|0 fnt
|faint|p2a: Mr Grimm
|
|-end|p1a: Torkoal|move: Taunt
|upkeep
|
|t:|1760851501
|switch|p2a: Snorlax|Snorlax, M|100/100
|turn|14
|
|t:|1760851507
|move|p2a: Snorlax|Belly Drum|p2a: Snorlax
|-damage|p2a: Snorlax|50/100
|-setboost|p2a: Snorlax|atk|6|[from] move: Belly Drum
|-enditem|p2a: Snorlax|Aguav Berry|[eat]
|-heal|p2a: Snorlax|84/100|[from] item: Aguav Berry
|move|p1a: Torkoal|Will-O-Wisp|p2a: Snorlax
|-status|p2a: Snorlax|brn
|
|-damage|p2a: Snorlax|78/100 brn|[from] brn
|upkeep
|turn|15
|
|t:|1760851520
|move|p2a: Snorlax|Supercell Slam|p1a: Torkoal
|-damage|p1a: Torkoal|27/100
|move|p1a: Torkoal|Stealth Rock|p2a: Snorlax
|-sidestart|p2: Disband ICE|move: Stealth Rock
|
|-damage|p2a: Snorlax|71/100 brn|[from] brn
|upkeep
|turn|16
|
|t:|1760851532
|move|p2a: Snorlax|Supercell Slam|p1a: Torkoal
|-damage|p1a: Torkoal|0 fnt
|faint|p1a: Torkoal
|
|-damage|p2a: Snorlax|65/100 brn|[from] brn
|-sideend|p2: Disband ICE|move: Light Screen
|upkeep
|
|t:|1760851537
|switch|p1a: Ninetales|Ninetales, F, shiny|100/100
|-weather|SunnyDay|[from] ability: Drought|[of] p1a: Ninetales
|turn|17
|
|t:|1760851542
|move|p1a: Ninetales|Nasty Plot|p1a: Ninetales
|-boost|p1a: Ninetales|spa|2
|move|p2a: Snorlax|Supercell Slam|p1a: Ninetales
|-damage|p1a: Ninetales|0 fnt
|faint|p1a: Ninetales
|
|-weather|SunnyDay|[upkeep]
|-damage|p2a: Snorlax|59/100 brn|[from] brn
|-sideend|p2: Disband ICE|Reflect
|upkeep
|
|t:|1760851549
|switch|p1a: Lilligant|Lilligant-Hisui, F, shiny|100/100
|turn|18
|
|t:|1760851554
|move|p1a: Lilligant|Swords Dance|p1a: Lilligant
|-boost|p1a: Lilligant|atk|2
|move|p2a: Snorlax|Heat Crash|p1a: Lilligant
|-supereffective|p1a: Lilligant
|-damage|p1a: Lilligant|0 fnt
|faint|p1a: Lilligant
|
|win|Disband ICE
|raw|825y's rating: 1216 &rarr; <strong>1189</strong><br />(-27 for losing)
|raw|Disband ICE's rating: 1195 &rarr; <strong>1222</strong><br />(+27 for winning)
|l|☆825y
|player|p1|
|l|☆Disband ICE
|player|p2|
