|j|☆shoebat
|j|☆jfkkkkf
|t:|1760884981
|gametype|singles
|player|p1|shoebat|sage|1507
|player|p2|jfkkkkf|102|1417
|gen|9
|tier|[Gen 9] OU
|rated|
|rule|HP Percentage Mod: HP is shown in percentages
|rule|Endless Battle Clause: Forcing endless battles is banned
|rule|Species Clause: Limit one of each Pokémon
|rule|OHKO Clause: OHKO moves are banned
|rule|Evasion Items Clause: Evasion items are banned
|rule|Evasion Moves Clause: Evasion moves are banned
|rule|Evasion Abilities Clause: Evasion abilities are banned
|rule|Sleep Moves Clause: Sleep-inducing moves are banned
|clearpoke
|poke|p1|Skarmory, F|
|poke|p1|Ting-Lu|
|poke|p1|Zamazenta-*|
|poke|p1|Pecharunt|
|poke|p1|Clefable, M|
|poke|p1|Walking Wake|
|poke|p2|Samurott-Hisui, F|
|poke|p2|Great Tusk|
|poke|p2|Sinistcha|
|poke|p2|Chansey, F|
|poke|p2|Hatterene, F|
|poke|p2|Ogerpon-Wellspring, F|
|teampreview
|inactive|Battle timer is ON: inactive players will automatically lose when time's up. (requested by shoebat)
|
|t:|1760885008
|teamsize|p1|6
|teamsize|p2|6
|start
|switch|p1a: Clefable|Clefable, M|100/100
|switch|p2a: Samurott|Samurott-Hisui, F|100/100
|turn|1
|
|t:|1760885020
|move|p2a: Samurott|Flip Turn|p1a: Clefable
|-damage|p1a: Clefable|80/100
|
|t:|1760885023
|switch|p2a: Hatterene|Hatterene, F|100/100|[from] Flip Turn
|move|p1a: Clefable|Moonblast|p2a: Hatterene
|-damage|p2a: Hatterene|69/100
|-unboost|p2a: Hatterene|spa|1
|
|-heal|p1a: Clefable|86/100|[from] item: Leftovers
|-heal|p2a: Hatterene|75/100|[from] item: Leftovers
|upkeep
|turn|2
|
|t:|1760885037
|move|p1a: Clefable|Knock Off|p2a: Hatterene
|-damage|p2a: Hatterene|59/100
|-enditem|p2a: Hatterene|Leftovers|[from] move: Knock Off|[of] p1a: Clefable
|move|p2a: Hatterene|Nuzzle|p1a: Clefable
|-crit|p1a: Clefable
|-damage|p1a: Clefable|81/100
|-status|p1a: Clefable|par
|
|-heal|p1a: Clefable|87/100 par|[from] item: Leftovers
|upkeep
|turn|3
|
|t:|1760885048
|move|p2a: Hatterene|Draining Kiss|p1a: Clefable
|-crit|p1a: Clefable
|-damage|p1a: Clefable|47/100 par
|-heal|p2a: Hatterene|96/100|[from] drain|[of] p1a: Clefable
|cant|p1a: Clefable|par
|
|-heal|p1a: Clefable|53/100 par|[from] item: Leftovers
|upkeep
|turn|4
|
|t:|1760885060
|switch|p1a: Pecharunt|Pecharunt|100/100
|move|p2a: Hatterene|Psychic Noise|p1a: Pecharunt
|-supereffective|p1a: Pecharunt
|-damage|p1a: Pecharunt|39/100
|-start|p1a: Pecharunt|move: Heal Block
|
|upkeep
|turn|5
|
|t:|1760885070
|switch|p2a: Samurott|Samurott-Hisui, F|100/100
|move|p1a: Pecharunt|Malignant Chain|p2a: Samurott
|-damage|p2a: Samurott|68/100
|-status|p2a: Samurott|tox
|-start|p2a: Samurott|confusion|[from] ability: Poison Puppeteer|[of] p1a: Pecharunt
|
|-damage|p2a: Samurott|62/100 tox|[from] psn
|-end|p1a: Pecharunt|move: Heal Block
|upkeep
|turn|6
|
|t:|1760885083
|switch|p1a: Skarmory|Skarmory, F|100/100
|-activate|p2a: Samurott|confusion
|move|p2a: Samurott|Ceaseless Edge|p1a: Skarmory
|-damage|p1a: Skarmory|77/100
|-damage|p2a: Samurott|45/100 tox|[from] item: Rocky Helmet|[of] p1a: Skarmory
|-sidestart|p1: shoebat|Spikes
|
|-damage|p2a: Samurott|33/100 tox|[from] psn
|upkeep
|turn|7
|
|t:|1760885094
|switch|p2a: Hatterene|Hatterene, F|96/100
|move|p1a: Skarmory|Spikes|p2a: Hatterene
|move|p2a: Hatterene|Spikes|p1a: Skarmory|[from] ability: Magic Bounce
|-sidestart|p1: shoebat|Spikes
|
|upkeep
|turn|8
|
|t:|1760885104
|switch|p1a: Clefable|Clefable, M|53/100 par
|move|p2a: Hatterene|Psychic Noise|p1a: Clefable
|-damage|p1a: Clefable|11/100 par
|-start|p1a: Clefable|move: Heal Block
|
|upkeep
|turn|9
|
|t:|1760885115
|move|p2a: Hatterene|Draining Kiss|p1a: Clefable
|-damage|p1a: Clefable|0 fnt
|-heal|p2a: Hatterene|100/100|[from] drain|[of] p1a: Clefable
|faint|p1a: Clefable
|
|upkeep
|
|t:|1760885117
|switch|p1a: Zamazenta|Zamazenta|100/100
|-ability|p1a: Zamazenta|Dauntless Shield|boost
|-boost|p1a: Zamazenta|def|1
|turn|10
|
|t:|1760885138
|move|p1a: Zamazenta|Heavy Slam|p2a: Hatterene
|-supereffective|p2a: Hatterene
|-damage|p2a: Hatterene|11/100
|move|p2a: Hatterene|Nuzzle|p1a: Zamazenta
|-damage|p1a: Zamazenta|98/100
|-status|p1a: Zamazenta|par
|
|upkeep
|turn|11
|
|t:|1760885148
|switch|p2a: Sinistcha|Sinistcha|100/100
|move|p1a: Zamazenta|Heavy Slam|p2a: Sinistcha
|-damage|p2a: Sinistcha|71/100
|
|-heal|p2a: Sinistcha|77/100|[from] item: Leftovers
|upkeep
|turn|12
|
|t:|1760885160
|switch|p1a: Skarmory|Skarmory, F|77/100
|move|p2a: Sinistcha|Strength Sap|p1a: Skarmory
|-unboost|p1a: Skarmory|atk|1
|-heal|p2a: Sinistcha|100/100
|
|upkeep
|turn|13
|
|t:|1760885173
|switch|p2a: Hatterene|Hatterene, F|11/100
|move|p1a: Skarmory|Spikes|p2a: Hatterene
|move|p2a: Hatterene|Spikes|p1a: Skarmory|[from] ability: Magic Bounce
|-sidestart|p1: shoebat|Spikes
|
|upkeep
|turn|14
|
|t:|1760885188
|move|p1a: Skarmory|Brave Bird|p2a: Hatterene
|-damage|p2a: Hatterene|0 fnt
|faint|p2a: Hatterene
|-damage|p1a: Skarmory|73/100|[from] Recoil
|
|upkeep
|
|t:|1760885207
|switch|p2a: Samurott|Samurott-Hisui, F|33/100 tox
|turn|15
|
|t:|1760885212
|move|p2a: Samurott|Knock Off|p1a: Skarmory
|-damage|p1a: Skarmory|46/100
|-damage|p2a: Samurott|16/100 tox|[from] item: Rocky Helmet|[of] p1a: Skarmory
|-enditem|p1a: Skarmory|Rocky Helmet|[from] move: Knock Off|[of] p2a: Samurott
|move|p1a: Skarmory|Spikes|p2a: Samurott
|-sidestart|p2: jfkkkkf|Spikes
|
|-damage|p2a: Samurott|10/100 tox|[from] psn
|upkeep
|turn|16
|
|t:|1760885223
|move|p2a: Samurott|Aqua Cutter|p1a: Skarmory
|-damage|p1a: Skarmory|20/100
|move|p1a: Skarmory|Roost|p1a: Skarmory
|-heal|p1a: Skarmory|70/100
|-singleturn|p1a: Skarmory|move: Roost
|
|-damage|p2a: Samurott|0 fnt|[from] psn
|faint|p2a: Samurott
|upkeep
|
|t:|1760885234
|switch|p2a: Great Tusk|Great Tusk|100/100
|-damage|p2a: Great Tusk|88/100|[from] Spikes
|turn|17
|
|t:|1760885247
|switch|p1a: Pecharunt|Pecharunt|39/100
|move|p2a: Great Tusk|Rapid Spin|p1a: Pecharunt
|-immune|p1a: Pecharunt
|
|upkeep
|turn|18
|
|t:|1760885254
|move|p1a: Pecharunt|Malignant Chain|p2a: Great Tusk
|-resisted|p2a: Great Tusk
|-damage|p2a: Great Tusk|74/100
|move|p2a: Great Tusk|Knock Off|p1a: Pecharunt
|-supereffective|p1a: Pecharunt
|-damage|p1a: Pecharunt|5/100
|-enditem|p1a: Pecharunt|Heavy-Duty Boots|[from] move: Knock Off|[of] p2a: Great Tusk
|
|upkeep
|turn|19
|
|t:|1760885264
|move|p1a: Pecharunt|Malignant Chain|p2a: Great Tusk
|-resisted|p2a: Great Tusk
|-damage|p2a: Great Tusk|59/100
|-status|p2a: Great Tusk|tox
|-start|p2a: Great Tusk|confusion|[from] ability: Poison Puppeteer|[of] p1a: Pecharunt
|-activate|p2a: Great Tusk|confusion
|move|p2a: Great Tusk|Headlong Rush|p1a: Pecharunt
|-supereffective|p1a: Pecharunt
|-damage|p1a: Pecharunt|0 fnt
|-unboost|p2a: Great Tusk|def|1
|-unboost|p2a: Great Tusk|spd|1
|faint|p1a: Pecharunt
|
|-damage|p2a: Great Tusk|53/100 tox|[from] psn
|upkeep
|
|t:|1760885279
|switch|p1a: Walking Wake|Walking Wake|100/100
|turn|20
|
|t:|1760885284
|-end|p2a: Great Tusk|Protosynthesis|[silent]
|switch|p2a: Chansey|Chansey, F|100/100
|-damage|p2a: Chansey|88/100|[from] Spikes
|move|p1a: Walking Wake|Surf|p2a: Chansey
|-damage|p2a: Chansey|75/100
|
|upkeep
|turn|21
|
|t:|1760885293
|move|p1a: Walking Wake|Knock Off|p2a: Chansey
|-damage|p2a: Chansey|64/100
|-enditem|p2a: Chansey|Eviolite|[from] move: Knock Off|[of] p1a: Walking Wake
|move|p2a: Chansey|Stealth Rock|p1a: Walking Wake
|-sidestart|p1: shoebat|move: Stealth Rock
|
|upkeep
|turn|22
|
|t:|1760885306
|move|p1a: Walking Wake|Flip Turn|p2a: Chansey
|-damage|p2a: Chansey|49/100
|
|t:|1760885310
|-end|p1a: Walking Wake|Protosynthesis|[silent]
|switch|p1a: Skarmory|Skarmory, F|70/100|[from] Flip Turn
|-damage|p1a: Skarmory|58/100|[from] Stealth Rock
|move|p2a: Chansey|Heal Bell|p2a: Chansey
|-activate|p2a: Chansey|move: Heal Bell
|-curestatus|p2: Great Tusk|tox|[msg]
|
|upkeep
|turn|23
|
|t:|1760885320
|switch|p2a: Great Tusk|Great Tusk|53/100
|-damage|p2a: Great Tusk|41/100|[from] Spikes
|move|p1a: Skarmory|Spikes|p2a: Great Tusk
|-sidestart|p2: jfkkkkf|Spikes
|
|upkeep
|turn|24
|
|t:|1760885327
|move|p2a: Great Tusk|Rapid Spin|p1a: Skarmory
|-resisted|p1a: Skarmory
|-damage|p1a: Skarmory|52/100
|-boost|p2a: Great Tusk|spe|1
|-sideend|p2: jfkkkkf|Spikes|[from] move: Rapid Spin|[of] p2a: Great Tusk
|move|p1a: Skarmory|Roost|p1a: Skarmory
|-heal|p1a: Skarmory|100/100
|-singleturn|p1a: Skarmory|move: Roost
|
|upkeep
|turn|25
|
|t:|1760885343
|-end|p2a: Great Tusk|Protosynthesis|[silent]
|switch|p2a: Ogerpon|Ogerpon-Wellspring, F|100/100
|move|p1a: Skarmory|Brave Bird|p2a: Ogerpon
|-supereffective|p2a: Ogerpon
|-damage|p2a: Ogerpon|6/100
|-damage|p1a: Skarmory|72/100|[from] Recoil
|
|upkeep
|turn|26
|
|t:|1760885356
|move|p2a: Ogerpon|Ivy Cudgel|p1a: Skarmory|[anim] Ivy Cudgel Water
|-damage|p1a: Skarmory|38/100
|move|p1a: Skarmory|Brave Bird|p2a: Ogerpon
|-supereffective|p2a: Ogerpon
|-damage|p2a: Ogerpon|0 fnt
|faint|p2a: Ogerpon
|-damage|p1a: Skarmory|36/100|[from] Recoil
|
|upkeep
|
|t:|1760885365
|switch|p2a: Sinistcha|Sinistcha|100/100
|turn|27
|
|t:|1760885376
|move|p2a: Sinistcha|Hex|p1a: Skarmory
|-damage|p1a: Skarmory|2/100
|move|p1a: Skarmory|Brave Bird|p2a: Sinistcha
|-supereffective|p2a: Sinistcha
|-damage|p2a: Sinistcha|47/100
|-damage|p1a: Skarmory|0 fnt|[from] Recoil
|faint|p1a: Skarmory
|
|-heal|p2a: Sinistcha|53/100|[from] item: Leftovers
|upkeep
|
|t:|1760885384
|switch|p1a: Walking Wake|Walking Wake|100/100
|turn|28
|
|t:|1760885391
|switch|p2a: Great Tusk|Great Tusk|41/100
|move|p1a: Walking Wake|Draco Meteor|p2a: Great Tusk
|-damage|p2a: Great Tusk|0 fnt
|-unboost|p1a: Walking Wake|spa|2
|faint|p2a: Great Tusk
|-end|p2a: Great Tusk|Protosynthesis|[silent]
|
|upkeep
|
|t:|1760885399
|switch|p2a: Chansey|Chansey, F|49/100
|turn|29
|
|t:|1760885404
|move|p1a: Walking Wake|Flip Turn|p2a: Chansey
|-damage|p2a: Chansey|35/100
|
|t:|1760885409
|-end|p1a: Walking Wake|Protosynthesis|[silent]
|switch|p1a: Zamazenta|Zamazenta|98/100 par|[from] Flip Turn
|move|p2a: Chansey|Soft-Boiled|p2a: Chansey
|-heal|p2a: Chansey|85/100
|
|upkeep
|turn|30
|
|t:|1760885422
|switch|p2a: Sinistcha|Sinistcha|53/100
|move|p1a: Zamazenta|Crunch|p2a: Sinistcha
|-supereffective|p2a: Sinistcha
|-damage|p2a: Sinistcha|14/100
|
|-heal|p2a: Sinistcha|20/100|[from] item: Leftovers
|upkeep
|turn|31
|
|t:|1760885432
|switch|p1a: Walking Wake|Walking Wake|100/100
|move|p2a: Sinistcha|Strength Sap|p1a: Walking Wake
|-unboost|p1a: Walking Wake|atk|1
|-heal|p2a: Sinistcha|72/100
|
|-heal|p2a: Sinistcha|79/100|[from] item: Leftovers
|upkeep
|turn|32
|
|t:|1760885444
|switch|p2a: Chansey|Chansey, F|85/100
|move|p1a: Walking Wake|Knock Off|p2a: Chansey
|-damage|p2a: Chansey|78/100
|
|upkeep
|turn|33
|
|t:|1760885455
|move|p1a: Walking Wake|Flip Turn|p2a: Chansey
|-damage|p2a: Chansey|67/100
|
|t:|1760885459
|-end|p1a: Walking Wake|Protosynthesis|[silent]
|switch|p1a: Ting-Lu|Ting-Lu|100/100|[from] Flip Turn
|-damage|p1a: Ting-Lu|76/100|[from] Spikes
|-damage|p1a: Ting-Lu|69/100|[from] Stealth Rock
|-ability|p1a: Ting-Lu|Vessel of Ruin
|move|p2a: Chansey|Seismic Toss|p1a: Ting-Lu
|-damage|p1a: Ting-Lu|50/100
|
|-heal|p1a: Ting-Lu|56/100|[from] item: Leftovers
|upkeep
|turn|34
|
|t:|1760885472
|switch|p2a: Sinistcha|Sinistcha|79/100
|move|p1a: Ting-Lu|Stealth Rock|p2a: Sinistcha
|-sidestart|p2: jfkkkkf|move: Stealth Rock
|
|-heal|p2a: Sinistcha|85/100|[from] item: Leftovers
|-heal|p1a: Ting-Lu|62/100|[from] item: Leftovers
|upkeep
|turn|35
|
|t:|1760885480
|move|p2a: Sinistcha|Matcha Gotcha|p1a: Ting-Lu
|-supereffective|p1a: Ting-Lu
|-damage|p1a: Ting-Lu|37/100
|-heal|p2a: Sinistcha|100/100|[from] drain|[of] p1a: Ting-Lu
|move|p1a: Ting-Lu|Whirlwind|p2a: Sinistcha
|drag|p2a: Chansey|Chansey, F|67/100
|-damage|p2a: Chansey|55/100|[from] Stealth Rock
|
|-heal|p1a: Ting-Lu|43/100|[from] item: Leftovers
|upkeep
|turn|36
|
|t:|1760885493
|move|p2a: Chansey|Soft-Boiled|p2a: Chansey
|-heal|p2a: Chansey|100/100
|move|p1a: Ting-Lu|Whirlwind|p2a: Chansey
|drag|p2a: Sinistcha|Sinistcha|100/100
|-damage|p2a: Sinistcha|88/100|[from] Stealth Rock
|
|-heal|p2a: Sinistcha|94/100|[from] item: Leftovers
|-heal|p1a: Ting-Lu|49/100|[from] item: Leftovers
|upkeep
|turn|37
|
|t:|1760885504
|move|p2a: Sinistcha|Matcha Gotcha|p1a: Ting-Lu
|-supereffective|p1a: Ting-Lu
|-damage|p1a: Ting-Lu|21/100
|-heal|p2a: Sinistcha|100/100|[from] drain|[of] p1a: Ting-Lu
|move|p1a: Ting-Lu|Whirlwind|p2a: Sinistcha
|drag|p2a: Chansey|Chansey, F|100/100
|-damage|p2a: Chansey|88/100|[from] Stealth Rock
|
|-heal|p1a: Ting-Lu|27/100|[from] item: Leftovers
|upkeep
|turn|38
|
|t:|1760885517
|move|p2a: Chansey|Seismic Toss|p1a: Ting-Lu
|-damage|p1a: Ting-Lu|8/100
|move|p1a: Ting-Lu|Ruination|p2a: Chansey|[miss]
|-miss|p1a: Ting-Lu|p2a: Chansey
|
|-heal|p1a: Ting-Lu|14/100|[from] item: Leftovers
|upkeep
|turn|39
|
|t:|1760885526
|move|p2a: Chansey|Seismic Toss|p1a: Ting-Lu
|-damage|p1a: Ting-Lu|0 fnt
|faint|p1a: Ting-Lu
|
|upkeep
|
|t:|1760885528
|switch|p1a: Zamazenta|Zamazenta|98/100 par
|turn|40
|
|t:|1760885534
|switch|p2a: Sinistcha|Sinistcha|100/100
|-damage|p2a: Sinistcha|88/100|[from] Stealth Rock
|move|p1a: Zamazenta|Close Combat|p2a: Sinistcha
|-immune|p2a: Sinistcha
|
|-heal|p2a: Sinistcha|94/100|[from] item: Leftovers
|upkeep
|turn|41
|
|t:|1760885545
|move|p2a: Sinistcha|Hex|p1a: Zamazenta
|-damage|p1a: Zamazenta|52/100 par
|move|p1a: Zamazenta|Crunch|p2a: Sinistcha
|-supereffective|p2a: Sinistcha
|-damage|p2a: Sinistcha|55/100
|
|-heal|p2a: Sinistcha|61/100|[from] item: Leftovers
|upkeep
|turn|42
|
|t:|1760885554
|move|p2a: Sinistcha|Strength Sap|p1a: Zamazenta
|-unboost|p1a: Zamazenta|atk|1
|-heal|p2a: Sinistcha|100/100
|move|p1a: Zamazenta|Crunch|p2a: Sinistcha
|-supereffective|p2a: Sinistcha
|-damage|p2a: Sinistcha|74/100
|
|-heal|p2a: Sinistcha|81/100|[from] item: Leftovers
|upkeep
|turn|43
|-message|shoebat forfeited.
|
|win|jfkkkkf
|raw|shoebat's rating: 1507 &rarr; <strong>1482</strong><br />(-25 for losing)
|raw|jfkkkkf's rating: 1417 &rarr; <strong>1442</strong><br />(+25 for winning)
|l|☆shoebat
|player|p1|
|l|☆jfkkkkf
|player|p2|
