|j|☆sincronos
|j|☆flygonisdragon
|t:|1760761035
|gametype|singles
|player|p1|sincronos|266|1637
|player|p2|flygonisdragon|serena-masters|1627
|gen|9
|tier|[Gen 9] OU
|rated|
|rule|HP Percentage Mod: HP is shown in percentages
|rule|Endless Battle Clause: Forcing endless battles is banned
|rule|Species Clause: Limit one of each Pokémon
|rule|OHKO Clause: OHKO moves are banned
|rule|Evasion Items Clause: Evasion items are banned
|rule|Evasion Moves Clause: Evasion moves are banned
|rule|Evasion Abilities Clause: Evasion abilities are banned
|rule|Sleep Moves Clause: Sleep-inducing moves are banned
|clearpoke
|poke|p1|Cresselia, F|
|poke|p1|Hatterene, F|
|poke|p1|Porygon2|
|poke|p1|Ursaluna, F|
|poke|p1|Iron Hands|
|poke|p1|Torkoal, F|
|poke|p2|Heatran, F|
|poke|p2|Corviknight, M|
|poke|p2|Ursaluna, F|
|poke|p2|Clefable, M|
|poke|p2|Dragapult, M|
|poke|p2|Zamazenta-*|
|teampreview
|inactive|Battle timer is ON: inactive players will automatically lose when time's up. (requested by flygonisdragon)
|
|t:|1760761098
|teamsize|p1|6
|teamsize|p2|6
|start
|switch|p1a: BLUE VELVET|Hatterene, F|100/100
|switch|p2a: Dragapult|Dragapult, M|100/100
|turn|1
|
|t:|1760761106
|move|p2a: Dragapult|Shadow Ball|p1a: BLUE VELVET
|-supereffective|p1a: BLUE VELVET
|-enditem|p1a: BLUE VELVET|Focus Sash
|-damage|p1a: BLUE VELVET|1/100
|move|p1a: BLUE VELVET|Trick Room|p1a: BLUE VELVET
|-fieldstart|move: Trick Room|[of] p1a: BLUE VELVET
|
|upkeep
|turn|2
|
|t:|1760761114
|switch|p2a: Ursaluna|Ursaluna, F|100/100
|move|p1a: BLUE VELVET|Healing Wish|p1a: BLUE VELVET
|faint|p1a: BLUE VELVET
|
|upkeep
|
|t:|1760761119
|switch|p1a: THE ELEPHANT MAN|Iron Hands|100/100
|turn|3
|
|t:|1760761127
|move|p1a: THE ELEPHANT MAN|Close Combat|p2a: Ursaluna
|-supereffective|p2a: Ursaluna
|-damage|p2a: Ursaluna|0 fnt
|-unboost|p1a: THE ELEPHANT MAN|def|1
|-unboost|p1a: THE ELEPHANT MAN|spd|1
|faint|p2a: Ursaluna
|-damage|p1a: THE ELEPHANT MAN|91/100|[from] item: Life Orb
|
|upkeep
|
|t:|1760761137
|switch|p2a: Dragapult|Dragapult, M|100/100
|turn|4
|
|t:|1760761149
|move|p1a: THE ELEPHANT MAN|Ice Punch|p2a: Dragapult
|-supereffective|p2a: Dragapult
|-damage|p2a: Dragapult|0 fnt
|faint|p2a: Dragapult
|-damage|p1a: THE ELEPHANT MAN|81/100|[from] item: Life Orb
|
|upkeep
|
|t:|1760761153
|switch|p2a: Clefable|Clefable, M|100/100
|turn|5
|
|t:|1760761156
|move|p1a: THE ELEPHANT MAN|Supercell Slam|p2a: Clefable
|-damage|p2a: Clefable|45/100
|-damage|p1a: THE ELEPHANT MAN|71/100|[from] item: Life Orb
|move|p2a: Clefable|Moonblast|p1a: THE ELEPHANT MAN
|-supereffective|p1a: THE ELEPHANT MAN
|-damage|p1a: THE ELEPHANT MAN|9/100
|
|-fieldend|move: Trick Room
|upkeep
|turn|6
|
|t:|1760761165
|-end|p1a: THE ELEPHANT MAN|Quark Drive|[silent]
|switch|p1a: ERASERHEAD|Porygon2|100/100
|-ability|p1a: ERASERHEAD|Download|boost
|-boost|p1a: ERASERHEAD|spa|1
|move|p2a: Clefable|Moonlight|p2a: Clefable
|-heal|p2a: Clefable|95/100
|
|upkeep
|turn|7
|
|t:|1760761170
|move|p2a: Clefable|Thunder Wave|p1a: ERASERHEAD
|-status|p1a: ERASERHEAD|par
|cant|p1a: ERASERHEAD|par
|
|upkeep
|turn|8
|
|t:|1760761180
|move|p2a: Clefable|Calm Mind|p2a: Clefable
|-boost|p2a: Clefable|spa|1
|-boost|p2a: Clefable|spd|1
|move|p1a: ERASERHEAD|Trick Room|p1a: ERASERHEAD
|-fieldstart|move: Trick Room|[of] p1a: ERASERHEAD
|
|upkeep
|turn|9
|
|t:|1760761189
|switch|p1a: LOST HIGHWAY|Ursaluna, F|100/100
|move|p2a: Clefable|Calm Mind|p2a: Clefable
|-boost|p2a: Clefable|spa|1
|-boost|p2a: Clefable|spd|1
|
|-status|p1a: LOST HIGHWAY|brn|[from] item: Flame Orb
|upkeep
|turn|10
|
|t:|1760761194
|switch|p2a: Corviknight|Corviknight, M|100/100
|-ability|p2a: Corviknight|Pressure
|move|p1a: LOST HIGHWAY|Facade|p2a: Corviknight
|-resisted|p2a: Corviknight
|-damage|p2a: Corviknight|62/100
|-damage|p1a: LOST HIGHWAY|84/100 brn|[from] item: Rocky Helmet|[of] p2a: Corviknight
|
|-damage|p1a: LOST HIGHWAY|78/100 brn|[from] brn
|upkeep
|turn|11
|
|t:|1760761211
|move|p1a: LOST HIGHWAY|Swords Dance|p1a: LOST HIGHWAY
|-boost|p1a: LOST HIGHWAY|atk|2
|move|p2a: Corviknight|Roost|p2a: Corviknight
|-heal|p2a: Corviknight|100/100
|-singleturn|p2a: Corviknight|move: Roost
|
|-damage|p1a: LOST HIGHWAY|72/100 brn|[from] brn
|upkeep
|turn|12
|
|t:|1760761216
|move|p1a: LOST HIGHWAY|Fire Punch|p2a: Corviknight
|-supereffective|p2a: Corviknight
|-damage|p2a: Corviknight|0 fnt
|-damage|p1a: LOST HIGHWAY|55/100 brn|[from] item: Rocky Helmet|[of] p2a: Corviknight
|faint|p2a: Corviknight
|
|-damage|p1a: LOST HIGHWAY|49/100 brn|[from] brn
|-fieldend|move: Trick Room
|upkeep
|
|t:|1760761235
|switch|p2a: Heatran|Heatran, F|100/100
|turn|13
|
|t:|1760761239
|move|p2a: Heatran|Magma Storm|p1a: LOST HIGHWAY
|-damage|p1a: LOST HIGHWAY|15/100 brn
|-activate|p1a: LOST HIGHWAY|move: Magma Storm|[of] p2a: Heatran
|move|p1a: LOST HIGHWAY|Headlong Rush|p2a: Heatran
|-supereffective|p2a: Heatran
|-damage|p2a: Heatran|0 fnt
|-unboost|p1a: LOST HIGHWAY|def|1
|-unboost|p1a: LOST HIGHWAY|spd|1
|faint|p2a: Heatran
|
|-damage|p1a: LOST HIGHWAY|8/100 brn|[from] brn
|-end|p1a: LOST HIGHWAY|Magma Storm|[partiallytrapped]|[silent]
|upkeep
|
|t:|1760761262
|switch|p2a: Zamazenta|Zamazenta|100/100
|-ability|p2a: Zamazenta|Dauntless Shield|boost
|-boost|p2a: Zamazenta|def|1
|turn|14
|c|☆sincronos|U have a Zama
|
|t:|1760761268
|switch|p1a: WILD AT HEART|Cresselia, F|100/100
|move|p2a: Zamazenta|Substitute|p2a: Zamazenta
|-start|p2a: Zamazenta|Substitute
|-damage|p2a: Zamazenta|75/100
|
|-heal|p2a: Zamazenta|82/100|[from] item: Leftovers
|upkeep
|turn|15
|
|t:|1760761271
|move|p2a: Zamazenta|Iron Defense|p2a: Zamazenta
|-boost|p2a: Zamazenta|def|2
|move|p1a: WILD AT HEART|Trick Room|p1a: WILD AT HEART
|-fieldstart|move: Trick Room|[of] p1a: WILD AT HEART
|
|-heal|p2a: Zamazenta|88/100|[from] item: Leftovers
|upkeep
|turn|16
|
|t:|1760761281
|switch|p1a: THE ELEPHANT MAN|Iron Hands|9/100
|-heal|p1a: THE ELEPHANT MAN|100/100|[from] move: Healing Wish
|move|p2a: Zamazenta|Iron Defense|p2a: Zamazenta
|-boost|p2a: Zamazenta|def|2
|
|-heal|p2a: Zamazenta|94/100|[from] item: Leftovers
|upkeep
|turn|17
|
|t:|1760761289
|move|p1a: THE ELEPHANT MAN|Swords Dance|p1a: THE ELEPHANT MAN
|-boost|p1a: THE ELEPHANT MAN|atk|2
|move|p2a: Zamazenta|Body Press|p1a: THE ELEPHANT MAN
|-damage|p1a: THE ELEPHANT MAN|30/100
|
|-heal|p2a: Zamazenta|99/100|[from] item: Leftovers
|upkeep
|turn|18
|
|t:|1760761297
|move|p1a: THE ELEPHANT MAN|Close Combat|p2a: Zamazenta
|-end|p2a: Zamazenta|Substitute
|-unboost|p1a: THE ELEPHANT MAN|def|1
|-unboost|p1a: THE ELEPHANT MAN|spd|1
|-damage|p1a: THE ELEPHANT MAN|20/100|[from] item: Life Orb
|move|p2a: Zamazenta|Body Press|p1a: THE ELEPHANT MAN
|-damage|p1a: THE ELEPHANT MAN|0 fnt
|faint|p1a: THE ELEPHANT MAN
|-end|p1a: THE ELEPHANT MAN|Quark Drive|[silent]
|
|-heal|p2a: Zamazenta|100/100|[from] item: Leftovers
|upkeep
|
|t:|1760761302
|switch|p1a: FIRE WALK WITH ME|Torkoal, F|100/100
|-weather|SunnyDay|[from] ability: Drought|[of] p1a: FIRE WALK WITH ME
|turn|19
|
|t:|1760761306
|-terastallize|p1a: FIRE WALK WITH ME|Fire
|-terastallize|p2a: Zamazenta|Fire
|move|p1a: FIRE WALK WITH ME|Eruption|p2a: Zamazenta
|-resisted|p2a: Zamazenta
|-damage|p2a: Zamazenta|30/100
|move|p2a: Zamazenta|Body Press|p1a: FIRE WALK WITH ME
|-damage|p1a: FIRE WALK WITH ME|19/100
|
|-weather|SunnyDay|[upkeep]
|-heal|p2a: Zamazenta|36/100|[from] item: Leftovers
|-fieldend|move: Trick Room
|upkeep
|turn|20
|
|t:|1760761314
|switch|p1a: LOST HIGHWAY|Ursaluna, F|8/100 brn
|move|p2a: Zamazenta|Body Press|p1a: LOST HIGHWAY
|-supereffective|p1a: LOST HIGHWAY
|-damage|p1a: LOST HIGHWAY|0 fnt
|faint|p1a: LOST HIGHWAY
|
|-weather|SunnyDay|[upkeep]
|-heal|p2a: Zamazenta|42/100|[from] item: Leftovers
|upkeep
|
|t:|1760761318
|switch|p1a: WILD AT HEART|Cresselia, F|100/100
|turn|21
|
|t:|1760761322
|move|p2a: Zamazenta|Substitute|p2a: Zamazenta
|-start|p2a: Zamazenta|Substitute
|-damage|p2a: Zamazenta|17/100
|move|p1a: WILD AT HEART|Trick Room|p1a: WILD AT HEART
|-fieldstart|move: Trick Room|[of] p1a: WILD AT HEART
|
|-weather|SunnyDay|[upkeep]
|-heal|p2a: Zamazenta|23/100|[from] item: Leftovers
|upkeep
|turn|22
|
|t:|1760761332
|switch|p1a: ERASERHEAD|Porygon2|100/100 par
|-ability|p1a: ERASERHEAD|Download|boost
|-boost|p1a: ERASERHEAD|spa|1
|move|p2a: Zamazenta|Body Press|p1a: ERASERHEAD
|-supereffective|p1a: ERASERHEAD
|-damage|p1a: ERASERHEAD|0 fnt
|faint|p1a: ERASERHEAD
|
|-weather|SunnyDay|[upkeep]
|-heal|p2a: Zamazenta|30/100|[from] item: Leftovers
|upkeep
|
|t:|1760761342
|switch|p1a: FIRE WALK WITH ME|Torkoal, F, tera:Fire|19/100
|turn|23
|
|t:|1760761345
|move|p1a: FIRE WALK WITH ME|Earth Power|p2a: Zamazenta
|-supereffective|p2a: Zamazenta
|-end|p2a: Zamazenta|Substitute
|move|p2a: Zamazenta|Body Press|p1a: FIRE WALK WITH ME
|-damage|p1a: FIRE WALK WITH ME|0 fnt
|faint|p1a: FIRE WALK WITH ME
|
|-weather|none
|-heal|p2a: Zamazenta|36/100|[from] item: Leftovers
|upkeep
|
|t:|1760761354
|switch|p1a: WILD AT HEART|Cresselia, F|100/100
|turn|24
|-message|sincronos forfeited.
|
|win|flygonisdragon
|raw|sincronos's rating: 1637 &rarr; <strong>1616</strong><br />(-21 for losing)
|raw|flygonisdragon's rating: 1627 &rarr; <strong>1648</strong><br />(+21 for winning)
|l|☆sincronos
|player|p1|
|l|☆flygonisdragon
|player|p2|
