|j|☆chenke
|j|☆AminitraboTTT
|t:|1760802430
|gametype|singles
|player|p1|chenke|clerk|
|player|p2|AminitraboTTT|supernerd|
|gen|9
|tier|[Gen 9] OU
|rule|HP Percentage Mod: HP is shown in percentages
|rule|Endless Battle Clause: Forcing endless battles is banned
|rule|Species Clause: Limit one of each Pokémon
|rule|OHKO Clause: OHKO moves are banned
|rule|Evasion Items Clause: Evasion items are banned
|rule|Evasion Moves Clause: Evasion moves are banned
|rule|Evasion Abilities Clause: Evasion abilities are banned
|rule|Sleep Moves Clause: Sleep-inducing moves are banned
|clearpoke
|poke|p1|Garchomp, M|
|poke|p1|Iron Moth|
|poke|p2|Gliscor, M|
|poke|p2|Alomomola, M|
|poke|p2|Gholdengo|
|poke|p2|Hoopa-Unbound|
|poke|p2|Cinderace, F|
|poke|p2|Zamazenta-*|
|teampreview
|c|☆AminitraboTTT|Hola, soy AminitraboTTT, el bot de la sala Español. gl hf
|inactive|Battle timer is ON: inactive players will automatically lose when time's up. (requested by AminitraboTTT)
|
|t:|1760802438
|teamsize|p1|2
|teamsize|p2|6
|start
|switch|p1a: Garchomp|Garchomp, M|100/100
|switch|p2a: Gliscor|Gliscor, M|100/100
|turn|1
|
|t:|1760802441
|move|p1a: Garchomp|Swords Dance|p1a: Garchomp
|-boost|p1a: Garchomp|atk|2
|move|p2a: Gliscor|Facade|p1a: Garchomp
|-crit|p1a: Garchomp
|-damage|p1a: Garchomp|80/100
|-damage|p2a: Gliscor|88/100|[from] ability: Rough Skin|[of] p1a: Garchomp
|-damage|p2a: Gliscor|72/100|[from] item: Rocky Helmet|[of] p1a: Garchomp
|
|-status|p2a: Gliscor|tox|[from] item: Toxic Orb
|upkeep
|turn|2
|
|t:|1760802447
|move|p2a: Gliscor|Protect|p2a: Gliscor
|-singleturn|p2a: Gliscor|Protect
|move|p1a: Garchomp|Swords Dance|p1a: Garchomp
|-boost|p1a: Garchomp|atk|2
|
|-heal|p2a: Gliscor|84/100 tox|[from] ability: Poison Heal
|upkeep
|turn|3
|
|t:|1760802455
|-terastallize|p1a: Garchomp|Dragon
|-terastallize|p2a: Gliscor|Normal
|move|p1a: Garchomp|Outrage|p2a: Gliscor
|-damage|p2a: Gliscor|0 fnt
|faint|p2a: Gliscor
|
|upkeep
|
|t:|1760802455
|switch|p2a: Gholdengo|Gholdengo|100/100
|turn|4
|
|t:|1760802457
|move|p2a: Gholdengo|Shadow Ball|p1a: Garchomp
|-damage|p1a: Garchomp|43/100
|move|p1a: Garchomp|Outrage|p2a: Gholdengo|[from] lockedmove
|-resisted|p2a: Gholdengo
|-damage|p2a: Gholdengo|0 fnt
|faint|p2a: Gholdengo
|
|upkeep
|
|t:|1760802457
|switch|p2a: Hoopa|Hoopa-Unbound|100/100
|turn|5
|
|t:|1760802461
|move|p1a: Garchomp|Outrage|p2a: Hoopa|[from] lockedmove
|-damage|p2a: Hoopa|0 fnt
|faint|p2a: Hoopa
|-start|p1a: Garchomp|confusion|[fatigue]
|
|upkeep
|
|t:|1760802461
|switch|p2a: Cinderace|Cinderace, F|100/100
|turn|6
|
|t:|1760802464
|move|p2a: Cinderace|Sucker Punch|p1a: Garchomp
|-start|p2a: Cinderace|typechange|Dark|[from] ability: Libero
|-damage|p1a: Garchomp|14/100
|-damage|p2a: Cinderace|88/100|[from] ability: Rough Skin|[of] p1a: Garchomp
|-damage|p2a: Cinderace|72/100|[from] item: Rocky Helmet|[of] p1a: Garchomp
|-activate|p1a: Garchomp|confusion
|move|p1a: Garchomp|Outrage|p2a: Cinderace
|-damage|p2a: Cinderace|0 fnt
|faint|p2a: Cinderace
|
|upkeep
|
|t:|1760802464
|switch|p2a: Zamazenta|Zamazenta|100/100
|-ability|p2a: Zamazenta|Dauntless Shield|boost
|-boost|p2a: Zamazenta|def|1
|turn|7
|
|t:|1760802474
|move|p2a: Zamazenta|Body Press|p1a: Garchomp
|-damage|p1a: Garchomp|0 fnt
|-damage|p2a: Zamazenta|88/100|[from] ability: Rough Skin|[of] p1a: Garchomp
|-damage|p2a: Zamazenta|72/100|[from] item: Rocky Helmet|[of] p1a: Garchomp
|faint|p1a: Garchomp
|
|-heal|p2a: Zamazenta|78/100|[from] item: Leftovers
|upkeep
|
|t:|1760802477
|switch|p1a: Iron Moth|Iron Moth|100/100
|turn|8
|
|t:|1760802485
|switch|p2a: Alomomola|Alomomola, M|100/100
|move|p1a: Iron Moth|Fiery Dance|p2a: Alomomola
|-resisted|p2a: Alomomola
|-damage|p2a: Alomomola|74/100
|-boost|p1a: Iron Moth|spa|1
|
|upkeep
|turn|9
|
|t:|1760802489
|move|p2a: Alomomola|Protect|p2a: Alomomola
|-singleturn|p2a: Alomomola|Protect
|move|p1a: Iron Moth|Fiery Dance|p2a: Alomomola
|-activate|p2a: Alomomola|move: Protect
|
|upkeep
|turn|10
|
|t:|1760802491
|move|p1a: Iron Moth|Fiery Dance|p2a: Alomomola
|-resisted|p2a: Alomomola
|-damage|p2a: Alomomola|39/100
|-boost|p1a: Iron Moth|spa|1
|move|p2a: Alomomola|Flip Turn|p1a: Iron Moth
|-supereffective|p1a: Iron Moth
|-damage|p1a: Iron Moth|43/100
|
|t:|1760802491
|switch|p2a: Zamazenta|Zamazenta|78/100|[from] Flip Turn
|
|-heal|p2a: Zamazenta|84/100|[from] item: Leftovers
|upkeep
|turn|11
|
|t:|1760802502
|switch|p2a: Alomomola|Alomomola, M|72/100
|move|p1a: Iron Moth|Sludge Wave|p2a: Alomomola
|-damage|p2a: Alomomola|0 fnt
|faint|p2a: Alomomola
|
|upkeep
|
|t:|1760802502
|switch|p2a: Zamazenta|Zamazenta|84/100
|turn|12
|
|t:|1760802504
|move|p2a: Zamazenta|Crunch|p1a: Iron Moth
|-damage|p1a: Iron Moth|6/100
|move|p1a: Iron Moth|Sludge Wave|p2a: Zamazenta
|-damage|p2a: Zamazenta|0 fnt
|faint|p2a: Zamazenta
|
|win|chenke
|c|☆AminitraboTTT|gg
|l|☆AminitraboTTT
|player|p2|
