|j|☆Oups 2008
|j|☆Lady fartworth
|t:|1760774097
|gametype|singles
|player|p1|Oups 2008|cheren|1222
|player|p2|Lady fartworth|teacher|1179
|gen|9
|tier|[Gen 9] OU
|rated|
|rule|HP Percentage Mod: HP is shown in percentages
|rule|Endless Battle Clause: Forcing endless battles is banned
|rule|Species Clause: Limit one of each Pokémon
|rule|OHKO Clause: OHKO moves are banned
|rule|Evasion Items Clause: Evasion items are banned
|rule|Evasion Moves Clause: Evasion moves are banned
|rule|Evasion Abilities Clause: Evasion abilities are banned
|rule|Sleep Moves Clause: Sleep-inducing moves are banned
|clearpoke
|poke|p1|Primarina, F|
|poke|p1|Moltres|
|poke|p1|Clodsire, F|
|poke|p1|Dragapult, M|
|poke|p1|Dondozo, M|
|poke|p1|Great Tusk|
|poke|p2|Mamoswine, M|
|poke|p2|Haxorus, M|
|poke|p2|Glimmora, F|
|poke|p2|Gholdengo|
|poke|p2|Conkeldurr, F|
|poke|p2|Darkrai|
|teampreview
|inactive|Battle timer is ON: inactive players will automatically lose when time's up. (requested by Oups 2008)
|
|t:|1760774108
|teamsize|p1|6
|teamsize|p2|6
|start
|switch|p1a: Great Tusk|Great Tusk, shiny|100/100
|switch|p2a: Glimmora|Glimmora, F|100/100
|turn|1
|
|t:|1760774121
|move|p1a: Great Tusk|Headlong Rush|p2a: Glimmora
|-supereffective|p2a: Glimmora
|-enditem|p2a: Glimmora|Focus Sash
|-damage|p2a: Glimmora|1/100
|-unboost|p1a: Great Tusk|def|1
|-unboost|p1a: Great Tusk|spd|1
|-activate|p2a: Glimmora|ability: Toxic Debris
|-sidestart|p1: Oups 2008|move: Toxic Spikes
|move|p2a: Glimmora|Stealth Rock|p1a: Great Tusk
|-sidestart|p1: Oups 2008|move: Stealth Rock
|
|upkeep
|turn|2
|
|t:|1760774135
|switch|p2a: Gholdengo|Gholdengo|100/100
|-item|p2a: Gholdengo|Air Balloon
|move|p1a: Great Tusk|Rapid Spin|p2a: Gholdengo
|-immune|p2a: Gholdengo
|
|upkeep
|turn|3
|
|t:|1760774148
|-end|p1a: Great Tusk|Protosynthesis|[silent]
|switch|p1a: Clodsire|Clodsire, F, shiny|100/100
|-sideend|p1: Oups 2008|move: Toxic Spikes|[of] p1a: Clodsire
|-damage|p1a: Clodsire|94/100|[from] Stealth Rock
|move|p2a: Gholdengo|Nasty Plot|p2a: Gholdengo
|-boost|p2a: Gholdengo|spa|2
|
|-heal|p1a: Clodsire|100/100|[from] item: Leftovers
|upkeep
|turn|4
|
|t:|1760774164
|move|p2a: Gholdengo|Make It Rain|p1a: Clodsire
|-damage|p1a: Clodsire|36/100
|-unboost|p2a: Gholdengo|spa|1
|move|p1a: Clodsire|Toxic Spikes|p2a: Gholdengo
|-sidestart|p2: Lady fartworth|move: Toxic Spikes
|
|-heal|p1a: Clodsire|42/100|[from] item: Leftovers
|upkeep
|turn|5
|
|t:|1760774175
|move|p2a: Gholdengo|Make It Rain|p1a: Clodsire
|-damage|p1a: Clodsire|0 fnt
|-unboost|p2a: Gholdengo|spa|1
|faint|p1a: Clodsire
|
|upkeep
|
|t:|1760774184
|switch|p1a: Dragapult|Dragapult, M|100/100
|-damage|p1a: Dragapult|88/100|[from] Stealth Rock
|turn|6
|
|t:|1760774190
|switch|p2a: Glimmora|Glimmora, F|1/100
|-sideend|p2: Lady fartworth|move: Toxic Spikes|[of] p2a: Glimmora
|-terastallize|p1a: Dragapult|Ghost
|move|p1a: Dragapult|Tera Blast|p2a: Glimmora|[anim] Tera Blast Ghost
|-damage|p2a: Glimmora|0 fnt
|-activate|p2a: Glimmora|ability: Toxic Debris
|-sidestart|p1: Oups 2008|move: Toxic Spikes
|faint|p2a: Glimmora
|
|upkeep
|
|t:|1760774208
|switch|p2a: Darkrai|Darkrai|100/100
|turn|7
|
|t:|1760774216
|switch|p1a: Primarina|Primarina, F, shiny|100/100
|-damage|p1a: Primarina|88/100|[from] Stealth Rock
|-status|p1a: Primarina|psn
|move|p2a: Darkrai|Nasty Plot|p2a: Darkrai
|-boost|p2a: Darkrai|spa|2
|
|-damage|p1a: Primarina|76/100 psn|[from] psn
|upkeep
|turn|8
|
|t:|1760774228
|move|p2a: Darkrai|Sludge Bomb|p1a: Primarina
|-supereffective|p1a: Primarina
|-damage|p1a: Primarina|0 fnt
|faint|p1a: Primarina
|
|upkeep
|
|t:|1760774243
|switch|p1a: Dragapult|Dragapult, M, tera:Ghost|88/100
|-damage|p1a: Dragapult|76/100|[from] Stealth Rock
|-status|p1a: Dragapult|psn
|turn|9
|
|t:|1760774254
|move|p1a: Dragapult|Dragon Darts|p2a: Darkrai
|-damage|p2a: Darkrai|50/100
|-anim|p1a: Dragapult|Dragon Darts|p2a: Darkrai
|-damage|p2a: Darkrai|0 fnt
|faint|p2a: Darkrai
|
|-damage|p1a: Dragapult|64/100 psn|[from] psn
|upkeep
|inactive|Lady fartworth has 120 seconds left.
|
|t:|1760774281
|switch|p2a: Mamoswine|Mamoswine, M|100/100
|turn|10
|
|t:|1760774287
|switch|p1a: Dondozo|Dondozo, M, shiny|100/100
|-damage|p1a: Dondozo|88/100|[from] Stealth Rock
|-status|p1a: Dondozo|psn
|move|p2a: Mamoswine|Ice Shard|p1a: Dondozo
|-resisted|p1a: Dondozo
|-damage|p1a: Dondozo|82/100 psn
|
|-damage|p1a: Dondozo|70/100 psn|[from] psn
|upkeep
|turn|11
|
|t:|1760774301
|move|p2a: Mamoswine|Knock Off|p1a: Dondozo
|-damage|p1a: Dondozo|53/100 psn
|-damage|p2a: Mamoswine|84/100|[from] item: Rocky Helmet|[of] p1a: Dondozo
|-enditem|p1a: Dondozo|Rocky Helmet|[from] move: Knock Off|[of] p2a: Mamoswine
|move|p1a: Dondozo|Liquidation|p2a: Mamoswine
|-supereffective|p2a: Mamoswine
|-damage|p2a: Mamoswine|21/100
|
|-damage|p1a: Dondozo|40/100 psn|[from] psn
|upkeep
|turn|12
|
|t:|1760774314
|switch|p2a: Gholdengo|Gholdengo|100/100
|-item|p2a: Gholdengo|Air Balloon
|move|p1a: Dondozo|Body Press|p2a: Gholdengo
|-immune|p2a: Gholdengo
|
|-damage|p1a: Dondozo|28/100 psn|[from] psn
|upkeep
|turn|13
|
|t:|1760774329
|move|p2a: Gholdengo|Shadow Ball|p1a: Dondozo
|-damage|p1a: Dondozo|0 fnt
|faint|p1a: Dondozo
|
|upkeep
|
|t:|1760774339
|switch|p1a: Dragapult|Dragapult, M, tera:Ghost|64/100 psn
|-damage|p1a: Dragapult|51/100 psn|[from] Stealth Rock
|turn|14
|inactive|Lady fartworth has 120 seconds left.
|
|t:|1760774373
|-terastallize|p2a: Gholdengo|Fairy
|move|p1a: Dragapult|Tera Blast|p2a: Gholdengo|[anim] Tera Blast Ghost
|-crit|p2a: Gholdengo
|-damage|p2a: Gholdengo|0 fnt
|-enditem|p2a: Gholdengo|Air Balloon
|faint|p2a: Gholdengo
|
|-damage|p1a: Dragapult|39/100 psn|[from] psn
|upkeep
|
|t:|1760774383
|switch|p2a: Mamoswine|Mamoswine, M|21/100
|turn|15
|inactive|Oups 2008 has 120 seconds left.
|inactive|Oups 2008 has 90 seconds left.
|inactive|Oups 2008 has 60 seconds left.
|inactive|Oups 2008 has 30 seconds left.
|inactive|Oups 2008 has 20 seconds left.
|inactive|Oups 2008 has 15 seconds left.
|inactive|Oups 2008 has 10 seconds left.
|inactive|Oups 2008 has 5 seconds left.
|-message|Oups 2008 lost due to inactivity.
|
|win|Lady fartworth
|raw|Oups 2008's rating: 1222 &rarr; <strong>1194</strong><br />(-28 for losing)
|raw|Lady fartworth's rating: 1179 &rarr; <strong>1207</strong><br />(+28 for winning)
