|j|☆Palm X
|j|‽Don Ramon Nonato
|t:|1760846899
|gametype|singles
|player|p1|Palm X|caitlin|1521
|player|p2|Don Ramon Nonato|wattson|1492
|gen|9
|tier|[Gen 9] OU
|rated|
|rule|HP Percentage Mod: HP is shown in percentages
|rule|Endless Battle Clause: Forcing endless battles is banned
|rule|Species Clause: Limit one of each Pokémon
|rule|OHKO Clause: OHKO moves are banned
|rule|Evasion Items Clause: Evasion items are banned
|rule|Evasion Moves Clause: Evasion moves are banned
|rule|Evasion Abilities Clause: Evasion abilities are banned
|rule|Sleep Moves Clause: Sleep-inducing moves are banned
|clearpoke
|poke|p1|Heatran, M|
|poke|p1|Great Tusk|
|poke|p1|Latios, M|
|poke|p1|Kingambit, F|
|poke|p1|Rillaboom, M|
|poke|p1|Zamazenta-*|
|poke|p2|Keldeo-Resolute|
|poke|p2|Dragapult, F|
|poke|p2|Slowking-Galar, F|
|poke|p2|Kingambit, M|
|poke|p2|Zapdos|
|poke|p2|Great Tusk|
|teampreview
|inactive|Battle timer is ON: inactive players will automatically lose when time's up. (requested by Palm X)
|
|t:|1760846908
|teamsize|p1|6
|teamsize|p2|6
|start
|switch|p1a: Latios|Latios, M|100/100
|switch|p2a: Dragapult|Dragapult, F|100/100
|turn|1
|
|t:|1760846914
|switch|p2a: Slowking|Slowking-Galar, F|100/100
|move|p1a: Latios|Draco Meteor|p2a: Slowking
|-damage|p2a: Slowking|56/100
|-unboost|p1a: Latios|spa|2
|
|-heal|p2a: Slowking|62/100|[from] item: Black Sludge
|upkeep
|turn|2
|
|t:|1760846920
|switch|p1a: Heatran|Heatran, M|100/100
|move|p2a: Slowking|Trick|p1a: Heatran
|-activate|p2a: Slowking|move: Trick|[of] p1a: Heatran
|-item|p1a: Heatran|Black Sludge|[from] move: Trick
|-item|p2a: Slowking|Leftovers|[from] move: Trick
|
|-damage|p1a: Heatran|88/100|[from] item: Black Sludge
|-heal|p2a: Slowking|68/100|[from] item: Leftovers
|upkeep
|turn|3
|
|t:|1760846926
|switch|p2a: Keldeo|Keldeo-Resolute|100/100
|move|p1a: Heatran|Taunt|p2a: Keldeo
|-start|p2a: Keldeo|move: Taunt
|
|-damage|p1a: Heatran|76/100|[from] item: Black Sludge
|upkeep
|turn|4
|
|t:|1760846936
|switch|p2a: Slowking|Slowking-Galar, F|100/100
|switch|p1a: Latios|Latios, M|100/100
|
|upkeep
|turn|5
|
|t:|1760846951
|move|p1a: Latios|Flip Turn|p2a: Slowking
|-crit|p2a: Slowking
|-damage|p2a: Slowking|84/100
|
|t:|1760846954
|switch|p1a: Rillaboom|Rillaboom, M|100/100|[from] Flip Turn
|-fieldstart|move: Grassy Terrain|[from] ability: Grassy Surge|[of] p1a: Rillaboom
|-prepare|p2a: Slowking|Chilly Reception|[premajor]
|move|p2a: Slowking|Chilly Reception|p2a: Slowking
|-weather|Snowscape
|
|t:|1760846963
|switch|p2a: Zapdos|Zapdos|100/100|[from] Chilly Reception
|
|-weather|Snowscape|[upkeep]
|upkeep
|turn|6
|
|t:|1760846966
|move|p1a: Rillaboom|U-turn|p2a: Zapdos
|-resisted|p2a: Zapdos
|-damage|p2a: Zapdos|93/100
|-status|p1a: Rillaboom|par|[from] ability: Static|[of] p2a: Zapdos
|
|t:|1760846969
|switch|p1a: Heatran|Heatran, M|76/100|[from] U-turn
|move|p2a: Zapdos|Hurricane|p1a: Heatran
|-resisted|p1a: Heatran
|-damage|p1a: Heatran|62/100
|-start|p1a: Heatran|confusion
|
|-weather|Snowscape|[upkeep]
|-heal|p1a: Heatran|69/100|[from] Grassy Terrain
|-damage|p1a: Heatran|56/100|[from] item: Black Sludge
|upkeep
|turn|7
|
|t:|1760846974
|move|p2a: Zapdos|U-turn|p1a: Heatran
|-resisted|p1a: Heatran
|-damage|p1a: Heatran|53/100
|
|t:|1760846977
|switch|p2a: Great Tusk|Great Tusk|100/100|[from] U-turn
|-enditem|p2a: Great Tusk|Booster Energy
|-activate|p2a: Great Tusk|ability: Protosynthesis|[fromitem]
|-start|p2a: Great Tusk|protosynthesisatk
|-activate|p1a: Heatran|confusion
|move|p1a: Heatran|Magma Storm|p2a: Great Tusk
|-damage|p2a: Great Tusk|39/100
|-activate|p2a: Great Tusk|move: Magma Storm|[of] p1a: Heatran
|
|-weather|Snowscape|[upkeep]
|-heal|p2a: Great Tusk|45/100|[from] Grassy Terrain
|-heal|p1a: Heatran|60/100|[from] Grassy Terrain
|-damage|p1a: Heatran|47/100|[from] item: Black Sludge
|-damage|p2a: Great Tusk|33/100|[from] move: Magma Storm|[partiallytrapped]
|upkeep
|turn|8
|
|t:|1760846987
|switch|p1a: Latios|Latios, M|100/100
|move|p2a: Great Tusk|Rapid Spin|p1a: Latios
|-damage|p1a: Latios|70/100
|-boost|p2a: Great Tusk|spe|1
|-end|p2a: Great Tusk|Magma Storm|[partiallytrapped]
|
|-weather|Snowscape|[upkeep]
|-heal|p2a: Great Tusk|39/100|[from] Grassy Terrain
|upkeep
|turn|9
|
|t:|1760846993
|-end|p2a: Great Tusk|Protosynthesis|[silent]
|switch|p2a: Slowking|Slowking-Galar, F|100/100
|move|p1a: Latios|Luster Purge|p2a: Slowking
|-damage|p2a: Slowking|68/100
|
|-weather|none
|-heal|p2a: Slowking|74/100|[from] Grassy Terrain
|-heal|p2a: Slowking|80/100|[from] item: Leftovers
|-fieldend|move: Grassy Terrain
|upkeep
|turn|10
|
|t:|1760847000
|move|p1a: Latios|Luster Purge|p2a: Slowking
|-damage|p2a: Slowking|49/100
|-unboost|p2a: Slowking|spd|1
|-prepare|p2a: Slowking|Chilly Reception|[premajor]
|move|p2a: Slowking|Chilly Reception|p2a: Slowking
|-weather|Snowscape
|
|t:|1760847003
|switch|p2a: Kingambit|Kingambit, M|100/100|[from] Chilly Reception
|
|-weather|Snowscape|[upkeep]
|upkeep
|turn|11
|
|t:|1760847009
|switch|p1a: Great Tusk|Great Tusk|100/100
|-end|p2a: Kingambit|fallenundefined|[silent]
|switch|p2a: Zapdos|Zapdos|93/100
|
|-weather|Snowscape|[upkeep]
|upkeep
|turn|12
|
|t:|1760847013
|-end|p1a: Great Tusk|Protosynthesis|[silent]
|switch|p1a: Heatran|Heatran, M|47/100
|move|p2a: Zapdos|Hurricane|p1a: Heatran
|-resisted|p1a: Heatran
|-damage|p1a: Heatran|33/100
|-start|p1a: Heatran|confusion
|
|-weather|Snowscape|[upkeep]
|-damage|p1a: Heatran|21/100|[from] item: Black Sludge
|upkeep
|turn|13
|
|t:|1760847016
|move|p2a: Zapdos|Discharge|p1a: Heatran
|-damage|p1a: Heatran|0 fnt
|faint|p1a: Heatran
|
|-weather|Snowscape|[upkeep]
|upkeep
|
|t:|1760847022
|switch|p1a: Latios|Latios, M|70/100
|turn|14
|
|t:|1760847031
|switch|p2a: Slowking|Slowking-Galar, F|82/100
|move|p1a: Latios|Trick|p2a: Slowking
|-activate|p1a: Latios|move: Trick|[of] p2a: Slowking
|-item|p2a: Slowking|Choice Scarf|[from] move: Trick
|-item|p1a: Latios|Leftovers|[from] move: Trick
|
|-weather|none
|-heal|p1a: Latios|76/100|[from] item: Leftovers
|upkeep
|turn|15
|
|t:|1760847038
|move|p1a: Latios|Flip Turn|p2a: Slowking
|-damage|p2a: Slowking|71/100
|
|t:|1760847040
|switch|p1a: Great Tusk|Great Tusk|100/100|[from] Flip Turn
|-prepare|p2a: Slowking|Chilly Reception|[premajor]
|move|p2a: Slowking|Chilly Reception|p2a: Slowking
|-weather|Snowscape
|
|t:|1760847044
|switch|p2a: Zapdos|Zapdos|93/100|[from] Chilly Reception
|
|-weather|Snowscape|[upkeep]
|upkeep
|turn|16
|
|t:|1760847049
|-end|p1a: Great Tusk|Protosynthesis|[silent]
|switch|p1a: Rillaboom|Rillaboom, M|100/100 par
|-fieldstart|move: Grassy Terrain|[from] ability: Grassy Surge|[of] p1a: Rillaboom
|move|p2a: Zapdos|Hurricane|p1a: Rillaboom
|-supereffective|p1a: Rillaboom
|-crit|p1a: Rillaboom
|-damage|p1a: Rillaboom|0 fnt
|faint|p1a: Rillaboom
|
|-weather|Snowscape|[upkeep]
|upkeep
|
|t:|1760847050
|switch|p1a: Zamazenta|Zamazenta|100/100
|-ability|p1a: Zamazenta|Dauntless Shield|boost
|-boost|p1a: Zamazenta|def|1
|turn|17
|
|t:|1760847053
|move|p1a: Zamazenta|Stone Edge|p2a: Zapdos
|-supereffective|p2a: Zapdos
|-damage|p2a: Zapdos|27/100
|-damage|p1a: Zamazenta|91/100|[from] item: Life Orb
|move|p2a: Zapdos|Discharge|p1a: Zamazenta
|-damage|p1a: Zamazenta|58/100
|
|-weather|Snowscape|[upkeep]
|-heal|p1a: Zamazenta|64/100|[from] Grassy Terrain
|upkeep
|turn|18
|
|t:|1760847061
|switch|p2a: Keldeo|Keldeo-Resolute|100/100
|move|p1a: Zamazenta|Stone Edge|p2a: Keldeo
|-resisted|p2a: Keldeo
|-damage|p2a: Keldeo|80/100
|-damage|p1a: Zamazenta|54/100|[from] item: Life Orb
|
|-weather|Snowscape|[upkeep]
|-heal|p1a: Zamazenta|60/100|[from] Grassy Terrain
|-heal|p2a: Keldeo|86/100|[from] Grassy Terrain
|-heal|p2a: Keldeo|92/100|[from] item: Leftovers
|upkeep
|turn|19
|
|t:|1760847073
|move|p1a: Zamazenta|Close Combat|p2a: Keldeo
|-damage|p2a: Keldeo|9/100
|-unboost|p1a: Zamazenta|def|1
|-unboost|p1a: Zamazenta|spd|1
|-damage|p1a: Zamazenta|51/100|[from] item: Life Orb
|move|p2a: Keldeo|Surf|p1a: Zamazenta
|-damage|p1a: Zamazenta|0 fnt
|faint|p1a: Zamazenta
|
|-weather|none
|-heal|p2a: Keldeo|15/100|[from] Grassy Terrain
|-heal|p2a: Keldeo|21/100|[from] item: Leftovers
|upkeep
|
|t:|1760847082
|switch|p1a: Latios|Latios, M|76/100
|turn|20
|
|t:|1760847089
|switch|p2a: Slowking|Slowking-Galar, F|100/100
|move|p1a: Latios|Flip Turn|p2a: Slowking
|-damage|p2a: Slowking|89/100
|
|t:|1760847094
|switch|p1a: Kingambit|Kingambit, F|100/100|[from] Flip Turn
|-activate|p1a: Kingambit|ability: Supreme Overlord
|-start|p1a: Kingambit|fallen3|[silent]
|
|-heal|p2a: Slowking|95/100|[from] Grassy Terrain
|-fieldend|move: Grassy Terrain
|upkeep
|turn|21
|
|t:|1760847104
|move|p1a: Kingambit|Kowtow Cleave|p2a: Slowking
|-supereffective|p2a: Slowking
|-damage|p2a: Slowking|0 fnt
|faint|p2a: Slowking
|
|upkeep
|
|t:|1760847109
|switch|p2a: Great Tusk|Great Tusk|39/100
|turn|22
|
|t:|1760847117
|-end|p1a: Kingambit|fallen3|[silent]
|switch|p1a: Great Tusk|Great Tusk|100/100
|move|p2a: Great Tusk|Rapid Spin|p1a: Great Tusk
|-damage|p1a: Great Tusk|89/100
|-boost|p2a: Great Tusk|spe|1
|
|upkeep
|turn|23
|
|t:|1760847123
|-end|p2a: Great Tusk|Protosynthesis|[silent]
|switch|p2a: Zapdos|Zapdos|27/100
|move|p1a: Great Tusk|Knock Off|p2a: Zapdos
|-damage|p2a: Zapdos|5/100
|-enditem|p2a: Zapdos|Heavy-Duty Boots|[from] move: Knock Off|[of] p1a: Great Tusk
|
|upkeep
|turn|24
|
|t:|1760847127
|move|p1a: Great Tusk|Rapid Spin|p2a: Zapdos
|-damage|p2a: Zapdos|0 fnt
|-boost|p1a: Great Tusk|spe|1
|faint|p2a: Zapdos
|
|upkeep
|
|t:|1760847138
|switch|p2a: Kingambit|Kingambit, M|100/100
|-activate|p2a: Kingambit|ability: Supreme Overlord
|-start|p2a: Kingambit|fallen2|[silent]
|turn|25
|
|t:|1760847143
|move|p1a: Great Tusk|Close Combat|p2a: Kingambit
|-supereffective|p2a: Kingambit
|-damage|p2a: Kingambit|0 fnt
|-unboost|p1a: Great Tusk|def|1
|-unboost|p1a: Great Tusk|spd|1
|faint|p2a: Kingambit
|-end|p2a: Kingambit|fallen2|[silent]
|
|upkeep
|
|t:|1760847146
|switch|p2a: Dragapult|Dragapult, F|100/100
|turn|26
|
|t:|1760847149
|move|p1a: Great Tusk|Ice Spinner|p2a: Dragapult
|-supereffective|p2a: Dragapult
|-damage|p2a: Dragapult|28/100
|move|p2a: Dragapult|Psychic Fangs|p1a: Great Tusk
|-supereffective|p1a: Great Tusk
|-damage|p1a: Great Tusk|3/100
|
|upkeep
|turn|27
|-message|Don Ramon Nonato forfeited.
|
|win|Palm X
|raw|Palm X's rating: 1521 &rarr; <strong>1539</strong><br />(+18 for winning)
|raw|Don Ramon Nonato's rating: 1492 &rarr; <strong>1474</strong><br />(-18 for losing)
|l|‽Don Ramon Nonato
|player|p2|
|l|☆Palm X
|player|p1|
