|j|☆noehpokemontwainer
|j|☆6yopjf
|t:|1760814114
|gametype|singles
|player|p1|noehpokemontwainer|picnicker|1272
|player|p2|6yopjf|170|1184
|gen|9
|tier|[Gen 9] OU
|rated|
|rule|HP Percentage Mod: HP is shown in percentages
|rule|Endless Battle Clause: Forcing endless battles is banned
|rule|Species Clause: Limit one of each Pokémon
|rule|OHKO Clause: OHKO moves are banned
|rule|Evasion Items Clause: Evasion items are banned
|rule|Evasion Moves Clause: Evasion moves are banned
|rule|Evasion Abilities Clause: Evasion abilities are banned
|rule|Sleep Moves Clause: Sleep-inducing moves are banned
|clearpoke
|poke|p1|Decidueye-Hisui, M|
|poke|p1|Corviknight, M|
|poke|p1|Greninja-*, M|
|poke|p1|Arcanine-Hisui, M|
|poke|p1|Regidrago|
|poke|p1|Tinkaton, F|
|poke|p2|Froslass, F|
|poke|p2|Pikachu, M|
|poke|p2|Cinderace, M|
|poke|p2|Politoed, F|
|poke|p2|Luvdisc, M|
|poke|p2|Okidogi, M|
|teampreview
|inactive|Battle timer is ON: inactive players will automatically lose when time's up. (requested by noehpokemontwainer)
|
|t:|1760814142
|teamsize|p1|6
|teamsize|p2|6
|start
|switch|p1a: Decidueye|Decidueye-Hisui, M, shiny|100/100
|switch|p2a: Cinderace|Cinderace, M|100/100
|turn|1
|
|t:|1760814158
|move|p2a: Cinderace|U-turn|p1a: Decidueye
|-damage|p1a: Decidueye|77/100
|
|t:|1760814161
|switch|p2a: Politoed|Politoed, F|100/100|[from] U-turn
|-weather|RainDance|[from] ability: Drizzle|[of] p2a: Politoed
|move|p1a: Decidueye|U-turn|p2a: Politoed
|-damage|p2a: Politoed|69/100
|
|t:|1760814174
|switch|p1a: Regidrago|Regidrago, shiny|100/100|[from] U-turn
|
|-weather|RainDance|[upkeep]
|upkeep
|turn|2
|
|t:|1760814197
|switch|p2a: Okidogi|Okidogi, M|100/100
|move|p1a: Regidrago|Dragon Energy|p2a: Okidogi
|-damage|p2a: Okidogi|0 fnt
|faint|p2a: Okidogi
|
|-weather|RainDance|[upkeep]
|upkeep
|inactive|6yopjf has 120 seconds left.
|
|t:|1760814215
|switch|p2a: Froslass|Froslass, F|100/100
|turn|3
|
|t:|1760814219
|move|p1a: Regidrago|Dragon Energy|p2a: Froslass
|-damage|p2a: Froslass|0 fnt
|faint|p2a: Froslass
|
|-weather|RainDance|[upkeep]
|upkeep
|
|t:|1760814231
|switch|p2a: Luvdisc|Luvdisc, M|100/100
|turn|4
|
|t:|1760814237
|move|p2a: Luvdisc|Ice Beam|p1a: Regidrago
|-supereffective|p1a: Regidrago
|-damage|p1a: Regidrago|47/100
|move|p1a: Regidrago|Dragon Energy|p2a: Luvdisc
|-crit|p2a: Luvdisc
|-damage|p2a: Luvdisc|0 fnt
|faint|p2a: Luvdisc
|
|-weather|RainDance|[upkeep]
|upkeep
|inactive|6yopjf has 120 seconds left.
|
|t:|1760814254
|switch|p2a: Cinderace|Cinderace, M|100/100
|turn|5
|
|t:|1760814261
|switch|p1a: Arcanine|Arcanine-Hisui, M|100/100
|move|p2a: Cinderace|High Jump Kick|p1a: Arcanine
|-supereffective|p1a: Arcanine
|-damage|p1a: Arcanine|5/100
|
|-weather|none
|upkeep
|turn|6
|
|t:|1760814275
|move|p1a: Arcanine|Extreme Speed|p2a: Cinderace
|-damage|p2a: Cinderace|58/100
|move|p2a: Cinderace|U-turn|p1a: Arcanine
|-resisted|p1a: Arcanine
|-damage|p1a: Arcanine|0 fnt
|faint|p1a: Arcanine
|
|t:|1760814284
|switch|p2a: Politoed|Politoed, F|69/100|[from] U-turn
|-weather|RainDance|[from] ability: Drizzle|[of] p2a: Politoed
|
|-weather|RainDance|[upkeep]
|upkeep
|
|t:|1760814295
|switch|p1a: Regidrago|Regidrago, shiny|47/100
|turn|7
|
|t:|1760814304
|-terastallize|p2a: Politoed|Water
|move|p1a: Regidrago|Draco Meteor|p2a: Politoed
|-damage|p2a: Politoed|0 fnt
|-unboost|p1a: Regidrago|spa|2
|faint|p2a: Politoed
|
|-weather|RainDance|[upkeep]
|upkeep
|
|t:|1760814316
|switch|p2a: Cinderace|Cinderace, M|58/100
|turn|8
|
|t:|1760814323
|move|p1a: Regidrago|Draco Meteor|p2a: Cinderace
|-damage|p2a: Cinderace|0 fnt
|-unboost|p1a: Regidrago|spa|2
|faint|p2a: Cinderace
|
|-weather|RainDance|[upkeep]
|upkeep
|
|t:|1760814326
|switch|p2a: Pikachu|Pikachu, M|100/100
|turn|9
|
|t:|1760814334
|switch|p1a: Decidueye|Decidueye-Hisui, M, shiny|77/100
|move|p2a: Pikachu|Substitute|p2a: Pikachu
|-start|p2a: Pikachu|Substitute
|-damage|p2a: Pikachu|76/100
|
|-weather|RainDance|[upkeep]
|upkeep
|turn|10
|
|t:|1760814357
|move|p2a: Pikachu|Thunder|p1a: Decidueye
|-resisted|p1a: Decidueye
|-damage|p1a: Decidueye|49/100
|move|p1a: Decidueye|Triple Arrows|p2a: Pikachu
|-end|p2a: Pikachu|Substitute
|
|-weather|none
|upkeep
|turn|11
|
|t:|1760814366
|move|p2a: Pikachu|Thunder|p1a: Decidueye
|-resisted|p1a: Decidueye
|-damage|p1a: Decidueye|17/100
|-status|p1a: Decidueye|par
|move|p1a: Decidueye|Triple Arrows|p2a: Pikachu
|-damage|p2a: Pikachu|0 fnt
|faint|p2a: Pikachu
|
|win|noehpokemontwainer
|raw|noehpokemontwainer's rating: 1272 &rarr; <strong>1291</strong><br />(+19 for winning)
|raw|6yopjf's rating: 1184 &rarr; <strong>1165</strong><br />(-19 for losing)
|l|☆6yopjf
|player|p2|
|l|☆noehpokemontwainer
|player|p1|
