|j|☆RomanSionis666
|j|☆slimshaeed
|t:|1760838404
|gametype|singles
|player|p1|RomanSionis666|n|1110
|player|p2|slimshaeed|roxie|1080
|gen|9
|tier|[Gen 9] OU
|rated|
|rule|HP Percentage Mod: HP is shown in percentages
|rule|Endless Battle Clause: Forcing endless battles is banned
|rule|Species Clause: Limit one of each Pokémon
|rule|OHKO Clause: OHKO moves are banned
|rule|Evasion Items Clause: Evasion items are banned
|rule|Evasion Moves Clause: Evasion moves are banned
|rule|Evasion Abilities Clause: Evasion abilities are banned
|rule|Sleep Moves Clause: Sleep-inducing moves are banned
|clearpoke
|poke|p1|Meowscarada, F|
|poke|p1|Incineroar, M|
|poke|p1|Perrserker, M|
|poke|p1|Persian, F|
|poke|p1|Umbreon, F|
|poke|p1|Pyroar, M|
|poke|p2|Barraskewda, F|
|poke|p2|Garganacl, F|
|poke|p2|Iron Treads|
|poke|p2|Dragonite, F|
|poke|p2|Pelipper, F|
|poke|p2|Manaphy|
|teampreview
|inactive|Battle timer is ON: inactive players will automatically lose when time's up. (requested by RomanSionis666)
|inactive|slimshaeed also wants the timer to be on.
|
|t:|1760838429
|teamsize|p1|6
|teamsize|p2|6
|start
|switch|p1a: Perrserker|Perrserker, M, shiny|100/100
|switch|p2a: Iron Treads|Iron Treads|100/100
|-enditem|p2a: Iron Treads|Booster Energy
|-activate|p2a: Iron Treads|ability: Quark Drive|[fromitem]
|-start|p2a: Iron Treads|quarkdrivespe
|turn|1
|
|t:|1760838438
|move|p1a: Perrserker|Fake Out|p2a: Iron Treads
|-resisted|p2a: Iron Treads
|-crit|p2a: Iron Treads
|-damage|p2a: Iron Treads|90/100
|cant|p2a: Iron Treads|flinch
|
|upkeep
|turn|2
|
|t:|1760838458
|move|p2a: Iron Treads|Stealth Rock|p1a: Perrserker
|-sidestart|p1: RomanSionis666|move: Stealth Rock
|move|p1a: Perrserker|U-turn|p2a: Iron Treads
|-resisted|p2a: Iron Treads
|-damage|p2a: Iron Treads|79/100
|
|t:|1760838476
|switch|p1a: Pyroar|Pyroar, M|100/100|[from] U-turn
|-damage|p1a: Pyroar|76/100|[from] Stealth Rock
|
|upkeep
|turn|3
|
|t:|1760838485
|move|p2a: Iron Treads|Zen Headbutt|p1a: Pyroar
|-damage|p1a: Pyroar|45/100
|cant|p1a: Pyroar|flinch
|
|upkeep
|turn|4
|
|t:|1760838493
|move|p2a: Iron Treads|Supercell Slam|p1a: Pyroar
|-damage|p1a: Pyroar|7/100
|move|p1a: Pyroar|Fire Blast|p2a: Iron Treads
|-supereffective|p2a: Iron Treads
|-damage|p2a: Iron Treads|0 fnt
|faint|p2a: Iron Treads
|-end|p2a: Iron Treads|Quark Drive|[silent]
|-ability|p1a: Pyroar|Moxie|boost
|-boost|p1a: Pyroar|atk|1
|
|upkeep
|
|t:|1760838501
|switch|p2a: Garganacl|Garganacl, F|100/100
|turn|5
|
|t:|1760838508
|move|p1a: Pyroar|Fire Blast|p2a: Garganacl
|-resisted|p2a: Garganacl
|-damage|p2a: Garganacl|65/100
|move|p2a: Garganacl|Salt Cure|p1a: Pyroar
|-supereffective|p1a: Pyroar
|-damage|p1a: Pyroar|0 fnt
|faint|p1a: Pyroar
|
|upkeep
|
|t:|1760838531
|switch|p1a: Umbreon|Umbreon, F, shiny|100/100
|-damage|p1a: Umbreon|88/100|[from] Stealth Rock
|turn|6
|
|t:|1760838541
|move|p1a: Umbreon|Protect|p1a: Umbreon
|-singleturn|p1a: Umbreon|Protect
|move|p2a: Garganacl|Salt Cure|p1a: Umbreon
|-activate|p1a: Umbreon|move: Protect
|
|-heal|p1a: Umbreon|94/100|[from] item: Leftovers
|upkeep
|turn|7
|
|t:|1760838550
|move|p1a: Umbreon|Wish|p1a: Umbreon
|move|p2a: Garganacl|Salt Cure|p1a: Umbreon
|-damage|p1a: Umbreon|80/100
|-start|p1a: Umbreon|Salt Cure
|
|-heal|p1a: Umbreon|87/100|[from] item: Leftovers
|-damage|p1a: Umbreon|74/100|[from] Salt Cure
|upkeep
|turn|8
|
|t:|1760838565
|switch|p1a: Meowscarada|Meowscarada, F, shiny|100/100
|-damage|p1a: Meowscarada|88/100|[from] Stealth Rock
|move|p2a: Garganacl|Curse|p2a: Garganacl
|-unboost|p2a: Garganacl|spe|1
|-boost|p2a: Garganacl|atk|1
|-boost|p2a: Garganacl|def|1
|
|-heal|p1a: Meowscarada|100/100|[from] move: Wish|[wisher] Umbreon
|upkeep
|turn|9
|
|t:|1760838579
|-terastallize|p1a: Meowscarada|Grass
|move|p1a: Meowscarada|Flower Trick|p2a: Garganacl
|-supereffective|p2a: Garganacl
|-crit|p2a: Garganacl
|-damage|p2a: Garganacl|0 fnt
|faint|p2a: Garganacl
|-damage|p1a: Meowscarada|91/100|[from] item: Life Orb
|
|upkeep
|
|t:|1760838587
|switch|p2a: Dragonite|Dragonite, F, shiny|100/100
|turn|10
|inactive|RomanSionis666 has 120 seconds left.
|
|t:|1760838620
|move|p1a: Meowscarada|U-turn|p2a: Dragonite
|-resisted|p2a: Dragonite
|-damage|p2a: Dragonite|93/100
|-damage|p1a: Meowscarada|81/100|[from] item: Life Orb
|inactive|RomanSionis666 has 120 seconds left.
|
|t:|1760838628
|switch|p1a: Umbreon|Umbreon, F, shiny|74/100|[from] U-turn
|-damage|p1a: Umbreon|62/100|[from] Stealth Rock
|move|p2a: Dragonite|Fire Punch|p1a: Umbreon
|-damage|p1a: Umbreon|37/100
|
|-heal|p2a: Dragonite|99/100|[from] item: Leftovers
|-heal|p1a: Umbreon|43/100|[from] item: Leftovers
|upkeep
|turn|11
|inactive|RomanSionis666 has 120 seconds left.
|
|t:|1760838647
|move|p2a: Dragonite|Ice Punch|p1a: Umbreon
|-damage|p1a: Umbreon|19/100
|move|p1a: Umbreon|Toxic|p2a: Dragonite
|-status|p2a: Dragonite|tox
|
|-heal|p2a: Dragonite|100/100 tox|[from] item: Leftovers
|-heal|p1a: Umbreon|25/100|[from] item: Leftovers
|-damage|p2a: Dragonite|94/100 tox|[from] psn
|upkeep
|turn|12
|inactive|RomanSionis666 has 120 seconds left.
|
|t:|1760838657
|move|p1a: Umbreon|Protect|p1a: Umbreon
|-singleturn|p1a: Umbreon|Protect
|move|p2a: Dragonite|Fire Punch|p1a: Umbreon
|-activate|p1a: Umbreon|move: Protect
|
|-heal|p2a: Dragonite|100/100 tox|[from] item: Leftovers
|-heal|p1a: Umbreon|31/100|[from] item: Leftovers
|-damage|p2a: Dragonite|88/100 tox|[from] psn
|upkeep
|turn|13
|inactive|RomanSionis666 has 120 seconds left.
|
|t:|1760838669
|move|p2a: Dragonite|Fire Punch|p1a: Umbreon
|-damage|p1a: Umbreon|9/100
|move|p1a: Umbreon|Wish|p1a: Umbreon
|
|-heal|p2a: Dragonite|94/100 tox|[from] item: Leftovers
|-heal|p1a: Umbreon|15/100|[from] item: Leftovers
|-damage|p2a: Dragonite|76/100 tox|[from] psn
|upkeep
|turn|14
|
|t:|1760838677
|move|p1a: Umbreon|Protect|p1a: Umbreon
|-singleturn|p1a: Umbreon|Protect
|move|p2a: Dragonite|Dragon Dance|p2a: Dragonite
|-boost|p2a: Dragonite|atk|1
|-boost|p2a: Dragonite|spe|1
|
|-heal|p1a: Umbreon|65/100|[from] move: Wish|[wisher] Umbreon
|-heal|p2a: Dragonite|82/100 tox|[from] item: Leftovers
|-heal|p1a: Umbreon|71/100|[from] item: Leftovers
|-damage|p2a: Dragonite|57/100 tox|[from] psn
|upkeep
|turn|15
|
|t:|1760838692
|move|p2a: Dragonite|Thunder Punch|p1a: Umbreon
|-damage|p1a: Umbreon|34/100
|move|p1a: Umbreon|Foul Play|p2a: Dragonite
|-damage|p2a: Dragonite|0 fnt
|faint|p2a: Dragonite
|
|-heal|p1a: Umbreon|40/100|[from] item: Leftovers
|upkeep
|
|t:|1760838699
|switch|p2a: Pelipper|Pelipper, F|100/100
|-weather|RainDance|[from] ability: Drizzle|[of] p2a: Pelipper
|turn|16
|
|t:|1760838710
|move|p2a: Pelipper|U-turn|p1a: Umbreon
|-supereffective|p1a: Umbreon
|-damage|p1a: Umbreon|25/100
|
|t:|1760838714
|switch|p2a: Manaphy|Manaphy, shiny|100/100|[from] U-turn
|move|p1a: Umbreon|Wish|p1a: Umbreon
|
|-weather|RainDance|[upkeep]
|-heal|p1a: Umbreon|31/100|[from] item: Leftovers
|upkeep
|turn|17
|
|t:|1760838723
|move|p2a: Manaphy|Tail Glow|p2a: Manaphy
|-boost|p2a: Manaphy|spa|3
|move|p1a: Umbreon|Toxic|p2a: Manaphy
|-status|p2a: Manaphy|tox
|
|-weather|RainDance|[upkeep]
|-heal|p1a: Umbreon|81/100|[from] move: Wish|[wisher] Umbreon
|-activate|p2a: Manaphy|ability: Hydration
|-curestatus|p2a: Manaphy|tox|[msg]
|-heal|p1a: Umbreon|87/100|[from] item: Leftovers
|upkeep
|turn|18
|
|t:|1760838738
|move|p2a: Manaphy|Ice Beam|p1a: Umbreon
|-damage|p1a: Umbreon|58/100
|move|p1a: Umbreon|Foul Play|p2a: Manaphy
|-damage|p2a: Manaphy|82/100
|
|-weather|RainDance|[upkeep]
|-heal|p1a: Umbreon|64/100|[from] item: Leftovers
|upkeep
|turn|19
|
|t:|1760838753
|move|p2a: Manaphy|Tail Glow|p2a: Manaphy
|-boost|p2a: Manaphy|spa|3
|move|p1a: Umbreon|Foul Play|p2a: Manaphy
|-damage|p2a: Manaphy|63/100
|
|-weather|RainDance|[upkeep]
|-heal|p1a: Umbreon|70/100|[from] item: Leftovers
|upkeep
|turn|20
|
|t:|1760838762
|-terastallize|p2a: Manaphy|Water
|move|p2a: Manaphy|Surf|p1a: Umbreon
|-damage|p1a: Umbreon|0 fnt
|faint|p1a: Umbreon
|
|-weather|RainDance|[upkeep]
|upkeep
|
|t:|1760838772
|switch|p1a: Meowscarada|Meowscarada, F, shiny, tera:Grass|81/100
|-damage|p1a: Meowscarada|68/100|[from] Stealth Rock
|turn|21
|
|t:|1760838776
|move|p1a: Meowscarada|Flower Trick|p2a: Manaphy
|-supereffective|p2a: Manaphy
|-crit|p2a: Manaphy
|-damage|p2a: Manaphy|0 fnt
|faint|p2a: Manaphy
|-damage|p1a: Meowscarada|59/100|[from] item: Life Orb
|
|-weather|RainDance|[upkeep]
|upkeep
|
|t:|1760838784
|switch|p2a: Barraskewda|Barraskewda, F, shiny|100/100
|turn|22
|
|t:|1760838788
|move|p2a: Barraskewda|Poison Jab|p1a: Meowscarada
|-supereffective|p1a: Meowscarada
|-damage|p1a: Meowscarada|0 fnt
|faint|p1a: Meowscarada
|
|-weather|RainDance|[upkeep]
|upkeep
|
|t:|1760838802
|switch|p1a: Persian|Persian, F, shiny|100/100
|-damage|p1a: Persian|88/100|[from] Stealth Rock
|turn|23
|
|t:|1760838808
|switch|p2a: Pelipper|Pelipper, F|100/100
|move|p1a: Persian|Fake Out|p2a: Pelipper
|-damage|p2a: Pelipper|65/100
|
|-weather|none
|upkeep
|turn|24
|
|t:|1760838818
|switch|p1a: Perrserker|Perrserker, M, shiny|100/100
|-damage|p1a: Perrserker|94/100|[from] Stealth Rock
|move|p2a: Pelipper|Roost|p2a: Pelipper
|-heal|p2a: Pelipper|100/100
|-singleturn|p2a: Pelipper|move: Roost
|
|upkeep
|turn|25
|
|t:|1760838833
|move|p1a: Perrserker|Fake Out|p2a: Pelipper
|-damage|p2a: Pelipper|79/100
|cant|p2a: Pelipper|flinch
|
|upkeep
|turn|26
|
|t:|1760838839
|move|p2a: Pelipper|U-turn|p1a: Perrserker
|-resisted|p1a: Perrserker
|-damage|p1a: Perrserker|90/100
|
|t:|1760838842
|switch|p2a: Barraskewda|Barraskewda, F, shiny|100/100|[from] U-turn
|move|p1a: Perrserker|Iron Head|p2a: Barraskewda
|-resisted|p2a: Barraskewda
|-damage|p2a: Barraskewda|51/100
|
|upkeep
|turn|27
|
|t:|1760838851
|switch|p2a: Pelipper|Pelipper, F|79/100
|-weather|RainDance|[from] ability: Drizzle|[of] p2a: Pelipper
|move|p1a: Perrserker|Throat Chop|p2a: Pelipper
|-damage|p2a: Pelipper|35/100
|-start|p2a: Pelipper|Throat Chop|[silent]
|
|-weather|RainDance|[upkeep]
|upkeep
|turn|28
|
|t:|1760838864
|move|p2a: Pelipper|Hurricane|p1a: Perrserker
|-resisted|p1a: Perrserker
|-damage|p1a: Perrserker|74/100
|-start|p1a: Perrserker|confusion
|-activate|p1a: Perrserker|confusion
|-damage|p1a: Perrserker|59/100|[from] confusion
|
|-weather|RainDance|[upkeep]
|-end|p2a: Pelipper|Throat Chop|[silent]
|upkeep
|turn|29
|
|t:|1760838872
|move|p2a: Pelipper|Roost|p2a: Pelipper
|-heal|p2a: Pelipper|86/100
|-singleturn|p2a: Pelipper|move: Roost
|-end|p1a: Perrserker|confusion
|move|p1a: Perrserker|Throat Chop|p2a: Pelipper
|-damage|p2a: Pelipper|42/100
|-start|p2a: Pelipper|Throat Chop|[silent]
|
|-weather|RainDance|[upkeep]
|upkeep
|turn|30
|
|t:|1760838882
|move|p2a: Pelipper|Tailwind|p2a: Pelipper
|-sidestart|p2: slimshaeed|move: Tailwind
|move|p1a: Perrserker|Throat Chop|p2a: Pelipper
|-damage|p2a: Pelipper|4/100
|
|-weather|RainDance|[upkeep]
|-end|p2a: Pelipper|Throat Chop|[silent]
|upkeep
|turn|31
|
|t:|1760838890
|move|p2a: Pelipper|Hurricane|p1a: Perrserker
|-resisted|p1a: Perrserker
|-damage|p1a: Perrserker|42/100
|-start|p1a: Perrserker|confusion
|-activate|p1a: Perrserker|confusion
|move|p1a: Perrserker|Throat Chop|p2a: Pelipper
|-damage|p2a: Pelipper|0 fnt
|faint|p2a: Pelipper
|
|-weather|RainDance|[upkeep]
|upkeep
|
|t:|1760838898
|switch|p2a: Barraskewda|Barraskewda, F, shiny|51/100
|turn|32
|
|t:|1760838907
|move|p2a: Barraskewda|Liquidation|p1a: Perrserker
|-damage|p1a: Perrserker|0 fnt
|faint|p1a: Perrserker
|
|-weather|RainDance|[upkeep]
|upkeep
|
|t:|1760838914
|switch|p1a: Persian|Persian, F, shiny|88/100
|-damage|p1a: Persian|76/100|[from] Stealth Rock
|turn|33
|
|t:|1760838923
|move|p2a: Barraskewda|Liquidation|p1a: Persian
|-damage|p1a: Persian|0 fnt
|faint|p1a: Persian
|
|-weather|RainDance|[upkeep]
|-sideend|p2: slimshaeed|move: Tailwind
|upkeep
|
|t:|1760838926
|switch|p1a: Incineroar|Incineroar, M|100/100
|-damage|p1a: Incineroar|76/100|[from] Stealth Rock
|-ability|p1a: Incineroar|Intimidate|boost
|-unboost|p2a: Barraskewda|atk|1
|turn|34
|
|t:|1760838937
|move|p2a: Barraskewda|Liquidation|p1a: Incineroar
|-supereffective|p1a: Incineroar
|-damage|p1a: Incineroar|0 fnt
|faint|p1a: Incineroar
|
|win|slimshaeed
|raw|RomanSionis666's rating: 1110 &rarr; <strong>1083</strong><br />(-27 for losing)
|raw|slimshaeed's rating: 1080 &rarr; <strong>1110</strong><br />(+30 for winning)
|l|☆RomanSionis666
|player|p1|
|c|☆slimshaeed|ggs
|l|☆slimshaeed
|player|p2|
