|j|☆YEAAAAAH
|j|☆proyan
|t:|1760766365
|gametype|singles
|player|p1|YEAAAAAH|burgh|1123
|player|p2|proyan|169|1100
|gen|9
|tier|[Gen 9] OU
|rated|
|rule|HP Percentage Mod: HP is shown in percentages
|rule|Endless Battle Clause: Forcing endless battles is banned
|rule|Species Clause: Limit one of each Pokémon
|rule|OHKO Clause: OHKO moves are banned
|rule|Evasion Items Clause: Evasion items are banned
|rule|Evasion Moves Clause: Evasion moves are banned
|rule|Evasion Abilities Clause: Evasion abilities are banned
|rule|Sleep Moves Clause: Sleep-inducing moves are banned
|clearpoke
|poke|p1|Malamar, F|
|poke|p1|Rillaboom, M|
|poke|p1|Chesnaught, M|
|poke|p1|Munkidori, M|
|poke|p1|Primarina, F|
|poke|p1|Thundurus-Therian, M|
|poke|p2|Greninja-*, M|
|poke|p2|Tyranitar, F|
|poke|p2|Gholdengo|
|poke|p2|Kleavor, M|
|poke|p2|Regidrago|
|poke|p2|Great Tusk|
|teampreview
|
|t:|1760766369
|teamsize|p1|6
|teamsize|p2|6
|start
|switch|p1a: Munkidori|Munkidori, M|100/100
|switch|p2a: Kleavor|Kleavor, M|100/100
|turn|1
|inactive|Battle timer is ON: inactive players will automatically lose when time's up. (requested by YEAAAAAH)
|
|t:|1760766389
|move|p1a: Munkidori|Fake Out|p2a: Kleavor
|-resisted|p2a: Kleavor
|-damage|p2a: Kleavor|97/100
|cant|p2a: Kleavor|flinch
|
|upkeep
|turn|2
|
|t:|1760766409
|switch|p1a: Thundurus|Thundurus-Therian, M, shiny|100/100
|move|p2a: Kleavor|Trailblaze|p1a: Thundurus
|-resisted|p1a: Thundurus
|-damage|p1a: Thundurus|85/100
|-boost|p2a: Kleavor|spe|1
|
|upkeep
|turn|3
|
|t:|1760766417
|move|p1a: Thundurus|Volt Switch|p2a: Kleavor
|-damage|p2a: Kleavor|39/100
|
|t:|1760766420
|switch|p1a: Rillaboom|Rillaboom, M, shiny|100/100|[from] Volt Switch
|-fieldstart|move: Grassy Terrain|[from] ability: Grassy Surge|[of] p1a: Rillaboom
|move|p2a: Kleavor|Trailblaze|p1a: Rillaboom
|-resisted|p1a: Rillaboom
|-damage|p1a: Rillaboom|87/100
|-boost|p2a: Kleavor|spe|1
|
|-heal|p2a: Kleavor|46/100|[from] Grassy Terrain
|-heal|p1a: Rillaboom|93/100|[from] Grassy Terrain
|upkeep
|turn|4
|
|t:|1760766433
|move|p2a: Kleavor|Stone Axe|p1a: Rillaboom
|-damage|p1a: Rillaboom|32/100
|-sidestart|p1: YEAAAAAH|move: Stealth Rock
|move|p1a: Rillaboom|Wood Hammer|p2a: Kleavor
|-damage|p2a: Kleavor|0 fnt
|faint|p2a: Kleavor
|-damage|p1a: Rillaboom|17/100|[from] Recoil
|
|-heal|p1a: Rillaboom|24/100|[from] Grassy Terrain
|upkeep
|
|t:|1760766446
|switch|p2a: Greninja|Greninja, M, shiny|100/100
|turn|5
|
|t:|1760766449
|move|p1a: Rillaboom|Grassy Glide|p2a: Greninja
|-supereffective|p2a: Greninja
|-enditem|p2a: Greninja|Focus Sash
|-damage|p2a: Greninja|1/100
|move|p2a: Greninja|Ice Beam|p1a: Rillaboom
|-start|p2a: Greninja|typechange|Ice|[from] ability: Protean
|-supereffective|p1a: Rillaboom
|-damage|p1a: Rillaboom|0 fnt
|faint|p1a: Rillaboom
|
|-heal|p2a: Greninja|7/100|[from] Grassy Terrain
|upkeep
|
|t:|1760766454
|switch|p1a: Chesnaught|Chesnaught, M, shiny|100/100
|-damage|p1a: Chesnaught|95/100|[from] Stealth Rock
|turn|6
|
|t:|1760766473
|move|p1a: Chesnaught|Grassy Glide|p2a: Greninja
|-damage|p2a: Greninja|0 fnt
|faint|p2a: Greninja
|
|-heal|p1a: Chesnaught|100/100|[from] Grassy Terrain
|upkeep
|l|☆proyan
|inactive|proyan disconnected and has a minute to reconnect!
|player|p2|
|inactive|proyan has 30 seconds to reconnect!
|j|☆proyan
|inactive|proyan reconnected and has 100 seconds left.
|player|p2|proyan|169|
|inactive|proyan has 90 seconds left.
|
|t:|1760766534
|switch|p2a: Tyranitar|Tyranitar, F, shiny|100/100
|-weather|Sandstorm|[from] ability: Sand Stream|[of] p2a: Tyranitar
|turn|7
|
|t:|1760766539
|move|p1a: Chesnaught|Belly Drum|p1a: Chesnaught
|-damage|p1a: Chesnaught|50/100
|-setboost|p1a: Chesnaught|atk|6|[from] move: Belly Drum
|-enditem|p1a: Chesnaught|Sitrus Berry|[eat]
|-heal|p1a: Chesnaught|75/100|[from] item: Sitrus Berry
|move|p2a: Tyranitar|Ice Punch|p1a: Chesnaught
|-supereffective|p1a: Chesnaught
|-damage|p1a: Chesnaught|26/100
|
|-weather|Sandstorm|[upkeep]
|-damage|p1a: Chesnaught|20/100|[from] Sandstorm
|-heal|p1a: Chesnaught|26/100|[from] Grassy Terrain
|-fieldend|move: Grassy Terrain
|upkeep
|turn|8
|inactive|proyan has 90 seconds left.
|
|t:|1760766555
|-terastallize|p2a: Tyranitar|Flying
|move|p1a: Chesnaught|Drain Punch|p2a: Tyranitar
|-resisted|p2a: Tyranitar
|-damage|p2a: Tyranitar|44/100
|-heal|p1a: Chesnaught|62/100|[from] drain|[of] p2a: Tyranitar
|move|p2a: Tyranitar|Ice Punch|p1a: Chesnaught
|-supereffective|p1a: Chesnaught
|-damage|p1a: Chesnaught|12/100
|
|-weather|Sandstorm|[upkeep]
|-damage|p1a: Chesnaught|6/100|[from] Sandstorm
|-damage|p2a: Tyranitar|38/100|[from] Sandstorm
|upkeep
|turn|9
|
|t:|1760766573
|switch|p2a: Gholdengo|Gholdengo|100/100
|move|p1a: Chesnaught|Drain Punch|p2a: Gholdengo
|-immune|p2a: Gholdengo
|
|-weather|Sandstorm|[upkeep]
|-damage|p1a: Chesnaught|0 fnt|[from] Sandstorm
|faint|p1a: Chesnaught
|upkeep
|
|t:|1760766578
|switch|p1a: Malamar|Malamar, F, shiny|100/100
|-damage|p1a: Malamar|88/100|[from] Stealth Rock
|turn|10
|
|t:|1760766588
|move|p2a: Gholdengo|Make It Rain|p1a: Malamar
|-damage|p1a: Malamar|0 fnt
|-unboost|p2a: Gholdengo|spa|1
|faint|p1a: Malamar
|
|-weather|Sandstorm|[upkeep]
|upkeep
|
|t:|1760766604
|switch|p1a: Munkidori|Munkidori, M|100/100
|-damage|p1a: Munkidori|88/100|[from] Stealth Rock
|turn|11
|
|t:|1760766610
|move|p1a: Munkidori|Psychic Noise|p2a: Gholdengo
|-resisted|p2a: Gholdengo
|-damage|p2a: Gholdengo|79/100
|-start|p2a: Gholdengo|move: Heal Block
|move|p2a: Gholdengo|Make It Rain|p1a: Munkidori
|-crit|p1a: Munkidori
|-damage|p1a: Munkidori|0 fnt
|-unboost|p2a: Gholdengo|spa|1
|faint|p1a: Munkidori
|
|-weather|none
|upkeep
|
|t:|1760766614
|switch|p1a: Thundurus|Thundurus-Therian, M, shiny|85/100
|-damage|p1a: Thundurus|60/100|[from] Stealth Rock
|turn|12
|
|t:|1760766626
|move|p1a: Thundurus|Thunderbolt|p2a: Gholdengo
|-damage|p2a: Gholdengo|10/100
|move|p2a: Gholdengo|Make It Rain|p1a: Thundurus
|-resisted|p1a: Thundurus
|-damage|p1a: Thundurus|30/100
|-unboost|p2a: Gholdengo|spa|1
|
|-end|p2a: Gholdengo|move: Heal Block
|upkeep
|turn|13
|
|t:|1760766640
|move|p1a: Thundurus|Thunderbolt|p2a: Gholdengo
|-damage|p2a: Gholdengo|0 fnt
|faint|p2a: Gholdengo
|
|upkeep
|
|t:|1760766648
|switch|p2a: Great Tusk|Great Tusk|100/100
|-enditem|p2a: Great Tusk|Booster Energy
|-activate|p2a: Great Tusk|ability: Protosynthesis|[fromitem]
|-start|p2a: Great Tusk|protosynthesisatk
|turn|14
|
|t:|1760766657
|move|p1a: Thundurus|Thunderbolt|p2a: Great Tusk
|-immune|p2a: Great Tusk
|move|p2a: Great Tusk|Ice Spinner|p1a: Thundurus
|-supereffective|p1a: Thundurus
|-damage|p1a: Thundurus|0 fnt
|faint|p1a: Thundurus
|
|upkeep
|
|t:|1760766662
|switch|p1a: Primarina|Primarina, F, shiny|100/100
|-damage|p1a: Primarina|88/100|[from] Stealth Rock
|turn|15
|
|t:|1760766673
|move|p2a: Great Tusk|Headlong Rush|p1a: Primarina
|-damage|p1a: Primarina|0 fnt
|-unboost|p2a: Great Tusk|def|1
|-unboost|p2a: Great Tusk|spd|1
|faint|p1a: Primarina
|
|win|proyan
|raw|YEAAAAAH's rating: 1123 &rarr; <strong>1096</strong><br />(-27 for losing)
|raw|proyan's rating: 1100 &rarr; <strong>1127</strong><br />(+27 for winning)
|l|☆YEAAAAAH
|player|p1|
|l|☆proyan
|player|p2|
