|j|☆PenguinMLSJ
|j|‽Lucid Coffee
|t:|1760722578
|gametype|singles
|player|p1|PenguinMLSJ|red-gen7|1566
|player|p2|Lucid Coffee|blue|1543
|gen|9
|tier|[Gen 9] OU
|rated|
|rule|HP Percentage Mod: HP is shown in percentages
|rule|Endless Battle Clause: Forcing endless battles is banned
|rule|Species Clause: Limit one of each Pokémon
|rule|OHKO Clause: OHKO moves are banned
|rule|Evasion Items Clause: Evasion items are banned
|rule|Evasion Moves Clause: Evasion moves are banned
|rule|Evasion Abilities Clause: Evasion abilities are banned
|rule|Sleep Moves Clause: Sleep-inducing moves are banned
|clearpoke
|poke|p1|Skeledirge, F|
|poke|p1|Garganacl, M|
|poke|p1|Kingambit, M|
|poke|p1|Clefable, F|
|poke|p1|Great Tusk|
|poke|p1|Iron Valiant|
|poke|p2|Kyurem|
|poke|p2|Landorus-Therian, M|
|poke|p2|Kingambit, M|
|poke|p2|Zamazenta-*|
|poke|p2|Great Tusk|
|poke|p2|Zapdos|
|teampreview
|inactive|Battle timer is ON: inactive players will automatically lose when time's up. (requested by PenguinMLSJ)
|
|t:|1760722606
|teamsize|p1|6
|teamsize|p2|6
|start
|switch|p1a: Great Tusk|Great Tusk|100/100
|switch|p2a: Great Tusk|Great Tusk|100/100
|turn|1
|
|t:|1760722624
|-end|p2a: Great Tusk|Protosynthesis|[silent]
|switch|p2a: Landorus|Landorus-Therian, M|100/100
|-ability|p2a: Landorus|Intimidate|boost
|-unboost|p1a: Great Tusk|atk|1
|move|p1a: Great Tusk|Earthquake|p2a: Landorus
|-immune|p2a: Landorus
|
|upkeep
|turn|2
|
|t:|1760722630
|move|p2a: Landorus|Stealth Rock|p1a: Great Tusk
|-sidestart|p1: PenguinMLSJ|move: Stealth Rock
|move|p1a: Great Tusk|Ice Spinner|p2a: Landorus
|-supereffective|p2a: Landorus
|-damage|p2a: Landorus|44/100
|-damage|p1a: Great Tusk|84/100|[from] item: Rocky Helmet|[of] p2a: Landorus
|
|upkeep
|turn|3
|
|t:|1760722635
|move|p2a: Landorus|Earth Power|p1a: Great Tusk
|-damage|p1a: Great Tusk|39/100
|move|p1a: Great Tusk|Rapid Spin|p2a: Landorus
|-damage|p2a: Landorus|34/100
|-boost|p1a: Great Tusk|spe|1
|-damage|p1a: Great Tusk|23/100|[from] item: Rocky Helmet|[of] p2a: Landorus
|-sideend|p1: PenguinMLSJ|Stealth Rock|[from] move: Rapid Spin|[of] p1a: Great Tusk
|
|upkeep
|turn|4
|
|t:|1760722644
|switch|p2a: Kingambit|Kingambit, M|100/100
|move|p1a: Great Tusk|Ice Spinner|p2a: Kingambit
|-resisted|p2a: Kingambit
|-damage|p2a: Kingambit|95/100
|
|-heal|p2a: Kingambit|100/100|[from] item: Leftovers
|upkeep
|turn|5
|
|t:|1760722655
|-end|p2a: Kingambit|fallenundefined|[silent]
|switch|p2a: Landorus|Landorus-Therian, M|34/100
|-ability|p2a: Landorus|Intimidate|boost
|-unboost|p1a: Great Tusk|atk|1
|move|p1a: Great Tusk|Body Press|p2a: Landorus
|-resisted|p2a: Landorus
|-damage|p2a: Landorus|10/100
|-damage|p1a: Great Tusk|7/100|[from] item: Rocky Helmet|[of] p2a: Landorus
|
|upkeep
|turn|6
|
|t:|1760722664
|move|p1a: Great Tusk|Body Press|p2a: Landorus
|-resisted|p2a: Landorus
|-damage|p2a: Landorus|0 fnt
|-damage|p1a: Great Tusk|0 fnt|[from] item: Rocky Helmet|[of] p2a: Landorus
|faint|p2a: Landorus
|faint|p1a: Great Tusk
|-end|p1a: Great Tusk|Protosynthesis|[silent]
|
|upkeep
|
|t:|1760722680
|switch|p2a: Zapdos|Zapdos|100/100
|switch|p1a: Kingambit|Kingambit, M|100/100
|-activate|p1a: Kingambit|ability: Supreme Overlord
|-start|p1a: Kingambit|fallen1|[silent]
|turn|7
|
|t:|1760722687
|move|p2a: Zapdos|Heat Wave|p1a: Kingambit
|-supereffective|p1a: Kingambit
|-damage|p1a: Kingambit|35/100
|-status|p1a: Kingambit|brn
|move|p1a: Kingambit|Kowtow Cleave|p2a: Zapdos
|-damage|p2a: Zapdos|64/100
|
|-heal|p1a: Kingambit|41/100 brn|[from] item: Leftovers
|-damage|p1a: Kingambit|35/100 brn|[from] brn
|upkeep
|turn|8
|
|t:|1760722695
|-end|p1a: Kingambit|fallen1|[silent]
|switch|p1a: Clefable|Clefable, F|100/100
|move|p2a: Zapdos|Volt Switch|p1a: Clefable
|-damage|p1a: Clefable|75/100
|
|t:|1760722703
|switch|p2a: Kingambit|Kingambit, M|100/100|[from] Volt Switch
|-activate|p2a: Kingambit|ability: Supreme Overlord
|-start|p2a: Kingambit|fallen1|[silent]
|
|upkeep
|turn|9
|
|t:|1760722708
|switch|p1a: Kingambit|Kingambit, M|35/100 brn
|-activate|p1a: Kingambit|ability: Supreme Overlord
|-start|p1a: Kingambit|fallen1|[silent]
|move|p2a: Kingambit|Iron Head|p1a: Kingambit
|-resisted|p1a: Kingambit
|-damage|p1a: Kingambit|17/100 brn
|
|-heal|p1a: Kingambit|24/100 brn|[from] item: Leftovers
|-damage|p1a: Kingambit|17/100 brn|[from] brn
|upkeep
|turn|10
|
|t:|1760722719
|move|p1a: Kingambit|Swords Dance|p1a: Kingambit
|-boost|p1a: Kingambit|atk|2
|move|p2a: Kingambit|Iron Head|p1a: Kingambit
|-resisted|p1a: Kingambit
|-damage|p1a: Kingambit|0 fnt
|faint|p1a: Kingambit
|-end|p1a: Kingambit|fallen1|[silent]
|
|upkeep
|
|t:|1760722727
|switch|p1a: Iron Valiant|Iron Valiant|100/100
|turn|11
|
|t:|1760722738
|-end|p1a: Iron Valiant|Quark Drive|[silent]
|switch|p1a: Skeledirge|Skeledirge, F|100/100
|-terastallize|p2a: Kingambit|Fire
|move|p2a: Kingambit|Iron Head|p1a: Skeledirge
|-resisted|p1a: Skeledirge
|-damage|p1a: Skeledirge|85/100
|
|upkeep
|turn|12
|
|t:|1760722757
|switch|p1a: Clefable|Clefable, F|75/100
|move|p2a: Kingambit|Kowtow Cleave|p1a: Clefable
|-resisted|p1a: Clefable
|-damage|p1a: Clefable|46/100
|
|upkeep
|turn|13
|
|t:|1760722761
|move|p1a: Clefable|Trick|p2a: Kingambit
|-activate|p1a: Clefable|move: Trick|[of] p2a: Kingambit
|-item|p2a: Kingambit|Sticky Barb|[from] move: Trick
|-item|p1a: Clefable|Leftovers|[from] move: Trick
|move|p2a: Kingambit|Iron Head|p1a: Clefable
|-supereffective|p1a: Clefable
|-crit|p1a: Clefable
|-damage|p1a: Clefable|0 fnt
|faint|p1a: Clefable
|
|-damage|p2a: Kingambit|88/100|[from] item: Sticky Barb
|upkeep
|
|t:|1760722767
|switch|p1a: Garganacl|Garganacl, M|100/100
|turn|14
|
|t:|1760722779
|-end|p2a: Kingambit|fallen1|[silent]
|switch|p2a: Zamazenta|Zamazenta|100/100
|-ability|p2a: Zamazenta|Dauntless Shield|boost
|-boost|p2a: Zamazenta|def|1
|-terastallize|p1a: Garganacl|Water
|move|p1a: Garganacl|Block|p2a: Zamazenta
|-activate|p2a: Zamazenta|trapped
|
|upkeep
|turn|15
|
|t:|1760722789
|move|p2a: Zamazenta|Close Combat|p1a: Garganacl
|-damage|p1a: Garganacl|44/100
|-unboost|p2a: Zamazenta|def|1
|-unboost|p2a: Zamazenta|spd|1
|-damage|p2a: Zamazenta|91/100|[from] item: Life Orb
|move|p1a: Garganacl|Curse|p1a: Garganacl
|-unboost|p1a: Garganacl|spe|1
|-boost|p1a: Garganacl|atk|1
|-boost|p1a: Garganacl|def|1
|
|-heal|p1a: Garganacl|50/100|[from] item: Leftovers
|upkeep
|turn|16
|
|t:|1760722794
|move|p2a: Zamazenta|Close Combat|p1a: Garganacl
|-damage|p1a: Garganacl|11/100
|-unboost|p2a: Zamazenta|def|1
|-unboost|p2a: Zamazenta|spd|1
|-damage|p2a: Zamazenta|81/100|[from] item: Life Orb
|move|p1a: Garganacl|Recover|p1a: Garganacl
|-heal|p1a: Garganacl|61/100
|
|-heal|p1a: Garganacl|67/100|[from] item: Leftovers
|upkeep
|turn|17
|
|t:|1760722798
|move|p2a: Zamazenta|Close Combat|p1a: Garganacl
|-damage|p1a: Garganacl|28/100
|-unboost|p2a: Zamazenta|def|1
|-unboost|p2a: Zamazenta|spd|1
|-damage|p2a: Zamazenta|71/100|[from] item: Life Orb
|move|p1a: Garganacl|Recover|p1a: Garganacl
|-heal|p1a: Garganacl|78/100
|
|-heal|p1a: Garganacl|84/100|[from] item: Leftovers
|upkeep
|turn|18
|
|t:|1760722801
|move|p2a: Zamazenta|Close Combat|p1a: Garganacl
|-damage|p1a: Garganacl|45/100
|-unboost|p2a: Zamazenta|def|1
|-unboost|p2a: Zamazenta|spd|1
|-damage|p2a: Zamazenta|61/100|[from] item: Life Orb
|move|p1a: Garganacl|Curse|p1a: Garganacl
|-unboost|p1a: Garganacl|spe|1
|-boost|p1a: Garganacl|atk|1
|-boost|p1a: Garganacl|def|1
|
|-heal|p1a: Garganacl|51/100|[from] item: Leftovers
|upkeep
|turn|19
|
|t:|1760722805
|move|p2a: Zamazenta|Close Combat|p1a: Garganacl
|-damage|p1a: Garganacl|24/100
|-unboost|p2a: Zamazenta|def|1
|-unboost|p2a: Zamazenta|spd|1
|-damage|p2a: Zamazenta|51/100|[from] item: Life Orb
|move|p1a: Garganacl|Recover|p1a: Garganacl
|-heal|p1a: Garganacl|74/100
|
|-heal|p1a: Garganacl|81/100|[from] item: Leftovers
|upkeep
|turn|20
|
|t:|1760722808
|move|p2a: Zamazenta|Close Combat|p1a: Garganacl
|-damage|p1a: Garganacl|54/100
|-unboost|p2a: Zamazenta|def|1
|-unboost|p2a: Zamazenta|spd|1
|-damage|p2a: Zamazenta|41/100|[from] item: Life Orb
|move|p1a: Garganacl|Curse|p1a: Garganacl
|-unboost|p1a: Garganacl|spe|1
|-boost|p1a: Garganacl|atk|1
|-boost|p1a: Garganacl|def|1
|
|-heal|p1a: Garganacl|60/100|[from] item: Leftovers
|upkeep
|turn|21
|
|t:|1760722811
|move|p2a: Zamazenta|Close Combat|p1a: Garganacl
|-damage|p1a: Garganacl|38/100
|-unboost|p2a: Zamazenta|def|1
|-damage|p2a: Zamazenta|32/100|[from] item: Life Orb
|move|p1a: Garganacl|Recover|p1a: Garganacl
|-heal|p1a: Garganacl|88/100
|
|-heal|p1a: Garganacl|95/100|[from] item: Leftovers
|upkeep
|turn|22
|
|t:|1760722815
|move|p2a: Zamazenta|Close Combat|p1a: Garganacl
|-damage|p1a: Garganacl|72/100
|-damage|p2a: Zamazenta|22/100|[from] item: Life Orb
|move|p1a: Garganacl|Curse|p1a: Garganacl
|-unboost|p1a: Garganacl|spe|1
|-boost|p1a: Garganacl|atk|1
|-boost|p1a: Garganacl|def|1
|
|-heal|p1a: Garganacl|78/100|[from] item: Leftovers
|upkeep
|turn|23
|
|t:|1760722821
|move|p2a: Zamazenta|Ice Fang|p1a: Garganacl
|-resisted|p1a: Garganacl
|-damage|p1a: Garganacl|75/100
|-damage|p2a: Zamazenta|12/100|[from] item: Life Orb
|move|p1a: Garganacl|Recover|p1a: Garganacl
|-heal|p1a: Garganacl|100/100
|
|upkeep
|turn|24
|
|t:|1760722826
|move|p2a: Zamazenta|Ice Fang|p1a: Garganacl
|-resisted|p1a: Garganacl
|-damage|p1a: Garganacl|97/100
|-damage|p2a: Zamazenta|2/100|[from] item: Life Orb
|move|p1a: Garganacl|Curse|p1a: Garganacl
|-unboost|p1a: Garganacl|spe|1
|-boost|p1a: Garganacl|atk|1
|-boost|p1a: Garganacl|def|1
|
|-heal|p1a: Garganacl|100/100|[from] item: Leftovers
|upkeep
|turn|25
|
|t:|1760722829
|move|p2a: Zamazenta|Ice Fang|p1a: Garganacl
|-resisted|p1a: Garganacl
|-damage|p1a: Garganacl|97/100
|-damage|p2a: Zamazenta|0 fnt|[from] item: Life Orb
|faint|p2a: Zamazenta
|cant|p1a: Garganacl|flinch
|
|-heal|p1a: Garganacl|100/100|[from] item: Leftovers
|upkeep
|
|t:|1760722840
|switch|p2a: Zapdos|Zapdos|64/100
|turn|26
|
|t:|1760722843
|move|p2a: Zapdos|Volt Switch|p1a: Garganacl
|-supereffective|p1a: Garganacl
|-damage|p1a: Garganacl|53/100
|
|t:|1760722854
|switch|p2a: Kyurem|Kyurem|100/100|[from] Volt Switch
|-ability|p2a: Kyurem|Pressure
|move|p1a: Garganacl|Salt Cure|p2a: Kyurem
|-supereffective|p2a: Kyurem
|-damage|p2a: Kyurem|20/100
|-start|p2a: Kyurem|Salt Cure
|
|-heal|p1a: Garganacl|59/100|[from] item: Leftovers
|-damage|p2a: Kyurem|7/100|[from] Salt Cure
|upkeep
|turn|27
|c|☆PenguinMLSJ|damn
|
|t:|1760722883
|move|p2a: Kyurem|Freeze-Dry|p1a: Garganacl
|-supereffective|p1a: Garganacl
|-damage|p1a: Garganacl|8/100
|move|p1a: Garganacl|Recover|p1a: Garganacl
|-heal|p1a: Garganacl|59/100
|
|-heal|p1a: Garganacl|65/100|[from] item: Leftovers
|-damage|p2a: Kyurem|0 fnt|[from] Salt Cure
|faint|p2a: Kyurem
|upkeep
|c|☆PenguinMLSJ|thank god
|
|t:|1760722890
|switch|p2a: Zapdos|Zapdos|64/100
|turn|28
|
|t:|1760722894
|move|p2a: Zapdos|Hurricane|p1a: Garganacl|[miss]
|-miss|p2a: Zapdos|p1a: Garganacl
|move|p1a: Garganacl|Recover|p1a: Garganacl
|-heal|p1a: Garganacl|100/100
|
|upkeep
|turn|29
|
|t:|1760722897
|move|p2a: Zapdos|Hurricane|p1a: Garganacl
|-damage|p1a: Garganacl|62/100
|move|p1a: Garganacl|Salt Cure|p2a: Zapdos
|-supereffective|p2a: Zapdos
|-damage|p2a: Zapdos|0 fnt
|faint|p2a: Zapdos
|
|-heal|p1a: Garganacl|68/100|[from] item: Leftovers
|upkeep
|
|t:|1760722907
|switch|p2a: Great Tusk|Great Tusk|100/100
|turn|30
|
|t:|1760722914
|move|p2a: Great Tusk|Headlong Rush|p1a: Garganacl
|-damage|p1a: Garganacl|55/100
|-unboost|p2a: Great Tusk|def|1
|-unboost|p2a: Great Tusk|spd|1
|move|p1a: Garganacl|Recover|p1a: Garganacl
|-heal|p1a: Garganacl|100/100
|
|upkeep
|turn|31
|
|t:|1760722920
|move|p2a: Great Tusk|Headlong Rush|p1a: Garganacl
|-damage|p1a: Garganacl|87/100
|-unboost|p2a: Great Tusk|def|1
|-unboost|p2a: Great Tusk|spd|1
|move|p1a: Garganacl|Salt Cure|p2a: Great Tusk
|-resisted|p2a: Great Tusk
|-damage|p2a: Great Tusk|84/100
|-start|p2a: Great Tusk|Salt Cure
|
|-heal|p1a: Garganacl|93/100|[from] item: Leftovers
|-damage|p2a: Great Tusk|72/100|[from] Salt Cure
|upkeep
|turn|32
|
|t:|1760722925
|move|p2a: Great Tusk|Headlong Rush|p1a: Garganacl
|-damage|p1a: Garganacl|81/100
|-unboost|p2a: Great Tusk|def|1
|-unboost|p2a: Great Tusk|spd|1
|move|p1a: Garganacl|Salt Cure|p2a: Great Tusk
|-resisted|p2a: Great Tusk
|-damage|p2a: Great Tusk|49/100
|
|-heal|p1a: Garganacl|87/100|[from] item: Leftovers
|-damage|p2a: Great Tusk|36/100|[from] Salt Cure
|upkeep
|turn|33
|
|t:|1760722929
|move|p2a: Great Tusk|Headlong Rush|p1a: Garganacl
|-damage|p1a: Garganacl|74/100
|-unboost|p2a: Great Tusk|def|1
|-unboost|p2a: Great Tusk|spd|1
|move|p1a: Garganacl|Salt Cure|p2a: Great Tusk
|-resisted|p2a: Great Tusk
|-damage|p2a: Great Tusk|9/100
|
|-heal|p1a: Garganacl|81/100|[from] item: Leftovers
|-damage|p2a: Great Tusk|0 fnt|[from] Salt Cure
|faint|p2a: Great Tusk
|-end|p2a: Great Tusk|Protosynthesis|[silent]
|upkeep
|
|t:|1760722933
|switch|p2a: Kingambit|Kingambit, M, tera:Fire|88/100
|-activate|p2a: Kingambit|ability: Supreme Overlord
|-start|p2a: Kingambit|fallen5|[silent]
|turn|34
|
|t:|1760722942
|move|p2a: Kingambit|Swords Dance|p2a: Kingambit
|-boost|p2a: Kingambit|atk|2
|move|p1a: Garganacl|Salt Cure|p2a: Kingambit
|-supereffective|p2a: Kingambit
|-damage|p2a: Kingambit|18/100
|-start|p2a: Kingambit|Salt Cure
|
|-heal|p1a: Garganacl|87/100|[from] item: Leftovers
|-damage|p2a: Kingambit|6/100|[from] Salt Cure
|-damage|p2a: Kingambit|0 fnt|[from] item: Sticky Barb
|faint|p2a: Kingambit
|-end|p2a: Kingambit|fallen5|[silent]
|
|win|PenguinMLSJ
|raw|PenguinMLSJ's rating: 1566 &rarr; <strong>1585</strong><br />(+19 for winning)
|raw|Lucid Coffee's rating: 1543 &rarr; <strong>1524</strong><br />(-19 for losing)
|c|☆PenguinMLSJ|ggs
|l|☆PenguinMLSJ
|player|p1|
|l|‽Lucid Coffee
|player|p2|
