|j|☆clwwhgsgs
|j|☆Snipzzley
|t:|1760756377
|gametype|singles
|player|p1|clwwhgsgs|1|1078
|player|p2|Snipzzley|266|1061
|gen|9
|tier|[Gen 9] OU
|rated|
|rule|HP Percentage Mod: HP is shown in percentages
|rule|Endless Battle Clause: Forcing endless battles is banned
|rule|Species Clause: Limit one of each Pokémon
|rule|OHKO Clause: OHKO moves are banned
|rule|Evasion Items Clause: Evasion items are banned
|rule|Evasion Moves Clause: Evasion moves are banned
|rule|Evasion Abilities Clause: Evasion abilities are banned
|rule|Sleep Moves Clause: Sleep-inducing moves are banned
|clearpoke
|poke|p1|Azumarill, F|
|poke|p1|Mew|
|poke|p1|Weezing-Galar, M|
|poke|p1|Incineroar, M|
|poke|p1|Forretress, F|
|poke|p1|Clefable, M|
|poke|p2|Umbreon, M|
|poke|p2|Volcanion|
|poke|p2|Haxorus, M|
|poke|p2|Dragapult, M|
|poke|p2|Raikou|
|poke|p2|Ursaring, M|
|teampreview
|inactive|Battle timer is ON: inactive players will automatically lose when time's up. (requested by clwwhgsgs)
|inactive|Snipzzley also wants the timer to be on.
|
|t:|1760756385
|teamsize|p1|6
|teamsize|p2|6
|start
|switch|p1a: Forretress|Forretress, F|100/100
|switch|p2a: Volcanion|Volcanion|100/100
|turn|1
|
|t:|1760756392
|move|p2a: Volcanion|Flamethrower|p1a: Forretress
|-supereffective|p1a: Forretress
|-ability|p1a: Forretress|Sturdy
|-damage|p1a: Forretress|1/100
|move|p1a: Forretress|Stealth Rock|p2a: Volcanion
|-sidestart|p2: Snipzzley|move: Stealth Rock
|
|upkeep
|turn|2
|
|t:|1760756406
|move|p2a: Volcanion|Steam Eruption|p1a: Forretress|[miss]
|-miss|p2a: Volcanion|p1a: Forretress
|move|p1a: Forretress|Toxic Spikes|p2a: Volcanion
|-sidestart|p2: Snipzzley|move: Toxic Spikes
|
|upkeep
|turn|3
|
|t:|1760756411
|move|p2a: Volcanion|Flamethrower|p1a: Forretress
|-supereffective|p1a: Forretress
|-damage|p1a: Forretress|0 fnt
|faint|p1a: Forretress
|
|upkeep
|
|t:|1760756416
|switch|p1a: Incineroar|Incineroar, M|100/100
|-ability|p1a: Incineroar|Intimidate|boost
|-unboost|p2a: Volcanion|atk|1
|turn|4
|
|t:|1760756427
|move|p1a: Incineroar|Parting Shot|p2a: Volcanion
|-unboost|p2a: Volcanion|atk|1
|-unboost|p2a: Volcanion|spa|1
|
|t:|1760756430
|switch|p1a: Clefable|Clefable, M|100/100|[from] Parting Shot
|move|p2a: Volcanion|Steam Eruption|p1a: Clefable
|-damage|p1a: Clefable|78/100
|
|upkeep
|turn|5
|
|t:|1760756448
|switch|p2a: Ursaring|Ursaring, M|100/100
|-damage|p2a: Ursaring|88/100|[from] Stealth Rock
|-status|p2a: Ursaring|psn
|move|p1a: Clefable|Charge Beam|p2a: Ursaring
|-damage|p2a: Ursaring|76/100 psn
|
|-damage|p2a: Ursaring|64/100 psn|[from] psn
|upkeep
|turn|6
|
|t:|1760756464
|switch|p1a: Incineroar|Incineroar, M|100/100
|-ability|p1a: Incineroar|Intimidate|boost
|-unboost|p2a: Ursaring|atk|1
|move|p2a: Ursaring|Facade|p1a: Incineroar
|-damage|p1a: Incineroar|31/100
|
|-damage|p2a: Ursaring|51/100 psn|[from] psn
|upkeep
|turn|7
|
|t:|1760756476
|move|p1a: Incineroar|Darkest Lariat|p2a: Ursaring
|-damage|p2a: Ursaring|23/100 psn
|move|p2a: Ursaring|Facade|p1a: Incineroar
|-damage|p1a: Incineroar|0 fnt
|faint|p1a: Incineroar
|
|-damage|p2a: Ursaring|11/100 psn|[from] psn
|upkeep
|
|t:|1760756485
|switch|p1a: Azumarill|Azumarill, F|100/100
|turn|8
|
|t:|1760756490
|move|p1a: Azumarill|Aqua Jet|p2a: Ursaring
|-damage|p2a: Ursaring|0 fnt
|faint|p2a: Ursaring
|
|upkeep
|
|t:|1760756493
|switch|p2a: Raikou|Raikou, shiny|100/100
|-damage|p2a: Raikou|88/100|[from] Stealth Rock
|-status|p2a: Raikou|psn
|turn|9
|
|t:|1760756502
|move|p2a: Raikou|Thunderbolt|p1a: Azumarill
|-supereffective|p1a: Azumarill
|-damage|p1a: Azumarill|0 fnt
|faint|p1a: Azumarill
|
|-damage|p2a: Raikou|76/100 psn|[from] psn
|upkeep
|
|t:|1760756509
|switch|p1a: Clefable|Clefable, M|78/100
|turn|10
|
|t:|1760756515
|move|p2a: Raikou|Thunderbolt|p1a: Clefable
|-damage|p1a: Clefable|50/100
|move|p1a: Clefable|Moonblast|p2a: Raikou
|-damage|p2a: Raikou|44/100 psn
|
|-damage|p2a: Raikou|31/100 psn|[from] psn
|upkeep
|turn|11
|
|t:|1760756523
|move|p2a: Raikou|Scald|p1a: Clefable
|-damage|p1a: Clefable|34/100
|move|p1a: Clefable|Moonblast|p2a: Raikou
|-damage|p2a: Raikou|2/100 psn
|-unboost|p2a: Raikou|spa|1
|
|-damage|p2a: Raikou|0 fnt|[from] psn
|faint|p2a: Raikou
|upkeep
|
|t:|1760756534
|switch|p2a: Volcanion|Volcanion|100/100
|-damage|p2a: Volcanion|76/100|[from] Stealth Rock
|-status|p2a: Volcanion|psn
|turn|12
|
|t:|1760756540
|-terastallize|p2a: Volcanion|Poison
|move|p2a: Volcanion|Sludge Bomb|p1a: Clefable
|-supereffective|p1a: Clefable
|-damage|p1a: Clefable|0 fnt
|faint|p1a: Clefable
|
|-damage|p2a: Volcanion|63/100 psn|[from] psn
|upkeep
|
|t:|1760756549
|switch|p1a: Mew|Mew, shiny|100/100
|turn|13
|
|t:|1760756555
|switch|p2a: Umbreon|Umbreon, M, shiny|100/100
|-damage|p2a: Umbreon|88/100|[from] Stealth Rock
|-status|p2a: Umbreon|psn
|move|p1a: Mew|Calm Mind|p1a: Mew
|-boost|p1a: Mew|spa|1
|-boost|p1a: Mew|spd|1
|
|-heal|p2a: Umbreon|94/100 psn|[from] item: Leftovers
|-damage|p2a: Umbreon|82/100 psn|[from] psn
|upkeep
|turn|14
|
|t:|1760756567
|-terastallize|p1a: Mew|Steel
|move|p1a: Mew|Iron Defense|p1a: Mew
|-boost|p1a: Mew|def|2
|move|p2a: Umbreon|Toxic|p1a: Mew
|-immune|p1a: Mew
|
|-heal|p2a: Umbreon|88/100 psn|[from] item: Leftovers
|-damage|p2a: Umbreon|75/100 psn|[from] psn
|upkeep
|turn|15
|
|t:|1760756579
|switch|p2a: Volcanion|Volcanion, tera:Poison|63/100 psn
|-damage|p2a: Volcanion|51/100 psn|[from] Stealth Rock
|-sideend|p2: Snipzzley|move: Toxic Spikes|[of] p2a: Volcanion
|move|p1a: Mew|Calm Mind|p1a: Mew
|-boost|p1a: Mew|spa|1
|-boost|p1a: Mew|spd|1
|
|-damage|p2a: Volcanion|39/100 psn|[from] psn
|upkeep
|turn|16
|
|t:|1760756589
|move|p1a: Mew|Stored Power|p2a: Volcanion
|-supereffective|p2a: Volcanion
|-damage|p2a: Volcanion|0 fnt
|faint|p2a: Volcanion
|
|upkeep
|
|t:|1760756592
|switch|p2a: Dragapult|Dragapult, M, shiny|100/100
|-damage|p2a: Dragapult|88/100|[from] Stealth Rock
|turn|17
|
|t:|1760756598
|move|p2a: Dragapult|Hex|p1a: Mew
|-damage|p1a: Mew|92/100
|move|p1a: Mew|Draining Kiss|p2a: Dragapult
|-supereffective|p2a: Dragapult
|-damage|p2a: Dragapult|22/100
|-heal|p1a: Mew|100/100|[from] drain|[of] p2a: Dragapult
|
|upkeep
|turn|18
|-message|Snipzzley forfeited.
|
|win|clwwhgsgs
|raw|clwwhgsgs's rating: 1078 &rarr; <strong>1105</strong><br />(+27 for winning)
|raw|Snipzzley's rating: 1061 &rarr; <strong>1043</strong><br />(-18 for losing)
|l|☆Snipzzley
|player|p2|
