|j|☆76rjkghdf
|j|☆stoopley
|t:|1760815170
|gametype|singles
|player|p1|76rjkghdf|170|1117
|player|p2|stoopley|lucas|1089
|gen|9
|tier|[Gen 9] OU
|rated|
|rule|HP Percentage Mod: HP is shown in percentages
|rule|Endless Battle Clause: Forcing endless battles is banned
|rule|Species Clause: Limit one of each Pokémon
|rule|OHKO Clause: OHKO moves are banned
|rule|Evasion Items Clause: Evasion items are banned
|rule|Evasion Moves Clause: Evasion moves are banned
|rule|Evasion Abilities Clause: Evasion abilities are banned
|rule|Sleep Moves Clause: Sleep-inducing moves are banned
|clearpoke
|poke|p1|Yanmega, M|
|poke|p1|Walking Wake|
|poke|p1|Infernape, M|
|poke|p1|Weezing-Galar, M|
|poke|p1|Goodra-Hisui, F|
|poke|p1|Iron Thorns|
|poke|p2|Kleavor, M|
|poke|p2|Hatterene, F|
|poke|p2|Phione|
|poke|p2|Samurott-Hisui, M|
|poke|p2|Polteageist|
|poke|p2|Deoxys-Defense|
|teampreview
|inactive|Battle timer is ON: inactive players will automatically lose when time's up. (requested by stoopley)
|
|t:|1760815177
|teamsize|p1|6
|teamsize|p2|6
|start
|switch|p1a: Infernape|Infernape, M|100/100
|switch|p2a: Cuppa|Polteageist, shiny|100/100
|turn|1
|
|t:|1760815185
|move|p1a: Infernape|Fire Punch|p2a: Cuppa
|-damage|p2a: Cuppa|15/100
|-start|p1a: Infernape|Disable|Fire Punch|[from] ability: Cursed Body|[of] p2a: Cuppa
|move|p2a: Cuppa|Shell Smash|p2a: Cuppa
|-unboost|p2a: Cuppa|def|1
|-unboost|p2a: Cuppa|spd|1
|-boost|p2a: Cuppa|atk|2
|-boost|p2a: Cuppa|spa|2
|-boost|p2a: Cuppa|spe|2
|-enditem|p2a: Cuppa|White Herb
|-clearnegativeboost|p2a: Cuppa|[silent]
|
|upkeep
|turn|2
|
|t:|1760815198
|switch|p1a: Goodra|Goodra-Hisui, F, shiny|100/100
|move|p2a: Cuppa|Hex|p1a: Goodra
|-damage|p1a: Goodra|72/100
|
|upkeep
|turn|3
|
|t:|1760815215
|move|p2a: Cuppa|Will-O-Wisp|p1a: Goodra
|-status|p1a: Goodra|brn
|move|p1a: Goodra|Dragon Tail|p2a: Cuppa
|-damage|p2a: Cuppa|0 fnt
|faint|p2a: Cuppa
|
|-damage|p1a: Goodra|66/100 brn|[from] brn
|upkeep
|
|t:|1760815228
|switch|p2a: Yellow wall|Deoxys-Defense, shiny|100/100
|-ability|p2a: Yellow wall|Pressure
|turn|4
|
|t:|1760815239
|switch|p2a: :3|Hatterene, F, shiny|100/100
|move|p1a: Goodra|Knock Off|p2a: :3
|-damage|p2a: :3|81/100
|-enditem|p2a: :3|Leftovers|[from] move: Knock Off|[of] p1a: Goodra
|
|-damage|p1a: Goodra|60/100 brn|[from] brn
|upkeep
|turn|5
|
|t:|1760815255
|-terastallize|p2a: :3|Steel
|move|p2a: :3|Agility|p2a: :3
|-boost|p2a: :3|spe|2
|move|p1a: Goodra|Iron Head|p2a: :3
|-resisted|p2a: :3
|-damage|p2a: :3|68/100
|
|-damage|p1a: Goodra|54/100 brn|[from] brn
|upkeep
|turn|6
|
|t:|1760815267
|move|p2a: :3|Draining Kiss|p1a: Goodra
|-damage|p1a: Goodra|41/100 brn
|-heal|p2a: :3|82/100|[from] drain|[of] p1a: Goodra
|move|p1a: Goodra|Dragon Tail|p2a: :3
|-resisted|p2a: :3
|-damage|p2a: :3|73/100
|drag|p2a: Underrated|Phione, shiny|100/100
|
|-damage|p1a: Goodra|35/100 brn|[from] brn
|upkeep
|turn|7
|
|t:|1760815282
|move|p2a: Underrated|Substitute|p2a: Underrated
|-start|p2a: Underrated|Substitute
|-damage|p2a: Underrated|76/100
|move|p1a: Goodra|Knock Off|p2a: Underrated
|-activate|p2a: Underrated|move: Substitute|[damage]
|
|-heal|p2a: Underrated|82/100|[from] item: Leftovers
|-damage|p1a: Goodra|29/100 brn|[from] brn
|upkeep
|turn|8
|
|t:|1760815292
|move|p2a: Underrated|Take Heart|p2a: Underrated
|-boost|p2a: Underrated|spa|1
|-boost|p2a: Underrated|spd|1
|move|p1a: Goodra|Knock Off|p2a: Underrated
|-end|p2a: Underrated|Substitute
|
|-heal|p2a: Underrated|88/100|[from] item: Leftovers
|-damage|p1a: Goodra|23/100 brn|[from] brn
|upkeep
|turn|9
|
|t:|1760815310
|switch|p1a: Iron Thorns|Iron Thorns|100/100
|move|p2a: Underrated|Scald|p1a: Iron Thorns
|-supereffective|p1a: Iron Thorns
|-damage|p1a: Iron Thorns|0 fnt
|faint|p1a: Iron Thorns
|-end|p1a: Iron Thorns|Quark Drive|[silent]
|
|-heal|p2a: Underrated|94/100|[from] item: Leftovers
|upkeep
|
|t:|1760815322
|switch|p1a: Infernape|Infernape, M|100/100
|turn|10
|
|t:|1760815326
|move|p1a: Infernape|Thunder Punch|p2a: Underrated
|-supereffective|p2a: Underrated
|-damage|p2a: Underrated|8/100
|move|p2a: Underrated|Substitute|p2a: Underrated
|-fail|p2a: Underrated|move: Substitute|[weak]
|
|-heal|p2a: Underrated|14/100|[from] item: Leftovers
|upkeep
|turn|11
|
|t:|1760815339
|move|p1a: Infernape|Mach Punch|p2a: Underrated
|-damage|p2a: Underrated|0 fnt
|faint|p2a: Underrated
|
|upkeep
|
|t:|1760815345
|switch|p2a: Yellow wall|Deoxys-Defense, shiny|100/100
|-ability|p2a: Yellow wall|Pressure
|turn|12
|
|t:|1760815354
|move|p1a: Infernape|U-turn|p2a: Yellow wall
|-supereffective|p2a: Yellow wall
|-damage|p2a: Yellow wall|58/100
|
|t:|1760815360
|switch|p1a: Weezing|Weezing-Galar, M|100/100|[from] U-turn
|move|p2a: Yellow wall|Iron Defense|p2a: Yellow wall
|-boost|p2a: Yellow wall|def|2
|
|-heal|p2a: Yellow wall|64/100|[from] item: Leftovers
|upkeep
|turn|13
|
|t:|1760815375
|move|p2a: Yellow wall|Calm Mind|p2a: Yellow wall
|-boost|p2a: Yellow wall|spa|1
|-boost|p2a: Yellow wall|spd|1
|move|p1a: Weezing|Will-O-Wisp|p2a: Yellow wall
|-status|p2a: Yellow wall|brn
|
|-heal|p2a: Yellow wall|71/100 brn|[from] item: Leftovers
|-damage|p2a: Yellow wall|64/100 brn|[from] brn
|upkeep
|turn|14
|
|t:|1760815393
|move|p2a: Yellow wall|Stored Power|p1a: Weezing
|-supereffective|p1a: Weezing
|-damage|p1a: Weezing|0 fnt
|faint|p1a: Weezing
|
|-heal|p2a: Yellow wall|71/100 brn|[from] item: Leftovers
|-damage|p2a: Yellow wall|64/100 brn|[from] brn
|upkeep
|
|t:|1760815403
|switch|p1a: Infernape|Infernape, M|100/100
|turn|15
|
|t:|1760815412
|move|p1a: Infernape|U-turn|p2a: Yellow wall
|-supereffective|p2a: Yellow wall
|-damage|p2a: Yellow wall|41/100 brn
|
|t:|1760815415
|switch|p1a: Goodra|Goodra-Hisui, F, shiny|23/100 brn|[from] U-turn
|move|p2a: Yellow wall|Stored Power|p1a: Goodra
|-resisted|p1a: Goodra
|-damage|p1a: Goodra|11/100 brn
|
|-heal|p2a: Yellow wall|47/100 brn|[from] item: Leftovers
|-damage|p2a: Yellow wall|41/100 brn|[from] brn
|-damage|p1a: Goodra|5/100 brn|[from] brn
|upkeep
|turn|16
|
|t:|1760815426
|move|p2a: Yellow wall|Stored Power|p1a: Goodra
|-resisted|p1a: Goodra
|-damage|p1a: Goodra|0 fnt
|faint|p1a: Goodra
|
|-heal|p2a: Yellow wall|47/100 brn|[from] item: Leftovers
|-damage|p2a: Yellow wall|41/100 brn|[from] brn
|upkeep
|
|t:|1760815437
|switch|p1a: Yanmega|Yanmega, M|100/100
|turn|17
|
|t:|1760815442
|move|p1a: Yanmega|Protect|p1a: Yanmega
|-singleturn|p1a: Yanmega|Protect
|move|p2a: Yellow wall|Stored Power|p1a: Yanmega
|-activate|p1a: Yanmega|move: Protect
|
|-heal|p2a: Yellow wall|47/100 brn|[from] item: Leftovers
|-damage|p2a: Yellow wall|41/100 brn|[from] brn
|-ability|p1a: Yanmega|Speed Boost|boost
|-boost|p1a: Yanmega|spe|1
|upkeep
|turn|18
|
|t:|1760815456
|move|p1a: Yanmega|Bug Buzz|p2a: Yellow wall
|-supereffective|p2a: Yellow wall
|-damage|p2a: Yellow wall|0 fnt
|faint|p2a: Yellow wall
|
|-ability|p1a: Yanmega|Speed Boost|boost
|-boost|p1a: Yanmega|spe|1
|upkeep
|
|t:|1760815465
|switch|p2a: Stabby|Kleavor, M, shiny|100/100
|turn|19
|
|t:|1760815470
|-terastallize|p1a: Yanmega|Water
|move|p1a: Yanmega|Tera Blast|p2a: Stabby|[anim] Tera Blast Water
|-supereffective|p2a: Stabby
|-damage|p2a: Stabby|0 fnt
|faint|p2a: Stabby
|
|-ability|p1a: Yanmega|Speed Boost|boost
|-boost|p1a: Yanmega|spe|1
|upkeep
|
|t:|1760815479
|switch|p2a: Slasher|Samurott-Hisui, M, shiny|100/100
|turn|20
|
|t:|1760815489
|move|p1a: Yanmega|Bug Buzz|p2a: Slasher
|-supereffective|p2a: Slasher
|-damage|p2a: Slasher|11/100
|move|p2a: Slasher|Ceaseless Edge|p1a: Yanmega
|-damage|p1a: Yanmega|43/100
|-sidestart|p1: 76rjkghdf|Spikes
|
|-ability|p1a: Yanmega|Speed Boost|boost
|-boost|p1a: Yanmega|spe|1
|upkeep
|turn|21
|
|t:|1760815499
|move|p1a: Yanmega|Bug Buzz|p2a: Slasher
|-supereffective|p2a: Slasher
|-damage|p2a: Slasher|0 fnt
|faint|p2a: Slasher
|
|-ability|p1a: Yanmega|Speed Boost|boost
|-boost|p1a: Yanmega|spe|1
|upkeep
|
|t:|1760815506
|switch|p2a: :3|Hatterene, F, shiny, tera:Steel|73/100
|turn|22
|
|t:|1760815527
|move|p1a: Yanmega|Tera Blast|p2a: :3|[anim] Tera Blast Water
|-damage|p2a: :3|17/100
|move|p2a: :3|Draining Kiss|p1a: Yanmega
|-damage|p1a: Yanmega|0 fnt
|-heal|p2a: :3|56/100|[from] drain|[of] p1a: Yanmega
|faint|p1a: Yanmega
|
|upkeep
|
|t:|1760815539
|switch|p1a: Infernape|Infernape, M|100/100
|-damage|p1a: Infernape|88/100|[from] Spikes
|turn|23
|inactive|76rjkghdf has 120 seconds left.
|
|t:|1760815564
|move|p1a: Infernape|Fire Punch|p2a: :3
|-supereffective|p2a: :3
|-damage|p2a: :3|0 fnt
|faint|p2a: :3
|
|win|76rjkghdf
|raw|76rjkghdf's rating: 1117 &rarr; <strong>1140</strong><br />(+23 for winning)
|raw|stoopley's rating: 1089 &rarr; <strong>1068</strong><br />(-21 for losing)
|c|☆stoopley|Gg
|l|☆stoopley
|player|p2|
|l|☆76rjkghdf
|player|p1|
