|j|☆Ctannn
|j|☆Mr Tpen
|t:|1760884238
|gametype|singles
|player|p1|Ctannn|2|1755
|player|p2|Mr Tpen|101|1705
|gen|9
|tier|[Gen 9] OU
|rated|
|rule|HP Percentage Mod: HP is shown in percentages
|rule|Endless Battle Clause: Forcing endless battles is banned
|rule|Species Clause: Limit one of each Pokémon
|rule|OHKO Clause: OHKO moves are banned
|rule|Evasion Items Clause: Evasion items are banned
|rule|Evasion Moves Clause: Evasion moves are banned
|rule|Evasion Abilities Clause: Evasion abilities are banned
|rule|Sleep Moves Clause: Sleep-inducing moves are banned
|clearpoke
|poke|p1|Rillaboom, M|
|poke|p1|Garganacl, M|
|poke|p1|Cinderace, F|
|poke|p1|Raging Bolt|
|poke|p1|Slowking-Galar, F|
|poke|p1|Landorus-Therian, M|
|poke|p2|Enamorus, F|
|poke|p2|Kyurem|
|poke|p2|Landorus-Therian, M|
|poke|p2|Kingambit, F|
|poke|p2|Ogerpon-Wellspring, F|
|poke|p2|Glimmora, F|
|teampreview
|inactive|Battle timer is ON: inactive players will automatically lose when time's up. (requested by Ctannn)
|
|t:|1760884246
|teamsize|p1|6
|teamsize|p2|6
|start
|switch|p1a: Cinderace|Cinderace, F|100/100
|switch|p2a: Ogerpon|Ogerpon-Wellspring, F|100/100
|turn|1
|
|t:|1760884258
|switch|p2a: Glimmora|Glimmora, F|100/100
|move|p1a: Cinderace|High Jump Kick|p2a: Glimmora
|-start|p1a: Cinderace|typechange|Fighting|[from] ability: Libero
|-damage|p2a: Glimmora|53/100
|-activate|p2a: Glimmora|ability: Toxic Debris
|-sidestart|p1: Ctannn|move: Toxic Spikes
|-enditem|p2a: Glimmora|Red Card|[of] p1a: Cinderace
|drag|p1a: Garganacl|Garganacl, M|100/100
|
|upkeep
|turn|2
|
|t:|1760884263
|move|p2a: Glimmora|Earth Power|p1a: Garganacl
|-supereffective|p1a: Garganacl
|-damage|p1a: Garganacl|69/100
|move|p1a: Garganacl|Salt Cure|p2a: Glimmora
|-damage|p2a: Glimmora|43/100
|-start|p2a: Glimmora|Salt Cure
|-activate|p2a: Glimmora|ability: Toxic Debris
|-sidestart|p1: Ctannn|move: Toxic Spikes
|
|-heal|p1a: Garganacl|75/100|[from] item: Leftovers
|-damage|p2a: Glimmora|31/100|[from] Salt Cure
|upkeep
|turn|3
|
|t:|1760884268
|switch|p2a: Landorus|Landorus-Therian, M|100/100
|-ability|p2a: Landorus|Intimidate|boost
|-unboost|p1a: Garganacl|atk|1
|move|p1a: Garganacl|Salt Cure|p2a: Landorus
|-damage|p2a: Landorus|90/100
|-start|p2a: Landorus|Salt Cure
|
|-heal|p1a: Garganacl|82/100|[from] item: Leftovers
|-damage|p2a: Landorus|78/100|[from] Salt Cure
|upkeep
|turn|4
|
|t:|1760884271
|move|p1a: Garganacl|Protect|p1a: Garganacl
|-singleturn|p1a: Garganacl|Protect
|move|p2a: Landorus|Stealth Rock|p1a: Garganacl
|-sidestart|p1: Ctannn|move: Stealth Rock
|
|-heal|p1a: Garganacl|88/100|[from] item: Leftovers
|-damage|p2a: Landorus|66/100|[from] Salt Cure
|upkeep
|turn|5
|
|t:|1760884276
|switch|p2a: Kyurem|Kyurem|100/100
|-ability|p2a: Kyurem|Pressure
|move|p1a: Garganacl|Salt Cure|p2a: Kyurem
|-supereffective|p2a: Kyurem
|-damage|p2a: Kyurem|83/100
|-start|p2a: Kyurem|Salt Cure
|
|-heal|p1a: Garganacl|94/100|[from] item: Leftovers
|-damage|p2a: Kyurem|71/100|[from] Salt Cure
|upkeep
|turn|6
|
|t:|1760884280
|switch|p2a: Landorus|Landorus-Therian, M|66/100
|-ability|p2a: Landorus|Intimidate|boost
|-unboost|p1a: Garganacl|atk|1
|move|p1a: Garganacl|Curse|p1a: Garganacl
|-unboost|p1a: Garganacl|spe|1
|-boost|p1a: Garganacl|atk|1
|-boost|p1a: Garganacl|def|1
|
|-heal|p1a: Garganacl|99/100|[from] item: Leftovers
|upkeep
|turn|7
|
|t:|1760884286
|move|p2a: Landorus|Taunt|p1a: Garganacl
|-start|p1a: Garganacl|move: Taunt
|move|p1a: Garganacl|Salt Cure|p2a: Landorus
|-damage|p2a: Landorus|57/100
|-start|p2a: Landorus|Salt Cure
|
|-heal|p1a: Garganacl|100/100|[from] item: Leftovers
|-damage|p2a: Landorus|45/100|[from] Salt Cure
|upkeep
|turn|8
|
|t:|1760884289
|switch|p2a: Ogerpon|Ogerpon-Wellspring, F|100/100
|move|p1a: Garganacl|Salt Cure|p2a: Ogerpon
|-damage|p2a: Ogerpon|88/100
|-start|p2a: Ogerpon|Salt Cure
|
|-damage|p2a: Ogerpon|63/100|[from] Salt Cure
|upkeep
|turn|9
|
|t:|1760884295
|switch|p1a: Slowking|Slowking-Galar, F|100/100
|-sideend|p1: Ctannn|move: Toxic Spikes|[of] p1a: Slowking
|-damage|p1a: Slowking|88/100|[from] Stealth Rock
|move|p2a: Ogerpon|Knock Off|p1a: Slowking
|-supereffective|p1a: Slowking
|-damage|p1a: Slowking|35/100
|-damage|p2a: Ogerpon|46/100|[from] item: Rocky Helmet|[of] p1a: Slowking
|-enditem|p1a: Slowking|Rocky Helmet|[from] move: Knock Off|[of] p2a: Ogerpon
|
|-damage|p2a: Ogerpon|21/100|[from] Salt Cure
|upkeep
|turn|10
|
|t:|1760884298
|move|p2a: Ogerpon|U-turn|p1a: Slowking
|-damage|p1a: Slowking|14/100
|
|t:|1760884300
|switch|p2a: Landorus|Landorus-Therian, M|45/100|[from] U-turn
|-ability|p2a: Landorus|Intimidate|boost
|-unboost|p1a: Slowking|atk|1
|-prepare|p1a: Slowking|Chilly Reception|[premajor]
|move|p1a: Slowking|Chilly Reception|p1a: Slowking
|-weather|Snowscape
|
|t:|1760884304
|switch|p1a: Cinderace|Cinderace, F|100/100|[from] Chilly Reception
|
|-weather|Snowscape|[upkeep]
|upkeep
|turn|11
|
|t:|1760884309
|move|p1a: Cinderace|Pyro Ball|p2a: Landorus
|-damage|p2a: Landorus|0 fnt
|faint|p2a: Landorus
|
|-weather|Snowscape|[upkeep]
|upkeep
|
|t:|1760884312
|switch|p2a: Kyurem|Kyurem|71/100
|-ability|p2a: Kyurem|Pressure
|turn|12
|
|t:|1760884318
|-terastallize|p2a: Kyurem|Dragon
|move|p2a: Kyurem|Draco Meteor|p1a: Cinderace
|-damage|p1a: Cinderace|0 fnt
|-unboost|p2a: Kyurem|spa|2
|faint|p1a: Cinderace
|
|-weather|Snowscape|[upkeep]
|upkeep
|
|t:|1760884326
|switch|p1a: Garganacl|Garganacl, M|100/100
|-damage|p1a: Garganacl|88/100|[from] Stealth Rock
|turn|13
|
|t:|1760884332
|switch|p2a: Glimmora|Glimmora, F|31/100
|move|p1a: Garganacl|Curse|p1a: Garganacl
|-unboost|p1a: Garganacl|spe|1
|-boost|p1a: Garganacl|atk|1
|-boost|p1a: Garganacl|def|1
|
|-weather|Snowscape|[upkeep]
|-heal|p1a: Garganacl|94/100|[from] item: Leftovers
|upkeep
|turn|14
|
|t:|1760884335
|move|p1a: Garganacl|Protect|p1a: Garganacl
|-singleturn|p1a: Garganacl|Protect
|move|p2a: Glimmora|Spikes|p1a: Garganacl
|-sidestart|p1: Ctannn|Spikes
|
|-weather|none
|-heal|p1a: Garganacl|100/100|[from] item: Leftovers
|upkeep
|turn|15
|
|t:|1760884337
|move|p2a: Glimmora|Spikes|p1a: Garganacl
|-sidestart|p1: Ctannn|Spikes
|move|p1a: Garganacl|Curse|p1a: Garganacl
|-unboost|p1a: Garganacl|spe|1
|-boost|p1a: Garganacl|atk|1
|-boost|p1a: Garganacl|def|1
|
|upkeep
|turn|16
|
|t:|1760884343
|move|p2a: Glimmora|Spikes|p1a: Garganacl
|-sidestart|p1: Ctannn|Spikes
|move|p1a: Garganacl|Salt Cure|p2a: Glimmora
|-damage|p2a: Glimmora|11/100
|-start|p2a: Glimmora|Salt Cure
|-activate|p2a: Glimmora|ability: Toxic Debris
|-sidestart|p1: Ctannn|move: Toxic Spikes
|
|-damage|p2a: Glimmora|0 fnt|[from] Salt Cure
|faint|p2a: Glimmora
|upkeep
|
|t:|1760884346
|switch|p2a: Ogerpon|Ogerpon-Wellspring, F|21/100
|turn|17
|
|t:|1760884352
|-terastallize|p1a: Garganacl|Water
|move|p2a: Ogerpon|Knock Off|p1a: Garganacl
|-damage|p1a: Garganacl|87/100
|-enditem|p1a: Garganacl|Leftovers|[from] move: Knock Off|[of] p2a: Ogerpon
|move|p1a: Garganacl|Salt Cure|p2a: Ogerpon
|-damage|p2a: Ogerpon|0 fnt
|faint|p2a: Ogerpon
|
|upkeep
|
|t:|1760884359
|switch|p2a: Kyurem|Kyurem, tera:Dragon|71/100
|-ability|p2a: Kyurem|Pressure
|turn|18
|
|t:|1760884361
|move|p1a: Garganacl|Protect|p1a: Garganacl
|-singleturn|p1a: Garganacl|Protect
|move|p2a: Kyurem|Freeze-Dry|p1a: Garganacl
|-activate|p1a: Garganacl|move: Protect
|
|upkeep
|turn|19
|
|t:|1760884367
|move|p2a: Kyurem|Freeze-Dry|p1a: Garganacl
|-supereffective|p1a: Garganacl
|-damage|p1a: Garganacl|38/100
|move|p1a: Garganacl|Salt Cure|p2a: Kyurem
|-damage|p2a: Kyurem|43/100
|-start|p2a: Kyurem|Salt Cure
|
|-damage|p2a: Kyurem|31/100|[from] Salt Cure
|upkeep
|turn|20
|
|t:|1760884372
|move|p1a: Garganacl|Protect|p1a: Garganacl
|-singleturn|p1a: Garganacl|Protect
|move|p2a: Kyurem|Freeze-Dry|p1a: Garganacl
|-activate|p1a: Garganacl|move: Protect
|
|-damage|p2a: Kyurem|19/100|[from] Salt Cure
|upkeep
|turn|21
|
|t:|1760884375
|move|p1a: Garganacl|Protect|p1a: Garganacl
|-singleturn|p1a: Garganacl|Protect
|move|p2a: Kyurem|Freeze-Dry|p1a: Garganacl
|-activate|p1a: Garganacl|move: Protect
|
|-damage|p2a: Kyurem|6/100|[from] Salt Cure
|upkeep
|turn|22
|
|t:|1760884378
|move|p1a: Garganacl|Protect||[still]
|-fail|p1a: Garganacl
|move|p2a: Kyurem|Freeze-Dry|p1a: Garganacl
|-supereffective|p1a: Garganacl
|-damage|p1a: Garganacl|0 fnt
|faint|p1a: Garganacl
|
|-damage|p2a: Kyurem|0 fnt|[from] Salt Cure
|faint|p2a: Kyurem
|upkeep
|
|t:|1760884388
|switch|p2a: Enamorus|Enamorus, F|100/100
|switch|p1a: Slowking|Slowking-Galar, F|48/100
|-damage|p1a: Slowking|35/100|[from] Stealth Rock
|-damage|p1a: Slowking|10/100|[from] Spikes
|-sideend|p1: Ctannn|move: Toxic Spikes|[of] p1a: Slowking
|turn|23
|
|t:|1760884395
|move|p2a: Enamorus|Moonblast|p1a: Slowking
|-resisted|p1a: Slowking
|-damage|p1a: Slowking|0 fnt
|faint|p1a: Slowking
|
|upkeep
|
|t:|1760884402
|switch|p1a: Raging Bolt|Raging Bolt|100/100
|-damage|p1a: Raging Bolt|88/100|[from] Stealth Rock
|-damage|p1a: Raging Bolt|63/100|[from] Spikes
|turn|24
|
|t:|1760884407
|switch|p2a: Kingambit|Kingambit, F|100/100
|-activate|p2a: Kingambit|ability: Supreme Overlord
|-start|p2a: Kingambit|fallen4|[silent]
|-item|p2a: Kingambit|Air Balloon
|move|p1a: Raging Bolt|Draco Meteor|p2a: Kingambit
|-resisted|p2a: Kingambit
|-damage|p2a: Kingambit|36/100
|-unboost|p1a: Raging Bolt|spa|2
|-enditem|p2a: Kingambit|Air Balloon
|
|upkeep
|turn|25
|
|t:|1760884413
|-end|p1a: Raging Bolt|Protosynthesis|[silent]
|switch|p1a: Landorus|Landorus-Therian, M|100/100
|-damage|p1a: Landorus|88/100|[from] Stealth Rock
|-ability|p1a: Landorus|Intimidate|boost
|-unboost|p2a: Kingambit|atk|1
|-end|p2a: Kingambit|fallen4|[silent]
|switch|p2a: Enamorus|Enamorus, F|100/100
|
|upkeep
|turn|26
|
|t:|1760884418
|move|p2a: Enamorus|Moonblast|p1a: Landorus
|-damage|p1a: Landorus|32/100
|move|p1a: Landorus|U-turn|p2a: Enamorus
|-resisted|p2a: Enamorus
|-damage|p2a: Enamorus|93/100
|
|t:|1760884424
|switch|p1a: Raging Bolt|Raging Bolt|63/100|[from] U-turn
|-damage|p1a: Raging Bolt|51/100|[from] Stealth Rock
|-damage|p1a: Raging Bolt|26/100|[from] Spikes
|
|upkeep
|turn|27
|
|t:|1760884429
|switch|p2a: Kingambit|Kingambit, F|36/100
|-activate|p2a: Kingambit|ability: Supreme Overlord
|-start|p2a: Kingambit|fallen4|[silent]
|move|p1a: Raging Bolt|Thunderclap||[still]
|-fail|p1a: Raging Bolt
|
|upkeep
|turn|28
|
|t:|1760884432
|move|p1a: Raging Bolt|Thunderclap|p2a: Kingambit
|-damage|p2a: Kingambit|0 fnt
|faint|p2a: Kingambit
|-end|p2a: Kingambit|fallen4|[silent]
|
|upkeep
|
|t:|1760884434
|switch|p2a: Enamorus|Enamorus, F|93/100
|turn|29
|
|t:|1760884436
|move|p1a: Raging Bolt|Thunderclap|p2a: Enamorus
|-supereffective|p2a: Enamorus
|-damage|p2a: Enamorus|0 fnt
|faint|p2a: Enamorus
|
|win|Ctannn
|raw|Ctannn's rating: 1755 &rarr; <strong>1772</strong><br />(+17 for winning)
|raw|Mr Tpen's rating: 1705 &rarr; <strong>1688</strong><br />(-17 for losing)
|l|☆Mr Tpen
|player|p2|
|l|☆Ctannn
|player|p1|
