|j|☆Chief_Ironside
|j|☆patrickd420
|t:|1760760233
|gametype|singles
|player|p1|Chief_Ironside|crasherwake|1323
|player|p2|patrickd420|169|1312
|gen|9
|tier|[Gen 9] OU
|rated|
|rule|HP Percentage Mod: HP is shown in percentages
|rule|Endless Battle Clause: Forcing endless battles is banned
|rule|Species Clause: Limit one of each Pokémon
|rule|OHKO Clause: OHKO moves are banned
|rule|Evasion Items Clause: Evasion items are banned
|rule|Evasion Moves Clause: Evasion moves are banned
|rule|Evasion Abilities Clause: Evasion abilities are banned
|rule|Sleep Moves Clause: Sleep-inducing moves are banned
|clearpoke
|poke|p1|Breloom, M|
|poke|p1|Infernape, M|
|poke|p1|Mandibuzz, F|
|poke|p1|Heatran, F|
|poke|p1|Araquanid, F|
|poke|p1|Latias, F|
|poke|p2|Iron Valiant|
|poke|p2|Gholdengo|
|poke|p2|Glimmora, F|
|poke|p2|Ogerpon-Wellspring, F|
|poke|p2|Great Tusk|
|poke|p2|Kingambit, M|
|teampreview
|inactive|Battle timer is ON: inactive players will automatically lose when time's up. (requested by patrickd420)
|
|t:|1760760237
|teamsize|p1|6
|teamsize|p2|6
|start
|switch|p1a: Breloom|Breloom, M|100/100
|switch|p2a: Glimmora|Glimmora, F|100/100
|turn|1
|
|t:|1760760243
|move|p2a: Glimmora|Stealth Rock|p1a: Breloom
|-sidestart|p1: Chief_Ironside|move: Stealth Rock
|move|p1a: Breloom|Bullet Seed|p2a: Glimmora
|-damage|p2a: Glimmora|82/100
|-activate|p2a: Glimmora|ability: Toxic Debris
|-sidestart|p1: Chief_Ironside|move: Toxic Spikes
|-damage|p2a: Glimmora|62/100
|-activate|p2a: Glimmora|ability: Toxic Debris
|-sidestart|p1: Chief_Ironside|move: Toxic Spikes
|-damage|p2a: Glimmora|42/100
|-crit|p2a: Glimmora
|-damage|p2a: Glimmora|15/100
|-hitcount|p2a: Glimmora|4
|
|upkeep
|turn|2
|
|t:|1760760255
|move|p1a: Breloom|Mach Punch|p2a: Glimmora
|-damage|p2a: Glimmora|0 fnt
|faint|p2a: Glimmora
|
|upkeep
|
|t:|1760760266
|switch|p2a: Iron Valiant|Iron Valiant|100/100
|-enditem|p2a: Iron Valiant|Booster Energy
|-activate|p2a: Iron Valiant|ability: Quark Drive|[fromitem]
|-start|p2a: Iron Valiant|quarkdrivespe
|turn|3
|
|t:|1760760281
|switch|p1a: Araquanid|Araquanid, F|100/100
|-damage|p1a: Araquanid|75/100|[from] Stealth Rock
|-status|p1a: Araquanid|tox
|move|p2a: Iron Valiant|Knock Off|p1a: Araquanid
|-damage|p1a: Araquanid|40/100 tox
|-enditem|p1a: Araquanid|Custap Berry|[from] move: Knock Off|[of] p2a: Iron Valiant
|
|-damage|p1a: Araquanid|34/100 tox|[from] psn
|upkeep
|turn|4
|
|t:|1760760291
|move|p2a: Iron Valiant|Spirit Break|p1a: Araquanid
|-damage|p1a: Araquanid|0 fnt
|faint|p1a: Araquanid
|
|upkeep
|
|t:|1760760294
|switch|p1a: Mandibuzz|Mandibuzz, F|100/100
|turn|5
|
|t:|1760760298
|move|p2a: Iron Valiant|Knock Off|p1a: Mandibuzz
|-resisted|p1a: Mandibuzz
|-damage|p1a: Mandibuzz|90/100
|-enditem|p1a: Mandibuzz|Heavy-Duty Boots|[from] move: Knock Off|[of] p2a: Iron Valiant
|move|p1a: Mandibuzz|Defog|p2a: Iron Valiant
|-unboost|p2a: Iron Valiant|evasion|1
|-sideend|p1: Chief_Ironside|Toxic Spikes|[from] move: Defog|[of] p1a: Mandibuzz
|-sideend|p1: Chief_Ironside|Stealth Rock|[from] move: Defog|[of] p1a: Mandibuzz
|
|upkeep
|turn|6
|
|t:|1760760311
|move|p2a: Iron Valiant|Spirit Break|p1a: Mandibuzz
|-supereffective|p1a: Mandibuzz
|-damage|p1a: Mandibuzz|43/100
|-unboost|p1a: Mandibuzz|spa|1
|move|p1a: Mandibuzz|Toxic|p2a: Iron Valiant
|-status|p2a: Iron Valiant|tox
|
|-damage|p2a: Iron Valiant|94/100 tox|[from] psn
|upkeep
|turn|7
|
|t:|1760760316
|switch|p1a: Heatran|Heatran, F|100/100
|move|p2a: Iron Valiant|Spirit Break|p1a: Heatran
|-resisted|p1a: Heatran
|-damage|p1a: Heatran|91/100
|-unboost|p1a: Heatran|spa|1
|
|-heal|p1a: Heatran|97/100|[from] item: Leftovers
|-damage|p2a: Iron Valiant|82/100 tox|[from] psn
|upkeep
|turn|8
|
|t:|1760760324
|switch|p1a: Latias|Latias, F|100/100
|move|p2a: Iron Valiant|Close Combat|p1a: Latias
|-resisted|p1a: Latias
|-damage|p1a: Latias|75/100
|-unboost|p2a: Iron Valiant|def|1
|-unboost|p2a: Iron Valiant|spd|1
|
|-damage|p2a: Iron Valiant|63/100 tox|[from] psn
|upkeep
|turn|9
|
|t:|1760760329
|-terastallize|p1a: Latias|Poison
|move|p2a: Iron Valiant|Knock Off|p1a: Latias
|-damage|p1a: Latias|46/100
|-enditem|p1a: Latias|Weakness Policy|[from] move: Knock Off|[of] p2a: Iron Valiant
|move|p1a: Latias|Agility|p1a: Latias
|-boost|p1a: Latias|spe|2
|
|-damage|p2a: Iron Valiant|38/100 tox|[from] psn
|upkeep
|turn|10
|
|t:|1760760335
|move|p1a: Latias|Stored Power|p2a: Iron Valiant
|-supereffective|p2a: Iron Valiant
|-damage|p2a: Iron Valiant|0 fnt
|faint|p2a: Iron Valiant
|-end|p2a: Iron Valiant|Quark Drive|[silent]
|
|upkeep
|
|t:|1760760340
|switch|p2a: Great Tusk|Great Tusk|100/100
|-enditem|p2a: Great Tusk|Booster Energy
|-activate|p2a: Great Tusk|ability: Protosynthesis|[fromitem]
|-start|p2a: Great Tusk|protosynthesisatk
|turn|11
|
|t:|1760760347
|-terastallize|p2a: Great Tusk|Ghost
|move|p1a: Latias|Stored Power|p2a: Great Tusk
|-damage|p2a: Great Tusk|66/100
|move|p2a: Great Tusk|Headlong Rush|p1a: Latias
|-immune|p1a: Latias|[from] ability: Levitate
|
|upkeep
|turn|12
|-message|patrickd420 forfeited.
|
|win|Chief_Ironside
|raw|Chief_Ironside's rating: 1323 &rarr; <strong>1342</strong><br />(+19 for winning)
|raw|patrickd420's rating: 1312 &rarr; <strong>1293</strong><br />(-19 for losing)
|l|☆patrickd420
|player|p2|
|l|☆Chief_Ironside
|player|p1|
