|j|☆linglinglonglong
|j|☆gjhvcjvgbncjgvn
|t:|1760765284
|gametype|singles
|player|p1|linglinglonglong|102|1412
|player|p2|gjhvcjvgbncjgvn|101|1359
|gen|9
|tier|[Gen 9] OU
|rated|
|rule|HP Percentage Mod: HP is shown in percentages
|rule|Endless Battle Clause: Forcing endless battles is banned
|rule|Species Clause: Limit one of each Pokémon
|rule|OHKO Clause: OHKO moves are banned
|rule|Evasion Items Clause: Evasion items are banned
|rule|Evasion Moves Clause: Evasion moves are banned
|rule|Evasion Abilities Clause: Evasion abilities are banned
|rule|Sleep Moves Clause: Sleep-inducing moves are banned
|clearpoke
|poke|p1|Walking Wake|
|poke|p1|Ninetales, F|
|poke|p1|Raging Bolt|
|poke|p1|Great Tusk|
|poke|p1|Hatterene, F|
|poke|p1|Slither Wing|
|poke|p2|Pelipper, F|
|poke|p2|Barraskewda, M|
|poke|p2|Zapdos|
|poke|p2|Ogerpon-Wellspring, F|
|poke|p2|Toxicroak, F|
|poke|p2|Iron Treads|
|teampreview
|inactive|Battle timer is ON: inactive players will automatically lose when time's up. (requested by gjhvcjvgbncjgvn)
|inactive|linglinglonglong has 120 seconds left.
|
|t:|1760765329
|teamsize|p1|6
|teamsize|p2|6
|start
|switch|p1a: Raging Bolt|Raging Bolt|100/100
|switch|p2a: Iron Treads|Iron Treads|100/100
|turn|1
|
|t:|1760765335
|-end|p1a: Raging Bolt|Protosynthesis|[silent]
|switch|p1a: Slither Wing|Slither Wing|100/100
|move|p2a: Iron Treads|Stealth Rock|p1a: Slither Wing
|-sidestart|p1: linglinglonglong|move: Stealth Rock
|
|upkeep
|turn|2
|
|t:|1760765341
|move|p2a: Iron Treads|Volt Switch|p1a: Slither Wing
|-damage|p1a: Slither Wing|89/100
|
|t:|1760765351
|-end|p2a: Iron Treads|Quark Drive|[silent]
|switch|p2a: Pelipper|Pelipper, F|100/100|[from] Volt Switch
|-weather|RainDance|[from] ability: Drizzle|[of] p2a: Pelipper
|move|p1a: Slither Wing|U-turn|p2a: Pelipper
|-resisted|p2a: Pelipper
|-damage|p2a: Pelipper|79/100
|
|t:|1760765361
|-end|p1a: Slither Wing|Protosynthesis|[silent]
|switch|p1a: Raging Bolt|Raging Bolt|100/100|[from] U-turn
|-damage|p1a: Raging Bolt|88/100|[from] Stealth Rock
|
|-weather|RainDance|[upkeep]
|upkeep
|turn|3
|
|t:|1760765366
|switch|p2a: Iron Treads|Iron Treads|100/100
|move|p1a: Raging Bolt|Weather Ball|p2a: Iron Treads
|-supereffective|p2a: Iron Treads
|-damage|p2a: Iron Treads|0 fnt
|faint|p2a: Iron Treads
|-end|p2a: Iron Treads|Quark Drive|[silent]
|
|-weather|RainDance|[upkeep]
|upkeep
|
|t:|1760765375
|switch|p2a: Toxicroak|Toxicroak, F|100/100
|turn|4
|
|t:|1760765399
|-end|p1a: Raging Bolt|Protosynthesis|[silent]
|switch|p1a: Ninetales|Ninetales, F, shiny|100/100
|-damage|p1a: Ninetales|76/100|[from] Stealth Rock
|-weather|SunnyDay|[from] ability: Drought|[of] p1a: Ninetales
|move|p2a: Toxicroak|Knock Off|p1a: Ninetales
|-damage|p1a: Ninetales|47/100
|-enditem|p1a: Ninetales|Heat Rock|[from] move: Knock Off|[of] p2a: Toxicroak
|
|-weather|SunnyDay|[upkeep]
|-damage|p2a: Toxicroak|88/100|[from] ability: Dry Skin|[of] p2a: Toxicroak
|-heal|p2a: Toxicroak|94/100|[from] item: Leftovers
|upkeep
|turn|5
|
|t:|1760765406
|switch|p1a: Great Tusk|Great Tusk|100/100
|-damage|p1a: Great Tusk|97/100|[from] Stealth Rock
|-activate|p1a: Great Tusk|ability: Protosynthesis
|-start|p1a: Great Tusk|protosynthesisspe
|move|p2a: Toxicroak|Gunk Shot|p1a: Great Tusk
|-resisted|p1a: Great Tusk
|-damage|p1a: Great Tusk|83/100
|
|-weather|SunnyDay|[upkeep]
|-damage|p2a: Toxicroak|82/100|[from] ability: Dry Skin|[of] p2a: Toxicroak
|-heal|p2a: Toxicroak|88/100|[from] item: Leftovers
|upkeep
|turn|6
|
|t:|1760765417
|switch|p2a: Pelipper|Pelipper, F|79/100
|-weather|RainDance|[from] ability: Drizzle|[of] p2a: Pelipper
|-end|p1a: Great Tusk|Protosynthesis
|move|p1a: Great Tusk|Rapid Spin|p2a: Pelipper
|-damage|p2a: Pelipper|68/100
|-boost|p1a: Great Tusk|spe|1
|-sideend|p1: linglinglonglong|Stealth Rock|[from] move: Rapid Spin|[of] p1a: Great Tusk
|
|-weather|RainDance|[upkeep]
|upkeep
|turn|7
|
|t:|1760765422
|-end|p1a: Great Tusk|Protosynthesis|[silent]
|switch|p1a: Hatterene|Hatterene, F|100/100
|move|p2a: Pelipper|Surf|p1a: Hatterene
|-damage|p1a: Hatterene|57/100
|-enditem|p1a: Hatterene|Eject Button
|
|t:|1760765427
|switch|p1a: Raging Bolt|Raging Bolt|88/100
|
|-weather|RainDance|[upkeep]
|upkeep
|turn|8
|
|t:|1760765434
|-terastallize|p2a: Pelipper|Ground
|move|p1a: Raging Bolt|Volt Switch|p2a: Pelipper
|-immune|p2a: Pelipper
|move|p2a: Pelipper|U-turn|p1a: Raging Bolt
|-damage|p1a: Raging Bolt|81/100
|
|t:|1760765442
|switch|p2a: Toxicroak|Toxicroak, F|88/100|[from] U-turn
|
|-weather|RainDance|[upkeep]
|-heal|p2a: Toxicroak|100/100|[from] ability: Dry Skin
|upkeep
|turn|9
|
|t:|1760765450
|move|p1a: Raging Bolt|Draco Meteor|p2a: Toxicroak
|-damage|p2a: Toxicroak|33/100
|-unboost|p1a: Raging Bolt|spa|2
|move|p2a: Toxicroak|Gunk Shot|p1a: Raging Bolt
|-crit|p1a: Raging Bolt
|-damage|p1a: Raging Bolt|25/100
|-status|p1a: Raging Bolt|psn
|
|-weather|RainDance|[upkeep]
|-heal|p2a: Toxicroak|45/100|[from] ability: Dry Skin
|-heal|p2a: Toxicroak|51/100|[from] item: Leftovers
|-damage|p1a: Raging Bolt|13/100 psn|[from] psn
|upkeep
|turn|10
|
|t:|1760765458
|move|p1a: Raging Bolt|Volt Switch|p2a: Toxicroak
|-damage|p2a: Toxicroak|32/100
|
|t:|1760765466
|-end|p1a: Raging Bolt|Protosynthesis|[silent]
|switch|p1a: Great Tusk|Great Tusk|83/100|[from] Volt Switch
|move|p2a: Toxicroak|Knock Off|p1a: Great Tusk
|-resisted|p1a: Great Tusk
|-damage|p1a: Great Tusk|77/100
|-damage|p2a: Toxicroak|15/100|[from] item: Rocky Helmet|[of] p1a: Great Tusk
|-enditem|p1a: Great Tusk|Rocky Helmet|[from] move: Knock Off|[of] p2a: Toxicroak
|
|-weather|RainDance|[upkeep]
|-heal|p2a: Toxicroak|28/100|[from] ability: Dry Skin
|-heal|p2a: Toxicroak|34/100|[from] item: Leftovers
|upkeep
|turn|11
|
|t:|1760765474
|switch|p2a: Zapdos|Zapdos|100/100
|move|p1a: Great Tusk|Rapid Spin|p2a: Zapdos
|-damage|p2a: Zapdos|83/100
|-boost|p1a: Great Tusk|spe|1
|-status|p1a: Great Tusk|par|[from] ability: Static|[of] p2a: Zapdos
|
|-weather|RainDance|[upkeep]
|upkeep
|turn|12
|
|t:|1760765488
|move|p2a: Zapdos|Hurricane|p1a: Great Tusk
|-supereffective|p1a: Great Tusk
|-damage|p1a: Great Tusk|0 fnt
|faint|p1a: Great Tusk
|-end|p1a: Great Tusk|Protosynthesis|[silent]
|
|-weather|RainDance|[upkeep]
|upkeep
|
|t:|1760765490
|switch|p1a: Hatterene|Hatterene, F|57/100
|turn|13
|
|t:|1760765492
|move|p2a: Zapdos|Hurricane|p1a: Hatterene
|-damage|p1a: Hatterene|0 fnt
|faint|p1a: Hatterene
|
|-weather|none
|upkeep
|
|t:|1760765504
|switch|p1a: Ninetales|Ninetales, F, shiny|47/100
|-weather|SunnyDay|[from] ability: Drought|[of] p1a: Ninetales
|turn|14
|
|t:|1760765508
|switch|p2a: Pelipper|Pelipper, F, tera:Ground|68/100
|-weather|RainDance|[from] ability: Drizzle|[of] p2a: Pelipper
|switch|p1a: Slither Wing|Slither Wing|89/100
|
|-weather|RainDance|[upkeep]
|upkeep
|turn|15
|
|t:|1760765513
|switch|p2a: Toxicroak|Toxicroak, F|34/100
|move|p1a: Slither Wing|First Impression|p2a: Toxicroak
|-resisted|p2a: Toxicroak
|-damage|p2a: Toxicroak|10/100
|
|-weather|RainDance|[upkeep]
|-heal|p2a: Toxicroak|22/100|[from] ability: Dry Skin
|-heal|p2a: Toxicroak|28/100|[from] item: Leftovers
|upkeep
|turn|16
|-message|linglinglonglong forfeited.
|
|win|gjhvcjvgbncjgvn
|raw|linglinglonglong's rating: 1412 &rarr; <strong>1389</strong><br />(-23 for losing)
|raw|gjhvcjvgbncjgvn's rating: 1359 &rarr; <strong>1382</strong><br />(+23 for winning)
|l|☆linglinglonglong
|player|p1|
|l|☆gjhvcjvgbncjgvn
|player|p2|
