|j|☆Spud Webbs
|j|☆nmx123
|t:|1760803470
|gametype|singles
|player|p1|Spud Webbs|2|1696
|player|p2|nmx123|169|1603
|gen|9
|tier|[Gen 9] OU
|rated|
|rule|HP Percentage Mod: HP is shown in percentages
|rule|Endless Battle Clause: Forcing endless battles is banned
|rule|Species Clause: Limit one of each Pokémon
|rule|OHKO Clause: OHKO moves are banned
|rule|Evasion Items Clause: Evasion items are banned
|rule|Evasion Moves Clause: Evasion moves are banned
|rule|Evasion Abilities Clause: Evasion abilities are banned
|rule|Sleep Moves Clause: Sleep-inducing moves are banned
|clearpoke
|poke|p1|Ceruledge, M|
|poke|p1|Ninetales, M|
|poke|p1|Enamorus, F|
|poke|p1|Raging Bolt|
|poke|p1|Great Tusk|
|poke|p1|Leavanny, M|
|poke|p2|Zamazenta-*|
|poke|p2|Gholdengo|
|poke|p2|Raging Bolt|
|poke|p2|Great Tusk|
|poke|p2|Alomomola, F|
|poke|p2|Dragonite, F|
|teampreview
|inactive|Battle timer is ON: inactive players will automatically lose when time's up. (requested by nmx123)
|
|t:|1760803478
|teamsize|p1|6
|teamsize|p2|6
|start
|switch|p1a: LEAVanny! Get it?|Leavanny, M|100/100
|switch|p2a: Raging Bolt|Raging Bolt|100/100
|turn|1
|
|t:|1760803481
|move|p1a: LEAVanny! Get it?|Sticky Web|p2a: Raging Bolt
|-sidestart|p2: nmx123|move: Sticky Web
|move|p2a: Raging Bolt|Draco Meteor|p1a: LEAVanny! Get it?
|-damage|p1a: LEAVanny! Get it?|0 fnt
|-unboost|p2a: Raging Bolt|spa|2
|faint|p1a: LEAVanny! Get it?
|-damage|p2a: Raging Bolt|91/100|[from] item: Life Orb
|
|upkeep
|
|t:|1760803484
|switch|p1a: aint no chump|Great Tusk|100/100
|turn|2
|
|t:|1760803491
|-end|p2a: Raging Bolt|Protosynthesis|[silent]
|switch|p2a: Zamazenta|Zamazenta|100/100
|-activate|p2a: Zamazenta|move: Sticky Web
|-unboost|p2a: Zamazenta|spe|1
|-ability|p2a: Zamazenta|Dauntless Shield|boost
|-boost|p2a: Zamazenta|def|1
|move|p1a: aint no chump|Headlong Rush|p2a: Zamazenta
|-damage|p2a: Zamazenta|61/100
|-unboost|p1a: aint no chump|def|1
|-unboost|p1a: aint no chump|spd|1
|-damage|p1a: aint no chump|91/100|[from] item: Life Orb
|
|-heal|p2a: Zamazenta|67/100|[from] item: Leftovers
|upkeep
|turn|3
|
|t:|1760803496
|-end|p1a: aint no chump|Protosynthesis|[silent]
|switch|p1a: fine tales|Ninetales, M|100/100
|-weather|SunnyDay|[from] ability: Drought|[of] p1a: fine tales
|move|p2a: Zamazenta|Body Press|p1a: fine tales
|-damage|p1a: fine tales|26/100
|
|-weather|SunnyDay|[upkeep]
|-heal|p2a: Zamazenta|73/100|[from] item: Leftovers
|upkeep
|turn|4
|
|t:|1760803506
|switch|p1a: I got you fam|Raging Bolt|100/100
|-activate|p1a: I got you fam|ability: Protosynthesis
|-start|p1a: I got you fam|protosynthesisspa
|move|p2a: Zamazenta|Crunch|p1a: I got you fam
|-damage|p1a: I got you fam|79/100
|-unboost|p1a: I got you fam|def|1
|
|-weather|SunnyDay|[upkeep]
|-heal|p2a: Zamazenta|79/100|[from] item: Leftovers
|upkeep
|turn|5
|
|t:|1760803516
|switch|p2a: Great Tusk|Great Tusk|100/100
|-activate|p2a: Great Tusk|move: Sticky Web
|-unboost|p2a: Great Tusk|spe|1
|-activate|p2a: Great Tusk|ability: Protosynthesis
|-start|p2a: Great Tusk|protosynthesisatk
|move|p1a: I got you fam|Solar Beam||[still]
|-prepare|p1a: I got you fam|Solar Beam
|-anim|p1a: I got you fam|Solar Beam|p2a: Great Tusk
|-supereffective|p2a: Great Tusk
|-damage|p2a: Great Tusk|0 fnt
|faint|p2a: Great Tusk
|-end|p2a: Great Tusk|Protosynthesis|[silent]
|-damage|p1a: I got you fam|69/100|[from] item: Life Orb
|
|-weather|SunnyDay|[upkeep]
|upkeep
|
|t:|1760803543
|switch|p2a: Dragonite|Dragonite, F|100/100
|turn|6
|
|t:|1760803553
|move|p2a: Dragonite|Earthquake|p1a: I got you fam
|-supereffective|p1a: I got you fam
|-damage|p1a: I got you fam|0 fnt
|faint|p1a: I got you fam
|-end|p1a: I got you fam|Protosynthesis|[silent]
|
|-weather|SunnyDay|[upkeep]
|upkeep
|
|t:|1760803557
|switch|p1a: aint no chump|Great Tusk|91/100
|-activate|p1a: aint no chump|ability: Protosynthesis
|-start|p1a: aint no chump|protosynthesisatk
|turn|7
|
|t:|1760803574
|switch|p2a: Zamazenta|Zamazenta|79/100
|-activate|p2a: Zamazenta|move: Sticky Web
|-unboost|p2a: Zamazenta|spe|1
|move|p1a: aint no chump|Close Combat|p2a: Zamazenta
|-damage|p2a: Zamazenta|0 fnt
|-unboost|p1a: aint no chump|def|1
|-unboost|p1a: aint no chump|spd|1
|faint|p2a: Zamazenta
|-damage|p1a: aint no chump|81/100|[from] item: Life Orb
|
|-weather|SunnyDay|[upkeep]
|upkeep
|
|t:|1760803576
|switch|p2a: Dragonite|Dragonite, F|100/100
|turn|8
|
|t:|1760803579
|move|p1a: aint no chump|Ice Spinner|p2a: Dragonite
|-supereffective|p2a: Dragonite
|-damage|p2a: Dragonite|0 fnt
|faint|p2a: Dragonite
|-damage|p1a: aint no chump|71/100|[from] item: Life Orb
|
|-weather|SunnyDay|[upkeep]
|upkeep
|
|t:|1760803596
|switch|p2a: Gholdengo|Gholdengo|100/100
|-activate|p2a: Gholdengo|move: Sticky Web
|-unboost|p2a: Gholdengo|spe|1
|turn|9
|
|t:|1760803598
|-terastallize|p2a: Gholdengo|Normal
|move|p1a: aint no chump|Headlong Rush|p2a: Gholdengo
|-damage|p2a: Gholdengo|0 fnt
|-unboost|p1a: aint no chump|def|1
|-unboost|p1a: aint no chump|spd|1
|faint|p2a: Gholdengo
|-damage|p1a: aint no chump|61/100|[from] item: Life Orb
|
|-weather|SunnyDay|[upkeep]
|upkeep
|-message|nmx123 forfeited.
|
|win|Spud Webbs
|raw|Spud Webbs's rating: 1696 &rarr; <strong>1711</strong><br />(+15 for winning)
|raw|nmx123's rating: 1603 &rarr; <strong>1588</strong><br />(-15 for losing)
|l|☆nmx123
|player|p2|
|l|☆Spud Webbs
|player|p1|
