|j|☆quilpz
|j|☆Milesw1
|t:|1760763548
|gametype|singles
|player|p1|quilpz|caitlin|1212
|player|p2|Milesw1|102|1236
|gen|9
|tier|[Gen 9] OU
|rated|
|rule|HP Percentage Mod: HP is shown in percentages
|rule|Endless Battle Clause: Forcing endless battles is banned
|rule|Species Clause: Limit one of each Pokémon
|rule|OHKO Clause: OHKO moves are banned
|rule|Evasion Items Clause: Evasion items are banned
|rule|Evasion Moves Clause: Evasion moves are banned
|rule|Evasion Abilities Clause: Evasion abilities are banned
|rule|Sleep Moves Clause: Sleep-inducing moves are banned
|clearpoke
|poke|p1|Zapdos|
|poke|p1|Glimmora, M|
|poke|p1|Clefable, F|
|poke|p1|Kyurem|
|poke|p1|Hawlucha, M|
|poke|p1|Scizor, M|
|poke|p2|Iron Moth|
|poke|p2|Slither Wing|
|poke|p2|Clodsire, F|
|poke|p2|Ribombee, M|
|poke|p2|Zapdos-Galar|
|poke|p2|Frosmoth, F|
|teampreview
|
|t:|1760763563
|teamsize|p1|6
|teamsize|p2|6
|start
|switch|p1a: Glimmora|Glimmora, M|100/100
|switch|p2a: Ribombeast|Ribombee, M|100/100
|turn|1
|
|t:|1760763570
|-terastallize|p2a: Ribombeast|Water
|move|p2a: Ribombeast|Quiver Dance|p2a: Ribombeast
|-boost|p2a: Ribombeast|spa|1
|-boost|p2a: Ribombeast|spd|1
|-boost|p2a: Ribombeast|spe|1
|move|p1a: Glimmora|Power Gem|p2a: Ribombeast
|-damage|p2a: Ribombeast|61/100
|
|upkeep
|turn|2
|
|t:|1760763579
|move|p2a: Ribombeast|Quiver Dance|p2a: Ribombeast
|-boost|p2a: Ribombeast|spa|1
|-boost|p2a: Ribombeast|spd|1
|-boost|p2a: Ribombeast|spe|1
|move|p1a: Glimmora|Memento|p2a: Ribombeast
|-unboost|p2a: Ribombeast|atk|2
|-unboost|p2a: Ribombeast|spa|2
|faint|p1a: Glimmora
|
|upkeep
|
|t:|1760763595
|switch|p1a: Scizor|Scizor, M|100/100
|turn|3
|
|t:|1760763610
|move|p2a: Ribombeast|Moonblast|p1a: Scizor
|-resisted|p1a: Scizor
|-damage|p1a: Scizor|72/100
|move|p1a: Scizor|Dual Wingbeat|p2a: Ribombeast|[miss]
|-miss|p1a: Scizor|p2a: Ribombeast
|
|upkeep
|turn|4
|
|t:|1760763620
|move|p2a: Ribombeast|Stored Power|p1a: Scizor
|-resisted|p1a: Scizor
|-damage|p1a: Scizor|51/100
|move|p1a: Scizor|Dual Wingbeat|p2a: Ribombeast
|-damage|p2a: Ribombeast|19/100
|-damage|p2a: Ribombeast|0 fnt
|faint|p2a: Ribombeast
|-hitcount|p2: Ribombeast|2
|
|upkeep
|
|t:|1760763627
|switch|p2a: VolcaPhonea|Iron Moth, shiny|100/100
|-enditem|p2a: VolcaPhonea|Booster Energy
|-activate|p2a: VolcaPhonea|ability: Quark Drive|[fromitem]
|-start|p2a: VolcaPhonea|quarkdrivespe
|turn|5
|
|t:|1760763633
|move|p2a: VolcaPhonea|Fiery Dance|p1a: Scizor
|-supereffective|p1a: Scizor
|-damage|p1a: Scizor|0 fnt
|-boost|p2a: VolcaPhonea|spa|1
|faint|p1a: Scizor
|
|upkeep
|
|t:|1760763639
|switch|p1a: Hawlucha|Hawlucha, M|100/100
|-ability|p1a: Hawlucha|Mold Breaker
|turn|6
|
|t:|1760763657
|move|p2a: VolcaPhonea|Psychic|p1a: Hawlucha
|-supereffective|p1a: Hawlucha
|-enditem|p1a: Hawlucha|Focus Sash
|-damage|p1a: Hawlucha|1/100
|move|p1a: Hawlucha|Brave Bird|p2a: VolcaPhonea
|-damage|p2a: VolcaPhonea|11/100
|-damage|p1a: Hawlucha|0 fnt|[from] Recoil
|faint|p1a: Hawlucha
|
|upkeep
|
|t:|1760763667
|switch|p1a: Zapdos|Zapdos|100/100
|turn|7
|
|t:|1760763672
|move|p2a: VolcaPhonea|Sludge Wave|p1a: Zapdos
|-damage|p1a: Zapdos|30/100
|move|p1a: Zapdos|Agility|p1a: Zapdos
|-boost|p1a: Zapdos|spe|2
|
|upkeep
|turn|8
|
|t:|1760763679
|move|p1a: Zapdos|Thunderbolt|p2a: VolcaPhonea
|-damage|p2a: VolcaPhonea|0 fnt
|faint|p2a: VolcaPhonea
|-end|p2a: VolcaPhonea|Quark Drive|[silent]
|
|upkeep
|
|t:|1760763692
|switch|p2a: Volcaronasaur|Slither Wing|100/100
|turn|9
|
|t:|1760763695
|move|p2a: Volcaronasaur|First Impression|p1a: Zapdos
|-resisted|p1a: Zapdos
|-damage|p1a: Zapdos|1/100
|-status|p2a: Volcaronasaur|par|[from] ability: Static|[of] p1a: Zapdos
|move|p1a: Zapdos|Hurricane|p2a: Volcaronasaur
|-supereffective|p2a: Volcaronasaur
|-crit|p2a: Volcaronasaur
|-damage|p2a: Volcaronasaur|0 fnt
|faint|p2a: Volcaronasaur
|-end|p2a: Volcaronasaur|Protosynthesis|[silent]
|
|upkeep
|
|t:|1760763716
|switch|p2a: ?|Clodsire, F|100/100
|turn|10
|
|t:|1760763720
|move|p1a: Zapdos|Hurricane|p2a: ?|[miss]
|-miss|p1a: Zapdos|p2a: ?
|move|p2a: ?|Toxic|p1a: Zapdos
|-status|p1a: Zapdos|tox
|
|-damage|p1a: Zapdos|0 fnt|[from] psn
|faint|p1a: Zapdos
|upkeep
|
|t:|1760763723
|switch|p1a: Kyurem|Kyurem|100/100
|-ability|p1a: Kyurem|Pressure
|turn|11
|
|t:|1760763728
|move|p1a: Kyurem|Icicle Spear|p2a: ?
|-supereffective|p2a: ?
|-damage|p2a: ?|78/100
|-supereffective|p2a: ?
|-damage|p2a: ?|59/100
|-supereffective|p2a: ?
|-damage|p2a: ?|37/100
|-supereffective|p2a: ?
|-damage|p2a: ?|14/100
|-hitcount|p2a: ?|4
|move|p2a: ?|Toxic|p1a: Kyurem
|-status|p1a: Kyurem|tox
|
|-heal|p2a: ?|21/100|[from] item: Leftovers
|-damage|p1a: Kyurem|94/100 tox|[from] psn
|upkeep
|turn|12
|c|☆quilpz|no luck
|
|t:|1760763744
|move|p1a: Kyurem|Icicle Spear|p2a: ?
|-supereffective|p2a: ?
|-damage|p2a: ?|0 fnt
|faint|p2a: ?
|-hitcount|p2: ?|1
|
|-damage|p1a: Kyurem|82/100 tox|[from] psn
|upkeep
|
|t:|1760763749
|switch|p2a: Zapdos-Kanto|Zapdos-Galar, shiny|100/100
|turn|13
|
|t:|1760763757
|move|p2a: Zapdos-Kanto|Brave Bird|p1a: Kyurem
|-damage|p1a: Kyurem|10/100 tox
|-damage|p2a: Zapdos-Kanto|72/100|[from] Recoil
|move|p1a: Kyurem|Icicle Spear|p2a: Zapdos-Kanto
|-supereffective|p2a: Zapdos-Kanto
|-damage|p2a: Zapdos-Kanto|40/100
|-supereffective|p2a: Zapdos-Kanto
|-damage|p2a: Zapdos-Kanto|8/100
|-supereffective|p2a: Zapdos-Kanto
|-damage|p2a: Zapdos-Kanto|0 fnt
|faint|p2a: Zapdos-Kanto
|-hitcount|p2: Zapdos-Kanto|3
|
|-damage|p1a: Kyurem|0 fnt|[from] psn
|faint|p1a: Kyurem
|upkeep
|
|t:|1760763761
|switch|p2a: Sucker Punch|Frosmoth, F|100/100
|switch|p1a: Clefable|Clefable, F|100/100
|turn|14
|
|t:|1760763766
|move|p2a: Sucker Punch|Quiver Dance|p2a: Sucker Punch
|-boost|p2a: Sucker Punch|spa|1
|-boost|p2a: Sucker Punch|spd|1
|-boost|p2a: Sucker Punch|spe|1
|move|p1a: Clefable|Cosmic Power|p1a: Clefable
|-boost|p1a: Clefable|def|1
|-boost|p1a: Clefable|spd|1
|
|upkeep
|turn|15
|
|t:|1760763772
|move|p2a: Sucker Punch|Quiver Dance|p2a: Sucker Punch
|-boost|p2a: Sucker Punch|spa|1
|-boost|p2a: Sucker Punch|spd|1
|-boost|p2a: Sucker Punch|spe|1
|move|p1a: Clefable|Cosmic Power|p1a: Clefable
|-boost|p1a: Clefable|def|1
|-boost|p1a: Clefable|spd|1
|
|upkeep
|turn|16
|
|t:|1760763775
|move|p2a: Sucker Punch|Quiver Dance|p2a: Sucker Punch
|-boost|p2a: Sucker Punch|spa|1
|-boost|p2a: Sucker Punch|spd|1
|-boost|p2a: Sucker Punch|spe|1
|move|p1a: Clefable|Cosmic Power|p1a: Clefable
|-boost|p1a: Clefable|def|1
|-boost|p1a: Clefable|spd|1
|
|upkeep
|turn|17
|
|t:|1760763777
|move|p2a: Sucker Punch|Quiver Dance|p2a: Sucker Punch
|-boost|p2a: Sucker Punch|spa|1
|-boost|p2a: Sucker Punch|spd|1
|-boost|p2a: Sucker Punch|spe|1
|move|p1a: Clefable|Cosmic Power|p1a: Clefable
|-boost|p1a: Clefable|def|1
|-boost|p1a: Clefable|spd|1
|
|upkeep
|turn|18
|
|t:|1760763779
|move|p2a: Sucker Punch|Quiver Dance|p2a: Sucker Punch
|-boost|p2a: Sucker Punch|spa|1
|-boost|p2a: Sucker Punch|spd|1
|-boost|p2a: Sucker Punch|spe|1
|move|p1a: Clefable|Cosmic Power|p1a: Clefable
|-boost|p1a: Clefable|def|1
|-boost|p1a: Clefable|spd|1
|
|upkeep
|turn|19
|
|t:|1760763781
|move|p2a: Sucker Punch|Quiver Dance|p2a: Sucker Punch
|-boost|p2a: Sucker Punch|spa|1
|-boost|p2a: Sucker Punch|spd|1
|-boost|p2a: Sucker Punch|spe|1
|move|p1a: Clefable|Cosmic Power|p1a: Clefable
|-boost|p1a: Clefable|def|1
|-boost|p1a: Clefable|spd|1
|
|upkeep
|turn|20
|
|t:|1760763784
|move|p2a: Sucker Punch|Ice Beam|p1a: Clefable
|-damage|p1a: Clefable|89/100
|move|p1a: Clefable|Stored Power|p2a: Sucker Punch
|-damage|p2a: Sucker Punch|62/100
|
|-heal|p1a: Clefable|95/100|[from] item: Leftovers
|upkeep
|turn|21
|
|t:|1760763790
|move|p2a: Sucker Punch|Ice Beam|p1a: Clefable
|-damage|p1a: Clefable|85/100
|move|p1a: Clefable|Stored Power|p2a: Sucker Punch
|-damage|p2a: Sucker Punch|23/100
|
|-heal|p1a: Clefable|91/100|[from] item: Leftovers
|upkeep
|turn|22
|
|t:|1760763795
|move|p2a: Sucker Punch|Ice Beam|p1a: Clefable
|-damage|p1a: Clefable|80/100
|move|p1a: Clefable|Stored Power|p2a: Sucker Punch
|-damage|p2a: Sucker Punch|0 fnt
|faint|p2a: Sucker Punch
|
|win|quilpz
|raw|quilpz's rating: 1212 &rarr; <strong>1239</strong><br />(+27 for winning)
|raw|Milesw1's rating: 1236 &rarr; <strong>1209</strong><br />(-27 for losing)
|l|☆quilpz
|player|p1|
|l|☆Milesw1
|player|p2|
