|j|☆dot the dot
|j|‽Luat1
|t:|1760760056
|gametype|singles
|player|p1|dot the dot|volo|1320
|player|p2|Luat1|hilbert-wonderlauncher|1310
|gen|9
|tier|[Gen 9] OU
|rated|
|rule|HP Percentage Mod: HP is shown in percentages
|rule|Endless Battle Clause: Forcing endless battles is banned
|rule|Species Clause: Limit one of each Pokémon
|rule|OHKO Clause: OHKO moves are banned
|rule|Evasion Items Clause: Evasion items are banned
|rule|Evasion Moves Clause: Evasion moves are banned
|rule|Evasion Abilities Clause: Evasion abilities are banned
|rule|Sleep Moves Clause: Sleep-inducing moves are banned
|clearpoke
|poke|p1|Pelipper, M|
|poke|p1|Barraskewda, M|
|poke|p1|Tornadus-Therian, M|
|poke|p1|Walking Wake|
|poke|p1|Manaphy|
|poke|p1|Toxapex, M|
|poke|p2|Garganacl, F|
|poke|p2|Ting-Lu|
|poke|p2|Toxapex, F|
|poke|p2|Gliscor, F|
|poke|p2|Clefable, M|
|poke|p2|Gholdengo|
|teampreview
|inactive|Battle timer is ON: inactive players will automatically lose when time's up. (requested by Luat1)
|
|t:|1760760069
|teamsize|p1|6
|teamsize|p2|6
|start
|switch|p1a: Pelipper|Pelipper, M|100/100
|switch|p2a: Clefable|Clefable, M|100/100
|-weather|RainDance|[from] ability: Drizzle|[of] p1a: Pelipper
|turn|1
|
|t:|1760760074
|move|p2a: Clefable|Trick|p1a: Pelipper
|-activate|p2a: Clefable|move: Trick|[of] p1a: Pelipper
|-item|p1a: Pelipper|Sticky Barb|[from] move: Trick
|-item|p2a: Clefable|Damp Rock|[from] move: Trick
|move|p1a: Pelipper|U-turn|p2a: Clefable
|-resisted|p2a: Clefable
|-damage|p2a: Clefable|96/100
|
|t:|1760760083
|switch|p1a: Barraskewda|Barraskewda, M|100/100|[from] U-turn
|
|-weather|RainDance|[upkeep]
|upkeep
|turn|2
|
|t:|1760760091
|switch|p2a: Toxapex|Toxapex, F|100/100
|-terastallize|p1a: Barraskewda|Water
|move|p1a: Barraskewda|Liquidation|p2a: Toxapex
|-resisted|p2a: Toxapex
|-damage|p2a: Toxapex|50/100
|
|-weather|RainDance|[upkeep]
|-heal|p2a: Toxapex|57/100|[from] item: Black Sludge
|upkeep
|turn|3
|
|t:|1760760103
|switch|p1a: Toxapex|Toxapex, M|100/100
|move|p2a: Toxapex|Baneful Bunker||[still]
|-fail|p2a: Toxapex
|
|-weather|RainDance|[upkeep]
|-heal|p2a: Toxapex|63/100|[from] item: Black Sludge
|upkeep
|turn|4
|
|t:|1760760110
|move|p1a: Toxapex|Toxic Spikes|p2a: Toxapex
|-sidestart|p2: Luat1|move: Toxic Spikes
|move|p2a: Toxapex|Toxic Spikes|p1a: Toxapex
|-sidestart|p1: dot the dot|move: Toxic Spikes
|
|-weather|RainDance|[upkeep]
|-heal|p2a: Toxapex|69/100|[from] item: Black Sludge
|upkeep
|turn|5
|
|t:|1760760117
|move|p1a: Toxapex|Toxic Spikes|p2a: Toxapex
|-sidestart|p2: Luat1|move: Toxic Spikes
|move|p2a: Toxapex|Toxic Spikes|p1a: Toxapex
|-sidestart|p1: dot the dot|move: Toxic Spikes
|
|-weather|RainDance|[upkeep]
|-heal|p2a: Toxapex|75/100|[from] item: Black Sludge
|upkeep
|turn|6
|
|t:|1760760127
|switch|p1a: Pelipper|Pelipper, M|100/100
|move|p2a: Toxapex|Baneful Bunker||[still]
|-fail|p2a: Toxapex
|
|-weather|RainDance|[upkeep]
|-heal|p2a: Toxapex|82/100|[from] item: Black Sludge
|-damage|p1a: Pelipper|88/100|[from] item: Sticky Barb
|upkeep
|turn|7
|
|t:|1760760139
|switch|p1a: Toxapex|Toxapex, M|100/100
|-sideend|p1: dot the dot|move: Toxic Spikes|[of] p1a: Toxapex
|move|p2a: Toxapex|Ice Beam|p1a: Toxapex
|-resisted|p1a: Toxapex
|-damage|p1a: Toxapex|97/100
|
|-weather|RainDance|[upkeep]
|-heal|p2a: Toxapex|88/100|[from] item: Black Sludge
|upkeep
|turn|8
|
|t:|1760760154
|switch|p1a: Manaphy|Manaphy|100/100
|move|p2a: Toxapex|Toxic Spikes|p1a: Manaphy
|-sidestart|p1: dot the dot|move: Toxic Spikes
|
|-weather|none
|-heal|p2a: Toxapex|94/100|[from] item: Black Sludge
|upkeep
|turn|9
|
|t:|1760760176
|switch|p2a: Ting-Lu|Ting-Lu|100/100
|-status|p2a: Ting-Lu|tox
|-ability|p2a: Ting-Lu|Vessel of Ruin
|move|p1a: Manaphy|Take Heart|p1a: Manaphy
|-boost|p1a: Manaphy|spa|1
|-boost|p1a: Manaphy|spd|1
|
|-damage|p2a: Ting-Lu|94/100 tox|[from] psn
|upkeep
|turn|10
|
|t:|1760760183
|-terastallize|p2a: Ting-Lu|Fairy
|move|p1a: Manaphy|Scald|p2a: Ting-Lu
|-damage|p2a: Ting-Lu|71/100 tox
|move|p2a: Ting-Lu|Whirlwind|p1a: Manaphy
|drag|p1a: Walking Wake|Walking Wake|100/100
|-status|p1a: Walking Wake|psn
|-enditem|p1a: Walking Wake|Booster Energy
|-activate|p1a: Walking Wake|ability: Protosynthesis|[fromitem]
|-start|p1a: Walking Wake|protosynthesisspa
|
|-damage|p1a: Walking Wake|88/100 psn|[from] psn
|-damage|p2a: Ting-Lu|58/100 tox|[from] psn
|upkeep
|turn|11
|
|t:|1760760194
|move|p1a: Walking Wake|Flip Turn|p2a: Ting-Lu
|-damage|p2a: Ting-Lu|50/100 tox
|-damage|p1a: Walking Wake|72/100 psn|[from] item: Rocky Helmet|[of] p2a: Ting-Lu
|
|t:|1760760204
|-end|p1a: Walking Wake|Protosynthesis|[silent]
|switch|p1a: Toxapex|Toxapex, M|100/100|[from] Flip Turn
|-sideend|p1: dot the dot|move: Toxic Spikes|[of] p1a: Toxapex
|move|p2a: Ting-Lu|Spikes|p1a: Toxapex
|-sidestart|p1: dot the dot|Spikes
|
|-damage|p2a: Ting-Lu|31/100 tox|[from] psn
|upkeep
|turn|12
|
|t:|1760760213
|switch|p2a: Toxapex|Toxapex, F|100/100
|-sideend|p2: Luat1|move: Toxic Spikes|[of] p2a: Toxapex
|switch|p1a: Pelipper|Pelipper, M|88/100
|-weather|RainDance|[from] ability: Drizzle|[of] p1a: Pelipper
|
|-weather|RainDance|[upkeep]
|-damage|p1a: Pelipper|76/100|[from] item: Sticky Barb
|upkeep
|turn|13
|
|t:|1760760231
|switch|p1a: Manaphy|Manaphy|100/100
|-damage|p1a: Manaphy|88/100|[from] Spikes
|switch|p2a: Clefable|Clefable, M|96/100
|
|-weather|RainDance|[upkeep]
|-heal|p1a: Manaphy|94/100|[from] item: Leftovers
|upkeep
|turn|14
|
|t:|1760760239
|move|p1a: Manaphy|Take Heart|p1a: Manaphy
|-boost|p1a: Manaphy|spa|1
|-boost|p1a: Manaphy|spd|1
|move|p2a: Clefable|Wish|p2a: Clefable
|
|-weather|RainDance|[upkeep]
|-heal|p1a: Manaphy|100/100|[from] item: Leftovers
|upkeep
|turn|15
|
|t:|1760760265
|switch|p2a: Ting-Lu|Ting-Lu, tera:Fairy|31/100 tox
|-ability|p2a: Ting-Lu|Vessel of Ruin
|move|p1a: Manaphy|Take Heart|p1a: Manaphy
|-boost|p1a: Manaphy|spa|1
|-boost|p1a: Manaphy|spd|1
|
|-weather|RainDance|[upkeep]
|-heal|p2a: Ting-Lu|70/100 tox|[from] move: Wish|[wisher] Clefable
|-damage|p2a: Ting-Lu|64/100 tox|[from] psn
|upkeep
|turn|16
|
|t:|1760760284
|move|p1a: Manaphy|Scald|p2a: Ting-Lu
|-damage|p2a: Ting-Lu|14/100 tox
|move|p2a: Ting-Lu|Whirlwind|p1a: Manaphy
|drag|p1a: Tornadus|Tornadus-Therian, M|100/100
|
|-weather|none
|-damage|p2a: Ting-Lu|1/100 tox|[from] psn
|upkeep
|turn|17
|inactive|Luat1 has 120 seconds left.
|
|t:|1760760326
|move|p1a: Tornadus|U-turn|p2a: Ting-Lu
|-resisted|p2a: Ting-Lu
|-damage|p2a: Ting-Lu|0 fnt
|-damage|p1a: Tornadus|84/100|[from] item: Rocky Helmet|[of] p2a: Ting-Lu
|faint|p2a: Ting-Lu
|
|t:|1760760336
|switch|p1a: Manaphy|Manaphy|100/100|[from] U-turn
|-damage|p1a: Manaphy|88/100|[from] Spikes
|
|-heal|p1a: Manaphy|94/100|[from] item: Leftovers
|upkeep
|
|t:|1760760345
|switch|p2a: Gliscor|Gliscor, F, shiny|100/100
|turn|18
|
|t:|1760760357
|switch|p1a: Pelipper|Pelipper, M|76/100
|-weather|RainDance|[from] ability: Drizzle|[of] p1a: Pelipper
|move|p2a: Gliscor|Toxic|p1a: Pelipper
|-status|p1a: Pelipper|tox
|
|-weather|RainDance|[upkeep]
|-damage|p1a: Pelipper|70/100 tox|[from] psn
|-status|p2a: Gliscor|tox|[from] item: Toxic Orb
|-damage|p1a: Pelipper|57/100 tox|[from] item: Sticky Barb
|upkeep
|turn|19
|
|t:|1760760363
|move|p2a: Gliscor|Protect|p2a: Gliscor
|-singleturn|p2a: Gliscor|Protect
|move|p1a: Pelipper|U-turn|p2a: Gliscor
|-activate|p2a: Gliscor|move: Protect
|
|-weather|RainDance|[upkeep]
|-damage|p1a: Pelipper|45/100 tox|[from] psn
|-damage|p1a: Pelipper|32/100 tox|[from] item: Sticky Barb
|upkeep
|turn|20
|
|t:|1760760367
|move|p2a: Gliscor|Stealth Rock|p1a: Pelipper
|-sidestart|p1: dot the dot|move: Stealth Rock
|move|p1a: Pelipper|U-turn|p2a: Gliscor
|-resisted|p2a: Gliscor
|-damage|p2a: Gliscor|97/100 tox
|
|t:|1760760373
|switch|p1a: Barraskewda|Barraskewda, M, tera:Water|100/100|[from] U-turn
|-damage|p1a: Barraskewda|88/100|[from] Spikes
|-damage|p1a: Barraskewda|76/100|[from] Stealth Rock
|
|-weather|RainDance|[upkeep]
|-heal|p2a: Gliscor|100/100 tox|[from] ability: Poison Heal
|upkeep
|turn|21
|
|t:|1760760393
|move|p2a: Gliscor|Protect|p2a: Gliscor
|-singleturn|p2a: Gliscor|Protect
|move|p1a: Barraskewda|Liquidation|p2a: Gliscor
|-activate|p2a: Gliscor|move: Protect
|
|-weather|RainDance|[upkeep]
|upkeep
|turn|22
|
|t:|1760760397
|switch|p2a: Toxapex|Toxapex, F|100/100
|move|p1a: Barraskewda|Liquidation|p2a: Toxapex
|-resisted|p2a: Toxapex
|-damage|p2a: Toxapex|53/100
|
|-weather|none
|-heal|p2a: Toxapex|59/100|[from] item: Black Sludge
|upkeep
|turn|23
|
|t:|1760760412
|switch|p1a: Pelipper|Pelipper, M|32/100 tox
|-damage|p1a: Pelipper|8/100 tox|[from] Stealth Rock
|-weather|RainDance|[from] ability: Drizzle|[of] p1a: Pelipper
|move|p2a: Toxapex|Baneful Bunker||[still]
|-fail|p2a: Toxapex
|
|-weather|RainDance|[upkeep]
|-heal|p2a: Toxapex|66/100|[from] item: Black Sludge
|-damage|p1a: Pelipper|1/100 tox|[from] psn
|-damage|p1a: Pelipper|0 fnt|[from] item: Sticky Barb
|faint|p1a: Pelipper
|upkeep
|
|t:|1760760419
|switch|p1a: Toxapex|Toxapex, M|100/100
|turn|24
|
|t:|1760760423
|switch|p1a: Manaphy|Manaphy|94/100
|-damage|p1a: Manaphy|82/100|[from] Spikes
|-damage|p1a: Manaphy|70/100|[from] Stealth Rock
|move|p2a: Toxapex|Toxic Spikes|p1a: Manaphy
|-sidestart|p1: dot the dot|move: Toxic Spikes
|
|-weather|RainDance|[upkeep]
|-heal|p1a: Manaphy|76/100|[from] item: Leftovers
|-heal|p2a: Toxapex|72/100|[from] item: Black Sludge
|upkeep
|turn|25
|
|t:|1760760430
|switch|p2a: Gholdengo|Gholdengo|100/100
|move|p1a: Manaphy|Take Heart|p1a: Manaphy
|-boost|p1a: Manaphy|spa|1
|-boost|p1a: Manaphy|spd|1
|
|-weather|RainDance|[upkeep]
|-heal|p1a: Manaphy|82/100|[from] item: Leftovers
|upkeep
|turn|26
|
|t:|1760760443
|move|p2a: Gholdengo|Shadow Ball|p1a: Manaphy
|-damage|p1a: Manaphy|53/100
|move|p1a: Manaphy|Acid Armor|p1a: Manaphy
|-boost|p1a: Manaphy|def|2
|
|-weather|RainDance|[upkeep]
|-heal|p1a: Manaphy|59/100|[from] item: Leftovers
|upkeep
|turn|27
|
|t:|1760760455
|switch|p2a: Clefable|Clefable, M|96/100
|move|p1a: Manaphy|Take Heart|p1a: Manaphy
|-boost|p1a: Manaphy|spa|1
|-boost|p1a: Manaphy|spd|1
|
|-weather|none
|-heal|p1a: Manaphy|65/100|[from] item: Leftovers
|upkeep
|turn|28
|
|t:|1760760460
|move|p1a: Manaphy|Stored Power|p2a: Clefable
|-damage|p2a: Clefable|30/100
|move|p2a: Clefable|Trick|p1a: Manaphy
|-activate|p2a: Clefable|move: Trick|[of] p1a: Manaphy
|-item|p1a: Manaphy|Damp Rock|[from] move: Trick
|-item|p2a: Clefable|Leftovers|[from] move: Trick
|
|-heal|p2a: Clefable|37/100|[from] item: Leftovers
|upkeep
|turn|29
|
|t:|1760760471
|move|p1a: Manaphy|Stored Power|p2a: Clefable
|-damage|p2a: Clefable|0 fnt
|faint|p2a: Clefable
|
|upkeep
|
|t:|1760760477
|switch|p2a: Garganacl|Garganacl, F|100/100
|turn|30
|
|t:|1760760483
|move|p1a: Manaphy|Scald|p2a: Garganacl
|-supereffective|p2a: Garganacl
|-damage|p2a: Garganacl|0 fnt
|faint|p2a: Garganacl
|
|upkeep
|-message|Luat1 forfeited.
|
|win|dot the dot
|raw|dot the dot's rating: 1320 &rarr; <strong>1339</strong><br />(+19 for winning)
|raw|Luat1's rating: 1310 &rarr; <strong>1291</strong><br />(-19 for losing)
|l|‽Luat1
|player|p2|
|l|☆dot the dot
|player|p1|
