|j|☆darealjay
|j|‽SonvayedX1
|t:|1760742956
|gametype|singles
|player|p1|darealjay|101|1370
|player|p2|SonvayedX1|hilbert|1344
|gen|9
|tier|[Gen 9] OU
|rated|
|rule|HP Percentage Mod: HP is shown in percentages
|rule|Endless Battle Clause: Forcing endless battles is banned
|rule|Species Clause: Limit one of each Pokémon
|rule|OHKO Clause: OHKO moves are banned
|rule|Evasion Items Clause: Evasion items are banned
|rule|Evasion Moves Clause: Evasion moves are banned
|rule|Evasion Abilities Clause: Evasion abilities are banned
|rule|Sleep Moves Clause: Sleep-inducing moves are banned
|clearpoke
|poke|p1|Ninetales-Alola, M|
|poke|p1|Garganacl, M|
|poke|p1|Cinderace, F|
|poke|p1|Corviknight, M|
|poke|p1|Kommo-o, F|
|poke|p1|Raging Bolt|
|poke|p2|Grotle, F|
|poke|p2|Walking Wake|
|poke|p2|Cinderace, F|
|poke|p2|Palossand, M|
|poke|p2|Heatran, M|
|poke|p2|Clefable, M|
|teampreview
|inactive|Battle timer is ON: inactive players will automatically lose when time's up. (requested by SonvayedX1)
|
|t:|1760742970
|teamsize|p1|6
|teamsize|p2|6
|start
|switch|p1a: Ninetales|Ninetales-Alola, M|100/100
|switch|p2a: Heatran|Heatran, M|100/100
|-weather|Snowscape|[from] ability: Snow Warning|[of] p1a: Ninetales
|turn|1
|
|t:|1760742974
|switch|p1a: Garganacl|Garganacl, M|100/100
|move|p2a: Heatran|Heavy Slam|p1a: Garganacl
|-supereffective|p1a: Garganacl
|-damage|p1a: Garganacl|60/100
|
|-weather|Snowscape|[upkeep]
|-heal|p1a: Garganacl|67/100|[from] item: Leftovers
|upkeep
|turn|2
|
|t:|1760742981
|switch|p2a: Grotle|Grotle, F|100/100
|move|p1a: Garganacl|Salt Cure|p2a: Grotle
|-damage|p2a: Grotle|93/100
|-start|p2a: Grotle|Salt Cure
|
|-weather|Snowscape|[upkeep]
|-heal|p1a: Garganacl|73/100|[from] item: Leftovers
|-damage|p2a: Grotle|80/100|[from] Salt Cure
|upkeep
|turn|3
|
|t:|1760742983
|switch|p1a: Corviknight|Corviknight, M|100/100
|-ability|p1a: Corviknight|Pressure
|move|p2a: Grotle|Leech Seed|p1a: Corviknight
|-start|p1a: Corviknight|move: Leech Seed
|
|-weather|Snowscape|[upkeep]
|-damage|p1a: Corviknight|88/100|[from] Leech Seed|[of] p2a: Grotle
|-heal|p2a: Grotle|94/100|[silent]
|-damage|p2a: Grotle|82/100|[from] Salt Cure
|upkeep
|turn|4
|
|t:|1760742989
|move|p1a: Corviknight|U-turn|p2a: Grotle
|-supereffective|p2a: Grotle
|-damage|p2a: Grotle|65/100
|
|t:|1760742991
|switch|p1a: Ninetales|Ninetales-Alola, M|100/100|[from] U-turn
|move|p2a: Grotle|Stealth Rock|p1a: Ninetales
|-sidestart|p1: darealjay|move: Stealth Rock
|
|-weather|Snowscape|[upkeep]
|-damage|p2a: Grotle|52/100|[from] Salt Cure
|upkeep
|turn|5
|
|t:|1760742996
|move|p1a: Ninetales|Aurora Veil|p1a: Ninetales
|-sidestart|p1: darealjay|move: Aurora Veil
|move|p2a: Grotle|Leech Seed|p1a: Ninetales
|-start|p1a: Ninetales|move: Leech Seed
|
|-weather|none
|-damage|p1a: Ninetales|88/100|[from] Leech Seed|[of] p2a: Grotle
|-heal|p2a: Grotle|62/100|[silent]
|-damage|p2a: Grotle|50/100|[from] Salt Cure
|upkeep
|turn|6
|
|t:|1760742999
|switch|p1a: Corviknight|Corviknight, M|88/100
|-damage|p1a: Corviknight|76/100|[from] Stealth Rock
|-ability|p1a: Corviknight|Pressure
|switch|p2a: Heatran|Heatran, M|100/100
|
|upkeep
|turn|7
|
|t:|1760743007
|switch|p1a: Garganacl|Garganacl, M|73/100
|-damage|p1a: Garganacl|60/100|[from] Stealth Rock
|move|p2a: Heatran|Flare Blitz|p1a: Garganacl
|-resisted|p1a: Garganacl
|-damage|p1a: Garganacl|48/100
|-damage|p2a: Heatran|96/100|[from] Recoil
|
|-heal|p1a: Garganacl|54/100|[from] item: Leftovers
|upkeep
|turn|8
|
|t:|1760743014
|switch|p2a: Grotle|Grotle, F|50/100
|move|p1a: Garganacl|Recover|p1a: Garganacl
|-heal|p1a: Garganacl|100/100
|
|upkeep
|turn|9
|
|t:|1760743018
|move|p2a: Grotle|Leech Seed|p1a: Garganacl
|-start|p1a: Garganacl|move: Leech Seed
|move|p1a: Garganacl|Salt Cure|p2a: Grotle
|-damage|p2a: Grotle|43/100
|-start|p2a: Grotle|Salt Cure
|
|-damage|p1a: Garganacl|88/100|[from] Leech Seed|[of] p2a: Grotle
|-heal|p2a: Grotle|57/100|[silent]
|-damage|p2a: Grotle|45/100|[from] Salt Cure
|upkeep
|turn|10
|
|t:|1760743021
|switch|p1a: Corviknight|Corviknight, M|76/100
|-damage|p1a: Corviknight|64/100|[from] Stealth Rock
|-ability|p1a: Corviknight|Pressure
|move|p2a: Grotle|Synthesis|p2a: Grotle
|-heal|p2a: Grotle|95/100
|
|-damage|p2a: Grotle|82/100|[from] Salt Cure
|upkeep
|turn|11
|
|t:|1760743026
|move|p1a: Corviknight|Roost|p1a: Corviknight
|-heal|p1a: Corviknight|100/100
|-singleturn|p1a: Corviknight|move: Roost
|move|p2a: Grotle|Leech Seed|p1a: Corviknight
|-start|p1a: Corviknight|move: Leech Seed
|
|-damage|p1a: Corviknight|88/100|[from] Leech Seed|[of] p2a: Grotle
|-heal|p2a: Grotle|96/100|[silent]
|-damage|p2a: Grotle|84/100|[from] Salt Cure
|upkeep
|turn|12
|
|t:|1760743029
|move|p1a: Corviknight|Defog|p2a: Grotle
|-unboost|p2a: Grotle|evasion|1
|-sideend|p1: darealjay|Stealth Rock|[from] move: Defog|[of] p1a: Corviknight
|move|p2a: Grotle|Seed Bomb|p1a: Corviknight
|-resisted|p1a: Corviknight
|-damage|p1a: Corviknight|86/100
|
|-damage|p1a: Corviknight|74/100|[from] Leech Seed|[of] p2a: Grotle
|-heal|p2a: Grotle|97/100|[silent]
|-damage|p2a: Grotle|85/100|[from] Salt Cure
|-sideend|p1: darealjay|move: Aurora Veil
|upkeep
|turn|13
|
|t:|1760743033
|switch|p2a: Heatran|Heatran, M|96/100
|move|p1a: Corviknight|U-turn|p2a: Heatran
|-resisted|p2a: Heatran
|-damage|p2a: Heatran|93/100
|
|t:|1760743036
|switch|p1a: Garganacl|Garganacl, M|88/100|[from] U-turn
|
|-heal|p1a: Garganacl|94/100|[from] item: Leftovers
|upkeep
|turn|14
|
|t:|1760743044
|switch|p2a: Grotle|Grotle, F|85/100
|move|p1a: Garganacl|Salt Cure|p2a: Grotle
|-damage|p2a: Grotle|78/100
|-start|p2a: Grotle|Salt Cure
|
|-heal|p1a: Garganacl|100/100|[from] item: Leftovers
|-damage|p2a: Grotle|65/100|[from] Salt Cure
|upkeep
|turn|15
|
|t:|1760743049
|switch|p2a: Heatran|Heatran, M|93/100
|switch|p1a: Cinderace|Cinderace, F|100/100
|
|upkeep
|turn|16
|
|t:|1760743053
|move|p1a: Cinderace|U-turn|p2a: Heatran
|-start|p1a: Cinderace|typechange|Bug|[from] ability: Libero
|-resisted|p2a: Heatran
|-damage|p2a: Heatran|86/100
|
|t:|1760743057
|switch|p1a: Garganacl|Garganacl, M|100/100|[from] U-turn
|move|p2a: Heatran|Earthquake|p1a: Garganacl
|-supereffective|p1a: Garganacl
|-damage|p1a: Garganacl|45/100
|
|-heal|p1a: Garganacl|51/100|[from] item: Leftovers
|upkeep
|turn|17
|
|t:|1760743065
|switch|p2a: Cinderace|Cinderace, F|100/100
|move|p1a: Garganacl|Recover|p1a: Garganacl
|-heal|p1a: Garganacl|100/100
|
|upkeep
|turn|18
|
|t:|1760743070
|move|p2a: Cinderace|Court Change||[still]
|-start|p2a: Cinderace|typechange|Normal|[from] ability: Libero
|-fail|p2a: Cinderace
|move|p1a: Garganacl|Salt Cure|p2a: Cinderace
|-damage|p2a: Cinderace|81/100
|-start|p2a: Cinderace|Salt Cure
|
|-damage|p2a: Cinderace|69/100|[from] Salt Cure
|upkeep
|turn|19
|
|t:|1760743075
|move|p2a: Cinderace|U-turn|p1a: Garganacl
|-damage|p1a: Garganacl|85/100
|
|t:|1760743077
|switch|p2a: Grotle|Grotle, F|65/100|[from] U-turn
|move|p1a: Garganacl|Iron Defense|p1a: Garganacl
|-boost|p1a: Garganacl|def|2
|
|-heal|p1a: Garganacl|91/100|[from] item: Leftovers
|upkeep
|turn|20
|
|t:|1760743080
|move|p2a: Grotle|Leech Seed|p1a: Garganacl
|-start|p1a: Garganacl|move: Leech Seed
|move|p1a: Garganacl|Salt Cure|p2a: Grotle
|-damage|p2a: Grotle|58/100
|-start|p2a: Grotle|Salt Cure
|
|-heal|p1a: Garganacl|97/100|[from] item: Leftovers
|-damage|p1a: Garganacl|85/100|[from] Leech Seed|[of] p2a: Grotle
|-heal|p2a: Grotle|72/100|[silent]
|-damage|p2a: Grotle|60/100|[from] Salt Cure
|upkeep
|turn|21
|
|t:|1760743083
|move|p2a: Grotle|Seed Bomb|p1a: Garganacl
|-supereffective|p1a: Garganacl
|-damage|p1a: Garganacl|68/100
|move|p1a: Garganacl|Body Press|p2a: Grotle
|-damage|p2a: Grotle|35/100
|
|-heal|p1a: Garganacl|75/100|[from] item: Leftovers
|-damage|p1a: Garganacl|62/100|[from] Leech Seed|[of] p2a: Grotle
|-heal|p2a: Grotle|49/100|[silent]
|-damage|p2a: Grotle|36/100|[from] Salt Cure
|upkeep
|turn|22
|
|t:|1760743090
|switch|p1a: Cinderace|Cinderace, F|100/100
|move|p2a: Grotle|Synthesis|p2a: Grotle
|-heal|p2a: Grotle|86/100
|
|-damage|p2a: Grotle|74/100|[from] Salt Cure
|upkeep
|turn|23
|
|t:|1760743094
|move|p1a: Cinderace|U-turn|p2a: Grotle
|-start|p1a: Cinderace|typechange|Bug|[from] ability: Libero
|-supereffective|p2a: Grotle
|-damage|p2a: Grotle|37/100
|
|t:|1760743098
|switch|p1a: Ninetales|Ninetales-Alola, M|88/100|[from] U-turn
|-weather|Snowscape|[from] ability: Snow Warning|[of] p1a: Ninetales
|move|p2a: Grotle|Stealth Rock|p1a: Ninetales
|-sidestart|p1: darealjay|move: Stealth Rock
|
|-weather|Snowscape|[upkeep]
|-damage|p2a: Grotle|24/100|[from] Salt Cure
|upkeep
|turn|24
|
|t:|1760743107
|switch|p2a: Cinderace|Cinderace, F|69/100
|move|p1a: Ninetales|Aurora Veil|p1a: Ninetales
|-sidestart|p1: darealjay|move: Aurora Veil
|
|-weather|Snowscape|[upkeep]
|upkeep
|turn|25
|
|t:|1760743109
|move|p2a: Cinderace|Will-O-Wisp|p1a: Ninetales
|-status|p1a: Ninetales|brn
|move|p1a: Ninetales|Aurora Veil||[still]
|-fail|p1a: Ninetales
|
|-weather|Snowscape|[upkeep]
|-damage|p1a: Ninetales|82/100 brn|[from] brn
|upkeep
|turn|26
|
|t:|1760743117
|switch|p1a: Garganacl|Garganacl, M|62/100
|-damage|p1a: Garganacl|50/100|[from] Stealth Rock
|move|p2a: Cinderace|Pyro Ball|p1a: Garganacl
|-resisted|p1a: Garganacl
|-damage|p1a: Garganacl|40/100
|
|-weather|Snowscape|[upkeep]
|-heal|p1a: Garganacl|46/100|[from] item: Leftovers
|upkeep
|turn|27
|
|t:|1760743120
|move|p2a: Cinderace|U-turn|p1a: Garganacl
|-start|p2a: Cinderace|typechange|Bug|[from] ability: Libero
|-damage|p1a: Garganacl|35/100
|
|t:|1760743125
|switch|p2a: Grotle|Grotle, F|24/100|[from] U-turn
|move|p1a: Garganacl|Recover|p1a: Garganacl
|-heal|p1a: Garganacl|85/100
|
|-weather|none
|-heal|p1a: Garganacl|91/100|[from] item: Leftovers
|upkeep
|turn|28
|
|t:|1760743128
|move|p2a: Grotle|Synthesis|p2a: Grotle
|-heal|p2a: Grotle|74/100
|move|p1a: Garganacl|Salt Cure|p2a: Grotle
|-damage|p2a: Grotle|66/100
|-start|p2a: Grotle|Salt Cure
|
|-heal|p1a: Garganacl|97/100|[from] item: Leftovers
|-damage|p2a: Grotle|54/100|[from] Salt Cure
|upkeep
|turn|29
|
|t:|1760743136
|switch|p1a: Corviknight|Corviknight, M|74/100
|-damage|p1a: Corviknight|62/100|[from] Stealth Rock
|-ability|p1a: Corviknight|Pressure
|move|p2a: Grotle|Synthesis|p2a: Grotle
|-heal|p2a: Grotle|100/100
|
|-damage|p2a: Grotle|88/100|[from] Salt Cure
|upkeep
|turn|30
|
|t:|1760743141
|switch|p2a: Palossand|Palossand, M, shiny|100/100
|move|p1a: Corviknight|U-turn|p2a: Palossand
|-resisted|p2a: Palossand
|-damage|p2a: Palossand|95/100
|
|t:|1760743148
|switch|p1a: Kommo-o|Kommo-o, F|100/100|[from] U-turn
|-damage|p1a: Kommo-o|94/100|[from] Stealth Rock
|
|-heal|p2a: Palossand|100/100|[from] item: Leftovers
|upkeep
|turn|31
|
|t:|1760743151
|switch|p2a: Clefable|Clefable, M|100/100
|move|p1a: Kommo-o|Substitute|p1a: Kommo-o
|-start|p1a: Kommo-o|Substitute
|-damage|p1a: Kommo-o|69/100
|
|-sideend|p1: darealjay|move: Aurora Veil
|upkeep
|turn|32
|
|t:|1760743153
|move|p1a: Kommo-o|Belly Drum|p1a: Kommo-o
|-damage|p1a: Kommo-o|19/100
|-setboost|p1a: Kommo-o|atk|6|[from] move: Belly Drum
|-enditem|p1a: Kommo-o|Salac Berry|[eat]
|-boost|p1a: Kommo-o|spe|1|[from] item: Salac Berry
|move|p2a: Clefable|Moonblast|p1a: Kommo-o
|-supereffective|p1a: Kommo-o
|-end|p1a: Kommo-o|Substitute
|
|upkeep
|turn|33
|
|t:|1760743160
|-terastallize|p1a: Kommo-o|Steel
|move|p2a: Clefable|Protect|p2a: Clefable
|-singleturn|p2a: Clefable|Protect
|move|p1a: Kommo-o|Ice Punch|p2a: Clefable
|-activate|p2a: Clefable|move: Protect
|
|upkeep
|turn|34
|
|t:|1760743175
|move|p1a: Kommo-o|Ice Punch|p2a: Clefable
|-damage|p2a: Clefable|4/100
|move|p2a: Clefable|Moonblast|p1a: Kommo-o
|-resisted|p1a: Kommo-o
|-damage|p1a: Kommo-o|3/100
|
|-heal|p2a: Clefable|10/100|[from] item: Leftovers
|upkeep
|turn|35
|
|t:|1760743180
|move|p1a: Kommo-o|Drain Punch|p2a: Clefable
|-resisted|p2a: Clefable
|-damage|p2a: Clefable|0 fnt
|-heal|p1a: Kommo-o|9/100|[from] drain|[of] p2a: Clefable
|faint|p2a: Clefable
|
|upkeep
|
|t:|1760743182
|switch|p2a: Walking Wake|Walking Wake|100/100
|turn|36
|
|t:|1760743188
|move|p2a: Walking Wake|Scald|p1a: Kommo-o
|-damage|p1a: Kommo-o|0 fnt
|faint|p1a: Kommo-o
|
|upkeep
|
|t:|1760743194
|switch|p1a: Raging Bolt|Raging Bolt|100/100
|-damage|p1a: Raging Bolt|88/100|[from] Stealth Rock
|turn|37
|
|t:|1760743198
|-end|p2a: Walking Wake|Protosynthesis|[silent]
|switch|p2a: Palossand|Palossand, M, shiny|100/100
|move|p1a: Raging Bolt|Calm Mind|p1a: Raging Bolt
|-boost|p1a: Raging Bolt|spa|1
|-boost|p1a: Raging Bolt|spd|1
|
|-heal|p1a: Raging Bolt|94/100|[from] item: Leftovers
|upkeep
|turn|38
|
|t:|1760743202
|move|p1a: Raging Bolt|Calm Mind|p1a: Raging Bolt
|-boost|p1a: Raging Bolt|spa|1
|-boost|p1a: Raging Bolt|spd|1
|move|p2a: Palossand|Earth Power|p1a: Raging Bolt
|-supereffective|p1a: Raging Bolt
|-damage|p1a: Raging Bolt|61/100
|
|-heal|p1a: Raging Bolt|67/100|[from] item: Leftovers
|upkeep
|turn|39
|
|t:|1760743208
|move|p1a: Raging Bolt|Dragon Pulse|p2a: Palossand
|-damage|p2a: Palossand|0 fnt
|faint|p2a: Palossand
|
|-heal|p1a: Raging Bolt|73/100|[from] item: Leftovers
|upkeep
|
|t:|1760743216
|switch|p2a: Heatran|Heatran, M|86/100
|turn|40
|
|t:|1760743218
|-terastallize|p2a: Heatran|Grass
|move|p2a: Heatran|Earthquake|p1a: Raging Bolt
|-supereffective|p1a: Raging Bolt
|-damage|p1a: Raging Bolt|0 fnt
|faint|p1a: Raging Bolt
|-end|p1a: Raging Bolt|Protosynthesis|[silent]
|
|upkeep
|
|t:|1760743224
|switch|p1a: Cinderace|Cinderace, F|100/100
|turn|41
|
|t:|1760743228
|move|p1a: Cinderace|Court Change|p1a: Cinderace
|-start|p1a: Cinderace|typechange|Normal|[from] ability: Libero
|-swapsideconditions
|-activate|p1a: Cinderace|move: Court Change
|move|p2a: Heatran|Earthquake|p1a: Cinderace
|-damage|p1a: Cinderace|40/100
|
|upkeep
|turn|42
|
|t:|1760743233
|switch|p2a: Cinderace|Cinderace, F|69/100
|move|p1a: Cinderace|U-turn|p2a: Cinderace
|-resisted|p2a: Cinderace
|-damage|p2a: Cinderace|53/100
|
|t:|1760743238
|switch|p1a: Garganacl|Garganacl, M|97/100|[from] U-turn
|
|-heal|p1a: Garganacl|100/100|[from] item: Leftovers
|upkeep
|turn|43
|
|t:|1760743243
|move|p2a: Cinderace|Court Change|p2a: Cinderace
|-start|p2a: Cinderace|typechange|Normal|[from] ability: Libero
|-swapsideconditions
|-activate|p2a: Cinderace|move: Court Change
|move|p1a: Garganacl|Salt Cure|p2a: Cinderace
|-damage|p2a: Cinderace|32/100
|-start|p2a: Cinderace|Salt Cure
|
|-damage|p2a: Cinderace|20/100|[from] Salt Cure
|upkeep
|turn|44
|
|t:|1760743246
|move|p2a: Cinderace|U-turn|p1a: Garganacl
|-damage|p1a: Garganacl|85/100
|
|t:|1760743249
|switch|p2a: Grotle|Grotle, F|88/100|[from] U-turn
|move|p1a: Garganacl|Salt Cure|p2a: Grotle
|-damage|p2a: Grotle|80/100
|-start|p2a: Grotle|Salt Cure
|
|-heal|p1a: Garganacl|91/100|[from] item: Leftovers
|-damage|p2a: Grotle|68/100|[from] Salt Cure
|upkeep
|turn|45
|
|t:|1760743252
|switch|p1a: Corviknight|Corviknight, M|62/100
|-damage|p1a: Corviknight|50/100|[from] Stealth Rock
|-ability|p1a: Corviknight|Pressure
|move|p2a: Grotle|Leech Seed|p1a: Corviknight
|-start|p1a: Corviknight|move: Leech Seed
|
|-damage|p1a: Corviknight|37/100|[from] Leech Seed|[of] p2a: Grotle
|-heal|p2a: Grotle|82/100|[silent]
|-damage|p2a: Grotle|69/100|[from] Salt Cure
|upkeep
|turn|46
|
|t:|1760743259
|switch|p2a: Heatran|Heatran, M, tera:Grass|86/100
|move|p1a: Corviknight|U-turn|p2a: Heatran
|-supereffective|p2a: Heatran
|-damage|p2a: Heatran|60/100
|
|t:|1760743261
|switch|p1a: Cinderace|Cinderace, F|40/100|[from] U-turn
|
|upkeep
|turn|47
|
|t:|1760743264
|switch|p2a: Walking Wake|Walking Wake|100/100
|move|p1a: Cinderace|Court Change|p1a: Cinderace
|-start|p1a: Cinderace|typechange|Normal|[from] ability: Libero
|-swapsideconditions
|-activate|p1a: Cinderace|move: Court Change
|
|upkeep
|turn|48
|
|t:|1760743267
|move|p2a: Walking Wake|Scald|p1a: Cinderace
|-damage|p1a: Cinderace|0 fnt
|faint|p1a: Cinderace
|
|upkeep
|
|t:|1760743269
|switch|p1a: Ninetales|Ninetales-Alola, M|82/100 brn
|-weather|Snowscape|[from] ability: Snow Warning|[of] p1a: Ninetales
|turn|49
|
|t:|1760743272
|move|p2a: Walking Wake|Scald|p1a: Ninetales
|-damage|p1a: Ninetales|36/100 brn
|move|p1a: Ninetales|Aurora Veil|p1a: Ninetales
|-sidestart|p1: darealjay|move: Aurora Veil
|
|-weather|Snowscape|[upkeep]
|-damage|p1a: Ninetales|30/100 brn|[from] brn
|upkeep
|turn|50
|
|t:|1760743278
|-end|p2a: Walking Wake|Protosynthesis|[silent]
|switch|p2a: Cinderace|Cinderace, F|20/100
|move|p1a: Ninetales|Moonblast|p2a: Cinderace
|-resisted|p2a: Cinderace
|-damage|p2a: Cinderace|0 fnt
|faint|p2a: Cinderace
|
|-weather|Snowscape|[upkeep]
|-damage|p1a: Ninetales|24/100 brn|[from] brn
|upkeep
|
|t:|1760743286
|switch|p2a: Heatran|Heatran, M, tera:Grass|60/100
|-damage|p2a: Heatran|48/100|[from] Stealth Rock
|turn|51
|
|t:|1760743296
|switch|p2a: Grotle|Grotle, F|69/100
|-damage|p2a: Grotle|57/100|[from] Stealth Rock
|move|p1a: Ninetales|Freeze-Dry|p2a: Grotle
|-supereffective|p2a: Grotle
|-damage|p2a: Grotle|9/100
|-status|p2a: Grotle|frz
|
|-weather|Snowscape|[upkeep]
|-damage|p1a: Ninetales|18/100 brn|[from] brn
|upkeep
|turn|52
|
|t:|1760743301
|move|p1a: Ninetales|Freeze-Dry|p2a: Grotle
|-supereffective|p2a: Grotle
|-damage|p2a: Grotle|0 fnt
|faint|p2a: Grotle
|
|-weather|Snowscape|[upkeep]
|-damage|p1a: Ninetales|12/100 brn|[from] brn
|upkeep
|
|t:|1760743303
|switch|p2a: Walking Wake|Walking Wake|100/100
|-damage|p2a: Walking Wake|88/100|[from] Stealth Rock
|turn|53
|
|t:|1760743306
|move|p2a: Walking Wake|Scald|p1a: Ninetales
|-damage|p1a: Ninetales|0 fnt
|faint|p1a: Ninetales
|
|-weather|none
|upkeep
|
|t:|1760743308
|switch|p1a: Garganacl|Garganacl, M|91/100
|turn|54
|
|t:|1760743313
|-end|p2a: Walking Wake|Protosynthesis|[silent]
|switch|p2a: Heatran|Heatran, M, tera:Grass|48/100
|-damage|p2a: Heatran|35/100|[from] Stealth Rock
|move|p1a: Garganacl|Salt Cure|p2a: Heatran
|-damage|p2a: Heatran|24/100
|-start|p2a: Heatran|Salt Cure
|
|-heal|p1a: Garganacl|98/100|[from] item: Leftovers
|-damage|p2a: Heatran|12/100|[from] Salt Cure
|upkeep
|turn|55
|
|t:|1760743315
|move|p2a: Heatran|Earthquake|p1a: Garganacl
|-supereffective|p1a: Garganacl
|-damage|p1a: Garganacl|69/100
|move|p1a: Garganacl|Iron Defense|p1a: Garganacl
|-boost|p1a: Garganacl|def|2
|
|-heal|p1a: Garganacl|75/100|[from] item: Leftovers
|-damage|p2a: Heatran|0 fnt|[from] Salt Cure
|faint|p2a: Heatran
|upkeep
|
|t:|1760743318
|switch|p2a: Walking Wake|Walking Wake|88/100
|-damage|p2a: Walking Wake|76/100|[from] Stealth Rock
|turn|56
|
|t:|1760743322
|move|p2a: Walking Wake|Scald|p1a: Garganacl
|-supereffective|p1a: Garganacl
|-damage|p1a: Garganacl|50/100
|move|p1a: Garganacl|Salt Cure|p2a: Walking Wake
|-damage|p2a: Walking Wake|60/100
|-start|p2a: Walking Wake|Salt Cure
|
|-heal|p1a: Garganacl|56/100|[from] item: Leftovers
|-damage|p2a: Walking Wake|36/100|[from] Salt Cure
|-sideend|p1: darealjay|move: Aurora Veil
|upkeep
|turn|57
|inactive|SonvayedX1 has 120 seconds left.
|
|t:|1760743357
|switch|p1a: Corviknight|Corviknight, M|37/100
|-ability|p1a: Corviknight|Pressure
|move|p2a: Walking Wake|Scald|p1a: Corviknight
|-damage|p1a: Corviknight|0 fnt
|faint|p1a: Corviknight
|
|-damage|p2a: Walking Wake|11/100|[from] Salt Cure
|upkeep
|
|t:|1760743368
|switch|p1a: Garganacl|Garganacl, M|56/100
|turn|58
|
|t:|1760743370
|move|p2a: Walking Wake|Scald|p1a: Garganacl
|-supereffective|p1a: Garganacl
|-damage|p1a: Garganacl|1/100
|move|p1a: Garganacl|Recover|p1a: Garganacl
|-heal|p1a: Garganacl|51/100
|
|-heal|p1a: Garganacl|57/100|[from] item: Leftovers
|-damage|p2a: Walking Wake|0 fnt|[from] Salt Cure
|faint|p2a: Walking Wake
|-end|p2a: Walking Wake|Protosynthesis|[silent]
|
|win|darealjay
|raw|darealjay's rating: 1370 &rarr; <strong>1389</strong><br />(+19 for winning)
|raw|SonvayedX1's rating: 1344 &rarr; <strong>1325</strong><br />(-19 for losing)
|l|☆darealjay
|player|p1|
|l|‽SonvayedX1
|player|p2|
