|badge|p2|bronze|gen9ou|100-7
|uhtml|medal-msg|<div class="broadcast-blue">Curious what those medals under the avatar are? PS now has Ladder Seasons! For more information, check out the <a href="https://www.smogon.com/forums/threads/3740067/">thread on Smogon.</a></div>
|j|☆tipptopp20
|j|☆ajonymousnon
|t:|1760821841
|gametype|singles
|player|p1|tipptopp20|cynthia-gen4|1765
|player|p2|ajonymousnon|1|1752
|gen|9
|tier|[Gen 9] OU
|rated|
|rule|HP Percentage Mod: HP is shown in percentages
|rule|Endless Battle Clause: Forcing endless battles is banned
|rule|Species Clause: Limit one of each Pokémon
|rule|OHKO Clause: OHKO moves are banned
|rule|Evasion Items Clause: Evasion items are banned
|rule|Evasion Moves Clause: Evasion moves are banned
|rule|Evasion Abilities Clause: Evasion abilities are banned
|rule|Sleep Moves Clause: Sleep-inducing moves are banned
|clearpoke
|poke|p1|Latios, M|
|poke|p1|Alomomola, M|
|poke|p1|Clodsire, F|
|poke|p1|Weavile, F|
|poke|p1|Okidogi, M|
|poke|p1|Forretress, M|
|poke|p2|Great Tusk|
|poke|p2|Ogerpon-Cornerstone, F|
|poke|p2|Rillaboom, M|
|poke|p2|Tyranitar, F|
|poke|p2|Corviknight, M|
|poke|p2|Dragapult, M|
|teampreview
|inactive|Battle timer is ON: inactive players will automatically lose when time's up. (requested by ajonymousnon)
|
|t:|1760821874
|teamsize|p1|6
|teamsize|p2|6
|start
|switch|p1a: Okidogi|Okidogi, M|100/100
|switch|p2a: Dragapult|Dragapult, M|100/100
|turn|1
|
|t:|1760821882
|switch|p2a: Ogerpon|Ogerpon-Cornerstone, F|100/100
|move|p1a: Okidogi|Knock Off|p2a: Ogerpon
|-crit|p2a: Ogerpon
|-damage|p2a: Ogerpon|29/100
|
|upkeep
|turn|2
|
|t:|1760821891
|switch|p2a: Tyranitar|Tyranitar, F|100/100
|-weather|Sandstorm|[from] ability: Sand Stream|[of] p2a: Tyranitar
|move|p1a: Okidogi|Knock Off|p2a: Tyranitar
|-resisted|p2a: Tyranitar
|-damage|p2a: Tyranitar|81/100
|-enditem|p2a: Tyranitar|Leftovers|[from] move: Knock Off|[of] p1a: Okidogi
|
|-weather|Sandstorm|[upkeep]
|-damage|p1a: Okidogi|95/100|[from] Sandstorm
|upkeep
|turn|3
|j| FaronAan
|inactive|tipptopp20 has 120 seconds left.
|
|t:|1760821938
|switch|p1a: Alomomola|Alomomola, M|100/100
|move|p2a: Tyranitar|Stealth Rock|p1a: Alomomola
|-sidestart|p1: tipptopp20|move: Stealth Rock
|
|-weather|Sandstorm|[upkeep]
|-damage|p1a: Alomomola|94/100|[from] Sandstorm
|-heal|p1a: Alomomola|100/100|[from] item: Leftovers
|upkeep
|turn|4
|
|t:|1760821948
|move|p1a: Alomomola|Flip Turn|p2a: Tyranitar
|-supereffective|p2a: Tyranitar
|-damage|p2a: Tyranitar|57/100
|
|t:|1760821966
|switch|p1a: Okidogi|Okidogi, M|95/100|[from] Flip Turn
|-damage|p1a: Okidogi|89/100|[from] Stealth Rock
|move|p2a: Tyranitar|Knock Off|p1a: Okidogi
|-resisted|p1a: Okidogi
|-damage|p1a: Okidogi|66/100
|-enditem|p1a: Okidogi|Choice Band|[from] move: Knock Off|[of] p2a: Tyranitar
|
|-weather|Sandstorm|[upkeep]
|-damage|p1a: Okidogi|60/100|[from] Sandstorm
|upkeep
|turn|5
|
|t:|1760821979
|switch|p2a: Corviknight|Corviknight, M|100/100
|-ability|p2a: Corviknight|Pressure
|move|p1a: Okidogi|Knock Off|p2a: Corviknight
|-damage|p2a: Corviknight|80/100
|-damage|p1a: Okidogi|44/100|[from] item: Rocky Helmet|[of] p2a: Corviknight
|-enditem|p2a: Corviknight|Rocky Helmet|[from] move: Knock Off|[of] p1a: Okidogi
|
|-weather|Sandstorm|[upkeep]
|-damage|p1a: Okidogi|38/100|[from] Sandstorm
|upkeep
|turn|6
|inactive|tipptopp20 has 90 seconds left.
|
|t:|1760821999
|switch|p1a: Forretress|Forretress, M|100/100
|move|p2a: Corviknight|U-turn|p1a: Forretress
|-resisted|p1a: Forretress
|-damage|p1a: Forretress|97/100
|
|t:|1760822005
|switch|p2a: Dragapult|Dragapult, M|100/100|[from] U-turn
|
|-weather|none
|upkeep
|turn|7
|
|t:|1760822010
|move|p2a: Dragapult|Will-O-Wisp|p1a: Forretress
|-status|p1a: Forretress|brn
|move|p1a: Forretress|Gyro Ball|p2a: Dragapult
|-damage|p2a: Dragapult|67/100
|
|-heal|p2a: Dragapult|73/100|[from] item: Leftovers
|-damage|p1a: Forretress|90/100 brn|[from] brn
|upkeep
|turn|8
|
|t:|1760822012
|move|p2a: Dragapult|Hex|p1a: Forretress
|-damage|p1a: Forretress|12/100 brn
|move|p1a: Forretress|Gyro Ball|p2a: Dragapult
|-damage|p2a: Dragapult|42/100
|
|-heal|p2a: Dragapult|48/100|[from] item: Leftovers
|-damage|p1a: Forretress|5/100 brn|[from] brn
|upkeep
|turn|9
|
|t:|1760822017
|switch|p1a: Weavile|Weavile, F|100/100
|-damage|p1a: Weavile|76/100|[from] Stealth Rock
|move|p2a: Dragapult|Hex|p1a: Weavile
|-resisted|p1a: Weavile
|-damage|p1a: Weavile|57/100
|
|-heal|p2a: Dragapult|55/100|[from] item: Leftovers
|upkeep
|turn|10
|
|t:|1760822033
|switch|p2a: Corviknight|Corviknight, M|80/100
|-ability|p2a: Corviknight|Pressure
|move|p1a: Weavile|Triple Axel|p2a: Corviknight
|-damage|p2a: Corviknight|71/100
|-damage|p2a: Corviknight|53/100
|-damage|p2a: Corviknight|29/100
|-hitcount|p2a: Corviknight|3
|
|upkeep
|turn|11
|
|t:|1760822037
|move|p1a: Weavile|Triple Axel|p2a: Corviknight
|-damage|p2a: Corviknight|19/100
|-damage|p2a: Corviknight|1/100
|-damage|p2a: Corviknight|0 fnt
|faint|p2a: Corviknight
|-hitcount|p2: Corviknight|3
|
|upkeep
|
|t:|1760822042
|switch|p2a: Great Tusk|Great Tusk|100/100
|turn|12
|l|☆ajonymousnon
|inactive|ajonymousnon disconnected and has a minute to reconnect!
|player|p2|
|j|☆ajonymousnon
|inactive|ajonymousnon reconnected and has 110 seconds left.
|player|p2|ajonymousnon|1|
|j| turquoiselink
|inactive|ajonymousnon has 90 seconds left.
|inactive|ajonymousnon has 60 seconds left.
|l|☆ajonymousnon
|inactive|ajonymousnon disconnected and has a minute to reconnect!
|player|p2|
|l| FaronAan
|inactive|ajonymousnon has 30 seconds left.
|j|☆ajonymousnon
|inactive|ajonymousnon reconnected and has 30 seconds left.
|player|p2|ajonymousnon|1|
|inactive|ajonymousnon has 20 seconds left.
|inactive|ajonymousnon has 15 seconds left.
|
|t:|1760822184
|switch|p1a: Alomomola|Alomomola, M|100/100
|-damage|p1a: Alomomola|88/100|[from] Stealth Rock
|-terastallize|p2a: Great Tusk|Fire
|move|p2a: Great Tusk|Headlong Rush|p1a: Alomomola
|-damage|p1a: Alomomola|58/100
|-unboost|p2a: Great Tusk|def|1
|-unboost|p2a: Great Tusk|spd|1
|
|-heal|p1a: Alomomola|64/100|[from] item: Leftovers
|upkeep
|turn|13
|inactive|ajonymousnon has 25 seconds left this turn.
|inactive|ajonymousnon has 20 seconds left.
|inactive|ajonymousnon has 15 seconds left.
|inactive|tipptopp20 has 120 seconds left.
|inactive|tipptopp20 has 90 seconds left.
|
|t:|1760822248
|-end|p2a: Great Tusk|Protosynthesis|[silent]
|switch|p2a: Rillaboom|Rillaboom, M|100/100
|-fieldstart|move: Grassy Terrain|[from] ability: Grassy Surge|[of] p2a: Rillaboom
|move|p1a: Alomomola|Wish|p1a: Alomomola
|
|-heal|p1a: Alomomola|71/100|[from] Grassy Terrain
|-heal|p1a: Alomomola|77/100|[from] item: Leftovers
|upkeep
|turn|14
|inactive|ajonymousnon has 25 seconds left this turn.
|inactive|ajonymousnon has 20 seconds left.
|inactive|tipptopp20 has 60 seconds left.
|
|t:|1760822288
|-terastallize|p1a: Alomomola|Fairy
|move|p2a: Rillaboom|Wood Hammer|p1a: Alomomola
|-damage|p1a: Alomomola|10/100
|-damage|p2a: Rillaboom|66/100|[from] Recoil
|move|p1a: Alomomola|Flip Turn|p2a: Rillaboom
|-resisted|p2a: Rillaboom
|-damage|p2a: Rillaboom|58/100
|j| No_Safe_Prayer
|inactive|tipptopp20 has 30 seconds left.
|inactive|tipptopp20 has 20 seconds left.
|
|t:|1760822326
|switch|p1a: Forretress|Forretress, M|5/100 brn|[from] Flip Turn
|
|-heal|p1a: Forretress|81/100 brn|[from] move: Wish|[wisher] Alomomola
|-heal|p2a: Rillaboom|64/100|[from] Grassy Terrain
|-heal|p1a: Forretress|87/100 brn|[from] Grassy Terrain
|-damage|p1a: Forretress|81/100 brn|[from] brn
|upkeep
|turn|15
|inactive|tipptopp20 has 30 seconds left this turn.
|inactive|ajonymousnon has 30 seconds left.
|inactive|tipptopp20 has 20 seconds left.
|inactive|ajonymousnon has 20 seconds left.
|
|t:|1760822343
|switch|p2a: Dragapult|Dragapult, M|55/100
|move|p1a: Forretress|Thunder Wave|p2a: Dragapult
|-status|p2a: Dragapult|par
|
|-heal|p2a: Dragapult|61/100 par|[from] Grassy Terrain
|-heal|p2a: Dragapult|67/100 par|[from] item: Leftovers
|-heal|p1a: Forretress|87/100 brn|[from] Grassy Terrain
|-damage|p1a: Forretress|81/100 brn|[from] brn
|upkeep
|turn|16
|inactive|tipptopp20 has 30 seconds left this turn.
|inactive|ajonymousnon has 30 seconds left this turn.
|inactive|tipptopp20 has 20 seconds left.
|inactive|tipptopp20 has 15 seconds left.
|
|t:|1760822358
|switch|p1a: Clodsire|Clodsire, F|100/100
|-damage|p1a: Clodsire|94/100|[from] Stealth Rock
|move|p2a: Dragapult|Hex|p1a: Clodsire
|-damage|p1a: Clodsire|80/100
|
|-heal|p2a: Dragapult|73/100 par|[from] Grassy Terrain
|-heal|p2a: Dragapult|80/100 par|[from] item: Leftovers
|-heal|p1a: Clodsire|86/100|[from] Grassy Terrain
|-heal|p1a: Clodsire|92/100|[from] item: Leftovers
|upkeep
|turn|17
|inactive|tipptopp20 has 25 seconds left this turn.
|inactive|tipptopp20 has 20 seconds left.
|inactive|tipptopp20 has 15 seconds left.
|
|t:|1760822370
|move|p2a: Dragapult|Will-O-Wisp|p1a: Clodsire
|-status|p1a: Clodsire|brn
|move|p1a: Clodsire|Stealth Rock|p2a: Dragapult
|-sidestart|p2: ajonymousnon|move: Stealth Rock
|
|-heal|p2a: Dragapult|86/100 par|[from] Grassy Terrain
|-heal|p2a: Dragapult|92/100 par|[from] item: Leftovers
|-heal|p1a: Clodsire|98/100 brn|[from] Grassy Terrain
|-heal|p1a: Clodsire|100/100 brn|[from] item: Leftovers
|-damage|p1a: Clodsire|94/100 brn|[from] brn
|-fieldend|move: Grassy Terrain
|upkeep
|turn|18
|inactive|tipptopp20 has 25 seconds left this turn.
|inactive|tipptopp20 has 20 seconds left.
|inactive|tipptopp20 has 15 seconds left.
|
|t:|1760822381
|switch|p2a: Rillaboom|Rillaboom, M|64/100
|-damage|p2a: Rillaboom|52/100|[from] Stealth Rock
|-fieldstart|move: Grassy Terrain|[from] ability: Grassy Surge|[of] p2a: Rillaboom
|switch|p1a: Alomomola|Alomomola, M, tera:Fairy|43/100
|-damage|p1a: Alomomola|31/100|[from] Stealth Rock
|
|-heal|p2a: Rillaboom|58/100|[from] Grassy Terrain
|-heal|p1a: Alomomola|37/100|[from] Grassy Terrain
|-heal|p1a: Alomomola|43/100|[from] item: Leftovers
|upkeep
|turn|19
|inactive|tipptopp20 has 25 seconds left this turn.
|inactive|tipptopp20 has 20 seconds left.
|inactive|tipptopp20 has 15 seconds left.
|
|t:|1760822391
|move|p1a: Alomomola|Protect|p1a: Alomomola
|-singleturn|p1a: Alomomola|Protect
|move|p2a: Rillaboom|Wood Hammer|p1a: Alomomola
|-activate|p1a: Alomomola|move: Protect
|
|-heal|p2a: Rillaboom|64/100|[from] Grassy Terrain
|-heal|p1a: Alomomola|49/100|[from] Grassy Terrain
|-heal|p1a: Alomomola|55/100|[from] item: Leftovers
|upkeep
|turn|20
|inactive|tipptopp20 has 25 seconds left this turn.
|
|t:|1760822395
|switch|p2a: Great Tusk|Great Tusk, tera:Fire|100/100
|-damage|p2a: Great Tusk|76/100|[from] Stealth Rock
|switch|p1a: Forretress|Forretress, M|81/100 brn
|
|-heal|p2a: Great Tusk|82/100|[from] Grassy Terrain
|-heal|p1a: Forretress|87/100 brn|[from] Grassy Terrain
|-damage|p1a: Forretress|81/100 brn|[from] brn
|upkeep
|turn|21
|
|t:|1760822398
|switch|p1a: Alomomola|Alomomola, M, tera:Fairy|89/100
|-damage|p1a: Alomomola|76/100|[from] Stealth Rock
|move|p2a: Great Tusk|Rapid Spin|p1a: Alomomola
|-damage|p1a: Alomomola|67/100
|-boost|p2a: Great Tusk|spe|1
|-sideend|p2: ajonymousnon|Stealth Rock|[from] move: Rapid Spin|[of] p2a: Great Tusk
|
|-heal|p2a: Great Tusk|88/100|[from] Grassy Terrain
|-heal|p1a: Alomomola|73/100|[from] Grassy Terrain
|-heal|p1a: Alomomola|79/100|[from] item: Leftovers
|upkeep
|turn|22
|
|t:|1760822409
|-end|p2a: Great Tusk|Protosynthesis|[silent]
|switch|p2a: Ogerpon|Ogerpon-Cornerstone, F|29/100
|move|p1a: Alomomola|Wish|p1a: Alomomola
|
|-heal|p2a: Ogerpon|36/100|[from] Grassy Terrain
|-heal|p1a: Alomomola|86/100|[from] Grassy Terrain
|-heal|p1a: Alomomola|92/100|[from] item: Leftovers
|-fieldend|move: Grassy Terrain
|upkeep
|turn|23
|
|t:|1760822417
|move|p2a: Ogerpon|Swords Dance|p2a: Ogerpon
|-boost|p2a: Ogerpon|atk|2
|move|p1a: Alomomola|Flip Turn|p2a: Ogerpon
|-damage|p2a: Ogerpon|16/100
|
|t:|1760822428
|switch|p1a: Weavile|Weavile, F|57/100|[from] Flip Turn
|-damage|p1a: Weavile|32/100|[from] Stealth Rock
|
|-heal|p1a: Weavile|100/100|[from] move: Wish|[wisher] Alomomola
|upkeep
|turn|24
|-message|ajonymousnon forfeited.
|
|win|tipptopp20
|raw|tipptopp20's rating: 1765 &rarr; <strong>1784</strong><br />(+19 for winning)
|raw|ajonymousnon's rating: 1752 &rarr; <strong>1733</strong><br />(-19 for losing)
|l|☆ajonymousnon
|player|p2|
|l| turquoiselink
|l|☆tipptopp20
|player|p1|
