|j|‽mizizizi
|j|☆BigJulius
|t:|1760745978
|gametype|singles
|player|p1|mizizizi|silver|1352
|player|p2|BigJulius|2|1391
|gen|9
|tier|[Gen 9] OU
|rated|
|rule|HP Percentage Mod: HP is shown in percentages
|rule|Endless Battle Clause: Forcing endless battles is banned
|rule|Species Clause: Limit one of each Pokémon
|rule|OHKO Clause: OHKO moves are banned
|rule|Evasion Items Clause: Evasion items are banned
|rule|Evasion Moves Clause: Evasion moves are banned
|rule|Evasion Abilities Clause: Evasion abilities are banned
|rule|Sleep Moves Clause: Sleep-inducing moves are banned
|clearpoke
|poke|p1|Lilligant, F|
|poke|p1|Heatran, F|
|poke|p1|Slither Wing|
|poke|p1|Walking Wake|
|poke|p1|Great Tusk|
|poke|p1|Torkoal, M|
|poke|p2|Clodsire, F|
|poke|p2|Rillaboom, F|
|poke|p2|Mandibuzz, F|
|poke|p2|Skeledirge, F|
|poke|p2|Zapdos|
|poke|p2|Ogerpon-Wellspring, F|
|teampreview
|inactive|Battle timer is ON: inactive players will automatically lose when time's up. (requested by BigJulius)
|
|t:|1760746000
|teamsize|p1|6
|teamsize|p2|6
|start
|switch|p1a: Heatran|Heatran, F|100/100
|switch|p2a: Skeledirge|Skeledirge, F|100/100
|turn|1
|
|t:|1760746009
|move|p1a: Heatran|Taunt|p2a: Skeledirge
|-start|p2a: Skeledirge|move: Taunt
|move|p2a: Skeledirge|Earth Power|p1a: Heatran
|-supereffective|p1a: Heatran
|-damage|p1a: Heatran|19/100
|
|-heal|p1a: Heatran|25/100|[from] item: Leftovers
|upkeep
|turn|2
|
|t:|1760746020
|switch|p1a: Walking Wake|Walking Wake|100/100
|-enditem|p1a: Walking Wake|Booster Energy
|-activate|p1a: Walking Wake|ability: Protosynthesis|[fromitem]
|-start|p1a: Walking Wake|protosynthesisspa
|move|p2a: Skeledirge|Earth Power|p1a: Walking Wake
|-damage|p1a: Walking Wake|74/100
|-unboost|p1a: Walking Wake|spd|1
|
|upkeep
|turn|3
|
|t:|1760746031
|switch|p2a: Clodsire|Clodsire, F, shiny|100/100
|move|p1a: Walking Wake|Draco Meteor|p2a: Clodsire
|-damage|p2a: Clodsire|58/100
|-unboost|p1a: Walking Wake|spa|2
|
|-heal|p2a: Clodsire|65/100|[from] item: Leftovers
|upkeep
|turn|4
|
|t:|1760746046
|-end|p1a: Walking Wake|Protosynthesis|[silent]
|switch|p1a: Great Tusk|Great Tusk|100/100
|move|p2a: Clodsire|Toxic|p1a: Great Tusk
|-status|p1a: Great Tusk|tox
|
|-heal|p2a: Clodsire|71/100|[from] item: Leftovers
|-damage|p1a: Great Tusk|94/100 tox|[from] psn
|upkeep
|turn|5
|
|t:|1760746056
|switch|p2a: Mandibuzz|Mandibuzz, F|100/100
|move|p1a: Great Tusk|Knock Off|p2a: Mandibuzz
|-resisted|p2a: Mandibuzz
|-damage|p2a: Mandibuzz|90/100
|-enditem|p2a: Mandibuzz|Heavy-Duty Boots|[from] move: Knock Off|[of] p1a: Great Tusk
|
|-heal|p1a: Great Tusk|100/100 tox|[from] item: Leftovers
|-damage|p1a: Great Tusk|88/100 tox|[from] psn
|upkeep
|turn|6
|
|t:|1760746068
|-end|p1a: Great Tusk|Protosynthesis|[silent]
|switch|p1a: Torkoal|Torkoal, M|100/100
|-weather|SunnyDay|[from] ability: Drought|[of] p1a: Torkoal
|move|p2a: Mandibuzz|Foul Play|p1a: Torkoal
|-damage|p1a: Torkoal|82/100
|
|-weather|SunnyDay|[upkeep]
|upkeep
|turn|7
|
|t:|1760746079
|move|p2a: Mandibuzz|U-turn|p1a: Torkoal
|-resisted|p1a: Torkoal
|-damage|p1a: Torkoal|78/100
|
|t:|1760746083
|switch|p2a: Clodsire|Clodsire, F, shiny|71/100|[from] U-turn
|move|p1a: Torkoal|Stealth Rock|p2a: Clodsire
|-sidestart|p2: BigJulius|move: Stealth Rock
|
|-weather|SunnyDay|[upkeep]
|-heal|p2a: Clodsire|77/100|[from] item: Leftovers
|upkeep
|turn|8
|
|t:|1760746091
|switch|p1a: Great Tusk|Great Tusk|88/100 tox
|-activate|p1a: Great Tusk|ability: Protosynthesis
|-start|p1a: Great Tusk|protosynthesisatk
|move|p2a: Clodsire|Toxic|p1a: Great Tusk
|-fail|p1a: Great Tusk|tox
|
|-weather|SunnyDay|[upkeep]
|-heal|p1a: Great Tusk|94/100 tox|[from] item: Leftovers
|-heal|p2a: Clodsire|83/100|[from] item: Leftovers
|-damage|p1a: Great Tusk|88/100 tox|[from] psn
|upkeep
|turn|9
|
|t:|1760746100
|switch|p2a: Mandibuzz|Mandibuzz, F|90/100
|-damage|p2a: Mandibuzz|65/100|[from] Stealth Rock
|move|p1a: Great Tusk|Ice Spinner|p2a: Mandibuzz
|-supereffective|p2a: Mandibuzz
|-damage|p2a: Mandibuzz|20/100
|
|-weather|SunnyDay|[upkeep]
|-heal|p1a: Great Tusk|94/100 tox|[from] item: Leftovers
|-damage|p1a: Great Tusk|82/100 tox|[from] psn
|upkeep
|turn|10
|
|t:|1760746113
|move|p1a: Great Tusk|Knock Off|p2a: Mandibuzz
|-resisted|p2a: Mandibuzz
|-damage|p2a: Mandibuzz|11/100
|move|p2a: Mandibuzz|Foul Play|p1a: Great Tusk
|-resisted|p1a: Great Tusk
|-damage|p1a: Great Tusk|64/100 tox
|
|-weather|SunnyDay|[upkeep]
|-heal|p1a: Great Tusk|70/100 tox|[from] item: Leftovers
|-damage|p1a: Great Tusk|52/100 tox|[from] psn
|upkeep
|turn|11
|
|t:|1760746121
|move|p1a: Great Tusk|Ice Spinner|p2a: Mandibuzz
|-supereffective|p2a: Mandibuzz
|-crit|p2a: Mandibuzz
|-damage|p2a: Mandibuzz|0 fnt
|faint|p2a: Mandibuzz
|
|-weather|SunnyDay|[upkeep]
|-heal|p1a: Great Tusk|58/100 tox|[from] item: Leftovers
|-damage|p1a: Great Tusk|33/100 tox|[from] psn
|upkeep
|
|t:|1760746135
|switch|p2a: Ogerpon|Ogerpon-Wellspring, F|100/100
|-damage|p2a: Ogerpon|88/100|[from] Stealth Rock
|turn|12
|
|t:|1760746142
|move|p2a: Ogerpon|Horn Leech|p1a: Great Tusk
|-supereffective|p1a: Great Tusk
|-damage|p1a: Great Tusk|0 fnt
|-heal|p2a: Ogerpon|100/100|[from] drain|[of] p1a: Great Tusk
|faint|p1a: Great Tusk
|-end|p1a: Great Tusk|Protosynthesis|[silent]
|
|-weather|SunnyDay|[upkeep]
|upkeep
|
|t:|1760746146
|switch|p1a: Slither Wing|Slither Wing|100/100
|-activate|p1a: Slither Wing|ability: Protosynthesis
|-start|p1a: Slither Wing|protosynthesisatk
|turn|13
|
|t:|1760746155
|switch|p2a: Skeledirge|Skeledirge, F|100/100
|-damage|p2a: Skeledirge|75/100|[from] Stealth Rock
|move|p1a: Slither Wing|U-turn|p2a: Skeledirge
|-resisted|p2a: Skeledirge
|-damage|p2a: Skeledirge|64/100
|-damage|p1a: Slither Wing|84/100|[from] item: Rocky Helmet|[of] p2a: Skeledirge
|
|t:|1760746169
|-end|p1a: Slither Wing|Protosynthesis|[silent]
|switch|p1a: Walking Wake|Walking Wake|74/100|[from] U-turn
|-activate|p1a: Walking Wake|ability: Protosynthesis
|-start|p1a: Walking Wake|protosynthesisspa
|
|-weather|none
|-end|p1a: Walking Wake|Protosynthesis
|upkeep
|turn|14
|
|t:|1760746182
|switch|p2a: Clodsire|Clodsire, F, shiny|83/100
|-damage|p2a: Clodsire|77/100|[from] Stealth Rock
|move|p1a: Walking Wake|Hydro Steam|p2a: Clodsire
|-heal|p2a: Clodsire|100/100|[from] ability: Water Absorb|[of] p1a: Walking Wake
|
|upkeep
|turn|15
|
|t:|1760746199
|-end|p1a: Walking Wake|Protosynthesis|[silent]
|switch|p1a: Heatran|Heatran, F|25/100
|move|p2a: Clodsire|Toxic|p1a: Heatran
|-immune|p1a: Heatran
|
|-heal|p1a: Heatran|31/100|[from] item: Leftovers
|upkeep
|turn|16
|
|t:|1760746206
|move|p1a: Heatran|Lava Plume|p2a: Clodsire
|-damage|p2a: Clodsire|80/100
|move|p2a: Clodsire|High Horsepower|p1a: Heatran
|-supereffective|p1a: Heatran
|-damage|p1a: Heatran|0 fnt
|faint|p1a: Heatran
|
|-heal|p2a: Clodsire|86/100|[from] item: Leftovers
|upkeep
|
|t:|1760746212
|switch|p1a: Torkoal|Torkoal, M|78/100
|-weather|SunnyDay|[from] ability: Drought|[of] p1a: Torkoal
|turn|17
|
|t:|1760746217
|switch|p1a: Lilligant|Lilligant, F|100/100
|move|p2a: Clodsire|Toxic|p1a: Lilligant
|-immune|p1a: Lilligant|[from] ability: Leaf Guard
|
|-weather|SunnyDay|[upkeep]
|-heal|p2a: Clodsire|93/100|[from] item: Leftovers
|upkeep
|turn|18
|
|t:|1760746227
|move|p1a: Lilligant|Leech Seed|p2a: Clodsire
|-start|p2a: Clodsire|move: Leech Seed
|move|p2a: Clodsire|Haze|p2a: Clodsire
|-clearallboost
|
|-weather|SunnyDay|[upkeep]
|-heal|p2a: Clodsire|99/100|[from] item: Leftovers
|-damage|p2a: Clodsire|86/100|[from] Leech Seed|[of] p1a: Lilligant
|upkeep
|turn|19
|
|t:|1760746238
|switch|p2a: Zapdos|Zapdos|100/100
|-damage|p2a: Zapdos|76/100|[from] Stealth Rock
|move|p1a: Lilligant|Quiver Dance|p1a: Lilligant
|-boost|p1a: Lilligant|spa|1
|-boost|p1a: Lilligant|spd|1
|-boost|p1a: Lilligant|spe|1
|
|-weather|SunnyDay|[upkeep]
|upkeep
|turn|20
|
|t:|1760746245
|move|p1a: Lilligant|Quiver Dance|p1a: Lilligant
|-boost|p1a: Lilligant|spa|1
|-boost|p1a: Lilligant|spd|1
|-boost|p1a: Lilligant|spe|1
|move|p2a: Zapdos|Hurricane|p1a: Lilligant|[miss]
|-miss|p2a: Zapdos|p1a: Lilligant
|
|-weather|SunnyDay|[upkeep]
|upkeep
|turn|21
|
|t:|1760746263
|move|p1a: Lilligant|Weather Ball|p2a: Zapdos
|-damage|p2a: Zapdos|0 fnt
|faint|p2a: Zapdos
|
|-weather|SunnyDay|[upkeep]
|upkeep
|
|t:|1760746267
|switch|p2a: Clodsire|Clodsire, F, shiny|86/100
|-damage|p2a: Clodsire|80/100|[from] Stealth Rock
|turn|22
|
|t:|1760746279
|-terastallize|p1a: Lilligant|Fire
|move|p1a: Lilligant|Weather Ball|p2a: Clodsire
|-damage|p2a: Clodsire|8/100
|move|p2a: Clodsire|Haze|p2a: Clodsire
|-clearallboost
|
|-weather|SunnyDay|[upkeep]
|-heal|p2a: Clodsire|15/100|[from] item: Leftovers
|upkeep
|turn|23
|
|t:|1760746289
|move|p1a: Lilligant|Giga Drain|p2a: Clodsire
|-damage|p2a: Clodsire|0 fnt
|faint|p2a: Clodsire
|
|-weather|SunnyDay|[upkeep]
|upkeep
|
|t:|1760746294
|switch|p2a: Skeledirge|Skeledirge, F|64/100
|-damage|p2a: Skeledirge|39/100|[from] Stealth Rock
|turn|24
|
|t:|1760746303
|move|p1a: Lilligant|Leech Seed|p2a: Skeledirge
|-start|p2a: Skeledirge|move: Leech Seed
|move|p2a: Skeledirge|Slack Off|p2a: Skeledirge
|-heal|p2a: Skeledirge|89/100
|
|-weather|none
|-damage|p2a: Skeledirge|76/100|[from] Leech Seed|[of] p1a: Lilligant
|upkeep
|turn|25
|
|t:|1760746311
|switch|p2a: Ogerpon|Ogerpon-Wellspring, F|100/100
|-damage|p2a: Ogerpon|88/100|[from] Stealth Rock
|move|p1a: Lilligant|Quiver Dance|p1a: Lilligant
|-boost|p1a: Lilligant|spa|1
|-boost|p1a: Lilligant|spd|1
|-boost|p1a: Lilligant|spe|1
|
|upkeep
|turn|26
|
|t:|1760746322
|-terastallize|p2a: Ogerpon|Water
|detailschange|p2a: Ogerpon|Ogerpon-Wellspring-Tera, F, tera:Water
|-ability|p2a: Ogerpon|Embody Aspect (Wellspring)|boost
|-boost|p2a: Ogerpon|spd|1
|move|p1a: Lilligant|Giga Drain|p2a: Ogerpon
|-supereffective|p2a: Ogerpon
|-damage|p2a: Ogerpon|12/100
|move|p2a: Ogerpon|Ivy Cudgel|p1a: Lilligant|[anim] Ivy Cudgel Water
|-supereffective|p1a: Lilligant
|-damage|p1a: Lilligant|0 fnt
|faint|p1a: Lilligant
|
|upkeep
|
|t:|1760746332
|switch|p1a: Slither Wing|Slither Wing|84/100
|turn|27
|
|t:|1760746338
|switch|p2a: Skeledirge|Skeledirge, F|76/100
|-damage|p2a: Skeledirge|51/100|[from] Stealth Rock
|move|p1a: Slither Wing|First Impression|p2a: Skeledirge
|-resisted|p2a: Skeledirge
|-damage|p2a: Skeledirge|40/100
|-damage|p1a: Slither Wing|68/100|[from] item: Rocky Helmet|[of] p2a: Skeledirge
|
|upkeep
|turn|28
|
|t:|1760746346
|-end|p1a: Slither Wing|Protosynthesis|[silent]
|switch|p1a: Torkoal|Torkoal, M|78/100
|-weather|SunnyDay|[from] ability: Drought|[of] p1a: Torkoal
|move|p2a: Skeledirge|Slack Off|p2a: Skeledirge
|-heal|p2a: Skeledirge|90/100
|
|-weather|SunnyDay|[upkeep]
|upkeep
|turn|29
|
|t:|1760746355
|switch|p1a: Walking Wake|Walking Wake|74/100
|-activate|p1a: Walking Wake|ability: Protosynthesis
|-start|p1a: Walking Wake|protosynthesisspa
|move|p2a: Skeledirge|Earth Power|p1a: Walking Wake
|-damage|p1a: Walking Wake|47/100
|
|-weather|SunnyDay|[upkeep]
|upkeep
|turn|30
|
|t:|1760746367
|switch|p2a: Ogerpon|Ogerpon-Wellspring-Tera, F, tera:Water|12/100
|-damage|p2a: Ogerpon|0 fnt|[from] Stealth Rock
|faint|p2a: Ogerpon
|detailschange|p2: Ogerpon|Ogerpon-Wellspring, F|[silent]
|move|p1a: Walking Wake|Hydro Steam|p2: Ogerpon|[notarget]
|-fail|p1a: Walking Wake
|
|-weather|SunnyDay|[upkeep]
|upkeep
|
|t:|1760746380
|switch|p2a: Rillaboom|Rillaboom, F|100/100
|-damage|p2a: Rillaboom|88/100|[from] Stealth Rock
|-fieldstart|move: Grassy Terrain|[from] ability: Grassy Surge|[of] p2a: Rillaboom
|turn|31
|
|t:|1760746384
|-end|p1a: Walking Wake|Protosynthesis|[silent]
|switch|p1a: Slither Wing|Slither Wing|68/100
|-activate|p1a: Slither Wing|ability: Protosynthesis
|-start|p1a: Slither Wing|protosynthesisatk
|move|p2a: Rillaboom|Swords Dance|p2a: Rillaboom
|-boost|p2a: Rillaboom|atk|2
|
|-weather|SunnyDay|[upkeep]
|-heal|p2a: Rillaboom|94/100|[from] Grassy Terrain
|-heal|p1a: Slither Wing|74/100|[from] Grassy Terrain
|upkeep
|turn|32
|
|t:|1760746391
|move|p1a: Slither Wing|First Impression|p2a: Rillaboom
|-supereffective|p2a: Rillaboom
|-damage|p2a: Rillaboom|0 fnt
|faint|p2a: Rillaboom
|
|-weather|SunnyDay|[upkeep]
|-heal|p1a: Slither Wing|80/100|[from] Grassy Terrain
|upkeep
|
|t:|1760746394
|switch|p2a: Skeledirge|Skeledirge, F|90/100
|-damage|p2a: Skeledirge|65/100|[from] Stealth Rock
|turn|33
|
|t:|1760746403
|-end|p1a: Slither Wing|Protosynthesis|[silent]
|switch|p1a: Walking Wake|Walking Wake|47/100
|-activate|p1a: Walking Wake|ability: Protosynthesis
|-start|p1a: Walking Wake|protosynthesisspa
|move|p2a: Skeledirge|Torch Song|p1a: Walking Wake
|-resisted|p1a: Walking Wake
|-damage|p1a: Walking Wake|34/100
|-boost|p2a: Skeledirge|spa|1
|
|-weather|SunnyDay|[upkeep]
|-heal|p1a: Walking Wake|41/100|[from] Grassy Terrain
|-heal|p2a: Skeledirge|71/100|[from] Grassy Terrain
|upkeep
|turn|34
|
|t:|1760746409
|move|p1a: Walking Wake|Hydro Steam|p2a: Skeledirge
|-supereffective|p2a: Skeledirge
|-damage|p2a: Skeledirge|0 fnt
|faint|p2a: Skeledirge
|
|win|mizizizi
|raw|mizizizi's rating: 1352 &rarr; <strong>1374</strong><br />(+22 for winning)
|raw|BigJulius's rating: 1391 &rarr; <strong>1369</strong><br />(-22 for losing)
|l|☆BigJulius
|player|p2|
|l|‽mizizizi
|player|p1|
