|j|☆gholdengofinance
|j|☆monkeyooooooo
|t:|1760727744
|gametype|singles
|player|p1|gholdengofinance|leaf-masters2|1717
|player|p2|monkeyooooooo|swimmerf-gen4|1695
|gen|9
|tier|[Gen 9] OU
|rated|
|rule|HP Percentage Mod: HP is shown in percentages
|rule|Endless Battle Clause: Forcing endless battles is banned
|rule|Species Clause: Limit one of each Pokémon
|rule|OHKO Clause: OHKO moves are banned
|rule|Evasion Items Clause: Evasion items are banned
|rule|Evasion Moves Clause: Evasion moves are banned
|rule|Evasion Abilities Clause: Evasion abilities are banned
|rule|Sleep Moves Clause: Sleep-inducing moves are banned
|clearpoke
|poke|p1|Armarouge, M|
|poke|p1|Great Tusk|
|poke|p1|Gholdengo|
|poke|p1|Landorus-Therian, M|
|poke|p1|Iron Crown|
|poke|p1|Samurott-Hisui, M|
|poke|p2|Maushold-Four|
|poke|p2|Ursaluna, M|
|poke|p2|Grimmsnarl, M|
|poke|p2|Zamazenta-*|
|poke|p2|Iron Moth|
|poke|p2|Hatterene, F|
|teampreview
|inactive|Battle timer is ON: inactive players will automatically lose when time's up. (requested by gholdengofinance)
|inactive|monkeyooooooo has 120 seconds left.
|
|t:|1760727817
|teamsize|p1|6
|teamsize|p2|6
|start
|switch|p1a: Samurott|Samurott-Hisui, M|100/100
|switch|p2a: Riddles Thrice|Grimmsnarl, M|100/100
|turn|1
|
|t:|1760727819
|move|p1a: Samurott|Ceaseless Edge|p2a: Riddles Thrice
|-resisted|p2a: Riddles Thrice
|-damage|p2a: Riddles Thrice|91/100
|-damage|p1a: Samurott|84/100|[from] item: Rocky Helmet|[of] p2a: Riddles Thrice
|-sidestart|p2: monkeyooooooo|Spikes
|move|p2a: Riddles Thrice|Spirit Break|p1a: Samurott
|-supereffective|p1a: Samurott
|-damage|p1a: Samurott|18/100
|-unboost|p1a: Samurott|spa|1
|
|upkeep
|turn|2
|
|t:|1760727822
|move|p1a: Samurott|Knock Off|p2a: Riddles Thrice
|-resisted|p2a: Riddles Thrice
|-damage|p2a: Riddles Thrice|82/100
|-damage|p1a: Samurott|2/100|[from] item: Rocky Helmet|[of] p2a: Riddles Thrice
|-enditem|p2a: Riddles Thrice|Rocky Helmet|[from] move: Knock Off|[of] p1a: Samurott
|move|p2a: Riddles Thrice|Spirit Break|p1a: Samurott
|-supereffective|p1a: Samurott
|-damage|p1a: Samurott|0 fnt
|faint|p1a: Samurott
|
|upkeep
|
|t:|1760727829
|switch|p1a: Armarouge|Armarouge, M|100/100
|turn|3
|
|t:|1760727832
|move|p2a: Riddles Thrice|Light Screen|p2a: Riddles Thrice
|-sidestart|p2: monkeyooooooo|move: Light Screen
|move|p1a: Armarouge|Armor Cannon|p2a: Riddles Thrice
|-damage|p2a: Riddles Thrice|36/100
|-unboost|p1a: Armarouge|def|1
|-unboost|p1a: Armarouge|spd|1
|
|upkeep
|turn|4
|
|t:|1760727836
|move|p2a: Riddles Thrice|Parting Shot|p1a: Armarouge
|-unboost|p1a: Armarouge|atk|1
|-unboost|p1a: Armarouge|spa|1
|
|t:|1760727857
|switch|p2a: Nuclear Family|Maushold-Four|100/100|[from] Parting Shot
|-damage|p2a: Nuclear Family|88/100|[from] Spikes
|move|p1a: Armarouge|Armor Cannon|p2a: Nuclear Family
|-damage|p2a: Nuclear Family|39/100
|-unboost|p1a: Armarouge|def|1
|-unboost|p1a: Armarouge|spd|1
|
|upkeep
|turn|5
|
|t:|1760727861
|switch|p1a: Landorus|Landorus-Therian, M|100/100
|-ability|p1a: Landorus|Intimidate|boost
|-unboost|p2a: Nuclear Family|atk|1
|move|p2a: Nuclear Family|Population Bomb|p1a: Landorus
|-damage|p1a: Landorus|93/100
|-damage|p2a: Nuclear Family|23/100|[from] item: Rocky Helmet|[of] p1a: Landorus
|-damage|p1a: Landorus|86/100
|-damage|p2a: Nuclear Family|6/100|[from] item: Rocky Helmet|[of] p1a: Landorus
|-damage|p1a: Landorus|78/100
|-damage|p2a: Nuclear Family|0 fnt|[from] item: Rocky Helmet|[of] p1a: Landorus
|faint|p2a: Nuclear Family
|-hitcount|p1a: Landorus|3
|
|upkeep
|
|t:|1760727878
|switch|p2a: Riddles Thrice|Grimmsnarl, M|36/100
|-damage|p2a: Riddles Thrice|23/100|[from] Spikes
|turn|6
|
|t:|1760727881
|move|p2a: Riddles Thrice|Parting Shot|p1a: Landorus
|-unboost|p1a: Landorus|atk|1
|-unboost|p1a: Landorus|spa|1
|
|t:|1760727883
|switch|p2a: Rubber|Hatterene, F|100/100|[from] Parting Shot
|-damage|p2a: Rubber|88/100|[from] Spikes
|move|p1a: Landorus|U-turn|p2a: Rubber
|-damage|p2a: Rubber|77/100
|-enditem|p2a: Rubber|Eject Button
|
|t:|1760727887
|switch|p2a: Hot Potato|Ursaluna, M|100/100
|-damage|p2a: Hot Potato|88/100|[from] Spikes
|
|-status|p2a: Hot Potato|brn|[from] item: Flame Orb
|upkeep
|turn|7
|
|t:|1760727892
|move|p1a: Landorus|U-turn|p2a: Hot Potato
|-damage|p2a: Hot Potato|78/100 brn
|
|t:|1760727894
|switch|p1a: Gholdengo|Gholdengo|100/100|[from] U-turn
|move|p2a: Hot Potato|Facade|p1a: Gholdengo
|-immune|p1a: Gholdengo
|
|-damage|p2a: Hot Potato|71/100 brn|[from] brn
|-sideend|p2: monkeyooooooo|move: Light Screen
|upkeep
|turn|8
|
|t:|1760727896
|switch|p1a: Landorus|Landorus-Therian, M|78/100
|-ability|p1a: Landorus|Intimidate|boost
|-unboost|p2a: Hot Potato|atk|1
|move|p2a: Hot Potato|Crunch|p1a: Landorus
|-damage|p1a: Landorus|48/100
|-damage|p2a: Hot Potato|55/100 brn|[from] item: Rocky Helmet|[of] p1a: Landorus
|
|-damage|p2a: Hot Potato|49/100 brn|[from] brn
|upkeep
|turn|9
|
|t:|1760727899
|move|p1a: Landorus|U-turn|p2a: Hot Potato
|-damage|p2a: Hot Potato|32/100 brn
|
|t:|1760727901
|switch|p1a: Gholdengo|Gholdengo|100/100|[from] U-turn
|move|p2a: Hot Potato|Headlong Rush|p1a: Gholdengo
|-supereffective|p1a: Gholdengo
|-damage|p1a: Gholdengo|3/100
|-unboost|p2a: Hot Potato|def|1
|-unboost|p2a: Hot Potato|spd|1
|
|-damage|p2a: Hot Potato|26/100 brn|[from] brn
|upkeep
|turn|10
|
|t:|1760727907
|switch|p2a: Bug Trap|Iron Moth|100/100
|-damage|p2a: Bug Trap|88/100|[from] Spikes
|move|p1a: Gholdengo|Dazzling Gleam|p2a: Bug Trap
|-resisted|p2a: Bug Trap
|-damage|p2a: Bug Trap|83/100
|
|upkeep
|turn|11
|
|t:|1760727909
|move|p2a: Bug Trap|Fiery Dance|p1a: Gholdengo
|-supereffective|p1a: Gholdengo
|-damage|p1a: Gholdengo|0 fnt
|-boost|p2a: Bug Trap|spa|1
|faint|p1a: Gholdengo
|
|upkeep
|
|t:|1760727911
|switch|p1a: Armarouge|Armarouge, M|100/100
|turn|12
|
|t:|1760727913
|move|p2a: Bug Trap|Fiery Dance|p1a: Armarouge
|-resisted|p1a: Armarouge
|-damage|p1a: Armarouge|39/100
|move|p1a: Armarouge|Psychic|p2a: Bug Trap
|-supereffective|p2a: Bug Trap
|-damage|p2a: Bug Trap|0 fnt
|faint|p2a: Bug Trap
|-end|p2a: Bug Trap|Quark Drive|[silent]
|
|upkeep
|
|t:|1760727930
|switch|p2a: Daisy|Zamazenta|100/100
|-damage|p2a: Daisy|88/100|[from] Spikes
|-ability|p2a: Daisy|Dauntless Shield|boost
|-boost|p2a: Daisy|def|1
|turn|13
|j| nonchalantbufalant
|
|t:|1760727934
|switch|p1a: Landorus|Landorus-Therian, M|48/100
|-ability|p1a: Landorus|Intimidate|boost
|-unboost|p2a: Daisy|atk|1
|move|p2a: Daisy|Crunch|p1a: Landorus
|-damage|p1a: Landorus|34/100
|-unboost|p1a: Landorus|def|1
|-damage|p2a: Daisy|72/100|[from] item: Rocky Helmet|[of] p1a: Landorus
|
|-heal|p2a: Daisy|78/100|[from] item: Leftovers
|upkeep
|turn|14
|
|t:|1760727937
|move|p2a: Daisy|Body Press|p1a: Landorus
|-resisted|p1a: Landorus
|-damage|p1a: Landorus|0 fnt
|-damage|p2a: Daisy|61/100|[from] item: Rocky Helmet|[of] p1a: Landorus
|faint|p1a: Landorus
|
|-heal|p2a: Daisy|67/100|[from] item: Leftovers
|upkeep
|
|t:|1760727941
|switch|p1a: Armarouge|Armarouge, M|39/100
|turn|15
|
|t:|1760727948
|switch|p2a: Riddles Thrice|Grimmsnarl, M|23/100
|-damage|p2a: Riddles Thrice|11/100|[from] Spikes
|-terastallize|p1a: Armarouge|Fairy
|move|p1a: Armarouge|Armor Cannon|p2a: Riddles Thrice
|-damage|p2a: Riddles Thrice|0 fnt
|-unboost|p1a: Armarouge|def|1
|-unboost|p1a: Armarouge|spd|1
|faint|p2a: Riddles Thrice
|
|upkeep
|
|t:|1760727955
|switch|p2a: Rubber|Hatterene, F|77/100
|-damage|p2a: Rubber|65/100|[from] Spikes
|turn|16
|
|t:|1760727960
|move|p1a: Armarouge|Armor Cannon|p2a: Rubber
|-damage|p2a: Rubber|0 fnt
|-unboost|p1a: Armarouge|def|1
|-unboost|p1a: Armarouge|spd|1
|faint|p2a: Rubber
|
|upkeep
|
|t:|1760727963
|switch|p2a: Daisy|Zamazenta|67/100
|-damage|p2a: Daisy|55/100|[from] Spikes
|turn|17
|
|t:|1760727968
|switch|p1a: Great Tusk|Great Tusk|100/100
|move|p2a: Daisy|Body Press|p1a: Great Tusk
|-damage|p1a: Great Tusk|71/100
|
|-heal|p2a: Daisy|61/100|[from] item: Leftovers
|upkeep
|turn|18
|
|t:|1760727970
|move|p2a: Daisy|Iron Defense|p2a: Daisy
|-boost|p2a: Daisy|def|2
|move|p1a: Great Tusk|Knock Off|p2a: Daisy
|-resisted|p2a: Daisy
|-damage|p2a: Daisy|55/100
|-enditem|p2a: Daisy|Leftovers|[from] move: Knock Off|[of] p1a: Great Tusk
|
|upkeep
|turn|19
|
|t:|1760727975
|move|p2a: Daisy|Iron Defense|p2a: Daisy
|-boost|p2a: Daisy|def|2
|move|p1a: Great Tusk|Headlong Rush|p2a: Daisy
|-damage|p2a: Daisy|38/100
|-unboost|p1a: Great Tusk|def|1
|-unboost|p1a: Great Tusk|spd|1
|
|upkeep
|turn|20
|
|t:|1760727979
|move|p2a: Daisy|Body Press|p1a: Great Tusk
|-damage|p1a: Great Tusk|0 fnt
|faint|p1a: Great Tusk
|-end|p1a: Great Tusk|Protosynthesis|[silent]
|
|upkeep
|
|t:|1760727980
|switch|p1a: Iron Crown|Iron Crown|100/100
|-enditem|p1a: Iron Crown|Booster Energy
|-activate|p1a: Iron Crown|ability: Quark Drive|[fromitem]
|-start|p1a: Iron Crown|quarkdrivespe
|turn|21
|
|t:|1760727985
|-terastallize|p2a: Daisy|Steel
|move|p1a: Iron Crown|Tachyon Cutter|p2a: Daisy
|-resisted|p2a: Daisy
|-damage|p2a: Daisy|27/100
|-resisted|p2a: Daisy
|-damage|p2a: Daisy|15/100
|-hitcount|p2a: Daisy|2
|move|p2a: Daisy|Body Press|p1a: Iron Crown
|-damage|p1a: Iron Crown|0 fnt
|faint|p1a: Iron Crown
|-end|p1a: Iron Crown|Quark Drive|[silent]
|
|upkeep
|
|t:|1760727987
|switch|p1a: Armarouge|Armarouge, M, tera:Fairy|39/100
|turn|22
|
|t:|1760727989
|move|p2a: Daisy|Body Press|p1a: Armarouge
|-resisted|p1a: Armarouge
|-crit|p1a: Armarouge
|-damage|p1a: Armarouge|0 fnt
|faint|p1a: Armarouge
|
|win|monkeyooooooo
|raw|gholdengofinance's rating: 1717 &rarr; <strong>1696</strong><br />(-21 for losing)
|raw|monkeyooooooo's rating: 1695 &rarr; <strong>1716</strong><br />(+21 for winning)
|l|☆gholdengofinance
|player|p1|
|l|☆monkeyooooooo
|player|p2|
