|j|☆Dreilek
|j|☆OP Earthquakes
|t:|1760760174
|gametype|singles
|player|p1|Dreilek|benga|1457
|player|p2|OP Earthquakes|giovanni-masters|1471
|gen|9
|tier|[Gen 9] OU
|rated|
|rule|HP Percentage Mod: HP is shown in percentages
|rule|Endless Battle Clause: Forcing endless battles is banned
|rule|Species Clause: Limit one of each Pokémon
|rule|OHKO Clause: OHKO moves are banned
|rule|Evasion Items Clause: Evasion items are banned
|rule|Evasion Moves Clause: Evasion moves are banned
|rule|Evasion Abilities Clause: Evasion abilities are banned
|rule|Sleep Moves Clause: Sleep-inducing moves are banned
|clearpoke
|poke|p1|Iron Crown|
|poke|p1|Dragapult, M|
|poke|p1|Samurott-Hisui, F|
|poke|p1|Zamazenta-*|
|poke|p1|Muk-Alola, M|
|poke|p1|Iron Treads|
|poke|p2|Excadrill, F|
|poke|p2|Hawlucha, M|
|poke|p2|Kyurem|
|poke|p2|Tyranitar, M|
|poke|p2|Pawmot, M|
|poke|p2|Thundurus-Therian, M|
|teampreview
|inactive|Battle timer is ON: inactive players will automatically lose when time's up. (requested by OP Earthquakes)
|
|t:|1760760180
|teamsize|p1|6
|teamsize|p2|6
|start
|switch|p1a: Samurott|Samurott-Hisui, F, shiny|100/100
|switch|p2a: Frieza|Kyurem, shiny|100/100
|-ability|p2a: Frieza|Pressure
|turn|1
|
|t:|1760760184
|move|p1a: Samurott|Sacred Sword|p2a: Frieza
|-supereffective|p2a: Frieza
|-crit|p2a: Frieza
|-damage|p2a: Frieza|0 fnt
|faint|p2a: Frieza
|
|upkeep
|
|t:|1760760189
|switch|p2a: Thundurus|Thundurus-Therian, M|100/100
|turn|2
|
|t:|1760760196
|switch|p1a: Iron Treads|Iron Treads, shiny|100/100
|-enditem|p1a: Iron Treads|Booster Energy
|-activate|p1a: Iron Treads|ability: Quark Drive|[fromitem]
|-start|p1a: Iron Treads|quarkdrivespe
|move|p2a: Thundurus|Volt Switch|p1a: Iron Treads
|-immune|p1a: Iron Treads
|
|upkeep
|turn|3
|
|t:|1760760204
|switch|p2a: Itachi|Hawlucha, M, shiny|100/100
|-ability|p2a: Itachi|Mold Breaker
|move|p1a: Iron Treads|Knock Off|p2a: Itachi
|-resisted|p2a: Itachi
|-damage|p2a: Itachi|82/100
|-enditem|p2a: Itachi|Red Card|[from] move: Knock Off|[of] p1a: Iron Treads
|
|upkeep
|turn|4
|
|t:|1760760213
|-end|p1a: Iron Treads|Quark Drive|[silent]
|switch|p1a: Dragapult|Dragapult, M|100/100
|move|p2a: Itachi|Defog|p1a: Dragapult
|-unboost|p1a: Dragapult|evasion|1
|
|upkeep
|turn|5
|
|t:|1760760221
|switch|p2a: Shukaku|Tyranitar, M, shiny|100/100
|-weather|Sandstorm|[from] ability: Sand Stream|[of] p2a: Shukaku
|move|p1a: Dragapult|Will-O-Wisp|p2a: Shukaku
|-status|p2a: Shukaku|brn
|
|-weather|Sandstorm|[upkeep]
|-damage|p1a: Dragapult|95/100|[from] Sandstorm
|-damage|p2a: Shukaku|94/100 brn|[from] brn
|upkeep
|turn|6
|
|t:|1760760233
|move|p1a: Dragapult|U-turn|p2a: Shukaku
|-supereffective|p2a: Shukaku
|-damage|p2a: Shukaku|67/100 brn
|
|t:|1760760236
|switch|p1a: Iron Treads|Iron Treads, shiny|100/100|[from] U-turn
|move|p2a: Shukaku|Stealth Rock|p1a: Iron Treads
|-sidestart|p1: Dreilek|move: Stealth Rock
|
|-weather|Sandstorm|[upkeep]
|-damage|p2a: Shukaku|61/100 brn|[from] brn
|upkeep
|turn|7
|
|t:|1760760251
|-terastallize|p2a: Shukaku|Ghost
|move|p1a: Iron Treads|Knock Off|p2a: Shukaku
|-supereffective|p2a: Shukaku
|-crit|p2a: Shukaku
|-damage|p2a: Shukaku|14/100 brn
|-enditem|p2a: Shukaku|Smooth Rock|[from] move: Knock Off|[of] p1a: Iron Treads
|move|p2a: Shukaku|Roar|p1a: Iron Treads
|-end|p1a: Iron Treads|Quark Drive|[silent]
|drag|p1a: Samurott|Samurott-Hisui, F, shiny|100/100
|-damage|p1a: Samurott|88/100|[from] Stealth Rock
|
|-weather|Sandstorm|[upkeep]
|-damage|p1a: Samurott|82/100|[from] Sandstorm
|-damage|p2a: Shukaku|7/100 brn|[from] Sandstorm
|-damage|p2a: Shukaku|1/100 brn|[from] brn
|upkeep
|turn|8
|
|t:|1760760267
|switch|p2a: Thundurus|Thundurus-Therian, M|100/100
|move|p1a: Samurott|Flip Turn|p2a: Thundurus
|-damage|p2a: Thundurus|57/100
|
|t:|1760760273
|switch|p1a: Iron Treads|Iron Treads, shiny|100/100|[from] Flip Turn
|-damage|p1a: Iron Treads|97/100|[from] Stealth Rock
|
|-weather|Sandstorm|[upkeep]
|-damage|p2a: Thundurus|51/100|[from] Sandstorm
|upkeep
|turn|9
|
|t:|1760760279
|switch|p2a: Shukaku|Tyranitar, M, shiny, tera:Ghost|1/100 brn
|move|p1a: Iron Treads|Ice Spinner|p2a: Shukaku
|-damage|p2a: Shukaku|0 fnt
|faint|p2a: Shukaku
|
|-weather|Sandstorm|[upkeep]
|upkeep
|
|t:|1760760283
|switch|p2a: OP|Excadrill, F|100/100
|turn|10
|
|t:|1760760289
|-end|p1a: Iron Treads|Quark Drive|[silent]
|switch|p1a: Zamazenta|Zamazenta, shiny|100/100
|-damage|p1a: Zamazenta|94/100|[from] Stealth Rock
|-ability|p1a: Zamazenta|Dauntless Shield|boost
|-boost|p1a: Zamazenta|def|1
|move|p2a: OP|Earthquake|p1a: Zamazenta
|-damage|p1a: Zamazenta|52/100
|
|-weather|Sandstorm|[upkeep]
|-damage|p1a: Zamazenta|46/100|[from] Sandstorm
|-heal|p1a: Zamazenta|52/100|[from] item: Leftovers
|upkeep
|turn|11
|
|t:|1760760292
|move|p2a: OP|Earthquake|p1a: Zamazenta
|-damage|p1a: Zamazenta|12/100
|move|p1a: Zamazenta|Iron Defense|p1a: Zamazenta
|-boost|p1a: Zamazenta|def|2
|
|-weather|Sandstorm|[upkeep]
|-damage|p1a: Zamazenta|6/100|[from] Sandstorm
|-heal|p1a: Zamazenta|12/100|[from] item: Leftovers
|upkeep
|turn|12
|
|t:|1760760299
|move|p2a: OP|Earthquake|p1a: Zamazenta
|-damage|p1a: Zamazenta|0 fnt
|faint|p1a: Zamazenta
|
|-weather|none
|upkeep
|
|t:|1760760306
|switch|p1a: Samurott|Samurott-Hisui, F, shiny|82/100
|-damage|p1a: Samurott|70/100|[from] Stealth Rock
|turn|13
|
|t:|1760760317
|switch|p2a: Porunga|Pawmot, M|100/100
|move|p1a: Samurott|Aqua Cutter|p2a: Porunga
|-damage|p2a: Porunga|28/100
|
|upkeep
|turn|14
|
|t:|1760760322
|move|p1a: Samurott|Aqua Cutter|p2a: Porunga
|-damage|p2a: Porunga|0 fnt
|faint|p2a: Porunga
|
|upkeep
|
|t:|1760760327
|switch|p2a: Thundurus|Thundurus-Therian, M|51/100
|turn|15
|
|t:|1760760333
|switch|p1a: Iron Treads|Iron Treads, shiny|97/100
|-damage|p1a: Iron Treads|94/100|[from] Stealth Rock
|move|p2a: Thundurus|Dark Pulse|p1a: Iron Treads
|-damage|p1a: Iron Treads|54/100
|
|upkeep
|turn|16
|
|t:|1760760339
|move|p2a: Thundurus|Dark Pulse|p1a: Iron Treads
|-damage|p1a: Iron Treads|12/100
|move|p1a: Iron Treads|Rapid Spin|p2a: Thundurus
|-damage|p2a: Thundurus|32/100
|-boost|p1a: Iron Treads|spe|1
|-sideend|p1: Dreilek|Stealth Rock|[from] move: Rapid Spin|[of] p1a: Iron Treads
|
|upkeep
|turn|17
|
|t:|1760760344
|switch|p2a: Itachi|Hawlucha, M, shiny|82/100
|-ability|p2a: Itachi|Mold Breaker
|move|p1a: Iron Treads|Ice Spinner|p2a: Itachi
|-supereffective|p2a: Itachi
|-damage|p2a: Itachi|21/100
|
|upkeep
|turn|18
|
|t:|1760760354
|move|p1a: Iron Treads|Ice Spinner|p2a: Itachi
|-supereffective|p2a: Itachi
|-damage|p2a: Itachi|0 fnt
|faint|p2a: Itachi
|
|upkeep
|
|t:|1760760360
|switch|p2a: OP|Excadrill, F|100/100
|turn|19
|
|t:|1760760362
|move|p1a: Iron Treads|Earthquake|p2a: OP
|-supereffective|p2a: OP
|-damage|p2a: OP|0 fnt
|faint|p2a: OP
|
|upkeep
|-message|OP Earthquakes forfeited.
|
|win|Dreilek
|raw|Dreilek's rating: 1457 &rarr; <strong>1478</strong><br />(+21 for winning)
|raw|OP Earthquakes's rating: 1471 &rarr; <strong>1450</strong><br />(-21 for losing)
|l|☆OP Earthquakes
|player|p2|
|l|☆Dreilek
|player|p1|
