|j|☆bigter
|j|☆eucalipto69!
|t:|1760765810
|gametype|singles
|player|p1|bigter|266|1199
|player|p2|eucalipto69!|169|1164
|gen|9
|tier|[Gen 9] OU
|rated|
|rule|HP Percentage Mod: HP is shown in percentages
|rule|Endless Battle Clause: Forcing endless battles is banned
|rule|Species Clause: Limit one of each Pokémon
|rule|OHKO Clause: OHKO moves are banned
|rule|Evasion Items Clause: Evasion items are banned
|rule|Evasion Moves Clause: Evasion moves are banned
|rule|Evasion Abilities Clause: Evasion abilities are banned
|rule|Sleep Moves Clause: Sleep-inducing moves are banned
|clearpoke
|poke|p1|Dragonite, M|
|poke|p1|Gholdengo|
|poke|p1|Regidrago|
|poke|p1|Scizor, F|
|poke|p1|Ting-Lu|
|poke|p1|Weezing-Galar, F|
|poke|p2|Haxorus, M|
|poke|p2|Grimmsnarl, M|
|poke|p2|Gholdengo|
|poke|p2|Azumarill, M|
|poke|p2|Great Tusk|
|poke|p2|Galvantula, M|
|teampreview
|inactive|Battle timer is ON: inactive players will automatically lose when time's up. (requested by bigter)
|inactive|eucalipto69! has 120 seconds left.
|inactive|eucalipto69! has 90 seconds left.
|
|t:|1760765877
|teamsize|p1|6
|teamsize|p2|6
|start
|switch|p1a: Scizor|Scizor, F|100/100
|switch|p2a: Galvantula|Galvantula, M, shiny|100/100
|turn|1
|
|t:|1760765903
|move|p1a: Scizor|Bullet Punch|p2a: Galvantula
|-resisted|p2a: Galvantula
|-damage|p2a: Galvantula|54/100
|move|p2a: Galvantula|Thunder Wave|p1a: Scizor
|-status|p1a: Scizor|par
|
|upkeep
|turn|2
|
|t:|1760765909
|move|p1a: Scizor|Bullet Punch|p2a: Galvantula
|-resisted|p2a: Galvantula
|-damage|p2a: Galvantula|9/100
|move|p2a: Galvantula|Sticky Web|p1a: Scizor
|-sidestart|p1: bigter|move: Sticky Web
|
|upkeep
|turn|3
|
|t:|1760765918
|switch|p2a: Great Tusk|Great Tusk|100/100
|move|p1a: Scizor|Bullet Punch|p2a: Great Tusk
|-damage|p2a: Great Tusk|71/100
|-damage|p1a: Scizor|84/100 par|[from] item: Rocky Helmet|[of] p2a: Great Tusk
|
|upkeep
|turn|4
|
|t:|1760765941
|move|p1a: Scizor|Bullet Punch|p2a: Great Tusk
|-damage|p2a: Great Tusk|36/100
|-damage|p1a: Scizor|68/100 par|[from] item: Rocky Helmet|[of] p2a: Great Tusk
|move|p2a: Great Tusk|Stealth Rock|p1a: Scizor
|-sidestart|p1: bigter|move: Stealth Rock
|
|upkeep
|turn|5
|
|t:|1760765947
|cant|p1a: Scizor|par
|move|p2a: Great Tusk|Knock Off|p1a: Scizor
|-crit|p1a: Scizor
|-damage|p1a: Scizor|20/100 par
|-enditem|p1a: Scizor|Choice Band|[from] move: Knock Off|[of] p2a: Great Tusk
|
|upkeep
|turn|6
|
|t:|1760765954
|cant|p1a: Scizor|par
|move|p2a: Great Tusk|Earthquake|p1a: Scizor
|-damage|p1a: Scizor|0 fnt
|faint|p1a: Scizor
|
|upkeep
|
|t:|1760765971
|switch|p1a: Weezing|Weezing-Galar, F|100/100
|-ability|p1a: Weezing|Neutralizing Gas
|turn|7
|
|t:|1760765977
|-end|p2a: Great Tusk|Protosynthesis|[silent]
|switch|p2a: Gholdengo|Gholdengo|100/100
|-item|p2a: Gholdengo|Air Balloon
|move|p1a: Weezing|Defog|p2a: Gholdengo
|-unboost|p2a: Gholdengo|evasion|1
|-sideend|p1: bigter|Stealth Rock|[from] move: Defog|[of] p1a: Weezing
|-sideend|p1: bigter|Sticky Web|[from] move: Defog|[of] p1a: Weezing
|
|upkeep
|turn|8
|
|t:|1760765992
|-end|p1a: Weezing|ability: Neutralizing Gas
|switch|p1a: Ting-Lu|Ting-Lu|100/100
|-ability|p1a: Ting-Lu|Vessel of Ruin
|move|p2a: Gholdengo|Nasty Plot|p2a: Gholdengo
|-boost|p2a: Gholdengo|spa|2
|
|upkeep
|turn|9
|
|t:|1760765999
|move|p2a: Gholdengo|Make It Rain|p1a: Ting-Lu
|-damage|p1a: Ting-Lu|60/100
|-unboost|p2a: Gholdengo|spa|1
|move|p1a: Ting-Lu|Whirlwind|p2a: Gholdengo
|-immune|p2a: Gholdengo|[from] ability: Good as Gold
|
|-heal|p1a: Ting-Lu|66/100|[from] item: Leftovers
|upkeep
|turn|10
|inactive|bigter has 120 seconds left.
|
|t:|1760766029
|move|p2a: Gholdengo|Nasty Plot|p2a: Gholdengo
|-boost|p2a: Gholdengo|spa|2
|move|p1a: Ting-Lu|Ruination|p2a: Gholdengo
|-damage|p2a: Gholdengo|50/100
|-enditem|p2a: Gholdengo|Air Balloon
|
|-heal|p1a: Ting-Lu|73/100|[from] item: Leftovers
|upkeep
|turn|11
|
|t:|1760766035
|move|p2a: Gholdengo|Make It Rain|p1a: Ting-Lu
|-damage|p1a: Ting-Lu|15/100
|-unboost|p2a: Gholdengo|spa|1
|move|p1a: Ting-Lu|Earthquake|p2a: Gholdengo
|-supereffective|p2a: Gholdengo
|-damage|p2a: Gholdengo|0 fnt
|faint|p2a: Gholdengo
|
|-heal|p1a: Ting-Lu|21/100|[from] item: Leftovers
|upkeep
|
|t:|1760766059
|switch|p2a: Great Tusk|Great Tusk|36/100
|turn|12
|
|t:|1760766064
|move|p2a: Great Tusk|Earthquake|p1a: Ting-Lu
|-damage|p1a: Ting-Lu|0 fnt
|faint|p1a: Ting-Lu
|
|upkeep
|
|t:|1760766068
|switch|p1a: Regidrago|Regidrago, shiny|100/100
|turn|13
|
|t:|1760766071
|-end|p2a: Great Tusk|Protosynthesis|[silent]
|switch|p2a: Azumarill|Azumarill, M, shiny|100/100
|move|p1a: Regidrago|Dragon Energy|p2a: Azumarill
|-immune|p2a: Azumarill
|
|upkeep
|turn|14
|
|t:|1760766080
|switch|p1a: Weezing|Weezing-Galar, F|100/100
|-ability|p1a: Weezing|Neutralizing Gas
|move|p2a: Azumarill|Knock Off|p1a: Weezing
|-resisted|p1a: Weezing
|-damage|p1a: Weezing|93/100
|-enditem|p1a: Weezing|Heavy-Duty Boots|[from] move: Knock Off|[of] p2a: Azumarill
|
|upkeep
|turn|15
|
|t:|1760766091
|switch|p2a: Great Tusk|Great Tusk|36/100
|move|p1a: Weezing|Will-O-Wisp|p2a: Great Tusk
|-status|p2a: Great Tusk|brn
|
|-damage|p2a: Great Tusk|30/100 brn|[from] brn
|upkeep
|turn|16
|
|t:|1760766102
|move|p2a: Great Tusk|Earthquake|p1a: Weezing
|-supereffective|p1a: Weezing
|-damage|p1a: Weezing|62/100
|move|p1a: Weezing|Sludge Bomb|p2a: Great Tusk
|-resisted|p2a: Great Tusk
|-damage|p2a: Great Tusk|12/100 brn
|
|-damage|p2a: Great Tusk|6/100 brn|[from] brn
|upkeep
|turn|17
|
|t:|1760766109
|move|p2a: Great Tusk|Earthquake|p1a: Weezing
|-supereffective|p1a: Weezing
|-damage|p1a: Weezing|35/100
|move|p1a: Weezing|Sludge Bomb|p2a: Great Tusk
|-resisted|p2a: Great Tusk
|-crit|p2a: Great Tusk
|-damage|p2a: Great Tusk|0 fnt
|faint|p2a: Great Tusk
|-end|p2a: Great Tusk|Protosynthesis|[silent]
|
|upkeep
|
|t:|1760766114
|switch|p2a: Haxorus|Haxorus, M, shiny|100/100
|turn|18
|
|t:|1760766118
|move|p2a: Haxorus|Iron Head|p1a: Weezing
|-supereffective|p1a: Weezing
|-damage|p1a: Weezing|0 fnt
|faint|p1a: Weezing
|-end|p1a: Weezing|ability: Neutralizing Gas
|-ability|p2a: Haxorus|Mold Breaker
|
|upkeep
|
|t:|1760766123
|switch|p1a: Regidrago|Regidrago, shiny|100/100
|turn|19
|
|t:|1760766129
|switch|p2a: Grimmsnarl|Grimmsnarl, M|100/100
|move|p1a: Regidrago|Dragon Energy|p2a: Grimmsnarl
|-immune|p2a: Grimmsnarl
|
|upkeep
|turn|20
|
|t:|1760766135
|switch|p1a: Gholdengo|Gholdengo|100/100
|move|p2a: Grimmsnarl|Spirit Break|p1a: Gholdengo
|-resisted|p1a: Gholdengo
|-damage|p1a: Gholdengo|82/100
|-unboost|p1a: Gholdengo|spa|1
|
|upkeep
|turn|21
|
|t:|1760766147
|move|p2a: Grimmsnarl|Light Screen|p2a: Grimmsnarl
|-sidestart|p2: eucalipto69!|move: Light Screen
|move|p1a: Gholdengo|Make It Rain|p2a: Grimmsnarl
|-supereffective|p2a: Grimmsnarl
|-damage|p2a: Grimmsnarl|48/100
|-unboost|p1a: Gholdengo|spa|1
|
|upkeep
|turn|22
|
|t:|1760766157
|move|p2a: Grimmsnarl|Reflect|p2a: Grimmsnarl
|-sidestart|p2: eucalipto69!|Reflect
|move|p1a: Gholdengo|Nasty Plot|p1a: Gholdengo
|-boost|p1a: Gholdengo|spa|2
|
|upkeep
|turn|23
|
|t:|1760766169
|switch|p2a: Azumarill|Azumarill, M, shiny|100/100
|move|p1a: Gholdengo|Make It Rain|p2a: Azumarill
|-damage|p2a: Azumarill|75/100
|-unboost|p1a: Gholdengo|spa|1
|
|upkeep
|turn|24
|
|t:|1760766177
|move|p1a: Gholdengo|Thunderbolt|p2a: Azumarill
|-supereffective|p2a: Azumarill
|-damage|p2a: Azumarill|58/100
|move|p2a: Azumarill|Knock Off|p1a: Gholdengo
|-supereffective|p1a: Gholdengo
|-damage|p1a: Gholdengo|0 fnt
|-enditem|p1a: Gholdengo|Metal Coat|[from] move: Knock Off|[of] p2a: Azumarill
|faint|p1a: Gholdengo
|
|upkeep
|
|t:|1760766198
|switch|p1a: Dragonite|Dragonite, M|100/100
|turn|25
|
|t:|1760766205
|move|p1a: Dragonite|Dragon Dance|p1a: Dragonite
|-boost|p1a: Dragonite|atk|1
|-boost|p1a: Dragonite|spe|1
|move|p2a: Azumarill|Ice Spinner|p1a: Dragonite
|-supereffective|p1a: Dragonite
|-damage|p1a: Dragonite|32/100
|
|upkeep
|turn|26
|
|t:|1760766215
|-terastallize|p1a: Dragonite|Normal
|move|p1a: Dragonite|Roost|p1a: Dragonite
|-heal|p1a: Dragonite|82/100
|move|p2a: Azumarill|Ice Spinner|p1a: Dragonite
|-damage|p1a: Dragonite|47/100
|
|upkeep
|turn|27
|
|t:|1760766222
|move|p1a: Dragonite|Roost|p1a: Dragonite
|-heal|p1a: Dragonite|97/100
|move|p2a: Azumarill|Play Rough|p1a: Dragonite
|-damage|p1a: Dragonite|40/100
|
|upkeep
|turn|28
|
|t:|1760766233
|move|p1a: Dragonite|Extreme Speed|p2a: Azumarill
|-damage|p2a: Azumarill|20/100
|move|p2a: Azumarill|Play Rough|p1a: Dragonite
|-damage|p1a: Dragonite|0 fnt
|faint|p1a: Dragonite
|
|-sideend|p2: eucalipto69!|move: Light Screen
|upkeep
|
|t:|1760766238
|switch|p1a: Regidrago|Regidrago, shiny|100/100
|turn|29
|
|t:|1760766248
|move|p1a: Regidrago|Earth Power|p2a: Azumarill
|-damage|p2a: Azumarill|3/100
|move|p2a: Azumarill|Play Rough|p1a: Regidrago
|-supereffective|p1a: Regidrago
|-damage|p1a: Regidrago|0 fnt
|faint|p1a: Regidrago
|
|win|eucalipto69!
|raw|bigter's rating: 1199 &rarr; <strong>1171</strong><br />(-28 for losing)
|raw|eucalipto69!'s rating: 1164 &rarr; <strong>1192</strong><br />(+28 for winning)
|l|☆bigter
|player|p1|
|l|☆eucalipto69!
|player|p2|
