|j|☆greenlolcom
|j|☆sly_sunflower
|t:|1760780310
|gametype|singles
|player|p1|greenlolcom|hilbert-wonderlauncher|1188
|player|p2|sly_sunflower|cilan|1135
|gen|9
|tier|[Gen 9] OU
|rated|
|rule|HP Percentage Mod: HP is shown in percentages
|rule|Endless Battle Clause: Forcing endless battles is banned
|rule|Species Clause: Limit one of each Pokémon
|rule|OHKO Clause: OHKO moves are banned
|rule|Evasion Items Clause: Evasion items are banned
|rule|Evasion Moves Clause: Evasion moves are banned
|rule|Evasion Abilities Clause: Evasion abilities are banned
|rule|Sleep Moves Clause: Sleep-inducing moves are banned
|clearpoke
|poke|p1|Gallade, M|
|poke|p1|Grumpig, F|
|poke|p1|Torkoal, M|
|poke|p1|Grimmsnarl, M|
|poke|p1|Incineroar, F|
|poke|p1|Cinderace, F|
|poke|p2|Vikavolt, F|
|poke|p2|Illumise, F|
|poke|p2|Coalossal, M|
|poke|p2|Dipplin, M|
|poke|p2|Wugtrio, M|
|poke|p2|Froslass, F|
|teampreview
|inactive|Battle timer is ON: inactive players will automatically lose when time's up. (requested by sly_sunflower)
|inactive|greenlolcom also wants the timer to be on.
|
|t:|1760780334
|teamsize|p1|6
|teamsize|p2|6
|start
|switch|p1a: Cinderace|Cinderace, F, shiny|100/100
|switch|p2a: Illumise|Illumise, F|100/100
|turn|1
|
|t:|1760780342
|switch|p1a: Grimmsnarl|Grimmsnarl, M, shiny|100/100
|move|p2a: Illumise|Thunder Wave|p1a: Grimmsnarl
|-hint|Since gen 7, Dark is immune to Prankster moves.
|-immune|p1a: Grimmsnarl
|
|upkeep
|turn|2
|
|t:|1760780358
|switch|p2a: Wugtrio|Wugtrio, M|100/100
|move|p1a: Grimmsnarl|Light Screen|p1a: Grimmsnarl
|-sidestart|p1: greenlolcom|move: Light Screen
|
|upkeep
|turn|3
|
|t:|1760780371
|move|p1a: Grimmsnarl|Reflect|p1a: Grimmsnarl
|-sidestart|p1: greenlolcom|Reflect
|move|p2a: Wugtrio|Triple Dive|p1a: Grimmsnarl
|-damage|p1a: Grimmsnarl|92/100
|-damage|p1a: Grimmsnarl|85/100
|-damage|p1a: Grimmsnarl|76/100
|-hitcount|p1a: Grimmsnarl|3
|
|upkeep
|turn|4
|
|t:|1760780385
|switch|p2a: Illumise|Illumise, F|100/100
|move|p1a: Grimmsnarl|Sucker Punch||[still]
|-fail|p1a: Grimmsnarl
|
|upkeep
|turn|5
|
|t:|1760780393
|move|p1a: Grimmsnarl|Sucker Punch|p2a: Illumise
|-damage|p2a: Illumise|52/100
|move|p2a: Illumise|Bug Buzz|p1a: Grimmsnarl
|-damage|p1a: Grimmsnarl|61/100
|
|upkeep
|turn|6
|
|t:|1760780410
|switch|p2a: Coalossal|Coalossal, M|100/100
|move|p1a: Grimmsnarl|Parting Shot|p2a: Coalossal
|-unboost|p2a: Coalossal|atk|1
|-unboost|p2a: Coalossal|spa|1
|
|t:|1760780417
|switch|p1a: Incineroar|Incineroar, F, shiny|100/100|[from] Parting Shot
|-ability|p1a: Incineroar|Intimidate|boost
|-unboost|p2a: Coalossal|atk|1
|
|upkeep
|turn|7
|
|t:|1760780424
|switch|p2a: Illumise|Illumise, F|52/100
|move|p1a: Incineroar|Bulk Up|p1a: Incineroar
|-boost|p1a: Incineroar|atk|1
|-boost|p1a: Incineroar|def|1
|
|upkeep
|turn|8
|
|t:|1760780433
|move|p1a: Incineroar|Flame Charge|p2a: Illumise
|-supereffective|p2a: Illumise
|-damage|p2a: Illumise|0 fnt
|-boost|p1a: Incineroar|spe|1
|faint|p2a: Illumise
|
|upkeep
|
|t:|1760780458
|switch|p2a: Coalossal|Coalossal, M|100/100
|turn|9
|
|t:|1760780464
|-terastallize|p2a: Coalossal|Water
|move|p1a: Incineroar|Bulk Up|p1a: Incineroar
|-boost|p1a: Incineroar|atk|1
|-boost|p1a: Incineroar|def|1
|move|p2a: Coalossal|Meteor Beam||[still]
|-prepare|p2a: Coalossal|Meteor Beam
|-boost|p2a: Coalossal|spa|1
|-enditem|p2a: Coalossal|Power Herb
|-anim|p2a: Coalossal|Meteor Beam|p1a: Incineroar
|-supereffective|p1a: Incineroar
|-damage|p1a: Incineroar|11/100
|-enditem|p1a: Incineroar|Weakness Policy
|-boost|p1a: Incineroar|atk|2|[from] item: Weakness Policy
|-boost|p1a: Incineroar|spa|2|[from] item: Weakness Policy
|
|-sideend|p1: greenlolcom|move: Light Screen
|upkeep
|turn|10
|
|t:|1760780482
|move|p1a: Incineroar|Drain Punch|p2a: Coalossal
|-damage|p2a: Coalossal|51/100
|-heal|p1a: Incineroar|43/100|[from] drain|[of] p2a: Coalossal
|move|p2a: Coalossal|Power Gem|p1a: Incineroar
|-supereffective|p1a: Incineroar
|-damage|p1a: Incineroar|0 fnt
|faint|p1a: Incineroar
|
|-sideend|p1: greenlolcom|Reflect
|upkeep
|inactive|greenlolcom has 120 seconds left.
|
|t:|1760780505
|switch|p1a: Cinderace|Cinderace, F, shiny|100/100
|turn|11
|
|t:|1760780511
|move|p1a: Cinderace|High Jump Kick|p2a: Coalossal
|-start|p1a: Cinderace|typechange|Fighting|[from] ability: Libero
|-damage|p2a: Coalossal|6/100
|move|p2a: Coalossal|Power Gem|p1a: Cinderace
|-resisted|p1a: Cinderace
|-damage|p1a: Cinderace|64/100
|
|upkeep
|turn|12
|
|t:|1760780522
|move|p1a: Cinderace|Sucker Punch|p2a: Coalossal
|-damage|p2a: Coalossal|0 fnt
|faint|p2a: Coalossal
|
|upkeep
|
|t:|1760780529
|switch|p2a: Vikavolt|Vikavolt, F|100/100
|turn|13
|
|t:|1760780535
|switch|p2a: Dipplin|Dipplin, M|100/100
|move|p1a: Cinderace|Pyro Ball|p2a: Dipplin
|-damage|p2a: Dipplin|84/100
|-status|p2a: Dipplin|brn
|
|-damage|p2a: Dipplin|78/100 brn|[from] brn
|upkeep
|turn|14
|
|t:|1760780547
|move|p1a: Cinderace|High Jump Kick|p2a: Dipplin
|-crit|p2a: Dipplin
|-damage|p2a: Dipplin|36/100 brn
|move|p2a: Dipplin|Dragon Pulse|p1a: Cinderace
|-damage|p1a: Cinderace|21/100
|
|-damage|p2a: Dipplin|30/100 brn|[from] brn
|upkeep
|turn|15
|
|t:|1760780557
|move|p1a: Cinderace|High Jump Kick|p2a: Dipplin
|-damage|p2a: Dipplin|2/100 brn
|move|p2a: Dipplin|Recover|p2a: Dipplin
|-heal|p2a: Dipplin|52/100 brn
|
|-damage|p2a: Dipplin|46/100 brn|[from] brn
|upkeep
|turn|16
|
|t:|1760780566
|move|p1a: Cinderace|High Jump Kick|p2a: Dipplin
|-damage|p2a: Dipplin|19/100 brn
|move|p2a: Dipplin|Recover|p2a: Dipplin
|-heal|p2a: Dipplin|69/100 brn
|
|-damage|p2a: Dipplin|63/100 brn|[from] brn
|upkeep
|turn|17
|
|t:|1760780576
|switch|p1a: Grumpig|Grumpig, F, shiny|100/100
|move|p2a: Dipplin|Recover|p2a: Dipplin
|-heal|p2a: Dipplin|100/100 brn
|
|-damage|p2a: Dipplin|94/100 brn|[from] brn
|upkeep
|turn|18
|
|t:|1760780585
|move|p1a: Grumpig|Nasty Plot|p1a: Grumpig
|-boost|p1a: Grumpig|spa|2
|move|p2a: Dipplin|Dragon Pulse|p1a: Grumpig
|-damage|p1a: Grumpig|69/100
|
|-damage|p2a: Dipplin|88/100 brn|[from] brn
|upkeep
|turn|19
|
|t:|1760780596
|switch|p2a: Froslass|Froslass, F|100/100
|move|p1a: Grumpig|Psychic Noise|p2a: Froslass
|-damage|p2a: Froslass|0 fnt
|-start|p1a: Grumpig|Disable|Psychic Noise|[from] ability: Cursed Body|[of] p2a: Froslass
|faint|p2a: Froslass
|
|upkeep
|
|t:|1760780603
|switch|p2a: Vikavolt|Vikavolt, F|100/100
|turn|20
|
|t:|1760780614
|-terastallize|p1a: Grumpig|Poison
|move|p1a: Grumpig|Nasty Plot|p1a: Grumpig
|-boost|p1a: Grumpig|spa|2
|move|p2a: Vikavolt|Agility|p2a: Vikavolt
|-boost|p2a: Vikavolt|spe|2
|
|upkeep
|turn|21
|
|t:|1760780628
|move|p2a: Vikavolt|Thunderbolt|p1a: Grumpig
|-damage|p1a: Grumpig|11/100
|-enditem|p1a: Grumpig|Salac Berry|[eat]
|-boost|p1a: Grumpig|spe|1|[from] item: Salac Berry
|move|p1a: Grumpig|Nasty Plot|p1a: Grumpig
|-boost|p1a: Grumpig|spa|2
|
|upkeep
|turn|22
|
|t:|1760780637
|move|p1a: Grumpig|Belch|p2a: Vikavolt
|-damage|p2a: Vikavolt|0 fnt
|faint|p2a: Vikavolt
|
|-end|p1a: Grumpig|Disable
|upkeep
|
|t:|1760780641
|switch|p2a: Wugtrio|Wugtrio, M|100/100
|turn|23
|
|t:|1760780650
|move|p2a: Wugtrio|Sucker Punch|p1a: Grumpig
|-damage|p1a: Grumpig|0 fnt
|faint|p1a: Grumpig
|
|upkeep
|
|t:|1760780660
|switch|p1a: Cinderace|Cinderace, F, shiny|21/100
|turn|24
|
|t:|1760780665
|move|p2a: Wugtrio|Aqua Jet|p1a: Cinderace
|-supereffective|p1a: Cinderace
|-damage|p1a: Cinderace|0 fnt
|faint|p1a: Cinderace
|
|upkeep
|
|t:|1760780671
|switch|p1a: Grimmsnarl|Grimmsnarl, M, shiny|61/100
|turn|25
|
|t:|1760780681
|move|p1a: Grimmsnarl|Reflect|p1a: Grimmsnarl
|-sidestart|p1: greenlolcom|Reflect
|move|p2a: Wugtrio|Triple Dive|p1a: Grimmsnarl
|-damage|p1a: Grimmsnarl|53/100
|-damage|p1a: Grimmsnarl|44/100
|-damage|p1a: Grimmsnarl|37/100
|-hitcount|p1a: Grimmsnarl|3
|
|upkeep
|turn|26
|
|t:|1760780690
|move|p1a: Grimmsnarl|Parting Shot|p2a: Wugtrio
|-unboost|p2a: Wugtrio|atk|1
|-unboost|p2a: Wugtrio|spa|1
|
|t:|1760780694
|switch|p1a: Gallade|Gallade, M, shiny|100/100|[from] Parting Shot
|move|p2a: Wugtrio|Triple Dive|p1a: Gallade
|-damage|p1a: Gallade|93/100
|-damage|p1a: Gallade|84/100
|-crit|p1a: Gallade
|-damage|p1a: Gallade|49/100
|-hitcount|p1a: Gallade|3
|
|upkeep
|turn|27
|
|t:|1760780705
|move|p1a: Gallade|Sacred Sword|p2a: Wugtrio
|-damage|p2a: Wugtrio|0 fnt
|-ability|p2a: Wugtrio|Gooey
|-unboost|p1a: Gallade|spe|1
|faint|p2a: Wugtrio
|
|upkeep
|
|t:|1760780709
|switch|p2a: Dipplin|Dipplin, M|88/100 brn
|turn|28
|
|t:|1760780716
|move|p1a: Gallade|Sacred Sword|p2a: Dipplin
|-damage|p2a: Dipplin|55/100 brn
|move|p2a: Dipplin|Giga Drain|p1a: Gallade
|-damage|p1a: Gallade|21/100
|-heal|p2a: Dipplin|66/100 brn|[from] drain|[of] p1a: Gallade
|
|-damage|p2a: Dipplin|60/100 brn|[from] brn
|upkeep
|turn|29
|
|t:|1760780727
|move|p1a: Gallade|Sacred Sword|p2a: Dipplin
|-damage|p2a: Dipplin|28/100 brn
|move|p2a: Dipplin|Giga Drain|p1a: Gallade
|-damage|p1a: Gallade|0 fnt
|-heal|p2a: Dipplin|36/100 brn|[from] drain|[of] p1a: Gallade
|faint|p1a: Gallade
|
|-damage|p2a: Dipplin|30/100 brn|[from] brn
|upkeep
|
|t:|1760780740
|switch|p1a: Torkoal|Torkoal, M, shiny|100/100
|-weather|SunnyDay|[from] ability: Drought|[of] p1a: Torkoal
|turn|30
|
|t:|1760780746
|move|p2a: Dipplin|Recover|p2a: Dipplin
|-heal|p2a: Dipplin|80/100 brn
|move|p1a: Torkoal|Iron Defense|p1a: Torkoal
|-boost|p1a: Torkoal|def|2
|
|-weather|SunnyDay|[upkeep]
|-damage|p2a: Dipplin|74/100 brn|[from] brn
|upkeep
|turn|31
|
|t:|1760780755
|move|p2a: Dipplin|Dragon Pulse|p1a: Torkoal
|-damage|p1a: Torkoal|53/100
|move|p1a: Torkoal|Iron Defense|p1a: Torkoal
|-boost|p1a: Torkoal|def|2
|
|-weather|SunnyDay|[upkeep]
|-heal|p1a: Torkoal|59/100|[from] item: Leftovers
|-damage|p2a: Dipplin|68/100 brn|[from] brn
|upkeep
|turn|32
|
|t:|1760780766
|move|p2a: Dipplin|Recover|p2a: Dipplin
|-heal|p2a: Dipplin|100/100 brn
|move|p1a: Torkoal|Body Press|p2a: Dipplin
|-damage|p2a: Dipplin|64/100 brn
|
|-weather|SunnyDay|[upkeep]
|-heal|p1a: Torkoal|65/100|[from] item: Leftovers
|-damage|p2a: Dipplin|58/100 brn|[from] brn
|-sideend|p1: greenlolcom|Reflect
|upkeep
|turn|33
|
|t:|1760780780
|move|p2a: Dipplin|Dragon Pulse|p1a: Torkoal
|-damage|p1a: Torkoal|21/100
|move|p1a: Torkoal|Body Press|p2a: Dipplin
|-damage|p2a: Dipplin|22/100 brn
|
|-weather|SunnyDay|[upkeep]
|-heal|p1a: Torkoal|27/100|[from] item: Leftovers
|-damage|p2a: Dipplin|16/100 brn|[from] brn
|upkeep
|turn|34
|
|t:|1760780793
|move|p2a: Dipplin|Recover|p2a: Dipplin
|-heal|p2a: Dipplin|66/100 brn
|move|p1a: Torkoal|Body Press|p2a: Dipplin
|-crit|p2a: Dipplin
|-damage|p2a: Dipplin|7/100 brn
|
|-weather|none
|-heal|p1a: Torkoal|33/100|[from] item: Leftovers
|-damage|p2a: Dipplin|1/100 brn|[from] brn
|upkeep
|turn|35
|
|t:|1760780805
|move|p2a: Dipplin|Recover|p2a: Dipplin
|-heal|p2a: Dipplin|51/100 brn
|move|p1a: Torkoal|Body Press|p2a: Dipplin
|-damage|p2a: Dipplin|14/100 brn
|
|-heal|p1a: Torkoal|39/100|[from] item: Leftovers
|-damage|p2a: Dipplin|8/100 brn|[from] brn
|upkeep
|turn|36
|c|☆greenlolcom|Sorry for the bad luck.
|
|t:|1760780830
|move|p2a: Dipplin|Dragon Pulse|p1a: Torkoal
|-damage|p1a: Torkoal|0 fnt
|faint|p1a: Torkoal
|
|-damage|p2a: Dipplin|2/100 brn|[from] brn
|upkeep
|
|t:|1760780837
|switch|p1a: Grimmsnarl|Grimmsnarl, M, shiny|37/100
|turn|37
|
|t:|1760780843
|move|p1a: Grimmsnarl|Light Screen|p1a: Grimmsnarl
|-sidestart|p1: greenlolcom|move: Light Screen
|move|p2a: Dipplin|Recover|p2a: Dipplin
|-heal|p2a: Dipplin|52/100 brn
|
|-damage|p2a: Dipplin|46/100 brn|[from] brn
|upkeep
|turn|38
|
|t:|1760780858
|move|p1a: Grimmsnarl|Parting Shot|p2a: Dipplin
|-unboost|p2a: Dipplin|atk|1
|-unboost|p2a: Dipplin|spa|1
|move|p2a: Dipplin|Rollout|p1a: Grimmsnarl
|-damage|p1a: Grimmsnarl|34/100
|
|-damage|p2a: Dipplin|40/100 brn|[from] brn
|upkeep
|turn|39
|
|t:|1760780869
|move|p1a: Grimmsnarl|Reflect|p1a: Grimmsnarl
|-sidestart|p1: greenlolcom|Reflect
|move|p2a: Dipplin|Rollout|p1a: Grimmsnarl|[from] lockedmove
|-damage|p1a: Grimmsnarl|31/100
|
|-damage|p2a: Dipplin|33/100 brn|[from] brn
|upkeep
|turn|40
|
|t:|1760780877
|move|p1a: Grimmsnarl|Sucker Punch|p2a: Dipplin
|-damage|p2a: Dipplin|18/100 brn
|move|p2a: Dipplin|Rollout|p1a: Grimmsnarl|[from] lockedmove
|-damage|p1a: Grimmsnarl|26/100
|
|-damage|p2a: Dipplin|11/100 brn|[from] brn
|upkeep
|turn|41
|
|t:|1760780889
|move|p1a: Grimmsnarl|Sucker Punch|p2a: Dipplin
|-damage|p2a: Dipplin|0 fnt
|faint|p2a: Dipplin
|
|win|greenlolcom
|raw|greenlolcom's rating: 1188 &rarr; <strong>1209</strong><br />(+21 for winning)
|raw|sly_sunflower's rating: 1135 &rarr; <strong>1114</strong><br />(-21 for losing)
|l|☆sly_sunflower
|player|p2|
|l|☆greenlolcom
|player|p1|
