|j|☆jhghjkhipkjnlp
|j|☆hdbb
|t:|1760845064
|gametype|singles
|player|p1|jhghjkhipkjnlp|266|1369
|player|p2|hdbb|1|1307
|gen|9
|tier|[Gen 9] OU
|rated|
|rule|HP Percentage Mod: HP is shown in percentages
|rule|Endless Battle Clause: Forcing endless battles is banned
|rule|Species Clause: Limit one of each Pokémon
|rule|OHKO Clause: OHKO moves are banned
|rule|Evasion Items Clause: Evasion items are banned
|rule|Evasion Moves Clause: Evasion moves are banned
|rule|Evasion Abilities Clause: Evasion abilities are banned
|rule|Sleep Moves Clause: Sleep-inducing moves are banned
|clearpoke
|poke|p1|Ninetales, M|
|poke|p1|Hatterene, F|
|poke|p1|Ting-Lu|
|poke|p1|Lilligant-Hisui, F|
|poke|p1|Walking Wake|
|poke|p1|Ursaluna, M|
|poke|p2|Gliscor, F|
|poke|p2|Greninja-*, M|
|poke|p2|Sandy Shocks|
|poke|p2|Toxapex, M|
|poke|p2|Rillaboom, M|
|poke|p2|Iron Moth|
|teampreview
|inactive|Battle timer is ON: inactive players will automatically lose when time's up. (requested by hdbb)
|inactive|jhghjkhipkjnlp also wants the timer to be on.
|
|t:|1760845083
|teamsize|p1|6
|teamsize|p2|6
|start
|switch|p1a: Ursaluna|Ursaluna, M|100/100
|switch|p2a: Greninja|Greninja, M|100/100
|turn|1
|
|t:|1760845096
|-terastallize|p1a: Ursaluna|Normal
|move|p2a: Greninja|Hydro Pump|p1a: Ursaluna
|-damage|p1a: Ursaluna|48/100
|-damage|p2a: Greninja|91/100|[from] item: Life Orb
|move|p1a: Ursaluna|Facade|p2a: Greninja
|-damage|p2a: Greninja|0 fnt
|faint|p2a: Greninja
|
|-status|p1a: Ursaluna|brn|[from] item: Flame Orb
|upkeep
|
|t:|1760845110
|switch|p2a: Rillaboom|Rillaboom, M, shiny|100/100
|-fieldstart|move: Grassy Terrain|[from] ability: Grassy Surge|[of] p2a: Rillaboom
|turn|2
|
|t:|1760845117
|switch|p1a: Ninetales|Ninetales, M|100/100
|-weather|SunnyDay|[from] ability: Drought|[of] p1a: Ninetales
|move|p2a: Rillaboom|Drain Punch|p1a: Ninetales
|-damage|p1a: Ninetales|69/100
|
|-weather|SunnyDay|[upkeep]
|-heal|p1a: Ninetales|75/100|[from] Grassy Terrain
|upkeep
|turn|3
|
|t:|1760845140
|switch|p1a: Ting-Lu|Ting-Lu|100/100
|-ability|p1a: Ting-Lu|Vessel of Ruin
|move|p2a: Rillaboom|U-turn|p1a: Ting-Lu
|-supereffective|p1a: Ting-Lu
|-damage|p1a: Ting-Lu|73/100
|-enditem|p1a: Ting-Lu|Eject Button
|inactive|jhghjkhipkjnlp has 120 seconds left.
|
|t:|1760845161
|switch|p1a: Walking Wake|Walking Wake|100/100
|-activate|p1a: Walking Wake|ability: Protosynthesis
|-start|p1a: Walking Wake|protosynthesisspe
|
|-weather|SunnyDay|[upkeep]
|upkeep
|turn|4
|inactive|jhghjkhipkjnlp has 120 seconds left.
|
|t:|1760845174
|-end|p1a: Walking Wake|Protosynthesis|[silent]
|switch|p1a: Ursaluna|Ursaluna, M, tera:Normal|48/100 brn
|switch|p2a: Toxapex|Toxapex, M, shiny|100/100
|
|-weather|SunnyDay|[upkeep]
|-heal|p1a: Ursaluna|55/100 brn|[from] Grassy Terrain
|-damage|p1a: Ursaluna|48/100 brn|[from] brn
|upkeep
|turn|5
|inactive|jhghjkhipkjnlp has 120 seconds left.
|
|t:|1760845190
|switch|p2a: Gliscor|Gliscor, F, shiny|100/100
|move|p1a: Ursaluna|Facade|p2a: Gliscor
|-damage|p2a: Gliscor|0 fnt
|faint|p2a: Gliscor
|
|-weather|SunnyDay|[upkeep]
|-heal|p1a: Ursaluna|55/100 brn|[from] Grassy Terrain
|-damage|p1a: Ursaluna|48/100 brn|[from] brn
|upkeep
|
|t:|1760845201
|switch|p2a: Iron Moth|Iron Moth|100/100
|-enditem|p2a: Iron Moth|Booster Energy
|-activate|p2a: Iron Moth|ability: Quark Drive|[fromitem]
|-start|p2a: Iron Moth|quarkdrivespe
|turn|6
|inactive|jhghjkhipkjnlp has 120 seconds left.
|n|!jhghjkhipkjnlp|jhghjkhipkjnlp
|
|t:|1760845218
|switch|p1a: Ting-Lu|Ting-Lu|73/100
|-ability|p1a: Ting-Lu|Vessel of Ruin
|-terastallize|p2a: Iron Moth|Fire
|move|p2a: Iron Moth|Fiery Dance|p1a: Ting-Lu
|-damage|p1a: Ting-Lu|38/100
|
|-weather|SunnyDay|[upkeep]
|-heal|p1a: Ting-Lu|44/100|[from] Grassy Terrain
|-fieldend|move: Grassy Terrain
|upkeep
|turn|7
|
|t:|1760845231
|move|p2a: Iron Moth|Energy Ball|p1a: Ting-Lu
|-supereffective|p1a: Ting-Lu
|-damage|p1a: Ting-Lu|17/100
|move|p1a: Ting-Lu|Earthquake|p2a: Iron Moth
|-supereffective|p2a: Iron Moth
|-damage|p2a: Iron Moth|2/100
|
|-weather|SunnyDay|[upkeep]
|upkeep
|turn|8
|
|t:|1760845238
|move|p2a: Iron Moth|Fiery Dance|p1a: Ting-Lu
|-damage|p1a: Ting-Lu|0 fnt
|-boost|p2a: Iron Moth|spa|1
|faint|p1a: Ting-Lu
|
|-weather|SunnyDay|[upkeep]
|upkeep
|
|t:|1760845247
|switch|p1a: Walking Wake|Walking Wake|100/100
|-activate|p1a: Walking Wake|ability: Protosynthesis
|-start|p1a: Walking Wake|protosynthesisspe
|turn|9
|inactive|jhghjkhipkjnlp has 120 seconds left.
|
|t:|1760845254
|move|p2a: Iron Moth|Dazzling Gleam|p1a: Walking Wake
|-supereffective|p1a: Walking Wake
|-damage|p1a: Walking Wake|6/100
|move|p1a: Walking Wake|Knock Off|p2a: Iron Moth
|-damage|p2a: Iron Moth|0 fnt
|faint|p2a: Iron Moth
|-end|p2a: Iron Moth|Quark Drive|[silent]
|
|-weather|none
|-end|p1a: Walking Wake|Protosynthesis
|upkeep
|
|t:|1760845257
|switch|p2a: Rillaboom|Rillaboom, M, shiny|100/100
|-fieldstart|move: Grassy Terrain|[from] ability: Grassy Surge|[of] p2a: Rillaboom
|turn|10
|inactive|jhghjkhipkjnlp has 120 seconds left.
|
|t:|1760845275
|-end|p1a: Walking Wake|Protosynthesis|[silent]
|switch|p1a: Ninetales|Ninetales, M|75/100
|-weather|SunnyDay|[from] ability: Drought|[of] p1a: Ninetales
|move|p2a: Rillaboom|Grassy Glide|p1a: Ninetales
|-resisted|p1a: Ninetales
|-damage|p1a: Ninetales|50/100
|
|-weather|SunnyDay|[upkeep]
|-heal|p1a: Ninetales|56/100|[from] Grassy Terrain
|upkeep
|turn|11
|inactive|jhghjkhipkjnlp has 120 seconds left.
|
|t:|1760845286
|move|p1a: Ninetales|Weather Ball|p2a: Rillaboom
|-supereffective|p2a: Rillaboom
|-damage|p2a: Rillaboom|0 fnt
|faint|p2a: Rillaboom
|
|-weather|SunnyDay|[upkeep]
|-heal|p1a: Ninetales|62/100|[from] Grassy Terrain
|upkeep
|
|t:|1760845289
|switch|p2a: Sandy Shocks|Sandy Shocks|100/100
|-activate|p2a: Sandy Shocks|ability: Protosynthesis
|-start|p2a: Sandy Shocks|protosynthesisspa
|turn|12
|
|t:|1760845303
|move|p2a: Sandy Shocks|Scorching Sands|p1a: Ninetales
|-supereffective|p1a: Ninetales
|-damage|p1a: Ninetales|0 fnt
|faint|p1a: Ninetales
|
|-weather|SunnyDay|[upkeep]
|upkeep
|
|t:|1760845313
|switch|p1a: Lilligant|Lilligant-Hisui, F|100/100
|turn|13
|
|t:|1760845319
|-end|p2a: Sandy Shocks|Protosynthesis|[silent]
|switch|p2a: Toxapex|Toxapex, M, shiny|100/100
|move|p1a: Lilligant|Solar Blade||[still]
|-prepare|p1a: Lilligant|Solar Blade
|-anim|p1a: Lilligant|Solar Blade|p2a: Toxapex
|-damage|p2a: Toxapex|39/100
|-damage|p1a: Lilligant|91/100|[from] item: Life Orb
|
|-weather|SunnyDay|[upkeep]
|-heal|p1a: Lilligant|97/100|[from] Grassy Terrain
|-heal|p2a: Toxapex|45/100|[from] Grassy Terrain
|-heal|p2a: Toxapex|51/100|[from] item: Leftovers
|upkeep
|turn|14
|
|t:|1760845330
|move|p2a: Toxapex|Baneful Bunker|p2a: Toxapex
|-singleturn|p2a: Toxapex|move: Protect
|move|p1a: Lilligant|Solar Blade||[still]
|-prepare|p1a: Lilligant|Solar Blade
|-anim|p1a: Lilligant|Solar Blade|p2a: Toxapex
|-activate|p2a: Toxapex|move: Protect
|-status|p1a: Lilligant|psn
|
|-weather|SunnyDay|[upkeep]
|-heal|p1a: Lilligant|100/100 psn|[from] Grassy Terrain
|-heal|p2a: Toxapex|57/100|[from] Grassy Terrain
|-heal|p2a: Toxapex|64/100|[from] item: Leftovers
|-damage|p1a: Lilligant|88/100 psn|[from] psn
|-fieldend|move: Grassy Terrain
|upkeep
|turn|15
|
|t:|1760845343
|move|p1a: Lilligant|Solar Blade||[still]
|-prepare|p1a: Lilligant|Solar Blade
|-anim|p1a: Lilligant|Solar Blade|p2a: Toxapex
|-damage|p2a: Toxapex|11/100
|-damage|p1a: Lilligant|78/100 psn|[from] item: Life Orb
|move|p2a: Toxapex|Recover|p2a: Toxapex
|-heal|p2a: Toxapex|61/100
|
|-weather|SunnyDay|[upkeep]
|-heal|p2a: Toxapex|67/100|[from] item: Leftovers
|-damage|p1a: Lilligant|66/100 psn|[from] psn
|upkeep
|turn|16
|
|t:|1760845355
|switch|p1a: Ursaluna|Ursaluna, M, tera:Normal|48/100 brn
|move|p2a: Toxapex|Baneful Bunker||[still]
|-fail|p2a: Toxapex
|
|-weather|SunnyDay|[upkeep]
|-heal|p2a: Toxapex|74/100|[from] item: Leftovers
|-damage|p1a: Ursaluna|42/100 brn|[from] brn
|upkeep
|turn|17
|
|t:|1760845364
|move|p2a: Toxapex|Baneful Bunker|p2a: Toxapex
|-singleturn|p2a: Toxapex|move: Protect
|move|p1a: Ursaluna|Headlong Rush|p2a: Toxapex
|-activate|p2a: Toxapex|move: Protect
|
|-weather|none
|-heal|p2a: Toxapex|80/100|[from] item: Leftovers
|-damage|p1a: Ursaluna|36/100 brn|[from] brn
|upkeep
|turn|18
|
|t:|1760845376
|move|p1a: Ursaluna|Headlong Rush|p2a: Toxapex
|-supereffective|p2a: Toxapex
|-crit|p2a: Toxapex
|-damage|p2a: Toxapex|0 fnt
|-unboost|p1a: Ursaluna|def|1
|-unboost|p1a: Ursaluna|spd|1
|faint|p2a: Toxapex
|
|-damage|p1a: Ursaluna|30/100 brn|[from] brn
|upkeep
|
|t:|1760845379
|switch|p2a: Sandy Shocks|Sandy Shocks|100/100
|-enditem|p2a: Sandy Shocks|Booster Energy
|-activate|p2a: Sandy Shocks|ability: Protosynthesis|[fromitem]
|-start|p2a: Sandy Shocks|protosynthesisspa
|turn|19
|
|t:|1760845390
|switch|p1a: Lilligant|Lilligant-Hisui, F|66/100 psn
|move|p2a: Sandy Shocks|Scorching Sands|p1a: Lilligant
|-resisted|p1a: Lilligant
|-damage|p1a: Lilligant|34/100 psn
|
|-damage|p1a: Lilligant|21/100 psn|[from] psn
|upkeep
|turn|20
|
|t:|1760845404
|move|p2a: Sandy Shocks|Scorching Sands|p1a: Lilligant
|-resisted|p1a: Lilligant
|-damage|p1a: Lilligant|0 fnt
|faint|p1a: Lilligant
|
|upkeep
|
|t:|1760845412
|switch|p1a: Hatterene|Hatterene, F|100/100
|-item|p1a: Hatterene|Air Balloon
|turn|21
|
|t:|1760845420
|move|p2a: Sandy Shocks|Thunderbolt|p1a: Hatterene
|-damage|p1a: Hatterene|39/100
|-enditem|p1a: Hatterene|Air Balloon
|move|p1a: Hatterene|Trick Room|p1a: Hatterene
|-fieldstart|move: Trick Room|[of] p1a: Hatterene
|
|upkeep
|turn|22
|
|t:|1760845425
|move|p1a: Hatterene|Healing Wish|p1a: Hatterene
|faint|p1a: Hatterene
|move|p2a: Sandy Shocks|Thunderbolt|p1: Hatterene|[notarget]
|-fail|p2a: Sandy Shocks
|
|upkeep
|
|t:|1760845429
|switch|p1a: Ursaluna|Ursaluna, M, tera:Normal|30/100 brn
|-heal|p1a: Ursaluna|100/100|[from] move: Healing Wish
|turn|23
|-message|hdbb forfeited.
|
|win|jhghjkhipkjnlp
