|j|☆Altoz_3429
|j|☆iano12987
|t:|1760819070
|gametype|singles
|player|p1|Altoz_3429|ghetsis-gen5bw|
|player|p2|iano12987|lucas|
|gen|9
|tier|[Gen 9] OU
|rule|HP Percentage Mod: HP is shown in percentages
|rule|Endless Battle Clause: Forcing endless battles is banned
|rule|Species Clause: Limit one of each Pokémon
|rule|OHKO Clause: OHKO moves are banned
|rule|Evasion Items Clause: Evasion items are banned
|rule|Evasion Moves Clause: Evasion moves are banned
|rule|Evasion Abilities Clause: Evasion abilities are banned
|rule|Sleep Moves Clause: Sleep-inducing moves are banned
|clearpoke
|poke|p1|Ceruledge, M|
|poke|p1|Goodra, F|
|poke|p1|Gliscor, M|
|poke|p1|Great Tusk|
|poke|p1|Noivern, M|
|poke|p1|Corviknight, F|
|poke|p2|Glimmora, F|
|poke|p2|Quaquaval, M|
|poke|p2|Azumarill, F|
|poke|p2|Greninja-*, M|
|poke|p2|Dondozo, M|
|poke|p2|Walking Wake|
|teampreview
|j| lethsov
|
|t:|1760819148
|teamsize|p1|6
|teamsize|p2|6
|start
|switch|p1a: Batman|Gliscor, M|100/100
|switch|p2a: Fion|Glimmora, F|100/100
|turn|1
|
|t:|1760819154
|move|p1a: Batman|Spikes|p2a: Fion
|-sidestart|p2: iano12987|Spikes
|move|p2a: Fion|Stealth Rock|p1a: Batman
|-sidestart|p1: Altoz_3429|move: Stealth Rock
|
|-status|p1a: Batman|tox|[from] item: Toxic Orb
|upkeep
|turn|2
|j| Rionecnirp
|
|t:|1760819166
|move|p1a: Batman|Spikes|p2a: Fion
|-sidestart|p2: iano12987|Spikes
|move|p2a: Fion|Mortal Spin|p1a: Batman
|-resisted|p1a: Batman
|-damage|p1a: Batman|99/100 tox
|-sideend|p2: iano12987|Spikes|[from] move: Mortal Spin|[of] p2a: Fion
|
|-heal|p1a: Batman|100/100 tox|[from] ability: Poison Heal
|upkeep
|turn|3
|
|t:|1760819184
|switch|p2a: Wailord BIS|Dondozo, M|100/100
|move|p1a: Batman|Earthquake|p2a: Wailord BIS
|-damage|p2a: Wailord BIS|86/100
|
|-heal|p2a: Wailord BIS|92/100|[from] item: Leftovers
|upkeep
|turn|4
|
|t:|1760819199
|move|p1a: Batman|Toxic|p2a: Wailord BIS
|-status|p2a: Wailord BIS|tox
|move|p2a: Wailord BIS|Avalanche|p1a: Batman
|-supereffective|p1a: Batman
|-damage|p1a: Batman|68/100 tox
|
|-heal|p2a: Wailord BIS|98/100 tox|[from] item: Leftovers
|-heal|p1a: Batman|80/100 tox|[from] ability: Poison Heal
|-damage|p2a: Wailord BIS|92/100 tox|[from] psn
|upkeep
|turn|5
|j| BreizhSilfe
|l| BreizhSilfe
|
|t:|1760819213
|switch|p1a: Le Dragon|Noivern, M|100/100
|-damage|p1a: Le Dragon|76/100|[from] Stealth Rock
|move|p2a: Wailord BIS|Avalanche|p1a: Le Dragon
|-supereffective|p1a: Le Dragon
|-damage|p1a: Le Dragon|2/100
|
|-heal|p2a: Wailord BIS|98/100 tox|[from] item: Leftovers
|-damage|p2a: Wailord BIS|86/100 tox|[from] psn
|upkeep
|turn|6
|
|t:|1760819225
|move|p1a: Le Dragon|U-turn|p2a: Wailord BIS
|-damage|p2a: Wailord BIS|81/100 tox
|
|t:|1760819228
|switch|p1a: Dragon toupipou|Goodra, F|100/100|[from] U-turn
|move|p2a: Wailord BIS|Avalanche|p1a: Dragon toupipou
|-supereffective|p1a: Dragon toupipou
|-damage|p1a: Dragon toupipou|59/100
|
|-heal|p2a: Wailord BIS|87/100 tox|[from] item: Leftovers
|-damage|p2a: Wailord BIS|69/100 tox|[from] psn
|upkeep
|turn|7
|
|t:|1760819244
|move|p1a: Dragon toupipou|Draco Meteor|p2a: Wailord BIS
|-damage|p2a: Wailord BIS|13/100 tox
|-unboost|p1a: Dragon toupipou|spa|2
|move|p2a: Wailord BIS|Rest|p2a: Wailord BIS
|-status|p2a: Wailord BIS|slp|[from] move: Rest
|-heal|p2a: Wailord BIS|100/100 slp|[silent]
|
|upkeep
|turn|8
|
|t:|1760819254
|move|p1a: Dragon toupipou|Toxic|p2a: Wailord BIS|[miss]
|-miss|p1a: Dragon toupipou|p2a: Wailord BIS
|cant|p2a: Wailord BIS|slp
|move|p2a: Wailord BIS|Sleep Talk|p2a: Wailord BIS
|move|p2a: Wailord BIS|Waterfall|p1a: Dragon toupipou|[from] move: Sleep Talk
|-resisted|p1a: Dragon toupipou
|-damage|p1a: Dragon toupipou|40/100
|
|upkeep
|turn|9
|
|t:|1760819263
|move|p1a: Dragon toupipou|Draco Meteor|p2a: Wailord BIS
|-damage|p2a: Wailord BIS|40/100 slp
|-unboost|p1a: Dragon toupipou|spa|2
|cant|p2a: Wailord BIS|slp
|move|p2a: Wailord BIS|Sleep Talk|p2a: Wailord BIS
|move|p2a: Wailord BIS|Waterfall|p1a: Dragon toupipou|[from] move: Sleep Talk
|-resisted|p1a: Dragon toupipou
|-damage|p1a: Dragon toupipou|20/100
|
|-heal|p2a: Wailord BIS|46/100 slp|[from] item: Leftovers
|upkeep
|turn|10
|
|t:|1760819275
|move|p1a: Dragon toupipou|Draco Meteor|p2a: Wailord BIS
|-damage|p2a: Wailord BIS|0 fnt
|-unboost|p1a: Dragon toupipou|spa|2
|faint|p2a: Wailord BIS
|
|upkeep
|
|t:|1760819287
|switch|p2a: Fion|Glimmora, F|100/100
|turn|11
|
|t:|1760819295
|move|p1a: Dragon toupipou|Draco Meteor|p2a: Fion
|-damage|p2a: Fion|86/100
|move|p2a: Fion|Earth Power|p1a: Dragon toupipou
|-damage|p1a: Dragon toupipou|0 fnt
|faint|p1a: Dragon toupipou
|
|upkeep
|
|t:|1760819305
|switch|p1a: Batman|Gliscor, M|80/100 tox
|-damage|p1a: Batman|68/100 tox|[from] Stealth Rock
|turn|12
|
|t:|1760819316
|move|p2a: Fion|Spiky Shield|p2a: Fion
|-singleturn|p2a: Fion|move: Protect
|move|p1a: Batman|Earthquake|p2a: Fion
|-activate|p2a: Fion|move: Protect
|
|-heal|p1a: Batman|80/100 tox|[from] ability: Poison Heal
|upkeep
|turn|13
|
|t:|1760819325
|move|p1a: Batman|Earthquake|p2a: Fion
|-supereffective|p2a: Fion
|-damage|p2a: Fion|0 fnt
|-activate|p2a: Fion|ability: Toxic Debris
|-sidestart|p1: Altoz_3429|move: Toxic Spikes
|faint|p2a: Fion
|
|-heal|p1a: Batman|93/100 tox|[from] ability: Poison Heal
|upkeep
|
|t:|1760819335
|switch|p2a: Crazy Frog|Greninja, M|100/100
|turn|14
|
|t:|1760819346
|move|p2a: Crazy Frog|Ice Beam|p1a: Batman
|-start|p2a: Crazy Frog|typechange|Ice|[from] ability: Protean
|-supereffective|p1a: Batman
|-damage|p1a: Batman|0 fnt
|faint|p1a: Batman
|
|upkeep
|
|t:|1760819354
|switch|p1a: Le Dragon|Noivern, M|2/100
|-damage|p1a: Le Dragon|0 fnt|[from] Stealth Rock
|faint|p1a: Le Dragon
|
|t:|1760819362
|switch|p1a: Croa|Corviknight, F|100/100
|-damage|p1a: Croa|88/100|[from] Stealth Rock
|-ability|p1a: Croa|Pressure
|turn|15
|
|t:|1760819383
|switch|p2a: Suicoune|Walking Wake|100/100
|-enditem|p2a: Suicoune|Booster Energy
|-activate|p2a: Suicoune|ability: Protosynthesis|[fromitem]
|-start|p2a: Suicoune|protosynthesisspa
|move|p1a: Croa|Brave Bird|p2a: Suicoune
|-damage|p2a: Suicoune|59/100
|-damage|p1a: Croa|76/100|[from] Recoil
|
|upkeep
|turn|16
|
|t:|1760819403
|move|p2a: Suicoune|Flamethrower|p1a: Croa
|-supereffective|p1a: Croa
|-damage|p1a: Croa|0 fnt
|faint|p1a: Croa
|
|upkeep
|
|t:|1760819411
|switch|p1a: Rengoku|Ceruledge, M|100/100
|-damage|p1a: Rengoku|76/100|[from] Stealth Rock
|-status|p1a: Rengoku|psn
|turn|17
|
|t:|1760819423
|-terastallize|p1a: Rengoku|Ghost
|move|p2a: Suicoune|Hydro Pump|p1a: Rengoku
|-crit|p1a: Rengoku
|-damage|p1a: Rengoku|0 fnt
|faint|p1a: Rengoku
|
|upkeep
|
|t:|1760819428
|switch|p1a: Pappouth|Great Tusk|100/100
|-damage|p1a: Pappouth|98/100|[from] Stealth Rock
|-status|p1a: Pappouth|psn
|turn|18
|
|t:|1760819439
|move|p2a: Suicoune|Hydro Pump|p1a: Pappouth
|-supereffective|p1a: Pappouth
|-damage|p1a: Pappouth|0 fnt
|faint|p1a: Pappouth
|-end|p1a: Pappouth|Protosynthesis|[silent]
|
|win|iano12987
