|j|☆bananana324
|j|☆Chief_Ironside
|t:|1760762176
|gametype|singles
|player|p1|bananana324|biker-gen4|1381
|player|p2|Chief_Ironside|crasherwake|1415
|gen|9
|tier|[Gen 9] OU
|rated|
|rule|HP Percentage Mod: HP is shown in percentages
|rule|Endless Battle Clause: Forcing endless battles is banned
|rule|Species Clause: Limit one of each Pokémon
|rule|OHKO Clause: OHKO moves are banned
|rule|Evasion Items Clause: Evasion items are banned
|rule|Evasion Moves Clause: Evasion moves are banned
|rule|Evasion Abilities Clause: Evasion abilities are banned
|rule|Sleep Moves Clause: Sleep-inducing moves are banned
|clearpoke
|poke|p1|Pelipper, M|
|poke|p1|Zapdos|
|poke|p1|Barraskewda, M|
|poke|p1|Ogerpon-Wellspring, F|
|poke|p1|Iron Treads|
|poke|p1|Walking Wake|
|poke|p2|Breloom, M|
|poke|p2|Infernape, M|
|poke|p2|Mandibuzz, F|
|poke|p2|Heatran, F|
|poke|p2|Araquanid, M|
|poke|p2|Latias, F|
|teampreview
|inactive|Battle timer is ON: inactive players will automatically lose when time's up. (requested by Chief_Ironside)
|
|t:|1760762207
|teamsize|p1|6
|teamsize|p2|6
|start
|switch|p1a: Walking Wake|Walking Wake|100/100
|switch|p2a: Latias|Latias, F|100/100
|-enditem|p1a: Walking Wake|Booster Energy
|-activate|p1a: Walking Wake|ability: Protosynthesis|[fromitem]
|-start|p1a: Walking Wake|protosynthesisspa
|turn|1
|
|t:|1760762217
|-terastallize|p2a: Latias|Poison
|move|p1a: Walking Wake|Draco Meteor|p2a: Latias
|-damage|p2a: Latias|33/100
|-unboost|p1a: Walking Wake|spa|2
|move|p2a: Latias|Agility|p2a: Latias
|-boost|p2a: Latias|spe|2
|
|upkeep
|turn|2
|
|t:|1760762226
|move|p2a: Latias|Calm Mind|p2a: Latias
|-boost|p2a: Latias|spa|1
|-boost|p2a: Latias|spd|1
|move|p1a: Walking Wake|Draco Meteor|p2a: Latias
|-damage|p2a: Latias|11/100
|-unboost|p1a: Walking Wake|spa|2
|
|upkeep
|turn|3
|
|t:|1760762234
|-end|p1a: Walking Wake|Protosynthesis|[silent]
|switch|p1a: Pelipper|Pelipper, M|100/100
|-weather|RainDance|[from] ability: Drizzle|[of] p1a: Pelipper
|move|p2a: Latias|Stored Power|p1a: Pelipper
|-damage|p1a: Pelipper|22/100
|
|-weather|RainDance|[upkeep]
|upkeep
|turn|4
|
|t:|1760762242
|move|p2a: Latias|Stored Power|p1a: Pelipper
|-damage|p1a: Pelipper|0 fnt
|faint|p1a: Pelipper
|
|-weather|RainDance|[upkeep]
|upkeep
|
|t:|1760762247
|switch|p1a: Barraskewda|Barraskewda, M|100/100
|turn|5
|
|t:|1760762256
|switch|p2a: Araquanid|Araquanid, M|100/100
|move|p1a: Barraskewda|Flip Turn|p2a: Araquanid
|-resisted|p2a: Araquanid
|-damage|p2a: Araquanid|64/100
|
|t:|1760762262
|switch|p1a: Zapdos|Zapdos|100/100|[from] Flip Turn
|
|-weather|RainDance|[upkeep]
|upkeep
|turn|6
|
|t:|1760762268
|move|p2a: Araquanid|Endure|p2a: Araquanid
|-singleturn|p2a: Araquanid|move: Endure
|move|p1a: Zapdos|Hurricane|p2a: Araquanid
|-supereffective|p2a: Araquanid
|-activate|p2a: Araquanid|move: Endure
|-damage|p2a: Araquanid|1/100
|-start|p2a: Araquanid|confusion
|
|-weather|RainDance|[upkeep]
|upkeep
|turn|7
|-enditem|p2a: Araquanid|Custap Berry|[eat]
|-activate|p2a: Araquanid|item: Custap Berry|[consumed]
|
|t:|1760762277
|-activate|p2a: Araquanid|confusion
|move|p2a: Araquanid|Sticky Web|p1a: Zapdos
|-sidestart|p1: bananana324|move: Sticky Web
|move|p1a: Zapdos|Volt Switch|p2a: Araquanid
|-supereffective|p2a: Araquanid
|-damage|p2a: Araquanid|0 fnt
|faint|p2a: Araquanid
|
|t:|1760762284
|switch|p1a: Iron Treads|Iron Treads|100/100|[from] Volt Switch
|-activate|p1a: Iron Treads|move: Sticky Web
|-unboost|p1a: Iron Treads|spe|1
|
|-weather|RainDance|[upkeep]
|upkeep
|
|t:|1760762289
|switch|p2a: Breloom|Breloom, M|100/100
|turn|8
|
|t:|1760762293
|-terastallize|p1a: Iron Treads|Ghost
|move|p2a: Breloom|Bullet Seed|p1a: Iron Treads
|-damage|p1a: Iron Treads|84/100
|-damage|p1a: Iron Treads|67/100
|-damage|p1a: Iron Treads|48/100
|-damage|p1a: Iron Treads|29/100
|-hitcount|p1a: Iron Treads|4
|-enditem|p1a: Iron Treads|Eject Button
|
|t:|1760762303
|-end|p1a: Iron Treads|Quark Drive|[silent]
|switch|p1a: Barraskewda|Barraskewda, M|100/100
|-activate|p1a: Barraskewda|move: Sticky Web
|-unboost|p1a: Barraskewda|spe|1
|
|-weather|RainDance|[upkeep]
|upkeep
|turn|9
|
|t:|1760762310
|switch|p2a: Mandibuzz|Mandibuzz, F|100/100
|move|p1a: Barraskewda|Psychic Fangs|p2a: Mandibuzz
|-immune|p2a: Mandibuzz
|
|-weather|RainDance|[upkeep]
|upkeep
|turn|10
|
|t:|1760762317
|switch|p1a: Iron Treads|Iron Treads, tera:Ghost|29/100
|-activate|p1a: Iron Treads|move: Sticky Web
|-unboost|p1a: Iron Treads|spe|1
|move|p2a: Mandibuzz|Toxic|p1a: Iron Treads|[miss]
|-miss|p2a: Mandibuzz|p1a: Iron Treads
|
|-weather|none
|upkeep
|turn|11
|
|t:|1760762324
|move|p1a: Iron Treads|Rapid Spin|p2a: Mandibuzz
|-damage|p2a: Mandibuzz|91/100
|-boost|p1a: Iron Treads|spe|1
|-sideend|p1: bananana324|Sticky Web|[from] move: Rapid Spin|[of] p1a: Iron Treads
|move|p2a: Mandibuzz|Foul Play|p1a: Iron Treads
|-supereffective|p1a: Iron Treads
|-damage|p1a: Iron Treads|0 fnt
|faint|p1a: Iron Treads
|-end|p1a: Iron Treads|Quark Drive|[silent]
|
|upkeep
|
|t:|1760762334
|switch|p1a: Walking Wake|Walking Wake|100/100
|turn|12
|
|t:|1760762341
|move|p1a: Walking Wake|Hydro Pump|p2a: Mandibuzz
|-damage|p2a: Mandibuzz|46/100
|move|p2a: Mandibuzz|Toxic|p1a: Walking Wake
|-status|p1a: Walking Wake|tox
|
|-damage|p1a: Walking Wake|94/100 tox|[from] psn
|upkeep
|turn|13
|
|t:|1760762347
|move|p1a: Walking Wake|Hydro Pump|p2a: Mandibuzz|[miss]
|-miss|p1a: Walking Wake|p2a: Mandibuzz
|move|p2a: Mandibuzz|Roost|p2a: Mandibuzz
|-heal|p2a: Mandibuzz|96/100
|-singleturn|p2a: Mandibuzz|move: Roost
|
|-damage|p1a: Walking Wake|82/100 tox|[from] psn
|upkeep
|turn|14
|
|t:|1760762355
|move|p1a: Walking Wake|Hydro Pump|p2a: Mandibuzz
|-damage|p2a: Mandibuzz|51/100
|move|p2a: Mandibuzz|Foul Play|p1a: Walking Wake
|-damage|p1a: Walking Wake|54/100 tox
|
|-damage|p1a: Walking Wake|36/100 tox|[from] psn
|upkeep
|turn|15
|
|t:|1760762362
|move|p1a: Walking Wake|Draco Meteor|p2a: Mandibuzz|[miss]
|-miss|p1a: Walking Wake|p2a: Mandibuzz
|move|p2a: Mandibuzz|Roost|p2a: Mandibuzz
|-heal|p2a: Mandibuzz|100/100
|-singleturn|p2a: Mandibuzz|move: Roost
|
|-damage|p1a: Walking Wake|11/100 tox|[from] psn
|upkeep
|turn|16
|
|t:|1760762370
|move|p1a: Walking Wake|Hydro Pump|p2a: Mandibuzz
|-damage|p2a: Mandibuzz|53/100
|move|p2a: Mandibuzz|Roost|p2a: Mandibuzz
|-heal|p2a: Mandibuzz|100/100
|-singleturn|p2a: Mandibuzz|move: Roost
|
|-damage|p1a: Walking Wake|0 fnt|[from] psn
|faint|p1a: Walking Wake
|-end|p1a: Walking Wake|Protosynthesis|[silent]
|upkeep
|
|t:|1760762378
|switch|p1a: Zapdos|Zapdos|100/100
|turn|17
|
|t:|1760762381
|move|p1a: Zapdos|Volt Switch|p2a: Mandibuzz
|-supereffective|p2a: Mandibuzz
|-damage|p2a: Mandibuzz|38/100
|
|t:|1760762385
|switch|p1a: Barraskewda|Barraskewda, M|100/100|[from] Volt Switch
|move|p2a: Mandibuzz|Toxic|p1a: Barraskewda
|-status|p1a: Barraskewda|tox
|
|-damage|p1a: Barraskewda|94/100 tox|[from] psn
|upkeep
|turn|18
|
|t:|1760762392
|switch|p2a: Latias|Latias, F, tera:Poison|11/100
|move|p1a: Barraskewda|Liquidation|p2a: Latias
|-damage|p2a: Latias|0 fnt
|faint|p2a: Latias
|
|-damage|p1a: Barraskewda|82/100 tox|[from] psn
|upkeep
|
|t:|1760762400
|switch|p2a: Breloom|Breloom, M|100/100
|turn|19
|
|t:|1760762402
|move|p1a: Barraskewda|Liquidation|p2a: Breloom
|-resisted|p2a: Breloom
|-damage|p2a: Breloom|49/100
|move|p2a: Breloom|Rock Tomb|p1a: Barraskewda|[miss]
|-miss|p2a: Breloom|p1a: Barraskewda
|
|-damage|p1a: Barraskewda|64/100 tox|[from] psn
|upkeep
|turn|20
|
|t:|1760762412
|move|p2a: Breloom|Mach Punch|p1a: Barraskewda
|-damage|p1a: Barraskewda|8/100 tox
|move|p1a: Barraskewda|Liquidation|p2a: Breloom
|-resisted|p2a: Breloom
|-damage|p2a: Breloom|0 fnt
|faint|p2a: Breloom
|
|-damage|p1a: Barraskewda|0 fnt|[from] psn
|faint|p1a: Barraskewda
|upkeep
|
|t:|1760762424
|switch|p1a: Ogerpon|Ogerpon-Wellspring, F|100/100
|switch|p2a: Heatran|Heatran, F|100/100
|turn|21
|
|t:|1760762430
|move|p1a: Ogerpon|Ivy Cudgel|p2a: Heatran|[anim] Ivy Cudgel Water
|-supereffective|p2a: Heatran
|-damage|p2a: Heatran|0 fnt
|faint|p2a: Heatran
|
|upkeep
|
|t:|1760762433
|switch|p2a: Mandibuzz|Mandibuzz, F|38/100
|turn|22
|
|t:|1760762437
|move|p1a: Ogerpon|Ivy Cudgel|p2a: Mandibuzz|[anim] Ivy Cudgel Water
|-crit|p2a: Mandibuzz
|-damage|p2a: Mandibuzz|0 fnt
|faint|p2a: Mandibuzz
|
|upkeep
|
|t:|1760762439
|switch|p2a: Infernape|Infernape, M|100/100
|turn|23
|
|t:|1760762443
|move|p1a: Ogerpon|Ivy Cudgel|p2a: Infernape|[anim] Ivy Cudgel Water
|-supereffective|p2a: Infernape
|-damage|p2a: Infernape|0 fnt
|faint|p2a: Infernape
|
|win|bananana324
|raw|bananana324's rating: 1381 &rarr; <strong>1403</strong><br />(+22 for winning)
|raw|Chief_Ironside's rating: 1415 &rarr; <strong>1393</strong><br />(-22 for losing)
|l|☆Chief_Ironside
|player|p2|
