|j|☆Hexylo
|j|☆czar625
|t:|1760810030
|gametype|singles
|player|p1|Hexylo|lucas|1093
|player|p2|czar625|brock|1124
|gen|9
|tier|[Gen 9] OU
|rated|
|rule|HP Percentage Mod: HP is shown in percentages
|rule|Endless Battle Clause: Forcing endless battles is banned
|rule|Species Clause: Limit one of each Pokémon
|rule|OHKO Clause: OHKO moves are banned
|rule|Evasion Items Clause: Evasion items are banned
|rule|Evasion Moves Clause: Evasion moves are banned
|rule|Evasion Abilities Clause: Evasion abilities are banned
|rule|Sleep Moves Clause: Sleep-inducing moves are banned
|clearpoke
|poke|p1|Inteleon, M|
|poke|p1|Meowscarada, F|
|poke|p1|Corviknight, M|
|poke|p1|Garganacl, M|
|poke|p1|Cinderace, F|
|poke|p1|Hatterene, F|
|poke|p2|Pikachu, M|
|poke|p2|Charizard, F|
|poke|p2|Venusaur, M|
|poke|p2|Blastoise, M|
|poke|p2|Snorlax, F|
|poke|p2|Espeon, F|
|teampreview
|
|t:|1760810039
|teamsize|p1|6
|teamsize|p2|6
|start
|switch|p1a: Wanda|Hatterene, F|100/100
|switch|p2a: Pikachu|Pikachu, M|100/100
|turn|1
|
|t:|1760810044
|move|p2a: Pikachu|Fake Out|p1a: Wanda
|-damage|p1a: Wanda|84/100
|cant|p1a: Wanda|flinch
|
|-heal|p1a: Wanda|90/100|[from] item: Leftovers
|upkeep
|turn|2
|
|t:|1760810050
|move|p2a: Pikachu|Volt Tackle|p1a: Wanda
|-damage|p1a: Wanda|12/100
|-damage|p2a: Pikachu|61/100|[from] Recoil
|move|p1a: Wanda|Calm Mind|p1a: Wanda
|-boost|p1a: Wanda|spa|1
|-boost|p1a: Wanda|spd|1
|
|-heal|p1a: Wanda|17/100|[from] item: Leftovers
|upkeep
|turn|3
|
|t:|1760810061
|switch|p1a: The Rock|Garganacl, M|100/100
|move|p2a: Pikachu|Volt Tackle|p1a: The Rock
|-damage|p1a: The Rock|49/100
|-damage|p2a: Pikachu|29/100|[from] Recoil
|
|-heal|p1a: The Rock|55/100|[from] item: Leftovers
|upkeep
|turn|4
|
|t:|1760810071
|move|p1a: The Rock|Protect|p1a: The Rock
|-singleturn|p1a: The Rock|Protect
|move|p2a: Pikachu|Surf|p1a: The Rock
|-activate|p1a: The Rock|move: Protect
|
|-heal|p1a: The Rock|62/100|[from] item: Leftovers
|upkeep
|turn|5
|
|t:|1760810079
|-terastallize|p1a: The Rock|Ghost
|move|p2a: Pikachu|Surf|p1a: The Rock
|-damage|p1a: The Rock|47/100
|move|p1a: The Rock|Recover|p1a: The Rock
|-heal|p1a: The Rock|97/100
|
|-heal|p1a: The Rock|100/100|[from] item: Leftovers
|upkeep
|turn|6
|
|t:|1760810090
|switch|p2a: Snorlax|Snorlax, F|100/100
|move|p1a: The Rock|Protect||[still]
|-fail|p1a: The Rock
|
|upkeep
|turn|7
|
|t:|1760810095
|move|p1a: The Rock|Salt Cure|p2a: Snorlax
|-damage|p2a: Snorlax|88/100
|-start|p2a: Snorlax|Salt Cure
|move|p2a: Snorlax|Curse|p2a: Snorlax
|-unboost|p2a: Snorlax|spe|1
|-boost|p2a: Snorlax|atk|1
|-boost|p2a: Snorlax|def|1
|
|-damage|p2a: Snorlax|75/100|[from] Salt Cure
|upkeep
|turn|8
|l|☆czar625
|player|p2|
|inactive|Battle timer is ON: inactive players will automatically lose when time's up. (requested by Hexylo)
|inactive|czar625 has 30 seconds to reconnect!
|inactive|czar625 has 20 seconds to reconnect!
|inactive|czar625 has 15 seconds to reconnect!
|inactive|czar625 has 10 seconds to reconnect!
|inactive|czar625 has 5 seconds to reconnect!
|-message|czar625 lost due to inactivity.
|
|win|Hexylo
|raw|Hexylo's rating: 1093 &rarr; <strong>1121</strong><br />(+28 for winning)
|raw|czar625's rating: 1124 &rarr; <strong>1097</strong><br />(-27 for losing)
|l|☆Hexylo
|player|p1|
