|j|☆v1396449132
|j|☆papa macaroni
|t:|1760847386
|gametype|singles
|player|p1|v1396449132|266|1131
|player|p2|papa macaroni|gentleman-gen4|1185
|gen|9
|tier|[Gen 9] OU
|rated|
|rule|HP Percentage Mod: HP is shown in percentages
|rule|Endless Battle Clause: Forcing endless battles is banned
|rule|Species Clause: Limit one of each Pokémon
|rule|OHKO Clause: OHKO moves are banned
|rule|Evasion Items Clause: Evasion items are banned
|rule|Evasion Moves Clause: Evasion moves are banned
|rule|Evasion Abilities Clause: Evasion abilities are banned
|rule|Sleep Moves Clause: Sleep-inducing moves are banned
|clearpoke
|poke|p1|Jirachi|
|poke|p1|Gliscor, M|
|poke|p1|Empoleon, M|
|poke|p1|Serperior, M|
|poke|p1|Excadrill, M|
|poke|p1|Incineroar, M|
|poke|p2|Alomomola, F|
|poke|p2|Cyclizar, M|
|poke|p2|Rillaboom, F|
|poke|p2|Dragonite, M|
|poke|p2|Glimmora, F|
|poke|p2|Drifblim, F|
|teampreview
|inactive|Battle timer is ON: inactive players will automatically lose when time's up. (requested by papa macaroni)
|
|t:|1760847411
|teamsize|p1|6
|teamsize|p2|6
|start
|switch|p1a: Excadrill|Excadrill, M|100/100
|switch|p2a: Rillaboom|Rillaboom, F|100/100
|-fieldstart|move: Grassy Terrain|[from] ability: Grassy Surge|[of] p2a: Rillaboom
|turn|1
|
|t:|1760847417
|switch|p1a: Incineroar|Incineroar, M, shiny|100/100
|-ability|p1a: Incineroar|Intimidate|boost
|-unboost|p2a: Rillaboom|atk|1
|move|p2a: Rillaboom|Wood Hammer|p1a: Incineroar
|-resisted|p1a: Incineroar
|-damage|p1a: Incineroar|61/100
|-damage|p2a: Rillaboom|86/100|[from] Recoil
|
|-heal|p2a: Rillaboom|92/100|[from] Grassy Terrain
|-heal|p1a: Incineroar|67/100|[from] Grassy Terrain
|upkeep
|turn|2
|
|t:|1760847428
|switch|p2a: Alomomola|Alomomola, F|100/100
|move|p1a: Incineroar|Flare Blitz|p2a: Alomomola
|-resisted|p2a: Alomomola
|-crit|p2a: Alomomola
|-damage|p2a: Alomomola|83/100
|-status|p2a: Alomomola|brn
|-damage|p1a: Incineroar|51/100|[from] item: Rocky Helmet|[of] p2a: Alomomola
|-damage|p1a: Incineroar|43/100|[from] Recoil
|-enditem|p1a: Incineroar|Sitrus Berry|[eat]
|-heal|p1a: Incineroar|68/100|[from] item: Sitrus Berry
|
|-heal|p2a: Alomomola|89/100 brn|[from] Grassy Terrain
|-heal|p1a: Incineroar|74/100|[from] Grassy Terrain
|-damage|p2a: Alomomola|83/100 brn|[from] brn
|upkeep
|turn|3
|
|t:|1760847446
|switch|p1a: Serperior|Serperior, M, shiny|100/100
|move|p2a: Alomomola|Flip Turn|p1a: Serperior
|-resisted|p1a: Serperior
|-damage|p1a: Serperior|96/100
|
|t:|1760847455
|switch|p2a: Glimmora|Glimmora, F|100/100|[from] Flip Turn
|
|-heal|p1a: Serperior|100/100|[from] Grassy Terrain
|upkeep
|turn|4
|
|t:|1760847460
|move|p1a: Serperior|Leaf Storm|p2a: Glimmora
|-damage|p2a: Glimmora|18/100
|-boost|p1a: Serperior|spa|2
|move|p2a: Glimmora|Stealth Rock|p1a: Serperior
|-sidestart|p1: v1396449132|move: Stealth Rock
|
|-heal|p2a: Glimmora|25/100|[from] Grassy Terrain
|upkeep
|turn|5
|
|t:|1760847468
|move|p1a: Serperior|Leaf Storm|p2a: Glimmora
|-damage|p2a: Glimmora|0 fnt
|-boost|p1a: Serperior|spa|2
|faint|p2a: Glimmora
|
|-fieldend|move: Grassy Terrain
|upkeep
|
|t:|1760847473
|switch|p2a: Cyclizar|Cyclizar, M|100/100
|turn|6
|
|t:|1760847479
|move|p2a: Cyclizar|Draco Meteor|p1a: Serperior
|-crit|p1a: Serperior
|-damage|p1a: Serperior|34/100
|-unboost|p2a: Cyclizar|spa|2
|move|p1a: Serperior|Leaf Storm|p2a: Cyclizar
|-resisted|p2a: Cyclizar
|-damage|p2a: Cyclizar|40/100
|-boost|p1a: Serperior|spa|2
|
|-heal|p1a: Serperior|41/100|[from] item: Leftovers
|upkeep
|turn|7
|
|t:|1760847491
|move|p2a: Cyclizar|U-turn|p1a: Serperior
|-supereffective|p1a: Serperior
|-damage|p1a: Serperior|4/100
|
|t:|1760847496
|switch|p2a: Rillaboom|Rillaboom, F|92/100|[from] U-turn
|-fieldstart|move: Grassy Terrain|[from] ability: Grassy Surge|[of] p2a: Rillaboom
|move|p1a: Serperior|Leaf Storm|p2a: Rillaboom
|-resisted|p2a: Rillaboom
|-damage|p2a: Rillaboom|0 fnt
|faint|p2a: Rillaboom
|
|-heal|p1a: Serperior|10/100|[from] Grassy Terrain
|-heal|p1a: Serperior|17/100|[from] item: Leftovers
|upkeep
|
|t:|1760847504
|switch|p2a: Drifblim|Drifblim, F|100/100
|-enditem|p2a: Drifblim|Grassy Seed
|-boost|p2a: Drifblim|def|1|[from] item: Grassy Seed
|turn|8
|
|t:|1760847512
|-terastallize|p1a: Serperior|Rock
|move|p2a: Drifblim|Shadow Ball|p1a: Serperior
|-damage|p1a: Serperior|0 fnt
|faint|p1a: Serperior
|
|upkeep
|
|t:|1760847521
|switch|p1a: Excadrill|Excadrill, M|100/100
|-damage|p1a: Excadrill|97/100|[from] Stealth Rock
|turn|9
|
|t:|1760847526
|move|p2a: Drifblim|Calm Mind|p2a: Drifblim
|-boost|p2a: Drifblim|spa|1
|-boost|p2a: Drifblim|spd|1
|move|p1a: Excadrill|Rapid Spin|p2a: Drifblim
|-immune|p2a: Drifblim
|
|-heal|p1a: Excadrill|100/100|[from] Grassy Terrain
|upkeep
|turn|10
|
|t:|1760847534
|move|p2a: Drifblim|Will-O-Wisp|p1a: Excadrill
|-status|p1a: Excadrill|brn
|move|p1a: Excadrill|Iron Head|p2a: Drifblim
|-damage|p2a: Drifblim|72/100
|-damage|p1a: Excadrill|91/100 brn|[from] item: Life Orb
|
|-heal|p1a: Excadrill|97/100 brn|[from] Grassy Terrain
|-damage|p1a: Excadrill|91/100 brn|[from] brn
|upkeep
|turn|11
|
|t:|1760847544
|move|p2a: Drifblim|Calm Mind|p2a: Drifblim
|-boost|p2a: Drifblim|spa|1
|-boost|p2a: Drifblim|spd|1
|move|p1a: Excadrill|Stealth Rock|p2a: Drifblim
|-sidestart|p2: papa macaroni|move: Stealth Rock
|
|-heal|p1a: Excadrill|97/100 brn|[from] Grassy Terrain
|-damage|p1a: Excadrill|91/100 brn|[from] brn
|-fieldend|move: Grassy Terrain
|upkeep
|turn|12
|
|t:|1760847560
|move|p2a: Drifblim|Shadow Ball|p1a: Excadrill
|-damage|p1a: Excadrill|1/100 brn
|move|p1a: Excadrill|Rock Slide|p2a: Drifblim
|-supereffective|p2a: Drifblim
|-damage|p2a: Drifblim|39/100
|-damage|p1a: Excadrill|0 fnt|[from] item: Life Orb
|faint|p1a: Excadrill
|
|upkeep
|
|t:|1760847570
|switch|p1a: Gliscor|Gliscor, M, shiny|100/100
|-damage|p1a: Gliscor|88/100|[from] Stealth Rock
|turn|13
|
|t:|1760847587
|move|p2a: Drifblim|Will-O-Wisp|p1a: Gliscor
|-status|p1a: Gliscor|brn
|move|p1a: Gliscor|Toxic|p2a: Drifblim
|-status|p2a: Drifblim|tox
|
|-damage|p2a: Drifblim|33/100 tox|[from] psn
|-damage|p1a: Gliscor|82/100 brn|[from] brn
|upkeep
|turn|14
|
|t:|1760847596
|move|p1a: Gliscor|Protect|p1a: Gliscor
|-singleturn|p1a: Gliscor|Protect
|move|p2a: Drifblim|Shadow Ball|p1a: Gliscor
|-activate|p1a: Gliscor|move: Protect
|
|-damage|p2a: Drifblim|20/100 tox|[from] psn
|-damage|p1a: Gliscor|76/100 brn|[from] brn
|upkeep
|turn|15
|
|t:|1760847605
|move|p2a: Drifblim|Shadow Ball|p1a: Gliscor
|-damage|p1a: Gliscor|0 fnt
|faint|p1a: Gliscor
|
|-damage|p2a: Drifblim|2/100 tox|[from] psn
|upkeep
|
|t:|1760847613
|switch|p1a: Jirachi|Jirachi|100/100
|-damage|p1a: Jirachi|94/100|[from] Stealth Rock
|turn|16
|
|t:|1760847619
|move|p2a: Drifblim|Shadow Ball|p1a: Jirachi
|-supereffective|p1a: Jirachi
|-damage|p1a: Jirachi|0 fnt
|faint|p1a: Jirachi
|
|-damage|p2a: Drifblim|0 fnt|[from] psn
|faint|p2a: Drifblim
|upkeep
|
|t:|1760847627
|switch|p1a: Empoleon|Empoleon, M|100/100
|switch|p2a: Cyclizar|Cyclizar, M|73/100
|-damage|p2a: Cyclizar|61/100|[from] Stealth Rock
|-damage|p1a: Empoleon|94/100|[from] Stealth Rock
|turn|17
|
|t:|1760847632
|move|p2a: Cyclizar|Knock Off|p1a: Empoleon
|-damage|p1a: Empoleon|78/100
|-enditem|p1a: Empoleon|Leftovers|[from] move: Knock Off|[of] p2a: Cyclizar
|move|p1a: Empoleon|Ice Beam|p2a: Cyclizar
|-supereffective|p2a: Cyclizar
|-damage|p2a: Cyclizar|26/100
|
|upkeep
|turn|18
|
|t:|1760847639
|move|p2a: Cyclizar|Rapid Spin|p1a: Empoleon
|-resisted|p1a: Empoleon
|-damage|p1a: Empoleon|71/100
|-boost|p2a: Cyclizar|spe|1
|-sideend|p2: papa macaroni|Stealth Rock|[from] move: Rapid Spin|[of] p2a: Cyclizar
|move|p1a: Empoleon|Ice Beam|p2a: Cyclizar
|-supereffective|p2a: Cyclizar
|-damage|p2a: Cyclizar|0 fnt
|faint|p2a: Cyclizar
|
|upkeep
|
|t:|1760847655
|switch|p2a: Alomomola|Alomomola, F|100/100 brn
|turn|19
|
|t:|1760847659
|move|p2a: Alomomola|Scald|p1a: Empoleon
|-resisted|p1a: Empoleon
|-damage|p1a: Empoleon|66/100
|move|p1a: Empoleon|Air Slash|p2a: Alomomola
|-damage|p2a: Alomomola|78/100 brn
|
|-damage|p2a: Alomomola|72/100 brn|[from] brn
|upkeep
|turn|20
|
|t:|1760847667
|move|p2a: Alomomola|Wish|p2a: Alomomola
|move|p1a: Empoleon|Roost|p1a: Empoleon
|-heal|p1a: Empoleon|100/100
|-singleturn|p1a: Empoleon|move: Roost
|
|-damage|p2a: Alomomola|66/100 brn|[from] brn
|upkeep
|turn|21
|
|t:|1760847673
|move|p2a: Alomomola|Scald|p1a: Empoleon
|-resisted|p1a: Empoleon
|-crit|p1a: Empoleon
|-damage|p1a: Empoleon|92/100
|move|p1a: Empoleon|Ice Beam|p2a: Alomomola
|-resisted|p2a: Alomomola
|-damage|p2a: Alomomola|52/100 brn
|
|-heal|p2a: Alomomola|100/100 brn|[from] move: Wish|[wisher] Alomomola
|-damage|p2a: Alomomola|94/100 brn|[from] brn
|upkeep
|turn|22
|
|t:|1760847683
|move|p2a: Alomomola|Scald|p1a: Empoleon
|-resisted|p1a: Empoleon
|-damage|p1a: Empoleon|87/100
|-status|p1a: Empoleon|brn
|move|p1a: Empoleon|Surf|p2a: Alomomola
|-resisted|p2a: Alomomola
|-damage|p2a: Alomomola|75/100 brn
|
|-damage|p2a: Alomomola|69/100 brn|[from] brn
|-damage|p1a: Empoleon|80/100 brn|[from] brn
|upkeep
|turn|23
|
|t:|1760847692
|move|p2a: Alomomola|Wish|p2a: Alomomola
|move|p1a: Empoleon|Air Slash|p2a: Alomomola
|-damage|p2a: Alomomola|45/100 brn
|
|-damage|p2a: Alomomola|39/100 brn|[from] brn
|-damage|p1a: Empoleon|74/100 brn|[from] brn
|upkeep
|turn|24
|
|t:|1760847698
|move|p2a: Alomomola|Scald|p1a: Empoleon
|-resisted|p1a: Empoleon
|-damage|p1a: Empoleon|69/100 brn
|move|p1a: Empoleon|Air Slash|p2a: Alomomola
|-damage|p2a: Alomomola|17/100 brn
|
|-heal|p2a: Alomomola|67/100 brn|[from] move: Wish|[wisher] Alomomola
|-damage|p2a: Alomomola|60/100 brn|[from] brn
|-damage|p1a: Empoleon|63/100 brn|[from] brn
|upkeep
|turn|25
|
|t:|1760847707
|move|p2a: Alomomola|Wish|p2a: Alomomola
|move|p1a: Empoleon|Air Slash|p2a: Alomomola
|-damage|p2a: Alomomola|37/100 brn
|
|-damage|p2a: Alomomola|31/100 brn|[from] brn
|-damage|p1a: Empoleon|57/100 brn|[from] brn
|upkeep
|turn|26
|
|t:|1760847713
|move|p2a: Alomomola|Protect|p2a: Alomomola
|-singleturn|p2a: Alomomola|Protect
|move|p1a: Empoleon|Air Slash|p2a: Alomomola
|-activate|p2a: Alomomola|move: Protect
|
|-heal|p2a: Alomomola|81/100 brn|[from] move: Wish|[wisher] Alomomola
|-damage|p2a: Alomomola|75/100 brn|[from] brn
|-damage|p1a: Empoleon|50/100 brn|[from] brn
|upkeep
|turn|27
|
|t:|1760847721
|move|p2a: Alomomola|Wish|p2a: Alomomola
|move|p1a: Empoleon|Roost|p1a: Empoleon
|-heal|p1a: Empoleon|100/100 brn
|-singleturn|p1a: Empoleon|move: Roost
|
|-damage|p2a: Alomomola|69/100 brn|[from] brn
|-damage|p1a: Empoleon|94/100 brn|[from] brn
|upkeep
|turn|28
|
|t:|1760847726
|move|p2a: Alomomola|Scald|p1a: Empoleon
|-resisted|p1a: Empoleon
|-damage|p1a: Empoleon|89/100 brn
|move|p1a: Empoleon|Air Slash|p2a: Alomomola
|-damage|p2a: Alomomola|48/100 brn
|
|-heal|p2a: Alomomola|98/100 brn|[from] move: Wish|[wisher] Alomomola
|-damage|p2a: Alomomola|92/100 brn|[from] brn
|-damage|p1a: Empoleon|83/100 brn|[from] brn
|upkeep
|turn|29
|
|t:|1760847735
|move|p2a: Alomomola|Wish|p2a: Alomomola
|move|p1a: Empoleon|Air Slash|p2a: Alomomola
|-damage|p2a: Alomomola|69/100 brn
|
|-damage|p2a: Alomomola|62/100 brn|[from] brn
|-damage|p1a: Empoleon|77/100 brn|[from] brn
|upkeep
|turn|30
|
|t:|1760847741
|move|p2a: Alomomola|Scald|p1a: Empoleon
|-resisted|p1a: Empoleon
|-damage|p1a: Empoleon|71/100 brn
|move|p1a: Empoleon|Air Slash|p2a: Alomomola
|-damage|p2a: Alomomola|39/100 brn
|
|-heal|p2a: Alomomola|89/100 brn|[from] move: Wish|[wisher] Alomomola
|-damage|p2a: Alomomola|83/100 brn|[from] brn
|-damage|p1a: Empoleon|65/100 brn|[from] brn
|upkeep
|turn|31
|
|t:|1760847750
|move|p2a: Alomomola|Wish|p2a: Alomomola
|move|p1a: Empoleon|Air Slash|p2a: Alomomola
|-damage|p2a: Alomomola|59/100 brn
|
|-damage|p2a: Alomomola|53/100 brn|[from] brn
|-damage|p1a: Empoleon|59/100 brn|[from] brn
|upkeep
|turn|32
|
|t:|1760847757
|move|p2a: Alomomola|Scald|p1a: Empoleon
|-resisted|p1a: Empoleon
|-damage|p1a: Empoleon|53/100 brn
|move|p1a: Empoleon|Roost|p1a: Empoleon
|-heal|p1a: Empoleon|100/100 brn
|-singleturn|p1a: Empoleon|move: Roost
|
|-heal|p2a: Alomomola|100/100 brn|[from] move: Wish|[wisher] Alomomola
|-damage|p2a: Alomomola|94/100 brn|[from] brn
|-damage|p1a: Empoleon|94/100 brn|[from] brn
|upkeep
|turn|33
|
|t:|1760847767
|move|p2a: Alomomola|Scald|p1a: Empoleon
|-resisted|p1a: Empoleon
|-damage|p1a: Empoleon|89/100 brn
|move|p1a: Empoleon|Air Slash|p2a: Alomomola
|-damage|p2a: Alomomola|74/100 brn
|
|-damage|p2a: Alomomola|68/100 brn|[from] brn
|-damage|p1a: Empoleon|83/100 brn|[from] brn
|upkeep
|turn|34
|
|t:|1760847790
|move|p2a: Alomomola|Wish|p2a: Alomomola
|move|p1a: Empoleon|Air Slash|p2a: Alomomola|[miss]
|-miss|p1a: Empoleon|p2a: Alomomola
|
|-damage|p2a: Alomomola|61/100 brn|[from] brn
|-damage|p1a: Empoleon|77/100 brn|[from] brn
|upkeep
|turn|35
|-message|v1396449132 forfeited.
|
|win|papa macaroni
|raw|v1396449132's rating: 1131 &rarr; <strong>1110</strong><br />(-21 for losing)
|raw|papa macaroni's rating: 1185 &rarr; <strong>1206</strong><br />(+21 for winning)
|l|☆v1396449132
|player|p1|
|l|☆papa macaroni
|player|p2|
