|j|☆JosueKhan
|j|☆DucManhLaBo
|t:|1760877315
|gametype|singles
|player|p1|JosueKhan|grimsley|1159
|player|p2|DucManhLaBo|266|1148
|gen|9
|tier|[Gen 9] OU
|rated|
|rule|HP Percentage Mod: HP is shown in percentages
|rule|Endless Battle Clause: Forcing endless battles is banned
|rule|Species Clause: Limit one of each Pokémon
|rule|OHKO Clause: OHKO moves are banned
|rule|Evasion Items Clause: Evasion items are banned
|rule|Evasion Moves Clause: Evasion moves are banned
|rule|Evasion Abilities Clause: Evasion abilities are banned
|rule|Sleep Moves Clause: Sleep-inducing moves are banned
|clearpoke
|poke|p1|Torterra, M|
|poke|p1|Milotic, F|
|poke|p1|Dragonite, M|
|poke|p1|Braviary-Hisui, M|
|poke|p1|Malamar, M|
|poke|p1|Metagross|
|poke|p2|Blaziken, F|
|poke|p2|Ogerpon-Wellspring, F|
|poke|p2|Iron Valiant|
|poke|p2|Kyurem|
|poke|p2|Great Tusk|
|poke|p2|Grimmsnarl, M|
|teampreview
|
|t:|1760877320
|teamsize|p1|6
|teamsize|p2|6
|start
|switch|p1a: Torterra Khan|Torterra, M, shiny|100/100
|switch|p2a: Grimmsnarl|Grimmsnarl, M|100/100
|turn|1
|inactive|Battle timer is ON: inactive players will automatically lose when time's up. (requested by JosueKhan)
|
|t:|1760877324
|move|p2a: Grimmsnarl|Reflect|p2a: Grimmsnarl
|-sidestart|p2: DucManhLaBo|Reflect
|move|p1a: Torterra Khan|Shell Smash|p1a: Torterra Khan
|-unboost|p1a: Torterra Khan|def|1
|-unboost|p1a: Torterra Khan|spd|1
|-boost|p1a: Torterra Khan|atk|2
|-boost|p1a: Torterra Khan|spa|2
|-boost|p1a: Torterra Khan|spe|2
|
|upkeep
|turn|2
|
|t:|1760877328
|move|p2a: Grimmsnarl|Parting Shot|p1a: Torterra Khan
|-unboost|p1a: Torterra Khan|atk|1
|-unboost|p1a: Torterra Khan|spa|1
|
|t:|1760877333
|switch|p2a: Iron Valiant|Iron Valiant|100/100|[from] Parting Shot
|-enditem|p2a: Iron Valiant|Booster Energy
|-activate|p2a: Iron Valiant|ability: Quark Drive|[fromitem]
|-start|p2a: Iron Valiant|quarkdrivespe
|move|p1a: Torterra Khan|Shell Smash|p1a: Torterra Khan
|-unboost|p1a: Torterra Khan|def|1
|-unboost|p1a: Torterra Khan|spd|1
|-boost|p1a: Torterra Khan|atk|2
|-boost|p1a: Torterra Khan|spa|2
|-boost|p1a: Torterra Khan|spe|2
|
|upkeep
|turn|3
|
|t:|1760877337
|move|p1a: Torterra Khan|Bullet Seed|p2a: Iron Valiant
|-damage|p2a: Iron Valiant|80/100
|-damage|p2a: Iron Valiant|60/100
|-damage|p2a: Iron Valiant|42/100
|-damage|p2a: Iron Valiant|23/100
|-hitcount|p2a: Iron Valiant|4
|move|p2a: Iron Valiant|Psyshock|p1a: Torterra Khan
|-damage|p1a: Torterra Khan|46/100
|
|upkeep
|turn|4
|
|t:|1760877344
|move|p1a: Torterra Khan|Bullet Seed|p2a: Iron Valiant
|-damage|p2a: Iron Valiant|3/100
|-damage|p2a: Iron Valiant|0 fnt
|faint|p2a: Iron Valiant
|-end|p2a: Iron Valiant|Quark Drive|[silent]
|-hitcount|p2: Iron Valiant|2
|
|upkeep
|
|t:|1760877349
|switch|p2a: Ogerpon|Ogerpon-Wellspring, F|100/100
|turn|5
|
|t:|1760877352
|move|p1a: Torterra Khan|Bullet Seed|p2a: Ogerpon
|-damage|p2a: Ogerpon|81/100
|-damage|p2a: Ogerpon|61/100
|-damage|p2a: Ogerpon|39/100
|-damage|p2a: Ogerpon|18/100
|-damage|p2a: Ogerpon|0 fnt
|faint|p2a: Ogerpon
|-hitcount|p2: Ogerpon|5
|
|upkeep
|
|t:|1760877357
|switch|p2a: Blaziken|Blaziken, F, shiny|100/100
|turn|6
|
|t:|1760877362
|move|p2a: Blaziken|Protect|p2a: Blaziken
|-singleturn|p2a: Blaziken|Protect
|move|p1a: Torterra Khan|Rock Blast|p2a: Blaziken
|-activate|p2a: Blaziken|move: Protect
|
|-ability|p2a: Blaziken|Speed Boost|boost
|-boost|p2a: Blaziken|spe|1
|upkeep
|turn|7
|
|t:|1760877365
|move|p1a: Torterra Khan|Rock Blast|p2a: Blaziken
|-damage|p2a: Blaziken|85/100
|-damage|p2a: Blaziken|69/100
|-damage|p2a: Blaziken|52/100
|-damage|p2a: Blaziken|36/100
|-crit|p2a: Blaziken
|-damage|p2a: Blaziken|0 fnt
|faint|p2a: Blaziken
|-hitcount|p2: Blaziken|5
|
|upkeep
|
|t:|1760877369
|switch|p2a: Kyurem|Kyurem|100/100
|-ability|p2a: Kyurem|Pressure
|turn|8
|
|t:|1760877374
|-terastallize|p2a: Kyurem|Ground
|move|p1a: Torterra Khan|Rock Blast|p2a: Kyurem
|-resisted|p2a: Kyurem
|-damage|p2a: Kyurem|96/100
|-resisted|p2a: Kyurem
|-damage|p2a: Kyurem|90/100
|-resisted|p2a: Kyurem
|-damage|p2a: Kyurem|85/100
|-resisted|p2a: Kyurem
|-damage|p2a: Kyurem|80/100
|-resisted|p2a: Kyurem
|-damage|p2a: Kyurem|75/100
|-hitcount|p2a: Kyurem|5
|move|p2a: Kyurem|Icicle Spear|p1a: Torterra Khan
|-supereffective|p1a: Torterra Khan
|-damage|p1a: Torterra Khan|0 fnt
|faint|p1a: Torterra Khan
|-hitcount|p1: Torterra Khan|1
|
|-sideend|p2: DucManhLaBo|Reflect
|upkeep
|
|t:|1760877376
|switch|p1a: Milotic Khan|Milotic, F, shiny|100/100
|turn|9
|
|t:|1760877380
|switch|p2a: Grimmsnarl|Grimmsnarl, M|100/100
|move|p1a: Milotic Khan|Alluring Voice|p2a: Grimmsnarl
|-supereffective|p2a: Grimmsnarl
|-damage|p2a: Grimmsnarl|50/100
|-enditem|p1a: Milotic Khan|Throat Spray
|-boost|p1a: Milotic Khan|spa|1|[from] item: Throat Spray
|
|upkeep
|turn|10
|
|t:|1760877387
|move|p2a: Grimmsnarl|Light Screen|p2a: Grimmsnarl
|-sidestart|p2: DucManhLaBo|move: Light Screen
|move|p1a: Milotic Khan|Alluring Voice|p2a: Grimmsnarl
|-supereffective|p2a: Grimmsnarl
|-damage|p2a: Grimmsnarl|12/100
|
|upkeep
|turn|11
|
|t:|1760877393
|move|p2a: Grimmsnarl|Spirit Break|p1a: Milotic Khan
|-damage|p1a: Milotic Khan|75/100
|-unboost|p1a: Milotic Khan|spa|1
|move|p1a: Milotic Khan|Alluring Voice|p2a: Grimmsnarl
|-supereffective|p2a: Grimmsnarl
|-damage|p2a: Grimmsnarl|0 fnt
|faint|p2a: Grimmsnarl
|
|upkeep
|
|t:|1760877397
|switch|p2a: Kyurem|Kyurem, tera:Ground|75/100
|-ability|p2a: Kyurem|Pressure
|turn|12
|
|t:|1760877400
|move|p2a: Kyurem|Dragon Dance|p2a: Kyurem
|-boost|p2a: Kyurem|atk|1
|-boost|p2a: Kyurem|spe|1
|move|p1a: Milotic Khan|Scald|p2a: Kyurem
|-supereffective|p2a: Kyurem
|-damage|p2a: Kyurem|41/100
|
|upkeep
|turn|13
|
|t:|1760877402
|move|p2a: Kyurem|Scale Shot|p1a: Milotic Khan
|-damage|p1a: Milotic Khan|58/100
|-damage|p1a: Milotic Khan|43/100
|-damage|p1a: Milotic Khan|27/100
|-damage|p1a: Milotic Khan|12/100
|-damage|p1a: Milotic Khan|0 fnt
|faint|p1a: Milotic Khan
|-hitcount|p1: Milotic Khan|5
|-unboost|p2a: Kyurem|def|1
|-boost|p2a: Kyurem|spe|1
|
|upkeep
|
|t:|1760877405
|switch|p1a: Dragonite Khan|Dragonite, M, shiny|100/100
|turn|14
|
|t:|1760877411
|move|p2a: Kyurem|Icicle Spear|p1a: Dragonite Khan
|-supereffective|p1a: Dragonite Khan
|-damage|p1a: Dragonite Khan|64/100
|-enditem|p1a: Dragonite Khan|Weakness Policy
|-boost|p1a: Dragonite Khan|atk|2|[from] item: Weakness Policy
|-boost|p1a: Dragonite Khan|spa|2|[from] item: Weakness Policy
|-supereffective|p1a: Dragonite Khan
|-damage|p1a: Dragonite Khan|0 fnt
|faint|p1a: Dragonite Khan
|-hitcount|p1: Dragonite Khan|2
|
|upkeep
|
|t:|1760877418
|switch|p1a: Braviary Khan|Braviary-Hisui, M, shiny|100/100
|turn|15
|
|t:|1760877427
|move|p1a: Braviary Khan|Vacuum Wave|p2a: Kyurem
|-damage|p2a: Kyurem|35/100
|move|p2a: Kyurem|Icicle Spear|p1a: Braviary Khan
|-supereffective|p1a: Braviary Khan
|-damage|p1a: Braviary Khan|55/100
|-supereffective|p1a: Braviary Khan
|-damage|p1a: Braviary Khan|8/100
|-supereffective|p1a: Braviary Khan
|-damage|p1a: Braviary Khan|0 fnt
|faint|p1a: Braviary Khan
|-hitcount|p1: Braviary Khan|3
|
|upkeep
|
|t:|1760877429
|switch|p1a: Malamar Khan|Malamar, M, shiny|100/100
|turn|16
|
|t:|1760877432
|move|p2a: Kyurem|Icicle Spear|p1a: Malamar Khan
|-damage|p1a: Malamar Khan|80/100
|-damage|p1a: Malamar Khan|59/100
|-damage|p1a: Malamar Khan|40/100
|-enditem|p1a: Malamar Khan|Sitrus Berry|[eat]
|-heal|p1a: Malamar Khan|65/100|[from] item: Sitrus Berry
|-damage|p1a: Malamar Khan|46/100
|-damage|p1a: Malamar Khan|24/100
|-hitcount|p1a: Malamar Khan|5
|move|p1a: Malamar Khan|Superpower|p2a: Kyurem
|-damage|p2a: Kyurem|0 fnt
|-boost|p1a: Malamar Khan|atk|1
|-boost|p1a: Malamar Khan|def|1
|faint|p2a: Kyurem
|
|upkeep
|
|t:|1760877436
|switch|p2a: Great Tusk|Great Tusk|100/100
|turn|17
|
|t:|1760877441
|move|p2a: Great Tusk|Earthquake|p1a: Malamar Khan
|-damage|p1a: Malamar Khan|0 fnt
|faint|p1a: Malamar Khan
|
|-sideend|p2: DucManhLaBo|move: Light Screen
|upkeep
|
|t:|1760877444
|switch|p1a: Metagross Khan|Metagross, shiny|100/100
|turn|18
|
|t:|1760877448
|-terastallize|p1a: Metagross Khan|Ground
|move|p2a: Great Tusk|Earthquake|p1a: Metagross Khan
|-damage|p1a: Metagross Khan|59/100
|move|p1a: Metagross Khan|Psychic Fangs|p2a: Great Tusk
|-supereffective|p2a: Great Tusk
|-damage|p2a: Great Tusk|32/100
|
|-heal|p2a: Great Tusk|38/100|[from] item: Leftovers
|upkeep
|turn|19
|
|t:|1760877454
|move|p2a: Great Tusk|Close Combat|p1a: Metagross Khan
|-damage|p1a: Metagross Khan|13/100
|-unboost|p2a: Great Tusk|def|1
|-unboost|p2a: Great Tusk|spd|1
|move|p1a: Metagross Khan|Psychic Fangs|p2a: Great Tusk
|-supereffective|p2a: Great Tusk
|-damage|p2a: Great Tusk|0 fnt
|faint|p2a: Great Tusk
|-end|p2a: Great Tusk|Protosynthesis|[silent]
|
|win|JosueKhan
|raw|JosueKhan's rating: 1159 &rarr; <strong>1183</strong><br />(+24 for winning)
|raw|DucManhLaBo's rating: 1148 &rarr; <strong>1124</strong><br />(-24 for losing)
|l|☆JosueKhan
|player|p1|
