|j|☆Tree_gold
|j|☆RedDeath26
|t:|1760783748
|gametype|singles
|player|p1|Tree_gold|fisherman-gen4|1000
|player|p2|RedDeath26|266|1000
|gen|9
|tier|[Gen 9] OU
|rated|
|rule|HP Percentage Mod: HP is shown in percentages
|rule|Endless Battle Clause: Forcing endless battles is banned
|rule|Species Clause: Limit one of each Pokémon
|rule|OHKO Clause: OHKO moves are banned
|rule|Evasion Items Clause: Evasion items are banned
|rule|Evasion Moves Clause: Evasion moves are banned
|rule|Evasion Abilities Clause: Evasion abilities are banned
|rule|Sleep Moves Clause: Sleep-inducing moves are banned
|clearpoke
|poke|p1|Raging Bolt|
|poke|p1|Iron Treads|
|poke|p1|Ting-Lu|
|poke|p1|Gholdengo|
|poke|p1|Zamazenta-*|
|poke|p1|Tornadus-Therian, M|
|poke|p2|Mew|
|poke|p2|Charizard, F|
|poke|p2|Metagross|
|poke|p2|Greninja-*, M|
|poke|p2|Tyranitar, F|
|poke|p2|Zamazenta-*|
|teampreview
|
|t:|1760783781
|teamsize|p1|6
|teamsize|p2|6
|start
|switch|p1a: Zamazenta|Zamazenta|100/100
|switch|p2a: Mew|Mew|100/100
|-ability|p1a: Zamazenta|Dauntless Shield|boost
|-boost|p1a: Zamazenta|def|1
|turn|1
|
|t:|1760783796
|move|p1a: Zamazenta|Iron Defense|p1a: Zamazenta
|-boost|p1a: Zamazenta|def|2
|move|p2a: Mew|Trick Room|p2a: Mew
|-fieldstart|move: Trick Room|[of] p2a: Mew
|
|upkeep
|turn|2
|
|t:|1760783814
|move|p2a: Mew|Calm Mind|p2a: Mew
|-boost|p2a: Mew|spa|1
|-boost|p2a: Mew|spd|1
|move|p1a: Zamazenta|Body Press|p2a: Mew
|-resisted|p2a: Mew
|-damage|p2a: Mew|64/100
|
|-heal|p2a: Mew|71/100|[from] item: Leftovers
|upkeep
|turn|3
|
|t:|1760783837
|switch|p1a: Ting-Lu|Ting-Lu|100/100
|-ability|p1a: Ting-Lu|Vessel of Ruin
|move|p2a: Mew|Calm Mind|p2a: Mew
|-boost|p2a: Mew|spa|1
|-boost|p2a: Mew|spd|1
|
|-heal|p2a: Mew|77/100|[from] item: Leftovers
|upkeep
|turn|4
|
|t:|1760783858
|move|p1a: Ting-Lu|Ruination|p2a: Mew
|-damage|p2a: Mew|39/100
|move|p2a: Mew|Calm Mind|p2a: Mew
|-boost|p2a: Mew|spa|1
|-boost|p2a: Mew|spd|1
|
|-heal|p2a: Mew|45/100|[from] item: Leftovers
|upkeep
|turn|5
|
|t:|1760783871
|move|p1a: Ting-Lu|Earthquake|p2a: Mew
|-damage|p2a: Mew|13/100
|move|p2a: Mew|Stored Power|p1a: Ting-Lu
|-immune|p1a: Ting-Lu
|
|-heal|p2a: Mew|19/100|[from] item: Leftovers
|-fieldend|move: Trick Room
|upkeep
|turn|6
|
|t:|1760783883
|move|p2a: Mew|Transform|p1a: Ting-Lu
|-transform|p2a: Mew|p1a: Ting-Lu
|-ability|p2a: Mew|Vessel of Ruin
|move|p1a: Ting-Lu|Earthquake|p2a: Mew
|-damage|p2a: Mew|0 fnt
|faint|p2a: Mew
|
|upkeep
|-message|RedDeath26 forfeited.
|
|win|Tree_gold
|raw|Tree_gold's rating: 1000 &rarr; <strong>1040</strong><br />(+40 for winning)
|raw|RedDeath26's rating: 1000 &rarr; <strong>1000</strong><br />(+0 for losing)
|l|☆RedDeath26
|player|p2|
