|j|☆ykykp
|j|☆owl_with_scarf
|t:|1760769796
|gametype|singles
|player|p1|ykykp|101|1558
|player|p2|owl_with_scarf|#owlwithscarf|1489
|gen|9
|tier|[Gen 9] OU
|rated|
|rule|HP Percentage Mod: HP is shown in percentages
|rule|Endless Battle Clause: Forcing endless battles is banned
|rule|Species Clause: Limit one of each Pokémon
|rule|OHKO Clause: OHKO moves are banned
|rule|Evasion Items Clause: Evasion items are banned
|rule|Evasion Moves Clause: Evasion moves are banned
|rule|Evasion Abilities Clause: Evasion abilities are banned
|rule|Sleep Moves Clause: Sleep-inducing moves are banned
|clearpoke
|poke|p1|Barraskewda, M|
|poke|p1|Pelipper, F|
|poke|p1|Tornadus-Therian, M|
|poke|p1|Decidueye-Hisui, M|
|poke|p1|Iron Treads|
|poke|p1|Iron Hands|
|poke|p2|Torkoal, F|
|poke|p2|Iron Moth|
|poke|p2|Cinderace, M|
|poke|p2|Walking Wake|
|poke|p2|Mandibuzz, F|
|poke|p2|Zamazenta-*|
|teampreview
|inactive|Battle timer is ON: inactive players will automatically lose when time's up. (requested by owl_with_scarf)
|l|☆owl_with_scarf
|inactive|owl_with_scarf disconnected and has a minute to reconnect!
|player|p2|
|j|☆owl_with_scarf
|inactive|owl_with_scarf reconnected and has 145 seconds left.
|player|p2|owl_with_scarf|#owlwithscarf|
|inactive|ykykp has 120 seconds left.
|inactive|ykykp has 90 seconds left.
|
|t:|1760769862
|teamsize|p1|6
|teamsize|p2|6
|start
|switch|p1a: Tornadus|Tornadus-Therian, M|100/100
|switch|p2a: Walking Wake|Walking Wake|100/100
|turn|1
|
|t:|1760769870
|-terastallize|p1a: Tornadus|Flying
|move|p1a: Tornadus|Hurricane|p2a: Walking Wake|[miss]
|-miss|p1a: Tornadus|p2a: Walking Wake
|move|p2a: Walking Wake|Flip Turn|p1a: Tornadus
|-damage|p1a: Tornadus|78/100
|
|t:|1760769876
|-end|p2a: Walking Wake|Protosynthesis|[silent]
|switch|p2a: Torkoal|Torkoal, F|100/100|[from] Flip Turn
|-weather|SunnyDay|[from] ability: Drought|[of] p2a: Torkoal
|
|-weather|SunnyDay|[upkeep]
|upkeep
|turn|2
|
|t:|1760769878
|move|p1a: Tornadus|Hurricane|p2a: Torkoal|[miss]
|-miss|p1a: Tornadus|p2a: Torkoal
|move|p2a: Torkoal|Stealth Rock|p1a: Tornadus
|-sidestart|p1: ykykp|move: Stealth Rock
|
|-weather|SunnyDay|[upkeep]
|upkeep
|turn|3
|
|t:|1760769881
|move|p1a: Tornadus|Hurricane|p2a: Torkoal
|-damage|p2a: Torkoal|0 fnt
|faint|p2a: Torkoal
|
|-weather|SunnyDay|[upkeep]
|upkeep
|
|t:|1760769886
|switch|p2a: Iron Moth|Iron Moth|100/100
|turn|4
|
|t:|1760769889
|switch|p1a: Pelipper|Pelipper, F|100/100
|-damage|p1a: Pelipper|76/100|[from] Stealth Rock
|-weather|RainDance|[from] ability: Drizzle|[of] p1a: Pelipper
|move|p2a: Iron Moth|Fiery Dance|p1a: Pelipper
|-resisted|p1a: Pelipper
|-damage|p1a: Pelipper|58/100
|-boost|p2a: Iron Moth|spa|1
|
|-weather|RainDance|[upkeep]
|upkeep
|turn|5
|
|t:|1760769892
|move|p2a: Iron Moth|Fiery Dance|p1a: Pelipper
|-resisted|p1a: Pelipper
|-damage|p1a: Pelipper|31/100
|-boost|p2a: Iron Moth|spa|1
|move|p1a: Pelipper|Weather Ball|p2a: Iron Moth
|-supereffective|p2a: Iron Moth
|-crit|p2a: Iron Moth
|-damage|p2a: Iron Moth|0 fnt
|faint|p2a: Iron Moth
|-end|p2a: Iron Moth|Quark Drive|[silent]
|
|-weather|RainDance|[upkeep]
|upkeep
|
|t:|1760769894
|switch|p2a: Walking Wake|Walking Wake|100/100
|turn|6
|
|t:|1760769902
|switch|p1a: Iron Hands|Iron Hands|100/100
|-damage|p1a: Iron Hands|94/100|[from] Stealth Rock
|move|p2a: Walking Wake|Hydro Steam|p1a: Iron Hands
|-damage|p1a: Iron Hands|66/100
|
|-weather|RainDance|[upkeep]
|upkeep
|turn|7
|
|t:|1760769906
|move|p2a: Walking Wake|Flip Turn|p1a: Iron Hands
|-damage|p1a: Iron Hands|49/100
|
|t:|1760769908
|-end|p2a: Walking Wake|Protosynthesis|[silent]
|switch|p2a: Zamazenta|Zamazenta|100/100|[from] Flip Turn
|-ability|p2a: Zamazenta|Dauntless Shield|boost
|-boost|p2a: Zamazenta|def|1
|move|p1a: Iron Hands|Supercell Slam|p2a: Zamazenta
|-damage|p2a: Zamazenta|70/100
|
|-weather|RainDance|[upkeep]
|-heal|p2a: Zamazenta|76/100|[from] item: Leftovers
|upkeep
|turn|8
|
|t:|1760769913
|-end|p1a: Iron Hands|Quark Drive|[silent]
|switch|p1a: Decidueye|Decidueye-Hisui, M|100/100
|-damage|p1a: Decidueye|94/100|[from] Stealth Rock
|move|p2a: Zamazenta|Iron Defense|p2a: Zamazenta
|-boost|p2a: Zamazenta|def|2
|
|-weather|RainDance|[upkeep]
|-heal|p2a: Zamazenta|83/100|[from] item: Leftovers
|upkeep
|turn|9
|
|t:|1760769916
|move|p2a: Zamazenta|Substitute|p2a: Zamazenta
|-start|p2a: Zamazenta|Substitute
|-damage|p2a: Zamazenta|58/100
|move|p1a: Decidueye|Defog|p2a: Zamazenta
|-sideend|p1: ykykp|Stealth Rock|[from] move: Defog|[of] p1a: Decidueye
|
|-weather|RainDance|[upkeep]
|-heal|p2a: Zamazenta|64/100|[from] item: Leftovers
|upkeep
|turn|10
|
|t:|1760769921
|move|p2a: Zamazenta|Iron Defense|p2a: Zamazenta
|-boost|p2a: Zamazenta|def|2
|move|p1a: Decidueye|U-turn|p2a: Zamazenta
|-resisted|p2a: Zamazenta
|-activate|p2a: Zamazenta|move: Substitute|[damage]
|
|t:|1760769927
|switch|p1a: Tornadus|Tornadus-Therian, M, tera:Flying|100/100|[from] U-turn
|
|-weather|RainDance|[upkeep]
|-heal|p2a: Zamazenta|70/100|[from] item: Leftovers
|upkeep
|turn|11
|
|t:|1760769931
|move|p2a: Zamazenta|Body Press|p1a: Tornadus
|-resisted|p1a: Tornadus
|-damage|p1a: Tornadus|31/100
|move|p1a: Tornadus|Hurricane|p2a: Zamazenta
|-supereffective|p2a: Zamazenta
|-end|p2a: Zamazenta|Substitute
|
|-weather|none
|-heal|p2a: Zamazenta|76/100|[from] item: Leftovers
|upkeep
|turn|12
|
|t:|1760769940
|move|p2a: Zamazenta|Body Press|p1a: Tornadus
|-resisted|p1a: Tornadus
|-damage|p1a: Tornadus|0 fnt
|faint|p1a: Tornadus
|
|-heal|p2a: Zamazenta|83/100|[from] item: Leftovers
|upkeep
|c|☆owl_with_scarf|Gg
|inactive|ykykp has 120 seconds left.
|
|t:|1760769995
|switch|p1a: Decidueye|Decidueye-Hisui, M|94/100
|turn|13
|
|t:|1760770002
|move|p2a: Zamazenta|Substitute|p2a: Zamazenta
|-start|p2a: Zamazenta|Substitute
|-damage|p2a: Zamazenta|58/100
|move|p1a: Decidueye|Triple Arrows|p2a: Zamazenta
|-activate|p2a: Zamazenta|move: Substitute|[damage]
|
|-heal|p2a: Zamazenta|64/100|[from] item: Leftovers
|upkeep
|turn|14
|-message|ykykp forfeited.
|
|win|owl_with_scarf
|raw|ykykp's rating: 1558 &rarr; <strong>1534</strong><br />(-24 for losing)
|raw|owl_with_scarf's rating: 1489 &rarr; <strong>1513</strong><br />(+24 for winning)
|l|☆ykykp
|player|p1|
|l|☆owl_with_scarf
|player|p2|
