|j|☆Sgt_Pasteque
|j|☆mo007001
|t:|1760769897
|gametype|singles
|player|p1|Sgt_Pasteque|169|1112
|player|p2|mo007001|burglar|1108
|gen|9
|tier|[Gen 9] OU
|rated|
|rule|HP Percentage Mod: HP is shown in percentages
|rule|Endless Battle Clause: Forcing endless battles is banned
|rule|Species Clause: Limit one of each Pokémon
|rule|OHKO Clause: OHKO moves are banned
|rule|Evasion Items Clause: Evasion items are banned
|rule|Evasion Moves Clause: Evasion moves are banned
|rule|Evasion Abilities Clause: Evasion abilities are banned
|rule|Sleep Moves Clause: Sleep-inducing moves are banned
|clearpoke
|poke|p1|Empoleon, M|
|poke|p1|Ribombee, F|
|poke|p1|Corviknight, M|
|poke|p1|Hoopa-Unbound|
|poke|p1|Mimikyu, M|
|poke|p1|Chandelure, M|
|poke|p2|Ursaluna, M|
|poke|p2|Gumshoos, F|
|poke|p2|Kingambit, M|
|poke|p2|Skeledirge, F|
|poke|p2|Slowking, F|
|poke|p2|Cinderace, M|
|teampreview
|
|t:|1760769902
|teamsize|p1|6
|teamsize|p2|6
|start
|switch|p1a: Miel Pop's|Ribombee, F, shiny|100/100
|switch|p2a: Gumshoos|Gumshoos, F|100/100
|turn|1
|
|t:|1760769911
|move|p1a: Miel Pop's|Sticky Web|p2a: Gumshoos
|-sidestart|p2: mo007001|move: Sticky Web
|move|p2a: Gumshoos|Knock Off|p1a: Miel Pop's
|-resisted|p1a: Miel Pop's
|-damage|p1a: Miel Pop's|69/100
|-enditem|p1a: Miel Pop's|Focus Sash|[from] move: Knock Off|[of] p2a: Gumshoos
|
|upkeep
|turn|2
|
|t:|1760769922
|move|p1a: Miel Pop's|Stun Spore|p2a: Gumshoos
|-status|p2a: Gumshoos|par
|move|p2a: Gumshoos|Double-Edge|p1a: Miel Pop's
|-damage|p1a: Miel Pop's|0 fnt
|faint|p1a: Miel Pop's
|-damage|p2a: Gumshoos|85/100 par|[from] Recoil
|
|upkeep
|
|t:|1760769937
|switch|p1a: Ganon|Hoopa-Unbound|100/100
|turn|3
|
|t:|1760769945
|move|p1a: Ganon|Drain Punch|p2a: Gumshoos
|-supereffective|p2a: Gumshoos
|-damage|p2a: Gumshoos|15/100 par
|-enditem|p2a: Gumshoos|Red Card|[of] p1a: Ganon
|drag|p1a: Méchandelier|Chandelure, M, shiny|100/100
|cant|p2a: Gumshoos|par
|
|upkeep
|turn|4
|
|t:|1760769967
|move|p1a: Méchandelier|Energy Ball|p2a: Gumshoos
|-damage|p2a: Gumshoos|0 fnt
|faint|p2a: Gumshoos
|
|upkeep
|
|t:|1760769979
|switch|p2a: Cinderace|Cinderace, M|100/100
|turn|5
|
|t:|1760769997
|switch|p1a: PrincePlouf|Empoleon, M|100/100
|move|p2a: Cinderace|Court Change|p2a: Cinderace
|-start|p2a: Cinderace|typechange|Normal|[from] ability: Libero
|-swapsideconditions
|-activate|p2a: Cinderace|move: Court Change
|
|upkeep
|turn|6
|
|t:|1760770010
|switch|p2a: Slowking|Slowking, F, shiny|100/100
|move|p1a: PrincePlouf|Hydro Pump|p2a: Slowking
|-resisted|p2a: Slowking
|-damage|p2a: Slowking|65/100
|
|upkeep
|turn|7
|
|t:|1760770024
|switch|p1a: Ganon|Hoopa-Unbound|100/100
|-activate|p1a: Ganon|move: Sticky Web
|-unboost|p1a: Ganon|spe|1
|-prepare|p2a: Slowking|Chilly Reception|[premajor]
|move|p2a: Slowking|Chilly Reception|p2a: Slowking
|-weather|Snowscape
|
|t:|1760770038
|switch|p2a: Ursaluna|Ursaluna, M|100/100|[from] Chilly Reception
|
|-weather|Snowscape|[upkeep]
|-status|p2a: Ursaluna|brn|[from] item: Flame Orb
|upkeep
|turn|8
|
|t:|1760770047
|move|p2a: Ursaluna|Facade|p1a: Ganon
|-crit|p1a: Ganon
|-damage|p1a: Ganon|0 fnt
|faint|p1a: Ganon
|
|-weather|Snowscape|[upkeep]
|-damage|p2a: Ursaluna|94/100 brn|[from] brn
|upkeep
|
|t:|1760770055
|switch|p1a: Hugin|Corviknight, M, shiny|100/100
|-ability|p1a: Hugin|Pressure
|turn|9
|
|t:|1760770060
|move|p2a: Ursaluna|Bulk Up|p2a: Ursaluna
|-boost|p2a: Ursaluna|atk|1
|-boost|p2a: Ursaluna|def|1
|move|p1a: Hugin|Body Press|p2a: Ursaluna
|-supereffective|p2a: Ursaluna
|-damage|p2a: Ursaluna|74/100 brn
|
|-weather|Snowscape|[upkeep]
|-damage|p2a: Ursaluna|67/100 brn|[from] brn
|upkeep
|turn|10
|
|t:|1760770071
|move|p2a: Ursaluna|Supercell Slam|p1a: Hugin
|-supereffective|p1a: Hugin
|-crit|p1a: Hugin
|-damage|p1a: Hugin|0 fnt
|faint|p1a: Hugin
|
|-weather|Snowscape|[upkeep]
|-damage|p2a: Ursaluna|61/100 brn|[from] brn
|upkeep
|
|t:|1760770083
|switch|p1a: PrincePlouf|Empoleon, M|100/100
|-activate|p1a: PrincePlouf|move: Sticky Web
|-unboost|p1a: PrincePlouf|spe|1
|-ability|p1a: PrincePlouf|Competitive|boost
|-boost|p1a: PrincePlouf|spa|2
|turn|11
|
|t:|1760770090
|-terastallize|p1a: PrincePlouf|Water
|move|p2a: Ursaluna|Headlong Rush|p1a: PrincePlouf
|-damage|p1a: PrincePlouf|0 fnt
|-unboost|p2a: Ursaluna|def|1
|-unboost|p2a: Ursaluna|spd|1
|faint|p1a: PrincePlouf
|
|-weather|none
|-damage|p2a: Ursaluna|55/100 brn|[from] brn
|upkeep
|-message|Sgt_Pasteque forfeited.
|
|win|mo007001
|raw|Sgt_Pasteque's rating: 1112 &rarr; <strong>1087</strong><br />(-25 for losing)
|raw|mo007001's rating: 1108 &rarr; <strong>1133</strong><br />(+25 for winning)
|l|☆Sgt_Pasteque
|player|p1|
|l|☆mo007001
|player|p2|
