|j|☆teatrero mugroso
|j|☆sadmetameta
|t:|1760761543
|gametype|singles
|player|p1|teatrero mugroso|blue|1349
|player|p2|sadmetameta|cilan|1326
|gen|9
|tier|[Gen 9] OU
|rated|
|rule|HP Percentage Mod: HP is shown in percentages
|rule|Endless Battle Clause: Forcing endless battles is banned
|rule|Species Clause: Limit one of each Pokémon
|rule|OHKO Clause: OHKO moves are banned
|rule|Evasion Items Clause: Evasion items are banned
|rule|Evasion Moves Clause: Evasion moves are banned
|rule|Evasion Abilities Clause: Evasion abilities are banned
|rule|Sleep Moves Clause: Sleep-inducing moves are banned
|clearpoke
|poke|p1|Clefable, F|
|poke|p1|Blastoise, M|
|poke|p1|Gengar, F|
|poke|p1|Magneton|
|poke|p1|Dragonite, F|
|poke|p1|Moltres|
|poke|p2|Weavile, M|
|poke|p2|Sinistcha|
|poke|p2|Gliscor, F|
|poke|p2|Primarina, F|
|poke|p2|Hydrapple, M|
|poke|p2|Iron Crown|
|teampreview
|inactive|Battle timer is ON: inactive players will automatically lose when time's up. (requested by teatrero mugroso)
|
|t:|1760761555
|teamsize|p1|6
|teamsize|p2|6
|start
|switch|p1a: Gengar|Gengar, F|100/100
|switch|p2a: Iron Crown|Iron Crown|100/100
|turn|1
|
|t:|1760761560
|move|p1a: Gengar|Shadow Ball|p2a: Iron Crown
|-supereffective|p2a: Iron Crown
|-damage|p2a: Iron Crown|42/100
|move|p2a: Iron Crown|Psychic|p1a: Gengar
|-supereffective|p1a: Gengar
|-enditem|p1a: Gengar|Focus Sash
|-damage|p1a: Gengar|1/100
|
|upkeep
|turn|2
|
|t:|1760761569
|-end|p2a: Iron Crown|Quark Drive|[silent]
|switch|p2a: Hydrapple|Hydrapple, M|100/100
|move|p1a: Gengar|Shadow Ball|p2a: Hydrapple
|-damage|p2a: Hydrapple|73/100
|
|upkeep
|turn|3
|
|t:|1760761582
|switch|p1a: Clefable|Clefable, F|100/100
|move|p2a: Hydrapple|Fickle Beam|p1a: Clefable
|-immune|p1a: Clefable
|
|upkeep
|turn|4
|
|t:|1760761589
|switch|p2a: Iron Crown|Iron Crown|42/100
|move|p1a: Clefable|Stealth Rock|p2a: Iron Crown
|-sidestart|p2: sadmetameta|move: Stealth Rock
|
|upkeep
|turn|5
|
|t:|1760761597
|switch|p1a: Blastoise|Blastoise, M|100/100
|move|p2a: Iron Crown|Tachyon Cutter|p1a: Blastoise
|-resisted|p1a: Blastoise
|-damage|p1a: Blastoise|89/100
|-resisted|p1a: Blastoise
|-damage|p1a: Blastoise|78/100
|-hitcount|p1a: Blastoise|2
|
|-heal|p1a: Blastoise|84/100|[from] item: Leftovers
|upkeep
|turn|6
|
|t:|1760761606
|move|p2a: Iron Crown|Future Sight|p1a: Blastoise
|-start|p2a: Iron Crown|move: Future Sight
|move|p1a: Blastoise|Flip Turn|p2a: Iron Crown
|-damage|p2a: Iron Crown|22/100
|
|t:|1760761611
|switch|p1a: Gengar|Gengar, F|1/100|[from] Flip Turn
|
|upkeep
|turn|7
|
|t:|1760761624
|move|p1a: Gengar|Shadow Ball|p2a: Iron Crown
|-supereffective|p2a: Iron Crown
|-damage|p2a: Iron Crown|0 fnt
|faint|p2a: Iron Crown
|-end|p2a: Iron Crown|Quark Drive|[silent]
|
|upkeep
|
|t:|1760761625
|switch|p2a: Hydrapple|Hydrapple, M|100/100
|-damage|p2a: Hydrapple|88/100|[from] Stealth Rock
|turn|8
|
|t:|1760761632
|switch|p1a: Clefable|Clefable, F|100/100
|move|p2a: Hydrapple|Giga Drain|p1a: Clefable
|-damage|p1a: Clefable|72/100
|-heal|p2a: Hydrapple|100/100|[from] drain|[of] p1a: Clefable
|
|-end|p1a: Clefable|move: Future Sight
|-damage|p1a: Clefable|31/100
|-heal|p1a: Clefable|37/100|[from] item: Leftovers
|upkeep
|turn|9
|
|t:|1760761649
|-terastallize|p2a: Hydrapple|Water
|move|p1a: Clefable|Moonlight|p1a: Clefable
|-heal|p1a: Clefable|87/100
|move|p2a: Hydrapple|Hydro Pump|p1a: Clefable
|-damage|p1a: Clefable|49/100
|
|-heal|p1a: Clefable|55/100|[from] item: Leftovers
|upkeep
|turn|10
|
|t:|1760761657
|switch|p2a: Primarina|Primarina, F|100/100
|move|p1a: Clefable|Thunder Wave|p2a: Primarina
|-status|p2a: Primarina|par
|
|-heal|p1a: Clefable|62/100|[from] item: Leftovers
|upkeep
|turn|11
|
|t:|1760761666
|move|p1a: Clefable|Moonlight|p1a: Clefable
|-heal|p1a: Clefable|100/100
|move|p2a: Primarina|Calm Mind|p2a: Primarina
|-boost|p2a: Primarina|spa|1
|-boost|p2a: Primarina|spd|1
|
|upkeep
|turn|12
|
|t:|1760761672
|move|p1a: Clefable|Moonblast|p2a: Primarina
|-damage|p2a: Primarina|76/100 par
|move|p2a: Primarina|Calm Mind|p2a: Primarina
|-boost|p2a: Primarina|spa|1
|-boost|p2a: Primarina|spd|1
|
|upkeep
|turn|13
|
|t:|1760761688
|move|p1a: Clefable|Moonblast|p2a: Primarina
|-damage|p2a: Primarina|50/100 par
|-unboost|p2a: Primarina|spa|1
|cant|p2a: Primarina|par
|
|upkeep
|turn|14
|
|t:|1760761694
|move|p1a: Clefable|Moonblast|p2a: Primarina
|-damage|p2a: Primarina|23/100 par
|-unboost|p2a: Primarina|spa|1
|move|p2a: Primarina|Moonblast|p1a: Clefable
|-damage|p1a: Clefable|71/100
|-unboost|p1a: Clefable|spa|1
|
|-heal|p1a: Clefable|77/100|[from] item: Leftovers
|upkeep
|turn|15
|
|t:|1760761703
|move|p1a: Clefable|Moonblast|p2a: Primarina
|-damage|p2a: Primarina|5/100 par
|cant|p2a: Primarina|par
|
|-heal|p1a: Clefable|83/100|[from] item: Leftovers
|upkeep
|turn|16
|
|t:|1760761709
|move|p1a: Clefable|Moonblast|p2a: Primarina
|-damage|p2a: Primarina|0 fnt
|faint|p2a: Primarina
|
|-heal|p1a: Clefable|90/100|[from] item: Leftovers
|upkeep
|
|t:|1760761717
|switch|p2a: Sinistcha|Sinistcha|100/100
|turn|17
|
|t:|1760761720
|move|p2a: Sinistcha|Calm Mind|p2a: Sinistcha
|-boost|p2a: Sinistcha|spa|1
|-boost|p2a: Sinistcha|spd|1
|move|p1a: Clefable|Thunder Wave|p2a: Sinistcha|[miss]
|-miss|p1a: Clefable|p2a: Sinistcha
|
|-heal|p1a: Clefable|96/100|[from] item: Leftovers
|upkeep
|turn|18
|
|t:|1760761727
|move|p2a: Sinistcha|Calm Mind|p2a: Sinistcha
|-boost|p2a: Sinistcha|spa|1
|-boost|p2a: Sinistcha|spd|1
|move|p1a: Clefable|Thunder Wave|p2a: Sinistcha
|-status|p2a: Sinistcha|par
|
|-heal|p1a: Clefable|100/100|[from] item: Leftovers
|upkeep
|turn|19
|
|t:|1760761738
|switch|p1a: Magneton|Magneton|100/100
|move|p2a: Sinistcha|Calm Mind|p2a: Sinistcha
|-boost|p2a: Sinistcha|spa|1
|-boost|p2a: Sinistcha|spd|1
|
|upkeep
|turn|20
|
|t:|1760761745
|move|p1a: Magneton|Volt Switch|p2a: Sinistcha
|-resisted|p2a: Sinistcha
|-damage|p2a: Sinistcha|87/100 par
|
|t:|1760761749
|switch|p1a: Clefable|Clefable, F|100/100|[from] Volt Switch
|cant|p2a: Sinistcha|par
|
|upkeep
|turn|21
|
|t:|1760761754
|move|p1a: Clefable|Moonblast|p2a: Sinistcha
|-damage|p2a: Sinistcha|51/100 par
|-unboost|p2a: Sinistcha|spa|1
|cant|p2a: Sinistcha|par
|
|upkeep
|turn|22
|
|t:|1760761760
|move|p1a: Clefable|Moonblast|p2a: Sinistcha
|-damage|p2a: Sinistcha|12/100 par
|cant|p2a: Sinistcha|par
|
|upkeep
|turn|23
|-message|sadmetameta forfeited.
|
|win|teatrero mugroso
|raw|teatrero mugroso's rating: 1349 &rarr; <strong>1369</strong><br />(+20 for winning)
|raw|sadmetameta's rating: 1350 &rarr; <strong>1330</strong><br />(-20 for losing)
|l|☆sadmetameta
|player|p2|
|l|☆teatrero mugroso
|player|p1|
