|j|☆lvcinda
|j|☆maractus' no1 fan
|t:|1760870756
|gametype|singles
|player|p1|lvcinda|cynthia-gen4|1437
|player|p2|maractus' no1 fan|2|1405
|gen|9
|tier|[Gen 9] OU
|rated|
|rule|HP Percentage Mod: HP is shown in percentages
|rule|Endless Battle Clause: Forcing endless battles is banned
|rule|Species Clause: Limit one of each Pokémon
|rule|OHKO Clause: OHKO moves are banned
|rule|Evasion Items Clause: Evasion items are banned
|rule|Evasion Moves Clause: Evasion moves are banned
|rule|Evasion Abilities Clause: Evasion abilities are banned
|rule|Sleep Moves Clause: Sleep-inducing moves are banned
|clearpoke
|poke|p1|Garganacl, M|
|poke|p1|Hippowdon, M|
|poke|p1|Hydrapple, M|
|poke|p1|Slowking-Galar, M|
|poke|p1|Samurott-Hisui, M|
|poke|p1|Excadrill, M|
|poke|p2|Ogerpon, F|
|poke|p2|Rillaboom, M|
|poke|p2|Hawlucha, M|
|poke|p2|Hatterene, F|
|poke|p2|Ninetales-Alola, M|
|poke|p2|Great Tusk|
|teampreview
|
|t:|1760870767
|teamsize|p1|6
|teamsize|p2|6
|start
|switch|p1a: Slowking|Slowking-Galar, M, shiny|100/100
|switch|p2a: Ninetales|Ninetales-Alola, M|100/100
|-weather|Snowscape|[from] ability: Snow Warning|[of] p2a: Ninetales
|turn|1
|
|t:|1760870772
|move|p2a: Ninetales|Snowscape||[still]
|-fail|p2a: Ninetales
|move|p1a: Slowking|Whirlpool|p2a: Ninetales
|-damage|p2a: Ninetales|92/100
|-activate|p2a: Ninetales|move: Whirlpool|[of] p1a: Slowking
|
|-weather|Snowscape|[upkeep]
|-damage|p2a: Ninetales|79/100|[from] move: Whirlpool|[partiallytrapped]
|upkeep
|turn|2
|
|t:|1760870777
|move|p2a: Ninetales|Aurora Veil|p2a: Ninetales
|-sidestart|p2: maractus' no1 fan|move: Aurora Veil
|move|p1a: Slowking|Sludge Bomb|p2a: Ninetales
|-supereffective|p2a: Ninetales
|-damage|p2a: Ninetales|48/100
|-status|p2a: Ninetales|psn
|
|-weather|Snowscape|[upkeep]
|-damage|p2a: Ninetales|36/100 psn|[from] psn
|-damage|p2a: Ninetales|24/100 psn|[from] move: Whirlpool|[partiallytrapped]
|upkeep
|turn|3
|
|t:|1760870792
|move|p2a: Ninetales|Encore|p1a: Slowking
|-start|p1a: Slowking|Encore
|move|p1a: Slowking|Sludge Bomb|p2a: Ninetales
|-supereffective|p2a: Ninetales
|-damage|p2a: Ninetales|0 fnt
|faint|p2a: Ninetales
|
|-weather|Snowscape|[upkeep]
|upkeep
|inactive|Battle timer is ON: inactive players will automatically lose when time's up. (requested by lvcinda)
|
|t:|1760870796
|switch|p2a: Rillaboom|Rillaboom, M|100/100
|-fieldstart|move: Grassy Terrain|[from] ability: Grassy Surge|[of] p2a: Rillaboom
|turn|4
|
|t:|1760870819
|switch|p2a: Great Tusk|Great Tusk|100/100
|-enditem|p2a: Great Tusk|Booster Energy
|-activate|p2a: Great Tusk|ability: Protosynthesis|[fromitem]
|-start|p2a: Great Tusk|protosynthesisspe
|move|p1a: Slowking|Sludge Bomb|p2a: Great Tusk
|-resisted|p2a: Great Tusk
|-damage|p2a: Great Tusk|90/100
|
|-weather|Snowscape|[upkeep]
|-heal|p2a: Great Tusk|96/100|[from] Grassy Terrain
|upkeep
|turn|5
|
|t:|1760870831
|switch|p1a: Hippowdon|Hippowdon, M, shiny|100/100
|-weather|Sandstorm|[from] ability: Sand Stream|[of] p1a: Hippowdon
|move|p2a: Great Tusk|Bulk Up|p2a: Great Tusk
|-boost|p2a: Great Tusk|atk|1
|-boost|p2a: Great Tusk|def|1
|
|-weather|Sandstorm|[upkeep]
|-heal|p2a: Great Tusk|100/100|[from] Grassy Terrain
|upkeep
|turn|6
|
|t:|1760870849
|-end|p2a: Great Tusk|Protosynthesis|[silent]
|switch|p2a: Hatterene|Hatterene, F|100/100
|-enditem|p2a: Hatterene|Grassy Seed
|-boost|p2a: Hatterene|def|1|[from] item: Grassy Seed
|move|p1a: Hippowdon|Scorching Sands|p2a: Hatterene
|-damage|p2a: Hatterene|91/100
|-status|p2a: Hatterene|brn
|
|-weather|Sandstorm|[upkeep]
|-damage|p2a: Hatterene|85/100 brn|[from] Sandstorm
|-heal|p2a: Hatterene|91/100 brn|[from] Grassy Terrain
|-damage|p2a: Hatterene|85/100 brn|[from] brn
|upkeep
|turn|7
|
|t:|1760870858
|switch|p1a: Samurott|Samurott-Hisui, M, shiny|100/100
|move|p2a: Hatterene|Calm Mind|p2a: Hatterene
|-boost|p2a: Hatterene|spa|1
|-boost|p2a: Hatterene|spd|1
|
|-weather|Sandstorm|[upkeep]
|-damage|p1a: Samurott|94/100|[from] Sandstorm
|-damage|p2a: Hatterene|79/100 brn|[from] Sandstorm
|-heal|p1a: Samurott|100/100|[from] Grassy Terrain
|-heal|p2a: Hatterene|85/100 brn|[from] Grassy Terrain
|-damage|p2a: Hatterene|79/100 brn|[from] brn
|upkeep
|turn|8
|
|t:|1760870862
|move|p1a: Samurott|Ceaseless Edge|p2a: Hatterene
|-damage|p2a: Hatterene|62/100 brn
|-sidestart|p2: maractus' no1 fan|Spikes
|move|p2a: Hatterene|Agility|p2a: Hatterene
|-boost|p2a: Hatterene|spe|2
|
|-weather|Sandstorm|[upkeep]
|-damage|p2a: Hatterene|56/100 brn|[from] Sandstorm
|-damage|p1a: Samurott|94/100|[from] Sandstorm
|-heal|p2a: Hatterene|62/100 brn|[from] Grassy Terrain
|-heal|p1a: Samurott|100/100|[from] Grassy Terrain
|-damage|p2a: Hatterene|56/100 brn|[from] brn
|upkeep
|turn|9
|
|t:|1760870874
|switch|p1a: Excadrill|Excadrill, M, shiny|100/100
|move|p2a: Hatterene|Draining Kiss|p1a: Excadrill
|-resisted|p1a: Excadrill
|-damage|p1a: Excadrill|77/100
|-heal|p2a: Hatterene|76/100 brn|[from] drain|[of] p1a: Excadrill
|
|-weather|none
|-heal|p1a: Excadrill|83/100|[from] Grassy Terrain
|-heal|p2a: Hatterene|82/100 brn|[from] Grassy Terrain
|-damage|p2a: Hatterene|76/100 brn|[from] brn
|-sideend|p2: maractus' no1 fan|move: Aurora Veil
|upkeep
|turn|10
|
|t:|1760870887
|-terastallize|p2a: Hatterene|Steel
|move|p2a: Hatterene|Calm Mind|p2a: Hatterene
|-boost|p2a: Hatterene|spa|1
|-boost|p2a: Hatterene|spd|1
|move|p1a: Excadrill|Iron Head|p2a: Hatterene
|-resisted|p2a: Hatterene
|-damage|p2a: Hatterene|59/100 brn
|
|-heal|p2a: Hatterene|65/100 brn|[from] Grassy Terrain
|-heal|p1a: Excadrill|89/100|[from] Grassy Terrain
|-damage|p2a: Hatterene|59/100 brn|[from] brn
|upkeep
|turn|11
|inactive|lvcinda has 120 seconds left.
|
|t:|1760870930
|move|p2a: Hatterene|Stored Power|p1a: Excadrill
|-resisted|p1a: Excadrill
|-damage|p1a: Excadrill|0 fnt
|faint|p1a: Excadrill
|
|-heal|p2a: Hatterene|65/100 brn|[from] Grassy Terrain
|-damage|p2a: Hatterene|59/100 brn|[from] brn
|-fieldend|move: Grassy Terrain
|upkeep
|
|t:|1760870937
|switch|p1a: Garganacl|Garganacl, M, shiny|100/100
|turn|12
|
|t:|1760870942
|move|p2a: Hatterene|Stored Power|p1a: Garganacl
|-damage|p1a: Garganacl|5/100
|move|p1a: Garganacl|Salt Cure|p2a: Hatterene
|-resisted|p2a: Hatterene
|-damage|p2a: Hatterene|54/100 brn
|-start|p2a: Hatterene|Salt Cure
|
|-heal|p1a: Garganacl|12/100|[from] item: Leftovers
|-damage|p2a: Hatterene|48/100 brn|[from] brn
|-damage|p2a: Hatterene|23/100 brn|[from] Salt Cure
|upkeep
|turn|13
|
|t:|1760870948
|move|p1a: Garganacl|Protect|p1a: Garganacl
|-singleturn|p1a: Garganacl|Protect
|move|p2a: Hatterene|Draining Kiss|p1a: Garganacl
|-activate|p1a: Garganacl|move: Protect
|
|-heal|p1a: Garganacl|18/100|[from] item: Leftovers
|-damage|p2a: Hatterene|17/100 brn|[from] brn
|-damage|p2a: Hatterene|0 fnt|[from] Salt Cure
|faint|p2a: Hatterene
|upkeep
|
|t:|1760870957
|switch|p2a: Rillaboom|Rillaboom, M|100/100
|-damage|p2a: Rillaboom|88/100|[from] Spikes
|-fieldstart|move: Grassy Terrain|[from] ability: Grassy Surge|[of] p2a: Rillaboom
|turn|14
|
|t:|1760870970
|switch|p1a: Hydrapple|Hydrapple, M, shiny|100/100
|move|p2a: Rillaboom|Knock Off|p1a: Hydrapple
|-damage|p1a: Hydrapple|72/100
|-enditem|p1a: Hydrapple|Heavy-Duty Boots|[from] move: Knock Off|[of] p2a: Rillaboom
|
|-heal|p2a: Rillaboom|94/100|[from] Grassy Terrain
|-heal|p1a: Hydrapple|78/100|[from] Grassy Terrain
|upkeep
|turn|15
|
|t:|1760870975
|move|p2a: Rillaboom|U-turn|p1a: Hydrapple
|-supereffective|p1a: Hydrapple
|-damage|p1a: Hydrapple|40/100
|
|t:|1760870988
|switch|p2a: Hawlucha|Hawlucha, M|100/100|[from] U-turn
|-enditem|p2a: Hawlucha|Grassy Seed
|-boost|p2a: Hawlucha|def|1|[from] item: Grassy Seed
|move|p1a: Hydrapple|Fickle Beam|p2a: Hawlucha|[anim] Fickle Beam All Out
|-activate|p1a: Hydrapple|move: Fickle Beam
|-damage|p2a: Hawlucha|0 fnt
|faint|p2a: Hawlucha
|
|-heal|p1a: Hydrapple|46/100|[from] Grassy Terrain
|upkeep
|
|t:|1760870992
|switch|p2a: Great Tusk|Great Tusk|100/100
|-damage|p2a: Great Tusk|88/100|[from] Spikes
|turn|16
|
|t:|1760871004
|switch|p1a: Hippowdon|Hippowdon, M, shiny|100/100
|-weather|Sandstorm|[from] ability: Sand Stream|[of] p1a: Hippowdon
|move|p2a: Great Tusk|Ice Spinner|p1a: Hippowdon
|-supereffective|p1a: Hippowdon
|-damage|p1a: Hippowdon|77/100
|-damage|p2a: Great Tusk|71/100|[from] item: Rocky Helmet|[of] p1a: Hippowdon
|-fieldend|move: Grassy Terrain
|
|-weather|Sandstorm|[upkeep]
|upkeep
|turn|17
|
|t:|1760871010
|move|p2a: Great Tusk|Bulk Up|p2a: Great Tusk
|-boost|p2a: Great Tusk|atk|1
|-boost|p2a: Great Tusk|def|1
|move|p1a: Hippowdon|Scorching Sands|p2a: Great Tusk
|-damage|p2a: Great Tusk|47/100
|-status|p2a: Great Tusk|brn
|
|-weather|Sandstorm|[upkeep]
|-damage|p2a: Great Tusk|41/100 brn|[from] brn
|upkeep
|turn|18
|-message|maractus' no1 fan forfeited.
|
|win|lvcinda
|raw|lvcinda's rating: 1459 &rarr; <strong>1476</strong><br />(+17 for winning)
|raw|maractus&apos; no1 fan's rating: 1405 &rarr; <strong>1388</strong><br />(-17 for losing)
|l|☆maractus' no1 fan
|player|p2|
|l|☆lvcinda
|player|p1|
