|j|☆tza803
|j|☆ToastSpirit
|t:|1760757534
|gametype|singles
|player|p1|tza803|265|1462
|player|p2|ToastSpirit|miku-ghost|1509
|gen|9
|tier|[Gen 9] OU
|rated|
|rule|HP Percentage Mod: HP is shown in percentages
|rule|Endless Battle Clause: Forcing endless battles is banned
|rule|Species Clause: Limit one of each Pokémon
|rule|OHKO Clause: OHKO moves are banned
|rule|Evasion Items Clause: Evasion items are banned
|rule|Evasion Moves Clause: Evasion moves are banned
|rule|Evasion Abilities Clause: Evasion abilities are banned
|rule|Sleep Moves Clause: Sleep-inducing moves are banned
|clearpoke
|poke|p1|Zamazenta-*|
|poke|p1|Dragonite, M|
|poke|p1|Ogerpon-Wellspring, F|
|poke|p1|Walking Wake|
|poke|p1|Cinderace, F|
|poke|p1|Great Tusk|
|poke|p2|Iron Boulder|
|poke|p2|Ogerpon-Wellspring, F|
|poke|p2|Glimmora, M|
|poke|p2|Kingambit, M|
|poke|p2|Dragapult, F|
|poke|p2|Iron Valiant|
|teampreview
|inactive|Battle timer is ON: inactive players will automatically lose when time's up. (requested by tza803)
|c|☆ToastSpirit|meow
|
|t:|1760757550
|teamsize|p1|6
|teamsize|p2|6
|start
|switch|p1a: Walking Wake|Walking Wake|100/100
|switch|p2a: :)|Dragapult, F|100/100
|turn|1
|c|☆ToastSpirit|do u have scarf
|c|☆ToastSpirit|owo
|
|t:|1760757576
|-end|p1a: Walking Wake|Protosynthesis|[silent]
|switch|p1a: Cinderace|Cinderace, F|100/100
|move|p2a: :)|Draco Meteor|p1a: Cinderace
|-damage|p1a: Cinderace|23/100
|-unboost|p2a: :)|spa|2
|
|upkeep
|turn|2
|
|t:|1760757595
|move|p1a: Cinderace|Sucker Punch|p2a: :)
|-start|p1a: Cinderace|typechange|Dark|[from] ability: Libero
|-supereffective|p2a: :)
|-damage|p2a: :)|2/100
|move|p2a: :)|Shadow Ball|p1a: Cinderace
|-resisted|p1a: Cinderace
|-damage|p1a: Cinderace|10/100
|
|upkeep
|turn|3
|inactive|tza803 has 120 seconds left.
|
|t:|1760757619
|switch|p2a: poisn|Glimmora, M|100/100
|move|p1a: Cinderace|Sucker Punch||[still]
|-fail|p1a: Cinderace
|
|upkeep
|turn|4
|inactive|tza803 has 120 seconds left.
|
|t:|1760757639
|switch|p1a: Great Tusk|Great Tusk|100/100
|move|p2a: poisn|Mortal Spin|p1a: Great Tusk
|-resisted|p1a: Great Tusk
|-damage|p1a: Great Tusk|99/100
|-status|p1a: Great Tusk|psn
|
|-damage|p1a: Great Tusk|86/100 psn|[from] psn
|upkeep
|turn|5
|inactive|tza803 has 120 seconds left.
|
|t:|1760757654
|switch|p2a: watr|Ogerpon-Wellspring, F|100/100
|move|p1a: Great Tusk|Rapid Spin|p2a: watr
|-damage|p2a: watr|76/100
|-boost|p1a: Great Tusk|spe|1
|
|-damage|p1a: Great Tusk|74/100 psn|[from] psn
|upkeep
|turn|6
|
|t:|1760757678
|-end|p1a: Great Tusk|Protosynthesis|[silent]
|switch|p1a: Zamazenta|Zamazenta|100/100
|-ability|p1a: Zamazenta|Dauntless Shield|boost
|-boost|p1a: Zamazenta|def|1
|move|p2a: watr|Horn Leech|p1a: Zamazenta
|-damage|p1a: Zamazenta|82/100
|-heal|p2a: watr|88/100|[from] drain|[of] p1a: Zamazenta
|
|-heal|p1a: Zamazenta|88/100|[from] item: Leftovers
|upkeep
|turn|7
|
|t:|1760757687
|switch|p2a: :)|Dragapult, F|2/100
|move|p1a: Zamazenta|Substitute|p1a: Zamazenta
|-start|p1a: Zamazenta|Substitute
|-damage|p1a: Zamazenta|63/100
|
|-heal|p1a: Zamazenta|69/100|[from] item: Leftovers
|upkeep
|turn|8
|
|t:|1760757692
|move|p2a: :)|Shadow Ball|p1a: Zamazenta
|-damage|p1a: Zamazenta|41/100
|move|p1a: Zamazenta|Roar|p2a: :)
|drag|p2a: poisn|Glimmora, M|100/100
|
|-heal|p1a: Zamazenta|47/100|[from] item: Leftovers
|upkeep
|turn|9
|
|t:|1760757698
|move|p1a: Zamazenta|Iron Defense|p1a: Zamazenta
|-boost|p1a: Zamazenta|def|2
|move|p2a: poisn|Sludge Wave|p1a: Zamazenta
|-end|p1a: Zamazenta|Substitute
|
|-heal|p1a: Zamazenta|54/100|[from] item: Leftovers
|upkeep
|turn|10
|
|t:|1760757707
|move|p1a: Zamazenta|Body Press|p2a: poisn
|-enditem|p2a: poisn|Focus Sash
|-damage|p2a: poisn|1/100
|-activate|p2a: poisn|ability: Toxic Debris
|-sidestart|p1: tza803|move: Toxic Spikes
|move|p2a: poisn|Sludge Wave|p1a: Zamazenta
|-damage|p1a: Zamazenta|18/100
|
|-heal|p1a: Zamazenta|24/100|[from] item: Leftovers
|upkeep
|turn|11
|
|t:|1760757719
|switch|p1a: Great Tusk|Great Tusk|74/100 psn
|switch|p2a: :)|Dragapult, F|2/100
|
|-damage|p1a: Great Tusk|61/100 psn|[from] psn
|upkeep
|turn|12
|
|t:|1760757726
|move|p2a: :)|Draco Meteor|p1a: Great Tusk
|-damage|p1a: Great Tusk|0 fnt
|-unboost|p2a: :)|spa|2
|faint|p1a: Great Tusk
|-end|p1a: Great Tusk|Protosynthesis|[silent]
|
|upkeep
|
|t:|1760757733
|switch|p1a: Cinderace|Cinderace, F|10/100
|turn|13
|
|t:|1760757746
|switch|p2a: poisn|Glimmora, M|1/100
|move|p1a: Cinderace|Sucker Punch||[still]
|-fail|p1a: Cinderace
|
|upkeep
|turn|14
|
|t:|1760757758
|move|p1a: Cinderace|Pyro Ball|p2a: poisn
|-resisted|p2a: poisn
|-damage|p2a: poisn|0 fnt
|-activate|p2a: poisn|ability: Toxic Debris
|-sidestart|p1: tza803|move: Toxic Spikes
|faint|p2a: poisn
|
|upkeep
|
|t:|1760757769
|switch|p2a: sharp!|Kingambit, M|100/100
|-activate|p2a: sharp!|ability: Supreme Overlord
|-start|p2a: sharp!|fallen1|[silent]
|turn|15
|
|t:|1760757775
|move|p1a: Cinderace|Court Change|p1a: Cinderace
|-start|p1a: Cinderace|typechange|Normal|[from] ability: Libero
|-swapsideconditions
|-activate|p1a: Cinderace|move: Court Change
|move|p2a: sharp!|Swords Dance|p2a: sharp!
|-boost|p2a: sharp!|atk|2
|
|upkeep
|turn|16
|
|t:|1760757785
|move|p2a: sharp!|Sucker Punch|p1a: Cinderace
|-damage|p1a: Cinderace|0 fnt
|faint|p1a: Cinderace
|
|upkeep
|
|t:|1760757787
|switch|p1a: Dragonite|Dragonite, M|100/100
|turn|17
|
|t:|1760757793
|move|p2a: sharp!|Iron Head|p1a: Dragonite
|-damage|p1a: Dragonite|56/100
|move|p1a: Dragonite|Dragon Tail|p2a: sharp!
|-resisted|p2a: sharp!
|-damage|p2a: sharp!|89/100
|-end|p2a: sharp!|fallen1|[silent]
|drag|p2a: :3|Iron Valiant|100/100
|-status|p2a: :3|tox
|-enditem|p2a: :3|Booster Energy
|-activate|p2a: :3|ability: Quark Drive|[fromitem]
|-start|p2a: :3|quarkdrivespe
|
|-damage|p2a: :3|94/100 tox|[from] psn
|upkeep
|turn|18
|
|t:|1760757816
|switch|p1a: Zamazenta|Zamazenta|24/100
|move|p2a: :3|Moonblast|p1a: Zamazenta
|-supereffective|p1a: Zamazenta
|-damage|p1a: Zamazenta|0 fnt
|faint|p1a: Zamazenta
|
|-damage|p2a: :3|82/100 tox|[from] psn
|upkeep
|inactive|tza803 has 120 seconds left.
|
|t:|1760757840
|switch|p1a: Dragonite|Dragonite, M|56/100
|turn|19
|
|t:|1760757845
|-terastallize|p1a: Dragonite|Normal
|move|p1a: Dragonite|Extreme Speed|p2a: :3
|-damage|p2a: :3|25/100 tox
|move|p2a: :3|Moonblast|p1a: Dragonite
|-damage|p1a: Dragonite|16/100
|-unboost|p1a: Dragonite|spa|1
|
|-damage|p2a: :3|7/100 tox|[from] psn
|upkeep
|turn|20
|inactive|tza803 has 120 seconds left.
|
|t:|1760757865
|-end|p2a: :3|Quark Drive|[silent]
|switch|p2a: sharp!|Kingambit, M|89/100
|-activate|p2a: sharp!|ability: Supreme Overlord
|-start|p2a: sharp!|fallen1|[silent]
|move|p1a: Dragonite|Extreme Speed|p2a: sharp!
|-resisted|p2a: sharp!
|-damage|p2a: sharp!|71/100
|
|-heal|p2a: sharp!|77/100|[from] item: Leftovers
|upkeep
|turn|21
|inactive|tza803 has 120 seconds left.
|
|t:|1760757879
|switch|p1a: Walking Wake|Walking Wake|100/100
|move|p2a: sharp!|Swords Dance|p2a: sharp!
|-boost|p2a: sharp!|atk|2
|
|-heal|p2a: sharp!|83/100|[from] item: Leftovers
|upkeep
|turn|22
|inactive|tza803 has 120 seconds left.
|
|t:|1760757888
|move|p1a: Walking Wake|Aqua Jet|p2a: sharp!
|-damage|p2a: sharp!|75/100
|move|p2a: sharp!|Sucker Punch||[still]
|-fail|p2a: sharp!
|
|-heal|p2a: sharp!|81/100|[from] item: Leftovers
|upkeep
|turn|23
|inactive|tza803 has 120 seconds left.
|
|t:|1760757899
|move|p1a: Walking Wake|Aqua Jet|p2a: sharp!
|-damage|p2a: sharp!|73/100
|move|p2a: sharp!|Low Kick|p1a: Walking Wake
|-damage|p1a: Walking Wake|0 fnt
|faint|p1a: Walking Wake
|-end|p1a: Walking Wake|Protosynthesis|[silent]
|
|-heal|p2a: sharp!|79/100|[from] item: Leftovers
|upkeep
|inactive|tza803 has 120 seconds left.
|
|t:|1760757905
|switch|p1a: Ogerpon|Ogerpon-Wellspring, F|100/100
|turn|24
|
|t:|1760757916
|move|p1a: Ogerpon|Swords Dance|p1a: Ogerpon
|-boost|p1a: Ogerpon|atk|2
|move|p2a: sharp!|Low Kick|p1a: Ogerpon
|-damage|p1a: Ogerpon|36/100
|
|-heal|p2a: sharp!|86/100|[from] item: Leftovers
|upkeep
|turn|25
|
|t:|1760757922
|move|p2a: sharp!|Sucker Punch||[still]
|-fail|p2a: sharp!
|move|p1a: Ogerpon|Swords Dance|p1a: Ogerpon
|-boost|p1a: Ogerpon|atk|2
|
|-heal|p2a: sharp!|92/100|[from] item: Leftovers
|upkeep
|turn|26
|
|t:|1760757932
|move|p1a: Ogerpon|Horn Leech|p2a: sharp!
|-resisted|p2a: sharp!
|-damage|p2a: sharp!|45/100
|-heal|p1a: Ogerpon|68/100|[from] drain|[of] p2a: sharp!
|move|p2a: sharp!|Low Kick|p1a: Ogerpon
|-damage|p1a: Ogerpon|5/100
|
|-heal|p2a: sharp!|51/100|[from] item: Leftovers
|upkeep
|turn|27
|
|t:|1760757946
|move|p2a: sharp!|Sucker Punch|p1a: Ogerpon
|-damage|p1a: Ogerpon|0 fnt
|faint|p1a: Ogerpon
|
|-heal|p2a: sharp!|57/100|[from] item: Leftovers
|upkeep
|
|t:|1760757957
|switch|p1a: Dragonite|Dragonite, M, tera:Normal|16/100
|turn|28
|
|t:|1760757984
|move|p1a: Dragonite|Roost|p1a: Dragonite
|-heal|p1a: Dragonite|66/100
|move|p2a: sharp!|Low Kick|p1a: Dragonite
|-supereffective|p1a: Dragonite
|-damage|p1a: Dragonite|0 fnt
|faint|p1a: Dragonite
|
|win|ToastSpirit
|raw|tza803's rating: 1462 &rarr; <strong>1445</strong><br />(-17 for losing)
|raw|ToastSpirit's rating: 1509 &rarr; <strong>1526</strong><br />(+17 for winning)
|c|☆ToastSpirit|gg
