|j|☆SpongeGar & Patar
|j|☆can i get a cookie
|t:|1760828033
|gametype|singles
|player|p1|SpongeGar & Patar|101|1759
|player|p2|can i get a cookie|skyla|1735
|gen|9
|tier|[Gen 9] OU
|rated|
|rule|HP Percentage Mod: HP is shown in percentages
|rule|Endless Battle Clause: Forcing endless battles is banned
|rule|Species Clause: Limit one of each Pokémon
|rule|OHKO Clause: OHKO moves are banned
|rule|Evasion Items Clause: Evasion items are banned
|rule|Evasion Moves Clause: Evasion moves are banned
|rule|Evasion Abilities Clause: Evasion abilities are banned
|rule|Sleep Moves Clause: Sleep-inducing moves are banned
|clearpoke
|poke|p1|Kyurem|
|poke|p1|Corviknight, F|
|poke|p1|Ting-Lu|
|poke|p1|Dondozo, F|
|poke|p1|Slowking-Galar, L99, F|
|poke|p1|Cinderace, M|
|poke|p2|Landorus-Therian, M|
|poke|p2|Cinderace, F|
|poke|p2|Great Tusk|
|poke|p2|Clodsire, M|
|poke|p2|Armarouge, M|
|poke|p2|Bellibolt, M|
|teampreview
|inactive|Battle timer is ON: inactive players will automatically lose when time's up. (requested by can i get a cookie)
|j| Ctannn
|j| PFL8
|inactive|SpongeGar & Patar has 120 seconds left.
|
|t:|1760828083
|teamsize|p1|6
|teamsize|p2|6
|start
|switch|p1a: Kyurem|Kyurem|100/100
|switch|p2a: Cinderace|Cinderace, F|100/100
|-ability|p1a: Kyurem|Pressure
|turn|1
|inactive|SpongeGar & Patar also wants the timer to be on.
|inactive|SpongeGar & Patar has 120 seconds left.
|
|t:|1760828132
|move|p2a: Cinderace|High Jump Kick|p1a: Kyurem
|-start|p2a: Cinderace|typechange|Fighting|[from] ability: Libero
|-supereffective|p1a: Kyurem
|-damage|p1a: Kyurem|0 fnt
|faint|p1a: Kyurem
|
|upkeep
|inactive|SpongeGar & Patar has 90 seconds left.
|
|t:|1760828181
|switch|p1a: Slowking|Slowking-Galar, L99, F|100/100
|turn|2
|inactive|SpongeGar & Patar has 60 seconds left.
|inactive|SpongeGar & Patar has 30 seconds left.
|
|t:|1760828230
|switch|p2a: Clodsire|Clodsire, M|100/100
|move|p1a: Slowking|Future Sight|p2a: Clodsire
|-start|p1a: Slowking|move: Future Sight
|
|upkeep
|turn|3
|inactive|can i get a cookie has 120 seconds left.
|
|t:|1760828269
|move|p2a: Clodsire|Stealth Rock|p1a: Slowking
|-sidestart|p1: SpongeGar & Patar|move: Stealth Rock
|-prepare|p1a: Slowking|Chilly Reception|[premajor]
|move|p1a: Slowking|Chilly Reception|p1a: Slowking
|-weather|Snowscape
|
|t:|1760828279
|switch|p1a: Cinderace|Cinderace, M|100/100|[from] Chilly Reception
|
|-weather|Snowscape|[upkeep]
|upkeep
|turn|4
|
|t:|1760828288
|move|p1a: Cinderace|Court Change|p1a: Cinderace
|-swapsideconditions
|-activate|p1a: Cinderace|move: Court Change
|move|p2a: Clodsire|Stealth Rock|p1a: Cinderace
|-sidestart|p1: SpongeGar & Patar|move: Stealth Rock
|
|-weather|Snowscape|[upkeep]
|-end|p2a: Clodsire|move: Future Sight
|-supereffective|p2a: Clodsire
|-damage|p2a: Clodsire|55/100
|-heal|p2a: Clodsire|61/100|[from] item: Leftovers
|upkeep
|turn|5
|
|t:|1760828298
|move|p1a: Cinderace|Pyro Ball|p2a: Clodsire
|-crit|p2a: Clodsire
|-damage|p2a: Clodsire|0 fnt
|faint|p2a: Clodsire
|
|-weather|Snowscape|[upkeep]
|upkeep
|
|t:|1760828300
|switch|p2a: Great Tusk|Great Tusk|100/100
|-damage|p2a: Great Tusk|98/100|[from] Stealth Rock
|-enditem|p2a: Great Tusk|Booster Energy
|-activate|p2a: Great Tusk|ability: Protosynthesis|[fromitem]
|-start|p2a: Great Tusk|protosynthesisatk
|turn|6
|
|t:|1760828309
|move|p1a: Cinderace|U-turn|p2a: Great Tusk
|-resisted|p2a: Great Tusk
|-damage|p2a: Great Tusk|90/100
|
|t:|1760828319
|switch|p1a: Corviknight|Corviknight, F|100/100|[from] U-turn
|-damage|p1a: Corviknight|88/100|[from] Stealth Rock
|-ability|p1a: Corviknight|Pressure
|move|p2a: Great Tusk|Rapid Spin|p1a: Corviknight
|-resisted|p1a: Corviknight
|-damage|p1a: Corviknight|80/100
|-boost|p2a: Great Tusk|spe|1
|-damage|p2a: Great Tusk|74/100|[from] item: Rocky Helmet|[of] p1a: Corviknight
|-sideend|p2: can i get a cookie|Stealth Rock|[from] move: Rapid Spin|[of] p2a: Great Tusk
|
|-weather|Snowscape|[upkeep]
|upkeep
|turn|7
|inactive|SpongeGar & Patar has 60 seconds left.
|
|t:|1760828337
|move|p2a: Great Tusk|Close Combat|p1a: Corviknight
|-damage|p1a: Corviknight|29/100
|-unboost|p2a: Great Tusk|def|1
|-unboost|p2a: Great Tusk|spd|1
|-damage|p2a: Great Tusk|57/100|[from] item: Rocky Helmet|[of] p1a: Corviknight
|move|p1a: Corviknight|Defog|p2a: Great Tusk
|-unboost|p2a: Great Tusk|evasion|1
|-sideend|p1: SpongeGar & Patar|Stealth Rock|[from] move: Defog|[of] p1a: Corviknight
|
|-weather|none
|upkeep
|turn|8
|
|t:|1760828346
|switch|p1a: Dondozo|Dondozo, F|100/100
|move|p2a: Great Tusk|Close Combat|p1a: Dondozo
|-damage|p1a: Dondozo|60/100
|-unboost|p2a: Great Tusk|def|1
|-unboost|p2a: Great Tusk|spd|1
|
|-heal|p1a: Dondozo|66/100|[from] item: Leftovers
|upkeep
|turn|9
|
|t:|1760828356
|move|p2a: Great Tusk|Headlong Rush|p1a: Dondozo
|-damage|p1a: Dondozo|27/100
|-unboost|p2a: Great Tusk|def|1
|-unboost|p2a: Great Tusk|spd|1
|move|p1a: Dondozo|Curse|p1a: Dondozo
|-unboost|p1a: Dondozo|spe|1
|-boost|p1a: Dondozo|atk|1
|-boost|p1a: Dondozo|def|1
|
|-heal|p1a: Dondozo|33/100|[from] item: Leftovers
|upkeep
|turn|10
|l| Ctannn
|
|t:|1760828382
|-end|p2a: Great Tusk|Protosynthesis|[silent]
|switch|p2a: Bellibolt|Bellibolt, M|100/100
|move|p1a: Dondozo|Rest|p1a: Dondozo
|-status|p1a: Dondozo|slp|[from] move: Rest
|-heal|p1a: Dondozo|100/100 slp|[silent]
|
|upkeep
|turn|11
|j| Ctannn
|
|t:|1760828392
|switch|p1a: Ting-Lu|Ting-Lu|100/100
|-ability|p1a: Ting-Lu|Vessel of Ruin
|move|p2a: Bellibolt|Thunderbolt|p1a: Ting-Lu
|-immune|p1a: Ting-Lu
|
|upkeep
|turn|12
|
|t:|1760828401
|switch|p2a: Landorus|Landorus-Therian, M|100/100
|-ability|p2a: Landorus|Intimidate|boost
|-unboost|p1a: Ting-Lu|atk|1
|move|p1a: Ting-Lu|Earthquake|p2a: Landorus
|-immune|p2a: Landorus
|
|upkeep
|turn|13
|inactive|SpongeGar & Patar has 90 seconds left.
|
|t:|1760828411
|switch|p1a: Corviknight|Corviknight, F|29/100
|-ability|p1a: Corviknight|Pressure
|move|p2a: Landorus|U-turn|p1a: Corviknight
|-resisted|p1a: Corviknight
|-damage|p1a: Corviknight|22/100
|-damage|p2a: Landorus|84/100|[from] item: Rocky Helmet|[of] p1a: Corviknight
|
|t:|1760828421
|switch|p2a: Great Tusk|Great Tusk|57/100|[from] U-turn
|
|upkeep
|turn|14
|
|t:|1760828431
|switch|p1a: Slowking|Slowking-Galar, L99, F|100/100
|move|p2a: Great Tusk|Close Combat|p1a: Slowking
|-resisted|p1a: Slowking
|-damage|p1a: Slowking|83/100
|-unboost|p2a: Great Tusk|def|1
|-unboost|p2a: Great Tusk|spd|1
|
|upkeep
|turn|15
|
|t:|1760828442
|switch|p1a: Corviknight|Corviknight, F|22/100
|-ability|p1a: Corviknight|Pressure
|move|p2a: Great Tusk|Headlong Rush|p1a: Corviknight
|-immune|p1a: Corviknight
|
|upkeep
|turn|16
|
|t:|1760828451
|switch|p1a: Slowking|Slowking-Galar, L99, F|100/100
|move|p2a: Great Tusk|Close Combat|p1a: Slowking
|-resisted|p1a: Slowking
|-damage|p1a: Slowking|83/100
|-unboost|p2a: Great Tusk|def|1
|-unboost|p2a: Great Tusk|spd|1
|
|upkeep
|turn|17
|
|t:|1760828461
|switch|p1a: Corviknight|Corviknight, F|22/100
|-ability|p1a: Corviknight|Pressure
|move|p2a: Great Tusk|Headlong Rush|p1a: Corviknight
|-immune|p1a: Corviknight
|
|upkeep
|turn|18
|inactive|SpongeGar & Patar has 120 seconds left.
|
|t:|1760828470
|switch|p1a: Slowking|Slowking-Galar, L99, F|100/100
|move|p2a: Great Tusk|Close Combat|p1a: Slowking
|-resisted|p1a: Slowking
|-crit|p1a: Slowking
|-damage|p1a: Slowking|75/100
|-unboost|p2a: Great Tusk|def|1
|-unboost|p2a: Great Tusk|spd|1
|
|upkeep
|turn|19
|
|t:|1760828480
|-end|p2a: Great Tusk|Protosynthesis|[silent]
|switch|p2a: Cinderace|Cinderace, F|100/100
|switch|p1a: Corviknight|Corviknight, F|22/100
|-ability|p1a: Corviknight|Pressure
|
|upkeep
|turn|20
|inactive|SpongeGar & Patar has 120 seconds left.
|inactive|SpongeGar & Patar has 90 seconds left.
|
|t:|1760828529
|switch|p1a: Dondozo|Dondozo, F|100/100 slp
|move|p2a: Cinderace|High Jump Kick|p1a: Dondozo
|-start|p2a: Cinderace|typechange|Fighting|[from] ability: Libero
|-damage|p1a: Dondozo|59/100 slp
|
|-heal|p1a: Dondozo|66/100 slp|[from] item: Leftovers
|upkeep
|turn|21
|inactive|SpongeGar & Patar has 90 seconds left.
|inactive|SpongeGar & Patar has 60 seconds left.
|
|t:|1760828578
|switch|p2a: Landorus|Landorus-Therian, M|84/100
|-ability|p2a: Landorus|Intimidate|boost
|-unboost|p1a: Dondozo|atk|1
|switch|p1a: Slowking|Slowking-Galar, L99, F|100/100
|
|upkeep
|turn|22
|inactive|SpongeGar & Patar has 60 seconds left.
|inactive|SpongeGar & Patar has 30 seconds left.
|inactive|SpongeGar & Patar has 20 seconds left.
|
|t:|1760828627
|switch|p1a: Corviknight|Corviknight, F|22/100
|-ability|p1a: Corviknight|Pressure
|-terastallize|p2a: Landorus|Flying
|move|p2a: Landorus|Tera Blast|p1a: Corviknight|[anim] Tera Blast Flying
|-resisted|p1a: Corviknight
|-damage|p1a: Corviknight|0 fnt
|faint|p1a: Corviknight
|
|upkeep
|inactive|SpongeGar & Patar has 25 seconds left this turn.
|l| PFL8
|inactive|SpongeGar & Patar has 20 seconds left.
|
|t:|1760828637
|switch|p1a: Cinderace|Cinderace, M|100/100
|turn|23
|inactive|SpongeGar & Patar has 30 seconds left this turn.
|
|t:|1760828650
|switch|p2a: Bellibolt|Bellibolt, M|100/100
|move|p1a: Cinderace|Will-O-Wisp|p2a: Bellibolt
|-status|p2a: Bellibolt|brn
|
|-damage|p2a: Bellibolt|94/100 brn|[from] brn
|upkeep
|turn|24
|inactive|SpongeGar & Patar has 30 seconds left.
|
|t:|1760828659
|move|p1a: Cinderace|U-turn|p2a: Bellibolt
|-damage|p2a: Bellibolt|77/100 brn
|-start|p2a: Bellibolt|Charge|U-turn|[from] ability: Electromorphosis
|inactive|SpongeGar & Patar has 30 seconds left.
|
|t:|1760828670
|switch|p1a: Ting-Lu|Ting-Lu|100/100|[from] U-turn
|-ability|p1a: Ting-Lu|Vessel of Ruin
|move|p2a: Bellibolt|Soak|p1a: Ting-Lu
|-start|p1a: Ting-Lu|typechange|Water
|
|-heal|p2a: Bellibolt|83/100 brn|[from] item: Leftovers
|-damage|p2a: Bellibolt|77/100 brn|[from] brn
|upkeep
|turn|25
|inactive|SpongeGar & Patar has 30 seconds left.
|
|t:|1760828680
|switch|p1a: Slowking|Slowking-Galar, L99, F|100/100
|move|p2a: Bellibolt|Thunder Wave|p1a: Slowking
|-status|p1a: Slowking|par
|-end|p2a: Bellibolt|Charge|[silent]
|
|-heal|p2a: Bellibolt|83/100 brn|[from] item: Leftovers
|-damage|p2a: Bellibolt|77/100 brn|[from] brn
|upkeep
|turn|26
|
|t:|1760828689
|move|p2a: Bellibolt|Soak|p1a: Slowking
|-start|p1a: Slowking|typechange|Water
|cant|p1a: Slowking|par
|
|-heal|p2a: Bellibolt|83/100 brn|[from] item: Leftovers
|-damage|p2a: Bellibolt|77/100 brn|[from] brn
|upkeep
|turn|27
|
|t:|1760828698
|move|p2a: Bellibolt|Thunderbolt|p1a: Slowking
|-supereffective|p1a: Slowking
|-damage|p1a: Slowking|51/100 par
|move|p1a: Slowking|Future Sight|p2a: Bellibolt
|-start|p1a: Slowking|move: Future Sight
|
|-heal|p2a: Bellibolt|83/100 brn|[from] item: Leftovers
|-damage|p2a: Bellibolt|77/100 brn|[from] brn
|upkeep
|turn|28
|
|t:|1760828709
|switch|p2a: Cinderace|Cinderace, F|100/100
|switch|p1a: Ting-Lu|Ting-Lu|100/100
|-ability|p1a: Ting-Lu|Vessel of Ruin
|
|upkeep
|turn|29
|
|t:|1760828718
|switch|p1a: Cinderace|Cinderace, M|100/100
|move|p2a: Cinderace|U-turn|p1a: Cinderace
|-start|p2a: Cinderace|typechange|Bug|[from] ability: Libero
|-resisted|p1a: Cinderace
|-damage|p1a: Cinderace|73/100
|
|t:|1760828723
|switch|p2a: Armarouge|Armarouge, M|100/100|[from] U-turn
|
|-end|p2a: Armarouge|move: Future Sight
|-resisted|p2a: Armarouge
|-damage|p2a: Armarouge|70/100
|upkeep
|turn|30
|
|t:|1760828734
|move|p1a: Cinderace|U-turn|p2a: Armarouge
|-damage|p2a: Armarouge|51/100
|-ability|p2a: Armarouge|Weak Armor|boost
|-unboost|p2a: Armarouge|def|1
|-boost|p2a: Armarouge|spe|2
|
|t:|1760828745
|switch|p1a: Slowking|Slowking-Galar, L99, F|84/100 par|[from] U-turn
|move|p2a: Armarouge|Armor Cannon|p1a: Slowking
|-damage|p1a: Slowking|48/100 par
|-unboost|p2a: Armarouge|def|1
|-unboost|p2a: Armarouge|spd|1
|
|upkeep
|turn|31
|
|t:|1760828755
|move|p2a: Armarouge|Armor Cannon|p1a: Slowking
|-damage|p1a: Slowking|9/100 par
|-unboost|p2a: Armarouge|def|1
|-unboost|p2a: Armarouge|spd|1
|cant|p1a: Slowking|par
|
|upkeep
|turn|32
|
|t:|1760828765
|switch|p2a: Great Tusk|Great Tusk|57/100
|switch|p1a: Ting-Lu|Ting-Lu|100/100
|-ability|p1a: Ting-Lu|Vessel of Ruin
|
|upkeep
|turn|33
|inactive|SpongeGar & Patar has 60 seconds left.
|
|t:|1760828775
|switch|p1a: Cinderace|Cinderace, M|73/100
|move|p2a: Great Tusk|Ice Spinner|p1a: Cinderace
|-resisted|p1a: Cinderace
|-damage|p1a: Cinderace|54/100
|
|upkeep
|turn|34
|
|t:|1760828785
|move|p1a: Cinderace|U-turn|p2a: Great Tusk
|-resisted|p2a: Great Tusk
|-damage|p2a: Great Tusk|50/100
|
|t:|1760828794
|switch|p1a: Dondozo|Dondozo, F|66/100 slp|[from] U-turn
|move|p2a: Great Tusk|Headlong Rush|p1a: Dondozo
|-damage|p1a: Dondozo|33/100 slp
|-unboost|p2a: Great Tusk|def|1
|-unboost|p2a: Great Tusk|spd|1
|
|-heal|p1a: Dondozo|39/100 slp|[from] item: Leftovers
|upkeep
|turn|35
|
|t:|1760828804
|move|p2a: Great Tusk|Headlong Rush|p1a: Dondozo
|-damage|p1a: Dondozo|11/100 slp
|-unboost|p2a: Great Tusk|def|1
|-unboost|p2a: Great Tusk|spd|1
|cant|p1a: Dondozo|slp
|
|-heal|p1a: Dondozo|17/100 slp|[from] item: Leftovers
|upkeep
|turn|36
|
|t:|1760828813
|switch|p1a: Slowking|Slowking-Galar, L99, F|43/100 par
|move|p2a: Great Tusk|Close Combat|p1a: Slowking
|-resisted|p1a: Slowking
|-damage|p1a: Slowking|25/100 par
|-unboost|p2a: Great Tusk|def|1
|-unboost|p2a: Great Tusk|spd|1
|
|upkeep
|turn|37
|l| Ctannn
|
|t:|1760828823
|switch|p1a: Dondozo|Dondozo, F|17/100 slp
|move|p2a: Great Tusk|Ice Spinner|p1a: Dondozo
|-resisted|p1a: Dondozo
|-damage|p1a: Dondozo|10/100 slp
|
|-heal|p1a: Dondozo|16/100 slp|[from] item: Leftovers
|upkeep
|turn|38
|j| LT123VB 87
|
|t:|1760828832
|switch|p1a: Slowking|Slowking-Galar, L99, F|59/100 par
|move|p2a: Great Tusk|Headlong Rush|p1a: Slowking
|-supereffective|p1a: Slowking
|-damage|p1a: Slowking|0 fnt
|-unboost|p2a: Great Tusk|def|1
|-unboost|p2a: Great Tusk|spd|1
|faint|p1a: Slowking
|
|upkeep
|
|t:|1760828842
|switch|p1a: Cinderace|Cinderace, M|54/100
|turn|39
|inactive|SpongeGar & Patar has 90 seconds left.
|j| crowv2
|
|t:|1760828851
|-end|p2a: Great Tusk|Protosynthesis|[silent]
|switch|p2a: Armarouge|Armarouge, M|51/100
|move|p1a: Cinderace|Pyro Ball|p2a: Armarouge
|-resisted|p2a: Armarouge
|-damage|p2a: Armarouge|25/100
|-ability|p2a: Armarouge|Weak Armor|boost
|-unboost|p2a: Armarouge|def|1
|-boost|p2a: Armarouge|spe|2
|
|upkeep
|turn|40
|inactive|SpongeGar & Patar has 90 seconds left.
|inactive|SpongeGar & Patar has 60 seconds left.
|
|t:|1760828900
|switch|p1a: Ting-Lu|Ting-Lu|100/100
|-ability|p1a: Ting-Lu|Vessel of Ruin
|move|p2a: Armarouge|Armor Cannon|p1a: Ting-Lu
|-damage|p1a: Ting-Lu|76/100
|-unboost|p2a: Armarouge|def|1
|-unboost|p2a: Armarouge|spd|1
|
|-heal|p1a: Ting-Lu|82/100|[from] item: Leftovers
|upkeep
|turn|41
|inactive|SpongeGar & Patar has 60 seconds left.
|inactive|SpongeGar & Patar has 30 seconds left.
|inactive|SpongeGar & Patar has 20 seconds left.
|
|t:|1760828947
|switch|p1a: Cinderace|Cinderace, M|54/100
|move|p2a: Armarouge|Armor Cannon|p1a: Cinderace
|-resisted|p1a: Cinderace
|-damage|p1a: Cinderace|18/100
|-unboost|p2a: Armarouge|def|1
|-unboost|p2a: Armarouge|spd|1
|
|upkeep
|turn|42
|inactive|SpongeGar & Patar has 30 seconds left this turn.
|
|t:|1760828957
|switch|p1a: Ting-Lu|Ting-Lu|82/100
|-ability|p1a: Ting-Lu|Vessel of Ruin
|move|p2a: Armarouge|Armor Cannon|p1a: Ting-Lu
|-damage|p1a: Ting-Lu|58/100
|-unboost|p2a: Armarouge|def|1
|-unboost|p2a: Armarouge|spd|1
|
|-heal|p1a: Ting-Lu|64/100|[from] item: Leftovers
|upkeep
|turn|43
|inactive|SpongeGar & Patar has 30 seconds left.
|
|t:|1760828966
|-terastallize|p1a: Ting-Lu|Water
|move|p2a: Armarouge|Endure|p2a: Armarouge
|-singleturn|p2a: Armarouge|move: Endure
|move|p1a: Ting-Lu|Payback|p2a: Armarouge
|-supereffective|p2a: Armarouge
|-activate|p2a: Armarouge|move: Endure
|-damage|p2a: Armarouge|1/100
|-ability|p2a: Armarouge|Weak Armor|boost
|-unboost|p2a: Armarouge|def|1
|-boost|p2a: Armarouge|spe|2
|-enditem|p2a: Armarouge|Weakness Policy
|-boost|p2a: Armarouge|atk|2|[from] item: Weakness Policy
|-boost|p2a: Armarouge|spa|2|[from] item: Weakness Policy
|
|-heal|p1a: Ting-Lu|70/100|[from] item: Leftovers
|upkeep
|turn|44
|
|t:|1760828976
|move|p2a: Armarouge|Stored Power|p1a: Ting-Lu
|-damage|p1a: Ting-Lu|0 fnt
|faint|p1a: Ting-Lu
|
|upkeep
|c| crowv2|lol nice bait
|
|t:|1760828984
|switch|p1a: Cinderace|Cinderace, M|18/100
|turn|45
|
|t:|1760828991
|move|p2a: Armarouge|Stored Power|p1a: Cinderace
|-damage|p1a: Cinderace|0 fnt
|faint|p1a: Cinderace
|
|upkeep
|
|t:|1760828997
|switch|p1a: Dondozo|Dondozo, F|16/100 slp
|turn|46
|
|t:|1760829005
|move|p2a: Armarouge|Stored Power|p1a: Dondozo
|-damage|p1a: Dondozo|0 fnt
|faint|p1a: Dondozo
|
|win|can i get a cookie
|raw|SpongeGar &amp; Patar's rating: 1759 &rarr; <strong>1738</strong><br />(-21 for losing)
|raw|can i get a cookie's rating: 1735 &rarr; <strong>1756</strong><br />(+21 for winning)
|l|☆SpongeGar & Patar
|player|p1|
|l|☆can i get a cookie
|player|p2|
|l| crowv2
