|j|☆Chocokoala VGC
|j|☆yeshirong
|t:|1760769982
|gametype|singles
|player|p1|Chocokoala VGC|aaron|1353
|player|p2|yeshirong|idol|1334
|gen|9
|tier|[Gen 9] OU
|rated|
|rule|HP Percentage Mod: HP is shown in percentages
|rule|Endless Battle Clause: Forcing endless battles is banned
|rule|Species Clause: Limit one of each Pokémon
|rule|OHKO Clause: OHKO moves are banned
|rule|Evasion Items Clause: Evasion items are banned
|rule|Evasion Moves Clause: Evasion moves are banned
|rule|Evasion Abilities Clause: Evasion abilities are banned
|rule|Sleep Moves Clause: Sleep-inducing moves are banned
|clearpoke
|poke|p1|Incineroar, F|
|poke|p1|Landorus-Therian, M|
|poke|p1|Ogerpon-Wellspring, F|
|poke|p1|Gholdengo|
|poke|p1|Great Tusk|
|poke|p1|Alomomola, F|
|poke|p2|Indeedee, M|
|poke|p2|Gholdengo|
|poke|p2|Dragapult, M|
|poke|p2|Hoopa-Unbound|
|poke|p2|Alomomola, M|
|poke|p2|Cinderace, F|
|teampreview
|inactive|Battle timer is ON: inactive players will automatically lose when time's up. (requested by Chocokoala VGC)
|inactive|yeshirong also wants the timer to be on.
|
|t:|1760769991
|teamsize|p1|6
|teamsize|p2|6
|start
|switch|p1a: Landorus|Landorus-Therian, M|100/100
|switch|p2a: Dragapult|Dragapult, M|100/100
|-ability|p1a: Landorus|Intimidate|boost
|-unboost|p2a: Dragapult|atk|1
|turn|1
|
|t:|1760770005
|move|p2a: Dragapult|U-turn|p1a: Landorus
|-resisted|p1a: Landorus
|-damage|p1a: Landorus|90/100
|-damage|p2a: Dragapult|84/100|[from] item: Rocky Helmet|[of] p1a: Landorus
|
|t:|1760770028
|switch|p2a: Alomomola|Alomomola, M|100/100|[from] U-turn
|move|p1a: Landorus|Earthquake|p2a: Alomomola
|-damage|p2a: Alomomola|58/100
|
|upkeep
|turn|2
|
|t:|1760770036
|move|p1a: Landorus|Stealth Rock|p2a: Alomomola
|-sidestart|p2: yeshirong|move: Stealth Rock
|move|p2a: Alomomola|Flip Turn|p1a: Landorus
|-supereffective|p1a: Landorus
|-damage|p1a: Landorus|53/100
|-damage|p2a: Alomomola|42/100|[from] item: Rocky Helmet|[of] p1a: Landorus
|
|t:|1760770041
|switch|p2a: Indeedee|Indeedee, M|100/100|[from] Flip Turn
|-damage|p2a: Indeedee|88/100|[from] Stealth Rock
|-fieldstart|move: Psychic Terrain|[from] ability: Psychic Surge|[of] p2a: Indeedee
|
|upkeep
|turn|3
|
|t:|1760770047
|switch|p1a: Incineroar|Incineroar, F|100/100
|-ability|p1a: Incineroar|Intimidate|boost
|-unboost|p2a: Indeedee|atk|1
|move|p2a: Indeedee|Expanding Force|p1a: Incineroar
|-immune|p1a: Incineroar
|
|upkeep
|turn|4
|
|t:|1760770054
|switch|p2a: Alomomola|Alomomola, M|75/100
|-damage|p2a: Alomomola|63/100|[from] Stealth Rock
|move|p1a: Incineroar|Parting Shot|p2a: Alomomola
|-unboost|p2a: Alomomola|atk|1
|-unboost|p2a: Alomomola|spa|1
|
|t:|1760770065
|switch|p1a: Alomomola|Alomomola, F|100/100|[from] Parting Shot
|
|upkeep
|turn|5
|
|t:|1760770068
|switch|p1a: Ogerpon|Ogerpon-Wellspring, F|100/100
|move|p2a: Alomomola|Flip Turn|p1a: Ogerpon
|-immune|p1a: Ogerpon|[from] ability: Water Absorb
|
|upkeep
|turn|6
|
|t:|1760770074
|move|p1a: Ogerpon|Swords Dance|p1a: Ogerpon
|-boost|p1a: Ogerpon|atk|2
|move|p2a: Alomomola|Body Slam|p1a: Ogerpon
|-damage|p1a: Ogerpon|87/100
|-status|p1a: Ogerpon|par
|
|upkeep
|turn|7
|
|t:|1760770083
|switch|p2a: Gholdengo|Gholdengo|100/100
|-damage|p2a: Gholdengo|94/100|[from] Stealth Rock
|-item|p2a: Gholdengo|Air Balloon
|move|p1a: Ogerpon|Trailblaze|p2a: Gholdengo
|-resisted|p2a: Gholdengo
|-damage|p2a: Gholdengo|73/100
|-boost|p1a: Ogerpon|spe|1
|-enditem|p2a: Gholdengo|Air Balloon
|
|upkeep
|turn|8
|
|t:|1760770089
|-terastallize|p1a: Ogerpon|Water
|detailschange|p1a: Ogerpon|Ogerpon-Wellspring-Tera, F, tera:Water
|-ability|p1a: Ogerpon|Embody Aspect (Wellspring)|boost
|-boost|p1a: Ogerpon|spd|1
|move|p1a: Ogerpon|Trailblaze|p2a: Gholdengo
|-resisted|p2a: Gholdengo
|-damage|p2a: Gholdengo|52/100
|-boost|p1a: Ogerpon|spe|1
|move|p2a: Gholdengo|Substitute|p2a: Gholdengo
|-start|p2a: Gholdengo|Substitute
|-damage|p2a: Gholdengo|27/100
|
|upkeep
|turn|9
|
|t:|1760770102
|move|p1a: Ogerpon|Trailblaze|p2a: Gholdengo
|-resisted|p2a: Gholdengo
|-activate|p2a: Gholdengo|move: Substitute|[damage]
|-boost|p1a: Ogerpon|spe|1
|move|p2a: Gholdengo|Recover|p2a: Gholdengo
|-heal|p2a: Gholdengo|77/100
|
|-fieldend|move: Psychic Terrain
|upkeep
|turn|10
|
|t:|1760770108
|move|p1a: Ogerpon|Ivy Cudgel|p2a: Gholdengo|[anim] Ivy Cudgel Water
|-end|p2a: Gholdengo|Substitute
|move|p2a: Gholdengo|Nasty Plot|p2a: Gholdengo
|-boost|p2a: Gholdengo|spa|2
|
|upkeep
|turn|11
|
|t:|1760770113
|move|p1a: Ogerpon|Ivy Cudgel|p2a: Gholdengo|[anim] Ivy Cudgel Water
|-damage|p2a: Gholdengo|0 fnt
|faint|p2a: Gholdengo
|
|upkeep
|
|t:|1760770116
|switch|p2a: Dragapult|Dragapult, M|84/100
|-damage|p2a: Dragapult|72/100|[from] Stealth Rock
|turn|12
|
|t:|1760770120
|-terastallize|p2a: Dragapult|Dragon
|move|p2a: Dragapult|Dragon Darts|p1a: Ogerpon
|-damage|p1a: Ogerpon|43/100 par
|-anim|p2a: Dragapult|Dragon Darts|p1a: Ogerpon
|-damage|p1a: Ogerpon|0 fnt
|faint|p1a: Ogerpon
|detailschange|p1: Ogerpon|Ogerpon-Wellspring, F|[silent]
|
|upkeep
|
|t:|1760770132
|switch|p1a: Incineroar|Incineroar, F|100/100
|-ability|p1a: Incineroar|Intimidate|boost
|-unboost|p2a: Dragapult|atk|1
|turn|13
|
|t:|1760770146
|switch|p2a: Cinderace|Cinderace, F|100/100
|move|p1a: Incineroar|Will-O-Wisp|p2a: Cinderace|[miss]
|-miss|p1a: Incineroar|p2a: Cinderace
|
|upkeep
|turn|14
|
|t:|1760770153
|move|p2a: Cinderace|Court Change|p2a: Cinderace
|-swapsideconditions
|-activate|p2a: Cinderace|move: Court Change
|move|p1a: Incineroar|Parting Shot|p2a: Cinderace
|-unboost|p2a: Cinderace|atk|1
|-unboost|p2a: Cinderace|spa|1
|
|t:|1760770157
|switch|p1a: Great Tusk|Great Tusk|100/100|[from] Parting Shot
|
|upkeep
|turn|15
|
|t:|1760770179
|move|p2a: Cinderace|Will-O-Wisp|p1a: Great Tusk
|-status|p1a: Great Tusk|brn
|move|p1a: Great Tusk|Rapid Spin|p2a: Cinderace
|-crit|p2a: Cinderace
|-damage|p2a: Cinderace|84/100
|-boost|p1a: Great Tusk|spe|1
|-sideend|p1: Chocokoala VGC|Stealth Rock|[from] move: Rapid Spin|[of] p1a: Great Tusk
|
|-damage|p1a: Great Tusk|94/100 brn|[from] brn
|upkeep
|turn|16
|
|t:|1760770201
|move|p1a: Great Tusk|Headlong Rush|p2a: Cinderace
|-supereffective|p2a: Cinderace
|-damage|p2a: Cinderace|8/100
|-unboost|p1a: Great Tusk|def|1
|-unboost|p1a: Great Tusk|spd|1
|move|p2a: Cinderace|Pyro Ball|p1a: Great Tusk
|-damage|p1a: Great Tusk|46/100 brn
|
|-damage|p1a: Great Tusk|40/100 brn|[from] brn
|upkeep
|turn|17
|
|t:|1760770209
|switch|p2a: Alomomola|Alomomola, M|96/100
|move|p1a: Great Tusk|Rapid Spin|p2a: Alomomola
|-damage|p2a: Alomomola|90/100
|-boost|p1a: Great Tusk|spe|1
|
|-damage|p1a: Great Tusk|33/100 brn|[from] brn
|upkeep
|turn|18
|
|t:|1760770213
|move|p1a: Great Tusk|Close Combat|p2a: Alomomola
|-damage|p2a: Alomomola|66/100
|-unboost|p1a: Great Tusk|def|1
|-unboost|p1a: Great Tusk|spd|1
|move|p2a: Alomomola|Flip Turn|p1a: Great Tusk
|-supereffective|p1a: Great Tusk
|-damage|p1a: Great Tusk|0 fnt
|faint|p1a: Great Tusk
|-end|p1a: Great Tusk|Protosynthesis|[silent]
|
|t:|1760770216
|switch|p2a: Indeedee|Indeedee, M|88/100|[from] Flip Turn
|-fieldstart|move: Psychic Terrain|[from] ability: Psychic Surge|[of] p2a: Indeedee
|
|upkeep
|inactive|Chocokoala VGC has 120 seconds left.
|
|t:|1760770253
|switch|p1a: Incineroar|Incineroar, F|100/100
|-ability|p1a: Incineroar|Intimidate|boost
|-unboost|p2a: Indeedee|atk|1
|turn|19
|
|t:|1760770258
|switch|p2a: Alomomola|Alomomola, M|99/100
|move|p1a: Incineroar|Knock Off|p2a: Alomomola
|-damage|p2a: Alomomola|73/100
|-enditem|p2a: Alomomola|Assault Vest|[from] move: Knock Off|[of] p1a: Incineroar
|
|upkeep
|turn|20
|
|t:|1760770265
|move|p1a: Incineroar|Parting Shot|p2a: Alomomola
|-unboost|p2a: Alomomola|atk|1
|-unboost|p2a: Alomomola|spa|1
|
|t:|1760770273
|switch|p1a: Landorus|Landorus-Therian, M|53/100|[from] Parting Shot
|-ability|p1a: Landorus|Intimidate|boost
|-unboost|p2a: Alomomola|atk|1
|move|p2a: Alomomola|Flip Turn|p1a: Landorus
|-supereffective|p1a: Landorus
|-damage|p1a: Landorus|34/100
|-damage|p2a: Alomomola|56/100|[from] item: Rocky Helmet|[of] p1a: Landorus
|
|t:|1760770278
|switch|p2a: Indeedee|Indeedee, M|88/100|[from] Flip Turn
|
|upkeep
|turn|21
|
|t:|1760770281
|move|p2a: Indeedee|Tera Blast|p1a: Landorus
|-damage|p1a: Landorus|0 fnt
|faint|p1a: Landorus
|
|upkeep
|
|t:|1760770284
|switch|p1a: Gholdengo|Gholdengo|100/100
|-item|p1a: Gholdengo|Air Balloon
|turn|22
|
|t:|1760770288
|move|p2a: Indeedee|Expanding Force|p1a: Gholdengo
|-resisted|p1a: Gholdengo
|-damage|p1a: Gholdengo|57/100
|-enditem|p1a: Gholdengo|Air Balloon
|move|p1a: Gholdengo|Nasty Plot|p1a: Gholdengo
|-boost|p1a: Gholdengo|spa|2
|
|upkeep
|turn|23
|
|t:|1760770292
|switch|p2a: Alomomola|Alomomola, M|89/100
|move|p1a: Gholdengo|Make It Rain|p2a: Alomomola
|-resisted|p2a: Alomomola
|-damage|p2a: Alomomola|39/100
|-unboost|p1a: Gholdengo|spa|1
|
|upkeep
|turn|24
|
|t:|1760770296
|move|p1a: Gholdengo|Shadow Ball|p2a: Alomomola
|-damage|p2a: Alomomola|0 fnt
|faint|p2a: Alomomola
|
|upkeep
|
|t:|1760770300
|switch|p2a: Hoopa|Hoopa-Unbound|100/100
|turn|25
|
|t:|1760770304
|move|p1a: Gholdengo|Shadow Ball|p2a: Hoopa
|-damage|p2a: Hoopa|46/100
|move|p2a: Hoopa|Expanding Force|p1a: Gholdengo
|-resisted|p1a: Gholdengo
|-damage|p1a: Gholdengo|0 fnt
|faint|p1a: Gholdengo
|-damage|p2a: Hoopa|36/100|[from] item: Life Orb
|
|-fieldend|move: Psychic Terrain
|upkeep
|
|t:|1760770310
|switch|p1a: Incineroar|Incineroar, F|100/100
|-ability|p1a: Incineroar|Intimidate|boost
|-unboost|p2a: Hoopa|atk|1
|turn|26
|-message|Chocokoala VGC forfeited.
|
|win|yeshirong
|raw|Chocokoala VGC's rating: 1353 &rarr; <strong>1332</strong><br />(-21 for losing)
|raw|yeshirong's rating: 1334 &rarr; <strong>1355</strong><br />(+21 for winning)
|l|☆Chocokoala VGC
|player|p1|
|l|☆yeshirong
|player|p2|
