|j|☆PikachuLover200
|j|☆itsyumiiiii
|t:|1760778554
|gametype|singles
|player|p1|PikachuLover200|pokemaniac|1324
|player|p2|itsyumiiiii|iris|1356
|gen|9
|tier|[Gen 9] OU
|rated|
|rule|HP Percentage Mod: HP is shown in percentages
|rule|Endless Battle Clause: Forcing endless battles is banned
|rule|Species Clause: Limit one of each Pokémon
|rule|OHKO Clause: OHKO moves are banned
|rule|Evasion Items Clause: Evasion items are banned
|rule|Evasion Moves Clause: Evasion moves are banned
|rule|Evasion Abilities Clause: Evasion abilities are banned
|rule|Sleep Moves Clause: Sleep-inducing moves are banned
|clearpoke
|poke|p1|Samurott-Hisui, F|
|poke|p1|Corviknight, M|
|poke|p1|Clefable, M|
|poke|p1|Slowking-Galar, F|
|poke|p1|Zamazenta-*|
|poke|p1|Sandy Shocks|
|poke|p2|Heatran, M|
|poke|p2|Tyranitar, M|
|poke|p2|Gholdengo|
|poke|p2|Enamorus-Therian, F|
|poke|p2|Quaquaval, F|
|poke|p2|Weezing-Galar, F|
|teampreview
|inactive|Battle timer is ON: inactive players will automatically lose when time's up. (requested by itsyumiiiii)
|
|t:|1760778570
|teamsize|p1|6
|teamsize|p2|6
|start
|switch|p1a: Samurott|Samurott-Hisui, F|100/100
|switch|p2a: Weezing|Weezing-Galar, F|100/100
|-ability|p2a: Weezing|Neutralizing Gas
|turn|1
|
|t:|1760778577
|move|p1a: Samurott|Flip Turn|p2a: Weezing
|-damage|p2a: Weezing|83/100
|
|t:|1760778580
|switch|p1a: Slowking|Slowking-Galar, F|100/100|[from] Flip Turn
|move|p2a: Weezing|Toxic Spikes|p1a: Slowking
|-sidestart|p1: PikachuLover200|move: Toxic Spikes
|
|upkeep
|turn|2
|
|t:|1760778586
|move|p2a: Weezing|Toxic Spikes|p1a: Slowking
|-sidestart|p1: PikachuLover200|move: Toxic Spikes
|move|p1a: Slowking|Future Sight|p2a: Weezing
|-start|p1a: Slowking|move: Future Sight
|
|upkeep
|turn|3
|
|t:|1760778593
|move|p2a: Weezing|Will-O-Wisp|p1a: Slowking
|-status|p1a: Slowking|brn
|-prepare|p1a: Slowking|Chilly Reception|[premajor]
|move|p1a: Slowking|Chilly Reception|p1a: Slowking
|-weather|Snowscape
|
|t:|1760778604
|switch|p1a: Corviknight|Corviknight, M|100/100|[from] Chilly Reception
|
|-weather|Snowscape|[upkeep]
|upkeep
|turn|4
|
|t:|1760778609
|-end|p2a: Weezing|ability: Neutralizing Gas
|-ability|p1a: Corviknight|Pressure
|switch|p2a: Heatran|Heatran, M|100/100
|move|p1a: Corviknight|U-turn|p2a: Heatran
|-resisted|p2a: Heatran
|-damage|p2a: Heatran|97/100
|
|t:|1760778617
|switch|p1a: Slowking|Slowking-Galar, F|100/100 brn|[from] U-turn
|-sideend|p1: PikachuLover200|move: Toxic Spikes|[of] p1a: Slowking
|
|-weather|Snowscape|[upkeep]
|-end|p2a: Heatran|move: Future Sight
|-resisted|p2a: Heatran
|-damage|p2a: Heatran|83/100
|-heal|p2a: Heatran|89/100|[from] item: Leftovers
|-damage|p1a: Slowking|94/100 brn|[from] brn
|upkeep
|turn|5
|
|t:|1760778626
|move|p2a: Heatran|Magma Storm|p1a: Slowking
|-damage|p1a: Slowking|71/100 brn
|-activate|p1a: Slowking|move: Magma Storm|[of] p2a: Heatran
|-prepare|p1a: Slowking|Chilly Reception|[premajor]
|move|p1a: Slowking|Chilly Reception|p1a: Slowking
|
|t:|1760778632
|switch|p1a: Sandy Shocks|Sandy Shocks|100/100|[from] Chilly Reception
|
|-weather|Snowscape|[upkeep]
|-heal|p2a: Heatran|95/100|[from] item: Leftovers
|upkeep
|turn|6
|
|t:|1760778662
|switch|p2a: Enamorus|Enamorus-Therian, F|100/100
|move|p1a: Sandy Shocks|Volt Switch|p2a: Enamorus
|-supereffective|p2a: Enamorus
|-damage|p2a: Enamorus|28/100
|
|t:|1760778669
|-end|p1a: Sandy Shocks|Protosynthesis|[silent]
|switch|p1a: Samurott|Samurott-Hisui, F|100/100|[from] Volt Switch
|
|-weather|Snowscape|[upkeep]
|-heal|p2a: Enamorus|34/100|[from] item: Leftovers
|upkeep
|turn|7
|
|t:|1760778677
|move|p1a: Samurott|Aqua Cutter|p2a: Enamorus
|-damage|p2a: Enamorus|0 fnt
|faint|p2a: Enamorus
|
|-weather|none
|upkeep
|
|t:|1760778684
|switch|p2a: Quaquaval|Quaquaval, F, shiny|100/100
|turn|8
|
|t:|1760778695
|switch|p1a: Corviknight|Corviknight, M|100/100
|-ability|p1a: Corviknight|Pressure
|move|p2a: Quaquaval|Aqua Step|p1a: Corviknight
|-damage|p1a: Corviknight|80/100
|-boost|p2a: Quaquaval|spe|1
|
|upkeep
|turn|9
|
|t:|1760778714
|switch|p2a: Heatran|Heatran, M|95/100
|move|p1a: Corviknight|Roost|p1a: Corviknight
|-heal|p1a: Corviknight|100/100
|-singleturn|p1a: Corviknight|move: Roost
|
|-heal|p2a: Heatran|100/100|[from] item: Leftovers
|upkeep
|turn|10
|
|t:|1760778722
|switch|p1a: Slowking|Slowking-Galar, F|100/100 brn
|move|p2a: Heatran|Magma Storm|p1a: Slowking|[miss]
|-miss|p2a: Heatran|p1a: Slowking
|
|-damage|p1a: Slowking|94/100 brn|[from] brn
|upkeep
|turn|11
|
|t:|1760778734
|move|p2a: Heatran|Taunt|p1a: Slowking
|-start|p1a: Slowking|move: Taunt
|move|p1a: Slowking|Future Sight|p2a: Heatran
|-start|p1a: Slowking|move: Future Sight
|
|-damage|p1a: Slowking|88/100 brn|[from] brn
|upkeep
|turn|12
|
|t:|1760778756
|switch|p1a: Clefable|Clefable, M|100/100
|move|p2a: Heatran|Magma Storm|p1a: Clefable
|-damage|p1a: Clefable|70/100
|-activate|p1a: Clefable|move: Magma Storm|[of] p2a: Heatran
|
|upkeep
|turn|13
|
|t:|1760778769
|move|p2a: Heatran|Taunt|p1a: Clefable
|-start|p1a: Clefable|move: Taunt
|cant|p1a: Clefable|move: Taunt|Thunder Wave
|
|-end|p2a: Heatran|move: Future Sight
|-resisted|p2a: Heatran
|-damage|p2a: Heatran|87/100
|-heal|p2a: Heatran|94/100|[from] item: Leftovers
|upkeep
|turn|14
|
|t:|1760778781
|switch|p2a: Gholdengo|Gholdengo|100/100
|-item|p2a: Gholdengo|Air Balloon
|move|p1a: Clefable|Moonblast|p2a: Gholdengo
|-resisted|p2a: Gholdengo
|-damage|p2a: Gholdengo|86/100
|-enditem|p2a: Gholdengo|Air Balloon
|
|-end|p1a: Clefable|Magma Storm|[partiallytrapped]|[silent]
|upkeep
|turn|15
|
|t:|1760778789
|switch|p1a: Samurott|Samurott-Hisui, F|100/100
|move|p2a: Gholdengo|Thunder Wave|p1a: Samurott
|-status|p1a: Samurott|par
|
|upkeep
|turn|16
|
|t:|1760778795
|switch|p2a: Weezing|Weezing-Galar, F|83/100
|-ability|p2a: Weezing|Neutralizing Gas
|move|p1a: Samurott|Ceaseless Edge|p2a: Weezing
|-resisted|p2a: Weezing
|-damage|p2a: Weezing|74/100
|-sidestart|p2: itsyumiiiii|Spikes
|
|upkeep
|turn|17
|
|t:|1760778803
|switch|p1a: Slowking|Slowking-Galar, F|100/100 brn
|move|p2a: Weezing|Toxic Spikes|p1a: Slowking
|-sidestart|p1: PikachuLover200|move: Toxic Spikes
|
|-damage|p1a: Slowking|94/100 brn|[from] brn
|upkeep
|turn|18
|
|t:|1760778813
|move|p2a: Weezing|Toxic Spikes|p1a: Slowking
|-sidestart|p1: PikachuLover200|move: Toxic Spikes
|move|p1a: Slowking|Future Sight|p2a: Weezing
|-start|p1a: Slowking|move: Future Sight
|
|-damage|p1a: Slowking|88/100 brn|[from] brn
|upkeep
|turn|19
|
|t:|1760778818
|-end|p2a: Weezing|ability: Neutralizing Gas
|switch|p2a: Tyranitar|Tyranitar, M, shiny|100/100
|-damage|p2a: Tyranitar|88/100|[from] Spikes
|-weather|Sandstorm|[from] ability: Sand Stream|[of] p2a: Tyranitar
|-prepare|p1a: Slowking|Chilly Reception|[premajor]
|move|p1a: Slowking|Chilly Reception|p1a: Slowking
|-weather|Snowscape
|
|t:|1760778829
|switch|p1a: Clefable|Clefable, M|70/100|[from] Chilly Reception
|-status|p1a: Clefable|tox
|
|-weather|Snowscape|[upkeep]
|upkeep
|turn|20
|
|t:|1760778836
|move|p1a: Clefable|Thunder Wave|p2a: Tyranitar
|-status|p2a: Tyranitar|par
|cant|p2a: Tyranitar|par
|
|-weather|Snowscape|[upkeep]
|-end|p2a: Tyranitar|move: Future Sight
|-immune|p2a: Tyranitar
|upkeep
|turn|21
|
|t:|1760778848
|move|p1a: Clefable|Moonblast|p2a: Tyranitar
|-supereffective|p2a: Tyranitar
|-damage|p2a: Tyranitar|29/100 par
|-unboost|p2a: Tyranitar|spa|1
|move|p2a: Tyranitar|Stealth Rock|p1a: Clefable
|-sidestart|p1: PikachuLover200|move: Stealth Rock
|
|-weather|Snowscape|[upkeep]
|upkeep
|turn|22
|
|t:|1760778856
|switch|p2a: Heatran|Heatran, M|94/100
|-damage|p2a: Heatran|81/100|[from] Spikes
|move|p1a: Clefable|Moonblast|p2a: Heatran
|-resisted|p2a: Heatran
|-damage|p2a: Heatran|76/100
|
|-weather|Snowscape|[upkeep]
|-heal|p2a: Heatran|82/100|[from] item: Leftovers
|upkeep
|turn|23
|
|t:|1760778871
|switch|p1a: Samurott|Samurott-Hisui, F|100/100 par
|-damage|p1a: Samurott|88/100 par|[from] Stealth Rock
|move|p2a: Heatran|Taunt|p1a: Samurott
|-start|p1a: Samurott|move: Taunt
|
|-weather|none
|-heal|p2a: Heatran|88/100|[from] item: Leftovers
|upkeep
|turn|24
|
|t:|1760778883
|move|p2a: Heatran|Protect|p2a: Heatran
|-singleturn|p2a: Heatran|Protect
|move|p1a: Samurott|Flip Turn|p2a: Heatran
|-activate|p2a: Heatran|move: Protect
|
|-heal|p2a: Heatran|95/100|[from] item: Leftovers
|upkeep
|turn|25
|
|t:|1760778905
|move|p2a: Heatran|Earth Power|p1a: Samurott
|-damage|p1a: Samurott|51/100 par
|-unboost|p1a: Samurott|spd|1
|move|p1a: Samurott|Flip Turn|p2a: Heatran
|-supereffective|p2a: Heatran
|-damage|p2a: Heatran|48/100
|
|t:|1760778913
|switch|p1a: Slowking|Slowking-Galar, F|100/100 brn|[from] Flip Turn
|-sideend|p1: PikachuLover200|move: Toxic Spikes|[of] p1a: Slowking
|-damage|p1a: Slowking|88/100 brn|[from] Stealth Rock
|
|-heal|p2a: Heatran|54/100|[from] item: Leftovers
|-damage|p1a: Slowking|82/100 brn|[from] brn
|upkeep
|turn|26
|
|t:|1760778921
|move|p2a: Heatran|Magma Storm|p1a: Slowking
|-damage|p1a: Slowking|58/100 brn
|-activate|p1a: Slowking|move: Magma Storm|[of] p2a: Heatran
|move|p1a: Slowking|Earthquake|p2a: Heatran
|-supereffective|p2a: Heatran
|-damage|p2a: Heatran|25/100
|
|-heal|p2a: Heatran|31/100|[from] item: Leftovers
|-damage|p1a: Slowking|52/100 brn|[from] brn
|-damage|p1a: Slowking|40/100 brn|[from] move: Magma Storm|[partiallytrapped]
|upkeep
|turn|27
|
|t:|1760778932
|move|p2a: Heatran|Taunt|p1a: Slowking
|-start|p1a: Slowking|move: Taunt
|move|p1a: Slowking|Earthquake|p2a: Heatran
|-supereffective|p2a: Heatran
|-damage|p2a: Heatran|4/100
|
|-heal|p2a: Heatran|10/100|[from] item: Leftovers
|-damage|p1a: Slowking|34/100 brn|[from] brn
|-damage|p1a: Slowking|21/100 brn|[from] move: Magma Storm|[partiallytrapped]
|upkeep
|turn|28
|
|t:|1760778942
|move|p2a: Heatran|Earth Power|p1a: Slowking
|-supereffective|p1a: Slowking
|-damage|p1a: Slowking|0 fnt
|faint|p1a: Slowking
|
|-heal|p2a: Heatran|16/100|[from] item: Leftovers
|upkeep
|
|t:|1760778950
|switch|p1a: Sandy Shocks|Sandy Shocks|100/100
|-damage|p1a: Sandy Shocks|94/100|[from] Stealth Rock
|turn|29
|
|t:|1760778955
|move|p1a: Sandy Shocks|Earth Power|p2a: Heatran
|-supereffective|p2a: Heatran
|-damage|p2a: Heatran|0 fnt
|faint|p2a: Heatran
|
|upkeep
|
|t:|1760778964
|switch|p2a: Quaquaval|Quaquaval, F, shiny|100/100
|turn|30
|
|t:|1760778969
|move|p1a: Sandy Shocks|Volt Switch|p2a: Quaquaval
|-supereffective|p2a: Quaquaval
|-damage|p2a: Quaquaval|0 fnt
|faint|p2a: Quaquaval
|
|t:|1760778980
|-end|p1a: Sandy Shocks|Protosynthesis|[silent]
|switch|p1a: Corviknight|Corviknight, M|100/100|[from] Volt Switch
|-damage|p1a: Corviknight|88/100|[from] Stealth Rock
|-ability|p1a: Corviknight|Pressure
|
|upkeep
|
|t:|1760778986
|switch|p2a: Gholdengo|Gholdengo|86/100
|-damage|p2a: Gholdengo|73/100|[from] Spikes
|turn|31
|
|t:|1760778990
|move|p2a: Gholdengo|Thunder Wave|p1a: Corviknight
|-status|p1a: Corviknight|par
|move|p1a: Corviknight|U-turn|p2a: Gholdengo
|-resisted|p2a: Gholdengo
|-damage|p2a: Gholdengo|71/100
|
|t:|1760778999
|switch|p1a: Sandy Shocks|Sandy Shocks|94/100|[from] U-turn
|-damage|p1a: Sandy Shocks|88/100|[from] Stealth Rock
|
|upkeep
|turn|32
|
|t:|1760779007
|switch|p2a: Tyranitar|Tyranitar, M, shiny|29/100 par
|-damage|p2a: Tyranitar|17/100 par|[from] Spikes
|-weather|Sandstorm|[from] ability: Sand Stream|[of] p2a: Tyranitar
|move|p1a: Sandy Shocks|Volt Switch|p2a: Tyranitar
|-damage|p2a: Tyranitar|0 fnt
|faint|p2a: Tyranitar
|
|t:|1760779017
|-end|p1a: Sandy Shocks|Protosynthesis|[silent]
|switch|p1a: Samurott|Samurott-Hisui, F|51/100 par|[from] Volt Switch
|-damage|p1a: Samurott|39/100 par|[from] Stealth Rock
|
|-weather|Sandstorm|[upkeep]
|-damage|p1a: Samurott|33/100 par|[from] Sandstorm
|upkeep
|
|t:|1760779020
|switch|p2a: Weezing|Weezing-Galar, F|74/100
|-ability|p2a: Weezing|Neutralizing Gas
|turn|33
|
|t:|1760779026
|move|p2a: Weezing|Toxic Spikes|p1a: Samurott
|-sidestart|p1: PikachuLover200|move: Toxic Spikes
|move|p1a: Samurott|Flip Turn|p2a: Weezing
|-damage|p2a: Weezing|56/100
|
|t:|1760779031
|switch|p1a: Corviknight|Corviknight, M|88/100 par|[from] Flip Turn
|-damage|p1a: Corviknight|76/100 par|[from] Stealth Rock
|
|-weather|Sandstorm|[upkeep]
|-damage|p2a: Weezing|50/100|[from] Sandstorm
|upkeep
|turn|34
|
|t:|1760779038
|-end|p2a: Weezing|ability: Neutralizing Gas
|-ability|p1a: Corviknight|Pressure
|switch|p2a: Gholdengo|Gholdengo|71/100
|-damage|p2a: Gholdengo|58/100|[from] Spikes
|move|p1a: Corviknight|U-turn|p2a: Gholdengo
|-resisted|p2a: Gholdengo
|-damage|p2a: Gholdengo|56/100
|
|t:|1760779049
|switch|p1a: Sandy Shocks|Sandy Shocks|88/100|[from] U-turn
|-damage|p1a: Sandy Shocks|82/100|[from] Stealth Rock
|-status|p1a: Sandy Shocks|psn
|
|-weather|Sandstorm|[upkeep]
|-damage|p1a: Sandy Shocks|70/100 psn|[from] psn
|upkeep
|turn|35
|
|t:|1760779063
|-terastallize|p2a: Gholdengo|Fairy
|move|p1a: Sandy Shocks|Earth Power|p2a: Gholdengo
|-damage|p2a: Gholdengo|8/100
|move|p2a: Gholdengo|Recover|p2a: Gholdengo
|-heal|p2a: Gholdengo|58/100
|
|-weather|Sandstorm|[upkeep]
|-damage|p2a: Gholdengo|52/100|[from] Sandstorm
|-damage|p1a: Sandy Shocks|58/100 psn|[from] psn
|upkeep
|turn|36
|
|t:|1760779074
|move|p1a: Sandy Shocks|Volt Switch|p2a: Gholdengo
|-damage|p2a: Gholdengo|17/100
|
|t:|1760779084
|-end|p1a: Sandy Shocks|Protosynthesis|[silent]
|switch|p1a: Samurott|Samurott-Hisui, F|33/100 par|[from] Volt Switch
|-damage|p1a: Samurott|20/100 par|[from] Stealth Rock
|move|p2a: Gholdengo|Recover|p2a: Gholdengo
|-heal|p2a: Gholdengo|67/100
|
|-weather|none
|upkeep
|turn|37
|
|t:|1760779093
|move|p2a: Gholdengo|Recover|p2a: Gholdengo
|-heal|p2a: Gholdengo|100/100
|move|p1a: Samurott|Aqua Cutter|p2a: Gholdengo
|-damage|p2a: Gholdengo|68/100
|
|upkeep
|turn|38
|
|t:|1760779099
|move|p2a: Gholdengo|Hex|p1a: Samurott
|-resisted|p1a: Samurott
|-damage|p1a: Samurott|0 fnt
|faint|p1a: Samurott
|
|upkeep
|
|t:|1760779111
|switch|p1a: Clefable|Clefable, M|70/100 tox
|turn|39
|
|t:|1760779119
|switch|p1a: Corviknight|Corviknight, M|76/100 par
|-damage|p1a: Corviknight|64/100 par|[from] Stealth Rock
|-ability|p1a: Corviknight|Pressure
|move|p2a: Gholdengo|Recover|p2a: Gholdengo
|-heal|p2a: Gholdengo|100/100
|
|upkeep
|turn|40
|
|t:|1760779130
|move|p2a: Gholdengo|Hex|p1a: Corviknight
|-damage|p1a: Corviknight|11/100 par
|move|p1a: Corviknight|Roost|p1a: Corviknight
|-heal|p1a: Corviknight|61/100 par
|-singleturn|p1a: Corviknight|move: Roost
|
|upkeep
|turn|41
|
|t:|1760779152
|move|p2a: Gholdengo|Hex|p1a: Corviknight
|-damage|p1a: Corviknight|3/100 par
|move|p1a: Corviknight|U-turn|p2a: Gholdengo
|-resisted|p2a: Gholdengo
|-damage|p2a: Gholdengo|96/100
|
|t:|1760779158
|switch|p1a: Clefable|Clefable, M|70/100 tox|[from] U-turn
|
|upkeep
|turn|42
|
|t:|1760779163
|move|p2a: Gholdengo|Make It Rain|p1a: Clefable
|-supereffective|p1a: Clefable
|-damage|p1a: Clefable|0 fnt
|-unboost|p2a: Gholdengo|spa|1
|faint|p1a: Clefable
|
|upkeep
|
|t:|1760779176
|switch|p1a: Zamazenta|Zamazenta|100/100
|-damage|p1a: Zamazenta|94/100|[from] Stealth Rock
|-status|p1a: Zamazenta|psn
|-ability|p1a: Zamazenta|Dauntless Shield|boost
|-boost|p1a: Zamazenta|def|1
|turn|43
|
|t:|1760779184
|switch|p2a: Weezing|Weezing-Galar, F|50/100
|-ability|p2a: Weezing|Neutralizing Gas
|move|p1a: Zamazenta|Stone Edge|p2a: Weezing
|-damage|p2a: Weezing|28/100
|
|-damage|p1a: Zamazenta|82/100 psn|[from] psn
|upkeep
|turn|44
|
|t:|1760779194
|switch|p1a: Corviknight|Corviknight, M|3/100 par
|-damage|p1a: Corviknight|0 fnt|[from] Stealth Rock
|faint|p1a: Corviknight
|move|p2a: Weezing|Pain Split|p1: Corviknight|[notarget]
|-fail|p2a: Weezing
|
|upkeep
|
|t:|1760779201
|switch|p1a: Sandy Shocks|Sandy Shocks|58/100 psn
|-damage|p1a: Sandy Shocks|52/100 psn|[from] Stealth Rock
|turn|45
|
|t:|1760779213
|move|p1a: Sandy Shocks|Thunderbolt|p2a: Weezing
|-damage|p2a: Weezing|0 fnt
|faint|p2a: Weezing
|-end|p2a: Weezing|ability: Neutralizing Gas
|
|-damage|p1a: Sandy Shocks|39/100 psn|[from] psn
|upkeep
|
|t:|1760779215
|switch|p2a: Gholdengo|Gholdengo, tera:Fairy|96/100
|-damage|p2a: Gholdengo|83/100|[from] Spikes
|turn|46
|
|t:|1760779223
|-terastallize|p1a: Sandy Shocks|Electric
|move|p1a: Sandy Shocks|Thunderbolt|p2a: Gholdengo
|-damage|p2a: Gholdengo|29/100
|move|p2a: Gholdengo|Hex|p1a: Sandy Shocks
|-damage|p1a: Sandy Shocks|0 fnt
|faint|p1a: Sandy Shocks
|-end|p1a: Sandy Shocks|Protosynthesis|[silent]
|
|upkeep
|
|t:|1760779231
|switch|p1a: Zamazenta|Zamazenta|82/100 psn
|-damage|p1a: Zamazenta|76/100 psn|[from] Stealth Rock
|turn|47
|
|t:|1760779240
|move|p1a: Zamazenta|Stone Edge|p2a: Gholdengo
|-damage|p2a: Gholdengo|6/100
|move|p2a: Gholdengo|Recover|p2a: Gholdengo
|-heal|p2a: Gholdengo|56/100
|
|-damage|p1a: Zamazenta|64/100 psn|[from] psn
|upkeep
|turn|48
|
|t:|1760779247
|move|p1a: Zamazenta|Stone Edge|p2a: Gholdengo|[miss]
|-miss|p1a: Zamazenta|p2a: Gholdengo
|move|p2a: Gholdengo|Recover|p2a: Gholdengo
|-heal|p2a: Gholdengo|100/100
|
|-damage|p1a: Zamazenta|51/100 psn|[from] psn
|upkeep
|turn|49
|c|☆itsyumiiiii|gg
|-message|PikachuLover200 forfeited.
|
|win|itsyumiiiii
|raw|PikachuLover200's rating: 1324 &rarr; <strong>1306</strong><br />(-18 for losing)
|raw|itsyumiiiii's rating: 1356 &rarr; <strong>1374</strong><br />(+18 for winning)
|l|☆PikachuLover200
|player|p1|
|l|☆itsyumiiiii
|player|p2|
