|j|☆Maesclo
|j|☆SWAMPERSTORM2
|t:|1760803370
|gametype|singles
|player|p1|Maesclo|ninjaboy|1290
|player|p2|SWAMPERSTORM2|roxie|1333
|gen|9
|tier|[Gen 9] OU
|rated|
|rule|HP Percentage Mod: HP is shown in percentages
|rule|Endless Battle Clause: Forcing endless battles is banned
|rule|Species Clause: Limit one of each Pokémon
|rule|OHKO Clause: OHKO moves are banned
|rule|Evasion Items Clause: Evasion items are banned
|rule|Evasion Moves Clause: Evasion moves are banned
|rule|Evasion Abilities Clause: Evasion abilities are banned
|rule|Sleep Moves Clause: Sleep-inducing moves are banned
|clearpoke
|poke|p1|Medicham, M|
|poke|p1|Slowking-Galar, M|
|poke|p1|Zapdos|
|poke|p1|Ting-Lu|
|poke|p1|Ogerpon-Wellspring, F|
|poke|p1|Great Tusk|
|poke|p2|Gliscor, F|
|poke|p2|Ceruledge, M|
|poke|p2|Zamazenta-*|
|poke|p2|Darkrai|
|poke|p2|Hatterene, F|
|poke|p2|Ninetales-Alola, M|
|teampreview
|
|t:|1760803394
|teamsize|p1|6
|teamsize|p2|6
|start
|switch|p1a: Medicham|Medicham, M|100/100
|switch|p2a: Gliscor|Gliscor, F|100/100
|turn|1
|
|t:|1760803401
|move|p2a: Gliscor|Protect|p2a: Gliscor
|-singleturn|p2a: Gliscor|Protect
|move|p1a: Medicham|Ice Punch|p2a: Gliscor
|-activate|p2a: Gliscor|move: Protect
|
|-status|p2a: Gliscor|tox|[from] item: Toxic Orb
|upkeep
|turn|2
|
|t:|1760803419
|switch|p1a: Slowking|Slowking-Galar, M|100/100
|-terastallize|p2a: Gliscor|Water
|move|p2a: Gliscor|Stealth Rock|p1a: Slowking
|-sidestart|p1: Maesclo|move: Stealth Rock
|
|upkeep
|turn|3
|
|t:|1760803425
|move|p2a: Gliscor|Knock Off|p1a: Slowking
|-supereffective|p1a: Slowking
|-crit|p1a: Slowking
|-damage|p1a: Slowking|30/100
|-enditem|p1a: Slowking|Heavy-Duty Boots|[from] move: Knock Off|[of] p2a: Gliscor
|move|p1a: Slowking|Thunder Wave||[still]
|-fail|p1a: Slowking
|
|upkeep
|turn|4
|
|t:|1760803440
|switch|p1a: Zapdos|Zapdos|100/100
|move|p2a: Gliscor|Knock Off|p1a: Zapdos
|-damage|p1a: Zapdos|86/100
|-enditem|p1a: Zapdos|Heavy-Duty Boots|[from] move: Knock Off|[of] p2a: Gliscor
|
|upkeep
|turn|5
|
|t:|1760803454
|move|p1a: Zapdos|Discharge|p2a: Gliscor
|-supereffective|p2a: Gliscor
|-damage|p2a: Gliscor|15/100 tox
|move|p2a: Gliscor|Toxic|p1a: Zapdos
|-status|p1a: Zapdos|tox
|
|-damage|p1a: Zapdos|80/100 tox|[from] psn
|-heal|p2a: Gliscor|27/100 tox|[from] ability: Poison Heal
|upkeep
|turn|6
|
|t:|1760803464
|move|p2a: Gliscor|Protect|p2a: Gliscor
|-singleturn|p2a: Gliscor|Protect
|move|p1a: Zapdos|Roost|p1a: Zapdos
|-heal|p1a: Zapdos|100/100 tox
|-singleturn|p1a: Zapdos|move: Roost
|
|-damage|p1a: Zapdos|88/100 tox|[from] psn
|-heal|p2a: Gliscor|40/100 tox|[from] ability: Poison Heal
|upkeep
|turn|7
|
|t:|1760803483
|switch|p2a: Ninetales|Ninetales-Alola, M|100/100
|-weather|Snowscape|[from] ability: Snow Warning|[of] p2a: Ninetales
|move|p1a: Zapdos|Hurricane|p2a: Ninetales|[miss]
|-miss|p1a: Zapdos|p2a: Ninetales
|
|-weather|Snowscape|[upkeep]
|-damage|p1a: Zapdos|70/100 tox|[from] psn
|upkeep
|turn|8
|
|t:|1760803494
|move|p2a: Ninetales|Aurora Veil|p2a: Ninetales
|-sidestart|p2: SWAMPERSTORM2|move: Aurora Veil
|move|p1a: Zapdos|U-turn|p2a: Ninetales
|-resisted|p2a: Ninetales
|-damage|p2a: Ninetales|98/100
|
|t:|1760803496
|switch|p1a: Medicham|Medicham, M|100/100|[from] U-turn
|-damage|p1a: Medicham|94/100|[from] Stealth Rock
|
|-weather|Snowscape|[upkeep]
|upkeep
|turn|9
|
|t:|1760803503
|-terastallize|p1a: Medicham|Steel
|move|p1a: Medicham|Close Combat|p2a: Ninetales
|-damage|p2a: Ninetales|44/100
|-unboost|p1a: Medicham|def|1
|-unboost|p1a: Medicham|spd|1
|move|p2a: Ninetales|Roar|p1a: Medicham
|drag|p1a: Zapdos|Zapdos|70/100 tox
|-damage|p1a: Zapdos|46/100 tox|[from] Stealth Rock
|
|-weather|Snowscape|[upkeep]
|-damage|p1a: Zapdos|40/100 tox|[from] psn
|upkeep
|turn|10
|
|t:|1760803527
|switch|p1a: Slowking|Slowking-Galar, M|64/100
|-damage|p1a: Slowking|51/100|[from] Stealth Rock
|move|p2a: Ninetales|Roar|p1a: Slowking
|drag|p1a: Zapdos|Zapdos|40/100 tox
|-damage|p1a: Zapdos|15/100 tox|[from] Stealth Rock
|
|-weather|Snowscape|[upkeep]
|-damage|p1a: Zapdos|9/100 tox|[from] psn
|upkeep
|turn|11
|
|t:|1760803547
|move|p2a: Ninetales|Freeze-Dry|p1a: Zapdos
|-supereffective|p1a: Zapdos
|-damage|p1a: Zapdos|0 fnt
|faint|p1a: Zapdos
|
|-weather|none
|upkeep
|
|t:|1760803556
|switch|p1a: Medicham|Medicham, M, tera:Steel|94/100
|-damage|p1a: Medicham|88/100|[from] Stealth Rock
|turn|12
|
|t:|1760803565
|switch|p2a: Ceruledge|Ceruledge, M|100/100
|move|p1a: Medicham|Close Combat|p2a: Ceruledge
|-immune|p2a: Ceruledge
|
|upkeep
|turn|13
|
|t:|1760803576
|switch|p1a: Ting-Lu|Ting-Lu|100/100
|-damage|p1a: Ting-Lu|94/100|[from] Stealth Rock
|-ability|p1a: Ting-Lu|Vessel of Ruin
|move|p2a: Ceruledge|Swords Dance|p2a: Ceruledge
|-boost|p2a: Ceruledge|atk|2
|
|upkeep
|turn|14
|
|t:|1760803594
|move|p2a: Ceruledge|Swords Dance|p2a: Ceruledge
|-boost|p2a: Ceruledge|atk|2
|move|p1a: Ting-Lu|Earthquake|p2a: Ceruledge
|-supereffective|p2a: Ceruledge
|-crit|p2a: Ceruledge
|-enditem|p2a: Ceruledge|Focus Sash
|-damage|p2a: Ceruledge|1/100
|-ability|p2a: Ceruledge|Weak Armor|boost
|-unboost|p2a: Ceruledge|def|1
|-boost|p2a: Ceruledge|spe|2
|
|upkeep
|turn|15
|
|t:|1760803603
|move|p2a: Ceruledge|Bitter Blade|p1a: Ting-Lu
|-damage|p1a: Ting-Lu|14/100
|-heal|p2a: Ceruledge|72/100|[from] drain|[of] p1a: Ting-Lu
|-damage|p2a: Ceruledge|55/100|[from] item: Rocky Helmet|[of] p1a: Ting-Lu
|move|p1a: Ting-Lu|Rest|p1a: Ting-Lu
|-status|p1a: Ting-Lu|slp|[from] move: Rest
|-heal|p1a: Ting-Lu|100/100 slp|[silent]
|
|-sideend|p2: SWAMPERSTORM2|move: Aurora Veil
|upkeep
|turn|16
|
|t:|1760803613
|move|p2a: Ceruledge|Bitter Blade|p1a: Ting-Lu
|-damage|p1a: Ting-Lu|22/100 slp
|-heal|p2a: Ceruledge|100/100|[from] drain|[of] p1a: Ting-Lu
|-damage|p2a: Ceruledge|84/100|[from] item: Rocky Helmet|[of] p1a: Ting-Lu
|cant|p1a: Ting-Lu|slp
|move|p1a: Ting-Lu|Sleep Talk|p1a: Ting-Lu
|move|p1a: Ting-Lu|Payback|p2a: Ceruledge|[from] move: Sleep Talk
|-supereffective|p2a: Ceruledge
|-damage|p2a: Ceruledge|0 fnt
|faint|p2a: Ceruledge
|
|upkeep
|
|t:|1760803626
|switch|p2a: Darkrai|Darkrai|100/100
|turn|17
|
|t:|1760803638
|move|p2a: Darkrai|Nasty Plot|p2a: Darkrai
|-boost|p2a: Darkrai|spa|2
|cant|p1a: Ting-Lu|slp
|move|p1a: Ting-Lu|Sleep Talk|p1a: Ting-Lu
|move|p1a: Ting-Lu|Rest||[from] move: Sleep Talk|[still]
|-fail|p1a: Ting-Lu
|
|-damage|p1a: Ting-Lu|9/100 slp|[from] ability: Bad Dreams|[of] p2a: Darkrai
|upkeep
|turn|18
|
|t:|1760803653
|move|p2a: Darkrai|Dark Pulse|p1a: Ting-Lu
|-resisted|p1a: Ting-Lu
|-damage|p1a: Ting-Lu|0 fnt
|faint|p1a: Ting-Lu
|-damage|p2a: Darkrai|91/100|[from] item: Life Orb
|
|upkeep
|
|t:|1760803657
|switch|p1a: Medicham|Medicham, M, tera:Steel|88/100
|-damage|p1a: Medicham|82/100|[from] Stealth Rock
|turn|19
|
|t:|1760803661
|move|p2a: Darkrai|Shadow Ball|p1a: Medicham
|-damage|p1a: Medicham|0 fnt
|faint|p1a: Medicham
|-damage|p2a: Darkrai|81/100|[from] item: Life Orb
|
|upkeep
|inactive|Battle timer is ON: inactive players will automatically lose when time's up. (requested by SWAMPERSTORM2)
|inactive|Maesclo has 120 seconds left.
|inactive|Maesclo has 90 seconds left.
|inactive|Maesclo has 60 seconds left.
|inactive|Maesclo has 30 seconds left.
|inactive|Maesclo has 20 seconds left.
|inactive|Maesclo has 15 seconds left.
|inactive|Maesclo has 10 seconds left.
|inactive|Maesclo has 5 seconds left.
|-message|Maesclo lost due to inactivity.
|
|win|SWAMPERSTORM2
|raw|Maesclo's rating: 1290 &rarr; <strong>1268</strong><br />(-22 for losing)
|raw|SWAMPERSTORM2's rating: 1333 &rarr; <strong>1351</strong><br />(+18 for winning)
|l|☆SWAMPERSTORM2
|player|p2|
