|j|☆Vampire army8378
|j|☆gjxj0
|t:|1760793661
|gametype|singles
|player|p1|Vampire army8378|ninjaboy|1207
|player|p2|gjxj0|265|1259
|gen|9
|tier|[Gen 9] OU
|rated|
|rule|HP Percentage Mod: HP is shown in percentages
|rule|Endless Battle Clause: Forcing endless battles is banned
|rule|Species Clause: Limit one of each Pokémon
|rule|OHKO Clause: OHKO moves are banned
|rule|Evasion Items Clause: Evasion items are banned
|rule|Evasion Moves Clause: Evasion moves are banned
|rule|Evasion Abilities Clause: Evasion abilities are banned
|rule|Sleep Moves Clause: Sleep-inducing moves are banned
|clearpoke
|poke|p1|Mimikyu, F|
|poke|p1|Hitmontop, M|
|poke|p1|Zarude|
|poke|p1|Kommo-o, F|
|poke|p1|Pawmot, F|
|poke|p1|Goodra-Hisui, F|
|poke|p2|Tornadus-Therian, M|
|poke|p2|Garganacl, F|
|poke|p2|Sylveon, F|
|poke|p2|Kingambit, F|
|poke|p2|Iron Treads|
|poke|p2|Walking Wake|
|teampreview
|inactive|Battle timer is ON: inactive players will automatically lose when time's up. (requested by Vampire army8378)
|
|t:|1760793668
|teamsize|p1|6
|teamsize|p2|6
|start
|switch|p1a: Eddy(tekken)|Hitmontop, M|100/100
|switch|p2a: Iron Treads|Iron Treads|100/100
|-enditem|p2a: Iron Treads|Booster Energy
|-activate|p2a: Iron Treads|ability: Quark Drive|[fromitem]
|-start|p2a: Iron Treads|quarkdrivespe
|turn|1
|l|☆Vampire army8378
|inactive|Vampire army8378 disconnected and has a minute to reconnect!
|player|p1|
|j|☆Vampire army8378
|inactive|Vampire army8378 reconnected and has 130 seconds left.
|player|p1|Vampire army8378|ninjaboy|
|
|t:|1760793696
|move|p2a: Iron Treads|Stealth Rock|p1a: Eddy(tekken)
|-sidestart|p1: Vampire army8378|move: Stealth Rock
|move|p1a: Eddy(tekken)|Bulk Up|p1a: Eddy(tekken)
|-boost|p1a: Eddy(tekken)|atk|1
|-boost|p1a: Eddy(tekken)|def|1
|
|upkeep
|turn|2
|c|☆Vampire army8378|Aye yo keke dump the glock
|
|t:|1760793716
|move|p2a: Iron Treads|Volt Switch|p1a: Eddy(tekken)
|-damage|p1a: Eddy(tekken)|89/100
|-enditem|p1a: Eddy(tekken)|Red Card|[of] p2a: Iron Treads
|-end|p2a: Iron Treads|Quark Drive|[silent]
|drag|p2a: Garganacl|Garganacl, F|100/100
|move|p1a: Eddy(tekken)|Rapid Spin|p2a: Garganacl
|-resisted|p2a: Garganacl
|-crit|p2a: Garganacl
|-damage|p2a: Garganacl|87/100
|-boost|p1a: Eddy(tekken)|spe|1
|-sideend|p1: Vampire army8378|Stealth Rock|[from] move: Rapid Spin|[of] p1a: Eddy(tekken)
|
|-heal|p2a: Garganacl|93/100|[from] item: Leftovers
|upkeep
|turn|3
|
|t:|1760793726
|switch|p2a: Tornadus|Tornadus-Therian, M|100/100
|move|p1a: Eddy(tekken)|Mach Punch|p2a: Tornadus
|-resisted|p2a: Tornadus
|-damage|p2a: Tornadus|79/100
|
|upkeep
|turn|4
|
|t:|1760793736
|move|p2a: Tornadus|Hurricane|p1a: Eddy(tekken)
|-supereffective|p1a: Eddy(tekken)
|-damage|p1a: Eddy(tekken)|11/100
|move|p1a: Eddy(tekken)|Triple Axel|p2a: Tornadus|[miss]
|-miss|p1a: Eddy(tekken)|p2a: Tornadus
|
|upkeep
|turn|5
|
|t:|1760793741
|move|p1a: Eddy(tekken)|Mach Punch|p2a: Tornadus
|-resisted|p2a: Tornadus
|-damage|p2a: Tornadus|54/100
|move|p2a: Tornadus|Hurricane|p1a: Eddy(tekken)
|-supereffective|p1a: Eddy(tekken)
|-damage|p1a: Eddy(tekken)|0 fnt
|faint|p1a: Eddy(tekken)
|
|upkeep
|
|t:|1760793746
|switch|p1a: Shenron(dbz)|Pawmot, F|100/100
|turn|6
|
|t:|1760793751
|switch|p2a: Iron Treads|Iron Treads|100/100
|move|p1a: Shenron(dbz)|Revival Blessing|p1a: Shenron(dbz)
|-enditem|p1a: Shenron(dbz)|Leppa Berry|[eat]
|-activate|p1a: Shenron(dbz)|item: Leppa Berry|Revival Blessing|[consumed]
|
|t:|1760793753
|-heal|p1: Eddy(tekken)|50/100|[from] move: Revival Blessing
|
|upkeep
|turn|7
|
|t:|1760793758
|switch|p1a: Eddy(tekken)|Hitmontop, M|50/100
|move|p2a: Iron Treads|Volt Switch|p1a: Eddy(tekken)
|-damage|p1a: Eddy(tekken)|38/100
|
|t:|1760793763
|-end|p2a: Iron Treads|Quark Drive|[silent]
|switch|p2a: Walking Wake|Walking Wake|100/100|[from] Volt Switch
|
|upkeep
|turn|8
|
|t:|1760793770
|move|p2a: Walking Wake|Surf|p1a: Eddy(tekken)
|-damage|p1a: Eddy(tekken)|0 fnt
|faint|p1a: Eddy(tekken)
|
|upkeep
|
|t:|1760793773
|switch|p1a: Shenron(dbz)|Pawmot, F|100/100
|turn|9
|
|t:|1760793778
|move|p2a: Walking Wake|Surf|p1a: Shenron(dbz)
|-damage|p1a: Shenron(dbz)|4/100
|move|p1a: Shenron(dbz)|Nuzzle|p2a: Walking Wake
|-damage|p2a: Walking Wake|92/100
|-status|p2a: Walking Wake|par
|
|upkeep
|turn|10
|
|t:|1760793786
|switch|p1a: Gary(spongebob)|Goodra-Hisui, F, shiny|100/100
|-end|p2a: Walking Wake|Protosynthesis|[silent]
|switch|p2a: Iron Treads|Iron Treads|100/100
|
|upkeep
|turn|11
|
|t:|1760793798
|switch|p1a: Shenron(dbz)|Pawmot, F|4/100
|move|p2a: Iron Treads|Earthquake|p1a: Shenron(dbz)
|-supereffective|p1a: Shenron(dbz)
|-damage|p1a: Shenron(dbz)|0 fnt
|faint|p1a: Shenron(dbz)
|
|upkeep
|
|t:|1760793804
|switch|p1a: APE TOGETHER STRON|Zarude|100/100
|turn|12
|
|t:|1760793809
|move|p2a: Iron Treads|Stealth Rock|p1a: APE TOGETHER STRON
|-sidestart|p1: Vampire army8378|move: Stealth Rock
|move|p1a: APE TOGETHER STRON|Trailblaze|p2a: Iron Treads
|-damage|p2a: Iron Treads|82/100
|-boost|p1a: APE TOGETHER STRON|spe|1
|
|upkeep
|turn|13
|
|t:|1760793816
|-end|p2a: Iron Treads|Quark Drive|[silent]
|switch|p2a: Tornadus|Tornadus-Therian, M|87/100
|move|p1a: APE TOGETHER STRON|Trailblaze|p2a: Tornadus
|-resisted|p2a: Tornadus
|-damage|p2a: Tornadus|75/100
|-boost|p1a: APE TOGETHER STRON|spe|1
|
|upkeep
|turn|14
|
|t:|1760793822
|move|p1a: APE TOGETHER STRON|Knock Off|p2a: Tornadus
|-damage|p2a: Tornadus|29/100
|-enditem|p2a: Tornadus|Heavy-Duty Boots|[from] move: Knock Off|[of] p1a: APE TOGETHER STRON
|move|p2a: Tornadus|Tailwind|p2a: Tornadus
|-sidestart|p2: gjxj0|move: Tailwind
|
|upkeep
|turn|15
|
|t:|1760793827
|move|p2a: Tornadus|Hurricane|p1a: APE TOGETHER STRON
|-supereffective|p1a: APE TOGETHER STRON
|-damage|p1a: APE TOGETHER STRON|51/100
|-enditem|p1a: APE TOGETHER STRON|Weakness Policy
|-boost|p1a: APE TOGETHER STRON|atk|2|[from] item: Weakness Policy
|-boost|p1a: APE TOGETHER STRON|spa|2|[from] item: Weakness Policy
|move|p1a: APE TOGETHER STRON|Trailblaze|p2a: Tornadus
|-resisted|p2a: Tornadus
|-damage|p2a: Tornadus|8/100
|-boost|p1a: APE TOGETHER STRON|spe|1
|
|upkeep
|turn|16
|
|t:|1760793838
|move|p2a: Tornadus|U-turn|p1a: APE TOGETHER STRON
|-supereffective|p1a: APE TOGETHER STRON
|-damage|p1a: APE TOGETHER STRON|1/100
|
|t:|1760793842
|switch|p2a: Iron Treads|Iron Treads|82/100|[from] U-turn
|move|p1a: APE TOGETHER STRON|Trailblaze|p2a: Iron Treads
|-damage|p2a: Iron Treads|48/100
|-boost|p1a: APE TOGETHER STRON|spe|1
|
|upkeep
|turn|17
|
|t:|1760793852
|move|p1a: APE TOGETHER STRON|Bulk Up|p1a: APE TOGETHER STRON
|-boost|p1a: APE TOGETHER STRON|atk|1
|-boost|p1a: APE TOGETHER STRON|def|1
|move|p2a: Iron Treads|Earthquake|p1a: APE TOGETHER STRON
|-resisted|p1a: APE TOGETHER STRON
|-damage|p1a: APE TOGETHER STRON|0 fnt
|faint|p1a: APE TOGETHER STRON
|
|-sideend|p2: gjxj0|move: Tailwind
|upkeep
|c|☆Vampire army8378|Misclick
|c|☆Vampire army8378|Fuhhhh
|c|☆Vampire army8378|Jungle healing
|
|t:|1760793868
|switch|p1a: Pikachu but died|Mimikyu, F|100/100
|-damage|p1a: Pikachu but died|88/100|[from] Stealth Rock
|turn|18
|
|t:|1760793873
|move|p2a: Iron Treads|Earthquake|p1a: Pikachu but died
|-activate|p1a: Pikachu but died|ability: Disguise
|-damage|p1a: Pikachu but died|88/100
|detailschange|p1a: Pikachu but died|Mimikyu-Busted, F
|-damage|p1a: Pikachu but died|76/100|[from] pokemon: Mimikyu-Busted
|-enditem|p1a: Pikachu but died|Red Card|[of] p2a: Iron Treads
|-end|p2a: Iron Treads|Quark Drive|[silent]
|drag|p2a: Walking Wake|Walking Wake|92/100 par
|move|p1a: Pikachu but died|Swords Dance|p1a: Pikachu but died
|-boost|p1a: Pikachu but died|atk|2
|
|upkeep
|turn|19
|
|t:|1760793891
|move|p1a: Pikachu but died|Play Rough|p2a: Walking Wake
|-supereffective|p2a: Walking Wake
|-damage|p2a: Walking Wake|0 fnt
|faint|p2a: Walking Wake
|-end|p2a: Walking Wake|Protosynthesis|[silent]
|
|upkeep
|l|☆gjxj0
|inactive|gjxj0 disconnected and has a minute to reconnect!
|player|p2|
|c|☆Vampire army8378|We need to grab the strap for this
|inactive|gjxj0 has 30 seconds to reconnect!
|inactive|gjxj0 has 20 seconds to reconnect!
|inactive|gjxj0 has 15 seconds to reconnect!
|inactive|gjxj0 has 10 seconds to reconnect!
|inactive|gjxj0 has 5 seconds to reconnect!
|j|☆gjxj0
|inactive|gjxj0 reconnected and has 85 seconds left.
|player|p2|gjxj0|265|
|inactive|gjxj0 has 60 seconds left.
|
|t:|1760793979
|switch|p2a: Kingambit|Kingambit, F|100/100
|-activate|p2a: Kingambit|ability: Supreme Overlord
|-start|p2a: Kingambit|fallen1|[silent]
|turn|20
|inactive|gjxj0 has 60 seconds left.
|inactive|Vampire army8378 has 120 seconds left.
|
|t:|1760794020
|move|p1a: Pikachu but died|Drain Punch|p2a: Kingambit
|-supereffective|p2a: Kingambit
|-damage|p2a: Kingambit|0 fnt
|-heal|p1a: Pikachu but died|100/100|[from] drain|[of] p2a: Kingambit
|faint|p2a: Kingambit
|-end|p2a: Kingambit|fallen1|[silent]
|
|upkeep
|
|t:|1760794037
|switch|p2a: Sylveon|Sylveon, F|100/100
|turn|21
|
|t:|1760794050
|move|p1a: Pikachu but died|Play Rough|p2a: Sylveon
|-damage|p2a: Sylveon|6/100
|move|p2a: Sylveon|Hyper Voice|p1a: Pikachu but died
|-damage|p1a: Pikachu but died|44/100
|
|upkeep
|turn|22
|
|t:|1760794064
|move|p2a: Sylveon|Protect|p2a: Sylveon
|-singleturn|p2a: Sylveon|Protect
|move|p1a: Pikachu but died|Play Rough|p2a: Sylveon
|-activate|p2a: Sylveon|move: Protect
|
|upkeep
|turn|23
|
|t:|1760794076
|move|p1a: Pikachu but died|Shadow Sneak|p2a: Sylveon
|-damage|p2a: Sylveon|0 fnt
|faint|p2a: Sylveon
|
|upkeep
|
|t:|1760794080
|switch|p2a: Tornadus|Tornadus-Therian, M|41/100
|turn|24
|c|☆Vampire army8378|He out here earning his strips
|
|t:|1760794093
|move|p2a: Tornadus|Hurricane|p1a: Pikachu but died
|-damage|p1a: Pikachu but died|0 fnt
|faint|p1a: Pikachu but died
|
|upkeep
|
|t:|1760794099
|switch|p1a: Gary(spongebob)|Goodra-Hisui, F, shiny|100/100
|-damage|p1a: Gary(spongebob)|94/100|[from] Stealth Rock
|turn|25
|
|t:|1760794103
|move|p2a: Tornadus|U-turn|p1a: Gary(spongebob)
|-resisted|p1a: Gary(spongebob)
|-damage|p1a: Gary(spongebob)|89/100
|-ability|p1a: Gary(spongebob)|Gooey
|-unboost|p2a: Tornadus|spe|1
|
|t:|1760794105
|switch|p2a: Iron Treads|Iron Treads|48/100|[from] U-turn
|move|p1a: Gary(spongebob)|Dragon Pulse|p2a: Iron Treads
|-resisted|p2a: Iron Treads
|-crit|p2a: Iron Treads
|-damage|p2a: Iron Treads|14/100
|
|-heal|p1a: Gary(spongebob)|95/100|[from] item: Leftovers
|upkeep
|turn|26
|
|t:|1760794114
|move|p2a: Iron Treads|Earthquake|p1a: Gary(spongebob)
|-supereffective|p1a: Gary(spongebob)
|-damage|p1a: Gary(spongebob)|33/100
|move|p1a: Gary(spongebob)|Dragon Pulse|p2a: Iron Treads
|-resisted|p2a: Iron Treads
|-damage|p2a: Iron Treads|0 fnt
|faint|p2a: Iron Treads
|-end|p2a: Iron Treads|Quark Drive|[silent]
|
|-heal|p1a: Gary(spongebob)|39/100|[from] item: Leftovers
|upkeep
|
|t:|1760794123
|switch|p2a: Garganacl|Garganacl, F|93/100
|turn|27
|inactive|gjxj0 has 90 seconds left.
|
|t:|1760794130
|move|p1a: Gary(spongebob)|Knock Off|p2a: Garganacl
|-damage|p2a: Garganacl|83/100
|-enditem|p2a: Garganacl|Leftovers|[from] move: Knock Off|[of] p1a: Gary(spongebob)
|move|p2a: Garganacl|Body Press|p1a: Gary(spongebob)
|-supereffective|p1a: Gary(spongebob)
|-damage|p1a: Gary(spongebob)|0 fnt
|-ability|p1a: Gary(spongebob)|Gooey
|-fail|p2a: Garganacl|unboost|[from] ability: Clear Body|[of] p2a: Garganacl
|faint|p1a: Gary(spongebob)
|
|upkeep
|
|t:|1760794137
|switch|p1a: Broly(DBZ)|Kommo-o, F|100/100
|-damage|p1a: Broly(DBZ)|94/100|[from] Stealth Rock
|turn|28
|inactive|gjxj0 has 90 seconds left.
|
|t:|1760794154
|move|p1a: Broly(DBZ)|Clangorous Soul|p1a: Broly(DBZ)
|-boost|p1a: Broly(DBZ)|atk|1
|-boost|p1a: Broly(DBZ)|def|1
|-boost|p1a: Broly(DBZ)|spa|1
|-boost|p1a: Broly(DBZ)|spd|1
|-boost|p1a: Broly(DBZ)|spe|1
|-damage|p1a: Broly(DBZ)|61/100
|-enditem|p1a: Broly(DBZ)|Throat Spray
|-boost|p1a: Broly(DBZ)|spa|1|[from] item: Throat Spray
|move|p2a: Garganacl|Curse|p2a: Garganacl
|-unboost|p2a: Garganacl|spe|1
|-boost|p2a: Garganacl|atk|1
|-boost|p2a: Garganacl|def|1
|
|upkeep
|turn|29
|c|☆Vampire army8378|You made it to broly
|c|☆Vampire army8378|Wow
|c|☆Vampire army8378|Havent used him in a while lpl
|inactive|gjxj0 has 90 seconds left.
|c|☆Vampire army8378|Lol
|
|t:|1760794174
|move|p1a: Broly(DBZ)|Flash Cannon|p2a: Garganacl
|-supereffective|p2a: Garganacl
|-damage|p2a: Garganacl|18/100
|move|p2a: Garganacl|Curse|p2a: Garganacl
|-unboost|p2a: Garganacl|spe|1
|-boost|p2a: Garganacl|atk|1
|-boost|p2a: Garganacl|def|1
|
|upkeep
|turn|30
|inactive|gjxj0 has 90 seconds left.
|
|t:|1760794186
|move|p1a: Broly(DBZ)|Flash Cannon|p2a: Garganacl
|-supereffective|p2a: Garganacl
|-damage|p2a: Garganacl|0 fnt
|faint|p2a: Garganacl
|
|upkeep
|
|t:|1760794188
|switch|p2a: Tornadus|Tornadus-Therian, M|74/100
|turn|31
|c|☆Vampire army8378|Spatk and physical
|inactive|gjxj0 has 90 seconds left.
|c|☆Vampire army8378|Die!!!!
|
|t:|1760794205
|-terastallize|p1a: Broly(DBZ)|Steel
|-terastallize|p2a: Tornadus|Flying
|move|p1a: Broly(DBZ)|Clanging Scales|p2a: Tornadus
|-damage|p2a: Tornadus|2/100
|-unboost|p1a: Broly(DBZ)|def|1
|move|p2a: Tornadus|Hurricane|p1a: Broly(DBZ)
|-resisted|p1a: Broly(DBZ)
|-damage|p1a: Broly(DBZ)|45/100
|
|upkeep
|turn|32
|c|☆gjxj0|nooo
|inactive|gjxj0 has 90 seconds left.
|c|☆Vampire army8378|You did good
|c|☆gjxj0|lol
|c|☆Vampire army8378|Most dont make it too kommo
|
|t:|1760794232
|move|p1a: Broly(DBZ)|Clanging Scales|p2a: Tornadus
|-damage|p2a: Tornadus|0 fnt
|faint|p2a: Tornadus
|
|win|Vampire army8378
|raw|Vampire army8378's rating: 1226 &rarr; <strong>1253</strong><br />(+27 for winning)
|raw|gjxj0's rating: 1259 &rarr; <strong>1232</strong><br />(-27 for losing)
|c|☆Vampire army8378|Im smurfing lol
|l|☆gjxj0
|player|p2|
|c|☆Vampire army8378|My elo is 1700
|l|☆Vampire army8378
|player|p1|
