|j|☆bena13
|j|☆Crimson1821
|t:|1760877408
|gametype|singles
|player|p1|bena13|1|1213
|player|p2|Crimson1821|1|1193
|gen|9
|tier|[Gen 9] OU
|rated|
|rule|HP Percentage Mod: HP is shown in percentages
|rule|Endless Battle Clause: Forcing endless battles is banned
|rule|Species Clause: Limit one of each Pokémon
|rule|OHKO Clause: OHKO moves are banned
|rule|Evasion Items Clause: Evasion items are banned
|rule|Evasion Moves Clause: Evasion moves are banned
|rule|Evasion Abilities Clause: Evasion abilities are banned
|rule|Sleep Moves Clause: Sleep-inducing moves are banned
|clearpoke
|poke|p1|Spiritomb, F|
|poke|p1|Okidogi, M|
|poke|p1|Gastrodon, M|
|poke|p1|Vileplume, F|
|poke|p1|Salazzle, F|
|poke|p1|Haunter, F|
|poke|p2|Gallade, M|
|poke|p2|Bisharp, M|
|poke|p2|Ribombee, M|
|poke|p2|Kyurem|
|poke|p2|Skarmory, M|
|poke|p2|Ninetales, F|
|teampreview
|
|t:|1760877418
|teamsize|p1|6
|teamsize|p2|6
|start
|switch|p1a: Haunter|Haunter, F|100/100
|switch|p2a: Ribombee|Ribombee, M|100/100
|turn|1
|inactive|Battle timer is ON: inactive players will automatically lose when time's up. (requested by bena13)
|
|t:|1760877426
|move|p2a: Ribombee|Sticky Web|p1a: Haunter
|-sidestart|p1: bena13|move: Sticky Web
|move|p1a: Haunter|Taunt|p2a: Ribombee
|-start|p2a: Ribombee|move: Taunt
|
|upkeep
|turn|2
|
|t:|1760877435
|move|p2a: Ribombee|Psychic Noise|p1a: Haunter
|-supereffective|p1a: Haunter
|-damage|p1a: Haunter|6/100
|-start|p1a: Haunter|move: Heal Block
|move|p1a: Haunter|Thunderbolt|p2a: Ribombee
|-damage|p2a: Ribombee|55/100
|
|upkeep
|turn|3
|
|t:|1760877453
|switch|p1a: Gastrodon|Gastrodon, M|100/100
|-activate|p1a: Gastrodon|move: Sticky Web
|-unboost|p1a: Gastrodon|spe|1
|move|p2a: Ribombee|Psychic Noise|p1a: Gastrodon
|-damage|p1a: Gastrodon|88/100
|-start|p1a: Gastrodon|move: Heal Block
|
|upkeep
|turn|4
|
|t:|1760877462
|move|p2a: Ribombee|Moonblast|p1a: Gastrodon
|-damage|p1a: Gastrodon|65/100
|move|p1a: Gastrodon|Earth Power|p2a: Ribombee
|-resisted|p2a: Ribombee
|-damage|p2a: Ribombee|18/100
|
|-end|p2a: Ribombee|move: Taunt
|-end|p1a: Gastrodon|move: Heal Block
|upkeep
|turn|5
|
|t:|1760877473
|move|p2a: Ribombee|Stun Spore|p1a: Gastrodon
|-status|p1a: Gastrodon|par
|move|p1a: Gastrodon|Earth Power|p2a: Ribombee
|-resisted|p2a: Ribombee
|-damage|p2a: Ribombee|0 fnt
|faint|p2a: Ribombee
|
|upkeep
|
|t:|1760877480
|switch|p2a: Gallade|Gallade, M, shiny|100/100
|turn|6
|
|t:|1760877491
|switch|p1a: Spiritomb|Spiritomb, F|100/100
|-activate|p1a: Spiritomb|move: Sticky Web
|-unboost|p1a: Spiritomb|spe|1
|move|p2a: Gallade|Psycho Cut|p1a: Spiritomb
|-immune|p1a: Spiritomb
|
|upkeep
|turn|7
|
|t:|1760877503
|switch|p2a: Skarmory|Skarmory, M|100/100
|move|p1a: Spiritomb|Will-O-Wisp|p2a: Skarmory
|-status|p2a: Skarmory|brn
|
|-damage|p2a: Skarmory|95/100 brn|[from] brn
|upkeep
|turn|8
|
|t:|1760877513
|switch|p1a: Okidogi|Okidogi, M|100/100
|-activate|p1a: Okidogi|move: Sticky Web
|-unboost|p1a: Okidogi|spe|1
|move|p2a: Skarmory|Stealth Rock|p1a: Okidogi
|-sidestart|p1: bena13|move: Stealth Rock
|
|-damage|p2a: Skarmory|89/100 brn|[from] brn
|upkeep
|turn|9
|
|t:|1760877522
|move|p2a: Skarmory|Spikes|p1a: Okidogi
|-sidestart|p1: bena13|Spikes
|move|p1a: Okidogi|Bulk Up|p1a: Okidogi
|-boost|p1a: Okidogi|atk|1
|-boost|p1a: Okidogi|def|1
|
|-damage|p2a: Skarmory|83/100 brn|[from] brn
|upkeep
|turn|10
|
|t:|1760877530
|move|p1a: Okidogi|Bulk Up|p1a: Okidogi
|-boost|p1a: Okidogi|atk|1
|-boost|p1a: Okidogi|def|1
|move|p2a: Skarmory|Whirlwind|p1a: Okidogi
|-activate|p1a: Okidogi|ability: Guard Dog
|
|-damage|p2a: Skarmory|77/100 brn|[from] brn
|upkeep
|turn|11
|
|t:|1760877540
|move|p2a: Skarmory|Spikes|p1a: Okidogi
|-sidestart|p1: bena13|Spikes
|move|p1a: Okidogi|Bulk Up|p1a: Okidogi
|-boost|p1a: Okidogi|atk|1
|-boost|p1a: Okidogi|def|1
|
|-damage|p2a: Skarmory|71/100 brn|[from] brn
|upkeep
|turn|12
|
|t:|1760877550
|move|p2a: Skarmory|Spikes|p1a: Okidogi
|-sidestart|p1: bena13|Spikes
|move|p1a: Okidogi|Bulk Up|p1a: Okidogi
|-boost|p1a: Okidogi|atk|1
|-boost|p1a: Okidogi|def|1
|
|-damage|p2a: Skarmory|65/100 brn|[from] brn
|upkeep
|turn|13
|
|t:|1760877562
|move|p2a: Skarmory|Roost|p2a: Skarmory
|-heal|p2a: Skarmory|100/100 brn
|-singleturn|p2a: Skarmory|move: Roost
|move|p1a: Okidogi|Drain Punch|p2a: Skarmory
|-supereffective|p2a: Skarmory
|-ability|p2a: Skarmory|Sturdy
|-damage|p2a: Skarmory|1/100 brn
|-damage|p1a: Okidogi|84/100|[from] item: Rocky Helmet|[of] p2a: Skarmory
|
|-heal|p1a: Okidogi|90/100|[from] item: Leftovers
|-damage|p2a: Skarmory|0 fnt|[from] brn
|faint|p2a: Skarmory
|upkeep
|
|t:|1760877580
|switch|p2a: Kyurem|Kyurem|100/100
|-ability|p2a: Kyurem|Pressure
|turn|14
|
|t:|1760877587
|-terastallize|p1a: Okidogi|Dark
|move|p2a: Kyurem|Earth Power|p1a: Okidogi
|-damage|p1a: Okidogi|57/100
|move|p1a: Okidogi|Drain Punch|p2a: Kyurem
|-supereffective|p2a: Kyurem
|-damage|p2a: Kyurem|0 fnt
|-heal|p1a: Okidogi|100/100|[from] drain|[of] p2a: Kyurem
|faint|p2a: Kyurem
|
|upkeep
|
|t:|1760877598
|switch|p2a: Gallade|Gallade, M, shiny|100/100
|turn|15
|
|t:|1760877605
|move|p2a: Gallade|Sacred Sword|p1a: Okidogi
|-supereffective|p1a: Okidogi
|-damage|p1a: Okidogi|0 fnt
|faint|p1a: Okidogi
|
|upkeep
|
|t:|1760877614
|switch|p1a: Spiritomb|Spiritomb, F|100/100
|-activate|p1a: Spiritomb|move: Sticky Web
|-unboost|p1a: Spiritomb|spe|1
|-damage|p1a: Spiritomb|88/100|[from] Stealth Rock
|-damage|p1a: Spiritomb|63/100|[from] Spikes
|turn|16
|-message|bena13 forfeited.
|
|win|Crimson1821
|raw|bena13's rating: 1213 &rarr; <strong>1187</strong><br />(-26 for losing)
|raw|Crimson1821's rating: 1193 &rarr; <strong>1219</strong><br />(+26 for winning)
|l|☆bena13
|player|p1|
|l|☆Crimson1821
|player|p2|
