|j|☆leosyspu
|j|☆Christopher4113
|t:|1760763310
|gametype|singles
|player|p1|leosyspu|cynthia|1365
|player|p2|Christopher4113|266|1405
|gen|9
|tier|[Gen 9] OU
|rated|
|rule|HP Percentage Mod: HP is shown in percentages
|rule|Endless Battle Clause: Forcing endless battles is banned
|rule|Species Clause: Limit one of each Pokémon
|rule|OHKO Clause: OHKO moves are banned
|rule|Evasion Items Clause: Evasion items are banned
|rule|Evasion Moves Clause: Evasion moves are banned
|rule|Evasion Abilities Clause: Evasion abilities are banned
|rule|Sleep Moves Clause: Sleep-inducing moves are banned
|clearpoke
|poke|p1|Gardevoir, F|
|poke|p1|Cinderace, F|
|poke|p1|Conkeldurr, M|
|poke|p1|Empoleon, F|
|poke|p1|Arcanine-Hisui, M|
|poke|p1|Dusclops, M|
|poke|p2|Kyurem|
|poke|p2|Great Tusk|
|poke|p2|Rotom-Wash|
|poke|p2|Gholdengo|
|poke|p2|Iron Valiant|
|poke|p2|Kingambit, M|
|teampreview
|inactive|Battle timer is ON: inactive players will automatically lose when time's up. (requested by Christopher4113)
|inactive|leosyspu also wants the timer to be on.
|
|t:|1760763336
|teamsize|p1|6
|teamsize|p2|6
|start
|switch|p1a: Conkeldurr|Conkeldurr, M|100/100
|switch|p2a: Rotom|Rotom-Wash|100/100
|turn|1
|
|t:|1760763344
|move|p2a: Rotom|Thunder Wave|p1a: Conkeldurr
|-status|p1a: Conkeldurr|par
|cant|p1a: Conkeldurr|par
|
|upkeep
|turn|2
|
|t:|1760763351
|move|p2a: Rotom|Volt Switch|p1a: Conkeldurr
|-damage|p1a: Conkeldurr|70/100 par
|
|t:|1760763356
|switch|p2a: Gholdengo|Gholdengo|100/100|[from] Volt Switch
|move|p1a: Conkeldurr|Knock Off|p2a: Gholdengo
|-supereffective|p2a: Gholdengo
|-damage|p2a: Gholdengo|0 fnt
|-enditem|p2a: Gholdengo|Choice Specs|[from] move: Knock Off|[of] p1a: Conkeldurr
|faint|p2a: Gholdengo
|
|upkeep
|
|t:|1760763362
|switch|p2a: Iron Valiant|Iron Valiant|100/100
|-enditem|p2a: Iron Valiant|Booster Energy
|-activate|p2a: Iron Valiant|ability: Quark Drive|[fromitem]
|-start|p2a: Iron Valiant|quarkdrivespe
|turn|3
|
|t:|1760763379
|switch|p1a: 消音器|Dusclops, M|100/100
|move|p2a: Iron Valiant|Moonblast|p1a: 消音器
|-damage|p1a: 消音器|77/100
|
|upkeep
|turn|4
|
|t:|1760763389
|move|p2a: Iron Valiant|Knock Off|p1a: 消音器
|-supereffective|p1a: 消音器
|-damage|p1a: 消音器|42/100
|-enditem|p1a: 消音器|Eviolite|[from] move: Knock Off|[of] p2a: Iron Valiant
|move|p1a: 消音器|Will-O-Wisp|p2a: Iron Valiant
|-status|p2a: Iron Valiant|brn
|
|-damage|p2a: Iron Valiant|94/100 brn|[from] brn
|upkeep
|turn|5
|
|t:|1760763408
|-end|p2a: Iron Valiant|Quark Drive|[silent]
|switch|p2a: Kingambit|Kingambit, M, shiny|100/100
|-activate|p2a: Kingambit|ability: Supreme Overlord
|-start|p2a: Kingambit|fallen1|[silent]
|move|p1a: 消音器|Pain Split|p2a: Kingambit
|-sethp|p2a: Kingambit|68/100|[from] move: Pain Split|[silent]
|-sethp|p1a: 消音器|81/100|[from] move: Pain Split
|
|-heal|p2a: Kingambit|74/100|[from] item: Leftovers
|upkeep
|turn|6
|
|t:|1760763419
|move|p2a: Kingambit|Kowtow Cleave|p1a: 消音器
|-supereffective|p1a: 消音器
|-damage|p1a: 消音器|0 fnt
|faint|p1a: 消音器
|
|-heal|p2a: Kingambit|80/100|[from] item: Leftovers
|upkeep
|
|t:|1760763428
|switch|p1a: Empoleon|Empoleon, F|100/100
|turn|7
|
|t:|1760763436
|-end|p2a: Kingambit|fallen1|[silent]
|switch|p2a: Rotom|Rotom-Wash|100/100
|move|p1a: Empoleon|Stealth Rock|p2a: Rotom
|-sidestart|p2: Christopher4113|move: Stealth Rock
|
|upkeep
|turn|8
|
|t:|1760763442
|move|p2a: Rotom|Volt Switch|p1a: Empoleon
|-supereffective|p1a: Empoleon
|-damage|p1a: Empoleon|59/100
|
|t:|1760763446
|switch|p2a: Great Tusk|Great Tusk|100/100|[from] Volt Switch
|-damage|p2a: Great Tusk|97/100|[from] Stealth Rock
|-enditem|p2a: Great Tusk|Booster Energy
|-activate|p2a: Great Tusk|ability: Protosynthesis|[fromitem]
|-start|p2a: Great Tusk|protosynthesisdef
|move|p1a: Empoleon|Roar|p2a: Great Tusk
|-end|p2a: Great Tusk|Protosynthesis|[silent]
|drag|p2a: Iron Valiant|Iron Valiant|94/100 brn
|-damage|p2a: Iron Valiant|88/100 brn|[from] Stealth Rock
|
|-damage|p2a: Iron Valiant|82/100 brn|[from] brn
|upkeep
|turn|9
|
|t:|1760763465
|move|p2a: Iron Valiant|Thunderbolt|p1a: Empoleon
|-supereffective|p1a: Empoleon
|-damage|p1a: Empoleon|10/100
|move|p1a: Empoleon|Roost|p1a: Empoleon
|-heal|p1a: Empoleon|60/100
|-singleturn|p1a: Empoleon|move: Roost
|
|-damage|p2a: Iron Valiant|76/100 brn|[from] brn
|upkeep
|turn|10
|
|t:|1760763478
|move|p2a: Iron Valiant|Knock Off|p1a: Empoleon
|-damage|p1a: Empoleon|48/100
|-damage|p2a: Iron Valiant|59/100 brn|[from] item: Rocky Helmet|[of] p1a: Empoleon
|-enditem|p1a: Empoleon|Rocky Helmet|[from] move: Knock Off|[of] p2a: Iron Valiant
|move|p1a: Empoleon|Roost|p1a: Empoleon
|-heal|p1a: Empoleon|98/100
|-singleturn|p1a: Empoleon|move: Roost
|
|-damage|p2a: Iron Valiant|53/100 brn|[from] brn
|upkeep
|turn|11
|
|t:|1760763490
|-end|p2a: Iron Valiant|Quark Drive|[silent]
|switch|p2a: Rotom|Rotom-Wash|100/100
|-damage|p2a: Rotom|88/100|[from] Stealth Rock
|move|p1a: Empoleon|Roar|p2a: Rotom
|drag|p2a: Iron Valiant|Iron Valiant|53/100 brn
|-damage|p2a: Iron Valiant|47/100 brn|[from] Stealth Rock
|
|-damage|p2a: Iron Valiant|40/100 brn|[from] brn
|upkeep
|turn|12
|
|t:|1760763501
|move|p2a: Iron Valiant|Thunderbolt|p1a: Empoleon
|-supereffective|p1a: Empoleon
|-damage|p1a: Empoleon|50/100
|move|p1a: Empoleon|Roar|p2a: Iron Valiant
|-end|p2a: Iron Valiant|Quark Drive|[silent]
|drag|p2a: Kingambit|Kingambit, M, shiny|80/100
|-damage|p2a: Kingambit|74/100|[from] Stealth Rock
|-activate|p2a: Kingambit|ability: Supreme Overlord
|-start|p2a: Kingambit|fallen1|[silent]
|
|-heal|p2a: Kingambit|80/100|[from] item: Leftovers
|upkeep
|turn|13
|
|t:|1760763513
|move|p2a: Kingambit|Kowtow Cleave|p1a: Empoleon
|-damage|p1a: Empoleon|6/100
|move|p1a: Empoleon|Roost|p1a: Empoleon
|-heal|p1a: Empoleon|56/100
|-singleturn|p1a: Empoleon|move: Roost
|
|-heal|p2a: Kingambit|86/100|[from] item: Leftovers
|upkeep
|turn|14
|
|t:|1760763522
|move|p2a: Kingambit|Swords Dance|p2a: Kingambit
|-boost|p2a: Kingambit|atk|2
|move|p1a: Empoleon|Roost|p1a: Empoleon
|-heal|p1a: Empoleon|100/100
|-singleturn|p1a: Empoleon|move: Roost
|
|-heal|p2a: Kingambit|93/100|[from] item: Leftovers
|upkeep
|turn|15
|
|t:|1760763530
|move|p2a: Kingambit|Kowtow Cleave|p1a: Empoleon
|-damage|p1a: Empoleon|8/100
|move|p1a: Empoleon|Roar|p2a: Kingambit
|-end|p2a: Kingambit|fallen1|[silent]
|drag|p2a: Great Tusk|Great Tusk|97/100
|-damage|p2a: Great Tusk|94/100|[from] Stealth Rock
|
|upkeep
|turn|16
|
|t:|1760763538
|move|p2a: Great Tusk|Earthquake|p1a: Empoleon
|-supereffective|p1a: Empoleon
|-damage|p1a: Empoleon|0 fnt
|faint|p1a: Empoleon
|
|upkeep
|
|t:|1760763545
|switch|p1a: 老婆|Gardevoir, F|100/100
|turn|17
|
|t:|1760763561
|-end|p2a: Great Tusk|Protosynthesis|[silent]
|switch|p2a: Kingambit|Kingambit, M, shiny|93/100
|-ability|p1a: 老婆|Supreme Overlord|Trace|[from] ability: Trace|[of] p2a: Kingambit
|-activate|p1a: 老婆|ability: Supreme Overlord
|-start|p1a: 老婆|fallen2|[silent]
|-damage|p2a: Kingambit|86/100|[from] Stealth Rock
|-activate|p2a: Kingambit|ability: Supreme Overlord
|-start|p2a: Kingambit|fallen1|[silent]
|-terastallize|p1a: 老婆|Fairy
|move|p1a: 老婆|Moonblast|p2a: Kingambit
|-damage|p2a: Kingambit|0 fnt
|faint|p2a: Kingambit
|-end|p2a: Kingambit|fallen1|[silent]
|
|upkeep
|inactive|Christopher4113 has 120 seconds left.
|
|t:|1760763583
|switch|p2a: Rotom|Rotom-Wash|88/100
|-damage|p2a: Rotom|76/100|[from] Stealth Rock
|turn|18
|
|t:|1760763591
|-terastallize|p2a: Rotom|Steel
|move|p1a: 老婆|Moonblast|p2a: Rotom
|-resisted|p2a: Rotom
|-damage|p2a: Rotom|40/100
|move|p2a: Rotom|Hydro Pump|p1a: 老婆
|-damage|p1a: 老婆|55/100
|
|-heal|p2a: Rotom|46/100|[from] item: Leftovers
|upkeep
|turn|19
|
|t:|1760763606
|-end|p1a: 老婆|fallen2|[silent]
|switch|p1a: Conkeldurr|Conkeldurr, M|70/100 par
|move|p2a: Rotom|Hydro Pump|p1a: Conkeldurr
|-damage|p1a: Conkeldurr|25/100 par
|
|-heal|p2a: Rotom|52/100|[from] item: Leftovers
|upkeep
|turn|20
|
|t:|1760763615
|move|p1a: Conkeldurr|Mach Punch|p2a: Rotom
|-supereffective|p2a: Rotom
|-damage|p2a: Rotom|0 fnt
|faint|p2a: Rotom
|
|upkeep
|
|t:|1760763621
|switch|p2a: Great Tusk|Great Tusk|94/100
|-damage|p2a: Great Tusk|91/100|[from] Stealth Rock
|turn|21
|
|t:|1760763629
|move|p2a: Great Tusk|Rapid Spin|p1a: Conkeldurr
|-damage|p1a: Conkeldurr|13/100 par
|-boost|p2a: Great Tusk|spe|1
|-sideend|p2: Christopher4113|Stealth Rock|[from] move: Rapid Spin|[of] p2a: Great Tusk
|move|p1a: Conkeldurr|Drain Punch|p2a: Great Tusk
|-damage|p2a: Great Tusk|52/100
|-heal|p1a: Conkeldurr|34/100 par|[from] drain|[of] p2a: Great Tusk
|
|upkeep
|turn|22
|
|t:|1760763638
|move|p2a: Great Tusk|Earthquake|p1a: Conkeldurr
|-damage|p1a: Conkeldurr|0 fnt
|faint|p1a: Conkeldurr
|
|upkeep
|
|t:|1760763645
|switch|p1a: Cinderace|Cinderace, F|100/100
|turn|23
|
|t:|1760763650
|move|p1a: Cinderace|Sucker Punch|p2a: Great Tusk
|-start|p1a: Cinderace|typechange|Dark|[from] ability: Libero
|-resisted|p2a: Great Tusk
|-damage|p2a: Great Tusk|42/100
|move|p2a: Great Tusk|Earthquake|p1a: Cinderace
|-damage|p1a: Cinderace|36/100
|
|upkeep
|turn|24
|
|t:|1760763660
|move|p2a: Great Tusk|Stealth Rock|p1a: Cinderace
|-sidestart|p1: leosyspu|move: Stealth Rock
|move|p1a: Cinderace|Pyro Ball|p2a: Great Tusk
|-damage|p2a: Great Tusk|18/100
|
|upkeep
|turn|25
|
|t:|1760763665
|move|p1a: Cinderace|Sucker Punch|p2a: Great Tusk
|-resisted|p2a: Great Tusk
|-damage|p2a: Great Tusk|7/100
|move|p2a: Great Tusk|Earthquake|p1a: Cinderace
|-damage|p1a: Cinderace|0 fnt
|faint|p1a: Cinderace
|
|upkeep
|
|t:|1760763673
|switch|p1a: Arcanine|Arcanine-Hisui, M|100/100
|-damage|p1a: Arcanine|76/100|[from] Stealth Rock
|turn|26
|
|t:|1760763677
|move|p1a: Arcanine|Extreme Speed|p2a: Great Tusk
|-damage|p2a: Great Tusk|0 fnt
|faint|p2a: Great Tusk
|-end|p2a: Great Tusk|Protosynthesis|[silent]
|
|upkeep
|
|t:|1760763680
|switch|p2a: Kyurem|Kyurem|100/100
|-ability|p2a: Kyurem|Pressure
|turn|27
|
|t:|1760763686
|move|p1a: Arcanine|Extreme Speed|p2a: Kyurem
|-damage|p2a: Kyurem|63/100
|move|p2a: Kyurem|Earth Power|p1a: Arcanine
|-supereffective|p1a: Arcanine
|-damage|p1a: Arcanine|0 fnt
|faint|p1a: Arcanine
|
|upkeep
|
|t:|1760763694
|switch|p1a: 老婆|Gardevoir, F, tera:Fairy|55/100
|-damage|p1a: 老婆|43/100|[from] Stealth Rock
|-ability|p1a: 老婆|Pressure|Trace|[from] ability: Trace|[of] p2a: Kyurem
|-ability|p1a: 老婆|Pressure
|turn|28
|
|t:|1760763704
|move|p1a: 老婆|Moonblast|p2a: Kyurem
|-supereffective|p2a: Kyurem
|-damage|p2a: Kyurem|0 fnt
|faint|p2a: Kyurem
|
|upkeep
|
|t:|1760763708
|switch|p2a: Iron Valiant|Iron Valiant|40/100 brn
|turn|29
|
|t:|1760763712
|move|p1a: 老婆|Moonblast|p2a: Iron Valiant
|-supereffective|p2a: Iron Valiant
|-damage|p2a: Iron Valiant|0 fnt
|faint|p2a: Iron Valiant
|-end|p2a: Iron Valiant|Quark Drive|[silent]
|
|win|leosyspu
|raw|leosyspu's rating: 1365 &rarr; <strong>1387</strong><br />(+22 for winning)
|raw|Christopher4113's rating: 1405 &rarr; <strong>1383</strong><br />(-22 for losing)
|l|☆Christopher4113
|player|p2|
|l|☆leosyspu
|player|p1|
