|j|☆lj88
|j|☆astroteo
|t:|1760733696
|gametype|singles
|player|p1|lj88|iris|1063
|player|p2|astroteo|170|1062
|gen|9
|tier|[Gen 9] OU
|rated|
|rule|HP Percentage Mod: HP is shown in percentages
|rule|Endless Battle Clause: Forcing endless battles is banned
|rule|Species Clause: Limit one of each Pokémon
|rule|OHKO Clause: OHKO moves are banned
|rule|Evasion Items Clause: Evasion items are banned
|rule|Evasion Moves Clause: Evasion moves are banned
|rule|Evasion Abilities Clause: Evasion abilities are banned
|rule|Sleep Moves Clause: Sleep-inducing moves are banned
|clearpoke
|poke|p1|Samurott-Hisui, M|
|poke|p1|Flygon, M|
|poke|p1|Zamazenta-*|
|poke|p1|Glimmora, F|
|poke|p1|Clefable, F|
|poke|p1|Skeledirge, F|
|poke|p2|Altaria, F|
|poke|p2|Greninja-*, M|
|poke|p2|Ampharos, M|
|poke|p2|Flygon, M|
|poke|p2|Glimmora, F|
|poke|p2|Froslass, F|
|teampreview
|inactive|Battle timer is ON: inactive players will automatically lose when time's up. (requested by lj88)
|
|t:|1760733712
|teamsize|p1|6
|teamsize|p2|6
|start
|switch|p1a: Flygon|Flygon, M, shiny|100/100
|switch|p2a: Glimmora|Glimmora, F|100/100
|turn|1
|
|t:|1760733718
|move|p1a: Flygon|Dragon Dance|p1a: Flygon
|-boost|p1a: Flygon|atk|1
|-boost|p1a: Flygon|spe|1
|move|p2a: Glimmora|Stealth Rock|p1a: Flygon
|-sidestart|p1: lj88|move: Stealth Rock
|
|upkeep
|turn|2
|
|t:|1760733724
|move|p1a: Flygon|Scale Shot|p2a: Glimmora
|-damage|p2a: Glimmora|86/100
|-activate|p2a: Glimmora|ability: Toxic Debris
|-sidestart|p1: lj88|move: Toxic Spikes
|-damage|p2a: Glimmora|72/100
|-activate|p2a: Glimmora|ability: Toxic Debris
|-sidestart|p1: lj88|move: Toxic Spikes
|-damage|p2a: Glimmora|58/100
|-damage|p2a: Glimmora|42/100
|-damage|p2a: Glimmora|28/100
|-hitcount|p2a: Glimmora|5
|-unboost|p1a: Flygon|def|1
|-boost|p1a: Flygon|spe|1
|move|p2a: Glimmora|Dazzling Gleam|p1a: Flygon
|-supereffective|p1a: Flygon
|-damage|p1a: Flygon|36/100
|
|upkeep
|turn|3
|
|t:|1760733744
|move|p1a: Flygon|Earthquake|p2a: Glimmora
|-supereffective|p2a: Glimmora
|-damage|p2a: Glimmora|0 fnt
|faint|p2a: Glimmora
|
|upkeep
|
|t:|1760733752
|switch|p2a: Froslass|Froslass, F|100/100
|turn|4
|
|t:|1760733758
|move|p1a: Flygon|Scale Shot|p2a: Froslass
|-crit|p2a: Froslass
|-damage|p2a: Froslass|49/100
|-damage|p2a: Froslass|15/100
|-damage|p2a: Froslass|0 fnt
|faint|p2a: Froslass
|-hitcount|p2: Froslass|3
|-unboost|p1a: Flygon|def|1
|-boost|p1a: Flygon|spe|1
|
|upkeep
|
|t:|1760733769
|switch|p2a: Altaria|Altaria, F|100/100
|-ability|p2a: Altaria|Cloud Nine
|turn|5
|
|t:|1760733773
|move|p1a: Flygon|Scale Shot|p2a: Altaria
|-supereffective|p2a: Altaria
|-damage|p2a: Altaria|57/100
|-supereffective|p2a: Altaria
|-damage|p2a: Altaria|15/100
|-supereffective|p2a: Altaria
|-damage|p2a: Altaria|0 fnt
|faint|p2a: Altaria
|-hitcount|p2: Altaria|3
|-unboost|p1a: Flygon|def|1
|-boost|p1a: Flygon|spe|1
|
|upkeep
|
|t:|1760733784
|switch|p2a: Greninja|Greninja, M|100/100
|turn|6
|
|t:|1760733787
|move|p1a: Flygon|Thunder Punch|p2a: Greninja
|-supereffective|p2a: Greninja
|-damage|p2a: Greninja|0 fnt
|faint|p2a: Greninja
|
|upkeep
|
|t:|1760733793
|switch|p2a: Ampharos|Ampharos, M|100/100
|turn|7
|
|t:|1760733795
|move|p1a: Flygon|Earthquake|p2a: Ampharos
|-supereffective|p2a: Ampharos
|-damage|p2a: Ampharos|0 fnt
|faint|p2a: Ampharos
|
|upkeep
|
|t:|1760733800
|switch|p2a: Flygon|Flygon, M|100/100
|turn|8
|
|t:|1760733805
|move|p1a: Flygon|Scale Shot|p2a: Flygon
|-supereffective|p2a: Flygon
|-damage|p2a: Flygon|50/100
|-supereffective|p2a: Flygon
|-damage|p2a: Flygon|0 fnt
|faint|p2a: Flygon
|-hitcount|p2: Flygon|2
|
|win|lj88
|raw|lj88's rating: 1063 &rarr; <strong>1093</strong><br />(+30 for winning)
|raw|astroteo's rating: 1062 &rarr; <strong>1043</strong><br />(-19 for losing)
|l|☆astroteo
|player|p2|
|l|☆lj88
|player|p1|
