|j|☆Vuzi
|j|☆fentanyl fart
|t:|1760787854
|gametype|singles
|player|p1|Vuzi|265|1054
|player|p2|fentanyl fart|buck|1000
|gen|9
|tier|[Gen 9] OU
|rated|
|rule|HP Percentage Mod: HP is shown in percentages
|rule|Endless Battle Clause: Forcing endless battles is banned
|rule|Species Clause: Limit one of each Pokémon
|rule|OHKO Clause: OHKO moves are banned
|rule|Evasion Items Clause: Evasion items are banned
|rule|Evasion Moves Clause: Evasion moves are banned
|rule|Evasion Abilities Clause: Evasion abilities are banned
|rule|Sleep Moves Clause: Sleep-inducing moves are banned
|clearpoke
|poke|p1|Gliscor, F|
|poke|p1|Great Tusk|
|poke|p1|Iron Valiant|
|poke|p1|Kingambit, F|
|poke|p1|Kyurem|
|poke|p1|Raging Bolt|
|poke|p2|Glimmora, F|
|poke|p2|Kingambit, M|
|poke|p2|Darkrai|
|poke|p2|Zamazenta-*|
|poke|p2|Dragonite, M|
|poke|p2|Iron Valiant|
|teampreview
|inactive|Battle timer is ON: inactive players will automatically lose when time's up. (requested by Vuzi)
|inactive|Vuzi has 120 seconds left.
|
|t:|1760787906
|teamsize|p1|6
|teamsize|p2|6
|start
|switch|p1a: Kyurem|Kyurem|100/100
|switch|p2a: Glimmora|Glimmora, F|100/100
|-ability|p1a: Kyurem|Pressure
|turn|1
|
|t:|1760787926
|move|p2a: Glimmora|Stealth Rock|p1a: Kyurem
|-sidestart|p1: Vuzi|move: Stealth Rock
|move|p1a: Kyurem|Dragon Dance|p1a: Kyurem
|-boost|p1a: Kyurem|atk|1
|-boost|p1a: Kyurem|spe|1
|
|upkeep
|turn|2
|
|t:|1760787928
|move|p1a: Kyurem|Dragon Dance|p1a: Kyurem
|-boost|p1a: Kyurem|atk|1
|-boost|p1a: Kyurem|spe|1
|move|p2a: Glimmora|Mortal Spin|p1a: Kyurem
|-damage|p1a: Kyurem|94/100
|-status|p1a: Kyurem|psn
|
|-damage|p1a: Kyurem|82/100 psn|[from] psn
|upkeep
|turn|3
|
|t:|1760787934
|move|p1a: Kyurem|Icicle Spear|p2a: Glimmora
|-damage|p2a: Glimmora|68/100
|-activate|p2a: Glimmora|ability: Toxic Debris
|-sidestart|p1: Vuzi|move: Toxic Spikes
|-damage|p2a: Glimmora|31/100
|-activate|p2a: Glimmora|ability: Toxic Debris
|-sidestart|p1: Vuzi|move: Toxic Spikes
|-damage|p2a: Glimmora|0 fnt
|faint|p2a: Glimmora
|-hitcount|p2: Glimmora|3
|
|-damage|p1a: Kyurem|70/100 psn|[from] psn
|upkeep
|inactive|fentanyl fart has 120 seconds left.
|
|t:|1760787964
|switch|p2a: Dragonite|Dragonite, M|100/100
|turn|4
|inactive|fentanyl fart has 120 seconds left.
|
|t:|1760787982
|-terastallize|p2a: Dragonite|Normal
|move|p2a: Dragonite|Extreme Speed|p1a: Kyurem
|-damage|p1a: Kyurem|20/100 psn
|move|p1a: Kyurem|Icicle Spear|p2a: Dragonite
|-damage|p2a: Dragonite|86/100
|-damage|p2a: Dragonite|52/100
|-damage|p2a: Dragonite|18/100
|-damage|p2a: Dragonite|0 fnt
|faint|p2a: Dragonite
|-hitcount|p2: Dragonite|4
|
|-damage|p1a: Kyurem|8/100 psn|[from] psn
|upkeep
|inactive|fentanyl fart has 120 seconds left.
|
|t:|1760787999
|switch|p2a: Kingambit|Kingambit, M|100/100
|-activate|p2a: Kingambit|ability: Supreme Overlord
|-start|p2a: Kingambit|fallen2|[silent]
|turn|5
|
|t:|1760788002
|move|p2a: Kingambit|Sucker Punch|p1a: Kyurem
|-damage|p1a: Kyurem|0 fnt
|faint|p1a: Kyurem
|
|upkeep
|
|t:|1760788004
|switch|p1a: Great Tusk|Great Tusk|100/100
|turn|6
|
|t:|1760788013
|move|p1a: Great Tusk|Rapid Spin|p2a: Kingambit
|-resisted|p2a: Kingambit
|-damage|p2a: Kingambit|93/100
|-boost|p1a: Great Tusk|spe|1
|-sideend|p1: Vuzi|Toxic Spikes|[from] move: Rapid Spin|[of] p1a: Great Tusk
|-sideend|p1: Vuzi|Stealth Rock|[from] move: Rapid Spin|[of] p1a: Great Tusk
|move|p2a: Kingambit|Swords Dance|p2a: Kingambit
|-boost|p2a: Kingambit|atk|2
|
|upkeep
|turn|7
|
|t:|1760788022
|move|p1a: Great Tusk|Headlong Rush|p2a: Kingambit
|-supereffective|p2a: Kingambit
|-damage|p2a: Kingambit|0 fnt
|-unboost|p1a: Great Tusk|def|1
|-unboost|p1a: Great Tusk|spd|1
|faint|p2a: Kingambit
|-end|p2a: Kingambit|fallen2|[silent]
|
|upkeep
|
|t:|1760788032
|switch|p2a: Zamazenta|Zamazenta|100/100
|-ability|p2a: Zamazenta|Dauntless Shield|boost
|-boost|p2a: Zamazenta|def|1
|turn|8
|
|t:|1760788042
|move|p1a: Great Tusk|Knock Off|p2a: Zamazenta
|-resisted|p2a: Zamazenta
|-damage|p2a: Zamazenta|93/100
|-enditem|p2a: Zamazenta|Leftovers|[from] move: Knock Off|[of] p1a: Great Tusk
|move|p2a: Zamazenta|Iron Defense|p2a: Zamazenta
|-boost|p2a: Zamazenta|def|2
|
|upkeep
|turn|9
|
|t:|1760788056
|move|p1a: Great Tusk|Headlong Rush|p2a: Zamazenta
|-damage|p2a: Zamazenta|74/100
|-unboost|p1a: Great Tusk|def|1
|-unboost|p1a: Great Tusk|spd|1
|move|p2a: Zamazenta|Body Press|p1a: Great Tusk
|-damage|p1a: Great Tusk|0 fnt
|faint|p1a: Great Tusk
|-end|p1a: Great Tusk|Protosynthesis|[silent]
|
|upkeep
|
|t:|1760788061
|switch|p1a: Iron Valiant|Iron Valiant|100/100
|turn|10
|
|t:|1760788068
|move|p2a: Zamazenta|Body Press|p1a: Iron Valiant
|-resisted|p1a: Iron Valiant
|-damage|p1a: Iron Valiant|48/100
|move|p1a: Iron Valiant|Moonblast|p2a: Zamazenta
|-supereffective|p2a: Zamazenta
|-damage|p2a: Zamazenta|0 fnt
|faint|p2a: Zamazenta
|
|upkeep
|
|t:|1760788074
|switch|p2a: Darkrai|Darkrai|100/100
|turn|11
|
|t:|1760788079
|move|p2a: Darkrai|Sludge Bomb|p1a: Iron Valiant
|-supereffective|p1a: Iron Valiant
|-damage|p1a: Iron Valiant|0 fnt
|faint|p1a: Iron Valiant
|-end|p1a: Iron Valiant|Quark Drive|[silent]
|
|upkeep
|
|t:|1760788082
|switch|p1a: Kingambit|Kingambit, F|100/100
|-activate|p1a: Kingambit|ability: Supreme Overlord
|-start|p1a: Kingambit|fallen3|[silent]
|turn|12
|
|t:|1760788090
|switch|p2a: Iron Valiant|Iron Valiant, shiny|100/100
|-enditem|p2a: Iron Valiant|Booster Energy
|-activate|p2a: Iron Valiant|ability: Quark Drive|[fromitem]
|-start|p2a: Iron Valiant|quarkdrivespe
|move|p1a: Kingambit|Swords Dance|p1a: Kingambit
|-boost|p1a: Kingambit|atk|2
|
|upkeep
|turn|13
|
|t:|1760788099
|-terastallize|p1a: Kingambit|Fire
|move|p2a: Iron Valiant|Vacuum Wave|p1a: Kingambit
|-damage|p1a: Kingambit|80/100
|move|p1a: Kingambit|Tera Blast|p2a: Iron Valiant|[anim] Tera Blast Fire
|-damage|p2a: Iron Valiant|0 fnt
|faint|p2a: Iron Valiant
|-end|p2a: Iron Valiant|Quark Drive|[silent]
|
|upkeep
|
|t:|1760788106
|switch|p2a: Darkrai|Darkrai|100/100
|turn|14
|
|t:|1760788109
|move|p2a: Darkrai|Focus Blast|p1a: Kingambit|[miss]
|-miss|p2a: Darkrai|p1a: Kingambit
|move|p1a: Kingambit|Tera Blast|p2a: Darkrai|[anim] Tera Blast Fire
|-damage|p2a: Darkrai|0 fnt
|faint|p2a: Darkrai
|
|win|Vuzi
|raw|Vuzi's rating: 1054 &rarr; <strong>1081</strong><br />(+27 for winning)
|raw|fentanyl fart's rating: 1000 &rarr; <strong>1000</strong><br />(+0 for losing)
|l|☆fentanyl fart
|player|p2|
