|j|☆xail44
|j|‽SuperiorSquid
|t:|1760828513
|gametype|singles
|player|p1|xail44|101|1117
|player|p2|SuperiorSquid|brycenman|1094
|gen|9
|tier|[Gen 9] OU
|rated|
|rule|HP Percentage Mod: HP is shown in percentages
|rule|Endless Battle Clause: Forcing endless battles is banned
|rule|Species Clause: Limit one of each Pokémon
|rule|OHKO Clause: OHKO moves are banned
|rule|Evasion Items Clause: Evasion items are banned
|rule|Evasion Moves Clause: Evasion moves are banned
|rule|Evasion Abilities Clause: Evasion abilities are banned
|rule|Sleep Moves Clause: Sleep-inducing moves are banned
|clearpoke
|poke|p1|Hatterene, F|
|poke|p1|Honchkrow, M|
|poke|p1|Terrakion|
|poke|p1|Alomomola, M|
|poke|p1|Metagross|
|poke|p1|Salazzle, F|
|poke|p2|Toxicroak, M|
|poke|p2|Krookodile, M|
|poke|p2|Noivern, M|
|poke|p2|Inteleon, M|
|poke|p2|Trevenant, M|
|poke|p2|Ceruledge, F|
|teampreview
|inactive|Battle timer is ON: inactive players will automatically lose when time's up. (requested by xail44)
|
|t:|1760828520
|teamsize|p1|6
|teamsize|p2|6
|start
|switch|p1a: Terrakion|Terrakion|100/100
|switch|p2a: Ceruledge|Ceruledge, F|100/100
|turn|1
|
|t:|1760828544
|switch|p2a: Trevenant|Trevenant, M|100/100
|move|p1a: Terrakion|Stone Edge|p2a: Trevenant
|-damage|p2a: Trevenant|40/100
|-enditem|p2a: Trevenant|Sitrus Berry|[eat]
|-heal|p2a: Trevenant|65/100|[from] item: Sitrus Berry
|
|upkeep
|turn|2
|
|t:|1760828552
|move|p1a: Terrakion|Stealth Rock|p2a: Trevenant
|-sidestart|p2: SuperiorSquid|move: Stealth Rock
|move|p2a: Trevenant|Wood Hammer|p1a: Terrakion
|-supereffective|p1a: Terrakion
|-damage|p1a: Terrakion|1/100
|-damage|p2a: Trevenant|36/100|[from] Recoil
|
|-heal|p1a: Terrakion|8/100|[from] item: Leftovers
|upkeep
|turn|3
|
|t:|1760828561
|move|p1a: Terrakion|Stone Edge|p2a: Trevenant
|-damage|p2a: Trevenant|0 fnt
|faint|p2a: Trevenant
|
|-heal|p1a: Terrakion|14/100|[from] item: Leftovers
|upkeep
|
|t:|1760828566
|switch|p2a: Noivern|Noivern, M|100/100
|-damage|p2a: Noivern|76/100|[from] Stealth Rock
|turn|4
|
|t:|1760828572
|move|p2a: Noivern|Boomburst|p1a: Terrakion
|-resisted|p1a: Terrakion
|-damage|p1a: Terrakion|0 fnt
|faint|p1a: Terrakion
|
|upkeep
|
|t:|1760828576
|switch|p1a: Hatterene|Hatterene, F|100/100
|turn|5
|
|t:|1760828583
|-terastallize|p2a: Noivern|Flying
|move|p2a: Noivern|Boomburst|p1a: Hatterene
|-damage|p1a: Hatterene|58/100
|move|p1a: Hatterene|Trick Room|p1a: Hatterene
|-fieldstart|move: Trick Room|[of] p1a: Hatterene
|
|upkeep
|turn|6
|
|t:|1760828590
|move|p1a: Hatterene|Misty Explosion|p2a: Noivern
|-damage|p2a: Noivern|2/100
|faint|p1a: Hatterene
|move|p2a: Noivern|Boomburst|p1: Hatterene|[notarget]
|-fail|p2a: Noivern
|
|upkeep
|
|t:|1760828593
|switch|p1a: Honchkrow|Honchkrow, M|100/100
|-enditem|p1a: Honchkrow|Room Service
|-unboost|p1a: Honchkrow|spe|1|[from] item: Room Service
|turn|7
|
|t:|1760828600
|move|p1a: Honchkrow|Acrobatics|p2a: Noivern
|-damage|p2a: Noivern|0 fnt
|faint|p2a: Noivern
|-ability|p1a: Honchkrow|Moxie|boost
|-boost|p1a: Honchkrow|atk|1
|
|upkeep
|
|t:|1760828606
|switch|p2a: Toxicroak|Toxicroak, M|100/100
|-damage|p2a: Toxicroak|94/100|[from] Stealth Rock
|turn|8
|
|t:|1760828613
|move|p1a: Honchkrow|Acrobatics|p2a: Toxicroak
|-supereffective|p2a: Toxicroak
|-damage|p2a: Toxicroak|0 fnt
|faint|p2a: Toxicroak
|-ability|p1a: Honchkrow|Moxie|boost
|-boost|p1a: Honchkrow|atk|1
|
|upkeep
|
|t:|1760828621
|switch|p2a: Krookodile|Krookodile, M|100/100
|-damage|p2a: Krookodile|94/100|[from] Stealth Rock
|turn|9
|
|t:|1760828626
|move|p1a: Honchkrow|Acrobatics|p2a: Krookodile
|-damage|p2a: Krookodile|0 fnt
|faint|p2a: Krookodile
|-ability|p1a: Honchkrow|Moxie|boost
|-boost|p1a: Honchkrow|atk|1
|
|-fieldend|move: Trick Room
|upkeep
|
|t:|1760828629
|switch|p2a: Ceruledge|Ceruledge, F|100/100
|-damage|p2a: Ceruledge|76/100|[from] Stealth Rock
|turn|10
|
|t:|1760828633
|move|p1a: Honchkrow|Sucker Punch|p2a: Ceruledge
|-supereffective|p2a: Ceruledge
|-damage|p2a: Ceruledge|0 fnt
|faint|p2a: Ceruledge
|-ability|p1a: Honchkrow|Moxie|boost
|-boost|p1a: Honchkrow|atk|1
|
|upkeep
|
|t:|1760828635
|switch|p2a: Inteleon|Inteleon, M|100/100
|-damage|p2a: Inteleon|88/100|[from] Stealth Rock
|turn|11
|
|t:|1760828638
|move|p1a: Honchkrow|Sucker Punch|p2a: Inteleon
|-damage|p2a: Inteleon|0 fnt
|faint|p2a: Inteleon
|
|win|xail44
|raw|xail44's rating: 1117 &rarr; <strong>1140</strong><br />(+23 for winning)
|raw|SuperiorSquid's rating: 1094 &rarr; <strong>1071</strong><br />(-23 for losing)
|l|☆xail44
|player|p1|
|l|‽SuperiorSquid
|player|p2|
