|j|☆beaverrrrrrr
|j|☆majidshadow2015
|t:|1760860612
|gametype|singles
|player|p1|beaverrrrrrr|n|1112
|player|p2|majidshadow2015|nate|1170
|gen|9
|tier|[Gen 9] OU
|rated|
|rule|HP Percentage Mod: HP is shown in percentages
|rule|Endless Battle Clause: Forcing endless battles is banned
|rule|Species Clause: Limit one of each Pokémon
|rule|OHKO Clause: OHKO moves are banned
|rule|Evasion Items Clause: Evasion items are banned
|rule|Evasion Moves Clause: Evasion moves are banned
|rule|Evasion Abilities Clause: Evasion abilities are banned
|rule|Sleep Moves Clause: Sleep-inducing moves are banned
|clearpoke
|poke|p1|Iron Crown|
|poke|p1|Rillaboom, F|
|poke|p1|Landorus-Therian, M|
|poke|p1|Kingambit, F|
|poke|p1|Zamazenta-*|
|poke|p1|Alomomola, F|
|poke|p2|Greninja-*, M|
|poke|p2|Meowscarada, F|
|poke|p2|Landorus-Therian, M|
|poke|p2|Garganacl, M|
|poke|p2|Dragonite, M|
|poke|p2|Goodra-Hisui, M|
|teampreview
|inactive|Battle timer is ON: inactive players will automatically lose when time's up. (requested by majidshadow2015)
|
|t:|1760860622
|teamsize|p1|6
|teamsize|p2|6
|start
|switch|p1a: Rillaboom|Rillaboom, F|100/100
|switch|p2a: Garganacl|Garganacl, M|100/100
|-fieldstart|move: Grassy Terrain|[from] ability: Grassy Surge|[of] p1a: Rillaboom
|turn|1
|
|t:|1760860635
|move|p1a: Rillaboom|Grassy Glide|p2a: Garganacl
|-supereffective|p2a: Garganacl
|-damage|p2a: Garganacl|69/100
|move|p2a: Garganacl|Stealth Rock|p1a: Rillaboom
|-sidestart|p1: beaverrrrrrr|move: Stealth Rock
|
|-heal|p2a: Garganacl|75/100|[from] Grassy Terrain
|-heal|p2a: Garganacl|81/100|[from] item: Leftovers
|upkeep
|turn|2
|
|t:|1760860647
|move|p1a: Rillaboom|Wood Hammer|p2a: Garganacl
|-supereffective|p2a: Garganacl
|-damage|p2a: Garganacl|16/100
|-damage|p1a: Rillaboom|79/100|[from] Recoil
|move|p2a: Garganacl|Salt Cure|p1a: Rillaboom
|-damage|p1a: Rillaboom|68/100
|-start|p1a: Rillaboom|Salt Cure
|
|-heal|p1a: Rillaboom|75/100|[from] Grassy Terrain
|-heal|p2a: Garganacl|22/100|[from] Grassy Terrain
|-heal|p2a: Garganacl|28/100|[from] item: Leftovers
|-damage|p1a: Rillaboom|62/100|[from] Salt Cure
|upkeep
|turn|3
|
|t:|1760860661
|switch|p2a: Goodra|Goodra-Hisui, M|100/100
|move|p1a: Rillaboom|Knock Off|p2a: Goodra
|-damage|p2a: Goodra|74/100
|-ability|p2a: Goodra|Gooey
|-unboost|p1a: Rillaboom|spe|1
|-enditem|p2a: Goodra|Assault Vest|[from] move: Knock Off|[of] p1a: Rillaboom
|
|-heal|p2a: Goodra|80/100|[from] Grassy Terrain
|-heal|p1a: Rillaboom|68/100|[from] Grassy Terrain
|-damage|p1a: Rillaboom|56/100|[from] Salt Cure
|upkeep
|turn|4
|
|t:|1760860675
|move|p2a: Goodra|Ice Beam|p1a: Rillaboom
|-supereffective|p1a: Rillaboom
|-damage|p1a: Rillaboom|22/100
|move|p1a: Rillaboom|U-turn|p2a: Goodra
|-resisted|p2a: Goodra
|-damage|p2a: Goodra|71/100
|-ability|p2a: Goodra|Gooey
|-unboost|p1a: Rillaboom|spe|1
|
|t:|1760860687
|switch|p1a: Zamazenta|Zamazenta|100/100|[from] U-turn
|-damage|p1a: Zamazenta|94/100|[from] Stealth Rock
|-ability|p1a: Zamazenta|Dauntless Shield|boost
|-boost|p1a: Zamazenta|def|1
|
|-heal|p1a: Zamazenta|100/100|[from] Grassy Terrain
|-heal|p2a: Goodra|77/100|[from] Grassy Terrain
|upkeep
|turn|5
|
|t:|1760860699
|-terastallize|p2a: Goodra|Flying
|move|p1a: Zamazenta|Iron Defense|p1a: Zamazenta
|-boost|p1a: Zamazenta|def|2
|move|p2a: Goodra|Draco Meteor|p1a: Zamazenta
|-damage|p1a: Zamazenta|46/100
|-unboost|p2a: Goodra|spa|2
|
|-heal|p1a: Zamazenta|53/100|[from] Grassy Terrain
|-heal|p1a: Zamazenta|59/100|[from] item: Leftovers
|-fieldend|move: Grassy Terrain
|upkeep
|turn|6
|
|t:|1760860713
|switch|p2a: Dragonite|Dragonite, M|100/100
|move|p1a: Zamazenta|Play Rough|p2a: Dragonite
|-supereffective|p2a: Dragonite
|-damage|p2a: Dragonite|69/100
|
|-heal|p1a: Zamazenta|65/100|[from] item: Leftovers
|-heal|p2a: Dragonite|76/100|[from] item: Leftovers
|upkeep
|turn|7
|inactive|beaverrrrrrr has 120 seconds left.
|
|t:|1760860743
|switch|p1a: Landorus|Landorus-Therian, M|100/100
|-damage|p1a: Landorus|88/100|[from] Stealth Rock
|-ability|p1a: Landorus|Intimidate|boost
|-unboost|p2a: Dragonite|atk|1
|move|p2a: Dragonite|Earthquake|p1a: Landorus
|-immune|p1a: Landorus
|
|-heal|p2a: Dragonite|82/100|[from] item: Leftovers
|upkeep
|turn|8
|inactive|beaverrrrrrr has 120 seconds left.
|
|t:|1760860758
|move|p1a: Landorus|Stealth Rock|p2a: Dragonite
|-sidestart|p2: majidshadow2015|move: Stealth Rock
|move|p2a: Dragonite|Roost|p2a: Dragonite
|-heal|p2a: Dragonite|100/100
|-singleturn|p2a: Dragonite|move: Roost
|
|upkeep
|turn|9
|inactive|beaverrrrrrr has 120 seconds left.
|
|t:|1760860772
|move|p2a: Dragonite|Extreme Speed|p1a: Landorus
|-damage|p1a: Landorus|73/100
|-damage|p2a: Dragonite|84/100|[from] item: Rocky Helmet|[of] p1a: Landorus
|move|p1a: Landorus|U-turn|p2a: Dragonite
|-resisted|p2a: Dragonite
|-damage|p2a: Dragonite|74/100
|inactive|beaverrrrrrr has 120 seconds left.
|
|t:|1760860783
|switch|p1a: Alomomola|Alomomola, F|100/100|[from] U-turn
|-damage|p1a: Alomomola|88/100|[from] Stealth Rock
|
|-heal|p2a: Dragonite|80/100|[from] item: Leftovers
|-heal|p1a: Alomomola|94/100|[from] item: Leftovers
|upkeep
|turn|10
|inactive|beaverrrrrrr has 120 seconds left.
|
|t:|1760860797
|switch|p2a: Meowscarada|Meowscarada, F|100/100
|move|p1a: Alomomola|Waterfall|p2a: Meowscarada
|-resisted|p2a: Meowscarada
|-damage|p2a: Meowscarada|84/100
|
|-heal|p1a: Alomomola|100/100|[from] item: Leftovers
|upkeep
|turn|11
|inactive|beaverrrrrrr has 120 seconds left.
|
|t:|1760860823
|switch|p1a: Kingambit|Kingambit, F|100/100
|-damage|p1a: Kingambit|94/100|[from] Stealth Rock
|move|p2a: Meowscarada|U-turn|p1a: Kingambit
|-start|p2a: Meowscarada|typechange|Bug|[from] ability: Protean
|-damage|p1a: Kingambit|70/100
|
|t:|1760860836
|switch|p2a: Landorus|Landorus-Therian, M|100/100|[from] U-turn
|-ability|p2a: Landorus|Intimidate|boost
|-unboost|p1a: Kingambit|atk|1
|
|upkeep
|turn|12
|
|t:|1760860847
|-end|p1a: Kingambit|fallenundefined|[silent]
|switch|p1a: Alomomola|Alomomola, F|100/100
|-damage|p1a: Alomomola|88/100|[from] Stealth Rock
|move|p2a: Landorus|U-turn|p1a: Alomomola
|-damage|p1a: Alomomola|73/100
|
|t:|1760860854
|switch|p2a: Meowscarada|Meowscarada, F|84/100|[from] U-turn
|
|-heal|p1a: Alomomola|79/100|[from] item: Leftovers
|upkeep
|turn|13
|inactive|beaverrrrrrr has 120 seconds left.
|
|t:|1760860864
|move|p2a: Meowscarada|Flower Trick|p1a: Alomomola
|-start|p2a: Meowscarada|typechange|Grass|[from] ability: Protean
|-supereffective|p1a: Alomomola
|-crit|p1a: Alomomola
|-damage|p1a: Alomomola|25/100
|move|p1a: Alomomola|Flip Turn|p2a: Meowscarada
|-resisted|p2a: Meowscarada
|-damage|p2a: Meowscarada|70/100
|inactive|beaverrrrrrr has 120 seconds left.
|
|t:|1760860874
|switch|p1a: Rillaboom|Rillaboom, F|22/100|[from] Flip Turn
|-damage|p1a: Rillaboom|10/100|[from] Stealth Rock
|-fieldstart|move: Grassy Terrain|[from] ability: Grassy Surge|[of] p1a: Rillaboom
|
|-heal|p2a: Meowscarada|77/100|[from] Grassy Terrain
|-heal|p1a: Rillaboom|16/100|[from] Grassy Terrain
|upkeep
|turn|14
|inactive|beaverrrrrrr has 120 seconds left.
|
|t:|1760860893
|switch|p1a: Landorus|Landorus-Therian, M|73/100
|-damage|p1a: Landorus|61/100|[from] Stealth Rock
|-ability|p1a: Landorus|Intimidate|boost
|-unboost|p2a: Meowscarada|atk|1
|move|p2a: Meowscarada|Sucker Punch||[still]
|-fail|p2a: Meowscarada
|
|-heal|p2a: Meowscarada|83/100|[from] Grassy Terrain
|upkeep
|turn|15
|
|t:|1760860904
|move|p2a: Meowscarada|U-turn|p1a: Landorus
|-resisted|p1a: Landorus
|-damage|p1a: Landorus|55/100
|-damage|p2a: Meowscarada|66/100|[from] item: Rocky Helmet|[of] p1a: Landorus
|
|t:|1760860908
|switch|p2a: Landorus|Landorus-Therian, M|100/100|[from] U-turn
|-ability|p2a: Landorus|Intimidate|boost
|-unboost|p1a: Landorus|atk|1
|move|p1a: Landorus|U-turn|p2a: Landorus
|-resisted|p2a: Landorus
|-damage|p2a: Landorus|92/100
|
|t:|1760860921
|switch|p1a: Alomomola|Alomomola, F|58/100|[from] U-turn
|-damage|p1a: Alomomola|46/100|[from] Stealth Rock
|
|-heal|p1a: Alomomola|52/100|[from] Grassy Terrain
|-heal|p1a: Alomomola|58/100|[from] item: Leftovers
|upkeep
|turn|16
|
|t:|1760860929
|move|p2a: Landorus|U-turn|p1a: Alomomola
|-damage|p1a: Alomomola|43/100
|
|t:|1760860933
|switch|p2a: Meowscarada|Meowscarada, F|66/100|[from] U-turn
|move|p1a: Alomomola|Waterfall|p2a: Meowscarada
|-resisted|p2a: Meowscarada
|-damage|p2a: Meowscarada|49/100
|
|-heal|p2a: Meowscarada|55/100|[from] Grassy Terrain
|-heal|p1a: Alomomola|49/100|[from] Grassy Terrain
|-heal|p1a: Alomomola|55/100|[from] item: Leftovers
|upkeep
|turn|17
|inactive|beaverrrrrrr has 120 seconds left.
|
|t:|1760860952
|switch|p1a: Landorus|Landorus-Therian, M|55/100
|-damage|p1a: Landorus|43/100|[from] Stealth Rock
|-ability|p1a: Landorus|Intimidate|boost
|-unboost|p2a: Meowscarada|atk|1
|move|p2a: Meowscarada|Flower Trick|p1a: Landorus
|-start|p2a: Meowscarada|typechange|Grass|[from] ability: Protean
|-crit|p1a: Landorus
|-damage|p1a: Landorus|0 fnt
|faint|p1a: Landorus
|
|-heal|p2a: Meowscarada|61/100|[from] Grassy Terrain
|-fieldend|move: Grassy Terrain
|upkeep
|
|t:|1760860967
|switch|p1a: Kingambit|Kingambit, F|70/100
|-damage|p1a: Kingambit|64/100|[from] Stealth Rock
|-activate|p1a: Kingambit|ability: Supreme Overlord
|-start|p1a: Kingambit|fallen1|[silent]
|turn|18
|
|t:|1760860973
|move|p2a: Meowscarada|U-turn|p1a: Kingambit
|-damage|p1a: Kingambit|54/100
|
|t:|1760860976
|switch|p2a: Landorus|Landorus-Therian, M|92/100|[from] U-turn
|-ability|p2a: Landorus|Intimidate|boost
|-unboost|p1a: Kingambit|atk|1
|move|p1a: Kingambit|Low Kick|p2a: Landorus
|-resisted|p2a: Landorus
|-damage|p2a: Landorus|79/100
|
|upkeep
|turn|19
|inactive|beaverrrrrrr has 120 seconds left.
|
|t:|1760860985
|-end|p1a: Kingambit|fallen1|[silent]
|switch|p1a: Alomomola|Alomomola, F|88/100
|-damage|p1a: Alomomola|76/100|[from] Stealth Rock
|move|p2a: Landorus|Earthquake|p1a: Alomomola
|-damage|p1a: Alomomola|48/100
|
|-heal|p1a: Alomomola|54/100|[from] item: Leftovers
|upkeep
|turn|20
|
|t:|1760860993
|move|p2a: Landorus|U-turn|p1a: Alomomola
|-damage|p1a: Alomomola|41/100
|
|t:|1760860995
|switch|p2a: Meowscarada|Meowscarada, F|61/100|[from] U-turn
|move|p1a: Alomomola|Flip Turn|p2a: Meowscarada
|-resisted|p2a: Meowscarada
|-damage|p2a: Meowscarada|48/100
|
|t:|1760861004
|switch|p1a: Zamazenta|Zamazenta|65/100|[from] Flip Turn
|-damage|p1a: Zamazenta|59/100|[from] Stealth Rock
|
|-heal|p1a: Zamazenta|65/100|[from] item: Leftovers
|upkeep
|turn|21
|
|t:|1760861012
|switch|p2a: Landorus|Landorus-Therian, M|79/100
|-ability|p2a: Landorus|Intimidate|boost
|-unboost|p1a: Zamazenta|atk|1
|move|p1a: Zamazenta|Body Press|p2a: Landorus
|-resisted|p2a: Landorus
|-damage|p2a: Landorus|61/100
|
|-heal|p1a: Zamazenta|71/100|[from] item: Leftovers
|upkeep
|turn|22
|
|t:|1760861028
|switch|p1a: Alomomola|Alomomola, F|75/100
|-damage|p1a: Alomomola|62/100|[from] Stealth Rock
|move|p2a: Landorus|Fly||[still]
|-prepare|p2a: Landorus|Fly
|
|-heal|p1a: Alomomola|68/100|[from] item: Leftovers
|upkeep
|turn|23
|
|t:|1760861040
|move|p2a: Landorus|Fly|p1a: Alomomola|[from] lockedmove
|-damage|p1a: Alomomola|43/100
|move|p1a: Alomomola|Waterfall|p2a: Landorus
|-supereffective|p2a: Landorus
|-damage|p2a: Landorus|11/100
|
|-heal|p1a: Alomomola|49/100|[from] item: Leftovers
|upkeep
|turn|24
|
|t:|1760861049
|move|p2a: Landorus|U-turn|p1a: Alomomola
|-damage|p1a: Alomomola|34/100
|
|t:|1760861051
|switch|p2a: Goodra|Goodra-Hisui, M, tera:Flying|77/100|[from] U-turn
|-damage|p2a: Goodra|52/100|[from] Stealth Rock
|move|p1a: Alomomola|Flip Turn|p2a: Goodra
|-damage|p2a: Goodra|37/100
|-ability|p2a: Goodra|Gooey
|-unboost|p1a: Alomomola|spe|1
|
|t:|1760861062
|switch|p1a: Iron Crown|Iron Crown|100/100|[from] Flip Turn
|-damage|p1a: Iron Crown|94/100|[from] Stealth Rock
|-enditem|p1a: Iron Crown|Booster Energy
|-activate|p1a: Iron Crown|ability: Quark Drive|[fromitem]
|-start|p1a: Iron Crown|quarkdrivespa
|
|upkeep
|turn|25
|
|t:|1760861076
|move|p1a: Iron Crown|Volt Switch|p2a: Goodra
|-supereffective|p2a: Goodra
|-damage|p2a: Goodra|0 fnt
|faint|p2a: Goodra
|
|t:|1760861093
|-end|p1a: Iron Crown|Quark Drive|[silent]
|switch|p1a: Rillaboom|Rillaboom, F|16/100|[from] Volt Switch
|-damage|p1a: Rillaboom|4/100|[from] Stealth Rock
|-fieldstart|move: Grassy Terrain|[from] ability: Grassy Surge|[of] p1a: Rillaboom
|
|-heal|p1a: Rillaboom|10/100|[from] Grassy Terrain
|upkeep
|
|t:|1760861100
|switch|p2a: Meowscarada|Meowscarada, F|48/100
|turn|26
|
|t:|1760861111
|move|p2a: Meowscarada|Sucker Punch|p1a: Rillaboom
|-start|p2a: Meowscarada|typechange|Dark|[from] ability: Protean
|-damage|p1a: Rillaboom|0 fnt
|faint|p1a: Rillaboom
|
|-heal|p2a: Meowscarada|54/100|[from] Grassy Terrain
|upkeep
|
|t:|1760861120
|switch|p1a: Zamazenta|Zamazenta|71/100
|-damage|p1a: Zamazenta|65/100|[from] Stealth Rock
|turn|27
|
|t:|1760861127
|switch|p2a: Landorus|Landorus-Therian, M|11/100
|-ability|p2a: Landorus|Intimidate|boost
|-unboost|p1a: Zamazenta|atk|1
|move|p1a: Zamazenta|Iron Defense|p1a: Zamazenta
|-boost|p1a: Zamazenta|def|2
|
|-heal|p1a: Zamazenta|71/100|[from] Grassy Terrain
|-heal|p1a: Zamazenta|77/100|[from] item: Leftovers
|upkeep
|turn|28
|
|t:|1760861138
|move|p1a: Zamazenta|Body Press|p2a: Landorus
|-resisted|p2a: Landorus
|-damage|p2a: Landorus|0 fnt
|faint|p2a: Landorus
|
|-heal|p1a: Zamazenta|83/100|[from] Grassy Terrain
|-heal|p1a: Zamazenta|90/100|[from] item: Leftovers
|upkeep
|
|t:|1760861147
|switch|p2a: Dragonite|Dragonite, M|80/100
|-damage|p2a: Dragonite|55/100|[from] Stealth Rock
|turn|29
|c|☆majidshadow2015|!weak zamazenta
|c| majidshadow2015|/raw <div class="infobox">Zamazenta (ignoring abilities):<br /><span class="message-effect-weak">Weaknesses</span>: Fairy, Flying, Psychic<br /><span class="message-effect-resist">Resistances</span>: Bug, Dark, Rock<br /><span class="message-effect-immune">Immunities</span>: <span class="gray">None</span></div>
|
|t:|1760861167
|switch|p1a: Alomomola|Alomomola, F|67/100
|-damage|p1a: Alomomola|55/100|[from] Stealth Rock
|move|p2a: Dragonite|Roost|p2a: Dragonite
|-heal|p2a: Dragonite|100/100
|-singleturn|p2a: Dragonite|move: Roost
|
|-heal|p1a: Alomomola|61/100|[from] Grassy Terrain
|-heal|p1a: Alomomola|67/100|[from] item: Leftovers
|-fieldend|move: Grassy Terrain
|upkeep
|turn|30
|
|t:|1760861182
|move|p2a: Dragonite|Iron Head|p1a: Alomomola
|-resisted|p1a: Alomomola
|-damage|p1a: Alomomola|61/100
|move|p1a: Alomomola|Waterfall|p2a: Dragonite
|-resisted|p2a: Dragonite
|-damage|p2a: Dragonite|95/100
|
|-heal|p2a: Dragonite|100/100|[from] item: Leftovers
|-heal|p1a: Alomomola|67/100|[from] item: Leftovers
|upkeep
|turn|31
|
|t:|1760861191
|move|p2a: Dragonite|Earthquake|p1a: Alomomola
|-damage|p1a: Alomomola|51/100
|move|p1a: Alomomola|Flip Turn|p2a: Dragonite
|-resisted|p2a: Dragonite
|-damage|p2a: Dragonite|97/100
|
|t:|1760861202
|switch|p1a: Iron Crown|Iron Crown|94/100|[from] Flip Turn
|-damage|p1a: Iron Crown|88/100|[from] Stealth Rock
|
|-heal|p2a: Dragonite|100/100|[from] item: Leftovers
|upkeep
|turn|32
|
|t:|1760861211
|move|p1a: Iron Crown|Volt Switch|p2a: Dragonite
|-damage|p2a: Dragonite|93/100
|inactive|beaverrrrrrr has 120 seconds left.
|c|☆majidshadow2015|...
|
|t:|1760861255
|-end|p1a: Iron Crown|Quark Drive|[silent]
|switch|p1a: Alomomola|Alomomola, F|85/100|[from] Volt Switch
|-damage|p1a: Alomomola|72/100|[from] Stealth Rock
|move|p2a: Dragonite|Earthquake|p1a: Alomomola
|-damage|p1a: Alomomola|55/100
|
|-heal|p2a: Dragonite|99/100|[from] item: Leftovers
|-heal|p1a: Alomomola|62/100|[from] item: Leftovers
|upkeep
|turn|33
|
|t:|1760861273
|move|p2a: Dragonite|Earthquake|p1a: Alomomola
|-damage|p1a: Alomomola|45/100
|move|p1a: Alomomola|Waterfall|p2a: Dragonite
|-resisted|p2a: Dragonite
|-damage|p2a: Dragonite|89/100
|
|-heal|p2a: Dragonite|95/100|[from] item: Leftovers
|-heal|p1a: Alomomola|51/100|[from] item: Leftovers
|upkeep
|turn|34
|
|t:|1760861284
|move|p2a: Dragonite|Earthquake|p1a: Alomomola
|-damage|p1a: Alomomola|35/100
|move|p1a: Alomomola|Waterfall|p2a: Dragonite
|-resisted|p2a: Dragonite
|-damage|p2a: Dragonite|84/100
|
|-heal|p2a: Dragonite|91/100|[from] item: Leftovers
|-heal|p1a: Alomomola|41/100|[from] item: Leftovers
|upkeep
|turn|35
|
|t:|1760861295
|move|p2a: Dragonite|Earthquake|p1a: Alomomola
|-damage|p1a: Alomomola|25/100
|move|p1a: Alomomola|Waterfall|p2a: Dragonite
|-resisted|p2a: Dragonite
|-damage|p2a: Dragonite|80/100
|
|-heal|p2a: Dragonite|86/100|[from] item: Leftovers
|-heal|p1a: Alomomola|31/100|[from] item: Leftovers
|upkeep
|turn|36
|
|t:|1760861304
|move|p2a: Dragonite|Earthquake|p1a: Alomomola
|-damage|p1a: Alomomola|15/100
|move|p1a: Alomomola|Pain Split|p2a: Dragonite
|-sethp|p2a: Dragonite|53/100|[from] move: Pain Split|[silent]
|-sethp|p1a: Alomomola|39/100|[from] move: Pain Split
|
|-heal|p2a: Dragonite|60/100|[from] item: Leftovers
|-heal|p1a: Alomomola|45/100|[from] item: Leftovers
|upkeep
|turn|37
|
|t:|1760861318
|move|p2a: Dragonite|Roost|p2a: Dragonite
|-heal|p2a: Dragonite|100/100
|-singleturn|p2a: Dragonite|move: Roost
|move|p1a: Alomomola|Waterfall|p2a: Dragonite
|-resisted|p2a: Dragonite
|-damage|p2a: Dragonite|96/100
|
|-heal|p2a: Dragonite|100/100|[from] item: Leftovers
|-heal|p1a: Alomomola|51/100|[from] item: Leftovers
|upkeep
|turn|38
|
|t:|1760861328
|switch|p2a: Meowscarada|Meowscarada, F|54/100
|move|p1a: Alomomola|Pain Split|p2a: Meowscarada
|-sethp|p2a: Meowscarada|73/100|[from] move: Pain Split|[silent]
|-sethp|p1a: Alomomola|40/100|[from] move: Pain Split
|
|-heal|p1a: Alomomola|47/100|[from] item: Leftovers
|upkeep
|turn|39
|c|☆majidshadow2015|f that shit pokemon
|
|t:|1760861341
|switch|p1a: Zamazenta|Zamazenta|90/100
|-damage|p1a: Zamazenta|83/100|[from] Stealth Rock
|move|p2a: Meowscarada|Flower Trick|p1a: Zamazenta
|-start|p2a: Meowscarada|typechange|Grass|[from] ability: Protean
|-crit|p1a: Zamazenta
|-damage|p1a: Zamazenta|46/100
|
|-heal|p1a: Zamazenta|53/100|[from] item: Leftovers
|upkeep
|turn|40
|
|t:|1760861358
|switch|p2a: Dragonite|Dragonite, M|100/100
|-damage|p2a: Dragonite|76/100|[from] Stealth Rock
|move|p1a: Zamazenta|Play Rough|p2a: Dragonite
|-supereffective|p2a: Dragonite
|-damage|p2a: Dragonite|20/100
|
|-heal|p1a: Zamazenta|59/100|[from] item: Leftovers
|-heal|p2a: Dragonite|26/100|[from] item: Leftovers
|upkeep
|turn|41
|
|t:|1760861374
|move|p2a: Dragonite|Extreme Speed|p1a: Zamazenta
|-damage|p1a: Zamazenta|41/100
|move|p1a: Zamazenta|Play Rough|p2a: Dragonite
|-supereffective|p2a: Dragonite
|-damage|p2a: Dragonite|0 fnt
|faint|p2a: Dragonite
|
|-heal|p1a: Zamazenta|48/100|[from] item: Leftovers
|upkeep
|
|t:|1760861382
|switch|p2a: Meowscarada|Meowscarada, F|73/100
|turn|42
|
|t:|1760861401
|move|p2a: Meowscarada|Sucker Punch|p1a: Zamazenta
|-start|p2a: Meowscarada|typechange|Dark|[from] ability: Protean
|-resisted|p1a: Zamazenta
|-damage|p1a: Zamazenta|35/100
|move|p1a: Zamazenta|Play Rough|p2a: Meowscarada
|-supereffective|p2a: Meowscarada
|-damage|p2a: Meowscarada|0 fnt
|faint|p2a: Meowscarada
|
|-heal|p1a: Zamazenta|41/100|[from] item: Leftovers
|upkeep
|
|t:|1760861411
|switch|p2a: Greninja|Greninja, M|100/100
|-damage|p2a: Greninja|88/100|[from] Stealth Rock
|turn|43
|n|!majidshadow2015|majidshadow2015
|inactive|beaverrrrrrr has 90 seconds left.
|
|t:|1760861437
|move|p2a: Greninja|Surf|p1a: Zamazenta
|-damage|p1a: Zamazenta|12/100
|move|p1a: Zamazenta|Play Rough|p2a: Greninja
|-supereffective|p2a: Greninja
|-damage|p2a: Greninja|0 fnt
|faint|p2a: Greninja
|
|-heal|p1a: Zamazenta|18/100|[from] item: Leftovers
|upkeep
|
|t:|1760861446
|switch|p2a: Garganacl|Garganacl, M|28/100
|-damage|p2a: Garganacl|16/100|[from] Stealth Rock
|turn|44
|
|t:|1760861451
|move|p1a: Zamazenta|Body Press|p2a: Garganacl
|-supereffective|p2a: Garganacl
|-damage|p2a: Garganacl|0 fnt
|faint|p2a: Garganacl
|
|win|beaverrrrrrr
