|j|☆vghhjg
|j|☆BlueEyesKaiba
|t:|1760819129
|gametype|singles
|player|p1|vghhjg|1|1602
|player|p2|BlueEyesKaiba|lance|1573
|gen|9
|tier|[Gen 9] OU
|rated|
|rule|HP Percentage Mod: HP is shown in percentages
|rule|Endless Battle Clause: Forcing endless battles is banned
|rule|Species Clause: Limit one of each Pokémon
|rule|OHKO Clause: OHKO moves are banned
|rule|Evasion Items Clause: Evasion items are banned
|rule|Evasion Moves Clause: Evasion moves are banned
|rule|Evasion Abilities Clause: Evasion abilities are banned
|rule|Sleep Moves Clause: Sleep-inducing moves are banned
|clearpoke
|poke|p1|Ribombee, M|
|poke|p1|Gholdengo|
|poke|p1|Dragonite, M|
|poke|p1|Kingambit, F|
|poke|p1|Deoxys-Speed|
|poke|p1|Pecharunt|
|poke|p2|Suicune|
|poke|p2|Dragonite, M|
|poke|p2|Cinderace, F|
|poke|p2|Blaziken, M|
|poke|p2|Zamazenta-*|
|poke|p2|Latias, F|
|teampreview
|inactive|Battle timer is ON: inactive players will automatically lose when time's up. (requested by BlueEyesKaiba)
|
|t:|1760819142
|teamsize|p1|6
|teamsize|p2|6
|start
|switch|p1a: Ribombee|Ribombee, M|100/100
|switch|p2a: Suicune|Suicune, shiny|100/100
|-ability|p2a: Suicune|Pressure
|turn|1
|
|t:|1760819145
|move|p1a: Ribombee|Stun Spore|p2a: Suicune|[miss]
|-miss|p1a: Ribombee|p2a: Suicune
|move|p2a: Suicune|Calm Mind|p2a: Suicune
|-boost|p2a: Suicune|spa|1
|-boost|p2a: Suicune|spd|1
|
|upkeep
|turn|2
|
|t:|1760819149
|move|p1a: Ribombee|Stun Spore|p2a: Suicune|[miss]
|-miss|p1a: Ribombee|p2a: Suicune
|move|p2a: Suicune|Calm Mind|p2a: Suicune
|-boost|p2a: Suicune|spa|1
|-boost|p2a: Suicune|spd|1
|
|upkeep
|turn|3
|
|t:|1760819152
|move|p1a: Ribombee|Stun Spore|p2a: Suicune
|-status|p2a: Suicune|par
|move|p2a: Suicune|Scald|p1a: Ribombee
|-damage|p1a: Ribombee|33/100
|
|upkeep
|turn|4
|
|t:|1760819157
|move|p1a: Ribombee|Sticky Web|p2a: Suicune
|-sidestart|p2: BlueEyesKaiba|move: Sticky Web
|move|p2a: Suicune|Scald|p1a: Ribombee
|-damage|p1a: Ribombee|0 fnt
|faint|p1a: Ribombee
|
|upkeep
|
|t:|1760819174
|switch|p1a: Deoxys|Deoxys-Speed|100/100
|-ability|p1a: Deoxys|Pressure
|turn|5
|
|t:|1760819179
|move|p1a: Deoxys|Knock Off|p2a: Suicune
|-damage|p2a: Suicune|90/100 par
|-enditem|p2a: Suicune|Leftovers|[from] move: Knock Off|[of] p1a: Deoxys
|move|p2a: Suicune|Scald|p1a: Deoxys
|-damage|p1a: Deoxys|27/100
|
|upkeep
|turn|6
|
|t:|1760819184
|move|p1a: Deoxys|Stealth Rock|p2a: Suicune
|-sidestart|p2: BlueEyesKaiba|move: Stealth Rock
|move|p2a: Suicune|Scald|p1a: Deoxys
|-damage|p1a: Deoxys|0 fnt
|faint|p1a: Deoxys
|
|upkeep
|
|t:|1760819195
|switch|p1a: Dragonite|Dragonite, M|100/100
|turn|7
|
|t:|1760819198
|move|p1a: Dragonite|Dragon Dance|p1a: Dragonite
|-boost|p1a: Dragonite|atk|1
|-boost|p1a: Dragonite|spe|1
|move|p2a: Suicune|Scald|p1a: Dragonite
|-resisted|p1a: Dragonite
|-damage|p1a: Dragonite|87/100
|-status|p1a: Dragonite|brn
|
|-damage|p1a: Dragonite|81/100 brn|[from] brn
|upkeep
|turn|8
|
|t:|1760819207
|move|p1a: Dragonite|Dragon Dance|p1a: Dragonite
|-boost|p1a: Dragonite|atk|1
|-boost|p1a: Dragonite|spe|1
|move|p2a: Suicune|Rest|p2a: Suicune
|-status|p2a: Suicune|slp|[from] move: Rest
|-heal|p2a: Suicune|100/100 slp|[silent]
|
|-damage|p1a: Dragonite|75/100 brn|[from] brn
|upkeep
|turn|9
|
|t:|1760819212
|move|p1a: Dragonite|Dragon Dance|p1a: Dragonite
|-boost|p1a: Dragonite|atk|1
|-boost|p1a: Dragonite|spe|1
|cant|p2a: Suicune|slp
|move|p2a: Suicune|Sleep Talk|p2a: Suicune
|move|p2a: Suicune|Rest||[from] move: Sleep Talk|[still]
|-fail|p2a: Suicune
|
|-damage|p1a: Dragonite|69/100 brn|[from] brn
|upkeep
|turn|10
|
|t:|1760819215
|move|p1a: Dragonite|Encore||[still]
|-fail|p1a: Dragonite
|cant|p2a: Suicune|slp
|move|p2a: Suicune|Sleep Talk|p2a: Suicune
|move|p2a: Suicune|Rest||[from] move: Sleep Talk|[still]
|-fail|p2a: Suicune
|
|-damage|p1a: Dragonite|62/100 brn|[from] brn
|upkeep
|turn|11
|
|t:|1760819219
|move|p1a: Dragonite|Earthquake|p2a: Suicune
|-damage|p2a: Suicune|77/100 slp
|-curestatus|p2a: Suicune|slp|[msg]
|move|p2a: Suicune|Scald|p1a: Dragonite
|-resisted|p1a: Dragonite
|-damage|p1a: Dragonite|37/100 brn
|
|-damage|p1a: Dragonite|31/100 brn|[from] brn
|upkeep
|turn|12
|
|t:|1760819226
|move|p1a: Dragonite|Encore|p2a: Suicune
|-start|p2a: Suicune|Encore
|move|p2a: Suicune|Scald|p1a: Dragonite
|-resisted|p1a: Dragonite
|-damage|p1a: Dragonite|3/100 brn
|
|-damage|p1a: Dragonite|0 fnt|[from] brn
|faint|p1a: Dragonite
|upkeep
|
|t:|1760819235
|switch|p1a: Kingambit|Kingambit, F|100/100
|-activate|p1a: Kingambit|ability: Supreme Overlord
|-start|p1a: Kingambit|fallen3|[silent]
|turn|13
|
|t:|1760819243
|move|p2a: Suicune|Scald|p1a: Kingambit
|-damage|p1a: Kingambit|42/100
|-status|p1a: Kingambit|brn
|move|p1a: Kingambit|Swords Dance|p1a: Kingambit
|-boost|p1a: Kingambit|atk|2
|
|-damage|p1a: Kingambit|36/100 brn|[from] brn
|upkeep
|turn|14
|
|t:|1760819249
|move|p1a: Kingambit|Sucker Punch|p2a: Suicune
|-damage|p2a: Suicune|45/100
|move|p2a: Suicune|Scald|p1a: Kingambit
|-damage|p1a: Kingambit|0 fnt
|faint|p1a: Kingambit
|-end|p1a: Kingambit|fallen3|[silent]
|
|-end|p2a: Suicune|Encore
|upkeep
|c|☆BlueEyesKaiba|stop SD
|c|☆BlueEyesKaiba|risking burn
|c|☆vghhjg|ah well i just got a bit unlucky
|
|t:|1760819277
|switch|p1a: Pecharunt|Pecharunt|100/100
|-item|p1a: Pecharunt|Air Balloon
|turn|15
|
|t:|1760819281
|move|p1a: Pecharunt|Malignant Chain|p2a: Suicune
|-damage|p2a: Suicune|31/100
|move|p2a: Suicune|Scald|p1a: Pecharunt
|-damage|p1a: Pecharunt|44/100
|-status|p1a: Pecharunt|brn
|-enditem|p1a: Pecharunt|Air Balloon
|
|-damage|p1a: Pecharunt|38/100 brn|[from] brn
|upkeep
|turn|16
|
|t:|1760819287
|move|p1a: Pecharunt|Malignant Chain|p2a: Suicune
|-damage|p2a: Suicune|16/100
|move|p2a: Suicune|Rest|p2a: Suicune
|-status|p2a: Suicune|slp|[from] move: Rest
|-heal|p2a: Suicune|100/100 slp|[silent]
|
|-damage|p1a: Pecharunt|32/100 brn|[from] brn
|upkeep
|turn|17
|
|t:|1760819296
|move|p1a: Pecharunt|Nasty Plot|p1a: Pecharunt
|-boost|p1a: Pecharunt|spa|2
|cant|p2a: Suicune|slp
|move|p2a: Suicune|Sleep Talk|p2a: Suicune
|move|p2a: Suicune|Scald|p1a: Pecharunt|[from] move: Sleep Talk
|-damage|p1a: Pecharunt|0 fnt
|faint|p1a: Pecharunt
|
|upkeep
|
|t:|1760819299
|switch|p1a: Gholdengo|Gholdengo|100/100
|-item|p1a: Gholdengo|Air Balloon
|turn|18
|
|t:|1760819303
|move|p1a: Gholdengo|Nasty Plot|p1a: Gholdengo
|-boost|p1a: Gholdengo|spa|2
|cant|p2a: Suicune|slp
|move|p2a: Suicune|Sleep Talk|p2a: Suicune
|move|p2a: Suicune|Calm Mind|p2a: Suicune|[from] move: Sleep Talk
|-boost|p2a: Suicune|spa|1
|-boost|p2a: Suicune|spd|1
|
|upkeep
|turn|19
|
|t:|1760819311
|move|p1a: Gholdengo|Psyshock|p2a: Suicune
|-damage|p2a: Suicune|71/100 slp
|-curestatus|p2a: Suicune|slp|[msg]
|move|p2a: Suicune|Scald|p1a: Gholdengo
|-damage|p1a: Gholdengo|22/100
|-enditem|p1a: Gholdengo|Air Balloon
|
|upkeep
|turn|20
|
|t:|1760819317
|move|p1a: Gholdengo|Shadow Ball|p2a: Suicune
|-damage|p2a: Suicune|46/100
|-unboost|p2a: Suicune|spd|1
|move|p2a: Suicune|Scald|p1a: Gholdengo
|-damage|p1a: Gholdengo|0 fnt
|faint|p1a: Gholdengo
|
|win|BlueEyesKaiba
|raw|vghhjg's rating: 1602 &rarr; <strong>1580</strong><br />(-22 for losing)
|raw|BlueEyesKaiba's rating: 1573 &rarr; <strong>1595</strong><br />(+22 for winning)
|c|☆vghhjg|gg
|c|☆BlueEyesKaiba|gg
|l|☆vghhjg
|player|p1|
|l|☆BlueEyesKaiba
|player|p2|
