|j|☆tomatic
|j|☆Deathfrogie
|t:|1760809981
|gametype|singles
|player|p1|tomatic|hiker-gen4|1547
|player|p2|Deathfrogie|101|1543
|gen|9
|tier|[Gen 9] OU
|rated|
|rule|HP Percentage Mod: HP is shown in percentages
|rule|Endless Battle Clause: Forcing endless battles is banned
|rule|Species Clause: Limit one of each Pokémon
|rule|OHKO Clause: OHKO moves are banned
|rule|Evasion Items Clause: Evasion items are banned
|rule|Evasion Moves Clause: Evasion moves are banned
|rule|Evasion Abilities Clause: Evasion abilities are banned
|rule|Sleep Moves Clause: Sleep-inducing moves are banned
|clearpoke
|poke|p1|Maushold-Four|
|poke|p1|Scizor, F|
|poke|p1|Landorus-Therian, M|
|poke|p1|Dragonite, F|
|poke|p1|Hatterene, F|
|poke|p1|Rotom-Wash|
|poke|p2|Pelipper, F|
|poke|p2|Toxicroak, M|
|poke|p2|Iron Treads|
|poke|p2|Hatterene, F|
|poke|p2|Zapdos|
|poke|p2|Barraskewda, M|
|teampreview
|l|☆tomatic
|player|p1|
|inactive|Battle timer is ON: inactive players will automatically lose when time's up. (requested by Deathfrogie)
|j|☆tomatic
|inactive|tomatic reconnected and has 135 seconds left.
|player|p1|tomatic|hiker-gen4|
|inactive|Deathfrogie has 120 seconds left.
|inactive|tomatic has 120 seconds left.
|
|t:|1760810024
|teamsize|p1|6
|teamsize|p2|6
|start
|switch|p1a: Rotom|Rotom-Wash|100/100
|switch|p2a: Zapdos|Zapdos|100/100
|turn|1
|
|t:|1760810029
|move|p1a: Rotom|Hydro Pump|p2a: Zapdos
|-damage|p2a: Zapdos|43/100
|move|p2a: Zapdos|Volt Switch|p1a: Rotom
|-damage|p1a: Rotom|27/100
|
|t:|1760810036
|switch|p2a: Barraskewda|Barraskewda, M|100/100|[from] Volt Switch
|
|upkeep
|turn|2
|
|t:|1760810045
|switch|p1a: Landorus|Landorus-Therian, M|100/100
|-ability|p1a: Landorus|Intimidate|boost
|-unboost|p2a: Barraskewda|atk|1
|move|p2a: Barraskewda|Flip Turn|p1a: Landorus
|-supereffective|p1a: Landorus
|-damage|p1a: Landorus|42/100
|-damage|p2a: Barraskewda|84/100|[from] item: Rocky Helmet|[of] p1a: Landorus
|
|t:|1760810050
|switch|p2a: Zapdos|Zapdos|43/100|[from] Flip Turn
|
|upkeep
|turn|3
|
|t:|1760810056
|move|p2a: Zapdos|Hurricane|p1a: Landorus|[miss]
|-miss|p2a: Zapdos|p1a: Landorus
|move|p1a: Landorus|Stone Edge|p2a: Zapdos
|-supereffective|p2a: Zapdos
|-crit|p2a: Zapdos
|-damage|p2a: Zapdos|0 fnt
|faint|p2a: Zapdos
|
|upkeep
|
|t:|1760810060
|switch|p2a: Barraskewda|Barraskewda, M|84/100
|turn|4
|
|t:|1760810068
|move|p2a: Barraskewda|Flip Turn|p1a: Landorus
|-supereffective|p1a: Landorus
|-damage|p1a: Landorus|0 fnt
|-damage|p2a: Barraskewda|68/100|[from] item: Rocky Helmet|[of] p1a: Landorus
|faint|p1a: Landorus
|
|t:|1760810071
|switch|p2a: Pelipper|Pelipper, F|100/100|[from] Flip Turn
|-weather|RainDance|[from] ability: Drizzle|[of] p2a: Pelipper
|
|-weather|RainDance|[upkeep]
|upkeep
|
|t:|1760810077
|switch|p1a: Maushold|Maushold-Four|100/100
|turn|5
|
|t:|1760810088
|switch|p2a: Hatterene|Hatterene, F|100/100
|move|p1a: Maushold|Population Bomb|p2a: Hatterene
|-damage|p2a: Hatterene|91/100
|-damage|p2a: Hatterene|82/100
|-damage|p2a: Hatterene|73/100
|-damage|p2a: Hatterene|63/100
|-damage|p2a: Hatterene|55/100
|-damage|p2a: Hatterene|45/100
|-damage|p2a: Hatterene|34/100
|-damage|p2a: Hatterene|26/100
|-crit|p2a: Hatterene
|-damage|p2a: Hatterene|11/100
|-damage|p2a: Hatterene|1/100
|-hitcount|p2a: Hatterene|10
|-enditem|p2a: Hatterene|Eject Button
|
|t:|1760810092
|switch|p2a: Barraskewda|Barraskewda, M|68/100
|
|-weather|RainDance|[upkeep]
|upkeep
|turn|6
|
|t:|1760810097
|switch|p1a: Rotom|Rotom-Wash|27/100
|move|p2a: Barraskewda|Flip Turn|p1a: Rotom
|-resisted|p1a: Rotom
|-damage|p1a: Rotom|0 fnt
|faint|p1a: Rotom
|
|t:|1760810102
|switch|p2a: Hatterene|Hatterene, F|1/100|[from] Flip Turn
|
|-weather|RainDance|[upkeep]
|upkeep
|
|t:|1760810109
|switch|p1a: Hatterene|Hatterene, F|100/100
|turn|7
|
|t:|1760810124
|switch|p2a: Iron Treads|Iron Treads|100/100
|move|p1a: Hatterene|Psychic Noise|p2a: Iron Treads
|-resisted|p2a: Iron Treads
|-damage|p2a: Iron Treads|85/100
|-start|p2a: Iron Treads|move: Heal Block
|
|-weather|RainDance|[upkeep]
|upkeep
|turn|8
|
|t:|1760810132
|move|p2a: Iron Treads|Earthquake|p1a: Hatterene
|-damage|p1a: Hatterene|55/100
|move|p1a: Hatterene|Mystical Fire|p2a: Iron Treads
|-supereffective|p2a: Iron Treads
|-damage|p2a: Iron Treads|64/100
|-unboost|p2a: Iron Treads|spa|1
|
|-weather|RainDance|[upkeep]
|-end|p2a: Iron Treads|move: Heal Block
|upkeep
|turn|9
|j| encostoo
|
|t:|1760810138
|move|p2a: Iron Treads|Earthquake|p1a: Hatterene
|-damage|p1a: Hatterene|9/100
|move|p1a: Hatterene|Mystical Fire|p2a: Iron Treads
|-supereffective|p2a: Iron Treads
|-damage|p2a: Iron Treads|44/100
|-unboost|p2a: Iron Treads|spa|1
|
|-weather|RainDance|[upkeep]
|-heal|p2a: Iron Treads|50/100|[from] item: Leftovers
|upkeep
|turn|10
|
|t:|1760810143
|move|p2a: Iron Treads|Earthquake|p1a: Hatterene
|-damage|p1a: Hatterene|0 fnt
|faint|p1a: Hatterene
|
|-weather|RainDance|[upkeep]
|-heal|p2a: Iron Treads|56/100|[from] item: Leftovers
|upkeep
|
|t:|1760810154
|switch|p1a: Scizor|Scizor, F|100/100
|turn|11
|
|t:|1760810166
|move|p2a: Iron Treads|Stealth Rock|p1a: Scizor
|-sidestart|p1: tomatic|move: Stealth Rock
|move|p1a: Scizor|Swords Dance|p1a: Scizor
|-boost|p1a: Scizor|atk|2
|
|-weather|none
|-heal|p2a: Iron Treads|62/100|[from] item: Leftovers
|upkeep
|turn|12
|
|t:|1760810178
|move|p2a: Iron Treads|Earthquake|p1a: Scizor
|-damage|p1a: Scizor|62/100
|move|p1a: Scizor|Knock Off|p2a: Iron Treads
|-damage|p2a: Iron Treads|10/100
|-enditem|p2a: Iron Treads|Leftovers|[from] move: Knock Off|[of] p1a: Scizor
|
|upkeep
|turn|13
|
|t:|1760810188
|move|p1a: Scizor|Bullet Punch|p2a: Iron Treads
|-resisted|p2a: Iron Treads
|-damage|p2a: Iron Treads|0 fnt
|faint|p2a: Iron Treads
|-end|p2a: Iron Treads|Quark Drive|[silent]
|
|upkeep
|c|☆Deathfrogie|!dt bullet punch
|c| Deathfrogie|/raw <ul class="utilichart"><li class="result"><span class="col movenamecol"><a href="https://dex.pokemonshowdown.com/moves/bulletpunch">Bullet Punch</a></span> <span class="col typecol"><img src="//play.pokemonshowdown.com/sprites/types/Steel.png" alt="Steel" width="32" height="14"><img src="//play.pokemonshowdown.com/sprites/categories/Physical.png" alt="Physical" width="32" height="14"></span> <span class="col labelcol"><em>Power</em><br>40</span> <span class="col widelabelcol"><em>Accuracy</em><br>100%</span> <span class="col pplabelcol"><em>PP</em><br>48</span> <span class="col movedesccol">Usually goes first.</span> </li><li style="clear:both"></li></ul>
|c| Deathfrogie|/raw <font size="1"><font color="#686868">Priority:</font> 1&nbsp;|&ThickSpace;<font color="#686868">Gen:</font> 4&nbsp;|&ThickSpace;&#10003; Contact&nbsp;|&ThickSpace;&#10003; Punch&nbsp;|&ThickSpace;<font color="#686868">Z-Power:</font> 100&nbsp;|&ThickSpace;<font color="#686868">Target:</font> One Adjacent Pokémon</font>

|
|t:|1760810210
|switch|p2a: Pelipper|Pelipper, F|100/100
|-weather|RainDance|[from] ability: Drizzle|[of] p2a: Pelipper
|turn|14
|
|t:|1760810216
|move|p1a: Scizor|Knock Off|p2a: Pelipper
|-damage|p2a: Pelipper|21/100
|-enditem|p2a: Pelipper|Damp Rock|[from] move: Knock Off|[of] p1a: Scizor
|move|p2a: Pelipper|Hurricane|p1a: Scizor
|-damage|p1a: Scizor|18/100
|-start|p1a: Scizor|confusion
|
|-weather|RainDance|[upkeep]
|upkeep
|turn|15
|
|t:|1760810227
|-activate|p1a: Scizor|confusion
|move|p1a: Scizor|Swords Dance|p1a: Scizor
|-boost|p1a: Scizor|atk|2
|move|p2a: Pelipper|U-turn|p1a: Scizor
|-resisted|p1a: Scizor
|-damage|p1a: Scizor|12/100
|
|t:|1760810230
|switch|p2a: Barraskewda|Barraskewda, M|68/100|[from] U-turn
|
|-weather|RainDance|[upkeep]
|upkeep
|turn|16
|
|t:|1760810233
|move|p2a: Barraskewda|Aqua Jet|p1a: Scizor
|-damage|p1a: Scizor|0 fnt
|faint|p1a: Scizor
|
|-weather|RainDance|[upkeep]
|upkeep
|
|t:|1760810236
|switch|p1a: Dragonite|Dragonite, F|100/100
|-damage|p1a: Dragonite|76/100|[from] Stealth Rock
|turn|17
|
|t:|1760810245
|switch|p2a: Toxicroak|Toxicroak, M|100/100
|move|p1a: Dragonite|Dragon Dance|p1a: Dragonite
|-boost|p1a: Dragonite|atk|1
|-boost|p1a: Dragonite|spe|1
|
|-weather|RainDance|[upkeep]
|-heal|p1a: Dragonite|82/100|[from] item: Leftovers
|upkeep
|turn|18
|
|t:|1760810265
|-terastallize|p2a: Toxicroak|Ghost
|move|p1a: Dragonite|Earthquake|p2a: Toxicroak
|-damage|p2a: Toxicroak|52/100
|move|p2a: Toxicroak|Encore|p1a: Dragonite
|-start|p1a: Dragonite|Encore
|
|-weather|RainDance|[upkeep]
|-heal|p2a: Toxicroak|64/100|[from] ability: Dry Skin
|-heal|p1a: Dragonite|88/100|[from] item: Leftovers
|upkeep
|turn|19
|
|t:|1760810275
|move|p1a: Dragonite|Earthquake|p2a: Toxicroak
|-damage|p2a: Toxicroak|19/100
|move|p2a: Toxicroak|Toxic|p1a: Dragonite
|-status|p1a: Dragonite|tox
|
|-weather|RainDance|[upkeep]
|-heal|p2a: Toxicroak|31/100|[from] ability: Dry Skin
|-heal|p1a: Dragonite|94/100 tox|[from] item: Leftovers
|-damage|p1a: Dragonite|88/100 tox|[from] psn
|upkeep
|turn|20
|
|t:|1760810279
|switch|p2a: Pelipper|Pelipper, F|21/100
|move|p1a: Dragonite|Earthquake|p2a: Pelipper
|-immune|p2a: Pelipper
|
|-weather|RainDance|[upkeep]
|-heal|p1a: Dragonite|94/100 tox|[from] item: Leftovers
|-damage|p1a: Dragonite|82/100 tox|[from] psn
|upkeep
|turn|21
|
|t:|1760810287
|switch|p1a: Maushold|Maushold-Four|100/100
|-damage|p1a: Maushold|88/100|[from] Stealth Rock
|move|p2a: Pelipper|Hurricane|p1a: Maushold
|-crit|p1a: Maushold
|-damage|p1a: Maushold|4/100
|
|-weather|none
|upkeep
|turn|22
|
|t:|1760810302
|switch|p2a: Hatterene|Hatterene, F|1/100
|move|p1a: Maushold|Tidy Up|p1a: Maushold
|-sideend|p1: tomatic|Stealth Rock
|-activate|p1a: Maushold|move: Tidy Up
|-boost|p1a: Maushold|atk|1
|-boost|p1a: Maushold|spe|1
|
|upkeep
|turn|23
|
|t:|1760810307
|move|p1a: Maushold|Bite|p2a: Hatterene
|-damage|p2a: Hatterene|0 fnt
|faint|p2a: Hatterene
|
|upkeep
|
|t:|1760810311
|switch|p2a: Pelipper|Pelipper, F|21/100
|-weather|RainDance|[from] ability: Drizzle|[of] p2a: Pelipper
|turn|24
|
|t:|1760810314
|move|p1a: Maushold|Bite|p2a: Pelipper
|-damage|p2a: Pelipper|0 fnt
|faint|p2a: Pelipper
|
|-weather|RainDance|[upkeep]
|upkeep
|
|t:|1760810317
|switch|p2a: Barraskewda|Barraskewda, M|68/100
|turn|25
|
|t:|1760810321
|move|p2a: Barraskewda|Liquidation|p1a: Maushold
|-damage|p1a: Maushold|0 fnt
|faint|p1a: Maushold
|
|-weather|RainDance|[upkeep]
|upkeep
|
|t:|1760810322
|switch|p1a: Dragonite|Dragonite, F|82/100 tox
|turn|26
|
|t:|1760810329
|move|p2a: Barraskewda|Liquidation|p1a: Dragonite
|-resisted|p1a: Dragonite
|-damage|p1a: Dragonite|22/100 tox
|move|p1a: Dragonite|Earthquake|p2a: Barraskewda
|-damage|p2a: Barraskewda|4/100
|
|-weather|RainDance|[upkeep]
|-heal|p1a: Dragonite|28/100 tox|[from] item: Leftovers
|-damage|p1a: Dragonite|22/100 tox|[from] psn
|upkeep
|turn|27
|
|t:|1760810332
|move|p2a: Barraskewda|Liquidation|p1a: Dragonite
|-resisted|p1a: Dragonite
|-damage|p1a: Dragonite|0 fnt
|faint|p1a: Dragonite
|
|win|Deathfrogie
|raw|tomatic's rating: 1547 &rarr; <strong>1527</strong><br />(-20 for losing)
|raw|Deathfrogie's rating: 1543 &rarr; <strong>1563</strong><br />(+20 for winning)
|l|☆tomatic
|player|p1|
|l|☆Deathfrogie
|player|p2|
