|j|☆broce
|j|☆crackstone
|t:|1760798045
|gametype|singles
|player|p1|broce|101|1371
|player|p2|crackstone|265|1399
|gen|9
|tier|[Gen 9] OU
|rated|
|rule|HP Percentage Mod: HP is shown in percentages
|rule|Endless Battle Clause: Forcing endless battles is banned
|rule|Species Clause: Limit one of each Pokémon
|rule|OHKO Clause: OHKO moves are banned
|rule|Evasion Items Clause: Evasion items are banned
|rule|Evasion Moves Clause: Evasion moves are banned
|rule|Evasion Abilities Clause: Evasion abilities are banned
|rule|Sleep Moves Clause: Sleep-inducing moves are banned
|clearpoke
|poke|p1|Glimmora, F|
|poke|p1|Ogerpon-Wellspring, F|
|poke|p1|Darkrai|
|poke|p1|Great Tusk|
|poke|p1|Gholdengo|
|poke|p1|Dragonite, M|
|poke|p2|Kingambit, F|
|poke|p2|Garchomp, M|
|poke|p2|Clefable, M|
|poke|p2|Keldeo|
|poke|p2|Iron Moth|
|poke|p2|Gholdengo|
|teampreview
|inactive|Battle timer is ON: inactive players will automatically lose when time's up. (requested by crackstone)
|
|t:|1760798053
|teamsize|p1|6
|teamsize|p2|6
|start
|switch|p1a: Darkrai|Darkrai|100/100
|switch|p2a: Clefable|Clefable, M|100/100
|turn|1
|
|t:|1760798062
|switch|p1a: Gholdengo|Gholdengo|100/100
|move|p2a: Clefable|Stealth Rock|p1a: Gholdengo
|-sidestart|p1: broce|move: Stealth Rock
|
|upkeep
|turn|2
|
|t:|1760798074
|switch|p2a: Gholdengo|Gholdengo|100/100
|move|p1a: Gholdengo|Shadow Ball|p2a: Gholdengo
|-supereffective|p2a: Gholdengo
|-damage|p2a: Gholdengo|13/100
|-unboost|p2a: Gholdengo|spd|1
|
|upkeep
|turn|3
|
|t:|1760798082
|move|p1a: Gholdengo|Shadow Ball|p2a: Gholdengo
|-supereffective|p2a: Gholdengo
|-damage|p2a: Gholdengo|0 fnt
|faint|p2a: Gholdengo
|
|upkeep
|
|t:|1760798084
|switch|p2a: Garchomp|Garchomp, M, shiny|100/100
|turn|4
|
|t:|1760798097
|switch|p1a: Glimmora|Glimmora, F|100/100
|-damage|p1a: Glimmora|88/100|[from] Stealth Rock
|move|p2a: Garchomp|Swords Dance|p2a: Garchomp
|-boost|p2a: Garchomp|atk|2
|
|upkeep
|turn|5
|inactive|crackstone has 120 seconds left.
|
|t:|1760798128
|move|p2a: Garchomp|Earthquake|p1a: Glimmora
|-supereffective|p1a: Glimmora
|-damage|p1a: Glimmora|0 fnt
|-activate|p1a: Glimmora|ability: Toxic Debris
|-sidestart|p2: crackstone|move: Toxic Spikes
|faint|p1a: Glimmora
|
|upkeep
|
|t:|1760798135
|switch|p1a: Darkrai|Darkrai|100/100
|turn|6
|
|t:|1760798138
|move|p1a: Darkrai|Ice Beam|p2a: Garchomp
|-supereffective|p2a: Garchomp
|-damage|p2a: Garchomp|0 fnt
|faint|p2a: Garchomp
|
|upkeep
|
|t:|1760798142
|switch|p2a: Clefable|Clefable, M|100/100
|-status|p2a: Clefable|psn
|turn|7
|
|t:|1760798146
|switch|p1a: Gholdengo|Gholdengo|100/100
|-damage|p1a: Gholdengo|94/100|[from] Stealth Rock
|move|p2a: Clefable|Moonblast|p1a: Gholdengo
|-resisted|p1a: Gholdengo
|-damage|p1a: Gholdengo|62/100
|
|upkeep
|turn|8
|
|t:|1760798155
|switch|p2a: Meruem|Kingambit, F|100/100
|-activate|p2a: Meruem|ability: Supreme Overlord
|-start|p2a: Meruem|fallen2|[silent]
|move|p1a: Gholdengo|Thunderbolt|p2a: Meruem
|-damage|p2a: Meruem|70/100
|
|-heal|p2a: Meruem|76/100|[from] item: Leftovers
|upkeep
|turn|9
|
|t:|1760798167
|switch|p1a: Great Tusk|Great Tusk|100/100
|-damage|p1a: Great Tusk|98/100|[from] Stealth Rock
|-enditem|p1a: Great Tusk|Booster Energy
|-activate|p1a: Great Tusk|ability: Protosynthesis|[fromitem]
|-start|p1a: Great Tusk|protosynthesisatk
|-end|p2a: Meruem|fallen2|[silent]
|switch|p2a: Keldeo|Keldeo, shiny|100/100
|
|upkeep
|turn|10
|
|t:|1760798179
|-terastallize|p1a: Great Tusk|Steel
|move|p2a: Keldeo|Surf|p1a: Great Tusk
|-damage|p1a: Great Tusk|25/100
|move|p1a: Great Tusk|Rapid Spin|p2a: Keldeo
|-damage|p2a: Keldeo|74/100
|-boost|p1a: Great Tusk|spe|1
|-sideend|p1: broce|Stealth Rock|[from] move: Rapid Spin|[of] p1a: Great Tusk
|
|upkeep
|turn|11
|
|t:|1760798194
|move|p2a: Keldeo|Vacuum Wave|p1a: Great Tusk
|-supereffective|p1a: Great Tusk
|-damage|p1a: Great Tusk|0 fnt
|faint|p1a: Great Tusk
|-end|p1a: Great Tusk|Protosynthesis|[silent]
|
|upkeep
|
|t:|1760798202
|switch|p1a: Gholdengo|Gholdengo|62/100
|turn|12
|
|t:|1760798210
|move|p1a: Gholdengo|Thunderbolt|p2a: Keldeo
|-supereffective|p2a: Keldeo
|-damage|p2a: Keldeo|1/100
|move|p2a: Keldeo|Surf|p1a: Gholdengo
|-crit|p1a: Gholdengo
|-damage|p1a: Gholdengo|0 fnt
|faint|p1a: Gholdengo
|
|upkeep
|
|t:|1760798217
|switch|p1a: Dragonite|Dragonite, M|100/100
|turn|13
|
|t:|1760798223
|switch|p2a: Clefable|Clefable, M|100/100 psn
|move|p1a: Dragonite|Extreme Speed|p2a: Clefable
|-damage|p2a: Clefable|66/100 psn
|
|upkeep
|turn|14
|
|t:|1760798233
|move|p1a: Dragonite|Dragon Dance|p1a: Dragonite
|-boost|p1a: Dragonite|atk|1
|-boost|p1a: Dragonite|spe|1
|move|p2a: Clefable|Moonblast|p1a: Dragonite
|-supereffective|p1a: Dragonite
|-damage|p1a: Dragonite|49/100
|-unboost|p1a: Dragonite|spa|1
|
|upkeep
|turn|15
|
|t:|1760798242
|move|p1a: Dragonite|Extreme Speed|p2a: Clefable
|-damage|p2a: Clefable|16/100 psn
|move|p2a: Clefable|Moonblast|p1a: Dragonite
|-supereffective|p1a: Dragonite
|-damage|p1a: Dragonite|0 fnt
|faint|p1a: Dragonite
|
|upkeep
|
|t:|1760798254
|switch|p1a: Darkrai|Darkrai|100/100
|turn|16
|
|t:|1760798262
|move|p1a: Darkrai|Ice Beam|p2a: Clefable
|-damage|p2a: Clefable|0 fnt
|faint|p2a: Clefable
|
|upkeep
|
|t:|1760798277
|switch|p2a: Anomаly|Iron Moth|100/100
|-sideend|p2: crackstone|move: Toxic Spikes|[of] p2a: Anomаly
|-enditem|p2a: Anomаly|Booster Energy
|-activate|p2a: Anomаly|ability: Quark Drive|[fromitem]
|-start|p2a: Anomаly|quarkdrivespe
|turn|17
|
|t:|1760798286
|move|p2a: Anomаly|Fiery Dance|p1a: Darkrai
|-damage|p1a: Darkrai|48/100
|-boost|p2a: Anomаly|spa|1
|move|p1a: Darkrai|Dark Pulse|p2a: Anomаly
|-damage|p2a: Anomаly|54/100
|
|upkeep
|turn|18
|
|t:|1760798293
|move|p2a: Anomаly|Sludge Wave|p1a: Darkrai
|-damage|p1a: Darkrai|0 fnt
|faint|p1a: Darkrai
|
|upkeep
|
|t:|1760798297
|switch|p1a: Ogerpon|Ogerpon-Wellspring, F|100/100
|turn|19
|inactive|crackstone has 120 seconds left.
|
|t:|1760798336
|move|p2a: Anomаly|Sludge Wave|p1a: Ogerpon
|-supereffective|p1a: Ogerpon
|-damage|p1a: Ogerpon|0 fnt
|faint|p1a: Ogerpon
|
|win|crackstone
|raw|broce's rating: 1371 &rarr; <strong>1353</strong><br />(-18 for losing)
|raw|crackstone's rating: 1399 &rarr; <strong>1417</strong><br />(+18 for winning)
|l|☆crackstone
|player|p2|
|l|☆broce
|player|p1|
