|j|☆naicker2000
|j|☆alex12381723898
|t:|1760834946
|gametype|singles
|player|p1|naicker2000|rocketgruntf|1246
|player|p2|alex12381723898|102|1286
|gen|9
|tier|[Gen 9] OU
|rated|
|rule|HP Percentage Mod: HP is shown in percentages
|rule|Endless Battle Clause: Forcing endless battles is banned
|rule|Species Clause: Limit one of each Pokémon
|rule|OHKO Clause: OHKO moves are banned
|rule|Evasion Items Clause: Evasion items are banned
|rule|Evasion Moves Clause: Evasion moves are banned
|rule|Evasion Abilities Clause: Evasion abilities are banned
|rule|Sleep Moves Clause: Sleep-inducing moves are banned
|clearpoke
|poke|p1|Pelipper, F|
|poke|p1|Barraskewda, M|
|poke|p1|Ogerpon-Wellspring, F|
|poke|p1|Zapdos|
|poke|p1|Hatterene, F|
|poke|p1|Beartic, F|
|poke|p2|Slowking-Galar, F|
|poke|p2|Rillaboom, F|
|poke|p2|Cresselia, F|
|poke|p2|Hatterene, F|
|poke|p2|Cinderace, M|
|poke|p2|Ursaluna, M|
|teampreview
|inactive|Battle timer is ON: inactive players will automatically lose when time's up. (requested by alex12381723898)
|
|t:|1760834951
|teamsize|p1|6
|teamsize|p2|6
|start
|switch|p1a: sami zayn|Pelipper, F|100/100
|switch|p2a: Cresselia|Cresselia, F|100/100
|-weather|RainDance|[from] ability: Drizzle|[of] p1a: sami zayn
|turn|1
|
|t:|1760834959
|switch|p1a: aj lee|Hatterene, F|100/100
|move|p2a: Cresselia|Trick Room|p2a: Cresselia
|-fieldstart|move: Trick Room|[of] p2a: Cresselia
|
|-weather|RainDance|[upkeep]
|upkeep
|turn|2
|
|t:|1760834970
|switch|p2a: Slowking|Slowking-Galar, F|100/100
|move|p1a: aj lee|Psychic Noise|p2a: Slowking
|-damage|p2a: Slowking|75/100
|-start|p2a: Slowking|move: Heal Block
|
|-weather|RainDance|[upkeep]
|upkeep
|turn|3
|
|t:|1760834980
|move|p1a: aj lee|Psychic Noise|p2a: Slowking
|-damage|p2a: Slowking|49/100
|move|p2a: Slowking|Sludge Bomb|p1a: aj lee
|-supereffective|p1a: aj lee
|-damage|p1a: aj lee|12/100
|-enditem|p1a: aj lee|Eject Button
|
|t:|1760834996
|switch|p1a: Beartic|Beartic, F|100/100
|
|-weather|RainDance|[upkeep]
|-end|p2a: Slowking|move: Heal Block
|upkeep
|turn|4
|
|t:|1760835003
|move|p2a: Slowking|Sludge Bomb|p1a: Beartic
|-damage|p1a: Beartic|43/100
|move|p1a: Beartic|Earthquake|p2a: Slowking
|-supereffective|p2a: Slowking
|-damage|p2a: Slowking|0 fnt
|faint|p2a: Slowking
|
|-weather|RainDance|[upkeep]
|upkeep
|
|t:|1760835017
|switch|p2a: Ursaluna|Ursaluna, M|100/100
|turn|5
|
|t:|1760835024
|switch|p1a: cm punk|Zapdos|100/100
|move|p2a: Ursaluna|Facade|p1a: cm punk
|-damage|p1a: cm punk|48/100
|
|-weather|RainDance|[upkeep]
|-fieldend|move: Trick Room
|-status|p2a: Ursaluna|brn|[from] item: Flame Orb
|upkeep
|turn|6
|
|t:|1760835040
|switch|p2a: Cresselia|Cresselia, F|100/100
|move|p1a: cm punk|Weather Ball|p2a: Cresselia
|-damage|p2a: Cresselia|72/100
|
|-weather|RainDance|[upkeep]
|upkeep
|turn|7
|
|t:|1760835046
|move|p1a: cm punk|Thunder|p2a: Cresselia
|-damage|p2a: Cresselia|40/100
|move|p2a: Cresselia|Trick Room|p2a: Cresselia
|-fieldstart|move: Trick Room|[of] p2a: Cresselia
|
|-weather|RainDance|[upkeep]
|upkeep
|turn|8
|
|t:|1760835054
|move|p2a: Cresselia|Lunar Dance|p2a: Cresselia
|faint|p2a: Cresselia
|move|p1a: cm punk|Volt Switch|p2: Cresselia|[notarget]
|-fail|p1a: cm punk
|
|-weather|none
|upkeep
|
|t:|1760835057
|switch|p2a: Ursaluna|Ursaluna, M|100/100 brn
|-heal|p2a: Ursaluna|100/100|[from] move: Lunar Dance
|turn|9
|
|t:|1760835074
|move|p2a: Ursaluna|Facade|p1a: cm punk
|-damage|p1a: cm punk|0 fnt
|faint|p1a: cm punk
|
|-status|p2a: Ursaluna|brn|[from] item: Flame Orb
|upkeep
|
|t:|1760835080
|switch|p1a: aj lee|Hatterene, F|12/100
|turn|10
|
|t:|1760835084
|move|p1a: aj lee|Healing Wish|p1a: aj lee
|faint|p1a: aj lee
|move|p2a: Ursaluna|Facade|p1: aj lee|[notarget]
|-fail|p2a: Ursaluna
|
|-damage|p2a: Ursaluna|94/100 brn|[from] brn
|upkeep
|
|t:|1760835089
|switch|p1a: Beartic|Beartic, F|43/100
|-heal|p1a: Beartic|100/100|[from] move: Healing Wish
|turn|11
|
|t:|1760835093
|move|p2a: Ursaluna|Facade|p1a: Beartic
|-damage|p1a: Beartic|0 fnt
|faint|p1a: Beartic
|
|-damage|p2a: Ursaluna|88/100 brn|[from] brn
|-fieldend|move: Trick Room
|upkeep
|
|t:|1760835101
|switch|p1a: becky lynch|Barraskewda, M|100/100
|turn|12
|
|t:|1760835107
|-terastallize|p1a: becky lynch|Water
|move|p1a: becky lynch|Liquidation|p2a: Ursaluna
|-supereffective|p2a: Ursaluna
|-damage|p2a: Ursaluna|0 fnt
|faint|p2a: Ursaluna
|
|upkeep
|
|t:|1760835110
|switch|p2a: Hatterene|Hatterene, F|100/100
|turn|13
|
|t:|1760835122
|switch|p1a: sami zayn|Pelipper, F|100/100
|-weather|RainDance|[from] ability: Drizzle|[of] p1a: sami zayn
|switch|p2a: Cinderace|Cinderace, M|100/100
|
|-weather|RainDance|[upkeep]
|upkeep
|turn|14
|
|t:|1760835128
|move|p2a: Cinderace|Pyro Ball|p1a: sami zayn
|-resisted|p1a: sami zayn
|-damage|p1a: sami zayn|89/100
|move|p1a: sami zayn|Surf|p2a: Cinderace
|-supereffective|p2a: Cinderace
|-damage|p2a: Cinderace|0 fnt
|faint|p2a: Cinderace
|
|-weather|RainDance|[upkeep]
|upkeep
|
|t:|1760835132
|switch|p2a: Rillaboom|Rillaboom, F|100/100
|-fieldstart|move: Grassy Terrain|[from] ability: Grassy Surge|[of] p2a: Rillaboom
|turn|15
|
|t:|1760835138
|switch|p2a: Hatterene|Hatterene, F|100/100
|-enditem|p2a: Hatterene|Grassy Seed
|-boost|p2a: Hatterene|def|1|[from] item: Grassy Seed
|move|p1a: sami zayn|Hurricane|p2a: Hatterene
|-damage|p2a: Hatterene|66/100
|-start|p2a: Hatterene|confusion
|
|-weather|RainDance|[upkeep]
|-heal|p2a: Hatterene|72/100|[from] Grassy Terrain
|upkeep
|turn|16
|
|t:|1760835148
|move|p1a: sami zayn|Hurricane|p2a: Hatterene
|-damage|p2a: Hatterene|36/100
|-activate|p2a: Hatterene|confusion
|move|p2a: Hatterene|Trick Room|p2a: Hatterene
|-fieldstart|move: Trick Room|[of] p2a: Hatterene
|
|-weather|RainDance|[upkeep]
|-heal|p2a: Hatterene|42/100|[from] Grassy Terrain
|upkeep
|turn|17
|
|t:|1760835155
|-end|p2a: Hatterene|confusion
|move|p2a: Hatterene|Calm Mind|p2a: Hatterene
|-boost|p2a: Hatterene|spa|1
|-boost|p2a: Hatterene|spd|1
|move|p1a: sami zayn|U-turn|p2a: Hatterene
|-damage|p2a: Hatterene|36/100
|
|t:|1760835164
|switch|p1a: seth rollins|Ogerpon-Wellspring, F|100/100|[from] U-turn
|
|-weather|RainDance|[upkeep]
|-heal|p2a: Hatterene|42/100|[from] Grassy Terrain
|upkeep
|turn|18
|
|t:|1760835172
|move|p2a: Hatterene|Draining Kiss|p1a: seth rollins
|-damage|p1a: seth rollins|63/100
|-heal|p2a: Hatterene|69/100|[from] drain|[of] p1a: seth rollins
|move|p1a: seth rollins|Ivy Cudgel|p2a: Hatterene|[anim] Ivy Cudgel Water
|-damage|p2a: Hatterene|15/100
|
|-weather|RainDance|[upkeep]
|-heal|p2a: Hatterene|21/100|[from] Grassy Terrain
|-heal|p1a: seth rollins|69/100|[from] Grassy Terrain
|upkeep
|turn|19
|
|t:|1760835181
|move|p2a: Hatterene|Draining Kiss|p1a: seth rollins
|-damage|p1a: seth rollins|27/100
|-heal|p2a: Hatterene|51/100|[from] drain|[of] p1a: seth rollins
|move|p1a: seth rollins|Ivy Cudgel|p2a: Hatterene|[anim] Ivy Cudgel Water
|-damage|p2a: Hatterene|1/100
|
|-weather|RainDance|[upkeep]
|-heal|p2a: Hatterene|7/100|[from] Grassy Terrain
|-heal|p1a: seth rollins|33/100|[from] Grassy Terrain
|upkeep
|turn|20
|
|t:|1760835204
|move|p2a: Hatterene|Draining Kiss|p1a: seth rollins
|-damage|p1a: seth rollins|0 fnt
|-heal|p2a: Hatterene|30/100|[from] drain|[of] p1a: seth rollins
|faint|p1a: seth rollins
|
|-weather|none
|-heal|p2a: Hatterene|36/100|[from] Grassy Terrain
|-fieldend|move: Trick Room
|upkeep
|
|t:|1760835212
|switch|p1a: becky lynch|Barraskewda, M, tera:Water|100/100
|turn|21
|
|t:|1760835215
|move|p1a: becky lynch|Liquidation|p2a: Hatterene
|-damage|p2a: Hatterene|0 fnt
|faint|p2a: Hatterene
|
|upkeep
|
|t:|1760835218
|switch|p2a: Rillaboom|Rillaboom, F|100/100
|turn|22
|
|t:|1760835222
|switch|p1a: sami zayn|Pelipper, F|89/100
|-weather|RainDance|[from] ability: Drizzle|[of] p1a: sami zayn
|move|p2a: Rillaboom|Swords Dance|p2a: Rillaboom
|-boost|p2a: Rillaboom|atk|2
|
|-weather|RainDance|[upkeep]
|-fieldend|move: Grassy Terrain
|upkeep
|turn|23
|
|t:|1760835230
|-terastallize|p2a: Rillaboom|Grass
|move|p2a: Rillaboom|Grassy Glide|p1a: sami zayn
|-damage|p1a: sami zayn|20/100
|move|p1a: sami zayn|Hurricane|p2a: Rillaboom
|-supereffective|p2a: Rillaboom
|-damage|p2a: Rillaboom|23/100
|-start|p2a: Rillaboom|confusion
|
|-weather|RainDance|[upkeep]
|upkeep
|turn|24
|l|☆alex12381723898
|inactive|alex12381723898 disconnected and has a minute to reconnect!
|player|p2|
|
|t:|1760835241
|-activate|p2a: Rillaboom|confusion
|move|p2a: Rillaboom|Grassy Glide|p1a: sami zayn
|-damage|p1a: sami zayn|0 fnt
|faint|p1a: sami zayn
|
|-weather|RainDance|[upkeep]
|upkeep
|
|t:|1760835246
|switch|p1a: becky lynch|Barraskewda, M, tera:Water|100/100
|turn|25
|inactive|alex12381723898 has 30 seconds to reconnect!
|inactive|alex12381723898 has 20 seconds to reconnect!
|inactive|alex12381723898 has 15 seconds to reconnect!
|inactive|alex12381723898 has 10 seconds to reconnect!
|inactive|alex12381723898 has 5 seconds to reconnect!
|-message|alex12381723898 lost due to inactivity.
|
|win|naicker2000
|raw|naicker2000's rating: 1246 &rarr; <strong>1274</strong><br />(+28 for winning)
|raw|alex12381723898's rating: 1286 &rarr; <strong>1258</strong><br />(-28 for losing)
|l|☆naicker2000
|player|p1|
