|j|☆olaf-18
|j|☆ty-tyui↻
|t:|1760840029
|gametype|singles
|player|p1|olaf-18|102|1567
|player|p2|ty-tyui↻|ogreclan|1524
|gen|9
|tier|[Gen 9] OU
|rated|
|rule|HP Percentage Mod: HP is shown in percentages
|rule|Endless Battle Clause: Forcing endless battles is banned
|rule|Species Clause: Limit one of each Pokémon
|rule|OHKO Clause: OHKO moves are banned
|rule|Evasion Items Clause: Evasion items are banned
|rule|Evasion Moves Clause: Evasion moves are banned
|rule|Evasion Abilities Clause: Evasion abilities are banned
|rule|Sleep Moves Clause: Sleep-inducing moves are banned
|clearpoke
|poke|p1|Slowking-Galar, M|
|poke|p1|Armarouge, F|
|poke|p1|Gholdengo|
|poke|p1|Ursaluna, F|
|poke|p1|Regidrago|
|poke|p1|Whimsicott, M|
|poke|p2|Deoxys-Speed|
|poke|p2|Iron Treads|
|poke|p2|Sinistcha|
|poke|p2|Tornadus-Therian, M|
|poke|p2|Zamazenta-*|
|poke|p2|Ogerpon-Cornerstone, F|
|teampreview
|j| Hammywhammy
|
|t:|1760840042
|teamsize|p1|6
|teamsize|p2|6
|start
|switch|p1a: Whimsicott|Whimsicott, M|100/100
|switch|p2a: Tornadus|Tornadus-Therian, M|100/100
|turn|1
|j| FaronAan
|
|t:|1760840046
|move|p1a: Whimsicott|Tailwind|p1a: Whimsicott
|-sidestart|p1: olaf-18|move: Tailwind
|move|p2a: Tornadus|Bleakwind Storm|p1a: Whimsicott|[miss]
|-miss|p2a: Tornadus|p1a: Whimsicott
|
|upkeep
|turn|2
|j| simplegent
|
|t:|1760840053
|switch|p1a: Gholdengo|Gholdengo|100/100
|-item|p1a: Gholdengo|Air Balloon
|move|p2a: Tornadus|Knock Off|p1a: Gholdengo
|-supereffective|p1a: Gholdengo
|-damage|p1a: Gholdengo|52/100
|-enditem|p1a: Gholdengo|Air Balloon
|
|upkeep
|turn|3
|
|t:|1760840060
|move|p1a: Gholdengo|Nasty Plot|p1a: Gholdengo
|-boost|p1a: Gholdengo|spa|2
|move|p2a: Tornadus|Heat Wave|p1a: Gholdengo
|-supereffective|p1a: Gholdengo
|-damage|p1a: Gholdengo|1/100
|-status|p1a: Gholdengo|brn
|
|-damage|p1a: Gholdengo|0 fnt|[from] brn
|faint|p1a: Gholdengo
|upkeep
|
|t:|1760840062
|switch|p1a: Regidrago|Regidrago|100/100
|turn|4
|
|t:|1760840069
|move|p1a: Regidrago|Dragon Energy|p2a: Tornadus
|-damage|p2a: Tornadus|0 fnt
|faint|p2a: Tornadus
|
|-sideend|p1: olaf-18|move: Tailwind
|upkeep
|
|t:|1760840076
|switch|p2a: Iron Treads|Iron Treads|100/100
|turn|5
|
|t:|1760840083
|switch|p1a: Ursaluna|Ursaluna, F|100/100
|move|p2a: Iron Treads|Stealth Rock|p1a: Ursaluna
|-sidestart|p1: olaf-18|move: Stealth Rock
|
|-status|p1a: Ursaluna|brn|[from] item: Flame Orb
|upkeep
|turn|6
|
|t:|1760840088
|-end|p2a: Iron Treads|Quark Drive|[silent]
|switch|p2a: Sinistcha|Sinistcha|100/100
|move|p1a: Ursaluna|Earthquake|p2a: Sinistcha
|-resisted|p2a: Sinistcha
|-damage|p2a: Sinistcha|64/100
|
|-damage|p1a: Ursaluna|94/100 brn|[from] brn
|upkeep
|turn|7
|
|t:|1760840095
|move|p2a: Sinistcha|Matcha Gotcha|p1a: Ursaluna
|-supereffective|p1a: Ursaluna
|-damage|p1a: Ursaluna|34/100 brn
|-heal|p2a: Sinistcha|100/100|[from] drain|[of] p1a: Ursaluna
|move|p1a: Ursaluna|Avalanche|p2a: Sinistcha
|-supereffective|p2a: Sinistcha
|-damage|p2a: Sinistcha|0 fnt
|faint|p2a: Sinistcha
|
|-damage|p1a: Ursaluna|28/100 brn|[from] brn
|upkeep
|
|t:|1760840108
|switch|p2a: Ogerpon|Ogerpon-Cornerstone, F|100/100
|turn|8
|
|t:|1760840112
|move|p2a: Ogerpon|Ivy Cudgel|p1a: Ursaluna|[anim] Ivy Cudgel Rock
|-resisted|p1a: Ursaluna
|-damage|p1a: Ursaluna|7/100 brn
|move|p1a: Ursaluna|Earthquake|p2a: Ogerpon
|-ability|p2a: Ogerpon|Sturdy
|-damage|p2a: Ogerpon|1/100
|
|-damage|p1a: Ursaluna|1/100 brn|[from] brn
|upkeep
|turn|9
|
|t:|1760840119
|move|p2a: Ogerpon|Ivy Cudgel|p1a: Ursaluna|[anim] Ivy Cudgel Rock
|-resisted|p1a: Ursaluna
|-crit|p1a: Ursaluna
|-damage|p1a: Ursaluna|0 fnt
|faint|p1a: Ursaluna
|
|upkeep
|
|t:|1760840124
|switch|p1a: Slowking|Slowking-Galar, M|100/100
|turn|10
|
|t:|1760840129
|move|p2a: Ogerpon|U-turn|p1a: Slowking
|-damage|p1a: Slowking|74/100
|
|t:|1760840131
|switch|p2a: Iron Treads|Iron Treads|100/100|[from] U-turn
|move|p1a: Slowking|Trick Room|p1a: Slowking
|-fieldstart|move: Trick Room|[of] p1a: Slowking
|
|upkeep
|turn|11
|
|t:|1760840139
|move|p1a: Slowking|Flamethrower|p2a: Iron Treads
|-supereffective|p2a: Iron Treads
|-damage|p2a: Iron Treads|43/100
|move|p2a: Iron Treads|Knock Off|p1a: Slowking
|-supereffective|p1a: Slowking
|-damage|p1a: Slowking|23/100
|-enditem|p1a: Slowking|Heavy-Duty Boots|[from] move: Knock Off|[of] p2a: Iron Treads
|
|upkeep
|turn|12
|
|t:|1760840149
|move|p1a: Slowking|Flamethrower|p2a: Iron Treads
|-supereffective|p2a: Iron Treads
|-damage|p2a: Iron Treads|0 fnt
|faint|p2a: Iron Treads
|-end|p2a: Iron Treads|Quark Drive|[silent]
|
|upkeep
|
|t:|1760840151
|switch|p2a: Deoxys|Deoxys-Speed|100/100
|-ability|p2a: Deoxys|Pressure
|turn|13
|
|t:|1760840156
|switch|p1a: Armarouge|Armarouge, F|100/100
|-damage|p1a: Armarouge|76/100|[from] Stealth Rock
|move|p2a: Deoxys|Shadow Ball|p1a: Armarouge
|-supereffective|p1a: Armarouge
|-damage|p1a: Armarouge|6/100
|-enditem|p1a: Armarouge|Weakness Policy
|-boost|p1a: Armarouge|atk|2|[from] item: Weakness Policy
|-boost|p1a: Armarouge|spa|2|[from] item: Weakness Policy
|-damage|p2a: Deoxys|91/100|[from] item: Life Orb
|
|upkeep
|turn|14
|
|t:|1760840163
|switch|p2a: Ogerpon|Ogerpon-Cornerstone, F|1/100
|move|p1a: Armarouge|Armor Cannon|p2a: Ogerpon
|-damage|p2a: Ogerpon|0 fnt
|-unboost|p1a: Armarouge|def|1
|-unboost|p1a: Armarouge|spd|1
|faint|p2a: Ogerpon
|
|-fieldend|move: Trick Room
|upkeep
|
|t:|1760840165
|switch|p2a: Deoxys|Deoxys-Speed|91/100
|-ability|p2a: Deoxys|Pressure
|turn|15
|
|t:|1760840169
|move|p2a: Deoxys|Shadow Ball|p1a: Armarouge
|-supereffective|p1a: Armarouge
|-crit|p1a: Armarouge
|-damage|p1a: Armarouge|0 fnt
|faint|p1a: Armarouge
|-damage|p2a: Deoxys|81/100|[from] item: Life Orb
|
|upkeep
|
|t:|1760840176
|switch|p1a: Slowking|Slowking-Galar, M|56/100
|-damage|p1a: Slowking|43/100|[from] Stealth Rock
|turn|16
|
|t:|1760840179
|-terastallize|p1a: Slowking|Flying
|move|p2a: Deoxys|Shadow Ball|p1a: Slowking
|-damage|p1a: Slowking|18/100
|-damage|p2a: Deoxys|71/100|[from] item: Life Orb
|move|p1a: Slowking|Trick Room|p1a: Slowking
|-fieldstart|move: Trick Room|[of] p1a: Slowking
|
|upkeep
|turn|17
|
|t:|1760840203
|move|p1a: Slowking|Sludge Bomb|p2a: Deoxys
|-damage|p2a: Deoxys|2/100
|-status|p2a: Deoxys|psn
|move|p2a: Deoxys|Ice Beam|p1a: Slowking
|-supereffective|p1a: Slowking
|-damage|p1a: Slowking|0 fnt
|faint|p1a: Slowking
|-damage|p2a: Deoxys|0 fnt|[from] item: Life Orb
|faint|p2a: Deoxys
|
|upkeep
|-message|ty-tyui↻ forfeited.
|
|win|olaf-18
|raw|olaf-18's rating: 1567 &rarr; <strong>1585</strong><br />(+18 for winning)
|raw|ty-tyui↻'s rating: 1524 &rarr; <strong>1506</strong><br />(-18 for losing)
|l|☆ty-tyui↻
|player|p2|
|l| Hammywhammy
|l|☆olaf-18
|player|p1|
|l| simplegent
