|j|☆omari p
|j|☆wolwing
|t:|1760785545
|gametype|singles
|player|p1|omari p|pokemonrangerf|1516
|player|p2|wolwing|170|1551
|gen|9
|tier|[Gen 9] OU
|rated|
|rule|HP Percentage Mod: HP is shown in percentages
|rule|Endless Battle Clause: Forcing endless battles is banned
|rule|Species Clause: Limit one of each Pokémon
|rule|OHKO Clause: OHKO moves are banned
|rule|Evasion Items Clause: Evasion items are banned
|rule|Evasion Moves Clause: Evasion moves are banned
|rule|Evasion Abilities Clause: Evasion abilities are banned
|rule|Sleep Moves Clause: Sleep-inducing moves are banned
|clearpoke
|poke|p1|Cinderace, M|
|poke|p1|Volcanion|
|poke|p1|Torkoal, M|
|poke|p1|Mandibuzz, F|
|poke|p1|Great Tusk|
|poke|p1|Fezandipiti, M|
|poke|p2|Grimmsnarl, M|
|poke|p2|Iron Treads|
|poke|p2|Ninetales, M|
|poke|p2|Indeedee, M|
|poke|p2|Polteageist-Antique|
|poke|p2|Scovillain, M|
|teampreview
|inactive|Battle timer is ON: inactive players will automatically lose when time's up. (requested by wolwing)
|
|t:|1760785554
|teamsize|p1|6
|teamsize|p2|6
|start
|switch|p1a: Torkoal|Torkoal, M, shiny|100/100
|switch|p2a: Grimmsnarl|Grimmsnarl, M|100/100
|-weather|SunnyDay|[from] ability: Drought|[of] p1a: Torkoal
|turn|1
|c|☆wolwing|Ah, you win this time haha
|c|☆wolwing|You know my tricks
|c|☆omari p|u crit
|
|t:|1760785571
|move|p2a: Grimmsnarl|Thunder Wave|p1a: Torkoal
|-status|p1a: Torkoal|par
|move|p1a: Torkoal|Fire Blast|p2a: Grimmsnarl
|-damage|p2a: Grimmsnarl|41/100
|
|-weather|SunnyDay|[upkeep]
|upkeep
|turn|2
|c|☆omari p|so i was liuke og
|
|t:|1760785577
|move|p2a: Grimmsnarl|Taunt|p1a: Torkoal
|-start|p1a: Torkoal|move: Taunt
|cant|p1a: Torkoal|move: Taunt|Stealth Rock
|
|-weather|SunnyDay|[upkeep]
|upkeep
|turn|3
|
|t:|1760785581
|move|p2a: Grimmsnarl|Parting Shot|p1a: Torkoal
|-unboost|p1a: Torkoal|atk|1
|-unboost|p1a: Torkoal|spa|1
|
|t:|1760785584
|switch|p2a: Iron Treads|Iron Treads|100/100|[from] Parting Shot
|-enditem|p2a: Iron Treads|Booster Energy
|-activate|p2a: Iron Treads|ability: Quark Drive|[fromitem]
|-start|p2a: Iron Treads|quarkdrivespe
|cant|p1a: Torkoal|par
|
|-weather|SunnyDay|[upkeep]
|upkeep
|turn|4
|
|t:|1760785587
|switch|p1a: Mandibuzz|Mandibuzz, F, shiny|100/100
|move|p2a: Iron Treads|Stealth Rock|p1a: Mandibuzz
|-sidestart|p1: omari p|move: Stealth Rock
|
|-weather|SunnyDay|[upkeep]
|upkeep
|turn|5
|
|t:|1760785603
|move|p2a: Iron Treads|Ice Spinner|p1a: Mandibuzz
|-supereffective|p1a: Mandibuzz
|-damage|p1a: Mandibuzz|73/100
|-damage|p2a: Iron Treads|84/100|[from] item: Rocky Helmet|[of] p1a: Mandibuzz
|move|p1a: Mandibuzz|Defog|p2a: Iron Treads
|-unboost|p2a: Iron Treads|evasion|1
|-sideend|p1: omari p|Stealth Rock|[from] move: Defog|[of] p1a: Mandibuzz
|
|-weather|SunnyDay|[upkeep]
|upkeep
|turn|6
|inactive|omari p has 120 seconds left.
|c|☆wolwing|Ah I see
|
|t:|1760785651
|move|p2a: Iron Treads|Stealth Rock|p1a: Mandibuzz
|-sidestart|p1: omari p|move: Stealth Rock
|move|p1a: Mandibuzz|Roost|p1a: Mandibuzz
|-heal|p1a: Mandibuzz|100/100
|-singleturn|p1a: Mandibuzz|move: Roost
|
|-weather|SunnyDay|[upkeep]
|upkeep
|turn|7
|
|t:|1760785655
|move|p2a: Iron Treads|Ice Spinner|p1a: Mandibuzz
|-supereffective|p1a: Mandibuzz
|-damage|p1a: Mandibuzz|71/100
|-damage|p2a: Iron Treads|68/100|[from] item: Rocky Helmet|[of] p1a: Mandibuzz
|move|p1a: Mandibuzz|Defog|p2a: Iron Treads
|-unboost|p2a: Iron Treads|evasion|1
|-sideend|p1: omari p|Stealth Rock|[from] move: Defog|[of] p1a: Mandibuzz
|
|-weather|SunnyDay|[upkeep]
|upkeep
|turn|8
|inactive|omari p has 120 seconds left.
|j| Sanesa8724
|
|t:|1760785685
|move|p2a: Iron Treads|Knock Off|p1a: Mandibuzz
|-resisted|p1a: Mandibuzz
|-damage|p1a: Mandibuzz|63/100
|-damage|p2a: Iron Treads|51/100|[from] item: Rocky Helmet|[of] p1a: Mandibuzz
|-enditem|p1a: Mandibuzz|Rocky Helmet|[from] move: Knock Off|[of] p2a: Iron Treads
|move|p1a: Mandibuzz|Foul Play|p2a: Iron Treads
|-damage|p2a: Iron Treads|10/100
|
|-weather|none
|upkeep
|turn|9
|
|t:|1760785693
|-end|p2a: Iron Treads|Quark Drive|[silent]
|switch|p2a: Grimmsnarl|Grimmsnarl, M|41/100
|move|p1a: Mandibuzz|Roost|p1a: Mandibuzz
|-heal|p1a: Mandibuzz|100/100
|-singleturn|p1a: Mandibuzz|move: Roost
|
|upkeep
|turn|10
|
|t:|1760785700
|move|p2a: Grimmsnarl|Reflect|p2a: Grimmsnarl
|-sidestart|p2: wolwing|Reflect
|move|p1a: Mandibuzz|Toxic|p2a: Grimmsnarl
|-status|p2a: Grimmsnarl|tox
|
|-damage|p2a: Grimmsnarl|35/100 tox|[from] psn
|upkeep
|turn|11
|
|t:|1760785706
|move|p2a: Grimmsnarl|Parting Shot|p1a: Mandibuzz
|-hint|Since gen 7, Dark is immune to Prankster moves.
|-immune|p1a: Mandibuzz
|move|p1a: Mandibuzz|Defog|p2a: Grimmsnarl
|-unboost|p2a: Grimmsnarl|evasion|1
|-sideend|p2: wolwing|Reflect
|
|-damage|p2a: Grimmsnarl|22/100 tox|[from] psn
|upkeep
|turn|12
|
|t:|1760785720
|switch|p2a: Ninetales|Ninetales, M|100/100
|-weather|SunnyDay|[from] ability: Drought|[of] p2a: Ninetales
|move|p1a: Mandibuzz|Defog|p2a: Ninetales
|-unboost|p2a: Ninetales|evasion|1
|
|-weather|SunnyDay|[upkeep]
|upkeep
|turn|13
|
|t:|1760785725
|switch|p1a: Torkoal|Torkoal, M, shiny|100/100 par
|move|p2a: Ninetales|Memento|p1a: Torkoal
|-unboost|p1a: Torkoal|atk|2
|-unboost|p1a: Torkoal|spa|2
|faint|p2a: Ninetales
|
|-weather|SunnyDay|[upkeep]
|upkeep
|
|t:|1760785729
|switch|p2a: Scovillain|Scovillain, M, shiny|100/100
|turn|14
|l| Sanesa8724
|
|t:|1760785731
|move|p2a: Scovillain|Growth|p2a: Scovillain
|-boost|p2a: Scovillain|atk|2
|-boost|p2a: Scovillain|spa|2
|cant|p1a: Torkoal|par
|
|-weather|SunnyDay|[upkeep]
|upkeep
|turn|15
|
|t:|1760785743
|move|p2a: Scovillain|Growth|p2a: Scovillain
|-boost|p2a: Scovillain|atk|2
|-boost|p2a: Scovillain|spa|2
|move|p1a: Torkoal|Fire Blast|p2a: Scovillain
|-damage|p2a: Scovillain|46/100
|
|-weather|SunnyDay|[upkeep]
|upkeep
|turn|16
|
|t:|1760785751
|-terastallize|p2a: Scovillain|Ground
|move|p2a: Scovillain|Tera Blast|p1a: Torkoal|[anim] Tera Blast Ground
|-supereffective|p1a: Torkoal
|-damage|p1a: Torkoal|0 fnt
|faint|p1a: Torkoal
|
|-weather|SunnyDay|[upkeep]
|upkeep
|
|t:|1760785754
|switch|p1a: Cinderace|Cinderace, M|100/100
|turn|17
|
|t:|1760785759
|move|p1a: Cinderace|Sucker Punch|p2a: Scovillain
|-start|p1a: Cinderace|typechange|Dark|[from] ability: Libero
|-damage|p2a: Scovillain|0 fnt
|faint|p2a: Scovillain
|
|-weather|SunnyDay|[upkeep]
|upkeep
|
|t:|1760785765
|switch|p2a: Indeedee|Indeedee, M|100/100
|-fieldstart|move: Psychic Terrain|[from] ability: Psychic Surge|[of] p2a: Indeedee
|turn|18
|
|t:|1760785769
|switch|p1a: Mandibuzz|Mandibuzz, F, shiny|100/100
|move|p2a: Indeedee|Dazzling Gleam|p1a: Mandibuzz
|-supereffective|p1a: Mandibuzz
|-damage|p1a: Mandibuzz|60/100
|
|-weather|SunnyDay|[upkeep]
|upkeep
|turn|19
|
|t:|1760785773
|move|p2a: Indeedee|Healing Wish|p2a: Indeedee
|faint|p2a: Indeedee
|move|p1a: Mandibuzz|Roost|p1a: Mandibuzz
|-heal|p1a: Mandibuzz|100/100
|-singleturn|p1a: Mandibuzz|move: Roost
|
|-weather|none
|upkeep
|
|t:|1760785775
|switch|p2a: Polteageist|Polteageist-Antique|100/100
|turn|20
|
|t:|1760785778
|move|p2a: Polteageist|Shell Smash|p2a: Polteageist
|-unboost|p2a: Polteageist|def|1
|-unboost|p2a: Polteageist|spd|1
|-boost|p2a: Polteageist|atk|2
|-boost|p2a: Polteageist|spa|2
|-boost|p2a: Polteageist|spe|2
|move|p1a: Mandibuzz|Foul Play|p2a: Polteageist
|-supereffective|p2a: Polteageist
|-crit|p2a: Polteageist
|-enditem|p2a: Polteageist|Focus Sash
|-damage|p2a: Polteageist|1/100
|-ability|p2a: Polteageist|Weak Armor|boost
|-unboost|p2a: Polteageist|def|1
|-boost|p2a: Polteageist|spe|2
|
|upkeep
|turn|21
|
|t:|1760785782
|move|p2a: Polteageist|Stored Power|p1a: Mandibuzz
|-immune|p1a: Mandibuzz
|move|p1a: Mandibuzz|Foul Play|p2a: Polteageist
|-supereffective|p2a: Polteageist
|-damage|p2a: Polteageist|0 fnt
|faint|p2a: Polteageist
|
|upkeep
|-message|wolwing forfeited.
|
|win|omari p
|raw|omari p's rating: 1516 &rarr; <strong>1538</strong><br />(+22 for winning)
|raw|wolwing's rating: 1551 &rarr; <strong>1529</strong><br />(-22 for losing)
|l|☆wolwing
|player|p2|
