|j|☆Seiryaku
|j|☆simostruoso
|t:|1760854170
|gametype|singles
|player|p1|Seiryaku|parasollady|1162
|player|p2|simostruoso|roxie|1229
|gen|9
|tier|[Gen 9] OU
|rated|
|rule|HP Percentage Mod: HP is shown in percentages
|rule|Endless Battle Clause: Forcing endless battles is banned
|rule|Species Clause: Limit one of each Pokémon
|rule|OHKO Clause: OHKO moves are banned
|rule|Evasion Items Clause: Evasion items are banned
|rule|Evasion Moves Clause: Evasion moves are banned
|rule|Evasion Abilities Clause: Evasion abilities are banned
|rule|Sleep Moves Clause: Sleep-inducing moves are banned
|clearpoke
|poke|p1|Araquanid, M|
|poke|p1|Iron Moth|
|poke|p1|Garganacl, F|
|poke|p1|Ogerpon-Cornerstone, F|
|poke|p1|Weezing-Galar, F|
|poke|p1|Deoxys-Defense|
|poke|p2|Corviknight, F|
|poke|p2|Kyurem|
|poke|p2|Pawmot, F|
|poke|p2|Cresselia, F|
|poke|p2|Deoxys-Defense|
|poke|p2|Ditto|
|teampreview
|
|t:|1760854182
|teamsize|p1|6
|teamsize|p2|6
|start
|switch|p1a: Weezing|Weezing-Galar, F|100/100
|switch|p2a: Kyurem|Kyurem|100/100
|-ability|p1a: Weezing|Neutralizing Gas
|turn|1
|
|t:|1760854194
|move|p2a: Kyurem|Substitute|p2a: Kyurem
|-start|p2a: Kyurem|Substitute
|-damage|p2a: Kyurem|76/100
|move|p1a: Weezing|Dazzling Gleam|p2a: Kyurem
|-supereffective|p2a: Kyurem
|-end|p2a: Kyurem|Substitute
|
|-heal|p2a: Kyurem|82/100|[from] item: Leftovers
|upkeep
|turn|2
|c|☆simostruoso|hf
|
|t:|1760854208
|switch|p2a: Corviknight|Corviknight, F|100/100
|move|p1a: Weezing|Dazzling Gleam|p2a: Corviknight
|-resisted|p2a: Corviknight
|-damage|p2a: Corviknight|89/100
|
|-heal|p2a: Corviknight|95/100|[from] item: Leftovers
|upkeep
|turn|3
|
|t:|1760854221
|move|p2a: Corviknight|Substitute|p2a: Corviknight
|-start|p2a: Corviknight|Substitute
|-damage|p2a: Corviknight|70/100
|move|p1a: Weezing|Flamethrower|p2a: Corviknight
|-supereffective|p2a: Corviknight
|-end|p2a: Corviknight|Substitute
|
|-heal|p2a: Corviknight|77/100|[from] item: Leftovers
|upkeep
|turn|4
|
|t:|1760854229
|move|p2a: Corviknight|Protect|p2a: Corviknight
|-singleturn|p2a: Corviknight|Protect
|move|p1a: Weezing|Flamethrower|p2a: Corviknight
|-activate|p2a: Corviknight|move: Protect
|
|-heal|p2a: Corviknight|83/100|[from] item: Leftovers
|upkeep
|turn|5
|
|t:|1760854244
|switch|p2a: Deoxys|Deoxys-Defense|100/100
|move|p1a: Weezing|Flamethrower|p2a: Deoxys
|-damage|p2a: Deoxys|89/100
|
|-heal|p2a: Deoxys|95/100|[from] item: Leftovers
|upkeep
|turn|6
|
|t:|1760854261
|-end|p1a: Weezing|ability: Neutralizing Gas
|-ability|p2a: Deoxys|Pressure
|switch|p1a: Ogerpon|Ogerpon-Cornerstone, F|100/100
|move|p2a: Deoxys|Cosmic Power|p2a: Deoxys
|-boost|p2a: Deoxys|def|1
|-boost|p2a: Deoxys|spd|1
|
|-heal|p2a: Deoxys|100/100|[from] item: Leftovers
|upkeep
|turn|7
|
|t:|1760854270
|move|p1a: Ogerpon|Knock Off|p2a: Deoxys
|-supereffective|p2a: Deoxys
|-damage|p2a: Deoxys|58/100
|-enditem|p2a: Deoxys|Leftovers|[from] move: Knock Off|[of] p1a: Ogerpon
|move|p2a: Deoxys|Taunt|p1a: Ogerpon
|-start|p1a: Ogerpon|move: Taunt
|
|upkeep
|turn|8
|
|t:|1760854279
|move|p1a: Ogerpon|Ivy Cudgel|p2a: Deoxys|[anim] Ivy Cudgel Rock
|-damage|p2a: Deoxys|29/100
|move|p2a: Deoxys|Recover|p2a: Deoxys
|-heal|p2a: Deoxys|79/100
|
|upkeep
|turn|9
|
|t:|1760854291
|move|p1a: Ogerpon|Ivy Cudgel|p2a: Deoxys|[anim] Ivy Cudgel Rock
|-damage|p2a: Deoxys|51/100
|move|p2a: Deoxys|Cosmic Power|p2a: Deoxys
|-boost|p2a: Deoxys|def|1
|-boost|p2a: Deoxys|spd|1
|
|upkeep
|turn|10
|
|t:|1760854300
|move|p1a: Ogerpon|Ivy Cudgel|p2a: Deoxys|[anim] Ivy Cudgel Rock
|-damage|p2a: Deoxys|27/100
|move|p2a: Deoxys|Recover|p2a: Deoxys
|-heal|p2a: Deoxys|77/100
|
|-end|p1a: Ogerpon|move: Taunt
|upkeep
|turn|11
|
|t:|1760854308
|move|p1a: Ogerpon|Ivy Cudgel|p2a: Deoxys|[anim] Ivy Cudgel Rock
|-damage|p2a: Deoxys|57/100
|move|p2a: Deoxys|Taunt|p1a: Ogerpon
|-start|p1a: Ogerpon|move: Taunt
|
|upkeep
|turn|12
|
|t:|1760854320
|move|p1a: Ogerpon|Ivy Cudgel|p2a: Deoxys|[anim] Ivy Cudgel Rock
|-damage|p2a: Deoxys|33/100
|move|p2a: Deoxys|Recover|p2a: Deoxys
|-heal|p2a: Deoxys|83/100
|
|upkeep
|turn|13
|
|t:|1760854325
|move|p1a: Ogerpon|Ivy Cudgel|p2a: Deoxys|[anim] Ivy Cudgel Rock
|-damage|p2a: Deoxys|63/100
|move|p2a: Deoxys|Night Shade|p1a: Ogerpon
|-damage|p1a: Ogerpon|67/100
|
|upkeep
|turn|14
|
|t:|1760854334
|move|p1a: Ogerpon|Ivy Cudgel|p2a: Deoxys|[anim] Ivy Cudgel Rock
|-damage|p2a: Deoxys|40/100
|move|p2a: Deoxys|Recover|p2a: Deoxys
|-heal|p2a: Deoxys|90/100
|
|-end|p1a: Ogerpon|move: Taunt
|upkeep
|turn|15
|
|t:|1760854342
|move|p1a: Ogerpon|Knock Off|p2a: Deoxys
|-supereffective|p2a: Deoxys
|-damage|p2a: Deoxys|71/100
|move|p2a: Deoxys|Night Shade|p1a: Ogerpon
|-damage|p1a: Ogerpon|34/100
|
|upkeep
|turn|16
|
|t:|1760854357
|move|p1a: Ogerpon|Ivy Cudgel|p2a: Deoxys|[anim] Ivy Cudgel Rock
|-damage|p2a: Deoxys|49/100
|move|p2a: Deoxys|Night Shade|p1a: Ogerpon
|-damage|p1a: Ogerpon|1/100
|
|upkeep
|turn|17
|
|t:|1760854363
|move|p1a: Ogerpon|Knock Off|p2a: Deoxys
|-supereffective|p2a: Deoxys
|-damage|p2a: Deoxys|29/100
|move|p2a: Deoxys|Recover|p2a: Deoxys
|-heal|p2a: Deoxys|79/100
|
|upkeep
|turn|18
|
|t:|1760854370
|move|p1a: Ogerpon|Knock Off|p2a: Deoxys
|-supereffective|p2a: Deoxys
|-damage|p2a: Deoxys|60/100
|move|p2a: Deoxys|Night Shade|p1a: Ogerpon
|-damage|p1a: Ogerpon|0 fnt
|faint|p1a: Ogerpon
|
|upkeep
|
|t:|1760854385
|switch|p1a: Araquanid|Araquanid, M|100/100
|turn|19
|
|t:|1760854391
|move|p2a: Deoxys|Recover|p2a: Deoxys
|-heal|p2a: Deoxys|100/100
|move|p1a: Araquanid|Leech Life|p2a: Deoxys
|-supereffective|p2a: Deoxys
|-damage|p2a: Deoxys|84/100
|
|upkeep
|turn|20
|
|t:|1760854408
|move|p2a: Deoxys|Taunt|p1a: Araquanid
|-start|p1a: Araquanid|move: Taunt
|move|p1a: Araquanid|Leech Life|p2a: Deoxys
|-supereffective|p2a: Deoxys
|-crit|p2a: Deoxys
|-damage|p2a: Deoxys|37/100
|
|upkeep
|turn|21
|
|t:|1760854415
|move|p2a: Deoxys|Recover|p2a: Deoxys
|-heal|p2a: Deoxys|87/100
|move|p1a: Araquanid|Leech Life|p2a: Deoxys
|-supereffective|p2a: Deoxys
|-damage|p2a: Deoxys|71/100
|
|upkeep
|turn|22
|
|t:|1760854424
|move|p2a: Deoxys|Night Shade|p1a: Araquanid
|-damage|p1a: Araquanid|71/100
|move|p1a: Araquanid|Leech Life|p2a: Deoxys
|-supereffective|p2a: Deoxys
|-damage|p2a: Deoxys|55/100
|-heal|p1a: Araquanid|78/100|[from] drain|[of] p2a: Deoxys
|
|-end|p1a: Araquanid|move: Taunt
|upkeep
|turn|23
|
|t:|1760854436
|move|p2a: Deoxys|Night Shade|p1a: Araquanid
|-damage|p1a: Araquanid|49/100
|move|p1a: Araquanid|Leech Life|p2a: Deoxys
|-supereffective|p2a: Deoxys
|-damage|p2a: Deoxys|41/100
|-heal|p1a: Araquanid|55/100|[from] drain|[of] p2a: Deoxys
|
|upkeep
|turn|24
|
|t:|1760854443
|move|p2a: Deoxys|Recover|p2a: Deoxys
|-heal|p2a: Deoxys|91/100
|move|p1a: Araquanid|Leech Life|p2a: Deoxys
|-supereffective|p2a: Deoxys
|-damage|p2a: Deoxys|75/100
|-heal|p1a: Araquanid|62/100|[from] drain|[of] p2a: Deoxys
|
|upkeep
|turn|25
|
|t:|1760854450
|move|p2a: Deoxys|Night Shade|p1a: Araquanid
|-damage|p1a: Araquanid|33/100
|move|p1a: Araquanid|Leech Life|p2a: Deoxys
|-supereffective|p2a: Deoxys
|-damage|p2a: Deoxys|58/100
|-heal|p1a: Araquanid|40/100|[from] drain|[of] p2a: Deoxys
|
|upkeep
|turn|26
|
|t:|1760854457
|move|p2a: Deoxys|Night Shade|p1a: Araquanid
|-damage|p1a: Araquanid|11/100
|move|p1a: Araquanid|Leech Life|p2a: Deoxys
|-supereffective|p2a: Deoxys
|-damage|p2a: Deoxys|44/100
|-heal|p1a: Araquanid|17/100|[from] drain|[of] p2a: Deoxys
|
|upkeep
|turn|27
|-enditem|p1a: Araquanid|Custap Berry|[eat]
|-activate|p1a: Araquanid|item: Custap Berry|[consumed]
|
|t:|1760854484
|move|p1a: Araquanid|Endeavor|p2a: Deoxys
|-damage|p2a: Deoxys|19/100
|move|p2a: Deoxys|Night Shade|p1a: Araquanid
|-damage|p1a: Araquanid|0 fnt
|faint|p1a: Araquanid
|
|upkeep
|
|t:|1760854489
|switch|p1a: Iron Moth|Iron Moth|100/100
|-enditem|p1a: Iron Moth|Booster Energy
|-activate|p1a: Iron Moth|ability: Quark Drive|[fromitem]
|-start|p1a: Iron Moth|quarkdrivespe
|turn|28
|
|t:|1760854501
|switch|p2a: Cresselia|Cresselia, F|100/100
|move|p1a: Iron Moth|Fiery Dance|p2a: Cresselia
|-damage|p2a: Cresselia|75/100
|
|upkeep
|turn|29
|
|t:|1760854512
|-end|p1a: Iron Moth|Quark Drive|[silent]
|switch|p1a: Garganacl|Garganacl, F|100/100
|move|p2a: Cresselia|Future Sight|p1a: Garganacl
|-start|p2a: Cresselia|move: Future Sight
|
|upkeep
|turn|30
|
|t:|1760854520
|switch|p2a: Pawmot|Pawmot, F|100/100
|move|p1a: Garganacl|Salt Cure|p2a: Pawmot
|-resisted|p2a: Pawmot
|-damage|p2a: Pawmot|91/100
|-start|p2a: Pawmot|Salt Cure
|
|-damage|p2a: Pawmot|79/100|[from] Salt Cure
|upkeep
|turn|31
|
|t:|1760854530
|move|p1a: Garganacl|Protect|p1a: Garganacl
|-singleturn|p1a: Garganacl|Protect
|move|p2a: Pawmot|Knock Off|p1a: Garganacl
|-activate|p1a: Garganacl|move: Protect
|
|-end|p1a: Garganacl|move: Future Sight
|-damage|p1a: Garganacl|76/100
|-heal|p1a: Garganacl|83/100|[from] item: Leftovers
|-damage|p2a: Pawmot|66/100|[from] Salt Cure
|upkeep
|turn|32
|
|t:|1760854546
|move|p2a: Pawmot|Knock Off|p1a: Garganacl
|-damage|p1a: Garganacl|69/100
|-enditem|p1a: Garganacl|Leftovers|[from] move: Knock Off|[of] p2a: Pawmot
|move|p1a: Garganacl|Recover|p1a: Garganacl
|-heal|p1a: Garganacl|100/100
|
|-damage|p2a: Pawmot|54/100|[from] Salt Cure
|upkeep
|turn|33
|
|t:|1760854554
|move|p1a: Garganacl|Protect|p1a: Garganacl
|-singleturn|p1a: Garganacl|Protect
|move|p2a: Pawmot|Nuzzle|p1a: Garganacl
|-activate|p1a: Garganacl|move: Protect
|
|-damage|p2a: Pawmot|41/100|[from] Salt Cure
|upkeep
|turn|34
|
|t:|1760854566
|move|p2a: Pawmot|Nuzzle|p1a: Garganacl
|-damage|p1a: Garganacl|96/100
|move|p1a: Garganacl|Substitute|p1a: Garganacl
|-start|p1a: Garganacl|Substitute
|-damage|p1a: Garganacl|71/100
|
|-damage|p2a: Pawmot|29/100|[from] Salt Cure
|upkeep
|turn|35
|
|t:|1760854575
|switch|p2a: Cresselia|Cresselia, F|75/100
|move|p1a: Garganacl|Protect||[still]
|-fail|p1a: Garganacl
|
|upkeep
|turn|36
|
|t:|1760854584
|move|p2a: Cresselia|Lunar Dance|p2a: Cresselia
|faint|p2a: Cresselia
|move|p1a: Garganacl|Salt Cure|p2: Cresselia|[notarget]
|-fail|p1a: Garganacl
|
|upkeep
|
|t:|1760854589
|switch|p2a: Deoxys|Deoxys-Defense|19/100
|-heal|p2a: Deoxys|100/100|[from] move: Lunar Dance
|-ability|p2a: Deoxys|Pressure
|turn|37
|
|t:|1760854599
|move|p2a: Deoxys|Taunt|p1a: Garganacl
|-start|p1a: Garganacl|move: Taunt
|move|p1a: Garganacl|Salt Cure|p2a: Deoxys
|-damage|p2a: Deoxys|90/100
|-start|p2a: Deoxys|Salt Cure
|
|-damage|p2a: Deoxys|77/100|[from] Salt Cure
|upkeep
|turn|38
|
|t:|1760854607
|move|p2a: Deoxys|Night Shade|p1a: Garganacl
|-end|p1a: Garganacl|Substitute
|move|p1a: Garganacl|Salt Cure|p2a: Deoxys
|-damage|p2a: Deoxys|66/100
|
|-damage|p2a: Deoxys|53/100|[from] Salt Cure
|upkeep
|turn|39
|
|t:|1760854615
|move|p2a: Deoxys|Recover|p2a: Deoxys
|-heal|p2a: Deoxys|100/100
|move|p1a: Garganacl|Salt Cure|p2a: Deoxys
|-crit|p2a: Deoxys
|-damage|p2a: Deoxys|83/100
|
|-damage|p2a: Deoxys|71/100|[from] Salt Cure
|-end|p1a: Garganacl|move: Taunt
|upkeep
|turn|40
|
|t:|1760854630
|move|p2a: Deoxys|Taunt|p1a: Garganacl
|-start|p1a: Garganacl|move: Taunt
|cant|p1a: Garganacl|move: Taunt|Substitute
|
|-damage|p2a: Deoxys|58/100|[from] Salt Cure
|upkeep
|turn|41
|
|t:|1760854636
|move|p2a: Deoxys|Night Shade|p1a: Garganacl
|-damage|p1a: Garganacl|45/100
|move|p1a: Garganacl|Salt Cure|p2a: Deoxys
|-damage|p2a: Deoxys|49/100
|
|-damage|p2a: Deoxys|36/100|[from] Salt Cure
|upkeep
|turn|42
|
|t:|1760854648
|move|p2a: Deoxys|Recover|p2a: Deoxys
|-heal|p2a: Deoxys|86/100
|move|p1a: Garganacl|Salt Cure|p2a: Deoxys
|-damage|p2a: Deoxys|75/100
|
|-damage|p2a: Deoxys|62/100|[from] Salt Cure
|-end|p1a: Garganacl|move: Taunt
|upkeep
|turn|43
|
|t:|1760854656
|move|p2a: Deoxys|Taunt|p1a: Garganacl
|-start|p1a: Garganacl|move: Taunt
|move|p1a: Garganacl|Salt Cure|p2a: Deoxys
|-crit|p2a: Deoxys
|-damage|p2a: Deoxys|47/100
|
|-damage|p2a: Deoxys|34/100|[from] Salt Cure
|upkeep
|turn|44
|
|t:|1760854664
|move|p2a: Deoxys|Recover|p2a: Deoxys
|-heal|p2a: Deoxys|84/100
|move|p1a: Garganacl|Salt Cure|p2a: Deoxys
|-damage|p2a: Deoxys|73/100
|
|-damage|p2a: Deoxys|60/100|[from] Salt Cure
|upkeep
|turn|45
|
|t:|1760854671
|move|p2a: Deoxys|Night Shade|p1a: Garganacl
|-damage|p1a: Garganacl|19/100
|move|p1a: Garganacl|Salt Cure|p2a: Deoxys
|-crit|p2a: Deoxys
|-damage|p2a: Deoxys|46/100
|
|-damage|p2a: Deoxys|33/100|[from] Salt Cure
|-end|p1a: Garganacl|move: Taunt
|upkeep
|turn|46
|
|t:|1760854700
|move|p2a: Deoxys|Night Shade|p1a: Garganacl
|-damage|p1a: Garganacl|0 fnt
|faint|p1a: Garganacl
|
|-damage|p2a: Deoxys|21/100|[from] Salt Cure
|upkeep
|
|t:|1760854705
|switch|p1a: Iron Moth|Iron Moth|100/100
|turn|47
|
|t:|1760854723
|move|p1a: Iron Moth|Fiery Dance|p2a: Deoxys
|-damage|p2a: Deoxys|0 fnt
|faint|p2a: Deoxys
|
|upkeep
|
|t:|1760854729
|switch|p2a: Pawmot|Pawmot, F|29/100
|turn|48
|
|t:|1760854750
|move|p1a: Iron Moth|Fiery Dance|p2a: Pawmot
|-damage|p2a: Pawmot|0 fnt
|faint|p2a: Pawmot
|
|upkeep
|
|t:|1760854755
|switch|p2a: Corviknight|Corviknight, F|83/100
|-ability|p2a: Corviknight|Pressure
|turn|49
|
|t:|1760854759
|-terastallize|p2a: Corviknight|Dragon
|move|p1a: Iron Moth|Fiery Dance|p2a: Corviknight
|-resisted|p2a: Corviknight
|-damage|p2a: Corviknight|63/100
|-boost|p1a: Iron Moth|spa|1
|move|p2a: Corviknight|Substitute|p2a: Corviknight
|-start|p2a: Corviknight|Substitute
|-damage|p2a: Corviknight|38/100
|
|-heal|p2a: Corviknight|44/100|[from] item: Leftovers
|upkeep
|turn|50
|
|t:|1760854769
|move|p2a: Corviknight|Protect|p2a: Corviknight
|-singleturn|p2a: Corviknight|Protect
|move|p1a: Iron Moth|Dazzling Gleam|p2a: Corviknight
|-activate|p2a: Corviknight|move: Protect
|
|-heal|p2a: Corviknight|50/100|[from] item: Leftovers
|upkeep
|turn|51
|
|t:|1760854776
|move|p1a: Iron Moth|Dazzling Gleam|p2a: Corviknight
|-supereffective|p2a: Corviknight
|-end|p2a: Corviknight|Substitute
|move|p2a: Corviknight|Roost|p2a: Corviknight
|-heal|p2a: Corviknight|99/100
|
|-heal|p2a: Corviknight|100/100|[from] item: Leftovers
|upkeep
|turn|52
|
|t:|1760854784
|move|p1a: Iron Moth|Dazzling Gleam|p2a: Corviknight
|-supereffective|p2a: Corviknight
|-damage|p2a: Corviknight|20/100
|move|p2a: Corviknight|Spite|p1a: Iron Moth
|-activate|p1a: Iron Moth|move: Spite|Dazzling Gleam|4
|
|-heal|p2a: Corviknight|27/100|[from] item: Leftovers
|upkeep
|turn|53
|
|t:|1760854791
|move|p2a: Corviknight|Protect|p2a: Corviknight
|-singleturn|p2a: Corviknight|Protect
|move|p1a: Iron Moth|Dazzling Gleam|p2a: Corviknight
|-activate|p2a: Corviknight|move: Protect
|
|-heal|p2a: Corviknight|33/100|[from] item: Leftovers
|upkeep
|turn|54
|
|t:|1760854798
|switch|p2a: Ditto|Ditto|100/100
|-transform|p2a: Ditto|p1a: Iron Moth|[from] ability: Imposter
|move|p1a: Iron Moth|Dazzling Gleam|p2a: Ditto
|-resisted|p2a: Ditto
|-damage|p2a: Ditto|90/100
|
|upkeep
|turn|55
|
|t:|1760854819
|move|p2a: Ditto|Sludge Wave|p1a: Iron Moth
|-resisted|p1a: Iron Moth
|-damage|p1a: Iron Moth|64/100
|move|p1a: Iron Moth|Fiery Dance|p2a: Ditto
|-resisted|p2a: Ditto
|-damage|p2a: Ditto|60/100
|
|upkeep
|turn|56
|
|t:|1760854827
|move|p2a: Ditto|Sludge Wave|p1a: Iron Moth
|-resisted|p1a: Iron Moth
|-damage|p1a: Iron Moth|29/100
|move|p1a: Iron Moth|Fiery Dance|p2a: Ditto
|-resisted|p2a: Ditto
|-damage|p2a: Ditto|25/100
|
|upkeep
|turn|57
|
|t:|1760854834
|move|p2a: Ditto|Sludge Wave|p1a: Iron Moth
|-resisted|p1a: Iron Moth
|-damage|p1a: Iron Moth|0 fnt
|faint|p1a: Iron Moth
|-end|p1a: Iron Moth|Quark Drive|[silent]
|
|upkeep
|
|t:|1760854838
|switch|p1a: Weezing|Weezing-Galar, F|100/100
|-ability|p1a: Weezing|Neutralizing Gas
|turn|58
|
|t:|1760854841
|move|p2a: Ditto|Sludge Wave|p1a: Weezing
|-damage|p1a: Weezing|19/100
|move|p1a: Weezing|Sludge Bomb|p2a: Ditto
|-resisted|p2a: Ditto
|-damage|p2a: Ditto|10/100
|
|upkeep
|turn|59
|
|t:|1760854847
|move|p2a: Ditto|Sludge Wave|p1a: Weezing
|-damage|p1a: Weezing|0 fnt
|faint|p1a: Weezing
|-end|p1a: Weezing|ability: Neutralizing Gas
|
|upkeep
|
|t:|1760854849
|switch|p1a: Deoxys|Deoxys-Defense|100/100
|-ability|p1a: Deoxys|Pressure
|turn|60
|
|t:|1760854856
|-end|p2a: Ditto|Quark Drive|[silent]
|switch|p2a: Corviknight|Corviknight, F, tera:Dragon|33/100
|-ability|p2a: Corviknight|Pressure
|-terastallize|p1a: Deoxys|Fire
|move|p1a: Deoxys|Tera Blast|p2a: Corviknight|[anim] Tera Blast Fire
|-resisted|p2a: Corviknight
|-damage|p2a: Corviknight|22/100
|
|-heal|p2a: Corviknight|28/100|[from] item: Leftovers
|upkeep
|turn|61
|
|t:|1760854867
|move|p1a: Deoxys|Cosmic Power|p1a: Deoxys
|-boost|p1a: Deoxys|def|1
|-boost|p1a: Deoxys|spd|1
|move|p2a: Corviknight|Substitute|p2a: Corviknight
|-start|p2a: Corviknight|Substitute
|-damage|p2a: Corviknight|3/100
|
|-heal|p2a: Corviknight|9/100|[from] item: Leftovers
|upkeep
|turn|62
|c|☆Seiryaku|It's my turn with the deoxys
|
|t:|1760854882
|move|p1a: Deoxys|Cosmic Power|p1a: Deoxys
|-boost|p1a: Deoxys|def|1
|-boost|p1a: Deoxys|spd|1
|move|p2a: Corviknight|Roost|p2a: Corviknight
|-heal|p2a: Corviknight|59/100
|
|-heal|p2a: Corviknight|66/100|[from] item: Leftovers
|upkeep
|turn|63
|
|t:|1760854891
|move|p1a: Deoxys|Cosmic Power|p1a: Deoxys
|-boost|p1a: Deoxys|def|1
|-boost|p1a: Deoxys|spd|1
|move|p2a: Corviknight|Spite|p1a: Deoxys
|-activate|p1a: Deoxys|move: Spite|Cosmic Power|4
|
|-heal|p2a: Corviknight|72/100|[from] item: Leftovers
|upkeep
|turn|64
|
|t:|1760854900
|move|p1a: Deoxys|Cosmic Power|p1a: Deoxys
|-boost|p1a: Deoxys|def|1
|-boost|p1a: Deoxys|spd|1
|move|p2a: Corviknight|Spite|p1a: Deoxys
|-activate|p1a: Deoxys|move: Spite|Cosmic Power|4
|
|-heal|p2a: Corviknight|78/100|[from] item: Leftovers
|upkeep
|turn|65
|
|t:|1760854908
|move|p1a: Deoxys|Cosmic Power|p1a: Deoxys
|-boost|p1a: Deoxys|def|1
|-boost|p1a: Deoxys|spd|1
|move|p2a: Corviknight|Spite|p1a: Deoxys
|-activate|p1a: Deoxys|move: Spite|Cosmic Power|4
|
|-heal|p2a: Corviknight|84/100|[from] item: Leftovers
|upkeep
|turn|66
|
|t:|1760854915
|move|p1a: Deoxys|Cosmic Power|p1a: Deoxys
|-boost|p1a: Deoxys|def|1
|-boost|p1a: Deoxys|spd|1
|move|p2a: Corviknight|Spite|p1a: Deoxys
|-activate|p1a: Deoxys|move: Spite|Cosmic Power|4
|
|-heal|p2a: Corviknight|91/100|[from] item: Leftovers
|upkeep
|turn|67
|
|t:|1760854922
|move|p2a: Corviknight|Protect|p2a: Corviknight
|-singleturn|p2a: Corviknight|Protect
|move|p1a: Deoxys|Stored Power|p2a: Corviknight
|-activate|p2a: Corviknight|move: Protect
|
|-heal|p2a: Corviknight|97/100|[from] item: Leftovers
|upkeep
|turn|68
|
|t:|1760854929
|move|p1a: Deoxys|Stored Power|p2a: Corviknight
|-end|p2a: Corviknight|Substitute
|move|p2a: Corviknight|Spite|p1a: Deoxys
|-activate|p1a: Deoxys|move: Spite|Stored Power|4
|
|-heal|p2a: Corviknight|100/100|[from] item: Leftovers
|upkeep
|turn|69
|
|t:|1760854938
|move|p2a: Corviknight|Protect|p2a: Corviknight
|-singleturn|p2a: Corviknight|Protect
|move|p1a: Deoxys|Stored Power|p2a: Corviknight
|-activate|p2a: Corviknight|move: Protect
|
|upkeep
|turn|70
|
|t:|1760854950
|move|p1a: Deoxys|Stored Power|p2a: Corviknight
|-damage|p2a: Corviknight|40/100
|move|p2a: Corviknight|Spite|p1a: Deoxys
|-activate|p1a: Deoxys|move: Spite|Stored Power|4
|
|-heal|p2a: Corviknight|46/100|[from] item: Leftovers
|upkeep
|turn|71
|
|t:|1760854958
|move|p1a: Deoxys|Tera Blast|p2a: Corviknight|[anim] Tera Blast Fire
|-resisted|p2a: Corviknight
|-damage|p2a: Corviknight|35/100
|move|p2a: Corviknight|Roost|p2a: Corviknight
|-heal|p2a: Corviknight|85/100
|
|-heal|p2a: Corviknight|91/100|[from] item: Leftovers
|upkeep
|turn|72
|l|☆Seiryaku
|player|p1|
|inactive|Battle timer is ON: inactive players will automatically lose when time's up. (requested by simostruoso)
|inactive|Seiryaku has 30 seconds to reconnect!
|inactive|Seiryaku has 20 seconds to reconnect!
|inactive|Seiryaku has 15 seconds to reconnect!
|inactive|Seiryaku has 10 seconds to reconnect!
|inactive|Seiryaku has 5 seconds to reconnect!
|-message|Seiryaku lost due to inactivity.
|
|win|simostruoso
|raw|Seiryaku's rating: 1165 &rarr; <strong>1145</strong><br />(-20 for losing)
|raw|simostruoso's rating: 1229 &rarr; <strong>1249</strong><br />(+20 for winning)
