|j|☆wanqer
|j|☆sargentcharge
|t:|1760863075
|gametype|singles
|player|p1|wanqer|102|1143
|player|p2|sargentcharge|pilot|1123
|gen|9
|tier|[Gen 9] OU
|rated|
|rule|HP Percentage Mod: HP is shown in percentages
|rule|Endless Battle Clause: Forcing endless battles is banned
|rule|Species Clause: Limit one of each Pokémon
|rule|OHKO Clause: OHKO moves are banned
|rule|Evasion Items Clause: Evasion items are banned
|rule|Evasion Moves Clause: Evasion moves are banned
|rule|Evasion Abilities Clause: Evasion abilities are banned
|rule|Sleep Moves Clause: Sleep-inducing moves are banned
|clearpoke
|poke|p1|Slowking-Galar, F|
|poke|p1|Clodsire, M|
|poke|p1|Pecharunt|
|poke|p1|Weezing-Galar, F|
|poke|p1|Overqwil, F|
|poke|p1|Toxicroak, M|
|poke|p2|Avalugg-Hisui, F|
|poke|p2|Landorus-Therian, M|
|poke|p2|Ceruledge, M|
|poke|p2|Iron Valiant|
|poke|p2|Gengar, M|
|poke|p2|Iron Moth|
|teampreview
|inactive|Battle timer is ON: inactive players will automatically lose when time's up. (requested by sargentcharge)
|
|t:|1760863140
|teamsize|p1|6
|teamsize|p2|6
|start
|switch|p1a: Weezing|Weezing-Galar, F|100/100
|switch|p2a: Landorus|Landorus-Therian, M|100/100
|-ability|p2a: Landorus|Intimidate|boost
|-unboost|p1a: Weezing|atk|1
|turn|1
|
|t:|1760863149
|move|p2a: Landorus|U-turn|p1a: Weezing
|-resisted|p1a: Weezing
|-damage|p1a: Weezing|94/100
|
|t:|1760863163
|switch|p2a: Avalugg|Avalugg-Hisui, F|100/100|[from] U-turn
|move|p1a: Weezing|Rain Dance|p1a: Weezing
|-weather|RainDance
|
|-weather|RainDance|[upkeep]
|-heal|p1a: Weezing|100/100|[from] item: Leftovers
|upkeep
|turn|2
|
|t:|1760863173
|move|p1a: Weezing|Toxic|p2a: Avalugg
|-status|p2a: Avalugg|tox
|move|p2a: Avalugg|Curse|p2a: Avalugg
|-unboost|p2a: Avalugg|spe|1
|-boost|p2a: Avalugg|atk|1
|-boost|p2a: Avalugg|def|1
|
|-weather|RainDance|[upkeep]
|-damage|p2a: Avalugg|94/100 tox|[from] psn
|upkeep
|turn|3
|
|t:|1760863184
|switch|p1a: Clodsire|Clodsire, M|100/100
|move|p2a: Avalugg|Ice Fang|p1a: Clodsire
|-supereffective|p1a: Clodsire
|-damage|p1a: Clodsire|20/100
|
|-weather|RainDance|[upkeep]
|-heal|p2a: Avalugg|100/100 tox|[from] item: Leftovers
|-damage|p2a: Avalugg|88/100 tox|[from] psn
|upkeep
|turn|4
|
|t:|1760863193
|move|p1a: Clodsire|Protect|p1a: Clodsire
|-singleturn|p1a: Clodsire|Protect
|move|p2a: Avalugg|Ice Fang|p1a: Clodsire
|-activate|p1a: Clodsire|move: Protect
|
|-weather|RainDance|[upkeep]
|-heal|p2a: Avalugg|94/100 tox|[from] item: Leftovers
|-damage|p2a: Avalugg|76/100 tox|[from] psn
|upkeep
|turn|5
|
|t:|1760863211
|switch|p1a: Weezing|Weezing-Galar, F|100/100
|move|p2a: Avalugg|Ice Fang|p1a: Weezing
|-damage|p1a: Weezing|38/100
|
|-weather|none
|-heal|p1a: Weezing|44/100|[from] item: Leftovers
|-heal|p2a: Avalugg|82/100 tox|[from] item: Leftovers
|-damage|p2a: Avalugg|58/100 tox|[from] psn
|upkeep
|turn|6
|
|t:|1760863236
|move|p1a: Weezing|Pain Split|p2a: Avalugg
|-sethp|p2a: Avalugg|50/100 tox|[from] move: Pain Split|[silent]
|-sethp|p1a: Weezing|52/100|[from] move: Pain Split
|move|p2a: Avalugg|Ice Fang|p1a: Weezing
|-damage|p1a: Weezing|0 fnt
|faint|p1a: Weezing
|
|-heal|p2a: Avalugg|56/100 tox|[from] item: Leftovers
|-damage|p2a: Avalugg|26/100 tox|[from] psn
|upkeep
|inactive|wanqer has 120 seconds left.
|
|t:|1760863247
|switch|p1a: Toxicroak|Toxicroak, M|100/100
|turn|7
|
|t:|1760863255
|move|p1a: Toxicroak|Bullet Punch|p2a: Avalugg
|-supereffective|p2a: Avalugg
|-damage|p2a: Avalugg|7/100 tox
|move|p2a: Avalugg|Crunch|p1a: Toxicroak
|-resisted|p1a: Toxicroak
|-crit|p1a: Toxicroak
|-damage|p1a: Toxicroak|24/100
|
|-heal|p2a: Avalugg|13/100 tox|[from] item: Leftovers
|-damage|p2a: Avalugg|0 fnt|[from] psn
|faint|p2a: Avalugg
|upkeep
|
|t:|1760863278
|switch|p2a: Landorus|Landorus-Therian, M|100/100
|-ability|p2a: Landorus|Intimidate|boost
|-unboost|p1a: Toxicroak|atk|1
|turn|8
|
|t:|1760863290
|switch|p1a: Slowking|Slowking-Galar, F|100/100
|move|p2a: Landorus|Earthquake|p1a: Slowking
|-supereffective|p1a: Slowking
|-crit|p1a: Slowking
|-damage|p1a: Slowking|0 fnt
|faint|p1a: Slowking
|
|upkeep
|-message|wanqer forfeited.
|
|win|sargentcharge
|raw|wanqer's rating: 1143 &rarr; <strong>1117</strong><br />(-26 for losing)
|raw|sargentcharge's rating: 1123 &rarr; <strong>1149</strong><br />(+26 for winning)
|l|☆wanqer
|player|p1|
|l|☆sargentcharge
|player|p2|
