|j|☆navigatorxdd
|j|☆healboy009
|t:|1760809107
|gametype|singles
|player|p1|navigatorxdd|170|1401
|player|p2|healboy009|backpacker|1328
|gen|9
|tier|[Gen 9] OU
|rated|
|rule|HP Percentage Mod: HP is shown in percentages
|rule|Endless Battle Clause: Forcing endless battles is banned
|rule|Species Clause: Limit one of each Pokémon
|rule|OHKO Clause: OHKO moves are banned
|rule|Evasion Items Clause: Evasion items are banned
|rule|Evasion Moves Clause: Evasion moves are banned
|rule|Evasion Abilities Clause: Evasion abilities are banned
|rule|Sleep Moves Clause: Sleep-inducing moves are banned
|clearpoke
|poke|p1|Landorus-Therian, M|
|poke|p1|Samurott-Hisui, F|
|poke|p1|Pecharunt|
|poke|p1|Scizor, F|
|poke|p1|Latios, M|
|poke|p1|Zamazenta-*|
|poke|p2|Meloetta|
|poke|p2|Alomomola, M|
|poke|p2|Great Tusk|
|poke|p2|Ursaluna, M|
|poke|p2|Meowscarada, F|
|poke|p2|Zebstrika, F|
|teampreview
|inactive|Battle timer is ON: inactive players will automatically lose when time's up. (requested by navigatorxdd)
|
|t:|1760809117
|teamsize|p1|6
|teamsize|p2|6
|start
|switch|p1a: Landorus|Landorus-Therian, M|100/100
|switch|p2a: Meowscarada|Meowscarada, F|100/100
|-ability|p1a: Landorus|Intimidate|boost
|-unboost|p2a: Meowscarada|atk|1
|turn|1
|
|t:|1760809120
|move|p2a: Meowscarada|Triple Axel|p1a: Landorus
|-start|p2a: Meowscarada|typechange|Ice|[from] ability: Protean
|-supereffective|p1a: Landorus
|-damage|p1a: Landorus|63/100
|-damage|p2a: Meowscarada|84/100|[from] item: Rocky Helmet|[of] p1a: Landorus
|-supereffective|p1a: Landorus
|-damage|p1a: Landorus|0 fnt
|-damage|p2a: Meowscarada|68/100|[from] item: Rocky Helmet|[of] p1a: Landorus
|faint|p1a: Landorus
|-hitcount|p1: Landorus|2
|
|upkeep
|
|t:|1760809131
|switch|p1a: Scizor|Scizor, F|100/100
|turn|2
|
|t:|1760809137
|switch|p2a: Zebstrika|Zebstrika, F|100/100
|move|p1a: Scizor|Bullet Punch|p2a: Zebstrika
|-resisted|p2a: Zebstrika
|-damage|p2a: Zebstrika|65/100
|
|upkeep
|turn|3
|
|t:|1760809148
|move|p2a: Zebstrika|Overheat|p1a: Scizor
|-supereffective|p1a: Scizor
|-damage|p1a: Scizor|0 fnt
|-unboost|p2a: Zebstrika|spa|2
|faint|p1a: Scizor
|-damage|p2a: Zebstrika|55/100|[from] item: Life Orb
|
|upkeep
|
|t:|1760809152
|switch|p1a: Samurott|Samurott-Hisui, F|100/100
|turn|4
|
|t:|1760809155
|move|p2a: Zebstrika|Supercell Slam|p1a: Samurott
|-supereffective|p1a: Samurott
|-damage|p1a: Samurott|0 fnt
|faint|p1a: Samurott
|-damage|p2a: Zebstrika|46/100|[from] item: Life Orb
|
|upkeep
|
|t:|1760809162
|switch|p1a: Latios|Latios, M|100/100
|turn|5
|
|t:|1760809169
|switch|p2a: Meowscarada|Meowscarada, F|68/100
|move|p1a: Latios|Calm Mind|p1a: Latios
|-boost|p1a: Latios|spa|1
|-boost|p1a: Latios|spd|1
|
|upkeep
|turn|6
|
|t:|1760809175
|switch|p1a: Pecharunt|Pecharunt|100/100
|move|p2a: Meowscarada|Knock Off|p1a: Pecharunt
|-start|p2a: Meowscarada|typechange|Dark|[from] ability: Protean
|-supereffective|p1a: Pecharunt
|-damage|p1a: Pecharunt|24/100
|-enditem|p1a: Pecharunt|Heavy-Duty Boots|[from] move: Knock Off|[of] p2a: Meowscarada
|
|upkeep
|turn|7
|
|t:|1760809184
|move|p2a: Meowscarada|Knock Off|p1a: Pecharunt
|-supereffective|p1a: Pecharunt
|-damage|p1a: Pecharunt|0 fnt
|faint|p1a: Pecharunt
|
|upkeep
|
|t:|1760809187
|switch|p1a: Zamazenta|Zamazenta|100/100
|-ability|p1a: Zamazenta|Dauntless Shield|boost
|-boost|p1a: Zamazenta|def|1
|turn|8
|
|t:|1760809193
|move|p1a: Zamazenta|Iron Defense|p1a: Zamazenta
|-boost|p1a: Zamazenta|def|2
|move|p2a: Meowscarada|Knock Off|p1a: Zamazenta
|-resisted|p1a: Zamazenta
|-damage|p1a: Zamazenta|90/100
|-enditem|p1a: Zamazenta|Leftovers|[from] move: Knock Off|[of] p2a: Meowscarada
|
|upkeep
|turn|9
|
|t:|1760809197
|switch|p2a: Alomomola|Alomomola, M|100/100
|move|p1a: Zamazenta|Iron Defense|p1a: Zamazenta
|-boost|p1a: Zamazenta|def|2
|
|upkeep
|turn|10
|
|t:|1760809202
|move|p1a: Zamazenta|Body Press|p2a: Alomomola
|-damage|p2a: Alomomola|33/100
|move|p2a: Alomomola|Scald|p1a: Zamazenta
|-damage|p1a: Zamazenta|78/100
|
|upkeep
|turn|11
|
|t:|1760809207
|move|p1a: Zamazenta|Body Press|p2a: Alomomola
|-damage|p2a: Alomomola|0 fnt
|faint|p2a: Alomomola
|
|upkeep
|
|t:|1760809210
|switch|p2a: Meowscarada|Meowscarada, F|68/100
|turn|12
|
|t:|1760809215
|move|p1a: Zamazenta|Body Press|p2a: Meowscarada
|-supereffective|p2a: Meowscarada
|-damage|p2a: Meowscarada|0 fnt
|faint|p2a: Meowscarada
|
|upkeep
|
|t:|1760809223
|switch|p2a: Great Tusk|Great Tusk|100/100
|turn|13
|
|t:|1760809234
|move|p1a: Zamazenta|Body Press|p2a: Great Tusk
|-damage|p2a: Great Tusk|0 fnt
|faint|p2a: Great Tusk
|-end|p2a: Great Tusk|Protosynthesis|[silent]
|
|upkeep
|
|t:|1760809237
|switch|p2a: Meloetta|Meloetta|100/100
|turn|14
|
|t:|1760809245
|-terastallize|p1a: Zamazenta|Fire
|move|p1a: Zamazenta|Body Press|p2a: Meloetta
|-damage|p2a: Meloetta|0 fnt
|faint|p2a: Meloetta
|
|upkeep
|c|☆healboy009|Thx
|c|☆healboy009|I'll def rem to add a ghost type
|-message|healboy009 forfeited.
|
|win|navigatorxdd
|raw|navigatorxdd's rating: 1401 &rarr; <strong>1417</strong><br />(+16 for winning)
|raw|healboy009's rating: 1328 &rarr; <strong>1312</strong><br />(-16 for losing)
|l|☆healboy009
|player|p2|
|c|☆navigatorxdd|gg
|l|☆navigatorxdd
|player|p1|
