|j|☆khote
|j|☆Halfgallon67
|t:|1760721345
|gametype|singles
|player|p1|khote|burglar|1675
|player|p2|Halfgallon67|cilan|1657
|gen|9
|tier|[Gen 9] OU
|rated|
|rule|HP Percentage Mod: HP is shown in percentages
|rule|Endless Battle Clause: Forcing endless battles is banned
|rule|Species Clause: Limit one of each Pokémon
|rule|OHKO Clause: OHKO moves are banned
|rule|Evasion Items Clause: Evasion items are banned
|rule|Evasion Moves Clause: Evasion moves are banned
|rule|Evasion Abilities Clause: Evasion abilities are banned
|rule|Sleep Moves Clause: Sleep-inducing moves are banned
|clearpoke
|poke|p1|Iron Treads|
|poke|p1|Ogerpon-Wellspring, F|
|poke|p1|Zamazenta-*|
|poke|p1|Dragapult, F|
|poke|p1|Iron Valiant|
|poke|p1|Dragonite, M|
|poke|p2|Pelipper, F|
|poke|p2|Hatterene, F|
|poke|p2|Iron Treads|
|poke|p2|Toxicroak, F|
|poke|p2|Barraskewda, F|
|poke|p2|Zapdos|
|teampreview
|inactive|Battle timer is ON: inactive players will automatically lose when time's up. (requested by khote)
|
|t:|1760721399
|teamsize|p1|6
|teamsize|p2|6
|start
|switch|p1a: Dragapult|Dragapult, F|100/100
|switch|p2a: I.B.Gulpin|Pelipper, F|100/100
|-weather|RainDance|[from] ability: Drizzle|[of] p2a: I.B.Gulpin
|turn|1
|
|t:|1760721416
|switch|p2a: Ramsay|Iron Treads|100/100
|move|p1a: Dragapult|Will-O-Wisp|p2a: Ramsay|[miss]
|-miss|p1a: Dragapult|p2a: Ramsay
|
|-weather|RainDance|[upkeep]
|upkeep
|turn|2
|
|t:|1760721422
|move|p1a: Dragapult|Will-O-Wisp|p2a: Ramsay
|-status|p2a: Ramsay|brn
|move|p2a: Ramsay|Stealth Rock|p1a: Dragapult
|-sidestart|p1: khote|move: Stealth Rock
|
|-weather|RainDance|[upkeep]
|-damage|p2a: Ramsay|94/100 brn|[from] brn
|upkeep
|turn|3
|inactive|Halfgallon67 has 120 seconds left.
|
|t:|1760721462
|move|p1a: Dragapult|Hex|p2a: Ramsay
|-damage|p2a: Ramsay|50/100 brn
|move|p2a: Ramsay|Volt Switch|p1a: Dragapult
|-resisted|p1a: Dragapult
|-damage|p1a: Dragapult|92/100
|
|t:|1760721480
|-end|p2a: Ramsay|Quark Drive|[silent]
|switch|p2a: Storm|Zapdos|100/100|[from] Volt Switch
|
|-weather|RainDance|[upkeep]
|upkeep
|turn|4
|
|t:|1760721494
|move|p1a: Dragapult|Will-O-Wisp|p2a: Storm
|-status|p2a: Storm|brn
|move|p2a: Storm|Hurricane|p1a: Dragapult
|-damage|p1a: Dragapult|0 fnt
|faint|p1a: Dragapult
|
|-weather|RainDance|[upkeep]
|-damage|p2a: Storm|94/100 brn|[from] brn
|upkeep
|
|t:|1760721502
|switch|p1a: Iron Treads|Iron Treads|100/100
|-damage|p1a: Iron Treads|97/100|[from] Stealth Rock
|turn|5
|inactive|Halfgallon67 has 90 seconds left.
|
|t:|1760721544
|switch|p2a: Laminar Flow|Barraskewda, F|100/100
|move|p1a: Iron Treads|Rapid Spin|p2a: Laminar Flow
|-damage|p2a: Laminar Flow|74/100
|-boost|p1a: Iron Treads|spe|1
|-sideend|p1: khote|Stealth Rock|[from] move: Rapid Spin|[of] p1a: Iron Treads
|
|-weather|RainDance|[upkeep]
|-heal|p1a: Iron Treads|100/100|[from] item: Leftovers
|upkeep
|turn|6
|
|t:|1760721553
|move|p2a: Laminar Flow|Flip Turn|p1a: Iron Treads
|-supereffective|p1a: Iron Treads
|-damage|p1a: Iron Treads|0 fnt
|faint|p1a: Iron Treads
|-end|p1a: Iron Treads|Quark Drive|[silent]
|
|t:|1760721572
|switch|p2a: Storm|Zapdos|94/100 brn|[from] Flip Turn
|
|-weather|RainDance|[upkeep]
|-damage|p2a: Storm|88/100 brn|[from] brn
|upkeep
|
|t:|1760721586
|switch|p1a: Iron Valiant|Iron Valiant|100/100
|-enditem|p1a: Iron Valiant|Booster Energy
|-activate|p1a: Iron Valiant|ability: Quark Drive|[fromitem]
|-start|p1a: Iron Valiant|quarkdrivespe
|turn|7
|
|t:|1760721609
|move|p1a: Iron Valiant|Moonblast|p2a: Storm
|-damage|p2a: Storm|33/100 brn
|-unboost|p2a: Storm|spa|1
|move|p2a: Storm|Hurricane|p1a: Iron Valiant
|-supereffective|p1a: Iron Valiant
|-damage|p1a: Iron Valiant|0 fnt
|faint|p1a: Iron Valiant
|-end|p1a: Iron Valiant|Quark Drive|[silent]
|
|-weather|RainDance|[upkeep]
|-damage|p2a: Storm|27/100 brn|[from] brn
|upkeep
|
|t:|1760721617
|switch|p1a: Ogerpon|Ogerpon-Wellspring, F|100/100
|turn|8
|inactive|Halfgallon67 has 60 seconds left.
|
|t:|1760721644
|switch|p2a: Agent Oso|Toxicroak, F|100/100
|move|p1a: Ogerpon|Ivy Cudgel|p2a: Agent Oso|[anim] Ivy Cudgel Water
|-immune|p2a: Agent Oso|[from] ability: Dry Skin
|
|-weather|none
|upkeep
|turn|9
|inactive|Halfgallon67 has 60 seconds left.
|
|t:|1760721658
|move|p1a: Ogerpon|Horn Leech|p2a: Agent Oso
|-resisted|p2a: Agent Oso
|-damage|p2a: Agent Oso|79/100
|-damage|p1a: Ogerpon|84/100|[from] item: Rocky Helmet|[of] p2a: Agent Oso
|move|p2a: Agent Oso|Toxic|p1a: Ogerpon
|-status|p1a: Ogerpon|tox
|
|-damage|p1a: Ogerpon|78/100 tox|[from] psn
|upkeep
|turn|10
|
|t:|1760721664
|move|p1a: Ogerpon|Encore|p2a: Agent Oso
|-start|p2a: Agent Oso|Encore
|move|p2a: Agent Oso|Toxic|p1a: Ogerpon
|-fail|p1a: Ogerpon|tox
|
|-damage|p1a: Ogerpon|66/100 tox|[from] psn
|upkeep
|turn|11
|
|t:|1760721672
|switch|p2a: I.B.Gulpin|Pelipper, F|100/100
|-weather|RainDance|[from] ability: Drizzle|[of] p2a: I.B.Gulpin
|move|p1a: Ogerpon|Swords Dance|p1a: Ogerpon
|-boost|p1a: Ogerpon|atk|2
|
|-weather|RainDance|[upkeep]
|-damage|p1a: Ogerpon|48/100 tox|[from] psn
|upkeep
|turn|12
|
|t:|1760721678
|switch|p2a: Agent Oso|Toxicroak, F|79/100
|move|p1a: Ogerpon|Horn Leech|p2a: Agent Oso
|-resisted|p2a: Agent Oso
|-crit|p2a: Agent Oso
|-damage|p2a: Agent Oso|21/100
|-heal|p1a: Ogerpon|84/100 tox|[from] drain|[of] p2a: Agent Oso
|-damage|p1a: Ogerpon|67/100 tox|[from] item: Rocky Helmet|[of] p2a: Agent Oso
|
|-weather|RainDance|[upkeep]
|-heal|p2a: Agent Oso|34/100|[from] ability: Dry Skin
|-damage|p1a: Ogerpon|43/100 tox|[from] psn
|upkeep
|turn|13
|inactive|Halfgallon67 has 60 seconds left.
|
|t:|1760721711
|move|p1a: Ogerpon|Horn Leech|p2a: Agent Oso
|-resisted|p2a: Agent Oso
|-damage|p2a: Agent Oso|0 fnt
|-heal|p1a: Ogerpon|64/100 tox|[from] drain|[of] p2a: Agent Oso
|-damage|p1a: Ogerpon|47/100 tox|[from] item: Rocky Helmet|[of] p2a: Agent Oso
|faint|p2a: Agent Oso
|
|-weather|RainDance|[upkeep]
|-damage|p1a: Ogerpon|17/100 tox|[from] psn
|upkeep
|inactive|Halfgallon67 has 60 seconds left.
|j| Lonelyenders
|inactive|Halfgallon67 has 30 seconds left.
|inactive|Halfgallon67 has 20 seconds left.
|
|t:|1760721757
|switch|p2a: Laminar Flow|Barraskewda, F|74/100
|turn|14
|inactive|Halfgallon67 has 30 seconds left this turn.
|
|t:|1760721761
|move|p2a: Laminar Flow|Close Combat|p1a: Ogerpon
|-damage|p1a: Ogerpon|0 fnt
|-unboost|p2a: Laminar Flow|def|1
|-unboost|p2a: Laminar Flow|spd|1
|faint|p1a: Ogerpon
|
|-weather|RainDance|[upkeep]
|upkeep
|
|t:|1760721767
|switch|p1a: Dragonite|Dragonite, M|100/100
|turn|15
|inactive|Halfgallon67 has 30 seconds left.
|inactive|Halfgallon67 has 20 seconds left.
|inactive|Halfgallon67 has 15 seconds left.
|inactive|Halfgallon67 has 10 seconds left.
|
|t:|1760721805
|switch|p2a: Storm|Zapdos|27/100 brn
|move|p1a: Dragonite|Dragon Dance|p1a: Dragonite
|-boost|p1a: Dragonite|atk|1
|-boost|p1a: Dragonite|spe|1
|
|-weather|RainDance|[upkeep]
|-damage|p2a: Storm|20/100 brn|[from] brn
|upkeep
|turn|16
|inactive|Halfgallon67 has 20 seconds left this turn.
|inactive|Halfgallon67 has 15 seconds left.
|
|t:|1760721814
|move|p1a: Dragonite|Extreme Speed|p2a: Storm
|-damage|p2a: Storm|0 fnt
|faint|p2a: Storm
|
|-weather|RainDance|[upkeep]
|upkeep
|inactive|Halfgallon67 has 20 seconds left this turn.
|inactive|Halfgallon67 has 15 seconds left.
|inactive|Halfgallon67 has 10 seconds left.
|
|t:|1760721828
|switch|p2a: I.B.Gulpin|Pelipper, F|100/100
|turn|17
|inactive|Halfgallon67 has 20 seconds left this turn.
|inactive|Halfgallon67 has 15 seconds left.
|
|t:|1760721837
|move|p1a: Dragonite|Dragon Dance|p1a: Dragonite
|-boost|p1a: Dragonite|atk|1
|-boost|p1a: Dragonite|spe|1
|move|p2a: I.B.Gulpin|Hurricane|p1a: Dragonite
|-damage|p1a: Dragonite|83/100
|
|-weather|RainDance|[upkeep]
|upkeep
|turn|18
|inactive|Halfgallon67 has 25 seconds left this turn.
|inactive|Halfgallon67 has 20 seconds left.
|
|t:|1760721845
|-terastallize|p1a: Dragonite|Flying
|move|p1a: Dragonite|Tera Blast|p2a: I.B.Gulpin|[anim] Tera Blast Flying
|-damage|p2a: I.B.Gulpin|0 fnt
|faint|p2a: I.B.Gulpin
|
|-weather|none
|upkeep
|inactive|Halfgallon67 has 25 seconds left this turn.
|inactive|Halfgallon67 has 20 seconds left.
|
|t:|1760721851
|switch|p2a: Miss Maker|Hatterene, F|100/100
|turn|19
|inactive|Halfgallon67 has 30 seconds left this turn.
|
|t:|1760721857
|move|p1a: Dragonite|Tera Blast|p2a: Miss Maker|[anim] Tera Blast Flying
|-damage|p2a: Miss Maker|0 fnt
|faint|p2a: Miss Maker
|
|upkeep
|inactive|Halfgallon67 has 30 seconds left this turn.
|
|t:|1760721860
|switch|p2a: Ramsay|Iron Treads|50/100 brn
|turn|20
|
|t:|1760721865
|move|p1a: Dragonite|Earthquake|p2a: Ramsay
|-supereffective|p2a: Ramsay
|-crit|p2a: Ramsay
|-damage|p2a: Ramsay|0 fnt
|faint|p2a: Ramsay
|-end|p2a: Ramsay|Quark Drive|[silent]
|
|upkeep
|
|t:|1760721867
|switch|p2a: Laminar Flow|Barraskewda, F|74/100
|turn|21
|
|t:|1760721873
|-terastallize|p2a: Laminar Flow|Water
|move|p2a: Laminar Flow|Aqua Jet|p1a: Dragonite
|-damage|p1a: Dragonite|39/100
|move|p1a: Dragonite|Tera Blast|p2a: Laminar Flow|[anim] Tera Blast Flying
|-damage|p2a: Laminar Flow|0 fnt
|faint|p2a: Laminar Flow
|
|win|khote
|raw|khote's rating: 1675 &rarr; <strong>1694</strong><br />(+19 for winning)
|raw|Halfgallon67's rating: 1657 &rarr; <strong>1638</strong><br />(-19 for losing)
|l|☆Halfgallon67
|player|p2|
|l| Lonelyenders
|l|☆khote
|player|p1|
