|j|☆Shimeon91
|j|☆catsdabest
|t:|1760737274
|gametype|singles
|player|p1|Shimeon91|1|1438
|player|p2|catsdabest|firebreather|1513
|gen|9
|tier|[Gen 9] OU
|rated|
|rule|HP Percentage Mod: HP is shown in percentages
|rule|Endless Battle Clause: Forcing endless battles is banned
|rule|Species Clause: Limit one of each Pokémon
|rule|OHKO Clause: OHKO moves are banned
|rule|Evasion Items Clause: Evasion items are banned
|rule|Evasion Moves Clause: Evasion moves are banned
|rule|Evasion Abilities Clause: Evasion abilities are banned
|rule|Sleep Moves Clause: Sleep-inducing moves are banned
|clearpoke
|poke|p1|Cetitan, F|
|poke|p1|Infernape, M|
|poke|p1|Pecharunt|
|poke|p1|Toxicroak, M|
|poke|p1|Slowking-Galar, M|
|poke|p1|Glimmora, F|
|poke|p2|Ribombee, F|
|poke|p2|Gholdengo|
|poke|p2|Kingambit, F|
|poke|p2|Great Tusk|
|poke|p2|Enamorus, F|
|poke|p2|Landorus-Therian, M|
|teampreview
|inactive|Battle timer is ON: inactive players will automatically lose when time's up. (requested by catsdabest)
|
|t:|1760737291
|teamsize|p1|6
|teamsize|p2|6
|start
|switch|p1a: Glimmora|Glimmora, F|100/100
|switch|p2a: Mosquito|Ribombee, F|100/100
|turn|1
|
|t:|1760737297
|move|p2a: Mosquito|Sticky Web|p1a: Glimmora
|-sidestart|p1: Shimeon91|move: Sticky Web
|move|p1a: Glimmora|Power Gem|p2a: Mosquito
|-supereffective|p2a: Mosquito
|-enditem|p2a: Mosquito|Focus Sash
|-damage|p2a: Mosquito|1/100
|
|upkeep
|turn|2
|
|t:|1760737304
|switch|p2a: Gholdengo|Gholdengo|100/100
|-item|p2a: Gholdengo|Air Balloon
|move|p1a: Glimmora|Mortal Spin|p2a: Gholdengo
|-immune|p2a: Gholdengo
|
|upkeep
|turn|3
|
|t:|1760737312
|move|p1a: Glimmora|Power Gem|p2a: Gholdengo
|-resisted|p2a: Gholdengo
|-damage|p2a: Gholdengo|75/100
|-enditem|p2a: Gholdengo|Air Balloon
|move|p2a: Gholdengo|Make It Rain|p1a: Glimmora
|-supereffective|p1a: Glimmora
|-crit|p1a: Glimmora
|-enditem|p1a: Glimmora|Focus Sash
|-damage|p1a: Glimmora|1/100
|-unboost|p2a: Gholdengo|spa|1
|
|upkeep
|turn|4
|
|t:|1760737323
|move|p1a: Glimmora|Stealth Rock|p2a: Gholdengo
|-sidestart|p2: catsdabest|move: Stealth Rock
|move|p2a: Gholdengo|Shadow Ball|p1a: Glimmora
|-damage|p1a: Glimmora|0 fnt
|faint|p1a: Glimmora
|
|upkeep
|
|t:|1760737335
|switch|p1a: Infernape|Infernape, M|100/100
|turn|5
|
|t:|1760737342
|switch|p2a: Mosquito|Ribombee, F|1/100
|-damage|p2a: Mosquito|0 fnt|[from] Stealth Rock
|faint|p2a: Mosquito
|move|p1a: Infernape|Flamethrower|p2: Mosquito|[notarget]
|-fail|p1a: Infernape
|
|upkeep
|l|☆Shimeon91
|inactive|Shimeon91 disconnected and has a minute to reconnect!
|player|p1|
|j|☆Shimeon91
|inactive|Shimeon91 reconnected.
|player|p1|Shimeon91|1|
|inactive|catsdabest has 120 seconds left.
|
|t:|1760737389
|switch|p2a: Great Tusk|Great Tusk|100/100
|-damage|p2a: Great Tusk|98/100|[from] Stealth Rock
|-enditem|p2a: Great Tusk|Booster Energy
|-activate|p2a: Great Tusk|ability: Protosynthesis|[fromitem]
|-start|p2a: Great Tusk|protosynthesisatk
|turn|6
|
|t:|1760737397
|switch|p1a: Toxicroak|Toxicroak, M|100/100
|-item|p1a: Toxicroak|Air Balloon
|-terastallize|p2a: Great Tusk|Fire
|move|p2a: Great Tusk|Rapid Spin|p1a: Toxicroak
|-damage|p1a: Toxicroak|58/100
|-boost|p2a: Great Tusk|spe|1
|-enditem|p1a: Toxicroak|Air Balloon
|-sideend|p2: catsdabest|Stealth Rock|[from] move: Rapid Spin|[of] p2a: Great Tusk
|
|upkeep
|turn|7
|
|t:|1760737409
|move|p1a: Toxicroak|Sucker Punch|p2a: Great Tusk
|-damage|p2a: Great Tusk|79/100
|move|p2a: Great Tusk|Temper Flare|p1a: Toxicroak
|-damage|p1a: Toxicroak|0 fnt
|faint|p1a: Toxicroak
|
|upkeep
|
|t:|1760737423
|switch|p1a: Pecharunt|Pecharunt|100/100
|turn|8
|
|t:|1760737437
|-end|p2a: Great Tusk|Protosynthesis|[silent]
|switch|p2a: Gholdengo|Gholdengo|75/100
|-terastallize|p1a: Pecharunt|Dark
|move|p1a: Pecharunt|Malignant Chain|p2a: Gholdengo
|-immune|p2a: Gholdengo
|
|upkeep
|turn|9
|
|t:|1760737446
|move|p2a: Gholdengo|Nasty Plot|p2a: Gholdengo
|-boost|p2a: Gholdengo|spa|2
|move|p1a: Pecharunt|Shadow Ball|p2a: Gholdengo
|-supereffective|p2a: Gholdengo
|-damage|p2a: Gholdengo|14/100
|
|upkeep
|turn|10
|
|t:|1760737458
|switch|p1a: Slowking|Slowking-Galar, M|100/100
|move|p2a: Gholdengo|Make It Rain|p1a: Slowking
|-damage|p1a: Slowking|23/100
|-unboost|p2a: Gholdengo|spa|1
|
|upkeep
|turn|11
|
|t:|1760737466
|switch|p1a: Infernape|Infernape, M|100/100
|move|p2a: Gholdengo|Shadow Ball|p1a: Infernape
|-damage|p1a: Infernape|0 fnt
|faint|p1a: Infernape
|
|upkeep
|
|t:|1760737474
|switch|p1a: Cetitan|Cetitan, F, shiny|100/100
|turn|12
|
|t:|1760737478
|move|p1a: Cetitan|Ice Shard|p2a: Gholdengo
|-resisted|p2a: Gholdengo
|-damage|p2a: Gholdengo|2/100
|move|p2a: Gholdengo|Make It Rain|p1a: Cetitan
|-supereffective|p1a: Cetitan
|-damage|p1a: Cetitan|0 fnt
|-unboost|p2a: Gholdengo|spa|1
|faint|p1a: Cetitan
|
|upkeep
|-message|Shimeon91 forfeited.
|
|win|catsdabest
|raw|Shimeon91's rating: 1438 &rarr; <strong>1422</strong><br />(-16 for losing)
|raw|catsdabest's rating: 1513 &rarr; <strong>1529</strong><br />(+16 for winning)
|l|☆Shimeon91
|player|p1|
|l|☆catsdabest
|player|p2|
