|j|☆drew1750
|j|☆jessies boyfriend
|t:|1760740418
|gametype|singles
|player|p1|drew1750|2|1250
|player|p2|jessies boyfriend|brock|1245
|gen|9
|tier|[Gen 9] OU
|rated|
|rule|HP Percentage Mod: HP is shown in percentages
|rule|Endless Battle Clause: Forcing endless battles is banned
|rule|Species Clause: Limit one of each Pokémon
|rule|OHKO Clause: OHKO moves are banned
|rule|Evasion Items Clause: Evasion items are banned
|rule|Evasion Moves Clause: Evasion moves are banned
|rule|Evasion Abilities Clause: Evasion abilities are banned
|rule|Sleep Moves Clause: Sleep-inducing moves are banned
|clearpoke
|poke|p1|Pecharunt|
|poke|p1|Appletun, M|
|poke|p1|Kommo-o, F|
|poke|p1|Moltres-Galar|
|poke|p1|Kleavor, M|
|poke|p1|Dondozo, M|
|poke|p2|Dudunsparce-*, M|
|poke|p2|Rillaboom, F|
|poke|p2|Pecharunt|
|poke|p2|Hawlucha, M|
|poke|p2|Cinderace, M|
|poke|p2|Decidueye-Hisui, M|
|teampreview
|inactive|Battle timer is ON: inactive players will automatically lose when time's up. (requested by jessies boyfriend)
|
|t:|1760740439
|teamsize|p1|6
|teamsize|p2|6
|start
|switch|p1a: Kleavor|Kleavor, M|100/100
|switch|p2a: Dudunsparce|Dudunsparce-Three-Segment, M, shiny|100/100
|turn|1
|
|t:|1760740442
|move|p1a: Kleavor|Stone Axe|p2a: Dudunsparce
|-damage|p2a: Dudunsparce|47/100
|-sidestart|p2: jessies boyfriend|move: Stealth Rock
|move|p2a: Dudunsparce|Toxic|p1a: Kleavor
|-status|p1a: Kleavor|tox
|
|-heal|p2a: Dudunsparce|54/100|[from] item: Leftovers
|-damage|p1a: Kleavor|94/100 tox|[from] psn
|upkeep
|turn|2
|
|t:|1760740446
|move|p1a: Kleavor|Stone Axe|p2a: Dudunsparce
|-damage|p2a: Dudunsparce|3/100
|move|p2a: Dudunsparce|Roost|p2a: Dudunsparce
|-heal|p2a: Dudunsparce|54/100
|-singleturn|p2a: Dudunsparce|move: Roost
|
|-heal|p2a: Dudunsparce|60/100|[from] item: Leftovers
|-damage|p1a: Kleavor|82/100 tox|[from] psn
|upkeep
|turn|3
|
|t:|1760740452
|switch|p1a: Pecharunt|Pecharunt|100/100
|move|p2a: Dudunsparce|Roost|p2a: Dudunsparce
|-heal|p2a: Dudunsparce|100/100
|-singleturn|p2a: Dudunsparce|move: Roost
|
|upkeep
|turn|4
|
|t:|1760740456
|-terastallize|p2a: Dudunsparce|Poison
|move|p1a: Pecharunt|Malignant Chain|p2a: Dudunsparce
|-resisted|p2a: Dudunsparce
|-damage|p2a: Dudunsparce|89/100
|move|p2a: Dudunsparce|Coil|p2a: Dudunsparce
|-boost|p2a: Dudunsparce|atk|1
|-boost|p2a: Dudunsparce|def|1
|-boost|p2a: Dudunsparce|accuracy|1
|
|-heal|p2a: Dudunsparce|96/100|[from] item: Leftovers
|upkeep
|turn|5
|
|t:|1760740480
|move|p1a: Pecharunt|Parting Shot|p2a: Dudunsparce
|-unboost|p2a: Dudunsparce|atk|1
|-unboost|p2a: Dudunsparce|spa|1
|
|t:|1760740485
|switch|p1a: Appletun|Appletun, M|100/100|[from] Parting Shot
|move|p2a: Dudunsparce|Toxic|p1a: Appletun
|-status|p1a: Appletun|tox
|
|-heal|p2a: Dudunsparce|100/100|[from] item: Leftovers
|-damage|p1a: Appletun|94/100 tox|[from] psn
|upkeep
|turn|6
|
|t:|1760740489
|move|p2a: Dudunsparce|Coil|p2a: Dudunsparce
|-boost|p2a: Dudunsparce|atk|1
|-boost|p2a: Dudunsparce|def|1
|-boost|p2a: Dudunsparce|accuracy|1
|move|p1a: Appletun|Leech Seed|p2a: Dudunsparce|[miss]
|-miss|p1a: Appletun|p2a: Dudunsparce
|
|-heal|p1a: Appletun|100/100 tox|[from] item: Leftovers
|-damage|p1a: Appletun|88/100 tox|[from] psn
|upkeep
|turn|7
|
|t:|1760740497
|move|p2a: Dudunsparce|Coil|p2a: Dudunsparce
|-boost|p2a: Dudunsparce|atk|1
|-boost|p2a: Dudunsparce|def|1
|-boost|p2a: Dudunsparce|accuracy|1
|move|p1a: Appletun|Leech Seed|p2a: Dudunsparce
|-start|p2a: Dudunsparce|move: Leech Seed
|
|-heal|p1a: Appletun|94/100 tox|[from] item: Leftovers
|-damage|p2a: Dudunsparce|88/100|[from] Leech Seed|[of] p1a: Appletun
|-heal|p1a: Appletun|100/100 tox|[silent]
|-damage|p1a: Appletun|82/100 tox|[from] psn
|upkeep
|turn|8
|
|t:|1760740504
|switch|p1a: Pecharunt|Pecharunt|100/100
|move|p2a: Dudunsparce|Coil|p2a: Dudunsparce
|-boost|p2a: Dudunsparce|atk|1
|-boost|p2a: Dudunsparce|def|1
|-boost|p2a: Dudunsparce|accuracy|1
|
|-heal|p2a: Dudunsparce|94/100|[from] item: Leftovers
|-damage|p2a: Dudunsparce|82/100|[from] Leech Seed|[of] p1a: Pecharunt
|upkeep
|turn|9
|
|t:|1760740511
|move|p1a: Pecharunt|Hex|p2a: Dudunsparce
|-damage|p2a: Dudunsparce|66/100
|-ability|p2a: Dudunsparce|Rattled|boost
|-boost|p2a: Dudunsparce|spe|1
|move|p2a: Dudunsparce|Coil|p2a: Dudunsparce
|-boost|p2a: Dudunsparce|atk|1
|-boost|p2a: Dudunsparce|def|1
|-boost|p2a: Dudunsparce|accuracy|1
|
|-heal|p2a: Dudunsparce|72/100|[from] item: Leftovers
|-damage|p2a: Dudunsparce|60/100|[from] Leech Seed|[of] p1a: Pecharunt
|upkeep
|turn|10
|
|t:|1760740515
|move|p2a: Dudunsparce|Roost|p2a: Dudunsparce
|-heal|p2a: Dudunsparce|100/100
|move|p1a: Pecharunt|Parting Shot|p2a: Dudunsparce
|-unboost|p2a: Dudunsparce|atk|1
|-unboost|p2a: Dudunsparce|spa|1
|
|t:|1760740519
|switch|p1a: Dondozo|Dondozo, M|100/100|[from] Parting Shot
|
|-damage|p2a: Dudunsparce|88/100|[from] Leech Seed|[of] p1a: Dondozo
|upkeep
|turn|11
|
|t:|1760740521
|move|p2a: Dudunsparce|Toxic|p1a: Dondozo
|-status|p1a: Dondozo|tox
|move|p1a: Dondozo|Curse|p1a: Dondozo
|-unboost|p1a: Dondozo|spe|1
|-boost|p1a: Dondozo|atk|1
|-boost|p1a: Dondozo|def|1
|
|-heal|p2a: Dudunsparce|94/100|[from] item: Leftovers
|-damage|p2a: Dudunsparce|82/100|[from] Leech Seed|[of] p1a: Dondozo
|-damage|p1a: Dondozo|94/100 tox|[from] psn
|upkeep
|turn|12
|
|t:|1760740527
|switch|p2a: Rillaboom|Rillaboom, F|100/100
|-damage|p2a: Rillaboom|88/100|[from] Stealth Rock
|-fieldstart|move: Grassy Terrain|[from] ability: Grassy Surge|[of] p2a: Rillaboom
|move|p1a: Dondozo|Curse|p1a: Dondozo
|-unboost|p1a: Dondozo|spe|1
|-boost|p1a: Dondozo|atk|1
|-boost|p1a: Dondozo|def|1
|
|-heal|p2a: Rillaboom|94/100|[from] Grassy Terrain
|-heal|p1a: Dondozo|100/100 tox|[from] Grassy Terrain
|-damage|p1a: Dondozo|88/100 tox|[from] psn
|upkeep
|turn|13
|
|t:|1760740550
|-terastallize|p1a: Dondozo|Poison
|move|p2a: Rillaboom|Leech Seed|p1a: Dondozo
|-start|p1a: Dondozo|move: Leech Seed
|move|p1a: Dondozo|Rest|p1a: Dondozo
|-status|p1a: Dondozo|slp|[from] move: Rest
|-heal|p1a: Dondozo|100/100 slp|[silent]
|
|-heal|p2a: Rillaboom|100/100|[from] Grassy Terrain
|-damage|p1a: Dondozo|88/100 slp|[from] Leech Seed|[of] p2a: Rillaboom
|upkeep
|turn|14
|
|t:|1760740557
|move|p2a: Rillaboom|U-turn|p1a: Dondozo
|-resisted|p1a: Dondozo
|-damage|p1a: Dondozo|86/100 slp
|
|t:|1760740564
|switch|p2a: Decidueye|Decidueye-Hisui, M, shiny|100/100|[from] U-turn
|-damage|p2a: Decidueye|95/100|[from] Stealth Rock
|cant|p1a: Dondozo|slp
|move|p1a: Dondozo|Sleep Talk|p1a: Dondozo
|move|p1a: Dondozo|Liquidation|p2a: Decidueye|[from] move: Sleep Talk
|-resisted|p2a: Decidueye
|-damage|p2a: Decidueye|57/100
|
|-heal|p2a: Decidueye|63/100|[from] Grassy Terrain
|-heal|p1a: Dondozo|92/100 slp|[from] Grassy Terrain
|-heal|p1a: Dondozo|98/100 slp|[from] item: Leftovers
|-damage|p1a: Dondozo|85/100 slp|[from] Leech Seed|[of] p2a: Decidueye
|-heal|p2a: Decidueye|80/100|[silent]
|upkeep
|turn|15
|
|t:|1760740568
|move|p2a: Decidueye|Triple Arrows|p1a: Dondozo
|-resisted|p1a: Dondozo
|-crit|p1a: Dondozo
|-damage|p1a: Dondozo|66/100 slp
|-unboost|p1a: Dondozo|def|1
|cant|p1a: Dondozo|slp
|move|p1a: Dondozo|Sleep Talk|p1a: Dondozo
|move|p1a: Dondozo|Rest||[from] move: Sleep Talk|[still]
|-fail|p1a: Dondozo
|
|-heal|p2a: Decidueye|86/100|[from] Grassy Terrain
|-heal|p1a: Dondozo|72/100 slp|[from] Grassy Terrain
|-heal|p1a: Dondozo|78/100 slp|[from] item: Leftovers
|-damage|p1a: Dondozo|66/100 slp|[from] Leech Seed|[of] p2a: Decidueye
|-heal|p2a: Decidueye|100/100|[silent]
|upkeep
|turn|16
|
|t:|1760740577
|move|p2a: Decidueye|Leaf Blade|p1a: Dondozo
|-resisted|p1a: Dondozo
|-damage|p1a: Dondozo|55/100 slp
|-curestatus|p1a: Dondozo|slp|[msg]
|move|p1a: Dondozo|Liquidation|p2a: Decidueye
|-resisted|p2a: Decidueye
|-damage|p2a: Decidueye|60/100
|-unboost|p2a: Decidueye|def|1
|
|-heal|p2a: Decidueye|66/100|[from] Grassy Terrain
|-heal|p1a: Dondozo|61/100|[from] Grassy Terrain
|-heal|p1a: Dondozo|67/100|[from] item: Leftovers
|-damage|p1a: Dondozo|54/100|[from] Leech Seed|[of] p2a: Decidueye
|-heal|p2a: Decidueye|83/100|[silent]
|upkeep
|turn|17
|
|t:|1760740585
|move|p2a: Decidueye|Leaf Blade|p1a: Dondozo
|-resisted|p1a: Dondozo
|-damage|p1a: Dondozo|43/100
|move|p1a: Dondozo|Rest|p1a: Dondozo
|-status|p1a: Dondozo|slp|[from] move: Rest
|-heal|p1a: Dondozo|100/100 slp|[silent]
|
|-heal|p2a: Decidueye|89/100|[from] Grassy Terrain
|-damage|p1a: Dondozo|88/100 slp|[from] Leech Seed|[of] p2a: Decidueye
|-heal|p2a: Decidueye|100/100|[silent]
|upkeep
|turn|18
|
|t:|1760740591
|move|p2a: Decidueye|Leaf Blade|p1a: Dondozo
|-resisted|p1a: Dondozo
|-damage|p1a: Dondozo|78/100 slp
|cant|p1a: Dondozo|slp
|move|p1a: Dondozo|Sleep Talk|p1a: Dondozo
|move|p1a: Dondozo|Rest||[from] move: Sleep Talk|[still]
|-fail|p1a: Dondozo
|
|-heal|p1a: Dondozo|84/100 slp|[from] Grassy Terrain
|-heal|p1a: Dondozo|90/100 slp|[from] item: Leftovers
|-damage|p1a: Dondozo|77/100 slp|[from] Leech Seed|[of] p2a: Decidueye
|upkeep
|turn|19
|
|t:|1760740597
|move|p2a: Decidueye|Leaf Blade|p1a: Dondozo
|-resisted|p1a: Dondozo
|-damage|p1a: Dondozo|66/100 slp
|cant|p1a: Dondozo|slp
|move|p1a: Dondozo|Sleep Talk|p1a: Dondozo
|move|p1a: Dondozo|Curse|p1a: Dondozo|[from] move: Sleep Talk
|-unboost|p1a: Dondozo|spe|1
|-boost|p1a: Dondozo|atk|1
|-boost|p1a: Dondozo|def|1
|
|-heal|p1a: Dondozo|72/100 slp|[from] Grassy Terrain
|-heal|p1a: Dondozo|79/100 slp|[from] item: Leftovers
|-damage|p1a: Dondozo|66/100 slp|[from] Leech Seed|[of] p2a: Decidueye
|-fieldend|move: Grassy Terrain
|upkeep
|turn|20
|
|t:|1760740602
|move|p2a: Decidueye|Triple Arrows|p1a: Dondozo
|-resisted|p1a: Dondozo
|-damage|p1a: Dondozo|60/100 slp
|-unboost|p1a: Dondozo|def|1
|-curestatus|p1a: Dondozo|slp|[msg]
|move|p1a: Dondozo|Rest|p1a: Dondozo
|-status|p1a: Dondozo|slp|[from] move: Rest
|-heal|p1a: Dondozo|100/100 slp|[silent]
|
|-damage|p1a: Dondozo|88/100 slp|[from] Leech Seed|[of] p2a: Decidueye
|upkeep
|turn|21
|
|t:|1760740609
|move|p2a: Decidueye|Triple Arrows|p1a: Dondozo
|-resisted|p1a: Dondozo
|-damage|p1a: Dondozo|79/100 slp
|cant|p1a: Dondozo|slp
|move|p1a: Dondozo|Sleep Talk|p1a: Dondozo
|move|p1a: Dondozo|Liquidation|p2a: Decidueye|[from] move: Sleep Talk
|-resisted|p2a: Decidueye
|-damage|p2a: Decidueye|54/100
|
|-heal|p1a: Dondozo|86/100 slp|[from] item: Leftovers
|-damage|p1a: Dondozo|73/100 slp|[from] Leech Seed|[of] p2a: Decidueye
|-heal|p2a: Decidueye|72/100|[silent]
|upkeep
|turn|22
|
|t:|1760740619
|move|p2a: Decidueye|Triple Arrows|p1a: Dondozo
|-resisted|p1a: Dondozo
|-crit|p1a: Dondozo
|-damage|p1a: Dondozo|53/100 slp
|-unboost|p1a: Dondozo|def|1
|cant|p1a: Dondozo|slp
|move|p1a: Dondozo|Sleep Talk|p1a: Dondozo
|move|p1a: Dondozo|Curse|p1a: Dondozo|[from] move: Sleep Talk
|-unboost|p1a: Dondozo|spe|1
|-boost|p1a: Dondozo|atk|1
|-boost|p1a: Dondozo|def|1
|
|-heal|p1a: Dondozo|59/100 slp|[from] item: Leftovers
|-damage|p1a: Dondozo|46/100 slp|[from] Leech Seed|[of] p2a: Decidueye
|-heal|p2a: Decidueye|89/100|[silent]
|upkeep
|turn|23
|
|t:|1760740628
|move|p2a: Decidueye|Triple Arrows|p1a: Dondozo
|-resisted|p1a: Dondozo
|-damage|p1a: Dondozo|38/100 slp
|-unboost|p1a: Dondozo|def|1
|-curestatus|p1a: Dondozo|slp|[msg]
|cant|p1a: Dondozo|flinch
|
|-heal|p1a: Dondozo|44/100|[from] item: Leftovers
|-damage|p1a: Dondozo|31/100|[from] Leech Seed|[of] p2a: Decidueye
|-heal|p2a: Decidueye|100/100|[silent]
|upkeep
|turn|24
|
|t:|1760740636
|move|p2a: Decidueye|Triple Arrows|p1a: Dondozo
|-resisted|p1a: Dondozo
|-damage|p1a: Dondozo|19/100
|cant|p1a: Dondozo|flinch
|
|-heal|p1a: Dondozo|25/100|[from] item: Leftovers
|-damage|p1a: Dondozo|13/100|[from] Leech Seed|[of] p2a: Decidueye
|upkeep
|turn|25
|
|t:|1760740641
|move|p2a: Decidueye|Triple Arrows|p1a: Dondozo
|-resisted|p1a: Dondozo
|-crit|p1a: Dondozo
|-damage|p1a: Dondozo|0 fnt
|faint|p1a: Dondozo
|
|upkeep
|
|t:|1760740647
|switch|p1a: Kleavor|Kleavor, M|82/100 tox
|turn|26
|
|t:|1760740653
|switch|p2a: Pecharunt|Pecharunt|100/100
|-damage|p2a: Pecharunt|88/100|[from] Stealth Rock
|move|p1a: Kleavor|X-Scissor|p2a: Pecharunt
|-resisted|p2a: Pecharunt
|-damage|p2a: Pecharunt|80/100
|
|-heal|p2a: Pecharunt|86/100|[from] item: Leftovers
|-damage|p1a: Kleavor|76/100 tox|[from] psn
|upkeep
|turn|27
|
|t:|1760740659
|switch|p1a: Pecharunt|Pecharunt|100/100
|move|p2a: Pecharunt|Parting Shot|p1a: Pecharunt
|-unboost|p1a: Pecharunt|atk|1
|-unboost|p1a: Pecharunt|spa|1
|
|t:|1760740662
|switch|p2a: Dudunsparce|Dudunsparce-Three-Segment, M, shiny, tera:Poison|82/100|[from] Parting Shot
|-damage|p2a: Dudunsparce|69/100|[from] Stealth Rock
|
|-heal|p2a: Dudunsparce|75/100|[from] item: Leftovers
|upkeep
|turn|28
|
|t:|1760740666
|move|p1a: Pecharunt|Parting Shot|p2a: Dudunsparce
|-unboost|p2a: Dudunsparce|atk|1
|-unboost|p2a: Dudunsparce|spa|1
|
|t:|1760740669
|switch|p1a: Appletun|Appletun, M|82/100 tox|[from] Parting Shot
|move|p2a: Dudunsparce|Coil|p2a: Dudunsparce
|-boost|p2a: Dudunsparce|atk|1
|-boost|p2a: Dudunsparce|def|1
|-boost|p2a: Dudunsparce|accuracy|1
|
|-heal|p2a: Dudunsparce|81/100|[from] item: Leftovers
|-heal|p1a: Appletun|88/100 tox|[from] item: Leftovers
|-damage|p1a: Appletun|82/100 tox|[from] psn
|upkeep
|turn|29
|
|t:|1760740673
|move|p2a: Dudunsparce|Coil|p2a: Dudunsparce
|-boost|p2a: Dudunsparce|atk|1
|-boost|p2a: Dudunsparce|def|1
|-boost|p2a: Dudunsparce|accuracy|1
|move|p1a: Appletun|Leech Seed|p2a: Dudunsparce
|-start|p2a: Dudunsparce|move: Leech Seed
|
|-heal|p2a: Dudunsparce|88/100|[from] item: Leftovers
|-heal|p1a: Appletun|88/100 tox|[from] item: Leftovers
|-damage|p2a: Dudunsparce|75/100|[from] Leech Seed|[of] p1a: Appletun
|-heal|p1a: Appletun|99/100 tox|[silent]
|-damage|p1a: Appletun|88/100 tox|[from] psn
|upkeep
|turn|30
|
|t:|1760740678
|move|p2a: Dudunsparce|Coil|p2a: Dudunsparce
|-boost|p2a: Dudunsparce|atk|1
|-boost|p2a: Dudunsparce|def|1
|-boost|p2a: Dudunsparce|accuracy|1
|move|p1a: Appletun|Apple Acid|p2a: Dudunsparce
|-resisted|p2a: Dudunsparce
|-damage|p2a: Dudunsparce|64/100
|-unboost|p2a: Dudunsparce|spd|1
|
|-heal|p2a: Dudunsparce|70/100|[from] item: Leftovers
|-heal|p1a: Appletun|94/100 tox|[from] item: Leftovers
|-damage|p2a: Dudunsparce|58/100|[from] Leech Seed|[of] p1a: Appletun
|-heal|p1a: Appletun|100/100 tox|[silent]
|-damage|p1a: Appletun|82/100 tox|[from] psn
|upkeep
|turn|31
|
|t:|1760740681
|move|p2a: Dudunsparce|Roost|p2a: Dudunsparce
|-heal|p2a: Dudunsparce|100/100
|move|p1a: Appletun|Apple Acid|p2a: Dudunsparce
|-resisted|p2a: Dudunsparce
|-damage|p2a: Dudunsparce|85/100
|-unboost|p2a: Dudunsparce|spd|1
|
|-heal|p2a: Dudunsparce|91/100|[from] item: Leftovers
|-heal|p1a: Appletun|88/100 tox|[from] item: Leftovers
|-damage|p2a: Dudunsparce|79/100|[from] Leech Seed|[of] p1a: Appletun
|-heal|p1a: Appletun|99/100 tox|[silent]
|-damage|p1a: Appletun|76/100 tox|[from] psn
|upkeep
|turn|32
|
|t:|1760740692
|move|p2a: Dudunsparce|Coil|p2a: Dudunsparce
|-boost|p2a: Dudunsparce|atk|1
|-boost|p2a: Dudunsparce|def|1
|-boost|p2a: Dudunsparce|accuracy|1
|move|p1a: Appletun|Apple Acid|p2a: Dudunsparce
|-resisted|p2a: Dudunsparce
|-damage|p2a: Dudunsparce|59/100
|-unboost|p2a: Dudunsparce|spd|1
|
|-heal|p2a: Dudunsparce|65/100|[from] item: Leftovers
|-heal|p1a: Appletun|82/100 tox|[from] item: Leftovers
|-damage|p2a: Dudunsparce|53/100|[from] Leech Seed|[of] p1a: Appletun
|-heal|p1a: Appletun|94/100 tox|[silent]
|-damage|p1a: Appletun|63/100 tox|[from] psn
|upkeep
|turn|33
|
|t:|1760740699
|switch|p1a: Moltres|Moltres-Galar|100/100
|move|p2a: Dudunsparce|Aqua Tail|p1a: Moltres
|-damage|p1a: Moltres|52/100
|
|-heal|p2a: Dudunsparce|59/100|[from] item: Leftovers
|-damage|p2a: Dudunsparce|46/100|[from] Leech Seed|[of] p1a: Moltres
|-heal|p1a: Moltres|66/100|[silent]
|upkeep
|turn|34
|
|t:|1760740706
|move|p1a: Moltres|Fiery Wrath|p2a: Dudunsparce
|-damage|p2a: Dudunsparce|0 fnt
|faint|p2a: Dudunsparce
|
|upkeep
|
|t:|1760740716
|switch|p2a: Hawlucha|Hawlucha, M|100/100
|-damage|p2a: Hawlucha|88/100|[from] Stealth Rock
|turn|35
|
|t:|1760740719
|move|p2a: Hawlucha|Encore|p1a: Moltres
|-start|p1a: Moltres|Encore
|move|p1a: Moltres|Fiery Wrath|p2a: Hawlucha
|-resisted|p2a: Hawlucha
|-damage|p2a: Hawlucha|56/100
|
|upkeep
|turn|36
|
|t:|1760740738
|switch|p1a: Pecharunt|Pecharunt|100/100
|move|p2a: Hawlucha|Swords Dance|p2a: Hawlucha
|-boost|p2a: Hawlucha|atk|2
|
|upkeep
|turn|37
|inactive|drew1750 has 120 seconds left.
|
|t:|1760740777
|switch|p2a: Pecharunt|Pecharunt|86/100
|-damage|p2a: Pecharunt|74/100|[from] Stealth Rock
|move|p1a: Pecharunt|Malignant Chain|p2a: Pecharunt
|-resisted|p2a: Pecharunt
|-damage|p2a: Pecharunt|66/100
|
|-heal|p2a: Pecharunt|72/100|[from] item: Leftovers
|upkeep
|turn|38
|
|t:|1760740783
|move|p1a: Pecharunt|Parting Shot|p2a: Pecharunt
|-unboost|p2a: Pecharunt|atk|1
|-unboost|p2a: Pecharunt|spa|1
|inactive|drew1750 has 120 seconds left.
|
|t:|1760740800
|switch|p1a: Kleavor|Kleavor, M|76/100 tox|[from] Parting Shot
|move|p2a: Pecharunt|Recover|p2a: Pecharunt
|-heal|p2a: Pecharunt|100/100
|
|-damage|p1a: Kleavor|70/100 tox|[from] psn
|upkeep
|turn|39
|
|t:|1760740808
|move|p1a: Kleavor|Stone Axe|p2a: Pecharunt
|-damage|p2a: Pecharunt|74/100
|move|p2a: Pecharunt|Parting Shot|p1a: Kleavor
|-unboost|p1a: Kleavor|atk|1
|-unboost|p1a: Kleavor|spa|1
|
|t:|1760740812
|switch|p2a: Rillaboom|Rillaboom, F|100/100|[from] Parting Shot
|-damage|p2a: Rillaboom|88/100|[from] Stealth Rock
|-fieldstart|move: Grassy Terrain|[from] ability: Grassy Surge|[of] p2a: Rillaboom
|
|-heal|p1a: Kleavor|76/100 tox|[from] Grassy Terrain
|-heal|p2a: Rillaboom|94/100|[from] Grassy Terrain
|-damage|p1a: Kleavor|64/100 tox|[from] psn
|upkeep
|turn|40
|
|t:|1760740823
|switch|p1a: Appletun|Appletun, M|63/100 tox
|move|p2a: Rillaboom|U-turn|p1a: Appletun
|-supereffective|p1a: Appletun
|-damage|p1a: Appletun|24/100 tox
|
|t:|1760740833
|switch|p2a: Hawlucha|Hawlucha, M|56/100|[from] U-turn
|-damage|p2a: Hawlucha|43/100|[from] Stealth Rock
|-enditem|p2a: Hawlucha|Grassy Seed
|-boost|p2a: Hawlucha|def|1|[from] item: Grassy Seed
|
|-heal|p1a: Appletun|30/100 tox|[from] Grassy Terrain
|-heal|p1a: Appletun|36/100 tox|[from] item: Leftovers
|-damage|p1a: Appletun|30/100 tox|[from] psn
|upkeep
|turn|41
|
|t:|1760740839
|move|p2a: Hawlucha|Swords Dance|p2a: Hawlucha
|-boost|p2a: Hawlucha|atk|2
|move|p1a: Appletun|Leech Seed|p2a: Hawlucha|[miss]
|-miss|p1a: Appletun|p2a: Hawlucha
|
|-heal|p1a: Appletun|36/100 tox|[from] Grassy Terrain
|-heal|p1a: Appletun|42/100 tox|[from] item: Leftovers
|-damage|p1a: Appletun|30/100 tox|[from] psn
|upkeep
|turn|42
|
|t:|1760740844
|move|p2a: Hawlucha|Drain Punch|p1a: Appletun
|-damage|p1a: Appletun|0 fnt
|-heal|p2a: Hawlucha|62/100|[from] drain|[of] p1a: Appletun
|faint|p1a: Appletun
|
|upkeep
|
|t:|1760740847
|switch|p1a: Pecharunt|Pecharunt|100/100
|turn|43
|
|t:|1760740852
|move|p2a: Hawlucha|Acrobatics|p1a: Pecharunt
|-damage|p1a: Pecharunt|53/100
|move|p1a: Pecharunt|Malignant Chain|p2a: Hawlucha
|-damage|p2a: Hawlucha|20/100
|-status|p2a: Hawlucha|tox
|-start|p2a: Hawlucha|confusion|[from] ability: Poison Puppeteer|[of] p1a: Pecharunt
|
|-heal|p1a: Pecharunt|59/100|[from] Grassy Terrain
|-heal|p1a: Pecharunt|65/100|[from] item: Leftovers
|-damage|p2a: Hawlucha|13/100 tox|[from] psn
|upkeep
|turn|44
|
|t:|1760740859
|move|p1a: Pecharunt|Protect|p1a: Pecharunt
|-singleturn|p1a: Pecharunt|Protect
|-activate|p2a: Hawlucha|confusion
|move|p2a: Hawlucha|Acrobatics|p1a: Pecharunt
|-activate|p1a: Pecharunt|move: Protect
|
|-heal|p1a: Pecharunt|71/100|[from] Grassy Terrain
|-heal|p1a: Pecharunt|77/100|[from] item: Leftovers
|-damage|p2a: Hawlucha|1/100 tox|[from] psn
|upkeep
|turn|45
|
|t:|1760740883
|-activate|p2a: Hawlucha|confusion
|-damage|p2a: Hawlucha|0 fnt|[from] confusion
|faint|p2a: Hawlucha
|move|p1a: Pecharunt|Hex|p2: Hawlucha|[notarget]
|-fail|p1a: Pecharunt
|
|-heal|p1a: Pecharunt|83/100|[from] Grassy Terrain
|-heal|p1a: Pecharunt|89/100|[from] item: Leftovers
|upkeep
|
|t:|1760740894
|switch|p2a: Cinderace|Cinderace, M|100/100
|turn|46
|
|t:|1760740898
|move|p1a: Pecharunt|Protect|p1a: Pecharunt
|-singleturn|p1a: Pecharunt|Protect
|move|p2a: Cinderace|Court Change|p2a: Cinderace
|-start|p2a: Cinderace|typechange|Normal|[from] ability: Libero
|-swapsideconditions
|-activate|p2a: Cinderace|move: Court Change
|
|-heal|p1a: Pecharunt|95/100|[from] Grassy Terrain
|-heal|p1a: Pecharunt|100/100|[from] item: Leftovers
|-fieldend|move: Grassy Terrain
|upkeep
|turn|47
|
|t:|1760740901
|move|p2a: Cinderace|Will-O-Wisp|p1a: Pecharunt|[miss]
|-miss|p2a: Cinderace|p1a: Pecharunt
|move|p1a: Pecharunt|Malignant Chain|p2a: Cinderace
|-damage|p2a: Cinderace|61/100
|-status|p2a: Cinderace|tox
|-start|p2a: Cinderace|confusion|[from] ability: Poison Puppeteer|[of] p1a: Pecharunt
|
|-damage|p2a: Cinderace|55/100 tox|[from] psn
|upkeep
|turn|48
|
|t:|1760740924
|-activate|p2a: Cinderace|confusion
|move|p2a: Cinderace|U-turn|p1a: Pecharunt
|-resisted|p1a: Pecharunt
|-damage|p1a: Pecharunt|98/100
|
|t:|1760740927
|switch|p2a: Pecharunt|Pecharunt|74/100|[from] U-turn
|move|p1a: Pecharunt|Parting Shot|p2a: Pecharunt
|-unboost|p2a: Pecharunt|atk|1
|-unboost|p2a: Pecharunt|spa|1
|
|t:|1760740935
|switch|p1a: Kleavor|Kleavor, M|64/100 tox|[from] Parting Shot
|-damage|p1a: Kleavor|40/100 tox|[from] Stealth Rock
|
|-heal|p2a: Pecharunt|80/100|[from] item: Leftovers
|-damage|p1a: Kleavor|33/100 tox|[from] psn
|upkeep
|turn|49
|
|t:|1760740940
|move|p1a: Kleavor|Stone Axe|p2a: Pecharunt
|-damage|p2a: Pecharunt|55/100
|-sidestart|p2: jessies boyfriend|move: Stealth Rock
|move|p2a: Pecharunt|Recover|p2a: Pecharunt
|-heal|p2a: Pecharunt|100/100
|
|-damage|p1a: Kleavor|21/100 tox|[from] psn
|upkeep
|turn|50
|
|t:|1760740951
|move|p1a: Kleavor|Stone Axe|p2a: Pecharunt
|-damage|p2a: Pecharunt|75/100
|move|p2a: Pecharunt|Recover|p2a: Pecharunt
|-heal|p2a: Pecharunt|100/100
|
|-damage|p1a: Kleavor|3/100 tox|[from] psn
|upkeep
|turn|51
|
|t:|1760740957
|move|p1a: Kleavor|Stone Axe|p2a: Pecharunt
|-damage|p2a: Pecharunt|74/100
|move|p2a: Pecharunt|Recover|p2a: Pecharunt
|-heal|p2a: Pecharunt|100/100
|
|-damage|p1a: Kleavor|0 fnt|[from] psn
|faint|p1a: Kleavor
|upkeep
|
|t:|1760740962
|switch|p1a: Kommo-o|Kommo-o, F|100/100
|-damage|p1a: Kommo-o|94/100|[from] Stealth Rock
|turn|52
|
|t:|1760740966
|move|p1a: Kommo-o|Substitute|p1a: Kommo-o
|-start|p1a: Kommo-o|Substitute
|-damage|p1a: Kommo-o|69/100
|move|p2a: Pecharunt|Curse|p1a: Kommo-o
|-start|p1a: Kommo-o|Curse|[of] p2a: Pecharunt
|-damage|p2a: Pecharunt|51/100
|
|-heal|p2a: Pecharunt|57/100|[from] item: Leftovers
|-damage|p1a: Kommo-o|44/100|[from] Curse
|upkeep
|turn|53
|inactive|drew1750 has 120 seconds left.
|
|t:|1760740998
|move|p1a: Kommo-o|Thunder Punch|p2a: Pecharunt
|-damage|p2a: Pecharunt|48/100
|move|p2a: Pecharunt|Recover|p2a: Pecharunt
|-heal|p2a: Pecharunt|98/100
|
|-heal|p2a: Pecharunt|100/100|[from] item: Leftovers
|-damage|p1a: Kommo-o|19/100|[from] Curse
|upkeep
|-enditem|p1a: Kommo-o|Salac Berry|[eat]
|-boost|p1a: Kommo-o|spe|1|[from] item: Salac Berry
|turn|54
|
|t:|1760741008
|move|p1a: Kommo-o|Thunder Punch|p2a: Pecharunt
|-damage|p2a: Pecharunt|92/100
|move|p2a: Pecharunt|Parting Shot|p1a: Kommo-o
|-immune|p1a: Kommo-o|[from] ability: Soundproof
|
|-heal|p2a: Pecharunt|98/100|[from] item: Leftovers
|-damage|p1a: Kommo-o|0 fnt|[from] Curse
|faint|p1a: Kommo-o
|upkeep
|inactive|drew1750 has 120 seconds left.
|
|t:|1760741045
|switch|p1a: Pecharunt|Pecharunt|98/100
|-damage|p1a: Pecharunt|86/100|[from] Stealth Rock
|turn|55
|
|t:|1760741051
|move|p2a: Pecharunt|Curse|p1a: Pecharunt
|-start|p1a: Pecharunt|Curse|[of] p2a: Pecharunt
|-damage|p2a: Pecharunt|48/100
|move|p1a: Pecharunt|Hex|p2a: Pecharunt
|-supereffective|p2a: Pecharunt
|-damage|p2a: Pecharunt|9/100
|
|-heal|p1a: Pecharunt|92/100|[from] item: Leftovers
|-heal|p2a: Pecharunt|16/100|[from] item: Leftovers
|-damage|p1a: Pecharunt|67/100|[from] Curse
|upkeep
|turn|56
|inactive|drew1750 has 90 seconds left.
|
|t:|1760741084
|move|p1a: Pecharunt|Parting Shot|p2a: Pecharunt
|-unboost|p2a: Pecharunt|atk|1
|-unboost|p2a: Pecharunt|spa|1
|
|t:|1760741086
|switch|p1a: Moltres|Moltres-Galar|66/100|[from] Parting Shot
|move|p2a: Pecharunt|Recover|p2a: Pecharunt
|-heal|p2a: Pecharunt|66/100
|
|-heal|p2a: Pecharunt|72/100|[from] item: Leftovers
|upkeep
|turn|57
|l|☆jessies boyfriend
|inactive|jessies boyfriend disconnected and has a minute to reconnect!
|player|p2|
|inactive|jessies boyfriend has 30 seconds to reconnect!
|inactive|jessies boyfriend has 20 seconds to reconnect!
|inactive|jessies boyfriend has 15 seconds to reconnect!
|inactive|jessies boyfriend has 10 seconds to reconnect!
|inactive|jessies boyfriend has 5 seconds to reconnect!
|j|☆jessies boyfriend
|inactive|jessies boyfriend reconnected and has 80 seconds left.
|player|p2|jessies boyfriend|brock|
|l|☆jessies boyfriend
|inactive|jessies boyfriend disconnected and has a minute to reconnect!
|player|p2|
|inactive|jessies boyfriend has 30 seconds to reconnect!
|j|☆jessies boyfriend
|inactive|jessies boyfriend reconnected and has 40 seconds left.
|player|p2|jessies boyfriend|brock|
|inactive|jessies boyfriend has 30 seconds left.
|
|t:|1760741210
|move|p1a: Moltres|Fiery Wrath|p2a: Pecharunt
|-supereffective|p2a: Pecharunt
|-damage|p2a: Pecharunt|0 fnt
|faint|p2a: Pecharunt
|
|upkeep
|
|t:|1760741214
|switch|p2a: Cinderace|Cinderace, M|55/100 tox
|turn|58
|l|☆jessies boyfriend
|inactive|jessies boyfriend disconnected and has a minute to reconnect!
|player|p2|
|
|t:|1760741242
|move|p2a: Cinderace|Pyro Ball|p1a: Moltres
|-damage|p1a: Moltres|22/100
|-ability|p1a: Moltres|Berserk|boost
|-boost|p1a: Moltres|spa|1
|move|p1a: Moltres|Agility|p1a: Moltres
|-boost|p1a: Moltres|spe|2
|
|-damage|p2a: Cinderace|49/100 tox|[from] psn
|upkeep
|turn|59
|inactive|jessies boyfriend has 30 seconds left.
|j|☆jessies boyfriend
|inactive|jessies boyfriend reconnected and has 30 seconds left.
|player|p2|jessies boyfriend|brock|
|
|t:|1760741272
|move|p1a: Moltres|Fiery Wrath|p2a: Cinderace
|-damage|p2a: Cinderace|0 fnt
|faint|p2a: Cinderace
|
|upkeep
|inactive|jessies boyfriend has 30 seconds left this turn.
|
|t:|1760741273
|switch|p2a: Decidueye|Decidueye-Hisui, M, shiny|100/100
|-damage|p2a: Decidueye|95/100|[from] Stealth Rock
|turn|60
|
|t:|1760741279
|move|p2a: Decidueye|Sucker Punch|p1a: Moltres
|-resisted|p1a: Moltres
|-damage|p1a: Moltres|10/100
|move|p1a: Moltres|Air Slash|p2a: Decidueye
|-supereffective|p2a: Decidueye
|-damage|p2a: Decidueye|0 fnt
|faint|p2a: Decidueye
|
|upkeep
|
|t:|1760741282
|switch|p2a: Rillaboom|Rillaboom, F|94/100
|-damage|p2a: Rillaboom|82/100|[from] Stealth Rock
|-fieldstart|move: Grassy Terrain|[from] ability: Grassy Surge|[of] p2a: Rillaboom
|turn|61
|
|t:|1760741284
|move|p2a: Rillaboom|Grassy Glide|p1a: Moltres
|-resisted|p1a: Moltres
|-damage|p1a: Moltres|0 fnt
|faint|p1a: Moltres
|
|-heal|p2a: Rillaboom|88/100|[from] Grassy Terrain
|upkeep
|
|t:|1760741286
|switch|p1a: Pecharunt|Pecharunt|67/100
|-damage|p1a: Pecharunt|55/100|[from] Stealth Rock
|turn|62
|
|t:|1760741289
|move|p1a: Pecharunt|Protect|p1a: Pecharunt
|-singleturn|p1a: Pecharunt|Protect
|move|p2a: Rillaboom|Leech Seed|p1a: Pecharunt
|-activate|p1a: Pecharunt|move: Protect
|
|-heal|p1a: Pecharunt|61/100|[from] Grassy Terrain
|-heal|p1a: Pecharunt|67/100|[from] item: Leftovers
|-heal|p2a: Rillaboom|94/100|[from] Grassy Terrain
|upkeep
|turn|63
|-message|jessies boyfriend forfeited.
|
|win|drew1750
|raw|drew1750's rating: 1250 &rarr; <strong>1276</strong><br />(+26 for winning)
|raw|jessies boyfriend's rating: 1266 &rarr; <strong>1240</strong><br />(-26 for losing)
|l|☆jessies boyfriend
|player|p2|
|l|☆drew1750
|player|p1|
