|j|☆yombotron
|j|☆Plea$eForfeit
|t:|1760775032
|gametype|singles
|player|p1|yombotron|firebreather|1256
|player|p2|Plea$eForfeit|steven|1366
|gen|9
|tier|[Gen 9] OU
|rated|
|rule|HP Percentage Mod: HP is shown in percentages
|rule|Endless Battle Clause: Forcing endless battles is banned
|rule|Species Clause: Limit one of each Pokémon
|rule|OHKO Clause: OHKO moves are banned
|rule|Evasion Items Clause: Evasion items are banned
|rule|Evasion Moves Clause: Evasion moves are banned
|rule|Evasion Abilities Clause: Evasion abilities are banned
|rule|Sleep Moves Clause: Sleep-inducing moves are banned
|clearpoke
|poke|p1|Salamence, M|
|poke|p1|Iron Moth|
|poke|p1|Inteleon, M|
|poke|p1|Florges, F|
|poke|p1|Iron Hands|
|poke|p1|Darkrai|
|poke|p2|Dragonite, F|
|poke|p2|Zamazenta-*|
|poke|p2|Landorus-Therian, M|
|poke|p2|Gholdengo|
|poke|p2|Darkrai|
|poke|p2|Hatterene, F|
|teampreview
|
|t:|1760775047
|teamsize|p1|6
|teamsize|p2|6
|start
|switch|p1a: Florges|Florges, F|100/100
|switch|p2a: Landorus|Landorus-Therian, M|100/100
|-ability|p2a: Landorus|Intimidate|boost
|-unboost|p1a: Florges|atk|1
|turn|1
|
|t:|1760775051
|move|p1a: Florges|Trick|p2a: Landorus
|-activate|p1a: Florges|move: Trick|[of] p2a: Landorus
|-item|p2a: Landorus|Choice Scarf|[from] move: Trick
|-item|p1a: Florges|Rocky Helmet|[from] move: Trick
|move|p2a: Landorus|Taunt|p1a: Florges
|-start|p1a: Florges|move: Taunt
|
|upkeep
|turn|2
|
|t:|1760775069
|switch|p2a: Gholdengo|Gholdengo|100/100
|move|p1a: Florges|Moonblast|p2a: Gholdengo
|-resisted|p2a: Gholdengo
|-damage|p2a: Gholdengo|74/100
|-unboost|p2a: Gholdengo|spa|1
|
|upkeep
|turn|3
|
|t:|1760775079
|switch|p1a: Iron Moth|Iron Moth|100/100
|-enditem|p1a: Iron Moth|Booster Energy
|-activate|p1a: Iron Moth|ability: Quark Drive|[fromitem]
|-start|p1a: Iron Moth|quarkdrivespe
|switch|p2a: Landorus|Landorus-Therian, M|100/100
|-ability|p2a: Landorus|Intimidate|boost
|-unboost|p1a: Iron Moth|atk|1
|
|upkeep
|turn|4
|
|t:|1760775111
|-terastallize|p1a: Iron Moth|Flying
|move|p1a: Iron Moth|Substitute|p1a: Iron Moth
|-start|p1a: Iron Moth|Substitute
|-damage|p1a: Iron Moth|76/100
|move|p2a: Landorus|Stealth Rock|p1a: Iron Moth
|-sidestart|p1: yombotron|move: Stealth Rock
|
|upkeep
|turn|5
|inactive|Battle timer is ON: inactive players will automatically lose when time's up. (requested by Plea$eForfeit)
|
|t:|1760775119
|switch|p2a: Zamazenta|Zamazenta|100/100
|-ability|p2a: Zamazenta|Dauntless Shield|boost
|-boost|p2a: Zamazenta|def|1
|move|p1a: Iron Moth|Dazzling Gleam|p2a: Zamazenta
|-supereffective|p2a: Zamazenta
|-damage|p2a: Zamazenta|47/100
|
|-heal|p2a: Zamazenta|53/100|[from] item: Leftovers
|upkeep
|turn|6
|
|t:|1760775131
|move|p1a: Iron Moth|Dazzling Gleam|p2a: Zamazenta
|-supereffective|p2a: Zamazenta
|-damage|p2a: Zamazenta|5/100
|move|p2a: Zamazenta|Roar|p1a: Iron Moth
|-end|p1a: Iron Moth|Quark Drive|[silent]
|drag|p1a: Florges|Florges, F|100/100
|-damage|p1a: Florges|88/100|[from] Stealth Rock
|
|-heal|p2a: Zamazenta|12/100|[from] item: Leftovers
|upkeep
|turn|7
|
|t:|1760775139
|switch|p2a: Gholdengo|Gholdengo|74/100
|move|p1a: Florges|Calm Mind|p1a: Florges
|-boost|p1a: Florges|spa|1
|-boost|p1a: Florges|spd|1
|
|upkeep
|turn|8
|
|t:|1760775155
|move|p1a: Florges|Psychic|p2a: Gholdengo
|-resisted|p2a: Gholdengo
|-damage|p2a: Gholdengo|50/100
|move|p2a: Gholdengo|Make It Rain|p1a: Florges
|-supereffective|p1a: Florges
|-crit|p1a: Florges
|-damage|p1a: Florges|0 fnt
|-unboost|p2a: Gholdengo|spa|1
|faint|p1a: Florges
|
|upkeep
|
|t:|1760775164
|switch|p1a: Iron Moth|Iron Moth, tera:Flying|76/100
|-damage|p1a: Iron Moth|51/100|[from] Stealth Rock
|turn|9
|
|t:|1760775175
|move|p1a: Iron Moth|Substitute|p1a: Iron Moth
|-start|p1a: Iron Moth|Substitute
|-damage|p1a: Iron Moth|26/100
|move|p2a: Gholdengo|Thunderbolt|p1a: Iron Moth
|-supereffective|p1a: Iron Moth
|-end|p1a: Iron Moth|Substitute
|
|upkeep
|turn|10
|
|t:|1760775181
|switch|p2a: Hatterene|Hatterene, F|100/100
|move|p1a: Iron Moth|Fiery Dance|p2a: Hatterene
|-damage|p2a: Hatterene|76/100
|
|upkeep
|turn|11
|
|t:|1760775188
|move|p1a: Iron Moth|Sludge Wave|p2a: Hatterene
|-supereffective|p2a: Hatterene
|-damage|p2a: Hatterene|13/100
|move|p2a: Hatterene|Draining Kiss|p1a: Iron Moth
|-damage|p1a: Iron Moth|0 fnt
|-heal|p2a: Hatterene|31/100|[from] drain|[of] p1a: Iron Moth
|faint|p1a: Iron Moth
|-end|p1a: Iron Moth|Quark Drive|[silent]
|
|upkeep
|
|t:|1760775197
|switch|p1a: Inteleon|Inteleon, M|100/100
|-damage|p1a: Inteleon|88/100|[from] Stealth Rock
|turn|12
|
|t:|1760775208
|move|p1a: Inteleon|Hydro Pump|p2a: Hatterene
|-damage|p2a: Hatterene|0 fnt
|faint|p2a: Hatterene
|-damage|p1a: Inteleon|78/100|[from] item: Life Orb
|
|upkeep
|inactive|Plea$eForfeit has 120 seconds left.
|
|t:|1760775248
|switch|p2a: Zamazenta|Zamazenta|12/100
|turn|13
|
|t:|1760775251
|move|p2a: Zamazenta|Body Press|p1a: Inteleon
|-damage|p1a: Inteleon|8/100
|move|p1a: Inteleon|Ice Beam|p2a: Zamazenta
|-damage|p2a: Zamazenta|0 fnt
|faint|p2a: Zamazenta
|-damage|p1a: Inteleon|0 fnt|[from] item: Life Orb
|faint|p1a: Inteleon
|
|upkeep
|
|t:|1760775262
|switch|p2a: Landorus|Landorus-Therian, M|100/100
|switch|p1a: Salamence|Salamence, M|100/100
|-ability|p2a: Landorus|Intimidate|boost
|-unboost|p1a: Salamence|atk|1
|-ability|p1a: Salamence|Intimidate|boost
|-unboost|p2a: Landorus|atk|1
|turn|14
|
|t:|1760775267
|move|p2a: Landorus|U-turn|p1a: Salamence
|-resisted|p1a: Salamence
|-crit|p1a: Salamence
|-damage|p1a: Salamence|81/100
|
|t:|1760775271
|switch|p2a: Darkrai|Darkrai|100/100|[from] U-turn
|move|p1a: Salamence|Dragon Dance|p1a: Salamence
|-boost|p1a: Salamence|atk|1
|-boost|p1a: Salamence|spe|1
|
|upkeep
|turn|15
|
|t:|1760775280
|move|p1a: Salamence|Dragon Claw|p2a: Darkrai
|-damage|p2a: Darkrai|51/100
|move|p2a: Darkrai|Ice Beam|p1a: Salamence
|-supereffective|p1a: Salamence
|-damage|p1a: Salamence|0 fnt
|faint|p1a: Salamence
|
|upkeep
|
|t:|1760775287
|switch|p1a: Darkrai|Darkrai|100/100
|-damage|p1a: Darkrai|88/100|[from] Stealth Rock
|turn|16
|inactive|Plea$eForfeit has 120 seconds left.
|
|t:|1760775323
|move|p1a: Darkrai|Sludge Bomb|p2a: Darkrai
|-damage|p2a: Darkrai|0 fnt
|faint|p2a: Darkrai
|-damage|p1a: Darkrai|78/100|[from] item: Life Orb
|
|upkeep
|
|t:|1760775333
|switch|p2a: Landorus|Landorus-Therian, M|100/100
|-ability|p2a: Landorus|Intimidate|boost
|-unboost|p1a: Darkrai|atk|1
|turn|17
|
|t:|1760775338
|switch|p2a: Gholdengo|Gholdengo|50/100
|move|p1a: Darkrai|Ice Beam|p2a: Gholdengo
|-resisted|p2a: Gholdengo
|-damage|p2a: Gholdengo|28/100
|-damage|p1a: Darkrai|68/100|[from] item: Life Orb
|
|upkeep
|turn|18
|
|t:|1760775343
|move|p1a: Darkrai|Dark Pulse|p2a: Gholdengo
|-supereffective|p2a: Gholdengo
|-damage|p2a: Gholdengo|0 fnt
|faint|p2a: Gholdengo
|-damage|p1a: Darkrai|58/100|[from] item: Life Orb
|
|upkeep
|
|t:|1760775348
|switch|p2a: Dragonite|Dragonite, F|100/100
|turn|19
|
|t:|1760775351
|-terastallize|p2a: Dragonite|Flying
|move|p1a: Darkrai|Ice Beam|p2a: Dragonite
|-supereffective|p2a: Dragonite
|-damage|p2a: Dragonite|53/100
|-damage|p1a: Darkrai|48/100|[from] item: Life Orb
|move|p2a: Dragonite|Dragon Dance|p2a: Dragonite
|-boost|p2a: Dragonite|atk|1
|-boost|p2a: Dragonite|spe|1
|
|upkeep
|turn|20
|
|t:|1760775359
|move|p2a: Dragonite|Extreme Speed|p1a: Darkrai
|-damage|p1a: Darkrai|0 fnt
|faint|p1a: Darkrai
|
|upkeep
|
|t:|1760775362
|switch|p1a: Iron Hands|Iron Hands|100/100
|-damage|p1a: Iron Hands|94/100|[from] Stealth Rock
|-enditem|p1a: Iron Hands|Booster Energy
|-activate|p1a: Iron Hands|ability: Quark Drive|[fromitem]
|-start|p1a: Iron Hands|quarkdriveatk
|turn|21
|
|t:|1760775365
|move|p2a: Dragonite|Earthquake|p1a: Iron Hands
|-supereffective|p1a: Iron Hands
|-damage|p1a: Iron Hands|23/100
|move|p1a: Iron Hands|Thunder Punch|p2a: Dragonite
|-supereffective|p2a: Dragonite
|-damage|p2a: Dragonite|0 fnt
|faint|p2a: Dragonite
|
|upkeep
|
|t:|1760775368
|switch|p2a: Landorus|Landorus-Therian, M|100/100
|-ability|p2a: Landorus|Intimidate|boost
|-unboost|p1a: Iron Hands|atk|1
|turn|22
|
|t:|1760775374
|move|p2a: Landorus|Earthquake|p1a: Iron Hands
|-supereffective|p1a: Iron Hands
|-damage|p1a: Iron Hands|0 fnt
|faint|p1a: Iron Hands
|-end|p1a: Iron Hands|Quark Drive|[silent]
|
|win|Plea$eForfeit
|raw|yombotron's rating: 1256 &rarr; <strong>1239</strong><br />(-17 for losing)
|raw|Plea$eForfeit's rating: 1369 &rarr; <strong>1383</strong><br />(+14 for winning)
|l|☆yombotron
|player|p1|
|l|☆Plea$eForfeit
|player|p2|
