|j|☆Chillmaxxer
|j|‽Hurdiid
|t:|1760797988
|gametype|singles
|player|p1|Chillmaxxer|scientist-gen4|1304
|player|p2|Hurdiid|ruinmaniac|1352
|gen|9
|tier|[Gen 9] OU
|rated|
|rule|HP Percentage Mod: HP is shown in percentages
|rule|Endless Battle Clause: Forcing endless battles is banned
|rule|Species Clause: Limit one of each Pokémon
|rule|OHKO Clause: OHKO moves are banned
|rule|Evasion Items Clause: Evasion items are banned
|rule|Evasion Moves Clause: Evasion moves are banned
|rule|Evasion Abilities Clause: Evasion abilities are banned
|rule|Sleep Moves Clause: Sleep-inducing moves are banned
|clearpoke
|poke|p1|Indeedee, M|
|poke|p1|Deoxys-Speed|
|poke|p1|Great Tusk|
|poke|p1|Polteageist|
|poke|p1|Delphox, F|
|poke|p1|Hawlucha, M|
|poke|p2|Armarouge, M|
|poke|p2|Slowking-Galar, F|
|poke|p2|Iron Thorns|
|poke|p2|Great Tusk|
|poke|p2|Yanmega, M|
|poke|p2|Ribombee, M|
|teampreview
|inactive|Battle timer is ON: inactive players will automatically lose when time's up. (requested by Hurdiid)
|
|t:|1760798007
|teamsize|p1|6
|teamsize|p2|6
|start
|switch|p1a: Indeedee|Indeedee, M|100/100
|switch|p2a: Ribombee|Ribombee, M|100/100
|-fieldstart|move: Psychic Terrain|[from] ability: Psychic Surge|[of] p1a: Indeedee
|turn|1
|
|t:|1760798016
|move|p2a: Ribombee|Moonblast|p1a: Indeedee
|-damage|p1a: Indeedee|55/100
|move|p1a: Indeedee|Expanding Force|p2a: Ribombee
|-damage|p2a: Ribombee|15/100
|
|upkeep
|turn|2
|
|t:|1760798021
|switch|p1a: Great Tusk|Great Tusk|100/100
|-enditem|p1a: Great Tusk|Psychic Seed
|-boost|p1a: Great Tusk|spd|1|[from] item: Psychic Seed
|move|p2a: Ribombee|Sticky Web|p1a: Great Tusk
|-sidestart|p1: Chillmaxxer|move: Sticky Web
|
|upkeep
|turn|3
|
|t:|1760798024
|move|p2a: Ribombee|Moonblast|p1a: Great Tusk
|-supereffective|p1a: Great Tusk
|-damage|p1a: Great Tusk|18/100
|move|p1a: Great Tusk|Rapid Spin|p2a: Ribombee
|-damage|p2a: Ribombee|0 fnt
|-boost|p1a: Great Tusk|spe|1
|-sideend|p1: Chillmaxxer|Sticky Web|[from] move: Rapid Spin|[of] p1a: Great Tusk
|faint|p2a: Ribombee
|
|upkeep
|
|t:|1760798029
|switch|p2a: Armarouge|Armarouge, M|100/100
|turn|4
|
|t:|1760798033
|move|p2a: Armarouge|Endure|p2a: Armarouge
|-singleturn|p2a: Armarouge|move: Endure
|move|p1a: Great Tusk|Headlong Rush|p2a: Armarouge
|-supereffective|p2a: Armarouge
|-activate|p2a: Armarouge|move: Endure
|-damage|p2a: Armarouge|1/100
|-unboost|p1a: Great Tusk|def|1
|-unboost|p1a: Great Tusk|spd|1
|-ability|p2a: Armarouge|Weak Armor|boost
|-unboost|p2a: Armarouge|def|1
|-boost|p2a: Armarouge|spe|2
|-enditem|p2a: Armarouge|Weakness Policy
|-boost|p2a: Armarouge|atk|2|[from] item: Weakness Policy
|-boost|p2a: Armarouge|spa|2|[from] item: Weakness Policy
|
|upkeep
|turn|5
|
|t:|1760798037
|move|p1a: Great Tusk|Headlong Rush|p2a: Armarouge
|-supereffective|p2a: Armarouge
|-damage|p2a: Armarouge|0 fnt
|-unboost|p1a: Great Tusk|def|1
|-unboost|p1a: Great Tusk|spd|1
|faint|p2a: Armarouge
|
|upkeep
|
|t:|1760798042
|switch|p2a: Yanmega|Yanmega, M|100/100
|turn|6
|
|t:|1760798052
|move|p1a: Great Tusk|Ice Spinner|p2a: Yanmega
|-supereffective|p2a: Yanmega
|-damage|p2a: Yanmega|54/100
|-fieldend|move: Psychic Terrain
|move|p2a: Yanmega|Substitute|p2a: Yanmega
|-start|p2a: Yanmega|Substitute
|-damage|p2a: Yanmega|29/100
|
|-ability|p2a: Yanmega|Speed Boost|boost
|-boost|p2a: Yanmega|spe|1
|upkeep
|turn|7
|
|t:|1760798056
|move|p1a: Great Tusk|Ice Spinner|p2a: Yanmega
|-supereffective|p2a: Yanmega
|-end|p2a: Yanmega|Substitute
|move|p2a: Yanmega|Bug Buzz|p1a: Great Tusk
|-resisted|p1a: Great Tusk
|-damage|p1a: Great Tusk|0 fnt
|faint|p1a: Great Tusk
|-end|p1a: Great Tusk|Protosynthesis|[silent]
|-enditem|p2a: Yanmega|Throat Spray
|-boost|p2a: Yanmega|spa|1|[from] item: Throat Spray
|
|-ability|p2a: Yanmega|Speed Boost|boost
|-boost|p2a: Yanmega|spe|1
|upkeep
|
|t:|1760798078
|switch|p1a: Polteageist|Polteageist|100/100
|turn|8
|
|t:|1760798082
|move|p2a: Yanmega|Air Slash|p1a: Polteageist
|-damage|p1a: Polteageist|51/100
|-enditem|p1a: Polteageist|Red Card|[of] p2a: Yanmega
|drag|p2a: Great Tusk|Great Tusk|100/100
|cant|p1a: Polteageist|flinch
|
|upkeep
|turn|9
|
|t:|1760798096
|move|p2a: Great Tusk|Headlong Rush|p1a: Polteageist
|-damage|p1a: Polteageist|0 fnt
|-unboost|p2a: Great Tusk|def|1
|-unboost|p2a: Great Tusk|spd|1
|faint|p1a: Polteageist
|
|upkeep
|
|t:|1760798102
|switch|p1a: Indeedee|Indeedee, M|55/100
|-fieldstart|move: Psychic Terrain|[from] ability: Psychic Surge|[of] p1a: Indeedee
|turn|10
|
|t:|1760798109
|-terastallize|p2a: Great Tusk|Dark
|move|p2a: Great Tusk|Rapid Spin|p1a: Indeedee
|-damage|p1a: Indeedee|36/100
|-boost|p2a: Great Tusk|spe|1
|move|p1a: Indeedee|Expanding Force|p2a: Great Tusk
|-immune|p2a: Great Tusk
|
|upkeep
|turn|11
|
|t:|1760798125
|move|p2a: Great Tusk|Rapid Spin|p1a: Indeedee
|-damage|p1a: Indeedee|17/100
|-boost|p2a: Great Tusk|spe|1
|move|p1a: Indeedee|Dazzling Gleam|p2a: Great Tusk
|-supereffective|p2a: Great Tusk
|-damage|p2a: Great Tusk|25/100
|
|upkeep
|turn|12
|
|t:|1760798129
|switch|p1a: Hawlucha|Hawlucha, M|100/100
|-enditem|p1a: Hawlucha|Psychic Seed
|-boost|p1a: Hawlucha|spd|1|[from] item: Psychic Seed
|move|p2a: Great Tusk|Rapid Spin|p1a: Hawlucha
|-damage|p1a: Hawlucha|78/100
|-boost|p2a: Great Tusk|spe|1
|
|upkeep
|turn|13
|
|t:|1760798135
|move|p2a: Great Tusk|Ice Spinner|p1a: Hawlucha
|-supereffective|p1a: Hawlucha
|-damage|p1a: Hawlucha|7/100
|-fieldend|move: Psychic Terrain
|move|p1a: Hawlucha|Acrobatics|p2a: Great Tusk
|-damage|p2a: Great Tusk|0 fnt
|faint|p2a: Great Tusk
|-end|p2a: Great Tusk|Protosynthesis|[silent]
|
|upkeep
|
|t:|1760798141
|switch|p2a: Yanmega|Yanmega, M|29/100
|turn|14
|
|t:|1760798144
|move|p1a: Hawlucha|Acrobatics|p2a: Yanmega
|-supereffective|p2a: Yanmega
|-damage|p2a: Yanmega|0 fnt
|faint|p2a: Yanmega
|
|upkeep
|
|t:|1760798148
|switch|p2a: Slowking|Slowking-Galar, F|100/100
|turn|15
|
|t:|1760798151
|move|p1a: Hawlucha|Acrobatics|p2a: Slowking
|-damage|p2a: Slowking|46/100
|move|p2a: Slowking|Sludge Wave|p1a: Hawlucha
|-damage|p1a: Hawlucha|0 fnt
|faint|p1a: Hawlucha
|
|upkeep
|
|t:|1760798155
|switch|p1a: Indeedee|Indeedee, M|17/100
|-fieldstart|move: Psychic Terrain|[from] ability: Psychic Surge|[of] p1a: Indeedee
|turn|16
|
|t:|1760798162
|move|p1a: Indeedee|Healing Wish|p1a: Indeedee
|faint|p1a: Indeedee
|move|p2a: Slowking|Sludge Wave|p1: Indeedee|[notarget]
|-fail|p2a: Slowking
|
|upkeep
|
|t:|1760798163
|switch|p1a: Deoxys|Deoxys-Speed|100/100
|-ability|p1a: Deoxys|Pressure
|turn|17
|
|t:|1760798165
|-terastallize|p1a: Deoxys|Psychic
|move|p1a: Deoxys|Expanding Force|p2a: Slowking
|-damage|p2a: Slowking|0 fnt
|faint|p2a: Slowking
|-damage|p1a: Deoxys|91/100|[from] item: Life Orb
|
|upkeep
|
|t:|1760798169
|switch|p2a: Iron Thorns|Iron Thorns|100/100
|turn|18
|
|t:|1760798171
|move|p1a: Deoxys|Expanding Force|p2a: Iron Thorns
|-damage|p2a: Iron Thorns|0 fnt
|faint|p2a: Iron Thorns
|-end|p2a: Iron Thorns|Quark Drive|[silent]
|-damage|p1a: Deoxys|81/100|[from] item: Life Orb
|
|win|Chillmaxxer
|raw|Chillmaxxer's rating: 1304 &rarr; <strong>1327</strong><br />(+23 for winning)
|raw|Hurdiid's rating: 1352 &rarr; <strong>1329</strong><br />(-23 for losing)
|l|‽Hurdiid
|player|p2|
|l|☆Chillmaxxer
|player|p1|
