|j|☆clouddsss
|j|☆Kvothe97
|t:|1760820587
|gametype|singles
|player|p1|clouddsss|265|1244
|player|p2|Kvothe97|102|1283
|gen|9
|tier|[Gen 9] OU
|rated|
|rule|HP Percentage Mod: HP is shown in percentages
|rule|Endless Battle Clause: Forcing endless battles is banned
|rule|Species Clause: Limit one of each Pokémon
|rule|OHKO Clause: OHKO moves are banned
|rule|Evasion Items Clause: Evasion items are banned
|rule|Evasion Moves Clause: Evasion moves are banned
|rule|Evasion Abilities Clause: Evasion abilities are banned
|rule|Sleep Moves Clause: Sleep-inducing moves are banned
|clearpoke
|poke|p1|Salazzle, F|
|poke|p1|Gyarados, F|
|poke|p1|Sandy Shocks|
|poke|p1|Mimikyu, F|
|poke|p1|Scizor, M|
|poke|p1|Rillaboom, M|
|poke|p2|Corviknight, F|
|poke|p2|Iron Hands|
|poke|p2|Primarina, F|
|poke|p2|Iron Moth|
|poke|p2|Garchomp, F|
|poke|p2|Iron Jugulis|
|teampreview
|inactive|Battle timer is ON: inactive players will automatically lose when time's up. (requested by clouddsss)
|
|t:|1760820665
|teamsize|p1|6
|teamsize|p2|6
|start
|switch|p1a: Salazzle|Salazzle, F|100/100
|switch|p2a: Iron Jugulis|Iron Jugulis|100/100
|-enditem|p2a: Iron Jugulis|Booster Energy
|-activate|p2a: Iron Jugulis|ability: Quark Drive|[fromitem]
|-start|p2a: Iron Jugulis|quarkdrivespe
|turn|1
|
|t:|1760820683
|move|p1a: Salazzle|Protect|p1a: Salazzle
|-singleturn|p1a: Salazzle|Protect
|move|p2a: Iron Jugulis|Earth Power|p1a: Salazzle
|-activate|p1a: Salazzle|move: Protect
|
|upkeep
|turn|2
|
|t:|1760820693
|switch|p1a: Gyarados|Gyarados, F|100/100
|-ability|p1a: Gyarados|Intimidate|boost
|-unboost|p2a: Iron Jugulis|atk|1
|move|p2a: Iron Jugulis|Earth Power|p1a: Gyarados
|-immune|p1a: Gyarados
|
|upkeep
|turn|3
|
|t:|1760820716
|move|p2a: Iron Jugulis|Dark Pulse|p1a: Gyarados
|-damage|p1a: Gyarados|61/100
|cant|p1a: Gyarados|flinch
|
|upkeep
|turn|4
|
|t:|1760820724
|move|p2a: Iron Jugulis|Dark Pulse|p1a: Gyarados
|-damage|p1a: Gyarados|21/100
|cant|p1a: Gyarados|flinch
|
|upkeep
|turn|5
|
|t:|1760820731
|switch|p1a: Scizor|Scizor, M|100/100
|move|p2a: Iron Jugulis|Dark Pulse|p1a: Scizor
|-damage|p1a: Scizor|51/100
|
|upkeep
|turn|6
|
|t:|1760820741
|move|p2a: Iron Jugulis|Air Slash|p1a: Scizor
|-damage|p1a: Scizor|7/100
|cant|p1a: Scizor|flinch
|
|upkeep
|turn|7
|
|t:|1760820751
|switch|p1a: Mimikyu|Mimikyu, F|100/100
|move|p2a: Iron Jugulis|Dark Pulse|p1a: Mimikyu
|-activate|p1a: Mimikyu|ability: Disguise
|-damage|p1a: Mimikyu|100/100
|detailschange|p1a: Mimikyu|Mimikyu-Busted, F
|-damage|p1a: Mimikyu|88/100|[from] pokemon: Mimikyu-Busted
|-enditem|p1a: Mimikyu|Red Card|[of] p2a: Iron Jugulis
|-end|p2a: Iron Jugulis|Quark Drive|[silent]
|drag|p2a: Iron Moth|Iron Moth|100/100
|-enditem|p2a: Iron Moth|Booster Energy
|-activate|p2a: Iron Moth|ability: Quark Drive|[fromitem]
|-start|p2a: Iron Moth|quarkdrivespe
|
|upkeep
|turn|8
|inactive|Kvothe97 has 120 seconds left.
|
|t:|1760820785
|move|p1a: Mimikyu|Shadow Sneak|p2a: Iron Moth
|-damage|p2a: Iron Moth|71/100
|move|p2a: Iron Moth|Flamethrower|p1a: Mimikyu
|-damage|p1a: Mimikyu|28/100
|
|upkeep
|turn|9
|inactive|Kvothe97 has 120 seconds left.
|
|t:|1760820800
|move|p1a: Mimikyu|Shadow Sneak|p2a: Iron Moth
|-damage|p2a: Iron Moth|42/100
|move|p2a: Iron Moth|Flamethrower|p1a: Mimikyu
|-damage|p1a: Mimikyu|0 fnt
|faint|p1a: Mimikyu
|
|upkeep
|
|t:|1760820803
|switch|p1a: Salazzle|Salazzle, F|100/100
|turn|10
|inactive|Kvothe97 has 120 seconds left.
|
|t:|1760820828
|move|p2a: Iron Moth|Sludge Wave|p1a: Salazzle
|-resisted|p1a: Salazzle
|-damage|p1a: Salazzle|61/100
|move|p1a: Salazzle|Substitute|p1a: Salazzle
|-start|p1a: Salazzle|Substitute
|-damage|p1a: Salazzle|36/100
|
|-heal|p1a: Salazzle|42/100|[from] item: Black Sludge
|upkeep
|turn|11
|
|t:|1760820836
|move|p1a: Salazzle|Protect|p1a: Salazzle
|-singleturn|p1a: Salazzle|Protect
|move|p2a: Iron Moth|Flamethrower|p1a: Salazzle
|-activate|p1a: Salazzle|move: Protect
|
|-heal|p1a: Salazzle|48/100|[from] item: Black Sludge
|upkeep
|turn|12
|
|t:|1760820845
|move|p2a: Iron Moth|Flamethrower|p1a: Salazzle
|-resisted|p1a: Salazzle
|-end|p1a: Salazzle|Substitute
|move|p1a: Salazzle|Toxic|p2a: Iron Moth
|-status|p2a: Iron Moth|tox
|
|-heal|p1a: Salazzle|54/100|[from] item: Black Sludge
|-damage|p2a: Iron Moth|36/100 tox|[from] psn
|upkeep
|turn|13
|inactive|Kvothe97 has 120 seconds left.
|
|t:|1760820868
|move|p1a: Salazzle|Protect|p1a: Salazzle
|-singleturn|p1a: Salazzle|Protect
|move|p2a: Iron Moth|Flamethrower|p1a: Salazzle
|-activate|p1a: Salazzle|move: Protect
|
|-heal|p1a: Salazzle|61/100|[from] item: Black Sludge
|-damage|p2a: Iron Moth|24/100 tox|[from] psn
|upkeep
|turn|14
|
|t:|1760820879
|move|p2a: Iron Moth|Flamethrower|p1a: Salazzle
|-resisted|p1a: Salazzle
|-damage|p1a: Salazzle|29/100
|move|p1a: Salazzle|Substitute|p1a: Salazzle
|-start|p1a: Salazzle|Substitute
|-damage|p1a: Salazzle|4/100
|
|-heal|p1a: Salazzle|10/100|[from] item: Black Sludge
|-damage|p2a: Iron Moth|6/100 tox|[from] psn
|upkeep
|turn|15
|
|t:|1760820892
|move|p1a: Salazzle|Protect|p1a: Salazzle
|-singleturn|p1a: Salazzle|Protect
|move|p2a: Iron Moth|Flamethrower|p1a: Salazzle
|-activate|p1a: Salazzle|move: Protect
|
|-heal|p1a: Salazzle|16/100|[from] item: Black Sludge
|-damage|p2a: Iron Moth|0 fnt|[from] psn
|faint|p2a: Iron Moth
|-end|p2a: Iron Moth|Quark Drive|[silent]
|upkeep
|inactive|Kvothe97 has 120 seconds left.
|
|t:|1760820915
|switch|p2a: Corviknight|Corviknight, F|100/100
|turn|16
|
|t:|1760820926
|move|p1a: Salazzle|Fire Blast|p2a: Corviknight
|-supereffective|p2a: Corviknight
|-damage|p2a: Corviknight|13/100
|move|p2a: Corviknight|Bulk Up|p2a: Corviknight
|-boost|p2a: Corviknight|atk|1
|-boost|p2a: Corviknight|def|1
|
|-heal|p1a: Salazzle|23/100|[from] item: Black Sludge
|upkeep
|turn|17
|
|t:|1760820937
|move|p1a: Salazzle|Toxic|p2a: Corviknight
|-status|p2a: Corviknight|tox
|move|p2a: Corviknight|Roost|p2a: Corviknight
|-heal|p2a: Corviknight|63/100 tox
|-singleturn|p2a: Corviknight|move: Roost
|
|-heal|p1a: Salazzle|29/100|[from] item: Black Sludge
|-damage|p2a: Corviknight|57/100 tox|[from] psn
|upkeep
|turn|18
|
|t:|1760820949
|move|p1a: Salazzle|Protect|p1a: Salazzle
|-singleturn|p1a: Salazzle|Protect
|move|p2a: Corviknight|Brave Bird|p1a: Salazzle
|-activate|p1a: Salazzle|move: Protect
|
|-heal|p1a: Salazzle|35/100|[from] item: Black Sludge
|-damage|p2a: Corviknight|45/100 tox|[from] psn
|upkeep
|turn|19
|
|t:|1760820959
|move|p1a: Salazzle|Fire Blast|p2a: Corviknight
|-supereffective|p2a: Corviknight
|-damage|p2a: Corviknight|0 fnt
|faint|p2a: Corviknight
|
|-heal|p1a: Salazzle|41/100|[from] item: Black Sludge
|upkeep
|inactive|Kvothe97 has 120 seconds left.
|
|t:|1760820983
|switch|p2a: Garchomp|Garchomp, F|100/100
|turn|20
|
|t:|1760820989
|move|p1a: Salazzle|Toxic|p2a: Garchomp
|-status|p2a: Garchomp|tox
|move|p2a: Garchomp|Dragon Claw|p1a: Salazzle
|-end|p1a: Salazzle|Substitute
|
|-heal|p1a: Salazzle|47/100|[from] item: Black Sludge
|-damage|p2a: Garchomp|94/100 tox|[from] psn
|upkeep
|turn|21
|
|t:|1760820999
|move|p1a: Salazzle|Protect|p1a: Salazzle
|-singleturn|p1a: Salazzle|Protect
|move|p2a: Garchomp|Dragon Claw|p1a: Salazzle
|-activate|p1a: Salazzle|move: Protect
|
|-heal|p1a: Salazzle|54/100|[from] item: Black Sludge
|-damage|p2a: Garchomp|82/100 tox|[from] psn
|upkeep
|turn|22
|
|t:|1760821008
|move|p1a: Salazzle|Substitute|p1a: Salazzle
|-start|p1a: Salazzle|Substitute
|-damage|p1a: Salazzle|29/100
|move|p2a: Garchomp|Dragon Claw|p1a: Salazzle
|-end|p1a: Salazzle|Substitute
|
|-heal|p1a: Salazzle|35/100|[from] item: Black Sludge
|-damage|p2a: Garchomp|64/100 tox|[from] psn
|upkeep
|turn|23
|
|t:|1760821018
|move|p1a: Salazzle|Protect|p1a: Salazzle
|-singleturn|p1a: Salazzle|Protect
|move|p2a: Garchomp|Earthquake|p1a: Salazzle
|-activate|p1a: Salazzle|move: Protect
|
|-heal|p1a: Salazzle|41/100|[from] item: Black Sludge
|-damage|p2a: Garchomp|39/100 tox|[from] psn
|upkeep
|turn|24
|
|t:|1760821027
|move|p1a: Salazzle|Substitute|p1a: Salazzle
|-start|p1a: Salazzle|Substitute
|-damage|p1a: Salazzle|16/100
|move|p2a: Garchomp|Dragon Claw|p1a: Salazzle
|-end|p1a: Salazzle|Substitute
|
|-heal|p1a: Salazzle|23/100|[from] item: Black Sludge
|-damage|p2a: Garchomp|8/100 tox|[from] psn
|upkeep
|turn|25
|
|t:|1760821037
|move|p1a: Salazzle|Protect|p1a: Salazzle
|-singleturn|p1a: Salazzle|Protect
|move|p2a: Garchomp|Dragon Claw|p1a: Salazzle
|-activate|p1a: Salazzle|move: Protect
|
|-heal|p1a: Salazzle|29/100|[from] item: Black Sludge
|-damage|p2a: Garchomp|0 fnt|[from] psn
|faint|p2a: Garchomp
|upkeep
|
|t:|1760821047
|switch|p2a: Primarina|Primarina, F|100/100
|turn|26
|
|t:|1760821060
|move|p1a: Salazzle|Substitute|p1a: Salazzle
|-start|p1a: Salazzle|Substitute
|-damage|p1a: Salazzle|4/100
|move|p2a: Primarina|Sparkling Aria|p1a: Salazzle
|-supereffective|p1a: Salazzle
|-damage|p1a: Salazzle|0 fnt
|faint|p1a: Salazzle
|
|upkeep
|
|t:|1760821070
|switch|p1a: Rillaboom|Rillaboom, M|100/100
|-fieldstart|move: Grassy Terrain|[from] ability: Grassy Surge|[of] p1a: Rillaboom
|turn|27
|
|t:|1760821091
|-terastallize|p2a: Primarina|Steel
|move|p1a: Rillaboom|Wood Hammer|p2a: Primarina
|-resisted|p2a: Primarina
|-damage|p2a: Primarina|34/100
|-damage|p1a: Rillaboom|77/100|[from] Recoil
|move|p2a: Primarina|Ice Beam|p1a: Rillaboom
|-supereffective|p1a: Rillaboom
|-damage|p1a: Rillaboom|0 fnt
|faint|p1a: Rillaboom
|
|-heal|p2a: Primarina|40/100|[from] Grassy Terrain
|upkeep
|
|t:|1760821098
|switch|p1a: Sandy Shocks|Sandy Shocks|100/100
|-enditem|p1a: Sandy Shocks|Booster Energy
|-activate|p1a: Sandy Shocks|ability: Protosynthesis|[fromitem]
|-start|p1a: Sandy Shocks|protosynthesisspe
|turn|28
|
|t:|1760821109
|move|p1a: Sandy Shocks|Earth Power|p2a: Primarina
|-supereffective|p2a: Primarina
|-damage|p2a: Primarina|0 fnt
|faint|p2a: Primarina
|
|upkeep
|
|t:|1760821119
|switch|p2a: Iron Hands|Iron Hands|100/100
|-enditem|p2a: Iron Hands|Booster Energy
|-activate|p2a: Iron Hands|ability: Quark Drive|[fromitem]
|-start|p2a: Iron Hands|quarkdriveatk
|turn|29
|
|t:|1760821139
|move|p1a: Sandy Shocks|Earth Power|p2a: Iron Hands
|-supereffective|p2a: Iron Hands
|-damage|p2a: Iron Hands|18/100
|move|p2a: Iron Hands|Ice Punch|p1a: Sandy Shocks
|-supereffective|p1a: Sandy Shocks
|-damage|p1a: Sandy Shocks|12/100
|
|-heal|p1a: Sandy Shocks|18/100|[from] Grassy Terrain
|-heal|p2a: Iron Hands|24/100|[from] Grassy Terrain
|upkeep
|turn|30
|
|t:|1760821148
|move|p1a: Sandy Shocks|Earth Power|p2a: Iron Hands
|-supereffective|p2a: Iron Hands
|-damage|p2a: Iron Hands|0 fnt
|faint|p2a: Iron Hands
|-end|p2a: Iron Hands|Quark Drive|[silent]
|
|-heal|p1a: Sandy Shocks|24/100|[from] Grassy Terrain
|upkeep
|
|t:|1760821150
|switch|p2a: Iron Jugulis|Iron Jugulis|100/100
|turn|31
|
|t:|1760821161
|move|p1a: Sandy Shocks|Thunderbolt|p2a: Iron Jugulis
|-supereffective|p2a: Iron Jugulis
|-damage|p2a: Iron Jugulis|0 fnt
|faint|p2a: Iron Jugulis
|-end|p2a: Iron Jugulis|Quark Drive|[silent]
|
|win|clouddsss
|raw|clouddsss's rating: 1244 &rarr; <strong>1272</strong><br />(+28 for winning)
|raw|Kvothe97's rating: 1283 &rarr; <strong>1255</strong><br />(-28 for losing)
