|j|☆Surigato
|j|☆Davinda
|t:|1760828825
|gametype|singles
|player|p1|Surigato|101|1055
|player|p2|Davinda|ghetsis|1072
|gen|9
|tier|[Gen 9] OU
|rated|
|rule|HP Percentage Mod: HP is shown in percentages
|rule|Endless Battle Clause: Forcing endless battles is banned
|rule|Species Clause: Limit one of each Pokémon
|rule|OHKO Clause: OHKO moves are banned
|rule|Evasion Items Clause: Evasion items are banned
|rule|Evasion Moves Clause: Evasion moves are banned
|rule|Evasion Abilities Clause: Evasion abilities are banned
|rule|Sleep Moves Clause: Sleep-inducing moves are banned
|clearpoke
|poke|p1|Serperior, M|
|poke|p1|Blaziken, M|
|poke|p1|Alcremie-Mint-Cream, F|
|poke|p1|Vikavolt, M|
|poke|p1|Kingambit, M|
|poke|p1|Dragonite, M|
|poke|p2|Dragonite, F|
|poke|p2|Dragapult, M|
|poke|p2|Landorus-Therian, M|
|poke|p2|Sableye, M|
|poke|p2|Gengar, M|
|poke|p2|Hatterene, F|
|teampreview
|inactive|Battle timer is ON: inactive players will automatically lose when time's up. (requested by Surigato)
|
|t:|1760828831
|teamsize|p1|6
|teamsize|p2|6
|start
|switch|p1a: Alcremie|Alcremie-Mint-Cream, F|100/100
|switch|p2a: Sableye|Sableye, M|100/100
|turn|1
|
|t:|1760828842
|move|p2a: Sableye|Trick|p1a: Alcremie
|-activate|p2a: Sableye|move: Trick|[of] p1a: Alcremie
|-item|p1a: Alcremie|Power Weight|[from] move: Trick
|-item|p2a: Sableye|Mirror Herb|[from] move: Trick
|move|p1a: Alcremie|Calm Mind|p1a: Alcremie
|-boost|p1a: Alcremie|spa|1
|-boost|p1a: Alcremie|spd|1
|-enditem|p2a: Sableye|Mirror Herb
|-boost|p2a: Sableye|spa|1|[from] item: Mirror Herb
|-boost|p2a: Sableye|spd|1|[from] item: Mirror Herb
|
|upkeep
|turn|2
|
|t:|1760828858
|move|p2a: Sableye|Encore|p1a: Alcremie
|-block|p1a: Alcremie|ability: Aroma Veil|[of] p1a: Alcremie
|move|p1a: Alcremie|Calm Mind|p1a: Alcremie
|-boost|p1a: Alcremie|spa|1
|-boost|p1a: Alcremie|spd|1
|
|upkeep
|turn|3
|
|t:|1760828865
|move|p2a: Sableye|Reflect|p2a: Sableye
|-sidestart|p2: Davinda|Reflect
|move|p1a: Alcremie|Calm Mind|p1a: Alcremie
|-boost|p1a: Alcremie|spa|1
|-boost|p1a: Alcremie|spd|1
|
|upkeep
|turn|4
|
|t:|1760828877
|switch|p2a: Landorus|Landorus-Therian, M|100/100
|-ability|p2a: Landorus|Intimidate|boost
|-unboost|p1a: Alcremie|atk|1
|move|p1a: Alcremie|Acid Armor|p1a: Alcremie
|-boost|p1a: Alcremie|def|2
|
|upkeep
|turn|5
|
|t:|1760828889
|move|p2a: Landorus|Taunt|p1a: Alcremie
|-block|p1a: Alcremie|ability: Aroma Veil|[of] p1a: Alcremie
|move|p1a: Alcremie|Stored Power|p2a: Landorus
|-damage|p2a: Landorus|0 fnt
|faint|p2a: Landorus
|
|upkeep
|
|t:|1760828898
|switch|p2a: Gengar|Gengar, M|100/100
|turn|6
|
|t:|1760828902
|-terastallize|p1a: Alcremie|Poison
|move|p2a: Gengar|Gunk Shot|p1a: Alcremie
|-resisted|p1a: Alcremie
|-damage|p1a: Alcremie|91/100
|move|p1a: Alcremie|Stored Power|p2a: Gengar
|-supereffective|p2a: Gengar
|-damage|p2a: Gengar|0 fnt
|faint|p2a: Gengar
|
|upkeep
|
|t:|1760828918
|switch|p2a: Dragonite|Dragonite, F|100/100
|turn|7
|
|t:|1760828941
|move|p2a: Dragonite|Earthquake|p1a: Alcremie
|-supereffective|p1a: Alcremie
|-crit|p1a: Alcremie
|-damage|p1a: Alcremie|0 fnt
|faint|p1a: Alcremie
|
|-sideend|p2: Davinda|Reflect
|upkeep
|
|t:|1760828955
|switch|p1a: Dragonite|Dragonite, M|100/100
|turn|8
|
|t:|1760828962
|-terastallize|p2a: Dragonite|Flying
|move|p2a: Dragonite|Dragon Dance|p2a: Dragonite
|-boost|p2a: Dragonite|atk|1
|-boost|p2a: Dragonite|spe|1
|move|p1a: Dragonite|Dragon Dance|p1a: Dragonite
|-boost|p1a: Dragonite|atk|1
|-boost|p1a: Dragonite|spe|1
|
|upkeep
|turn|9
|
|t:|1760828972
|move|p2a: Dragonite|Draco Meteor|p1a: Dragonite
|-supereffective|p1a: Dragonite
|-damage|p1a: Dragonite|55/100
|-unboost|p2a: Dragonite|spa|2
|-enditem|p1a: Dragonite|Weakness Policy
|-boost|p1a: Dragonite|atk|2|[from] item: Weakness Policy
|-boost|p1a: Dragonite|spa|2|[from] item: Weakness Policy
|move|p1a: Dragonite|Dragon Dance|p1a: Dragonite
|-boost|p1a: Dragonite|atk|1
|-boost|p1a: Dragonite|spe|1
|
|upkeep
|turn|10
|
|t:|1760828982
|move|p1a: Dragonite|Extreme Speed|p2a: Dragonite
|-damage|p2a: Dragonite|51/100
|move|p2a: Dragonite|Draco Meteor|p1a: Dragonite
|-supereffective|p1a: Dragonite
|-crit|p1a: Dragonite
|-damage|p1a: Dragonite|0 fnt
|-unboost|p2a: Dragonite|spa|2
|faint|p1a: Dragonite
|
|upkeep
|
|t:|1760828996
|switch|p1a: Vikavolt|Vikavolt, M, shiny|100/100
|turn|11
|
|t:|1760829003
|move|p2a: Dragonite|Extreme Speed|p1a: Vikavolt
|-damage|p1a: Vikavolt|50/100
|move|p1a: Vikavolt|Agility|p1a: Vikavolt
|-boost|p1a: Vikavolt|spe|2
|
|upkeep
|turn|12
|
|t:|1760829011
|move|p2a: Dragonite|Extreme Speed|p1a: Vikavolt
|-damage|p1a: Vikavolt|0 fnt
|faint|p1a: Vikavolt
|
|upkeep
|
|t:|1760829023
|switch|p1a: Serperior|Serperior, M, shiny|100/100
|turn|13
|
|t:|1760829029
|move|p2a: Dragonite|Extreme Speed|p1a: Serperior
|-damage|p1a: Serperior|47/100
|move|p1a: Serperior|Leaf Storm|p2a: Dragonite
|-resisted|p2a: Dragonite
|-damage|p2a: Dragonite|26/100
|-boost|p1a: Serperior|spa|2
|
|-heal|p1a: Serperior|54/100|[from] item: Leftovers
|upkeep
|turn|14
|
|t:|1760829040
|move|p2a: Dragonite|Extreme Speed|p1a: Serperior
|-damage|p1a: Serperior|7/100
|move|p1a: Serperior|Leaf Storm|p2a: Dragonite
|-resisted|p2a: Dragonite
|-damage|p2a: Dragonite|0 fnt
|-boost|p1a: Serperior|spa|2
|faint|p2a: Dragonite
|
|-heal|p1a: Serperior|13/100|[from] item: Leftovers
|upkeep
|
|t:|1760829057
|switch|p2a: Dragapult|Dragapult, M|100/100
|turn|15
|inactive|Davinda has 120 seconds left.
|inactive|Davinda has 90 seconds left.
|
|t:|1760829108
|move|p2a: Dragapult|Flamethrower|p1a: Serperior
|-supereffective|p1a: Serperior
|-damage|p1a: Serperior|0 fnt
|faint|p1a: Serperior
|
|upkeep
|
|t:|1760829114
|switch|p1a: Kingambit|Kingambit, M, shiny|100/100
|turn|16
|
|t:|1760829120
|move|p1a: Kingambit|Sucker Punch|p2a: Dragapult
|-supereffective|p2a: Dragapult
|-damage|p2a: Dragapult|0 fnt
|faint|p2a: Dragapult
|-damage|p1a: Kingambit|91/100|[from] item: Life Orb
|
|upkeep
|
|t:|1760829127
|switch|p2a: Sableye|Sableye, M|100/100
|turn|17
|
|t:|1760829139
|move|p2a: Sableye|Reflect|p2a: Sableye
|-sidestart|p2: Davinda|Reflect
|move|p1a: Kingambit|Kowtow Cleave|p2a: Sableye
|-damage|p2a: Sableye|70/100
|-damage|p1a: Kingambit|81/100|[from] item: Life Orb
|
|upkeep
|turn|18
|
|t:|1760829151
|move|p2a: Sableye|Trick|p1a: Kingambit
|-hint|Since gen 7, Dark is immune to Prankster moves.
|-immune|p1a: Kingambit
|move|p1a: Kingambit|Iron Head|p2a: Sableye
|-damage|p2a: Sableye|41/100
|-damage|p1a: Kingambit|71/100|[from] item: Life Orb
|
|upkeep
|turn|19
|
|t:|1760829166
|move|p2a: Sableye|Knock Off|p1a: Kingambit
|-resisted|p1a: Kingambit
|-crit|p1a: Kingambit
|-damage|p1a: Kingambit|56/100
|-enditem|p1a: Kingambit|Life Orb|[from] move: Knock Off|[of] p2a: Sableye
|move|p1a: Kingambit|Kowtow Cleave|p2a: Sableye
|-damage|p2a: Sableye|18/100
|
|upkeep
|turn|20
|
|t:|1760829178
|switch|p2a: Hatterene|Hatterene, F|100/100
|move|p1a: Kingambit|Kowtow Cleave|p2a: Hatterene
|-damage|p2a: Hatterene|71/100
|
|upkeep
|turn|21
|
|t:|1760829185
|move|p1a: Kingambit|Iron Head|p2a: Hatterene
|-supereffective|p2a: Hatterene
|-damage|p2a: Hatterene|21/100
|cant|p2a: Hatterene|flinch
|
|-sideend|p2: Davinda|Reflect
|upkeep
|turn|22
|
|t:|1760829195
|move|p1a: Kingambit|Iron Head|p2a: Hatterene
|-supereffective|p2a: Hatterene
|-damage|p2a: Hatterene|0 fnt
|faint|p2a: Hatterene
|
|upkeep
|
|t:|1760829200
|switch|p2a: Sableye|Sableye, M|18/100
|turn|23
|inactive|Davinda has 120 seconds left.
|inactive|Davinda has 90 seconds left.
|inactive|Davinda has 60 seconds left.
|inactive|Davinda has 30 seconds left.
|inactive|Davinda has 20 seconds left.
|l|☆Davinda
|inactive|Davinda disconnected and has a minute to reconnect!
|player|p2|
|inactive|Davinda has 15 seconds left.
|inactive|Davinda has 10 seconds left.
|inactive|Davinda has 5 seconds left.
|-message|Davinda lost due to inactivity.
|
|win|Surigato
|raw|Surigato's rating: 1055 &rarr; <strong>1088</strong><br />(+33 for winning)
|raw|Davinda's rating: 1072 &rarr; <strong>1050</strong><br />(-22 for losing)
|l|☆Surigato
|player|p1|
|j|☆Davinda
|player|p2|Davinda|ghetsis|
|l|☆Davinda
|player|p2|
