|j|☆azeard
|j|☆Avl2121
|t:|1760797874
|gametype|singles
|player|p1|azeard|265|1373
|player|p2|Avl2121|dragontamer|1313
|gen|9
|tier|[Gen 9] OU
|rated|
|rule|HP Percentage Mod: HP is shown in percentages
|rule|Endless Battle Clause: Forcing endless battles is banned
|rule|Species Clause: Limit one of each Pokémon
|rule|OHKO Clause: OHKO moves are banned
|rule|Evasion Items Clause: Evasion items are banned
|rule|Evasion Moves Clause: Evasion moves are banned
|rule|Evasion Abilities Clause: Evasion abilities are banned
|rule|Sleep Moves Clause: Sleep-inducing moves are banned
|clearpoke
|poke|p1|Kleavor, M|
|poke|p1|Skeledirge, M|
|poke|p1|Kingambit, M|
|poke|p1|Ogerpon-Wellspring, F|
|poke|p1|Latios, M|
|poke|p1|Deoxys-Speed|
|poke|p2|Garganacl, M|
|poke|p2|Blaziken, F|
|poke|p2|Landorus-Therian, M|
|poke|p2|Kyurem|
|poke|p2|Rotom-Wash|
|poke|p2|Cryogonal|
|teampreview
|inactive|Battle timer is ON: inactive players will automatically lose when time's up. (requested by azeard)
|
|t:|1760797892
|teamsize|p1|6
|teamsize|p2|6
|start
|switch|p1a: Kleavor|Kleavor, M|100/100
|switch|p2a: Cryogonal|Cryogonal|100/100
|turn|1
|
|t:|1760797897
|move|p1a: Kleavor|Stone Axe|p2a: Cryogonal
|-supereffective|p2a: Cryogonal
|-damage|p2a: Cryogonal|0 fnt
|-sidestart|p2: Avl2121|move: Stealth Rock
|faint|p2a: Cryogonal
|
|upkeep
|
|t:|1760797903
|switch|p2a: Rotom|Rotom-Wash|100/100
|-damage|p2a: Rotom|88/100|[from] Stealth Rock
|turn|2
|l|☆Avl2121
|inactive|Avl2121 disconnected and has a minute to reconnect!
|player|p2|
|j|☆Avl2121
|inactive|Avl2121 reconnected and has 120 seconds left.
|player|p2|Avl2121|dragontamer|
|
|t:|1760797945
|move|p2a: Rotom|Hydro Pump|p1a: Kleavor
|-supereffective|p1a: Kleavor
|-damage|p1a: Kleavor|0 fnt
|faint|p1a: Kleavor
|
|upkeep
|
|t:|1760797959
|switch|p1a: Ogerpon|Ogerpon-Wellspring, F|100/100
|turn|3
|inactive|Avl2121 has 120 seconds left.
|
|t:|1760797969
|switch|p2a: Blaziken|Blaziken, F|100/100
|-damage|p2a: Blaziken|88/100|[from] Stealth Rock
|move|p1a: Ogerpon|Knock Off|p2a: Blaziken
|-resisted|p2a: Blaziken
|-damage|p2a: Blaziken|57/100
|-enditem|p2a: Blaziken|Leftovers|[from] move: Knock Off|[of] p1a: Ogerpon
|
|upkeep
|turn|4
|
|t:|1760797978
|move|p2a: Blaziken|Protect|p2a: Blaziken
|-singleturn|p2a: Blaziken|Protect
|move|p1a: Ogerpon|Encore|p2a: Blaziken
|-activate|p2a: Blaziken|move: Protect
|
|-ability|p2a: Blaziken|Speed Boost|boost
|-boost|p2a: Blaziken|spe|1
|upkeep
|turn|5
|
|t:|1760797984
|switch|p1a: Skeledirge|Skeledirge, M|100/100
|move|p2a: Blaziken|Close Combat|p1a: Skeledirge
|-immune|p1a: Skeledirge
|
|-ability|p2a: Blaziken|Speed Boost|boost
|-boost|p2a: Blaziken|spe|1
|upkeep
|turn|6
|
|t:|1760797989
|switch|p2a: Landorus|Landorus-Therian, M|100/100
|-damage|p2a: Landorus|88/100|[from] Stealth Rock
|-ability|p2a: Landorus|Intimidate|boost
|-unboost|p1a: Skeledirge|atk|1
|move|p1a: Skeledirge|Shadow Ball|p2a: Landorus
|-damage|p2a: Landorus|50/100
|-unboost|p2a: Landorus|spd|1
|
|upkeep
|turn|7
|
|t:|1760798004
|move|p2a: Landorus|Smack Down|p1a: Skeledirge
|-supereffective|p1a: Skeledirge
|-damage|p1a: Skeledirge|68/100
|move|p1a: Skeledirge|Shadow Ball|p2a: Landorus
|-damage|p2a: Landorus|9/100
|
|upkeep
|turn|8
|
|t:|1760798011
|switch|p1a: Latios|Latios, M|100/100
|move|p2a: Landorus|Earthquake|p1a: Latios
|-immune|p1a: Latios|[from] ability: Levitate
|
|upkeep
|turn|9
|
|t:|1760798018
|move|p1a: Latios|Luster Purge|p2a: Landorus
|-damage|p2a: Landorus|0 fnt
|faint|p2a: Landorus
|
|upkeep
|
|t:|1760798020
|switch|p2a: Garganacl|Garganacl, M|100/100
|-damage|p2a: Garganacl|88/100|[from] Stealth Rock
|turn|10
|
|t:|1760798026
|switch|p1a: Ogerpon|Ogerpon-Wellspring, F|100/100
|move|p2a: Garganacl|Salt Cure|p1a: Ogerpon
|-damage|p1a: Ogerpon|81/100
|-start|p1a: Ogerpon|Salt Cure
|
|-heal|p2a: Garganacl|94/100|[from] item: Leftovers
|-damage|p1a: Ogerpon|56/100|[from] Salt Cure
|upkeep
|turn|11
|
|t:|1760798036
|move|p2a: Garganacl|Protect|p2a: Garganacl
|-singleturn|p2a: Garganacl|Protect
|move|p1a: Ogerpon|Ivy Cudgel|p2a: Garganacl|[anim] Ivy Cudgel Water
|-activate|p2a: Garganacl|move: Protect
|
|-heal|p2a: Garganacl|100/100|[from] item: Leftovers
|-damage|p1a: Ogerpon|31/100|[from] Salt Cure
|upkeep
|turn|12
|
|t:|1760798041
|switch|p2a: Rotom|Rotom-Wash|88/100
|-damage|p2a: Rotom|76/100|[from] Stealth Rock
|move|p1a: Ogerpon|Horn Leech|p2a: Rotom
|-supereffective|p2a: Rotom
|-damage|p2a: Rotom|0 fnt
|-heal|p1a: Ogerpon|62/100|[from] drain|[of] p2a: Rotom
|faint|p2a: Rotom
|
|-damage|p1a: Ogerpon|37/100|[from] Salt Cure
|upkeep
|
|t:|1760798043
|switch|p2a: Blaziken|Blaziken, F|57/100
|-damage|p2a: Blaziken|45/100|[from] Stealth Rock
|turn|13
|
|t:|1760798058
|switch|p1a: Deoxys|Deoxys-Speed|100/100
|-ability|p1a: Deoxys|Pressure
|switch|p2a: Garganacl|Garganacl, M|100/100
|-damage|p2a: Garganacl|88/100|[from] Stealth Rock
|
|-heal|p2a: Garganacl|94/100|[from] item: Leftovers
|upkeep
|turn|14
|
|t:|1760798071
|move|p1a: Deoxys|Spikes|p2a: Garganacl
|-sidestart|p2: Avl2121|Spikes
|move|p2a: Garganacl|Salt Cure|p1a: Deoxys
|-damage|p1a: Deoxys|78/100
|-start|p1a: Deoxys|Salt Cure
|
|-heal|p2a: Garganacl|100/100|[from] item: Leftovers
|-damage|p1a: Deoxys|65/100|[from] Salt Cure
|upkeep
|turn|15
|
|t:|1760798075
|move|p1a: Deoxys|Spikes|p2a: Garganacl
|-sidestart|p2: Avl2121|Spikes
|move|p2a: Garganacl|Curse|p2a: Garganacl
|-unboost|p2a: Garganacl|spe|1
|-boost|p2a: Garganacl|atk|1
|-boost|p2a: Garganacl|def|1
|
|-damage|p1a: Deoxys|53/100|[from] Salt Cure
|upkeep
|turn|16
|
|t:|1760798079
|switch|p1a: Ogerpon|Ogerpon-Wellspring, F|37/100
|move|p2a: Garganacl|Salt Cure|p1a: Ogerpon
|-damage|p1a: Ogerpon|11/100
|-start|p1a: Ogerpon|Salt Cure
|
|-damage|p1a: Ogerpon|0 fnt|[from] Salt Cure
|faint|p1a: Ogerpon
|upkeep
|
|t:|1760798089
|switch|p1a: Kingambit|Kingambit, M|100/100
|-activate|p1a: Kingambit|ability: Supreme Overlord
|-start|p1a: Kingambit|fallen2|[silent]
|-item|p1a: Kingambit|Air Balloon
|turn|17
|
|t:|1760798093
|move|p1a: Kingambit|Low Kick|p2a: Garganacl
|-supereffective|p2a: Garganacl
|-damage|p2a: Garganacl|65/100
|move|p2a: Garganacl|Salt Cure|p1a: Kingambit
|-resisted|p1a: Kingambit
|-damage|p1a: Kingambit|93/100
|-start|p1a: Kingambit|Salt Cure
|-enditem|p1a: Kingambit|Air Balloon
|
|-heal|p2a: Garganacl|72/100|[from] item: Leftovers
|-damage|p1a: Kingambit|68/100|[from] Salt Cure
|upkeep
|turn|18
|
|t:|1760798096
|-end|p1a: Kingambit|fallen2|[silent]
|switch|p1a: Latios|Latios, M|100/100
|move|p2a: Garganacl|Curse|p2a: Garganacl
|-unboost|p2a: Garganacl|spe|1
|-boost|p2a: Garganacl|atk|1
|-boost|p2a: Garganacl|def|1
|
|-heal|p2a: Garganacl|78/100|[from] item: Leftovers
|upkeep
|turn|19
|
|t:|1760798098
|move|p2a: Garganacl|Protect|p2a: Garganacl
|-singleturn|p2a: Garganacl|Protect
|move|p1a: Latios|Luster Purge|p2a: Garganacl
|-activate|p2a: Garganacl|move: Protect
|
|-heal|p2a: Garganacl|84/100|[from] item: Leftovers
|upkeep
|turn|20
|
|t:|1760798103
|move|p1a: Latios|Luster Purge|p2a: Garganacl
|-damage|p2a: Garganacl|36/100
|-unboost|p2a: Garganacl|spd|1
|move|p2a: Garganacl|Salt Cure|p1a: Latios
|-damage|p1a: Latios|63/100
|-start|p1a: Latios|Salt Cure
|
|-heal|p2a: Garganacl|42/100|[from] item: Leftovers
|-damage|p1a: Latios|51/100|[from] Salt Cure
|upkeep
|turn|21
|
|t:|1760798106
|move|p1a: Latios|Aura Sphere|p2a: Garganacl
|-supereffective|p2a: Garganacl
|-damage|p2a: Garganacl|0 fnt
|faint|p2a: Garganacl
|
|-damage|p1a: Latios|39/100|[from] Salt Cure
|upkeep
|
|t:|1760798111
|switch|p2a: Kyurem|Kyurem|100/100
|-damage|p2a: Kyurem|76/100|[from] Stealth Rock
|-damage|p2a: Kyurem|59/100|[from] Spikes
|-ability|p2a: Kyurem|Pressure
|turn|22
|
|t:|1760798114
|move|p2a: Kyurem|Protect|p2a: Kyurem
|-singleturn|p2a: Kyurem|Protect
|move|p1a: Latios|Draco Meteor|p2a: Kyurem
|-activate|p2a: Kyurem|move: Protect
|
|-heal|p2a: Kyurem|65/100|[from] item: Leftovers
|-damage|p1a: Latios|26/100|[from] Salt Cure
|upkeep
|turn|23
|
|t:|1760798120
|-terastallize|p2a: Kyurem|Ground
|move|p1a: Latios|Aura Sphere|p2a: Kyurem
|-damage|p2a: Kyurem|38/100
|move|p2a: Kyurem|Freeze-Dry|p1a: Latios
|-supereffective|p1a: Latios
|-damage|p1a: Latios|0 fnt
|faint|p1a: Latios
|
|-heal|p2a: Kyurem|44/100|[from] item: Leftovers
|upkeep
|
|t:|1760798125
|switch|p1a: Deoxys|Deoxys-Speed|53/100
|-ability|p1a: Deoxys|Pressure
|turn|24
|
|t:|1760798128
|move|p2a: Kyurem|Protect|p2a: Kyurem
|-singleturn|p2a: Kyurem|Protect
|move|p1a: Deoxys|Ice Beam|p2a: Kyurem
|-activate|p2a: Kyurem|move: Protect
|
|-heal|p2a: Kyurem|50/100|[from] item: Leftovers
|upkeep
|turn|25
|
|t:|1760798133
|switch|p2a: Blaziken|Blaziken, F|45/100
|-damage|p2a: Blaziken|33/100|[from] Stealth Rock
|-damage|p2a: Blaziken|16/100|[from] Spikes
|move|p1a: Deoxys|Ice Beam|p2a: Blaziken
|-resisted|p2a: Blaziken
|-damage|p2a: Blaziken|0 fnt
|faint|p2a: Blaziken
|-damage|p1a: Deoxys|43/100|[from] item: Life Orb
|
|upkeep
|
|t:|1760798134
|switch|p2a: Kyurem|Kyurem, tera:Ground|50/100
|-damage|p2a: Kyurem|44/100|[from] Stealth Rock
|-damage|p2a: Kyurem|28/100|[from] Spikes
|-ability|p2a: Kyurem|Pressure
|turn|26
|
|t:|1760798136
|move|p2a: Kyurem|Protect|p2a: Kyurem
|-singleturn|p2a: Kyurem|Protect
|move|p1a: Deoxys|Ice Beam|p2a: Kyurem
|-activate|p2a: Kyurem|move: Protect
|
|-heal|p2a: Kyurem|34/100|[from] item: Leftovers
|upkeep
|turn|27
|
|t:|1760798140
|move|p1a: Deoxys|Psycho Boost|p2a: Kyurem
|-crit|p2a: Kyurem
|-damage|p2a: Kyurem|0 fnt
|-unboost|p1a: Deoxys|spa|2
|faint|p2a: Kyurem
|-damage|p1a: Deoxys|33/100|[from] item: Life Orb
|
|win|azeard
|raw|azeard's rating: 1373 &rarr; <strong>1390</strong><br />(+17 for winning)
|raw|Avl2121's rating: 1313 &rarr; <strong>1296</strong><br />(-17 for losing)
|l|☆Avl2121
|player|p2|
|l|☆azeard
|player|p1|
