|j|☆HZBKAI3
|j|☆Torblerone
|t:|1760766044
|gametype|singles
|player|p1|HZBKAI3|266|1128
|player|p2|Torblerone|266|1135
|gen|9
|tier|[Gen 9] OU
|rated|
|rule|HP Percentage Mod: HP is shown in percentages
|rule|Endless Battle Clause: Forcing endless battles is banned
|rule|Species Clause: Limit one of each Pokémon
|rule|OHKO Clause: OHKO moves are banned
|rule|Evasion Items Clause: Evasion items are banned
|rule|Evasion Moves Clause: Evasion moves are banned
|rule|Evasion Abilities Clause: Evasion abilities are banned
|rule|Sleep Moves Clause: Sleep-inducing moves are banned
|clearpoke
|poke|p1|Jirachi|
|poke|p1|Gholdengo|
|poke|p1|Gliscor, F|
|poke|p1|Iron Moth|
|poke|p1|Quaquaval, F|
|poke|p1|Iron Boulder|
|poke|p2|Garganacl, M|
|poke|p2|Hatterene, F|
|poke|p2|Gliscor, F|
|poke|p2|Muk-Alola, M|
|poke|p2|Enamorus, F|
|poke|p2|Iron Crown|
|teampreview
|inactive|Battle timer is ON: inactive players will automatically lose when time's up. (requested by Torblerone)
|
|t:|1760766056
|teamsize|p1|6
|teamsize|p2|6
|start
|switch|p1a: Quaquaval|Quaquaval, F|100/100
|switch|p2a: Enamorus|Enamorus, F|100/100
|turn|1
|
|t:|1760766062
|move|p2a: Enamorus|Substitute|p2a: Enamorus
|-start|p2a: Enamorus|Substitute
|-damage|p2a: Enamorus|76/100
|move|p1a: Quaquaval|Aqua Step|p2a: Enamorus
|-end|p2a: Enamorus|Substitute
|-boost|p1a: Quaquaval|spe|1
|
|-heal|p2a: Enamorus|82/100|[from] item: Leftovers
|upkeep
|turn|2
|
|t:|1760766070
|move|p1a: Quaquaval|Aqua Step|p2a: Enamorus
|-damage|p2a: Enamorus|16/100
|-boost|p1a: Quaquaval|spe|1
|move|p2a: Enamorus|Superpower|p1a: Quaquaval
|-damage|p1a: Quaquaval|49/100
|-boost|p2a: Enamorus|atk|1
|-boost|p2a: Enamorus|def|1
|
|-heal|p2a: Enamorus|22/100|[from] item: Leftovers
|upkeep
|turn|3
|
|t:|1760766080
|move|p1a: Quaquaval|Aqua Step|p2a: Enamorus
|-damage|p2a: Enamorus|0 fnt
|-boost|p1a: Quaquaval|spe|1
|faint|p2a: Enamorus
|-ability|p1a: Quaquaval|Moxie|boost
|-boost|p1a: Quaquaval|atk|1
|
|upkeep
|
|t:|1760766086
|switch|p2a: Muk|Muk-Alola, M|100/100
|turn|4
|
|t:|1760766097
|-terastallize|p2a: Muk|Poison
|move|p1a: Quaquaval|Close Combat|p2a: Muk
|-resisted|p2a: Muk
|-damage|p2a: Muk|47/100
|-unboost|p1a: Quaquaval|def|1
|-unboost|p1a: Quaquaval|spd|1
|move|p2a: Muk|Zen Headbutt|p1a: Quaquaval
|-supereffective|p1a: Quaquaval
|-damage|p1a: Quaquaval|0 fnt
|faint|p1a: Quaquaval
|
|upkeep
|
|t:|1760766097
|switch|p1a: Jirachi|Jirachi|100/100
|turn|5
|
|t:|1760766109
|move|p1a: Jirachi|Stored Power|p2a: Muk
|-supereffective|p2a: Muk
|-crit|p2a: Muk
|-damage|p2a: Muk|35/100
|move|p2a: Muk|Knock Off|p1a: Jirachi
|-supereffective|p1a: Jirachi
|-crit|p1a: Jirachi
|-damage|p1a: Jirachi|0 fnt
|-enditem|p1a: Jirachi|Leftovers|[from] move: Knock Off|[of] p2a: Muk
|faint|p1a: Jirachi
|
|upkeep
|
|t:|1760766109
|switch|p1a: Iron Boulder|Iron Boulder|100/100
|-enditem|p1a: Iron Boulder|Booster Energy
|-activate|p1a: Iron Boulder|ability: Quark Drive|[fromitem]
|-start|p1a: Iron Boulder|quarkdrivespe
|turn|6
|
|t:|1760766121
|move|p1a: Iron Boulder|Earthquake|p2a: Muk
|-supereffective|p2a: Muk
|-damage|p2a: Muk|0 fnt
|faint|p2a: Muk
|
|upkeep
|
|t:|1760766127
|switch|p2a: Iron Crown|Iron Crown|100/100
|turn|7
|
|t:|1760766131
|move|p1a: Iron Boulder|Earthquake|p2a: Iron Crown
|-supereffective|p2a: Iron Crown
|-damage|p2a: Iron Crown|34/100
|move|p2a: Iron Crown|Tachyon Cutter|p1a: Iron Boulder
|-supereffective|p1a: Iron Boulder
|-damage|p1a: Iron Boulder|33/100
|-supereffective|p1a: Iron Boulder
|-damage|p1a: Iron Boulder|0 fnt
|faint|p1a: Iron Boulder
|-end|p1a: Iron Boulder|Quark Drive|[silent]
|-hitcount|p1: Iron Boulder|2
|
|upkeep
|
|t:|1760766131
|switch|p1a: Gholdengo|Gholdengo|100/100
|-item|p1a: Gholdengo|Air Balloon
|turn|8
|
|t:|1760766146
|-end|p2a: Iron Crown|Quark Drive|[silent]
|switch|p2a: Gliscor|Gliscor, F|100/100
|move|p1a: Gholdengo|Shadow Ball|p2a: Gliscor
|-damage|p2a: Gliscor|61/100
|
|-status|p2a: Gliscor|tox|[from] item: Toxic Orb
|upkeep
|turn|9
|
|t:|1760766155
|move|p1a: Gholdengo|Make It Rain|p2a: Gliscor
|-damage|p2a: Gliscor|5/100 tox
|-unboost|p1a: Gholdengo|spa|1
|move|p2a: Gliscor|Substitute|p2a: Gliscor
|-fail|p2a: Gliscor|move: Substitute|[weak]
|
|-heal|p2a: Gliscor|17/100 tox|[from] ability: Poison Heal
|upkeep
|turn|10
|
|t:|1760766166
|switch|p2a: Garganacl|Garganacl, M|100/100
|move|p1a: Gholdengo|Make It Rain|p2a: Garganacl
|-supereffective|p2a: Garganacl
|-damage|p2a: Garganacl|44/100
|-unboost|p1a: Gholdengo|spa|1
|
|-heal|p2a: Garganacl|50/100|[from] item: Leftovers
|upkeep
|turn|11
|
|t:|1760766177
|-terastallize|p1a: Gholdengo|Fairy
|move|p1a: Gholdengo|Make It Rain|p2a: Garganacl
|-supereffective|p2a: Garganacl
|-damage|p2a: Garganacl|8/100
|-unboost|p1a: Gholdengo|spa|1
|move|p2a: Garganacl|Salt Cure|p1a: Gholdengo
|-damage|p1a: Gholdengo|84/100
|-start|p1a: Gholdengo|Salt Cure
|-enditem|p1a: Gholdengo|Air Balloon
|
|-heal|p2a: Garganacl|14/100|[from] item: Leftovers
|-damage|p1a: Gholdengo|72/100|[from] Salt Cure
|upkeep
|turn|12
|
|t:|1760766192
|switch|p2a: Iron Crown|Iron Crown|34/100
|move|p1a: Gholdengo|Make It Rain|p2a: Iron Crown
|-resisted|p2a: Iron Crown
|-damage|p2a: Iron Crown|21/100
|-unboost|p1a: Gholdengo|spa|1
|
|-damage|p1a: Gholdengo|59/100|[from] Salt Cure
|upkeep
|turn|13
|
|t:|1760766204
|move|p2a: Iron Crown|Psyshock|p1a: Gholdengo
|-damage|p1a: Gholdengo|0 fnt
|faint|p1a: Gholdengo
|
|upkeep
|
|t:|1760766204
|switch|p1a: Gliscor|Gliscor, F|100/100
|turn|14
|
|t:|1760766210
|move|p2a: Iron Crown|Psyshock|p1a: Gliscor
|-damage|p1a: Gliscor|52/100
|move|p1a: Gliscor|Knock Off|p2a: Iron Crown
|-supereffective|p2a: Iron Crown
|-damage|p2a: Iron Crown|0 fnt
|-enditem|p2a: Iron Crown|Choice Specs|[from] move: Knock Off|[of] p1a: Gliscor
|faint|p2a: Iron Crown
|-end|p2a: Iron Crown|Quark Drive|[silent]
|
|-status|p1a: Gliscor|tox|[from] item: Toxic Orb
|upkeep
|
|t:|1760766224
|switch|p2a: Hatterene|Hatterene, F|100/100
|turn|15
|
|t:|1760766231
|move|p1a: Gliscor|Facade|p2a: Hatterene
|-damage|p2a: Hatterene|75/100
|move|p2a: Hatterene|Psychic Noise|p1a: Gliscor
|-damage|p1a: Gliscor|24/100 tox
|-start|p1a: Gliscor|move: Heal Block
|
|-heal|p2a: Hatterene|81/100|[from] item: Leftovers
|upkeep
|turn|16
|
|t:|1760766240
|move|p1a: Gliscor|Facade|p2a: Hatterene
|-damage|p2a: Hatterene|57/100
|move|p2a: Hatterene|Calm Mind|p2a: Hatterene
|-boost|p2a: Hatterene|spa|1
|-boost|p2a: Hatterene|spd|1
|
|-heal|p2a: Hatterene|63/100|[from] item: Leftovers
|-end|p1a: Gliscor|move: Heal Block
|upkeep
|turn|17
|
|t:|1760766248
|move|p1a: Gliscor|Facade|p2a: Hatterene
|-damage|p2a: Hatterene|39/100
|move|p2a: Hatterene|Draining Kiss|p1a: Gliscor
|-damage|p1a: Gliscor|0 fnt
|-heal|p2a: Hatterene|58/100|[from] drain|[of] p1a: Gliscor
|faint|p1a: Gliscor
|
|-heal|p2a: Hatterene|64/100|[from] item: Leftovers
|upkeep
|
|t:|1760766249
|switch|p1a: Iron Moth|Iron Moth|100/100
|-enditem|p1a: Iron Moth|Booster Energy
|-activate|p1a: Iron Moth|ability: Quark Drive|[fromitem]
|-start|p1a: Iron Moth|quarkdrivespe
|turn|18
|
|t:|1760766263
|move|p1a: Iron Moth|Sludge Wave|p2a: Hatterene
|-supereffective|p2a: Hatterene
|-damage|p2a: Hatterene|2/100
|move|p2a: Hatterene|Psychic Noise|p1a: Iron Moth
|-supereffective|p1a: Iron Moth
|-damage|p1a: Iron Moth|4/100
|-start|p1a: Iron Moth|move: Heal Block
|
|-heal|p2a: Hatterene|8/100|[from] item: Leftovers
|upkeep
|turn|19
|
|t:|1760766274
|move|p1a: Iron Moth|Sludge Wave|p2a: Hatterene
|-supereffective|p2a: Hatterene
|-damage|p2a: Hatterene|0 fnt
|faint|p2a: Hatterene
|
|-end|p1a: Iron Moth|move: Heal Block
|upkeep
|
|t:|1760766280
|switch|p2a: Gliscor|Gliscor, F|17/100 tox
|turn|20
|
|t:|1760766282
|move|p1a: Iron Moth|Fiery Dance|p2a: Gliscor
|-damage|p2a: Gliscor|0 fnt
|-boost|p1a: Iron Moth|spa|1
|faint|p2a: Gliscor
|
|upkeep
|
|t:|1760766287
|switch|p2a: Garganacl|Garganacl, M|14/100
|turn|21
|
|t:|1760766290
|move|p1a: Iron Moth|Dazzling Gleam|p2a: Garganacl
|-damage|p2a: Garganacl|0 fnt
|faint|p2a: Garganacl
|
|win|HZBKAI3
|raw|HZBKAI3's rating: 1128 &rarr; <strong>1154</strong><br />(+26 for winning)
|raw|Torblerone's rating: 1135 &rarr; <strong>1109</strong><br />(-26 for losing)
|l|☆HZBKAI3
|player|p1|
|l|☆Torblerone
|player|p2|
