|j|☆matt76767
|j|☆stepdj_shade
|t:|1760718549
|gametype|singles
|player|p1|matt76767|unknown|1242
|player|p2|stepdj_shade|101|1182
|gen|9
|tier|[Gen 9] OU
|rated|
|rule|HP Percentage Mod: HP is shown in percentages
|rule|Endless Battle Clause: Forcing endless battles is banned
|rule|Species Clause: Limit one of each Pokémon
|rule|OHKO Clause: OHKO moves are banned
|rule|Evasion Items Clause: Evasion items are banned
|rule|Evasion Moves Clause: Evasion moves are banned
|rule|Evasion Abilities Clause: Evasion abilities are banned
|rule|Sleep Moves Clause: Sleep-inducing moves are banned
|clearpoke
|poke|p1|Moltres-Galar|
|poke|p1|Heatran, M|
|poke|p1|Primarina, M|
|poke|p1|Garchomp, F|
|poke|p1|Ninetales-Alola, M|
|poke|p1|Scizor, F|
|poke|p2|Hoopa-Unbound|
|poke|p2|Kyurem|
|poke|p2|Ceruledge, M|
|poke|p2|Dragapult, M|
|poke|p2|Iron Boulder|
|poke|p2|Ninetales-Alola, F|
|teampreview
|inactive|Battle timer is ON: inactive players will automatically lose when time's up. (requested by stepdj_shade)
|inactive|stepdj_shade has 120 seconds left.
|
|t:|1760718584
|teamsize|p1|6
|teamsize|p2|6
|start
|switch|p1a: Scizor|Scizor, F|100/100
|switch|p2a: Hoopa|Hoopa-Unbound|100/100
|turn|1
|
|t:|1760718593
|move|p2a: Hoopa|Dark Pulse|p1a: Scizor
|-damage|p1a: Scizor|38/100
|move|p1a: Scizor|Swords Dance|p1a: Scizor
|-boost|p1a: Scizor|atk|2
|
|-heal|p1a: Scizor|44/100|[from] item: Leftovers
|upkeep
|turn|2
|
|t:|1760718602
|move|p1a: Scizor|Bullet Punch|p2a: Hoopa
|-damage|p2a: Hoopa|21/100
|move|p2a: Hoopa|Dark Pulse|p1a: Scizor
|-damage|p1a: Scizor|0 fnt
|faint|p1a: Scizor
|
|upkeep
|
|t:|1760718608
|switch|p1a: Primarina|Primarina, M|100/100
|turn|3
|
|t:|1760718620
|move|p2a: Hoopa|Gunk Shot|p1a: Primarina
|-supereffective|p1a: Primarina
|-damage|p1a: Primarina|0 fnt
|faint|p1a: Primarina
|
|upkeep
|
|t:|1760718626
|switch|p1a: Heatran|Heatran, M|100/100
|-item|p1a: Heatran|Air Balloon
|turn|4
|
|t:|1760718633
|move|p1a: Heatran|Flamethrower|p2a: Hoopa
|-damage|p2a: Hoopa|0 fnt
|faint|p2a: Hoopa
|
|upkeep
|
|t:|1760718642
|switch|p2a: Iron Boulder|Iron Boulder|100/100
|turn|5
|
|t:|1760718648
|move|p2a: Iron Boulder|Close Combat|p1a: Heatran
|-supereffective|p1a: Heatran
|-damage|p1a: Heatran|4/100
|-unboost|p2a: Iron Boulder|def|1
|-unboost|p2a: Iron Boulder|spd|1
|-enditem|p1a: Heatran|Air Balloon
|move|p1a: Heatran|Flash Cannon|p2a: Iron Boulder
|-supereffective|p2a: Iron Boulder
|-damage|p2a: Iron Boulder|0 fnt
|faint|p2a: Iron Boulder
|-end|p2a: Iron Boulder|Quark Drive|[silent]
|
|upkeep
|
|t:|1760718660
|switch|p2a: Ceruledge|Ceruledge, M|100/100
|turn|6
|
|t:|1760718664
|move|p2a: Ceruledge|Swords Dance|p2a: Ceruledge
|-boost|p2a: Ceruledge|atk|2
|move|p1a: Heatran|Dragon Pulse|p2a: Ceruledge
|-damage|p2a: Ceruledge|61/100
|
|upkeep
|turn|7
|
|t:|1760718670
|move|p2a: Ceruledge|Shadow Sneak|p1a: Heatran
|-damage|p1a: Heatran|0 fnt
|faint|p1a: Heatran
|
|upkeep
|
|t:|1760718675
|switch|p1a: Moltres|Moltres-Galar|100/100
|turn|8
|
|t:|1760718685
|move|p1a: Moltres|Fiery Wrath|p2a: Ceruledge
|-supereffective|p2a: Ceruledge
|-damage|p2a: Ceruledge|0 fnt
|faint|p2a: Ceruledge
|
|upkeep
|
|t:|1760718694
|switch|p2a: Kyurem|Kyurem|100/100
|-ability|p2a: Kyurem|Pressure
|turn|9
|
|t:|1760718700
|switch|p1a: Ninetales|Ninetales-Alola, M|100/100
|-weather|Snowscape|[from] ability: Snow Warning|[of] p1a: Ninetales
|move|p2a: Kyurem|Ice Beam|p1a: Ninetales
|-resisted|p1a: Ninetales
|-crit|p1a: Ninetales
|-damage|p1a: Ninetales|36/100
|
|-weather|Snowscape|[upkeep]
|upkeep
|turn|10
|
|t:|1760718707
|move|p1a: Ninetales|Moonblast|p2a: Kyurem
|-supereffective|p2a: Kyurem
|-damage|p2a: Kyurem|35/100
|move|p2a: Kyurem|Ice Beam|p1a: Ninetales
|-resisted|p1a: Ninetales
|-damage|p1a: Ninetales|0 fnt
|faint|p1a: Ninetales
|
|-weather|Snowscape|[upkeep]
|upkeep
|
|t:|1760718718
|switch|p1a: Garchomp|Garchomp, F|100/100
|turn|11
|
|t:|1760718721
|switch|p2a: Ninetales|Ninetales-Alola, F|100/100
|move|p1a: Garchomp|Scale Shot|p2a: Ninetales
|-immune|p2a: Ninetales
|
|-weather|Snowscape|[upkeep]
|upkeep
|turn|12
|
|t:|1760718726
|move|p2a: Ninetales|Aurora Veil|p2a: Ninetales
|-sidestart|p2: stepdj_shade|move: Aurora Veil
|move|p1a: Garchomp|Liquidation|p2a: Ninetales
|-damage|p2a: Ninetales|89/100
|-unboost|p2a: Ninetales|def|1
|
|-weather|Snowscape|[upkeep]
|upkeep
|turn|13
|
|t:|1760718733
|switch|p1a: Moltres|Moltres-Galar|100/100
|move|p2a: Ninetales|Moonblast|p1a: Moltres
|-supereffective|p1a: Moltres
|-damage|p1a: Moltres|52/100
|-unboost|p1a: Moltres|spa|1
|
|-weather|none
|upkeep
|turn|14
|
|t:|1760718744
|move|p2a: Ninetales|Moonblast|p1a: Moltres
|-supereffective|p1a: Moltres
|-damage|p1a: Moltres|3/100
|-ability|p1a: Moltres|Berserk|boost
|-boost|p1a: Moltres|spa|1
|-enditem|p1a: Moltres|Iapapa Berry|[eat]
|-heal|p1a: Moltres|36/100|[from] item: Iapapa Berry
|move|p1a: Moltres|Hurricane|p2a: Ninetales
|-damage|p2a: Ninetales|66/100
|
|upkeep
|turn|15
|
|t:|1760718752
|move|p2a: Ninetales|Moonblast|p1a: Moltres
|-supereffective|p1a: Moltres
|-damage|p1a: Moltres|0 fnt
|faint|p1a: Moltres
|
|upkeep
|
|t:|1760718754
|switch|p1a: Garchomp|Garchomp, F|100/100
|turn|16
|
|t:|1760718757
|-terastallize|p1a: Garchomp|Dragon
|move|p2a: Ninetales|Moonblast|p1a: Garchomp
|-supereffective|p1a: Garchomp
|-damage|p1a: Garchomp|38/100
|move|p1a: Garchomp|Earthquake|p2a: Ninetales
|-damage|p2a: Ninetales|18/100
|
|-heal|p1a: Garchomp|44/100|[from] item: Leftovers
|upkeep
|turn|17
|
|t:|1760718764
|move|p2a: Ninetales|Moonblast|p1a: Garchomp
|-supereffective|p1a: Garchomp
|-damage|p1a: Garchomp|0 fnt
|faint|p1a: Garchomp
|
|win|stepdj_shade
|raw|matt76767's rating: 1242 &rarr; <strong>1213</strong><br />(-29 for losing)
|raw|stepdj_shade's rating: 1182 &rarr; <strong>1211</strong><br />(+29 for winning)
|l|☆stepdj_shade
|player|p2|
|l|☆matt76767
|player|p1|
