|j|‽Justtesting1229
|j|☆OP Earthquakes
|t:|1760745326
|gametype|singles
|player|p1|Justtesting1229|lucas|1459
|player|p2|OP Earthquakes|giovanni-masters|1485
|gen|9
|tier|[Gen 9] OU
|rated|
|rule|HP Percentage Mod: HP is shown in percentages
|rule|Endless Battle Clause: Forcing endless battles is banned
|rule|Species Clause: Limit one of each Pokémon
|rule|OHKO Clause: OHKO moves are banned
|rule|Evasion Items Clause: Evasion items are banned
|rule|Evasion Moves Clause: Evasion moves are banned
|rule|Evasion Abilities Clause: Evasion abilities are banned
|rule|Sleep Moves Clause: Sleep-inducing moves are banned
|clearpoke
|poke|p1|Ribombee, F|
|poke|p1|Gholdengo|
|poke|p1|Kyurem|
|poke|p1|Great Tusk|
|poke|p1|Ogerpon-Wellspring, F|
|poke|p1|Enamorus, F|
|poke|p2|Excadrill, M|
|poke|p2|Hawlucha, M|
|poke|p2|Kyurem|
|poke|p2|Tyranitar, M|
|poke|p2|Pawmot, M|
|poke|p2|Thundurus-Therian, M|
|teampreview
|inactive|Battle timer is ON: inactive players will automatically lose when time's up. (requested by OP Earthquakes)
|c|☆OP Earthquakes|GLHF
|
|t:|1760745346
|teamsize|p1|6
|teamsize|p2|6
|start
|switch|p1a: Ribombee|Ribombee, F|100/100
|switch|p2a: Thundurus|Thundurus-Therian, M|100/100
|turn|1
|
|t:|1760745350
|move|p2a: Thundurus|Volt Switch|p1a: Ribombee
|-damage|p1a: Ribombee|28/100
|
|t:|1760745365
|switch|p2a: Shukaku|Tyranitar, M, shiny|100/100|[from] Volt Switch
|-weather|Sandstorm|[from] ability: Sand Stream|[of] p2a: Shukaku
|move|p1a: Ribombee|Sticky Web|p2a: Shukaku
|-sidestart|p2: OP Earthquakes|move: Sticky Web
|
|-weather|Sandstorm|[upkeep]
|-damage|p1a: Ribombee|22/100|[from] Sandstorm
|upkeep
|turn|2
|
|t:|1760745383
|switch|p2a: Thundurus|Thundurus-Therian, M|100/100
|move|p1a: Ribombee|U-turn|p2a: Thundurus
|-resisted|p2a: Thundurus
|-damage|p2a: Thundurus|90/100
|
|t:|1760745403
|switch|p1a: Great Tusk|Great Tusk|100/100|[from] U-turn
|
|-weather|Sandstorm|[upkeep]
|-damage|p2a: Thundurus|84/100|[from] Sandstorm
|upkeep
|turn|3
|
|t:|1760745428
|-terastallize|p2a: Thundurus|Flying
|move|p2a: Thundurus|Tera Blast|p1a: Great Tusk|[anim] Tera Blast Flying
|-supereffective|p1a: Great Tusk
|-damage|p1a: Great Tusk|0 fnt
|faint|p1a: Great Tusk
|-end|p1a: Great Tusk|Protosynthesis|[silent]
|
|-weather|Sandstorm|[upkeep]
|-damage|p2a: Thundurus|78/100|[from] Sandstorm
|upkeep
|inactive|Justtesting1229 has 120 seconds left.
|
|t:|1760745441
|switch|p1a: Ribombee|Ribombee, F|22/100
|turn|4
|
|t:|1760745445
|move|p2a: Thundurus|Tera Blast|p1a: Ribombee|[anim] Tera Blast Flying
|-supereffective|p1a: Ribombee
|-damage|p1a: Ribombee|0 fnt
|faint|p1a: Ribombee
|
|-weather|Sandstorm|[upkeep]
|-damage|p2a: Thundurus|72/100|[from] Sandstorm
|upkeep
|
|t:|1760745454
|switch|p1a: Kyurem|Kyurem|100/100
|-ability|p1a: Kyurem|Pressure
|turn|5
|
|t:|1760745462
|switch|p2a: OP|Excadrill, M|100/100
|-activate|p2a: OP|move: Sticky Web
|-unboost|p2a: OP|spe|1
|move|p1a: Kyurem|Freeze-Dry|p2a: OP
|-damage|p2a: OP|22/100
|
|-weather|Sandstorm|[upkeep]
|-damage|p1a: Kyurem|94/100|[from] Sandstorm
|upkeep
|turn|6
|
|t:|1760745467
|move|p2a: OP|Iron Head|p1a: Kyurem
|-supereffective|p1a: Kyurem
|-damage|p1a: Kyurem|0 fnt
|faint|p1a: Kyurem
|
|-weather|Sandstorm|[upkeep]
|upkeep
|
|t:|1760745474
|switch|p1a: Ogerpon|Ogerpon-Wellspring, F|100/100
|turn|7
|
|t:|1760745479
|switch|p2a: Itachi|Hawlucha, M, shiny|100/100
|-ability|p2a: Itachi|Mold Breaker
|move|p1a: Ogerpon|Ivy Cudgel|p2a: Itachi|[anim] Ivy Cudgel Water
|-damage|p2a: Itachi|13/100
|-enditem|p2a: Itachi|Red Card|[of] p1a: Ogerpon
|drag|p1a: Gholdengo|Gholdengo|100/100
|-item|p1a: Gholdengo|Air Balloon
|
|-weather|Sandstorm|[upkeep]
|-damage|p2a: Itachi|7/100|[from] Sandstorm
|upkeep
|turn|8
|
|t:|1760745490
|move|p2a: Itachi|Defog|p1a: Gholdengo
|-unboost|p1a: Gholdengo|evasion|1
|-sideend|p2: OP Earthquakes|Sticky Web|[from] move: Defog|[of] p2a: Itachi
|move|p1a: Gholdengo|Shadow Ball|p2a: Itachi
|-damage|p2a: Itachi|0 fnt
|faint|p2a: Itachi
|
|-weather|none
|upkeep
|
|t:|1760745499
|switch|p2a: Thundurus|Thundurus-Therian, M, tera:Flying|72/100
|turn|9
|
|t:|1760745515
|move|p2a: Thundurus|Volt Switch|p1a: Gholdengo
|-damage|p1a: Gholdengo|55/100
|-enditem|p1a: Gholdengo|Air Balloon
|
|t:|1760745521
|switch|p2a: Frieza|Kyurem, shiny|100/100|[from] Volt Switch
|-ability|p2a: Frieza|Pressure
|move|p1a: Gholdengo|Make It Rain|p2a: Frieza
|-supereffective|p2a: Frieza
|-damage|p2a: Frieza|0 fnt
|-unboost|p1a: Gholdengo|spa|1
|faint|p2a: Frieza
|
|upkeep
|
|t:|1760745528
|switch|p2a: Thundurus|Thundurus-Therian, M, tera:Flying|72/100
|turn|10
|
|t:|1760745532
|move|p2a: Thundurus|Dark Pulse|p1a: Gholdengo
|-supereffective|p1a: Gholdengo
|-damage|p1a: Gholdengo|0 fnt
|faint|p1a: Gholdengo
|
|upkeep
|
|t:|1760745539
|switch|p1a: Enamorus|Enamorus, F|100/100
|turn|11
|
|t:|1760745548
|switch|p2a: Shukaku|Tyranitar, M, shiny|100/100
|-weather|Sandstorm|[from] ability: Sand Stream|[of] p2a: Shukaku
|-terastallize|p1a: Enamorus|Stellar
|move|p1a: Enamorus|Tera Blast|p2a: Shukaku|[anim] Tera Blast Stellar
|-damage|p2a: Shukaku|67/100
|-boost|p1a: Enamorus|atk|1
|-boost|p1a: Enamorus|spa|1
|
|-weather|Sandstorm|[upkeep]
|-damage|p1a: Enamorus|94/100|[from] Sandstorm
|upkeep
|turn|12
|
|t:|1760745555
|move|p1a: Enamorus|Tera Blast|p2a: Shukaku|[anim] Tera Blast Stellar
|-damage|p2a: Shukaku|31/100
|-boost|p1a: Enamorus|atk|1
|-boost|p1a: Enamorus|spa|1
|move|p2a: Shukaku|Thunder Wave|p1a: Enamorus
|-status|p1a: Enamorus|par
|
|-weather|Sandstorm|[upkeep]
|-damage|p1a: Enamorus|88/100 par|[from] Sandstorm
|upkeep
|turn|13
|
|t:|1760745566
|move|p1a: Enamorus|Tera Blast|p2a: Shukaku|[anim] Tera Blast Stellar
|-crit|p2a: Shukaku
|-damage|p2a: Shukaku|0 fnt
|-boost|p1a: Enamorus|atk|1
|-boost|p1a: Enamorus|spa|1
|faint|p2a: Shukaku
|
|-weather|Sandstorm|[upkeep]
|-damage|p1a: Enamorus|82/100 par|[from] Sandstorm
|upkeep
|
|t:|1760745575
|switch|p2a: Thundurus|Thundurus-Therian, M, tera:Flying|72/100
|turn|14
|
|t:|1760745577
|move|p2a: Thundurus|Volt Switch|p1a: Enamorus
|-supereffective|p1a: Enamorus
|-damage|p1a: Enamorus|0 fnt
|faint|p1a: Enamorus
|
|t:|1760745580
|switch|p2a: OP|Excadrill, M|22/100|[from] Volt Switch
|
|-weather|Sandstorm|[upkeep]
|upkeep
|
|t:|1760745581
|switch|p1a: Ogerpon|Ogerpon-Wellspring, F|100/100
|turn|15
|
|t:|1760745586
|move|p2a: OP|Earthquake|p1a: Ogerpon
|-resisted|p1a: Ogerpon
|-damage|p1a: Ogerpon|44/100
|move|p1a: Ogerpon|Horn Leech|p2a: OP
|-damage|p2a: OP|0 fnt
|-heal|p1a: Ogerpon|57/100|[from] drain|[of] p2a: OP
|faint|p2a: OP
|
|-weather|Sandstorm|[upkeep]
|-damage|p1a: Ogerpon|51/100|[from] Sandstorm
|upkeep
|
|t:|1760745588
|switch|p2a: Thundurus|Thundurus-Therian, M, tera:Flying|72/100
|turn|16
|
|t:|1760745593
|move|p2a: Thundurus|Tera Blast|p1a: Ogerpon|[anim] Tera Blast Flying
|-supereffective|p1a: Ogerpon
|-damage|p1a: Ogerpon|0 fnt
|faint|p1a: Ogerpon
|
|win|OP Earthquakes
|raw|Justtesting1229's rating: 1459 &rarr; <strong>1440</strong><br />(-19 for losing)
|raw|OP Earthquakes's rating: 1485 &rarr; <strong>1504</strong><br />(+19 for winning)
|l|‽Justtesting1229
|player|p1|
