|j|☆Serpxriorz
|j|‽xiexieqs
|t:|1760878627
|gametype|singles
|player|p1|Serpxriorz|pokemaniac|1217
|player|p2|xiexieqs|102|1290
|gen|9
|tier|[Gen 9] OU
|rated|
|rule|HP Percentage Mod: HP is shown in percentages
|rule|Endless Battle Clause: Forcing endless battles is banned
|rule|Species Clause: Limit one of each Pokémon
|rule|OHKO Clause: OHKO moves are banned
|rule|Evasion Items Clause: Evasion items are banned
|rule|Evasion Moves Clause: Evasion moves are banned
|rule|Evasion Abilities Clause: Evasion abilities are banned
|rule|Sleep Moves Clause: Sleep-inducing moves are banned
|clearpoke
|poke|p1|Serperior, M|
|poke|p1|Alomomola, F|
|poke|p1|Ting-Lu|
|poke|p1|Dragonite, M|
|poke|p1|Great Tusk|
|poke|p1|Heatran, F|
|poke|p2|Araquanid, F|
|poke|p2|Malamar, F|
|poke|p2|Cinderace, F|
|poke|p2|Kingambit, F|
|poke|p2|Enamorus, F|
|poke|p2|Ceruledge, M|
|teampreview
|inactive|Battle timer is ON: inactive players will automatically lose when time's up. (requested by Serpxriorz)
|
|t:|1760878644
|teamsize|p1|6
|teamsize|p2|6
|start
|switch|p1a: Dragonite|Dragonite, M|100/100
|switch|p2a: Araquanid|Araquanid, F|100/100
|turn|1
|
|t:|1760878659
|move|p1a: Dragonite|Dragon Dance|p1a: Dragonite
|-boost|p1a: Dragonite|atk|1
|-boost|p1a: Dragonite|spe|1
|move|p2a: Araquanid|Sticky Web|p1a: Dragonite
|-sidestart|p1: Serpxriorz|move: Sticky Web
|
|upkeep
|turn|2
|
|t:|1760878681
|switch|p2a: Cinderace|Cinderace, F|100/100
|move|p1a: Dragonite|Dragon Dance|p1a: Dragonite
|-boost|p1a: Dragonite|atk|1
|-boost|p1a: Dragonite|spe|1
|
|upkeep
|turn|3
|
|t:|1760878698
|switch|p2a: Araquanid|Araquanid, F|100/100
|move|p1a: Dragonite|Extreme Speed|p2a: Araquanid
|-damage|p2a: Araquanid|30/100
|
|upkeep
|turn|4
|
|t:|1760878711
|move|p1a: Dragonite|Dragon Dance|p1a: Dragonite
|-boost|p1a: Dragonite|atk|1
|-boost|p1a: Dragonite|spe|1
|move|p2a: Araquanid|Endeavor|p1a: Dragonite
|-damage|p1a: Dragonite|31/100
|
|upkeep
|turn|5
|inactive|xiexieqs has 120 seconds left.
|
|t:|1760878736
|switch|p2a: Cinderace|Cinderace, F|100/100
|move|p1a: Dragonite|Extreme Speed|p2a: Cinderace
|-damage|p2a: Cinderace|6/100
|
|upkeep
|turn|6
|
|t:|1760878764
|move|p1a: Dragonite|Extreme Speed|p2a: Cinderace
|-damage|p2a: Cinderace|0 fnt
|faint|p2a: Cinderace
|
|upkeep
|
|t:|1760878770
|switch|p2a: Ceruledge|Ceruledge, M|100/100
|turn|7
|inactive|Serpxriorz has 120 seconds left.
|
|t:|1760878793
|-terastallize|p1a: Dragonite|Normal
|-terastallize|p2a: Ceruledge|Ghost
|move|p1a: Dragonite|Earthquake|p2a: Ceruledge
|-enditem|p2a: Ceruledge|Focus Sash
|-damage|p2a: Ceruledge|1/100
|-ability|p2a: Ceruledge|Weak Armor|boost
|-unboost|p2a: Ceruledge|def|1
|-boost|p2a: Ceruledge|spe|2
|move|p2a: Ceruledge|Swords Dance|p2a: Ceruledge
|-boost|p2a: Ceruledge|atk|2
|
|upkeep
|turn|8
|
|t:|1760878811
|move|p1a: Dragonite|Earthquake|p2a: Ceruledge
|-damage|p2a: Ceruledge|0 fnt
|faint|p2a: Ceruledge
|
|upkeep
|
|t:|1760878820
|switch|p2a: Kingambit|Kingambit, F|100/100
|turn|9
|
|t:|1760878828
|move|p2a: Kingambit|Sucker Punch|p1a: Dragonite
|-damage|p1a: Dragonite|0 fnt
|faint|p1a: Dragonite
|
|upkeep
|
|t:|1760878839
|switch|p1a: Great Tusk|Great Tusk|100/100
|turn|10
|
|t:|1760878848
|switch|p2a: Araquanid|Araquanid, F|30/100
|move|p1a: Great Tusk|Rapid Spin|p2a: Araquanid
|-damage|p2a: Araquanid|9/100
|-boost|p1a: Great Tusk|spe|1
|-sideend|p1: Serpxriorz|Sticky Web|[from] move: Rapid Spin|[of] p1a: Great Tusk
|
|upkeep
|turn|11
|-enditem|p2a: Araquanid|Custap Berry|[eat]
|-activate|p2a: Araquanid|item: Custap Berry|[consumed]
|
|t:|1760878854
|move|p2a: Araquanid|Endeavor|p1a: Great Tusk
|-damage|p1a: Great Tusk|9/100
|move|p1a: Great Tusk|Ice Spinner|p2a: Araquanid
|-resisted|p2a: Araquanid
|-damage|p2a: Araquanid|0 fnt
|faint|p2a: Araquanid
|
|upkeep
|
|t:|1760878863
|switch|p2a: Kingambit|Kingambit, F|100/100
|turn|12
|
|t:|1760878866
|move|p2a: Kingambit|Sucker Punch|p1a: Great Tusk
|-resisted|p1a: Great Tusk
|-damage|p1a: Great Tusk|0 fnt
|faint|p1a: Great Tusk
|-end|p1a: Great Tusk|Protosynthesis|[silent]
|
|upkeep
|
|t:|1760878875
|switch|p1a: Serperior|Serperior, M|100/100
|turn|13
|
|t:|1760878895
|move|p1a: Serperior|Substitute|p1a: Serperior
|-start|p1a: Serperior|Substitute
|-damage|p1a: Serperior|76/100
|move|p2a: Kingambit|Swords Dance|p2a: Kingambit
|-boost|p2a: Kingambit|atk|2
|
|-heal|p1a: Serperior|82/100|[from] item: Leftovers
|upkeep
|turn|14
|
|t:|1760878902
|move|p1a: Serperior|Leaf Storm|p2a: Kingambit
|-resisted|p2a: Kingambit
|-damage|p2a: Kingambit|80/100
|-boost|p1a: Serperior|spa|2
|move|p2a: Kingambit|Kowtow Cleave|p1a: Serperior
|-end|p1a: Serperior|Substitute
|
|-heal|p1a: Serperior|88/100|[from] item: Leftovers
|-heal|p2a: Kingambit|86/100|[from] item: Leftovers
|upkeep
|turn|15
|
|t:|1760878913
|move|p1a: Serperior|Glare|p2a: Kingambit
|-status|p2a: Kingambit|par
|move|p2a: Kingambit|Kowtow Cleave|p1a: Serperior
|-damage|p1a: Serperior|0 fnt
|faint|p1a: Serperior
|
|-heal|p2a: Kingambit|93/100 par|[from] item: Leftovers
|upkeep
|
|t:|1760878917
|switch|p1a: Heatran|Heatran, F|100/100
|turn|16
|
|t:|1760878930
|move|p2a: Kingambit|Sucker Punch|p1a: Heatran
|-damage|p1a: Heatran|13/100
|move|p1a: Heatran|Magma Storm|p2a: Kingambit
|-supereffective|p2a: Kingambit
|-damage|p2a: Kingambit|0 fnt
|faint|p2a: Kingambit
|
|-heal|p1a: Heatran|19/100|[from] item: Leftovers
|upkeep
|
|t:|1760878933
|switch|p2a: Malamar|Malamar, F|100/100
|turn|17
|
|t:|1760878939
|move|p1a: Heatran|Magma Storm|p2a: Malamar|[miss]
|-miss|p1a: Heatran|p2a: Malamar
|move|p2a: Malamar|Superpower|p1a: Heatran
|-supereffective|p1a: Heatran
|-damage|p1a: Heatran|0 fnt
|-boost|p2a: Malamar|atk|1
|-boost|p2a: Malamar|def|1
|faint|p1a: Heatran
|
|upkeep
|
|t:|1760878945
|switch|p1a: Alomomola|Alomomola, F|100/100
|turn|18
|
|t:|1760878947
|move|p2a: Malamar|Superpower|p1a: Alomomola
|-crit|p1a: Alomomola
|-damage|p1a: Alomomola|53/100
|-boost|p2a: Malamar|atk|1
|-boost|p2a: Malamar|def|1
|move|p1a: Alomomola|Scald|p2a: Malamar
|-damage|p2a: Malamar|83/100
|-status|p2a: Malamar|brn
|
|-damage|p2a: Malamar|77/100 brn|[from] brn
|upkeep
|turn|19
|
|t:|1760878953
|move|p2a: Malamar|Superpower|p1a: Alomomola
|-damage|p1a: Alomomola|28/100
|-boost|p2a: Malamar|atk|1
|-boost|p2a: Malamar|def|1
|move|p1a: Alomomola|Wish|p1a: Alomomola
|
|-damage|p2a: Malamar|71/100 brn|[from] brn
|upkeep
|turn|20
|
|t:|1760878956
|move|p1a: Alomomola|Protect|p1a: Alomomola
|-singleturn|p1a: Alomomola|Protect
|move|p2a: Malamar|Superpower|p1a: Alomomola
|-activate|p1a: Alomomola|move: Protect
|
|-heal|p1a: Alomomola|78/100|[from] move: Wish|[wisher] Alomomola
|-damage|p2a: Malamar|65/100 brn|[from] brn
|upkeep
|turn|21
|
|t:|1760878959
|move|p2a: Malamar|Superpower|p1a: Alomomola
|-damage|p1a: Alomomola|50/100
|-boost|p2a: Malamar|atk|1
|-boost|p2a: Malamar|def|1
|move|p1a: Alomomola|Flip Turn|p2a: Malamar
|-damage|p2a: Malamar|59/100 brn
|
|t:|1760878962
|switch|p1a: Ting-Lu|Ting-Lu|100/100|[from] Flip Turn
|-ability|p1a: Ting-Lu|Vessel of Ruin
|
|-damage|p2a: Malamar|53/100 brn|[from] brn
|upkeep
|turn|22
|
|t:|1760878964
|move|p2a: Malamar|Superpower|p1a: Ting-Lu
|-supereffective|p1a: Ting-Lu
|-damage|p1a: Ting-Lu|25/100
|-boost|p2a: Malamar|atk|1
|-boost|p2a: Malamar|def|1
|move|p1a: Ting-Lu|Whirlwind|p2a: Malamar
|drag|p2a: Enamorus|Enamorus, F|100/100
|
|-heal|p1a: Ting-Lu|31/100|[from] item: Leftovers
|upkeep
|turn|23
|
|t:|1760878969
|move|p2a: Enamorus|Moonblast|p1a: Ting-Lu
|-supereffective|p1a: Ting-Lu
|-damage|p1a: Ting-Lu|0 fnt
|faint|p1a: Ting-Lu
|
|upkeep
|
|t:|1760878972
|switch|p1a: Alomomola|Alomomola, F|83/100
|turn|24
|
|t:|1760878975
|move|p2a: Enamorus|Moonblast|p1a: Alomomola
|-damage|p1a: Alomomola|0 fnt
|faint|p1a: Alomomola
|
|win|xiexieqs
|raw|Serpxriorz's rating: 1217 &rarr; <strong>1197</strong><br />(-20 for losing)
|raw|xiexieqs's rating: 1290 &rarr; <strong>1310</strong><br />(+20 for winning)
|l|☆Serpxriorz
|player|p1|
