|j|☆StarChewer
|j|☆deepfriedmagikarp
|t:|1760864875
|gametype|singles
|player|p1|StarChewer|lusamine-nihilego|1800
|player|p2|deepfriedmagikarp|pokemonranger-gen4|1776
|gen|9
|tier|[Gen 9] OU
|rated|
|rule|HP Percentage Mod: HP is shown in percentages
|rule|Endless Battle Clause: Forcing endless battles is banned
|rule|Species Clause: Limit one of each Pokémon
|rule|OHKO Clause: OHKO moves are banned
|rule|Evasion Items Clause: Evasion items are banned
|rule|Evasion Moves Clause: Evasion moves are banned
|rule|Evasion Abilities Clause: Evasion abilities are banned
|rule|Sleep Moves Clause: Sleep-inducing moves are banned
|clearpoke
|poke|p1|Dragapult, M|
|poke|p1|Glimmora, M|
|poke|p1|Kingambit, F|
|poke|p1|Serperior, F|
|poke|p1|Zamazenta-*|
|poke|p1|Slowking-Galar, M|
|poke|p2|Darkrai|
|poke|p2|Manaphy|
|poke|p2|Landorus-Therian, M|
|poke|p2|Gholdengo|
|poke|p2|Raging Bolt|
|poke|p2|Iron Valiant|
|teampreview
|inactive|Battle timer is ON: inactive players will automatically lose when time's up. (requested by deepfriedmagikarp)
|inactive|StarChewer also wants the timer to be on.
|
|t:|1760864884
|teamsize|p1|6
|teamsize|p2|6
|start
|switch|p1a: Medusa|Serperior, F, shiny|100/100
|switch|p2a: Darkrai|Darkrai|100/100
|turn|1
|j| No_Safe_Prayer
|
|t:|1760864889
|move|p2a: Darkrai|Sludge Bomb|p1a: Medusa
|-supereffective|p1a: Medusa
|-damage|p1a: Medusa|22/100
|move|p1a: Medusa|Glare|p2a: Darkrai
|-status|p2a: Darkrai|par
|
|-heal|p1a: Medusa|28/100|[from] item: Leftovers
|upkeep
|turn|2
|
|t:|1760864895
|move|p1a: Medusa|Substitute|p1a: Medusa
|-start|p1a: Medusa|Substitute
|-damage|p1a: Medusa|4/100
|cant|p2a: Darkrai|par
|
|-heal|p1a: Medusa|10/100|[from] item: Leftovers
|upkeep
|turn|3
|j| crackstone
|
|t:|1760864897
|move|p1a: Medusa|Leaf Storm|p2a: Darkrai
|-damage|p2a: Darkrai|37/100 par
|-boost|p1a: Medusa|spa|2
|move|p2a: Darkrai|Sludge Bomb|p1a: Medusa
|-supereffective|p1a: Medusa
|-end|p1a: Medusa|Substitute
|
|-heal|p1a: Medusa|16/100|[from] item: Leftovers
|upkeep
|turn|4
|
|t:|1760864900
|move|p1a: Medusa|Leaf Storm|p2a: Darkrai
|-damage|p2a: Darkrai|0 fnt
|-boost|p1a: Medusa|spa|2
|faint|p2a: Darkrai
|
|-heal|p1a: Medusa|22/100|[from] item: Leftovers
|upkeep
|
|t:|1760864907
|switch|p2a: Iron Valiant|Iron Valiant|100/100
|-enditem|p2a: Iron Valiant|Booster Energy
|-activate|p2a: Iron Valiant|ability: Quark Drive|[fromitem]
|-start|p2a: Iron Valiant|quarkdrivespe
|turn|5
|
|t:|1760864910
|switch|p1a: Asbestos|Glimmora, M, shiny|100/100
|move|p2a: Iron Valiant|Moonblast|p1a: Asbestos
|-resisted|p1a: Asbestos
|-damage|p1a: Asbestos|69/100
|-enditem|p1a: Asbestos|Red Card|[of] p2a: Iron Valiant
|-end|p2a: Iron Valiant|Quark Drive|[silent]
|drag|p2a: Raging Bolt|Raging Bolt|100/100
|-enditem|p2a: Raging Bolt|Booster Energy
|-activate|p2a: Raging Bolt|ability: Protosynthesis|[fromitem]
|-start|p2a: Raging Bolt|protosynthesisspa
|
|upkeep
|turn|6
|j| FlyWhiteGuy
|
|t:|1760864921
|move|p1a: Asbestos|Mortal Spin|p2a: Raging Bolt
|-damage|p2a: Raging Bolt|95/100
|-status|p2a: Raging Bolt|psn
|move|p2a: Raging Bolt|Thunderbolt|p1a: Asbestos
|-damage|p1a: Asbestos|0 fnt
|faint|p1a: Asbestos
|
|-damage|p2a: Raging Bolt|83/100 psn|[from] psn
|upkeep
|
|t:|1760864925
|switch|p1a: GlowUp|Slowking-Galar, M|100/100
|turn|7
|
|t:|1760864933
|move|p2a: Raging Bolt|Calm Mind|p2a: Raging Bolt
|-boost|p2a: Raging Bolt|spa|1
|-boost|p2a: Raging Bolt|spd|1
|move|p1a: GlowUp|Ice Beam|p2a: Raging Bolt
|-supereffective|p2a: Raging Bolt
|-damage|p2a: Raging Bolt|59/100 psn
|
|-damage|p2a: Raging Bolt|46/100 psn|[from] psn
|upkeep
|turn|8
|
|t:|1760864938
|move|p2a: Raging Bolt|Thunderbolt|p1a: GlowUp
|-damage|p1a: GlowUp|57/100
|-status|p1a: GlowUp|par
|move|p1a: GlowUp|Ice Beam|p2a: Raging Bolt
|-supereffective|p2a: Raging Bolt
|-damage|p2a: Raging Bolt|20/100 psn
|
|-damage|p2a: Raging Bolt|7/100 psn|[from] psn
|upkeep
|turn|9
|
|t:|1760864944
|move|p2a: Raging Bolt|Thunderbolt|p1a: GlowUp
|-damage|p1a: GlowUp|16/100 par
|move|p1a: GlowUp|Ice Beam|p2a: Raging Bolt
|-supereffective|p2a: Raging Bolt
|-damage|p2a: Raging Bolt|0 fnt
|faint|p2a: Raging Bolt
|-end|p2a: Raging Bolt|Protosynthesis|[silent]
|
|upkeep
|
|t:|1760864961
|switch|p2a: Landorus|Landorus-Therian, M|100/100
|-ability|p2a: Landorus|Intimidate|boost
|-unboost|p1a: GlowUp|atk|1
|turn|10
|
|t:|1760864974
|move|p2a: Landorus|Earthquake|p1a: GlowUp
|-supereffective|p1a: GlowUp
|-damage|p1a: GlowUp|0 fnt
|faint|p1a: GlowUp
|
|upkeep
|
|t:|1760864976
|switch|p1a: Bubonic|Dragapult, M, shiny|100/100
|turn|11
|
|t:|1760864983
|switch|p2a: Gholdengo|Gholdengo|100/100
|-item|p2a: Gholdengo|Air Balloon
|move|p1a: Bubonic|Will-O-Wisp|p2a: Gholdengo
|-immune|p2a: Gholdengo|[from] ability: Good as Gold
|
|upkeep
|turn|12
|
|t:|1760864990
|switch|p1a: Cockroach|Kingambit, F|100/100
|-activate|p1a: Cockroach|ability: Supreme Overlord
|-start|p1a: Cockroach|fallen2|[silent]
|move|p2a: Gholdengo|Shadow Ball|p1a: Cockroach
|-resisted|p1a: Cockroach
|-damage|p1a: Cockroach|75/100
|-unboost|p1a: Cockroach|spd|1
|
|-heal|p1a: Cockroach|81/100|[from] item: Leftovers
|upkeep
|turn|13
|
|t:|1760864996
|switch|p2a: Landorus|Landorus-Therian, M|100/100
|-ability|p2a: Landorus|Intimidate|boost
|-unboost|p1a: Cockroach|atk|1
|move|p1a: Cockroach|Kowtow Cleave|p2a: Landorus
|-damage|p2a: Landorus|63/100
|-damage|p1a: Cockroach|65/100|[from] item: Rocky Helmet|[of] p2a: Landorus
|
|-heal|p1a: Cockroach|71/100|[from] item: Leftovers
|upkeep
|turn|14
|
|t:|1760865009
|-terastallize|p1a: Cockroach|Flying
|move|p2a: Landorus|Earthquake|p1a: Cockroach
|-immune|p1a: Cockroach
|move|p1a: Cockroach|Swords Dance|p1a: Cockroach
|-boost|p1a: Cockroach|atk|2
|
|-heal|p1a: Cockroach|77/100|[from] item: Leftovers
|upkeep
|turn|15
|
|t:|1760865014
|move|p2a: Landorus|Stone Edge|p1a: Cockroach
|-supereffective|p1a: Cockroach
|-damage|p1a: Cockroach|25/100
|move|p1a: Cockroach|Kowtow Cleave|p2a: Landorus
|-damage|p2a: Landorus|0 fnt
|-damage|p1a: Cockroach|9/100|[from] item: Rocky Helmet|[of] p2a: Landorus
|faint|p2a: Landorus
|
|-heal|p1a: Cockroach|15/100|[from] item: Leftovers
|upkeep
|
|t:|1760865018
|switch|p2a: Iron Valiant|Iron Valiant|100/100
|turn|16
|
|t:|1760865025
|-end|p1a: Cockroach|fallen2|[silent]
|switch|p1a: Medusa|Serperior, F, shiny|22/100
|move|p2a: Iron Valiant|Moonblast|p1a: Medusa
|-damage|p1a: Medusa|0 fnt
|faint|p1a: Medusa
|
|upkeep
|
|t:|1760865028
|switch|p1a: Bubonic|Dragapult, M, shiny|100/100
|turn|17
|j| Golem Rising
|
|t:|1760865034
|switch|p1a: Cockroach|Kingambit, F, tera:Flying|15/100
|-activate|p1a: Cockroach|ability: Supreme Overlord
|-start|p1a: Cockroach|fallen3|[silent]
|move|p2a: Iron Valiant|Moonblast|p1a: Cockroach
|-crit|p1a: Cockroach
|-damage|p1a: Cockroach|0 fnt
|faint|p1a: Cockroach
|-end|p1a: Cockroach|fallen3|[silent]
|
|upkeep
|
|t:|1760865039
|switch|p1a: Bubonic|Dragapult, M, shiny|100/100
|turn|18
|
|t:|1760865041
|move|p1a: Bubonic|Thunder Wave|p2a: Iron Valiant
|-status|p2a: Iron Valiant|par
|move|p2a: Iron Valiant|Moonblast|p1a: Bubonic
|-supereffective|p1a: Bubonic
|-damage|p1a: Bubonic|0 fnt
|faint|p1a: Bubonic
|
|upkeep
|
|t:|1760865043
|switch|p1a: DogeCoin|Zamazenta|100/100
|-ability|p1a: DogeCoin|Dauntless Shield|boost
|-boost|p1a: DogeCoin|def|1
|turn|19
|c|☆StarChewer|ggwp
|
|t:|1760865050
|move|p1a: DogeCoin|Iron Defense|p1a: DogeCoin
|-boost|p1a: DogeCoin|def|2
|move|p2a: Iron Valiant|Moonblast|p1a: DogeCoin
|-supereffective|p1a: DogeCoin
|-damage|p1a: DogeCoin|27/100
|-unboost|p1a: DogeCoin|spa|1
|
|-heal|p1a: DogeCoin|33/100|[from] item: Leftovers
|upkeep
|turn|20
|
|t:|1760865052
|move|p1a: DogeCoin|Protect|p1a: DogeCoin
|-singleturn|p1a: DogeCoin|Protect
|move|p2a: Iron Valiant|Moonblast|p1a: DogeCoin
|-activate|p1a: DogeCoin|move: Protect
|
|-heal|p1a: DogeCoin|39/100|[from] item: Leftovers
|upkeep
|turn|21
|
|t:|1760865056
|move|p1a: DogeCoin|Body Press|p2a: Iron Valiant
|-resisted|p2a: Iron Valiant
|-damage|p2a: Iron Valiant|48/100 par
|move|p2a: Iron Valiant|Moonblast|p1a: DogeCoin
|-supereffective|p1a: DogeCoin
|-damage|p1a: DogeCoin|0 fnt
|faint|p1a: DogeCoin
|
|win|deepfriedmagikarp
|raw|StarChewer's rating: 1800 &rarr; <strong>1779</strong><br />(-21 for losing)
|raw|deepfriedmagikarp's rating: 1776 &rarr; <strong>1797</strong><br />(+21 for winning)
|c|☆deepfriedmagikarp|gg
|l|☆StarChewer
|player|p1|
|l| No_Safe_Prayer
|l|☆deepfriedmagikarp
|player|p2|
|l| Golem Rising
|l| FlyWhiteGuy
|l| crackstone
