|j|‽Scrafty.YN
|j|☆The Power of Spam
|t:|1760808428
|gametype|singles
|player|p1|Scrafty.YN|hoopster|1278
|player|p2|The Power of Spam|artist-gen4|1327
|gen|9
|tier|[Gen 9] OU
|rated|
|rule|HP Percentage Mod: HP is shown in percentages
|rule|Endless Battle Clause: Forcing endless battles is banned
|rule|Species Clause: Limit one of each Pokémon
|rule|OHKO Clause: OHKO moves are banned
|rule|Evasion Items Clause: Evasion items are banned
|rule|Evasion Moves Clause: Evasion moves are banned
|rule|Evasion Abilities Clause: Evasion abilities are banned
|rule|Sleep Moves Clause: Sleep-inducing moves are banned
|clearpoke
|poke|p1|Gholdengo|
|poke|p1|Clodsire, M|
|poke|p1|Skarmory, F|
|poke|p1|Hariyama, M|
|poke|p1|Darkrai|
|poke|p1|Gliscor, M|
|poke|p2|Rillaboom, M|
|poke|p2|Glimmora, F|
|poke|p2|Hawlucha, M|
|poke|p2|Heatran, M|
|poke|p2|Mimikyu, M|
|poke|p2|Iron Treads|
|teampreview
|inactive|Battle timer is ON: inactive players will automatically lose when time's up. (requested by Scrafty.YN)
|
|t:|1760808455
|teamsize|p1|6
|teamsize|p2|6
|start
|switch|p1a: Clodsire|Clodsire, M, shiny|100/100
|switch|p2a: Iron Treads|Iron Treads, shiny|100/100
|turn|1
|
|t:|1760808463
|move|p2a: Iron Treads|Knock Off|p1a: Clodsire
|-damage|p1a: Clodsire|77/100
|-enditem|p1a: Clodsire|Heavy-Duty Boots|[from] move: Knock Off|[of] p2a: Iron Treads
|move|p1a: Clodsire|Stealth Rock|p2a: Iron Treads
|-sidestart|p2: The Power of Spam|move: Stealth Rock
|
|upkeep
|turn|2
|
|t:|1760808470
|switch|p1a: Skarmory|Skarmory, F|100/100
|move|p2a: Iron Treads|Earth Power|p1a: Skarmory
|-immune|p1a: Skarmory
|
|upkeep
|turn|3
|
|t:|1760808481
|move|p2a: Iron Treads|Rapid Spin|p1a: Skarmory
|-resisted|p1a: Skarmory
|-damage|p1a: Skarmory|97/100
|-boost|p2a: Iron Treads|spe|1
|-damage|p2a: Iron Treads|84/100|[from] item: Rocky Helmet|[of] p1a: Skarmory
|-sideend|p2: The Power of Spam|Stealth Rock|[from] move: Rapid Spin|[of] p2a: Iron Treads
|move|p1a: Skarmory|Spikes|p2a: Iron Treads
|-sidestart|p2: The Power of Spam|Spikes
|
|upkeep
|turn|4
|
|t:|1760808491
|-end|p2a: Iron Treads|Quark Drive|[silent]
|switch|p2a: Heatran|Heatran, M|100/100
|-damage|p2a: Heatran|88/100|[from] Spikes
|move|p1a: Skarmory|Roar|p2a: Heatran
|drag|p2a: Iron Treads|Iron Treads, shiny|84/100
|-damage|p2a: Iron Treads|72/100|[from] Spikes
|
|upkeep
|turn|5
|
|t:|1760808502
|-end|p2a: Iron Treads|Quark Drive|[silent]
|switch|p2a: Heatran|Heatran, M|88/100
|-damage|p2a: Heatran|76/100|[from] Spikes
|move|p1a: Skarmory|Spikes|p2a: Heatran
|-sidestart|p2: The Power of Spam|Spikes
|
|-heal|p2a: Heatran|82/100|[from] item: Leftovers
|upkeep
|turn|6
|
|t:|1760808510
|switch|p1a: Clodsire|Clodsire, M, shiny|77/100
|move|p2a: Heatran|Magma Storm|p1a: Clodsire
|-damage|p1a: Clodsire|47/100
|-activate|p1a: Clodsire|move: Magma Storm|[of] p2a: Heatran
|
|-heal|p2a: Heatran|88/100|[from] item: Leftovers
|-damage|p1a: Clodsire|35/100|[from] move: Magma Storm|[partiallytrapped]
|upkeep
|turn|7
|
|t:|1760808520
|move|p2a: Heatran|Earth Power|p1a: Clodsire
|-supereffective|p1a: Clodsire
|-damage|p1a: Clodsire|0 fnt
|faint|p1a: Clodsire
|
|-heal|p2a: Heatran|94/100|[from] item: Leftovers
|upkeep
|
|t:|1760808524
|switch|p1a: Hariyama|Hariyama, M, shiny|100/100
|turn|8
|
|t:|1760808534
|switch|p2a: Mimikyu|Mimikyu, M, shiny|100/100
|-damage|p2a: Mimikyu|84/100|[from] Spikes
|move|p1a: Hariyama|Knock Off|p2a: Mimikyu
|-activate|p2a: Mimikyu|ability: Disguise
|-damage|p2a: Mimikyu|84/100
|-enditem|p2a: Mimikyu|Red Card|[from] move: Knock Off|[of] p1a: Hariyama
|detailschange|p2a: Mimikyu|Mimikyu-Busted, M, shiny
|-damage|p2a: Mimikyu|72/100|[from] pokemon: Mimikyu-Busted
|
|upkeep
|turn|9
|
|t:|1760808546
|switch|p1a: Skarmory|Skarmory, F|97/100
|move|p2a: Mimikyu|Will-O-Wisp|p1a: Skarmory
|-status|p1a: Skarmory|brn
|
|-damage|p1a: Skarmory|91/100 brn|[from] brn
|upkeep
|turn|10
|
|t:|1760808556
|move|p2a: Mimikyu|Taunt|p1a: Skarmory
|-start|p1a: Skarmory|move: Taunt
|cant|p1a: Skarmory|move: Taunt|Spikes
|
|-damage|p1a: Skarmory|85/100 brn|[from] brn
|upkeep
|turn|11
|
|t:|1760808567
|switch|p2a: Iron Treads|Iron Treads, shiny|72/100
|-damage|p2a: Iron Treads|55/100|[from] Spikes
|move|p1a: Skarmory|Brave Bird|p2a: Iron Treads
|-resisted|p2a: Iron Treads
|-damage|p2a: Iron Treads|47/100
|-damage|p1a: Skarmory|83/100 brn|[from] Recoil
|
|-damage|p1a: Skarmory|77/100 brn|[from] brn
|upkeep
|turn|12
|
|t:|1760808579
|switch|p1a: Gholdengo|Gholdengo|100/100
|-item|p1a: Gholdengo|Air Balloon
|move|p2a: Iron Treads|Flash Cannon|p1a: Gholdengo
|-resisted|p1a: Gholdengo
|-damage|p1a: Gholdengo|88/100
|-enditem|p1a: Gholdengo|Air Balloon
|
|upkeep
|turn|13
|
|t:|1760808588
|move|p2a: Iron Treads|Earth Power|p1a: Gholdengo
|-supereffective|p1a: Gholdengo
|-damage|p1a: Gholdengo|22/100
|move|p1a: Gholdengo|Shadow Ball|p2a: Iron Treads
|-damage|p2a: Iron Treads|6/100
|-unboost|p2a: Iron Treads|spd|1
|
|upkeep
|turn|14
|
|t:|1760808597
|switch|p1a: Skarmory|Skarmory, F|77/100 brn
|move|p2a: Iron Treads|Rapid Spin|p1a: Skarmory
|-resisted|p1a: Skarmory
|-damage|p1a: Skarmory|74/100 brn
|-boost|p2a: Iron Treads|spe|1
|-damage|p2a: Iron Treads|0 fnt|[from] item: Rocky Helmet|[of] p1a: Skarmory
|faint|p2a: Iron Treads
|-end|p2a: Iron Treads|Quark Drive|[silent]
|
|-damage|p1a: Skarmory|68/100 brn|[from] brn
|upkeep
|
|t:|1760808615
|switch|p2a: Heatran|Heatran, M|94/100
|-damage|p2a: Heatran|78/100|[from] Spikes
|turn|15
|
|t:|1760808619
|switch|p1a: Hariyama|Hariyama, M, shiny|100/100
|move|p2a: Heatran|Magma Storm|p1a: Hariyama
|-damage|p1a: Hariyama|85/100
|-activate|p1a: Hariyama|move: Magma Storm|[of] p2a: Heatran
|
|-heal|p2a: Heatran|84/100|[from] item: Leftovers
|-damage|p1a: Hariyama|72/100|[from] move: Magma Storm|[partiallytrapped]
|upkeep
|turn|16
|
|t:|1760808633
|move|p2a: Heatran|Stealth Rock|p1a: Hariyama
|-sidestart|p1: Scrafty.YN|move: Stealth Rock
|move|p1a: Hariyama|Drain Punch|p2a: Heatran
|-supereffective|p2a: Heatran
|-damage|p2a: Heatran|24/100
|-heal|p1a: Hariyama|96/100|[from] drain|[of] p2a: Heatran
|
|-heal|p2a: Heatran|30/100|[from] item: Leftovers
|-damage|p1a: Hariyama|84/100|[from] move: Magma Storm|[partiallytrapped]
|upkeep
|turn|17
|
|t:|1760808646
|switch|p2a: Mimikyu|Mimikyu-Busted, M, shiny|72/100
|-damage|p2a: Mimikyu|55/100|[from] Spikes
|move|p1a: Hariyama|Knock Off|p2a: Mimikyu
|-damage|p2a: Mimikyu|28/100
|
|-end|p1a: Hariyama|Magma Storm|[partiallytrapped]|[silent]
|upkeep
|turn|18
|
|t:|1760808654
|move|p1a: Hariyama|Bullet Punch|p2a: Mimikyu
|-supereffective|p2a: Mimikyu
|-damage|p2a: Mimikyu|0 fnt
|faint|p2a: Mimikyu
|
|upkeep
|
|t:|1760808659
|switch|p2a: Rillaboom|Rillaboom, M|100/100
|-damage|p2a: Rillaboom|84/100|[from] Spikes
|-fieldstart|move: Grassy Terrain|[from] ability: Grassy Surge|[of] p2a: Rillaboom
|turn|19
|
|t:|1760808665
|switch|p1a: Skarmory|Skarmory, F|68/100 brn
|-damage|p1a: Skarmory|55/100 brn|[from] Stealth Rock
|move|p2a: Rillaboom|U-turn|p1a: Skarmory
|-resisted|p1a: Skarmory
|-damage|p1a: Skarmory|52/100 brn
|-damage|p2a: Rillaboom|67/100|[from] item: Rocky Helmet|[of] p1a: Skarmory
|
|t:|1760808679
|switch|p2a: Heatran|Heatran, M|30/100|[from] U-turn
|-damage|p2a: Heatran|13/100|[from] Spikes
|
|-heal|p2a: Heatran|20/100|[from] Grassy Terrain
|-heal|p2a: Heatran|26/100|[from] item: Leftovers
|-damage|p1a: Skarmory|46/100 brn|[from] brn
|upkeep
|turn|20
|
|t:|1760808689
|switch|p1a: Gholdengo|Gholdengo|22/100
|-damage|p1a: Gholdengo|16/100|[from] Stealth Rock
|move|p2a: Heatran|Magma Storm|p1a: Gholdengo
|-supereffective|p1a: Gholdengo
|-damage|p1a: Gholdengo|0 fnt
|faint|p1a: Gholdengo
|
|-heal|p2a: Heatran|32/100|[from] Grassy Terrain
|-heal|p2a: Heatran|38/100|[from] item: Leftovers
|upkeep
|
|t:|1760808696
|switch|p1a: Hariyama|Hariyama, M, shiny|84/100
|-damage|p1a: Hariyama|77/100|[from] Stealth Rock
|turn|21
|
|t:|1760808705
|move|p2a: Heatran|Magma Storm|p1a: Hariyama
|-damage|p1a: Hariyama|62/100
|-activate|p1a: Hariyama|move: Magma Storm|[of] p2a: Heatran
|move|p1a: Hariyama|Drain Punch|p2a: Heatran
|-supereffective|p2a: Heatran
|-damage|p2a: Heatran|0 fnt
|-heal|p1a: Hariyama|77/100|[from] drain|[of] p2a: Heatran
|faint|p2a: Heatran
|
|-heal|p1a: Hariyama|83/100|[from] Grassy Terrain
|-end|p1a: Hariyama|Magma Storm|[partiallytrapped]|[silent]
|upkeep
|
|t:|1760808716
|switch|p2a: Rock Lee|Hawlucha, M, shiny|100/100
|-enditem|p2a: Rock Lee|Grassy Seed
|-boost|p2a: Rock Lee|def|1|[from] item: Grassy Seed
|turn|22
|
|t:|1760808726
|switch|p1a: Skarmory|Skarmory, F|46/100 brn
|-damage|p1a: Skarmory|33/100 brn|[from] Stealth Rock
|move|p2a: Rock Lee|Swords Dance|p2a: Rock Lee
|-boost|p2a: Rock Lee|atk|2
|
|-damage|p1a: Skarmory|27/100 brn|[from] brn
|upkeep
|turn|23
|
|t:|1760808736
|move|p2a: Rock Lee|Close Combat|p1a: Skarmory
|-damage|p1a: Skarmory|0 fnt
|-unboost|p2a: Rock Lee|def|1
|-unboost|p2a: Rock Lee|spd|1
|-damage|p2a: Rock Lee|84/100|[from] item: Rocky Helmet|[of] p1a: Skarmory
|faint|p1a: Skarmory
|
|upkeep
|
|t:|1760808748
|switch|p1a: Darkrai|Darkrai|100/100
|turn|24
|
|t:|1760808751
|move|p2a: Rock Lee|Acrobatics|p1a: Darkrai
|-damage|p1a: Darkrai|0 fnt
|faint|p1a: Darkrai
|
|upkeep
|
|t:|1760808780
|switch|p1a: Gliscor|Gliscor, M, shiny|100/100
|-damage|p1a: Gliscor|88/100|[from] Stealth Rock
|turn|25
|
|t:|1760808785
|move|p1a: Gliscor|Protect|p1a: Gliscor
|-singleturn|p1a: Gliscor|Protect
|move|p2a: Rock Lee|Swords Dance|p2a: Rock Lee
|-boost|p2a: Rock Lee|atk|2
|
|-status|p1a: Gliscor|tox|[from] item: Toxic Orb
|upkeep
|turn|26
|
|t:|1760808793
|move|p2a: Rock Lee|Encore|p1a: Gliscor
|-start|p1a: Gliscor|Encore
|move|p1a: Gliscor|Protect||[still]
|-fail|p1a: Gliscor
|
|-heal|p1a: Gliscor|100/100 tox|[from] ability: Poison Heal
|-fieldend|move: Grassy Terrain
|upkeep
|turn|27
|
|t:|1760808805
|switch|p1a: Hariyama|Hariyama, M, shiny|83/100
|-damage|p1a: Hariyama|77/100|[from] Stealth Rock
|move|p2a: Rock Lee|Swords Dance|p2a: Rock Lee
|-boost|p2a: Rock Lee|atk|2
|
|upkeep
|turn|28
|
|t:|1760808813
|move|p2a: Rock Lee|Close Combat|p1a: Hariyama
|-damage|p1a: Hariyama|0 fnt
|-unboost|p2a: Rock Lee|def|1
|-unboost|p2a: Rock Lee|spd|1
|faint|p1a: Hariyama
|
|upkeep
|
|t:|1760808815
|switch|p1a: Gliscor|Gliscor, M, shiny|100/100 tox
|-damage|p1a: Gliscor|88/100 tox|[from] Stealth Rock
|turn|29
|-message|Scrafty.YN forfeited.
|
|win|The Power of Spam
|raw|Scrafty.YN's rating: 1278 &rarr; <strong>1257</strong><br />(-21 for losing)
|raw|The Power of Spam's rating: 1327 &rarr; <strong>1344</strong><br />(+17 for winning)
|l|‽Scrafty.YN
|player|p1|
|l|☆The Power of Spam
|player|p2|
