|j|☆hoplite123
|j|☆Kevinsmogono
|t:|1760736526
|gametype|singles
|player|p1|hoplite123|veteran|1271
|player|p2|Kevinsmogono|1|1306
|gen|9
|tier|[Gen 9] OU
|rated|
|rule|HP Percentage Mod: HP is shown in percentages
|rule|Endless Battle Clause: Forcing endless battles is banned
|rule|Species Clause: Limit one of each Pokémon
|rule|OHKO Clause: OHKO moves are banned
|rule|Evasion Items Clause: Evasion items are banned
|rule|Evasion Moves Clause: Evasion moves are banned
|rule|Evasion Abilities Clause: Evasion abilities are banned
|rule|Sleep Moves Clause: Sleep-inducing moves are banned
|clearpoke
|poke|p1|Exeggutor, M|
|poke|p1|Torkoal, M|
|poke|p1|Samurott-Hisui, M|
|poke|p1|Raging Bolt|
|poke|p1|Scream Tail|
|poke|p1|Iron Treads|
|poke|p2|Ceruledge, F|
|poke|p2|Tyranitar, F|
|poke|p2|Garchomp, M|
|poke|p2|Enamorus-Therian, F|
|poke|p2|Cinderace, M|
|poke|p2|Dragalge, M|
|teampreview
|inactive|Battle timer is ON: inactive players will automatically lose when time's up. (requested by Kevinsmogono)
|
|t:|1760736534
|teamsize|p1|6
|teamsize|p2|6
|start
|switch|p1a: Torkoal|Torkoal, M|100/100
|switch|p2a: Cinderace|Cinderace, M|100/100
|-weather|SunnyDay|[from] ability: Drought|[of] p1a: Torkoal
|turn|1
|
|t:|1760736544
|move|p2a: Cinderace|U-turn|p1a: Torkoal
|-start|p2a: Cinderace|typechange|Bug|[from] ability: Libero
|-resisted|p1a: Torkoal
|-damage|p1a: Torkoal|81/100
|
|t:|1760736573
|switch|p2a: Dragalge|Dragalge, M|100/100|[from] U-turn
|move|p1a: Torkoal|Stealth Rock|p2a: Dragalge
|-sidestart|p2: Kevinsmogono|move: Stealth Rock
|
|-weather|SunnyDay|[upkeep]
|upkeep
|turn|2
|
|t:|1760736586
|switch|p1a: Iron Treads|Iron Treads|100/100
|move|p2a: Dragalge|Toxic Spikes|p1a: Iron Treads
|-sidestart|p1: hoplite123|move: Toxic Spikes
|
|-weather|SunnyDay|[upkeep]
|upkeep
|turn|3
|
|t:|1760736596
|move|p1a: Iron Treads|Earthquake|p2a: Dragalge
|-supereffective|p2a: Dragalge
|-damage|p2a: Dragalge|1/100
|move|p2a: Dragalge|Flip Turn|p1a: Iron Treads
|-supereffective|p1a: Iron Treads
|-damage|p1a: Iron Treads|92/100
|
|t:|1760736606
|switch|p2a: Cinderace|Cinderace, M|100/100|[from] Flip Turn
|-damage|p2a: Cinderace|76/100|[from] Stealth Rock
|
|-weather|SunnyDay|[upkeep]
|upkeep
|turn|4
|
|t:|1760736615
|move|p2a: Cinderace|Pyro Ball|p1a: Iron Treads
|-supereffective|p1a: Iron Treads
|-damage|p1a: Iron Treads|0 fnt
|faint|p1a: Iron Treads
|-end|p1a: Iron Treads|Quark Drive|[silent]
|
|-weather|SunnyDay|[upkeep]
|upkeep
|
|t:|1760736635
|switch|p1a: Scream Tail|Scream Tail|100/100
|-status|p1a: Scream Tail|psn
|-activate|p1a: Scream Tail|ability: Protosynthesis
|-start|p1a: Scream Tail|protosynthesisspe
|turn|5
|
|t:|1760736643
|move|p1a: Scream Tail|Boomburst|p2a: Cinderace
|-damage|p2a: Cinderace|27/100
|-enditem|p1a: Scream Tail|Throat Spray
|-boost|p1a: Scream Tail|spa|1|[from] item: Throat Spray
|move|p2a: Cinderace|Pyro Ball|p1a: Scream Tail
|-damage|p1a: Scream Tail|0 fnt
|faint|p1a: Scream Tail
|-end|p1a: Scream Tail|Protosynthesis|[silent]
|
|-weather|SunnyDay|[upkeep]
|upkeep
|
|t:|1760736654
|switch|p1a: Exeggutor|Exeggutor, M, shiny|100/100
|-status|p1a: Exeggutor|psn
|turn|6
|
|t:|1760736659
|move|p1a: Exeggutor|Psychic|p2a: Cinderace
|-damage|p2a: Cinderace|0 fnt
|faint|p2a: Cinderace
|-damage|p1a: Exeggutor|91/100 psn|[from] item: Life Orb
|
|-weather|SunnyDay|[upkeep]
|-damage|p1a: Exeggutor|78/100 psn|[from] psn
|upkeep
|
|t:|1760736675
|switch|p2a: Tyranitar|Tyranitar, F|100/100
|-damage|p2a: Tyranitar|88/100|[from] Stealth Rock
|-weather|Sandstorm|[from] ability: Sand Stream|[of] p2a: Tyranitar
|turn|7
|
|t:|1760736689
|switch|p1a: Samurott|Samurott-Hisui, M|100/100
|-status|p1a: Samurott|psn
|move|p2a: Tyranitar|Dragon Dance|p2a: Tyranitar
|-boost|p2a: Tyranitar|atk|1
|-boost|p2a: Tyranitar|spe|1
|
|-weather|Sandstorm|[upkeep]
|-damage|p1a: Samurott|94/100 psn|[from] Sandstorm
|-damage|p1a: Samurott|82/100 psn|[from] psn
|upkeep
|turn|8
|
|t:|1760736701
|move|p1a: Samurott|Razor Shell|p2a: Tyranitar
|-supereffective|p2a: Tyranitar
|-damage|p2a: Tyranitar|7/100
|-unboost|p2a: Tyranitar|def|1
|move|p2a: Tyranitar|Rock Blast|p1a: Samurott
|-damage|p1a: Samurott|52/100 psn
|-damage|p1a: Samurott|22/100 psn
|-damage|p1a: Samurott|0 fnt
|faint|p1a: Samurott
|-hitcount|p1: Samurott|3
|
|-weather|Sandstorm|[upkeep]
|upkeep
|
|t:|1760736716
|switch|p1a: Raging Bolt|Raging Bolt|100/100
|-status|p1a: Raging Bolt|psn
|turn|9
|
|t:|1760736721
|move|p1a: Raging Bolt|Thunderclap||[still]
|-fail|p1a: Raging Bolt
|move|p2a: Tyranitar|Dragon Dance|p2a: Tyranitar
|-boost|p2a: Tyranitar|atk|1
|-boost|p2a: Tyranitar|spe|1
|
|-weather|Sandstorm|[upkeep]
|-damage|p1a: Raging Bolt|94/100 psn|[from] Sandstorm
|-damage|p1a: Raging Bolt|82/100 psn|[from] psn
|upkeep
|turn|10
|
|t:|1760736731
|move|p1a: Raging Bolt|Thunderclap|p2a: Tyranitar
|-crit|p2a: Tyranitar
|-damage|p2a: Tyranitar|0 fnt
|faint|p2a: Tyranitar
|
|-weather|Sandstorm|[upkeep]
|-damage|p1a: Raging Bolt|76/100 psn|[from] Sandstorm
|-damage|p1a: Raging Bolt|63/100 psn|[from] psn
|upkeep
|
|t:|1760736738
|switch|p2a: Garchomp|Garchomp, M|100/100
|-damage|p2a: Garchomp|94/100|[from] Stealth Rock
|turn|11
|
|t:|1760736755
|-end|p1a: Raging Bolt|Protosynthesis|[silent]
|switch|p1a: Torkoal|Torkoal, M|81/100
|-status|p1a: Torkoal|psn
|-weather|SunnyDay|[from] ability: Drought|[of] p1a: Torkoal
|move|p2a: Garchomp|Scale Shot|p1a: Torkoal
|-damage|p1a: Torkoal|70/100 psn
|-damage|p1a: Torkoal|60/100 psn
|-damage|p1a: Torkoal|51/100 psn
|-damage|p1a: Torkoal|40/100 psn
|-damage|p1a: Torkoal|30/100 psn
|-hitcount|p1a: Torkoal|5
|-unboost|p2a: Garchomp|def|1
|-boost|p2a: Garchomp|spe|1
|
|-weather|SunnyDay|[upkeep]
|-damage|p1a: Torkoal|18/100 psn|[from] psn
|upkeep
|turn|12
|
|t:|1760736775
|move|p2a: Garchomp|Scale Shot|p1a: Torkoal
|-damage|p1a: Torkoal|9/100 psn
|-damage|p1a: Torkoal|0 fnt
|faint|p1a: Torkoal
|-hitcount|p1: Torkoal|2
|-unboost|p2a: Garchomp|def|1
|-boost|p2a: Garchomp|spe|1
|
|-weather|SunnyDay|[upkeep]
|upkeep
|
|t:|1760736788
|switch|p1a: Exeggutor|Exeggutor, M, shiny|78/100 psn
|turn|13
|
|t:|1760736793
|move|p2a: Garchomp|Fire Fang|p1a: Exeggutor
|-supereffective|p1a: Exeggutor
|-damage|p1a: Exeggutor|0 fnt
|faint|p1a: Exeggutor
|
|-weather|SunnyDay|[upkeep]
|upkeep
|
|t:|1760736800
|switch|p1a: Raging Bolt|Raging Bolt|63/100 psn
|-activate|p1a: Raging Bolt|ability: Protosynthesis
|-start|p1a: Raging Bolt|protosynthesisspa
|turn|14
|
|t:|1760736805
|move|p2a: Garchomp|Scale Shot|p1a: Raging Bolt
|-supereffective|p1a: Raging Bolt
|-damage|p1a: Raging Bolt|42/100 psn
|-supereffective|p1a: Raging Bolt
|-crit|p1a: Raging Bolt
|-damage|p1a: Raging Bolt|9/100 psn
|-supereffective|p1a: Raging Bolt
|-damage|p1a: Raging Bolt|0 fnt
|faint|p1a: Raging Bolt
|-end|p1a: Raging Bolt|Protosynthesis|[silent]
|-hitcount|p1: Raging Bolt|3
|
|win|Kevinsmogono
|raw|hoplite123's rating: 1271 &rarr; <strong>1249</strong><br />(-22 for losing)
|raw|Kevinsmogono's rating: 1306 &rarr; <strong>1324</strong><br />(+18 for winning)
|l|☆Kevinsmogono
|player|p2|
|l|☆hoplite123
|player|p1|
