|j|☆hamoodhabibihamood
|j|☆sdor16
|t:|1760824945
|gametype|singles
|player|p1|hamoodhabibihamood|rocketgrunt|1534
|player|p2|sdor16|2|1532
|gen|9
|tier|[Gen 9] OU
|rated|
|rule|HP Percentage Mod: HP is shown in percentages
|rule|Endless Battle Clause: Forcing endless battles is banned
|rule|Species Clause: Limit one of each Pokémon
|rule|OHKO Clause: OHKO moves are banned
|rule|Evasion Items Clause: Evasion items are banned
|rule|Evasion Moves Clause: Evasion moves are banned
|rule|Evasion Abilities Clause: Evasion abilities are banned
|rule|Sleep Moves Clause: Sleep-inducing moves are banned
|clearpoke
|poke|p1|Quaquaval, M|
|poke|p1|Pelipper, M|
|poke|p1|Walking Wake|
|poke|p1|Corviknight, F|
|poke|p1|Raging Bolt|
|poke|p1|Scizor, F|
|poke|p2|Ninetales-Alola, M|
|poke|p2|Magnezone|
|poke|p2|Garchomp, F|
|poke|p2|Darkrai|
|poke|p2|Mandibuzz, F|
|poke|p2|Enamorus, F|
|teampreview
|inactive|Battle timer is ON: inactive players will automatically lose when time's up. (requested by hamoodhabibihamood)
|
|t:|1760824953
|teamsize|p1|6
|teamsize|p2|6
|start
|switch|p1a: Pelipper|Pelipper, M|100/100
|switch|p2a: Magnezone|Magnezone|100/100
|-weather|RainDance|[from] ability: Drizzle|[of] p1a: Pelipper
|turn|1
|
|t:|1760824977
|switch|p1a: Walking Wake|Walking Wake|100/100
|move|p2a: Magnezone|Thunderbolt|p1a: Walking Wake
|-damage|p1a: Walking Wake|43/100
|
|-weather|RainDance|[upkeep]
|upkeep
|turn|2
|
|t:|1760824983
|switch|p2a: Ninetales|Ninetales-Alola, M|100/100
|-weather|Snowscape|[from] ability: Snow Warning|[of] p2a: Ninetales
|move|p1a: Walking Wake|Hydro Pump|p2a: Ninetales
|-damage|p2a: Ninetales|22/100
|
|-weather|Snowscape|[upkeep]
|upkeep
|turn|3
|
|t:|1760824989
|move|p2a: Ninetales|Freeze-Dry|p1a: Walking Wake
|-supereffective|p1a: Walking Wake
|-damage|p1a: Walking Wake|0 fnt
|faint|p1a: Walking Wake
|-end|p1a: Walking Wake|Protosynthesis|[silent]
|
|-weather|Snowscape|[upkeep]
|upkeep
|
|t:|1760824999
|switch|p1a: Raging Bolt|Raging Bolt|100/100
|turn|4
|
|t:|1760825003
|move|p2a: Ninetales|Aurora Veil|p2a: Ninetales
|-sidestart|p2: sdor16|move: Aurora Veil
|move|p1a: Raging Bolt|Volt Switch|p2a: Ninetales
|-damage|p2a: Ninetales|0 fnt
|faint|p2a: Ninetales
|
|t:|1760825007
|-end|p1a: Raging Bolt|Protosynthesis|[silent]
|switch|p1a: Corviknight|Corviknight, F|100/100|[from] Volt Switch
|-ability|p1a: Corviknight|Pressure
|
|-weather|Snowscape|[upkeep]
|upkeep
|
|t:|1760825012
|switch|p2a: Magnezone|Magnezone|100/100
|turn|5
|
|t:|1760825016
|move|p1a: Corviknight|Defog|p2a: Magnezone
|-unboost|p2a: Magnezone|evasion|1
|-sideend|p2: sdor16|move: Aurora Veil
|move|p2a: Magnezone|Thunderbolt|p1a: Corviknight
|-supereffective|p1a: Corviknight
|-damage|p1a: Corviknight|2/100
|
|-weather|Snowscape|[upkeep]
|upkeep
|turn|6
|
|t:|1760825023
|move|p1a: Corviknight|U-turn|p2a: Magnezone
|-resisted|p2a: Magnezone
|-damage|p2a: Magnezone|94/100
|
|t:|1760825025
|switch|p1a: Raging Bolt|Raging Bolt|100/100|[from] U-turn
|move|p2a: Magnezone|Iron Defense|p2a: Magnezone
|-boost|p2a: Magnezone|def|2
|
|-weather|none
|-heal|p2a: Magnezone|100/100|[from] item: Leftovers
|upkeep
|turn|7
|
|t:|1760825043
|-end|p1a: Raging Bolt|Protosynthesis|[silent]
|switch|p1a: Corviknight|Corviknight, F|2/100
|-ability|p1a: Corviknight|Pressure
|-terastallize|p2a: Magnezone|Ice
|move|p2a: Magnezone|Tera Blast|p1a: Corviknight|[anim] Tera Blast Ice
|-damage|p1a: Corviknight|0 fnt
|faint|p1a: Corviknight
|
|upkeep
|
|t:|1760825057
|switch|p1a: Pelipper|Pelipper, M|100/100
|-weather|RainDance|[from] ability: Drizzle|[of] p1a: Pelipper
|turn|8
|
|t:|1760825073
|switch|p1a: Raging Bolt|Raging Bolt|100/100
|move|p2a: Magnezone|Thunderbolt|p1a: Raging Bolt
|-resisted|p1a: Raging Bolt
|-damage|p1a: Raging Bolt|91/100
|
|-weather|RainDance|[upkeep]
|upkeep
|turn|9
|
|t:|1760825093
|switch|p2a: Enamorus|Enamorus, F, shiny|100/100
|move|p1a: Raging Bolt|Thunderbolt|p2a: Enamorus
|-supereffective|p2a: Enamorus
|-damage|p2a: Enamorus|0 fnt
|faint|p2a: Enamorus
|
|-weather|RainDance|[upkeep]
|upkeep
|
|t:|1760825098
|switch|p2a: Garchomp|Garchomp, F|100/100
|turn|10
|
|t:|1760825109
|-end|p1a: Raging Bolt|Protosynthesis|[silent]
|switch|p1a: Pelipper|Pelipper, M|100/100
|move|p2a: Garchomp|Swords Dance|p2a: Garchomp
|-boost|p2a: Garchomp|atk|2
|
|-weather|RainDance|[upkeep]
|upkeep
|turn|11
|
|t:|1760825118
|move|p2a: Garchomp|Scale Shot|p1a: Pelipper
|-damage|p1a: Pelipper|82/100
|-damage|p1a: Pelipper|62/100
|-damage|p1a: Pelipper|42/100
|-damage|p1a: Pelipper|22/100
|-hitcount|p1a: Pelipper|4
|-unboost|p2a: Garchomp|def|1
|-boost|p2a: Garchomp|spe|1
|move|p1a: Pelipper|Hydro Pump|p2a: Garchomp
|-damage|p2a: Garchomp|44/100
|
|-weather|RainDance|[upkeep]
|upkeep
|turn|12
|
|t:|1760825129
|switch|p1a: Raging Bolt|Raging Bolt|91/100
|move|p2a: Garchomp|Scale Shot|p1a: Raging Bolt
|-supereffective|p1a: Raging Bolt
|-damage|p1a: Raging Bolt|47/100
|-supereffective|p1a: Raging Bolt
|-damage|p1a: Raging Bolt|6/100
|-supereffective|p1a: Raging Bolt
|-damage|p1a: Raging Bolt|0 fnt
|faint|p1a: Raging Bolt
|-end|p1a: Raging Bolt|Protosynthesis|[silent]
|-hitcount|p1: Raging Bolt|3
|-unboost|p2a: Garchomp|def|1
|-boost|p2a: Garchomp|spe|1
|
|-weather|RainDance|[upkeep]
|upkeep
|
|t:|1760825132
|switch|p1a: Scizor|Scizor, F|100/100
|turn|13
|
|t:|1760825136
|switch|p2a: Mandibuzz|Mandibuzz, F|100/100
|move|p1a: Scizor|Bullet Punch|p2a: Mandibuzz
|-damage|p2a: Mandibuzz|70/100
|-damage|p1a: Scizor|91/100|[from] item: Life Orb
|
|-weather|RainDance|[upkeep]
|upkeep
|turn|14
|
|t:|1760825142
|move|p2a: Mandibuzz|Foul Play|p1a: Scizor
|-damage|p1a: Scizor|32/100
|move|p1a: Scizor|Swords Dance|p1a: Scizor
|-boost|p1a: Scizor|atk|2
|
|-weather|RainDance|[upkeep]
|upkeep
|turn|15
|
|t:|1760825146
|move|p1a: Scizor|Bullet Punch|p2a: Mandibuzz
|-damage|p2a: Mandibuzz|11/100
|-damage|p1a: Scizor|22/100|[from] item: Life Orb
|move|p2a: Mandibuzz|Foul Play|p1a: Scizor
|-damage|p1a: Scizor|0 fnt
|faint|p1a: Scizor
|
|-weather|none
|upkeep
|
|t:|1760825148
|switch|p1a: Pelipper|Pelipper, M|22/100
|-weather|RainDance|[from] ability: Drizzle|[of] p1a: Pelipper
|turn|16
|
|t:|1760825156
|move|p2a: Mandibuzz|Roost|p2a: Mandibuzz
|-heal|p2a: Mandibuzz|61/100
|-singleturn|p2a: Mandibuzz|move: Roost
|move|p1a: Pelipper|U-turn|p2a: Mandibuzz
|-supereffective|p2a: Mandibuzz
|-damage|p2a: Mandibuzz|50/100
|
|t:|1760825162
|switch|p1a: Quaquaval|Quaquaval, M|100/100|[from] U-turn
|
|-weather|RainDance|[upkeep]
|upkeep
|turn|17
|
|t:|1760825165
|-terastallize|p1a: Quaquaval|Water
|move|p1a: Quaquaval|Aqua Step|p2a: Mandibuzz
|-damage|p2a: Mandibuzz|0 fnt
|-boost|p1a: Quaquaval|spe|1
|faint|p2a: Mandibuzz
|-ability|p1a: Quaquaval|Moxie|boost
|-boost|p1a: Quaquaval|atk|1
|
|-weather|RainDance|[upkeep]
|upkeep
|c|☆hamoodhabibihamood|its ggs
|
|t:|1760825171
|switch|p2a: Magnezone|Magnezone, tera:Ice|100/100
|turn|18
|
|t:|1760825174
|move|p1a: Quaquaval|Aqua Step|p2a: Magnezone
|-damage|p2a: Magnezone|0 fnt
|-boost|p1a: Quaquaval|spe|1
|faint|p2a: Magnezone
|-ability|p1a: Quaquaval|Moxie|boost
|-boost|p1a: Quaquaval|atk|1
|
|-weather|RainDance|[upkeep]
|upkeep
|-message|sdor16 forfeited.
|
|win|hamoodhabibihamood
|raw|hamoodhabibihamood's rating: 1534 &rarr; <strong>1554</strong><br />(+20 for winning)
|raw|sdor16's rating: 1532 &rarr; <strong>1512</strong><br />(-20 for losing)
|l|☆sdor16
|player|p2|
|l|☆hamoodhabibihamood
|player|p1|
