|j|☆gymleader avery
|j|☆megatenshi
|t:|1760835236
|gametype|singles
|player|p1|gymleader avery|giovanni-gen1|
|player|p2|megatenshi|rika|
|gen|9
|tier|[Gen 9] OU
|rule|HP Percentage Mod: HP is shown in percentages
|rule|Endless Battle Clause: Forcing endless battles is banned
|rule|Species Clause: Limit one of each Pokémon
|rule|OHKO Clause: OHKO moves are banned
|rule|Evasion Items Clause: Evasion items are banned
|rule|Evasion Moves Clause: Evasion moves are banned
|rule|Evasion Abilities Clause: Evasion abilities are banned
|rule|Sleep Moves Clause: Sleep-inducing moves are banned
|clearpoke
|poke|p1|Drilbur, L5, M|
|poke|p1|Gimmighoul-Roaming, L5|
|poke|p1|Hatenna, L5, F|
|poke|p1|Munchlax, L5, M|
|poke|p1|Grimer, L5, F|
|poke|p1|Froakie, L5, M|
|poke|p2|Chinchou, L5, F|
|poke|p2|Meowth-Galar, L5, M|
|poke|p2|Snover, L5, F|
|poke|p2|Croagunk, L5, M|
|poke|p2|Sandygast, L5, M|
|poke|p2|Snubbull, L5, F|
|teampreview
|c|☆megatenshi|gl my brain is soup
|c|☆gymleader avery|gl
|
|t:|1760835294
|teamsize|p1|6
|teamsize|p2|6
|start
|switch|p1a: Gloopular|Grimer, L5, F|100/100
|switch|p2a: pitbull|Snubbull, L5, F|100/100
|-ability|p2a: pitbull|Intimidate|boost
|-unboost|p1a: Gloopular|atk|1
|turn|1
|
|t:|1760835306
|switch|p2a: bucket|Sandygast, L5, M|100/100
|move|p1a: Gloopular|Sludge Bomb|p2a: bucket
|-resisted|p2a: bucket
|-damage|p2a: bucket|96/100
|-status|p2a: bucket|psn
|
|-damage|p2a: bucket|87/100 psn|[from] psn
|upkeep
|turn|2
|
|t:|1760835318
|move|p1a: Gloopular|Giga Drain|p2a: bucket
|-supereffective|p2a: bucket
|-damage|p2a: bucket|44/100 psn
|move|p2a: bucket|Scorching Sands|p1a: Gloopular
|-supereffective|p1a: Gloopular
|-damage|p1a: Gloopular|28/100
|-status|p1a: Gloopular|brn
|
|-damage|p2a: bucket|35/100 psn|[from] psn
|-damage|p1a: Gloopular|24/100 brn|[from] brn
|upkeep
|turn|3
|
|t:|1760835333
|switch|p2a: sandwich|Meowth-Galar, L5, M|100/100
|move|p1a: Gloopular|Giga Drain|p2a: sandwich
|-resisted|p2a: sandwich
|-damage|p2a: sandwich|86/100
|-heal|p1a: Gloopular|32/100 brn|[from] drain|[of] p2a: sandwich
|
|-damage|p1a: Gloopular|28/100 brn|[from] brn
|upkeep
|turn|4
|
|t:|1760835345
|move|p2a: sandwich|Knock Off|p1a: Gloopular
|-damage|p1a: Gloopular|0 fnt
|-enditem|p1a: Gloopular|Eviolite|[from] move: Knock Off|[of] p2a: sandwich
|faint|p1a: Gloopular
|
|upkeep
|
|t:|1760835358
|switch|p1a: Kamina|Drilbur, L5, M, shiny|100/100
|-ability|p1a: Kamina|Mold Breaker
|turn|5
|
|t:|1760835365
|switch|p2a: pitbull|Snubbull, L5, F|100/100
|-ability|p2a: pitbull|Intimidate|boost
|-fail|p1a: Kamina|unboost|[from] item: Clear Amulet|[of] p1a: Kamina
|move|p1a: Kamina|Earthquake|p2a: pitbull
|-damage|p2a: pitbull|46/100
|
|upkeep
|turn|6
|
|t:|1760835373
|move|p1a: Kamina|Earthquake|p2a: pitbull
|-damage|p2a: pitbull|0 fnt
|faint|p2a: pitbull
|
|upkeep
|
|t:|1760835380
|switch|p2a: tree|Snover, L5, F|100/100
|-weather|Snowscape|[from] ability: Snow Warning|[of] p2a: tree
|turn|7
|
|t:|1760835387
|switch|p1a: Lima|Hatenna, L5, F|100/100
|move|p2a: tree|Blizzard|p1a: Lima
|-damage|p1a: Lima|53/100
|
|-weather|Snowscape|[upkeep]
|upkeep
|turn|8
|
|t:|1760835396
|switch|p2a: sandwich|Meowth-Galar, L5, M|86/100
|move|p1a: Lima|Mystical Fire|p2a: sandwich
|-supereffective|p2a: sandwich
|-damage|p2a: sandwich|20/100
|-unboost|p2a: sandwich|spa|1
|
|-weather|Snowscape|[upkeep]
|upkeep
|turn|9
|
|t:|1760835407
|move|p2a: sandwich|Fake Out|p1a: Lima
|-damage|p1a: Lima|34/100
|cant|p1a: Lima|flinch
|
|-weather|Snowscape|[upkeep]
|upkeep
|turn|10
|
|t:|1760835417
|move|p2a: sandwich|Knock Off|p1a: Lima
|-supereffective|p1a: Lima
|-damage|p1a: Lima|0 fnt
|-enditem|p1a: Lima|Eviolite|[from] move: Knock Off|[of] p2a: sandwich
|faint|p1a: Lima
|
|-weather|Snowscape|[upkeep]
|upkeep
|
|t:|1760835421
|switch|p1a: Band$|Gimmighoul-Roaming, L5|100/100
|turn|11
|
|t:|1760835425
|move|p1a: Band$|Shadow Ball|p2a: sandwich
|-damage|p2a: sandwich|0 fnt
|faint|p2a: sandwich
|
|-weather|none
|upkeep
|
|t:|1760835446
|switch|p2a: tadpole|Croagunk, L5, M, shiny|100/100
|turn|12
|
|t:|1760835470
|move|p2a: tadpole|Sucker Punch|p1a: Band$
|-supereffective|p1a: Band$
|-damage|p1a: Band$|15/100
|move|p1a: Band$|Shadow Ball|p2a: tadpole
|-damage|p2a: tadpole|46/100
|
|upkeep
|turn|13
|
|t:|1760835478
|move|p2a: tadpole|Sucker Punch|p1a: Band$
|-supereffective|p1a: Band$
|-damage|p1a: Band$|0 fnt
|faint|p1a: Band$
|
|upkeep
|
|t:|1760835480
|switch|p1a: Big Ounce|Munchlax, L5, M|100/100
|turn|14
|
|t:|1760835486
|move|p2a: tadpole|Drain Punch|p1a: Big Ounce
|-supereffective|p1a: Big Ounce
|-enditem|p1a: Big Ounce|Chople Berry|[eat]
|-enditem|p1a: Big Ounce|Chople Berry|[weaken]
|-damage|p1a: Big Ounce|60/100
|-heal|p2a: tadpole|73/100|[from] drain|[of] p1a: Big Ounce
|move|p1a: Big Ounce|Earthquake|p2a: tadpole
|-supereffective|p2a: tadpole
|-damage|p2a: tadpole|0 fnt
|faint|p2a: tadpole
|
|upkeep
|
|t:|1760835509
|switch|p2a: lightbulb|Chinchou, L5, F|100/100
|turn|15
|
|t:|1760835515
|move|p2a: lightbulb|Scald|p1a: Big Ounce
|-damage|p1a: Big Ounce|27/100
|move|p1a: Big Ounce|Earthquake|p2a: lightbulb
|-supereffective|p2a: lightbulb
|-damage|p2a: lightbulb|17/100
|
|upkeep
|turn|16
|
|t:|1760835526
|move|p2a: lightbulb|Volt Switch|p1a: Big Ounce
|-damage|p1a: Big Ounce|0 fnt
|faint|p1a: Big Ounce
|
|t:|1760835530
|switch|p2a: tree|Snover, L5, F|100/100|[from] Volt Switch
|-weather|Snowscape|[from] ability: Snow Warning|[of] p2a: tree
|
|-weather|Snowscape|[upkeep]
|upkeep
|
|t:|1760835535
|switch|p1a: Woakie|Froakie, L5, M|100/100
|turn|17
|
|t:|1760835538
|move|p2a: tree|Giga Drain|p1a: Woakie
|-supereffective|p1a: Woakie
|-damage|p1a: Woakie|0 fnt
|faint|p1a: Woakie
|
|-weather|Snowscape|[upkeep]
|upkeep
|
|t:|1760835541
|switch|p1a: Kamina|Drilbur, L5, M, shiny|100/100
|-ability|p1a: Kamina|Mold Breaker
|turn|18
|
|t:|1760835553
|move|p2a: tree|Giga Drain|p1a: Kamina
|-supereffective|p1a: Kamina
|-damage|p1a: Kamina|0 fnt
|faint|p1a: Kamina
|
|win|megatenshi
|c|☆gymleader avery|ggs
|c|☆megatenshi|gg
