|j|☆grimppyyyy god
|j|☆Limelight_01
|t:|1760776284
|gametype|singles
|player|p1|grimppyyyy god|riley|1175
|player|p2|Limelight_01|roxie|1155
|gen|9
|tier|[Gen 9] OU
|rated|
|rule|HP Percentage Mod: HP is shown in percentages
|rule|Endless Battle Clause: Forcing endless battles is banned
|rule|Species Clause: Limit one of each Pokémon
|rule|OHKO Clause: OHKO moves are banned
|rule|Evasion Items Clause: Evasion items are banned
|rule|Evasion Moves Clause: Evasion moves are banned
|rule|Evasion Abilities Clause: Evasion abilities are banned
|rule|Sleep Moves Clause: Sleep-inducing moves are banned
|clearpoke
|poke|p1|Glimmora, F|
|poke|p1|Overqwil, M|
|poke|p1|Pelipper, F|
|poke|p1|Scizor, F|
|poke|p1|Dragapult, F|
|poke|p1|Iron Moth|
|poke|p2|Zamazenta-*|
|poke|p2|Ninetales-Alola, M|
|poke|p2|Darkrai|
|poke|p2|Ceruledge, M|
|poke|p2|Gliscor, M|
|poke|p2|Hatterene, F|
|teampreview
|
|t:|1760776291
|teamsize|p1|6
|teamsize|p2|6
|start
|switch|p1a: Glimmora|Glimmora, F|100/100
|switch|p2a: Ninetales|Ninetales-Alola, M|100/100
|-weather|Snowscape|[from] ability: Snow Warning|[of] p2a: Ninetales
|turn|1
|
|t:|1760776301
|switch|p2a: Hatterene|Hatterene, F|100/100
|move|p1a: Glimmora|Stealth Rock|p2a: Hatterene
|move|p2a: Hatterene|Stealth Rock|p1a: Glimmora|[from] ability: Magic Bounce
|-sidestart|p1: grimppyyyy god|move: Stealth Rock
|
|-weather|Snowscape|[upkeep]
|upkeep
|turn|2
|
|t:|1760776319
|move|p1a: Glimmora|Mortal Spin|p2a: Hatterene
|-supereffective|p2a: Hatterene
|-damage|p2a: Hatterene|90/100
|-status|p2a: Hatterene|psn
|-sideend|p1: grimppyyyy god|Stealth Rock|[from] move: Mortal Spin|[of] p1a: Glimmora
|move|p2a: Hatterene|Psyshock|p1a: Glimmora
|-supereffective|p1a: Glimmora
|-damage|p1a: Glimmora|23/100
|
|-weather|Snowscape|[upkeep]
|-heal|p2a: Hatterene|96/100 psn|[from] item: Leftovers
|-damage|p2a: Hatterene|84/100 psn|[from] psn
|upkeep
|turn|3
|
|t:|1760776332
|switch|p1a: Scizor|Scizor, F|100/100
|move|p2a: Hatterene|Draining Kiss|p1a: Scizor
|-resisted|p1a: Scizor
|-damage|p1a: Scizor|88/100
|-heal|p2a: Hatterene|94/100 psn|[from] drain|[of] p1a: Scizor
|
|-weather|Snowscape|[upkeep]
|-heal|p2a: Hatterene|99/100 psn|[from] item: Leftovers
|-damage|p2a: Hatterene|88/100 psn|[from] psn
|upkeep
|turn|4
|
|t:|1760776351
|-terastallize|p2a: Hatterene|Water
|move|p1a: Scizor|Bullet Punch|p2a: Hatterene
|-resisted|p2a: Hatterene
|-damage|p2a: Hatterene|67/100 psn
|move|p2a: Hatterene|Mystical Fire|p1a: Scizor
|-supereffective|p1a: Scizor
|-damage|p1a: Scizor|0 fnt
|faint|p1a: Scizor
|
|-weather|Snowscape|[upkeep]
|-heal|p2a: Hatterene|73/100 psn|[from] item: Leftovers
|-damage|p2a: Hatterene|60/100 psn|[from] psn
|upkeep
|
|t:|1760776374
|switch|p1a: Dragapult|Dragapult, F|100/100
|turn|5
|
|t:|1760776381
|move|p1a: Dragapult|Draco Meteor|p2a: Hatterene
|-damage|p2a: Hatterene|0 fnt
|-unboost|p1a: Dragapult|spa|2
|faint|p2a: Hatterene
|-damage|p1a: Dragapult|91/100|[from] item: Life Orb
|
|-weather|none
|upkeep
|
|t:|1760776386
|switch|p2a: Ninetales|Ninetales-Alola, M|100/100
|-weather|Snowscape|[from] ability: Snow Warning|[of] p2a: Ninetales
|turn|6
|
|t:|1760776401
|switch|p1a: Iron Moth|Iron Moth|100/100
|move|p2a: Ninetales|Aurora Veil|p2a: Ninetales
|-sidestart|p2: Limelight_01|move: Aurora Veil
|
|-weather|Snowscape|[upkeep]
|upkeep
|turn|7
|
|t:|1760776409
|switch|p2a: Ceruledge|Ceruledge, M|100/100
|move|p1a: Iron Moth|Flame Charge|p2a: Ceruledge
|-start|p2a: Ceruledge|ability: Flash Fire
|
|-weather|Snowscape|[upkeep]
|upkeep
|turn|8
|
|t:|1760776422
|move|p1a: Iron Moth|Air Slash|p2a: Ceruledge
|-damage|p2a: Ceruledge|90/100
|move|p2a: Ceruledge|Bulk Up|p2a: Ceruledge
|-boost|p2a: Ceruledge|atk|1
|-boost|p2a: Ceruledge|def|1
|
|-weather|Snowscape|[upkeep]
|upkeep
|turn|9
|inactive|Battle timer is ON: inactive players will automatically lose when time's up. (requested by grimppyyyy god)
|
|t:|1760776457
|-end|p1a: Iron Moth|Quark Drive|[silent]
|switch|p1a: Pelipper|Pelipper, F|100/100
|-weather|RainDance|[from] ability: Drizzle|[of] p1a: Pelipper
|move|p2a: Ceruledge|Taunt|p1a: Pelipper
|-start|p1a: Pelipper|move: Taunt
|
|-weather|RainDance|[upkeep]
|upkeep
|turn|10
|
|t:|1760776471
|-end|p2a: Ceruledge|ability: Flash Fire|[silent]
|switch|p2a: Zamazenta|Zamazenta|100/100
|-ability|p2a: Zamazenta|Dauntless Shield|boost
|-boost|p2a: Zamazenta|def|1
|move|p1a: Pelipper|Weather Ball|p2a: Zamazenta
|-damage|p2a: Zamazenta|70/100
|
|-weather|RainDance|[upkeep]
|upkeep
|turn|11
|
|t:|1760776482
|move|p2a: Zamazenta|Iron Defense|p2a: Zamazenta
|-boost|p2a: Zamazenta|def|2
|move|p1a: Pelipper|Hurricane|p2a: Zamazenta
|-supereffective|p2a: Zamazenta
|-damage|p2a: Zamazenta|25/100
|
|-weather|RainDance|[upkeep]
|-end|p1a: Pelipper|move: Taunt
|upkeep
|turn|12
|
|t:|1760776492
|move|p2a: Zamazenta|Rest|p2a: Zamazenta
|-status|p2a: Zamazenta|slp|[from] move: Rest
|-heal|p2a: Zamazenta|100/100 slp|[silent]
|-enditem|p2a: Zamazenta|Chesto Berry|[eat]
|-curestatus|p2a: Zamazenta|slp|[msg]
|move|p1a: Pelipper|Hurricane|p2a: Zamazenta
|-supereffective|p2a: Zamazenta
|-damage|p2a: Zamazenta|52/100
|
|-weather|RainDance|[upkeep]
|upkeep
|turn|13
|
|t:|1760776505
|move|p2a: Zamazenta|Body Press|p1a: Pelipper
|-resisted|p1a: Pelipper
|-damage|p1a: Pelipper|54/100
|move|p1a: Pelipper|Hurricane|p2a: Zamazenta
|-supereffective|p2a: Zamazenta
|-damage|p2a: Zamazenta|4/100
|
|-weather|RainDance|[upkeep]
|-sideend|p2: Limelight_01|move: Aurora Veil
|upkeep
|turn|14
|
|t:|1760776517
|switch|p1a: Dragapult|Dragapult, F|91/100
|move|p2a: Zamazenta|Body Press|p1a: Dragapult
|-immune|p1a: Dragapult
|
|-weather|RainDance|[upkeep]
|upkeep
|turn|15
|
|t:|1760776531
|move|p1a: Dragapult|Tera Blast|p2a: Zamazenta
|-damage|p2a: Zamazenta|0 fnt
|faint|p2a: Zamazenta
|-damage|p1a: Dragapult|81/100|[from] item: Life Orb
|
|-weather|RainDance|[upkeep]
|upkeep
|
|t:|1760776538
|switch|p2a: Gliscor|Gliscor, M|100/100
|turn|16
|
|t:|1760776550
|move|p1a: Dragapult|Draco Meteor|p2a: Gliscor
|-damage|p2a: Gliscor|27/100
|-unboost|p1a: Dragapult|spa|2
|-damage|p1a: Dragapult|71/100|[from] item: Life Orb
|move|p2a: Gliscor|Agility|p2a: Gliscor
|-boost|p2a: Gliscor|spe|2
|
|-weather|none
|-status|p2a: Gliscor|tox|[from] item: Toxic Orb
|upkeep
|turn|17
|
|t:|1760776565
|switch|p1a: Pelipper|Pelipper, F|54/100
|-weather|RainDance|[from] ability: Drizzle|[of] p1a: Pelipper
|move|p2a: Gliscor|Earthquake|p1a: Pelipper
|-immune|p1a: Pelipper
|
|-weather|RainDance|[upkeep]
|-heal|p2a: Gliscor|40/100 tox|[from] ability: Poison Heal
|upkeep
|turn|18
|
|t:|1760776579
|move|p2a: Gliscor|Facade|p1a: Pelipper
|-damage|p1a: Pelipper|18/100
|move|p1a: Pelipper|Ice Beam|p2a: Gliscor
|-supereffective|p2a: Gliscor
|-damage|p2a: Gliscor|0 fnt
|faint|p2a: Gliscor
|
|-weather|RainDance|[upkeep]
|upkeep
|
|t:|1760776585
|switch|p2a: Ceruledge|Ceruledge, M|90/100
|turn|19
|
|t:|1760776592
|switch|p1a: Overqwil|Overqwil, M|100/100
|move|p2a: Ceruledge|Shadow Sneak|p1a: Overqwil
|-resisted|p1a: Overqwil
|-damage|p1a: Overqwil|92/100
|
|-weather|RainDance|[upkeep]
|upkeep
|turn|20
|
|t:|1760776601
|switch|p2a: Ninetales|Ninetales-Alola, M|100/100
|-weather|Snowscape|[from] ability: Snow Warning|[of] p2a: Ninetales
|move|p1a: Overqwil|Swords Dance|p1a: Overqwil
|-boost|p1a: Overqwil|atk|2
|
|-weather|Snowscape|[upkeep]
|upkeep
|turn|21
|
|t:|1760776612
|move|p2a: Ninetales|Encore|p1a: Overqwil
|-start|p1a: Overqwil|Encore
|move|p1a: Overqwil|Swords Dance|p1a: Overqwil
|-boost|p1a: Overqwil|atk|2
|
|-weather|Snowscape|[upkeep]
|upkeep
|turn|22
|
|t:|1760776620
|switch|p1a: Pelipper|Pelipper, F|18/100
|-weather|RainDance|[from] ability: Drizzle|[of] p1a: Pelipper
|move|p2a: Ninetales|Aurora Veil||[still]
|-fail|p2a: Ninetales
|
|-weather|RainDance|[upkeep]
|upkeep
|turn|23
|
|t:|1760776630
|switch|p1a: Iron Moth|Iron Moth|100/100
|move|p2a: Ninetales|Freeze-Dry|p1a: Iron Moth
|-resisted|p1a: Iron Moth
|-damage|p1a: Iron Moth|90/100
|
|-weather|RainDance|[upkeep]
|upkeep
|turn|24
|
|t:|1760776642
|switch|p2a: Ceruledge|Ceruledge, M|90/100
|move|p1a: Iron Moth|Sludge Wave|p2a: Ceruledge
|-resisted|p2a: Ceruledge
|-damage|p2a: Ceruledge|71/100
|
|-weather|RainDance|[upkeep]
|upkeep
|turn|25
|
|t:|1760776652
|move|p1a: Iron Moth|Air Slash|p2a: Ceruledge
|-damage|p2a: Ceruledge|50/100
|move|p2a: Ceruledge|Bitter Blade|p1a: Iron Moth
|-resisted|p1a: Iron Moth
|-damage|p1a: Iron Moth|72/100
|-heal|p2a: Ceruledge|58/100|[from] drain|[of] p1a: Iron Moth
|
|-weather|RainDance|[upkeep]
|upkeep
|turn|26
|
|t:|1760776666
|move|p1a: Iron Moth|Air Slash|p2a: Ceruledge
|-damage|p2a: Ceruledge|37/100
|move|p2a: Ceruledge|Bulk Up|p2a: Ceruledge
|-boost|p2a: Ceruledge|atk|1
|-boost|p2a: Ceruledge|def|1
|
|-weather|RainDance|[upkeep]
|upkeep
|turn|27
|
|t:|1760776674
|move|p1a: Iron Moth|Air Slash|p2a: Ceruledge
|-damage|p2a: Ceruledge|14/100
|move|p2a: Ceruledge|Bitter Blade|p1a: Iron Moth
|-resisted|p1a: Iron Moth
|-damage|p1a: Iron Moth|46/100
|-heal|p2a: Ceruledge|25/100|[from] drain|[of] p1a: Iron Moth
|
|-weather|RainDance|[upkeep]
|upkeep
|turn|28
|
|t:|1760776684
|move|p1a: Iron Moth|Air Slash|p2a: Ceruledge
|-damage|p2a: Ceruledge|4/100
|move|p2a: Ceruledge|Bulk Up|p2a: Ceruledge
|-boost|p2a: Ceruledge|atk|1
|-boost|p2a: Ceruledge|def|1
|
|-weather|RainDance|[upkeep]
|upkeep
|turn|29
|
|t:|1760776694
|-end|p1a: Iron Moth|Quark Drive|[silent]
|switch|p1a: Glimmora|Glimmora, F|23/100
|move|p2a: Ceruledge|Bitter Blade|p1a: Glimmora
|-resisted|p1a: Glimmora
|-damage|p1a: Glimmora|5/100
|-heal|p2a: Ceruledge|13/100|[from] drain|[of] p1a: Glimmora
|-activate|p1a: Glimmora|ability: Toxic Debris
|-sidestart|p2: Limelight_01|move: Toxic Spikes
|
|-weather|none
|upkeep
|turn|30
|
|t:|1760776707
|move|p2a: Ceruledge|Shadow Sneak|p1a: Glimmora
|-damage|p1a: Glimmora|0 fnt
|-activate|p1a: Glimmora|ability: Toxic Debris
|-sidestart|p2: Limelight_01|move: Toxic Spikes
|faint|p1a: Glimmora
|
|upkeep
|
|t:|1760776715
|switch|p1a: Pelipper|Pelipper, F|18/100
|-weather|RainDance|[from] ability: Drizzle|[of] p1a: Pelipper
|turn|31
|
|t:|1760776721
|switch|p1a: Iron Moth|Iron Moth|46/100
|move|p2a: Ceruledge|Shadow Sneak|p1a: Iron Moth
|-damage|p1a: Iron Moth|0 fnt
|faint|p1a: Iron Moth
|-end|p1a: Iron Moth|Quark Drive|[silent]
|
|-weather|RainDance|[upkeep]
|upkeep
|
|t:|1760776730
|switch|p1a: Overqwil|Overqwil, M|92/100
|turn|32
|
|t:|1760776749
|move|p2a: Ceruledge|Shadow Sneak|p1a: Overqwil
|-resisted|p1a: Overqwil
|-damage|p1a: Overqwil|72/100
|move|p1a: Overqwil|Crunch|p2a: Ceruledge
|-supereffective|p2a: Ceruledge
|-damage|p2a: Ceruledge|0 fnt
|faint|p2a: Ceruledge
|
|-weather|RainDance|[upkeep]
|upkeep
|
|t:|1760776755
|switch|p2a: Ninetales|Ninetales-Alola, M|100/100
|-status|p2a: Ninetales|tox
|-weather|Snowscape|[from] ability: Snow Warning|[of] p2a: Ninetales
|turn|33
|
|t:|1760776766
|move|p2a: Ninetales|Aurora Veil|p2a: Ninetales
|-sidestart|p2: Limelight_01|move: Aurora Veil
|move|p1a: Overqwil|Barb Barrage|p2a: Ninetales
|-supereffective|p2a: Ninetales
|-damage|p2a: Ninetales|45/100 tox
|
|-weather|Snowscape|[upkeep]
|-damage|p2a: Ninetales|39/100 tox|[from] psn
|upkeep
|turn|34
|
|t:|1760776777
|move|p2a: Ninetales|Freeze-Dry|p1a: Overqwil
|-damage|p1a: Overqwil|39/100
|move|p1a: Overqwil|Barb Barrage|p2a: Ninetales
|-supereffective|p2a: Ninetales
|-damage|p2a: Ninetales|0 fnt
|faint|p2a: Ninetales
|
|-weather|Snowscape|[upkeep]
|upkeep
|
|t:|1760776783
|switch|p2a: Darkrai|Darkrai|100/100
|-status|p2a: Darkrai|tox
|turn|35
|
|t:|1760776808
|switch|p1a: Pelipper|Pelipper, F|18/100
|-weather|RainDance|[from] ability: Drizzle|[of] p1a: Pelipper
|move|p2a: Darkrai|Dark Pulse|p1a: Pelipper
|-damage|p1a: Pelipper|0 fnt
|faint|p1a: Pelipper
|
|-weather|RainDance|[upkeep]
|-damage|p2a: Darkrai|94/100 tox|[from] psn
|upkeep
|
|t:|1760776822
|switch|p1a: Overqwil|Overqwil, M|39/100
|turn|36
|
|t:|1760776835
|move|p1a: Overqwil|Barb Barrage|p2a: Darkrai
|-damage|p2a: Darkrai|51/100 tox
|move|p2a: Darkrai|Dark Pulse|p1a: Overqwil
|-resisted|p1a: Overqwil
|-damage|p1a: Overqwil|6/100
|
|-weather|RainDance|[upkeep]
|-heal|p2a: Darkrai|57/100 tox|[from] item: Leftovers
|-damage|p2a: Darkrai|45/100 tox|[from] psn
|upkeep
|turn|37
|-message|Limelight_01 forfeited.
|
|win|grimppyyyy god
|raw|grimppyyyy god's rating: 1175 &rarr; <strong>1199</strong><br />(+24 for winning)
|raw|Limelight_01's rating: 1155 &rarr; <strong>1131</strong><br />(-24 for losing)
|l|☆Limelight_01
|player|p2|
|l|☆grimppyyyy god
|player|p1|
