|j|☆nezk025
|j|☆zyzyno.1
|t:|1760815302
|gametype|singles
|player|p1|nezk025|nate|1400
|player|p2|zyzyno.1|cynthia-gen4|1434
|gen|9
|tier|[Gen 9] OU
|rated|
|rule|HP Percentage Mod: HP is shown in percentages
|rule|Endless Battle Clause: Forcing endless battles is banned
|rule|Species Clause: Limit one of each Pokémon
|rule|OHKO Clause: OHKO moves are banned
|rule|Evasion Items Clause: Evasion items are banned
|rule|Evasion Moves Clause: Evasion moves are banned
|rule|Evasion Abilities Clause: Evasion abilities are banned
|rule|Sleep Moves Clause: Sleep-inducing moves are banned
|clearpoke
|poke|p1|Ogerpon-Wellspring, F|
|poke|p1|Kingambit, M|
|poke|p1|Landorus-Therian, M|
|poke|p1|Glimmora, F|
|poke|p1|Dragapult, F|
|poke|p1|Iron Valiant|
|poke|p2|Maushold|
|poke|p2|Ninetales-Alola, F|
|poke|p2|Ceruledge, M|
|poke|p2|Moltres-Galar|
|poke|p2|Enamorus, F|
|poke|p2|Gliscor, F|
|teampreview
|inactive|Battle timer is ON: inactive players will automatically lose when time's up. (requested by zyzyno.1)
|
|t:|1760815328
|teamsize|p1|6
|teamsize|p2|6
|start
|switch|p1a: Glimmora|Glimmora, F|100/100
|switch|p2a: Ninetales|Ninetales-Alola, F|100/100
|-weather|Snowscape|[from] ability: Snow Warning|[of] p2a: Ninetales
|turn|1
|
|t:|1760815337
|move|p2a: Ninetales|Aurora Veil|p2a: Ninetales
|-sidestart|p2: zyzyno.1|move: Aurora Veil
|move|p1a: Glimmora|Mortal Spin|p2a: Ninetales
|-supereffective|p2a: Ninetales
|-damage|p2a: Ninetales|96/100
|-status|p2a: Ninetales|psn
|
|-weather|Snowscape|[upkeep]
|-damage|p2a: Ninetales|84/100 psn|[from] psn
|upkeep
|turn|2
|
|t:|1760815350
|switch|p2a: Gliscor|Gliscor, F|100/100
|move|p1a: Glimmora|Spikes|p2a: Gliscor
|-sidestart|p2: zyzyno.1|Spikes
|
|-weather|Snowscape|[upkeep]
|-status|p2a: Gliscor|tox|[from] item: Toxic Orb
|upkeep
|turn|3
|
|t:|1760815359
|move|p2a: Gliscor|Swords Dance|p2a: Gliscor
|-boost|p2a: Gliscor|atk|2
|move|p1a: Glimmora|Meteor Beam||[still]
|-prepare|p1a: Glimmora|Meteor Beam
|-boost|p1a: Glimmora|spa|1
|-enditem|p1a: Glimmora|Power Herb
|-anim|p1a: Glimmora|Meteor Beam|p2a: Gliscor|[miss]
|-miss|p1a: Glimmora|p2a: Gliscor
|
|-weather|Snowscape|[upkeep]
|upkeep
|turn|4
|
|t:|1760815374
|switch|p1a: Landorus|Landorus-Therian, M|100/100
|-ability|p1a: Landorus|Intimidate|boost
|-unboost|p2a: Gliscor|atk|1
|move|p2a: Gliscor|Knock Off|p1a: Landorus
|-damage|p1a: Landorus|68/100
|-damage|p2a: Gliscor|84/100 tox|[from] item: Rocky Helmet|[of] p1a: Landorus
|-enditem|p1a: Landorus|Rocky Helmet|[from] move: Knock Off|[of] p2a: Gliscor
|
|-weather|Snowscape|[upkeep]
|-heal|p2a: Gliscor|97/100 tox|[from] ability: Poison Heal
|upkeep
|turn|5
|
|t:|1760815383
|move|p1a: Landorus|Taunt|p2a: Gliscor
|-start|p2a: Gliscor|move: Taunt
|cant|p2a: Gliscor|move: Taunt|Swords Dance
|
|-weather|none
|-heal|p2a: Gliscor|100/100 tox|[from] ability: Poison Heal
|upkeep
|turn|6
|
|t:|1760815389
|move|p1a: Landorus|Stealth Rock|p2a: Gliscor
|-sidestart|p2: zyzyno.1|move: Stealth Rock
|move|p2a: Gliscor|Facade|p1a: Landorus
|-damage|p1a: Landorus|26/100
|
|upkeep
|turn|7
|
|t:|1760815404
|move|p1a: Landorus|U-turn|p2a: Gliscor
|-resisted|p2a: Gliscor
|-damage|p2a: Gliscor|96/100 tox
|
|t:|1760815410
|switch|p1a: Glimmora|Glimmora, F|100/100|[from] U-turn
|move|p2a: Gliscor|Knock Off|p1a: Glimmora
|-damage|p1a: Glimmora|73/100
|-activate|p1a: Glimmora|ability: Toxic Debris
|-sidestart|p2: zyzyno.1|move: Toxic Spikes
|
|-heal|p2a: Gliscor|100/100 tox|[from] ability: Poison Heal
|-end|p2a: Gliscor|move: Taunt
|upkeep
|turn|8
|
|t:|1760815423
|switch|p1a: Ogerpon|Ogerpon-Wellspring, F|100/100
|move|p2a: Gliscor|Swords Dance|p2a: Gliscor
|-boost|p2a: Gliscor|atk|2
|
|-sideend|p2: zyzyno.1|move: Aurora Veil
|upkeep
|turn|9
|
|t:|1760815434
|switch|p1a: Landorus|Landorus-Therian, M|26/100
|-ability|p1a: Landorus|Intimidate|boost
|-unboost|p2a: Gliscor|atk|1
|-terastallize|p2a: Gliscor|Normal
|move|p2a: Gliscor|Agility|p2a: Gliscor
|-boost|p2a: Gliscor|spe|2
|
|upkeep
|turn|10
|
|t:|1760815451
|move|p2a: Gliscor|Facade|p1a: Landorus
|-damage|p1a: Landorus|0 fnt
|faint|p1a: Landorus
|
|upkeep
|
|t:|1760815455
|switch|p1a: Kingambit|Kingambit, M|100/100
|-activate|p1a: Kingambit|ability: Supreme Overlord
|-start|p1a: Kingambit|fallen1|[silent]
|turn|11
|
|t:|1760815462
|move|p2a: Gliscor|Knock Off|p1a: Kingambit
|-resisted|p1a: Kingambit
|-damage|p1a: Kingambit|85/100
|-enditem|p1a: Kingambit|Leftovers|[from] move: Knock Off|[of] p2a: Gliscor
|move|p1a: Kingambit|Swords Dance|p1a: Kingambit
|-boost|p1a: Kingambit|atk|2
|
|upkeep
|turn|12
|
|t:|1760815483
|switch|p2a: Ninetales|Ninetales-Alola, F|84/100 psn
|-damage|p2a: Ninetales|71/100 psn|[from] Spikes
|-damage|p2a: Ninetales|46/100 psn|[from] Stealth Rock
|-weather|Snowscape|[from] ability: Snow Warning|[of] p2a: Ninetales
|move|p1a: Kingambit|Swords Dance|p1a: Kingambit
|-boost|p1a: Kingambit|atk|2
|
|-weather|Snowscape|[upkeep]
|-damage|p2a: Ninetales|34/100 psn|[from] psn
|upkeep
|turn|13
|
|t:|1760815493
|move|p2a: Ninetales|Encore|p1a: Kingambit
|-start|p1a: Kingambit|Encore
|move|p1a: Kingambit|Swords Dance|p1a: Kingambit
|-boost|p1a: Kingambit|atk|2
|
|-weather|Snowscape|[upkeep]
|-damage|p2a: Ninetales|22/100 psn|[from] psn
|upkeep
|turn|14
|
|t:|1760815500
|move|p2a: Ninetales|Aurora Veil|p2a: Ninetales
|-sidestart|p2: zyzyno.1|move: Aurora Veil
|move|p1a: Kingambit|Swords Dance|p1a: Kingambit
|-boost|p1a: Kingambit|atk|0
|
|-weather|Snowscape|[upkeep]
|-damage|p2a: Ninetales|9/100 psn|[from] psn
|upkeep
|turn|15
|
|t:|1760815520
|switch|p2a: Maushold|Maushold|100/100
|-damage|p2a: Maushold|88/100|[from] Spikes
|-damage|p2a: Maushold|76/100|[from] Stealth Rock
|-status|p2a: Maushold|psn
|move|p1a: Kingambit|Swords Dance|p1a: Kingambit
|-boost|p1a: Kingambit|atk|0
|
|-weather|Snowscape|[upkeep]
|-damage|p2a: Maushold|63/100 psn|[from] psn
|-end|p1a: Kingambit|Encore
|upkeep
|turn|16
|
|t:|1760815538
|move|p2a: Maushold|Encore|p1a: Kingambit
|-start|p1a: Kingambit|Encore
|move|p1a: Kingambit|Swords Dance|p1a: Kingambit
|-boost|p1a: Kingambit|atk|0
|
|-weather|none
|-damage|p2a: Maushold|51/100 psn|[from] psn
|upkeep
|turn|17
|
|t:|1760815547
|-end|p1a: Kingambit|fallen1|[silent]
|switch|p1a: Dragapult|Dragapult, F|100/100
|move|p2a: Maushold|Tidy Up|p2a: Maushold
|-sideend|p2: zyzyno.1|Spikes
|-sideend|p2: zyzyno.1|Toxic Spikes
|-sideend|p2: zyzyno.1|Stealth Rock
|-activate|p2a: Maushold|move: Tidy Up
|-boost|p2a: Maushold|atk|1
|-boost|p2a: Maushold|spe|1
|
|-damage|p2a: Maushold|38/100 psn|[from] psn
|upkeep
|turn|18
|
|t:|1760815558
|move|p2a: Maushold|Bite|p1a: Dragapult
|-supereffective|p1a: Dragapult
|-damage|p1a: Dragapult|11/100
|move|p1a: Dragapult|Flamethrower|p2a: Maushold
|-damage|p2a: Maushold|7/100 psn
|
|-damage|p2a: Maushold|0 fnt|[from] psn
|faint|p2a: Maushold
|upkeep
|
|t:|1760815572
|switch|p2a: Enamorus|Enamorus, F|100/100
|turn|19
|
|t:|1760815581
|switch|p1a: Ogerpon|Ogerpon-Wellspring, F|100/100
|move|p2a: Enamorus|Calm Mind|p2a: Enamorus
|-boost|p2a: Enamorus|spa|1
|-boost|p2a: Enamorus|spd|1
|
|upkeep
|turn|20
|
|t:|1760815589
|move|p1a: Ogerpon|Taunt|p2a: Enamorus
|-start|p2a: Enamorus|move: Taunt
|cant|p2a: Enamorus|move: Taunt|Agility
|
|upkeep
|turn|21
|
|t:|1760815597
|-terastallize|p1a: Ogerpon|Water
|detailschange|p1a: Ogerpon|Ogerpon-Wellspring-Tera, F, tera:Water
|-ability|p1a: Ogerpon|Embody Aspect (Wellspring)|boost
|-boost|p1a: Ogerpon|spd|1
|move|p1a: Ogerpon|Ivy Cudgel|p2a: Enamorus|[anim] Ivy Cudgel Water
|-damage|p2a: Enamorus|38/100
|move|p2a: Enamorus|Draining Kiss|p1a: Ogerpon
|-damage|p1a: Ogerpon|56/100
|-heal|p2a: Enamorus|73/100|[from] drain|[of] p1a: Ogerpon
|-damage|p2a: Enamorus|63/100|[from] item: Life Orb
|
|-sideend|p2: zyzyno.1|move: Aurora Veil
|upkeep
|turn|22
|
|t:|1760815612
|move|p1a: Ogerpon|Ivy Cudgel|p2a: Enamorus|[anim] Ivy Cudgel Water
|-damage|p2a: Enamorus|0 fnt
|faint|p2a: Enamorus
|
|upkeep
|
|t:|1760815633
|switch|p2a: Ceruledge|Ceruledge, M|100/100
|turn|23
|
|t:|1760815641
|switch|p1a: Iron Valiant|Iron Valiant|100/100
|-enditem|p1a: Iron Valiant|Booster Energy
|-activate|p1a: Iron Valiant|ability: Quark Drive|[fromitem]
|-start|p1a: Iron Valiant|quarkdrivespe
|move|p2a: Ceruledge|Swords Dance|p2a: Ceruledge
|-boost|p2a: Ceruledge|atk|2
|
|upkeep
|turn|24
|
|t:|1760815666
|move|p1a: Iron Valiant|Encore|p2a: Ceruledge
|-start|p2a: Ceruledge|Encore
|move|p2a: Ceruledge|Swords Dance|p2a: Ceruledge
|-boost|p2a: Ceruledge|atk|2
|
|upkeep
|turn|25
|
|t:|1760815675
|switch|p2a: Moltres|Moltres-Galar|100/100
|move|p1a: Iron Valiant|Swords Dance|p1a: Iron Valiant
|-boost|p1a: Iron Valiant|atk|2
|
|upkeep
|turn|26
|
|t:|1760815683
|move|p1a: Iron Valiant|Spirit Break|p2a: Moltres
|-supereffective|p2a: Moltres
|-damage|p2a: Moltres|0 fnt
|faint|p2a: Moltres
|
|upkeep
|inactive|zyzyno.1 has 120 seconds left.
|
|t:|1760815712
|switch|p2a: Gliscor|Gliscor, F, tera:Normal|100/100 tox
|turn|27
|
|t:|1760815719
|move|p1a: Iron Valiant|Spirit Break|p2a: Gliscor
|-damage|p2a: Gliscor|36/100 tox
|-unboost|p2a: Gliscor|spa|1
|move|p2a: Gliscor|Facade|p1a: Iron Valiant
|-damage|p1a: Iron Valiant|38/100
|
|-heal|p2a: Gliscor|48/100 tox|[from] ability: Poison Heal
|upkeep
|turn|28
|
|t:|1760815728
|move|p1a: Iron Valiant|Spirit Break|p2a: Gliscor
|-damage|p2a: Gliscor|0 fnt
|faint|p2a: Gliscor
|
|upkeep
|
|t:|1760815733
|switch|p2a: Ceruledge|Ceruledge, M|100/100
|turn|29
|
|t:|1760815741
|move|p2a: Ceruledge|Shadow Sneak|p1a: Iron Valiant
|-damage|p1a: Iron Valiant|7/100
|move|p1a: Iron Valiant|Knock Off|p2a: Ceruledge
|-supereffective|p2a: Ceruledge
|-enditem|p2a: Ceruledge|Focus Sash
|-damage|p2a: Ceruledge|1/100
|-ability|p2a: Ceruledge|Weak Armor|boost
|-unboost|p2a: Ceruledge|def|1
|-boost|p2a: Ceruledge|spe|2
|
|upkeep
|turn|30
|
|t:|1760815748
|move|p2a: Ceruledge|Shadow Sneak|p1a: Iron Valiant
|-damage|p1a: Iron Valiant|0 fnt
|faint|p1a: Iron Valiant
|-end|p1a: Iron Valiant|Quark Drive|[silent]
|
|upkeep
|
|t:|1760815763
|switch|p1a: Glimmora|Glimmora, F|73/100
|turn|31
|
|t:|1760815768
|move|p2a: Ceruledge|Close Combat|p1a: Glimmora
|-damage|p1a: Glimmora|15/100
|-unboost|p2a: Ceruledge|def|1
|-unboost|p2a: Ceruledge|spd|1
|-activate|p1a: Glimmora|ability: Toxic Debris
|-sidestart|p2: zyzyno.1|move: Toxic Spikes
|move|p1a: Glimmora|Earth Power|p2a: Ceruledge
|-supereffective|p2a: Ceruledge
|-damage|p2a: Ceruledge|0 fnt
|faint|p2a: Ceruledge
|
|upkeep
|-message|zyzyno.1 forfeited.
|
|win|nezk025
|raw|nezk025's rating: 1400 &rarr; <strong>1422</strong><br />(+22 for winning)
|raw|zyzyno.1's rating: 1434 &rarr; <strong>1412</strong><br />(-22 for losing)
|l|☆zyzyno.1
|player|p2|
|l|☆nezk025
|player|p1|
