|j|☆ekha23
|j|☆iron oten
|t:|1760864689
|gametype|singles
|player|p1|ekha23|1|1329
|player|p2|iron oten|cynthia-gen4|1320
|gen|9
|tier|[Gen 9] OU
|rated|
|rule|HP Percentage Mod: HP is shown in percentages
|rule|Endless Battle Clause: Forcing endless battles is banned
|rule|Species Clause: Limit one of each Pokémon
|rule|OHKO Clause: OHKO moves are banned
|rule|Evasion Items Clause: Evasion items are banned
|rule|Evasion Moves Clause: Evasion moves are banned
|rule|Evasion Abilities Clause: Evasion abilities are banned
|rule|Sleep Moves Clause: Sleep-inducing moves are banned
|clearpoke
|poke|p1|Conkeldurr, F|
|poke|p1|Gholdengo|
|poke|p1|Samurott-Hisui, F|
|poke|p1|Moltres|
|poke|p1|Great Tusk|
|poke|p1|Raging Bolt|
|poke|p2|Kyurem|
|poke|p2|Ogerpon-Wellspring, F|
|poke|p2|Samurott-Hisui, M|
|poke|p2|Gliscor, F|
|poke|p2|Alomomola, F|
|poke|p2|Rillaboom, F|
|teampreview
|inactive|Battle timer is ON: inactive players will automatically lose when time's up. (requested by ekha23)
|
|t:|1760864745
|teamsize|p1|6
|teamsize|p2|6
|start
|switch|p1a: Samurott|Samurott-Hisui, F|100/100
|switch|p2a: Samurott|Samurott-Hisui, M|100/100
|turn|1
|
|t:|1760864750
|move|p2a: Samurott|Ceaseless Edge|p1a: Samurott
|-resisted|p1a: Samurott
|-damage|p1a: Samurott|75/100
|-sidestart|p1: ekha23|Spikes
|move|p1a: Samurott|Ceaseless Edge|p2a: Samurott
|-resisted|p2a: Samurott
|-damage|p2a: Samurott|72/100
|-sidestart|p2: iron oten|Spikes
|
|upkeep
|turn|2
|
|t:|1760864758
|move|p2a: Samurott|Ceaseless Edge|p1a: Samurott
|-resisted|p1a: Samurott
|-damage|p1a: Samurott|51/100
|-sidestart|p1: ekha23|Spikes
|move|p1a: Samurott|Ceaseless Edge|p2a: Samurott
|-resisted|p2a: Samurott
|-damage|p2a: Samurott|39/100
|-sidestart|p2: iron oten|Spikes
|
|upkeep
|turn|3
|
|t:|1760864765
|move|p2a: Samurott|Ceaseless Edge|p1a: Samurott
|-resisted|p1a: Samurott
|-damage|p1a: Samurott|25/100
|-sidestart|p1: ekha23|Spikes
|move|p1a: Samurott|Ceaseless Edge|p2a: Samurott|[miss]
|-miss|p1a: Samurott|p2a: Samurott
|
|upkeep
|turn|4
|
|t:|1760864776
|switch|p1a: Conkeldurr|Conkeldurr, F|100/100
|-damage|p1a: Conkeldurr|76/100|[from] Spikes
|move|p2a: Samurott|Razor Shell|p1a: Conkeldurr
|-damage|p1a: Conkeldurr|32/100
|-unboost|p1a: Conkeldurr|def|1
|
|-heal|p1a: Conkeldurr|39/100|[from] item: Leftovers
|upkeep
|turn|5
|
|t:|1760864797
|switch|p2a: Alomomola|Alomomola, F|100/100
|move|p1a: Conkeldurr|Drain Punch|p2a: Alomomola
|-damage|p2a: Alomomola|76/100
|-heal|p1a: Conkeldurr|52/100|[from] drain|[of] p2a: Alomomola
|
|-heal|p1a: Conkeldurr|58/100|[from] item: Leftovers
|upkeep
|turn|6
|inactive|ekha23 has 120 seconds left.
|inactive|iron oten has 120 seconds left.
|
|t:|1760864839
|move|p2a: Alomomola|Flip Turn|p1a: Conkeldurr
|-damage|p1a: Conkeldurr|35/100
|
|t:|1760864843
|switch|p2a: Gliscor|Gliscor, F|100/100|[from] Flip Turn
|move|p1a: Conkeldurr|Knock Off|p2a: Gliscor
|-damage|p2a: Gliscor|73/100
|-enditem|p2a: Gliscor|Toxic Orb|[from] move: Knock Off|[of] p1a: Conkeldurr
|
|-heal|p1a: Conkeldurr|41/100|[from] item: Leftovers
|upkeep
|turn|7
|inactive|iron oten has 120 seconds left.
|
|t:|1760864852
|switch|p1a: Great Tusk|Great Tusk|100/100
|-damage|p1a: Great Tusk|76/100|[from] Spikes
|move|p2a: Gliscor|Stealth Rock|p1a: Great Tusk
|-sidestart|p1: ekha23|move: Stealth Rock
|
|-heal|p1a: Great Tusk|82/100|[from] item: Leftovers
|upkeep
|turn|8
|-message|iron oten forfeited.
|
|win|ekha23
|raw|ekha23's rating: 1329 &rarr; <strong>1348</strong><br />(+19 for winning)
|raw|iron oten's rating: 1320 &rarr; <strong>1301</strong><br />(-19 for losing)
|l|☆iron oten
|player|p2|
|l|☆ekha23
|player|p1|
