|j|☆tscher
|j|☆cchang21
|t:|1760779161
|gametype|singles
|player|p1|tscher|170|1325
|player|p2|cchang21|emmet|1324
|gen|9
|tier|[Gen 9] OU
|rated|
|rule|HP Percentage Mod: HP is shown in percentages
|rule|Endless Battle Clause: Forcing endless battles is banned
|rule|Species Clause: Limit one of each Pokémon
|rule|OHKO Clause: OHKO moves are banned
|rule|Evasion Items Clause: Evasion items are banned
|rule|Evasion Moves Clause: Evasion moves are banned
|rule|Evasion Abilities Clause: Evasion abilities are banned
|rule|Sleep Moves Clause: Sleep-inducing moves are banned
|clearpoke
|poke|p1|Jirachi|
|poke|p1|Enamorus, F|
|poke|p1|Tornadus-Therian, M|
|poke|p1|Great Tusk|
|poke|p1|Dragapult, F|
|poke|p1|Scizor, M|
|poke|p2|Garchomp, M|
|poke|p2|Darkrai|
|poke|p2|Gholdengo|
|poke|p2|Ogerpon-Wellspring, F|
|poke|p2|Iron Valiant|
|poke|p2|Iron Treads|
|teampreview
|inactive|Battle timer is ON: inactive players will automatically lose when time's up. (requested by cchang21)
|
|t:|1760779183
|teamsize|p1|6
|teamsize|p2|6
|start
|switch|p1a: Tornadus|Tornadus-Therian, M|100/100
|switch|p2a: Darkrai|Darkrai|100/100
|turn|1
|
|t:|1760779191
|move|p2a: Darkrai|Ice Beam|p1a: Tornadus
|-supereffective|p1a: Tornadus
|-damage|p1a: Tornadus|21/100
|-status|p1a: Tornadus|frz
|cant|p1a: Tornadus|frz
|
|upkeep
|turn|2
|
|t:|1760779202
|switch|p1a: Scizor|Scizor, M|100/100
|move|p2a: Darkrai|Knock Off|p1a: Scizor
|-damage|p1a: Scizor|67/100
|-enditem|p1a: Scizor|Sitrus Berry|[from] move: Knock Off|[of] p2a: Darkrai
|
|upkeep
|turn|3
|
|t:|1760779212
|switch|p2a: Garchomp|Garchomp, M|100/100
|move|p1a: Scizor|U-turn|p2a: Garchomp
|-damage|p2a: Garchomp|74/100
|-damage|p1a: Scizor|55/100|[from] ability: Rough Skin|[of] p2a: Garchomp
|-damage|p1a: Scizor|39/100|[from] item: Rocky Helmet|[of] p2a: Garchomp
|
|t:|1760779227
|switch|p1a: Dragapult|Dragapult, F|100/100|[from] U-turn
|
|upkeep
|turn|4
|
|t:|1760779237
|switch|p2a: Iron Valiant|Iron Valiant|100/100
|-enditem|p2a: Iron Valiant|Booster Energy
|-activate|p2a: Iron Valiant|ability: Quark Drive|[fromitem]
|-start|p2a: Iron Valiant|quarkdrivespe
|move|p1a: Dragapult|Dragon Darts|p2a: Iron Valiant
|-immune|p2a: Iron Valiant
|
|upkeep
|turn|5
|
|t:|1760779242
|switch|p1a: Jirachi|Jirachi|100/100
|move|p2a: Iron Valiant|Calm Mind|p2a: Iron Valiant
|-boost|p2a: Iron Valiant|spa|1
|-boost|p2a: Iron Valiant|spd|1
|
|upkeep
|turn|6
|
|t:|1760779249
|-terastallize|p2a: Iron Valiant|Electric
|move|p2a: Iron Valiant|Calm Mind|p2a: Iron Valiant
|-boost|p2a: Iron Valiant|spa|1
|-boost|p2a: Iron Valiant|spd|1
|move|p1a: Jirachi|Body Slam|p2a: Iron Valiant
|-crit|p2a: Iron Valiant
|-damage|p2a: Iron Valiant|63/100
|
|upkeep
|turn|7
|
|t:|1760779262
|move|p2a: Iron Valiant|Calm Mind|p2a: Iron Valiant
|-boost|p2a: Iron Valiant|spa|1
|-boost|p2a: Iron Valiant|spd|1
|move|p1a: Jirachi|U-turn|p2a: Iron Valiant
|-damage|p2a: Iron Valiant|44/100
|
|t:|1760779272
|switch|p1a: Scizor|Scizor, M|39/100|[from] U-turn
|
|upkeep
|turn|8
|
|t:|1760779277
|-terastallize|p1a: Scizor|Steel
|move|p1a: Scizor|Bullet Punch|p2a: Iron Valiant
|-resisted|p2a: Iron Valiant
|-damage|p2a: Iron Valiant|15/100
|move|p2a: Iron Valiant|Thunderbolt|p1a: Scizor
|-damage|p1a: Scizor|0 fnt
|faint|p1a: Scizor
|
|upkeep
|
|t:|1760779287
|switch|p1a: Jirachi|Jirachi|100/100
|turn|9
|
|t:|1760779289
|move|p2a: Iron Valiant|Thunderbolt|p1a: Jirachi
|-damage|p1a: Jirachi|8/100
|move|p1a: Jirachi|U-turn|p2a: Iron Valiant
|-damage|p2a: Iron Valiant|0 fnt
|faint|p2a: Iron Valiant
|-end|p2a: Iron Valiant|Quark Drive|[silent]
|
|t:|1760779298
|switch|p1a: Dragapult|Dragapult, F|100/100|[from] U-turn
|
|upkeep
|
|t:|1760779305
|switch|p2a: Darkrai|Darkrai|100/100
|turn|10
|
|t:|1760779309
|move|p1a: Dragapult|U-turn|p2a: Darkrai
|-supereffective|p2a: Darkrai
|-damage|p2a: Darkrai|43/100
|
|t:|1760779317
|switch|p1a: Jirachi|Jirachi|8/100|[from] U-turn
|move|p2a: Darkrai|Dark Pulse|p1a: Jirachi
|-supereffective|p1a: Jirachi
|-damage|p1a: Jirachi|0 fnt
|faint|p1a: Jirachi
|
|upkeep
|
|t:|1760779322
|switch|p1a: Dragapult|Dragapult, F|100/100
|turn|11
|
|t:|1760779328
|switch|p2a: Garchomp|Garchomp, M|74/100
|move|p1a: Dragapult|Dragon Darts|p2a: Garchomp
|-supereffective|p2a: Garchomp
|-damage|p2a: Garchomp|49/100
|-anim|p1a: Dragapult|Dragon Darts|p2a: Garchomp
|-supereffective|p2a: Garchomp
|-damage|p2a: Garchomp|24/100
|
|upkeep
|turn|12
|
|t:|1760779338
|switch|p2a: Iron Treads|Iron Treads|100/100
|move|p1a: Dragapult|Dragon Darts|p2a: Iron Treads
|-resisted|p2a: Iron Treads
|-damage|p2a: Iron Treads|91/100
|-anim|p1a: Dragapult|Dragon Darts|p2a: Iron Treads
|-resisted|p2a: Iron Treads
|-damage|p2a: Iron Treads|81/100
|
|-heal|p2a: Iron Treads|87/100|[from] item: Leftovers
|upkeep
|turn|13
|
|t:|1760779344
|move|p1a: Dragapult|Will-O-Wisp|p2a: Iron Treads
|-status|p2a: Iron Treads|brn
|move|p2a: Iron Treads|Ice Spinner|p1a: Dragapult
|-supereffective|p1a: Dragapult
|-damage|p1a: Dragapult|74/100
|
|-heal|p2a: Iron Treads|93/100 brn|[from] item: Leftovers
|-damage|p2a: Iron Treads|87/100 brn|[from] brn
|upkeep
|turn|14
|
|t:|1760779349
|move|p1a: Dragapult|U-turn|p2a: Iron Treads
|-resisted|p2a: Iron Treads
|-damage|p2a: Iron Treads|79/100 brn
|
|t:|1760779365
|switch|p1a: Great Tusk|Great Tusk|100/100|[from] U-turn
|move|p2a: Iron Treads|Ice Spinner|p1a: Great Tusk
|-supereffective|p1a: Great Tusk
|-damage|p1a: Great Tusk|85/100
|
|-heal|p2a: Iron Treads|85/100 brn|[from] item: Leftovers
|-damage|p2a: Iron Treads|79/100 brn|[from] brn
|upkeep
|turn|15
|
|t:|1760779376
|move|p2a: Iron Treads|Ice Spinner|p1a: Great Tusk
|-supereffective|p1a: Great Tusk
|-damage|p1a: Great Tusk|69/100
|move|p1a: Great Tusk|Rapid Spin|p2a: Iron Treads
|-resisted|p2a: Iron Treads
|-damage|p2a: Iron Treads|72/100 brn
|-boost|p1a: Great Tusk|spe|1
|
|-heal|p2a: Iron Treads|78/100 brn|[from] item: Leftovers
|-damage|p2a: Iron Treads|72/100 brn|[from] brn
|upkeep
|turn|16
|
|t:|1760779383
|-end|p2a: Iron Treads|Quark Drive|[silent]
|switch|p2a: Gholdengo|Gholdengo|100/100
|-item|p2a: Gholdengo|Air Balloon
|move|p1a: Great Tusk|Close Combat|p2a: Gholdengo
|-immune|p2a: Gholdengo
|
|upkeep
|turn|17
|
|t:|1760779390
|move|p1a: Great Tusk|Ice Spinner|p2a: Gholdengo
|-resisted|p2a: Gholdengo
|-damage|p2a: Gholdengo|91/100
|-enditem|p2a: Gholdengo|Air Balloon
|move|p2a: Gholdengo|Make It Rain|p1a: Great Tusk
|-damage|p1a: Great Tusk|0 fnt
|-unboost|p2a: Gholdengo|spa|1
|faint|p1a: Great Tusk
|-end|p1a: Great Tusk|Protosynthesis|[silent]
|
|upkeep
|
|t:|1760779401
|switch|p1a: Enamorus|Enamorus, F|100/100
|turn|18
|
|t:|1760779419
|move|p1a: Enamorus|Mystical Fire|p2a: Gholdengo
|-supereffective|p2a: Gholdengo
|-damage|p2a: Gholdengo|39/100
|-unboost|p2a: Gholdengo|spa|1
|move|p2a: Gholdengo|Make It Rain|p1a: Enamorus
|-supereffective|p1a: Enamorus
|-damage|p1a: Enamorus|29/100
|-unboost|p2a: Gholdengo|spa|1
|
|upkeep
|turn|19
|
|t:|1760779428
|switch|p2a: Iron Treads|Iron Treads|72/100 brn
|move|p1a: Enamorus|Mystical Fire|p2a: Iron Treads
|-supereffective|p2a: Iron Treads
|-damage|p2a: Iron Treads|22/100 brn
|-unboost|p2a: Iron Treads|spa|1
|
|-heal|p2a: Iron Treads|28/100 brn|[from] item: Leftovers
|-damage|p2a: Iron Treads|22/100 brn|[from] brn
|upkeep
|turn|20
|
|t:|1760779432
|move|p1a: Enamorus|Mystical Fire|p2a: Iron Treads
|-supereffective|p2a: Iron Treads
|-damage|p2a: Iron Treads|0 fnt
|faint|p2a: Iron Treads
|-end|p2a: Iron Treads|Quark Drive|[silent]
|
|upkeep
|
|t:|1760779435
|switch|p2a: Darkrai|Darkrai|43/100
|turn|21
|
|t:|1760779446
|switch|p2a: Ogerpon|Ogerpon-Wellspring, F|100/100
|move|p1a: Enamorus|Mystical Fire|p2a: Ogerpon
|-damage|p2a: Ogerpon|73/100
|-unboost|p2a: Ogerpon|spa|1
|
|upkeep
|turn|22
|
|t:|1760779453
|switch|p1a: Tornadus|Tornadus-Therian, M|54/100 frz
|move|p2a: Ogerpon|Ivy Cudgel|p1a: Tornadus|[anim] Ivy Cudgel Water
|-damage|p1a: Tornadus|0 fnt
|faint|p1a: Tornadus
|
|upkeep
|
|t:|1760779477
|switch|p1a: Enamorus|Enamorus, F|29/100
|turn|23
|
|t:|1760779481
|move|p1a: Enamorus|Moonblast|p2a: Ogerpon
|-damage|p2a: Ogerpon|16/100
|move|p2a: Ogerpon|Ivy Cudgel|p1a: Enamorus|[anim] Ivy Cudgel Water
|-damage|p1a: Enamorus|0 fnt
|faint|p1a: Enamorus
|
|upkeep
|
|t:|1760779485
|switch|p1a: Dragapult|Dragapult, F|74/100
|turn|24
|
|t:|1760779488
|move|p1a: Dragapult|Dragon Darts|p2a: Ogerpon
|-crit|p2a: Ogerpon
|-damage|p2a: Ogerpon|0 fnt
|faint|p2a: Ogerpon
|
|upkeep
|
|t:|1760779491
|switch|p2a: Gholdengo|Gholdengo|39/100
|turn|25
|
|t:|1760779495
|move|p1a: Dragapult|Hex|p2a: Gholdengo
|-supereffective|p2a: Gholdengo
|-damage|p2a: Gholdengo|0 fnt
|faint|p2a: Gholdengo
|
|upkeep
|
|t:|1760779497
|switch|p2a: Darkrai|Darkrai|43/100
|turn|26
|
|t:|1760779501
|move|p1a: Dragapult|Dragon Darts|p2a: Darkrai
|-damage|p2a: Darkrai|16/100
|-anim|p1a: Dragapult|Dragon Darts|p2a: Darkrai
|-damage|p2a: Darkrai|0 fnt
|faint|p2a: Darkrai
|
|upkeep
|
|t:|1760779503
|switch|p2a: Garchomp|Garchomp, M|24/100
|turn|27
|c|☆tscher|gg
|-message|cchang21 forfeited.
|
|win|tscher
|raw|tscher's rating: 1325 &rarr; <strong>1345</strong><br />(+20 for winning)
|raw|cchang21's rating: 1324 &rarr; <strong>1304</strong><br />(-20 for losing)
|l|☆cchang21
|player|p2|
|l|☆tscher
|player|p1|
|j| Kyurem
|l| Kyurem
|j| AlxiZ⏣⏑⏣
|l| AlxiZ⏣⏑⏣
|j| cryyysneasel
