|j|☆nonoth
|j|☆pcklee
|t:|1760720557
|gametype|singles
|player|p1|nonoth|2|1491
|player|p2|pcklee|170|1494
|gen|9
|tier|[Gen 9] OU
|rated|
|rule|HP Percentage Mod: HP is shown in percentages
|rule|Endless Battle Clause: Forcing endless battles is banned
|rule|Species Clause: Limit one of each Pokémon
|rule|OHKO Clause: OHKO moves are banned
|rule|Evasion Items Clause: Evasion items are banned
|rule|Evasion Moves Clause: Evasion moves are banned
|rule|Evasion Abilities Clause: Evasion abilities are banned
|rule|Sleep Moves Clause: Sleep-inducing moves are banned
|clearpoke
|poke|p1|Pelipper, F|
|poke|p1|Hatterene, F|
|poke|p1|Iron Treads|
|poke|p1|Toxicroak, F|
|poke|p1|Barraskewda, F|
|poke|p1|Zapdos|
|poke|p2|Gliscor, M|
|poke|p2|Dondozo, F|
|poke|p2|Alomomola, M|
|poke|p2|Blissey, F|
|poke|p2|Amoonguss, F|
|poke|p2|Zamazenta-*|
|teampreview
|inactive|Battle timer is ON: inactive players will automatically lose when time's up. (requested by pcklee)
|
|t:|1760720626
|teamsize|p1|6
|teamsize|p2|6
|start
|switch|p1a: Pelipper|Pelipper, F|100/100
|switch|p2a: Blissey|Blissey, F, shiny|100/100
|-weather|RainDance|[from] ability: Drizzle|[of] p1a: Pelipper
|turn|1
|
|t:|1760720641
|move|p2a: Blissey|Seismic Toss|p1a: Pelipper
|-damage|p1a: Pelipper|70/100
|move|p1a: Pelipper|Knock Off|p2a: Blissey
|-damage|p2a: Blissey|86/100
|-enditem|p2a: Blissey|Leftovers|[from] move: Knock Off|[of] p1a: Pelipper
|
|-weather|RainDance|[upkeep]
|upkeep
|turn|2
|
|t:|1760720653
|switch|p2a: Gliscor|Gliscor, M, shiny|100/100
|switch|p1a: Toxicroak|Toxicroak, F|100/100
|
|-weather|RainDance|[upkeep]
|-status|p2a: Gliscor|tox|[from] item: Toxic Orb
|upkeep
|turn|3
|inactive|pcklee has 120 seconds left.
|
|t:|1760720680
|switch|p1a: Hatterene|Hatterene, F|100/100
|move|p2a: Gliscor|Stealth Rock|p1a: Hatterene
|move|p1a: Hatterene|Stealth Rock|p2a: Gliscor|[from] ability: Magic Bounce
|-sidestart|p2: pcklee|move: Stealth Rock
|
|-weather|RainDance|[upkeep]
|upkeep
|turn|4
|
|t:|1760720690
|move|p2a: Gliscor|Knock Off|p1a: Hatterene
|-damage|p1a: Hatterene|82/100
|-enditem|p1a: Hatterene|Eject Button|[from] move: Knock Off|[of] p2a: Gliscor
|move|p1a: Hatterene|Psychic Noise|p2a: Gliscor
|-damage|p2a: Gliscor|58/100 tox
|-start|p2a: Gliscor|move: Heal Block
|
|-weather|RainDance|[upkeep]
|upkeep
|turn|5
|inactive|pcklee has 120 seconds left.
|
|t:|1760720708
|move|p2a: Gliscor|Protect|p2a: Gliscor
|-singleturn|p2a: Gliscor|Protect
|move|p1a: Hatterene|Draining Kiss|p2a: Gliscor
|-activate|p2a: Gliscor|move: Protect
|
|-weather|RainDance|[upkeep]
|-end|p2a: Gliscor|move: Heal Block
|upkeep
|turn|6
|
|t:|1760720717
|switch|p2a: Alomomola|Alomomola, M|100/100
|-damage|p2a: Alomomola|88/100|[from] Stealth Rock
|move|p1a: Hatterene|Psychic Noise|p2a: Alomomola
|-damage|p2a: Alomomola|61/100
|-start|p2a: Alomomola|move: Heal Block
|
|-weather|RainDance|[upkeep]
|upkeep
|turn|7
|
|t:|1760720726
|switch|p1a: Toxicroak|Toxicroak, F|100/100
|switch|p2a: Blissey|Blissey, F, shiny|86/100
|-damage|p2a: Blissey|74/100|[from] Stealth Rock
|
|-weather|RainDance|[upkeep]
|upkeep
|turn|8
|
|t:|1760720734
|switch|p2a: Gliscor|Gliscor, M, shiny|58/100 tox
|-damage|p2a: Gliscor|45/100 tox|[from] Stealth Rock
|move|p1a: Toxicroak|Drain Punch|p2a: Gliscor
|-resisted|p2a: Gliscor
|-damage|p2a: Gliscor|37/100 tox
|
|-weather|none
|-heal|p2a: Gliscor|50/100 tox|[from] ability: Poison Heal
|upkeep
|turn|9
|
|t:|1760720744
|switch|p1a: Hatterene|Hatterene, F|82/100
|move|p2a: Gliscor|Protect||[still]
|-fail|p2a: Gliscor
|
|-heal|p2a: Gliscor|62/100 tox|[from] ability: Poison Heal
|upkeep
|turn|10
|
|t:|1760720755
|move|p2a: Gliscor|Protect|p2a: Gliscor
|-singleturn|p2a: Gliscor|Protect
|move|p1a: Hatterene|Psychic Noise|p2a: Gliscor
|-activate|p2a: Gliscor|move: Protect
|
|-heal|p2a: Gliscor|75/100 tox|[from] ability: Poison Heal
|upkeep
|turn|11
|
|t:|1760720763
|switch|p2a: Alomomola|Alomomola, M|95/100
|-damage|p2a: Alomomola|82/100|[from] Stealth Rock
|move|p1a: Hatterene|Psychic Noise|p2a: Alomomola
|-damage|p2a: Alomomola|53/100
|-start|p2a: Alomomola|move: Heal Block
|
|upkeep
|turn|12
|
|t:|1760720771
|switch|p2a: Blissey|Blissey, F, shiny|74/100
|-damage|p2a: Blissey|62/100|[from] Stealth Rock
|move|p1a: Hatterene|Draining Kiss|p2a: Blissey
|-damage|p2a: Blissey|55/100
|-heal|p1a: Hatterene|93/100|[from] drain|[of] p2a: Blissey
|
|upkeep
|turn|13
|
|t:|1760720784
|switch|p1a: Pelipper|Pelipper, F|70/100
|-weather|RainDance|[from] ability: Drizzle|[of] p1a: Pelipper
|move|p2a: Blissey|Soft-Boiled|p2a: Blissey
|-heal|p2a: Blissey|100/100
|
|-weather|RainDance|[upkeep]
|upkeep
|turn|14
|
|t:|1760720799
|move|p2a: Blissey|Seismic Toss|p1a: Pelipper
|-damage|p1a: Pelipper|39/100
|move|p1a: Pelipper|Roost|p1a: Pelipper
|-heal|p1a: Pelipper|89/100
|-singleturn|p1a: Pelipper|move: Roost
|
|-weather|RainDance|[upkeep]
|upkeep
|turn|15
|
|t:|1760720809
|switch|p2a: Gliscor|Gliscor, M, shiny|75/100 tox
|-damage|p2a: Gliscor|62/100 tox|[from] Stealth Rock
|move|p1a: Pelipper|U-turn|p2a: Gliscor
|-resisted|p2a: Gliscor
|-damage|p2a: Gliscor|60/100 tox
|
|t:|1760720821
|switch|p1a: Zapdos|Zapdos|100/100|[from] U-turn
|
|-weather|RainDance|[upkeep]
|-heal|p2a: Gliscor|72/100 tox|[from] ability: Poison Heal
|upkeep
|turn|16
|
|t:|1760720830
|move|p1a: Zapdos|Hurricane|p2a: Gliscor
|-damage|p2a: Gliscor|0 fnt
|faint|p2a: Gliscor
|
|-weather|RainDance|[upkeep]
|upkeep
|
|t:|1760720837
|switch|p2a: Blissey|Blissey, F, shiny|100/100
|-damage|p2a: Blissey|88/100|[from] Stealth Rock
|turn|17
|
|t:|1760720842
|switch|p1a: Toxicroak|Toxicroak, F|100/100
|move|p2a: Blissey|Seismic Toss|p1a: Toxicroak
|-damage|p1a: Toxicroak|73/100
|-damage|p2a: Blissey|72/100|[from] item: Rocky Helmet|[of] p1a: Toxicroak
|
|-weather|RainDance|[upkeep]
|-heal|p1a: Toxicroak|86/100|[from] ability: Dry Skin
|upkeep
|turn|18
|-message|pcklee forfeited.
|
|win|nonoth
|raw|nonoth's rating: 1491 &rarr; <strong>1511</strong><br />(+20 for winning)
|raw|pcklee's rating: 1494 &rarr; <strong>1474</strong><br />(-20 for losing)
|l|☆pcklee
|player|p2|
|l|☆nonoth
|player|p1|
