|badge|p2|bronze|gen9ou|100-7
|uhtml|medal-msg|<div class="broadcast-blue">Curious what those medals under the avatar are? PS now has Ladder Seasons! For more information, check out the <a href="https://www.smogon.com/forums/threads/3740067/">thread on Smogon.</a></div>
|j|☆healorant
|j|☆Sanesa8724
|t:|1760869306
|gametype|singles
|player|p1|healorant|alder|1733
|player|p2|Sanesa8724|265|1846
|gen|9
|tier|[Gen 9] OU
|rated|
|rule|HP Percentage Mod: HP is shown in percentages
|rule|Endless Battle Clause: Forcing endless battles is banned
|rule|Species Clause: Limit one of each Pokémon
|rule|OHKO Clause: OHKO moves are banned
|rule|Evasion Items Clause: Evasion items are banned
|rule|Evasion Moves Clause: Evasion moves are banned
|rule|Evasion Abilities Clause: Evasion abilities are banned
|rule|Sleep Moves Clause: Sleep-inducing moves are banned
|clearpoke
|poke|p1|Ursaluna, F|
|poke|p1|Rillaboom, F|
|poke|p1|Zamazenta-*|
|poke|p1|Raging Bolt|
|poke|p1|Weezing-Galar, M|
|poke|p1|Garganacl, M|
|poke|p2|Rillaboom, M|
|poke|p2|Zamazenta-*|
|poke|p2|Ogerpon, F|
|poke|p2|Moltres|
|poke|p2|Iron Treads|
|poke|p2|Gholdengo|
|teampreview
|j| StarChewer
|inactive|Battle timer is ON: inactive players will automatically lose when time's up. (requested by healorant)
|
|t:|1760869330
|teamsize|p1|6
|teamsize|p2|6
|start
|switch|p1a: Weezing|Weezing-Galar, M|100/100
|switch|p2a: Iron Treads|Iron Treads|100/100
|-ability|p1a: Weezing|Neutralizing Gas
|turn|1
|
|t:|1760869334
|-end|p2a: Iron Treads|Quark Drive|[silent]
|switch|p2a: Moltres|Moltres|100/100
|move|p1a: Weezing|Toxic Spikes|p2a: Moltres
|-sidestart|p2: Sanesa8724|move: Toxic Spikes
|
|upkeep
|turn|2
|j| Disscratch
|
|t:|1760869337
|move|p2a: Moltres|U-turn|p1a: Weezing
|-resisted|p1a: Weezing
|-damage|p1a: Weezing|98/100
|
|t:|1760869338
|switch|p2a: Iron Treads|Iron Treads|100/100|[from] U-turn
|move|p1a: Weezing|Sludge Bomb|p2a: Iron Treads
|-immune|p2a: Iron Treads
|
|upkeep
|turn|3
|
|t:|1760869343
|-end|p2a: Iron Treads|Quark Drive|[silent]
|switch|p2a: Moltres|Moltres|100/100
|-end|p1a: Weezing|ability: Neutralizing Gas
|switch|p1a: Rillaboom|Rillaboom, F|100/100
|-fieldstart|move: Grassy Terrain|[from] ability: Grassy Surge|[of] p1a: Rillaboom
|
|upkeep
|turn|4
|
|t:|1760869347
|switch|p1a: Garganacl|Garganacl, M|100/100
|move|p2a: Moltres|Flamethrower|p1a: Garganacl
|-resisted|p1a: Garganacl
|-damage|p1a: Garganacl|87/100
|
|-heal|p1a: Garganacl|93/100|[from] Grassy Terrain
|-heal|p1a: Garganacl|99/100|[from] item: Leftovers
|upkeep
|turn|5
|
|t:|1760869349
|move|p2a: Moltres|U-turn|p1a: Garganacl
|-damage|p1a: Garganacl|90/100
|
|t:|1760869351
|switch|p2a: Iron Treads|Iron Treads|100/100|[from] U-turn
|move|p1a: Garganacl|Salt Cure|p2a: Iron Treads
|-resisted|p2a: Iron Treads
|-damage|p2a: Iron Treads|98/100
|-start|p2a: Iron Treads|Salt Cure
|
|-heal|p2a: Iron Treads|100/100|[from] Grassy Terrain
|-heal|p1a: Garganacl|96/100|[from] Grassy Terrain
|-heal|p1a: Garganacl|100/100|[from] item: Leftovers
|-damage|p2a: Iron Treads|75/100|[from] Salt Cure
|upkeep
|turn|6
|
|t:|1760869355
|move|p2a: Iron Treads|Stealth Rock|p1a: Garganacl
|-sidestart|p1: healorant|move: Stealth Rock
|move|p1a: Garganacl|Stealth Rock|p2a: Iron Treads
|-sidestart|p2: Sanesa8724|move: Stealth Rock
|
|-heal|p2a: Iron Treads|82/100|[from] Grassy Terrain
|-heal|p2a: Iron Treads|88/100|[from] item: Leftovers
|-damage|p2a: Iron Treads|63/100|[from] Salt Cure
|upkeep
|turn|7
|
|t:|1760869361
|move|p1a: Garganacl|Protect|p1a: Garganacl
|-singleturn|p1a: Garganacl|Protect
|move|p2a: Iron Treads|Rapid Spin|p1a: Garganacl
|-activate|p1a: Garganacl|move: Protect
|
|-heal|p2a: Iron Treads|69/100|[from] Grassy Terrain
|-heal|p2a: Iron Treads|75/100|[from] item: Leftovers
|-damage|p2a: Iron Treads|50/100|[from] Salt Cure
|-fieldend|move: Grassy Terrain
|upkeep
|turn|8
|
|t:|1760869365
|move|p2a: Iron Treads|Rapid Spin|p1a: Garganacl
|-resisted|p1a: Garganacl
|-damage|p1a: Garganacl|97/100
|-boost|p2a: Iron Treads|spe|1
|-sideend|p2: Sanesa8724|Toxic Spikes|[from] move: Rapid Spin|[of] p2a: Iron Treads
|-sideend|p2: Sanesa8724|Stealth Rock|[from] move: Rapid Spin|[of] p2a: Iron Treads
|move|p1a: Garganacl|Stealth Rock|p2a: Iron Treads
|-sidestart|p2: Sanesa8724|move: Stealth Rock
|
|-heal|p2a: Iron Treads|57/100|[from] item: Leftovers
|-heal|p1a: Garganacl|100/100|[from] item: Leftovers
|-damage|p2a: Iron Treads|32/100|[from] Salt Cure
|upkeep
|turn|9
|
|t:|1760869369
|-end|p2a: Iron Treads|Quark Drive|[silent]
|switch|p2a: Rillaboom|Rillaboom, M|100/100
|-damage|p2a: Rillaboom|88/100|[from] Stealth Rock
|-fieldstart|move: Grassy Terrain|[from] ability: Grassy Surge|[of] p2a: Rillaboom
|move|p1a: Garganacl|Salt Cure|p2a: Rillaboom
|-damage|p2a: Rillaboom|74/100
|-start|p2a: Rillaboom|Salt Cure
|
|-heal|p2a: Rillaboom|80/100|[from] Grassy Terrain
|-damage|p2a: Rillaboom|68/100|[from] Salt Cure
|upkeep
|turn|10
|
|t:|1760869373
|move|p1a: Garganacl|Protect|p1a: Garganacl
|-singleturn|p1a: Garganacl|Protect
|move|p2a: Rillaboom|Grassy Glide|p1a: Garganacl
|-activate|p1a: Garganacl|move: Protect
|
|-heal|p2a: Rillaboom|74/100|[from] Grassy Terrain
|-damage|p2a: Rillaboom|61/100|[from] Salt Cure
|upkeep
|turn|11
|
|t:|1760869377
|switch|p1a: Weezing|Weezing-Galar, M|98/100
|-ability|p1a: Weezing|Neutralizing Gas
|move|p2a: Rillaboom|U-turn|p1a: Weezing
|-resisted|p1a: Weezing
|-damage|p1a: Weezing|94/100
|
|t:|1760869379
|switch|p2a: Iron Treads|Iron Treads|32/100|[from] U-turn
|-damage|p2a: Iron Treads|29/100|[from] Stealth Rock
|
|-heal|p2a: Iron Treads|35/100|[from] Grassy Terrain
|-heal|p2a: Iron Treads|41/100|[from] item: Leftovers
|-heal|p1a: Weezing|99/100|[from] Grassy Terrain
|upkeep
|turn|12
|
|t:|1760869383
|-end|p1a: Weezing|ability: Neutralizing Gas
|switch|p1a: Garganacl|Garganacl, M|100/100
|-damage|p1a: Garganacl|88/100|[from] Stealth Rock
|move|p2a: Iron Treads|Knock Off|p1a: Garganacl
|-damage|p1a: Garganacl|73/100
|-enditem|p1a: Garganacl|Leftovers|[from] move: Knock Off|[of] p2a: Iron Treads
|
|-heal|p2a: Iron Treads|47/100|[from] Grassy Terrain
|-heal|p2a: Iron Treads|54/100|[from] item: Leftovers
|-heal|p1a: Garganacl|79/100|[from] Grassy Terrain
|upkeep
|turn|13
|
|t:|1760869390
|move|p2a: Iron Treads|High Horsepower|p1a: Garganacl
|-supereffective|p1a: Garganacl
|-damage|p1a: Garganacl|30/100
|move|p1a: Garganacl|Salt Cure|p2a: Iron Treads
|-resisted|p2a: Iron Treads
|-damage|p2a: Iron Treads|51/100
|-start|p2a: Iron Treads|Salt Cure
|
|-heal|p2a: Iron Treads|57/100|[from] Grassy Terrain
|-heal|p2a: Iron Treads|64/100|[from] item: Leftovers
|-heal|p1a: Garganacl|36/100|[from] Grassy Terrain
|-damage|p2a: Iron Treads|39/100|[from] Salt Cure
|upkeep
|turn|14
|
|t:|1760869394
|move|p2a: Iron Treads|High Horsepower|p1a: Garganacl
|-supereffective|p1a: Garganacl
|-crit|p1a: Garganacl
|-damage|p1a: Garganacl|0 fnt
|faint|p1a: Garganacl
|
|-heal|p2a: Iron Treads|45/100|[from] Grassy Terrain
|-heal|p2a: Iron Treads|51/100|[from] item: Leftovers
|-damage|p2a: Iron Treads|26/100|[from] Salt Cure
|upkeep
|
|t:|1760869401
|switch|p1a: Rillaboom|Rillaboom, F|100/100
|-damage|p1a: Rillaboom|88/100|[from] Stealth Rock
|turn|15
|
|t:|1760869410
|-end|p2a: Iron Treads|Quark Drive|[silent]
|switch|p2a: Moltres|Moltres|100/100
|move|p1a: Rillaboom|Grassy Glide|p2a: Moltres
|-resisted|p2a: Moltres
|-damage|p2a: Moltres|91/100
|
|-heal|p1a: Rillaboom|94/100|[from] Grassy Terrain
|-heal|p1a: Rillaboom|99/100|[from] item: Leftovers
|upkeep
|turn|16
|
|t:|1760869413
|move|p1a: Rillaboom|Knock Off|p2a: Moltres
|-damage|p2a: Moltres|58/100
|-enditem|p2a: Moltres|Heavy-Duty Boots|[from] move: Knock Off|[of] p1a: Rillaboom
|move|p2a: Moltres|Flamethrower|p1a: Rillaboom
|-supereffective|p1a: Rillaboom
|-damage|p1a: Rillaboom|5/100
|
|-heal|p1a: Rillaboom|11/100|[from] Grassy Terrain
|-heal|p1a: Rillaboom|17/100|[from] item: Leftovers
|-fieldend|move: Grassy Terrain
|upkeep
|turn|17
|
|t:|1760869422
|switch|p1a: Raging Bolt|Raging Bolt|100/100
|-damage|p1a: Raging Bolt|88/100|[from] Stealth Rock
|move|p2a: Moltres|U-turn|p1a: Raging Bolt
|-damage|p1a: Raging Bolt|75/100
|
|t:|1760869425
|switch|p2a: Iron Treads|Iron Treads|26/100|[from] U-turn
|-damage|p2a: Iron Treads|23/100|[from] Stealth Rock
|
|-heal|p2a: Iron Treads|29/100|[from] item: Leftovers
|upkeep
|turn|18
|
|t:|1760869427
|move|p2a: Iron Treads|Rapid Spin|p1a: Raging Bolt
|-damage|p1a: Raging Bolt|64/100
|-boost|p2a: Iron Treads|spe|1
|-sideend|p2: Sanesa8724|Stealth Rock|[from] move: Rapid Spin|[of] p2a: Iron Treads
|move|p1a: Raging Bolt|Draco Meteor|p2a: Iron Treads
|-resisted|p2a: Iron Treads
|-damage|p2a: Iron Treads|0 fnt
|-unboost|p1a: Raging Bolt|spa|2
|faint|p2a: Iron Treads
|-end|p2a: Iron Treads|Quark Drive|[silent]
|
|upkeep
|
|t:|1760869440
|switch|p2a: Gholdengo|Gholdengo|100/100
|turn|19
|
|t:|1760869447
|-end|p1a: Raging Bolt|Protosynthesis|[silent]
|switch|p1a: Ursaluna|Ursaluna, F|100/100
|-damage|p1a: Ursaluna|94/100|[from] Stealth Rock
|move|p2a: Gholdengo|Nasty Plot|p2a: Gholdengo
|-boost|p2a: Gholdengo|spa|2
|
|upkeep
|turn|20
|
|t:|1760869450
|move|p2a: Gholdengo|Make It Rain|p1a: Ursaluna
|-damage|p1a: Ursaluna|18/100
|-unboost|p2a: Gholdengo|spa|1
|move|p1a: Ursaluna|Headlong Rush|p2a: Gholdengo
|-supereffective|p2a: Gholdengo
|-damage|p2a: Gholdengo|0 fnt
|-unboost|p1a: Ursaluna|def|1
|-unboost|p1a: Ursaluna|spd|1
|faint|p2a: Gholdengo
|
|upkeep
|
|t:|1760869454
|switch|p2a: Rillaboom|Rillaboom, M|61/100
|-fieldstart|move: Grassy Terrain|[from] ability: Grassy Surge|[of] p2a: Rillaboom
|turn|21
|
|t:|1760869465
|switch|p1a: Rillaboom|Rillaboom, F|17/100
|-damage|p1a: Rillaboom|5/100|[from] Stealth Rock
|move|p2a: Rillaboom|U-turn|p1a: Rillaboom
|-supereffective|p1a: Rillaboom
|-damage|p1a: Rillaboom|0 fnt
|faint|p1a: Rillaboom
|j| Wowbigsmall
|
|t:|1760869473
|switch|p2a: Ogerpon|Ogerpon, F|100/100|[from] U-turn
|
|upkeep
|
|t:|1760869479
|switch|p1a: Weezing|Weezing-Galar, M|99/100
|-ability|p1a: Weezing|Neutralizing Gas
|turn|22
|
|t:|1760869487
|switch|p2a: Zamazenta|Zamazenta|100/100
|move|p1a: Weezing|Sludge Bomb|p2a: Zamazenta
|-damage|p2a: Zamazenta|78/100
|
|-heal|p2a: Zamazenta|84/100|[from] Grassy Terrain
|-heal|p2a: Zamazenta|90/100|[from] item: Leftovers
|-heal|p1a: Weezing|100/100|[from] Grassy Terrain
|upkeep
|turn|23
|
|t:|1760869491
|-terastallize|p2a: Zamazenta|Steel
|move|p2a: Zamazenta|Substitute|p2a: Zamazenta
|-start|p2a: Zamazenta|Substitute
|-damage|p2a: Zamazenta|65/100
|move|p1a: Weezing|Sludge Bomb|p2a: Zamazenta
|-immune|p2a: Zamazenta
|
|-heal|p2a: Zamazenta|71/100|[from] Grassy Terrain
|-heal|p2a: Zamazenta|77/100|[from] item: Leftovers
|upkeep
|turn|24
|-message|healorant forfeited.
|
|win|Sanesa8724
|raw|healorant's rating: 1733 &rarr; <strong>1719</strong><br />(-14 for losing)
|raw|Sanesa8724's rating: 1846 &rarr; <strong>1860</strong><br />(+14 for winning)
|l|☆healorant
|player|p1|
|c|☆Sanesa8724|Gg
|l|☆Sanesa8724
|player|p2|
|l| Disscratch
|l| Wowbigsmall
