|j|☆SkibidiSigmaMenace
|j|☆panzershock
|t:|1760884294
|gametype|singles
|player|p1|SkibidiSigmaMenace|fisherman-gen4|1070
|player|p2|panzershock|265|1117
|gen|9
|tier|[Gen 9] OU
|rated|
|rule|HP Percentage Mod: HP is shown in percentages
|rule|Endless Battle Clause: Forcing endless battles is banned
|rule|Species Clause: Limit one of each Pokémon
|rule|OHKO Clause: OHKO moves are banned
|rule|Evasion Items Clause: Evasion items are banned
|rule|Evasion Moves Clause: Evasion moves are banned
|rule|Evasion Abilities Clause: Evasion abilities are banned
|rule|Sleep Moves Clause: Sleep-inducing moves are banned
|clearpoke
|poke|p1|Pelipper, F|
|poke|p1|Hatterene, F|
|poke|p1|Barraskewda, M|
|poke|p1|Ogerpon-Wellspring, F|
|poke|p1|Zapdos|
|poke|p1|Beartic, F|
|poke|p2|Breloom, F|
|poke|p2|Avalugg-Hisui, M|
|poke|p2|Ursaluna, M|
|poke|p2|Ariados, M|
|poke|p2|Porygon-Z|
|poke|p2|Murkrow, F|
|teampreview
|inactive|Battle timer is ON: inactive players will automatically lose when time's up. (requested by SkibidiSigmaMenace)
|
|t:|1760884305
|teamsize|p1|6
|teamsize|p2|6
|start
|switch|p1a: Pelipper|Pelipper, F|100/100
|switch|p2a: Avalugg|Avalugg-Hisui, M|100/100
|-weather|RainDance|[from] ability: Drizzle|[of] p1a: Pelipper
|turn|1
|
|t:|1760884310
|move|p2a: Avalugg|Rock Blast|p1a: Pelipper
|-supereffective|p1a: Pelipper
|-damage|p1a: Pelipper|80/100
|-supereffective|p1a: Pelipper
|-damage|p1a: Pelipper|60/100
|-supereffective|p1a: Pelipper
|-damage|p1a: Pelipper|39/100
|-supereffective|p1a: Pelipper
|-damage|p1a: Pelipper|18/100
|-hitcount|p1a: Pelipper|4
|move|p1a: Pelipper|Weather Ball|p2a: Avalugg
|-supereffective|p2a: Avalugg
|-ability|p2a: Avalugg|Sturdy
|-damage|p2a: Avalugg|1/100
|
|-weather|RainDance|[upkeep]
|upkeep
|turn|2
|
|t:|1760884328
|switch|p1a: Hatterene|Hatterene, F|100/100
|move|p2a: Avalugg|Icicle Spear|p1a: Hatterene
|-damage|p1a: Hatterene|86/100
|-damage|p1a: Hatterene|71/100
|-damage|p1a: Hatterene|57/100
|-damage|p1a: Hatterene|44/100
|-damage|p1a: Hatterene|30/100
|-hitcount|p1a: Hatterene|5
|-enditem|p1a: Hatterene|Eject Button
|
|t:|1760884341
|switch|p1a: Barraskewda|Barraskewda, M|100/100
|
|-weather|RainDance|[upkeep]
|upkeep
|turn|3
|
|t:|1760884347
|move|p1a: Barraskewda|Aqua Jet|p2a: Avalugg
|-supereffective|p2a: Avalugg
|-damage|p2a: Avalugg|0 fnt
|faint|p2a: Avalugg
|
|-weather|RainDance|[upkeep]
|upkeep
|
|t:|1760884354
|switch|p2a: Ariados|Ariados, M|100/100
|turn|4
|
|t:|1760884358
|move|p1a: Barraskewda|Liquidation|p2a: Ariados
|-damage|p2a: Ariados|0 fnt
|faint|p2a: Ariados
|
|-weather|RainDance|[upkeep]
|upkeep
|
|t:|1760884362
|switch|p2a: Murkrow|Murkrow, F|100/100
|turn|5
|
|t:|1760884367
|-terastallize|p1a: Barraskewda|Water
|move|p1a: Barraskewda|Aqua Jet|p2a: Murkrow
|-enditem|p2a: Murkrow|Focus Sash
|-damage|p2a: Murkrow|1/100
|move|p2a: Murkrow|Thunder Wave|p1a: Barraskewda
|-status|p1a: Barraskewda|par
|
|-weather|RainDance|[upkeep]
|upkeep
|turn|6
|
|t:|1760884377
|move|p1a: Barraskewda|Aqua Jet|p2a: Murkrow
|-damage|p2a: Murkrow|0 fnt
|faint|p2a: Murkrow
|
|-weather|RainDance|[upkeep]
|upkeep
|
|t:|1760884380
|switch|p2a: Breloom|Breloom, F|100/100
|turn|7
|
|t:|1760884384
|move|p1a: Barraskewda|Aqua Jet|p2a: Breloom
|-resisted|p2a: Breloom
|-damage|p2a: Breloom|58/100
|move|p2a: Breloom|Bullet Seed|p1a: Barraskewda
|-supereffective|p1a: Barraskewda
|-damage|p1a: Barraskewda|0 fnt
|faint|p1a: Barraskewda
|-hitcount|p1: Barraskewda|1
|-damage|p2a: Breloom|48/100|[from] item: Life Orb
|
|-weather|RainDance|[upkeep]
|upkeep
|
|t:|1760884394
|switch|p1a: Beartic|Beartic, F|100/100
|turn|8
|
|t:|1760884398
|move|p2a: Breloom|Mach Punch|p1a: Beartic
|-supereffective|p1a: Beartic
|-damage|p1a: Beartic|0 fnt
|faint|p1a: Beartic
|-damage|p2a: Breloom|38/100|[from] item: Life Orb
|
|-weather|none
|upkeep
|inactive|SkibidiSigmaMenace has 120 seconds left.
|inactive|SkibidiSigmaMenace has 90 seconds left.
|
|t:|1760884479
|switch|p1a: Pelipper|Pelipper, F|18/100
|-weather|RainDance|[from] ability: Drizzle|[of] p1a: Pelipper
|turn|9
|
|t:|1760884501
|move|p2a: Breloom|Rock Tomb|p1a: Pelipper
|-supereffective|p1a: Pelipper
|-damage|p1a: Pelipper|0 fnt
|faint|p1a: Pelipper
|-damage|p2a: Breloom|28/100|[from] item: Life Orb
|
|-weather|RainDance|[upkeep]
|upkeep
|
|t:|1760884510
|switch|p1a: Ogerpon|Ogerpon-Wellspring, F|100/100
|turn|10
|
|t:|1760884520
|move|p2a: Breloom|Mach Punch|p1a: Ogerpon
|-damage|p1a: Ogerpon|38/100
|-damage|p2a: Breloom|18/100|[from] item: Life Orb
|move|p1a: Ogerpon|Play Rough|p2a: Breloom
|-supereffective|p2a: Breloom
|-damage|p2a: Breloom|0 fnt
|faint|p2a: Breloom
|
|-weather|RainDance|[upkeep]
|upkeep
|
|t:|1760884529
|switch|p2a: Porygon-Z|Porygon-Z|100/100
|-ability|p2a: Porygon-Z|Download|boost
|-boost|p2a: Porygon-Z|atk|1
|turn|11
|
|t:|1760884539
|-terastallize|p2a: Porygon-Z|Water
|move|p1a: Ogerpon|Ivy Cudgel|p2a: Porygon-Z|[anim] Ivy Cudgel Water
|-resisted|p2a: Porygon-Z
|-damage|p2a: Porygon-Z|28/100
|move|p2a: Porygon-Z|Zen Headbutt|p1a: Ogerpon
|-damage|p1a: Ogerpon|0 fnt
|faint|p1a: Ogerpon
|
|-weather|RainDance|[upkeep]
|upkeep
|
|t:|1760884545
|switch|p1a: Zapdos|Zapdos|100/100
|turn|12
|
|t:|1760884553
|switch|p2a: Ursaluna|Ursaluna, M|100/100
|move|p1a: Zapdos|Hurricane|p2a: Ursaluna
|-damage|p2a: Ursaluna|63/100
|
|-weather|RainDance|[upkeep]
|upkeep
|turn|13
|
|t:|1760884562
|move|p1a: Zapdos|Weather Ball|p2a: Ursaluna
|-supereffective|p2a: Ursaluna
|-damage|p2a: Ursaluna|0 fnt
|faint|p2a: Ursaluna
|
|-weather|RainDance|[upkeep]
|upkeep
|-message|panzershock forfeited.
|
|win|SkibidiSigmaMenace
|raw|SkibidiSigmaMenace's rating: 1070 &rarr; <strong>1103</strong><br />(+33 for winning)
|raw|panzershock's rating: 1117 &rarr; <strong>1089</strong><br />(-28 for losing)
|l|☆panzershock
|player|p2|
