|j|☆Petey2210
|j|☆ReishiramX
|t:|1760762868
|gametype|singles
|player|p1|Petey2210|102|1067
|player|p2|ReishiramX|morty|1109
|gen|9
|tier|[Gen 9] OU
|rated|
|rule|HP Percentage Mod: HP is shown in percentages
|rule|Endless Battle Clause: Forcing endless battles is banned
|rule|Species Clause: Limit one of each Pokémon
|rule|OHKO Clause: OHKO moves are banned
|rule|Evasion Items Clause: Evasion items are banned
|rule|Evasion Moves Clause: Evasion moves are banned
|rule|Evasion Abilities Clause: Evasion abilities are banned
|rule|Sleep Moves Clause: Sleep-inducing moves are banned
|clearpoke
|poke|p1|Ceruledge, M|
|poke|p1|Venusaur, F|
|poke|p1|Ninetales, F|
|poke|p1|Walking Wake|
|poke|p1|Landorus-Therian, M|
|poke|p1|Slowking-Galar, M|
|poke|p2|Trevenant, M|
|poke|p2|Heatran, M|
|poke|p2|Hitmontop, M|
|poke|p2|Toxapex, M|
|poke|p2|Gliscor, M|
|poke|p2|Whimsicott, M|
|teampreview
|inactive|Battle timer is ON: inactive players will automatically lose when time's up. (requested by Petey2210)
|inactive|ReishiramX has 120 seconds left.
|inactive|ReishiramX has 90 seconds left.
|inactive|ReishiramX has 60 seconds left.
|inactive|ReishiramX has 30 seconds left.
|inactive|ReishiramX has 20 seconds left.
|inactive|ReishiramX has 15 seconds left.
|
|t:|1760763007
|teamsize|p1|6
|teamsize|p2|6
|start
|switch|p1a: Landorus|Landorus-Therian, M|100/100
|switch|p2a: Trevenant|Trevenant, M|100/100
|-ability|p1a: Landorus|Intimidate|boost
|-unboost|p2a: Trevenant|atk|1
|turn|1
|
|t:|1760763022
|move|p1a: Landorus|Taunt|p2a: Trevenant
|-start|p2a: Trevenant|move: Taunt
|cant|p2a: Trevenant|move: Taunt|Will-O-Wisp
|
|upkeep
|turn|2
|
|t:|1760763033
|switch|p2a: Heatran|Heatran, M|100/100
|move|p1a: Landorus|Stealth Rock|p2a: Heatran
|-sidestart|p2: ReishiramX|move: Stealth Rock
|
|upkeep
|turn|3
|
|t:|1760763039
|move|p1a: Landorus|Earthquake|p2a: Heatran
|-supereffective|p2a: Heatran
|-damage|p2a: Heatran|0 fnt
|faint|p2a: Heatran
|
|upkeep
|
|t:|1760763044
|switch|p2a: Toxapex|Toxapex, M|100/100
|-damage|p2a: Toxapex|88/100|[from] Stealth Rock
|turn|4
|
|t:|1760763049
|move|p2a: Toxapex|Baneful Bunker|p2a: Toxapex
|-singleturn|p2a: Toxapex|move: Protect
|move|p1a: Landorus|Earthquake|p2a: Toxapex
|-activate|p2a: Toxapex|move: Protect
|
|-heal|p2a: Toxapex|94/100|[from] item: Black Sludge
|upkeep
|turn|5
|
|t:|1760763057
|switch|p2a: Gliscor|Gliscor, M|100/100
|-damage|p2a: Gliscor|88/100|[from] Stealth Rock
|move|p1a: Landorus|Earthquake|p2a: Gliscor
|-immune|p2a: Gliscor
|
|-status|p2a: Gliscor|tox|[from] item: Toxic Orb
|upkeep
|turn|6
|
|t:|1760763064
|move|p2a: Gliscor|Toxic|p1a: Landorus
|-status|p1a: Landorus|tox
|move|p1a: Landorus|Taunt|p2a: Gliscor
|-start|p2a: Gliscor|move: Taunt
|
|-heal|p2a: Gliscor|100/100 tox|[from] ability: Poison Heal
|-damage|p1a: Landorus|94/100 tox|[from] psn
|upkeep
|turn|7
|inactive|ReishiramX has 120 seconds left.
|
|t:|1760763072
|move|p2a: Gliscor|Earthquake|p1a: Landorus
|-immune|p1a: Landorus
|move|p1a: Landorus|U-turn|p2a: Gliscor
|-resisted|p2a: Gliscor
|-damage|p2a: Gliscor|93/100 tox
|
|t:|1760763084
|switch|p1a: Ninetales|Ninetales, F|100/100|[from] U-turn
|-weather|SunnyDay|[from] ability: Drought|[of] p1a: Ninetales
|
|-weather|SunnyDay|[upkeep]
|-heal|p2a: Gliscor|100/100 tox|[from] ability: Poison Heal
|upkeep
|turn|8
|
|t:|1760763092
|switch|p1a: Landorus|Landorus-Therian, M|94/100 tox
|-ability|p1a: Landorus|Intimidate|boost
|-unboost|p2a: Gliscor|atk|1
|move|p2a: Gliscor|Earthquake|p1a: Landorus
|-immune|p1a: Landorus
|
|-weather|SunnyDay|[upkeep]
|-damage|p1a: Landorus|88/100 tox|[from] psn
|upkeep
|turn|9
|
|t:|1760763105
|move|p2a: Gliscor|Earthquake|p1a: Landorus
|-immune|p1a: Landorus
|move|p1a: Landorus|U-turn|p2a: Gliscor
|-resisted|p2a: Gliscor
|-damage|p2a: Gliscor|93/100 tox
|
|t:|1760763109
|switch|p1a: Walking Wake|Walking Wake|100/100|[from] U-turn
|-activate|p1a: Walking Wake|ability: Protosynthesis
|-start|p1a: Walking Wake|protosynthesisspe
|
|-weather|SunnyDay|[upkeep]
|-heal|p2a: Gliscor|100/100 tox|[from] ability: Poison Heal
|-end|p2a: Gliscor|move: Taunt
|upkeep
|turn|10
|
|t:|1760763118
|move|p2a: Gliscor|Protect|p2a: Gliscor
|-singleturn|p2a: Gliscor|Protect
|move|p1a: Walking Wake|Hydro Steam|p2a: Gliscor
|-activate|p2a: Gliscor|move: Protect
|
|-weather|SunnyDay|[upkeep]
|upkeep
|turn|11
|
|t:|1760763126
|switch|p2a: Toxapex|Toxapex, M|100/100
|-damage|p2a: Toxapex|88/100|[from] Stealth Rock
|move|p1a: Walking Wake|Hydro Steam|p2a: Toxapex
|-resisted|p2a: Toxapex
|-damage|p2a: Toxapex|55/100
|-damage|p1a: Walking Wake|91/100|[from] item: Life Orb
|
|-weather|SunnyDay|[upkeep]
|-heal|p2a: Toxapex|61/100|[from] item: Black Sludge
|upkeep
|turn|12
|
|t:|1760763136
|move|p1a: Walking Wake|Draco Meteor|p2a: Toxapex
|-damage|p2a: Toxapex|0 fnt
|-unboost|p1a: Walking Wake|spa|2
|faint|p2a: Toxapex
|-damage|p1a: Walking Wake|81/100|[from] item: Life Orb
|
|-weather|SunnyDay|[upkeep]
|upkeep
|-message|ReishiramX forfeited.
|
|win|Petey2210
|raw|Petey2210's rating: 1067 &rarr; <strong>1101</strong><br />(+34 for winning)
|raw|ReishiramX's rating: 1109 &rarr; <strong>1081</strong><br />(-28 for losing)
|l|☆ReishiramX
|player|p2|
|l|☆Petey2210
|player|p1|
