|j|☆miataylor612
|j|☆kshuaib734
|t:|1760718970
|gametype|singles
|player|p1|miataylor612|lady-gen4|1626
|player|p2|kshuaib734|steven|1768
|gen|9
|tier|[Gen 9] OU
|rated|
|rule|HP Percentage Mod: HP is shown in percentages
|rule|Endless Battle Clause: Forcing endless battles is banned
|rule|Species Clause: Limit one of each Pokémon
|rule|OHKO Clause: OHKO moves are banned
|rule|Evasion Items Clause: Evasion items are banned
|rule|Evasion Moves Clause: Evasion moves are banned
|rule|Evasion Abilities Clause: Evasion abilities are banned
|rule|Sleep Moves Clause: Sleep-inducing moves are banned
|clearpoke
|poke|p1|Hoopa-Unbound|
|poke|p1|Slowking-Galar, M|
|poke|p1|Enamorus, F|
|poke|p1|Garchomp, M|
|poke|p1|Alomomola, F|
|poke|p1|Cinderace, F|
|poke|p2|Tyranitar, F|
|poke|p2|Overqwil, M|
|poke|p2|Pelipper, F|
|poke|p2|Quaquaval, M|
|poke|p2|Kingdra, F|
|poke|p2|Excadrill, M|
|teampreview
|inactive|Battle timer is ON: inactive players will automatically lose when time's up. (requested by kshuaib734)
|inactive|miataylor612 also wants the timer to be on.
|
|t:|1760718987
|teamsize|p1|6
|teamsize|p2|6
|start
|switch|p1a: Cinderace|Cinderace, F|100/100
|switch|p2a: King Tyrant|Tyranitar, F|100/100
|-weather|Sandstorm|[from] ability: Sand Stream|[of] p2a: King Tyrant
|turn|1
|l|☆miataylor612
|inactive|miataylor612 disconnected and has a minute to reconnect!
|player|p1|
|j|☆miataylor612
|inactive|miataylor612 reconnected and has 125 seconds left.
|player|p1|miataylor612|lady-gen4|
|inactive|miataylor612 has 120 seconds left.
|
|t:|1760719019
|switch|p2a: Tyrant's Downpour|Pelipper, F|100/100
|-weather|RainDance|[from] ability: Drizzle|[of] p2a: Tyrant's Downpour
|move|p1a: Cinderace|U-turn|p2a: Tyrant's Downpour
|-start|p1a: Cinderace|typechange|Bug|[from] ability: Libero
|-resisted|p2a: Tyrant's Downpour
|-damage|p2a: Tyrant's Downpour|88/100
|inactive|miataylor612 has 120 seconds left.
|
|t:|1760719027
|switch|p1a: Slowking|Slowking-Galar, M|100/100|[from] U-turn
|
|-weather|RainDance|[upkeep]
|upkeep
|turn|2
|
|t:|1760719033
|move|p2a: Tyrant's Downpour|Knock Off|p1a: Slowking
|-supereffective|p1a: Slowking
|-damage|p1a: Slowking|73/100
|-enditem|p1a: Slowking|Heavy-Duty Boots|[from] move: Knock Off|[of] p2a: Tyrant's Downpour
|-prepare|p1a: Slowking|Chilly Reception|[premajor]
|move|p1a: Slowking|Chilly Reception|p1a: Slowking
|-weather|Snowscape
|
|t:|1760719038
|switch|p1a: Hoopa|Hoopa-Unbound|100/100|[from] Chilly Reception
|
|-weather|Snowscape|[upkeep]
|upkeep
|turn|3
|
|t:|1760719044
|switch|p2a: Tyrant's Enforcer|Overqwil, M|100/100
|move|p1a: Hoopa|Drain Punch|p2a: Tyrant's Enforcer
|-damage|p2a: Tyrant's Enforcer|75/100
|-damage|p1a: Hoopa|84/100|[from] item: Rocky Helmet|[of] p2a: Tyrant's Enforcer
|
|-weather|Snowscape|[upkeep]
|upkeep
|turn|4
|
|t:|1760719053
|switch|p1a: Garchomp|Garchomp, M|100/100
|move|p2a: Tyrant's Enforcer|Spikes|p1a: Garchomp
|-sidestart|p1: miataylor612|Spikes
|
|-weather|Snowscape|[upkeep]
|upkeep
|turn|5
|
|t:|1760719059
|switch|p2a: King Tyrant|Tyranitar, F|100/100
|-weather|Sandstorm|[from] ability: Sand Stream|[of] p2a: King Tyrant
|move|p1a: Garchomp|Stealth Rock|p2a: King Tyrant
|-sidestart|p2: kshuaib734|move: Stealth Rock
|
|-weather|Sandstorm|[upkeep]
|upkeep
|turn|6
|
|t:|1760719066
|switch|p1a: Alomomola|Alomomola, F|100/100
|move|p2a: King Tyrant|Ice Beam|p1a: Alomomola
|-resisted|p1a: Alomomola
|-damage|p1a: Alomomola|87/100
|
|-weather|Sandstorm|[upkeep]
|-damage|p1a: Alomomola|81/100|[from] Sandstorm
|upkeep
|turn|7
|
|t:|1760719074
|move|p2a: King Tyrant|Thunderbolt|p1a: Alomomola
|-supereffective|p1a: Alomomola
|-damage|p1a: Alomomola|23/100
|move|p1a: Alomomola|Flip Turn|p2a: King Tyrant
|-supereffective|p2a: King Tyrant
|-damage|p2a: King Tyrant|77/100
|-enditem|p2a: King Tyrant|Weakness Policy
|-boost|p2a: King Tyrant|atk|2|[from] item: Weakness Policy
|-boost|p2a: King Tyrant|spa|2|[from] item: Weakness Policy
|
|t:|1760719087
|switch|p1a: Cinderace|Cinderace, F|100/100|[from] Flip Turn
|
|-weather|Sandstorm|[upkeep]
|-damage|p1a: Cinderace|95/100|[from] Sandstorm
|upkeep
|turn|8
|
|t:|1760719094
|-terastallize|p2a: King Tyrant|Ghost
|move|p1a: Cinderace|U-turn|p2a: King Tyrant
|-start|p1a: Cinderace|typechange|Bug|[from] ability: Libero
|-resisted|p2a: King Tyrant
|-damage|p2a: King Tyrant|64/100
|
|t:|1760719099
|switch|p1a: Alomomola|Alomomola, F|56/100|[from] U-turn
|move|p2a: King Tyrant|Ancient Power|p1a: Alomomola
|-damage|p1a: Alomomola|1/100
|
|-weather|Sandstorm|[upkeep]
|-damage|p2a: King Tyrant|58/100|[from] Sandstorm
|-damage|p1a: Alomomola|0 fnt|[from] Sandstorm
|faint|p1a: Alomomola
|upkeep
|
|t:|1760719112
|switch|p1a: Hoopa|Hoopa-Unbound|84/100
|-damage|p1a: Hoopa|72/100|[from] Spikes
|turn|9
|
|t:|1760719117
|switch|p2a: Tyrant's Downpour|Pelipper, F|88/100
|-damage|p2a: Tyrant's Downpour|63/100|[from] Stealth Rock
|-weather|RainDance|[from] ability: Drizzle|[of] p2a: Tyrant's Downpour
|move|p1a: Hoopa|Knock Off|p2a: Tyrant's Downpour
|-damage|p2a: Tyrant's Downpour|25/100
|-enditem|p2a: Tyrant's Downpour|Damp Rock|[from] move: Knock Off|[of] p1a: Hoopa
|
|-weather|RainDance|[upkeep]
|upkeep
|turn|10
|
|t:|1760719129
|switch|p1a: Slowking|Slowking-Galar, M|100/100
|-damage|p1a: Slowking|88/100|[from] Spikes
|switch|p2a: Tyrant's Enforcer|Overqwil, M|75/100
|-damage|p2a: Tyrant's Enforcer|63/100|[from] Stealth Rock
|
|-weather|RainDance|[upkeep]
|upkeep
|turn|11
|
|t:|1760719138
|-terastallize|p1a: Slowking|Water
|move|p2a: Tyrant's Enforcer|Taunt|p1a: Slowking
|-start|p1a: Slowking|move: Taunt
|-prepare|p1a: Slowking|Chilly Reception|[premajor]
|cant|p1a: Slowking|move: Taunt|Chilly Reception
|
|-weather|RainDance|[upkeep]
|upkeep
|turn|12
|
|t:|1760719147
|move|p2a: Tyrant's Enforcer|Crunch|p1a: Slowking
|-damage|p1a: Slowking|44/100
|move|p1a: Slowking|Future Sight|p2a: Tyrant's Enforcer
|-start|p1a: Slowking|move: Future Sight
|
|-weather|RainDance|[upkeep]
|upkeep
|turn|13
|
|t:|1760719157
|switch|p1a: Garchomp|Garchomp, M|100/100
|-damage|p1a: Garchomp|88/100|[from] Spikes
|move|p2a: Tyrant's Enforcer|Crunch|p1a: Garchomp
|-damage|p1a: Garchomp|64/100
|-damage|p2a: Tyrant's Enforcer|50/100|[from] ability: Rough Skin|[of] p1a: Garchomp
|-damage|p2a: Tyrant's Enforcer|34/100|[from] item: Rocky Helmet|[of] p1a: Garchomp
|
|-weather|RainDance|[upkeep]
|upkeep
|turn|14
|
|t:|1760719168
|move|p2a: Tyrant's Enforcer|Taunt|p1a: Garchomp
|-start|p1a: Garchomp|move: Taunt
|move|p1a: Garchomp|Dragon Tail|p2a: Tyrant's Enforcer
|-damage|p2a: Tyrant's Enforcer|8/100
|-damage|p1a: Garchomp|47/100|[from] item: Rocky Helmet|[of] p2a: Tyrant's Enforcer
|drag|p2a: Tyrant's Legacy|Excadrill, M|100/100
|-damage|p2a: Tyrant's Legacy|97/100|[from] Stealth Rock
|
|-weather|RainDance|[upkeep]
|-end|p2a: Tyrant's Legacy|move: Future Sight
|-resisted|p2a: Tyrant's Legacy
|-crit|p2a: Tyrant's Legacy
|-damage|p2a: Tyrant's Legacy|56/100
|upkeep
|turn|15
|
|t:|1760719184
|move|p2a: Tyrant's Legacy|Rapid Spin|p1a: Garchomp
|-damage|p1a: Garchomp|32/100
|-boost|p2a: Tyrant's Legacy|spe|1
|-damage|p2a: Tyrant's Legacy|44/100|[from] ability: Rough Skin|[of] p1a: Garchomp
|-damage|p2a: Tyrant's Legacy|27/100|[from] item: Rocky Helmet|[of] p1a: Garchomp
|-sideend|p2: kshuaib734|Stealth Rock|[from] move: Rapid Spin|[of] p2a: Tyrant's Legacy
|-damage|p2a: Tyrant's Legacy|17/100|[from] item: Life Orb
|move|p1a: Garchomp|Earthquake|p2a: Tyrant's Legacy
|-supereffective|p2a: Tyrant's Legacy
|-damage|p2a: Tyrant's Legacy|0 fnt
|faint|p2a: Tyrant's Legacy
|
|-weather|RainDance|[upkeep]
|upkeep
|
|t:|1760719200
|switch|p2a: Tyrant's Endgame|Quaquaval, M|100/100
|turn|16
|
|t:|1760719204
|move|p2a: Tyrant's Endgame|Aqua Step|p1a: Garchomp
|-damage|p1a: Garchomp|0 fnt
|-boost|p2a: Tyrant's Endgame|spe|1
|-damage|p2a: Tyrant's Endgame|88/100|[from] ability: Rough Skin|[of] p1a: Garchomp
|-damage|p2a: Tyrant's Endgame|71/100|[from] item: Rocky Helmet|[of] p1a: Garchomp
|faint|p1a: Garchomp
|-ability|p2a: Tyrant's Endgame|Moxie|boost
|-boost|p2a: Tyrant's Endgame|atk|1
|
|-weather|none
|upkeep
|
|t:|1760719208
|switch|p1a: Enamorus|Enamorus, F|100/100
|turn|17
|inactive|kshuaib734 has 120 seconds left.
|
|t:|1760719242
|switch|p2a: Tyrant's Downpour|Pelipper, F|25/100
|-weather|RainDance|[from] ability: Drizzle|[of] p2a: Tyrant's Downpour
|move|p1a: Enamorus|Moonblast|p2a: Tyrant's Downpour
|-crit|p2a: Tyrant's Downpour
|-damage|p2a: Tyrant's Downpour|0 fnt
|faint|p2a: Tyrant's Downpour
|
|-weather|RainDance|[upkeep]
|upkeep
|inactive|kshuaib734 has 120 seconds left.
|
|t:|1760719265
|switch|p2a: Tyrant's Vengeance|Kingdra, F|100/100
|turn|18
|
|t:|1760719274
|switch|p1a: Hoopa|Hoopa-Unbound|72/100
|-damage|p1a: Hoopa|59/100|[from] Spikes
|move|p2a: Tyrant's Vengeance|Weather Ball|p1a: Hoopa
|-damage|p1a: Hoopa|0 fnt
|faint|p1a: Hoopa
|
|-weather|RainDance|[upkeep]
|upkeep
|
|t:|1760719281
|switch|p1a: Slowking|Slowking-Galar, M, tera:Water|77/100
|-damage|p1a: Slowking|65/100|[from] Spikes
|turn|19
|
|t:|1760719286
|move|p2a: Tyrant's Vengeance|Weather Ball|p1a: Slowking
|-resisted|p1a: Slowking
|-damage|p1a: Slowking|37/100
|-prepare|p1a: Slowking|Chilly Reception|[premajor]
|move|p1a: Slowking|Chilly Reception|p1a: Slowking
|-weather|Snowscape
|
|t:|1760719289
|switch|p1a: Enamorus|Enamorus, F|100/100|[from] Chilly Reception
|
|-weather|Snowscape|[upkeep]
|upkeep
|turn|20
|
|t:|1760719304
|switch|p1a: Cinderace|Cinderace, F|95/100
|switch|p2a: Tyrant's Enforcer|Overqwil, M|8/100
|
|-weather|Snowscape|[upkeep]
|upkeep
|turn|21
|
|t:|1760719311
|move|p1a: Cinderace|Pyro Ball|p2a: Tyrant's Enforcer
|-damage|p2a: Tyrant's Enforcer|0 fnt
|faint|p2a: Tyrant's Enforcer
|
|-weather|Snowscape|[upkeep]
|upkeep
|
|t:|1760719316
|switch|p2a: Tyrant's Endgame|Quaquaval, M|71/100
|turn|22
|
|t:|1760719319
|move|p1a: Cinderace|U-turn|p2a: Tyrant's Endgame
|-start|p1a: Cinderace|typechange|Bug|[from] ability: Libero
|-resisted|p2a: Tyrant's Endgame
|-damage|p2a: Tyrant's Endgame|50/100
|
|t:|1760719322
|switch|p1a: Enamorus|Enamorus, F|100/100|[from] U-turn
|move|p2a: Tyrant's Endgame|Aqua Step|p1a: Enamorus
|-damage|p1a: Enamorus|18/100
|-boost|p2a: Tyrant's Endgame|spe|1
|
|-weather|Snowscape|[upkeep]
|upkeep
|turn|23
|
|t:|1760719329
|move|p2a: Tyrant's Endgame|Aqua Jet|p1a: Enamorus
|-damage|p1a: Enamorus|0 fnt
|faint|p1a: Enamorus
|-ability|p2a: Tyrant's Endgame|Moxie|boost
|-boost|p2a: Tyrant's Endgame|atk|1
|
|-weather|none
|upkeep
|-message|miataylor612 forfeited.
|
|win|kshuaib734
|raw|miataylor612's rating: 1626 &rarr; <strong>1614</strong><br />(-12 for losing)
|raw|kshuaib734's rating: 1768 &rarr; <strong>1780</strong><br />(+12 for winning)
|l|☆miataylor612
|player|p1|
|l|☆kshuaib734
|player|p2|
