|j|☆RovaRed
|j|☆go b3yond
|t:|1760718187
|gametype|singles
|player|p1|RovaRed|sonia-masters|1473
|player|p2|go b3yond|waiter-gen4dp|1521
|gen|9
|tier|[Gen 9] OU
|rated|
|rule|HP Percentage Mod: HP is shown in percentages
|rule|Endless Battle Clause: Forcing endless battles is banned
|rule|Species Clause: Limit one of each Pokémon
|rule|OHKO Clause: OHKO moves are banned
|rule|Evasion Items Clause: Evasion items are banned
|rule|Evasion Moves Clause: Evasion moves are banned
|rule|Evasion Abilities Clause: Evasion abilities are banned
|rule|Sleep Moves Clause: Sleep-inducing moves are banned
|clearpoke
|poke|p1|Shiftry, F|
|poke|p1|Rillaboom, M|
|poke|p1|Brambleghast, F|
|poke|p1|Hawlucha, M|
|poke|p1|Great Tusk|
|poke|p1|Iron Moth|
|poke|p2|Araquanid, F|
|poke|p2|Ogerpon-Cornerstone, F|
|poke|p2|Great Tusk|
|poke|p2|Gholdengo|
|poke|p2|Dragonite, M|
|poke|p2|Kingambit, F|
|teampreview
|inactive|Battle timer is ON: inactive players will automatically lose when time's up. (requested by go b3yond)
|
|t:|1760718194
|teamsize|p1|6
|teamsize|p2|6
|start
|switch|p1a: The Fumble|Shiftry, F|100/100
|switch|p2a: Spring Autumn|Araquanid, F|100/100
|turn|1
|
|t:|1760718198
|move|p1a: The Fumble|Tailwind|p1a: The Fumble
|-sidestart|p1: RovaRed|move: Tailwind
|-ability|p1a: The Fumble|Wind Rider|boost
|-boost|p1a: The Fumble|atk|1
|move|p2a: Spring Autumn|Lunge|p1a: The Fumble
|-supereffective|p1a: The Fumble
|-enditem|p1a: The Fumble|Focus Sash
|-damage|p1a: The Fumble|1/100
|-unboost|p1a: The Fumble|atk|1
|
|upkeep
|turn|2
|
|t:|1760718208
|move|p1a: The Fumble|Explosion|p2a: Spring Autumn
|-damage|p2a: Spring Autumn|23/100
|faint|p1a: The Fumble
|move|p2a: Spring Autumn|Sticky Web|p1: The Fumble
|-sidestart|p1: RovaRed|move: Sticky Web
|
|upkeep
|
|t:|1760718211
|switch|p1a: The Tumble|Brambleghast, F|100/100
|-activate|p1a: The Tumble|move: Sticky Web
|-unboost|p1a: The Tumble|spe|1
|-ability|p1a: The Tumble|Wind Rider|boost
|-boost|p1a: The Tumble|atk|1
|turn|3
|-enditem|p2a: Spring Autumn|Custap Berry|[eat]
|-activate|p2a: Spring Autumn|item: Custap Berry|[consumed]
|
|t:|1760718220
|move|p1a: The Tumble|Shadow Sneak|p2a: Spring Autumn
|-damage|p2a: Spring Autumn|0 fnt
|faint|p2a: Spring Autumn
|
|upkeep
|
|t:|1760718233
|switch|p2a: Fang Yuan|Kingambit, F|100/100
|-activate|p2a: Fang Yuan|ability: Supreme Overlord
|-start|p2a: Fang Yuan|fallen1|[silent]
|-item|p2a: Fang Yuan|Air Balloon
|turn|4
|
|t:|1760718240
|-terastallize|p1a: The Tumble|Fighting
|move|p2a: Fang Yuan|Sucker Punch|p1a: The Tumble
|-resisted|p1a: The Tumble
|-damage|p1a: The Tumble|60/100
|move|p1a: The Tumble|Tera Blast|p2a: Fang Yuan|[anim] Tera Blast Fighting
|-supereffective|p2a: Fang Yuan
|-damage|p2a: Fang Yuan|0 fnt
|-enditem|p2a: Fang Yuan|Air Balloon
|faint|p2a: Fang Yuan
|-end|p2a: Fang Yuan|fallen1|[silent]
|
|-sideend|p1: RovaRed|move: Tailwind
|upkeep
|
|t:|1760718258
|switch|p2a: Demon Venerable|Gholdengo|100/100
|-item|p2a: Demon Venerable|Air Balloon
|turn|5
|
|t:|1760718262
|move|p1a: The Tumble|Shadow Sneak|p2a: Demon Venerable
|-supereffective|p2a: Demon Venerable
|-damage|p2a: Demon Venerable|41/100
|-enditem|p2a: Demon Venerable|Air Balloon
|move|p2a: Demon Venerable|Dazzling Gleam|p1a: The Tumble
|-supereffective|p1a: The Tumble
|-damage|p1a: The Tumble|0 fnt
|faint|p1a: The Tumble
|
|upkeep
|
|t:|1760718274
|switch|p1a: Hookline|Rillaboom, M|100/100
|-activate|p1a: Hookline|move: Sticky Web
|-unboost|p1a: Hookline|spe|1
|-fieldstart|move: Grassy Terrain|[from] ability: Grassy Surge|[of] p1a: Hookline
|turn|6
|
|t:|1760718283
|move|p2a: Demon Venerable|Make It Rain|p1a: Hookline
|-damage|p1a: Hookline|33/100
|-unboost|p2a: Demon Venerable|spa|1
|move|p1a: Hookline|Knock Off|p2a: Demon Venerable
|-supereffective|p2a: Demon Venerable
|-damage|p2a: Demon Venerable|0 fnt
|faint|p2a: Demon Venerable
|
|-heal|p1a: Hookline|39/100|[from] Grassy Terrain
|upkeep
|
|t:|1760718310
|switch|p2a: Immortal Venerable|Ogerpon-Cornerstone, F|100/100
|turn|7
|inactive|RovaRed has 120 seconds left.
|
|t:|1760718344
|move|p1a: Hookline|Grassy Glide|p2a: Immortal Venerable
|-damage|p2a: Immortal Venerable|44/100
|move|p2a: Immortal Venerable|Swords Dance|p2a: Immortal Venerable
|-boost|p2a: Immortal Venerable|atk|2
|
|-heal|p2a: Immortal Venerable|50/100|[from] Grassy Terrain
|-heal|p1a: Hookline|45/100|[from] Grassy Terrain
|upkeep
|turn|8
|
|t:|1760718354
|move|p1a: Hookline|Grassy Glide|p2a: Immortal Venerable
|-damage|p2a: Immortal Venerable|0 fnt
|faint|p2a: Immortal Venerable
|
|-heal|p1a: Hookline|51/100|[from] Grassy Terrain
|upkeep
|
|t:|1760718357
|switch|p2a: Dragonite|Dragonite, M|100/100
|turn|9
|
|t:|1760718369
|move|p2a: Dragonite|Dragon Dance|p2a: Dragonite
|-boost|p2a: Dragonite|atk|1
|-boost|p2a: Dragonite|spe|1
|move|p1a: Hookline|Knock Off|p2a: Dragonite
|-damage|p2a: Dragonite|81/100
|-enditem|p2a: Dragonite|Loaded Dice|[from] move: Knock Off|[of] p1a: Hookline
|
|-heal|p1a: Hookline|58/100|[from] Grassy Terrain
|upkeep
|turn|10
|
|t:|1760718380
|move|p2a: Dragonite|Dragon Dance|p2a: Dragonite
|-boost|p2a: Dragonite|atk|1
|-boost|p2a: Dragonite|spe|1
|move|p1a: Hookline|U-turn|p2a: Dragonite
|-resisted|p2a: Dragonite
|-damage|p2a: Dragonite|66/100
|
|t:|1760718383
|switch|p1a: &Sinker|Hawlucha, M|100/100|[from] U-turn
|-enditem|p1a: &Sinker|Grassy Seed
|-boost|p1a: &Sinker|def|1|[from] item: Grassy Seed
|
|upkeep
|turn|11
|
|t:|1760718388
|move|p1a: &Sinker|Acrobatics|p2a: Dragonite
|-damage|p2a: Dragonite|14/100
|move|p2a: Dragonite|Scale Shot|p1a: &Sinker
|-damage|p1a: &Sinker|71/100
|-damage|p1a: &Sinker|44/100
|-hitcount|p1a: &Sinker|2
|-unboost|p2a: Dragonite|def|1
|-boost|p2a: Dragonite|spe|1
|
|upkeep
|turn|12
|
|t:|1760718397
|move|p1a: &Sinker|Acrobatics|p2a: Dragonite
|-damage|p2a: Dragonite|0 fnt
|faint|p2a: Dragonite
|
|upkeep
|
|t:|1760718403
|switch|p2a: Ren Zu|Great Tusk|100/100
|-enditem|p2a: Ren Zu|Booster Energy
|-activate|p2a: Ren Zu|ability: Protosynthesis|[fromitem]
|-start|p2a: Ren Zu|protosynthesisatk
|turn|13
|-message|go b3yond forfeited.
|
|win|RovaRed
|raw|RovaRed's rating: 1473 &rarr; <strong>1496</strong><br />(+23 for winning)
|raw|go b3yond's rating: 1521 &rarr; <strong>1498</strong><br />(-23 for losing)
|l|☆go b3yond
|player|p2|
|l|☆RovaRed
|player|p1|
