|j|☆bungx67
|j|☆YJIOG
|t:|1760761582
|gametype|singles
|player|p1|bungx67|170|1380
|player|p2|YJIOG|scientist-gen4dp|1386
|gen|9
|tier|[Gen 9] OU
|rated|
|rule|HP Percentage Mod: HP is shown in percentages
|rule|Endless Battle Clause: Forcing endless battles is banned
|rule|Species Clause: Limit one of each Pokémon
|rule|OHKO Clause: OHKO moves are banned
|rule|Evasion Items Clause: Evasion items are banned
|rule|Evasion Moves Clause: Evasion moves are banned
|rule|Evasion Abilities Clause: Evasion abilities are banned
|rule|Sleep Moves Clause: Sleep-inducing moves are banned
|clearpoke
|poke|p1|Landorus-Therian, M|
|poke|p1|Samurott-Hisui, M|
|poke|p1|Dragapult, M|
|poke|p1|Scizor, M|
|poke|p1|Great Tusk|
|poke|p1|Slowking-Galar, M|
|poke|p2|Electivire, F|
|poke|p2|Alomomola, F|
|poke|p2|Dragapult, M|
|poke|p2|Hydrapple, F|
|poke|p2|Great Tusk|
|poke|p2|Goodra-Hisui, M|
|teampreview
|
|t:|1760761590
|teamsize|p1|6
|teamsize|p2|6
|start
|switch|p1a: Landorus|Landorus-Therian, M|100/100
|switch|p2a: Electivire|Electivire, F|100/100
|-ability|p1a: Landorus|Intimidate|boost
|-unboost|p2a: Electivire|atk|1
|turn|1
|
|t:|1760761597
|move|p2a: Electivire|Ice Punch|p1a: Landorus
|-supereffective|p1a: Landorus
|-damage|p1a: Landorus|23/100
|-damage|p2a: Electivire|84/100|[from] item: Rocky Helmet|[of] p1a: Landorus
|-damage|p2a: Electivire|74/100|[from] item: Life Orb
|move|p1a: Landorus|Stealth Rock|p2a: Electivire
|-sidestart|p2: YJIOG|move: Stealth Rock
|
|upkeep
|turn|2
|
|t:|1760761610
|switch|p1a: Scizor|Scizor, M|100/100
|move|p2a: Electivire|Thunderbolt|p1a: Scizor
|-damage|p1a: Scizor|40/100
|-damage|p2a: Electivire|64/100|[from] item: Life Orb
|
|upkeep
|turn|3
|
|t:|1760761620
|move|p1a: Scizor|Bullet Punch|p2a: Electivire
|-resisted|p2a: Electivire
|-damage|p2a: Electivire|21/100
|move|p2a: Electivire|Thunderbolt|p1a: Scizor
|-damage|p1a: Scizor|0 fnt
|faint|p1a: Scizor
|-damage|p2a: Electivire|11/100|[from] item: Life Orb
|
|upkeep
|
|t:|1760761627
|switch|p1a: Dragapult|Dragapult, M|100/100
|turn|4
|
|t:|1760761631
|switch|p2a: Goodra|Goodra-Hisui, M|100/100
|-damage|p2a: Goodra|94/100|[from] Stealth Rock
|move|p1a: Dragapult|Shadow Ball|p2a: Goodra
|-damage|p2a: Goodra|76/100
|
|upkeep
|turn|5
|
|t:|1760761640
|switch|p1a: Landorus|Landorus-Therian, M|23/100
|-ability|p1a: Landorus|Intimidate|boost
|-unboost|p2a: Goodra|atk|1
|move|p2a: Goodra|Knock Off|p1a: Landorus
|-damage|p1a: Landorus|6/100
|-damage|p2a: Goodra|60/100|[from] item: Rocky Helmet|[of] p1a: Landorus
|-enditem|p1a: Landorus|Rocky Helmet|[from] move: Knock Off|[of] p2a: Goodra
|
|upkeep
|turn|6
|
|t:|1760761649
|switch|p2a: Alomomola|Alomomola, F|100/100
|move|p1a: Landorus|Earth Power|p2a: Alomomola
|-damage|p2a: Alomomola|65/100
|
|upkeep
|turn|7
|
|t:|1760761657
|move|p1a: Landorus|Earth Power|p2a: Alomomola
|-damage|p2a: Alomomola|25/100
|move|p2a: Alomomola|Flip Turn|p1a: Landorus
|-supereffective|p1a: Landorus
|-damage|p1a: Landorus|0 fnt
|faint|p1a: Landorus
|
|t:|1760761677
|switch|p2a: Great Tusk|Great Tusk|100/100|[from] Flip Turn
|
|upkeep
|
|t:|1760761681
|switch|p1a: Dragapult|Dragapult, M|100/100
|turn|8
|
|t:|1760761698
|-end|p2a: Great Tusk|Protosynthesis|[silent]
|switch|p2a: Goodra|Goodra-Hisui, M|60/100
|-damage|p2a: Goodra|54/100|[from] Stealth Rock
|move|p1a: Dragapult|Draco Meteor|p2a: Goodra
|-damage|p2a: Goodra|22/100
|-unboost|p1a: Dragapult|spa|2
|
|upkeep
|turn|9
|
|t:|1760761710
|switch|p1a: Slowking|Slowking-Galar, M|100/100
|switch|p2a: Alomomola|Alomomola, F|58/100
|
|upkeep
|turn|10
|inactive|Battle timer is ON: inactive players will automatically lose when time's up. (requested by bungx67)
|inactive|YJIOG has 120 seconds left.
|
|t:|1760761771
|switch|p2a: Great Tusk|Great Tusk|100/100
|move|p1a: Slowking|Ice Beam|p2a: Great Tusk
|-supereffective|p2a: Great Tusk
|-damage|p2a: Great Tusk|16/100
|
|upkeep
|turn|11
|
|t:|1760761782
|switch|p1a: Dragapult|Dragapult, M|100/100
|move|p2a: Great Tusk|Rapid Spin|p1a: Dragapult
|-immune|p1a: Dragapult
|
|upkeep
|turn|12
|
|t:|1760761790
|-end|p2a: Great Tusk|Protosynthesis|[silent]
|switch|p2a: Alomomola|Alomomola, F|92/100
|move|p1a: Dragapult|Shadow Ball|p2a: Alomomola
|-damage|p2a: Alomomola|25/100
|
|upkeep
|turn|13
|
|t:|1760761797
|switch|p2a: Electivire|Electivire, F|11/100
|-damage|p2a: Electivire|0 fnt|[from] Stealth Rock
|faint|p2a: Electivire
|move|p1a: Dragapult|Shadow Ball|p2: Electivire|[notarget]
|-fail|p1a: Dragapult
|
|upkeep
|
|t:|1760761804
|switch|p2a: Dragapult|Dragapult, M|100/100
|-damage|p2a: Dragapult|88/100|[from] Stealth Rock
|turn|14
|
|t:|1760761810
|switch|p1a: Samurott|Samurott-Hisui, M|100/100
|move|p2a: Dragapult|Draco Meteor|p1a: Samurott
|-damage|p1a: Samurott|0 fnt
|-unboost|p2a: Dragapult|spa|2
|faint|p1a: Samurott
|
|upkeep
|
|t:|1760761818
|switch|p1a: Slowking|Slowking-Galar, M|100/100
|turn|15
|
|t:|1760761824
|switch|p2a: Goodra|Goodra-Hisui, M|22/100
|-damage|p2a: Goodra|16/100|[from] Stealth Rock
|move|p1a: Slowking|Ice Beam|p2a: Goodra
|-damage|p2a: Goodra|5/100
|
|upkeep
|turn|16
|
|t:|1760761832
|switch|p1a: Great Tusk|Great Tusk|100/100
|move|p2a: Goodra|Draco Meteor|p1a: Great Tusk
|-damage|p1a: Great Tusk|27/100
|-unboost|p2a: Goodra|spa|2
|
|upkeep
|turn|17
|
|t:|1760761843
|move|p1a: Great Tusk|Knock Off|p2a: Goodra
|-damage|p2a: Goodra|0 fnt
|-enditem|p2a: Goodra|Assault Vest|[from] move: Knock Off|[of] p1a: Great Tusk
|faint|p2a: Goodra
|
|upkeep
|
|t:|1760761848
|switch|p2a: Alomomola|Alomomola, F|59/100
|turn|18
|
|t:|1760761853
|move|p1a: Great Tusk|Headlong Rush|p2a: Alomomola
|-crit|p2a: Alomomola
|-damage|p2a: Alomomola|9/100
|-unboost|p1a: Great Tusk|def|1
|-unboost|p1a: Great Tusk|spd|1
|move|p2a: Alomomola|Flip Turn|p1a: Great Tusk
|-supereffective|p1a: Great Tusk
|-damage|p1a: Great Tusk|0 fnt
|faint|p1a: Great Tusk
|-end|p1a: Great Tusk|Protosynthesis|[silent]
|
|t:|1760761865
|switch|p2a: Dragapult|Dragapult, M|88/100|[from] Flip Turn
|-damage|p2a: Dragapult|76/100|[from] Stealth Rock
|
|upkeep
|
|t:|1760761873
|switch|p1a: Slowking|Slowking-Galar, M|100/100
|turn|19
|
|t:|1760761887
|-terastallize|p1a: Slowking|Grass
|move|p2a: Dragapult|Draco Meteor|p1a: Slowking
|-damage|p1a: Slowking|57/100
|-unboost|p2a: Dragapult|spa|2
|move|p1a: Slowking|Ice Beam|p2a: Dragapult
|-supereffective|p2a: Dragapult
|-damage|p2a: Dragapult|0 fnt
|faint|p2a: Dragapult
|
|upkeep
|
|t:|1760761899
|switch|p2a: Great Tusk|Great Tusk|16/100
|turn|20
|
|t:|1760761905
|switch|p1a: Dragapult|Dragapult, M|100/100
|move|p2a: Great Tusk|Ice Spinner|p1a: Dragapult
|-supereffective|p1a: Dragapult
|-damage|p1a: Dragapult|20/100
|
|upkeep
|turn|21
|
|t:|1760761914
|move|p1a: Dragapult|Shadow Ball|p2a: Great Tusk
|-damage|p2a: Great Tusk|0 fnt
|faint|p2a: Great Tusk
|-end|p2a: Great Tusk|Protosynthesis|[silent]
|
|upkeep
|
|t:|1760761920
|switch|p2a: Hydrapple|Hydrapple, F|100/100
|turn|22
|
|t:|1760761924
|move|p1a: Dragapult|Shadow Ball|p2a: Hydrapple
|-damage|p2a: Hydrapple|51/100
|-unboost|p2a: Hydrapple|spd|1
|move|p2a: Hydrapple|Fickle Beam|p1a: Dragapult
|-supereffective|p1a: Dragapult
|-damage|p1a: Dragapult|0 fnt
|faint|p1a: Dragapult
|
|upkeep
|
|t:|1760761931
|switch|p1a: Slowking|Slowking-Galar, M, tera:Grass|90/100
|turn|23
|
|t:|1760761936
|switch|p2a: Alomomola|Alomomola, F|42/100
|move|p1a: Slowking|Sludge Bomb|p2a: Alomomola
|-damage|p2a: Alomomola|0 fnt
|faint|p2a: Alomomola
|
|upkeep
|
|t:|1760761943
|switch|p2a: Hydrapple|Hydrapple, F|84/100
|turn|24
|
|t:|1760761947
|-terastallize|p2a: Hydrapple|Poison
|move|p2a: Hydrapple|Nasty Plot|p2a: Hydrapple
|-boost|p2a: Hydrapple|spa|2
|move|p1a: Slowking|Ice Beam|p2a: Hydrapple
|-damage|p2a: Hydrapple|59/100
|
|upkeep
|turn|25
|
|t:|1760761955
|move|p2a: Hydrapple|Fickle Beam|p1a: Slowking|[anim] Fickle Beam All Out
|-activate|p2a: Hydrapple|move: Fickle Beam
|-damage|p1a: Slowking|24/100
|move|p1a: Slowking|Psyshock|p2a: Hydrapple
|-supereffective|p2a: Hydrapple
|-damage|p2a: Hydrapple|16/100
|
|upkeep
|turn|26
|-message|bungx67 forfeited.
|
|win|YJIOG
|raw|bungx67's rating: 1380 &rarr; <strong>1360</strong><br />(-20 for losing)
|raw|YJIOG's rating: 1386 &rarr; <strong>1406</strong><br />(+20 for winning)
|l|☆bungx67
|player|p1|
