|j|☆ractars
|j|☆catsdabest
|t:|1760719056
|gametype|singles
|player|p1|ractars|101|1511
|player|p2|catsdabest|firebreather|1563
|gen|9
|tier|[Gen 9] OU
|rated|
|rule|HP Percentage Mod: HP is shown in percentages
|rule|Endless Battle Clause: Forcing endless battles is banned
|rule|Species Clause: Limit one of each Pokémon
|rule|OHKO Clause: OHKO moves are banned
|rule|Evasion Items Clause: Evasion items are banned
|rule|Evasion Moves Clause: Evasion moves are banned
|rule|Evasion Abilities Clause: Evasion abilities are banned
|rule|Sleep Moves Clause: Sleep-inducing moves are banned
|clearpoke
|poke|p1|Volcanion|
|poke|p1|Garchomp, F|
|poke|p1|Zapdos|
|poke|p1|Metagross|
|poke|p1|Darkrai|
|poke|p1|Mimikyu, M|
|poke|p2|Maushold|
|poke|p2|Iron Valiant|
|poke|p2|Great Tusk|
|poke|p2|Iron Crown|
|poke|p2|Indeedee, M|
|poke|p2|Hawlucha, M|
|teampreview
|
|t:|1760719069
|teamsize|p1|6
|teamsize|p2|6
|start
|switch|p1a: Volcanion|Volcanion|100/100
|switch|p2a: Great Tusk|Great Tusk|100/100
|turn|1
|inactive|Battle timer is ON: inactive players will automatically lose when time's up. (requested by catsdabest)
|
|t:|1760719076
|move|p2a: Great Tusk|Head Smash|p1a: Volcanion
|-supereffective|p1a: Volcanion
|-damage|p1a: Volcanion|21/100
|-damage|p2a: Great Tusk|62/100|[from] Recoil
|move|p1a: Volcanion|Steam Eruption|p2a: Great Tusk
|-supereffective|p2a: Great Tusk
|-damage|p2a: Great Tusk|0 fnt
|faint|p2a: Great Tusk
|-end|p2a: Great Tusk|Protosynthesis|[silent]
|
|upkeep
|
|t:|1760719084
|switch|p2a: Indeedee|Indeedee, M, shiny|100/100
|-fieldstart|move: Psychic Terrain|[from] ability: Psychic Surge|[of] p2a: Indeedee
|turn|2
|
|t:|1760719091
|switch|p1a: Metagross|Metagross|100/100
|move|p2a: Indeedee|Expanding Force|p1a: Metagross
|-resisted|p1a: Metagross
|-damage|p1a: Metagross|82/100
|
|upkeep
|turn|3
|j| Bravestheart
|
|t:|1760719104
|switch|p2a: Iron Crown|Iron Crown|100/100
|-enditem|p2a: Iron Crown|Booster Energy
|-activate|p2a: Iron Crown|ability: Quark Drive|[fromitem]
|-start|p2a: Iron Crown|quarkdrivespa
|move|p1a: Metagross|Earthquake|p2a: Iron Crown
|-supereffective|p2a: Iron Crown
|-damage|p2a: Iron Crown|0 fnt
|faint|p2a: Iron Crown
|-end|p2a: Iron Crown|Quark Drive|[silent]
|
|upkeep
|inactive|catsdabest has 120 seconds left.
|
|t:|1760719148
|switch|p2a: Hawlucha|Hawlucha, M|100/100
|-enditem|p2a: Hawlucha|Psychic Seed
|-boost|p2a: Hawlucha|spd|1|[from] item: Psychic Seed
|turn|4
|
|t:|1760719159
|-terastallize|p1a: Metagross|Water
|move|p2a: Hawlucha|Swords Dance|p2a: Hawlucha
|-boost|p2a: Hawlucha|atk|2
|move|p1a: Metagross|Ice Punch|p2a: Hawlucha
|-supereffective|p2a: Hawlucha
|-crit|p2a: Hawlucha
|-damage|p2a: Hawlucha|0 fnt
|faint|p2a: Hawlucha
|
|upkeep
|inactive|catsdabest has 120 seconds left.
|
|t:|1760719174
|switch|p2a: Maushold|Maushold|100/100
|turn|5
|
|t:|1760719179
|move|p2a: Maushold|Population Bomb|p1a: Metagross
|-damage|p1a: Metagross|72/100
|-damage|p1a: Metagross|64/100
|-damage|p1a: Metagross|56/100
|-damage|p1a: Metagross|48/100
|-damage|p1a: Metagross|40/100
|-crit|p1a: Metagross
|-damage|p1a: Metagross|29/100
|-damage|p1a: Metagross|20/100
|-damage|p1a: Metagross|12/100
|-damage|p1a: Metagross|4/100
|-damage|p1a: Metagross|0 fnt
|faint|p1a: Metagross
|-hitcount|p1: Metagross|10
|
|upkeep
|
|t:|1760719195
|switch|p1a: Garchomp|Garchomp, F|100/100
|turn|6
|
|t:|1760719205
|move|p2a: Maushold|Tidy Up|p2a: Maushold
|-boost|p2a: Maushold|atk|1
|-boost|p2a: Maushold|spe|1
|move|p1a: Garchomp|Swords Dance|p1a: Garchomp
|-boost|p1a: Garchomp|atk|2
|
|upkeep
|turn|7
|
|t:|1760719212
|move|p2a: Maushold|Encore|p1a: Garchomp
|-start|p1a: Garchomp|Encore
|move|p1a: Garchomp|Swords Dance|p1a: Garchomp
|-boost|p1a: Garchomp|atk|2
|
|upkeep
|turn|8
|
|t:|1760719221
|switch|p1a: Mimikyu|Mimikyu, M|100/100
|move|p2a: Maushold|Tidy Up|p2a: Maushold
|-boost|p2a: Maushold|atk|1
|-boost|p2a: Maushold|spe|1
|
|upkeep
|turn|9
|
|t:|1760719236
|move|p2a: Maushold|Bite|p1a: Mimikyu
|-activate|p1a: Mimikyu|ability: Disguise
|-damage|p1a: Mimikyu|100/100
|detailschange|p1a: Mimikyu|Mimikyu-Busted, M
|-damage|p1a: Mimikyu|88/100|[from] pokemon: Mimikyu-Busted
|-enditem|p1a: Mimikyu|Red Card|[of] p2a: Maushold
|drag|p2a: Iron Valiant|Iron Valiant|100/100
|-enditem|p2a: Iron Valiant|Booster Energy
|-activate|p2a: Iron Valiant|ability: Quark Drive|[fromitem]
|-start|p2a: Iron Valiant|quarkdrivespe
|cant|p1a: Mimikyu|flinch
|
|-fieldend|move: Psychic Terrain
|upkeep
|turn|10
|
|t:|1760719255
|-terastallize|p2a: Iron Valiant|Electric
|move|p2a: Iron Valiant|Calm Mind|p2a: Iron Valiant
|-boost|p2a: Iron Valiant|spa|1
|-boost|p2a: Iron Valiant|spd|1
|move|p1a: Mimikyu|Drain Punch|p2a: Iron Valiant
|-damage|p2a: Iron Valiant|76/100
|-heal|p1a: Mimikyu|100/100|[from] drain|[of] p2a: Iron Valiant
|
|upkeep
|turn|11
|
|t:|1760719266
|move|p2a: Iron Valiant|Calm Mind|p2a: Iron Valiant
|-boost|p2a: Iron Valiant|spa|1
|-boost|p2a: Iron Valiant|spd|1
|move|p1a: Mimikyu|Play Rough|p2a: Iron Valiant
|-damage|p2a: Iron Valiant|32/100
|
|upkeep
|turn|12
|
|t:|1760719277
|move|p1a: Mimikyu|Shadow Sneak|p2a: Iron Valiant
|-damage|p2a: Iron Valiant|12/100
|move|p2a: Iron Valiant|Moonblast|p1a: Mimikyu
|-damage|p1a: Mimikyu|0 fnt
|faint|p1a: Mimikyu
|
|upkeep
|
|t:|1760719285
|switch|p1a: Darkrai|Darkrai|100/100
|turn|13
|
|t:|1760719289
|move|p1a: Darkrai|Dark Pulse|p2a: Iron Valiant
|-damage|p2a: Iron Valiant|0 fnt
|faint|p2a: Iron Valiant
|-end|p2a: Iron Valiant|Quark Drive|[silent]
|
|upkeep
|
|t:|1760719293
|switch|p2a: Maushold|Maushold|100/100
|turn|14
|
|t:|1760719299
|switch|p1a: Garchomp|Garchomp, F|100/100
|move|p2a: Maushold|Tidy Up|p2a: Maushold
|-boost|p2a: Maushold|atk|1
|-boost|p2a: Maushold|spe|1
|
|upkeep
|turn|15
|
|t:|1760719309
|move|p2a: Maushold|Population Bomb|p1a: Garchomp
|-damage|p1a: Garchomp|85/100
|-damage|p2a: Maushold|88/100|[from] ability: Rough Skin|[of] p1a: Garchomp
|-damage|p2a: Maushold|71/100|[from] item: Rocky Helmet|[of] p1a: Garchomp
|-damage|p1a: Garchomp|69/100
|-damage|p2a: Maushold|59/100|[from] ability: Rough Skin|[of] p1a: Garchomp
|-damage|p2a: Maushold|42/100|[from] item: Rocky Helmet|[of] p1a: Garchomp
|-hitcount|p1a: Garchomp|2
|move|p1a: Garchomp|Outrage|p2a: Maushold
|-damage|p2a: Maushold|0 fnt
|faint|p2a: Maushold
|
|upkeep
|
|t:|1760719317
|switch|p2a: Indeedee|Indeedee, M, shiny|100/100
|-fieldstart|move: Psychic Terrain|[from] ability: Psychic Surge|[of] p2a: Indeedee
|turn|16
|
|t:|1760719328
|move|p1a: Garchomp|Outrage|p2a: Indeedee|[from] lockedmove
|-damage|p2a: Indeedee|0 fnt
|faint|p2a: Indeedee
|
|win|ractars
|raw|ractars's rating: 1511 &rarr; <strong>1534</strong><br />(+23 for winning)
|raw|catsdabest's rating: 1563 &rarr; <strong>1540</strong><br />(-23 for losing)
|l|☆catsdabest
|player|p2|
|l| Bravestheart
|l|☆ractars
|player|p1|
