|j|☆mamouton
|j|☆spongeon
|t:|1760741559
|gametype|singles
|player|p1|mamouton|2|1472
|player|p2|spongeon|266|1471
|gen|9
|tier|[Gen 9] OU
|rated|
|rule|HP Percentage Mod: HP is shown in percentages
|rule|Endless Battle Clause: Forcing endless battles is banned
|rule|Species Clause: Limit one of each Pokémon
|rule|OHKO Clause: OHKO moves are banned
|rule|Evasion Items Clause: Evasion items are banned
|rule|Evasion Moves Clause: Evasion moves are banned
|rule|Evasion Abilities Clause: Evasion abilities are banned
|rule|Sleep Moves Clause: Sleep-inducing moves are banned
|clearpoke
|poke|p1|Dondozo, M|
|poke|p1|Gliscor, F|
|poke|p1|Moltres|
|poke|p1|Raging Bolt|
|poke|p1|Ditto|
|poke|p1|Great Tusk|
|poke|p2|Zamazenta-*|
|poke|p2|Zapdos|
|poke|p2|Comfey, M|
|poke|p2|Sandslash-Alola, F|
|poke|p2|Slowking-Galar, M|
|poke|p2|Maushold|
|teampreview
|
|t:|1760741577
|teamsize|p1|6
|teamsize|p2|6
|start
|switch|p1a: Gliscor|Gliscor, F|100/100
|switch|p2a: Zapdos|Zapdos|100/100
|turn|1
|
|t:|1760741585
|move|p2a: Zapdos|Hurricane|p1a: Gliscor|[miss]
|-miss|p2a: Zapdos|p1a: Gliscor
|move|p1a: Gliscor|Toxic|p2a: Zapdos|[miss]
|-miss|p1a: Gliscor|p2a: Zapdos
|
|-status|p1a: Gliscor|tox|[from] item: Toxic Orb
|upkeep
|turn|2
|
|t:|1760741590
|switch|p2a: Slowking|Slowking-Galar, M|100/100
|move|p1a: Gliscor|Toxic|p2a: Slowking|[miss]
|-miss|p1a: Gliscor|p2a: Slowking
|
|upkeep
|turn|3
|
|t:|1760741600
|move|p1a: Gliscor|Earthquake|p2a: Slowking
|-supereffective|p2a: Slowking
|-damage|p2a: Slowking|42/100
|-prepare|p2a: Slowking|Chilly Reception|[premajor]
|move|p2a: Slowking|Chilly Reception|p2a: Slowking
|-weather|Snowscape
|
|t:|1760741610
|switch|p2a: Sandslash|Sandslash-Alola, F|100/100|[from] Chilly Reception
|
|-weather|Snowscape|[upkeep]
|upkeep
|turn|4
|
|t:|1760741615
|switch|p1a: Dondozo|Dondozo, M|100/100
|move|p2a: Sandslash|Knock Off|p1a: Dondozo
|-damage|p1a: Dondozo|87/100
|-enditem|p1a: Dondozo|Leftovers|[from] move: Knock Off|[of] p2a: Sandslash
|
|-weather|Snowscape|[upkeep]
|upkeep
|turn|5
|
|t:|1760741627
|switch|p2a: Maushold|Maushold|100/100
|move|p1a: Dondozo|Waterfall|p2a: Maushold
|-damage|p2a: Maushold|58/100
|
|-weather|Snowscape|[upkeep]
|upkeep
|turn|6
|
|t:|1760741637
|move|p2a: Maushold|Population Bomb|p1a: Dondozo
|-damage|p1a: Dondozo|83/100
|-damage|p1a: Dondozo|79/100
|-damage|p1a: Dondozo|75/100
|-damage|p1a: Dondozo|70/100
|-damage|p1a: Dondozo|65/100
|-damage|p1a: Dondozo|61/100
|-damage|p1a: Dondozo|57/100
|-damage|p1a: Dondozo|52/100
|-damage|p1a: Dondozo|47/100
|-crit|p1a: Dondozo
|-damage|p1a: Dondozo|41/100
|-hitcount|p1a: Dondozo|10
|move|p1a: Dondozo|Waterfall|p2a: Maushold
|-damage|p2a: Maushold|21/100
|
|-weather|Snowscape|[upkeep]
|upkeep
|turn|7
|
|t:|1760741655
|switch|p1a: Moltres|Moltres|100/100
|move|p2a: Maushold|Population Bomb|p1a: Moltres
|-damage|p1a: Moltres|93/100
|-damage|p1a: Moltres|86/100
|-damage|p1a: Moltres|80/100
|-status|p2a: Maushold|brn|[from] ability: Flame Body|[of] p1a: Moltres
|-damage|p1a: Moltres|76/100
|-damage|p1a: Moltres|73/100
|-damage|p1a: Moltres|69/100
|-damage|p1a: Moltres|66/100
|-damage|p1a: Moltres|62/100
|-damage|p1a: Moltres|59/100
|-damage|p1a: Moltres|56/100
|-hitcount|p1a: Moltres|10
|
|-weather|Snowscape|[upkeep]
|-damage|p2a: Maushold|15/100 brn|[from] brn
|upkeep
|turn|8
|
|t:|1760741666
|move|p2a: Maushold|Population Bomb|p1a: Moltres
|-damage|p1a: Moltres|52/100
|-damage|p1a: Moltres|49/100
|-damage|p1a: Moltres|46/100
|-damage|p1a: Moltres|43/100
|-damage|p1a: Moltres|39/100
|-damage|p1a: Moltres|36/100
|-damage|p1a: Moltres|32/100
|-damage|p1a: Moltres|29/100
|-damage|p1a: Moltres|25/100
|-damage|p1a: Moltres|22/100
|-hitcount|p1a: Moltres|10
|move|p1a: Moltres|Roost|p1a: Moltres
|-heal|p1a: Moltres|72/100
|-singleturn|p1a: Moltres|move: Roost
|
|-weather|Snowscape|[upkeep]
|-damage|p2a: Maushold|8/100 brn|[from] brn
|upkeep
|turn|9
|
|t:|1760741682
|move|p2a: Maushold|Encore|p1a: Moltres
|-start|p1a: Moltres|Encore
|move|p1a: Moltres|Roost|p1a: Moltres
|-heal|p1a: Moltres|100/100
|-singleturn|p1a: Moltres|move: Roost
|
|-weather|Snowscape|[upkeep]
|-damage|p2a: Maushold|2/100 brn|[from] brn
|upkeep
|turn|10
|
|t:|1760741701
|switch|p2a: Zapdos|Zapdos|100/100
|switch|p1a: Gliscor|Gliscor, F|100/100 tox
|
|-weather|none
|upkeep
|turn|11
|
|t:|1760741708
|move|p2a: Zapdos|Hurricane|p1a: Gliscor
|-damage|p1a: Gliscor|40/100 tox
|-start|p1a: Gliscor|confusion
|-damage|p2a: Zapdos|91/100|[from] item: Life Orb
|-activate|p1a: Gliscor|confusion
|-damage|p1a: Gliscor|33/100 tox|[from] confusion
|
|-heal|p1a: Gliscor|46/100 tox|[from] ability: Poison Heal
|upkeep
|turn|12
|
|t:|1760741715
|-end|p1a: Gliscor|confusion
|move|p1a: Gliscor|Protect|p1a: Gliscor
|-singleturn|p1a: Gliscor|Protect
|move|p2a: Zapdos|Hurricane|p1a: Gliscor
|-activate|p1a: Gliscor|move: Protect
|
|-heal|p1a: Gliscor|58/100 tox|[from] ability: Poison Heal
|upkeep
|turn|13
|
|t:|1760741734
|switch|p1a: Raging Bolt|Raging Bolt|100/100
|-enditem|p1a: Raging Bolt|Booster Energy
|-activate|p1a: Raging Bolt|ability: Protosynthesis|[fromitem]
|-start|p1a: Raging Bolt|protosynthesisspa
|move|p2a: Zapdos|Hurricane|p1a: Raging Bolt
|-resisted|p1a: Raging Bolt
|-damage|p1a: Raging Bolt|65/100
|-start|p1a: Raging Bolt|confusion
|-damage|p2a: Zapdos|81/100|[from] item: Life Orb
|
|upkeep
|turn|14
|
|t:|1760741748
|switch|p2a: Maushold|Maushold|2/100 brn
|-activate|p1a: Raging Bolt|confusion
|move|p1a: Raging Bolt|Thunderbolt|p2a: Maushold
|-damage|p2a: Maushold|0 fnt
|faint|p2a: Maushold
|
|upkeep
|
|t:|1760741753
|switch|p2a: Slowking|Slowking-Galar, M|76/100
|turn|15
|
|t:|1760741757
|-end|p1a: Raging Bolt|confusion
|move|p1a: Raging Bolt|Calm Mind|p1a: Raging Bolt
|-boost|p1a: Raging Bolt|spa|1
|-boost|p1a: Raging Bolt|spd|1
|-prepare|p2a: Slowking|Chilly Reception|[premajor]
|move|p2a: Slowking|Chilly Reception|p2a: Slowking
|-weather|Snowscape
|
|t:|1760741767
|switch|p2a: Sandslash|Sandslash-Alola, F|100/100|[from] Chilly Reception
|
|-weather|Snowscape|[upkeep]
|upkeep
|turn|16
|
|t:|1760741774
|move|p2a: Sandslash|Triple Axel|p1a: Raging Bolt
|-supereffective|p1a: Raging Bolt
|-damage|p1a: Raging Bolt|42/100
|-supereffective|p1a: Raging Bolt
|-damage|p1a: Raging Bolt|2/100
|-hitcount|p1a: Raging Bolt|2
|move|p1a: Raging Bolt|Thunderbolt|p2a: Sandslash
|-damage|p2a: Sandslash|0 fnt
|faint|p2a: Sandslash
|
|-weather|Snowscape|[upkeep]
|upkeep
|
|t:|1760741785
|switch|p2a: Comfey|Comfey, M|100/100
|turn|17
|
|t:|1760741789
|move|p2a: Comfey|Draining Kiss|p1a: Raging Bolt
|-supereffective|p1a: Raging Bolt
|-damage|p1a: Raging Bolt|0 fnt
|faint|p1a: Raging Bolt
|-end|p1a: Raging Bolt|Protosynthesis|[silent]
|
|-weather|Snowscape|[upkeep]
|upkeep
|
|t:|1760741801
|switch|p1a: Gliscor|Gliscor, F|58/100 tox
|turn|18
|
|t:|1760741806
|switch|p2a: Slowking|Slowking-Galar, M|100/100
|move|p1a: Gliscor|Toxic|p2a: Slowking
|-immune|p2a: Slowking
|
|-weather|Snowscape|[upkeep]
|-heal|p1a: Gliscor|71/100 tox|[from] ability: Poison Heal
|upkeep
|turn|19
|
|t:|1760741811
|move|p1a: Gliscor|Earthquake|p2a: Slowking
|-supereffective|p2a: Slowking
|-damage|p2a: Slowking|35/100
|move|p2a: Slowking|Psychic Noise|p1a: Gliscor
|-crit|p1a: Gliscor
|-damage|p1a: Gliscor|34/100 tox
|-start|p1a: Gliscor|move: Heal Block
|
|-weather|Snowscape|[upkeep]
|upkeep
|turn|20
|
|t:|1760741821
|switch|p2a: Zapdos|Zapdos|81/100
|move|p1a: Gliscor|Toxic|p2a: Zapdos
|-status|p2a: Zapdos|tox
|
|-weather|Snowscape|[upkeep]
|-damage|p2a: Zapdos|74/100 tox|[from] psn
|-end|p1a: Gliscor|move: Heal Block
|upkeep
|turn|21
|
|t:|1760741825
|move|p1a: Gliscor|Protect|p1a: Gliscor
|-singleturn|p1a: Gliscor|Protect
|move|p2a: Zapdos|Hurricane|p1a: Gliscor
|-activate|p1a: Gliscor|move: Protect
|
|-weather|Snowscape|[upkeep]
|-damage|p2a: Zapdos|62/100 tox|[from] psn
|-heal|p1a: Gliscor|47/100 tox|[from] ability: Poison Heal
|upkeep
|turn|22
|
|t:|1760741831
|switch|p1a: Ditto|Ditto|100/100
|-transform|p1a: Ditto|p2a: Zapdos|[from] ability: Imposter
|move|p2a: Zapdos|Volt Switch|p1a: Ditto
|-damage|p1a: Ditto|45/100
|-damage|p2a: Zapdos|52/100 tox|[from] item: Life Orb
|
|t:|1760741846
|switch|p2a: Slowking|Slowking-Galar, M|68/100|[from] Volt Switch
|
|-weather|none
|upkeep
|turn|23
|
|t:|1760741851
|move|p1a: Ditto|Volt Switch|p2a: Slowking
|-damage|p2a: Slowking|44/100
|
|t:|1760741854
|switch|p1a: Gliscor|Gliscor, F|47/100 tox|[from] Volt Switch
|-prepare|p2a: Slowking|Chilly Reception|[premajor]
|move|p2a: Slowking|Chilly Reception|p2a: Slowking
|-weather|Snowscape
|
|t:|1760741866
|switch|p2a: Zapdos|Zapdos|52/100 tox|[from] Chilly Reception
|
|-weather|Snowscape|[upkeep]
|-damage|p2a: Zapdos|46/100 tox|[from] psn
|-heal|p1a: Gliscor|59/100 tox|[from] ability: Poison Heal
|upkeep
|turn|24
|
|t:|1760741870
|move|p1a: Gliscor|Protect|p1a: Gliscor
|-singleturn|p1a: Gliscor|Protect
|move|p2a: Zapdos|Hurricane|p1a: Gliscor
|-activate|p1a: Gliscor|move: Protect
|
|-weather|Snowscape|[upkeep]
|-damage|p2a: Zapdos|33/100 tox|[from] psn
|-heal|p1a: Gliscor|72/100 tox|[from] ability: Poison Heal
|upkeep
|turn|25
|
|t:|1760741886
|switch|p1a: Ditto|Ditto|45/100
|-transform|p1a: Ditto|p2a: Zapdos|[from] ability: Imposter
|move|p2a: Zapdos|Hurricane|p1a: Ditto
|-resisted|p1a: Ditto
|-damage|p1a: Ditto|2/100
|-start|p1a: Ditto|confusion
|-damage|p2a: Zapdos|23/100 tox|[from] item: Life Orb
|
|-weather|Snowscape|[upkeep]
|-damage|p2a: Zapdos|5/100 tox|[from] psn
|upkeep
|turn|26
|
|t:|1760741900
|-activate|p1a: Ditto|confusion
|move|p1a: Ditto|Volt Switch|p2a: Zapdos
|-damage|p2a: Zapdos|0 fnt
|faint|p2a: Zapdos
|
|t:|1760741907
|switch|p1a: Gliscor|Gliscor, F|72/100 tox|[from] Volt Switch
|
|-weather|Snowscape|[upkeep]
|-heal|p1a: Gliscor|84/100 tox|[from] ability: Poison Heal
|upkeep
|
|t:|1760741914
|switch|p2a: Zamazenta|Zamazenta|100/100
|-ability|p2a: Zamazenta|Dauntless Shield|boost
|-boost|p2a: Zamazenta|def|1
|turn|27
|
|t:|1760741954
|switch|p1a: Moltres|Moltres|100/100
|-terastallize|p2a: Zamazenta|Steel
|move|p2a: Zamazenta|Iron Defense|p2a: Zamazenta
|-boost|p2a: Zamazenta|def|2
|
|-weather|Snowscape|[upkeep]
|upkeep
|turn|28
|
|t:|1760741964
|move|p2a: Zamazenta|Body Press|p1a: Moltres
|-resisted|p1a: Moltres
|-damage|p1a: Moltres|63/100
|move|p1a: Moltres|Will-O-Wisp|p2a: Zamazenta
|-status|p2a: Zamazenta|brn
|
|-weather|Snowscape|[upkeep]
|-damage|p2a: Zamazenta|94/100 brn|[from] brn
|upkeep
|turn|29
|
|t:|1760741971
|move|p2a: Zamazenta|Iron Defense|p2a: Zamazenta
|-boost|p2a: Zamazenta|def|2
|move|p1a: Moltres|Roost|p1a: Moltres
|-heal|p1a: Moltres|100/100
|-singleturn|p1a: Moltres|move: Roost
|
|-weather|Snowscape|[upkeep]
|-damage|p2a: Zamazenta|88/100 brn|[from] brn
|upkeep
|turn|30
|
|t:|1760741980
|move|p2a: Zamazenta|Rest|p2a: Zamazenta
|-status|p2a: Zamazenta|slp|[from] move: Rest
|-heal|p2a: Zamazenta|100/100 slp|[silent]
|-enditem|p2a: Zamazenta|Chesto Berry|[eat]
|-curestatus|p2a: Zamazenta|slp|[msg]
|move|p1a: Moltres|Roar|p2a: Zamazenta
|drag|p2a: Slowking|Slowking-Galar, M|77/100
|
|-weather|none
|upkeep
|turn|31
|
|t:|1760741987
|move|p1a: Moltres|Will-O-Wisp|p2a: Slowking
|-status|p2a: Slowking|brn
|move|p2a: Slowking|Psychic Noise|p1a: Moltres
|-damage|p1a: Moltres|70/100
|-start|p1a: Moltres|move: Heal Block
|
|-damage|p2a: Slowking|71/100 brn|[from] brn
|upkeep
|turn|32
|
|t:|1760741996
|switch|p1a: Ditto|Ditto|2/100
|-transform|p1a: Ditto|p2a: Slowking|[from] ability: Imposter
|move|p2a: Slowking|Sludge Bomb|p1a: Ditto
|-resisted|p1a: Ditto
|-damage|p1a: Ditto|0 fnt
|faint|p1a: Ditto
|
|-damage|p2a: Slowking|65/100 brn|[from] brn
|upkeep
|
|t:|1760741998
|switch|p1a: Great Tusk|Great Tusk|100/100
|turn|33
|
|t:|1760742013
|move|p1a: Great Tusk|Knock Off|p2a: Slowking
|-supereffective|p2a: Slowking
|-damage|p2a: Slowking|4/100 brn
|-enditem|p2a: Slowking|Icy Rock|[from] move: Knock Off|[of] p1a: Great Tusk
|move|p2a: Slowking|Psychic Noise|p1a: Great Tusk
|-supereffective|p1a: Great Tusk
|-damage|p1a: Great Tusk|12/100
|-start|p1a: Great Tusk|move: Heal Block
|
|-damage|p2a: Slowking|0 fnt|[from] brn
|faint|p2a: Slowking
|upkeep
|
|t:|1760742025
|switch|p2a: Zamazenta|Zamazenta, tera:Steel|100/100
|turn|34
|
|t:|1760742032
|-end|p1a: Great Tusk|Protosynthesis|[silent]
|switch|p1a: Moltres|Moltres|70/100
|move|p2a: Zamazenta|Body Press|p1a: Moltres
|-resisted|p1a: Moltres
|-damage|p1a: Moltres|57/100
|-status|p2a: Zamazenta|brn|[from] ability: Flame Body|[of] p1a: Moltres
|
|-damage|p2a: Zamazenta|94/100 brn|[from] brn
|upkeep
|turn|35
|
|t:|1760742039
|move|p2a: Zamazenta|Body Press|p1a: Moltres
|-resisted|p1a: Moltres
|-damage|p1a: Moltres|49/100
|move|p1a: Moltres|Roost|p1a: Moltres
|-heal|p1a: Moltres|99/100
|-singleturn|p1a: Moltres|move: Roost
|
|-damage|p2a: Zamazenta|88/100 brn|[from] brn
|upkeep
|turn|36
|
|t:|1760742046
|switch|p1a: Dondozo|Dondozo, M|41/100
|move|p2a: Zamazenta|Crunch|p1a: Dondozo
|-damage|p1a: Dondozo|36/100
|-unboost|p1a: Dondozo|def|1
|
|-damage|p2a: Zamazenta|82/100 brn|[from] brn
|upkeep
|turn|37
|
|t:|1760742052
|move|p2a: Zamazenta|Body Press|p1a: Dondozo
|-crit|p1a: Dondozo
|-damage|p1a: Dondozo|13/100
|move|p1a: Dondozo|Rest|p1a: Dondozo
|-status|p1a: Dondozo|slp|[from] move: Rest
|-heal|p1a: Dondozo|100/100 slp|[silent]
|
|-damage|p2a: Zamazenta|76/100 brn|[from] brn
|upkeep
|turn|38
|
|t:|1760742057
|switch|p2a: Comfey|Comfey, M|100/100
|cant|p1a: Dondozo|slp
|move|p1a: Dondozo|Sleep Talk|p1a: Dondozo
|move|p1a: Dondozo|Rest||[from] move: Sleep Talk|[still]
|-fail|p1a: Dondozo
|
|upkeep
|turn|39
|
|t:|1760742062
|switch|p1a: Gliscor|Gliscor, F|84/100 tox
|move|p2a: Comfey|Calm Mind|p2a: Comfey
|-boost|p2a: Comfey|spa|1
|-boost|p2a: Comfey|spd|1
|
|-heal|p1a: Gliscor|97/100 tox|[from] ability: Poison Heal
|upkeep
|turn|40
|
|t:|1760742073
|move|p2a: Comfey|Calm Mind|p2a: Comfey
|-boost|p2a: Comfey|spa|1
|-boost|p2a: Comfey|spd|1
|move|p1a: Gliscor|Toxic|p2a: Comfey
|-status|p2a: Comfey|tox
|
|-damage|p2a: Comfey|94/100 tox|[from] psn
|-heal|p1a: Gliscor|100/100 tox|[from] ability: Poison Heal
|upkeep
|turn|41
|
|t:|1760742080
|switch|p1a: Moltres|Moltres|99/100
|move|p2a: Comfey|Calm Mind|p2a: Comfey
|-boost|p2a: Comfey|spa|1
|-boost|p2a: Comfey|spd|1
|
|-damage|p2a: Comfey|82/100 tox|[from] psn
|upkeep
|turn|42
|
|t:|1760742085
|move|p2a: Comfey|Draining Kiss|p1a: Moltres
|-resisted|p1a: Moltres
|-damage|p1a: Moltres|71/100
|-heal|p2a: Comfey|100/100 tox|[from] drain|[of] p1a: Moltres
|move|p1a: Moltres|Roar|p2a: Comfey
|drag|p2a: Zamazenta|Zamazenta, tera:Steel|76/100 brn
|
|-damage|p2a: Zamazenta|70/100 brn|[from] brn
|upkeep
|turn|43
|-message|spongeon forfeited.
|
|win|mamouton
|raw|mamouton's rating: 1472 &rarr; <strong>1492</strong><br />(+20 for winning)
|raw|spongeon's rating: 1471 &rarr; <strong>1451</strong><br />(-20 for losing)
|l|☆spongeon
|player|p2|
|l|☆mamouton
|player|p1|
