|badge|p1|bronze|gen9ubers|100-7
|uhtml|medal-msg|<div class="broadcast-blue">Curious what those medals under the avatar are? PS now has Ladder Seasons! For more information, check out the <a href="https://www.smogon.com/forums/threads/3740067/">thread on Smogon.</a></div>
|j|☆Nikator98
|j|☆cr aries
|t:|1760877086
|gametype|singles
|player|p1|Nikator98|giovanni|1645
|player|p2|cr aries|2|1657
|gen|9
|tier|[Gen 9] OU
|rated|
|rule|HP Percentage Mod: HP is shown in percentages
|rule|Endless Battle Clause: Forcing endless battles is banned
|rule|Species Clause: Limit one of each Pokémon
|rule|OHKO Clause: OHKO moves are banned
|rule|Evasion Items Clause: Evasion items are banned
|rule|Evasion Moves Clause: Evasion moves are banned
|rule|Evasion Abilities Clause: Evasion abilities are banned
|rule|Sleep Moves Clause: Sleep-inducing moves are banned
|clearpoke
|poke|p1|Metagross|
|poke|p1|Great Tusk|
|poke|p1|Haxorus, M|
|poke|p1|Iron Moth|
|poke|p1|Zoroark-Hisui, M|
|poke|p1|Ninetales-Alola, F|
|poke|p2|Weavile, M|
|poke|p2|Gholdengo|
|poke|p2|Slowking-Galar, M|
|poke|p2|Corviknight, M|
|poke|p2|Sandy Shocks|
|poke|p2|Heatran, F|
|teampreview
|inactive|Battle timer is ON: inactive players will automatically lose when time's up. (requested by Nikator98)
|
|t:|1760877111
|teamsize|p1|6
|teamsize|p2|6
|start
|switch|p1a: Kumaryia|Great Tusk, shiny|100/100
|switch|p2a: Weavile|Weavile, M|100/100
|turn|1
|
|t:|1760877116
|move|p2a: Weavile|Knock Off|p1a: Kumaryia
|-supereffective|p1a: Kumaryia
|-damage|p1a: Kumaryia|0 fnt
|replace|p1a: Van Helsing|Zoroark-Hisui, M, shiny
|-end|p1a: Van Helsing|Illusion
|-enditem|p1a: Van Helsing|Choice Specs|[from] move: Knock Off|[of] p2a: Weavile
|faint|p1a: Van Helsing
|
|upkeep
|
|t:|1760877124
|switch|p1a: Kumaryia|Great Tusk, shiny|100/100
|turn|2
|
|t:|1760877127
|switch|p2a: Corviknight|Corviknight, M|100/100
|-ability|p2a: Corviknight|Pressure
|move|p1a: Kumaryia|Headlong Rush|p2a: Corviknight
|-immune|p2a: Corviknight
|
|upkeep
|turn|3
|
|t:|1760877134
|move|p1a: Kumaryia|Knock Off|p2a: Corviknight
|-damage|p2a: Corviknight|82/100
|-damage|p1a: Kumaryia|84/100|[from] item: Rocky Helmet|[of] p2a: Corviknight
|-enditem|p2a: Corviknight|Rocky Helmet|[from] move: Knock Off|[of] p1a: Kumaryia
|move|p2a: Corviknight|U-turn|p1a: Kumaryia
|-resisted|p1a: Kumaryia
|-damage|p1a: Kumaryia|79/100
|
|t:|1760877138
|switch|p2a: Weavile|Weavile, M|100/100|[from] U-turn
|
|upkeep
|turn|4
|
|t:|1760877146
|switch|p2a: Corviknight|Corviknight, M|82/100
|-ability|p2a: Corviknight|Pressure
|move|p1a: Kumaryia|Headlong Rush|p2a: Corviknight
|-immune|p2a: Corviknight
|
|upkeep
|turn|5
|
|t:|1760877155
|-end|p1a: Kumaryia|Protosynthesis|[silent]
|switch|p1a: Arquillian Sentry|Metagross|100/100
|move|p2a: Corviknight|Brave Bird|p1a: Arquillian Sentry
|-resisted|p1a: Arquillian Sentry
|-damage|p1a: Arquillian Sentry|86/100
|-damage|p2a: Corviknight|78/100|[from] Recoil
|
|upkeep
|turn|6
|
|t:|1760877165
|move|p1a: Arquillian Sentry|Stealth Rock|p2a: Corviknight
|-sidestart|p2: cr aries|move: Stealth Rock
|move|p2a: Corviknight|U-turn|p1a: Arquillian Sentry
|-damage|p1a: Arquillian Sentry|75/100
|
|t:|1760877169
|switch|p2a: Gholdengo|Gholdengo|100/100|[from] U-turn
|-damage|p2a: Gholdengo|94/100|[from] Stealth Rock
|
|upkeep
|turn|7
|
|t:|1760877187
|switch|p1a: Gothmog|Iron Moth|100/100
|-enditem|p1a: Gothmog|Booster Energy
|-activate|p1a: Gothmog|ability: Quark Drive|[fromitem]
|-start|p1a: Gothmog|quarkdrivespe
|move|p2a: Gholdengo|Shadow Ball|p1a: Gothmog
|-damage|p1a: Gothmog|64/100
|
|upkeep
|turn|8
|
|t:|1760877196
|switch|p2a: Heatran|Heatran, F|100/100
|-damage|p2a: Heatran|88/100|[from] Stealth Rock
|move|p1a: Gothmog|Fiery Dance|p2a: Heatran
|-start|p2a: Heatran|ability: Flash Fire
|
|-heal|p2a: Heatran|94/100|[from] item: Leftovers
|upkeep
|turn|9
|
|t:|1760877206
|-end|p1a: Gothmog|Quark Drive|[silent]
|switch|p1a: Lacelle|Haxorus, M|100/100
|-ability|p1a: Lacelle|Mold Breaker
|move|p2a: Heatran|Magma Storm|p1a: Lacelle|[miss]
|-miss|p2a: Heatran|p1a: Lacelle
|
|-heal|p2a: Heatran|100/100|[from] item: Leftovers
|upkeep
|turn|10
|
|t:|1760877215
|move|p1a: Lacelle|Swords Dance|p1a: Lacelle
|-boost|p1a: Lacelle|atk|2
|move|p2a: Heatran|Magma Storm|p1a: Lacelle
|-resisted|p1a: Lacelle
|-damage|p1a: Lacelle|53/100
|-activate|p1a: Lacelle|move: Magma Storm|[of] p2a: Heatran
|
|-damage|p1a: Lacelle|41/100|[from] move: Magma Storm|[partiallytrapped]
|upkeep
|turn|11
|
|t:|1760877223
|move|p2a: Heatran|Protect|p2a: Heatran
|-singleturn|p2a: Heatran|Protect
|move|p1a: Lacelle|Close Combat|p2a: Heatran
|-activate|p2a: Heatran|move: Protect
|
|-damage|p1a: Lacelle|28/100|[from] move: Magma Storm|[partiallytrapped]
|upkeep
|turn|12
|
|t:|1760877231
|-end|p2a: Heatran|ability: Flash Fire|[silent]
|switch|p2a: Gholdengo|Gholdengo|94/100
|-damage|p2a: Gholdengo|88/100|[from] Stealth Rock
|move|p1a: Lacelle|Scale Shot|p2a: Gholdengo
|-resisted|p2a: Gholdengo
|-damage|p2a: Gholdengo|79/100
|-resisted|p2a: Gholdengo
|-damage|p2a: Gholdengo|70/100
|-resisted|p2a: Gholdengo
|-damage|p2a: Gholdengo|61/100
|-resisted|p2a: Gholdengo
|-damage|p2a: Gholdengo|52/100
|-resisted|p2a: Gholdengo
|-damage|p2a: Gholdengo|42/100
|-hitcount|p2a: Gholdengo|5
|-unboost|p1a: Lacelle|def|1
|-boost|p1a: Lacelle|spe|1
|
|-end|p1a: Lacelle|Magma Storm|[partiallytrapped]|[silent]
|upkeep
|turn|13
|
|t:|1760877246
|move|p1a: Lacelle|Iron Head|p2a: Gholdengo
|-resisted|p2a: Gholdengo
|-crit|p2a: Gholdengo
|-damage|p2a: Gholdengo|12/100
|move|p2a: Gholdengo|Shadow Ball|p1a: Lacelle
|-damage|p1a: Lacelle|0 fnt
|faint|p1a: Lacelle
|
|upkeep
|
|t:|1760877256
|switch|p1a: Kumaryia|Great Tusk, shiny|79/100
|turn|14
|
|t:|1760877260
|move|p1a: Kumaryia|Knock Off|p2a: Gholdengo
|-supereffective|p2a: Gholdengo
|-damage|p2a: Gholdengo|0 fnt
|-enditem|p2a: Gholdengo|Covert Cloak|[from] move: Knock Off|[of] p1a: Kumaryia
|faint|p2a: Gholdengo
|
|upkeep
|
|t:|1760877262
|switch|p2a: Corviknight|Corviknight, M|78/100
|-damage|p2a: Corviknight|66/100|[from] Stealth Rock
|-ability|p2a: Corviknight|Pressure
|turn|15
|
|t:|1760877270
|-end|p1a: Kumaryia|Protosynthesis|[silent]
|switch|p1a: Arquillian Sentry|Metagross|75/100
|move|p2a: Corviknight|Defog|p1a: Arquillian Sentry
|-fail|p1a: Arquillian Sentry|unboost|[from] ability: Clear Body|[of] p1a: Arquillian Sentry
|-sideend|p2: cr aries|Stealth Rock|[from] move: Defog|[of] p2a: Corviknight
|
|upkeep
|turn|16
|
|t:|1760877276
|move|p1a: Arquillian Sentry|Stealth Rock|p2a: Corviknight
|-sidestart|p2: cr aries|move: Stealth Rock
|move|p2a: Corviknight|Defog|p1a: Arquillian Sentry
|-fail|p1a: Arquillian Sentry|unboost|[from] ability: Clear Body|[of] p1a: Arquillian Sentry
|-sideend|p2: cr aries|Stealth Rock|[from] move: Defog|[of] p2a: Corviknight
|
|upkeep
|turn|17
|
|t:|1760877282
|move|p1a: Arquillian Sentry|Stealth Rock|p2a: Corviknight
|-sidestart|p2: cr aries|move: Stealth Rock
|move|p2a: Corviknight|Roost|p2a: Corviknight
|-heal|p2a: Corviknight|100/100
|-singleturn|p2a: Corviknight|move: Roost
|
|upkeep
|turn|18
|
|t:|1760877289
|switch|p1a: Gothmog|Iron Moth|64/100
|move|p2a: Corviknight|Defog|p1a: Gothmog
|-unboost|p1a: Gothmog|evasion|1
|-sideend|p2: cr aries|Stealth Rock|[from] move: Defog|[of] p2a: Corviknight
|
|upkeep
|turn|19
|
|t:|1760877295
|-end|p1a: Gothmog|Quark Drive|[silent]
|switch|p1a: Kumaryia|Great Tusk, shiny|79/100
|switch|p2a: Heatran|Heatran, F|100/100
|
|upkeep
|turn|20
|
|t:|1760877303
|switch|p2a: Corviknight|Corviknight, M|100/100
|-ability|p2a: Corviknight|Pressure
|move|p1a: Kumaryia|Ice Spinner|p2a: Corviknight
|-damage|p2a: Corviknight|84/100
|
|upkeep
|turn|21
|-message|Nikator98 forfeited.
|
|win|cr aries
|raw|Nikator98's rating: 1645 &rarr; <strong>1625</strong><br />(-20 for losing)
|raw|cr aries's rating: 1640 &rarr; <strong>1660</strong><br />(+20 for winning)
|l|☆Nikator98
|player|p1|
|l|☆cr aries
|player|p2|
