|j|☆flygonisdragon
|j|☆steveurkle
|t:|1760758198
|gametype|singles
|player|p1|flygonisdragon|serena-masters|1646
|player|p2|steveurkle|101|1664
|gen|9
|tier|[Gen 9] OU
|rated|
|rule|HP Percentage Mod: HP is shown in percentages
|rule|Endless Battle Clause: Forcing endless battles is banned
|rule|Species Clause: Limit one of each Pokémon
|rule|OHKO Clause: OHKO moves are banned
|rule|Evasion Items Clause: Evasion items are banned
|rule|Evasion Moves Clause: Evasion moves are banned
|rule|Evasion Abilities Clause: Evasion abilities are banned
|rule|Sleep Moves Clause: Sleep-inducing moves are banned
|clearpoke
|poke|p1|Heatran, F|
|poke|p1|Corviknight, M|
|poke|p1|Ursaluna, F|
|poke|p1|Clefable, F|
|poke|p1|Dragapult, F|
|poke|p1|Zamazenta-*|
|poke|p2|Dragapult, M|
|poke|p2|Weezing-Galar, F|
|poke|p2|Slowking, M|
|poke|p2|Iron Boulder|
|poke|p2|Ting-Lu|
|poke|p2|Pelipper, F|
|teampreview
|inactive|Battle timer is ON: inactive players will automatically lose when time's up. (requested by steveurkle)
|
|t:|1760758217
|teamsize|p1|6
|teamsize|p2|6
|start
|switch|p1a: Heatran|Heatran, F|100/100
|switch|p2a: Pelipper|Pelipper, F|100/100
|-weather|RainDance|[from] ability: Drizzle|[of] p2a: Pelipper
|turn|1
|
|t:|1760758228
|switch|p1a: Ursaluna|Ursaluna, F|100/100
|move|p2a: Pelipper|Weather Ball|p1a: Ursaluna
|-immune|p1a: Ursaluna|[from] ability: Bulletproof
|
|-weather|RainDance|[upkeep]
|upkeep
|turn|2
|
|t:|1760758240
|switch|p2a: Dragapult|Dragapult, M|100/100
|move|p1a: Ursaluna|Supercell Slam|p2a: Dragapult
|-resisted|p2a: Dragapult
|-damage|p2a: Dragapult|74/100
|
|-weather|RainDance|[upkeep]
|upkeep
|turn|3
|
|t:|1760758249
|move|p2a: Dragapult|U-turn|p1a: Ursaluna
|-damage|p1a: Ursaluna|75/100
|
|t:|1760758253
|switch|p2a: Pelipper|Pelipper, F|100/100|[from] U-turn
|move|p1a: Ursaluna|Ice Punch|p2a: Pelipper
|-damage|p2a: Pelipper|70/100
|-status|p2a: Pelipper|frz
|
|-weather|RainDance|[upkeep]
|upkeep
|turn|4
|
|t:|1760758264
|cant|p2a: Pelipper|frz
|move|p1a: Ursaluna|Supercell Slam|p2a: Pelipper|[miss]
|-miss|p1a: Ursaluna|p2a: Pelipper
|-damage|p1a: Ursaluna|25/100|[from] supercellslam
|
|-weather|RainDance|[upkeep]
|upkeep
|turn|5
|
|t:|1760758272
|cant|p2a: Pelipper|frz
|move|p1a: Ursaluna|Supercell Slam|p2a: Pelipper
|-supereffective|p2a: Pelipper
|-damage|p2a: Pelipper|0 fnt
|faint|p2a: Pelipper
|
|-weather|none
|upkeep
|
|t:|1760758282
|switch|p2a: Dragapult|Dragapult, M|74/100
|turn|6
|
|t:|1760758289
|switch|p1a: Corviknight|Corviknight, M|100/100
|-ability|p1a: Corviknight|Pressure
|move|p2a: Dragapult|U-turn|p1a: Corviknight
|-resisted|p1a: Corviknight
|-damage|p1a: Corviknight|95/100
|-damage|p2a: Dragapult|57/100|[from] item: Rocky Helmet|[of] p1a: Corviknight
|
|t:|1760758297
|switch|p2a: Slowking|Slowking, M|100/100|[from] U-turn
|
|upkeep
|turn|7
|
|t:|1760758303
|move|p1a: Corviknight|Brave Bird|p2a: Slowking
|-damage|p2a: Slowking|67/100
|-damage|p1a: Corviknight|84/100|[from] Recoil
|move|p2a: Slowking|Scald|p1a: Corviknight
|-damage|p1a: Corviknight|57/100
|
|upkeep
|turn|8
|
|t:|1760758313
|switch|p1a: Dragapult|Dragapult, F|100/100
|move|p2a: Slowking|Scald|p1a: Dragapult
|-resisted|p1a: Dragapult
|-damage|p1a: Dragapult|82/100
|-status|p1a: Dragapult|brn
|
|-damage|p1a: Dragapult|76/100 brn|[from] brn
|upkeep
|turn|9
|
|t:|1760758324
|move|p1a: Dragapult|U-turn|p2a: Slowking
|-supereffective|p2a: Slowking
|-damage|p2a: Slowking|52/100
|
|t:|1760758327
|switch|p1a: Ursaluna|Ursaluna, F|25/100|[from] U-turn
|-prepare|p2a: Slowking|Chilly Reception|[premajor]
|move|p2a: Slowking|Chilly Reception|p2a: Slowking
|-weather|Snowscape
|
|t:|1760758334
|switch|p2a: Dragapult|Dragapult, M|57/100|[from] Chilly Reception
|
|-weather|Snowscape|[upkeep]
|upkeep
|turn|10
|inactive|flygonisdragon has 120 seconds left.
|
|t:|1760758389
|switch|p1a: Heatran|Heatran, F|100/100
|move|p2a: Dragapult|U-turn|p1a: Heatran
|-resisted|p1a: Heatran
|-damage|p1a: Heatran|93/100
|
|t:|1760758397
|switch|p2a: Slowking|Slowking, M|86/100|[from] U-turn
|
|-weather|Snowscape|[upkeep]
|-heal|p1a: Heatran|99/100|[from] item: Leftovers
|upkeep
|turn|11
|
|t:|1760758415
|move|p1a: Heatran|Stealth Rock|p2a: Slowking
|-sidestart|p2: steveurkle|move: Stealth Rock
|move|p2a: Slowking|Scald|p1a: Heatran
|-supereffective|p1a: Heatran
|-damage|p1a: Heatran|63/100
|
|-weather|Snowscape|[upkeep]
|-heal|p1a: Heatran|69/100|[from] item: Leftovers
|upkeep
|turn|12
|
|t:|1760758426
|-terastallize|p1a: Heatran|Grass
|move|p1a: Heatran|Magma Storm|p2a: Slowking|[miss]
|-miss|p1a: Heatran|p2a: Slowking
|move|p2a: Slowking|Scald|p1a: Heatran
|-resisted|p1a: Heatran
|-damage|p1a: Heatran|60/100
|-status|p1a: Heatran|brn
|
|-weather|Snowscape|[upkeep]
|-heal|p1a: Heatran|66/100 brn|[from] item: Leftovers
|-damage|p1a: Heatran|60/100 brn|[from] brn
|upkeep
|turn|13
|
|t:|1760758441
|move|p1a: Heatran|Taunt|p2a: Slowking
|-start|p2a: Slowking|move: Taunt
|move|p2a: Slowking|Future Sight|p1a: Heatran
|-start|p2a: Slowking|move: Future Sight
|
|-weather|none
|-heal|p1a: Heatran|66/100 brn|[from] item: Leftovers
|-damage|p1a: Heatran|60/100 brn|[from] brn
|upkeep
|turn|14
|
|t:|1760758455
|switch|p2a: Dragapult|Dragapult, M|57/100
|-damage|p2a: Dragapult|45/100|[from] Stealth Rock
|move|p1a: Heatran|Magma Storm|p2a: Dragapult|[miss]
|-miss|p1a: Heatran|p2a: Dragapult
|
|-heal|p1a: Heatran|66/100 brn|[from] item: Leftovers
|-damage|p1a: Heatran|60/100 brn|[from] brn
|upkeep
|turn|15
|
|t:|1760758469
|switch|p1a: Corviknight|Corviknight, M|57/100
|-ability|p1a: Corviknight|Pressure
|move|p2a: Dragapult|Phantom Force||[still]
|-prepare|p2a: Dragapult|Phantom Force
|
|-end|p1a: Corviknight|move: Future Sight
|-resisted|p1a: Corviknight
|-damage|p1a: Corviknight|36/100
|upkeep
|turn|16
|
|t:|1760758479
|move|p2a: Dragapult|Phantom Force|p1a: Corviknight|[from] lockedmove
|-damage|p1a: Corviknight|0 fnt
|-damage|p2a: Dragapult|28/100|[from] item: Rocky Helmet|[of] p1a: Corviknight
|faint|p1a: Corviknight
|
|upkeep
|
|t:|1760758484
|switch|p1a: Ursaluna|Ursaluna, F|25/100
|turn|17
|inactive|flygonisdragon has 120 seconds left.
|
|t:|1760758497
|switch|p2a: Ting-Lu|Ting-Lu|100/100
|-damage|p2a: Ting-Lu|94/100|[from] Stealth Rock
|-ability|p2a: Ting-Lu|Vessel of Ruin
|move|p1a: Ursaluna|Headlong Rush|p2a: Ting-Lu
|-damage|p2a: Ting-Lu|53/100
|-unboost|p1a: Ursaluna|def|1
|-unboost|p1a: Ursaluna|spd|1
|
|-heal|p2a: Ting-Lu|59/100|[from] item: Leftovers
|upkeep
|turn|18
|
|t:|1760758509
|move|p1a: Ursaluna|Close Combat|p2a: Ting-Lu
|-supereffective|p2a: Ting-Lu
|-damage|p2a: Ting-Lu|4/100
|-unboost|p1a: Ursaluna|def|1
|-unboost|p1a: Ursaluna|spd|1
|move|p2a: Ting-Lu|Earthquake|p1a: Ursaluna
|-damage|p1a: Ursaluna|0 fnt
|faint|p1a: Ursaluna
|
|-heal|p2a: Ting-Lu|10/100|[from] item: Leftovers
|upkeep
|
|t:|1760758512
|switch|p1a: Dragapult|Dragapult, F|76/100 brn
|turn|19
|
|t:|1760758524
|move|p1a: Dragapult|U-turn|p2a: Ting-Lu
|-supereffective|p2a: Ting-Lu
|-damage|p2a: Ting-Lu|1/100
|
|t:|1760758531
|switch|p1a: Clefable|Clefable, F|100/100|[from] U-turn
|move|p2a: Ting-Lu|Earthquake|p1a: Clefable
|-damage|p1a: Clefable|70/100
|
|-heal|p2a: Ting-Lu|8/100|[from] item: Leftovers
|upkeep
|turn|20
|
|t:|1760758540
|move|p1a: Clefable|Moonblast|p2a: Ting-Lu
|-supereffective|p2a: Ting-Lu
|-damage|p2a: Ting-Lu|0 fnt
|faint|p2a: Ting-Lu
|
|upkeep
|
|t:|1760758547
|switch|p2a: Weezing|Weezing-Galar, F|100/100
|-ability|p2a: Weezing|Neutralizing Gas
|-damage|p2a: Weezing|88/100|[from] Stealth Rock
|turn|21
|
|t:|1760758553
|switch|p1a: Heatran|Heatran, F, tera:Grass|60/100 brn
|move|p2a: Weezing|Sludge Bomb|p1a: Heatran
|-supereffective|p1a: Heatran
|-damage|p1a: Heatran|24/100 brn
|
|-heal|p1a: Heatran|31/100 brn|[from] item: Leftovers
|-damage|p1a: Heatran|24/100 brn|[from] brn
|upkeep
|turn|22
|
|t:|1760758565
|move|p1a: Heatran|Magma Storm|p2a: Weezing
|-damage|p2a: Weezing|36/100
|-activate|p2a: Weezing|move: Magma Storm|[of] p1a: Heatran
|move|p2a: Weezing|Sludge Bomb|p1a: Heatran
|-supereffective|p1a: Heatran
|-damage|p1a: Heatran|0 fnt
|faint|p1a: Heatran
|
|-end|p2a: Weezing|Magma Storm|[partiallytrapped]|[silent]
|upkeep
|
|t:|1760758568
|switch|p1a: Dragapult|Dragapult, F|76/100 brn
|turn|23
|
|t:|1760758575
|move|p1a: Dragapult|Shadow Ball|p2a: Weezing
|-damage|p2a: Weezing|0 fnt
|faint|p2a: Weezing
|-end|p2a: Weezing|ability: Neutralizing Gas
|
|-damage|p1a: Dragapult|70/100 brn|[from] brn
|upkeep
|
|t:|1760758587
|switch|p2a: Dragapult|Dragapult, M|28/100
|-damage|p2a: Dragapult|16/100|[from] Stealth Rock
|turn|24
|
|t:|1760758593
|switch|p1a: Clefable|Clefable, F|70/100
|move|p2a: Dragapult|Phantom Force||[still]
|-prepare|p2a: Dragapult|Phantom Force
|
|upkeep
|turn|25
|
|t:|1760758599
|move|p2a: Dragapult|Phantom Force|p1a: Clefable|[from] lockedmove
|-damage|p1a: Clefable|20/100
|move|p1a: Clefable|Moonblast|p2a: Dragapult
|-supereffective|p2a: Dragapult
|-damage|p2a: Dragapult|0 fnt
|faint|p2a: Dragapult
|
|upkeep
|
|t:|1760758608
|switch|p2a: Iron Boulder|Iron Boulder|100/100
|-damage|p2a: Iron Boulder|88/100|[from] Stealth Rock
|-enditem|p2a: Iron Boulder|Booster Energy
|-activate|p2a: Iron Boulder|ability: Quark Drive|[fromitem]
|-start|p2a: Iron Boulder|quarkdrivespe
|turn|26
|
|t:|1760758615
|move|p2a: Iron Boulder|Mighty Cleave|p1a: Clefable
|-damage|p1a: Clefable|0 fnt
|faint|p1a: Clefable
|
|upkeep
|
|t:|1760758638
|switch|p1a: Dragapult|Dragapult, F|70/100 brn
|turn|27
|
|t:|1760758649
|-terastallize|p2a: Iron Boulder|Fairy
|move|p2a: Iron Boulder|Swords Dance|p2a: Iron Boulder
|-boost|p2a: Iron Boulder|atk|2
|move|p1a: Dragapult|Shadow Ball|p2a: Iron Boulder
|-damage|p2a: Iron Boulder|39/100
|
|-damage|p1a: Dragapult|64/100 brn|[from] brn
|upkeep
|turn|28
|
|t:|1760758660
|move|p2a: Iron Boulder|Tera Blast|p1a: Dragapult|[anim] Tera Blast Fairy
|-supereffective|p1a: Dragapult
|-damage|p1a: Dragapult|0 fnt
|faint|p1a: Dragapult
|
|upkeep
|
|t:|1760758663
|switch|p1a: Zamazenta|Zamazenta|100/100
|-ability|p1a: Zamazenta|Dauntless Shield|boost
|-boost|p1a: Zamazenta|def|1
|turn|29
|
|t:|1760758669
|move|p2a: Iron Boulder|Tera Blast|p1a: Zamazenta|[anim] Tera Blast Fairy
|-supereffective|p1a: Zamazenta
|-damage|p1a: Zamazenta|21/100
|move|p1a: Zamazenta|Iron Defense|p1a: Zamazenta
|-boost|p1a: Zamazenta|def|2
|
|-heal|p1a: Zamazenta|27/100|[from] item: Leftovers
|upkeep
|turn|30
|
|t:|1760758677
|move|p2a: Iron Boulder|Tera Blast|p1a: Zamazenta|[anim] Tera Blast Fairy
|-supereffective|p1a: Zamazenta
|-crit|p1a: Zamazenta
|-damage|p1a: Zamazenta|0 fnt
|faint|p1a: Zamazenta
|
|win|steveurkle
|raw|flygonisdragon's rating: 1646 &rarr; <strong>1627</strong><br />(-19 for losing)
|raw|steveurkle's rating: 1664 &rarr; <strong>1683</strong><br />(+19 for winning)
|l|☆flygonisdragon
|player|p1|
|l|☆steveurkle
|player|p2|
