|j|☆Brigadi25
|j|☆JOE MAMA SLICE'S
|t:|1760815673
|gametype|singles
|player|p1|Brigadi25|bugcatcher-gen4dp|1310
|player|p2|JOE MAMA SLICE'S|cynthia-masters|1315
|gen|9
|tier|[Gen 9] OU
|rated|
|rule|HP Percentage Mod: HP is shown in percentages
|rule|Endless Battle Clause: Forcing endless battles is banned
|rule|Species Clause: Limit one of each Pokémon
|rule|OHKO Clause: OHKO moves are banned
|rule|Evasion Items Clause: Evasion items are banned
|rule|Evasion Moves Clause: Evasion moves are banned
|rule|Evasion Abilities Clause: Evasion abilities are banned
|rule|Sleep Moves Clause: Sleep-inducing moves are banned
|clearpoke
|poke|p1|Kleavor, F|
|poke|p1|Ogerpon-Wellspring, F|
|poke|p1|Tornadus-Therian, M|
|poke|p1|Goodra, M|
|poke|p1|Serperior, M|
|poke|p1|Iron Treads|
|poke|p2|Darkrai|
|poke|p2|Great Tusk|
|poke|p2|Scizor, M|
|poke|p2|Kyurem|
|poke|p2|Slowking, M|
|poke|p2|Weezing-Galar, M|
|teampreview
|inactive|Battle timer is ON: inactive players will automatically lose when time's up. (requested by Brigadi25)
|
|t:|1760815690
|teamsize|p1|6
|teamsize|p2|6
|start
|switch|p1a: Tornadus|Tornadus-Therian, M|100/100
|switch|p2a: Great Tusk|Great Tusk|100/100
|turn|1
|
|t:|1760815695
|-end|p2a: Great Tusk|Protosynthesis|[silent]
|switch|p2a: Slowking|Slowking, M|100/100
|move|p1a: Tornadus|Bleakwind Storm|p2a: Slowking|[miss]
|-miss|p1a: Tornadus|p2a: Slowking
|
|upkeep
|turn|2
|
|t:|1760815700
|move|p1a: Tornadus|Taunt|p2a: Slowking
|-start|p2a: Slowking|move: Taunt
|-prepare|p2a: Slowking|Chilly Reception|[premajor]
|cant|p2a: Slowking|move: Taunt|Chilly Reception
|
|upkeep
|turn|3
|
|t:|1760815704
|move|p1a: Tornadus|U-turn|p2a: Slowking
|-supereffective|p2a: Slowking
|-damage|p2a: Slowking|79/100
|
|t:|1760815712
|switch|p1a: Kleavor|Kleavor, F|100/100|[from] U-turn
|move|p2a: Slowking|Future Sight|p1a: Kleavor
|-start|p2a: Slowking|move: Future Sight
|
|upkeep
|turn|4
|
|t:|1760815720
|switch|p2a: Great Tusk|Great Tusk|100/100
|move|p1a: Kleavor|U-turn|p2a: Great Tusk
|-resisted|p2a: Great Tusk
|-damage|p2a: Great Tusk|87/100
|
|t:|1760815732
|switch|p1a: Tornadus|Tornadus-Therian, M|100/100|[from] U-turn
|
|upkeep
|turn|5
|
|t:|1760815737
|move|p1a: Tornadus|Bleakwind Storm|p2a: Great Tusk
|-supereffective|p2a: Great Tusk
|-damage|p2a: Great Tusk|0 fnt
|faint|p2a: Great Tusk
|-end|p2a: Great Tusk|Protosynthesis|[silent]
|
|-end|p1a: Tornadus|move: Future Sight
|-damage|p1a: Tornadus|57/100
|upkeep
|
|t:|1760815742
|switch|p2a: Slowking|Slowking, M|100/100
|turn|6
|
|t:|1760815746
|move|p1a: Tornadus|U-turn|p2a: Slowking
|-supereffective|p2a: Slowking
|-damage|p2a: Slowking|79/100
|
|t:|1760815750
|switch|p1a: Kleavor|Kleavor, F|100/100|[from] U-turn
|move|p2a: Slowking|Future Sight|p1a: Kleavor
|-start|p2a: Slowking|move: Future Sight
|
|upkeep
|turn|7
|
|t:|1760815758
|switch|p2a: Scizor|Scizor, M|100/100
|move|p1a: Kleavor|Stone Axe|p2a: Scizor|[miss]
|-miss|p1a: Kleavor|p2a: Scizor
|
|upkeep
|turn|8
|
|t:|1760815764
|move|p2a: Scizor|Bullet Punch|p1a: Kleavor
|-supereffective|p1a: Kleavor
|-damage|p1a: Kleavor|0 fnt
|faint|p1a: Kleavor
|
|-hint|Future Sight did not hit because the target is fainted.
|upkeep
|
|t:|1760815769
|switch|p1a: Tornadus|Tornadus-Therian, M|90/100
|turn|9
|
|t:|1760815774
|switch|p2a: Slowking|Slowking, M|100/100
|move|p1a: Tornadus|U-turn|p2a: Slowking
|-supereffective|p2a: Slowking
|-damage|p2a: Slowking|81/100
|
|t:|1760815778
|switch|p1a: Ogerpon|Ogerpon-Wellspring, F|100/100|[from] U-turn
|
|upkeep
|turn|10
|
|t:|1760815784
|switch|p2a: Weezing|Weezing-Galar, M|100/100
|-ability|p2a: Weezing|Neutralizing Gas
|move|p1a: Ogerpon|Knock Off|p2a: Weezing
|-resisted|p2a: Weezing
|-damage|p2a: Weezing|87/100
|-enditem|p2a: Weezing|Heavy-Duty Boots|[from] move: Knock Off|[of] p1a: Ogerpon
|
|upkeep
|turn|11
|
|t:|1760815798
|switch|p1a: Tornadus|Tornadus-Therian, M|100/100
|move|p2a: Weezing|Will-O-Wisp|p1a: Tornadus|[miss]
|-miss|p2a: Weezing|p1a: Tornadus
|
|upkeep
|turn|12
|
|t:|1760815803
|move|p1a: Tornadus|Taunt|p2a: Weezing
|-start|p2a: Weezing|move: Taunt
|move|p2a: Weezing|Sludge Bomb|p1a: Tornadus
|-damage|p1a: Tornadus|72/100
|
|upkeep
|turn|13
|
|t:|1760815809
|-end|p2a: Weezing|ability: Neutralizing Gas
|switch|p2a: Slowking|Slowking, M|100/100
|move|p1a: Tornadus|U-turn|p2a: Slowking
|-supereffective|p2a: Slowking
|-damage|p2a: Slowking|79/100
|
|t:|1760815815
|switch|p1a: Ogerpon|Ogerpon-Wellspring, F|100/100|[from] U-turn
|
|upkeep
|turn|14
|
|t:|1760815818
|switch|p2a: Weezing|Weezing-Galar, M|87/100
|-ability|p2a: Weezing|Neutralizing Gas
|move|p1a: Ogerpon|U-turn|p2a: Weezing
|-resisted|p2a: Weezing
|-damage|p2a: Weezing|83/100
|
|t:|1760815825
|switch|p1a: Iron Treads|Iron Treads|100/100|[from] U-turn
|
|upkeep
|turn|15
|
|t:|1760815829
|-end|p2a: Weezing|ability: Neutralizing Gas
|switch|p2a: Slowking|Slowking, M|100/100
|move|p1a: Iron Treads|Earthquake|p2a: Slowking
|-damage|p2a: Slowking|69/100
|
|upkeep
|turn|16
|
|t:|1760815838
|move|p1a: Iron Treads|Earthquake|p2a: Slowking
|-damage|p2a: Slowking|38/100
|-prepare|p2a: Slowking|Chilly Reception|[premajor]
|move|p2a: Slowking|Chilly Reception|p2a: Slowking
|-weather|Snowscape
|
|t:|1760815844
|switch|p2a: Kyurem|Kyurem|100/100|[from] Chilly Reception
|-ability|p2a: Kyurem|Pressure
|
|-weather|Snowscape|[upkeep]
|upkeep
|turn|17
|inactive|Brigadi25 has 120 seconds left.
|
|t:|1760815875
|move|p1a: Iron Treads|Volt Switch|p2a: Kyurem
|-resisted|p2a: Kyurem
|-damage|p2a: Kyurem|95/100
|inactive|Brigadi25 has 120 seconds left.
|
|t:|1760815882
|-end|p1a: Iron Treads|Quark Drive|[silent]
|switch|p1a: Tornadus|Tornadus-Therian, M|100/100|[from] Volt Switch
|move|p2a: Kyurem|Ice Beam|p1a: Tornadus
|-supereffective|p1a: Tornadus
|-damage|p1a: Tornadus|0 fnt
|faint|p1a: Tornadus
|
|-weather|Snowscape|[upkeep]
|upkeep
|inactive|Brigadi25 has 120 seconds left.
|
|t:|1760815894
|switch|p1a: Ogerpon|Ogerpon-Wellspring, F|100/100
|turn|18
|
|t:|1760815898
|-terastallize|p1a: Ogerpon|Water
|detailschange|p1a: Ogerpon|Ogerpon-Wellspring-Tera, F, tera:Water
|-ability|p1a: Ogerpon|Embody Aspect (Wellspring)|boost
|-boost|p1a: Ogerpon|spd|1
|move|p1a: Ogerpon|Knock Off|p2a: Kyurem
|-damage|p2a: Kyurem|70/100
|-enditem|p2a: Kyurem|Choice Specs|[from] move: Knock Off|[of] p1a: Ogerpon
|move|p2a: Kyurem|Ice Beam|p1a: Ogerpon
|-resisted|p1a: Ogerpon
|-damage|p1a: Ogerpon|81/100
|
|-weather|Snowscape|[upkeep]
|upkeep
|turn|19
|
|t:|1760815909
|move|p1a: Ogerpon|Encore|p2a: Kyurem
|-start|p2a: Kyurem|Encore
|move|p2a: Kyurem|Ice Beam|p1a: Ogerpon
|-resisted|p1a: Ogerpon
|-damage|p1a: Ogerpon|62/100
|
|-weather|Snowscape|[upkeep]
|upkeep
|turn|20
|
|t:|1760815917
|switch|p2a: Weezing|Weezing-Galar, M|83/100
|-ability|p2a: Weezing|Neutralizing Gas
|move|p1a: Ogerpon|Ivy Cudgel|p2a: Weezing|[anim] Ivy Cudgel Water
|-damage|p2a: Weezing|33/100
|
|-weather|none
|upkeep
|turn|21
|
|t:|1760815925
|move|p1a: Ogerpon|Ivy Cudgel|p2a: Weezing|[anim] Ivy Cudgel Water
|-damage|p2a: Weezing|0 fnt
|faint|p2a: Weezing
|-end|p2a: Weezing|ability: Neutralizing Gas
|
|upkeep
|
|t:|1760815938
|switch|p2a: Kyurem|Kyurem|70/100
|-ability|p2a: Kyurem|Pressure
|turn|22
|
|t:|1760815946
|move|p1a: Ogerpon|U-turn|p2a: Kyurem
|-damage|p2a: Kyurem|43/100
|
|t:|1760815976
|switch|p1a: Iron Treads|Iron Treads|100/100|[from] U-turn
|move|p2a: Kyurem|Freeze-Dry|p1a: Iron Treads
|-damage|p1a: Iron Treads|68/100
|
|upkeep
|turn|23
|
|t:|1760815984
|switch|p2a: Scizor|Scizor, M|100/100
|move|p1a: Iron Treads|Rapid Spin|p2a: Scizor
|-resisted|p2a: Scizor
|-damage|p2a: Scizor|92/100
|-boost|p1a: Iron Treads|spe|1
|
|upkeep
|turn|24
|
|t:|1760815998
|move|p1a: Iron Treads|Earthquake|p2a: Scizor
|-damage|p2a: Scizor|42/100
|move|p2a: Scizor|U-turn|p1a: Iron Treads
|-resisted|p1a: Iron Treads
|-damage|p1a: Iron Treads|43/100
|
|t:|1760816012
|switch|p2a: Slowking|Slowking, M|71/100|[from] U-turn
|
|upkeep
|turn|25
|inactive|Brigadi25 has 120 seconds left.
|
|t:|1760816046
|move|p1a: Iron Treads|Volt Switch|p2a: Slowking
|-supereffective|p2a: Slowking
|-damage|p2a: Slowking|54/100
|
|t:|1760816049
|-end|p1a: Iron Treads|Quark Drive|[silent]
|switch|p1a: Ogerpon|Ogerpon-Wellspring-Tera, F, tera:Water|62/100|[from] Volt Switch
|-ability|p1a: Ogerpon|Embody Aspect (Wellspring)|boost
|-boost|p1a: Ogerpon|spd|1
|-prepare|p2a: Slowking|Chilly Reception|[premajor]
|move|p2a: Slowking|Chilly Reception|p2a: Slowking
|-weather|Snowscape
|
|t:|1760816057
|switch|p2a: Kyurem|Kyurem|43/100|[from] Chilly Reception
|-ability|p2a: Kyurem|Pressure
|
|-weather|Snowscape|[upkeep]
|upkeep
|turn|26
|
|t:|1760816065
|move|p1a: Ogerpon|U-turn|p2a: Kyurem
|-crit|p2a: Kyurem
|-damage|p2a: Kyurem|16/100
|
|t:|1760816070
|switch|p1a: Goodra|Goodra, M|100/100|[from] U-turn
|move|p2a: Kyurem|Freeze-Dry|p1a: Goodra
|-supereffective|p1a: Goodra
|-damage|p1a: Goodra|69/100
|
|-weather|Snowscape|[upkeep]
|upkeep
|turn|27
|
|t:|1760816084
|move|p2a: Kyurem|Draco Meteor|p1a: Goodra
|-supereffective|p1a: Goodra
|-damage|p1a: Goodra|5/100
|-unboost|p2a: Kyurem|spa|2
|move|p1a: Goodra|Fire Blast|p2a: Kyurem
|-damage|p2a: Kyurem|0 fnt
|faint|p2a: Kyurem
|
|-weather|Snowscape|[upkeep]
|upkeep
|
|t:|1760816089
|switch|p2a: Darkrai|Darkrai|100/100
|turn|28
|
|t:|1760816103
|move|p2a: Darkrai|Dark Pulse|p1a: Goodra
|-damage|p1a: Goodra|0 fnt
|faint|p1a: Goodra
|
|-weather|Snowscape|[upkeep]
|upkeep
|
|t:|1760816117
|switch|p1a: Serperior|Serperior, M|100/100
|turn|29
|
|t:|1760816121
|-terastallize|p2a: Darkrai|Poison
|move|p2a: Darkrai|Sludge Bomb|p1a: Serperior
|-supereffective|p1a: Serperior
|-damage|p1a: Serperior|0 fnt
|faint|p1a: Serperior
|
|-weather|none
|upkeep
|
|t:|1760816128
|switch|p1a: Iron Treads|Iron Treads|43/100
|turn|30
|
|t:|1760816131
|move|p2a: Darkrai|Dark Pulse|p1a: Iron Treads
|-damage|p1a: Iron Treads|3/100
|move|p1a: Iron Treads|Earthquake|p2a: Darkrai
|-supereffective|p2a: Darkrai
|-damage|p2a: Darkrai|0 fnt
|faint|p2a: Darkrai
|
|upkeep
|
|t:|1760816135
|switch|p2a: Scizor|Scizor, M|42/100
|turn|31
|
|t:|1760816143
|move|p2a: Scizor|Bullet Punch|p1a: Iron Treads
|-resisted|p1a: Iron Treads
|-damage|p1a: Iron Treads|0 fnt
|faint|p1a: Iron Treads
|-end|p1a: Iron Treads|Quark Drive|[silent]
|
|upkeep
|
|t:|1760816147
|switch|p1a: Ogerpon|Ogerpon-Wellspring-Tera, F, tera:Water|62/100
|-ability|p1a: Ogerpon|Embody Aspect (Wellspring)|boost
|-boost|p1a: Ogerpon|spd|1
|turn|32
|
|t:|1760816151
|move|p2a: Scizor|Bullet Punch|p1a: Ogerpon
|-resisted|p1a: Ogerpon
|-damage|p1a: Ogerpon|30/100
|move|p1a: Ogerpon|Ivy Cudgel|p2a: Scizor|[anim] Ivy Cudgel Water
|-damage|p2a: Scizor|0 fnt
|faint|p2a: Scizor
|
|upkeep
|
|t:|1760816153
|switch|p2a: Slowking|Slowking, M|87/100
|turn|33
|
|t:|1760816160
|move|p1a: Ogerpon|Knock Off|p2a: Slowking
|-supereffective|p2a: Slowking
|-damage|p2a: Slowking|27/100
|-enditem|p2a: Slowking|Heavy-Duty Boots|[from] move: Knock Off|[of] p1a: Ogerpon
|move|p2a: Slowking|Future Sight|p1a: Ogerpon
|-start|p2a: Slowking|move: Future Sight
|
|upkeep
|turn|34
|
|t:|1760816165
|move|p1a: Ogerpon|Knock Off|p2a: Slowking
|-supereffective|p2a: Slowking
|-damage|p2a: Slowking|0 fnt
|faint|p2a: Slowking
|
|win|Brigadi25
|raw|Brigadi25's rating: 1310 &rarr; <strong>1330</strong><br />(+20 for winning)
|raw|JOE MAMA SLICE&apos;S's rating: 1315 &rarr; <strong>1295</strong><br />(-20 for losing)
|c|☆JOE MAMA SLICE'S|ggs
|c|☆Brigadi25|gg
|l|☆Brigadi25
|player|p1|
|l|☆JOE MAMA SLICE'S
|player|p2|
