|j|☆MonsterZogg
|j|☆cringemansam
|t:|1760798309
|gametype|singles
|player|p1|MonsterZogg|pokemonrangerf|1096
|player|p2|cringemansam|fisherman|1151
|gen|9
|tier|[Gen 9] OU
|rated|
|rule|HP Percentage Mod: HP is shown in percentages
|rule|Endless Battle Clause: Forcing endless battles is banned
|rule|Species Clause: Limit one of each Pokémon
|rule|OHKO Clause: OHKO moves are banned
|rule|Evasion Items Clause: Evasion items are banned
|rule|Evasion Moves Clause: Evasion moves are banned
|rule|Evasion Abilities Clause: Evasion abilities are banned
|rule|Sleep Moves Clause: Sleep-inducing moves are banned
|clearpoke
|poke|p1|Haxorus, F|
|poke|p1|Salamence, M|
|poke|p1|Goodra, F|
|poke|p1|Garchomp, M|
|poke|p1|Arbok, M|
|poke|p1|Dragonite, M|
|poke|p2|Alomomola, M|
|poke|p2|Slowking-Galar, M|
|poke|p2|Garganacl, M|
|poke|p2|Ceruledge, F|
|poke|p2|Tinkaton, F|
|poke|p2|Great Tusk|
|teampreview
|inactive|Battle timer is ON: inactive players will automatically lose when time's up. (requested by cringemansam)
|c|☆MonsterZogg|arbok will show NO mercy
|
|t:|1760798329
|teamsize|p1|6
|teamsize|p2|6
|start
|switch|p1a: Arbok|Arbok, M|100/100
|switch|p2a: Alomomola|Alomomola, M|100/100
|-ability|p1a: Arbok|Intimidate|boost
|-unboost|p2a: Alomomola|atk|1
|turn|1
|
|t:|1760798332
|move|p1a: Arbok|Glare|p2a: Alomomola
|-status|p2a: Alomomola|par
|move|p2a: Alomomola|Flip Turn|p1a: Arbok
|-damage|p1a: Arbok|89/100
|-enditem|p1a: Arbok|Red Card|[of] p2a: Alomomola
|drag|p2a: Greater Tusk|Great Tusk, shiny|100/100
|
|upkeep
|turn|2
|
|t:|1760798340
|move|p2a: Greater Tusk|Rapid Spin|p1a: Arbok
|-damage|p1a: Arbok|74/100
|-boost|p2a: Greater Tusk|spe|1
|move|p1a: Arbok|Glare|p2a: Greater Tusk
|-status|p2a: Greater Tusk|par
|
|upkeep
|turn|3
|
|t:|1760798345
|cant|p2a: Greater Tusk|par
|move|p1a: Arbok|Knock Off|p2a: Greater Tusk
|-resisted|p2a: Greater Tusk
|-damage|p2a: Greater Tusk|92/100 par
|-enditem|p2a: Greater Tusk|Heavy-Duty Boots|[from] move: Knock Off|[of] p1a: Arbok
|
|upkeep
|turn|4
|
|t:|1760798349
|cant|p2a: Greater Tusk|par
|move|p1a: Arbok|Seed Bomb|p2a: Greater Tusk
|-supereffective|p2a: Greater Tusk
|-damage|p2a: Greater Tusk|67/100 par
|
|upkeep
|turn|5
|
|t:|1760798360
|switch|p1a: Goodra|Goodra, F|100/100
|move|p2a: Greater Tusk|Headlong Rush|p1a: Goodra
|-damage|p1a: Goodra|7/100
|-unboost|p2a: Greater Tusk|def|1
|-unboost|p2a: Greater Tusk|spd|1
|-ability|p1a: Goodra|Gooey
|-unboost|p2a: Greater Tusk|spe|1
|
|upkeep
|turn|6
|
|t:|1760798373
|-end|p2a: Greater Tusk|Protosynthesis|[silent]
|switch|p2a: Steven|Slowking-Galar, M, shiny|100/100
|move|p1a: Goodra|Ice Beam|p2a: Steven
|-damage|p2a: Steven|80/100
|
|upkeep
|turn|7
|
|t:|1760798394
|move|p1a: Goodra|Ice Beam|p2a: Steven
|-damage|p2a: Steven|59/100
|move|p2a: Steven|Future Sight|p1a: Goodra
|-start|p2a: Steven|move: Future Sight
|
|upkeep
|turn|8
|inactive|MonsterZogg has 120 seconds left.
|inactive|MonsterZogg has 90 seconds left.
|
|t:|1760798448
|move|p1a: Goodra|Sludge Bomb|p2a: Steven
|-resisted|p2a: Steven
|-damage|p2a: Steven|48/100
|-prepare|p2a: Steven|Chilly Reception|[premajor]
|move|p2a: Steven|Chilly Reception|p2a: Steven
|-weather|Snowscape
|
|t:|1760798462
|switch|p2a: Tinkaton|Tinkaton, F|100/100|[from] Chilly Reception
|-ability|p2a: Tinkaton|Mold Breaker
|
|-weather|Snowscape|[upkeep]
|upkeep
|turn|9
|
|t:|1760798466
|move|p2a: Tinkaton|Stealth Rock|p1a: Goodra
|-sidestart|p1: MonsterZogg|move: Stealth Rock
|move|p1a: Goodra|Flamethrower|p2a: Tinkaton
|-supereffective|p2a: Tinkaton
|-damage|p2a: Tinkaton|36/100
|
|-weather|Snowscape|[upkeep]
|-end|p1a: Goodra|move: Future Sight
|-damage|p1a: Goodra|0 fnt
|faint|p1a: Goodra
|upkeep
|inactive|MonsterZogg has 90 seconds left.
|
|t:|1760798491
|switch|p1a: Salamence|Salamence, M|100/100
|-damage|p1a: Salamence|75/100|[from] Stealth Rock
|turn|10
|
|t:|1760798509
|move|p1a: Salamence|Earthquake|p2a: Tinkaton
|-supereffective|p2a: Tinkaton
|-damage|p2a: Tinkaton|0 fnt
|faint|p2a: Tinkaton
|-ability|p1a: Salamence|Moxie|boost
|-boost|p1a: Salamence|atk|1
|
|-weather|Snowscape|[upkeep]
|upkeep
|
|t:|1760798517
|switch|p2a: Alomomola|Alomomola, M|100/100 par
|turn|11
|
|t:|1760798524
|move|p1a: Salamence|Dragon Dance|p1a: Salamence
|-boost|p1a: Salamence|atk|1
|-boost|p1a: Salamence|spe|1
|cant|p2a: Alomomola|par
|
|-weather|Snowscape|[upkeep]
|upkeep
|turn|12
|c|☆MonsterZogg|see what happens when you dont respect the bok
|inactive|cringemansam has 120 seconds left.
|
|t:|1760798582
|move|p1a: Salamence|Dragon Dance|p1a: Salamence
|-boost|p1a: Salamence|atk|1
|-boost|p1a: Salamence|spe|1
|move|p2a: Alomomola|Scald|p1a: Salamence
|-resisted|p1a: Salamence
|-damage|p1a: Salamence|67/100
|
|-weather|none
|upkeep
|turn|13
|
|t:|1760798588
|move|p1a: Salamence|Dragon Dance|p1a: Salamence
|-boost|p1a: Salamence|atk|1
|-boost|p1a: Salamence|spe|1
|cant|p2a: Alomomola|par
|
|upkeep
|turn|14
|
|t:|1760798591
|move|p1a: Salamence|Outrage|p2a: Alomomola
|-damage|p2a: Alomomola|0 fnt
|-damage|p1a: Salamence|50/100|[from] item: Rocky Helmet|[of] p2a: Alomomola
|faint|p2a: Alomomola
|-ability|p1a: Salamence|Moxie|boost
|-boost|p1a: Salamence|atk|1
|
|upkeep
|
|t:|1760798594
|switch|p2a: Minecraft|Garganacl, M, shiny|100/100
|turn|15
|
|t:|1760798596
|-terastallize|p2a: Minecraft|Fairy
|move|p1a: Salamence|Outrage|p2a: Minecraft|[from] lockedmove
|-immune|p2a: Minecraft
|-start|p1a: Salamence|confusion|[fatigue]
|-enditem|p1a: Salamence|Lum Berry|[eat]
|-end|p1a: Salamence|confusion
|move|p2a: Minecraft|Salt Cure|p1a: Salamence
|-supereffective|p1a: Salamence
|-damage|p1a: Salamence|17/100
|-start|p1a: Salamence|Salt Cure
|
|-damage|p1a: Salamence|5/100|[from] Salt Cure
|upkeep
|turn|16
|
|t:|1760798602
|switch|p2a: Greater Tusk|Great Tusk, shiny|67/100 par
|-terastallize|p1a: Salamence|Fire
|move|p1a: Salamence|Temper Flare|p2a: Greater Tusk
|-damage|p2a: Greater Tusk|0 fnt
|faint|p2a: Greater Tusk
|-end|p2a: Greater Tusk|Protosynthesis|[silent]
|-ability|p1a: Salamence|Moxie|boost
|-boost|p1a: Salamence|atk|1
|
|-damage|p1a: Salamence|0 fnt|[from] Salt Cure
|faint|p1a: Salamence
|upkeep
|inactive|cringemansam has 120 seconds left.
|
|t:|1760798623
|switch|p1a: Garchomp|Garchomp, M|100/100
|switch|p2a: Ceruledge|Ceruledge, F|100/100
|-damage|p1a: Garchomp|94/100|[from] Stealth Rock
|turn|17
|
|t:|1760798627
|move|p1a: Garchomp|Earthquake|p2a: Ceruledge
|-supereffective|p2a: Ceruledge
|-crit|p2a: Ceruledge
|-damage|p2a: Ceruledge|0 fnt
|faint|p2a: Ceruledge
|
|upkeep
|
|t:|1760798630
|switch|p2a: Minecraft|Garganacl, M, shiny, tera:Fairy|100/100
|turn|18
|
|t:|1760798635
|switch|p1a: Dragonite|Dragonite, M|100/100
|move|p2a: Minecraft|Curse|p2a: Minecraft
|-unboost|p2a: Minecraft|spe|1
|-boost|p2a: Minecraft|atk|1
|-boost|p2a: Minecraft|def|1
|
|upkeep
|turn|19
|
|t:|1760798640
|move|p1a: Dragonite|Hurricane|p2a: Minecraft
|-damage|p2a: Minecraft|68/100
|-start|p2a: Minecraft|confusion
|-activate|p2a: Minecraft|confusion
|move|p2a: Minecraft|Curse|p2a: Minecraft
|-unboost|p2a: Minecraft|spe|1
|-boost|p2a: Minecraft|atk|1
|-boost|p2a: Minecraft|def|1
|
|-heal|p2a: Minecraft|75/100|[from] item: Leftovers
|upkeep
|turn|20
|
|t:|1760798644
|switch|p1a: Arbok|Arbok, M|74/100
|-damage|p1a: Arbok|61/100|[from] Stealth Rock
|-ability|p1a: Arbok|Intimidate|boost
|-unboost|p2a: Minecraft|atk|1
|-activate|p2a: Minecraft|confusion
|-damage|p2a: Minecraft|70/100|[from] confusion
|
|-heal|p2a: Minecraft|76/100|[from] item: Leftovers
|upkeep
|turn|21
|
|t:|1760798650
|move|p1a: Arbok|Knock Off|p2a: Minecraft
|-resisted|p2a: Minecraft
|-damage|p2a: Minecraft|72/100
|-enditem|p2a: Minecraft|Leftovers|[from] move: Knock Off|[of] p1a: Arbok
|-activate|p2a: Minecraft|confusion
|move|p2a: Minecraft|Earthquake|p1a: Arbok
|-supereffective|p1a: Arbok
|-damage|p1a: Arbok|0 fnt
|faint|p1a: Arbok
|
|upkeep
|
|t:|1760798658
|switch|p1a: Garchomp|Garchomp, M|94/100
|-damage|p1a: Garchomp|88/100|[from] Stealth Rock
|turn|22
|
|t:|1760798661
|move|p1a: Garchomp|Iron Head|p2a: Minecraft
|-supereffective|p2a: Minecraft
|-damage|p2a: Minecraft|53/100
|cant|p2a: Minecraft|flinch
|
|upkeep
|turn|23
|
|t:|1760798665
|move|p1a: Garchomp|Iron Head|p2a: Minecraft
|-supereffective|p2a: Minecraft
|-damage|p2a: Minecraft|34/100
|-end|p2a: Minecraft|confusion
|move|p2a: Minecraft|Curse|p2a: Minecraft
|-unboost|p2a: Minecraft|spe|1
|-boost|p2a: Minecraft|atk|1
|-boost|p2a: Minecraft|def|1
|
|upkeep
|turn|24
|
|t:|1760798671
|move|p1a: Garchomp|Iron Head|p2a: Minecraft
|-supereffective|p2a: Minecraft
|-damage|p2a: Minecraft|17/100
|cant|p2a: Minecraft|flinch
|
|upkeep
|turn|25
|
|t:|1760798676
|move|p1a: Garchomp|Iron Head|p2a: Minecraft
|-supereffective|p2a: Minecraft
|-damage|p2a: Minecraft|2/100
|move|p2a: Minecraft|Recover|p2a: Minecraft
|-heal|p2a: Minecraft|52/100
|
|upkeep
|turn|26
|
|t:|1760798681
|move|p1a: Garchomp|Iron Head|p2a: Minecraft
|-supereffective|p2a: Minecraft
|-damage|p2a: Minecraft|37/100
|move|p2a: Minecraft|Recover|p2a: Minecraft
|-heal|p2a: Minecraft|88/100
|
|upkeep
|turn|27
|
|t:|1760798684
|move|p1a: Garchomp|Iron Head|p2a: Minecraft
|-supereffective|p2a: Minecraft
|-damage|p2a: Minecraft|73/100
|move|p2a: Minecraft|Curse|p2a: Minecraft
|-unboost|p2a: Minecraft|spe|1
|-boost|p2a: Minecraft|atk|1
|-boost|p2a: Minecraft|def|1
|
|upkeep
|turn|28
|
|t:|1760798687
|move|p1a: Garchomp|Iron Head|p2a: Minecraft
|-supereffective|p2a: Minecraft
|-damage|p2a: Minecraft|59/100
|move|p2a: Minecraft|Curse|p2a: Minecraft
|-unboost|p2a: Minecraft|spe|1
|-boost|p2a: Minecraft|atk|1
|-boost|p2a: Minecraft|def|1
|
|upkeep
|turn|29
|
|t:|1760798690
|move|p1a: Garchomp|Iron Head|p2a: Minecraft
|-supereffective|p2a: Minecraft
|-damage|p2a: Minecraft|47/100
|cant|p2a: Minecraft|flinch
|
|upkeep
|turn|30
|
|t:|1760798692
|move|p1a: Garchomp|Iron Head|p2a: Minecraft
|-supereffective|p2a: Minecraft
|-damage|p2a: Minecraft|36/100
|move|p2a: Minecraft|Recover|p2a: Minecraft
|-heal|p2a: Minecraft|86/100
|
|upkeep
|turn|31
|
|t:|1760798694
|move|p1a: Garchomp|Iron Head|p2a: Minecraft
|-supereffective|p2a: Minecraft
|-damage|p2a: Minecraft|75/100
|move|p2a: Minecraft|Curse|p2a: Minecraft
|-unboost|p2a: Minecraft|spe|1
|-boost|p2a: Minecraft|atk|1
|-boost|p2a: Minecraft|def|1
|
|upkeep
|turn|32
|
|t:|1760798698
|move|p1a: Garchomp|Iron Head|p2a: Minecraft
|-supereffective|p2a: Minecraft
|-crit|p2a: Minecraft
|-damage|p2a: Minecraft|16/100
|move|p2a: Minecraft|Earthquake|p1a: Garchomp
|-crit|p1a: Garchomp
|-damage|p1a: Garchomp|0 fnt
|faint|p1a: Garchomp
|
|upkeep
|
|t:|1760798703
|switch|p1a: Dragonite|Dragonite, M|100/100
|turn|33
|
|t:|1760798706
|move|p1a: Dragonite|Hurricane|p2a: Minecraft
|-damage|p2a: Minecraft|0 fnt
|faint|p2a: Minecraft
|
|upkeep
|c|☆cringemansam|That's tragic
|
|t:|1760798716
|switch|p2a: Steven|Slowking-Galar, M, shiny|81/100
|turn|34
|
|t:|1760798722
|move|p1a: Dragonite|Dragon Claw|p2a: Steven
|-damage|p2a: Steven|28/100
|move|p2a: Steven|Thunder Wave|p1a: Dragonite
|-status|p1a: Dragonite|par
|
|upkeep
|turn|35
|
|t:|1760798725
|cant|p1a: Dragonite|par
|move|p2a: Steven|Future Sight|p1a: Dragonite
|-start|p2a: Steven|move: Future Sight
|
|upkeep
|turn|36
|
|t:|1760798728
|move|p1a: Dragonite|Dragon Claw|p2a: Steven
|-damage|p2a: Steven|0 fnt
|faint|p2a: Steven
|
|win|MonsterZogg
|raw|MonsterZogg's rating: 1096 &rarr; <strong>1126</strong><br />(+30 for winning)
|raw|cringemansam's rating: 1151 &rarr; <strong>1122</strong><br />(-29 for losing)
|c|☆cringemansam|ggs
|c|☆MonsterZogg|only game where crits are healthy for the metagame
