|j|☆I am a guineapig
|j|☆minhbeossss
|t:|1760869656
|gametype|singles
|player|p1|I am a guineapig|fisherman-gen4|1188
|player|p2|minhbeossss|266|1209
|gen|9
|tier|[Gen 9] OU
|rated|
|rule|HP Percentage Mod: HP is shown in percentages
|rule|Endless Battle Clause: Forcing endless battles is banned
|rule|Species Clause: Limit one of each Pokémon
|rule|OHKO Clause: OHKO moves are banned
|rule|Evasion Items Clause: Evasion items are banned
|rule|Evasion Moves Clause: Evasion moves are banned
|rule|Evasion Abilities Clause: Evasion abilities are banned
|rule|Sleep Moves Clause: Sleep-inducing moves are banned
|clearpoke
|poke|p1|Gengar, F|
|poke|p1|Muk-Alola, F|
|poke|p1|Weezing, F|
|poke|p1|Meowscarada, F|
|poke|p1|Tentacruel, F|
|poke|p1|Glimmora, F|
|poke|p2|Ninetales, M|
|poke|p2|Walking Wake|
|poke|p2|Venusaur, F|
|poke|p2|Slither Wing|
|poke|p2|Hatterene, F|
|poke|p2|Great Tusk|
|teampreview
|inactive|Battle timer is ON: inactive players will automatically lose when time's up. (requested by minhbeossss)
|
|t:|1760869662
|teamsize|p1|6
|teamsize|p2|6
|start
|switch|p1a: Glimmora|Glimmora, F|100/100
|switch|p2a: Ninetales|Ninetales, M|100/100
|-weather|SunnyDay|[from] ability: Drought|[of] p2a: Ninetales
|turn|1
|l|☆I am a guineapig
|inactive|I am a guineapig disconnected and has a minute to reconnect!
|player|p1|
|j|☆I am a guineapig
|inactive|I am a guineapig reconnected and has 120 seconds left.
|player|p1|I am a guineapig|fisherman-gen4|
|
|t:|1760869694
|switch|p2a: Hatterene|Hatterene, F|100/100
|move|p1a: Glimmora|Meteor Beam||[still]
|-prepare|p1a: Glimmora|Meteor Beam
|-boost|p1a: Glimmora|spa|1
|-enditem|p1a: Glimmora|Power Herb
|-anim|p1a: Glimmora|Meteor Beam|p2a: Hatterene
|-damage|p2a: Hatterene|28/100
|-enditem|p2a: Hatterene|Eject Button
|
|t:|1760869707
|switch|p2a: Walking Wake|Walking Wake|100/100
|-activate|p2a: Walking Wake|ability: Protosynthesis
|-start|p2a: Walking Wake|protosynthesisspe
|
|-weather|SunnyDay|[upkeep]
|upkeep
|turn|2
|inactive|I am a guineapig has 120 seconds left.
|
|t:|1760869727
|-terastallize|p1a: Glimmora|Grass
|move|p2a: Walking Wake|Hydro Steam|p1a: Glimmora
|-resisted|p1a: Glimmora
|-damage|p1a: Glimmora|44/100
|move|p1a: Glimmora|Power Gem|p2a: Walking Wake
|-damage|p2a: Walking Wake|24/100
|
|-weather|SunnyDay|[upkeep]
|upkeep
|turn|3
|inactive|I am a guineapig has 120 seconds left.
|
|t:|1760869744
|switch|p1a: Tentacruel|Tentacruel, F|100/100
|move|p2a: Walking Wake|Hydro Steam|p1a: Tentacruel
|-resisted|p1a: Tentacruel
|-damage|p1a: Tentacruel|53/100
|
|-weather|SunnyDay|[upkeep]
|upkeep
|turn|4
|
|t:|1760869750
|-terastallize|p2a: Walking Wake|Water
|move|p2a: Walking Wake|Hydro Steam|p1a: Tentacruel
|-resisted|p1a: Tentacruel
|-damage|p1a: Tentacruel|0 fnt
|faint|p1a: Tentacruel
|
|-weather|SunnyDay|[upkeep]
|upkeep
|
|t:|1760869754
|switch|p1a: Meowscarada|Meowscarada, F|100/100
|turn|5
|
|t:|1760869757
|-end|p2a: Walking Wake|Protosynthesis|[silent]
|switch|p2a: Hatterene|Hatterene, F|28/100
|move|p1a: Meowscarada|Sucker Punch||[still]
|-fail|p1a: Meowscarada
|
|-weather|SunnyDay|[upkeep]
|upkeep
|turn|6
|
|t:|1760869765
|switch|p2a: Slither Wing|Slither Wing|100/100
|-activate|p2a: Slither Wing|ability: Protosynthesis
|-start|p2a: Slither Wing|protosynthesisatk
|move|p1a: Meowscarada|Flower Trick|p2a: Slither Wing
|-resisted|p2a: Slither Wing
|-crit|p2a: Slither Wing
|-damage|p2a: Slither Wing|63/100
|
|-weather|SunnyDay|[upkeep]
|upkeep
|turn|7
|
|t:|1760869773
|switch|p1a: Weezing|Weezing, F|100/100
|-end|p2a: Slither Wing|Protosynthesis|[silent]
|switch|p2a: Hatterene|Hatterene, F|28/100
|
|-weather|SunnyDay|[upkeep]
|upkeep
|turn|8
|
|t:|1760869778
|move|p1a: Weezing|Sludge Wave|p2a: Hatterene
|-supereffective|p2a: Hatterene
|-damage|p2a: Hatterene|0 fnt
|faint|p2a: Hatterene
|
|-weather|none
|upkeep
|
|t:|1760869783
|switch|p2a: Ninetales|Ninetales, M|100/100
|-weather|SunnyDay|[from] ability: Drought|[of] p2a: Ninetales
|turn|9
|
|t:|1760869797
|switch|p2a: Venusaur|Venusaur, F|100/100
|move|p1a: Weezing|Toxic|p2a: Venusaur
|-immune|p2a: Venusaur
|
|-weather|SunnyDay|[upkeep]
|upkeep
|turn|10
|
|t:|1760869801
|move|p2a: Venusaur|Growth|p2a: Venusaur
|-boost|p2a: Venusaur|atk|2
|-boost|p2a: Venusaur|spa|2
|move|p1a: Weezing|Flamethrower|p2a: Venusaur
|-supereffective|p2a: Venusaur
|-damage|p2a: Venusaur|43/100
|-status|p2a: Venusaur|brn
|
|-weather|SunnyDay|[upkeep]
|-damage|p2a: Venusaur|37/100 brn|[from] brn
|upkeep
|turn|11
|
|t:|1760869811
|move|p1a: Weezing|Protect|p1a: Weezing
|-singleturn|p1a: Weezing|Protect
|move|p2a: Venusaur|Weather Ball|p1a: Weezing
|-activate|p1a: Weezing|move: Protect
|
|-weather|SunnyDay|[upkeep]
|-damage|p2a: Venusaur|31/100 brn|[from] brn
|upkeep
|turn|12
|
|t:|1760869824
|switch|p1a: Glimmora|Glimmora, F, tera:Grass|44/100
|move|p2a: Venusaur|Weather Ball|p1a: Glimmora
|-supereffective|p1a: Glimmora
|-damage|p1a: Glimmora|0 fnt
|faint|p1a: Glimmora
|-damage|p2a: Venusaur|21/100 brn|[from] item: Life Orb
|
|-weather|SunnyDay|[upkeep]
|-damage|p2a: Venusaur|15/100 brn|[from] brn
|upkeep
|
|t:|1760869829
|switch|p1a: Meowscarada|Meowscarada, F|100/100
|turn|13
|
|t:|1760869840
|move|p1a: Meowscarada|Sucker Punch||[still]
|-fail|p1a: Meowscarada
|move|p2a: Venusaur|Growth|p2a: Venusaur
|-boost|p2a: Venusaur|atk|2
|-boost|p2a: Venusaur|spa|2
|
|-weather|SunnyDay|[upkeep]
|-damage|p2a: Venusaur|9/100 brn|[from] brn
|upkeep
|turn|14
|
|t:|1760869849
|move|p1a: Meowscarada|Sucker Punch|p2a: Venusaur
|-damage|p2a: Venusaur|0 fnt
|faint|p2a: Venusaur
|
|-weather|SunnyDay|[upkeep]
|upkeep
|
|t:|1760869854
|switch|p2a: Slither Wing|Slither Wing|63/100
|-activate|p2a: Slither Wing|ability: Protosynthesis
|-start|p2a: Slither Wing|protosynthesisatk
|turn|15
|
|t:|1760869858
|switch|p1a: Weezing|Weezing, F|100/100
|move|p2a: Slither Wing|Flare Blitz|p1a: Weezing
|-damage|p1a: Weezing|25/100
|-status|p1a: Weezing|brn
|-damage|p2a: Slither Wing|37/100|[from] Recoil
|
|-weather|SunnyDay|[upkeep]
|-heal|p1a: Weezing|31/100 brn|[from] item: Leftovers
|-damage|p1a: Weezing|25/100 brn|[from] brn
|upkeep
|turn|16
|
|t:|1760869863
|move|p2a: Slither Wing|U-turn|p1a: Weezing
|-resisted|p1a: Weezing
|-damage|p1a: Weezing|0 fnt
|faint|p1a: Weezing
|
|t:|1760869871
|-end|p2a: Slither Wing|Protosynthesis|[silent]
|switch|p2a: Great Tusk|Great Tusk|100/100|[from] U-turn
|-activate|p2a: Great Tusk|ability: Protosynthesis
|-start|p2a: Great Tusk|protosynthesisatk
|
|-weather|none
|-end|p2a: Great Tusk|Protosynthesis
|upkeep
|
|t:|1760869877
|switch|p1a: Gengar|Gengar, F|100/100
|turn|17
|
|t:|1760869885
|move|p1a: Gengar|Psychic|p2a: Great Tusk
|-supereffective|p2a: Great Tusk
|-damage|p2a: Great Tusk|0 fnt
|faint|p2a: Great Tusk
|-end|p2a: Great Tusk|Protosynthesis|[silent]
|-damage|p1a: Gengar|91/100|[from] item: Life Orb
|
|upkeep
|
|t:|1760869888
|switch|p2a: Ninetales|Ninetales, M|100/100
|-weather|SunnyDay|[from] ability: Drought|[of] p2a: Ninetales
|turn|18
|
|t:|1760869893
|move|p1a: Gengar|Sludge Wave|p2a: Ninetales
|-damage|p2a: Ninetales|39/100
|-damage|p1a: Gengar|81/100|[from] item: Life Orb
|move|p2a: Ninetales|Healing Wish|p2a: Ninetales
|faint|p2a: Ninetales
|
|-weather|SunnyDay|[upkeep]
|upkeep
|
|t:|1760869896
|switch|p2a: Walking Wake|Walking Wake, tera:Water|24/100
|-heal|p2a: Walking Wake|100/100|[from] move: Healing Wish
|-activate|p2a: Walking Wake|ability: Protosynthesis
|-start|p2a: Walking Wake|protosynthesisspe
|turn|19
|
|t:|1760869899
|move|p2a: Walking Wake|Hydro Steam|p1a: Gengar
|-damage|p1a: Gengar|0 fnt
|faint|p1a: Gengar
|
|-weather|SunnyDay|[upkeep]
|upkeep
|
|t:|1760869905
|switch|p1a: Meowscarada|Meowscarada, F|100/100
|turn|20
|
|t:|1760869909
|move|p2a: Walking Wake|Hydro Steam|p1a: Meowscarada
|-resisted|p1a: Meowscarada
|-enditem|p1a: Meowscarada|Focus Sash
|-damage|p1a: Meowscarada|1/100
|move|p1a: Meowscarada|Flower Trick|p2a: Walking Wake
|-supereffective|p2a: Walking Wake
|-crit|p2a: Walking Wake
|-damage|p2a: Walking Wake|0 fnt
|faint|p2a: Walking Wake
|-end|p2a: Walking Wake|Protosynthesis|[silent]
|
|-weather|SunnyDay|[upkeep]
|upkeep
|
|t:|1760869913
|switch|p2a: Slither Wing|Slither Wing|37/100
|-activate|p2a: Slither Wing|ability: Protosynthesis
|-start|p2a: Slither Wing|protosynthesisatk
|turn|21
|-message|minhbeossss forfeited.
|
|win|I am a guineapig
|raw|I am a guineapig's rating: 1188 &rarr; <strong>1215</strong><br />(+27 for winning)
|raw|minhbeossss's rating: 1209 &rarr; <strong>1182</strong><br />(-27 for losing)
|l|☆minhbeossss
|player|p2|
|l|☆I am a guineapig
|player|p1|
