|j|☆sminey
|j|☆SpongeGar & Patar
|t:|1760767853
|gametype|singles
|player|p1|sminey|palmer|1599
|player|p2|SpongeGar & Patar|101|1863
|gen|9
|tier|[Gen 9] OU
|rated|
|rule|HP Percentage Mod: HP is shown in percentages
|rule|Endless Battle Clause: Forcing endless battles is banned
|rule|Species Clause: Limit one of each Pokémon
|rule|OHKO Clause: OHKO moves are banned
|rule|Evasion Items Clause: Evasion items are banned
|rule|Evasion Moves Clause: Evasion moves are banned
|rule|Evasion Abilities Clause: Evasion abilities are banned
|rule|Sleep Moves Clause: Sleep-inducing moves are banned
|clearpoke
|poke|p1|Cinderace, M|
|poke|p1|Zapdos|
|poke|p1|Latios, M|
|poke|p1|Weavile, M|
|poke|p1|Clefable, F|
|poke|p1|Slowking-Galar, M|
|poke|p2|Kyurem|
|poke|p2|Corviknight, F|
|poke|p2|Ting-Lu|
|poke|p2|Dondozo, M|
|poke|p2|Slowking-Galar, L99, F|
|poke|p2|Cinderace, M|
|teampreview
|
|t:|1760767904
|teamsize|p1|6
|teamsize|p2|6
|start
|switch|p1a: Cinderace|Cinderace, M|100/100
|switch|p2a: Slowking|Slowking-Galar, L99, F|100/100
|turn|1
|inactive|Battle timer is ON: inactive players will automatically lose when time's up. (requested by SpongeGar & Patar)
|inactive|SpongeGar & Patar has 120 seconds left.
|
|t:|1760767953
|move|p1a: Cinderace|U-turn|p2a: Slowking
|-start|p1a: Cinderace|typechange|Bug|[from] ability: Libero
|-damage|p2a: Slowking|67/100
|
|t:|1760767958
|switch|p1a: Weavile|Weavile, M|100/100|[from] U-turn
|-ability|p1a: Weavile|Pressure
|move|p2a: Slowking|Sludge Bomb|p1a: Weavile
|-damage|p1a: Weavile|55/100
|
|upkeep
|turn|2
|inactive|SpongeGar & Patar has 120 seconds left.
|
|t:|1760768009
|switch|p2a: Corviknight|Corviknight, F|100/100
|-ability|p2a: Corviknight|Pressure
|move|p1a: Weavile|Knock Off|p2a: Corviknight
|-damage|p2a: Corviknight|74/100
|-damage|p1a: Weavile|38/100|[from] item: Rocky Helmet|[of] p2a: Corviknight
|-enditem|p2a: Corviknight|Rocky Helmet|[from] move: Knock Off|[of] p1a: Weavile
|
|upkeep
|turn|3
|inactive|SpongeGar & Patar has 90 seconds left.
|inactive|SpongeGar & Patar has 60 seconds left.
|
|t:|1760768059
|switch|p1a: Cinderace|Cinderace, M|100/100
|move|p2a: Corviknight|U-turn|p1a: Cinderace
|-resisted|p1a: Cinderace
|-damage|p1a: Cinderace|91/100
|inactive|SpongeGar & Patar has 60 seconds left.
|inactive|SpongeGar & Patar has 30 seconds left.
|inactive|SpongeGar & Patar has 20 seconds left.
|
|t:|1760768109
|switch|p2a: Slowking|Slowking-Galar, L99, F|100/100|[from] U-turn
|
|upkeep
|turn|4
|inactive|SpongeGar & Patar has 30 seconds left this turn.
|
|t:|1760768118
|move|p1a: Cinderace|U-turn|p2a: Slowking
|-start|p1a: Cinderace|typechange|Bug|[from] ability: Libero
|-damage|p2a: Slowking|67/100
|
|t:|1760768123
|switch|p1a: Slowking|Slowking-Galar, M|100/100|[from] U-turn
|move|p2a: Slowking|Sludge Bomb|p1a: Slowking
|-resisted|p1a: Slowking
|-damage|p1a: Slowking|94/100
|
|upkeep
|turn|5
|inactive|SpongeGar & Patar has 30 seconds left.
|
|t:|1760768134
|switch|p2a: Ting-Lu|Ting-Lu|100/100
|-ability|p2a: Ting-Lu|Vessel of Ruin
|move|p1a: Slowking|Psyshock|p2a: Ting-Lu
|-immune|p2a: Ting-Lu
|
|upkeep
|turn|6
|
|t:|1760768144
|switch|p1a: Clefable|Clefable, F|100/100
|move|p2a: Ting-Lu|Earthquake|p1a: Clefable
|-damage|p1a: Clefable|72/100
|
|upkeep
|turn|7
|
|t:|1760768155
|switch|p2a: Slowking|Slowking-Galar, L99, F|100/100
|move|p1a: Clefable|Knock Off|p2a: Slowking
|-supereffective|p2a: Slowking
|-damage|p2a: Slowking|70/100
|-enditem|p2a: Slowking|Heavy-Duty Boots|[from] move: Knock Off|[of] p1a: Clefable
|
|upkeep
|turn|8
|
|t:|1760768165
|switch|p1a: Slowking|Slowking-Galar, M|100/100
|move|p2a: Slowking|Sludge Bomb|p1a: Slowking
|-resisted|p1a: Slowking
|-damage|p1a: Slowking|93/100
|
|upkeep
|turn|9
|
|t:|1760768175
|switch|p2a: Ting-Lu|Ting-Lu|100/100
|-ability|p2a: Ting-Lu|Vessel of Ruin
|move|p1a: Slowking|Ice Beam|p2a: Ting-Lu
|-supereffective|p2a: Ting-Lu
|-damage|p2a: Ting-Lu|81/100
|
|-heal|p2a: Ting-Lu|87/100|[from] item: Leftovers
|upkeep
|turn|10
|
|t:|1760768185
|switch|p2a: Slowking|Slowking-Galar, L99, F|100/100
|switch|p1a: Clefable|Clefable, F|72/100
|
|upkeep
|turn|11
|
|t:|1760768194
|switch|p1a: Slowking|Slowking-Galar, M|100/100
|move|p2a: Slowking|Sludge Bomb|p1a: Slowking
|-resisted|p1a: Slowking
|-damage|p1a: Slowking|94/100
|
|upkeep
|turn|12
|
|t:|1760768204
|move|p1a: Slowking|Ice Beam|p2a: Slowking
|-damage|p2a: Slowking|86/100
|move|p2a: Slowking|Future Sight|p1a: Slowking
|-start|p2a: Slowking|move: Future Sight
|
|upkeep
|turn|13
|inactive|SpongeGar & Patar has 60 seconds left.
|
|t:|1760768214
|switch|p1a: Zapdos|Zapdos|100/100
|-prepare|p2a: Slowking|Chilly Reception|[premajor]
|move|p2a: Slowking|Chilly Reception|p2a: Slowking
|-weather|Snowscape
|inactive|SpongeGar & Patar has 60 seconds left.
|
|t:|1760768224
|switch|p2a: Ting-Lu|Ting-Lu|87/100|[from] Chilly Reception
|-ability|p2a: Ting-Lu|Vessel of Ruin
|
|-weather|Snowscape|[upkeep]
|-heal|p2a: Ting-Lu|93/100|[from] item: Leftovers
|upkeep
|turn|14
|
|t:|1760768235
|switch|p1a: Slowking|Slowking-Galar, M|100/100
|move|p2a: Ting-Lu|Payback|p1a: Slowking
|-supereffective|p1a: Slowking
|-damage|p1a: Slowking|62/100
|
|-weather|Snowscape|[upkeep]
|-end|p1a: Slowking|move: Future Sight
|-damage|p1a: Slowking|50/100
|-heal|p2a: Ting-Lu|99/100|[from] item: Leftovers
|upkeep
|turn|15
|
|t:|1760768244
|switch|p1a: Clefable|Clefable, F|72/100
|move|p2a: Ting-Lu|Earthquake|p1a: Clefable
|-damage|p1a: Clefable|43/100
|
|-weather|Snowscape|[upkeep]
|-heal|p2a: Ting-Lu|100/100|[from] item: Leftovers
|upkeep
|turn|16
|
|t:|1760768254
|move|p1a: Clefable|Moonlight|p1a: Clefable
|-heal|p1a: Clefable|68/100
|move|p2a: Ting-Lu|Earthquake|p1a: Clefable
|-damage|p1a: Clefable|41/100
|
|-weather|Snowscape|[upkeep]
|upkeep
|turn|17
|
|t:|1760768264
|switch|p2a: Slowking|Slowking-Galar, L99, F|100/100
|move|p1a: Clefable|Knock Off|p2a: Slowking
|-supereffective|p2a: Slowking
|-damage|p2a: Slowking|78/100
|
|-weather|none
|upkeep
|turn|18
|
|t:|1760768274
|switch|p1a: Slowking|Slowking-Galar, M|83/100
|move|p2a: Slowking|Sludge Bomb|p1a: Slowking
|-resisted|p1a: Slowking
|-damage|p1a: Slowking|76/100
|
|upkeep
|turn|19
|
|t:|1760768284
|switch|p1a: Clefable|Clefable, F|41/100
|move|p2a: Slowking|Future Sight|p1a: Clefable
|-start|p2a: Slowking|move: Future Sight
|
|upkeep
|turn|20
|
|t:|1760768293
|switch|p1a: Slowking|Slowking-Galar, M|100/100
|move|p2a: Slowking|Sludge Bomb|p1a: Slowking
|-resisted|p1a: Slowking
|-damage|p1a: Slowking|94/100
|
|upkeep
|turn|21
|
|t:|1760768303
|move|p1a: Slowking|Psyshock|p2a: Slowking
|-damage|p2a: Slowking|48/100
|-prepare|p2a: Slowking|Chilly Reception|[premajor]
|move|p2a: Slowking|Chilly Reception|p2a: Slowking
|-weather|Snowscape
|
|t:|1760768313
|switch|p2a: Cinderace|Cinderace, M|100/100|[from] Chilly Reception
|
|-weather|Snowscape|[upkeep]
|-end|p1a: Slowking|move: Future Sight
|-damage|p1a: Slowking|76/100
|upkeep
|turn|22
|inactive|SpongeGar & Patar has 90 seconds left.
|
|t:|1760768322
|switch|p1a: Zapdos|Zapdos|100/100
|move|p2a: Cinderace|U-turn|p1a: Zapdos
|-resisted|p1a: Zapdos
|-damage|p1a: Zapdos|93/100
|inactive|SpongeGar & Patar has 90 seconds left.
|inactive|SpongeGar & Patar has 60 seconds left.
|
|t:|1760768373
|switch|p2a: Slowking|Slowking-Galar, L99, F|82/100|[from] U-turn
|
|-weather|Snowscape|[upkeep]
|upkeep
|turn|23
|inactive|SpongeGar & Patar has 30 seconds left.
|inactive|SpongeGar & Patar has 20 seconds left.
|inactive|SpongeGar & Patar has 15 seconds left.
|inactive|SpongeGar & Patar has 10 seconds left.
|
|t:|1760768422
|move|p1a: Zapdos|Volt Switch|p2a: Slowking
|-damage|p2a: Slowking|63/100
|
|t:|1760768426
|switch|p1a: Slowking|Slowking-Galar, M|100/100|[from] Volt Switch
|move|p2a: Slowking|Future Sight|p1a: Slowking
|-start|p2a: Slowking|move: Future Sight
|
|-weather|Snowscape|[upkeep]
|upkeep
|turn|24
|inactive|SpongeGar & Patar has 25 seconds left this turn.
|inactive|SpongeGar & Patar has 20 seconds left.
|
|t:|1760768436
|switch|p2a: Ting-Lu|Ting-Lu|100/100
|-ability|p2a: Ting-Lu|Vessel of Ruin
|move|p1a: Slowking|Psyshock|p2a: Ting-Lu
|-immune|p2a: Ting-Lu
|
|-weather|Snowscape|[upkeep]
|upkeep
|turn|25
|inactive|SpongeGar & Patar has 30 seconds left this turn.
|
|t:|1760768445
|switch|p1a: Zapdos|Zapdos|93/100
|move|p2a: Ting-Lu|Earthquake|p1a: Zapdos
|-immune|p1a: Zapdos
|
|-weather|none
|-end|p1a: Zapdos|move: Future Sight
|-damage|p1a: Zapdos|60/100
|upkeep
|turn|26
|inactive|SpongeGar & Patar has 30 seconds left.
|
|t:|1760768455
|switch|p1a: Clefable|Clefable, F|41/100
|move|p2a: Ting-Lu|Earthquake|p1a: Clefable
|-crit|p1a: Clefable
|-damage|p1a: Clefable|0 fnt
|faint|p1a: Clefable
|
|upkeep
|
|t:|1760768479
|switch|p1a: Latios|Latios, M|100/100
|turn|27
|
|t:|1760768489
|move|p1a: Latios|Trick|p2a: Ting-Lu
|-activate|p1a: Latios|move: Trick|[of] p2a: Ting-Lu
|-item|p2a: Ting-Lu|Choice Scarf|[from] move: Trick
|-item|p1a: Latios|Leftovers|[from] move: Trick
|move|p2a: Ting-Lu|Payback|p1a: Latios
|-supereffective|p1a: Latios
|-damage|p1a: Latios|0 fnt
|faint|p1a: Latios
|
|upkeep
|
|t:|1760768503
|switch|p1a: Zapdos|Zapdos|60/100
|turn|28
|
|t:|1760768513
|move|p1a: Zapdos|Roost|p1a: Zapdos
|-heal|p1a: Zapdos|100/100
|-singleturn|p1a: Zapdos|move: Roost
|move|p2a: Ting-Lu|Payback|p1a: Zapdos
|-damage|p1a: Zapdos|72/100
|
|upkeep
|turn|29
|
|t:|1760768523
|switch|p2a: Kyurem|Kyurem|100/100
|-ability|p2a: Kyurem|Pressure
|move|p1a: Zapdos|Hurricane|p2a: Kyurem|[miss]
|-miss|p1a: Zapdos|p2a: Kyurem
|
|upkeep
|turn|30
|
|t:|1760768532
|switch|p1a: Slowking|Slowking-Galar, M|100/100
|move|p2a: Kyurem|Earth Power|p1a: Slowking
|-supereffective|p1a: Slowking
|-damage|p1a: Slowking|75/100
|
|upkeep
|turn|31
|inactive|SpongeGar & Patar has 60 seconds left.
|
|t:|1760768543
|move|p2a: Kyurem|Earth Power|p1a: Slowking
|-supereffective|p1a: Slowking
|-damage|p1a: Slowking|47/100
|move|p1a: Slowking|Psyshock|p2a: Kyurem
|-damage|p2a: Kyurem|72/100
|
|-heal|p2a: Kyurem|78/100|[from] item: Leftovers
|upkeep
|turn|32
|
|t:|1760768552
|switch|p1a: Zapdos|Zapdos|72/100
|move|p2a: Kyurem|Earth Power|p1a: Zapdos
|-immune|p1a: Zapdos
|
|-heal|p2a: Kyurem|85/100|[from] item: Leftovers
|upkeep
|turn|33
|
|t:|1760768565
|move|p2a: Kyurem|Freeze-Dry|p1a: Zapdos
|-supereffective|p1a: Zapdos
|-damage|p1a: Zapdos|1/100
|move|p1a: Zapdos|Volt Switch|p2a: Kyurem
|-resisted|p2a: Kyurem
|-crit|p2a: Kyurem
|-damage|p2a: Kyurem|65/100
|
|t:|1760768573
|switch|p1a: Slowking|Slowking-Galar, M|80/100|[from] Volt Switch
|
|-heal|p2a: Kyurem|71/100|[from] item: Leftovers
|upkeep
|turn|34
|
|t:|1760768583
|move|p2a: Kyurem|Protect|p2a: Kyurem
|-singleturn|p2a: Kyurem|Protect
|move|p1a: Slowking|Sludge Bomb|p2a: Kyurem
|-activate|p2a: Kyurem|move: Protect
|
|-heal|p2a: Kyurem|77/100|[from] item: Leftovers
|upkeep
|turn|35
|j| xiaopangsonsong
|
|t:|1760768593
|switch|p2a: Ting-Lu|Ting-Lu|100/100
|-ability|p2a: Ting-Lu|Vessel of Ruin
|move|p1a: Slowking|Sludge Bomb|p2a: Ting-Lu
|-resisted|p2a: Ting-Lu
|-damage|p2a: Ting-Lu|94/100
|-status|p2a: Ting-Lu|psn
|
|-damage|p2a: Ting-Lu|81/100 psn|[from] psn
|upkeep
|turn|36
|inactive|SpongeGar & Patar has 90 seconds left.
|l| xiaopangsonsong
|
|t:|1760768603
|switch|p1a: Cinderace|Cinderace, M|91/100
|move|p2a: Ting-Lu|Payback|p1a: Cinderace
|-damage|p1a: Cinderace|62/100
|
|-damage|p2a: Ting-Lu|69/100 psn|[from] psn
|upkeep
|turn|37
|inactive|SpongeGar & Patar has 90 seconds left.
|inactive|SpongeGar & Patar has 60 seconds left.
|
|t:|1760768653
|switch|p2a: Cinderace|Cinderace, M|100/100
|move|p1a: Cinderace|U-turn|p2a: Cinderace
|-start|p1a: Cinderace|typechange|Bug|[from] ability: Libero
|-resisted|p2a: Cinderace
|-damage|p2a: Cinderace|82/100
|
|t:|1760768662
|switch|p1a: Slowking|Slowking-Galar, M|100/100|[from] U-turn
|
|upkeep
|turn|38
|inactive|SpongeGar & Patar has 60 seconds left.
|
|t:|1760768673
|move|p2a: Cinderace|U-turn|p1a: Slowking
|-damage|p1a: Slowking|83/100
|inactive|SpongeGar & Patar has 60 seconds left.
|
|t:|1760768683
|switch|p2a: Slowking|Slowking-Galar, L99, F|97/100|[from] U-turn
|move|p1a: Slowking|Sludge Bomb|p2a: Slowking
|-resisted|p2a: Slowking
|-damage|p2a: Slowking|87/100
|
|upkeep
|turn|39
|
|t:|1760768692
|move|p1a: Slowking|Psyshock|p2a: Slowking
|-crit|p2a: Slowking
|-damage|p2a: Slowking|35/100
|-prepare|p2a: Slowking|Chilly Reception|[premajor]
|move|p2a: Slowking|Chilly Reception|p2a: Slowking
|-weather|Snowscape
|
|t:|1760768702
|switch|p2a: Cinderace|Cinderace, M|82/100|[from] Chilly Reception
|
|-weather|Snowscape|[upkeep]
|upkeep
|turn|40
|
|t:|1760768711
|move|p2a: Cinderace|U-turn|p1a: Slowking
|-damage|p1a: Slowking|65/100
|
|t:|1760768721
|switch|p2a: Slowking|Slowking-Galar, L99, F|68/100|[from] U-turn
|move|p1a: Slowking|Sludge Bomb|p2a: Slowking
|-resisted|p2a: Slowking
|-damage|p2a: Slowking|58/100
|
|-weather|Snowscape|[upkeep]
|upkeep
|turn|41
|
|t:|1760768733
|move|p1a: Slowking|Psyshock|p2a: Slowking
|-damage|p2a: Slowking|23/100
|-prepare|p2a: Slowking|Chilly Reception|[premajor]
|move|p2a: Slowking|Chilly Reception|p2a: Slowking
|
|t:|1760768742
|switch|p2a: Cinderace|Cinderace, M|82/100|[from] Chilly Reception
|
|-weather|Snowscape|[upkeep]
|upkeep
|turn|42
|
|t:|1760768751
|switch|p1a: Cinderace|Cinderace, M|62/100
|move|p2a: Cinderace|U-turn|p1a: Cinderace
|-resisted|p1a: Cinderace
|-damage|p1a: Cinderace|48/100
|j| Narwhale37
|
|t:|1760768761
|switch|p2a: Dondozo|Dondozo, M|100/100|[from] U-turn
|
|-weather|Snowscape|[upkeep]
|upkeep
|turn|43
|
|t:|1760768771
|move|p1a: Cinderace|U-turn|p2a: Dondozo
|-start|p1a: Cinderace|typechange|Bug|[from] ability: Libero
|-crit|p2a: Dondozo
|-damage|p2a: Dondozo|79/100
|
|t:|1760768774
|switch|p1a: Slowking|Slowking-Galar, M|98/100|[from] U-turn
|move|p2a: Dondozo|Waterfall|p1a: Slowking
|-damage|p1a: Slowking|72/100
|
|-weather|none
|-heal|p2a: Dondozo|85/100|[from] item: Leftovers
|upkeep
|turn|44
|inactive|SpongeGar & Patar has 90 seconds left.
|
|t:|1760768783
|move|p2a: Dondozo|Waterfall|p1a: Slowking
|-damage|p1a: Slowking|44/100
|cant|p1a: Slowking|flinch
|
|-heal|p2a: Dondozo|91/100|[from] item: Leftovers
|upkeep
|turn|45
|
|t:|1760768793
|move|p2a: Dondozo|Waterfall|p1a: Slowking
|-damage|p1a: Slowking|18/100
|move|p1a: Slowking|Sludge Bomb|p2a: Dondozo
|-damage|p2a: Dondozo|57/100
|-status|p2a: Dondozo|psn
|
|-heal|p2a: Dondozo|64/100 psn|[from] item: Leftovers
|-damage|p2a: Dondozo|51/100 psn|[from] psn
|upkeep
|turn|46
|
|t:|1760768803
|switch|p1a: Zapdos|Zapdos|1/100
|move|p2a: Dondozo|Waterfall|p1a: Zapdos
|-damage|p1a: Zapdos|0 fnt
|faint|p1a: Zapdos
|
|-heal|p2a: Dondozo|57/100 psn|[from] item: Leftovers
|-damage|p2a: Dondozo|45/100 psn|[from] psn
|upkeep
|
|t:|1760768812
|switch|p1a: Slowking|Slowking-Galar, M|51/100
|turn|47
|
|t:|1760768822
|move|p2a: Dondozo|Waterfall|p1a: Slowking
|-crit|p1a: Slowking
|-damage|p1a: Slowking|11/100
|move|p1a: Slowking|Sludge Bomb|p2a: Dondozo
|-damage|p2a: Dondozo|11/100 psn
|
|-heal|p2a: Dondozo|18/100 psn|[from] item: Leftovers
|-damage|p2a: Dondozo|5/100 psn|[from] psn
|upkeep
|turn|48
|
|t:|1760768836
|switch|p1a: Cinderace|Cinderace, M|48/100
|move|p2a: Dondozo|Rest|p2a: Dondozo
|-status|p2a: Dondozo|slp|[from] move: Rest
|-heal|p2a: Dondozo|100/100 slp|[silent]
|
|upkeep
|turn|49
|inactive|SpongeGar & Patar has 120 seconds left.
|inactive|SpongeGar & Patar has 90 seconds left.
|
|t:|1760768884
|move|p1a: Cinderace|U-turn|p2a: Dondozo
|-start|p1a: Cinderace|typechange|Bug|[from] ability: Libero
|-damage|p2a: Dondozo|87/100 slp
|
|t:|1760768888
|switch|p1a: Slowking|Slowking-Galar, M|44/100|[from] U-turn
|cant|p2a: Dondozo|slp
|
|-heal|p2a: Dondozo|93/100 slp|[from] item: Leftovers
|upkeep
|turn|50
|inactive|SpongeGar & Patar has 90 seconds left.
|
|t:|1760768897
|switch|p1a: Cinderace|Cinderace, M|48/100
|cant|p2a: Dondozo|slp
|
|-heal|p2a: Dondozo|99/100 slp|[from] item: Leftovers
|upkeep
|turn|51
|inactive|SpongeGar & Patar has 90 seconds left.
|inactive|SpongeGar & Patar has 60 seconds left.
|
|t:|1760768946
|move|p1a: Cinderace|U-turn|p2a: Dondozo
|-start|p1a: Cinderace|typechange|Bug|[from] ability: Libero
|-damage|p2a: Dondozo|83/100 slp
|
|t:|1760768949
|switch|p1a: Slowking|Slowking-Galar, M|77/100|[from] U-turn
|-curestatus|p2a: Dondozo|slp|[msg]
|move|p2a: Dondozo|Waterfall|p1a: Slowking
|-crit|p1a: Slowking
|-damage|p1a: Slowking|33/100
|
|-heal|p2a: Dondozo|89/100|[from] item: Leftovers
|upkeep
|turn|52
|
|t:|1760768959
|move|p2a: Dondozo|Waterfall|p1a: Slowking
|-damage|p1a: Slowking|7/100
|move|p1a: Slowking|Sludge Bomb|p2a: Dondozo
|-damage|p2a: Dondozo|54/100
|
|-heal|p2a: Dondozo|60/100|[from] item: Leftovers
|upkeep
|turn|53
|
|t:|1760768970
|switch|p1a: Cinderace|Cinderace, M|48/100
|move|p2a: Dondozo|Waterfall|p1a: Cinderace
|-supereffective|p1a: Cinderace
|-crit|p1a: Cinderace
|-damage|p1a: Cinderace|0 fnt
|faint|p1a: Cinderace
|
|-heal|p2a: Dondozo|66/100|[from] item: Leftovers
|upkeep
|
|t:|1760768972
|switch|p1a: Slowking|Slowking-Galar, M|41/100
|turn|54
|
|t:|1760768981
|move|p2a: Dondozo|Waterfall|p1a: Slowking
|-damage|p1a: Slowking|11/100
|move|p1a: Slowking|Sludge Bomb|p2a: Dondozo
|-damage|p2a: Dondozo|32/100
|
|-heal|p2a: Dondozo|38/100|[from] item: Leftovers
|upkeep
|turn|55
|
|t:|1760768990
|move|p2a: Dondozo|Waterfall|p1a: Slowking
|-damage|p1a: Slowking|0 fnt
|faint|p1a: Slowking
|
|-heal|p2a: Dondozo|44/100|[from] item: Leftovers
|upkeep
|
|t:|1760768992
|switch|p1a: Weavile|Weavile, M|38/100
|-ability|p1a: Weavile|Pressure
|turn|56
|
|t:|1760768996
|move|p1a: Weavile|Swords Dance|p1a: Weavile
|-boost|p1a: Weavile|atk|2
|move|p2a: Dondozo|Waterfall|p1a: Weavile
|-damage|p1a: Weavile|0 fnt
|faint|p1a: Weavile
|
|win|SpongeGar & Patar
|raw|sminey's rating: 1599 &rarr; <strong>1592</strong><br />(-7 for losing)
|raw|SpongeGar &amp; Patar's rating: 1863 &rarr; <strong>1870</strong><br />(+7 for winning)
|c|☆sminey|gg
|l|☆SpongeGar & Patar
|player|p2|
|l|☆sminey
|player|p1|
