|j|☆alexis77350
|j|☆wuliaodesheng
|t:|1760789782
|gametype|singles
|player|p1|alexis77350|102|1203
|player|p2|wuliaodesheng|102|1200
|gen|9
|tier|[Gen 9] OU
|rated|
|rule|HP Percentage Mod: HP is shown in percentages
|rule|Endless Battle Clause: Forcing endless battles is banned
|rule|Species Clause: Limit one of each Pokémon
|rule|OHKO Clause: OHKO moves are banned
|rule|Evasion Items Clause: Evasion items are banned
|rule|Evasion Moves Clause: Evasion moves are banned
|rule|Evasion Abilities Clause: Evasion abilities are banned
|rule|Sleep Moves Clause: Sleep-inducing moves are banned
|clearpoke
|poke|p1|Ribombee, F|
|poke|p1|Cinderace, F|
|poke|p1|Serperior, F|
|poke|p1|Kingambit, M|
|poke|p1|Servine, F|
|poke|p1|Empoleon, M|
|poke|p2|Glimmora, F|
|poke|p2|Dondozo, F|
|poke|p2|Ting-Lu|
|poke|p2|Rillaboom, F|
|poke|p2|Great Tusk|
|poke|p2|Cinderace, M|
|teampreview
|
|t:|1760789799
|teamsize|p1|6
|teamsize|p2|6
|start
|switch|p1a: Ribombee|Ribombee, F|100/100
|switch|p2a: Glimmora|Glimmora, F|100/100
|turn|1
|
|t:|1760789806
|move|p1a: Ribombee|Sticky Web|p2a: Glimmora
|-sidestart|p2: wuliaodesheng|move: Sticky Web
|move|p2a: Glimmora|Power Gem|p1a: Ribombee
|-supereffective|p1a: Ribombee
|-enditem|p1a: Ribombee|Focus Sash
|-damage|p1a: Ribombee|1/100
|
|upkeep
|turn|2
|
|t:|1760789812
|move|p1a: Ribombee|Skill Swap|p2a: Glimmora
|-activate|p1a: Ribombee|move: Skill Swap|Toxic Debris|Shield Dust|[of] p2a: Glimmora
|move|p2a: Glimmora|Stealth Rock|p1a: Ribombee
|-sidestart|p1: alexis77350|move: Stealth Rock
|
|upkeep
|turn|3
|
|t:|1760789819
|move|p1a: Ribombee|Stun Spore|p2a: Glimmora
|-status|p2a: Glimmora|par
|move|p2a: Glimmora|Power Gem|p1a: Ribombee
|-supereffective|p1a: Ribombee
|-damage|p1a: Ribombee|0 fnt
|faint|p1a: Ribombee
|
|upkeep
|
|t:|1760789823
|switch|p1a: Cinderace|Cinderace, F|100/100
|turn|4
|
|t:|1760789828
|move|p1a: Cinderace|Court Change|p1a: Cinderace
|-swapsideconditions
|-activate|p1a: Cinderace|move: Court Change
|move|p2a: Glimmora|Mortal Spin|p1a: Cinderace
|-damage|p1a: Cinderace|93/100
|-status|p1a: Cinderace|psn
|-sideend|p2: wuliaodesheng|Stealth Rock|[from] move: Mortal Spin|[of] p2a: Glimmora
|
|-damage|p1a: Cinderace|81/100 psn|[from] psn
|upkeep
|turn|5
|
|t:|1760789838
|move|p1a: Cinderace|U-turn|p2a: Glimmora
|-resisted|p2a: Glimmora
|-damage|p2a: Glimmora|92/100 par
|
|t:|1760789840
|switch|p1a: Servine|Servine, F|100/100|[from] U-turn
|-activate|p1a: Servine|move: Sticky Web
|-boost|p1a: Servine|spe|1
|move|p2a: Glimmora|Power Gem|p1a: Servine
|-damage|p1a: Servine|69/100
|
|upkeep
|turn|6
|
|t:|1760789850
|move|p1a: Servine|Leaf Storm|p2a: Glimmora
|-damage|p2a: Glimmora|53/100 par
|-boost|p1a: Servine|spa|2
|move|p2a: Glimmora|Stealth Rock|p1a: Servine
|-sidestart|p1: alexis77350|move: Stealth Rock
|
|upkeep
|turn|7
|
|t:|1760789857
|move|p1a: Servine|Leaf Storm|p2a: Glimmora
|-damage|p2a: Glimmora|0 fnt
|-boost|p1a: Servine|spa|2
|faint|p2a: Glimmora
|
|upkeep
|
|t:|1760789868
|switch|p2a: Dondozo|Dondozo, F|100/100
|turn|8
|
|t:|1760789875
|-terastallize|p2a: Dondozo|Fairy
|move|p1a: Servine|Leaf Storm|p2a: Dondozo
|-damage|p2a: Dondozo|70/100
|-boost|p1a: Servine|spa|2
|move|p2a: Dondozo|Tera Blast|p1a: Servine|[anim] Tera Blast Fairy
|-damage|p1a: Servine|44/100
|
|-heal|p2a: Dondozo|76/100|[from] item: Leftovers
|upkeep
|turn|9
|
|t:|1760789885
|move|p1a: Servine|Glare|p2a: Dondozo
|-status|p2a: Dondozo|par
|move|p2a: Dondozo|Tera Blast|p1a: Servine|[anim] Tera Blast Fairy
|-damage|p1a: Servine|18/100
|
|-heal|p2a: Dondozo|82/100 par|[from] item: Leftovers
|upkeep
|turn|10
|
|t:|1760789898
|move|p1a: Servine|Synthesis|p1a: Servine
|-heal|p1a: Servine|68/100
|move|p2a: Dondozo|Tera Blast|p1a: Servine|[anim] Tera Blast Fairy
|-damage|p1a: Servine|43/100
|
|-heal|p2a: Dondozo|89/100 par|[from] item: Leftovers
|upkeep
|turn|11
|
|t:|1760789907
|move|p1a: Servine|Synthesis|p1a: Servine
|-heal|p1a: Servine|93/100
|move|p2a: Dondozo|Tera Blast|p1a: Servine|[anim] Tera Blast Fairy
|-damage|p1a: Servine|68/100
|
|-heal|p2a: Dondozo|95/100 par|[from] item: Leftovers
|upkeep
|turn|12
|
|t:|1760789924
|switch|p1a: Kingambit|Kingambit, M|100/100
|-activate|p1a: Kingambit|move: Sticky Web
|-unboost|p1a: Kingambit|spe|1
|-ability|p1a: Kingambit|Defiant|boost
|-boost|p1a: Kingambit|atk|2
|-damage|p1a: Kingambit|94/100|[from] Stealth Rock
|move|p2a: Dondozo|Tera Blast|p1a: Kingambit|[anim] Tera Blast Fairy
|-damage|p1a: Kingambit|71/100
|
|-heal|p1a: Kingambit|78/100|[from] item: Leftovers
|-heal|p2a: Dondozo|100/100 par|[from] item: Leftovers
|upkeep
|turn|13
|
|t:|1760789935
|move|p1a: Kingambit|Iron Head|p2a: Dondozo
|-supereffective|p2a: Dondozo
|-damage|p2a: Dondozo|58/100 par
|move|p2a: Dondozo|Tera Blast|p1a: Kingambit|[anim] Tera Blast Fairy
|-damage|p1a: Kingambit|55/100
|
|-heal|p1a: Kingambit|61/100|[from] item: Leftovers
|-heal|p2a: Dondozo|65/100 par|[from] item: Leftovers
|upkeep
|turn|14
|
|t:|1760789944
|move|p1a: Kingambit|Iron Head|p2a: Dondozo
|-supereffective|p2a: Dondozo
|-damage|p2a: Dondozo|24/100 par
|cant|p2a: Dondozo|flinch
|
|-heal|p1a: Kingambit|67/100|[from] item: Leftovers
|-heal|p2a: Dondozo|30/100 par|[from] item: Leftovers
|upkeep
|turn|15
|
|t:|1760789955
|move|p1a: Kingambit|Iron Head|p2a: Dondozo
|-supereffective|p2a: Dondozo
|-damage|p2a: Dondozo|0 fnt
|faint|p2a: Dondozo
|
|-heal|p1a: Kingambit|73/100|[from] item: Leftovers
|upkeep
|
|t:|1760789963
|switch|p2a: Great Tusk|Great Tusk|100/100
|-enditem|p2a: Great Tusk|Booster Energy
|-activate|p2a: Great Tusk|ability: Protosynthesis|[fromitem]
|-start|p2a: Great Tusk|protosynthesisatk
|turn|16
|
|t:|1760789979
|switch|p1a: Servine|Servine, F|68/100
|-activate|p1a: Servine|move: Sticky Web
|-boost|p1a: Servine|spe|1
|-damage|p1a: Servine|55/100|[from] Stealth Rock
|move|p2a: Great Tusk|Rapid Spin|p1a: Servine
|-damage|p1a: Servine|35/100
|-boost|p2a: Great Tusk|spe|1
|
|upkeep
|turn|17
|
|t:|1760789996
|move|p1a: Servine|Leaf Storm|p2a: Great Tusk
|-supereffective|p2a: Great Tusk
|-damage|p2a: Great Tusk|21/100
|-boost|p1a: Servine|spa|2
|move|p2a: Great Tusk|Stone Edge|p1a: Servine
|-crit|p1a: Servine
|-damage|p1a: Servine|0 fnt
|faint|p1a: Servine
|
|upkeep
|
|t:|1760790001
|switch|p1a: Serperior|Serperior, F|100/100
|-activate|p1a: Serperior|move: Sticky Web
|-boost|p1a: Serperior|spe|1
|-damage|p1a: Serperior|88/100|[from] Stealth Rock
|turn|18
|
|t:|1760790018
|move|p1a: Serperior|Leaf Storm|p2a: Great Tusk
|-supereffective|p2a: Great Tusk
|-damage|p2a: Great Tusk|0 fnt
|-boost|p1a: Serperior|spa|2
|faint|p2a: Great Tusk
|-end|p2a: Great Tusk|Protosynthesis|[silent]
|
|-heal|p1a: Serperior|94/100|[from] item: Leftovers
|upkeep
|
|t:|1760790025
|switch|p2a: Cinderace|Cinderace, M|100/100
|turn|19
|
|t:|1760790030
|-terastallize|p1a: Serperior|Ground
|move|p1a: Serperior|Tera Blast|p2a: Cinderace|[anim] Tera Blast Ground
|-supereffective|p2a: Cinderace
|-damage|p2a: Cinderace|0 fnt
|faint|p2a: Cinderace
|
|-heal|p1a: Serperior|100/100|[from] item: Leftovers
|upkeep
|-message|wuliaodesheng forfeited.
|
|win|alexis77350
|raw|alexis77350's rating: 1203 &rarr; <strong>1228</strong><br />(+25 for winning)
|raw|wuliaodesheng's rating: 1200 &rarr; <strong>1175</strong><br />(-25 for losing)
|l|☆wuliaodesheng
|player|p2|
|l|☆alexis77350
|player|p1|
