|j|☆jakkuza
|j|☆Cyber PunK 144
|t:|1760840441
|gametype|singles
|player|p1|jakkuza|169|1292
|player|p2|Cyber PunK 144|marley|1333
|gen|9
|tier|[Gen 9] OU
|rated|
|rule|HP Percentage Mod: HP is shown in percentages
|rule|Endless Battle Clause: Forcing endless battles is banned
|rule|Species Clause: Limit one of each Pokémon
|rule|OHKO Clause: OHKO moves are banned
|rule|Evasion Items Clause: Evasion items are banned
|rule|Evasion Moves Clause: Evasion moves are banned
|rule|Evasion Abilities Clause: Evasion abilities are banned
|rule|Sleep Moves Clause: Sleep-inducing moves are banned
|clearpoke
|poke|p1|Reuniclus, F|
|poke|p1|Garganacl, M|
|poke|p1|Cinderace, F|
|poke|p1|Hatterene, F|
|poke|p1|Ursaluna, M|
|poke|p1|Ditto|
|poke|p2|Iron Valiant|
|poke|p2|Excadrill, M|
|poke|p2|Gholdengo|
|poke|p2|Darkrai|
|poke|p2|Dragonite, M|
|poke|p2|Ogerpon-Wellspring, F|
|teampreview
|inactive|Battle timer is ON: inactive players will automatically lose when time's up. (requested by jakkuza)
|
|t:|1760840462
|teamsize|p1|6
|teamsize|p2|6
|start
|switch|p1a: Hatterene|Hatterene, F|100/100
|switch|p2a: Darkrai|Darkrai|100/100
|turn|1
|
|t:|1760840471
|move|p2a: Darkrai|Dark Pulse|p1a: Hatterene
|-damage|p1a: Hatterene|56/100
|-damage|p2a: Darkrai|91/100|[from] item: Life Orb
|move|p1a: Hatterene|Trick Room|p1a: Hatterene
|-fieldstart|move: Trick Room|[of] p1a: Hatterene
|
|-heal|p1a: Hatterene|62/100|[from] item: Leftovers
|upkeep
|turn|2
|
|t:|1760840480
|switch|p2a: Excadrill|Excadrill, M, shiny|100/100
|-ability|p2a: Excadrill|Mold Breaker
|move|p1a: Hatterene|Mystical Fire|p2a: Excadrill
|-supereffective|p2a: Excadrill
|-damage|p2a: Excadrill|45/100
|-unboost|p2a: Excadrill|spa|1
|
|-heal|p1a: Hatterene|68/100|[from] item: Leftovers
|upkeep
|turn|3
|
|t:|1760840497
|move|p1a: Hatterene|Mystical Fire|p2a: Excadrill
|-supereffective|p2a: Excadrill
|-damage|p2a: Excadrill|0 fnt
|faint|p2a: Excadrill
|
|-heal|p1a: Hatterene|74/100|[from] item: Leftovers
|upkeep
|inactive|Cyber PunK 144 has 120 seconds left.
|
|t:|1760840519
|switch|p2a: Ogerpon|Ogerpon-Wellspring, F|100/100
|turn|4
|
|t:|1760840525
|move|p1a: Hatterene|Nuzzle|p2a: Ogerpon
|-crit|p2a: Ogerpon
|-damage|p2a: Ogerpon|93/100
|-status|p2a: Ogerpon|par
|move|p2a: Ogerpon|Ivy Cudgel|p1a: Hatterene|[anim] Ivy Cudgel Water
|-damage|p1a: Hatterene|13/100
|
|-heal|p1a: Hatterene|19/100|[from] item: Leftovers
|upkeep
|turn|5
|
|t:|1760840540
|move|p1a: Hatterene|Pain Split|p2a: Ogerpon
|-sethp|p2a: Ogerpon|56/100 par|[from] move: Pain Split|[silent]
|-sethp|p1a: Hatterene|54/100|[from] move: Pain Split
|move|p2a: Ogerpon|Horn Leech|p1a: Hatterene
|-damage|p1a: Hatterene|9/100
|-heal|p2a: Ogerpon|80/100 par|[from] drain|[of] p1a: Hatterene
|
|-heal|p1a: Hatterene|15/100|[from] item: Leftovers
|-fieldend|move: Trick Room
|upkeep
|turn|6
|
|t:|1760840555
|move|p2a: Ogerpon|Swords Dance|p2a: Ogerpon
|-boost|p2a: Ogerpon|atk|2
|move|p1a: Hatterene|Trick Room|p1a: Hatterene
|-fieldstart|move: Trick Room|[of] p1a: Hatterene
|
|-heal|p1a: Hatterene|21/100|[from] item: Leftovers
|upkeep
|turn|7
|
|t:|1760840565
|move|p1a: Hatterene|Pain Split|p2a: Ogerpon
|-sethp|p2a: Ogerpon|51/100 par|[from] move: Pain Split|[silent]
|-sethp|p1a: Hatterene|49/100|[from] move: Pain Split
|move|p2a: Ogerpon|Horn Leech|p1a: Hatterene
|-damage|p1a: Hatterene|0 fnt
|-heal|p2a: Ogerpon|76/100 par|[from] drain|[of] p1a: Hatterene
|faint|p1a: Hatterene
|
|upkeep
|
|t:|1760840576
|switch|p1a: Ursaluna|Ursaluna, M|100/100
|turn|8
|
|t:|1760840582
|move|p1a: Ursaluna|Close Combat|p2a: Ogerpon
|-damage|p2a: Ogerpon|16/100 par
|-unboost|p1a: Ursaluna|def|1
|-unboost|p1a: Ursaluna|spd|1
|cant|p2a: Ogerpon|par
|
|-status|p1a: Ursaluna|brn|[from] item: Flame Orb
|upkeep
|turn|9
|
|t:|1760840591
|move|p1a: Ursaluna|Facade|p2a: Ogerpon
|-damage|p2a: Ogerpon|0 fnt
|faint|p2a: Ogerpon
|
|-damage|p1a: Ursaluna|94/100 brn|[from] brn
|upkeep
|
|t:|1760840613
|switch|p2a: Gholdengo|Gholdengo|100/100
|-item|p2a: Gholdengo|Air Balloon
|turn|10
|
|t:|1760840619
|move|p1a: Ursaluna|Fire Punch|p2a: Gholdengo
|-supereffective|p2a: Gholdengo
|-damage|p2a: Gholdengo|0 fnt
|-enditem|p2a: Gholdengo|Air Balloon
|faint|p2a: Gholdengo
|
|-damage|p1a: Ursaluna|88/100 brn|[from] brn
|-fieldend|move: Trick Room
|upkeep
|
|t:|1760840638
|switch|p2a: Darkrai|Darkrai|91/100
|turn|11
|
|t:|1760840643
|move|p2a: Darkrai|Ice Beam|p1a: Ursaluna
|-supereffective|p1a: Ursaluna
|-damage|p1a: Ursaluna|0 fnt
|faint|p1a: Ursaluna
|-damage|p2a: Darkrai|81/100|[from] item: Life Orb
|
|upkeep
|
|t:|1760840665
|switch|p1a: Cinderace|Cinderace, F|100/100
|turn|12
|
|t:|1760840672
|move|p2a: Darkrai|Dark Pulse|p1a: Cinderace
|-damage|p1a: Cinderace|20/100
|-damage|p2a: Darkrai|71/100|[from] item: Life Orb
|cant|p1a: Cinderace|flinch
|
|upkeep
|turn|13
|
|t:|1760840680
|switch|p1a: Ditto|Ditto, shiny|100/100
|-transform|p1a: Ditto|p2a: Darkrai|[from] ability: Imposter
|move|p2a: Darkrai|Dark Pulse|p1a: Ditto
|-resisted|p1a: Ditto
|-damage|p1a: Ditto|59/100
|-damage|p2a: Darkrai|61/100|[from] item: Life Orb
|
|upkeep
|turn|14
|
|t:|1760840691
|move|p1a: Ditto|Ice Beam|p2a: Darkrai
|-damage|p2a: Darkrai|11/100
|move|p2a: Darkrai|Ice Beam|p1a: Ditto
|-damage|p1a: Ditto|2/100
|-damage|p2a: Darkrai|2/100|[from] item: Life Orb
|
|upkeep
|turn|15
|
|t:|1760840701
|move|p2a: Darkrai|Sucker Punch|p1a: Ditto
|-resisted|p1a: Ditto
|-damage|p1a: Ditto|0 fnt
|faint|p1a: Ditto
|-damage|p2a: Darkrai|0 fnt|[from] item: Life Orb
|faint|p2a: Darkrai
|
|upkeep
|
|t:|1760840725
|switch|p2a: Dragonite|Dragonite, M, shiny|100/100
|switch|p1a: Cinderace|Cinderace, F|20/100
|turn|16
|
|t:|1760840735
|move|p2a: Dragonite|Extreme Speed|p1a: Cinderace
|-damage|p1a: Cinderace|0 fnt
|faint|p1a: Cinderace
|
|upkeep
|
|t:|1760840741
|switch|p1a: Garganacl|Garganacl, M|100/100
|turn|17
|
|t:|1760840746
|move|p2a: Dragonite|Earthquake|p1a: Garganacl
|-supereffective|p1a: Garganacl
|-damage|p1a: Garganacl|51/100
|move|p1a: Garganacl|Iron Defense|p1a: Garganacl
|-boost|p1a: Garganacl|def|2
|
|-heal|p1a: Garganacl|57/100|[from] item: Leftovers
|upkeep
|turn|18
|
|t:|1760840755
|switch|p2a: Iron Valiant|Iron Valiant, shiny|100/100
|-enditem|p2a: Iron Valiant|Booster Energy
|-activate|p2a: Iron Valiant|ability: Quark Drive|[fromitem]
|-start|p2a: Iron Valiant|quarkdrivespe
|move|p1a: Garganacl|Recover|p1a: Garganacl
|-heal|p1a: Garganacl|100/100
|
|upkeep
|turn|19
|
|t:|1760840763
|-terastallize|p1a: Garganacl|Electric
|move|p2a: Iron Valiant|Encore|p1a: Garganacl
|-start|p1a: Garganacl|Encore
|move|p1a: Garganacl|Recover||[still]
|-fail|p1a: Garganacl|heal
|
|upkeep
|turn|20
|
|t:|1760840775
|move|p2a: Iron Valiant|Calm Mind|p2a: Iron Valiant
|-boost|p2a: Iron Valiant|spa|1
|-boost|p2a: Iron Valiant|spd|1
|move|p1a: Garganacl|Recover||[still]
|-fail|p1a: Garganacl|heal
|
|upkeep
|turn|21
|
|t:|1760840783
|switch|p1a: Reuniclus|Reuniclus, F|100/100
|move|p2a: Iron Valiant|Calm Mind|p2a: Iron Valiant
|-boost|p2a: Iron Valiant|spa|1
|-boost|p2a: Iron Valiant|spd|1
|
|upkeep
|turn|22
|-message|jakkuza forfeited.
|
|win|Cyber PunK 144
|raw|jakkuza's rating: 1292 &rarr; <strong>1270</strong><br />(-22 for losing)
|raw|Cyber PunK 144's rating: 1333 &rarr; <strong>1351</strong><br />(+18 for winning)
|l|☆jakkuza
|player|p1|
