|j|☆fraud101
|j|☆Sirkass_
|t:|1760817765
|gametype|singles
|player|p1|fraud101|170|1053
|player|p2|Sirkass_|n|1031
|gen|9
|tier|[Gen 9] OU
|rated|
|rule|HP Percentage Mod: HP is shown in percentages
|rule|Endless Battle Clause: Forcing endless battles is banned
|rule|Species Clause: Limit one of each Pokémon
|rule|OHKO Clause: OHKO moves are banned
|rule|Evasion Items Clause: Evasion items are banned
|rule|Evasion Moves Clause: Evasion moves are banned
|rule|Evasion Abilities Clause: Evasion abilities are banned
|rule|Sleep Moves Clause: Sleep-inducing moves are banned
|clearpoke
|poke|p1|Lucario, M|
|poke|p1|Dragapult, M|
|poke|p1|Iron Valiant|
|poke|p1|Ting-Lu|
|poke|p1|Corviknight, F|
|poke|p1|Kingambit, M|
|poke|p2|Ceruledge, M|
|poke|p2|Dragapult, M|
|poke|p2|Gholdengo|
|poke|p2|Grimmsnarl, M|
|poke|p2|Great Tusk|
|poke|p2|Iron Valiant|
|teampreview
|
|t:|1760817773
|teamsize|p1|6
|teamsize|p2|6
|start
|switch|p1a: Dragapult|Dragapult, M|100/100
|switch|p2a: Grimmsnarl|Grimmsnarl, M|100/100
|turn|1
|
|t:|1760817787
|-terastallize|p1a: Dragapult|Steel
|move|p2a: Grimmsnarl|Light Screen|p2a: Grimmsnarl
|-sidestart|p2: Sirkass_|move: Light Screen
|move|p1a: Dragapult|U-turn|p2a: Grimmsnarl
|-damage|p2a: Grimmsnarl|72/100
|
|t:|1760817798
|switch|p1a: Lucario|Lucario, M|100/100|[from] U-turn
|
|upkeep
|turn|2
|
|t:|1760817807
|move|p2a: Grimmsnarl|Reflect|p2a: Grimmsnarl
|-sidestart|p2: Sirkass_|Reflect
|move|p1a: Lucario|Calm Mind|p1a: Lucario
|-boost|p1a: Lucario|spa|1
|-boost|p1a: Lucario|spd|1
|
|upkeep
|turn|3
|
|t:|1760817827
|move|p2a: Grimmsnarl|Parting Shot|p1a: Lucario
|-unboost|p1a: Lucario|atk|1
|-unboost|p1a: Lucario|spa|1
|
|t:|1760817837
|switch|p2a: Sirius|Ceruledge, M, shiny|100/100|[from] Parting Shot
|move|p1a: Lucario|Flash Cannon|p2a: Sirius
|-resisted|p2a: Sirius
|-damage|p2a: Sirius|85/100
|-damage|p1a: Lucario|91/100|[from] item: Life Orb
|
|upkeep
|turn|4
|
|t:|1760817848
|move|p1a: Lucario|Dark Pulse|p2a: Sirius
|-supereffective|p2a: Sirius
|-damage|p2a: Sirius|43/100
|-damage|p1a: Lucario|81/100|[from] item: Life Orb
|move|p2a: Sirius|Bitter Blade|p1a: Lucario
|-supereffective|p1a: Lucario
|-damage|p1a: Lucario|0 fnt
|-heal|p2a: Sirius|82/100|[from] drain|[of] p1a: Lucario
|faint|p1a: Lucario
|-damage|p2a: Sirius|72/100|[from] item: Life Orb
|
|upkeep
|
|t:|1760817859
|switch|p1a: Dragapult|Dragapult, M, tera:Steel|100/100
|turn|5
|
|t:|1760817868
|switch|p2a: Iron Valiant|Iron Valiant, shiny|100/100
|-enditem|p2a: Iron Valiant|Booster Energy
|-activate|p2a: Iron Valiant|ability: Quark Drive|[fromitem]
|-start|p2a: Iron Valiant|quarkdriveatk
|move|p1a: Dragapult|Phantom Force||[still]
|-prepare|p1a: Dragapult|Phantom Force
|-enditem|p1a: Dragapult|Power Herb
|-anim|p1a: Dragapult|Phantom Force|p2a: Iron Valiant
|-damage|p2a: Iron Valiant|41/100
|
|upkeep
|turn|6
|
|t:|1760817880
|move|p1a: Dragapult|Phantom Force||[still]
|-prepare|p1a: Dragapult|Phantom Force
|move|p2a: Iron Valiant|Ice Punch|p1a: Dragapult|[miss]
|-miss|p2a: Iron Valiant|p1a: Dragapult
|
|upkeep
|turn|7
|
|t:|1760817897
|-end|p2a: Iron Valiant|Quark Drive|[silent]
|switch|p2a: Grimmsnarl|Grimmsnarl, M|72/100
|move|p1a: Dragapult|Phantom Force|p2a: Grimmsnarl|[from] lockedmove
|-resisted|p2a: Grimmsnarl
|-damage|p2a: Grimmsnarl|45/100
|
|upkeep
|turn|8
|
|t:|1760817915
|switch|p2a: Dragapult|Dragapult, M, shiny|100/100
|move|p1a: Dragapult|Phantom Force||[still]
|-prepare|p1a: Dragapult|Phantom Force
|
|-sideend|p2: Sirkass_|move: Light Screen
|upkeep
|turn|9
|
|t:|1760817923
|move|p1a: Dragapult|Phantom Force|p2a: Dragapult|[from] lockedmove
|-supereffective|p2a: Dragapult
|-damage|p2a: Dragapult|0 fnt
|faint|p2a: Dragapult
|
|-sideend|p2: Sirkass_|Reflect
|upkeep
|
|t:|1760817930
|switch|p2a: Sirius|Ceruledge, M, shiny|72/100
|turn|10
|
|t:|1760817935
|move|p1a: Dragapult|Phantom Force||[still]
|-prepare|p1a: Dragapult|Phantom Force
|move|p2a: Sirius|Bitter Blade|p1a: Dragapult|[miss]
|-miss|p2a: Sirius|p1a: Dragapult
|
|upkeep
|turn|11
|
|t:|1760817943
|switch|p2a: Grimmsnarl|Grimmsnarl, M|45/100
|move|p1a: Dragapult|Phantom Force|p2a: Grimmsnarl|[from] lockedmove
|-resisted|p2a: Grimmsnarl
|-damage|p2a: Grimmsnarl|19/100
|
|upkeep
|turn|12
|
|t:|1760817951
|move|p2a: Grimmsnarl|Parting Shot|p1a: Dragapult
|-unboost|p1a: Dragapult|atk|1
|-unboost|p1a: Dragapult|spa|1
|
|t:|1760817968
|switch|p2a: Gholdengo|Gholdengo|100/100|[from] Parting Shot
|move|p1a: Dragapult|U-turn|p2a: Gholdengo
|-resisted|p2a: Gholdengo
|-damage|p2a: Gholdengo|96/100
|
|t:|1760817982
|switch|p1a: Ting-Lu|Ting-Lu|100/100|[from] U-turn
|-ability|p1a: Ting-Lu|Vessel of Ruin
|
|upkeep
|turn|13
|
|t:|1760818002
|switch|p2a: Great Tusk|Great Tusk|100/100
|move|p1a: Ting-Lu|Stealth Rock|p2a: Great Tusk
|-sidestart|p2: Sirkass_|move: Stealth Rock
|
|upkeep
|turn|14
|
|t:|1760818022
|move|p2a: Great Tusk|Earthquake|p1a: Ting-Lu
|-damage|p1a: Ting-Lu|75/100
|move|p1a: Ting-Lu|Ruination|p2a: Great Tusk
|-damage|p2a: Great Tusk|51/100
|
|-heal|p2a: Great Tusk|57/100|[from] item: Leftovers
|-heal|p1a: Ting-Lu|82/100|[from] item: Leftovers
|upkeep
|turn|15
|
|t:|1760818037
|move|p2a: Great Tusk|Stealth Rock|p1a: Ting-Lu
|-sidestart|p1: fraud101|move: Stealth Rock
|move|p1a: Ting-Lu|Earthquake|p2a: Great Tusk
|-damage|p2a: Great Tusk|34/100
|
|-heal|p2a: Great Tusk|40/100|[from] item: Leftovers
|-heal|p1a: Ting-Lu|88/100|[from] item: Leftovers
|upkeep
|turn|16
|
|t:|1760818045
|move|p2a: Great Tusk|Earthquake|p1a: Ting-Lu
|-damage|p1a: Ting-Lu|63/100
|move|p1a: Ting-Lu|Earthquake|p2a: Great Tusk
|-crit|p2a: Great Tusk
|-damage|p2a: Great Tusk|8/100
|
|-heal|p2a: Great Tusk|14/100|[from] item: Leftovers
|-heal|p1a: Ting-Lu|69/100|[from] item: Leftovers
|upkeep
|turn|17
|
|t:|1760818061
|move|p2a: Great Tusk|Knock Off|p1a: Ting-Lu
|-resisted|p1a: Ting-Lu
|-damage|p1a: Ting-Lu|61/100
|-enditem|p1a: Ting-Lu|Leftovers|[from] move: Knock Off|[of] p2a: Great Tusk
|move|p1a: Ting-Lu|Earthquake|p2a: Great Tusk
|-damage|p2a: Great Tusk|0 fnt
|faint|p2a: Great Tusk
|-end|p2a: Great Tusk|Protosynthesis|[silent]
|
|upkeep
|
|t:|1760818071
|switch|p2a: Iron Valiant|Iron Valiant, shiny|41/100
|-damage|p2a: Iron Valiant|35/100|[from] Stealth Rock
|turn|18
|
|t:|1760818082
|switch|p1a: Corviknight|Corviknight, F|100/100
|-damage|p1a: Corviknight|88/100|[from] Stealth Rock
|-ability|p1a: Corviknight|Pressure
|-terastallize|p2a: Iron Valiant|Fighting
|move|p2a: Iron Valiant|Close Combat|p1a: Corviknight
|-damage|p1a: Corviknight|25/100
|-unboost|p2a: Iron Valiant|def|1
|-unboost|p2a: Iron Valiant|spd|1
|-damage|p2a: Iron Valiant|18/100|[from] item: Rocky Helmet|[of] p1a: Corviknight
|
|upkeep
|turn|19
|
|t:|1760818097
|move|p2a: Iron Valiant|Close Combat|p1a: Corviknight
|-damage|p1a: Corviknight|0 fnt
|-unboost|p2a: Iron Valiant|def|1
|-unboost|p2a: Iron Valiant|spd|1
|-damage|p2a: Iron Valiant|2/100|[from] item: Rocky Helmet|[of] p1a: Corviknight
|faint|p1a: Corviknight
|
|upkeep
|
|t:|1760818106
|switch|p1a: Kingambit|Kingambit, M|100/100
|-damage|p1a: Kingambit|94/100|[from] Stealth Rock
|-activate|p1a: Kingambit|ability: Supreme Overlord
|-start|p1a: Kingambit|fallen2|[silent]
|turn|20
|
|t:|1760818113
|move|p1a: Kingambit|Sucker Punch|p2a: Iron Valiant
|-resisted|p2a: Iron Valiant
|-damage|p2a: Iron Valiant|0 fnt
|faint|p2a: Iron Valiant
|-end|p2a: Iron Valiant|Quark Drive|[silent]
|-damage|p1a: Kingambit|84/100|[from] item: Life Orb
|
|upkeep
|
|t:|1760818129
|switch|p2a: Sirius|Ceruledge, M, shiny|72/100
|-damage|p2a: Sirius|47/100|[from] Stealth Rock
|turn|21
|
|t:|1760818135
|move|p1a: Kingambit|Sucker Punch|p2a: Sirius
|-supereffective|p2a: Sirius
|-damage|p2a: Sirius|0 fnt
|faint|p2a: Sirius
|-damage|p1a: Kingambit|75/100|[from] item: Life Orb
|
|upkeep
|
|t:|1760818139
|switch|p2a: Gholdengo|Gholdengo|96/100
|-damage|p2a: Gholdengo|90/100|[from] Stealth Rock
|turn|22
|c|☆fraud101|check this one out
|
|t:|1760818165
|move|p1a: Kingambit|Sucker Punch|p2a: Gholdengo
|-supereffective|p2a: Gholdengo
|-damage|p2a: Gholdengo|0 fnt
|faint|p2a: Gholdengo
|-damage|p1a: Kingambit|65/100|[from] item: Life Orb
|
|upkeep
|
|t:|1760818171
|switch|p2a: Grimmsnarl|Grimmsnarl, M|19/100
|-damage|p2a: Grimmsnarl|7/100|[from] Stealth Rock
|turn|23
|c|☆fraud101|checkmate
|c|☆Sirkass_|eh?
|c|☆Sirkass_|xd
|
|t:|1760818231
|move|p2a: Grimmsnarl|Spirit Break|p1a: Kingambit
|-damage|p1a: Kingambit|41/100
|-unboost|p1a: Kingambit|spa|1
|move|p1a: Kingambit|Low Kick|p2a: Grimmsnarl
|-damage|p2a: Grimmsnarl|0 fnt
|faint|p2a: Grimmsnarl
|-damage|p1a: Kingambit|31/100|[from] item: Life Orb
|
|win|fraud101
|raw|fraud101's rating: 1053 &rarr; <strong>1083</strong><br />(+30 for winning)
|raw|Sirkass_'s rating: 1031 &rarr; <strong>1017</strong><br />(-14 for losing)
|l|☆Sirkass_
|player|p2|
