|j|☆qazqazwsxplmaa
|j|☆Jleoren
|t:|1760864261
|gametype|singles
|player|p1|qazqazwsxplmaa|266|1193
|player|p2|Jleoren|wattson|1136
|gen|9
|tier|[Gen 9] OU
|rated|
|rule|HP Percentage Mod: HP is shown in percentages
|rule|Endless Battle Clause: Forcing endless battles is banned
|rule|Species Clause: Limit one of each Pokémon
|rule|OHKO Clause: OHKO moves are banned
|rule|Evasion Items Clause: Evasion items are banned
|rule|Evasion Moves Clause: Evasion moves are banned
|rule|Evasion Abilities Clause: Evasion abilities are banned
|rule|Sleep Moves Clause: Sleep-inducing moves are banned
|clearpoke
|poke|p1|Raging Bolt|
|poke|p1|Tornadus-Therian, M|
|poke|p1|Kyurem|
|poke|p1|Pecharunt|
|poke|p1|Darkrai|
|poke|p1|Florges, F|
|poke|p2|Quaquaval, F|
|poke|p2|Pelipper, F|
|poke|p2|Darkrai|
|poke|p2|Zamazenta-*|
|poke|p2|Lokix, M|
|poke|p2|Dragapult, M|
|teampreview
|
|t:|1760864282
|teamsize|p1|6
|teamsize|p2|6
|start
|switch|p1a: Raging Bolt|Raging Bolt|100/100
|switch|p2a: Lokix|Lokix, M|100/100
|turn|1
|
|t:|1760864293
|move|p2a: Lokix|U-turn|p1a: Raging Bolt
|-damage|p1a: Raging Bolt|66/100
|
|t:|1760864300
|switch|p2a: Dragapult|Dragapult, M|100/100|[from] U-turn
|move|p1a: Raging Bolt|Thunderbolt|p2a: Dragapult
|-resisted|p2a: Dragapult
|-damage|p2a: Dragapult|57/100
|-damage|p1a: Raging Bolt|56/100|[from] item: Life Orb
|
|upkeep
|turn|2
|
|t:|1760864310
|-terastallize|p1a: Raging Bolt|Electric
|move|p2a: Dragapult|Shadow Ball|p1a: Raging Bolt
|-damage|p1a: Raging Bolt|15/100
|-unboost|p1a: Raging Bolt|spd|1
|move|p1a: Raging Bolt|Thunderbolt|p2a: Dragapult
|-resisted|p2a: Dragapult
|-crit|p2a: Dragapult
|-damage|p2a: Dragapult|0 fnt
|faint|p2a: Dragapult
|-damage|p1a: Raging Bolt|5/100|[from] item: Life Orb
|
|upkeep
|
|t:|1760864330
|switch|p2a: Quaquaval|Quaquaval, F|100/100
|turn|3
|
|t:|1760864334
|move|p1a: Raging Bolt|Thunderclap|p2a: Quaquaval
|-supereffective|p2a: Quaquaval
|-damage|p2a: Quaquaval|0 fnt
|faint|p2a: Quaquaval
|-damage|p1a: Raging Bolt|0 fnt|[from] item: Life Orb
|faint|p1a: Raging Bolt
|-end|p1a: Raging Bolt|Protosynthesis|[silent]
|
|upkeep
|inactive|Battle timer is ON: inactive players will automatically lose when time's up. (requested by Jleoren)
|
|t:|1760864350
|switch|p2a: Pelipper|Pelipper, F|100/100
|switch|p1a: Tornadus|Tornadus-Therian, M|100/100
|-weather|RainDance|[from] ability: Drizzle|[of] p2a: Pelipper
|turn|4
|
|t:|1760864358
|move|p1a: Tornadus|Bleakwind Storm|p2a: Pelipper
|-damage|p2a: Pelipper|57/100
|move|p2a: Pelipper|Hurricane|p1a: Tornadus
|-damage|p1a: Tornadus|55/100
|
|-weather|RainDance|[upkeep]
|upkeep
|turn|5
|
|t:|1760864378
|move|p1a: Tornadus|U-turn|p2a: Pelipper
|-resisted|p2a: Pelipper
|-damage|p2a: Pelipper|51/100
|
|t:|1760864384
|switch|p1a: Pecharunt|Pecharunt|100/100|[from] U-turn
|move|p2a: Pelipper|Hurricane|p1a: Pecharunt
|-damage|p1a: Pecharunt|65/100
|-start|p1a: Pecharunt|confusion
|
|-weather|RainDance|[upkeep]
|upkeep
|turn|6
|
|t:|1760864395
|-activate|p1a: Pecharunt|confusion
|move|p1a: Pecharunt|Parting Shot|p2a: Pelipper
|-unboost|p2a: Pelipper|atk|1
|-unboost|p2a: Pelipper|spa|1
|
|t:|1760864402
|switch|p1a: Darkrai|Darkrai|100/100|[from] Parting Shot
|move|p2a: Pelipper|Roost|p2a: Pelipper
|-heal|p2a: Pelipper|100/100
|-singleturn|p2a: Pelipper|move: Roost
|
|-weather|RainDance|[upkeep]
|upkeep
|turn|7
|
|t:|1760864413
|move|p1a: Darkrai|Dark Pulse|p2a: Pelipper
|-damage|p2a: Pelipper|46/100
|-damage|p1a: Darkrai|91/100|[from] item: Life Orb
|cant|p2a: Pelipper|flinch
|
|-weather|RainDance|[upkeep]
|upkeep
|turn|8
|
|t:|1760864424
|switch|p2a: Lokix|Lokix, M|100/100
|move|p1a: Darkrai|Dark Pulse|p2a: Lokix
|-resisted|p2a: Lokix
|-crit|p2a: Lokix
|-damage|p2a: Lokix|18/100
|-damage|p1a: Darkrai|81/100|[from] item: Life Orb
|
|-weather|RainDance|[upkeep]
|upkeep
|turn|9
|
|t:|1760864434
|move|p2a: Lokix|First Impression|p1a: Darkrai
|-supereffective|p1a: Darkrai
|-damage|p1a: Darkrai|0 fnt
|faint|p1a: Darkrai
|
|-weather|RainDance|[upkeep]
|upkeep
|
|t:|1760864444
|switch|p1a: Tornadus|Tornadus-Therian, M|88/100
|turn|10
|inactive|Jleoren has 120 seconds left.
|inactive|Jleoren has 90 seconds left.
|
|t:|1760864512
|switch|p2a: Darkrai|Darkrai|100/100
|move|p1a: Tornadus|Bleakwind Storm|p2a: Darkrai
|-damage|p2a: Darkrai|42/100
|
|-weather|RainDance|[upkeep]
|upkeep
|turn|11
|
|t:|1760864523
|move|p2a: Darkrai|Dark Pulse|p1a: Tornadus
|-damage|p1a: Tornadus|6/100
|cant|p1a: Tornadus|flinch
|
|-weather|none
|upkeep
|turn|12
|inactive|Jleoren has 90 seconds left.
|
|t:|1760864546
|switch|p1a: Florges|Florges, F|100/100
|move|p2a: Darkrai|Dark Pulse|p1a: Florges
|-resisted|p1a: Florges
|-damage|p1a: Florges|83/100
|
|-heal|p1a: Florges|89/100|[from] item: Leftovers
|upkeep
|turn|13
|
|t:|1760864556
|switch|p2a: Pelipper|Pelipper, F|46/100
|-weather|RainDance|[from] ability: Drizzle|[of] p2a: Pelipper
|move|p1a: Florges|Moonblast|p2a: Pelipper
|-damage|p2a: Pelipper|13/100
|-unboost|p2a: Pelipper|spa|1
|
|-weather|RainDance|[upkeep]
|-heal|p1a: Florges|95/100|[from] item: Leftovers
|upkeep
|turn|14
|inactive|Jleoren has 90 seconds left.
|
|t:|1760864578
|move|p1a: Florges|Moonblast|p2a: Pelipper
|-damage|p2a: Pelipper|0 fnt
|faint|p2a: Pelipper
|
|-weather|RainDance|[upkeep]
|-heal|p1a: Florges|100/100|[from] item: Leftovers
|upkeep
|
|t:|1760864582
|switch|p2a: Darkrai|Darkrai|42/100
|turn|15
|
|t:|1760864588
|-terastallize|p2a: Darkrai|Poison
|move|p2a: Darkrai|Sludge Bomb|p1a: Florges
|-supereffective|p1a: Florges
|-damage|p1a: Florges|30/100
|move|p1a: Florges|Moonblast|p2a: Darkrai
|-resisted|p2a: Darkrai
|-damage|p2a: Darkrai|18/100
|
|-weather|RainDance|[upkeep]
|-heal|p1a: Florges|37/100|[from] item: Leftovers
|upkeep
|turn|16
|inactive|Jleoren has 90 seconds left.
|
|t:|1760864612
|move|p2a: Darkrai|Sludge Bomb|p1a: Florges
|-supereffective|p1a: Florges
|-damage|p1a: Florges|0 fnt
|faint|p1a: Florges
|
|-weather|RainDance|[upkeep]
|upkeep
|
|t:|1760864621
|switch|p1a: Pecharunt|Pecharunt|65/100
|turn|17
|
|t:|1760864630
|switch|p2a: Lokix|Lokix, M|18/100
|move|p1a: Pecharunt|Shadow Ball|p2a: Lokix
|-resisted|p2a: Lokix
|-damage|p2a: Lokix|0 fnt
|faint|p2a: Lokix
|
|-weather|RainDance|[upkeep]
|upkeep
|
|t:|1760864631
|switch|p2a: Darkrai|Darkrai, tera:Poison|18/100
|turn|18
|
|t:|1760864642
|move|p2a: Darkrai|Dark Pulse|p1a: Pecharunt
|-supereffective|p1a: Pecharunt
|-damage|p1a: Pecharunt|0 fnt
|faint|p1a: Pecharunt
|
|-weather|RainDance|[upkeep]
|upkeep
|-message|qazqazwsxplmaa forfeited.
|
|win|Jleoren
|raw|qazqazwsxplmaa's rating: 1193 &rarr; <strong>1162</strong><br />(-31 for losing)
|raw|Jleoren's rating: 1109 &rarr; <strong>1140</strong><br />(+31 for winning)
|l|☆qazqazwsxplmaa
|player|p1|
|l|☆Jleoren
|player|p2|
