|j|☆berryjuicejoy
|j|☆kgoski tavares
|t:|1760851224
|gametype|singles
|player|p1|berryjuicejoy|karen-gen2|1261
|player|p2|kgoski tavares|veteran-gen4|1293
|gen|9
|tier|[Gen 9] OU
|rated|
|rule|HP Percentage Mod: HP is shown in percentages
|rule|Endless Battle Clause: Forcing endless battles is banned
|rule|Species Clause: Limit one of each Pokémon
|rule|OHKO Clause: OHKO moves are banned
|rule|Evasion Items Clause: Evasion items are banned
|rule|Evasion Moves Clause: Evasion moves are banned
|rule|Evasion Abilities Clause: Evasion abilities are banned
|rule|Sleep Moves Clause: Sleep-inducing moves are banned
|clearpoke
|poke|p1|Darkrai|
|poke|p1|Pawmot, F|
|poke|p1|Zapdos|
|poke|p1|Hatterene, F|
|poke|p1|Dragapult, M|
|poke|p1|Corviknight, F|
|poke|p2|Pelipper, F|
|poke|p2|Barraskewda, M|
|poke|p2|Great Tusk|
|poke|p2|Ogerpon-Wellspring, F|
|poke|p2|Corviknight, M|
|poke|p2|Zapdos|
|teampreview
|inactive|Battle timer is ON: inactive players will automatically lose when time's up. (requested by kgoski tavares)
|
|t:|1760851248
|teamsize|p1|6
|teamsize|p2|6
|start
|switch|p1a: Zapdos|Zapdos|100/100
|switch|p2a: Jerry|Pelipper, F|100/100
|-weather|RainDance|[from] ability: Drizzle|[of] p2a: Jerry
|turn|1
|
|t:|1760851257
|switch|p2a: Zap Zap|Zapdos|100/100
|move|p1a: Zapdos|Discharge|p2a: Zap Zap
|-damage|p2a: Zap Zap|52/100
|
|-weather|RainDance|[upkeep]
|upkeep
|turn|2
|
|t:|1760851277
|switch|p1a: Dragapult|Dragapult, M|100/100
|move|p2a: Zap Zap|Thunder|p1a: Dragapult
|-resisted|p1a: Dragapult
|-damage|p1a: Dragapult|61/100
|
|-weather|RainDance|[upkeep]
|upkeep
|turn|3
|
|t:|1760851292
|switch|p2a: George|Corviknight, M|100/100
|-ability|p2a: George|Pressure
|move|p1a: Dragapult|Draco Meteor|p2a: George
|-resisted|p2a: George
|-damage|p2a: George|67/100
|-unboost|p1a: Dragapult|spa|2
|-damage|p1a: Dragapult|51/100|[from] item: Life Orb
|
|-weather|RainDance|[upkeep]
|upkeep
|turn|4
|
|t:|1760851296
|move|p1a: Dragapult|Thunder Wave|p2a: George|[miss]
|-miss|p1a: Dragapult|p2a: George
|move|p2a: George|U-turn|p1a: Dragapult
|-resisted|p1a: Dragapult
|-damage|p1a: Dragapult|42/100
|
|t:|1760851300
|switch|p2a: Zap Zap|Zapdos|52/100|[from] U-turn
|
|-weather|RainDance|[upkeep]
|upkeep
|turn|5
|j| preems
|
|t:|1760851307
|switch|p1a: Hatterene|Hatterene, F|100/100
|move|p2a: Zap Zap|Hurricane|p1a: Hatterene
|-damage|p1a: Hatterene|72/100
|
|-weather|RainDance|[upkeep]
|upkeep
|turn|6
|
|t:|1760851314
|switch|p2a: George|Corviknight, M|67/100
|-ability|p2a: George|Pressure
|move|p1a: Hatterene|Psychic|p2a: George
|-resisted|p2a: George
|-damage|p2a: George|48/100
|
|-weather|RainDance|[upkeep]
|upkeep
|turn|7
|
|t:|1760851321
|move|p2a: George|Roost|p2a: George
|-heal|p2a: George|98/100
|-singleturn|p2a: George|move: Roost
|move|p1a: Hatterene|Nuzzle|p2a: George
|-damage|p2a: George|96/100
|-status|p2a: George|par
|-damage|p1a: Hatterene|55/100|[from] item: Rocky Helmet|[of] p2a: George
|
|-weather|RainDance|[upkeep]
|upkeep
|turn|8
|
|t:|1760851337
|switch|p1a: Pawmot|Pawmot, F|100/100
|move|p2a: George|U-turn|p1a: Pawmot
|-resisted|p1a: Pawmot
|-damage|p1a: Pawmot|88/100
|l| preems
|
|t:|1760851342
|switch|p2a: Wooly the IV Jr.|Great Tusk|100/100|[from] U-turn
|
|-weather|none
|upkeep
|turn|9
|
|t:|1760851356
|switch|p1a: Corviknight|Corviknight, F|100/100
|-ability|p1a: Corviknight|Pressure
|move|p2a: Wooly the IV Jr.|Stealth Rock|p1a: Corviknight
|-sidestart|p1: berryjuicejoy|move: Stealth Rock
|
|upkeep
|turn|10
|
|t:|1760851363
|-end|p2a: Wooly the IV Jr.|Protosynthesis|[silent]
|switch|p2a: Jerry|Pelipper, F|100/100
|-weather|RainDance|[from] ability: Drizzle|[of] p2a: Jerry
|move|p1a: Corviknight|Defog|p2a: Jerry
|-unboost|p2a: Jerry|evasion|1
|-sideend|p1: berryjuicejoy|Stealth Rock|[from] move: Defog|[of] p1a: Corviknight
|
|-weather|RainDance|[upkeep]
|upkeep
|turn|11
|
|t:|1760851374
|switch|p1a: Zapdos|Zapdos|100/100
|move|p2a: Jerry|U-turn|p1a: Zapdos
|-resisted|p1a: Zapdos
|-damage|p1a: Zapdos|95/100
|
|t:|1760851379
|switch|p2a: Monsieur Franc|Barraskewda, M|100/100|[from] U-turn
|
|-weather|RainDance|[upkeep]
|upkeep
|turn|12
|
|t:|1760851386
|switch|p1a: Dragapult|Dragapult, M|42/100
|-terastallize|p2a: Monsieur Franc|Water
|move|p2a: Monsieur Franc|Liquidation|p1a: Dragapult
|-resisted|p1a: Dragapult
|-damage|p1a: Dragapult|0 fnt
|faint|p1a: Dragapult
|
|-weather|RainDance|[upkeep]
|upkeep
|
|t:|1760851395
|switch|p1a: Corviknight|Corviknight, F|100/100
|-ability|p1a: Corviknight|Pressure
|turn|13
|
|t:|1760851403
|move|p2a: Monsieur Franc|Liquidation|p1a: Corviknight
|-damage|p1a: Corviknight|4/100
|move|p1a: Corviknight|Body Press|p2a: Monsieur Franc
|-damage|p2a: Monsieur Franc|60/100
|
|-weather|RainDance|[upkeep]
|-heal|p1a: Corviknight|10/100|[from] item: Leftovers
|upkeep
|turn|14
|
|t:|1760851406
|move|p2a: Monsieur Franc|Liquidation|p1a: Corviknight
|-damage|p1a: Corviknight|0 fnt
|faint|p1a: Corviknight
|
|-weather|RainDance|[upkeep]
|upkeep
|
|t:|1760851428
|switch|p1a: Zapdos|Zapdos|95/100
|turn|15
|
|t:|1760851435
|move|p2a: Monsieur Franc|Liquidation|p1a: Zapdos
|-damage|p1a: Zapdos|0 fnt
|faint|p1a: Zapdos
|
|-weather|RainDance|[upkeep]
|upkeep
|
|t:|1760851440
|switch|p1a: Pawmot|Pawmot, F|88/100
|turn|16
|
|t:|1760851444
|move|p2a: Monsieur Franc|Liquidation|p1a: Pawmot
|-damage|p1a: Pawmot|0 fnt
|faint|p1a: Pawmot
|
|-weather|RainDance|[upkeep]
|upkeep
|-message|berryjuicejoy forfeited.
|
|win|kgoski tavares
|raw|berryjuicejoy's rating: 1261 &rarr; <strong>1238</strong><br />(-23 for losing)
|raw|kgoski tavares's rating: 1293 &rarr; <strong>1316</strong><br />(+23 for winning)
|l|☆berryjuicejoy
|player|p1|
|l|☆kgoski tavares
|player|p2|
