|j|☆icefox
|j|☆UltimateX13
|t:|1760807123
|gametype|singles
|player|p1|icefox|giovanni|1391
|player|p2|UltimateX13|cynthia-gen4|1437
|gen|9
|tier|[Gen 9] OU
|rated|
|rule|HP Percentage Mod: HP is shown in percentages
|rule|Endless Battle Clause: Forcing endless battles is banned
|rule|Species Clause: Limit one of each Pokémon
|rule|OHKO Clause: OHKO moves are banned
|rule|Evasion Items Clause: Evasion items are banned
|rule|Evasion Moves Clause: Evasion moves are banned
|rule|Evasion Abilities Clause: Evasion abilities are banned
|rule|Sleep Moves Clause: Sleep-inducing moves are banned
|clearpoke
|poke|p1|Meowscarada, M|
|poke|p1|Hydreigon, M|
|poke|p1|Bisharp, M|
|poke|p1|Samurott-Hisui, F|
|poke|p1|Sableye, F|
|poke|p1|Muk-Alola, M|
|poke|p2|Darkrai|
|poke|p2|Zapdos-Galar|
|poke|p2|Raging Bolt|
|poke|p2|Great Tusk|
|poke|p2|Pecharunt|
|poke|p2|Torkoal, M|
|teampreview
|
|t:|1760807146
|teamsize|p1|6
|teamsize|p2|6
|start
|switch|p1a: Pure Dark|Samurott-Hisui, F|100/100
|switch|p2a: Liam|Zapdos-Galar|100/100
|turn|1
|inactive|Battle timer is ON: inactive players will automatically lose when time's up. (requested by UltimateX13)
|
|t:|1760807158
|move|p2a: Liam|U-turn|p1a: Pure Dark
|-supereffective|p1a: Pure Dark
|-damage|p1a: Pure Dark|7/100
|
|t:|1760807162
|switch|p2a: P'andor|Torkoal, M, shiny|100/100|[from] U-turn
|-weather|SunnyDay|[from] ability: Drought|[of] p2a: P'andor
|move|p1a: Pure Dark|Ceaseless Edge|p2a: P'andor
|-damage|p2a: P'andor|64/100
|-sidestart|p2: UltimateX13|Spikes
|
|-weather|SunnyDay|[upkeep]
|upkeep
|turn|2
|
|t:|1760807169
|switch|p1a: Sableye|Sableye, F|100/100
|move|p2a: P'andor|Rapid Spin|p1a: Sableye
|-immune|p1a: Sableye
|
|-weather|SunnyDay|[upkeep]
|upkeep
|turn|3
|
|t:|1760807173
|switch|p1a: Hydreigon|Hydreigon, M|100/100
|move|p2a: P'andor|Stealth Rock|p1a: Hydreigon
|-sidestart|p1: icefox|move: Stealth Rock
|
|-weather|SunnyDay|[upkeep]
|upkeep
|turn|4
|
|t:|1760807178
|move|p1a: Hydreigon|Dark Pulse|p2a: P'andor
|-crit|p2a: P'andor
|-damage|p2a: P'andor|0 fnt
|faint|p2a: P'andor
|
|-weather|SunnyDay|[upkeep]
|upkeep
|
|t:|1760807182
|switch|p2a: Exo-Skull|Great Tusk|100/100
|-damage|p2a: Exo-Skull|88/100|[from] Spikes
|-activate|p2a: Exo-Skull|ability: Protosynthesis
|-start|p2a: Exo-Skull|protosynthesisatk
|turn|5
|
|t:|1760807190
|-terastallize|p1a: Hydreigon|Ghost
|move|p1a: Hydreigon|Dark Pulse|p2a: Exo-Skull
|-resisted|p2a: Exo-Skull
|-damage|p2a: Exo-Skull|55/100
|move|p2a: Exo-Skull|Rapid Spin|p1a: Hydreigon
|-immune|p1a: Hydreigon
|
|-weather|SunnyDay|[upkeep]
|upkeep
|turn|6
|
|t:|1760807199
|-end|p2a: Exo-Skull|Protosynthesis|[silent]
|switch|p2a: Liam|Zapdos-Galar|100/100
|move|p1a: Hydreigon|Dark Pulse|p2a: Liam
|-resisted|p2a: Liam
|-damage|p2a: Liam|65/100
|
|-weather|SunnyDay|[upkeep]
|upkeep
|turn|7
|
|t:|1760807204
|switch|p1a: Pure Dark|Samurott-Hisui, F|7/100
|-damage|p1a: Pure Dark|0 fnt|[from] Stealth Rock
|faint|p1a: Pure Dark
|move|p2a: Liam|Knock Off|p1: Pure Dark|[notarget]
|-fail|p2a: Liam
|
|-weather|SunnyDay|[upkeep]
|upkeep
|
|t:|1760807211
|switch|p1a: Meowscarada|Meowscarada, M|100/100
|-damage|p1a: Meowscarada|88/100|[from] Stealth Rock
|turn|8
|
|t:|1760807219
|move|p1a: Meowscarada|Triple Axel|p2a: Liam
|-start|p1a: Meowscarada|typechange|Ice|[from] ability: Protean
|-supereffective|p2a: Liam
|-damage|p2a: Liam|41/100
|-supereffective|p2a: Liam
|-damage|p2a: Liam|0 fnt
|faint|p2a: Liam
|-hitcount|p2: Liam|2
|
|-weather|none
|upkeep
|
|t:|1760807226
|switch|p2a: Exo-Skull|Great Tusk|55/100
|-damage|p2a: Exo-Skull|42/100|[from] Spikes
|turn|9
|
|t:|1760807232
|-end|p2a: Exo-Skull|Protosynthesis|[silent]
|switch|p2a: Zs'Skayr|Darkrai|100/100
|-damage|p2a: Zs'Skayr|88/100|[from] Spikes
|move|p1a: Meowscarada|Triple Axel|p2a: Zs'Skayr
|-damage|p2a: Zs'Skayr|75/100
|-damage|p2a: Zs'Skayr|49/100
|-damage|p2a: Zs'Skayr|5/100
|-hitcount|p2a: Zs'Skayr|3
|
|upkeep
|turn|10
|
|t:|1760807238
|move|p1a: Meowscarada|Triple Axel|p2a: Zs'Skayr
|-damage|p2a: Zs'Skayr|0 fnt
|faint|p2a: Zs'Skayr
|-hitcount|p2: Zs'Skayr|1
|
|upkeep
|-message|UltimateX13 forfeited.
|
|win|icefox
|raw|icefox's rating: 1391 &rarr; <strong>1414</strong><br />(+23 for winning)
|raw|UltimateX13's rating: 1437 &rarr; <strong>1414</strong><br />(-23 for losing)
|l|☆UltimateX13
|player|p2|
