|j|‽flailingfirework
|j|☆Certified Rock
|t:|1760728652
|gametype|singles
|player|p1|flailingfirework|roxie-masters|1442
|player|p2|Certified Rock|170|1390
|gen|9
|tier|[Gen 9] OU
|rated|
|rule|HP Percentage Mod: HP is shown in percentages
|rule|Endless Battle Clause: Forcing endless battles is banned
|rule|Species Clause: Limit one of each Pokémon
|rule|OHKO Clause: OHKO moves are banned
|rule|Evasion Items Clause: Evasion items are banned
|rule|Evasion Moves Clause: Evasion moves are banned
|rule|Evasion Abilities Clause: Evasion abilities are banned
|rule|Sleep Moves Clause: Sleep-inducing moves are banned
|clearpoke
|poke|p1|Ogerpon-Wellspring, F|
|poke|p1|Cloyster, F|
|poke|p1|Ninetales-Alola, F|
|poke|p1|Polteageist|
|poke|p1|Iron Treads|
|poke|p1|Cetitan, F|
|poke|p2|Zapdos|
|poke|p2|Great Tusk|
|poke|p2|Greninja-*, M|
|poke|p2|Garganacl, M|
|poke|p2|Dragapult, M|
|poke|p2|Tinkaton, F|
|teampreview
|inactive|Battle timer is ON: inactive players will automatically lose when time's up. (requested by Certified Rock)
|c|☆Certified Rock|wtf
|c|☆Certified Rock|back 2 back against ice team
|inactive|Certified Rock has 120 seconds left.
|
|t:|1760728685
|teamsize|p1|6
|teamsize|p2|6
|start
|switch|p1a: Iron Treads|Iron Treads|100/100
|switch|p2a: Tinkaton|Tinkaton, F|100/100
|-ability|p2a: Tinkaton|Mold Breaker
|-item|p2a: Tinkaton|Air Balloon
|-enditem|p1a: Iron Treads|Booster Energy
|-activate|p1a: Iron Treads|ability: Quark Drive|[fromitem]
|-start|p1a: Iron Treads|quarkdrivespe
|turn|1
|
|t:|1760728693
|switch|p2a: Great Tusk|Great Tusk|100/100
|move|p1a: Iron Treads|Stealth Rock|p2a: Great Tusk
|-sidestart|p2: Certified Rock|move: Stealth Rock
|
|upkeep
|turn|2
|
|t:|1760728696
|move|p1a: Iron Treads|Steel Beam|p2a: Great Tusk
|-damage|p2a: Great Tusk|29/100
|-damage|p1a: Iron Treads|50/100|[from] steelbeam
|move|p2a: Great Tusk|Headlong Rush|p1a: Iron Treads
|-supereffective|p1a: Iron Treads
|-damage|p1a: Iron Treads|0 fnt
|-unboost|p2a: Great Tusk|def|1
|-unboost|p2a: Great Tusk|spd|1
|faint|p1a: Iron Treads
|-end|p1a: Iron Treads|Quark Drive|[silent]
|
|upkeep
|
|t:|1760728703
|switch|p1a: Ninetales|Ninetales-Alola, F|100/100
|-weather|Snowscape|[from] ability: Snow Warning|[of] p1a: Ninetales
|turn|3
|
|t:|1760728708
|move|p1a: Ninetales|Moonblast|p2a: Great Tusk
|-supereffective|p2a: Great Tusk
|-damage|p2a: Great Tusk|0 fnt
|faint|p2a: Great Tusk
|-end|p2a: Great Tusk|Protosynthesis|[silent]
|
|-weather|Snowscape|[upkeep]
|upkeep
|
|t:|1760728725
|switch|p2a: Garganacl|Garganacl, M|100/100
|-damage|p2a: Garganacl|88/100|[from] Stealth Rock
|turn|4
|
|t:|1760728729
|move|p1a: Ninetales|Aurora Veil|p1a: Ninetales
|-sidestart|p1: flailingfirework|move: Aurora Veil
|move|p2a: Garganacl|Salt Cure|p1a: Ninetales
|-supereffective|p1a: Ninetales
|-damage|p1a: Ninetales|87/100
|-start|p1a: Ninetales|Salt Cure
|
|-weather|Snowscape|[upkeep]
|-heal|p2a: Garganacl|94/100|[from] item: Leftovers
|-damage|p1a: Ninetales|75/100|[from] Salt Cure
|upkeep
|turn|5
|
|t:|1760728733
|switch|p1a: Ogerpon|Ogerpon-Wellspring, F|100/100
|move|p2a: Garganacl|Iron Defense|p2a: Garganacl
|-boost|p2a: Garganacl|def|2
|
|-weather|Snowscape|[upkeep]
|-heal|p2a: Garganacl|100/100|[from] item: Leftovers
|upkeep
|turn|6
|
|t:|1760728743
|move|p1a: Ogerpon|Swords Dance|p1a: Ogerpon
|-boost|p1a: Ogerpon|atk|2
|move|p2a: Garganacl|Salt Cure|p1a: Ogerpon
|-damage|p1a: Ogerpon|92/100
|-start|p1a: Ogerpon|Salt Cure
|
|-weather|Snowscape|[upkeep]
|-damage|p1a: Ogerpon|67/100|[from] Salt Cure
|upkeep
|turn|7
|
|t:|1760728765
|switch|p2a: Zapdos|Zapdos|100/100
|move|p1a: Ogerpon|Power Whip|p2a: Zapdos
|-resisted|p2a: Zapdos
|-damage|p2a: Zapdos|47/100
|-status|p1a: Ogerpon|par|[from] ability: Static|[of] p2a: Zapdos
|
|-weather|none
|-damage|p1a: Ogerpon|42/100 par|[from] Salt Cure
|upkeep
|turn|8
|
|t:|1760728770
|move|p2a: Zapdos|Volt Switch|p1a: Ogerpon
|-damage|p1a: Ogerpon|23/100 par
|
|t:|1760728774
|switch|p2a: Tinkaton|Tinkaton, F|100/100|[from] Volt Switch
|-damage|p2a: Tinkaton|94/100|[from] Stealth Rock
|-ability|p2a: Tinkaton|Mold Breaker
|-item|p2a: Tinkaton|Air Balloon
|move|p1a: Ogerpon|Ivy Cudgel|p2a: Tinkaton|[anim] Ivy Cudgel Water
|-damage|p2a: Tinkaton|0 fnt
|-enditem|p2a: Tinkaton|Air Balloon
|faint|p2a: Tinkaton
|
|-damage|p1a: Ogerpon|0 fnt|[from] Salt Cure
|faint|p1a: Ogerpon
|upkeep
|
|t:|1760728801
|switch|p1a: Ninetales|Ninetales-Alola, F|75/100
|switch|p2a: Greninja|Greninja, M|100/100
|-damage|p2a: Greninja|88/100|[from] Stealth Rock
|-weather|Snowscape|[from] ability: Snow Warning|[of] p1a: Ninetales
|turn|9
|
|t:|1760728817
|move|p2a: Greninja|Hydro Pump|p1a: Ninetales
|-damage|p1a: Ninetales|34/100
|-damage|p2a: Greninja|78/100|[from] item: Life Orb
|move|p1a: Ninetales|Moonblast|p2a: Greninja
|-supereffective|p2a: Greninja
|-damage|p2a: Greninja|0 fnt
|faint|p2a: Greninja
|
|-weather|Snowscape|[upkeep]
|upkeep
|
|t:|1760728827
|switch|p2a: Dragapult|Dragapult, M|100/100
|turn|10
|
|t:|1760728834
|move|p2a: Dragapult|Hex|p1a: Ninetales
|-damage|p1a: Ninetales|2/100
|move|p1a: Ninetales|Moonblast|p2a: Dragapult
|-supereffective|p2a: Dragapult
|-damage|p2a: Dragapult|0 fnt
|faint|p2a: Dragapult
|
|-weather|Snowscape|[upkeep]
|upkeep
|
|t:|1760728840
|switch|p2a: Garganacl|Garganacl, M|100/100
|-damage|p2a: Garganacl|88/100|[from] Stealth Rock
|turn|11
|
|t:|1760728843
|switch|p1a: Polteageist|Polteageist|100/100
|-terastallize|p2a: Garganacl|Water
|move|p2a: Garganacl|Salt Cure|p1a: Polteageist
|-damage|p1a: Polteageist|93/100
|-start|p1a: Polteageist|Salt Cure
|-start|p2a: Garganacl|Disable|Salt Cure|[from] ability: Cursed Body|[of] p1a: Polteageist
|
|-weather|Snowscape|[upkeep]
|-heal|p2a: Garganacl|94/100|[from] item: Leftovers
|-damage|p1a: Polteageist|80/100|[from] Salt Cure
|-sideend|p1: flailingfirework|move: Aurora Veil
|upkeep
|turn|12
|
|t:|1760728856
|move|p1a: Polteageist|Shell Smash|p1a: Polteageist
|-unboost|p1a: Polteageist|def|1
|-unboost|p1a: Polteageist|spd|1
|-boost|p1a: Polteageist|atk|2
|-boost|p1a: Polteageist|spa|2
|-boost|p1a: Polteageist|spe|2
|-enditem|p1a: Polteageist|White Herb
|-clearnegativeboost|p1a: Polteageist|[silent]
|move|p2a: Garganacl|Iron Defense|p2a: Garganacl
|-boost|p2a: Garganacl|def|2
|
|-weather|Snowscape|[upkeep]
|-heal|p2a: Garganacl|100/100|[from] item: Leftovers
|-damage|p1a: Polteageist|68/100|[from] Salt Cure
|upkeep
|turn|13
|
|t:|1760728864
|move|p1a: Polteageist|Shell Smash|p1a: Polteageist
|-unboost|p1a: Polteageist|def|1
|-unboost|p1a: Polteageist|spd|1
|-boost|p1a: Polteageist|atk|2
|-boost|p1a: Polteageist|spa|2
|-boost|p1a: Polteageist|spe|2
|move|p2a: Garganacl|Iron Defense|p2a: Garganacl
|-boost|p2a: Garganacl|def|2
|
|-weather|none
|-damage|p1a: Polteageist|56/100|[from] Salt Cure
|upkeep
|turn|14
|
|t:|1760728870
|move|p1a: Polteageist|Tera Blast|p2a: Garganacl
|-damage|p2a: Garganacl|51/100
|move|p2a: Garganacl|Iron Defense|p2a: Garganacl
|-boost|p2a: Garganacl|def|2
|
|-heal|p2a: Garganacl|58/100|[from] item: Leftovers
|-damage|p1a: Polteageist|43/100|[from] Salt Cure
|-end|p2a: Garganacl|Disable
|upkeep
|turn|15
|
|t:|1760728874
|move|p1a: Polteageist|Tera Blast|p2a: Garganacl
|-damage|p2a: Garganacl|9/100
|move|p2a: Garganacl|Recover|p2a: Garganacl
|-heal|p2a: Garganacl|59/100
|
|-heal|p2a: Garganacl|65/100|[from] item: Leftovers
|-damage|p1a: Polteageist|31/100|[from] Salt Cure
|upkeep
|turn|16
|
|t:|1760728879
|move|p1a: Polteageist|Shell Smash|p1a: Polteageist
|-unboost|p1a: Polteageist|def|1
|-unboost|p1a: Polteageist|spd|1
|-boost|p1a: Polteageist|atk|2
|-boost|p1a: Polteageist|spa|2
|-boost|p1a: Polteageist|spe|2
|move|p2a: Garganacl|Recover|p2a: Garganacl
|-heal|p2a: Garganacl|100/100
|
|-damage|p1a: Polteageist|19/100|[from] Salt Cure
|upkeep
|turn|17
|
|t:|1760728882
|move|p1a: Polteageist|Tera Blast|p2a: Garganacl
|-damage|p2a: Garganacl|39/100
|move|p2a: Garganacl|Salt Cure|p1a: Polteageist
|-damage|p1a: Polteageist|0 fnt
|-start|p2a: Garganacl|Disable|Salt Cure|[from] ability: Cursed Body|[of] p1a: Polteageist
|faint|p1a: Polteageist
|
|-heal|p2a: Garganacl|45/100|[from] item: Leftovers
|upkeep
|
|t:|1760728889
|switch|p1a: Ninetales|Ninetales-Alola, F|2/100
|-weather|Snowscape|[from] ability: Snow Warning|[of] p1a: Ninetales
|turn|18
|
|t:|1760728895
|move|p1a: Ninetales|Freeze-Dry|p2a: Garganacl
|-supereffective|p2a: Garganacl
|-damage|p2a: Garganacl|8/100
|move|p2a: Garganacl|Body Press|p1a: Ninetales
|-damage|p1a: Ninetales|0 fnt
|faint|p1a: Ninetales
|
|-weather|Snowscape|[upkeep]
|-heal|p2a: Garganacl|14/100|[from] item: Leftovers
|upkeep
|
|t:|1760728906
|switch|p1a: Cetitan|Cetitan, F|100/100
|turn|19
|
|t:|1760728908
|move|p1a: Cetitan|Belly Drum|p1a: Cetitan
|-damage|p1a: Cetitan|50/100
|-setboost|p1a: Cetitan|atk|6|[from] move: Belly Drum
|-enditem|p1a: Cetitan|Sitrus Berry|[eat]
|-heal|p1a: Cetitan|75/100|[from] item: Sitrus Berry
|move|p2a: Garganacl|Recover|p2a: Garganacl
|-heal|p2a: Garganacl|64/100
|
|-weather|Snowscape|[upkeep]
|-heal|p2a: Garganacl|70/100|[from] item: Leftovers
|upkeep
|turn|20
|
|t:|1760728914
|move|p1a: Cetitan|Earthquake|p2a: Garganacl
|-damage|p2a: Garganacl|49/100
|move|p2a: Garganacl|Body Press|p1a: Cetitan
|-supereffective|p1a: Cetitan
|-damage|p1a: Cetitan|0 fnt
|faint|p1a: Cetitan
|
|-weather|Snowscape|[upkeep]
|-heal|p2a: Garganacl|55/100|[from] item: Leftovers
|-end|p2a: Garganacl|Disable
|upkeep
|
|t:|1760728917
|switch|p1a: Cloyster|Cloyster, F, shiny|100/100
|turn|21
|-message|flailingfirework forfeited.
|
|win|Certified Rock
|raw|flailingfirework's rating: 1442 &rarr; <strong>1420</strong><br />(-22 for losing)
|raw|Certified Rock's rating: 1410 &rarr; <strong>1432</strong><br />(+22 for winning)
|l|‽flailingfirework
|player|p1|
