|j|☆levi6969
|j|☆Catlamity
|t:|1760762883
|gametype|singles
|player|p1|levi6969|266|1346
|player|p2|Catlamity|ingo|1330
|gen|9
|tier|[Gen 9] OU
|rated|
|rule|HP Percentage Mod: HP is shown in percentages
|rule|Endless Battle Clause: Forcing endless battles is banned
|rule|Species Clause: Limit one of each Pokémon
|rule|OHKO Clause: OHKO moves are banned
|rule|Evasion Items Clause: Evasion items are banned
|rule|Evasion Moves Clause: Evasion moves are banned
|rule|Evasion Abilities Clause: Evasion abilities are banned
|rule|Sleep Moves Clause: Sleep-inducing moves are banned
|clearpoke
|poke|p1|Torterra, F|
|poke|p1|Ninetales-Alola, F|
|poke|p1|Azelf|
|poke|p1|Haxorus, M|
|poke|p1|Quaquaval, F|
|poke|p1|Ceruledge, F|
|poke|p2|Hydrapple, F|
|poke|p2|Slowking-Galar, F|
|poke|p2|Rillaboom, F|
|poke|p2|Lokix, F|
|poke|p2|Ogerpon-Wellspring, F|
|poke|p2|Iron Treads|
|teampreview
|inactive|Battle timer is ON: inactive players will automatically lose when time's up. (requested by Catlamity)
|
|t:|1760762892
|teamsize|p1|6
|teamsize|p2|6
|start
|switch|p1a: Ninetales|Ninetales-Alola, F, shiny|100/100
|switch|p2a: Lokix|Lokix, F|100/100
|-weather|Snowscape|[from] ability: Snow Warning|[of] p1a: Ninetales
|turn|1
|
|t:|1760762902
|-terastallize|p2a: Lokix|Bug
|move|p2a: Lokix|First Impression|p1a: Ninetales
|-resisted|p1a: Ninetales
|-damage|p1a: Ninetales|28/100
|move|p1a: Ninetales|Aurora Veil|p1a: Ninetales
|-sidestart|p1: levi6969|move: Aurora Veil
|
|-weather|Snowscape|[upkeep]
|upkeep
|turn|2
|
|t:|1760762912
|switch|p1a: Azelf|Azelf, shiny|100/100
|switch|p2a: Rillaboom|Rillaboom, F|100/100
|-fieldstart|move: Grassy Terrain|[from] ability: Grassy Surge|[of] p2a: Rillaboom
|
|-weather|Snowscape|[upkeep]
|upkeep
|turn|3
|
|t:|1760762921
|move|p1a: Azelf|Stealth Rock|p2a: Rillaboom
|-sidestart|p2: Catlamity|move: Stealth Rock
|move|p2a: Rillaboom|Knock Off|p1a: Azelf
|-supereffective|p1a: Azelf
|-damage|p1a: Azelf|27/100
|-enditem|p1a: Azelf|Focus Sash|[from] move: Knock Off|[of] p2a: Rillaboom
|
|-weather|Snowscape|[upkeep]
|upkeep
|turn|4
|
|t:|1760762927
|move|p1a: Azelf|Knock Off|p2a: Rillaboom
|-crit|p2a: Rillaboom
|-damage|p2a: Rillaboom|43/100
|-enditem|p2a: Rillaboom|Choice Band|[from] move: Knock Off|[of] p1a: Azelf
|move|p2a: Rillaboom|Knock Off|p1a: Azelf
|-supereffective|p1a: Azelf
|-damage|p1a: Azelf|0 fnt
|faint|p1a: Azelf
|
|-weather|Snowscape|[upkeep]
|-heal|p2a: Rillaboom|49/100|[from] Grassy Terrain
|upkeep
|
|t:|1760762957
|switch|p1a: Torterra|Torterra, F|100/100
|turn|5
|
|t:|1760762968
|switch|p1a: Ninetales|Ninetales-Alola, F, shiny|28/100
|move|p2a: Rillaboom|U-turn|p1a: Ninetales
|-resisted|p1a: Ninetales
|-damage|p1a: Ninetales|22/100
|
|t:|1760762977
|switch|p2a: Iron Treads|Iron Treads|100/100|[from] U-turn
|-damage|p2a: Iron Treads|97/100|[from] Stealth Rock
|-enditem|p2a: Iron Treads|Booster Energy
|-activate|p2a: Iron Treads|ability: Quark Drive|[fromitem]
|-start|p2a: Iron Treads|quarkdrivespe
|
|-weather|none
|-heal|p2a: Iron Treads|100/100|[from] Grassy Terrain
|-heal|p1a: Ninetales|28/100|[from] Grassy Terrain
|upkeep
|turn|6
|
|t:|1760762985
|move|p2a: Iron Treads|High Horsepower|p1a: Ninetales
|-damage|p1a: Ninetales|0 fnt
|faint|p1a: Ninetales
|
|-fieldend|move: Grassy Terrain
|upkeep
|
|t:|1760763000
|switch|p1a: Haxorus|Haxorus, M, shiny|100/100
|-ability|p1a: Haxorus|Mold Breaker
|turn|7
|
|t:|1760763008
|move|p2a: Iron Treads|Rapid Spin|p1a: Haxorus
|-damage|p1a: Haxorus|90/100
|-boost|p2a: Iron Treads|spe|1
|-sideend|p2: Catlamity|Stealth Rock|[from] move: Rapid Spin|[of] p2a: Iron Treads
|move|p1a: Haxorus|Swords Dance|p1a: Haxorus
|-boost|p1a: Haxorus|atk|2
|
|upkeep
|turn|8
|
|t:|1760763019
|move|p2a: Iron Treads|Iron Head|p1a: Haxorus
|-damage|p1a: Haxorus|66/100
|move|p1a: Haxorus|Earthquake|p2a: Iron Treads
|-supereffective|p2a: Iron Treads
|-damage|p2a: Iron Treads|0 fnt
|faint|p2a: Iron Treads
|-end|p2a: Iron Treads|Quark Drive|[silent]
|
|-sideend|p1: levi6969|move: Aurora Veil
|upkeep
|
|t:|1760763034
|switch|p2a: Lokix|Lokix, F, tera:Bug|100/100
|turn|9
|
|t:|1760763038
|move|p2a: Lokix|First Impression|p1a: Haxorus
|-damage|p1a: Haxorus|0 fnt
|faint|p1a: Haxorus
|
|upkeep
|
|t:|1760763048
|switch|p1a: Torterra|Torterra, F|100/100
|turn|10
|-message|levi6969 forfeited.
|
|win|Catlamity
|raw|levi6969's rating: 1346 &rarr; <strong>1325</strong><br />(-21 for losing)
|raw|Catlamity's rating: 1330 &rarr; <strong>1351</strong><br />(+21 for winning)
|l|☆levi6969
|player|p1|
|l|☆Catlamity
|player|p2|
