|j|☆1kArrow
|j|☆EtnSucksDontBuyHim
|t:|1760841416
|gametype|singles
|player|p1|1kArrow|zinnia|
|player|p2|EtnSucksDontBuyHim|miku-psychic|
|gen|9
|tier|[Gen 9] OU
|rule|HP Percentage Mod: HP is shown in percentages
|rule|Endless Battle Clause: Forcing endless battles is banned
|rule|Species Clause: Limit one of each Pokémon
|rule|OHKO Clause: OHKO moves are banned
|rule|Evasion Items Clause: Evasion items are banned
|rule|Evasion Moves Clause: Evasion moves are banned
|rule|Evasion Abilities Clause: Evasion abilities are banned
|rule|Sleep Moves Clause: Sleep-inducing moves are banned
|rule|Same Color Clause: Pokémon in a team must be the same color
|raw|<div class="infobox"><details class="readmore" open><summary><strong>3 custom rules:</strong></summary> +Archaludon, +Volcarona, Same Color Clause</details></div>
|clearpoke
|poke|p1|Ting-Lu|
|poke|p1|Landorus-Therian, M|
|poke|p1|Volcanion|
|poke|p1|Dragonite, F|
|poke|p1|Brambleghast, M|
|poke|p1|Mamoswine, F|
|poke|p2|Iron Valiant|
|poke|p2|Archaludon, F|
|poke|p2|Volcarona, M|
|poke|p2|Cinderace, M|
|poke|p2|Maushold|
|poke|p2|Brute Bonnet|
|teampreview
|c|☆EtnSucksDontBuyHim|hf
|c|☆1kArrow|hf
|
|t:|1760841469
|teamsize|p1|6
|teamsize|p2|6
|start
|switch|p1a: Landorus|Landorus-Therian, M|100/100
|switch|p2a: Cinderace|Cinderace, M|100/100
|-ability|p1a: Landorus|Intimidate|boost
|-unboost|p2a: Cinderace|atk|1
|turn|1
|
|t:|1760841515
|switch|p1a: Volcanion|Volcanion|100/100
|move|p2a: Cinderace|Sucker Punch||[still]
|-fail|p2a: Cinderace
|
|upkeep
|turn|2
|
|t:|1760841521
|move|p1a: Volcanion|Steam Eruption|p2a: Cinderace
|-supereffective|p2a: Cinderace
|-damage|p2a: Cinderace|0 fnt
|faint|p2a: Cinderace
|
|upkeep
|
|t:|1760841549
|switch|p2a: Brute Bonnet|Brute Bonnet|100/100
|-enditem|p2a: Brute Bonnet|Booster Energy
|-activate|p2a: Brute Bonnet|ability: Protosynthesis|[fromitem]
|-start|p2a: Brute Bonnet|protosynthesisatk
|turn|3
|
|t:|1760841556
|switch|p1a: Landorus|Landorus-Therian, M|100/100
|-ability|p1a: Landorus|Intimidate|boost
|-unboost|p2a: Brute Bonnet|atk|1
|move|p2a: Brute Bonnet|Sucker Punch||[still]
|-fail|p2a: Brute Bonnet
|
|upkeep
|turn|4
|
|t:|1760841561
|move|p1a: Landorus|U-turn|p2a: Brute Bonnet
|-supereffective|p2a: Brute Bonnet
|-crit|p2a: Brute Bonnet
|-damage|p2a: Brute Bonnet|0 fnt
|faint|p2a: Brute Bonnet
|-end|p2a: Brute Bonnet|Protosynthesis|[silent]
|
|t:|1760841573
|switch|p1a: Volcanion|Volcanion|100/100|[from] U-turn
|
|upkeep
|c|☆1kArrow|sorry
|c|☆EtnSucksDontBuyHim|happens
|c|☆EtnSucksDontBuyHim|did bonnet even live that (maybe)
|
|t:|1760841648
|switch|p2a: Archaludon|Archaludon, F|100/100
|turn|5
|
|t:|1760841662
|-terastallize|p1a: Volcanion|Ground
|move|p1a: Volcanion|Earth Power|p2a: Archaludon
|-supereffective|p2a: Archaludon
|-damage|p2a: Archaludon|0 fnt
|faint|p2a: Archaludon
|
|upkeep
|c|☆1kArrow|75-89
|c|☆1kArrow|on uturn
|
|t:|1760841693
|switch|p2a: Volcarona|Volcarona, M|100/100
|turn|6
|
|t:|1760841699
|switch|p1a: Dragonite|Dragonite, F|100/100
|move|p2a: Volcarona|Quiver Dance|p2a: Volcarona
|-boost|p2a: Volcarona|spa|1
|-boost|p2a: Volcarona|spd|1
|-boost|p2a: Volcarona|spe|1
|
|upkeep
|turn|7
|
|t:|1760841732
|-terastallize|p2a: Volcarona|Water
|move|p2a: Volcarona|Flamethrower|p1a: Dragonite
|-resisted|p1a: Dragonite
|-damage|p1a: Dragonite|86/100
|move|p1a: Dragonite|Encore|p2a: Volcarona
|-start|p2a: Volcarona|Encore
|
|upkeep
|turn|8
|
|t:|1760841739
|move|p2a: Volcarona|Flamethrower|p1a: Dragonite
|-resisted|p1a: Dragonite
|-damage|p1a: Dragonite|56/100
|move|p1a: Dragonite|Dragon Dance|p1a: Dragonite
|-boost|p1a: Dragonite|atk|1
|-boost|p1a: Dragonite|spe|1
|
|upkeep
|turn|9
|
|t:|1760841745
|move|p2a: Volcarona|Flamethrower|p1a: Dragonite
|-resisted|p1a: Dragonite
|-damage|p1a: Dragonite|29/100
|move|p1a: Dragonite|Earthquake|p2a: Volcarona
|-damage|p2a: Volcarona|38/100
|
|upkeep
|turn|10
|
|t:|1760841752
|move|p2a: Volcarona|Flamethrower|p1a: Dragonite
|-resisted|p1a: Dragonite
|-damage|p1a: Dragonite|0 fnt
|faint|p1a: Dragonite
|
|-end|p2a: Volcarona|Encore
|upkeep
|
|t:|1760841759
|switch|p1a: Volcanion|Volcanion, tera:Ground|100/100
|turn|11
|
|t:|1760841767
|move|p2a: Volcarona|Morning Sun|p2a: Volcarona
|-heal|p2a: Volcarona|88/100
|move|p1a: Volcanion|Earth Power|p2a: Volcarona
|-damage|p2a: Volcarona|59/100
|-unboost|p2a: Volcarona|spd|1
|
|upkeep
|turn|12
|
|t:|1760841775
|move|p2a: Volcarona|Quiver Dance|p2a: Volcarona
|-boost|p2a: Volcarona|spa|1
|-boost|p2a: Volcarona|spd|1
|-boost|p2a: Volcarona|spe|1
|move|p1a: Volcanion|Earth Power|p2a: Volcarona
|-crit|p2a: Volcarona
|-damage|p2a: Volcarona|0 fnt
|faint|p2a: Volcarona
|
|upkeep
|c|☆1kArrow|sorry
|c|☆EtnSucksDontBuyHim|happens 2
|c|☆1kArrow|xd
|c|☆EtnSucksDontBuyHim|cheesy wincon gets cheesed
|c|☆EtnSucksDontBuyHim|it dont matter
|
|t:|1760841823
|switch|p2a: Iron Valiant|Iron Valiant|100/100
|-enditem|p2a: Iron Valiant|Booster Energy
|-activate|p2a: Iron Valiant|ability: Quark Drive|[fromitem]
|-start|p2a: Iron Valiant|quarkdrivespe
|turn|13
|c|☆1kArrow|I should have espeed instead of risking the roll tho should have lost the game there
|
|t:|1760841834
|switch|p1a: Landorus|Landorus-Therian, M|100/100
|-ability|p1a: Landorus|Intimidate|boost
|-unboost|p2a: Iron Valiant|atk|1
|move|p2a: Iron Valiant|Moonblast|p1a: Landorus
|-damage|p1a: Landorus|46/100
|
|upkeep
|turn|14
|
|t:|1760841844
|move|p2a: Iron Valiant|Moonblast|p1a: Landorus
|-damage|p1a: Landorus|0 fnt
|faint|p1a: Landorus
|
|upkeep
|
|t:|1760841847
|switch|p1a: Ting-Lu|Ting-Lu|100/100
|-ability|p1a: Ting-Lu|Vessel of Ruin
|turn|15
|
|t:|1760841856
|move|p2a: Iron Valiant|Moonblast|p1a: Ting-Lu
|-supereffective|p1a: Ting-Lu
|-crit|p1a: Ting-Lu
|-damage|p1a: Ting-Lu|32/100
|move|p1a: Ting-Lu|Ruination|p2a: Iron Valiant
|-damage|p2a: Iron Valiant|51/100
|
|-heal|p1a: Ting-Lu|39/100|[from] item: Leftovers
|upkeep
|turn|16
|
|t:|1760841867
|move|p2a: Iron Valiant|Moonblast|p1a: Ting-Lu
|-supereffective|p1a: Ting-Lu
|-damage|p1a: Ting-Lu|0 fnt
|faint|p1a: Ting-Lu
|
|upkeep
|
|t:|1760841870
|switch|p1a: Volcanion|Volcanion, tera:Ground|100/100
|turn|17
|
|t:|1760841875
|move|p2a: Iron Valiant|Moonblast|p1a: Volcanion
|-damage|p1a: Volcanion|40/100
|move|p1a: Volcanion|Steam Eruption|p2a: Iron Valiant
|-damage|p2a: Iron Valiant|0 fnt
|faint|p2a: Iron Valiant
|-end|p2a: Iron Valiant|Quark Drive|[silent]
|
|upkeep
|
|t:|1760841881
|switch|p2a: Maushold|Maushold|100/100
|turn|18
|
|t:|1760841903
|move|p1a: Volcanion|Steam Eruption|p2a: Maushold
|-damage|p2a: Maushold|8/100
|-status|p2a: Maushold|brn
|move|p2a: Maushold|Tidy Up|p2a: Maushold
|-boost|p2a: Maushold|atk|1
|-boost|p2a: Maushold|spe|1
|
|-damage|p2a: Maushold|2/100 brn|[from] brn
|upkeep
|turn|19
|c|☆1kArrow|gg
|
|t:|1760841913
|move|p2a: Maushold|Population Bomb|p1a: Volcanion
|-damage|p1a: Volcanion|33/100
|-damage|p1a: Volcanion|25/100
|-damage|p1a: Volcanion|17/100
|-damage|p1a: Volcanion|10/100
|-damage|p1a: Volcanion|3/100
|-damage|p1a: Volcanion|0 fnt
|faint|p1a: Volcanion
|-hitcount|p1: Volcanion|6
|
|-damage|p2a: Maushold|0 fnt|[from] brn
|faint|p2a: Maushold
|
|win|1kArrow
|c|☆EtnSucksDontBuyHim|gg
