|j|☆SpankyMeyer
|j|☆mik22
|t:|1760849646
|gametype|singles
|player|p1|SpankyMeyer|1|1445
|player|p2|mik22|crasherwake|1478
|gen|9
|tier|[Gen 9] OU
|rated|
|rule|HP Percentage Mod: HP is shown in percentages
|rule|Endless Battle Clause: Forcing endless battles is banned
|rule|Species Clause: Limit one of each Pokémon
|rule|OHKO Clause: OHKO moves are banned
|rule|Evasion Items Clause: Evasion items are banned
|rule|Evasion Moves Clause: Evasion moves are banned
|rule|Evasion Abilities Clause: Evasion abilities are banned
|rule|Sleep Moves Clause: Sleep-inducing moves are banned
|clearpoke
|poke|p1|Dragonite, M|
|poke|p1|Kingambit, M|
|poke|p1|Iron Valiant|
|poke|p1|Great Tusk|
|poke|p1|Glimmora, M|
|poke|p1|Deoxys-Speed|
|poke|p2|Kingambit, F|
|poke|p2|Pelipper, M|
|poke|p2|Kingdra, M|
|poke|p2|Iron Hands|
|poke|p2|Ogerpon-Wellspring, F|
|poke|p2|Hoopa-Unbound|
|teampreview
|inactive|Battle timer is ON: inactive players will automatically lose when time's up. (requested by mik22)
|
|t:|1760849663
|teamsize|p1|6
|teamsize|p2|6
|start
|switch|p1a: Glimmora|Glimmora, M|100/100
|switch|p2a: Pelipper|Pelipper, M|100/100
|-weather|RainDance|[from] ability: Drizzle|[of] p2a: Pelipper
|turn|1
|
|t:|1760849671
|switch|p2a: Hoopa|Hoopa-Unbound|100/100
|move|p1a: Glimmora|Meteor Beam||[still]
|-prepare|p1a: Glimmora|Meteor Beam
|-boost|p1a: Glimmora|spa|1
|-enditem|p1a: Glimmora|Power Herb
|-anim|p1a: Glimmora|Meteor Beam|p2a: Hoopa
|-damage|p2a: Hoopa|55/100
|
|-weather|RainDance|[upkeep]
|upkeep
|turn|2
|
|t:|1760849679
|move|p1a: Glimmora|Mortal Spin|p2a: Hoopa
|-damage|p2a: Hoopa|47/100
|-status|p2a: Hoopa|psn
|move|p2a: Hoopa|Psychic Noise|p1a: Glimmora
|-supereffective|p1a: Glimmora
|-damage|p1a: Glimmora|0 fnt
|faint|p1a: Glimmora
|
|-weather|RainDance|[upkeep]
|-damage|p2a: Hoopa|35/100 psn|[from] psn
|upkeep
|
|t:|1760849695
|switch|p1a: Iron Valiant|Iron Valiant|100/100
|-enditem|p1a: Iron Valiant|Booster Energy
|-activate|p1a: Iron Valiant|ability: Quark Drive|[fromitem]
|-start|p1a: Iron Valiant|quarkdrivespe
|turn|3
|
|t:|1760849700
|move|p1a: Iron Valiant|Moonblast|p2a: Hoopa
|-supereffective|p2a: Hoopa
|-damage|p2a: Hoopa|0 fnt
|faint|p2a: Hoopa
|
|-weather|RainDance|[upkeep]
|upkeep
|
|t:|1760849703
|switch|p2a: Kingdra|Kingdra, M, shiny|100/100
|turn|4
|
|t:|1760849708
|move|p2a: Kingdra|Weather Ball|p1a: Iron Valiant
|-damage|p1a: Iron Valiant|0 fnt
|faint|p1a: Iron Valiant
|-end|p1a: Iron Valiant|Quark Drive|[silent]
|
|-weather|RainDance|[upkeep]
|upkeep
|
|t:|1760849714
|switch|p1a: Deoxys|Deoxys-Speed|100/100
|-ability|p1a: Deoxys|Pressure
|turn|5
|
|t:|1760849719
|move|p2a: Kingdra|Weather Ball|p1a: Deoxys
|-damage|p1a: Deoxys|0 fnt
|faint|p1a: Deoxys
|
|-weather|RainDance|[upkeep]
|upkeep
|
|t:|1760849728
|switch|p1a: Kingambit|Kingambit, M|100/100
|-activate|p1a: Kingambit|ability: Supreme Overlord
|-start|p1a: Kingambit|fallen3|[silent]
|turn|6
|
|t:|1760849734
|move|p2a: Kingdra|Weather Ball|p1a: Kingambit
|-damage|p1a: Kingambit|0 fnt
|faint|p1a: Kingambit
|-end|p1a: Kingambit|fallen3|[silent]
|
|-weather|RainDance|[upkeep]
|upkeep
|
|t:|1760849738
|switch|p1a: Dragonite|Dragonite, M|100/100
|turn|7
|
|t:|1760849752
|move|p2a: Kingdra|Weather Ball|p1a: Dragonite
|-resisted|p1a: Dragonite
|-damage|p1a: Dragonite|76/100
|move|p1a: Dragonite|Earthquake|p2a: Kingdra
|-damage|p2a: Kingdra|54/100
|
|-weather|RainDance|[upkeep]
|upkeep
|turn|8
|
|t:|1760849760
|move|p2a: Kingdra|Weather Ball|p1a: Dragonite
|-resisted|p1a: Dragonite
|-damage|p1a: Dragonite|23/100
|move|p1a: Dragonite|Dragon Dance|p1a: Dragonite
|-boost|p1a: Dragonite|atk|1
|-boost|p1a: Dragonite|spe|1
|
|-weather|none
|upkeep
|turn|9
|
|t:|1760849767
|switch|p2a: Pelipper|Pelipper, M|100/100
|-weather|RainDance|[from] ability: Drizzle|[of] p2a: Pelipper
|move|p1a: Dragonite|Earthquake|p2a: Pelipper
|-immune|p2a: Pelipper
|
|-weather|RainDance|[upkeep]
|upkeep
|turn|10
|
|t:|1760849774
|-terastallize|p1a: Dragonite|Flying
|move|p1a: Dragonite|Tera Blast|p2a: Pelipper|[anim] Tera Blast Flying
|-damage|p2a: Pelipper|31/100
|move|p2a: Pelipper|Hurricane|p1a: Dragonite
|-damage|p1a: Dragonite|0 fnt
|faint|p1a: Dragonite
|
|-weather|RainDance|[upkeep]
|upkeep
|-message|SpankyMeyer forfeited.
|
|win|mik22
|raw|SpankyMeyer's rating: 1445 &rarr; <strong>1427</strong><br />(-18 for losing)
|raw|mik22's rating: 1478 &rarr; <strong>1496</strong><br />(+18 for winning)
|l|☆SpankyMeyer
|player|p1|
|l|☆mik22
|player|p2|
