|j|☆Galoms
|j|☆the goat(literal)
|t:|1760877321
|gametype|singles
|player|p1|Galoms|giovanni|1246
|player|p2|the goat(literal)|2|1240
|gen|9
|tier|[Gen 9] OU
|rated|
|rule|HP Percentage Mod: HP is shown in percentages
|rule|Endless Battle Clause: Forcing endless battles is banned
|rule|Species Clause: Limit one of each Pokémon
|rule|OHKO Clause: OHKO moves are banned
|rule|Evasion Items Clause: Evasion items are banned
|rule|Evasion Moves Clause: Evasion moves are banned
|rule|Evasion Abilities Clause: Evasion abilities are banned
|rule|Sleep Moves Clause: Sleep-inducing moves are banned
|clearpoke
|poke|p1|Weavile, F|
|poke|p1|Blaziken, M|
|poke|p1|Garchomp, M|
|poke|p1|Tinkaton, F|
|poke|p1|Gengar, M|
|poke|p1|Jolteon, M|
|poke|p2|Scrafty, M|
|poke|p2|Klefki, M|
|poke|p2|Raging Bolt|
|poke|p2|Moltres|
|poke|p2|Primarina, M|
|poke|p2|Amoonguss, M|
|teampreview
|inactive|Battle timer is ON: inactive players will automatically lose when time's up. (requested by Galoms)
|
|t:|1760877341
|teamsize|p1|6
|teamsize|p2|6
|start
|switch|p1a: Weavile|Weavile, F|100/100
|switch|p2a: Klefki|Klefki, M|100/100
|-ability|p1a: Weavile|Pressure
|turn|1
|
|t:|1760877344
|move|p2a: Klefki|Reflect|p2a: Klefki
|-sidestart|p2: the goat(literal)|Reflect
|move|p1a: Weavile|Taunt|p2a: Klefki
|-start|p2a: Klefki|move: Taunt
|
|upkeep
|turn|2
|
|t:|1760877347
|move|p1a: Weavile|Knock Off|p2a: Klefki
|-resisted|p2a: Klefki
|-damage|p2a: Klefki|91/100
|-enditem|p2a: Klefki|Light Clay|[from] move: Knock Off|[of] p1a: Weavile
|move|p2a: Klefki|Draining Kiss|p1a: Weavile
|-supereffective|p1a: Weavile
|-damage|p1a: Weavile|59/100
|-heal|p2a: Klefki|100/100|[from] drain|[of] p1a: Weavile
|
|upkeep
|turn|3
|
|t:|1760877355
|switch|p1a: Blaziken|Blaziken, M, shiny|100/100
|move|p2a: Klefki|Draining Kiss|p1a: Blaziken
|-damage|p1a: Blaziken|79/100
|
|upkeep
|turn|4
|
|t:|1760877361
|switch|p2a: Primarina|Primarina, M|100/100
|move|p1a: Blaziken|Swords Dance|p1a: Blaziken
|-boost|p1a: Blaziken|atk|2
|
|-ability|p1a: Blaziken|Speed Boost|boost
|-boost|p1a: Blaziken|spe|1
|upkeep
|turn|5
|
|t:|1760877367
|move|p1a: Blaziken|Close Combat|p2a: Primarina
|-resisted|p2a: Primarina
|-damage|p2a: Primarina|59/100
|-unboost|p1a: Blaziken|def|1
|-unboost|p1a: Blaziken|spd|1
|move|p2a: Primarina|Psychic Noise|p1a: Blaziken
|-supereffective|p1a: Blaziken
|-damage|p1a: Blaziken|0 fnt
|faint|p1a: Blaziken
|
|upkeep
|
|t:|1760877372
|switch|p1a: Jolteon|Jolteon, M|100/100
|turn|6
|
|t:|1760877376
|switch|p2a: Amoonguss|Amoonguss, M|100/100
|-terastallize|p1a: Jolteon|Electric
|move|p1a: Jolteon|Volt Switch|p2a: Amoonguss
|-resisted|p2a: Amoonguss
|-damage|p2a: Amoonguss|70/100
|-enditem|p2a: Amoonguss|Eject Button
|
|t:|1760877387
|switch|p2a: Raging Bolt|Raging Bolt|100/100
|
|upkeep
|turn|7
|
|t:|1760877394
|switch|p1a: Weavile|Weavile, F|59/100
|-ability|p1a: Weavile|Pressure
|move|p2a: Raging Bolt|Calm Mind|p2a: Raging Bolt
|-boost|p2a: Raging Bolt|spa|1
|-boost|p2a: Raging Bolt|spd|1
|
|upkeep
|turn|8
|
|t:|1760877400
|-terastallize|p2a: Raging Bolt|Fairy
|move|p2a: Raging Bolt|Thunderclap|p1a: Weavile
|-damage|p1a: Weavile|0 fnt
|faint|p1a: Weavile
|
|-sideend|p2: the goat(literal)|Reflect
|upkeep
|
|t:|1760877413
|switch|p1a: Tinkaton|Tinkaton, F, shiny|100/100
|-item|p1a: Tinkaton|Air Balloon
|turn|9
|
|t:|1760877417
|-end|p2a: Raging Bolt|Protosynthesis|[silent]
|switch|p2a: Moltres|Moltres|100/100
|move|p1a: Tinkaton|Gigaton Hammer|p2a: Moltres
|-resisted|p2a: Moltres
|-damage|p2a: Moltres|80/100
|
|upkeep
|turn|10
|
|t:|1760877421
|move|p1a: Tinkaton|Thunder Wave|p2a: Moltres
|-status|p2a: Moltres|par
|move|p2a: Moltres|Flamethrower|p1a: Tinkaton
|-supereffective|p1a: Tinkaton
|-damage|p1a: Tinkaton|40/100
|-enditem|p1a: Tinkaton|Air Balloon
|
|upkeep
|turn|11
|
|t:|1760877424
|move|p1a: Tinkaton|Stealth Rock|p2a: Moltres
|-sidestart|p2: the goat(literal)|move: Stealth Rock
|move|p2a: Moltres|Flamethrower|p1a: Tinkaton
|-supereffective|p1a: Tinkaton
|-damage|p1a: Tinkaton|0 fnt
|faint|p1a: Tinkaton
|
|upkeep
|
|t:|1760877427
|switch|p1a: Garchomp|Garchomp, M, shiny|100/100
|turn|12
|
|t:|1760877431
|move|p1a: Garchomp|Swords Dance|p1a: Garchomp
|-boost|p1a: Garchomp|atk|2
|cant|p2a: Moltres|par
|
|upkeep
|turn|13
|
|t:|1760877433
|move|p1a: Garchomp|Scale Shot|p2a: Moltres
|-damage|p2a: Moltres|63/100 par
|-damage|p2a: Moltres|46/100 par
|-damage|p2a: Moltres|28/100 par
|-damage|p2a: Moltres|10/100 par
|-hitcount|p2a: Moltres|4
|-unboost|p1a: Garchomp|def|1
|-boost|p1a: Garchomp|spe|1
|cant|p2a: Moltres|par
|
|upkeep
|turn|14
|
|t:|1760877439
|move|p1a: Garchomp|Scale Shot|p2a: Moltres
|-damage|p2a: Moltres|0 fnt
|faint|p2a: Moltres
|-hitcount|p2: Moltres|1
|-unboost|p1a: Garchomp|def|1
|-boost|p1a: Garchomp|spe|1
|
|upkeep
|
|t:|1760877444
|switch|p2a: Klefki|Klefki, M|100/100
|-damage|p2a: Klefki|95/100|[from] Stealth Rock
|turn|15
|
|t:|1760877451
|move|p2a: Klefki|Reflect|p2a: Klefki
|-sidestart|p2: the goat(literal)|Reflect
|move|p1a: Garchomp|Earthquake|p2a: Klefki
|-supereffective|p2a: Klefki
|-damage|p2a: Klefki|16/100
|
|upkeep
|turn|16
|
|t:|1760877457
|move|p2a: Klefki|Light Screen|p2a: Klefki
|-sidestart|p2: the goat(literal)|move: Light Screen
|move|p1a: Garchomp|Earthquake|p2a: Klefki
|-supereffective|p2a: Klefki
|-damage|p2a: Klefki|0 fnt
|faint|p2a: Klefki
|
|upkeep
|
|t:|1760877459
|switch|p2a: Scrafty|Scrafty, M|100/100
|-damage|p2a: Scrafty|94/100|[from] Stealth Rock
|turn|17
|
|t:|1760877465
|move|p1a: Garchomp|Earthquake|p2a: Scrafty
|-damage|p2a: Scrafty|39/100
|move|p2a: Scrafty|Ice Punch|p1a: Garchomp
|-supereffective|p1a: Garchomp
|-damage|p1a: Garchomp|0 fnt
|-damage|p2a: Scrafty|26/100|[from] ability: Rough Skin|[of] p1a: Garchomp
|faint|p1a: Garchomp
|
|upkeep
|
|t:|1760877472
|switch|p1a: Jolteon|Jolteon, M, tera:Electric|100/100
|turn|18
|
|t:|1760877480
|move|p1a: Jolteon|Volt Switch|p2a: Scrafty
|-damage|p2a: Scrafty|0 fnt
|faint|p2a: Scrafty
|
|t:|1760877482
|switch|p1a: Gengar|Gengar, M|100/100|[from] Volt Switch
|
|upkeep
|
|t:|1760877487
|switch|p2a: Amoonguss|Amoonguss, M|100/100
|-damage|p2a: Amoonguss|88/100|[from] Stealth Rock
|turn|19
|
|t:|1760877492
|move|p1a: Gengar|Sludge Wave|p2a: Amoonguss
|-damage|p2a: Amoonguss|59/100
|-damage|p1a: Gengar|91/100|[from] item: Life Orb
|move|p2a: Amoonguss|Foul Play|p1a: Gengar
|-supereffective|p1a: Gengar
|-damage|p1a: Gengar|48/100
|
|-sideend|p2: the goat(literal)|Reflect
|upkeep
|turn|20
|
|t:|1760877501
|move|p1a: Gengar|Sludge Wave|p2a: Amoonguss
|-damage|p2a: Amoonguss|31/100
|-damage|p1a: Gengar|38/100|[from] item: Life Orb
|move|p2a: Amoonguss|Foul Play|p1a: Gengar
|-supereffective|p1a: Gengar
|-damage|p1a: Gengar|0 fnt
|faint|p1a: Gengar
|
|-sideend|p2: the goat(literal)|move: Light Screen
|upkeep
|
|t:|1760877503
|switch|p1a: Jolteon|Jolteon, M, tera:Electric|100/100
|turn|21
|
|t:|1760877511
|move|p1a: Jolteon|Thunderbolt|p2a: Amoonguss
|-resisted|p2a: Amoonguss
|-damage|p2a: Amoonguss|0 fnt
|faint|p2a: Amoonguss
|
|upkeep
|
|t:|1760877516
|switch|p2a: Primarina|Primarina, M|59/100
|-damage|p2a: Primarina|46/100|[from] Stealth Rock
|turn|22
|
|t:|1760877517
|move|p1a: Jolteon|Thunderbolt|p2a: Primarina
|-supereffective|p2a: Primarina
|-damage|p2a: Primarina|0 fnt
|faint|p2a: Primarina
|
|upkeep
|
|t:|1760877519
|switch|p2a: Raging Bolt|Raging Bolt, tera:Fairy|100/100
|-damage|p2a: Raging Bolt|88/100|[from] Stealth Rock
|turn|23
|
|t:|1760877522
|move|p1a: Jolteon|Thunderbolt|p2a: Raging Bolt
|-damage|p2a: Raging Bolt|9/100
|move|p2a: Raging Bolt|Dragon Pulse|p1a: Jolteon
|-damage|p1a: Jolteon|39/100
|
|-heal|p2a: Raging Bolt|15/100|[from] item: Leftovers
|upkeep
|turn|24
|-message|the goat(literal) forfeited.
|
|win|Galoms
|raw|Galoms's rating: 1246 &rarr; <strong>1271</strong><br />(+25 for winning)
|raw|the goat(literal)'s rating: 1240 &rarr; <strong>1215</strong><br />(-25 for losing)
|l|☆the goat(literal)
|player|p2|
|l|☆Galoms
|player|p1|
