|j|☆monohue
|j|☆swagataka
|t:|1760817601
|gametype|singles
|player|p1|monohue|red|1515
|player|p2|swagataka|byron|1570
|gen|9
|tier|[Gen 9] OU
|rated|
|rule|HP Percentage Mod: HP is shown in percentages
|rule|Endless Battle Clause: Forcing endless battles is banned
|rule|Species Clause: Limit one of each Pokémon
|rule|OHKO Clause: OHKO moves are banned
|rule|Evasion Items Clause: Evasion items are banned
|rule|Evasion Moves Clause: Evasion moves are banned
|rule|Evasion Abilities Clause: Evasion abilities are banned
|rule|Sleep Moves Clause: Sleep-inducing moves are banned
|clearpoke
|poke|p1|Ninetales-Alola, M|
|poke|p1|Primeape, M|
|poke|p1|Pawmot, F|
|poke|p1|Gliscor, M|
|poke|p1|Garganacl, M|
|poke|p1|Slowking-Galar, F|
|poke|p2|Pecharunt|
|poke|p2|Great Tusk|
|poke|p2|Iron Crown|
|poke|p2|Lokix, M|
|poke|p2|Kingambit, M|
|poke|p2|Vespiquen, F|
|teampreview
|
|t:|1760817617
|teamsize|p1|6
|teamsize|p2|6
|start
|switch|p1a: Primeape|Primeape, M|100/100
|switch|p2a: Iron Crown|Iron Crown|100/100
|turn|1
|
|t:|1760817624
|move|p2a: Iron Crown|Volt Switch|p1a: Primeape
|-damage|p1a: Primeape|83/100
|
|t:|1760817625
|-end|p2a: Iron Crown|Quark Drive|[silent]
|switch|p2a: Vespiquen|Vespiquen, F, shiny|100/100|[from] Volt Switch
|-ability|p2a: Vespiquen|Pressure
|move|p1a: Primeape|Rage Fist|p2a: Vespiquen
|-damage|p2a: Vespiquen|77/100
|
|-heal|p2a: Vespiquen|83/100|[from] item: Leftovers
|upkeep
|turn|2
|
|t:|1760817635
|move|p1a: Primeape|Taunt|p2a: Vespiquen
|-start|p2a: Vespiquen|move: Taunt
|cant|p2a: Vespiquen|move: Taunt|Toxic
|
|-heal|p2a: Vespiquen|89/100|[from] item: Leftovers
|upkeep
|turn|3
|
|t:|1760817646
|switch|p2a: Great Tusk|Great Tusk|100/100
|move|p1a: Primeape|Bulk Up|p1a: Primeape
|-boost|p1a: Primeape|atk|1
|-boost|p1a: Primeape|def|1
|
|upkeep
|turn|4
|
|t:|1760817657
|move|p2a: Great Tusk|Knock Off|p1a: Primeape
|-resisted|p1a: Primeape
|-damage|p1a: Primeape|74/100
|-enditem|p1a: Primeape|Eviolite|[from] move: Knock Off|[of] p2a: Great Tusk
|move|p1a: Primeape|Taunt|p2a: Great Tusk
|-start|p2a: Great Tusk|move: Taunt
|
|upkeep
|turn|5
|
|t:|1760817670
|-end|p2a: Great Tusk|Protosynthesis|[silent]
|switch|p2a: Pecharunt|Pecharunt|100/100
|move|p1a: Primeape|Drain Punch|p2a: Pecharunt
|-immune|p2a: Pecharunt
|
|upkeep
|turn|6
|
|t:|1760817677
|move|p1a: Primeape|Rage Fist|p2a: Pecharunt
|-supereffective|p2a: Pecharunt
|-damage|p2a: Pecharunt|50/100
|move|p2a: Pecharunt|Shadow Ball|p1a: Primeape
|-damage|p1a: Primeape|45/100
|
|upkeep
|turn|7
|
|t:|1760817685
|move|p1a: Primeape|Rage Fist|p2a: Pecharunt
|-supereffective|p2a: Pecharunt
|-damage|p2a: Pecharunt|0 fnt
|faint|p2a: Pecharunt
|
|upkeep
|
|t:|1760817687
|switch|p2a: Iron Crown|Iron Crown|100/100
|turn|8
|
|t:|1760817692
|switch|p1a: Slowking|Slowking-Galar, F|100/100
|move|p2a: Iron Crown|Tachyon Cutter|p1a: Slowking
|-damage|p1a: Slowking|80/100
|-damage|p1a: Slowking|61/100
|-hitcount|p1a: Slowking|2
|
|upkeep
|turn|9
|
|t:|1760817698
|move|p2a: Iron Crown|Tachyon Cutter|p1a: Slowking
|-damage|p1a: Slowking|40/100
|-damage|p1a: Slowking|19/100
|-hitcount|p1a: Slowking|2
|-prepare|p1a: Slowking|Chilly Reception|[premajor]
|move|p1a: Slowking|Chilly Reception|p1a: Slowking
|-weather|Snowscape
|
|t:|1760817705
|switch|p1a: Gliscor|Gliscor, M|100/100|[from] Chilly Reception
|
|-weather|Snowscape|[upkeep]
|-status|p1a: Gliscor|tox|[from] item: Toxic Orb
|upkeep
|turn|10
|
|t:|1760817718
|-terastallize|p2a: Iron Crown|Steel
|move|p2a: Iron Crown|Tachyon Cutter|p1a: Gliscor
|-damage|p1a: Gliscor|56/100 tox
|-damage|p1a: Gliscor|12/100 tox
|-hitcount|p1a: Gliscor|2
|move|p1a: Gliscor|Earthquake|p2a: Iron Crown
|-supereffective|p2a: Iron Crown
|-damage|p2a: Iron Crown|20/100
|
|-weather|Snowscape|[upkeep]
|-heal|p1a: Gliscor|24/100 tox|[from] ability: Poison Heal
|upkeep
|turn|11
|
|t:|1760817746
|switch|p1a: Primeape|Primeape, M|45/100
|move|p2a: Iron Crown|Tachyon Cutter|p1a: Primeape
|-damage|p1a: Primeape|6/100
|-damage|p1a: Primeape|0 fnt
|faint|p1a: Primeape
|-hitcount|p1: Primeape|2
|
|-weather|Snowscape|[upkeep]
|upkeep
|
|t:|1760817767
|switch|p1a: Ying|Ninetales-Alola, M|100/100
|turn|12
|
|t:|1760817771
|move|p2a: Iron Crown|Tachyon Cutter|p1a: Ying
|-supereffective|p1a: Ying
|-crit|p1a: Ying
|-damage|p1a: Ying|0 fnt
|faint|p1a: Ying
|-hitcount|p1: Ying|1
|
|-weather|Snowscape|[upkeep]
|upkeep
|
|t:|1760817785
|switch|p1a: Pawmot|Pawmot, F, shiny|100/100
|turn|13
|
|t:|1760817809
|-end|p2a: Iron Crown|Quark Drive|[silent]
|switch|p2a: Great Tusk|Great Tusk|100/100
|move|p1a: Pawmot|Revival Blessing|p1a: Pawmot
|-enditem|p1a: Pawmot|Leppa Berry|[eat]
|-activate|p1a: Pawmot|item: Leppa Berry|Revival Blessing|[consumed]
|
|t:|1760817815
|-heal|p1: Ying|50/100|[from] move: Revival Blessing
|
|-weather|none
|upkeep
|turn|14
|
|t:|1760817830
|switch|p1a: Ying|Ninetales-Alola, M|50/100
|-weather|Snowscape|[from] ability: Snow Warning|[of] p1a: Ying
|move|p2a: Great Tusk|Headlong Rush|p1a: Ying
|-damage|p1a: Ying|0 fnt
|-unboost|p2a: Great Tusk|def|1
|-unboost|p2a: Great Tusk|spd|1
|faint|p1a: Ying
|
|-weather|Snowscape|[upkeep]
|upkeep
|
|t:|1760817856
|switch|p1a: Gliscor|Gliscor, M|24/100 tox
|turn|15
|
|t:|1760817868
|move|p1a: Gliscor|Facade|p2a: Great Tusk
|-damage|p2a: Great Tusk|63/100
|move|p2a: Great Tusk|Ice Spinner|p1a: Gliscor
|-supereffective|p1a: Gliscor
|-crit|p1a: Gliscor
|-damage|p1a: Gliscor|0 fnt
|faint|p1a: Gliscor
|
|-weather|Snowscape|[upkeep]
|upkeep
|
|t:|1760817888
|switch|p1a: Garganacl|Garganacl, M|100/100
|turn|16
|
|t:|1760817896
|-terastallize|p1a: Garganacl|Ghost
|move|p2a: Great Tusk|Headlong Rush|p1a: Garganacl
|-damage|p1a: Garganacl|56/100
|-unboost|p2a: Great Tusk|def|1
|-unboost|p2a: Great Tusk|spd|1
|move|p1a: Garganacl|Salt Cure|p2a: Great Tusk
|-resisted|p2a: Great Tusk
|-damage|p2a: Great Tusk|58/100
|-start|p2a: Great Tusk|Salt Cure
|
|-weather|Snowscape|[upkeep]
|-heal|p1a: Garganacl|62/100|[from] item: Leftovers
|-damage|p2a: Great Tusk|46/100|[from] Salt Cure
|upkeep
|turn|17
|
|t:|1760817904
|move|p2a: Great Tusk|Knock Off|p1a: Garganacl
|-supereffective|p1a: Garganacl
|-damage|p1a: Garganacl|16/100
|-enditem|p1a: Garganacl|Leftovers|[from] move: Knock Off|[of] p2a: Great Tusk
|move|p1a: Garganacl|Recover|p1a: Garganacl
|-heal|p1a: Garganacl|66/100
|
|-weather|Snowscape|[upkeep]
|-damage|p2a: Great Tusk|33/100|[from] Salt Cure
|upkeep
|turn|18
|
|t:|1760817908
|move|p2a: Great Tusk|Headlong Rush|p1a: Garganacl
|-damage|p1a: Garganacl|23/100
|-unboost|p2a: Great Tusk|def|1
|-unboost|p2a: Great Tusk|spd|1
|move|p1a: Garganacl|Recover|p1a: Garganacl
|-heal|p1a: Garganacl|73/100
|
|-weather|none
|-damage|p2a: Great Tusk|21/100|[from] Salt Cure
|upkeep
|turn|19
|
|t:|1760817911
|move|p2a: Great Tusk|Headlong Rush|p1a: Garganacl
|-damage|p1a: Garganacl|27/100
|-unboost|p2a: Great Tusk|def|1
|-unboost|p2a: Great Tusk|spd|1
|move|p1a: Garganacl|Recover|p1a: Garganacl
|-heal|p1a: Garganacl|77/100
|
|-damage|p2a: Great Tusk|9/100|[from] Salt Cure
|upkeep
|turn|20
|
|t:|1760817913
|move|p2a: Great Tusk|Headlong Rush|p1a: Garganacl
|-damage|p1a: Garganacl|35/100
|-unboost|p2a: Great Tusk|def|1
|-unboost|p2a: Great Tusk|spd|1
|move|p1a: Garganacl|Recover|p1a: Garganacl
|-heal|p1a: Garganacl|85/100
|
|-damage|p2a: Great Tusk|0 fnt|[from] Salt Cure
|faint|p2a: Great Tusk
|-end|p2a: Great Tusk|Protosynthesis|[silent]
|upkeep
|
|t:|1760817932
|switch|p2a: Iron Crown|Iron Crown, tera:Steel|20/100
|turn|21
|
|t:|1760817944
|move|p2a: Iron Crown|Volt Switch|p1a: Garganacl
|-damage|p1a: Garganacl|69/100
|
|t:|1760817945
|-end|p2a: Iron Crown|Quark Drive|[silent]
|switch|p2a: Vespiquen|Vespiquen, F, shiny|89/100|[from] Volt Switch
|-ability|p2a: Vespiquen|Pressure
|move|p1a: Garganacl|Salt Cure|p2a: Vespiquen
|-supereffective|p2a: Vespiquen
|-damage|p2a: Vespiquen|37/100
|-start|p2a: Vespiquen|Salt Cure
|
|-heal|p2a: Vespiquen|43/100|[from] item: Leftovers
|-damage|p2a: Vespiquen|30/100|[from] Salt Cure
|upkeep
|turn|22
|
|t:|1760817955
|move|p2a: Vespiquen|U-turn|p1a: Garganacl
|-resisted|p1a: Garganacl
|-damage|p1a: Garganacl|62/100
|
|t:|1760817957
|switch|p2a: Kingambit|Kingambit, M|100/100|[from] U-turn
|-item|p2a: Kingambit|Air Balloon
|move|p1a: Garganacl|Recover|p1a: Garganacl
|-heal|p1a: Garganacl|100/100
|
|upkeep
|turn|23
|
|t:|1760817968
|switch|p1a: Slowking|Slowking-Galar, F|52/100
|move|p2a: Kingambit|Thief|p1a: Slowking
|-supereffective|p1a: Slowking
|-damage|p1a: Slowking|0 fnt
|-damage|p2a: Kingambit|84/100|[from] item: Rocky Helmet|[of] p1a: Slowking
|faint|p1a: Slowking
|
|upkeep
|
|t:|1760817975
|switch|p1a: Pawmot|Pawmot, F, shiny|100/100
|turn|24
|
|t:|1760817977
|switch|p2a: Vespiquen|Vespiquen, F, shiny|30/100
|-ability|p2a: Vespiquen|Pressure
|move|p1a: Pawmot|Revival Blessing|p1a: Pawmot
|
|t:|1760817985
|-heal|p1: Ying|50/100|[from] move: Revival Blessing
|
|-heal|p2a: Vespiquen|37/100|[from] item: Leftovers
|upkeep
|turn|25
|
|t:|1760817989
|switch|p1a: Ying|Ninetales-Alola, M|50/100
|-weather|Snowscape|[from] ability: Snow Warning|[of] p1a: Ying
|move|p2a: Vespiquen|U-turn|p1a: Ying
|-resisted|p1a: Ying
|-crit|p1a: Ying
|-damage|p1a: Ying|37/100
|
|t:|1760817992
|switch|p2a: Iron Crown|Iron Crown, tera:Steel|20/100|[from] U-turn
|
|-weather|Snowscape|[upkeep]
|upkeep
|turn|26
|
|t:|1760818001
|switch|p1a: Garganacl|Garganacl, M, tera:Ghost|100/100
|move|p2a: Iron Crown|Tachyon Cutter|p1a: Garganacl
|-damage|p1a: Garganacl|75/100
|-damage|p1a: Garganacl|52/100
|-hitcount|p1a: Garganacl|2
|
|-weather|Snowscape|[upkeep]
|upkeep
|turn|27
|
|t:|1760818005
|move|p2a: Iron Crown|Tachyon Cutter|p1a: Garganacl
|-damage|p1a: Garganacl|29/100
|-damage|p1a: Garganacl|3/100
|-hitcount|p1a: Garganacl|2
|move|p1a: Garganacl|Salt Cure|p2a: Iron Crown
|-resisted|p2a: Iron Crown
|-damage|p2a: Iron Crown|13/100
|-start|p2a: Iron Crown|Salt Cure
|
|-weather|Snowscape|[upkeep]
|-damage|p2a: Iron Crown|0 fnt|[from] Salt Cure
|faint|p2a: Iron Crown
|-end|p2a: Iron Crown|Quark Drive|[silent]
|upkeep
|
|t:|1760818012
|switch|p2a: Lokix|Lokix, M|100/100
|turn|28
|
|t:|1760818019
|move|p2a: Lokix|Leech Life|p1a: Garganacl
|-resisted|p1a: Garganacl
|-damage|p1a: Garganacl|0 fnt
|faint|p1a: Garganacl
|-damage|p2a: Lokix|91/100|[from] item: Life Orb
|
|-weather|Snowscape|[upkeep]
|upkeep
|
|t:|1760818024
|switch|p1a: Ying|Ninetales-Alola, M|37/100
|turn|29
|
|t:|1760818026
|switch|p2a: Kingambit|Kingambit, M|84/100
|-item|p2a: Kingambit|Air Balloon
|move|p1a: Ying|Aurora Veil|p1a: Ying
|-sidestart|p1: monohue|move: Aurora Veil
|
|-weather|none
|upkeep
|turn|30
|
|t:|1760818033
|move|p1a: Ying|Pain Split|p2a: Kingambit
|-sethp|p2a: Kingambit|58/100|[from] move: Pain Split|[silent]
|-sethp|p1a: Ying|67/100|[from] move: Pain Split
|move|p2a: Kingambit|Stealth Rock|p1a: Ying
|-sidestart|p1: monohue|move: Stealth Rock
|
|upkeep
|turn|31
|
|t:|1760818037
|switch|p2a: Vespiquen|Vespiquen, F, shiny|37/100
|-ability|p2a: Vespiquen|Pressure
|move|p1a: Ying|Encore||[still]
|-fail|p1a: Ying
|
|-heal|p2a: Vespiquen|43/100|[from] item: Leftovers
|upkeep
|turn|32
|
|t:|1760818042
|switch|p1a: Pawmot|Pawmot, F, shiny|100/100
|-damage|p1a: Pawmot|94/100|[from] Stealth Rock
|move|p2a: Vespiquen|Roost|p2a: Vespiquen
|-heal|p2a: Vespiquen|93/100
|-singleturn|p2a: Vespiquen|move: Roost
|
|-heal|p2a: Vespiquen|99/100|[from] item: Leftovers
|upkeep
|turn|33
|
|t:|1760818046
|move|p1a: Pawmot|Rest|p1a: Pawmot
|-status|p1a: Pawmot|slp|[from] move: Rest
|-heal|p1a: Pawmot|100/100 slp|[silent]
|move|p2a: Vespiquen|Toxic||[still]
|-fail|p2a: Vespiquen
|
|-heal|p2a: Vespiquen|100/100|[from] item: Leftovers
|upkeep
|turn|34
|
|t:|1760818049
|cant|p1a: Pawmot|slp
|move|p1a: Pawmot|Sleep Talk|p1a: Pawmot
|move|p1a: Pawmot|Rest||[from] move: Sleep Talk|[still]
|-fail|p1a: Pawmot
|move|p2a: Vespiquen|U-turn|p1a: Pawmot
|-resisted|p1a: Pawmot
|-damage|p1a: Pawmot|93/100 slp
|
|t:|1760818069
|switch|p2a: Kingambit|Kingambit, M|58/100|[from] U-turn
|-item|p2a: Kingambit|Air Balloon
|
|upkeep
|turn|35
|
|t:|1760818075
|switch|p2a: Vespiquen|Vespiquen, F, shiny|100/100
|-ability|p2a: Vespiquen|Pressure
|cant|p1a: Pawmot|slp
|move|p1a: Pawmot|Sleep Talk|p1a: Pawmot
|move|p1a: Pawmot|Rest||[from] move: Sleep Talk|[still]
|-fail|p1a: Pawmot
|
|upkeep
|turn|36
|
|t:|1760818083
|-curestatus|p1a: Pawmot|slp|[msg]
|move|p1a: Pawmot|Rest|p1a: Pawmot
|-status|p1a: Pawmot|slp|[from] move: Rest
|-heal|p1a: Pawmot|100/100 slp|[silent]
|move|p2a: Vespiquen|Defend Order|p2a: Vespiquen
|-boost|p2a: Vespiquen|def|1
|-boost|p2a: Vespiquen|spd|1
|
|-sideend|p1: monohue|move: Aurora Veil
|upkeep
|turn|37
|
|t:|1760818087
|cant|p1a: Pawmot|slp
|move|p1a: Pawmot|Sleep Talk|p1a: Pawmot
|move|p1a: Pawmot|Super Fang|p2a: Vespiquen|[from] move: Sleep Talk
|-damage|p2a: Vespiquen|50/100
|move|p2a: Vespiquen|Toxic||[still]
|-fail|p2a: Vespiquen
|
|-heal|p2a: Vespiquen|57/100|[from] item: Leftovers
|upkeep
|turn|38
|
|t:|1760818094
|cant|p1a: Pawmot|slp
|move|p1a: Pawmot|Sleep Talk|p1a: Pawmot
|move|p1a: Pawmot|Revival Blessing|p1a: Pawmot|[from] move: Sleep Talk
|
|t:|1760818099
|-heal|p1: Gliscor|50/100|[from] move: Revival Blessing
|move|p2a: Vespiquen|Defend Order|p2a: Vespiquen
|-boost|p2a: Vespiquen|def|1
|-boost|p2a: Vespiquen|spd|1
|
|-heal|p2a: Vespiquen|63/100|[from] item: Leftovers
|upkeep
|turn|39
|
|t:|1760818107
|switch|p1a: Ying|Ninetales-Alola, M|67/100
|-damage|p1a: Ying|42/100|[from] Stealth Rock
|-weather|Snowscape|[from] ability: Snow Warning|[of] p1a: Ying
|move|p2a: Vespiquen|U-turn|p1a: Ying
|-resisted|p1a: Ying
|-damage|p1a: Ying|34/100
|
|t:|1760818110
|switch|p2a: Lokix|Lokix, M|91/100|[from] U-turn
|
|-weather|Snowscape|[upkeep]
|upkeep
|turn|40
|
|t:|1760818120
|move|p2a: Lokix|First Impression|p1a: Ying
|-resisted|p1a: Ying
|-damage|p1a: Ying|0 fnt
|faint|p1a: Ying
|-damage|p2a: Lokix|81/100|[from] item: Life Orb
|
|-weather|Snowscape|[upkeep]
|upkeep
|
|t:|1760818127
|switch|p1a: Gliscor|Gliscor, M|50/100
|-damage|p1a: Gliscor|38/100|[from] Stealth Rock
|turn|41
|
|t:|1760818131
|move|p1a: Gliscor|Facade|p2a: Lokix
|-damage|p2a: Lokix|57/100
|move|p2a: Lokix|Swords Dance|p2a: Lokix
|-boost|p2a: Lokix|atk|2
|
|-weather|Snowscape|[upkeep]
|-status|p1a: Gliscor|tox|[from] item: Toxic Orb
|upkeep
|turn|42
|
|t:|1760818137
|move|p2a: Lokix|Sucker Punch||[still]
|-fail|p2a: Lokix
|move|p1a: Gliscor|Swords Dance|p1a: Gliscor
|-boost|p1a: Gliscor|atk|2
|
|-weather|Snowscape|[upkeep]
|-heal|p1a: Gliscor|50/100 tox|[from] ability: Poison Heal
|upkeep
|turn|43
|
|t:|1760818144
|move|p2a: Lokix|Sucker Punch||[still]
|-fail|p2a: Lokix
|move|p1a: Gliscor|Swords Dance|p1a: Gliscor
|-boost|p1a: Gliscor|atk|2
|
|-weather|none
|-heal|p1a: Gliscor|63/100 tox|[from] ability: Poison Heal
|upkeep
|turn|44
|
|t:|1760818151
|move|p2a: Lokix|Sucker Punch|p1a: Gliscor
|-damage|p1a: Gliscor|0 fnt
|faint|p1a: Gliscor
|-damage|p2a: Lokix|47/100|[from] item: Life Orb
|
|upkeep
|
|t:|1760818154
|switch|p1a: Pawmot|Pawmot, F, shiny|100/100 slp
|-damage|p1a: Pawmot|94/100 slp|[from] Stealth Rock
|turn|45
|
|t:|1760818158
|-curestatus|p1a: Pawmot|slp|[msg]
|move|p1a: Pawmot|Rest|p1a: Pawmot
|-status|p1a: Pawmot|slp|[from] move: Rest
|-heal|p1a: Pawmot|100/100 slp|[silent]
|move|p2a: Lokix|Leech Life|p1a: Pawmot
|-resisted|p1a: Pawmot
|-damage|p1a: Pawmot|0 fnt
|-heal|p2a: Lokix|99/100|[from] drain|[of] p1a: Pawmot
|faint|p1a: Pawmot
|-damage|p2a: Lokix|90/100|[from] item: Life Orb
|
|win|swagataka
|raw|monohue's rating: 1515 &rarr; <strong>1498</strong><br />(-17 for losing)
|raw|swagataka's rating: 1570 &rarr; <strong>1587</strong><br />(+17 for winning)
|l|☆monohue
|player|p1|
|l|☆swagataka
|player|p2|
