|j|☆WeRrsome
|j|☆ciderbuzz
|t:|1760731955
|gametype|singles
|player|p1|WeRrsome|265|1390
|player|p2|ciderbuzz|169|1405
|gen|9
|tier|[Gen 9] OU
|rated|
|rule|HP Percentage Mod: HP is shown in percentages
|rule|Endless Battle Clause: Forcing endless battles is banned
|rule|Species Clause: Limit one of each Pokémon
|rule|OHKO Clause: OHKO moves are banned
|rule|Evasion Items Clause: Evasion items are banned
|rule|Evasion Moves Clause: Evasion moves are banned
|rule|Evasion Abilities Clause: Evasion abilities are banned
|rule|Sleep Moves Clause: Sleep-inducing moves are banned
|clearpoke
|poke|p1|Araquanid, M|
|poke|p1|Dragonite, M|
|poke|p1|Magnezone|
|poke|p1|Landorus-Therian, M|
|poke|p1|Iron Treads|
|poke|p1|Gengar, F|
|poke|p2|Pawmot, F|
|poke|p2|Ogerpon-Wellspring, F|
|poke|p2|Iron Treads|
|poke|p2|Pecharunt|
|poke|p2|Araquanid, F|
|poke|p2|Iron Moth|
|teampreview
|inactive|Battle timer is ON: inactive players will automatically lose when time's up. (requested by ciderbuzz)
|
|t:|1760731982
|teamsize|p1|6
|teamsize|p2|6
|start
|switch|p1a: Landorus|Landorus-Therian, M|100/100
|switch|p2a: Pawmot|Pawmot, F|100/100
|-ability|p1a: Landorus|Intimidate|boost
|-unboost|p2a: Pawmot|atk|1
|turn|1
|
|t:|1760731989
|switch|p2a: Araquanid|Araquanid, F|100/100
|move|p1a: Landorus|U-turn|p2a: Araquanid
|-damage|p2a: Araquanid|70/100
|
|t:|1760732002
|switch|p1a: Magnezone|Magnezone|100/100|[from] U-turn
|
|upkeep
|turn|2
|
|t:|1760732006
|switch|p2a: Iron Treads|Iron Treads|100/100
|move|p1a: Magnezone|Flash Cannon|p2a: Iron Treads
|-resisted|p2a: Iron Treads
|-damage|p2a: Iron Treads|41/100
|-unboost|p2a: Iron Treads|spd|1
|
|-heal|p2a: Iron Treads|47/100|[from] item: Leftovers
|upkeep
|turn|3
|
|t:|1760732012
|move|p2a: Iron Treads|Stealth Rock|p1a: Magnezone
|-sidestart|p1: WeRrsome|move: Stealth Rock
|move|p1a: Magnezone|Flash Cannon|p2a: Iron Treads
|-resisted|p2a: Iron Treads
|-crit|p2a: Iron Treads
|-damage|p2a: Iron Treads|0 fnt
|faint|p2a: Iron Treads
|-end|p2a: Iron Treads|Quark Drive|[silent]
|
|upkeep
|
|t:|1760732021
|switch|p2a: Iron Moth|Iron Moth|100/100
|turn|4
|
|t:|1760732026
|switch|p1a: Araquanid|Araquanid, M|100/100
|move|p2a: Iron Moth|Fiery Dance|p1a: Araquanid
|-damage|p1a: Araquanid|81/100
|-boost|p2a: Iron Moth|spa|1
|
|upkeep
|turn|5
|
|t:|1760732032
|move|p2a: Iron Moth|Fiery Dance|p1a: Araquanid
|-damage|p1a: Araquanid|53/100
|-boost|p2a: Iron Moth|spa|1
|move|p1a: Araquanid|Liquidation|p2a: Iron Moth
|-supereffective|p2a: Iron Moth
|-damage|p2a: Iron Moth|0 fnt
|faint|p2a: Iron Moth
|-end|p2a: Iron Moth|Quark Drive|[silent]
|
|upkeep
|
|t:|1760732038
|switch|p2a: Pawmot|Pawmot, F|100/100
|turn|6
|
|t:|1760732043
|switch|p1a: Dragonite|Dragonite, M|100/100
|-damage|p1a: Dragonite|76/100|[from] Stealth Rock
|move|p2a: Pawmot|Double Shock|p1a: Dragonite
|-damage|p1a: Dragonite|29/100
|-start|p2a: Pawmot|typechange|???/Fighting|[from] move: Double Shock
|-damage|p2a: Pawmot|84/100|[from] item: Rocky Helmet|[of] p1a: Dragonite
|-damage|p2a: Pawmot|74/100|[from] item: Life Orb
|
|upkeep
|turn|7
|
|t:|1760732050
|move|p2a: Pawmot|Ice Punch|p1a: Dragonite
|-supereffective|p1a: Dragonite
|-damage|p1a: Dragonite|0 fnt
|-damage|p2a: Pawmot|58/100|[from] item: Rocky Helmet|[of] p1a: Dragonite
|faint|p1a: Dragonite
|-damage|p2a: Pawmot|48/100|[from] item: Life Orb
|
|upkeep
|
|t:|1760732065
|switch|p1a: Landorus|Landorus-Therian, M|100/100
|-damage|p1a: Landorus|88/100|[from] Stealth Rock
|-ability|p1a: Landorus|Intimidate|boost
|-unboost|p2a: Pawmot|atk|1
|turn|8
|
|t:|1760732071
|move|p1a: Landorus|Earthquake|p2a: Pawmot
|-damage|p2a: Pawmot|0 fnt
|faint|p2a: Pawmot
|
|upkeep
|
|t:|1760732077
|switch|p2a: Ogerpon|Ogerpon-Wellspring, F|100/100
|turn|9
|
|t:|1760732086
|switch|p1a: Araquanid|Araquanid, M|53/100
|move|p2a: Ogerpon|Ivy Cudgel|p1a: Araquanid|[anim] Ivy Cudgel Water
|-resisted|p1a: Araquanid
|-damage|p1a: Araquanid|19/100
|
|upkeep
|turn|10
|
|t:|1760732093
|move|p2a: Ogerpon|Horn Leech|p1a: Araquanid
|-damage|p1a: Araquanid|0 fnt
|faint|p1a: Araquanid
|
|upkeep
|
|t:|1760732095
|switch|p1a: Landorus|Landorus-Therian, M|88/100
|-damage|p1a: Landorus|76/100|[from] Stealth Rock
|-ability|p1a: Landorus|Intimidate|boost
|-unboost|p2a: Ogerpon|atk|1
|turn|11
|
|t:|1760732102
|switch|p2a: Pecharunt|Pecharunt|100/100
|move|p1a: Landorus|U-turn|p2a: Pecharunt
|-resisted|p2a: Pecharunt
|-damage|p2a: Pecharunt|97/100
|
|t:|1760732105
|switch|p1a: Gengar|Gengar, F|100/100|[from] U-turn
|-damage|p1a: Gengar|88/100|[from] Stealth Rock
|
|upkeep
|turn|12
|
|t:|1760732128
|switch|p2a: Araquanid|Araquanid, F|70/100
|move|p1a: Gengar|Shadow Ball|p2a: Araquanid
|-damage|p2a: Araquanid|18/100
|
|upkeep
|turn|13
|inactive|WeRrsome has 120 seconds left.
|inactive|WeRrsome has 90 seconds left.
|-enditem|p2a: Araquanid|Custap Berry|[eat]
|-activate|p2a: Araquanid|item: Custap Berry|[consumed]
|
|t:|1760732196
|move|p2a: Araquanid|Liquidation|p1a: Gengar
|-damage|p1a: Gengar|0 fnt
|faint|p1a: Gengar
|
|upkeep
|
|t:|1760732204
|switch|p1a: Landorus|Landorus-Therian, M|76/100
|-damage|p1a: Landorus|64/100|[from] Stealth Rock
|-ability|p1a: Landorus|Intimidate|boost
|-unboost|p2a: Araquanid|atk|1
|turn|14
|
|t:|1760732208
|move|p1a: Landorus|U-turn|p2a: Araquanid
|-damage|p2a: Araquanid|0 fnt
|faint|p2a: Araquanid
|
|t:|1760732212
|switch|p1a: Magnezone|Magnezone|100/100|[from] U-turn
|-damage|p1a: Magnezone|94/100|[from] Stealth Rock
|
|upkeep
|
|t:|1760732225
|switch|p2a: Ogerpon|Ogerpon-Wellspring, F|100/100
|turn|15
|
|t:|1760732233
|move|p2a: Ogerpon|Ivy Cudgel|p1a: Magnezone|[anim] Ivy Cudgel Water
|-damage|p1a: Magnezone|39/100
|move|p1a: Magnezone|Thunderbolt|p2a: Ogerpon
|-damage|p2a: Ogerpon|0 fnt
|faint|p2a: Ogerpon
|
|upkeep
|-message|ciderbuzz forfeited.
|
|win|WeRrsome
|raw|WeRrsome's rating: 1390 &rarr; <strong>1411</strong><br />(+21 for winning)
|raw|ciderbuzz's rating: 1405 &rarr; <strong>1384</strong><br />(-21 for losing)
|l|☆ciderbuzz
|player|p2|
|l|☆WeRrsome
|player|p1|
