|j|☆qwp1027
|j|☆101st Account
|t:|1760835540
|gametype|singles
|player|p1|qwp1027|caitlin-masters|1391
|player|p2|101st Account|ethan|1366
|gen|9
|tier|[Gen 9] OU
|rated|
|rule|HP Percentage Mod: HP is shown in percentages
|rule|Endless Battle Clause: Forcing endless battles is banned
|rule|Species Clause: Limit one of each Pokémon
|rule|OHKO Clause: OHKO moves are banned
|rule|Evasion Items Clause: Evasion items are banned
|rule|Evasion Moves Clause: Evasion moves are banned
|rule|Evasion Abilities Clause: Evasion abilities are banned
|rule|Sleep Moves Clause: Sleep-inducing moves are banned
|clearpoke
|poke|p1|Pelipper, F|
|poke|p1|Kingdra, F|
|poke|p1|Iron Treads|
|poke|p1|Ogerpon-Wellspring, F|
|poke|p1|Raging Bolt|
|poke|p1|Basculegion-F, F|
|poke|p2|Dragapult, M|
|poke|p2|Kingambit, M|
|poke|p2|Great Tusk|
|poke|p2|Zapdos|
|poke|p2|Slowking-Galar, M|
|poke|p2|Keldeo-Resolute|
|teampreview
|inactive|Battle timer is ON: inactive players will automatically lose when time's up. (requested by qwp1027)
|inactive|101st Account has 120 seconds left.
|
|t:|1760835575
|teamsize|p1|6
|teamsize|p2|6
|start
|switch|p1a: Pelipper|Pelipper, F|100/100
|switch|p2a: Zapdos|Zapdos|100/100
|-weather|RainDance|[from] ability: Drizzle|[of] p1a: Pelipper
|turn|1
|
|t:|1760835579
|switch|p1a: Iron Treads|Iron Treads|100/100
|move|p2a: Zapdos|Discharge|p1a: Iron Treads
|-immune|p1a: Iron Treads
|
|-weather|RainDance|[upkeep]
|upkeep
|turn|2
|
|t:|1760835590
|switch|p2a: Great Tusk|Great Tusk|100/100
|-enditem|p2a: Great Tusk|Booster Energy
|-activate|p2a: Great Tusk|ability: Protosynthesis|[fromitem]
|-start|p2a: Great Tusk|protosynthesisatk
|move|p1a: Iron Treads|Earthquake|p2a: Great Tusk
|-damage|p2a: Great Tusk|67/100
|
|-weather|RainDance|[upkeep]
|upkeep
|turn|3
|
|t:|1760835597
|-end|p1a: Iron Treads|Quark Drive|[silent]
|switch|p1a: Basculegion|Basculegion-F, F|100/100
|move|p2a: Great Tusk|Headlong Rush|p1a: Basculegion
|-damage|p1a: Basculegion|0 fnt
|-unboost|p2a: Great Tusk|def|1
|-unboost|p2a: Great Tusk|spd|1
|faint|p1a: Basculegion
|
|-weather|RainDance|[upkeep]
|upkeep
|
|t:|1760835604
|switch|p1a: Ogerpon|Ogerpon-Wellspring, F|100/100
|turn|4
|
|t:|1760835607
|-end|p2a: Great Tusk|Protosynthesis|[silent]
|switch|p2a: ice beaM?|Slowking-Galar, M|100/100
|move|p1a: Ogerpon|Swords Dance|p1a: Ogerpon
|-boost|p1a: Ogerpon|atk|2
|
|-weather|RainDance|[upkeep]
|upkeep
|turn|5
|
|t:|1760835615
|-terastallize|p1a: Ogerpon|Water
|detailschange|p1a: Ogerpon|Ogerpon-Wellspring-Tera, F, tera:Water
|-ability|p1a: Ogerpon|Embody Aspect (Wellspring)|boost
|-boost|p1a: Ogerpon|spd|1
|-terastallize|p2a: ice beaM?|Water
|move|p1a: Ogerpon|Ivy Cudgel|p2a: ice beaM?|[anim] Ivy Cudgel Water
|-resisted|p2a: ice beaM?
|-damage|p2a: ice beaM?|0 fnt
|faint|p2a: ice beaM?
|
|-weather|RainDance|[upkeep]
|upkeep
|
|t:|1760835622
|switch|p2a: Zapdos|Zapdos|100/100
|turn|6
|
|t:|1760835624
|move|p1a: Ogerpon|Ivy Cudgel|p2a: Zapdos|[anim] Ivy Cudgel Water
|-damage|p2a: Zapdos|0 fnt
|faint|p2a: Zapdos
|
|-weather|RainDance|[upkeep]
|upkeep
|
|t:|1760835632
|switch|p2a: Specs|Keldeo-Resolute|100/100
|turn|7
|
|t:|1760835635
|move|p1a: Ogerpon|Horn Leech|p2a: Specs
|-supereffective|p2a: Specs
|-damage|p2a: Specs|0 fnt
|faint|p2a: Specs
|
|-weather|RainDance|[upkeep]
|upkeep
|
|t:|1760835648
|switch|p2a: Avarice|Dragapult, M|100/100
|turn|8
|
|t:|1760835651
|move|p2a: Avarice|Sucker Punch|p1a: Ogerpon
|-damage|p1a: Ogerpon|55/100
|move|p1a: Ogerpon|Play Rough|p2a: Avarice
|-supereffective|p2a: Avarice
|-damage|p2a: Avarice|0 fnt
|faint|p2a: Avarice
|
|-weather|none
|upkeep
|c|☆101st Account|i just realized that doesnt have swift swim
|c|☆101st Account|why didnt go pult
|
|t:|1760835671
|switch|p2a: Great Tusk|Great Tusk|67/100
|turn|9
|
|t:|1760835675
|move|p1a: Ogerpon|Ivy Cudgel|p2a: Great Tusk|[anim] Ivy Cudgel Water
|-supereffective|p2a: Great Tusk
|-damage|p2a: Great Tusk|0 fnt
|faint|p2a: Great Tusk
|-end|p2a: Great Tusk|Protosynthesis|[silent]
|
|upkeep
|
|t:|1760835677
|switch|p2a: LEFTOVERS|Kingambit, M|100/100
|-activate|p2a: LEFTOVERS|ability: Supreme Overlord
|-start|p2a: LEFTOVERS|fallen5|[silent]
|turn|10
|
|t:|1760835681
|move|p1a: Ogerpon|Ivy Cudgel|p2a: LEFTOVERS|[anim] Ivy Cudgel Water
|-damage|p2a: LEFTOVERS|0 fnt
|faint|p2a: LEFTOVERS
|-end|p2a: LEFTOVERS|fallen5|[silent]
|
|win|qwp1027
|raw|qwp1027's rating: 1391 &rarr; <strong>1410</strong><br />(+19 for winning)
|raw|101st Account's rating: 1366 &rarr; <strong>1347</strong><br />(-19 for losing)
|l|☆101st Account
|player|p2|
