|j|☆Lezhaper
|j|☆fujieee
|t:|1760733987
|gametype|singles
|player|p1|Lezhaper|skyla|1076
|player|p2|fujieee|101|1062
|gen|9
|tier|[Gen 9] OU
|rated|
|rule|HP Percentage Mod: HP is shown in percentages
|rule|Endless Battle Clause: Forcing endless battles is banned
|rule|Species Clause: Limit one of each Pokémon
|rule|OHKO Clause: OHKO moves are banned
|rule|Evasion Items Clause: Evasion items are banned
|rule|Evasion Moves Clause: Evasion moves are banned
|rule|Evasion Abilities Clause: Evasion abilities are banned
|rule|Sleep Moves Clause: Sleep-inducing moves are banned
|clearpoke
|poke|p1|Polteageist|
|poke|p1|Moltres-Galar|
|poke|p1|Zebstrika, F|
|poke|p1|Skarmory, M|
|poke|p1|Glimmora, M|
|poke|p1|Lapras, F|
|poke|p2|Polteageist|
|poke|p2|Flareon, F|
|poke|p2|Dragapult, F|
|poke|p2|Clefable, F|
|poke|p2|Iron Treads|
|poke|p2|Blaziken, F|
|teampreview
|inactive|Battle timer is ON: inactive players will automatically lose when time's up. (requested by fujieee)
|
|t:|1760734006
|teamsize|p1|6
|teamsize|p2|6
|start
|switch|p1a: Moltres|Moltres-Galar|100/100
|switch|p2a: Polteageist|Polteageist|100/100
|turn|1
|
|t:|1760734028
|move|p1a: Moltres|Dark Pulse|p2a: Polteageist
|-supereffective|p2a: Polteageist
|-damage|p2a: Polteageist|7/100
|move|p2a: Polteageist|Dark Pulse|p1a: Moltres
|-resisted|p1a: Moltres
|-damage|p1a: Moltres|87/100
|
|upkeep
|turn|2
|
|t:|1760734039
|move|p1a: Moltres|Dark Pulse|p2a: Polteageist
|-supereffective|p2a: Polteageist
|-damage|p2a: Polteageist|0 fnt
|faint|p2a: Polteageist
|
|upkeep
|inactive|fujieee has 120 seconds left.
|
|t:|1760734057
|switch|p2a: Clefable|Clefable, F|100/100
|turn|3
|
|t:|1760734061
|switch|p1a: Skarmory|Skarmory, M|100/100
|move|p2a: Clefable|Trick|p1a: Skarmory
|-activate|p2a: Clefable|move: Trick|[of] p1a: Skarmory
|-item|p1a: Skarmory|Toxic Orb|[from] move: Trick
|-item|p2a: Clefable|Leftovers|[from] move: Trick
|
|upkeep
|turn|4
|
|t:|1760734078
|move|p1a: Skarmory|Iron Head|p2a: Clefable
|-supereffective|p2a: Clefable
|-damage|p2a: Clefable|40/100
|move|p2a: Clefable|Endeavor|p1a: Skarmory
|-damage|p1a: Skarmory|57/100
|-ability|p1a: Skarmory|Weak Armor|boost
|-unboost|p1a: Skarmory|def|1
|-boost|p1a: Skarmory|spe|2
|
|-heal|p2a: Clefable|46/100|[from] item: Leftovers
|upkeep
|turn|5
|inactive|fujieee has 120 seconds left.
|
|t:|1760734097
|-terastallize|p2a: Clefable|Steel
|move|p1a: Skarmory|Swords Dance|p1a: Skarmory
|-boost|p1a: Skarmory|atk|2
|move|p2a: Clefable|Moonlight|p2a: Clefable
|-heal|p2a: Clefable|96/100
|
|-heal|p2a: Clefable|100/100|[from] item: Leftovers
|upkeep
|turn|6
|inactive|fujieee has 120 seconds left.
|
|t:|1760734108
|move|p1a: Skarmory|Drill Run|p2a: Clefable
|-supereffective|p2a: Clefable
|-damage|p2a: Clefable|21/100
|move|p2a: Clefable|Night Shade|p1a: Skarmory
|-damage|p1a: Skarmory|20/100
|
|-heal|p2a: Clefable|27/100|[from] item: Leftovers
|upkeep
|turn|7
|
|t:|1760734118
|move|p1a: Skarmory|Drill Run|p2a: Clefable
|-supereffective|p2a: Clefable
|-damage|p2a: Clefable|0 fnt
|faint|p2a: Clefable
|
|upkeep
|inactive|fujieee has 120 seconds left.
|
|t:|1760734134
|switch|p2a: Flareon|Flareon, F|100/100
|turn|8
|inactive|fujieee has 120 seconds left.
|
|t:|1760734142
|move|p2a: Flareon|Quick Attack|p1a: Skarmory
|-resisted|p1a: Skarmory
|-damage|p1a: Skarmory|12/100
|-ability|p1a: Skarmory|Weak Armor|boost
|-unboost|p1a: Skarmory|def|1
|-boost|p1a: Skarmory|spe|2
|move|p1a: Skarmory|Drill Run|p2a: Flareon
|-supereffective|p2a: Flareon
|-damage|p2a: Flareon|0 fnt
|faint|p2a: Flareon
|
|upkeep
|inactive|fujieee has 120 seconds left.
|
|t:|1760734153
|switch|p2a: Dragapult|Dragapult, F|100/100
|turn|9
|
|t:|1760734157
|move|p1a: Skarmory|Iron Head|p2a: Dragapult
|-damage|p2a: Dragapult|7/100
|move|p2a: Dragapult|Flamethrower|p1a: Skarmory
|-supereffective|p1a: Skarmory
|-damage|p1a: Skarmory|0 fnt
|faint|p1a: Skarmory
|-damage|p2a: Dragapult|0 fnt|[from] item: Life Orb
|faint|p2a: Dragapult
|
|upkeep
|-message|fujieee forfeited.
|
|win|Lezhaper
|raw|Lezhaper's rating: 1076 &rarr; <strong>1103</strong><br />(+27 for winning)
|raw|fujieee's rating: 1062 &rarr; <strong>1043</strong><br />(-19 for losing)
|l|☆fujieee
|player|p2|
|l|☆Lezhaper
|player|p1|
