|j|☆Metafinito
|j|☆sinssino
|t:|1760854414
|gametype|singles
|player|p1|Metafinito|169|1407
|player|p2|sinssino|265|1404
|gen|9
|tier|[Gen 9] OU
|rated|
|rule|HP Percentage Mod: HP is shown in percentages
|rule|Endless Battle Clause: Forcing endless battles is banned
|rule|Species Clause: Limit one of each Pokémon
|rule|OHKO Clause: OHKO moves are banned
|rule|Evasion Items Clause: Evasion items are banned
|rule|Evasion Moves Clause: Evasion moves are banned
|rule|Evasion Abilities Clause: Evasion abilities are banned
|rule|Sleep Moves Clause: Sleep-inducing moves are banned
|clearpoke
|poke|p1|Iron Crown|
|poke|p1|Samurott-Hisui, F|
|poke|p1|Zapdos|
|poke|p1|Dragapult, F|
|poke|p1|Great Tusk|
|poke|p1|Iron Boulder|
|poke|p2|Araquanid, M|
|poke|p2|Kingambit, F|
|poke|p2|Gholdengo|
|poke|p2|Great Tusk|
|poke|p2|Iron Crown|
|poke|p2|Raging Bolt|
|teampreview
|inactive|Battle timer is ON: inactive players will automatically lose when time's up. (requested by sinssino)
|
|t:|1760854441
|teamsize|p1|6
|teamsize|p2|6
|start
|switch|p1a: Zapdos|Zapdos|100/100
|switch|p2a: Araquanid|Araquanid, M|100/100
|turn|1
|
|t:|1760854447
|move|p1a: Zapdos|Discharge|p2a: Araquanid
|-supereffective|p2a: Araquanid
|-damage|p2a: Araquanid|44/100
|move|p2a: Araquanid|Sticky Web|p1a: Zapdos
|-sidestart|p1: Metafinito|move: Sticky Web
|
|upkeep
|turn|2
|inactive|sinssino has 120 seconds left.
|
|t:|1760854478
|switch|p2a: Raging Bolt|Raging Bolt|100/100
|-enditem|p2a: Raging Bolt|Booster Energy
|-activate|p2a: Raging Bolt|ability: Protosynthesis|[fromitem]
|-start|p2a: Raging Bolt|protosynthesisspa
|move|p1a: Zapdos|Hurricane|p2a: Raging Bolt
|-resisted|p2a: Raging Bolt
|-damage|p2a: Raging Bolt|78/100
|-start|p2a: Raging Bolt|confusion
|
|upkeep
|turn|3
|
|t:|1760854487
|-activate|p2a: Raging Bolt|confusion
|-damage|p2a: Raging Bolt|73/100|[from] confusion
|move|p1a: Zapdos|U-turn|p2a: Raging Bolt
|-damage|p2a: Raging Bolt|60/100
|
|t:|1760854496
|switch|p1a: Dragapult|Dragapult, F|100/100|[from] U-turn
|-activate|p1a: Dragapult|move: Sticky Web
|-fail|p1a: Dragapult|unboost|[from] ability: Clear Body|[of] p1a: Dragapult
|
|upkeep
|turn|4
|
|t:|1760854501
|-terastallize|p1a: Dragapult|Ghost
|-terastallize|p2a: Raging Bolt|Fairy
|move|p1a: Dragapult|Tera Blast|p2a: Raging Bolt|[anim] Tera Blast Ghost
|-damage|p2a: Raging Bolt|0 fnt
|faint|p2a: Raging Bolt
|-end|p2a: Raging Bolt|Protosynthesis|[silent]
|
|upkeep
|
|t:|1760854515
|switch|p2a: Kingambit|Kingambit, F|100/100
|-activate|p2a: Kingambit|ability: Supreme Overlord
|-start|p2a: Kingambit|fallen1|[silent]
|turn|5
|
|t:|1760854518
|switch|p1a: Great Tusk|Great Tusk|100/100
|move|p2a: Kingambit|Kowtow Cleave|p1a: Great Tusk
|-resisted|p1a: Great Tusk
|-damage|p1a: Great Tusk|79/100
|
|upkeep
|turn|6
|
|t:|1760854524
|-end|p2a: Kingambit|fallen1|[silent]
|switch|p2a: Gholdengo|Gholdengo|100/100
|-item|p2a: Gholdengo|Air Balloon
|move|p1a: Great Tusk|Ice Spinner|p2a: Gholdengo
|-resisted|p2a: Gholdengo
|-damage|p2a: Gholdengo|84/100
|-enditem|p2a: Gholdengo|Air Balloon
|
|upkeep
|turn|7
|
|t:|1760854534
|move|p1a: Great Tusk|Headlong Rush|p2a: Gholdengo
|-supereffective|p2a: Gholdengo
|-damage|p2a: Gholdengo|0 fnt
|-unboost|p1a: Great Tusk|def|1
|-unboost|p1a: Great Tusk|spd|1
|faint|p2a: Gholdengo
|
|upkeep
|
|t:|1760854537
|switch|p2a: Iron Crown|Iron Crown|100/100
|turn|8
|
|t:|1760854545
|-end|p1a: Great Tusk|Protosynthesis|[silent]
|switch|p1a: Zapdos|Zapdos|100/100
|move|p2a: Iron Crown|Tachyon Cutter|p1a: Zapdos
|-resisted|p1a: Zapdos
|-damage|p1a: Zapdos|83/100
|-resisted|p1a: Zapdos
|-crit|p1a: Zapdos
|-damage|p1a: Zapdos|56/100
|-hitcount|p1a: Zapdos|2
|
|upkeep
|turn|9
|
|t:|1760854569
|-end|p2a: Iron Crown|Quark Drive|[silent]
|switch|p2a: Kingambit|Kingambit, F|100/100
|-activate|p2a: Kingambit|ability: Supreme Overlord
|-start|p2a: Kingambit|fallen2|[silent]
|move|p1a: Zapdos|Discharge|p2a: Kingambit
|-damage|p2a: Kingambit|61/100
|
|-heal|p2a: Kingambit|67/100|[from] item: Leftovers
|upkeep
|turn|10
|
|t:|1760854581
|move|p1a: Zapdos|U-turn|p2a: Kingambit
|-crit|p2a: Kingambit
|-damage|p2a: Kingambit|49/100
|
|t:|1760854585
|switch|p1a: Samurott|Samurott-Hisui, F|100/100|[from] U-turn
|-activate|p1a: Samurott|move: Sticky Web
|-unboost|p1a: Samurott|spe|1
|move|p2a: Kingambit|Kowtow Cleave|p1a: Samurott
|-resisted|p1a: Samurott
|-damage|p1a: Samurott|60/100
|
|-heal|p2a: Kingambit|55/100|[from] item: Leftovers
|upkeep
|turn|11
|
|t:|1760854596
|move|p1a: Samurott|Razor Shell|p2a: Kingambit
|-damage|p2a: Kingambit|12/100
|move|p2a: Kingambit|Low Kick|p1a: Samurott
|-supereffective|p1a: Samurott
|-damage|p1a: Samurott|0 fnt
|faint|p1a: Samurott
|
|-heal|p2a: Kingambit|18/100|[from] item: Leftovers
|upkeep
|
|t:|1760854602
|switch|p1a: Great Tusk|Great Tusk|79/100
|turn|12
|
|t:|1760854609
|-end|p2a: Kingambit|fallen2|[silent]
|switch|p2a: Araquanid|Araquanid, M|44/100
|move|p1a: Great Tusk|Rapid Spin|p2a: Araquanid
|-damage|p2a: Araquanid|26/100
|-boost|p1a: Great Tusk|spe|1
|-sideend|p1: Metafinito|Sticky Web|[from] move: Rapid Spin|[of] p1a: Great Tusk
|
|upkeep
|turn|13
|
|t:|1760854616
|move|p1a: Great Tusk|Stealth Rock|p2a: Araquanid
|-sidestart|p2: sinssino|move: Stealth Rock
|move|p2a: Araquanid|Surf|p1a: Great Tusk
|-supereffective|p1a: Great Tusk
|-damage|p1a: Great Tusk|0 fnt
|faint|p1a: Great Tusk
|-end|p1a: Great Tusk|Protosynthesis|[silent]
|
|upkeep
|
|t:|1760854621
|switch|p1a: Iron Crown|Iron Crown|100/100
|turn|14
|
|t:|1760854635
|move|p2a: Araquanid|Endure|p2a: Araquanid
|-singleturn|p2a: Araquanid|move: Endure
|move|p1a: Iron Crown|Volt Switch|p2a: Araquanid
|-supereffective|p2a: Araquanid
|-activate|p2a: Araquanid|move: Endure
|-damage|p2a: Araquanid|1/100
|
|t:|1760854641
|-end|p1a: Iron Crown|Quark Drive|[silent]
|switch|p1a: Zapdos|Zapdos|56/100|[from] Volt Switch
|
|upkeep
|turn|15
|-enditem|p2a: Araquanid|Custap Berry|[eat]
|-activate|p2a: Araquanid|item: Custap Berry|[consumed]
|
|t:|1760854652
|move|p2a: Araquanid|Endeavor|p1a: Zapdos
|-damage|p1a: Zapdos|1/100
|move|p1a: Zapdos|U-turn|p2a: Araquanid
|-damage|p2a: Araquanid|0 fnt
|faint|p2a: Araquanid
|
|t:|1760854669
|switch|p1a: Iron Boulder|Iron Boulder|100/100|[from] U-turn
|-enditem|p1a: Iron Boulder|Booster Energy
|-activate|p1a: Iron Boulder|ability: Quark Drive|[fromitem]
|-start|p1a: Iron Boulder|quarkdrivespe
|
|upkeep
|
|t:|1760854682
|switch|p2a: Great Tusk|Great Tusk|100/100
|turn|16
|
|t:|1760854687
|move|p1a: Iron Boulder|Zen Headbutt|p2a: Great Tusk
|-supereffective|p2a: Great Tusk
|-damage|p2a: Great Tusk|41/100
|move|p2a: Great Tusk|Stealth Rock|p1a: Iron Boulder
|-sidestart|p1: Metafinito|move: Stealth Rock
|
|upkeep
|turn|17
|
|t:|1760854701
|move|p1a: Iron Boulder|Close Combat|p2a: Great Tusk
|-damage|p2a: Great Tusk|12/100
|-unboost|p1a: Iron Boulder|def|1
|-unboost|p1a: Iron Boulder|spd|1
|move|p2a: Great Tusk|Headlong Rush|p1a: Iron Boulder
|-supereffective|p1a: Iron Boulder
|-damage|p1a: Iron Boulder|0 fnt
|-unboost|p2a: Great Tusk|def|1
|-unboost|p2a: Great Tusk|spd|1
|faint|p1a: Iron Boulder
|-end|p1a: Iron Boulder|Quark Drive|[silent]
|
|upkeep
|
|t:|1760854715
|switch|p1a: Dragapult|Dragapult, F, tera:Ghost|100/100
|-damage|p1a: Dragapult|88/100|[from] Stealth Rock
|turn|18
|
|t:|1760854720
|move|p1a: Dragapult|Tera Blast|p2a: Great Tusk|[anim] Tera Blast Ghost
|-damage|p2a: Great Tusk|0 fnt
|faint|p2a: Great Tusk
|-end|p2a: Great Tusk|Protosynthesis|[silent]
|
|upkeep
|
|t:|1760854724
|switch|p2a: Kingambit|Kingambit, F|18/100
|-damage|p2a: Kingambit|12/100|[from] Stealth Rock
|-activate|p2a: Kingambit|ability: Supreme Overlord
|-start|p2a: Kingambit|fallen4|[silent]
|turn|19
|
|t:|1760854728
|switch|p1a: Zapdos|Zapdos|1/100
|move|p2a: Kingambit|Sucker Punch||[still]
|-fail|p2a: Kingambit
|
|-heal|p2a: Kingambit|18/100|[from] item: Leftovers
|upkeep
|turn|20
|
|t:|1760854734
|-end|p2a: Kingambit|fallen4|[silent]
|switch|p2a: Iron Crown|Iron Crown|100/100
|-damage|p2a: Iron Crown|94/100|[from] Stealth Rock
|move|p1a: Zapdos|Discharge|p2a: Iron Crown
|-damage|p2a: Iron Crown|60/100
|-status|p2a: Iron Crown|par
|
|upkeep
|turn|21
|
|t:|1760854740
|move|p1a: Zapdos|Roost|p1a: Zapdos
|-heal|p1a: Zapdos|51/100
|-singleturn|p1a: Zapdos|move: Roost
|move|p2a: Iron Crown|Tachyon Cutter|p1a: Zapdos
|-resisted|p1a: Zapdos
|-damage|p1a: Zapdos|34/100
|-resisted|p1a: Zapdos
|-damage|p1a: Zapdos|15/100
|-hitcount|p1a: Zapdos|2
|
|upkeep
|turn|22
|
|t:|1760854748
|move|p1a: Zapdos|Roost|p1a: Zapdos
|-heal|p1a: Zapdos|65/100
|-singleturn|p1a: Zapdos|move: Roost
|move|p2a: Iron Crown|Tachyon Cutter|p1a: Zapdos
|-resisted|p1a: Zapdos
|-damage|p1a: Zapdos|46/100
|-resisted|p1a: Zapdos
|-damage|p1a: Zapdos|27/100
|-hitcount|p1a: Zapdos|2
|
|upkeep
|turn|23
|
|t:|1760854754
|move|p1a: Zapdos|Roost|p1a: Zapdos
|-heal|p1a: Zapdos|77/100
|-singleturn|p1a: Zapdos|move: Roost
|move|p2a: Iron Crown|Tachyon Cutter|p1a: Zapdos
|-resisted|p1a: Zapdos
|-damage|p1a: Zapdos|61/100
|-resisted|p1a: Zapdos
|-damage|p1a: Zapdos|43/100
|-hitcount|p1a: Zapdos|2
|
|upkeep
|turn|24
|
|t:|1760854761
|move|p1a: Zapdos|Roost|p1a: Zapdos
|-heal|p1a: Zapdos|93/100
|-singleturn|p1a: Zapdos|move: Roost
|move|p2a: Iron Crown|Tachyon Cutter|p1a: Zapdos
|-resisted|p1a: Zapdos
|-damage|p1a: Zapdos|76/100
|-resisted|p1a: Zapdos
|-damage|p1a: Zapdos|58/100
|-hitcount|p1a: Zapdos|2
|
|upkeep
|turn|25
|
|t:|1760854767
|move|p1a: Zapdos|Roost|p1a: Zapdos
|-heal|p1a: Zapdos|100/100
|-singleturn|p1a: Zapdos|move: Roost
|move|p2a: Iron Crown|Tachyon Cutter|p1a: Zapdos
|-resisted|p1a: Zapdos
|-damage|p1a: Zapdos|82/100
|-resisted|p1a: Zapdos
|-damage|p1a: Zapdos|64/100
|-hitcount|p1a: Zapdos|2
|
|upkeep
|turn|26
|
|t:|1760854775
|-end|p2a: Iron Crown|Quark Drive|[silent]
|switch|p2a: Kingambit|Kingambit, F|18/100
|-damage|p2a: Kingambit|12/100|[from] Stealth Rock
|-activate|p2a: Kingambit|ability: Supreme Overlord
|-start|p2a: Kingambit|fallen4|[silent]
|move|p1a: Zapdos|U-turn|p2a: Kingambit
|-damage|p2a: Kingambit|1/100
|
|t:|1760854783
|switch|p1a: Iron Crown|Iron Crown|100/100|[from] U-turn
|-damage|p1a: Iron Crown|94/100|[from] Stealth Rock
|
|-heal|p2a: Kingambit|7/100|[from] item: Leftovers
|upkeep
|turn|27
|
|t:|1760854788
|move|p2a: Kingambit|Sucker Punch|p1a: Iron Crown
|-supereffective|p1a: Iron Crown
|-damage|p1a: Iron Crown|0 fnt
|faint|p1a: Iron Crown
|-end|p1a: Iron Crown|Quark Drive|[silent]
|
|-heal|p2a: Kingambit|13/100|[from] item: Leftovers
|upkeep
|
|t:|1760854790
|switch|p1a: Zapdos|Zapdos|64/100
|turn|28
|
|t:|1760854795
|-end|p2a: Kingambit|fallen4|[silent]
|switch|p2a: Iron Crown|Iron Crown|60/100 par
|-damage|p2a: Iron Crown|54/100 par|[from] Stealth Rock
|move|p1a: Zapdos|Discharge|p2a: Iron Crown
|-damage|p2a: Iron Crown|20/100 par
|
|upkeep
|turn|29
|
|t:|1760854801
|move|p1a: Zapdos|Discharge|p2a: Iron Crown
|-damage|p2a: Iron Crown|0 fnt
|faint|p2a: Iron Crown
|-end|p2a: Iron Crown|Quark Drive|[silent]
|
|upkeep
|
|t:|1760854803
|switch|p2a: Kingambit|Kingambit, F|13/100
|-damage|p2a: Kingambit|7/100|[from] Stealth Rock
|-activate|p2a: Kingambit|ability: Supreme Overlord
|-start|p2a: Kingambit|fallen5|[silent]
|turn|30
|
|t:|1760854806
|move|p2a: Kingambit|Sucker Punch|p1a: Zapdos
|-damage|p1a: Zapdos|22/100
|move|p1a: Zapdos|Discharge|p2a: Kingambit
|-damage|p2a: Kingambit|0 fnt
|faint|p2a: Kingambit
|-end|p2a: Kingambit|fallen5|[silent]
|
|win|Metafinito
|raw|Metafinito's rating: 1407 &rarr; <strong>1427</strong><br />(+20 for winning)
|raw|sinssino's rating: 1404 &rarr; <strong>1384</strong><br />(-20 for losing)
|l|☆sinssino
|player|p2|
|l|☆Metafinito
|player|p1|
