|j|☆Sumundo
|j|☆Gobbldygook
|t:|1760778352
|gametype|singles
|player|p1|Sumundo|1|1165
|player|p2|Gobbldygook|harlequin|1122
|gen|9
|tier|[Gen 9] OU
|rated|
|rule|HP Percentage Mod: HP is shown in percentages
|rule|Endless Battle Clause: Forcing endless battles is banned
|rule|Species Clause: Limit one of each Pokémon
|rule|OHKO Clause: OHKO moves are banned
|rule|Evasion Items Clause: Evasion items are banned
|rule|Evasion Moves Clause: Evasion moves are banned
|rule|Evasion Abilities Clause: Evasion abilities are banned
|rule|Sleep Moves Clause: Sleep-inducing moves are banned
|clearpoke
|poke|p1|Samurott-Hisui, M|
|poke|p1|Gliscor, F|
|poke|p1|Iron Valiant|
|poke|p1|Kingambit, M|
|poke|p1|Moltres|
|poke|p1|Iron Treads|
|poke|p2|Regirock|
|poke|p2|Galvantula, F|
|poke|p2|Heatran, M|
|poke|p2|Alomomola, M|
|poke|p2|Iron Valiant|
|poke|p2|Reuniclus, F|
|teampreview
|
|t:|1760778372
|teamsize|p1|6
|teamsize|p2|6
|start
|switch|p1a: Samurott|Samurott-Hisui, M|100/100
|switch|p2a: I Love Webs|Galvantula, F|100/100
|turn|1
|
|t:|1760778382
|move|p2a: I Love Webs|Thunder|p1a: Samurott
|-supereffective|p1a: Samurott
|-enditem|p1a: Samurott|Focus Sash
|-damage|p1a: Samurott|1/100
|-status|p1a: Samurott|par
|cant|p1a: Samurott|par
|
|upkeep
|turn|2
|
|t:|1760778393
|cant|p1a: Samurott|par
|move|p2a: I Love Webs|Thunder|p1a: Samurott
|-supereffective|p1a: Samurott
|-crit|p1a: Samurott
|-damage|p1a: Samurott|0 fnt
|faint|p1a: Samurott
|
|upkeep
|
|t:|1760778404
|switch|p1a: Iron Treads|Iron Treads|100/100
|-enditem|p1a: Iron Treads|Booster Energy
|-activate|p1a: Iron Treads|ability: Quark Drive|[fromitem]
|-start|p1a: Iron Treads|quarkdrivespe
|turn|3
|inactive|Battle timer is ON: inactive players will automatically lose when time's up. (requested by Sumundo)
|
|t:|1760778445
|switch|p2a: Alomomola|Alomomola, M|100/100
|move|p1a: Iron Treads|Stealth Rock|p2a: Alomomola
|-sidestart|p2: Gobbldygook|move: Stealth Rock
|
|upkeep
|turn|4
|
|t:|1760778466
|move|p1a: Iron Treads|Earthquake|p2a: Alomomola
|-damage|p2a: Alomomola|67/100
|move|p2a: Alomomola|Scald|p1a: Iron Treads
|-supereffective|p1a: Iron Treads
|-damage|p1a: Iron Treads|64/100
|
|upkeep
|turn|5
|
|t:|1760778473
|move|p1a: Iron Treads|Earthquake|p2a: Alomomola
|-damage|p2a: Alomomola|38/100
|move|p2a: Alomomola|Wish|p2a: Alomomola
|
|upkeep
|turn|6
|
|t:|1760778481
|-end|p1a: Iron Treads|Quark Drive|[silent]
|switch|p1a: Iron Valiant|Iron Valiant|100/100
|-enditem|p1a: Iron Valiant|Booster Energy
|-activate|p1a: Iron Valiant|ability: Quark Drive|[fromitem]
|-start|p1a: Iron Valiant|quarkdrivespe
|move|p2a: Alomomola|Protect||[still]
|-fail|p2a: Alomomola
|
|-heal|p2a: Alomomola|88/100|[from] move: Wish|[wisher] Alomomola
|upkeep
|turn|7
|
|t:|1760778494
|move|p2a: Alomomola|Protect|p2a: Alomomola
|-singleturn|p2a: Alomomola|Protect
|move|p1a: Iron Valiant|Moonblast|p2a: Alomomola
|-activate|p2a: Alomomola|move: Protect
|
|upkeep
|turn|8
|inactive|Gobbldygook has 120 seconds left.
|
|t:|1760778524
|move|p1a: Iron Valiant|Aura Sphere|p2a: Alomomola
|-damage|p2a: Alomomola|55/100
|move|p2a: Alomomola|Flip Turn|p1a: Iron Valiant
|-damage|p1a: Iron Valiant|78/100
|inactive|Gobbldygook has 120 seconds left.
|
|t:|1760778530
|switch|p2a: Iron Valiant|Iron Valiant|100/100|[from] Flip Turn
|-damage|p2a: Iron Valiant|94/100|[from] Stealth Rock
|-enditem|p2a: Iron Valiant|Booster Energy
|-activate|p2a: Iron Valiant|ability: Quark Drive|[fromitem]
|-start|p2a: Iron Valiant|quarkdrivespe
|
|upkeep
|turn|9
|
|t:|1760778546
|-terastallize|p1a: Iron Valiant|Fairy
|move|p2a: Iron Valiant|Spirit Break|p1a: Iron Valiant
|-damage|p1a: Iron Valiant|23/100
|-unboost|p1a: Iron Valiant|spa|1
|move|p1a: Iron Valiant|Moonblast|p2a: Iron Valiant
|-supereffective|p2a: Iron Valiant
|-damage|p2a: Iron Valiant|0 fnt
|faint|p2a: Iron Valiant
|-end|p2a: Iron Valiant|Quark Drive|[silent]
|
|upkeep
|inactive|Gobbldygook has 120 seconds left.
|
|t:|1760778573
|switch|p2a: Alomomola|Alomomola, M|88/100
|turn|10
|
|t:|1760778580
|move|p1a: Iron Valiant|Moonblast|p2a: Alomomola
|-damage|p2a: Alomomola|53/100
|move|p2a: Alomomola|Flip Turn|p1a: Iron Valiant
|-damage|p1a: Iron Valiant|0 fnt
|faint|p1a: Iron Valiant
|-end|p1a: Iron Valiant|Quark Drive|[silent]
|
|t:|1760778598
|switch|p2a: I Love Webs|Galvantula, F|100/100|[from] Flip Turn
|-damage|p2a: I Love Webs|76/100|[from] Stealth Rock
|
|upkeep
|
|t:|1760778608
|switch|p1a: Iron Treads|Iron Treads|64/100
|turn|11
|
|t:|1760778621
|-terastallize|p2a: I Love Webs|Water
|move|p2a: I Love Webs|Tera Blast|p1a: Iron Treads|[anim] Tera Blast Water
|-supereffective|p1a: Iron Treads
|-damage|p1a: Iron Treads|0 fnt
|faint|p1a: Iron Treads
|-end|p1a: Iron Treads|Quark Drive|[silent]
|
|upkeep
|
|t:|1760778631
|switch|p1a: Kingambit|Kingambit, M|100/100
|-activate|p1a: Kingambit|ability: Supreme Overlord
|-start|p1a: Kingambit|fallen3|[silent]
|turn|12
|inactive|Gobbldygook has 120 seconds left.
|
|t:|1760778655
|move|p2a: I Love Webs|Tera Blast|p1a: Kingambit|[anim] Tera Blast Water
|-damage|p1a: Kingambit|51/100
|move|p1a: Kingambit|Kowtow Cleave|p2a: I Love Webs
|-damage|p2a: I Love Webs|0 fnt
|faint|p2a: I Love Webs
|
|-heal|p1a: Kingambit|58/100|[from] item: Leftovers
|upkeep
|
|t:|1760778670
|switch|p2a: Regirock|Regirock|100/100
|-damage|p2a: Regirock|88/100|[from] Stealth Rock
|turn|13
|
|t:|1760778676
|move|p1a: Kingambit|Low Kick|p2a: Regirock
|-supereffective|p2a: Regirock
|-damage|p2a: Regirock|38/100
|move|p2a: Regirock|Body Press|p1a: Kingambit
|-supereffective|p1a: Kingambit
|-damage|p1a: Kingambit|0 fnt
|faint|p1a: Kingambit
|-end|p1a: Kingambit|fallen3|[silent]
|
|upkeep
|
|t:|1760778683
|switch|p1a: Gliscor|Gliscor, F, shiny|100/100
|turn|14
|
|t:|1760778701
|move|p1a: Gliscor|Toxic|p2a: Regirock
|-status|p2a: Regirock|tox
|move|p2a: Regirock|Stealth Rock|p1a: Gliscor
|-sidestart|p1: Sumundo|move: Stealth Rock
|
|-damage|p2a: Regirock|32/100 tox|[from] psn
|-status|p1a: Gliscor|tox|[from] item: Toxic Orb
|upkeep
|turn|15
|inactive|Gobbldygook has 120 seconds left.
|
|t:|1760778721
|move|p1a: Gliscor|Earthquake|p2a: Regirock
|-supereffective|p2a: Regirock
|-damage|p2a: Regirock|5/100 tox
|move|p2a: Regirock|Body Press|p1a: Gliscor
|-resisted|p1a: Gliscor
|-damage|p1a: Gliscor|84/100 tox
|
|-heal|p1a: Gliscor|97/100 tox|[from] ability: Poison Heal
|-damage|p2a: Regirock|0 fnt|[from] psn
|faint|p2a: Regirock
|upkeep
|
|t:|1760778741
|switch|p2a: Heatran|Heatran, M|100/100
|turn|16
|inactive|Gobbldygook has 90 seconds left.
|
|t:|1760778760
|move|p1a: Gliscor|Earthquake|p2a: Heatran
|-supereffective|p2a: Heatran
|-damage|p2a: Heatran|4/100
|move|p2a: Heatran|Iron Head|p1a: Gliscor
|-damage|p1a: Gliscor|80/100 tox
|
|-heal|p1a: Gliscor|93/100 tox|[from] ability: Poison Heal
|upkeep
|turn|17
|
|t:|1760778771
|move|p1a: Gliscor|Earthquake|p2a: Heatran
|-supereffective|p2a: Heatran
|-damage|p2a: Heatran|0 fnt
|faint|p2a: Heatran
|
|-heal|p1a: Gliscor|100/100 tox|[from] ability: Poison Heal
|upkeep
|
|t:|1760778779
|switch|p2a: Alomomola|Alomomola, M|87/100
|turn|18
|
|t:|1760778788
|move|p1a: Gliscor|Taunt|p2a: Alomomola
|-start|p2a: Alomomola|move: Taunt
|move|p2a: Alomomola|Scald|p1a: Gliscor
|-supereffective|p1a: Gliscor
|-damage|p1a: Gliscor|69/100 tox
|
|-heal|p1a: Gliscor|82/100 tox|[from] ability: Poison Heal
|upkeep
|turn|19
|
|t:|1760778797
|move|p1a: Gliscor|Toxic|p2a: Alomomola
|-status|p2a: Alomomola|tox
|move|p2a: Alomomola|Scald|p1a: Gliscor
|-supereffective|p1a: Gliscor
|-damage|p1a: Gliscor|48/100 tox
|
|-heal|p1a: Gliscor|60/100 tox|[from] ability: Poison Heal
|-damage|p2a: Alomomola|80/100 tox|[from] psn
|upkeep
|turn|20
|
|t:|1760778806
|move|p1a: Gliscor|Protect|p1a: Gliscor
|-singleturn|p1a: Gliscor|Protect
|move|p2a: Alomomola|Scald|p1a: Gliscor
|-activate|p1a: Gliscor|move: Protect
|
|-heal|p1a: Gliscor|73/100 tox|[from] ability: Poison Heal
|-damage|p2a: Alomomola|68/100 tox|[from] psn
|-end|p2a: Alomomola|move: Taunt
|upkeep
|turn|21
|inactive|Gobbldygook has 120 seconds left.
|
|t:|1760778816
|move|p1a: Gliscor|Taunt|p2a: Alomomola
|-start|p2a: Alomomola|move: Taunt
|move|p2a: Alomomola|Scald|p1a: Gliscor
|-supereffective|p1a: Gliscor
|-damage|p1a: Gliscor|37/100 tox
|
|-heal|p1a: Gliscor|50/100 tox|[from] ability: Poison Heal
|-damage|p2a: Alomomola|50/100 tox|[from] psn
|upkeep
|turn|22
|
|t:|1760778829
|move|p1a: Gliscor|Protect|p1a: Gliscor
|-singleturn|p1a: Gliscor|Protect
|move|p2a: Alomomola|Scald|p1a: Gliscor
|-activate|p1a: Gliscor|move: Protect
|
|-heal|p1a: Gliscor|62/100 tox|[from] ability: Poison Heal
|-damage|p2a: Alomomola|25/100 tox|[from] psn
|upkeep
|turn|23
|
|t:|1760778844
|move|p1a: Gliscor|Earthquake|p2a: Alomomola
|-damage|p2a: Alomomola|2/100 tox
|move|p2a: Alomomola|Scald|p1a: Gliscor
|-supereffective|p1a: Gliscor
|-damage|p1a: Gliscor|29/100 tox
|
|-heal|p1a: Gliscor|42/100 tox|[from] ability: Poison Heal
|-damage|p2a: Alomomola|0 fnt|[from] psn
|faint|p2a: Alomomola
|upkeep
|
|t:|1760778853
|switch|p2a: Reuniclus|Reuniclus, F|100/100
|turn|24
|
|t:|1760778860
|move|p1a: Gliscor|Taunt|p2a: Reuniclus
|-start|p2a: Reuniclus|move: Taunt
|cant|p2a: Reuniclus|move: Taunt|Calm Mind
|
|-heal|p1a: Gliscor|54/100 tox|[from] ability: Poison Heal
|upkeep
|turn|25
|
|t:|1760778869
|move|p1a: Gliscor|Toxic|p2a: Reuniclus
|-status|p2a: Reuniclus|tox
|move|p2a: Reuniclus|Tera Blast|p1a: Gliscor
|-damage|p1a: Gliscor|25/100 tox
|
|-heal|p1a: Gliscor|37/100 tox|[from] ability: Poison Heal
|upkeep
|turn|26
|
|t:|1760778878
|move|p1a: Gliscor|Protect|p1a: Gliscor
|-singleturn|p1a: Gliscor|Protect
|move|p2a: Reuniclus|Tera Blast|p1a: Gliscor
|-activate|p1a: Gliscor|move: Protect
|
|-heal|p1a: Gliscor|49/100 tox|[from] ability: Poison Heal
|-end|p2a: Reuniclus|move: Taunt
|upkeep
|turn|27
|
|t:|1760778906
|move|p1a: Gliscor|Taunt|p2a: Reuniclus
|-start|p2a: Reuniclus|move: Taunt
|cant|p2a: Reuniclus|move: Taunt|Calm Mind
|
|-heal|p1a: Gliscor|62/100 tox|[from] ability: Poison Heal
|upkeep
|turn|28
|
|t:|1760778912
|move|p1a: Gliscor|Earthquake|p2a: Reuniclus
|-damage|p2a: Reuniclus|77/100 tox
|move|p2a: Reuniclus|Tera Blast|p1a: Gliscor
|-damage|p1a: Gliscor|35/100 tox
|
|-heal|p2a: Reuniclus|83/100 tox|[from] item: Leftovers
|-heal|p1a: Gliscor|47/100 tox|[from] ability: Poison Heal
|upkeep
|turn|29
|
|t:|1760778924
|move|p1a: Gliscor|Protect|p1a: Gliscor
|-singleturn|p1a: Gliscor|Protect
|move|p2a: Reuniclus|Tera Blast|p1a: Gliscor
|-activate|p1a: Gliscor|move: Protect
|
|-heal|p2a: Reuniclus|89/100 tox|[from] item: Leftovers
|-heal|p1a: Gliscor|60/100 tox|[from] ability: Poison Heal
|-end|p2a: Reuniclus|move: Taunt
|upkeep
|turn|30
|
|t:|1760778934
|move|p1a: Gliscor|Taunt|p2a: Reuniclus
|-start|p2a: Reuniclus|move: Taunt
|move|p2a: Reuniclus|Tera Blast|p1a: Gliscor
|-damage|p1a: Gliscor|30/100 tox
|
|-heal|p2a: Reuniclus|96/100 tox|[from] item: Leftovers
|-heal|p1a: Gliscor|43/100 tox|[from] ability: Poison Heal
|upkeep
|turn|31
|
|t:|1760778944
|move|p1a: Gliscor|Earthquake|p2a: Reuniclus
|-damage|p2a: Reuniclus|70/100 tox
|move|p2a: Reuniclus|Tera Blast|p1a: Gliscor
|-damage|p1a: Gliscor|15/100 tox
|
|-heal|p2a: Reuniclus|76/100 tox|[from] item: Leftovers
|-heal|p1a: Gliscor|27/100 tox|[from] ability: Poison Heal
|upkeep
|turn|32
|
|t:|1760778954
|move|p1a: Gliscor|Earthquake|p2a: Reuniclus
|-damage|p2a: Reuniclus|53/100 tox
|move|p2a: Reuniclus|Tera Blast|p1a: Gliscor
|-damage|p1a: Gliscor|2/100 tox
|
|-heal|p2a: Reuniclus|59/100 tox|[from] item: Leftovers
|-heal|p1a: Gliscor|14/100 tox|[from] ability: Poison Heal
|-end|p2a: Reuniclus|move: Taunt
|upkeep
|turn|33
|
|t:|1760778971
|move|p1a: Gliscor|Earthquake|p2a: Reuniclus
|-damage|p2a: Reuniclus|33/100 tox
|move|p2a: Reuniclus|Recover|p2a: Reuniclus
|-heal|p2a: Reuniclus|83/100 tox
|
|-heal|p2a: Reuniclus|89/100 tox|[from] item: Leftovers
|-heal|p1a: Gliscor|27/100 tox|[from] ability: Poison Heal
|upkeep
|turn|34
|inactive|Sumundo has 120 seconds left.
|-message|Sumundo forfeited.
|
|win|Gobbldygook
|raw|Sumundo's rating: 1165 &rarr; <strong>1137</strong><br />(-28 for losing)
|raw|Gobbldygook's rating: 1122 &rarr; <strong>1150</strong><br />(+28 for winning)
|l|☆Sumundo
|player|p1|
|l|☆Gobbldygook
|player|p2|
