|j|☆JapYap
|j|☆Baygaleo
|t:|1760875393
|gametype|singles
|player|p1|JapYap|169|1173
|player|p2|Baygaleo|170|1195
|gen|9
|tier|[Gen 9] OU
|rated|
|rule|HP Percentage Mod: HP is shown in percentages
|rule|Endless Battle Clause: Forcing endless battles is banned
|rule|Species Clause: Limit one of each Pokémon
|rule|OHKO Clause: OHKO moves are banned
|rule|Evasion Items Clause: Evasion items are banned
|rule|Evasion Moves Clause: Evasion moves are banned
|rule|Evasion Abilities Clause: Evasion abilities are banned
|rule|Sleep Moves Clause: Sleep-inducing moves are banned
|clearpoke
|poke|p1|Blissey, F|
|poke|p1|Sceptile, F|
|poke|p1|Gliscor, M|
|poke|p1|Suicune|
|poke|p1|Latias, F|
|poke|p1|Wigglytuff, F|
|poke|p2|Great Tusk|
|poke|p2|Gholdengo|
|poke|p2|Gliscor, M|
|poke|p2|Raging Bolt|
|poke|p2|Kingambit, M|
|poke|p2|Corviknight, M|
|teampreview
|
|t:|1760875411
|teamsize|p1|6
|teamsize|p2|6
|start
|switch|p1a: Dungeon Partner|Sceptile, F|100/100
|switch|p2a: Great Tusk|Great Tusk|100/100
|turn|1
|
|t:|1760875420
|-end|p2a: Great Tusk|Protosynthesis|[silent]
|switch|p2a: Corviknight|Corviknight, M|100/100
|-ability|p2a: Corviknight|Pressure
|move|p1a: Dungeon Partner|Swords Dance|p1a: Dungeon Partner
|-boost|p1a: Dungeon Partner|atk|2
|
|upkeep
|turn|2
|
|t:|1760875429
|switch|p1a: Recruited|Suicune, shiny|100/100
|-ability|p1a: Recruited|Pressure
|move|p2a: Corviknight|Brave Bird|p1a: Recruited
|-damage|p1a: Recruited|79/100
|-damage|p2a: Corviknight|93/100|[from] Recoil
|
|-heal|p2a: Corviknight|99/100|[from] item: Leftovers
|upkeep
|turn|3
|
|t:|1760875447
|move|p1a: Recruited|Scald|p2a: Corviknight
|-damage|p2a: Corviknight|76/100
|move|p2a: Corviknight|Tailwind|p2a: Corviknight
|-sidestart|p2: Baygaleo|move: Tailwind
|
|-heal|p2a: Corviknight|83/100|[from] item: Leftovers
|upkeep
|turn|4
|
|t:|1760875456
|switch|p2a: Raging Bolt|Raging Bolt|100/100
|move|p1a: Recruited|Scald|p2a: Raging Bolt
|-resisted|p2a: Raging Bolt
|-damage|p2a: Raging Bolt|91/100
|-status|p2a: Raging Bolt|brn
|
|-heal|p2a: Raging Bolt|97/100 brn|[from] item: Leftovers
|-damage|p2a: Raging Bolt|91/100 brn|[from] brn
|upkeep
|turn|5
|
|t:|1760875467
|switch|p1a: Wigglytuff|Wigglytuff, F|100/100
|move|p2a: Raging Bolt|Calm Mind|p2a: Raging Bolt
|-boost|p2a: Raging Bolt|spa|1
|-boost|p2a: Raging Bolt|spd|1
|
|-heal|p2a: Raging Bolt|97/100 brn|[from] item: Leftovers
|-damage|p2a: Raging Bolt|91/100 brn|[from] brn
|upkeep
|turn|6
|
|t:|1760875475
|move|p2a: Raging Bolt|Thunderbolt|p1a: Wigglytuff
|-damage|p1a: Wigglytuff|4/100
|move|p1a: Wigglytuff|Blizzard|p2a: Raging Bolt
|-supereffective|p2a: Raging Bolt
|-damage|p2a: Raging Bolt|57/100 brn
|
|-heal|p2a: Raging Bolt|63/100 brn|[from] item: Leftovers
|-damage|p2a: Raging Bolt|57/100 brn|[from] brn
|-sideend|p2: Baygaleo|move: Tailwind
|upkeep
|turn|7
|
|t:|1760875482
|move|p2a: Raging Bolt|Thunderbolt|p1a: Wigglytuff
|-damage|p1a: Wigglytuff|0 fnt
|faint|p1a: Wigglytuff
|
|-heal|p2a: Raging Bolt|63/100 brn|[from] item: Leftovers
|-damage|p2a: Raging Bolt|57/100 brn|[from] brn
|upkeep
|
|t:|1760875489
|switch|p1a: Dungeon Partner|Sceptile, F|100/100
|turn|8
|
|t:|1760875494
|move|p1a: Dungeon Partner|Swords Dance|p1a: Dungeon Partner
|-boost|p1a: Dungeon Partner|atk|2
|move|p2a: Raging Bolt|Draco Meteor|p1a: Dungeon Partner
|-damage|p1a: Dungeon Partner|0 fnt
|-unboost|p2a: Raging Bolt|spa|2
|faint|p1a: Dungeon Partner
|
|-heal|p2a: Raging Bolt|63/100 brn|[from] item: Leftovers
|-damage|p2a: Raging Bolt|57/100 brn|[from] brn
|upkeep
|
|t:|1760875500
|switch|p1a: Gliscor|Gliscor, M|100/100
|turn|9
|
|t:|1760875506
|-end|p2a: Raging Bolt|Protosynthesis|[silent]
|switch|p2a: Corviknight|Corviknight, M|83/100
|-ability|p2a: Corviknight|Pressure
|move|p1a: Gliscor|Spikes|p2a: Corviknight
|-sidestart|p2: Baygaleo|Spikes
|
|-heal|p2a: Corviknight|89/100|[from] item: Leftovers
|-status|p1a: Gliscor|tox|[from] item: Toxic Orb
|upkeep
|turn|10
|
|t:|1760875521
|move|p1a: Gliscor|Spikes|p2a: Corviknight
|-sidestart|p2: Baygaleo|Spikes
|move|p2a: Corviknight|Brave Bird|p1a: Gliscor
|-damage|p1a: Gliscor|79/100 tox
|-damage|p2a: Corviknight|83/100|[from] Recoil
|
|-heal|p2a: Corviknight|89/100|[from] item: Leftovers
|-heal|p1a: Gliscor|91/100 tox|[from] ability: Poison Heal
|upkeep
|turn|11
|
|t:|1760875531
|switch|p2a: Great Tusk|Great Tusk|100/100
|-damage|p2a: Great Tusk|84/100|[from] Spikes
|move|p1a: Gliscor|Knock Off|p2a: Great Tusk
|-resisted|p2a: Great Tusk
|-damage|p2a: Great Tusk|77/100
|-enditem|p2a: Great Tusk|Assault Vest|[from] move: Knock Off|[of] p1a: Gliscor
|
|-heal|p1a: Gliscor|100/100 tox|[from] ability: Poison Heal
|upkeep
|turn|12
|
|t:|1760875549
|move|p2a: Great Tusk|Ice Spinner|p1a: Gliscor
|-supereffective|p1a: Gliscor
|-damage|p1a: Gliscor|30/100 tox
|move|p1a: Gliscor|Toxic|p2a: Great Tusk
|-status|p2a: Great Tusk|tox
|
|-damage|p2a: Great Tusk|70/100 tox|[from] psn
|-heal|p1a: Gliscor|43/100 tox|[from] ability: Poison Heal
|upkeep
|turn|13
|
|t:|1760875555
|move|p1a: Gliscor|Protect|p1a: Gliscor
|-singleturn|p1a: Gliscor|Protect
|move|p2a: Great Tusk|Rapid Spin|p1a: Gliscor
|-activate|p1a: Gliscor|move: Protect
|
|-damage|p2a: Great Tusk|58/100 tox|[from] psn
|-heal|p1a: Gliscor|55/100 tox|[from] ability: Poison Heal
|upkeep
|turn|14
|
|t:|1760875560
|-terastallize|p1a: Gliscor|Ground
|move|p2a: Great Tusk|Ice Spinner|p1a: Gliscor
|-supereffective|p1a: Gliscor
|-damage|p1a: Gliscor|20/100 tox
|move|p1a: Gliscor|Spikes|p2a: Great Tusk
|-sidestart|p2: Baygaleo|Spikes
|
|-damage|p2a: Great Tusk|39/100 tox|[from] psn
|-heal|p1a: Gliscor|33/100 tox|[from] ability: Poison Heal
|upkeep
|turn|15
|
|t:|1760875564
|move|p1a: Gliscor|Protect|p1a: Gliscor
|-singleturn|p1a: Gliscor|Protect
|move|p2a: Great Tusk|Rapid Spin|p1a: Gliscor
|-activate|p1a: Gliscor|move: Protect
|
|-damage|p2a: Great Tusk|15/100 tox|[from] psn
|-heal|p1a: Gliscor|45/100 tox|[from] ability: Poison Heal
|upkeep
|turn|16
|
|t:|1760875582
|move|p2a: Great Tusk|Rapid Spin|p1a: Gliscor
|-damage|p1a: Gliscor|33/100 tox
|-boost|p2a: Great Tusk|spe|1
|-sideend|p2: Baygaleo|Spikes|[from] move: Rapid Spin|[of] p2a: Great Tusk
|move|p1a: Gliscor|Knock Off|p2a: Great Tusk
|-resisted|p2a: Great Tusk
|-damage|p2a: Great Tusk|9/100 tox
|
|-damage|p2a: Great Tusk|0 fnt|[from] psn
|faint|p2a: Great Tusk
|-end|p2a: Great Tusk|Protosynthesis|[silent]
|-heal|p1a: Gliscor|45/100 tox|[from] ability: Poison Heal
|upkeep
|
|t:|1760875611
|switch|p2a: Gholdengo|Gholdengo|100/100
|turn|17
|
|t:|1760875642
|move|p1a: Gliscor|Protect|p1a: Gliscor
|-singleturn|p1a: Gliscor|Protect
|move|p2a: Gholdengo|Shadow Ball|p1a: Gliscor
|-activate|p1a: Gliscor|move: Protect
|
|-heal|p1a: Gliscor|58/100 tox|[from] ability: Poison Heal
|upkeep
|turn|18
|
|t:|1760875679
|move|p2a: Gholdengo|Shadow Ball|p1a: Gliscor
|-damage|p1a: Gliscor|0 fnt
|faint|p1a: Gliscor
|
|upkeep
|inactive|Battle timer is ON: inactive players will automatically lose when time's up. (requested by Baygaleo)
|
|t:|1760875690
|switch|p1a: Blissey|Blissey, F|100/100
|turn|19
|
|t:|1760875697
|switch|p2a: Gliscor|Gliscor, M|100/100
|move|p1a: Blissey|Stealth Rock|p2a: Gliscor
|-sidestart|p2: Baygaleo|move: Stealth Rock
|
|-status|p2a: Gliscor|tox|[from] item: Toxic Orb
|upkeep
|turn|20
|
|t:|1760875701
|move|p2a: Gliscor|Earthquake|p1a: Blissey
|-damage|p1a: Blissey|70/100
|move|p1a: Blissey|Soft-Boiled|p1a: Blissey
|-heal|p1a: Blissey|100/100
|
|upkeep
|turn|21
|
|t:|1760875705
|switch|p1a: Latias|Latias, F|100/100
|move|p2a: Gliscor|Toxic|p1a: Latias
|-status|p1a: Latias|tox
|
|-damage|p1a: Latias|94/100 tox|[from] psn
|upkeep
|turn|22
|
|t:|1760875709
|switch|p1a: Blissey|Blissey, F|100/100
|move|p2a: Gliscor|Stealth Rock|p1a: Blissey
|-sidestart|p1: JapYap|move: Stealth Rock
|
|upkeep
|turn|23
|
|t:|1760875711
|move|p2a: Gliscor|Toxic|p1a: Blissey|[miss]
|-miss|p2a: Gliscor|p1a: Blissey
|move|p1a: Blissey|Heal Bell|p1a: Blissey
|-activate|p1a: Blissey|move: Heal Bell
|-curestatus|p1: Latias|tox|[msg]
|
|upkeep
|turn|24
|
|t:|1760875741
|switch|p2a: Kingambit|Kingambit, M|100/100
|-damage|p2a: Kingambit|94/100|[from] Stealth Rock
|-activate|p2a: Kingambit|ability: Supreme Overlord
|-start|p2a: Kingambit|fallen1|[silent]
|-item|p2a: Kingambit|Air Balloon
|switch|p1a: Latias|Latias, F|94/100
|-damage|p1a: Latias|82/100|[from] Stealth Rock
|
|-heal|p1a: Latias|88/100|[from] item: Leftovers
|upkeep
|turn|25
|
|t:|1760875747
|-terastallize|p2a: Kingambit|Dark
|move|p1a: Latias|Aura Sphere|p2a: Kingambit
|-supereffective|p2a: Kingambit
|-damage|p2a: Kingambit|56/100
|-enditem|p2a: Kingambit|Air Balloon
|move|p2a: Kingambit|Kowtow Cleave|p1a: Latias
|-supereffective|p1a: Latias
|-damage|p1a: Latias|0 fnt
|faint|p1a: Latias
|
|upkeep
|
|t:|1760875753
|switch|p1a: Blissey|Blissey, F|100/100
|turn|26
|
|t:|1760875756
|move|p1a: Blissey|Thunder Wave|p2a: Kingambit
|-status|p2a: Kingambit|par
|move|p2a: Kingambit|Kowtow Cleave|p1a: Blissey
|-damage|p1a: Blissey|31/100
|
|upkeep
|turn|27
|
|t:|1760875762
|switch|p1a: Recruited|Suicune, shiny|79/100
|-ability|p1a: Recruited|Pressure
|move|p2a: Kingambit|Kowtow Cleave|p1a: Recruited
|-damage|p1a: Recruited|36/100
|
|upkeep
|turn|28
|
|t:|1760875765
|cant|p2a: Kingambit|par
|move|p1a: Recruited|Scald|p2a: Kingambit
|-damage|p2a: Kingambit|33/100 par
|
|upkeep
|turn|29
|
|t:|1760875768
|move|p2a: Kingambit|Sucker Punch||[still]
|-fail|p2a: Kingambit
|move|p1a: Recruited|Rest|p1a: Recruited
|-status|p1a: Recruited|slp|[from] move: Rest
|-heal|p1a: Recruited|100/100 slp|[silent]
|
|upkeep
|turn|30
|
|t:|1760875772
|cant|p1a: Recruited|slp
|move|p1a: Recruited|Sleep Talk|p1a: Recruited
|move|p1a: Recruited|Rest||[from] move: Sleep Talk|[still]
|-fail|p1a: Recruited
|move|p2a: Kingambit|Kowtow Cleave|p1a: Recruited
|-damage|p1a: Recruited|59/100 slp
|
|upkeep
|turn|31
|
|t:|1760875775
|cant|p1a: Recruited|slp
|move|p1a: Recruited|Sleep Talk|p1a: Recruited
|move|p1a: Recruited|Rest||[from] move: Sleep Talk|[still]
|-fail|p1a: Recruited
|move|p2a: Kingambit|Kowtow Cleave|p1a: Recruited
|-damage|p1a: Recruited|14/100 slp
|
|upkeep
|turn|32
|
|t:|1760875780
|-curestatus|p1a: Recruited|slp|[msg]
|move|p1a: Recruited|Calm Mind|p1a: Recruited
|-boost|p1a: Recruited|spa|1
|-boost|p1a: Recruited|spd|1
|move|p2a: Kingambit|Kowtow Cleave|p1a: Recruited
|-damage|p1a: Recruited|0 fnt
|faint|p1a: Recruited
|
|upkeep
|-message|JapYap forfeited.
|
|win|Baygaleo
|raw|JapYap's rating: 1173 &rarr; <strong>1150</strong><br />(-23 for losing)
|raw|Baygaleo's rating: 1195 &rarr; <strong>1218</strong><br />(+23 for winning)
|l|☆JapYap
|player|p1|
|l|☆Baygaleo
|player|p2|
