|j|☆aaaaaaaaalec
|j|☆ellieisapuppy
|t:|1760754231
|gametype|singles
|player|p1|aaaaaaaaalec|101|1086
|player|p2|ellieisapuppy|lady|1044
|gen|9
|tier|[Gen 9] OU
|rated|
|rule|HP Percentage Mod: HP is shown in percentages
|rule|Endless Battle Clause: Forcing endless battles is banned
|rule|Species Clause: Limit one of each Pokémon
|rule|OHKO Clause: OHKO moves are banned
|rule|Evasion Items Clause: Evasion items are banned
|rule|Evasion Moves Clause: Evasion moves are banned
|rule|Evasion Abilities Clause: Evasion abilities are banned
|rule|Sleep Moves Clause: Sleep-inducing moves are banned
|clearpoke
|poke|p1|Dragapult, M|
|poke|p1|Gliscor, F|
|poke|p1|Scizor, F|
|poke|p1|Overqwil, M|
|poke|p1|Gyarados, M|
|poke|p1|Blaziken, M|
|poke|p2|Zapdos|
|poke|p2|Pelipper, M|
|poke|p2|Iron Treads|
|poke|p2|Alomomola, F|
|poke|p2|Floatzel, M|
|poke|p2|Ogerpon-Wellspring, F|
|teampreview
|
|t:|1760754271
|teamsize|p1|6
|teamsize|p2|6
|start
|switch|p1a: pinchsmooveoff|Scizor, F|100/100
|switch|p2a: Pelipper|Pelipper, M, shiny|100/100
|-weather|RainDance|[from] ability: Drizzle|[of] p2a: Pelipper
|turn|1
|
|t:|1760754289
|move|p2a: Pelipper|Knock Off|p1a: pinchsmooveoff
|-damage|p1a: pinchsmooveoff|89/100
|-enditem|p1a: pinchsmooveoff|Choice Band|[from] move: Knock Off|[of] p2a: Pelipper
|move|p1a: pinchsmooveoff|Fury Cutter|p2a: Pelipper
|-resisted|p2a: Pelipper
|-damage|p2a: Pelipper|86/100
|
|-weather|RainDance|[upkeep]
|upkeep
|turn|2
|
|t:|1760754299
|move|p2a: Pelipper|Hydro Pump|p1a: pinchsmooveoff
|-damage|p1a: pinchsmooveoff|0 fnt
|faint|p1a: pinchsmooveoff
|
|-weather|RainDance|[upkeep]
|upkeep
|c|☆aaaaaaaaalec|ough
|c|☆ellieisapuppy|how are u slower than me i'm almost min speed
|
|t:|1760754329
|switch|p1a: KFC|Blaziken, M|100/100
|turn|3
|
|t:|1760754350
|switch|p2a: Floatzel|Floatzel, M|100/100
|move|p1a: KFC|Thunder Punch|p2a: Floatzel
|-supereffective|p2a: Floatzel
|-damage|p2a: Floatzel|13/100
|
|-weather|RainDance|[upkeep]
|-ability|p1a: KFC|Speed Boost|boost
|-boost|p1a: KFC|spe|1
|upkeep
|turn|4
|c|☆aaaaaaaaalec|i was born slow
|
|t:|1760754364
|switch|p1a: Le Fish|Gyarados, M|100/100
|-ability|p1a: Le Fish|Intimidate|boost
|-unboost|p2a: Floatzel|atk|1
|move|p2a: Floatzel|Flip Turn|p1a: Le Fish
|-resisted|p1a: Le Fish
|-damage|p1a: Le Fish|74/100
|
|t:|1760754371
|switch|p2a: Zapdos|Zapdos, shiny|100/100|[from] Flip Turn
|
|-weather|RainDance|[upkeep]
|upkeep
|turn|5
|
|t:|1760754393
|switch|p2a: Ogerpon|Ogerpon-Wellspring, F|100/100
|switch|p1a: HeartAttackGiver|Dragapult, M|100/100
|
|-weather|RainDance|[upkeep]
|upkeep
|turn|6
|
|t:|1760754408
|switch|p2a: Iron Treads|Iron Treads|100/100
|move|p1a: HeartAttackGiver|Will-O-Wisp|p2a: Iron Treads
|-status|p2a: Iron Treads|brn
|
|-weather|RainDance|[upkeep]
|-damage|p2a: Iron Treads|94/100 brn|[from] brn
|upkeep
|turn|7
|
|t:|1760754423
|-end|p2a: Iron Treads|Quark Drive|[silent]
|switch|p2a: Pelipper|Pelipper, M, shiny|86/100
|move|p1a: HeartAttackGiver|U-turn|p2a: Pelipper
|-resisted|p2a: Pelipper
|-damage|p2a: Pelipper|69/100
|-damage|p1a: HeartAttackGiver|91/100|[from] item: Life Orb
|
|t:|1760754440
|switch|p1a: Le Fish|Gyarados, M|74/100|[from] U-turn
|-ability|p1a: Le Fish|Intimidate|boost
|-unboost|p2a: Pelipper|atk|1
|
|-weather|RainDance|[upkeep]
|upkeep
|turn|8
|
|t:|1760754455
|move|p1a: Le Fish|Dragon Dance|p1a: Le Fish
|-boost|p1a: Le Fish|atk|1
|-boost|p1a: Le Fish|spe|1
|move|p2a: Pelipper|U-turn|p1a: Le Fish
|-resisted|p1a: Le Fish
|-damage|p1a: Le Fish|71/100
|
|t:|1760754461
|switch|p2a: Zapdos|Zapdos, shiny|100/100|[from] U-turn
|
|-weather|none
|upkeep
|turn|9
|c|☆aaaaaaaaalec|my gyarados only has 3 moves i ogoofed
|c|☆ellieisapuppy|oop
|
|t:|1760754485
|-terastallize|p1a: Le Fish|Water
|move|p2a: Zapdos|Volt Switch|p1a: Le Fish
|-supereffective|p1a: Le Fish
|-damage|p1a: Le Fish|11/100
|
|t:|1760754491
|switch|p2a: Pelipper|Pelipper, M, shiny|69/100|[from] Volt Switch
|-weather|RainDance|[from] ability: Drizzle|[of] p2a: Pelipper
|move|p1a: Le Fish|Waterfall|p2a: Pelipper
|-resisted|p2a: Pelipper
|-damage|p2a: Pelipper|13/100
|
|-weather|RainDance|[upkeep]
|upkeep
|turn|10
|
|t:|1760754506
|move|p1a: Le Fish|Waterfall|p2a: Pelipper
|-resisted|p2a: Pelipper
|-damage|p2a: Pelipper|0 fnt
|faint|p2a: Pelipper
|
|-weather|RainDance|[upkeep]
|upkeep
|
|t:|1760754511
|switch|p2a: Zapdos|Zapdos, shiny|100/100
|turn|11
|
|t:|1760754527
|move|p2a: Zapdos|Hurricane|p1a: Le Fish
|-damage|p1a: Le Fish|0 fnt
|faint|p1a: Le Fish
|
|-weather|RainDance|[upkeep]
|upkeep
|
|t:|1760754565
|switch|p1a: HeartAttackGiver|Dragapult, M|91/100
|turn|12
|inactive|Battle timer is ON: inactive players will automatically lose when time's up. (requested by ellieisapuppy)
|inactive|aaaaaaaaalec has 120 seconds left.
|
|t:|1760754616
|move|p1a: HeartAttackGiver|Sucker Punch|p2a: Zapdos
|-damage|p2a: Zapdos|58/100
|-damage|p1a: HeartAttackGiver|81/100|[from] item: Life Orb
|move|p2a: Zapdos|Hurricane|p1a: HeartAttackGiver
|-damage|p1a: HeartAttackGiver|0 fnt
|faint|p1a: HeartAttackGiver
|
|-weather|RainDance|[upkeep]
|upkeep
|
|t:|1760754632
|switch|p1a: Balls|Gliscor, F|100/100
|turn|13
|
|t:|1760754638
|move|p2a: Zapdos|Hurricane|p1a: Balls
|-damage|p1a: Balls|13/100
|move|p1a: Balls|Stealth Rock|p2a: Zapdos
|-sidestart|p2: ellieisapuppy|move: Stealth Rock
|
|-weather|RainDance|[upkeep]
|-status|p1a: Balls|tox|[from] item: Toxic Orb
|upkeep
|turn|14
|
|t:|1760754650
|move|p2a: Zapdos|Hurricane|p1a: Balls
|-damage|p1a: Balls|0 fnt
|faint|p1a: Balls
|
|-weather|RainDance|[upkeep]
|upkeep
|
|t:|1760754656
|switch|p1a: augh|Overqwil, M|100/100
|-ability|p1a: augh|Intimidate|boost
|-unboost|p2a: Zapdos|atk|1
|turn|15
|
|t:|1760754674
|move|p1a: augh|Aqua Jet|p2a: Zapdos
|-damage|p2a: Zapdos|37/100
|move|p2a: Zapdos|Hurricane|p1a: augh
|-damage|p1a: augh|17/100
|-start|p1a: augh|confusion
|
|-weather|RainDance|[upkeep]
|-heal|p1a: augh|23/100|[from] item: Leftovers
|upkeep
|turn|16
|
|t:|1760754690
|switch|p2a: Iron Treads|Iron Treads|94/100 brn
|-damage|p2a: Iron Treads|91/100 brn|[from] Stealth Rock
|-activate|p1a: augh|confusion
|-damage|p1a: augh|13/100|[from] confusion
|
|-weather|none
|-heal|p1a: augh|19/100|[from] item: Leftovers
|-damage|p2a: Iron Treads|85/100 brn|[from] brn
|upkeep
|turn|17
|
|t:|1760754700
|-end|p1a: augh|confusion
|move|p1a: augh|Aqua Jet|p2a: Iron Treads
|-supereffective|p2a: Iron Treads
|-damage|p2a: Iron Treads|70/100 brn
|move|p2a: Iron Treads|Rapid Spin|p1a: augh
|-damage|p1a: augh|13/100
|-boost|p2a: Iron Treads|spe|1
|-sideend|p2: ellieisapuppy|Stealth Rock|[from] move: Rapid Spin|[of] p2a: Iron Treads
|
|-heal|p1a: augh|19/100|[from] item: Leftovers
|-damage|p2a: Iron Treads|64/100 brn|[from] brn
|upkeep
|turn|18
|
|t:|1760754716
|move|p1a: augh|Aqua Jet|p2a: Iron Treads
|-supereffective|p2a: Iron Treads
|-damage|p2a: Iron Treads|46/100 brn
|move|p2a: Iron Treads|Earthquake|p1a: augh
|-supereffective|p1a: augh
|-damage|p1a: augh|0 fnt
|faint|p1a: augh
|
|-damage|p2a: Iron Treads|40/100 brn|[from] brn
|upkeep
|
|t:|1760754728
|switch|p1a: KFC|Blaziken, M|100/100
|turn|19
|
|t:|1760754738
|move|p2a: Iron Treads|Earthquake|p1a: KFC
|-supereffective|p1a: KFC
|-damage|p1a: KFC|33/100
|move|p1a: KFC|Blaze Kick|p2a: Iron Treads
|-supereffective|p2a: Iron Treads
|-crit|p2a: Iron Treads
|-damage|p2a: Iron Treads|0 fnt
|faint|p2a: Iron Treads
|-end|p2a: Iron Treads|Quark Drive|[silent]
|
|-ability|p1a: KFC|Speed Boost|boost
|-boost|p1a: KFC|spe|1
|upkeep
|
|t:|1760754744
|switch|p2a: Zapdos|Zapdos, shiny|37/100
|turn|20
|c|☆ellieisapuppy|gg
|
|t:|1760754764
|move|p2a: Zapdos|Volt Switch|p1a: KFC
|-damage|p1a: KFC|0 fnt
|faint|p1a: KFC
|
|win|ellieisapuppy
|raw|aaaaaaaaalec's rating: 1086 &rarr; <strong>1060</strong><br />(-26 for losing)
|raw|ellieisapuppy's rating: 1044 &rarr; <strong>1081</strong><br />(+37 for winning)
