|j|☆nighttwing
|j|☆fwefwevvew
|t:|1760798546
|gametype|singles
|player|p1|nighttwing|2|1244
|player|p2|fwefwevvew|101|1272
|gen|9
|tier|[Gen 9] OU
|rated|
|rule|HP Percentage Mod: HP is shown in percentages
|rule|Endless Battle Clause: Forcing endless battles is banned
|rule|Species Clause: Limit one of each Pokémon
|rule|OHKO Clause: OHKO moves are banned
|rule|Evasion Items Clause: Evasion items are banned
|rule|Evasion Moves Clause: Evasion moves are banned
|rule|Evasion Abilities Clause: Evasion abilities are banned
|rule|Sleep Moves Clause: Sleep-inducing moves are banned
|clearpoke
|poke|p1|Gliscor, F|
|poke|p1|Iron Valiant|
|poke|p1|Rillaboom, M|
|poke|p1|Iron Moth|
|poke|p1|Zoroark-Hisui, F|
|poke|p1|Blissey, F|
|poke|p2|Garganacl, F|
|poke|p2|Cloyster, F|
|poke|p2|Polteageist|
|poke|p2|Weezing-Galar, F|
|poke|p2|Blaziken, F|
|poke|p2|Donphan, L1, M|
|teampreview
|inactive|Battle timer is ON: inactive players will automatically lose when time's up. (requested by nighttwing)
|c|☆nighttwing|meow
|inactive|fwefwevvew has 120 seconds left.
|
|t:|1760798587
|teamsize|p1|6
|teamsize|p2|6
|start
|switch|p1a: Iron Moth|Iron Moth|100/100
|switch|p2a: Cloyster|Cloyster, F, shiny|100/100
|turn|1
|
|t:|1760798595
|move|p1a: Iron Moth|Focus Blast|p2a: Cloyster
|-supereffective|p2a: Cloyster
|-enditem|p2a: Cloyster|Focus Sash
|-damage|p2a: Cloyster|1/100
|move|p2a: Cloyster|Shell Smash|p2a: Cloyster
|-unboost|p2a: Cloyster|def|1
|-unboost|p2a: Cloyster|spd|1
|-boost|p2a: Cloyster|atk|2
|-boost|p2a: Cloyster|spa|2
|-boost|p2a: Cloyster|spe|2
|
|upkeep
|turn|2
|
|t:|1760798605
|move|p2a: Cloyster|Icicle Spear|p1a: Iron Moth
|-damage|p1a: Iron Moth|58/100
|replace|p1a: Zoroark|Zoroark-Hisui, F, shiny
|-end|p1a: Zoroark|Illusion
|-damage|p1a: Zoroark|13/100
|-damage|p1a: Zoroark|0 fnt
|faint|p1a: Zoroark
|-hitcount|p1: Zoroark|3
|
|upkeep
|
|t:|1760798617
|switch|p1a: Rillaboom|Rillaboom, M|100/100
|-fieldstart|move: Grassy Terrain|[from] ability: Grassy Surge|[of] p1a: Rillaboom
|turn|3
|
|t:|1760798622
|move|p1a: Rillaboom|Fake Out|p2a: Cloyster
|-damage|p2a: Cloyster|0 fnt
|faint|p2a: Cloyster
|
|upkeep
|
|t:|1760798627
|switch|p2a: Blaziken|Blaziken, F, shiny|100/100
|turn|4
|
|t:|1760798643
|move|p1a: Rillaboom|U-turn|p2a: Blaziken
|-resisted|p2a: Blaziken
|-damage|p2a: Blaziken|92/100
|
|t:|1760798648
|switch|p1a: Gliscor|Gliscor, F, shiny|100/100|[from] U-turn
|move|p2a: Blaziken|Swords Dance|p2a: Blaziken
|-boost|p2a: Blaziken|atk|2
|
|-heal|p2a: Blaziken|98/100|[from] Grassy Terrain
|-ability|p2a: Blaziken|Speed Boost|boost
|-boost|p2a: Blaziken|spe|1
|-status|p1a: Gliscor|tox|[from] item: Toxic Orb
|upkeep
|turn|5
|
|t:|1760798669
|move|p2a: Blaziken|Swords Dance|p2a: Blaziken
|-boost|p2a: Blaziken|atk|2
|move|p1a: Gliscor|Earthquake|p2a: Blaziken
|-supereffective|p2a: Blaziken
|-damage|p2a: Blaziken|40/100
|
|-heal|p2a: Blaziken|46/100|[from] Grassy Terrain
|-ability|p2a: Blaziken|Speed Boost|boost
|-boost|p2a: Blaziken|spe|1
|upkeep
|turn|6
|
|t:|1760798680
|move|p2a: Blaziken|Flare Blitz|p1a: Gliscor
|-damage|p1a: Gliscor|0 fnt
|faint|p1a: Gliscor
|-damage|p2a: Blaziken|14/100|[from] Recoil
|
|-heal|p2a: Blaziken|20/100|[from] Grassy Terrain
|-ability|p2a: Blaziken|Speed Boost|boost
|-boost|p2a: Blaziken|spe|1
|upkeep
|
|t:|1760798689
|switch|p1a: Rillaboom|Rillaboom, M|100/100
|turn|7
|
|t:|1760798693
|move|p2a: Blaziken|Upper Hand|p1a: Rillaboom
|-damage|p1a: Rillaboom|0 fnt
|faint|p1a: Rillaboom
|
|-heal|p2a: Blaziken|26/100|[from] Grassy Terrain
|-fieldend|move: Grassy Terrain
|-ability|p2a: Blaziken|Speed Boost|boost
|-boost|p2a: Blaziken|spe|1
|upkeep
|
|t:|1760798701
|switch|p1a: Iron Valiant|Iron Valiant|100/100
|turn|8
|
|t:|1760798705
|move|p1a: Iron Valiant|Shadow Sneak|p2a: Blaziken
|-damage|p2a: Blaziken|0 fnt
|faint|p2a: Blaziken
|-damage|p1a: Iron Valiant|90/100|[from] item: Life Orb
|
|upkeep
|
|t:|1760798717
|switch|p2a: Donphan|Donphan, L1, M, shiny|100/100
|turn|9
|c|☆nighttwing|!dex upper hand
|c| nighttwing|/raw <ul class="utilichart"><li class="result"><span class="col movenamecol"><a href="https://dex.pokemonshowdown.com/moves/upperhand">Upper Hand</a></span> <span class="col typecol"><img src="//play.pokemonshowdown.com/sprites/types/Fighting.png" alt="Fighting" width="32" height="14"><img src="//play.pokemonshowdown.com/sprites/categories/Physical.png" alt="Physical" width="32" height="14"></span> <span class="col labelcol"><em>Power</em><br>65</span> <span class="col widelabelcol"><em>Accuracy</em><br>100%</span> <span class="col pplabelcol"><em>PP</em><br>24</span> <span class="col movedesccol">100% flinch. Fails unless target using priority.</span> </li><li style="clear:both"></li></ul>

|
|t:|1760798733
|move|p1a: Iron Valiant|Close Combat|p2a: Donphan
|-ability|p2a: Donphan|Sturdy
|-damage|p2a: Donphan|8/100
|-unboost|p1a: Iron Valiant|def|1
|-unboost|p1a: Iron Valiant|spd|1
|-damage|p1a: Iron Valiant|80/100|[from] item: Life Orb
|move|p2a: Donphan|Endeavor|p1a: Iron Valiant
|-damage|p1a: Iron Valiant|1/100
|-heal|p2a: Donphan|100/100|[from] item: Shell Bell|[of] p1a: Iron Valiant
|
|upkeep
|turn|10
|
|t:|1760798750
|move|p1a: Iron Valiant|Shadow Sneak|p2a: Donphan
|-ability|p2a: Donphan|Sturdy
|-damage|p2a: Donphan|8/100
|-damage|p1a: Iron Valiant|0 fnt|[from] item: Life Orb
|faint|p1a: Iron Valiant
|-end|p1a: Iron Valiant|Quark Drive|[silent]
|move|p2a: Donphan|Ice Shard|p1: Iron Valiant|[notarget]
|-fail|p2a: Donphan
|
|upkeep
|
|t:|1760798758
|switch|p1a: Iron Moth|Iron Moth|100/100
|-enditem|p1a: Iron Moth|Booster Energy
|-activate|p1a: Iron Moth|ability: Quark Drive|[fromitem]
|-start|p1a: Iron Moth|quarkdrivespe
|turn|11
|
|t:|1760798764
|move|p1a: Iron Moth|Fiery Dance|p2a: Donphan
|-damage|p2a: Donphan|0 fnt
|-boost|p1a: Iron Moth|spa|1
|faint|p2a: Donphan
|
|upkeep
|
|t:|1760798766
|switch|p2a: Garganacl|Garganacl, F, shiny|100/100
|turn|12
|
|t:|1760798777
|-terastallize|p1a: Iron Moth|Flying
|move|p1a: Iron Moth|Dazzling Gleam|p2a: Garganacl
|-damage|p2a: Garganacl|74/100
|move|p2a: Garganacl|Salt Cure|p1a: Iron Moth
|-supereffective|p1a: Iron Moth
|-crit|p1a: Iron Moth
|-damage|p1a: Iron Moth|32/100
|-start|p1a: Iron Moth|Salt Cure
|
|-heal|p2a: Garganacl|81/100|[from] item: Leftovers
|-damage|p1a: Iron Moth|20/100|[from] Salt Cure
|upkeep
|turn|13
|
|t:|1760798787
|move|p1a: Iron Moth|Fiery Dance|p2a: Garganacl
|-resisted|p2a: Garganacl
|-damage|p2a: Garganacl|63/100
|-boost|p1a: Iron Moth|spa|1
|move|p2a: Garganacl|Recover|p2a: Garganacl
|-heal|p2a: Garganacl|100/100
|
|-damage|p1a: Iron Moth|7/100|[from] Salt Cure
|upkeep
|turn|14
|
|t:|1760798796
|-end|p1a: Iron Moth|Quark Drive|[silent]
|switch|p1a: Blissey|Blissey, F|100/100
|move|p2a: Garganacl|Recover||[still]
|-fail|p2a: Garganacl|heal
|
|upkeep
|turn|15
|
|t:|1760798802
|move|p1a: Blissey|Thunder Wave|p2a: Garganacl
|-immune|p2a: Garganacl|[from] ability: Purifying Salt
|move|p2a: Garganacl|Salt Cure|p1a: Blissey
|-damage|p1a: Blissey|74/100
|-start|p1a: Blissey|Salt Cure
|
|-heal|p1a: Blissey|80/100|[from] item: Leftovers
|-damage|p1a: Blissey|68/100|[from] Salt Cure
|upkeep
|turn|16
|
|t:|1760798813
|move|p1a: Blissey|Soft-Boiled|p1a: Blissey
|-heal|p1a: Blissey|100/100
|move|p2a: Garganacl|Block|p1a: Blissey
|-activate|p1a: Blissey|trapped
|
|-damage|p1a: Blissey|88/100|[from] Salt Cure
|upkeep
|turn|17
|
|t:|1760798818
|move|p1a: Blissey|Seismic Toss|p2a: Garganacl
|-damage|p2a: Garganacl|76/100
|move|p2a: Garganacl|Curse|p2a: Garganacl
|-unboost|p2a: Garganacl|spe|1
|-boost|p2a: Garganacl|atk|1
|-boost|p2a: Garganacl|def|1
|
|-heal|p1a: Blissey|94/100|[from] item: Leftovers
|-heal|p2a: Garganacl|82/100|[from] item: Leftovers
|-damage|p1a: Blissey|82/100|[from] Salt Cure
|upkeep
|turn|18
|
|t:|1760798828
|move|p1a: Blissey|Seismic Toss|p2a: Garganacl
|-damage|p2a: Garganacl|57/100
|move|p2a: Garganacl|Curse|p2a: Garganacl
|-unboost|p2a: Garganacl|spe|1
|-boost|p2a: Garganacl|atk|1
|-boost|p2a: Garganacl|def|1
|
|-heal|p1a: Blissey|88/100|[from] item: Leftovers
|-heal|p2a: Garganacl|63/100|[from] item: Leftovers
|-damage|p1a: Blissey|75/100|[from] Salt Cure
|upkeep
|turn|19
|
|t:|1760798838
|move|p1a: Blissey|Soft-Boiled|p1a: Blissey
|-heal|p1a: Blissey|100/100
|move|p2a: Garganacl|Curse|p2a: Garganacl
|-unboost|p2a: Garganacl|spe|1
|-boost|p2a: Garganacl|atk|1
|-boost|p2a: Garganacl|def|1
|
|-heal|p2a: Garganacl|69/100|[from] item: Leftovers
|-damage|p1a: Blissey|88/100|[from] Salt Cure
|upkeep
|turn|20
|
|t:|1760798848
|move|p1a: Blissey|Seismic Toss|p2a: Garganacl
|-damage|p2a: Garganacl|45/100
|move|p2a: Garganacl|Curse|p2a: Garganacl
|-unboost|p2a: Garganacl|spe|1
|-boost|p2a: Garganacl|atk|1
|-boost|p2a: Garganacl|def|1
|
|-heal|p1a: Blissey|94/100|[from] item: Leftovers
|-heal|p2a: Garganacl|51/100|[from] item: Leftovers
|-damage|p1a: Blissey|82/100|[from] Salt Cure
|upkeep
|turn|21
|
|t:|1760798860
|move|p1a: Blissey|Seismic Toss|p2a: Garganacl
|-damage|p2a: Garganacl|26/100
|move|p2a: Garganacl|Recover|p2a: Garganacl
|-heal|p2a: Garganacl|76/100
|
|-heal|p1a: Blissey|88/100|[from] item: Leftovers
|-heal|p2a: Garganacl|82/100|[from] item: Leftovers
|-damage|p1a: Blissey|75/100|[from] Salt Cure
|upkeep
|turn|22
|
|t:|1760798868
|move|p1a: Blissey|Seismic Toss|p2a: Garganacl
|-damage|p2a: Garganacl|58/100
|move|p2a: Garganacl|Curse|p2a: Garganacl
|-unboost|p2a: Garganacl|spe|1
|-boost|p2a: Garganacl|atk|1
|-boost|p2a: Garganacl|def|1
|
|-heal|p1a: Blissey|82/100|[from] item: Leftovers
|-heal|p2a: Garganacl|64/100|[from] item: Leftovers
|-damage|p1a: Blissey|69/100|[from] Salt Cure
|upkeep
|turn|23
|
|t:|1760798878
|move|p1a: Blissey|Seismic Toss|p2a: Garganacl
|-damage|p2a: Garganacl|39/100
|move|p2a: Garganacl|Curse|p2a: Garganacl
|-unboost|p2a: Garganacl|spe|1
|-boost|p2a: Garganacl|atk|1
|-boost|p2a: Garganacl|def|1
|
|-heal|p1a: Blissey|75/100|[from] item: Leftovers
|-heal|p2a: Garganacl|45/100|[from] item: Leftovers
|-damage|p1a: Blissey|63/100|[from] Salt Cure
|upkeep
|turn|24
|
|t:|1760798888
|move|p1a: Blissey|Seismic Toss|p2a: Garganacl
|-damage|p2a: Garganacl|20/100
|move|p2a: Garganacl|Recover|p2a: Garganacl
|-heal|p2a: Garganacl|70/100
|
|-heal|p1a: Blissey|69/100|[from] item: Leftovers
|-heal|p2a: Garganacl|77/100|[from] item: Leftovers
|-damage|p1a: Blissey|57/100|[from] Salt Cure
|upkeep
|turn|25
|
|t:|1760798897
|move|p1a: Blissey|Seismic Toss|p2a: Garganacl
|-damage|p2a: Garganacl|52/100
|move|p2a: Garganacl|Salt Cure|p1a: Blissey
|-damage|p1a: Blissey|0 fnt
|faint|p1a: Blissey
|
|-heal|p2a: Garganacl|58/100|[from] item: Leftovers
|upkeep
|
|t:|1760798905
|switch|p1a: Iron Moth|Iron Moth, tera:Flying|7/100
|turn|26
|
|t:|1760798908
|move|p1a: Iron Moth|Air Slash|p2a: Garganacl
|-resisted|p2a: Garganacl
|-damage|p2a: Garganacl|45/100
|move|p2a: Garganacl|Salt Cure|p1a: Iron Moth
|-supereffective|p1a: Iron Moth
|-damage|p1a: Iron Moth|0 fnt
|faint|p1a: Iron Moth
|-end|p1a: Iron Moth|Quark Drive|[silent]
|
|win|fwefwevvew
|raw|nighttwing's rating: 1244 &rarr; <strong>1221</strong><br />(-23 for losing)
|raw|fwefwevvew's rating: 1272 &rarr; <strong>1295</strong><br />(+23 for winning)
|l|☆nighttwing
|player|p1|
|l|☆fwefwevvew
|player|p2|
