|j|☆Nevitchen
|j|☆DarkOkto
|t:|1760825412
|gametype|singles
|player|p1|Nevitchen|2|
|player|p2|DarkOkto|nate-masters|
|gen|9
|tier|[Gen 9] OU
|rule|HP Percentage Mod: HP is shown in percentages
|rule|Endless Battle Clause: Forcing endless battles is banned
|rule|Species Clause: Limit one of each Pokémon
|rule|OHKO Clause: OHKO moves are banned
|rule|Evasion Items Clause: Evasion items are banned
|rule|Evasion Moves Clause: Evasion moves are banned
|rule|Evasion Abilities Clause: Evasion abilities are banned
|rule|Sleep Moves Clause: Sleep-inducing moves are banned
|clearpoke
|poke|p1|Tyranitar, F|
|poke|p1|Gholdengo|
|poke|p1|Zamazenta-*|
|poke|p1|Rillaboom, F|
|poke|p1|Garchomp, F|
|poke|p1|Zapdos|
|poke|p2|Moltres|
|poke|p2|Zamazenta-*|
|poke|p2|Darkrai|
|poke|p2|Hydrapple, M|
|poke|p2|Ting-Lu|
|poke|p2|Tinkaton, F|
|teampreview
|inactive|Battle timer is ON: inactive players will automatically lose when time's up. (requested by DarkOkto)
|inactive|Nevitchen has 270 seconds left.
|inactive|DarkOkto has 270 seconds left.
|inactiveoff|Battle timer is now OFF.
|
|t:|1760825511
|teamsize|p1|6
|teamsize|p2|6
|start
|switch|p1a: Garchomp|Garchomp, F|100/100
|switch|p2a: Tinkaton|Tinkaton, F|100/100
|-ability|p2a: Tinkaton|Mold Breaker
|-item|p2a: Tinkaton|Air Balloon
|turn|1
|
|t:|1760825527
|switch|p1a: Zamazenta|Zamazenta|100/100
|-ability|p1a: Zamazenta|Dauntless Shield|boost
|-boost|p1a: Zamazenta|def|1
|move|p2a: Tinkaton|Stealth Rock|p1a: Zamazenta
|-sidestart|p1: Nevitchen|move: Stealth Rock
|
|upkeep
|turn|2
|
|t:|1760825537
|move|p1a: Zamazenta|Close Combat|p2a: Tinkaton
|-damage|p2a: Tinkaton|28/100
|-unboost|p1a: Zamazenta|def|1
|-unboost|p1a: Zamazenta|spd|1
|-enditem|p2a: Tinkaton|Air Balloon
|move|p2a: Tinkaton|Thunder Wave|p1a: Zamazenta
|-status|p1a: Zamazenta|par
|
|upkeep
|turn|3
|
|t:|1760825553
|move|p2a: Tinkaton|Gigaton Hammer|p1a: Zamazenta
|-damage|p1a: Zamazenta|60/100 par
|move|p1a: Zamazenta|Close Combat|p2a: Tinkaton
|-damage|p2a: Tinkaton|0 fnt
|-unboost|p1a: Zamazenta|def|1
|-unboost|p1a: Zamazenta|spd|1
|faint|p2a: Tinkaton
|
|upkeep
|
|t:|1760825602
|switch|p2a: Hydrapple|Hydrapple, M|100/100
|turn|4
|
|t:|1760825623
|move|p2a: Hydrapple|Fickle Beam|p1a: Zamazenta|[anim] Fickle Beam All Out
|-activate|p2a: Hydrapple|move: Fickle Beam
|-damage|p1a: Zamazenta|0 fnt
|faint|p1a: Zamazenta
|
|upkeep
|
|t:|1760825653
|switch|p1a: Zapdos|Zapdos|100/100
|turn|5
|
|t:|1760825664
|switch|p2a: Ting-Lu|Ting-Lu|100/100
|-ability|p2a: Ting-Lu|Vessel of Ruin
|move|p1a: Zapdos|Hurricane|p2a: Ting-Lu|[miss]
|-miss|p1a: Zapdos|p2a: Ting-Lu
|
|upkeep
|turn|6
|
|t:|1760825686
|switch|p1a: Rillaboom|Rillaboom, F|100/100
|-fieldstart|move: Grassy Terrain|[from] ability: Grassy Surge|[of] p1a: Rillaboom
|move|p2a: Ting-Lu|Spikes|p1a: Rillaboom
|-sidestart|p1: Nevitchen|Spikes
|
|upkeep
|turn|7
|
|t:|1760825709
|switch|p2a: Moltres|Moltres|100/100
|move|p1a: Rillaboom|U-turn|p2a: Moltres
|-resisted|p2a: Moltres
|-damage|p2a: Moltres|96/100
|
|t:|1760825744
|switch|p1a: Tyranitar|Tyranitar, F|100/100|[from] U-turn
|-weather|Sandstorm|[from] ability: Sand Stream|[of] p1a: Tyranitar
|
|-weather|Sandstorm|[upkeep]
|-damage|p2a: Moltres|90/100|[from] Sandstorm
|upkeep
|turn|8
|
|t:|1760825756
|switch|p2a: Ting-Lu|Ting-Lu|100/100
|-ability|p2a: Ting-Lu|Vessel of Ruin
|move|p1a: Tyranitar|Low Kick|p2a: Ting-Lu
|-supereffective|p2a: Ting-Lu
|-damage|p2a: Ting-Lu|53/100
|
|-weather|Sandstorm|[upkeep]
|-heal|p2a: Ting-Lu|59/100|[from] Grassy Terrain
|-heal|p2a: Ting-Lu|65/100|[from] item: Leftovers
|upkeep
|turn|9
|
|t:|1760825777
|switch|p1a: Rillaboom|Rillaboom, F|100/100
|switch|p2a: Zamazenta|Zamazenta|100/100
|-ability|p2a: Zamazenta|Dauntless Shield|boost
|-boost|p2a: Zamazenta|def|1
|
|-weather|Sandstorm|[upkeep]
|-damage|p2a: Zamazenta|94/100|[from] Sandstorm
|-damage|p1a: Rillaboom|94/100|[from] Sandstorm
|-heal|p2a: Zamazenta|100/100|[from] Grassy Terrain
|-heal|p1a: Rillaboom|100/100|[from] Grassy Terrain
|upkeep
|turn|10
|
|t:|1760825800
|move|p2a: Zamazenta|Ice Fang|p1a: Rillaboom
|-supereffective|p1a: Rillaboom
|-damage|p1a: Rillaboom|54/100
|move|p1a: Rillaboom|Knock Off|p2a: Zamazenta
|-resisted|p2a: Zamazenta
|-damage|p2a: Zamazenta|89/100
|-enditem|p2a: Zamazenta|Heavy-Duty Boots|[from] move: Knock Off|[of] p1a: Rillaboom
|
|-weather|Sandstorm|[upkeep]
|-damage|p2a: Zamazenta|83/100|[from] Sandstorm
|-damage|p1a: Rillaboom|48/100|[from] Sandstorm
|-heal|p2a: Zamazenta|89/100|[from] Grassy Terrain
|-heal|p1a: Rillaboom|54/100|[from] Grassy Terrain
|-fieldend|move: Grassy Terrain
|upkeep
|turn|11
|
|t:|1760825809
|switch|p1a: Zapdos|Zapdos|100/100
|move|p2a: Zamazenta|Close Combat|p1a: Zapdos
|-resisted|p1a: Zapdos
|-damage|p1a: Zapdos|66/100
|-unboost|p2a: Zamazenta|def|1
|-unboost|p2a: Zamazenta|spd|1
|
|-weather|none
|upkeep
|turn|12
|
|t:|1760825832
|move|p2a: Zamazenta|Stone Edge|p1a: Zapdos|[miss]
|-miss|p2a: Zamazenta|p1a: Zapdos
|move|p1a: Zapdos|Hurricane|p2a: Zamazenta
|-supereffective|p2a: Zamazenta
|-damage|p2a: Zamazenta|0 fnt
|faint|p2a: Zamazenta
|
|upkeep
|
|t:|1760825840
|switch|p2a: Ting-Lu|Ting-Lu|65/100
|-ability|p2a: Ting-Lu|Vessel of Ruin
|turn|13
|
|t:|1760825859
|switch|p1a: Rillaboom|Rillaboom, F|54/100
|-fieldstart|move: Grassy Terrain|[from] ability: Grassy Surge|[of] p1a: Rillaboom
|move|p2a: Ting-Lu|Ruination|p1a: Rillaboom
|-damage|p1a: Rillaboom|27/100
|
|-heal|p1a: Rillaboom|34/100|[from] Grassy Terrain
|-heal|p2a: Ting-Lu|71/100|[from] Grassy Terrain
|-heal|p2a: Ting-Lu|77/100|[from] item: Leftovers
|upkeep
|turn|14
|
|t:|1760825867
|switch|p2a: Hydrapple|Hydrapple, M|100/100
|move|p1a: Rillaboom|Wood Hammer|p2a: Hydrapple
|-resisted|p2a: Hydrapple
|-crit|p2a: Hydrapple
|-damage|p2a: Hydrapple|82/100
|-damage|p1a: Rillaboom|26/100|[from] Recoil
|
|-heal|p1a: Rillaboom|32/100|[from] Grassy Terrain
|-heal|p2a: Hydrapple|88/100|[from] Grassy Terrain
|upkeep
|turn|15
|
|t:|1760825883
|switch|p1a: Garchomp|Garchomp, F|100/100
|-damage|p1a: Garchomp|94/100|[from] Stealth Rock
|-damage|p1a: Garchomp|82/100|[from] Spikes
|move|p2a: Hydrapple|Nasty Plot|p2a: Hydrapple
|-boost|p2a: Hydrapple|spa|2
|
|-heal|p1a: Garchomp|88/100|[from] Grassy Terrain
|-heal|p2a: Hydrapple|94/100|[from] Grassy Terrain
|upkeep
|turn|16
|
|t:|1760825892
|switch|p2a: Ting-Lu|Ting-Lu|77/100
|-ability|p2a: Ting-Lu|Vessel of Ruin
|move|p1a: Garchomp|Dragon Tail|p2a: Ting-Lu
|-damage|p2a: Ting-Lu|63/100
|drag|p2a: Hydrapple|Hydrapple, M|100/100
|
|-heal|p1a: Garchomp|94/100|[from] Grassy Terrain
|upkeep
|turn|17
|
|t:|1760825904
|move|p2a: Hydrapple|Fickle Beam|p1a: Garchomp
|-supereffective|p1a: Garchomp
|-damage|p1a: Garchomp|32/100
|move|p1a: Garchomp|Dragon Tail|p2a: Hydrapple
|-supereffective|p2a: Hydrapple
|-damage|p2a: Hydrapple|71/100
|drag|p2a: Ting-Lu|Ting-Lu|63/100
|-ability|p2a: Ting-Lu|Vessel of Ruin
|
|-heal|p1a: Garchomp|38/100|[from] Grassy Terrain
|-heal|p2a: Ting-Lu|70/100|[from] Grassy Terrain
|-heal|p2a: Ting-Lu|76/100|[from] item: Leftovers
|-fieldend|move: Grassy Terrain
|upkeep
|turn|18
|
|t:|1760825939
|move|p2a: Ting-Lu|Earthquake|p1a: Garchomp
|-damage|p1a: Garchomp|15/100
|move|p1a: Garchomp|Dragon Tail|p2a: Ting-Lu
|-damage|p2a: Ting-Lu|62/100
|drag|p2a: Hydrapple|Hydrapple, M|100/100
|
|upkeep
|turn|19
|
|t:|1760825954
|move|p1a: Garchomp|Stealth Rock|p2a: Hydrapple
|-sidestart|p2: DarkOkto|move: Stealth Rock
|move|p2a: Hydrapple|Fickle Beam|p1a: Garchomp
|-supereffective|p1a: Garchomp
|-damage|p1a: Garchomp|0 fnt
|faint|p1a: Garchomp
|
|upkeep
|
|t:|1760825968
|switch|p1a: Gholdengo|Gholdengo|100/100
|-damage|p1a: Gholdengo|94/100|[from] Stealth Rock
|-item|p1a: Gholdengo|Air Balloon
|turn|20
|
|t:|1760826036
|move|p1a: Gholdengo|Thunder Wave|p2a: Hydrapple
|-status|p2a: Hydrapple|par
|cant|p2a: Hydrapple|par
|
|upkeep
|turn|21
|
|t:|1760826043
|move|p1a: Gholdengo|Make It Rain|p2a: Hydrapple
|-damage|p2a: Hydrapple|52/100 par
|-unboost|p1a: Gholdengo|spa|1
|move|p2a: Hydrapple|Fickle Beam|p1a: Gholdengo|[anim] Fickle Beam All Out
|-activate|p2a: Hydrapple|move: Fickle Beam
|-resisted|p1a: Gholdengo
|-damage|p1a: Gholdengo|63/100
|-enditem|p1a: Gholdengo|Air Balloon
|
|upkeep
|turn|22
|
|t:|1760826057
|switch|p2a: Ting-Lu|Ting-Lu|62/100
|-damage|p2a: Ting-Lu|55/100|[from] Stealth Rock
|-ability|p2a: Ting-Lu|Vessel of Ruin
|move|p1a: Gholdengo|Make It Rain|p2a: Ting-Lu
|-damage|p2a: Ting-Lu|41/100
|-unboost|p1a: Gholdengo|spa|1
|
|-heal|p2a: Ting-Lu|47/100|[from] item: Leftovers
|upkeep
|turn|23
|
|t:|1760826091
|move|p1a: Gholdengo|Hex|p2a: Ting-Lu
|-resisted|p2a: Ting-Lu
|-damage|p2a: Ting-Lu|44/100
|move|p2a: Ting-Lu|Whirlwind|p1a: Gholdengo
|-immune|p1a: Gholdengo|[from] ability: Good as Gold
|
|-heal|p2a: Ting-Lu|51/100|[from] item: Leftovers
|upkeep
|turn|24
|
|t:|1760826101
|switch|p1a: Rillaboom|Rillaboom, F|32/100
|-fieldstart|move: Grassy Terrain|[from] ability: Grassy Surge|[of] p1a: Rillaboom
|move|p2a: Ting-Lu|Earthquake|p1a: Rillaboom
|-resisted|p1a: Rillaboom
|-damage|p1a: Rillaboom|22/100
|
|-heal|p1a: Rillaboom|28/100|[from] Grassy Terrain
|-heal|p2a: Ting-Lu|57/100|[from] Grassy Terrain
|-heal|p2a: Ting-Lu|63/100|[from] item: Leftovers
|upkeep
|turn|25
|
|t:|1760826113
|switch|p2a: Moltres|Moltres|90/100
|move|p1a: Rillaboom|Wood Hammer|p2a: Moltres
|-resisted|p2a: Moltres
|-damage|p2a: Moltres|75/100
|-damage|p1a: Rillaboom|22/100|[from] Recoil
|
|-heal|p1a: Rillaboom|28/100|[from] Grassy Terrain
|upkeep
|turn|26
|
|t:|1760826128
|switch|p1a: Tyranitar|Tyranitar, F|100/100
|-weather|Sandstorm|[from] ability: Sand Stream|[of] p1a: Tyranitar
|move|p2a: Moltres|Flamethrower|p1a: Tyranitar
|-resisted|p1a: Tyranitar
|-damage|p1a: Tyranitar|89/100
|
|-weather|Sandstorm|[upkeep]
|-damage|p2a: Moltres|69/100|[from] Sandstorm
|-heal|p1a: Tyranitar|95/100|[from] Grassy Terrain
|upkeep
|turn|27
|
|t:|1760826150
|-terastallize|p2a: Moltres|Grass
|move|p1a: Tyranitar|Low Kick|p2a: Moltres
|-damage|p2a: Moltres|49/100
|move|p2a: Moltres|Roost|p2a: Moltres
|-heal|p2a: Moltres|99/100
|
|-weather|Sandstorm|[upkeep]
|-damage|p2a: Moltres|93/100|[from] Sandstorm
|-heal|p1a: Tyranitar|100/100|[from] Grassy Terrain
|-heal|p2a: Moltres|99/100|[from] Grassy Terrain
|upkeep
|turn|28
|
|t:|1760826192
|-terastallize|p1a: Tyranitar|Fighting
|move|p1a: Tyranitar|Low Kick|p2a: Moltres
|-damage|p2a: Moltres|73/100
|move|p2a: Moltres|U-turn|p1a: Tyranitar
|-resisted|p1a: Tyranitar
|-damage|p1a: Tyranitar|93/100
|
|t:|1760826261
|switch|p2a: Hydrapple|Hydrapple, M|86/100 par|[from] U-turn
|
|-weather|Sandstorm|[upkeep]
|-damage|p1a: Tyranitar|87/100|[from] Sandstorm
|-damage|p2a: Hydrapple|80/100 par|[from] Sandstorm
|-heal|p1a: Tyranitar|93/100|[from] Grassy Terrain
|-heal|p2a: Hydrapple|86/100 par|[from] Grassy Terrain
|-fieldend|move: Grassy Terrain
|upkeep
|turn|29
|
|t:|1760826282
|move|p1a: Tyranitar|Ice Punch|p2a: Hydrapple
|-supereffective|p2a: Hydrapple
|-damage|p2a: Hydrapple|23/100 par
|cant|p2a: Hydrapple|par
|
|-weather|Sandstorm|[upkeep]
|-damage|p1a: Tyranitar|87/100|[from] Sandstorm
|-damage|p2a: Hydrapple|17/100 par|[from] Sandstorm
|upkeep
|turn|30
|
|t:|1760826293
|switch|p2a: Moltres|Moltres, tera:Grass|73/100
|move|p1a: Tyranitar|Ice Punch|p2a: Moltres
|-supereffective|p2a: Moltres
|-crit|p2a: Moltres
|-damage|p2a: Moltres|19/100
|
|-weather|none
|upkeep
|turn|31
|
|t:|1760826304
|move|p1a: Tyranitar|Low Kick|p2a: Moltres
|-damage|p2a: Moltres|0 fnt
|faint|p2a: Moltres
|
|upkeep
|
|t:|1760826329
|switch|p2a: Ting-Lu|Ting-Lu|63/100
|-damage|p2a: Ting-Lu|57/100|[from] Stealth Rock
|-ability|p2a: Ting-Lu|Vessel of Ruin
|turn|32
|
|t:|1760826333
|move|p1a: Tyranitar|Low Kick|p2a: Ting-Lu
|-supereffective|p2a: Ting-Lu
|-damage|p2a: Ting-Lu|0 fnt
|faint|p2a: Ting-Lu
|
|upkeep
|
|t:|1760826337
|switch|p2a: Darkrai|Darkrai|100/100
|turn|33
|
|t:|1760826348
|move|p2a: Darkrai|Dark Pulse|p1a: Tyranitar
|-resisted|p1a: Tyranitar
|-damage|p1a: Tyranitar|66/100
|move|p1a: Tyranitar|Low Kick|p2a: Darkrai
|-supereffective|p2a: Darkrai
|-damage|p2a: Darkrai|0 fnt
|faint|p2a: Darkrai
|
|upkeep
|
|t:|1760826353
|switch|p2a: Hydrapple|Hydrapple, M|50/100 par
|turn|34
|
|t:|1760826362
|move|p1a: Tyranitar|Ice Punch|p2a: Hydrapple
|-supereffective|p2a: Hydrapple
|-damage|p2a: Hydrapple|0 fnt
|faint|p2a: Hydrapple
|
|win|Nevitchen
|l|☆Nevitchen
|player|p1|
