|j|☆mf_salvador
|j|☆boogerstastegood
|inactive|Battle timer is ON: inactive players will automatically lose when time's up.
|t:|1760729714
|gametype|singles
|player|p1|mf_salvador|flannery|
|player|p2|boogerstastegood|giovanni|
|gen|9
|tier|[Gen 9] OU
|rated|Tournament battle
|rule|HP Percentage Mod: HP is shown in percentages
|rule|Endless Battle Clause: Forcing endless battles is banned
|rule|Species Clause: Limit one of each Pokémon
|rule|OHKO Clause: OHKO moves are banned
|rule|Evasion Items Clause: Evasion items are banned
|rule|Evasion Moves Clause: Evasion moves are banned
|rule|Evasion Abilities Clause: Evasion abilities are banned
|rule|Sleep Moves Clause: Sleep-inducing moves are banned
|raw|<div class="infobox"><details class="readmore" open><summary><strong>1 custom rule:</strong></summary> -wobbuffet</details></div>
|clearpoke
|poke|p1|Munchlax, M|
|poke|p1|Clodsire, M|
|poke|p1|Hydreigon, M|
|poke|p2|Golduck, F|
|poke|p2|Ludicolo, M|
|poke|p2|Stunky, F|
|teampreview
|j|*Lady Monita ☀
|inactive|mf_salvador also wants the timer to be on.
|inactive|boogerstastegood also wants the timer to be on.
|c|☆mf_salvador|glhf
|
|t:|1760729734
|teamsize|p1|3
|teamsize|p2|3
|start
|switch|p1a: Clodsire|Clodsire, M|100/100
|switch|p2a: Stunky|Stunky, F|100/100
|turn|1
|
|t:|1760729741
|move|p2a: Stunky|Rain Dance|p2a: Stunky
|-weather|RainDance
|move|p1a: Clodsire|Earthquake|p2a: Stunky
|-supereffective|p2a: Stunky
|-crit|p2a: Stunky
|-damage|p2a: Stunky|0 fnt
|faint|p2a: Stunky
|
|-weather|RainDance|[upkeep]
|upkeep
|
|t:|1760729746
|switch|p2a: Golduck|Golduck, F|100/100
|turn|2
|
|t:|1760729752
|-terastallize|p1a: Clodsire|Steel
|move|p2a: Golduck|Nasty Plot|p2a: Golduck
|-boost|p2a: Golduck|spa|2
|move|p1a: Clodsire|Toxic|p2a: Golduck|[miss]
|-miss|p1a: Clodsire|p2a: Golduck
|
|-weather|RainDance|[upkeep]
|upkeep
|turn|3
|
|t:|1760729758
|move|p2a: Golduck|Hydro Pump|p1a: Clodsire|[miss]
|-miss|p2a: Golduck|p1a: Clodsire
|move|p1a: Clodsire|Toxic|p2a: Golduck
|-status|p2a: Golduck|tox
|
|-weather|RainDance|[upkeep]
|-damage|p2a: Golduck|95/100 tox|[from] psn
|upkeep
|turn|4
|
|t:|1760729761
|move|p2a: Golduck|Hydro Pump|p1a: Clodsire
|-damage|p1a: Clodsire|48/100
|-damage|p2a: Golduck|85/100 tox|[from] item: Life Orb
|move|p1a: Clodsire|Amnesia|p1a: Clodsire
|-boost|p1a: Clodsire|spd|2
|
|-weather|RainDance|[upkeep]
|-damage|p2a: Golduck|73/100 tox|[from] psn
|upkeep
|turn|5
|
|t:|1760729768
|move|p2a: Golduck|Nasty Plot|p2a: Golduck
|-boost|p2a: Golduck|spa|2
|move|p1a: Clodsire|Recover|p1a: Clodsire
|-heal|p1a: Clodsire|98/100
|
|-weather|RainDance|[upkeep]
|-damage|p2a: Golduck|55/100 tox|[from] psn
|upkeep
|turn|6
|
|t:|1760729772
|move|p2a: Golduck|Hydro Pump|p1a: Clodsire
|-damage|p1a: Clodsire|74/100
|-damage|p2a: Golduck|45/100 tox|[from] item: Life Orb
|move|p1a: Clodsire|Amnesia|p1a: Clodsire
|-boost|p1a: Clodsire|spd|2
|
|-weather|RainDance|[upkeep]
|-damage|p2a: Golduck|21/100 tox|[from] psn
|upkeep
|turn|7
|
|t:|1760729780
|move|p2a: Golduck|Hydro Pump|p1a: Clodsire
|-damage|p1a: Clodsire|57/100
|-damage|p2a: Golduck|11/100 tox|[from] item: Life Orb
|move|p1a: Clodsire|Amnesia|p1a: Clodsire
|-boost|p1a: Clodsire|spd|2
|
|-weather|RainDance|[upkeep]
|-damage|p2a: Golduck|0 fnt|[from] psn
|faint|p2a: Golduck
|upkeep
|
|t:|1760729783
|switch|p2a: Ludicolo|Ludicolo, M|100/100
|turn|8
|
|t:|1760729786
|-terastallize|p2a: Ludicolo|Water
|move|p2a: Ludicolo|Weather Ball|p1a: Clodsire
|-damage|p1a: Clodsire|41/100
|-damage|p2a: Ludicolo|91/100|[from] item: Life Orb
|move|p1a: Clodsire|Toxic|p2a: Ludicolo
|-status|p2a: Ludicolo|tox
|
|-weather|none
|-damage|p2a: Ludicolo|85/100 tox|[from] psn
|upkeep
|turn|9
|
|t:|1760729792
|move|p2a: Ludicolo|Rain Dance|p2a: Ludicolo
|-weather|RainDance
|move|p1a: Clodsire|Recover|p1a: Clodsire
|-heal|p1a: Clodsire|91/100
|
|-weather|RainDance|[upkeep]
|-damage|p2a: Ludicolo|73/100 tox|[from] psn
|upkeep
|turn|10
|
|t:|1760729795
|move|p2a: Ludicolo|Weather Ball|p1a: Clodsire
|-damage|p1a: Clodsire|75/100
|-damage|p2a: Ludicolo|63/100 tox|[from] item: Life Orb
|move|p1a: Clodsire|Earthquake|p2a: Ludicolo
|-damage|p2a: Ludicolo|23/100 tox
|
|-weather|RainDance|[upkeep]
|-damage|p2a: Ludicolo|5/100 tox|[from] psn
|upkeep
|turn|11
|c|☆mf_salvador|gg
|
|t:|1760729805
|move|p2a: Ludicolo|Weather Ball|p1a: Clodsire
|-damage|p1a: Clodsire|60/100
|-damage|p2a: Ludicolo|0 fnt|[from] item: Life Orb
|faint|p2a: Ludicolo
|
|win|mf_salvador
|n|☆mf_salvador|mfsalvador
|n|☆boogerstastegood|boogerstastegood
|n|*Lady Monita ☀|ladymonita
