|j|☆ghostlyplanets
|j|☆Heckto
|inactive|Battle timer is ON: inactive players will automatically lose when time's up.
|t:|1760803433
|gametype|singles
|player|p1|ghostlyplanets|zirco-unite|
|player|p2|Heckto|1|
|gen|9
|tier|[Gen 9] OU
|rated|Tournament battle
|rule|HP Percentage Mod: HP is shown in percentages
|rule|Endless Battle Clause: Forcing endless battles is banned
|rule|Species Clause: Limit one of each Pokémon
|rule|OHKO Clause: OHKO moves are banned
|rule|Evasion Items Clause: Evasion items are banned
|rule|Evasion Moves Clause: Evasion moves are banned
|rule|Evasion Abilities Clause: Evasion abilities are banned
|rule|Sleep Moves Clause: Sleep-inducing moves are banned
|clearpoke
|poke|p1|Zamazenta-*|
|poke|p1|Ninetales-Alola, M|
|poke|p1|Darkrai|
|poke|p1|Ceruledge, M|
|poke|p1|Gliscor, M|
|poke|p1|Hatterene, F|
|poke|p2|Dragapult, M|
|poke|p2|Ogerpon-Wellspring, F|
|poke|p2|Zamazenta-*|
|poke|p2|Clefable, F|
|poke|p2|Corviknight, M|
|poke|p2|Ting-Lu|
|teampreview
|j|*Lady Monita ☀
|inactive|Heckto also wants the timer to be on.
|
|t:|1760803443
|teamsize|p1|6
|teamsize|p2|6
|start
|switch|p1a: Ninetales|Ninetales-Alola, M|100/100
|switch|p2a: Clefable|Clefable, F|100/100
|-weather|Snowscape|[from] ability: Snow Warning|[of] p1a: Ninetales
|turn|1
|
|t:|1760803451
|move|p1a: Ninetales|Aurora Veil|p1a: Ninetales
|-sidestart|p1: ghostlyplanets|move: Aurora Veil
|move|p2a: Clefable|Thunder Wave|p1a: Ninetales
|-status|p1a: Ninetales|par
|
|-weather|Snowscape|[upkeep]
|upkeep
|turn|2
|inactive|Heckto has 120 seconds left.
|inactive|Heckto has 90 seconds left.
|
|t:|1760803526
|switch|p1a: Hatterene|Hatterene, F|100/100
|move|p2a: Clefable|Stealth Rock|p1a: Hatterene
|move|p1a: Hatterene|Stealth Rock|p2a: Clefable|[from] ability: Magic Bounce
|-sidestart|p2: Heckto|move: Stealth Rock
|
|-weather|Snowscape|[upkeep]
|upkeep
|turn|3
|inactive|ghostlyplanets has 120 seconds left.
|
|t:|1760803581
|switch|p2a: Corviknight|Corviknight, M|100/100
|-damage|p2a: Corviknight|88/100|[from] Stealth Rock
|-ability|p2a: Corviknight|Pressure
|move|p1a: Hatterene|Calm Mind|p1a: Hatterene
|-boost|p1a: Hatterene|spa|1
|-boost|p1a: Hatterene|spd|1
|
|-weather|Snowscape|[upkeep]
|upkeep
|turn|4
|inactive|Heckto has 90 seconds left.
|inactive|Heckto has 60 seconds left.
|
|t:|1760803637
|move|p2a: Corviknight|Defog|p1a: Hatterene
|move|p1a: Hatterene|Defog|p2a: Corviknight|[from] ability: Magic Bounce
|-unboost|p2a: Corviknight|evasion|1
|-sideend|p2: Heckto|Stealth Rock|[from] move: Defog|[of] p1a: Hatterene
|move|p1a: Hatterene|Calm Mind|p1a: Hatterene
|-boost|p1a: Hatterene|spa|1
|-boost|p1a: Hatterene|spd|1
|
|-weather|Snowscape|[upkeep]
|upkeep
|turn|5
|
|t:|1760803655
|move|p2a: Corviknight|U-turn|p1a: Hatterene
|-damage|p1a: Hatterene|95/100
|
|t:|1760803678
|switch|p2a: Ting-Lu|Ting-Lu|100/100|[from] U-turn
|-ability|p2a: Ting-Lu|Vessel of Ruin
|move|p1a: Hatterene|Calm Mind|p1a: Hatterene
|-boost|p1a: Hatterene|spa|1
|-boost|p1a: Hatterene|spd|1
|
|-weather|none
|-heal|p1a: Hatterene|100/100|[from] item: Leftovers
|upkeep
|turn|6
|
|t:|1760803682
|move|p2a: Ting-Lu|Heavy Slam|p1a: Hatterene
|-supereffective|p1a: Hatterene
|-damage|p1a: Hatterene|77/100
|move|p1a: Hatterene|Draining Kiss|p2a: Ting-Lu
|-supereffective|p2a: Ting-Lu
|-damage|p2a: Ting-Lu|67/100
|-heal|p1a: Hatterene|100/100|[from] drain|[of] p2a: Ting-Lu
|
|upkeep
|turn|7
|
|t:|1760803687
|move|p2a: Ting-Lu|Ruination|p1a: Hatterene
|-damage|p1a: Hatterene|51/100
|move|p1a: Hatterene|Calm Mind|p1a: Hatterene
|-boost|p1a: Hatterene|spa|1
|-boost|p1a: Hatterene|spd|1
|
|-heal|p1a: Hatterene|57/100|[from] item: Leftovers
|upkeep
|turn|8
|
|t:|1760803691
|move|p2a: Ting-Lu|Heavy Slam|p1a: Hatterene
|-supereffective|p1a: Hatterene
|-crit|p1a: Hatterene
|-damage|p1a: Hatterene|0 fnt
|faint|p1a: Hatterene
|
|-sideend|p1: ghostlyplanets|move: Aurora Veil
|upkeep
|c|☆ghostlyplanets|bruh
|c|☆ghostlyplanets|wtf
|
|t:|1760803707
|switch|p1a: Ninetales|Ninetales-Alola, M|100/100 par
|-weather|Snowscape|[from] ability: Snow Warning|[of] p1a: Ninetales
|turn|9
|
|t:|1760803710
|cant|p1a: Ninetales|par
|move|p2a: Ting-Lu|Heavy Slam|p1a: Ninetales
|-supereffective|p1a: Ninetales
|-damage|p1a: Ninetales|0 fnt
|faint|p1a: Ninetales
|
|-weather|Snowscape|[upkeep]
|upkeep
|c|☆ghostlyplanets|????
|c|☆ghostlyplanets|ok bro
|
|t:|1760803722
|switch|p1a: Gliscor|Gliscor, M|100/100
|turn|10
|inactive|Heckto has 90 seconds left.
|j| paradequeenkat69
|l| paradequeenkat69
|inactive|Heckto has 60 seconds left.
|
|t:|1760803759
|move|p1a: Gliscor|Swords Dance|p1a: Gliscor
|-boost|p1a: Gliscor|atk|2
|move|p2a: Ting-Lu|Ruination|p1a: Gliscor
|-damage|p1a: Gliscor|50/100
|
|-weather|Snowscape|[upkeep]
|-status|p1a: Gliscor|tox|[from] item: Toxic Orb
|upkeep
|turn|11
|
|t:|1760803764
|move|p1a: Gliscor|Agility|p1a: Gliscor
|-boost|p1a: Gliscor|spe|2
|move|p2a: Ting-Lu|Rock Tomb|p1a: Gliscor
|-damage|p1a: Gliscor|38/100 tox
|-unboost|p1a: Gliscor|spe|1
|
|-weather|Snowscape|[upkeep]
|-heal|p1a: Gliscor|50/100 tox|[from] ability: Poison Heal
|upkeep
|turn|12
|
|t:|1760803770
|switch|p2a: Corviknight|Corviknight, M|88/100
|-ability|p2a: Corviknight|Pressure
|move|p1a: Gliscor|Swords Dance|p1a: Gliscor
|-boost|p1a: Gliscor|atk|2
|
|-weather|Snowscape|[upkeep]
|-heal|p1a: Gliscor|63/100 tox|[from] ability: Poison Heal
|upkeep
|turn|13
|
|t:|1760803775
|move|p1a: Gliscor|Facade|p2a: Corviknight
|-resisted|p2a: Corviknight
|-crit|p2a: Corviknight
|-damage|p2a: Corviknight|44/100
|-damage|p1a: Gliscor|46/100 tox|[from] item: Rocky Helmet|[of] p2a: Corviknight
|move|p2a: Corviknight|U-turn|p1a: Gliscor
|-resisted|p1a: Gliscor
|-damage|p1a: Gliscor|41/100 tox
|
|t:|1760803780
|switch|p2a: Clefable|Clefable, F|100/100|[from] U-turn
|
|-weather|none
|-heal|p1a: Gliscor|53/100 tox|[from] ability: Poison Heal
|upkeep
|turn|14
|j| nick(mygold)
|
|t:|1760803785
|move|p1a: Gliscor|Facade|p2a: Clefable
|-damage|p2a: Clefable|0 fnt
|-damage|p1a: Gliscor|37/100 tox|[from] item: Rocky Helmet|[of] p2a: Clefable
|faint|p2a: Clefable
|
|-heal|p1a: Gliscor|49/100 tox|[from] ability: Poison Heal
|upkeep
|
|t:|1760803792
|switch|p2a: Dragapult|Dragapult, M|100/100
|turn|15
|
|t:|1760803797
|move|p2a: Dragapult|Draco Meteor|p1a: Gliscor
|-damage|p1a: Gliscor|0 fnt
|-unboost|p2a: Dragapult|spa|2
|faint|p1a: Gliscor
|
|upkeep
|
|t:|1760803801
|switch|p1a: Ceruledge|Ceruledge, M|100/100
|turn|16
|
|t:|1760803805
|switch|p2a: Ting-Lu|Ting-Lu|67/100
|-ability|p2a: Ting-Lu|Vessel of Ruin
|move|p1a: Ceruledge|Bulk Up|p1a: Ceruledge
|-boost|p1a: Ceruledge|atk|1
|-boost|p1a: Ceruledge|def|1
|
|upkeep
|turn|17
|inactive|ghostlyplanets has 120 seconds left.
|
|t:|1760803845
|move|p1a: Ceruledge|Bulk Up|p1a: Ceruledge
|-boost|p1a: Ceruledge|atk|1
|-boost|p1a: Ceruledge|def|1
|move|p2a: Ting-Lu|Ruination|p1a: Ceruledge
|-damage|p1a: Ceruledge|51/100
|
|upkeep
|turn|18
|
|t:|1760803848
|move|p1a: Ceruledge|Bitter Blade|p2a: Ting-Lu
|-damage|p2a: Ting-Lu|28/100
|-heal|p1a: Ceruledge|79/100|[from] drain|[of] p2a: Ting-Lu
|move|p2a: Ting-Lu|Earthquake|p1a: Ceruledge
|-supereffective|p1a: Ceruledge
|-damage|p1a: Ceruledge|40/100
|
|upkeep
|turn|19
|
|t:|1760803862
|move|p1a: Ceruledge|Bitter Blade|p2a: Ting-Lu
|-damage|p2a: Ting-Lu|0 fnt
|-heal|p1a: Ceruledge|60/100|[from] drain|[of] p2a: Ting-Lu
|faint|p2a: Ting-Lu
|
|upkeep
|
|t:|1760803864
|switch|p2a: Ogerpon|Ogerpon-Wellspring, F|100/100
|turn|20
|inactive|ghostlyplanets has 120 seconds left.
|
|t:|1760803907
|-terastallize|p1a: Ceruledge|Bug
|move|p2a: Ogerpon|Ivy Cudgel|p1a: Ceruledge|[anim] Ivy Cudgel Water
|-damage|p1a: Ceruledge|26/100
|move|p1a: Ceruledge|Bitter Blade|p2a: Ogerpon
|-damage|p2a: Ogerpon|5/100
|-heal|p1a: Ceruledge|67/100|[from] drain|[of] p2a: Ogerpon
|
|upkeep
|turn|21
|
|t:|1760803920
|switch|p2a: Corviknight|Corviknight, M|44/100
|-ability|p2a: Corviknight|Pressure
|move|p1a: Ceruledge|Shadow Sneak|p2a: Corviknight
|-damage|p2a: Corviknight|20/100
|-damage|p1a: Ceruledge|50/100|[from] item: Rocky Helmet|[of] p2a: Corviknight
|
|upkeep
|turn|22
|
|t:|1760803932
|move|p1a: Ceruledge|Bitter Blade|p2a: Corviknight
|-supereffective|p2a: Corviknight
|-damage|p2a: Corviknight|0 fnt
|-heal|p1a: Ceruledge|62/100|[from] drain|[of] p2a: Corviknight
|-damage|p1a: Ceruledge|45/100|[from] item: Rocky Helmet|[of] p2a: Corviknight
|faint|p2a: Corviknight
|
|upkeep
|
|t:|1760803941
|switch|p2a: Zamazenta|Zamazenta|100/100
|-ability|p2a: Zamazenta|Dauntless Shield|boost
|-boost|p2a: Zamazenta|def|1
|turn|23
|inactive|ghostlyplanets has 90 seconds left.
|inactive|ghostlyplanets has 60 seconds left.
|
|t:|1760804003
|-terastallize|p2a: Zamazenta|Stellar
|move|p2a: Zamazenta|Close Combat|p1a: Ceruledge
|-resisted|p1a: Ceruledge
|-damage|p1a: Ceruledge|16/100
|-unboost|p2a: Zamazenta|def|1
|-unboost|p2a: Zamazenta|spd|1
|move|p1a: Ceruledge|Taunt|p2a: Zamazenta
|-start|p2a: Zamazenta|move: Taunt
|
|upkeep
|turn|24
|inactive|ghostlyplanets has 60 seconds left.
|
|t:|1760804009
|move|p1a: Ceruledge|Shadow Sneak|p2a: Zamazenta
|-damage|p2a: Zamazenta|67/100
|move|p2a: Zamazenta|Close Combat|p1a: Ceruledge
|-resisted|p1a: Ceruledge
|-damage|p1a: Ceruledge|0 fnt
|-unboost|p2a: Zamazenta|def|1
|-unboost|p2a: Zamazenta|spd|1
|faint|p1a: Ceruledge
|
|upkeep
|inactive|ghostlyplanets has 60 seconds left.
|inactive|ghostlyplanets has 30 seconds left.
|inactive|ghostlyplanets has 20 seconds left.
|
|t:|1760804057
|switch|p1a: Zamazenta|Zamazenta|100/100
|-ability|p1a: Zamazenta|Dauntless Shield|boost
|-boost|p1a: Zamazenta|def|1
|turn|25
|inactive|ghostlyplanets has 30 seconds left this turn.
|
|t:|1760804062
|switch|p2a: Ogerpon|Ogerpon-Wellspring, F|5/100
|move|p1a: Zamazenta|Iron Defense|p1a: Zamazenta
|-boost|p1a: Zamazenta|def|2
|
|upkeep
|turn|26
|inactive|ghostlyplanets has 30 seconds left.
|
|t:|1760804077
|move|p1a: Zamazenta|Body Press|p2a: Ogerpon
|-damage|p2a: Ogerpon|0 fnt
|faint|p2a: Ogerpon
|
|upkeep
|
|t:|1760804080
|switch|p2a: Dragapult|Dragapult, M|100/100
|turn|27
|inactive|ghostlyplanets has 30 seconds left.
|j| Albrtix
|inactive|ghostlyplanets has 20 seconds left.
|inactive|ghostlyplanets has 15 seconds left.
|inactive|ghostlyplanets has 10 seconds left.
|inactive|ghostlyplanets has 5 seconds left.
|-message|ghostlyplanets lost due to inactivity.
|
|win|Heckto
|n|☆ghostlyplanets|ghostlyplanets
|n|☆Heckto|heckto
|n|*Lady Monita ☀|ladymonita
|n| nick(mygold)|nickmygold
|n| Albrtix|albrtix
|l|*Lady Monita ☀
|c|☆ghostlyplanets|oop
|l|☆Heckto
|player|p2|
|c|☆ghostlyplanets|gg
|c| nick(mygold)|Rip
|l|☆ghostlyplanets
|player|p1|
|l| nick(mygold)
