|j|☆Florian_RE
|j|☆mightynoctowl
|t:|1760796476
|gametype|singles
|player|p1|Florian_RE|265|1261
|player|p2|mightynoctowl|170|1284
|gen|9
|tier|[Gen 9] OU
|rated|
|rule|HP Percentage Mod: HP is shown in percentages
|rule|Endless Battle Clause: Forcing endless battles is banned
|rule|Species Clause: Limit one of each Pokémon
|rule|OHKO Clause: OHKO moves are banned
|rule|Evasion Items Clause: Evasion items are banned
|rule|Evasion Moves Clause: Evasion moves are banned
|rule|Evasion Abilities Clause: Evasion abilities are banned
|rule|Sleep Moves Clause: Sleep-inducing moves are banned
|clearpoke
|poke|p1|Kyurem|
|poke|p1|Hatterene, F|
|poke|p1|Alomomola, F|
|poke|p1|Ting-Lu|
|poke|p1|Meowscarada, F|
|poke|p1|Gholdengo|
|poke|p2|Moltres|
|poke|p2|Chansey, F|
|poke|p2|Clefable, M|
|poke|p2|Hitmonlee, M|
|poke|p2|Sandslash, M|
|poke|p2|Vileplume, M|
|teampreview
|inactive|Battle timer is ON: inactive players will automatically lose when time's up. (requested by mightynoctowl)
|
|t:|1760796497
|teamsize|p1|6
|teamsize|p2|6
|start
|switch|p1a: Meowscarada|Meowscarada, F|100/100
|switch|p2a: Chansey|Chansey, F|100/100
|turn|1
|
|t:|1760796502
|switch|p2a: Vileplume|Vileplume, M|100/100
|move|p1a: Meowscarada|Knock Off|p2a: Vileplume
|-start|p1a: Meowscarada|typechange|Dark|[from] ability: Protean
|-damage|p2a: Vileplume|45/100
|-enditem|p2a: Vileplume|Leftovers|[from] move: Knock Off|[of] p1a: Meowscarada
|
|upkeep
|turn|2
|
|t:|1760796520
|switch|p1a: Gholdengo|Gholdengo|100/100
|switch|p2a: Clefable|Clefable, M|100/100
|
|upkeep
|turn|3
|
|t:|1760796525
|switch|p2a: Chansey|Chansey, F|100/100
|move|p1a: Gholdengo|Trick|p2a: Chansey
|-activate|p1a: Gholdengo|move: Trick|[of] p2a: Chansey
|-item|p2a: Chansey|Choice Scarf|[from] move: Trick
|-item|p1a: Gholdengo|Eviolite|[from] move: Trick
|
|upkeep
|turn|4
|
|t:|1760796533
|switch|p1a: Alomomola|Alomomola, F|100/100
|move|p2a: Chansey|Stealth Rock|p1a: Alomomola
|-sidestart|p1: Florian_RE|move: Stealth Rock
|
|upkeep
|turn|5
|
|t:|1760796539
|switch|p2a: Vileplume|Vileplume, M|45/100
|move|p1a: Alomomola|Flip Turn|p2a: Vileplume
|-resisted|p2a: Vileplume
|-damage|p2a: Vileplume|40/100
|-status|p1a: Alomomola|par|[from] ability: Effect Spore|[of] p2a: Vileplume
|
|t:|1760796546
|switch|p1a: Kyurem|Kyurem|100/100|[from] Flip Turn
|-damage|p1a: Kyurem|76/100|[from] Stealth Rock
|-ability|p1a: Kyurem|Pressure
|
|-heal|p1a: Kyurem|82/100|[from] item: Leftovers
|upkeep
|turn|6
|
|t:|1760796554
|switch|p2a: Clefable|Clefable, M|100/100
|move|p1a: Kyurem|Substitute|p1a: Kyurem
|-start|p1a: Kyurem|Substitute
|-damage|p1a: Kyurem|57/100
|
|-heal|p1a: Kyurem|63/100|[from] item: Leftovers
|upkeep
|turn|7
|
|t:|1760796559
|move|p1a: Kyurem|Protect|p1a: Kyurem
|-singleturn|p1a: Kyurem|Protect
|move|p2a: Clefable|Moonblast|p1a: Kyurem
|-activate|p1a: Kyurem|move: Protect
|
|-heal|p1a: Kyurem|69/100|[from] item: Leftovers
|upkeep
|turn|8
|
|t:|1760796564
|move|p1a: Kyurem|Earth Power|p2a: Clefable
|-damage|p2a: Clefable|74/100
|move|p2a: Clefable|Moonblast|p1a: Kyurem
|-supereffective|p1a: Kyurem
|-end|p1a: Kyurem|Substitute
|
|-heal|p1a: Kyurem|75/100|[from] item: Leftovers
|-heal|p2a: Clefable|80/100|[from] item: Leftovers
|upkeep
|turn|9
|
|t:|1760796568
|move|p1a: Kyurem|Protect|p1a: Kyurem
|-singleturn|p1a: Kyurem|Protect
|move|p2a: Clefable|Moonblast|p1a: Kyurem
|-activate|p1a: Kyurem|move: Protect
|
|-heal|p1a: Kyurem|82/100|[from] item: Leftovers
|-heal|p2a: Clefable|86/100|[from] item: Leftovers
|upkeep
|turn|10
|
|t:|1760796575
|switch|p1a: Gholdengo|Gholdengo|100/100
|-damage|p1a: Gholdengo|94/100|[from] Stealth Rock
|move|p2a: Clefable|Moonblast|p1a: Gholdengo
|-resisted|p1a: Gholdengo
|-damage|p1a: Gholdengo|76/100
|
|-heal|p2a: Clefable|92/100|[from] item: Leftovers
|upkeep
|turn|11
|
|t:|1760796589
|switch|p2a: Moltres|Moltres|100/100
|move|p1a: Gholdengo|Make It Rain|p2a: Moltres
|-resisted|p2a: Moltres
|-damage|p2a: Moltres|67/100
|-unboost|p1a: Gholdengo|spa|1
|
|upkeep
|turn|12
|
|t:|1760796596
|switch|p1a: Ting-Lu|Ting-Lu|100/100
|-damage|p1a: Ting-Lu|94/100|[from] Stealth Rock
|-ability|p1a: Ting-Lu|Vessel of Ruin
|move|p2a: Moltres|U-turn|p1a: Ting-Lu
|-supereffective|p1a: Ting-Lu
|-damage|p1a: Ting-Lu|83/100
|-enditem|p1a: Ting-Lu|Red Card|[of] p2a: Moltres
|drag|p2a: Hitmonlee|Hitmonlee, M|100/100
|
|upkeep
|turn|13
|
|t:|1760796609
|switch|p1a: Alomomola|Alomomola, F|100/100 par
|-damage|p1a: Alomomola|88/100 par|[from] Stealth Rock
|move|p2a: Hitmonlee|High Jump Kick|p1a: Alomomola
|-crit|p1a: Alomomola
|-damage|p1a: Alomomola|9/100 par
|-damage|p2a: Hitmonlee|84/100|[from] item: Rocky Helmet|[of] p1a: Alomomola
|-damage|p2a: Hitmonlee|74/100|[from] item: Life Orb
|
|upkeep
|turn|14
|
|t:|1760796620
|move|p2a: Hitmonlee|Double-Edge|p1a: Alomomola
|-damage|p1a: Alomomola|0 fnt
|-damage|p2a: Hitmonlee|57/100|[from] item: Rocky Helmet|[of] p1a: Alomomola
|faint|p1a: Alomomola
|-damage|p2a: Hitmonlee|52/100|[from] Recoil
|-damage|p2a: Hitmonlee|42/100|[from] item: Life Orb
|
|upkeep
|
|t:|1760796638
|switch|p1a: Gholdengo|Gholdengo|76/100
|-damage|p1a: Gholdengo|70/100|[from] Stealth Rock
|turn|15
|
|t:|1760796642
|-terastallize|p1a: Gholdengo|Fighting
|move|p2a: Hitmonlee|Earthquake|p1a: Gholdengo
|-damage|p1a: Gholdengo|26/100
|-damage|p2a: Hitmonlee|32/100|[from] item: Life Orb
|move|p1a: Gholdengo|Shadow Ball|p2a: Hitmonlee
|-damage|p2a: Hitmonlee|0 fnt
|faint|p2a: Hitmonlee
|
|upkeep
|
|t:|1760796654
|switch|p2a: Moltres|Moltres|67/100
|turn|16
|
|t:|1760796659
|switch|p1a: Ting-Lu|Ting-Lu|83/100
|-damage|p1a: Ting-Lu|76/100|[from] Stealth Rock
|-ability|p1a: Ting-Lu|Vessel of Ruin
|move|p2a: Moltres|Flamethrower|p1a: Ting-Lu
|-damage|p1a: Ting-Lu|53/100
|
|upkeep
|turn|17
|
|t:|1760796670
|move|p2a: Moltres|U-turn|p1a: Ting-Lu
|-supereffective|p1a: Ting-Lu
|-damage|p1a: Ting-Lu|42/100
|
|t:|1760796672
|switch|p2a: Vileplume|Vileplume, M|40/100|[from] U-turn
|move|p1a: Ting-Lu|Stealth Rock|p2a: Vileplume
|-sidestart|p2: mightynoctowl|move: Stealth Rock
|
|upkeep
|turn|18
|
|t:|1760796680
|move|p2a: Vileplume|Giga Drain|p1a: Ting-Lu
|-supereffective|p1a: Ting-Lu
|-damage|p1a: Ting-Lu|10/100
|-heal|p2a: Vileplume|63/100|[from] drain|[of] p1a: Ting-Lu
|move|p1a: Ting-Lu|Earthquake|p2a: Vileplume
|-damage|p2a: Vileplume|33/100
|
|upkeep
|turn|19
|
|t:|1760796684
|switch|p1a: Meowscarada|Meowscarada, F|100/100
|-damage|p1a: Meowscarada|88/100|[from] Stealth Rock
|move|p2a: Vileplume|Giga Drain|p1a: Meowscarada
|-resisted|p1a: Meowscarada
|-damage|p1a: Meowscarada|66/100
|-heal|p2a: Vileplume|42/100|[from] drain|[of] p1a: Meowscarada
|
|upkeep
|turn|20
|
|t:|1760796707
|switch|p2a: Moltres|Moltres|67/100
|move|p1a: Meowscarada|Knock Off|p2a: Moltres
|-start|p1a: Meowscarada|typechange|Dark|[from] ability: Protean
|-damage|p2a: Moltres|23/100
|-enditem|p2a: Moltres|Heavy-Duty Boots|[from] move: Knock Off|[of] p1a: Meowscarada
|
|upkeep
|turn|21
|
|t:|1760796715
|switch|p1a: Ting-Lu|Ting-Lu|10/100
|-damage|p1a: Ting-Lu|4/100|[from] Stealth Rock
|-ability|p1a: Ting-Lu|Vessel of Ruin
|move|p2a: Moltres|Roost|p2a: Moltres
|-heal|p2a: Moltres|73/100
|-singleturn|p2a: Moltres|move: Roost
|
|upkeep
|turn|22
|
|t:|1760796721
|move|p2a: Moltres|U-turn|p1a: Ting-Lu
|-supereffective|p1a: Ting-Lu
|-damage|p1a: Ting-Lu|0 fnt
|faint|p1a: Ting-Lu
|
|t:|1760796725
|switch|p2a: Sandslash|Sandslash, M|100/100|[from] U-turn
|-damage|p2a: Sandslash|94/100|[from] Stealth Rock
|
|-heal|p2a: Sandslash|100/100|[from] item: Leftovers
|upkeep
|
|t:|1760796729
|switch|p1a: Gholdengo|Gholdengo, tera:Fighting|26/100
|-damage|p1a: Gholdengo|20/100|[from] Stealth Rock
|turn|23
|
|t:|1760796737
|switch|p2a: Chansey|Chansey, F|100/100
|-damage|p2a: Chansey|88/100|[from] Stealth Rock
|move|p1a: Gholdengo|Make It Rain|p2a: Chansey
|-damage|p2a: Chansey|61/100
|-unboost|p1a: Gholdengo|spa|1
|
|upkeep
|turn|24
|
|t:|1760796744
|switch|p1a: Meowscarada|Meowscarada, F|66/100
|-damage|p1a: Meowscarada|53/100|[from] Stealth Rock
|move|p2a: Chansey|Soft-Boiled|p2a: Chansey
|-heal|p2a: Chansey|100/100
|
|upkeep
|turn|25
|
|t:|1760796753
|switch|p1a: Kyurem|Kyurem|82/100
|-damage|p1a: Kyurem|57/100|[from] Stealth Rock
|-ability|p1a: Kyurem|Pressure
|switch|p2a: Vileplume|Vileplume, M|42/100
|-damage|p2a: Vileplume|30/100|[from] Stealth Rock
|
|-heal|p1a: Kyurem|63/100|[from] item: Leftovers
|upkeep
|turn|26
|
|t:|1760796759
|switch|p2a: Clefable|Clefable, M|92/100
|-damage|p2a: Clefable|80/100|[from] Stealth Rock
|move|p1a: Kyurem|Substitute|p1a: Kyurem
|-start|p1a: Kyurem|Substitute
|-damage|p1a: Kyurem|38/100
|
|-heal|p1a: Kyurem|44/100|[from] item: Leftovers
|-heal|p2a: Clefable|86/100|[from] item: Leftovers
|upkeep
|turn|27
|
|t:|1760796764
|move|p1a: Kyurem|Protect|p1a: Kyurem
|-singleturn|p1a: Kyurem|Protect
|move|p2a: Clefable|Calm Mind|p2a: Clefable
|-boost|p2a: Clefable|spa|1
|-boost|p2a: Clefable|spd|1
|
|-heal|p1a: Kyurem|50/100|[from] item: Leftovers
|-heal|p2a: Clefable|92/100|[from] item: Leftovers
|upkeep
|turn|28
|
|t:|1760796770
|move|p1a: Kyurem|Earth Power|p2a: Clefable
|-damage|p2a: Clefable|76/100
|-unboost|p2a: Clefable|spd|1
|move|p2a: Clefable|Flamethrower|p1a: Kyurem
|-activate|p1a: Kyurem|move: Substitute|[damage]
|
|-heal|p1a: Kyurem|56/100|[from] item: Leftovers
|-heal|p2a: Clefable|82/100|[from] item: Leftovers
|upkeep
|turn|29
|
|t:|1760796777
|move|p1a: Kyurem|Protect|p1a: Kyurem
|-singleturn|p1a: Kyurem|Protect
|move|p2a: Clefable|Flamethrower|p1a: Kyurem
|-activate|p1a: Kyurem|move: Protect
|
|-heal|p1a: Kyurem|63/100|[from] item: Leftovers
|-heal|p2a: Clefable|88/100|[from] item: Leftovers
|upkeep
|turn|30
|
|t:|1760796781
|move|p1a: Kyurem|Earth Power|p2a: Clefable
|-damage|p2a: Clefable|65/100
|move|p2a: Clefable|Flamethrower|p1a: Kyurem
|-end|p1a: Kyurem|Substitute
|
|-heal|p1a: Kyurem|69/100|[from] item: Leftovers
|-heal|p2a: Clefable|71/100|[from] item: Leftovers
|upkeep
|turn|31
|
|t:|1760796785
|move|p1a: Kyurem|Substitute|p1a: Kyurem
|-start|p1a: Kyurem|Substitute
|-damage|p1a: Kyurem|44/100
|move|p2a: Clefable|Moonblast|p1a: Kyurem
|-supereffective|p1a: Kyurem
|-end|p1a: Kyurem|Substitute
|
|-heal|p1a: Kyurem|50/100|[from] item: Leftovers
|-heal|p2a: Clefable|77/100|[from] item: Leftovers
|upkeep
|turn|32
|
|t:|1760796794
|switch|p1a: Hatterene|Hatterene, F|100/100
|-damage|p1a: Hatterene|88/100|[from] Stealth Rock
|move|p2a: Clefable|Moonblast|p1a: Hatterene
|-damage|p1a: Hatterene|54/100
|-unboost|p1a: Hatterene|spa|1
|
|-heal|p2a: Clefable|83/100|[from] item: Leftovers
|-heal|p1a: Hatterene|60/100|[from] item: Leftovers
|upkeep
|turn|33
|
|t:|1760796816
|switch|p2a: Sandslash|Sandslash, M|100/100
|-damage|p2a: Sandslash|94/100|[from] Stealth Rock
|move|p1a: Hatterene|Psyshock|p2a: Sandslash
|-damage|p2a: Sandslash|77/100
|
|-heal|p2a: Sandslash|84/100|[from] item: Leftovers
|-heal|p1a: Hatterene|66/100|[from] item: Leftovers
|upkeep
|turn|34
|
|t:|1760796821
|move|p2a: Sandslash|Rapid Spin|p1a: Hatterene
|-damage|p1a: Hatterene|53/100
|-boost|p2a: Sandslash|spe|1
|-sideend|p2: mightynoctowl|Stealth Rock|[from] move: Rapid Spin|[of] p2a: Sandslash
|move|p1a: Hatterene|Giga Drain|p2a: Sandslash
|-supereffective|p2a: Sandslash
|-damage|p2a: Sandslash|34/100
|-heal|p1a: Hatterene|81/100|[from] drain|[of] p2a: Sandslash
|
|-heal|p2a: Sandslash|41/100|[from] item: Leftovers
|-heal|p1a: Hatterene|87/100|[from] item: Leftovers
|upkeep
|turn|35
|
|t:|1760796832
|move|p2a: Sandslash|Spikes|p1a: Hatterene
|move|p1a: Hatterene|Spikes|p2a: Sandslash|[from] ability: Magic Bounce
|-sidestart|p2: mightynoctowl|Spikes
|move|p1a: Hatterene|Giga Drain|p2a: Sandslash
|-supereffective|p2a: Sandslash
|-damage|p2a: Sandslash|0 fnt
|-heal|p1a: Hatterene|100/100|[from] drain|[of] p2a: Sandslash
|faint|p2a: Sandslash
|
|upkeep
|
|t:|1760796843
|switch|p2a: Vileplume|Vileplume, M|30/100
|-damage|p2a: Vileplume|17/100|[from] Spikes
|turn|36
|
|t:|1760796851
|move|p2a: Vileplume|Sludge Bomb|p1a: Hatterene
|-supereffective|p1a: Hatterene
|-damage|p1a: Hatterene|48/100
|move|p1a: Hatterene|Psyshock|p2a: Vileplume
|-supereffective|p2a: Vileplume
|-damage|p2a: Vileplume|0 fnt
|faint|p2a: Vileplume
|
|-heal|p1a: Hatterene|54/100|[from] item: Leftovers
|upkeep
|
|t:|1760796858
|switch|p2a: Chansey|Chansey, F|100/100
|-damage|p2a: Chansey|88/100|[from] Spikes
|turn|37
|
|t:|1760796862
|move|p2a: Chansey|Seismic Toss|p1a: Hatterene
|-damage|p1a: Hatterene|22/100
|move|p1a: Hatterene|Calm Mind|p1a: Hatterene
|-boost|p1a: Hatterene|spa|1
|-boost|p1a: Hatterene|spd|1
|
|-heal|p1a: Hatterene|28/100|[from] item: Leftovers
|upkeep
|turn|38
|
|t:|1760796867
|move|p2a: Chansey|Seismic Toss|p1a: Hatterene
|-damage|p1a: Hatterene|0 fnt
|faint|p1a: Hatterene
|
|upkeep
|
|t:|1760796869
|switch|p1a: Meowscarada|Meowscarada, F|53/100
|-damage|p1a: Meowscarada|41/100|[from] Stealth Rock
|turn|39
|
|t:|1760796875
|switch|p2a: Moltres|Moltres|73/100
|move|p1a: Meowscarada|Triple Axel|p2a: Moltres
|-start|p1a: Meowscarada|typechange|Ice|[from] ability: Protean
|-damage|p2a: Moltres|62/100
|-damage|p2a: Moltres|43/100
|-hitcount|p2a: Moltres|2
|
|upkeep
|turn|40
|
|t:|1760796884
|move|p1a: Meowscarada|Triple Axel|p2a: Moltres
|-damage|p2a: Moltres|34/100
|-damage|p2a: Moltres|14/100
|-damage|p2a: Moltres|0 fnt
|faint|p2a: Moltres
|-hitcount|p2: Moltres|3
|
|upkeep
|
|t:|1760796891
|switch|p2a: Clefable|Clefable, M|83/100
|-damage|p2a: Clefable|71/100|[from] Spikes
|turn|41
|
|t:|1760796895
|move|p1a: Meowscarada|Triple Axel|p2a: Clefable
|-damage|p2a: Clefable|60/100
|-damage|p2a: Clefable|40/100
|-damage|p2a: Clefable|10/100
|-hitcount|p2a: Clefable|3
|move|p2a: Clefable|Moonlight|p2a: Clefable
|-heal|p2a: Clefable|60/100
|
|-heal|p2a: Clefable|66/100|[from] item: Leftovers
|upkeep
|turn|42
|
|t:|1760796901
|move|p1a: Meowscarada|Triple Axel|p2a: Clefable
|-damage|p2a: Clefable|56/100
|-crit|p2a: Clefable
|-damage|p2a: Clefable|23/100
|-damage|p2a: Clefable|0 fnt
|faint|p2a: Clefable
|-hitcount|p2: Clefable|3
|
|upkeep
|-message|mightynoctowl forfeited.
|
|win|Florian_RE
|raw|Florian_RE's rating: 1261 &rarr; <strong>1288</strong><br />(+27 for winning)
|raw|mightynoctowl's rating: 1284 &rarr; <strong>1257</strong><br />(-27 for losing)
|l|☆mightynoctowl
|player|p2|
|l|☆Florian_RE
|player|p1|
