|j|☆Furryfmboy
|j|☆Churrini
|t:|1760796115
|gametype|singles
|player|p1|Furryfmboy|102|1179
|player|p2|Churrini|brawly|1158
|gen|9
|tier|[Gen 9] OU
|rated|
|rule|HP Percentage Mod: HP is shown in percentages
|rule|Endless Battle Clause: Forcing endless battles is banned
|rule|Species Clause: Limit one of each Pokémon
|rule|OHKO Clause: OHKO moves are banned
|rule|Evasion Items Clause: Evasion items are banned
|rule|Evasion Moves Clause: Evasion moves are banned
|rule|Evasion Abilities Clause: Evasion abilities are banned
|rule|Sleep Moves Clause: Sleep-inducing moves are banned
|clearpoke
|poke|p1|Great Tusk|
|poke|p1|Hawlucha, M|
|poke|p1|Indeedee, M|
|poke|p1|Corviknight, M|
|poke|p1|Deoxys-Speed|
|poke|p1|Iron Valiant|
|poke|p2|Carbink|
|poke|p2|Rhyperior, M|
|poke|p2|Breloom, M|
|poke|p2|Dusclops, M|
|poke|p2|Hoopa-Unbound|
|poke|p2|Enamorus-Therian, F|
|teampreview
|
|t:|1760796120
|teamsize|p1|6
|teamsize|p2|6
|start
|switch|p1a: Great Tusk|Great Tusk|100/100
|switch|p2a: Kazuya|Carbink, shiny|100/100
|turn|1
|inactive|Battle timer is ON: inactive players will automatically lose when time's up. (requested by Churrini)
|
|t:|1760796125
|move|p1a: Great Tusk|Knock Off|p2a: Kazuya
|-resisted|p2a: Kazuya
|-damage|p2a: Kazuya|90/100
|-enditem|p2a: Kazuya|Mental Herb|[from] move: Knock Off|[of] p1a: Great Tusk
|move|p2a: Kazuya|Trick Room|p2a: Kazuya
|-fieldstart|move: Trick Room|[of] p2a: Kazuya
|
|upkeep
|turn|2
|
|t:|1760796131
|move|p2a: Kazuya|Gravity|p2a: Kazuya
|-fieldstart|move: Gravity
|move|p1a: Great Tusk|Earth Power|p2a: Kazuya
|-supereffective|p2a: Kazuya
|-damage|p2a: Kazuya|62/100
|
|upkeep
|turn|3
|
|t:|1760796136
|move|p2a: Kazuya|Misty Explosion|p1a: Great Tusk
|-supereffective|p1a: Great Tusk
|-damage|p1a: Great Tusk|64/100
|faint|p2a: Kazuya
|move|p1a: Great Tusk|Knock Off|p2: Kazuya|[notarget]
|-fail|p1a: Great Tusk
|
|upkeep
|
|t:|1760796142
|switch|p2a: Torrente|Rhyperior, M|100/100
|turn|4
|
|t:|1760796148
|move|p2a: Torrente|Earthquake|p1a: Great Tusk
|-damage|p1a: Great Tusk|9/100
|move|p1a: Great Tusk|Earth Power|p2a: Torrente
|-supereffective|p2a: Torrente
|-damage|p2a: Torrente|67/100
|
|upkeep
|turn|5
|
|t:|1760796158
|-end|p1a: Great Tusk|Protosynthesis|[silent]
|switch|p1a: Corviknight|Corviknight, M|100/100
|-ability|p1a: Corviknight|Pressure
|move|p2a: Torrente|Earthquake|p1a: Corviknight
|-supereffective|p1a: Corviknight
|-damage|p1a: Corviknight|0 fnt
|faint|p1a: Corviknight
|
|-fieldend|move: Trick Room
|upkeep
|
|t:|1760796173
|switch|p1a: Indeedee|Indeedee, M|100/100
|-fieldstart|move: Psychic Terrain|[from] ability: Psychic Surge|[of] p1a: Indeedee
|turn|6
|
|t:|1760796182
|-terastallize|p2a: Torrente|Ground
|move|p1a: Indeedee|Expanding Force|p2a: Torrente
|-damage|p2a: Torrente|0 fnt
|faint|p2a: Torrente
|
|-fieldend|move: Gravity
|upkeep
|
|t:|1760796189
|switch|p2a: George Floyd|Dusclops, M|100/100
|-ability|p2a: George Floyd|Pressure
|turn|7
|
|t:|1760796194
|move|p1a: Indeedee|Expanding Force|p2a: George Floyd
|-damage|p2a: George Floyd|69/100
|move|p2a: George Floyd|Trick Room|p2a: George Floyd
|-fieldstart|move: Trick Room|[of] p2a: George Floyd
|
|upkeep
|turn|8
|
|t:|1760796198
|move|p2a: George Floyd|Night Shade|p1a: Indeedee
|-immune|p1a: Indeedee
|move|p1a: Indeedee|Encore|p2a: George Floyd
|-start|p2a: George Floyd|Encore
|
|upkeep
|turn|9
|
|t:|1760796204
|switch|p2a: Wise Yuri|Hoopa-Unbound|100/100
|move|p1a: Indeedee|Dazzling Gleam|p2a: Wise Yuri
|-supereffective|p2a: Wise Yuri
|-damage|p2a: Wise Yuri|65/100
|
|upkeep
|turn|10
|
|t:|1760796211
|switch|p1a: Great Tusk|Great Tusk|9/100
|move|p2a: Wise Yuri|Hyperspace Fury|p1a: Great Tusk
|-resisted|p1a: Great Tusk
|-damage|p1a: Great Tusk|0 fnt
|-unboost|p2a: Wise Yuri|def|1
|faint|p1a: Great Tusk
|-end|p1a: Great Tusk|Protosynthesis|[silent]
|-enditem|p2a: Wise Yuri|Eject Pack
|
|t:|1760796220
|switch|p2a: Enamorus|Enamorus-Therian, F|100/100
|
|upkeep
|
|t:|1760796242
|switch|p1a: Deoxys|Deoxys-Speed|100/100
|-ability|p1a: Deoxys|Pressure
|turn|11
|
|t:|1760796248
|move|p2a: Enamorus|Moonblast|p1a: Deoxys
|-damage|p1a: Deoxys|0 fnt
|faint|p1a: Deoxys
|
|-fieldend|move: Trick Room
|upkeep
|
|t:|1760796268
|switch|p1a: Indeedee|Indeedee, M|100/100
|turn|12
|
|t:|1760796270
|move|p1a: Indeedee|Expanding Force|p2a: Enamorus
|-damage|p2a: Enamorus|31/100
|move|p2a: Enamorus|Moonblast|p1a: Indeedee
|-damage|p1a: Indeedee|0 fnt
|faint|p1a: Indeedee
|
|upkeep
|
|t:|1760796272
|switch|p1a: Hawlucha|Hawlucha, M|100/100
|-enditem|p1a: Hawlucha|Psychic Seed
|-boost|p1a: Hawlucha|spd|1|[from] item: Psychic Seed
|turn|13
|
|t:|1760796280
|move|p1a: Hawlucha|Acrobatics|p2a: Enamorus
|-damage|p2a: Enamorus|0 fnt
|faint|p2a: Enamorus
|
|-fieldend|move: Psychic Terrain
|upkeep
|
|t:|1760796286
|switch|p2a: George Floyd|Dusclops, M|69/100
|-ability|p2a: George Floyd|Pressure
|turn|14
|
|t:|1760796291
|move|p1a: Hawlucha|Acrobatics|p2a: George Floyd
|-damage|p2a: George Floyd|39/100
|move|p2a: George Floyd|Trick Room|p2a: George Floyd
|-fieldstart|move: Trick Room|[of] p2a: George Floyd
|
|upkeep
|turn|15
|
|t:|1760796297
|move|p2a: George Floyd|Will-O-Wisp|p1a: Hawlucha
|-status|p1a: Hawlucha|brn
|move|p1a: Hawlucha|Swords Dance|p1a: Hawlucha
|-boost|p1a: Hawlucha|atk|2
|
|-damage|p1a: Hawlucha|94/100 brn|[from] brn
|upkeep
|turn|16
|
|t:|1760796303
|move|p2a: George Floyd|Haze|p2a: George Floyd
|-clearallboost
|move|p1a: Hawlucha|Swords Dance|p1a: Hawlucha
|-boost|p1a: Hawlucha|atk|2
|
|-damage|p1a: Hawlucha|88/100 brn|[from] brn
|upkeep
|turn|17
|
|t:|1760796315
|move|p2a: George Floyd|Haze|p2a: George Floyd
|-clearallboost
|move|p1a: Hawlucha|Acrobatics|p2a: George Floyd
|-damage|p2a: George Floyd|22/100
|
|-damage|p1a: Hawlucha|82/100 brn|[from] brn
|upkeep
|turn|18
|
|t:|1760796323
|move|p2a: George Floyd|Night Shade|p1a: Hawlucha
|-damage|p1a: Hawlucha|49/100 brn
|move|p1a: Hawlucha|Swords Dance|p1a: Hawlucha
|-boost|p1a: Hawlucha|atk|2
|
|-damage|p1a: Hawlucha|43/100 brn|[from] brn
|-fieldend|move: Trick Room
|upkeep
|turn|19
|
|t:|1760796330
|move|p1a: Hawlucha|Acrobatics|p2a: George Floyd
|-damage|p2a: George Floyd|0 fnt
|faint|p2a: George Floyd
|
|-damage|p1a: Hawlucha|37/100 brn|[from] brn
|upkeep
|
|t:|1760796336
|switch|p2a: Pablo Motos|Breloom, M|100/100
|turn|20
|
|t:|1760796346
|move|p2a: Pablo Motos|Mach Punch|p1a: Hawlucha
|-resisted|p1a: Hawlucha
|-damage|p1a: Hawlucha|3/100 brn
|-damage|p2a: Pablo Motos|91/100|[from] item: Life Orb
|move|p1a: Hawlucha|Acrobatics|p2a: Pablo Motos
|-supereffective|p2a: Pablo Motos
|-damage|p2a: Pablo Motos|0 fnt
|faint|p2a: Pablo Motos
|
|-damage|p1a: Hawlucha|0 fnt|[from] brn
|faint|p1a: Hawlucha
|upkeep
|
|t:|1760796350
|switch|p1a: Iron Valiant|Iron Valiant|100/100
|switch|p2a: Wise Yuri|Hoopa-Unbound|65/100
|-enditem|p1a: Iron Valiant|Booster Energy
|-activate|p1a: Iron Valiant|ability: Quark Drive|[fromitem]
|-start|p1a: Iron Valiant|quarkdrivespe
|turn|21
|
|t:|1760796356
|move|p1a: Iron Valiant|Moonblast|p2a: Wise Yuri
|-supereffective|p2a: Wise Yuri
|-damage|p2a: Wise Yuri|2/100
|move|p2a: Wise Yuri|Psychic Noise|p1a: Iron Valiant
|-supereffective|p1a: Iron Valiant
|-damage|p1a: Iron Valiant|0 fnt
|faint|p1a: Iron Valiant
|-end|p1a: Iron Valiant|Quark Drive|[silent]
|
|win|Churrini
|raw|Furryfmboy's rating: 1179 &rarr; <strong>1152</strong><br />(-27 for losing)
|raw|Churrini's rating: 1158 &rarr; <strong>1185</strong><br />(+27 for winning)
|l|☆Furryfmboy
|player|p1|
|c|☆Churrini|gg
|l|☆Churrini
|player|p2|
