|j|☆ayayalaptop
|j|☆Shamylsher
|t:|1760750903
|gametype|singles
|player|p1|ayayalaptop|102|1427
|player|p2|Shamylsher|lusamine-nihilego|1521
|gen|9
|tier|[Gen 9] OU
|rated|
|rule|HP Percentage Mod: HP is shown in percentages
|rule|Endless Battle Clause: Forcing endless battles is banned
|rule|Species Clause: Limit one of each Pokémon
|rule|OHKO Clause: OHKO moves are banned
|rule|Evasion Items Clause: Evasion items are banned
|rule|Evasion Moves Clause: Evasion moves are banned
|rule|Evasion Abilities Clause: Evasion abilities are banned
|rule|Sleep Moves Clause: Sleep-inducing moves are banned
|clearpoke
|poke|p1|Pelipper, M|
|poke|p1|Raikou|
|poke|p1|Glimmora, F|
|poke|p1|Rillaboom, M|
|poke|p1|Scizor, M|
|poke|p1|Ting-Lu|
|poke|p2|Pelipper, M|
|poke|p2|Tornadus-Therian, M|
|poke|p2|Iron Treads|
|poke|p2|Decidueye-Hisui, F|
|poke|p2|Barraskewda, F|
|poke|p2|Raging Bolt|
|teampreview
|inactive|Battle timer is ON: inactive players will automatically lose when time's up. (requested by ayayalaptop)
|
|t:|1760750920
|teamsize|p1|6
|teamsize|p2|6
|start
|switch|p1a: Raikou|Raikou|100/100
|switch|p2a: Pelipper|Pelipper, M|100/100
|-ability|p1a: Raikou|Pressure
|-weather|RainDance|[from] ability: Drizzle|[of] p2a: Pelipper
|turn|1
|
|t:|1760750929
|switch|p2a: Iron Treads|Iron Treads|100/100
|move|p1a: Raikou|Substitute|p1a: Raikou
|-start|p1a: Raikou|Substitute
|-damage|p1a: Raikou|76/100
|
|-weather|RainDance|[upkeep]
|-heal|p1a: Raikou|82/100|[from] item: Leftovers
|upkeep
|turn|2
|
|t:|1760750932
|move|p1a: Raikou|Scald|p2a: Iron Treads
|-supereffective|p2a: Iron Treads
|-damage|p2a: Iron Treads|38/100
|move|p2a: Iron Treads|Earthquake|p1a: Raikou
|-supereffective|p1a: Raikou
|-end|p1a: Raikou|Substitute
|
|-weather|RainDance|[upkeep]
|-heal|p1a: Raikou|88/100|[from] item: Leftovers
|-heal|p2a: Iron Treads|44/100|[from] item: Leftovers
|upkeep
|turn|3
|
|t:|1760750938
|move|p1a: Raikou|Scald|p2a: Iron Treads
|-supereffective|p2a: Iron Treads
|-damage|p2a: Iron Treads|0 fnt
|faint|p2a: Iron Treads
|-end|p2a: Iron Treads|Quark Drive|[silent]
|
|-weather|RainDance|[upkeep]
|-heal|p1a: Raikou|94/100|[from] item: Leftovers
|upkeep
|
|t:|1760750940
|switch|p2a: Barraskewda|Barraskewda, F|100/100
|turn|4
|
|t:|1760750946
|move|p1a: Raikou|Protect|p1a: Raikou
|-singleturn|p1a: Raikou|Protect
|move|p2a: Barraskewda|Liquidation|p1a: Raikou
|-activate|p1a: Raikou|move: Protect
|
|-weather|RainDance|[upkeep]
|-heal|p1a: Raikou|100/100|[from] item: Leftovers
|upkeep
|turn|5
|
|t:|1760750955
|switch|p1a: Pelipper|Pelipper, M|100/100
|move|p2a: Barraskewda|Flip Turn|p1a: Pelipper
|-resisted|p1a: Pelipper
|-crit|p1a: Pelipper
|-damage|p1a: Pelipper|61/100
|-damage|p2a: Barraskewda|91/100|[from] item: Life Orb
|
|t:|1760750957
|switch|p2a: Tornadus|Tornadus-Therian, M|100/100|[from] Flip Turn
|
|-weather|RainDance|[upkeep]
|upkeep
|turn|6
|
|t:|1760750969
|switch|p1a: Ting-Lu|Ting-Lu|100/100
|-ability|p1a: Ting-Lu|Vessel of Ruin
|move|p2a: Tornadus|Hurricane|p1a: Ting-Lu
|-damage|p1a: Ting-Lu|70/100
|
|-weather|RainDance|[upkeep]
|-heal|p1a: Ting-Lu|76/100|[from] item: Leftovers
|upkeep
|turn|7
|
|t:|1760750978
|-terastallize|p2a: Tornadus|Flying
|move|p2a: Tornadus|Hurricane|p1a: Ting-Lu
|-damage|p1a: Ting-Lu|37/100
|move|p1a: Ting-Lu|Stealth Rock|p2a: Tornadus
|-sidestart|p2: Shamylsher|move: Stealth Rock
|
|-weather|RainDance|[upkeep]
|-heal|p1a: Ting-Lu|43/100|[from] item: Leftovers
|upkeep
|turn|8
|
|t:|1760750987
|switch|p1a: Glimmora|Glimmora, F|100/100
|move|p2a: Tornadus|Hurricane|p1a: Glimmora
|-resisted|p1a: Glimmora
|-damage|p1a: Glimmora|47/100
|
|-weather|none
|-heal|p1a: Glimmora|53/100|[from] item: Black Sludge
|upkeep
|turn|9
|
|t:|1760750993
|move|p2a: Tornadus|Hurricane|p1a: Glimmora
|-resisted|p1a: Glimmora
|-damage|p1a: Glimmora|0 fnt
|faint|p1a: Glimmora
|
|upkeep
|
|t:|1760750997
|switch|p1a: Raikou|Raikou|100/100
|-ability|p1a: Raikou|Pressure
|turn|10
|
|t:|1760751000
|switch|p2a: Raging Bolt|Raging Bolt|100/100
|-damage|p2a: Raging Bolt|88/100|[from] Stealth Rock
|-enditem|p2a: Raging Bolt|Booster Energy
|-activate|p2a: Raging Bolt|ability: Protosynthesis|[fromitem]
|-start|p2a: Raging Bolt|protosynthesisspa
|move|p1a: Raikou|Thunder|p2a: Raging Bolt|[miss]
|-miss|p1a: Raikou|p2a: Raging Bolt
|
|upkeep
|turn|11
|
|t:|1760751004
|switch|p1a: Ting-Lu|Ting-Lu|43/100
|-ability|p1a: Ting-Lu|Vessel of Ruin
|move|p2a: Raging Bolt|Dragon Pulse|p1a: Ting-Lu
|-damage|p1a: Ting-Lu|16/100
|
|-heal|p1a: Ting-Lu|22/100|[from] item: Leftovers
|upkeep
|turn|12
|
|t:|1760751008
|move|p2a: Raging Bolt|Dragon Pulse|p1a: Ting-Lu
|-damage|p1a: Ting-Lu|0 fnt
|faint|p1a: Ting-Lu
|
|upkeep
|
|t:|1760751014
|switch|p1a: Rillaboom|Rillaboom, M|100/100
|-fieldstart|move: Grassy Terrain|[from] ability: Grassy Surge|[of] p1a: Rillaboom
|turn|13
|
|t:|1760751017
|-end|p2a: Raging Bolt|Protosynthesis|[silent]
|switch|p2a: Decidueye|Decidueye-Hisui, F|100/100
|-damage|p2a: Decidueye|94/100|[from] Stealth Rock
|move|p1a: Rillaboom|High Horsepower|p2a: Decidueye
|-resisted|p2a: Decidueye
|-damage|p2a: Decidueye|82/100
|-damage|p1a: Rillaboom|84/100|[from] item: Rocky Helmet|[of] p2a: Decidueye
|
|-heal|p1a: Rillaboom|90/100|[from] Grassy Terrain
|-heal|p2a: Decidueye|88/100|[from] Grassy Terrain
|upkeep
|turn|14
|
|t:|1760751020
|move|p1a: Rillaboom|Knock Off|p2a: Decidueye
|-resisted|p2a: Decidueye
|-damage|p2a: Decidueye|75/100
|-damage|p1a: Rillaboom|74/100|[from] item: Rocky Helmet|[of] p2a: Decidueye
|-enditem|p2a: Decidueye|Rocky Helmet|[from] move: Knock Off|[of] p1a: Rillaboom
|move|p2a: Decidueye|Defog|p1a: Rillaboom
|-unboost|p1a: Rillaboom|evasion|1
|-sideend|p2: Shamylsher|Stealth Rock|[from] move: Defog|[of] p2a: Decidueye
|-fieldend|move: Grassy Terrain
|
|upkeep
|turn|15
|
|t:|1760751025
|switch|p1a: Scizor|Scizor, M|100/100
|move|p2a: Decidueye|U-turn|p1a: Scizor
|-resisted|p1a: Scizor
|-crit|p1a: Scizor
|-damage|p1a: Scizor|87/100
|
|t:|1760751030
|switch|p2a: Tornadus|Tornadus-Therian, M, tera:Flying|100/100|[from] U-turn
|
|upkeep
|turn|16
|
|t:|1760751036
|switch|p1a: Pelipper|Pelipper, M|61/100
|-weather|RainDance|[from] ability: Drizzle|[of] p1a: Pelipper
|move|p2a: Tornadus|Hurricane|p1a: Pelipper
|-damage|p1a: Pelipper|0 fnt
|faint|p1a: Pelipper
|
|-weather|RainDance|[upkeep]
|upkeep
|-message|ayayalaptop forfeited.
|
|win|Shamylsher
|raw|ayayalaptop's rating: 1427 &rarr; <strong>1412</strong><br />(-15 for losing)
|raw|Shamylsher's rating: 1521 &rarr; <strong>1536</strong><br />(+15 for winning)
|l|☆ayayalaptop
|player|p1|
|l|☆Shamylsher
|player|p2|
