|j|☆capitolg
|j|☆Sweavle
|t:|1760861547
|gametype|singles
|player|p1|capitolg|bellelba|1108
|player|p2|Sweavle|lucas|1135
|gen|9
|tier|[Gen 9] OU
|rated|
|rule|HP Percentage Mod: HP is shown in percentages
|rule|Endless Battle Clause: Forcing endless battles is banned
|rule|Species Clause: Limit one of each Pokémon
|rule|OHKO Clause: OHKO moves are banned
|rule|Evasion Items Clause: Evasion items are banned
|rule|Evasion Moves Clause: Evasion moves are banned
|rule|Evasion Abilities Clause: Evasion abilities are banned
|rule|Sleep Moves Clause: Sleep-inducing moves are banned
|clearpoke
|poke|p1|Vikavolt, M|
|poke|p1|Gothitelle, M|
|poke|p1|Smeargle, F|
|poke|p1|Empoleon, F|
|poke|p1|Passimian, F|
|poke|p1|Dusknoir, M|
|poke|p2|Greninja-*, M|
|poke|p2|Cloyster, F|
|poke|p2|Clefable, F|
|poke|p2|Kingambit, M|
|poke|p2|Serperior, M|
|poke|p2|Venomoth, M|
|teampreview
|
|t:|1760861569
|teamsize|p1|6
|teamsize|p2|6
|start
|switch|p1a: Vikavolt|Vikavolt, M|100/100
|switch|p2a: Cloyster|Cloyster, F|100/100
|turn|1
|
|t:|1760861576
|move|p2a: Cloyster|Shell Smash|p2a: Cloyster
|-unboost|p2a: Cloyster|def|1
|-unboost|p2a: Cloyster|spd|1
|-boost|p2a: Cloyster|atk|2
|-boost|p2a: Cloyster|spa|2
|-boost|p2a: Cloyster|spe|2
|move|p1a: Vikavolt|Sticky Web|p2a: Cloyster
|-sidestart|p2: Sweavle|move: Sticky Web
|
|upkeep
|turn|2
|
|t:|1760861580
|move|p2a: Cloyster|Icicle Spear|p1a: Vikavolt
|-damage|p1a: Vikavolt|80/100
|-damage|p1a: Vikavolt|56/100
|-damage|p1a: Vikavolt|34/100
|-damage|p1a: Vikavolt|13/100
|-damage|p1a: Vikavolt|0 fnt
|faint|p1a: Vikavolt
|-hitcount|p1: Vikavolt|5
|
|upkeep
|
|t:|1760861588
|switch|p1a: Dusknoir|Dusknoir, M|100/100
|-ability|p1a: Dusknoir|Pressure
|turn|3
|
|t:|1760861596
|move|p2a: Cloyster|Icicle Spear|p1a: Dusknoir
|-damage|p1a: Dusknoir|82/100
|-damage|p1a: Dusknoir|65/100
|-damage|p1a: Dusknoir|45/100
|-damage|p1a: Dusknoir|27/100
|-damage|p1a: Dusknoir|9/100
|-hitcount|p1a: Dusknoir|5
|move|p1a: Dusknoir|Trick Room|p1a: Dusknoir
|-fieldstart|move: Trick Room|[of] p1a: Dusknoir
|
|upkeep
|turn|4
|
|t:|1760861602
|move|p1a: Dusknoir|Poltergeist|p2a: Cloyster
|-activate|p2a: Cloyster|move: Poltergeist|Focus Sash
|-damage|p2a: Cloyster|31/100
|move|p2a: Cloyster|Icicle Spear|p1a: Dusknoir
|-damage|p1a: Dusknoir|0 fnt
|faint|p1a: Dusknoir
|-hitcount|p1: Dusknoir|1
|
|upkeep
|
|t:|1760861609
|switch|p1a: Smeargle|Smeargle, F|100/100
|turn|5
|
|t:|1760861617
|move|p1a: Smeargle|Court Change|p1a: Smeargle
|-swapsideconditions
|-activate|p1a: Smeargle|move: Court Change
|move|p2a: Cloyster|Icicle Spear|p1a: Smeargle
|-damage|p1a: Smeargle|53/100
|-damage|p1a: Smeargle|4/100
|-damage|p1a: Smeargle|0 fnt
|faint|p1a: Smeargle
|-hitcount|p1: Smeargle|3
|
|upkeep
|
|t:|1760861620
|switch|p1a: Passimian|Passimian, F|100/100
|-activate|p1a: Passimian|move: Sticky Web
|-unboost|p1a: Passimian|spe|1
|-ability|p1a: Passimian|Defiant|boost
|-boost|p1a: Passimian|atk|2
|turn|6
|
|t:|1760861662
|move|p1a: Passimian|Drain Punch|p2a: Cloyster
|-supereffective|p2a: Cloyster
|-crit|p2a: Cloyster
|-damage|p2a: Cloyster|0 fnt
|faint|p2a: Cloyster
|
|upkeep
|
|t:|1760861668
|switch|p2a: My bro|Greninja, M|100/100
|turn|7
|
|t:|1760861676
|move|p1a: Passimian|Drain Punch|p2a: My bro
|-supereffective|p2a: My bro
|-damage|p2a: My bro|0 fnt
|faint|p2a: My bro
|
|-fieldend|move: Trick Room
|upkeep
|
|t:|1760861682
|switch|p2a: Clefable|Clefable, F|100/100
|turn|8
|
|t:|1760861685
|move|p2a: Clefable|Calm Mind|p2a: Clefable
|-boost|p2a: Clefable|spa|1
|-boost|p2a: Clefable|spd|1
|move|p1a: Passimian|Iron Head|p2a: Clefable
|-supereffective|p2a: Clefable
|-enditem|p2a: Clefable|Focus Sash
|-damage|p2a: Clefable|1/100
|
|upkeep
|turn|9
|
|t:|1760861688
|move|p1a: Passimian|Quick Attack|p2a: Clefable
|-damage|p2a: Clefable|0 fnt
|faint|p2a: Clefable
|
|upkeep
|
|t:|1760861690
|switch|p2a: Bug moth|Venomoth, M, shiny|100/100
|turn|10
|
|t:|1760861694
|move|p2a: Bug moth|Quiver Dance|p2a: Bug moth
|-boost|p2a: Bug moth|spa|1
|-boost|p2a: Bug moth|spd|1
|-boost|p2a: Bug moth|spe|1
|move|p1a: Passimian|Iron Head|p2a: Bug moth
|-enditem|p2a: Bug moth|Focus Sash
|-damage|p2a: Bug moth|1/100
|
|upkeep
|turn|11
|
|t:|1760861697
|move|p1a: Passimian|Quick Attack|p2a: Bug moth
|-damage|p2a: Bug moth|0 fnt
|faint|p2a: Bug moth
|
|upkeep
|
|t:|1760861700
|switch|p2a: Serperior|Serperior, M, shiny|100/100
|turn|12
|
|t:|1760861714
|move|p2a: Serperior|Leaf Storm|p1a: Passimian
|-damage|p1a: Passimian|52/100
|-boost|p2a: Serperior|spa|2
|move|p1a: Passimian|Drain Punch|p2a: Serperior
|-damage|p2a: Serperior|5/100
|-heal|p1a: Passimian|88/100|[from] drain|[of] p2a: Serperior
|
|upkeep
|turn|13
|
|t:|1760861718
|move|p1a: Passimian|Quick Attack|p2a: Serperior
|-damage|p2a: Serperior|0 fnt
|faint|p2a: Serperior
|
|upkeep
|
|t:|1760861720
|switch|p2a: Kingambit|Kingambit, M, shiny|100/100
|-activate|p2a: Kingambit|ability: Supreme Overlord
|-start|p2a: Kingambit|fallen5|[silent]
|turn|14
|
|t:|1760861722
|-terastallize|p2a: Kingambit|Stellar
|move|p2a: Kingambit|Swords Dance|p2a: Kingambit
|-boost|p2a: Kingambit|atk|2
|move|p1a: Passimian|Drain Punch|p2a: Kingambit
|-supereffective|p2a: Kingambit
|-enditem|p2a: Kingambit|Focus Sash
|-damage|p2a: Kingambit|1/100
|-heal|p1a: Passimian|100/100|[from] drain|[of] p2a: Kingambit
|
|upkeep
|turn|15
|
|t:|1760861727
|move|p2a: Kingambit|Sucker Punch|p1a: Passimian
|-resisted|p1a: Passimian
|-damage|p1a: Passimian|38/100
|move|p1a: Passimian|Quick Attack|p2a: Kingambit
|-resisted|p2a: Kingambit
|-damage|p2a: Kingambit|0 fnt
|faint|p2a: Kingambit
|-end|p2a: Kingambit|fallen5|[silent]
|
|win|capitolg
|raw|capitolg's rating: 1108 &rarr; <strong>1135</strong><br />(+27 for winning)
|raw|Sweavle's rating: 1135 &rarr; <strong>1108</strong><br />(-27 for losing)
|l|☆capitolg
|player|p1|
|l|☆Sweavle
|player|p2|
