|j|☆Buzzpeep
|j|☆cglob
|inactive|Battle timer is ON: inactive players will automatically lose when time's up.
|t:|1760831531
|gametype|singles
|player|p1|Buzzpeep|proton|
|player|p2|cglob|101|
|gen|9
|tier|[Gen 9] OU
|rated|Tournament battle
|rule|HP Percentage Mod: HP is shown in percentages
|rule|Endless Battle Clause: Forcing endless battles is banned
|rule|Species Clause: Limit one of each Pokémon
|rule|OHKO Clause: OHKO moves are banned
|rule|Evasion Items Clause: Evasion items are banned
|rule|Evasion Moves Clause: Evasion moves are banned
|rule|Evasion Abilities Clause: Evasion abilities are banned
|rule|Sleep Moves Clause: Sleep-inducing moves are banned
|raw|<div class="infobox"><details class="readmore"><summary><strong>15 custom rules:</strong></summary> -burmy, -caterpie, -combee, -kricketot, -magikarp, -scatterbug, -sunkern, -tynamo, -typenull, -weedle, -wurmple, -cosmog, -blipbug, -snom, -wynaut</details></div>
|clearpoke
|poke|p1|Amoonguss, F|
|poke|p1|Lanturn, M|
|poke|p1|Scrafty, M|
|poke|p2|Dragalge, M|
|poke|p2|Barraskewda, M|
|poke|p2|Lycanroc-Dusk, M|
|teampreview
|j|*Lady Monita ☀
|
|t:|1760831550
|teamsize|p1|3
|teamsize|p2|3
|start
|switch|p1a: Lanturn|Lanturn, M|100/100
|switch|p2a: Barraskewda|Barraskewda, M|100/100
|turn|1
|
|t:|1760831565
|switch|p2a: Dragalge|Dragalge, M|100/100
|move|p1a: Lanturn|Protect||[still]
|-fail|p1a: Lanturn
|
|upkeep
|turn|2
|
|t:|1760831573
|move|p1a: Lanturn|Thunder Wave|p2a: Dragalge
|-status|p2a: Dragalge|par
|move|p2a: Dragalge|Draco Meteor|p1a: Lanturn
|-damage|p1a: Lanturn|23/100
|-unboost|p2a: Dragalge|spa|2
|
|-heal|p1a: Lanturn|29/100|[from] item: Leftovers
|upkeep
|turn|3
|
|t:|1760831578
|move|p1a: Lanturn|Scald|p2a: Dragalge
|-resisted|p2a: Dragalge
|-crit|p2a: Dragalge
|-damage|p2a: Dragalge|91/100 par
|cant|p2a: Dragalge|par
|
|-heal|p1a: Lanturn|35/100|[from] item: Leftovers
|upkeep
|turn|4
|
|t:|1760831582
|move|p1a: Lanturn|Protect|p1a: Lanturn
|-singleturn|p1a: Lanturn|Protect
|move|p2a: Dragalge|Dragon Tail|p1a: Lanturn
|-activate|p1a: Lanturn|move: Protect
|
|-heal|p1a: Lanturn|41/100|[from] item: Leftovers
|upkeep
|turn|5
|j| Saphira-Skye
|
|t:|1760831589
|move|p1a: Lanturn|Volt Switch|p2a: Dragalge
|-resisted|p2a: Dragalge
|-damage|p2a: Dragalge|85/100 par
|
|t:|1760831590
|switch|p1a: Amoonguss|Amoonguss, F|100/100|[from] Volt Switch
|cant|p2a: Dragalge|par
|
|upkeep
|turn|6
|
|t:|1760831596
|move|p1a: Amoonguss|Foul Play|p2a: Dragalge
|-damage|p2a: Dragalge|67/100 par
|move|p2a: Dragalge|Flip Turn|p1a: Amoonguss
|-resisted|p1a: Amoonguss
|-damage|p1a: Amoonguss|94/100
|-damage|p2a: Dragalge|50/100 par|[from] item: Rocky Helmet|[of] p1a: Amoonguss
|
|t:|1760831616
|switch|p2a: Lycanroc|Lycanroc-Dusk, M|100/100|[from] Flip Turn
|
|upkeep
|turn|7
|
|t:|1760831621
|-terastallize|p2a: Lycanroc|Fire
|move|p2a: Lycanroc|Fire Fang|p1a: Amoonguss
|-supereffective|p1a: Amoonguss
|-damage|p1a: Amoonguss|0 fnt
|-damage|p2a: Lycanroc|84/100|[from] item: Rocky Helmet|[of] p1a: Amoonguss
|faint|p1a: Amoonguss
|
|upkeep
|
|t:|1760831632
|switch|p1a: Scrafty|Scrafty, M|100/100
|turn|8
|
|t:|1760831646
|move|p2a: Lycanroc|Play Rough|p1a: Scrafty
|-supereffective|p1a: Scrafty
|-damage|p1a: Scrafty|0 fnt
|faint|p1a: Scrafty
|
|upkeep
|
|t:|1760831648
|switch|p1a: Lanturn|Lanturn, M|41/100
|turn|9
|
|t:|1760831652
|move|p1a: Lanturn|Protect|p1a: Lanturn
|-singleturn|p1a: Lanturn|Protect
|move|p2a: Lycanroc|Drill Run|p1a: Lanturn
|-activate|p1a: Lanturn|move: Protect
|
|-heal|p1a: Lanturn|47/100|[from] item: Leftovers
|upkeep
|turn|10
|
|t:|1760831658
|-terastallize|p1a: Lanturn|Flying
|move|p2a: Lycanroc|Drill Run|p1a: Lanturn
|-immune|p1a: Lanturn
|move|p1a: Lanturn|Scald|p2a: Lycanroc
|-supereffective|p2a: Lycanroc
|-damage|p2a: Lycanroc|5/100
|
|-heal|p1a: Lanturn|53/100|[from] item: Leftovers
|upkeep
|turn|11
|
|t:|1760831663
|move|p1a: Lanturn|Protect|p1a: Lanturn
|-singleturn|p1a: Lanturn|Protect
|move|p2a: Lycanroc|Accelerock|p1a: Lanturn
|-activate|p1a: Lanturn|move: Protect
|
|-heal|p1a: Lanturn|60/100|[from] item: Leftovers
|upkeep
|turn|12
|
|t:|1760831667
|move|p2a: Lycanroc|Accelerock|p1a: Lanturn
|-supereffective|p1a: Lanturn
|-crit|p1a: Lanturn
|-damage|p1a: Lanturn|0 fnt
|faint|p1a: Lanturn
|
|win|cglob
|n|☆Buzzpeep|buzzpeep
|n|☆cglob|cglob
|n|*Lady Monita ☀|ladymonita
|n| Saphira-Skye|saphiraskye
