|j|☆Crogenius2
|j|☆Jausave7
|t:|1760807089
|gametype|singles
|player|p1|Crogenius2|wattson|1623
|player|p2|Jausave7|101|1622
|gen|9
|tier|[Gen 9] OU
|rated|
|rule|HP Percentage Mod: HP is shown in percentages
|rule|Endless Battle Clause: Forcing endless battles is banned
|rule|Species Clause: Limit one of each Pokémon
|rule|OHKO Clause: OHKO moves are banned
|rule|Evasion Items Clause: Evasion items are banned
|rule|Evasion Moves Clause: Evasion moves are banned
|rule|Evasion Abilities Clause: Evasion abilities are banned
|rule|Sleep Moves Clause: Sleep-inducing moves are banned
|clearpoke
|poke|p1|Vaporeon, F|
|poke|p1|Garchomp, M|
|poke|p1|Gholdengo|
|poke|p1|Darkrai|
|poke|p1|Scizor, F|
|poke|p1|Great Tusk|
|poke|p2|Scizor, F|
|poke|p2|Alomomola, F|
|poke|p2|Ceruledge, M|
|poke|p2|Great Tusk|
|poke|p2|Zapdos|
|poke|p2|Hatterene, F|
|teampreview
|inactive|Battle timer is ON: inactive players will automatically lose when time's up. (requested by Crogenius2)
|
|t:|1760807102
|teamsize|p1|6
|teamsize|p2|6
|start
|switch|p1a: Scizor|Scizor, F|100/100
|switch|p2a: Zapdos|Zapdos|100/100
|turn|1
|
|t:|1760807105
|move|p2a: Zapdos|Heat Wave|p1a: Scizor
|-supereffective|p1a: Scizor
|-damage|p1a: Scizor|0 fnt
|faint|p1a: Scizor
|
|upkeep
|
|t:|1760807110
|switch|p1a: Garchomp|Garchomp, M|100/100
|turn|2
|
|t:|1760807113
|switch|p2a: Hatterene|Hatterene, F|100/100
|move|p1a: Garchomp|Earthquake|p2a: Hatterene
|-damage|p2a: Hatterene|55/100
|
|upkeep
|turn|3
|
|t:|1760807120
|switch|p1a: Gholdengo|Gholdengo|100/100
|move|p2a: Hatterene|Draining Kiss|p1a: Gholdengo
|-resisted|p1a: Gholdengo
|-damage|p1a: Gholdengo|83/100
|-heal|p2a: Hatterene|68/100|[from] drain|[of] p1a: Gholdengo
|
|upkeep
|turn|4
|
|t:|1760807133
|switch|p2a: Zapdos|Zapdos|100/100
|move|p1a: Gholdengo|Trick|p2a: Zapdos
|-activate|p1a: Gholdengo|move: Trick|[of] p2a: Zapdos
|-item|p2a: Zapdos|Choice Scarf|[from] move: Trick
|-item|p1a: Gholdengo|Leftovers|[from] move: Trick
|
|-heal|p1a: Gholdengo|89/100|[from] item: Leftovers
|upkeep
|turn|5
|
|t:|1760807147
|switch|p1a: Vaporeon|Vaporeon, F|100/100
|move|p2a: Zapdos|Volt Switch|p1a: Vaporeon
|-supereffective|p1a: Vaporeon
|-damage|p1a: Vaporeon|65/100
|
|t:|1760807155
|switch|p2a: Hatterene|Hatterene, F|68/100|[from] Volt Switch
|
|-heal|p1a: Vaporeon|71/100|[from] item: Leftovers
|upkeep
|turn|6
|
|t:|1760807166
|move|p1a: Vaporeon|Wish|p1a: Vaporeon
|move|p2a: Hatterene|Draining Kiss|p1a: Vaporeon
|-crit|p1a: Vaporeon
|-damage|p1a: Vaporeon|46/100
|-heal|p2a: Hatterene|95/100|[from] drain|[of] p1a: Vaporeon
|
|-heal|p1a: Vaporeon|52/100|[from] item: Leftovers
|upkeep
|turn|7
|
|t:|1760807172
|move|p1a: Vaporeon|Calm Mind|p1a: Vaporeon
|-boost|p1a: Vaporeon|spa|1
|-boost|p1a: Vaporeon|spd|1
|move|p2a: Hatterene|Nuzzle|p1a: Vaporeon
|-supereffective|p1a: Vaporeon
|-damage|p1a: Vaporeon|43/100
|-status|p1a: Vaporeon|par
|
|-heal|p1a: Vaporeon|93/100 par|[from] move: Wish|[wisher] Vaporeon
|-heal|p1a: Vaporeon|99/100 par|[from] item: Leftovers
|upkeep
|turn|8
|
|t:|1760807177
|move|p2a: Hatterene|Mystical Fire|p1a: Vaporeon
|-resisted|p1a: Vaporeon
|-damage|p1a: Vaporeon|94/100 par
|-unboost|p1a: Vaporeon|spa|1
|cant|p1a: Vaporeon|par
|
|-heal|p1a: Vaporeon|99/100 par|[from] item: Leftovers
|upkeep
|turn|9
|
|t:|1760807182
|move|p2a: Hatterene|Psyshock|p1a: Vaporeon
|-damage|p1a: Vaporeon|51/100 par
|move|p1a: Vaporeon|Calm Mind|p1a: Vaporeon
|-boost|p1a: Vaporeon|spa|1
|-boost|p1a: Vaporeon|spd|1
|
|-heal|p1a: Vaporeon|57/100 par|[from] item: Leftovers
|upkeep
|turn|10
|
|t:|1760807187
|move|p2a: Hatterene|Psyshock|p1a: Vaporeon
|-damage|p1a: Vaporeon|7/100 par
|move|p1a: Vaporeon|Scald|p2a: Hatterene
|-damage|p2a: Hatterene|66/100
|-status|p2a: Hatterene|brn
|
|-heal|p1a: Vaporeon|13/100 par|[from] item: Leftovers
|-damage|p2a: Hatterene|60/100 brn|[from] brn
|upkeep
|turn|11
|
|t:|1760807195
|switch|p1a: Darkrai|Darkrai|100/100
|move|p2a: Hatterene|Draining Kiss|p1a: Darkrai
|-supereffective|p1a: Darkrai
|-damage|p1a: Darkrai|17/100
|-heal|p2a: Hatterene|100/100 brn|[from] drain|[of] p1a: Darkrai
|
|-damage|p2a: Hatterene|95/100 brn|[from] brn
|upkeep
|turn|12
|
|t:|1760807204
|switch|p2a: Scizor|Scizor, F|100/100
|-terastallize|p1a: Darkrai|Dark
|move|p1a: Darkrai|Dark Pulse|p2a: Scizor
|-damage|p2a: Scizor|0 fnt
|faint|p2a: Scizor
|
|upkeep
|
|t:|1760807211
|switch|p2a: Ceruledge|Ceruledge, M|100/100
|turn|13
|
|t:|1760807221
|move|p1a: Darkrai|Dark Pulse|p2a: Ceruledge
|-supereffective|p2a: Ceruledge
|-enditem|p2a: Ceruledge|Focus Sash
|-damage|p2a: Ceruledge|1/100
|move|p2a: Ceruledge|Bitter Blade|p1a: Darkrai
|-damage|p1a: Darkrai|0 fnt
|-heal|p2a: Ceruledge|9/100|[from] drain|[of] p1a: Darkrai
|faint|p1a: Darkrai
|
|upkeep
|
|t:|1760807224
|switch|p1a: Garchomp|Garchomp, M|100/100
|turn|14
|
|t:|1760807234
|switch|p2a: Zapdos|Zapdos|100/100
|move|p1a: Garchomp|Earthquake|p2a: Zapdos
|-immune|p2a: Zapdos
|
|upkeep
|turn|15
|
|t:|1760807243
|switch|p2a: Hatterene|Hatterene, F|95/100 brn
|move|p1a: Garchomp|Stealth Rock|p2a: Hatterene
|move|p2a: Hatterene|Stealth Rock|p1a: Garchomp|[from] ability: Magic Bounce
|-sidestart|p1: Crogenius2|move: Stealth Rock
|
|-damage|p2a: Hatterene|89/100 brn|[from] brn
|upkeep
|turn|16
|
|t:|1760807261
|switch|p1a: Gholdengo|Gholdengo|89/100
|-damage|p1a: Gholdengo|83/100|[from] Stealth Rock
|move|p2a: Hatterene|Mystical Fire|p1a: Gholdengo
|-supereffective|p1a: Gholdengo
|-damage|p1a: Gholdengo|9/100
|-unboost|p1a: Gholdengo|spa|1
|
|-heal|p1a: Gholdengo|15/100|[from] item: Leftovers
|-damage|p2a: Hatterene|83/100 brn|[from] brn
|upkeep
|turn|17
|
|t:|1760807272
|switch|p2a: Zapdos|Zapdos|100/100
|move|p1a: Gholdengo|Shadow Ball|p2a: Zapdos
|-damage|p2a: Zapdos|74/100
|
|-heal|p1a: Gholdengo|21/100|[from] item: Leftovers
|upkeep
|turn|18
|-message|Crogenius2 forfeited.
|
|win|Jausave7
|raw|Crogenius2's rating: 1623 &rarr; <strong>1603</strong><br />(-20 for losing)
|raw|Jausave7's rating: 1622 &rarr; <strong>1642</strong><br />(+20 for winning)
|l|☆Crogenius2
|player|p1|
|l|☆Jausave7
|player|p2|
