|j|☆bxjjne c
|j|☆StrixZee
|t:|1760761315
|gametype|singles
|player|p1|bxjjne c|266|1196
|player|p2|StrixZee|gentleman-gen4|1159
|gen|9
|tier|[Gen 9] OU
|rated|
|rule|HP Percentage Mod: HP is shown in percentages
|rule|Endless Battle Clause: Forcing endless battles is banned
|rule|Species Clause: Limit one of each Pokémon
|rule|OHKO Clause: OHKO moves are banned
|rule|Evasion Items Clause: Evasion items are banned
|rule|Evasion Moves Clause: Evasion moves are banned
|rule|Evasion Abilities Clause: Evasion abilities are banned
|rule|Sleep Moves Clause: Sleep-inducing moves are banned
|clearpoke
|poke|p1|Kyurem|
|poke|p1|Corviknight, F|
|poke|p1|Heatran, M|
|poke|p1|Great Tusk|
|poke|p1|Gliscor, M|
|poke|p1|Chansey, F|
|poke|p2|Kyurem|
|poke|p2|Iron Moth|
|poke|p2|Kingambit, M|
|poke|p2|Landorus-Therian, M|
|poke|p2|Hatterene, F|
|poke|p2|Zamazenta-*|
|teampreview
|inactive|Battle timer is ON: inactive players will automatically lose when time's up. (requested by bxjjne c)
|
|t:|1760761326
|teamsize|p1|6
|teamsize|p2|6
|start
|switch|p1a: Corviknight|Corviknight, F|100/100
|switch|p2a: Landorus|Landorus-Therian, M|100/100
|-ability|p2a: Landorus|Intimidate|boost
|-ability|p1a: Corviknight|Mirror Armor
|-unboost|p2a: Landorus|atk|1
|turn|1
|
|t:|1760761338
|move|p2a: Landorus|Stealth Rock|p1a: Corviknight
|-sidestart|p1: bxjjne c|move: Stealth Rock
|move|p1a: Corviknight|Bulk Up|p1a: Corviknight
|-boost|p1a: Corviknight|atk|1
|-boost|p1a: Corviknight|def|1
|
|upkeep
|turn|2
|inactive|StrixZee has 120 seconds left.
|
|t:|1760761392
|switch|p2a: Hatterene|Hatterene, F|100/100
|move|p1a: Corviknight|Bulk Up|p1a: Corviknight
|-boost|p1a: Corviknight|atk|1
|-boost|p1a: Corviknight|def|1
|
|upkeep
|turn|3
|
|t:|1760761399
|move|p1a: Corviknight|Iron Head|p2a: Hatterene
|-supereffective|p2a: Hatterene
|-damage|p2a: Hatterene|24/100
|move|p2a: Hatterene|Nuzzle|p1a: Corviknight
|-supereffective|p1a: Corviknight
|-damage|p1a: Corviknight|97/100
|-status|p1a: Corviknight|par
|-damage|p2a: Hatterene|8/100|[from] item: Rocky Helmet|[of] p1a: Corviknight
|
|upkeep
|turn|4
|inactive|StrixZee has 90 seconds left.
|-enditem|p2a: Hatterene|Custap Berry|[eat]
|-activate|p2a: Hatterene|item: Custap Berry|[consumed]
|
|t:|1760761430
|move|p2a: Hatterene|Healing Wish|p2a: Hatterene
|faint|p2a: Hatterene
|move|p1a: Corviknight|Bulk Up|p1a: Corviknight
|-boost|p1a: Corviknight|atk|1
|-boost|p1a: Corviknight|def|1
|
|upkeep
|
|t:|1760761442
|switch|p2a: Iron Moth|Iron Moth|100/100
|-enditem|p2a: Iron Moth|Booster Energy
|-activate|p2a: Iron Moth|ability: Quark Drive|[fromitem]
|-start|p2a: Iron Moth|quarkdrivespe
|turn|5
|
|t:|1760761451
|move|p2a: Iron Moth|Fiery Dance|p1a: Corviknight
|-supereffective|p1a: Corviknight
|-damage|p1a: Corviknight|40/100 par
|move|p1a: Corviknight|Brave Bird|p2a: Iron Moth
|-damage|p2a: Iron Moth|0 fnt
|faint|p2a: Iron Moth
|-end|p2a: Iron Moth|Quark Drive|[silent]
|-damage|p1a: Corviknight|15/100 par|[from] Recoil
|
|upkeep
|inactive|StrixZee has 60 seconds left.
|
|t:|1760761482
|switch|p2a: Zamazenta|Zamazenta|100/100
|-ability|p2a: Zamazenta|Dauntless Shield|boost
|-boost|p2a: Zamazenta|def|1
|turn|6
|
|t:|1760761487
|move|p2a: Zamazenta|Body Press|p1a: Corviknight
|-damage|p1a: Corviknight|0 fnt
|-damage|p2a: Zamazenta|84/100|[from] item: Rocky Helmet|[of] p1a: Corviknight
|faint|p1a: Corviknight
|
|-heal|p2a: Zamazenta|90/100|[from] item: Leftovers
|upkeep
|
|t:|1760761491
|switch|p1a: Great Tusk|Great Tusk|100/100
|-damage|p1a: Great Tusk|98/100|[from] Stealth Rock
|turn|7
|
|t:|1760761508
|move|p2a: Zamazenta|Substitute|p2a: Zamazenta
|-start|p2a: Zamazenta|Substitute
|-damage|p2a: Zamazenta|65/100
|move|p1a: Great Tusk|Rapid Spin|p2a: Zamazenta
|-activate|p2a: Zamazenta|move: Substitute|[damage]
|-sideend|p1: bxjjne c|Stealth Rock|[from] move: Rapid Spin|[of] p1a: Great Tusk
|-boost|p1a: Great Tusk|spe|1
|
|-heal|p2a: Zamazenta|71/100|[from] item: Leftovers
|upkeep
|turn|8
|
|t:|1760761518
|move|p1a: Great Tusk|Brick Break|p2a: Zamazenta
|-end|p2a: Zamazenta|Substitute
|move|p2a: Zamazenta|Iron Defense|p2a: Zamazenta
|-boost|p2a: Zamazenta|def|2
|
|-heal|p2a: Zamazenta|77/100|[from] item: Leftovers
|upkeep
|turn|9
|
|t:|1760761528
|move|p1a: Great Tusk|Knock Off|p2a: Zamazenta
|-resisted|p2a: Zamazenta
|-damage|p2a: Zamazenta|72/100
|-enditem|p2a: Zamazenta|Leftovers|[from] move: Knock Off|[of] p1a: Great Tusk
|move|p2a: Zamazenta|Body Press|p1a: Great Tusk
|-damage|p1a: Great Tusk|39/100
|
|upkeep
|turn|10
|
|t:|1760761538
|move|p1a: Great Tusk|Brick Break|p2a: Zamazenta
|-damage|p2a: Zamazenta|59/100
|move|p2a: Zamazenta|Body Press|p1a: Great Tusk
|-damage|p1a: Great Tusk|0 fnt
|faint|p1a: Great Tusk
|-end|p1a: Great Tusk|Protosynthesis|[silent]
|
|upkeep
|
|t:|1760761543
|switch|p1a: Heatran|Heatran, M|100/100
|turn|11
|
|t:|1760761548
|-terastallize|p1a: Heatran|Ghost
|move|p2a: Zamazenta|Body Press|p1a: Heatran
|-immune|p1a: Heatran
|move|p1a: Heatran|Lava Plume|p2a: Zamazenta
|-crit|p2a: Zamazenta
|-damage|p2a: Zamazenta|0 fnt
|faint|p2a: Zamazenta
|
|upkeep
|inactive|StrixZee has 90 seconds left.
|
|t:|1760761566
|switch|p2a: Landorus|Landorus-Therian, M|100/100
|-ability|p2a: Landorus|Intimidate|boost
|-unboost|p1a: Heatran|atk|1
|turn|12
|inactive|StrixZee has 90 seconds left.
|
|t:|1760761575
|switch|p1a: Gliscor|Gliscor, M|100/100
|move|p2a: Landorus|Earthquake|p1a: Gliscor
|-immune|p1a: Gliscor
|
|-status|p1a: Gliscor|tox|[from] item: Toxic Orb
|upkeep
|turn|13
|
|t:|1760761584
|switch|p2a: Kyurem|Kyurem|100/100
|-ability|p2a: Kyurem|Pressure
|move|p1a: Gliscor|Agility|p1a: Gliscor
|-boost|p1a: Gliscor|spe|2
|
|upkeep
|turn|14
|
|t:|1760761593
|move|p1a: Gliscor|Facade|p2a: Kyurem
|-damage|p2a: Kyurem|72/100
|move|p2a: Kyurem|Icicle Spear|p1a: Gliscor
|-supereffective|p1a: Gliscor
|-damage|p1a: Gliscor|65/100 tox
|-supereffective|p1a: Gliscor
|-damage|p1a: Gliscor|28/100 tox
|-supereffective|p1a: Gliscor
|-damage|p1a: Gliscor|0 fnt
|faint|p1a: Gliscor
|-hitcount|p1: Gliscor|3
|
|upkeep
|
|t:|1760761600
|switch|p1a: Chansey|Chansey, F|100/100
|turn|15
|
|t:|1760761608
|move|p2a: Kyurem|Dragon Dance|p2a: Kyurem
|-boost|p2a: Kyurem|atk|1
|-boost|p2a: Kyurem|spe|1
|move|p1a: Chansey|Stealth Rock|p2a: Kyurem
|-sidestart|p2: StrixZee|move: Stealth Rock
|
|upkeep
|turn|16
|
|t:|1760761614
|move|p2a: Kyurem|Dragon Dance|p2a: Kyurem
|-boost|p2a: Kyurem|atk|1
|-boost|p2a: Kyurem|spe|1
|move|p1a: Chansey|Thunder Wave|p2a: Kyurem
|-status|p2a: Kyurem|par
|
|upkeep
|turn|17
|inactive|StrixZee has 120 seconds left.
|
|t:|1760761628
|move|p2a: Kyurem|Scale Shot|p1a: Chansey
|-damage|p1a: Chansey|82/100
|-damage|p1a: Chansey|64/100
|-damage|p1a: Chansey|45/100
|-damage|p1a: Chansey|27/100
|-hitcount|p1a: Chansey|4
|-unboost|p2a: Kyurem|def|1
|-boost|p2a: Kyurem|spe|1
|move|p1a: Chansey|Seismic Toss|p2a: Kyurem
|-damage|p2a: Kyurem|47/100 par
|
|upkeep
|turn|18
|inactive|StrixZee has 120 seconds left.
|
|t:|1760761642
|move|p2a: Kyurem|Scale Shot|p1a: Chansey
|-damage|p1a: Chansey|7/100
|-damage|p1a: Chansey|0 fnt
|faint|p1a: Chansey
|-hitcount|p1: Chansey|2
|-unboost|p2a: Kyurem|def|1
|-boost|p2a: Kyurem|spe|1
|
|upkeep
|
|t:|1760761645
|switch|p1a: Heatran|Heatran, M, tera:Ghost|100/100
|turn|19
|inactive|StrixZee has 120 seconds left.
|
|t:|1760761659
|cant|p2a: Kyurem|par
|move|p1a: Heatran|Flash Cannon|p2a: Kyurem
|-supereffective|p2a: Kyurem
|-damage|p2a: Kyurem|0 fnt
|faint|p2a: Kyurem
|
|upkeep
|inactive|StrixZee has 120 seconds left.
|
|t:|1760761671
|switch|p2a: Kingambit|Kingambit, M|100/100
|-damage|p2a: Kingambit|94/100|[from] Stealth Rock
|-activate|p2a: Kingambit|ability: Supreme Overlord
|-start|p2a: Kingambit|fallen4|[silent]
|turn|20
|inactive|StrixZee has 120 seconds left.
|
|t:|1760761677
|move|p2a: Kingambit|Sucker Punch|p1a: Heatran
|-supereffective|p1a: Heatran
|-damage|p1a: Heatran|0 fnt
|faint|p1a: Heatran
|
|-heal|p2a: Kingambit|100/100|[from] item: Leftovers
|upkeep
|
|t:|1760761681
|switch|p1a: Kyurem|Kyurem|100/100
|-ability|p1a: Kyurem|Pressure
|turn|21
|
|t:|1760761688
|move|p2a: Kingambit|Sucker Punch|p1a: Kyurem
|-damage|p1a: Kyurem|49/100
|move|p1a: Kyurem|Earth Power|p2a: Kingambit
|-supereffective|p2a: Kingambit
|-damage|p2a: Kingambit|36/100
|
|-heal|p1a: Kyurem|55/100|[from] item: Leftovers
|-heal|p2a: Kingambit|42/100|[from] item: Leftovers
|upkeep
|turn|22
|
|t:|1760761697
|move|p2a: Kingambit|Sucker Punch|p1a: Kyurem
|-damage|p1a: Kyurem|1/100
|move|p1a: Kyurem|Earth Power|p2a: Kingambit
|-supereffective|p2a: Kingambit
|-damage|p2a: Kingambit|0 fnt
|faint|p2a: Kingambit
|-end|p2a: Kingambit|fallen4|[silent]
|
|-heal|p1a: Kyurem|7/100|[from] item: Leftovers
|upkeep
|
|t:|1760761707
|switch|p2a: Landorus|Landorus-Therian, M|100/100
|-damage|p2a: Landorus|88/100|[from] Stealth Rock
|-ability|p2a: Landorus|Intimidate|boost
|-unboost|p1a: Kyurem|atk|1
|turn|23
|
|t:|1760761720
|-terastallize|p2a: Landorus|Water
|move|p1a: Kyurem|Ice Beam|p2a: Landorus
|-resisted|p2a: Landorus
|-damage|p2a: Landorus|62/100
|-status|p2a: Landorus|frz
|cant|p2a: Landorus|frz
|
|-heal|p1a: Kyurem|13/100|[from] item: Leftovers
|upkeep
|turn|24
|
|t:|1760761732
|move|p1a: Kyurem|Freeze-Dry|p2a: Landorus
|-supereffective|p2a: Landorus
|-damage|p2a: Landorus|0 fnt
|faint|p2a: Landorus
|
|win|bxjjne c
|raw|bxjjne c's rating: 1196 &rarr; <strong>1218</strong><br />(+22 for winning)
|raw|StrixZee's rating: 1159 &rarr; <strong>1137</strong><br />(-22 for losing)
|l|☆StrixZee
|player|p2|
|l|☆bxjjne c
|player|p1|
