|j|☆gus2007
|j|☆the goat(literal)
|t:|1760877548
|gametype|singles
|player|p1|gus2007|170|1199
|player|p2|the goat(literal)|2|1215
|gen|9
|tier|[Gen 9] OU
|rated|
|rule|HP Percentage Mod: HP is shown in percentages
|rule|Endless Battle Clause: Forcing endless battles is banned
|rule|Species Clause: Limit one of each Pokémon
|rule|OHKO Clause: OHKO moves are banned
|rule|Evasion Items Clause: Evasion items are banned
|rule|Evasion Moves Clause: Evasion moves are banned
|rule|Evasion Abilities Clause: Evasion abilities are banned
|rule|Sleep Moves Clause: Sleep-inducing moves are banned
|clearpoke
|poke|p1|Barraskewda, F|
|poke|p1|Pelipper, F|
|poke|p1|Ludicolo, F|
|poke|p1|Iron Treads|
|poke|p1|Zapdos|
|poke|p1|Kingambit, F|
|poke|p2|Scrafty, M|
|poke|p2|Klefki, F|
|poke|p2|Raging Bolt|
|poke|p2|Moltres|
|poke|p2|Primarina, F|
|poke|p2|Amoonguss, M|
|teampreview
|inactive|Battle timer is ON: inactive players will automatically lose when time's up. (requested by gus2007)
|
|t:|1760877558
|teamsize|p1|6
|teamsize|p2|6
|start
|switch|p1a: Barraskewda|Barraskewda, F|100/100
|switch|p2a: Klefki|Klefki, F|100/100
|turn|1
|
|t:|1760877563
|move|p2a: Klefki|Reflect|p2a: Klefki
|-sidestart|p2: the goat(literal)|Reflect
|move|p1a: Barraskewda|Flip Turn|p2a: Klefki
|-damage|p2a: Klefki|78/100
|
|t:|1760877567
|switch|p1a: Ludicolo|Ludicolo, F|100/100|[from] Flip Turn
|
|upkeep
|turn|2
|
|t:|1760877573
|move|p2a: Klefki|Light Screen|p2a: Klefki
|-sidestart|p2: the goat(literal)|move: Light Screen
|move|p1a: Ludicolo|Leech Seed|p2a: Klefki
|-start|p2a: Klefki|move: Leech Seed
|
|-damage|p2a: Klefki|66/100|[from] Leech Seed|[of] p1a: Ludicolo
|upkeep
|turn|3
|
|t:|1760877576
|switch|p1a: Pelipper|Pelipper, F|100/100
|-weather|RainDance|[from] ability: Drizzle|[of] p1a: Pelipper
|switch|p2a: Amoonguss|Amoonguss, M|100/100
|
|-weather|RainDance|[upkeep]
|upkeep
|turn|4
|
|t:|1760877585
|switch|p1a: Ludicolo|Ludicolo, F|100/100
|move|p2a: Amoonguss|Foul Play|p1a: Ludicolo
|-damage|p1a: Ludicolo|81/100
|
|-weather|RainDance|[upkeep]
|-heal|p1a: Ludicolo|87/100|[from] item: Leftovers
|upkeep
|turn|5
|
|t:|1760877588
|move|p1a: Ludicolo|Ice Beam|p2a: Amoonguss
|-supereffective|p2a: Amoonguss
|-damage|p2a: Amoonguss|76/100
|-enditem|p2a: Amoonguss|Eject Button
|
|t:|1760877596
|switch|p2a: Scrafty|Scrafty, M|100/100
|
|-weather|RainDance|[upkeep]
|-heal|p1a: Ludicolo|93/100|[from] item: Leftovers
|upkeep
|turn|6
|
|t:|1760877602
|move|p1a: Ludicolo|Leech Seed|p2a: Scrafty
|-start|p2a: Scrafty|move: Leech Seed
|move|p2a: Scrafty|Knock Off|p1a: Ludicolo
|-damage|p1a: Ludicolo|37/100
|-enditem|p1a: Ludicolo|Leftovers|[from] move: Knock Off|[of] p2a: Scrafty
|
|-weather|RainDance|[upkeep]
|-damage|p2a: Scrafty|88/100|[from] Leech Seed|[of] p1a: Ludicolo
|-heal|p1a: Ludicolo|49/100|[silent]
|upkeep
|turn|7
|
|t:|1760877608
|switch|p2a: Amoonguss|Amoonguss, M|100/100
|move|p1a: Ludicolo|Giga Drain|p2a: Amoonguss
|-resisted|p2a: Amoonguss
|-damage|p2a: Amoonguss|96/100
|-heal|p1a: Ludicolo|51/100|[from] drain|[of] p2a: Amoonguss
|
|-weather|RainDance|[upkeep]
|upkeep
|turn|8
|
|t:|1760877613
|move|p1a: Ludicolo|Ice Beam|p2a: Amoonguss
|-supereffective|p2a: Amoonguss
|-damage|p2a: Amoonguss|71/100
|move|p2a: Amoonguss|Sludge Bomb|p1a: Ludicolo
|-supereffective|p1a: Ludicolo
|-damage|p1a: Ludicolo|0 fnt
|faint|p1a: Ludicolo
|
|-weather|RainDance|[upkeep]
|-sideend|p2: the goat(literal)|Reflect
|upkeep
|
|t:|1760877620
|switch|p1a: Iron Treads|Iron Treads|100/100
|turn|9
|
|t:|1760877624
|move|p1a: Iron Treads|Stealth Rock|p2a: Amoonguss
|-sidestart|p2: the goat(literal)|move: Stealth Rock
|move|p2a: Amoonguss|Giga Drain|p1a: Iron Treads
|-damage|p1a: Iron Treads|71/100
|-heal|p2a: Amoonguss|81/100|[from] drain|[of] p1a: Iron Treads
|
|-weather|RainDance|[upkeep]
|-sideend|p2: the goat(literal)|move: Light Screen
|upkeep
|turn|10
|
|t:|1760877636
|-end|p1a: Iron Treads|Quark Drive|[silent]
|switch|p1a: Barraskewda|Barraskewda, F|100/100
|move|p2a: Amoonguss|Foul Play|p1a: Barraskewda
|-crit|p1a: Barraskewda
|-damage|p1a: Barraskewda|2/100
|
|-weather|none
|upkeep
|turn|11
|
|t:|1760877643
|move|p1a: Barraskewda|Flip Turn|p2a: Amoonguss
|-resisted|p2a: Amoonguss
|-damage|p2a: Amoonguss|65/100
|
|t:|1760877646
|switch|p1a: Pelipper|Pelipper, F|100/100|[from] Flip Turn
|-weather|RainDance|[from] ability: Drizzle|[of] p1a: Pelipper
|move|p2a: Amoonguss|Synthesis|p2a: Amoonguss
|-heal|p2a: Amoonguss|90/100
|
|-weather|RainDance|[upkeep]
|upkeep
|turn|12
|
|t:|1760877650
|switch|p2a: Klefki|Klefki, F|66/100
|-damage|p2a: Klefki|60/100|[from] Stealth Rock
|move|p1a: Pelipper|U-turn|p2a: Klefki
|-resisted|p2a: Klefki
|-damage|p2a: Klefki|58/100
|
|t:|1760877652
|switch|p1a: Zapdos|Zapdos|100/100|[from] U-turn
|
|-weather|RainDance|[upkeep]
|upkeep
|turn|13
|
|t:|1760877655
|move|p2a: Klefki|Light Screen|p2a: Klefki
|-sidestart|p2: the goat(literal)|move: Light Screen
|move|p1a: Zapdos|Thunder|p2a: Klefki
|-damage|p2a: Klefki|24/100
|
|-weather|RainDance|[upkeep]
|upkeep
|turn|14
|
|t:|1760877657
|move|p2a: Klefki|Reflect|p2a: Klefki
|-sidestart|p2: the goat(literal)|Reflect
|move|p1a: Zapdos|Thunder|p2a: Klefki
|-damage|p2a: Klefki|0 fnt
|faint|p2a: Klefki
|
|-weather|RainDance|[upkeep]
|upkeep
|
|t:|1760877666
|switch|p2a: Raging Bolt|Raging Bolt|100/100
|-damage|p2a: Raging Bolt|88/100|[from] Stealth Rock
|turn|15
|
|t:|1760877670
|-end|p2a: Raging Bolt|Protosynthesis|[silent]
|switch|p2a: Scrafty|Scrafty, M|88/100
|-damage|p2a: Scrafty|82/100|[from] Stealth Rock
|move|p1a: Zapdos|Volt Switch|p2a: Scrafty
|-damage|p2a: Scrafty|62/100
|
|t:|1760877672
|switch|p1a: Pelipper|Pelipper, F|100/100|[from] Volt Switch
|
|-weather|RainDance|[upkeep]
|upkeep
|turn|16
|
|t:|1760877678
|-terastallize|p2a: Scrafty|Poison
|move|p2a: Scrafty|Dragon Dance|p2a: Scrafty
|-boost|p2a: Scrafty|atk|1
|-boost|p2a: Scrafty|spe|1
|move|p1a: Pelipper|U-turn|p2a: Scrafty
|-resisted|p2a: Scrafty
|-damage|p2a: Scrafty|59/100
|
|t:|1760877686
|switch|p1a: Iron Treads|Iron Treads|71/100|[from] U-turn
|
|-weather|RainDance|[upkeep]
|upkeep
|turn|17
|
|t:|1760877691
|move|p2a: Scrafty|Close Combat|p1a: Iron Treads
|-supereffective|p1a: Iron Treads
|-damage|p1a: Iron Treads|0 fnt
|-unboost|p2a: Scrafty|def|1
|-unboost|p2a: Scrafty|spd|1
|faint|p1a: Iron Treads
|-end|p1a: Iron Treads|Quark Drive|[silent]
|
|-weather|RainDance|[upkeep]
|upkeep
|
|t:|1760877697
|switch|p1a: Barraskewda|Barraskewda, F|2/100
|turn|18
|
|t:|1760877703
|switch|p2a: Moltres|Moltres|100/100
|move|p1a: Barraskewda|Liquidation|p2a: Moltres
|-supereffective|p2a: Moltres
|-damage|p2a: Moltres|25/100
|-unboost|p2a: Moltres|def|1
|
|-weather|none
|upkeep
|turn|19
|
|t:|1760877709
|switch|p1a: Pelipper|Pelipper, F|100/100
|-weather|RainDance|[from] ability: Drizzle|[of] p1a: Pelipper
|move|p2a: Moltres|U-turn|p1a: Pelipper
|-resisted|p1a: Pelipper
|-damage|p1a: Pelipper|95/100
|
|t:|1760877712
|switch|p2a: Raging Bolt|Raging Bolt|88/100|[from] U-turn
|-damage|p2a: Raging Bolt|76/100|[from] Stealth Rock
|
|-weather|RainDance|[upkeep]
|-heal|p2a: Raging Bolt|82/100|[from] item: Leftovers
|upkeep
|turn|20
|
|t:|1760877715
|move|p2a: Raging Bolt|Thunderbolt|p1a: Pelipper
|-supereffective|p1a: Pelipper
|-damage|p1a: Pelipper|0 fnt
|faint|p1a: Pelipper
|
|-weather|RainDance|[upkeep]
|-heal|p2a: Raging Bolt|88/100|[from] item: Leftovers
|-sideend|p2: the goat(literal)|move: Light Screen
|upkeep
|
|t:|1760877719
|switch|p1a: Zapdos|Zapdos|100/100
|turn|21
|
|t:|1760877721
|move|p1a: Zapdos|Hurricane|p2a: Raging Bolt
|-resisted|p2a: Raging Bolt
|-damage|p2a: Raging Bolt|61/100
|-start|p2a: Raging Bolt|confusion
|-activate|p2a: Raging Bolt|confusion
|move|p2a: Raging Bolt|Calm Mind|p2a: Raging Bolt
|-boost|p2a: Raging Bolt|spa|1
|-boost|p2a: Raging Bolt|spd|1
|
|-weather|RainDance|[upkeep]
|-heal|p2a: Raging Bolt|68/100|[from] item: Leftovers
|-sideend|p2: the goat(literal)|Reflect
|upkeep
|turn|22
|
|t:|1760877726
|move|p1a: Zapdos|Hurricane|p2a: Raging Bolt
|-resisted|p2a: Raging Bolt
|-damage|p2a: Raging Bolt|51/100
|-activate|p2a: Raging Bolt|confusion
|move|p2a: Raging Bolt|Thunderbolt|p1a: Zapdos
|-damage|p1a: Zapdos|19/100
|
|-weather|RainDance|[upkeep]
|-heal|p2a: Raging Bolt|57/100|[from] item: Leftovers
|upkeep
|turn|23
|
|t:|1760877732
|-activate|p2a: Raging Bolt|confusion
|move|p2a: Raging Bolt|Thunderclap|p1a: Zapdos
|-damage|p1a: Zapdos|0 fnt
|faint|p1a: Zapdos
|
|-weather|RainDance|[upkeep]
|-heal|p2a: Raging Bolt|63/100|[from] item: Leftovers
|upkeep
|
|t:|1760877734
|switch|p1a: Barraskewda|Barraskewda, F|2/100
|turn|24
|
|t:|1760877739
|-end|p2a: Raging Bolt|Protosynthesis|[silent]
|switch|p2a: Moltres|Moltres|25/100
|move|p1a: Barraskewda|Close Combat|p2a: Moltres
|-resisted|p2a: Moltres
|-damage|p2a: Moltres|0 fnt
|-unboost|p1a: Barraskewda|def|1
|-unboost|p1a: Barraskewda|spd|1
|faint|p2a: Moltres
|
|-weather|RainDance|[upkeep]
|upkeep
|
|t:|1760877743
|switch|p2a: Amoonguss|Amoonguss, M|100/100
|-damage|p2a: Amoonguss|88/100|[from] Stealth Rock
|turn|25
|
|t:|1760877747
|move|p1a: Barraskewda|Close Combat|p2a: Amoonguss
|-resisted|p2a: Amoonguss
|-damage|p2a: Amoonguss|64/100
|-unboost|p1a: Barraskewda|def|1
|-unboost|p1a: Barraskewda|spd|1
|move|p2a: Amoonguss|Foul Play|p1a: Barraskewda
|-damage|p1a: Barraskewda|0 fnt
|faint|p1a: Barraskewda
|
|-weather|RainDance|[upkeep]
|upkeep
|
|t:|1760877750
|switch|p1a: Kingambit|Kingambit, F|100/100
|-activate|p1a: Kingambit|ability: Supreme Overlord
|-start|p1a: Kingambit|fallen5|[silent]
|turn|26
|
|t:|1760877752
|move|p1a: Kingambit|Iron Head|p2a: Amoonguss
|-damage|p2a: Amoonguss|11/100
|move|p2a: Amoonguss|Foul Play|p1a: Kingambit
|-resisted|p1a: Kingambit
|-damage|p1a: Kingambit|87/100
|
|-weather|none
|upkeep
|turn|27
|
|t:|1760877756
|move|p1a: Kingambit|Swords Dance|p1a: Kingambit
|-boost|p1a: Kingambit|atk|2
|move|p2a: Amoonguss|Foul Play|p1a: Kingambit
|-resisted|p1a: Kingambit
|-damage|p1a: Kingambit|58/100
|
|upkeep
|turn|28
|
|t:|1760877758
|move|p1a: Kingambit|Iron Head|p2a: Amoonguss
|-damage|p2a: Amoonguss|0 fnt
|faint|p2a: Amoonguss
|
|upkeep
|
|t:|1760877760
|switch|p2a: Scrafty|Scrafty, M, tera:Poison|59/100
|-damage|p2a: Scrafty|47/100|[from] Stealth Rock
|turn|29
|
|t:|1760877763
|move|p1a: Kingambit|Sucker Punch||[still]
|-fail|p1a: Kingambit
|move|p2a: Scrafty|Dragon Dance|p2a: Scrafty
|-boost|p2a: Scrafty|atk|1
|-boost|p2a: Scrafty|spe|1
|
|upkeep
|turn|30
|
|t:|1760877768
|move|p1a: Kingambit|Sucker Punch||[still]
|-fail|p1a: Kingambit
|move|p2a: Scrafty|Dragon Dance|p2a: Scrafty
|-boost|p2a: Scrafty|atk|1
|-boost|p2a: Scrafty|spe|1
|
|upkeep
|turn|31
|
|t:|1760877770
|-terastallize|p1a: Kingambit|Ghost
|move|p2a: Scrafty|Close Combat|p1a: Kingambit
|-immune|p1a: Kingambit
|move|p1a: Kingambit|Swords Dance|p1a: Kingambit
|-boost|p1a: Kingambit|atk|2
|
|upkeep
|turn|32
|
|t:|1760877774
|move|p1a: Kingambit|Sucker Punch||[still]
|-fail|p1a: Kingambit
|move|p2a: Scrafty|Dragon Dance|p2a: Scrafty
|-boost|p2a: Scrafty|atk|1
|-boost|p2a: Scrafty|spe|1
|
|upkeep
|turn|33
|
|t:|1760877783
|move|p2a: Scrafty|Knock Off|p1a: Kingambit
|-supereffective|p1a: Kingambit
|-damage|p1a: Kingambit|0 fnt
|-enditem|p1a: Kingambit|Black Glasses|[from] move: Knock Off|[of] p2a: Scrafty
|faint|p1a: Kingambit
|-end|p1a: Kingambit|fallen5|[silent]
|
|win|the goat(literal)
|raw|gus2007's rating: 1199 &rarr; <strong>1175</strong><br />(-24 for losing)
|raw|the goat(literal)'s rating: 1215 &rarr; <strong>1239</strong><br />(+24 for winning)
|l|☆the goat(literal)
|player|p2|
|l|☆gus2007
|player|p1|
