|j|☆obezer
|j|‽Vicossee
|t:|1760832923
|gametype|singles
|player|p1|obezer|marshal|1274
|player|p2|Vicossee|266|1245
|gen|9
|tier|[Gen 9] OU
|rated|
|rule|HP Percentage Mod: HP is shown in percentages
|rule|Endless Battle Clause: Forcing endless battles is banned
|rule|Species Clause: Limit one of each Pokémon
|rule|OHKO Clause: OHKO moves are banned
|rule|Evasion Items Clause: Evasion items are banned
|rule|Evasion Moves Clause: Evasion moves are banned
|rule|Evasion Abilities Clause: Evasion abilities are banned
|rule|Sleep Moves Clause: Sleep-inducing moves are banned
|clearpoke
|poke|p1|Kleavor, M|
|poke|p1|Rillaboom, M|
|poke|p1|Sinistcha|
|poke|p1|Bellibolt, M|
|poke|p1|Hawlucha, F|
|poke|p1|Cramorant, F|
|poke|p2|Iron Valiant|
|poke|p2|Gholdengo|
|poke|p2|Moltres|
|poke|p2|Keldeo-Resolute|
|poke|p2|Kyurem|
|poke|p2|Iron Crown|
|teampreview
|
|t:|1760832933
|teamsize|p1|6
|teamsize|p2|6
|start
|switch|p1a: Kleavor|Kleavor, M|100/100
|switch|p2a: Moltres|Moltres|100/100
|turn|1
|
|t:|1760832944
|switch|p2a: Keldeo|Keldeo-Resolute|100/100
|move|p1a: Kleavor|Stone Axe|p2a: Keldeo
|-resisted|p2a: Keldeo
|-damage|p2a: Keldeo|69/100
|-sidestart|p2: Vicossee|move: Stealth Rock
|
|upkeep
|turn|2
|
|t:|1760832950
|switch|p1a: Bellibolt|Bellibolt, M|100/100
|move|p2a: Keldeo|Hydro Pump|p1a: Bellibolt
|-damage|p1a: Bellibolt|70/100
|-start|p1a: Bellibolt|Charge|Hydro Pump|[from] ability: Electromorphosis
|
|upkeep
|turn|3
|
|t:|1760832966
|switch|p2a: Kyurem|Kyurem|100/100
|-damage|p2a: Kyurem|76/100|[from] Stealth Rock
|-ability|p2a: Kyurem|Pressure
|move|p1a: Bellibolt|Parabolic Charge|p2a: Kyurem
|-resisted|p2a: Kyurem
|-damage|p2a: Kyurem|45/100
|-heal|p1a: Bellibolt|86/100|[from] drain|[of] p2a: Kyurem
|-end|p1a: Bellibolt|Charge|[silent]
|
|upkeep
|turn|4
|
|t:|1760832980
|move|p2a: Kyurem|Icicle Spear|p1a: Bellibolt
|-damage|p1a: Bellibolt|72/100
|-start|p1a: Bellibolt|Charge|Icicle Spear|[from] ability: Electromorphosis
|-damage|p1a: Bellibolt|57/100
|-start|p1a: Bellibolt|Charge|Icicle Spear|[from] ability: Electromorphosis
|-damage|p1a: Bellibolt|43/100
|-start|p1a: Bellibolt|Charge|Icicle Spear|[from] ability: Electromorphosis
|-damage|p1a: Bellibolt|29/100
|-start|p1a: Bellibolt|Charge|Icicle Spear|[from] ability: Electromorphosis
|-hitcount|p1a: Bellibolt|4
|move|p1a: Bellibolt|Parabolic Charge|p2a: Kyurem
|-resisted|p2a: Kyurem
|-damage|p2a: Kyurem|14/100
|-heal|p1a: Bellibolt|46/100|[from] drain|[of] p2a: Kyurem
|-end|p1a: Bellibolt|Charge|[silent]
|
|upkeep
|turn|5
|
|t:|1760832994
|switch|p1a: Cramorant|Cramorant, F|100/100
|move|p2a: Kyurem|Icicle Spear|p1a: Cramorant
|-damage|p1a: Cramorant|88/100
|-damage|p1a: Cramorant|75/100
|-damage|p1a: Cramorant|62/100
|-damage|p1a: Cramorant|49/100
|-damage|p1a: Cramorant|37/100
|-hitcount|p1a: Cramorant|5
|
|upkeep
|turn|6
|
|t:|1760833023
|move|p2a: Kyurem|Icicle Spear|p1a: Cramorant
|-damage|p1a: Cramorant|23/100
|-damage|p1a: Cramorant|10/100
|-damage|p1a: Cramorant|0 fnt
|faint|p1a: Cramorant
|-hitcount|p1: Cramorant|3
|
|upkeep
|
|t:|1760833029
|switch|p1a: Rillaboom|Rillaboom, M|100/100
|-fieldstart|move: Grassy Terrain|[from] ability: Grassy Surge|[of] p1a: Rillaboom
|turn|7
|
|t:|1760833033
|move|p1a: Rillaboom|Grassy Glide|p2a: Kyurem
|-resisted|p2a: Kyurem
|-crit|p2a: Kyurem
|-damage|p2a: Kyurem|0 fnt
|faint|p2a: Kyurem
|-damage|p1a: Rillaboom|91/100|[from] item: Life Orb
|
|-heal|p1a: Rillaboom|97/100|[from] Grassy Terrain
|upkeep
|
|t:|1760833039
|switch|p2a: Moltres|Moltres|100/100
|turn|8
|
|t:|1760833056
|switch|p1a: Bellibolt|Bellibolt, M|46/100
|move|p2a: Moltres|U-turn|p1a: Bellibolt
|-damage|p1a: Bellibolt|32/100
|-start|p1a: Bellibolt|Charge|U-turn|[from] ability: Electromorphosis
|
|t:|1760833071
|switch|p2a: Gholdengo|Gholdengo|100/100|[from] U-turn
|-damage|p2a: Gholdengo|94/100|[from] Stealth Rock
|
|-heal|p2a: Gholdengo|100/100|[from] Grassy Terrain
|-heal|p1a: Bellibolt|38/100|[from] Grassy Terrain
|upkeep
|turn|9
|inactive|Battle timer is ON: inactive players will automatically lose when time's up. (requested by obezer)
|
|t:|1760833077
|move|p2a: Gholdengo|Shadow Ball|p1a: Bellibolt
|-crit|p1a: Bellibolt
|-damage|p1a: Bellibolt|0 fnt
|faint|p1a: Bellibolt
|
|upkeep
|
|t:|1760833093
|switch|p1a: Rillaboom|Rillaboom, M|97/100
|turn|10
|
|t:|1760833106
|move|p2a: Gholdengo|Shadow Ball|p1a: Rillaboom
|-damage|p1a: Rillaboom|40/100
|move|p1a: Rillaboom|Knock Off|p2a: Gholdengo
|-supereffective|p2a: Gholdengo
|-damage|p2a: Gholdengo|7/100
|-enditem|p2a: Gholdengo|Choice Scarf|[from] move: Knock Off|[of] p1a: Rillaboom
|-damage|p1a: Rillaboom|30/100|[from] item: Life Orb
|
|-heal|p1a: Rillaboom|36/100|[from] Grassy Terrain
|-heal|p2a: Gholdengo|13/100|[from] Grassy Terrain
|upkeep
|turn|11
|
|t:|1760833132
|move|p1a: Rillaboom|Drum Beating|p2a: Gholdengo
|-resisted|p2a: Gholdengo
|-damage|p2a: Gholdengo|0 fnt
|faint|p2a: Gholdengo
|-damage|p1a: Rillaboom|27/100|[from] item: Life Orb
|
|-heal|p1a: Rillaboom|33/100|[from] Grassy Terrain
|-fieldend|move: Grassy Terrain
|upkeep
|
|t:|1760833135
|switch|p2a: Moltres|Moltres|100/100
|turn|12
|
|t:|1760833162
|switch|p1a: Sinistcha|Sinistcha|100/100
|move|p2a: Moltres|Flamethrower|p1a: Sinistcha
|-supereffective|p1a: Sinistcha
|-damage|p1a: Sinistcha|47/100
|
|upkeep
|turn|13
|
|t:|1760833174
|switch|p1a: Kleavor|Kleavor, M|100/100
|move|p2a: Moltres|Flamethrower|p1a: Kleavor
|-damage|p1a: Kleavor|23/100
|
|upkeep
|turn|14
|
|t:|1760833182
|switch|p2a: Keldeo|Keldeo-Resolute|69/100
|-damage|p2a: Keldeo|62/100|[from] Stealth Rock
|move|p1a: Kleavor|Stone Axe|p2a: Keldeo
|-resisted|p2a: Keldeo
|-damage|p2a: Keldeo|29/100
|
|upkeep
|turn|15
|
|t:|1760833191
|move|p2a: Keldeo|Vacuum Wave|p1a: Kleavor
|-crit|p1a: Kleavor
|-damage|p1a: Kleavor|0 fnt
|faint|p1a: Kleavor
|
|upkeep
|
|t:|1760833206
|switch|p1a: Rillaboom|Rillaboom, M|33/100
|-fieldstart|move: Grassy Terrain|[from] ability: Grassy Surge|[of] p1a: Rillaboom
|turn|16
|
|t:|1760833213
|-terastallize|p2a: Keldeo|Fighting
|move|p2a: Keldeo|Vacuum Wave|p1a: Rillaboom
|-damage|p1a: Rillaboom|0 fnt
|faint|p1a: Rillaboom
|
|-heal|p2a: Keldeo|35/100|[from] Grassy Terrain
|upkeep
|
|t:|1760833224
|switch|p1a: Hawlucha|Hawlucha, F|100/100
|-enditem|p1a: Hawlucha|Grassy Seed
|-boost|p1a: Hawlucha|def|1|[from] item: Grassy Seed
|turn|17
|
|t:|1760833240
|move|p2a: Keldeo|Vacuum Wave|p1a: Hawlucha
|-resisted|p1a: Hawlucha
|-damage|p1a: Hawlucha|74/100
|move|p1a: Hawlucha|Acrobatics|p2a: Keldeo
|-supereffective|p2a: Keldeo
|-damage|p2a: Keldeo|0 fnt
|faint|p2a: Keldeo
|
|upkeep
|
|t:|1760833249
|switch|p2a: Iron Crown|Iron Crown|100/100
|-damage|p2a: Iron Crown|94/100|[from] Stealth Rock
|-enditem|p2a: Iron Crown|Booster Energy
|-activate|p2a: Iron Crown|ability: Quark Drive|[fromitem]
|-start|p2a: Iron Crown|quarkdrivespa
|turn|18
|
|t:|1760833257
|-terastallize|p1a: Hawlucha|Ground
|move|p1a: Hawlucha|Swords Dance|p1a: Hawlucha
|-boost|p1a: Hawlucha|atk|2
|move|p2a: Iron Crown|Psychic|p1a: Hawlucha
|-damage|p1a: Hawlucha|0 fnt
|faint|p1a: Hawlucha
|
|-heal|p2a: Iron Crown|100/100|[from] Grassy Terrain
|upkeep
|-message|obezer forfeited.
|
|win|Vicossee
|raw|obezer's rating: 1274 &rarr; <strong>1247</strong><br />(-27 for losing)
|raw|Vicossee's rating: 1245 &rarr; <strong>1272</strong><br />(+27 for winning)
|l|☆obezer
|player|p1|
|l|‽Vicossee
|player|p2|
