|j|☆idnvu
|j|☆Pergame
|t:|1760770871
|gametype|singles
|player|p1|idnvu|cynthia|1320
|player|p2|Pergame|2|1230
|gen|9
|tier|[Gen 9] OU
|rated|
|rule|HP Percentage Mod: HP is shown in percentages
|rule|Endless Battle Clause: Forcing endless battles is banned
|rule|Species Clause: Limit one of each Pokémon
|rule|OHKO Clause: OHKO moves are banned
|rule|Evasion Items Clause: Evasion items are banned
|rule|Evasion Moves Clause: Evasion moves are banned
|rule|Evasion Abilities Clause: Evasion abilities are banned
|rule|Sleep Moves Clause: Sleep-inducing moves are banned
|clearpoke
|poke|p1|Deoxys-Speed|
|poke|p1|Dragonite, M|
|poke|p1|Darkrai|
|poke|p1|Iron Moth|
|poke|p1|Scizor, M|
|poke|p1|Great Tusk|
|poke|p2|Toxapex, M|
|poke|p2|Hippowdon, M|
|poke|p2|Great Tusk|
|poke|p2|Iron Moth|
|poke|p2|Meowscarada, F|
|poke|p2|Walking Wake|
|teampreview
|
|t:|1760770878
|teamsize|p1|6
|teamsize|p2|6
|start
|switch|p1a: 2hollis|Scizor, M, shiny|100/100
|switch|p2a: Toxapex|Toxapex, M|100/100
|turn|1
|
|t:|1760770897
|move|p1a: 2hollis|U-turn|p2a: Toxapex
|-resisted|p2a: Toxapex
|-damage|p2a: Toxapex|79/100
|inactive|Battle timer is ON: inactive players will automatically lose when time's up. (requested by Pergame)
|
|t:|1760770931
|switch|p1a: osamason|Darkrai|100/100|[from] U-turn
|move|p2a: Toxapex|Surf|p1a: osamason
|-damage|p1a: osamason|71/100
|
|-heal|p2a: Toxapex|85/100|[from] item: Leftovers
|upkeep
|turn|2
|
|t:|1760770945
|move|p1a: osamason|Dark Pulse|p2a: Toxapex
|-damage|p2a: Toxapex|43/100
|move|p2a: Toxapex|Toxic|p1a: osamason
|-status|p1a: osamason|tox
|
|-heal|p2a: Toxapex|50/100|[from] item: Leftovers
|-damage|p1a: osamason|65/100 tox|[from] psn
|upkeep
|turn|3
|inactive|idnvu has 120 seconds left.
|
|t:|1760770980
|switch|p1a: Great Tusk|Great Tusk, shiny|100/100
|-enditem|p1a: Great Tusk|Booster Energy
|-activate|p1a: Great Tusk|ability: Protosynthesis|[fromitem]
|-start|p1a: Great Tusk|protosynthesisspe
|move|p2a: Toxapex|Surf|p1a: Great Tusk
|-supereffective|p1a: Great Tusk
|-damage|p1a: Great Tusk|49/100
|
|-heal|p2a: Toxapex|56/100|[from] item: Leftovers
|upkeep
|turn|4
|
|t:|1760770992
|move|p1a: Great Tusk|Headlong Rush|p2a: Toxapex
|-supereffective|p2a: Toxapex
|-damage|p2a: Toxapex|0 fnt
|-unboost|p1a: Great Tusk|def|1
|-unboost|p1a: Great Tusk|spd|1
|faint|p2a: Toxapex
|
|upkeep
|
|t:|1760771010
|switch|p2a: Walking Wake|Walking Wake|100/100
|turn|5
|inactive|Pergame has 120 seconds left.
|inactive|Pergame has 90 seconds left.
|
|t:|1760771068
|move|p2a: Walking Wake|Scald|p1a: Great Tusk
|-supereffective|p1a: Great Tusk
|-damage|p1a: Great Tusk|0 fnt
|faint|p1a: Great Tusk
|-end|p1a: Great Tusk|Protosynthesis|[silent]
|
|upkeep
|l|☆Pergame
|inactive|Pergame disconnected and has a minute to reconnect!
|player|p2|
|inactive|idnvu has 120 seconds left.
|
|t:|1760771096
|switch|p1a: xaviersobased|Dragonite, M|100/100
|turn|6
|j|☆Pergame
|inactive|Pergame reconnected and has 80 seconds left.
|player|p2|Pergame|2|
|
|t:|1760771127
|-end|p2a: Walking Wake|Protosynthesis|[silent]
|switch|p2a: Hippowdon|Hippowdon, M|100/100
|-weather|Sandstorm|[from] ability: Sand Stream|[of] p2a: Hippowdon
|move|p1a: xaviersobased|Dragon Dance|p1a: xaviersobased
|-boost|p1a: xaviersobased|atk|1
|-boost|p1a: xaviersobased|spe|1
|
|-weather|Sandstorm|[upkeep]
|-damage|p1a: xaviersobased|94/100|[from] Sandstorm
|upkeep
|turn|7
|inactive|idnvu has 120 seconds left.
|
|t:|1760771150
|move|p1a: xaviersobased|Low Kick|p2a: Hippowdon
|-damage|p2a: Hippowdon|56/100
|move|p2a: Hippowdon|Whirlwind|p1a: xaviersobased
|drag|p1a: osamason|Darkrai|65/100 tox
|
|-weather|Sandstorm|[upkeep]
|-damage|p1a: osamason|59/100 tox|[from] Sandstorm
|-heal|p2a: Hippowdon|62/100|[from] item: Leftovers
|-damage|p1a: osamason|53/100 tox|[from] psn
|upkeep
|turn|8
|
|t:|1760771164
|move|p1a: osamason|Ice Beam|p2a: Hippowdon
|-supereffective|p2a: Hippowdon
|-damage|p2a: Hippowdon|0 fnt
|faint|p2a: Hippowdon
|
|-weather|Sandstorm|[upkeep]
|-damage|p1a: osamason|47/100 tox|[from] Sandstorm
|-damage|p1a: osamason|35/100 tox|[from] psn
|upkeep
|inactive|Pergame has 60 seconds left.
|
|t:|1760771184
|switch|p2a: Walking Wake|Walking Wake|100/100
|turn|9
|
|t:|1760771190
|move|p2a: Walking Wake|Dragon Pulse|p1a: osamason
|-damage|p1a: osamason|0 fnt
|faint|p1a: osamason
|
|-weather|Sandstorm|[upkeep]
|-damage|p2a: Walking Wake|94/100|[from] Sandstorm
|upkeep
|
|t:|1760771207
|switch|p1a: 2hollis|Scizor, M, shiny|100/100
|turn|10
|
|t:|1760771211
|-end|p2a: Walking Wake|Protosynthesis|[silent]
|switch|p2a: Iron Moth|Iron Moth|100/100
|move|p1a: 2hollis|U-turn|p2a: Iron Moth
|-resisted|p2a: Iron Moth
|-damage|p2a: Iron Moth|77/100
|
|t:|1760771217
|switch|p1a: nettspend|Deoxys-Speed, shiny|100/100|[from] U-turn
|-ability|p1a: nettspend|Pressure
|
|-weather|none
|upkeep
|turn|11
|inactive|Pergame has 90 seconds left.
|
|t:|1760771237
|-end|p2a: Iron Moth|Quark Drive|[silent]
|switch|p2a: Meowscarada|Meowscarada, F|100/100
|move|p1a: nettspend|Nasty Plot|p1a: nettspend
|-boost|p1a: nettspend|spa|2
|
|upkeep
|turn|12
|inactive|Pergame has 90 seconds left.
|inactive|idnvu has 120 seconds left.
|
|t:|1760771256
|move|p1a: nettspend|Ice Beam|p2a: Meowscarada
|-supereffective|p2a: Meowscarada
|-damage|p2a: Meowscarada|0 fnt
|faint|p2a: Meowscarada
|
|upkeep
|
|t:|1760771267
|switch|p2a: Walking Wake|Walking Wake|94/100
|turn|13
|inactive|idnvu has 120 seconds left.
|
|t:|1760771294
|move|p2a: Walking Wake|Dragon Pulse|p1a: nettspend
|-damage|p1a: nettspend|48/100
|move|p1a: nettspend|Psycho Boost|p2a: Walking Wake
|-damage|p2a: Walking Wake|0 fnt
|-unboost|p1a: nettspend|spa|2
|faint|p2a: Walking Wake
|-end|p2a: Walking Wake|Protosynthesis|[silent]
|
|upkeep
|-message|Pergame forfeited.
|
|win|idnvu
|raw|idnvu's rating: 1320 &rarr; <strong>1335</strong><br />(+15 for winning)
|raw|Pergame's rating: 1230 &rarr; <strong>1211</strong><br />(-19 for losing)
|l|☆Pergame
|player|p2|
|l|☆idnvu
|player|p1|
