|j|☆pocketaandy
|j|‽Plug Kristmas
|t:|1760878125
|gametype|singles
|player|p1|pocketaandy|266|1139
|player|p2|Plug Kristmas|rood|1103
|gen|9
|tier|[Gen 9] OU
|rated|
|rule|HP Percentage Mod: HP is shown in percentages
|rule|Endless Battle Clause: Forcing endless battles is banned
|rule|Species Clause: Limit one of each Pokémon
|rule|OHKO Clause: OHKO moves are banned
|rule|Evasion Items Clause: Evasion items are banned
|rule|Evasion Moves Clause: Evasion moves are banned
|rule|Evasion Abilities Clause: Evasion abilities are banned
|rule|Sleep Moves Clause: Sleep-inducing moves are banned
|clearpoke
|poke|p1|Conkeldurr, F|
|poke|p1|Hydrapple, F|
|poke|p1|Ursaluna, F|
|poke|p1|Diancie|
|poke|p1|Slowking-Galar, M|
|poke|p1|Drifblim, F|
|poke|p2|Hariyama, F|
|poke|p2|Manaphy|
|poke|p2|Heatran, M|
|poke|p2|Alcremie-Rainbow-Swirl, F|
|poke|p2|Iron Valiant|
|poke|p2|Glimmora, M|
|teampreview
|inactive|Battle timer is ON: inactive players will automatically lose when time's up. (requested by Plug Kristmas)
|
|t:|1760878140
|teamsize|p1|6
|teamsize|p2|6
|start
|switch|p1a: Ursaluna|Ursaluna, F|100/100
|switch|p2a: Manaphy|Manaphy|100/100
|turn|1
|
|t:|1760878153
|move|p2a: Manaphy|Tail Glow|p2a: Manaphy
|-boost|p2a: Manaphy|spa|3
|move|p1a: Ursaluna|Headlong Rush|p2a: Manaphy
|-damage|p2a: Manaphy|36/100
|-unboost|p1a: Ursaluna|def|1
|-unboost|p1a: Ursaluna|spd|1
|
|-heal|p2a: Manaphy|42/100|[from] item: Leftovers
|-status|p1a: Ursaluna|brn|[from] item: Flame Orb
|upkeep
|turn|2
|
|t:|1760878174
|switch|p2a: Glimmora|Glimmora, M|100/100
|switch|p1a: Hydrapple|Hydrapple, F|100/100
|
|upkeep
|turn|3
|
|t:|1760878188
|move|p2a: Glimmora|Stealth Rock|p1a: Hydrapple
|-sidestart|p1: pocketaandy|move: Stealth Rock
|move|p1a: Hydrapple|Earth Power|p2a: Glimmora
|-supereffective|p2a: Glimmora
|-enditem|p2a: Glimmora|Focus Sash
|-damage|p2a: Glimmora|1/100
|
|upkeep
|turn|4
|
|t:|1760878200
|move|p2a: Glimmora|Gunk Shot|p1a: Hydrapple
|-supereffective|p1a: Hydrapple
|-damage|p1a: Hydrapple|63/100
|move|p1a: Hydrapple|Earth Power|p2a: Glimmora
|-supereffective|p2a: Glimmora
|-crit|p2a: Glimmora
|-damage|p2a: Glimmora|0 fnt
|faint|p2a: Glimmora
|
|upkeep
|
|t:|1760878212
|switch|p2a: Heatran|Heatran, M|100/100
|-item|p2a: Heatran|Air Balloon
|turn|5
|
|t:|1760878218
|move|p2a: Heatran|Fire Blast|p1a: Hydrapple
|-damage|p1a: Hydrapple|0 fnt
|faint|p1a: Hydrapple
|
|upkeep
|
|t:|1760878231
|switch|p1a: Drifblim|Drifblim, F|100/100
|turn|6
|
|t:|1760878238
|move|p1a: Drifblim|Defog|p2a: Heatran
|-unboost|p2a: Heatran|evasion|1
|-sideend|p1: pocketaandy|Stealth Rock|[from] move: Defog|[of] p1a: Drifblim
|move|p2a: Heatran|Flamethrower|p1a: Drifblim
|-damage|p1a: Drifblim|54/100
|
|upkeep
|turn|7
|
|t:|1760878247
|switch|p1a: Slowking|Slowking-Galar, M|100/100
|move|p2a: Heatran|Fire Blast|p1a: Slowking
|-damage|p1a: Slowking|53/100
|
|upkeep
|turn|8
|
|t:|1760878255
|move|p2a: Heatran|Earth Power|p1a: Slowking
|-supereffective|p1a: Slowking
|-damage|p1a: Slowking|0 fnt
|faint|p1a: Slowking
|
|upkeep
|
|t:|1760878262
|switch|p1a: Drifblim|Drifblim, F|54/100
|turn|9
|
|t:|1760878265
|move|p2a: Heatran|Fire Blast|p1a: Drifblim
|-damage|p1a: Drifblim|0 fnt
|faint|p1a: Drifblim
|
|upkeep
|
|t:|1760878277
|switch|p1a: Diancie|Diancie|100/100
|turn|10
|
|t:|1760878283
|move|p2a: Heatran|Earth Power|p1a: Diancie
|-supereffective|p1a: Diancie
|-damage|p1a: Diancie|45/100
|move|p1a: Diancie|Trick Room|p1a: Diancie
|-fieldstart|move: Trick Room|[of] p1a: Diancie
|
|upkeep
|turn|11
|
|t:|1760878290
|move|p1a: Diancie|Meteor Beam||[still]
|-prepare|p1a: Diancie|Meteor Beam
|-boost|p1a: Diancie|spa|1
|-enditem|p1a: Diancie|Power Herb
|-anim|p1a: Diancie|Meteor Beam|p2a: Heatran
|-damage|p2a: Heatran|25/100
|-enditem|p2a: Heatran|Air Balloon
|move|p2a: Heatran|Earth Power|p1a: Diancie
|-supereffective|p1a: Diancie
|-damage|p1a: Diancie|0 fnt
|faint|p1a: Diancie
|
|upkeep
|
|t:|1760878300
|switch|p1a: Ursaluna|Ursaluna, F|100/100 brn
|turn|12
|
|t:|1760878306
|move|p1a: Ursaluna|Headlong Rush|p2a: Heatran
|-supereffective|p2a: Heatran
|-damage|p2a: Heatran|0 fnt
|-unboost|p1a: Ursaluna|def|1
|-unboost|p1a: Ursaluna|spd|1
|faint|p2a: Heatran
|
|-damage|p1a: Ursaluna|94/100 brn|[from] brn
|upkeep
|
|t:|1760878316
|switch|p2a: Manaphy|Manaphy|42/100
|turn|13
|inactive|pocketaandy has 120 seconds left.
|
|t:|1760878349
|-terastallize|p1a: Ursaluna|Normal
|move|p1a: Ursaluna|Facade|p2a: Manaphy
|-damage|p2a: Manaphy|0 fnt
|faint|p2a: Manaphy
|
|-damage|p1a: Ursaluna|88/100 brn|[from] brn
|upkeep
|
|t:|1760878358
|switch|p2a: Hariyama|Hariyama, F|100/100
|turn|14
|
|t:|1760878362
|move|p1a: Ursaluna|Facade|p2a: Hariyama
|-damage|p2a: Hariyama|0 fnt
|faint|p2a: Hariyama
|
|-damage|p1a: Ursaluna|82/100 brn|[from] brn
|-fieldend|move: Trick Room
|upkeep
|
|t:|1760878370
|switch|p2a: Iron Valiant|Iron Valiant|100/100
|turn|15
|
|t:|1760878375
|move|p2a: Iron Valiant|Close Combat|p1a: Ursaluna
|-supereffective|p1a: Ursaluna
|-damage|p1a: Ursaluna|0 fnt
|-unboost|p2a: Iron Valiant|def|1
|-unboost|p2a: Iron Valiant|spd|1
|faint|p1a: Ursaluna
|
|upkeep
|
|t:|1760878381
|switch|p1a: Conkeldurr|Conkeldurr, F|100/100
|turn|16
|
|t:|1760878385
|-end|p2a: Iron Valiant|Quark Drive|[silent]
|switch|p2a: Alcremie|Alcremie-Rainbow-Swirl, F|100/100
|move|p1a: Conkeldurr|Ice Punch|p2a: Alcremie
|-damage|p2a: Alcremie|59/100
|
|-heal|p2a: Alcremie|65/100|[from] item: Leftovers
|upkeep
|turn|17
|
|t:|1760878393
|move|p2a: Alcremie|Draining Kiss|p1a: Conkeldurr
|-supereffective|p1a: Conkeldurr
|-damage|p1a: Conkeldurr|77/100
|-heal|p2a: Alcremie|87/100|[from] drain|[of] p1a: Conkeldurr
|move|p1a: Conkeldurr|Ice Punch|p2a: Alcremie
|-damage|p2a: Alcremie|49/100
|
|-heal|p2a: Alcremie|55/100|[from] item: Leftovers
|upkeep
|turn|18
|
|t:|1760878403
|move|p2a: Alcremie|Recover|p2a: Alcremie
|-heal|p2a: Alcremie|100/100
|move|p1a: Conkeldurr|Ice Punch|p2a: Alcremie
|-damage|p2a: Alcremie|60/100
|-status|p2a: Alcremie|frz
|
|-heal|p2a: Alcremie|66/100 frz|[from] item: Leftovers
|upkeep
|turn|19
|
|t:|1760878413
|cant|p2a: Alcremie|frz
|move|p1a: Conkeldurr|Ice Punch|p2a: Alcremie
|-damage|p2a: Alcremie|23/100 frz
|
|-heal|p2a: Alcremie|29/100 frz|[from] item: Leftovers
|upkeep
|turn|20
|
|t:|1760878421
|-curestatus|p2a: Alcremie|frz|[msg]
|move|p2a: Alcremie|Draining Kiss|p1a: Conkeldurr
|-supereffective|p1a: Conkeldurr
|-damage|p1a: Conkeldurr|54/100
|-heal|p2a: Alcremie|50/100|[from] drain|[of] p1a: Conkeldurr
|move|p1a: Conkeldurr|Ice Punch|p2a: Alcremie
|-damage|p2a: Alcremie|12/100
|
|-heal|p2a: Alcremie|18/100|[from] item: Leftovers
|upkeep
|turn|21
|
|t:|1760878433
|move|p2a: Alcremie|Recover|p2a: Alcremie
|-heal|p2a: Alcremie|68/100
|move|p1a: Conkeldurr|Ice Punch|p2a: Alcremie
|-damage|p2a: Alcremie|29/100
|
|-heal|p2a: Alcremie|35/100|[from] item: Leftovers
|upkeep
|turn|22
|-message|pocketaandy forfeited.
|
|win|Plug Kristmas
|raw|pocketaandy's rating: 1139 &rarr; <strong>1111</strong><br />(-28 for losing)
|raw|Plug Kristmas's rating: 1103 &rarr; <strong>1131</strong><br />(+28 for winning)
|l|☆pocketaandy
|player|p1|
|l|‽Plug Kristmas
|player|p2|
