|j|☆praveenkumart236
|j|☆tboc13
|t:|1760860048
|gametype|singles
|player|p1|praveenkumart236|101|1464
|player|p2|tboc13|dawn|1436
|gen|9
|tier|[Gen 9] OU
|rated|
|rule|HP Percentage Mod: HP is shown in percentages
|rule|Endless Battle Clause: Forcing endless battles is banned
|rule|Species Clause: Limit one of each Pokémon
|rule|OHKO Clause: OHKO moves are banned
|rule|Evasion Items Clause: Evasion items are banned
|rule|Evasion Moves Clause: Evasion moves are banned
|rule|Evasion Abilities Clause: Evasion abilities are banned
|rule|Sleep Moves Clause: Sleep-inducing moves are banned
|clearpoke
|poke|p1|Iron Treads|
|poke|p1|Darkrai|
|poke|p1|Sylveon, M|
|poke|p1|Slowking, M|
|poke|p1|Meowscarada, F|
|poke|p1|Garchomp, M|
|poke|p2|Rillaboom, F|
|poke|p2|Dragapult, F|
|poke|p2|Samurott-Hisui, F|
|poke|p2|Great Tusk|
|poke|p2|Slowking-Galar, F|
|poke|p2|Skarmory, F|
|teampreview
|inactive|Battle timer is ON: inactive players will automatically lose when time's up. (requested by tboc13)
|inactive|praveenkumart236 also wants the timer to be on.
|
|t:|1760860065
|teamsize|p1|6
|teamsize|p2|6
|start
|switch|p1a: Meowscarada|Meowscarada, F|100/100
|switch|p2a: Skarmory|Skarmory, F|100/100
|turn|1
|inactive|tboc13 has 120 seconds left.
|
|t:|1760860113
|move|p1a: Meowscarada|U-turn|p2a: Skarmory
|-start|p1a: Meowscarada|typechange|Bug|[from] ability: Protean
|-resisted|p2a: Skarmory
|-damage|p2a: Skarmory|93/100
|-damage|p1a: Meowscarada|84/100|[from] item: Rocky Helmet|[of] p2a: Skarmory
|
|t:|1760860122
|switch|p1a: Garchomp|Garchomp, M|100/100|[from] U-turn
|move|p2a: Skarmory|Stealth Rock|p1a: Garchomp
|-sidestart|p1: praveenkumart236|move: Stealth Rock
|
|upkeep
|turn|2
|inactive|tboc13 has 90 seconds left.
|
|t:|1760860160
|switch|p2a: Dragapult|Dragapult, F|100/100
|move|p1a: Garchomp|Spikes|p2a: Dragapult
|-sidestart|p2: tboc13|Spikes
|
|upkeep
|turn|3
|inactive|tboc13 has 90 seconds left.
|
|t:|1760860180
|switch|p1a: Sylveon|Sylveon, M|100/100
|-damage|p1a: Sylveon|88/100|[from] Stealth Rock
|move|p2a: Dragapult|Will-O-Wisp|p1a: Sylveon|[miss]
|-miss|p2a: Dragapult|p1a: Sylveon
|
|-heal|p1a: Sylveon|94/100|[from] item: Leftovers
|upkeep
|turn|4
|inactive|tboc13 has 90 seconds left.
|
|t:|1760860192
|move|p2a: Dragapult|U-turn|p1a: Sylveon
|-resisted|p1a: Sylveon
|-damage|p1a: Sylveon|87/100
|inactive|tboc13 has 90 seconds left.
|
|t:|1760860200
|switch|p2a: Slowking|Slowking-Galar, F|100/100|[from] U-turn
|move|p1a: Sylveon|Wish|p1a: Sylveon
|
|-heal|p1a: Sylveon|93/100|[from] item: Leftovers
|upkeep
|turn|5
|
|t:|1760860223
|switch|p1a: Garchomp|Garchomp, M|100/100
|-damage|p1a: Garchomp|94/100|[from] Stealth Rock
|move|p2a: Slowking|Future Sight|p1a: Garchomp
|-start|p2a: Slowking|move: Future Sight
|
|-heal|p1a: Garchomp|100/100|[from] move: Wish|[wisher] Sylveon
|upkeep
|turn|6
|inactive|tboc13 has 90 seconds left.
|
|t:|1760860257
|switch|p2a: Dragapult|Dragapult, F|100/100
|move|p1a: Garchomp|Stealth Rock|p2a: Dragapult
|-sidestart|p2: tboc13|move: Stealth Rock
|
|upkeep
|turn|7
|
|t:|1760860271
|switch|p1a: Sylveon|Sylveon, M|93/100
|-damage|p1a: Sylveon|81/100|[from] Stealth Rock
|move|p2a: Dragapult|Will-O-Wisp|p1a: Sylveon
|-status|p1a: Sylveon|brn
|
|-end|p1a: Sylveon|move: Future Sight
|-damage|p1a: Sylveon|51/100 brn
|-heal|p1a: Sylveon|57/100 brn|[from] item: Leftovers
|-damage|p1a: Sylveon|51/100 brn|[from] brn
|upkeep
|turn|8
|inactive|tboc13 has 90 seconds left.
|
|t:|1760860284
|switch|p2a: Slowking|Slowking-Galar, F|100/100
|move|p1a: Sylveon|Wish|p1a: Sylveon
|
|-heal|p1a: Sylveon|57/100 brn|[from] item: Leftovers
|-damage|p1a: Sylveon|51/100 brn|[from] brn
|upkeep
|turn|9
|
|t:|1760860295
|move|p1a: Sylveon|Calm Mind|p1a: Sylveon
|-boost|p1a: Sylveon|spa|1
|-boost|p1a: Sylveon|spd|1
|-prepare|p2a: Slowking|Chilly Reception|[premajor]
|move|p2a: Slowking|Chilly Reception|p2a: Slowking
|-weather|Snowscape
|inactive|tboc13 has 90 seconds left.
|
|t:|1760860324
|switch|p2a: Rillaboom|Rillaboom, F|100/100|[from] Chilly Reception
|-damage|p2a: Rillaboom|88/100|[from] Spikes
|-damage|p2a: Rillaboom|76/100|[from] Stealth Rock
|-fieldstart|move: Grassy Terrain|[from] ability: Grassy Surge|[of] p2a: Rillaboom
|
|-weather|Snowscape|[upkeep]
|-heal|p1a: Sylveon|100/100 brn|[from] move: Wish|[wisher] Sylveon
|-heal|p2a: Rillaboom|82/100|[from] Grassy Terrain
|-damage|p1a: Sylveon|94/100 brn|[from] brn
|upkeep
|turn|10
|
|t:|1760860338
|move|p1a: Sylveon|Protect|p1a: Sylveon
|-singleturn|p1a: Sylveon|Protect
|move|p2a: Rillaboom|Wood Hammer|p1a: Sylveon
|-activate|p1a: Sylveon|move: Protect
|
|-weather|Snowscape|[upkeep]
|-heal|p2a: Rillaboom|88/100|[from] Grassy Terrain
|-heal|p1a: Sylveon|100/100 brn|[from] Grassy Terrain
|-damage|p1a: Sylveon|94/100 brn|[from] brn
|upkeep
|turn|11
|inactive|tboc13 has 90 seconds left.
|
|t:|1760860353
|switch|p1a: Garchomp|Garchomp, M|100/100
|-damage|p1a: Garchomp|94/100|[from] Stealth Rock
|-terastallize|p2a: Rillaboom|Grass
|move|p2a: Rillaboom|Wood Hammer|p1a: Garchomp
|-damage|p1a: Garchomp|0 fnt
|-damage|p2a: Rillaboom|76/100|[from] ability: Rough Skin|[of] p1a: Garchomp
|-damage|p2a: Rillaboom|59/100|[from] item: Rocky Helmet|[of] p1a: Garchomp
|faint|p1a: Garchomp
|-damage|p2a: Rillaboom|21/100|[from] Recoil
|
|-weather|Snowscape|[upkeep]
|-heal|p2a: Rillaboom|27/100|[from] Grassy Terrain
|upkeep
|inactive|praveenkumart236 has 120 seconds left.
|
|t:|1760860371
|switch|p1a: Darkrai|Darkrai|100/100
|-damage|p1a: Darkrai|88/100|[from] Stealth Rock
|turn|12
|inactive|praveenkumart236 has 120 seconds left.
|inactive|tboc13 has 90 seconds left.
|
|t:|1760860401
|switch|p2a: Samurott|Samurott-Hisui, F|100/100
|-damage|p2a: Samurott|88/100|[from] Spikes
|-damage|p2a: Samurott|76/100|[from] Stealth Rock
|move|p1a: Darkrai|Will-O-Wisp|p2a: Samurott
|-status|p2a: Samurott|brn
|
|-weather|Snowscape|[upkeep]
|-heal|p1a: Darkrai|94/100|[from] Grassy Terrain
|-heal|p2a: Samurott|82/100 brn|[from] Grassy Terrain
|-damage|p2a: Samurott|76/100 brn|[from] brn
|upkeep
|turn|13
|inactive|praveenkumart236 has 120 seconds left.
|
|t:|1760860423
|switch|p1a: Sylveon|Sylveon, M|94/100 brn
|-damage|p1a: Sylveon|82/100 brn|[from] Stealth Rock
|move|p2a: Samurott|Ceaseless Edge|p1a: Sylveon|[miss]
|-miss|p2a: Samurott|p1a: Sylveon
|
|-weather|none
|-heal|p2a: Samurott|82/100 brn|[from] Grassy Terrain
|-heal|p1a: Sylveon|88/100 brn|[from] Grassy Terrain
|-heal|p1a: Sylveon|94/100 brn|[from] item: Leftovers
|-damage|p2a: Samurott|76/100 brn|[from] brn
|-damage|p1a: Sylveon|88/100 brn|[from] brn
|-fieldend|move: Grassy Terrain
|upkeep
|turn|14
|inactive|tboc13 has 90 seconds left.
|
|t:|1760860438
|switch|p2a: Slowking|Slowking-Galar, F|100/100
|move|p1a: Sylveon|Hyper Voice|p2a: Slowking
|-resisted|p2a: Slowking
|-damage|p2a: Slowking|89/100
|
|-heal|p1a: Sylveon|94/100 brn|[from] item: Leftovers
|-damage|p1a: Sylveon|88/100 brn|[from] brn
|upkeep
|turn|15
|
|t:|1760860446
|move|p1a: Sylveon|Wish|p1a: Sylveon
|-prepare|p2a: Slowking|Chilly Reception|[premajor]
|move|p2a: Slowking|Chilly Reception|p2a: Slowking
|-weather|Snowscape
|inactive|tboc13 has 90 seconds left.
|
|t:|1760860460
|switch|p2a: Dragapult|Dragapult, F|100/100|[from] Chilly Reception
|
|-weather|Snowscape|[upkeep]
|-heal|p1a: Sylveon|94/100 brn|[from] item: Leftovers
|-damage|p1a: Sylveon|88/100 brn|[from] brn
|upkeep
|turn|16
|inactive|praveenkumart236 has 120 seconds left.
|
|t:|1760860491
|switch|p2a: Slowking|Slowking-Galar, F|100/100
|move|p1a: Sylveon|Hyper Voice|p2a: Slowking
|-resisted|p2a: Slowking
|-damage|p2a: Slowking|88/100
|
|-weather|Snowscape|[upkeep]
|-heal|p1a: Sylveon|100/100 brn|[from] move: Wish|[wisher] Sylveon
|-damage|p1a: Sylveon|94/100 brn|[from] brn
|upkeep
|turn|17
|
|t:|1760860501
|move|p1a: Sylveon|Wish|p1a: Sylveon
|move|p2a: Slowking|Sludge Bomb|p1a: Sylveon
|-supereffective|p1a: Sylveon
|-damage|p1a: Sylveon|52/100 brn
|
|-weather|Snowscape|[upkeep]
|-heal|p1a: Sylveon|58/100 brn|[from] item: Leftovers
|-damage|p1a: Sylveon|52/100 brn|[from] brn
|upkeep
|turn|18
|
|t:|1760860510
|move|p1a: Sylveon|Protect|p1a: Sylveon
|-singleturn|p1a: Sylveon|Protect
|move|p2a: Slowking|Future Sight|p1a: Sylveon
|-start|p2a: Slowking|move: Future Sight
|
|-weather|Snowscape|[upkeep]
|-heal|p1a: Sylveon|100/100 brn|[from] move: Wish|[wisher] Sylveon
|-damage|p1a: Sylveon|94/100 brn|[from] brn
|upkeep
|turn|19
|
|t:|1760860519
|move|p1a: Sylveon|Calm Mind|p1a: Sylveon
|-boost|p1a: Sylveon|spa|1
|-boost|p1a: Sylveon|spd|1
|move|p2a: Slowking|Sludge Bomb|p1a: Sylveon
|-supereffective|p1a: Sylveon
|-damage|p1a: Sylveon|64/100 brn
|
|-weather|none
|-heal|p1a: Sylveon|70/100 brn|[from] item: Leftovers
|-damage|p1a: Sylveon|64/100 brn|[from] brn
|upkeep
|turn|20
|inactive|praveenkumart236 has 120 seconds left.
|inactive|tboc13 has 120 seconds left.
|
|t:|1760860531
|move|p1a: Sylveon|Wish|p1a: Sylveon
|move|p2a: Slowking|Sludge Bomb|p1a: Sylveon
|-supereffective|p1a: Sylveon
|-damage|p1a: Sylveon|32/100 brn
|
|-end|p1a: Sylveon|move: Future Sight
|-damage|p1a: Sylveon|11/100 brn
|-heal|p1a: Sylveon|17/100 brn|[from] item: Leftovers
|-damage|p1a: Sylveon|11/100 brn|[from] brn
|upkeep
|turn|21
|
|t:|1760860541
|move|p1a: Sylveon|Protect|p1a: Sylveon
|-singleturn|p1a: Sylveon|Protect
|move|p2a: Slowking|Future Sight|p1a: Sylveon
|-start|p2a: Slowking|move: Future Sight
|
|-heal|p1a: Sylveon|61/100 brn|[from] move: Wish|[wisher] Sylveon
|-heal|p1a: Sylveon|67/100 brn|[from] item: Leftovers
|-damage|p1a: Sylveon|61/100 brn|[from] brn
|upkeep
|turn|22
|inactive|tboc13 has 120 seconds left.
|
|t:|1760860574
|move|p1a: Sylveon|Wish|p1a: Sylveon
|move|p2a: Slowking|Sludge Bomb|p1a: Sylveon
|-supereffective|p1a: Sylveon
|-damage|p1a: Sylveon|32/100 brn
|
|-heal|p1a: Sylveon|38/100 brn|[from] item: Leftovers
|-damage|p1a: Sylveon|32/100 brn|[from] brn
|upkeep
|turn|23
|
|t:|1760860588
|move|p1a: Sylveon|Protect|p1a: Sylveon
|-singleturn|p1a: Sylveon|Protect
|move|p2a: Slowking|Future Sight||[still]
|-fail|p2a: Slowking
|
|-end|p1a: Sylveon|move: Future Sight
|-damage|p1a: Sylveon|10/100 brn
|-heal|p1a: Sylveon|60/100 brn|[from] move: Wish|[wisher] Sylveon
|-heal|p1a: Sylveon|66/100 brn|[from] item: Leftovers
|-damage|p1a: Sylveon|60/100 brn|[from] brn
|upkeep
|turn|24
|
|t:|1760860595
|move|p1a: Sylveon|Calm Mind|p1a: Sylveon
|-boost|p1a: Sylveon|spa|1
|-boost|p1a: Sylveon|spd|1
|move|p2a: Slowking|Sludge Bomb|p1a: Sylveon
|-supereffective|p1a: Sylveon
|-damage|p1a: Sylveon|38/100 brn
|
|-heal|p1a: Sylveon|44/100 brn|[from] item: Leftovers
|-damage|p1a: Sylveon|38/100 brn|[from] brn
|upkeep
|turn|25
|inactive|tboc13 has 120 seconds left.
|
|t:|1760860606
|move|p1a: Sylveon|Wish|p1a: Sylveon
|move|p2a: Slowking|Future Sight|p1a: Sylveon
|-start|p2a: Slowking|move: Future Sight
|
|-heal|p1a: Sylveon|44/100 brn|[from] item: Leftovers
|-damage|p1a: Sylveon|38/100 brn|[from] brn
|upkeep
|turn|26
|
|t:|1760860611
|move|p1a: Sylveon|Calm Mind|p1a: Sylveon
|-boost|p1a: Sylveon|spa|1
|-boost|p1a: Sylveon|spd|1
|move|p2a: Slowking|Sludge Bomb|p1a: Sylveon
|-supereffective|p1a: Sylveon
|-damage|p1a: Sylveon|20/100 brn
|
|-heal|p1a: Sylveon|70/100 brn|[from] move: Wish|[wisher] Sylveon
|-heal|p1a: Sylveon|76/100 brn|[from] item: Leftovers
|-damage|p1a: Sylveon|70/100 brn|[from] brn
|upkeep
|turn|27
|
|t:|1760860622
|move|p1a: Sylveon|Wish|p1a: Sylveon
|move|p2a: Slowking|Sludge Bomb|p1a: Sylveon
|-supereffective|p1a: Sylveon
|-damage|p1a: Sylveon|51/100 brn
|
|-end|p1a: Sylveon|move: Future Sight
|-damage|p1a: Sylveon|38/100 brn
|-heal|p1a: Sylveon|44/100 brn|[from] item: Leftovers
|-damage|p1a: Sylveon|38/100 brn|[from] brn
|upkeep
|turn|28
|inactive|tboc13 has 120 seconds left.
|
|t:|1760860669
|move|p1a: Sylveon|Hyper Voice|p2a: Slowking
|-resisted|p2a: Slowking
|-damage|p2a: Slowking|57/100
|move|p2a: Slowking|Future Sight|p1a: Sylveon
|-start|p2a: Slowking|move: Future Sight
|
|-heal|p1a: Sylveon|88/100 brn|[from] move: Wish|[wisher] Sylveon
|-heal|p1a: Sylveon|94/100 brn|[from] item: Leftovers
|-damage|p1a: Sylveon|88/100 brn|[from] brn
|upkeep
|turn|29
|
|t:|1760860685
|move|p1a: Sylveon|Wish|p1a: Sylveon
|move|p2a: Slowking|Sludge Bomb|p1a: Sylveon
|-supereffective|p1a: Sylveon
|-damage|p1a: Sylveon|68/100 brn
|
|-heal|p1a: Sylveon|74/100 brn|[from] item: Leftovers
|-damage|p1a: Sylveon|68/100 brn|[from] brn
|upkeep
|turn|30
|
|t:|1760860689
|move|p1a: Sylveon|Hyper Voice|p2a: Slowking
|-resisted|p2a: Slowking
|-damage|p2a: Slowking|27/100
|move|p2a: Slowking|Sludge Bomb|p1a: Sylveon
|-supereffective|p1a: Sylveon
|-damage|p1a: Sylveon|49/100 brn
|
|-end|p1a: Sylveon|move: Future Sight
|-damage|p1a: Sylveon|37/100 brn
|-heal|p1a: Sylveon|87/100 brn|[from] move: Wish|[wisher] Sylveon
|-heal|p1a: Sylveon|93/100 brn|[from] item: Leftovers
|-damage|p1a: Sylveon|87/100 brn|[from] brn
|upkeep
|turn|31
|inactive|tboc13 has 120 seconds left.
|
|t:|1760860715
|move|p1a: Sylveon|Hyper Voice|p2a: Slowking
|-resisted|p2a: Slowking
|-damage|p2a: Slowking|0 fnt
|faint|p2a: Slowking
|
|-heal|p1a: Sylveon|93/100 brn|[from] item: Leftovers
|-damage|p1a: Sylveon|87/100 brn|[from] brn
|upkeep
|
|t:|1760860716
|switch|p2a: Skarmory|Skarmory, F|93/100
|-damage|p2a: Skarmory|81/100|[from] Stealth Rock
|turn|32
|
|t:|1760860729
|move|p1a: Sylveon|Hyper Voice|p2a: Skarmory
|-resisted|p2a: Skarmory
|-damage|p2a: Skarmory|3/100
|move|p2a: Skarmory|Whirlwind|p1a: Sylveon
|drag|p1a: Iron Treads|Iron Treads|100/100
|-damage|p1a: Iron Treads|97/100|[from] Stealth Rock
|-item|p1a: Iron Treads|Air Balloon
|
|upkeep
|turn|33
|inactive|tboc13 has 120 seconds left.
|
|t:|1760860742
|switch|p2a: Great Tusk|Great Tusk|100/100
|move|p1a: Iron Treads|Knock Off|p2a: Great Tusk
|-resisted|p2a: Great Tusk
|-damage|p2a: Great Tusk|89/100
|-enditem|p2a: Great Tusk|Heavy-Duty Boots|[from] move: Knock Off|[of] p1a: Iron Treads
|
|upkeep
|turn|34
|
|t:|1760860756
|-terastallize|p1a: Iron Treads|Ghost
|move|p1a: Iron Treads|Ice Spinner|p2a: Great Tusk
|-supereffective|p2a: Great Tusk
|-damage|p2a: Great Tusk|50/100
|move|p2a: Great Tusk|Knock Off|p1a: Iron Treads
|-supereffective|p1a: Iron Treads
|-damage|p1a: Iron Treads|38/100
|-enditem|p1a: Iron Treads|Air Balloon
|
|upkeep
|turn|35
|
|t:|1760860764
|move|p1a: Iron Treads|Ice Spinner|p2a: Great Tusk
|-supereffective|p2a: Great Tusk
|-damage|p2a: Great Tusk|15/100
|move|p2a: Great Tusk|Knock Off|p1a: Iron Treads
|-supereffective|p1a: Iron Treads
|-damage|p1a: Iron Treads|0 fnt
|faint|p1a: Iron Treads
|-end|p1a: Iron Treads|Quark Drive|[silent]
|
|upkeep
|
|t:|1760860776
|switch|p1a: Darkrai|Darkrai|94/100
|-damage|p1a: Darkrai|82/100|[from] Stealth Rock
|turn|36
|
|t:|1760860792
|-end|p2a: Great Tusk|Protosynthesis|[silent]
|switch|p2a: Skarmory|Skarmory, F|3/100
|-damage|p2a: Skarmory|0 fnt|[from] Stealth Rock
|faint|p2a: Skarmory
|move|p1a: Darkrai|Dark Pulse|p2: Skarmory|[notarget]
|-fail|p1a: Darkrai
|
|upkeep
|
|t:|1760860798
|switch|p2a: Samurott|Samurott-Hisui, F|76/100 brn
|-damage|p2a: Samurott|63/100 brn|[from] Spikes
|-damage|p2a: Samurott|51/100 brn|[from] Stealth Rock
|turn|37
|inactive|praveenkumart236 has 120 seconds left.
|inactive|praveenkumart236 has 90 seconds left.
|
|t:|1760860863
|switch|p1a: Sylveon|Sylveon, M|87/100 brn
|-damage|p1a: Sylveon|74/100 brn|[from] Stealth Rock
|move|p2a: Samurott|Ceaseless Edge|p1a: Sylveon
|-resisted|p1a: Sylveon
|-damage|p1a: Sylveon|64/100 brn
|-sidestart|p1: praveenkumart236|Spikes
|
|-heal|p1a: Sylveon|71/100 brn|[from] item: Leftovers
|-damage|p2a: Samurott|44/100 brn|[from] brn
|-damage|p1a: Sylveon|64/100 brn|[from] brn
|upkeep
|turn|38
|inactive|praveenkumart236 has 90 seconds left.
|inactive|tboc13 has 120 seconds left.
|
|t:|1760860894
|switch|p2a: Dragapult|Dragapult, F|100/100
|move|p1a: Sylveon|Wish|p1a: Sylveon
|
|-heal|p1a: Sylveon|71/100 brn|[from] item: Leftovers
|-damage|p1a: Sylveon|64/100 brn|[from] brn
|upkeep
|turn|39
|
|t:|1760860898
|move|p2a: Dragapult|Hex|p1a: Sylveon
|-damage|p1a: Sylveon|26/100 brn
|move|p1a: Sylveon|Calm Mind|p1a: Sylveon
|-boost|p1a: Sylveon|spa|1
|-boost|p1a: Sylveon|spd|1
|
|-heal|p1a: Sylveon|76/100 brn|[from] move: Wish|[wisher] Sylveon
|-heal|p1a: Sylveon|82/100 brn|[from] item: Leftovers
|-damage|p1a: Sylveon|76/100 brn|[from] brn
|upkeep
|turn|40
|inactive|praveenkumart236 has 90 seconds left.
|
|t:|1760860922
|switch|p2a: Samurott|Samurott-Hisui, F|44/100 brn
|-damage|p2a: Samurott|32/100 brn|[from] Spikes
|-damage|p2a: Samurott|20/100 brn|[from] Stealth Rock
|move|p1a: Sylveon|Wish|p1a: Sylveon
|
|-heal|p1a: Sylveon|82/100 brn|[from] item: Leftovers
|-damage|p2a: Samurott|13/100 brn|[from] brn
|-damage|p1a: Sylveon|76/100 brn|[from] brn
|upkeep
|turn|41
|inactive|praveenkumart236 has 90 seconds left.
|
|t:|1760860936
|move|p2a: Samurott|Knock Off|p1a: Sylveon
|-resisted|p1a: Sylveon
|-damage|p1a: Sylveon|67/100 brn
|-enditem|p1a: Sylveon|Leftovers|[from] move: Knock Off|[of] p2a: Samurott
|move|p1a: Sylveon|Calm Mind|p1a: Sylveon
|-boost|p1a: Sylveon|spa|1
|-boost|p1a: Sylveon|spd|1
|
|-heal|p1a: Sylveon|100/100 brn|[from] move: Wish|[wisher] Sylveon
|-damage|p2a: Samurott|7/100 brn|[from] brn
|-damage|p1a: Sylveon|94/100 brn|[from] brn
|upkeep
|turn|42
|inactive|praveenkumart236 has 90 seconds left.
|
|t:|1760860968
|move|p2a: Samurott|Knock Off|p1a: Sylveon
|-resisted|p1a: Sylveon
|-damage|p1a: Sylveon|89/100 brn
|move|p1a: Sylveon|Calm Mind|p1a: Sylveon
|-boost|p1a: Sylveon|spa|1
|-boost|p1a: Sylveon|spd|1
|
|-damage|p2a: Samurott|1/100 brn|[from] brn
|-damage|p1a: Sylveon|83/100 brn|[from] brn
|upkeep
|turn|43
|
|t:|1760860986
|move|p2a: Samurott|Knock Off|p1a: Sylveon
|-resisted|p1a: Sylveon
|-damage|p1a: Sylveon|77/100 brn
|move|p1a: Sylveon|Wish|p1a: Sylveon
|
|-damage|p2a: Samurott|0 fnt|[from] brn
|faint|p2a: Samurott
|-damage|p1a: Sylveon|71/100 brn|[from] brn
|upkeep
|
|t:|1760860988
|switch|p2a: Great Tusk|Great Tusk|15/100
|-damage|p2a: Great Tusk|2/100|[from] Spikes
|-damage|p2a: Great Tusk|0 fnt|[from] Stealth Rock
|faint|p2a: Great Tusk
|-end|p2a: Great Tusk|Protosynthesis|[silent]
|
|t:|1760860993
|switch|p2a: Rillaboom|Rillaboom, F, tera:Grass|27/100
|-damage|p2a: Rillaboom|15/100|[from] Spikes
|-damage|p2a: Rillaboom|3/100|[from] Stealth Rock
|-fieldstart|move: Grassy Terrain|[from] ability: Grassy Surge|[of] p2a: Rillaboom
|turn|44
|
|t:|1760861008
|switch|p1a: Darkrai|Darkrai|82/100
|-damage|p1a: Darkrai|69/100|[from] Stealth Rock
|-damage|p1a: Darkrai|57/100|[from] Spikes
|move|p2a: Rillaboom|Grassy Glide|p1a: Darkrai
|-damage|p1a: Darkrai|0 fnt
|faint|p1a: Darkrai
|
|-heal|p2a: Rillaboom|9/100|[from] Grassy Terrain
|upkeep
|inactive|praveenkumart236 has 60 seconds left.
|
|t:|1760861024
|switch|p1a: Meowscarada|Meowscarada, F|84/100
|-damage|p1a: Meowscarada|72/100|[from] Stealth Rock
|-damage|p1a: Meowscarada|60/100|[from] Spikes
|turn|45
|inactive|praveenkumart236 has 60 seconds left.
|
|t:|1760861041
|move|p2a: Rillaboom|Grassy Glide|p1a: Meowscarada
|-resisted|p1a: Meowscarada
|-damage|p1a: Meowscarada|0 fnt
|faint|p1a: Meowscarada
|
|-heal|p2a: Rillaboom|15/100|[from] Grassy Terrain
|upkeep
|
|t:|1760861052
|switch|p1a: Slowking|Slowking, M|100/100
|turn|46
|-message|praveenkumart236 forfeited.
|
|win|tboc13
|raw|praveenkumart236's rating: 1464 &rarr; <strong>1442</strong><br />(-22 for losing)
|raw|tboc13's rating: 1436 &rarr; <strong>1458</strong><br />(+22 for winning)
|l|☆praveenkumart236
|player|p1|
|l|☆tboc13
|player|p2|
