|j|☆lynx1240
|j|☆abravioustinkaton
|t:|1760812082
|gametype|singles
|player|p1|lynx1240|169|1710
|player|p2|abravioustinkaton|lacey|1729
|gen|9
|tier|[Gen 9] OU
|rated|
|rule|HP Percentage Mod: HP is shown in percentages
|rule|Endless Battle Clause: Forcing endless battles is banned
|rule|Species Clause: Limit one of each Pokémon
|rule|OHKO Clause: OHKO moves are banned
|rule|Evasion Items Clause: Evasion items are banned
|rule|Evasion Moves Clause: Evasion moves are banned
|rule|Evasion Abilities Clause: Evasion abilities are banned
|rule|Sleep Moves Clause: Sleep-inducing moves are banned
|clearpoke
|poke|p1|Dondozo, F|
|poke|p1|Primarina, F|
|poke|p1|Great Tusk|
|poke|p1|Iron Moth|
|poke|p1|Gholdengo|
|poke|p1|Dragapult, F|
|poke|p2|Ribombee, M|
|poke|p2|Great Tusk|
|poke|p2|Gholdengo|
|poke|p2|Manaphy|
|poke|p2|Kingambit, F|
|poke|p2|Iron Valiant|
|teampreview
|
|t:|1760812104
|teamsize|p1|6
|teamsize|p2|6
|start
|switch|p1a: Dragapult|Dragapult, F|100/100
|switch|p2a: Ribombee|Ribombee, M|100/100
|turn|1
|
|t:|1760812107
|move|p1a: Dragapult|U-turn|p2a: Ribombee
|-resisted|p2a: Ribombee
|-crit|p2a: Ribombee
|-damage|p2a: Ribombee|63/100
|
|t:|1760812108
|switch|p1a: Gholdengo|Gholdengo|100/100|[from] U-turn
|move|p2a: Ribombee|Sticky Web|p1a: Gholdengo
|-sidestart|p1: lynx1240|move: Sticky Web
|
|upkeep
|turn|2
|
|t:|1760812114
|switch|p2a: Manaphy|Manaphy|100/100
|move|p1a: Gholdengo|Shadow Ball|p2a: Manaphy
|-damage|p2a: Manaphy|33/100
|
|-heal|p2a: Manaphy|40/100|[from] item: Leftovers
|upkeep
|turn|3
|
|t:|1760812120
|switch|p2a: Kingambit|Kingambit, F|100/100
|-item|p2a: Kingambit|Air Balloon
|move|p1a: Gholdengo|Shadow Ball|p2a: Kingambit
|-resisted|p2a: Kingambit
|-damage|p2a: Kingambit|58/100
|-enditem|p2a: Kingambit|Air Balloon
|
|upkeep
|turn|4
|
|t:|1760812124
|-end|p2a: Kingambit|fallenundefined|[silent]
|switch|p2a: Iron Valiant|Iron Valiant|100/100
|-enditem|p2a: Iron Valiant|Booster Energy
|-activate|p2a: Iron Valiant|ability: Quark Drive|[fromitem]
|-start|p2a: Iron Valiant|quarkdrivespe
|switch|p1a: Great Tusk|Great Tusk|100/100
|-activate|p1a: Great Tusk|move: Sticky Web
|-unboost|p1a: Great Tusk|spe|1
|
|upkeep
|turn|5
|
|t:|1760812130
|-end|p1a: Great Tusk|Protosynthesis|[silent]
|switch|p1a: Gholdengo|Gholdengo|100/100
|-activate|p1a: Gholdengo|move: Sticky Web
|-unboost|p1a: Gholdengo|spe|1
|move|p2a: Iron Valiant|Moonblast|p1a: Gholdengo
|-resisted|p1a: Gholdengo
|-damage|p1a: Gholdengo|76/100
|-unboost|p1a: Gholdengo|spa|1
|
|upkeep
|turn|6
|
|t:|1760812133
|move|p2a: Iron Valiant|Shadow Ball|p1a: Gholdengo
|-supereffective|p1a: Gholdengo
|-damage|p1a: Gholdengo|26/100
|-unboost|p1a: Gholdengo|spd|1
|move|p1a: Gholdengo|Make It Rain|p2a: Iron Valiant
|-supereffective|p2a: Iron Valiant
|-damage|p2a: Iron Valiant|0 fnt
|-unboost|p1a: Gholdengo|spa|1
|faint|p2a: Iron Valiant
|-end|p2a: Iron Valiant|Quark Drive|[silent]
|
|upkeep
|
|t:|1760812137
|switch|p2a: Great Tusk|Great Tusk|100/100
|-enditem|p2a: Great Tusk|Booster Energy
|-activate|p2a: Great Tusk|ability: Protosynthesis|[fromitem]
|-start|p2a: Great Tusk|protosynthesisatk
|turn|7
|
|t:|1760812143
|switch|p1a: Great Tusk|Great Tusk|100/100
|-activate|p1a: Great Tusk|move: Sticky Web
|-unboost|p1a: Great Tusk|spe|1
|move|p2a: Great Tusk|Headlong Rush|p1a: Great Tusk
|-damage|p1a: Great Tusk|44/100
|-unboost|p2a: Great Tusk|def|1
|-unboost|p2a: Great Tusk|spd|1
|
|-heal|p1a: Great Tusk|51/100|[from] item: Leftovers
|upkeep
|turn|8
|
|t:|1760812154
|-end|p1a: Great Tusk|Protosynthesis|[silent]
|switch|p1a: Gholdengo|Gholdengo|26/100
|-activate|p1a: Gholdengo|move: Sticky Web
|-unboost|p1a: Gholdengo|spe|1
|move|p2a: Great Tusk|Headlong Rush|p1a: Gholdengo
|-supereffective|p1a: Gholdengo
|-damage|p1a: Gholdengo|0 fnt
|-unboost|p2a: Great Tusk|def|1
|-unboost|p2a: Great Tusk|spd|1
|faint|p1a: Gholdengo
|
|upkeep
|
|t:|1760812156
|switch|p1a: Iron Moth|Iron Moth|100/100
|turn|9
|
|t:|1760812162
|-end|p2a: Great Tusk|Protosynthesis|[silent]
|switch|p2a: Manaphy|Manaphy|40/100
|move|p1a: Iron Moth|Fiery Dance|p2a: Manaphy
|-resisted|p2a: Manaphy
|-damage|p2a: Manaphy|17/100
|
|-heal|p2a: Manaphy|23/100|[from] item: Leftovers
|upkeep
|turn|10
|
|t:|1760812166
|move|p1a: Iron Moth|Sludge Wave|p2a: Manaphy
|-damage|p2a: Manaphy|0 fnt
|faint|p2a: Manaphy
|
|upkeep
|
|t:|1760812169
|switch|p2a: Great Tusk|Great Tusk|100/100
|turn|11
|
|t:|1760812177
|move|p1a: Iron Moth|Psychic|p2a: Great Tusk
|-supereffective|p2a: Great Tusk
|-damage|p2a: Great Tusk|0 fnt
|faint|p2a: Great Tusk
|-end|p2a: Great Tusk|Protosynthesis|[silent]
|
|upkeep
|-message|abravioustinkaton forfeited.
|
|win|lynx1240
|raw|lynx1240's rating: 1710 &rarr; <strong>1731</strong><br />(+21 for winning)
|raw|abravioustinkaton's rating: 1729 &rarr; <strong>1708</strong><br />(-21 for losing)
|l|☆abravioustinkaton
|player|p2|
|l|☆lynx1240
|player|p1|
