|j|‽dbuddy42
|j|☆Esteh Ole
|t:|1760817989
|gametype|singles
|player|p1|dbuddy42|101|1266
|player|p2|Esteh Ole|palmer|1233
|gen|9
|tier|[Gen 9] OU
|rated|
|rule|HP Percentage Mod: HP is shown in percentages
|rule|Endless Battle Clause: Forcing endless battles is banned
|rule|Species Clause: Limit one of each Pokémon
|rule|OHKO Clause: OHKO moves are banned
|rule|Evasion Items Clause: Evasion items are banned
|rule|Evasion Moves Clause: Evasion moves are banned
|rule|Evasion Abilities Clause: Evasion abilities are banned
|rule|Sleep Moves Clause: Sleep-inducing moves are banned
|clearpoke
|poke|p1|Pelipper, M|
|poke|p1|Barraskewda, M|
|poke|p1|Ogerpon-Wellspring, F|
|poke|p1|Zapdos|
|poke|p1|Scizor, M|
|poke|p1|Garchomp, M|
|poke|p2|Alomomola, F|
|poke|p2|Sinistcha|
|poke|p2|Slowking-Galar, F|
|poke|p2|Grimmsnarl, M|
|poke|p2|Cinderace, M|
|poke|p2|Inteleon, F|
|teampreview
|inactive|Battle timer is ON: inactive players will automatically lose when time's up. (requested by Esteh Ole)
|
|t:|1760818006
|teamsize|p1|6
|teamsize|p2|6
|start
|switch|p1a: Pelipper|Pelipper, M|100/100
|switch|p2a: Slowking|Slowking-Galar, F|100/100
|-weather|RainDance|[from] ability: Drizzle|[of] p1a: Pelipper
|turn|1
|
|t:|1760818019
|move|p1a: Pelipper|Knock Off|p2a: Slowking
|-supereffective|p2a: Slowking
|-damage|p2a: Slowking|74/100
|-enditem|p2a: Slowking|Heavy-Duty Boots|[from] move: Knock Off|[of] p1a: Pelipper
|-prepare|p2a: Slowking|Chilly Reception|[premajor]
|move|p2a: Slowking|Chilly Reception|p2a: Slowking
|-weather|Snowscape
|
|t:|1760818026
|switch|p2a: Inteleon|Inteleon, F|100/100|[from] Chilly Reception
|
|-weather|Snowscape|[upkeep]
|upkeep
|turn|2
|
|t:|1760818040
|switch|p1a: Zapdos|Zapdos|100/100
|-terastallize|p2a: Inteleon|Electric
|move|p2a: Inteleon|Tera Blast|p1a: Zapdos|[anim] Tera Blast Electric
|-damage|p1a: Zapdos|59/100
|
|-weather|Snowscape|[upkeep]
|upkeep
|turn|3
|
|t:|1760818056
|move|p2a: Inteleon|Ice Beam|p1a: Zapdos
|-supereffective|p1a: Zapdos
|-damage|p1a: Zapdos|0 fnt
|faint|p1a: Zapdos
|
|-weather|Snowscape|[upkeep]
|upkeep
|
|t:|1760818061
|switch|p1a: Pelipper|Pelipper, M|100/100
|-weather|RainDance|[from] ability: Drizzle|[of] p1a: Pelipper
|turn|4
|
|t:|1760818067
|switch|p1a: Garchomp|Garchomp, M|100/100
|move|p2a: Inteleon|Substitute|p2a: Inteleon
|-start|p2a: Inteleon|Substitute
|-damage|p2a: Inteleon|76/100
|
|-weather|RainDance|[upkeep]
|-heal|p2a: Inteleon|82/100|[from] item: Leftovers
|upkeep
|turn|5
|
|t:|1760818076
|switch|p1a: Scizor|Scizor, M|100/100
|move|p2a: Inteleon|Ice Beam|p1a: Scizor
|-resisted|p1a: Scizor
|-damage|p1a: Scizor|81/100
|-status|p1a: Scizor|frz
|
|-weather|RainDance|[upkeep]
|-heal|p2a: Inteleon|88/100|[from] item: Leftovers
|-heal|p1a: Scizor|87/100 frz|[from] item: Leftovers
|upkeep
|turn|6
|-message|dbuddy42 forfeited.
|
|win|Esteh Ole
|raw|dbuddy42's rating: 1266 &rarr; <strong>1239</strong><br />(-27 for losing)
|raw|Esteh Ole's rating: 1233 &rarr; <strong>1260</strong><br />(+27 for winning)
|l|‽dbuddy42
|player|p1|
|l|☆Esteh Ole
|player|p2|
