|j|☆PokeMasterEN
|j|☆spoons_R_bent
|t:|1760768208
|gametype|singles
|player|p1|PokeMasterEN|firebreather|1248
|player|p2|spoons_R_bent|clerkf|1203
|gen|9
|tier|[Gen 9] OU
|rated|
|rule|HP Percentage Mod: HP is shown in percentages
|rule|Endless Battle Clause: Forcing endless battles is banned
|rule|Species Clause: Limit one of each Pokémon
|rule|OHKO Clause: OHKO moves are banned
|rule|Evasion Items Clause: Evasion items are banned
|rule|Evasion Moves Clause: Evasion moves are banned
|rule|Evasion Abilities Clause: Evasion abilities are banned
|rule|Sleep Moves Clause: Sleep-inducing moves are banned
|clearpoke
|poke|p1|Kyurem|
|poke|p1|Landorus-Therian, M|
|poke|p1|Kingambit, M|
|poke|p1|Zamazenta-*|
|poke|p1|Great Tusk|
|poke|p1|Zapdos|
|poke|p2|Garganacl, M|
|poke|p2|Lycanroc, M|
|poke|p2|Glimmora, F|
|poke|p2|Tyranitar, F|
|poke|p2|Rhyperior, M|
|poke|p2|Drednaw, M|
|teampreview
|inactive|Battle timer is ON: inactive players will automatically lose when time's up. (requested by PokeMasterEN)
|
|t:|1760768236
|teamsize|p1|6
|teamsize|p2|6
|start
|switch|p1a: Landorus|Landorus-Therian, M|100/100
|switch|p2a: Tyranical Mom|Tyranitar, F|100/100
|-ability|p1a: Landorus|Intimidate|boost
|-unboost|p2a: Tyranical Mom|atk|1
|-weather|Sandstorm|[from] ability: Sand Stream|[of] p2a: Tyranical Mom
|turn|1
|
|t:|1760768247
|-terastallize|p2a: Tyranical Mom|Flying
|move|p1a: Landorus|Taunt|p2a: Tyranical Mom
|-start|p2a: Tyranical Mom|move: Taunt
|move|p2a: Tyranical Mom|Avalanche|p1a: Landorus
|-supereffective|p1a: Landorus
|-damage|p1a: Landorus|46/100
|-damage|p2a: Tyranical Mom|84/100|[from] item: Rocky Helmet|[of] p1a: Landorus
|
|-weather|Sandstorm|[upkeep]
|-damage|p2a: Tyranical Mom|78/100|[from] Sandstorm
|-heal|p2a: Tyranical Mom|84/100|[from] item: Leftovers
|upkeep
|turn|2
|
|t:|1760768264
|move|p1a: Landorus|U-turn|p2a: Tyranical Mom
|-resisted|p2a: Tyranical Mom
|-damage|p2a: Tyranical Mom|77/100
|
|t:|1760768267
|switch|p1a: Kyurem|Kyurem|100/100|[from] U-turn
|-ability|p1a: Kyurem|Pressure
|move|p2a: Tyranical Mom|Knock Off|p1a: Kyurem
|-damage|p1a: Kyurem|70/100
|-enditem|p1a: Kyurem|Assault Vest|[from] move: Knock Off|[of] p2a: Tyranical Mom
|
|-weather|Sandstorm|[upkeep]
|-damage|p1a: Kyurem|64/100|[from] Sandstorm
|-damage|p2a: Tyranical Mom|71/100|[from] Sandstorm
|-heal|p2a: Tyranical Mom|77/100|[from] item: Leftovers
|upkeep
|turn|3
|
|t:|1760768281
|switch|p2a: R U salty yet?|Garganacl, M|100/100
|move|p1a: Kyurem|Freeze-Dry|p2a: R U salty yet?
|-damage|p2a: R U salty yet?|79/100
|
|-weather|Sandstorm|[upkeep]
|-damage|p1a: Kyurem|58/100|[from] Sandstorm
|upkeep
|turn|4
|
|t:|1760768295
|move|p1a: Kyurem|Focus Blast|p2a: R U salty yet?
|-supereffective|p2a: R U salty yet?
|-damage|p2a: R U salty yet?|32/100
|move|p2a: R U salty yet?|Curse|p2a: R U salty yet?
|-unboost|p2a: R U salty yet?|spe|1
|-boost|p2a: R U salty yet?|atk|1
|-boost|p2a: R U salty yet?|def|1
|
|-weather|Sandstorm|[upkeep]
|-damage|p1a: Kyurem|52/100|[from] Sandstorm
|upkeep
|turn|5
|
|t:|1760768311
|move|p1a: Kyurem|Earth Power|p2a: R U salty yet?
|-supereffective|p2a: R U salty yet?
|-damage|p2a: R U salty yet?|0 fnt
|faint|p2a: R U salty yet?
|
|-weather|none
|upkeep
|
|t:|1760768318
|switch|p2a: Tyranical Mom|Tyranitar, F, tera:Flying|77/100
|-weather|Sandstorm|[from] ability: Sand Stream|[of] p2a: Tyranical Mom
|turn|6
|
|t:|1760768328
|move|p1a: Kyurem|Ice Beam|p2a: Tyranical Mom
|-supereffective|p2a: Tyranical Mom
|-damage|p2a: Tyranical Mom|0 fnt
|faint|p2a: Tyranical Mom
|
|-weather|Sandstorm|[upkeep]
|-damage|p1a: Kyurem|46/100|[from] Sandstorm
|upkeep
|
|t:|1760768338
|switch|p2a: Best Boy|Lycanroc, M|100/100
|turn|7
|
|t:|1760768347
|-terastallize|p1a: Kyurem|Fairy
|move|p2a: Best Boy|Stone Edge|p1a: Kyurem|[miss]
|-miss|p2a: Best Boy|p1a: Kyurem
|move|p1a: Kyurem|Earth Power|p2a: Best Boy
|-supereffective|p2a: Best Boy
|-damage|p2a: Best Boy|31/100
|
|-weather|Sandstorm|[upkeep]
|-damage|p1a: Kyurem|39/100|[from] Sandstorm
|upkeep
|turn|8
|
|t:|1760768358
|move|p2a: Best Boy|Stone Edge|p1a: Kyurem
|-crit|p1a: Kyurem
|-damage|p1a: Kyurem|0 fnt
|faint|p1a: Kyurem
|
|-weather|Sandstorm|[upkeep]
|upkeep
|
|t:|1760768378
|switch|p1a: Zamazenta|Zamazenta|100/100
|-ability|p1a: Zamazenta|Dauntless Shield|boost
|-boost|p1a: Zamazenta|def|1
|turn|9
|
|t:|1760768389
|move|p2a: Best Boy|Stone Edge|p1a: Zamazenta
|-resisted|p1a: Zamazenta
|-crit|p1a: Zamazenta
|-damage|p1a: Zamazenta|64/100
|move|p1a: Zamazenta|Close Combat|p2a: Best Boy
|-supereffective|p2a: Best Boy
|-damage|p2a: Best Boy|0 fnt
|-unboost|p1a: Zamazenta|def|1
|-unboost|p1a: Zamazenta|spd|1
|faint|p2a: Best Boy
|-damage|p1a: Zamazenta|54/100|[from] item: Life Orb
|
|-weather|Sandstorm|[upkeep]
|-damage|p1a: Zamazenta|48/100|[from] Sandstorm
|upkeep
|
|t:|1760768402
|switch|p2a: Blue Collar Dad|Rhyperior, M|100/100
|turn|10
|
|t:|1760768411
|move|p1a: Zamazenta|Close Combat|p2a: Blue Collar Dad
|-supereffective|p2a: Blue Collar Dad
|-damage|p2a: Blue Collar Dad|25/100
|-unboost|p1a: Zamazenta|def|1
|-unboost|p1a: Zamazenta|spd|1
|-damage|p1a: Zamazenta|38/100|[from] item: Life Orb
|move|p2a: Blue Collar Dad|Earthquake|p1a: Zamazenta
|-damage|p1a: Zamazenta|0 fnt
|faint|p1a: Zamazenta
|
|-weather|none
|upkeep
|c|☆PokeMasterEN|Blue collar dad is funny
|
|t:|1760768430
|switch|p1a: Landorus|Landorus-Therian, M|46/100
|-ability|p1a: Landorus|Intimidate|boost
|-unboost|p2a: Blue Collar Dad|atk|1
|turn|11
|
|t:|1760768438
|move|p1a: Landorus|Earth Power|p2a: Blue Collar Dad
|-supereffective|p2a: Blue Collar Dad
|-damage|p2a: Blue Collar Dad|0 fnt
|faint|p2a: Blue Collar Dad
|
|upkeep
|
|t:|1760768445
|switch|p2a: Glimmy Busted|Glimmora, F|100/100
|turn|12
|
|t:|1760768452
|move|p1a: Landorus|Earth Power|p2a: Glimmy Busted
|-supereffective|p2a: Glimmy Busted
|-enditem|p2a: Glimmy Busted|Focus Sash
|-damage|p2a: Glimmy Busted|1/100
|move|p2a: Glimmy Busted|Mortal Spin|p1a: Landorus
|-resisted|p1a: Landorus
|-damage|p1a: Landorus|43/100
|-status|p1a: Landorus|psn
|-damage|p2a: Glimmy Busted|0 fnt|[from] item: Rocky Helmet|[of] p1a: Landorus
|faint|p2a: Glimmy Busted
|
|-damage|p1a: Landorus|30/100 psn|[from] psn
|upkeep
|
|t:|1760768465
|switch|p2a: He bites|Drednaw, M|100/100
|turn|13
|
|t:|1760768472
|move|p1a: Landorus|Earth Power|p2a: He bites
|-supereffective|p2a: He bites
|-damage|p2a: He bites|0 fnt
|faint|p2a: He bites
|
|win|PokeMasterEN
|raw|PokeMasterEN's rating: 1248 &rarr; <strong>1270</strong><br />(+22 for winning)
|raw|spoons_R_bent's rating: 1203 &rarr; <strong>1181</strong><br />(-22 for losing)
|c|☆spoons_R_bent|Gg
|l|☆spoons_R_bent
|player|p2|
|c|☆PokeMasterEN|Gg
|l|☆PokeMasterEN
|player|p1|
