|j|☆MooFarmer
|j|☆151htyrneh
|t:|1760868630
|gametype|singles
|player|p1|MooFarmer|1|1799
|player|p2|151htyrneh|wallace|1742
|gen|9
|tier|[Gen 9] OU
|rated|
|rule|HP Percentage Mod: HP is shown in percentages
|rule|Endless Battle Clause: Forcing endless battles is banned
|rule|Species Clause: Limit one of each Pokémon
|rule|OHKO Clause: OHKO moves are banned
|rule|Evasion Items Clause: Evasion items are banned
|rule|Evasion Moves Clause: Evasion moves are banned
|rule|Evasion Abilities Clause: Evasion abilities are banned
|rule|Sleep Moves Clause: Sleep-inducing moves are banned
|clearpoke
|poke|p1|Kyurem|
|poke|p1|Corviknight, F|
|poke|p1|Ting-Lu|
|poke|p1|Dondozo, M|
|poke|p1|Slowking-Galar, L99, M|
|poke|p1|Cinderace, M|
|poke|p2|Deoxys-Speed|
|poke|p2|Darkrai|
|poke|p2|Ogerpon-Wellspring, F|
|poke|p2|Zamazenta-*|
|poke|p2|Kingambit, F|
|poke|p2|Glimmora, M|
|teampreview
|inactive|Battle timer is ON: inactive players will automatically lose when time's up. (requested by 151htyrneh)
|
|t:|1760868677
|teamsize|p1|6
|teamsize|p2|6
|start
|switch|p1a: Dondozo|Dondozo, M|100/100
|switch|p2a: Deoxys|Deoxys-Speed|100/100
|-ability|p2a: Deoxys|Pressure
|turn|1
|inactive|MooFarmer also wants the timer to be on.
|inactive|MooFarmer has 120 seconds left.
|
|t:|1760868722
|move|p2a: Deoxys|Reflect|p2a: Deoxys
|-sidestart|p2: 151htyrneh|Reflect
|move|p1a: Dondozo|Waterfall|p2a: Deoxys
|-damage|p2a: Deoxys|83/100
|
|upkeep
|turn|2
|inactive|MooFarmer has 90 seconds left.
|
|t:|1760868767
|switch|p1a: Kyurem|Kyurem|100/100
|-ability|p1a: Kyurem|Pressure
|move|p2a: Deoxys|Psycho Boost|p1a: Kyurem
|-damage|p1a: Kyurem|55/100
|-unboost|p2a: Deoxys|spa|2
|
|-heal|p1a: Kyurem|61/100|[from] item: Leftovers
|upkeep
|turn|3
|inactive|MooFarmer has 60 seconds left.
|
|t:|1760868813
|move|p2a: Deoxys|Light Screen|p2a: Deoxys
|-sidestart|p2: 151htyrneh|move: Light Screen
|move|p1a: Kyurem|Freeze-Dry|p2a: Deoxys
|-damage|p2a: Deoxys|62/100
|
|-heal|p1a: Kyurem|68/100|[from] item: Leftovers
|upkeep
|turn|4
|
|t:|1760868824
|switch|p2a: Kingambit|Kingambit, F|100/100
|move|p1a: Kyurem|Freeze-Dry|p2a: Kingambit
|-resisted|p2a: Kingambit
|-damage|p2a: Kingambit|90/100
|
|-heal|p1a: Kyurem|74/100|[from] item: Leftovers
|upkeep
|turn|5
|
|t:|1760868834
|switch|p1a: Dondozo|Dondozo, M|100/100
|move|p2a: Kingambit|Iron Head|p1a: Dondozo
|-resisted|p1a: Dondozo
|-damage|p1a: Dondozo|89/100
|
|-heal|p1a: Dondozo|96/100|[from] item: Leftovers
|upkeep
|turn|6
|
|t:|1760868844
|-end|p2a: Kingambit|fallenundefined|[silent]
|switch|p2a: Glimmora|Glimmora, M|100/100
|move|p1a: Dondozo|Curse|p1a: Dondozo
|-unboost|p1a: Dondozo|spe|1
|-boost|p1a: Dondozo|atk|1
|-boost|p1a: Dondozo|def|1
|
|-heal|p1a: Dondozo|100/100|[from] item: Leftovers
|upkeep
|turn|7
|
|t:|1760868853
|move|p2a: Glimmora|Meteor Beam||[still]
|-prepare|p2a: Glimmora|Meteor Beam
|-boost|p2a: Glimmora|spa|1
|-enditem|p2a: Glimmora|Power Herb
|-anim|p2a: Glimmora|Meteor Beam|p1a: Dondozo
|-damage|p1a: Dondozo|42/100
|move|p1a: Dondozo|Waterfall|p2a: Glimmora
|-supereffective|p2a: Glimmora
|-damage|p2a: Glimmora|49/100
|-activate|p2a: Glimmora|ability: Toxic Debris
|-sidestart|p1: MooFarmer|move: Toxic Spikes
|
|-heal|p1a: Dondozo|49/100|[from] item: Leftovers
|upkeep
|turn|8
|inactive|MooFarmer has 60 seconds left.
|
|t:|1760868862
|move|p2a: Glimmora|Earth Power|p1a: Dondozo
|-damage|p1a: Dondozo|18/100
|move|p1a: Dondozo|Waterfall|p2a: Glimmora
|-supereffective|p2a: Glimmora
|-damage|p2a: Glimmora|2/100
|-activate|p2a: Glimmora|ability: Toxic Debris
|-sidestart|p1: MooFarmer|move: Toxic Spikes
|
|-heal|p1a: Dondozo|24/100|[from] item: Leftovers
|-sideend|p2: 151htyrneh|Reflect
|upkeep
|turn|9
|
|t:|1760868871
|move|p2a: Glimmora|Earth Power|p1a: Dondozo
|-damage|p1a: Dondozo|0 fnt
|faint|p1a: Dondozo
|
|upkeep
|
|t:|1760868880
|switch|p1a: Cinderace|Cinderace, M|100/100
|turn|10
|
|t:|1760868888
|move|p1a: Cinderace|Court Change|p1a: Cinderace
|-swapsideconditions
|-activate|p1a: Cinderace|move: Court Change
|move|p2a: Glimmora|Mortal Spin|p1a: Cinderace
|-damage|p1a: Cinderace|94/100
|-status|p1a: Cinderace|psn
|-sideend|p2: 151htyrneh|Toxic Spikes|[from] move: Mortal Spin|[of] p2a: Glimmora
|
|-damage|p1a: Cinderace|82/100 psn|[from] psn
|-sideend|p1: MooFarmer|move: Light Screen
|upkeep
|turn|11
|
|t:|1760868897
|switch|p1a: Corviknight|Corviknight, F|100/100
|-ability|p1a: Corviknight|Pressure
|move|p2a: Glimmora|Meteor Beam||[still]
|-prepare|p2a: Glimmora|Meteor Beam
|-boost|p2a: Glimmora|spa|1
|
|upkeep
|turn|12
|
|t:|1760868905
|switch|p1a: Ting-Lu|Ting-Lu|100/100
|-ability|p1a: Ting-Lu|Vessel of Ruin
|move|p2a: Glimmora|Meteor Beam|p1a: Ting-Lu|[from] lockedmove
|-resisted|p1a: Ting-Lu
|-damage|p1a: Ting-Lu|77/100
|
|-heal|p1a: Ting-Lu|83/100|[from] item: Leftovers
|upkeep
|turn|13
|
|t:|1760868913
|switch|p1a: Corviknight|Corviknight, F|100/100
|-ability|p1a: Corviknight|Pressure
|move|p2a: Glimmora|Earth Power|p1a: Corviknight
|-immune|p1a: Corviknight
|
|upkeep
|turn|14
|inactive|MooFarmer has 90 seconds left.
|
|t:|1760868922
|move|p2a: Glimmora|Spikes|p1a: Corviknight
|-sidestart|p1: MooFarmer|Spikes
|move|p1a: Corviknight|Defog|p2a: Glimmora
|-unboost|p2a: Glimmora|evasion|1
|-sideend|p1: MooFarmer|Spikes|[from] move: Defog|[of] p1a: Corviknight
|
|upkeep
|turn|15
|
|t:|1760868945
|move|p2a: Glimmora|Meteor Beam||[still]
|-prepare|p2a: Glimmora|Meteor Beam
|-boost|p2a: Glimmora|spa|1
|move|p1a: Corviknight|Defog|p2a: Glimmora
|-unboost|p2a: Glimmora|evasion|1
|
|upkeep
|turn|16
|
|t:|1760868953
|switch|p1a: Ting-Lu|Ting-Lu|83/100
|-ability|p1a: Ting-Lu|Vessel of Ruin
|move|p2a: Glimmora|Meteor Beam|p1a: Ting-Lu|[from] lockedmove
|-resisted|p1a: Ting-Lu
|-damage|p1a: Ting-Lu|53/100
|
|-heal|p1a: Ting-Lu|59/100|[from] item: Leftovers
|upkeep
|turn|17
|
|t:|1760868962
|move|p2a: Glimmora|Earth Power|p1a: Ting-Lu
|-damage|p1a: Ting-Lu|28/100
|-unboost|p1a: Ting-Lu|spd|1
|move|p1a: Ting-Lu|Rest|p1a: Ting-Lu
|-status|p1a: Ting-Lu|slp|[from] move: Rest
|-heal|p1a: Ting-Lu|100/100 slp|[silent]
|
|upkeep
|turn|18
|
|t:|1760868970
|switch|p1a: Corviknight|Corviknight, F|100/100
|-ability|p1a: Corviknight|Pressure
|move|p2a: Glimmora|Meteor Beam||[still]
|-prepare|p2a: Glimmora|Meteor Beam
|-boost|p2a: Glimmora|spa|1
|
|upkeep
|turn|19
|
|t:|1760868979
|switch|p1a: Ting-Lu|Ting-Lu|100/100 slp
|-ability|p1a: Ting-Lu|Vessel of Ruin
|move|p2a: Glimmora|Meteor Beam|p1a: Ting-Lu|[from] lockedmove
|-resisted|p1a: Ting-Lu
|-damage|p1a: Ting-Lu|64/100 slp
|
|-heal|p1a: Ting-Lu|70/100 slp|[from] item: Leftovers
|upkeep
|turn|20
|inactive|MooFarmer has 120 seconds left.
|
|t:|1760868987
|switch|p1a: Corviknight|Corviknight, F|100/100
|-ability|p1a: Corviknight|Pressure
|move|p2a: Glimmora|Earth Power|p1a: Corviknight
|-immune|p1a: Corviknight
|
|upkeep
|turn|21
|
|t:|1760868995
|move|p2a: Glimmora|Meteor Beam||[still]
|-prepare|p2a: Glimmora|Meteor Beam
|-boost|p2a: Glimmora|spa|1
|move|p1a: Corviknight|Defog|p2a: Glimmora
|-unboost|p2a: Glimmora|evasion|1
|
|upkeep
|turn|22
|
|t:|1760869004
|switch|p1a: Ting-Lu|Ting-Lu|70/100 slp
|-ability|p1a: Ting-Lu|Vessel of Ruin
|move|p2a: Glimmora|Meteor Beam|p1a: Ting-Lu|[from] lockedmove
|-resisted|p1a: Ting-Lu
|-damage|p1a: Ting-Lu|28/100 slp
|
|-heal|p1a: Ting-Lu|34/100 slp|[from] item: Leftovers
|upkeep
|turn|23
|
|t:|1760869012
|move|p2a: Glimmora|Meteor Beam||[still]
|-prepare|p2a: Glimmora|Meteor Beam
|-boost|p2a: Glimmora|spa|1
|cant|p1a: Ting-Lu|slp
|move|p1a: Ting-Lu|Sleep Talk|p1a: Ting-Lu
|move|p1a: Ting-Lu|Payback|p2a: Glimmora|[from] move: Sleep Talk
|-damage|p2a: Glimmora|0 fnt
|-activate|p2a: Glimmora|ability: Toxic Debris
|-sidestart|p1: MooFarmer|move: Toxic Spikes
|faint|p2a: Glimmora
|
|-heal|p1a: Ting-Lu|40/100 slp|[from] item: Leftovers
|upkeep
|
|t:|1760869015
|switch|p2a: Ogerpon|Ogerpon-Wellspring, F|100/100
|turn|24
|inactive|MooFarmer has 120 seconds left.
|
|t:|1760869060
|move|p2a: Ogerpon|Swords Dance|p2a: Ogerpon
|-boost|p2a: Ogerpon|atk|2
|cant|p1a: Ting-Lu|slp
|move|p1a: Ting-Lu|Sleep Talk|p1a: Ting-Lu
|move|p1a: Ting-Lu|Payback|p2a: Ogerpon|[from] move: Sleep Talk
|-damage|p2a: Ogerpon|54/100
|
|-heal|p1a: Ting-Lu|47/100 slp|[from] item: Leftovers
|upkeep
|turn|25
|inactive|MooFarmer has 90 seconds left.
|
|t:|1760869106
|-terastallize|p1a: Ting-Lu|Water
|move|p2a: Ogerpon|Horn Leech|p1a: Ting-Lu
|-supereffective|p1a: Ting-Lu
|-crit|p1a: Ting-Lu
|-damage|p1a: Ting-Lu|0 fnt
|-heal|p2a: Ogerpon|94/100|[from] drain|[of] p1a: Ting-Lu
|faint|p1a: Ting-Lu
|
|upkeep
|inactive|MooFarmer has 60 seconds left.
|
|t:|1760869150
|switch|p1a: Cinderace|Cinderace, M|82/100 psn
|turn|26
|
|t:|1760869159
|move|p1a: Cinderace|Will-O-Wisp|p2a: Ogerpon
|-status|p2a: Ogerpon|brn
|move|p2a: Ogerpon|Ivy Cudgel|p1a: Cinderace|[anim] Ivy Cudgel Water
|-supereffective|p1a: Cinderace
|-damage|p1a: Cinderace|0 fnt
|faint|p1a: Cinderace
|
|-damage|p2a: Ogerpon|88/100 brn|[from] brn
|upkeep
|
|t:|1760869167
|switch|p1a: Corviknight|Corviknight, F|100/100
|-ability|p1a: Corviknight|Pressure
|turn|27
|
|t:|1760869178
|move|p2a: Ogerpon|Ivy Cudgel|p1a: Corviknight|[anim] Ivy Cudgel Water
|-damage|p1a: Corviknight|65/100
|move|p1a: Corviknight|U-turn|p2a: Ogerpon
|-supereffective|p2a: Ogerpon
|-damage|p2a: Ogerpon|53/100 brn
|
|t:|1760869186
|switch|p1a: Slowking|Slowking-Galar, L99, M|100/100|[from] U-turn
|-sideend|p1: MooFarmer|move: Toxic Spikes|[of] p1a: Slowking
|
|-damage|p2a: Ogerpon|47/100 brn|[from] brn
|upkeep
|turn|28
|
|t:|1760869195
|move|p2a: Ogerpon|Ivy Cudgel|p1a: Slowking|[anim] Ivy Cudgel Water
|-damage|p1a: Slowking|34/100
|-prepare|p1a: Slowking|Chilly Reception|[premajor]
|move|p1a: Slowking|Chilly Reception|p1a: Slowking
|-weather|Snowscape
|
|t:|1760869203
|switch|p1a: Kyurem|Kyurem|74/100|[from] Chilly Reception
|-ability|p1a: Kyurem|Pressure
|
|-weather|Snowscape|[upkeep]
|-heal|p1a: Kyurem|80/100|[from] item: Leftovers
|-damage|p2a: Ogerpon|41/100 brn|[from] brn
|upkeep
|turn|29
|
|t:|1760869211
|move|p2a: Ogerpon|Ivy Cudgel|p1a: Kyurem|[anim] Ivy Cudgel Water
|-resisted|p1a: Kyurem
|-damage|p1a: Kyurem|63/100
|move|p1a: Kyurem|Substitute|p1a: Kyurem
|-start|p1a: Kyurem|Substitute
|-damage|p1a: Kyurem|38/100
|
|-weather|Snowscape|[upkeep]
|-heal|p1a: Kyurem|44/100|[from] item: Leftovers
|-damage|p2a: Ogerpon|35/100 brn|[from] brn
|upkeep
|turn|30
|inactive|MooFarmer has 60 seconds left.
|
|t:|1760869220
|move|p2a: Ogerpon|Ivy Cudgel|p1a: Kyurem|[anim] Ivy Cudgel Water
|-resisted|p1a: Kyurem
|-activate|p1a: Kyurem|move: Substitute|[damage]
|move|p1a: Kyurem|Freeze-Dry|p2a: Ogerpon
|-supereffective|p2a: Ogerpon
|-crit|p2a: Ogerpon
|-damage|p2a: Ogerpon|0 fnt
|faint|p2a: Ogerpon
|
|-weather|Snowscape|[upkeep]
|-heal|p1a: Kyurem|50/100|[from] item: Leftovers
|upkeep
|
|t:|1760869223
|switch|p2a: Kingambit|Kingambit, F|90/100
|-activate|p2a: Kingambit|ability: Supreme Overlord
|-start|p2a: Kingambit|fallen2|[silent]
|turn|31
|
|t:|1760869231
|move|p2a: Kingambit|Sucker Punch|p1a: Kyurem
|-end|p1a: Kyurem|Substitute
|move|p1a: Kyurem|Earth Power|p2a: Kingambit
|-supereffective|p2a: Kingambit
|-damage|p2a: Kingambit|14/100
|
|-weather|Snowscape|[upkeep]
|-heal|p1a: Kyurem|56/100|[from] item: Leftovers
|upkeep
|turn|32
|
|t:|1760869241
|move|p1a: Kyurem|Protect|p1a: Kyurem
|-singleturn|p1a: Kyurem|Protect
|move|p2a: Kingambit|Iron Head|p1a: Kyurem
|-activate|p1a: Kyurem|move: Protect
|
|-weather|none
|-heal|p1a: Kyurem|63/100|[from] item: Leftovers
|upkeep
|turn|33
|
|t:|1760869249
|move|p2a: Kingambit|Sucker Punch||[still]
|-fail|p2a: Kingambit
|move|p1a: Kyurem|Substitute|p1a: Kyurem
|-start|p1a: Kyurem|Substitute
|-damage|p1a: Kyurem|38/100
|
|-heal|p1a: Kyurem|44/100|[from] item: Leftovers
|upkeep
|turn|34
|
|t:|1760869258
|-end|p2a: Kingambit|fallen2|[silent]
|switch|p2a: Zamazenta|Zamazenta|100/100
|-ability|p2a: Zamazenta|Dauntless Shield|boost
|-boost|p2a: Zamazenta|def|1
|move|p1a: Kyurem|Protect||[still]
|-fail|p1a: Kyurem
|
|-heal|p1a: Kyurem|50/100|[from] item: Leftovers
|upkeep
|turn|35
|inactive|MooFarmer has 90 seconds left.
|inactive|MooFarmer has 60 seconds left.
|
|t:|1760869303
|move|p1a: Kyurem|Protect|p1a: Kyurem
|-singleturn|p1a: Kyurem|Protect
|move|p2a: Zamazenta|Roar|p1a: Kyurem
|drag|p1a: Corviknight|Corviknight, F|65/100
|-ability|p1a: Corviknight|Pressure
|
|upkeep
|turn|36
|inactive|MooFarmer has 30 seconds left.
|j| Disscratch
|inactive|MooFarmer has 20 seconds left.
|inactive|MooFarmer has 15 seconds left.
|
|t:|1760869348
|switch|p2a: Deoxys|Deoxys-Speed|62/100
|-ability|p2a: Deoxys|Pressure
|move|p1a: Corviknight|U-turn|p2a: Deoxys
|-supereffective|p2a: Deoxys
|-damage|p2a: Deoxys|25/100
|inactive|MooFarmer has 20 seconds left this turn.
|inactive|MooFarmer has 15 seconds left.
|c|☆151htyrneh|Hi disscratch
|
|t:|1760869357
|switch|p1a: Slowking|Slowking-Galar, L99, M|67/100|[from] U-turn
|
|upkeep
|turn|37
|inactive|MooFarmer has 25 seconds left this turn.
|inactive|MooFarmer has 20 seconds left.
|
|t:|1760869365
|move|p2a: Deoxys|Light Screen|p2a: Deoxys
|-sidestart|p2: 151htyrneh|move: Light Screen
|move|p1a: Slowking|Toxic|p2a: Deoxys
|-status|p2a: Deoxys|tox
|
|-damage|p2a: Deoxys|19/100 tox|[from] psn
|upkeep
|turn|38
|inactive|MooFarmer has 30 seconds left this turn.
|
|t:|1760869373
|move|p2a: Deoxys|Taunt|p1a: Slowking
|-start|p1a: Slowking|move: Taunt
|cant|p1a: Slowking|move: Taunt|Toxic
|
|-damage|p2a: Deoxys|7/100 tox|[from] psn
|upkeep
|turn|39
|inactive|MooFarmer has 30 seconds left.
|
|t:|1760869382
|switch|p1a: Kyurem|Kyurem|50/100
|-ability|p1a: Kyurem|Pressure
|move|p2a: Deoxys|Reflect|p2a: Deoxys
|-sidestart|p2: 151htyrneh|Reflect
|
|-heal|p1a: Kyurem|56/100|[from] item: Leftovers
|-damage|p2a: Deoxys|0 fnt|[from] psn
|faint|p2a: Deoxys
|upkeep
|
|t:|1760869384
|switch|p2a: Darkrai|Darkrai|100/100
|turn|40
|
|t:|1760869393
|move|p1a: Kyurem|Protect|p1a: Kyurem
|-singleturn|p1a: Kyurem|Protect
|move|p2a: Darkrai|Nasty Plot|p2a: Darkrai
|-boost|p2a: Darkrai|spa|2
|
|-heal|p1a: Kyurem|62/100|[from] item: Leftovers
|upkeep
|turn|41
|
|t:|1760869401
|-terastallize|p2a: Darkrai|Fairy
|move|p1a: Kyurem|Protect|p1a: Kyurem
|-singleturn|p1a: Kyurem|Protect
|move|p2a: Darkrai|Tera Blast|p1a: Kyurem|[anim] Tera Blast Fairy
|-activate|p1a: Kyurem|move: Protect
|
|-heal|p1a: Kyurem|69/100|[from] item: Leftovers
|upkeep
|turn|42
|
|t:|1760869408
|switch|p1a: Slowking|Slowking-Galar, L99, M|100/100
|move|p2a: Darkrai|Dark Pulse|p1a: Slowking
|-supereffective|p1a: Slowking
|-damage|p1a: Slowking|0 fnt
|faint|p1a: Slowking
|
|upkeep
|
|t:|1760869416
|switch|p1a: Kyurem|Kyurem|69/100
|-ability|p1a: Kyurem|Pressure
|turn|43
|
|t:|1760869424
|move|p1a: Kyurem|Protect|p1a: Kyurem
|-singleturn|p1a: Kyurem|Protect
|move|p2a: Darkrai|Nasty Plot|p2a: Darkrai
|-boost|p2a: Darkrai|spa|2
|
|-heal|p1a: Kyurem|75/100|[from] item: Leftovers
|upkeep
|turn|44
|inactive|MooFarmer has 60 seconds left.
|
|t:|1760869431
|move|p1a: Kyurem|Protect||[still]
|-fail|p1a: Kyurem
|move|p2a: Darkrai|Dark Pulse|p1a: Kyurem
|-damage|p1a: Kyurem|0 fnt
|faint|p1a: Kyurem
|
|-sideend|p2: 151htyrneh|move: Light Screen
|upkeep
|inactive|MooFarmer has 60 seconds left.
|
|t:|1760869437
|switch|p1a: Corviknight|Corviknight, F|65/100
|-ability|p1a: Corviknight|Pressure
|turn|45
|
|t:|1760869441
|move|p2a: Darkrai|Dark Pulse|p1a: Corviknight
|-damage|p1a: Corviknight|0 fnt
|faint|p1a: Corviknight
|
|win|151htyrneh
|raw|MooFarmer's rating: 1799 &rarr; <strong>1776</strong><br />(-23 for losing)
|raw|151htyrneh's rating: 1742 &rarr; <strong>1765</strong><br />(+23 for winning)
|l|☆MooFarmer
|player|p1|
