|j|☆LastGREATEST
|j|☆aretse
|t:|1760793584
|gametype|singles
|player|p1|LastGREATEST|blue-gen7|1427
|player|p2|aretse|170|1474
|gen|9
|tier|[Gen 9] OU
|rated|
|rule|HP Percentage Mod: HP is shown in percentages
|rule|Endless Battle Clause: Forcing endless battles is banned
|rule|Species Clause: Limit one of each Pokémon
|rule|OHKO Clause: OHKO moves are banned
|rule|Evasion Items Clause: Evasion items are banned
|rule|Evasion Moves Clause: Evasion moves are banned
|rule|Evasion Abilities Clause: Evasion abilities are banned
|rule|Sleep Moves Clause: Sleep-inducing moves are banned
|clearpoke
|poke|p1|Slowking-Galar, M|
|poke|p1|Azumarill, M|
|poke|p1|Ursaluna, M|
|poke|p1|Mimikyu, M|
|poke|p1|Rabsca, M|
|poke|p1|Kingambit, M|
|poke|p2|Clodsire, F|
|poke|p2|Gliscor, F|
|poke|p2|Alomomola, F|
|poke|p2|Dondozo, F|
|poke|p2|Amoonguss, F|
|poke|p2|Bronzong|
|teampreview
|inactive|Battle timer is ON: inactive players will automatically lose when time's up. (requested by aretse)
|inactive|LastGREATEST has 120 seconds left.
|
|t:|1760793616
|teamsize|p1|6
|teamsize|p2|6
|start
|switch|p1a: PIKABLU|Azumarill, M|100/100
|switch|p2a: Gliscor|Gliscor, F|100/100
|turn|1
|
|t:|1760793624
|move|p2a: Gliscor|Protect|p2a: Gliscor
|-singleturn|p2a: Gliscor|Protect
|move|p1a: PIKABLU|Liquidation|p2a: Gliscor
|-activate|p2a: Gliscor|move: Protect
|
|-status|p2a: Gliscor|tox|[from] item: Toxic Orb
|upkeep
|turn|2
|
|t:|1760793633
|switch|p2a: Dondozo|Dondozo, F|100/100
|move|p1a: PIKABLU|Knock Off|p2a: Dondozo
|-damage|p2a: Dondozo|84/100
|-enditem|p2a: Dondozo|Heavy-Duty Boots|[from] move: Knock Off|[of] p1a: PIKABLU
|
|upkeep
|turn|3
|
|t:|1760793661
|move|p1a: PIKABLU|Play Rough|p2a: Dondozo
|-damage|p2a: Dondozo|60/100
|move|p2a: Dondozo|Waterfall|p1a: PIKABLU
|-resisted|p1a: PIKABLU
|-damage|p1a: PIKABLU|87/100
|
|upkeep
|turn|4
|
|t:|1760793672
|switch|p1a: DARTH BRO|Slowking-Galar, M|100/100
|move|p2a: Dondozo|Rest|p2a: Dondozo
|-status|p2a: Dondozo|slp|[from] move: Rest
|-heal|p2a: Dondozo|100/100 slp|[silent]
|
|upkeep
|turn|5
|
|t:|1760793681
|switch|p2a: Bronzong|Bronzong|100/100
|move|p1a: DARTH BRO|Trick Room|p1a: DARTH BRO
|-fieldstart|move: Trick Room|[of] p1a: DARTH BRO
|
|upkeep
|turn|6
|
|t:|1760793686
|move|p1a: DARTH BRO|Fire Blast|p2a: Bronzong
|-supereffective|p2a: Bronzong
|-damage|p2a: Bronzong|35/100
|-damage|p1a: DARTH BRO|91/100|[from] item: Life Orb
|move|p2a: Bronzong|Stealth Rock|p1a: DARTH BRO
|-sidestart|p1: LastGREATEST|move: Stealth Rock
|
|-heal|p2a: Bronzong|41/100|[from] item: Leftovers
|upkeep
|turn|7
|
|t:|1760793697
|move|p2a: Bronzong|Protect|p2a: Bronzong
|-singleturn|p2a: Bronzong|Protect
|move|p1a: DARTH BRO|Sludge Wave|p2a: Bronzong
|-activate|p2a: Bronzong|move: Protect
|
|-heal|p2a: Bronzong|48/100|[from] item: Leftovers
|upkeep
|turn|8
|
|t:|1760793701
|switch|p2a: Clodsire|Clodsire, F|100/100
|move|p1a: DARTH BRO|Fire Blast|p2a: Clodsire
|-crit|p2a: Clodsire
|-damage|p2a: Clodsire|58/100
|-damage|p1a: DARTH BRO|81/100|[from] item: Life Orb
|
|upkeep
|turn|9
|
|t:|1760793706
|switch|p2a: Gliscor|Gliscor, F|100/100 tox
|move|p1a: DARTH BRO|Ice Beam|p2a: Gliscor
|-supereffective|p2a: Gliscor
|-damage|p2a: Gliscor|0 fnt
|faint|p2a: Gliscor
|-damage|p1a: DARTH BRO|71/100|[from] item: Life Orb
|
|-fieldend|move: Trick Room
|upkeep
|-message|aretse forfeited.
|
|win|LastGREATEST
|raw|LastGREATEST's rating: 1427 &rarr; <strong>1450</strong><br />(+23 for winning)
|raw|aretse's rating: 1474 &rarr; <strong>1451</strong><br />(-23 for losing)
|l|☆aretse
|player|p2|
|l|☆LastGREATEST
|player|p1|
