|j|☆nex2nex2
|j|☆BigBadDragon98
|t:|1760780079
|gametype|singles
|player|p1|nex2nex2|cameraman|1178
|player|p2|BigBadDragon98|red|1126
|gen|9
|tier|[Gen 9] OU
|rated|
|rule|HP Percentage Mod: HP is shown in percentages
|rule|Endless Battle Clause: Forcing endless battles is banned
|rule|Species Clause: Limit one of each Pokémon
|rule|OHKO Clause: OHKO moves are banned
|rule|Evasion Items Clause: Evasion items are banned
|rule|Evasion Moves Clause: Evasion moves are banned
|rule|Evasion Abilities Clause: Evasion abilities are banned
|rule|Sleep Moves Clause: Sleep-inducing moves are banned
|clearpoke
|poke|p1|Kingambit, M|
|poke|p1|Cinderace, M|
|poke|p1|Landorus-Therian, M|
|poke|p1|Iron Valiant|
|poke|p1|Kyurem|
|poke|p1|Slowking-Galar, M|
|poke|p2|Gholdengo|
|poke|p2|Dragapult, M|
|poke|p2|Houndstone, M|
|poke|p2|Skeledirge, M|
|poke|p2|Gengar, M|
|poke|p2|Ceruledge, M|
|teampreview
|inactive|Battle timer is ON: inactive players will automatically lose when time's up. (requested by BigBadDragon98)
|inactive|nex2nex2 also wants the timer to be on.
|
|t:|1760780093
|teamsize|p1|6
|teamsize|p2|6
|start
|switch|p1a: Kyurem|Kyurem|100/100
|switch|p2a: Skeledirge|Skeledirge, M|100/100
|-ability|p1a: Kyurem|Pressure
|turn|1
|
|t:|1760780105
|move|p1a: Kyurem|Substitute|p1a: Kyurem
|-start|p1a: Kyurem|Substitute
|-damage|p1a: Kyurem|76/100
|move|p2a: Skeledirge|Torch Song|p1a: Kyurem
|-damage|p1a: Kyurem|47/100
|-boost|p2a: Skeledirge|spa|1
|
|-heal|p1a: Kyurem|53/100|[from] item: Leftovers
|upkeep
|turn|2
|
|t:|1760780116
|move|p1a: Kyurem|Earth Power|p2a: Skeledirge
|-supereffective|p2a: Skeledirge
|-damage|p2a: Skeledirge|56/100
|-unboost|p2a: Skeledirge|spd|1
|move|p2a: Skeledirge|Torch Song|p1a: Kyurem
|-damage|p1a: Kyurem|11/100
|-boost|p2a: Skeledirge|spa|1
|
|-heal|p1a: Kyurem|17/100|[from] item: Leftovers
|upkeep
|turn|3
|
|t:|1760780129
|-terastallize|p2a: Skeledirge|Fairy
|move|p1a: Kyurem|Earth Power|p2a: Skeledirge
|-damage|p2a: Skeledirge|25/100
|move|p2a: Skeledirge|Torch Song|p1a: Kyurem
|-damage|p1a: Kyurem|0 fnt
|-boost|p2a: Skeledirge|spa|1
|faint|p1a: Kyurem
|
|upkeep
|
|t:|1760780140
|switch|p1a: Cinderace|Cinderace, M|100/100
|turn|4
|
|t:|1760780146
|move|p1a: Cinderace|Pyro Ball|p2a: Skeledirge
|-damage|p2a: Skeledirge|0 fnt
|faint|p2a: Skeledirge
|
|upkeep
|
|t:|1760780153
|switch|p2a: Dragapult|Dragapult, M|100/100
|turn|5
|
|t:|1760780158
|switch|p1a: Slowking|Slowking-Galar, M|100/100
|move|p2a: Dragapult|Thunder Wave|p1a: Slowking
|-status|p1a: Slowking|par
|
|upkeep
|turn|6
|
|t:|1760780168
|move|p2a: Dragapult|Hex|p1a: Slowking
|-supereffective|p1a: Slowking
|-damage|p1a: Slowking|9/100 par
|-damage|p2a: Dragapult|91/100|[from] item: Life Orb
|move|p1a: Slowking|Sludge Bomb|p2a: Dragapult
|-resisted|p2a: Dragapult
|-damage|p2a: Dragapult|68/100
|-status|p2a: Dragapult|psn
|
|-damage|p2a: Dragapult|55/100 psn|[from] psn
|upkeep
|turn|7
|
|t:|1760780181
|move|p2a: Dragapult|Hex|p1a: Slowking
|-supereffective|p1a: Slowking
|-damage|p1a: Slowking|0 fnt
|faint|p1a: Slowking
|-damage|p2a: Dragapult|46/100 psn|[from] item: Life Orb
|
|-damage|p2a: Dragapult|33/100 psn|[from] psn
|upkeep
|
|t:|1760780185
|switch|p1a: Kingambit|Kingambit, M|100/100
|-activate|p1a: Kingambit|ability: Supreme Overlord
|-start|p1a: Kingambit|fallen2|[silent]
|turn|8
|
|t:|1760780193
|move|p2a: Dragapult|Thunder Wave|p1a: Kingambit
|-status|p1a: Kingambit|par
|cant|p1a: Kingambit|par
|
|-damage|p2a: Dragapult|21/100 psn|[from] psn
|upkeep
|turn|9
|
|t:|1760780201
|move|p2a: Dragapult|Flamethrower|p1a: Kingambit
|-supereffective|p1a: Kingambit
|-damage|p1a: Kingambit|25/100 par
|-damage|p2a: Dragapult|11/100 psn|[from] item: Life Orb
|cant|p1a: Kingambit|par
|
|-heal|p1a: Kingambit|31/100 par|[from] item: Leftovers
|-damage|p2a: Dragapult|0 fnt|[from] psn
|faint|p2a: Dragapult
|upkeep
|
|t:|1760780212
|switch|p2a: Ceruledge|Ceruledge, M|100/100
|turn|10
|
|t:|1760780218
|-end|p1a: Kingambit|fallen2|[silent]
|switch|p1a: Landorus|Landorus-Therian, M|100/100
|-ability|p1a: Landorus|Intimidate|boost
|-unboost|p2a: Ceruledge|atk|1
|move|p2a: Ceruledge|Bitter Blade|p1a: Landorus
|-damage|p1a: Landorus|70/100
|-damage|p2a: Ceruledge|84/100|[from] item: Rocky Helmet|[of] p1a: Landorus
|
|upkeep
|turn|11
|
|t:|1760780229
|switch|p2a: Houndstone|Houndstone, M|100/100
|move|p1a: Landorus|Stealth Rock|p2a: Houndstone
|-sidestart|p2: BigBadDragon98|move: Stealth Rock
|
|upkeep
|turn|12
|
|t:|1760780235
|move|p1a: Landorus|U-turn|p2a: Houndstone
|-resisted|p2a: Houndstone
|-damage|p2a: Houndstone|97/100
|
|t:|1760780239
|switch|p1a: Cinderace|Cinderace, M|100/100|[from] U-turn
|move|p2a: Houndstone|Will-O-Wisp|p1a: Cinderace
|-immune|p1a: Cinderace
|
|-heal|p2a: Houndstone|100/100|[from] item: Leftovers
|upkeep
|turn|13
|
|t:|1760780249
|switch|p2a: Ceruledge|Ceruledge, M|84/100
|-damage|p2a: Ceruledge|59/100|[from] Stealth Rock
|move|p1a: Cinderace|Pyro Ball|p2a: Ceruledge
|-resisted|p2a: Ceruledge
|-crit|p2a: Ceruledge
|-damage|p2a: Ceruledge|12/100
|-ability|p2a: Ceruledge|Weak Armor|boost
|-unboost|p2a: Ceruledge|def|1
|-boost|p2a: Ceruledge|spe|2
|
|upkeep
|turn|14
|
|t:|1760780260
|move|p2a: Ceruledge|Close Combat|p1a: Cinderace
|-damage|p1a: Cinderace|52/100
|-unboost|p2a: Ceruledge|def|1
|-unboost|p2a: Ceruledge|spd|1
|move|p1a: Cinderace|Pyro Ball|p2a: Ceruledge
|-resisted|p2a: Ceruledge
|-damage|p2a: Ceruledge|0 fnt
|faint|p2a: Ceruledge
|
|upkeep
|
|t:|1760780269
|switch|p2a: Gengar|Gengar, M|100/100
|-damage|p2a: Gengar|88/100|[from] Stealth Rock
|turn|15
|
|t:|1760780276
|switch|p1a: Landorus|Landorus-Therian, M|70/100
|-ability|p1a: Landorus|Intimidate|boost
|-unboost|p2a: Gengar|atk|1
|move|p2a: Gengar|Shadow Ball|p1a: Landorus
|-damage|p1a: Landorus|0 fnt
|faint|p1a: Landorus
|
|upkeep
|
|t:|1760780279
|switch|p1a: Kingambit|Kingambit, M|31/100 par
|-activate|p1a: Kingambit|ability: Supreme Overlord
|-start|p1a: Kingambit|fallen3|[silent]
|turn|16
|
|t:|1760780289
|switch|p2a: Houndstone|Houndstone, M|100/100
|-damage|p2a: Houndstone|88/100|[from] Stealth Rock
|move|p1a: Kingambit|Sucker Punch||[still]
|-fail|p1a: Kingambit
|
|-heal|p2a: Houndstone|94/100|[from] item: Leftovers
|-heal|p1a: Kingambit|38/100 par|[from] item: Leftovers
|upkeep
|turn|17
|
|t:|1760780298
|-end|p1a: Kingambit|fallen3|[silent]
|switch|p1a: Cinderace|Cinderace, M|52/100
|move|p2a: Houndstone|Will-O-Wisp|p1a: Cinderace
|-immune|p1a: Cinderace
|
|-heal|p2a: Houndstone|99/100|[from] item: Leftovers
|upkeep
|turn|18
|
|t:|1760780307
|switch|p2a: Gholdengo|Gholdengo|100/100
|-damage|p2a: Gholdengo|94/100|[from] Stealth Rock
|move|p1a: Cinderace|U-turn|p2a: Gholdengo
|-resisted|p2a: Gholdengo
|-damage|p2a: Gholdengo|89/100
|
|t:|1760780326
|switch|p1a: Kingambit|Kingambit, M|38/100 par|[from] U-turn
|-activate|p1a: Kingambit|ability: Supreme Overlord
|-start|p1a: Kingambit|fallen3|[silent]
|
|-heal|p2a: Gholdengo|95/100|[from] item: Leftovers
|-heal|p1a: Kingambit|44/100 par|[from] item: Leftovers
|upkeep
|turn|19
|
|t:|1760780335
|move|p2a: Gholdengo|Nasty Plot|p2a: Gholdengo
|-boost|p2a: Gholdengo|spa|2
|move|p1a: Kingambit|Kowtow Cleave|p2a: Gholdengo
|-supereffective|p2a: Gholdengo
|-damage|p2a: Gholdengo|0 fnt
|faint|p2a: Gholdengo
|
|-heal|p1a: Kingambit|50/100 par|[from] item: Leftovers
|upkeep
|
|t:|1760780347
|switch|p2a: Gengar|Gengar, M|88/100
|-damage|p2a: Gengar|76/100|[from] Stealth Rock
|turn|20
|
|t:|1760780352
|move|p2a: Gengar|Sludge Bomb|p1a: Kingambit
|-immune|p1a: Kingambit
|move|p1a: Kingambit|Kowtow Cleave|p2a: Gengar
|-supereffective|p2a: Gengar
|-damage|p2a: Gengar|0 fnt
|faint|p2a: Gengar
|
|-heal|p1a: Kingambit|56/100 par|[from] item: Leftovers
|upkeep
|-message|BigBadDragon98 forfeited.
|
|win|nex2nex2
|raw|nex2nex2's rating: 1178 &rarr; <strong>1199</strong><br />(+21 for winning)
|raw|BigBadDragon98's rating: 1126 &rarr; <strong>1105</strong><br />(-21 for losing)
|l|☆BigBadDragon98
|player|p2|
|l|☆nex2nex2
|player|p1|
