|j|☆germ licker
|j|☆mo007001
|t:|1760862566
|gametype|singles
|player|p1|germ licker|rood|1195
|player|p2|mo007001|burglar|1228
|gen|9
|tier|[Gen 9] OU
|rated|
|rule|HP Percentage Mod: HP is shown in percentages
|rule|Endless Battle Clause: Forcing endless battles is banned
|rule|Species Clause: Limit one of each Pokémon
|rule|OHKO Clause: OHKO moves are banned
|rule|Evasion Items Clause: Evasion items are banned
|rule|Evasion Moves Clause: Evasion moves are banned
|rule|Evasion Abilities Clause: Evasion abilities are banned
|rule|Sleep Moves Clause: Sleep-inducing moves are banned
|clearpoke
|poke|p1|Zapdos|
|poke|p1|Gengar, F|
|poke|p1|Tornadus-Therian, M|
|poke|p1|Politoed, F|
|poke|p1|Azumarill, M|
|poke|p1|Dragonite, F|
|poke|p2|Ursaluna, M|
|poke|p2|Gumshoos, F|
|poke|p2|Kingambit, F|
|poke|p2|Skeledirge, F|
|poke|p2|Slowking, F|
|poke|p2|Cinderace, F|
|teampreview
|
|t:|1760862585
|teamsize|p1|6
|teamsize|p2|6
|start
|switch|p1a: Gengar|Gengar, F|100/100
|switch|p2a: Gumshoos|Gumshoos, F|100/100
|turn|1
|
|t:|1760862597
|move|p1a: Gengar|Trick|p2a: Gumshoos
|-activate|p1a: Gengar|move: Trick|[of] p2a: Gumshoos
|-item|p2a: Gumshoos|Choice Scarf|[from] move: Trick
|-item|p1a: Gengar|Red Card|[from] move: Trick
|move|p2a: Gumshoos|Knock Off|p1a: Gengar
|-supereffective|p1a: Gengar
|-damage|p1a: Gengar|0 fnt
|-enditem|p1a: Gengar|Red Card|[from] move: Knock Off|[of] p2a: Gumshoos
|faint|p1a: Gengar
|
|upkeep
|
|t:|1760862615
|switch|p1a: Zapdos|Zapdos|100/100
|turn|2
|
|t:|1760862620
|move|p1a: Zapdos|Volt Switch|p2a: Gumshoos
|-damage|p2a: Gumshoos|32/100
|
|t:|1760862627
|switch|p1a: Azumarill|Azumarill, M|100/100|[from] Volt Switch
|move|p2a: Gumshoos|Knock Off|p1a: Azumarill
|-resisted|p1a: Azumarill
|-damage|p1a: Azumarill|68/100
|-enditem|p1a: Azumarill|Assault Vest|[from] move: Knock Off|[of] p2a: Gumshoos
|
|upkeep
|turn|3
|
|t:|1760862648
|switch|p2a: Slowking|Slowking, F, shiny|100/100
|move|p1a: Azumarill|Knock Off|p2a: Slowking
|-supereffective|p2a: Slowking
|-damage|p2a: Slowking|43/100
|-enditem|p2a: Slowking|Terrain Extender|[from] move: Knock Off|[of] p1a: Azumarill
|
|upkeep
|turn|4
|
|t:|1760862663
|switch|p1a: Politoed|Politoed, F|100/100
|-weather|RainDance|[from] ability: Drizzle|[of] p1a: Politoed
|-prepare|p2a: Slowking|Chilly Reception|[premajor]
|move|p2a: Slowking|Chilly Reception|p2a: Slowking
|-weather|Snowscape
|
|t:|1760862683
|switch|p2a: Cinderace|Cinderace, F|100/100|[from] Chilly Reception
|
|-weather|Snowscape|[upkeep]
|upkeep
|turn|5
|
|t:|1760862694
|switch|p1a: Dragonite|Dragonite, F|100/100
|move|p2a: Cinderace|U-turn|p1a: Dragonite
|-start|p2a: Cinderace|typechange|Bug|[from] ability: Libero
|-resisted|p1a: Dragonite
|-damage|p1a: Dragonite|93/100
|
|t:|1760862707
|switch|p2a: Slowking|Slowking, F, shiny|76/100|[from] U-turn
|
|-weather|Snowscape|[upkeep]
|upkeep
|turn|6
|
|t:|1760862717
|move|p1a: Dragonite|Outrage|p2a: Slowking
|-damage|p2a: Slowking|25/100
|move|p2a: Slowking|Trick Room|p2a: Slowking
|-fieldstart|move: Trick Room|[of] p2a: Slowking
|
|-weather|Snowscape|[upkeep]
|upkeep
|turn|7
|
|t:|1760862729
|switch|p2a: Gumshoos|Gumshoos, F|32/100
|move|p1a: Dragonite|Outrage|p2a: Gumshoos|[from] lockedmove
|-damage|p2a: Gumshoos|0 fnt
|faint|p2a: Gumshoos
|-start|p1a: Dragonite|confusion|[fatigue]
|
|-weather|Snowscape|[upkeep]
|upkeep
|
|t:|1760862739
|switch|p2a: Ursaluna|Ursaluna, M|100/100
|turn|8
|
|t:|1760862745
|switch|p1a: Politoed|Politoed, F|100/100
|-weather|RainDance|[from] ability: Drizzle|[of] p1a: Politoed
|move|p2a: Ursaluna|Bulk Up|p2a: Ursaluna
|-boost|p2a: Ursaluna|atk|1
|-boost|p2a: Ursaluna|def|1
|
|-weather|RainDance|[upkeep]
|-status|p2a: Ursaluna|brn|[from] item: Flame Orb
|upkeep
|turn|9
|
|t:|1760862756
|move|p1a: Politoed|Encore|p2a: Ursaluna
|-start|p2a: Ursaluna|Encore
|move|p2a: Ursaluna|Bulk Up|p2a: Ursaluna
|-boost|p2a: Ursaluna|atk|1
|-boost|p2a: Ursaluna|def|1
|
|-weather|RainDance|[upkeep]
|-damage|p2a: Ursaluna|94/100 brn|[from] brn
|upkeep
|turn|10
|
|t:|1760862766
|switch|p2a: Slowking|Slowking, F, shiny|59/100
|move|p1a: Politoed|Perish Song|p1a: Politoed
|-start|p1a: Politoed|perish3|[silent]
|-start|p2a: Slowking|perish3|[silent]
|-fieldactivate|move: Perish Song
|
|-weather|RainDance|[upkeep]
|-start|p2a: Slowking|perish3
|-start|p1a: Politoed|perish3
|-fieldend|move: Trick Room
|upkeep
|turn|11
|
|t:|1760862777
|switch|p1a: Azumarill|Azumarill, M|68/100
|move|p2a: Slowking|Future Sight|p1a: Azumarill
|-start|p2a: Slowking|move: Future Sight
|
|-weather|RainDance|[upkeep]
|-start|p2a: Slowking|perish2
|upkeep
|turn|12
|
|t:|1760862790
|move|p1a: Azumarill|Knock Off|p2a: Slowking
|-supereffective|p2a: Slowking
|-damage|p2a: Slowking|18/100
|-prepare|p2a: Slowking|Chilly Reception|[premajor]
|move|p2a: Slowking|Chilly Reception|p2a: Slowking
|-weather|Snowscape
|
|t:|1760862799
|switch|p2a: Cinderace|Cinderace, F|100/100|[from] Chilly Reception
|
|-weather|Snowscape|[upkeep]
|upkeep
|turn|13
|
|t:|1760862808
|switch|p1a: Politoed|Politoed, F|100/100
|-weather|RainDance|[from] ability: Drizzle|[of] p1a: Politoed
|move|p2a: Cinderace|Sucker Punch||[still]
|-fail|p2a: Cinderace
|
|-weather|RainDance|[upkeep]
|-end|p1a: Politoed|move: Future Sight
|-damage|p1a: Politoed|69/100
|upkeep
|turn|14
|
|t:|1760862819
|switch|p2a: Slowking|Slowking, F, shiny|51/100
|switch|p1a: Azumarill|Azumarill, M|68/100
|
|-weather|RainDance|[upkeep]
|upkeep
|turn|15
|
|t:|1760862830
|-terastallize|p1a: Azumarill|Water
|move|p1a: Azumarill|Liquidation|p2a: Slowking
|-resisted|p2a: Slowking
|-damage|p2a: Slowking|15/100
|-unboost|p2a: Slowking|def|1
|-prepare|p2a: Slowking|Chilly Reception|[premajor]
|move|p2a: Slowking|Chilly Reception|p2a: Slowking
|-weather|Snowscape
|
|t:|1760862839
|switch|p2a: Cinderace|Cinderace, F|100/100|[from] Chilly Reception
|
|-weather|Snowscape|[upkeep]
|upkeep
|turn|16
|
|t:|1760862846
|move|p2a: Cinderace|Sucker Punch|p1a: Azumarill
|-start|p2a: Cinderace|typechange|Dark|[from] ability: Libero
|-damage|p1a: Azumarill|33/100
|move|p1a: Azumarill|Liquidation|p2a: Cinderace
|-damage|p2a: Cinderace|0 fnt
|faint|p2a: Cinderace
|
|-weather|Snowscape|[upkeep]
|upkeep
|
|t:|1760862857
|switch|p2a: Slowking|Slowking, F, shiny|48/100
|turn|17
|
|t:|1760862860
|switch|p1a: Politoed|Politoed, F|69/100
|-weather|RainDance|[from] ability: Drizzle|[of] p1a: Politoed
|move|p2a: Slowking|Trick Room|p2a: Slowking
|-fieldstart|move: Trick Room|[of] p2a: Slowking
|
|-weather|RainDance|[upkeep]
|upkeep
|turn|18
|
|t:|1760862873
|switch|p1a: Zapdos|Zapdos|100/100
|move|p2a: Slowking|Future Sight|p1a: Zapdos
|-start|p2a: Slowking|move: Future Sight
|
|-weather|RainDance|[upkeep]
|upkeep
|turn|19
|
|t:|1760862884
|switch|p2a: Ursaluna|Ursaluna, M|94/100 brn
|move|p1a: Zapdos|Hurricane|p2a: Ursaluna
|-damage|p2a: Ursaluna|15/100 brn
|
|-weather|RainDance|[upkeep]
|-damage|p2a: Ursaluna|9/100 brn|[from] brn
|upkeep
|turn|20
|
|t:|1760862896
|switch|p1a: Dragonite|Dragonite, F|93/100
|move|p2a: Ursaluna|Facade|p1a: Dragonite
|-damage|p1a: Dragonite|3/100
|
|-weather|RainDance|[upkeep]
|-end|p1a: Dragonite|move: Future Sight
|-damage|p1a: Dragonite|0 fnt
|faint|p1a: Dragonite
|-damage|p2a: Ursaluna|3/100 brn|[from] brn
|upkeep
|
|t:|1760862913
|switch|p1a: Azumarill|Azumarill, M, tera:Water|33/100
|turn|21
|
|t:|1760862917
|switch|p2a: Slowking|Slowking, F, shiny|81/100
|move|p1a: Azumarill|Aqua Jet|p2a: Slowking
|-resisted|p2a: Slowking
|-damage|p2a: Slowking|64/100
|
|-weather|RainDance|[upkeep]
|-fieldend|move: Trick Room
|upkeep
|turn|22
|
|t:|1760862926
|move|p1a: Azumarill|Liquidation|p2a: Slowking
|-resisted|p2a: Slowking
|-damage|p2a: Slowking|23/100
|move|p2a: Slowking|Future Sight|p1a: Azumarill
|-start|p2a: Slowking|move: Future Sight
|
|-weather|RainDance|[upkeep]
|upkeep
|turn|23
|
|t:|1760862935
|switch|p2a: Ursaluna|Ursaluna, M|3/100 brn
|move|p1a: Azumarill|Liquidation|p2a: Ursaluna
|-supereffective|p2a: Ursaluna
|-damage|p2a: Ursaluna|0 fnt
|faint|p2a: Ursaluna
|
|-weather|RainDance|[upkeep]
|upkeep
|
|t:|1760862954
|switch|p2a: Skeledirge|Skeledirge, F, shiny|100/100
|turn|24
|
|t:|1760862962
|-terastallize|p2a: Skeledirge|Fairy
|move|p1a: Azumarill|Aqua Jet|p2a: Skeledirge
|-damage|p2a: Skeledirge|68/100
|move|p2a: Skeledirge|Shadow Ball|p1a: Azumarill
|-crit|p1a: Azumarill
|-damage|p1a: Azumarill|0 fnt
|faint|p1a: Azumarill
|
|-weather|none
|-hint|Future Sight did not hit because the target is fainted.
|upkeep
|
|t:|1760862974
|switch|p1a: Politoed|Politoed, F|69/100
|-weather|RainDance|[from] ability: Drizzle|[of] p1a: Politoed
|turn|25
|
|t:|1760862981
|switch|p2a: Slowking|Slowking, F, shiny|57/100
|move|p1a: Politoed|Weather Ball|p2a: Slowking
|-resisted|p2a: Slowking
|-damage|p2a: Slowking|37/100
|
|-weather|RainDance|[upkeep]
|upkeep
|turn|26
|
|t:|1760862994
|switch|p1a: Zapdos|Zapdos|100/100
|-prepare|p2a: Slowking|Chilly Reception|[premajor]
|move|p2a: Slowking|Chilly Reception|p2a: Slowking
|-weather|Snowscape
|
|t:|1760863007
|switch|p2a: Skeledirge|Skeledirge, F, shiny, tera:Fairy|68/100|[from] Chilly Reception
|
|-weather|Snowscape|[upkeep]
|upkeep
|turn|27
|
|t:|1760863014
|move|p1a: Zapdos|Volt Switch|p2a: Skeledirge
|-damage|p2a: Skeledirge|22/100
|
|t:|1760863018
|switch|p1a: Politoed|Politoed, F|69/100|[from] Volt Switch
|-weather|RainDance|[from] ability: Drizzle|[of] p1a: Politoed
|move|p2a: Skeledirge|Slack Off|p2a: Skeledirge
|-heal|p2a: Skeledirge|72/100
|
|-weather|RainDance|[upkeep]
|upkeep
|turn|28
|
|t:|1760863028
|switch|p2a: Slowking|Slowking, F, shiny|70/100
|move|p1a: Politoed|Weather Ball|p2a: Slowking
|-resisted|p2a: Slowking
|-damage|p2a: Slowking|50/100
|
|-weather|RainDance|[upkeep]
|upkeep
|turn|29
|
|t:|1760863037
|switch|p1a: Zapdos|Zapdos|100/100
|move|p2a: Slowking|Future Sight|p1a: Zapdos
|-start|p2a: Slowking|move: Future Sight
|
|-weather|RainDance|[upkeep]
|upkeep
|turn|30
|inactive|Battle timer is ON: inactive players will automatically lose when time's up. (requested by germ licker)
|
|t:|1760863072
|switch|p2a: Skeledirge|Skeledirge, F, shiny, tera:Fairy|72/100
|move|p1a: Zapdos|Volt Switch|p2a: Skeledirge
|-damage|p2a: Skeledirge|21/100
|
|t:|1760863079
|switch|p1a: Tornadus|Tornadus-Therian, M|100/100|[from] Volt Switch
|
|-weather|RainDance|[upkeep]
|upkeep
|turn|31
|
|t:|1760863086
|switch|p2a: Slowking|Slowking, F, shiny|83/100
|move|p1a: Tornadus|Bleakwind Storm|p2a: Slowking
|-damage|p2a: Slowking|40/100
|-unboost|p2a: Slowking|spe|1
|
|-weather|RainDance|[upkeep]
|-end|p1a: Tornadus|move: Future Sight
|-damage|p1a: Tornadus|70/100
|upkeep
|turn|32
|
|t:|1760863099
|switch|p2a: Skeledirge|Skeledirge, F, shiny, tera:Fairy|21/100
|move|p1a: Tornadus|Bleakwind Storm|p2a: Skeledirge
|-damage|p2a: Skeledirge|0 fnt
|faint|p2a: Skeledirge
|
|-weather|RainDance|[upkeep]
|upkeep
|
|t:|1760863109
|switch|p2a: Slowking|Slowking, F, shiny|73/100
|turn|33
|
|t:|1760863113
|move|p1a: Tornadus|Bleakwind Storm|p2a: Slowking
|-crit|p2a: Slowking
|-damage|p2a: Slowking|13/100
|move|p2a: Slowking|Trick Room|p2a: Slowking
|-fieldstart|move: Trick Room|[of] p2a: Slowking
|
|-weather|RainDance|[upkeep]
|upkeep
|turn|34
|
|t:|1760863121
|move|p2a: Slowking|Future Sight|p1a: Tornadus
|-start|p2a: Slowking|move: Future Sight
|move|p1a: Tornadus|Bleakwind Storm|p2a: Slowking
|-damage|p2a: Slowking|0 fnt
|faint|p2a: Slowking
|
|-weather|none
|upkeep
|
|t:|1760863129
|switch|p2a: Kingambit|Kingambit, F|100/100
|-activate|p2a: Kingambit|ability: Supreme Overlord
|-start|p2a: Kingambit|fallen5|[silent]
|-item|p2a: Kingambit|Air Balloon
|turn|35
|
|t:|1760863137
|move|p2a: Kingambit|Swords Dance|p2a: Kingambit
|-boost|p2a: Kingambit|atk|2
|move|p1a: Tornadus|Focus Blast|p2a: Kingambit|[miss]
|-miss|p1a: Tornadus|p2a: Kingambit
|
|upkeep
|turn|36
|
|t:|1760863154
|move|p2a: Kingambit|Sucker Punch|p1a: Tornadus
|-damage|p1a: Tornadus|0 fnt
|faint|p1a: Tornadus
|
|-hint|Future Sight did not hit because the target is fainted.
|upkeep
|
|t:|1760863160
|switch|p1a: Politoed|Politoed, F|69/100
|-weather|RainDance|[from] ability: Drizzle|[of] p1a: Politoed
|turn|37
|
|t:|1760863165
|move|p2a: Kingambit|Substitute|p2a: Kingambit
|-start|p2a: Kingambit|Substitute
|-damage|p2a: Kingambit|75/100
|move|p1a: Politoed|Perish Song|p1a: Politoed
|-start|p1a: Politoed|perish3|[silent]
|-start|p2a: Kingambit|perish3|[silent]
|-fieldactivate|move: Perish Song
|
|-weather|RainDance|[upkeep]
|-start|p2a: Kingambit|perish3
|-start|p1a: Politoed|perish3
|-fieldend|move: Trick Room
|upkeep
|turn|38
|
|t:|1760863176
|move|p1a: Politoed|Encore|p2a: Kingambit
|-start|p2a: Kingambit|Encore
|move|p2a: Kingambit|Substitute|p2a: Kingambit
|-fail|p2a: Kingambit|move: Substitute
|
|-weather|RainDance|[upkeep]
|-start|p1a: Politoed|perish2
|-start|p2a: Kingambit|perish2
|upkeep
|turn|39
|-message|mo007001 forfeited.
|
|win|germ licker
|raw|germ licker's rating: 1195 &rarr; <strong>1222</strong><br />(+27 for winning)
|raw|mo007001's rating: 1228 &rarr; <strong>1201</strong><br />(-27 for losing)
|l|☆mo007001
|player|p2|
|l|☆germ licker
|player|p1|
