|j|☆Pannawit12235
|j|☆alexander-the-best
|t:|1760871229
|gametype|singles
|player|p1|Pannawit12235|lass-gen4|1559
|player|p2|alexander-the-best|266|1524
|gen|9
|tier|[Gen 9] OU
|rated|
|rule|HP Percentage Mod: HP is shown in percentages
|rule|Endless Battle Clause: Forcing endless battles is banned
|rule|Species Clause: Limit one of each Pokémon
|rule|OHKO Clause: OHKO moves are banned
|rule|Evasion Items Clause: Evasion items are banned
|rule|Evasion Moves Clause: Evasion moves are banned
|rule|Evasion Abilities Clause: Evasion abilities are banned
|rule|Sleep Moves Clause: Sleep-inducing moves are banned
|clearpoke
|poke|p1|Slowking-Galar, F|
|poke|p1|Great Tusk|
|poke|p1|Arcanine-Hisui, M|
|poke|p1|Corviknight, F|
|poke|p1|Dragapult, F|
|poke|p1|Darkrai|
|poke|p2|Magnezone|
|poke|p2|Zamazenta-*|
|poke|p2|Dragonite, M|
|poke|p2|Cresselia, F|
|poke|p2|Great Tusk|
|poke|p2|Zoroark-Hisui, F|
|teampreview
|
|t:|1760871242
|teamsize|p1|6
|teamsize|p2|6
|start
|switch|p1a: Dragapult|Dragapult, F|100/100
|switch|p2a: Magnezone|Magnezone|100/100
|turn|1
|
|t:|1760871252
|move|p1a: Dragapult|U-turn|p2a: Magnezone
|-resisted|p2a: Magnezone
|-damage|p2a: Magnezone|60/100
|replace|p2a: Zoroark|Zoroark-Hisui, F
|-end|p2a: Zoroark|Illusion
|
|t:|1760871257
|switch|p1a: Darkrai|Darkrai|100/100|[from] U-turn
|move|p2a: Zoroark|Focus Blast|p1a: Darkrai
|-supereffective|p1a: Darkrai
|-damage|p1a: Darkrai|0 fnt
|faint|p1a: Darkrai
|
|upkeep
|
|t:|1760871260
|switch|p1a: Dragapult|Dragapult, F|100/100
|turn|2
|
|t:|1760871270
|switch|p2a: Zamazenta|Zamazenta|100/100
|-ability|p2a: Zamazenta|Dauntless Shield|boost
|-boost|p2a: Zamazenta|def|1
|move|p1a: Dragapult|Dragon Darts|p2a: Zamazenta
|-damage|p2a: Zamazenta|78/100
|-anim|p1a: Dragapult|Dragon Darts|p2a: Zamazenta
|-damage|p2a: Zamazenta|55/100
|
|upkeep
|turn|3
|
|t:|1760871277
|switch|p1a: Corviknight|Corviknight, F|100/100
|-ability|p1a: Corviknight|Pressure
|move|p2a: Zamazenta|Crunch|p1a: Corviknight
|-damage|p1a: Corviknight|84/100
|-damage|p2a: Zamazenta|38/100|[from] item: Rocky Helmet|[of] p1a: Corviknight
|
|upkeep
|turn|4
|
|t:|1760871280
|move|p2a: Zamazenta|Wild Charge|p1a: Corviknight
|-supereffective|p1a: Corviknight
|-damage|p1a: Corviknight|47/100
|-damage|p2a: Zamazenta|22/100|[from] item: Rocky Helmet|[of] p1a: Corviknight
|-damage|p2a: Zamazenta|11/100|[from] Recoil
|move|p1a: Corviknight|U-turn|p2a: Zamazenta
|-resisted|p2a: Zamazenta
|-damage|p2a: Zamazenta|6/100
|
|t:|1760871286
|switch|p1a: Arcanine|Arcanine-Hisui, M|100/100|[from] U-turn
|
|upkeep
|turn|5
|
|t:|1760871290
|move|p1a: Arcanine|Extreme Speed|p2a: Zamazenta
|-damage|p2a: Zamazenta|0 fnt
|faint|p2a: Zamazenta
|
|upkeep
|
|t:|1760871300
|switch|p2a: Great Tusk|Great Tusk|100/100
|turn|6
|
|t:|1760871305
|switch|p1a: Corviknight|Corviknight, F|47/100
|-ability|p1a: Corviknight|Pressure
|move|p2a: Great Tusk|Knock Off|p1a: Corviknight
|-damage|p1a: Corviknight|29/100
|-damage|p2a: Great Tusk|84/100|[from] item: Rocky Helmet|[of] p1a: Corviknight
|-enditem|p1a: Corviknight|Rocky Helmet|[from] move: Knock Off|[of] p2a: Great Tusk
|
|upkeep
|turn|7
|
|t:|1760871312
|move|p2a: Great Tusk|Stealth Rock|p1a: Corviknight
|-sidestart|p1: Pannawit12235|move: Stealth Rock
|move|p1a: Corviknight|Roost|p1a: Corviknight
|-heal|p1a: Corviknight|79/100
|-singleturn|p1a: Corviknight|move: Roost
|
|upkeep
|turn|8
|
|t:|1760871317
|-end|p2a: Great Tusk|Protosynthesis|[silent]
|switch|p2a: Magnezone|Magnezone|60/100
|move|p1a: Corviknight|U-turn|p2a: Magnezone
|-resisted|p2a: Magnezone
|-damage|p2a: Magnezone|45/100
|replace|p2a: Zoroark|Zoroark-Hisui, F
|-end|p2a: Zoroark|Illusion
|
|t:|1760871320
|switch|p1a: Dragapult|Dragapult, F|100/100|[from] U-turn
|-damage|p1a: Dragapult|88/100|[from] Stealth Rock
|
|upkeep
|turn|9
|
|t:|1760871329
|switch|p2a: Cresselia|Cresselia, F, shiny|100/100
|move|p1a: Dragapult|Dragon Darts|p2a: Cresselia
|-damage|p2a: Cresselia|71/100
|-anim|p1a: Dragapult|Dragon Darts|p2a: Cresselia
|-damage|p2a: Cresselia|44/100
|
|upkeep
|turn|10
|
|t:|1760871347
|move|p1a: Dragapult|Dragon Darts|p2a: Cresselia
|-damage|p2a: Cresselia|13/100
|-anim|p1a: Dragapult|Dragon Darts|p2a: Cresselia
|-damage|p2a: Cresselia|0 fnt
|faint|p2a: Cresselia
|
|upkeep
|
|t:|1760871358
|switch|p2a: Magnezone|Magnezone|100/100
|turn|11
|
|t:|1760871366
|switch|p1a: Great Tusk|Great Tusk|100/100
|move|p2a: Magnezone|Flash Cannon|p1a: Great Tusk
|-damage|p1a: Great Tusk|26/100
|
|upkeep
|turn|12
|
|t:|1760871369
|-end|p1a: Great Tusk|Protosynthesis|[silent]
|switch|p1a: Slowking|Slowking-Galar, F|100/100
|move|p2a: Magnezone|Flash Cannon|p1a: Slowking
|-crit|p1a: Slowking
|-damage|p1a: Slowking|59/100
|
|upkeep
|turn|13
|
|t:|1760871373
|switch|p2a: Magnezone|Magnezone|45/100
|-prepare|p1a: Slowking|Chilly Reception|[premajor]
|move|p1a: Slowking|Chilly Reception|p1a: Slowking
|-weather|Snowscape
|
|t:|1760871397
|switch|p1a: Dragapult|Dragapult, F|88/100|[from] Chilly Reception
|-damage|p1a: Dragapult|76/100|[from] Stealth Rock
|
|-weather|Snowscape|[upkeep]
|upkeep
|turn|14
|
|t:|1760871428
|move|p1a: Dragapult|Dragon Darts|p2a: Magnezone
|-damage|p2a: Magnezone|0 fnt
|replace|p2a: Zoroark|Zoroark-Hisui, F
|-end|p2a: Zoroark|Illusion
|faint|p2a: Zoroark
|
|-weather|Snowscape|[upkeep]
|upkeep
|
|t:|1760871453
|switch|p2a: Magnezone|Magnezone|100/100
|turn|15
|
|t:|1760871466
|switch|p1a: Slowking|Slowking-Galar, F|93/100
|move|p2a: Magnezone|Volt Switch|p1a: Slowking
|-damage|p1a: Slowking|70/100
|
|t:|1760871470
|switch|p2a: Great Tusk|Great Tusk|84/100|[from] Volt Switch
|
|-weather|Snowscape|[upkeep]
|upkeep
|turn|16
|
|t:|1760871508
|switch|p1a: Corviknight|Corviknight, F|79/100
|-damage|p1a: Corviknight|67/100|[from] Stealth Rock
|-ability|p1a: Corviknight|Pressure
|move|p2a: Great Tusk|Earthquake|p1a: Corviknight
|-immune|p1a: Corviknight
|
|-weather|Snowscape|[upkeep]
|upkeep
|turn|17
|
|t:|1760871512
|-end|p2a: Great Tusk|Protosynthesis|[silent]
|switch|p2a: Magnezone|Magnezone|100/100
|move|p1a: Corviknight|U-turn|p2a: Magnezone
|-resisted|p2a: Magnezone
|-damage|p2a: Magnezone|92/100
|
|t:|1760871526
|switch|p1a: Dragapult|Dragapult, F|76/100|[from] U-turn
|-damage|p1a: Dragapult|64/100|[from] Stealth Rock
|
|-weather|none
|upkeep
|turn|18
|
|t:|1760871533
|switch|p2a: Great Tusk|Great Tusk|84/100
|-terastallize|p1a: Dragapult|Ghost
|move|p1a: Dragapult|Tera Blast|p2a: Great Tusk|[anim] Tera Blast Ghost
|-damage|p2a: Great Tusk|46/100
|
|upkeep
|turn|19
|
|t:|1760871540
|move|p1a: Dragapult|Tera Blast|p2a: Great Tusk|[anim] Tera Blast Ghost
|-damage|p2a: Great Tusk|3/100
|move|p2a: Great Tusk|Knock Off|p1a: Dragapult
|-supereffective|p1a: Dragapult
|-damage|p1a: Dragapult|0 fnt
|-enditem|p1a: Dragapult|Choice Band|[from] move: Knock Off|[of] p2a: Great Tusk
|faint|p1a: Dragapult
|
|upkeep
|
|t:|1760871546
|switch|p1a: Great Tusk|Great Tusk|26/100
|turn|20
|
|t:|1760871557
|-terastallize|p2a: Great Tusk|Ghost
|move|p1a: Great Tusk|Rapid Spin|p2a: Great Tusk
|-immune|p2a: Great Tusk
|move|p2a: Great Tusk|Earthquake|p1a: Great Tusk
|-damage|p1a: Great Tusk|0 fnt
|faint|p1a: Great Tusk
|-end|p1a: Great Tusk|Protosynthesis|[silent]
|
|upkeep
|
|t:|1760871579
|switch|p1a: Corviknight|Corviknight, F|67/100
|-damage|p1a: Corviknight|55/100|[from] Stealth Rock
|-ability|p1a: Corviknight|Pressure
|turn|21
|
|t:|1760871582
|move|p2a: Great Tusk|Knock Off|p1a: Corviknight
|-damage|p1a: Corviknight|44/100
|move|p1a: Corviknight|U-turn|p2a: Great Tusk
|-resisted|p2a: Great Tusk
|-damage|p2a: Great Tusk|0 fnt
|-damage|p1a: Corviknight|28/100|[from] item: Rocky Helmet|[of] p2a: Great Tusk
|faint|p2a: Great Tusk
|-end|p2a: Great Tusk|Protosynthesis|[silent]
|
|t:|1760871589
|switch|p1a: Arcanine|Arcanine-Hisui, M|100/100|[from] U-turn
|-damage|p1a: Arcanine|76/100|[from] Stealth Rock
|
|upkeep
|
|t:|1760871596
|switch|p2a: Magnezone|Magnezone|92/100
|turn|22
|
|t:|1760871614
|move|p2a: Magnezone|Volt Switch|p1a: Arcanine
|-damage|p1a: Arcanine|26/100
|
|t:|1760871617
|switch|p2a: Dragonite|Dragonite, M|100/100|[from] Volt Switch
|move|p1a: Arcanine|Head Smash|p2a: Dragonite
|-supereffective|p2a: Dragonite
|-damage|p2a: Dragonite|0 fnt
|faint|p2a: Dragonite
|
|upkeep
|
|t:|1760871622
|switch|p2a: Magnezone|Magnezone|92/100
|turn|23
|
|t:|1760871623
|move|p2a: Magnezone|Thunderbolt|p1a: Arcanine
|-damage|p1a: Arcanine|0 fnt
|faint|p1a: Arcanine
|
|upkeep
|
|t:|1760871625
|switch|p1a: Slowking|Slowking-Galar, F|100/100
|turn|24
|
|t:|1760871629
|move|p2a: Magnezone|Thunderbolt|p1a: Slowking
|-damage|p1a: Slowking|72/100
|move|p1a: Slowking|Future Sight|p2a: Magnezone
|-start|p1a: Slowking|move: Future Sight
|
|upkeep
|turn|25
|
|t:|1760871632
|move|p2a: Magnezone|Thunderbolt|p1a: Slowking
|-damage|p1a: Slowking|41/100
|move|p1a: Slowking|Ice Beam|p2a: Magnezone
|-resisted|p2a: Magnezone
|-damage|p2a: Magnezone|78/100
|
|upkeep
|turn|26
|
|t:|1760871635
|switch|p1a: Corviknight|Corviknight, F|28/100
|-damage|p1a: Corviknight|16/100|[from] Stealth Rock
|-ability|p1a: Corviknight|Pressure
|move|p2a: Magnezone|Thunderbolt|p1a: Corviknight
|-supereffective|p1a: Corviknight
|-damage|p1a: Corviknight|0 fnt
|faint|p1a: Corviknight
|
|-end|p2a: Magnezone|move: Future Sight
|-resisted|p2a: Magnezone
|-damage|p2a: Magnezone|50/100
|upkeep
|
|t:|1760871637
|switch|p1a: Slowking|Slowking-Galar, F|75/100
|turn|27
|
|t:|1760871638
|move|p2a: Magnezone|Thunderbolt|p1a: Slowking
|-damage|p1a: Slowking|43/100
|move|p1a: Slowking|Future Sight|p2a: Magnezone
|-start|p1a: Slowking|move: Future Sight
|
|upkeep
|turn|28
|
|t:|1760871641
|move|p2a: Magnezone|Thunderbolt|p1a: Slowking
|-damage|p1a: Slowking|13/100
|move|p1a: Slowking|Ice Beam|p2a: Magnezone
|-resisted|p2a: Magnezone
|-damage|p2a: Magnezone|35/100
|
|upkeep
|turn|29
|
|t:|1760871643
|move|p2a: Magnezone|Thunderbolt|p1a: Slowking
|-damage|p1a: Slowking|0 fnt
|faint|p1a: Slowking
|
|win|alexander-the-best
|raw|Pannawit12235's rating: 1559 &rarr; <strong>1537</strong><br />(-22 for losing)
|raw|alexander-the-best's rating: 1524 &rarr; <strong>1546</strong><br />(+22 for winning)
|l|☆Pannawit12235
|player|p1|
|l|☆alexander-the-best
|player|p2|
