|j|☆orio27
|j|☆Have2SwingTheBat
|t:|1760790152
|gametype|singles
|player|p1|orio27|blackbelt|1341
|player|p2|Have2SwingTheBat|fisherman-gen4|1377
|gen|9
|tier|[Gen 9] OU
|rated|
|rule|HP Percentage Mod: HP is shown in percentages
|rule|Endless Battle Clause: Forcing endless battles is banned
|rule|Species Clause: Limit one of each Pokémon
|rule|OHKO Clause: OHKO moves are banned
|rule|Evasion Items Clause: Evasion items are banned
|rule|Evasion Moves Clause: Evasion moves are banned
|rule|Evasion Abilities Clause: Evasion abilities are banned
|rule|Sleep Moves Clause: Sleep-inducing moves are banned
|clearpoke
|poke|p1|Great Tusk|
|poke|p1|Kingambit, F|
|poke|p1|Moltres|
|poke|p1|Tinkaton, F|
|poke|p1|Hydrapple, F|
|poke|p1|Samurott-Hisui, F|
|poke|p2|Ninetales-Alola, F|
|poke|p2|Wo-Chien|
|poke|p2|Gliscor, M|
|poke|p2|Zamazenta-*|
|poke|p2|Hatterene, F|
|poke|p2|Ceruledge, M|
|teampreview
|inactive|Battle timer is ON: inactive players will automatically lose when time's up. (requested by orio27)
|
|t:|1760790159
|teamsize|p1|6
|teamsize|p2|6
|start
|switch|p1a: Tinkaton|Tinkaton, F|100/100
|switch|p2a: Ninetales|Ninetales-Alola, F|100/100
|-weather|Snowscape|[from] ability: Snow Warning|[of] p2a: Ninetales
|-item|p1a: Tinkaton|Air Balloon
|turn|1
|
|t:|1760790170
|move|p2a: Ninetales|Aurora Veil|p2a: Ninetales
|-sidestart|p2: Have2SwingTheBat|move: Aurora Veil
|move|p1a: Tinkaton|Knock Off|p2a: Ninetales
|-resisted|p2a: Ninetales
|-damage|p2a: Ninetales|97/100
|-enditem|p2a: Ninetales|Light Clay|[from] move: Knock Off|[of] p1a: Tinkaton
|
|-weather|Snowscape|[upkeep]
|upkeep
|turn|2
|
|t:|1760790176
|move|p2a: Ninetales|Encore|p1a: Tinkaton
|-start|p1a: Tinkaton|Encore
|move|p1a: Tinkaton|Knock Off|p2a: Ninetales
|-resisted|p2a: Ninetales
|-damage|p2a: Ninetales|95/100
|
|-weather|Snowscape|[upkeep]
|upkeep
|turn|3
|
|t:|1760790182
|move|p2a: Ninetales|Freeze-Dry|p1a: Tinkaton
|-resisted|p1a: Tinkaton
|-damage|p1a: Tinkaton|92/100
|-enditem|p1a: Tinkaton|Air Balloon
|move|p1a: Tinkaton|Knock Off|p2a: Ninetales
|-resisted|p2a: Ninetales
|-damage|p2a: Ninetales|92/100
|
|-weather|Snowscape|[upkeep]
|upkeep
|turn|4
|
|t:|1760790191
|move|p2a: Ninetales|Freeze-Dry|p1a: Tinkaton
|-resisted|p1a: Tinkaton
|-damage|p1a: Tinkaton|84/100
|-status|p1a: Tinkaton|frz
|cant|p1a: Tinkaton|frz
|
|-weather|Snowscape|[upkeep]
|-end|p1a: Tinkaton|Encore
|upkeep
|turn|5
|c|☆orio27|ah
|
|t:|1760790199
|switch|p2a: Gliscor|Gliscor, M|100/100
|-curestatus|p1a: Tinkaton|frz|[msg]
|move|p1a: Tinkaton|Knock Off|p2a: Gliscor
|-damage|p2a: Gliscor|93/100
|-enditem|p2a: Gliscor|Toxic Orb|[from] move: Knock Off|[of] p1a: Tinkaton
|
|-weather|none
|upkeep
|turn|6
|
|t:|1760790212
|switch|p1a: Moltres|Moltres|100/100
|move|p2a: Gliscor|Swords Dance|p2a: Gliscor
|-boost|p2a: Gliscor|atk|2
|
|upkeep
|turn|7
|
|t:|1760790217
|move|p2a: Gliscor|Swords Dance|p2a: Gliscor
|-boost|p2a: Gliscor|atk|2
|move|p1a: Moltres|Roar|p2a: Gliscor
|drag|p2a: Wo-Chien|Wo-Chien|100/100
|-ability|p2a: Wo-Chien|Tablets of Ruin
|
|upkeep
|turn|8
|
|t:|1760790225
|move|p2a: Wo-Chien|Growth|p2a: Wo-Chien
|-boost|p2a: Wo-Chien|atk|1
|-boost|p2a: Wo-Chien|spa|1
|move|p1a: Moltres|Flamethrower|p2a: Wo-Chien
|-supereffective|p2a: Wo-Chien
|-damage|p2a: Wo-Chien|68/100
|-status|p2a: Wo-Chien|brn
|
|-heal|p2a: Wo-Chien|74/100 brn|[from] item: Leftovers
|-damage|p2a: Wo-Chien|68/100 brn|[from] brn
|-sideend|p2: Have2SwingTheBat|move: Aurora Veil
|upkeep
|turn|9
|
|t:|1760790234
|move|p2a: Wo-Chien|Dark Pulse|p1a: Moltres
|-damage|p1a: Moltres|48/100
|move|p1a: Moltres|Flamethrower|p2a: Wo-Chien
|-supereffective|p2a: Wo-Chien
|-damage|p2a: Wo-Chien|3/100 brn
|
|-heal|p2a: Wo-Chien|10/100 brn|[from] item: Leftovers
|-damage|p2a: Wo-Chien|3/100 brn|[from] brn
|upkeep
|turn|10
|
|t:|1760790244
|switch|p1a: Tinkaton|Tinkaton, F|84/100
|move|p2a: Wo-Chien|Dark Pulse|p1a: Tinkaton
|-resisted|p1a: Tinkaton
|-damage|p1a: Tinkaton|64/100
|
|-heal|p2a: Wo-Chien|10/100 brn|[from] item: Leftovers
|-damage|p2a: Wo-Chien|3/100 brn|[from] brn
|upkeep
|turn|11
|
|t:|1760790252
|move|p1a: Tinkaton|Knock Off|p2a: Wo-Chien
|-resisted|p2a: Wo-Chien
|-damage|p2a: Wo-Chien|0 fnt
|-enditem|p2a: Wo-Chien|Leftovers|[from] move: Knock Off|[of] p1a: Tinkaton
|faint|p2a: Wo-Chien
|
|upkeep
|
|t:|1760790261
|switch|p2a: Gliscor|Gliscor, M|93/100
|turn|12
|
|t:|1760790265
|switch|p1a: Moltres|Moltres|48/100
|move|p2a: Gliscor|Swords Dance|p2a: Gliscor
|-boost|p2a: Gliscor|atk|2
|
|upkeep
|turn|13
|
|t:|1760790272
|move|p2a: Gliscor|Facade|p1a: Moltres
|-damage|p1a: Moltres|18/100
|move|p1a: Moltres|Roar|p2a: Gliscor
|drag|p2a: Hatterene|Hatterene, F|100/100
|
|upkeep
|turn|14
|
|t:|1760790277
|move|p1a: Moltres|Roost|p1a: Moltres
|-heal|p1a: Moltres|68/100
|-singleturn|p1a: Moltres|move: Roost
|move|p2a: Hatterene|Calm Mind|p2a: Hatterene
|-boost|p2a: Hatterene|spa|1
|-boost|p2a: Hatterene|spd|1
|
|upkeep
|turn|15
|
|t:|1760790284
|move|p1a: Moltres|Roost|p1a: Moltres
|-heal|p1a: Moltres|100/100
|-singleturn|p1a: Moltres|move: Roost
|move|p2a: Hatterene|Psychic Noise|p1a: Moltres
|-damage|p1a: Moltres|53/100
|-start|p1a: Moltres|move: Heal Block
|
|upkeep
|turn|16
|
|t:|1760790292
|move|p2a: Hatterene|Psychic Noise|p1a: Moltres
|-damage|p1a: Moltres|5/100
|move|p1a: Moltres|Roar|p2a: Hatterene
|move|p2a: Hatterene|Roar|p1a: Moltres|[from] ability: Magic Bounce
|drag|p1a: Hydrapple|Hydrapple, F|100/100
|
|upkeep
|turn|17
|
|t:|1760790303
|switch|p1a: Samurott|Samurott-Hisui, F|100/100
|move|p2a: Hatterene|Draining Kiss|p1a: Samurott
|-supereffective|p1a: Samurott
|-damage|p1a: Samurott|3/100
|
|upkeep
|turn|18
|
|t:|1760790309
|move|p1a: Samurott|Ceaseless Edge|p2a: Hatterene
|-damage|p2a: Hatterene|64/100
|-sidestart|p2: Have2SwingTheBat|Spikes
|move|p2a: Hatterene|Draining Kiss|p1a: Samurott
|-supereffective|p1a: Samurott
|-damage|p1a: Samurott|0 fnt
|-heal|p2a: Hatterene|65/100|[from] drain|[of] p1a: Samurott
|faint|p1a: Samurott
|
|-heal|p2a: Hatterene|71/100|[from] item: Leftovers
|upkeep
|c|☆orio27|gg
|
|t:|1760790318
|switch|p1a: Tinkaton|Tinkaton, F|64/100
|turn|19
|
|t:|1760790322
|move|p1a: Tinkaton|Gigaton Hammer|p2a: Hatterene
|-supereffective|p2a: Hatterene
|-damage|p2a: Hatterene|0 fnt
|faint|p2a: Hatterene
|
|upkeep
|
|t:|1760790330
|switch|p2a: Gliscor|Gliscor, M|93/100
|turn|20
|
|t:|1760790334
|move|p1a: Tinkaton|Stealth Rock|p2a: Gliscor
|-sidestart|p2: Have2SwingTheBat|move: Stealth Rock
|move|p2a: Gliscor|Swords Dance|p2a: Gliscor
|-boost|p2a: Gliscor|atk|2
|
|upkeep
|turn|21
|
|t:|1760790340
|move|p1a: Tinkaton|Gigaton Hammer|p2a: Gliscor
|-damage|p2a: Gliscor|54/100
|move|p2a: Gliscor|Earthquake|p1a: Tinkaton
|-supereffective|p1a: Tinkaton
|-damage|p1a: Tinkaton|0 fnt
|faint|p1a: Tinkaton
|
|upkeep
|
|t:|1760790346
|switch|p1a: Moltres|Moltres|5/100
|turn|22
|
|t:|1760790349
|move|p2a: Gliscor|Facade|p1a: Moltres
|-damage|p1a: Moltres|0 fnt
|faint|p1a: Moltres
|
|upkeep
|
|t:|1760790353
|switch|p1a: Great Tusk|Great Tusk|100/100
|turn|23
|
|t:|1760790356
|move|p1a: Great Tusk|Ice Spinner|p2a: Gliscor
|-supereffective|p2a: Gliscor
|-damage|p2a: Gliscor|0 fnt
|faint|p2a: Gliscor
|
|upkeep
|
|t:|1760790361
|switch|p2a: Ninetales|Ninetales-Alola, F|92/100
|-damage|p2a: Ninetales|80/100|[from] Spikes
|-damage|p2a: Ninetales|55/100|[from] Stealth Rock
|-weather|Snowscape|[from] ability: Snow Warning|[of] p2a: Ninetales
|turn|24
|
|t:|1760790372
|switch|p2a: Zamazenta|Zamazenta|100/100
|-damage|p2a: Zamazenta|88/100|[from] Spikes
|-damage|p2a: Zamazenta|82/100|[from] Stealth Rock
|-ability|p2a: Zamazenta|Dauntless Shield|boost
|-boost|p2a: Zamazenta|def|1
|move|p1a: Great Tusk|Taunt|p2a: Zamazenta
|-start|p2a: Zamazenta|move: Taunt
|
|-weather|Snowscape|[upkeep]
|-heal|p2a: Zamazenta|88/100|[from] item: Leftovers
|upkeep
|turn|25
|
|t:|1760790384
|move|p2a: Zamazenta|Body Press|p1a: Great Tusk
|-crit|p1a: Great Tusk
|-damage|p1a: Great Tusk|47/100
|move|p1a: Great Tusk|Headlong Rush|p2a: Zamazenta
|-damage|p2a: Zamazenta|51/100
|-unboost|p1a: Great Tusk|def|1
|-unboost|p1a: Great Tusk|spd|1
|
|-weather|Snowscape|[upkeep]
|-heal|p2a: Zamazenta|57/100|[from] item: Leftovers
|upkeep
|turn|26
|
|t:|1760790394
|move|p2a: Zamazenta|Body Press|p1a: Great Tusk
|-damage|p1a: Great Tusk|0 fnt
|faint|p1a: Great Tusk
|-end|p1a: Great Tusk|Protosynthesis|[silent]
|
|-weather|Snowscape|[upkeep]
|-heal|p2a: Zamazenta|64/100|[from] item: Leftovers
|-end|p2a: Zamazenta|move: Taunt
|upkeep
|
|t:|1760790401
|switch|p1a: Kingambit|Kingambit, F|100/100
|-activate|p1a: Kingambit|ability: Supreme Overlord
|-start|p1a: Kingambit|fallen4|[silent]
|turn|27
|
|t:|1760790405
|-terastallize|p1a: Kingambit|Fairy
|move|p2a: Zamazenta|Body Press|p1a: Kingambit
|-resisted|p1a: Kingambit
|-damage|p1a: Kingambit|79/100
|move|p1a: Kingambit|Tera Blast|p2a: Zamazenta|[anim] Tera Blast Fairy
|-supereffective|p2a: Zamazenta
|-damage|p2a: Zamazenta|0 fnt
|faint|p2a: Zamazenta
|
|-weather|Snowscape|[upkeep]
|-heal|p1a: Kingambit|86/100|[from] item: Leftovers
|upkeep
|
|t:|1760790410
|switch|p2a: Ceruledge|Ceruledge, M|100/100
|-damage|p2a: Ceruledge|88/100|[from] Spikes
|-damage|p2a: Ceruledge|63/100|[from] Stealth Rock
|turn|28
|
|t:|1760790421
|-terastallize|p2a: Ceruledge|Bug
|move|p2a: Ceruledge|Bitter Blade|p1a: Kingambit
|-damage|p1a: Kingambit|50/100
|-heal|p2a: Ceruledge|82/100|[from] drain|[of] p1a: Kingambit
|move|p1a: Kingambit|Kowtow Cleave|p2a: Ceruledge
|-damage|p2a: Ceruledge|4/100
|
|-weather|none
|-heal|p1a: Kingambit|56/100|[from] item: Leftovers
|upkeep
|turn|29
|
|t:|1760790445
|move|p2a: Ceruledge|Shadow Sneak|p1a: Kingambit
|-damage|p1a: Kingambit|41/100
|move|p1a: Kingambit|Sucker Punch||[still]
|-fail|p1a: Kingambit
|
|-heal|p1a: Kingambit|48/100|[from] item: Leftovers
|upkeep
|turn|30
|
|t:|1760790452
|move|p2a: Ceruledge|Shadow Sneak|p1a: Kingambit
|-damage|p1a: Kingambit|32/100
|move|p1a: Kingambit|Kowtow Cleave|p2a: Ceruledge
|-damage|p2a: Ceruledge|0 fnt
|faint|p2a: Ceruledge
|
|-heal|p1a: Kingambit|38/100|[from] item: Leftovers
|upkeep
|
|t:|1760790456
|switch|p2a: Ninetales|Ninetales-Alola, F|55/100
|-damage|p2a: Ninetales|43/100|[from] Spikes
|-damage|p2a: Ninetales|18/100|[from] Stealth Rock
|-weather|Snowscape|[from] ability: Snow Warning|[of] p2a: Ninetales
|turn|31
|
|t:|1760790463
|move|p1a: Kingambit|Sucker Punch||[still]
|-fail|p1a: Kingambit
|move|p2a: Ninetales|Aurora Veil|p2a: Ninetales
|-sidestart|p2: Have2SwingTheBat|move: Aurora Veil
|
|-weather|Snowscape|[upkeep]
|-heal|p1a: Kingambit|45/100|[from] item: Leftovers
|upkeep
|turn|32
|
|t:|1760790468
|move|p1a: Kingambit|Sucker Punch||[still]
|-fail|p1a: Kingambit
|move|p2a: Ninetales|Encore|p1a: Kingambit
|-start|p1a: Kingambit|Encore
|
|-weather|Snowscape|[upkeep]
|-heal|p1a: Kingambit|51/100|[from] item: Leftovers
|upkeep
|turn|33
|
|t:|1760790479
|move|p1a: Kingambit|Sucker Punch||[still]
|-fail|p1a: Kingambit
|move|p2a: Ninetales|Snowscape||[still]
|-fail|p2a: Ninetales
|
|-weather|Snowscape|[upkeep]
|-heal|p1a: Kingambit|57/100|[from] item: Leftovers
|upkeep
|turn|34
|
|t:|1760790486
|-end|p1a: Kingambit|fallen4|[silent]
|switch|p1a: Hydrapple|Hydrapple, F|100/100
|move|p2a: Ninetales|Snowscape||[still]
|-fail|p2a: Ninetales
|
|-weather|Snowscape|[upkeep]
|upkeep
|turn|35
|
|t:|1760790493
|move|p2a: Ninetales|Freeze-Dry|p1a: Hydrapple
|-supereffective|p1a: Hydrapple
|-damage|p1a: Hydrapple|17/100
|move|p1a: Hydrapple|Fickle Beam|p2a: Ninetales
|-immune|p2a: Ninetales
|
|-weather|none
|-sideend|p2: Have2SwingTheBat|move: Aurora Veil
|upkeep
|turn|36
|c|☆orio27|...
|
|t:|1760790500
|move|p2a: Ninetales|Freeze-Dry|p1a: Hydrapple
|-supereffective|p1a: Hydrapple
|-damage|p1a: Hydrapple|0 fnt
|faint|p1a: Hydrapple
|
|upkeep
|
|t:|1760790504
|switch|p1a: Kingambit|Kingambit, F, tera:Fairy|57/100
|-activate|p1a: Kingambit|ability: Supreme Overlord
|-start|p1a: Kingambit|fallen5|[silent]
|turn|37
|
|t:|1760790508
|move|p2a: Ninetales|Freeze-Dry|p1a: Kingambit
|-damage|p1a: Kingambit|35/100
|-status|p1a: Kingambit|frz
|cant|p1a: Kingambit|frz
|
|-heal|p1a: Kingambit|41/100 frz|[from] item: Leftovers
|upkeep
|turn|38
|
|t:|1760790515
|move|p2a: Ninetales|Freeze-Dry|p1a: Kingambit
|-damage|p1a: Kingambit|21/100 frz
|cant|p1a: Kingambit|frz
|
|-heal|p1a: Kingambit|28/100 frz|[from] item: Leftovers
|upkeep
|turn|39
|
|t:|1760790521
|move|p2a: Ninetales|Freeze-Dry|p1a: Kingambit
|-damage|p1a: Kingambit|5/100 frz
|cant|p1a: Kingambit|frz
|
|-heal|p1a: Kingambit|12/100 frz|[from] item: Leftovers
|upkeep
|turn|40
|
|t:|1760790527
|move|p2a: Ninetales|Freeze-Dry|p1a: Kingambit
|-damage|p1a: Kingambit|0 fnt
|faint|p1a: Kingambit
|-end|p1a: Kingambit|fallen5|[silent]
|
|win|Have2SwingTheBat
|raw|orio27's rating: 1341 &rarr; <strong>1323</strong><br />(-18 for losing)
|raw|Have2SwingTheBat's rating: 1377 &rarr; <strong>1395</strong><br />(+18 for winning)
|c|☆orio27|<x jkds fz'uimrs
|l|☆orio27
|player|p1|
|l|☆Have2SwingTheBat
|player|p2|
