|j|☆Chillrends
|j|☆itsgentlecrab
|t:|1760791997
|gametype|singles
|player|p1|Chillrends|wallace|1426
|player|p2|itsgentlecrab|mina-lgpe|1489
|gen|9
|tier|[Gen 9] OU
|rated|
|rule|HP Percentage Mod: HP is shown in percentages
|rule|Endless Battle Clause: Forcing endless battles is banned
|rule|Species Clause: Limit one of each Pokémon
|rule|OHKO Clause: OHKO moves are banned
|rule|Evasion Items Clause: Evasion items are banned
|rule|Evasion Moves Clause: Evasion moves are banned
|rule|Evasion Abilities Clause: Evasion abilities are banned
|rule|Sleep Moves Clause: Sleep-inducing moves are banned
|clearpoke
|poke|p1|Ting-Lu|
|poke|p1|Dragapult, F|
|poke|p1|Iron Crown|
|poke|p1|Suicune|
|poke|p1|Zapdos|
|poke|p1|Great Tusk|
|poke|p2|Hoopa-Unbound|
|poke|p2|Alomomola, F|
|poke|p2|Weezing-Galar, F|
|poke|p2|Gliscor, F|
|poke|p2|Zamazenta-*|
|poke|p2|Gholdengo|
|teampreview
|inactive|Battle timer is ON: inactive players will automatically lose when time's up. (requested by Chillrends)
|
|t:|1760792013
|teamsize|p1|6
|teamsize|p2|6
|start
|switch|p1a: Dragapult|Dragapult, F|100/100
|switch|p2a: Still|Gliscor, F|100/100
|turn|1
|
|t:|1760792018
|switch|p1a: Suicune|Suicune|100/100
|-ability|p1a: Suicune|Pressure
|move|p2a: Still|Protect||[still]
|-fail|p2a: Still
|
|-status|p2a: Still|tox|[from] item: Toxic Orb
|upkeep
|turn|2
|
|t:|1760792021
|move|p1a: Suicune|Substitute|p1a: Suicune
|-start|p1a: Suicune|Substitute
|-damage|p1a: Suicune|75/100
|move|p2a: Still|Toxic||[still]
|-fail|p2a: Still
|
|-heal|p1a: Suicune|82/100|[from] item: Leftovers
|upkeep
|turn|3
|
|t:|1760792025
|switch|p2a: Ghost in the Shell|Hoopa-Unbound|100/100
|move|p1a: Suicune|Protect||[still]
|-fail|p1a: Suicune
|
|-heal|p1a: Suicune|88/100|[from] item: Leftovers
|upkeep
|turn|4
|
|t:|1760792032
|switch|p1a: Ting-Lu|Ting-Lu|100/100
|-ability|p1a: Ting-Lu|Vessel of Ruin
|move|p2a: Ghost in the Shell|Psychic Noise|p1a: Ting-Lu
|-immune|p1a: Ting-Lu
|
|upkeep
|turn|5
|
|t:|1760792044
|switch|p2a: Still|Gliscor, F|100/100 tox
|move|p1a: Ting-Lu|Spikes|p2a: Still
|-sidestart|p2: itsgentlecrab|Spikes
|
|upkeep
|turn|6
|
|t:|1760792057
|move|p2a: Still|Knock Off|p1a: Ting-Lu
|-resisted|p1a: Ting-Lu
|-damage|p1a: Ting-Lu|94/100
|-enditem|p1a: Ting-Lu|Leftovers|[from] move: Knock Off|[of] p2a: Still
|move|p1a: Ting-Lu|Ruination|p2a: Still
|-damage|p2a: Still|50/100 tox
|
|-heal|p2a: Still|63/100 tox|[from] ability: Poison Heal
|upkeep
|turn|7
|
|t:|1760792060
|move|p2a: Still|Stealth Rock|p1a: Ting-Lu
|-sidestart|p1: Chillrends|move: Stealth Rock
|move|p1a: Ting-Lu|Stealth Rock|p2a: Still
|-sidestart|p2: itsgentlecrab|move: Stealth Rock
|
|-heal|p2a: Still|75/100 tox|[from] ability: Poison Heal
|upkeep
|turn|8
|
|t:|1760792063
|move|p2a: Still|Toxic|p1a: Ting-Lu
|-status|p1a: Ting-Lu|tox
|move|p1a: Ting-Lu|Spikes|p2a: Still
|-sidestart|p2: itsgentlecrab|Spikes
|
|-heal|p2a: Still|88/100 tox|[from] ability: Poison Heal
|-damage|p1a: Ting-Lu|88/100 tox|[from] psn
|upkeep
|turn|9
|
|t:|1760792072
|switch|p2a: True|Alomomola, F|100/100
|-damage|p2a: True|84/100|[from] Spikes
|-damage|p2a: True|71/100|[from] Stealth Rock
|move|p1a: Ting-Lu|Spikes|p2a: True
|-sidestart|p2: itsgentlecrab|Spikes
|
|-damage|p1a: Ting-Lu|76/100 tox|[from] psn
|upkeep
|turn|10
|
|t:|1760792094
|switch|p1a: Suicune|Suicune|88/100
|-damage|p1a: Suicune|75/100|[from] Stealth Rock
|-ability|p1a: Suicune|Pressure
|move|p2a: True|Flip Turn|p1a: Suicune
|-resisted|p1a: Suicune
|-damage|p1a: Suicune|70/100
|
|t:|1760792102
|switch|p2a: TEAM|Weezing-Galar, F|100/100|[from] Flip Turn
|-ability|p2a: TEAM|Neutralizing Gas
|
|-heal|p1a: Suicune|76/100|[from] item: Leftovers
|upkeep
|turn|11
|
|t:|1760792108
|move|p1a: Suicune|Calm Mind|p1a: Suicune
|-boost|p1a: Suicune|spa|1
|-boost|p1a: Suicune|spd|1
|move|p2a: TEAM|Defog|p1a: Suicune
|-unboost|p1a: Suicune|evasion|1
|-sideend|p1: Chillrends|Stealth Rock|[from] move: Defog|[of] p2a: TEAM
|-sideend|p2: itsgentlecrab|Spikes|[from] move: Defog|[of] p2a: TEAM
|-sideend|p2: itsgentlecrab|Stealth Rock|[from] move: Defog|[of] p2a: TEAM
|
|-heal|p1a: Suicune|82/100|[from] item: Leftovers
|upkeep
|turn|12
|
|t:|1760792115
|-end|p2a: TEAM|ability: Neutralizing Gas
|-ability|p1a: Suicune|Pressure
|switch|p2a: gggiiiiirrrrlllll|Gholdengo|100/100
|move|p1a: Suicune|Scald|p2a: gggiiiiirrrrlllll
|-damage|p2a: gggiiiiirrrrlllll|58/100
|
|-heal|p1a: Suicune|88/100|[from] item: Leftovers
|upkeep
|turn|13
|
|t:|1760792124
|move|p1a: Suicune|Protect|p1a: Suicune
|-singleturn|p1a: Suicune|Protect
|move|p2a: gggiiiiirrrrlllll|Trick|p1a: Suicune
|-activate|p1a: Suicune|move: Protect
|
|-heal|p1a: Suicune|94/100|[from] item: Leftovers
|upkeep
|turn|14
|
|t:|1760792134
|switch|p2a: Still|Gliscor, F|88/100 tox
|switch|p1a: Great Tusk|Great Tusk|100/100
|
|-heal|p2a: Still|100/100 tox|[from] ability: Poison Heal
|upkeep
|turn|15
|
|t:|1760792139
|move|p1a: Great Tusk|Ice Spinner|p2a: Still
|-supereffective|p2a: Still
|-damage|p2a: Still|18/100 tox
|move|p2a: Still|Toxic|p1a: Great Tusk
|-status|p1a: Great Tusk|tox
|
|-damage|p1a: Great Tusk|94/100 tox|[from] psn
|-heal|p2a: Still|30/100 tox|[from] ability: Poison Heal
|upkeep
|turn|16
|
|t:|1760792144
|-end|p1a: Great Tusk|Protosynthesis|[silent]
|switch|p1a: Suicune|Suicune|94/100
|-ability|p1a: Suicune|Pressure
|move|p2a: Still|Protect||[still]
|-fail|p2a: Still
|
|-heal|p1a: Suicune|100/100|[from] item: Leftovers
|-heal|p2a: Still|43/100 tox|[from] ability: Poison Heal
|upkeep
|turn|17
|
|t:|1760792150
|switch|p2a: Ghost in the Shell|Hoopa-Unbound|100/100
|move|p1a: Suicune|Substitute|p1a: Suicune
|-start|p1a: Suicune|Substitute
|-damage|p1a: Suicune|75/100
|
|-heal|p1a: Suicune|82/100|[from] item: Leftovers
|upkeep
|turn|18
|
|t:|1760792153
|switch|p1a: Ting-Lu|Ting-Lu|76/100 tox
|-ability|p1a: Ting-Lu|Vessel of Ruin
|move|p2a: Ghost in the Shell|Knock Off|p1a: Ting-Lu
|-resisted|p1a: Ting-Lu
|-damage|p1a: Ting-Lu|66/100 tox
|
|-damage|p1a: Ting-Lu|60/100 tox|[from] psn
|upkeep
|turn|19
|
|t:|1760792160
|move|p2a: Ghost in the Shell|Drain Punch|p1a: Ting-Lu
|-supereffective|p1a: Ting-Lu
|-damage|p1a: Ting-Lu|30/100 tox
|move|p1a: Ting-Lu|Stealth Rock|p2a: Ghost in the Shell
|-sidestart|p2: itsgentlecrab|move: Stealth Rock
|
|-damage|p1a: Ting-Lu|18/100 tox|[from] psn
|upkeep
|turn|20
|
|t:|1760792172
|move|p2a: Ghost in the Shell|Drain Punch|p1a: Ting-Lu
|-supereffective|p1a: Ting-Lu
|-damage|p1a: Ting-Lu|0 fnt
|faint|p1a: Ting-Lu
|
|upkeep
|
|t:|1760792174
|switch|p1a: Dragapult|Dragapult, F|100/100
|turn|21
|
|t:|1760792179
|switch|p2a: TEAM|Weezing-Galar, F|100/100
|-ability|p2a: TEAM|Neutralizing Gas
|move|p1a: Dragapult|U-turn|p2a: TEAM
|-resisted|p2a: TEAM
|-crit|p2a: TEAM
|-damage|p2a: TEAM|96/100
|
|t:|1760792182
|switch|p1a: Iron Crown|Iron Crown|100/100|[from] U-turn
|
|upkeep
|turn|22
|
|t:|1760792187
|-end|p2a: TEAM|ability: Neutralizing Gas
|switch|p2a: gggiiiiirrrrlllll|Gholdengo|58/100
|-damage|p2a: gggiiiiirrrrlllll|52/100|[from] Stealth Rock
|move|p1a: Iron Crown|Tachyon Cutter|p2a: gggiiiiirrrrlllll
|-resisted|p2a: gggiiiiirrrrlllll
|-crit|p2a: gggiiiiirrrrlllll
|-damage|p2a: gggiiiiirrrrlllll|31/100
|-resisted|p2a: gggiiiiirrrrlllll
|-damage|p2a: gggiiiiirrrrlllll|16/100
|-hitcount|p2a: gggiiiiirrrrlllll|2
|
|upkeep
|turn|23
|
|t:|1760792203
|-end|p1a: Iron Crown|Quark Drive|[silent]
|switch|p1a: Zapdos|Zapdos|100/100
|move|p2a: gggiiiiirrrrlllll|Shadow Ball|p1a: Zapdos
|-damage|p1a: Zapdos|59/100
|
|upkeep
|turn|24
|
|t:|1760792212
|switch|p2a: Still|Gliscor, F|43/100 tox
|-damage|p2a: Still|30/100 tox|[from] Stealth Rock
|move|p1a: Zapdos|Volt Switch|p2a: Still
|-immune|p2a: Still
|
|-heal|p2a: Still|43/100 tox|[from] ability: Poison Heal
|upkeep
|turn|25
|
|t:|1760792217
|move|p1a: Zapdos|Hurricane|p2a: Still
|-damage|p2a: Still|6/100 tox
|-start|p2a: Still|confusion
|-activate|p2a: Still|confusion
|-damage|p2a: Still|0 fnt|[from] confusion
|faint|p2a: Still
|
|upkeep
|
|t:|1760792228
|switch|p2a: Ghost in the Shell|Hoopa-Unbound|100/100
|-damage|p2a: Ghost in the Shell|88/100|[from] Stealth Rock
|turn|26
|
|t:|1760792234
|move|p1a: Zapdos|Thunder Wave|p2a: Ghost in the Shell
|-status|p2a: Ghost in the Shell|par
|move|p2a: Ghost in the Shell|Psychic Noise|p1a: Zapdos
|-crit|p1a: Zapdos
|-damage|p1a: Zapdos|0 fnt
|faint|p1a: Zapdos
|
|upkeep
|
|t:|1760792236
|switch|p1a: Dragapult|Dragapult, F|100/100
|turn|27
|
|t:|1760792247
|-terastallize|p2a: Ghost in the Shell|Fairy
|move|p1a: Dragapult|U-turn|p2a: Ghost in the Shell
|-resisted|p2a: Ghost in the Shell
|-damage|p2a: Ghost in the Shell|77/100 par
|
|t:|1760792250
|switch|p1a: Iron Crown|Iron Crown|100/100|[from] U-turn
|move|p2a: Ghost in the Shell|Thunderbolt|p1a: Iron Crown
|-damage|p1a: Iron Crown|75/100
|
|upkeep
|turn|28
|
|t:|1760792261
|switch|p2a: gggiiiiirrrrlllll|Gholdengo|16/100
|-damage|p2a: gggiiiiirrrrlllll|10/100|[from] Stealth Rock
|move|p1a: Iron Crown|Volt Switch|p2a: gggiiiiirrrrlllll
|-damage|p2a: gggiiiiirrrrlllll|0 fnt
|faint|p2a: gggiiiiirrrrlllll
|
|t:|1760792266
|-end|p1a: Iron Crown|Quark Drive|[silent]
|switch|p1a: Suicune|Suicune|82/100|[from] Volt Switch
|-ability|p1a: Suicune|Pressure
|
|-heal|p1a: Suicune|88/100|[from] item: Leftovers
|upkeep
|
|t:|1760792274
|switch|p2a: Ghost in the Shell|Hoopa-Unbound, tera:Fairy|77/100 par
|-damage|p2a: Ghost in the Shell|65/100 par|[from] Stealth Rock
|turn|29
|
|t:|1760792281
|move|p1a: Suicune|Substitute|p1a: Suicune
|-start|p1a: Suicune|Substitute
|-damage|p1a: Suicune|63/100
|move|p2a: Ghost in the Shell|Psychic Noise|p1a: Suicune
|-damage|p1a: Suicune|28/100
|-start|p1a: Suicune|move: Heal Block
|
|upkeep
|turn|30
|
|t:|1760792290
|move|p1a: Suicune|Scald|p2a: Ghost in the Shell
|-damage|p2a: Ghost in the Shell|51/100 par
|move|p2a: Ghost in the Shell|Knock Off|p1a: Suicune
|-end|p1a: Suicune|Substitute
|
|-end|p1a: Suicune|move: Heal Block
|upkeep
|turn|31
|
|t:|1760792296
|move|p1a: Suicune|Protect|p1a: Suicune
|-singleturn|p1a: Suicune|Protect
|move|p2a: Ghost in the Shell|Psychic Noise|p1a: Suicune
|-activate|p1a: Suicune|move: Protect
|
|-heal|p1a: Suicune|35/100|[from] item: Leftovers
|upkeep
|turn|32
|
|t:|1760792301
|switch|p1a: Great Tusk|Great Tusk|94/100 tox
|cant|p2a: Ghost in the Shell|par
|
|-damage|p1a: Great Tusk|88/100 tox|[from] psn
|upkeep
|turn|33
|
|t:|1760792311
|switch|p2a: True|Alomomola, F|100/100
|-damage|p2a: True|88/100|[from] Stealth Rock
|move|p1a: Great Tusk|Headlong Rush|p2a: True
|-damage|p2a: True|53/100
|-unboost|p1a: Great Tusk|def|1
|-unboost|p1a: Great Tusk|spd|1
|-damage|p1a: Great Tusk|72/100 tox|[from] item: Rocky Helmet|[of] p2a: True
|
|-damage|p1a: Great Tusk|59/100 tox|[from] psn
|upkeep
|turn|34
|
|t:|1760792324
|-end|p1a: Great Tusk|Protosynthesis|[silent]
|switch|p1a: Suicune|Suicune|35/100
|-ability|p1a: Suicune|Pressure
|move|p2a: True|Wish|p2a: True
|
|-heal|p1a: Suicune|41/100|[from] item: Leftovers
|upkeep
|turn|35
|
|t:|1760792330
|switch|p2a: Ghost in the Shell|Hoopa-Unbound, tera:Fairy|51/100 par
|-damage|p2a: Ghost in the Shell|39/100 par|[from] Stealth Rock
|move|p1a: Suicune|Calm Mind|p1a: Suicune
|-boost|p1a: Suicune|spa|1
|-boost|p1a: Suicune|spd|1
|
|-heal|p2a: Ghost in the Shell|100/100 par|[from] move: Wish|[wisher] True
|-heal|p1a: Suicune|47/100|[from] item: Leftovers
|upkeep
|turn|36
|
|t:|1760792339
|move|p1a: Suicune|Protect|p1a: Suicune
|-singleturn|p1a: Suicune|Protect
|move|p2a: Ghost in the Shell|Thunderbolt|p1a: Suicune
|-activate|p1a: Suicune|move: Protect
|
|-heal|p1a: Suicune|53/100|[from] item: Leftovers
|upkeep
|turn|37
|
|t:|1760792346
|switch|p1a: Iron Crown|Iron Crown|75/100
|move|p2a: Ghost in the Shell|Thunderbolt|p1a: Iron Crown
|-damage|p1a: Iron Crown|48/100
|
|upkeep
|turn|38
|
|t:|1760792354
|move|p1a: Iron Crown|Tachyon Cutter|p2a: Ghost in the Shell
|-supereffective|p2a: Ghost in the Shell
|-damage|p2a: Ghost in the Shell|76/100 par
|-supereffective|p2a: Ghost in the Shell
|-crit|p2a: Ghost in the Shell
|-damage|p2a: Ghost in the Shell|37/100 par
|-hitcount|p2a: Ghost in the Shell|2
|move|p2a: Ghost in the Shell|Knock Off|p1a: Iron Crown
|-supereffective|p1a: Iron Crown
|-damage|p1a: Iron Crown|0 fnt
|-enditem|p1a: Iron Crown|Assault Vest|[from] move: Knock Off|[of] p2a: Ghost in the Shell
|faint|p1a: Iron Crown
|-end|p1a: Iron Crown|Quark Drive|[silent]
|
|upkeep
|
|t:|1760792360
|switch|p1a: Dragapult|Dragapult, F|100/100
|turn|39
|
|t:|1760792366
|move|p1a: Dragapult|Hex|p2a: Ghost in the Shell
|-damage|p2a: Ghost in the Shell|10/100 par
|move|p2a: Ghost in the Shell|Knock Off|p1a: Dragapult
|-supereffective|p1a: Dragapult
|-damage|p1a: Dragapult|0 fnt
|-enditem|p1a: Dragapult|Heavy-Duty Boots|[from] move: Knock Off|[of] p2a: Ghost in the Shell
|faint|p1a: Dragapult
|
|upkeep
|-message|Chillrends forfeited.
|
|win|itsgentlecrab
|raw|Chillrends's rating: 1426 &rarr; <strong>1410</strong><br />(-16 for losing)
|raw|itsgentlecrab's rating: 1489 &rarr; <strong>1505</strong><br />(+16 for winning)
|l|☆Chillrends
|player|p1|
|l|☆itsgentlecrab
|player|p2|
