|j|☆luizindn
|j|☆kills your
|t:|1760765098
|gametype|singles
|player|p1|luizindn|102|1113
|player|p2|kills your|iono|1110
|gen|9
|tier|[Gen 9] OU
|rated|
|rule|HP Percentage Mod: HP is shown in percentages
|rule|Endless Battle Clause: Forcing endless battles is banned
|rule|Species Clause: Limit one of each Pokémon
|rule|OHKO Clause: OHKO moves are banned
|rule|Evasion Items Clause: Evasion items are banned
|rule|Evasion Moves Clause: Evasion moves are banned
|rule|Evasion Abilities Clause: Evasion abilities are banned
|rule|Sleep Moves Clause: Sleep-inducing moves are banned
|clearpoke
|poke|p1|Charizard, F|
|poke|p1|Dragapult, F|
|poke|p1|Iron Valiant|
|poke|p1|Rillaboom, F|
|poke|p1|Magnezone|
|poke|p1|Krookodile, M|
|poke|p2|Rotom-Mow|
|poke|p2|Politoed, M|
|poke|p2|Floatzel, F|
|poke|p2|Forretress, F|
|poke|p2|Drednaw, F|
|poke|p2|Flygon, M|
|teampreview
|inactive|Battle timer is ON: inactive players will automatically lose when time's up. (requested by luizindn)
|
|t:|1760765111
|teamsize|p1|6
|teamsize|p2|6
|start
|switch|p1a: Iron Valiant|Iron Valiant|100/100
|switch|p2a: Forretress|Forretress, F|100/100
|-enditem|p1a: Iron Valiant|Booster Energy
|-activate|p1a: Iron Valiant|ability: Quark Drive|[fromitem]
|-start|p1a: Iron Valiant|quarkdrivespe
|turn|1
|
|t:|1760765122
|move|p1a: Iron Valiant|Swords Dance|p1a: Iron Valiant
|-boost|p1a: Iron Valiant|atk|2
|move|p2a: Forretress|Thunder Wave|p1a: Iron Valiant
|-status|p1a: Iron Valiant|par
|
|upkeep
|turn|2
|
|t:|1760765134
|move|p1a: Iron Valiant|Close Combat|p2a: Forretress
|-damage|p2a: Forretress|36/100
|-unboost|p1a: Iron Valiant|def|1
|-unboost|p1a: Iron Valiant|spd|1
|move|p2a: Forretress|Stealth Rock|p1a: Iron Valiant
|-sidestart|p1: luizindn|move: Stealth Rock
|
|upkeep
|turn|3
|
|t:|1760765138
|move|p1a: Iron Valiant|Close Combat|p2a: Forretress
|-damage|p2a: Forretress|0 fnt
|-unboost|p1a: Iron Valiant|def|1
|-unboost|p1a: Iron Valiant|spd|1
|faint|p2a: Forretress
|
|upkeep
|
|t:|1760765146
|switch|p2a: Politoed|Politoed, M|100/100
|-weather|RainDance|[from] ability: Drizzle|[of] p2a: Politoed
|turn|4
|
|t:|1760765149
|move|p1a: Iron Valiant|Shadow Claw|p2a: Politoed
|-damage|p2a: Politoed|61/100
|move|p2a: Politoed|Weather Ball|p1a: Iron Valiant
|-damage|p1a: Iron Valiant|0 fnt
|faint|p1a: Iron Valiant
|-end|p1a: Iron Valiant|Quark Drive|[silent]
|
|-weather|RainDance|[upkeep]
|upkeep
|
|t:|1760765153
|switch|p1a: Rillaboom|Rillaboom, F|100/100
|-damage|p1a: Rillaboom|88/100|[from] Stealth Rock
|-fieldstart|move: Grassy Terrain|[from] ability: Grassy Surge|[of] p1a: Rillaboom
|-enditem|p1a: Rillaboom|Grassy Seed
|-boost|p1a: Rillaboom|def|1|[from] item: Grassy Seed
|turn|5
|
|t:|1760765161
|switch|p2a: Rotom|Rotom-Mow|100/100
|move|p1a: Rillaboom|Swords Dance|p1a: Rillaboom
|-boost|p1a: Rillaboom|atk|2
|
|-weather|RainDance|[upkeep]
|-heal|p1a: Rillaboom|94/100|[from] Grassy Terrain
|upkeep
|turn|6
|
|t:|1760765175
|move|p2a: Rotom|Volt Switch|p1a: Rillaboom
|-resisted|p1a: Rillaboom
|-damage|p1a: Rillaboom|65/100
|
|t:|1760765178
|switch|p2a: Politoed|Politoed, M|61/100|[from] Volt Switch
|move|p1a: Rillaboom|Knock Off|p2a: Politoed
|-damage|p2a: Politoed|7/100
|-enditem|p2a: Politoed|Damp Rock|[from] move: Knock Off|[of] p1a: Rillaboom
|
|-weather|RainDance|[upkeep]
|-heal|p1a: Rillaboom|71/100|[from] Grassy Terrain
|-heal|p2a: Politoed|13/100|[from] Grassy Terrain
|upkeep
|turn|7
|-message|kills your forfeited.
|
|win|luizindn
|raw|luizindn's rating: 1113 &rarr; <strong>1138</strong><br />(+25 for winning)
|raw|kills your's rating: 1110 &rarr; <strong>1085</strong><br />(-25 for losing)
|l|☆kills your
|player|p2|
|l|☆luizindn
|player|p1|
