|j|☆flygonisdragon
|j|☆151htyrneh
|t:|1760850528
|gametype|singles
|player|p1|flygonisdragon|serena-masters|1645
|player|p2|151htyrneh|wallace|1654
|gen|9
|tier|[Gen 9] OU
|rated|
|rule|HP Percentage Mod: HP is shown in percentages
|rule|Endless Battle Clause: Forcing endless battles is banned
|rule|Species Clause: Limit one of each Pokémon
|rule|OHKO Clause: OHKO moves are banned
|rule|Evasion Items Clause: Evasion items are banned
|rule|Evasion Moves Clause: Evasion moves are banned
|rule|Evasion Abilities Clause: Evasion abilities are banned
|rule|Sleep Moves Clause: Sleep-inducing moves are banned
|clearpoke
|poke|p1|Clefable, M|
|poke|p1|Heatran, M|
|poke|p1|Corviknight, F|
|poke|p1|Kyurem|
|poke|p1|Ursaluna, F|
|poke|p1|Quaquaval, F|
|poke|p2|Great Tusk|
|poke|p2|Heatran, M|
|poke|p2|Weavile, M|
|poke|p2|Primarina, M|
|poke|p2|Ogerpon, F|
|poke|p2|Pecharunt|
|teampreview
|
|t:|1760850534
|teamsize|p1|6
|teamsize|p2|6
|start
|switch|p1a: Heatran|Heatran, M|100/100
|switch|p2a: Anonymous|Ogerpon, F|100/100
|turn|1
|
|t:|1760850557
|move|p2a: Anonymous|U-turn|p1a: Heatran
|-resisted|p1a: Heatran
|-damage|p1a: Heatran|93/100
|
|t:|1760850559
|switch|p2a: Chaos|Heatran, M, shiny|100/100|[from] U-turn
|-item|p2a: Chaos|Air Balloon
|move|p1a: Heatran|Magma Storm|p2a: Chaos
|-start|p2a: Chaos|ability: Flash Fire
|
|-heal|p1a: Heatran|99/100|[from] item: Leftovers
|upkeep
|turn|2
|
|t:|1760850571
|move|p2a: Chaos|Magma Storm|p1a: Heatran
|-start|p1a: Heatran|ability: Flash Fire
|move|p1a: Heatran|Taunt|p2a: Chaos
|-start|p2a: Chaos|move: Taunt
|
|-heal|p1a: Heatran|100/100|[from] item: Leftovers
|upkeep
|turn|3
|
|t:|1760850577
|move|p2a: Chaos|Earth Power|p1a: Heatran
|-supereffective|p1a: Heatran
|-damage|p1a: Heatran|19/100
|move|p1a: Heatran|Stealth Rock|p2a: Chaos
|-sidestart|p2: 151htyrneh|move: Stealth Rock
|
|-heal|p1a: Heatran|25/100|[from] item: Leftovers
|upkeep
|turn|4
|j| Mr.villains
|
|t:|1760850588
|-end|p1a: Heatran|ability: Flash Fire|[silent]
|switch|p1a: Quaquaval|Quaquaval, F, shiny|100/100
|move|p2a: Chaos|Magma Storm|p1a: Quaquaval
|-resisted|p1a: Quaquaval
|-crit|p1a: Quaquaval
|-damage|p1a: Quaquaval|25/100
|-activate|p1a: Quaquaval|move: Magma Storm|[of] p2a: Chaos
|
|-heal|p1a: Quaquaval|31/100|[from] item: Leftovers
|-damage|p1a: Quaquaval|19/100|[from] move: Magma Storm|[partiallytrapped]
|upkeep
|turn|5
|
|t:|1760850596
|-end|p2a: Chaos|ability: Flash Fire|[silent]
|switch|p2a: Overseer|Pecharunt|100/100
|-damage|p2a: Overseer|88/100|[from] Stealth Rock
|move|p1a: Quaquaval|Aqua Step|p2a: Overseer
|-damage|p2a: Overseer|69/100
|-boost|p1a: Quaquaval|spe|1
|-damage|p1a: Quaquaval|3/100|[from] item: Rocky Helmet|[of] p2a: Overseer
|
|-heal|p1a: Quaquaval|9/100|[from] item: Leftovers
|-end|p1a: Quaquaval|Magma Storm|[partiallytrapped]|[silent]
|upkeep
|turn|6
|
|t:|1760850602
|switch|p1a: Ursaluna|Ursaluna, F|100/100
|move|p2a: Overseer|Recover|p2a: Overseer
|-heal|p2a: Overseer|100/100
|
|upkeep
|turn|7
|
|t:|1760850609
|move|p2a: Overseer|Malignant Chain|p1a: Ursaluna
|-resisted|p1a: Ursaluna
|-damage|p1a: Ursaluna|91/100
|move|p1a: Ursaluna|Headlong Rush|p2a: Overseer
|-supereffective|p2a: Overseer
|-damage|p2a: Overseer|37/100
|-unboost|p1a: Ursaluna|def|1
|-unboost|p1a: Ursaluna|spd|1
|-damage|p1a: Ursaluna|74/100|[from] item: Rocky Helmet|[of] p2a: Overseer
|
|upkeep
|turn|8
|
|t:|1760850617
|move|p2a: Overseer|Parting Shot|p1a: Ursaluna
|-unboost|p1a: Ursaluna|atk|1
|-unboost|p1a: Ursaluna|spa|1
|
|t:|1760850620
|switch|p2a: Behemoth|Great Tusk, shiny|100/100|[from] Parting Shot
|move|p1a: Ursaluna|Headlong Rush|p2a: Behemoth
|-damage|p2a: Behemoth|65/100
|-unboost|p1a: Ursaluna|def|1
|-unboost|p1a: Ursaluna|spd|1
|
|upkeep
|turn|9
|
|t:|1760850624
|switch|p1a: Corviknight|Corviknight, F|100/100
|-ability|p1a: Corviknight|Pressure
|move|p2a: Behemoth|Rapid Spin|p1a: Corviknight
|-resisted|p1a: Corviknight
|-damage|p1a: Corviknight|95/100
|-boost|p2a: Behemoth|spe|1
|-damage|p2a: Behemoth|48/100|[from] item: Rocky Helmet|[of] p1a: Corviknight
|-sideend|p2: 151htyrneh|Stealth Rock|[from] move: Rapid Spin|[of] p2a: Behemoth
|
|upkeep
|turn|10
|
|t:|1760850628
|-end|p2a: Behemoth|Protosynthesis|[silent]
|switch|p2a: Overseer|Pecharunt|37/100
|move|p1a: Corviknight|U-turn|p2a: Overseer
|-resisted|p2a: Overseer
|-damage|p2a: Overseer|35/100
|-damage|p1a: Corviknight|79/100|[from] item: Rocky Helmet|[of] p2a: Overseer
|
|t:|1760850631
|switch|p1a: Kyurem|Kyurem|100/100|[from] U-turn
|-ability|p1a: Kyurem|Pressure
|
|upkeep
|turn|11
|
|t:|1760850636
|switch|p2a: Chaos|Heatran, M, shiny|100/100
|-item|p2a: Chaos|Air Balloon
|move|p1a: Kyurem|Freeze-Dry|p2a: Chaos
|-resisted|p2a: Chaos
|-damage|p2a: Chaos|91/100
|-enditem|p2a: Chaos|Air Balloon
|
|upkeep
|turn|12
|
|t:|1760850641
|switch|p1a: Heatran|Heatran, M|25/100
|move|p2a: Chaos|Earth Power|p1a: Heatran
|-supereffective|p1a: Heatran
|-damage|p1a: Heatran|0 fnt
|faint|p1a: Heatran
|
|upkeep
|
|t:|1760850648
|switch|p1a: Ursaluna|Ursaluna, F|74/100
|turn|13
|
|t:|1760850650
|move|p2a: Chaos|Magma Storm|p1a: Ursaluna
|-damage|p1a: Ursaluna|46/100
|-activate|p1a: Ursaluna|move: Magma Storm|[of] p2a: Chaos
|move|p1a: Ursaluna|Headlong Rush|p2a: Chaos
|-supereffective|p2a: Chaos
|-damage|p2a: Chaos|0 fnt
|-unboost|p1a: Ursaluna|def|1
|-unboost|p1a: Ursaluna|spd|1
|faint|p2a: Chaos
|
|-end|p1a: Ursaluna|Magma Storm|[partiallytrapped]|[silent]
|upkeep
|
|t:|1760850655
|switch|p2a: Anonymous|Ogerpon, F|100/100
|turn|14
|
|t:|1760850658
|switch|p1a: Corviknight|Corviknight, F|79/100
|-ability|p1a: Corviknight|Pressure
|move|p2a: Anonymous|U-turn|p1a: Corviknight
|-resisted|p1a: Corviknight
|-damage|p1a: Corviknight|74/100
|-damage|p2a: Anonymous|84/100|[from] item: Rocky Helmet|[of] p1a: Corviknight
|
|t:|1760850662
|switch|p2a: Bandit|Weavile, M, shiny|100/100|[from] U-turn
|-ability|p2a: Bandit|Pressure
|
|upkeep
|turn|15
|j| XxH0meland3r420xX
|
|t:|1760850665
|move|p2a: Bandit|Knock Off|p1a: Corviknight
|-damage|p1a: Corviknight|29/100
|-damage|p2a: Bandit|84/100|[from] item: Rocky Helmet|[of] p1a: Corviknight
|-enditem|p1a: Corviknight|Rocky Helmet|[from] move: Knock Off|[of] p2a: Bandit
|move|p1a: Corviknight|U-turn|p2a: Bandit
|-supereffective|p2a: Bandit
|-damage|p2a: Bandit|31/100
|
|t:|1760850673
|switch|p1a: Kyurem|Kyurem|100/100|[from] U-turn
|-ability|p1a: Kyurem|Pressure
|
|upkeep
|turn|16
|
|t:|1760850677
|switch|p2a: Behemoth|Great Tusk, shiny|48/100
|move|p1a: Kyurem|Draco Meteor|p2a: Behemoth
|-damage|p2a: Behemoth|0 fnt
|-unboost|p1a: Kyurem|spa|2
|faint|p2a: Behemoth
|-end|p2a: Behemoth|Protosynthesis|[silent]
|
|upkeep
|
|t:|1760850679
|switch|p2a: Celestine|Primarina, M, shiny|100/100
|turn|17
|j| Trysmeth
|
|t:|1760850702
|switch|p1a: Ursaluna|Ursaluna, F|46/100
|move|p2a: Celestine|Moonblast|p1a: Ursaluna
|-damage|p1a: Ursaluna|13/100
|
|upkeep
|turn|18
|
|t:|1760850707
|move|p2a: Celestine|Psychic Noise|p1a: Ursaluna
|-supereffective|p1a: Ursaluna
|-damage|p1a: Ursaluna|0 fnt
|faint|p1a: Ursaluna
|
|upkeep
|
|t:|1760850719
|switch|p1a: Kyurem|Kyurem|100/100
|-ability|p1a: Kyurem|Pressure
|turn|19
|
|t:|1760850722
|-terastallize|p1a: Kyurem|Ice
|move|p1a: Kyurem|Freeze-Dry|p2a: Celestine
|-supereffective|p2a: Celestine
|-damage|p2a: Celestine|47/100
|move|p2a: Celestine|Moonblast|p1a: Kyurem
|-damage|p1a: Kyurem|50/100
|
|upkeep
|turn|20
|j| poor ce
|
|t:|1760850733
|switch|p2a: Overseer|Pecharunt|35/100
|move|p1a: Kyurem|Freeze-Dry|p2a: Overseer
|-damage|p2a: Overseer|0 fnt
|faint|p2a: Overseer
|
|upkeep
|
|t:|1760850735
|switch|p2a: Bandit|Weavile, M, shiny|31/100
|-ability|p2a: Bandit|Pressure
|turn|21
|
|t:|1760850737
|move|p1a: Kyurem|Freeze-Dry|p2a: Bandit
|-resisted|p2a: Bandit
|-damage|p2a: Bandit|0 fnt
|faint|p2a: Bandit
|
|upkeep
|
|t:|1760850740
|switch|p2a: Anonymous|Ogerpon, F|84/100
|turn|22
|j| fnfjjfjfjcc
|
|t:|1760850746
|-terastallize|p2a: Anonymous|Grass
|detailschange|p2a: Anonymous|Ogerpon-Teal-Tera, F, tera:Grass
|-ability|p2a: Anonymous|Embody Aspect (Teal)|boost
|-boost|p2a: Anonymous|spe|1
|move|p2a: Anonymous|Ivy Cudgel|p1a: Kyurem
|-damage|p1a: Kyurem|0 fnt
|faint|p1a: Kyurem
|
|upkeep
|
|t:|1760850749
|switch|p1a: Corviknight|Corviknight, F|29/100
|-ability|p1a: Corviknight|Pressure
|turn|23
|
|t:|1760850751
|move|p2a: Anonymous|Ivy Cudgel|p1a: Corviknight
|-resisted|p1a: Corviknight
|-damage|p1a: Corviknight|14/100
|move|p1a: Corviknight|Roost|p1a: Corviknight
|-heal|p1a: Corviknight|64/100
|-singleturn|p1a: Corviknight|move: Roost
|
|upkeep
|turn|24
|
|t:|1760850755
|switch|p2a: Celestine|Primarina, M, shiny|47/100
|move|p1a: Corviknight|Brave Bird|p2a: Celestine
|-damage|p2a: Celestine|2/100
|-damage|p1a: Corviknight|50/100|[from] Recoil
|
|upkeep
|turn|25
|
|t:|1760850761
|switch|p1a: Clefable|Clefable, M|100/100
|move|p2a: Celestine|Psychic Noise|p1a: Clefable
|-damage|p1a: Clefable|61/100
|-start|p1a: Clefable|move: Heal Block
|
|upkeep
|turn|26
|
|t:|1760850764
|move|p1a: Clefable|Moonblast|p2a: Celestine
|-damage|p2a: Celestine|0 fnt
|faint|p2a: Celestine
|
|-end|p1a: Clefable|move: Heal Block
|upkeep
|
|t:|1760850770
|switch|p2a: Anonymous|Ogerpon-Teal-Tera, F, tera:Grass|84/100
|-ability|p2a: Anonymous|Embody Aspect (Teal)|boost
|-boost|p2a: Anonymous|spe|1
|turn|27
|
|t:|1760850772
|move|p2a: Anonymous|Ivy Cudgel|p1a: Clefable
|-damage|p1a: Clefable|0 fnt
|faint|p1a: Clefable
|
|upkeep
|
|t:|1760850774
|switch|p1a: Corviknight|Corviknight, F|50/100
|-ability|p1a: Corviknight|Pressure
|turn|28
|
|t:|1760850776
|move|p2a: Anonymous|Ivy Cudgel|p1a: Corviknight
|-resisted|p1a: Corviknight
|-damage|p1a: Corviknight|36/100
|move|p1a: Corviknight|Roost|p1a: Corviknight
|-heal|p1a: Corviknight|86/100
|-singleturn|p1a: Corviknight|move: Roost
|
|upkeep
|turn|29
|
|t:|1760850778
|move|p2a: Anonymous|Ivy Cudgel|p1a: Corviknight
|-resisted|p1a: Corviknight
|-damage|p1a: Corviknight|71/100
|move|p1a: Corviknight|Brave Bird|p2a: Anonymous
|-supereffective|p2a: Anonymous
|-damage|p2a: Anonymous|0 fnt
|faint|p2a: Anonymous
|detailschange|p2: Anonymous|Ogerpon, F|[silent]
|-damage|p1a: Corviknight|50/100|[from] Recoil
|
|win|flygonisdragon
|raw|flygonisdragon's rating: 1645 &rarr; <strong>1666</strong><br />(+21 for winning)
|raw|151htyrneh's rating: 1654 &rarr; <strong>1633</strong><br />(-21 for losing)
|l|☆151htyrneh
|player|p2|
|l|☆flygonisdragon
|player|p1|
|l| poor ce
|l| Mr.villains
|l| Trysmeth
