|j|☆Lotadfan22
|j|☆Edge Seven
|t:|1760800485
|gametype|singles
|player|p1|Lotadfan22|blaine|1336
|player|p2|Edge Seven|maid|1365
|gen|9
|tier|[Gen 9] OU
|rated|
|rule|HP Percentage Mod: HP is shown in percentages
|rule|Endless Battle Clause: Forcing endless battles is banned
|rule|Species Clause: Limit one of each Pokémon
|rule|OHKO Clause: OHKO moves are banned
|rule|Evasion Items Clause: Evasion items are banned
|rule|Evasion Moves Clause: Evasion moves are banned
|rule|Evasion Abilities Clause: Evasion abilities are banned
|rule|Sleep Moves Clause: Sleep-inducing moves are banned
|clearpoke
|poke|p1|Slowking-Galar, F|
|poke|p1|Kyurem|
|poke|p1|Ogerpon-Wellspring, F|
|poke|p1|Cinderace, M|
|poke|p1|Alomomola, F|
|poke|p1|Kingambit, M|
|poke|p2|Heatran, F|
|poke|p2|Rillaboom, F|
|poke|p2|Kingambit, F|
|poke|p2|Garganacl, M|
|poke|p2|Dragapult, F|
|poke|p2|Great Tusk|
|teampreview
|inactive|Battle timer is ON: inactive players will automatically lose when time's up. (requested by Edge Seven)
|
|t:|1760800505
|teamsize|p1|6
|teamsize|p2|6
|start
|switch|p1a: Ogerpon|Ogerpon-Wellspring, F|100/100
|switch|p2a: Dragapult|Dragapult, F|100/100
|turn|1
|
|t:|1760800511
|switch|p1a: Kingambit|Kingambit, M|100/100
|move|p2a: Dragapult|U-turn|p1a: Kingambit
|-damage|p1a: Kingambit|85/100
|
|t:|1760800516
|switch|p2a: Great Tusk|Great Tusk|100/100|[from] U-turn
|
|-heal|p1a: Kingambit|91/100|[from] item: Leftovers
|upkeep
|turn|2
|
|t:|1760800524
|-end|p1a: Kingambit|fallenundefined|[silent]
|switch|p1a: Kyurem|Kyurem|100/100
|-ability|p1a: Kyurem|Pressure
|move|p2a: Great Tusk|Knock Off|p1a: Kyurem
|-damage|p1a: Kyurem|69/100
|-enditem|p1a: Kyurem|Never-Melt Ice|[from] move: Knock Off|[of] p2a: Great Tusk
|
|upkeep
|turn|3
|
|t:|1760800547
|move|p1a: Kyurem|Dragon Dance|p1a: Kyurem
|-boost|p1a: Kyurem|atk|1
|-boost|p1a: Kyurem|spe|1
|move|p2a: Great Tusk|Rapid Spin|p1a: Kyurem
|-damage|p1a: Kyurem|54/100
|-boost|p2a: Great Tusk|spe|1
|
|upkeep
|turn|4
|inactive|Edge Seven has 120 seconds left.
|
|t:|1760800591
|-end|p2a: Great Tusk|Protosynthesis|[silent]
|switch|p2a: Garganacl|Garganacl, M|100/100
|move|p1a: Kyurem|Freeze-Dry|p2a: Garganacl
|-damage|p2a: Garganacl|72/100
|
|-heal|p2a: Garganacl|78/100|[from] item: Leftovers
|upkeep
|turn|5
|
|t:|1760800604
|move|p1a: Kyurem|Icicle Spear|p2a: Garganacl
|-damage|p2a: Garganacl|69/100
|-damage|p2a: Garganacl|59/100
|-hitcount|p2a: Garganacl|2
|move|p2a: Garganacl|Salt Cure|p1a: Kyurem
|-supereffective|p1a: Kyurem
|-damage|p1a: Kyurem|23/100
|-start|p1a: Kyurem|Salt Cure
|
|-heal|p2a: Garganacl|65/100|[from] item: Leftovers
|-damage|p1a: Kyurem|11/100|[from] Salt Cure
|upkeep
|turn|6
|
|t:|1760800616
|move|p1a: Kyurem|Earth Power|p2a: Garganacl
|-supereffective|p2a: Garganacl
|-damage|p2a: Garganacl|11/100
|move|p2a: Garganacl|Recover|p2a: Garganacl
|-heal|p2a: Garganacl|61/100
|
|-heal|p2a: Garganacl|67/100|[from] item: Leftovers
|-damage|p1a: Kyurem|0 fnt|[from] Salt Cure
|faint|p1a: Kyurem
|upkeep
|
|t:|1760800623
|switch|p1a: Ogerpon|Ogerpon-Wellspring, F|100/100
|turn|7
|
|t:|1760800629
|move|p1a: Ogerpon|Ivy Cudgel|p2a: Garganacl|[anim] Ivy Cudgel Water
|-supereffective|p2a: Garganacl
|-crit|p2a: Garganacl
|-damage|p2a: Garganacl|0 fnt
|faint|p2a: Garganacl
|
|upkeep
|c|☆Edge Seven|ok
|
|t:|1760800649
|switch|p2a: Dragapult|Dragapult, F|100/100
|turn|8
|
|t:|1760800657
|move|p2a: Dragapult|U-turn|p1a: Ogerpon
|-supereffective|p1a: Ogerpon
|-damage|p1a: Ogerpon|56/100
|
|t:|1760800662
|switch|p2a: Rillaboom|Rillaboom, F|100/100|[from] U-turn
|-fieldstart|move: Grassy Terrain|[from] ability: Grassy Surge|[of] p2a: Rillaboom
|move|p1a: Ogerpon|Knock Off|p2a: Rillaboom
|-damage|p2a: Rillaboom|62/100
|-enditem|p2a: Rillaboom|Terrain Extender|[from] move: Knock Off|[of] p1a: Ogerpon
|
|-heal|p1a: Ogerpon|62/100|[from] Grassy Terrain
|-heal|p2a: Rillaboom|68/100|[from] Grassy Terrain
|upkeep
|turn|9
|inactive|Edge Seven has 120 seconds left.
|
|t:|1760800677
|move|p1a: Ogerpon|U-turn|p2a: Rillaboom
|-supereffective|p2a: Rillaboom
|-damage|p2a: Rillaboom|17/100
|
|t:|1760800680
|switch|p1a: Slowking|Slowking-Galar, F, shiny|100/100|[from] U-turn
|move|p2a: Rillaboom|U-turn|p1a: Slowking
|-damage|p1a: Slowking|74/100
|
|t:|1760800685
|switch|p2a: Great Tusk|Great Tusk|100/100|[from] U-turn
|
|-heal|p1a: Slowking|80/100|[from] Grassy Terrain
|upkeep
|turn|10
|
|t:|1760800694
|-terastallize|p1a: Slowking|Water
|move|p2a: Great Tusk|Knock Off|p1a: Slowking
|-damage|p1a: Slowking|50/100
|-enditem|p1a: Slowking|Heavy-Duty Boots|[from] move: Knock Off|[of] p2a: Great Tusk
|move|p1a: Slowking|Surf|p2a: Great Tusk
|-supereffective|p2a: Great Tusk
|-damage|p2a: Great Tusk|12/100
|
|-heal|p2a: Great Tusk|18/100|[from] Grassy Terrain
|-heal|p1a: Slowking|56/100|[from] Grassy Terrain
|upkeep
|turn|11
|
|t:|1760800704
|move|p2a: Great Tusk|Headlong Rush|p1a: Slowking
|-damage|p1a: Slowking|2/100
|-unboost|p2a: Great Tusk|def|1
|-unboost|p2a: Great Tusk|spd|1
|move|p1a: Slowking|Surf|p2a: Great Tusk
|-supereffective|p2a: Great Tusk
|-damage|p2a: Great Tusk|0 fnt
|faint|p2a: Great Tusk
|-end|p2a: Great Tusk|Protosynthesis|[silent]
|
|-heal|p1a: Slowking|8/100|[from] Grassy Terrain
|upkeep
|inactive|Edge Seven has 120 seconds left.
|inactive|Edge Seven has 90 seconds left.
|
|t:|1760800766
|switch|p2a: Rillaboom|Rillaboom, F|17/100
|turn|12
|inactive|Edge Seven has 90 seconds left.
|
|t:|1760800789
|move|p2a: Rillaboom|Knock Off|p1a: Slowking
|-damage|p1a: Slowking|0 fnt
|faint|p1a: Slowking
|
|-heal|p2a: Rillaboom|23/100|[from] Grassy Terrain
|upkeep
|
|t:|1760800794
|switch|p1a: Ogerpon|Ogerpon-Wellspring, F|62/100
|turn|13
|
|t:|1760800800
|move|p2a: Rillaboom|Grassy Glide|p1a: Ogerpon
|-damage|p1a: Ogerpon|11/100
|move|p1a: Ogerpon|Horn Leech|p2a: Rillaboom
|-resisted|p2a: Rillaboom
|-damage|p2a: Rillaboom|0 fnt
|-heal|p1a: Ogerpon|26/100|[from] drain|[of] p2a: Rillaboom
|faint|p2a: Rillaboom
|
|-heal|p1a: Ogerpon|32/100|[from] Grassy Terrain
|upkeep
|
|t:|1760800811
|switch|p2a: Dragapult|Dragapult, F|100/100
|turn|14
|
|t:|1760800819
|switch|p1a: Kingambit|Kingambit, M|91/100
|-activate|p1a: Kingambit|ability: Supreme Overlord
|-start|p1a: Kingambit|fallen2|[silent]
|move|p2a: Dragapult|Fire Blast|p1a: Kingambit
|-supereffective|p1a: Kingambit
|-damage|p1a: Kingambit|0 fnt
|faint|p1a: Kingambit
|-end|p1a: Kingambit|fallen2|[silent]
|
|upkeep
|
|t:|1760800829
|switch|p1a: Cinderace|Cinderace, M|100/100
|turn|15
|
|t:|1760800832
|switch|p2a: Heatran|Heatran, F|100/100
|move|p1a: Cinderace|Pyro Ball|p2a: Heatran
|-start|p2a: Heatran|ability: Flash Fire
|
|-fieldend|move: Grassy Terrain
|upkeep
|turn|16
|inactive|Edge Seven has 120 seconds left.
|
|t:|1760800844
|move|p1a: Cinderace|U-turn|p2a: Heatran
|-resisted|p2a: Heatran
|-damage|p2a: Heatran|96/100
|
|t:|1760800848
|switch|p1a: Alomomola|Alomomola, F|100/100|[from] U-turn
|move|p2a: Heatran|Earth Power|p1a: Alomomola
|-damage|p1a: Alomomola|64/100
|-enditem|p1a: Alomomola|Red Card|[of] p2a: Heatran
|-end|p2a: Heatran|ability: Flash Fire|[silent]
|drag|p2a: Kingambit|Kingambit, F|100/100
|-activate|p2a: Kingambit|ability: Supreme Overlord
|-start|p2a: Kingambit|fallen3|[silent]
|
|upkeep
|turn|17
|inactive|Lotadfan22 has 120 seconds left.
|
|t:|1760800887
|move|p2a: Kingambit|Swords Dance|p2a: Kingambit
|-boost|p2a: Kingambit|atk|2
|move|p1a: Alomomola|Scald|p2a: Kingambit
|-damage|p2a: Kingambit|86/100
|
|-heal|p2a: Kingambit|92/100|[from] item: Leftovers
|upkeep
|turn|18
|
|t:|1760800896
|move|p2a: Kingambit|Kowtow Cleave|p1a: Alomomola
|-damage|p1a: Alomomola|0 fnt
|faint|p1a: Alomomola
|
|-heal|p2a: Kingambit|98/100|[from] item: Leftovers
|upkeep
|
|t:|1760800903
|switch|p1a: Cinderace|Cinderace, M|100/100
|turn|19
|
|t:|1760800906
|move|p1a: Cinderace|Will-O-Wisp|p2a: Kingambit
|-status|p2a: Kingambit|brn
|move|p2a: Kingambit|Swords Dance|p2a: Kingambit
|-boost|p2a: Kingambit|atk|2
|
|-heal|p2a: Kingambit|100/100 brn|[from] item: Leftovers
|-damage|p2a: Kingambit|95/100 brn|[from] brn
|upkeep
|turn|20
|
|t:|1760800931
|-terastallize|p2a: Kingambit|Ghost
|move|p2a: Kingambit|Sucker Punch|p1a: Cinderace
|-damage|p1a: Cinderace|8/100
|move|p1a: Cinderace|Pyro Ball|p2a: Kingambit|[miss]
|-miss|p1a: Cinderace|p2a: Kingambit
|
|-heal|p2a: Kingambit|100/100 brn|[from] item: Leftovers
|-damage|p2a: Kingambit|95/100 brn|[from] brn
|upkeep
|turn|21
|inactive|Lotadfan22 has 120 seconds left.
|
|t:|1760800949
|move|p1a: Cinderace|Court Change||[still]
|-fail|p1a: Cinderace
|move|p2a: Kingambit|Kowtow Cleave|p1a: Cinderace
|-damage|p1a: Cinderace|0 fnt
|faint|p1a: Cinderace
|
|-heal|p2a: Kingambit|100/100 brn|[from] item: Leftovers
|-damage|p2a: Kingambit|95/100 brn|[from] brn
|upkeep
|inactive|Lotadfan22 has 120 seconds left.
|
|t:|1760800954
|switch|p1a: Ogerpon|Ogerpon-Wellspring, F|32/100
|turn|22
|
|t:|1760800959
|move|p2a: Kingambit|Sucker Punch|p1a: Ogerpon
|-damage|p1a: Ogerpon|0 fnt
|faint|p1a: Ogerpon
|
|win|Edge Seven
|raw|Lotadfan22's rating: 1336 &rarr; <strong>1318</strong><br />(-18 for losing)
|raw|Edge Seven's rating: 1365 &rarr; <strong>1383</strong><br />(+18 for winning)
