|j|☆hdbnsbdkqrds
|j|☆JeanGay
|t:|1760734571
|gametype|singles
|player|p1|hdbnsbdkqrds|101|1155
|player|p2|JeanGay|ingo|1106
|gen|9
|tier|[Gen 9] OU
|rated|
|rule|HP Percentage Mod: HP is shown in percentages
|rule|Endless Battle Clause: Forcing endless battles is banned
|rule|Species Clause: Limit one of each Pokémon
|rule|OHKO Clause: OHKO moves are banned
|rule|Evasion Items Clause: Evasion items are banned
|rule|Evasion Moves Clause: Evasion moves are banned
|rule|Evasion Abilities Clause: Evasion abilities are banned
|rule|Sleep Moves Clause: Sleep-inducing moves are banned
|clearpoke
|poke|p1|Arcanine, M|
|poke|p1|Dondozo, F|
|poke|p1|Dragapult, M|
|poke|p1|Clodsire, F|
|poke|p1|Darkrai|
|poke|p1|Corviknight, M|
|poke|p2|Ninetales, F|
|poke|p2|Lilligant-Hisui, F|
|poke|p2|Walking Wake|
|poke|p2|Slither Wing|
|poke|p2|Great Tusk|
|poke|p2|Hatterene, F|
|teampreview
|inactive|Battle timer is ON: inactive players will automatically lose when time's up. (requested by JeanGay)
|
|t:|1760734587
|teamsize|p1|6
|teamsize|p2|6
|start
|switch|p1a: Dragapult|Dragapult, M|100/100
|switch|p2a: Walking Wake|Walking Wake|100/100
|turn|1
|
|t:|1760734594
|move|p1a: Dragapult|U-turn|p2a: Walking Wake
|-damage|p2a: Walking Wake|83/100
|
|t:|1760734597
|switch|p1a: Clodsire|Clodsire, F|100/100|[from] U-turn
|move|p2a: Walking Wake|Draco Meteor|p1a: Clodsire
|-damage|p1a: Clodsire|47/100
|-unboost|p2a: Walking Wake|spa|2
|
|-heal|p1a: Clodsire|53/100|[from] item: Black Sludge
|upkeep
|turn|2
|
|t:|1760734607
|-end|p2a: Walking Wake|Protosynthesis|[silent]
|switch|p2a: Hatterene|Hatterene, F|100/100
|move|p1a: Clodsire|Recover|p1a: Clodsire
|-heal|p1a: Clodsire|100/100
|
|upkeep
|turn|3
|
|t:|1760734613
|switch|p1a: Darkrai|Darkrai|100/100
|move|p2a: Hatterene|Future Sight|p1a: Darkrai
|-start|p2a: Hatterene|move: Future Sight
|
|upkeep
|turn|4
|
|t:|1760734618
|move|p1a: Darkrai|Trick|p2a: Hatterene
|-activate|p1a: Darkrai|move: Trick|[of] p2a: Hatterene
|-item|p2a: Hatterene|Choice Scarf|[from] move: Trick
|-item|p1a: Darkrai|Assault Vest|[from] move: Trick
|move|p2a: Hatterene|Draining Kiss|p1a: Darkrai
|-supereffective|p1a: Darkrai
|-damage|p1a: Darkrai|51/100
|
|upkeep
|turn|5
|
|t:|1760734626
|switch|p1a: Corviknight|Corviknight, M|100/100
|move|p2a: Hatterene|Draining Kiss|p1a: Corviknight
|-resisted|p1a: Corviknight
|-damage|p1a: Corviknight|88/100
|-damage|p2a: Hatterene|84/100|[from] item: Rocky Helmet|[of] p1a: Corviknight
|
|-end|p1a: Corviknight|move: Future Sight
|-resisted|p1a: Corviknight
|-damage|p1a: Corviknight|57/100
|upkeep
|turn|6
|
|t:|1760734636
|move|p1a: Corviknight|U-turn|p2a: Hatterene
|-damage|p2a: Hatterene|69/100
|
|t:|1760734642
|switch|p1a: Clodsire|Clodsire, F|100/100|[from] U-turn
|move|p2a: Hatterene|Draining Kiss|p1a: Clodsire
|-resisted|p1a: Clodsire
|-damage|p1a: Clodsire|94/100
|-heal|p2a: Hatterene|77/100|[from] drain|[of] p1a: Clodsire
|
|-heal|p1a: Clodsire|99/100|[from] item: Black Sludge
|upkeep
|turn|7
|
|t:|1760734667
|switch|p2a: Great Tusk|Great Tusk|100/100
|move|p1a: Clodsire|Earthquake|p2a: Great Tusk
|-damage|p2a: Great Tusk|83/100
|
|-heal|p1a: Clodsire|100/100|[from] item: Black Sludge
|upkeep
|turn|8
|
|t:|1760734675
|move|p2a: Great Tusk|Headlong Rush|p1a: Clodsire
|-supereffective|p1a: Clodsire
|-damage|p1a: Clodsire|0 fnt
|-unboost|p2a: Great Tusk|def|1
|-unboost|p2a: Great Tusk|spd|1
|faint|p1a: Clodsire
|
|upkeep
|-message|hdbnsbdkqrds forfeited.
|
|win|JeanGay
|raw|hdbnsbdkqrds's rating: 1155 &rarr; <strong>1126</strong><br />(-29 for losing)
|raw|JeanGay's rating: 1106 &rarr; <strong>1135</strong><br />(+29 for winning)
|l|☆hdbnsbdkqrds
|player|p1|
