|j|☆crassidens
|j|☆Bofonchiotto
|t:|1760790215
|gametype|singles
|player|p1|crassidens|caitlin-masters|1183
|player|p2|Bofonchiotto|101|1162
|gen|9
|tier|[Gen 9] OU
|rated|
|rule|HP Percentage Mod: HP is shown in percentages
|rule|Endless Battle Clause: Forcing endless battles is banned
|rule|Species Clause: Limit one of each Pokémon
|rule|OHKO Clause: OHKO moves are banned
|rule|Evasion Items Clause: Evasion items are banned
|rule|Evasion Moves Clause: Evasion moves are banned
|rule|Evasion Abilities Clause: Evasion abilities are banned
|rule|Sleep Moves Clause: Sleep-inducing moves are banned
|clearpoke
|poke|p1|Tinkaton, F|
|poke|p1|Walking Wake|
|poke|p1|Garganacl, M|
|poke|p1|Tentacruel, F|
|poke|p1|Alomomola, M|
|poke|p1|Gogoat, F|
|poke|p2|Kyurem|
|poke|p2|Ninetales-Alola, F|
|poke|p2|Cinderace, F|
|poke|p2|Kingambit, F|
|poke|p2|Gliscor, F|
|poke|p2|Rillaboom, F|
|teampreview
|inactive|Battle timer is ON: inactive players will automatically lose when time's up. (requested by crassidens)
|
|t:|1760790241
|teamsize|p1|6
|teamsize|p2|6
|start
|switch|p1a: Tinkaton|Tinkaton, F|100/100
|switch|p2a: Ninetales|Ninetales-Alola, F|100/100
|-weather|Snowscape|[from] ability: Snow Warning|[of] p2a: Ninetales
|-ability|p1a: Tinkaton|Mold Breaker
|turn|1
|
|t:|1760790253
|move|p2a: Ninetales|Aurora Veil|p2a: Ninetales
|-sidestart|p2: Bofonchiotto|move: Aurora Veil
|move|p1a: Tinkaton|Gigaton Hammer|p2a: Ninetales
|-supereffective|p2a: Ninetales
|-damage|p2a: Ninetales|8/100
|
|-weather|Snowscape|[upkeep]
|upkeep
|turn|2
|
|t:|1760790266
|switch|p2a: Gliscor|Gliscor, F|100/100
|move|p1a: Tinkaton|Stealth Rock|p2a: Gliscor
|-sidestart|p2: Bofonchiotto|move: Stealth Rock
|
|-weather|Snowscape|[upkeep]
|-status|p2a: Gliscor|tox|[from] item: Toxic Orb
|upkeep
|turn|3
|
|t:|1760790276
|switch|p1a: Alomomola|Alomomola, M|100/100
|move|p2a: Gliscor|Earthquake|p1a: Alomomola
|-crit|p1a: Alomomola
|-damage|p1a: Alomomola|73/100
|
|-weather|Snowscape|[upkeep]
|upkeep
|turn|4
|
|t:|1760790281
|move|p2a: Gliscor|Toxic|p1a: Alomomola
|-status|p1a: Alomomola|tox
|move|p1a: Alomomola|Flip Turn|p2a: Gliscor
|-supereffective|p2a: Gliscor
|-damage|p2a: Gliscor|89/100 tox
|
|t:|1760790287
|switch|p1a: Tentacruel|Tentacruel, F|100/100|[from] Flip Turn
|
|-weather|Snowscape|[upkeep]
|-heal|p2a: Gliscor|100/100 tox|[from] ability: Poison Heal
|upkeep
|turn|5
|
|t:|1760790293
|switch|p1a: Alomomola|Alomomola, M|100/100 tox
|move|p2a: Gliscor|Earthquake|p1a: Alomomola
|-crit|p1a: Alomomola
|-damage|p1a: Alomomola|75/100 tox
|
|-weather|none
|-damage|p1a: Alomomola|68/100 tox|[from] psn
|upkeep
|turn|6
|
|t:|1760790303
|move|p2a: Gliscor|Earthquake|p1a: Alomomola
|-damage|p1a: Alomomola|50/100 tox
|move|p1a: Alomomola|Flip Turn|p2a: Gliscor
|-supereffective|p2a: Gliscor
|-damage|p2a: Gliscor|89/100 tox
|
|t:|1760790310
|switch|p1a: Gogoat|Gogoat, F|100/100|[from] Flip Turn
|
|-heal|p2a: Gliscor|100/100 tox|[from] ability: Poison Heal
|upkeep
|turn|7
|
|t:|1760790314
|switch|p1a: Tentacruel|Tentacruel, F|100/100
|move|p2a: Gliscor|Toxic|p1a: Tentacruel
|-immune|p1a: Tentacruel
|
|upkeep
|turn|8
|
|t:|1760790319
|switch|p1a: Gogoat|Gogoat, F|100/100
|move|p2a: Gliscor|Earthquake|p1a: Gogoat
|-resisted|p1a: Gogoat
|-damage|p1a: Gogoat|82/100
|
|-heal|p1a: Gogoat|88/100|[from] item: Leftovers
|-sideend|p2: Bofonchiotto|move: Aurora Veil
|upkeep
|turn|9
|
|t:|1760790323
|switch|p1a: Tinkaton|Tinkaton, F|100/100
|-ability|p1a: Tinkaton|Mold Breaker
|move|p2a: Gliscor|Toxic|p1a: Tinkaton
|-immune|p1a: Tinkaton
|
|upkeep
|turn|10
|
|t:|1760790327
|-terastallize|p1a: Tinkaton|Ghost
|move|p1a: Tinkaton|Ice Hammer|p2a: Gliscor
|-supereffective|p2a: Gliscor
|-damage|p2a: Gliscor|43/100 tox
|-unboost|p1a: Tinkaton|spe|1
|move|p2a: Gliscor|Earthquake|p1a: Tinkaton
|-damage|p1a: Tinkaton|63/100
|
|-heal|p1a: Tinkaton|69/100|[from] item: Leftovers
|-heal|p2a: Gliscor|55/100 tox|[from] ability: Poison Heal
|upkeep
|turn|11
|
|t:|1760790337
|move|p2a: Gliscor|Protect|p2a: Gliscor
|-singleturn|p2a: Gliscor|Protect
|move|p1a: Tinkaton|Ice Hammer|p2a: Gliscor
|-activate|p2a: Gliscor|move: Protect
|
|-heal|p1a: Tinkaton|75/100|[from] item: Leftovers
|-heal|p2a: Gliscor|68/100 tox|[from] ability: Poison Heal
|upkeep
|turn|12
|
|t:|1760790358
|switch|p2a: Cinderace|Cinderace, F|100/100
|move|p1a: Tinkaton|Ice Hammer|p2a: Cinderace
|-resisted|p2a: Cinderace
|-damage|p2a: Cinderace|90/100
|-unboost|p1a: Tinkaton|spe|1
|
|-heal|p1a: Tinkaton|81/100|[from] item: Leftovers
|upkeep
|turn|13
|
|t:|1760790371
|switch|p1a: Garganacl|Garganacl, M|100/100
|move|p2a: Cinderace|Court Change|p2a: Cinderace
|-swapsideconditions
|-activate|p2a: Cinderace|move: Court Change
|
|upkeep
|turn|14
|
|t:|1760790377
|move|p2a: Cinderace|U-turn|p1a: Garganacl
|-damage|p1a: Garganacl|92/100
|
|t:|1760790384
|switch|p2a: Ninetales|Ninetales-Alola, F|8/100|[from] U-turn
|-weather|Snowscape|[from] ability: Snow Warning|[of] p2a: Ninetales
|move|p1a: Garganacl|Salt Cure|p2a: Ninetales
|-supereffective|p2a: Ninetales
|-damage|p2a: Ninetales|0 fnt
|faint|p2a: Ninetales
|
|-weather|Snowscape|[upkeep]
|-heal|p1a: Garganacl|98/100|[from] item: Leftovers
|upkeep
|inactive|Bofonchiotto has 120 seconds left.
|
|t:|1760790412
|switch|p2a: Kyurem|Kyurem|100/100
|-ability|p2a: Kyurem|Pressure
|turn|15
|
|t:|1760790434
|switch|p1a: Tentacruel|Tentacruel, F|100/100
|-terastallize|p2a: Kyurem|Ground
|move|p2a: Kyurem|Substitute|p2a: Kyurem
|-start|p2a: Kyurem|Substitute
|-damage|p2a: Kyurem|76/100
|
|-weather|Snowscape|[upkeep]
|-heal|p2a: Kyurem|82/100|[from] item: Leftovers
|upkeep
|turn|16
|inactive|Bofonchiotto has 120 seconds left.
|
|t:|1760790463
|move|p1a: Tentacruel|Flip Turn|p2a: Kyurem
|-supereffective|p2a: Kyurem
|-end|p2a: Kyurem|Substitute
|
|t:|1760790477
|switch|p1a: Tinkaton|Tinkaton, F, tera:Ghost|81/100|[from] Flip Turn
|-damage|p1a: Tinkaton|69/100|[from] Stealth Rock
|-ability|p1a: Tinkaton|Mold Breaker
|move|p2a: Kyurem|Earth Power|p1a: Tinkaton
|-damage|p1a: Tinkaton|26/100
|
|-weather|Snowscape|[upkeep]
|-heal|p1a: Tinkaton|32/100|[from] item: Leftovers
|-heal|p2a: Kyurem|88/100|[from] item: Leftovers
|upkeep
|turn|17
|inactive|Bofonchiotto has 120 seconds left.
|
|t:|1760790499
|move|p1a: Tinkaton|Gigaton Hammer|p2a: Kyurem
|-damage|p2a: Kyurem|50/100
|move|p2a: Kyurem|Earth Power|p1a: Tinkaton
|-damage|p1a: Tinkaton|0 fnt
|faint|p1a: Tinkaton
|
|-weather|Snowscape|[upkeep]
|-heal|p2a: Kyurem|56/100|[from] item: Leftovers
|upkeep
|
|t:|1760790507
|switch|p1a: Walking Wake|Walking Wake|100/100
|-damage|p1a: Walking Wake|88/100|[from] Stealth Rock
|turn|18
|inactive|Bofonchiotto has 120 seconds left.
|
|t:|1760790528
|switch|p2a: Rillaboom|Rillaboom, F|100/100
|-fieldstart|move: Grassy Terrain|[from] ability: Grassy Surge|[of] p2a: Rillaboom
|move|p1a: Walking Wake|Flip Turn|p2a: Rillaboom
|-resisted|p2a: Rillaboom
|-damage|p2a: Rillaboom|92/100
|
|t:|1760790537
|-end|p1a: Walking Wake|Protosynthesis|[silent]
|switch|p1a: Gogoat|Gogoat, F|88/100|[from] Flip Turn
|-damage|p1a: Gogoat|76/100|[from] Stealth Rock
|
|-weather|none
|-heal|p2a: Rillaboom|98/100|[from] Grassy Terrain
|-heal|p1a: Gogoat|82/100|[from] Grassy Terrain
|-heal|p1a: Gogoat|88/100|[from] item: Leftovers
|upkeep
|turn|19
|
|t:|1760790563
|switch|p1a: Alomomola|Alomomola, M|83/100 tox
|move|p2a: Rillaboom|Knock Off|p1a: Alomomola
|-damage|p1a: Alomomola|65/100 tox
|-enditem|p1a: Alomomola|Heavy-Duty Boots|[from] move: Knock Off|[of] p2a: Rillaboom
|
|-heal|p2a: Rillaboom|100/100|[from] Grassy Terrain
|-heal|p1a: Alomomola|72/100 tox|[from] Grassy Terrain
|-damage|p1a: Alomomola|65/100 tox|[from] psn
|upkeep
|turn|20
|
|t:|1760790573
|switch|p1a: Gogoat|Gogoat, F|88/100
|-damage|p1a: Gogoat|76/100|[from] Stealth Rock
|move|p2a: Rillaboom|Swords Dance|p2a: Rillaboom
|-boost|p2a: Rillaboom|atk|2
|
|-heal|p1a: Gogoat|82/100|[from] Grassy Terrain
|-heal|p1a: Gogoat|88/100|[from] item: Leftovers
|upkeep
|turn|21
|-message|crassidens forfeited.
|
|win|Bofonchiotto
|raw|crassidens's rating: 1183 &rarr; <strong>1158</strong><br />(-25 for losing)
|raw|Bofonchiotto's rating: 1184 &rarr; <strong>1209</strong><br />(+25 for winning)
|l|☆crassidens
|player|p1|
|l|☆Bofonchiotto
|player|p2|
