|j|☆0iuj09u0\
|j|☆MonsterZogg
|t:|1760884708
|gametype|singles
|player|p1|0iuj09u0\|1|1284
|player|p2|MonsterZogg|pokemonrangerf|1301
|gen|9
|tier|[Gen 9] OU
|rated|
|rule|HP Percentage Mod: HP is shown in percentages
|rule|Endless Battle Clause: Forcing endless battles is banned
|rule|Species Clause: Limit one of each Pokémon
|rule|OHKO Clause: OHKO moves are banned
|rule|Evasion Items Clause: Evasion items are banned
|rule|Evasion Moves Clause: Evasion moves are banned
|rule|Evasion Abilities Clause: Evasion abilities are banned
|rule|Sleep Moves Clause: Sleep-inducing moves are banned
|clearpoke
|poke|p1|Samurott-Hisui, F|
|poke|p1|Heatran, F|
|poke|p1|Latios, M|
|poke|p1|Iron Valiant|
|poke|p1|Iron Treads|
|poke|p1|Dragapult, M|
|poke|p2|Haxorus, F|
|poke|p2|Salamence, F|
|poke|p2|Goodra, M|
|poke|p2|Garchomp, F|
|poke|p2|Dragonite, M|
|poke|p2|Cyclizar, M|
|teampreview
|
|t:|1760884726
|teamsize|p1|6
|teamsize|p2|6
|start
|switch|p1a: Transylvania|Dragapult, M|100/100
|switch|p2a: Liberator|Cyclizar, M|100/100
|turn|1
|
|t:|1760884731
|move|p1a: Transylvania|Dragon Darts|p2a: Liberator
|-supereffective|p2a: Liberator
|-enditem|p2a: Liberator|Focus Sash
|-damage|p2a: Liberator|1/100
|-anim|p1a: Transylvania|Dragon Darts|p2a: Liberator
|-supereffective|p2a: Liberator
|-damage|p2a: Liberator|0 fnt
|faint|p2a: Liberator
|
|upkeep
|
|t:|1760884737
|switch|p2a: Lockhead|Garchomp, F|100/100
|turn|2
|
|t:|1760884757
|move|p2a: Lockhead|Outrage|p1a: Transylvania
|-supereffective|p1a: Transylvania
|-damage|p1a: Transylvania|0 fnt
|faint|p1a: Transylvania
|
|upkeep
|
|t:|1760884761
|switch|p1a: The Little Prince|Iron Valiant|100/100
|turn|3
|
|t:|1760884763
|move|p2a: Lockhead|Outrage|p1a: The Little Prince|[from] lockedmove
|-immune|p1a: The Little Prince
|move|p1a: The Little Prince|Moonblast|p2a: Lockhead
|-supereffective|p2a: Lockhead
|-damage|p2a: Lockhead|0 fnt
|faint|p2a: Lockhead
|
|upkeep
|
|t:|1760884765
|switch|p2a: Salvo|Goodra, M|100/100
|turn|4
|
|t:|1760884771
|-terastallize|p1a: The Little Prince|Fairy
|move|p1a: The Little Prince|Moonblast|p2a: Salvo
|-supereffective|p2a: Salvo
|-damage|p2a: Salvo|15/100
|-unboost|p2a: Salvo|spa|1
|move|p2a: Salvo|Flamethrower|p1a: The Little Prince
|-damage|p1a: The Little Prince|65/100
|
|upkeep
|turn|5
|
|t:|1760884778
|move|p1a: The Little Prince|Moonblast|p2a: Salvo
|-supereffective|p2a: Salvo
|-damage|p2a: Salvo|0 fnt
|faint|p2a: Salvo
|
|upkeep
|
|t:|1760884784
|switch|p2a: Warhead|Haxorus, F, shiny|100/100
|-ability|p2a: Warhead|Mold Breaker
|turn|6
|
|t:|1760884787
|move|p1a: The Little Prince|Moonblast|p2a: Warhead
|-supereffective|p2a: Warhead
|-enditem|p2a: Warhead|Focus Sash
|-damage|p2a: Warhead|1/100
|move|p2a: Warhead|Poison Jab|p1a: The Little Prince
|-supereffective|p1a: The Little Prince
|-damage|p1a: The Little Prince|0 fnt
|faint|p1a: The Little Prince
|-end|p1a: The Little Prince|Quark Drive|[silent]
|
|upkeep
|
|t:|1760884793
|switch|p1a: Wish Upon A Star|Latios, M|100/100
|turn|7
|
|t:|1760884797
|move|p1a: Wish Upon A Star|Flip Turn|p2a: Warhead
|-resisted|p2a: Warhead
|-damage|p2a: Warhead|0 fnt
|faint|p2a: Warhead
|
|t:|1760884802
|switch|p1a: Lightning Rod|Iron Treads|100/100|[from] Flip Turn
|
|upkeep
|
|t:|1760884805
|switch|p2a: Doomsday|Salamence, F|100/100
|turn|8
|
|t:|1760884808
|-terastallize|p2a: Doomsday|Fire
|move|p2a: Doomsday|Dragon Dance|p2a: Doomsday
|-boost|p2a: Doomsday|atk|1
|-boost|p2a: Doomsday|spe|1
|move|p1a: Lightning Rod|Ice Spinner|p2a: Doomsday
|-resisted|p2a: Doomsday
|-damage|p2a: Doomsday|87/100
|
|upkeep
|turn|9
|
|t:|1760884816
|move|p2a: Doomsday|Temper Flare|p1a: Lightning Rod
|-supereffective|p1a: Lightning Rod
|-damage|p1a: Lightning Rod|13/100
|move|p1a: Lightning Rod|Earthquake|p2a: Doomsday
|-supereffective|p2a: Doomsday
|-damage|p2a: Doomsday|0 fnt
|faint|p2a: Doomsday
|
|-heal|p1a: Lightning Rod|19/100|[from] item: Leftovers
|upkeep
|
|t:|1760884820
|switch|p2a: Gustav|Dragonite, M|100/100
|turn|10
|
|t:|1760884823
|move|p1a: Lightning Rod|Ice Spinner|p2a: Gustav
|-supereffective|p2a: Gustav
|-damage|p2a: Gustav|58/100
|move|p2a: Gustav|Flamethrower|p1a: Lightning Rod
|-supereffective|p1a: Lightning Rod
|-damage|p1a: Lightning Rod|0 fnt
|faint|p1a: Lightning Rod
|-end|p1a: Lightning Rod|Quark Drive|[silent]
|
|upkeep
|
|t:|1760884826
|switch|p1a: Wish Upon A Star|Latios, M|100/100
|turn|11
|
|t:|1760884831
|move|p2a: Gustav|Extreme Speed|p1a: Wish Upon A Star
|-damage|p1a: Wish Upon A Star|64/100
|move|p1a: Wish Upon A Star|Luster Purge|p2a: Gustav
|-damage|p2a: Gustav|1/100
|-unboost|p2a: Gustav|spd|1
|
|upkeep
|turn|12
|c|☆MonsterZogg|ggs
|
|t:|1760884850
|move|p1a: Wish Upon A Star|Luster Purge|p2a: Gustav
|-damage|p2a: Gustav|0 fnt
|faint|p2a: Gustav
|
|win|0iuj09u0\
|raw|0iuj09u0\'s rating: 1284 &rarr; <strong>1310</strong><br />(+26 for winning)
|raw|MonsterZogg's rating: 1301 &rarr; <strong>1280</strong><br />(-21 for losing)
|l|☆MonsterZogg
|player|p2|
