|inactive|Battle timer is ON: inactive players will automatically lose when time's up.
|badge|p1|bronze|gen9uu|100-7
|uhtml|medal-msg|<div class="broadcast-blue">Curious what those medals under the avatar are? PS now has Ladder Seasons! For more information, check out the <a href="https://www.smogon.com/forums/threads/3740067/">thread on Smogon.</a></div>
|t:|1760878935
|gametype|singles
|player|p1|Sirpeanutcronch|#wcop2025africa2|
|player|p2|J0RIS|lucas|
|gen|9
|tier|[Gen 9] OU
|rule|HP Percentage Mod: HP is shown in percentages
|rule|Endless Battle Clause: Forcing endless battles is banned
|rule|Species Clause: Limit one of each Pokémon
|rule|OHKO Clause: OHKO moves are banned
|rule|Evasion Items Clause: Evasion items are banned
|rule|Evasion Moves Clause: Evasion moves are banned
|rule|Evasion Abilities Clause: Evasion abilities are banned
|rule|Sleep Moves Clause: Sleep-inducing moves are banned
|clearpoke
|poke|p1|Deoxys-Speed|
|poke|p1|Raging Bolt|
|poke|p1|Ceruledge, F|
|poke|p1|Ogerpon-Wellspring, F|
|poke|p1|Great Tusk|
|poke|p1|Darkrai|
|poke|p2|Hatterene, F|
|poke|p2|Zamazenta-*|
|poke|p2|Alomomola, M|
|poke|p2|Gliscor, M|
|poke|p2|Pecharunt|
|poke|p2|Garchomp, M|
|teampreview
|inactive|Sirpeanutcronch has 270 seconds left.
|inactive|J0RIS has 270 seconds left.
|inactive|J0RIS has 240 seconds left.
|
|t:|1760879018
|teamsize|p1|6
|teamsize|p2|6
|start
|switch|p1a: Deoxys|Deoxys-Speed|100/100
|switch|p2a: Garchomp|Garchomp, M|100/100
|-ability|p1a: Deoxys|Pressure
|turn|1
|
|t:|1760879032
|switch|p2a: Hatterene|Hatterene, F|100/100
|move|p1a: Deoxys|Reflect|p1a: Deoxys
|-sidestart|p1: Sirpeanutcronch|Reflect
|
|upkeep
|turn|2
|
|t:|1760879054
|move|p1a: Deoxys|Light Screen|p1a: Deoxys
|-sidestart|p1: Sirpeanutcronch|move: Light Screen
|move|p2a: Hatterene|Nuzzle|p1a: Deoxys
|-damage|p1a: Deoxys|98/100
|-status|p1a: Deoxys|par
|
|upkeep
|turn|3
|
|t:|1760879068
|switch|p1a: Raging Bolt|Raging Bolt|100/100
|-enditem|p1a: Raging Bolt|Booster Energy
|-activate|p1a: Raging Bolt|ability: Protosynthesis|[fromitem]
|-start|p1a: Raging Bolt|protosynthesisspa
|move|p2a: Hatterene|Mystical Fire|p1a: Raging Bolt
|-resisted|p1a: Raging Bolt
|-damage|p1a: Raging Bolt|95/100
|-unboost|p1a: Raging Bolt|spa|1
|
|upkeep
|turn|4
|
|t:|1760879083
|switch|p2a: Gliscor|Gliscor, M|100/100
|move|p1a: Raging Bolt|Calm Mind|p1a: Raging Bolt
|-boost|p1a: Raging Bolt|spa|1
|-boost|p1a: Raging Bolt|spd|1
|
|-status|p2a: Gliscor|tox|[from] item: Toxic Orb
|upkeep
|turn|5
|inactive|J0RIS has 270 seconds left.
|inactive|Sirpeanutcronch has 270 seconds left.
|
|t:|1760879139
|move|p2a: Gliscor|Swords Dance|p2a: Gliscor
|-boost|p2a: Gliscor|atk|2
|move|p1a: Raging Bolt|Calm Mind|p1a: Raging Bolt
|-boost|p1a: Raging Bolt|spa|1
|-boost|p1a: Raging Bolt|spd|1
|
|upkeep
|turn|6
|inactive|Sirpeanutcronch has 240 seconds left.
|
|t:|1760879168
|move|p2a: Gliscor|Protect|p2a: Gliscor
|-singleturn|p2a: Gliscor|Protect
|move|p1a: Raging Bolt|Dragon Pulse|p2a: Gliscor
|-activate|p2a: Gliscor|move: Protect
|
|upkeep
|turn|7
|inactive|Sirpeanutcronch has 240 seconds left.
|inactive|Sirpeanutcronch has 210 seconds left.
|inactive|Sirpeanutcronch has 180 seconds left.
|
|t:|1760879241
|-terastallize|p1a: Raging Bolt|Bug
|move|p2a: Gliscor|Facade|p1a: Raging Bolt
|-damage|p1a: Raging Bolt|67/100
|move|p1a: Raging Bolt|Dragon Pulse|p2a: Gliscor
|-damage|p2a: Gliscor|3/100 tox
|
|-heal|p2a: Gliscor|16/100 tox|[from] ability: Poison Heal
|upkeep
|turn|8
|inactive|Sirpeanutcronch has 180 seconds left.
|
|t:|1760879263
|move|p2a: Gliscor|Protect|p2a: Gliscor
|-singleturn|p2a: Gliscor|Protect
|move|p1a: Raging Bolt|Dragon Pulse|p2a: Gliscor
|-activate|p2a: Gliscor|move: Protect
|
|-heal|p2a: Gliscor|28/100 tox|[from] ability: Poison Heal
|-sideend|p1: Sirpeanutcronch|Reflect
|upkeep
|turn|9
|
|t:|1760879282
|move|p2a: Gliscor|Facade|p1a: Raging Bolt
|-damage|p1a: Raging Bolt|11/100
|move|p1a: Raging Bolt|Dragon Pulse|p2a: Gliscor
|-damage|p2a: Gliscor|0 fnt
|faint|p2a: Gliscor
|
|-sideend|p1: Sirpeanutcronch|move: Light Screen
|upkeep
|
|t:|1760879296
|switch|p2a: Garchomp|Garchomp, M|100/100
|turn|10
|inactive|Sirpeanutcronch has 180 seconds left.
|
|t:|1760879307
|move|p2a: Garchomp|Earthquake|p1a: Raging Bolt
|-resisted|p1a: Raging Bolt
|-damage|p1a: Raging Bolt|0 fnt
|faint|p1a: Raging Bolt
|-end|p1a: Raging Bolt|Protosynthesis|[silent]
|
|upkeep
|
|t:|1760879333
|switch|p1a: Deoxys|Deoxys-Speed|98/100 par
|-ability|p1a: Deoxys|Pressure
|turn|11
|
|t:|1760879351
|move|p1a: Deoxys|Reflect|p1a: Deoxys
|-sidestart|p1: Sirpeanutcronch|Reflect
|move|p2a: Garchomp|Spikes|p1a: Deoxys
|-sidestart|p1: Sirpeanutcronch|Spikes
|
|upkeep
|turn|12
|
|t:|1760879361
|move|p1a: Deoxys|Taunt|p2a: Garchomp
|-start|p2a: Garchomp|move: Taunt
|cant|p2a: Garchomp|move: Taunt|Stealth Rock
|
|upkeep
|turn|13
|
|t:|1760879372
|move|p1a: Deoxys|Light Screen|p1a: Deoxys
|-sidestart|p1: Sirpeanutcronch|move: Light Screen
|move|p2a: Garchomp|Earthquake|p1a: Deoxys
|-damage|p1a: Deoxys|73/100 par
|
|upkeep
|turn|14
|inactive|J0RIS has 270 seconds left.
|inactive|Sirpeanutcronch has 150 seconds left.
|
|t:|1760879426
|switch|p1a: Ogerpon|Ogerpon-Wellspring, F|100/100
|-damage|p1a: Ogerpon|88/100|[from] Spikes
|move|p2a: Garchomp|Earthquake|p1a: Ogerpon
|-resisted|p1a: Ogerpon
|-crit|p1a: Ogerpon
|-damage|p1a: Ogerpon|47/100
|
|-end|p2a: Garchomp|move: Taunt
|upkeep
|turn|15
|
|t:|1760879438
|move|p1a: Ogerpon|Ivy Cudgel|p2a: Garchomp|[anim] Ivy Cudgel Water
|-damage|p2a: Garchomp|57/100
|move|p2a: Garchomp|Dragon Tail|p1a: Ogerpon
|-damage|p1a: Ogerpon|29/100
|drag|p1a: Darkrai|Darkrai|100/100
|-damage|p1a: Darkrai|88/100|[from] Spikes
|
|upkeep
|turn|16
|
|t:|1760879449
|switch|p2a: Alomomola|Alomomola, M|100/100
|move|p1a: Darkrai|Dark Pulse|p2a: Alomomola
|-damage|p2a: Alomomola|78/100
|
|upkeep
|turn|17
|inactive|Sirpeanutcronch has 120 seconds left.
|
|t:|1760879484
|move|p1a: Darkrai|Nasty Plot|p1a: Darkrai
|-boost|p1a: Darkrai|spa|2
|move|p2a: Alomomola|Play Rough|p1a: Darkrai
|-supereffective|p1a: Darkrai
|-damage|p1a: Darkrai|66/100
|
|upkeep
|turn|18
|inactive|Sirpeanutcronch has 120 seconds left.
|
|t:|1760879509
|switch|p1a: Ogerpon|Ogerpon-Wellspring, F|29/100
|-damage|p1a: Ogerpon|17/100|[from] Spikes
|move|p2a: Alomomola|Flip Turn|p1a: Ogerpon
|-heal|p1a: Ogerpon|42/100|[from] ability: Water Absorb|[of] p2a: Alomomola
|
|-sideend|p1: Sirpeanutcronch|Reflect
|upkeep
|turn|19
|inactive|J0RIS has 240 seconds left.
|
|t:|1760879533
|move|p1a: Ogerpon|Swords Dance|p1a: Ogerpon
|-boost|p1a: Ogerpon|atk|2
|move|p2a: Alomomola|Body Slam|p1a: Ogerpon
|-damage|p1a: Ogerpon|23/100
|
|upkeep
|turn|20
|inactive|J0RIS has 240 seconds left.
|
|t:|1760879566
|switch|p2a: Garchomp|Garchomp, M|57/100
|move|p1a: Ogerpon|Ivy Cudgel|p2a: Garchomp|[anim] Ivy Cudgel Water
|-damage|p2a: Garchomp|0 fnt
|faint|p2a: Garchomp
|
|-sideend|p1: Sirpeanutcronch|move: Light Screen
|upkeep
|
|t:|1760879575
|switch|p2a: Zamazenta|Zamazenta|100/100
|-ability|p2a: Zamazenta|Dauntless Shield|boost
|-boost|p2a: Zamazenta|def|1
|turn|21
|
|t:|1760879587
|move|p2a: Zamazenta|Crunch|p1a: Ogerpon
|-damage|p1a: Ogerpon|0 fnt
|faint|p1a: Ogerpon
|
|upkeep
|
|t:|1760879607
|switch|p1a: Ceruledge|Ceruledge, F|100/100
|-damage|p1a: Ceruledge|88/100|[from] Spikes
|turn|22
|
|t:|1760879630
|move|p1a: Ceruledge|Swords Dance|p1a: Ceruledge
|-boost|p1a: Ceruledge|atk|2
|move|p2a: Zamazenta|Roar|p1a: Ceruledge
|drag|p1a: Deoxys|Deoxys-Speed|73/100 par
|-damage|p1a: Deoxys|61/100 par|[from] Spikes
|-ability|p1a: Deoxys|Pressure
|
|upkeep
|turn|23
|
|t:|1760879642
|move|p2a: Zamazenta|Crunch|p1a: Deoxys
|-supereffective|p1a: Deoxys
|-damage|p1a: Deoxys|0 fnt
|faint|p1a: Deoxys
|
|upkeep
|
|t:|1760879659
|switch|p1a: Ceruledge|Ceruledge, F|88/100
|-damage|p1a: Ceruledge|76/100|[from] Spikes
|turn|24
|inactive|J0RIS has 210 seconds left.
|
|t:|1760879686
|move|p1a: Ceruledge|Poltergeist|p2a: Zamazenta
|-activate|p2a: Zamazenta|move: Poltergeist|Leftovers
|-damage|p2a: Zamazenta|58/100
|-damage|p1a: Ceruledge|66/100|[from] item: Life Orb
|move|p2a: Zamazenta|Roar|p1a: Ceruledge
|drag|p1a: Darkrai|Darkrai|66/100
|-damage|p1a: Darkrai|54/100|[from] Spikes
|
|-heal|p2a: Zamazenta|64/100|[from] item: Leftovers
|upkeep
|turn|25
|inactive|J0RIS has 210 seconds left.
|inactive|Sirpeanutcronch has 90 seconds left.
|inactive|Sirpeanutcronch has 60 seconds left.
|
|t:|1760879762
|move|p2a: Zamazenta|Close Combat|p1a: Darkrai
|-supereffective|p1a: Darkrai
|-damage|p1a: Darkrai|0 fnt
|-unboost|p2a: Zamazenta|def|1
|-unboost|p2a: Zamazenta|spd|1
|faint|p1a: Darkrai
|
|-heal|p2a: Zamazenta|70/100|[from] item: Leftovers
|upkeep
|inactive|Sirpeanutcronch has 30 seconds left.
|inactive|Sirpeanutcronch has 20 seconds left.
|inactive|Sirpeanutcronch has 15 seconds left.
|
|t:|1760879787
|switch|p1a: Great Tusk|Great Tusk|100/100
|-damage|p1a: Great Tusk|88/100|[from] Spikes
|-enditem|p1a: Great Tusk|Booster Energy
|-activate|p1a: Great Tusk|ability: Protosynthesis|[fromitem]
|-start|p1a: Great Tusk|protosynthesisspe
|turn|26
|inactive|Sirpeanutcronch has 25 seconds left this turn.
|inactive|Sirpeanutcronch has 20 seconds left.
|
|t:|1760879794
|move|p1a: Great Tusk|Headlong Rush|p2a: Zamazenta
|-damage|p2a: Zamazenta|25/100
|-unboost|p1a: Great Tusk|def|1
|-unboost|p1a: Great Tusk|spd|1
|move|p2a: Zamazenta|Roar|p1a: Great Tusk
|-end|p1a: Great Tusk|Protosynthesis|[silent]
|drag|p1a: Ceruledge|Ceruledge, F|66/100
|-damage|p1a: Ceruledge|53/100|[from] Spikes
|
|-heal|p2a: Zamazenta|31/100|[from] item: Leftovers
|upkeep
|turn|27
|inactive|Sirpeanutcronch has 30 seconds left this turn.
|inactive|J0RIS has 210 seconds left.
|
|t:|1760879817
|switch|p1a: Great Tusk|Great Tusk|88/100
|-damage|p1a: Great Tusk|76/100|[from] Spikes
|move|p2a: Zamazenta|Crunch|p1a: Great Tusk
|-resisted|p1a: Great Tusk
|-damage|p1a: Great Tusk|67/100
|-unboost|p1a: Great Tusk|def|1
|
|-heal|p2a: Zamazenta|37/100|[from] item: Leftovers
|upkeep
|turn|28
|inactive|J0RIS has 210 seconds left.
|
|t:|1760879843
|move|p2a: Zamazenta|Close Combat|p1a: Great Tusk
|-damage|p1a: Great Tusk|14/100
|-unboost|p2a: Zamazenta|def|1
|-unboost|p2a: Zamazenta|spd|1
|move|p1a: Great Tusk|Headlong Rush|p2a: Zamazenta
|-damage|p2a: Zamazenta|0 fnt
|-unboost|p1a: Great Tusk|def|1
|-unboost|p1a: Great Tusk|spd|1
|faint|p2a: Zamazenta
|
|upkeep
|
|t:|1760879857
|switch|p2a: Pecharunt|Pecharunt|100/100
|turn|29
|
|t:|1760879861
|move|p2a: Pecharunt|Shadow Ball|p1a: Great Tusk
|-damage|p1a: Great Tusk|0 fnt
|faint|p1a: Great Tusk
|-end|p1a: Great Tusk|Protosynthesis|[silent]
|
|upkeep
|
|t:|1760879863
|switch|p1a: Ceruledge|Ceruledge, F|53/100
|-damage|p1a: Ceruledge|41/100|[from] Spikes
|turn|30
|inactive|Sirpeanutcronch has 60 seconds left.
|inactive|J0RIS has 210 seconds left.
|
|t:|1760879872
|-terastallize|p2a: Pecharunt|Ghost
|move|p2a: Pecharunt|Shadow Ball|p1a: Ceruledge
|-supereffective|p1a: Ceruledge
|-damage|p1a: Ceruledge|0 fnt
|faint|p1a: Ceruledge
|
|win|J0RIS
|c|☆Sirpeanutcronch|gg
|c|☆J0RIS|gg
|player|p1|
