|j|☆Log God Neo✈️_✈️
|j|☆ractars
|t:|1760720849
|gametype|singles
|player|p1|Log God Neo✈️_✈️|medium|1458
|player|p2|ractars|101|1495
|gen|9
|tier|[Gen 9] OU
|rated|
|rule|HP Percentage Mod: HP is shown in percentages
|rule|Endless Battle Clause: Forcing endless battles is banned
|rule|Species Clause: Limit one of each Pokémon
|rule|OHKO Clause: OHKO moves are banned
|rule|Evasion Items Clause: Evasion items are banned
|rule|Evasion Moves Clause: Evasion moves are banned
|rule|Evasion Abilities Clause: Evasion abilities are banned
|rule|Sleep Moves Clause: Sleep-inducing moves are banned
|clearpoke
|poke|p1|Tyranitar, F|
|poke|p1|Iron Moth|
|poke|p1|Staraptor, M|
|poke|p1|Garchomp, M|
|poke|p1|Torkoal, M|
|poke|p1|Dragonite, M|
|poke|p2|Volcanion|
|poke|p2|Garchomp, F|
|poke|p2|Zapdos|
|poke|p2|Metagross|
|poke|p2|Darkrai|
|poke|p2|Mimikyu, F|
|teampreview
|inactive|Battle timer is ON: inactive players will automatically lose when time's up. (requested by Log God Neo✈️_✈️)
|
|t:|1760720856
|teamsize|p1|6
|teamsize|p2|6
|start
|switch|p1a: BIRD JESUS|Staraptor, M, shiny|100/100
|switch|p2a: Volcanion|Volcanion|100/100
|turn|1
|
|t:|1760720872
|move|p1a: BIRD JESUS|Double-Edge|p2a: Volcanion
|-damage|p2a: Volcanion|10/100
|-damage|p1a: BIRD JESUS|66/100|[from] Recoil
|move|p2a: Volcanion|Focus Blast|p1a: BIRD JESUS|[miss]
|-miss|p2a: Volcanion|p1a: BIRD JESUS
|
|upkeep
|turn|2
|
|t:|1760720882
|switch|p2a: Garchomp|Garchomp, F|100/100
|move|p1a: BIRD JESUS|Double-Edge|p2a: Garchomp
|-damage|p2a: Garchomp|0 fnt
|-damage|p1a: BIRD JESUS|53/100|[from] ability: Rough Skin|[of] p2a: Garchomp
|-damage|p1a: BIRD JESUS|37/100|[from] item: Rocky Helmet|[of] p2a: Garchomp
|faint|p2a: Garchomp
|-damage|p1a: BIRD JESUS|0 fnt|[from] Recoil
|faint|p1a: BIRD JESUS
|
|upkeep
|
|t:|1760720905
|switch|p2a: Volcanion|Volcanion|10/100
|switch|p1a: BLITZ SOME OPPS|Garchomp, M|100/100
|turn|3
|
|t:|1760720913
|move|p1a: BLITZ SOME OPPS|Breaking Swipe|p2a: Volcanion
|-damage|p2a: Volcanion|0 fnt
|faint|p2a: Volcanion
|
|upkeep
|
|t:|1760720918
|switch|p2a: Mimikyu|Mimikyu, F|100/100
|turn|4
|
|t:|1760720923
|switch|p1a: OVO CHUBBS|Torkoal, M|100/100
|-weather|SunnyDay|[from] ability: Drought|[of] p1a: OVO CHUBBS
|move|p2a: Mimikyu|Swords Dance|p2a: Mimikyu
|-boost|p2a: Mimikyu|atk|2
|
|-weather|SunnyDay|[upkeep]
|upkeep
|turn|5
|
|t:|1760720933
|move|p2a: Mimikyu|Swords Dance|p2a: Mimikyu
|-boost|p2a: Mimikyu|atk|2
|move|p1a: OVO CHUBBS|Will-O-Wisp|p2a: Mimikyu
|-status|p2a: Mimikyu|brn
|
|-weather|SunnyDay|[upkeep]
|-damage|p2a: Mimikyu|95/100 brn|[from] brn
|upkeep
|turn|6
|
|t:|1760720943
|move|p2a: Mimikyu|Play Rough|p1a: OVO CHUBBS|[miss]
|-miss|p2a: Mimikyu|p1a: OVO CHUBBS
|move|p1a: OVO CHUBBS|Clear Smog|p2a: Mimikyu
|-activate|p2a: Mimikyu|ability: Disguise
|-damage|p2a: Mimikyu|95/100 brn
|-clearboost|p2a: Mimikyu
|detailschange|p2a: Mimikyu|Mimikyu-Busted, F
|-damage|p2a: Mimikyu|82/100 brn|[from] pokemon: Mimikyu-Busted
|-enditem|p2a: Mimikyu|Red Card|[of] p1a: OVO CHUBBS
|drag|p1a: BLITZ SOME OPPS|Garchomp, M|100/100
|
|-weather|SunnyDay|[upkeep]
|-damage|p2a: Mimikyu|76/100 brn|[from] brn
|upkeep
|turn|7
|
|t:|1760720962
|move|p2a: Mimikyu|Play Rough|p1a: BLITZ SOME OPPS
|-supereffective|p1a: BLITZ SOME OPPS
|-damage|p1a: BLITZ SOME OPPS|77/100
|-unboost|p1a: BLITZ SOME OPPS|atk|1
|-damage|p2a: Mimikyu|64/100 brn|[from] ability: Rough Skin|[of] p1a: BLITZ SOME OPPS
|-damage|p2a: Mimikyu|48/100 brn|[from] item: Rocky Helmet|[of] p1a: BLITZ SOME OPPS
|move|p1a: BLITZ SOME OPPS|Stealth Rock|p2a: Mimikyu
|-sidestart|p2: ractars|move: Stealth Rock
|
|-weather|SunnyDay|[upkeep]
|-damage|p2a: Mimikyu|42/100 brn|[from] brn
|upkeep
|turn|8
|
|t:|1760720976
|move|p2a: Mimikyu|Play Rough|p1a: BLITZ SOME OPPS
|-supereffective|p1a: BLITZ SOME OPPS
|-damage|p1a: BLITZ SOME OPPS|55/100
|-unboost|p1a: BLITZ SOME OPPS|atk|1
|-damage|p2a: Mimikyu|29/100 brn|[from] ability: Rough Skin|[of] p1a: BLITZ SOME OPPS
|-damage|p2a: Mimikyu|13/100 brn|[from] item: Rocky Helmet|[of] p1a: BLITZ SOME OPPS
|move|p1a: BLITZ SOME OPPS|Spikes|p2a: Mimikyu
|-sidestart|p2: ractars|Spikes
|
|-weather|none
|-damage|p2a: Mimikyu|7/100 brn|[from] brn
|upkeep
|turn|9
|
|t:|1760720989
|move|p2a: Mimikyu|Play Rough|p1a: BLITZ SOME OPPS
|-supereffective|p1a: BLITZ SOME OPPS
|-damage|p1a: BLITZ SOME OPPS|34/100
|-damage|p2a: Mimikyu|0 fnt|[from] ability: Rough Skin|[of] p1a: BLITZ SOME OPPS
|faint|p2a: Mimikyu
|move|p1a: BLITZ SOME OPPS|Spikes|p2: Mimikyu
|-sidestart|p2: ractars|Spikes
|
|upkeep
|
|t:|1760720999
|switch|p2a: Metagross|Metagross|100/100
|-damage|p2a: Metagross|94/100|[from] Stealth Rock
|-damage|p2a: Metagross|78/100|[from] Spikes
|turn|10
|
|t:|1760721013
|-terastallize|p2a: Metagross|Water
|move|p1a: BLITZ SOME OPPS|Breaking Swipe|p2a: Metagross
|-damage|p2a: Metagross|67/100
|move|p2a: Metagross|Earthquake|p1a: BLITZ SOME OPPS
|-damage|p1a: BLITZ SOME OPPS|8/100
|
|upkeep
|turn|11
|
|t:|1760721022
|move|p2a: Metagross|Bullet Punch|p1a: BLITZ SOME OPPS
|-damage|p1a: BLITZ SOME OPPS|0 fnt
|-damage|p2a: Metagross|55/100|[from] ability: Rough Skin|[of] p1a: BLITZ SOME OPPS
|-damage|p2a: Metagross|38/100|[from] item: Rocky Helmet|[of] p1a: BLITZ SOME OPPS
|faint|p1a: BLITZ SOME OPPS
|
|upkeep
|
|t:|1760721025
|switch|p1a: VODECi IV|Iron Moth|100/100
|turn|12
|
|t:|1760721032
|move|p1a: VODECi IV|Sludge Wave|p2a: Metagross
|-damage|p2a: Metagross|0 fnt
|faint|p2a: Metagross
|
|upkeep
|
|t:|1760721038
|switch|p2a: Zapdos|Zapdos|100/100
|-ability|p2a: Zapdos|Pressure
|turn|13
|
|t:|1760721043
|move|p2a: Zapdos|Hurricane|p1a: VODECi IV|[miss]
|-miss|p2a: Zapdos|p1a: VODECi IV
|move|p1a: VODECi IV|Sludge Wave|p2a: Zapdos
|-damage|p2a: Zapdos|2/100
|
|upkeep
|turn|14
|-message|ractars forfeited.
|
|win|Log God Neo✈️_✈️
|raw|Log God Neo✈️_✈️'s rating: 1458 &rarr; <strong>1480</strong><br />(+22 for winning)
|raw|ractars's rating: 1495 &rarr; <strong>1473</strong><br />(-22 for losing)
|l|☆ractars
|player|p2|
|l|☆Log God Neo✈️_✈️
|player|p1|
