|j|☆Bann3d4life
|j|☆chizm.eze09
|t:|1760817649
|gametype|singles
|player|p1|Bann3d4life|emmet|1432
|player|p2|chizm.eze09|170|1404
|gen|9
|tier|[Gen 9] OU
|rated|
|rule|HP Percentage Mod: HP is shown in percentages
|rule|Endless Battle Clause: Forcing endless battles is banned
|rule|Species Clause: Limit one of each Pokémon
|rule|OHKO Clause: OHKO moves are banned
|rule|Evasion Items Clause: Evasion items are banned
|rule|Evasion Moves Clause: Evasion moves are banned
|rule|Evasion Abilities Clause: Evasion abilities are banned
|rule|Sleep Moves Clause: Sleep-inducing moves are banned
|clearpoke
|poke|p1|Zarude-Dada|
|poke|p1|Fezandipiti, M|
|poke|p1|Heatran, M|
|poke|p1|Ninetales, M|
|poke|p1|Great Tusk|
|poke|p1|Walking Wake|
|poke|p2|Greninja-*, M|
|poke|p2|Deoxys-Speed|
|poke|p2|Iron Valiant|
|poke|p2|Raging Bolt|
|poke|p2|Gholdengo|
|poke|p2|Great Tusk|
|teampreview
|inactive|Battle timer is ON: inactive players will automatically lose when time's up. (requested by Bann3d4life)
|
|t:|1760817674
|teamsize|p1|6
|teamsize|p2|6
|start
|switch|p1a: Ninetales|Ninetales, M|100/100
|switch|p2a: Deoxys|Deoxys-Speed|100/100
|-ability|p2a: Deoxys|Pressure
|-weather|SunnyDay|[from] ability: Drought|[of] p1a: Ninetales
|turn|1
|
|t:|1760817685
|switch|p1a: Zarude|Zarude-Dada|100/100
|move|p2a: Deoxys|Spikes|p1a: Zarude
|-sidestart|p1: Bann3d4life|Spikes
|
|-weather|SunnyDay|[upkeep]
|upkeep
|turn|2
|
|t:|1760817692
|move|p2a: Deoxys|Stealth Rock|p1a: Zarude
|-sidestart|p1: Bann3d4life|move: Stealth Rock
|move|p1a: Zarude|Knock Off|p2a: Deoxys
|-supereffective|p2a: Deoxys
|-enditem|p2a: Deoxys|Focus Sash
|-damage|p2a: Deoxys|1/100
|-damage|p1a: Zarude|91/100|[from] item: Life Orb
|
|-weather|SunnyDay|[upkeep]
|upkeep
|turn|3
|
|t:|1760817702
|move|p2a: Deoxys|Knock Off|p1a: Zarude
|-resisted|p1a: Zarude
|-damage|p1a: Zarude|80/100
|-enditem|p1a: Zarude|Life Orb|[from] move: Knock Off|[of] p2a: Deoxys
|move|p1a: Zarude|Knock Off|p2a: Deoxys
|-supereffective|p2a: Deoxys
|-damage|p2a: Deoxys|0 fnt
|faint|p2a: Deoxys
|
|-weather|SunnyDay|[upkeep]
|upkeep
|inactive|chizm.eze09 has 120 seconds left.
|
|t:|1760817728
|switch|p2a: Iron Valiant|Iron Valiant|100/100
|-enditem|p2a: Iron Valiant|Booster Energy
|-activate|p2a: Iron Valiant|ability: Quark Drive|[fromitem]
|-start|p2a: Iron Valiant|quarkdrivespe
|turn|4
|inactive|chizm.eze09 has 120 seconds left.
|
|t:|1760817738
|move|p2a: Iron Valiant|Swords Dance|p2a: Iron Valiant
|-boost|p2a: Iron Valiant|atk|2
|move|p1a: Zarude|Solar Blade||[still]
|-prepare|p1a: Zarude|Solar Blade
|-anim|p1a: Zarude|Solar Blade|p2a: Iron Valiant
|-damage|p2a: Iron Valiant|19/100
|
|-weather|SunnyDay|[upkeep]
|upkeep
|turn|5
|inactive|chizm.eze09 has 120 seconds left.
|
|t:|1760817752
|switch|p1a: Fezandipiti|Fezandipiti, M|100/100
|-damage|p1a: Fezandipiti|88/100|[from] Spikes
|-damage|p1a: Fezandipiti|76/100|[from] Stealth Rock
|move|p2a: Iron Valiant|Spirit Break|p1a: Fezandipiti
|-resisted|p1a: Fezandipiti
|-damage|p1a: Fezandipiti|42/100
|-unboost|p1a: Fezandipiti|spa|1
|-damage|p2a: Iron Valiant|3/100|[from] item: Rocky Helmet|[of] p1a: Fezandipiti
|
|-weather|SunnyDay|[upkeep]
|upkeep
|turn|6
|inactive|chizm.eze09 has 120 seconds left.
|
|t:|1760817767
|move|p2a: Iron Valiant|Close Combat|p1a: Fezandipiti
|-resisted|p1a: Fezandipiti
|-damage|p1a: Fezandipiti|14/100
|-unboost|p2a: Iron Valiant|def|1
|-unboost|p2a: Iron Valiant|spd|1
|-damage|p2a: Iron Valiant|0 fnt|[from] item: Rocky Helmet|[of] p1a: Fezandipiti
|faint|p2a: Iron Valiant
|-end|p2a: Iron Valiant|Quark Drive|[silent]
|move|p1a: Fezandipiti|U-turn|p2: Iron Valiant|[notarget]
|-fail|p1a: Fezandipiti
|
|-weather|SunnyDay|[upkeep]
|upkeep
|
|t:|1760817787
|switch|p2a: Greninja|Greninja, M|100/100
|turn|7
|
|t:|1760817794
|move|p2a: Greninja|Dark Pulse|p1a: Fezandipiti
|-resisted|p1a: Fezandipiti
|-damage|p1a: Fezandipiti|0 fnt
|faint|p1a: Fezandipiti
|-ability|p2a: Greninja|Battle Bond|boost
|-boost|p2a: Greninja|atk|1
|-boost|p2a: Greninja|spa|1
|-boost|p2a: Greninja|spe|1
|-activate|p2a: Greninja|ability: Battle Bond
|-damage|p2a: Greninja|91/100|[from] item: Life Orb
|
|-weather|SunnyDay|[upkeep]
|upkeep
|
|t:|1760817797
|switch|p1a: Zarude|Zarude-Dada|80/100
|-damage|p1a: Zarude|68/100|[from] Spikes
|-damage|p1a: Zarude|56/100|[from] Stealth Rock
|turn|8
|
|t:|1760817802
|move|p2a: Greninja|Ice Beam|p1a: Zarude
|-supereffective|p1a: Zarude
|-crit|p1a: Zarude
|-damage|p1a: Zarude|0 fnt
|faint|p1a: Zarude
|-damage|p2a: Greninja|81/100|[from] item: Life Orb
|
|-weather|none
|upkeep
|
|t:|1760817811
|switch|p1a: Ninetales|Ninetales, M|100/100
|-damage|p1a: Ninetales|88/100|[from] Spikes
|-damage|p1a: Ninetales|63/100|[from] Stealth Rock
|-weather|SunnyDay|[from] ability: Drought|[of] p1a: Ninetales
|turn|9
|
|t:|1760817817
|move|p2a: Greninja|Dark Pulse|p1a: Ninetales
|-damage|p1a: Ninetales|0 fnt
|faint|p1a: Ninetales
|-damage|p2a: Greninja|71/100|[from] item: Life Orb
|
|-weather|SunnyDay|[upkeep]
|upkeep
|
|t:|1760817821
|switch|p1a: Walking Wake|Walking Wake|100/100
|-damage|p1a: Walking Wake|88/100|[from] Spikes
|-damage|p1a: Walking Wake|76/100|[from] Stealth Rock
|-activate|p1a: Walking Wake|ability: Protosynthesis
|-start|p1a: Walking Wake|protosynthesisspe
|turn|10
|
|t:|1760817826
|move|p2a: Greninja|Dark Pulse|p1a: Walking Wake
|-damage|p1a: Walking Wake|30/100
|-damage|p2a: Greninja|61/100|[from] item: Life Orb
|move|p1a: Walking Wake|Draco Meteor|p2a: Greninja|[miss]
|-miss|p1a: Walking Wake|p2a: Greninja
|
|-weather|SunnyDay|[upkeep]
|upkeep
|turn|11
|
|t:|1760817836
|move|p2a: Greninja|Ice Beam|p1a: Walking Wake
|-damage|p1a: Walking Wake|0 fnt
|faint|p1a: Walking Wake
|-end|p1a: Walking Wake|Protosynthesis|[silent]
|-damage|p2a: Greninja|51/100|[from] item: Life Orb
|
|-weather|SunnyDay|[upkeep]
|upkeep
|
|t:|1760817842
|switch|p1a: Great Tusk|Great Tusk|100/100
|-damage|p1a: Great Tusk|88/100|[from] Spikes
|-damage|p1a: Great Tusk|85/100|[from] Stealth Rock
|-activate|p1a: Great Tusk|ability: Protosynthesis
|-start|p1a: Great Tusk|protosynthesisspe
|turn|12
|
|t:|1760817848
|-terastallize|p1a: Great Tusk|Ice
|move|p2a: Greninja|Ice Beam|p1a: Great Tusk
|-resisted|p1a: Great Tusk
|-damage|p1a: Great Tusk|49/100
|-damage|p2a: Greninja|42/100|[from] item: Life Orb
|move|p1a: Great Tusk|Rapid Spin|p2a: Greninja
|-damage|p2a: Greninja|15/100
|-boost|p1a: Great Tusk|spe|1
|-sideend|p1: Bann3d4life|Spikes|[from] move: Rapid Spin|[of] p1a: Great Tusk
|-sideend|p1: Bann3d4life|Stealth Rock|[from] move: Rapid Spin|[of] p1a: Great Tusk
|
|-weather|SunnyDay|[upkeep]
|-heal|p1a: Great Tusk|55/100|[from] item: Leftovers
|upkeep
|turn|13
|
|t:|1760817864
|-terastallize|p2a: Greninja|Water
|move|p2a: Greninja|Water Shuriken|p1a: Great Tusk
|-damage|p1a: Great Tusk|44/100
|-damage|p1a: Great Tusk|33/100
|-damage|p1a: Great Tusk|21/100
|-hitcount|p1a: Great Tusk|3
|-damage|p2a: Greninja|5/100|[from] item: Life Orb
|move|p1a: Great Tusk|Rapid Spin|p2a: Greninja
|-damage|p2a: Greninja|0 fnt
|-boost|p1a: Great Tusk|spe|1
|faint|p2a: Greninja
|
|-weather|SunnyDay|[upkeep]
|-heal|p1a: Great Tusk|28/100|[from] item: Leftovers
|upkeep
|
|t:|1760817872
|switch|p2a: Gholdengo|Gholdengo|100/100
|-item|p2a: Gholdengo|Air Balloon
|turn|14
|
|t:|1760817876
|move|p1a: Great Tusk|Ice Spinner|p2a: Gholdengo
|-resisted|p2a: Gholdengo
|-damage|p2a: Gholdengo|81/100
|-enditem|p2a: Gholdengo|Air Balloon
|move|p2a: Gholdengo|Shadow Ball|p1a: Great Tusk
|-damage|p1a: Great Tusk|0 fnt
|faint|p1a: Great Tusk
|-end|p1a: Great Tusk|Protosynthesis|[silent]
|
|-weather|SunnyDay|[upkeep]
|upkeep
|
|t:|1760817878
|switch|p1a: Heatran|Heatran, M|100/100
|-item|p1a: Heatran|Air Balloon
|turn|15
|
|t:|1760817884
|move|p2a: Gholdengo|Shadow Ball|p1a: Heatran
|-damage|p1a: Heatran|66/100
|-unboost|p1a: Heatran|spd|1
|-enditem|p1a: Heatran|Air Balloon
|move|p1a: Heatran|Magma Storm|p2a: Gholdengo
|-supereffective|p2a: Gholdengo
|-damage|p2a: Gholdengo|0 fnt
|faint|p2a: Gholdengo
|
|-weather|SunnyDay|[upkeep]
|upkeep
|
|t:|1760817894
|switch|p2a: Great Tusk|Great Tusk|100/100
|-activate|p2a: Great Tusk|ability: Protosynthesis
|-start|p2a: Great Tusk|protosynthesisatk
|turn|16
|
|t:|1760817896
|move|p2a: Great Tusk|Headlong Rush|p1a: Heatran
|-supereffective|p1a: Heatran
|-damage|p1a: Heatran|0 fnt
|-unboost|p2a: Great Tusk|def|1
|-unboost|p2a: Great Tusk|spd|1
|faint|p1a: Heatran
|
|win|chizm.eze09
|raw|Bann3d4life's rating: 1432 &rarr; <strong>1410</strong><br />(-22 for losing)
|raw|chizm.eze09's rating: 1404 &rarr; <strong>1426</strong><br />(+22 for winning)
|c|☆chizm.eze09|gg
|l|☆Bann3d4life
|player|p1|
|l|☆chizm.eze09
|player|p2|
