|badge|p2|bronze|gen9ou|100-7
|uhtml|medal-msg|<div class="broadcast-blue">Curious what those medals under the avatar are? PS now has Ladder Seasons! For more information, check out the <a href="https://www.smogon.com/forums/threads/3740067/">thread on Smogon.</a></div>
|j|☆gholdengofinance
|j|☆xdye
|t:|1760727286
|gametype|singles
|player|p1|gholdengofinance|leaf-masters2|1731
|player|p2|xdye|iris-gen5bw2|1848
|gen|9
|tier|[Gen 9] OU
|rated|
|rule|HP Percentage Mod: HP is shown in percentages
|rule|Endless Battle Clause: Forcing endless battles is banned
|rule|Species Clause: Limit one of each Pokémon
|rule|OHKO Clause: OHKO moves are banned
|rule|Evasion Items Clause: Evasion items are banned
|rule|Evasion Moves Clause: Evasion moves are banned
|rule|Evasion Abilities Clause: Evasion abilities are banned
|rule|Sleep Moves Clause: Sleep-inducing moves are banned
|clearpoke
|poke|p1|Armarouge, F|
|poke|p1|Great Tusk|
|poke|p1|Gholdengo|
|poke|p1|Landorus-Therian, M|
|poke|p1|Iron Crown|
|poke|p1|Samurott-Hisui, F|
|poke|p2|Blissey, F|
|poke|p2|Gliscor, M|
|poke|p2|Mandibuzz, F|
|poke|p2|Pecharunt|
|poke|p2|Talonflame, M|
|poke|p2|Toxapex, M|
|teampreview
|c|☆xdye|hf
|c|☆xdye|wait ur user is familiar
|j| john torkoal
|c|☆xdye|is this blim
|
|t:|1760727311
|teamsize|p1|6
|teamsize|p2|6
|start
|switch|p1a: Samurott|Samurott-Hisui, F|100/100
|switch|p2a: Toxapex|Toxapex, M|100/100
|turn|1
|
|t:|1760727318
|switch|p1a: Gholdengo|Gholdengo|100/100
|move|p2a: Toxapex|Toxic|p1a: Gholdengo
|-immune|p1a: Gholdengo|[from] ability: Good as Gold
|
|upkeep
|turn|2
|
|t:|1760727324
|move|p1a: Gholdengo|Thunder Wave|p2a: Toxapex
|-status|p2a: Toxapex|par
|move|p2a: Toxapex|Infestation|p1a: Gholdengo
|-resisted|p1a: Gholdengo
|-damage|p1a: Gholdengo|99/100
|-activate|p1a: Gholdengo|move: Infestation|[of] p2a: Toxapex
|
|-damage|p1a: Gholdengo|88/100|[from] move: Infestation|[partiallytrapped]
|upkeep
|turn|3
|
|t:|1760727334
|switch|p2a: Blissey|Blissey, F|100/100
|move|p1a: Gholdengo|Hex|p2a: Blissey
|-immune|p2a: Blissey
|
|-end|p1a: Gholdengo|Infestation|[partiallytrapped]|[silent]
|upkeep
|turn|4
|
|t:|1760727339
|switch|p1a: Samurott|Samurott-Hisui, F|100/100
|move|p2a: Blissey|Stealth Rock|p1a: Samurott
|-sidestart|p1: gholdengofinance|move: Stealth Rock
|
|upkeep
|turn|5
|
|t:|1760727343
|switch|p2a: Toxapex|Toxapex, M|100/100 par
|move|p1a: Samurott|Knock Off|p2a: Toxapex
|-damage|p2a: Toxapex|64/100 par
|-enditem|p2a: Toxapex|Heavy-Duty Boots|[from] move: Knock Off|[of] p1a: Samurott
|
|upkeep
|turn|6
|
|t:|1760727350
|switch|p1a: Gholdengo|Gholdengo|88/100
|move|p2a: Toxapex|Toxic|p1a: Gholdengo
|-immune|p1a: Gholdengo|[from] ability: Good as Gold
|
|upkeep
|turn|7
|
|t:|1760727356
|switch|p1a: Landorus|Landorus-Therian, M|100/100
|-damage|p1a: Landorus|88/100|[from] Stealth Rock
|-ability|p1a: Landorus|Intimidate|boost
|-unboost|p2a: Toxapex|atk|1
|switch|p2a: Gliscor|Gliscor, M|100/100
|
|-status|p2a: Gliscor|tox|[from] item: Toxic Orb
|upkeep
|turn|8
|
|t:|1760727359
|move|p1a: Landorus|Taunt|p2a: Gliscor
|-start|p2a: Gliscor|move: Taunt
|move|p2a: Gliscor|Knock Off|p1a: Landorus
|-damage|p1a: Landorus|67/100
|-damage|p2a: Gliscor|84/100 tox|[from] item: Rocky Helmet|[of] p1a: Landorus
|-enditem|p1a: Landorus|Rocky Helmet|[from] move: Knock Off|[of] p2a: Gliscor
|
|-heal|p2a: Gliscor|97/100 tox|[from] ability: Poison Heal
|upkeep
|turn|9
|
|t:|1760727362
|move|p1a: Landorus|Stealth Rock|p2a: Gliscor
|-sidestart|p2: xdye|move: Stealth Rock
|move|p2a: Gliscor|Knock Off|p1a: Landorus
|-damage|p1a: Landorus|54/100
|
|-heal|p2a: Gliscor|100/100 tox|[from] ability: Poison Heal
|upkeep
|turn|10
|
|t:|1760727365
|move|p1a: Landorus|U-turn|p2a: Gliscor
|-resisted|p2a: Gliscor
|-damage|p2a: Gliscor|93/100 tox
|
|t:|1760727366
|switch|p1a: Great Tusk|Great Tusk|100/100|[from] U-turn
|move|p2a: Gliscor|Knock Off|p1a: Great Tusk
|-resisted|p1a: Great Tusk
|-damage|p1a: Great Tusk|93/100
|-enditem|p1a: Great Tusk|Heavy-Duty Boots|[from] move: Knock Off|[of] p2a: Gliscor
|
|-heal|p2a: Gliscor|100/100 tox|[from] ability: Poison Heal
|-end|p2a: Gliscor|move: Taunt
|upkeep
|turn|11
|
|t:|1760727370
|switch|p2a: Talonflame|Talonflame, M|100/100
|move|p1a: Great Tusk|Ice Spinner|p2a: Talonflame
|-damage|p2a: Talonflame|77/100
|
|upkeep
|turn|12
|
|t:|1760727375
|move|p2a: Talonflame|Will-O-Wisp|p1a: Great Tusk
|-status|p1a: Great Tusk|brn
|move|p1a: Great Tusk|Knock Off|p2a: Talonflame
|-damage|p2a: Talonflame|61/100
|-enditem|p2a: Talonflame|Heavy-Duty Boots|[from] move: Knock Off|[of] p1a: Great Tusk
|
|-damage|p1a: Great Tusk|86/100 brn|[from] brn
|upkeep
|turn|13
|
|t:|1760727384
|-end|p1a: Great Tusk|Protosynthesis|[silent]
|switch|p1a: Gholdengo|Gholdengo|88/100
|move|p2a: Talonflame|Flamethrower|p1a: Gholdengo
|-supereffective|p1a: Gholdengo
|-damage|p1a: Gholdengo|43/100
|
|upkeep
|turn|14
|
|t:|1760727386
|-terastallize|p1a: Gholdengo|Fairy
|move|p2a: Talonflame|Flamethrower|p1a: Gholdengo
|-damage|p1a: Gholdengo|21/100
|move|p1a: Gholdengo|Thunder Wave|p2a: Talonflame
|-status|p2a: Talonflame|par
|
|upkeep
|turn|15
|
|t:|1760727396
|move|p1a: Gholdengo|Recover|p1a: Gholdengo
|-heal|p1a: Gholdengo|71/100
|cant|p2a: Talonflame|par
|
|upkeep
|turn|16
|
|t:|1760727404
|switch|p2a: Gliscor|Gliscor, M|100/100 tox
|-damage|p2a: Gliscor|88/100 tox|[from] Stealth Rock
|move|p1a: Gholdengo|Hex|p2a: Gliscor
|-damage|p2a: Gliscor|36/100 tox
|
|-heal|p2a: Gliscor|48/100 tox|[from] ability: Poison Heal
|upkeep
|turn|17
|
|t:|1760727410
|move|p2a: Gliscor|Protect|p2a: Gliscor
|-singleturn|p2a: Gliscor|Protect
|move|p1a: Gholdengo|Hex|p2a: Gliscor
|-activate|p2a: Gliscor|move: Protect
|
|-heal|p2a: Gliscor|61/100 tox|[from] ability: Poison Heal
|upkeep
|turn|18
|
|t:|1760727416
|switch|p2a: Blissey|Blissey, F|100/100
|switch|p1a: Samurott|Samurott-Hisui, F|100/100
|-damage|p1a: Samurott|88/100|[from] Stealth Rock
|
|upkeep
|turn|19
|
|t:|1760727425
|switch|p2a: Talonflame|Talonflame, M|61/100 par
|-damage|p2a: Talonflame|11/100 par|[from] Stealth Rock
|move|p1a: Samurott|Knock Off|p2a: Talonflame
|-damage|p2a: Talonflame|0 fnt
|faint|p2a: Talonflame
|
|upkeep
|
|t:|1760727428
|switch|p2a: Toxapex|Toxapex, M|97/100 par
|-damage|p2a: Toxapex|85/100 par|[from] Stealth Rock
|turn|20
|
|t:|1760727431
|switch|p1a: Gholdengo|Gholdengo, tera:Fairy|71/100
|move|p2a: Toxapex|Toxic|p1a: Gholdengo
|-immune|p1a: Gholdengo|[from] ability: Good as Gold
|
|upkeep
|turn|21
|
|t:|1760727434
|switch|p1a: Great Tusk|Great Tusk|86/100 brn
|-damage|p1a: Great Tusk|84/100 brn|[from] Stealth Rock
|switch|p2a: Blissey|Blissey, F|100/100
|
|-damage|p1a: Great Tusk|77/100 brn|[from] brn
|upkeep
|turn|22
|
|t:|1760727438
|switch|p2a: Pecharunt|Pecharunt|100/100
|move|p1a: Great Tusk|Knock Off|p2a: Pecharunt
|-supereffective|p2a: Pecharunt
|-damage|p2a: Pecharunt|84/100
|-enditem|p2a: Pecharunt|Heavy-Duty Boots|[from] move: Knock Off|[of] p1a: Great Tusk
|
|-damage|p1a: Great Tusk|71/100 brn|[from] brn
|upkeep
|turn|23
|
|t:|1760727444
|move|p1a: Great Tusk|Headlong Rush|p2a: Pecharunt
|-supereffective|p2a: Pecharunt
|-damage|p2a: Pecharunt|54/100
|-unboost|p1a: Great Tusk|def|1
|-unboost|p1a: Great Tusk|spd|1
|move|p2a: Pecharunt|Malignant Chain|p1a: Great Tusk
|-resisted|p1a: Great Tusk
|-damage|p1a: Great Tusk|33/100 brn
|
|-damage|p1a: Great Tusk|27/100 brn|[from] brn
|upkeep
|turn|24
|
|t:|1760727450
|-end|p1a: Great Tusk|Protosynthesis|[silent]
|switch|p1a: Landorus|Landorus-Therian, M|54/100
|-damage|p1a: Landorus|42/100|[from] Stealth Rock
|-ability|p1a: Landorus|Intimidate|boost
|-unboost|p2a: Pecharunt|atk|1
|move|p2a: Pecharunt|Malignant Chain|p1a: Landorus
|-resisted|p1a: Landorus
|-damage|p1a: Landorus|25/100
|
|upkeep
|turn|25
|
|t:|1760727458
|switch|p2a: Gliscor|Gliscor, M|61/100 tox
|-damage|p2a: Gliscor|48/100 tox|[from] Stealth Rock
|move|p1a: Landorus|Sandsear Storm|p2a: Gliscor
|-immune|p2a: Gliscor
|
|-heal|p2a: Gliscor|61/100 tox|[from] ability: Poison Heal
|upkeep
|turn|26
|
|t:|1760727461
|move|p1a: Landorus|U-turn|p2a: Gliscor
|-resisted|p2a: Gliscor
|-damage|p2a: Gliscor|53/100 tox
|
|t:|1760727464
|switch|p1a: Great Tusk|Great Tusk|27/100 brn|[from] U-turn
|-damage|p1a: Great Tusk|24/100 brn|[from] Stealth Rock
|move|p2a: Gliscor|Spikes|p1a: Great Tusk
|-sidestart|p1: gholdengofinance|Spikes
|
|-heal|p2a: Gliscor|66/100 tox|[from] ability: Poison Heal
|-damage|p1a: Great Tusk|18/100 brn|[from] brn
|upkeep
|turn|27
|
|t:|1760727467
|move|p2a: Gliscor|Protect|p2a: Gliscor
|-singleturn|p2a: Gliscor|Protect
|move|p1a: Great Tusk|Ice Spinner|p2a: Gliscor
|-activate|p2a: Gliscor|move: Protect
|
|-heal|p2a: Gliscor|78/100 tox|[from] ability: Poison Heal
|-damage|p1a: Great Tusk|12/100 brn|[from] brn
|upkeep
|turn|28
|
|t:|1760727471
|switch|p2a: Pecharunt|Pecharunt|54/100
|-damage|p2a: Pecharunt|42/100|[from] Stealth Rock
|move|p1a: Great Tusk|Headlong Rush|p2a: Pecharunt
|-supereffective|p2a: Pecharunt
|-damage|p2a: Pecharunt|13/100
|-unboost|p1a: Great Tusk|def|1
|-unboost|p1a: Great Tusk|spd|1
|
|-damage|p1a: Great Tusk|6/100 brn|[from] brn
|upkeep
|turn|29
|
|t:|1760727481
|move|p1a: Great Tusk|Headlong Rush|p2a: Pecharunt
|-supereffective|p2a: Pecharunt
|-damage|p2a: Pecharunt|0 fnt
|-unboost|p1a: Great Tusk|def|1
|-unboost|p1a: Great Tusk|spd|1
|faint|p2a: Pecharunt
|
|-damage|p1a: Great Tusk|0 fnt|[from] brn
|faint|p1a: Great Tusk
|-end|p1a: Great Tusk|Protosynthesis|[silent]
|upkeep
|
|t:|1760727488
|switch|p1a: Gholdengo|Gholdengo, tera:Fairy|71/100
|switch|p2a: Toxapex|Toxapex, M|100/100 par
|-damage|p2a: Toxapex|88/100 par|[from] Stealth Rock
|turn|30
|j| nonchalantbufalant
|
|t:|1760727492
|switch|p2a: Blissey|Blissey, F|100/100
|move|p1a: Gholdengo|Hex|p2a: Blissey
|-immune|p2a: Blissey
|
|upkeep
|turn|31
|
|t:|1760727497
|switch|p1a: Landorus|Landorus-Therian, M|25/100
|-damage|p1a: Landorus|13/100|[from] Stealth Rock
|-ability|p1a: Landorus|Intimidate|boost
|-unboost|p2a: Blissey|atk|1
|move|p2a: Blissey|Shadow Ball|p1a: Landorus
|-crit|p1a: Landorus
|-damage|p1a: Landorus|0 fnt
|faint|p1a: Landorus
|
|upkeep
|
|t:|1760727498
|switch|p1a: Samurott|Samurott-Hisui, F|88/100
|-damage|p1a: Samurott|75/100|[from] Stealth Rock
|-damage|p1a: Samurott|63/100|[from] Spikes
|turn|32
|
|t:|1760727503
|switch|p2a: Toxapex|Toxapex, M|100/100 par
|-damage|p2a: Toxapex|88/100 par|[from] Stealth Rock
|move|p1a: Samurott|Ceaseless Edge|p2a: Toxapex
|-damage|p2a: Toxapex|50/100 par
|-sidestart|p2: xdye|Spikes
|
|upkeep
|turn|33
|
|t:|1760727506
|move|p1a: Samurott|Ceaseless Edge|p2a: Toxapex
|-damage|p2a: Toxapex|13/100 par
|-sidestart|p2: xdye|Spikes
|move|p2a: Toxapex|Toxic|p1a: Samurott
|-status|p1a: Samurott|tox
|
|-damage|p1a: Samurott|57/100 tox|[from] psn
|upkeep
|turn|34
|
|t:|1760727517
|switch|p2a: Mandibuzz|Mandibuzz, F|100/100
|move|p1a: Samurott|Razor Shell|p2a: Mandibuzz
|-damage|p2a: Mandibuzz|67/100
|
|-damage|p1a: Samurott|44/100 tox|[from] psn
|upkeep
|turn|35
|
|t:|1760727524
|switch|p1a: Gholdengo|Gholdengo, tera:Fairy|71/100
|move|p2a: Mandibuzz|Roost|p2a: Mandibuzz
|-heal|p2a: Mandibuzz|100/100
|-singleturn|p2a: Mandibuzz|move: Roost
|
|upkeep
|turn|36
|
|t:|1760727529
|switch|p1a: Samurott|Samurott-Hisui, F|44/100 tox
|-damage|p1a: Samurott|32/100 tox|[from] Stealth Rock
|-damage|p1a: Samurott|19/100 tox|[from] Spikes
|switch|p2a: Blissey|Blissey, F|100/100
|
|-damage|p1a: Samurott|13/100 tox|[from] psn
|upkeep
|turn|37
|
|t:|1760727537
|switch|p2a: Toxapex|Toxapex, M|46/100 par
|-damage|p2a: Toxapex|34/100 par|[from] Stealth Rock
|-damage|p2a: Toxapex|17/100 par|[from] Spikes
|move|p1a: Samurott|Ceaseless Edge|p2a: Toxapex
|-damage|p2a: Toxapex|0 fnt
|-sidestart|p2: xdye|Spikes
|faint|p2a: Toxapex
|
|-damage|p1a: Samurott|0 fnt|[from] psn
|faint|p1a: Samurott
|upkeep
|
|t:|1760727551
|switch|p1a: Armarouge|Armarouge, F|100/100
|switch|p2a: Blissey|Blissey, F|100/100
|-damage|p1a: Armarouge|76/100|[from] Stealth Rock
|-damage|p1a: Armarouge|64/100|[from] Spikes
|turn|38
|
|t:|1760727554
|move|p1a: Armarouge|Trick|p2a: Blissey
|-activate|p1a: Armarouge|move: Trick|[of] p2a: Blissey
|-item|p2a: Blissey|Choice Specs|[from] move: Trick
|-item|p1a: Armarouge|Heavy-Duty Boots|[from] move: Trick
|move|p2a: Blissey|Calm Mind|p2a: Blissey
|-boost|p2a: Blissey|spa|1
|-boost|p2a: Blissey|spd|1
|
|upkeep
|turn|39
|c| nonchalantbufalant|this blissey a threat now
|j| 0WithdrawalSyndrom
|
|t:|1760727597
|move|p1a: Armarouge|Armor Cannon|p2a: Blissey
|-damage|p2a: Blissey|89/100
|-unboost|p1a: Armarouge|def|1
|-unboost|p1a: Armarouge|spd|1
|move|p2a: Blissey|Calm Mind|p2a: Blissey
|-boost|p2a: Blissey|spa|1
|-boost|p2a: Blissey|spd|1
|
|upkeep
|turn|40
|
|t:|1760727643
|switch|p1a: Iron Crown|Iron Crown|100/100
|-damage|p1a: Iron Crown|94/100|[from] Stealth Rock
|-damage|p1a: Iron Crown|82/100|[from] Spikes
|-enditem|p1a: Iron Crown|Booster Energy
|-activate|p1a: Iron Crown|ability: Quark Drive|[fromitem]
|-start|p1a: Iron Crown|quarkdrivespe
|switch|p2a: Mandibuzz|Mandibuzz, F|100/100
|
|upkeep
|turn|41
|
|t:|1760727646
|move|p1a: Iron Crown|Calm Mind|p1a: Iron Crown
|-boost|p1a: Iron Crown|spa|1
|-boost|p1a: Iron Crown|spd|1
|move|p2a: Mandibuzz|Foul Play|p1a: Iron Crown
|-supereffective|p1a: Iron Crown
|-damage|p1a: Iron Crown|39/100
|
|upkeep
|turn|42
|
|t:|1760727650
|move|p1a: Iron Crown|Tachyon Cutter|p2a: Mandibuzz
|-damage|p2a: Mandibuzz|73/100
|-damage|p2a: Mandibuzz|44/100
|-hitcount|p2a: Mandibuzz|2
|move|p2a: Mandibuzz|Foul Play|p1a: Iron Crown
|-supereffective|p1a: Iron Crown
|-damage|p1a: Iron Crown|0 fnt
|faint|p1a: Iron Crown
|-end|p1a: Iron Crown|Quark Drive|[silent]
|
|upkeep
|
|t:|1760727653
|switch|p1a: Gholdengo|Gholdengo, tera:Fairy|71/100
|turn|43
|
|t:|1760727665
|move|p1a: Gholdengo|Dazzling Gleam|p2a: Mandibuzz
|-supereffective|p2a: Mandibuzz
|-damage|p2a: Mandibuzz|0 fnt
|faint|p2a: Mandibuzz
|
|upkeep
|
|t:|1760727679
|switch|p2a: Gliscor|Gliscor, M|78/100 tox
|-damage|p2a: Gliscor|66/100 tox|[from] Stealth Rock
|turn|44
|
|t:|1760727690
|move|p2a: Gliscor|Earthquake|p1a: Gholdengo
|-damage|p1a: Gholdengo|49/100
|move|p1a: Gholdengo|Hex|p2a: Gliscor
|-damage|p2a: Gliscor|11/100 tox
|
|-heal|p2a: Gliscor|23/100 tox|[from] ability: Poison Heal
|upkeep
|turn|45
|
|t:|1760727695
|move|p2a: Gliscor|Earthquake|p1a: Gholdengo
|-damage|p1a: Gholdengo|25/100
|move|p1a: Gholdengo|Recover|p1a: Gholdengo
|-heal|p1a: Gholdengo|75/100
|
|-heal|p2a: Gliscor|36/100 tox|[from] ability: Poison Heal
|upkeep
|turn|46
|
|t:|1760727698
|move|p2a: Gliscor|Earthquake|p1a: Gholdengo
|-crit|p1a: Gholdengo
|-damage|p1a: Gholdengo|43/100
|move|p1a: Gholdengo|Dazzling Gleam|p2a: Gliscor
|-damage|p2a: Gliscor|4/100 tox
|
|-heal|p2a: Gliscor|17/100 tox|[from] ability: Poison Heal
|upkeep
|turn|47
|
|t:|1760727701
|move|p2a: Gliscor|Earthquake|p1a: Gholdengo
|-damage|p1a: Gholdengo|19/100
|move|p1a: Gholdengo|Recover|p1a: Gholdengo
|-heal|p1a: Gholdengo|69/100
|
|-heal|p2a: Gliscor|29/100 tox|[from] ability: Poison Heal
|upkeep
|turn|48
|
|t:|1760727705
|move|p2a: Gliscor|Protect|p2a: Gliscor
|-singleturn|p2a: Gliscor|Protect
|move|p1a: Gholdengo|Hex|p2a: Gliscor
|-activate|p2a: Gliscor|move: Protect
|
|-heal|p2a: Gliscor|42/100 tox|[from] ability: Poison Heal
|upkeep
|turn|49
|
|t:|1760727707
|move|p2a: Gliscor|Earthquake|p1a: Gholdengo
|-crit|p1a: Gholdengo
|-damage|p1a: Gholdengo|36/100
|move|p1a: Gholdengo|Hex|p2a: Gliscor
|-damage|p2a: Gliscor|0 fnt
|faint|p2a: Gliscor
|
|upkeep
|
|t:|1760727710
|switch|p2a: Blissey|Blissey, F|89/100
|-damage|p2a: Blissey|77/100|[from] Stealth Rock
|-damage|p2a: Blissey|52/100|[from] Spikes
|turn|50
|
|t:|1760727715
|move|p1a: Gholdengo|Recover|p1a: Gholdengo
|-heal|p1a: Gholdengo|86/100
|move|p2a: Blissey|Shadow Ball|p1a: Gholdengo
|-damage|p1a: Gholdengo|65/100
|-unboost|p1a: Gholdengo|spd|1
|
|upkeep
|turn|51
|
|t:|1760727718
|move|p1a: Gholdengo|Dazzling Gleam|p2a: Blissey
|-damage|p2a: Blissey|40/100
|move|p2a: Blissey|Shadow Ball|p1a: Gholdengo
|-damage|p1a: Gholdengo|30/100
|
|upkeep
|turn|52
|
|t:|1760727720
|move|p1a: Gholdengo|Dazzling Gleam|p2a: Blissey
|-damage|p2a: Blissey|30/100
|move|p2a: Blissey|Shadow Ball|p1a: Gholdengo
|-damage|p1a: Gholdengo|0 fnt
|faint|p1a: Gholdengo
|
|upkeep
|
|t:|1760727722
|switch|p1a: Armarouge|Armarouge, F|64/100
|turn|53
|c|☆xdye|gg
|
|t:|1760727733
|-terastallize|p2a: Blissey|Dark
|move|p1a: Armarouge|Psychic|p2a: Blissey
|-immune|p2a: Blissey
|move|p2a: Blissey|Shadow Ball|p1a: Armarouge
|-supereffective|p1a: Armarouge
|-damage|p1a: Armarouge|8/100
|-unboost|p1a: Armarouge|spd|1
|
|upkeep
|turn|54
|
|t:|1760727737
|move|p1a: Armarouge|Armor Cannon|p2a: Blissey
|-damage|p2a: Blissey|11/100
|-unboost|p1a: Armarouge|def|1
|-unboost|p1a: Armarouge|spd|1
|move|p2a: Blissey|Shadow Ball|p1a: Armarouge
|-supereffective|p1a: Armarouge
|-damage|p1a: Armarouge|0 fnt
|faint|p1a: Armarouge
|
|win|xdye
|raw|gholdengofinance's rating: 1731 &rarr; <strong>1717</strong><br />(-14 for losing)
|raw|xdye's rating: 1848 &rarr; <strong>1862</strong><br />(+14 for winning)
|l|☆gholdengofinance
|player|p1|
|l| john torkoal
|c|☆xdye|nonchalantbufalant
|c|☆xdye|u lowkey saved me there lol
|c|☆xdye|cuz I was like dang
|c|☆xdye|u right
|c|☆xdye|blissey is a threat
|c|☆xdye|lol
|c| nonchalantbufalant|lmao
|l|☆xdye
|player|p2|
|l| nonchalantbufalant
