|j|☆Dream54301
|j|☆KiwiTheKing
|t:|1760727181
|gametype|singles
|player|p1|Dream54301|lusamine-nihilego|1157
|player|p2|KiwiTheKing|265|1217
|gen|9
|tier|[Gen 9] OU
|rated|
|rule|HP Percentage Mod: HP is shown in percentages
|rule|Endless Battle Clause: Forcing endless battles is banned
|rule|Species Clause: Limit one of each Pokémon
|rule|OHKO Clause: OHKO moves are banned
|rule|Evasion Items Clause: Evasion items are banned
|rule|Evasion Moves Clause: Evasion moves are banned
|rule|Evasion Abilities Clause: Evasion abilities are banned
|rule|Sleep Moves Clause: Sleep-inducing moves are banned
|clearpoke
|poke|p1|Lapras, F|
|poke|p1|Rotom-Heat|
|poke|p1|Breloom, F|
|poke|p1|Gliscor, F|
|poke|p1|Mandibuzz, F|
|poke|p1|Magnezone|
|poke|p2|Raging Bolt|
|poke|p2|Mimikyu, F|
|poke|p2|Iron Treads|
|poke|p2|Kommo-o, F|
|poke|p2|Alomomola, F|
|poke|p2|Tornadus-Therian, M|
|teampreview
|inactive|Battle timer is ON: inactive players will automatically lose when time's up. (requested by KiwiTheKing)
|
|t:|1760727203
|teamsize|p1|6
|teamsize|p2|6
|start
|switch|p1a: Rotom|Rotom-Heat|100/100
|switch|p2a: Raging Bolt|Raging Bolt|100/100
|turn|1
|
|t:|1760727211
|move|p1a: Rotom|Trick|p2a: Raging Bolt
|-activate|p1a: Rotom|move: Trick|[of] p2a: Raging Bolt
|-item|p2a: Raging Bolt|Choice Scarf|[from] move: Trick
|-item|p1a: Rotom|Choice Specs|[from] move: Trick
|move|p2a: Raging Bolt|Draco Meteor|p1a: Rotom
|-damage|p1a: Rotom|0 fnt
|-unboost|p2a: Raging Bolt|spa|2
|faint|p1a: Rotom
|
|upkeep
|
|t:|1760727218
|switch|p1a: Lapras|Lapras, F|100/100
|turn|2
|
|t:|1760727227
|-end|p2a: Raging Bolt|Protosynthesis|[silent]
|switch|p2a: Tornadus|Tornadus-Therian, M|100/100
|move|p1a: Lapras|Freeze-Dry|p2a: Tornadus
|-supereffective|p2a: Tornadus
|-damage|p2a: Tornadus|71/100
|
|upkeep
|turn|3
|
|t:|1760727236
|move|p2a: Tornadus|Knock Off|p1a: Lapras
|-damage|p1a: Lapras|84/100
|-enditem|p1a: Lapras|Leftovers|[from] move: Knock Off|[of] p2a: Tornadus
|move|p1a: Lapras|Freeze-Dry|p2a: Tornadus
|-supereffective|p2a: Tornadus
|-damage|p2a: Tornadus|42/100
|
|upkeep
|turn|4
|
|t:|1760727243
|move|p2a: Tornadus|U-turn|p1a: Lapras
|-damage|p1a: Lapras|72/100
|
|t:|1760727247
|switch|p2a: Mimikyu|Mimikyu, F|100/100|[from] U-turn
|move|p1a: Lapras|Freeze-Dry|p2a: Mimikyu
|-activate|p2a: Mimikyu|ability: Disguise
|-damage|p2a: Mimikyu|100/100
|detailschange|p2a: Mimikyu|Mimikyu-Busted, F
|-damage|p2a: Mimikyu|88/100|[from] pokemon: Mimikyu-Busted
|-enditem|p2a: Mimikyu|Red Card|[of] p1a: Lapras
|drag|p1a: Breloom|Breloom, F|100/100
|
|upkeep
|turn|5
|
|t:|1760727268
|switch|p1a: Magnezone|Magnezone|100/100
|-item|p1a: Magnezone|Air Balloon
|move|p2a: Mimikyu|Curse|p1a: Magnezone
|-start|p1a: Magnezone|Curse|[of] p2a: Mimikyu
|-damage|p2a: Mimikyu|38/100
|
|-damage|p1a: Magnezone|76/100|[from] Curse
|upkeep
|turn|6
|
|t:|1760727276
|move|p2a: Mimikyu|Substitute|p2a: Mimikyu
|-start|p2a: Mimikyu|Substitute
|-damage|p2a: Mimikyu|13/100
|move|p1a: Magnezone|Flash Cannon|p2a: Mimikyu
|-supereffective|p2a: Mimikyu
|-end|p2a: Mimikyu|Substitute
|
|-damage|p1a: Magnezone|51/100|[from] Curse
|upkeep
|turn|7
|
|t:|1760727286
|move|p2a: Mimikyu|Pain Split|p1a: Magnezone
|-sethp|p1a: Magnezone|31/100|[from] move: Pain Split|[silent]
|-sethp|p2a: Mimikyu|34/100|[from] move: Pain Split
|move|p1a: Magnezone|Flash Cannon|p2a: Mimikyu
|-supereffective|p2a: Mimikyu
|-damage|p2a: Mimikyu|0 fnt
|faint|p2a: Mimikyu
|
|-damage|p1a: Magnezone|7/100|[from] Curse
|upkeep
|
|t:|1760727301
|switch|p2a: Iron Treads|Iron Treads|100/100
|-item|p2a: Iron Treads|Air Balloon
|turn|8
|
|t:|1760727307
|switch|p1a: Lapras|Lapras, F|72/100
|move|p2a: Iron Treads|Stealth Rock|p1a: Lapras
|-sidestart|p1: Dream54301|move: Stealth Rock
|
|upkeep
|turn|9
|
|t:|1760727314
|move|p2a: Iron Treads|Earthquake|p1a: Lapras
|-damage|p1a: Lapras|30/100
|move|p1a: Lapras|Surf|p2a: Iron Treads
|-supereffective|p2a: Iron Treads
|-damage|p2a: Iron Treads|0 fnt
|-enditem|p2a: Iron Treads|Air Balloon
|faint|p2a: Iron Treads
|-end|p2a: Iron Treads|Quark Drive|[silent]
|
|upkeep
|
|t:|1760727331
|switch|p2a: Raging Bolt|Raging Bolt|100/100
|turn|10
|
|t:|1760727334
|move|p1a: Lapras|Protect|p1a: Lapras
|-singleturn|p1a: Lapras|Protect
|move|p2a: Raging Bolt|Volt Switch|p1a: Lapras
|-activate|p1a: Lapras|move: Protect
|
|upkeep
|turn|11
|
|t:|1760727342
|switch|p1a: Gliscor|Gliscor, F|100/100
|-damage|p1a: Gliscor|88/100|[from] Stealth Rock
|move|p2a: Raging Bolt|Volt Switch|p1a: Gliscor
|-immune|p1a: Gliscor
|
|-status|p1a: Gliscor|tox|[from] item: Toxic Orb
|upkeep
|turn|12
|
|t:|1760727355
|-end|p2a: Raging Bolt|Protosynthesis|[silent]
|switch|p2a: Alomomola|Alomomola, F|100/100
|-terastallize|p1a: Gliscor|Normal
|move|p1a: Gliscor|Stealth Rock|p2a: Alomomola
|-sidestart|p2: KiwiTheKing|move: Stealth Rock
|
|-heal|p1a: Gliscor|100/100 tox|[from] ability: Poison Heal
|upkeep
|turn|13
|
|t:|1760727360
|move|p1a: Gliscor|Facade|p2a: Alomomola
|-damage|p2a: Alomomola|67/100
|-damage|p1a: Gliscor|84/100 tox|[from] item: Rocky Helmet|[of] p2a: Alomomola
|move|p2a: Alomomola|Flip Turn|p1a: Gliscor
|-damage|p1a: Gliscor|68/100 tox
|
|t:|1760727364
|switch|p2a: Kommo-o|Kommo-o, F|100/100|[from] Flip Turn
|-damage|p2a: Kommo-o|94/100|[from] Stealth Rock
|
|-heal|p1a: Gliscor|81/100 tox|[from] ability: Poison Heal
|upkeep
|turn|14
|
|t:|1760727371
|move|p1a: Gliscor|Facade|p2a: Kommo-o
|-damage|p2a: Kommo-o|50/100
|move|p2a: Kommo-o|Substitute|p2a: Kommo-o
|-start|p2a: Kommo-o|Substitute
|-damage|p2a: Kommo-o|25/100
|-enditem|p2a: Kommo-o|Salac Berry|[eat]
|-boost|p2a: Kommo-o|spe|1|[from] item: Salac Berry
|
|-heal|p1a: Gliscor|93/100 tox|[from] ability: Poison Heal
|upkeep
|turn|15
|
|t:|1760727386
|move|p2a: Kommo-o|Drain Punch|p1a: Gliscor
|-supereffective|p1a: Gliscor
|-damage|p1a: Gliscor|39/100 tox
|-heal|p2a: Kommo-o|47/100|[from] drain|[of] p1a: Gliscor
|move|p1a: Gliscor|Facade|p2a: Kommo-o
|-end|p2a: Kommo-o|Substitute
|
|-heal|p1a: Gliscor|52/100 tox|[from] ability: Poison Heal
|upkeep
|turn|16
|
|t:|1760727394
|move|p2a: Kommo-o|Substitute|p2a: Kommo-o
|-start|p2a: Kommo-o|Substitute
|-damage|p2a: Kommo-o|22/100
|move|p1a: Gliscor|Facade|p2a: Kommo-o
|-end|p2a: Kommo-o|Substitute
|
|-heal|p1a: Gliscor|64/100 tox|[from] ability: Poison Heal
|upkeep
|turn|17
|
|t:|1760727399
|move|p2a: Kommo-o|Drain Punch|p1a: Gliscor
|-supereffective|p1a: Gliscor
|-damage|p1a: Gliscor|6/100 tox
|-heal|p2a: Kommo-o|46/100|[from] drain|[of] p1a: Gliscor
|move|p1a: Gliscor|Facade|p2a: Kommo-o
|-damage|p2a: Kommo-o|2/100
|
|-heal|p1a: Gliscor|19/100 tox|[from] ability: Poison Heal
|upkeep
|turn|18
|
|t:|1760727408
|move|p1a: Gliscor|Protect|p1a: Gliscor
|-singleturn|p1a: Gliscor|Protect
|move|p2a: Kommo-o|Drain Punch|p1a: Gliscor
|-activate|p1a: Gliscor|move: Protect
|
|-heal|p1a: Gliscor|31/100 tox|[from] ability: Poison Heal
|upkeep
|turn|19
|
|t:|1760727422
|switch|p1a: Magnezone|Magnezone|7/100
|-damage|p1a: Magnezone|0 fnt|[from] Stealth Rock
|faint|p1a: Magnezone
|move|p2a: Kommo-o|Drain Punch|p1: Magnezone|[notarget]
|-fail|p2a: Kommo-o
|
|upkeep
|
|t:|1760727425
|switch|p1a: Breloom|Breloom, F|100/100
|-damage|p1a: Breloom|94/100|[from] Stealth Rock
|turn|20
|
|t:|1760727434
|move|p1a: Breloom|Mach Punch|p2a: Kommo-o
|-damage|p2a: Kommo-o|0 fnt
|faint|p2a: Kommo-o
|-damage|p1a: Breloom|84/100|[from] item: Life Orb
|
|upkeep
|
|t:|1760727439
|switch|p2a: Tornadus|Tornadus-Therian, M|76/100
|-damage|p2a: Tornadus|51/100|[from] Stealth Rock
|turn|21
|
|t:|1760727446
|switch|p1a: Mandibuzz|Mandibuzz, F|100/100
|move|p2a: Tornadus|Bleakwind Storm|p1a: Mandibuzz
|-damage|p1a: Mandibuzz|75/100
|
|upkeep
|turn|22
|
|t:|1760727454
|move|p2a: Tornadus|Knock Off|p1a: Mandibuzz
|-resisted|p1a: Mandibuzz
|-damage|p1a: Mandibuzz|68/100
|-ability|p1a: Mandibuzz|Weak Armor|boost
|-unboost|p1a: Mandibuzz|def|1
|-boost|p1a: Mandibuzz|spe|2
|-enditem|p1a: Mandibuzz|Heavy-Duty Boots|[from] move: Knock Off|[of] p2a: Tornadus
|move|p1a: Mandibuzz|Defog|p2a: Tornadus
|-unboost|p2a: Tornadus|evasion|1
|-sideend|p2: KiwiTheKing|Stealth Rock|[from] move: Defog|[of] p1a: Mandibuzz
|-sideend|p1: Dream54301|Stealth Rock|[from] move: Defog|[of] p1a: Mandibuzz
|
|upkeep
|turn|23
|
|t:|1760727464
|switch|p2a: Alomomola|Alomomola, F|100/100
|move|p1a: Mandibuzz|Brave Bird|p2a: Alomomola
|-damage|p2a: Alomomola|82/100
|-damage|p1a: Mandibuzz|51/100|[from] item: Rocky Helmet|[of] p2a: Alomomola
|-damage|p1a: Mandibuzz|44/100|[from] Recoil
|
|upkeep
|turn|24
|
|t:|1760727470
|move|p1a: Mandibuzz|U-turn|p2a: Alomomola
|-damage|p2a: Alomomola|75/100
|-damage|p1a: Mandibuzz|27/100|[from] item: Rocky Helmet|[of] p2a: Alomomola
|
|t:|1760727473
|switch|p1a: Breloom|Breloom, F|84/100|[from] U-turn
|move|p2a: Alomomola|Scald|p1a: Breloom
|-resisted|p1a: Breloom
|-damage|p1a: Breloom|72/100
|-status|p1a: Breloom|brn
|
|-damage|p1a: Breloom|66/100 brn|[from] brn
|upkeep
|turn|25
|
|t:|1760727489
|move|p1a: Breloom|Bullet Seed|p2a: Alomomola
|-supereffective|p2a: Alomomola
|-damage|p2a: Alomomola|61/100
|-supereffective|p2a: Alomomola
|-damage|p2a: Alomomola|46/100
|-supereffective|p2a: Alomomola
|-damage|p2a: Alomomola|33/100
|-hitcount|p2a: Alomomola|3
|-damage|p1a: Breloom|56/100 brn|[from] item: Life Orb
|move|p2a: Alomomola|Flip Turn|p1a: Breloom
|-resisted|p1a: Breloom
|-damage|p1a: Breloom|43/100 brn
|
|t:|1760727502
|switch|p2a: Tornadus|Tornadus-Therian, M|84/100|[from] Flip Turn
|
|-damage|p1a: Breloom|37/100 brn|[from] brn
|upkeep
|turn|26
|
|t:|1760727512
|switch|p1a: Mandibuzz|Mandibuzz, F|27/100
|move|p2a: Tornadus|U-turn|p1a: Mandibuzz
|-damage|p1a: Mandibuzz|16/100
|-ability|p1a: Mandibuzz|Weak Armor|boost
|-unboost|p1a: Mandibuzz|def|1
|-boost|p1a: Mandibuzz|spe|2
|
|t:|1760727519
|switch|p2a: Raging Bolt|Raging Bolt|100/100|[from] U-turn
|
|upkeep
|turn|27
|
|t:|1760727525
|move|p1a: Mandibuzz|Roost|p1a: Mandibuzz
|-heal|p1a: Mandibuzz|66/100
|-singleturn|p1a: Mandibuzz|move: Roost
|move|p2a: Raging Bolt|Volt Switch|p1a: Mandibuzz
|-damage|p1a: Mandibuzz|38/100
|
|t:|1760727534
|-end|p2a: Raging Bolt|Protosynthesis|[silent]
|switch|p2a: Alomomola|Alomomola, F|67/100|[from] Volt Switch
|
|upkeep
|turn|28
|
|t:|1760727537
|move|p1a: Mandibuzz|Roost|p1a: Mandibuzz
|-heal|p1a: Mandibuzz|88/100
|-singleturn|p1a: Mandibuzz|move: Roost
|move|p2a: Alomomola|Scald|p1a: Mandibuzz
|-damage|p1a: Mandibuzz|79/100
|-status|p1a: Mandibuzz|brn
|
|-damage|p1a: Mandibuzz|73/100 brn|[from] brn
|upkeep
|turn|29
|
|t:|1760727553
|move|p1a: Mandibuzz|Brave Bird|p2a: Alomomola
|-damage|p2a: Alomomola|57/100
|-damage|p1a: Mandibuzz|56/100 brn|[from] item: Rocky Helmet|[of] p2a: Alomomola
|-damage|p1a: Mandibuzz|52/100 brn|[from] Recoil
|move|p2a: Alomomola|Wish|p2a: Alomomola
|
|-damage|p1a: Mandibuzz|46/100 brn|[from] brn
|upkeep
|turn|30
|
|t:|1760727565
|switch|p1a: Lapras|Lapras, F|30/100
|switch|p2a: Raging Bolt|Raging Bolt|100/100
|
|upkeep
|turn|31
|
|t:|1760727574
|move|p2a: Raging Bolt|Volt Switch|p1a: Lapras
|-supereffective|p1a: Lapras
|-damage|p1a: Lapras|0 fnt
|faint|p1a: Lapras
|
|t:|1760727581
|-end|p2a: Raging Bolt|Protosynthesis|[silent]
|switch|p2a: Alomomola|Alomomola, F|91/100|[from] Volt Switch
|
|upkeep
|
|t:|1760727586
|switch|p1a: Breloom|Breloom, F|37/100 brn
|turn|32
|
|t:|1760727588
|move|p1a: Breloom|Bullet Seed|p2a: Alomomola
|-supereffective|p2a: Alomomola
|-damage|p2a: Alomomola|76/100
|-supereffective|p2a: Alomomola
|-damage|p2a: Alomomola|62/100
|-hitcount|p2a: Alomomola|2
|-damage|p1a: Breloom|27/100 brn|[from] item: Life Orb
|move|p2a: Alomomola|Healing Wish|p2a: Alomomola
|faint|p2a: Alomomola
|
|-damage|p1a: Breloom|21/100 brn|[from] brn
|upkeep
|
|t:|1760727599
|switch|p2a: Tornadus|Tornadus-Therian, M|100/100
|turn|33
|
|t:|1760727602
|move|p1a: Breloom|Mach Punch|p2a: Tornadus
|-resisted|p2a: Tornadus
|-damage|p2a: Tornadus|88/100
|-damage|p1a: Breloom|11/100 brn|[from] item: Life Orb
|move|p2a: Tornadus|U-turn|p1a: Breloom
|-damage|p1a: Breloom|0 fnt
|faint|p1a: Breloom
|
|t:|1760727610
|switch|p2a: Raging Bolt|Raging Bolt|100/100|[from] U-turn
|
|upkeep
|
|t:|1760727613
|switch|p1a: Mandibuzz|Mandibuzz, F|46/100 brn
|turn|34
|
|t:|1760727623
|move|p2a: Raging Bolt|Draco Meteor|p1a: Mandibuzz
|-damage|p1a: Mandibuzz|0 fnt
|-unboost|p2a: Raging Bolt|spa|2
|faint|p1a: Mandibuzz
|
|upkeep
|
|t:|1760727627
|switch|p1a: Gliscor|Gliscor, F, tera:Normal|31/100 tox
|turn|35
|
|t:|1760727631
|move|p1a: Gliscor|Earthquake|p2a: Raging Bolt
|-supereffective|p2a: Raging Bolt
|-damage|p2a: Raging Bolt|30/100
|move|p2a: Raging Bolt|Draco Meteor|p1a: Gliscor
|-damage|p1a: Gliscor|0 fnt
|-unboost|p2a: Raging Bolt|spa|2
|faint|p1a: Gliscor
|
|win|KiwiTheKing
|raw|Dream54301's rating: 1157 &rarr; <strong>1136</strong><br />(-21 for losing)
|raw|KiwiTheKing's rating: 1217 &rarr; <strong>1238</strong><br />(+21 for winning)
