|j|☆Buddy1004
|j|☆undertalethemovie
|t:|1760858654
|gametype|singles
|player|p1|Buddy1004|n|1140
|player|p2|undertalethemovie|n|1139
|gen|9
|tier|[Gen 9] OU
|rated|
|rule|HP Percentage Mod: HP is shown in percentages
|rule|Endless Battle Clause: Forcing endless battles is banned
|rule|Species Clause: Limit one of each Pokémon
|rule|OHKO Clause: OHKO moves are banned
|rule|Evasion Items Clause: Evasion items are banned
|rule|Evasion Moves Clause: Evasion moves are banned
|rule|Evasion Abilities Clause: Evasion abilities are banned
|rule|Sleep Moves Clause: Sleep-inducing moves are banned
|clearpoke
|poke|p1|Galvantula, F|
|poke|p1|Cobalion|
|poke|p1|Scizor, M|
|poke|p1|Latias, F|
|poke|p1|Heatran, M|
|poke|p1|Flareon, F|
|poke|p2|Clodsire, F|
|poke|p2|Ogerpon-Wellspring, F|
|poke|p2|Zoroark-Hisui, F|
|poke|p2|Zamazenta-*|
|poke|p2|Cinderace, M|
|poke|p2|Deoxys-Speed|
|teampreview
|inactive|Battle timer is ON: inactive players will automatically lose when time's up. (requested by Buddy1004)
|
|t:|1760858659
|teamsize|p1|6
|teamsize|p2|6
|start
|switch|p1a: Galvantula|Galvantula, F|100/100
|switch|p2a: Ingerland|Cinderace, M|100/100
|turn|1
|
|t:|1760858664
|move|p2a: Ingerland|Pyro Ball|p1a: Galvantula
|-supereffective|p1a: Galvantula
|-enditem|p1a: Galvantula|Focus Sash
|-damage|p1a: Galvantula|1/100
|-status|p1a: Galvantula|brn
|move|p1a: Galvantula|Pounce|p2a: Ingerland
|-resisted|p2a: Ingerland
|-damage|p2a: Ingerland|96/100
|-unboost|p2a: Ingerland|spe|1
|
|-damage|p1a: Galvantula|0 fnt|[from] brn
|faint|p1a: Galvantula
|upkeep
|
|t:|1760858676
|switch|p1a: Flareon|Flareon, F|100/100
|turn|2
|
|t:|1760858683
|move|p2a: Ingerland|U-turn|p1a: Flareon
|-start|p2a: Ingerland|typechange|Bug|[from] ability: Libero
|-resisted|p1a: Flareon
|-damage|p1a: Flareon|79/100
|
|t:|1760858685
|switch|p2a: Mumbo|Clodsire, F|100/100|[from] U-turn
|-item|p2a: Mumbo|Air Balloon
|move|p1a: Flareon|Fire Spin|p2a: Mumbo|[miss]
|-miss|p1a: Flareon|p2a: Mumbo
|
|upkeep
|turn|3
|
|t:|1760858696
|move|p1a: Flareon|Fire Spin|p2a: Mumbo
|-damage|p2a: Mumbo|95/100
|-activate|p2a: Mumbo|move: Fire Spin|[of] p1a: Flareon
|-enditem|p2a: Mumbo|Air Balloon
|move|p2a: Mumbo|Toxic Spikes|p1a: Flareon
|-sidestart|p1: Buddy1004|move: Toxic Spikes
|
|-damage|p2a: Mumbo|78/100|[from] move: Fire Spin|[partiallytrapped]
|upkeep
|turn|4
|
|t:|1760858703
|move|p1a: Flareon|Will-O-Wisp|p2a: Mumbo|[miss]
|-miss|p1a: Flareon|p2a: Mumbo
|move|p2a: Mumbo|Toxic Spikes|p1a: Flareon
|-sidestart|p1: Buddy1004|move: Toxic Spikes
|
|-damage|p2a: Mumbo|61/100|[from] move: Fire Spin|[partiallytrapped]
|upkeep
|turn|5
|
|t:|1760858705
|move|p1a: Flareon|Will-O-Wisp|p2a: Mumbo
|-status|p2a: Mumbo|brn
|move|p2a: Mumbo|Recover|p2a: Mumbo
|-heal|p2a: Mumbo|100/100 brn
|
|-damage|p2a: Mumbo|94/100 brn|[from] brn
|-damage|p2a: Mumbo|78/100 brn|[from] move: Fire Spin|[partiallytrapped]
|upkeep
|turn|6
|
|t:|1760858714
|move|p1a: Flareon|Wish|p1a: Flareon
|move|p2a: Mumbo|Toxic|p1a: Flareon
|-status|p1a: Flareon|tox
|
|-damage|p1a: Flareon|73/100 tox|[from] psn
|-damage|p2a: Mumbo|72/100 brn|[from] brn
|-damage|p2a: Mumbo|55/100 brn|[from] move: Fire Spin|[partiallytrapped]
|upkeep
|turn|7
|
|t:|1760858720
|move|p1a: Flareon|Fire Spin|p2a: Mumbo
|-damage|p2a: Mumbo|48/100 brn
|move|p2a: Mumbo|Recover|p2a: Mumbo
|-heal|p2a: Mumbo|99/100 brn
|
|-heal|p1a: Flareon|100/100 tox|[from] move: Wish|[wisher] Flareon
|-damage|p1a: Flareon|88/100 tox|[from] psn
|-damage|p2a: Mumbo|93/100 brn|[from] brn
|-damage|p2a: Mumbo|76/100 brn|[from] move: Fire Spin|[partiallytrapped]
|upkeep
|turn|8
|
|t:|1760858725
|move|p1a: Flareon|Wish|p1a: Flareon
|move|p2a: Mumbo|Recover|p2a: Mumbo
|-heal|p2a: Mumbo|100/100 brn
|
|-damage|p1a: Flareon|69/100 tox|[from] psn
|-damage|p2a: Mumbo|94/100 brn|[from] brn
|-end|p2a: Mumbo|Fire Spin|[partiallytrapped]
|upkeep
|turn|9
|
|t:|1760858732
|move|p1a: Flareon|Fire Spin|p2a: Mumbo
|-damage|p2a: Mumbo|88/100 brn
|-activate|p2a: Mumbo|move: Fire Spin|[of] p1a: Flareon
|move|p2a: Mumbo|Earthquake|p1a: Flareon
|-supereffective|p1a: Flareon
|-damage|p1a: Flareon|31/100 tox
|
|-heal|p1a: Flareon|81/100 tox|[from] move: Wish|[wisher] Flareon
|-damage|p1a: Flareon|56/100 tox|[from] psn
|-damage|p2a: Mumbo|82/100 brn|[from] brn
|-damage|p2a: Mumbo|66/100 brn|[from] move: Fire Spin|[partiallytrapped]
|upkeep
|turn|10
|
|t:|1760858738
|move|p1a: Flareon|Wish|p1a: Flareon
|move|p2a: Mumbo|Recover|p2a: Mumbo
|-heal|p2a: Mumbo|100/100 brn
|
|-damage|p1a: Flareon|25/100 tox|[from] psn
|-damage|p2a: Mumbo|94/100 brn|[from] brn
|-damage|p2a: Mumbo|78/100 brn|[from] move: Fire Spin|[partiallytrapped]
|upkeep
|turn|11
|
|t:|1760858745
|move|p1a: Flareon|Fire Spin|p2a: Mumbo|[miss]
|-miss|p1a: Flareon|p2a: Mumbo
|move|p2a: Mumbo|Earthquake|p1a: Flareon
|-supereffective|p1a: Flareon
|-damage|p1a: Flareon|0 fnt
|faint|p1a: Flareon
|
|-damage|p2a: Mumbo|72/100 brn|[from] brn
|-end|p2a: Mumbo|Fire Spin|[partiallytrapped]|[silent]
|upkeep
|
|t:|1760858752
|switch|p1a: Latias|Latias, F|100/100
|turn|12
|
|t:|1760858755
|move|p1a: Latias|Psyshock|p2a: Mumbo
|-supereffective|p2a: Mumbo
|-damage|p2a: Mumbo|0 fnt
|faint|p2a: Mumbo
|
|upkeep
|
|t:|1760858765
|switch|p2a: Minami Torishima|Deoxys-Speed|100/100
|-ability|p2a: Minami Torishima|Pressure
|turn|13
|
|t:|1760858775
|move|p2a: Minami Torishima|Ice Beam|p1a: Latias
|-supereffective|p1a: Latias
|-damage|p1a: Latias|41/100
|move|p1a: Latias|Calm Mind|p1a: Latias
|-boost|p1a: Latias|spa|1
|-boost|p1a: Latias|spd|1
|
|-heal|p1a: Latias|47/100|[from] item: Leftovers
|upkeep
|turn|14
|
|t:|1760858782
|switch|p2a: The Writer|Ogerpon-Wellspring, F|100/100
|move|p1a: Latias|Draining Kiss|p2a: The Writer
|-damage|p2a: The Writer|73/100
|-heal|p1a: Latias|67/100|[from] drain|[of] p2a: The Writer
|
|-heal|p1a: Latias|73/100|[from] item: Leftovers
|upkeep
|turn|15
|
|t:|1760858792
|-terastallize|p2a: The Writer|Water
|detailschange|p2a: The Writer|Ogerpon-Wellspring-Tera, F, tera:Water
|-ability|p2a: The Writer|Embody Aspect (Wellspring)|boost
|-boost|p2a: The Writer|spd|1
|move|p2a: The Writer|Encore|p1a: Latias
|-start|p1a: Latias|Encore
|move|p1a: Latias|Draining Kiss|p2a: The Writer
|-damage|p2a: The Writer|53/100
|-heal|p1a: Latias|88/100|[from] drain|[of] p2a: The Writer
|
|-heal|p1a: Latias|94/100|[from] item: Leftovers
|upkeep
|turn|16
|
|t:|1760858810
|move|p2a: The Writer|U-turn|p1a: Latias
|-supereffective|p1a: Latias
|-damage|p1a: Latias|30/100
|
|t:|1760858812
|switch|p2a: Minami Torishima|Deoxys-Speed|100/100|[from] U-turn
|-ability|p2a: Minami Torishima|Pressure
|move|p1a: Latias|Draining Kiss|p2a: Minami Torishima
|-damage|p2a: Minami Torishima|62/100
|-heal|p1a: Latias|53/100|[from] drain|[of] p2a: Minami Torishima
|
|-heal|p1a: Latias|59/100|[from] item: Leftovers
|upkeep
|turn|17
|
|t:|1760858816
|move|p2a: Minami Torishima|Dark Pulse|p1a: Latias
|-supereffective|p1a: Latias
|-damage|p1a: Latias|25/100
|move|p1a: Latias|Draining Kiss|p2a: Minami Torishima
|-damage|p2a: Minami Torishima|25/100
|-heal|p1a: Latias|47/100|[from] drain|[of] p2a: Minami Torishima
|
|-heal|p1a: Latias|53/100|[from] item: Leftovers
|-end|p1a: Latias|Encore
|upkeep
|turn|18
|
|t:|1760858822
|move|p2a: Minami Torishima|Dark Pulse|p1a: Latias
|-supereffective|p1a: Latias
|-damage|p1a: Latias|21/100
|move|p1a: Latias|Draining Kiss|p2a: Minami Torishima
|-damage|p2a: Minami Torishima|0 fnt
|-heal|p1a: Latias|36/100|[from] drain|[of] p2a: Minami Torishima
|faint|p2a: Minami Torishima
|
|-heal|p1a: Latias|42/100|[from] item: Leftovers
|upkeep
|
|t:|1760858827
|switch|p2a: The Writer|Ogerpon-Wellspring-Tera, F, tera:Water|53/100
|-ability|p2a: The Writer|Embody Aspect (Wellspring)|boost
|-boost|p2a: The Writer|spd|1
|turn|19
|
|t:|1760858831
|move|p2a: The Writer|Ivy Cudgel|p1a: Latias|[anim] Ivy Cudgel Water
|-resisted|p1a: Latias
|-damage|p1a: Latias|0 fnt
|faint|p1a: Latias
|
|upkeep
|
|t:|1760858847
|switch|p1a: Scizor|Scizor, M|100/100
|turn|20
|
|t:|1760858852
|move|p2a: The Writer|Ivy Cudgel|p1a: Scizor|[anim] Ivy Cudgel Water
|-damage|p1a: Scizor|2/100
|move|p1a: Scizor|Swords Dance|p1a: Scizor
|-boost|p1a: Scizor|atk|2
|
|upkeep
|turn|21
|
|t:|1760858857
|move|p1a: Scizor|Bullet Punch|p2a: The Writer
|-resisted|p2a: The Writer
|-damage|p2a: The Writer|8/100
|move|p2a: The Writer|U-turn|p1a: Scizor
|-resisted|p1a: Scizor
|-damage|p1a: Scizor|0 fnt
|faint|p1a: Scizor
|
|t:|1760858865
|switch|p2a: Pokemon Shield|Zamazenta|100/100|[from] U-turn
|-ability|p2a: Pokemon Shield|Dauntless Shield|boost
|-boost|p2a: Pokemon Shield|def|1
|
|upkeep
|
|t:|1760858873
|switch|p1a: Heatran|Heatran, M|100/100
|turn|22
|
|t:|1760858879
|-terastallize|p1a: Heatran|Fire
|move|p2a: Pokemon Shield|Close Combat|p1a: Heatran
|-damage|p1a: Heatran|40/100
|-unboost|p2a: Pokemon Shield|def|1
|-unboost|p2a: Pokemon Shield|spd|1
|move|p1a: Heatran|Fire Blast|p2a: Pokemon Shield
|-damage|p2a: Pokemon Shield|0 fnt
|faint|p2a: Pokemon Shield
|
|upkeep
|
|t:|1760858884
|switch|p2a: The Writer|Ogerpon-Wellspring-Tera, F, tera:Water|8/100
|-ability|p2a: The Writer|Embody Aspect (Wellspring)|boost
|-boost|p2a: The Writer|spd|1
|turn|23
|
|t:|1760858886
|move|p2a: The Writer|Ivy Cudgel|p1a: Heatran|[anim] Ivy Cudgel Water
|-supereffective|p1a: Heatran
|-damage|p1a: Heatran|0 fnt
|faint|p1a: Heatran
|
|upkeep
|
|t:|1760858889
|switch|p1a: Cobalion|Cobalion|100/100
|turn|24
|
|t:|1760858895
|move|p2a: The Writer|Ivy Cudgel|p1a: Cobalion|[anim] Ivy Cudgel Water
|-damage|p1a: Cobalion|47/100
|move|p1a: Cobalion|Iron Defense|p1a: Cobalion
|-boost|p1a: Cobalion|def|2
|
|-heal|p1a: Cobalion|53/100|[from] item: Leftovers
|upkeep
|turn|25
|
|t:|1760858912
|move|p2a: The Writer|Encore|p1a: Cobalion
|-start|p1a: Cobalion|Encore
|move|p1a: Cobalion|Iron Defense|p1a: Cobalion
|-boost|p1a: Cobalion|def|2
|
|-heal|p1a: Cobalion|60/100|[from] item: Leftovers
|upkeep
|turn|26
|
|t:|1760858914
|switch|p2a: Ingerland|Cinderace, M|100/100
|-item|p2a: Ingerland|Air Balloon
|move|p1a: Cobalion|Iron Defense|p1a: Cobalion
|-boost|p1a: Cobalion|def|2
|
|-heal|p1a: Cobalion|66/100|[from] item: Leftovers
|upkeep
|turn|27
|
|t:|1760858917
|move|p2a: Ingerland|Will-O-Wisp|p1a: Cobalion
|-status|p1a: Cobalion|brn
|move|p1a: Cobalion|Iron Defense|p1a: Cobalion
|-boost|p1a: Cobalion|def|0
|
|-heal|p1a: Cobalion|72/100 brn|[from] item: Leftovers
|-damage|p1a: Cobalion|66/100 brn|[from] brn
|-end|p1a: Cobalion|Encore
|upkeep
|turn|28
|
|t:|1760858922
|move|p2a: Ingerland|Hex|p1a: Cobalion
|-damage|p1a: Cobalion|0 fnt
|faint|p1a: Cobalion
|
|win|undertalethemovie
|raw|Buddy1004's rating: 1140 &rarr; <strong>1115</strong><br />(-25 for losing)
|raw|undertalethemovie's rating: 1139 &rarr; <strong>1164</strong><br />(+25 for winning)
|l|☆Buddy1004
|player|p1|
|l|☆undertalethemovie
|player|p2|
