|j|☆moi88764
|j|☆nedgfred
|t:|1760811404
|gametype|singles
|player|p1|moi88764|buck|1154
|player|p2|nedgfred|rood|1116
|gen|9
|tier|[Gen 9] OU
|rated|
|rule|HP Percentage Mod: HP is shown in percentages
|rule|Endless Battle Clause: Forcing endless battles is banned
|rule|Species Clause: Limit one of each Pokémon
|rule|OHKO Clause: OHKO moves are banned
|rule|Evasion Items Clause: Evasion items are banned
|rule|Evasion Moves Clause: Evasion moves are banned
|rule|Evasion Abilities Clause: Evasion abilities are banned
|rule|Sleep Moves Clause: Sleep-inducing moves are banned
|clearpoke
|poke|p1|Ninetales, M|
|poke|p1|Raging Bolt|
|poke|p1|Swampert, F|
|poke|p1|Bisharp, M|
|poke|p1|Lilligant-Hisui, F|
|poke|p1|Mandibuzz, F|
|poke|p2|Zebstrika, M|
|poke|p2|Ogerpon-Wellspring, F|
|poke|p2|Glimmora, F|
|poke|p2|Orthworm, F|
|poke|p2|Chandelure, M|
|poke|p2|Kingambit, M|
|teampreview
|inactive|Battle timer is ON: inactive players will automatically lose when time's up. (requested by nedgfred)
|
|t:|1760811432
|teamsize|p1|6
|teamsize|p2|6
|start
|switch|p1a: Swampert|Swampert, F|100/100
|switch|p2a: Zebstrika|Zebstrika, M, shiny|100/100
|turn|1
|
|t:|1760811446
|switch|p2a: Orthworm|Orthworm, F|100/100
|move|p1a: Swampert|Earthquake|p2a: Orthworm
|-immune|p2a: Orthworm|[from] ability: Earth Eater
|
|upkeep
|turn|2
|
|t:|1760811467
|switch|p1a: Mandibuzz|Mandibuzz, F|100/100
|move|p2a: Orthworm|Stealth Rock|p1a: Mandibuzz
|-sidestart|p1: moi88764|move: Stealth Rock
|
|upkeep
|turn|3
|
|t:|1760811477
|move|p1a: Mandibuzz|Defog|p2a: Orthworm
|-unboost|p2a: Orthworm|evasion|1
|-sideend|p1: moi88764|Stealth Rock|[from] move: Defog|[of] p1a: Mandibuzz
|move|p2a: Orthworm|Stealth Rock|p1a: Mandibuzz
|-sidestart|p1: moi88764|move: Stealth Rock
|
|upkeep
|turn|4
|
|t:|1760811485
|switch|p2a: Zebstrika|Zebstrika, M, shiny|100/100
|move|p1a: Mandibuzz|Foul Play|p2a: Zebstrika
|-crit|p2a: Zebstrika
|-damage|p2a: Zebstrika|0 fnt
|faint|p2a: Zebstrika
|
|upkeep
|
|t:|1760811495
|switch|p2a: Glimmora|Glimmora, F|100/100
|turn|5
|
|t:|1760811504
|move|p2a: Glimmora|Power Gem|p1a: Mandibuzz
|-supereffective|p1a: Mandibuzz
|-damage|p1a: Mandibuzz|47/100
|move|p1a: Mandibuzz|Defog|p2a: Glimmora
|-unboost|p2a: Glimmora|evasion|1
|-sideend|p1: moi88764|Stealth Rock|[from] move: Defog|[of] p1a: Mandibuzz
|
|upkeep
|turn|6
|
|t:|1760811512
|switch|p1a: Swampert|Swampert, F|100/100
|move|p2a: Glimmora|Power Gem|p1a: Swampert
|-resisted|p1a: Swampert
|-damage|p1a: Swampert|84/100
|
|-heal|p1a: Swampert|91/100|[from] item: Leftovers
|upkeep
|turn|7
|
|t:|1760811523
|switch|p2a: Orthworm|Orthworm, F|100/100
|move|p1a: Swampert|Liquidation|p2a: Orthworm
|-damage|p2a: Orthworm|72/100
|-unboost|p2a: Orthworm|def|1
|-damage|p1a: Swampert|74/100|[from] item: Rocky Helmet|[of] p2a: Orthworm
|
|-heal|p1a: Swampert|80/100|[from] item: Leftovers
|upkeep
|turn|8
|
|t:|1760811535
|switch|p2a: Ogerpon|Ogerpon-Wellspring, F|100/100
|move|p1a: Swampert|Liquidation|p2a: Ogerpon
|-immune|p2a: Ogerpon|[from] ability: Water Absorb
|
|-heal|p1a: Swampert|86/100|[from] item: Leftovers
|upkeep
|turn|9
|
|t:|1760811549
|switch|p1a: Lilligant|Lilligant-Hisui, F|100/100
|move|p2a: Ogerpon|Encore||[still]
|-fail|p2a: Ogerpon
|
|upkeep
|turn|10
|
|t:|1760811559
|move|p2a: Ogerpon|Swords Dance|p2a: Ogerpon
|-boost|p2a: Ogerpon|atk|2
|move|p1a: Lilligant|Leaf Blade|p2a: Ogerpon
|-damage|p2a: Ogerpon|16/100
|
|upkeep
|turn|11
|
|t:|1760811576
|-terastallize|p2a: Ogerpon|Water
|detailschange|p2a: Ogerpon|Ogerpon-Wellspring-Tera, F, tera:Water
|-ability|p2a: Ogerpon|Embody Aspect (Wellspring)|boost
|-boost|p2a: Ogerpon|spd|1
|move|p2a: Ogerpon|Ivy Cudgel|p1a: Lilligant|[anim] Ivy Cudgel Water
|-resisted|p1a: Lilligant
|-damage|p1a: Lilligant|0 fnt
|faint|p1a: Lilligant
|
|upkeep
|
|t:|1760811591
|switch|p1a: Raging Bolt|Raging Bolt|100/100
|turn|12
|
|t:|1760811597
|move|p1a: Raging Bolt|Volt Switch|p2a: Ogerpon
|-supereffective|p2a: Ogerpon
|-damage|p2a: Ogerpon|0 fnt
|faint|p2a: Ogerpon
|detailschange|p2: Ogerpon|Ogerpon-Wellspring, F|[silent]
|
|t:|1760811603
|-end|p1a: Raging Bolt|Protosynthesis|[silent]
|switch|p1a: Swampert|Swampert, F|86/100|[from] Volt Switch
|
|-heal|p1a: Swampert|93/100|[from] item: Leftovers
|upkeep
|
|t:|1760811614
|switch|p2a: Kingambit|Kingambit, M|100/100
|-activate|p2a: Kingambit|ability: Supreme Overlord
|-start|p2a: Kingambit|fallen2|[silent]
|turn|13
|
|t:|1760811627
|-end|p2a: Kingambit|fallen2|[silent]
|switch|p2a: Orthworm|Orthworm, F|72/100
|move|p1a: Swampert|Earthquake|p2a: Orthworm
|-heal|p2a: Orthworm|96/100|[from] ability: Earth Eater|[of] p1a: Swampert
|
|-heal|p1a: Swampert|99/100|[from] item: Leftovers
|upkeep
|turn|14
|
|t:|1760811638
|switch|p2a: Glimmora|Glimmora, F|100/100
|move|p1a: Swampert|Liquidation|p2a: Glimmora
|-supereffective|p2a: Glimmora
|-damage|p2a: Glimmora|0 fnt
|-activate|p2a: Glimmora|ability: Toxic Debris
|-sidestart|p1: moi88764|move: Toxic Spikes
|faint|p2a: Glimmora
|
|-heal|p1a: Swampert|100/100|[from] item: Leftovers
|upkeep
|
|t:|1760811653
|switch|p2a: Orthworm|Orthworm, F|96/100
|turn|15
|
|t:|1760811662
|move|p2a: Orthworm|Iron Defense|p2a: Orthworm
|-boost|p2a: Orthworm|def|2
|move|p1a: Swampert|Liquidation|p2a: Orthworm
|-damage|p2a: Orthworm|82/100
|-damage|p1a: Swampert|84/100|[from] item: Rocky Helmet|[of] p2a: Orthworm
|
|-heal|p1a: Swampert|90/100|[from] item: Leftovers
|upkeep
|turn|16
|inactive|nedgfred has 120 seconds left.
|inactive|nedgfred has 90 seconds left.
|
|t:|1760811740
|move|p2a: Orthworm|Iron Defense|p2a: Orthworm
|-boost|p2a: Orthworm|def|2
|move|p1a: Swampert|Flip Turn|p2a: Orthworm
|-damage|p2a: Orthworm|74/100
|-damage|p1a: Swampert|73/100|[from] item: Rocky Helmet|[of] p2a: Orthworm
|
|t:|1760811744
|switch|p1a: Mandibuzz|Mandibuzz, F|47/100|[from] Flip Turn
|
|upkeep
|turn|17
|
|t:|1760811753
|move|p1a: Mandibuzz|Defog|p2a: Orthworm
|-unboost|p2a: Orthworm|evasion|1
|-sideend|p1: moi88764|Toxic Spikes|[from] move: Defog|[of] p1a: Mandibuzz
|move|p2a: Orthworm|Body Press|p1a: Mandibuzz
|-damage|p1a: Mandibuzz|2/100
|-damage|p2a: Orthworm|57/100|[from] item: Rocky Helmet|[of] p1a: Mandibuzz
|
|upkeep
|turn|18
|inactive|nedgfred has 90 seconds left.
|
|t:|1760811765
|move|p1a: Mandibuzz|Roost|p1a: Mandibuzz
|-heal|p1a: Mandibuzz|52/100
|-singleturn|p1a: Mandibuzz|move: Roost
|move|p2a: Orthworm|Body Press|p1a: Mandibuzz
|-supereffective|p1a: Mandibuzz
|-damage|p1a: Mandibuzz|0 fnt
|-damage|p2a: Orthworm|40/100|[from] item: Rocky Helmet|[of] p1a: Mandibuzz
|faint|p1a: Mandibuzz
|
|upkeep
|
|t:|1760811769
|switch|p1a: Ninetales|Ninetales, M|100/100
|-weather|SunnyDay|[from] ability: Drought|[of] p1a: Ninetales
|turn|19
|inactive|nedgfred has 90 seconds left.
|
|t:|1760811780
|move|p2a: Orthworm|Protect|p2a: Orthworm
|-singleturn|p2a: Orthworm|Protect
|move|p1a: Ninetales|Fire Blast|p2a: Orthworm
|-activate|p2a: Orthworm|move: Protect
|
|-weather|SunnyDay|[upkeep]
|upkeep
|turn|20
|
|t:|1760811789
|switch|p2a: Chandelure|Chandelure, M|100/100
|move|p1a: Ninetales|Fire Blast|p2a: Chandelure
|-start|p2a: Chandelure|ability: Flash Fire
|
|-weather|SunnyDay|[upkeep]
|upkeep
|turn|21
|
|t:|1760811800
|move|p2a: Chandelure|Flamethrower|p1a: Ninetales
|-resisted|p1a: Ninetales
|-damage|p1a: Ninetales|37/100
|move|p1a: Ninetales|Scorching Sands|p2a: Chandelure
|-supereffective|p2a: Chandelure
|-damage|p2a: Chandelure|48/100
|
|-weather|SunnyDay|[upkeep]
|-heal|p1a: Ninetales|43/100|[from] item: Leftovers
|upkeep
|turn|22
|
|t:|1760811811
|move|p2a: Chandelure|Flamethrower|p1a: Ninetales
|-resisted|p1a: Ninetales
|-damage|p1a: Ninetales|0 fnt
|faint|p1a: Ninetales
|
|-weather|SunnyDay|[upkeep]
|upkeep
|
|t:|1760811819
|switch|p1a: Raging Bolt|Raging Bolt|100/100
|-activate|p1a: Raging Bolt|ability: Protosynthesis
|-start|p1a: Raging Bolt|protosynthesisspa
|turn|23
|
|t:|1760811827
|move|p2a: Chandelure|Flamethrower|p1a: Raging Bolt
|-resisted|p1a: Raging Bolt
|-damage|p1a: Raging Bolt|42/100
|move|p1a: Raging Bolt|Thunderbolt|p2a: Chandelure
|-damage|p2a: Chandelure|0 fnt
|faint|p2a: Chandelure
|
|-weather|none
|-end|p1a: Raging Bolt|Protosynthesis
|upkeep
|
|t:|1760811843
|switch|p2a: Kingambit|Kingambit, M|100/100
|-activate|p2a: Kingambit|ability: Supreme Overlord
|-start|p2a: Kingambit|fallen4|[silent]
|turn|24
|
|t:|1760811857
|move|p1a: Raging Bolt|Thunderbolt|p2a: Kingambit
|-damage|p2a: Kingambit|57/100
|move|p2a: Kingambit|Swords Dance|p2a: Kingambit
|-boost|p2a: Kingambit|atk|2
|
|upkeep
|turn|25
|
|t:|1760811867
|-end|p1a: Raging Bolt|Protosynthesis|[silent]
|switch|p1a: Bisharp|Bisharp, M|100/100
|move|p2a: Kingambit|Sucker Punch||[still]
|-fail|p2a: Kingambit
|
|upkeep
|turn|26
|inactive|nedgfred has 90 seconds left.
|inactive|nedgfred has 60 seconds left.
|
|t:|1760811929
|move|p1a: Bisharp|Swords Dance|p1a: Bisharp
|-boost|p1a: Bisharp|atk|2
|move|p2a: Kingambit|Low Kick|p1a: Bisharp
|-supereffective|p1a: Bisharp
|-crit|p1a: Bisharp
|-damage|p1a: Bisharp|0 fnt
|faint|p1a: Bisharp
|
|upkeep
|
|t:|1760811937
|switch|p1a: Swampert|Swampert, F|73/100
|turn|27
|
|t:|1760811943
|-end|p2a: Kingambit|fallen4|[silent]
|switch|p2a: Orthworm|Orthworm, F|40/100
|move|p1a: Swampert|Earthquake|p2a: Orthworm
|-heal|p2a: Orthworm|65/100|[from] ability: Earth Eater|[of] p1a: Swampert
|
|-heal|p1a: Swampert|80/100|[from] item: Leftovers
|upkeep
|turn|28
|
|t:|1760811954
|move|p2a: Orthworm|Iron Defense|p2a: Orthworm
|-boost|p2a: Orthworm|def|2
|move|p1a: Swampert|Liquidation|p2a: Orthworm
|-damage|p2a: Orthworm|50/100
|-damage|p1a: Swampert|63/100|[from] item: Rocky Helmet|[of] p2a: Orthworm
|
|-heal|p1a: Swampert|69/100|[from] item: Leftovers
|upkeep
|turn|29
|
|t:|1760811965
|move|p2a: Orthworm|Iron Defense|p2a: Orthworm
|-boost|p2a: Orthworm|def|2
|move|p1a: Swampert|Flip Turn|p2a: Orthworm
|-damage|p2a: Orthworm|42/100
|-damage|p1a: Swampert|53/100|[from] item: Rocky Helmet|[of] p2a: Orthworm
|
|t:|1760811969
|switch|p1a: Raging Bolt|Raging Bolt|42/100|[from] Flip Turn
|
|upkeep
|turn|30
|
|t:|1760811977
|move|p1a: Raging Bolt|Thunderbolt|p2a: Orthworm
|-damage|p2a: Orthworm|0 fnt
|faint|p2a: Orthworm
|
|upkeep
|
|t:|1760811982
|switch|p2a: Kingambit|Kingambit, M|57/100
|-activate|p2a: Kingambit|ability: Supreme Overlord
|-start|p2a: Kingambit|fallen5|[silent]
|turn|31
|
|t:|1760811997
|move|p1a: Raging Bolt|Thunderbolt|p2a: Kingambit
|-damage|p2a: Kingambit|13/100
|move|p2a: Kingambit|Swords Dance|p2a: Kingambit
|-boost|p2a: Kingambit|atk|2
|
|upkeep
|turn|32
|
|t:|1760812005
|move|p2a: Kingambit|Sucker Punch|p1a: Raging Bolt
|-damage|p1a: Raging Bolt|0 fnt
|faint|p1a: Raging Bolt
|-end|p1a: Raging Bolt|Protosynthesis|[silent]
|
|upkeep
|
|t:|1760812008
|switch|p1a: Swampert|Swampert, F|53/100
|turn|33
|inactive|nedgfred has 90 seconds left.
|
|t:|1760812020
|move|p1a: Swampert|Earthquake|p2a: Kingambit
|-supereffective|p2a: Kingambit
|-damage|p2a: Kingambit|0 fnt
|faint|p2a: Kingambit
|-end|p2a: Kingambit|fallen5|[silent]
|
|win|moi88764
|raw|moi88764's rating: 1154 &rarr; <strong>1176</strong><br />(+22 for winning)
|raw|nedgfred's rating: 1116 &rarr; <strong>1094</strong><br />(-22 for losing)
