|j|☆Eclair_Dios__Mio
|j|☆dvega24
|t:|1760805479
|gametype|singles
|player|p1|Eclair_Dios__Mio|serena-masters2|1269
|player|p2|dvega24|266|1349
|gen|9
|tier|[Gen 9] OU
|rated|
|rule|HP Percentage Mod: HP is shown in percentages
|rule|Endless Battle Clause: Forcing endless battles is banned
|rule|Species Clause: Limit one of each Pokémon
|rule|OHKO Clause: OHKO moves are banned
|rule|Evasion Items Clause: Evasion items are banned
|rule|Evasion Moves Clause: Evasion moves are banned
|rule|Evasion Abilities Clause: Evasion abilities are banned
|rule|Sleep Moves Clause: Sleep-inducing moves are banned
|clearpoke
|poke|p1|Luxray, M|
|poke|p1|Rillaboom, F|
|poke|p1|Serperior, F|
|poke|p1|Iron Moth|
|poke|p1|Hawlucha, M|
|poke|p1|Iron Treads|
|poke|p2|Excadrill, F|
|poke|p2|Tyranitar, F|
|poke|p2|Tinkaton, F|
|poke|p2|Sinistcha|
|poke|p2|Moltres|
|poke|p2|Ogerpon-Wellspring, F|
|teampreview
|inactive|Battle timer is ON: inactive players will automatically lose when time's up. (requested by Eclair_Dios__Mio)
|
|t:|1760805485
|teamsize|p1|6
|teamsize|p2|6
|start
|switch|p1a: Iron Treads|Iron Treads, shiny|100/100
|switch|p2a: Moltres|Moltres|100/100
|-enditem|p1a: Iron Treads|Booster Energy
|-activate|p1a: Iron Treads|ability: Quark Drive|[fromitem]
|-start|p1a: Iron Treads|quarkdrivespe
|turn|1
|
|t:|1760805493
|move|p1a: Iron Treads|Stealth Rock|p2a: Moltres
|-sidestart|p2: dvega24|move: Stealth Rock
|move|p2a: Moltres|Flamethrower|p1a: Iron Treads
|-supereffective|p1a: Iron Treads
|-damage|p1a: Iron Treads|0 fnt
|faint|p1a: Iron Treads
|-end|p1a: Iron Treads|Quark Drive|[silent]
|
|upkeep
|
|t:|1760805503
|switch|p1a: Rillaboom|Rillaboom, F|100/100
|-fieldstart|move: Grassy Terrain|[from] ability: Grassy Surge|[of] p1a: Rillaboom
|turn|2
|
|t:|1760805507
|switch|p1a: Waterdog|Luxray, M, shiny|100/100
|move|p2a: Moltres|Flamethrower|p1a: Waterdog
|-damage|p1a: Waterdog|52/100
|
|-heal|p1a: Waterdog|58/100|[from] Grassy Terrain
|-status|p1a: Waterdog|brn|[from] item: Flame Orb
|upkeep
|turn|3
|
|t:|1760805522
|switch|p2a: Sinistcha|Sinistcha|100/100
|move|p1a: Waterdog|Trailblaze|p2a: Sinistcha
|-resisted|p2a: Sinistcha
|-damage|p2a: Sinistcha|89/100
|-boost|p1a: Waterdog|spe|1
|
|-heal|p1a: Waterdog|64/100 brn|[from] Grassy Terrain
|-heal|p2a: Sinistcha|95/100|[from] Grassy Terrain
|-damage|p1a: Waterdog|58/100 brn|[from] brn
|upkeep
|turn|4
|
|t:|1760805532
|move|p1a: Waterdog|Ice Fang|p2a: Sinistcha
|-supereffective|p2a: Sinistcha
|-damage|p2a: Sinistcha|48/100
|move|p2a: Sinistcha|Strength Sap|p1a: Waterdog
|-unboost|p1a: Waterdog|atk|1
|-heal|p2a: Sinistcha|100/100
|
|-heal|p1a: Waterdog|64/100 brn|[from] Grassy Terrain
|-damage|p1a: Waterdog|58/100 brn|[from] brn
|upkeep
|turn|5
|inactive|Eclair_Dios__Mio has 120 seconds left.
|
|t:|1760805564
|switch|p1a: Iron Moth|Iron Moth, shiny|100/100
|-enditem|p1a: Iron Moth|Booster Energy
|-activate|p1a: Iron Moth|ability: Quark Drive|[fromitem]
|-start|p1a: Iron Moth|quarkdrivespe
|move|p2a: Sinistcha|Calm Mind|p2a: Sinistcha
|-boost|p2a: Sinistcha|spa|1
|-boost|p2a: Sinistcha|spd|1
|
|upkeep
|turn|6
|
|t:|1760805574
|switch|p2a: Moltres|Moltres|100/100
|move|p1a: Iron Moth|Fiery Dance|p2a: Moltres
|-resisted|p2a: Moltres
|-damage|p2a: Moltres|80/100
|
|upkeep
|turn|7
|
|t:|1760805580
|move|p1a: Iron Moth|Sludge Wave|p2a: Moltres
|-damage|p2a: Moltres|31/100
|-status|p2a: Moltres|psn
|move|p2a: Moltres|Roar|p1a: Iron Moth
|-end|p1a: Iron Moth|Quark Drive|[silent]
|drag|p1a: Rillaboom|Rillaboom, F|100/100
|
|-damage|p2a: Moltres|19/100 psn|[from] psn
|upkeep
|turn|8
|
|t:|1760805588
|switch|p1a: Waterdog|Luxray, M, shiny|58/100 brn
|move|p2a: Moltres|Roost|p2a: Moltres
|-heal|p2a: Moltres|69/100 psn
|-singleturn|p2a: Moltres|move: Roost
|
|-heal|p1a: Waterdog|64/100 brn|[from] Grassy Terrain
|-heal|p2a: Moltres|75/100 psn|[from] Grassy Terrain
|-damage|p2a: Moltres|62/100 psn|[from] psn
|-damage|p1a: Waterdog|58/100 brn|[from] brn
|upkeep
|turn|9
|
|t:|1760805596
|switch|p2a: Sinistcha|Sinistcha|100/100
|move|p1a: Waterdog|Trailblaze|p2a: Sinistcha
|-resisted|p2a: Sinistcha
|-damage|p2a: Sinistcha|90/100
|-boost|p1a: Waterdog|spe|1
|
|-heal|p1a: Waterdog|64/100 brn|[from] Grassy Terrain
|-heal|p2a: Sinistcha|96/100|[from] Grassy Terrain
|-damage|p1a: Waterdog|58/100 brn|[from] brn
|-fieldend|move: Grassy Terrain
|upkeep
|turn|10
|
|t:|1760805608
|switch|p1a: Iron Moth|Iron Moth, shiny|100/100
|move|p2a: Sinistcha|Shadow Ball|p1a: Iron Moth
|-damage|p1a: Iron Moth|67/100
|
|upkeep
|turn|11
|
|t:|1760805617
|switch|p2a: Tyranitar|Tyranitar, F|100/100
|-damage|p2a: Tyranitar|88/100|[from] Stealth Rock
|-weather|Sandstorm|[from] ability: Sand Stream|[of] p2a: Tyranitar
|move|p1a: Iron Moth|Substitute|p1a: Iron Moth
|-start|p1a: Iron Moth|Substitute
|-damage|p1a: Iron Moth|42/100
|
|-weather|Sandstorm|[upkeep]
|-damage|p1a: Iron Moth|36/100|[from] Sandstorm
|upkeep
|turn|12
|
|t:|1760805620
|-terastallize|p1a: Iron Moth|Grass
|move|p1a: Iron Moth|Energy Ball|p2a: Tyranitar
|-supereffective|p2a: Tyranitar
|-damage|p2a: Tyranitar|27/100
|move|p2a: Tyranitar|Stone Edge|p1a: Iron Moth
|-crit|p1a: Iron Moth
|-end|p1a: Iron Moth|Substitute
|
|-weather|Sandstorm|[upkeep]
|-damage|p1a: Iron Moth|30/100|[from] Sandstorm
|upkeep
|turn|13
|
|t:|1760805635
|switch|p2a: Moltres|Moltres|62/100 psn
|move|p1a: Iron Moth|Energy Ball|p2a: Moltres
|-resisted|p2a: Moltres
|-damage|p2a: Moltres|51/100 psn
|
|-weather|Sandstorm|[upkeep]
|-damage|p1a: Iron Moth|24/100|[from] Sandstorm
|-damage|p2a: Moltres|45/100 psn|[from] Sandstorm
|-damage|p2a: Moltres|32/100 psn|[from] psn
|upkeep
|turn|14
|
|t:|1760805645
|move|p1a: Iron Moth|Sludge Wave|p2a: Moltres
|-damage|p2a: Moltres|0 fnt
|faint|p2a: Moltres
|
|-weather|Sandstorm|[upkeep]
|-damage|p1a: Iron Moth|18/100|[from] Sandstorm
|upkeep
|
|t:|1760805652
|switch|p2a: Excadrill|Excadrill, F|100/100
|-damage|p2a: Excadrill|97/100|[from] Stealth Rock
|turn|15
|
|t:|1760805658
|-end|p1a: Iron Moth|Quark Drive|[silent]
|switch|p1a: Rillaboom|Rillaboom, F|100/100
|-fieldstart|move: Grassy Terrain|[from] ability: Grassy Surge|[of] p1a: Rillaboom
|move|p2a: Excadrill|Rapid Spin|p1a: Rillaboom
|-damage|p1a: Rillaboom|81/100
|-boost|p2a: Excadrill|spe|1
|-sideend|p2: dvega24|Stealth Rock|[from] move: Rapid Spin|[of] p2a: Excadrill
|
|-weather|none
|-heal|p2a: Excadrill|100/100|[from] Grassy Terrain
|-heal|p1a: Rillaboom|87/100|[from] Grassy Terrain
|upkeep
|turn|16
|
|t:|1760805670
|switch|p2a: Sinistcha|Sinistcha|96/100
|move|p1a: Rillaboom|Knock Off|p2a: Sinistcha
|-supereffective|p2a: Sinistcha
|-damage|p2a: Sinistcha|50/100
|-enditem|p2a: Sinistcha|Heavy-Duty Boots|[from] move: Knock Off|[of] p1a: Rillaboom
|
|-heal|p1a: Rillaboom|93/100|[from] Grassy Terrain
|-heal|p2a: Sinistcha|56/100|[from] Grassy Terrain
|upkeep
|turn|17
|
|t:|1760805679
|switch|p1a: Serperior|Serperior, F|100/100
|move|p2a: Sinistcha|Strength Sap|p1a: Serperior
|-boost|p1a: Serperior|atk|1
|-heal|p2a: Sinistcha|100/100
|
|upkeep
|turn|18
|
|t:|1760805691
|move|p1a: Serperior|Glare|p2a: Sinistcha
|-status|p2a: Sinistcha|par
|move|p2a: Sinistcha|Shadow Ball|p1a: Serperior
|-damage|p1a: Serperior|58/100
|
|-heal|p1a: Serperior|64/100|[from] Grassy Terrain
|-heal|p1a: Serperior|70/100|[from] item: Leftovers
|upkeep
|turn|19
|
|t:|1760805695
|switch|p2a: Tinkaton|Tinkaton, F|100/100
|-ability|p2a: Tinkaton|Mold Breaker
|-item|p2a: Tinkaton|Air Balloon
|move|p1a: Serperior|Leaf Storm|p2a: Tinkaton
|-resisted|p2a: Tinkaton
|-damage|p2a: Tinkaton|76/100
|-boost|p1a: Serperior|spa|2
|-enditem|p2a: Tinkaton|Air Balloon
|
|-heal|p1a: Serperior|76/100|[from] Grassy Terrain
|-heal|p1a: Serperior|83/100|[from] item: Leftovers
|-heal|p2a: Tinkaton|82/100|[from] Grassy Terrain
|upkeep
|turn|20
|
|t:|1760805709
|move|p1a: Serperior|Glare|p2a: Tinkaton
|-status|p2a: Tinkaton|par
|move|p2a: Tinkaton|Thunder Wave|p1a: Serperior
|-status|p1a: Serperior|par
|
|-heal|p1a: Serperior|89/100 par|[from] Grassy Terrain
|-heal|p1a: Serperior|95/100 par|[from] item: Leftovers
|-heal|p2a: Tinkaton|88/100 par|[from] Grassy Terrain
|upkeep
|turn|21
|
|t:|1760805722
|move|p1a: Serperior|Leaf Storm|p2a: Tinkaton
|-resisted|p2a: Tinkaton
|-damage|p2a: Tinkaton|34/100 par
|-boost|p1a: Serperior|spa|2
|cant|p2a: Tinkaton|par
|
|-heal|p1a: Serperior|100/100 par|[from] Grassy Terrain
|-heal|p2a: Tinkaton|40/100 par|[from] Grassy Terrain
|upkeep
|turn|22
|
|t:|1760805730
|move|p1a: Serperior|Leaf Storm|p2a: Tinkaton
|-resisted|p2a: Tinkaton
|-damage|p2a: Tinkaton|0 fnt
|-boost|p1a: Serperior|spa|2
|faint|p2a: Tinkaton
|
|-fieldend|move: Grassy Terrain
|upkeep
|
|t:|1760805737
|switch|p2a: Tyranitar|Tyranitar, F|27/100
|-weather|Sandstorm|[from] ability: Sand Stream|[of] p2a: Tyranitar
|turn|23
|
|t:|1760805742
|move|p2a: Tyranitar|Ice Punch|p1a: Serperior
|-supereffective|p1a: Serperior
|-damage|p1a: Serperior|0 fnt
|faint|p1a: Serperior
|
|-weather|Sandstorm|[upkeep]
|upkeep
|
|t:|1760805747
|switch|p1a: Rillaboom|Rillaboom, F|93/100
|-fieldstart|move: Grassy Terrain|[from] ability: Grassy Surge|[of] p1a: Rillaboom
|turn|24
|
|t:|1760805752
|switch|p2a: Sinistcha|Sinistcha|100/100 par
|move|p1a: Rillaboom|U-turn|p2a: Sinistcha
|-damage|p2a: Sinistcha|84/100 par
|
|t:|1760805761
|switch|p1a: Iron Moth|Iron Moth, shiny, tera:Grass|18/100|[from] U-turn
|
|-weather|Sandstorm|[upkeep]
|-damage|p1a: Iron Moth|12/100|[from] Sandstorm
|-damage|p2a: Sinistcha|78/100 par|[from] Sandstorm
|-heal|p1a: Iron Moth|18/100|[from] Grassy Terrain
|-heal|p2a: Sinistcha|84/100 par|[from] Grassy Terrain
|upkeep
|turn|25
|
|t:|1760805769
|move|p1a: Iron Moth|Fiery Dance|p2a: Sinistcha
|-supereffective|p2a: Sinistcha
|-damage|p2a: Sinistcha|35/100 par
|-boost|p1a: Iron Moth|spa|1
|move|p2a: Sinistcha|Shadow Ball|p1a: Iron Moth
|-damage|p1a: Iron Moth|0 fnt
|faint|p1a: Iron Moth
|-end|p1a: Iron Moth|Quark Drive|[silent]
|
|-weather|Sandstorm|[upkeep]
|-damage|p2a: Sinistcha|29/100 par|[from] Sandstorm
|-heal|p2a: Sinistcha|35/100 par|[from] Grassy Terrain
|upkeep
|
|t:|1760805773
|switch|p1a: Hawlucha|Hawlucha, M|100/100
|-enditem|p1a: Hawlucha|Grassy Seed
|-boost|p1a: Hawlucha|def|1|[from] item: Grassy Seed
|turn|26
|
|t:|1760805777
|move|p1a: Hawlucha|Acrobatics|p2a: Sinistcha
|-supereffective|p2a: Sinistcha
|-damage|p2a: Sinistcha|0 fnt
|faint|p2a: Sinistcha
|
|-weather|Sandstorm|[upkeep]
|-damage|p1a: Hawlucha|94/100|[from] Sandstorm
|upkeep
|
|t:|1760805784
|switch|p2a: Tyranitar|Tyranitar, F|27/100
|turn|27
|
|t:|1760805787
|move|p1a: Hawlucha|Close Combat|p2a: Tyranitar
|-supereffective|p2a: Tyranitar
|-damage|p2a: Tyranitar|0 fnt
|-unboost|p1a: Hawlucha|def|1
|-unboost|p1a: Hawlucha|spd|1
|faint|p2a: Tyranitar
|
|-weather|none
|upkeep
|
|t:|1760805791
|switch|p2a: Excadrill|Excadrill, F|100/100
|turn|28
|
|t:|1760805799
|-terastallize|p2a: Excadrill|Ground
|move|p1a: Hawlucha|Close Combat|p2a: Excadrill
|-damage|p2a: Excadrill|21/100
|-unboost|p1a: Hawlucha|def|1
|-unboost|p1a: Hawlucha|spd|1
|move|p2a: Excadrill|Rock Slide|p1a: Hawlucha
|-damage|p1a: Hawlucha|37/100
|
|-heal|p2a: Excadrill|27/100|[from] Grassy Terrain
|-heal|p2a: Excadrill|33/100|[from] item: Leftovers
|upkeep
|turn|29
|-message|dvega24 forfeited.
|
|win|Eclair_Dios__Mio
|raw|Eclair_Dios__Mio's rating: 1269 &rarr; <strong>1300</strong><br />(+31 for winning)
|raw|dvega24's rating: 1349 &rarr; <strong>1324</strong><br />(-25 for losing)
|l|☆dvega24
|player|p2|
|l|☆Eclair_Dios__Mio
|player|p1|
