|j|☆spongeon
|j|☆ThiccTaco
|t:|1760732614
|gametype|singles
|player|p1|spongeon|170|1441
|player|p2|ThiccTaco|cyclist|1468
|gen|9
|tier|[Gen 9] OU
|rated|
|rule|HP Percentage Mod: HP is shown in percentages
|rule|Endless Battle Clause: Forcing endless battles is banned
|rule|Species Clause: Limit one of each Pokémon
|rule|OHKO Clause: OHKO moves are banned
|rule|Evasion Items Clause: Evasion items are banned
|rule|Evasion Moves Clause: Evasion moves are banned
|rule|Evasion Abilities Clause: Evasion abilities are banned
|rule|Sleep Moves Clause: Sleep-inducing moves are banned
|clearpoke
|poke|p1|Zamazenta-*|
|poke|p1|Zapdos|
|poke|p1|Comfey, F|
|poke|p1|Sandslash-Alola, F|
|poke|p1|Slowking-Galar, F|
|poke|p1|Maushold|
|poke|p2|Garganacl, F|
|poke|p2|Landorus-Therian, M|
|poke|p2|Cinderace, F|
|poke|p2|Iron Valiant|
|poke|p2|Kingambit, F|
|poke|p2|Slowking-Galar, F|
|teampreview
|
|t:|1760732625
|teamsize|p1|6
|teamsize|p2|6
|start
|switch|p1a: Zapdos|Zapdos|100/100
|switch|p2a: Garganacl|Garganacl, F|100/100
|turn|1
|
|t:|1760732633
|move|p1a: Zapdos|Volt Switch|p2a: Garganacl
|-damage|p2a: Garganacl|60/100
|-damage|p1a: Zapdos|91/100|[from] item: Life Orb
|
|t:|1760732636
|switch|p1a: Slowking|Slowking-Galar, F|100/100|[from] Volt Switch
|move|p2a: Garganacl|Salt Cure|p1a: Slowking
|-damage|p1a: Slowking|88/100
|-start|p1a: Slowking|Salt Cure
|
|-heal|p2a: Garganacl|66/100|[from] item: Leftovers
|-damage|p1a: Slowking|75/100|[from] Salt Cure
|upkeep
|turn|2
|
|t:|1760732641
|switch|p2a: Slowking|Slowking-Galar, F|100/100
|-prepare|p1a: Slowking|Chilly Reception|[premajor]
|move|p1a: Slowking|Chilly Reception|p1a: Slowking
|-weather|Snowscape
|
|t:|1760732652
|switch|p1a: Sandslash|Sandslash-Alola, F|100/100|[from] Chilly Reception
|
|-weather|Snowscape|[upkeep]
|upkeep
|turn|3
|
|t:|1760732666
|switch|p2a: Garganacl|Garganacl, F|66/100
|move|p1a: Sandslash|Swords Dance|p1a: Sandslash
|-boost|p1a: Sandslash|atk|2
|
|-weather|Snowscape|[upkeep]
|-heal|p2a: Garganacl|72/100|[from] item: Leftovers
|upkeep
|turn|4
|
|t:|1760732671
|move|p1a: Sandslash|Triple Axel|p2a: Garganacl
|-damage|p2a: Garganacl|61/100
|-damage|p2a: Garganacl|41/100
|-damage|p2a: Garganacl|11/100
|-hitcount|p2a: Garganacl|3
|move|p2a: Garganacl|Salt Cure|p1a: Sandslash
|-damage|p1a: Sandslash|91/100
|-start|p1a: Sandslash|Salt Cure
|
|-weather|Snowscape|[upkeep]
|-heal|p2a: Garganacl|17/100|[from] item: Leftovers
|-damage|p1a: Sandslash|67/100|[from] Salt Cure
|upkeep
|turn|5
|
|t:|1760732680
|move|p2a: Garganacl|Protect|p2a: Garganacl
|-singleturn|p2a: Garganacl|Protect
|move|p1a: Sandslash|Knock Off|p2a: Garganacl
|-activate|p2a: Garganacl|move: Protect
|
|-weather|Snowscape|[upkeep]
|-heal|p2a: Garganacl|23/100|[from] item: Leftovers
|-damage|p1a: Sandslash|42/100|[from] Salt Cure
|upkeep
|turn|6
|
|t:|1760732689
|switch|p2a: Landorus|Landorus-Therian, M|100/100
|-ability|p2a: Landorus|Intimidate|boost
|-unboost|p1a: Sandslash|atk|1
|move|p1a: Sandslash|Earthquake|p2a: Landorus
|-immune|p2a: Landorus
|
|-weather|Snowscape|[upkeep]
|-damage|p1a: Sandslash|17/100|[from] Salt Cure
|upkeep
|turn|7
|
|t:|1760732708
|switch|p2a: Kingambit|Kingambit, F|100/100
|move|p1a: Sandslash|Triple Axel|p2a: Kingambit
|-resisted|p2a: Kingambit
|-damage|p2a: Kingambit|96/100
|-resisted|p2a: Kingambit
|-damage|p2a: Kingambit|85/100
|-resisted|p2a: Kingambit
|-damage|p2a: Kingambit|69/100
|-hitcount|p2a: Kingambit|3
|
|-weather|Snowscape|[upkeep]
|-damage|p1a: Sandslash|0 fnt|[from] Salt Cure
|faint|p1a: Sandslash
|upkeep
|inactive|Battle timer is ON: inactive players will automatically lose when time's up. (requested by ThiccTaco)
|
|t:|1760732732
|switch|p1a: Zamazenta|Zamazenta|100/100
|-ability|p1a: Zamazenta|Dauntless Shield|boost
|-boost|p1a: Zamazenta|def|1
|turn|8
|
|t:|1760732741
|-end|p2a: Kingambit|fallenundefined|[silent]
|switch|p2a: Slowking|Slowking-Galar, F|100/100
|move|p1a: Zamazenta|Iron Defense|p1a: Zamazenta
|-boost|p1a: Zamazenta|def|2
|
|-weather|Snowscape|[upkeep]
|upkeep
|turn|9
|
|t:|1760732744
|move|p1a: Zamazenta|Crunch|p2a: Slowking
|-supereffective|p2a: Slowking
|-damage|p2a: Slowking|58/100
|-unboost|p2a: Slowking|def|1
|move|p2a: Slowking|Thunder Wave|p1a: Zamazenta
|-status|p1a: Zamazenta|par
|
|-weather|none
|-heal|p2a: Slowking|64/100|[from] item: Black Sludge
|upkeep
|turn|10
|
|t:|1760732752
|cant|p1a: Zamazenta|par
|-prepare|p2a: Slowking|Chilly Reception|[premajor]
|move|p2a: Slowking|Chilly Reception|p2a: Slowking
|-weather|Snowscape
|
|t:|1760732753
|switch|p2a: Garganacl|Garganacl, F|23/100|[from] Chilly Reception
|
|-weather|Snowscape|[upkeep]
|-heal|p2a: Garganacl|29/100|[from] item: Leftovers
|upkeep
|turn|11
|
|t:|1760732757
|move|p2a: Garganacl|Protect|p2a: Garganacl
|-singleturn|p2a: Garganacl|Protect
|move|p1a: Zamazenta|Body Press|p2a: Garganacl
|-activate|p2a: Garganacl|move: Protect
|
|-weather|Snowscape|[upkeep]
|-heal|p2a: Garganacl|36/100|[from] item: Leftovers
|upkeep
|turn|12
|
|t:|1760732760
|-terastallize|p2a: Garganacl|Ghost
|move|p1a: Zamazenta|Body Press|p2a: Garganacl
|-immune|p2a: Garganacl
|move|p2a: Garganacl|Recover|p2a: Garganacl
|-heal|p2a: Garganacl|86/100
|
|-weather|Snowscape|[upkeep]
|-heal|p2a: Garganacl|92/100|[from] item: Leftovers
|upkeep
|turn|13
|
|t:|1760732772
|move|p1a: Zamazenta|Crunch|p2a: Garganacl
|-supereffective|p2a: Garganacl
|-damage|p2a: Garganacl|70/100
|-unboost|p2a: Garganacl|def|1
|move|p2a: Garganacl|Salt Cure|p1a: Zamazenta
|-resisted|p1a: Zamazenta
|-damage|p1a: Zamazenta|99/100 par
|-start|p1a: Zamazenta|Salt Cure
|
|-weather|Snowscape|[upkeep]
|-heal|p2a: Garganacl|76/100|[from] item: Leftovers
|-damage|p1a: Zamazenta|86/100 par|[from] Salt Cure
|upkeep
|turn|14
|
|t:|1760732780
|switch|p2a: Landorus|Landorus-Therian, M|100/100
|-ability|p2a: Landorus|Intimidate|boost
|-unboost|p1a: Zamazenta|atk|1
|move|p1a: Zamazenta|Crunch|p2a: Landorus
|-damage|p2a: Landorus|87/100
|-damage|p1a: Zamazenta|70/100 par|[from] item: Rocky Helmet|[of] p2a: Landorus
|
|-weather|none
|-damage|p1a: Zamazenta|57/100 par|[from] Salt Cure
|upkeep
|turn|15
|
|t:|1760732784
|switch|p2a: Garganacl|Garganacl, F, tera:Ghost|76/100
|move|p1a: Zamazenta|Body Press|p2a: Garganacl
|-immune|p2a: Garganacl
|
|-heal|p2a: Garganacl|82/100|[from] item: Leftovers
|-damage|p1a: Zamazenta|45/100 par|[from] Salt Cure
|upkeep
|turn|16
|
|t:|1760732789
|move|p1a: Zamazenta|Crunch|p2a: Garganacl
|-supereffective|p2a: Garganacl
|-damage|p2a: Garganacl|68/100
|move|p2a: Garganacl|Salt Cure|p1a: Zamazenta
|-resisted|p1a: Zamazenta
|-damage|p1a: Zamazenta|43/100 par
|
|-heal|p2a: Garganacl|74/100|[from] item: Leftovers
|-damage|p1a: Zamazenta|31/100 par|[from] Salt Cure
|upkeep
|turn|17
|
|t:|1760732796
|move|p1a: Zamazenta|Rest|p1a: Zamazenta
|-status|p1a: Zamazenta|slp|[from] move: Rest
|-heal|p1a: Zamazenta|100/100 slp|[silent]
|-enditem|p1a: Zamazenta|Chesto Berry|[eat]
|-curestatus|p1a: Zamazenta|slp|[msg]
|move|p2a: Garganacl|Salt Cure|p1a: Zamazenta
|-resisted|p1a: Zamazenta
|-crit|p1a: Zamazenta
|-damage|p1a: Zamazenta|93/100
|
|-heal|p2a: Garganacl|80/100|[from] item: Leftovers
|-damage|p1a: Zamazenta|81/100|[from] Salt Cure
|upkeep
|turn|18
|
|t:|1760732803
|switch|p1a: Zapdos|Zapdos|91/100
|move|p2a: Garganacl|Body Press|p1a: Zapdos
|-resisted|p1a: Zapdos
|-damage|p1a: Zapdos|71/100
|
|-heal|p2a: Garganacl|86/100|[from] item: Leftovers
|upkeep
|turn|19
|
|t:|1760732811
|move|p2a: Garganacl|Protect|p2a: Garganacl
|-singleturn|p2a: Garganacl|Protect
|move|p1a: Zapdos|Volt Switch|p2a: Garganacl
|-activate|p2a: Garganacl|move: Protect
|
|-heal|p2a: Garganacl|92/100|[from] item: Leftovers
|upkeep
|turn|20
|
|t:|1760732814
|switch|p2a: Landorus|Landorus-Therian, M|87/100
|-ability|p2a: Landorus|Intimidate|boost
|-unboost|p1a: Zapdos|atk|1
|move|p1a: Zapdos|Hurricane|p2a: Landorus
|-damage|p2a: Landorus|8/100
|-damage|p1a: Zapdos|61/100|[from] item: Life Orb
|
|upkeep
|turn|21
|
|t:|1760732822
|move|p1a: Zapdos|Heat Wave|p2a: Landorus|[miss]
|-miss|p1a: Zapdos|p2a: Landorus
|move|p2a: Landorus|Stealth Rock|p1a: Zapdos
|-sidestart|p1: spongeon|move: Stealth Rock
|
|upkeep
|turn|22
|
|t:|1760732832
|switch|p2a: Slowking|Slowking-Galar, F|97/100
|move|p1a: Zapdos|Hurricane|p2a: Slowking|[miss]
|-miss|p1a: Zapdos|p2a: Slowking
|
|-heal|p2a: Slowking|100/100|[from] item: Black Sludge
|upkeep
|turn|23
|
|t:|1760732837
|move|p1a: Zapdos|Thunderbolt|p2a: Slowking
|-damage|p2a: Slowking|68/100
|-damage|p1a: Zapdos|51/100|[from] item: Life Orb
|move|p2a: Slowking|Future Sight|p1a: Zapdos
|-start|p2a: Slowking|move: Future Sight
|
|-heal|p2a: Slowking|74/100|[from] item: Black Sludge
|upkeep
|turn|24
|
|t:|1760732844
|move|p1a: Zapdos|Hurricane|p2a: Slowking|[miss]
|-miss|p1a: Zapdos|p2a: Slowking
|-prepare|p2a: Slowking|Chilly Reception|[premajor]
|move|p2a: Slowking|Chilly Reception|p2a: Slowking
|-weather|Snowscape
|
|t:|1760732854
|switch|p2a: Landorus|Landorus-Therian, M|8/100|[from] Chilly Reception
|-ability|p2a: Landorus|Intimidate|boost
|-unboost|p1a: Zapdos|atk|1
|
|-weather|Snowscape|[upkeep]
|upkeep
|turn|25
|
|t:|1760732859
|switch|p2a: Slowking|Slowking-Galar, F|100/100
|move|p1a: Zapdos|Heat Wave|p2a: Slowking
|-damage|p2a: Slowking|78/100
|-damage|p1a: Zapdos|41/100|[from] item: Life Orb
|
|-weather|Snowscape|[upkeep]
|-end|p1a: Zapdos|move: Future Sight
|-damage|p1a: Zapdos|0 fnt
|faint|p1a: Zapdos
|-heal|p2a: Slowking|84/100|[from] item: Black Sludge
|upkeep
|
|t:|1760732867
|switch|p1a: Maushold|Maushold|100/100
|-damage|p1a: Maushold|88/100|[from] Stealth Rock
|turn|26
|
|t:|1760732871
|switch|p2a: Landorus|Landorus-Therian, M|8/100
|-ability|p2a: Landorus|Intimidate|boost
|-unboost|p1a: Maushold|atk|1
|move|p1a: Maushold|Tidy Up|p1a: Maushold
|-sideend|p1: spongeon|Stealth Rock
|-activate|p1a: Maushold|move: Tidy Up
|-boost|p1a: Maushold|atk|1
|-boost|p1a: Maushold|spe|1
|
|-weather|Snowscape|[upkeep]
|upkeep
|turn|27
|
|t:|1760732879
|move|p1a: Maushold|Tidy Up|p1a: Maushold
|-boost|p1a: Maushold|atk|1
|-boost|p1a: Maushold|spe|1
|move|p2a: Landorus|Earthquake|p1a: Maushold
|-damage|p1a: Maushold|0 fnt
|faint|p1a: Maushold
|
|-weather|Snowscape|[upkeep]
|upkeep
|
|t:|1760732890
|switch|p1a: Comfey|Comfey, F|100/100
|turn|28
|
|t:|1760732893
|move|p1a: Comfey|Draining Kiss|p2a: Landorus
|-damage|p2a: Landorus|0 fnt
|-damage|p1a: Comfey|84/100|[from] item: Rocky Helmet|[of] p2a: Landorus
|faint|p2a: Landorus
|
|-weather|none
|upkeep
|
|t:|1760732897
|switch|p2a: Kingambit|Kingambit, F|69/100
|-activate|p2a: Kingambit|ability: Supreme Overlord
|-start|p2a: Kingambit|fallen1|[silent]
|turn|29
|
|t:|1760732902
|switch|p1a: Zamazenta|Zamazenta|81/100
|move|p2a: Kingambit|Iron Head|p1a: Zamazenta
|-damage|p1a: Zamazenta|38/100
|-damage|p2a: Kingambit|59/100|[from] item: Life Orb
|
|upkeep
|turn|30
|
|t:|1760732910
|-end|p2a: Kingambit|fallen1|[silent]
|switch|p2a: Garganacl|Garganacl, F, tera:Ghost|92/100
|move|p1a: Zamazenta|Crunch|p2a: Garganacl
|-supereffective|p2a: Garganacl
|-damage|p2a: Garganacl|71/100
|
|-heal|p2a: Garganacl|77/100|[from] item: Leftovers
|upkeep
|turn|31
|
|t:|1760732919
|move|p1a: Zamazenta|Crunch|p2a: Garganacl
|-supereffective|p2a: Garganacl
|-damage|p2a: Garganacl|53/100
|-unboost|p2a: Garganacl|def|1
|move|p2a: Garganacl|Salt Cure|p1a: Zamazenta
|-resisted|p1a: Zamazenta
|-crit|p1a: Zamazenta
|-damage|p1a: Zamazenta|30/100
|-start|p1a: Zamazenta|Salt Cure
|
|-heal|p2a: Garganacl|59/100|[from] item: Leftovers
|-damage|p1a: Zamazenta|18/100|[from] Salt Cure
|upkeep
|turn|32
|
|t:|1760732933
|move|p1a: Zamazenta|Crunch|p2a: Garganacl
|-supereffective|p2a: Garganacl
|-crit|p2a: Garganacl
|-damage|p2a: Garganacl|12/100
|move|p2a: Garganacl|Recover|p2a: Garganacl
|-heal|p2a: Garganacl|62/100
|
|-heal|p2a: Garganacl|68/100|[from] item: Leftovers
|-damage|p1a: Zamazenta|6/100|[from] Salt Cure
|upkeep
|turn|33
|
|t:|1760732945
|switch|p1a: Slowking|Slowking-Galar, F|100/100
|move|p2a: Garganacl|Protect||[still]
|-fail|p2a: Garganacl
|
|-heal|p2a: Garganacl|75/100|[from] item: Leftovers
|upkeep
|turn|34
|
|t:|1760732952
|switch|p2a: Slowking|Slowking-Galar, F|100/100
|move|p1a: Slowking|Psychic Noise|p2a: Slowking
|-damage|p2a: Slowking|83/100
|-start|p2a: Slowking|move: Heal Block
|
|upkeep
|turn|35
|
|t:|1760732959
|move|p2a: Slowking|Thunder Wave|p1a: Slowking
|-status|p1a: Slowking|par
|cant|p1a: Slowking|par
|
|-end|p2a: Slowking|move: Heal Block
|upkeep
|turn|36
|
|t:|1760732965
|move|p2a: Slowking|Future Sight|p1a: Slowking
|-start|p2a: Slowking|move: Future Sight
|move|p1a: Slowking|Psychic Noise|p2a: Slowking
|-damage|p2a: Slowking|67/100
|-start|p2a: Slowking|move: Heal Block
|
|upkeep
|turn|37
|
|t:|1760732972
|-prepare|p2a: Slowking|Chilly Reception|[premajor]
|move|p2a: Slowking|Chilly Reception|p2a: Slowking
|-weather|Snowscape
|
|t:|1760732978
|switch|p2a: Kingambit|Kingambit, F|59/100|[from] Chilly Reception
|-activate|p2a: Kingambit|ability: Supreme Overlord
|-start|p2a: Kingambit|fallen1|[silent]
|move|p1a: Slowking|Psychic Noise|p2a: Kingambit
|-immune|p2a: Kingambit
|
|-weather|Snowscape|[upkeep]
|upkeep
|turn|38
|
|t:|1760732985
|move|p2a: Kingambit|Iron Head|p1a: Slowking
|-damage|p1a: Slowking|40/100 par
|-damage|p2a: Kingambit|49/100|[from] item: Life Orb
|cant|p1a: Slowking|par
|
|-weather|Snowscape|[upkeep]
|-end|p1a: Slowking|move: Future Sight
|-damage|p1a: Slowking|9/100 par
|upkeep
|turn|39
|
|t:|1760732995
|move|p2a: Kingambit|Iron Head|p1a: Slowking
|-damage|p1a: Slowking|0 fnt
|faint|p1a: Slowking
|-damage|p2a: Kingambit|39/100|[from] item: Life Orb
|
|-weather|Snowscape|[upkeep]
|upkeep
|
|t:|1760732997
|switch|p1a: Comfey|Comfey, F|84/100
|turn|40
|
|t:|1760733009
|move|p1a: Comfey|Calm Mind|p1a: Comfey
|-boost|p1a: Comfey|spa|1
|-boost|p1a: Comfey|spd|1
|move|p2a: Kingambit|Iron Head|p1a: Comfey
|-supereffective|p1a: Comfey
|-damage|p1a: Comfey|0 fnt
|faint|p1a: Comfey
|-damage|p2a: Kingambit|29/100|[from] item: Life Orb
|
|-weather|Snowscape|[upkeep]
|upkeep
|
|t:|1760733013
|switch|p1a: Zamazenta|Zamazenta|6/100
|turn|41
|
|t:|1760733016
|move|p1a: Zamazenta|Body Press|p2a: Kingambit
|-supereffective|p2a: Kingambit
|-damage|p2a: Kingambit|0 fnt
|faint|p2a: Kingambit
|-end|p2a: Kingambit|fallen1|[silent]
|
|-weather|none
|upkeep
|
|t:|1760733018
|switch|p2a: Iron Valiant|Iron Valiant|100/100
|-enditem|p2a: Iron Valiant|Booster Energy
|-activate|p2a: Iron Valiant|ability: Quark Drive|[fromitem]
|-start|p2a: Iron Valiant|quarkdrivespe
|turn|42
|
|t:|1760733020
|move|p2a: Iron Valiant|Moonblast|p1a: Zamazenta
|-supereffective|p1a: Zamazenta
|-damage|p1a: Zamazenta|0 fnt
|faint|p1a: Zamazenta
|
|win|ThiccTaco
|raw|spongeon's rating: 1441 &rarr; <strong>1423</strong><br />(-18 for losing)
|raw|ThiccTaco's rating: 1468 &rarr; <strong>1486</strong><br />(+18 for winning)
|l|☆ThiccTaco
|player|p2|
|l|☆spongeon
|player|p1|
