|j|☆coralvolar
|j|☆Lotadfan22
|t:|1760799665
|gametype|singles
|player|p1|coralvolar|169|1270
|player|p2|Lotadfan22|blaine|1319
|gen|9
|tier|[Gen 9] OU
|rated|
|rule|HP Percentage Mod: HP is shown in percentages
|rule|Endless Battle Clause: Forcing endless battles is banned
|rule|Species Clause: Limit one of each Pokémon
|rule|OHKO Clause: OHKO moves are banned
|rule|Evasion Items Clause: Evasion items are banned
|rule|Evasion Moves Clause: Evasion moves are banned
|rule|Evasion Abilities Clause: Evasion abilities are banned
|rule|Sleep Moves Clause: Sleep-inducing moves are banned
|clearpoke
|poke|p1|Great Tusk|
|poke|p1|Kingambit, F|
|poke|p1|Raging Bolt|
|poke|p1|Walking Wake|
|poke|p1|Ninetales, M|
|poke|p1|Ceruledge, F|
|poke|p2|Scizor, F|
|poke|p2|Landorus-Therian, M|
|poke|p2|Alomomola, F|
|poke|p2|Pecharunt|
|poke|p2|Kingambit, F|
|poke|p2|Clefable, F|
|teampreview
|inactive|Battle timer is ON: inactive players will automatically lose when time's up. (requested by coralvolar)
|
|t:|1760799689
|teamsize|p1|6
|teamsize|p2|6
|start
|switch|p1a: Ninetales|Ninetales, M|100/100
|switch|p2a: Clefable|Clefable, F|100/100
|-weather|SunnyDay|[from] ability: Drought|[of] p1a: Ninetales
|turn|1
|
|t:|1760799707
|move|p1a: Ninetales|Overheat|p2a: Clefable
|-damage|p2a: Clefable|26/100
|-unboost|p1a: Ninetales|spa|2
|move|p2a: Clefable|Stealth Rock|p1a: Ninetales
|-sidestart|p1: coralvolar|move: Stealth Rock
|
|-weather|SunnyDay|[upkeep]
|-heal|p2a: Clefable|32/100|[from] item: Leftovers
|upkeep
|turn|2
|inactive|coralvolar has 120 seconds left.
|
|t:|1760799733
|switch|p1a: Raging Bolt|Raging Bolt|100/100
|-damage|p1a: Raging Bolt|88/100|[from] Stealth Rock
|-activate|p1a: Raging Bolt|ability: Protosynthesis
|-start|p1a: Raging Bolt|protosynthesisspa
|move|p2a: Clefable|Moonlight|p2a: Clefable
|-heal|p2a: Clefable|98/100
|
|-weather|SunnyDay|[upkeep]
|-heal|p2a: Clefable|100/100|[from] item: Leftovers
|upkeep
|turn|3
|inactive|coralvolar has 120 seconds left.
|
|t:|1760799749
|-end|p1a: Raging Bolt|Protosynthesis|[silent]
|switch|p1a: Kingambit|Kingambit, F|100/100
|-damage|p1a: Kingambit|94/100|[from] Stealth Rock
|-item|p1a: Kingambit|Air Balloon
|move|p2a: Clefable|Moonblast|p1a: Kingambit
|-damage|p1a: Kingambit|58/100
|-unboost|p1a: Kingambit|spa|1
|-enditem|p1a: Kingambit|Air Balloon
|
|-weather|SunnyDay|[upkeep]
|upkeep
|turn|4
|inactive|coralvolar has 120 seconds left.
|
|t:|1760799766
|-end|p1a: Kingambit|fallenundefined|[silent]
|switch|p1a: Great Tusk|Great Tusk|100/100
|-damage|p1a: Great Tusk|98/100|[from] Stealth Rock
|-activate|p1a: Great Tusk|ability: Protosynthesis
|-start|p1a: Great Tusk|protosynthesisatk
|switch|p2a: Landorus|Landorus-Therian, M|100/100
|-ability|p2a: Landorus|Intimidate|boost
|-unboost|p1a: Great Tusk|atk|1
|
|-weather|SunnyDay|[upkeep]
|upkeep
|turn|5
|inactive|coralvolar has 120 seconds left.
|
|t:|1760799781
|move|p2a: Landorus|U-turn|p1a: Great Tusk
|-resisted|p1a: Great Tusk
|-damage|p1a: Great Tusk|88/100
|
|t:|1760799787
|switch|p2a: Pecharunt|Pecharunt|100/100|[from] U-turn
|move|p1a: Great Tusk|Rapid Spin|p2a: Pecharunt
|-immune|p2a: Pecharunt
|
|-weather|SunnyDay|[upkeep]
|upkeep
|turn|6
|
|t:|1760799796
|move|p2a: Pecharunt|Parting Shot|p1a: Great Tusk
|-unboost|p1a: Great Tusk|atk|1
|-unboost|p1a: Great Tusk|spa|1
|
|t:|1760799806
|switch|p2a: Landorus|Landorus-Therian, M|100/100|[from] Parting Shot
|-ability|p2a: Landorus|Intimidate|boost
|-unboost|p1a: Great Tusk|atk|1
|move|p1a: Great Tusk|Headlong Rush|p2a: Landorus
|-immune|p2a: Landorus
|
|-weather|SunnyDay|[upkeep]
|upkeep
|turn|7
|
|t:|1760799817
|move|p2a: Landorus|U-turn|p1a: Great Tusk
|-resisted|p1a: Great Tusk
|-damage|p1a: Great Tusk|79/100
|
|t:|1760799821
|switch|p2a: Pecharunt|Pecharunt|100/100|[from] U-turn
|move|p1a: Great Tusk|Headlong Rush|p2a: Pecharunt
|-supereffective|p2a: Pecharunt
|-damage|p2a: Pecharunt|59/100
|-unboost|p1a: Great Tusk|def|1
|-unboost|p1a: Great Tusk|spd|1
|
|-weather|SunnyDay|[upkeep]
|upkeep
|turn|8
|
|t:|1760799834
|-end|p1a: Great Tusk|Protosynthesis|[silent]
|switch|p1a: Ninetales|Ninetales, M|100/100
|-damage|p1a: Ninetales|76/100|[from] Stealth Rock
|move|p2a: Pecharunt|Recover|p2a: Pecharunt
|-heal|p2a: Pecharunt|100/100
|
|-weather|none
|upkeep
|turn|9
|
|t:|1760799849
|switch|p1a: Raging Bolt|Raging Bolt|88/100
|-damage|p1a: Raging Bolt|76/100|[from] Stealth Rock
|move|p2a: Pecharunt|Parting Shot|p1a: Raging Bolt
|-unboost|p1a: Raging Bolt|atk|1
|-unboost|p1a: Raging Bolt|spa|1
|
|t:|1760799851
|switch|p2a: Clefable|Clefable, F|100/100|[from] Parting Shot
|
|upkeep
|turn|10
|
|t:|1760799864
|-end|p1a: Raging Bolt|Protosynthesis|[silent]
|switch|p1a: Ceruledge|Ceruledge, F|100/100
|move|p2a: Clefable|Moonblast|p1a: Ceruledge
|-resisted|p1a: Ceruledge
|-damage|p1a: Ceruledge|86/100
|-unboost|p1a: Ceruledge|spa|1
|
|upkeep
|turn|11
|
|t:|1760799870
|move|p1a: Ceruledge|Swords Dance|p1a: Ceruledge
|-boost|p1a: Ceruledge|atk|2
|move|p2a: Clefable|Thunder Wave|p1a: Ceruledge|[miss]
|-miss|p2a: Clefable|p1a: Ceruledge
|
|upkeep
|turn|12
|
|t:|1760799873
|move|p1a: Ceruledge|Bitter Blade|p2a: Clefable
|-damage|p2a: Clefable|30/100
|-heal|p1a: Ceruledge|100/100|[from] drain|[of] p2a: Clefable
|move|p2a: Clefable|Thunder Wave|p1a: Ceruledge
|-status|p1a: Ceruledge|par
|
|-heal|p2a: Clefable|36/100|[from] item: Leftovers
|upkeep
|turn|13
|
|t:|1760799879
|switch|p2a: Alomomola|Alomomola, F|100/100
|move|p1a: Ceruledge|Bitter Blade|p2a: Alomomola
|-resisted|p2a: Alomomola
|-damage|p2a: Alomomola|73/100
|-enditem|p2a: Alomomola|Red Card|[of] p1a: Ceruledge
|drag|p1a: Ninetales|Ninetales, M|76/100
|-damage|p1a: Ninetales|51/100|[from] Stealth Rock
|-weather|SunnyDay|[from] ability: Drought|[of] p1a: Ninetales
|
|-weather|SunnyDay|[upkeep]
|upkeep
|turn|14
|
|t:|1760799888
|move|p1a: Ninetales|Overheat|p2a: Alomomola|[miss]
|-miss|p1a: Ninetales|p2a: Alomomola
|move|p2a: Alomomola|Wish|p2a: Alomomola
|
|-weather|SunnyDay|[upkeep]
|upkeep
|turn|15
|
|t:|1760799897
|switch|p1a: Walking Wake|Walking Wake|100/100
|-damage|p1a: Walking Wake|88/100|[from] Stealth Rock
|-activate|p1a: Walking Wake|ability: Protosynthesis
|-start|p1a: Walking Wake|protosynthesisspe
|move|p2a: Alomomola|Flip Turn|p1a: Walking Wake
|-resisted|p1a: Walking Wake
|-damage|p1a: Walking Wake|86/100
|
|t:|1760799910
|switch|p2a: Landorus|Landorus-Therian, M|100/100|[from] Flip Turn
|-ability|p2a: Landorus|Intimidate|boost
|-unboost|p1a: Walking Wake|atk|1
|
|-weather|SunnyDay|[upkeep]
|upkeep
|turn|16
|
|t:|1760799923
|switch|p2a: Alomomola|Alomomola, F|100/100
|move|p1a: Walking Wake|Hydro Steam|p2a: Alomomola
|-resisted|p2a: Alomomola
|-damage|p2a: Alomomola|64/100
|
|-weather|SunnyDay|[upkeep]
|upkeep
|turn|17
|
|t:|1760799932
|move|p1a: Walking Wake|Draco Meteor|p2a: Alomomola
|-damage|p2a: Alomomola|0 fnt
|-unboost|p1a: Walking Wake|spa|2
|faint|p2a: Alomomola
|
|-weather|SunnyDay|[upkeep]
|upkeep
|inactive|Lotadfan22 has 120 seconds left.
|
|t:|1760799965
|switch|p2a: Clefable|Clefable, F|36/100
|turn|18
|
|t:|1760799979
|-end|p1a: Walking Wake|Protosynthesis|[silent]
|switch|p1a: Ceruledge|Ceruledge, F|100/100 par
|switch|p2a: Pecharunt|Pecharunt|100/100
|
|-weather|SunnyDay|[upkeep]
|upkeep
|turn|19
|
|t:|1760799993
|move|p2a: Pecharunt|Shadow Ball|p1a: Ceruledge
|-supereffective|p1a: Ceruledge
|-damage|p1a: Ceruledge|55/100 par
|-unboost|p1a: Ceruledge|spd|1
|cant|p1a: Ceruledge|par
|
|-weather|SunnyDay|[upkeep]
|upkeep
|turn|20
|inactive|Lotadfan22 has 120 seconds left.
|inactive|coralvolar has 120 seconds left.
|
|t:|1760800024
|switch|p1a: Kingambit|Kingambit, F|58/100
|-damage|p1a: Kingambit|52/100|[from] Stealth Rock
|move|p2a: Pecharunt|Parting Shot|p1a: Kingambit
|-unboost|p1a: Kingambit|atk|1
|-unboost|p1a: Kingambit|spa|1
|
|t:|1760800027
|switch|p2a: Landorus|Landorus-Therian, M|100/100|[from] Parting Shot
|-ability|p2a: Landorus|Intimidate|boost
|-unboost|p1a: Kingambit|atk|1
|
|-weather|none
|upkeep
|turn|21
|
|t:|1760800041
|-end|p1a: Kingambit|fallenundefined|[silent]
|switch|p1a: Great Tusk|Great Tusk|79/100
|-damage|p1a: Great Tusk|76/100|[from] Stealth Rock
|move|p2a: Landorus|Earthquake|p1a: Great Tusk
|-damage|p1a: Great Tusk|36/100
|
|upkeep
|turn|22
|inactive|Lotadfan22 has 120 seconds left.
|inactive|Lotadfan22 has 90 seconds left.
|
|t:|1760800077
|move|p2a: Landorus|Earthquake|p1a: Great Tusk
|-crit|p1a: Great Tusk
|-damage|p1a: Great Tusk|0 fnt
|faint|p1a: Great Tusk
|-end|p1a: Great Tusk|Protosynthesis|[silent]
|
|upkeep
|
|t:|1760800084
|switch|p1a: Ninetales|Ninetales, M|51/100
|-damage|p1a: Ninetales|26/100|[from] Stealth Rock
|-weather|SunnyDay|[from] ability: Drought|[of] p1a: Ninetales
|turn|23
|inactive|Lotadfan22 has 90 seconds left.
|inactive|Lotadfan22 has 60 seconds left.
|
|t:|1760800140
|switch|p1a: Kingambit|Kingambit, F|52/100
|-damage|p1a: Kingambit|46/100|[from] Stealth Rock
|-activate|p1a: Kingambit|ability: Supreme Overlord
|-start|p1a: Kingambit|fallen1|[silent]
|move|p2a: Landorus|Earthquake|p1a: Kingambit
|-supereffective|p1a: Kingambit
|-damage|p1a: Kingambit|0 fnt
|faint|p1a: Kingambit
|-end|p1a: Kingambit|fallen1|[silent]
|
|-weather|SunnyDay|[upkeep]
|upkeep
|
|t:|1760800147
|switch|p1a: Walking Wake|Walking Wake|86/100
|-damage|p1a: Walking Wake|74/100|[from] Stealth Rock
|-activate|p1a: Walking Wake|ability: Protosynthesis
|-start|p1a: Walking Wake|protosynthesisspe
|turn|24
|inactive|Lotadfan22 has 60 seconds left.
|
|t:|1760800156
|switch|p2a: Scizor|Scizor, F|100/100
|-terastallize|p1a: Walking Wake|Stellar
|move|p1a: Walking Wake|Hydro Steam|p2a: Scizor
|-damage|p2a: Scizor|0 fnt
|faint|p2a: Scizor
|
|-weather|SunnyDay|[upkeep]
|upkeep
|inactive|Lotadfan22 has 60 seconds left.
|inactive|Lotadfan22 has 30 seconds left.
|inactive|Lotadfan22 has 20 seconds left.
|inactive|Lotadfan22 has 15 seconds left.
|inactive|Lotadfan22 has 10 seconds left.
|
|t:|1760800213
|switch|p2a: Pecharunt|Pecharunt|100/100
|turn|25
|inactive|Lotadfan22 has 20 seconds left this turn.
|
|t:|1760800219
|move|p1a: Walking Wake|Hydro Steam|p2a: Pecharunt
|-damage|p2a: Pecharunt|30/100
|move|p2a: Pecharunt|Parting Shot|p1a: Walking Wake
|-unboost|p1a: Walking Wake|atk|1
|-unboost|p1a: Walking Wake|spa|1
|inactive|Lotadfan22 has 25 seconds left this turn.
|inactive|Lotadfan22 has 20 seconds left.
|
|t:|1760800227
|switch|p2a: Clefable|Clefable, F|36/100|[from] Parting Shot
|
|-weather|SunnyDay|[upkeep]
|-heal|p2a: Clefable|42/100|[from] item: Leftovers
|upkeep
|turn|26
|inactive|Lotadfan22 has 30 seconds left this turn.
|
|t:|1760800239
|-end|p1a: Walking Wake|Protosynthesis|[silent]
|switch|p1a: Ceruledge|Ceruledge, F|55/100 par
|move|p2a: Clefable|Moonlight|p2a: Clefable
|-heal|p2a: Clefable|100/100
|
|-weather|SunnyDay|[upkeep]
|upkeep
|turn|27
|
|t:|1760800246
|switch|p2a: Pecharunt|Pecharunt|30/100
|move|p1a: Ceruledge|Bitter Blade|p2a: Pecharunt
|-damage|p2a: Pecharunt|0 fnt
|-heal|p1a: Ceruledge|71/100 par|[from] drain|[of] p2a: Pecharunt
|faint|p2a: Pecharunt
|
|-weather|SunnyDay|[upkeep]
|upkeep
|
|t:|1760800254
|switch|p2a: Landorus|Landorus-Therian, M|100/100
|-ability|p2a: Landorus|Intimidate|boost
|-unboost|p1a: Ceruledge|atk|1
|turn|28
|
|t:|1760800261
|move|p2a: Landorus|Earthquake|p1a: Ceruledge
|-supereffective|p1a: Ceruledge
|-damage|p1a: Ceruledge|0 fnt
|faint|p1a: Ceruledge
|
|-weather|SunnyDay|[upkeep]
|upkeep
|
|t:|1760800279
|switch|p1a: Walking Wake|Walking Wake, tera:Stellar|74/100
|-damage|p1a: Walking Wake|61/100|[from] Stealth Rock
|-activate|p1a: Walking Wake|ability: Protosynthesis
|-start|p1a: Walking Wake|protosynthesisspe
|turn|29
|
|t:|1760800301
|switch|p2a: Clefable|Clefable, F|100/100
|move|p1a: Walking Wake|Weather Ball|p2a: Clefable
|-damage|p2a: Clefable|34/100
|
|-weather|SunnyDay|[upkeep]
|-heal|p2a: Clefable|40/100|[from] item: Leftovers
|upkeep
|turn|30
|inactive|Lotadfan22 has 30 seconds left.
|
|t:|1760800333
|-terastallize|p2a: Clefable|Water
|move|p1a: Walking Wake|Weather Ball|p2a: Clefable
|-resisted|p2a: Clefable
|-damage|p2a: Clefable|16/100
|move|p2a: Clefable|Moonlight|p2a: Clefable
|-heal|p2a: Clefable|83/100
|
|-weather|none
|-end|p1a: Walking Wake|Protosynthesis
|-heal|p2a: Clefable|89/100|[from] item: Leftovers
|upkeep
|turn|31
|inactive|Lotadfan22 has 30 seconds left.
|
|t:|1760800344
|switch|p2a: Kingambit|Kingambit, F|100/100
|-activate|p2a: Kingambit|ability: Supreme Overlord
|-start|p2a: Kingambit|fallen3|[silent]
|move|p1a: Walking Wake|Draco Meteor|p2a: Kingambit
|-resisted|p2a: Kingambit
|-damage|p2a: Kingambit|41/100
|-unboost|p1a: Walking Wake|spa|2
|
|-heal|p2a: Kingambit|47/100|[from] item: Leftovers
|upkeep
|turn|32
|
|t:|1760800355
|-end|p1a: Walking Wake|Protosynthesis|[silent]
|switch|p1a: Raging Bolt|Raging Bolt|76/100
|-damage|p1a: Raging Bolt|64/100|[from] Stealth Rock
|move|p2a: Kingambit|Kowtow Cleave|p1a: Raging Bolt
|-damage|p1a: Raging Bolt|0 fnt
|faint|p1a: Raging Bolt
|-end|p1a: Raging Bolt|Protosynthesis|[silent]
|
|-heal|p2a: Kingambit|53/100|[from] item: Leftovers
|upkeep
|
|t:|1760800358
|switch|p1a: Ninetales|Ninetales, M|26/100
|-damage|p1a: Ninetales|2/100|[from] Stealth Rock
|-weather|SunnyDay|[from] ability: Drought|[of] p1a: Ninetales
|turn|33
|
|t:|1760800363
|move|p2a: Kingambit|Sucker Punch||[still]
|-fail|p2a: Kingambit
|move|p1a: Ninetales|Healing Wish|p1a: Ninetales
|faint|p1a: Ninetales
|
|-weather|SunnyDay|[upkeep]
|-heal|p2a: Kingambit|59/100|[from] item: Leftovers
|upkeep
|
|t:|1760800367
|switch|p1a: Walking Wake|Walking Wake, tera:Stellar|61/100
|-heal|p1a: Walking Wake|100/100|[from] move: Healing Wish
|-damage|p1a: Walking Wake|88/100|[from] Stealth Rock
|-activate|p1a: Walking Wake|ability: Protosynthesis
|-start|p1a: Walking Wake|protosynthesisspe
|turn|34
|inactive|Lotadfan22 has 60 seconds left.
|
|t:|1760800386
|-end|p2a: Kingambit|fallen3|[silent]
|switch|p2a: Clefable|Clefable, F, tera:Water|89/100
|move|p1a: Walking Wake|Hydro Steam|p2a: Clefable
|-resisted|p2a: Clefable
|-damage|p2a: Clefable|56/100
|
|-weather|SunnyDay|[upkeep]
|-heal|p2a: Clefable|62/100|[from] item: Leftovers
|upkeep
|turn|35
|inactive|Lotadfan22 has 60 seconds left.
|
|t:|1760800399
|move|p1a: Walking Wake|Draco Meteor|p2a: Clefable|[miss]
|-miss|p1a: Walking Wake|p2a: Clefable
|move|p2a: Clefable|Thunder Wave|p1a: Walking Wake
|-status|p1a: Walking Wake|par
|
|-weather|SunnyDay|[upkeep]
|-heal|p2a: Clefable|69/100|[from] item: Leftovers
|upkeep
|turn|36
|
|t:|1760800404
|move|p1a: Walking Wake|Draco Meteor|p2a: Clefable|[miss]
|-miss|p1a: Walking Wake|p2a: Clefable
|move|p2a: Clefable|Moonblast|p1a: Walking Wake
|-supereffective|p1a: Walking Wake
|-damage|p1a: Walking Wake|17/100 par
|
|-weather|SunnyDay|[upkeep]
|-heal|p2a: Clefable|75/100|[from] item: Leftovers
|upkeep
|turn|37
|c|☆coralvolar|cool gg
|-message|coralvolar forfeited.
|
|win|Lotadfan22
|raw|coralvolar's rating: 1270 &rarr; <strong>1249</strong><br />(-21 for losing)
|raw|Lotadfan22's rating: 1319 &rarr; <strong>1336</strong><br />(+17 for winning)
|l|☆coralvolar
|player|p1|
