|j|☆RNG Savage
|j|☆Winter6097
|t:|1760790377
|gametype|singles
|player|p1|RNG Savage|giovanni-gen3|1365
|player|p2|Winter6097|dancer|1402
|gen|9
|tier|[Gen 9] OU
|rated|
|rule|HP Percentage Mod: HP is shown in percentages
|rule|Endless Battle Clause: Forcing endless battles is banned
|rule|Species Clause: Limit one of each Pokémon
|rule|OHKO Clause: OHKO moves are banned
|rule|Evasion Items Clause: Evasion items are banned
|rule|Evasion Moves Clause: Evasion moves are banned
|rule|Evasion Abilities Clause: Evasion abilities are banned
|rule|Sleep Moves Clause: Sleep-inducing moves are banned
|clearpoke
|poke|p1|Samurott-Hisui, M|
|poke|p1|Kleavor, M|
|poke|p1|Gallade, M|
|poke|p1|Latias, F|
|poke|p1|Scizor, F|
|poke|p1|Sandy Shocks|
|poke|p2|Polteageist|
|poke|p2|Indeedee-F, F|
|poke|p2|Hatterene, F|
|poke|p2|Hoopa-Unbound|
|poke|p2|Hawlucha, F|
|poke|p2|Delphox, F|
|teampreview
|inactive|Battle timer is ON: inactive players will automatically lose when time's up. (requested by Winter6097)
|
|t:|1760790397
|teamsize|p1|6
|teamsize|p2|6
|start
|switch|p1a: Samurott|Samurott-Hisui, M, shiny|100/100
|switch|p2a: Hawlucha|Hawlucha, F|100/100
|turn|1
|
|t:|1760790402
|move|p2a: Hawlucha|Close Combat|p1a: Samurott
|-supereffective|p1a: Samurott
|-damage|p1a: Samurott|0 fnt
|-unboost|p2a: Hawlucha|def|1
|-unboost|p2a: Hawlucha|spd|1
|faint|p1a: Samurott
|
|upkeep
|
|t:|1760790411
|switch|p1a: Scizor|Scizor, F, shiny|100/100
|turn|2
|
|t:|1760790417
|move|p2a: Hawlucha|Fire Punch|p1a: Scizor
|-supereffective|p1a: Scizor
|-crit|p1a: Scizor
|-damage|p1a: Scizor|0 fnt
|faint|p1a: Scizor
|
|upkeep
|
|t:|1760790420
|switch|p1a: Kleavor|Kleavor, M|100/100
|turn|3
|
|t:|1760790431
|switch|p2a: Maiden|Indeedee-F, F|100/100
|-fieldstart|move: Psychic Terrain|[from] ability: Psychic Surge|[of] p2a: Maiden
|move|p1a: Kleavor|Stone Axe|p2a: Maiden
|-damage|p2a: Maiden|37/100
|-sidestart|p2: Winter6097|move: Stealth Rock
|
|upkeep
|turn|4
|
|t:|1760790437
|switch|p2a: Anti-Hazard|Hatterene, F|100/100
|-damage|p2a: Anti-Hazard|88/100|[from] Stealth Rock
|move|p1a: Kleavor|X-Scissor|p2a: Anti-Hazard
|-damage|p2a: Anti-Hazard|42/100
|-enditem|p2a: Anti-Hazard|Eject Button
|
|t:|1760790451
|switch|p2a: Need mega NOW|Delphox, F|100/100
|-damage|p2a: Need mega NOW|76/100|[from] Stealth Rock
|
|upkeep
|turn|5
|
|t:|1760790457
|move|p2a: Need mega NOW|Expanding Force|p1a: Kleavor
|-damage|p1a: Kleavor|17/100
|move|p1a: Kleavor|Stone Axe|p2a: Need mega NOW
|-supereffective|p2a: Need mega NOW
|-damage|p2a: Need mega NOW|0 fnt
|faint|p2a: Need mega NOW
|
|upkeep
|
|t:|1760790460
|switch|p2a: Hawlucha|Hawlucha, F|100/100
|-damage|p2a: Hawlucha|88/100|[from] Stealth Rock
|-enditem|p2a: Hawlucha|Psychic Seed
|-boost|p2a: Hawlucha|spd|1|[from] item: Psychic Seed
|turn|6
|
|t:|1760790465
|-terastallize|p2a: Hawlucha|Steel
|move|p2a: Hawlucha|Swords Dance|p2a: Hawlucha
|-boost|p2a: Hawlucha|atk|2
|move|p1a: Kleavor|X-Scissor|p2a: Hawlucha
|-resisted|p2a: Hawlucha
|-damage|p2a: Hawlucha|52/100
|
|upkeep
|turn|7
|
|t:|1760790470
|move|p2a: Hawlucha|Acrobatics|p1a: Kleavor
|-damage|p1a: Kleavor|0 fnt
|faint|p1a: Kleavor
|
|upkeep
|
|t:|1760790477
|switch|p1a: Sandy Shocks|Sandy Shocks, shiny|100/100
|-enditem|p1a: Sandy Shocks|Booster Energy
|-activate|p1a: Sandy Shocks|ability: Protosynthesis|[fromitem]
|-start|p1a: Sandy Shocks|protosynthesisspe
|turn|8
|
|t:|1760790486
|move|p2a: Hawlucha|Close Combat|p1a: Sandy Shocks
|-damage|p1a: Sandy Shocks|13/100
|-unboost|p2a: Hawlucha|def|1
|-unboost|p2a: Hawlucha|spd|1
|move|p1a: Sandy Shocks|Body Press|p2a: Hawlucha
|-supereffective|p2a: Hawlucha
|-damage|p2a: Hawlucha|0 fnt
|faint|p2a: Hawlucha
|
|upkeep
|
|t:|1760790501
|switch|p2a: SURPRISE|Polteageist|100/100
|-damage|p2a: SURPRISE|88/100|[from] Stealth Rock
|turn|9
|
|t:|1760790504
|move|p1a: Sandy Shocks|Thunder Wave|p2a: SURPRISE
|-status|p2a: SURPRISE|par
|move|p2a: SURPRISE|Shell Smash|p2a: SURPRISE
|-unboost|p2a: SURPRISE|def|1
|-unboost|p2a: SURPRISE|spd|1
|-boost|p2a: SURPRISE|atk|2
|-boost|p2a: SURPRISE|spa|2
|-boost|p2a: SURPRISE|spe|2
|
|upkeep
|turn|10
|
|t:|1760790512
|move|p1a: Sandy Shocks|Thunderbolt|p2a: SURPRISE
|-damage|p2a: SURPRISE|28/100 par
|move|p2a: SURPRISE|Shadow Ball|p1a: Sandy Shocks
|-damage|p1a: Sandy Shocks|0 fnt
|faint|p1a: Sandy Shocks
|-end|p1a: Sandy Shocks|Protosynthesis|[silent]
|
|-fieldend|move: Psychic Terrain
|upkeep
|
|t:|1760790520
|switch|p1a: Latias|Latias, F|100/100
|turn|11
|
|t:|1760790534
|move|p2a: SURPRISE|Shadow Ball|p1a: Latias
|-supereffective|p1a: Latias
|-damage|p1a: Latias|0 fnt
|faint|p1a: Latias
|
|upkeep
|
|t:|1760790537
|switch|p1a: Gallade|Gallade, M, shiny|100/100
|turn|12
|
|t:|1760790542
|switch|p2a: Maiden|Indeedee-F, F|37/100
|-damage|p2a: Maiden|25/100|[from] Stealth Rock
|-fieldstart|move: Psychic Terrain|[from] ability: Psychic Surge|[of] p2a: Maiden
|move|p1a: Gallade|Swords Dance|p1a: Gallade
|-boost|p1a: Gallade|atk|2
|
|upkeep
|turn|13
|
|t:|1760790550
|move|p1a: Gallade|Agility|p1a: Gallade
|-boost|p1a: Gallade|spe|2
|move|p2a: Maiden|Psyshock|p1a: Gallade
|-damage|p1a: Gallade|59/100
|
|upkeep
|turn|14
|
|t:|1760790564
|move|p1a: Gallade|Psycho Cut|p2a: Maiden
|-resisted|p2a: Maiden
|-damage|p2a: Maiden|0 fnt
|faint|p2a: Maiden
|
|upkeep
|
|t:|1760790576
|switch|p2a: Megamind|Hoopa-Unbound|100/100
|-damage|p2a: Megamind|88/100|[from] Stealth Rock
|turn|15
|
|t:|1760790579
|move|p1a: Gallade|Sacred Sword|p2a: Megamind
|-damage|p2a: Megamind|0 fnt
|faint|p2a: Megamind
|
|upkeep
|-message|Winter6097 forfeited.
|
|win|RNG Savage
|raw|RNG Savage's rating: 1365 &rarr; <strong>1387</strong><br />(+22 for winning)
|raw|Winter6097's rating: 1402 &rarr; <strong>1380</strong><br />(-22 for losing)
|l|☆Winter6097
|player|p2|
|l|☆RNG Savage
|player|p1|
