|j|☆Gobbldygook
|j|☆Beedraxx
|t:|1760779773
|gametype|singles
|player|p1|Gobbldygook|harlequin|1129
|player|p2|Beedraxx|cynthia-gen4|1176
|gen|9
|tier|[Gen 9] OU
|rated|
|rule|HP Percentage Mod: HP is shown in percentages
|rule|Endless Battle Clause: Forcing endless battles is banned
|rule|Species Clause: Limit one of each Pokémon
|rule|OHKO Clause: OHKO moves are banned
|rule|Evasion Items Clause: Evasion items are banned
|rule|Evasion Moves Clause: Evasion moves are banned
|rule|Evasion Abilities Clause: Evasion abilities are banned
|rule|Sleep Moves Clause: Sleep-inducing moves are banned
|clearpoke
|poke|p1|Regirock|
|poke|p1|Galvantula, F|
|poke|p1|Heatran, F|
|poke|p1|Alomomola, F|
|poke|p1|Iron Valiant|
|poke|p1|Reuniclus, M|
|poke|p2|Scizor, M|
|poke|p2|Dragapult, M|
|poke|p2|Darkrai|
|poke|p2|Alomomola, M|
|poke|p2|Cinderace, F|
|poke|p2|Gliscor, F|
|teampreview
|
|t:|1760779790
|teamsize|p1|6
|teamsize|p2|6
|start
|switch|p1a: I Love Webs|Galvantula, F|100/100
|switch|p2a: Cinderace|Cinderace, F|100/100
|turn|1
|
|t:|1760779804
|-terastallize|p1a: I Love Webs|Water
|move|p2a: Cinderace|U-turn|p1a: I Love Webs
|-start|p2a: Cinderace|typechange|Bug|[from] ability: Libero
|-damage|p1a: I Love Webs|38/100
|
|t:|1760779819
|switch|p2a: Scizor|Scizor, M, shiny|100/100|[from] U-turn
|move|p1a: I Love Webs|Tera Blast|p2a: Scizor|[anim] Tera Blast Water
|-damage|p2a: Scizor|43/100
|
|upkeep
|turn|2
|
|t:|1760779829
|move|p2a: Scizor|Quick Attack|p1a: I Love Webs
|-damage|p1a: I Love Webs|0 fnt
|faint|p1a: I Love Webs
|
|upkeep
|
|t:|1760779844
|switch|p1a: Regirock|Regirock|100/100
|turn|3
|
|t:|1760779850
|switch|p2a: Gliscor|Gliscor, F|100/100
|move|p1a: Regirock|Iron Defense|p1a: Regirock
|-boost|p1a: Regirock|def|2
|
|-status|p2a: Gliscor|tox|[from] item: Toxic Orb
|upkeep
|turn|4
|
|t:|1760779861
|move|p2a: Gliscor|Stealth Rock|p1a: Regirock
|-sidestart|p1: Gobbldygook|move: Stealth Rock
|move|p1a: Regirock|Iron Defense|p1a: Regirock
|-boost|p1a: Regirock|def|2
|
|upkeep
|turn|5
|
|t:|1760779869
|move|p2a: Gliscor|Toxic|p1a: Regirock
|-status|p1a: Regirock|tox
|move|p1a: Regirock|Iron Defense|p1a: Regirock
|-boost|p1a: Regirock|def|2
|
|-damage|p1a: Regirock|94/100 tox|[from] psn
|upkeep
|turn|6
|
|t:|1760779881
|move|p2a: Gliscor|Earthquake|p1a: Regirock
|-supereffective|p1a: Regirock
|-damage|p1a: Regirock|87/100 tox
|move|p1a: Regirock|Body Press|p2a: Gliscor
|-resisted|p2a: Gliscor
|-damage|p2a: Gliscor|39/100 tox
|
|-heal|p2a: Gliscor|51/100 tox|[from] ability: Poison Heal
|-damage|p1a: Regirock|75/100 tox|[from] psn
|upkeep
|turn|7
|
|t:|1760779894
|move|p2a: Gliscor|Protect|p2a: Gliscor
|-singleturn|p2a: Gliscor|Protect
|move|p1a: Regirock|Stealth Rock|p2a: Gliscor
|-sidestart|p2: Beedraxx|move: Stealth Rock
|
|-heal|p2a: Gliscor|64/100 tox|[from] ability: Poison Heal
|-damage|p1a: Regirock|57/100 tox|[from] psn
|upkeep
|turn|8
|
|t:|1760779911
|switch|p2a: Alomomola|Alomomola, M|100/100
|-damage|p2a: Alomomola|88/100|[from] Stealth Rock
|move|p1a: Regirock|Body Press|p2a: Alomomola
|-damage|p2a: Alomomola|0 fnt
|-damage|p1a: Regirock|41/100 tox|[from] item: Rocky Helmet|[of] p2a: Alomomola
|faint|p2a: Alomomola
|
|-damage|p1a: Regirock|16/100 tox|[from] psn
|upkeep
|
|t:|1760779928
|switch|p2a: Scizor|Scizor, M, shiny|43/100
|-damage|p2a: Scizor|31/100|[from] Stealth Rock
|turn|9
|-enditem|p1a: Regirock|Custap Berry|[eat]
|-activate|p1a: Regirock|item: Custap Berry|[consumed]
|
|t:|1760779933
|move|p2a: Scizor|Bullet Punch|p1a: Regirock
|-supereffective|p1a: Regirock
|-damage|p1a: Regirock|7/100 tox
|move|p1a: Regirock|Body Press|p2a: Scizor
|-damage|p2a: Scizor|0 fnt
|faint|p2a: Scizor
|
|-damage|p1a: Regirock|0 fnt|[from] psn
|faint|p1a: Regirock
|upkeep
|
|t:|1760779956
|switch|p2a: Dragapult|Dragapult, M|100/100
|switch|p1a: Iron Valiant|Iron Valiant|100/100
|-damage|p1a: Iron Valiant|94/100|[from] Stealth Rock
|-enditem|p1a: Iron Valiant|Booster Energy
|-activate|p1a: Iron Valiant|ability: Quark Drive|[fromitem]
|-start|p1a: Iron Valiant|quarkdrivespe
|turn|10
|
|t:|1760779980
|switch|p2a: Gliscor|Gliscor, F|64/100 tox
|-damage|p2a: Gliscor|51/100 tox|[from] Stealth Rock
|move|p1a: Iron Valiant|Shadow Claw|p2a: Gliscor
|-damage|p2a: Gliscor|30/100 tox
|
|-heal|p2a: Gliscor|43/100 tox|[from] ability: Poison Heal
|upkeep
|turn|11
|
|t:|1760779994
|move|p2a: Gliscor|Protect|p2a: Gliscor
|-singleturn|p2a: Gliscor|Protect
|move|p1a: Iron Valiant|Swords Dance|p1a: Iron Valiant
|-boost|p1a: Iron Valiant|atk|2
|
|-heal|p2a: Gliscor|55/100 tox|[from] ability: Poison Heal
|upkeep
|turn|12
|
|t:|1760780012
|move|p1a: Iron Valiant|Spirit Break|p2a: Gliscor
|-damage|p2a: Gliscor|0 fnt
|faint|p2a: Gliscor
|
|upkeep
|
|t:|1760780019
|switch|p2a: Darkrai|Darkrai, shiny|100/100
|-damage|p2a: Darkrai|88/100|[from] Stealth Rock
|turn|13
|
|t:|1760780029
|-terastallize|p2a: Darkrai|Fairy
|move|p1a: Iron Valiant|Spirit Break|p2a: Darkrai
|-damage|p2a: Darkrai|0 fnt
|faint|p2a: Darkrai
|
|upkeep
|-message|Beedraxx forfeited.
|
|win|Gobbldygook
|raw|Gobbldygook's rating: 1129 &rarr; <strong>1157</strong><br />(+28 for winning)
|raw|Beedraxx's rating: 1176 &rarr; <strong>1148</strong><br />(-28 for losing)
|l|☆Beedraxx
|player|p2|
|l|☆Gobbldygook
|player|p1|
