|j|☆A9MG
|j|☆Lord Sodium
|t:|1760806753
|gametype|singles
|player|p1|A9MG|nurseryaide|1476
|player|p2|Lord Sodium|alec-anime|1494
|gen|9
|tier|[Gen 9] OU
|rated|
|rule|HP Percentage Mod: HP is shown in percentages
|rule|Endless Battle Clause: Forcing endless battles is banned
|rule|Species Clause: Limit one of each Pokémon
|rule|OHKO Clause: OHKO moves are banned
|rule|Evasion Items Clause: Evasion items are banned
|rule|Evasion Moves Clause: Evasion moves are banned
|rule|Evasion Abilities Clause: Evasion abilities are banned
|rule|Sleep Moves Clause: Sleep-inducing moves are banned
|clearpoke
|poke|p1|Azumarill, F|
|poke|p1|Great Tusk|
|poke|p1|Iron Moth|
|poke|p1|Iron Valiant|
|poke|p1|Landorus-Therian, M|
|poke|p1|Zarude|
|poke|p2|Mamoswine, M|
|poke|p2|Slowking-Galar, F|
|poke|p2|Rillaboom, M|
|poke|p2|Corviknight, F|
|poke|p2|Samurott-Hisui, M|
|poke|p2|Raging Bolt|
|teampreview
|inactive|Battle timer is ON: inactive players will automatically lose when time's up. (requested by A9MG)
|
|t:|1760806773
|teamsize|p1|6
|teamsize|p2|6
|start
|switch|p1a: Azumarill|Azumarill, F|100/100
|switch|p2a: Samurott|Samurott-Hisui, M|100/100
|turn|1
|
|t:|1760806778
|move|p2a: Samurott|Flip Turn|p1a: Azumarill
|-resisted|p1a: Azumarill
|-damage|p1a: Azumarill|85/100
|
|t:|1760806785
|switch|p2a: Corviknight|Corviknight, F|100/100|[from] Flip Turn
|-ability|p2a: Corviknight|Pressure
|move|p1a: Azumarill|Play Rough|p2a: Corviknight
|-resisted|p2a: Corviknight
|-damage|p2a: Corviknight|75/100
|-damage|p1a: Azumarill|68/100|[from] item: Rocky Helmet|[of] p2a: Corviknight
|
|upkeep
|turn|2
|
|t:|1760806794
|switch|p1a: Landorus|Landorus-Therian, M|100/100
|-ability|p1a: Landorus|Intimidate|boost
|-unboost|p2a: Corviknight|atk|1
|switch|p2a: Rillaboom|Rillaboom, M|100/100
|-fieldstart|move: Grassy Terrain|[from] ability: Grassy Surge|[of] p2a: Rillaboom
|
|upkeep
|turn|3
|
|t:|1760806804
|move|p1a: Landorus|Stealth Rock|p2a: Rillaboom
|-sidestart|p2: Lord Sodium|move: Stealth Rock
|move|p2a: Rillaboom|Knock Off|p1a: Landorus
|-damage|p1a: Landorus|52/100
|-damage|p2a: Rillaboom|84/100|[from] item: Rocky Helmet|[of] p1a: Landorus
|-enditem|p1a: Landorus|Rocky Helmet|[from] move: Knock Off|[of] p2a: Rillaboom
|-damage|p2a: Rillaboom|74/100|[from] item: Life Orb
|
|-heal|p2a: Rillaboom|80/100|[from] Grassy Terrain
|upkeep
|turn|4
|
|t:|1760806813
|switch|p2a: Corviknight|Corviknight, F|75/100
|-damage|p2a: Corviknight|63/100|[from] Stealth Rock
|-ability|p2a: Corviknight|Pressure
|move|p1a: Landorus|U-turn|p2a: Corviknight
|-resisted|p2a: Corviknight
|-damage|p2a: Corviknight|60/100
|-damage|p1a: Landorus|36/100|[from] item: Rocky Helmet|[of] p2a: Corviknight
|
|t:|1760806827
|switch|p1a: Iron Valiant|Iron Valiant|100/100|[from] U-turn
|
|upkeep
|turn|5
|
|t:|1760806835
|switch|p2a: Slowking|Slowking-Galar, F|100/100
|move|p1a: Iron Valiant|Moonblast|p2a: Slowking
|-resisted|p2a: Slowking
|-damage|p2a: Slowking|79/100
|-unboost|p2a: Slowking|spa|1
|
|-heal|p2a: Slowking|85/100|[from] Grassy Terrain
|upkeep
|turn|6
|
|t:|1760806844
|-end|p1a: Iron Valiant|Quark Drive|[silent]
|switch|p1a: Zarude|Zarude|100/100
|move|p2a: Slowking|Future Sight|p1a: Zarude
|-start|p2a: Slowking|move: Future Sight
|
|-heal|p2a: Slowking|91/100|[from] Grassy Terrain
|-fieldend|move: Grassy Terrain
|upkeep
|turn|7
|
|t:|1760806854
|switch|p2a: Corviknight|Corviknight, F|60/100
|-damage|p2a: Corviknight|47/100|[from] Stealth Rock
|-ability|p2a: Corviknight|Pressure
|move|p1a: Zarude|Knock Off|p2a: Corviknight
|-damage|p2a: Corviknight|17/100
|-damage|p1a: Zarude|84/100|[from] item: Rocky Helmet|[of] p2a: Corviknight
|-enditem|p2a: Corviknight|Rocky Helmet|[from] move: Knock Off|[of] p1a: Zarude
|
|upkeep
|turn|8
|
|t:|1760806868
|move|p1a: Zarude|Close Combat|p2a: Corviknight
|-damage|p2a: Corviknight|0 fnt
|-unboost|p1a: Zarude|def|1
|-unboost|p1a: Zarude|spd|1
|faint|p2a: Corviknight
|
|-end|p1a: Zarude|move: Future Sight
|-immune|p1a: Zarude
|upkeep
|
|t:|1760806874
|switch|p2a: Raging Bolt|Raging Bolt|100/100
|-damage|p2a: Raging Bolt|88/100|[from] Stealth Rock
|-enditem|p2a: Raging Bolt|Booster Energy
|-activate|p2a: Raging Bolt|ability: Protosynthesis|[fromitem]
|-start|p2a: Raging Bolt|protosynthesisspa
|turn|9
|
|t:|1760806885
|move|p2a: Raging Bolt|Thunderbolt|p1a: Zarude
|-resisted|p1a: Zarude
|-damage|p1a: Zarude|54/100
|move|p1a: Zarude|Close Combat|p2a: Raging Bolt
|-damage|p2a: Raging Bolt|48/100
|-unboost|p1a: Zarude|def|1
|-unboost|p1a: Zarude|spd|1
|
|upkeep
|turn|10
|
|t:|1760806896
|move|p2a: Raging Bolt|Dragon Pulse|p1a: Zarude
|-damage|p1a: Zarude|0 fnt
|faint|p1a: Zarude
|
|upkeep
|
|t:|1760806902
|switch|p1a: Landorus|Landorus-Therian, M|36/100
|-ability|p1a: Landorus|Intimidate|boost
|-unboost|p2a: Raging Bolt|atk|1
|turn|11
|
|t:|1760806923
|-terastallize|p2a: Raging Bolt|Bug
|move|p1a: Landorus|U-turn|p2a: Raging Bolt
|-damage|p2a: Raging Bolt|31/100
|
|t:|1760806929
|switch|p1a: Azumarill|Azumarill, F|68/100|[from] U-turn
|move|p2a: Raging Bolt|Dragon Pulse|p1a: Azumarill
|-immune|p1a: Azumarill
|
|upkeep
|turn|12
|
|t:|1760806941
|move|p1a: Azumarill|Aqua Jet|p2a: Raging Bolt
|-damage|p2a: Raging Bolt|0 fnt
|faint|p2a: Raging Bolt
|-end|p2a: Raging Bolt|Protosynthesis|[silent]
|
|upkeep
|
|t:|1760806946
|switch|p2a: Rillaboom|Rillaboom, M|80/100
|-damage|p2a: Rillaboom|68/100|[from] Stealth Rock
|-fieldstart|move: Grassy Terrain|[from] ability: Grassy Surge|[of] p2a: Rillaboom
|turn|13
|
|t:|1760806951
|switch|p1a: Landorus|Landorus-Therian, M|36/100
|-ability|p1a: Landorus|Intimidate|boost
|-unboost|p2a: Rillaboom|atk|1
|move|p2a: Rillaboom|Knock Off|p1a: Landorus
|-damage|p1a: Landorus|15/100
|-damage|p2a: Rillaboom|58/100|[from] item: Life Orb
|
|-heal|p2a: Rillaboom|64/100|[from] Grassy Terrain
|upkeep
|turn|14
|
|t:|1760806965
|move|p1a: Landorus|U-turn|p2a: Rillaboom
|-supereffective|p2a: Rillaboom
|-damage|p2a: Rillaboom|21/100
|
|t:|1760806972
|switch|p1a: Iron Moth|Iron Moth|100/100|[from] U-turn
|-enditem|p1a: Iron Moth|Booster Energy
|-activate|p1a: Iron Moth|ability: Quark Drive|[fromitem]
|-start|p1a: Iron Moth|quarkdrivespe
|move|p2a: Rillaboom|Knock Off|p1a: Iron Moth
|-damage|p1a: Iron Moth|73/100
|-damage|p2a: Rillaboom|11/100|[from] item: Life Orb
|
|-heal|p1a: Iron Moth|79/100|[from] Grassy Terrain
|-heal|p2a: Rillaboom|17/100|[from] Grassy Terrain
|upkeep
|turn|15
|
|t:|1760806985
|switch|p2a: Slowking|Slowking-Galar, F|100/100
|move|p1a: Iron Moth|Fiery Dance|p2a: Slowking
|-damage|p2a: Slowking|74/100
|-boost|p1a: Iron Moth|spa|1
|
|-heal|p1a: Iron Moth|85/100|[from] Grassy Terrain
|-heal|p2a: Slowking|80/100|[from] Grassy Terrain
|upkeep
|turn|16
|
|t:|1760806997
|-terastallize|p1a: Iron Moth|Ground
|move|p1a: Iron Moth|Tera Blast|p2a: Slowking|[anim] Tera Blast Ground
|-supereffective|p2a: Slowking
|-damage|p2a: Slowking|13/100
|move|p2a: Slowking|Future Sight|p1a: Iron Moth
|-start|p2a: Slowking|move: Future Sight
|
|-heal|p1a: Iron Moth|91/100|[from] Grassy Terrain
|-heal|p2a: Slowking|20/100|[from] Grassy Terrain
|upkeep
|turn|17
|
|t:|1760807010
|move|p1a: Iron Moth|Fiery Dance|p2a: Slowking
|-damage|p2a: Slowking|0 fnt
|faint|p2a: Slowking
|
|-heal|p1a: Iron Moth|97/100|[from] Grassy Terrain
|-fieldend|move: Grassy Terrain
|upkeep
|
|t:|1760807012
|switch|p2a: Rillaboom|Rillaboom, M|17/100
|-damage|p2a: Rillaboom|5/100|[from] Stealth Rock
|-fieldstart|move: Grassy Terrain|[from] ability: Grassy Surge|[of] p2a: Rillaboom
|turn|18
|
|t:|1760807021
|-end|p1a: Iron Moth|Quark Drive|[silent]
|switch|p1a: Landorus|Landorus-Therian, M|15/100
|-ability|p1a: Landorus|Intimidate|boost
|-unboost|p2a: Rillaboom|atk|1
|move|p2a: Rillaboom|Swords Dance|p2a: Rillaboom
|-boost|p2a: Rillaboom|atk|2
|
|-end|p1a: Landorus|move: Future Sight
|-damage|p1a: Landorus|0 fnt
|faint|p1a: Landorus
|-heal|p2a: Rillaboom|11/100|[from] Grassy Terrain
|upkeep
|
|t:|1760807032
|switch|p1a: Iron Valiant|Iron Valiant|100/100
|turn|19
|
|t:|1760807036
|move|p1a: Iron Valiant|Vacuum Wave|p2a: Rillaboom
|-damage|p2a: Rillaboom|0 fnt
|faint|p2a: Rillaboom
|
|upkeep
|
|t:|1760807040
|switch|p2a: Samurott|Samurott-Hisui, M|100/100
|-damage|p2a: Samurott|88/100|[from] Stealth Rock
|turn|20
|
|t:|1760807044
|-end|p1a: Iron Valiant|Quark Drive|[silent]
|switch|p1a: Azumarill|Azumarill, F|68/100
|move|p2a: Samurott|Razor Shell|p1a: Azumarill
|-resisted|p1a: Azumarill
|-damage|p1a: Azumarill|38/100
|
|-heal|p2a: Samurott|94/100|[from] Grassy Terrain
|-heal|p1a: Azumarill|44/100|[from] Grassy Terrain
|upkeep
|turn|21
|
|t:|1760807053
|move|p2a: Samurott|Razor Shell|p1a: Azumarill
|-resisted|p1a: Azumarill
|-damage|p1a: Azumarill|15/100
|-unboost|p1a: Azumarill|def|1
|move|p1a: Azumarill|Play Rough|p2a: Samurott|[miss]
|-miss|p1a: Azumarill|p2a: Samurott
|
|-heal|p2a: Samurott|100/100|[from] Grassy Terrain
|-heal|p1a: Azumarill|21/100|[from] Grassy Terrain
|upkeep
|turn|22
|
|t:|1760807065
|switch|p1a: Iron Moth|Iron Moth, tera:Ground|97/100
|move|p2a: Samurott|Razor Shell|p1a: Iron Moth
|-supereffective|p1a: Iron Moth
|-damage|p1a: Iron Moth|0 fnt
|faint|p1a: Iron Moth
|-end|p1a: Iron Moth|Quark Drive|[silent]
|
|-fieldend|move: Grassy Terrain
|upkeep
|
|t:|1760807073
|switch|p1a: Iron Valiant|Iron Valiant|100/100
|turn|23
|
|t:|1760807076
|move|p2a: Samurott|Razor Shell|p1a: Iron Valiant
|-damage|p1a: Iron Valiant|32/100
|-unboost|p1a: Iron Valiant|def|1
|move|p1a: Iron Valiant|Moonblast|p2a: Samurott
|-supereffective|p2a: Samurott
|-damage|p2a: Samurott|0 fnt
|faint|p2a: Samurott
|
|upkeep
|
|t:|1760807079
|switch|p2a: Mamoswine|Mamoswine, M|100/100
|-damage|p2a: Mamoswine|88/100|[from] Stealth Rock
|turn|24
|
|t:|1760807087
|-end|p1a: Iron Valiant|Quark Drive|[silent]
|switch|p1a: Great Tusk|Great Tusk|100/100
|-enditem|p1a: Great Tusk|Booster Energy
|-activate|p1a: Great Tusk|ability: Protosynthesis|[fromitem]
|-start|p1a: Great Tusk|protosynthesisspe
|move|p2a: Mamoswine|Ice Shard|p1a: Great Tusk
|-supereffective|p1a: Great Tusk
|-damage|p1a: Great Tusk|70/100
|
|upkeep
|turn|25
|
|t:|1760807097
|move|p1a: Great Tusk|Headlong Rush|p2a: Mamoswine
|-damage|p2a: Mamoswine|32/100
|-unboost|p1a: Great Tusk|def|1
|-unboost|p1a: Great Tusk|spd|1
|move|p2a: Mamoswine|Icicle Spear|p1a: Great Tusk
|-supereffective|p1a: Great Tusk
|-damage|p1a: Great Tusk|41/100
|-supereffective|p1a: Great Tusk
|-damage|p1a: Great Tusk|12/100
|-supereffective|p1a: Great Tusk
|-damage|p1a: Great Tusk|0 fnt
|faint|p1a: Great Tusk
|-end|p1a: Great Tusk|Protosynthesis|[silent]
|-hitcount|p1: Great Tusk|3
|
|upkeep
|-message|Lord Sodium forfeited.
|
|win|A9MG
|raw|A9MG's rating: 1476 &rarr; <strong>1497</strong><br />(+21 for winning)
|raw|Lord Sodium's rating: 1494 &rarr; <strong>1473</strong><br />(-21 for losing)
|l|☆Lord Sodium
|player|p2|
