|j|☆ShyBlizz-
|j|☆Shattersong
|t:|1760827167
|gametype|singles
|player|p1|ShyBlizz-|tuber|1240
|player|p2|Shattersong|170|1283
|gen|9
|tier|[Gen 9] OU
|rated|
|rule|HP Percentage Mod: HP is shown in percentages
|rule|Endless Battle Clause: Forcing endless battles is banned
|rule|Species Clause: Limit one of each Pokémon
|rule|OHKO Clause: OHKO moves are banned
|rule|Evasion Items Clause: Evasion items are banned
|rule|Evasion Moves Clause: Evasion moves are banned
|rule|Evasion Abilities Clause: Evasion abilities are banned
|rule|Sleep Moves Clause: Sleep-inducing moves are banned
|clearpoke
|poke|p1|Breloom, F|
|poke|p1|Zapdos|
|poke|p1|Rillaboom, M|
|poke|p1|Okidogi, M|
|poke|p1|Toxapex, M|
|poke|p1|Hitmonchan, M|
|poke|p2|Ribombee, F|
|poke|p2|Empoleon, M|
|poke|p2|Kingambit, M|
|poke|p2|Cinderace, F|
|poke|p2|Malamar, M|
|poke|p2|Serperior, F|
|teampreview
|
|t:|1760827172
|teamsize|p1|6
|teamsize|p2|6
|start
|switch|p1a: Zapdos|Zapdos, shiny|100/100
|switch|p2a: Ori|Ribombee, F, shiny|100/100
|turn|1
|
|t:|1760827190
|move|p2a: Ori|Sticky Web|p1a: Zapdos
|-sidestart|p1: ShyBlizz-|move: Sticky Web
|move|p1a: Zapdos|Light Screen|p1a: Zapdos
|-sidestart|p1: ShyBlizz-|move: Light Screen
|
|upkeep
|turn|2
|
|t:|1760827194
|move|p2a: Ori|Quiver Dance|p2a: Ori
|-boost|p2a: Ori|spa|1
|-boost|p2a: Ori|spd|1
|-boost|p2a: Ori|spe|1
|move|p1a: Zapdos|Hurricane|p2a: Ori
|-supereffective|p2a: Ori
|-enditem|p2a: Ori|Focus Sash
|-damage|p2a: Ori|1/100
|
|upkeep
|turn|3
|
|t:|1760827203
|move|p2a: Ori|Moonblast|p1a: Zapdos
|-damage|p1a: Zapdos|64/100
|move|p1a: Zapdos|Volt Switch|p2a: Ori
|-damage|p2a: Ori|0 fnt
|faint|p2a: Ori
|
|t:|1760827207
|switch|p1a: Hitmonchan|Hitmonchan, M|100/100|[from] Volt Switch
|-activate|p1a: Hitmonchan|move: Sticky Web
|-unboost|p1a: Hitmonchan|spe|1
|
|upkeep
|
|t:|1760827213
|switch|p2a: Pepper|Cinderace, F|100/100
|turn|4
|
|t:|1760827221
|move|p2a: Pepper|Will-O-Wisp|p1a: Hitmonchan
|-status|p1a: Hitmonchan|brn
|move|p1a: Hitmonchan|Rapid Spin|p2a: Pepper
|-damage|p2a: Pepper|90/100
|-boost|p1a: Hitmonchan|spe|1
|-sideend|p1: ShyBlizz-|Sticky Web|[from] move: Rapid Spin|[of] p1a: Hitmonchan
|
|-damage|p1a: Hitmonchan|94/100 brn|[from] brn
|upkeep
|turn|5
|
|t:|1760827231
|move|p2a: Pepper|Pyro Ball|p1a: Hitmonchan
|-damage|p1a: Hitmonchan|0 fnt
|faint|p1a: Hitmonchan
|
|-sideend|p1: ShyBlizz-|move: Light Screen
|upkeep
|
|t:|1760827234
|switch|p1a: Toxapex|Toxapex, M, shiny|100/100
|turn|6
|
|t:|1760827241
|switch|p2a: Daredevil|Kingambit, M|100/100
|move|p1a: Toxapex|Toxic Spikes|p2a: Daredevil
|-sidestart|p2: Shattersong|move: Toxic Spikes
|
|upkeep
|turn|7
|
|t:|1760827248
|switch|p1a: Okidogi|Okidogi, M|100/100
|move|p2a: Daredevil|Kowtow Cleave|p1a: Okidogi
|-resisted|p1a: Okidogi
|-damage|p1a: Okidogi|78/100
|
|upkeep
|turn|8
|
|t:|1760827257
|-terastallize|p2a: Daredevil|Ghost
|move|p1a: Okidogi|Knock Off|p2a: Daredevil
|-supereffective|p2a: Daredevil
|-damage|p2a: Daredevil|55/100
|-status|p2a: Daredevil|tox|[from] ability: Toxic Chain|[of] p1a: Okidogi
|-enditem|p2a: Daredevil|Assault Vest|[from] move: Knock Off|[of] p1a: Okidogi
|move|p2a: Daredevil|Dig||[still]
|-prepare|p2a: Daredevil|Dig
|
|-damage|p2a: Daredevil|49/100 tox|[from] psn
|upkeep
|turn|9
|
|t:|1760827267
|switch|p1a: Zapdos|Zapdos, shiny|64/100
|move|p2a: Daredevil|Dig|p1a: Zapdos|[from] lockedmove
|-immune|p1a: Zapdos
|
|-damage|p2a: Daredevil|36/100 tox|[from] psn
|upkeep
|turn|10
|
|t:|1760827277
|move|p1a: Zapdos|Light Screen|p1a: Zapdos
|-sidestart|p1: ShyBlizz-|move: Light Screen
|move|p2a: Daredevil|Kowtow Cleave|p1a: Zapdos
|-damage|p1a: Zapdos|17/100
|
|-damage|p2a: Daredevil|18/100 tox|[from] psn
|upkeep
|turn|11
|
|t:|1760827283
|move|p2a: Daredevil|Sucker Punch||[still]
|-fail|p2a: Daredevil
|move|p1a: Zapdos|Roost|p1a: Zapdos
|-heal|p1a: Zapdos|67/100
|-singleturn|p1a: Zapdos|move: Roost
|
|-damage|p2a: Daredevil|0 fnt|[from] psn
|faint|p2a: Daredevil
|upkeep
|
|t:|1760827291
|switch|p2a: Cross|Empoleon, M|100/100
|turn|12
|inactive|Battle timer is ON: inactive players will automatically lose when time's up. (requested by Shattersong)
|
|t:|1760827358
|move|p1a: Zapdos|Volt Switch|p2a: Cross
|-supereffective|p2a: Cross
|-damage|p2a: Cross|51/100
|
|t:|1760827361
|switch|p1a: Rillaboom|Rillaboom, M|100/100|[from] Volt Switch
|-fieldstart|move: Grassy Terrain|[from] ability: Grassy Surge|[of] p1a: Rillaboom
|move|p2a: Cross|Ice Beam|p1a: Rillaboom
|-supereffective|p1a: Rillaboom
|-crit|p1a: Rillaboom
|-damage|p1a: Rillaboom|3/100
|
|-heal|p1a: Rillaboom|9/100|[from] Grassy Terrain
|-heal|p2a: Cross|57/100|[from] Grassy Terrain
|-heal|p2a: Cross|64/100|[from] item: Leftovers
|upkeep
|turn|13
|
|t:|1760827373
|move|p1a: Rillaboom|Wood Hammer|p2a: Cross
|-damage|p2a: Cross|0 fnt
|faint|p2a: Cross
|-damage|p1a: Rillaboom|0 fnt|[from] Recoil
|faint|p1a: Rillaboom
|
|upkeep
|
|t:|1760827383
|switch|p1a: Okidogi|Okidogi, M|78/100
|switch|p2a: Pepper|Cinderace, F|90/100
|turn|14
|
|t:|1760827388
|move|p2a: Pepper|Will-O-Wisp|p1a: Okidogi
|-status|p1a: Okidogi|brn
|move|p1a: Okidogi|Drain Punch|p2a: Pepper
|-damage|p2a: Pepper|65/100
|-heal|p1a: Okidogi|90/100 brn|[from] drain|[of] p2a: Pepper
|
|-heal|p2a: Pepper|71/100|[from] Grassy Terrain
|-heal|p1a: Okidogi|96/100 brn|[from] Grassy Terrain
|-damage|p1a: Okidogi|90/100 brn|[from] brn
|-sideend|p1: ShyBlizz-|move: Light Screen
|upkeep
|turn|15
|
|t:|1760827399
|move|p2a: Pepper|Court Change|p2a: Pepper
|-start|p2a: Pepper|typechange|Normal|[from] ability: Libero
|-swapsideconditions
|-activate|p2a: Pepper|move: Court Change
|move|p1a: Okidogi|Knock Off|p2a: Pepper
|-damage|p2a: Pepper|50/100
|-enditem|p2a: Pepper|Heavy-Duty Boots|[from] move: Knock Off|[of] p1a: Okidogi
|
|-heal|p2a: Pepper|56/100|[from] Grassy Terrain
|-heal|p1a: Okidogi|96/100 brn|[from] Grassy Terrain
|-damage|p1a: Okidogi|90/100 brn|[from] brn
|upkeep
|turn|16
|
|t:|1760827409
|switch|p2a: Xerosic|Malamar, M|100/100
|move|p1a: Okidogi|Poison Fang|p2a: Xerosic
|-damage|p2a: Xerosic|87/100
|
|-heal|p2a: Xerosic|93/100|[from] Grassy Terrain
|-heal|p1a: Okidogi|96/100 brn|[from] Grassy Terrain
|-damage|p1a: Okidogi|90/100 brn|[from] brn
|upkeep
|turn|17
|
|t:|1760827418
|-terastallize|p1a: Okidogi|Dark
|move|p2a: Xerosic|Psycho Cut|p1a: Okidogi
|-immune|p1a: Okidogi
|move|p1a: Okidogi|Poison Fang|p2a: Xerosic
|-damage|p2a: Xerosic|79/100
|
|-heal|p2a: Xerosic|86/100|[from] Grassy Terrain
|-heal|p1a: Okidogi|96/100 brn|[from] Grassy Terrain
|-damage|p1a: Okidogi|90/100 brn|[from] brn
|upkeep
|turn|18
|
|t:|1760827428
|switch|p1a: Zapdos|Zapdos, shiny|67/100
|move|p2a: Xerosic|Superpower|p1a: Zapdos
|-resisted|p1a: Zapdos
|-damage|p1a: Zapdos|52/100
|-boost|p2a: Xerosic|atk|1
|-boost|p2a: Xerosic|def|1
|
|-heal|p2a: Xerosic|92/100|[from] Grassy Terrain
|upkeep
|turn|19
|
|t:|1760827437
|move|p1a: Zapdos|Hurricane|p2a: Xerosic
|-damage|p2a: Xerosic|30/100
|-enditem|p2a: Xerosic|Sitrus Berry|[eat]
|-heal|p2a: Xerosic|55/100|[from] item: Sitrus Berry
|move|p2a: Xerosic|Rock Slide|p1a: Zapdos
|-supereffective|p1a: Zapdos
|-damage|p1a: Zapdos|0 fnt
|faint|p1a: Zapdos
|
|-heal|p2a: Xerosic|61/100|[from] Grassy Terrain
|-fieldend|move: Grassy Terrain
|upkeep
|
|t:|1760827459
|switch|p1a: Okidogi|Okidogi, M, tera:Dark|90/100 brn
|turn|20
|
|t:|1760827463
|move|p2a: Xerosic|Superpower|p1a: Okidogi
|-supereffective|p1a: Okidogi
|-damage|p1a: Okidogi|6/100 brn
|-boost|p2a: Xerosic|atk|1
|-boost|p2a: Xerosic|def|1
|move|p1a: Okidogi|Poison Fang|p2a: Xerosic
|-damage|p2a: Xerosic|53/100
|
|-damage|p1a: Okidogi|0 fnt|[from] brn
|faint|p1a: Okidogi
|upkeep
|c|☆ShyBlizz-|He immortal
|c|☆ShyBlizz-|wtf
|c|☆ShyBlizz-|gg
|c|☆Shattersong|gg
|-message|ShyBlizz- forfeited.
|
|win|Shattersong
|raw|ShyBlizz-'s rating: 1240 &rarr; <strong>1218</strong><br />(-22 for losing)
|raw|Shattersong's rating: 1283 &rarr; <strong>1305</strong><br />(+22 for winning)
|l|☆ShyBlizz-
|player|p1|
|l|☆Shattersong
|player|p2|
