|j|☆Ziggytear
|j|☆Batzeus99
|t:|1760839942
|gametype|singles
|player|p1|Ziggytear|101|1133
|player|p2|Batzeus99|lass|1136
|gen|9
|tier|[Gen 9] OU
|rated|
|rule|HP Percentage Mod: HP is shown in percentages
|rule|Endless Battle Clause: Forcing endless battles is banned
|rule|Species Clause: Limit one of each Pokémon
|rule|OHKO Clause: OHKO moves are banned
|rule|Evasion Items Clause: Evasion items are banned
|rule|Evasion Moves Clause: Evasion moves are banned
|rule|Evasion Abilities Clause: Evasion abilities are banned
|rule|Sleep Moves Clause: Sleep-inducing moves are banned
|clearpoke
|poke|p1|Espeon, M|
|poke|p1|Raging Bolt|
|poke|p1|Scizor, F|
|poke|p1|Volcanion|
|poke|p1|Greninja-*, M|
|poke|p1|Braviary-Hisui, M|
|poke|p2|Gyarados, M|
|poke|p2|Scizor, M|
|poke|p2|Gardevoir, F|
|poke|p2|Chandelure, M|
|poke|p2|Toxtricity, M|
|poke|p2|Kommo-o, M|
|teampreview
|inactive|Battle timer is ON: inactive players will automatically lose when time's up. (requested by Ziggytear)
|
|t:|1760839959
|teamsize|p1|6
|teamsize|p2|6
|start
|switch|p1a: Braviary|Braviary-Hisui, M|100/100
|switch|p2a: Chandelure|Chandelure, M|100/100
|turn|1
|
|t:|1760839974
|move|p2a: Chandelure|Calm Mind|p2a: Chandelure
|-boost|p2a: Chandelure|spa|1
|-boost|p2a: Chandelure|spd|1
|move|p1a: Braviary|Shadow Ball|p2a: Chandelure
|-supereffective|p2a: Chandelure
|-damage|p2a: Chandelure|54/100
|-unboost|p2a: Chandelure|spd|1
|
|upkeep
|turn|2
|
|t:|1760839983
|move|p2a: Chandelure|Shadow Ball|p1a: Braviary
|-supereffective|p1a: Braviary
|-damage|p1a: Braviary|0 fnt
|faint|p1a: Braviary
|
|upkeep
|
|t:|1760839986
|switch|p1a: Espeon|Espeon, M|100/100
|turn|3
|
|t:|1760839991
|move|p1a: Espeon|Future Sight|p2a: Chandelure
|-start|p1a: Espeon|move: Future Sight
|move|p2a: Chandelure|Shadow Ball|p1a: Espeon
|-supereffective|p1a: Espeon
|-enditem|p1a: Espeon|Focus Sash
|-damage|p1a: Espeon|1/100
|-unboost|p1a: Espeon|spd|1
|
|upkeep
|turn|4
|
|t:|1760840010
|move|p1a: Espeon|Dazzling Gleam|p2a: Chandelure
|-resisted|p2a: Chandelure
|-damage|p2a: Chandelure|34/100
|move|p2a: Chandelure|Shadow Ball|p1a: Espeon
|-supereffective|p1a: Espeon
|-crit|p1a: Espeon
|-damage|p1a: Espeon|0 fnt
|faint|p1a: Espeon
|
|upkeep
|
|t:|1760840015
|switch|p1a: Raging Bolt|Raging Bolt|100/100
|-enditem|p1a: Raging Bolt|Booster Energy
|-activate|p1a: Raging Bolt|ability: Protosynthesis|[fromitem]
|-start|p1a: Raging Bolt|protosynthesisspe
|turn|5
|
|t:|1760840024
|move|p1a: Raging Bolt|Calm Mind|p1a: Raging Bolt
|-boost|p1a: Raging Bolt|spa|1
|-boost|p1a: Raging Bolt|spd|1
|move|p2a: Chandelure|Shadow Ball|p1a: Raging Bolt
|-damage|p1a: Raging Bolt|61/100
|
|-end|p2a: Chandelure|move: Future Sight
|-damage|p2a: Chandelure|0 fnt
|faint|p2a: Chandelure
|upkeep
|
|t:|1760840036
|switch|p2a: Gardevoir|Gardevoir, F|100/100
|turn|6
|
|t:|1760840060
|-terastallize|p2a: Gardevoir|Fairy
|-terastallize|p1a: Raging Bolt|Fairy
|move|p2a: Gardevoir|Moonblast|p1a: Raging Bolt
|-damage|p1a: Raging Bolt|23/100
|move|p1a: Raging Bolt|Calm Mind|p1a: Raging Bolt
|-boost|p1a: Raging Bolt|spa|1
|-boost|p1a: Raging Bolt|spd|1
|
|upkeep
|turn|7
|
|t:|1760840074
|move|p1a: Raging Bolt|Thunderclap|p2a: Gardevoir
|-damage|p2a: Gardevoir|41/100
|move|p2a: Gardevoir|Moonblast|p1a: Raging Bolt
|-damage|p1a: Raging Bolt|0 fnt
|faint|p1a: Raging Bolt
|-end|p1a: Raging Bolt|Protosynthesis|[silent]
|
|upkeep
|
|t:|1760840076
|switch|p1a: Greninja|Greninja, M|100/100
|turn|8
|
|t:|1760840083
|move|p1a: Greninja|Water Shuriken|p2a: Gardevoir
|-damage|p2a: Gardevoir|31/100
|-damage|p2a: Gardevoir|20/100
|-damage|p2a: Gardevoir|11/100
|-damage|p2a: Gardevoir|0 fnt
|faint|p2a: Gardevoir
|-ability|p1a: Greninja|Battle Bond|boost
|-boost|p1a: Greninja|atk|1
|-boost|p1a: Greninja|spa|1
|-boost|p1a: Greninja|spe|1
|-activate|p1a: Greninja|ability: Battle Bond
|-hitcount|p2: Gardevoir|4
|-damage|p1a: Greninja|91/100|[from] item: Life Orb
|
|upkeep
|
|t:|1760840099
|switch|p2a: Toxtricity|Toxtricity, M|100/100
|turn|9
|
|t:|1760840104
|move|p1a: Greninja|Dark Pulse|p2a: Toxtricity
|-damage|p2a: Toxtricity|0 fnt
|faint|p2a: Toxtricity
|-damage|p1a: Greninja|81/100|[from] item: Life Orb
|
|upkeep
|
|t:|1760840111
|switch|p2a: Scizor|Scizor, M|100/100
|turn|10
|
|t:|1760840117
|move|p1a: Greninja|Water Shuriken|p2a: Scizor
|-damage|p2a: Scizor|80/100
|-damage|p2a: Scizor|59/100
|-damage|p2a: Scizor|40/100
|-hitcount|p2a: Scizor|3
|-damage|p1a: Greninja|71/100|[from] item: Life Orb
|move|p2a: Scizor|U-turn|p1a: Greninja
|-supereffective|p1a: Greninja
|-damage|p1a: Greninja|0 fnt
|faint|p1a: Greninja
|
|t:|1760840129
|switch|p2a: Gyarados|Gyarados, M|100/100|[from] U-turn
|
|upkeep
|
|t:|1760840133
|switch|p1a: Volcanion|Volcanion|100/100
|turn|11
|
|t:|1760840140
|move|p2a: Gyarados|Dragon Dance|p2a: Gyarados
|-boost|p2a: Gyarados|atk|1
|-boost|p2a: Gyarados|spe|1
|move|p1a: Volcanion|Steam Eruption|p2a: Gyarados
|-resisted|p2a: Gyarados
|-damage|p2a: Gyarados|73/100
|
|upkeep
|turn|12
|
|t:|1760840148
|move|p2a: Gyarados|Earthquake|p1a: Volcanion
|-supereffective|p1a: Volcanion
|-crit|p1a: Volcanion
|-damage|p1a: Volcanion|0 fnt
|faint|p1a: Volcanion
|-ability|p2a: Gyarados|Moxie|boost
|-boost|p2a: Gyarados|atk|1
|
|upkeep
|
|t:|1760840150
|switch|p1a: Scizor|Scizor, F|100/100
|turn|13
|
|t:|1760840157
|move|p2a: Gyarados|Waterfall|p1a: Scizor
|-damage|p1a: Scizor|0 fnt
|faint|p1a: Scizor
|
|win|Batzeus99
|raw|Ziggytear's rating: 1133 &rarr; <strong>1108</strong><br />(-25 for losing)
|raw|Batzeus99's rating: 1136 &rarr; <strong>1161</strong><br />(+25 for winning)
