|j|☆HZBKAI
|j|☆gnubge
|t:|1760724830
|gametype|singles
|player|p1|HZBKAI|266|1016
|player|p2|gnubge|102|1051
|gen|9
|tier|[Gen 9] OU
|rated|
|rule|HP Percentage Mod: HP is shown in percentages
|rule|Endless Battle Clause: Forcing endless battles is banned
|rule|Species Clause: Limit one of each Pokémon
|rule|OHKO Clause: OHKO moves are banned
|rule|Evasion Items Clause: Evasion items are banned
|rule|Evasion Moves Clause: Evasion moves are banned
|rule|Evasion Abilities Clause: Evasion abilities are banned
|rule|Sleep Moves Clause: Sleep-inducing moves are banned
|clearpoke
|poke|p1|Ceruledge, M|
|poke|p1|Kyurem|
|poke|p1|Manaphy|
|poke|p1|Metagross|
|poke|p1|Okidogi, M|
|poke|p1|Zoroark-Hisui, M|
|poke|p2|Zapdos|
|poke|p2|Iron Treads|
|poke|p2|Gyarados, F|
|poke|p2|Garganacl, M|
|poke|p2|Rillaboom, M|
|poke|p2|Heatran, M|
|teampreview
|inactive|Battle timer is ON: inactive players will automatically lose when time's up. (requested by HZBKAI)
|
|t:|1760724858
|teamsize|p1|6
|teamsize|p2|6
|start
|switch|p1a: Metagross|Metagross|100/100
|switch|p2a: Iron Treads|Iron Treads|100/100
|turn|1
|
|t:|1760724864
|move|p2a: Iron Treads|Earthquake|p1a: Metagross
|-supereffective|p1a: Metagross
|-damage|p1a: Metagross|43/100
|move|p1a: Metagross|Explosion|p2a: Iron Treads
|-resisted|p2a: Iron Treads
|-damage|p2a: Iron Treads|72/100
|faint|p1a: Metagross
|
|-heal|p2a: Iron Treads|78/100|[from] item: Leftovers
|upkeep
|
|t:|1760724864
|switch|p1a: Ceruledge|Ceruledge, M|100/100
|turn|2
|
|t:|1760724871
|move|p2a: Iron Treads|Protect|p2a: Iron Treads
|-singleturn|p2a: Iron Treads|Protect
|move|p1a: Ceruledge|Bitter Blade|p2a: Iron Treads
|-activate|p2a: Iron Treads|move: Protect
|
|-heal|p2a: Iron Treads|84/100|[from] item: Leftovers
|upkeep
|turn|3
|
|t:|1760724877
|-end|p2a: Iron Treads|Quark Drive|[silent]
|switch|p2a: Heatran|Heatran, M|100/100
|move|p1a: Ceruledge|Bitter Blade|p2a: Heatran
|-start|p2a: Heatran|ability: Flash Fire
|
|upkeep
|turn|4
|
|t:|1760724887
|-terastallize|p2a: Heatran|Grass
|move|p1a: Ceruledge|Poltergeist|p2a: Heatran|[miss]
|-miss|p1a: Ceruledge|p2a: Heatran
|move|p2a: Heatran|Earth Power|p1a: Ceruledge
|-supereffective|p1a: Ceruledge
|-damage|p1a: Ceruledge|36/100
|
|upkeep
|turn|5
|
|t:|1760724904
|move|p1a: Ceruledge|Bitter Blade|p2a: Heatran
|-immune|p2a: Heatran|[from] ability: Flash Fire
|move|p2a: Heatran|Heavy Slam|p1a: Ceruledge
|-resisted|p1a: Ceruledge
|-damage|p1a: Ceruledge|12/100
|-ability|p1a: Ceruledge|Weak Armor|boost
|-unboost|p1a: Ceruledge|def|1
|-boost|p1a: Ceruledge|spe|2
|
|upkeep
|turn|6
|
|t:|1760724915
|-terastallize|p1a: Ceruledge|Ghost
|move|p1a: Ceruledge|Bitter Blade|p2a: Heatran
|-immune|p2a: Heatran|[from] ability: Flash Fire
|move|p2a: Heatran|Heavy Slam|p1a: Ceruledge
|-damage|p1a: Ceruledge|0 fnt
|faint|p1a: Ceruledge
|
|upkeep
|
|t:|1760724915
|switch|p1a: Kyurem|Kyurem|100/100
|-ability|p1a: Kyurem|Pressure
|turn|7
|
|t:|1760724928
|move|p1a: Kyurem|Icicle Spear|p2a: Heatran
|-supereffective|p2a: Heatran
|-crit|p2a: Heatran
|-damage|p2a: Heatran|64/100
|-supereffective|p2a: Heatran
|-damage|p2a: Heatran|39/100
|-supereffective|p2a: Heatran
|-damage|p2a: Heatran|14/100
|-supereffective|p2a: Heatran
|-damage|p2a: Heatran|0 fnt
|faint|p2a: Heatran
|-hitcount|p2: Heatran|4
|
|upkeep
|
|t:|1760724943
|switch|p2a: Iron Treads|Iron Treads|84/100
|turn|8
|
|t:|1760724946
|move|p2a: Iron Treads|Protect|p2a: Iron Treads
|-singleturn|p2a: Iron Treads|Protect
|move|p1a: Kyurem|Icicle Spear|p2a: Iron Treads
|-activate|p2a: Iron Treads|move: Protect
|
|-heal|p2a: Iron Treads|91/100|[from] item: Leftovers
|upkeep
|turn|9
|
|t:|1760724957
|-end|p2a: Iron Treads|Quark Drive|[silent]
|switch|p2a: Gyarados|Gyarados, F|100/100
|-ability|p2a: Gyarados|Intimidate|boost
|-unboost|p1a: Kyurem|atk|1
|move|p1a: Kyurem|Icicle Spear|p2a: Gyarados
|-damage|p2a: Gyarados|94/100
|-damage|p2a: Gyarados|87/100
|-damage|p2a: Gyarados|80/100
|-damage|p2a: Gyarados|74/100
|-damage|p2a: Gyarados|67/100
|-hitcount|p2a: Gyarados|5
|
|upkeep
|turn|10
|
|t:|1760724962
|move|p1a: Kyurem|Tera Blast|p2a: Gyarados
|-damage|p2a: Gyarados|50/100
|move|p2a: Gyarados|Thunder Wave|p1a: Kyurem
|-status|p1a: Kyurem|par
|
|upkeep
|turn|11
|
|t:|1760724966
|move|p2a: Gyarados|Waterfall|p1a: Kyurem
|-resisted|p1a: Kyurem
|-damage|p1a: Kyurem|84/100 par
|cant|p1a: Kyurem|par
|
|upkeep
|turn|12
|
|t:|1760724977
|switch|p2a: Iron Treads|Iron Treads|91/100
|move|p1a: Kyurem|Tera Blast|p2a: Iron Treads
|-resisted|p2a: Iron Treads
|-damage|p2a: Iron Treads|78/100
|
|-heal|p2a: Iron Treads|84/100|[from] item: Leftovers
|upkeep
|turn|13
|
|t:|1760724983
|-end|p2a: Iron Treads|Quark Drive|[silent]
|switch|p2a: Gyarados|Gyarados, F|50/100
|-ability|p2a: Gyarados|Intimidate|boost
|-unboost|p1a: Kyurem|atk|1
|move|p1a: Kyurem|Icicle Spear|p2a: Gyarados
|-damage|p2a: Gyarados|45/100
|-damage|p2a: Gyarados|39/100
|-damage|p2a: Gyarados|34/100
|-damage|p2a: Gyarados|30/100
|-damage|p2a: Gyarados|24/100
|-hitcount|p2a: Gyarados|5
|
|upkeep
|turn|14
|
|t:|1760724985
|move|p2a: Gyarados|Rest|p2a: Gyarados
|-status|p2a: Gyarados|slp|[from] move: Rest
|-heal|p2a: Gyarados|100/100 slp|[silent]
|cant|p1a: Kyurem|par
|
|upkeep
|turn|15
|
|t:|1760724990
|cant|p2a: Gyarados|slp
|move|p1a: Kyurem|Tera Blast|p2a: Gyarados
|-damage|p2a: Gyarados|81/100 slp
|
|upkeep
|turn|16
|
|t:|1760724998
|cant|p2a: Gyarados|slp
|move|p1a: Kyurem|Tera Blast|p2a: Gyarados
|-damage|p2a: Gyarados|63/100 slp
|
|upkeep
|turn|17
|
|t:|1760725002
|-curestatus|p2a: Gyarados|slp|[msg]
|move|p2a: Gyarados|Waterfall|p1a: Kyurem
|-resisted|p1a: Kyurem
|-crit|p1a: Kyurem
|-damage|p1a: Kyurem|60/100 par
|move|p1a: Kyurem|Tera Blast|p2a: Gyarados
|-damage|p2a: Gyarados|46/100
|
|upkeep
|turn|18
|
|t:|1760725009
|move|p2a: Gyarados|Waterfall|p1a: Kyurem
|-resisted|p1a: Kyurem
|-damage|p1a: Kyurem|43/100 par
|move|p1a: Kyurem|Tera Blast|p2a: Gyarados
|-damage|p2a: Gyarados|28/100
|
|upkeep
|turn|19
|
|t:|1760725015
|move|p2a: Gyarados|Waterfall|p1a: Kyurem
|-resisted|p1a: Kyurem
|-damage|p1a: Kyurem|27/100 par
|cant|p1a: Kyurem|flinch
|
|upkeep
|turn|20
|
|t:|1760725020
|move|p2a: Gyarados|Waterfall|p1a: Kyurem
|-resisted|p1a: Kyurem
|-damage|p1a: Kyurem|12/100 par
|move|p1a: Kyurem|Tera Blast|p2a: Gyarados
|-damage|p2a: Gyarados|11/100
|
|upkeep
|turn|21
|
|t:|1760725026
|move|p2a: Gyarados|Waterfall|p1a: Kyurem
|-resisted|p1a: Kyurem
|-damage|p1a: Kyurem|0 fnt
|faint|p1a: Kyurem
|
|upkeep
|
|t:|1760725026
|switch|p1a: Manaphy|Manaphy|100/100
|turn|22
|
|t:|1760725036
|switch|p2a: Rillaboom|Rillaboom, M|100/100
|-fieldstart|move: Grassy Terrain|[from] ability: Grassy Surge|[of] p2a: Rillaboom
|move|p1a: Manaphy|Alluring Voice|p2a: Rillaboom
|-damage|p2a: Rillaboom|74/100
|
|-heal|p2a: Rillaboom|81/100|[from] Grassy Terrain
|upkeep
|turn|23
|
|t:|1760725045
|move|p1a: Manaphy|Alluring Voice|p2a: Rillaboom
|-damage|p2a: Rillaboom|51/100
|move|p2a: Rillaboom|Knock Off|p1a: Manaphy
|-damage|p1a: Manaphy|63/100
|-enditem|p1a: Manaphy|Leftovers|[from] move: Knock Off|[of] p2a: Rillaboom
|
|-heal|p1a: Manaphy|69/100|[from] Grassy Terrain
|-heal|p2a: Rillaboom|57/100|[from] Grassy Terrain
|upkeep
|turn|24
|
|t:|1760725053
|move|p2a: Rillaboom|Grassy Glide|p1a: Manaphy
|-supereffective|p1a: Manaphy
|-damage|p1a: Manaphy|0 fnt
|faint|p1a: Manaphy
|
|-heal|p2a: Rillaboom|63/100|[from] Grassy Terrain
|upkeep
|
|t:|1760725053
|switch|p1a: Okidogi|Okidogi, M|100/100
|turn|25
|
|t:|1760725082
|switch|p2a: Gyarados|Gyarados, F|11/100
|-ability|p2a: Gyarados|Intimidate|boost
|-ability|p1a: Okidogi|Guard Dog|boost
|-boost|p1a: Okidogi|atk|1
|move|p1a: Okidogi|Ice Punch|p2a: Gyarados
|-damage|p2a: Gyarados|0 fnt
|faint|p2a: Gyarados
|
|upkeep
|inactive|gnubge has 120 seconds left.
|
|t:|1760725113
|switch|p2a: Iron Treads|Iron Treads|84/100
|turn|26
|
|t:|1760725120
|move|p2a: Iron Treads|Earthquake|p1a: Okidogi
|-supereffective|p1a: Okidogi
|-damage|p1a: Okidogi|67/100
|move|p1a: Okidogi|Drain Punch|p2a: Iron Treads
|-supereffective|p2a: Iron Treads
|-damage|p2a: Iron Treads|33/100
|-heal|p1a: Okidogi|93/100|[from] drain|[of] p2a: Iron Treads
|
|-heal|p2a: Iron Treads|39/100|[from] Grassy Terrain
|-heal|p2a: Iron Treads|45/100|[from] item: Leftovers
|-heal|p1a: Okidogi|99/100|[from] Grassy Terrain
|-heal|p1a: Okidogi|100/100|[from] item: Leftovers
|upkeep
|turn|27
|
|t:|1760725132
|move|p2a: Iron Treads|Protect|p2a: Iron Treads
|-singleturn|p2a: Iron Treads|Protect
|move|p1a: Okidogi|Drain Punch|p2a: Iron Treads
|-activate|p2a: Iron Treads|move: Protect
|
|-heal|p2a: Iron Treads|51/100|[from] Grassy Terrain
|-heal|p2a: Iron Treads|58/100|[from] item: Leftovers
|upkeep
|turn|28
|
|t:|1760725137
|-end|p2a: Iron Treads|Quark Drive|[silent]
|switch|p2a: Rillaboom|Rillaboom, M|63/100
|move|p1a: Okidogi|Drain Punch|p2a: Rillaboom
|-damage|p2a: Rillaboom|20/100
|
|-heal|p2a: Rillaboom|27/100|[from] Grassy Terrain
|upkeep
|turn|29
|
|t:|1760725149
|move|p1a: Okidogi|Ice Punch|p2a: Rillaboom
|-supereffective|p2a: Rillaboom
|-damage|p2a: Rillaboom|0 fnt
|faint|p2a: Rillaboom
|
|-fieldend|move: Grassy Terrain
|upkeep
|
|t:|1760725165
|switch|p2a: Zapdos|Zapdos|100/100
|turn|30
|
|t:|1760725169
|move|p2a: Zapdos|Hurricane|p1a: Okidogi|[miss]
|-miss|p2a: Zapdos|p1a: Okidogi
|move|p1a: Okidogi|Ice Punch|p2a: Zapdos
|-supereffective|p2a: Zapdos
|-damage|p2a: Zapdos|57/100
|-status|p1a: Okidogi|par|[from] ability: Static|[of] p2a: Zapdos
|
|upkeep
|turn|31
|
|t:|1760725176
|move|p2a: Zapdos|Roost|p2a: Zapdos
|-heal|p2a: Zapdos|100/100
|-singleturn|p2a: Zapdos|move: Roost
|move|p1a: Okidogi|Ice Punch|p2a: Zapdos
|-damage|p2a: Zapdos|77/100
|
|upkeep
|turn|32
|
|t:|1760725178
|move|p2a: Zapdos|Hurricane|p1a: Okidogi
|-supereffective|p1a: Okidogi
|-damage|p1a: Okidogi|33/100 par
|move|p1a: Okidogi|Ice Punch|p2a: Zapdos
|-supereffective|p2a: Zapdos
|-damage|p2a: Zapdos|35/100
|
|-heal|p1a: Okidogi|39/100 par|[from] item: Leftovers
|upkeep
|turn|33
|
|t:|1760725186
|move|p2a: Zapdos|Roost|p2a: Zapdos
|-heal|p2a: Zapdos|85/100
|-singleturn|p2a: Zapdos|move: Roost
|move|p1a: Okidogi|Ice Punch|p2a: Zapdos
|-crit|p2a: Zapdos
|-damage|p2a: Zapdos|48/100
|
|-heal|p1a: Okidogi|45/100 par|[from] item: Leftovers
|upkeep
|turn|34
|
|t:|1760725193
|move|p2a: Zapdos|Roost|p2a: Zapdos
|-heal|p2a: Zapdos|98/100
|-singleturn|p2a: Zapdos|move: Roost
|move|p1a: Okidogi|Ice Punch|p2a: Zapdos
|-damage|p2a: Zapdos|77/100
|
|-heal|p1a: Okidogi|51/100 par|[from] item: Leftovers
|upkeep
|turn|35
|
|t:|1760725198
|move|p2a: Zapdos|Hurricane|p1a: Okidogi
|-supereffective|p1a: Okidogi
|-damage|p1a: Okidogi|0 fnt
|faint|p1a: Okidogi
|
|upkeep
|
|t:|1760725198
|switch|p1a: Zoroark|Zoroark-Hisui, M|100/100
|turn|36
|
|t:|1760725209
|move|p1a: Zoroark|Shadow Ball|p2a: Zapdos
|-damage|p2a: Zapdos|37/100
|move|p2a: Zapdos|Volt Switch|p1a: Zoroark
|-damage|p1a: Zoroark|44/100
|
|t:|1760725215
|switch|p2a: Garganacl|Garganacl, M|100/100|[from] Volt Switch
|
|upkeep
|turn|37
|
|t:|1760725217
|move|p1a: Zoroark|Shadow Ball|p2a: Garganacl
|-damage|p2a: Garganacl|86/100
|move|p2a: Garganacl|Salt Cure|p1a: Zoroark
|-damage|p1a: Zoroark|16/100
|-start|p1a: Zoroark|Salt Cure
|
|-heal|p2a: Garganacl|93/100|[from] item: Leftovers
|-damage|p1a: Zoroark|4/100|[from] Salt Cure
|upkeep
|turn|38
|
|t:|1760725230
|move|p1a: Zoroark|Shadow Ball|p2a: Garganacl
|-damage|p2a: Garganacl|80/100
|move|p2a: Garganacl|Recover|p2a: Garganacl
|-heal|p2a: Garganacl|100/100
|
|-damage|p1a: Zoroark|0 fnt|[from] Salt Cure
|faint|p1a: Zoroark
|
|win|gnubge
|raw|HZBKAI's rating: 1016 &rarr; <strong>1005</strong><br />(-11 for losing)
|raw|gnubge's rating: 1051 &rarr; <strong>1080</strong><br />(+29 for winning)
