|j|☆Penguinxdd
|j|☆pegfan
|t:|1760724086
|gametype|singles
|player|p1|Penguinxdd|veteran|1305
|player|p2|pegfan|twins-gen4dp|1293
|gen|9
|tier|[Gen 9] OU
|rated|
|rule|HP Percentage Mod: HP is shown in percentages
|rule|Endless Battle Clause: Forcing endless battles is banned
|rule|Species Clause: Limit one of each Pokémon
|rule|OHKO Clause: OHKO moves are banned
|rule|Evasion Items Clause: Evasion items are banned
|rule|Evasion Moves Clause: Evasion moves are banned
|rule|Evasion Abilities Clause: Evasion abilities are banned
|rule|Sleep Moves Clause: Sleep-inducing moves are banned
|clearpoke
|poke|p1|Meowscarada, F|
|poke|p1|Rillaboom, F|
|poke|p1|Fezandipiti, M|
|poke|p1|Heatran, M|
|poke|p1|Weezing-Galar, M|
|poke|p1|Keldeo-Resolute|
|poke|p2|Araquanid, M|
|poke|p2|Cinderace, F|
|poke|p2|Serperior, F|
|poke|p2|Kingambit, M|
|poke|p2|Milotic, F|
|poke|p2|Dragapult, F|
|teampreview
|
|t:|1760724101
|teamsize|p1|6
|teamsize|p2|6
|start
|switch|p1a: Meowscarada|Meowscarada, F|100/100
|switch|p2a: Araquanid|Araquanid, M|100/100
|turn|1
|
|t:|1760724113
|move|p1a: Meowscarada|U-turn|p2a: Araquanid
|-start|p1a: Meowscarada|typechange|Bug|[from] ability: Protean
|-damage|p2a: Araquanid|46/100
|
|t:|1760724115
|switch|p1a: Weeze-Cigarette|Weezing-Galar, M|100/100|[from] U-turn
|-ability|p1a: Weeze-Cigarette|Neutralizing Gas
|move|p2a: Araquanid|Sticky Web|p1a: Weeze-Cigarette
|-sidestart|p1: Penguinxdd|move: Sticky Web
|
|upkeep
|turn|2
|
|t:|1760724126
|move|p1a: Weeze-Cigarette|Defog|p2a: Araquanid
|-unboost|p2a: Araquanid|evasion|1
|-sideend|p1: Penguinxdd|Sticky Web|[from] move: Defog|[of] p1a: Weeze-Cigarette
|move|p2a: Araquanid|Endeavor|p1a: Weeze-Cigarette
|-damage|p1a: Weeze-Cigarette|47/100
|
|upkeep
|turn|3
|
|t:|1760724145
|-end|p1a: Weeze-Cigarette|ability: Neutralizing Gas
|switch|p1a: Rillaboom|Rillaboom, F|100/100
|-fieldstart|move: Grassy Terrain|[from] ability: Grassy Surge|[of] p1a: Rillaboom
|move|p2a: Araquanid|Surf|p1a: Rillaboom
|-resisted|p1a: Rillaboom
|-damage|p1a: Rillaboom|79/100
|
|-heal|p1a: Rillaboom|85/100|[from] Grassy Terrain
|-heal|p2a: Araquanid|52/100|[from] Grassy Terrain
|upkeep
|turn|4
|
|t:|1760724154
|switch|p2a: Kingambit|Kingambit, M|100/100
|move|p1a: Rillaboom|Wood Hammer|p2a: Kingambit
|-resisted|p2a: Kingambit
|-damage|p2a: Kingambit|71/100
|-damage|p1a: Rillaboom|74/100|[from] Recoil
|
|-heal|p1a: Rillaboom|81/100|[from] Grassy Terrain
|-heal|p2a: Kingambit|77/100|[from] Grassy Terrain
|-heal|p2a: Kingambit|83/100|[from] item: Leftovers
|upkeep
|turn|5
|
|t:|1760724176
|move|p1a: Rillaboom|U-turn|p2a: Kingambit
|-damage|p2a: Kingambit|66/100
|
|t:|1760724184
|switch|p1a: Keldeo|Keldeo-Resolute|100/100|[from] U-turn
|move|p2a: Kingambit|Iron Head|p1a: Keldeo
|-resisted|p1a: Keldeo
|-damage|p1a: Keldeo|73/100
|
|-heal|p1a: Keldeo|79/100|[from] Grassy Terrain
|-heal|p2a: Kingambit|72/100|[from] Grassy Terrain
|-heal|p2a: Kingambit|78/100|[from] item: Leftovers
|upkeep
|turn|6
|
|t:|1760724191
|switch|p2a: Dragapult|Dragapult, F|100/100
|move|p1a: Keldeo|Secret Sword|p2a: Dragapult
|-immune|p2a: Dragapult
|
|-heal|p1a: Keldeo|85/100|[from] Grassy Terrain
|upkeep
|turn|7
|
|t:|1760724201
|switch|p1a: Heatran|Heatran, M|100/100
|move|p2a: Dragapult|U-turn|p1a: Heatran
|-resisted|p1a: Heatran
|-damage|p1a: Heatran|94/100
|
|t:|1760724205
|switch|p2a: Araquanid|Araquanid, M|52/100|[from] U-turn
|
|-heal|p1a: Heatran|99/100|[from] Grassy Terrain
|-heal|p1a: Heatran|100/100|[from] item: Leftovers
|-heal|p2a: Araquanid|59/100|[from] Grassy Terrain
|-fieldend|move: Grassy Terrain
|upkeep
|turn|8
|
|t:|1760724224
|switch|p1a: Rillaboom|Rillaboom, F|81/100
|-fieldstart|move: Grassy Terrain|[from] ability: Grassy Surge|[of] p1a: Rillaboom
|switch|p2a: Cinderace|Cinderace, F|100/100
|
|-heal|p1a: Rillaboom|87/100|[from] Grassy Terrain
|upkeep
|turn|9
|
|t:|1760724234
|switch|p1a: Keldeo|Keldeo-Resolute|85/100
|move|p2a: Cinderace|U-turn|p1a: Keldeo
|-resisted|p1a: Keldeo
|-damage|p1a: Keldeo|71/100
|
|t:|1760724239
|switch|p2a: Dragapult|Dragapult, F|100/100|[from] U-turn
|
|-heal|p1a: Keldeo|77/100|[from] Grassy Terrain
|upkeep
|turn|10
|
|t:|1760724242
|switch|p1a: Fezandipiti|Fezandipiti, M|100/100
|move|p2a: Dragapult|U-turn|p1a: Fezandipiti
|-resisted|p1a: Fezandipiti
|-damage|p1a: Fezandipiti|91/100
|
|t:|1760724245
|switch|p2a: Araquanid|Araquanid, M|59/100|[from] U-turn
|
|-heal|p1a: Fezandipiti|97/100|[from] Grassy Terrain
|-heal|p2a: Araquanid|65/100|[from] Grassy Terrain
|upkeep
|turn|11
|
|t:|1760724250
|move|p1a: Fezandipiti|U-turn|p2a: Araquanid
|-damage|p2a: Araquanid|45/100
|
|t:|1760724252
|switch|p1a: Meowscarada|Meowscarada, F|100/100|[from] U-turn
|move|p2a: Araquanid|Sticky Web|p1a: Meowscarada
|-sidestart|p1: Penguinxdd|move: Sticky Web
|
|-heal|p2a: Araquanid|51/100|[from] Grassy Terrain
|upkeep
|turn|12
|
|t:|1760724261
|move|p1a: Meowscarada|Knock Off|p2a: Araquanid
|-start|p1a: Meowscarada|typechange|Dark|[from] ability: Protean
|-damage|p2a: Araquanid|0 fnt
|-enditem|p2a: Araquanid|Custap Berry|[from] move: Knock Off|[of] p1a: Meowscarada
|faint|p2a: Araquanid
|
|-fieldend|move: Grassy Terrain
|upkeep
|
|t:|1760724279
|switch|p2a: Cinderace|Cinderace, F|100/100
|turn|13
|
|t:|1760724283
|move|p1a: Meowscarada|Knock Off|p2a: Cinderace
|-damage|p2a: Cinderace|2/100
|-enditem|p2a: Cinderace|Heavy-Duty Boots|[from] move: Knock Off|[of] p1a: Meowscarada
|move|p2a: Cinderace|Court Change|p2a: Cinderace
|-swapsideconditions
|-activate|p2a: Cinderace|move: Court Change
|
|upkeep
|turn|14
|
|t:|1760724286
|move|p1a: Meowscarada|Knock Off|p2a: Cinderace
|-damage|p2a: Cinderace|0 fnt
|faint|p2a: Cinderace
|
|upkeep
|
|t:|1760724304
|switch|p2a: Kingambit|Kingambit, M|78/100
|-activate|p2a: Kingambit|move: Sticky Web
|-unboost|p2a: Kingambit|spe|1
|-ability|p2a: Kingambit|Defiant|boost
|-boost|p2a: Kingambit|atk|2
|turn|15
|
|t:|1760724310
|switch|p1a: Heatran|Heatran, M|100/100
|move|p2a: Kingambit|Low Kick|p1a: Heatran
|-supereffective|p1a: Heatran
|-damage|p1a: Heatran|0 fnt
|faint|p1a: Heatran
|
|-heal|p2a: Kingambit|84/100|[from] item: Leftovers
|upkeep
|
|t:|1760724314
|switch|p1a: Keldeo|Keldeo-Resolute|77/100
|turn|16
|
|t:|1760724320
|switch|p2a: Dragapult|Dragapult, F|100/100
|-activate|p2a: Dragapult|move: Sticky Web
|-fail|p2a: Dragapult|unboost|[from] ability: Clear Body|[of] p2a: Dragapult
|move|p1a: Keldeo|Vacuum Wave|p2a: Dragapult
|-immune|p2a: Dragapult
|
|upkeep
|turn|17
|
|t:|1760724329
|switch|p1a: Fezandipiti|Fezandipiti, M|97/100
|move|p2a: Dragapult|U-turn|p1a: Fezandipiti
|-resisted|p1a: Fezandipiti
|-damage|p1a: Fezandipiti|88/100
|
|t:|1760724336
|switch|p2a: Kingambit|Kingambit, M|84/100|[from] U-turn
|-activate|p2a: Kingambit|move: Sticky Web
|-unboost|p2a: Kingambit|spe|1
|-ability|p2a: Kingambit|Defiant|boost
|-boost|p2a: Kingambit|atk|2
|
|-heal|p2a: Kingambit|91/100|[from] item: Leftovers
|upkeep
|turn|18
|
|t:|1760724340
|switch|p1a: Weeze-Cigarette|Weezing-Galar, M|47/100
|-ability|p1a: Weeze-Cigarette|Neutralizing Gas
|move|p2a: Kingambit|Iron Head|p1a: Weeze-Cigarette
|-supereffective|p1a: Weeze-Cigarette
|-damage|p1a: Weeze-Cigarette|0 fnt
|faint|p1a: Weeze-Cigarette
|-end|p1a: Weeze-Cigarette|ability: Neutralizing Gas
|
|-heal|p2a: Kingambit|97/100|[from] item: Leftovers
|upkeep
|
|t:|1760724342
|switch|p1a: Keldeo|Keldeo-Resolute|77/100
|turn|19
|
|t:|1760724349
|move|p1a: Keldeo|Vacuum Wave|p2a: Kingambit
|-supereffective|p2a: Kingambit
|-damage|p2a: Kingambit|20/100
|move|p2a: Kingambit|Kowtow Cleave|p1a: Keldeo
|-resisted|p1a: Keldeo
|-damage|p1a: Keldeo|15/100
|-ability|p1a: Keldeo|Justified|boost
|-boost|p1a: Keldeo|atk|1
|
|-heal|p2a: Kingambit|26/100|[from] item: Leftovers
|upkeep
|turn|20
|
|t:|1760724354
|switch|p2a: Dragapult|Dragapult, F|100/100
|-activate|p2a: Dragapult|move: Sticky Web
|-fail|p2a: Dragapult|unboost|[from] ability: Clear Body|[of] p2a: Dragapult
|move|p1a: Keldeo|Vacuum Wave|p2a: Dragapult
|-immune|p2a: Dragapult
|
|upkeep
|turn|21
|
|t:|1760724364
|switch|p1a: Rillaboom|Rillaboom, F|87/100
|-fieldstart|move: Grassy Terrain|[from] ability: Grassy Surge|[of] p1a: Rillaboom
|move|p2a: Dragapult|U-turn|p1a: Rillaboom
|-supereffective|p1a: Rillaboom
|-damage|p1a: Rillaboom|23/100
|
|t:|1760724367
|switch|p2a: Serperior|Serperior, F|100/100|[from] U-turn
|-activate|p2a: Serperior|move: Sticky Web
|-boost|p2a: Serperior|spe|1
|
|-heal|p1a: Rillaboom|30/100|[from] Grassy Terrain
|upkeep
|turn|22
|
|t:|1760724370
|move|p1a: Rillaboom|Grassy Glide|p2a: Serperior
|-resisted|p2a: Serperior
|-damage|p2a: Serperior|76/100
|move|p2a: Serperior|Leaf Storm|p1a: Rillaboom|[miss]
|-miss|p2a: Serperior|p1a: Rillaboom
|
|-heal|p2a: Serperior|82/100|[from] Grassy Terrain
|-heal|p2a: Serperior|88/100|[from] item: Leftovers
|-heal|p1a: Rillaboom|36/100|[from] Grassy Terrain
|upkeep
|turn|23
|
|t:|1760724375
|move|p2a: Serperior|Leaf Storm|p1a: Rillaboom
|-resisted|p1a: Rillaboom
|-damage|p1a: Rillaboom|0 fnt
|-boost|p2a: Serperior|spa|2
|faint|p1a: Rillaboom
|
|-heal|p2a: Serperior|94/100|[from] Grassy Terrain
|-heal|p2a: Serperior|100/100|[from] item: Leftovers
|upkeep
|
|t:|1760724378
|switch|p1a: Fezandipiti|Fezandipiti, M|88/100
|turn|24
|
|t:|1760724383
|-terastallize|p2a: Serperior|Fire
|move|p2a: Serperior|Leaf Storm|p1a: Fezandipiti
|-resisted|p1a: Fezandipiti
|-damage|p1a: Fezandipiti|44/100
|-boost|p2a: Serperior|spa|2
|move|p1a: Fezandipiti|U-turn|p2a: Serperior
|-resisted|p2a: Serperior
|-damage|p2a: Serperior|90/100
|
|t:|1760724390
|switch|p1a: Meowscarada|Meowscarada, F|100/100|[from] U-turn
|
|-heal|p2a: Serperior|96/100|[from] Grassy Terrain
|-heal|p2a: Serperior|100/100|[from] item: Leftovers
|upkeep
|turn|25
|-message|Penguinxdd forfeited.
|
|win|pegfan
|raw|Penguinxdd's rating: 1305 &rarr; <strong>1284</strong><br />(-21 for losing)
|raw|pegfan's rating: 1293 &rarr; <strong>1319</strong><br />(+26 for winning)
|l|☆Penguinxdd
|player|p1|
