|j|☆texas cheese toast
|j|☆PikachuStupid90
|t:|1760719033
|gametype|singles
|player|p1|texas cheese toast|chili|1330
|player|p2|PikachuStupid90|miku-flying|1320
|gen|9
|tier|[Gen 9] OU
|rated|
|rule|HP Percentage Mod: HP is shown in percentages
|rule|Endless Battle Clause: Forcing endless battles is banned
|rule|Species Clause: Limit one of each Pokémon
|rule|OHKO Clause: OHKO moves are banned
|rule|Evasion Items Clause: Evasion items are banned
|rule|Evasion Moves Clause: Evasion moves are banned
|rule|Evasion Abilities Clause: Evasion abilities are banned
|rule|Sleep Moves Clause: Sleep-inducing moves are banned
|clearpoke
|poke|p1|Hoopa-Unbound|
|poke|p1|Hydrapple, M|
|poke|p1|Gliscor, M|
|poke|p1|Cinderace, F|
|poke|p1|Alomomola, M|
|poke|p1|Gholdengo|
|poke|p2|Weavile, F|
|poke|p2|Tornadus-Therian, M|
|poke|p2|Dragonite, M|
|poke|p2|Alomomola, M|
|poke|p2|Clodsire, M|
|poke|p2|Great Tusk|
|teampreview
|inactive|Battle timer is ON: inactive players will automatically lose when time's up. (requested by texas cheese toast)
|
|t:|1760719053
|teamsize|p1|6
|teamsize|p2|6
|start
|switch|p1a: Gliscor|Gliscor, M|100/100
|switch|p2a: Alomomola|Alomomola, M|100/100
|turn|1
|
|t:|1760719059
|move|p1a: Gliscor|Toxic|p2a: Alomomola
|-status|p2a: Alomomola|tox
|move|p2a: Alomomola|Scald|p1a: Gliscor
|-supereffective|p1a: Gliscor
|-damage|p1a: Gliscor|77/100
|
|-damage|p2a: Alomomola|94/100 tox|[from] psn
|-status|p1a: Gliscor|tox|[from] item: Toxic Orb
|upkeep
|turn|2
|
|t:|1760719067
|move|p1a: Gliscor|Spikes|p2a: Alomomola
|-sidestart|p2: PikachuStupid90|Spikes
|move|p2a: Alomomola|Flip Turn|p1a: Gliscor
|-supereffective|p1a: Gliscor
|-damage|p1a: Gliscor|51/100 tox
|
|t:|1760719071
|switch|p2a: Weavile|Weavile, F|100/100|[from] Flip Turn
|-ability|p2a: Weavile|Pressure
|
|-heal|p1a: Gliscor|64/100 tox|[from] ability: Poison Heal
|upkeep
|turn|3
|
|t:|1760719077
|switch|p2a: Alomomola|Alomomola, M|100/100 tox
|switch|p1a: Alomomola|Alomomola, M|100/100
|
|-damage|p2a: Alomomola|94/100 tox|[from] psn
|upkeep
|turn|4
|
|t:|1760719084
|move|p1a: Alomomola|Body Slam|p2a: Alomomola
|-crit|p2a: Alomomola
|-damage|p2a: Alomomola|82/100 tox
|move|p2a: Alomomola|Flip Turn|p1a: Alomomola
|-resisted|p1a: Alomomola
|-damage|p1a: Alomomola|95/100
|
|t:|1760719091
|switch|p2a: Tornadus|Tornadus-Therian, M|100/100|[from] Flip Turn
|
|upkeep
|turn|5
|
|t:|1760719100
|move|p2a: Tornadus|Knock Off|p1a: Alomomola
|-damage|p1a: Alomomola|81/100
|-enditem|p1a: Alomomola|Assault Vest|[from] move: Knock Off|[of] p2a: Tornadus
|move|p1a: Alomomola|Mirror Coat||[still]
|-fail|p1a: Alomomola
|
|upkeep
|turn|6
|
|t:|1760719108
|move|p2a: Tornadus|U-turn|p1a: Alomomola
|-damage|p1a: Alomomola|70/100
|
|t:|1760719112
|switch|p2a: Alomomola|Alomomola, M|100/100 tox|[from] U-turn
|move|p1a: Alomomola|Flip Turn|p2a: Alomomola
|-resisted|p2a: Alomomola
|-damage|p2a: Alomomola|96/100 tox
|
|t:|1760719114
|switch|p1a: Hydrapple|Hydrapple, M, shiny|100/100|[from] Flip Turn
|
|-damage|p2a: Alomomola|90/100 tox|[from] psn
|upkeep
|turn|7
|
|t:|1760719122
|switch|p2a: Clodsire|Clodsire, M|100/100
|move|p1a: Hydrapple|Fickle Beam|p2a: Clodsire
|-damage|p2a: Clodsire|81/100
|
|upkeep
|turn|8
|
|t:|1760719129
|switch|p1a: Gliscor|Gliscor, M|64/100 tox
|move|p2a: Clodsire|Spikes|p1a: Gliscor
|-sidestart|p1: texas cheese toast|Spikes
|
|-heal|p1a: Gliscor|76/100 tox|[from] ability: Poison Heal
|upkeep
|turn|9
|
|t:|1760719137
|switch|p2a: Alomomola|Alomomola, M|100/100 tox
|move|p1a: Gliscor|Earthquake|p2a: Alomomola
|-damage|p2a: Alomomola|82/100 tox
|
|-heal|p1a: Gliscor|89/100 tox|[from] ability: Poison Heal
|-damage|p2a: Alomomola|76/100 tox|[from] psn
|upkeep
|turn|10
|
|t:|1760719143
|move|p1a: Gliscor|Earthquake|p2a: Alomomola
|-damage|p2a: Alomomola|57/100 tox
|move|p2a: Alomomola|Scald|p1a: Gliscor
|-supereffective|p1a: Gliscor
|-damage|p1a: Gliscor|61/100 tox
|
|-heal|p1a: Gliscor|73/100 tox|[from] ability: Poison Heal
|-damage|p2a: Alomomola|45/100 tox|[from] psn
|upkeep
|turn|11
|
|t:|1760719157
|move|p1a: Gliscor|Toxic|p2a: Alomomola
|-fail|p2a: Alomomola|tox
|move|p2a: Alomomola|Flip Turn|p1a: Gliscor
|-supereffective|p1a: Gliscor
|-damage|p1a: Gliscor|46/100 tox
|
|t:|1760719160
|switch|p2a: Tornadus|Tornadus-Therian, M|100/100|[from] Flip Turn
|
|-heal|p1a: Gliscor|58/100 tox|[from] ability: Poison Heal
|upkeep
|turn|12
|
|t:|1760719167
|move|p1a: Gliscor|Protect|p1a: Gliscor
|-singleturn|p1a: Gliscor|Protect
|move|p2a: Tornadus|U-turn|p1a: Gliscor
|-activate|p1a: Gliscor|move: Protect
|
|-heal|p1a: Gliscor|71/100 tox|[from] ability: Poison Heal
|upkeep
|turn|13
|
|t:|1760719175
|move|p2a: Tornadus|U-turn|p1a: Gliscor
|-resisted|p1a: Gliscor
|-damage|p1a: Gliscor|66/100 tox
|
|t:|1760719177
|switch|p2a: Alomomola|Alomomola, M|78/100 tox|[from] U-turn
|move|p1a: Gliscor|Spikes|p2a: Alomomola
|-sidestart|p2: PikachuStupid90|Spikes
|
|-heal|p1a: Gliscor|78/100 tox|[from] ability: Poison Heal
|-damage|p2a: Alomomola|72/100 tox|[from] psn
|upkeep
|turn|14
|
|t:|1760719184
|move|p1a: Gliscor|Spikes|p2a: Alomomola
|-sidestart|p2: PikachuStupid90|Spikes
|move|p2a: Alomomola|Flip Turn|p1a: Gliscor
|-supereffective|p1a: Gliscor
|-damage|p1a: Gliscor|52/100 tox
|
|t:|1760719187
|switch|p2a: Weavile|Weavile, F|100/100|[from] Flip Turn
|-ability|p2a: Weavile|Pressure
|
|-heal|p1a: Gliscor|64/100 tox|[from] ability: Poison Heal
|upkeep
|turn|15
|
|t:|1760719191
|move|p1a: Gliscor|Protect|p1a: Gliscor
|-singleturn|p1a: Gliscor|Protect
|move|p2a: Weavile|Triple Axel|p1a: Gliscor
|-activate|p1a: Gliscor|move: Protect
|
|-heal|p1a: Gliscor|77/100 tox|[from] ability: Poison Heal
|upkeep
|turn|16
|
|t:|1760719197
|switch|p2a: Alomomola|Alomomola, M|100/100 tox
|switch|p1a: Alomomola|Alomomola, M|100/100
|-damage|p1a: Alomomola|88/100|[from] Spikes
|
|-damage|p2a: Alomomola|94/100 tox|[from] psn
|upkeep
|turn|17
|
|t:|1760719205
|move|p1a: Alomomola|Scald|p2a: Alomomola
|-resisted|p2a: Alomomola
|-damage|p2a: Alomomola|86/100 tox
|move|p2a: Alomomola|Flip Turn|p1a: Alomomola
|-resisted|p1a: Alomomola
|-damage|p1a: Alomomola|82/100
|
|t:|1760719208
|switch|p2a: Tornadus|Tornadus-Therian, M|100/100|[from] Flip Turn
|
|upkeep
|turn|18
|
|t:|1760719216
|move|p2a: Tornadus|Bleakwind Storm|p1a: Alomomola
|-damage|p1a: Alomomola|55/100
|move|p1a: Alomomola|Scald|p2a: Tornadus
|-damage|p2a: Tornadus|86/100
|
|upkeep
|turn|19
|
|t:|1760719221
|switch|p2a: Clodsire|Clodsire, M|81/100
|move|p1a: Alomomola|Mirror Coat||[still]
|-fail|p1a: Alomomola
|
|upkeep
|turn|20
|
|t:|1760719226
|switch|p1a: Gliscor|Gliscor, M|77/100 tox
|move|p2a: Clodsire|Toxic|p1a: Gliscor
|-fail|p1a: Gliscor|tox
|
|-heal|p1a: Gliscor|89/100 tox|[from] ability: Poison Heal
|upkeep
|turn|21
|
|t:|1760719232
|switch|p1a: Gholdengo|Gholdengo|100/100
|-item|p1a: Gholdengo|Air Balloon
|move|p2a: Clodsire|Spikes|p1a: Gholdengo
|-sidestart|p1: texas cheese toast|Spikes
|
|upkeep
|turn|22
|
|t:|1760719241
|move|p1a: Gholdengo|Hex|p2a: Clodsire
|-damage|p2a: Clodsire|67/100
|move|p2a: Clodsire|Recover|p2a: Clodsire
|-heal|p2a: Clodsire|100/100
|
|upkeep
|turn|23
|
|t:|1760719249
|switch|p1a: Gliscor|Gliscor, M|89/100 tox
|switch|p2a: Tornadus|Tornadus-Therian, M|100/100
|
|-heal|p1a: Gliscor|100/100 tox|[from] ability: Poison Heal
|upkeep
|turn|24
|
|t:|1760719255
|move|p2a: Tornadus|U-turn|p1a: Gliscor
|-resisted|p1a: Gliscor
|-damage|p1a: Gliscor|95/100 tox
|
|t:|1760719259
|switch|p2a: Alomomola|Alomomola, M|100/100 tox|[from] U-turn
|move|p1a: Gliscor|Toxic|p2a: Alomomola
|-fail|p2a: Alomomola|tox
|
|-heal|p1a: Gliscor|100/100 tox|[from] ability: Poison Heal
|-damage|p2a: Alomomola|94/100 tox|[from] psn
|upkeep
|turn|25
|
|t:|1760719266
|switch|p1a: Gholdengo|Gholdengo|100/100
|-item|p1a: Gholdengo|Air Balloon
|move|p2a: Alomomola|Flip Turn|p1a: Gholdengo
|-damage|p1a: Gholdengo|88/100
|-enditem|p1a: Gholdengo|Air Balloon
|
|t:|1760719269
|switch|p2a: Weavile|Weavile, F|100/100|[from] Flip Turn
|-ability|p2a: Weavile|Pressure
|
|upkeep
|turn|26
|
|t:|1760719278
|switch|p2a: Clodsire|Clodsire, M|100/100
|switch|p1a: Alomomola|Alomomola, M|88/100
|-damage|p1a: Alomomola|71/100|[from] Spikes
|
|upkeep
|turn|27
|
|t:|1760719284
|move|p1a: Alomomola|Body Slam|p2a: Clodsire
|-damage|p2a: Clodsire|82/100
|-status|p2a: Clodsire|par
|cant|p2a: Clodsire|par
|
|upkeep
|turn|28
|
|t:|1760719292
|switch|p1a: Gliscor|Gliscor, M|100/100 tox
|move|p2a: Clodsire|Toxic|p1a: Gliscor
|-fail|p1a: Gliscor|tox
|
|upkeep
|turn|29
|
|t:|1760719300
|switch|p2a: Alomomola|Alomomola, M|100/100 tox
|move|p1a: Gliscor|Earthquake|p2a: Alomomola
|-damage|p2a: Alomomola|82/100 tox
|
|-damage|p2a: Alomomola|76/100 tox|[from] psn
|upkeep
|turn|30
|
|t:|1760719313
|switch|p1a: Alomomola|Alomomola, M|100/100
|-damage|p1a: Alomomola|84/100|[from] Spikes
|move|p2a: Alomomola|Flip Turn|p1a: Alomomola
|-resisted|p1a: Alomomola
|-damage|p1a: Alomomola|78/100
|
|t:|1760719317
|switch|p2a: Tornadus|Tornadus-Therian, M|100/100|[from] Flip Turn
|
|upkeep
|turn|31
|
|t:|1760719321
|move|p2a: Tornadus|U-turn|p1a: Alomomola
|-damage|p1a: Alomomola|66/100
|
|t:|1760719323
|switch|p2a: Clodsire|Clodsire, M|82/100 par|[from] U-turn
|move|p1a: Alomomola|Flip Turn|p2a: Clodsire
|-heal|p2a: Clodsire|100/100 par|[from] ability: Water Absorb|[of] p1a: Alomomola
|
|upkeep
|turn|32
|
|t:|1760719330
|switch|p1a: Hoopa|Hoopa-Unbound|100/100
|-damage|p1a: Hoopa|84/100|[from] Spikes
|switch|p2a: Weavile|Weavile, F|100/100
|-ability|p2a: Weavile|Pressure
|
|upkeep
|turn|33
|
|t:|1760719338
|move|p1a: Hoopa|Gunk Shot|p2a: Weavile|[miss]
|-miss|p1a: Hoopa|p2a: Weavile
|move|p2a: Weavile|Triple Axel|p1a: Hoopa
|-damage|p1a: Hoopa|68/100
|-hitcount|p1a: Hoopa|1
|
|upkeep
|turn|34
|
|t:|1760719348
|switch|p2a: Clodsire|Clodsire, M|100/100 par
|move|p1a: Hoopa|Gunk Shot|p2a: Clodsire|[miss]
|-miss|p1a: Hoopa|p2a: Clodsire
|
|upkeep
|turn|35
|
|t:|1760719355
|switch|p1a: Gliscor|Gliscor, M|100/100 tox
|move|p2a: Clodsire|Spikes|p1a: Gliscor
|-sidestart|p1: texas cheese toast|Spikes
|
|upkeep
|turn|36
|
|t:|1760719361
|switch|p1a: Hoopa|Hoopa-Unbound|68/100
|-damage|p1a: Hoopa|43/100|[from] Spikes
|switch|p2a: Alomomola|Alomomola, M|100/100 tox
|
|-damage|p2a: Alomomola|94/100 tox|[from] psn
|upkeep
|turn|37
|
|t:|1760719365
|move|p1a: Hoopa|Knock Off|p2a: Alomomola
|-damage|p2a: Alomomola|65/100 tox
|-enditem|p2a: Alomomola|Heavy-Duty Boots|[from] move: Knock Off|[of] p1a: Hoopa
|move|p2a: Alomomola|Flip Turn|p1a: Hoopa
|-damage|p1a: Hoopa|11/100
|
|t:|1760719374
|switch|p2a: Clodsire|Clodsire, M|100/100 par|[from] Flip Turn
|
|upkeep
|turn|38
|
|t:|1760719378
|switch|p2a: Alomomola|Alomomola, M|99/100 tox
|-damage|p2a: Alomomola|74/100 tox|[from] Spikes
|move|p1a: Hoopa|Knock Off|p2a: Alomomola
|-damage|p2a: Alomomola|52/100 tox
|
|-damage|p2a: Alomomola|46/100 tox|[from] psn
|upkeep
|turn|39
|
|t:|1760719386
|move|p1a: Hoopa|Knock Off|p2a: Alomomola
|-damage|p2a: Alomomola|23/100 tox
|move|p2a: Alomomola|Wish|p2a: Alomomola
|
|-damage|p2a: Alomomola|11/100 tox|[from] psn
|upkeep
|turn|40
|
|t:|1760719393
|move|p2a: Alomomola|Protect|p2a: Alomomola
|-singleturn|p2a: Alomomola|Protect
|move|p1a: Hoopa|Knock Off|p2a: Alomomola
|-activate|p2a: Alomomola|move: Protect
|
|-heal|p2a: Alomomola|61/100 tox|[from] move: Wish|[wisher] Alomomola
|-damage|p2a: Alomomola|42/100 tox|[from] psn
|upkeep
|turn|41
|
|t:|1760719400
|move|p1a: Hoopa|Knock Off|p2a: Alomomola
|-crit|p2a: Alomomola
|-damage|p2a: Alomomola|10/100 tox
|move|p2a: Alomomola|Flip Turn|p1a: Hoopa
|-damage|p1a: Hoopa|0 fnt
|faint|p1a: Hoopa
|
|t:|1760719404
|switch|p2a: Clodsire|Clodsire, M|100/100 par|[from] Flip Turn
|
|upkeep
|
|t:|1760719414
|switch|p1a: Gholdengo|Gholdengo|88/100
|-damage|p1a: Gholdengo|63/100|[from] Spikes
|turn|42
|
|t:|1760719421
|move|p1a: Gholdengo|Hex|p2a: Clodsire
|-damage|p2a: Clodsire|72/100 par
|move|p2a: Clodsire|Earthquake|p1a: Gholdengo
|-supereffective|p1a: Gholdengo
|-damage|p1a: Gholdengo|23/100
|
|upkeep
|turn|43
|
|t:|1760719429
|move|p1a: Gholdengo|Recover|p1a: Gholdengo
|-heal|p1a: Gholdengo|73/100
|move|p2a: Clodsire|Recover|p2a: Clodsire
|-heal|p2a: Clodsire|100/100 par
|
|upkeep
|turn|44
|
|t:|1760719432
|switch|p1a: Gliscor|Gliscor, M|100/100 tox
|cant|p2a: Clodsire|par
|
|upkeep
|turn|45
|
|t:|1760719438
|switch|p2a: Alomomola|Alomomola, M|43/100 tox
|-damage|p2a: Alomomola|18/100 tox|[from] Spikes
|move|p1a: Gliscor|Earthquake|p2a: Alomomola
|-damage|p2a: Alomomola|0 fnt
|faint|p2a: Alomomola
|
|upkeep
|
|t:|1760719442
|switch|p2a: Weavile|Weavile, F|100/100
|-ability|p2a: Weavile|Pressure
|turn|46
|
|t:|1760719449
|-terastallize|p1a: Gliscor|Fairy
|move|p2a: Weavile|Hone Claws|p2a: Weavile
|-boost|p2a: Weavile|atk|1
|-boost|p2a: Weavile|accuracy|1
|move|p1a: Gliscor|Toxic|p2a: Weavile|[miss]
|-miss|p1a: Gliscor|p2a: Weavile
|
|upkeep
|turn|47
|
|t:|1760719470
|switch|p2a: Clodsire|Clodsire, M|100/100 par
|move|p1a: Gliscor|Toxic|p2a: Clodsire|[miss]
|-miss|p1a: Gliscor|p2a: Clodsire
|
|upkeep
|turn|48
|
|t:|1760719479
|switch|p2a: Tornadus|Tornadus-Therian, M|100/100
|move|p1a: Gliscor|Earthquake|p2a: Tornadus
|-immune|p2a: Tornadus
|
|upkeep
|turn|49
|
|t:|1760719485
|move|p2a: Tornadus|U-turn|p1a: Gliscor
|-resisted|p1a: Gliscor
|-damage|p1a: Gliscor|95/100 tox
|
|t:|1760719488
|switch|p2a: Clodsire|Clodsire, M|100/100 par|[from] U-turn
|move|p1a: Gliscor|Earthquake|p2a: Clodsire
|-supereffective|p2a: Clodsire
|-damage|p2a: Clodsire|31/100 par
|
|-heal|p1a: Gliscor|100/100 tox|[from] ability: Poison Heal
|upkeep
|turn|50
|
|t:|1760719494
|move|p1a: Gliscor|Earthquake|p2a: Clodsire
|-supereffective|p2a: Clodsire
|-damage|p2a: Clodsire|0 fnt
|faint|p2a: Clodsire
|
|upkeep
|
|t:|1760719503
|switch|p2a: Great Tusk|Great Tusk|100/100
|turn|51
|
|t:|1760719513
|move|p2a: Great Tusk|Headlong Rush|p1a: Gliscor
|-damage|p1a: Gliscor|48/100 tox
|-unboost|p2a: Great Tusk|def|1
|-unboost|p2a: Great Tusk|spd|1
|move|p1a: Gliscor|Toxic|p2a: Great Tusk
|-status|p2a: Great Tusk|tox
|
|-damage|p2a: Great Tusk|94/100 tox|[from] psn
|-heal|p1a: Gliscor|61/100 tox|[from] ability: Poison Heal
|upkeep
|turn|52
|
|t:|1760719521
|-end|p2a: Great Tusk|Protosynthesis|[silent]
|switch|p2a: Tornadus|Tornadus-Therian, M|100/100
|move|p1a: Gliscor|Protect||[still]
|-fail|p1a: Gliscor
|
|-heal|p1a: Gliscor|73/100 tox|[from] ability: Poison Heal
|upkeep
|turn|53
|
|t:|1760719530
|move|p2a: Tornadus|U-turn|p1a: Gliscor
|-resisted|p1a: Gliscor
|-damage|p1a: Gliscor|68/100 tox
|
|t:|1760719533
|switch|p2a: Great Tusk|Great Tusk|94/100 tox|[from] U-turn
|move|p1a: Gliscor|Toxic|p2a: Great Tusk
|-fail|p2a: Great Tusk|tox
|
|-damage|p2a: Great Tusk|88/100 tox|[from] psn
|-heal|p1a: Gliscor|80/100 tox|[from] ability: Poison Heal
|upkeep
|turn|54
|
|t:|1760719541
|move|p1a: Gliscor|Protect|p1a: Gliscor
|-singleturn|p1a: Gliscor|Protect
|move|p2a: Great Tusk|Headlong Rush|p1a: Gliscor
|-activate|p1a: Gliscor|move: Protect
|
|-damage|p2a: Great Tusk|76/100 tox|[from] psn
|-heal|p1a: Gliscor|93/100 tox|[from] ability: Poison Heal
|upkeep
|turn|55
|
|t:|1760719545
|move|p2a: Great Tusk|Headlong Rush|p1a: Gliscor
|-damage|p1a: Gliscor|42/100 tox
|-unboost|p2a: Great Tusk|def|1
|-unboost|p2a: Great Tusk|spd|1
|move|p1a: Gliscor|Earthquake|p2a: Great Tusk
|-damage|p2a: Great Tusk|42/100 tox
|
|-damage|p2a: Great Tusk|24/100 tox|[from] psn
|-heal|p1a: Gliscor|55/100 tox|[from] ability: Poison Heal
|upkeep
|turn|56
|
|t:|1760719553
|-end|p2a: Great Tusk|Protosynthesis|[silent]
|switch|p2a: Tornadus|Tornadus-Therian, M|100/100
|move|p1a: Gliscor|Protect||[still]
|-fail|p1a: Gliscor
|
|-heal|p1a: Gliscor|67/100 tox|[from] ability: Poison Heal
|upkeep
|turn|57
|
|t:|1760719562
|switch|p2a: Great Tusk|Great Tusk|24/100 tox
|move|p1a: Gliscor|Protect||[still]
|-fail|p1a: Gliscor
|
|-damage|p2a: Great Tusk|17/100 tox|[from] psn
|-heal|p1a: Gliscor|80/100 tox|[from] ability: Poison Heal
|upkeep
|turn|58
|
|t:|1760719569
|move|p1a: Gliscor|Protect|p1a: Gliscor
|-singleturn|p1a: Gliscor|Protect
|move|p2a: Great Tusk|Headlong Rush|p1a: Gliscor
|-activate|p1a: Gliscor|move: Protect
|
|-damage|p2a: Great Tusk|5/100 tox|[from] psn
|-heal|p1a: Gliscor|92/100 tox|[from] ability: Poison Heal
|upkeep
|turn|59
|
|t:|1760719573
|switch|p1a: Alomomola|Alomomola, M|99/100
|-damage|p1a: Alomomola|75/100|[from] Spikes
|move|p2a: Great Tusk|Headlong Rush|p1a: Alomomola
|-crit|p1a: Alomomola
|-damage|p1a: Alomomola|5/100
|-unboost|p2a: Great Tusk|def|1
|-unboost|p2a: Great Tusk|spd|1
|
|-damage|p2a: Great Tusk|0 fnt|[from] psn
|faint|p2a: Great Tusk
|-end|p2a: Great Tusk|Protosynthesis|[silent]
|upkeep
|
|t:|1760719584
|switch|p2a: Weavile|Weavile, F|100/100
|-ability|p2a: Weavile|Pressure
|turn|60
|
|t:|1760719589
|move|p2a: Weavile|Hone Claws|p2a: Weavile
|-boost|p2a: Weavile|atk|1
|-boost|p2a: Weavile|accuracy|1
|move|p1a: Alomomola|Flip Turn|p2a: Weavile
|-damage|p2a: Weavile|76/100
|
|t:|1760719593
|switch|p1a: Gliscor|Gliscor, M, tera:Fairy|92/100 tox|[from] Flip Turn
|-damage|p1a: Gliscor|67/100 tox|[from] Spikes
|
|-heal|p1a: Gliscor|80/100 tox|[from] ability: Poison Heal
|upkeep
|turn|61
|
|t:|1760719599
|move|p2a: Weavile|Hone Claws|p2a: Weavile
|-boost|p2a: Weavile|atk|1
|-boost|p2a: Weavile|accuracy|1
|move|p1a: Gliscor|Toxic|p2a: Weavile|[miss]
|-miss|p1a: Gliscor|p2a: Weavile
|
|-heal|p1a: Gliscor|92/100 tox|[from] ability: Poison Heal
|upkeep
|turn|62
|
|t:|1760719610
|move|p2a: Weavile|Triple Axel|p1a: Gliscor
|-damage|p1a: Gliscor|80/100 tox
|-damage|p1a: Gliscor|52/100 tox
|-damage|p1a: Gliscor|13/100 tox
|-hitcount|p1a: Gliscor|3
|move|p1a: Gliscor|Toxic|p2a: Weavile
|-status|p2a: Weavile|tox
|
|-damage|p2a: Weavile|70/100 tox|[from] psn
|-heal|p1a: Gliscor|25/100 tox|[from] ability: Poison Heal
|upkeep
|turn|63
|
|t:|1760719623
|move|p2a: Weavile|Triple Axel|p1a: Gliscor
|-damage|p1a: Gliscor|13/100 tox
|-damage|p1a: Gliscor|0 fnt
|faint|p1a: Gliscor
|-hitcount|p1: Gliscor|2
|
|-damage|p2a: Weavile|58/100 tox|[from] psn
|upkeep
|
|t:|1760719627
|switch|p1a: Alomomola|Alomomola, M|38/100
|-damage|p1a: Alomomola|13/100|[from] Spikes
|turn|64
|
|t:|1760719635
|move|p2a: Weavile|Knock Off|p1a: Alomomola
|-damage|p1a: Alomomola|0 fnt
|faint|p1a: Alomomola
|
|-damage|p2a: Weavile|39/100 tox|[from] psn
|upkeep
|
|t:|1760719645
|switch|p1a: Gholdengo|Gholdengo|73/100
|-damage|p1a: Gholdengo|48/100|[from] Spikes
|turn|65
|
|t:|1760719648
|move|p2a: Weavile|Knock Off|p1a: Gholdengo
|-supereffective|p1a: Gholdengo
|-damage|p1a: Gholdengo|0 fnt
|faint|p1a: Gholdengo
|
|-damage|p2a: Weavile|15/100 tox|[from] psn
|upkeep
|
|t:|1760719658
|switch|p1a: Hydrapple|Hydrapple, M, shiny|100/100
|-damage|p1a: Hydrapple|76/100|[from] Spikes
|turn|66
|
|t:|1760719661
|move|p2a: Weavile|Triple Axel|p1a: Hydrapple
|-supereffective|p1a: Hydrapple
|-damage|p1a: Hydrapple|34/100
|-damage|p2a: Weavile|0 fnt|[from] item: Rocky Helmet|[of] p1a: Hydrapple
|faint|p2a: Weavile
|-hitcount|p1a: Hydrapple|1
|move|p1a: Hydrapple|Giga Drain|p2: Weavile|[notarget]
|-fail|p1a: Hydrapple
|
|upkeep
|
|t:|1760719674
|switch|p2a: Tornadus|Tornadus-Therian, M|100/100
|turn|67
|
|t:|1760719679
|move|p2a: Tornadus|Bleakwind Storm|p1a: Hydrapple
|-supereffective|p1a: Hydrapple
|-damage|p1a: Hydrapple|0 fnt
|faint|p1a: Hydrapple
|
|upkeep
|
|t:|1760719680
|switch|p1a: Cinderace|Cinderace, F|100/100
|turn|68
|
|t:|1760719687
|move|p2a: Tornadus|U-turn|p1a: Cinderace
|-resisted|p1a: Cinderace
|-damage|p1a: Cinderace|92/100
|
|t:|1760719689
|switch|p2a: Dragonite|Dragonite, M|100/100|[from] U-turn
|move|p1a: Cinderace|Pyro Ball|p2a: Dragonite
|-resisted|p2a: Dragonite
|-damage|p2a: Dragonite|87/100
|
|upkeep
|turn|69
|
|t:|1760719696
|move|p1a: Cinderace|Will-O-Wisp|p2a: Dragonite
|-status|p2a: Dragonite|brn
|-enditem|p2a: Dragonite|Rawst Berry|[eat]
|-curestatus|p2a: Dragonite|brn|[msg]
|move|p2a: Dragonite|Dragon Dance|p2a: Dragonite
|-boost|p2a: Dragonite|atk|1
|-boost|p2a: Dragonite|spe|1
|
|upkeep
|turn|70
|-message|texas cheese toast forfeited.
|
|win|PikachuStupid90
|raw|texas cheese toast's rating: 1330 &rarr; <strong>1309</strong><br />(-21 for losing)
|raw|PikachuStupid90's rating: 1320 &rarr; <strong>1341</strong><br />(+21 for winning)
