|badge|p1|bronze|gen9ou|100-7
|uhtml|medal-msg|<div class="broadcast-blue">Curious what those medals under the avatar are? PS now has Ladder Seasons! For more information, check out the <a href="https://www.smogon.com/forums/threads/3740067/">thread on Smogon.</a></div>
|badge|p2|bronze|gen9ou|100-7
|uhtml|medal-msg|<div class="broadcast-blue">Curious what those medals under the avatar are? PS now has Ladder Seasons! For more information, check out the <a href="https://www.smogon.com/forums/threads/3740067/">thread on Smogon.</a></div>
|j|☆Shockmoth
|j|☆LT124YH Prav33n
|t:|1760835830
|gametype|singles
|player|p1|Shockmoth|wattson|1854
|player|p2|LT124YH Prav33n|koga|1843
|gen|9
|tier|[Gen 9] OU
|rated|
|rule|HP Percentage Mod: HP is shown in percentages
|rule|Endless Battle Clause: Forcing endless battles is banned
|rule|Species Clause: Limit one of each Pokémon
|rule|OHKO Clause: OHKO moves are banned
|rule|Evasion Items Clause: Evasion items are banned
|rule|Evasion Moves Clause: Evasion moves are banned
|rule|Evasion Abilities Clause: Evasion abilities are banned
|rule|Sleep Moves Clause: Sleep-inducing moves are banned
|clearpoke
|poke|p1|Frosmoth, F|
|poke|p1|Pincurchin, F|
|poke|p1|Raichu-Alola, M|
|poke|p1|Iron Hands|
|poke|p1|Rotom-Wash|
|poke|p1|Pawmot, M|
|poke|p2|Kyurem|
|poke|p2|Great Tusk|
|poke|p2|Ogerpon-Wellspring, F|
|poke|p2|Heatran, M|
|poke|p2|Enamorus, F|
|poke|p2|Pecharunt|
|teampreview
|inactive|Battle timer is ON: inactive players will automatically lose when time's up. (requested by Shockmoth)
|inactive|LT124YH Prav33n also wants the timer to be on.
|c|☆Shockmoth|Hf
|j| FaronAan
|j| nsdede
|inactive|Shockmoth has 120 seconds left.
|
|t:|1760835861
|teamsize|p1|6
|teamsize|p2|6
|start
|switch|p1a: OH YEAH!!! YEAH!!|Pincurchin, F|100/100
|switch|p2a: Pecharunt|Pecharunt|100/100
|-item|p2a: Pecharunt|Air Balloon
|-fieldstart|move: Electric Terrain|[from] ability: Electric Surge|[of] p1a: OH YEAH!!! YEAH!!
|turn|1
|
|t:|1760835862
|move|p2a: Pecharunt|Malignant Chain|p1a: OH YEAH!!! YEAH!!
|-damage|p1a: OH YEAH!!! YEAH!!|58/100
|move|p1a: OH YEAH!!! YEAH!!|Thunder Wave|p2a: Pecharunt
|-status|p2a: Pecharunt|par
|
|upkeep
|turn|2
|
|t:|1760835866
|switch|p1a: Surf's Up (2007)|Raichu-Alola, M|100/100
|move|p2a: Pecharunt|Malignant Chain|p1a: Surf's Up (2007)
|-damage|p1a: Surf's Up (2007)|53/100
|-status|p1a: Surf's Up (2007)|tox
|-start|p1a: Surf's Up (2007)|confusion|[from] ability: Poison Puppeteer|[of] p2a: Pecharunt
|
|-damage|p1a: Surf's Up (2007)|47/100 tox|[from] psn
|upkeep
|turn|3
|
|t:|1760835875
|switch|p2a: Heatran|Heatran, M|100/100
|-activate|p1a: Surf's Up (2007)|confusion
|-damage|p1a: Surf's Up (2007)|32/100 tox|[from] confusion
|
|-damage|p1a: Surf's Up (2007)|20/100 tox|[from] psn
|upkeep
|turn|4
|
|t:|1760835879
|switch|p2a: Great Tusk|Great Tusk|100/100
|-end|p1a: Surf's Up (2007)|confusion
|move|p1a: Surf's Up (2007)|Psychic|p2a: Great Tusk
|-supereffective|p2a: Great Tusk
|-damage|p2a: Great Tusk|0 fnt
|faint|p2a: Great Tusk
|-end|p2a: Great Tusk|Protosynthesis|[silent]
|
|-damage|p1a: Surf's Up (2007)|2/100 tox|[from] psn
|upkeep
|
|t:|1760835888
|switch|p2a: Heatran|Heatran, M|100/100
|turn|5
|
|t:|1760835900
|switch|p1a: William O' Wisp|Rotom-Wash|100/100
|move|p2a: Heatran|Stealth Rock|p1a: William O' Wisp
|-sidestart|p1: Shockmoth|move: Stealth Rock
|
|upkeep
|turn|6
|
|t:|1760835903
|move|p1a: William O' Wisp|Reflect|p1a: William O' Wisp
|-sidestart|p1: Shockmoth|Reflect
|move|p2a: Heatran|Taunt|p1a: William O' Wisp
|-start|p1a: William O' Wisp|move: Taunt
|
|upkeep
|turn|7
|
|t:|1760835909
|switch|p2a: Ogerpon|Ogerpon-Wellspring, F|100/100
|move|p1a: William O' Wisp|Volt Switch|p2a: Ogerpon
|-damage|p2a: Ogerpon|56/100
|inactive|Shockmoth has 120 seconds left.
|c|☆LT124YH Prav33n|Hf
|
|t:|1760835963
|switch|p1a: Iron Deficiency|Iron Hands|100/100|[from] Volt Switch
|-damage|p1a: Iron Deficiency|94/100|[from] Stealth Rock
|-activate|p1a: Iron Deficiency|ability: Quark Drive
|-start|p1a: Iron Deficiency|quarkdriveatk
|
|upkeep
|turn|8
|
|t:|1760835972
|move|p2a: Ogerpon|U-turn|p1a: Iron Deficiency
|-resisted|p1a: Iron Deficiency
|-damage|p1a: Iron Deficiency|90/100
|
|t:|1760835976
|switch|p2a: Enamorus|Enamorus, F, shiny|100/100|[from] U-turn
|move|p1a: Iron Deficiency|Supercell Slam|p2a: Enamorus
|-supereffective|p2a: Enamorus
|-damage|p2a: Enamorus|0 fnt
|faint|p2a: Enamorus
|
|-fieldend|move: Electric Terrain
|-end|p1a: Iron Deficiency|Quark Drive
|upkeep
|
|t:|1760835979
|switch|p2a: Pecharunt|Pecharunt|100/100 par
|-item|p2a: Pecharunt|Air Balloon
|turn|9
|
|t:|1760835993
|-end|p1a: Iron Deficiency|Quark Drive|[silent]
|switch|p1a: OH YEAH!!! YEAH!!|Pincurchin, F|58/100
|-damage|p1a: OH YEAH!!! YEAH!!|46/100|[from] Stealth Rock
|-fieldstart|move: Electric Terrain|[from] ability: Electric Surge|[of] p1a: OH YEAH!!! YEAH!!
|move|p2a: Pecharunt|Malignant Chain|p1a: OH YEAH!!! YEAH!!
|-damage|p1a: OH YEAH!!! YEAH!!|6/100
|
|upkeep
|turn|10
|
|t:|1760836006
|move|p2a: Pecharunt|Shadow Ball|p1a: OH YEAH!!! YEAH!!
|-damage|p1a: OH YEAH!!! YEAH!!|0 fnt
|faint|p1a: OH YEAH!!! YEAH!!
|
|upkeep
|
|t:|1760836008
|switch|p1a: Surf's Up (2007)|Raichu-Alola, M|2/100 tox
|-damage|p1a: Surf's Up (2007)|0 fnt|[from] Stealth Rock
|faint|p1a: Surf's Up (2007)
|
|t:|1760836009
|switch|p1a: Evanescence|Pawmot, M|100/100
|-damage|p1a: Evanescence|94/100|[from] Stealth Rock
|turn|11
|
|t:|1760836014
|move|p1a: Evanescence|Revival Blessing|p1a: Evanescence
|-enditem|p1a: Evanescence|Leppa Berry|[eat]
|-activate|p1a: Evanescence|item: Leppa Berry|Revival Blessing|[consumed]
|j| simplegent
|
|t:|1760836028
|-heal|p1: Surf's Up (2007)|50/100|[from] move: Revival Blessing
|cant|p2a: Pecharunt|par
|
|upkeep
|turn|12
|
|t:|1760836031
|move|p1a: Evanescence|Revival Blessing|p1a: Evanescence
|
|t:|1760836033
|-heal|p1: OH YEAH!!! YEAH!!|50/100|[from] move: Revival Blessing
|move|p2a: Pecharunt|Malignant Chain|p1a: Evanescence
|-damage|p1a: Evanescence|33/100
|-status|p1a: Evanescence|tox
|-start|p1a: Evanescence|confusion|[from] ability: Poison Puppeteer|[of] p2a: Pecharunt
|
|-damage|p1a: Evanescence|26/100 tox|[from] psn
|upkeep
|turn|13
|
|t:|1760836043
|-activate|p1a: Evanescence|confusion
|-damage|p1a: Evanescence|14/100 tox|[from] confusion
|move|p2a: Pecharunt|Shadow Ball|p1a: Evanescence
|-damage|p1a: Evanescence|0 fnt
|faint|p1a: Evanescence
|
|-sideend|p1: Shockmoth|Reflect
|upkeep
|
|t:|1760836062
|switch|p1a: Surf's Up (2007)|Raichu-Alola, M|50/100
|-damage|p1a: Surf's Up (2007)|38/100|[from] Stealth Rock
|turn|14
|
|t:|1760836066
|switch|p2a: Heatran|Heatran, M|100/100
|move|p1a: Surf's Up (2007)|Volt Switch|p2a: Heatran
|-damage|p2a: Heatran|63/100
|
|t:|1760836069
|switch|p1a: William O' Wisp|Rotom-Wash|100/100|[from] Volt Switch
|-damage|p1a: William O' Wisp|88/100|[from] Stealth Rock
|
|-heal|p2a: Heatran|69/100|[from] item: Leftovers
|upkeep
|turn|15
|
|t:|1760836074
|switch|p2a: Kyurem|Kyurem, shiny|100/100
|-ability|p2a: Kyurem|Pressure
|move|p1a: William O' Wisp|Reflect|p1a: William O' Wisp
|-sidestart|p1: Shockmoth|Reflect
|
|upkeep
|turn|16
|
|t:|1760836076
|switch|p1a: Finger Eleven|Frosmoth, F, shiny|100/100
|move|p2a: Kyurem|Substitute|p2a: Kyurem
|-start|p2a: Kyurem|Substitute
|-damage|p2a: Kyurem|75/100
|
|-heal|p2a: Kyurem|82/100|[from] item: Leftovers
|-fieldend|move: Electric Terrain
|upkeep
|turn|17
|j| Togekiss2000
|
|t:|1760836084
|switch|p2a: Pecharunt|Pecharunt|100/100 par
|-item|p2a: Pecharunt|Air Balloon
|move|p1a: Finger Eleven|Defog|p2a: Pecharunt
|-unboost|p2a: Pecharunt|evasion|1
|-sideend|p1: Shockmoth|Stealth Rock|[from] move: Defog|[of] p1a: Finger Eleven
|
|upkeep
|turn|18
|inactive|Shockmoth has 120 seconds left.
|
|t:|1760836136
|switch|p1a: OH YEAH!!! YEAH!!|Pincurchin, F|50/100
|-fieldstart|move: Electric Terrain|[from] ability: Electric Surge|[of] p1a: OH YEAH!!! YEAH!!
|move|p2a: Pecharunt|Malignant Chain|p1a: OH YEAH!!! YEAH!!
|-damage|p1a: OH YEAH!!! YEAH!!|7/100
|-status|p1a: OH YEAH!!! YEAH!!|tox
|-start|p1a: OH YEAH!!! YEAH!!|confusion|[from] ability: Poison Puppeteer|[of] p2a: Pecharunt
|
|-damage|p1a: OH YEAH!!! YEAH!!|1/100 tox|[from] psn
|upkeep
|turn|19
|
|t:|1760836150
|-activate|p1a: OH YEAH!!! YEAH!!|confusion
|-damage|p1a: OH YEAH!!! YEAH!!|0 fnt|[from] confusion
|faint|p1a: OH YEAH!!! YEAH!!
|move|p2a: Pecharunt|Shadow Ball|p1: OH YEAH!!! YEAH!!|[notarget]
|-fail|p2a: Pecharunt
|
|upkeep
|
|t:|1760836153
|switch|p1a: Surf's Up (2007)|Raichu-Alola, M|38/100
|turn|20
|inactive|Shockmoth has 120 seconds left.
|
|t:|1760836160
|switch|p2a: Heatran|Heatran, M|69/100
|move|p1a: Surf's Up (2007)|Volt Switch|p2a: Heatran
|-damage|p2a: Heatran|28/100
|
|t:|1760836163
|switch|p1a: William O' Wisp|Rotom-Wash|88/100|[from] Volt Switch
|
|-heal|p2a: Heatran|35/100|[from] item: Leftovers
|upkeep
|turn|21
|
|t:|1760836168
|move|p1a: William O' Wisp|Volt Switch|p2a: Heatran
|-damage|p2a: Heatran|12/100
|
|t:|1760836169
|switch|p1a: Surf's Up (2007)|Raichu-Alola, M|38/100|[from] Volt Switch
|move|p2a: Heatran|Stealth Rock|p1a: Surf's Up (2007)
|-sidestart|p1: Shockmoth|move: Stealth Rock
|
|-heal|p2a: Heatran|18/100|[from] item: Leftovers
|upkeep
|turn|22
|
|t:|1760836184
|move|p1a: Surf's Up (2007)|Volt Switch|p2a: Heatran
|-damage|p2a: Heatran|0 fnt
|faint|p2a: Heatran
|
|t:|1760836186
|switch|p1a: Iron Deficiency|Iron Hands|90/100|[from] Volt Switch
|-damage|p1a: Iron Deficiency|84/100|[from] Stealth Rock
|-activate|p1a: Iron Deficiency|ability: Quark Drive
|-start|p1a: Iron Deficiency|quarkdriveatk
|
|-sideend|p1: Shockmoth|Reflect
|upkeep
|
|t:|1760836189
|switch|p2a: Pecharunt|Pecharunt|100/100 par
|-item|p2a: Pecharunt|Air Balloon
|turn|23
|j| gronwar
|
|t:|1760836195
|-end|p1a: Iron Deficiency|Quark Drive|[silent]
|switch|p1a: Surf's Up (2007)|Raichu-Alola, M|38/100
|-damage|p1a: Surf's Up (2007)|26/100|[from] Stealth Rock
|move|p2a: Pecharunt|Malignant Chain|p1a: Surf's Up (2007)
|-crit|p1a: Surf's Up (2007)
|-damage|p1a: Surf's Up (2007)|0 fnt
|faint|p1a: Surf's Up (2007)
|
|upkeep
|
|t:|1760836197
|switch|p1a: William O' Wisp|Rotom-Wash|88/100
|-damage|p1a: William O' Wisp|76/100|[from] Stealth Rock
|turn|24
|
|t:|1760836205
|move|p1a: William O' Wisp|Reflect|p1a: William O' Wisp
|-sidestart|p1: Shockmoth|Reflect
|move|p2a: Pecharunt|Shadow Ball|p1a: William O' Wisp
|-damage|p1a: William O' Wisp|50/100
|
|upkeep
|turn|25
|
|t:|1760836208
|move|p1a: William O' Wisp|Light Screen|p1a: William O' Wisp
|-sidestart|p1: Shockmoth|move: Light Screen
|move|p2a: Pecharunt|Shadow Ball|p1a: William O' Wisp
|-damage|p1a: William O' Wisp|37/100
|
|-fieldend|move: Electric Terrain
|upkeep
|turn|26
|
|t:|1760836210
|move|p1a: William O' Wisp|Hydro Pump|p2a: Pecharunt
|-damage|p2a: Pecharunt|47/100 par
|-enditem|p2a: Pecharunt|Air Balloon
|move|p2a: Pecharunt|Malignant Chain|p1a: William O' Wisp
|-damage|p1a: William O' Wisp|20/100
|
|upkeep
|turn|27
|
|t:|1760836214
|move|p1a: William O' Wisp|Hydro Pump|p2a: Pecharunt|[miss]
|-miss|p1a: William O' Wisp|p2a: Pecharunt
|move|p2a: Pecharunt|Recover|p2a: Pecharunt
|-heal|p2a: Pecharunt|97/100 par
|
|upkeep
|turn|28
|
|t:|1760836221
|move|p1a: William O' Wisp|Hydro Pump|p2a: Pecharunt|[miss]
|-miss|p1a: William O' Wisp|p2a: Pecharunt
|move|p2a: Pecharunt|Parting Shot|p1a: William O' Wisp
|-unboost|p1a: William O' Wisp|atk|1
|-unboost|p1a: William O' Wisp|spa|1
|
|t:|1760836223
|switch|p2a: Ogerpon|Ogerpon-Wellspring, F|56/100|[from] Parting Shot
|
|upkeep
|turn|29
|
|t:|1760836247
|switch|p1a: Iron Deficiency|Iron Hands|84/100
|-damage|p1a: Iron Deficiency|78/100|[from] Stealth Rock
|move|p2a: Ogerpon|Synthesis|p2a: Ogerpon
|-heal|p2a: Ogerpon|100/100
|
|upkeep
|turn|30
|
|t:|1760836249
|move|p2a: Ogerpon|U-turn|p1a: Iron Deficiency
|-resisted|p1a: Iron Deficiency
|-crit|p1a: Iron Deficiency
|-damage|p1a: Iron Deficiency|65/100
|
|t:|1760836250
|switch|p2a: Pecharunt|Pecharunt|97/100 par|[from] U-turn
|move|p1a: Iron Deficiency|Swords Dance|p1a: Iron Deficiency
|-boost|p1a: Iron Deficiency|atk|2
|
|upkeep
|turn|31
|j| JonhP451
|
|t:|1760836251
|move|p1a: Iron Deficiency|Supercell Slam|p2a: Pecharunt
|-damage|p2a: Pecharunt|44/100 par
|cant|p2a: Pecharunt|par
|
|-sideend|p1: Shockmoth|Reflect
|upkeep
|turn|32
|
|t:|1760836256
|move|p1a: Iron Deficiency|Supercell Slam|p2a: Pecharunt
|-damage|p2a: Pecharunt|0 fnt
|faint|p2a: Pecharunt
|
|-sideend|p1: Shockmoth|move: Light Screen
|upkeep
|
|t:|1760836270
|switch|p2a: Kyurem|Kyurem, shiny|82/100
|-ability|p2a: Kyurem|Pressure
|turn|33
|-activate|p1a: Iron Deficiency|item: Quick Claw
|
|t:|1760836279
|move|p2a: Kyurem|Protect|p2a: Kyurem
|-singleturn|p2a: Kyurem|Protect
|move|p1a: Iron Deficiency|Drain Punch|p2a: Kyurem
|-activate|p2a: Kyurem|move: Protect
|
|-heal|p2a: Kyurem|88/100|[from] item: Leftovers
|upkeep
|turn|34
|-activate|p1a: Iron Deficiency|item: Quick Claw
|
|t:|1760836290
|-terastallize|p1a: Iron Deficiency|Flying
|move|p1a: Iron Deficiency|Drain Punch|p2a: Kyurem
|-supereffective|p2a: Kyurem
|-damage|p2a: Kyurem|0 fnt
|-heal|p1a: Iron Deficiency|100/100|[from] drain|[of] p2a: Kyurem
|faint|p2a: Kyurem
|
|upkeep
|-message|LT124YH Prav33n forfeited.
|
|win|Shockmoth
|raw|Shockmoth's rating: 1854 &rarr; <strong>1873</strong><br />(+19 for winning)
|raw|LT124YH Prav33n's rating: 1843 &rarr; <strong>1824</strong><br />(-19 for losing)
|l|☆LT124YH Prav33n
|player|p2|
|c|☆Shockmoth|Gg
|l| nsdede
|l| simplegent
|l| Togekiss2000
|l| JonhP451
