|j|☆RK Earth 9000
|j|☆Ainchie
|t:|1760847188
|gametype|singles
|player|p1|RK Earth 9000|volkner|1205
|player|p2|Ainchie|barry|1185
|gen|9
|tier|[Gen 9] OU
|rated|
|rule|HP Percentage Mod: HP is shown in percentages
|rule|Endless Battle Clause: Forcing endless battles is banned
|rule|Species Clause: Limit one of each Pokémon
|rule|OHKO Clause: OHKO moves are banned
|rule|Evasion Items Clause: Evasion items are banned
|rule|Evasion Moves Clause: Evasion moves are banned
|rule|Evasion Abilities Clause: Evasion abilities are banned
|rule|Sleep Moves Clause: Sleep-inducing moves are banned
|clearpoke
|poke|p1|Zangoose, F|
|poke|p1|Weezing-Galar, M|
|poke|p1|Cinderace, F|
|poke|p1|Tentacruel, F|
|poke|p1|Araquanid, F|
|poke|p1|Serperior, M|
|poke|p2|Dragapult, F|
|poke|p2|Enamorus, F|
|poke|p2|Ogerpon-Wellspring, F|
|poke|p2|Iron Valiant|
|poke|p2|Great Tusk|
|poke|p2|Iron Crown|
|teampreview
|inactive|Battle timer is ON: inactive players will automatically lose when time's up. (requested by Ainchie)
|
|t:|1760847195
|teamsize|p1|6
|teamsize|p2|6
|start
|switch|p1a: Tentacruel|Tentacruel, F|100/100
|switch|p2a: Dragapult|Dragapult, F|100/100
|turn|1
|
|t:|1760847204
|move|p2a: Dragapult|Thunderbolt|p1a: Tentacruel
|-supereffective|p1a: Tentacruel
|-damage|p1a: Tentacruel|42/100
|-status|p1a: Tentacruel|par
|move|p1a: Tentacruel|Toxic|p2a: Dragapult
|-status|p2a: Dragapult|tox
|
|-heal|p1a: Tentacruel|48/100 par|[from] item: Leftovers
|-damage|p2a: Dragapult|95/100 tox|[from] psn
|upkeep
|turn|2
|
|t:|1760847215
|switch|p1a: Weezing|Weezing-Galar, M|100/100
|move|p2a: Dragapult|Thunderbolt|p1a: Weezing
|-damage|p1a: Weezing|58/100
|
|-damage|p2a: Dragapult|83/100 tox|[from] psn
|upkeep
|turn|3
|
|t:|1760847230
|switch|p2a: Iron Crown|Iron Crown|100/100
|move|p1a: Weezing|Toxic Spikes|p2a: Iron Crown
|-sidestart|p2: Ainchie|move: Toxic Spikes
|
|upkeep
|turn|4
|
|t:|1760847241
|move|p2a: Iron Crown|Tachyon Cutter|p1a: Weezing
|-supereffective|p1a: Weezing
|-damage|p1a: Weezing|0 fnt
|faint|p1a: Weezing
|-hitcount|p1: Weezing|1
|
|upkeep
|
|t:|1760847247
|switch|p1a: Araquanid|Araquanid, F|100/100
|turn|5
|
|t:|1760847251
|move|p2a: Iron Crown|Volt Switch|p1a: Araquanid
|-supereffective|p1a: Araquanid
|-damage|p1a: Araquanid|61/100
|
|t:|1760847262
|-end|p2a: Iron Crown|Quark Drive|[silent]
|switch|p2a: Great Tusk|Great Tusk|100/100|[from] Volt Switch
|-status|p2a: Great Tusk|psn
|move|p1a: Araquanid|Liquidation|p2a: Great Tusk
|-supereffective|p2a: Great Tusk
|-damage|p2a: Great Tusk|0 fnt
|faint|p2a: Great Tusk
|-end|p2a: Great Tusk|Protosynthesis|[silent]
|
|upkeep
|
|t:|1760847274
|switch|p2a: Iron Valiant|Iron Valiant, shiny|100/100
|-status|p2a: Iron Valiant|psn
|-enditem|p2a: Iron Valiant|Booster Energy
|-activate|p2a: Iron Valiant|ability: Quark Drive|[fromitem]
|-start|p2a: Iron Valiant|quarkdrivespe
|turn|6
|
|t:|1760847280
|move|p2a: Iron Valiant|Thunderbolt|p1a: Araquanid
|-supereffective|p1a: Araquanid
|-damage|p1a: Araquanid|12/100
|move|p1a: Araquanid|Liquidation|p2a: Iron Valiant
|-damage|p2a: Iron Valiant|0 fnt
|faint|p2a: Iron Valiant
|-end|p2a: Iron Valiant|Quark Drive|[silent]
|
|upkeep
|
|t:|1760847293
|switch|p2a: Iron Crown|Iron Crown|100/100
|turn|7
|
|t:|1760847308
|move|p2a: Iron Crown|Psychic Noise|p1a: Araquanid
|-damage|p1a: Araquanid|0 fnt
|faint|p1a: Araquanid
|
|upkeep
|
|t:|1760847319
|switch|p1a: Cinderace|Cinderace, F|100/100
|turn|8
|
|t:|1760847332
|-end|p2a: Iron Crown|Quark Drive|[silent]
|switch|p2a: Ogerpon|Ogerpon-Wellspring, F|100/100
|-status|p2a: Ogerpon|psn
|move|p1a: Cinderace|Court Change|p1a: Cinderace
|-start|p1a: Cinderace|typechange|Normal|[from] ability: Libero
|-swapsideconditions
|-activate|p1a: Cinderace|move: Court Change
|
|-damage|p2a: Ogerpon|88/100 psn|[from] psn
|upkeep
|turn|9
|
|t:|1760847348
|-terastallize|p2a: Ogerpon|Water
|detailschange|p2a: Ogerpon|Ogerpon-Wellspring-Tera, F, tera:Water
|-ability|p2a: Ogerpon|Embody Aspect (Wellspring)|boost
|-boost|p2a: Ogerpon|spd|1
|move|p1a: Cinderace|Pyro Ball|p2a: Ogerpon
|-resisted|p2a: Ogerpon
|-damage|p2a: Ogerpon|62/100 psn
|move|p2a: Ogerpon|Ivy Cudgel|p1a: Cinderace|[anim] Ivy Cudgel Water
|-damage|p1a: Cinderace|0 fnt
|faint|p1a: Cinderace
|
|-damage|p2a: Ogerpon|50/100 psn|[from] psn
|upkeep
|
|t:|1760847362
|switch|p1a: Zangoose|Zangoose, F, shiny|100/100
|-status|p1a: Zangoose|psn
|turn|10
|
|t:|1760847383
|switch|p1a: Tentacruel|Tentacruel, F|48/100 par
|-sideend|p1: RK Earth 9000|move: Toxic Spikes|[of] p1a: Tentacruel
|move|p2a: Ogerpon|U-turn|p1a: Tentacruel
|-resisted|p1a: Tentacruel
|-damage|p1a: Tentacruel|32/100 par
|
|t:|1760847392
|switch|p2a: Iron Crown|Iron Crown|100/100|[from] U-turn
|
|-heal|p1a: Tentacruel|38/100 par|[from] item: Leftovers
|upkeep
|turn|11
|
|t:|1760847398
|move|p2a: Iron Crown|Psychic Noise|p1a: Tentacruel
|-supereffective|p1a: Tentacruel
|-crit|p1a: Tentacruel
|-damage|p1a: Tentacruel|0 fnt
|faint|p1a: Tentacruel
|
|upkeep
|
|t:|1760847408
|switch|p1a: Serperior|Serperior, M, shiny|100/100
|turn|12
|
|t:|1760847416
|move|p1a: Serperior|Leech Seed|p2a: Iron Crown
|-start|p2a: Iron Crown|move: Leech Seed
|move|p2a: Iron Crown|Tachyon Cutter|p1a: Serperior
|-damage|p1a: Serperior|67/100
|-damage|p1a: Serperior|36/100
|-hitcount|p1a: Serperior|2
|
|-heal|p1a: Serperior|42/100|[from] item: Leftovers
|-damage|p2a: Iron Crown|88/100|[from] Leech Seed|[of] p1a: Serperior
|-heal|p1a: Serperior|56/100|[silent]
|upkeep
|turn|13
|
|t:|1760847428
|move|p1a: Serperior|Protect|p1a: Serperior
|-singleturn|p1a: Serperior|Protect
|move|p2a: Iron Crown|Tachyon Cutter|p1a: Serperior
|-activate|p1a: Serperior|move: Protect
|
|-heal|p1a: Serperior|62/100|[from] item: Leftovers
|-damage|p2a: Iron Crown|76/100|[from] Leech Seed|[of] p1a: Serperior
|-heal|p1a: Serperior|76/100|[silent]
|upkeep
|turn|14
|
|t:|1760847443
|move|p1a: Serperior|Leaf Storm|p2a: Iron Crown
|-resisted|p2a: Iron Crown
|-damage|p2a: Iron Crown|61/100
|-boost|p1a: Serperior|spa|2
|move|p2a: Iron Crown|Psychic Noise|p1a: Serperior
|-damage|p1a: Serperior|28/100
|-start|p1a: Serperior|move: Heal Block
|
|-damage|p2a: Iron Crown|48/100|[from] Leech Seed|[of] p1a: Serperior
|upkeep
|turn|15
|
|t:|1760847459
|-end|p2a: Iron Crown|Quark Drive|[silent]
|switch|p2a: Dragapult|Dragapult, F|83/100 tox
|move|p1a: Serperior|Protect||[still]
|-fail|p1a: Serperior
|
|-damage|p2a: Dragapult|77/100 tox|[from] psn
|-end|p1a: Serperior|move: Heal Block
|upkeep
|turn|16
|
|t:|1760847469
|move|p2a: Dragapult|Flamethrower|p1a: Serperior
|-supereffective|p1a: Serperior
|-damage|p1a: Serperior|0 fnt
|faint|p1a: Serperior
|
|-damage|p2a: Dragapult|65/100 tox|[from] psn
|upkeep
|
|t:|1760847476
|switch|p1a: Zangoose|Zangoose, F, shiny|100/100 psn
|turn|17
|
|t:|1760847487
|-terastallize|p1a: Zangoose|Normal
|move|p2a: Dragapult|Flamethrower|p1a: Zangoose
|-damage|p1a: Zangoose|36/100 psn
|move|p1a: Zangoose|Shadow Claw|p2a: Dragapult
|-supereffective|p2a: Dragapult
|-damage|p2a: Dragapult|0 fnt
|faint|p2a: Dragapult
|
|-damage|p1a: Zangoose|23/100 psn|[from] psn
|upkeep
|
|t:|1760847494
|switch|p2a: Ogerpon|Ogerpon-Wellspring-Tera, F, tera:Water|50/100 psn
|-ability|p2a: Ogerpon|Embody Aspect (Wellspring)|boost
|-boost|p2a: Ogerpon|spd|1
|turn|18
|
|t:|1760847506
|move|p1a: Zangoose|Quick Attack|p2a: Ogerpon
|-crit|p2a: Ogerpon
|-damage|p2a: Ogerpon|0 fnt
|faint|p2a: Ogerpon
|detailschange|p2: Ogerpon|Ogerpon-Wellspring, F|[silent]
|
|-damage|p1a: Zangoose|11/100 psn|[from] psn
|upkeep
|
|t:|1760847510
|switch|p2a: Iron Crown|Iron Crown|48/100
|turn|19
|
|t:|1760847515
|move|p2a: Iron Crown|Tachyon Cutter|p1a: Zangoose
|-damage|p1a: Zangoose|0 fnt
|faint|p1a: Zangoose
|-hitcount|p1: Zangoose|1
|
|win|Ainchie
|raw|RK Earth 9000's rating: 1205 &rarr; <strong>1179</strong><br />(-26 for losing)
|raw|Ainchie's rating: 1185 &rarr; <strong>1211</strong><br />(+26 for winning)
|l|☆Ainchie
|player|p2|
|l|☆RK Earth 9000
|player|p1|
