|j|☆OoshymOoshy
|j|☆dimeeenietreecko
|t:|1760857208
|gametype|singles
|player|p1|OoshymOoshy|marshal|1117
|player|p2|dimeeenietreecko|170|1120
|gen|9
|tier|[Gen 9] OU
|rated|
|rule|HP Percentage Mod: HP is shown in percentages
|rule|Endless Battle Clause: Forcing endless battles is banned
|rule|Species Clause: Limit one of each Pokémon
|rule|OHKO Clause: OHKO moves are banned
|rule|Evasion Items Clause: Evasion items are banned
|rule|Evasion Moves Clause: Evasion moves are banned
|rule|Evasion Abilities Clause: Evasion abilities are banned
|rule|Sleep Moves Clause: Sleep-inducing moves are banned
|clearpoke
|poke|p1|Great Tusk|
|poke|p1|Cinderace, F|
|poke|p1|Gholdengo|
|poke|p1|Iron Valiant|
|poke|p1|Walking Wake|
|poke|p1|Kingambit, F|
|poke|p2|Alomomola, M|
|poke|p2|Slowking-Galar, F|
|poke|p2|Thundurus-Therian, M|
|poke|p2|Incineroar, F|
|poke|p2|Decidueye-Hisui, M|
|poke|p2|Dragonite, F|
|teampreview
|inactive|Battle timer is ON: inactive players will automatically lose when time's up. (requested by dimeeenietreecko)
|inactive|OoshymOoshy has 120 seconds left.
|
|t:|1760857245
|teamsize|p1|6
|teamsize|p2|6
|start
|switch|p1a: Great Tusk|Great Tusk|100/100
|switch|p2a: Thundurus|Thundurus-Therian, M|100/100
|turn|1
|inactive|dimeeenietreecko has 120 seconds left.
|
|t:|1760857276
|move|p2a: Thundurus|Grass Knot|p1a: Great Tusk
|-supereffective|p1a: Great Tusk
|-damage|p1a: Great Tusk|0 fnt
|faint|p1a: Great Tusk
|-end|p1a: Great Tusk|Protosynthesis|[silent]
|
|upkeep
|
|t:|1760857297
|switch|p1a: Cinderace|Cinderace, F, shiny|100/100
|turn|2
|
|t:|1760857303
|switch|p2a: Alomomola|Alomomola, M|100/100
|move|p1a: Cinderace|High Jump Kick|p2a: Alomomola
|-start|p1a: Cinderace|typechange|Fighting|[from] ability: Libero
|-damage|p2a: Alomomola|69/100
|-damage|p1a: Cinderace|84/100|[from] item: Rocky Helmet|[of] p2a: Alomomola
|
|upkeep
|turn|3
|
|t:|1760857313
|move|p1a: Cinderace|U-turn|p2a: Alomomola
|-damage|p2a: Alomomola|56/100
|-damage|p1a: Cinderace|67/100|[from] item: Rocky Helmet|[of] p2a: Alomomola
|
|t:|1760857318
|switch|p1a: Walking Wake|Walking Wake|100/100|[from] U-turn
|move|p2a: Alomomola|Scald|p1a: Walking Wake
|-resisted|p1a: Walking Wake
|-damage|p1a: Walking Wake|97/100
|
|upkeep
|turn|4
|
|t:|1760857347
|switch|p2a: Slowking|Slowking-Galar, F|100/100
|move|p1a: Walking Wake|Flamethrower|p2a: Slowking
|-damage|p2a: Slowking|62/100
|
|upkeep
|turn|5
|
|t:|1760857359
|-end|p1a: Walking Wake|Protosynthesis|[silent]
|switch|p1a: Gholdengo|Gholdengo|100/100
|move|p2a: Slowking|Muddy Water|p1a: Gholdengo
|-damage|p1a: Gholdengo|45/100
|
|upkeep
|turn|6
|
|t:|1760857373
|switch|p2a: Decidueye|Decidueye-Hisui, M|100/100
|move|p1a: Gholdengo|Trick|p2a: Decidueye
|-activate|p1a: Gholdengo|move: Trick|[of] p2a: Decidueye
|-item|p2a: Decidueye|Choice Scarf|[from] move: Trick
|-item|p1a: Gholdengo|Life Orb|[from] move: Trick
|
|upkeep
|turn|7
|
|t:|1760857391
|move|p1a: Gholdengo|Make It Rain|p2a: Decidueye
|-damage|p2a: Decidueye|44/100
|-unboost|p1a: Gholdengo|spa|1
|-damage|p1a: Gholdengo|36/100|[from] item: Life Orb
|move|p2a: Decidueye|Triple Arrows|p1a: Gholdengo
|-supereffective|p1a: Gholdengo
|-damage|p1a: Gholdengo|0 fnt
|faint|p1a: Gholdengo
|
|upkeep
|
|t:|1760857408
|switch|p1a: Iron Valiant|Iron Valiant, shiny|100/100
|-enditem|p1a: Iron Valiant|Booster Energy
|-activate|p1a: Iron Valiant|ability: Quark Drive|[fromitem]
|-start|p1a: Iron Valiant|quarkdrivespe
|turn|8
|
|t:|1760857418
|switch|p2a: Slowking|Slowking-Galar, F|96/100
|move|p1a: Iron Valiant|Swords Dance|p1a: Iron Valiant
|-boost|p1a: Iron Valiant|atk|2
|
|upkeep
|turn|9
|
|t:|1760857436
|-end|p1a: Iron Valiant|Quark Drive|[silent]
|switch|p1a: Kingambit|Kingambit, F, shiny|100/100
|-activate|p1a: Kingambit|ability: Supreme Overlord
|-start|p1a: Kingambit|fallen2|[silent]
|move|p2a: Slowking|Sludge Bomb|p1a: Kingambit
|-immune|p1a: Kingambit
|
|upkeep
|turn|10
|
|t:|1760857454
|switch|p2a: Incineroar|Incineroar, F|100/100
|-ability|p2a: Incineroar|Intimidate|boost
|-unboost|p1a: Kingambit|atk|1
|move|p1a: Kingambit|Swords Dance|p1a: Kingambit
|-boost|p1a: Kingambit|atk|2
|
|upkeep
|turn|11
|inactive|OoshymOoshy has 120 seconds left.
|
|t:|1760857479
|-terastallize|p1a: Kingambit|Flying
|move|p2a: Incineroar|Swords Dance|p2a: Incineroar
|-boost|p2a: Incineroar|atk|2
|move|p1a: Kingambit|Kowtow Cleave|p2a: Incineroar
|-resisted|p2a: Incineroar
|-damage|p2a: Incineroar|60/100
|
|-heal|p2a: Incineroar|66/100|[from] item: Leftovers
|upkeep
|turn|12
|inactive|OoshymOoshy has 120 seconds left.
|
|t:|1760857491
|move|p2a: Incineroar|Knock Off|p1a: Kingambit
|-damage|p1a: Kingambit|46/100
|-enditem|p1a: Kingambit|Leftovers|[from] move: Knock Off|[of] p2a: Incineroar
|move|p1a: Kingambit|Swords Dance|p1a: Kingambit
|-boost|p1a: Kingambit|atk|2
|
|-heal|p2a: Incineroar|72/100|[from] item: Leftovers
|upkeep
|turn|13
|inactive|OoshymOoshy has 120 seconds left.
|
|t:|1760857505
|move|p2a: Incineroar|Knock Off|p1a: Kingambit
|-damage|p1a: Kingambit|6/100
|move|p1a: Kingambit|Kowtow Cleave|p2a: Incineroar
|-resisted|p2a: Incineroar
|-damage|p2a: Incineroar|0 fnt
|faint|p2a: Incineroar
|
|upkeep
|
|t:|1760857526
|switch|p2a: Alomomola|Alomomola, M|90/100
|turn|14
|
|t:|1760857533
|move|p1a: Kingambit|Sucker Punch||[still]
|-fail|p1a: Kingambit
|move|p2a: Alomomola|Wish|p2a: Alomomola
|
|upkeep
|turn|15
|
|t:|1760857546
|move|p2a: Alomomola|Scald|p1a: Kingambit
|-damage|p1a: Kingambit|0 fnt
|faint|p1a: Kingambit
|-end|p1a: Kingambit|fallen2|[silent]
|
|-heal|p2a: Alomomola|100/100|[from] move: Wish|[wisher] Alomomola
|upkeep
|
|t:|1760857559
|switch|p1a: Walking Wake|Walking Wake|97/100
|turn|16
|
|t:|1760857576
|switch|p2a: Decidueye|Decidueye-Hisui, M|44/100
|move|p1a: Walking Wake|Flamethrower|p2a: Decidueye
|-supereffective|p2a: Decidueye
|-damage|p2a: Decidueye|0 fnt
|faint|p2a: Decidueye
|
|upkeep
|
|t:|1760857605
|switch|p2a: Slowking|Slowking-Galar, F|100/100
|turn|17
|
|t:|1760857619
|-end|p1a: Walking Wake|Protosynthesis|[silent]
|switch|p1a: Cinderace|Cinderace, F, shiny|67/100
|move|p2a: Slowking|Sludge Bomb|p1a: Cinderace
|-damage|p1a: Cinderace|0 fnt
|faint|p1a: Cinderace
|
|upkeep
|
|t:|1760857626
|switch|p1a: Walking Wake|Walking Wake|97/100
|turn|18
|inactive|OoshymOoshy has 120 seconds left.
|
|t:|1760857661
|switch|p2a: Alomomola|Alomomola, M|100/100
|move|p1a: Walking Wake|Dragon Pulse|p2a: Alomomola
|-damage|p2a: Alomomola|21/100
|
|upkeep
|turn|19
|
|t:|1760857673
|move|p1a: Walking Wake|Dragon Pulse|p2a: Alomomola
|-damage|p2a: Alomomola|0 fnt
|faint|p2a: Alomomola
|
|upkeep
|inactive|dimeeenietreecko has 120 seconds left.
|
|t:|1760857704
|switch|p2a: Thundurus|Thundurus-Therian, M|100/100
|turn|20
|inactive|OoshymOoshy has 120 seconds left.
|
|t:|1760857711
|move|p1a: Walking Wake|Dragon Pulse|p2a: Thundurus
|-damage|p2a: Thundurus|18/100
|move|p2a: Thundurus|Volt Switch|p1a: Walking Wake
|-damage|p1a: Walking Wake|32/100
|
|t:|1760857716
|switch|p2a: Slowking|Slowking-Galar, F|100/100|[from] Volt Switch
|
|upkeep
|turn|21
|
|t:|1760857726
|move|p1a: Walking Wake|Dragon Pulse|p2a: Slowking
|-damage|p2a: Slowking|51/100
|move|p2a: Slowking|Sludge Bomb|p1a: Walking Wake
|-damage|p1a: Walking Wake|0 fnt
|faint|p1a: Walking Wake
|-end|p1a: Walking Wake|Protosynthesis|[silent]
|
|upkeep
|
|t:|1760857732
|switch|p1a: Iron Valiant|Iron Valiant, shiny|100/100
|turn|22
|
|t:|1760857739
|switch|p2a: Thundurus|Thundurus-Therian, M|18/100
|move|p1a: Iron Valiant|Close Combat|p2a: Thundurus
|-resisted|p2a: Thundurus
|-crit|p2a: Thundurus
|-damage|p2a: Thundurus|0 fnt
|-unboost|p1a: Iron Valiant|def|1
|-unboost|p1a: Iron Valiant|spd|1
|faint|p2a: Thundurus
|
|upkeep
|
|t:|1760857747
|switch|p2a: Slowking|Slowking-Galar, F|84/100
|turn|23
|
|t:|1760857754
|move|p1a: Iron Valiant|Knock Off|p2a: Slowking
|-supereffective|p2a: Slowking
|-damage|p2a: Slowking|17/100
|-enditem|p2a: Slowking|Choice Specs|[from] move: Knock Off|[of] p1a: Iron Valiant
|move|p2a: Slowking|Eerie Spell|p1a: Iron Valiant
|-supereffective|p1a: Iron Valiant
|-damage|p1a: Iron Valiant|0 fnt
|faint|p1a: Iron Valiant
|-end|p1a: Iron Valiant|Quark Drive|[silent]
|
|win|dimeeenietreecko
|raw|OoshymOoshy's rating: 1117 &rarr; <strong>1092</strong><br />(-25 for losing)
|raw|dimeeenietreecko's rating: 1120 &rarr; <strong>1145</strong><br />(+25 for winning)
|l|☆OoshymOoshy
|player|p1|
|l|☆dimeeenietreecko
|player|p2|
