|j|☆Amongsusgyatt
|j|☆ori456
|t:|1760785577
|gametype|singles
|player|p1|Amongsusgyatt|2|1280
|player|p2|ori456|1|1285
|gen|9
|tier|[Gen 9] OU
|rated|
|rule|HP Percentage Mod: HP is shown in percentages
|rule|Endless Battle Clause: Forcing endless battles is banned
|rule|Species Clause: Limit one of each Pokémon
|rule|OHKO Clause: OHKO moves are banned
|rule|Evasion Items Clause: Evasion items are banned
|rule|Evasion Moves Clause: Evasion moves are banned
|rule|Evasion Abilities Clause: Evasion abilities are banned
|rule|Sleep Moves Clause: Sleep-inducing moves are banned
|clearpoke
|poke|p1|Delphox, M|
|poke|p1|Dragalge, F|
|poke|p1|Excadrill, F|
|poke|p1|Clefable, M|
|poke|p1|Scrafty, M|
|poke|p1|Dragonite, F|
|poke|p2|Samurott-Hisui, F|
|poke|p2|Ting-Lu|
|poke|p2|Torkoal, F|
|poke|p2|Walking Wake|
|poke|p2|Dragapult, M|
|poke|p2|Kingambit, F|
|teampreview
|inactive|Battle timer is ON: inactive players will automatically lose when time's up. (requested by ori456)
|
|t:|1760785593
|teamsize|p1|6
|teamsize|p2|6
|start
|switch|p1a: Scrafty|Scrafty, M|100/100
|switch|p2a: Ting-Lu|Ting-Lu|100/100
|-ability|p1a: Scrafty|Intimidate|boost
|-unboost|p2a: Ting-Lu|atk|1
|-ability|p2a: Ting-Lu|Vessel of Ruin
|turn|1
|
|t:|1760785603
|move|p1a: Scrafty|Drain Punch|p2a: Ting-Lu
|-supereffective|p2a: Ting-Lu
|-damage|p2a: Ting-Lu|71/100
|move|p2a: Ting-Lu|Mean Look|p1a: Scrafty
|-activate|p1a: Scrafty|trapped
|
|-heal|p2a: Ting-Lu|78/100|[from] item: Leftovers
|upkeep
|turn|2
|
|t:|1760785611
|move|p1a: Scrafty|Drain Punch|p2a: Ting-Lu
|-supereffective|p2a: Ting-Lu
|-damage|p2a: Ting-Lu|47/100
|move|p2a: Ting-Lu|Stealth Rock|p1a: Scrafty
|-sidestart|p1: Amongsusgyatt|move: Stealth Rock
|
|-heal|p2a: Ting-Lu|53/100|[from] item: Leftovers
|upkeep
|turn|3
|
|t:|1760785631
|switch|p2a: Torkoal|Torkoal, F|100/100
|-weather|SunnyDay|[from] ability: Drought|[of] p2a: Torkoal
|move|p1a: Scrafty|Drain Punch|p2a: Torkoal
|-crit|p2a: Torkoal
|-damage|p2a: Torkoal|70/100
|
|-weather|SunnyDay|[upkeep]
|upkeep
|turn|4
|
|t:|1760785640
|switch|p1a: Dragalge|Dragalge, F|100/100
|-damage|p1a: Dragalge|88/100|[from] Stealth Rock
|switch|p2a: Walking Wake|Walking Wake|100/100
|-activate|p2a: Walking Wake|ability: Protosynthesis
|-start|p2a: Walking Wake|protosynthesisspa
|
|-weather|SunnyDay|[upkeep]
|upkeep
|turn|5
|
|t:|1760785655
|switch|p1a: Clefable|Clefable, M|100/100
|move|p2a: Walking Wake|Hydro Steam|p1a: Clefable
|-damage|p1a: Clefable|23/100
|
|-weather|SunnyDay|[upkeep]
|upkeep
|turn|6
|
|t:|1760785664
|move|p2a: Walking Wake|Hydro Steam|p1a: Clefable
|-damage|p1a: Clefable|0 fnt
|faint|p1a: Clefable
|
|-weather|SunnyDay|[upkeep]
|upkeep
|-message|Amongsusgyatt forfeited.
|
|win|ori456
|raw|Amongsusgyatt's rating: 1280 &rarr; <strong>1255</strong><br />(-25 for losing)
|raw|ori456's rating: 1285 &rarr; <strong>1310</strong><br />(+25 for winning)
|l|☆Amongsusgyatt
|player|p1|
|l|☆ori456
|player|p2|
