|j|☆chemfruit
|j|☆averystonefan
|t:|1760875527
|gametype|singles
|player|p1|chemfruit|veteran|1422
|player|p2|averystonefan|102|1469
|gen|9
|tier|[Gen 9] OU
|rated|
|rule|HP Percentage Mod: HP is shown in percentages
|rule|Endless Battle Clause: Forcing endless battles is banned
|rule|Species Clause: Limit one of each Pokémon
|rule|OHKO Clause: OHKO moves are banned
|rule|Evasion Items Clause: Evasion items are banned
|rule|Evasion Moves Clause: Evasion moves are banned
|rule|Evasion Abilities Clause: Evasion abilities are banned
|rule|Sleep Moves Clause: Sleep-inducing moves are banned
|clearpoke
|poke|p1|Fezandipiti, M|
|poke|p1|Ogerpon-Wellspring, F|
|poke|p1|Raging Bolt|
|poke|p1|Dragapult, M|
|poke|p1|Landorus-Therian, M|
|poke|p1|Tauros-Paldea-Blaze, M|
|poke|p2|Tornadus-Therian, M|
|poke|p2|Great Tusk|
|poke|p2|Kyurem|
|poke|p2|Kingambit, M|
|poke|p2|Slowking-Galar, M|
|poke|p2|Hatterene, F|
|teampreview
|j| Sheik
|inactive|Battle timer is ON: inactive players will automatically lose when time's up. (requested by averystonefan)
|
|t:|1760875540
|teamsize|p1|6
|teamsize|p2|6
|start
|switch|p1a: Dragapult|Dragapult, M|100/100
|switch|p2a: Tornadus|Tornadus-Therian, M|100/100
|turn|1
|
|t:|1760875547
|move|p1a: Dragapult|Outrage|p2a: Tornadus
|-damage|p2a: Tornadus|23/100
|move|p2a: Tornadus|Icy Wind|p1a: Dragapult
|-supereffective|p1a: Dragapult
|-damage|p1a: Dragapult|66/100
|
|upkeep
|turn|2
|
|t:|1760875558
|switch|p2a: Hatterene|Hatterene, F|100/100
|move|p1a: Dragapult|Outrage|p2a: Hatterene|[from] lockedmove
|-immune|p2a: Hatterene
|
|upkeep
|turn|3
|
|t:|1760875578
|switch|p1a: Fezandipiti|Fezandipiti, M|100/100
|move|p2a: Hatterene|Nuzzle|p1a: Fezandipiti
|-damage|p1a: Fezandipiti|96/100
|-status|p1a: Fezandipiti|par
|
|upkeep
|turn|4
|
|t:|1760875586
|switch|p2a: Slowking|Slowking-Galar, M|100/100
|move|p1a: Fezandipiti|U-turn|p2a: Slowking
|-damage|p2a: Slowking|83/100
|
|t:|1760875593
|switch|p1a: Ogerpon|Ogerpon-Wellspring, F|100/100|[from] U-turn
|
|-heal|p2a: Slowking|89/100|[from] item: Black Sludge
|upkeep
|turn|5
|
|t:|1760875598
|move|p1a: Ogerpon|Knock Off|p2a: Slowking
|-supereffective|p2a: Slowking
|-crit|p2a: Slowking
|-damage|p2a: Slowking|0 fnt
|-enditem|p2a: Slowking|Black Sludge|[from] move: Knock Off|[of] p1a: Ogerpon
|faint|p2a: Slowking
|
|upkeep
|
|t:|1760875611
|switch|p2a: Tornadus|Tornadus-Therian, M|56/100
|turn|6
|
|t:|1760875617
|switch|p1a: Fezandipiti|Fezandipiti, M|96/100 par
|move|p2a: Tornadus|U-turn|p1a: Fezandipiti
|-resisted|p1a: Fezandipiti
|-damage|p1a: Fezandipiti|92/100 par
|
|t:|1760875622
|switch|p2a: Great Tusk|Great Tusk|100/100|[from] U-turn
|
|upkeep
|turn|7
|
|t:|1760875626
|switch|p1a: Dragapult|Dragapult, M|66/100
|move|p2a: Great Tusk|Stealth Rock|p1a: Dragapult
|-sidestart|p1: chemfruit|move: Stealth Rock
|
|upkeep
|turn|8
|
|t:|1760875629
|-end|p2a: Great Tusk|Protosynthesis|[silent]
|switch|p2a: Tornadus|Tornadus-Therian, M|89/100
|move|p1a: Dragapult|Phantom Force||[still]
|-prepare|p1a: Dragapult|Phantom Force
|
|upkeep
|turn|9
|
|t:|1760875642
|switch|p2a: Kingambit|Kingambit, M|100/100
|-activate|p2a: Kingambit|ability: Supreme Overlord
|-start|p2a: Kingambit|fallen1|[silent]
|move|p1a: Dragapult|Phantom Force|p2a: Kingambit|[from] lockedmove
|-resisted|p2a: Kingambit
|-damage|p2a: Kingambit|79/100
|
|-heal|p2a: Kingambit|86/100|[from] item: Leftovers
|upkeep
|turn|10
|
|t:|1760875651
|switch|p1a: Landorus|Landorus-Therian, M|100/100
|-damage|p1a: Landorus|88/100|[from] Stealth Rock
|-ability|p1a: Landorus|Intimidate|boost
|-unboost|p2a: Kingambit|atk|1
|-end|p2a: Kingambit|fallen1|[silent]
|switch|p2a: Tornadus|Tornadus-Therian, M|100/100
|
|upkeep
|turn|11
|
|t:|1760875659
|move|p2a: Tornadus|Icy Wind|p1a: Landorus
|-supereffective|p1a: Landorus
|-damage|p1a: Landorus|32/100
|-unboost|p1a: Landorus|spe|1
|move|p1a: Landorus|Stealth Rock|p2a: Tornadus
|-sidestart|p2: averystonefan|move: Stealth Rock
|
|upkeep
|turn|12
|
|t:|1760875670
|move|p2a: Tornadus|Bleakwind Storm|p1a: Landorus
|-damage|p1a: Landorus|0 fnt
|faint|p1a: Landorus
|
|upkeep
|
|t:|1760875672
|switch|p1a: Raging Bolt|Raging Bolt|100/100
|-damage|p1a: Raging Bolt|88/100|[from] Stealth Rock
|-enditem|p1a: Raging Bolt|Booster Energy
|-activate|p1a: Raging Bolt|ability: Protosynthesis|[fromitem]
|-start|p1a: Raging Bolt|protosynthesisspa
|turn|13
|
|t:|1760875690
|move|p2a: Tornadus|U-turn|p1a: Raging Bolt
|-damage|p1a: Raging Bolt|74/100
|
|t:|1760875697
|switch|p2a: Hatterene|Hatterene, F|100/100|[from] U-turn
|-damage|p2a: Hatterene|88/100|[from] Stealth Rock
|move|p1a: Raging Bolt|Calm Mind|p1a: Raging Bolt
|-boost|p1a: Raging Bolt|spa|1
|-boost|p1a: Raging Bolt|spd|1
|
|-heal|p2a: Hatterene|94/100|[from] item: Leftovers
|upkeep
|turn|14
|
|t:|1760875707
|move|p1a: Raging Bolt|Thunderbolt|p2a: Hatterene
|-damage|p2a: Hatterene|0 fnt
|faint|p2a: Hatterene
|
|upkeep
|
|t:|1760875710
|switch|p2a: Great Tusk|Great Tusk|100/100
|-damage|p2a: Great Tusk|98/100|[from] Stealth Rock
|turn|15
|
|t:|1760875714
|-terastallize|p1a: Raging Bolt|Bug
|move|p2a: Great Tusk|Stealth Rock||[still]
|-fail|p2a: Great Tusk
|move|p1a: Raging Bolt|Dragon Pulse|p2a: Great Tusk
|-damage|p2a: Great Tusk|0 fnt
|faint|p2a: Great Tusk
|-end|p2a: Great Tusk|Protosynthesis|[silent]
|
|upkeep
|
|t:|1760875719
|switch|p2a: Tornadus|Tornadus-Therian, M|100/100
|-damage|p2a: Tornadus|76/100|[from] Stealth Rock
|turn|16
|
|t:|1760875722
|move|p1a: Raging Bolt|Thunderclap|p2a: Tornadus
|-supereffective|p2a: Tornadus
|-damage|p2a: Tornadus|0 fnt
|faint|p2a: Tornadus
|
|upkeep
|-message|averystonefan forfeited.
|
|win|chemfruit
|raw|chemfruit's rating: 1422 &rarr; <strong>1445</strong><br />(+23 for winning)
|raw|averystonefan's rating: 1469 &rarr; <strong>1446</strong><br />(-23 for losing)
|l|☆averystonefan
|player|p2|
|l|☆chemfruit
|player|p1|
