|j|☆thenextsupreme
|j|☆veer raizada
|t:|1760849403
|gametype|singles
|player|p1|thenextsupreme|170|1070
|player|p2|veer raizada|policeman-gen4|1128
|gen|9
|tier|[Gen 9] OU
|rated|
|rule|HP Percentage Mod: HP is shown in percentages
|rule|Endless Battle Clause: Forcing endless battles is banned
|rule|Species Clause: Limit one of each Pokémon
|rule|OHKO Clause: OHKO moves are banned
|rule|Evasion Items Clause: Evasion items are banned
|rule|Evasion Moves Clause: Evasion moves are banned
|rule|Evasion Abilities Clause: Evasion abilities are banned
|rule|Sleep Moves Clause: Sleep-inducing moves are banned
|clearpoke
|poke|p1|Gallade, M|
|poke|p1|Talonflame, F|
|poke|p1|Milotic, F|
|poke|p1|Mudsdale, F|
|poke|p1|Gengar, F|
|poke|p1|Goodra-Hisui, F|
|poke|p2|Venusaur, F|
|poke|p2|Garganacl, F|
|poke|p2|Gholdengo|
|poke|p2|Gliscor, F|
|poke|p2|Heatran, F|
|poke|p2|Primarina, F|
|teampreview
|
|t:|1760849411
|teamsize|p1|6
|teamsize|p2|6
|start
|switch|p1a: Talonflame|Talonflame, F|100/100
|switch|p2a: Venusaur|Venusaur, F|100/100
|turn|1
|
|t:|1760849419
|-terastallize|p2a: Venusaur|Fire
|move|p1a: Talonflame|Flare Blitz|p2a: Venusaur
|-resisted|p2a: Venusaur
|-damage|p2a: Venusaur|73/100
|-damage|p1a: Talonflame|91/100|[from] Recoil
|move|p2a: Venusaur|Sunny Day|p2a: Venusaur
|-weather|SunnyDay
|
|-weather|SunnyDay|[upkeep]
|upkeep
|turn|2
|
|t:|1760849432
|move|p2a: Venusaur|Growth|p2a: Venusaur
|-boost|p2a: Venusaur|atk|2
|-boost|p2a: Venusaur|spa|2
|move|p1a: Talonflame|Brave Bird|p2a: Venusaur
|-damage|p2a: Venusaur|15/100
|-damage|p1a: Talonflame|72/100|[from] Recoil
|
|-weather|SunnyDay|[upkeep]
|upkeep
|turn|3
|
|t:|1760849446
|move|p2a: Venusaur|Sludge Bomb|p1a: Talonflame
|-damage|p1a: Talonflame|0 fnt
|faint|p1a: Talonflame
|-damage|p2a: Venusaur|5/100|[from] item: Life Orb
|
|-weather|SunnyDay|[upkeep]
|upkeep
|
|t:|1760849452
|switch|p1a: Goodra|Goodra-Hisui, F|100/100
|turn|4
|
|t:|1760849457
|move|p2a: Venusaur|Weather Ball|p1a: Goodra
|-damage|p1a: Goodra|0 fnt
|faint|p1a: Goodra
|-damage|p2a: Venusaur|0 fnt|[from] item: Life Orb
|faint|p2a: Venusaur
|
|-weather|SunnyDay|[upkeep]
|upkeep
|
|t:|1760849466
|switch|p2a: Garganacl|Garganacl, F|100/100
|switch|p1a: Milotic|Milotic, F|100/100
|turn|5
|
|t:|1760849472
|move|p2a: Garganacl|Salt Cure|p1a: Milotic
|-damage|p1a: Milotic|91/100
|-start|p1a: Milotic|Salt Cure
|move|p1a: Milotic|Dragon Tail|p2a: Garganacl
|-damage|p2a: Garganacl|95/100
|drag|p2a: Gholdengo|Gholdengo|100/100
|
|-weather|none
|-heal|p1a: Milotic|97/100|[from] item: Leftovers
|-damage|p1a: Milotic|72/100|[from] Salt Cure
|upkeep
|turn|6
|
|t:|1760849488
|switch|p2a: Primarina|Primarina, F, shiny|100/100
|move|p1a: Milotic|Scald|p2a: Primarina
|-resisted|p2a: Primarina
|-damage|p2a: Primarina|93/100
|
|-heal|p1a: Milotic|78/100|[from] item: Leftovers
|-damage|p1a: Milotic|53/100|[from] Salt Cure
|upkeep
|turn|7
|
|t:|1760849500
|move|p1a: Milotic|Recover|p1a: Milotic
|-heal|p1a: Milotic|100/100
|move|p2a: Primarina|Moonblast|p1a: Milotic
|-damage|p1a: Milotic|64/100
|
|-heal|p1a: Milotic|70/100|[from] item: Leftovers
|-damage|p1a: Milotic|45/100|[from] Salt Cure
|upkeep
|turn|8
|
|t:|1760849511
|switch|p1a: Gengar|Gengar, F|100/100
|-item|p1a: Gengar|Air Balloon
|move|p2a: Primarina|Moonblast|p1a: Gengar
|-resisted|p1a: Gengar
|-damage|p1a: Gengar|60/100
|-enditem|p1a: Gengar|Air Balloon
|
|upkeep
|turn|9
|
|t:|1760849524
|move|p1a: Gengar|Energy Ball|p2a: Primarina
|-supereffective|p2a: Primarina
|-crit|p2a: Primarina
|-damage|p2a: Primarina|38/100
|move|p2a: Primarina|Flip Turn|p1a: Gengar
|-damage|p1a: Gengar|33/100
|
|t:|1760849531
|switch|p2a: Gliscor|Gliscor, F|100/100|[from] Flip Turn
|
|-status|p2a: Gliscor|tox|[from] item: Toxic Orb
|upkeep
|turn|10
|
|t:|1760849539
|move|p1a: Gengar|Destiny Bond|p1a: Gengar
|-singlemove|p1a: Gengar|Destiny Bond
|move|p2a: Gliscor|Knock Off|p1a: Gengar
|-supereffective|p1a: Gengar
|-damage|p1a: Gengar|0 fnt
|faint|p1a: Gengar
|-activate|p1a: Gengar|move: Destiny Bond
|faint|p2a: Gliscor
|
|upkeep
|
|t:|1760849549
|switch|p1a: Mudsdale|Mudsdale, F|100/100
|switch|p2a: Garganacl|Garganacl, F|95/100
|turn|11
|
|t:|1760849555
|move|p1a: Mudsdale|Earthquake|p2a: Garganacl
|-supereffective|p2a: Garganacl
|-damage|p2a: Garganacl|27/100
|move|p2a: Garganacl|Salt Cure|p1a: Mudsdale
|-resisted|p1a: Mudsdale
|-damage|p1a: Mudsdale|95/100
|-start|p1a: Mudsdale|Salt Cure
|-ability|p1a: Mudsdale|Stamina|boost
|-boost|p1a: Mudsdale|def|1
|
|-heal|p2a: Garganacl|34/100|[from] item: Leftovers
|-damage|p1a: Mudsdale|82/100|[from] Salt Cure
|upkeep
|turn|12
|
|t:|1760849569
|move|p1a: Mudsdale|Earthquake|p2a: Garganacl
|-supereffective|p2a: Garganacl
|-damage|p2a: Garganacl|0 fnt
|faint|p2a: Garganacl
|
|-damage|p1a: Mudsdale|70/100|[from] Salt Cure
|upkeep
|
|t:|1760849577
|switch|p2a: Primarina|Primarina, F, shiny|38/100
|turn|13
|
|t:|1760849582
|move|p2a: Primarina|Surf|p1a: Mudsdale
|-supereffective|p1a: Mudsdale
|-damage|p1a: Mudsdale|10/100
|-ability|p1a: Mudsdale|Stamina|boost
|-boost|p1a: Mudsdale|def|1
|move|p1a: Mudsdale|Heavy Slam|p2a: Primarina
|-damage|p2a: Primarina|0 fnt
|faint|p2a: Primarina
|
|-damage|p1a: Mudsdale|0 fnt|[from] Salt Cure
|faint|p1a: Mudsdale
|upkeep
|
|t:|1760849598
|switch|p2a: Heatran|Heatran, F, shiny|100/100
|switch|p1a: Gallade|Gallade, M, shiny|100/100
|-item|p2a: Heatran|Air Balloon
|turn|14
|
|t:|1760849606
|switch|p1a: Milotic|Milotic, F|45/100
|move|p2a: Heatran|Will-O-Wisp|p1a: Milotic
|-status|p1a: Milotic|brn
|
|-heal|p1a: Milotic|51/100 brn|[from] item: Leftovers
|-damage|p1a: Milotic|45/100 brn|[from] brn
|upkeep
|turn|15
|
|t:|1760849617
|move|p2a: Heatran|Taunt|p1a: Milotic
|-start|p1a: Milotic|move: Taunt
|cant|p1a: Milotic|move: Taunt|Recover
|
|-heal|p1a: Milotic|51/100 brn|[from] item: Leftovers
|-damage|p1a: Milotic|45/100 brn|[from] brn
|upkeep
|turn|16
|
|t:|1760849626
|move|p2a: Heatran|Magma Storm|p1a: Milotic|[miss]
|-miss|p2a: Heatran|p1a: Milotic
|move|p1a: Milotic|Scald|p2a: Heatran
|-supereffective|p2a: Heatran
|-damage|p2a: Heatran|62/100
|-enditem|p2a: Heatran|Air Balloon
|
|-heal|p1a: Milotic|51/100 brn|[from] item: Leftovers
|-damage|p1a: Milotic|45/100 brn|[from] brn
|upkeep
|turn|17
|
|t:|1760849638
|move|p2a: Heatran|Magma Storm|p1a: Milotic
|-resisted|p1a: Milotic
|-damage|p1a: Milotic|31/100 brn
|-activate|p1a: Milotic|move: Magma Storm|[of] p2a: Heatran
|move|p1a: Milotic|Scald|p2a: Heatran
|-supereffective|p2a: Heatran
|-damage|p2a: Heatran|25/100
|
|-heal|p1a: Milotic|37/100 brn|[from] item: Leftovers
|-damage|p1a: Milotic|31/100 brn|[from] brn
|-damage|p1a: Milotic|18/100 brn|[from] move: Magma Storm|[partiallytrapped]
|-end|p1a: Milotic|move: Taunt
|upkeep
|turn|18
|
|t:|1760849652
|move|p2a: Heatran|Taunt|p1a: Milotic
|-start|p1a: Milotic|move: Taunt
|cant|p1a: Milotic|move: Taunt|Recover
|
|-heal|p1a: Milotic|24/100 brn|[from] item: Leftovers
|-damage|p1a: Milotic|18/100 brn|[from] brn
|-damage|p1a: Milotic|6/100 brn|[from] move: Magma Storm|[partiallytrapped]
|upkeep
|turn|19
|
|t:|1760849663
|move|p2a: Heatran|Earth Power|p1a: Milotic
|-damage|p1a: Milotic|0 fnt
|faint|p1a: Milotic
|
|upkeep
|
|t:|1760849667
|switch|p1a: Gallade|Gallade, M, shiny|100/100
|turn|20
|
|t:|1760849672
|move|p1a: Gallade|Drain Punch|p2a: Heatran
|-supereffective|p2a: Heatran
|-damage|p2a: Heatran|0 fnt
|faint|p2a: Heatran
|
|upkeep
|
|t:|1760849678
|switch|p2a: Gholdengo|Gholdengo|100/100
|turn|21
|
|t:|1760849684
|move|p2a: Gholdengo|Dazzling Gleam|p1a: Gallade
|-supereffective|p1a: Gallade
|-damage|p1a: Gallade|43/100
|move|p1a: Gallade|Night Slash|p2a: Gholdengo
|-supereffective|p2a: Gholdengo
|-crit|p2a: Gholdengo
|-damage|p2a: Gholdengo|8/100
|
|upkeep
|turn|22
|
|t:|1760849693
|-terastallize|p1a: Gallade|Dark
|move|p2a: Gholdengo|Dazzling Gleam|p1a: Gallade
|-supereffective|p1a: Gallade
|-damage|p1a: Gallade|0 fnt
|faint|p1a: Gallade
|
|win|veer raizada
|raw|thenextsupreme's rating: 1070 &rarr; <strong>1053</strong><br />(-17 for losing)
|raw|veer raizada's rating: 1128 &rarr; <strong>1149</strong><br />(+21 for winning)
|l|☆thenextsupreme
|player|p1|
|c|☆veer raizada|gg
|l|☆veer raizada
|player|p2|
|j|☆veer raizada
|player|p2|veer raizada|policeman-gen4|
|l|☆veer raizada
|player|p2|
