|j|☆PanicAtTheCisco
|j|‽bigz42069
|t:|1760761605
|gametype|singles
|player|p1|PanicAtTheCisco|sabrina|1501
|player|p2|bigz42069|265|1468
|gen|9
|tier|[Gen 9] OU
|rated|
|rule|HP Percentage Mod: HP is shown in percentages
|rule|Endless Battle Clause: Forcing endless battles is banned
|rule|Species Clause: Limit one of each Pokémon
|rule|OHKO Clause: OHKO moves are banned
|rule|Evasion Items Clause: Evasion items are banned
|rule|Evasion Moves Clause: Evasion moves are banned
|rule|Evasion Abilities Clause: Evasion abilities are banned
|rule|Sleep Moves Clause: Sleep-inducing moves are banned
|clearpoke
|poke|p1|Cinderace, F|
|poke|p1|Ribombee, M|
|poke|p1|Empoleon, M|
|poke|p1|Serperior, F|
|poke|p1|Kingambit, F|
|poke|p1|Zapdos|
|poke|p2|Latias, F|
|poke|p2|Enamorus, F|
|poke|p2|Slowking-Galar, M|
|poke|p2|Ursaluna, F|
|poke|p2|Dragonite, M|
|poke|p2|Goodra-Hisui, F|
|teampreview
|inactive|Battle timer is ON: inactive players will automatically lose when time's up. (requested by PanicAtTheCisco)
|
|t:|1760761621
|teamsize|p1|6
|teamsize|p2|6
|start
|switch|p1a: Ribombee|Ribombee, M|100/100
|switch|p2a: Ursaluna|Ursaluna, F|100/100
|turn|1
|
|t:|1760761628
|move|p1a: Ribombee|Skill Swap|p2a: Ursaluna
|-activate|p1a: Ribombee|move: Skill Swap|Guts|Shield Dust|[of] p2a: Ursaluna
|move|p2a: Ursaluna|Bulk Up|p2a: Ursaluna
|-boost|p2a: Ursaluna|atk|1
|-boost|p2a: Ursaluna|def|1
|
|-status|p2a: Ursaluna|brn|[from] item: Flame Orb
|upkeep
|turn|2
|
|t:|1760761634
|move|p1a: Ribombee|Sticky Web|p2a: Ursaluna
|-sidestart|p2: bigz42069|move: Sticky Web
|move|p2a: Ursaluna|Facade|p1a: Ribombee
|-enditem|p1a: Ribombee|Focus Sash
|-damage|p1a: Ribombee|1/100
|
|-damage|p2a: Ursaluna|94/100 brn|[from] brn
|upkeep
|turn|3
|
|t:|1760761641
|move|p1a: Ribombee|Moonblast|p2a: Ursaluna
|-damage|p2a: Ursaluna|62/100 brn
|move|p2a: Ursaluna|Bulk Up|p2a: Ursaluna
|-boost|p2a: Ursaluna|atk|1
|-boost|p2a: Ursaluna|def|1
|
|-damage|p2a: Ursaluna|56/100 brn|[from] brn
|upkeep
|turn|4
|
|t:|1760761649
|move|p1a: Ribombee|Moonblast|p2a: Ursaluna
|-damage|p2a: Ursaluna|20/100 brn
|move|p2a: Ursaluna|Facade|p1a: Ribombee
|-damage|p1a: Ribombee|0 fnt
|faint|p1a: Ribombee
|
|-damage|p2a: Ursaluna|13/100 brn|[from] brn
|upkeep
|
|t:|1760761658
|switch|p1a: Serperior|Serperior, F|100/100
|turn|5
|
|t:|1760761663
|switch|p2a: Latias|Latias, F|100/100
|move|p1a: Serperior|Leaf Storm|p2a: Latias
|-resisted|p2a: Latias
|-damage|p2a: Latias|83/100
|-boost|p1a: Serperior|spa|2
|
|upkeep
|turn|6
|
|t:|1760761671
|move|p1a: Serperior|Dragon Pulse|p2a: Latias
|-supereffective|p2a: Latias
|-damage|p2a: Latias|21/100
|move|p2a: Latias|Light Screen|p2a: Latias
|-sidestart|p2: bigz42069|move: Light Screen
|
|upkeep
|turn|7
|
|t:|1760761680
|switch|p2a: Goodra|Goodra-Hisui, F|100/100
|-activate|p2a: Goodra|move: Sticky Web
|-unboost|p2a: Goodra|spe|1
|move|p1a: Serperior|Leaf Storm|p2a: Goodra
|-resisted|p2a: Goodra
|-damage|p2a: Goodra|93/100
|-boost|p1a: Serperior|spa|2
|
|-heal|p2a: Goodra|99/100|[from] item: Leftovers
|upkeep
|turn|8
|
|t:|1760761693
|-terastallize|p1a: Serperior|Ground
|move|p1a: Serperior|Tera Blast|p2a: Goodra|[anim] Tera Blast Ground
|-supereffective|p2a: Goodra
|-damage|p2a: Goodra|42/100
|move|p2a: Goodra|Acid Armor|p2a: Goodra
|-boost|p2a: Goodra|def|2
|
|-heal|p2a: Goodra|48/100|[from] item: Leftovers
|upkeep
|turn|9
|
|t:|1760761718
|move|p1a: Serperior|Leaf Storm|p2a: Goodra|[miss]
|-miss|p1a: Serperior|p2a: Goodra
|move|p2a: Goodra|Body Press|p1a: Serperior
|-damage|p1a: Serperior|42/100
|
|-heal|p1a: Serperior|48/100|[from] item: Leftovers
|-heal|p2a: Goodra|54/100|[from] item: Leftovers
|upkeep
|turn|10
|
|t:|1760761727
|move|p1a: Serperior|Tera Blast|p2a: Goodra|[anim] Tera Blast Ground
|-supereffective|p2a: Goodra
|-damage|p2a: Goodra|2/100
|move|p2a: Goodra|Body Press|p1a: Serperior
|-damage|p1a: Serperior|0 fnt
|faint|p1a: Serperior
|
|-heal|p2a: Goodra|8/100|[from] item: Leftovers
|upkeep
|c|☆PanicAtTheCisco|...
|c|☆PanicAtTheCisco|miss and then low pull
|
|t:|1760761750
|switch|p1a: Cinderace|Cinderace, F|100/100
|turn|11
|c|☆PanicAtTheCisco|k
|
|t:|1760761756
|move|p1a: Cinderace|Pyro Ball|p2a: Goodra
|-damage|p2a: Goodra|0 fnt
|faint|p2a: Goodra
|
|upkeep
|
|t:|1760761775
|switch|p2a: Enamorus|Enamorus, F|100/100
|turn|12
|
|t:|1760761781
|move|p2a: Enamorus|Healing Wish|p2a: Enamorus
|faint|p2a: Enamorus
|move|p1a: Cinderace|Court Change|p1a: Cinderace
|-swapsideconditions
|-activate|p1a: Cinderace|move: Court Change
|
|upkeep
|
|t:|1760761785
|switch|p2a: Ursaluna|Ursaluna, F|13/100 brn
|-heal|p2a: Ursaluna|100/100|[from] move: Healing Wish
|turn|13
|
|t:|1760761792
|move|p1a: Cinderace|U-turn|p2a: Ursaluna
|-damage|p2a: Ursaluna|88/100
|
|t:|1760761804
|switch|p1a: Zapdos|Zapdos|100/100|[from] U-turn
|move|p2a: Ursaluna|Bulk Up|p2a: Ursaluna
|-boost|p2a: Ursaluna|atk|1
|-boost|p2a: Ursaluna|def|1
|
|-sideend|p1: PanicAtTheCisco|move: Light Screen
|-status|p2a: Ursaluna|brn|[from] item: Flame Orb
|upkeep
|turn|14
|
|t:|1760761812
|move|p1a: Zapdos|Hurricane|p2a: Ursaluna|[miss]
|-miss|p1a: Zapdos|p2a: Ursaluna
|move|p2a: Ursaluna|Facade|p1a: Zapdos
|-damage|p1a: Zapdos|0 fnt
|faint|p1a: Zapdos
|
|-damage|p2a: Ursaluna|82/100 brn|[from] brn
|upkeep
|c|☆PanicAtTheCisco|.....
|
|t:|1760761823
|switch|p1a: Kingambit|Kingambit, F|100/100
|-activate|p1a: Kingambit|move: Sticky Web
|-unboost|p1a: Kingambit|spe|1
|-ability|p1a: Kingambit|Defiant|boost
|-boost|p1a: Kingambit|atk|2
|turn|15
|
|t:|1760761830
|move|p1a: Kingambit|Sucker Punch|p2a: Ursaluna
|-damage|p2a: Ursaluna|35/100 brn
|-damage|p1a: Kingambit|91/100|[from] item: Life Orb
|move|p2a: Ursaluna|Drain Punch|p1a: Kingambit
|-supereffective|p1a: Kingambit
|-damage|p1a: Kingambit|0 fnt
|-heal|p2a: Ursaluna|75/100 brn|[from] drain|[of] p1a: Kingambit
|faint|p1a: Kingambit
|
|-damage|p2a: Ursaluna|69/100 brn|[from] brn
|upkeep
|c|☆PanicAtTheCisco|win by luck ahh game
|-message|PanicAtTheCisco forfeited.
|
|win|bigz42069
|raw|PanicAtTheCisco's rating: 1501 &rarr; <strong>1479</strong><br />(-22 for losing)
|raw|bigz42069's rating: 1468 &rarr; <strong>1490</strong><br />(+22 for winning)
|l|☆PanicAtTheCisco
|player|p1|
|l|‽bigz42069
|player|p2|
