|inactive|Battle timer is ON: inactive players will automatically lose when time's up.
|t:|1760886115
|gametype|singles
|player|p1|clean|#scl5machines2|
|player|p2|JJ09LIE|#capplxiwutangclants|
|gen|9
|tier|[Gen 9] OU
|rule|HP Percentage Mod: HP is shown in percentages
|rule|Endless Battle Clause: Forcing endless battles is banned
|rule|Species Clause: Limit one of each Pokémon
|rule|OHKO Clause: OHKO moves are banned
|rule|Evasion Items Clause: Evasion items are banned
|rule|Evasion Moves Clause: Evasion moves are banned
|rule|Evasion Abilities Clause: Evasion abilities are banned
|rule|Sleep Moves Clause: Sleep-inducing moves are banned
|clearpoke
|poke|p1|Gholdengo|
|poke|p1|Rillaboom, F|
|poke|p1|Great Tusk|
|poke|p1|Dragapult, F|
|poke|p1|Tyranitar, F|
|poke|p1|Zapdos|
|poke|p2|Darkrai|
|poke|p2|Tornadus-Therian, M|
|poke|p2|Primarina, F|
|poke|p2|Great Tusk|
|poke|p2|Gholdengo|
|poke|p2|Dragonite, F|
|teampreview
|inactive|clean also wants the timer to be on.
|rated|Smogon Champions League
|inactive|clean has 270 seconds left.
|inactive|JJ09LIE has 270 seconds left.
|inactive|clean has 240 seconds left.
|inactive|JJ09LIE has 240 seconds left.
|inactive|JJ09LIE has 210 seconds left.
|
|t:|1760886218
|teamsize|p1|6
|teamsize|p2|6
|start
|switch|p1a: Slow Motion|Zapdos|100/100
|switch|p2a: Gholdengo|Gholdengo|100/100
|turn|1
|inactive|clean has 270 seconds left.
|inactive|JJ09LIE has 240 seconds left.
|
|t:|1760886271
|move|p2a: Gholdengo|Shadow Ball|p1a: Slow Motion
|-damage|p1a: Slow Motion|61/100
|move|p1a: Slow Motion|Volt Switch|p2a: Gholdengo
|-damage|p2a: Gholdengo|63/100
|
|t:|1760886282
|switch|p1a: Darkness|Tyranitar, F|100/100|[from] Volt Switch
|-weather|Sandstorm|[from] ability: Sand Stream|[of] p1a: Darkness
|
|-weather|Sandstorm|[upkeep]
|upkeep
|turn|2
|inactive|JJ09LIE has 240 seconds left.
|inactive|clean has 240 seconds left.
|
|t:|1760886315
|switch|p2a: Great Tusk|Great Tusk|100/100
|move|p1a: Darkness|Stealth Rock|p2a: Great Tusk
|-sidestart|p2: JJ09LIE|move: Stealth Rock
|
|-weather|Sandstorm|[upkeep]
|upkeep
|turn|3
|
|t:|1760886329
|move|p2a: Great Tusk|Stealth Rock|p1a: Darkness
|-sidestart|p1: clean|move: Stealth Rock
|move|p1a: Darkness|Ice Beam|p2a: Great Tusk
|-supereffective|p2a: Great Tusk
|-damage|p2a: Great Tusk|42/100
|
|-weather|Sandstorm|[upkeep]
|upkeep
|turn|4
|inactive|JJ09LIE has 240 seconds left.
|inactive|clean has 210 seconds left.
|inactive|JJ09LIE has 210 seconds left.
|
|t:|1760886365
|switch|p1a: 10 Days Late|Dragapult, F|100/100
|move|p2a: Great Tusk|Close Combat|p1a: 10 Days Late
|-immune|p1a: 10 Days Late
|
|-weather|Sandstorm|[upkeep]
|-damage|p1a: 10 Days Late|95/100|[from] Sandstorm
|upkeep
|turn|5
|
|t:|1760886383
|-end|p2a: Great Tusk|Protosynthesis|[silent]
|switch|p2a: Tornadus|Tornadus-Therian, M|100/100
|move|p1a: 10 Days Late|Draco Meteor|p2a: Tornadus
|-damage|p2a: Tornadus|52/100
|-unboost|p1a: 10 Days Late|spa|2
|
|-weather|none
|upkeep
|turn|6
|inactive|clean has 180 seconds left.
|
|t:|1760886416
|move|p1a: 10 Days Late|U-turn|p2a: Tornadus
|-resisted|p2a: Tornadus
|-damage|p2a: Tornadus|42/100
|
|t:|1760886439
|switch|p1a: Slow Motion|Zapdos|61/100|[from] U-turn
|move|p2a: Tornadus|U-turn|p1a: Slow Motion
|-resisted|p1a: Slow Motion
|-crit|p1a: Slow Motion
|-damage|p1a: Slow Motion|50/100
|
|t:|1760886453
|switch|p2a: Darkrai|Darkrai|100/100|[from] U-turn
|
|upkeep
|turn|7
|inactive|clean has 150 seconds left.
|
|t:|1760886482
|switch|p1a: Darkness|Tyranitar, F|100/100
|-weather|Sandstorm|[from] ability: Sand Stream|[of] p1a: Darkness
|move|p2a: Darkrai|Will-O-Wisp|p1a: Darkness|[miss]
|-miss|p2a: Darkrai|p1a: Darkness
|
|-weather|Sandstorm|[upkeep]
|-damage|p2a: Darkrai|94/100|[from] Sandstorm
|upkeep
|turn|8
|inactive|clean has 150 seconds left.
|inactive|JJ09LIE has 210 seconds left.
|
|t:|1760886525
|move|p2a: Darkrai|Dark Pulse|p1a: Darkness
|-resisted|p1a: Darkness
|-damage|p1a: Darkness|92/100
|move|p1a: Darkness|Ice Beam|p2a: Darkrai
|-damage|p2a: Darkrai|68/100
|
|-weather|Sandstorm|[upkeep]
|-damage|p2a: Darkrai|62/100|[from] Sandstorm
|upkeep
|turn|9
|inactive|JJ09LIE has 210 seconds left.
|
|t:|1760886537
|move|p2a: Darkrai|Dark Pulse|p1a: Darkness
|-resisted|p1a: Darkness
|-damage|p1a: Darkness|83/100
|cant|p1a: Darkness|flinch
|
|-weather|Sandstorm|[upkeep]
|-damage|p2a: Darkrai|56/100|[from] Sandstorm
|upkeep
|turn|10
|
|t:|1760886541
|move|p2a: Darkrai|Will-O-Wisp|p1a: Darkness
|-status|p1a: Darkness|brn
|move|p1a: Darkness|Knock Off|p2a: Darkrai
|-resisted|p2a: Darkrai
|-damage|p2a: Darkrai|42/100
|-enditem|p2a: Darkrai|Heavy-Duty Boots|[from] move: Knock Off|[of] p1a: Darkness
|
|-weather|Sandstorm|[upkeep]
|-damage|p2a: Darkrai|36/100|[from] Sandstorm
|-damage|p1a: Darkness|77/100 brn|[from] brn
|upkeep
|turn|11
|inactive|JJ09LIE has 210 seconds left.
|
|t:|1760886569
|switch|p2a: Tornadus|Tornadus-Therian, M|75/100
|move|p1a: Darkness|Ice Beam|p2a: Tornadus
|-supereffective|p2a: Tornadus
|-damage|p2a: Tornadus|40/100
|
|-weather|none
|-damage|p1a: Darkness|70/100 brn|[from] brn
|upkeep
|turn|12
|inactive|JJ09LIE has 210 seconds left.
|inactive|clean has 120 seconds left.
|
|t:|1760886592
|move|p2a: Tornadus|U-turn|p1a: Darkness
|-supereffective|p1a: Darkness
|-damage|p1a: Darkness|48/100 brn
|inactive|JJ09LIE has 210 seconds left.
|
|t:|1760886611
|switch|p2a: Primarina|Primarina, F|100/100|[from] U-turn
|-damage|p2a: Primarina|88/100|[from] Stealth Rock
|move|p1a: Darkness|Knock Off|p2a: Primarina
|-resisted|p2a: Primarina
|-damage|p2a: Primarina|75/100
|-enditem|p2a: Primarina|Assault Vest|[from] move: Knock Off|[of] p1a: Darkness
|
|-damage|p1a: Darkness|42/100 brn|[from] brn
|upkeep
|turn|13
|inactive|clean has 120 seconds left.
|
|t:|1760886634
|move|p2a: Primarina|Moonblast|p1a: Darkness
|-supereffective|p1a: Darkness
|-damage|p1a: Darkness|0 fnt
|faint|p1a: Darkness
|
|upkeep
|
|t:|1760886639
|switch|p1a: Camouflage|Rillaboom, F|100/100
|-fieldstart|move: Grassy Terrain|[from] ability: Grassy Surge|[of] p1a: Camouflage
|turn|14
|inactive|JJ09LIE has 210 seconds left.
|
|t:|1760886660
|move|p1a: Camouflage|Wood Hammer|p2a: Primarina
|-supereffective|p2a: Primarina
|-damage|p2a: Primarina|0 fnt
|faint|p2a: Primarina
|-damage|p1a: Camouflage|77/100|[from] Recoil
|
|-heal|p1a: Camouflage|84/100|[from] Grassy Terrain
|upkeep
|
|t:|1760886671
|switch|p2a: Tornadus|Tornadus-Therian, M|73/100
|turn|15
|
|t:|1760886691
|switch|p1a: Slow Motion|Zapdos|50/100
|move|p2a: Tornadus|Icy Wind|p1a: Slow Motion
|-supereffective|p1a: Slow Motion
|-damage|p1a: Slow Motion|21/100
|-unboost|p1a: Slow Motion|spe|1
|
|upkeep
|turn|16
|inactive|clean has 120 seconds left.
|inactive|clean has 90 seconds left.
|
|t:|1760886754
|move|p2a: Tornadus|Heat Wave|p1a: Slow Motion
|-damage|p1a: Slow Motion|0 fnt
|faint|p1a: Slow Motion
|
|upkeep
|inactive|clean has 60 seconds left.
|
|t:|1760886782
|switch|p1a: Wounded|Great Tusk|100/100
|-damage|p1a: Wounded|98/100|[from] Stealth Rock
|turn|17
|inactive|clean has 60 seconds left.
|inactive|JJ09LIE has 180 seconds left.
|
|t:|1760886824
|move|p2a: Tornadus|Bleakwind Storm|p1a: Wounded
|-supereffective|p1a: Wounded
|-damage|p1a: Wounded|33/100
|-unboost|p1a: Wounded|spe|1
|move|p1a: Wounded|Rapid Spin|p2a: Tornadus
|-damage|p2a: Tornadus|55/100
|-boost|p1a: Wounded|spe|1
|-sideend|p1: clean|Stealth Rock|[from] move: Rapid Spin|[of] p1a: Wounded
|
|-heal|p1a: Wounded|39/100|[from] Grassy Terrain
|upkeep
|turn|18
|inactive|JJ09LIE has 150 seconds left.
|inactive|clean has 30 seconds left.
|
|t:|1760886856
|-end|p1a: Wounded|Protosynthesis|[silent]
|switch|p1a: 10 Days Late|Dragapult, F|95/100
|move|p2a: Tornadus|Bleakwind Storm|p1a: 10 Days Late
|-damage|p1a: 10 Days Late|42/100
|
|-heal|p1a: 10 Days Late|48/100|[from] Grassy Terrain
|-fieldend|move: Grassy Terrain
|upkeep
|turn|19
|inactive|JJ09LIE has 150 seconds left.
|inactive|JJ09LIE has 120 seconds left.
|
|t:|1760886908
|switch|p2a: Gholdengo|Gholdengo|63/100
|-damage|p2a: Gholdengo|57/100|[from] Stealth Rock
|move|p1a: 10 Days Late|Draco Meteor|p2a: Gholdengo
|-resisted|p2a: Gholdengo
|-damage|p2a: Gholdengo|28/100
|-unboost|p1a: 10 Days Late|spa|2
|
|upkeep
|turn|20
|
|t:|1760886919
|switch|p1a: Wounded|Great Tusk|39/100
|move|p2a: Gholdengo|Shadow Ball|p1a: Wounded
|-damage|p1a: Wounded|2/100
|
|upkeep
|turn|21
|
|t:|1760886926
|move|p2a: Gholdengo|Shadow Ball|p1a: Wounded
|-damage|p1a: Wounded|0 fnt
|faint|p1a: Wounded
|-end|p1a: Wounded|Protosynthesis|[silent]
|
|upkeep
|
|t:|1760886929
|switch|p1a: Camouflage|Rillaboom, F|84/100
|-fieldstart|move: Grassy Terrain|[from] ability: Grassy Surge|[of] p1a: Camouflage
|turn|22
|
|t:|1760886936
|switch|p2a: Dragonite|Dragonite, F|100/100
|move|p1a: Camouflage|Knock Off|p2a: Dragonite
|-damage|p2a: Dragonite|83/100
|-enditem|p2a: Dragonite|Heavy-Duty Boots|[from] move: Knock Off|[of] p1a: Camouflage
|
|-heal|p1a: Camouflage|90/100|[from] Grassy Terrain
|upkeep
|turn|23
|
|t:|1760886953
|move|p1a: Camouflage|U-turn|p2a: Dragonite
|-resisted|p2a: Dragonite
|-damage|p2a: Dragonite|71/100
|
|t:|1760886955
|switch|p1a: Never Let You Go|Gholdengo|100/100|[from] U-turn
|-enditem|p1a: Never Let You Go|Grassy Seed
|-boost|p1a: Never Let You Go|def|1|[from] item: Grassy Seed
|move|p2a: Dragonite|Dragon Tail|p1a: Never Let You Go
|-resisted|p1a: Never Let You Go
|-damage|p1a: Never Let You Go|92/100
|drag|p1a: Camouflage|Rillaboom, F|90/100
|
|-heal|p1a: Camouflage|96/100|[from] Grassy Terrain
|upkeep
|turn|24
|inactive|clean has 60 seconds left.
|inactive|JJ09LIE has 150 seconds left.
|
|t:|1760886975
|move|p1a: Camouflage|U-turn|p2a: Dragonite
|-resisted|p2a: Dragonite
|-crit|p2a: Dragonite
|-damage|p2a: Dragonite|54/100
|
|t:|1760886977
|switch|p1a: Never Let You Go|Gholdengo|92/100|[from] U-turn
|move|p2a: Dragonite|Roost|p2a: Dragonite
|-heal|p2a: Dragonite|100/100
|-singleturn|p2a: Dragonite|move: Roost
|
|-heal|p1a: Never Let You Go|98/100|[from] Grassy Terrain
|upkeep
|turn|25
|inactive|clean has 60 seconds left.
|inactive|JJ09LIE has 150 seconds left.
|
|t:|1760886998
|move|p1a: Never Let You Go|Shadow Ball|p2a: Dragonite
|-damage|p2a: Dragonite|84/100
|move|p2a: Dragonite|Dragon Tail|p1a: Never Let You Go
|-resisted|p1a: Never Let You Go
|-damage|p1a: Never Let You Go|86/100
|drag|p1a: 10 Days Late|Dragapult, F|48/100
|
|-heal|p1a: 10 Days Late|54/100|[from] Grassy Terrain
|upkeep
|turn|26
|inactive|JJ09LIE has 150 seconds left.
|
|t:|1760887021
|switch|p2a: Tornadus|Tornadus-Therian, M|88/100
|move|p1a: 10 Days Late|Draco Meteor|p2a: Tornadus
|-damage|p2a: Tornadus|38/100
|-unboost|p1a: 10 Days Late|spa|2
|
|-heal|p1a: 10 Days Late|60/100|[from] Grassy Terrain
|-fieldend|move: Grassy Terrain
|upkeep
|turn|27
|inactive|clean has 30 seconds left.
|inactive|clean has 20 seconds left.
|inactive|clean has 15 seconds left.
|
|t:|1760887054
|move|p1a: 10 Days Late|U-turn|p2a: Tornadus
|-resisted|p2a: Tornadus
|-damage|p2a: Tornadus|28/100
|inactive|clean has 20 seconds left this turn.
|inactive|clean has 15 seconds left.
|
|t:|1760887060
|switch|p1a: Never Let You Go|Gholdengo|86/100|[from] U-turn
|move|p2a: Tornadus|U-turn|p1a: Never Let You Go
|-resisted|p1a: Never Let You Go
|-damage|p1a: Never Let You Go|84/100
|
|t:|1760887065
|switch|p2a: Darkrai|Darkrai|36/100|[from] U-turn
|-damage|p2a: Darkrai|24/100|[from] Stealth Rock
|
|upkeep
|turn|28
|inactive|clean has 30 seconds left this turn.
|inactive|clean has 20 seconds left.
|inactive|clean has 15 seconds left.
|inactive|JJ09LIE has 150 seconds left.
|inactive|clean has 10 seconds left.
|
|t:|1760887089
|-terastallize|p1a: Never Let You Go|Flying
|move|p2a: Darkrai|Sludge Bomb|p1a: Never Let You Go
|-damage|p1a: Never Let You Go|53/100
|move|p1a: Never Let You Go|Shadow Ball|p2a: Darkrai
|-resisted|p2a: Darkrai
|-damage|p2a: Darkrai|0 fnt
|faint|p2a: Darkrai
|
|upkeep
|inactive|JJ09LIE has 120 seconds left.
|inactive|JJ09LIE has 90 seconds left.
|
|t:|1760887155
|switch|p2a: Gholdengo|Gholdengo|28/100
|-damage|p2a: Gholdengo|22/100|[from] Stealth Rock
|turn|29
|inactive|clean has 25 seconds left this turn.
|inactive|clean has 20 seconds left.
|inactive|clean has 15 seconds left.
|inactive|clean has 10 seconds left.
|
|t:|1760887170
|switch|p1a: 10 Days Late|Dragapult, F|60/100
|move|p2a: Gholdengo|Make It Rain|p1a: 10 Days Late
|-damage|p1a: 10 Days Late|0 fnt
|-unboost|p2a: Gholdengo|spa|1
|faint|p1a: 10 Days Late
|
|upkeep
|inactive|clean has 15 seconds left this turn.
|inactive|clean has 10 seconds left.
|
|t:|1760887176
|switch|p1a: Never Let You Go|Gholdengo, tera:Flying|53/100
|turn|30
|inactive|clean has 20 seconds left this turn.
|
|t:|1760887180
|switch|p2a: Tornadus|Tornadus-Therian, M|62/100
|move|p1a: Never Let You Go|Recover|p1a: Never Let You Go
|-heal|p1a: Never Let You Go|100/100
|
|upkeep
|turn|31
|inactive|clean has 30 seconds left this turn.
|
|t:|1760887207
|move|p2a: Tornadus|Bleakwind Storm|p1a: Never Let You Go
|-damage|p1a: Never Let You Go|62/100
|move|p1a: Never Let You Go|Nasty Plot|p1a: Never Let You Go
|-boost|p1a: Never Let You Go|spa|2
|
|upkeep
|turn|32
|
|t:|1760887221
|move|p2a: Tornadus|U-turn|p1a: Never Let You Go
|-resisted|p1a: Never Let You Go
|-damage|p1a: Never Let You Go|57/100
|
|t:|1760887223
|switch|p2a: Gholdengo|Gholdengo|22/100|[from] U-turn
|-damage|p2a: Gholdengo|16/100|[from] Stealth Rock
|move|p1a: Never Let You Go|Recover|p1a: Never Let You Go
|-heal|p1a: Never Let You Go|100/100
|
|upkeep
|turn|33
|inactive|JJ09LIE has 90 seconds left.
|
|t:|1760887243
|move|p2a: Gholdengo|Trick|p1a: Never Let You Go
|-immune|p1a: Never Let You Go|[from] ability: Good as Gold
|move|p1a: Never Let You Go|Recover||[still]
|-fail|p1a: Never Let You Go|heal
|
|upkeep
|turn|34
|c|☆JJ09LIE|mis
|c|☆JJ09LIE|oop
|inactive|JJ09LIE has 90 seconds left.
|inactive|JJ09LIE has 60 seconds left.
|
|t:|1760887294
|switch|p2a: Great Tusk|Great Tusk|42/100
|-damage|p2a: Great Tusk|39/100|[from] Stealth Rock
|move|p1a: Never Let You Go|Shadow Ball|p2a: Great Tusk
|-damage|p2a: Great Tusk|0 fnt
|faint|p2a: Great Tusk
|-end|p2a: Great Tusk|Protosynthesis|[silent]
|
|upkeep
|inactive|JJ09LIE has 30 seconds left.
|
|t:|1760887328
|switch|p2a: Gholdengo|Gholdengo|16/100
|-damage|p2a: Gholdengo|10/100|[from] Stealth Rock
|turn|35
|
|t:|1760887347
|move|p2a: Gholdengo|Shadow Ball|p1a: Never Let You Go
|-damage|p1a: Never Let You Go|62/100
|move|p1a: Never Let You Go|Recover|p1a: Never Let You Go
|-heal|p1a: Never Let You Go|100/100
|
|upkeep
|turn|36
|
|t:|1760887352
|move|p2a: Gholdengo|Shadow Ball|p1a: Never Let You Go
|-damage|p1a: Never Let You Go|60/100
|move|p1a: Never Let You Go|Shadow Ball|p2a: Gholdengo
|-supereffective|p2a: Gholdengo
|-damage|p2a: Gholdengo|0 fnt
|faint|p2a: Gholdengo
|
|upkeep
|
|t:|1760887355
|switch|p2a: Dragonite|Dragonite, F|84/100
|-damage|p2a: Dragonite|59/100|[from] Stealth Rock
|turn|37
|inactive|clean has 60 seconds left.
|inactive|JJ09LIE has 30 seconds left.
|inactive|JJ09LIE has 20 seconds left.
|
|t:|1760887390
|-terastallize|p2a: Dragonite|Normal
|move|p1a: Never Let You Go|Recover|p1a: Never Let You Go
|-heal|p1a: Never Let You Go|100/100
|move|p2a: Dragonite|Dragon Tail|p1a: Never Let You Go
|-damage|p1a: Never Let You Go|76/100
|drag|p1a: Camouflage|Rillaboom, F|96/100
|-fieldstart|move: Grassy Terrain|[from] ability: Grassy Surge|[of] p1a: Camouflage
|
|-heal|p1a: Camouflage|100/100|[from] Grassy Terrain
|-heal|p2a: Dragonite|65/100|[from] Grassy Terrain
|upkeep
|turn|38
|inactive|JJ09LIE has 30 seconds left this turn.
|inactive|JJ09LIE has 20 seconds left.
|inactive|JJ09LIE has 15 seconds left.
|inactive|JJ09LIE has 10 seconds left.
|
|t:|1760887415
|switch|p2a: Tornadus|Tornadus-Therian, M|95/100
|move|p1a: Camouflage|Wood Hammer|p2a: Tornadus
|-resisted|p2a: Tornadus
|-damage|p2a: Tornadus|45/100
|-damage|p1a: Camouflage|83/100|[from] Recoil
|
|-heal|p1a: Camouflage|89/100|[from] Grassy Terrain
|upkeep
|turn|39
|inactive|JJ09LIE has 20 seconds left this turn.
|inactive|JJ09LIE has 15 seconds left.
|
|t:|1760887436
|move|p2a: Tornadus|Bleakwind Storm|p1a: Camouflage
|-supereffective|p1a: Camouflage
|-damage|p1a: Camouflage|0 fnt
|faint|p1a: Camouflage
|
|upkeep
|
|t:|1760887438
|switch|p1a: Never Let You Go|Gholdengo, tera:Flying|76/100
|turn|40
|inactive|JJ09LIE has 30 seconds left this turn.
|
|t:|1760887445
|move|p2a: Tornadus|Bleakwind Storm|p1a: Never Let You Go
|-damage|p1a: Never Let You Go|37/100
|move|p1a: Never Let You Go|Recover|p1a: Never Let You Go
|-heal|p1a: Never Let You Go|87/100
|
|upkeep
|turn|41
|
|t:|1760887458
|move|p2a: Tornadus|Bleakwind Storm|p1a: Never Let You Go
|-damage|p1a: Never Let You Go|48/100
|move|p1a: Never Let You Go|Nasty Plot|p1a: Never Let You Go
|-boost|p1a: Never Let You Go|spa|2
|
|-fieldend|move: Grassy Terrain
|upkeep
|turn|42
|
|t:|1760887462
|move|p2a: Tornadus|Bleakwind Storm|p1a: Never Let You Go
|-damage|p1a: Never Let You Go|10/100
|-unboost|p1a: Never Let You Go|spe|1
|move|p1a: Never Let You Go|Recover|p1a: Never Let You Go
|-heal|p1a: Never Let You Go|60/100
|
|upkeep
|turn|43
|inactive|clean has 60 seconds left.
|
|t:|1760887471
|move|p2a: Tornadus|Bleakwind Storm|p1a: Never Let You Go
|-crit|p1a: Never Let You Go
|-damage|p1a: Never Let You Go|3/100
|-unboost|p1a: Never Let You Go|spe|1
|move|p1a: Never Let You Go|Recover|p1a: Never Let You Go
|-heal|p1a: Never Let You Go|53/100
|
|upkeep
|turn|44
|inactive|JJ09LIE has 30 seconds left.
|
|t:|1760887509
|move|p2a: Tornadus|Icy Wind|p1a: Never Let You Go
|-supereffective|p1a: Never Let You Go
|-damage|p1a: Never Let You Go|26/100
|-unboost|p1a: Never Let You Go|spe|1
|move|p1a: Never Let You Go|Shadow Ball|p2a: Tornadus
|-damage|p2a: Tornadus|0 fnt
|faint|p2a: Tornadus
|
|upkeep
|inactive|JJ09LIE has 30 seconds left this turn.
|
|t:|1760887511
|switch|p2a: Dragonite|Dragonite, F, tera:Normal|65/100
|-damage|p2a: Dragonite|53/100|[from] Stealth Rock
|turn|45
|
|t:|1760887517
|move|p2a: Dragonite|Extreme Speed|p1a: Never Let You Go
|-damage|p1a: Never Let You Go|0 fnt
|faint|p1a: Never Let You Go
|
|win|JJ09LIE
|c|☆clean|gg
|c|☆JJ09LIE|gg
