|j|☆adrianan
|j|☆aretse
|t:|1760813198
|gametype|singles
|player|p1|adrianan|red|1465
|player|p2|aretse|265|1461
|gen|9
|tier|[Gen 9] OU
|rated|
|rule|HP Percentage Mod: HP is shown in percentages
|rule|Endless Battle Clause: Forcing endless battles is banned
|rule|Species Clause: Limit one of each Pokémon
|rule|OHKO Clause: OHKO moves are banned
|rule|Evasion Items Clause: Evasion items are banned
|rule|Evasion Moves Clause: Evasion moves are banned
|rule|Evasion Abilities Clause: Evasion abilities are banned
|rule|Sleep Moves Clause: Sleep-inducing moves are banned
|clearpoke
|poke|p1|Hariyama, M|
|poke|p1|Azumarill, M|
|poke|p1|Goodra-Hisui, F|
|poke|p1|Glimmora, M|
|poke|p1|Garchomp, M|
|poke|p1|Noivern, M|
|poke|p2|Clodsire, M|
|poke|p2|Gliscor, M|
|poke|p2|Alomomola, F|
|poke|p2|Dondozo, M|
|poke|p2|Amoonguss, M|
|poke|p2|Bronzong|
|teampreview
|inactive|Battle timer is ON: inactive players will automatically lose when time's up. (requested by aretse)
|
|t:|1760813217
|teamsize|p1|6
|teamsize|p2|6
|start
|switch|p1a: Hariyama|Hariyama, M|100/100
|switch|p2a: Gliscor|Gliscor, M|100/100
|turn|1
|
|t:|1760813224
|move|p2a: Gliscor|Protect|p2a: Gliscor
|-singleturn|p2a: Gliscor|Protect
|move|p1a: Hariyama|Knock Off|p2a: Gliscor
|-activate|p2a: Gliscor|move: Protect
|
|-status|p2a: Gliscor|tox|[from] item: Toxic Orb
|-status|p1a: Hariyama|brn|[from] item: Flame Orb
|upkeep
|turn|2
|
|t:|1760813250
|switch|p1a: Garchomp|Garchomp, M|100/100
|move|p2a: Gliscor|Spikes|p1a: Garchomp
|-sidestart|p1: adrianan|Spikes
|
|upkeep
|turn|3
|
|t:|1760813254
|move|p1a: Garchomp|Stealth Rock|p2a: Gliscor
|-sidestart|p2: aretse|move: Stealth Rock
|move|p2a: Gliscor|Toxic|p1a: Garchomp
|-status|p1a: Garchomp|tox
|
|-damage|p1a: Garchomp|94/100 tox|[from] psn
|upkeep
|turn|4
|
|t:|1760813257
|move|p1a: Garchomp|Spikes|p2a: Gliscor
|-sidestart|p2: aretse|Spikes
|move|p2a: Gliscor|Spikes|p1a: Garchomp
|-sidestart|p1: adrianan|Spikes
|
|-damage|p1a: Garchomp|82/100 tox|[from] psn
|upkeep
|turn|5
|
|t:|1760813259
|move|p1a: Garchomp|Spikes|p2a: Gliscor
|-sidestart|p2: aretse|Spikes
|move|p2a: Gliscor|Spikes|p1a: Garchomp
|-sidestart|p1: adrianan|Spikes
|
|-damage|p1a: Garchomp|63/100 tox|[from] psn
|upkeep
|turn|6
|
|t:|1760813264
|switch|p2a: Bronzong|Bronzong|100/100
|-damage|p2a: Bronzong|94/100|[from] Stealth Rock
|move|p1a: Garchomp|Spikes|p2a: Bronzong
|-sidestart|p2: aretse|Spikes
|
|-heal|p2a: Bronzong|100/100|[from] item: Leftovers
|-damage|p1a: Garchomp|39/100 tox|[from] psn
|upkeep
|turn|7
|inactive|adrianan has 120 seconds left.
|
|t:|1760813301
|-terastallize|p1a: Garchomp|Ghost
|move|p2a: Bronzong|Stealth Rock|p1a: Garchomp
|-sidestart|p1: adrianan|move: Stealth Rock
|move|p1a: Garchomp|Dragon Tail|p2a: Bronzong|[miss]
|-miss|p1a: Garchomp|p2a: Bronzong
|
|-damage|p1a: Garchomp|8/100 tox|[from] psn
|upkeep
|turn|8
|inactive|adrianan has 120 seconds left.
|
|t:|1760813307
|move|p2a: Bronzong|Protect|p2a: Bronzong
|-singleturn|p2a: Bronzong|Protect
|move|p1a: Garchomp|Dragon Tail|p2a: Bronzong
|-activate|p2a: Bronzong|move: Protect
|
|-damage|p1a: Garchomp|0 fnt|[from] psn
|faint|p1a: Garchomp
|upkeep
|inactive|adrianan has 120 seconds left.
|
|t:|1760813324
|switch|p1a: Glimmora|Glimmora, M|100/100
|-damage|p1a: Glimmora|75/100|[from] Spikes
|-damage|p1a: Glimmora|63/100|[from] Stealth Rock
|turn|9
|
|t:|1760813329
|move|p1a: Glimmora|Earth Power|p2a: Bronzong
|-immune|p2a: Bronzong|[from] ability: Levitate
|move|p2a: Bronzong|Night Shade|p1a: Glimmora
|-damage|p1a: Glimmora|31/100
|
|upkeep
|turn|10
|inactive|adrianan has 120 seconds left.
|c|☆adrianan|go play alone with your staller team :D
|-message|adrianan forfeited.
|
|win|aretse
|raw|adrianan's rating: 1465 &rarr; <strong>1445</strong><br />(-20 for losing)
|raw|aretse's rating: 1461 &rarr; <strong>1481</strong><br />(+20 for winning)
|l|☆adrianan
|player|p1|
|l|☆aretse
|player|p2|
