|j|☆LifeOrbSpammer
|j|☆Helicopter369
|t:|1760879500
|gametype|singles
|player|p1|LifeOrbSpammer|101|1070
|player|p2|Helicopter369|psychic|1082
|gen|9
|tier|[Gen 9] OU
|rated|
|rule|HP Percentage Mod: HP is shown in percentages
|rule|Endless Battle Clause: Forcing endless battles is banned
|rule|Species Clause: Limit one of each Pokémon
|rule|OHKO Clause: OHKO moves are banned
|rule|Evasion Items Clause: Evasion items are banned
|rule|Evasion Moves Clause: Evasion moves are banned
|rule|Evasion Abilities Clause: Evasion abilities are banned
|rule|Sleep Moves Clause: Sleep-inducing moves are banned
|clearpoke
|poke|p1|Zamazenta-*|
|poke|p1|Walking Wake|
|poke|p1|Darkrai|
|poke|p1|Dragapult, F|
|poke|p1|Iron Valiant|
|poke|p1|Electrode-Hisui|
|poke|p2|Muk-Alola, M|
|poke|p2|Regirock|
|teampreview
|inactive|Battle timer is ON: inactive players will automatically lose when time's up. (requested by Helicopter369)
|
|t:|1760879505
|teamsize|p1|6
|teamsize|p2|2
|start
|switch|p1a: Iron Valiant|Iron Valiant|100/100
|switch|p2a: Regirock|Regirock|100/100
|turn|1
|
|t:|1760879520
|move|p1a: Iron Valiant|Drain Punch|p2a: Regirock
|-supereffective|p2a: Regirock
|-damage|p2a: Regirock|36/100
|-damage|p1a: Iron Valiant|91/100|[from] item: Life Orb
|move|p2a: Regirock|Explosion|p1a: Iron Valiant
|-damage|p1a: Iron Valiant|0 fnt
|faint|p2a: Regirock
|faint|p1a: Iron Valiant
|-end|p1a: Iron Valiant|Quark Drive|[silent]
|
|upkeep
|
|t:|1760879538
|switch|p1a: Darkrai|Darkrai|100/100
|switch|p2a: Muk|Muk-Alola, M|100/100
|turn|2
|
|t:|1760879549
|switch|p1a: Dragapult|Dragapult, F|100/100
|move|p2a: Muk|Poison Jab|p1a: Dragapult
|-resisted|p1a: Dragapult
|-damage|p1a: Dragapult|83/100
|-status|p1a: Dragapult|psn|[from] ability: Poison Touch|[of] p2a: Muk
|
|-damage|p1a: Dragapult|70/100 psn|[from] psn
|upkeep
|turn|3
|
|t:|1760879561
|move|p1a: Dragapult|Dragon Dance|p1a: Dragapult
|-boost|p1a: Dragapult|atk|1
|-boost|p1a: Dragapult|spe|1
|move|p2a: Muk|Crunch|p1a: Dragapult
|-supereffective|p1a: Dragapult
|-damage|p1a: Dragapult|0 fnt
|faint|p1a: Dragapult
|
|upkeep
|
|t:|1760879573
|switch|p1a: Electrode|Electrode-Hisui|100/100
|turn|4
|
|t:|1760879588
|move|p1a: Electrode|Volt Switch|p2a: Muk
|-damage|p2a: Muk|80/100
|
|t:|1760879595
|switch|p1a: Zamazenta|Zamazenta|100/100|[from] Volt Switch
|-ability|p1a: Zamazenta|Dauntless Shield|boost
|-boost|p1a: Zamazenta|def|1
|move|p2a: Muk|Poison Jab|p1a: Zamazenta
|-damage|p1a: Zamazenta|83/100
|
|-heal|p2a: Muk|86/100|[from] item: Leftovers
|upkeep
|turn|5
|
|t:|1760879607
|move|p1a: Zamazenta|Close Combat|p2a: Muk
|-damage|p2a: Muk|23/100
|-unboost|p1a: Zamazenta|def|1
|-unboost|p1a: Zamazenta|spd|1
|-damage|p1a: Zamazenta|73/100|[from] item: Life Orb
|move|p2a: Muk|Haze|p2a: Muk
|-clearallboost
|
|-heal|p2a: Muk|29/100|[from] item: Leftovers
|upkeep
|turn|6
|
|t:|1760879620
|move|p2a: Muk|Shadow Sneak|p1a: Zamazenta
|-damage|p1a: Zamazenta|64/100
|move|p1a: Zamazenta|Close Combat|p2a: Muk
|-damage|p2a: Muk|0 fnt
|-unboost|p1a: Zamazenta|def|1
|-unboost|p1a: Zamazenta|spd|1
|faint|p2a: Muk
|-damage|p1a: Zamazenta|54/100|[from] item: Life Orb
|
|win|LifeOrbSpammer
|raw|LifeOrbSpammer's rating: 1070 &rarr; <strong>1101</strong><br />(+31 for winning)
|raw|Helicopter369's rating: 1082 &rarr; <strong>1059</strong><br />(-23 for losing)
|l|☆Helicopter369
|player|p2|
|l|☆LifeOrbSpammer
|player|p1|
