|j|☆Saint1
|j|☆davo578
|t:|1760872223
|gametype|singles
|player|p1|Saint1|266|1183
|player|p2|davo578|cynthia|1210
|gen|9
|tier|[Gen 9] OU
|rated|
|rule|HP Percentage Mod: HP is shown in percentages
|rule|Endless Battle Clause: Forcing endless battles is banned
|rule|Species Clause: Limit one of each Pokémon
|rule|OHKO Clause: OHKO moves are banned
|rule|Evasion Items Clause: Evasion items are banned
|rule|Evasion Moves Clause: Evasion moves are banned
|rule|Evasion Abilities Clause: Evasion abilities are banned
|rule|Sleep Moves Clause: Sleep-inducing moves are banned
|clearpoke
|poke|p1|Iron Treads|
|poke|p1|Samurott-Hisui, F|
|poke|p1|Iron Crown|
|poke|p1|Iron Moth|
|poke|p1|Dragapult, M|
|poke|p1|Meowscarada, F|
|poke|p2|Ceruledge, F|
|poke|p2|Skarmory, F|
|poke|p2|Hydrapple, M|
|poke|p2|Ursaluna, M|
|poke|p2|Dondozo, M|
|poke|p2|Raikou|
|teampreview
|
|t:|1760872234
|teamsize|p1|6
|teamsize|p2|6
|start
|switch|p1a: Iron Treads|Iron Treads|100/100
|switch|p2a: Raikou|Raikou|100/100
|turn|1
|
|t:|1760872268
|move|p2a: Raikou|Scald|p1a: Iron Treads
|-supereffective|p1a: Iron Treads
|-enditem|p1a: Iron Treads|Focus Sash
|-damage|p1a: Iron Treads|1/100
|-status|p1a: Iron Treads|brn
|move|p1a: Iron Treads|Earth Power|p2a: Raikou
|-supereffective|p2a: Raikou
|-damage|p2a: Raikou|26/100
|
|-damage|p1a: Iron Treads|0 fnt|[from] brn
|faint|p1a: Iron Treads
|-end|p1a: Iron Treads|Quark Drive|[silent]
|upkeep
|
|t:|1760872284
|switch|p1a: Meowscarada|Meowscarada, F|100/100
|turn|2
|
|t:|1760872295
|switch|p2a: Skarmory|Skarmory, F|100/100
|move|p1a: Meowscarada|U-turn|p2a: Skarmory
|-start|p1a: Meowscarada|typechange|Bug|[from] ability: Protean
|-resisted|p2a: Skarmory
|-damage|p2a: Skarmory|94/100
|-ability|p2a: Skarmory|Weak Armor|boost
|-unboost|p2a: Skarmory|def|1
|-boost|p2a: Skarmory|spe|2
|-damage|p1a: Meowscarada|91/100|[from] item: Life Orb
|
|t:|1760872304
|switch|p1a: Iron Crown|Iron Crown|100/100|[from] U-turn
|-enditem|p1a: Iron Crown|Booster Energy
|-activate|p1a: Iron Crown|ability: Quark Drive|[fromitem]
|-start|p1a: Iron Crown|quarkdrivespa
|
|-heal|p2a: Skarmory|99/100|[from] item: Leftovers
|upkeep
|turn|3
|
|t:|1760872312
|switch|p2a: Ursaluna|Ursaluna, M|100/100
|move|p1a: Iron Crown|Volt Switch|p2a: Ursaluna
|-immune|p2a: Ursaluna
|
|upkeep
|turn|4
|
|t:|1760872325
|-terastallize|p2a: Ursaluna|Ground
|move|p1a: Iron Crown|Focus Blast|p2a: Ursaluna|[miss]
|-miss|p1a: Iron Crown|p2a: Ursaluna
|move|p2a: Ursaluna|Earthquake|p1a: Iron Crown
|-supereffective|p1a: Iron Crown
|-damage|p1a: Iron Crown|0 fnt
|faint|p1a: Iron Crown
|-end|p1a: Iron Crown|Quark Drive|[silent]
|
|upkeep
|
|t:|1760872338
|switch|p1a: Meowscarada|Meowscarada, F|91/100
|turn|5
|
|t:|1760872364
|switch|p2a: Skarmory|Skarmory, F|99/100
|move|p1a: Meowscarada|U-turn|p2a: Skarmory
|-start|p1a: Meowscarada|typechange|Bug|[from] ability: Protean
|-resisted|p2a: Skarmory
|-damage|p2a: Skarmory|94/100
|-ability|p2a: Skarmory|Weak Armor|boost
|-unboost|p2a: Skarmory|def|1
|-boost|p2a: Skarmory|spe|2
|-damage|p1a: Meowscarada|81/100|[from] item: Life Orb
|
|t:|1760872387
|switch|p1a: Dragapult|Dragapult, M|100/100|[from] U-turn
|
|-heal|p2a: Skarmory|99/100|[from] item: Leftovers
|upkeep
|turn|6
|
|t:|1760872396
|move|p1a: Dragapult|Fire Blast|p2a: Skarmory
|-supereffective|p2a: Skarmory
|-damage|p2a: Skarmory|0 fnt
|faint|p2a: Skarmory
|-damage|p1a: Dragapult|91/100|[from] item: Life Orb
|
|upkeep
|
|t:|1760872403
|switch|p2a: Ceruledge|Ceruledge, F|100/100
|turn|7
|
|t:|1760872408
|move|p1a: Dragapult|Hydro Pump|p2a: Ceruledge|[miss]
|-miss|p1a: Dragapult|p2a: Ceruledge
|move|p2a: Ceruledge|Swords Dance|p2a: Ceruledge
|-boost|p2a: Ceruledge|atk|2
|
|upkeep
|turn|8
|
|t:|1760872412
|move|p2a: Ceruledge|Shadow Sneak|p1a: Dragapult
|-supereffective|p1a: Dragapult
|-damage|p1a: Dragapult|0 fnt
|faint|p1a: Dragapult
|-damage|p2a: Ceruledge|91/100|[from] item: Life Orb
|
|upkeep
|
|t:|1760872425
|switch|p1a: Samurott|Samurott-Hisui, F|100/100
|turn|9
|
|t:|1760872433
|switch|p2a: Hydrapple|Hydrapple, M|100/100
|move|p1a: Samurott|Razor Shell|p2a: Hydrapple
|-resisted|p2a: Hydrapple
|-damage|p2a: Hydrapple|93/100
|
|upkeep
|turn|10
|l|☆Saint1
|player|p1|
|
|t:|1760872444
|-terastallize|p1a: Samurott|Bug
|move|p1a: Samurott|X-Scissor|p2a: Hydrapple
|-supereffective|p2a: Hydrapple
|-damage|p2a: Hydrapple|23/100
|move|p2a: Hydrapple|Earth Power|p1a: Samurott
|-resisted|p1a: Samurott
|-damage|p1a: Samurott|87/100
|
|upkeep
|turn|11
|j|☆Saint1
|player|p1|Saint1|266|
|
|t:|1760872456
|switch|p2a: Dondozo|Dondozo, M|100/100
|move|p1a: Samurott|Ceaseless Edge|p2a: Dondozo
|-damage|p2a: Dondozo|78/100
|-sidestart|p2: davo578|Spikes
|
|upkeep
|turn|12
|
|t:|1760872461
|move|p1a: Samurott|Razor Shell|p2a: Dondozo
|-resisted|p2a: Dondozo
|-damage|p2a: Dondozo|65/100
|move|p2a: Dondozo|Wave Crash|p1a: Samurott
|-damage|p1a: Samurott|49/100
|-damage|p2a: Dondozo|56/100|[from] Recoil
|
|upkeep
|turn|13
|
|t:|1760872470
|move|p1a: Samurott|Razor Shell|p2a: Dondozo
|-resisted|p2a: Dondozo
|-damage|p2a: Dondozo|45/100
|move|p2a: Dondozo|Curse|p2a: Dondozo
|-unboost|p2a: Dondozo|spe|1
|-boost|p2a: Dondozo|atk|1
|-boost|p2a: Dondozo|def|1
|
|upkeep
|turn|14
|
|t:|1760872479
|move|p1a: Samurott|Razor Shell|p2a: Dondozo
|-resisted|p2a: Dondozo
|-damage|p2a: Dondozo|36/100
|move|p2a: Dondozo|Wave Crash|p1a: Samurott
|-damage|p1a: Samurott|0 fnt
|faint|p1a: Samurott
|-damage|p2a: Dondozo|26/100|[from] Recoil
|
|upkeep
|
|t:|1760872487
|switch|p1a: Iron Moth|Iron Moth|100/100
|-enditem|p1a: Iron Moth|Booster Energy
|-activate|p1a: Iron Moth|ability: Quark Drive|[fromitem]
|-start|p1a: Iron Moth|quarkdrivespa
|turn|15
|
|t:|1760872498
|move|p1a: Iron Moth|Discharge|p2a: Dondozo
|-supereffective|p2a: Dondozo
|-damage|p2a: Dondozo|0 fnt
|faint|p2a: Dondozo
|
|upkeep
|
|t:|1760872504
|switch|p2a: Raikou|Raikou|26/100
|-damage|p2a: Raikou|13/100|[from] Spikes
|turn|16
|
|t:|1760872515
|move|p2a: Raikou|Scald|p1a: Iron Moth
|-supereffective|p1a: Iron Moth
|-damage|p1a: Iron Moth|35/100
|move|p1a: Iron Moth|Agility|p1a: Iron Moth
|-boost|p1a: Iron Moth|spe|2
|
|upkeep
|turn|17
|
|t:|1760872521
|move|p1a: Iron Moth|Fiery Dance|p2a: Raikou
|-damage|p2a: Raikou|0 fnt
|-boost|p1a: Iron Moth|spa|1
|faint|p2a: Raikou
|
|upkeep
|
|t:|1760872523
|switch|p2a: Ceruledge|Ceruledge, F|91/100
|-damage|p2a: Ceruledge|78/100|[from] Spikes
|turn|18
|
|t:|1760872535
|move|p1a: Iron Moth|Sludge Wave|p2a: Ceruledge
|-resisted|p2a: Ceruledge
|-crit|p2a: Ceruledge
|-damage|p2a: Ceruledge|0 fnt
|faint|p2a: Ceruledge
|
|upkeep
|
|t:|1760872538
|switch|p2a: Ursaluna|Ursaluna, M, tera:Ground|100/100
|-damage|p2a: Ursaluna|88/100|[from] Spikes
|turn|19
|
|t:|1760872544
|move|p1a: Iron Moth|Sludge Wave|p2a: Ursaluna
|-resisted|p2a: Ursaluna
|-damage|p2a: Ursaluna|55/100
|move|p2a: Ursaluna|Earthquake|p1a: Iron Moth
|-supereffective|p1a: Iron Moth
|-damage|p1a: Iron Moth|0 fnt
|faint|p1a: Iron Moth
|-end|p1a: Iron Moth|Quark Drive|[silent]
|
|upkeep
|
|t:|1760872549
|switch|p1a: Meowscarada|Meowscarada, F|81/100
|turn|20
|
|t:|1760872554
|move|p1a: Meowscarada|Flower Trick|p2a: Ursaluna
|-start|p1a: Meowscarada|typechange|Grass|[from] ability: Protean
|-supereffective|p2a: Ursaluna
|-crit|p2a: Ursaluna
|-damage|p2a: Ursaluna|0 fnt
|faint|p2a: Ursaluna
|-damage|p1a: Meowscarada|71/100|[from] item: Life Orb
|
|upkeep
|
|t:|1760872557
|switch|p2a: Hydrapple|Hydrapple, M|56/100
|turn|21
|
|t:|1760872562
|move|p1a: Meowscarada|U-turn|p2a: Hydrapple
|-supereffective|p2a: Hydrapple
|-damage|p2a: Hydrapple|20/100
|-damage|p1a: Meowscarada|61/100|[from] item: Life Orb
|move|p2a: Hydrapple|Infestation|p1a: Meowscarada
|-supereffective|p1a: Meowscarada
|-damage|p1a: Meowscarada|45/100
|-activate|p1a: Meowscarada|move: Infestation|[of] p2a: Hydrapple
|
|-damage|p1a: Meowscarada|32/100|[from] move: Infestation|[partiallytrapped]
|upkeep
|turn|22
|
|t:|1760872568
|move|p1a: Meowscarada|Knock Off|p2a: Hydrapple
|-damage|p2a: Hydrapple|0 fnt
|-enditem|p2a: Hydrapple|Heavy-Duty Boots|[from] move: Knock Off|[of] p1a: Meowscarada
|faint|p2a: Hydrapple
|-damage|p1a: Meowscarada|22/100|[from] item: Life Orb
|
|win|Saint1
|raw|Saint1's rating: 1183 &rarr; <strong>1210</strong><br />(+27 for winning)
|raw|davo578's rating: 1210 &rarr; <strong>1183</strong><br />(-27 for losing)
|l|☆Saint1
|player|p1|
|l|☆davo578
|player|p2|
