|j|‽ECHEVES
|j|☆r1se 0f j1mothy
|t:|1760797481
|gametype|singles
|player|p1|ECHEVES|169|1343
|player|p2|r1se 0f j1mothy|veteran|1371
|gen|9
|tier|[Gen 9] OU
|rated|
|rule|HP Percentage Mod: HP is shown in percentages
|rule|Endless Battle Clause: Forcing endless battles is banned
|rule|Species Clause: Limit one of each Pokémon
|rule|OHKO Clause: OHKO moves are banned
|rule|Evasion Items Clause: Evasion items are banned
|rule|Evasion Moves Clause: Evasion moves are banned
|rule|Evasion Abilities Clause: Evasion abilities are banned
|rule|Sleep Moves Clause: Sleep-inducing moves are banned
|clearpoke
|poke|p1|Kingambit, M|
|poke|p1|Great Tusk|
|poke|p1|Slowking-Galar, F|
|poke|p1|Dragapult, M|
|poke|p1|Ogerpon-Wellspring, F|
|poke|p1|Heatran, M|
|poke|p2|Pelipper, F|
|poke|p2|Volcanion|
|poke|p2|Raging Bolt|
|poke|p2|Barraskewda, M|
|poke|p2|Kingambit, M|
|poke|p2|Great Tusk|
|teampreview
|inactive|Battle timer is ON: inactive players will automatically lose when time's up. (requested by r1se 0f j1mothy)
|
|t:|1760797496
|teamsize|p1|6
|teamsize|p2|6
|start
|switch|p1a: Ogerpon|Ogerpon-Wellspring, F|100/100
|switch|p2a: Pelipper|Pelipper, F, shiny|100/100
|-weather|RainDance|[from] ability: Drizzle|[of] p2a: Pelipper
|turn|1
|
|t:|1760797502
|move|p1a: Ogerpon|Spikes|p2a: Pelipper
|-sidestart|p2: r1se 0f j1mothy|Spikes
|move|p2a: Pelipper|U-turn|p1a: Ogerpon
|-supereffective|p1a: Ogerpon
|-damage|p1a: Ogerpon|75/100
|
|t:|1760797507
|switch|p2a: Volcanion|Volcanion|100/100|[from] U-turn
|-damage|p2a: Volcanion|88/100|[from] Spikes
|
|-weather|RainDance|[upkeep]
|upkeep
|turn|2
|
|t:|1760797519
|switch|p1a: Slowking|Slowking-Galar, F|100/100
|move|p2a: Volcanion|Sludge Bomb|p1a: Slowking
|-resisted|p1a: Slowking
|-damage|p1a: Slowking|81/100
|
|-weather|RainDance|[upkeep]
|-heal|p1a: Slowking|87/100|[from] item: Leftovers
|upkeep
|turn|3
|
|t:|1760797526
|switch|p2a: Kingambit|Kingambit, M|100/100
|-item|p2a: Kingambit|Air Balloon
|move|p1a: Slowking|Thunder Wave|p2a: Kingambit
|-status|p2a: Kingambit|par
|
|-weather|RainDance|[upkeep]
|-heal|p1a: Slowking|93/100|[from] item: Leftovers
|upkeep
|turn|4
|
|t:|1760797536
|switch|p1a: Great Tusk|Great Tusk|100/100
|move|p2a: Kingambit|Swords Dance|p2a: Kingambit
|-boost|p2a: Kingambit|atk|2
|
|-weather|RainDance|[upkeep]
|upkeep
|turn|5
|
|t:|1760797544
|-end|p2a: Kingambit|fallenundefined|[silent]
|switch|p2a: Pelipper|Pelipper, F, shiny|100/100
|move|p1a: Great Tusk|Knock Off|p2a: Pelipper
|-damage|p2a: Pelipper|74/100
|-enditem|p2a: Pelipper|Damp Rock|[from] move: Knock Off|[of] p1a: Great Tusk
|
|-weather|RainDance|[upkeep]
|upkeep
|turn|6
|
|t:|1760797550
|-end|p1a: Great Tusk|Protosynthesis|[silent]
|switch|p1a: Slowking|Slowking-Galar, F|100/100
|move|p2a: Pelipper|Hurricane|p1a: Slowking
|-damage|p1a: Slowking|73/100
|-start|p1a: Slowking|confusion
|
|-weather|RainDance|[upkeep]
|-heal|p1a: Slowking|79/100|[from] item: Leftovers
|upkeep
|turn|7
|
|t:|1760797556
|move|p2a: Pelipper|U-turn|p1a: Slowking
|-damage|p1a: Slowking|70/100
|
|t:|1760797557
|switch|p2a: Great Tusk|Great Tusk|100/100|[from] U-turn
|-activate|p1a: Slowking|confusion
|move|p1a: Slowking|Future Sight|p2a: Great Tusk
|-start|p1a: Slowking|move: Future Sight
|
|-weather|RainDance|[upkeep]
|-heal|p1a: Slowking|76/100|[from] item: Leftovers
|upkeep
|turn|8
|
|t:|1760797567
|switch|p1a: Great Tusk|Great Tusk|100/100
|move|p2a: Great Tusk|Headlong Rush|p1a: Great Tusk
|-crit|p1a: Great Tusk
|-damage|p1a: Great Tusk|35/100
|-unboost|p2a: Great Tusk|def|1
|-unboost|p2a: Great Tusk|spd|1
|-damage|p2a: Great Tusk|84/100|[from] item: Rocky Helmet|[of] p1a: Great Tusk
|
|-weather|none
|upkeep
|turn|9
|
|t:|1760797579
|-end|p2a: Great Tusk|Protosynthesis|[silent]
|switch|p2a: Pelipper|Pelipper, F, shiny|74/100
|-weather|RainDance|[from] ability: Drizzle|[of] p2a: Pelipper
|move|p1a: Great Tusk|Knock Off|p2a: Pelipper
|-damage|p2a: Pelipper|56/100
|
|-weather|RainDance|[upkeep]
|-end|p2a: Pelipper|move: Future Sight
|-damage|p2a: Pelipper|0 fnt
|faint|p2a: Pelipper
|upkeep
|
|t:|1760797592
|switch|p2a: Barraskewda|Barraskewda, M|100/100
|-damage|p2a: Barraskewda|88/100|[from] Spikes
|turn|10
|
|t:|1760797598
|-end|p1a: Great Tusk|Protosynthesis|[silent]
|switch|p1a: Ogerpon|Ogerpon-Wellspring, F|75/100
|move|p2a: Barraskewda|Close Combat|p1a: Ogerpon
|-damage|p1a: Ogerpon|0 fnt
|-unboost|p2a: Barraskewda|def|1
|-unboost|p2a: Barraskewda|spd|1
|faint|p1a: Ogerpon
|
|-weather|RainDance|[upkeep]
|upkeep
|
|t:|1760797603
|switch|p1a: Kingambit|Kingambit, M|100/100
|-activate|p1a: Kingambit|ability: Supreme Overlord
|-start|p1a: Kingambit|fallen1|[silent]
|turn|11
|
|t:|1760797612
|switch|p2a: Great Tusk|Great Tusk|84/100
|move|p1a: Kingambit|Sucker Punch||[still]
|-fail|p1a: Kingambit
|
|-weather|RainDance|[upkeep]
|upkeep
|turn|12
|
|t:|1760797619
|-end|p1a: Kingambit|fallen1|[silent]
|switch|p1a: Great Tusk|Great Tusk|35/100
|move|p2a: Great Tusk|Rapid Spin|p1a: Great Tusk
|-damage|p1a: Great Tusk|23/100
|-boost|p2a: Great Tusk|spe|1
|-damage|p2a: Great Tusk|68/100|[from] item: Rocky Helmet|[of] p1a: Great Tusk
|-sideend|p2: r1se 0f j1mothy|Spikes|[from] move: Rapid Spin|[of] p2a: Great Tusk
|
|-weather|RainDance|[upkeep]
|upkeep
|turn|13
|
|t:|1760797625
|move|p2a: Great Tusk|Ice Spinner|p1a: Great Tusk
|-supereffective|p1a: Great Tusk
|-damage|p1a: Great Tusk|0 fnt
|-damage|p2a: Great Tusk|51/100|[from] item: Rocky Helmet|[of] p1a: Great Tusk
|faint|p1a: Great Tusk
|-end|p1a: Great Tusk|Protosynthesis|[silent]
|
|-weather|none
|upkeep
|
|t:|1760797630
|switch|p1a: Dragapult|Dragapult, M|100/100
|turn|14
|
|t:|1760797633
|move|p2a: Great Tusk|Ice Spinner|p1a: Dragapult
|-supereffective|p1a: Dragapult
|-damage|p1a: Dragapult|22/100
|move|p1a: Dragapult|Shadow Ball|p2a: Great Tusk
|-damage|p2a: Great Tusk|0 fnt
|faint|p2a: Great Tusk
|-end|p2a: Great Tusk|Protosynthesis|[silent]
|
|upkeep
|
|t:|1760797641
|switch|p2a: Volcanion|Volcanion|88/100
|turn|15
|
|t:|1760797644
|switch|p1a: Slowking|Slowking-Galar, F|100/100
|move|p2a: Volcanion|Steam Eruption|p1a: Slowking
|-damage|p1a: Slowking|21/100
|
|-heal|p1a: Slowking|27/100|[from] item: Leftovers
|upkeep
|turn|16
|
|t:|1760797649
|move|p2a: Volcanion|Steam Eruption|p1a: Slowking
|-damage|p1a: Slowking|0 fnt
|faint|p1a: Slowking
|
|upkeep
|
|t:|1760797653
|switch|p1a: Kingambit|Kingambit, M|100/100
|-activate|p1a: Kingambit|ability: Supreme Overlord
|-start|p1a: Kingambit|fallen3|[silent]
|turn|17
|
|t:|1760797657
|-terastallize|p1a: Kingambit|Dark
|move|p2a: Volcanion|Steam Eruption|p1a: Kingambit
|-damage|p1a: Kingambit|0 fnt
|faint|p1a: Kingambit
|-end|p1a: Kingambit|fallen3|[silent]
|
|upkeep
|-message|ECHEVES forfeited.
|
|win|r1se 0f j1mothy
|raw|ECHEVES's rating: 1343 &rarr; <strong>1325</strong><br />(-18 for losing)
|raw|r1se 0f j1mothy's rating: 1371 &rarr; <strong>1389</strong><br />(+18 for winning)
|l|‽ECHEVES
|player|p1|
