|j|☆pkmnallrounder
|j|‽Scrafty.YN
|t:|1760789721
|gametype|singles
|player|p1|pkmnallrounder|102|1228
|player|p2|Scrafty.YN|hoopster|1281
|gen|9
|tier|[Gen 9] OU
|rated|
|rule|HP Percentage Mod: HP is shown in percentages
|rule|Endless Battle Clause: Forcing endless battles is banned
|rule|Species Clause: Limit one of each Pokémon
|rule|OHKO Clause: OHKO moves are banned
|rule|Evasion Items Clause: Evasion items are banned
|rule|Evasion Moves Clause: Evasion moves are banned
|rule|Evasion Abilities Clause: Evasion abilities are banned
|rule|Sleep Moves Clause: Sleep-inducing moves are banned
|clearpoke
|poke|p1|Typhlosion, M|
|poke|p1|Torkoal, M|
|poke|p1|Great Tusk|
|poke|p1|Venusaur, M|
|poke|p1|Raging Bolt|
|poke|p1|Walking Wake|
|poke|p2|Gholdengo|
|poke|p2|Clodsire, F|
|poke|p2|Skarmory, M|
|poke|p2|Hariyama, F|
|poke|p2|Darkrai|
|poke|p2|Gliscor, F|
|teampreview
|j| silloning
|
|t:|1760789751
|teamsize|p1|6
|teamsize|p2|6
|start
|switch|p1a: Torkoal|Torkoal, M|100/100
|switch|p2a: Clodsire|Clodsire, F, shiny|100/100
|-weather|SunnyDay|[from] ability: Drought|[of] p1a: Torkoal
|turn|1
|
|t:|1760789784
|move|p1a: Torkoal|Stealth Rock|p2a: Clodsire
|-sidestart|p2: Scrafty.YN|move: Stealth Rock
|move|p2a: Clodsire|Stealth Rock|p1a: Torkoal
|-sidestart|p1: pkmnallrounder|move: Stealth Rock
|
|-weather|SunnyDay|[upkeep]
|upkeep
|turn|2
|
|t:|1760789791
|move|p2a: Clodsire|Toxic|p1a: Torkoal
|-status|p1a: Torkoal|tox
|move|p1a: Torkoal|Rapid Spin|p2a: Clodsire
|-damage|p2a: Clodsire|91/100
|-boost|p1a: Torkoal|spe|1
|-sideend|p1: pkmnallrounder|Stealth Rock|[from] move: Rapid Spin|[of] p1a: Torkoal
|
|-weather|SunnyDay|[upkeep]
|-damage|p1a: Torkoal|94/100 tox|[from] psn
|upkeep
|turn|3
|
|t:|1760789806
|switch|p1a: Venusaur|Venusaur, M|100/100
|move|p2a: Clodsire|Stealth Rock|p1a: Venusaur
|-sidestart|p1: pkmnallrounder|move: Stealth Rock
|
|-weather|SunnyDay|[upkeep]
|upkeep
|turn|4
|
|t:|1760789827
|switch|p2a: Hariyama|Hariyama, F, shiny|100/100
|-damage|p2a: Hariyama|94/100|[from] Stealth Rock
|move|p1a: Venusaur|Weather Ball|p2a: Hariyama
|-damage|p2a: Hariyama|80/100
|-damage|p1a: Venusaur|91/100|[from] item: Life Orb
|
|-weather|SunnyDay|[upkeep]
|upkeep
|turn|5
|
|t:|1760789837
|move|p1a: Venusaur|Sludge Bomb|p2a: Hariyama
|-damage|p2a: Hariyama|50/100
|-damage|p1a: Venusaur|81/100|[from] item: Life Orb
|move|p2a: Hariyama|Ice Punch|p1a: Venusaur
|-supereffective|p1a: Venusaur
|-damage|p1a: Venusaur|23/100
|
|-weather|SunnyDay|[upkeep]
|upkeep
|turn|6
|
|t:|1760789845
|move|p1a: Venusaur|Solar Beam||[still]
|-prepare|p1a: Venusaur|Solar Beam
|-anim|p1a: Venusaur|Solar Beam|p2a: Hariyama
|-damage|p2a: Hariyama|15/100
|-damage|p1a: Venusaur|13/100|[from] item: Life Orb
|move|p2a: Hariyama|Drain Punch|p1a: Venusaur
|-resisted|p1a: Venusaur
|-crit|p1a: Venusaur
|-damage|p1a: Venusaur|0 fnt
|-heal|p2a: Hariyama|19/100|[from] drain|[of] p1a: Venusaur
|faint|p1a: Venusaur
|
|-weather|SunnyDay|[upkeep]
|upkeep
|
|t:|1760789849
|switch|p1a: Typhlosion|Typhlosion, M|100/100
|-damage|p1a: Typhlosion|76/100|[from] Stealth Rock
|turn|7
|
|t:|1760789861
|move|p2a: Hariyama|Bullet Punch|p1a: Typhlosion
|-resisted|p1a: Typhlosion
|-damage|p1a: Typhlosion|67/100
|move|p1a: Typhlosion|Eruption|p2a: Hariyama
|-damage|p2a: Hariyama|0 fnt
|faint|p2a: Hariyama
|
|-weather|SunnyDay|[upkeep]
|upkeep
|
|t:|1760789867
|switch|p2a: Clodsire|Clodsire, F, shiny|91/100
|turn|8
|
|t:|1760789871
|move|p1a: Typhlosion|Eruption|p2a: Clodsire
|-damage|p2a: Clodsire|36/100
|move|p2a: Clodsire|Earthquake|p1a: Typhlosion
|-supereffective|p1a: Typhlosion
|-damage|p1a: Typhlosion|0 fnt
|faint|p1a: Typhlosion
|
|-weather|none
|upkeep
|
|t:|1760789881
|switch|p1a: Torkoal|Torkoal, M|94/100 tox
|-damage|p1a: Torkoal|70/100 tox|[from] Stealth Rock
|-weather|SunnyDay|[from] ability: Drought|[of] p1a: Torkoal
|turn|9
|
|t:|1760789884
|move|p2a: Clodsire|Recover|p2a: Clodsire
|-heal|p2a: Clodsire|86/100
|move|p1a: Torkoal|Rapid Spin|p2a: Clodsire
|-damage|p2a: Clodsire|75/100
|-boost|p1a: Torkoal|spe|1
|-sideend|p1: pkmnallrounder|Stealth Rock|[from] move: Rapid Spin|[of] p1a: Torkoal
|
|-weather|SunnyDay|[upkeep]
|-damage|p1a: Torkoal|63/100 tox|[from] psn
|upkeep
|turn|10
|
|t:|1760789907
|switch|p1a: Great Tusk|Great Tusk|100/100
|-activate|p1a: Great Tusk|ability: Protosynthesis
|-start|p1a: Great Tusk|protosynthesisatk
|move|p2a: Clodsire|Stealth Rock|p1a: Great Tusk
|-sidestart|p1: pkmnallrounder|move: Stealth Rock
|
|-weather|SunnyDay|[upkeep]
|upkeep
|turn|11
|
|t:|1760789915
|switch|p2a: Gholdengo|Gholdengo|100/100
|-damage|p2a: Gholdengo|94/100|[from] Stealth Rock
|-item|p2a: Gholdengo|Air Balloon
|move|p1a: Great Tusk|Rapid Spin|p2a: Gholdengo
|-immune|p2a: Gholdengo
|
|-weather|SunnyDay|[upkeep]
|upkeep
|turn|12
|
|t:|1760789918
|move|p1a: Great Tusk|Ice Spinner|p2a: Gholdengo
|-resisted|p2a: Gholdengo
|-damage|p2a: Gholdengo|78/100
|-enditem|p2a: Gholdengo|Air Balloon
|move|p2a: Gholdengo|Make It Rain|p1a: Great Tusk
|-damage|p1a: Great Tusk|47/100
|-unboost|p2a: Gholdengo|spa|1
|
|-weather|SunnyDay|[upkeep]
|upkeep
|turn|13
|
|t:|1760789929
|-terastallize|p2a: Gholdengo|Ghost
|move|p1a: Great Tusk|Headlong Rush|p2a: Gholdengo
|-damage|p2a: Gholdengo|0 fnt
|-unboost|p1a: Great Tusk|def|1
|-unboost|p1a: Great Tusk|spd|1
|faint|p2a: Gholdengo
|
|-weather|SunnyDay|[upkeep]
|upkeep
|
|t:|1760789937
|switch|p2a: Darkrai|Darkrai|100/100
|turn|14
|l|☆pkmnallrounder
|player|p1|
|j|☆pkmnallrounder
|player|p1|pkmnallrounder|102|
|inactive|Battle timer is ON: inactive players will automatically lose when time's up. (requested by Scrafty.YN)
|
|t:|1760790037
|-end|p1a: Great Tusk|Protosynthesis|[silent]
|switch|p1a: Raging Bolt|Raging Bolt|100/100
|-damage|p1a: Raging Bolt|88/100|[from] Stealth Rock
|-activate|p1a: Raging Bolt|ability: Protosynthesis
|-start|p1a: Raging Bolt|protosynthesisspa
|move|p2a: Darkrai|Dark Pulse|p1a: Raging Bolt
|-damage|p1a: Raging Bolt|54/100
|
|-weather|SunnyDay|[upkeep]
|-heal|p1a: Raging Bolt|60/100|[from] item: Leftovers
|upkeep
|turn|15
|
|t:|1760790049
|move|p2a: Darkrai|Ice Beam|p1a: Raging Bolt
|-supereffective|p1a: Raging Bolt
|-damage|p1a: Raging Bolt|11/100
|move|p1a: Raging Bolt|Calm Mind|p1a: Raging Bolt
|-boost|p1a: Raging Bolt|spa|1
|-boost|p1a: Raging Bolt|spd|1
|
|-weather|SunnyDay|[upkeep]
|-heal|p1a: Raging Bolt|17/100|[from] item: Leftovers
|upkeep
|turn|16
|
|t:|1760790057
|switch|p2a: Clodsire|Clodsire, F, shiny|75/100
|move|p1a: Raging Bolt|Thunderclap||[still]
|-fail|p1a: Raging Bolt
|
|-weather|none
|-end|p1a: Raging Bolt|Protosynthesis
|-heal|p1a: Raging Bolt|23/100|[from] item: Leftovers
|upkeep
|turn|17
|
|t:|1760790064
|move|p1a: Raging Bolt|Draco Meteor|p2a: Clodsire
|-damage|p2a: Clodsire|13/100
|-unboost|p1a: Raging Bolt|spa|2
|move|p2a: Clodsire|Earthquake|p1a: Raging Bolt
|-supereffective|p1a: Raging Bolt
|-damage|p1a: Raging Bolt|0 fnt
|faint|p1a: Raging Bolt
|-end|p1a: Raging Bolt|Protosynthesis|[silent]
|
|upkeep
|
|t:|1760790073
|switch|p1a: Great Tusk|Great Tusk|47/100
|-damage|p1a: Great Tusk|44/100|[from] Stealth Rock
|turn|18
|
|t:|1760790077
|switch|p2a: Gliscor|Gliscor, F, shiny|100/100
|-damage|p2a: Gliscor|88/100|[from] Stealth Rock
|move|p1a: Great Tusk|Ice Spinner|p2a: Gliscor
|-supereffective|p2a: Gliscor
|-damage|p2a: Gliscor|25/100
|
|-status|p2a: Gliscor|tox|[from] item: Toxic Orb
|upkeep
|turn|19
|
|t:|1760790081
|move|p2a: Gliscor|Protect|p2a: Gliscor
|-singleturn|p2a: Gliscor|Protect
|move|p1a: Great Tusk|Rapid Spin|p2a: Gliscor
|-activate|p2a: Gliscor|move: Protect
|
|-heal|p2a: Gliscor|37/100 tox|[from] ability: Poison Heal
|upkeep
|turn|20
|l| silloning
|
|t:|1760790085
|move|p2a: Gliscor|Protect|p2a: Gliscor
|-singleturn|p2a: Gliscor|Protect
|move|p1a: Great Tusk|Rapid Spin|p2a: Gliscor
|-activate|p2a: Gliscor|move: Protect
|
|-heal|p2a: Gliscor|50/100 tox|[from] ability: Poison Heal
|upkeep
|turn|21
|
|t:|1760790090
|move|p2a: Gliscor|Earthquake|p1a: Great Tusk
|-damage|p1a: Great Tusk|25/100
|move|p1a: Great Tusk|Rapid Spin|p2a: Gliscor
|-damage|p2a: Gliscor|39/100 tox
|-boost|p1a: Great Tusk|spe|1
|-sideend|p1: pkmnallrounder|Stealth Rock|[from] move: Rapid Spin|[of] p1a: Great Tusk
|
|-heal|p2a: Gliscor|51/100 tox|[from] ability: Poison Heal
|upkeep
|turn|22
|
|t:|1760790097
|move|p2a: Gliscor|Protect|p2a: Gliscor
|-singleturn|p2a: Gliscor|Protect
|move|p1a: Great Tusk|Ice Spinner|p2a: Gliscor
|-activate|p2a: Gliscor|move: Protect
|
|-heal|p2a: Gliscor|64/100 tox|[from] ability: Poison Heal
|upkeep
|turn|23
|
|t:|1760790106
|switch|p2a: Skarmory|Skarmory, M|100/100
|-damage|p2a: Skarmory|88/100|[from] Stealth Rock
|move|p1a: Great Tusk|Ice Spinner|p2a: Skarmory
|-damage|p2a: Skarmory|71/100
|-damage|p1a: Great Tusk|8/100|[from] item: Rocky Helmet|[of] p2a: Skarmory
|
|upkeep
|turn|24
|
|t:|1760790116
|move|p1a: Great Tusk|Close Combat|p2a: Skarmory
|-damage|p2a: Skarmory|35/100
|-unboost|p1a: Great Tusk|def|1
|-unboost|p1a: Great Tusk|spd|1
|-damage|p1a: Great Tusk|0 fnt|[from] item: Rocky Helmet|[of] p2a: Skarmory
|faint|p1a: Great Tusk
|-end|p1a: Great Tusk|Protosynthesis|[silent]
|move|p2a: Skarmory|Spikes|p1: Great Tusk
|-sidestart|p1: pkmnallrounder|Spikes
|
|upkeep
|
|t:|1760790120
|switch|p1a: Torkoal|Torkoal, M|63/100 tox
|-damage|p1a: Torkoal|51/100 tox|[from] Spikes
|-weather|SunnyDay|[from] ability: Drought|[of] p1a: Torkoal
|turn|25
|
|t:|1760790130
|move|p2a: Skarmory|Brave Bird|p1a: Torkoal
|-damage|p1a: Torkoal|24/100 tox
|-damage|p2a: Skarmory|26/100|[from] Recoil
|move|p1a: Torkoal|Flamethrower|p2a: Skarmory
|-supereffective|p2a: Skarmory
|-damage|p2a: Skarmory|0 fnt
|faint|p2a: Skarmory
|
|-weather|SunnyDay|[upkeep]
|-damage|p1a: Torkoal|18/100 tox|[from] psn
|upkeep
|
|t:|1760790136
|switch|p2a: Clodsire|Clodsire, F, shiny|13/100
|turn|26
|
|t:|1760790146
|move|p1a: Torkoal|Overheat|p2a: Clodsire
|-crit|p2a: Clodsire
|-damage|p2a: Clodsire|0 fnt
|-unboost|p1a: Torkoal|spa|2
|faint|p2a: Clodsire
|
|-weather|SunnyDay|[upkeep]
|-damage|p1a: Torkoal|5/100 tox|[from] psn
|upkeep
|
|t:|1760790153
|switch|p2a: Gliscor|Gliscor, F, shiny|64/100 tox
|-damage|p2a: Gliscor|51/100 tox|[from] Stealth Rock
|turn|27
|
|t:|1760790168
|move|p2a: Gliscor|Protect|p2a: Gliscor
|-singleturn|p2a: Gliscor|Protect
|move|p1a: Torkoal|Flamethrower|p2a: Gliscor
|-activate|p2a: Gliscor|move: Protect
|
|-weather|SunnyDay|[upkeep]
|-heal|p2a: Gliscor|64/100 tox|[from] ability: Poison Heal
|-damage|p1a: Torkoal|0 fnt|[from] psn
|faint|p1a: Torkoal
|upkeep
|
|t:|1760790171
|switch|p1a: Walking Wake|Walking Wake|100/100
|-damage|p1a: Walking Wake|88/100|[from] Spikes
|-activate|p1a: Walking Wake|ability: Protosynthesis
|-start|p1a: Walking Wake|protosynthesisspe
|turn|28
|
|t:|1760790184
|move|p1a: Walking Wake|Hydro Steam|p2a: Gliscor
|-supereffective|p2a: Gliscor
|-damage|p2a: Gliscor|0 fnt
|faint|p2a: Gliscor
|-damage|p1a: Walking Wake|78/100|[from] item: Life Orb
|
|-weather|SunnyDay|[upkeep]
|upkeep
|
|t:|1760790187
|switch|p2a: Darkrai|Darkrai|100/100
|turn|29
|
|t:|1760790200
|-terastallize|p1a: Walking Wake|Water
|move|p1a: Walking Wake|Hydro Steam|p2a: Darkrai
|-damage|p2a: Darkrai|0 fnt
|faint|p2a: Darkrai
|-damage|p1a: Walking Wake|68/100|[from] item: Life Orb
|
|win|pkmnallrounder
|raw|pkmnallrounder's rating: 1228 &rarr; <strong>1257</strong><br />(+29 for winning)
|raw|Scrafty.YN's rating: 1281 &rarr; <strong>1252</strong><br />(-29 for losing)
|l|‽Scrafty.YN
|player|p2|
|l|☆pkmnallrounder
|player|p1|
