|j|☆navigatorxdd
|j|☆RCDB
|t:|1760791461
|gametype|singles
|player|p1|navigatorxdd|170|1310
|player|p2|RCDB|170|1271
|gen|9
|tier|[Gen 9] OU
|rated|
|rule|HP Percentage Mod: HP is shown in percentages
|rule|Endless Battle Clause: Forcing endless battles is banned
|rule|Species Clause: Limit one of each Pokémon
|rule|OHKO Clause: OHKO moves are banned
|rule|Evasion Items Clause: Evasion items are banned
|rule|Evasion Moves Clause: Evasion moves are banned
|rule|Evasion Abilities Clause: Evasion abilities are banned
|rule|Sleep Moves Clause: Sleep-inducing moves are banned
|clearpoke
|poke|p1|Landorus-Therian, M|
|poke|p1|Samurott-Hisui, M|
|poke|p1|Pecharunt|
|poke|p1|Scizor, F|
|poke|p1|Latios, M|
|poke|p1|Zamazenta-*|
|poke|p2|Altaria, F|
|poke|p2|Glimmora, F|
|poke|p2|Cinderace, F|
|poke|p2|Dondozo, M|
|poke|p2|Dragapult, F|
|poke|p2|Metagross|
|teampreview
|inactive|Battle timer is ON: inactive players will automatically lose when time's up. (requested by navigatorxdd)
|
|t:|1760791474
|teamsize|p1|6
|teamsize|p2|6
|start
|switch|p1a: Latios|Latios, M|100/100
|switch|p2a: Altaria|Altaria, F|100/100
|turn|1
|
|t:|1760791480
|move|p1a: Latios|Draco Meteor|p2a: Altaria|[miss]
|-miss|p1a: Latios|p2a: Altaria
|move|p2a: Altaria|Fire Spin|p1a: Latios|[miss]
|-miss|p2a: Altaria|p1a: Latios
|
|upkeep
|turn|2
|
|t:|1760791491
|-terastallize|p2a: Altaria|Fairy
|move|p1a: Latios|Draco Meteor|p2a: Altaria
|-immune|p2a: Altaria
|move|p2a: Altaria|Fire Spin|p1a: Latios
|-resisted|p1a: Latios
|-crit|p1a: Latios
|-damage|p1a: Latios|95/100
|-activate|p1a: Latios|move: Fire Spin|[of] p2a: Altaria
|
|-damage|p1a: Latios|83/100|[from] move: Fire Spin|[partiallytrapped]
|upkeep
|turn|3
|
|t:|1760791498
|move|p1a: Latios|Calm Mind|p1a: Latios
|-boost|p1a: Latios|spa|1
|-boost|p1a: Latios|spd|1
|move|p2a: Altaria|Will-O-Wisp|p1a: Latios
|-status|p1a: Latios|brn
|
|-damage|p1a: Latios|77/100 brn|[from] brn
|-damage|p1a: Latios|65/100 brn|[from] move: Fire Spin|[partiallytrapped]
|upkeep
|turn|4
|
|t:|1760791504
|move|p1a: Latios|Calm Mind|p1a: Latios
|-boost|p1a: Latios|spa|1
|-boost|p1a: Latios|spd|1
|move|p2a: Altaria|Perish Song|p2a: Altaria
|-start|p1a: Latios|perish3|[silent]
|-start|p2a: Altaria|perish3|[silent]
|-fieldactivate|move: Perish Song
|
|-damage|p1a: Latios|59/100 brn|[from] brn
|-damage|p1a: Latios|46/100 brn|[from] move: Fire Spin|[partiallytrapped]
|-start|p1a: Latios|perish3
|-start|p2a: Altaria|perish3
|upkeep
|turn|5
|
|t:|1760791510
|move|p1a: Latios|Psychic Noise|p2a: Altaria
|-damage|p2a: Altaria|41/100
|-start|p2a: Altaria|move: Heal Block
|cant|p2a: Altaria|move: Heal Block|Roost
|
|-damage|p1a: Latios|40/100 brn|[from] brn
|-damage|p1a: Latios|28/100 brn|[from] move: Fire Spin|[partiallytrapped]
|-start|p1a: Latios|perish2
|-start|p2a: Altaria|perish2
|upkeep
|turn|6
|
|t:|1760791522
|move|p1a: Latios|Psychic Noise|p2a: Altaria
|-damage|p2a: Altaria|0 fnt
|faint|p2a: Altaria
|
|-damage|p1a: Latios|22/100 brn|[from] brn
|-end|p1a: Latios|Fire Spin|[partiallytrapped]|[silent]
|-start|p1a: Latios|perish1
|upkeep
|
|t:|1760791532
|switch|p2a: Dragapult|Dragapult, F|100/100
|turn|7
|
|t:|1760791538
|switch|p1a: Landorus|Landorus-Therian, M|100/100
|-ability|p1a: Landorus|Intimidate|boost
|-unboost|p2a: Dragapult|atk|1
|move|p2a: Dragapult|Shadow Ball|p1a: Landorus
|-damage|p1a: Landorus|48/100
|-unboost|p1a: Landorus|spd|1
|
|upkeep
|turn|8
|
|t:|1760791548
|switch|p1a: Samurott|Samurott-Hisui, M|100/100
|move|p2a: Dragapult|Shadow Ball|p1a: Samurott
|-resisted|p1a: Samurott
|-damage|p1a: Samurott|74/100
|
|upkeep
|turn|9
|
|t:|1760791555
|switch|p2a: Dondozo|Dondozo, M|100/100
|move|p1a: Samurott|Ceaseless Edge|p2a: Dondozo
|-damage|p2a: Dondozo|78/100
|-sidestart|p2: RCDB|Spikes
|
|upkeep
|turn|10
|
|t:|1760791562
|move|p1a: Samurott|Knock Off|p2a: Dondozo
|-damage|p2a: Dondozo|54/100
|-enditem|p2a: Dondozo|Chesto Berry|[from] move: Knock Off|[of] p1a: Samurott
|move|p2a: Dondozo|Body Press|p1a: Samurott
|-supereffective|p1a: Samurott
|-damage|p1a: Samurott|6/100
|
|upkeep
|turn|11
|
|t:|1760791570
|switch|p1a: Pecharunt|Pecharunt|100/100
|move|p2a: Dondozo|Liquidation|p1a: Pecharunt
|-damage|p1a: Pecharunt|82/100
|
|upkeep
|turn|12
|
|t:|1760791579
|switch|p2a: Glimmora|Glimmora, F|100/100
|-damage|p2a: Glimmora|88/100|[from] Spikes
|move|p1a: Pecharunt|Parting Shot|p2a: Glimmora
|-unboost|p2a: Glimmora|atk|1
|-unboost|p2a: Glimmora|spa|1
|
|t:|1760791586
|switch|p1a: Latios|Latios, M|22/100 brn|[from] Parting Shot
|
|-damage|p1a: Latios|16/100 brn|[from] brn
|upkeep
|turn|13
|
|t:|1760791590
|switch|p2a: Metagross|Metagross|100/100
|-damage|p2a: Metagross|88/100|[from] Spikes
|move|p1a: Latios|Psychic Noise|p2a: Metagross
|-resisted|p2a: Metagross
|-damage|p2a: Metagross|80/100
|-start|p2a: Metagross|move: Heal Block
|
|-damage|p1a: Latios|10/100 brn|[from] brn
|upkeep
|turn|14
|
|t:|1760791602
|switch|p1a: Pecharunt|Pecharunt|82/100
|move|p2a: Metagross|Bullet Punch|p1a: Pecharunt
|-damage|p1a: Pecharunt|66/100
|
|-end|p2a: Metagross|move: Heal Block
|upkeep
|turn|15
|
|t:|1760791609
|move|p1a: Pecharunt|Recover|p1a: Pecharunt
|-heal|p1a: Pecharunt|100/100
|move|p2a: Metagross|Earthquake|p1a: Pecharunt
|-supereffective|p1a: Pecharunt
|-damage|p1a: Pecharunt|54/100
|
|upkeep
|turn|16
|
|t:|1760791618
|move|p1a: Pecharunt|Recover|p1a: Pecharunt
|-heal|p1a: Pecharunt|100/100
|move|p2a: Metagross|Meteor Mash|p1a: Pecharunt
|-damage|p1a: Pecharunt|70/100
|
|upkeep
|turn|17
|
|t:|1760791627
|move|p1a: Pecharunt|Parting Shot|p2a: Metagross
|-fail|p2a: Metagross|unboost|[from] ability: Clear Body|[of] p2a: Metagross
|move|p2a: Metagross|Meteor Mash|p1a: Pecharunt
|-damage|p1a: Pecharunt|38/100
|
|upkeep
|turn|18
|
|t:|1760791634
|move|p1a: Pecharunt|Recover|p1a: Pecharunt
|-heal|p1a: Pecharunt|88/100
|move|p2a: Metagross|Meteor Mash|p1a: Pecharunt
|-crit|p1a: Pecharunt
|-damage|p1a: Pecharunt|37/100
|
|upkeep
|turn|19
|
|t:|1760791639
|move|p1a: Pecharunt|Recover|p1a: Pecharunt
|-heal|p1a: Pecharunt|88/100
|move|p2a: Metagross|Meteor Mash|p1a: Pecharunt
|-damage|p1a: Pecharunt|58/100
|
|upkeep
|turn|20
|
|t:|1760791647
|switch|p1a: Scizor|Scizor, F|100/100
|move|p2a: Metagross|Meteor Mash|p1a: Scizor|[miss]
|-miss|p2a: Metagross|p1a: Scizor
|
|upkeep
|turn|21
|
|t:|1760791655
|move|p1a: Scizor|Knock Off|p2a: Metagross
|-supereffective|p2a: Metagross
|-damage|p2a: Metagross|27/100
|-enditem|p2a: Metagross|Assault Vest|[from] move: Knock Off|[of] p1a: Scizor
|move|p2a: Metagross|Earthquake|p1a: Scizor
|-crit|p1a: Scizor
|-damage|p1a: Scizor|28/100
|
|upkeep
|turn|22
|
|t:|1760791664
|move|p1a: Scizor|Knock Off|p2a: Metagross
|-supereffective|p2a: Metagross
|-damage|p2a: Metagross|0 fnt
|faint|p2a: Metagross
|
|upkeep
|
|t:|1760791670
|switch|p2a: Glimmora|Glimmora, F|88/100
|-damage|p2a: Glimmora|76/100|[from] Spikes
|turn|23
|
|t:|1760791676
|move|p2a: Glimmora|Spiky Shield|p2a: Glimmora
|-singleturn|p2a: Glimmora|move: Protect
|move|p1a: Scizor|Bullet Punch|p2a: Glimmora
|-activate|p2a: Glimmora|move: Protect
|-damage|p1a: Scizor|15/100|[from] Spiky Shield|[of] p2a: Glimmora
|
|upkeep
|turn|24
|
|t:|1760791681
|move|p1a: Scizor|Bullet Punch|p2a: Glimmora
|-supereffective|p2a: Glimmora
|-damage|p2a: Glimmora|9/100
|-activate|p2a: Glimmora|ability: Toxic Debris
|-sidestart|p1: navigatorxdd|move: Toxic Spikes
|move|p2a: Glimmora|Stealth Rock|p1a: Scizor
|-sidestart|p1: navigatorxdd|move: Stealth Rock
|
|upkeep
|turn|25
|
|t:|1760791690
|move|p2a: Glimmora|Spiky Shield|p2a: Glimmora
|-singleturn|p2a: Glimmora|move: Protect
|move|p1a: Scizor|Bullet Punch|p2a: Glimmora
|-activate|p2a: Glimmora|move: Protect
|-damage|p1a: Scizor|3/100|[from] Spiky Shield|[of] p2a: Glimmora
|
|upkeep
|turn|26
|
|t:|1760791695
|move|p1a: Scizor|Bullet Punch|p2a: Glimmora
|-supereffective|p2a: Glimmora
|-damage|p2a: Glimmora|0 fnt
|-activate|p2a: Glimmora|ability: Toxic Debris
|-sidestart|p1: navigatorxdd|move: Toxic Spikes
|faint|p2a: Glimmora
|
|upkeep
|
|t:|1760791701
|switch|p2a: Dondozo|Dondozo, M|54/100
|-damage|p2a: Dondozo|42/100|[from] Spikes
|turn|27
|
|t:|1760791706
|-terastallize|p1a: Scizor|Electric
|move|p1a: Scizor|Tera Blast|p2a: Dondozo|[anim] Tera Blast Electric
|-supereffective|p2a: Dondozo
|-damage|p2a: Dondozo|1/100
|move|p2a: Dondozo|Body Press|p1a: Scizor
|-damage|p1a: Scizor|0 fnt
|faint|p1a: Scizor
|
|upkeep
|
|t:|1760791713
|switch|p1a: Pecharunt|Pecharunt|58/100
|-sideend|p1: navigatorxdd|move: Toxic Spikes|[of] p1a: Pecharunt
|turn|28
|
|t:|1760791717
|move|p1a: Pecharunt|Malignant Chain|p2a: Dondozo
|-damage|p2a: Dondozo|0 fnt
|faint|p2a: Dondozo
|
|upkeep
|
|t:|1760791724
|switch|p2a: Cinderace|Cinderace, F|100/100
|turn|29
|
|t:|1760791730
|move|p2a: Cinderace|Pyro Ball|p1a: Pecharunt
|-damage|p1a: Pecharunt|26/100
|move|p1a: Pecharunt|Malignant Chain|p2a: Cinderace
|-damage|p2a: Cinderace|57/100
|
|upkeep
|turn|30
|
|t:|1760791736
|move|p2a: Cinderace|U-turn|p1a: Pecharunt
|-start|p2a: Cinderace|typechange|Bug|[from] ability: Libero
|-resisted|p1a: Pecharunt
|-damage|p1a: Pecharunt|21/100
|
|t:|1760791741
|switch|p2a: Dragapult|Dragapult, F|100/100|[from] U-turn
|-damage|p2a: Dragapult|88/100|[from] Spikes
|move|p1a: Pecharunt|Recover|p1a: Pecharunt
|-heal|p1a: Pecharunt|71/100
|
|upkeep
|turn|31
|
|t:|1760791747
|move|p2a: Dragapult|Shadow Ball|p1a: Pecharunt
|-supereffective|p1a: Pecharunt
|-damage|p1a: Pecharunt|0 fnt
|faint|p1a: Pecharunt
|
|upkeep
|
|t:|1760791752
|switch|p1a: Zamazenta|Zamazenta|100/100
|-damage|p1a: Zamazenta|94/100|[from] Stealth Rock
|-ability|p1a: Zamazenta|Dauntless Shield|boost
|-boost|p1a: Zamazenta|def|1
|turn|32
|
|t:|1760791761
|move|p2a: Dragapult|Shadow Ball|p1a: Zamazenta
|-damage|p1a: Zamazenta|47/100
|move|p1a: Zamazenta|Crunch|p2a: Dragapult
|-supereffective|p2a: Dragapult
|-damage|p2a: Dragapult|26/100
|
|-heal|p1a: Zamazenta|53/100|[from] item: Leftovers
|upkeep
|turn|33
|
|t:|1760791769
|move|p2a: Dragapult|Shadow Ball|p1a: Zamazenta
|-damage|p1a: Zamazenta|3/100
|move|p1a: Zamazenta|Crunch|p2a: Dragapult
|-supereffective|p2a: Dragapult
|-damage|p2a: Dragapult|0 fnt
|faint|p2a: Dragapult
|
|-heal|p1a: Zamazenta|10/100|[from] item: Leftovers
|upkeep
|
|t:|1760791774
|switch|p2a: Cinderace|Cinderace, F|57/100
|turn|34
|
|t:|1760791779
|move|p1a: Zamazenta|Body Press|p2a: Cinderace
|-damage|p2a: Cinderace|0 fnt
|faint|p2a: Cinderace
|
|win|navigatorxdd
|raw|navigatorxdd's rating: 1310 &rarr; <strong>1328</strong><br />(+18 for winning)
|raw|RCDB's rating: 1271 &rarr; <strong>1249</strong><br />(-22 for losing)
|l|☆navigatorxdd
|player|p1|
|l|☆RCDB
|player|p2|
