|j|☆accbc
|j|☆namphong2013
|t:|1760866146
|gametype|singles
|player|p1|accbc|101|1113
|player|p2|namphong2013|hilda|1169
|gen|9
|tier|[Gen 9] OU
|rated|
|rule|HP Percentage Mod: HP is shown in percentages
|rule|Endless Battle Clause: Forcing endless battles is banned
|rule|Species Clause: Limit one of each Pokémon
|rule|OHKO Clause: OHKO moves are banned
|rule|Evasion Items Clause: Evasion items are banned
|rule|Evasion Moves Clause: Evasion moves are banned
|rule|Evasion Abilities Clause: Evasion abilities are banned
|rule|Sleep Moves Clause: Sleep-inducing moves are banned
|clearpoke
|poke|p1|Skarmory, F|
|poke|p1|Ambipom, F|
|poke|p1|Weavile, M|
|poke|p1|Galvantula, F|
|poke|p1|Dondozo, F|
|poke|p1|Dragapult, F|
|poke|p2|Dragalge, F|
|poke|p2|Scrafty, M|
|poke|p2|Feraligatr, F|
|poke|p2|Delphox, F|
|poke|p2|Dragonite, M|
|poke|p2|Excadrill, M|
|teampreview
|inactive|Battle timer is ON: inactive players will automatically lose when time's up. (requested by namphong2013)
|
|t:|1760866155
|teamsize|p1|6
|teamsize|p2|6
|start
|switch|p1a: Weavile|Weavile, M, shiny|100/100
|switch|p2a: Excadrill|Excadrill, M|100/100
|-ability|p1a: Weavile|Pressure
|-ability|p2a: Excadrill|Mold Breaker
|turn|1
|
|t:|1760866165
|switch|p1a: Skarmory|Skarmory, F, shiny|100/100
|move|p2a: Excadrill|Rapid Spin|p1a: Skarmory
|-resisted|p1a: Skarmory
|-damage|p1a: Skarmory|94/100
|-boost|p2a: Excadrill|spe|1
|
|-heal|p1a: Skarmory|99/100|[from] item: Leftovers
|upkeep
|turn|2
|
|t:|1760866180
|switch|p2a: Delphox|Delphox, F|100/100
|switch|p1a: Dondozo|Dondozo, F, shiny|100/100
|
|upkeep
|turn|3
|
|t:|1760866194
|move|p2a: Delphox|Solar Beam||[still]
|-prepare|p2a: Delphox|Solar Beam
|-enditem|p2a: Delphox|Power Herb
|-anim|p2a: Delphox|Solar Beam|p1a: Dondozo
|-supereffective|p1a: Dondozo
|-damage|p1a: Dondozo|29/100
|-item|p2a: Delphox|Leftovers|[from] ability: Magician|[of] p1a: Dondozo
|move|p1a: Dondozo|Body Press|p2a: Delphox
|-resisted|p2a: Delphox
|-damage|p2a: Delphox|79/100
|
|-heal|p2a: Delphox|85/100|[from] item: Leftovers
|upkeep
|turn|4
|
|t:|1760866213
|switch|p1a: Galvantula|Galvantula, F, shiny|100/100
|move|p2a: Delphox|Flamethrower|p1a: Galvantula
|-supereffective|p1a: Galvantula
|-damage|p1a: Galvantula|0 fnt
|faint|p1a: Galvantula
|
|-heal|p2a: Delphox|92/100|[from] item: Leftovers
|upkeep
|
|t:|1760866223
|switch|p1a: Ambipom|Ambipom, F, shiny|100/100
|turn|5
|
|t:|1760866232
|switch|p2a: Excadrill|Excadrill, M|100/100
|-ability|p2a: Excadrill|Mold Breaker
|move|p1a: Ambipom|Fake Out|p2a: Excadrill
|-resisted|p2a: Excadrill
|-damage|p2a: Excadrill|77/100
|
|upkeep
|turn|6
|
|t:|1760866248
|switch|p1a: Dragapult|Dragapult, F, shiny|100/100
|move|p2a: Excadrill|Earthquake|p1a: Dragapult
|-damage|p1a: Dragapult|30/100
|
|upkeep
|turn|7
|
|t:|1760866255
|move|p1a: Dragapult|Flamethrower|p2a: Excadrill
|-supereffective|p2a: Excadrill
|-damage|p2a: Excadrill|0 fnt
|faint|p2a: Excadrill
|-damage|p1a: Dragapult|20/100|[from] item: Life Orb
|
|upkeep
|
|t:|1760866261
|switch|p2a: Scrafty|Scrafty, M|100/100
|turn|8
|
|t:|1760866269
|switch|p1a: Skarmory|Skarmory, F, shiny|99/100
|move|p2a: Scrafty|Knock Off|p1a: Skarmory
|-damage|p1a: Skarmory|71/100
|-enditem|p1a: Skarmory|Leftovers|[from] move: Knock Off|[of] p2a: Scrafty
|
|upkeep
|turn|9
|
|t:|1760866276
|move|p2a: Scrafty|Dragon Dance|p2a: Scrafty
|-boost|p2a: Scrafty|atk|1
|-boost|p2a: Scrafty|spe|1
|move|p1a: Skarmory|Stealth Rock|p2a: Scrafty
|-sidestart|p2: namphong2013|move: Stealth Rock
|
|upkeep
|turn|10
|
|t:|1760866283
|move|p2a: Scrafty|Dragon Dance|p2a: Scrafty
|-boost|p2a: Scrafty|atk|1
|-boost|p2a: Scrafty|spe|1
|move|p1a: Skarmory|Brave Bird|p2a: Scrafty
|-supereffective|p2a: Scrafty
|-damage|p2a: Scrafty|11/100
|-damage|p1a: Skarmory|41/100|[from] Recoil
|
|upkeep
|turn|11
|
|t:|1760866291
|move|p2a: Scrafty|Drain Punch|p1a: Skarmory
|-damage|p1a: Skarmory|0 fnt
|-heal|p2a: Scrafty|32/100|[from] drain|[of] p1a: Skarmory
|faint|p1a: Skarmory
|-ability|p2a: Scrafty|Moxie|boost
|-boost|p2a: Scrafty|atk|1
|
|upkeep
|
|t:|1760866301
|switch|p1a: Weavile|Weavile, M, shiny|100/100
|-ability|p1a: Weavile|Pressure
|turn|12
|
|t:|1760866307
|move|p1a: Weavile|Ice Shard|p2a: Scrafty
|-damage|p2a: Scrafty|1/100
|-damage|p1a: Weavile|91/100|[from] item: Life Orb
|move|p2a: Scrafty|Drain Punch|p1a: Weavile
|-supereffective|p1a: Weavile
|-damage|p1a: Weavile|0 fnt
|-heal|p2a: Scrafty|48/100|[from] drain|[of] p1a: Weavile
|faint|p1a: Weavile
|-ability|p2a: Scrafty|Moxie|boost
|-boost|p2a: Scrafty|atk|1
|
|upkeep
|
|t:|1760866319
|switch|p1a: Ambipom|Ambipom, F, shiny|100/100
|turn|13
|
|t:|1760866325
|-terastallize|p1a: Ambipom|Normal
|move|p1a: Ambipom|Fake Out|p2a: Scrafty
|-damage|p2a: Scrafty|2/100
|cant|p2a: Scrafty|flinch
|
|upkeep
|turn|14
|
|t:|1760866332
|move|p1a: Ambipom|Fake Out||[still]
|-hint|Fake Out only works on your first turn out.
|-fail|p1a: Ambipom
|move|p2a: Scrafty|Drain Punch|p1a: Ambipom
|-supereffective|p1a: Ambipom
|-damage|p1a: Ambipom|0 fnt
|-heal|p2a: Scrafty|56/100|[from] drain|[of] p1a: Ambipom
|faint|p1a: Ambipom
|-ability|p2a: Scrafty|Moxie|boost
|-boost|p2a: Scrafty|atk|1
|
|upkeep
|-message|accbc forfeited.
|
|win|namphong2013
|raw|accbc's rating: 1113 &rarr; <strong>1092</strong><br />(-21 for losing)
|raw|namphong2013's rating: 1169 &rarr; <strong>1190</strong><br />(+21 for winning)
|l|☆accbc
|player|p1|
|l|☆namphong2013
|player|p2|
|j|☆accbc
|player|p1|accbc|101|
|l|☆accbc
|player|p1|
