|j|☆1p2o3i4u5y
|j|☆bworkbwork
|t:|1760737696
|gametype|singles
|player|p1|1p2o3i4u5y|iono|1150
|player|p2|bworkbwork|colress|1103
|gen|9
|tier|[Gen 9] OU
|rated|
|rule|HP Percentage Mod: HP is shown in percentages
|rule|Endless Battle Clause: Forcing endless battles is banned
|rule|Species Clause: Limit one of each Pokémon
|rule|OHKO Clause: OHKO moves are banned
|rule|Evasion Items Clause: Evasion items are banned
|rule|Evasion Moves Clause: Evasion moves are banned
|rule|Evasion Abilities Clause: Evasion abilities are banned
|rule|Sleep Moves Clause: Sleep-inducing moves are banned
|clearpoke
|poke|p1|Dragapult, M|
|poke|p1|Great Tusk|
|poke|p1|Araquanid, F|
|poke|p1|Gliscor, F|
|poke|p1|Gholdengo|
|poke|p1|Blaziken, F|
|poke|p2|Dragapult, F|
|poke|p2|Minior-Indigo|
|poke|p2|Polteageist|
|poke|p2|Glastrier|
|poke|p2|Dachsbun, F|
|poke|p2|Zapdos-Galar|
|teampreview
|
|t:|1760737711
|teamsize|p1|6
|teamsize|p2|6
|start
|switch|p1a: Araquanid|Araquanid, F|100/100
|switch|p2a: Before you go|Minior-Indigo, shiny|100/100
|-formechange|p2a: Before you go|Minior-Meteor||[from] ability: Shields Down
|turn|1
|
|t:|1760737718
|move|p2a: Before you go|Stealth Rock|p1a: Araquanid
|-sidestart|p1: 1p2o3i4u5y|move: Stealth Rock
|move|p1a: Araquanid|Sticky Web|p2a: Before you go
|-sidestart|p2: bworkbwork|move: Sticky Web
|
|upkeep
|turn|2
|
|t:|1760737724
|move|p2a: Before you go|Explosion|p1a: Araquanid
|-damage|p1a: Araquanid|45/100
|faint|p2a: Before you go
|move|p1a: Araquanid|Liquidation|p2: Before you go|[notarget]
|-fail|p1a: Araquanid
|
|upkeep
|
|t:|1760737733
|switch|p2a: Wisp u were here|Dragapult, F|100/100
|-activate|p2a: Wisp u were here|move: Sticky Web
|-fail|p2a: Wisp u were here|unboost|[from] ability: Clear Body|[of] p2a: Wisp u were here
|turn|3
|
|t:|1760737740
|move|p2a: Wisp u were here|Dragon Darts|p1a: Araquanid
|-damage|p1a: Araquanid|7/100
|-anim|p2a: Wisp u were here|Dragon Darts|p1a: Araquanid
|-damage|p1a: Araquanid|0 fnt
|faint|p1a: Araquanid
|
|upkeep
|
|t:|1760737756
|switch|p1a: Gliscor|Gliscor, F|100/100
|-damage|p1a: Gliscor|88/100|[from] Stealth Rock
|turn|4
|
|t:|1760737761
|move|p1a: Gliscor|Protect|p1a: Gliscor
|-singleturn|p1a: Gliscor|Protect
|move|p2a: Wisp u were here|Dragon Dance|p2a: Wisp u were here
|-boost|p2a: Wisp u were here|atk|1
|-boost|p2a: Wisp u were here|spe|1
|
|-status|p1a: Gliscor|tox|[from] item: Toxic Orb
|upkeep
|turn|5
|
|t:|1760737766
|move|p2a: Wisp u were here|Dragon Dance|p2a: Wisp u were here
|-boost|p2a: Wisp u were here|atk|1
|-boost|p2a: Wisp u were here|spe|1
|move|p1a: Gliscor|Knock Off|p2a: Wisp u were here
|-supereffective|p2a: Wisp u were here
|-damage|p2a: Wisp u were here|32/100
|-enditem|p2a: Wisp u were here|Dragon Fang|[from] move: Knock Off|[of] p1a: Gliscor
|
|-heal|p1a: Gliscor|100/100 tox|[from] ability: Poison Heal
|upkeep
|turn|6
|
|t:|1760737773
|move|p2a: Wisp u were here|Dragon Darts|p1a: Gliscor
|-damage|p1a: Gliscor|59/100 tox
|-anim|p2a: Wisp u were here|Dragon Darts|p1a: Gliscor
|-damage|p1a: Gliscor|21/100 tox
|move|p1a: Gliscor|Knock Off|p2a: Wisp u were here
|-supereffective|p2a: Wisp u were here
|-damage|p2a: Wisp u were here|0 fnt
|faint|p2a: Wisp u were here
|
|-heal|p1a: Gliscor|33/100 tox|[from] ability: Poison Heal
|upkeep
|
|t:|1760737779
|switch|p2a: Zapdos|Zapdos-Galar|100/100
|turn|7
|inactive|Battle timer is ON: inactive players will automatically lose when time's up. (requested by bworkbwork)
|
|t:|1760737786
|move|p1a: Gliscor|Protect|p1a: Gliscor
|-singleturn|p1a: Gliscor|Protect
|move|p2a: Zapdos|Brave Bird|p1a: Gliscor
|-activate|p1a: Gliscor|move: Protect
|
|-heal|p1a: Gliscor|45/100 tox|[from] ability: Poison Heal
|upkeep
|turn|8
|
|t:|1760737791
|move|p2a: Zapdos|Brave Bird|p1a: Gliscor
|-damage|p1a: Gliscor|4/100 tox
|-damage|p2a: Zapdos|85/100|[from] Recoil
|-heal|p2a: Zapdos|91/100|[from] item: Shell Bell|[of] p1a: Gliscor
|move|p1a: Gliscor|Knock Off|p2a: Zapdos
|-resisted|p2a: Zapdos
|-damage|p2a: Zapdos|78/100
|-enditem|p2a: Zapdos|Shell Bell|[from] move: Knock Off|[of] p1a: Gliscor
|
|-heal|p1a: Gliscor|16/100 tox|[from] ability: Poison Heal
|upkeep
|turn|9
|
|t:|1760737801
|move|p1a: Gliscor|Protect|p1a: Gliscor
|-singleturn|p1a: Gliscor|Protect
|move|p2a: Zapdos|Brave Bird|p1a: Gliscor
|-activate|p1a: Gliscor|move: Protect
|
|-heal|p1a: Gliscor|28/100 tox|[from] ability: Poison Heal
|upkeep
|turn|10
|
|t:|1760737813
|move|p2a: Zapdos|Brave Bird|p1a: Gliscor
|-damage|p1a: Gliscor|0 fnt
|faint|p1a: Gliscor
|-damage|p2a: Zapdos|68/100|[from] Recoil
|
|upkeep
|
|t:|1760737823
|switch|p1a: Blaziken|Blaziken, F|100/100
|-damage|p1a: Blaziken|88/100|[from] Stealth Rock
|turn|11
|
|t:|1760737827
|move|p1a: Blaziken|Endure|p1a: Blaziken
|-singleturn|p1a: Blaziken|move: Endure
|move|p2a: Zapdos|Brave Bird|p1a: Blaziken
|-supereffective|p1a: Blaziken
|-activate|p1a: Blaziken|move: Endure
|-damage|p1a: Blaziken|1/100
|-enditem|p1a: Blaziken|Liechi Berry|[eat]
|-boost|p1a: Blaziken|atk|1|[from] item: Liechi Berry
|-damage|p2a: Zapdos|41/100|[from] Recoil
|
|-ability|p1a: Blaziken|Speed Boost|boost
|-boost|p1a: Blaziken|spe|1
|upkeep
|turn|12
|
|t:|1760737830
|move|p1a: Blaziken|Reversal|p2a: Zapdos
|-resisted|p2a: Zapdos
|-damage|p2a: Zapdos|0 fnt
|faint|p2a: Zapdos
|
|-ability|p1a: Blaziken|Speed Boost|boost
|-boost|p1a: Blaziken|spe|1
|upkeep
|
|t:|1760737832
|switch|p2a: Dachsbun|Dachsbun, F, shiny|100/100
|-activate|p2a: Dachsbun|move: Sticky Web
|-unboost|p2a: Dachsbun|spe|1
|turn|13
|
|t:|1760737835
|-terastallize|p1a: Blaziken|Fighting
|move|p1a: Blaziken|Reversal|p2a: Dachsbun
|-resisted|p2a: Dachsbun
|-damage|p2a: Dachsbun|18/100
|move|p2a: Dachsbun|Body Slam|p1a: Blaziken
|-damage|p1a: Blaziken|0 fnt
|faint|p1a: Blaziken
|
|-heal|p2a: Dachsbun|24/100|[from] item: Leftovers
|upkeep
|
|t:|1760737846
|switch|p1a: Gholdengo|Gholdengo|100/100
|-damage|p1a: Gholdengo|94/100|[from] Stealth Rock
|turn|14
|
|t:|1760737852
|move|p1a: Gholdengo|Make It Rain|p2a: Dachsbun
|-supereffective|p2a: Dachsbun
|-damage|p2a: Dachsbun|0 fnt
|-unboost|p1a: Gholdengo|spa|1
|faint|p2a: Dachsbun
|
|upkeep
|
|t:|1760737868
|switch|p2a: Smashin n Crashin|Polteageist|100/100
|-activate|p2a: Smashin n Crashin|move: Sticky Web
|-unboost|p2a: Smashin n Crashin|spe|1
|turn|15
|
|t:|1760737875
|switch|p1a: Dragapult|Dragapult, M|100/100
|move|p2a: Smashin n Crashin|Calm Mind|p2a: Smashin n Crashin
|-boost|p2a: Smashin n Crashin|spa|1
|-boost|p2a: Smashin n Crashin|spd|1
|
|upkeep
|turn|16
|
|t:|1760737890
|move|p1a: Dragapult|Will-O-Wisp|p2a: Smashin n Crashin
|-status|p2a: Smashin n Crashin|brn
|move|p2a: Smashin n Crashin|Curse|p1a: Dragapult
|-start|p1a: Dragapult|Curse|[of] p2a: Smashin n Crashin
|-damage|p2a: Smashin n Crashin|50/100 brn
|
|-heal|p2a: Smashin n Crashin|57/100 brn|[from] item: Leftovers
|-damage|p2a: Smashin n Crashin|50/100 brn|[from] brn
|-damage|p1a: Dragapult|76/100|[from] Curse
|upkeep
|turn|17
|
|t:|1760737895
|move|p1a: Dragapult|Hex|p2a: Smashin n Crashin
|-supereffective|p2a: Smashin n Crashin
|-damage|p2a: Smashin n Crashin|0 fnt
|faint|p2a: Smashin n Crashin
|
|-damage|p1a: Dragapult|51/100|[from] Curse
|upkeep
|
|t:|1760737897
|switch|p2a: Glasstrier|Glastrier|100/100
|-activate|p2a: Glasstrier|move: Sticky Web
|-unboost|p2a: Glasstrier|spe|1
|turn|18
|
|t:|1760737904
|-terastallize|p2a: Glasstrier|Fire
|move|p1a: Dragapult|Will-O-Wisp|p2a: Glasstrier
|-immune|p2a: Glasstrier
|move|p2a: Glasstrier|Trailblaze|p1a: Dragapult
|-resisted|p1a: Dragapult
|-damage|p1a: Dragapult|38/100
|-boost|p2a: Glasstrier|spe|1
|
|-damage|p1a: Dragapult|13/100|[from] Curse
|upkeep
|turn|19
|
|t:|1760737910
|move|p1a: Dragapult|Hex|p2a: Glasstrier
|-damage|p2a: Glasstrier|80/100
|move|p2a: Glasstrier|Trailblaze|p1a: Dragapult
|-resisted|p1a: Dragapult
|-damage|p1a: Dragapult|0 fnt
|-boost|p2a: Glasstrier|spe|1
|faint|p1a: Dragapult
|-ability|p2a: Glasstrier|Chilling Neigh|boost
|-boost|p2a: Glasstrier|atk|1
|
|-heal|p2a: Glasstrier|86/100|[from] item: Leftovers
|upkeep
|
|t:|1760737913
|switch|p1a: Gholdengo|Gholdengo|94/100
|-damage|p1a: Gholdengo|88/100|[from] Stealth Rock
|turn|20
|
|t:|1760737920
|move|p1a: Gholdengo|Focus Blast|p2a: Glasstrier
|-damage|p2a: Glasstrier|49/100
|move|p2a: Glasstrier|Trailblaze|p1a: Gholdengo
|-resisted|p1a: Gholdengo
|-damage|p1a: Gholdengo|74/100
|-boost|p2a: Glasstrier|spe|1
|
|-heal|p2a: Glasstrier|55/100|[from] item: Leftovers
|upkeep
|turn|21
|
|t:|1760737926
|move|p2a: Glasstrier|High Horsepower|p1a: Gholdengo
|-supereffective|p1a: Gholdengo
|-damage|p1a: Gholdengo|0 fnt
|faint|p1a: Gholdengo
|-ability|p2a: Glasstrier|Chilling Neigh|boost
|-boost|p2a: Glasstrier|atk|1
|
|-heal|p2a: Glasstrier|62/100|[from] item: Leftovers
|upkeep
|
|t:|1760737928
|switch|p1a: Great Tusk|Great Tusk|100/100
|-damage|p1a: Great Tusk|98/100|[from] Stealth Rock
|turn|22
|
|t:|1760737932
|move|p2a: Glasstrier|Icicle Crash|p1a: Great Tusk
|-supereffective|p1a: Great Tusk
|-damage|p1a: Great Tusk|0 fnt
|faint|p1a: Great Tusk
|-end|p1a: Great Tusk|Protosynthesis|[silent]
|
|win|bworkbwork
|raw|1p2o3i4u5y's rating: 1150 &rarr; <strong>1122</strong><br />(-28 for losing)
|raw|bworkbwork's rating: 1103 &rarr; <strong>1131</strong><br />(+28 for winning)
