|j|☆420Pimmelberger
|j|☆WarwickCorvette
|t:|1760777789
|gametype|singles
|player|p1|420Pimmelberger|265|1147
|player|p2|WarwickCorvette|102|1224
|gen|9
|tier|[Gen 9] OU
|rated|
|rule|HP Percentage Mod: HP is shown in percentages
|rule|Endless Battle Clause: Forcing endless battles is banned
|rule|Species Clause: Limit one of each Pokémon
|rule|OHKO Clause: OHKO moves are banned
|rule|Evasion Items Clause: Evasion items are banned
|rule|Evasion Moves Clause: Evasion moves are banned
|rule|Evasion Abilities Clause: Evasion abilities are banned
|rule|Sleep Moves Clause: Sleep-inducing moves are banned
|clearpoke
|poke|p1|Conkeldurr, F|
|poke|p1|Porygon-Z|
|poke|p1|Gyarados, F|
|poke|p1|Magnezone|
|poke|p1|Muk-Alola, F|
|poke|p1|Dusknoir, F|
|poke|p2|Magnezone|
|poke|p2|Salamence, M|
|poke|p2|Dragapult, F|
|poke|p2|Iron Moth|
|poke|p2|Ninetales-Alola, M|
|poke|p2|Mamoswine, M|
|teampreview
|inactive|Battle timer is ON: inactive players will automatically lose when time's up. (requested by WarwickCorvette)
|inactive|WarwickCorvette has 120 seconds left.
|
|t:|1760777833
|teamsize|p1|6
|teamsize|p2|6
|start
|switch|p1a: Backwards|Muk-Alola, F|100/100
|switch|p2a: Mamoswine|Mamoswine, M|100/100
|turn|1
|
|t:|1760777857
|switch|p1a: Mr Worldwide|Gyarados, F|100/100
|move|p2a: Mamoswine|Trailblaze|p1a: Mr Worldwide
|-damage|p1a: Mr Worldwide|79/100
|-boost|p2a: Mamoswine|spe|1
|
|-heal|p1a: Mr Worldwide|85/100|[from] item: Leftovers
|upkeep
|turn|2
|
|t:|1760777871
|move|p2a: Mamoswine|Icicle Crash|p1a: Mr Worldwide
|-damage|p1a: Mr Worldwide|28/100
|move|p1a: Mr Worldwide|Substitute|p1a: Mr Worldwide
|-start|p1a: Mr Worldwide|Substitute
|-damage|p1a: Mr Worldwide|3/100
|
|-heal|p1a: Mr Worldwide|9/100|[from] item: Leftovers
|upkeep
|turn|3
|inactive|420Pimmelberger has 120 seconds left.
|
|t:|1760777895
|move|p2a: Mamoswine|Icicle Crash|p1a: Mr Worldwide
|-end|p1a: Mr Worldwide|Substitute
|move|p1a: Mr Worldwide|Waterfall|p2a: Mamoswine
|-supereffective|p2a: Mamoswine
|-damage|p2a: Mamoswine|6/100
|
|-heal|p1a: Mr Worldwide|15/100|[from] item: Leftovers
|upkeep
|turn|4
|inactive|420Pimmelberger has 120 seconds left.
|
|t:|1760777918
|switch|p1a: Backwards|Muk-Alola, F|100/100
|move|p2a: Mamoswine|Icicle Crash|p1a: Backwards
|-damage|p1a: Backwards|52/100
|
|-heal|p1a: Backwards|58/100|[from] item: Leftovers
|upkeep
|turn|5
|
|t:|1760777928
|move|p2a: Mamoswine|Ice Shard|p1a: Backwards
|-damage|p1a: Backwards|37/100
|move|p1a: Backwards|Knock Off|p2a: Mamoswine
|-damage|p2a: Mamoswine|0 fnt
|-enditem|p2a: Mamoswine|Focus Sash|[from] move: Knock Off|[of] p1a: Backwards
|faint|p2a: Mamoswine
|
|-heal|p1a: Backwards|43/100|[from] item: Leftovers
|upkeep
|inactive|WarwickCorvette has 120 seconds left.
|
|t:|1760777955
|switch|p2a: Iron Moth|Iron Moth|100/100
|-enditem|p2a: Iron Moth|Booster Energy
|-activate|p2a: Iron Moth|ability: Quark Drive|[fromitem]
|-start|p2a: Iron Moth|quarkdrivespa
|turn|6
|inactive|420Pimmelberger has 120 seconds left.
|inactive|420Pimmelberger has 90 seconds left.
|
|t:|1760777997
|switch|p1a: Geoffrey|Dusknoir, F|100/100
|move|p2a: Iron Moth|Fiery Dance|p1a: Geoffrey
|-damage|p1a: Geoffrey|54/100
|-boost|p2a: Iron Moth|spa|1
|
|upkeep
|turn|7
|inactive|420Pimmelberger has 90 seconds left.
|
|t:|1760778011
|move|p2a: Iron Moth|Fiery Dance|p1a: Geoffrey
|-crit|p1a: Geoffrey
|-damage|p1a: Geoffrey|0 fnt
|faint|p1a: Geoffrey
|
|upkeep
|-message|420Pimmelberger forfeited.
|
|win|WarwickCorvette
|raw|420Pimmelberger's rating: 1147 &rarr; <strong>1127</strong><br />(-20 for losing)
|raw|WarwickCorvette's rating: 1224 &rarr; <strong>1244</strong><br />(+20 for winning)
|l|☆420Pimmelberger
|player|p1|
|l|☆WarwickCorvette
|player|p2|
