|j|☆wangischangis
|j|☆fgnhfgthr
|t:|1760847467
|gametype|singles
|player|p1|wangischangis|170|1108
|player|p2|fgnhfgthr|169|1102
|gen|9
|tier|[Gen 9] OU
|rated|
|rule|HP Percentage Mod: HP is shown in percentages
|rule|Endless Battle Clause: Forcing endless battles is banned
|rule|Species Clause: Limit one of each Pokémon
|rule|OHKO Clause: OHKO moves are banned
|rule|Evasion Items Clause: Evasion items are banned
|rule|Evasion Moves Clause: Evasion moves are banned
|rule|Evasion Abilities Clause: Evasion abilities are banned
|rule|Sleep Moves Clause: Sleep-inducing moves are banned
|clearpoke
|poke|p1|Alomomola, M|
|poke|p1|Scizor, F|
|poke|p1|Incineroar, M|
|poke|p1|Porygon2|
|poke|p1|Glimmora, F|
|poke|p1|Gliscor, F|
|poke|p2|Cinderace, M|
|poke|p2|Garganacl, M|
|poke|p2|Great Tusk|
|poke|p2|Goodra-Hisui, F|
|poke|p2|Vikavolt, M|
|poke|p2|Iron Leaves|
|teampreview
|inactive|Battle timer is ON: inactive players will automatically lose when time's up. (requested by fgnhfgthr)
|inactive|wangischangis has 120 seconds left.
|
|t:|1760847499
|teamsize|p1|6
|teamsize|p2|6
|start
|switch|p1a: Gliscor|Gliscor, F|100/100
|switch|p2a: Kraven|Great Tusk|100/100
|-enditem|p2a: Kraven|Booster Energy
|-activate|p2a: Kraven|ability: Protosynthesis|[fromitem]
|-start|p2a: Kraven|protosynthesisatk
|turn|1
|
|t:|1760847503
|move|p2a: Kraven|Ice Spinner|p1a: Gliscor
|-supereffective|p1a: Gliscor
|-damage|p1a: Gliscor|0 fnt
|faint|p1a: Gliscor
|
|upkeep
|
|t:|1760847512
|switch|p1a: Scizor|Scizor, F|100/100
|turn|2
|
|t:|1760847515
|move|p2a: Kraven|Close Combat|p1a: Scizor
|-damage|p1a: Scizor|20/100
|-unboost|p2a: Kraven|def|1
|-unboost|p2a: Kraven|spd|1
|move|p1a: Scizor|Trailblaze|p2a: Kraven
|-supereffective|p2a: Kraven
|-damage|p2a: Kraven|44/100
|-boost|p1a: Scizor|spe|1
|
|upkeep
|turn|3
|
|t:|1760847521
|-end|p2a: Kraven|Protosynthesis|[silent]
|switch|p2a: Vulture|Cinderace, M|100/100
|move|p1a: Scizor|Trailblaze|p2a: Vulture
|-resisted|p2a: Vulture
|-damage|p2a: Vulture|79/100
|-boost|p1a: Scizor|spe|1
|
|upkeep
|turn|4
|
|t:|1760847525
|switch|p1a: Incineroar|Incineroar, M|100/100
|-ability|p1a: Incineroar|Intimidate|boost
|-unboost|p2a: Vulture|atk|1
|move|p2a: Vulture|Sucker Punch||[still]
|-fail|p2a: Vulture
|
|upkeep
|turn|5
|
|t:|1760847533
|switch|p2a: Sandman|Garganacl, M|100/100
|move|p1a: Incineroar|Fake Out|p2a: Sandman
|-resisted|p2a: Sandman
|-damage|p2a: Sandman|97/100
|
|-heal|p2a: Sandman|100/100|[from] item: Leftovers
|upkeep
|turn|6
|
|t:|1760847537
|switch|p2a: Kraven|Great Tusk|44/100
|move|p1a: Incineroar|Knock Off|p2a: Kraven
|-resisted|p2a: Kraven
|-damage|p2a: Kraven|31/100
|
|upkeep
|turn|7
|
|t:|1760847547
|switch|p1a: Alomomola|Alomomola, M|100/100
|move|p2a: Kraven|Close Combat|p1a: Alomomola
|-damage|p1a: Alomomola|54/100
|-unboost|p2a: Kraven|def|1
|-unboost|p2a: Kraven|spd|1
|-enditem|p1a: Alomomola|Eject Button
|
|t:|1760847555
|switch|p1a: Incineroar|Incineroar, M|100/100
|-ability|p1a: Incineroar|Intimidate|boost
|-unboost|p2a: Kraven|atk|1
|
|upkeep
|turn|8
|
|t:|1760847558
|-end|p2a: Kraven|Protosynthesis|[silent]
|switch|p2a: Vulture|Cinderace, M|79/100
|move|p1a: Incineroar|Fake Out|p2a: Vulture
|-damage|p2a: Vulture|60/100
|
|upkeep
|turn|9
|
|t:|1760847565
|move|p2a: Vulture|U-turn|p1a: Incineroar
|-start|p2a: Vulture|typechange|Bug|[from] ability: Libero
|-damage|p1a: Incineroar|69/100
|
|t:|1760847568
|switch|p2a: Kraven|Great Tusk|31/100|[from] U-turn
|move|p1a: Incineroar|Knock Off|p2a: Kraven
|-resisted|p2a: Kraven
|-damage|p2a: Kraven|18/100
|
|-heal|p1a: Incineroar|75/100|[from] item: Leftovers
|upkeep
|turn|10
|
|t:|1760847574
|switch|p1a: Alomomola|Alomomola, M|87/100
|move|p2a: Kraven|Close Combat|p1a: Alomomola
|-damage|p1a: Alomomola|39/100
|-unboost|p2a: Kraven|def|1
|-unboost|p2a: Kraven|spd|1
|
|upkeep
|turn|11
|
|t:|1760847579
|move|p1a: Alomomola|Protect|p1a: Alomomola
|-singleturn|p1a: Alomomola|Protect
|move|p2a: Kraven|Close Combat|p1a: Alomomola
|-activate|p1a: Alomomola|move: Protect
|
|upkeep
|turn|12
|
|t:|1760847584
|switch|p1a: Glimmora|Glimmora, F|100/100
|move|p2a: Kraven|Close Combat|p1a: Glimmora
|-crit|p1a: Glimmora
|-damage|p1a: Glimmora|1/100
|-unboost|p2a: Kraven|def|1
|-unboost|p2a: Kraven|spd|1
|-activate|p1a: Glimmora|ability: Toxic Debris
|-sidestart|p2: fgnhfgthr|move: Toxic Spikes
|
|upkeep
|turn|13
|
|t:|1760847593
|move|p2a: Kraven|Rapid Spin|p1a: Glimmora
|-resisted|p1a: Glimmora
|-crit|p1a: Glimmora
|-damage|p1a: Glimmora|0 fnt
|-boost|p2a: Kraven|spe|1
|-activate|p1a: Glimmora|ability: Toxic Debris
|-sidestart|p2: fgnhfgthr|move: Toxic Spikes
|-sideend|p2: fgnhfgthr|Toxic Spikes|[from] move: Rapid Spin|[of] p2a: Kraven
|faint|p1a: Glimmora
|
|upkeep
|
|t:|1760847596
|switch|p1a: Incineroar|Incineroar, M|75/100
|-ability|p1a: Incineroar|Intimidate|boost
|-unboost|p2a: Kraven|atk|1
|turn|14
|
|t:|1760847605
|move|p1a: Incineroar|Fake Out|p2a: Kraven
|-damage|p2a: Kraven|0 fnt
|faint|p2a: Kraven
|-end|p2a: Kraven|Protosynthesis|[silent]
|
|-heal|p1a: Incineroar|81/100|[from] item: Leftovers
|upkeep
|
|t:|1760847611
|switch|p2a: Vulture|Cinderace, M|60/100
|turn|15
|
|t:|1760847615
|move|p2a: Vulture|High Jump Kick|p1a: Incineroar
|-start|p2a: Vulture|typechange|Fighting|[from] ability: Libero
|-supereffective|p1a: Incineroar
|-damage|p1a: Incineroar|0 fnt
|faint|p1a: Incineroar
|
|upkeep
|
|t:|1760847624
|switch|p1a: Alomomola|Alomomola, M|73/100
|turn|16
|
|t:|1760847627
|move|p2a: Vulture|U-turn|p1a: Alomomola
|-damage|p1a: Alomomola|59/100
|
|t:|1760847629
|switch|p2a: Electro|Vikavolt, M|100/100|[from] U-turn
|move|p1a: Alomomola|Wish|p1a: Alomomola
|
|upkeep
|turn|17
|
|t:|1760847634
|switch|p1a: Scizor|Scizor, F|20/100
|move|p2a: Electro|Thunderbolt|p1a: Scizor
|-damage|p1a: Scizor|0 fnt
|faint|p1a: Scizor
|
|upkeep
|
|t:|1760847638
|switch|p1a: Porygon2|Porygon2|100/100
|-ability|p1a: Porygon2|Download|boost
|-boost|p1a: Porygon2|spa|1
|turn|18
|
|t:|1760847642
|switch|p2a: Sandman|Garganacl, M|100/100
|move|p1a: Porygon2|Ice Beam|p2a: Sandman
|-damage|p2a: Sandman|63/100
|
|-heal|p2a: Sandman|69/100|[from] item: Leftovers
|upkeep
|turn|19
|
|t:|1760847646
|-terastallize|p1a: Porygon2|Ground
|move|p1a: Porygon2|Tera Blast|p2a: Sandman|[anim] Tera Blast Ground
|-supereffective|p2a: Sandman
|-damage|p2a: Sandman|0 fnt
|faint|p2a: Sandman
|
|upkeep
|
|t:|1760847650
|switch|p2a: Mysterio|Iron Leaves|100/100
|turn|20
|
|t:|1760847655
|-terastallize|p2a: Mysterio|Electric
|move|p2a: Mysterio|Swords Dance|p2a: Mysterio
|-boost|p2a: Mysterio|atk|2
|move|p1a: Porygon2|Trick Room|p1a: Porygon2
|-fieldstart|move: Trick Room|[of] p1a: Porygon2
|
|upkeep
|turn|21
|
|t:|1760847658
|move|p1a: Porygon2|Tera Blast|p2a: Mysterio|[anim] Tera Blast Ground
|-supereffective|p2a: Mysterio
|-damage|p2a: Mysterio|1/100
|move|p2a: Mysterio|Leaf Blade|p1a: Porygon2
|-supereffective|p1a: Porygon2
|-damage|p1a: Porygon2|0 fnt
|faint|p1a: Porygon2
|-damage|p2a: Mysterio|0 fnt|[from] item: Life Orb
|faint|p2a: Mysterio
|-end|p2a: Mysterio|Quark Drive|[silent]
|
|upkeep
|
|t:|1760847665
|switch|p1a: Alomomola|Alomomola, M|92/100
|switch|p2a: Electro|Vikavolt, M|100/100
|turn|22
|
|t:|1760847668
|move|p2a: Electro|Thunderbolt|p1a: Alomomola
|-supereffective|p1a: Alomomola
|-damage|p1a: Alomomola|0 fnt
|faint|p1a: Alomomola
|
|win|fgnhfgthr
|raw|wangischangis's rating: 1108 &rarr; <strong>1084</strong><br />(-24 for losing)
|raw|fgnhfgthr's rating: 1123 &rarr; <strong>1147</strong><br />(+24 for winning)
|l|☆wangischangis
|player|p1|
|l|☆fgnhfgthr
|player|p2|
