|j|☆HZBKAI10
|j|☆lousiv
|t:|1760856541
|gametype|singles
|player|p1|HZBKAI10|1|1077
|player|p2|lousiv|ltsurge|1111
|gen|9
|tier|[Gen 9] OU
|rated|
|rule|HP Percentage Mod: HP is shown in percentages
|rule|Endless Battle Clause: Forcing endless battles is banned
|rule|Species Clause: Limit one of each Pokémon
|rule|OHKO Clause: OHKO moves are banned
|rule|Evasion Items Clause: Evasion items are banned
|rule|Evasion Moves Clause: Evasion moves are banned
|rule|Evasion Abilities Clause: Evasion abilities are banned
|rule|Sleep Moves Clause: Sleep-inducing moves are banned
|clearpoke
|poke|p1|Iron Crown|
|poke|p1|Primarina, F|
|poke|p1|Toedscruel, F|
|poke|p1|Walking Wake|
|poke|p1|Heatran, F|
|poke|p1|Dragonite, M|
|poke|p2|Krookodile, F|
|poke|p2|Azumarill, F|
|poke|p2|Heracross, F|
|poke|p2|Hoopa-Unbound|
|poke|p2|Cacturne, M|
|poke|p2|Chandelure, F|
|teampreview
|inactive|Battle timer is ON: inactive players will automatically lose when time's up. (requested by lousiv)
|
|t:|1760856546
|teamsize|p1|6
|teamsize|p2|6
|start
|switch|p1a: Primarina|Primarina, F|100/100
|switch|p2a: Cacturne|Cacturne, M|100/100
|turn|1
|
|t:|1760856549
|move|p1a: Primarina|Moonblast|p2a: Cacturne
|-supereffective|p2a: Cacturne
|-damage|p2a: Cacturne|0 fnt
|faint|p2a: Cacturne
|
|upkeep
|
|t:|1760856558
|switch|p2a: Chandelure|Chandelure, F|100/100
|turn|2
|
|t:|1760856562
|move|p2a: Chandelure|Energy Ball|p1a: Primarina
|-supereffective|p1a: Primarina
|-damage|p1a: Primarina|38/100
|move|p1a: Primarina|Surf|p2a: Chandelure
|-supereffective|p2a: Chandelure
|-damage|p2a: Chandelure|0 fnt
|faint|p2a: Chandelure
|
|-heal|p1a: Primarina|44/100|[from] item: Leftovers
|upkeep
|
|t:|1760856577
|switch|p2a: Azumarill|Azumarill, F|100/100
|turn|3
|
|t:|1760856580
|move|p1a: Primarina|Moonblast|p2a: Azumarill
|-damage|p2a: Azumarill|45/100
|move|p2a: Azumarill|Play Rough|p1a: Primarina
|-damage|p1a: Primarina|0 fnt
|faint|p1a: Primarina
|
|upkeep
|
|t:|1760856580
|switch|p1a: Toedscruel|Toedscruel, F|100/100
|turn|4
|
|t:|1760856584
|move|p1a: Toedscruel|Giga Drain|p2a: Azumarill
|-supereffective|p2a: Azumarill
|-damage|p2a: Azumarill|0 fnt
|faint|p2a: Azumarill
|
|upkeep
|
|t:|1760856590
|switch|p2a: Hoopa|Hoopa-Unbound|100/100
|turn|5
|
|t:|1760856600
|move|p1a: Toedscruel|Earth Power|p2a: Hoopa
|-damage|p2a: Hoopa|82/100
|move|p2a: Hoopa|Drain Punch|p1a: Toedscruel
|-damage|p1a: Toedscruel|54/100
|-heal|p2a: Hoopa|100/100|[from] drain|[of] p1a: Toedscruel
|
|-heal|p1a: Toedscruel|60/100|[from] item: Leftovers
|upkeep
|turn|6
|
|t:|1760856605
|move|p1a: Toedscruel|Earth Power|p2a: Hoopa
|-damage|p2a: Hoopa|84/100
|move|p2a: Hoopa|Hyperspace Fury|p1a: Toedscruel
|-damage|p1a: Toedscruel|0 fnt
|-unboost|p2a: Hoopa|def|1
|faint|p1a: Toedscruel
|
|upkeep
|
|t:|1760856605
|switch|p1a: Walking Wake|Walking Wake|100/100
|turn|7
|
|t:|1760856612
|move|p1a: Walking Wake|Draco Meteor|p2a: Hoopa
|-damage|p2a: Hoopa|53/100
|-unboost|p1a: Walking Wake|spa|2
|move|p2a: Hoopa|Drain Punch|p1a: Walking Wake
|-damage|p1a: Walking Wake|70/100
|-heal|p2a: Hoopa|68/100|[from] drain|[of] p1a: Walking Wake
|
|upkeep
|turn|8
|
|t:|1760856617
|move|p1a: Walking Wake|Draco Meteor|p2a: Hoopa
|-damage|p2a: Hoopa|51/100
|-unboost|p1a: Walking Wake|spa|2
|move|p2a: Hoopa|Drain Punch|p1a: Walking Wake
|-damage|p1a: Walking Wake|37/100
|-heal|p2a: Hoopa|66/100|[from] drain|[of] p1a: Walking Wake
|
|upkeep
|turn|9
|
|t:|1760856619
|move|p1a: Walking Wake|Draco Meteor|p2a: Hoopa
|-damage|p2a: Hoopa|55/100
|-unboost|p1a: Walking Wake|spa|2
|move|p2a: Hoopa|Drain Punch|p1a: Walking Wake
|-damage|p1a: Walking Wake|7/100
|-heal|p2a: Hoopa|69/100|[from] drain|[of] p1a: Walking Wake
|
|upkeep
|turn|10
|
|t:|1760856621
|move|p1a: Walking Wake|Draco Meteor|p2a: Hoopa
|-damage|p2a: Hoopa|60/100
|move|p2a: Hoopa|Drain Punch|p1a: Walking Wake
|-damage|p1a: Walking Wake|0 fnt
|-heal|p2a: Hoopa|63/100|[from] drain|[of] p1a: Walking Wake
|faint|p1a: Walking Wake
|-end|p1a: Walking Wake|Protosynthesis|[silent]
|
|upkeep
|
|t:|1760856621
|switch|p1a: Heatran|Heatran, F|100/100
|turn|11
|
|t:|1760856623
|move|p1a: Heatran|Magma Storm|p2a: Hoopa
|-damage|p2a: Hoopa|38/100
|-activate|p2a: Hoopa|move: Magma Storm|[of] p1a: Heatran
|move|p2a: Hoopa|Drain Punch|p1a: Heatran
|-supereffective|p1a: Heatran
|-damage|p1a: Heatran|44/100
|-heal|p2a: Hoopa|63/100|[from] drain|[of] p1a: Heatran
|
|-heal|p1a: Heatran|50/100|[from] item: Leftovers
|-damage|p2a: Hoopa|50/100|[from] move: Magma Storm|[partiallytrapped]
|upkeep
|turn|12
|
|t:|1760856625
|move|p1a: Heatran|Magma Storm|p2a: Hoopa
|-damage|p2a: Hoopa|26/100
|move|p2a: Hoopa|Drain Punch|p1a: Heatran
|-supereffective|p1a: Heatran
|-damage|p1a: Heatran|0 fnt
|-heal|p2a: Hoopa|48/100|[from] drain|[of] p1a: Heatran
|faint|p1a: Heatran
|
|-end|p2a: Hoopa|Magma Storm|[partiallytrapped]|[silent]
|upkeep
|
|t:|1760856625
|switch|p1a: Iron Crown|Iron Crown|100/100
|turn|13
|
|t:|1760856627
|move|p1a: Iron Crown|Volt Switch|p2a: Hoopa
|-damage|p2a: Hoopa|35/100
|
|t:|1760856627
|-end|p1a: Iron Crown|Quark Drive|[silent]
|switch|p1a: Dragonite|Dragonite, M|100/100|[from] Volt Switch
|move|p2a: Hoopa|Hyperspace Fury|p1a: Dragonite
|-damage|p1a: Dragonite|72/100
|-unboost|p2a: Hoopa|def|1
|
|upkeep
|turn|14
|
|t:|1760856632
|switch|p2a: Krookodile|Krookodile, F|100/100
|-ability|p2a: Krookodile|Intimidate|boost
|-unboost|p1a: Dragonite|atk|1
|move|p1a: Dragonite|Earthquake|p2a: Krookodile
|-damage|p2a: Krookodile|69/100
|
|-heal|p2a: Krookodile|75/100|[from] item: Leftovers
|upkeep
|turn|15
|
|t:|1760856640
|move|p2a: Krookodile|Knock Off|p1a: Dragonite
|-damage|p1a: Dragonite|19/100
|-enditem|p1a: Dragonite|Heavy-Duty Boots|[from] move: Knock Off|[of] p2a: Krookodile
|move|p1a: Dragonite|Ice Spinner|p2a: Krookodile
|-supereffective|p2a: Krookodile
|-damage|p2a: Krookodile|19/100
|
|-heal|p2a: Krookodile|25/100|[from] item: Leftovers
|upkeep
|turn|16
|
|t:|1760856647
|move|p2a: Krookodile|Knock Off|p1a: Dragonite
|-damage|p1a: Dragonite|0 fnt
|faint|p1a: Dragonite
|
|-heal|p2a: Krookodile|31/100|[from] item: Leftovers
|upkeep
|
|t:|1760856647
|switch|p1a: Iron Crown|Iron Crown|100/100
|turn|17
|
|t:|1760856649
|move|p1a: Iron Crown|Focus Blast|p2a: Krookodile
|-supereffective|p2a: Krookodile
|-damage|p2a: Krookodile|0 fnt
|faint|p2a: Krookodile
|
|upkeep
|
|t:|1760856652
|switch|p2a: Hoopa|Hoopa-Unbound|35/100
|turn|18
|
|t:|1760856654
|move|p1a: Iron Crown|Volt Switch|p2a: Hoopa
|-damage|p2a: Hoopa|24/100
|move|p2a: Hoopa|Hyperspace Fury|p1a: Iron Crown
|-supereffective|p1a: Iron Crown
|-damage|p1a: Iron Crown|0 fnt
|-unboost|p2a: Hoopa|def|1
|faint|p1a: Iron Crown
|-end|p1a: Iron Crown|Quark Drive|[silent]
|
|win|lousiv
|raw|HZBKAI10's rating: 1077 &rarr; <strong>1058</strong><br />(-19 for losing)
|raw|lousiv's rating: 1111 &rarr; <strong>1134</strong><br />(+23 for winning)
|l|☆HZBKAI10
|player|p1|
|l|☆lousiv
|player|p2|
