|j|☆magical leaves
|j|☆Scoob252525
|t:|1760801182
|gametype|singles
|player|p1|magical leaves|aromalady|1426
|player|p2|Scoob252525|101|1404
|gen|9
|tier|[Gen 9] OU
|rated|
|rule|HP Percentage Mod: HP is shown in percentages
|rule|Endless Battle Clause: Forcing endless battles is banned
|rule|Species Clause: Limit one of each Pokémon
|rule|OHKO Clause: OHKO moves are banned
|rule|Evasion Items Clause: Evasion items are banned
|rule|Evasion Moves Clause: Evasion moves are banned
|rule|Evasion Abilities Clause: Evasion abilities are banned
|rule|Sleep Moves Clause: Sleep-inducing moves are banned
|clearpoke
|poke|p1|Darkrai|
|poke|p1|Great Tusk|
|poke|p1|Gholdengo|
|poke|p1|Hydrapple, F|
|poke|p1|Glimmora, M|
|poke|p1|Dragonite, M|
|poke|p2|Manaphy|
|poke|p2|Ribombee, M|
|poke|p2|Garchomp, M|
|poke|p2|Kingambit, F|
|poke|p2|Iron Valiant|
|poke|p2|Cinderace, M|
|teampreview
|
|t:|1760801196
|teamsize|p1|6
|teamsize|p2|6
|start
|switch|p1a: glo|Glimmora, M|100/100
|switch|p2a: Ribombee|Ribombee, M|100/100
|turn|1
|
|t:|1760801216
|move|p2a: Ribombee|Sticky Web|p1a: glo
|-sidestart|p1: magical leaves|move: Sticky Web
|move|p1a: glo|Meteor Beam||[still]
|-prepare|p1a: glo|Meteor Beam
|-boost|p1a: glo|spa|1
|-enditem|p1a: glo|Power Herb
|-anim|p1a: glo|Meteor Beam|p2a: Ribombee
|-supereffective|p2a: Ribombee
|-enditem|p2a: Ribombee|Focus Sash
|-damage|p2a: Ribombee|1/100
|
|upkeep
|turn|2
|
|t:|1760801226
|move|p2a: Ribombee|Stun Spore|p1a: glo
|-status|p1a: glo|par
|move|p1a: glo|Mortal Spin|p2a: Ribombee
|-supereffective|p2a: Ribombee
|-damage|p2a: Ribombee|0 fnt
|-sideend|p1: magical leaves|Sticky Web|[from] move: Mortal Spin|[of] p1a: glo
|faint|p2a: Ribombee
|
|upkeep
|
|t:|1760801235
|switch|p2a: Garchomp|Garchomp, M|100/100
|turn|3
|
|t:|1760801253
|cant|p1a: glo|par
|move|p2a: Garchomp|Dragon Tail|p1a: glo
|-damage|p1a: glo|66/100 par
|-activate|p1a: glo|ability: Toxic Debris
|-sidestart|p2: Scoob252525|move: Toxic Spikes
|drag|p1a: vin skully|Dragonite, M|100/100
|
|upkeep
|turn|4
|
|t:|1760801270
|-terastallize|p1a: vin skully|Fairy
|move|p1a: vin skully|Dragon Dance|p1a: vin skully
|-boost|p1a: vin skully|atk|1
|-boost|p1a: vin skully|spe|1
|move|p2a: Garchomp|Dragon Tail|p1a: vin skully
|-immune|p1a: vin skully
|
|upkeep
|turn|5
|
|t:|1760801278
|move|p1a: vin skully|Dragon Dance|p1a: vin skully
|-boost|p1a: vin skully|atk|1
|-boost|p1a: vin skully|spe|1
|move|p2a: Garchomp|Stealth Rock|p1a: vin skully
|-sidestart|p1: magical leaves|move: Stealth Rock
|
|upkeep
|turn|6
|
|t:|1760801294
|move|p1a: vin skully|Tera Blast|p2a: Garchomp|[anim] Tera Blast Fairy
|-supereffective|p2a: Garchomp
|-damage|p2a: Garchomp|0 fnt
|faint|p2a: Garchomp
|
|upkeep
|l|☆magical leaves
|player|p1|
|j|☆magical leaves
|player|p1|magical leaves|aromalady|
|
|t:|1760801308
|switch|p2a: Kingambit|Kingambit, F|100/100
|-activate|p2a: Kingambit|ability: Supreme Overlord
|-start|p2a: Kingambit|fallen2|[silent]
|turn|7
|
|t:|1760801314
|-terastallize|p2a: Kingambit|Flying
|move|p1a: vin skully|Earthquake|p2a: Kingambit
|-immune|p2a: Kingambit
|move|p2a: Kingambit|Iron Head|p1a: vin skully
|-supereffective|p1a: vin skully
|-damage|p1a: vin skully|52/100
|
|upkeep
|turn|8
|
|t:|1760801324
|move|p1a: vin skully|Tera Blast|p2a: Kingambit|[anim] Tera Blast Fairy
|-damage|p2a: Kingambit|50/100
|move|p2a: Kingambit|Iron Head|p1a: vin skully
|-supereffective|p1a: vin skully
|-damage|p1a: vin skully|0 fnt
|faint|p1a: vin skully
|
|upkeep
|
|t:|1760801332
|switch|p1a: badbadnotgood|Darkrai|100/100
|-damage|p1a: badbadnotgood|88/100|[from] Stealth Rock
|turn|9
|
|t:|1760801343
|move|p1a: badbadnotgood|Ice Beam|p2a: Kingambit
|-supereffective|p2a: Kingambit
|-damage|p2a: Kingambit|0 fnt
|faint|p2a: Kingambit
|-end|p2a: Kingambit|fallen2|[silent]
|
|upkeep
|
|t:|1760801346
|switch|p2a: Cinderace|Cinderace, M|100/100
|turn|10
|
|t:|1760801352
|switch|p1a: glo|Glimmora, M|66/100 par
|-damage|p1a: glo|54/100 par|[from] Stealth Rock
|move|p2a: Cinderace|Court Change|p2a: Cinderace
|-start|p2a: Cinderace|typechange|Normal|[from] ability: Libero
|-swapsideconditions
|-activate|p2a: Cinderace|move: Court Change
|
|upkeep
|turn|11
|
|t:|1760801362
|switch|p1a: MF GOBLIN|Gholdengo|100/100
|-item|p1a: MF GOBLIN|Air Balloon
|move|p2a: Cinderace|Pyro Ball|p1a: MF GOBLIN|[miss]
|-miss|p2a: Cinderace|p1a: MF GOBLIN
|
|upkeep
|turn|12
|
|t:|1760801372
|switch|p1a: glo|Glimmora, M|54/100 par
|-sideend|p1: magical leaves|move: Toxic Spikes|[of] p1a: glo
|move|p2a: Cinderace|Pyro Ball|p1a: glo
|-resisted|p1a: glo
|-damage|p1a: glo|30/100 par
|-activate|p1a: glo|ability: Toxic Debris
|-sidestart|p2: Scoob252525|move: Toxic Spikes
|
|upkeep
|turn|13
|
|t:|1760801383
|move|p2a: Cinderace|Pyro Ball|p1a: glo|[miss]
|-miss|p2a: Cinderace|p1a: glo
|move|p1a: glo|Meteor Beam||[still]
|-prepare|p1a: glo|Meteor Beam
|-boost|p1a: glo|spa|1
|
|upkeep
|turn|14
|
|t:|1760801390
|move|p2a: Cinderace|Court Change|p2a: Cinderace
|-swapsideconditions
|-activate|p2a: Cinderace|move: Court Change
|move|p1a: glo|Meteor Beam|p2a: Cinderace|[from] lockedmove
|-damage|p2a: Cinderace|0 fnt
|faint|p2a: Cinderace
|
|upkeep
|
|t:|1760801396
|switch|p2a: Manaphy|Manaphy|100/100
|turn|15
|
|t:|1760801401
|move|p2a: Manaphy|Surf|p1a: glo
|-supereffective|p1a: glo
|-damage|p1a: glo|0 fnt
|faint|p1a: glo
|
|upkeep
|
|t:|1760801410
|switch|p1a: wawawawawawawawa|Hydrapple, F|100/100
|turn|16
|
|t:|1760801416
|move|p2a: Manaphy|Ice Beam|p1a: wawawawawawawawa
|-supereffective|p1a: wawawawawawawawa
|-damage|p1a: wawawawawawawawa|0 fnt
|faint|p1a: wawawawawawawawa
|
|upkeep
|
|t:|1760801440
|switch|p1a: badbadnotgood|Darkrai|88/100
|-damage|p1a: badbadnotgood|76/100|[from] Stealth Rock
|-status|p1a: badbadnotgood|psn
|turn|17
|
|t:|1760801453
|move|p1a: badbadnotgood|Dark Pulse|p2a: Manaphy
|-damage|p2a: Manaphy|60/100
|move|p2a: Manaphy|Surf|p1a: badbadnotgood
|-damage|p1a: badbadnotgood|3/100 psn
|
|-damage|p1a: badbadnotgood|0 fnt|[from] psn
|faint|p1a: badbadnotgood
|upkeep
|
|t:|1760801462
|switch|p1a: MF GOBLIN|Gholdengo|100/100
|-damage|p1a: MF GOBLIN|94/100|[from] Stealth Rock
|-item|p1a: MF GOBLIN|Air Balloon
|turn|18
|
|t:|1760801476
|move|p1a: MF GOBLIN|Shadow Ball|p2a: Manaphy
|-damage|p2a: Manaphy|23/100
|move|p2a: Manaphy|Surf|p1a: MF GOBLIN
|-damage|p1a: MF GOBLIN|38/100
|-enditem|p1a: MF GOBLIN|Air Balloon
|
|upkeep
|turn|19
|
|t:|1760801484
|move|p1a: MF GOBLIN|Shadow Ball|p2a: Manaphy
|-damage|p2a: Manaphy|0 fnt
|faint|p2a: Manaphy
|
|upkeep
|
|t:|1760801485
|switch|p2a: Iron Valiant|Iron Valiant|100/100
|turn|20
|
|t:|1760801492
|move|p2a: Iron Valiant|Knock Off|p1a: MF GOBLIN
|-supereffective|p1a: MF GOBLIN
|-damage|p1a: MF GOBLIN|0 fnt
|faint|p1a: MF GOBLIN
|-damage|p2a: Iron Valiant|91/100|[from] item: Life Orb
|
|upkeep
|
|t:|1760801498
|switch|p1a: crush|Great Tusk|100/100
|-damage|p1a: crush|97/100|[from] Stealth Rock
|-status|p1a: crush|psn
|-enditem|p1a: crush|Booster Energy
|-activate|p1a: crush|ability: Protosynthesis|[fromitem]
|-start|p1a: crush|protosynthesisspe
|turn|21
|
|t:|1760801506
|move|p1a: crush|Headlong Rush|p2a: Iron Valiant
|-damage|p2a: Iron Valiant|22/100
|-unboost|p1a: crush|def|1
|-unboost|p1a: crush|spd|1
|move|p2a: Iron Valiant|Knock Off|p1a: crush
|-resisted|p1a: crush
|-damage|p1a: crush|83/100 psn
|-damage|p2a: Iron Valiant|13/100|[from] item: Life Orb
|
|-damage|p1a: crush|71/100 psn|[from] psn
|upkeep
|turn|22
|
|t:|1760801517
|move|p1a: crush|Headlong Rush|p2a: Iron Valiant
|-damage|p2a: Iron Valiant|0 fnt
|-unboost|p1a: crush|def|1
|-unboost|p1a: crush|spd|1
|faint|p2a: Iron Valiant
|-end|p2a: Iron Valiant|Quark Drive|[silent]
|
|win|magical leaves
|raw|magical leaves's rating: 1426 &rarr; <strong>1445</strong><br />(+19 for winning)
|raw|Scoob252525's rating: 1404 &rarr; <strong>1385</strong><br />(-19 for losing)
|l|☆Scoob252525
|player|p2|
|c|☆magical leaves|Gg
