|j|☆swaggerdaggers
|j|☆cxksz666
|t:|1760839430
|gametype|singles
|player|p1|swaggerdaggers|grimsley|1199
|player|p2|cxksz666|red|1234
|gen|9
|tier|[Gen 9] OU
|rated|
|rule|HP Percentage Mod: HP is shown in percentages
|rule|Endless Battle Clause: Forcing endless battles is banned
|rule|Species Clause: Limit one of each Pokémon
|rule|OHKO Clause: OHKO moves are banned
|rule|Evasion Items Clause: Evasion items are banned
|rule|Evasion Moves Clause: Evasion moves are banned
|rule|Evasion Abilities Clause: Evasion abilities are banned
|rule|Sleep Moves Clause: Sleep-inducing moves are banned
|clearpoke
|poke|p1|Samurott-Hisui, F|
|poke|p1|Landorus-Therian, M|
|poke|p1|Zamazenta-*|
|poke|p1|Iron Valiant|
|poke|p1|Iron Moth|
|poke|p1|Kingambit, F|
|poke|p2|Charizard, M|
|poke|p2|Lapras, M|
|poke|p2|Snorlax, M|
|poke|p2|Pikachu, M|
|poke|p2|Gengar, M|
|poke|p2|Gyarados, F|
|teampreview
|inactive|Battle timer is ON: inactive players will automatically lose when time's up. (requested by swaggerdaggers)
|
|t:|1760839447
|teamsize|p1|6
|teamsize|p2|6
|start
|switch|p1a: Samurott|Samurott-Hisui, F|100/100
|switch|p2a: Pikachu|Pikachu, M|100/100
|turn|1
|
|t:|1760839453
|switch|p1a: Landorus|Landorus-Therian, M|100/100
|-ability|p1a: Landorus|Intimidate|boost
|-unboost|p2a: Pikachu|atk|1
|move|p2a: Pikachu|Volt Tackle|p1a: Landorus
|-immune|p1a: Landorus
|
|upkeep
|turn|2
|
|t:|1760839467
|switch|p2a: Gyarados|Gyarados, F|100/100
|move|p1a: Landorus|Earthquake|p2a: Gyarados
|-immune|p2a: Gyarados
|
|upkeep
|turn|3
|
|t:|1760839479
|switch|p1a: Zamazenta|Zamazenta|100/100
|-ability|p1a: Zamazenta|Dauntless Shield|boost
|-boost|p1a: Zamazenta|def|1
|-terastallize|p2a: Gyarados|Ground
|move|p2a: Gyarados|Dragon Dance|p2a: Gyarados
|-boost|p2a: Gyarados|atk|1
|-boost|p2a: Gyarados|spe|1
|
|upkeep
|turn|4
|
|t:|1760839488
|move|p2a: Gyarados|Dragon Dance|p2a: Gyarados
|-boost|p2a: Gyarados|atk|1
|-boost|p2a: Gyarados|spe|1
|move|p1a: Zamazenta|Roar|p2a: Gyarados
|drag|p2a: Charizard|Charizard, M|100/100
|
|upkeep
|turn|5
|
|t:|1760839497
|move|p2a: Charizard|Flamethrower|p1a: Zamazenta
|-damage|p1a: Zamazenta|57/100
|-damage|p2a: Charizard|91/100|[from] item: Life Orb
|move|p1a: Zamazenta|Roar|p2a: Charizard
|drag|p2a: Lapras|Lapras, M|100/100
|
|-heal|p1a: Zamazenta|63/100|[from] item: Leftovers
|upkeep
|turn|6
|
|t:|1760839508
|move|p1a: Zamazenta|Iron Defense|p1a: Zamazenta
|-boost|p1a: Zamazenta|def|2
|move|p2a: Lapras|Alluring Voice|p1a: Zamazenta
|-supereffective|p1a: Zamazenta
|-damage|p1a: Zamazenta|28/100
|-start|p1a: Zamazenta|confusion
|
|-heal|p1a: Zamazenta|34/100|[from] item: Leftovers
|upkeep
|turn|7
|
|t:|1760839517
|-activate|p1a: Zamazenta|confusion
|move|p1a: Zamazenta|Body Press|p2a: Lapras
|-supereffective|p2a: Lapras
|-damage|p2a: Lapras|0 fnt
|faint|p2a: Lapras
|
|-heal|p1a: Zamazenta|40/100|[from] item: Leftovers
|upkeep
|
|t:|1760839525
|switch|p2a: Gyarados|Gyarados, F, tera:Ground|100/100
|turn|8
|
|t:|1760839532
|-activate|p1a: Zamazenta|confusion
|-damage|p1a: Zamazenta|37/100|[from] confusion
|move|p2a: Gyarados|Earthquake|p1a: Zamazenta
|-damage|p1a: Zamazenta|20/100
|
|-heal|p1a: Zamazenta|26/100|[from] item: Leftovers
|upkeep
|turn|9
|
|t:|1760839541
|-activate|p1a: Zamazenta|confusion
|move|p1a: Zamazenta|Body Press|p2a: Gyarados
|-damage|p2a: Gyarados|0 fnt
|faint|p2a: Gyarados
|
|-heal|p1a: Zamazenta|33/100|[from] item: Leftovers
|upkeep
|
|t:|1760839549
|switch|p2a: Charizard|Charizard, M|91/100
|turn|10
|
|t:|1760839552
|-activate|p1a: Zamazenta|confusion
|move|p1a: Zamazenta|Body Press|p2a: Charizard
|-resisted|p2a: Charizard
|-damage|p2a: Charizard|31/100
|move|p2a: Charizard|Flamethrower|p1a: Zamazenta
|-damage|p1a: Zamazenta|0 fnt
|faint|p1a: Zamazenta
|-damage|p2a: Charizard|21/100|[from] item: Life Orb
|
|upkeep
|c|☆swaggerdaggers|cool team
|
|t:|1760839561
|switch|p1a: Iron Valiant|Iron Valiant|100/100
|-enditem|p1a: Iron Valiant|Booster Energy
|-activate|p1a: Iron Valiant|ability: Quark Drive|[fromitem]
|-start|p1a: Iron Valiant|quarkdrivespe
|turn|11
|
|t:|1760839566
|move|p1a: Iron Valiant|Moonblast|p2a: Charizard
|-resisted|p2a: Charizard
|-damage|p2a: Charizard|0 fnt
|faint|p2a: Charizard
|
|upkeep
|
|t:|1760839574
|switch|p2a: Gengar|Gengar, M|100/100
|turn|12
|
|t:|1760839587
|move|p1a: Iron Valiant|Thunderbolt|p2a: Gengar
|-damage|p2a: Gengar|51/100
|move|p2a: Gengar|Sludge Bomb|p1a: Iron Valiant
|-supereffective|p1a: Iron Valiant
|-damage|p1a: Iron Valiant|0 fnt
|faint|p1a: Iron Valiant
|-end|p1a: Iron Valiant|Quark Drive|[silent]
|
|upkeep
|
|t:|1760839594
|switch|p1a: Iron Moth|Iron Moth|100/100
|-enditem|p1a: Iron Moth|Booster Energy
|-activate|p1a: Iron Moth|ability: Quark Drive|[fromitem]
|-start|p1a: Iron Moth|quarkdrivespe
|turn|13
|
|t:|1760839600
|move|p1a: Iron Moth|Fiery Dance|p2a: Gengar
|-damage|p2a: Gengar|0 fnt
|-boost|p1a: Iron Moth|spa|1
|faint|p2a: Gengar
|
|upkeep
|
|t:|1760839608
|switch|p2a: Snorlax|Snorlax, M|100/100
|turn|14
|
|t:|1760839612
|move|p1a: Iron Moth|Sludge Wave|p2a: Snorlax
|-damage|p2a: Snorlax|60/100
|move|p2a: Snorlax|Earthquake|p1a: Iron Moth
|-supereffective|p1a: Iron Moth
|-damage|p1a: Iron Moth|0 fnt
|faint|p1a: Iron Moth
|-end|p1a: Iron Moth|Quark Drive|[silent]
|
|upkeep
|
|t:|1760839628
|switch|p1a: Landorus|Landorus-Therian, M|100/100
|-ability|p1a: Landorus|Intimidate|boost
|-unboost|p2a: Snorlax|atk|1
|turn|15
|
|t:|1760839633
|move|p1a: Landorus|Earthquake|p2a: Snorlax
|-damage|p2a: Snorlax|10/100
|move|p2a: Snorlax|Earthquake|p1a: Landorus
|-immune|p1a: Landorus
|
|upkeep
|turn|16
|
|t:|1760839639
|move|p1a: Landorus|Earthquake|p2a: Snorlax
|-damage|p2a: Snorlax|0 fnt
|faint|p2a: Snorlax
|
|upkeep
|
|t:|1760839644
|switch|p2a: Pikachu|Pikachu, M|100/100
|turn|17
|
|t:|1760839651
|move|p1a: Landorus|Earthquake|p2a: Pikachu
|-supereffective|p2a: Pikachu
|-damage|p2a: Pikachu|0 fnt
|faint|p2a: Pikachu
|
|win|swaggerdaggers
|raw|swaggerdaggers's rating: 1199 &rarr; <strong>1227</strong><br />(+28 for winning)
|raw|cxksz666's rating: 1234 &rarr; <strong>1206</strong><br />(-28 for losing)
|c|☆swaggerdaggers|gg
|l|☆cxksz666
|player|p2|
|l|☆swaggerdaggers
|player|p1|
