|j|☆b3n z0br1st
|j|☆karan_yadav2977
|t:|1760872473
|gametype|singles
|player|p1|b3n z0br1st|102|1145
|player|p2|karan_yadav2977|grimsley|1127
|gen|9
|tier|[Gen 9] OU
|rated|
|rule|HP Percentage Mod: HP is shown in percentages
|rule|Endless Battle Clause: Forcing endless battles is banned
|rule|Species Clause: Limit one of each Pokémon
|rule|OHKO Clause: OHKO moves are banned
|rule|Evasion Items Clause: Evasion items are banned
|rule|Evasion Moves Clause: Evasion moves are banned
|rule|Evasion Abilities Clause: Evasion abilities are banned
|rule|Sleep Moves Clause: Sleep-inducing moves are banned
|clearpoke
|poke|p1|Indeedee, M|
|poke|p1|Hatterene, F|
|poke|p1|Ursaluna, F|
|poke|p1|Iron Hands|
|poke|p1|Hoopa-Unbound|
|poke|p1|Mimikyu, M|
|poke|p2|Ogerpon-Wellspring, F|
|poke|p2|Meowscarada, M|
|poke|p2|Rillaboom, F|
|poke|p2|Serperior, F|
|poke|p2|Electrode-Hisui|
|poke|p2|Sinistcha|
|teampreview
|
|t:|1760872490
|teamsize|p1|6
|teamsize|p2|6
|start
|switch|p1a: LEBRON|Iron Hands|100/100
|switch|p2a: Electrode|Electrode-Hisui|100/100
|-enditem|p1a: LEBRON|Booster Energy
|-activate|p1a: LEBRON|ability: Quark Drive|[fromitem]
|-start|p1a: LEBRON|quarkdriveatk
|turn|1
|
|t:|1760872507
|move|p2a: Electrode|Volt Switch|p1a: LEBRON
|-resisted|p1a: LEBRON
|-damage|p1a: LEBRON|86/100
|
|t:|1760872514
|switch|p2a: Rillaboom|Rillaboom, F|100/100|[from] Volt Switch
|-fieldstart|move: Grassy Terrain|[from] ability: Grassy Surge|[of] p2a: Rillaboom
|move|p1a: LEBRON|Ice Punch|p2a: Rillaboom
|-supereffective|p2a: Rillaboom
|-damage|p2a: Rillaboom|39/100
|
|-heal|p2a: Rillaboom|45/100|[from] Grassy Terrain
|-heal|p1a: LEBRON|92/100|[from] Grassy Terrain
|upkeep
|turn|2
|
|t:|1760872539
|-terastallize|p2a: Rillaboom|Steel
|move|p2a: Rillaboom|Bulk Up|p2a: Rillaboom
|-boost|p2a: Rillaboom|atk|1
|-boost|p2a: Rillaboom|def|1
|move|p1a: LEBRON|Ice Punch|p2a: Rillaboom
|-resisted|p2a: Rillaboom
|-damage|p2a: Rillaboom|33/100
|
|-heal|p2a: Rillaboom|39/100|[from] Grassy Terrain
|-heal|p1a: LEBRON|98/100|[from] Grassy Terrain
|upkeep
|turn|3
|
|t:|1760872549
|move|p2a: Rillaboom|Bulk Up|p2a: Rillaboom
|-boost|p2a: Rillaboom|atk|1
|-boost|p2a: Rillaboom|def|1
|move|p1a: LEBRON|Close Combat|p2a: Rillaboom
|-supereffective|p2a: Rillaboom
|-damage|p2a: Rillaboom|0 fnt
|-unboost|p1a: LEBRON|def|1
|-unboost|p1a: LEBRON|spd|1
|faint|p2a: Rillaboom
|
|-heal|p1a: LEBRON|100/100|[from] Grassy Terrain
|upkeep
|
|t:|1760872568
|switch|p2a: Sinistcha|Sinistcha|100/100
|turn|4
|
|t:|1760872572
|move|p2a: Sinistcha|Calm Mind|p2a: Sinistcha
|-boost|p2a: Sinistcha|spa|1
|-boost|p2a: Sinistcha|spd|1
|move|p1a: LEBRON|Ice Punch|p2a: Sinistcha
|-supereffective|p2a: Sinistcha
|-damage|p2a: Sinistcha|21/100
|
|-heal|p2a: Sinistcha|27/100|[from] Grassy Terrain
|-heal|p2a: Sinistcha|33/100|[from] item: Leftovers
|upkeep
|turn|5
|
|t:|1760872582
|move|p2a: Sinistcha|Strength Sap|p1a: LEBRON
|-unboost|p1a: LEBRON|atk|1
|-heal|p2a: Sinistcha|100/100
|move|p1a: LEBRON|Ice Punch|p2a: Sinistcha
|-supereffective|p2a: Sinistcha
|-damage|p2a: Sinistcha|47/100
|
|-heal|p2a: Sinistcha|53/100|[from] Grassy Terrain
|-heal|p2a: Sinistcha|59/100|[from] item: Leftovers
|upkeep
|turn|6
|
|t:|1760872594
|move|p2a: Sinistcha|Strength Sap|p1a: LEBRON
|-unboost|p1a: LEBRON|atk|1
|-heal|p2a: Sinistcha|100/100
|move|p1a: LEBRON|Ice Punch|p2a: Sinistcha
|-supereffective|p2a: Sinistcha
|-damage|p2a: Sinistcha|61/100
|
|-heal|p2a: Sinistcha|67/100|[from] Grassy Terrain
|-heal|p2a: Sinistcha|73/100|[from] item: Leftovers
|upkeep
|turn|7
|
|t:|1760872607
|-end|p1a: LEBRON|Quark Drive|[silent]
|switch|p1a: Satella|Hatterene, F, shiny|100/100
|move|p2a: Sinistcha|Calm Mind|p2a: Sinistcha
|-boost|p2a: Sinistcha|spa|1
|-boost|p2a: Sinistcha|spd|1
|
|-heal|p2a: Sinistcha|79/100|[from] Grassy Terrain
|-heal|p2a: Sinistcha|85/100|[from] item: Leftovers
|upkeep
|turn|8
|
|t:|1760872616
|move|p2a: Sinistcha|Shadow Ball|p1a: Satella
|-supereffective|p1a: Satella
|-damage|p1a: Satella|0 fnt
|faint|p1a: Satella
|
|-heal|p2a: Sinistcha|91/100|[from] Grassy Terrain
|-heal|p2a: Sinistcha|97/100|[from] item: Leftovers
|-fieldend|move: Grassy Terrain
|upkeep
|
|t:|1760872629
|switch|p1a: Mimikyu|Mimikyu, M|100/100
|turn|9
|
|t:|1760872632
|move|p2a: Sinistcha|Shadow Ball|p1a: Mimikyu
|-activate|p1a: Mimikyu|ability: Disguise
|-damage|p1a: Mimikyu|100/100
|detailschange|p1a: Mimikyu|Mimikyu-Busted, M
|-damage|p1a: Mimikyu|88/100|[from] pokemon: Mimikyu-Busted
|-enditem|p1a: Mimikyu|Red Card|[of] p2a: Sinistcha
|drag|p2a: Ogerpon|Ogerpon-Wellspring, F|100/100
|move|p1a: Mimikyu|Trick Room|p1a: Mimikyu
|-fieldstart|move: Trick Room|[of] p1a: Mimikyu
|
|upkeep
|turn|10
|
|t:|1760872659
|switch|p1a: LEBRON|Iron Hands|100/100
|move|p2a: Ogerpon|Horn Leech|p1a: LEBRON
|-damage|p1a: LEBRON|70/100
|
|upkeep
|turn|11
|
|t:|1760872670
|move|p1a: LEBRON|Close Combat|p2a: Ogerpon
|-damage|p2a: Ogerpon|5/100
|-unboost|p1a: LEBRON|def|1
|-unboost|p1a: LEBRON|spd|1
|move|p2a: Ogerpon|Ivy Cudgel|p1a: LEBRON|[anim] Ivy Cudgel Water
|-damage|p1a: LEBRON|6/100
|
|upkeep
|turn|12
|
|t:|1760872679
|move|p1a: LEBRON|Close Combat|p2a: Ogerpon
|-damage|p2a: Ogerpon|0 fnt
|-unboost|p1a: LEBRON|def|1
|-unboost|p1a: LEBRON|spd|1
|faint|p2a: Ogerpon
|
|upkeep
|
|t:|1760872689
|switch|p2a: Sinistcha|Sinistcha|97/100
|turn|13
|
|t:|1760872698
|-end|p1a: LEBRON|Quark Drive|[silent]
|switch|p1a: Subaru|Indeedee, M, shiny|100/100
|-fieldstart|move: Psychic Terrain|[from] ability: Psychic Surge|[of] p1a: Subaru
|move|p2a: Sinistcha|Strength Sap|p1a: Subaru
|-unboost|p1a: Subaru|atk|1
|-heal|p2a: Sinistcha|100/100
|
|-fieldend|move: Trick Room
|upkeep
|turn|14
|
|t:|1760872707
|move|p2a: Sinistcha|Calm Mind|p2a: Sinistcha
|-boost|p2a: Sinistcha|spa|1
|-boost|p2a: Sinistcha|spd|1
|move|p1a: Subaru|Trick Room|p1a: Subaru
|-fieldstart|move: Trick Room|[of] p1a: Subaru
|
|upkeep
|turn|15
|
|t:|1760872712
|move|p1a: Subaru|Encore|p2a: Sinistcha
|-start|p2a: Sinistcha|Encore
|move|p2a: Sinistcha|Calm Mind|p2a: Sinistcha
|-boost|p2a: Sinistcha|spa|1
|-boost|p2a: Sinistcha|spd|1
|
|upkeep
|turn|16
|
|t:|1760872724
|switch|p1a: King Von|Hoopa-Unbound|100/100
|-enditem|p1a: King Von|Psychic Seed
|-boost|p1a: King Von|spd|1|[from] item: Psychic Seed
|move|p2a: Sinistcha|Calm Mind|p2a: Sinistcha
|-boost|p2a: Sinistcha|spa|1
|-boost|p2a: Sinistcha|spd|1
|
|upkeep
|turn|17
|
|t:|1760872744
|move|p1a: King Von|Hyperspace Fury|p2a: Sinistcha
|-supereffective|p2a: Sinistcha
|-damage|p2a: Sinistcha|0 fnt
|-unboost|p1a: King Von|def|1
|faint|p2a: Sinistcha
|-item|p1a: King Von|Leftovers|[from] ability: Magician|[of] p2: Sinistcha
|
|upkeep
|
|t:|1760872752
|switch|p2a: Meowscarada|Meowscarada, M|100/100
|turn|18
|
|t:|1760872757
|move|p1a: King Von|Focus Blast|p2a: Meowscarada
|-supereffective|p2a: Meowscarada
|-damage|p2a: Meowscarada|0 fnt
|faint|p2a: Meowscarada
|
|-fieldend|move: Trick Room
|upkeep
|
|t:|1760872763
|switch|p2a: Serperior|Serperior, F|100/100
|turn|19
|
|t:|1760872767
|move|p2a: Serperior|Leaf Storm|p1a: King Von
|-damage|p1a: King Von|75/100
|-boost|p2a: Serperior|spa|2
|move|p1a: King Von|Expanding Force|p2a: Serperior
|-damage|p2a: Serperior|0 fnt
|faint|p2a: Serperior
|
|-heal|p1a: King Von|81/100|[from] item: Leftovers
|upkeep
|
|t:|1760872776
|switch|p2a: Electrode|Electrode-Hisui|100/100
|turn|20
|
|t:|1760872781
|move|p2a: Electrode|Chloroblast|p1a: King Von
|-damage|p1a: King Von|37/100
|-damage|p2a: Electrode|50/100|[from] Recoil
|move|p1a: King Von|Expanding Force|p2a: Electrode
|-damage|p2a: Electrode|0 fnt
|faint|p2a: Electrode
|
|win|b3n z0br1st
|raw|b3n z0br1st's rating: 1145 &rarr; <strong>1169</strong><br />(+24 for winning)
|raw|karan_yadav2977's rating: 1127 &rarr; <strong>1103</strong><br />(-24 for losing)
|l|☆karan_yadav2977
|player|p2|
|l|☆b3n z0br1st
|player|p1|
