|j|☆Minasaoy
|j|☆zmq2010
|t:|1760856794
|gametype|singles
|player|p1|Minasaoy|lady|1076
|player|p2|zmq2010|caitlin|1059
|gen|9
|tier|[Gen 9] OU
|rated|
|rule|HP Percentage Mod: HP is shown in percentages
|rule|Endless Battle Clause: Forcing endless battles is banned
|rule|Species Clause: Limit one of each Pokémon
|rule|OHKO Clause: OHKO moves are banned
|rule|Evasion Items Clause: Evasion items are banned
|rule|Evasion Moves Clause: Evasion moves are banned
|rule|Evasion Abilities Clause: Evasion abilities are banned
|rule|Sleep Moves Clause: Sleep-inducing moves are banned
|clearpoke
|poke|p1|Ceruledge, M|
|poke|p1|Dragonite, F|
|poke|p1|Landorus-Therian, M|
|poke|p1|Cinderace, M|
|poke|p1|Garchomp, M|
|poke|p1|Serperior, F|
|poke|p2|Grimmsnarl, M|
|poke|p2|Serperior, M|
|poke|p2|Spidops, M|
|poke|p2|Politoed, F|
|poke|p2|Exeggutor-Alola, F|
|poke|p2|Kingambit, M|
|teampreview
|inactive|Battle timer is ON: inactive players will automatically lose when time's up. (requested by Minasaoy)
|j| dark_jack14
|
|t:|1760856803
|teamsize|p1|6
|teamsize|p2|6
|start
|switch|p1a: Serperior|Serperior, F, shiny|100/100
|switch|p2a: Spidops|Spidops, M, shiny|100/100
|turn|1
|
|t:|1760856816
|-terastallize|p1a: Serperior|Steel
|move|p1a: Serperior|Knock Off|p2a: Spidops
|-damage|p2a: Spidops|80/100
|-damage|p1a: Serperior|84/100|[from] item: Rocky Helmet|[of] p2a: Spidops
|-enditem|p2a: Spidops|Rocky Helmet|[from] move: Knock Off|[of] p1a: Serperior
|move|p2a: Spidops|Sticky Web|p1a: Serperior
|-sidestart|p1: Minasaoy|move: Sticky Web
|
|-heal|p1a: Serperior|90/100|[from] item: Leftovers
|upkeep
|turn|2
|
|t:|1760856828
|move|p1a: Serperior|Leaf Storm|p2a: Spidops
|-resisted|p2a: Spidops
|-damage|p2a: Spidops|50/100
|-boost|p1a: Serperior|spa|2
|move|p2a: Spidops|Spikes|p1a: Serperior
|-sidestart|p1: Minasaoy|Spikes
|
|-heal|p1a: Serperior|96/100|[from] item: Leftovers
|upkeep
|turn|3
|
|t:|1760856837
|move|p1a: Serperior|Leaf Storm|p2a: Spidops
|-resisted|p2a: Spidops
|-damage|p2a: Spidops|0 fnt
|-boost|p1a: Serperior|spa|2
|faint|p2a: Spidops
|
|-heal|p1a: Serperior|100/100|[from] item: Leftovers
|upkeep
|
|t:|1760856846
|switch|p2a: Exeggutor|Exeggutor-Alola, F|100/100
|turn|4
|
|t:|1760856851
|move|p1a: Serperior|Leaf Storm|p2a: Exeggutor
|-resisted|p2a: Exeggutor
|-damage|p2a: Exeggutor|65/100
|-boost|p1a: Serperior|spa|2
|move|p2a: Exeggutor|Leech Seed|p1a: Serperior
|-start|p1a: Serperior|move: Leech Seed
|
|-damage|p1a: Serperior|88/100|[from] Leech Seed|[of] p2a: Exeggutor
|-heal|p2a: Exeggutor|74/100|[silent]
|upkeep
|turn|5
|
|t:|1760856861
|move|p1a: Serperior|Knock Off|p2a: Exeggutor
|-damage|p2a: Exeggutor|61/100
|-enditem|p2a: Exeggutor|Sitrus Berry|[from] move: Knock Off|[of] p1a: Serperior
|move|p2a: Exeggutor|Substitute|p2a: Exeggutor
|-start|p2a: Exeggutor|Substitute
|-damage|p2a: Exeggutor|36/100
|
|-heal|p1a: Serperior|94/100|[from] item: Leftovers
|-damage|p1a: Serperior|82/100|[from] Leech Seed|[of] p2a: Exeggutor
|-heal|p2a: Exeggutor|45/100|[silent]
|upkeep
|turn|6
|l| dark_jack14
|
|t:|1760856884
|move|p2a: Exeggutor|Protect|p2a: Exeggutor
|-singleturn|p2a: Exeggutor|Protect
|move|p1a: Serperior|Tera Blast|p2a: Exeggutor|[anim] Tera Blast Steel
|-activate|p2a: Exeggutor|move: Protect
|
|-heal|p1a: Serperior|88/100|[from] item: Leftovers
|-damage|p1a: Serperior|76/100|[from] Leech Seed|[of] p2a: Exeggutor
|-heal|p2a: Exeggutor|54/100|[silent]
|upkeep
|turn|7
|
|t:|1760856894
|move|p1a: Serperior|Tera Blast|p2a: Exeggutor|[anim] Tera Blast Steel
|-end|p2a: Exeggutor|Substitute
|move|p2a: Exeggutor|Dragon Pulse|p1a: Serperior
|-resisted|p1a: Serperior
|-damage|p1a: Serperior|52/100
|
|-heal|p1a: Serperior|59/100|[from] item: Leftovers
|-damage|p1a: Serperior|46/100|[from] Leech Seed|[of] p2a: Exeggutor
|-heal|p2a: Exeggutor|63/100|[silent]
|upkeep
|turn|8
|
|t:|1760856905
|move|p2a: Exeggutor|Protect|p2a: Exeggutor
|-singleturn|p2a: Exeggutor|Protect
|move|p1a: Serperior|Tera Blast|p2a: Exeggutor|[anim] Tera Blast Steel
|-activate|p2a: Exeggutor|move: Protect
|
|-heal|p1a: Serperior|52/100|[from] item: Leftovers
|-damage|p1a: Serperior|40/100|[from] Leech Seed|[of] p2a: Exeggutor
|-heal|p2a: Exeggutor|73/100|[silent]
|upkeep
|turn|9
|
|t:|1760856914
|move|p1a: Serperior|Tera Blast|p2a: Exeggutor|[anim] Tera Blast Steel
|-damage|p2a: Exeggutor|0 fnt
|faint|p2a: Exeggutor
|
|-heal|p1a: Serperior|46/100|[from] item: Leftovers
|upkeep
|
|t:|1760856923
|switch|p2a: Kingambit|Kingambit, M, shiny|100/100
|-activate|p2a: Kingambit|ability: Supreme Overlord
|-start|p2a: Kingambit|fallen2|[silent]
|turn|10
|
|t:|1760856930
|move|p2a: Kingambit|Sucker Punch|p1a: Serperior
|-damage|p1a: Serperior|0 fnt
|faint|p1a: Serperior
|-damage|p2a: Kingambit|91/100|[from] item: Life Orb
|
|upkeep
|
|t:|1760856934
|switch|p1a: Landorus|Landorus-Therian, M|100/100
|-ability|p1a: Landorus|Intimidate|boost
|-unboost|p2a: Kingambit|atk|1
|turn|11
|
|t:|1760856947
|move|p1a: Landorus|Rock Slide|p2a: Kingambit
|-resisted|p2a: Kingambit
|-damage|p2a: Kingambit|80/100
|move|p2a: Kingambit|Swords Dance|p2a: Kingambit
|-boost|p2a: Kingambit|atk|2
|
|upkeep
|turn|12
|
|t:|1760856957
|switch|p1a: Ceruledge|Ceruledge, M|100/100
|-activate|p1a: Ceruledge|move: Sticky Web
|-unboost|p1a: Ceruledge|spe|1
|-damage|p1a: Ceruledge|88/100|[from] Spikes
|move|p2a: Kingambit|Iron Head|p1a: Ceruledge
|-resisted|p1a: Ceruledge
|-damage|p1a: Ceruledge|5/100
|-ability|p1a: Ceruledge|Weak Armor|boost
|-unboost|p1a: Ceruledge|def|1
|-boost|p1a: Ceruledge|spe|2
|-damage|p2a: Kingambit|70/100|[from] item: Life Orb
|
|upkeep
|turn|13
|
|t:|1760856970
|move|p2a: Kingambit|Sucker Punch|p1a: Ceruledge
|-supereffective|p1a: Ceruledge
|-damage|p1a: Ceruledge|0 fnt
|faint|p1a: Ceruledge
|-damage|p2a: Kingambit|60/100|[from] item: Life Orb
|
|upkeep
|
|t:|1760856975
|switch|p1a: Dragonite|Dragonite, F|100/100
|turn|14
|
|t:|1760856985
|move|p2a: Kingambit|Night Slash|p1a: Dragonite
|-damage|p1a: Dragonite|59/100
|-damage|p2a: Kingambit|50/100|[from] item: Life Orb
|move|p1a: Dragonite|Fire Punch|p2a: Kingambit
|-supereffective|p2a: Kingambit
|-damage|p2a: Kingambit|0 fnt
|faint|p2a: Kingambit
|-end|p2a: Kingambit|fallen2|[silent]
|
|-heal|p1a: Dragonite|65/100|[from] item: Leftovers
|upkeep
|
|t:|1760856997
|switch|p2a: Politoed|Politoed, F, shiny|100/100
|-weather|RainDance|[from] ability: Drizzle|[of] p2a: Politoed
|turn|15
|
|t:|1760857002
|move|p1a: Dragonite|Extreme Speed|p2a: Politoed
|-damage|p2a: Politoed|65/100
|move|p2a: Politoed|Ice Beam|p1a: Dragonite
|-supereffective|p1a: Dragonite
|-damage|p1a: Dragonite|0 fnt
|faint|p1a: Dragonite
|
|-weather|RainDance|[upkeep]
|upkeep
|
|t:|1760857011
|switch|p1a: Cinderace|Cinderace, M|100/100
|turn|16
|
|t:|1760857014
|move|p1a: Cinderace|Court Change|p1a: Cinderace
|-start|p1a: Cinderace|typechange|Normal|[from] ability: Libero
|-swapsideconditions
|-activate|p1a: Cinderace|move: Court Change
|move|p2a: Politoed|Weather Ball|p1a: Cinderace
|-damage|p1a: Cinderace|34/100
|
|-weather|RainDance|[upkeep]
|upkeep
|turn|17
|
|t:|1760857023
|move|p1a: Cinderace|Sucker Punch|p2a: Politoed
|-damage|p2a: Politoed|40/100
|move|p2a: Politoed|Weather Ball|p1a: Cinderace
|-damage|p1a: Cinderace|0 fnt
|faint|p1a: Cinderace
|
|-weather|RainDance|[upkeep]
|upkeep
|
|t:|1760857029
|switch|p1a: Landorus|Landorus-Therian, M|100/100
|-ability|p1a: Landorus|Intimidate|boost
|-unboost|p2a: Politoed|atk|1
|turn|18
|
|t:|1760857037
|move|p1a: Landorus|Grass Knot|p2a: Politoed
|-supereffective|p2a: Politoed
|-damage|p2a: Politoed|14/100
|move|p2a: Politoed|Ice Beam|p1a: Landorus
|-supereffective|p1a: Landorus
|-damage|p1a: Landorus|1/100
|
|-weather|RainDance|[upkeep]
|upkeep
|turn|19
|
|t:|1760857047
|move|p1a: Landorus|Grass Knot|p2a: Politoed
|-supereffective|p2a: Politoed
|-damage|p2a: Politoed|0 fnt
|faint|p2a: Politoed
|
|-weather|RainDance|[upkeep]
|upkeep
|
|t:|1760857053
|switch|p2a: Serperior|Serperior, M, shiny|100/100
|-activate|p2a: Serperior|move: Sticky Web
|-boost|p2a: Serperior|spe|1
|-damage|p2a: Serperior|88/100|[from] Spikes
|turn|20
|
|t:|1760857064
|-terastallize|p2a: Serperior|Grass
|move|p2a: Serperior|Leaf Storm|p1a: Landorus
|-damage|p1a: Landorus|0 fnt
|-boost|p2a: Serperior|spa|2
|faint|p1a: Landorus
|
|-weather|RainDance|[upkeep]
|upkeep
|
|t:|1760857068
|switch|p1a: Garchomp|Garchomp, M|100/100
|turn|21
|
|t:|1760857076
|move|p2a: Serperior|Leaf Storm|p1a: Garchomp|[miss]
|-miss|p2a: Serperior|p1a: Garchomp
|move|p1a: Garchomp|Poison Jab|p2a: Serperior
|-supereffective|p2a: Serperior
|-damage|p2a: Serperior|20/100
|-status|p2a: Serperior|psn
|
|-weather|RainDance|[upkeep]
|-damage|p2a: Serperior|8/100 psn|[from] psn
|upkeep
|turn|22
|
|t:|1760857092
|move|p2a: Serperior|Leaf Storm|p1a: Garchomp
|-damage|p1a: Garchomp|0 fnt
|-boost|p2a: Serperior|spa|2
|faint|p1a: Garchomp
|
|win|zmq2010
|raw|Minasaoy's rating: 1076 &rarr; <strong>1054</strong><br />(-22 for losing)
|raw|zmq2010's rating: 1059 &rarr; <strong>1092</strong><br />(+33 for winning)
|l|☆Minasaoy
|player|p1|
|l|☆zmq2010
|player|p2|
|j|☆zmq2010
|player|p2|zmq2010|caitlin|
|l|☆zmq2010
|player|p2|
