|j|☆isaidjhon11
|j|☆jarxP
|t:|1760749690
|gametype|singles
|player|p1|isaidjhon11|acetrainer-gen4dp|1193
|player|p2|jarxP|clerkf|1241
|gen|9
|tier|[Gen 9] OU
|rated|
|rule|HP Percentage Mod: HP is shown in percentages
|rule|Endless Battle Clause: Forcing endless battles is banned
|rule|Species Clause: Limit one of each Pokémon
|rule|OHKO Clause: OHKO moves are banned
|rule|Evasion Items Clause: Evasion items are banned
|rule|Evasion Moves Clause: Evasion moves are banned
|rule|Evasion Abilities Clause: Evasion abilities are banned
|rule|Sleep Moves Clause: Sleep-inducing moves are banned
|clearpoke
|poke|p1|Cramorant, F|
|poke|p1|Glimmora, M|
|poke|p1|Cryogonal|
|poke|p1|Lokix, F|
|poke|p1|Scizor, M|
|poke|p1|Ceruledge, M|
|poke|p2|Meowscarada, F|
|poke|p2|Dragapult, M|
|poke|p2|Garganacl, F|
|poke|p2|Gliscor, M|
|poke|p2|Iron Valiant|
|poke|p2|Great Tusk|
|teampreview
|
|t:|1760749702
|teamsize|p1|6
|teamsize|p2|6
|start
|switch|p1a: Cramorant|Cramorant, F, shiny|100/100
|switch|p2a: sv goat|Great Tusk|100/100
|-enditem|p2a: sv goat|Booster Energy
|-activate|p2a: sv goat|ability: Protosynthesis|[fromitem]
|-start|p2a: sv goat|protosynthesisspe
|turn|1
|
|t:|1760749721
|-end|p2a: sv goat|Protosynthesis|[silent]
|switch|p2a: ban me|Iron Valiant|100/100
|-enditem|p2a: ban me|Booster Energy
|-activate|p2a: ban me|ability: Quark Drive|[fromitem]
|-start|p2a: ban me|quarkdrivespe
|move|p1a: Cramorant|Surf|p2a: ban me
|-formechange|p1a: Cramorant|Cramorant-Gulping|
|-damage|p2a: ban me|27/100
|
|upkeep
|turn|2
|
|t:|1760749734
|move|p2a: ban me|Thunderbolt|p1a: Cramorant
|-supereffective|p1a: Cramorant
|-damage|p1a: Cramorant|0 fnt
|-damage|p2a: ban me|3/100|[from] ability: Gulp Missile|[of] p1a: Cramorant
|-unboost|p2a: ban me|def|1
|-formechange|p1a: Cramorant|Cramorant|
|faint|p1a: Cramorant
|
|upkeep
|
|t:|1760749742
|switch|p1a: Ceruledge|Ceruledge, M|100/100
|turn|3
|
|t:|1760749763
|-end|p2a: ban me|Quark Drive|[silent]
|switch|p2a: lwk goat|Gliscor, M, shiny|100/100
|move|p1a: Ceruledge|Shadow Sneak|p2a: lwk goat
|-damage|p2a: lwk goat|86/100
|
|-status|p2a: lwk goat|tox|[from] item: Toxic Orb
|upkeep
|turn|4
|
|t:|1760749773
|switch|p1a: Cryogonal|Cryogonal, shiny|100/100
|move|p2a: lwk goat|Knock Off|p1a: Cryogonal
|-damage|p1a: Cryogonal|56/100
|-enditem|p1a: Cryogonal|Heavy-Duty Boots|[from] move: Knock Off|[of] p2a: lwk goat
|
|-heal|p2a: lwk goat|99/100 tox|[from] ability: Poison Heal
|upkeep
|turn|5
|
|t:|1760749782
|move|p2a: lwk goat|Protect|p2a: lwk goat
|-singleturn|p2a: lwk goat|Protect
|move|p1a: Cryogonal|Freeze-Dry|p2a: lwk goat
|-activate|p2a: lwk goat|move: Protect
|
|-heal|p2a: lwk goat|100/100 tox|[from] ability: Poison Heal
|upkeep
|turn|6
|
|t:|1760749794
|switch|p2a: ban me|Iron Valiant|3/100
|move|p1a: Cryogonal|Freeze-Dry|p2a: ban me
|-damage|p2a: ban me|0 fnt
|faint|p2a: ban me
|-end|p2a: ban me|Quark Drive|[silent]
|
|upkeep
|
|t:|1760749806
|switch|p2a: :gulp:|Meowscarada, F, shiny|100/100
|turn|7
|
|t:|1760749815
|switch|p1a: Glimmora|Glimmora, M, shiny|100/100
|-item|p1a: Glimmora|Air Balloon
|move|p2a: :gulp:|Knock Off|p1a: Glimmora
|-start|p2a: :gulp:|typechange|Dark|[from] ability: Protean
|-damage|p1a: Glimmora|57/100
|-activate|p1a: Glimmora|ability: Toxic Debris
|-sidestart|p2: jarxP|move: Toxic Spikes
|-enditem|p1a: Glimmora|Air Balloon
|
|upkeep
|turn|8
|
|t:|1760749833
|move|p2a: :gulp:|Knock Off|p1a: Glimmora
|-damage|p1a: Glimmora|29/100
|-activate|p1a: Glimmora|ability: Toxic Debris
|-sidestart|p2: jarxP|move: Toxic Spikes
|move|p1a: Glimmora|Stealth Rock|p2a: :gulp:
|-sidestart|p2: jarxP|move: Stealth Rock
|
|upkeep
|turn|9
|inactive|Battle timer is ON: inactive players will automatically lose when time's up. (requested by jarxP)
|
|t:|1760749840
|move|p2a: :gulp:|Knock Off|p1a: Glimmora
|-damage|p1a: Glimmora|0 fnt
|faint|p1a: Glimmora
|
|upkeep
|
|t:|1760749844
|switch|p1a: Lokix|Lokix, F, shiny|100/100
|turn|10
|
|t:|1760749870
|move|p1a: Lokix|First Impression|p2a: :gulp:
|-supereffective|p2a: :gulp:
|-damage|p2a: :gulp:|0 fnt
|faint|p2a: :gulp:
|-damage|p1a: Lokix|91/100|[from] item: Life Orb
|
|upkeep
|inactive|jarxP has 120 seconds left.
|
|t:|1760749899
|switch|p2a: sv goat|Great Tusk|100/100
|-status|p2a: sv goat|tox
|-damage|p2a: sv goat|98/100 tox|[from] Stealth Rock
|turn|11
|
|t:|1760749907
|switch|p1a: Ceruledge|Ceruledge, M|100/100
|move|p2a: sv goat|Rapid Spin|p1a: Ceruledge
|-immune|p1a: Ceruledge
|
|-damage|p2a: sv goat|91/100 tox|[from] psn
|upkeep
|turn|12
|
|t:|1760749921
|-terastallize|p1a: Ceruledge|Grass
|move|p2a: sv goat|Headlong Rush|p1a: Ceruledge
|-resisted|p1a: Ceruledge
|-damage|p1a: Ceruledge|69/100
|-unboost|p2a: sv goat|def|1
|-unboost|p2a: sv goat|spd|1
|-ability|p1a: Ceruledge|Weak Armor|boost
|-unboost|p1a: Ceruledge|def|1
|-boost|p1a: Ceruledge|spe|2
|move|p1a: Ceruledge|Swords Dance|p1a: Ceruledge
|-boost|p1a: Ceruledge|atk|2
|
|-damage|p2a: sv goat|79/100 tox|[from] psn
|upkeep
|turn|13
|inactive|jarxP has 120 seconds left.
|
|t:|1760749938
|-end|p2a: sv goat|Protosynthesis|[silent]
|switch|p2a: lwk goat|Gliscor, M, shiny|100/100 tox
|-damage|p2a: lwk goat|88/100 tox|[from] Stealth Rock
|move|p1a: Ceruledge|Shadow Claw|p2a: lwk goat
|-damage|p2a: lwk goat|33/100 tox
|
|-heal|p2a: lwk goat|46/100 tox|[from] ability: Poison Heal
|upkeep
|turn|14
|inactive|jarxP has 120 seconds left.
|
|t:|1760749947
|move|p2a: lwk goat|Protect|p2a: lwk goat
|-singleturn|p2a: lwk goat|Protect
|move|p1a: Ceruledge|Shadow Claw|p2a: lwk goat
|-activate|p2a: lwk goat|move: Protect
|
|-heal|p2a: lwk goat|58/100 tox|[from] ability: Poison Heal
|upkeep
|turn|15
|inactive|jarxP has 120 seconds left.
|
|t:|1760749963
|-terastallize|p2a: lwk goat|Water
|move|p1a: Ceruledge|Shadow Claw|p2a: lwk goat
|-damage|p2a: lwk goat|6/100 tox
|move|p2a: lwk goat|Toxic|p1a: Ceruledge
|-status|p1a: Ceruledge|tox
|
|-damage|p1a: Ceruledge|63/100 tox|[from] psn
|-heal|p2a: lwk goat|19/100 tox|[from] ability: Poison Heal
|upkeep
|turn|16
|inactive|jarxP has 120 seconds left.
|
|t:|1760749973
|move|p2a: lwk goat|Protect|p2a: lwk goat
|-singleturn|p2a: lwk goat|Protect
|move|p1a: Ceruledge|Shadow Claw|p2a: lwk goat
|-activate|p2a: lwk goat|move: Protect
|
|-damage|p1a: Ceruledge|51/100 tox|[from] psn
|-heal|p2a: lwk goat|31/100 tox|[from] ability: Poison Heal
|upkeep
|turn|17
|inactive|jarxP has 120 seconds left.
|
|t:|1760749983
|move|p1a: Ceruledge|Shadow Claw|p2a: lwk goat
|-damage|p2a: lwk goat|0 fnt
|faint|p2a: lwk goat
|
|-damage|p1a: Ceruledge|32/100 tox|[from] psn
|upkeep
|inactive|jarxP has 120 seconds left.
|
|t:|1760750000
|switch|p2a: sv goat|Great Tusk|79/100 tox
|-damage|p2a: sv goat|76/100 tox|[from] Stealth Rock
|turn|18
|
|t:|1760750010
|move|p1a: Ceruledge|Shadow Claw|p2a: sv goat
|-damage|p2a: sv goat|27/100 tox
|move|p2a: sv goat|Rapid Spin|p1a: Ceruledge
|-damage|p1a: Ceruledge|6/100 tox
|-boost|p2a: sv goat|spe|1
|-ability|p1a: Ceruledge|Weak Armor|boost
|-unboost|p1a: Ceruledge|def|1
|-boost|p1a: Ceruledge|spe|2
|-sideend|p2: jarxP|Toxic Spikes|[from] move: Rapid Spin|[of] p2a: sv goat
|-sideend|p2: jarxP|Stealth Rock|[from] move: Rapid Spin|[of] p2a: sv goat
|
|-damage|p1a: Ceruledge|0 fnt|[from] psn
|faint|p1a: Ceruledge
|-damage|p2a: sv goat|20/100 tox|[from] psn
|upkeep
|
|t:|1760750032
|switch|p1a: Lokix|Lokix, F, shiny|91/100
|turn|19
|
|t:|1760750038
|move|p1a: Lokix|First Impression|p2a: sv goat
|-resisted|p2a: sv goat
|-damage|p2a: sv goat|0 fnt
|faint|p2a: sv goat
|-end|p2a: sv goat|Protosynthesis|[silent]
|-damage|p1a: Lokix|81/100|[from] item: Life Orb
|
|upkeep
|inactive|jarxP has 120 seconds left.
|
|t:|1760750057
|switch|p2a: rocky|Garganacl, F|100/100
|turn|20
|inactive|jarxP has 120 seconds left.
|
|t:|1760750064
|move|p1a: Lokix|Axe Kick|p2a: rocky
|-supereffective|p2a: rocky
|-damage|p2a: rocky|35/100
|-damage|p1a: Lokix|71/100|[from] item: Life Orb
|move|p2a: rocky|Salt Cure|p1a: Lokix
|-supereffective|p1a: Lokix
|-damage|p1a: Lokix|31/100
|-start|p1a: Lokix|Salt Cure
|
|-heal|p2a: rocky|42/100|[from] item: Leftovers
|-damage|p1a: Lokix|18/100|[from] Salt Cure
|upkeep
|turn|21
|inactive|jarxP has 120 seconds left.
|
|t:|1760750079
|switch|p1a: Scizor|Scizor, M, shiny|100/100
|switch|p2a: hesgonnasaythenwor|Dragapult, M|100/100
|
|upkeep
|turn|22
|inactive|jarxP has 120 seconds left.
|
|t:|1760750095
|move|p1a: Scizor|Bullet Punch|p2a: hesgonnasaythenwor
|-damage|p2a: hesgonnasaythenwor|40/100
|move|p2a: hesgonnasaythenwor|Draco Meteor|p1a: Scizor
|-resisted|p1a: Scizor
|-damage|p1a: Scizor|52/100
|-unboost|p2a: hesgonnasaythenwor|spa|2
|
|upkeep
|turn|23
|
|t:|1760750101
|move|p1a: Scizor|Bullet Punch|p2a: hesgonnasaythenwor
|-damage|p2a: hesgonnasaythenwor|0 fnt
|faint|p2a: hesgonnasaythenwor
|
|upkeep
|
|t:|1760750103
|switch|p2a: rocky|Garganacl, F|42/100
|turn|24
|
|t:|1760750107
|move|p1a: Scizor|Bullet Punch|p2a: rocky
|-supereffective|p2a: rocky
|-damage|p2a: rocky|0 fnt
|faint|p2a: rocky
|
|win|isaidjhon11
|raw|isaidjhon11's rating: 1193 &rarr; <strong>1221</strong><br />(+28 for winning)
|raw|jarxP's rating: 1241 &rarr; <strong>1213</strong><br />(-28 for losing)
|l|☆jarxP
|player|p2|
|l|☆isaidjhon11
|player|p1|
