|j|☆Stopbatonpassing
|j|☆jayjoe100
|t:|1760769239
|gametype|singles
|player|p1|Stopbatonpassing|steven|1134
|player|p2|jayjoe100|266|1106
|gen|9
|tier|[Gen 9] OU
|rated|
|rule|HP Percentage Mod: HP is shown in percentages
|rule|Endless Battle Clause: Forcing endless battles is banned
|rule|Species Clause: Limit one of each Pokémon
|rule|OHKO Clause: OHKO moves are banned
|rule|Evasion Items Clause: Evasion items are banned
|rule|Evasion Moves Clause: Evasion moves are banned
|rule|Evasion Abilities Clause: Evasion abilities are banned
|rule|Sleep Moves Clause: Sleep-inducing moves are banned
|clearpoke
|poke|p1|Kleavor, M|
|poke|p1|Alomomola, M|
|poke|p1|Dragapult, F|
|poke|p1|Corviknight, F|
|poke|p1|Iron Valiant|
|poke|p1|Goodra-Hisui, F|
|poke|p2|Pecharunt|
|poke|p2|Ogerpon-Wellspring, F|
|poke|p2|Hatterene, F|
|poke|p2|Meowscarada, F|
|poke|p2|Landorus-Therian, M|
|poke|p2|Ting-Lu|
|teampreview
|inactive|Battle timer is ON: inactive players will automatically lose when time's up. (requested by Stopbatonpassing)
|
|t:|1760769266
|teamsize|p1|6
|teamsize|p2|6
|start
|switch|p1a: Dragapult|Dragapult, F|100/100
|switch|p2a: Landorus|Landorus-Therian, M|100/100
|-ability|p2a: Landorus|Intimidate|boost
|-unboost|p1a: Dragapult|atk|1
|turn|1
|
|t:|1760769272
|move|p1a: Dragapult|Surf|p2a: Landorus
|-supereffective|p2a: Landorus
|-damage|p2a: Landorus|15/100
|move|p2a: Landorus|Stealth Rock|p1a: Dragapult
|-sidestart|p1: Stopbatonpassing|move: Stealth Rock
|
|upkeep
|turn|2
|
|t:|1760769285
|switch|p2a: Meowscarada|Meowscarada, F|100/100
|move|p1a: Dragapult|Shadow Ball|p2a: Meowscarada
|-resisted|p2a: Meowscarada
|-damage|p2a: Meowscarada|74/100
|
|upkeep
|turn|3
|
|t:|1760769294
|move|p1a: Dragapult|U-turn|p2a: Meowscarada
|-supereffective|p2a: Meowscarada
|-damage|p2a: Meowscarada|0 fnt
|faint|p2a: Meowscarada
|
|t:|1760769299
|switch|p1a: Kleavor|Kleavor, M|100/100|[from] U-turn
|-damage|p1a: Kleavor|75/100|[from] Stealth Rock
|
|upkeep
|
|t:|1760769306
|switch|p2a: Landorus|Landorus-Therian, M|15/100
|-ability|p2a: Landorus|Intimidate|boost
|-unboost|p1a: Kleavor|atk|1
|turn|4
|
|t:|1760769309
|move|p2a: Landorus|Earthquake|p1a: Kleavor
|-damage|p1a: Kleavor|16/100
|move|p1a: Kleavor|Stone Axe|p2a: Landorus
|-damage|p2a: Landorus|0 fnt
|-damage|p1a: Kleavor|0 fnt|[from] item: Rocky Helmet|[of] p2a: Landorus
|faint|p2a: Landorus
|faint|p1a: Kleavor
|
|upkeep
|
|t:|1760769330
|switch|p2a: Hatterene|Hatterene, F|100/100
|switch|p1a: Corviknight|Corviknight, F|100/100
|-damage|p1a: Corviknight|88/100|[from] Stealth Rock
|-ability|p1a: Corviknight|Pressure
|turn|5
|
|t:|1760769337
|move|p1a: Corviknight|Brave Bird|p2a: Hatterene
|-damage|p2a: Hatterene|72/100
|-damage|p1a: Corviknight|81/100|[from] Recoil
|-enditem|p2a: Hatterene|Eject Button
|
|t:|1760769360
|switch|p2a: Ting-Lu|Ting-Lu|100/100
|-ability|p2a: Ting-Lu|Vessel of Ruin
|
|-heal|p1a: Corviknight|87/100|[from] item: Leftovers
|upkeep
|turn|6
|
|t:|1760769367
|move|p1a: Corviknight|Brave Bird|p2a: Ting-Lu
|-damage|p2a: Ting-Lu|80/100
|-damage|p1a: Corviknight|78/100|[from] Recoil
|move|p2a: Ting-Lu|Ruination|p1a: Corviknight
|-damage|p1a: Corviknight|39/100
|
|-heal|p1a: Corviknight|45/100|[from] item: Leftovers
|-heal|p2a: Ting-Lu|87/100|[from] item: Leftovers
|upkeep
|turn|7
|
|t:|1760769373
|move|p1a: Corviknight|Roost|p1a: Corviknight
|-heal|p1a: Corviknight|95/100
|-singleturn|p1a: Corviknight|move: Roost
|move|p2a: Ting-Lu|Whirlwind|p1a: Corviknight
|drag|p1a: Dragapult|Dragapult, F|100/100
|-damage|p1a: Dragapult|88/100|[from] Stealth Rock
|
|-heal|p2a: Ting-Lu|93/100|[from] item: Leftovers
|upkeep
|turn|8
|
|t:|1760769380
|move|p1a: Dragapult|Surf|p2a: Ting-Lu
|-supereffective|p2a: Ting-Lu
|-damage|p2a: Ting-Lu|68/100
|move|p2a: Ting-Lu|Earthquake|p1a: Dragapult
|-damage|p1a: Dragapult|41/100
|
|-heal|p2a: Ting-Lu|74/100|[from] item: Leftovers
|upkeep
|turn|9
|
|t:|1760769385
|move|p1a: Dragapult|Will-O-Wisp|p2a: Ting-Lu
|-status|p2a: Ting-Lu|brn
|move|p2a: Ting-Lu|Earthquake|p1a: Dragapult
|-damage|p1a: Dragapult|15/100
|
|-heal|p2a: Ting-Lu|81/100 brn|[from] item: Leftovers
|-damage|p2a: Ting-Lu|74/100 brn|[from] brn
|upkeep
|turn|10
|
|t:|1760769389
|move|p1a: Dragapult|U-turn|p2a: Ting-Lu
|-supereffective|p2a: Ting-Lu
|-damage|p2a: Ting-Lu|54/100 brn
|
|t:|1760769392
|switch|p1a: Alomomola|Alomomola, M|100/100|[from] U-turn
|move|p2a: Ting-Lu|Earthquake|p1a: Alomomola
|-damage|p1a: Alomomola|91/100
|
|-heal|p2a: Ting-Lu|60/100 brn|[from] item: Leftovers
|-damage|p2a: Ting-Lu|54/100 brn|[from] brn
|upkeep
|turn|11
|
|t:|1760769394
|move|p2a: Ting-Lu|Ruination|p1a: Alomomola
|-damage|p1a: Alomomola|46/100
|move|p1a: Alomomola|Wish|p1a: Alomomola
|
|-heal|p2a: Ting-Lu|60/100 brn|[from] item: Leftovers
|-damage|p2a: Ting-Lu|54/100 brn|[from] brn
|upkeep
|turn|12
|
|t:|1760769407
|switch|p2a: Ogerpon|Ogerpon-Wellspring, F|100/100
|move|p1a: Alomomola|Protect||[still]
|-fail|p1a: Alomomola
|
|-heal|p1a: Alomomola|96/100|[from] move: Wish|[wisher] Alomomola
|upkeep
|turn|13
|
|t:|1760769416
|switch|p1a: Goodra|Goodra-Hisui, F|100/100
|-damage|p1a: Goodra|95/100|[from] Stealth Rock
|move|p2a: Ogerpon|Encore||[still]
|-fail|p2a: Ogerpon
|
|-heal|p1a: Goodra|100/100|[from] item: Leftovers
|upkeep
|turn|14
|
|t:|1760769423
|move|p2a: Ogerpon|Knock Off|p1a: Goodra
|-damage|p1a: Goodra|67/100
|-enditem|p1a: Goodra|Leftovers|[from] move: Knock Off|[of] p2a: Ogerpon
|move|p1a: Goodra|Draco Meteor|p2a: Ogerpon
|-damage|p2a: Ogerpon|43/100
|-unboost|p1a: Goodra|spa|2
|
|upkeep
|turn|15
|
|t:|1760769435
|switch|p2a: Hatterene|Hatterene, F|72/100
|move|p1a: Goodra|Counter||[still]
|-fail|p1a: Goodra
|
|upkeep
|turn|16
|
|t:|1760769438
|move|p1a: Goodra|Heavy Slam|p2a: Hatterene
|-supereffective|p2a: Hatterene
|-damage|p2a: Hatterene|0 fnt
|faint|p2a: Hatterene
|
|upkeep
|
|t:|1760769444
|switch|p2a: Ting-Lu|Ting-Lu|54/100 brn
|-ability|p2a: Ting-Lu|Vessel of Ruin
|turn|17
|
|t:|1760769447
|move|p2a: Ting-Lu|Earthquake|p1a: Goodra
|-supereffective|p1a: Goodra
|-damage|p1a: Goodra|33/100
|move|p1a: Goodra|Counter|p2a: Ting-Lu
|-damage|p2a: Ting-Lu|14/100 brn
|
|-heal|p2a: Ting-Lu|20/100 brn|[from] item: Leftovers
|-damage|p2a: Ting-Lu|14/100 brn|[from] brn
|upkeep
|turn|18
|
|t:|1760769453
|move|p1a: Goodra|Life Dew|p1a: Goodra
|-heal|p1a: Goodra|58/100
|move|p2a: Ting-Lu|Earthquake|p1a: Goodra
|-supereffective|p1a: Goodra
|-damage|p1a: Goodra|24/100
|
|-heal|p2a: Ting-Lu|20/100 brn|[from] item: Leftovers
|-damage|p2a: Ting-Lu|14/100 brn|[from] brn
|upkeep
|turn|19
|-message|jayjoe100 forfeited.
|
|win|Stopbatonpassing
|raw|Stopbatonpassing's rating: 1134 &rarr; <strong>1157</strong><br />(+23 for winning)
|raw|jayjoe100's rating: 1106 &rarr; <strong>1083</strong><br />(-23 for losing)
|l|☆jayjoe100
|player|p2|
|l|☆Stopbatonpassing
|player|p1|
