|j|‽messsprit
|j|☆xxeva
|t:|1760817174
|gametype|singles
|player|p1|messsprit|fantina|1067
|player|p2|xxeva|hilbert-wonderlauncher|1113
|gen|9
|tier|[Gen 9] OU
|rated|
|rule|HP Percentage Mod: HP is shown in percentages
|rule|Endless Battle Clause: Forcing endless battles is banned
|rule|Species Clause: Limit one of each Pokémon
|rule|OHKO Clause: OHKO moves are banned
|rule|Evasion Items Clause: Evasion items are banned
|rule|Evasion Moves Clause: Evasion moves are banned
|rule|Evasion Abilities Clause: Evasion abilities are banned
|rule|Sleep Moves Clause: Sleep-inducing moves are banned
|clearpoke
|poke|p1|Meowscarada, M|
|poke|p1|Great Tusk|
|poke|p1|Pecharunt|
|poke|p1|Gothitelle, M|
|poke|p1|Iron Boulder|
|poke|p1|Kilowattrel, M|
|poke|p2|Kyurem|
|poke|p2|Corviknight, F|
|poke|p2|Ting-Lu|
|poke|p2|Dondozo, F|
|poke|p2|Slowking-Galar, L99, F|
|poke|p2|Cinderace, M|
|teampreview
|l|‽messsprit
|player|p1|
|inactive|Battle timer is ON: inactive players will automatically lose when time's up. (requested by xxeva)
|j|‽messsprit
|inactive|messsprit reconnected and has 150 seconds left.
|player|p1|messsprit|fantina|
|l|‽messsprit
|inactive|messsprit disconnected and has a minute to reconnect!
|player|p1|
|j|‽messsprit
|inactive|messsprit reconnected and has 145 seconds left.
|player|p1|messsprit|fantina|
|n|‽messsprit|messsprit
|l|‽messsprit
|inactive|messsprit disconnected and has a minute to reconnect!
|player|p1|
|inactive|messsprit has 30 seconds to reconnect!
|inactive|messsprit has 20 seconds to reconnect!
|j|☆messsprit
|inactive|messsprit reconnected and has 100 seconds left.
|player|p1|messsprit|fantina|
|inactive|messsprit has 90 seconds left.
|
|t:|1760817258
|teamsize|p1|6
|teamsize|p2|6
|start
|switch|p1a: Great Tusk|Great Tusk|100/100
|switch|p2a: Cinderace|Cinderace, M|100/100
|turn|1
|
|t:|1760817273
|move|p2a: Cinderace|U-turn|p1a: Great Tusk
|-resisted|p1a: Great Tusk
|-damage|p1a: Great Tusk|93/100
|-damage|p2a: Cinderace|84/100|[from] item: Rocky Helmet|[of] p1a: Great Tusk
|
|t:|1760817286
|switch|p2a: Corviknight|Corviknight, F|100/100|[from] U-turn
|-ability|p2a: Corviknight|Pressure
|move|p1a: Great Tusk|Earthquake|p2a: Corviknight
|-immune|p2a: Corviknight
|
|upkeep
|turn|2
|
|t:|1760817299
|move|p1a: Great Tusk|Fire Fang|p2a: Corviknight
|-supereffective|p2a: Corviknight
|-damage|p2a: Corviknight|74/100
|-damage|p1a: Great Tusk|77/100|[from] item: Rocky Helmet|[of] p2a: Corviknight
|move|p2a: Corviknight|Brave Bird|p1a: Great Tusk
|-supereffective|p1a: Great Tusk
|-damage|p1a: Great Tusk|23/100
|-damage|p2a: Corviknight|57/100|[from] item: Rocky Helmet|[of] p1a: Great Tusk
|-damage|p2a: Corviknight|41/100|[from] Recoil
|
|upkeep
|turn|3
|
|t:|1760817319
|move|p1a: Great Tusk|Stealth Rock|p2a: Corviknight
|-sidestart|p2: xxeva|move: Stealth Rock
|move|p2a: Corviknight|Roost|p2a: Corviknight
|-heal|p2a: Corviknight|91/100
|-singleturn|p2a: Corviknight|move: Roost
|
|upkeep
|turn|4
|
|t:|1760817328
|-end|p1a: Great Tusk|Protosynthesis|[silent]
|switch|p1a: Gothitelle|Gothitelle, M|100/100
|move|p2a: Corviknight|Defog|p1a: Gothitelle
|-unboost|p1a: Gothitelle|evasion|1
|-ability|p1a: Gothitelle|Competitive|boost
|-boost|p1a: Gothitelle|spa|2
|-sideend|p2: xxeva|Stealth Rock|[from] move: Defog|[of] p2a: Corviknight
|
|upkeep
|turn|5
|inactive|messsprit has 120 seconds left.
|inactive|xxeva has 120 seconds left.
|
|t:|1760817359
|move|p1a: Gothitelle|Psychic Noise|p2a: Corviknight
|-resisted|p2a: Corviknight
|-damage|p2a: Corviknight|61/100
|-start|p2a: Corviknight|move: Heal Block
|move|p2a: Corviknight|U-turn|p1a: Gothitelle
|-supereffective|p1a: Gothitelle
|-damage|p1a: Gothitelle|66/100
|-damage|p2a: Corviknight|45/100|[from] item: Rocky Helmet|[of] p1a: Gothitelle
|inactive|xxeva has 120 seconds left.
|
|t:|1760817373
|switch|p2a: Ting-Lu|Ting-Lu|100/100|[from] U-turn
|-ability|p2a: Ting-Lu|Vessel of Ruin
|
|upkeep
|turn|6
|inactive|xxeva has 120 seconds left.
|inactive|messsprit has 120 seconds left.
|
|t:|1760817386
|-terastallize|p1a: Gothitelle|Fighting
|move|p1a: Gothitelle|Tera Blast|p2a: Ting-Lu|[anim] Tera Blast Fighting
|-supereffective|p2a: Ting-Lu
|-damage|p2a: Ting-Lu|41/100
|move|p2a: Ting-Lu|Stealth Rock|p1a: Gothitelle
|-sidestart|p1: messsprit|move: Stealth Rock
|
|-heal|p2a: Ting-Lu|47/100|[from] item: Leftovers
|upkeep
|turn|7
|inactive|xxeva has 120 seconds left.
|inactive|messsprit has 120 seconds left.
|
|t:|1760817412
|switch|p2a: Dondozo|Dondozo, F|100/100
|move|p1a: Gothitelle|Tera Blast|p2a: Dondozo|[anim] Tera Blast Fighting
|-damage|p2a: Dondozo|64/100
|
|-heal|p2a: Dondozo|70/100|[from] item: Leftovers
|upkeep
|turn|8
|
|t:|1760817431
|move|p1a: Gothitelle|Psychic Noise|p2a: Dondozo
|-damage|p2a: Dondozo|40/100
|-start|p2a: Dondozo|move: Heal Block
|move|p2a: Dondozo|Curse|p2a: Dondozo
|-unboost|p2a: Dondozo|spe|1
|-boost|p2a: Dondozo|atk|1
|-boost|p2a: Dondozo|def|1
|
|upkeep
|turn|9
|inactive|messsprit has 90 seconds left.
|inactive|xxeva has 90 seconds left.
|
|t:|1760817457
|move|p1a: Gothitelle|Gravity|p1a: Gothitelle
|-fieldstart|move: Gravity
|move|p2a: Dondozo|Waterfall|p1a: Gothitelle
|-damage|p1a: Gothitelle|20/100
|-damage|p2a: Dondozo|23/100|[from] item: Rocky Helmet|[of] p1a: Gothitelle
|
|-end|p2a: Dondozo|move: Heal Block
|upkeep
|turn|10
|inactive|messsprit has 90 seconds left.
|
|t:|1760817471
|move|p1a: Gothitelle|Tera Blast|p2a: Dondozo|[anim] Tera Blast Fighting
|-damage|p2a: Dondozo|0 fnt
|faint|p2a: Dondozo
|
|upkeep
|inactive|xxeva has 90 seconds left.
|
|t:|1760817482
|switch|p2a: Kyurem|Kyurem|100/100
|-ability|p2a: Kyurem|Pressure
|turn|11
|inactive|messsprit has 90 seconds left.
|inactive|xxeva has 90 seconds left.
|
|t:|1760817505
|switch|p1a: Meowscarada|Meowscarada, M|100/100
|-damage|p1a: Meowscarada|88/100|[from] Stealth Rock
|move|p2a: Kyurem|Earth Power|p1a: Meowscarada
|-resisted|p1a: Meowscarada
|-damage|p1a: Meowscarada|60/100
|
|upkeep
|turn|12
|inactive|xxeva has 90 seconds left.
|
|t:|1760817528
|switch|p2a: Corviknight|Corviknight, F|45/100
|-ability|p2a: Corviknight|Pressure
|move|p1a: Meowscarada|Knock Off|p2a: Corviknight
|-start|p1a: Meowscarada|typechange|Dark|[from] ability: Protean
|-damage|p2a: Corviknight|17/100
|-damage|p1a: Meowscarada|44/100|[from] item: Rocky Helmet|[of] p2a: Corviknight
|-enditem|p2a: Corviknight|Rocky Helmet|[from] move: Knock Off|[of] p1a: Meowscarada
|
|upkeep
|turn|13
|inactive|xxeva has 90 seconds left.
|
|t:|1760817538
|move|p1a: Meowscarada|Knock Off|p2a: Corviknight
|-damage|p2a: Corviknight|0 fnt
|faint|p2a: Corviknight
|
|-fieldend|move: Gravity
|upkeep
|c|☆messsprit|DONT STALL TIME
|c|☆messsprit|LOSER
|c|☆xxeva|?
|c|☆messsprit|NOT
|c|☆messsprit|DO
|c|☆messsprit|STALL TIME
|c|☆xxeva|im not..?
|
|t:|1760817565
|switch|p2a: Kyurem|Kyurem|100/100
|-ability|p2a: Kyurem|Pressure
|turn|14
|c|☆messsprit|FAILORUS
|c|☆messsprit|PERSON
|c|☆xxeva|r u ok
|c|☆messsprit|FAILED PERSON
|
|t:|1760817588
|move|p1a: Meowscarada|Knock Off|p2a: Kyurem
|-damage|p2a: Kyurem|60/100
|-enditem|p2a: Kyurem|Leftovers|[from] move: Knock Off|[of] p1a: Meowscarada
|move|p2a: Kyurem|Freeze-Dry|p1a: Meowscarada
|-damage|p1a: Meowscarada|0 fnt
|faint|p1a: Meowscarada
|
|upkeep
|c|☆messsprit|NO, ARE YOU OK?
|c|☆messsprit|LOSER?
|inactive|messsprit has 60 seconds left.
|c|☆messsprit|I AM GOING TO KILL YOU
|c|☆messsprit|DO YOU UNDERSTAND?
|c|☆xxeva|My guy is straight out of a temp6t video
|c|☆messsprit|I AM GOING TO KILL YOU
|inactive|messsprit has 30 seconds left.
|inactive|messsprit has 20 seconds left.
|
|t:|1760817644
|switch|p1a: Iron Boulder|Iron Boulder|100/100
|-damage|p1a: Iron Boulder|88/100|[from] Stealth Rock
|-enditem|p1a: Iron Boulder|Booster Energy
|-activate|p1a: Iron Boulder|ability: Quark Drive|[fromitem]
|-start|p1a: Iron Boulder|quarkdriveatk
|turn|15
|inactive|messsprit has 30 seconds left this turn.
|c|☆messsprit|i
|c|☆messsprit|am
|c|☆messsprit|going
|c|☆messsprit|to
|c|☆messsprit|destroy
|c|☆messsprit|u
|
|t:|1760817661
|move|p1a: Iron Boulder|Sandstorm|p1a: Iron Boulder
|-weather|Sandstorm
|move|p2a: Kyurem|Earth Power|p1a: Iron Boulder
|-supereffective|p1a: Iron Boulder
|-damage|p1a: Iron Boulder|49/100
|
|-weather|Sandstorm|[upkeep]
|-damage|p2a: Kyurem|53/100|[from] Sandstorm
|upkeep
|turn|16
|inactive|xxeva has 60 seconds left.
|
|t:|1760817681
|-terastallize|p2a: Kyurem|Ground
|move|p1a: Iron Boulder|Mighty Cleave|p2a: Kyurem
|-resisted|p2a: Kyurem
|-damage|p2a: Kyurem|23/100
|move|p2a: Kyurem|Earth Power|p1a: Iron Boulder
|-supereffective|p1a: Iron Boulder
|-damage|p1a: Iron Boulder|0 fnt
|faint|p1a: Iron Boulder
|-end|p1a: Iron Boulder|Quark Drive|[silent]
|
|-weather|Sandstorm|[upkeep]
|upkeep
|inactive|messsprit has 30 seconds left.
|inactive|messsprit has 20 seconds left.
|inactive|messsprit has 15 seconds left.
|
|t:|1760817710
|switch|p1a: Kilowattrel|Kilowattrel, M|100/100
|turn|17
|inactive|messsprit has 25 seconds left this turn.
|inactive|messsprit has 20 seconds left.
|inactive|messsprit has 15 seconds left.
|
|t:|1760817722
|move|p1a: Kilowattrel|Tailwind|p1a: Kilowattrel
|-sidestart|p1: messsprit|move: Tailwind
|-start|p1a: Kilowattrel|Charge|Tailwind|[from] ability: Wind Power
|move|p2a: Kyurem|Freeze-Dry|p1a: Kilowattrel
|-supereffective|p1a: Kilowattrel
|-damage|p1a: Kilowattrel|0 fnt
|faint|p1a: Kilowattrel
|
|-weather|Sandstorm|[upkeep]
|upkeep
|inactive|messsprit has 20 seconds left this turn.
|inactive|messsprit has 15 seconds left.
|
|t:|1760817729
|switch|p1a: Great Tusk|Great Tusk|23/100
|-damage|p1a: Great Tusk|20/100|[from] Stealth Rock
|turn|18
|inactive|messsprit has 25 seconds left this turn.
|
|t:|1760817735
|move|p2a: Kyurem|Protect|p2a: Kyurem
|-singleturn|p2a: Kyurem|Protect
|move|p1a: Great Tusk|Earthquake|p2a: Kyurem
|-activate|p2a: Kyurem|move: Protect
|
|-weather|Sandstorm|[upkeep]
|upkeep
|turn|19
|
|t:|1760817741
|move|p1a: Great Tusk|Earthquake|p2a: Kyurem
|-damage|p2a: Kyurem|0 fnt
|faint|p2a: Kyurem
|
|-weather|none
|upkeep
|
|t:|1760817751
|switch|p2a: Ting-Lu|Ting-Lu|47/100
|-ability|p2a: Ting-Lu|Vessel of Ruin
|turn|20
|
|t:|1760817770
|move|p1a: Great Tusk|Rapid Spin|p2a: Ting-Lu
|-damage|p2a: Ting-Lu|38/100
|-boost|p1a: Great Tusk|spe|1
|-sideend|p1: messsprit|Stealth Rock|[from] move: Rapid Spin|[of] p1a: Great Tusk
|move|p2a: Ting-Lu|Earthquake|p1a: Great Tusk
|-crit|p1a: Great Tusk
|-damage|p1a: Great Tusk|0 fnt
|faint|p1a: Great Tusk
|-end|p1a: Great Tusk|Protosynthesis|[silent]
|
|-heal|p2a: Ting-Lu|44/100|[from] item: Leftovers
|-sideend|p1: messsprit|move: Tailwind
|upkeep
|
|t:|1760817773
|switch|p1a: Pecharunt|Pecharunt|100/100
|turn|21
|
|t:|1760817779
|move|p1a: Pecharunt|Toxic|p2a: Ting-Lu
|-status|p2a: Ting-Lu|tox
|-start|p2a: Ting-Lu|confusion|[from] ability: Poison Puppeteer|[of] p1a: Pecharunt
|-activate|p2a: Ting-Lu|confusion
|move|p2a: Ting-Lu|Earthquake|p1a: Pecharunt
|-supereffective|p1a: Pecharunt
|-damage|p1a: Pecharunt|49/100
|
|-heal|p2a: Ting-Lu|50/100 tox|[from] item: Leftovers
|-damage|p2a: Ting-Lu|44/100 tox|[from] psn
|upkeep
|turn|22
|
|t:|1760817788
|move|p1a: Pecharunt|Parting Shot|p2a: Ting-Lu
|-unboost|p2a: Ting-Lu|atk|1
|-unboost|p2a: Ting-Lu|spa|1
|
|t:|1760817789
|switch|p1a: Gothitelle|Gothitelle, M, tera:Fighting|20/100|[from] Parting Shot
|-end|p2a: Ting-Lu|confusion
|move|p2a: Ting-Lu|Earthquake|p1a: Gothitelle
|-damage|p1a: Gothitelle|0 fnt
|faint|p1a: Gothitelle
|
|-heal|p2a: Ting-Lu|50/100 tox|[from] item: Leftovers
|-damage|p2a: Ting-Lu|38/100 tox|[from] psn
|upkeep
|l|☆messsprit
|inactive|messsprit disconnected and has a minute to reconnect!
|player|p1|
|inactive|messsprit has 30 seconds to reconnect!
|inactive|messsprit has 20 seconds to reconnect!
|inactive|messsprit has 15 seconds to reconnect!
|inactive|messsprit has 10 seconds to reconnect!
|inactive|messsprit has 5 seconds to reconnect!
|-message|messsprit lost due to inactivity.
|
|win|xxeva
