|j|☆Charle_phate
|j|☆leosyspu
|t:|1760851761
|gametype|singles
|player|p1|Charle_phate|blue|1399
|player|p2|leosyspu|cynthia|1399
|gen|9
|tier|[Gen 9] OU
|rated|
|rule|HP Percentage Mod: HP is shown in percentages
|rule|Endless Battle Clause: Forcing endless battles is banned
|rule|Species Clause: Limit one of each Pokémon
|rule|OHKO Clause: OHKO moves are banned
|rule|Evasion Items Clause: Evasion items are banned
|rule|Evasion Moves Clause: Evasion moves are banned
|rule|Evasion Abilities Clause: Evasion abilities are banned
|rule|Sleep Moves Clause: Sleep-inducing moves are banned
|clearpoke
|poke|p1|Serperior, M|
|poke|p1|Rotom-Wash|
|poke|p1|Zapdos|
|poke|p1|Heatran, F|
|poke|p1|Clefable, F|
|poke|p1|Landorus-Therian, M|
|poke|p2|Heracross, M|
|poke|p2|Pelipper, M|
|poke|p2|Gholdengo|
|poke|p2|Gliscor, M|
|poke|p2|Dragonite, F|
|poke|p2|Kingdra, M|
|teampreview
|inactive|Battle timer is ON: inactive players will automatically lose when time's up. (requested by leosyspu)
|
|t:|1760851779
|teamsize|p1|6
|teamsize|p2|6
|start
|switch|p1a: Rotom|Rotom-Wash|100/100
|switch|p2a: 最快最强技最多|Pelipper, M|100/100
|-weather|RainDance|[from] ability: Drizzle|[of] p2a: 最快最强技最多
|turn|1
|
|t:|1760851802
|switch|p2a: 铁甲卡布达|Heracross, M|100/100
|move|p1a: Rotom|Thunder Wave|p2a: 铁甲卡布达
|-status|p2a: 铁甲卡布达|par
|
|-weather|RainDance|[upkeep]
|upkeep
|turn|2
|
|t:|1760851819
|switch|p1a: Zapdos|Zapdos|100/100
|cant|p2a: 铁甲卡布达|par
|
|-weather|RainDance|[upkeep]
|upkeep
|turn|3
|inactive|Charle_phate has 120 seconds left.
|
|t:|1760851849
|switch|p2a: 易拉罐超人o|Gholdengo|100/100
|move|p1a: Zapdos|Ancient Power|p2a: 易拉罐超人o
|-resisted|p2a: 易拉罐超人o
|-damage|p2a: 易拉罐超人o|91/100
|
|-weather|RainDance|[upkeep]
|upkeep
|turn|4
|inactive|Charle_phate has 120 seconds left.
|
|t:|1760851863
|switch|p1a: Heatran|Heatran, F|100/100
|move|p2a: 易拉罐超人o|Trick|p1a: Heatran
|-activate|p2a: 易拉罐超人o|move: Trick|[of] p1a: Heatran
|-item|p1a: Heatran|Choice Scarf|[from] move: Trick
|-item|p2a: 易拉罐超人o|Leftovers|[from] move: Trick
|
|-weather|RainDance|[upkeep]
|-heal|p2a: 易拉罐超人o|97/100|[from] item: Leftovers
|upkeep
|turn|5
|inactive|Charle_phate has 120 seconds left.
|
|t:|1760851886
|switch|p2a: 东海水泡王|Kingdra, M|100/100
|move|p1a: Heatran|Ancient Power|p2a: 东海水泡王
|-damage|p2a: 东海水泡王|79/100
|-boost|p1a: Heatran|atk|1
|-boost|p1a: Heatran|def|1
|-boost|p1a: Heatran|spa|1
|-boost|p1a: Heatran|spd|1
|-boost|p1a: Heatran|spe|1
|
|-weather|RainDance|[upkeep]
|upkeep
|turn|6
|
|t:|1760851896
|-terastallize|p2a: 东海水泡王|Water
|move|p2a: 东海水泡王|Weather Ball|p1a: Heatran
|-supereffective|p1a: Heatran
|-damage|p1a: Heatran|0 fnt
|faint|p1a: Heatran
|
|-weather|RainDance|[upkeep]
|upkeep
|
|t:|1760851918
|switch|p1a: Rotom|Rotom-Wash|100/100
|turn|7
|
|t:|1760851924
|switch|p2a: 铁甲卡布达|Heracross, M|100/100 par
|move|p1a: Rotom|Thunder Wave|p2a: 铁甲卡布达
|-fail|p2a: 铁甲卡布达|par
|
|-weather|RainDance|[upkeep]
|upkeep
|turn|8
|
|t:|1760851934
|move|p1a: Rotom|Charge Beam|p2a: 铁甲卡布达
|-damage|p2a: 铁甲卡布达|81/100 par
|-boost|p1a: Rotom|spa|1
|move|p2a: 铁甲卡布达|Stone Edge|p1a: Rotom
|-damage|p1a: Rotom|51/100
|
|-weather|none
|-heal|p1a: Rotom|57/100|[from] item: Leftovers
|upkeep
|turn|9
|inactive|Charle_phate has 120 seconds left.
|
|t:|1760851943
|move|p1a: Rotom|Hydro Pump|p2a: 铁甲卡布达
|-damage|p2a: 铁甲卡布达|9/100 par
|move|p2a: 铁甲卡布达|Close Combat|p1a: Rotom
|-damage|p1a: Rotom|0 fnt
|-unboost|p2a: 铁甲卡布达|def|1
|-unboost|p2a: 铁甲卡布达|spd|1
|faint|p1a: Rotom
|
|upkeep
|inactive|Charle_phate has 120 seconds left.
|
|t:|1760851955
|switch|p1a: Zapdos|Zapdos|100/100
|turn|10
|
|t:|1760851959
|move|p1a: Zapdos|Ancient Power|p2a: 铁甲卡布达
|-damage|p2a: 铁甲卡布达|0 fnt
|faint|p2a: 铁甲卡布达
|
|upkeep
|
|t:|1760851969
|switch|p2a: 易拉罐超人o|Gholdengo|97/100
|turn|11
|inactive|Charle_phate has 120 seconds left.
|
|t:|1760851990
|move|p1a: Zapdos|Ancient Power|p2a: 易拉罐超人o
|-resisted|p2a: 易拉罐超人o
|-damage|p2a: 易拉罐超人o|88/100
|move|p2a: 易拉罐超人o|Shadow Ball|p1a: Zapdos
|-damage|p1a: Zapdos|64/100
|
|-heal|p2a: 易拉罐超人o|94/100|[from] item: Leftovers
|upkeep
|turn|12
|
|t:|1760851999
|move|p1a: Zapdos|Ancient Power|p2a: 易拉罐超人o
|-resisted|p2a: 易拉罐超人o
|-damage|p2a: 易拉罐超人o|85/100
|move|p2a: 易拉罐超人o|Shadow Ball|p1a: Zapdos
|-damage|p1a: Zapdos|27/100
|-unboost|p1a: Zapdos|spd|1
|
|-heal|p2a: 易拉罐超人o|91/100|[from] item: Leftovers
|upkeep
|turn|13
|
|t:|1760852011
|switch|p1a: Serperior|Serperior, M|100/100
|move|p2a: 易拉罐超人o|Shadow Ball|p1a: Serperior
|-damage|p1a: Serperior|53/100
|
|-heal|p1a: Serperior|59/100|[from] item: Leftovers
|-heal|p2a: 易拉罐超人o|97/100|[from] item: Leftovers
|upkeep
|turn|14
|
|t:|1760852020
|move|p1a: Serperior|Leaf Storm|p2a: 易拉罐超人o
|-resisted|p2a: 易拉罐超人o
|-damage|p2a: 易拉罐超人o|77/100
|-boost|p1a: Serperior|spa|2
|move|p2a: 易拉罐超人o|Shadow Ball|p1a: Serperior
|-damage|p1a: Serperior|15/100
|
|-heal|p1a: Serperior|21/100|[from] item: Leftovers
|-heal|p2a: 易拉罐超人o|83/100|[from] item: Leftovers
|upkeep
|turn|15
|
|t:|1760852041
|move|p1a: Serperior|Leaf Storm|p2a: 易拉罐超人o|[miss]
|-miss|p1a: Serperior|p2a: 易拉罐超人o
|move|p2a: 易拉罐超人o|Shadow Ball|p1a: Serperior
|-damage|p1a: Serperior|0 fnt
|faint|p1a: Serperior
|
|-heal|p2a: 易拉罐超人o|89/100|[from] item: Leftovers
|upkeep
|
|t:|1760852045
|switch|p1a: Landorus|Landorus-Therian, M|100/100
|-ability|p1a: Landorus|Intimidate|boost
|-unboost|p2a: 易拉罐超人o|atk|1
|turn|16
|
|t:|1760852056
|switch|p2a: 剧毒老是空废物|Gliscor, M|100/100
|move|p1a: Landorus|Swords Dance|p1a: Landorus
|-boost|p1a: Landorus|atk|2
|
|-status|p2a: 剧毒老是空废物|tox|[from] item: Toxic Orb
|upkeep
|turn|17
|
|t:|1760852073
|move|p1a: Landorus|Stone Edge|p2a: 剧毒老是空废物
|-damage|p2a: 剧毒老是空废物|57/100 tox
|move|p2a: 剧毒老是空废物|Toxic|p1a: Landorus
|-status|p1a: Landorus|tox
|
|-damage|p1a: Landorus|94/100 tox|[from] psn
|-heal|p2a: 剧毒老是空废物|70/100 tox|[from] ability: Poison Heal
|upkeep
|turn|18
|
|t:|1760852083
|move|p2a: 剧毒老是空废物|Protect|p2a: 剧毒老是空废物
|-singleturn|p2a: 剧毒老是空废物|Protect
|move|p1a: Landorus|Swords Dance|p1a: Landorus
|-boost|p1a: Landorus|atk|2
|
|-heal|p1a: Landorus|100/100 tox|[from] item: Leftovers
|-damage|p1a: Landorus|88/100 tox|[from] psn
|-heal|p2a: 剧毒老是空废物|82/100 tox|[from] ability: Poison Heal
|upkeep
|turn|19
|
|t:|1760852103
|move|p2a: 剧毒老是空废物|Protect||[still]
|-fail|p2a: 剧毒老是空废物
|move|p1a: Landorus|Stone Edge|p2a: 剧毒老是空废物
|-damage|p2a: 剧毒老是空废物|10/100 tox
|
|-heal|p1a: Landorus|94/100 tox|[from] item: Leftovers
|-damage|p1a: Landorus|75/100 tox|[from] psn
|-heal|p2a: 剧毒老是空废物|23/100 tox|[from] ability: Poison Heal
|upkeep
|turn|20
|
|t:|1760852113
|move|p2a: 剧毒老是空废物|Protect|p2a: 剧毒老是空废物
|-singleturn|p2a: 剧毒老是空废物|Protect
|move|p1a: Landorus|Swords Dance|p1a: Landorus
|-boost|p1a: Landorus|atk|2
|
|-heal|p1a: Landorus|82/100 tox|[from] item: Leftovers
|-damage|p1a: Landorus|57/100 tox|[from] psn
|-heal|p2a: 剧毒老是空废物|35/100 tox|[from] ability: Poison Heal
|upkeep
|turn|21
|
|t:|1760852124
|switch|p2a: 最快最强技最多|Pelipper, M|100/100
|-weather|RainDance|[from] ability: Drizzle|[of] p2a: 最快最强技最多
|move|p1a: Landorus|Stone Edge|p2a: 最快最强技最多|[miss]
|-miss|p1a: Landorus|p2a: 最快最强技最多
|
|-weather|RainDance|[upkeep]
|-heal|p1a: Landorus|63/100 tox|[from] item: Leftovers
|-damage|p1a: Landorus|32/100 tox|[from] psn
|upkeep
|turn|22
|inactive|Charle_phate has 120 seconds left.
|
|t:|1760852176
|move|p1a: Landorus|Stone Edge|p2a: 最快最强技最多
|-supereffective|p2a: 最快最强技最多
|-damage|p2a: 最快最强技最多|0 fnt
|faint|p2a: 最快最强技最多
|
|-weather|RainDance|[upkeep]
|-heal|p1a: Landorus|38/100 tox|[from] item: Leftovers
|-damage|p1a: Landorus|0 fnt|[from] psn
|faint|p1a: Landorus
|upkeep
|inactive|Charle_phate has 90 seconds left.
|
|t:|1760852194
|switch|p1a: Zapdos|Zapdos|27/100
|switch|p2a: 东海水泡王|Kingdra, M, tera:Water|79/100
|turn|23
|inactive|leosyspu has 120 seconds left.
|
|t:|1760852220
|move|p2a: 东海水泡王|Weather Ball|p1a: Zapdos
|-damage|p1a: Zapdos|0 fnt
|faint|p1a: Zapdos
|
|-weather|RainDance|[upkeep]
|upkeep
|inactive|Charle_phate has 90 seconds left.
|
|t:|1760852246
|switch|p1a: Clefable|Clefable, F|100/100
|turn|24
|inactive|leosyspu has 120 seconds left.
|
|t:|1760852253
|move|p2a: 东海水泡王|Weather Ball|p1a: Clefable
|-damage|p1a: Clefable|0 fnt
|faint|p1a: Clefable
|
|win|leosyspu
|raw|Charle_phate's rating: 1399 &rarr; <strong>1379</strong><br />(-20 for losing)
|raw|leosyspu's rating: 1399 &rarr; <strong>1419</strong><br />(+20 for winning)
|l|☆leosyspu
|player|p2|
|l|☆Charle_phate
|player|p1|
