|j|‽theinquitosone
|j|☆wobuhaole
|t:|1760763572
|gametype|singles
|player|p1|theinquitosone|unknown|1062
|player|p2|wobuhaole|youngcouple-gen4dp|1116
|gen|9
|tier|[Gen 9] OU
|rated|
|rule|HP Percentage Mod: HP is shown in percentages
|rule|Endless Battle Clause: Forcing endless battles is banned
|rule|Species Clause: Limit one of each Pokémon
|rule|OHKO Clause: OHKO moves are banned
|rule|Evasion Items Clause: Evasion items are banned
|rule|Evasion Moves Clause: Evasion moves are banned
|rule|Evasion Abilities Clause: Evasion abilities are banned
|rule|Sleep Moves Clause: Sleep-inducing moves are banned
|clearpoke
|poke|p1|Metagross|
|poke|p1|Grimmsnarl, M|
|poke|p1|Alomomola, M|
|poke|p1|Ceruledge, F|
|poke|p1|Great Tusk|
|poke|p1|Iron Crown|
|poke|p2|Weavile, F|
|poke|p2|Iron Valiant|
|poke|p2|Alomomola, F|
|poke|p2|Hydrapple, M|
|poke|p2|Cinderace, M|
|poke|p2|Gholdengo|
|teampreview
|inactive|Battle timer is ON: inactive players will automatically lose when time's up. (requested by theinquitosone)
|
|t:|1760763594
|teamsize|p1|6
|teamsize|p2|6
|start
|switch|p1a: Great Tusk|Great Tusk|100/100
|switch|p2a: Gholdengo|Gholdengo|100/100
|turn|1
|
|t:|1760763614
|move|p2a: Gholdengo|Dazzling Gleam|p1a: Great Tusk
|-supereffective|p1a: Great Tusk
|-damage|p1a: Great Tusk|0 fnt
|faint|p1a: Great Tusk
|-end|p1a: Great Tusk|Protosynthesis|[silent]
|
|upkeep
|
|t:|1760763620
|switch|p1a: Grimmsnarl|Grimmsnarl, M|100/100
|turn|2
|
|t:|1760763637
|move|p1a: Grimmsnarl|Light Screen|p1a: Grimmsnarl
|-sidestart|p1: theinquitosone|move: Light Screen
|move|p2a: Gholdengo|Dazzling Gleam|p1a: Grimmsnarl
|-supereffective|p1a: Grimmsnarl
|-damage|p1a: Grimmsnarl|79/100
|
|upkeep
|turn|3
|inactive|wobuhaole has 120 seconds left.
|
|t:|1760763662
|switch|p2a: Alomomola|Alomomola, F|100/100
|move|p1a: Grimmsnarl|Spirit Break|p2a: Alomomola
|-damage|p2a: Alomomola|77/100
|-unboost|p2a: Alomomola|spa|1
|
|upkeep
|turn|4
|inactive|wobuhaole has 120 seconds left.
|
|t:|1760763672
|move|p1a: Grimmsnarl|Reflect|p1a: Grimmsnarl
|-sidestart|p1: theinquitosone|Reflect
|move|p2a: Alomomola|Flip Turn|p1a: Grimmsnarl
|-damage|p1a: Grimmsnarl|69/100
|inactive|wobuhaole has 90 seconds left.
|
|t:|1760763704
|switch|p2a: Gholdengo|Gholdengo|100/100|[from] Flip Turn
|
|upkeep
|turn|5
|inactive|wobuhaole has 90 seconds left.
|
|t:|1760763726
|move|p2a: Gholdengo|Trick|p1a: Grimmsnarl
|-activate|p2a: Gholdengo|move: Trick|[of] p1a: Grimmsnarl
|-item|p1a: Grimmsnarl|Choice Scarf|[from] move: Trick
|-item|p2a: Gholdengo|Light Clay|[from] move: Trick
|move|p1a: Grimmsnarl|Spirit Break|p2a: Gholdengo
|-resisted|p2a: Gholdengo
|-damage|p2a: Gholdengo|85/100
|-unboost|p2a: Gholdengo|spa|1
|
|upkeep
|turn|6
|
|t:|1760763743
|switch|p1a: Metagross|Metagross|100/100
|move|p2a: Gholdengo|Make It Rain|p1a: Metagross
|-resisted|p1a: Metagross
|-damage|p1a: Metagross|89/100
|-unboost|p2a: Gholdengo|spa|1
|
|upkeep
|turn|7
|
|t:|1760763755
|switch|p2a: Cinderace|Cinderace, M|100/100
|move|p1a: Metagross|Iron Defense|p1a: Metagross
|-boost|p1a: Metagross|def|2
|
|upkeep
|turn|8
|
|t:|1760763764
|move|p2a: Cinderace|Will-O-Wisp|p1a: Metagross|[miss]
|-miss|p2a: Cinderace|p1a: Metagross
|move|p1a: Metagross|Trailblaze|p2a: Cinderace
|-resisted|p2a: Cinderace
|-crit|p2a: Cinderace
|-damage|p2a: Cinderace|83/100
|-boost|p1a: Metagross|spe|1
|
|upkeep
|turn|9
|
|t:|1760763774
|move|p2a: Cinderace|Will-O-Wisp|p1a: Metagross
|-status|p1a: Metagross|brn
|move|p1a: Metagross|Body Press|p2a: Cinderace
|-damage|p2a: Cinderace|54/100
|
|-damage|p1a: Metagross|82/100 brn|[from] brn
|-sideend|p1: theinquitosone|move: Light Screen
|upkeep
|turn|10
|-message|theinquitosone forfeited.
|
|win|wobuhaole
|raw|theinquitosone's rating: 1062 &rarr; <strong>1046</strong><br />(-16 for losing)
|raw|wobuhaole's rating: 1116 &rarr; <strong>1137</strong><br />(+21 for winning)
|l|‽theinquitosone
|player|p1|
|l|☆wobuhaole
|player|p2|
