|j|☆killbot18
|j|☆saibayman
|t:|1760742995
|gametype|singles
|player|p1|killbot18|170|1443
|player|p2|saibayman|265|1417
|gen|9
|tier|[Gen 9] OU
|rated|
|rule|HP Percentage Mod: HP is shown in percentages
|rule|Endless Battle Clause: Forcing endless battles is banned
|rule|Species Clause: Limit one of each Pokémon
|rule|OHKO Clause: OHKO moves are banned
|rule|Evasion Items Clause: Evasion items are banned
|rule|Evasion Moves Clause: Evasion moves are banned
|rule|Evasion Abilities Clause: Evasion abilities are banned
|rule|Sleep Moves Clause: Sleep-inducing moves are banned
|clearpoke
|poke|p1|Kyurem|
|poke|p1|Rillaboom, F|
|poke|p1|Ogerpon-Wellspring, F|
|poke|p1|Great Tusk|
|poke|p1|Enamorus, F|
|poke|p1|Heatran, M|
|poke|p2|Metagross|
|poke|p2|Great Tusk|
|poke|p2|Slowking-Galar, F|
|poke|p2|Dragapult, F|
|poke|p2|Meowscarada, M|
|poke|p2|Zapdos|
|teampreview
|inactive|Battle timer is ON: inactive players will automatically lose when time's up. (requested by saibayman)
|
|t:|1760743015
|teamsize|p1|6
|teamsize|p2|6
|start
|switch|p1a: Rillaboom|Rillaboom, F|100/100
|switch|p2a: Slowking|Slowking-Galar, F|100/100
|-fieldstart|move: Grassy Terrain|[from] ability: Grassy Surge|[of] p1a: Rillaboom
|turn|1
|inactive|saibayman has 120 seconds left.
|
|t:|1760743052
|switch|p1a: Heatran|Heatran, M|100/100
|switch|p2a: Metagross|Metagross|100/100
|
|upkeep
|turn|2
|inactive|saibayman has 120 seconds left.
|
|t:|1760743066
|switch|p1a: Great Tusk|Great Tusk|100/100
|-enditem|p1a: Great Tusk|Booster Energy
|-activate|p1a: Great Tusk|ability: Protosynthesis|[fromitem]
|-start|p1a: Great Tusk|protosynthesisspe
|move|p2a: Metagross|Stealth Rock|p1a: Great Tusk
|-sidestart|p1: killbot18|move: Stealth Rock
|
|upkeep
|turn|3
|inactive|saibayman has 120 seconds left.
|
|t:|1760743097
|move|p1a: Great Tusk|Bulk Up|p1a: Great Tusk
|-boost|p1a: Great Tusk|atk|1
|-boost|p1a: Great Tusk|def|1
|move|p2a: Metagross|Psychic Fangs|p1a: Great Tusk
|-supereffective|p1a: Great Tusk
|-damage|p1a: Great Tusk|69/100
|
|-heal|p1a: Great Tusk|75/100|[from] Grassy Terrain
|upkeep
|turn|4
|
|t:|1760743108
|move|p1a: Great Tusk|Headlong Rush|p2a: Metagross
|-supereffective|p2a: Metagross
|-damage|p2a: Metagross|14/100
|-unboost|p1a: Great Tusk|def|1
|-unboost|p1a: Great Tusk|spd|1
|-damage|p1a: Great Tusk|58/100|[from] item: Rocky Helmet|[of] p2a: Metagross
|move|p2a: Metagross|Psychic Fangs|p1a: Great Tusk
|-supereffective|p1a: Great Tusk
|-damage|p1a: Great Tusk|10/100
|
|-heal|p1a: Great Tusk|16/100|[from] Grassy Terrain
|-heal|p2a: Metagross|20/100|[from] Grassy Terrain
|upkeep
|turn|5
|
|t:|1760743120
|move|p1a: Great Tusk|Headlong Rush|p2a: Metagross
|-supereffective|p2a: Metagross
|-damage|p2a: Metagross|0 fnt
|-unboost|p1a: Great Tusk|def|1
|-unboost|p1a: Great Tusk|spd|1
|-damage|p1a: Great Tusk|0 fnt|[from] item: Rocky Helmet|[of] p2a: Metagross
|faint|p2a: Metagross
|faint|p1a: Great Tusk
|-end|p1a: Great Tusk|Protosynthesis|[silent]
|
|upkeep
|
|t:|1760743133
|switch|p1a: Kyurem|Kyurem|100/100
|switch|p2a: Dragapult|Dragapult, F|100/100
|-damage|p1a: Kyurem|76/100|[from] Stealth Rock
|-ability|p1a: Kyurem|Pressure
|turn|6
|
|t:|1760743140
|move|p1a: Kyurem|Protect|p1a: Kyurem
|-singleturn|p1a: Kyurem|Protect
|move|p2a: Dragapult|Dragon Darts|p1a: Kyurem
|-activate|p1a: Kyurem|move: Protect
|
|-heal|p1a: Kyurem|82/100|[from] Grassy Terrain
|-heal|p1a: Kyurem|88/100|[from] item: Leftovers
|upkeep
|turn|7
|
|t:|1760743155
|switch|p1a: Heatran|Heatran, M|100/100
|-damage|p1a: Heatran|88/100|[from] Stealth Rock
|move|p2a: Dragapult|Dragon Darts|p1a: Heatran
|-resisted|p1a: Heatran
|-crit|p1a: Heatran
|-damage|p1a: Heatran|73/100
|-anim|p2a: Dragapult|Dragon Darts|p1a: Heatran
|-resisted|p1a: Heatran
|-damage|p1a: Heatran|63/100
|
|-heal|p1a: Heatran|69/100|[from] Grassy Terrain
|-heal|p1a: Heatran|75/100|[from] item: Leftovers
|upkeep
|turn|8
|
|t:|1760743170
|move|p2a: Dragapult|U-turn|p1a: Heatran
|-resisted|p1a: Heatran
|-damage|p1a: Heatran|70/100
|
|t:|1760743177
|switch|p2a: Great Tusk|Great Tusk|100/100|[from] U-turn
|move|p1a: Heatran|Magma Storm|p2a: Great Tusk
|-crit|p2a: Great Tusk
|-damage|p2a: Great Tusk|15/100
|-activate|p2a: Great Tusk|move: Magma Storm|[of] p1a: Heatran
|
|-heal|p2a: Great Tusk|21/100|[from] Grassy Terrain
|-heal|p2a: Great Tusk|27/100|[from] item: Leftovers
|-heal|p1a: Heatran|76/100|[from] Grassy Terrain
|-heal|p1a: Heatran|83/100|[from] item: Leftovers
|-damage|p2a: Great Tusk|15/100|[from] move: Magma Storm|[partiallytrapped]
|-fieldend|move: Grassy Terrain
|upkeep
|turn|9
|
|t:|1760743193
|switch|p1a: Rillaboom|Rillaboom, F|100/100
|-damage|p1a: Rillaboom|88/100|[from] Stealth Rock
|-fieldstart|move: Grassy Terrain|[from] ability: Grassy Surge|[of] p1a: Rillaboom
|move|p2a: Great Tusk|Body Press|p1a: Rillaboom
|-damage|p1a: Rillaboom|43/100
|
|-heal|p1a: Rillaboom|49/100|[from] Grassy Terrain
|-heal|p2a: Great Tusk|21/100|[from] Grassy Terrain
|-heal|p2a: Great Tusk|27/100|[from] item: Leftovers
|-end|p2a: Great Tusk|Magma Storm|[partiallytrapped]|[silent]
|upkeep
|turn|10
|
|t:|1760743210
|move|p1a: Rillaboom|Grassy Glide|p2a: Great Tusk
|-supereffective|p2a: Great Tusk
|-damage|p2a: Great Tusk|0 fnt
|faint|p2a: Great Tusk
|-end|p2a: Great Tusk|Protosynthesis|[silent]
|
|-heal|p1a: Rillaboom|55/100|[from] Grassy Terrain
|upkeep
|
|t:|1760743217
|switch|p2a: Zapdos|Zapdos|100/100
|turn|11
|
|t:|1760743222
|switch|p1a: Heatran|Heatran, M|83/100
|-damage|p1a: Heatran|70/100|[from] Stealth Rock
|move|p2a: Zapdos|Thunderbolt|p1a: Heatran
|-damage|p1a: Heatran|27/100
|
|-heal|p1a: Heatran|33/100|[from] Grassy Terrain
|-heal|p1a: Heatran|40/100|[from] item: Leftovers
|upkeep
|turn|12
|inactive|saibayman has 120 seconds left.
|
|t:|1760743232
|move|p2a: Zapdos|Thunderbolt|p1a: Heatran
|-damage|p1a: Heatran|0 fnt
|faint|p1a: Heatran
|
|upkeep
|
|t:|1760743240
|switch|p1a: Kyurem|Kyurem|88/100
|-damage|p1a: Kyurem|63/100|[from] Stealth Rock
|-ability|p1a: Kyurem|Pressure
|turn|13
|
|t:|1760743249
|move|p2a: Zapdos|Thunderbolt|p1a: Kyurem
|-resisted|p1a: Kyurem
|-damage|p1a: Kyurem|32/100
|move|p1a: Kyurem|Substitute|p1a: Kyurem
|-start|p1a: Kyurem|Substitute
|-damage|p1a: Kyurem|7/100
|
|-heal|p1a: Kyurem|14/100|[from] Grassy Terrain
|-heal|p1a: Kyurem|20/100|[from] item: Leftovers
|upkeep
|turn|14
|
|t:|1760743259
|move|p1a: Kyurem|Protect|p1a: Kyurem
|-singleturn|p1a: Kyurem|Protect
|move|p2a: Zapdos|Thunderbolt|p1a: Kyurem
|-activate|p1a: Kyurem|move: Protect
|
|-heal|p1a: Kyurem|26/100|[from] Grassy Terrain
|-heal|p1a: Kyurem|32/100|[from] item: Leftovers
|upkeep
|turn|15
|
|t:|1760743268
|-terastallize|p1a: Kyurem|Ground
|move|p2a: Zapdos|Thunderbolt|p1a: Kyurem
|-immune|p1a: Kyurem
|move|p1a: Kyurem|Freeze-Dry|p2a: Zapdos
|-supereffective|p2a: Zapdos
|-damage|p2a: Zapdos|16/100
|
|-heal|p1a: Kyurem|39/100|[from] Grassy Terrain
|-heal|p1a: Kyurem|45/100|[from] item: Leftovers
|upkeep
|turn|16
|
|t:|1760743280
|switch|p2a: Slowking|Slowking-Galar, F|100/100
|move|p1a: Kyurem|Freeze-Dry|p2a: Slowking
|-damage|p2a: Slowking|81/100
|
|-heal|p1a: Kyurem|51/100|[from] Grassy Terrain
|-heal|p1a: Kyurem|57/100|[from] item: Leftovers
|-heal|p2a: Slowking|88/100|[from] Grassy Terrain
|-fieldend|move: Grassy Terrain
|upkeep
|turn|17
|
|t:|1760743292
|move|p1a: Kyurem|Earth Power|p2a: Slowking
|-supereffective|p2a: Slowking
|-damage|p2a: Slowking|37/100
|move|p2a: Slowking|Sludge Bomb|p1a: Kyurem
|-resisted|p1a: Kyurem
|-activate|p1a: Kyurem|move: Substitute|[damage]
|
|-heal|p1a: Kyurem|64/100|[from] item: Leftovers
|upkeep
|turn|18
|
|t:|1760743308
|switch|p2a: Dragapult|Dragapult, F|100/100
|move|p1a: Kyurem|Freeze-Dry|p2a: Dragapult
|-supereffective|p2a: Dragapult
|-damage|p2a: Dragapult|6/100
|
|-heal|p1a: Kyurem|70/100|[from] item: Leftovers
|upkeep
|turn|19
|
|t:|1760743317
|move|p1a: Kyurem|Protect|p1a: Kyurem
|-singleturn|p1a: Kyurem|Protect
|move|p2a: Dragapult|Dragon Darts|p1a: Kyurem
|-activate|p1a: Kyurem|move: Protect
|
|-heal|p1a: Kyurem|76/100|[from] item: Leftovers
|upkeep
|turn|20
|
|t:|1760743345
|switch|p1a: Enamorus|Enamorus, F|100/100
|-damage|p1a: Enamorus|76/100|[from] Stealth Rock
|move|p2a: Dragapult|Dragon Darts|p1a: Enamorus
|-immune|p1a: Enamorus
|
|upkeep
|turn|21
|
|t:|1760743352
|move|p1a: Enamorus|Earth Power|p2a: Dragapult
|-damage|p2a: Dragapult|0 fnt
|faint|p2a: Dragapult
|
|upkeep
|
|t:|1760743358
|switch|p2a: Slowking|Slowking-Galar, F|71/100
|turn|22
|
|t:|1760743377
|switch|p1a: Rillaboom|Rillaboom, F|55/100
|-damage|p1a: Rillaboom|43/100|[from] Stealth Rock
|-fieldstart|move: Grassy Terrain|[from] ability: Grassy Surge|[of] p1a: Rillaboom
|move|p2a: Slowking|Sludge Bomb|p1a: Rillaboom
|-supereffective|p1a: Rillaboom
|-damage|p1a: Rillaboom|0 fnt
|faint|p1a: Rillaboom
|
|-heal|p2a: Slowking|77/100|[from] Grassy Terrain
|upkeep
|
|t:|1760743380
|switch|p1a: Kyurem|Kyurem, tera:Ground|76/100
|-damage|p1a: Kyurem|70/100|[from] Stealth Rock
|-ability|p1a: Kyurem|Pressure
|turn|23
|
|t:|1760743397
|move|p1a: Kyurem|Substitute|p1a: Kyurem
|-start|p1a: Kyurem|Substitute
|-damage|p1a: Kyurem|45/100
|move|p2a: Slowking|Ice Beam|p1a: Kyurem
|-supereffective|p1a: Kyurem
|-end|p1a: Kyurem|Substitute
|
|-heal|p1a: Kyurem|51/100|[from] Grassy Terrain
|-heal|p1a: Kyurem|57/100|[from] item: Leftovers
|-heal|p2a: Slowking|83/100|[from] Grassy Terrain
|upkeep
|turn|24
|
|t:|1760743420
|move|p1a: Kyurem|Protect|p1a: Kyurem
|-singleturn|p1a: Kyurem|Protect
|move|p2a: Slowking|Ice Beam|p1a: Kyurem
|-activate|p1a: Kyurem|move: Protect
|
|-heal|p1a: Kyurem|64/100|[from] Grassy Terrain
|-heal|p1a: Kyurem|70/100|[from] item: Leftovers
|-heal|p2a: Slowking|89/100|[from] Grassy Terrain
|upkeep
|turn|25
|
|t:|1760743430
|move|p1a: Kyurem|Earth Power|p2a: Slowking
|-supereffective|p2a: Slowking
|-damage|p2a: Slowking|37/100
|move|p2a: Slowking|Ice Beam|p1a: Kyurem
|-supereffective|p1a: Kyurem
|-damage|p1a: Kyurem|10/100
|
|-heal|p1a: Kyurem|17/100|[from] Grassy Terrain
|-heal|p1a: Kyurem|23/100|[from] item: Leftovers
|-heal|p2a: Slowking|43/100|[from] Grassy Terrain
|upkeep
|turn|26
|
|t:|1760743443
|switch|p2a: Zapdos|Zapdos|16/100
|move|p1a: Kyurem|Earth Power|p2a: Zapdos
|-immune|p2a: Zapdos
|
|-heal|p1a: Kyurem|29/100|[from] Grassy Terrain
|-heal|p1a: Kyurem|35/100|[from] item: Leftovers
|upkeep
|turn|27
|inactive|saibayman has 120 seconds left.
|
|t:|1760743462
|-terastallize|p2a: Zapdos|Water
|move|p1a: Kyurem|Protect|p1a: Kyurem
|-singleturn|p1a: Kyurem|Protect
|move|p2a: Zapdos|Tera Blast|p1a: Kyurem|[anim] Tera Blast Water
|-activate|p1a: Kyurem|move: Protect
|
|-heal|p2a: Zapdos|23/100|[from] Grassy Terrain
|-heal|p1a: Kyurem|42/100|[from] Grassy Terrain
|-heal|p1a: Kyurem|48/100|[from] item: Leftovers
|upkeep
|turn|28
|inactive|saibayman has 120 seconds left.
|
|t:|1760743489
|switch|p1a: Ogerpon|Ogerpon-Wellspring, F|100/100
|-damage|p1a: Ogerpon|88/100|[from] Stealth Rock
|move|p2a: Zapdos|Tera Blast|p1a: Ogerpon|[anim] Tera Blast Water
|-heal|p1a: Ogerpon|100/100|[from] ability: Water Absorb|[of] p2a: Zapdos
|
|-heal|p2a: Zapdos|29/100|[from] Grassy Terrain
|upkeep
|turn|29
|
|t:|1760743500
|switch|p2a: Meowscarada|Meowscarada, M|100/100
|move|p1a: Ogerpon|Swords Dance|p1a: Ogerpon
|-boost|p1a: Ogerpon|atk|2
|
|-fieldend|move: Grassy Terrain
|upkeep
|turn|30
|
|t:|1760743511
|move|p2a: Meowscarada|Flower Trick|p1a: Ogerpon
|-start|p2a: Meowscarada|typechange|Grass|[from] ability: Protean
|-crit|p1a: Ogerpon
|-damage|p1a: Ogerpon|37/100
|move|p1a: Ogerpon|Play Rough|p2a: Meowscarada
|-damage|p2a: Meowscarada|0 fnt
|faint|p2a: Meowscarada
|
|upkeep
|inactive|saibayman has 120 seconds left.
|
|t:|1760743521
|switch|p2a: Slowking|Slowking-Galar, F|76/100
|turn|31
|
|t:|1760743526
|move|p1a: Ogerpon|Ivy Cudgel|p2a: Slowking|[anim] Ivy Cudgel Water
|-damage|p2a: Slowking|0 fnt
|faint|p2a: Slowking
|
|upkeep
|-message|saibayman forfeited.
|
|win|killbot18
|raw|killbot18's rating: 1443 &rarr; <strong>1462</strong><br />(+19 for winning)
|raw|saibayman's rating: 1417 &rarr; <strong>1398</strong><br />(-19 for losing)
|l|☆saibayman
|player|p2|
