|j|☆HZRzc
|j|☆kurt_d2
|t:|1760768934
|gametype|singles
|player|p1|HZRzc|cynthia|1151
|player|p2|kurt_d2|265|1161
|gen|9
|tier|[Gen 9] OU
|rated|
|rule|HP Percentage Mod: HP is shown in percentages
|rule|Endless Battle Clause: Forcing endless battles is banned
|rule|Species Clause: Limit one of each Pokémon
|rule|OHKO Clause: OHKO moves are banned
|rule|Evasion Items Clause: Evasion items are banned
|rule|Evasion Moves Clause: Evasion moves are banned
|rule|Evasion Abilities Clause: Evasion abilities are banned
|rule|Sleep Moves Clause: Sleep-inducing moves are banned
|clearpoke
|poke|p1|Maushold-Four|
|poke|p1|Garchomp, M|
|poke|p1|Dragapult, F|
|poke|p1|Incineroar, M|
|poke|p1|Tyranitar, M|
|poke|p1|Great Tusk|
|poke|p2|Dudunsparce-*, M|
|poke|p2|Serperior, M|
|poke|p2|Gyarados, F|
|poke|p2|Lokix, M|
|poke|p2|Electivire, F|
|poke|p2|Ninetales-Alola, M|
|teampreview
|inactive|Battle timer is ON: inactive players will automatically lose when time's up. (requested by kurt_d2)
|inactive|HZRzc also wants the timer to be on.
|
|t:|1760768943
|teamsize|p1|6
|teamsize|p2|6
|start
|switch|p1a: 宇宙第一咆哮虎|Incineroar, M|100/100
|switch|p2a: Dudunsparce|Dudunsparce-Three-Segment, M|100/100
|-ability|p1a: 宇宙第一咆哮虎|Intimidate|boost
|-unboost|p2a: Dudunsparce|atk|1
|turn|1
|
|t:|1760768953
|move|p2a: Dudunsparce|Glare|p1a: 宇宙第一咆哮虎
|-status|p1a: 宇宙第一咆哮虎|par
|move|p1a: 宇宙第一咆哮虎|Parting Shot|p2a: Dudunsparce
|-unboost|p2a: Dudunsparce|atk|1
|-unboost|p2a: Dudunsparce|spa|1
|
|t:|1760768960
|switch|p1a: Maushold|Maushold-Four|100/100|[from] Parting Shot
|
|upkeep
|turn|2
|
|t:|1760768972
|-terastallize|p1a: Maushold|Ghost
|-terastallize|p2a: Dudunsparce|Ghost
|move|p1a: Maushold|Tidy Up|p1a: Maushold
|-boost|p1a: Maushold|atk|1
|-boost|p1a: Maushold|spe|1
|move|p2a: Dudunsparce|Glare|p1a: Maushold
|-status|p1a: Maushold|par
|
|upkeep
|turn|3
|
|t:|1760768983
|move|p1a: Maushold|Tidy Up|p1a: Maushold
|-boost|p1a: Maushold|atk|1
|-boost|p1a: Maushold|spe|1
|move|p2a: Dudunsparce|Ancient Power|p1a: Maushold
|-damage|p1a: Maushold|88/100 par
|
|upkeep
|turn|4
|
|t:|1760768997
|switch|p2a: Lokix|Lokix, M|100/100
|move|p1a: Maushold|Tidy Up|p1a: Maushold
|-boost|p1a: Maushold|atk|1
|-boost|p1a: Maushold|spe|1
|
|upkeep
|turn|5
|
|t:|1760769005
|move|p1a: Maushold|Protect|p1a: Maushold
|-singleturn|p1a: Maushold|Protect
|move|p2a: Lokix|Knock Off|p1a: Maushold
|-activate|p1a: Maushold|move: Protect
|
|upkeep
|turn|6
|
|t:|1760769014
|move|p1a: Maushold|Population Bomb|p2a: Lokix
|-damage|p2a: Lokix|63/100
|-damage|p2a: Lokix|22/100
|-damage|p2a: Lokix|0 fnt
|faint|p2a: Lokix
|-hitcount|p2: Lokix|3
|
|upkeep
|
|t:|1760769022
|switch|p2a: Serperior|Serperior, M|100/100
|turn|7
|
|t:|1760769027
|cant|p1a: Maushold|par
|move|p2a: Serperior|Leaf Storm|p1a: Maushold
|-damage|p1a: Maushold|24/100 par
|-boost|p2a: Serperior|spa|2
|
|upkeep
|turn|8
|
|t:|1760769039
|move|p1a: Maushold|Population Bomb|p2a: Serperior
|-damage|p2a: Serperior|69/100
|-damage|p2a: Serperior|35/100
|-damage|p2a: Serperior|1/100
|-damage|p2a: Serperior|0 fnt
|faint|p2a: Serperior
|-hitcount|p2: Serperior|4
|
|upkeep
|
|t:|1760769048
|switch|p2a: Gyarados|Gyarados, F|100/100
|-ability|p2a: Gyarados|Intimidate|boost
|-unboost|p1a: Maushold|atk|1
|turn|9
|
|t:|1760769056
|move|p1a: Maushold|Population Bomb|p2a: Gyarados
|-damage|p2a: Gyarados|72/100
|-damage|p2a: Gyarados|44/100
|-damage|p2a: Gyarados|17/100
|-damage|p2a: Gyarados|0 fnt
|faint|p2a: Gyarados
|-hitcount|p2: Gyarados|4
|
|upkeep
|
|t:|1760769067
|switch|p2a: Dudunsparce|Dudunsparce-Three-Segment, M, tera:Ghost|100/100
|turn|10
|
|t:|1760769076
|switch|p1a: 宇宙第一咆哮虎|Incineroar, M|100/100 par
|-ability|p1a: 宇宙第一咆哮虎|Intimidate|boost
|-unboost|p2a: Dudunsparce|atk|1
|move|p2a: Dudunsparce|Shadow Ball|p1a: 宇宙第一咆哮虎
|-resisted|p1a: 宇宙第一咆哮虎
|-damage|p1a: 宇宙第一咆哮虎|90/100 par
|
|-heal|p1a: 宇宙第一咆哮虎|96/100 par|[from] item: Leftovers
|upkeep
|turn|11
|
|t:|1760769086
|move|p2a: Dudunsparce|Ancient Power|p1a: 宇宙第一咆哮虎
|-supereffective|p1a: 宇宙第一咆哮虎
|-damage|p1a: 宇宙第一咆哮虎|76/100 par
|-boost|p2a: Dudunsparce|atk|1
|-boost|p2a: Dudunsparce|def|1
|-boost|p2a: Dudunsparce|spa|1
|-boost|p2a: Dudunsparce|spd|1
|-boost|p2a: Dudunsparce|spe|1
|cant|p1a: 宇宙第一咆哮虎|par
|
|-heal|p1a: 宇宙第一咆哮虎|82/100 par|[from] item: Leftovers
|upkeep
|turn|12
|
|t:|1760769097
|move|p2a: Dudunsparce|Ancient Power|p1a: 宇宙第一咆哮虎
|-supereffective|p1a: 宇宙第一咆哮虎
|-damage|p1a: 宇宙第一咆哮虎|49/100 par
|move|p1a: 宇宙第一咆哮虎|Parting Shot|p2a: Dudunsparce
|-unboost|p2a: Dudunsparce|atk|1
|-unboost|p2a: Dudunsparce|spa|1
|
|t:|1760769105
|switch|p1a: 班！|Tyranitar, M|100/100|[from] Parting Shot
|-weather|Sandstorm|[from] ability: Sand Stream|[of] p1a: 班！
|
|-weather|Sandstorm|[upkeep]
|-damage|p2a: Dudunsparce|94/100|[from] Sandstorm
|-heal|p2a: Dudunsparce|100/100|[from] item: Leftovers
|upkeep
|turn|13
|
|t:|1760769114
|move|p2a: Dudunsparce|Glare|p1a: 班！
|-status|p1a: 班！|par
|move|p1a: 班！|Knock Off|p2a: Dudunsparce
|-supereffective|p2a: Dudunsparce
|-damage|p2a: Dudunsparce|1/100
|-enditem|p2a: Dudunsparce|Leftovers|[from] move: Knock Off|[of] p1a: 班！
|
|-weather|Sandstorm|[upkeep]
|-damage|p2a: Dudunsparce|0 fnt|[from] Sandstorm
|faint|p2a: Dudunsparce
|upkeep
|
|t:|1760769126
|switch|p2a: Ninetales|Ninetales-Alola, M|100/100
|-weather|Snowscape|[from] ability: Snow Warning|[of] p2a: Ninetales
|turn|14
|
|t:|1760769132
|move|p2a: Ninetales|Aurora Veil|p2a: Ninetales
|-sidestart|p2: kurt_d2|move: Aurora Veil
|move|p1a: 班！|Knock Off|p2a: Ninetales
|-resisted|p2a: Ninetales
|-damage|p2a: Ninetales|82/100
|-enditem|p2a: Ninetales|Light Clay|[from] move: Knock Off|[of] p1a: 班！
|
|-weather|Snowscape|[upkeep]
|upkeep
|turn|15
|
|t:|1760769144
|switch|p1a: Maushold|Maushold-Four, tera:Ghost|24/100 par
|move|p2a: Ninetales|Calm Mind|p2a: Ninetales
|-boost|p2a: Ninetales|spa|1
|-boost|p2a: Ninetales|spd|1
|
|-weather|Snowscape|[upkeep]
|upkeep
|turn|16
|
|t:|1760769153
|move|p2a: Ninetales|Calm Mind|p2a: Ninetales
|-boost|p2a: Ninetales|spa|1
|-boost|p2a: Ninetales|spd|1
|move|p1a: Maushold|Tidy Up|p1a: Maushold
|-boost|p1a: Maushold|atk|1
|-boost|p1a: Maushold|spe|1
|
|-weather|Snowscape|[upkeep]
|upkeep
|turn|17
|
|t:|1760769161
|move|p1a: Maushold|Protect|p1a: Maushold
|-singleturn|p1a: Maushold|Protect
|move|p2a: Ninetales|Draining Kiss|p1a: Maushold
|-activate|p1a: Maushold|move: Protect
|
|-weather|Snowscape|[upkeep]
|upkeep
|turn|18
|
|t:|1760769169
|move|p2a: Ninetales|Draining Kiss|p1a: Maushold
|-damage|p1a: Maushold|0 fnt
|-heal|p2a: Ninetales|98/100|[from] drain|[of] p1a: Maushold
|faint|p1a: Maushold
|
|-weather|none
|upkeep
|
|t:|1760769176
|switch|p1a: 班！|Tyranitar, M|100/100 par
|-weather|Sandstorm|[from] ability: Sand Stream|[of] p1a: 班！
|turn|19
|
|t:|1760769183
|move|p2a: Ninetales|Draining Kiss|p1a: 班！
|-supereffective|p1a: 班！
|-damage|p1a: 班！|65/100 par
|-heal|p2a: Ninetales|100/100|[from] drain|[of] p1a: 班！
|move|p1a: 班！|Earthquake|p2a: Ninetales
|-damage|p2a: Ninetales|67/100
|
|-weather|Sandstorm|[upkeep]
|-damage|p2a: Ninetales|61/100|[from] Sandstorm
|upkeep
|turn|20
|
|t:|1760769198
|switch|p1a: 宇宙第一咆哮虎|Incineroar, M|49/100 par
|-ability|p1a: 宇宙第一咆哮虎|Intimidate|boost
|-unboost|p2a: Ninetales|atk|1
|move|p2a: Ninetales|Calm Mind|p2a: Ninetales
|-boost|p2a: Ninetales|spa|1
|-boost|p2a: Ninetales|spd|1
|
|-weather|Sandstorm|[upkeep]
|-damage|p2a: Ninetales|55/100|[from] Sandstorm
|-damage|p1a: 宇宙第一咆哮虎|43/100 par|[from] Sandstorm
|-heal|p1a: 宇宙第一咆哮虎|49/100 par|[from] item: Leftovers
|upkeep
|turn|21
|
|t:|1760769209
|move|p2a: Ninetales|Draining Kiss|p1a: 宇宙第一咆哮虎
|-damage|p1a: 宇宙第一咆哮虎|17/100 par
|-heal|p2a: Ninetales|85/100|[from] drain|[of] p1a: 宇宙第一咆哮虎
|move|p1a: 宇宙第一咆哮虎|Roar|p2a: Ninetales
|drag|p2a: Electivire|Electivire, F|100/100
|
|-weather|Sandstorm|[upkeep]
|-damage|p2a: Electivire|94/100|[from] Sandstorm
|-damage|p1a: 宇宙第一咆哮虎|11/100 par|[from] Sandstorm
|-heal|p1a: 宇宙第一咆哮虎|17/100 par|[from] item: Leftovers
|-sideend|p2: kurt_d2|move: Aurora Veil
|upkeep
|turn|22
|
|t:|1760769224
|move|p2a: Electivire|Brick Break|p1a: 宇宙第一咆哮虎
|-supereffective|p1a: 宇宙第一咆哮虎
|-damage|p1a: 宇宙第一咆哮虎|0 fnt
|faint|p1a: 宇宙第一咆哮虎
|-damage|p2a: Electivire|84/100|[from] item: Life Orb
|
|-weather|Sandstorm|[upkeep]
|-damage|p2a: Electivire|78/100|[from] Sandstorm
|upkeep
|
|t:|1760769230
|switch|p1a: 嘎子|Dragapult, F, shiny|100/100
|turn|23
|
|t:|1760769238
|move|p1a: 嘎子|Dragon Darts|p2a: Electivire
|-damage|p2a: Electivire|21/100
|-anim|p1a: 嘎子|Dragon Darts|p2a: Electivire
|-damage|p2a: Electivire|0 fnt
|faint|p2a: Electivire
|-damage|p1a: 嘎子|91/100|[from] item: Life Orb
|
|-weather|none
|upkeep
|
|t:|1760769247
|switch|p2a: Ninetales|Ninetales-Alola, M|85/100
|-weather|Snowscape|[from] ability: Snow Warning|[of] p2a: Ninetales
|turn|24
|
|t:|1760769255
|move|p1a: 嘎子|Psychic Fangs|p2a: Ninetales
|-damage|p2a: Ninetales|54/100
|-damage|p1a: 嘎子|81/100|[from] item: Life Orb
|move|p2a: Ninetales|Calm Mind|p2a: Ninetales
|-boost|p2a: Ninetales|spa|1
|-boost|p2a: Ninetales|spd|1
|
|-weather|Snowscape|[upkeep]
|upkeep
|turn|25
|
|t:|1760769264
|switch|p1a: 班！|Tyranitar, M|65/100 par
|-weather|Sandstorm|[from] ability: Sand Stream|[of] p1a: 班！
|move|p2a: Ninetales|Draining Kiss|p1a: 班！
|-supereffective|p1a: 班！
|-damage|p1a: 班！|38/100 par
|-heal|p2a: Ninetales|80/100|[from] drain|[of] p1a: 班！
|
|-weather|Sandstorm|[upkeep]
|-damage|p2a: Ninetales|74/100|[from] Sandstorm
|upkeep
|turn|26
|
|t:|1760769278
|switch|p1a: 小石弱木|Great Tusk|100/100
|move|p2a: Ninetales|Calm Mind|p2a: Ninetales
|-boost|p2a: Ninetales|spa|1
|-boost|p2a: Ninetales|spd|1
|
|-weather|Sandstorm|[upkeep]
|-damage|p2a: Ninetales|68/100|[from] Sandstorm
|upkeep
|turn|27
|
|t:|1760769288
|move|p2a: Ninetales|Draining Kiss|p1a: 小石弱木
|-supereffective|p1a: 小石弱木
|-damage|p1a: 小石弱木|8/100
|-heal|p2a: Ninetales|100/100|[from] drain|[of] p1a: 小石弱木
|move|p1a: 小石弱木|Stone Edge|p2a: Ninetales|[miss]
|-miss|p1a: 小石弱木|p2a: Ninetales
|
|-weather|Sandstorm|[upkeep]
|-damage|p2a: Ninetales|95/100|[from] Sandstorm
|upkeep
|turn|28
|
|t:|1760769298
|move|p2a: Ninetales|Draining Kiss|p1a: 小石弱木
|-supereffective|p1a: 小石弱木
|-damage|p1a: 小石弱木|0 fnt
|-heal|p2a: Ninetales|100/100|[from] drain|[of] p1a: 小石弱木
|faint|p1a: 小石弱木
|-end|p1a: 小石弱木|Protosynthesis|[silent]
|
|-weather|Sandstorm|[upkeep]
|-damage|p2a: Ninetales|95/100|[from] Sandstorm
|upkeep
|
|t:|1760769300
|switch|p1a: 我是竹兰小姐的狗！|Garchomp, M, shiny|100/100
|turn|29
|
|t:|1760769310
|move|p2a: Ninetales|Freeze-Dry|p1a: 我是竹兰小姐的狗！
|-supereffective|p1a: 我是竹兰小姐的狗！
|-damage|p1a: 我是竹兰小姐的狗！|0 fnt
|faint|p1a: 我是竹兰小姐的狗！
|
|-weather|none
|upkeep
|
|t:|1760769315
|switch|p1a: 班！|Tyranitar, M|38/100 par
|-weather|Sandstorm|[from] ability: Sand Stream|[of] p1a: 班！
|turn|30
|-message|HZRzc forfeited.
|
|win|kurt_d2
|raw|HZRzc's rating: 1151 &rarr; <strong>1127</strong><br />(-24 for losing)
|raw|kurt_d2's rating: 1161 &rarr; <strong>1185</strong><br />(+24 for winning)
|l|☆HZRzc
|player|p1|
|l|☆kurt_d2
|player|p2|
