|j|☆FittedCrib05
|j|☆QPZMbnm
|t:|1760807478
|gametype|singles
|player|p1|FittedCrib05|wallace|1277
|player|p2|QPZMbnm|dawn|1235
|gen|9
|tier|[Gen 9] OU
|rated|
|rule|HP Percentage Mod: HP is shown in percentages
|rule|Endless Battle Clause: Forcing endless battles is banned
|rule|Species Clause: Limit one of each Pokémon
|rule|OHKO Clause: OHKO moves are banned
|rule|Evasion Items Clause: Evasion items are banned
|rule|Evasion Moves Clause: Evasion moves are banned
|rule|Evasion Abilities Clause: Evasion abilities are banned
|rule|Sleep Moves Clause: Sleep-inducing moves are banned
|clearpoke
|poke|p1|Suicune|
|poke|p1|Garchomp, F|
|poke|p1|Gholdengo|
|poke|p1|Chesnaught, F|
|poke|p1|Cyclizar, F|
|poke|p1|Gliscor, M|
|poke|p2|Pelipper, F|
|poke|p2|Greninja-*, M|
|poke|p2|Basculegion, M|
|poke|p2|Zapdos|
|poke|p2|Sandy Shocks|
|poke|p2|Iron Valiant|
|teampreview
|
|t:|1760807486
|teamsize|p1|6
|teamsize|p2|6
|start
|switch|p1a: Main course|Suicune|100/100
|switch|p2a: Iron Valiant|Iron Valiant|100/100
|-ability|p1a: Main course|Pressure
|turn|1
|
|t:|1760807491
|move|p1a: Main course|Protect|p1a: Main course
|-singleturn|p1a: Main course|Protect
|move|p2a: Iron Valiant|Thunderbolt|p1a: Main course
|-activate|p1a: Main course|move: Protect
|
|upkeep
|turn|2
|
|t:|1760807499
|-end|p2a: Iron Valiant|Quark Drive|[silent]
|switch|p2a: Pelipper|Pelipper, F|100/100
|-weather|RainDance|[from] ability: Drizzle|[of] p2a: Pelipper
|switch|p1a: Gholdengo|Gholdengo|100/100
|
|-weather|RainDance|[upkeep]
|upkeep
|turn|3
|
|t:|1760807508
|move|p1a: Gholdengo|Shadow Ball|p2a: Pelipper
|-damage|p2a: Pelipper|41/100
|-unboost|p2a: Pelipper|spd|1
|move|p2a: Pelipper|U-turn|p1a: Gholdengo
|-resisted|p1a: Gholdengo
|-damage|p1a: Gholdengo|98/100
|
|t:|1760807515
|switch|p2a: Greninja|Greninja, M|100/100|[from] U-turn
|
|-weather|RainDance|[upkeep]
|upkeep
|turn|4
|
|t:|1760807518
|switch|p1a: Chesnaught|Chesnaught, F|100/100
|move|p2a: Greninja|Dark Pulse|p1a: Chesnaught
|-resisted|p1a: Chesnaught
|-damage|p1a: Chesnaught|84/100
|-damage|p2a: Greninja|91/100|[from] item: Life Orb
|
|-weather|RainDance|[upkeep]
|-heal|p1a: Chesnaught|90/100|[from] item: Leftovers
|upkeep
|turn|5
|
|t:|1760807527
|switch|p2a: Zapdos|Zapdos|100/100
|move|p1a: Chesnaught|Leech Seed|p2a: Zapdos|[miss]
|-miss|p1a: Chesnaught|p2a: Zapdos
|
|-weather|RainDance|[upkeep]
|-heal|p1a: Chesnaught|96/100|[from] item: Leftovers
|upkeep
|turn|6
|
|t:|1760807535
|switch|p1a: Gliscor|Gliscor, M|100/100
|move|p2a: Zapdos|Hurricane|p1a: Gliscor
|-damage|p1a: Gliscor|62/100
|-start|p1a: Gliscor|confusion
|
|-weather|RainDance|[upkeep]
|-status|p1a: Gliscor|tox|[from] item: Toxic Orb
|upkeep
|turn|7
|
|t:|1760807548
|switch|p1a: Cyclizar|Cyclizar, F|100/100
|move|p2a: Zapdos|U-turn|p1a: Cyclizar
|-damage|p1a: Cyclizar|83/100
|
|t:|1760807574
|switch|p2a: Basculegion|Basculegion, M|100/100|[from] U-turn
|
|-weather|RainDance|[upkeep]
|upkeep
|turn|8
|
|t:|1760807581
|-terastallize|p2a: Basculegion|Water
|move|p2a: Basculegion|Aqua Jet|p1a: Cyclizar
|-resisted|p1a: Cyclizar
|-damage|p1a: Cyclizar|40/100
|move|p1a: Cyclizar|Knock Off|p2a: Basculegion
|-damage|p2a: Basculegion|75/100
|-enditem|p2a: Basculegion|Choice Band|[from] move: Knock Off|[of] p1a: Cyclizar
|
|-weather|RainDance|[upkeep]
|upkeep
|turn|9
|
|t:|1760807595
|switch|p1a: Chesnaught|Chesnaught, F|96/100
|move|p2a: Basculegion|Wave Crash|p1a: Chesnaught
|-resisted|p1a: Chesnaught
|-damage|p1a: Chesnaught|52/100
|-damage|p2a: Basculegion|60/100|[from] Recoil
|
|-weather|none
|-heal|p1a: Chesnaught|58/100|[from] item: Leftovers
|upkeep
|turn|10
|
|t:|1760807606
|switch|p2a: Zapdos|Zapdos|100/100
|move|p1a: Chesnaught|Leech Seed|p2a: Zapdos
|-start|p2a: Zapdos|move: Leech Seed
|
|-heal|p1a: Chesnaught|64/100|[from] item: Leftovers
|-damage|p2a: Zapdos|88/100|[from] Leech Seed|[of] p1a: Chesnaught
|-heal|p1a: Chesnaught|76/100|[silent]
|upkeep
|turn|11
|
|t:|1760807614
|switch|p2a: Pelipper|Pelipper, F|41/100
|-weather|RainDance|[from] ability: Drizzle|[of] p2a: Pelipper
|switch|p1a: Gliscor|Gliscor, M|62/100 tox
|
|-weather|RainDance|[upkeep]
|-heal|p1a: Gliscor|74/100 tox|[from] ability: Poison Heal
|upkeep
|turn|12
|
|t:|1760807625
|switch|p2a: Basculegion|Basculegion, M, tera:Water|60/100
|move|p1a: Gliscor|Protect||[still]
|-fail|p1a: Gliscor
|
|-weather|RainDance|[upkeep]
|-heal|p1a: Gliscor|86/100 tox|[from] ability: Poison Heal
|upkeep
|turn|13
|
|t:|1760807628
|move|p1a: Gliscor|Protect|p1a: Gliscor
|-singleturn|p1a: Gliscor|Protect
|move|p2a: Basculegion|Wave Crash|p1a: Gliscor
|-activate|p1a: Gliscor|move: Protect
|
|-weather|RainDance|[upkeep]
|-heal|p1a: Gliscor|99/100 tox|[from] ability: Poison Heal
|upkeep
|turn|14
|
|t:|1760807633
|switch|p1a: Main course|Suicune|100/100
|-ability|p1a: Main course|Pressure
|move|p2a: Basculegion|Wave Crash|p1a: Main course
|-resisted|p1a: Main course
|-damage|p1a: Main course|52/100
|-damage|p2a: Basculegion|43/100|[from] Recoil
|
|-weather|RainDance|[upkeep]
|-heal|p1a: Main course|58/100|[from] item: Leftovers
|upkeep
|turn|15
|
|t:|1760807643
|move|p1a: Main course|Protect|p1a: Main course
|-singleturn|p1a: Main course|Protect
|move|p2a: Basculegion|Double-Edge|p1a: Main course
|-activate|p1a: Main course|move: Protect
|
|-weather|RainDance|[upkeep]
|-heal|p1a: Main course|64/100|[from] item: Leftovers
|upkeep
|turn|16
|
|t:|1760807650
|move|p2a: Basculegion|Double-Edge|p1a: Main course
|-damage|p1a: Main course|32/100
|-damage|p2a: Basculegion|32/100|[from] Recoil
|move|p1a: Main course|Scald|p2a: Basculegion
|-resisted|p2a: Basculegion
|-damage|p2a: Basculegion|12/100
|
|-weather|RainDance|[upkeep]
|-heal|p1a: Main course|38/100|[from] item: Leftovers
|upkeep
|turn|17
|
|t:|1760807661
|move|p1a: Main course|Protect|p1a: Main course
|-singleturn|p1a: Main course|Protect
|move|p2a: Basculegion|Wave Crash|p1a: Main course
|-activate|p1a: Main course|move: Protect
|
|-weather|RainDance|[upkeep]
|-heal|p1a: Main course|44/100|[from] item: Leftovers
|upkeep
|turn|18
|
|t:|1760807667
|switch|p1a: Chesnaught|Chesnaught, F|76/100
|move|p2a: Basculegion|Wave Crash|p1a: Chesnaught
|-resisted|p1a: Chesnaught
|-damage|p1a: Chesnaught|31/100
|-damage|p2a: Basculegion|0 fnt|[from] Recoil
|faint|p2a: Basculegion
|
|-weather|none
|-heal|p1a: Chesnaught|37/100|[from] item: Leftovers
|upkeep
|
|t:|1760807674
|switch|p2a: Greninja|Greninja, M|91/100
|turn|19
|
|t:|1760807677
|move|p2a: Greninja|Ice Beam|p1a: Chesnaught
|-supereffective|p1a: Chesnaught
|-damage|p1a: Chesnaught|0 fnt
|faint|p1a: Chesnaught
|-ability|p2a: Greninja|Battle Bond|boost
|-boost|p2a: Greninja|atk|1
|-boost|p2a: Greninja|spa|1
|-boost|p2a: Greninja|spe|1
|-activate|p2a: Greninja|ability: Battle Bond
|-damage|p2a: Greninja|81/100|[from] item: Life Orb
|
|upkeep
|
|t:|1760807688
|switch|p1a: Gholdengo|Gholdengo|98/100
|turn|20
|
|t:|1760807692
|-terastallize|p1a: Gholdengo|Fairy
|move|p2a: Greninja|Dark Pulse|p1a: Gholdengo
|-resisted|p1a: Gholdengo
|-damage|p1a: Gholdengo|60/100
|-damage|p2a: Greninja|71/100|[from] item: Life Orb
|move|p1a: Gholdengo|Trick|p2a: Greninja
|-activate|p1a: Gholdengo|move: Trick|[of] p2a: Greninja
|-item|p2a: Greninja|Choice Scarf|[from] move: Trick
|-item|p1a: Gholdengo|Life Orb|[from] move: Trick
|
|upkeep
|turn|21
|
|t:|1760807701
|switch|p1a: Cyclizar|Cyclizar, F|73/100
|move|p2a: Greninja|Surf|p1a: Cyclizar
|-resisted|p1a: Cyclizar
|-damage|p1a: Cyclizar|44/100
|
|upkeep
|turn|22
|
|t:|1760807709
|move|p2a: Greninja|Surf|p1a: Cyclizar
|-resisted|p1a: Cyclizar
|-damage|p1a: Cyclizar|15/100
|move|p1a: Cyclizar|U-turn|p2a: Greninja
|-supereffective|p2a: Greninja
|-damage|p2a: Greninja|18/100
|
|t:|1760807716
|switch|p1a: Main course|Suicune|44/100|[from] U-turn
|-ability|p1a: Main course|Pressure
|
|-heal|p1a: Main course|50/100|[from] item: Leftovers
|upkeep
|turn|23
|
|t:|1760807725
|move|p2a: Greninja|Surf|p1a: Main course
|-resisted|p1a: Main course
|-damage|p1a: Main course|32/100
|move|p1a: Main course|Substitute|p1a: Main course
|-start|p1a: Main course|Substitute
|-damage|p1a: Main course|7/100
|
|-heal|p1a: Main course|13/100|[from] item: Leftovers
|upkeep
|turn|24
|
|t:|1760807734
|move|p1a: Main course|Protect|p1a: Main course
|-singleturn|p1a: Main course|Protect
|move|p2a: Greninja|Surf|p1a: Main course
|-activate|p1a: Main course|move: Protect
|
|-heal|p1a: Main course|19/100|[from] item: Leftovers
|upkeep
|turn|25
|
|t:|1760807736
|move|p2a: Greninja|Surf|p1a: Main course
|-resisted|p1a: Main course
|-activate|p1a: Main course|move: Substitute|[damage]
|move|p1a: Main course|Calm Mind|p1a: Main course
|-boost|p1a: Main course|spa|1
|-boost|p1a: Main course|spd|1
|
|-heal|p1a: Main course|25/100|[from] item: Leftovers
|upkeep
|turn|26
|
|t:|1760807744
|move|p1a: Main course|Protect|p1a: Main course
|-singleturn|p1a: Main course|Protect
|move|p2a: Greninja|Surf|p1a: Main course
|-activate|p1a: Main course|move: Protect
|
|-heal|p1a: Main course|31/100|[from] item: Leftovers
|upkeep
|turn|27
|
|t:|1760807751
|move|p2a: Greninja|Surf|p1a: Main course
|-resisted|p1a: Main course
|-end|p1a: Main course|Substitute
|move|p1a: Main course|Calm Mind|p1a: Main course
|-boost|p1a: Main course|spa|1
|-boost|p1a: Main course|spd|1
|
|-heal|p1a: Main course|38/100|[from] item: Leftovers
|upkeep
|turn|28
|
|t:|1760807756
|move|p2a: Greninja|Surf|p1a: Main course
|-resisted|p1a: Main course
|-damage|p1a: Main course|27/100
|move|p1a: Main course|Substitute|p1a: Main course
|-start|p1a: Main course|Substitute
|-damage|p1a: Main course|2/100
|
|-heal|p1a: Main course|8/100|[from] item: Leftovers
|upkeep
|turn|29
|
|t:|1760807761
|switch|p2a: Pelipper|Pelipper, F|41/100
|-weather|RainDance|[from] ability: Drizzle|[of] p2a: Pelipper
|move|p1a: Main course|Protect||[still]
|-fail|p1a: Main course
|
|-weather|RainDance|[upkeep]
|-heal|p1a: Main course|15/100|[from] item: Leftovers
|upkeep
|turn|30
|
|t:|1760807765
|move|p1a: Main course|Protect|p1a: Main course
|-singleturn|p1a: Main course|Protect
|move|p2a: Pelipper|U-turn|p1a: Main course
|-activate|p1a: Main course|move: Protect
|
|-weather|RainDance|[upkeep]
|-heal|p1a: Main course|21/100|[from] item: Leftovers
|upkeep
|turn|31
|
|t:|1760807776
|move|p1a: Main course|Calm Mind|p1a: Main course
|-boost|p1a: Main course|spa|1
|-boost|p1a: Main course|spd|1
|move|p2a: Pelipper|U-turn|p1a: Main course
|-activate|p1a: Main course|move: Substitute|[damage]
|
|t:|1760807791
|switch|p2a: Iron Valiant|Iron Valiant|100/100|[from] U-turn
|
|-weather|RainDance|[upkeep]
|-heal|p1a: Main course|27/100|[from] item: Leftovers
|upkeep
|turn|32
|
|t:|1760807797
|move|p1a: Main course|Protect|p1a: Main course
|-singleturn|p1a: Main course|Protect
|move|p2a: Iron Valiant|Thunderbolt|p1a: Main course
|-activate|p1a: Main course|move: Protect
|
|-weather|RainDance|[upkeep]
|-heal|p1a: Main course|33/100|[from] item: Leftovers
|upkeep
|turn|33
|
|t:|1760807807
|move|p2a: Iron Valiant|Thunderbolt|p1a: Main course
|-supereffective|p1a: Main course
|-end|p1a: Main course|Substitute
|move|p1a: Main course|Scald|p2a: Iron Valiant
|-damage|p2a: Iron Valiant|0 fnt
|faint|p2a: Iron Valiant
|-end|p2a: Iron Valiant|Quark Drive|[silent]
|
|-weather|RainDance|[upkeep]
|-heal|p1a: Main course|39/100|[from] item: Leftovers
|upkeep
|
|t:|1760807816
|switch|p2a: Zapdos|Zapdos|88/100
|turn|34
|
|t:|1760807819
|move|p1a: Main course|Protect|p1a: Main course
|-singleturn|p1a: Main course|Protect
|move|p2a: Zapdos|Thunder|p1a: Main course
|-activate|p1a: Main course|move: Protect
|
|-weather|RainDance|[upkeep]
|-heal|p1a: Main course|46/100|[from] item: Leftovers
|upkeep
|turn|35
|
|t:|1760807821
|move|p2a: Zapdos|Thunder|p1a: Main course
|-supereffective|p1a: Main course
|-damage|p1a: Main course|23/100
|move|p1a: Main course|Scald|p2a: Zapdos
|-damage|p2a: Zapdos|0 fnt
|faint|p2a: Zapdos
|
|-weather|RainDance|[upkeep]
|-heal|p1a: Main course|29/100|[from] item: Leftovers
|upkeep
|
|t:|1760807824
|switch|p2a: Sandy Shocks|Sandy Shocks|100/100
|-enditem|p2a: Sandy Shocks|Booster Energy
|-activate|p2a: Sandy Shocks|ability: Protosynthesis|[fromitem]
|-start|p2a: Sandy Shocks|protosynthesisspe
|turn|36
|
|t:|1760807835
|move|p1a: Main course|Protect|p1a: Main course
|-singleturn|p1a: Main course|Protect
|move|p2a: Sandy Shocks|Thunderbolt|p1a: Main course
|-activate|p1a: Main course|move: Protect
|
|-weather|none
|-heal|p1a: Main course|35/100|[from] item: Leftovers
|upkeep
|turn|37
|
|t:|1760807842
|move|p2a: Sandy Shocks|Thunderbolt|p1a: Main course
|-supereffective|p1a: Main course
|-damage|p1a: Main course|14/100
|move|p1a: Main course|Scald|p2a: Sandy Shocks
|-supereffective|p2a: Sandy Shocks
|-damage|p2a: Sandy Shocks|0 fnt
|faint|p2a: Sandy Shocks
|-end|p2a: Sandy Shocks|Protosynthesis|[silent]
|
|-heal|p1a: Main course|20/100|[from] item: Leftovers
|upkeep
|
|t:|1760807844
|switch|p2a: Greninja|Greninja, M|18/100
|turn|38
|-message|QPZMbnm forfeited.
|
|win|FittedCrib05
|raw|FittedCrib05's rating: 1277 &rarr; <strong>1299</strong><br />(+22 for winning)
|raw|QPZMbnm's rating: 1235 &rarr; <strong>1213</strong><br />(-22 for losing)
|l|☆QPZMbnm
|player|p2|
|l|☆FittedCrib05
|player|p1|
