|j|☆Sweepman Sam
|j|☆jadhe
|t:|1760837260
|gametype|singles
|player|p1|Sweepman Sam|pokemonbreeder|1207
|player|p2|jadhe|2|1193
|gen|9
|tier|[Gen 9] OU
|rated|
|rule|HP Percentage Mod: HP is shown in percentages
|rule|Endless Battle Clause: Forcing endless battles is banned
|rule|Species Clause: Limit one of each Pokémon
|rule|OHKO Clause: OHKO moves are banned
|rule|Evasion Items Clause: Evasion items are banned
|rule|Evasion Moves Clause: Evasion moves are banned
|rule|Evasion Abilities Clause: Evasion abilities are banned
|rule|Sleep Moves Clause: Sleep-inducing moves are banned
|clearpoke
|poke|p1|Ting-Lu|
|poke|p1|Rotom-Wash|
|poke|p1|Rillaboom, M|
|poke|p1|Gholdengo|
|poke|p1|Moltres|
|poke|p1|Okidogi, M|
|poke|p2|Gliscor, F|
|poke|p2|Tropius, F|
|poke|p2|Cinderace, M|
|poke|p2|Indeedee, M|
|poke|p2|Iron Treads|
|poke|p2|Heatran, M|
|teampreview
|
|t:|1760837293
|teamsize|p1|6
|teamsize|p2|6
|start
|switch|p1a: Rotom|Rotom-Wash, shiny|100/100
|switch|p2a: Cinderace|Cinderace, M|100/100
|turn|1
|inactive|Battle timer is ON: inactive players will automatically lose when time's up. (requested by Sweepman Sam)
|
|t:|1760837299
|move|p1a: Rotom|Hydro Pump|p2a: Cinderace
|-supereffective|p2a: Cinderace
|-damage|p2a: Cinderace|0 fnt
|faint|p2a: Cinderace
|
|upkeep
|
|t:|1760837304
|switch|p2a: Tropius|Tropius, F|100/100
|turn|2
|
|t:|1760837311
|switch|p1a: Gholdengo|Gholdengo|100/100
|move|p2a: Tropius|Substitute|p2a: Tropius
|-start|p2a: Tropius|Substitute
|-damage|p2a: Tropius|76/100
|
|upkeep
|turn|3
|
|t:|1760837314
|move|p1a: Gholdengo|Substitute|p1a: Gholdengo
|-start|p1a: Gholdengo|Substitute
|-damage|p1a: Gholdengo|76/100
|move|p2a: Tropius|Air Slash|p1a: Gholdengo|[miss]
|-miss|p2a: Tropius|p1a: Gholdengo
|
|upkeep
|turn|4
|
|t:|1760837320
|move|p1a: Gholdengo|Shadow Ball|p2a: Tropius
|-end|p2a: Tropius|Substitute
|-damage|p1a: Gholdengo|66/100|[from] item: Life Orb
|move|p2a: Tropius|Air Slash|p1a: Gholdengo
|-resisted|p1a: Gholdengo
|-activate|p1a: Gholdengo|move: Substitute|[damage]
|
|upkeep
|turn|5
|
|t:|1760837328
|move|p1a: Gholdengo|Shadow Ball|p2a: Tropius
|-damage|p2a: Tropius|18/100
|-enditem|p2a: Tropius|Sitrus Berry|[eat]
|-heal|p2a: Tropius|43/100|[from] item: Sitrus Berry
|-damage|p1a: Gholdengo|56/100|[from] item: Life Orb
|move|p2a: Tropius|Air Slash|p1a: Gholdengo
|-resisted|p1a: Gholdengo
|-end|p1a: Gholdengo|Substitute
|
|upkeep
|turn|6
|
|t:|1760837338
|move|p1a: Gholdengo|Shadow Ball|p2a: Tropius
|-damage|p2a: Tropius|0 fnt
|faint|p2a: Tropius
|-damage|p1a: Gholdengo|46/100|[from] item: Life Orb
|
|upkeep
|
|t:|1760837353
|switch|p2a: Gliscor|Gliscor, F|100/100
|turn|7
|
|t:|1760837364
|switch|p1a: Moltres|Moltres, shiny|100/100
|move|p2a: Gliscor|Substitute|p2a: Gliscor
|-start|p2a: Gliscor|Substitute
|-damage|p2a: Gliscor|76/100
|
|-status|p2a: Gliscor|tox|[from] item: Toxic Orb
|upkeep
|turn|8
|
|t:|1760837367
|move|p2a: Gliscor|Toxic|p1a: Moltres
|-status|p1a: Moltres|tox
|move|p1a: Moltres|Flamethrower|p2a: Gliscor
|-end|p2a: Gliscor|Substitute
|
|-heal|p2a: Gliscor|88/100 tox|[from] ability: Poison Heal
|-damage|p1a: Moltres|94/100 tox|[from] psn
|upkeep
|turn|9
|
|t:|1760837375
|switch|p1a: Ting-Lu|Ting-Lu|100/100
|-ability|p1a: Ting-Lu|Vessel of Ruin
|move|p2a: Gliscor|Protect||[still]
|-fail|p2a: Gliscor
|
|-heal|p2a: Gliscor|100/100 tox|[from] ability: Poison Heal
|upkeep
|turn|10
|
|t:|1760837378
|move|p2a: Gliscor|Toxic|p1a: Ting-Lu
|-status|p1a: Ting-Lu|tox
|move|p1a: Ting-Lu|Stealth Rock|p2a: Gliscor
|-sidestart|p2: jadhe|move: Stealth Rock
|
|-damage|p1a: Ting-Lu|94/100 tox|[from] psn
|upkeep
|turn|11
|
|t:|1760837384
|move|p2a: Gliscor|Substitute|p2a: Gliscor
|-start|p2a: Gliscor|Substitute
|-damage|p2a: Gliscor|76/100 tox
|move|p1a: Ting-Lu|Spikes|p2a: Gliscor
|-sidestart|p2: jadhe|Spikes
|
|-heal|p1a: Ting-Lu|100/100 tox|[from] item: Leftovers
|-heal|p2a: Gliscor|88/100 tox|[from] ability: Poison Heal
|-damage|p1a: Ting-Lu|88/100 tox|[from] psn
|upkeep
|turn|12
|
|t:|1760837397
|move|p2a: Gliscor|Protect|p2a: Gliscor
|-singleturn|p2a: Gliscor|Protect
|move|p1a: Ting-Lu|Whirlwind|p2a: Gliscor
|drag|p2a: Heatran|Heatran, M|100/100
|-damage|p2a: Heatran|88/100|[from] Stealth Rock
|-item|p2a: Heatran|Air Balloon
|
|-heal|p1a: Ting-Lu|94/100 tox|[from] item: Leftovers
|-damage|p1a: Ting-Lu|76/100 tox|[from] psn
|upkeep
|turn|13
|
|t:|1760837407
|switch|p2a: Iron Treads|Iron Treads|100/100
|-damage|p2a: Iron Treads|97/100|[from] Stealth Rock
|-damage|p2a: Iron Treads|85/100|[from] Spikes
|-enditem|p2a: Iron Treads|Booster Energy
|-activate|p2a: Iron Treads|ability: Quark Drive|[fromitem]
|-start|p2a: Iron Treads|quarkdrivespe
|switch|p1a: Rotom|Rotom-Wash, shiny|100/100
|
|upkeep
|turn|14
|
|t:|1760837423
|move|p2a: Iron Treads|Rapid Spin|p1a: Rotom
|-damage|p1a: Rotom|83/100
|-boost|p2a: Iron Treads|spe|1
|-sideend|p2: jadhe|Spikes|[from] move: Rapid Spin|[of] p2a: Iron Treads
|-sideend|p2: jadhe|Stealth Rock|[from] move: Rapid Spin|[of] p2a: Iron Treads
|move|p1a: Rotom|Hydro Pump|p2a: Iron Treads
|-supereffective|p2a: Iron Treads
|-damage|p2a: Iron Treads|0 fnt
|faint|p2a: Iron Treads
|-end|p2a: Iron Treads|Quark Drive|[silent]
|
|upkeep
|c|☆Sweepman Sam|QuArK dRiVe
|c|☆Sweepman Sam|Me SaC mOn FoR Rocks
|
|t:|1760837440
|switch|p2a: Gliscor|Gliscor, F|88/100 tox
|turn|15
|
|t:|1760837444
|-terastallize|p2a: Gliscor|Water
|move|p1a: Rotom|Hydro Pump|p2a: Gliscor
|-resisted|p2a: Gliscor
|-damage|p2a: Gliscor|57/100 tox
|move|p2a: Gliscor|Toxic|p1a: Rotom
|-status|p1a: Rotom|tox
|
|-damage|p1a: Rotom|76/100 tox|[from] psn
|-heal|p2a: Gliscor|69/100 tox|[from] ability: Poison Heal
|upkeep
|turn|16
|
|t:|1760837453
|switch|p1a: Ting-Lu|Ting-Lu|76/100 tox
|-ability|p1a: Ting-Lu|Vessel of Ruin
|move|p2a: Gliscor|Substitute|p2a: Gliscor
|-start|p2a: Gliscor|Substitute
|-damage|p2a: Gliscor|44/100 tox
|
|-heal|p1a: Ting-Lu|82/100 tox|[from] item: Leftovers
|-heal|p2a: Gliscor|57/100 tox|[from] ability: Poison Heal
|-damage|p1a: Ting-Lu|76/100 tox|[from] psn
|upkeep
|turn|17
|
|t:|1760837460
|move|p2a: Gliscor|Earthquake|p1a: Ting-Lu
|-damage|p1a: Ting-Lu|59/100 tox
|move|p1a: Ting-Lu|Stealth Rock|p2a: Gliscor
|-sidestart|p2: jadhe|move: Stealth Rock
|
|-heal|p1a: Ting-Lu|65/100 tox|[from] item: Leftovers
|-heal|p2a: Gliscor|69/100 tox|[from] ability: Poison Heal
|-damage|p1a: Ting-Lu|53/100 tox|[from] psn
|upkeep
|turn|18
|c|☆Sweepman Sam|Me GeT rOcKz BaCk
|
|t:|1760837471
|move|p2a: Gliscor|Earthquake|p1a: Ting-Lu
|-damage|p1a: Ting-Lu|35/100 tox
|move|p1a: Ting-Lu|Whirlwind|p2a: Gliscor
|drag|p2a: Heatran|Heatran, M|88/100
|-damage|p2a: Heatran|76/100|[from] Stealth Rock
|-item|p2a: Heatran|Air Balloon
|
|-heal|p1a: Ting-Lu|41/100 tox|[from] item: Leftovers
|-damage|p1a: Ting-Lu|23/100 tox|[from] psn
|upkeep
|turn|19
|
|t:|1760837480
|move|p2a: Heatran|Flamethrower|p1a: Ting-Lu
|-damage|p1a: Ting-Lu|0 fnt
|faint|p1a: Ting-Lu
|
|upkeep
|
|t:|1760837484
|switch|p1a: Okidogi|Okidogi, M|100/100
|turn|20
|
|t:|1760837489
|move|p1a: Okidogi|Drain Punch|p2a: Heatran
|-supereffective|p2a: Heatran
|-damage|p2a: Heatran|0 fnt
|-status|p1a: Okidogi|brn|[from] ability: Flame Body|[of] p2a: Heatran
|-enditem|p2a: Heatran|Air Balloon
|faint|p2a: Heatran
|
|-damage|p1a: Okidogi|94/100 brn|[from] brn
|upkeep
|
|t:|1760837495
|switch|p2a: Indeedee|Indeedee, M|100/100
|-damage|p2a: Indeedee|88/100|[from] Stealth Rock
|-fieldstart|move: Psychic Terrain|[from] ability: Psychic Surge|[of] p2a: Indeedee
|turn|21
|
|t:|1760837502
|-terastallize|p1a: Okidogi|Dark
|move|p2a: Indeedee|Psychic|p1a: Okidogi
|-immune|p1a: Okidogi
|move|p1a: Okidogi|Knock Off|p2a: Indeedee
|-supereffective|p2a: Indeedee
|-damage|p2a: Indeedee|0 fnt
|-enditem|p2a: Indeedee|Choice Scarf|[from] move: Knock Off|[of] p1a: Okidogi
|faint|p2a: Indeedee
|
|-damage|p1a: Okidogi|88/100 brn|[from] brn
|upkeep
|
|t:|1760837504
|switch|p2a: Gliscor|Gliscor, F, tera:Water|69/100 tox
|-damage|p2a: Gliscor|57/100 tox|[from] Stealth Rock
|turn|22
|
|t:|1760837511
|switch|p1a: Rotom|Rotom-Wash, shiny|76/100 tox
|move|p2a: Gliscor|Substitute|p2a: Gliscor
|-start|p2a: Gliscor|Substitute
|-damage|p2a: Gliscor|32/100 tox
|
|-damage|p1a: Rotom|70/100 tox|[from] psn
|-heal|p2a: Gliscor|44/100 tox|[from] ability: Poison Heal
|upkeep
|turn|23
|
|t:|1760837514
|move|p2a: Gliscor|Protect|p2a: Gliscor
|-singleturn|p2a: Gliscor|Protect
|move|p1a: Rotom|Thunderbolt|p2a: Gliscor
|-activate|p2a: Gliscor|move: Protect
|
|-damage|p1a: Rotom|58/100 tox|[from] psn
|-heal|p2a: Gliscor|57/100 tox|[from] ability: Poison Heal
|upkeep
|turn|24
|
|t:|1760837525
|move|p1a: Rotom|Thunderbolt|p2a: Gliscor
|-supereffective|p2a: Gliscor
|-end|p2a: Gliscor|Substitute
|move|p2a: Gliscor|Substitute|p2a: Gliscor
|-start|p2a: Gliscor|Substitute
|-damage|p2a: Gliscor|32/100 tox
|
|-damage|p1a: Rotom|39/100 tox|[from] psn
|-heal|p2a: Gliscor|44/100 tox|[from] ability: Poison Heal
|upkeep
|turn|25
|
|t:|1760837528
|move|p2a: Gliscor|Protect|p2a: Gliscor
|-singleturn|p2a: Gliscor|Protect
|move|p1a: Rotom|Thunderbolt|p2a: Gliscor
|-activate|p2a: Gliscor|move: Protect
|
|-damage|p1a: Rotom|14/100 tox|[from] psn
|-heal|p2a: Gliscor|57/100 tox|[from] ability: Poison Heal
|-fieldend|move: Psychic Terrain
|upkeep
|turn|26
|
|t:|1760837531
|move|p1a: Rotom|Thunderbolt|p2a: Gliscor
|-supereffective|p2a: Gliscor
|-end|p2a: Gliscor|Substitute
|move|p2a: Gliscor|Substitute|p2a: Gliscor
|-start|p2a: Gliscor|Substitute
|-damage|p2a: Gliscor|32/100 tox
|
|-damage|p1a: Rotom|0 fnt|[from] psn
|faint|p1a: Rotom
|-heal|p2a: Gliscor|44/100 tox|[from] ability: Poison Heal
|upkeep
|
|t:|1760837534
|switch|p1a: Rillaboom|Rillaboom, M|100/100
|-fieldstart|move: Grassy Terrain|[from] ability: Grassy Surge|[of] p1a: Rillaboom
|turn|27
|
|t:|1760837537
|move|p1a: Rillaboom|Grassy Glide|p2a: Gliscor
|-supereffective|p2a: Gliscor
|-end|p2a: Gliscor|Substitute
|-damage|p1a: Rillaboom|91/100|[from] item: Life Orb
|move|p2a: Gliscor|Toxic|p1a: Rillaboom
|-status|p1a: Rillaboom|tox
|
|-heal|p1a: Rillaboom|97/100 tox|[from] Grassy Terrain
|-heal|p2a: Gliscor|50/100 tox|[from] Grassy Terrain
|-damage|p1a: Rillaboom|91/100 tox|[from] psn
|-heal|p2a: Gliscor|63/100 tox|[from] ability: Poison Heal
|upkeep
|turn|28
|c|☆Sweepman Sam|Me UsE gLisCor tIll mE LosE
|
|t:|1760837554
|move|p2a: Gliscor|Protect|p2a: Gliscor
|-singleturn|p2a: Gliscor|Protect
|move|p1a: Rillaboom|Grassy Glide|p2a: Gliscor
|-activate|p2a: Gliscor|move: Protect
|
|-heal|p1a: Rillaboom|97/100 tox|[from] Grassy Terrain
|-heal|p2a: Gliscor|69/100 tox|[from] Grassy Terrain
|-damage|p1a: Rillaboom|84/100 tox|[from] psn
|-heal|p2a: Gliscor|82/100 tox|[from] ability: Poison Heal
|upkeep
|turn|29
|
|t:|1760837565
|move|p1a: Rillaboom|Grassy Glide|p2a: Gliscor
|-supereffective|p2a: Gliscor
|-damage|p2a: Gliscor|10/100 tox
|-damage|p1a: Rillaboom|74/100 tox|[from] item: Life Orb
|move|p2a: Gliscor|Substitute|p2a: Gliscor
|-fail|p2a: Gliscor|move: Substitute|[weak]
|
|-heal|p1a: Rillaboom|81/100 tox|[from] Grassy Terrain
|-heal|p2a: Gliscor|17/100 tox|[from] Grassy Terrain
|-damage|p1a: Rillaboom|62/100 tox|[from] psn
|-heal|p2a: Gliscor|29/100 tox|[from] ability: Poison Heal
|upkeep
|turn|30
|c|☆Sweepman Sam|fking dweeb
|
|t:|1760837578
|move|p2a: Gliscor|Protect|p2a: Gliscor
|-singleturn|p2a: Gliscor|Protect
|move|p1a: Rillaboom|Grassy Glide|p2a: Gliscor
|-activate|p2a: Gliscor|move: Protect
|
|-heal|p1a: Rillaboom|68/100 tox|[from] Grassy Terrain
|-heal|p2a: Gliscor|35/100 tox|[from] Grassy Terrain
|-damage|p1a: Rillaboom|44/100 tox|[from] psn
|-heal|p2a: Gliscor|48/100 tox|[from] ability: Poison Heal
|upkeep
|turn|31
|-message|jadhe forfeited.
|
|win|Sweepman Sam
|raw|Sweepman Sam's rating: 1207 &rarr; <strong>1231</strong><br />(+24 for winning)
|raw|jadhe's rating: 1193 &rarr; <strong>1169</strong><br />(-24 for losing)
|l|☆jadhe
|player|p2|
|l|☆Sweepman Sam
|player|p1|
