|j|☆b3n z0br1st
|j|☆faabie
|t:|1760778706
|gametype|singles
|player|p1|b3n z0br1st|102|1115
|player|p2|faabie|blackbelt-gen4dp|1124
|gen|9
|tier|[Gen 9] OU
|rated|
|rule|HP Percentage Mod: HP is shown in percentages
|rule|Endless Battle Clause: Forcing endless battles is banned
|rule|Species Clause: Limit one of each Pokémon
|rule|OHKO Clause: OHKO moves are banned
|rule|Evasion Items Clause: Evasion items are banned
|rule|Evasion Moves Clause: Evasion moves are banned
|rule|Evasion Abilities Clause: Evasion abilities are banned
|rule|Sleep Moves Clause: Sleep-inducing moves are banned
|clearpoke
|poke|p1|Indeedee, M|
|poke|p1|Hatterene, F|
|poke|p1|Ursaluna, F|
|poke|p1|Iron Hands|
|poke|p1|Hoopa-Unbound|
|poke|p1|Mimikyu, F|
|poke|p2|Hitmonlee, M|
|poke|p2|Scizor, M|
|poke|p2|Rillaboom, M|
|poke|p2|Azumarill, M|
|poke|p2|Ceruledge, M|
|poke|p2|Garganacl, M|
|teampreview
|inactive|Battle timer is ON: inactive players will automatically lose when time's up. (requested by faabie)
|
|t:|1760778729
|teamsize|p1|6
|teamsize|p2|6
|start
|switch|p1a: LEBRON|Iron Hands|100/100
|switch|p2a: Hitmonlee|Hitmonlee, M, shiny|100/100
|-enditem|p1a: LEBRON|Booster Energy
|-activate|p1a: LEBRON|ability: Quark Drive|[fromitem]
|-start|p1a: LEBRON|quarkdriveatk
|turn|1
|
|t:|1760778748
|-terastallize|p2a: Hitmonlee|Dark
|move|p2a: Hitmonlee|Endure|p2a: Hitmonlee
|-singleturn|p2a: Hitmonlee|move: Endure
|move|p1a: LEBRON|Supercell Slam|p2a: Hitmonlee
|-activate|p2a: Hitmonlee|move: Endure
|-damage|p2a: Hitmonlee|1/100
|
|upkeep
|turn|2
|
|t:|1760778771
|-terastallize|p1a: LEBRON|Flying
|move|p2a: Hitmonlee|Reversal|p1a: LEBRON
|-resisted|p1a: LEBRON
|-damage|p1a: LEBRON|68/100
|move|p1a: LEBRON|Ice Punch|p2a: Hitmonlee
|-damage|p2a: Hitmonlee|0 fnt
|faint|p2a: Hitmonlee
|
|upkeep
|
|t:|1760778786
|switch|p2a: Ceruledge|Ceruledge, M|100/100
|turn|3
|
|t:|1760778796
|-end|p1a: LEBRON|Quark Drive|[silent]
|switch|p1a: Subaru|Indeedee, M, shiny|100/100
|-fieldstart|move: Psychic Terrain|[from] ability: Psychic Surge|[of] p1a: Subaru
|move|p2a: Ceruledge|Bulk Up|p2a: Ceruledge
|-boost|p2a: Ceruledge|atk|1
|-boost|p2a: Ceruledge|def|1
|
|upkeep
|turn|4
|
|t:|1760778808
|move|p2a: Ceruledge|Shadow Claw|p1a: Subaru
|-immune|p1a: Subaru
|move|p1a: Subaru|Encore|p2a: Ceruledge
|-start|p2a: Ceruledge|Encore
|
|upkeep
|turn|5
|
|t:|1760778819
|switch|p2a: Scizor|Scizor, M, shiny|100/100
|move|p1a: Subaru|Trick Room|p1a: Subaru
|-fieldstart|move: Trick Room|[of] p1a: Subaru
|
|upkeep
|turn|6
|
|t:|1760778831
|switch|p1a: Satella|Hatterene, F, shiny|100/100
|move|p2a: Scizor|Bug Bite|p1a: Satella
|-damage|p1a: Satella|49/100
|
|upkeep
|turn|7
|
|t:|1760778843
|move|p2a: Scizor|Bullet Punch|p1a: Satella
|-activate|p1a: Satella|move: Psychic Terrain
|move|p1a: Satella|Mystical Fire|p2a: Scizor
|-supereffective|p2a: Scizor
|-damage|p2a: Scizor|0 fnt
|faint|p2a: Scizor
|-damage|p1a: Satella|40/100|[from] item: Life Orb
|
|upkeep
|
|t:|1760778853
|switch|p2a: Rillaboom|Rillaboom, M, shiny|100/100
|-fieldstart|move: Grassy Terrain|[from] ability: Grassy Surge|[of] p2a: Rillaboom
|turn|8
|
|t:|1760778864
|move|p2a: Rillaboom|Grassy Glide|p1a: Satella
|-damage|p1a: Satella|0 fnt
|faint|p1a: Satella
|
|upkeep
|
|t:|1760778869
|switch|p1a: Subaru|Indeedee, M, shiny|100/100
|-fieldstart|move: Psychic Terrain|[from] ability: Psychic Surge|[of] p1a: Subaru
|turn|9
|
|t:|1760778876
|move|p2a: Rillaboom|Knock Off|p1a: Subaru
|-supereffective|p1a: Subaru
|-damage|p1a: Subaru|21/100
|-enditem|p1a: Subaru|Terrain Extender|[from] move: Knock Off|[of] p2a: Rillaboom
|move|p1a: Subaru|Trick Room|p1a: Subaru
|-fieldend|move: Trick Room
|
|upkeep
|turn|10
|
|t:|1760778884
|move|p2a: Rillaboom|Grassy Glide|p1a: Subaru
|-damage|p1a: Subaru|0 fnt
|faint|p1a: Subaru
|
|upkeep
|
|t:|1760778898
|switch|p1a: LEBRON|Iron Hands, tera:Flying|68/100
|turn|11
|
|t:|1760778909
|move|p2a: Rillaboom|Drain Punch|p1a: LEBRON
|-resisted|p1a: LEBRON
|-damage|p1a: LEBRON|58/100
|move|p1a: LEBRON|Close Combat|p2a: Rillaboom
|-damage|p2a: Rillaboom|26/100
|-unboost|p1a: LEBRON|def|1
|-unboost|p1a: LEBRON|spd|1
|
|-heal|p2a: Rillaboom|32/100|[from] item: Leftovers
|upkeep
|turn|12
|
|t:|1760778924
|move|p2a: Rillaboom|Trailblaze|p1a: LEBRON
|-resisted|p1a: LEBRON
|-damage|p1a: LEBRON|44/100
|-boost|p2a: Rillaboom|spe|1
|move|p1a: LEBRON|Supercell Slam|p2a: Rillaboom
|-resisted|p2a: Rillaboom
|-damage|p2a: Rillaboom|0 fnt
|faint|p2a: Rillaboom
|
|upkeep
|
|t:|1760778936
|switch|p2a: Garganacl|Garganacl, M, shiny|100/100
|-item|p2a: Garganacl|Air Balloon
|turn|13
|
|t:|1760778949
|move|p1a: LEBRON|Close Combat|p2a: Garganacl
|-supereffective|p2a: Garganacl
|-damage|p2a: Garganacl|8/100
|-unboost|p1a: LEBRON|def|1
|-unboost|p1a: LEBRON|spd|1
|-enditem|p2a: Garganacl|Air Balloon
|move|p2a: Garganacl|Stone Edge|p1a: LEBRON
|-supereffective|p1a: LEBRON
|-damage|p1a: LEBRON|0 fnt
|faint|p1a: LEBRON
|-end|p1a: LEBRON|Quark Drive|[silent]
|
|upkeep
|
|t:|1760778954
|switch|p1a: King Von|Hoopa-Unbound|100/100
|-enditem|p1a: King Von|Psychic Seed
|-boost|p1a: King Von|spd|1|[from] item: Psychic Seed
|turn|14
|
|t:|1760778977
|move|p2a: Garganacl|Recover|p2a: Garganacl
|-heal|p2a: Garganacl|59/100
|move|p1a: King Von|Trick Room|p1a: King Von
|-fieldstart|move: Trick Room|[of] p1a: King Von
|
|upkeep
|turn|15
|
|t:|1760778983
|move|p2a: Garganacl|Iron Defense|p2a: Garganacl
|-boost|p2a: Garganacl|def|2
|move|p1a: King Von|Expanding Force|p2a: Garganacl
|-damage|p2a: Garganacl|0 fnt
|faint|p2a: Garganacl
|
|upkeep
|
|t:|1760778995
|switch|p2a: Azumarill|Azumarill, M|100/100
|turn|16
|inactive|b3n z0br1st has 120 seconds left.
|inactive|b3n z0br1st has 90 seconds left.
|inactive|b3n z0br1st has 60 seconds left.
|inactive|b3n z0br1st has 30 seconds left.
|inactive|b3n z0br1st has 20 seconds left.
|inactive|b3n z0br1st has 15 seconds left.
|inactive|b3n z0br1st has 10 seconds left.
|inactive|b3n z0br1st has 5 seconds left.
|-message|b3n z0br1st lost due to inactivity.
|
|win|faabie
|raw|b3n z0br1st's rating: 1115 &rarr; <strong>1091</strong><br />(-24 for losing)
|raw|faabie's rating: 1124 &rarr; <strong>1148</strong><br />(+24 for winning)
|l|☆faabie
|player|p2|
