|j|☆6quesitomx9
|j|☆Pikka888
|t:|1760770117
|gametype|singles
|player|p1|6quesitomx9|preschoolerf|1232
|player|p2|Pikka888|1|1309
|gen|9
|tier|[Gen 9] OU
|rated|
|rule|HP Percentage Mod: HP is shown in percentages
|rule|Endless Battle Clause: Forcing endless battles is banned
|rule|Species Clause: Limit one of each Pokémon
|rule|OHKO Clause: OHKO moves are banned
|rule|Evasion Items Clause: Evasion items are banned
|rule|Evasion Moves Clause: Evasion moves are banned
|rule|Evasion Abilities Clause: Evasion abilities are banned
|rule|Sleep Moves Clause: Sleep-inducing moves are banned
|clearpoke
|poke|p1|Mew|
|poke|p1|Cinderace, M|
|poke|p1|Falinks|
|poke|p1|Tinkaton, F|
|poke|p1|Empoleon, M|
|poke|p1|Iron Leaves|
|poke|p2|Victreebel, M|
|poke|p2|Torkoal, F|
|poke|p2|Raging Bolt|
|poke|p2|Hatterene, F|
|poke|p2|Landorus-Therian, M|
|poke|p2|Darkrai|
|teampreview
|inactive|Battle timer is ON: inactive players will automatically lose when time's up. (requested by 6quesitomx9)
|
|t:|1760770131
|teamsize|p1|6
|teamsize|p2|6
|start
|switch|p1a: Fila India|Falinks|100/100
|switch|p2a: Raging Bolt|Raging Bolt|100/100
|turn|1
|
|t:|1760770136
|move|p2a: Raging Bolt|Volt Switch|p1a: Fila India
|-crit|p1a: Fila India
|-damage|p1a: Fila India|0 fnt
|faint|p1a: Fila India
|
|t:|1760770144
|-end|p2a: Raging Bolt|Protosynthesis|[silent]
|switch|p2a: Torkoal|Torkoal, F|100/100|[from] Volt Switch
|-weather|SunnyDay|[from] ability: Drought|[of] p2a: Torkoal
|
|-weather|SunnyDay|[upkeep]
|upkeep
|
|t:|1760770154
|switch|p1a: Carreranejo|Cinderace, M|100/100
|turn|2
|
|t:|1760770160
|move|p1a: Carreranejo|Pyro Ball|p2a: Torkoal
|-resisted|p2a: Torkoal
|-damage|p2a: Torkoal|69/100
|move|p2a: Torkoal|Body Press|p1a: Carreranejo
|-crit|p1a: Carreranejo
|-damage|p1a: Carreranejo|39/100
|
|-weather|SunnyDay|[upkeep]
|upkeep
|turn|3
|
|t:|1760770165
|move|p1a: Carreranejo|Pyro Ball|p2a: Torkoal
|-resisted|p2a: Torkoal
|-damage|p2a: Torkoal|42/100
|move|p2a: Torkoal|Body Press|p1a: Carreranejo
|-damage|p1a: Carreranejo|0 fnt
|faint|p1a: Carreranejo
|
|-weather|SunnyDay|[upkeep]
|upkeep
|
|t:|1760770173
|switch|p1a: Verroferdor|Iron Leaves|100/100
|turn|4
|
|t:|1760770185
|move|p1a: Verroferdor|Psyblade|p2a: Torkoal
|-damage|p2a: Torkoal|13/100
|move|p2a: Torkoal|Lava Plume|p1a: Verroferdor
|-supereffective|p1a: Verroferdor
|-damage|p1a: Verroferdor|29/100
|
|-weather|SunnyDay|[upkeep]
|upkeep
|turn|5
|
|t:|1760770198
|switch|p2a: Landorus|Landorus-Therian, M, shiny|100/100
|-ability|p2a: Landorus|Intimidate|boost
|-unboost|p1a: Verroferdor|atk|1
|move|p1a: Verroferdor|Sacred Sword|p2a: Landorus
|-resisted|p2a: Landorus
|-damage|p2a: Landorus|88/100
|
|-weather|SunnyDay|[upkeep]
|upkeep
|turn|6
|
|t:|1760770208
|move|p1a: Verroferdor|Trailblaze|p2a: Landorus
|-damage|p2a: Landorus|65/100
|-boost|p1a: Verroferdor|spe|1
|move|p2a: Landorus|U-turn|p1a: Verroferdor
|-supereffective|p1a: Verroferdor
|-damage|p1a: Verroferdor|0 fnt
|faint|p1a: Verroferdor
|-end|p1a: Verroferdor|Quark Drive|[silent]
|
|t:|1760770213
|switch|p2a: Raging Bolt|Raging Bolt|100/100|[from] U-turn
|-activate|p2a: Raging Bolt|ability: Protosynthesis
|-start|p2a: Raging Bolt|protosynthesisspa
|
|-weather|SunnyDay|[upkeep]
|upkeep
|
|t:|1760770217
|switch|p1a: MARTILLO|Tinkaton, F|100/100
|-ability|p1a: MARTILLO|Mold Breaker
|turn|7
|
|t:|1760770221
|move|p2a: Raging Bolt|Volt Switch|p1a: MARTILLO
|-damage|p1a: MARTILLO|56/100
|
|t:|1760770226
|-end|p2a: Raging Bolt|Protosynthesis|[silent]
|switch|p2a: Landorus|Landorus-Therian, M, shiny|65/100|[from] Volt Switch
|-ability|p2a: Landorus|Intimidate|boost
|-unboost|p1a: MARTILLO|atk|1
|move|p1a: MARTILLO|Substitute|p1a: MARTILLO
|-start|p1a: MARTILLO|Substitute
|-damage|p1a: MARTILLO|31/100
|
|-weather|SunnyDay|[upkeep]
|-heal|p1a: MARTILLO|37/100|[from] item: Leftovers
|upkeep
|turn|8
|
|t:|1760770230
|move|p2a: Landorus|Earth Power|p1a: MARTILLO
|-supereffective|p1a: MARTILLO
|-end|p1a: MARTILLO|Substitute
|move|p1a: MARTILLO|Swords Dance|p1a: MARTILLO
|-boost|p1a: MARTILLO|atk|2
|
|-weather|none
|-heal|p1a: MARTILLO|43/100|[from] item: Leftovers
|upkeep
|turn|9
|
|t:|1760770235
|-terastallize|p1a: MARTILLO|Flying
|move|p2a: Landorus|Earth Power|p1a: MARTILLO
|-immune|p1a: MARTILLO
|move|p1a: MARTILLO|Play Rough|p2a: Landorus|[miss]
|-miss|p1a: MARTILLO|p2a: Landorus
|
|-heal|p1a: MARTILLO|49/100|[from] item: Leftovers
|upkeep
|turn|10
|
|t:|1760770242
|move|p2a: Landorus|Smack Down|p1a: MARTILLO
|-supereffective|p1a: MARTILLO
|-damage|p1a: MARTILLO|20/100
|-start|p1a: MARTILLO|Smack Down
|move|p1a: MARTILLO|Play Rough|p2a: Landorus
|-damage|p2a: Landorus|13/100
|
|-heal|p1a: MARTILLO|26/100|[from] item: Leftovers
|upkeep
|turn|11
|
|t:|1760770255
|move|p2a: Landorus|Earth Power|p1a: MARTILLO
|-damage|p1a: MARTILLO|0 fnt
|faint|p1a: MARTILLO
|
|upkeep
|
|t:|1760770257
|switch|p1a: Matadragones|Empoleon, M|100/100
|turn|12
|
|t:|1760770260
|move|p2a: Landorus|Earth Power|p1a: Matadragones
|-supereffective|p1a: Matadragones
|-damage|p1a: Matadragones|28/100
|move|p1a: Matadragones|Ice Beam|p2a: Landorus
|-supereffective|p2a: Landorus
|-damage|p2a: Landorus|0 fnt
|faint|p2a: Landorus
|-damage|p1a: Matadragones|18/100|[from] item: Life Orb
|
|upkeep
|
|t:|1760770263
|switch|p2a: Raging Bolt|Raging Bolt|100/100
|turn|13
|
|t:|1760770269
|move|p2a: Raging Bolt|Thunderbolt|p1a: Matadragones
|-supereffective|p1a: Matadragones
|-damage|p1a: Matadragones|0 fnt
|faint|p1a: Matadragones
|
|upkeep
|
|t:|1760770271
|switch|p1a: uwu|Mew|100/100
|turn|14
|
|t:|1760770277
|-end|p2a: Raging Bolt|Protosynthesis|[silent]
|switch|p2a: Torkoal|Torkoal, F|13/100
|-weather|SunnyDay|[from] ability: Drought|[of] p2a: Torkoal
|move|p1a: uwu|Stealth Rock|p2a: Torkoal
|-sidestart|p2: Pikka888|move: Stealth Rock
|
|-weather|SunnyDay|[upkeep]
|upkeep
|turn|15
|
|t:|1760770280
|move|p2a: Torkoal|Rapid Spin|p1a: uwu
|-damage|p1a: uwu|94/100
|-boost|p2a: Torkoal|spe|1
|-sideend|p2: Pikka888|Stealth Rock|[from] move: Rapid Spin|[of] p2a: Torkoal
|move|p1a: uwu|Roar|p2a: Torkoal
|drag|p2a: Victreebel|Victreebel, M, shiny|100/100
|
|-weather|SunnyDay|[upkeep]
|-heal|p1a: uwu|99/100|[from] item: Leftovers
|upkeep
|turn|16
|
|t:|1760770285
|move|p1a: uwu|Protect|p1a: uwu
|-singleturn|p1a: uwu|Protect
|move|p2a: Victreebel|Knock Off|p1a: uwu
|-activate|p1a: uwu|move: Protect
|
|-weather|SunnyDay|[upkeep]
|-heal|p1a: uwu|100/100|[from] item: Leftovers
|upkeep
|turn|17
|
|t:|1760770291
|move|p2a: Victreebel|Knock Off|p1a: uwu
|-supereffective|p1a: uwu
|-damage|p1a: uwu|70/100
|-enditem|p1a: uwu|Leftovers|[from] move: Knock Off|[of] p2a: Victreebel
|move|p1a: uwu|Stealth Rock|p2a: Victreebel
|-sidestart|p2: Pikka888|move: Stealth Rock
|
|-weather|SunnyDay|[upkeep]
|upkeep
|turn|18
|
|t:|1760770295
|move|p2a: Victreebel|Encore|p1a: uwu
|-start|p1a: uwu|Encore
|move|p1a: uwu|Stealth Rock||[still]
|-fail|p1a: uwu
|
|-weather|SunnyDay|[upkeep]
|upkeep
|turn|19
|
|t:|1760770297
|move|p2a: Victreebel|Sludge Bomb|p1a: uwu
|-damage|p1a: uwu|45/100
|move|p1a: uwu|Stealth Rock||[still]
|-fail|p1a: uwu
|
|-weather|SunnyDay|[upkeep]
|upkeep
|turn|20
|
|t:|1760770300
|move|p2a: Victreebel|Sludge Bomb|p1a: uwu
|-damage|p1a: uwu|21/100
|move|p1a: uwu|Stealth Rock||[still]
|-fail|p1a: uwu
|
|-weather|SunnyDay|[upkeep]
|-end|p1a: uwu|Encore
|upkeep
|turn|21
|
|t:|1760770302
|move|p2a: Victreebel|Encore|p1a: uwu
|-start|p1a: uwu|Encore
|move|p1a: uwu|Stealth Rock||[still]
|-fail|p1a: uwu
|
|-weather|none
|upkeep
|turn|22
|
|t:|1760770305
|move|p1a: uwu|Stealth Rock||[still]
|-fail|p1a: uwu
|move|p2a: Victreebel|Knock Off|p1a: uwu
|-supereffective|p1a: uwu
|-damage|p1a: uwu|0 fnt
|faint|p1a: uwu
|
|win|Pikka888
|raw|6quesitomx9's rating: 1232 &rarr; <strong>1212</strong><br />(-20 for losing)
|raw|Pikka888's rating: 1309 &rarr; <strong>1325</strong><br />(+16 for winning)
|l|☆6quesitomx9
|player|p1|
|l|☆Pikka888
|player|p2|
