|j|☆wyyorz
|j|☆KibinTheFish
|t:|1760846444
|gametype|singles
|player|p1|wyyorz|caitlin|1299
|player|p2|KibinTheFish|janitor|1273
|gen|9
|tier|[Gen 9] OU
|rated|
|rule|HP Percentage Mod: HP is shown in percentages
|rule|Endless Battle Clause: Forcing endless battles is banned
|rule|Species Clause: Limit one of each Pokémon
|rule|OHKO Clause: OHKO moves are banned
|rule|Evasion Items Clause: Evasion items are banned
|rule|Evasion Moves Clause: Evasion moves are banned
|rule|Evasion Abilities Clause: Evasion abilities are banned
|rule|Sleep Moves Clause: Sleep-inducing moves are banned
|clearpoke
|poke|p1|Zamazenta-*|
|poke|p1|Dragapult, M|
|poke|p1|Raging Bolt|
|poke|p1|Moltres|
|poke|p1|Iron Treads|
|poke|p1|Samurott-Hisui, F|
|poke|p2|Clefable, M|
|poke|p2|Weezing-Galar, F|
|poke|p2|Meowscarada, F|
|poke|p2|Darkrai|
|poke|p2|Iron Valiant|
|poke|p2|Landorus-Therian, M|
|teampreview
|inactive|Battle timer is ON: inactive players will automatically lose when time's up. (requested by wyyorz)
|
|t:|1760846459
|teamsize|p1|6
|teamsize|p2|6
|start
|switch|p1a: 24岁 喜欢发射孩子|Dragapult, M|100/100
|switch|p2a: Landorus|Landorus-Therian, M|100/100
|-ability|p2a: Landorus|Intimidate|boost
|-fail|p1a: 24岁 喜欢发射孩子|unboost|[from] ability: Clear Body|[of] p1a: 24岁 喜欢发射孩子
|turn|1
|
|t:|1760846475
|move|p1a: 24岁 喜欢发射孩子|Draco Meteor|p2a: Landorus
|-damage|p2a: Landorus|0 fnt
|-unboost|p1a: 24岁 喜欢发射孩子|spa|2
|faint|p2a: Landorus
|
|upkeep
|
|t:|1760846497
|switch|p2a: Iron Valiant|Iron Valiant|100/100
|turn|2
|
|t:|1760846507
|switch|p1a: 踩踩背|Iron Treads|100/100
|move|p2a: Iron Valiant|Psyshock|p1a: 踩踩背
|-resisted|p1a: 踩踩背
|-damage|p1a: 踩踩背|88/100
|-damage|p2a: Iron Valiant|91/100|[from] item: Life Orb
|
|-heal|p1a: 踩踩背|94/100|[from] item: Leftovers
|upkeep
|turn|3
|
|t:|1760846526
|-end|p1a: 踩踩背|Quark Drive|[silent]
|switch|p1a: 24岁 喜欢发射孩子|Dragapult, M|100/100
|move|p2a: Iron Valiant|Aura Sphere|p1a: 24岁 喜欢发射孩子
|-immune|p1a: 24岁 喜欢发射孩子
|
|upkeep
|turn|4
|
|t:|1760846541
|move|p1a: 24岁 喜欢发射孩子|Shadow Ball|p2a: Iron Valiant
|-damage|p2a: Iron Valiant|3/100
|move|p2a: Iron Valiant|Moonblast|p1a: 24岁 喜欢发射孩子
|-supereffective|p1a: 24岁 喜欢发射孩子
|-damage|p1a: 24岁 喜欢发射孩子|0 fnt
|faint|p1a: 24岁 喜欢发射孩子
|-damage|p2a: Iron Valiant|0 fnt|[from] item: Life Orb
|faint|p2a: Iron Valiant
|-end|p2a: Iron Valiant|Quark Drive|[silent]
|
|upkeep
|
|t:|1760846558
|switch|p1a: 90%≠don't blunder|Samurott-Hisui, F|100/100
|switch|p2a: Weezing|Weezing-Galar, F|100/100
|turn|5
|
|t:|1760846570
|move|p1a: 90%≠don't blunder|Flip Turn|p2a: Weezing
|-damage|p2a: Weezing|64/100
|
|t:|1760846573
|switch|p1a: 踩踩背|Iron Treads|94/100|[from] Flip Turn
|move|p2a: Weezing|Strange Steam|p1a: 踩踩背
|-resisted|p1a: 踩踩背
|-damage|p1a: 踩踩背|78/100
|-start|p1a: 踩踩背|confusion
|
|-heal|p1a: 踩踩背|84/100|[from] item: Leftovers
|upkeep
|turn|6
|
|t:|1760846582
|-activate|p1a: 踩踩背|confusion
|move|p1a: 踩踩背|Knock Off|p2a: Weezing
|-resisted|p2a: Weezing
|-damage|p2a: Weezing|53/100
|-enditem|p2a: Weezing|Heavy-Duty Boots|[from] move: Knock Off|[of] p1a: 踩踩背
|move|p2a: Weezing|Flamethrower|p1a: 踩踩背
|-supereffective|p1a: 踩踩背
|-damage|p1a: 踩踩背|40/100
|
|-heal|p1a: 踩踩背|46/100|[from] item: Leftovers
|upkeep
|turn|7
|
|t:|1760846596
|-end|p1a: 踩踩背|Quark Drive|[silent]
|switch|p1a: 90%≠don't blunder|Samurott-Hisui, F|100/100
|move|p2a: Weezing|Flamethrower|p1a: 90%≠don't blunder
|-resisted|p1a: 90%≠don't blunder
|-damage|p1a: 90%≠don't blunder|80/100
|
|upkeep
|turn|8
|
|t:|1760846601
|move|p1a: 90%≠don't blunder|Razor Shell|p2a: Weezing
|-damage|p2a: Weezing|0 fnt
|faint|p2a: Weezing
|
|upkeep
|
|t:|1760846610
|switch|p2a: Meowscarada|Meowscarada, F|100/100
|turn|9
|
|t:|1760846614
|switch|p1a: 热热的鸟|Moltres|100/100
|move|p2a: Meowscarada|U-turn|p1a: 热热的鸟
|-start|p2a: Meowscarada|typechange|Bug|[from] ability: Protean
|-resisted|p1a: 热热的鸟
|-damage|p1a: 热热的鸟|88/100
|-status|p2a: Meowscarada|brn|[from] ability: Flame Body|[of] p1a: 热热的鸟
|
|t:|1760846622
|switch|p2a: Clefable|Clefable, M|100/100|[from] U-turn
|
|upkeep
|turn|10
|
|t:|1760846626
|move|p1a: 热热的鸟|U-turn|p2a: Clefable
|-resisted|p2a: Clefable
|-damage|p2a: Clefable|93/100
|
|t:|1760846631
|switch|p1a: 90%≠don't blunder|Samurott-Hisui, F|80/100|[from] U-turn
|move|p2a: Clefable|Thunder Wave|p1a: 90%≠don't blunder
|-status|p1a: 90%≠don't blunder|par
|
|upkeep
|turn|11
|
|t:|1760846639
|move|p2a: Clefable|Alluring Voice|p1a: 90%≠don't blunder
|-supereffective|p1a: 90%≠don't blunder
|-damage|p1a: 90%≠don't blunder|0 fnt
|faint|p1a: 90%≠don't blunder
|
|upkeep
|
|t:|1760846643
|switch|p1a: 踩踩背|Iron Treads|46/100
|turn|12
|
|t:|1760846647
|move|p1a: 踩踩背|Earthquake|p2a: Clefable
|-damage|p2a: Clefable|50/100
|move|p2a: Clefable|Wish|p2a: Clefable
|
|-heal|p1a: 踩踩背|52/100|[from] item: Leftovers
|upkeep
|turn|13
|
|t:|1760846653
|switch|p2a: Darkrai|Darkrai|100/100
|move|p1a: 踩踩背|Stealth Rock|p2a: Darkrai
|-sidestart|p2: KibinTheFish|move: Stealth Rock
|
|-heal|p1a: 踩踩背|58/100|[from] item: Leftovers
|upkeep
|turn|14
|
|t:|1760846667
|move|p2a: Darkrai|Nasty Plot|p2a: Darkrai
|-boost|p2a: Darkrai|spa|2
|move|p1a: 踩踩背|Rapid Spin|p2a: Darkrai
|-damage|p2a: Darkrai|83/100
|-boost|p1a: 踩踩背|spe|1
|
|-heal|p1a: 踩踩背|64/100|[from] item: Leftovers
|upkeep
|turn|15
|
|t:|1760846677
|move|p1a: 踩踩背|Earthquake|p2a: Darkrai
|-damage|p2a: Darkrai|29/100
|move|p2a: Darkrai|Focus Blast|p1a: 踩踩背
|-supereffective|p1a: 踩踩背
|-damage|p1a: 踩踩背|0 fnt
|faint|p1a: 踩踩背
|-end|p1a: 踩踩背|Quark Drive|[silent]
|
|upkeep
|
|t:|1760846684
|switch|p1a: 长脖奶龙|Raging Bolt|100/100
|turn|16
|
|t:|1760846688
|move|p1a: 长脖奶龙|Thunderclap|p2a: Darkrai
|-damage|p2a: Darkrai|0 fnt
|faint|p2a: Darkrai
|
|upkeep
|
|t:|1760846691
|switch|p2a: Meowscarada|Meowscarada, F|100/100 brn
|-damage|p2a: Meowscarada|88/100 brn|[from] Stealth Rock
|turn|17
|
|t:|1760846697
|-terastallize|p1a: 长脖奶龙|Fairy
|move|p2a: Meowscarada|Triple Axel|p1a: 长脖奶龙
|-start|p2a: Meowscarada|typechange|Ice|[from] ability: Protean
|-damage|p1a: 长脖奶龙|95/100
|-damage|p1a: 长脖奶龙|82/100
|-damage|p1a: 长脖奶龙|64/100
|-hitcount|p1a: 长脖奶龙|3
|move|p1a: 长脖奶龙|Draco Meteor|p2a: Meowscarada
|-damage|p2a: Meowscarada|0 fnt
|-unboost|p1a: 长脖奶龙|spa|2
|faint|p2a: Meowscarada
|
|upkeep
|
|t:|1760846708
|switch|p2a: Clefable|Clefable, M|50/100
|turn|18
|-message|KibinTheFish forfeited.
|
|win|wyyorz
|raw|wyyorz's rating: 1299 &rarr; <strong>1322</strong><br />(+23 for winning)
|raw|KibinTheFish's rating: 1273 &rarr; <strong>1250</strong><br />(-23 for losing)
|l|☆KibinTheFish
|player|p2|
|l|☆wyyorz
|player|p1|
