|j|☆Churrini
|j|☆yeoka
|t:|1760728965
|gametype|singles
|player|p1|Churrini|brawly|1209
|player|p2|yeoka|emma|1261
|gen|9
|tier|[Gen 9] OU
|rated|
|rule|HP Percentage Mod: HP is shown in percentages
|rule|Endless Battle Clause: Forcing endless battles is banned
|rule|Species Clause: Limit one of each Pokémon
|rule|OHKO Clause: OHKO moves are banned
|rule|Evasion Items Clause: Evasion items are banned
|rule|Evasion Moves Clause: Evasion moves are banned
|rule|Evasion Abilities Clause: Evasion abilities are banned
|rule|Sleep Moves Clause: Sleep-inducing moves are banned
|clearpoke
|poke|p1|Carbink|
|poke|p1|Rhyperior, M|
|poke|p1|Breloom, M|
|poke|p1|Hydrapple, M|
|poke|p1|Dusclops, M|
|poke|p1|Hoopa-Unbound|
|poke|p2|Garchomp, M|
|poke|p2|Cryogonal|
|poke|p2|Magnezone|
|poke|p2|Iron Boulder|
|poke|p2|Hatterene, F|
|poke|p2|Blaziken, M|
|teampreview
|inactive|Battle timer is ON: inactive players will automatically lose when time's up. (requested by yeoka)
|
|t:|1760728973
|teamsize|p1|6
|teamsize|p2|6
|start
|switch|p1a: Kazuya|Carbink, shiny|100/100
|switch|p2a: Dave|Magnezone, shiny|100/100
|turn|1
|
|t:|1760728977
|move|p2a: Dave|Flash Cannon|p1a: Kazuya
|-supereffective|p1a: Kazuya
|-ability|p1a: Kazuya|Sturdy
|-damage|p1a: Kazuya|1/100
|move|p1a: Kazuya|Trick Room|p1a: Kazuya
|-fieldstart|move: Trick Room|[of] p1a: Kazuya
|
|upkeep
|turn|2
|
|t:|1760728987
|move|p1a: Kazuya|Stealth Rock|p2a: Dave
|-sidestart|p2: yeoka|move: Stealth Rock
|move|p2a: Dave|Flash Cannon|p1a: Kazuya
|-supereffective|p1a: Kazuya
|-damage|p1a: Kazuya|0 fnt
|faint|p1a: Kazuya
|
|upkeep
|
|t:|1760728993
|switch|p1a: Torrente|Rhyperior, M|100/100
|turn|3
|
|t:|1760728997
|switch|p2a: Gigapoop|Cryogonal|100/100
|-damage|p2a: Gigapoop|75/100|[from] Stealth Rock
|-terastallize|p1a: Torrente|Ground
|move|p1a: Torrente|Earthquake|p2a: Gigapoop
|-immune|p2a: Gigapoop|[from] ability: Levitate
|
|upkeep
|turn|4
|
|t:|1760729008
|switch|p1a: Wise Yuri|Hoopa-Unbound|100/100
|move|p2a: Gigapoop|Rapid Spin|p1a: Wise Yuri
|-damage|p1a: Wise Yuri|94/100
|-boost|p2a: Gigapoop|spe|1
|-sideend|p2: yeoka|Stealth Rock|[from] move: Rapid Spin|[of] p2a: Gigapoop
|
|upkeep
|turn|5
|
|t:|1760729016
|switch|p2a: John earthquake|Garchomp, M|100/100
|move|p1a: Wise Yuri|Hyperspace Fury|p2a: John earthquake
|-damage|p2a: John earthquake|44/100
|-unboost|p1a: Wise Yuri|def|1
|-enditem|p1a: Wise Yuri|Eject Pack
|
|t:|1760729022
|switch|p1a: Pablo Motos|Breloom, M|100/100
|
|-fieldend|move: Trick Room
|upkeep
|turn|6
|
|t:|1760729026
|move|p1a: Pablo Motos|Mach Punch|p2a: John earthquake
|-damage|p2a: John earthquake|0 fnt
|-damage|p1a: Pablo Motos|88/100|[from] ability: Rough Skin|[of] p2a: John earthquake
|faint|p2a: John earthquake
|-damage|p1a: Pablo Motos|78/100|[from] item: Life Orb
|
|upkeep
|
|t:|1760729029
|switch|p2a: Lebronathan|Blaziken, M|100/100
|turn|7
|
|t:|1760729034
|move|p2a: Lebronathan|Swords Dance|p2a: Lebronathan
|-boost|p2a: Lebronathan|atk|2
|move|p1a: Pablo Motos|Drain Punch|p2a: Lebronathan
|-enditem|p2a: Lebronathan|Focus Sash
|-damage|p2a: Lebronathan|1/100
|-heal|p1a: Pablo Motos|100/100|[from] drain|[of] p2a: Lebronathan
|-damage|p1a: Pablo Motos|91/100|[from] item: Life Orb
|
|-ability|p2a: Lebronathan|Speed Boost|boost
|-boost|p2a: Lebronathan|spe|1
|upkeep
|turn|8
|
|t:|1760729040
|move|p1a: Pablo Motos|Mach Punch|p2a: Lebronathan
|-damage|p2a: Lebronathan|0 fnt
|faint|p2a: Lebronathan
|-damage|p1a: Pablo Motos|81/100|[from] item: Life Orb
|
|upkeep
|
|t:|1760729045
|switch|p2a: Hat that eats you|Hatterene, F|100/100
|turn|9
|
|t:|1760729048
|move|p1a: Pablo Motos|Bullet Seed|p2a: Hat that eats you
|-damage|p2a: Hat that eats you|69/100
|-damage|p2a: Hat that eats you|39/100
|-damage|p2a: Hat that eats you|9/100
|-hitcount|p2a: Hat that eats you|3
|-damage|p1a: Pablo Motos|71/100|[from] item: Life Orb
|move|p2a: Hat that eats you|Mystical Fire|p1a: Pablo Motos
|-supereffective|p1a: Pablo Motos
|-damage|p1a: Pablo Motos|0 fnt
|faint|p1a: Pablo Motos
|
|-heal|p2a: Hat that eats you|15/100|[from] item: Leftovers
|upkeep
|
|t:|1760729061
|switch|p1a: George Floyd|Dusclops, M|100/100
|-ability|p1a: George Floyd|Pressure
|turn|10
|
|t:|1760729085
|move|p2a: Hat that eats you|Draining Kiss|p1a: George Floyd
|-damage|p1a: George Floyd|85/100
|-heal|p2a: Hat that eats you|25/100|[from] drain|[of] p1a: George Floyd
|move|p1a: George Floyd|Night Shade|p2a: Hat that eats you
|-damage|p2a: Hat that eats you|0 fnt
|faint|p2a: Hat that eats you
|
|upkeep
|
|t:|1760729089
|switch|p2a: Dave|Magnezone, shiny|100/100
|turn|11
|
|t:|1760729107
|move|p2a: Dave|Flash Cannon|p1a: George Floyd
|-damage|p1a: George Floyd|52/100
|move|p1a: George Floyd|Trick Room|p1a: George Floyd
|-fieldstart|move: Trick Room|[of] p1a: George Floyd
|
|upkeep
|turn|12
|
|t:|1760729114
|switch|p1a: Manzanita|Hydrapple, M|100/100
|move|p2a: Dave|Flash Cannon|p1a: Manzanita
|-damage|p1a: Manzanita|12/100
|
|upkeep
|turn|13
|
|t:|1760729118
|move|p1a: Manzanita|Earth Power|p2a: Dave
|-supereffective|p2a: Dave
|-damage|p2a: Dave|0 fnt
|faint|p2a: Dave
|
|upkeep
|
|t:|1760729121
|switch|p2a: Gigapoop|Cryogonal|75/100
|turn|14
|
|t:|1760729125
|switch|p1a: Wise Yuri|Hoopa-Unbound|94/100
|move|p2a: Gigapoop|Freeze-Dry|p1a: Wise Yuri
|-damage|p1a: Wise Yuri|76/100
|
|upkeep
|turn|15
|
|t:|1760729129
|move|p1a: Wise Yuri|Hyperspace Fury|p2a: Gigapoop
|-damage|p2a: Gigapoop|0 fnt
|-unboost|p1a: Wise Yuri|def|1
|faint|p2a: Gigapoop
|-item|p1a: Wise Yuri|Assault Vest|[from] ability: Magician|[of] p2: Gigapoop
|
|-fieldend|move: Trick Room
|upkeep
|
|t:|1760729131
|switch|p2a: It's a rock :'(|Iron Boulder|100/100
|-enditem|p2a: It's a rock :'(|Booster Energy
|-activate|p2a: It's a rock :'(|ability: Quark Drive|[fromitem]
|-start|p2a: It's a rock :'(|quarkdrivespe
|turn|16
|
|t:|1760729148
|switch|p1a: Manzanita|Hydrapple, M|45/100
|-terastallize|p2a: It's a rock :'(|Fighting
|move|p2a: It's a rock :'(|Swords Dance|p2a: It's a rock :'(
|-boost|p2a: It's a rock :'(|atk|2
|
|upkeep
|turn|17
|
|t:|1760729152
|move|p2a: It's a rock :'(|Mighty Cleave|p1a: Manzanita
|-damage|p1a: Manzanita|0 fnt
|faint|p1a: Manzanita
|
|upkeep
|
|t:|1760729154
|switch|p1a: George Floyd|Dusclops, M|52/100
|-ability|p1a: George Floyd|Pressure
|turn|18
|
|t:|1760729157
|move|p2a: It's a rock :'(|Mighty Cleave|p1a: George Floyd
|-damage|p1a: George Floyd|0 fnt
|faint|p1a: George Floyd
|
|upkeep
|
|t:|1760729161
|switch|p1a: Torrente|Rhyperior, M, tera:Ground|100/100
|turn|19
|
|t:|1760729167
|move|p2a: It's a rock :'(|Sacred Sword|p1a: Torrente
|-damage|p1a: Torrente|49/100
|move|p1a: Torrente|Earthquake|p2a: It's a rock :'(
|-damage|p2a: It's a rock :'(|0 fnt
|faint|p2a: It's a rock :'(
|-end|p2a: It's a rock :'(|Quark Drive|[silent]
|
|win|Churrini
|raw|Churrini's rating: 1209 &rarr; <strong>1238</strong><br />(+29 for winning)
|raw|yeoka's rating: 1261 &rarr; <strong>1232</strong><br />(-29 for losing)
|l|☆yeoka
|player|p2|
|c|☆Churrini|gg
