|j|☆basedraybans
|j|☆Aimsss
|t:|1760726995
|gametype|singles
|player|p1|basedraybans|265|1355
|player|p2|Aimsss|policeman-gen4|1359
|gen|9
|tier|[Gen 9] OU
|rated|
|rule|HP Percentage Mod: HP is shown in percentages
|rule|Endless Battle Clause: Forcing endless battles is banned
|rule|Species Clause: Limit one of each Pokémon
|rule|OHKO Clause: OHKO moves are banned
|rule|Evasion Items Clause: Evasion items are banned
|rule|Evasion Moves Clause: Evasion moves are banned
|rule|Evasion Abilities Clause: Evasion abilities are banned
|rule|Sleep Moves Clause: Sleep-inducing moves are banned
|clearpoke
|poke|p1|Pincurchin, M|
|poke|p1|Iron Hands|
|poke|p1|Bronzong|
|poke|p1|Excadrill, M|
|poke|p1|Hydrapple, M|
|poke|p1|Iron Jugulis|
|poke|p2|Dragapult, F|
|poke|p2|Kingambit, F|
|poke|p2|Hawlucha, F|
|poke|p2|Glimmora, M|
|poke|p2|Chesnaught, M|
|poke|p2|Gallade, M|
|teampreview
|inactive|Battle timer is ON: inactive players will automatically lose when time's up. (requested by basedraybans)
|
|t:|1760727004
|teamsize|p1|6
|teamsize|p2|6
|start
|switch|p1a: Pincurchin|Pincurchin, M|100/100
|switch|p2a: Gallade|Gallade, M, shiny|100/100
|-fieldstart|move: Electric Terrain|[from] ability: Electric Surge|[of] p1a: Pincurchin
|turn|1
|
|t:|1760727011
|move|p2a: Gallade|Sacred Sword|p1a: Pincurchin
|-damage|p1a: Pincurchin|32/100
|move|p1a: Pincurchin|Thunder Wave|p2a: Gallade
|-status|p2a: Gallade|par
|
|upkeep
|turn|2
|
|t:|1760727028
|switch|p1a: Hydrapple|Hydrapple, M|100/100
|move|p2a: Gallade|Sacred Sword|p1a: Hydrapple
|-damage|p1a: Hydrapple|45/100
|
|upkeep
|turn|3
|
|t:|1760727035
|move|p1a: Hydrapple|Giga Drain|p2a: Gallade
|-damage|p2a: Gallade|41/100 par
|-heal|p1a: Hydrapple|65/100|[from] drain|[of] p2a: Gallade
|-enditem|p2a: Gallade|Sitrus Berry|[eat]
|-heal|p2a: Gallade|66/100 par|[from] item: Sitrus Berry
|-damage|p1a: Hydrapple|55/100|[from] item: Life Orb
|cant|p2a: Gallade|par
|
|upkeep
|turn|4
|
|t:|1760727047
|move|p1a: Hydrapple|Giga Drain|p2a: Gallade
|-damage|p2a: Gallade|5/100 par
|-heal|p1a: Hydrapple|75/100|[from] drain|[of] p2a: Gallade
|-damage|p1a: Hydrapple|65/100|[from] item: Life Orb
|move|p2a: Gallade|Sacred Sword|p1a: Hydrapple
|-damage|p1a: Hydrapple|6/100
|
|upkeep
|turn|5
|
|t:|1760727060
|move|p1a: Hydrapple|Giga Drain|p2a: Gallade
|-damage|p2a: Gallade|0 fnt
|-heal|p1a: Hydrapple|7/100|[from] drain|[of] p2a: Gallade
|faint|p2a: Gallade
|-damage|p1a: Hydrapple|0 fnt|[from] item: Life Orb
|faint|p1a: Hydrapple
|
|upkeep
|inactive|basedraybans has 120 seconds left.
|
|t:|1760727091
|switch|p2a: Chesnaught|Chesnaught, M|100/100
|switch|p1a: Iron Jugulis|Iron Jugulis|100/100
|-activate|p1a: Iron Jugulis|ability: Quark Drive
|-start|p1a: Iron Jugulis|quarkdrivespe
|turn|6
|
|t:|1760727100
|switch|p2a: Glimmora|Glimmora, M|100/100
|-item|p2a: Glimmora|Air Balloon
|move|p1a: Iron Jugulis|Hurricane|p2a: Glimmora
|-resisted|p2a: Glimmora
|-damage|p2a: Glimmora|59/100
|-start|p2a: Glimmora|confusion
|-enditem|p2a: Glimmora|Air Balloon
|
|upkeep
|turn|7
|
|t:|1760727116
|-end|p1a: Iron Jugulis|Quark Drive|[silent]
|switch|p1a: Bronzong|Bronzong|100/100
|-activate|p2a: Glimmora|confusion
|move|p2a: Glimmora|Stealth Rock|p1a: Bronzong
|-sidestart|p1: basedraybans|move: Stealth Rock
|
|upkeep
|turn|8
|
|t:|1760727123
|switch|p2a: Dragapult|Dragapult, F|100/100
|move|p1a: Bronzong|Iron Defense|p1a: Bronzong
|-boost|p1a: Bronzong|def|2
|
|-fieldend|move: Electric Terrain
|upkeep
|turn|9
|
|t:|1760727133
|-terastallize|p1a: Bronzong|Water
|move|p2a: Dragapult|Shadow Ball|p1a: Bronzong
|-damage|p1a: Bronzong|79/100
|move|p1a: Bronzong|Calm Mind|p1a: Bronzong
|-boost|p1a: Bronzong|spa|1
|-boost|p1a: Bronzong|spd|1
|
|-heal|p1a: Bronzong|85/100|[from] item: Leftovers
|upkeep
|turn|10
|
|t:|1760727144
|move|p2a: Dragapult|Shadow Ball|p1a: Bronzong
|-damage|p1a: Bronzong|70/100
|move|p1a: Bronzong|Iron Defense|p1a: Bronzong
|-boost|p1a: Bronzong|def|2
|
|-heal|p1a: Bronzong|76/100|[from] item: Leftovers
|upkeep
|turn|11
|
|t:|1760727153
|move|p2a: Dragapult|Shadow Ball|p1a: Bronzong
|-damage|p1a: Bronzong|61/100
|move|p1a: Bronzong|Stored Power|p2a: Dragapult
|-damage|p2a: Dragapult|20/100
|
|-heal|p1a: Bronzong|67/100|[from] item: Leftovers
|upkeep
|turn|12
|
|t:|1760727162
|move|p2a: Dragapult|Shadow Ball|p1a: Bronzong
|-damage|p1a: Bronzong|52/100
|-unboost|p1a: Bronzong|spd|1
|move|p1a: Bronzong|Stored Power|p2a: Dragapult
|-damage|p2a: Dragapult|0 fnt
|faint|p2a: Dragapult
|
|-heal|p1a: Bronzong|58/100|[from] item: Leftovers
|upkeep
|
|t:|1760727174
|switch|p2a: Glimmora|Glimmora, M|59/100
|turn|13
|
|t:|1760727179
|move|p2a: Glimmora|Mortal Spin|p1a: Bronzong
|-damage|p1a: Bronzong|56/100
|-status|p1a: Bronzong|psn
|move|p1a: Bronzong|Stored Power|p2a: Glimmora
|-supereffective|p2a: Glimmora
|-damage|p2a: Glimmora|0 fnt
|faint|p2a: Glimmora
|
|-heal|p1a: Bronzong|63/100 psn|[from] item: Leftovers
|-damage|p1a: Bronzong|50/100 psn|[from] psn
|upkeep
|
|t:|1760727194
|switch|p2a: Hawlucha|Hawlucha, F|100/100
|turn|14
|
|t:|1760727198
|-terastallize|p2a: Hawlucha|Steel
|move|p2a: Hawlucha|Swords Dance|p2a: Hawlucha
|-boost|p2a: Hawlucha|atk|2
|move|p1a: Bronzong|Stored Power|p2a: Hawlucha
|-resisted|p2a: Hawlucha
|-damage|p2a: Hawlucha|65/100
|-enditem|p2a: Hawlucha|Red Card|[of] p1a: Bronzong
|drag|p1a: Pincurchin|Pincurchin, M|32/100
|-damage|p1a: Pincurchin|20/100|[from] Stealth Rock
|-fieldstart|move: Electric Terrain|[from] ability: Electric Surge|[of] p1a: Pincurchin
|
|upkeep
|turn|15
|
|t:|1760727211
|move|p2a: Hawlucha|Drain Punch|p1a: Pincurchin
|-damage|p1a: Pincurchin|0 fnt
|-heal|p2a: Hawlucha|75/100|[from] drain|[of] p1a: Pincurchin
|faint|p1a: Pincurchin
|
|upkeep
|
|t:|1760727221
|switch|p1a: Iron Hands|Iron Hands|100/100
|-damage|p1a: Iron Hands|94/100|[from] Stealth Rock
|-activate|p1a: Iron Hands|ability: Quark Drive
|-start|p1a: Iron Hands|quarkdriveatk
|turn|16
|
|t:|1760727227
|move|p2a: Hawlucha|Acrobatics|p1a: Iron Hands
|-damage|p1a: Iron Hands|34/100
|move|p1a: Iron Hands|Close Combat|p2a: Hawlucha
|-supereffective|p2a: Hawlucha
|-damage|p2a: Hawlucha|0 fnt
|-unboost|p1a: Iron Hands|def|1
|-unboost|p1a: Iron Hands|spd|1
|faint|p2a: Hawlucha
|
|upkeep
|
|t:|1760727237
|switch|p2a: Kingambit|Kingambit, F|100/100
|turn|17
|
|t:|1760727241
|-end|p1a: Iron Hands|Quark Drive|[silent]
|switch|p1a: Excadrill|Excadrill, M|100/100
|-damage|p1a: Excadrill|97/100|[from] Stealth Rock
|-ability|p1a: Excadrill|Mold Breaker
|move|p2a: Kingambit|Iron Head|p1a: Excadrill
|-resisted|p1a: Excadrill
|-damage|p1a: Excadrill|66/100
|
|upkeep
|turn|18
|
|t:|1760727250
|move|p1a: Excadrill|Earthquake|p2a: Kingambit
|-supereffective|p2a: Kingambit
|-damage|p2a: Kingambit|26/100
|move|p2a: Kingambit|Swords Dance|p2a: Kingambit
|-boost|p2a: Kingambit|atk|2
|
|upkeep
|turn|19
|
|t:|1760727257
|move|p2a: Kingambit|Sucker Punch|p1a: Excadrill
|-damage|p1a: Excadrill|0 fnt
|faint|p1a: Excadrill
|
|upkeep
|
|t:|1760727259
|switch|p1a: Iron Jugulis|Iron Jugulis|100/100
|-damage|p1a: Iron Jugulis|76/100|[from] Stealth Rock
|-activate|p1a: Iron Jugulis|ability: Quark Drive
|-start|p1a: Iron Jugulis|quarkdrivespe
|turn|20
|
|t:|1760727268
|move|p2a: Kingambit|Sucker Punch|p1a: Iron Jugulis
|-resisted|p1a: Iron Jugulis
|-damage|p1a: Iron Jugulis|28/100
|move|p1a: Iron Jugulis|Flamethrower|p2a: Kingambit
|-supereffective|p2a: Kingambit
|-damage|p2a: Kingambit|0 fnt
|faint|p2a: Kingambit
|
|upkeep
|
|t:|1760727278
|switch|p2a: Chesnaught|Chesnaught, M|100/100
|turn|21
|
|t:|1760727281
|move|p1a: Iron Jugulis|Flamethrower|p2a: Chesnaught
|-supereffective|p2a: Chesnaught
|-damage|p2a: Chesnaught|28/100
|-enditem|p2a: Chesnaught|Sitrus Berry|[eat]
|-heal|p2a: Chesnaught|53/100|[from] item: Sitrus Berry
|move|p2a: Chesnaught|Belly Drum|p2a: Chesnaught
|-damage|p2a: Chesnaught|3/100
|-setboost|p2a: Chesnaught|atk|6|[from] move: Belly Drum
|
|-fieldend|move: Electric Terrain
|-end|p1a: Iron Jugulis|Quark Drive
|upkeep
|turn|22
|-message|Aimsss forfeited.
|
|win|basedraybans
|raw|basedraybans's rating: 1355 &rarr; <strong>1375</strong><br />(+20 for winning)
|raw|Aimsss's rating: 1359 &rarr; <strong>1339</strong><br />(-20 for losing)
|l|☆Aimsss
|player|p2|
|l|☆basedraybans
|player|p1|
