|badge|p2|bronze|gen9ou|100-7
|uhtml|medal-msg|<div class="broadcast-blue">Curious what those medals under the avatar are? PS now has Ladder Seasons! For more information, check out the <a href="https://www.smogon.com/forums/threads/3740067/">thread on Smogon.</a></div>
|j|☆SpongeGar & Patar
|j|☆Ctannn
|t:|1760757658
|gametype|singles
|player|p1|SpongeGar & Patar|101|1846
|player|p2|Ctannn|101|1856
|gen|9
|tier|[Gen 9] OU
|rated|
|rule|HP Percentage Mod: HP is shown in percentages
|rule|Endless Battle Clause: Forcing endless battles is banned
|rule|Species Clause: Limit one of each Pokémon
|rule|OHKO Clause: OHKO moves are banned
|rule|Evasion Items Clause: Evasion items are banned
|rule|Evasion Moves Clause: Evasion moves are banned
|rule|Evasion Abilities Clause: Evasion abilities are banned
|rule|Sleep Moves Clause: Sleep-inducing moves are banned
|clearpoke
|poke|p1|Kyurem|
|poke|p1|Corviknight, M|
|poke|p1|Ting-Lu|
|poke|p1|Dondozo, M|
|poke|p1|Slowking-Galar, L99, M|
|poke|p1|Cinderace, M|
|poke|p2|Rillaboom, F|
|poke|p2|Garganacl, M|
|poke|p2|Cinderace, F|
|poke|p2|Raging Bolt|
|poke|p2|Slowking-Galar, F|
|poke|p2|Landorus-Therian, M|
|teampreview
|inactive|Battle timer is ON: inactive players will automatically lose when time's up. (requested by Ctannn)
|inactive|SpongeGar & Patar has 120 seconds left.
|
|t:|1760757708
|teamsize|p1|6
|teamsize|p2|6
|start
|switch|p1a: Kyurem|Kyurem|100/100
|switch|p2a: Cinderace|Cinderace, F|100/100
|-ability|p1a: Kyurem|Pressure
|turn|1
|inactive|SpongeGar & Patar also wants the timer to be on.
|inactive|SpongeGar & Patar has 120 seconds left.
|
|t:|1760757756
|move|p2a: Cinderace|High Jump Kick|p1a: Kyurem
|-start|p2a: Cinderace|typechange|Fighting|[from] ability: Libero
|-supereffective|p1a: Kyurem
|-damage|p1a: Kyurem|0 fnt
|faint|p1a: Kyurem
|
|upkeep
|inactive|SpongeGar & Patar has 90 seconds left.
|
|t:|1760757805
|switch|p1a: Slowking|Slowking-Galar, L99, M|100/100
|turn|2
|inactive|SpongeGar & Patar has 60 seconds left.
|inactive|SpongeGar & Patar has 30 seconds left.
|
|t:|1760757853
|switch|p2a: Garganacl|Garganacl, M|100/100
|move|p1a: Slowking|Future Sight|p2a: Garganacl
|-start|p1a: Slowking|move: Future Sight
|
|upkeep
|turn|3
|
|t:|1760757862
|move|p2a: Garganacl|Curse|p2a: Garganacl
|-unboost|p2a: Garganacl|spe|1
|-boost|p2a: Garganacl|atk|1
|-boost|p2a: Garganacl|def|1
|move|p1a: Slowking|Sludge Bomb|p2a: Garganacl
|-resisted|p2a: Garganacl
|-damage|p2a: Garganacl|90/100
|
|-heal|p2a: Garganacl|96/100|[from] item: Leftovers
|upkeep
|turn|4
|
|t:|1760757873
|move|p2a: Garganacl|Curse|p2a: Garganacl
|-unboost|p2a: Garganacl|spe|1
|-boost|p2a: Garganacl|atk|1
|-boost|p2a: Garganacl|def|1
|move|p1a: Slowking|Sludge Bomb|p2a: Garganacl
|-resisted|p2a: Garganacl
|-damage|p2a: Garganacl|85/100
|
|-end|p2a: Garganacl|move: Future Sight
|-crit|p2a: Garganacl
|-damage|p2a: Garganacl|46/100
|-heal|p2a: Garganacl|52/100|[from] item: Leftovers
|upkeep
|turn|5
|
|t:|1760757883
|switch|p1a: Dondozo|Dondozo, M|100/100
|move|p2a: Garganacl|Salt Cure|p1a: Dondozo
|-damage|p1a: Dondozo|94/100
|-start|p1a: Dondozo|Salt Cure
|
|-heal|p1a: Dondozo|100/100|[from] item: Leftovers
|-heal|p2a: Garganacl|58/100|[from] item: Leftovers
|-damage|p1a: Dondozo|76/100|[from] Salt Cure
|upkeep
|turn|6
|
|t:|1760757893
|move|p1a: Dondozo|Waterfall|p2a: Garganacl
|-supereffective|p2a: Garganacl
|-crit|p2a: Garganacl
|-damage|p2a: Garganacl|3/100
|move|p2a: Garganacl|Recover|p2a: Garganacl
|-heal|p2a: Garganacl|53/100
|
|-heal|p1a: Dondozo|82/100|[from] item: Leftovers
|-heal|p2a: Garganacl|60/100|[from] item: Leftovers
|-damage|p1a: Dondozo|57/100|[from] Salt Cure
|upkeep
|turn|7
|
|t:|1760757903
|move|p1a: Dondozo|Waterfall|p2a: Garganacl
|-supereffective|p2a: Garganacl
|-damage|p2a: Garganacl|21/100
|move|p2a: Garganacl|Recover|p2a: Garganacl
|-heal|p2a: Garganacl|71/100
|
|-heal|p1a: Dondozo|63/100|[from] item: Leftovers
|-heal|p2a: Garganacl|77/100|[from] item: Leftovers
|-damage|p1a: Dondozo|38/100|[from] Salt Cure
|upkeep
|turn|8
|
|t:|1760757913
|move|p1a: Dondozo|Curse|p1a: Dondozo
|-unboost|p1a: Dondozo|spe|1
|-boost|p1a: Dondozo|atk|1
|-boost|p1a: Dondozo|def|1
|move|p2a: Garganacl|Salt Cure|p1a: Dondozo
|-damage|p1a: Dondozo|34/100
|
|-heal|p1a: Dondozo|41/100|[from] item: Leftovers
|-heal|p2a: Garganacl|83/100|[from] item: Leftovers
|-damage|p1a: Dondozo|16/100|[from] Salt Cure
|upkeep
|turn|9
|
|t:|1760757923
|move|p1a: Dondozo|Rest|p1a: Dondozo
|-status|p1a: Dondozo|slp|[from] move: Rest
|-heal|p1a: Dondozo|100/100 slp|[silent]
|move|p2a: Garganacl|Salt Cure|p1a: Dondozo
|-damage|p1a: Dondozo|96/100 slp
|
|-heal|p1a: Dondozo|100/100 slp|[from] item: Leftovers
|-heal|p2a: Garganacl|90/100|[from] item: Leftovers
|-damage|p1a: Dondozo|76/100 slp|[from] Salt Cure
|upkeep
|turn|10
|
|t:|1760757933
|switch|p2a: Slowking|Slowking-Galar, F|100/100
|cant|p1a: Dondozo|slp
|
|-heal|p1a: Dondozo|82/100 slp|[from] item: Leftovers
|-damage|p1a: Dondozo|57/100 slp|[from] Salt Cure
|upkeep
|turn|11
|j| isaac_gam3r
|
|t:|1760757942
|switch|p1a: Slowking|Slowking-Galar, L99, M|100/100
|move|p2a: Slowking|Future Sight|p1a: Slowking
|-start|p2a: Slowking|move: Future Sight
|
|upkeep
|turn|12
|inactive|SpongeGar & Patar has 60 seconds left.
|
|t:|1760757951
|-prepare|p2a: Slowking|Chilly Reception|[premajor]
|move|p2a: Slowking|Chilly Reception|p2a: Slowking
|-weather|Snowscape
|l| isaac_gam3r
|
|t:|1760757955
|switch|p2a: Landorus|Landorus-Therian, M|100/100|[from] Chilly Reception
|-ability|p2a: Landorus|Intimidate|boost
|-unboost|p1a: Slowking|atk|1
|move|p1a: Slowking|Future Sight|p2a: Landorus
|-start|p1a: Slowking|move: Future Sight
|
|-weather|Snowscape|[upkeep]
|upkeep
|turn|13
|
|t:|1760757964
|switch|p1a: Ting-Lu|Ting-Lu|100/100
|-ability|p1a: Ting-Lu|Vessel of Ruin
|move|p2a: Landorus|Stealth Rock|p1a: Ting-Lu
|-sidestart|p1: SpongeGar & Patar|move: Stealth Rock
|
|-weather|Snowscape|[upkeep]
|-end|p1a: Ting-Lu|move: Future Sight
|-immune|p1a: Ting-Lu
|upkeep
|turn|14
|j| isaac_gam3r
|l| isaac_gam3r
|
|t:|1760757973
|move|p2a: Landorus|U-turn|p1a: Ting-Lu
|-supereffective|p1a: Ting-Lu
|-damage|p1a: Ting-Lu|78/100
|
|t:|1760757976
|switch|p2a: Rillaboom|Rillaboom, F|100/100|[from] U-turn
|-fieldstart|move: Grassy Terrain|[from] ability: Grassy Surge|[of] p2a: Rillaboom
|move|p1a: Ting-Lu|Earthquake|p2a: Rillaboom
|-resisted|p2a: Rillaboom
|-damage|p2a: Rillaboom|90/100
|
|-weather|Snowscape|[upkeep]
|-end|p2a: Rillaboom|move: Future Sight
|-damage|p2a: Rillaboom|50/100
|-heal|p2a: Rillaboom|56/100|[from] Grassy Terrain
|-heal|p1a: Ting-Lu|85/100|[from] Grassy Terrain
|-heal|p1a: Ting-Lu|91/100|[from] item: Leftovers
|upkeep
|turn|15
|
|t:|1760757987
|switch|p2a: Slowking|Slowking-Galar, F|100/100
|switch|p1a: Cinderace|Cinderace, M|100/100
|
|-weather|Snowscape|[upkeep]
|upkeep
|turn|16
|
|t:|1760757996
|move|p1a: Cinderace|Court Change|p1a: Cinderace
|-swapsideconditions
|-activate|p1a: Cinderace|move: Court Change
|move|p2a: Slowking|Psychic|p1a: Cinderace
|-damage|p1a: Cinderace|59/100
|
|-weather|none
|-heal|p1a: Cinderace|65/100|[from] Grassy Terrain
|upkeep
|turn|17
|j| isaac_gam3r
|inactive|SpongeGar & Patar has 90 seconds left.
|
|t:|1760758007
|move|p1a: Cinderace|U-turn|p2a: Slowking
|-damage|p2a: Slowking|87/100
|-damage|p1a: Cinderace|49/100|[from] item: Rocky Helmet|[of] p2a: Slowking
|
|t:|1760758018
|switch|p1a: Dondozo|Dondozo, M|57/100 slp|[from] U-turn
|move|p2a: Slowking|Future Sight|p1a: Dondozo
|-start|p2a: Slowking|move: Future Sight
|
|-heal|p1a: Dondozo|63/100 slp|[from] Grassy Terrain
|-heal|p1a: Dondozo|69/100 slp|[from] item: Leftovers
|-heal|p2a: Slowking|93/100|[from] Grassy Terrain
|upkeep
|turn|18
|
|t:|1760758028
|switch|p1a: Ting-Lu|Ting-Lu|91/100
|-ability|p1a: Ting-Lu|Vessel of Ruin
|-prepare|p2a: Slowking|Chilly Reception|[premajor]
|move|p2a: Slowking|Chilly Reception|p2a: Slowking
|-weather|Snowscape
|
|t:|1760758036
|switch|p2a: Cinderace|Cinderace, F|100/100|[from] Chilly Reception
|
|-weather|Snowscape|[upkeep]
|-heal|p1a: Ting-Lu|97/100|[from] Grassy Terrain
|-heal|p1a: Ting-Lu|100/100|[from] item: Leftovers
|-fieldend|move: Grassy Terrain
|upkeep
|turn|19
|
|t:|1760758045
|move|p2a: Cinderace|High Jump Kick|p1a: Ting-Lu
|-start|p2a: Cinderace|typechange|Fighting|[from] ability: Libero
|-supereffective|p1a: Ting-Lu
|-damage|p1a: Ting-Lu|31/100
|move|p1a: Ting-Lu|Earthquake|p2a: Cinderace
|-damage|p2a: Cinderace|52/100
|
|-weather|Snowscape|[upkeep]
|-end|p1a: Ting-Lu|move: Future Sight
|-immune|p1a: Ting-Lu
|-heal|p1a: Ting-Lu|37/100|[from] item: Leftovers
|upkeep
|turn|20
|inactive|SpongeGar & Patar has 90 seconds left.
|inactive|SpongeGar & Patar has 60 seconds left.
|
|t:|1760758096
|switch|p1a: Slowking|Slowking-Galar, L99, M|100/100
|move|p2a: Cinderace|Court Change|p2a: Cinderace
|-swapsideconditions
|-activate|p2a: Cinderace|move: Court Change
|
|-weather|Snowscape|[upkeep]
|upkeep
|turn|21
|inactive|SpongeGar & Patar has 60 seconds left.
|inactive|SpongeGar & Patar has 30 seconds left.
|inactive|SpongeGar & Patar has 20 seconds left.
|
|t:|1760758143
|move|p2a: Cinderace|U-turn|p1a: Slowking
|-damage|p1a: Slowking|77/100
|
|t:|1760758148
|switch|p2a: Garganacl|Garganacl, M|90/100|[from] U-turn
|-prepare|p1a: Slowking|Chilly Reception|[premajor]
|move|p1a: Slowking|Chilly Reception|p1a: Slowking
|inactive|SpongeGar & Patar has 30 seconds left this turn.
|
|t:|1760758157
|switch|p1a: Cinderace|Cinderace, M|49/100|[from] Chilly Reception
|
|-weather|Snowscape|[upkeep]
|-heal|p2a: Garganacl|96/100|[from] item: Leftovers
|upkeep
|turn|22
|inactive|SpongeGar & Patar has 30 seconds left.
|
|t:|1760758167
|move|p1a: Cinderace|Court Change|p1a: Cinderace
|-swapsideconditions
|-activate|p1a: Cinderace|move: Court Change
|move|p2a: Garganacl|Salt Cure|p1a: Cinderace
|-supereffective|p1a: Cinderace
|-damage|p1a: Cinderace|12/100
|-start|p1a: Cinderace|Salt Cure
|
|-weather|none
|-heal|p2a: Garganacl|100/100|[from] item: Leftovers
|-damage|p1a: Cinderace|0 fnt|[from] Salt Cure
|faint|p1a: Cinderace
|upkeep
|inactive|SpongeGar & Patar has 30 seconds left.
|
|t:|1760758177
|switch|p1a: Ting-Lu|Ting-Lu|37/100
|-ability|p1a: Ting-Lu|Vessel of Ruin
|turn|23
|inactive|SpongeGar & Patar has 30 seconds left.
|
|t:|1760758186
|move|p1a: Ting-Lu|Earthquake|p2a: Garganacl
|-supereffective|p2a: Garganacl
|-damage|p2a: Garganacl|48/100
|move|p2a: Garganacl|Salt Cure|p1a: Ting-Lu
|-resisted|p1a: Ting-Lu
|-damage|p1a: Ting-Lu|33/100
|-start|p1a: Ting-Lu|Salt Cure
|
|-heal|p1a: Ting-Lu|40/100|[from] item: Leftovers
|-heal|p2a: Garganacl|54/100|[from] item: Leftovers
|-damage|p1a: Ting-Lu|27/100|[from] Salt Cure
|upkeep
|turn|24
|inactive|SpongeGar & Patar has 30 seconds left.
|
|t:|1760758197
|move|p2a: Garganacl|Protect|p2a: Garganacl
|-singleturn|p2a: Garganacl|Protect
|move|p1a: Ting-Lu|Earthquake|p2a: Garganacl
|-activate|p2a: Garganacl|move: Protect
|
|-heal|p1a: Ting-Lu|33/100|[from] item: Leftovers
|-heal|p2a: Garganacl|60/100|[from] item: Leftovers
|-damage|p1a: Ting-Lu|21/100|[from] Salt Cure
|upkeep
|turn|25
|
|t:|1760758206
|move|p1a: Ting-Lu|Earthquake|p2a: Garganacl
|-supereffective|p2a: Garganacl
|-damage|p2a: Garganacl|8/100
|move|p2a: Garganacl|Recover|p2a: Garganacl
|-heal|p2a: Garganacl|58/100
|
|-heal|p1a: Ting-Lu|27/100|[from] item: Leftovers
|-heal|p2a: Garganacl|65/100|[from] item: Leftovers
|-damage|p1a: Ting-Lu|15/100|[from] Salt Cure
|upkeep
|turn|26
|
|t:|1760758216
|move|p1a: Ting-Lu|Rest|p1a: Ting-Lu
|-status|p1a: Ting-Lu|slp|[from] move: Rest
|-heal|p1a: Ting-Lu|100/100 slp|[silent]
|move|p2a: Garganacl|Salt Cure|p1a: Ting-Lu
|-resisted|p1a: Ting-Lu
|-damage|p1a: Ting-Lu|97/100 slp
|
|-heal|p1a: Ting-Lu|100/100 slp|[from] item: Leftovers
|-heal|p2a: Garganacl|71/100|[from] item: Leftovers
|-damage|p1a: Ting-Lu|88/100 slp|[from] Salt Cure
|upkeep
|turn|27
|
|t:|1760758227
|switch|p1a: Slowking|Slowking-Galar, L99, M|100/100
|switch|p2a: Rillaboom|Rillaboom, F|56/100
|-damage|p2a: Rillaboom|44/100|[from] Stealth Rock
|-fieldstart|move: Grassy Terrain|[from] ability: Grassy Surge|[of] p2a: Rillaboom
|
|-heal|p2a: Rillaboom|50/100|[from] Grassy Terrain
|upkeep
|turn|28
|
|t:|1760758241
|switch|p2a: Garganacl|Garganacl, M|71/100
|-damage|p2a: Garganacl|58/100|[from] Stealth Rock
|move|p1a: Slowking|Sludge Bomb|p2a: Garganacl
|-resisted|p2a: Garganacl
|-damage|p2a: Garganacl|48/100
|
|-heal|p2a: Garganacl|54/100|[from] Grassy Terrain
|-heal|p2a: Garganacl|60/100|[from] item: Leftovers
|upkeep
|turn|29
|
|t:|1760758251
|move|p2a: Garganacl|Curse|p2a: Garganacl
|-unboost|p2a: Garganacl|spe|1
|-boost|p2a: Garganacl|atk|1
|-boost|p2a: Garganacl|def|1
|move|p1a: Slowking|Future Sight|p2a: Garganacl
|-start|p1a: Slowking|move: Future Sight
|
|-heal|p2a: Garganacl|66/100|[from] Grassy Terrain
|-heal|p2a: Garganacl|72/100|[from] item: Leftovers
|upkeep
|turn|30
|
|t:|1760758260
|move|p2a: Garganacl|Curse|p2a: Garganacl
|-unboost|p2a: Garganacl|spe|1
|-boost|p2a: Garganacl|atk|1
|-boost|p2a: Garganacl|def|1
|-prepare|p1a: Slowking|Chilly Reception|[premajor]
|move|p1a: Slowking|Chilly Reception|p1a: Slowking
|-weather|Snowscape
|
|t:|1760758269
|switch|p1a: Dondozo|Dondozo, M|69/100 slp|[from] Chilly Reception
|
|-weather|Snowscape|[upkeep]
|-heal|p1a: Dondozo|75/100 slp|[from] Grassy Terrain
|-heal|p1a: Dondozo|82/100 slp|[from] item: Leftovers
|-heal|p2a: Garganacl|78/100|[from] Grassy Terrain
|-heal|p2a: Garganacl|85/100|[from] item: Leftovers
|upkeep
|turn|31
|inactive|SpongeGar & Patar has 60 seconds left.
|
|t:|1760758281
|-terastallize|p1a: Dondozo|Dark
|cant|p1a: Dondozo|slp
|move|p2a: Garganacl|Salt Cure|p1a: Dondozo
|-damage|p1a: Dondozo|75/100 slp
|-start|p1a: Dondozo|Salt Cure
|
|-weather|Snowscape|[upkeep]
|-end|p2a: Garganacl|move: Future Sight
|-damage|p2a: Garganacl|56/100
|-heal|p1a: Dondozo|82/100 slp|[from] Grassy Terrain
|-heal|p1a: Dondozo|88/100 slp|[from] item: Leftovers
|-heal|p2a: Garganacl|62/100|[from] Grassy Terrain
|-heal|p2a: Garganacl|68/100|[from] item: Leftovers
|-damage|p1a: Dondozo|75/100 slp|[from] Salt Cure
|-fieldend|move: Grassy Terrain
|upkeep
|turn|32
|inactive|SpongeGar & Patar has 60 seconds left.
|
|t:|1760758292
|-curestatus|p1a: Dondozo|slp|[msg]
|move|p1a: Dondozo|Waterfall|p2a: Garganacl
|-supereffective|p2a: Garganacl
|-damage|p2a: Garganacl|29/100
|move|p2a: Garganacl|Recover|p2a: Garganacl
|-heal|p2a: Garganacl|79/100
|
|-weather|Snowscape|[upkeep]
|-heal|p1a: Dondozo|82/100|[from] item: Leftovers
|-heal|p2a: Garganacl|85/100|[from] item: Leftovers
|-damage|p1a: Dondozo|69/100|[from] Salt Cure
|upkeep
|turn|33
|inactive|SpongeGar & Patar has 60 seconds left.
|
|t:|1760758302
|move|p2a: Garganacl|Protect|p2a: Garganacl
|-singleturn|p2a: Garganacl|Protect
|move|p1a: Dondozo|Curse|p1a: Dondozo
|-unboost|p1a: Dondozo|spe|1
|-boost|p1a: Dondozo|atk|1
|-boost|p1a: Dondozo|def|1
|
|-weather|Snowscape|[upkeep]
|-heal|p1a: Dondozo|75/100|[from] item: Leftovers
|-heal|p2a: Garganacl|91/100|[from] item: Leftovers
|-damage|p1a: Dondozo|63/100|[from] Salt Cure
|upkeep
|turn|34
|
|t:|1760758311
|switch|p2a: Slowking|Slowking-Galar, F|100/100
|-damage|p2a: Slowking|88/100|[from] Stealth Rock
|move|p1a: Dondozo|Waterfall|p2a: Slowking
|-damage|p2a: Slowking|59/100
|-damage|p1a: Dondozo|47/100|[from] item: Rocky Helmet|[of] p2a: Slowking
|
|-weather|none
|-heal|p1a: Dondozo|53/100|[from] item: Leftovers
|-damage|p1a: Dondozo|40/100|[from] Salt Cure
|upkeep
|turn|35
|
|t:|1760758321
|move|p1a: Dondozo|Waterfall|p2a: Slowking
|-damage|p2a: Slowking|28/100
|-damage|p1a: Dondozo|24/100|[from] item: Rocky Helmet|[of] p2a: Slowking
|move|p2a: Slowking|Future Sight|p1a: Dondozo
|-start|p2a: Slowking|move: Future Sight
|
|-heal|p1a: Dondozo|30/100|[from] item: Leftovers
|-damage|p1a: Dondozo|18/100|[from] Salt Cure
|upkeep
|turn|36
|j| hindu's curry
|
|t:|1760758331
|switch|p2a: Landorus|Landorus-Therian, M|100/100
|-damage|p2a: Landorus|88/100|[from] Stealth Rock
|-ability|p2a: Landorus|Intimidate|boost
|-unboost|p1a: Dondozo|atk|1
|move|p1a: Dondozo|Waterfall|p2a: Landorus
|-supereffective|p2a: Landorus
|-damage|p2a: Landorus|52/100
|-damage|p1a: Dondozo|1/100|[from] item: Rocky Helmet|[of] p2a: Landorus
|
|-heal|p1a: Dondozo|7/100|[from] item: Leftovers
|-damage|p1a: Dondozo|0 fnt|[from] Salt Cure
|faint|p1a: Dondozo
|upkeep
|
|t:|1760758341
|switch|p1a: Ting-Lu|Ting-Lu|88/100 slp
|-ability|p1a: Ting-Lu|Vessel of Ruin
|turn|37
|l| hindu's curry
|
|t:|1760758350
|move|p2a: Landorus|U-turn|p1a: Ting-Lu
|-supereffective|p1a: Ting-Lu
|-damage|p1a: Ting-Lu|63/100 slp
|
|t:|1760758354
|switch|p2a: Rillaboom|Rillaboom, F|50/100|[from] U-turn
|-damage|p2a: Rillaboom|37/100|[from] Stealth Rock
|-fieldstart|move: Grassy Terrain|[from] ability: Grassy Surge|[of] p2a: Rillaboom
|cant|p1a: Ting-Lu|slp
|move|p1a: Ting-Lu|Sleep Talk|p1a: Ting-Lu
|move|p1a: Ting-Lu|Earthquake|p2a: Rillaboom|[from] move: Sleep Talk
|-resisted|p2a: Rillaboom
|-damage|p2a: Rillaboom|27/100
|
|-end|p1a: Ting-Lu|move: Future Sight
|-immune|p1a: Ting-Lu
|-heal|p2a: Rillaboom|33/100|[from] Grassy Terrain
|-heal|p1a: Ting-Lu|69/100 slp|[from] Grassy Terrain
|-heal|p1a: Ting-Lu|75/100 slp|[from] item: Leftovers
|upkeep
|turn|38
|inactive|SpongeGar & Patar has 90 seconds left.
|
|t:|1760758364
|switch|p2a: Cinderace|Cinderace, F|52/100
|cant|p1a: Ting-Lu|slp
|move|p1a: Ting-Lu|Sleep Talk|p1a: Ting-Lu
|move|p1a: Ting-Lu|Payback|p2a: Cinderace|[from] move: Sleep Talk
|-damage|p2a: Cinderace|23/100
|
|-heal|p2a: Cinderace|29/100|[from] Grassy Terrain
|-heal|p1a: Ting-Lu|81/100 slp|[from] Grassy Terrain
|-heal|p1a: Ting-Lu|88/100 slp|[from] item: Leftovers
|upkeep
|turn|39
|
|t:|1760758373
|move|p2a: Cinderace|Court Change|p2a: Cinderace
|-start|p2a: Cinderace|typechange|Normal|[from] ability: Libero
|-swapsideconditions
|-activate|p2a: Cinderace|move: Court Change
|-curestatus|p1a: Ting-Lu|slp|[msg]
|move|p1a: Ting-Lu|Payback|p2a: Cinderace
|-damage|p2a: Cinderace|0 fnt
|faint|p2a: Cinderace
|
|-heal|p1a: Ting-Lu|94/100|[from] Grassy Terrain
|-heal|p1a: Ting-Lu|99/100|[from] item: Leftovers
|upkeep
|
|t:|1760758385
|switch|p2a: Rillaboom|Rillaboom, F|33/100
|turn|40
|j| poekmmo
|inactive|SpongeGar & Patar has 90 seconds left.
|
|t:|1760758433
|switch|p1a: Corviknight|Corviknight, M|100/100
|-damage|p1a: Corviknight|88/100|[from] Stealth Rock
|-ability|p1a: Corviknight|Pressure
|move|p2a: Rillaboom|Swords Dance|p2a: Rillaboom
|-boost|p2a: Rillaboom|atk|2
|
|-heal|p2a: Rillaboom|39/100|[from] Grassy Terrain
|upkeep
|turn|41
|inactive|SpongeGar & Patar has 60 seconds left.
|j| LT123VB 87
|inactive|SpongeGar & Patar has 30 seconds left.
|
|t:|1760758481
|switch|p2a: Slowking|Slowking-Galar, F|61/100
|move|p1a: Corviknight|Defog|p2a: Slowking
|-unboost|p2a: Slowking|evasion|1
|-sideend|p1: SpongeGar & Patar|Stealth Rock|[from] move: Defog|[of] p1a: Corviknight
|-fieldend|move: Grassy Terrain
|
|upkeep
|turn|42
|
|t:|1760758490
|switch|p1a: Slowking|Slowking-Galar, L99, M|100/100
|-prepare|p2a: Slowking|Chilly Reception|[premajor]
|move|p2a: Slowking|Chilly Reception|p2a: Slowking
|-weather|Snowscape
|l| poekmmo
|
|t:|1760758503
|switch|p2a: Landorus|Landorus-Therian, M|52/100|[from] Chilly Reception
|-ability|p2a: Landorus|Intimidate|boost
|-unboost|p1a: Slowking|atk|1
|
|-weather|Snowscape|[upkeep]
|upkeep
|turn|43
|
|t:|1760758512
|move|p2a: Landorus|Earthquake|p1a: Slowking
|-supereffective|p1a: Slowking
|-damage|p1a: Slowking|0 fnt
|faint|p1a: Slowking
|
|-weather|Snowscape|[upkeep]
|upkeep
|
|t:|1760758521
|switch|p1a: Corviknight|Corviknight, M|88/100
|-ability|p1a: Corviknight|Pressure
|turn|44
|
|t:|1760758530
|move|p2a: Landorus|Stealth Rock|p1a: Corviknight
|-sidestart|p1: SpongeGar & Patar|move: Stealth Rock
|move|p1a: Corviknight|U-turn|p2a: Landorus
|-resisted|p2a: Landorus
|-damage|p2a: Landorus|47/100
|-damage|p1a: Corviknight|72/100|[from] item: Rocky Helmet|[of] p2a: Landorus
|
|t:|1760758540
|switch|p1a: Ting-Lu|Ting-Lu|99/100|[from] U-turn
|-damage|p1a: Ting-Lu|94/100|[from] Stealth Rock
|-ability|p1a: Ting-Lu|Vessel of Ruin
|
|-weather|Snowscape|[upkeep]
|-heal|p1a: Ting-Lu|99/100|[from] item: Leftovers
|upkeep
|turn|45
|
|t:|1760758555
|switch|p1a: Corviknight|Corviknight, M|72/100
|-damage|p1a: Corviknight|59/100|[from] Stealth Rock
|-ability|p1a: Corviknight|Pressure
|move|p2a: Landorus|Earthquake|p1a: Corviknight
|-immune|p1a: Corviknight
|
|-weather|Snowscape|[upkeep]
|upkeep
|turn|46
|inactive|SpongeGar & Patar has 60 seconds left.
|
|t:|1760758564
|switch|p2a: Slowking|Slowking-Galar, F|94/100
|move|p1a: Corviknight|Defog|p2a: Slowking
|-unboost|p2a: Slowking|evasion|1
|-sideend|p1: SpongeGar & Patar|Stealth Rock|[from] move: Defog|[of] p1a: Corviknight
|
|-weather|none
|upkeep
|turn|47
|
|t:|1760758573
|move|p1a: Corviknight|Roost|p1a: Corviknight
|-heal|p1a: Corviknight|100/100
|-singleturn|p1a: Corviknight|move: Roost
|-prepare|p2a: Slowking|Chilly Reception|[premajor]
|move|p2a: Slowking|Chilly Reception|p2a: Slowking
|-weather|Snowscape
|
|t:|1760758575
|switch|p2a: Rillaboom|Rillaboom, F|39/100|[from] Chilly Reception
|-fieldstart|move: Grassy Terrain|[from] ability: Grassy Surge|[of] p2a: Rillaboom
|
|-weather|Snowscape|[upkeep]
|-heal|p2a: Rillaboom|45/100|[from] Grassy Terrain
|upkeep
|turn|48
|
|t:|1760758584
|switch|p2a: Slowking|Slowking-Galar, F|100/100
|move|p1a: Corviknight|U-turn|p2a: Slowking
|-damage|p2a: Slowking|89/100
|-damage|p1a: Corviknight|84/100|[from] item: Rocky Helmet|[of] p2a: Slowking
|
|t:|1760758594
|switch|p1a: Ting-Lu|Ting-Lu|99/100|[from] U-turn
|-ability|p1a: Ting-Lu|Vessel of Ruin
|
|-weather|Snowscape|[upkeep]
|-heal|p1a: Ting-Lu|100/100|[from] Grassy Terrain
|-heal|p2a: Slowking|95/100|[from] Grassy Terrain
|upkeep
|turn|49
|
|t:|1760758603
|move|p1a: Ting-Lu|Earthquake|p2a: Slowking
|-supereffective|p2a: Slowking
|-damage|p2a: Slowking|66/100
|-prepare|p2a: Slowking|Chilly Reception|[premajor]
|move|p2a: Slowking|Chilly Reception|p2a: Slowking
|
|t:|1760758606
|switch|p2a: Rillaboom|Rillaboom, F|45/100|[from] Chilly Reception
|
|-weather|Snowscape|[upkeep]
|-heal|p2a: Rillaboom|51/100|[from] Grassy Terrain
|upkeep
|turn|50
|inactive|SpongeGar & Patar has 90 seconds left.
|
|t:|1760758615
|switch|p1a: Corviknight|Corviknight, M|84/100
|-ability|p1a: Corviknight|Pressure
|move|p2a: Rillaboom|Swords Dance|p2a: Rillaboom
|-boost|p2a: Rillaboom|atk|2
|
|-weather|Snowscape|[upkeep]
|-heal|p2a: Rillaboom|57/100|[from] Grassy Terrain
|upkeep
|turn|51
|inactive|SpongeGar & Patar has 90 seconds left.
|inactive|SpongeGar & Patar has 60 seconds left.
|
|t:|1760758662
|switch|p2a: Slowking|Slowking-Galar, F|99/100
|move|p1a: Corviknight|Roost|p1a: Corviknight
|-heal|p1a: Corviknight|100/100
|-singleturn|p1a: Corviknight|move: Roost
|
|-weather|none
|-heal|p2a: Slowking|100/100|[from] Grassy Terrain
|-fieldend|move: Grassy Terrain
|upkeep
|turn|52
|inactive|SpongeGar & Patar has 60 seconds left.
|c|☆Ctannn|It’s funny how I have to play so conservative without cinderace who’s not even the wall breaker
|c|☆Ctannn|against this pair
|c|☆Ctannn|Meanwhile with cinderace can easily go pyro mode
|inactive|Ctannn has 120 seconds left.
|
|t:|1760758694
|switch|p1a: Ting-Lu|Ting-Lu|100/100
|-ability|p1a: Ting-Lu|Vessel of Ruin
|-prepare|p2a: Slowking|Chilly Reception|[premajor]
|move|p2a: Slowking|Chilly Reception|p2a: Slowking
|-weather|Snowscape
|
|t:|1760758699
|switch|p2a: Rillaboom|Rillaboom, F|57/100|[from] Chilly Reception
|-fieldstart|move: Grassy Terrain|[from] ability: Grassy Surge|[of] p2a: Rillaboom
|
|-weather|Snowscape|[upkeep]
|-heal|p2a: Rillaboom|64/100|[from] Grassy Terrain
|upkeep
|turn|53
|
|t:|1760758708
|move|p2a: Rillaboom|Swords Dance|p2a: Rillaboom
|-boost|p2a: Rillaboom|atk|2
|move|p1a: Ting-Lu|Payback|p2a: Rillaboom
|-damage|p2a: Rillaboom|26/100
|
|-weather|Snowscape|[upkeep]
|-heal|p2a: Rillaboom|32/100|[from] Grassy Terrain
|upkeep
|turn|54
|
|t:|1760758718
|switch|p1a: Corviknight|Corviknight, M|100/100
|-ability|p1a: Corviknight|Pressure
|move|p2a: Rillaboom|Drain Punch|p1a: Corviknight
|-damage|p1a: Corviknight|67/100
|-heal|p2a: Rillaboom|51/100|[from] drain|[of] p1a: Corviknight
|-damage|p2a: Rillaboom|35/100|[from] item: Rocky Helmet|[of] p1a: Corviknight
|
|-weather|Snowscape|[upkeep]
|-heal|p2a: Rillaboom|41/100|[from] Grassy Terrain
|upkeep
|turn|55
|
|t:|1760758728
|switch|p2a: Slowking|Slowking-Galar, F|100/100
|move|p1a: Corviknight|Roost|p1a: Corviknight
|-heal|p1a: Corviknight|100/100
|-singleturn|p1a: Corviknight|move: Roost
|
|-weather|Snowscape|[upkeep]
|upkeep
|turn|56
|
|t:|1760758737
|switch|p1a: Ting-Lu|Ting-Lu|100/100
|-ability|p1a: Ting-Lu|Vessel of Ruin
|move|p2a: Slowking|Future Sight|p1a: Ting-Lu
|-start|p2a: Slowking|move: Future Sight
|
|-weather|none
|-fieldend|move: Grassy Terrain
|upkeep
|turn|57
|
|t:|1760758747
|move|p1a: Ting-Lu|Payback|p2a: Slowking
|-supereffective|p2a: Slowking
|-damage|p2a: Slowking|73/100
|-damage|p1a: Ting-Lu|84/100|[from] item: Rocky Helmet|[of] p2a: Slowking
|-prepare|p2a: Slowking|Chilly Reception|[premajor]
|move|p2a: Slowking|Chilly Reception|p2a: Slowking
|-weather|Snowscape
|
|t:|1760758750
|switch|p2a: Rillaboom|Rillaboom, F|41/100|[from] Chilly Reception
|-fieldstart|move: Grassy Terrain|[from] ability: Grassy Surge|[of] p2a: Rillaboom
|
|-weather|Snowscape|[upkeep]
|-heal|p2a: Rillaboom|47/100|[from] Grassy Terrain
|-heal|p1a: Ting-Lu|90/100|[from] Grassy Terrain
|-heal|p1a: Ting-Lu|96/100|[from] item: Leftovers
|upkeep
|turn|58
|inactive|SpongeGar & Patar has 90 seconds left.
|
|t:|1760758763
|switch|p2a: Garganacl|Garganacl, M|91/100
|move|p1a: Ting-Lu|Payback|p2a: Garganacl
|-damage|p2a: Garganacl|78/100
|
|-weather|Snowscape|[upkeep]
|-end|p1a: Ting-Lu|move: Future Sight
|-immune|p1a: Ting-Lu
|-heal|p1a: Ting-Lu|100/100|[from] Grassy Terrain
|-heal|p2a: Garganacl|85/100|[from] Grassy Terrain
|-heal|p2a: Garganacl|91/100|[from] item: Leftovers
|upkeep
|turn|59
|
|t:|1760758773
|move|p1a: Ting-Lu|Earthquake|p2a: Garganacl
|-supereffective|p2a: Garganacl
|-damage|p2a: Garganacl|66/100
|move|p2a: Garganacl|Salt Cure|p1a: Ting-Lu
|-resisted|p1a: Ting-Lu
|-damage|p1a: Ting-Lu|96/100
|-start|p1a: Ting-Lu|Salt Cure
|
|-weather|Snowscape|[upkeep]
|-heal|p1a: Ting-Lu|100/100|[from] Grassy Terrain
|-heal|p2a: Garganacl|72/100|[from] Grassy Terrain
|-heal|p2a: Garganacl|78/100|[from] item: Leftovers
|-damage|p1a: Ting-Lu|88/100|[from] Salt Cure
|upkeep
|turn|60
|
|t:|1760758783
|switch|p2a: Landorus|Landorus-Therian, M|47/100
|-ability|p2a: Landorus|Intimidate|boost
|-unboost|p1a: Ting-Lu|atk|1
|move|p1a: Ting-Lu|Earthquake|p2a: Landorus
|-immune|p2a: Landorus
|
|-weather|Snowscape|[upkeep]
|-heal|p1a: Ting-Lu|94/100|[from] Grassy Terrain
|-heal|p1a: Ting-Lu|100/100|[from] item: Leftovers
|-damage|p1a: Ting-Lu|88/100|[from] Salt Cure
|upkeep
|turn|61
|
|t:|1760758792
|switch|p1a: Corviknight|Corviknight, M|100/100
|-ability|p1a: Corviknight|Pressure
|move|p2a: Landorus|Stealth Rock|p1a: Corviknight
|-sidestart|p1: SpongeGar & Patar|move: Stealth Rock
|
|-weather|none
|-fieldend|move: Grassy Terrain
|upkeep
|turn|62
|
|t:|1760758802
|switch|p2a: Slowking|Slowking-Galar, F|100/100
|move|p1a: Corviknight|U-turn|p2a: Slowking
|-crit|p2a: Slowking
|-damage|p2a: Slowking|84/100
|-damage|p1a: Corviknight|84/100|[from] item: Rocky Helmet|[of] p2a: Slowking
|
|t:|1760758811
|switch|p1a: Ting-Lu|Ting-Lu|88/100|[from] U-turn
|-damage|p1a: Ting-Lu|82/100|[from] Stealth Rock
|-ability|p1a: Ting-Lu|Vessel of Ruin
|
|-heal|p1a: Ting-Lu|88/100|[from] item: Leftovers
|upkeep
|turn|63
|
|t:|1760758822
|switch|p1a: Corviknight|Corviknight, M|84/100
|-damage|p1a: Corviknight|72/100|[from] Stealth Rock
|-ability|p1a: Corviknight|Pressure
|-prepare|p2a: Slowking|Chilly Reception|[premajor]
|move|p2a: Slowking|Chilly Reception|p2a: Slowking
|-weather|Snowscape
|
|t:|1760758823
|switch|p2a: Raging Bolt|Raging Bolt|100/100|[from] Chilly Reception
|
|-weather|Snowscape|[upkeep]
|upkeep
|turn|64
|inactive|SpongeGar & Patar has 120 seconds left.
|l| isaac_gam3r
|inactive|SpongeGar & Patar has 90 seconds left.
|
|t:|1760758871
|switch|p1a: Ting-Lu|Ting-Lu|88/100
|-damage|p1a: Ting-Lu|82/100|[from] Stealth Rock
|-ability|p1a: Ting-Lu|Vessel of Ruin
|move|p2a: Raging Bolt|Volt Switch|p1a: Ting-Lu
|-immune|p1a: Ting-Lu
|
|-weather|Snowscape|[upkeep]
|-heal|p1a: Ting-Lu|88/100|[from] item: Leftovers
|upkeep
|turn|65
|inactive|SpongeGar & Patar has 60 seconds left.
|
|t:|1760758918
|-end|p2a: Raging Bolt|Protosynthesis|[silent]
|switch|p2a: Garganacl|Garganacl, M|78/100
|switch|p1a: Corviknight|Corviknight, M|72/100
|-damage|p1a: Corviknight|59/100|[from] Stealth Rock
|-ability|p1a: Corviknight|Pressure
|
|-weather|Snowscape|[upkeep]
|-heal|p2a: Garganacl|84/100|[from] item: Leftovers
|upkeep
|turn|66
|
|t:|1760758927
|move|p1a: Corviknight|Roost|p1a: Corviknight
|-heal|p1a: Corviknight|100/100
|-singleturn|p1a: Corviknight|move: Roost
|move|p2a: Garganacl|Salt Cure|p1a: Corviknight
|-resisted|p1a: Corviknight
|-damage|p1a: Corviknight|96/100
|-start|p1a: Corviknight|Salt Cure
|
|-weather|Snowscape|[upkeep]
|-heal|p2a: Garganacl|90/100|[from] item: Leftovers
|-damage|p1a: Corviknight|71/100|[from] Salt Cure
|upkeep
|turn|67
|j| sleepywheels
|
|t:|1760758941
|move|p1a: Corviknight|Defog|p2a: Garganacl
|-unboost|p2a: Garganacl|evasion|1
|-sideend|p1: SpongeGar & Patar|Stealth Rock|[from] move: Defog|[of] p1a: Corviknight
|move|p2a: Garganacl|Salt Cure|p1a: Corviknight
|-damage|p1a: Corviknight|62/100
|
|-weather|none
|-heal|p2a: Garganacl|97/100|[from] item: Leftovers
|-damage|p1a: Corviknight|38/100|[from] Salt Cure
|upkeep
|turn|68
|inactive|SpongeGar & Patar has 60 seconds left.
|
|t:|1760758951
|switch|p2a: Raging Bolt|Raging Bolt|100/100
|move|p1a: Corviknight|Roost|p1a: Corviknight
|-heal|p1a: Corviknight|88/100
|-singleturn|p1a: Corviknight|move: Roost
|
|-damage|p1a: Corviknight|63/100|[from] Salt Cure
|upkeep
|turn|69
|
|t:|1760758960
|switch|p1a: Ting-Lu|Ting-Lu|88/100
|-ability|p1a: Ting-Lu|Vessel of Ruin
|move|p2a: Raging Bolt|Draco Meteor|p1a: Ting-Lu
|-damage|p1a: Ting-Lu|36/100
|-unboost|p2a: Raging Bolt|spa|2
|
|-heal|p1a: Ting-Lu|42/100|[from] item: Leftovers
|upkeep
|turn|70
|
|t:|1760758978
|-end|p2a: Raging Bolt|Protosynthesis|[silent]
|switch|p2a: Rillaboom|Rillaboom, F|47/100
|-fieldstart|move: Grassy Terrain|[from] ability: Grassy Surge|[of] p2a: Rillaboom
|move|p1a: Ting-Lu|Rest|p1a: Ting-Lu
|-status|p1a: Ting-Lu|slp|[from] move: Rest
|-heal|p1a: Ting-Lu|100/100 slp|[silent]
|
|-heal|p2a: Rillaboom|53/100|[from] Grassy Terrain
|upkeep
|turn|71
|
|t:|1760758991
|switch|p1a: Corviknight|Corviknight, M|63/100
|-ability|p1a: Corviknight|Pressure
|move|p2a: Rillaboom|Swords Dance|p2a: Rillaboom
|-boost|p2a: Rillaboom|atk|2
|
|-heal|p2a: Rillaboom|59/100|[from] Grassy Terrain
|upkeep
|turn|72
|j| Dhoom Again
|
|t:|1760759003
|move|p2a: Rillaboom|Swords Dance|p2a: Rillaboom
|-boost|p2a: Rillaboom|atk|2
|move|p1a: Corviknight|Brave Bird|p2a: Rillaboom
|-supereffective|p2a: Rillaboom
|-damage|p2a: Rillaboom|0 fnt
|faint|p2a: Rillaboom
|-damage|p1a: Corviknight|46/100|[from] Recoil
|
|upkeep
|
|t:|1760759006
|switch|p2a: Raging Bolt|Raging Bolt|100/100
|turn|73
|inactive|SpongeGar & Patar has 90 seconds left.
|
|t:|1760759016
|switch|p1a: Ting-Lu|Ting-Lu|100/100 slp
|-ability|p1a: Ting-Lu|Vessel of Ruin
|move|p2a: Raging Bolt|Volt Switch|p1a: Ting-Lu
|-immune|p1a: Ting-Lu
|
|upkeep
|turn|74
|inactive|SpongeGar & Patar has 90 seconds left.
|c|☆Ctannn|The one moment I do a high risk play
|c|☆Ctannn|lol now it’s pp stall
|inactive|SpongeGar & Patar has 60 seconds left.
|
|t:|1760759064
|move|p2a: Raging Bolt|Volt Switch|p1a: Ting-Lu
|-immune|p1a: Ting-Lu
|cant|p1a: Ting-Lu|slp
|move|p1a: Ting-Lu|Sleep Talk|p1a: Ting-Lu
|move|p1a: Ting-Lu|Rest||[from] move: Sleep Talk|[still]
|-fail|p1a: Ting-Lu
|
|-fieldend|move: Grassy Terrain
|upkeep
|turn|75
|inactive|SpongeGar & Patar has 60 seconds left.
|inactive|SpongeGar & Patar has 30 seconds left.
|inactive|SpongeGar & Patar has 20 seconds left.
|
|t:|1760759112
|move|p2a: Raging Bolt|Volt Switch|p1a: Ting-Lu
|-immune|p1a: Ting-Lu
|cant|p1a: Ting-Lu|slp
|move|p1a: Ting-Lu|Sleep Talk|p1a: Ting-Lu
|move|p1a: Ting-Lu|Payback|p2a: Raging Bolt|[from] move: Sleep Talk
|-damage|p2a: Raging Bolt|63/100
|
|upkeep
|turn|76
|inactive|SpongeGar & Patar has 30 seconds left this turn.
|
|t:|1760759121
|-end|p2a: Raging Bolt|Protosynthesis|[silent]
|switch|p2a: Landorus|Landorus-Therian, M|47/100
|-ability|p2a: Landorus|Intimidate|boost
|-unboost|p1a: Ting-Lu|atk|1
|-curestatus|p1a: Ting-Lu|slp|[msg]
|move|p1a: Ting-Lu|Earthquake|p2a: Landorus
|-immune|p2a: Landorus
|
|upkeep
|turn|77
|inactive|SpongeGar & Patar has 30 seconds left.
|
|t:|1760759131
|switch|p2a: Raging Bolt|Raging Bolt|63/100
|switch|p1a: Corviknight|Corviknight, M|46/100
|-ability|p1a: Corviknight|Pressure
|
|upkeep
|turn|78
|
|t:|1760759140
|switch|p1a: Ting-Lu|Ting-Lu|100/100
|-ability|p1a: Ting-Lu|Vessel of Ruin
|move|p2a: Raging Bolt|Draco Meteor|p1a: Ting-Lu
|-damage|p1a: Ting-Lu|56/100
|-unboost|p2a: Raging Bolt|spa|2
|
|-heal|p1a: Ting-Lu|62/100|[from] item: Leftovers
|upkeep
|turn|79
|
|t:|1760759149
|-end|p2a: Raging Bolt|Protosynthesis|[silent]
|switch|p2a: Landorus|Landorus-Therian, M|47/100
|-ability|p2a: Landorus|Intimidate|boost
|-unboost|p1a: Ting-Lu|atk|1
|switch|p1a: Corviknight|Corviknight, M|46/100
|-ability|p1a: Corviknight|Pressure
|
|upkeep
|turn|80
|
|t:|1760759162
|move|p2a: Landorus|Stealth Rock|p1a: Corviknight
|-sidestart|p1: SpongeGar & Patar|move: Stealth Rock
|move|p1a: Corviknight|Roost|p1a: Corviknight
|-heal|p1a: Corviknight|96/100
|-singleturn|p1a: Corviknight|move: Roost
|
|upkeep
|turn|81
|
|t:|1760759171
|switch|p2a: Garganacl|Garganacl, M|97/100
|move|p1a: Corviknight|Defog|p2a: Garganacl
|-unboost|p2a: Garganacl|evasion|1
|-sideend|p1: SpongeGar & Patar|Stealth Rock|[from] move: Defog|[of] p1a: Corviknight
|
|-heal|p2a: Garganacl|100/100|[from] item: Leftovers
|upkeep
|turn|82
|
|t:|1760759180
|move|p1a: Corviknight|U-turn|p2a: Garganacl
|-damage|p2a: Garganacl|91/100
|j| xuxianjun
|
|t:|1760759190
|switch|p1a: Ting-Lu|Ting-Lu|62/100|[from] U-turn
|-ability|p1a: Ting-Lu|Vessel of Ruin
|move|p2a: Garganacl|Salt Cure|p1a: Ting-Lu
|-resisted|p1a: Ting-Lu
|-damage|p1a: Ting-Lu|58/100
|-start|p1a: Ting-Lu|Salt Cure
|
|-heal|p1a: Ting-Lu|65/100|[from] item: Leftovers
|-heal|p2a: Garganacl|97/100|[from] item: Leftovers
|-damage|p1a: Ting-Lu|52/100|[from] Salt Cure
|upkeep
|turn|83
|l| xuxianjun
|
|t:|1760759200
|switch|p2a: Landorus|Landorus-Therian, M|47/100
|-ability|p2a: Landorus|Intimidate|boost
|-unboost|p1a: Ting-Lu|atk|1
|move|p1a: Ting-Lu|Rest|p1a: Ting-Lu
|-status|p1a: Ting-Lu|slp|[from] move: Rest
|-heal|p1a: Ting-Lu|100/100 slp|[silent]
|
|-damage|p1a: Ting-Lu|88/100 slp|[from] Salt Cure
|upkeep
|turn|84
|c|☆Ctannn|Dude are you really going to waste our time with the pp stalling
|c|☆Ctannn|I’ll give you a draw
|c|☆Ctannn|for my misplay
|c|☆Ctannn|please respond
|inactive|Ctannn has 120 seconds left.
|
|t:|1760759246
|switch|p2a: Slowking|Slowking-Galar, F|100/100
|switch|p1a: Corviknight|Corviknight, M|96/100
|-ability|p1a: Corviknight|Pressure
|
|upkeep
|turn|85
|inactive|SpongeGar & Patar has 60 seconds left.
|
|t:|1760759256
|switch|p1a: Ting-Lu|Ting-Lu|88/100 slp
|-ability|p1a: Ting-Lu|Vessel of Ruin
|switch|p2a: Garganacl|Garganacl, M|97/100
|
|-heal|p1a: Ting-Lu|94/100 slp|[from] item: Leftovers
|-heal|p2a: Garganacl|100/100|[from] item: Leftovers
|upkeep
|turn|86
|
|t:|1760759265
|cant|p1a: Ting-Lu|slp
|move|p1a: Ting-Lu|Sleep Talk|p1a: Ting-Lu
|move|p1a: Ting-Lu|Earthquake|p2a: Garganacl|[from] move: Sleep Talk
|-supereffective|p2a: Garganacl
|-damage|p2a: Garganacl|49/100
|move|p2a: Garganacl|Salt Cure|p1a: Ting-Lu
|-resisted|p1a: Ting-Lu
|-damage|p1a: Ting-Lu|91/100 slp
|-start|p1a: Ting-Lu|Salt Cure
|
|-heal|p1a: Ting-Lu|97/100 slp|[from] item: Leftovers
|-heal|p2a: Garganacl|55/100|[from] item: Leftovers
|-damage|p1a: Ting-Lu|85/100 slp|[from] Salt Cure
|upkeep
|turn|87
|
|t:|1760759275
|switch|p2a: Landorus|Landorus-Therian, M|47/100
|-ability|p2a: Landorus|Intimidate|boost
|-unboost|p1a: Ting-Lu|atk|1
|cant|p1a: Ting-Lu|slp
|move|p1a: Ting-Lu|Sleep Talk|p1a: Ting-Lu
|move|p1a: Ting-Lu|Rest||[from] move: Sleep Talk|[still]
|-fail|p1a: Ting-Lu
|
|-heal|p1a: Ting-Lu|91/100 slp|[from] item: Leftovers
|-damage|p1a: Ting-Lu|78/100 slp|[from] Salt Cure
|upkeep
|turn|88
|
|t:|1760759285
|switch|p2a: Raging Bolt|Raging Bolt|63/100
|-curestatus|p1a: Ting-Lu|slp|[msg]
|move|p1a: Ting-Lu|Earthquake|p2a: Raging Bolt
|-supereffective|p2a: Raging Bolt
|-damage|p2a: Raging Bolt|11/100
|
|-heal|p1a: Ting-Lu|85/100|[from] item: Leftovers
|-damage|p1a: Ting-Lu|72/100|[from] Salt Cure
|upkeep
|turn|89
|
|t:|1760759297
|-end|p2a: Raging Bolt|Protosynthesis|[silent]
|switch|p2a: Landorus|Landorus-Therian, M|47/100
|-ability|p2a: Landorus|Intimidate|boost
|-unboost|p1a: Ting-Lu|atk|1
|move|p1a: Ting-Lu|Earthquake|p2a: Landorus
|-immune|p2a: Landorus
|
|-heal|p1a: Ting-Lu|78/100|[from] item: Leftovers
|-damage|p1a: Ting-Lu|66/100|[from] Salt Cure
|upkeep
|turn|90
|
|t:|1760759306
|switch|p1a: Corviknight|Corviknight, M|96/100
|-ability|p1a: Corviknight|Pressure
|move|p2a: Landorus|U-turn|p1a: Corviknight
|-resisted|p1a: Corviknight
|-damage|p1a: Corviknight|93/100
|-damage|p2a: Landorus|30/100|[from] item: Rocky Helmet|[of] p1a: Corviknight
|
|t:|1760759308
|switch|p2a: Raging Bolt|Raging Bolt|11/100|[from] U-turn
|
|upkeep
|turn|91
|inactive|SpongeGar & Patar has 90 seconds left.
|j| wgw2333
|
|t:|1760759317
|switch|p1a: Ting-Lu|Ting-Lu|66/100
|-ability|p1a: Ting-Lu|Vessel of Ruin
|move|p2a: Raging Bolt|Volt Switch|p1a: Ting-Lu
|-immune|p1a: Ting-Lu
|
|-heal|p1a: Ting-Lu|72/100|[from] item: Leftovers
|upkeep
|turn|92
|inactive|SpongeGar & Patar has 90 seconds left.
|j| 34gxeisgreatright?
|c|☆Ctannn|Please I want to go
|j| Puyu Paz
|c|☆Ctannn|can we end it
|inactive|SpongeGar & Patar has 60 seconds left.
|
|t:|1760759366
|-end|p2a: Raging Bolt|Protosynthesis|[silent]
|switch|p2a: Slowking|Slowking-Galar, F|100/100
|switch|p1a: Corviknight|Corviknight, M|93/100
|-ability|p1a: Corviknight|Pressure
|
|upkeep
|turn|93
|c|☆Ctannn|SpongeGar & Patar
|inactive|SpongeGar & Patar has 60 seconds left.
|c|☆Ctannn|please respond
|
|t:|1760759380
|switch|p1a: Ting-Lu|Ting-Lu|72/100
|-ability|p1a: Ting-Lu|Vessel of Ruin
|switch|p2a: Garganacl|Garganacl, M|55/100
|
|-heal|p1a: Ting-Lu|78/100|[from] item: Leftovers
|-heal|p2a: Garganacl|61/100|[from] item: Leftovers
|upkeep
|turn|94
|
|t:|1760759389
|switch|p2a: Landorus|Landorus-Therian, M|30/100
|-ability|p2a: Landorus|Intimidate|boost
|-unboost|p1a: Ting-Lu|atk|1
|move|p1a: Ting-Lu|Earthquake|p2a: Landorus
|-immune|p2a: Landorus
|
|-heal|p1a: Ting-Lu|85/100|[from] item: Leftovers
|upkeep
|turn|95
|
|t:|1760759399
|switch|p2a: Garganacl|Garganacl, M|61/100
|move|p1a: Ting-Lu|Payback|p2a: Garganacl
|-damage|p2a: Garganacl|51/100
|
|-heal|p1a: Ting-Lu|91/100|[from] item: Leftovers
|-heal|p2a: Garganacl|57/100|[from] item: Leftovers
|upkeep
|turn|96
|
|t:|1760759409
|-terastallize|p2a: Garganacl|Water
|move|p1a: Ting-Lu|Earthquake|p2a: Garganacl
|-damage|p2a: Garganacl|42/100
|move|p2a: Garganacl|Recover|p2a: Garganacl
|-heal|p2a: Garganacl|92/100
|
|-heal|p1a: Ting-Lu|97/100|[from] item: Leftovers
|-heal|p2a: Garganacl|98/100|[from] item: Leftovers
|upkeep
|turn|97
|
|t:|1760759418
|switch|p2a: Landorus|Landorus-Therian, M|30/100
|-ability|p2a: Landorus|Intimidate|boost
|-unboost|p1a: Ting-Lu|atk|1
|move|p1a: Ting-Lu|Earthquake|p2a: Landorus
|-immune|p2a: Landorus
|
|-heal|p1a: Ting-Lu|100/100|[from] item: Leftovers
|upkeep
|turn|98
|
|t:|1760759428
|switch|p2a: Garganacl|Garganacl, M, tera:Water|98/100
|switch|p1a: Corviknight|Corviknight, M|93/100
|-ability|p1a: Corviknight|Pressure
|
|-heal|p2a: Garganacl|100/100|[from] item: Leftovers
|upkeep
|turn|99
|inactive|SpongeGar & Patar has 90 seconds left.
|
|t:|1760759437
|move|p1a: Corviknight|U-turn|p2a: Garganacl
|-damage|p2a: Garganacl|90/100
|inactive|SpongeGar & Patar has 90 seconds left.
|
|t:|1760759447
|switch|p1a: Ting-Lu|Ting-Lu|100/100|[from] U-turn
|-ability|p1a: Ting-Lu|Vessel of Ruin
|move|p2a: Garganacl|Salt Cure|p1a: Ting-Lu
|-resisted|p1a: Ting-Lu
|-damage|p1a: Ting-Lu|97/100
|-start|p1a: Ting-Lu|Salt Cure
|
|-heal|p1a: Ting-Lu|100/100|[from] item: Leftovers
|-heal|p2a: Garganacl|96/100|[from] item: Leftovers
|-damage|p1a: Ting-Lu|88/100|[from] Salt Cure
|upkeep
|turn|100
|
|t:|1760759456
|switch|p2a: Slowking|Slowking-Galar, F|100/100
|move|p1a: Ting-Lu|Earthquake|p2a: Slowking
|-supereffective|p2a: Slowking
|-damage|p2a: Slowking|44/100
|
|-heal|p1a: Ting-Lu|94/100|[from] item: Leftovers
|-damage|p1a: Ting-Lu|82/100|[from] Salt Cure
|upkeep
|turn|101
|l| Dhoom Again
|
|t:|1760759466
|switch|p1a: Corviknight|Corviknight, M|93/100
|-ability|p1a: Corviknight|Pressure
|switch|p2a: Garganacl|Garganacl, M, tera:Water|96/100
|
|-heal|p2a: Garganacl|100/100|[from] item: Leftovers
|upkeep
|turn|102
|
|t:|1760759475
|switch|p2a: Slowking|Slowking-Galar, F|77/100
|move|p1a: Corviknight|U-turn|p2a: Slowking
|-damage|p2a: Slowking|67/100
|-damage|p1a: Corviknight|77/100|[from] item: Rocky Helmet|[of] p2a: Slowking
|
|t:|1760759485
|switch|p1a: Ting-Lu|Ting-Lu|82/100|[from] U-turn
|-ability|p1a: Ting-Lu|Vessel of Ruin
|
|-heal|p1a: Ting-Lu|88/100|[from] item: Leftovers
|upkeep
|turn|103
|
|t:|1760759494
|switch|p2a: Garganacl|Garganacl, M, tera:Water|100/100
|move|p1a: Ting-Lu|Payback|p2a: Garganacl
|-damage|p2a: Garganacl|88/100
|
|-heal|p1a: Ting-Lu|94/100|[from] item: Leftovers
|-heal|p2a: Garganacl|94/100|[from] item: Leftovers
|upkeep
|turn|104
|
|t:|1760759504
|switch|p2a: Slowking|Slowking-Galar, F|99/100
|move|p1a: Ting-Lu|Earthquake|p2a: Slowking
|-supereffective|p2a: Slowking
|-damage|p2a: Slowking|45/100
|
|-heal|p1a: Ting-Lu|100/100|[from] item: Leftovers
|upkeep
|turn|105
|
|t:|1760759514
|switch|p2a: Garganacl|Garganacl, M, tera:Water|94/100
|move|p1a: Ting-Lu|Payback|p2a: Garganacl
|-damage|p2a: Garganacl|82/100
|
|-heal|p2a: Garganacl|88/100|[from] item: Leftovers
|upkeep
|turn|106
|
|t:|1760759524
|switch|p2a: Slowking|Slowking-Galar, F|78/100
|move|p1a: Ting-Lu|Payback|p2a: Slowking
|-supereffective|p2a: Slowking
|-damage|p2a: Slowking|50/100
|-damage|p1a: Ting-Lu|84/100|[from] item: Rocky Helmet|[of] p2a: Slowking
|
|-heal|p1a: Ting-Lu|90/100|[from] item: Leftovers
|upkeep
|turn|107
|
|t:|1760759533
|switch|p2a: Garganacl|Garganacl, M, tera:Water|88/100
|move|p1a: Ting-Lu|Payback|p2a: Garganacl
|-damage|p2a: Garganacl|76/100
|
|-heal|p1a: Ting-Lu|96/100|[from] item: Leftovers
|-heal|p2a: Garganacl|82/100|[from] item: Leftovers
|upkeep
|turn|108
|
|t:|1760759543
|switch|p2a: Slowking|Slowking-Galar, F|83/100
|move|p1a: Ting-Lu|Payback|p2a: Slowking
|-supereffective|p2a: Slowking
|-damage|p2a: Slowking|54/100
|-damage|p1a: Ting-Lu|80/100|[from] item: Rocky Helmet|[of] p2a: Slowking
|
|-heal|p1a: Ting-Lu|86/100|[from] item: Leftovers
|upkeep
|turn|109
|
|t:|1760759553
|switch|p2a: Garganacl|Garganacl, M, tera:Water|82/100
|move|p1a: Ting-Lu|Payback|p2a: Garganacl
|-damage|p2a: Garganacl|69/100
|
|-heal|p1a: Ting-Lu|92/100|[from] item: Leftovers
|-heal|p2a: Garganacl|75/100|[from] item: Leftovers
|upkeep
|turn|110
|
|t:|1760759563
|switch|p2a: Slowking|Slowking-Galar, F|87/100
|move|p1a: Ting-Lu|Payback|p2a: Slowking
|-supereffective|p2a: Slowking
|-damage|p2a: Slowking|57/100
|-damage|p1a: Ting-Lu|76/100|[from] item: Rocky Helmet|[of] p2a: Slowking
|
|-heal|p1a: Ting-Lu|82/100|[from] item: Leftovers
|upkeep
|turn|111
|
|t:|1760759572
|switch|p2a: Garganacl|Garganacl, M, tera:Water|75/100
|move|p1a: Ting-Lu|Payback|p2a: Garganacl
|-damage|p2a: Garganacl|63/100
|
|-heal|p1a: Ting-Lu|88/100|[from] item: Leftovers
|-heal|p2a: Garganacl|69/100|[from] item: Leftovers
|upkeep
|turn|112
|
|t:|1760759582
|switch|p2a: Slowking|Slowking-Galar, F|90/100
|move|p1a: Ting-Lu|Payback|p2a: Slowking
|-supereffective|p2a: Slowking
|-damage|p2a: Slowking|61/100
|-damage|p1a: Ting-Lu|72/100|[from] item: Rocky Helmet|[of] p2a: Slowking
|
|-heal|p1a: Ting-Lu|78/100|[from] item: Leftovers
|upkeep
|turn|113
|
|t:|1760759592
|switch|p2a: Garganacl|Garganacl, M, tera:Water|69/100
|move|p1a: Ting-Lu|Payback|p2a: Garganacl
|-damage|p2a: Garganacl|55/100
|
|-heal|p1a: Ting-Lu|84/100|[from] item: Leftovers
|-heal|p2a: Garganacl|62/100|[from] item: Leftovers
|upkeep
|turn|114
|
|t:|1760759602
|switch|p2a: Slowking|Slowking-Galar, F|94/100
|move|p1a: Ting-Lu|Sleep Talk||[still]
|-fail|p1a: Ting-Lu
|
|-heal|p1a: Ting-Lu|90/100|[from] item: Leftovers
|upkeep
|turn|115
|
|t:|1760759611
|switch|p2a: Garganacl|Garganacl, M, tera:Water|62/100
|move|p1a: Ting-Lu|Sleep Talk||[still]
|-fail|p1a: Ting-Lu
|
|-heal|p1a: Ting-Lu|97/100|[from] item: Leftovers
|-heal|p2a: Garganacl|68/100|[from] item: Leftovers
|upkeep
|turn|116
|
|t:|1760759620
|switch|p2a: Slowking|Slowking-Galar, F|100/100
|move|p1a: Ting-Lu|Sleep Talk||[still]
|-fail|p1a: Ting-Lu
|
|-heal|p1a: Ting-Lu|100/100|[from] item: Leftovers
|upkeep
|turn|117
|
|t:|1760759630
|switch|p1a: Corviknight|Corviknight, M|77/100
|-ability|p1a: Corviknight|Pressure
|switch|p2a: Garganacl|Garganacl, M, tera:Water|68/100
|
|-heal|p2a: Garganacl|74/100|[from] item: Leftovers
|upkeep
|turn|118
|
|t:|1760759639
|switch|p2a: Slowking|Slowking-Galar, F|100/100
|move|p1a: Corviknight|Roost|p1a: Corviknight
|-heal|p1a: Corviknight|100/100
|-singleturn|p1a: Corviknight|move: Roost
|
|upkeep
|turn|119
|
|t:|1760759648
|switch|p2a: Garganacl|Garganacl, M, tera:Water|74/100
|move|p1a: Corviknight|Roost||[still]
|-fail|p1a: Corviknight|heal
|
|-heal|p2a: Garganacl|80/100|[from] item: Leftovers
|upkeep
|turn|120
|
|t:|1760759657
|switch|p2a: Slowking|Slowking-Galar, F|100/100
|move|p1a: Corviknight|U-turn|p2a: Slowking
|-damage|p2a: Slowking|90/100
|-damage|p1a: Corviknight|84/100|[from] item: Rocky Helmet|[of] p2a: Slowking
|
|t:|1760759667
|switch|p1a: Ting-Lu|Ting-Lu|100/100|[from] U-turn
|-ability|p1a: Ting-Lu|Vessel of Ruin
|
|upkeep
|turn|121
|
|t:|1760759676
|switch|p2a: Garganacl|Garganacl, M, tera:Water|80/100
|move|p1a: Ting-Lu|Rest|p1a: Ting-Lu
|-fail|p1a: Ting-Lu|heal
|
|-heal|p2a: Garganacl|86/100|[from] item: Leftovers
|upkeep
|turn|122
|
|t:|1760759685
|switch|p2a: Slowking|Slowking-Galar, F|100/100
|move|p1a: Ting-Lu|Payback|p2a: Slowking
|-supereffective|p2a: Slowking
|-damage|p2a: Slowking|74/100
|-damage|p1a: Ting-Lu|84/100|[from] item: Rocky Helmet|[of] p2a: Slowking
|
|-heal|p1a: Ting-Lu|90/100|[from] item: Leftovers
|upkeep
|turn|123
|
|t:|1760759695
|switch|p2a: Garganacl|Garganacl, M, tera:Water|86/100
|move|p1a: Ting-Lu|Rest|p1a: Ting-Lu
|-status|p1a: Ting-Lu|slp|[from] move: Rest
|-heal|p1a: Ting-Lu|100/100 slp|[silent]
|
|-heal|p2a: Garganacl|93/100|[from] item: Leftovers
|upkeep
|turn|124
|
|t:|1760759704
|switch|p2a: Landorus|Landorus-Therian, M|30/100
|-ability|p2a: Landorus|Intimidate|boost
|-unboost|p1a: Ting-Lu|atk|1
|cant|p1a: Ting-Lu|slp
|move|p1a: Ting-Lu|Sleep Talk|p1a: Ting-Lu
|move|p1a: Ting-Lu|Payback|p2a: Landorus|[from] move: Sleep Talk
|-damage|p2a: Landorus|22/100
|-damage|p1a: Ting-Lu|84/100 slp|[from] item: Rocky Helmet|[of] p2a: Landorus
|
|-heal|p1a: Ting-Lu|90/100 slp|[from] item: Leftovers
|upkeep
|turn|125
|
|t:|1760759715
|switch|p1a: Corviknight|Corviknight, M|84/100
|-ability|p1a: Corviknight|Pressure
|move|p2a: Landorus|Stealth Rock|p1a: Corviknight
|-sidestart|p1: SpongeGar & Patar|move: Stealth Rock
|
|upkeep
|turn|126
|
|t:|1760759724
|switch|p2a: Garganacl|Garganacl, M, tera:Water|93/100
|move|p1a: Corviknight|Defog|p2a: Garganacl
|-unboost|p2a: Garganacl|evasion|1
|-sideend|p1: SpongeGar & Patar|Stealth Rock|[from] move: Defog|[of] p1a: Corviknight
|
|-heal|p2a: Garganacl|99/100|[from] item: Leftovers
|upkeep
|turn|127
|
|t:|1760759733
|switch|p2a: Slowking|Slowking-Galar, F|100/100
|move|p1a: Corviknight|U-turn|p2a: Slowking
|-damage|p2a: Slowking|89/100
|-damage|p1a: Corviknight|67/100|[from] item: Rocky Helmet|[of] p2a: Slowking
|
|t:|1760759743
|switch|p1a: Ting-Lu|Ting-Lu|90/100 slp|[from] U-turn
|-ability|p1a: Ting-Lu|Vessel of Ruin
|
|-heal|p1a: Ting-Lu|96/100 slp|[from] item: Leftovers
|upkeep
|turn|128
|
|t:|1760759752
|switch|p2a: Garganacl|Garganacl, M, tera:Water|99/100
|cant|p1a: Ting-Lu|slp
|move|p1a: Ting-Lu|Sleep Talk|p1a: Ting-Lu
|move|p1a: Ting-Lu|Payback|p2a: Garganacl|[from] move: Sleep Talk
|-damage|p2a: Garganacl|86/100
|
|-heal|p1a: Ting-Lu|100/100 slp|[from] item: Leftovers
|-heal|p2a: Garganacl|92/100|[from] item: Leftovers
|upkeep
|turn|129
|
|t:|1760759761
|switch|p2a: Slowking|Slowking-Galar, F|100/100
|-curestatus|p1a: Ting-Lu|slp|[msg]
|move|p1a: Ting-Lu|Rest|p1a: Ting-Lu
|-fail|p1a: Ting-Lu|heal
|
|upkeep
|turn|130
|
|t:|1760759770
|switch|p2a: Landorus|Landorus-Therian, M|22/100
|-ability|p2a: Landorus|Intimidate|boost
|-unboost|p1a: Ting-Lu|atk|1
|move|p1a: Ting-Lu|Rest|p1a: Ting-Lu
|-fail|p1a: Ting-Lu|heal
|
|upkeep
|turn|131
|
|t:|1760759779
|switch|p1a: Corviknight|Corviknight, M|67/100
|-ability|p1a: Corviknight|Pressure
|move|p2a: Landorus|Stealth Rock|p1a: Corviknight
|-sidestart|p1: SpongeGar & Patar|move: Stealth Rock
|
|upkeep
|turn|132
|
|t:|1760759789
|switch|p2a: Garganacl|Garganacl, M, tera:Water|92/100
|move|p1a: Corviknight|Defog|p2a: Garganacl
|-unboost|p2a: Garganacl|evasion|1
|-sideend|p1: SpongeGar & Patar|Stealth Rock|[from] move: Defog|[of] p1a: Corviknight
|
|-heal|p2a: Garganacl|99/100|[from] item: Leftovers
|upkeep
|turn|133
|l| wgw2333
|
|t:|1760759798
|switch|p2a: Slowking|Slowking-Galar, F|100/100
|move|p1a: Corviknight|U-turn|p2a: Slowking
|-damage|p2a: Slowking|90/100
|-damage|p1a: Corviknight|51/100|[from] item: Rocky Helmet|[of] p2a: Slowking
|
|t:|1760759807
|switch|p1a: Ting-Lu|Ting-Lu|100/100|[from] U-turn
|-ability|p1a: Ting-Lu|Vessel of Ruin
|
|upkeep
|turn|134
|
|t:|1760759817
|switch|p2a: Landorus|Landorus-Therian, M|22/100
|-ability|p2a: Landorus|Intimidate|boost
|-unboost|p1a: Ting-Lu|atk|1
|move|p1a: Ting-Lu|Rest|p1a: Ting-Lu
|-fail|p1a: Ting-Lu|heal
|
|upkeep
|turn|135
|
|t:|1760759826
|switch|p1a: Corviknight|Corviknight, M|51/100
|-ability|p1a: Corviknight|Pressure
|move|p2a: Landorus|Stealth Rock|p1a: Corviknight
|-sidestart|p1: SpongeGar & Patar|move: Stealth Rock
|
|upkeep
|turn|136
|
|t:|1760759835
|switch|p2a: Garganacl|Garganacl, M, tera:Water|99/100
|move|p1a: Corviknight|Defog|p2a: Garganacl
|-unboost|p2a: Garganacl|evasion|1
|-sideend|p1: SpongeGar & Patar|Stealth Rock|[from] move: Defog|[of] p1a: Corviknight
|
|-heal|p2a: Garganacl|100/100|[from] item: Leftovers
|upkeep
|turn|137
|
|t:|1760759844
|move|p1a: Corviknight|U-turn|p2a: Garganacl
|-damage|p2a: Garganacl|92/100
|
|t:|1760759853
|switch|p1a: Ting-Lu|Ting-Lu|100/100|[from] U-turn
|-ability|p1a: Ting-Lu|Vessel of Ruin
|move|p2a: Garganacl|Curse|p2a: Garganacl
|-unboost|p2a: Garganacl|spe|1
|-boost|p2a: Garganacl|atk|1
|-boost|p2a: Garganacl|def|1
|
|-heal|p2a: Garganacl|98/100|[from] item: Leftovers
|upkeep
|turn|138
|
|t:|1760759862
|move|p1a: Ting-Lu|Sleep Talk||[still]
|-fail|p1a: Ting-Lu
|move|p2a: Garganacl|Curse|p2a: Garganacl
|-unboost|p2a: Garganacl|spe|1
|-boost|p2a: Garganacl|atk|1
|-boost|p2a: Garganacl|def|1
|
|-heal|p2a: Garganacl|100/100|[from] item: Leftovers
|upkeep
|turn|139
|
|t:|1760759871
|move|p1a: Ting-Lu|Sleep Talk||[still]
|-fail|p1a: Ting-Lu
|move|p2a: Garganacl|Curse|p2a: Garganacl
|-unboost|p2a: Garganacl|spe|1
|-boost|p2a: Garganacl|atk|1
|-boost|p2a: Garganacl|def|1
|
|upkeep
|turn|140
|
|t:|1760759879
|move|p1a: Ting-Lu|Sleep Talk||[still]
|-fail|p1a: Ting-Lu
|move|p2a: Garganacl|Curse|p2a: Garganacl
|-unboost|p2a: Garganacl|spe|1
|-boost|p2a: Garganacl|atk|1
|-boost|p2a: Garganacl|def|1
|
|upkeep
|turn|141
|
|t:|1760759888
|move|p1a: Ting-Lu|Sleep Talk||[still]
|-fail|p1a: Ting-Lu
|move|p2a: Garganacl|Curse|p2a: Garganacl
|-unboost|p2a: Garganacl|spe|1
|-boost|p2a: Garganacl|atk|1
|-boost|p2a: Garganacl|def|1
|
|upkeep
|turn|142
|
|t:|1760759895
|move|p1a: Ting-Lu|Sleep Talk||[still]
|-fail|p1a: Ting-Lu
|move|p2a: Garganacl|Curse|p2a: Garganacl
|-unboost|p2a: Garganacl|spe|1
|-boost|p2a: Garganacl|atk|1
|-boost|p2a: Garganacl|def|1
|
|upkeep
|turn|143
|
|t:|1760759903
|-activate|p1a: Ting-Lu|move: Struggle
|move|p1a: Ting-Lu|Struggle|p2a: Garganacl
|-damage|p2a: Garganacl|98/100
|-damage|p1a: Ting-Lu|75/100|[from] recoil
|move|p2a: Garganacl|Salt Cure|p1a: Ting-Lu
|-resisted|p1a: Ting-Lu
|-damage|p1a: Ting-Lu|62/100
|-start|p1a: Ting-Lu|Salt Cure
|
|-heal|p1a: Ting-Lu|68/100|[from] item: Leftovers
|-heal|p2a: Garganacl|100/100|[from] item: Leftovers
|-damage|p1a: Ting-Lu|55/100|[from] Salt Cure
|upkeep
|turn|144
|
|t:|1760759912
|move|p2a: Garganacl|Protect|p2a: Garganacl
|-singleturn|p2a: Garganacl|Protect
|-activate|p1a: Ting-Lu|move: Struggle
|move|p1a: Ting-Lu|Struggle|p2a: Garganacl
|-activate|p2a: Garganacl|move: Protect
|
|-heal|p1a: Ting-Lu|62/100|[from] item: Leftovers
|-damage|p1a: Ting-Lu|49/100|[from] Salt Cure
|upkeep
|turn|145
|
|t:|1760759919
|move|p2a: Garganacl|Protect||[still]
|-fail|p2a: Garganacl
|-activate|p1a: Ting-Lu|move: Struggle
|move|p1a: Ting-Lu|Struggle|p2a: Garganacl
|-damage|p2a: Garganacl|98/100
|-damage|p1a: Ting-Lu|24/100|[from] recoil
|
|-heal|p1a: Ting-Lu|30/100|[from] item: Leftovers
|-heal|p2a: Garganacl|100/100|[from] item: Leftovers
|-damage|p1a: Ting-Lu|18/100|[from] Salt Cure
|upkeep
|turn|146
|
|t:|1760759927
|switch|p1a: Corviknight|Corviknight, M|51/100
|-ability|p1a: Corviknight|Pressure
|move|p2a: Garganacl|Salt Cure|p1a: Corviknight
|-damage|p1a: Corviknight|17/100
|-start|p1a: Corviknight|Salt Cure
|
|-damage|p1a: Corviknight|0 fnt|[from] Salt Cure
|faint|p1a: Corviknight
|upkeep
|l| Puyu Paz
|
|t:|1760759935
|switch|p1a: Ting-Lu|Ting-Lu|18/100
|-ability|p1a: Ting-Lu|Vessel of Ruin
|turn|147
|
|t:|1760759942
|-activate|p1a: Ting-Lu|move: Struggle
|move|p1a: Ting-Lu|Struggle|p2a: Garganacl
|-damage|p2a: Garganacl|98/100
|-damage|p1a: Ting-Lu|0 fnt|[from] recoil
|faint|p1a: Ting-Lu
|
|win|Ctannn
|raw|SpongeGar &amp; Patar's rating: 1846 &rarr; <strong>1827</strong><br />(-19 for losing)
|raw|Ctannn's rating: 1856 &rarr; <strong>1875</strong><br />(+19 for winning)
|l|☆SpongeGar & Patar
|player|p1|
|l|☆Ctannn
|player|p2|
|l| LT123VB 87
