|j|☆ICEANDTEAs
|j|☆Burrito Barbarian
|t:|1760762379
|gametype|singles
|player|p1|ICEANDTEAs|2|1054
|player|p2|Burrito Barbarian|pokemaniac|1086
|gen|9
|tier|[Gen 9] OU
|rated|
|rule|HP Percentage Mod: HP is shown in percentages
|rule|Endless Battle Clause: Forcing endless battles is banned
|rule|Species Clause: Limit one of each Pokémon
|rule|OHKO Clause: OHKO moves are banned
|rule|Evasion Items Clause: Evasion items are banned
|rule|Evasion Moves Clause: Evasion moves are banned
|rule|Evasion Abilities Clause: Evasion abilities are banned
|rule|Sleep Moves Clause: Sleep-inducing moves are banned
|clearpoke
|poke|p1|Zoroark-Hisui, F|
|poke|p1|Rotom|
|poke|p1|Ceruledge, M|
|poke|p1|Registeel|
|poke|p1|Decidueye-Hisui, M|
|poke|p1|Ditto|
|poke|p2|Scyther, M|
|poke|p2|Morpeko, M|
|poke|p2|Mudsdale, F|
|poke|p2|Moltres|
|poke|p2|Clefable, F|
|poke|p2|Gurdurr, M|
|teampreview
|inactive|Battle timer is ON: inactive players will automatically lose when time's up. (requested by Burrito Barbarian)
|
|t:|1760762389
|teamsize|p1|6
|teamsize|p2|6
|start
|switch|p1a: MY GOAT|Ceruledge, M|100/100
|switch|p2a: Morpeko|Morpeko, M, shiny|100/100
|turn|1
|
|t:|1760762396
|move|p1a: MY GOAT|Agility|p1a: MY GOAT
|-boost|p1a: MY GOAT|spe|2
|-enditem|p2a: Morpeko|Mirror Herb
|-boost|p2a: Morpeko|spe|2|[from] item: Mirror Herb
|move|p2a: Morpeko|Swagger|p1a: MY GOAT
|-boost|p1a: MY GOAT|atk|2
|-start|p1a: MY GOAT|confusion
|
|-formechange|p2a: Morpeko|Morpeko-Hangry||[from] ability: Hunger Switch
|upkeep
|turn|2
|
|t:|1760762409
|-activate|p1a: MY GOAT|confusion
|move|p1a: MY GOAT|Extrasensory|p2a: Morpeko
|-immune|p2a: Morpeko
|move|p2a: Morpeko|Aura Wheel|p1a: MY GOAT
|-supereffective|p1a: MY GOAT
|-crit|p1a: MY GOAT
|-damage|p1a: MY GOAT|0 fnt
|-boost|p2a: Morpeko|spe|1
|replace|p1a: Lil uzi vert|Zoroark-Hisui, F, shiny
|-end|p1a: Lil uzi vert|Illusion
|faint|p1a: Lil uzi vert
|
|-formechange|p2a: Morpeko|Morpeko||[from] ability: Hunger Switch
|upkeep
|
|t:|1760762422
|switch|p1a: Ditty|Ditto|100/100
|-transform|p1a: Ditty|p2a: Morpeko|[from] ability: Imposter
|turn|3
|
|t:|1760762430
|switch|p2a: Mudsdale|Mudsdale, F, shiny|100/100
|move|p1a: Ditty|Aura Wheel|p2a: Mudsdale
|-immune|p2a: Mudsdale
|
|upkeep
|turn|4
|
|t:|1760762438
|move|p1a: Ditty|Seed Bomb|p2a: Mudsdale
|-supereffective|p2a: Mudsdale
|-damage|p2a: Mudsdale|70/100
|-ability|p2a: Mudsdale|Stamina|boost
|-boost|p2a: Mudsdale|def|1
|move|p2a: Mudsdale|Earthquake|p1a: Ditty
|-supereffective|p1a: Ditty
|-damage|p1a: Ditty|0 fnt
|faint|p1a: Ditty
|
|upkeep
|
|t:|1760762453
|switch|p1a: Ollie|Rotom|100/100
|turn|5
|
|t:|1760762463
|move|p1a: Ollie|Dark Pulse|p2a: Mudsdale
|-damage|p2a: Mudsdale|57/100
|-ability|p2a: Mudsdale|Stamina|boost
|-boost|p2a: Mudsdale|def|1
|move|p2a: Mudsdale|Earthquake|p1a: Ollie
|-immune|p1a: Ollie|[from] ability: Levitate
|
|upkeep
|turn|6
|
|t:|1760762484
|move|p1a: Ollie|Trick|p2a: Mudsdale
|-activate|p1a: Ollie|move: Trick|[of] p2a: Mudsdale
|-item|p2a: Mudsdale|Focus Sash|[from] move: Trick
|-item|p1a: Ollie|Assault Vest|[from] move: Trick
|move|p2a: Mudsdale|Body Press|p1a: Ollie
|-immune|p1a: Ollie
|
|upkeep
|turn|7
|
|t:|1760762492
|move|p1a: Ollie|Dark Pulse|p2a: Mudsdale
|-damage|p2a: Mudsdale|39/100
|-ability|p2a: Mudsdale|Stamina|boost
|-boost|p2a: Mudsdale|def|1
|move|p2a: Mudsdale|Heavy Slam|p1a: Ollie
|-resisted|p1a: Ollie
|-damage|p1a: Ollie|70/100
|
|upkeep
|turn|8
|
|t:|1760762499
|move|p1a: Ollie|Dark Pulse|p2a: Mudsdale
|-damage|p2a: Mudsdale|19/100
|-ability|p2a: Mudsdale|Stamina|boost
|-boost|p2a: Mudsdale|def|1
|move|p2a: Mudsdale|Facade|p1a: Ollie
|-immune|p1a: Ollie
|
|upkeep
|turn|9
|
|t:|1760762507
|move|p1a: Ollie|Dark Pulse|p2a: Mudsdale
|-damage|p2a: Mudsdale|0 fnt
|faint|p2a: Mudsdale
|
|upkeep
|
|t:|1760762514
|switch|p2a: Morpeko|Morpeko, M, shiny|100/100
|turn|10
|
|t:|1760762519
|move|p2a: Morpeko|Protect|p2a: Morpeko
|-singleturn|p2a: Morpeko|Protect
|move|p1a: Ollie|Volt Switch|p2a: Morpeko
|-activate|p2a: Morpeko|move: Protect
|
|-formechange|p2a: Morpeko|Morpeko-Hangry||[from] ability: Hunger Switch
|upkeep
|turn|11
|
|t:|1760762527
|move|p1a: Ollie|Volt Switch|p2a: Morpeko
|-resisted|p2a: Morpeko
|-damage|p2a: Morpeko|69/100
|
|t:|1760762531
|switch|p1a: Noway|Registeel|100/100|[from] Volt Switch
|move|p2a: Morpeko|Aura Wheel|p1a: Noway
|-damage|p1a: Noway|68/100
|-boost|p2a: Morpeko|spe|1
|
|-heal|p1a: Noway|74/100|[from] item: Leftovers
|-formechange|p2a: Morpeko|Morpeko||[from] ability: Hunger Switch
|upkeep
|turn|12
|
|t:|1760762541
|move|p2a: Morpeko|Protect|p2a: Morpeko
|-singleturn|p2a: Morpeko|Protect
|move|p1a: Noway|Iron Defense|p1a: Noway
|-boost|p1a: Noway|def|2
|
|-heal|p1a: Noway|80/100|[from] item: Leftovers
|-formechange|p2a: Morpeko|Morpeko-Hangry||[from] ability: Hunger Switch
|upkeep
|turn|13
|
|t:|1760762548
|move|p2a: Morpeko|Aura Wheel|p1a: Noway
|-damage|p1a: Noway|65/100
|-boost|p2a: Morpeko|spe|1
|move|p1a: Noway|Iron Defense|p1a: Noway
|-boost|p1a: Noway|def|2
|
|-heal|p1a: Noway|71/100|[from] item: Leftovers
|-formechange|p2a: Morpeko|Morpeko||[from] ability: Hunger Switch
|upkeep
|turn|14
|
|t:|1760762558
|switch|p2a: Moltres|Moltres, shiny|100/100
|move|p1a: Noway|Iron Defense|p1a: Noway
|-boost|p1a: Noway|def|2
|
|-heal|p1a: Noway|77/100|[from] item: Leftovers
|upkeep
|turn|15
|
|t:|1760762568
|-terastallize|p2a: Moltres|Fire
|move|p2a: Moltres|Flamethrower|p1a: Noway
|-supereffective|p1a: Noway
|-damage|p1a: Noway|25/100
|move|p1a: Noway|Iron Defense|p1a: Noway
|-boost|p1a: Noway|def|0
|
|-heal|p1a: Noway|31/100|[from] item: Leftovers
|upkeep
|turn|16
|
|t:|1760762581
|switch|p1a: MY GOAT|Ceruledge, M|100/100
|move|p2a: Moltres|Flamethrower|p1a: MY GOAT
|-resisted|p1a: MY GOAT
|-damage|p1a: MY GOAT|69/100
|
|upkeep
|turn|17
|
|t:|1760762589
|move|p1a: MY GOAT|Shadow Sneak|p2a: Moltres
|-damage|p2a: Moltres|84/100
|move|p2a: Moltres|U-turn|p1a: MY GOAT
|-resisted|p1a: MY GOAT
|-damage|p1a: MY GOAT|64/100
|-ability|p1a: MY GOAT|Weak Armor|boost
|-unboost|p1a: MY GOAT|def|1
|-boost|p1a: MY GOAT|spe|2
|
|t:|1760762593
|switch|p2a: Morpeko|Morpeko, M, shiny|69/100|[from] U-turn
|
|-formechange|p2a: Morpeko|Morpeko-Hangry||[from] ability: Hunger Switch
|upkeep
|turn|18
|
|t:|1760762600
|move|p1a: MY GOAT|Bitter Blade|p2a: Morpeko
|-damage|p2a: Morpeko|0 fnt
|-heal|p1a: MY GOAT|94/100|[from] drain|[of] p2a: Morpeko
|faint|p2a: Morpeko
|
|upkeep
|
|t:|1760762606
|switch|p2a: Gurdurr|Gurdurr, M, shiny|100/100
|turn|19
|
|t:|1760762616
|move|p1a: MY GOAT|Close Combat|p2a: Gurdurr
|-damage|p2a: Gurdurr|74/100
|-unboost|p1a: MY GOAT|def|1
|-unboost|p1a: MY GOAT|spd|1
|move|p2a: Gurdurr|Bulk Up|p2a: Gurdurr
|-boost|p2a: Gurdurr|atk|1
|-boost|p2a: Gurdurr|def|1
|
|upkeep
|turn|20
|
|t:|1760762623
|move|p1a: MY GOAT|Bitter Blade|p2a: Gurdurr
|-damage|p2a: Gurdurr|54/100
|-heal|p1a: MY GOAT|100/100|[from] drain|[of] p2a: Gurdurr
|move|p2a: Gurdurr|Knock Off|p1a: MY GOAT
|-supereffective|p1a: MY GOAT
|-enditem|p1a: MY GOAT|Focus Sash
|-damage|p1a: MY GOAT|1/100
|-ability|p1a: MY GOAT|Weak Armor|boost
|-unboost|p1a: MY GOAT|def|1
|-boost|p1a: MY GOAT|spe|2
|
|upkeep
|turn|21
|
|t:|1760762637
|switch|p1a: HIM|Decidueye-Hisui, M, shiny|100/100
|move|p2a: Gurdurr|Knock Off|p1a: HIM
|-resisted|p1a: HIM
|-damage|p1a: HIM|80/100
|-enditem|p1a: HIM|Lum Berry|[from] move: Knock Off|[of] p2a: Gurdurr
|
|upkeep
|turn|22
|
|t:|1760762647
|move|p1a: HIM|Leaf Blade|p2a: Gurdurr
|-damage|p2a: Gurdurr|31/100
|move|p2a: Gurdurr|Drain Punch|p1a: HIM
|-crit|p1a: HIM
|-damage|p1a: HIM|20/100
|-heal|p2a: Gurdurr|62/100|[from] drain|[of] p1a: HIM
|
|upkeep
|turn|23
|
|t:|1760762657
|move|p1a: HIM|Knock Off|p2a: Gurdurr
|-resisted|p2a: Gurdurr
|-damage|p2a: Gurdurr|54/100
|-enditem|p2a: Gurdurr|Eviolite|[from] move: Knock Off|[of] p1a: HIM
|move|p2a: Gurdurr|Drain Punch|p1a: HIM
|-damage|p1a: HIM|0 fnt
|-heal|p2a: Gurdurr|64/100|[from] drain|[of] p1a: HIM
|faint|p1a: HIM
|
|upkeep
|
|t:|1760762665
|switch|p1a: Noway|Registeel|31/100
|turn|24
|
|t:|1760762692
|move|p1a: Noway|Rest|p1a: Noway
|-status|p1a: Noway|slp|[from] move: Rest
|-heal|p1a: Noway|100/100 slp|[silent]
|move|p2a: Gurdurr|Drain Punch|p1a: Noway
|-supereffective|p1a: Noway
|-damage|p1a: Noway|48/100 slp
|-heal|p2a: Gurdurr|90/100|[from] drain|[of] p1a: Noway
|
|-heal|p1a: Noway|54/100 slp|[from] item: Leftovers
|upkeep
|turn|25
|
|t:|1760762714
|-terastallize|p1a: Noway|Flying
|cant|p1a: Noway|slp
|move|p2a: Gurdurr|Bulk Up|p2a: Gurdurr
|-boost|p2a: Gurdurr|atk|1
|-boost|p2a: Gurdurr|def|1
|
|-heal|p1a: Noway|60/100 slp|[from] item: Leftovers
|upkeep
|turn|26
|
|t:|1760762722
|cant|p1a: Noway|slp
|move|p2a: Gurdurr|Knock Off|p1a: Noway
|-damage|p1a: Noway|29/100 slp
|-enditem|p1a: Noway|Leftovers|[from] move: Knock Off|[of] p2a: Gurdurr
|
|upkeep
|turn|27
|
|t:|1760762729
|-curestatus|p1a: Noway|slp|[msg]
|move|p1a: Noway|Body Press|p2a: Gurdurr
|-damage|p2a: Gurdurr|76/100
|move|p2a: Gurdurr|Drain Punch|p1a: Noway
|-resisted|p1a: Noway
|-damage|p1a: Noway|12/100
|-heal|p2a: Gurdurr|84/100|[from] drain|[of] p1a: Noway
|
|upkeep
|turn|28
|
|t:|1760762748
|move|p1a: Noway|Rest|p1a: Noway
|-status|p1a: Noway|slp|[from] move: Rest
|-heal|p1a: Noway|100/100 slp|[silent]
|move|p2a: Gurdurr|Drain Punch|p1a: Noway
|-resisted|p1a: Noway
|-damage|p1a: Noway|83/100 slp
|-heal|p2a: Gurdurr|93/100|[from] drain|[of] p1a: Noway
|
|upkeep
|turn|29
|
|t:|1760762770
|switch|p1a: MY GOAT|Ceruledge, M|1/100
|move|p2a: Gurdurr|Knock Off|p1a: MY GOAT
|-supereffective|p1a: MY GOAT
|-damage|p1a: MY GOAT|0 fnt
|faint|p1a: MY GOAT
|
|upkeep
|
|t:|1760762777
|switch|p1a: Ollie|Rotom|70/100
|turn|30
|
|t:|1760762783
|move|p1a: Ollie|Volt Switch|p2a: Gurdurr
|-damage|p2a: Gurdurr|64/100
|
|t:|1760762786
|switch|p1a: Noway|Registeel, tera:Flying|83/100 slp|[from] Volt Switch
|move|p2a: Gurdurr|Knock Off|p1a: Noway
|-damage|p1a: Noway|61/100 slp
|
|upkeep
|turn|31
|
|t:|1760762793
|cant|p1a: Noway|slp
|move|p2a: Gurdurr|Drain Punch|p1a: Noway
|-resisted|p1a: Noway
|-crit|p1a: Noway
|-damage|p1a: Noway|33/100 slp
|-heal|p2a: Gurdurr|78/100|[from] drain|[of] p1a: Noway
|
|upkeep
|turn|32
|c|☆Burrito Barbarian|gg
|inactive|Burrito Barbarian has 120 seconds left.
|c|☆ICEANDTEAs|gg
|inactive|Burrito Barbarian has 90 seconds left.
|
|t:|1760762880
|cant|p1a: Noway|slp
|move|p2a: Gurdurr|Drain Punch|p1a: Noway
|-resisted|p1a: Noway
|-damage|p1a: Noway|15/100 slp
|-heal|p2a: Gurdurr|87/100|[from] drain|[of] p1a: Noway
|
|upkeep
|turn|33
|inactive|Burrito Barbarian has 60 seconds left.
|inactive|ICEANDTEAs has 120 seconds left.
|
|t:|1760762926
|-curestatus|p1a: Noway|slp|[msg]
|move|p1a: Noway|Rest|p1a: Noway
|-status|p1a: Noway|slp|[from] move: Rest
|-heal|p1a: Noway|100/100 slp|[silent]
|move|p2a: Gurdurr|Knock Off|p1a: Noway
|-damage|p1a: Noway|80/100 slp
|
|upkeep
|turn|34
|
|t:|1760762948
|switch|p1a: Ollie|Rotom|70/100
|move|p2a: Gurdurr|Bulk Up|p2a: Gurdurr
|-boost|p2a: Gurdurr|atk|1
|-boost|p2a: Gurdurr|def|1
|
|upkeep
|turn|35
|
|t:|1760762956
|move|p1a: Ollie|Dark Pulse|p2a: Gurdurr
|-resisted|p2a: Gurdurr
|-damage|p2a: Gurdurr|76/100
|move|p2a: Gurdurr|Bulk Up|p2a: Gurdurr
|-boost|p2a: Gurdurr|atk|1
|-boost|p2a: Gurdurr|def|1
|
|upkeep
|turn|36
|
|t:|1760762969
|move|p1a: Ollie|Dark Pulse|p2a: Gurdurr
|-resisted|p2a: Gurdurr
|-damage|p2a: Gurdurr|66/100
|move|p2a: Gurdurr|Bulk Up|p2a: Gurdurr
|-boost|p2a: Gurdurr|atk|1
|-boost|p2a: Gurdurr|def|1
|
|upkeep
|turn|37
|
|t:|1760762975
|move|p1a: Ollie|Volt Switch|p2a: Gurdurr
|-damage|p2a: Gurdurr|37/100
|
|t:|1760762978
|switch|p1a: Noway|Registeel, tera:Flying|80/100 slp|[from] Volt Switch
|move|p2a: Gurdurr|Knock Off|p1a: Noway
|-damage|p1a: Noway|42/100 slp
|
|upkeep
|turn|38
|
|t:|1760762986
|switch|p1a: Ollie|Rotom|70/100
|move|p2a: Gurdurr|Drain Punch|p1a: Ollie
|-immune|p1a: Ollie
|
|upkeep
|turn|39
|
|t:|1760762991
|move|p1a: Ollie|Volt Switch|p2a: Gurdurr
|-damage|p2a: Gurdurr|7/100
|
|t:|1760762994
|switch|p1a: Noway|Registeel, tera:Flying|42/100 slp|[from] Volt Switch
|move|p2a: Gurdurr|Knock Off|p1a: Noway
|-damage|p1a: Noway|7/100 slp
|
|upkeep
|turn|40
|
|t:|1760763001
|switch|p1a: Ollie|Rotom|70/100
|move|p2a: Gurdurr|Knock Off|p1a: Ollie
|-supereffective|p1a: Ollie
|-damage|p1a: Ollie|0 fnt
|-enditem|p1a: Ollie|Assault Vest|[from] move: Knock Off|[of] p2a: Gurdurr
|faint|p1a: Ollie
|
|upkeep
|c|☆Burrito Barbarian|gg
|
|t:|1760763008
|switch|p1a: Noway|Registeel, tera:Flying|7/100 slp
|turn|41
|
|t:|1760763014
|cant|p1a: Noway|slp
|move|p2a: Gurdurr|Drain Punch|p1a: Noway
|-resisted|p1a: Noway
|-damage|p1a: Noway|0 fnt
|-heal|p2a: Gurdurr|10/100|[from] drain|[of] p1a: Noway
|faint|p1a: Noway
|
|win|Burrito Barbarian
|raw|ICEANDTEAs's rating: 1054 &rarr; <strong>1038</strong><br />(-16 for losing)
|raw|Burrito Barbarian's rating: 1086 &rarr; <strong>1111</strong><br />(+25 for winning)
|l|☆Burrito Barbarian
|player|p2|
|c|☆ICEANDTEAs|die
|c|☆ICEANDTEAs|loser
|l|☆ICEANDTEAs
|player|p1|
