|j|☆axcen
|j|☆FeeDWeeB
|t:|1760804916
|gametype|singles
|player|p1|axcen|palmer|1318
|player|p2|FeeDWeeB|102|1377
|gen|9
|tier|[Gen 9] OU
|rated|
|rule|HP Percentage Mod: HP is shown in percentages
|rule|Endless Battle Clause: Forcing endless battles is banned
|rule|Species Clause: Limit one of each Pokémon
|rule|OHKO Clause: OHKO moves are banned
|rule|Evasion Items Clause: Evasion items are banned
|rule|Evasion Moves Clause: Evasion moves are banned
|rule|Evasion Abilities Clause: Evasion abilities are banned
|rule|Sleep Moves Clause: Sleep-inducing moves are banned
|clearpoke
|poke|p1|Arbok, M|
|poke|p1|Keldeo|
|poke|p1|Electrode-Hisui|
|poke|p1|Bombirdier, F|
|poke|p1|Lokix, F|
|poke|p1|Corviknight, F|
|poke|p2|Dragapult, F|
|poke|p2|Landorus-Therian, M|
|poke|p2|Heatran, F|
|poke|p2|Raikou|
|poke|p2|Greninja-*, M|
|poke|p2|Zamazenta-*|
|teampreview
|inactive|Battle timer is ON: inactive players will automatically lose when time's up. (requested by FeeDWeeB)
|
|t:|1760804926
|teamsize|p1|6
|teamsize|p2|6
|start
|switch|p1a: Arbok|Arbok, M|100/100
|switch|p2a: Landorus|Landorus-Therian, M|100/100
|-ability|p2a: Landorus|Intimidate|boost
|-unboost|p1a: Arbok|atk|1
|turn|1
|
|t:|1760804934
|move|p2a: Landorus|Stealth Rock|p1a: Arbok
|-sidestart|p1: axcen|move: Stealth Rock
|move|p1a: Arbok|Coil|p1a: Arbok
|-boost|p1a: Arbok|atk|1
|-boost|p1a: Arbok|def|1
|-boost|p1a: Arbok|accuracy|1
|
|upkeep
|turn|2
|
|t:|1760804941
|switch|p2a: Heatran|Heatran, F|100/100
|-terastallize|p1a: Arbok|Flying
|move|p1a: Arbok|Coil|p1a: Arbok
|-boost|p1a: Arbok|atk|1
|-boost|p1a: Arbok|def|1
|-boost|p1a: Arbok|accuracy|1
|
|upkeep
|turn|3
|
|t:|1760804948
|move|p1a: Arbok|Coil|p1a: Arbok
|-boost|p1a: Arbok|atk|1
|-boost|p1a: Arbok|def|1
|-boost|p1a: Arbok|accuracy|1
|move|p2a: Heatran|Flamethrower|p1a: Arbok
|-damage|p1a: Arbok|41/100
|
|upkeep
|turn|4
|
|t:|1760804953
|move|p1a: Arbok|Earthquake|p2a: Heatran
|-supereffective|p2a: Heatran
|-crit|p2a: Heatran
|-damage|p2a: Heatran|0 fnt
|faint|p2a: Heatran
|
|upkeep
|
|t:|1760804956
|switch|p2a: Greninja|Greninja, M|100/100
|turn|5
|
|t:|1760804962
|move|p2a: Greninja|Ice Beam|p1a: Arbok
|-supereffective|p1a: Arbok
|-damage|p1a: Arbok|0 fnt
|faint|p1a: Arbok
|-ability|p2a: Greninja|Battle Bond|boost
|-boost|p2a: Greninja|atk|1
|-boost|p2a: Greninja|spa|1
|-boost|p2a: Greninja|spe|1
|-activate|p2a: Greninja|ability: Battle Bond
|-damage|p2a: Greninja|91/100|[from] item: Life Orb
|
|upkeep
|
|t:|1760804967
|switch|p1a: Lokix|Lokix, F|100/100
|-damage|p1a: Lokix|75/100|[from] Stealth Rock
|turn|6
|
|t:|1760804976
|-terastallize|p2a: Greninja|Poison
|move|p1a: Lokix|First Impression|p2a: Greninja
|-resisted|p2a: Greninja
|-damage|p2a: Greninja|0 fnt
|faint|p2a: Greninja
|-damage|p1a: Lokix|66/100|[from] item: Life Orb
|
|upkeep
|c|☆FeeDWeeB|that oneshots?
|c|☆FeeDWeeB|christ
|
|t:|1760804998
|switch|p2a: Zamazenta|Zamazenta|100/100
|-ability|p2a: Zamazenta|Dauntless Shield|boost
|-boost|p2a: Zamazenta|def|1
|turn|7
|
|t:|1760805003
|move|p2a: Zamazenta|Iron Defense|p2a: Zamazenta
|-boost|p2a: Zamazenta|def|2
|move|p1a: Lokix|U-turn|p2a: Zamazenta
|-resisted|p2a: Zamazenta
|-damage|p2a: Zamazenta|88/100
|-damage|p1a: Lokix|56/100|[from] item: Life Orb
|
|t:|1760805012
|switch|p1a: Electrode|Electrode-Hisui|100/100|[from] U-turn
|
|upkeep
|turn|8
|
|t:|1760805017
|move|p1a: Electrode|Thunderbolt|p2a: Zamazenta
|-damage|p2a: Zamazenta|64/100
|move|p2a: Zamazenta|Body Press|p1a: Electrode
|-damage|p1a: Electrode|0 fnt
|-damage|p2a: Zamazenta|39/100|[from] ability: Aftermath|[of] p1a: Electrode
|faint|p1a: Electrode
|
|upkeep
|
|t:|1760805023
|switch|p1a: Bombirdier|Bombirdier, F|100/100
|-damage|p1a: Bombirdier|76/100|[from] Stealth Rock
|turn|9
|
|t:|1760805027
|move|p2a: Zamazenta|Rest|p2a: Zamazenta
|-status|p2a: Zamazenta|slp|[from] move: Rest
|-heal|p2a: Zamazenta|100/100 slp|[silent]
|-enditem|p2a: Zamazenta|Chesto Berry|[eat]
|-curestatus|p2a: Zamazenta|slp|[msg]
|move|p1a: Bombirdier|Stealth Rock|p2a: Zamazenta
|-sidestart|p2: FeeDWeeB|move: Stealth Rock
|
|upkeep
|turn|10
|-message|axcen forfeited.
|
|win|FeeDWeeB
|raw|axcen's rating: 1318 &rarr; <strong>1301</strong><br />(-17 for losing)
|raw|FeeDWeeB's rating: 1377 &rarr; <strong>1394</strong><br />(+17 for winning)
|l|☆axcen
|player|p1|
|l|☆FeeDWeeB
|player|p2|
