|j|☆Log God Neo✈️_✈️
|j|☆highbrownsugar97
|t:|1760847556
|gametype|singles
|player|p1|Log God Neo✈️_✈️|medium|1419
|player|p2|highbrownsugar97|silver|1365
|gen|9
|tier|[Gen 9] OU
|rated|
|rule|HP Percentage Mod: HP is shown in percentages
|rule|Endless Battle Clause: Forcing endless battles is banned
|rule|Species Clause: Limit one of each Pokémon
|rule|OHKO Clause: OHKO moves are banned
|rule|Evasion Items Clause: Evasion items are banned
|rule|Evasion Moves Clause: Evasion moves are banned
|rule|Evasion Abilities Clause: Evasion abilities are banned
|rule|Sleep Moves Clause: Sleep-inducing moves are banned
|clearpoke
|poke|p1|Tyranitar, F|
|poke|p1|Kyurem|
|poke|p1|Staraptor, F|
|poke|p1|Garchomp, M|
|poke|p1|Torkoal, M|
|poke|p1|Dragonite, M|
|poke|p2|Cinderace, M|
|poke|p2|Walking Wake|
|poke|p2|Ninetales, M|
|poke|p2|Great Tusk|
|poke|p2|Cresselia, F|
|poke|p2|Dragonite, M|
|teampreview
|inactive|Battle timer is ON: inactive players will automatically lose when time's up. (requested by Log God Neo✈️_✈️)
|
|t:|1760847563
|teamsize|p1|6
|teamsize|p2|6
|start
|switch|p1a: VODECi III|Kyurem, shiny|100/100
|switch|p2a: Walking Wake|Walking Wake|100/100
|-ability|p1a: VODECi III|Pressure
|turn|1
|
|t:|1760847583
|-end|p2a: Walking Wake|Protosynthesis|[silent]
|switch|p2a: Cresselia|Cresselia, F|100/100
|move|p1a: VODECi III|Draco Meteor|p2a: Cresselia
|-damage|p2a: Cresselia|38/100
|-unboost|p1a: VODECi III|spa|2
|-enditem|p2a: Cresselia|Eject Button
|
|t:|1760847592
|switch|p2a: Walking Wake|Walking Wake|100/100
|
|upkeep
|turn|2
|
|t:|1760847599
|switch|p1a: DA LAST REX(3005)|Tyranitar, F, shiny|100/100
|-weather|Sandstorm|[from] ability: Sand Stream|[of] p1a: DA LAST REX(3005)
|move|p2a: Walking Wake|Draco Meteor|p1a: DA LAST REX(3005)|[miss]
|-miss|p2a: Walking Wake|p1a: DA LAST REX(3005)
|
|-weather|Sandstorm|[upkeep]
|-damage|p2a: Walking Wake|94/100|[from] Sandstorm
|upkeep
|turn|3
|
|t:|1760847606
|-end|p2a: Walking Wake|Protosynthesis|[silent]
|switch|p2a: Ninetales|Ninetales, M|100/100
|-weather|SunnyDay|[from] ability: Drought|[of] p2a: Ninetales
|move|p1a: DA LAST REX(3005)|Knock Off|p2a: Ninetales
|-damage|p2a: Ninetales|37/100
|-enditem|p2a: Ninetales|Heat Rock|[from] move: Knock Off|[of] p1a: DA LAST REX(3005)
|
|-weather|SunnyDay|[upkeep]
|upkeep
|turn|4
|
|t:|1760847615
|switch|p2a: Great Tusk|Great Tusk|100/100
|-activate|p2a: Great Tusk|ability: Protosynthesis
|-start|p2a: Great Tusk|protosynthesisspe
|move|p1a: DA LAST REX(3005)|Earthquake|p2a: Great Tusk
|-damage|p2a: Great Tusk|84/100
|
|-weather|SunnyDay|[upkeep]
|upkeep
|turn|5
|
|t:|1760847628
|-end|p2a: Great Tusk|Protosynthesis|[silent]
|switch|p2a: Walking Wake|Walking Wake|94/100
|-activate|p2a: Walking Wake|ability: Protosynthesis
|-start|p2a: Walking Wake|protosynthesisspa
|switch|p1a: BIRD JESUS|Staraptor, F|100/100
|
|-weather|SunnyDay|[upkeep]
|upkeep
|turn|6
|
|t:|1760847641
|switch|p1a: DA LAST REX(3005)|Tyranitar, F, shiny|100/100
|-weather|Sandstorm|[from] ability: Sand Stream|[of] p1a: DA LAST REX(3005)
|-end|p2a: Walking Wake|Protosynthesis
|move|p2a: Walking Wake|Draco Meteor|p1a: DA LAST REX(3005)
|-damage|p1a: DA LAST REX(3005)|74/100
|-unboost|p2a: Walking Wake|spa|2
|
|-weather|Sandstorm|[upkeep]
|-damage|p2a: Walking Wake|88/100|[from] Sandstorm
|upkeep
|turn|7
|
|t:|1760847649
|-end|p2a: Walking Wake|Protosynthesis|[silent]
|switch|p2a: Great Tusk|Great Tusk|84/100
|move|p1a: DA LAST REX(3005)|Knock Off|p2a: Great Tusk
|-resisted|p2a: Great Tusk
|-damage|p2a: Great Tusk|70/100
|-enditem|p2a: Great Tusk|Eject Pack|[from] move: Knock Off|[of] p1a: DA LAST REX(3005)
|
|-weather|Sandstorm|[upkeep]
|upkeep
|turn|8
|
|t:|1760847657
|-end|p2a: Great Tusk|Protosynthesis|[silent]
|switch|p2a: Walking Wake|Walking Wake|88/100
|switch|p1a: BIRD JESUS|Staraptor, F|100/100
|
|-weather|Sandstorm|[upkeep]
|-damage|p2a: Walking Wake|82/100|[from] Sandstorm
|-damage|p1a: BIRD JESUS|94/100|[from] Sandstorm
|upkeep
|turn|9
|
|t:|1760847664
|-end|p2a: Walking Wake|Protosynthesis|[silent]
|switch|p2a: Great Tusk|Great Tusk|70/100
|switch|p1a: DA LAST REX(3005)|Tyranitar, F, shiny|74/100
|
|-weather|Sandstorm|[upkeep]
|upkeep
|turn|10
|
|t:|1760847669
|switch|p1a: BIRD JESUS|Staraptor, F|94/100
|move|p2a: Great Tusk|Close Combat|p1a: BIRD JESUS
|-damage|p1a: BIRD JESUS|21/100
|-unboost|p2a: Great Tusk|def|1
|-unboost|p2a: Great Tusk|spd|1
|
|-weather|none
|upkeep
|turn|11
|
|t:|1760847675
|-end|p2a: Great Tusk|Protosynthesis|[silent]
|switch|p2a: Cresselia|Cresselia, F|38/100
|move|p1a: BIRD JESUS|Brave Bird|p2a: Cresselia
|-damage|p2a: Cresselia|0 fnt
|faint|p2a: Cresselia
|-damage|p1a: BIRD JESUS|5/100|[from] Recoil
|
|upkeep
|
|t:|1760847680
|switch|p2a: Cinderace|Cinderace, M|100/100
|turn|12
|
|t:|1760847682
|switch|p1a: I HAVE NO ENEMIES|Garchomp, M|100/100
|move|p2a: Cinderace|U-turn|p1a: I HAVE NO ENEMIES
|-start|p2a: Cinderace|typechange|Bug|[from] ability: Libero
|-damage|p1a: I HAVE NO ENEMIES|79/100
|-damage|p2a: Cinderace|88/100|[from] ability: Rough Skin|[of] p1a: I HAVE NO ENEMIES
|-damage|p2a: Cinderace|72/100|[from] item: Rocky Helmet|[of] p1a: I HAVE NO ENEMIES
|
|t:|1760847687
|switch|p2a: Walking Wake|Walking Wake|82/100|[from] U-turn
|
|upkeep
|turn|13
|
|t:|1760847691
|-end|p2a: Walking Wake|Protosynthesis|[silent]
|switch|p2a: Great Tusk|Great Tusk|70/100
|switch|p1a: DA LAST REX(3005)|Tyranitar, F, shiny|74/100
|-weather|Sandstorm|[from] ability: Sand Stream|[of] p1a: DA LAST REX(3005)
|
|-weather|Sandstorm|[upkeep]
|upkeep
|turn|14
|
|t:|1760847698
|switch|p1a: BIRD JESUS|Staraptor, F|5/100
|move|p2a: Great Tusk|Close Combat|p1a: BIRD JESUS
|-damage|p1a: BIRD JESUS|0 fnt
|-unboost|p2a: Great Tusk|def|1
|-unboost|p2a: Great Tusk|spd|1
|faint|p1a: BIRD JESUS
|
|-weather|Sandstorm|[upkeep]
|upkeep
|
|t:|1760847703
|switch|p1a: I HAVE NO ENEMIES|Garchomp, M|79/100
|turn|15
|
|t:|1760847707
|-end|p2a: Great Tusk|Protosynthesis|[silent]
|switch|p2a: Ninetales|Ninetales, M|37/100
|-weather|SunnyDay|[from] ability: Drought|[of] p2a: Ninetales
|move|p1a: I HAVE NO ENEMIES|Breaking Swipe|p2a: Ninetales
|-damage|p2a: Ninetales|0 fnt
|faint|p2a: Ninetales
|
|-weather|SunnyDay|[upkeep]
|upkeep
|
|t:|1760847713
|switch|p2a: Walking Wake|Walking Wake|82/100
|-activate|p2a: Walking Wake|ability: Protosynthesis
|-start|p2a: Walking Wake|protosynthesisspa
|turn|16
|
|t:|1760847720
|-end|p2a: Walking Wake|Protosynthesis|[silent]
|switch|p2a: Great Tusk|Great Tusk|70/100
|-activate|p2a: Great Tusk|ability: Protosynthesis
|-start|p2a: Great Tusk|protosynthesisspe
|switch|p1a: DA LAST REX(3005)|Tyranitar, F, shiny|74/100
|-weather|Sandstorm|[from] ability: Sand Stream|[of] p1a: DA LAST REX(3005)
|-end|p2a: Great Tusk|Protosynthesis
|
|-weather|Sandstorm|[upkeep]
|upkeep
|turn|17
|
|t:|1760847732
|move|p2a: Great Tusk|Close Combat|p1a: DA LAST REX(3005)
|-supereffective|p1a: DA LAST REX(3005)
|-damage|p1a: DA LAST REX(3005)|0 fnt
|-unboost|p2a: Great Tusk|def|1
|-unboost|p2a: Great Tusk|spd|1
|faint|p1a: DA LAST REX(3005)
|
|-weather|Sandstorm|[upkeep]
|upkeep
|
|t:|1760847736
|switch|p1a: I HAVE NO ENEMIES|Garchomp, M|79/100
|turn|18
|
|t:|1760847741
|move|p2a: Great Tusk|Ice Spinner|p1a: I HAVE NO ENEMIES
|-supereffective|p1a: I HAVE NO ENEMIES
|-damage|p1a: I HAVE NO ENEMIES|25/100
|-damage|p2a: Great Tusk|57/100|[from] ability: Rough Skin|[of] p1a: I HAVE NO ENEMIES
|-damage|p2a: Great Tusk|41/100|[from] item: Rocky Helmet|[of] p1a: I HAVE NO ENEMIES
|move|p1a: I HAVE NO ENEMIES|Breaking Swipe|p2a: Great Tusk
|-damage|p2a: Great Tusk|18/100
|-unboost|p2a: Great Tusk|atk|1
|
|-weather|Sandstorm|[upkeep]
|upkeep
|turn|19
|
|t:|1760847752
|move|p2a: Great Tusk|Ice Spinner|p1a: I HAVE NO ENEMIES
|-supereffective|p1a: I HAVE NO ENEMIES
|-damage|p1a: I HAVE NO ENEMIES|0 fnt
|-damage|p2a: Great Tusk|6/100|[from] ability: Rough Skin|[of] p1a: I HAVE NO ENEMIES
|-damage|p2a: Great Tusk|0 fnt|[from] item: Rocky Helmet|[of] p1a: I HAVE NO ENEMIES
|faint|p1a: I HAVE NO ENEMIES
|faint|p2a: Great Tusk
|-end|p2a: Great Tusk|Protosynthesis|[silent]
|
|-weather|Sandstorm|[upkeep]
|upkeep
|
|t:|1760847757
|switch|p2a: Walking Wake|Walking Wake|82/100
|switch|p1a: VODECi III|Kyurem, shiny|100/100
|-ability|p1a: VODECi III|Pressure
|turn|20
|
|t:|1760847762
|move|p2a: Walking Wake|Draco Meteor|p1a: VODECi III
|-supereffective|p1a: VODECi III
|-damage|p1a: VODECi III|0 fnt
|-unboost|p2a: Walking Wake|spa|2
|faint|p1a: VODECi III
|
|-weather|none
|upkeep
|
|t:|1760847765
|switch|p1a: FAT CHARIZARD|Dragonite, M, shiny|100/100
|turn|21
|
|t:|1760847771
|-end|p2a: Walking Wake|Protosynthesis|[silent]
|switch|p2a: Dragonite|Dragonite, M|100/100
|-terastallize|p1a: FAT CHARIZARD|Fairy
|move|p1a: FAT CHARIZARD|Dragon Dance|p1a: FAT CHARIZARD
|-boost|p1a: FAT CHARIZARD|atk|1
|-boost|p1a: FAT CHARIZARD|spe|1
|
|upkeep
|turn|22
|
|t:|1760847779
|-terastallize|p2a: Dragonite|Fairy
|move|p1a: FAT CHARIZARD|Tera Blast|p2a: Dragonite|[anim] Tera Blast Fairy
|-damage|p2a: Dragonite|63/100
|move|p2a: Dragonite|Dragon Dance|p2a: Dragonite
|-boost|p2a: Dragonite|atk|1
|-boost|p2a: Dragonite|spe|1
|
|upkeep
|turn|23
|
|t:|1760847785
|move|p1a: FAT CHARIZARD|Tera Blast|p2a: Dragonite|[anim] Tera Blast Fairy
|-damage|p2a: Dragonite|0 fnt
|faint|p2a: Dragonite
|
|upkeep
|-message|highbrownsugar97 forfeited.
|
|win|Log God Neo✈️_✈️
|raw|Log God Neo✈️_✈️'s rating: 1419 &rarr; <strong>1436</strong><br />(+17 for winning)
|raw|highbrownsugar97's rating: 1365 &rarr; <strong>1348</strong><br />(-17 for losing)
|l|☆highbrownsugar97
|player|p2|
|l|☆Log God Neo✈️_✈️
|player|p1|
