|j|☆michaelgoalise
|j|☆qaqkiller
|t:|1760756566
|gametype|singles
|player|p1|michaelgoalise|2|1607
|player|p2|qaqkiller|maid|1544
|gen|9
|tier|[Gen 9] OU
|rated|
|rule|HP Percentage Mod: HP is shown in percentages
|rule|Endless Battle Clause: Forcing endless battles is banned
|rule|Species Clause: Limit one of each Pokémon
|rule|OHKO Clause: OHKO moves are banned
|rule|Evasion Items Clause: Evasion items are banned
|rule|Evasion Moves Clause: Evasion moves are banned
|rule|Evasion Abilities Clause: Evasion abilities are banned
|rule|Sleep Moves Clause: Sleep-inducing moves are banned
|clearpoke
|poke|p1|Tyranitar, M|
|poke|p1|Excadrill, M|
|poke|p1|Iron Valiant|
|poke|p1|Palossand, F|
|poke|p1|Corviknight, F|
|poke|p1|Ogerpon-Wellspring, F|
|poke|p2|Zamazenta-*|
|poke|p2|Iron Valiant|
|poke|p2|Sinistcha-Masterpiece|
|poke|p2|Gholdengo|
|poke|p2|Samurott-Hisui, M|
|poke|p2|Landorus-Therian, M|
|teampreview
|inactive|Battle timer is ON: inactive players will automatically lose when time's up. (requested by michaelgoalise)
|inactive|michaelgoalise has 120 seconds left.
|inactive|michaelgoalise has 90 seconds left.
|
|t:|1760756643
|teamsize|p1|6
|teamsize|p2|6
|start
|switch|p1a: Corviknight|Corviknight, F|100/100
|switch|p2a: Landorus|Landorus-Therian, M, shiny|100/100
|-ability|p2a: Landorus|Intimidate|boost
|-unboost|p1a: Corviknight|atk|1
|-ability|p1a: Corviknight|Pressure
|turn|1
|
|t:|1760756662
|move|p2a: Landorus|Stealth Rock|p1a: Corviknight
|-sidestart|p1: michaelgoalise|move: Stealth Rock
|move|p1a: Corviknight|U-turn|p2a: Landorus
|-resisted|p2a: Landorus
|-damage|p2a: Landorus|95/100
|-damage|p1a: Corviknight|84/100|[from] item: Rocky Helmet|[of] p2a: Landorus
|inactive|michaelgoalise has 120 seconds left.
|
|t:|1760756695
|switch|p1a: Ogerpon|Ogerpon-Wellspring, F|100/100|[from] U-turn
|-damage|p1a: Ogerpon|88/100|[from] Stealth Rock
|
|upkeep
|turn|2
|
|t:|1760756715
|switch|p1a: Tyranitar|Tyranitar, M|100/100
|-damage|p1a: Tyranitar|88/100|[from] Stealth Rock
|-weather|Sandstorm|[from] ability: Sand Stream|[of] p1a: Tyranitar
|switch|p2a: Sinistcha|Sinistcha-Masterpiece, shiny|100/100
|
|-weather|Sandstorm|[upkeep]
|-damage|p2a: Sinistcha|94/100|[from] Sandstorm
|-heal|p1a: Tyranitar|94/100|[from] item: Leftovers
|upkeep
|turn|3
|
|t:|1760756726
|switch|p2a: Zamazenta|Zamazenta, shiny|100/100
|-ability|p2a: Zamazenta|Dauntless Shield|boost
|-boost|p2a: Zamazenta|def|1
|move|p1a: Tyranitar|Knock Off|p2a: Zamazenta
|-resisted|p2a: Zamazenta
|-damage|p2a: Zamazenta|88/100
|-enditem|p2a: Zamazenta|Heavy-Duty Boots|[from] move: Knock Off|[of] p1a: Tyranitar
|
|-weather|Sandstorm|[upkeep]
|-damage|p2a: Zamazenta|82/100|[from] Sandstorm
|-heal|p1a: Tyranitar|100/100|[from] item: Leftovers
|upkeep
|turn|4
|
|t:|1760756746
|switch|p1a: Palossand|Palossand, F|100/100
|-damage|p1a: Palossand|94/100|[from] Stealth Rock
|move|p2a: Zamazenta|Crunch|p1a: Palossand
|-supereffective|p1a: Palossand
|-crit|p1a: Palossand
|-damage|p1a: Palossand|42/100
|-damage|p2a: Zamazenta|65/100|[from] item: Rocky Helmet|[of] p1a: Palossand
|
|-weather|Sandstorm|[upkeep]
|-damage|p2a: Zamazenta|59/100|[from] Sandstorm
|upkeep
|turn|5
|
|t:|1760756761
|switch|p2a: Samurott|Samurott-Hisui, M, shiny|100/100
|move|p1a: Palossand|Shore Up|p1a: Palossand
|-heal|p1a: Palossand|100/100
|
|-weather|Sandstorm|[upkeep]
|-damage|p2a: Samurott|94/100|[from] Sandstorm
|upkeep
|turn|6
|
|t:|1760756771
|switch|p1a: Corviknight|Corviknight, F|84/100
|-damage|p1a: Corviknight|71/100|[from] Stealth Rock
|-ability|p1a: Corviknight|Pressure
|move|p2a: Samurott|Knock Off|p1a: Corviknight
|-damage|p1a: Corviknight|45/100
|-enditem|p1a: Corviknight|Leftovers|[from] move: Knock Off|[of] p2a: Samurott
|
|-weather|none
|upkeep
|turn|7
|
|t:|1760756775
|switch|p2a: Gholdengo|Gholdengo, shiny|100/100
|-item|p2a: Gholdengo|Air Balloon
|move|p1a: Corviknight|Roost|p1a: Corviknight
|-heal|p1a: Corviknight|95/100
|-singleturn|p1a: Corviknight|move: Roost
|
|upkeep
|turn|8
|inactive|michaelgoalise has 120 seconds left.
|
|t:|1760756788
|switch|p1a: Tyranitar|Tyranitar, M|100/100
|-damage|p1a: Tyranitar|88/100|[from] Stealth Rock
|-weather|Sandstorm|[from] ability: Sand Stream|[of] p1a: Tyranitar
|move|p2a: Gholdengo|Nasty Plot|p2a: Gholdengo
|-boost|p2a: Gholdengo|spa|2
|
|-weather|Sandstorm|[upkeep]
|-heal|p1a: Tyranitar|94/100|[from] item: Leftovers
|upkeep
|turn|9
|inactive|michaelgoalise has 120 seconds left.
|inactive|michaelgoalise has 90 seconds left.
|inactive|michaelgoalise has 60 seconds left.
|
|t:|1760756866
|switch|p1a: Ogerpon|Ogerpon-Wellspring, F|88/100
|-damage|p1a: Ogerpon|76/100|[from] Stealth Rock
|-terastallize|p2a: Gholdengo|Fairy
|move|p2a: Gholdengo|Make It Rain|p1a: Ogerpon
|-resisted|p1a: Ogerpon
|-damage|p1a: Ogerpon|0 fnt
|-unboost|p2a: Gholdengo|spa|1
|faint|p1a: Ogerpon
|
|-weather|Sandstorm|[upkeep]
|-damage|p2a: Gholdengo|94/100|[from] Sandstorm
|upkeep
|
|t:|1760756873
|switch|p1a: Excadrill|Excadrill, M|100/100
|-damage|p1a: Excadrill|97/100|[from] Stealth Rock
|turn|10
|
|t:|1760756876
|switch|p2a: Landorus|Landorus-Therian, M, shiny|95/100
|-ability|p2a: Landorus|Intimidate|boost
|-unboost|p1a: Excadrill|atk|1
|move|p1a: Excadrill|Iron Head|p2a: Landorus
|-damage|p2a: Landorus|55/100
|-damage|p1a: Excadrill|81/100|[from] item: Rocky Helmet|[of] p2a: Landorus
|
|-weather|Sandstorm|[upkeep]
|upkeep
|turn|11
|inactive|michaelgoalise has 60 seconds left.
|
|t:|1760756889
|switch|p1a: Corviknight|Corviknight, F|95/100
|-damage|p1a: Corviknight|83/100|[from] Stealth Rock
|-ability|p1a: Corviknight|Pressure
|move|p2a: Landorus|U-turn|p1a: Corviknight
|-resisted|p1a: Corviknight
|-damage|p1a: Corviknight|80/100
|
|t:|1760756893
|switch|p2a: Gholdengo|Gholdengo, shiny, tera:Fairy|94/100|[from] U-turn
|-item|p2a: Gholdengo|Air Balloon
|
|-weather|Sandstorm|[upkeep]
|-damage|p2a: Gholdengo|88/100|[from] Sandstorm
|upkeep
|turn|12
|
|t:|1760756898
|move|p2a: Gholdengo|Shadow Ball|p1a: Corviknight
|-damage|p1a: Corviknight|37/100
|move|p1a: Corviknight|U-turn|p2a: Gholdengo
|-resisted|p2a: Gholdengo
|-damage|p2a: Gholdengo|81/100
|-enditem|p2a: Gholdengo|Air Balloon
|
|t:|1760756907
|switch|p1a: Excadrill|Excadrill, M|81/100|[from] U-turn
|-damage|p1a: Excadrill|78/100|[from] Stealth Rock
|
|-weather|none
|upkeep
|turn|13
|
|t:|1760756918
|move|p1a: Excadrill|Iron Head|p2a: Gholdengo
|-supereffective|p2a: Gholdengo
|-damage|p2a: Gholdengo|0 fnt
|faint|p2a: Gholdengo
|
|upkeep
|
|t:|1760756931
|switch|p2a: Landorus|Landorus-Therian, M, shiny|55/100
|-ability|p2a: Landorus|Intimidate|boost
|-unboost|p1a: Excadrill|atk|1
|turn|14
|inactive|michaelgoalise has 90 seconds left.
|
|t:|1760756952
|switch|p1a: Corviknight|Corviknight, F|37/100
|-damage|p1a: Corviknight|24/100|[from] Stealth Rock
|-ability|p1a: Corviknight|Pressure
|move|p2a: Landorus|U-turn|p1a: Corviknight
|-resisted|p1a: Corviknight
|-damage|p1a: Corviknight|21/100
|
|t:|1760756957
|switch|p2a: Samurott|Samurott-Hisui, M, shiny|94/100|[from] U-turn
|
|upkeep
|turn|15
|
|t:|1760756971
|move|p2a: Samurott|Ceaseless Edge|p1a: Corviknight
|-damage|p1a: Corviknight|0 fnt
|-sidestart|p1: michaelgoalise|Spikes
|faint|p1a: Corviknight
|
|upkeep
|inactive|michaelgoalise has 60 seconds left.
|inactive|michaelgoalise has 30 seconds left.
|inactive|michaelgoalise has 20 seconds left.
|inactive|michaelgoalise has 15 seconds left.
|inactive|michaelgoalise has 10 seconds left.
|inactive|michaelgoalise has 5 seconds left.
|
|t:|1760757055
|switch|p1a: Excadrill|Excadrill, M|78/100
|-damage|p1a: Excadrill|75/100|[from] Stealth Rock
|-damage|p1a: Excadrill|62/100|[from] Spikes
|turn|16
|inactive|michaelgoalise has 15 seconds left this turn.
|inactive|michaelgoalise has 10 seconds left.
|
|t:|1760757061
|switch|p2a: Landorus|Landorus-Therian, M, shiny|55/100
|-ability|p2a: Landorus|Intimidate|boost
|-unboost|p1a: Excadrill|atk|1
|move|p1a: Excadrill|Earthquake|p2a: Landorus
|-immune|p2a: Landorus
|
|upkeep
|turn|17
|inactive|michaelgoalise has 20 seconds left this turn.
|
|t:|1760757066
|switch|p1a: Palossand|Palossand, F|100/100
|-damage|p1a: Palossand|94/100|[from] Stealth Rock
|-damage|p1a: Palossand|82/100|[from] Spikes
|move|p2a: Landorus|Earthquake|p1a: Palossand
|-damage|p1a: Palossand|51/100
|
|upkeep
|turn|18
|inactive|michaelgoalise has 30 seconds left this turn.
|
|t:|1760757074
|move|p2a: Landorus|Taunt|p1a: Palossand
|-start|p1a: Palossand|move: Taunt
|cant|p1a: Palossand|move: Taunt|Stealth Rock
|
|upkeep
|turn|19
|inactive|michaelgoalise has 30 seconds left.
|
|t:|1760757086
|move|p2a: Landorus|U-turn|p1a: Palossand
|-resisted|p1a: Palossand
|-damage|p1a: Palossand|44/100
|-damage|p2a: Landorus|38/100|[from] item: Rocky Helmet|[of] p1a: Palossand
|
|t:|1760757088
|switch|p2a: Samurott|Samurott-Hisui, M, shiny|94/100|[from] U-turn
|move|p1a: Palossand|Hex|p2a: Samurott
|-resisted|p2a: Samurott
|-damage|p2a: Samurott|86/100
|
|upkeep
|turn|20
|inactive|michaelgoalise has 30 seconds left.
|
|t:|1760757098
|move|p2a: Samurott|Ceaseless Edge|p1a: Palossand
|-supereffective|p1a: Palossand
|-damage|p1a: Palossand|0 fnt
|-damage|p2a: Samurott|70/100|[from] item: Rocky Helmet|[of] p1a: Palossand
|-sidestart|p1: michaelgoalise|Spikes
|faint|p1a: Palossand
|
|upkeep
|inactive|michaelgoalise has 30 seconds left.
|
|t:|1760757107
|switch|p1a: Excadrill|Excadrill, M|62/100
|-damage|p1a: Excadrill|59/100|[from] Stealth Rock
|-damage|p1a: Excadrill|43/100|[from] Spikes
|turn|21
|
|t:|1760757110
|switch|p2a: Landorus|Landorus-Therian, M, shiny|38/100
|-ability|p2a: Landorus|Intimidate|boost
|-unboost|p1a: Excadrill|atk|1
|move|p1a: Excadrill|Rapid Spin|p2a: Landorus
|-damage|p2a: Landorus|21/100
|-boost|p1a: Excadrill|spe|1
|-damage|p1a: Excadrill|26/100|[from] item: Rocky Helmet|[of] p2a: Landorus
|-sideend|p1: michaelgoalise|Spikes|[from] move: Rapid Spin|[of] p1a: Excadrill
|-sideend|p1: michaelgoalise|Stealth Rock|[from] move: Rapid Spin|[of] p1a: Excadrill
|
|upkeep
|turn|22
|inactive|michaelgoalise has 30 seconds left.
|inactive|michaelgoalise has 20 seconds left.
|
|t:|1760757143
|switch|p2a: Sinistcha|Sinistcha-Masterpiece, shiny|94/100
|move|p1a: Excadrill|Rapid Spin|p2a: Sinistcha
|-immune|p2a: Sinistcha
|
|upkeep
|turn|23
|inactive|michaelgoalise has 30 seconds left this turn.
|
|t:|1760757148
|switch|p1a: Tyranitar|Tyranitar, M|94/100
|-weather|Sandstorm|[from] ability: Sand Stream|[of] p1a: Tyranitar
|move|p2a: Sinistcha|Matcha Gotcha|p1a: Tyranitar
|-supereffective|p1a: Tyranitar
|-damage|p1a: Tyranitar|66/100
|-heal|p2a: Sinistcha|100/100|[from] drain|[of] p1a: Tyranitar
|
|-weather|Sandstorm|[upkeep]
|-damage|p2a: Sinistcha|94/100|[from] Sandstorm
|-heal|p1a: Tyranitar|72/100|[from] item: Leftovers
|upkeep
|turn|24
|inactive|michaelgoalise has 30 seconds left.
|
|t:|1760757158
|switch|p2a: Landorus|Landorus-Therian, M, shiny|21/100
|-ability|p2a: Landorus|Intimidate|boost
|-unboost|p1a: Tyranitar|atk|1
|move|p1a: Tyranitar|Knock Off|p2a: Landorus
|-damage|p2a: Landorus|0 fnt
|-damage|p1a: Tyranitar|56/100|[from] item: Rocky Helmet|[of] p2a: Landorus
|-enditem|p2a: Landorus|Rocky Helmet|[from] move: Knock Off|[of] p1a: Tyranitar
|faint|p2a: Landorus
|
|-weather|Sandstorm|[upkeep]
|-heal|p1a: Tyranitar|62/100|[from] item: Leftovers
|upkeep
|
|t:|1760757173
|switch|p2a: Samurott|Samurott-Hisui, M, shiny|70/100
|turn|25
|inactive|michaelgoalise has 30 seconds left.
|inactive|michaelgoalise has 20 seconds left.
|
|t:|1760757199
|move|p2a: Samurott|Razor Shell|p1a: Tyranitar
|-supereffective|p1a: Tyranitar
|-damage|p1a: Tyranitar|0 fnt
|faint|p1a: Tyranitar
|
|-weather|Sandstorm|[upkeep]
|-damage|p2a: Samurott|64/100|[from] Sandstorm
|upkeep
|inactive|michaelgoalise has 25 seconds left this turn.
|inactive|michaelgoalise has 20 seconds left.
|
|t:|1760757206
|switch|p1a: Excadrill|Excadrill, M|26/100
|turn|26
|inactive|michaelgoalise has 30 seconds left this turn.
|
|t:|1760757213
|move|p2a: Samurott|Sucker Punch|p1a: Excadrill
|-damage|p1a: Excadrill|0 fnt
|faint|p1a: Excadrill
|
|-weather|Sandstorm|[upkeep]
|-damage|p2a: Samurott|58/100|[from] Sandstorm
|upkeep
|inactive|michaelgoalise has 30 seconds left this turn.
|
|t:|1760757215
|switch|p1a: Iron Valiant|Iron Valiant|100/100
|-enditem|p1a: Iron Valiant|Booster Energy
|-activate|p1a: Iron Valiant|ability: Quark Drive|[fromitem]
|-start|p1a: Iron Valiant|quarkdrivespe
|turn|27
|
|t:|1760757223
|move|p1a: Iron Valiant|Calm Mind|p1a: Iron Valiant
|-boost|p1a: Iron Valiant|spa|1
|-boost|p1a: Iron Valiant|spd|1
|move|p2a: Samurott|Razor Shell|p1a: Iron Valiant
|-damage|p1a: Iron Valiant|42/100
|
|-weather|none
|upkeep
|turn|28
|
|t:|1760757229
|move|p2a: Samurott|Sucker Punch|p1a: Iron Valiant
|-resisted|p1a: Iron Valiant
|-damage|p1a: Iron Valiant|33/100
|move|p1a: Iron Valiant|Moonblast|p2a: Samurott
|-supereffective|p2a: Samurott
|-damage|p2a: Samurott|0 fnt
|faint|p2a: Samurott
|
|upkeep
|
|t:|1760757234
|switch|p2a: Sinistcha|Sinistcha-Masterpiece, shiny|94/100
|turn|29
|
|t:|1760757238
|move|p1a: Iron Valiant|Moonblast|p2a: Sinistcha
|-damage|p2a: Sinistcha|15/100
|move|p2a: Sinistcha|Shadow Ball|p1a: Iron Valiant
|-damage|p1a: Iron Valiant|0 fnt
|faint|p1a: Iron Valiant
|-end|p1a: Iron Valiant|Quark Drive|[silent]
|
|win|qaqkiller
|raw|michaelgoalise's rating: 1607 &rarr; <strong>1583</strong><br />(-24 for losing)
|raw|qaqkiller's rating: 1544 &rarr; <strong>1568</strong><br />(+24 for winning)
|l|☆michaelgoalise
|player|p1|
|l|☆qaqkiller
|player|p2|
