|j|☆lyra89
|j|☆HZBKAI7
|t:|1760848601
|gametype|singles
|player|p1|lyra89|roxie|1104
|player|p2|HZBKAI7|2|1147
|gen|9
|tier|[Gen 9] OU
|rated|
|rule|HP Percentage Mod: HP is shown in percentages
|rule|Endless Battle Clause: Forcing endless battles is banned
|rule|Species Clause: Limit one of each Pokémon
|rule|OHKO Clause: OHKO moves are banned
|rule|Evasion Items Clause: Evasion items are banned
|rule|Evasion Moves Clause: Evasion moves are banned
|rule|Evasion Abilities Clause: Evasion abilities are banned
|rule|Sleep Moves Clause: Sleep-inducing moves are banned
|clearpoke
|poke|p1|Pecharunt|
|poke|p1|Garganacl, F|
|poke|p1|Alomomola, F|
|poke|p1|Moltres|
|poke|p1|Sinistcha|
|poke|p1|Grafaiai, M|
|poke|p2|Kingambit, F|
|poke|p2|Iron Treads|
|poke|p2|Necrozma|
|poke|p2|Pecharunt|
|poke|p2|Enamorus, F|
|poke|p2|Samurott-Hisui, F|
|teampreview
|
|t:|1760848613
|teamsize|p1|6
|teamsize|p2|6
|start
|switch|p1a: Joueur de lol|Garganacl, F, shiny|100/100
|switch|p2a: Pecharunt|Pecharunt|100/100
|-item|p2a: Pecharunt|Air Balloon
|turn|1
|
|t:|1760848622
|move|p2a: Pecharunt|Shadow Ball|p1a: Joueur de lol
|-damage|p1a: Joueur de lol|92/100
|move|p1a: Joueur de lol|Salt Cure|p2a: Pecharunt
|-damage|p2a: Pecharunt|91/100
|-start|p2a: Pecharunt|Salt Cure
|-enditem|p2a: Pecharunt|Air Balloon
|
|-heal|p1a: Joueur de lol|98/100|[from] item: Leftovers
|-damage|p2a: Pecharunt|79/100|[from] Salt Cure
|upkeep
|turn|2
|
|t:|1760848633
|move|p2a: Pecharunt|Shadow Ball|p1a: Joueur de lol
|-damage|p1a: Joueur de lol|89/100
|-unboost|p1a: Joueur de lol|spd|1
|move|p1a: Joueur de lol|Earthquake|p2a: Pecharunt
|-supereffective|p2a: Pecharunt
|-damage|p2a: Pecharunt|47/100
|
|-heal|p1a: Joueur de lol|95/100|[from] item: Leftovers
|-damage|p2a: Pecharunt|35/100|[from] Salt Cure
|upkeep
|turn|3
|
|t:|1760848645
|switch|p1a: Grafaiai|Grafaiai, M, shiny|100/100
|move|p2a: Pecharunt|Shadow Ball|p1a: Grafaiai
|-immune|p1a: Grafaiai
|
|-damage|p2a: Pecharunt|23/100|[from] Salt Cure
|upkeep
|turn|4
|
|t:|1760848655
|switch|p1a: Joueur de lol|Garganacl, F, shiny|95/100
|move|p2a: Pecharunt|Malignant Chain|p1a: Joueur de lol
|-resisted|p1a: Joueur de lol
|-damage|p1a: Joueur de lol|84/100
|
|-heal|p1a: Joueur de lol|90/100|[from] item: Leftovers
|-damage|p2a: Pecharunt|10/100|[from] Salt Cure
|upkeep
|turn|5
|
|t:|1760848666
|move|p1a: Joueur de lol|Protect|p1a: Joueur de lol
|-singleturn|p1a: Joueur de lol|Protect
|move|p2a: Pecharunt|Shadow Ball|p1a: Joueur de lol
|-activate|p1a: Joueur de lol|move: Protect
|
|-heal|p1a: Joueur de lol|96/100|[from] item: Leftovers
|-damage|p2a: Pecharunt|0 fnt|[from] Salt Cure
|faint|p2a: Pecharunt
|upkeep
|
|t:|1760848666
|switch|p2a: Iron Treads|Iron Treads|100/100
|turn|6
|
|t:|1760848680
|move|p2a: Iron Treads|Earthquake|p1a: Joueur de lol
|-supereffective|p1a: Joueur de lol
|-damage|p1a: Joueur de lol|39/100
|move|p1a: Joueur de lol|Salt Cure|p2a: Iron Treads
|-resisted|p2a: Iron Treads
|-damage|p2a: Iron Treads|98/100
|-start|p2a: Iron Treads|Salt Cure
|
|-heal|p1a: Joueur de lol|46/100|[from] item: Leftovers
|-damage|p2a: Iron Treads|73/100|[from] Salt Cure
|upkeep
|turn|7
|
|t:|1760848691
|switch|p1a: KFC|Moltres|100/100
|move|p2a: Iron Treads|Earthquake|p1a: KFC
|-immune|p1a: KFC
|
|-damage|p2a: Iron Treads|48/100|[from] Salt Cure
|upkeep
|turn|8
|
|t:|1760848701
|move|p2a: Iron Treads|Volt Switch|p1a: KFC
|-supereffective|p1a: KFC
|-damage|p1a: KFC|76/100
|
|t:|1760848701
|-end|p2a: Iron Treads|Quark Drive|[silent]
|switch|p2a: Samurott|Samurott-Hisui, F, shiny|100/100|[from] Volt Switch
|move|p1a: KFC|Flamethrower|p2a: Samurott
|-resisted|p2a: Samurott
|-damage|p2a: Samurott|75/100
|
|upkeep
|turn|9
|
|t:|1760848712
|switch|p1a: Healer compulsif|Alomomola, F, shiny|100/100
|move|p2a: Samurott|Razor Shell|p1a: Healer compulsif
|-resisted|p1a: Healer compulsif
|-damage|p1a: Healer compulsif|80/100
|
|upkeep
|turn|10
|
|t:|1760848720
|move|p2a: Samurott|Razor Shell|p1a: Healer compulsif
|-resisted|p1a: Healer compulsif
|-damage|p1a: Healer compulsif|57/100
|-unboost|p1a: Healer compulsif|def|1
|move|p1a: Healer compulsif|Wish|p1a: Healer compulsif
|
|upkeep
|turn|11
|
|t:|1760848728
|move|p2a: Samurott|Razor Shell|p1a: Healer compulsif
|-resisted|p1a: Healer compulsif
|-damage|p1a: Healer compulsif|22/100
|move|p1a: Healer compulsif|Flip Turn|p2a: Samurott
|-resisted|p2a: Samurott
|-damage|p2a: Samurott|64/100
|
|t:|1760848746
|switch|p1a: Soupe miteuse|Sinistcha, shiny|100/100|[from] Flip Turn
|
|upkeep
|turn|12
|
|t:|1760848752
|move|p2a: Samurott|Razor Shell|p1a: Soupe miteuse
|-resisted|p1a: Soupe miteuse
|-damage|p1a: Soupe miteuse|71/100
|-unboost|p1a: Soupe miteuse|def|1
|move|p1a: Soupe miteuse|Matcha Gotcha|p2a: Samurott
|-supereffective|p2a: Samurott
|-damage|p2a: Samurott|0 fnt
|-heal|p1a: Soupe miteuse|99/100|[from] drain|[of] p2a: Samurott
|faint|p2a: Samurott
|
|upkeep
|
|t:|1760848752
|switch|p2a: Kingambit|Kingambit, F, shiny|100/100
|-activate|p2a: Kingambit|ability: Supreme Overlord
|-start|p2a: Kingambit|fallen2|[silent]
|turn|13
|
|t:|1760848768
|switch|p1a: KFC|Moltres|76/100
|move|p2a: Kingambit|Kowtow Cleave|p1a: KFC
|-damage|p1a: KFC|25/100
|
|upkeep
|turn|14
|
|t:|1760848774
|move|p1a: KFC|Flamethrower|p2a: Kingambit
|-supereffective|p2a: Kingambit
|-damage|p2a: Kingambit|31/100
|move|p2a: Kingambit|Kowtow Cleave|p1a: KFC
|-damage|p1a: KFC|0 fnt
|-status|p2a: Kingambit|brn|[from] ability: Flame Body|[of] p1a: KFC
|faint|p1a: KFC
|
|-damage|p2a: Kingambit|25/100 brn|[from] brn
|upkeep
|
|t:|1760848789
|switch|p1a: Healer compulsif|Alomomola, F, shiny|56/100
|turn|15
|
|t:|1760848793
|move|p2a: Kingambit|Kowtow Cleave|p1a: Healer compulsif
|-damage|p1a: Healer compulsif|37/100
|move|p1a: Healer compulsif|Flip Turn|p2a: Kingambit
|-damage|p2a: Kingambit|12/100 brn
|
|t:|1760848802
|switch|p1a: Joueur de lol|Garganacl, F, shiny|46/100|[from] Flip Turn
|
|-heal|p1a: Joueur de lol|52/100|[from] item: Leftovers
|-damage|p2a: Kingambit|6/100 brn|[from] brn
|upkeep
|turn|16
|
|t:|1760848810
|move|p1a: Joueur de lol|Protect|p1a: Joueur de lol
|-singleturn|p1a: Joueur de lol|Protect
|move|p2a: Kingambit|Iron Head|p1a: Joueur de lol
|-activate|p1a: Joueur de lol|move: Protect
|
|-heal|p1a: Joueur de lol|58/100|[from] item: Leftovers
|-damage|p2a: Kingambit|0 fnt|[from] brn
|faint|p2a: Kingambit
|-end|p2a: Kingambit|fallen2|[silent]
|upkeep
|
|t:|1760848810
|switch|p2a: Enamorus|Enamorus, F, shiny|100/100
|turn|17
|
|t:|1760848822
|move|p2a: Enamorus|Earth Power|p1a: Joueur de lol
|-supereffective|p1a: Joueur de lol
|-damage|p1a: Joueur de lol|12/100
|move|p1a: Joueur de lol|Salt Cure|p2a: Enamorus
|-supereffective|p2a: Enamorus
|-damage|p2a: Enamorus|55/100
|-start|p2a: Enamorus|Salt Cure
|
|-heal|p1a: Joueur de lol|18/100|[from] item: Leftovers
|-damage|p2a: Enamorus|42/100|[from] Salt Cure
|upkeep
|turn|18
|
|t:|1760848833
|move|p1a: Joueur de lol|Protect|p1a: Joueur de lol
|-singleturn|p1a: Joueur de lol|Protect
|move|p2a: Enamorus|Earth Power|p1a: Joueur de lol
|-activate|p1a: Joueur de lol|move: Protect
|
|-heal|p1a: Joueur de lol|24/100|[from] item: Leftovers
|-damage|p2a: Enamorus|30/100|[from] Salt Cure
|upkeep
|turn|19
|
|t:|1760848845
|switch|p1a: Healer compulsif|Alomomola, F, shiny|70/100
|move|p2a: Enamorus|Earth Power|p1a: Healer compulsif
|-damage|p1a: Healer compulsif|25/100
|
|-damage|p2a: Enamorus|17/100|[from] Salt Cure
|upkeep
|turn|20
|
|t:|1760848854
|move|p1a: Healer compulsif|Protect|p1a: Healer compulsif
|-singleturn|p1a: Healer compulsif|Protect
|move|p2a: Enamorus|Earth Power|p1a: Healer compulsif
|-activate|p1a: Healer compulsif|move: Protect
|
|-damage|p2a: Enamorus|5/100|[from] Salt Cure
|upkeep
|turn|21
|
|t:|1760848862
|switch|p1a: Joueur de lol|Garganacl, F, shiny|24/100
|move|p2a: Enamorus|Earth Power|p1a: Joueur de lol
|-supereffective|p1a: Joueur de lol
|-damage|p1a: Joueur de lol|0 fnt
|faint|p1a: Joueur de lol
|
|-damage|p2a: Enamorus|0 fnt|[from] Salt Cure
|faint|p2a: Enamorus
|upkeep
|
|t:|1760848873
|switch|p2a: Necrozma|Necrozma, shiny|100/100
|switch|p1a: Grafaiai|Grafaiai, M, shiny|100/100
|turn|22
|
|t:|1760848880
|-terastallize|p1a: Grafaiai|Flying
|move|p2a: Necrozma|Photon Geyser|p1a: Grafaiai
|-damage|p1a: Grafaiai|11/100
|move|p1a: Grafaiai|Dig||[still]
|-prepare|p1a: Grafaiai|Dig
|
|upkeep
|turn|23
|
|t:|1760848889
|move|p2a: Necrozma|Photon Geyser|p1a: Grafaiai|[miss]
|-miss|p2a: Necrozma|p1a: Grafaiai
|move|p1a: Grafaiai|Dig|p2a: Necrozma|[from] lockedmove
|-damage|p2a: Necrozma|80/100
|
|upkeep
|turn|24
|
|t:|1760848898
|move|p1a: Grafaiai|Copycat|p1a: Grafaiai
|move|p1a: Grafaiai|Dig||[from] move: Copycat|[still]
|-prepare|p1a: Grafaiai|Dig
|move|p2a: Necrozma|Photon Geyser|p1a: Grafaiai|[miss]
|-miss|p2a: Necrozma|p1a: Grafaiai
|
|upkeep
|turn|25
|
|t:|1760848906
|move|p2a: Necrozma|Photon Geyser|p1a: Grafaiai|[miss]
|-miss|p2a: Necrozma|p1a: Grafaiai
|move|p1a: Grafaiai|Dig|p2a: Necrozma|[from] lockedmove
|-damage|p2a: Necrozma|60/100
|
|upkeep
|turn|26
|
|t:|1760848915
|move|p1a: Grafaiai|Copycat|p1a: Grafaiai
|move|p1a: Grafaiai|Dig||[from] move: Copycat|[still]
|-prepare|p1a: Grafaiai|Dig
|move|p2a: Necrozma|Photon Geyser|p1a: Grafaiai|[miss]
|-miss|p2a: Necrozma|p1a: Grafaiai
|
|upkeep
|turn|27
|
|t:|1760848923
|move|p2a: Necrozma|Photon Geyser|p1a: Grafaiai|[miss]
|-miss|p2a: Necrozma|p1a: Grafaiai
|move|p1a: Grafaiai|Dig|p2a: Necrozma|[from] lockedmove
|-damage|p2a: Necrozma|41/100
|
|upkeep
|turn|28
|
|t:|1760848931
|move|p1a: Grafaiai|Copycat|p1a: Grafaiai
|move|p1a: Grafaiai|Dig||[from] move: Copycat|[still]
|-prepare|p1a: Grafaiai|Dig
|move|p2a: Necrozma|Photon Geyser|p1a: Grafaiai|[miss]
|-miss|p2a: Necrozma|p1a: Grafaiai
|
|upkeep
|turn|29
|c|☆lyra89|I have win
|
|t:|1760848940
|move|p2a: Necrozma|Photon Geyser|p1a: Grafaiai|[miss]
|-miss|p2a: Necrozma|p1a: Grafaiai
|move|p1a: Grafaiai|Dig|p2a: Necrozma|[from] lockedmove
|-damage|p2a: Necrozma|22/100
|
|upkeep
|turn|30
|
|t:|1760848949
|move|p1a: Grafaiai|Copycat|p1a: Grafaiai
|move|p1a: Grafaiai|Dig||[from] move: Copycat|[still]
|-prepare|p1a: Grafaiai|Dig
|move|p2a: Necrozma|Tera Blast|p1a: Grafaiai|[miss]
|-miss|p2a: Necrozma|p1a: Grafaiai
|
|upkeep
|turn|31
|
|t:|1760848955
|move|p2a: Necrozma|Tera Blast|p1a: Grafaiai|[miss]
|-miss|p2a: Necrozma|p1a: Grafaiai
|move|p1a: Grafaiai|Dig|p2a: Necrozma|[from] lockedmove
|-damage|p2a: Necrozma|4/100
|
|upkeep
|turn|32
|
|t:|1760848962
|move|p1a: Grafaiai|Copycat|p1a: Grafaiai
|move|p1a: Grafaiai|Dig||[from] move: Copycat|[still]
|-prepare|p1a: Grafaiai|Dig
|move|p2a: Necrozma|Tera Blast|p1a: Grafaiai|[miss]
|-miss|p2a: Necrozma|p1a: Grafaiai
|
|upkeep
|turn|33
|
|t:|1760848969
|move|p2a: Necrozma|Tera Blast|p1a: Grafaiai|[miss]
|-miss|p2a: Necrozma|p1a: Grafaiai
|move|p1a: Grafaiai|Dig|p2a: Necrozma|[from] lockedmove
|-damage|p2a: Necrozma|0 fnt
|faint|p2a: Necrozma
|
|upkeep
|
|t:|1760848969
|switch|p2a: Iron Treads|Iron Treads|48/100
|turn|34
|
|t:|1760848979
|move|p1a: Grafaiai|Copycat|p1a: Grafaiai
|move|p1a: Grafaiai|Dig||[from] move: Copycat|[still]
|-prepare|p1a: Grafaiai|Dig
|move|p2a: Iron Treads|Ice Spinner|p1a: Grafaiai|[miss]
|-miss|p2a: Iron Treads|p1a: Grafaiai
|
|upkeep
|turn|35
|
|t:|1760848985
|move|p2a: Iron Treads|Ice Spinner|p1a: Grafaiai|[miss]
|-miss|p2a: Iron Treads|p1a: Grafaiai
|move|p1a: Grafaiai|Dig|p2a: Iron Treads|[from] lockedmove
|-supereffective|p2a: Iron Treads
|-damage|p2a: Iron Treads|6/100
|
|upkeep
|turn|36
|
|t:|1760848992
|move|p1a: Grafaiai|Copycat|p1a: Grafaiai
|move|p1a: Grafaiai|Dig||[from] move: Copycat|[still]
|-prepare|p1a: Grafaiai|Dig
|move|p2a: Iron Treads|Ice Spinner|p1a: Grafaiai|[miss]
|-miss|p2a: Iron Treads|p1a: Grafaiai
|
|upkeep
|turn|37
|
|t:|1760848998
|move|p2a: Iron Treads|Ice Spinner|p1a: Grafaiai|[miss]
|-miss|p2a: Iron Treads|p1a: Grafaiai
|move|p1a: Grafaiai|Dig|p2a: Iron Treads|[from] lockedmove
|-supereffective|p2a: Iron Treads
|-damage|p2a: Iron Treads|0 fnt
|faint|p2a: Iron Treads
|-end|p2a: Iron Treads|Quark Drive|[silent]
|
|win|lyra89
|raw|lyra89's rating: 1104 &rarr; <strong>1132</strong><br />(+28 for winning)
|raw|HZBKAI7's rating: 1147 &rarr; <strong>1119</strong><br />(-28 for losing)
|l|☆HZBKAI7
|player|p2|
|c|☆lyra89|Gg
|l|☆lyra89
|player|p1|
