|j|☆naicker2000
|j|☆nessilicz
|t:|1760835890
|gametype|singles
|player|p1|naicker2000|rocketgruntf|1272
|player|p2|nessilicz|102|1341
|gen|9
|tier|[Gen 9] OU
|rated|
|rule|HP Percentage Mod: HP is shown in percentages
|rule|Endless Battle Clause: Forcing endless battles is banned
|rule|Species Clause: Limit one of each Pokémon
|rule|OHKO Clause: OHKO moves are banned
|rule|Evasion Items Clause: Evasion items are banned
|rule|Evasion Moves Clause: Evasion moves are banned
|rule|Evasion Abilities Clause: Evasion abilities are banned
|rule|Sleep Moves Clause: Sleep-inducing moves are banned
|clearpoke
|poke|p1|Pelipper, M|
|poke|p1|Barraskewda, M|
|poke|p1|Ogerpon-Wellspring, F|
|poke|p1|Zapdos|
|poke|p1|Hatterene, F|
|poke|p1|Beartic, F|
|poke|p2|Iron Moth|
|poke|p2|Ogerpon, F|
|poke|p2|Tornadus-Therian, M|
|poke|p2|Great Tusk|
|poke|p2|Kingambit, F|
|poke|p2|Enamorus, F|
|teampreview
|
|t:|1760835918
|teamsize|p1|6
|teamsize|p2|6
|start
|switch|p1a: sami zayn|Pelipper, M|100/100
|switch|p2a: Tornadus|Tornadus-Therian, M|100/100
|-weather|RainDance|[from] ability: Drizzle|[of] p1a: sami zayn
|turn|1
|
|t:|1760835927
|move|p2a: Tornadus|Knock Off|p1a: sami zayn
|-damage|p1a: sami zayn|86/100
|-enditem|p1a: sami zayn|Damp Rock|[from] move: Knock Off|[of] p2a: Tornadus
|move|p1a: sami zayn|U-turn|p2a: Tornadus
|-resisted|p2a: Tornadus
|-damage|p2a: Tornadus|95/100
|
|t:|1760835934
|switch|p1a: Beartic|Beartic, F|100/100|[from] U-turn
|
|-weather|RainDance|[upkeep]
|upkeep
|turn|2
|
|t:|1760835966
|switch|p2a: Kingambit|Kingambit, F|100/100
|move|p1a: Beartic|Icicle Spear|p2a: Kingambit
|-resisted|p2a: Kingambit
|-damage|p2a: Kingambit|96/100
|-resisted|p2a: Kingambit
|-damage|p2a: Kingambit|91/100
|-resisted|p2a: Kingambit
|-damage|p2a: Kingambit|86/100
|-resisted|p2a: Kingambit
|-damage|p2a: Kingambit|81/100
|-resisted|p2a: Kingambit
|-damage|p2a: Kingambit|76/100
|-hitcount|p2a: Kingambit|5
|
|-weather|RainDance|[upkeep]
|-heal|p2a: Kingambit|83/100|[from] item: Leftovers
|upkeep
|turn|3
|
|t:|1760836008
|-end|p2a: Kingambit|fallenundefined|[silent]
|switch|p2a: Tornadus|Tornadus-Therian, M|100/100
|-terastallize|p1a: Beartic|Ground
|move|p1a: Beartic|Earthquake|p2a: Tornadus
|-immune|p2a: Tornadus
|
|-weather|RainDance|[upkeep]
|upkeep
|turn|4
|
|t:|1760836023
|move|p1a: Beartic|Icicle Spear|p2a: Tornadus
|-supereffective|p2a: Tornadus
|-damage|p2a: Tornadus|69/100
|-supereffective|p2a: Tornadus
|-damage|p2a: Tornadus|34/100
|-supereffective|p2a: Tornadus
|-damage|p2a: Tornadus|0 fnt
|faint|p2a: Tornadus
|-hitcount|p2: Tornadus|3
|
|-weather|RainDance|[upkeep]
|upkeep
|
|t:|1760836032
|switch|p2a: Great Tusk|Great Tusk|100/100
|turn|5
|
|t:|1760836038
|move|p1a: Beartic|Icicle Spear|p2a: Great Tusk
|-supereffective|p2a: Great Tusk
|-damage|p2a: Great Tusk|83/100
|-supereffective|p2a: Great Tusk
|-damage|p2a: Great Tusk|65/100
|-supereffective|p2a: Great Tusk
|-damage|p2a: Great Tusk|46/100
|-supereffective|p2a: Great Tusk
|-damage|p2a: Great Tusk|28/100
|-hitcount|p2a: Great Tusk|4
|move|p2a: Great Tusk|Ice Spinner|p1a: Beartic
|-supereffective|p1a: Beartic
|-damage|p1a: Beartic|24/100
|
|-weather|RainDance|[upkeep]
|upkeep
|turn|6
|
|t:|1760836049
|-end|p2a: Great Tusk|Protosynthesis|[silent]
|switch|p2a: Iron Moth|Iron Moth|100/100
|move|p1a: Beartic|Icicle Spear|p2a: Iron Moth
|-resisted|p2a: Iron Moth
|-damage|p2a: Iron Moth|89/100
|-resisted|p2a: Iron Moth
|-damage|p2a: Iron Moth|78/100
|-resisted|p2a: Iron Moth
|-damage|p2a: Iron Moth|68/100
|-resisted|p2a: Iron Moth
|-damage|p2a: Iron Moth|55/100
|-hitcount|p2a: Iron Moth|4
|
|-weather|RainDance|[upkeep]
|upkeep
|turn|7
|
|t:|1760836062
|-end|p2a: Iron Moth|Quark Drive|[silent]
|switch|p2a: Great Tusk|Great Tusk|28/100
|move|p1a: Beartic|Earthquake|p2a: Great Tusk
|-damage|p2a: Great Tusk|0 fnt
|faint|p2a: Great Tusk
|-end|p2a: Great Tusk|Protosynthesis|[silent]
|
|-weather|RainDance|[upkeep]
|upkeep
|-message|nessilicz forfeited.
|
|win|naicker2000
|raw|naicker2000's rating: 1272 &rarr; <strong>1302</strong><br />(+30 for winning)
|raw|nessilicz's rating: 1341 &rarr; <strong>1317</strong><br />(-24 for losing)
|l|☆nessilicz
|player|p2|
|l|☆naicker2000
|player|p1|
