|j|☆realmathhills
|j|☆xiaopangsonsong
|t:|1760794482
|gametype|singles
|player|p1|realmathhills|265|1372
|player|p2|xiaopangsonsong|firebreather|1420
|gen|9
|tier|[Gen 9] OU
|rated|
|rule|HP Percentage Mod: HP is shown in percentages
|rule|Endless Battle Clause: Forcing endless battles is banned
|rule|Species Clause: Limit one of each Pokémon
|rule|OHKO Clause: OHKO moves are banned
|rule|Evasion Items Clause: Evasion items are banned
|rule|Evasion Moves Clause: Evasion moves are banned
|rule|Evasion Abilities Clause: Evasion abilities are banned
|rule|Sleep Moves Clause: Sleep-inducing moves are banned
|clearpoke
|poke|p1|Zamazenta-*|
|poke|p1|Landorus-Therian, M|
|poke|p1|Cinderace, M|
|poke|p1|Slowking-Galar, F|
|poke|p1|Azumarill, M|
|poke|p1|Iron Treads|
|poke|p2|Garganacl, F|
|poke|p2|Dragapult, F|
|poke|p2|Ogerpon-Wellspring, F|
|poke|p2|Moltres|
|poke|p2|Zamazenta-*|
|poke|p2|Iron Treads|
|teampreview
|inactive|Battle timer is ON: inactive players will automatically lose when time's up. (requested by realmathhills)
|
|t:|1760794506
|teamsize|p1|6
|teamsize|p2|6
|start
|switch|p1a: Landorus|Landorus-Therian, M|100/100
|switch|p2a: Ogerpon|Ogerpon-Wellspring, F|100/100
|-ability|p1a: Landorus|Intimidate|boost
|-unboost|p2a: Ogerpon|atk|1
|turn|1
|
|t:|1760794516
|move|p2a: Ogerpon|U-turn|p1a: Landorus
|-resisted|p1a: Landorus
|-damage|p1a: Landorus|92/100
|-damage|p2a: Ogerpon|84/100|[from] item: Rocky Helmet|[of] p1a: Landorus
|
|t:|1760794523
|switch|p2a: Moltres|Moltres|100/100|[from] U-turn
|move|p1a: Landorus|U-turn|p2a: Moltres
|-resisted|p2a: Moltres
|-damage|p2a: Moltres|97/100
|-status|p1a: Landorus|brn|[from] ability: Flame Body|[of] p2a: Moltres
|
|t:|1760794530
|switch|p1a: Slowking|Slowking-Galar, F|100/100|[from] U-turn
|
|upkeep
|turn|2
|
|t:|1760794536
|move|p1a: Slowking|Future Sight|p2a: Moltres
|-start|p1a: Slowking|move: Future Sight
|move|p2a: Moltres|Roar|p1a: Slowking
|drag|p1a: Cinderace|Cinderace, M|100/100
|
|upkeep
|turn|3
|
|t:|1760794543
|switch|p1a: Slowking|Slowking-Galar, F|100/100
|move|p2a: Moltres|U-turn|p1a: Slowking
|-damage|p1a: Slowking|85/100
|
|t:|1760794548
|switch|p2a: Iron Treads|Iron Treads|100/100|[from] U-turn
|
|upkeep
|turn|4
|
|t:|1760794559
|move|p2a: Iron Treads|Knock Off|p1a: Slowking
|-supereffective|p1a: Slowking
|-damage|p1a: Slowking|31/100
|-enditem|p1a: Slowking|Assault Vest|[from] move: Knock Off|[of] p2a: Iron Treads
|move|p1a: Slowking|Flamethrower|p2a: Iron Treads
|-supereffective|p2a: Iron Treads
|-crit|p2a: Iron Treads
|-damage|p2a: Iron Treads|21/100
|
|-end|p2a: Iron Treads|move: Future Sight
|-resisted|p2a: Iron Treads
|-damage|p2a: Iron Treads|0 fnt
|faint|p2a: Iron Treads
|-end|p2a: Iron Treads|Quark Drive|[silent]
|upkeep
|
|t:|1760794569
|switch|p2a: Ogerpon|Ogerpon-Wellspring, F|84/100
|turn|5
|
|t:|1760794579
|move|p2a: Ogerpon|Ivy Cudgel|p1a: Slowking|[anim] Ivy Cudgel Water
|-damage|p1a: Slowking|0 fnt
|faint|p1a: Slowking
|
|upkeep
|
|t:|1760794582
|switch|p1a: Cinderace|Cinderace, M|100/100
|turn|6
|
|t:|1760794588
|switch|p2a: Moltres|Moltres|97/100
|move|p1a: Cinderace|Gunk Shot|p2a: Moltres
|-start|p1a: Cinderace|typechange|Poison|[from] ability: Libero
|-damage|p2a: Moltres|55/100
|
|upkeep
|turn|7
|
|t:|1760794611
|move|p1a: Cinderace|Gunk Shot|p2a: Moltres
|-damage|p2a: Moltres|5/100
|move|p2a: Moltres|Roost|p2a: Moltres
|-heal|p2a: Moltres|55/100
|-singleturn|p2a: Moltres|move: Roost
|
|upkeep
|turn|8
|
|t:|1760794618
|move|p1a: Cinderace|Gunk Shot|p2a: Moltres
|-damage|p2a: Moltres|12/100
|-status|p2a: Moltres|psn
|move|p2a: Moltres|Roost|p2a: Moltres
|-heal|p2a: Moltres|62/100 psn
|-singleturn|p2a: Moltres|move: Roost
|
|-damage|p2a: Moltres|50/100 psn|[from] psn
|upkeep
|turn|9
|c|☆xiaopangsonsong|66
|
|t:|1760794631
|switch|p2a: Garganacl|Garganacl, F|100/100
|move|p1a: Cinderace|Gunk Shot|p2a: Garganacl|[miss]
|-miss|p1a: Cinderace|p2a: Garganacl
|
|upkeep
|turn|10
|
|t:|1760794654
|switch|p1a: Landorus|Landorus-Therian, M|92/100 brn
|-ability|p1a: Landorus|Intimidate|boost
|-unboost|p2a: Garganacl|atk|1
|move|p2a: Garganacl|Iron Defense|p2a: Garganacl
|-boost|p2a: Garganacl|def|2
|
|-damage|p1a: Landorus|86/100 brn|[from] brn
|upkeep
|turn|11
|
|t:|1760794661
|move|p1a: Landorus|Stealth Rock|p2a: Garganacl
|-sidestart|p2: xiaopangsonsong|move: Stealth Rock
|move|p2a: Garganacl|Iron Defense|p2a: Garganacl
|-boost|p2a: Garganacl|def|2
|
|-damage|p1a: Landorus|80/100 brn|[from] brn
|upkeep
|turn|12
|
|t:|1760794666
|move|p1a: Landorus|Taunt|p2a: Garganacl
|-start|p2a: Garganacl|move: Taunt
|cant|p2a: Garganacl|move: Taunt|Iron Defense
|
|-damage|p1a: Landorus|74/100 brn|[from] brn
|upkeep
|turn|13
|
|t:|1760794674
|move|p1a: Landorus|Earth Power|p2a: Garganacl
|-supereffective|p2a: Garganacl
|-damage|p2a: Garganacl|58/100
|move|p2a: Garganacl|Body Press|p1a: Landorus
|-resisted|p1a: Landorus
|-damage|p1a: Landorus|43/100 brn
|-damage|p2a: Garganacl|42/100|[from] item: Rocky Helmet|[of] p1a: Landorus
|
|-heal|p2a: Garganacl|48/100|[from] item: Leftovers
|-damage|p1a: Landorus|37/100 brn|[from] brn
|upkeep
|turn|14
|
|t:|1760794681
|switch|p2a: Moltres|Moltres|50/100 psn
|move|p1a: Landorus|Earth Power|p2a: Moltres
|-immune|p2a: Moltres
|
|-damage|p2a: Moltres|38/100 psn|[from] psn
|-damage|p1a: Landorus|31/100 brn|[from] brn
|upkeep
|turn|15
|
|t:|1760794685
|move|p1a: Landorus|U-turn|p2a: Moltres
|-resisted|p2a: Moltres
|-damage|p2a: Moltres|36/100 psn
|
|t:|1760794691
|switch|p1a: Cinderace|Cinderace, M|100/100|[from] U-turn
|move|p2a: Moltres|Roost|p2a: Moltres
|-heal|p2a: Moltres|86/100 psn
|-singleturn|p2a: Moltres|move: Roost
|
|-damage|p2a: Moltres|74/100 psn|[from] psn
|upkeep
|turn|16
|
|t:|1760794696
|move|p1a: Cinderace|Gunk Shot|p2a: Moltres
|-start|p1a: Cinderace|typechange|Poison|[from] ability: Libero
|-damage|p2a: Moltres|29/100 psn
|move|p2a: Moltres|U-turn|p1a: Cinderace
|-resisted|p1a: Cinderace
|-damage|p1a: Cinderace|90/100
|
|t:|1760794714
|switch|p2a: Garganacl|Garganacl, F|48/100|[from] U-turn
|-damage|p2a: Garganacl|35/100|[from] Stealth Rock
|
|-heal|p2a: Garganacl|42/100|[from] item: Leftovers
|upkeep
|turn|17
|
|t:|1760794717
|move|p1a: Cinderace|High Jump Kick|p2a: Garganacl
|-supereffective|p2a: Garganacl
|-damage|p2a: Garganacl|0 fnt
|faint|p2a: Garganacl
|
|upkeep
|-message|xiaopangsonsong forfeited.
|
|win|realmathhills
|raw|realmathhills's rating: 1372 &rarr; <strong>1395</strong><br />(+23 for winning)
|raw|xiaopangsonsong's rating: 1420 &rarr; <strong>1397</strong><br />(-23 for losing)
|l|☆xiaopangsonsong
|player|p2|
|c|☆realmathhills|destorktion
