|j|☆jimy92
|j|☆olaf-18
|t:|1760789544
|gametype|singles
|player|p1|jimy92|169|1701
|player|p2|olaf-18|101|1602
|gen|9
|tier|[Gen 9] OU
|rated|
|rule|HP Percentage Mod: HP is shown in percentages
|rule|Endless Battle Clause: Forcing endless battles is banned
|rule|Species Clause: Limit one of each Pokémon
|rule|OHKO Clause: OHKO moves are banned
|rule|Evasion Items Clause: Evasion items are banned
|rule|Evasion Moves Clause: Evasion moves are banned
|rule|Evasion Abilities Clause: Evasion abilities are banned
|rule|Sleep Moves Clause: Sleep-inducing moves are banned
|clearpoke
|poke|p1|Pelipper, F|
|poke|p1|Hatterene, F|
|poke|p1|Iron Treads|
|poke|p1|Toxicroak, F|
|poke|p1|Barraskewda, F|
|poke|p1|Zapdos|
|poke|p2|Slowking-Galar, F|
|poke|p2|Ting-Lu|
|poke|p2|Kingambit, M|
|poke|p2|Diancie|
|poke|p2|Armarouge, M|
|poke|p2|Ursaluna, M|
|teampreview
|inactive|Battle timer is ON: inactive players will automatically lose when time's up. (requested by jimy92)
|
|t:|1760789565
|teamsize|p1|6
|teamsize|p2|6
|start
|switch|p1a: Pelipper|Pelipper, F|100/100
|switch|p2a: Slowking|Slowking-Galar, F|100/100
|-weather|RainDance|[from] ability: Drizzle|[of] p1a: Pelipper
|turn|1
|
|t:|1760789568
|move|p1a: Pelipper|Knock Off|p2a: Slowking
|-supereffective|p2a: Slowking
|-damage|p2a: Slowking|73/100
|-enditem|p2a: Slowking|Heavy-Duty Boots|[from] move: Knock Off|[of] p1a: Pelipper
|move|p2a: Slowking|Trick Room|p2a: Slowking
|-fieldstart|move: Trick Room|[of] p2a: Slowking
|
|-weather|RainDance|[upkeep]
|upkeep
|turn|2
|j| No_Safe_Prayer
|
|t:|1760789575
|switch|p2a: Ursaluna|Ursaluna, M|100/100
|move|p1a: Pelipper|U-turn|p2a: Ursaluna
|-damage|p2a: Ursaluna|94/100
|
|t:|1760789587
|switch|p1a: Iron Treads|Iron Treads|100/100|[from] U-turn
|
|-weather|RainDance|[upkeep]
|-status|p2a: Ursaluna|brn|[from] item: Flame Orb
|upkeep
|turn|3
|
|t:|1760789589
|-end|p1a: Iron Treads|Quark Drive|[silent]
|switch|p1a: Zapdos|Zapdos|100/100
|move|p2a: Ursaluna|Earthquake|p1a: Zapdos
|-immune|p1a: Zapdos
|
|-weather|RainDance|[upkeep]
|-damage|p2a: Ursaluna|88/100 brn|[from] brn
|upkeep
|turn|4
|
|t:|1760789592
|switch|p1a: Hatterene|Hatterene, F|100/100
|move|p2a: Ursaluna|Facade|p1a: Hatterene
|-crit|p1a: Hatterene
|-damage|p1a: Hatterene|0 fnt
|faint|p1a: Hatterene
|
|-weather|RainDance|[upkeep]
|-damage|p2a: Ursaluna|82/100 brn|[from] brn
|upkeep
|
|t:|1760789597
|switch|p1a: Iron Treads|Iron Treads|100/100
|turn|5
|
|t:|1760789599
|move|p2a: Ursaluna|Earthquake|p1a: Iron Treads
|-supereffective|p1a: Iron Treads
|-damage|p1a: Iron Treads|0 fnt
|faint|p1a: Iron Treads
|-end|p1a: Iron Treads|Quark Drive|[silent]
|
|-weather|RainDance|[upkeep]
|-damage|p2a: Ursaluna|76/100 brn|[from] brn
|-fieldend|move: Trick Room
|upkeep
|
|t:|1760789602
|switch|p1a: Zapdos|Zapdos|100/100
|turn|6
|
|t:|1760789608
|switch|p2a: Ting-Lu|Ting-Lu|100/100
|-ability|p2a: Ting-Lu|Vessel of Ruin
|move|p1a: Zapdos|Weather Ball|p2a: Ting-Lu
|-supereffective|p2a: Ting-Lu
|-damage|p2a: Ting-Lu|12/100
|-enditem|p2a: Ting-Lu|Weakness Policy
|-boost|p2a: Ting-Lu|atk|2|[from] item: Weakness Policy
|-boost|p2a: Ting-Lu|spa|2|[from] item: Weakness Policy
|
|-weather|RainDance|[upkeep]
|upkeep
|turn|7
|
|t:|1760789617
|move|p1a: Zapdos|Weather Ball|p2a: Ting-Lu
|-supereffective|p2a: Ting-Lu
|-damage|p2a: Ting-Lu|0 fnt
|faint|p2a: Ting-Lu
|
|-weather|RainDance|[upkeep]
|upkeep
|
|t:|1760789623
|switch|p2a: Slowking|Slowking-Galar, F|100/100
|turn|8
|
|t:|1760789625
|move|p1a: Zapdos|Weather Ball|p2a: Slowking
|-damage|p2a: Slowking|38/100
|move|p2a: Slowking|Trick Room|p2a: Slowking
|-fieldstart|move: Trick Room|[of] p2a: Slowking
|
|-weather|none
|upkeep
|turn|9
|
|t:|1760789628
|switch|p2a: Ursaluna|Ursaluna, M|76/100 brn
|move|p1a: Zapdos|Weather Ball|p2a: Ursaluna
|-damage|p2a: Ursaluna|53/100 brn
|
|-damage|p2a: Ursaluna|47/100 brn|[from] brn
|upkeep
|turn|10
|
|t:|1760789632
|switch|p1a: Toxicroak|Toxicroak, F|100/100
|move|p2a: Ursaluna|Facade|p1a: Toxicroak
|-damage|p1a: Toxicroak|0 fnt
|-damage|p2a: Ursaluna|30/100 brn|[from] item: Rocky Helmet|[of] p1a: Toxicroak
|faint|p1a: Toxicroak
|
|-damage|p2a: Ursaluna|24/100 brn|[from] brn
|upkeep
|
|t:|1760789634
|switch|p1a: Barraskewda|Barraskewda, F|100/100
|turn|11
|
|t:|1760789639
|move|p2a: Ursaluna|Facade|p1a: Barraskewda
|-damage|p1a: Barraskewda|0 fnt
|faint|p1a: Barraskewda
|
|-damage|p2a: Ursaluna|18/100 brn|[from] brn
|upkeep
|c|☆jimy92|Omggg
|c|☆jimy92|I misclicked hahaha
|c|☆jimy92|I meant to click aqua jet
|
|t:|1760789659
|switch|p1a: Pelipper|Pelipper, F|100/100
|-weather|RainDance|[from] ability: Drizzle|[of] p1a: Pelipper
|turn|12
|
|t:|1760789661
|move|p1a: Pelipper|U-turn|p2a: Ursaluna
|-damage|p2a: Ursaluna|11/100 brn
|c|☆jimy92|Dammit man
|c|☆jimy92|Gg
|
|t:|1760789667
|switch|p1a: Zapdos|Zapdos|100/100|[from] U-turn
|move|p2a: Ursaluna|Facade|p1a: Zapdos
|-damage|p1a: Zapdos|0 fnt
|faint|p1a: Zapdos
|
|-weather|RainDance|[upkeep]
|-damage|p2a: Ursaluna|5/100 brn|[from] brn
|-fieldend|move: Trick Room
|upkeep
|-message|jimy92 forfeited.
|
|win|olaf-18
|raw|jimy92's rating: 1701 &rarr; <strong>1675</strong><br />(-26 for losing)
|raw|olaf-18's rating: 1602 &rarr; <strong>1628</strong><br />(+26 for winning)
|l|☆jimy92
|player|p1|
|c|☆olaf-18|Gg
|l| No_Safe_Prayer
|l|☆olaf-18
|player|p2|
