|j|☆Top100inLL
|j|☆mightynoctowl
|t:|1760850454
|gametype|singles
|player|p1|Top100inLL|dawn|1251
|player|p2|mightynoctowl|169|1274
|gen|9
|tier|[Gen 9] OU
|rated|
|rule|HP Percentage Mod: HP is shown in percentages
|rule|Endless Battle Clause: Forcing endless battles is banned
|rule|Species Clause: Limit one of each Pokémon
|rule|OHKO Clause: OHKO moves are banned
|rule|Evasion Items Clause: Evasion items are banned
|rule|Evasion Moves Clause: Evasion moves are banned
|rule|Evasion Abilities Clause: Evasion abilities are banned
|rule|Sleep Moves Clause: Sleep-inducing moves are banned
|clearpoke
|poke|p1|Dragonite, F|
|poke|p1|Zamazenta-*|
|poke|p1|Landorus-Therian, M|
|poke|p1|Gholdengo|
|poke|p1|Darkrai|
|poke|p1|Hatterene, F|
|poke|p2|Moltres|
|poke|p2|Chansey, F|
|poke|p2|Clefable, M|
|poke|p2|Blastoise, F|
|poke|p2|Sandslash, F|
|poke|p2|Vileplume, M|
|teampreview
|inactive|Battle timer is ON: inactive players will automatically lose when time's up. (requested by mightynoctowl)
|
|t:|1760850473
|teamsize|p1|6
|teamsize|p2|6
|start
|switch|p1a: Landorus|Landorus-Therian, M|100/100
|switch|p2a: Sandslash|Sandslash, F|100/100
|-ability|p1a: Landorus|Intimidate|boost
|-unboost|p2a: Sandslash|atk|1
|turn|1
|
|t:|1760850488
|move|p1a: Landorus|U-turn|p2a: Sandslash
|-damage|p2a: Sandslash|87/100
|
|t:|1760850499
|switch|p1a: Darkrai|Darkrai|100/100|[from] U-turn
|move|p2a: Sandslash|Spikes|p1a: Darkrai
|-sidestart|p1: Top100inLL|Spikes
|
|-heal|p2a: Sandslash|93/100|[from] item: Leftovers
|upkeep
|turn|2
|
|t:|1760850513
|switch|p2a: Chansey|Chansey, F|100/100
|move|p1a: Darkrai|Ice Beam|p2a: Chansey
|-damage|p2a: Chansey|92/100
|-status|p2a: Chansey|frz
|
|upkeep
|turn|3
|inactive|Top100inLL has 120 seconds left.
|
|t:|1760850541
|switch|p1a: Landorus|Landorus-Therian, M|100/100
|-ability|p1a: Landorus|Intimidate|boost
|-unboost|p2a: Chansey|atk|1
|-curestatus|p2a: Chansey|frz|[from] ability: Natural Cure
|switch|p2a: Clefable|Clefable, M|100/100
|
|upkeep
|turn|4
|
|t:|1760850551
|switch|p2a: Moltres|Moltres|100/100
|move|p1a: Landorus|Stealth Rock|p2a: Moltres
|-sidestart|p2: mightynoctowl|move: Stealth Rock
|
|upkeep
|turn|5
|inactive|Top100inLL has 120 seconds left.
|
|t:|1760850569
|switch|p1a: Gholdengo|Gholdengo|100/100
|-damage|p1a: Gholdengo|88/100|[from] Spikes
|move|p2a: Moltres|U-turn|p1a: Gholdengo
|-resisted|p1a: Gholdengo
|-damage|p1a: Gholdengo|84/100
|
|t:|1760850583
|switch|p2a: Chansey|Chansey, F|92/100|[from] U-turn
|-damage|p2a: Chansey|80/100|[from] Stealth Rock
|
|upkeep
|turn|6
|
|t:|1760850595
|switch|p1a: Hatterene|Hatterene, F|100/100
|-damage|p1a: Hatterene|88/100|[from] Spikes
|move|p2a: Chansey|Stealth Rock|p1a: Hatterene
|move|p1a: Hatterene|Stealth Rock||[from] ability: Magic Bounce|[still]
|-fail|p1a: Hatterene
|
|upkeep
|turn|7
|
|t:|1760850605
|move|p2a: Chansey|Seismic Toss|p1a: Hatterene
|-damage|p1a: Hatterene|57/100
|move|p1a: Hatterene|Psyshock|p2a: Chansey
|-damage|p2a: Chansey|49/100
|
|upkeep
|turn|8
|
|t:|1760850613
|move|p2a: Chansey|Soft-Boiled|p2a: Chansey
|-heal|p2a: Chansey|99/100
|move|p1a: Hatterene|Psychic Noise|p2a: Chansey
|-damage|p2a: Chansey|87/100
|-start|p2a: Chansey|move: Heal Block
|
|upkeep
|turn|9
|
|t:|1760850624
|move|p2a: Chansey|Seismic Toss|p1a: Hatterene
|-damage|p1a: Hatterene|25/100
|move|p1a: Hatterene|Draining Kiss|p2a: Chansey
|-damage|p2a: Chansey|80/100
|-heal|p1a: Hatterene|36/100|[from] drain|[of] p2a: Chansey
|
|-end|p2a: Chansey|move: Heal Block
|upkeep
|turn|10
|
|t:|1760850636
|move|p2a: Chansey|Seismic Toss|p1a: Hatterene
|-damage|p1a: Hatterene|5/100
|move|p1a: Hatterene|Psyshock|p2a: Chansey
|-damage|p2a: Chansey|51/100
|
|upkeep
|turn|11
|
|t:|1760850640
|move|p2a: Chansey|Seismic Toss|p1a: Hatterene
|-damage|p1a: Hatterene|0 fnt
|faint|p1a: Hatterene
|
|upkeep
|
|t:|1760850643
|switch|p1a: Landorus|Landorus-Therian, M|100/100
|-ability|p1a: Landorus|Intimidate|boost
|-unboost|p2a: Chansey|atk|1
|turn|12
|
|t:|1760850648
|switch|p2a: Moltres|Moltres|100/100
|move|p1a: Landorus|Taunt|p2a: Moltres
|-start|p2a: Moltres|move: Taunt
|
|upkeep
|turn|13
|
|t:|1760850655
|move|p1a: Landorus|U-turn|p2a: Moltres
|-resisted|p2a: Moltres
|-damage|p2a: Moltres|97/100
|
|t:|1760850657
|switch|p1a: Dragonite|Dragonite, F|100/100|[from] U-turn
|move|p2a: Moltres|Flamethrower|p1a: Dragonite
|-resisted|p1a: Dragonite
|-damage|p1a: Dragonite|91/100
|
|upkeep
|turn|14
|
|t:|1760850663
|move|p1a: Dragonite|Dragon Dance|p1a: Dragonite
|-boost|p1a: Dragonite|atk|1
|-boost|p1a: Dragonite|spe|1
|move|p2a: Moltres|U-turn|p1a: Dragonite
|-resisted|p1a: Dragonite
|-damage|p1a: Dragonite|83/100
|
|t:|1760850666
|switch|p2a: Clefable|Clefable, M|100/100|[from] U-turn
|-damage|p2a: Clefable|88/100|[from] Stealth Rock
|
|-heal|p2a: Clefable|94/100|[from] item: Leftovers
|upkeep
|turn|15
|inactive|Top100inLL has 120 seconds left.
|
|t:|1760850709
|move|p1a: Dragonite|Extreme Speed|p2a: Clefable
|-damage|p2a: Clefable|72/100
|move|p2a: Clefable|Flamethrower|p1a: Dragonite
|-resisted|p1a: Dragonite
|-damage|p1a: Dragonite|73/100
|
|-heal|p2a: Clefable|78/100|[from] item: Leftovers
|upkeep
|turn|16
|
|t:|1760850728
|move|p1a: Dragonite|Dragon Dance|p1a: Dragonite
|-boost|p1a: Dragonite|atk|1
|-boost|p1a: Dragonite|spe|1
|move|p2a: Clefable|Moonblast|p1a: Dragonite
|-supereffective|p1a: Dragonite
|-damage|p1a: Dragonite|11/100
|-unboost|p1a: Dragonite|spa|1
|
|-heal|p2a: Clefable|84/100|[from] item: Leftovers
|upkeep
|turn|17
|
|t:|1760850739
|-terastallize|p1a: Dragonite|Flying
|move|p1a: Dragonite|Tera Blast|p2a: Clefable|[anim] Tera Blast Flying
|-damage|p2a: Clefable|41/100
|move|p2a: Clefable|Flamethrower|p1a: Dragonite
|-damage|p1a: Dragonite|0 fnt
|faint|p1a: Dragonite
|
|-heal|p2a: Clefable|47/100|[from] item: Leftovers
|upkeep
|
|t:|1760850754
|switch|p1a: Gholdengo|Gholdengo|84/100
|-damage|p1a: Gholdengo|72/100|[from] Spikes
|turn|18
|
|t:|1760850759
|switch|p2a: Moltres|Moltres|97/100
|move|p1a: Gholdengo|Make It Rain|p2a: Moltres
|-resisted|p2a: Moltres
|-damage|p2a: Moltres|57/100
|-unboost|p1a: Gholdengo|spa|1
|
|upkeep
|turn|19
|
|t:|1760850766
|switch|p1a: Landorus|Landorus-Therian, M|100/100
|-ability|p1a: Landorus|Intimidate|boost
|-unboost|p2a: Moltres|atk|1
|move|p2a: Moltres|Flamethrower|p1a: Landorus
|-damage|p1a: Landorus|69/100
|
|upkeep
|turn|20
|
|t:|1760850773
|move|p1a: Landorus|Taunt|p2a: Moltres
|-start|p2a: Moltres|move: Taunt
|move|p2a: Moltres|U-turn|p1a: Landorus
|-resisted|p1a: Landorus
|-damage|p1a: Landorus|64/100
|-damage|p2a: Moltres|41/100|[from] item: Rocky Helmet|[of] p1a: Landorus
|
|t:|1760850782
|switch|p2a: Sandslash|Sandslash, F|93/100|[from] U-turn
|-damage|p2a: Sandslash|87/100|[from] Stealth Rock
|
|-heal|p2a: Sandslash|93/100|[from] item: Leftovers
|upkeep
|turn|21
|
|t:|1760850787
|move|p1a: Landorus|U-turn|p2a: Sandslash
|-crit|p2a: Sandslash
|-damage|p2a: Sandslash|70/100
|
|t:|1760850792
|switch|p1a: Zamazenta|Zamazenta|100/100|[from] U-turn
|-damage|p1a: Zamazenta|88/100|[from] Spikes
|-ability|p1a: Zamazenta|Dauntless Shield|boost
|-boost|p1a: Zamazenta|def|1
|move|p2a: Sandslash|Spikes|p1a: Zamazenta
|-sidestart|p1: Top100inLL|Spikes
|
|-heal|p1a: Zamazenta|94/100|[from] item: Leftovers
|-heal|p2a: Sandslash|76/100|[from] item: Leftovers
|upkeep
|turn|22
|
|t:|1760850799
|move|p1a: Zamazenta|Iron Defense|p1a: Zamazenta
|-boost|p1a: Zamazenta|def|2
|move|p2a: Sandslash|Rapid Spin|p1a: Zamazenta
|-damage|p1a: Zamazenta|90/100
|-boost|p2a: Sandslash|spe|1
|-sideend|p2: mightynoctowl|Stealth Rock|[from] move: Rapid Spin|[of] p2a: Sandslash
|
|-heal|p1a: Zamazenta|96/100|[from] item: Leftovers
|-heal|p2a: Sandslash|82/100|[from] item: Leftovers
|upkeep
|turn|23
|
|t:|1760850802
|move|p1a: Zamazenta|Iron Defense|p1a: Zamazenta
|-boost|p1a: Zamazenta|def|2
|move|p2a: Sandslash|Knock Off|p1a: Zamazenta
|-resisted|p1a: Zamazenta
|-damage|p1a: Zamazenta|94/100
|-enditem|p1a: Zamazenta|Leftovers|[from] move: Knock Off|[of] p2a: Sandslash
|
|-heal|p2a: Sandslash|89/100|[from] item: Leftovers
|upkeep
|turn|24
|
|t:|1760850807
|switch|p2a: Moltres|Moltres|41/100
|move|p1a: Zamazenta|Iron Defense|p1a: Zamazenta
|-boost|p1a: Zamazenta|def|1
|
|upkeep
|turn|25
|
|t:|1760850812
|move|p1a: Zamazenta|Body Press|p2a: Moltres
|-resisted|p2a: Moltres
|-damage|p2a: Moltres|0 fnt
|-status|p1a: Zamazenta|brn|[from] ability: Flame Body|[of] p2a: Moltres
|faint|p2a: Moltres
|
|-damage|p1a: Zamazenta|88/100 brn|[from] brn
|upkeep
|
|t:|1760850819
|switch|p2a: Vileplume|Vileplume, M|100/100
|turn|26
|
|t:|1760850826
|switch|p1a: Gholdengo|Gholdengo|72/100
|-damage|p1a: Gholdengo|55/100|[from] Spikes
|move|p2a: Vileplume|Leech Seed|p1a: Gholdengo
|-immune|p1a: Gholdengo|[from] ability: Good as Gold
|
|upkeep
|turn|27
|
|t:|1760850839
|switch|p2a: Chansey|Chansey, F|51/100
|move|p1a: Gholdengo|Nasty Plot|p1a: Gholdengo
|-boost|p1a: Gholdengo|spa|2
|
|upkeep
|turn|28
|
|t:|1760850848
|move|p1a: Gholdengo|Recover|p1a: Gholdengo
|-heal|p1a: Gholdengo|100/100
|move|p2a: Chansey|Stealth Rock|p1a: Gholdengo
|-sidestart|p1: Top100inLL|move: Stealth Rock
|
|upkeep
|turn|29
|
|t:|1760850856
|switch|p2a: Sandslash|Sandslash, F|89/100
|move|p1a: Gholdengo|Nasty Plot|p1a: Gholdengo
|-boost|p1a: Gholdengo|spa|2
|
|-heal|p2a: Sandslash|95/100|[from] item: Leftovers
|upkeep
|turn|30
|
|t:|1760850864
|switch|p1a: Landorus|Landorus-Therian, M|64/100
|-damage|p1a: Landorus|51/100|[from] Stealth Rock
|-ability|p1a: Landorus|Intimidate|boost
|-unboost|p2a: Sandslash|atk|1
|move|p2a: Sandslash|Earthquake|p1a: Landorus
|-immune|p1a: Landorus
|
|-heal|p2a: Sandslash|100/100|[from] item: Leftovers
|upkeep
|turn|31
|
|t:|1760850878
|move|p1a: Landorus|Earthquake|p2a: Sandslash
|-damage|p2a: Sandslash|67/100
|move|p2a: Sandslash|Spikes|p1a: Landorus
|-sidestart|p1: Top100inLL|Spikes
|
|-heal|p2a: Sandslash|73/100|[from] item: Leftovers
|upkeep
|turn|32
|-message|Top100inLL forfeited.
|
|win|mightynoctowl
|raw|Top100inLL's rating: 1251 &rarr; <strong>1228</strong><br />(-23 for losing)
|raw|mightynoctowl's rating: 1274 &rarr; <strong>1297</strong><br />(+23 for winning)
|l|☆Top100inLL
|player|p1|
|l|☆mightynoctowl
|player|p2|
