|j|☆Bojington
|j|☆gyslexic duy(‽)
|t:|1760848365
|gametype|singles
|player|p1|Bojington|shadowtriad|1342
|player|p2|gyslexic duy(‽)|steven|1339
|gen|9
|tier|[Gen 9] OU
|rated|
|rule|HP Percentage Mod: HP is shown in percentages
|rule|Endless Battle Clause: Forcing endless battles is banned
|rule|Species Clause: Limit one of each Pokémon
|rule|OHKO Clause: OHKO moves are banned
|rule|Evasion Items Clause: Evasion items are banned
|rule|Evasion Moves Clause: Evasion moves are banned
|rule|Evasion Abilities Clause: Evasion abilities are banned
|rule|Sleep Moves Clause: Sleep-inducing moves are banned
|clearpoke
|poke|p1|Tyranitar, F|
|poke|p1|Excadrill, F|
|poke|p1|Kingambit, F|
|poke|p1|Ogerpon-Wellspring, F|
|poke|p1|Clefable, F|
|poke|p1|Garganacl, F|
|poke|p2|Latias, F|
|poke|p2|Ceruledge, F|
|poke|p2|Zapdos-Galar|
|poke|p2|Araquanid, M|
|poke|p2|Corviknight, F|
|poke|p2|Excadrill, M|
|teampreview
|inactive|Battle timer is ON: inactive players will automatically lose when time's up. (requested by Bojington)
|
|t:|1760848370
|teamsize|p1|6
|teamsize|p2|6
|start
|switch|p1a: Kamina|Tyranitar, F|100/100
|switch|p2a: Araquanid|Araquanid, M|100/100
|-weather|Sandstorm|[from] ability: Sand Stream|[of] p1a: Kamina
|turn|1
|
|t:|1760848375
|move|p1a: Kamina|Stealth Rock|p2a: Araquanid
|-sidestart|p2: gyslexic duy(‽)|move: Stealth Rock
|move|p2a: Araquanid|Sticky Web|p1a: Kamina
|-sidestart|p1: Bojington|move: Sticky Web
|
|-weather|Sandstorm|[upkeep]
|-damage|p2a: Araquanid|94/100|[from] Sandstorm
|upkeep
|turn|2
|
|t:|1760848383
|move|p1a: Kamina|Thunder Wave|p2a: Araquanid
|-status|p2a: Araquanid|par
|move|p2a: Araquanid|Surf|p1a: Kamina
|-supereffective|p1a: Kamina
|-damage|p1a: Kamina|50/100
|
|-weather|Sandstorm|[upkeep]
|-damage|p2a: Araquanid|88/100 par|[from] Sandstorm
|upkeep
|turn|3
|
|t:|1760848388
|move|p1a: Kamina|Knock Off|p2a: Araquanid
|-damage|p2a: Araquanid|42/100 par
|-enditem|p2a: Araquanid|Custap Berry|[from] move: Knock Off|[of] p1a: Kamina
|move|p2a: Araquanid|Surf|p1a: Kamina
|-supereffective|p1a: Kamina
|-damage|p1a: Kamina|2/100
|
|-weather|Sandstorm|[upkeep]
|-damage|p2a: Araquanid|36/100 par|[from] Sandstorm
|upkeep
|turn|4
|
|t:|1760848394
|move|p1a: Kamina|Knock Off|p2a: Araquanid
|-damage|p2a: Araquanid|4/100 par
|cant|p2a: Araquanid|par
|
|-weather|Sandstorm|[upkeep]
|-damage|p2a: Araquanid|0 fnt|[from] Sandstorm
|faint|p2a: Araquanid
|upkeep
|
|t:|1760848400
|switch|p2a: Excadrill|Excadrill, M|100/100
|-damage|p2a: Excadrill|98/100|[from] Stealth Rock
|-ability|p2a: Excadrill|Mold Breaker
|turn|5
|
|t:|1760848409
|-terastallize|p1a: Kamina|Ghost
|move|p2a: Excadrill|Rapid Spin|p1a: Kamina
|-immune|p1a: Kamina
|move|p1a: Kamina|Dragon Tail|p2a: Excadrill
|-resisted|p2a: Excadrill
|-damage|p2a: Excadrill|85/100
|drag|p2a: Corviknight|Corviknight, F|100/100
|-damage|p2a: Corviknight|88/100|[from] Stealth Rock
|-ability|p2a: Corviknight|Pressure
|
|-weather|Sandstorm|[upkeep]
|-damage|p1a: Kamina|0 fnt|[from] Sandstorm
|faint|p1a: Kamina
|-heal|p2a: Corviknight|94/100|[from] item: Leftovers
|upkeep
|
|t:|1760848417
|switch|p1a: Clefable|Clefable, F, shiny|100/100
|-activate|p1a: Clefable|move: Sticky Web
|-unboost|p1a: Clefable|spe|1
|turn|6
|
|t:|1760848423
|move|p2a: Corviknight|U-turn|p1a: Clefable
|-resisted|p1a: Clefable
|-damage|p1a: Clefable|93/100
|
|t:|1760848426
|switch|p2a: Excadrill|Excadrill, M|85/100|[from] U-turn
|-damage|p2a: Excadrill|82/100|[from] Stealth Rock
|-ability|p2a: Excadrill|Mold Breaker
|move|p1a: Clefable|Calm Mind|p1a: Clefable
|-boost|p1a: Clefable|spa|1
|-boost|p1a: Clefable|spd|1
|
|-weather|Sandstorm|[upkeep]
|-heal|p2a: Excadrill|88/100|[from] item: Leftovers
|upkeep
|turn|7
|
|t:|1760848432
|move|p2a: Excadrill|Iron Head|p1a: Clefable
|-supereffective|p1a: Clefable
|-damage|p1a: Clefable|2/100
|move|p1a: Clefable|Flamethrower|p2a: Excadrill
|-supereffective|p2a: Excadrill
|-damage|p2a: Excadrill|0 fnt
|faint|p2a: Excadrill
|
|-weather|Sandstorm|[upkeep]
|upkeep
|
|t:|1760848440
|switch|p2a: Corviknight|Corviknight, F|94/100
|-damage|p2a: Corviknight|82/100|[from] Stealth Rock
|-ability|p2a: Corviknight|Pressure
|turn|8
|
|t:|1760848442
|move|p2a: Corviknight|U-turn|p1a: Clefable
|-resisted|p1a: Clefable
|-damage|p1a: Clefable|0 fnt
|faint|p1a: Clefable
|
|t:|1760848457
|switch|p2a: Zapdos|Zapdos-Galar|100/100|[from] U-turn
|-damage|p2a: Zapdos|88/100|[from] Stealth Rock
|
|-weather|none
|upkeep
|
|t:|1760848461
|switch|p1a: Garganacci|Garganacl, F, shiny|100/100
|-activate|p1a: Garganacci|move: Sticky Web
|-unboost|p1a: Garganacci|spe|1
|turn|9
|
|t:|1760848477
|move|p2a: Zapdos|Close Combat|p1a: Garganacci
|-supereffective|p1a: Garganacci
|-damage|p1a: Garganacci|10/100
|-unboost|p2a: Zapdos|def|1
|-unboost|p2a: Zapdos|spd|1
|-damage|p2a: Zapdos|78/100|[from] item: Life Orb
|move|p1a: Garganacci|Iron Defense|p1a: Garganacci
|-boost|p1a: Garganacci|def|2
|
|-heal|p1a: Garganacci|16/100|[from] item: Leftovers
|upkeep
|turn|10
|
|t:|1760848482
|move|p2a: Zapdos|Close Combat|p1a: Garganacci
|-supereffective|p1a: Garganacci
|-damage|p1a: Garganacci|0 fnt
|-unboost|p2a: Zapdos|def|1
|-unboost|p2a: Zapdos|spd|1
|faint|p1a: Garganacci
|-damage|p2a: Zapdos|68/100|[from] item: Life Orb
|
|upkeep
|
|t:|1760848486
|switch|p1a: Yoko|Ogerpon-Wellspring, F|100/100
|-activate|p1a: Yoko|move: Sticky Web
|-unboost|p1a: Yoko|spe|1
|turn|11
|
|t:|1760848489
|switch|p2a: Corviknight|Corviknight, F|82/100
|-damage|p2a: Corviknight|70/100|[from] Stealth Rock
|-ability|p2a: Corviknight|Pressure
|move|p1a: Yoko|Ivy Cudgel|p2a: Corviknight|[anim] Ivy Cudgel Water
|-damage|p2a: Corviknight|37/100
|
|-heal|p2a: Corviknight|43/100|[from] item: Leftovers
|upkeep
|turn|12
|
|t:|1760848493
|move|p1a: Yoko|Ivy Cudgel|p2a: Corviknight|[anim] Ivy Cudgel Water
|-damage|p2a: Corviknight|8/100
|move|p2a: Corviknight|Brave Bird|p1a: Yoko
|-supereffective|p1a: Yoko
|-damage|p1a: Yoko|4/100
|-damage|p2a: Corviknight|0 fnt|[from] Recoil
|faint|p2a: Corviknight
|
|upkeep
|
|t:|1760848513
|switch|p2a: Zapdos|Zapdos-Galar|68/100
|-damage|p2a: Zapdos|56/100|[from] Stealth Rock
|turn|13
|
|t:|1760848526
|switch|p1a: Simon|Excadrill, F, shiny|100/100
|-item|p1a: Simon|Air Balloon
|move|p2a: Zapdos|Knock Off|p1a: Simon
|-damage|p1a: Simon|40/100
|-enditem|p1a: Simon|Air Balloon
|-damage|p2a: Zapdos|46/100|[from] item: Life Orb
|
|upkeep
|turn|14
|
|t:|1760848530
|move|p2a: Zapdos|Close Combat|p1a: Simon
|-supereffective|p1a: Simon
|-damage|p1a: Simon|0 fnt
|-unboost|p2a: Zapdos|def|1
|-unboost|p2a: Zapdos|spd|1
|faint|p1a: Simon
|-damage|p2a: Zapdos|36/100|[from] item: Life Orb
|
|upkeep
|
|t:|1760848533
|switch|p1a: Anti Spiral|Kingambit, F, shiny|100/100
|-activate|p1a: Anti Spiral|move: Sticky Web
|-unboost|p1a: Anti Spiral|spe|1
|-activate|p1a: Anti Spiral|ability: Supreme Overlord
|-start|p1a: Anti Spiral|fallen4|[silent]
|turn|15
|inactive|gyslexic duy(‽) has 120 seconds left.
|
|t:|1760848565
|switch|p2a: Latias|Latias, F, shiny|100/100
|-damage|p2a: Latias|88/100|[from] Stealth Rock
|move|p1a: Anti Spiral|Sucker Punch||[still]
|-fail|p1a: Anti Spiral
|
|-heal|p2a: Latias|94/100|[from] item: Leftovers
|upkeep
|turn|16
|inactive|gyslexic duy(‽) has 120 seconds left.
|
|t:|1760848579
|move|p2a: Latias|Draining Kiss|p1a: Anti Spiral
|-damage|p1a: Anti Spiral|89/100
|-heal|p2a: Latias|100/100|[from] drain|[of] p1a: Anti Spiral
|move|p1a: Anti Spiral|Swords Dance|p1a: Anti Spiral
|-boost|p1a: Anti Spiral|atk|2
|
|upkeep
|turn|17
|inactive|gyslexic duy(‽) has 120 seconds left.
|
|t:|1760848591
|move|p2a: Latias|Draining Kiss|p1a: Anti Spiral
|-damage|p1a: Anti Spiral|76/100
|move|p1a: Anti Spiral|Kowtow Cleave|p2a: Latias
|-supereffective|p2a: Latias
|-damage|p2a: Latias|0 fnt
|faint|p2a: Latias
|
|upkeep
|
|t:|1760848593
|switch|p2a: Ceruledge|Ceruledge, F|100/100
|-damage|p2a: Ceruledge|76/100|[from] Stealth Rock
|turn|18
|
|t:|1760848598
|move|p2a: Ceruledge|Shadow Sneak|p1a: Anti Spiral
|-resisted|p1a: Anti Spiral
|-damage|p1a: Anti Spiral|68/100
|move|p1a: Anti Spiral|Sucker Punch||[still]
|-fail|p1a: Anti Spiral
|
|upkeep
|turn|19
|
|t:|1760848613
|move|p1a: Anti Spiral|Sucker Punch|p2a: Ceruledge
|-supereffective|p2a: Ceruledge
|-crit|p2a: Ceruledge
|-damage|p2a: Ceruledge|0 fnt
|faint|p2a: Ceruledge
|
|upkeep
|
|t:|1760848615
|switch|p2a: Zapdos|Zapdos-Galar|36/100
|-damage|p2a: Zapdos|23/100|[from] Stealth Rock
|turn|20
|
|t:|1760848618
|move|p1a: Anti Spiral|Sucker Punch|p2a: Zapdos
|-resisted|p2a: Zapdos
|-damage|p2a: Zapdos|0 fnt
|faint|p2a: Zapdos
|
|win|Bojington
|raw|Bojington's rating: 1342 &rarr; <strong>1362</strong><br />(+20 for winning)
|raw|gyslexic duy(‽)'s rating: 1339 &rarr; <strong>1319</strong><br />(-20 for losing)
|l|☆Bojington
|player|p1|
