|j|☆undertalethemovie
|j|☆arj.uno
|t:|1760850267
|gametype|singles
|player|p1|undertalethemovie|n|1113
|player|p2|arj.uno|doctor|1114
|gen|9
|tier|[Gen 9] OU
|rated|
|rule|HP Percentage Mod: HP is shown in percentages
|rule|Endless Battle Clause: Forcing endless battles is banned
|rule|Species Clause: Limit one of each Pokémon
|rule|OHKO Clause: OHKO moves are banned
|rule|Evasion Items Clause: Evasion items are banned
|rule|Evasion Moves Clause: Evasion moves are banned
|rule|Evasion Abilities Clause: Evasion abilities are banned
|rule|Sleep Moves Clause: Sleep-inducing moves are banned
|clearpoke
|poke|p1|Clodsire, F|
|poke|p1|Ogerpon-Wellspring, F|
|poke|p1|Zoroark-Hisui, F|
|poke|p1|Zamazenta-*|
|poke|p1|Cinderace, M|
|poke|p1|Deoxys-Speed|
|poke|p2|Armarouge, M|
|poke|p2|Krookodile, M|
|poke|p2|Vaporeon, M|
|poke|p2|Pelipper, F|
|poke|p2|Qwilfish-Hisui, M|
|poke|p2|Forretress, F|
|teampreview
|inactive|Battle timer is ON: inactive players will automatically lose when time's up. (requested by undertalethemovie)
|
|t:|1760850283
|teamsize|p1|6
|teamsize|p2|6
|start
|switch|p1a: Pokemon Shield|Zamazenta|100/100
|switch|p2a: Krookodile|Krookodile, M|100/100
|-ability|p1a: Pokemon Shield|Dauntless Shield|boost
|-boost|p1a: Pokemon Shield|def|1
|turn|1
|
|t:|1760850288
|switch|p2a: Forretress|Forretress, F|100/100
|move|p1a: Pokemon Shield|Wild Charge|p2a: Forretress
|-damage|p2a: Forretress|84/100
|-damage|p1a: Pokemon Shield|96/100|[from] Recoil
|-enditem|p2a: Forretress|Red Card|[of] p1a: Pokemon Shield
|drag|p1a: Mumbo|Clodsire, F|100/100
|-item|p1a: Mumbo|Air Balloon
|
|upkeep
|turn|2
|
|t:|1760850295
|move|p2a: Forretress|Stealth Rock|p1a: Mumbo
|-sidestart|p1: undertalethemovie|move: Stealth Rock
|move|p1a: Mumbo|Toxic|p2a: Forretress
|-immune|p2a: Forretress
|
|upkeep
|turn|3
|
|t:|1760850299
|switch|p1a: Ingerland|Cinderace, M|100/100
|move|p2a: Forretress|Ice Spinner|p1a: Ingerland
|-resisted|p1a: Ingerland
|-damage|p1a: Ingerland|88/100
|
|upkeep
|turn|4
|
|t:|1760850302
|move|p1a: Ingerland|Pyro Ball|p2a: Forretress
|-supereffective|p2a: Forretress
|-damage|p2a: Forretress|0 fnt
|faint|p2a: Forretress
|
|upkeep
|
|t:|1760850308
|switch|p2a: Armarouge|Armarouge, M|100/100
|turn|5
|
|t:|1760850310
|move|p1a: Ingerland|Court Change|p1a: Ingerland
|-start|p1a: Ingerland|typechange|Normal|[from] ability: Libero
|-swapsideconditions
|-activate|p1a: Ingerland|move: Court Change
|move|p2a: Armarouge|Iron Defense|p2a: Armarouge
|-boost|p2a: Armarouge|def|2
|
|upkeep
|turn|6
|
|t:|1760850317
|switch|p1a: Mumbo|Clodsire, F|100/100
|-item|p1a: Mumbo|Air Balloon
|move|p2a: Armarouge|Aura Sphere|p1a: Mumbo
|-resisted|p1a: Mumbo
|-damage|p1a: Mumbo|92/100
|-enditem|p1a: Mumbo|Air Balloon
|
|upkeep
|turn|7
|
|t:|1760850321
|move|p2a: Armarouge|Lava Plume|p1a: Mumbo
|-damage|p1a: Mumbo|70/100
|-status|p1a: Mumbo|brn
|move|p1a: Mumbo|Toxic|p2a: Armarouge
|-status|p2a: Armarouge|tox
|
|-damage|p2a: Armarouge|94/100 tox|[from] psn
|-damage|p1a: Mumbo|64/100 brn|[from] brn
|upkeep
|turn|8
|
|t:|1760850324
|move|p2a: Armarouge|Lava Plume|p1a: Mumbo
|-damage|p1a: Mumbo|39/100 brn
|move|p1a: Mumbo|Recover|p1a: Mumbo
|-heal|p1a: Mumbo|89/100 brn
|
|-damage|p2a: Armarouge|82/100 tox|[from] psn
|-damage|p1a: Mumbo|83/100 brn|[from] brn
|upkeep
|turn|9
|
|t:|1760850329
|move|p2a: Armarouge|Lava Plume|p1a: Mumbo
|-damage|p1a: Mumbo|58/100 brn
|move|p1a: Mumbo|Recover|p1a: Mumbo
|-heal|p1a: Mumbo|100/100 brn
|
|-damage|p2a: Armarouge|64/100 tox|[from] psn
|-damage|p1a: Mumbo|94/100 brn|[from] brn
|upkeep
|turn|10
|
|t:|1760850332
|move|p2a: Armarouge|Iron Defense|p2a: Armarouge
|-boost|p2a: Armarouge|def|2
|move|p1a: Mumbo|Toxic Spikes|p2a: Armarouge
|-sidestart|p2: arj.uno|move: Toxic Spikes
|
|-damage|p2a: Armarouge|40/100 tox|[from] psn
|-damage|p1a: Mumbo|88/100 brn|[from] brn
|upkeep
|turn|11
|
|t:|1760850333
|move|p2a: Armarouge|Iron Defense|p2a: Armarouge
|-boost|p2a: Armarouge|def|2
|move|p1a: Mumbo|Toxic Spikes|p2a: Armarouge
|-sidestart|p2: arj.uno|move: Toxic Spikes
|
|-damage|p2a: Armarouge|10/100 tox|[from] psn
|-damage|p1a: Mumbo|82/100 brn|[from] brn
|upkeep
|turn|12
|
|t:|1760850338
|move|p2a: Armarouge|Stored Power|p1a: Mumbo
|-supereffective|p1a: Mumbo
|-damage|p1a: Mumbo|3/100 brn
|move|p1a: Mumbo|Recover|p1a: Mumbo
|-heal|p1a: Mumbo|53/100 brn
|
|-damage|p2a: Armarouge|0 fnt|[from] psn
|faint|p2a: Armarouge
|-damage|p1a: Mumbo|47/100 brn|[from] brn
|upkeep
|
|t:|1760850343
|switch|p2a: Qwilfish|Qwilfish-Hisui, M|100/100
|-damage|p2a: Qwilfish|88/100|[from] Stealth Rock
|-sideend|p2: arj.uno|move: Toxic Spikes|[of] p2a: Qwilfish
|turn|13
|
|t:|1760850346
|move|p2a: Qwilfish|Liquidation|p1a: Mumbo
|-supereffective|p1a: Mumbo
|-damage|p1a: Mumbo|0 fnt
|faint|p1a: Mumbo
|
|upkeep
|
|t:|1760850347
|switch|p1a: The Writer|Ogerpon-Wellspring, F|100/100
|turn|14
|
|t:|1760850349
|-terastallize|p1a: The Writer|Water
|detailschange|p1a: The Writer|Ogerpon-Wellspring-Tera, F, tera:Water
|-ability|p1a: The Writer|Embody Aspect (Wellspring)|boost
|-boost|p1a: The Writer|spd|1
|move|p1a: The Writer|Ivy Cudgel|p2a: Qwilfish|[anim] Ivy Cudgel Water
|-damage|p2a: Qwilfish|18/100
|move|p2a: Qwilfish|Barb Barrage|p1a: The Writer
|-damage|p1a: The Writer|65/100
|
|upkeep
|turn|15
|
|t:|1760850358
|switch|p2a: Pelipper|Pelipper, F|100/100
|-damage|p2a: Pelipper|76/100|[from] Stealth Rock
|-weather|RainDance|[from] ability: Drizzle|[of] p2a: Pelipper
|move|p1a: The Writer|Ivy Cudgel|p2a: Pelipper|[anim] Ivy Cudgel Water
|-resisted|p2a: Pelipper
|-damage|p2a: Pelipper|30/100
|
|-weather|RainDance|[upkeep]
|upkeep
|turn|16
|
|t:|1760850363
|move|p1a: The Writer|Ivy Cudgel|p2a: Pelipper|[anim] Ivy Cudgel Water
|-resisted|p2a: Pelipper
|-damage|p2a: Pelipper|0 fnt
|faint|p2a: Pelipper
|
|-weather|RainDance|[upkeep]
|upkeep
|
|t:|1760850366
|switch|p2a: Vaporeon|Vaporeon, M|100/100
|-damage|p2a: Vaporeon|88/100|[from] Stealth Rock
|turn|17
|
|t:|1760850369
|-terastallize|p2a: Vaporeon|Fairy
|move|p1a: The Writer|Horn Leech|p2a: Vaporeon
|-damage|p2a: Vaporeon|45/100
|-heal|p1a: The Writer|93/100|[from] drain|[of] p2a: Vaporeon
|move|p2a: Vaporeon|Surf|p1a: The Writer
|-resisted|p1a: The Writer
|-crit|p1a: The Writer
|-damage|p1a: The Writer|37/100
|
|-weather|RainDance|[upkeep]
|upkeep
|turn|18
|
|t:|1760850375
|move|p1a: The Writer|Ivy Cudgel|p2a: Vaporeon|[anim] Ivy Cudgel Water
|-damage|p2a: Vaporeon|0 fnt
|faint|p2a: Vaporeon
|
|-weather|RainDance|[upkeep]
|upkeep
|
|t:|1760850378
|switch|p2a: Qwilfish|Qwilfish-Hisui, M|18/100
|-damage|p2a: Qwilfish|6/100|[from] Stealth Rock
|turn|19
|
|t:|1760850380
|move|p2a: Qwilfish|Barb Barrage|p1a: The Writer
|-damage|p1a: The Writer|0 fnt
|faint|p1a: The Writer
|detailschange|p1: The Writer|Ogerpon-Wellspring, F|[silent]
|
|-weather|RainDance|[upkeep]
|upkeep
|
|t:|1760850384
|switch|p1a: Pokemon Shield|Zamazenta|100/100
|-item|p1a: Pokemon Shield|Air Balloon
|turn|20
|
|t:|1760850388
|move|p1a: Pokemon Shield|Detect|p1a: Pokemon Shield
|-singleturn|p1a: Pokemon Shield|Protect
|move|p2a: Qwilfish|Barb Barrage|p1a: Pokemon Shield
|-activate|p1a: Pokemon Shield|move: Protect
|
|-weather|RainDance|[upkeep]
|upkeep
|turn|21
|
|t:|1760850391
|move|p1a: Pokemon Shield|Shadow Sneak|p2a: Qwilfish
|-resisted|p2a: Qwilfish
|-damage|p2a: Qwilfish|0 fnt
|faint|p2a: Qwilfish
|
|-weather|RainDance|[upkeep]
|upkeep
|
|t:|1760850393
|switch|p2a: Krookodile|Krookodile, M|100/100
|-damage|p2a: Krookodile|94/100|[from] Stealth Rock
|turn|22
|
|t:|1760850397
|move|p1a: Pokemon Shield|Will-O-Wisp|p2a: Krookodile|[miss]
|-miss|p1a: Pokemon Shield|p2a: Krookodile
|move|p2a: Krookodile|Bulk Up|p2a: Krookodile
|-boost|p2a: Krookodile|atk|1
|-boost|p2a: Krookodile|def|1
|
|-weather|none
|upkeep
|turn|23
|
|t:|1760850400
|move|p1a: Pokemon Shield|Will-O-Wisp|p2a: Krookodile
|-status|p2a: Krookodile|brn
|move|p2a: Krookodile|Scale Shot|p1a: Pokemon Shield
|-damage|p1a: Pokemon Shield|88/100
|replace|p1a: Count St. Germain|Zoroark-Hisui, F, shiny
|-end|p1a: Count St. Germain|Illusion
|-enditem|p1a: Count St. Germain|Air Balloon
|-crit|p1a: Count St. Germain
|-damage|p1a: Count St. Germain|71/100
|-damage|p1a: Count St. Germain|58/100
|-damage|p1a: Count St. Germain|44/100
|-hitcount|p1a: Count St. Germain|4
|-unboost|p2a: Krookodile|def|1
|-boost|p2a: Krookodile|spe|1
|
|-damage|p2a: Krookodile|88/100 brn|[from] brn
|upkeep
|turn|24
|
|t:|1760850405
|switch|p1a: Pokemon Shield|Zamazenta|96/100
|move|p2a: Krookodile|Scale Shot|p1a: Pokemon Shield
|-damage|p1a: Pokemon Shield|90/100
|-damage|p1a: Pokemon Shield|85/100
|-damage|p1a: Pokemon Shield|80/100
|-damage|p1a: Pokemon Shield|74/100
|-hitcount|p1a: Pokemon Shield|4
|-unboost|p2a: Krookodile|def|1
|-boost|p2a: Krookodile|spe|1
|
|-heal|p1a: Pokemon Shield|80/100|[from] item: Leftovers
|-damage|p2a: Krookodile|82/100 brn|[from] brn
|upkeep
|turn|25
|
|t:|1760850408
|move|p2a: Krookodile|Bulk Up|p2a: Krookodile
|-boost|p2a: Krookodile|atk|1
|-boost|p2a: Krookodile|def|1
|move|p1a: Pokemon Shield|Close Combat|p2a: Krookodile
|-supereffective|p2a: Krookodile
|-damage|p2a: Krookodile|0 fnt
|-unboost|p1a: Pokemon Shield|def|1
|-unboost|p1a: Pokemon Shield|spd|1
|faint|p2a: Krookodile
|
|win|undertalethemovie
|raw|undertalethemovie's rating: 1113 &rarr; <strong>1138</strong><br />(+25 for winning)
|raw|arj.uno's rating: 1114 &rarr; <strong>1089</strong><br />(-25 for losing)
|l|☆arj.uno
|player|p2|
|l|☆undertalethemovie
|player|p1|
