|j|☆huey888
|j|☆jadhe
|t:|1760721027
|gametype|singles
|player|p1|huey888|bugcatcher-gen4dp|1334
|player|p2|jadhe|266|1252
|gen|9
|tier|[Gen 9] OU
|rated|
|rule|HP Percentage Mod: HP is shown in percentages
|rule|Endless Battle Clause: Forcing endless battles is banned
|rule|Species Clause: Limit one of each Pokémon
|rule|OHKO Clause: OHKO moves are banned
|rule|Evasion Items Clause: Evasion items are banned
|rule|Evasion Moves Clause: Evasion moves are banned
|rule|Evasion Abilities Clause: Evasion abilities are banned
|rule|Sleep Moves Clause: Sleep-inducing moves are banned
|clearpoke
|poke|p1|Mimikyu, M|
|poke|p1|Reuniclus, M|
|poke|p1|Ursaluna, M|
|poke|p1|Kingambit, M|
|poke|p1|Hoopa-Unbound|
|poke|p1|Hatterene, F|
|poke|p2|Gliscor, F|
|poke|p2|Tropius, F|
|poke|p2|Blaziken, F|
|poke|p2|Indeedee, M|
|poke|p2|Iron Treads|
|poke|p2|Latios, M|
|teampreview
|
|t:|1760721032
|teamsize|p1|6
|teamsize|p2|6
|start
|switch|p1a: Mimikyu|Mimikyu, M|100/100
|switch|p2a: Tropius|Tropius, F|100/100
|turn|1
|
|t:|1760721038
|move|p2a: Tropius|Leech Seed|p1a: Mimikyu
|-start|p1a: Mimikyu|move: Leech Seed
|move|p1a: Mimikyu|Trick Room|p1a: Mimikyu
|-fieldstart|move: Trick Room|[of] p1a: Mimikyu
|
|-damage|p1a: Mimikyu|88/100|[from] Leech Seed|[of] p2a: Tropius
|upkeep
|turn|2
|
|t:|1760721057
|switch|p1a: Hatterene|Hatterene, F|100/100
|move|p2a: Tropius|Substitute|p2a: Tropius
|-start|p2a: Tropius|Substitute
|-damage|p2a: Tropius|76/100
|
|upkeep
|turn|3
|
|t:|1760721065
|move|p1a: Hatterene|Mystical Fire|p2a: Tropius
|-supereffective|p2a: Tropius
|-end|p2a: Tropius|Substitute
|move|p2a: Tropius|Air Slash|p1a: Hatterene|[miss]
|-miss|p2a: Tropius|p1a: Hatterene
|
|upkeep
|turn|4
|
|t:|1760721073
|move|p2a: Tropius|Protect|p2a: Tropius
|-singleturn|p2a: Tropius|Protect
|move|p1a: Hatterene|Mystical Fire|p2a: Tropius
|-activate|p2a: Tropius|move: Protect
|
|upkeep
|turn|5
|
|t:|1760721079
|switch|p2a: Blaziken|Blaziken, F|100/100
|move|p1a: Hatterene|Mystical Fire|p2a: Blaziken
|-resisted|p2a: Blaziken
|-damage|p2a: Blaziken|79/100
|-unboost|p2a: Blaziken|spa|1
|
|-fieldend|move: Trick Room
|upkeep
|turn|6
|
|t:|1760721091
|move|p2a: Blaziken|Flare Blitz|p1a: Hatterene
|-damage|p1a: Hatterene|5/100
|-damage|p2a: Blaziken|45/100|[from] Recoil
|-damage|p2a: Blaziken|35/100|[from] item: Life Orb
|move|p1a: Hatterene|Trick Room|p1a: Hatterene
|-fieldstart|move: Trick Room|[of] p1a: Hatterene
|
|-ability|p2a: Blaziken|Speed Boost|boost
|-boost|p2a: Blaziken|spe|1
|upkeep
|turn|7
|
|t:|1760721105
|move|p2a: Blaziken|Protect|p2a: Blaziken
|-singleturn|p2a: Blaziken|Protect
|move|p1a: Hatterene|Draining Kiss|p2a: Blaziken
|-activate|p2a: Blaziken|move: Protect
|
|-ability|p2a: Blaziken|Speed Boost|boost
|-boost|p2a: Blaziken|spe|1
|upkeep
|turn|8
|
|t:|1760721118
|switch|p2a: Tropius|Tropius, F|76/100
|move|p1a: Hatterene|Draining Kiss|p2a: Tropius
|-damage|p2a: Tropius|45/100
|-heal|p1a: Hatterene|34/100|[from] drain|[of] p2a: Tropius
|-enditem|p2a: Tropius|Sitrus Berry|[eat]
|-heal|p2a: Tropius|70/100|[from] item: Sitrus Berry
|
|-item|p2a: Tropius|Sitrus Berry|[from] ability: Harvest
|upkeep
|turn|9
|
|t:|1760721129
|move|p2a: Tropius|Protect|p2a: Tropius
|-singleturn|p2a: Tropius|Protect
|move|p1a: Hatterene|Mystical Fire|p2a: Tropius
|-activate|p2a: Tropius|move: Protect
|
|upkeep
|turn|10
|
|t:|1760721135
|switch|p2a: Blaziken|Blaziken, F|35/100
|move|p1a: Hatterene|Mystical Fire|p2a: Blaziken
|-resisted|p2a: Blaziken
|-damage|p2a: Blaziken|12/100
|-unboost|p2a: Blaziken|spa|1
|
|-fieldend|move: Trick Room
|upkeep
|turn|11
|
|t:|1760721150
|move|p2a: Blaziken|Flare Blitz|p1a: Hatterene
|-damage|p1a: Hatterene|0 fnt
|faint|p1a: Hatterene
|-damage|p2a: Blaziken|1/100|[from] Recoil
|-damage|p2a: Blaziken|0 fnt|[from] item: Life Orb
|faint|p2a: Blaziken
|
|upkeep
|
|t:|1760721161
|switch|p2a: Tropius|Tropius, F|70/100
|switch|p1a: Mimikyu|Mimikyu, M|88/100
|turn|12
|
|t:|1760721167
|move|p2a: Tropius|Substitute|p2a: Tropius
|-start|p2a: Tropius|Substitute
|-damage|p2a: Tropius|45/100
|-enditem|p2a: Tropius|Sitrus Berry|[eat]
|-heal|p2a: Tropius|70/100|[from] item: Sitrus Berry
|move|p1a: Mimikyu|Trick Room|p1a: Mimikyu
|-fieldstart|move: Trick Room|[of] p1a: Mimikyu
|
|upkeep
|turn|13
|
|t:|1760721177
|move|p2a: Tropius|Leech Seed|p1a: Mimikyu
|-start|p1a: Mimikyu|move: Leech Seed
|move|p1a: Mimikyu|Play Rough|p2a: Tropius
|-end|p2a: Tropius|Substitute
|
|-damage|p1a: Mimikyu|76/100|[from] Leech Seed|[of] p2a: Tropius
|-heal|p2a: Tropius|79/100|[silent]
|upkeep
|turn|14
|
|t:|1760721189
|switch|p1a: Reuniclus|Reuniclus, M, shiny|100/100
|move|p2a: Tropius|Substitute|p2a: Tropius
|-start|p2a: Tropius|Substitute
|-damage|p2a: Tropius|54/100
|
|-item|p2a: Tropius|Sitrus Berry|[from] ability: Harvest
|upkeep
|turn|15
|
|t:|1760721199
|move|p1a: Reuniclus|Psychic Noise|p2a: Tropius
|-damage|p2a: Tropius|16/100
|-start|p2a: Tropius|move: Heal Block
|move|p2a: Tropius|Leech Seed|p1a: Reuniclus
|-start|p1a: Reuniclus|move: Leech Seed
|
|-damage|p1a: Reuniclus|88/100|[from] Leech Seed|[of] p2a: Tropius
|upkeep
|turn|16
|
|t:|1760721207
|move|p2a: Tropius|Protect|p2a: Tropius
|-singleturn|p2a: Tropius|Protect
|move|p1a: Reuniclus|Psychic Noise|p2a: Tropius
|-activate|p2a: Tropius|move: Protect
|
|-heal|p1a: Reuniclus|94/100|[from] item: Leftovers
|-damage|p1a: Reuniclus|82/100|[from] Leech Seed|[of] p2a: Tropius
|-end|p2a: Tropius|move: Heal Block
|-fieldend|move: Trick Room
|upkeep
|-enditem|p2a: Tropius|Sitrus Berry|[eat]
|-heal|p2a: Tropius|41/100|[from] item: Sitrus Berry
|turn|17
|
|t:|1760721224
|switch|p2a: Iron Treads|Iron Treads|100/100
|-enditem|p2a: Iron Treads|Booster Energy
|-activate|p2a: Iron Treads|ability: Quark Drive|[fromitem]
|-start|p2a: Iron Treads|quarkdrivespe
|move|p1a: Reuniclus|Psychic Noise|p2a: Iron Treads
|-resisted|p2a: Iron Treads
|-damage|p2a: Iron Treads|74/100
|-start|p2a: Iron Treads|move: Heal Block
|
|-heal|p1a: Reuniclus|88/100|[from] item: Leftovers
|-damage|p1a: Reuniclus|75/100|[from] Leech Seed|[of] p2a: Iron Treads
|upkeep
|turn|18
|
|t:|1760721240
|move|p2a: Iron Treads|Knock Off|p1a: Reuniclus
|-supereffective|p1a: Reuniclus
|-damage|p1a: Reuniclus|27/100
|-enditem|p1a: Reuniclus|Leftovers|[from] move: Knock Off|[of] p2a: Iron Treads
|move|p1a: Reuniclus|Trick Room|p1a: Reuniclus
|-fieldstart|move: Trick Room|[of] p1a: Reuniclus
|
|-damage|p1a: Reuniclus|15/100|[from] Leech Seed|[of] p2a: Iron Treads
|-end|p2a: Iron Treads|move: Heal Block
|upkeep
|turn|19
|
|t:|1760721253
|switch|p1a: Ursaluna|Ursaluna, M|100/100
|move|p2a: Iron Treads|Knock Off|p1a: Ursaluna
|-damage|p1a: Ursaluna|82/100
|-enditem|p1a: Ursaluna|Flame Orb|[from] move: Knock Off|[of] p2a: Iron Treads
|
|upkeep
|turn|20
|
|t:|1760721260
|-end|p2a: Iron Treads|Quark Drive|[silent]
|switch|p2a: Gliscor|Gliscor, F|100/100
|move|p1a: Ursaluna|Earthquake|p2a: Gliscor
|-immune|p2a: Gliscor
|
|-status|p2a: Gliscor|tox|[from] item: Toxic Orb
|upkeep
|turn|21
|
|t:|1760721269
|switch|p1a: Hoopa|Hoopa-Unbound|100/100
|move|p2a: Gliscor|Substitute|p2a: Gliscor
|-start|p2a: Gliscor|Substitute
|-damage|p2a: Gliscor|76/100 tox
|
|-heal|p2a: Gliscor|88/100 tox|[from] ability: Poison Heal
|upkeep
|turn|22
|
|t:|1760721278
|move|p1a: Hoopa|Hyperspace Fury|p2a: Gliscor
|-damage|p2a: Gliscor|50/100 tox
|-unboost|p1a: Hoopa|def|1
|move|p2a: Gliscor|Toxic|p1a: Hoopa
|-status|p1a: Hoopa|tox
|
|-damage|p1a: Hoopa|95/100 tox|[from] psn
|-heal|p2a: Gliscor|63/100 tox|[from] ability: Poison Heal
|-fieldend|move: Trick Room
|upkeep
|turn|23
|
|t:|1760721288
|move|p2a: Gliscor|Earthquake|p1a: Hoopa
|-damage|p1a: Hoopa|25/100 tox
|move|p1a: Hoopa|Psychic|p2a: Gliscor
|-crit|p2a: Gliscor
|-end|p2a: Gliscor|Substitute
|
|-heal|p2a: Gliscor|75/100 tox|[from] ability: Poison Heal
|-damage|p1a: Hoopa|13/100 tox|[from] psn
|upkeep
|turn|24
|
|t:|1760721298
|switch|p1a: Mimikyu|Mimikyu, M|76/100
|move|p2a: Gliscor|Substitute|p2a: Gliscor
|-start|p2a: Gliscor|Substitute
|-damage|p2a: Gliscor|50/100 tox
|
|-heal|p2a: Gliscor|63/100 tox|[from] ability: Poison Heal
|upkeep
|turn|25
|
|t:|1760721306
|move|p2a: Gliscor|Toxic|p1a: Mimikyu|[miss]
|-miss|p2a: Gliscor|p1a: Mimikyu
|move|p1a: Mimikyu|Trick Room|p1a: Mimikyu
|-fieldstart|move: Trick Room|[of] p1a: Mimikyu
|
|-heal|p2a: Gliscor|75/100 tox|[from] ability: Poison Heal
|upkeep
|turn|26
|
|t:|1760721313
|switch|p1a: Reuniclus|Reuniclus, M, shiny|48/100
|move|p2a: Gliscor|Toxic|p1a: Reuniclus
|-status|p1a: Reuniclus|tox
|
|-damage|p1a: Reuniclus|42/100 tox|[from] psn
|-heal|p2a: Gliscor|88/100 tox|[from] ability: Poison Heal
|upkeep
|turn|27
|
|t:|1760721323
|move|p1a: Reuniclus|Psychic Noise|p2a: Gliscor
|-damage|p2a: Gliscor|34/100 tox
|-start|p2a: Gliscor|move: Heal Block
|move|p2a: Gliscor|Earthquake|p1a: Reuniclus
|-damage|p1a: Reuniclus|6/100 tox
|
|-damage|p1a: Reuniclus|0 fnt|[from] psn
|faint|p1a: Reuniclus
|upkeep
|
|t:|1760721335
|switch|p1a: Hoopa|Hoopa-Unbound|13/100 tox
|turn|28
|
|t:|1760721342
|move|p2a: Gliscor|Protect|p2a: Gliscor
|-singleturn|p2a: Gliscor|Protect
|move|p1a: Hoopa|Hyperspace Fury|p2a: Gliscor
|-activate|p2a: Gliscor|move: Hyperspace Fury|[broken]
|-damage|p2a: Gliscor|0 fnt
|-unboost|p1a: Hoopa|def|1
|faint|p2a: Gliscor
|
|-damage|p1a: Hoopa|7/100 tox|[from] psn
|upkeep
|
|t:|1760721376
|switch|p2a: Tropius|Tropius, F|41/100
|turn|29
|
|t:|1760721387
|move|p2a: Tropius|Air Slash|p1a: Hoopa
|-damage|p1a: Hoopa|0 fnt
|faint|p1a: Hoopa
|
|-fieldend|move: Trick Room
|upkeep
|
|t:|1760721394
|switch|p1a: Mimikyu|Mimikyu, M|76/100
|turn|30
|
|t:|1760721398
|move|p2a: Tropius|Protect|p2a: Tropius
|-singleturn|p2a: Tropius|Protect
|move|p1a: Mimikyu|Trick Room|p1a: Mimikyu
|-fieldstart|move: Trick Room|[of] p1a: Mimikyu
|
|upkeep
|turn|31
|
|t:|1760721410
|switch|p2a: Iron Treads|Iron Treads|74/100
|move|p1a: Mimikyu|Play Rough|p2a: Iron Treads
|-resisted|p2a: Iron Treads
|-damage|p2a: Iron Treads|59/100
|
|upkeep
|turn|32
|
|t:|1760721418
|move|p1a: Mimikyu|Drain Punch|p2a: Iron Treads
|-supereffective|p2a: Iron Treads
|-damage|p2a: Iron Treads|24/100
|-heal|p1a: Mimikyu|97/100|[from] drain|[of] p2a: Iron Treads
|move|p2a: Iron Treads|Knock Off|p1a: Mimikyu
|-activate|p1a: Mimikyu|ability: Disguise
|-damage|p1a: Mimikyu|97/100
|-damage|p2a: Iron Treads|8/100|[from] item: Rocky Helmet|[of] p1a: Mimikyu
|-enditem|p1a: Mimikyu|Rocky Helmet|[from] move: Knock Off|[of] p2a: Iron Treads
|detailschange|p1a: Mimikyu|Mimikyu-Busted, M
|-damage|p1a: Mimikyu|84/100|[from] pokemon: Mimikyu-Busted
|
|upkeep
|turn|33
|
|t:|1760721432
|move|p1a: Mimikyu|Shadow Claw|p2a: Iron Treads
|-damage|p2a: Iron Treads|0 fnt
|faint|p2a: Iron Treads
|-end|p2a: Iron Treads|Quark Drive|[silent]
|
|upkeep
|
|t:|1760721436
|switch|p2a: Tropius|Tropius, F|41/100
|turn|34
|
|t:|1760721444
|move|p2a: Tropius|Protect|p2a: Tropius
|-singleturn|p2a: Tropius|Protect
|move|p1a: Mimikyu|Play Rough|p2a: Tropius
|-activate|p2a: Tropius|move: Protect
|
|-fieldend|move: Trick Room
|-item|p2a: Tropius|Sitrus Berry|[from] ability: Harvest
|upkeep
|-enditem|p2a: Tropius|Sitrus Berry|[eat]
|-heal|p2a: Tropius|65/100|[from] item: Sitrus Berry
|turn|35
|
|t:|1760721453
|move|p2a: Tropius|Substitute|p2a: Tropius
|-start|p2a: Tropius|Substitute
|-damage|p2a: Tropius|41/100
|move|p1a: Mimikyu|Trick Room|p1a: Mimikyu
|-fieldstart|move: Trick Room|[of] p1a: Mimikyu
|
|upkeep
|turn|36
|
|t:|1760721466
|move|p2a: Tropius|Protect|p2a: Tropius
|-singleturn|p2a: Tropius|Protect
|move|p1a: Mimikyu|Play Rough|p2a: Tropius
|-activate|p2a: Tropius|move: Protect
|
|-item|p2a: Tropius|Sitrus Berry|[from] ability: Harvest
|upkeep
|-enditem|p2a: Tropius|Sitrus Berry|[eat]
|-heal|p2a: Tropius|65/100|[from] item: Sitrus Berry
|turn|37
|
|t:|1760721476
|move|p2a: Tropius|Leech Seed|p1a: Mimikyu
|-start|p1a: Mimikyu|move: Leech Seed
|move|p1a: Mimikyu|Play Rough|p2a: Tropius|[miss]
|-miss|p1a: Mimikyu|p2a: Tropius
|
|-damage|p1a: Mimikyu|72/100|[from] Leech Seed|[of] p2a: Tropius
|-heal|p2a: Tropius|75/100|[silent]
|-item|p2a: Tropius|Sitrus Berry|[from] ability: Harvest
|upkeep
|turn|38
|
|t:|1760721486
|switch|p1a: Kingambit|Kingambit, M|100/100
|-activate|p1a: Kingambit|ability: Supreme Overlord
|-start|p1a: Kingambit|fallen3|[silent]
|move|p2a: Tropius|Air Slash|p1a: Kingambit
|-resisted|p1a: Kingambit
|-damage|p1a: Kingambit|88/100
|
|-heal|p1a: Kingambit|94/100|[from] item: Leftovers
|upkeep
|turn|39
|
|t:|1760721496
|move|p1a: Kingambit|Kowtow Cleave|p2a: Tropius
|-end|p2a: Tropius|Substitute
|move|p2a: Tropius|Leech Seed|p1a: Kingambit
|-start|p1a: Kingambit|move: Leech Seed
|
|-heal|p1a: Kingambit|99/100|[from] item: Leftovers
|-damage|p1a: Kingambit|88/100|[from] Leech Seed|[of] p2a: Tropius
|-heal|p2a: Tropius|88/100|[silent]
|-fieldend|move: Trick Room
|upkeep
|turn|40
|
|t:|1760721506
|move|p2a: Tropius|Substitute|p2a: Tropius
|-start|p2a: Tropius|Substitute
|-damage|p2a: Tropius|63/100
|move|p1a: Kingambit|Swords Dance|p1a: Kingambit
|-boost|p1a: Kingambit|atk|2
|
|-heal|p1a: Kingambit|94/100|[from] item: Leftovers
|-damage|p1a: Kingambit|81/100|[from] Leech Seed|[of] p2a: Tropius
|-heal|p2a: Tropius|75/100|[silent]
|upkeep
|turn|41
|
|t:|1760721514
|move|p2a: Tropius|Protect|p2a: Tropius
|-singleturn|p2a: Tropius|Protect
|move|p1a: Kingambit|Kowtow Cleave|p2a: Tropius
|-activate|p2a: Tropius|move: Protect
|
|-heal|p1a: Kingambit|88/100|[from] item: Leftovers
|-damage|p1a: Kingambit|75/100|[from] Leech Seed|[of] p2a: Tropius
|-heal|p2a: Tropius|88/100|[silent]
|upkeep
|turn|42
|
|t:|1760721524
|move|p2a: Tropius|Air Slash|p1a: Kingambit
|-resisted|p1a: Kingambit
|-damage|p1a: Kingambit|62/100
|cant|p1a: Kingambit|flinch
|
|-heal|p1a: Kingambit|68/100|[from] item: Leftovers
|-damage|p1a: Kingambit|55/100|[from] Leech Seed|[of] p2a: Tropius
|-heal|p2a: Tropius|99/100|[silent]
|upkeep
|turn|43
|
|t:|1760721538
|move|p2a: Tropius|Protect|p2a: Tropius
|-singleturn|p2a: Tropius|Protect
|move|p1a: Kingambit|Kowtow Cleave|p2a: Tropius
|-activate|p2a: Tropius|move: Protect
|
|-heal|p1a: Kingambit|62/100|[from] item: Leftovers
|-damage|p1a: Kingambit|49/100|[from] Leech Seed|[of] p2a: Tropius
|-heal|p2a: Tropius|100/100|[silent]
|upkeep
|turn|44
|
|t:|1760721546
|move|p2a: Tropius|Air Slash|p1a: Kingambit
|-resisted|p1a: Kingambit
|-damage|p1a: Kingambit|35/100
|cant|p1a: Kingambit|flinch
|
|-heal|p1a: Kingambit|41/100|[from] item: Leftovers
|-damage|p1a: Kingambit|29/100|[from] Leech Seed|[of] p2a: Tropius
|upkeep
|turn|45
|
|t:|1760721554
|-end|p1a: Kingambit|fallen3|[silent]
|switch|p1a: Ursaluna|Ursaluna, M|82/100
|move|p2a: Tropius|Protect||[still]
|-fail|p2a: Tropius
|
|upkeep
|turn|46
|
|t:|1760721562
|move|p2a: Tropius|Leech Seed|p1a: Ursaluna
|-start|p1a: Ursaluna|move: Leech Seed
|move|p1a: Ursaluna|Curse|p1a: Ursaluna
|-unboost|p1a: Ursaluna|spe|1
|-boost|p1a: Ursaluna|atk|1
|-boost|p1a: Ursaluna|def|1
|
|-damage|p1a: Ursaluna|69/100|[from] Leech Seed|[of] p2a: Tropius
|upkeep
|turn|47
|
|t:|1760721571
|move|p2a: Tropius|Air Slash|p1a: Ursaluna
|-damage|p1a: Ursaluna|44/100
|move|p1a: Ursaluna|Facade|p2a: Tropius
|-end|p2a: Tropius|Substitute
|
|-damage|p1a: Ursaluna|32/100|[from] Leech Seed|[of] p2a: Tropius
|upkeep
|turn|48
|
|t:|1760721580
|move|p2a: Tropius|Protect|p2a: Tropius
|-singleturn|p2a: Tropius|Protect
|move|p1a: Ursaluna|Facade|p2a: Tropius
|-activate|p2a: Tropius|move: Protect
|
|-damage|p1a: Ursaluna|19/100|[from] Leech Seed|[of] p2a: Tropius
|upkeep
|turn|49
|
|t:|1760721587
|move|p2a: Tropius|Substitute|p2a: Tropius
|-start|p2a: Tropius|Substitute
|-damage|p2a: Tropius|76/100
|move|p1a: Ursaluna|Facade|p2a: Tropius
|-end|p2a: Tropius|Substitute
|
|-damage|p1a: Ursaluna|7/100|[from] Leech Seed|[of] p2a: Tropius
|-heal|p2a: Tropius|90/100|[silent]
|upkeep
|turn|50
|
|t:|1760721594
|move|p2a: Tropius|Protect|p2a: Tropius
|-singleturn|p2a: Tropius|Protect
|move|p1a: Ursaluna|Facade|p2a: Tropius
|-activate|p2a: Tropius|move: Protect
|
|-damage|p1a: Ursaluna|0 fnt|[from] Leech Seed|[of] p2a: Tropius
|-heal|p2a: Tropius|97/100|[silent]
|faint|p1a: Ursaluna
|upkeep
|inactive|Battle timer is ON: inactive players will automatically lose when time's up. (requested by jadhe)
|
|t:|1760721609
|switch|p1a: Kingambit|Kingambit, M|29/100
|-activate|p1a: Kingambit|ability: Supreme Overlord
|-start|p1a: Kingambit|fallen4|[silent]
|turn|51
|
|t:|1760721615
|move|p2a: Tropius|Leech Seed|p1a: Kingambit
|-start|p1a: Kingambit|move: Leech Seed
|move|p1a: Kingambit|Swords Dance|p1a: Kingambit
|-boost|p1a: Kingambit|atk|2
|
|-heal|p1a: Kingambit|35/100|[from] item: Leftovers
|-damage|p1a: Kingambit|23/100|[from] Leech Seed|[of] p2a: Tropius
|-heal|p2a: Tropius|100/100|[silent]
|upkeep
|turn|52
|
|t:|1760721625
|move|p2a: Tropius|Protect|p2a: Tropius
|-singleturn|p2a: Tropius|Protect
|move|p1a: Kingambit|Kowtow Cleave|p2a: Tropius
|-activate|p2a: Tropius|move: Protect
|
|-heal|p1a: Kingambit|29/100|[from] item: Leftovers
|-damage|p1a: Kingambit|16/100|[from] Leech Seed|[of] p2a: Tropius
|upkeep
|turn|53
|
|t:|1760721642
|move|p2a: Tropius|Substitute|p2a: Tropius
|-start|p2a: Tropius|Substitute
|-damage|p2a: Tropius|76/100
|move|p1a: Kingambit|Kowtow Cleave|p2a: Tropius
|-end|p2a: Tropius|Substitute
|
|-heal|p1a: Kingambit|23/100|[from] item: Leftovers
|-damage|p1a: Kingambit|10/100|[from] Leech Seed|[of] p2a: Tropius
|-heal|p2a: Tropius|88/100|[silent]
|upkeep
|turn|54
|
|t:|1760721651
|move|p2a: Tropius|Protect|p2a: Tropius
|-singleturn|p2a: Tropius|Protect
|move|p1a: Kingambit|Kowtow Cleave|p2a: Tropius
|-activate|p2a: Tropius|move: Protect
|
|-heal|p1a: Kingambit|16/100|[from] item: Leftovers
|-damage|p1a: Kingambit|4/100|[from] Leech Seed|[of] p2a: Tropius
|-heal|p2a: Tropius|100/100|[silent]
|upkeep
|turn|55
|-message|huey888 forfeited.
|
|win|jadhe
|raw|huey888's rating: 1334 &rarr; <strong>1309</strong><br />(-25 for losing)
|raw|jadhe's rating: 1252 &rarr; <strong>1283</strong><br />(+31 for winning)
|l|☆huey888
|player|p1|
|l|☆jadhe
|player|p2|
