|j|☆kantoking1307
|j|☆Tirpo8
|t:|1760741144
|gametype|singles
|player|p1|kantoking1307|shadowtriad|1493
|player|p2|Tirpo8|elesa|1564
|gen|9
|tier|[Gen 9] OU
|rated|
|rule|HP Percentage Mod: HP is shown in percentages
|rule|Endless Battle Clause: Forcing endless battles is banned
|rule|Species Clause: Limit one of each Pokémon
|rule|OHKO Clause: OHKO moves are banned
|rule|Evasion Items Clause: Evasion items are banned
|rule|Evasion Moves Clause: Evasion moves are banned
|rule|Evasion Abilities Clause: Evasion abilities are banned
|rule|Sleep Moves Clause: Sleep-inducing moves are banned
|clearpoke
|poke|p1|Jolteon, M|
|poke|p1|Gyarados, M|
|poke|p1|Arcanine-Hisui, M|
|poke|p1|Corviknight, M|
|poke|p1|Scizor, M|
|poke|p1|Mew|
|poke|p2|Heatran, M|
|poke|p2|Primarina, F|
|poke|p2|Great Tusk|
|poke|p2|Rillaboom, M|
|poke|p2|Pecharunt|
|poke|p2|Latios, M|
|teampreview
|inactive|Battle timer is ON: inactive players will automatically lose when time's up. (requested by Tirpo8)
|
|t:|1760741200
|teamsize|p1|6
|teamsize|p2|6
|start
|switch|p1a: Arcanine|Arcanine-Hisui, M|100/100
|switch|p2a: Heatran|Heatran, M|100/100
|turn|1
|inactive|kantoking1307 has 120 seconds left.
|
|t:|1760741251
|-terastallize|p2a: Heatran|Grass
|move|p1a: Arcanine|Close Combat|p2a: Heatran
|-damage|p2a: Heatran|39/100
|-unboost|p1a: Arcanine|def|1
|-unboost|p1a: Arcanine|spd|1
|move|p2a: Heatran|Earth Power|p1a: Arcanine
|-supereffective|p1a: Arcanine
|-damage|p1a: Arcanine|0 fnt
|faint|p1a: Arcanine
|
|-heal|p2a: Heatran|45/100|[from] item: Leftovers
|upkeep
|inactive|kantoking1307 has 90 seconds left.
|inactive|kantoking1307 has 60 seconds left.
|
|t:|1760741321
|switch|p1a: Mew|Mew, shiny|100/100
|turn|2
|
|t:|1760741346
|move|p2a: Heatran|Taunt|p1a: Mew
|-start|p1a: Mew|move: Taunt
|cant|p1a: Mew|move: Taunt|Nasty Plot
|
|-heal|p2a: Heatran|52/100|[from] item: Leftovers
|upkeep
|turn|3
|
|t:|1760741357
|switch|p2a: Latios|Latios, M|100/100
|switch|p1a: Gyarados|Gyarados, M|100/100
|
|upkeep
|turn|4
|
|t:|1760741361
|move|p2a: Latios|Trick|p1a: Gyarados
|-activate|p2a: Latios|move: Trick|[of] p1a: Gyarados
|-item|p1a: Gyarados|Choice Scarf|[from] move: Trick
|-item|p2a: Latios|Lum Berry|[from] move: Trick
|move|p1a: Gyarados|Dragon Dance|p1a: Gyarados
|-boost|p1a: Gyarados|atk|1
|-boost|p1a: Gyarados|spe|1
|
|upkeep
|turn|5
|inactive|kantoking1307 has 60 seconds left.
|
|t:|1760741369
|switch|p1a: Scizor|Scizor, M|100/100
|move|p2a: Latios|Luster Purge|p1a: Scizor
|-resisted|p1a: Scizor
|-damage|p1a: Scizor|73/100
|-unboost|p1a: Scizor|spd|1
|
|upkeep
|turn|6
|
|t:|1760741376
|switch|p2a: Pecharunt|Pecharunt|100/100
|move|p1a: Scizor|U-turn|p2a: Pecharunt
|-resisted|p2a: Pecharunt
|-damage|p2a: Pecharunt|94/100
|-damage|p1a: Scizor|56/100|[from] item: Rocky Helmet|[of] p2a: Pecharunt
|inactive|kantoking1307 has 60 seconds left.
|
|t:|1760741388
|switch|p1a: Mew|Mew, shiny|100/100|[from] U-turn
|
|upkeep
|turn|7
|
|t:|1760741391
|move|p1a: Mew|Nasty Plot|p1a: Mew
|-boost|p1a: Mew|spa|2
|move|p2a: Pecharunt|Parting Shot|p1a: Mew
|-unboost|p1a: Mew|atk|1
|-unboost|p1a: Mew|spa|1
|
|t:|1760741398
|switch|p2a: Rillaboom|Rillaboom, M|100/100|[from] Parting Shot
|-fieldstart|move: Grassy Terrain|[from] ability: Grassy Surge|[of] p2a: Rillaboom
|
|upkeep
|turn|8
|
|t:|1760741415
|-terastallize|p1a: Mew|Fairy
|move|p2a: Rillaboom|Knock Off|p1a: Mew
|-resisted|p1a: Mew
|-damage|p1a: Mew|76/100
|-enditem|p1a: Mew|Sitrus Berry|[from] move: Knock Off|[of] p2a: Rillaboom
|move|p1a: Mew|Nasty Plot|p1a: Mew
|-boost|p1a: Mew|spa|2
|
|-heal|p1a: Mew|82/100|[from] Grassy Terrain
|upkeep
|turn|9
|
|t:|1760741426
|switch|p2a: Heatran|Heatran, M, tera:Grass|52/100
|move|p1a: Mew|Draining Kiss|p2a: Heatran
|-damage|p2a: Heatran|0 fnt
|-heal|p1a: Mew|100/100|[from] drain|[of] p2a: Heatran
|faint|p2a: Heatran
|
|upkeep
|
|t:|1760741435
|switch|p2a: Pecharunt|Pecharunt|94/100
|turn|10
|
|t:|1760741439
|move|p1a: Mew|Psychic|p2a: Pecharunt
|-supereffective|p2a: Pecharunt
|-damage|p2a: Pecharunt|0 fnt
|faint|p2a: Pecharunt
|
|upkeep
|
|t:|1760741442
|switch|p2a: Primarina|Primarina, F|100/100
|turn|11
|
|t:|1760741447
|move|p1a: Mew|Psychic|p2a: Primarina
|-damage|p2a: Primarina|34/100
|move|p2a: Primarina|Psychic Noise|p1a: Mew
|-damage|p1a: Mew|76/100
|-start|p1a: Mew|move: Heal Block
|
|-heal|p2a: Primarina|40/100|[from] Grassy Terrain
|-fieldend|move: Grassy Terrain
|upkeep
|turn|12
|
|t:|1760741457
|move|p1a: Mew|Psychic|p2a: Primarina
|-damage|p2a: Primarina|0 fnt
|faint|p2a: Primarina
|
|-end|p1a: Mew|move: Heal Block
|upkeep
|
|t:|1760741461
|switch|p2a: Rillaboom|Rillaboom, M|100/100
|-fieldstart|move: Grassy Terrain|[from] ability: Grassy Surge|[of] p2a: Rillaboom
|turn|13
|
|t:|1760741465
|move|p2a: Rillaboom|Grassy Glide|p1a: Mew
|-damage|p1a: Mew|21/100
|move|p1a: Mew|Draining Kiss|p2a: Rillaboom
|-damage|p2a: Rillaboom|8/100
|-heal|p1a: Mew|91/100|[from] drain|[of] p2a: Rillaboom
|
|-heal|p2a: Rillaboom|14/100|[from] Grassy Terrain
|-heal|p1a: Mew|97/100|[from] Grassy Terrain
|upkeep
|turn|14
|inactive|kantoking1307 has 120 seconds left.
|
|t:|1760741473
|move|p2a: Rillaboom|Grassy Glide|p1a: Mew
|-damage|p1a: Mew|47/100
|move|p1a: Mew|Draining Kiss|p2a: Rillaboom
|-damage|p2a: Rillaboom|0 fnt
|-heal|p1a: Mew|57/100|[from] drain|[of] p2a: Rillaboom
|faint|p2a: Rillaboom
|
|-heal|p1a: Mew|64/100|[from] Grassy Terrain
|upkeep
|
|t:|1760741476
|switch|p2a: Latios|Latios, M|100/100
|turn|15
|-message|Tirpo8 forfeited.
|
|win|kantoking1307
|raw|kantoking1307's rating: 1493 &rarr; <strong>1517</strong><br />(+24 for winning)
|raw|Tirpo8's rating: 1564 &rarr; <strong>1540</strong><br />(-24 for losing)
|l|☆Tirpo8
|player|p2|
