|j|☆DDanMurp
|j|☆fan_de_buizel
|t:|1760743877
|gametype|singles
|player|p1|DDanMurp|101|1409
|player|p2|fan_de_buizel|chuck|1443
|gen|9
|tier|[Gen 9] OU
|rated|
|rule|HP Percentage Mod: HP is shown in percentages
|rule|Endless Battle Clause: Forcing endless battles is banned
|rule|Species Clause: Limit one of each Pokémon
|rule|OHKO Clause: OHKO moves are banned
|rule|Evasion Items Clause: Evasion items are banned
|rule|Evasion Moves Clause: Evasion moves are banned
|rule|Evasion Abilities Clause: Evasion abilities are banned
|rule|Sleep Moves Clause: Sleep-inducing moves are banned
|clearpoke
|poke|p1|Thundurus, M|
|poke|p1|Iron Valiant|
|poke|p1|Iron Treads|
|poke|p1|Raging Bolt|
|poke|p1|Iron Hands|
|poke|p1|Iron Leaves|
|poke|p2|Quagsire, F|
|poke|p2|Clefable, M|
|poke|p2|Kingambit, F|
|poke|p2|Ting-Lu|
|poke|p2|Moltres|
|poke|p2|Deoxys-Speed|
|teampreview
|inactive|Battle timer is ON: inactive players will automatically lose when time's up. (requested by fan_de_buizel)
|
|t:|1760743886
|teamsize|p1|6
|teamsize|p2|6
|start
|switch|p1a: HeHeHeHa!|Thundurus, M|100/100
|switch|p2a: Deoxys|Deoxys-Speed|100/100
|-ability|p2a: Deoxys|Pressure
|turn|1
|
|t:|1760743894
|move|p1a: HeHeHeHa!|Electric Terrain|p1a: HeHeHeHa!
|-fieldstart|move: Electric Terrain
|move|p2a: Deoxys|Stealth Rock|p1a: HeHeHeHa!
|-sidestart|p1: DDanMurp|move: Stealth Rock
|
|upkeep
|turn|2
|
|t:|1760743900
|switch|p2a: Ting-Lu|Ting-Lu|100/100
|-ability|p2a: Ting-Lu|Vessel of Ruin
|move|p1a: HeHeHeHa!|Knock Off|p2a: Ting-Lu
|-resisted|p2a: Ting-Lu
|-damage|p2a: Ting-Lu|93/100
|-enditem|p2a: Ting-Lu|Leftovers|[from] move: Knock Off|[of] p1a: HeHeHeHa!
|
|upkeep
|turn|3
|
|t:|1760743909
|move|p1a: HeHeHeHa!|U-turn|p2a: Ting-Lu
|-supereffective|p2a: Ting-Lu
|-damage|p2a: Ting-Lu|68/100
|
|t:|1760743915
|switch|p1a: Iron Leaves|Iron Leaves|100/100|[from] U-turn
|-damage|p1a: Iron Leaves|88/100|[from] Stealth Rock
|-activate|p1a: Iron Leaves|ability: Quark Drive
|-start|p1a: Iron Leaves|quarkdrivespe
|move|p2a: Ting-Lu|Spikes|p1a: Iron Leaves
|-sidestart|p1: DDanMurp|Spikes
|
|upkeep
|turn|4
|
|t:|1760743924
|move|p1a: Iron Leaves|Swords Dance|p1a: Iron Leaves
|-boost|p1a: Iron Leaves|atk|2
|move|p2a: Ting-Lu|Ruination|p1a: Iron Leaves
|-damage|p1a: Iron Leaves|44/100
|
|upkeep
|turn|5
|
|t:|1760743927
|move|p1a: Iron Leaves|Leaf Blade|p2a: Ting-Lu
|-supereffective|p2a: Ting-Lu
|-damage|p2a: Ting-Lu|0 fnt
|faint|p2a: Ting-Lu
|
|upkeep
|
|t:|1760743933
|switch|p2a: Kingambit|Kingambit, F|100/100
|-activate|p2a: Kingambit|ability: Supreme Overlord
|-start|p2a: Kingambit|fallen1|[silent]
|turn|6
|
|t:|1760743938
|-terastallize|p1a: Iron Leaves|Fairy
|move|p2a: Kingambit|Sucker Punch|p1a: Iron Leaves
|-resisted|p1a: Iron Leaves
|-damage|p1a: Iron Leaves|14/100
|move|p1a: Iron Leaves|Close Combat|p2a: Kingambit
|-supereffective|p2a: Kingambit
|-damage|p2a: Kingambit|0 fnt
|-unboost|p1a: Iron Leaves|def|1
|-unboost|p1a: Iron Leaves|spd|1
|faint|p2a: Kingambit
|-end|p2a: Kingambit|fallen1|[silent]
|
|upkeep
|
|t:|1760743958
|switch|p2a: Moltres|Moltres|100/100
|turn|7
|
|t:|1760743976
|move|p1a: Iron Leaves|Psyblade|p2a: Moltres
|-damage|p2a: Moltres|15/100
|-status|p1a: Iron Leaves|brn|[from] ability: Flame Body|[of] p2a: Moltres
|move|p2a: Moltres|Flamethrower|p1a: Iron Leaves
|-damage|p1a: Iron Leaves|0 fnt
|faint|p1a: Iron Leaves
|-end|p1a: Iron Leaves|Quark Drive|[silent]
|
|upkeep
|inactive|DDanMurp has 120 seconds left.
|
|t:|1760743998
|switch|p1a: Iron Valiant|Iron Valiant|100/100
|-damage|p1a: Iron Valiant|94/100|[from] Stealth Rock
|-damage|p1a: Iron Valiant|82/100|[from] Spikes
|-activate|p1a: Iron Valiant|ability: Quark Drive
|-start|p1a: Iron Valiant|quarkdrivespe
|turn|8
|
|t:|1760744004
|move|p1a: Iron Valiant|Thunderbolt|p2a: Moltres
|-supereffective|p2a: Moltres
|-damage|p2a: Moltres|0 fnt
|faint|p2a: Moltres
|
|-fieldend|move: Electric Terrain
|-end|p1a: Iron Valiant|Quark Drive
|upkeep
|
|t:|1760744014
|switch|p2a: Deoxys|Deoxys-Speed|100/100
|-ability|p2a: Deoxys|Pressure
|turn|9
|inactive|DDanMurp has 120 seconds left.
|
|t:|1760744053
|-end|p1a: Iron Valiant|Quark Drive|[silent]
|switch|p1a: Iron Treads|Iron Treads|100/100
|-damage|p1a: Iron Treads|97/100|[from] Stealth Rock
|-damage|p1a: Iron Treads|85/100|[from] Spikes
|move|p2a: Deoxys|Psychic Noise|p1a: Iron Treads
|-resisted|p1a: Iron Treads
|-damage|p1a: Iron Treads|68/100
|-start|p1a: Iron Treads|move: Heal Block
|
|upkeep
|turn|10
|
|t:|1760744060
|move|p2a: Deoxys|Superpower|p1a: Iron Treads
|-supereffective|p1a: Iron Treads
|-crit|p1a: Iron Treads
|-damage|p1a: Iron Treads|9/100
|-unboost|p2a: Deoxys|atk|1
|-unboost|p2a: Deoxys|def|1
|move|p1a: Iron Treads|Rapid Spin|p2a: Deoxys
|-damage|p2a: Deoxys|77/100
|-boost|p1a: Iron Treads|spe|1
|-sideend|p1: DDanMurp|Spikes|[from] move: Rapid Spin|[of] p1a: Iron Treads
|-sideend|p1: DDanMurp|Stealth Rock|[from] move: Rapid Spin|[of] p1a: Iron Treads
|-enditem|p2a: Deoxys|Red Card|[of] p1a: Iron Treads
|-end|p1a: Iron Treads|Quark Drive|[silent]
|drag|p1a: Iron Valiant|Iron Valiant|82/100
|
|upkeep
|turn|11
|inactive|DDanMurp has 120 seconds left.
|
|t:|1760744073
|-end|p1a: Iron Valiant|Quark Drive|[silent]
|switch|p1a: HeHeHeHa!|Thundurus, M|100/100
|move|p2a: Deoxys|Psychic Noise|p1a: HeHeHeHa!
|-damage|p1a: HeHeHeHa!|67/100
|-start|p1a: HeHeHeHa!|move: Heal Block
|
|upkeep
|turn|12
|
|t:|1760744080
|switch|p2a: Quagsire|Quagsire, F|100/100
|move|p1a: HeHeHeHa!|Knock Off|p2a: Quagsire
|-damage|p2a: Quagsire|79/100
|-enditem|p2a: Quagsire|Leftovers|[from] move: Knock Off|[of] p1a: HeHeHeHa!
|
|-end|p1a: HeHeHeHa!|move: Heal Block
|upkeep
|turn|13
|
|t:|1760744087
|move|p1a: HeHeHeHa!|Electric Terrain|p1a: HeHeHeHa!
|-fieldstart|move: Electric Terrain
|move|p2a: Quagsire|Liquidation|p1a: HeHeHeHa!
|-damage|p1a: HeHeHeHa!|28/100
|
|upkeep
|turn|14
|inactive|DDanMurp has 120 seconds left.
|
|t:|1760744120
|move|p1a: HeHeHeHa!|U-turn|p2a: Quagsire
|-damage|p2a: Quagsire|64/100
|
|t:|1760744125
|switch|p1a: Iron Hands|Iron Hands|100/100|[from] U-turn
|-activate|p1a: Iron Hands|ability: Quark Drive
|-start|p1a: Iron Hands|quarkdriveatk
|move|p2a: Quagsire|Earthquake|p1a: Iron Hands
|-supereffective|p1a: Iron Hands
|-enditem|p1a: Iron Hands|Shuca Berry|[eat]
|-enditem|p1a: Iron Hands|Shuca Berry|[weaken]
|-damage|p1a: Iron Hands|82/100
|
|upkeep
|turn|15
|inactive|DDanMurp has 120 seconds left.
|
|t:|1760744153
|move|p1a: Iron Hands|Swords Dance|p1a: Iron Hands
|-boost|p1a: Iron Hands|atk|2
|move|p2a: Quagsire|Earthquake|p1a: Iron Hands
|-supereffective|p1a: Iron Hands
|-damage|p1a: Iron Hands|44/100
|
|upkeep
|turn|16
|
|t:|1760744156
|move|p1a: Iron Hands|Drain Punch|p2a: Quagsire
|-damage|p2a: Quagsire|21/100
|-heal|p1a: Iron Hands|63/100|[from] drain|[of] p2a: Quagsire
|move|p2a: Quagsire|Earthquake|p1a: Iron Hands
|-supereffective|p1a: Iron Hands
|-damage|p1a: Iron Hands|29/100
|
|upkeep
|turn|17
|inactive|DDanMurp has 120 seconds left.
|
|t:|1760744166
|move|p1a: Iron Hands|Drain Punch|p2a: Quagsire
|-damage|p2a: Quagsire|0 fnt
|-heal|p1a: Iron Hands|38/100|[from] drain|[of] p2a: Quagsire
|faint|p2a: Quagsire
|
|upkeep
|
|t:|1760744169
|switch|p2a: Deoxys|Deoxys-Speed|77/100
|-ability|p2a: Deoxys|Pressure
|turn|18
|inactive|DDanMurp has 120 seconds left.
|
|t:|1760744191
|-end|p1a: Iron Hands|Quark Drive|[silent]
|switch|p1a: Iron Treads|Iron Treads|9/100
|-activate|p1a: Iron Treads|ability: Quark Drive
|-start|p1a: Iron Treads|quarkdrivespe
|move|p2a: Deoxys|Psychic Noise|p1a: Iron Treads
|-resisted|p1a: Iron Treads
|-damage|p1a: Iron Treads|0 fnt
|faint|p1a: Iron Treads
|-end|p1a: Iron Treads|Quark Drive|[silent]
|
|upkeep
|
|t:|1760744197
|switch|p1a: Iron Valiant|Iron Valiant|82/100
|-activate|p1a: Iron Valiant|ability: Quark Drive
|-start|p1a: Iron Valiant|quarkdrivespe
|turn|19
|inactive|DDanMurp has 120 seconds left.
|
|t:|1760744203
|switch|p2a: Clefable|Clefable, M|100/100
|move|p1a: Iron Valiant|Moonblast|p2a: Clefable
|-damage|p2a: Clefable|33/100
|-unboost|p2a: Clefable|spa|1
|
|-heal|p2a: Clefable|39/100|[from] item: Leftovers
|upkeep
|turn|20
|
|t:|1760744208
|move|p1a: Iron Valiant|Moonblast|p2a: Clefable
|-damage|p2a: Clefable|0 fnt
|faint|p2a: Clefable
|
|-fieldend|move: Electric Terrain
|-end|p1a: Iron Valiant|Quark Drive
|upkeep
|
|t:|1760744210
|switch|p2a: Deoxys|Deoxys-Speed|77/100
|-ability|p2a: Deoxys|Pressure
|turn|21
|inactive|DDanMurp has 120 seconds left.
|
|t:|1760744237
|-end|p1a: Iron Valiant|Quark Drive|[silent]
|switch|p1a: Raging Bolt|Raging Bolt|100/100
|move|p2a: Deoxys|Psychic Noise|p1a: Raging Bolt
|-damage|p1a: Raging Bolt|89/100
|-start|p1a: Raging Bolt|move: Heal Block
|
|upkeep
|turn|22
|inactive|DDanMurp has 120 seconds left.
|
|t:|1760744252
|move|p2a: Deoxys|Stealth Rock|p1a: Raging Bolt
|-sidestart|p1: DDanMurp|move: Stealth Rock
|move|p1a: Raging Bolt|Thunderbolt|p2a: Deoxys
|-crit|p2a: Deoxys
|-damage|p2a: Deoxys|0 fnt
|faint|p2a: Deoxys
|
|win|DDanMurp
|raw|DDanMurp's rating: 1409 &rarr; <strong>1431</strong><br />(+22 for winning)
|raw|fan_de_buizel's rating: 1443 &rarr; <strong>1421</strong><br />(-22 for losing)
|l|☆fan_de_buizel
|player|p2|
|l|☆DDanMurp
|player|p1|
