|j|☆veneno3
|j|☆OUOG Sindicate
|t:|1760845995
|gametype|singles
|player|p1|veneno3|galacticgrunt|1568
|player|p2|OUOG Sindicate|265|1602
|gen|9
|tier|[Gen 9] OU
|rated|
|rule|HP Percentage Mod: HP is shown in percentages
|rule|Endless Battle Clause: Forcing endless battles is banned
|rule|Species Clause: Limit one of each Pokémon
|rule|OHKO Clause: OHKO moves are banned
|rule|Evasion Items Clause: Evasion items are banned
|rule|Evasion Moves Clause: Evasion moves are banned
|rule|Evasion Abilities Clause: Evasion abilities are banned
|rule|Sleep Moves Clause: Sleep-inducing moves are banned
|clearpoke
|poke|p1|Enamorus, F|
|poke|p1|Iron Hands|
|poke|p1|Kingambit, M|
|poke|p1|Cinderace, M|
|poke|p1|Rhyperior, F|
|poke|p1|Volcanion|
|poke|p2|Cinderace, M|
|poke|p2|Slowking-Galar, F|
|poke|p2|Gliscor, M|
|poke|p2|Pecharunt|
|poke|p2|Tornadus-Therian, M|
|poke|p2|Great Tusk|
|teampreview
|inactive|Battle timer is ON: inactive players will automatically lose when time's up. (requested by OUOG Sindicate)
|
|t:|1760846006
|teamsize|p1|6
|teamsize|p2|6
|start
|switch|p1a: Rhyperior|Rhyperior, F, shiny|100/100
|switch|p2a: Gliscor|Gliscor, M|100/100
|turn|1
|
|t:|1760846010
|move|p2a: Gliscor|Protect|p2a: Gliscor
|-singleturn|p2a: Gliscor|Protect
|move|p1a: Rhyperior|Ice Punch|p2a: Gliscor
|-activate|p2a: Gliscor|move: Protect
|
|-status|p2a: Gliscor|tox|[from] item: Toxic Orb
|upkeep
|turn|2
|
|t:|1760846016
|switch|p2a: Pecharunt|Pecharunt|100/100
|move|p1a: Rhyperior|Swords Dance|p1a: Rhyperior
|-boost|p1a: Rhyperior|atk|2
|
|upkeep
|turn|3
|
|t:|1760846019
|move|p2a: Pecharunt|Parting Shot|p1a: Rhyperior
|-unboost|p1a: Rhyperior|atk|1
|-unboost|p1a: Rhyperior|spa|1
|
|t:|1760846025
|switch|p2a: Tornadus|Tornadus-Therian, M|100/100|[from] Parting Shot
|move|p1a: Rhyperior|Earthquake|p2a: Tornadus
|-immune|p2a: Tornadus
|
|upkeep
|turn|4
|
|t:|1760846029
|move|p2a: Tornadus|U-turn|p1a: Rhyperior
|-damage|p1a: Rhyperior|91/100
|
|t:|1760846033
|switch|p2a: Pecharunt|Pecharunt|100/100|[from] U-turn
|move|p1a: Rhyperior|Stone Edge|p2a: Pecharunt
|-damage|p2a: Pecharunt|43/100
|
|upkeep
|turn|5
|
|t:|1760846036
|move|p2a: Pecharunt|Shadow Ball|p1a: Rhyperior
|-damage|p1a: Rhyperior|65/100
|move|p1a: Rhyperior|Earthquake|p2a: Pecharunt
|-supereffective|p2a: Pecharunt
|-damage|p2a: Pecharunt|0 fnt
|faint|p2a: Pecharunt
|
|upkeep
|
|t:|1760846042
|switch|p2a: Great Tusk|Great Tusk|100/100
|turn|6
|
|t:|1760846049
|switch|p1a: Enamorus|Enamorus, F|100/100
|move|p2a: Great Tusk|Headlong Rush|p1a: Enamorus
|-immune|p1a: Enamorus
|
|upkeep
|turn|7
|
|t:|1760846054
|switch|p1a: Kingambit|Kingambit, M|100/100
|-end|p2a: Great Tusk|Protosynthesis|[silent]
|switch|p2a: Slowking|Slowking-Galar, F|100/100
|
|upkeep
|turn|8
|
|t:|1760846060
|switch|p2a: Great Tusk|Great Tusk|100/100
|move|p1a: Kingambit|Kowtow Cleave|p2a: Great Tusk
|-resisted|p2a: Great Tusk
|-damage|p2a: Great Tusk|83/100
|
|upkeep
|turn|9
|
|t:|1760846063
|-end|p1a: Kingambit|fallenundefined|[silent]
|switch|p1a: Volcanion|Volcanion|100/100
|move|p2a: Great Tusk|Stealth Rock|p1a: Volcanion
|-sidestart|p1: veneno3|move: Stealth Rock
|
|upkeep
|turn|10
|
|t:|1760846067
|-end|p2a: Great Tusk|Protosynthesis|[silent]
|switch|p2a: Slowking|Slowking-Galar, F|100/100
|move|p1a: Volcanion|Steam Eruption|p2a: Slowking
|-damage|p2a: Slowking|62/100
|
|upkeep
|turn|11
|
|t:|1760846076
|move|p1a: Volcanion|Steam Eruption|p2a: Slowking
|-damage|p2a: Slowking|24/100
|-status|p2a: Slowking|brn
|-prepare|p2a: Slowking|Chilly Reception|[premajor]
|move|p2a: Slowking|Chilly Reception|p2a: Slowking
|-weather|Snowscape
|
|t:|1760846086
|switch|p2a: Tornadus|Tornadus-Therian, M|100/100|[from] Chilly Reception
|
|-weather|Snowscape|[upkeep]
|upkeep
|turn|12
|
|t:|1760846089
|move|p2a: Tornadus|Knock Off|p1a: Volcanion
|-damage|p1a: Volcanion|85/100
|-enditem|p1a: Volcanion|Shuca Berry|[from] move: Knock Off|[of] p2a: Tornadus
|move|p1a: Volcanion|Flamethrower|p2a: Tornadus
|-damage|p2a: Tornadus|45/100
|
|-weather|Snowscape|[upkeep]
|upkeep
|turn|13
|
|t:|1760846093
|move|p2a: Tornadus|U-turn|p1a: Volcanion
|-resisted|p1a: Volcanion
|-damage|p1a: Volcanion|79/100
|
|t:|1760846095
|switch|p2a: Slowking|Slowking-Galar, F|58/100 brn|[from] U-turn
|move|p1a: Volcanion|Flamethrower|p2a: Slowking
|-damage|p2a: Slowking|28/100 brn
|
|-weather|Snowscape|[upkeep]
|-damage|p2a: Slowking|22/100 brn|[from] brn
|upkeep
|turn|14
|
|t:|1760846102
|switch|p2a: Tornadus|Tornadus-Therian, M|78/100
|move|p1a: Volcanion|Steam Eruption|p2a: Tornadus
|-damage|p2a: Tornadus|8/100
|-status|p2a: Tornadus|brn
|
|-weather|Snowscape|[upkeep]
|-damage|p2a: Tornadus|2/100 brn|[from] brn
|upkeep
|turn|15
|
|t:|1760846104
|move|p2a: Tornadus|Bleakwind Storm|p1a: Volcanion
|-damage|p1a: Volcanion|41/100
|move|p1a: Volcanion|Flamethrower|p2a: Tornadus
|-damage|p2a: Tornadus|0 fnt
|faint|p2a: Tornadus
|
|-weather|none
|upkeep
|
|t:|1760846107
|switch|p2a: Great Tusk|Great Tusk|83/100
|turn|16
|
|t:|1760846119
|move|p2a: Great Tusk|Rapid Spin|p1a: Volcanion
|-damage|p1a: Volcanion|27/100
|-boost|p2a: Great Tusk|spe|1
|move|p1a: Volcanion|Flamethrower|p2a: Great Tusk
|-damage|p2a: Great Tusk|5/100
|
|upkeep
|turn|17
|
|t:|1760846124
|move|p2a: Great Tusk|Headlong Rush|p1a: Volcanion
|-supereffective|p1a: Volcanion
|-damage|p1a: Volcanion|0 fnt
|-unboost|p2a: Great Tusk|def|1
|-unboost|p2a: Great Tusk|spd|1
|faint|p1a: Volcanion
|
|upkeep
|
|t:|1760846126
|switch|p1a: Kingambit|Kingambit, M|100/100
|-damage|p1a: Kingambit|94/100|[from] Stealth Rock
|-activate|p1a: Kingambit|ability: Supreme Overlord
|-start|p1a: Kingambit|fallen1|[silent]
|turn|18
|
|t:|1760846131
|move|p1a: Kingambit|Sucker Punch|p2a: Great Tusk
|-resisted|p2a: Great Tusk
|-damage|p2a: Great Tusk|0 fnt
|faint|p2a: Great Tusk
|-end|p2a: Great Tusk|Protosynthesis|[silent]
|
|upkeep
|
|t:|1760846133
|switch|p2a: Gliscor|Gliscor, M|100/100 tox
|turn|19
|
|t:|1760846135
|-end|p1a: Kingambit|fallen1|[silent]
|switch|p1a: Cinderace|Cinderace, M|100/100
|-damage|p1a: Cinderace|76/100|[from] Stealth Rock
|move|p2a: Gliscor|Swords Dance|p2a: Gliscor
|-boost|p2a: Gliscor|atk|2
|
|upkeep
|turn|20
|
|t:|1760846140
|move|p1a: Cinderace|Court Change|p1a: Cinderace
|-start|p1a: Cinderace|typechange|Normal|[from] ability: Libero
|-swapsideconditions
|-activate|p1a: Cinderace|move: Court Change
|move|p2a: Gliscor|Facade|p1a: Cinderace
|-damage|p1a: Cinderace|0 fnt
|faint|p1a: Cinderace
|
|upkeep
|
|t:|1760846144
|switch|p1a: Iron Hands|Iron Hands|100/100
|turn|21
|
|t:|1760846151
|-terastallize|p2a: Gliscor|Normal
|move|p2a: Gliscor|Swords Dance|p2a: Gliscor
|-boost|p2a: Gliscor|atk|2
|move|p1a: Iron Hands|Ice Punch|p2a: Gliscor
|-damage|p2a: Gliscor|83/100 tox
|
|-heal|p2a: Gliscor|95/100 tox|[from] ability: Poison Heal
|upkeep
|turn|22
|
|t:|1760846159
|-terastallize|p1a: Iron Hands|Ghost
|move|p2a: Gliscor|Earthquake|p1a: Iron Hands
|-damage|p1a: Iron Hands|37/100
|move|p1a: Iron Hands|Drain Punch|p2a: Gliscor
|-supereffective|p2a: Gliscor
|-damage|p2a: Gliscor|41/100 tox
|-heal|p1a: Iron Hands|57/100|[from] drain|[of] p2a: Gliscor
|
|-heal|p2a: Gliscor|53/100 tox|[from] ability: Poison Heal
|upkeep
|turn|23
|-activate|p1a: Iron Hands|item: Quick Claw
|
|t:|1760846166
|move|p2a: Gliscor|Protect|p2a: Gliscor
|-singleturn|p2a: Gliscor|Protect
|move|p1a: Iron Hands|Drain Punch|p2a: Gliscor
|-activate|p2a: Gliscor|move: Protect
|
|-heal|p2a: Gliscor|66/100 tox|[from] ability: Poison Heal
|upkeep
|turn|24
|
|t:|1760846168
|move|p2a: Gliscor|Earthquake|p1a: Iron Hands
|-damage|p1a: Iron Hands|0 fnt
|faint|p1a: Iron Hands
|-end|p1a: Iron Hands|Quark Drive|[silent]
|
|-heal|p2a: Gliscor|78/100 tox|[from] ability: Poison Heal
|upkeep
|
|t:|1760846171
|switch|p1a: Enamorus|Enamorus, F|100/100
|turn|25
|
|t:|1760846174
|move|p2a: Gliscor|Protect|p2a: Gliscor
|-singleturn|p2a: Gliscor|Protect
|move|p1a: Enamorus|Calm Mind|p1a: Enamorus
|-boost|p1a: Enamorus|spa|1
|-boost|p1a: Enamorus|spd|1
|
|-heal|p2a: Gliscor|91/100 tox|[from] ability: Poison Heal
|upkeep
|turn|26
|
|t:|1760846177
|move|p1a: Enamorus|Moonblast|p2a: Gliscor
|-damage|p2a: Gliscor|0 fnt
|faint|p2a: Gliscor
|
|upkeep
|
|t:|1760846182
|switch|p2a: Cinderace|Cinderace, M|100/100
|turn|27
|
|t:|1760846184
|move|p2a: Cinderace|Gunk Shot|p1a: Enamorus|[miss]
|-start|p2a: Cinderace|typechange|Poison|[from] ability: Libero
|-miss|p2a: Cinderace|p1a: Enamorus
|move|p1a: Enamorus|Earth Power|p2a: Cinderace
|-supereffective|p2a: Cinderace
|-damage|p2a: Cinderace|0 fnt
|faint|p2a: Cinderace
|
|upkeep
|c|☆OUOG Sindicate|horseshit
|c|☆veneno3|im sash on everything
|-message|OUOG Sindicate forfeited.
|
|win|veneno3
|raw|veneno3's rating: 1568 &rarr; <strong>1590</strong><br />(+22 for winning)
|raw|OUOG Sindicate's rating: 1602 &rarr; <strong>1580</strong><br />(-22 for losing)
|l|☆OUOG Sindicate
|player|p2|
