|j|☆WeRrsome
|j|☆Wrenellen
|t:|1760787327
|gametype|singles
|player|p1|WeRrsome|1|1426
|player|p2|Wrenellen|grimsley|1527
|gen|9
|tier|[Gen 9] OU
|rated|
|rule|HP Percentage Mod: HP is shown in percentages
|rule|Endless Battle Clause: Forcing endless battles is banned
|rule|Species Clause: Limit one of each Pokémon
|rule|OHKO Clause: OHKO moves are banned
|rule|Evasion Items Clause: Evasion items are banned
|rule|Evasion Moves Clause: Evasion moves are banned
|rule|Evasion Abilities Clause: Evasion abilities are banned
|rule|Sleep Moves Clause: Sleep-inducing moves are banned
|clearpoke
|poke|p1|Araquanid, F|
|poke|p1|Dragonite, M|
|poke|p1|Magnezone|
|poke|p1|Landorus-Therian, M|
|poke|p1|Iron Treads|
|poke|p1|Gengar, F|
|poke|p2|Virizion|
|poke|p2|Grimmsnarl, M|
|poke|p2|Latias, F|
|poke|p2|Iron Moth|
|poke|p2|Great Tusk|
|poke|p2|Dragonite, F|
|teampreview
|inactive|Battle timer is ON: inactive players will automatically lose when time's up. (requested by WeRrsome)
|
|t:|1760787348
|teamsize|p1|6
|teamsize|p2|6
|start
|switch|p1a: Landorus|Landorus-Therian, M|100/100
|switch|p2a: Latias|Latias, F|100/100
|-ability|p1a: Landorus|Intimidate|boost
|-unboost|p2a: Latias|atk|1
|turn|1
|
|t:|1760787353
|move|p1a: Landorus|U-turn|p2a: Latias
|-supereffective|p2a: Latias
|-damage|p2a: Latias|57/100
|-enditem|p2a: Latias|Weakness Policy
|-boost|p2a: Latias|atk|2|[from] item: Weakness Policy
|-boost|p2a: Latias|spa|2|[from] item: Weakness Policy
|
|t:|1760787381
|switch|p1a: Dragonite|Dragonite, M|100/100|[from] U-turn
|move|p2a: Latias|Agility|p2a: Latias
|-boost|p2a: Latias|spe|2
|
|upkeep
|turn|2
|
|t:|1760787393
|move|p2a: Latias|Draining Kiss|p1a: Dragonite
|-supereffective|p1a: Dragonite
|-damage|p1a: Dragonite|78/100
|-heal|p2a: Latias|75/100|[from] drain|[of] p1a: Dragonite
|-damage|p2a: Latias|59/100|[from] item: Rocky Helmet|[of] p1a: Dragonite
|move|p1a: Dragonite|Thunder Wave|p2a: Latias
|-status|p2a: Latias|par
|
|upkeep
|turn|3
|
|t:|1760787409
|move|p2a: Latias|Stored Power|p1a: Dragonite
|-damage|p1a: Dragonite|0 fnt
|faint|p1a: Dragonite
|
|upkeep
|inactive|WeRrsome has 120 seconds left.
|inactive|WeRrsome has 90 seconds left.
|
|t:|1760787450
|switch|p1a: Araquanid|Araquanid, F|100/100
|turn|4
|
|t:|1760787471
|move|p2a: Latias|Stored Power|p1a: Araquanid
|-damage|p1a: Araquanid|27/100
|move|p1a: Araquanid|Leech Life|p2a: Latias
|-supereffective|p2a: Latias
|-damage|p2a: Latias|8/100 par
|-heal|p1a: Araquanid|54/100|[from] drain|[of] p2a: Latias
|
|upkeep
|turn|5
|
|t:|1760787478
|move|p2a: Latias|Stored Power|p1a: Araquanid
|-damage|p1a: Araquanid|0 fnt
|faint|p1a: Araquanid
|
|upkeep
|
|t:|1760787480
|switch|p1a: Landorus|Landorus-Therian, M|100/100
|-ability|p1a: Landorus|Intimidate|boost
|-unboost|p2a: Latias|atk|1
|turn|6
|
|t:|1760787482
|move|p1a: Landorus|U-turn|p2a: Latias
|-supereffective|p2a: Latias
|-damage|p2a: Latias|0 fnt
|faint|p2a: Latias
|
|t:|1760787486
|switch|p1a: Gengar|Gengar, F|100/100|[from] U-turn
|
|upkeep
|
|t:|1760787493
|switch|p2a: Iron Moth|Iron Moth|100/100
|-enditem|p2a: Iron Moth|Booster Energy
|-activate|p2a: Iron Moth|ability: Quark Drive|[fromitem]
|-start|p2a: Iron Moth|quarkdrivespe
|turn|7
|
|t:|1760787512
|switch|p1a: Landorus|Landorus-Therian, M|100/100
|-ability|p1a: Landorus|Intimidate|boost
|-unboost|p2a: Iron Moth|atk|1
|move|p2a: Iron Moth|Fiery Dance|p1a: Landorus
|-damage|p1a: Landorus|47/100
|-boost|p2a: Iron Moth|spa|1
|
|upkeep
|turn|8
|
|t:|1760787524
|move|p2a: Iron Moth|Fiery Dance|p1a: Landorus
|-damage|p1a: Landorus|0 fnt
|-boost|p2a: Iron Moth|spa|1
|faint|p1a: Landorus
|
|upkeep
|-message|WeRrsome forfeited.
|
|win|Wrenellen
|raw|WeRrsome's rating: 1426 &rarr; <strong>1412</strong><br />(-14 for losing)
|raw|Wrenellen's rating: 1527 &rarr; <strong>1541</strong><br />(+14 for winning)
|l|☆WeRrsome
|player|p1|
|l|☆Wrenellen
|player|p2|
