|j|☆prettyhugedolphin
|j|☆immaterial-light
|t:|1760767312
|gametype|singles
|player|p1|prettyhugedolphin|veteran|1204
|player|p2|immaterial-light|fantina|1223
|gen|9
|tier|[Gen 9] OU
|rated|
|rule|HP Percentage Mod: HP is shown in percentages
|rule|Endless Battle Clause: Forcing endless battles is banned
|rule|Species Clause: Limit one of each Pokémon
|rule|OHKO Clause: OHKO moves are banned
|rule|Evasion Items Clause: Evasion items are banned
|rule|Evasion Moves Clause: Evasion moves are banned
|rule|Evasion Abilities Clause: Evasion abilities are banned
|rule|Sleep Moves Clause: Sleep-inducing moves are banned
|clearpoke
|poke|p1|Gyarados, M|
|poke|p1|Suicune|
|poke|p1|Feraligatr, M|
|poke|p1|Ludicolo, M|
|poke|p1|Azumarill, M|
|poke|p1|Pelipper, M|
|poke|p2|Kyurem|
|poke|p2|Slowking-Galar, M|
|poke|p2|Ting-Lu|
|poke|p2|Ceruledge, F|
|poke|p2|Great Tusk|
|poke|p2|Meowscarada, F|
|teampreview
|inactive|Battle timer is ON: inactive players will automatically lose when time's up. (requested by prettyhugedolphin)
|
|t:|1760767315
|teamsize|p1|6
|teamsize|p2|6
|start
|switch|p1a: Pelipper|Pelipper, M, shiny|100/100
|switch|p2a: Meowscarada|Meowscarada, F|100/100
|-weather|RainDance|[from] ability: Drizzle|[of] p1a: Pelipper
|turn|1
|
|t:|1760767321
|move|p2a: Meowscarada|Knock Off|p1a: Pelipper
|-start|p2a: Meowscarada|typechange|Dark|[from] ability: Protean
|-damage|p1a: Pelipper|65/100
|-enditem|p1a: Pelipper|Damp Rock|[from] move: Knock Off|[of] p2a: Meowscarada
|move|p1a: Pelipper|U-turn|p2a: Meowscarada
|-supereffective|p2a: Meowscarada
|-damage|p2a: Meowscarada|74/100
|
|t:|1760767333
|switch|p1a: Ludicolo|Ludicolo, M, shiny|100/100|[from] U-turn
|
|-weather|RainDance|[upkeep]
|upkeep
|turn|2
|
|t:|1760767346
|switch|p2a: Slowking|Slowking-Galar, M|100/100
|move|p1a: Ludicolo|Swords Dance|p1a: Ludicolo
|-boost|p1a: Ludicolo|atk|2
|
|-weather|RainDance|[upkeep]
|upkeep
|turn|3
|
|t:|1760767354
|-terastallize|p1a: Ludicolo|Water
|-terastallize|p2a: Slowking|Water
|move|p1a: Ludicolo|Waterfall|p2a: Slowking
|-resisted|p2a: Slowking
|-damage|p2a: Slowking|14/100
|-damage|p1a: Ludicolo|91/100|[from] item: Life Orb
|-prepare|p2a: Slowking|Chilly Reception|[premajor]
|move|p2a: Slowking|Chilly Reception|p2a: Slowking
|-weather|Snowscape
|
|t:|1760767365
|switch|p2a: Meowscarada|Meowscarada, F|74/100|[from] Chilly Reception
|
|-weather|Snowscape|[upkeep]
|upkeep
|turn|4
|
|t:|1760767377
|switch|p1a: Pelipper|Pelipper, M, shiny|65/100
|-weather|RainDance|[from] ability: Drizzle|[of] p1a: Pelipper
|move|p2a: Meowscarada|Flower Trick|p1a: Pelipper
|-start|p2a: Meowscarada|typechange|Grass|[from] ability: Protean
|-crit|p1a: Pelipper
|-damage|p1a: Pelipper|30/100
|
|-weather|RainDance|[upkeep]
|upkeep
|turn|5
|
|t:|1760767386
|move|p2a: Meowscarada|Flower Trick|p1a: Pelipper
|-crit|p1a: Pelipper
|-damage|p1a: Pelipper|0 fnt
|faint|p1a: Pelipper
|
|-weather|RainDance|[upkeep]
|upkeep
|
|t:|1760767408
|switch|p1a: Ludicolo|Ludicolo, M, shiny, tera:Water|91/100
|turn|6
|
|t:|1760767411
|move|p2a: Meowscarada|Flower Trick|p1a: Ludicolo
|-supereffective|p1a: Ludicolo
|-crit|p1a: Ludicolo
|-damage|p1a: Ludicolo|0 fnt
|faint|p1a: Ludicolo
|
|-weather|RainDance|[upkeep]
|upkeep
|
|t:|1760767424
|switch|p1a: Gyarados|Gyarados, M, shiny|100/100
|turn|7
|
|t:|1760767432
|move|p2a: Meowscarada|Flower Trick|p1a: Gyarados
|-crit|p1a: Gyarados
|-damage|p1a: Gyarados|41/100
|move|p1a: Gyarados|Ice Fang|p2a: Meowscarada
|-supereffective|p2a: Meowscarada
|-damage|p2a: Meowscarada|11/100
|
|-weather|RainDance|[upkeep]
|upkeep
|turn|8
|
|t:|1760767439
|move|p2a: Meowscarada|Flower Trick|p1a: Gyarados
|-crit|p1a: Gyarados
|-damage|p1a: Gyarados|0 fnt
|faint|p1a: Gyarados
|
|-weather|none
|upkeep
|
|t:|1760767441
|switch|p1a: Azumarill|Azumarill, M|100/100
|turn|9
|
|t:|1760767443
|move|p1a: Azumarill|Aqua Jet|p2a: Meowscarada
|-resisted|p2a: Meowscarada
|-damage|p2a: Meowscarada|0 fnt
|faint|p2a: Meowscarada
|
|upkeep
|
|t:|1760767449
|switch|p2a: Kyurem|Kyurem|100/100
|-ability|p2a: Kyurem|Pressure
|turn|10
|
|t:|1760767458
|move|p2a: Kyurem|Freeze-Dry|p1a: Azumarill
|-supereffective|p1a: Azumarill
|-damage|p1a: Azumarill|0 fnt
|faint|p1a: Azumarill
|
|upkeep
|
|t:|1760767464
|switch|p1a: Suicune|Suicune|100/100
|-ability|p1a: Suicune|Pressure
|turn|11
|
|t:|1760767471
|move|p2a: Kyurem|Freeze-Dry|p1a: Suicune
|-supereffective|p1a: Suicune
|-damage|p1a: Suicune|16/100
|move|p1a: Suicune|Calm Mind|p1a: Suicune
|-boost|p1a: Suicune|spa|1
|-boost|p1a: Suicune|spd|1
|
|-heal|p1a: Suicune|22/100|[from] item: Leftovers
|upkeep
|turn|12
|-message|prettyhugedolphin forfeited.
|
|win|immaterial-light
|raw|prettyhugedolphin's rating: 1204 &rarr; <strong>1180</strong><br />(-24 for losing)
|raw|immaterial-light's rating: 1223 &rarr; <strong>1247</strong><br />(+24 for winning)
|l|☆prettyhugedolphin
|player|p1|
|l|☆immaterial-light
|player|p2|
