|j|☆vegetaover9001
|j|☆denaturat.pl
|t:|1760880872
|gametype|singles
|player|p1|vegetaover9001|170|1160
|player|p2|denaturat.pl|candice|1180
|gen|9
|tier|[Gen 9] OU
|rated|
|rule|HP Percentage Mod: HP is shown in percentages
|rule|Endless Battle Clause: Forcing endless battles is banned
|rule|Species Clause: Limit one of each Pokémon
|rule|OHKO Clause: OHKO moves are banned
|rule|Evasion Items Clause: Evasion items are banned
|rule|Evasion Moves Clause: Evasion moves are banned
|rule|Evasion Abilities Clause: Evasion abilities are banned
|rule|Sleep Moves Clause: Sleep-inducing moves are banned
|clearpoke
|poke|p1|Gholdengo|
|poke|p1|Dragonite, F|
|poke|p1|Great Tusk|
|poke|p1|Samurott-Hisui, F|
|poke|p1|Rillaboom, F|
|poke|p1|Slowking-Galar, M|
|poke|p2|Diancie|
|poke|p2|Garchomp, M|
|poke|p2|Ninetales-Alola, F|
|poke|p2|Dusknoir, F|
|poke|p2|Hitmontop, M|
|poke|p2|Toxtricity-Low-Key, F|
|teampreview
|inactive|Battle timer is ON: inactive players will automatically lose when time's up. (requested by denaturat.pl)
|
|t:|1760880901
|teamsize|p1|6
|teamsize|p2|6
|start
|switch|p1a: Great Tusk|Great Tusk|100/100
|switch|p2a: Hitmontop|Hitmontop, M|100/100
|turn|1
|
|t:|1760880922
|move|p2a: Hitmontop|Fake Out|p1a: Great Tusk
|-damage|p1a: Great Tusk|88/100
|-damage|p2a: Hitmontop|84/100|[from] item: Rocky Helmet|[of] p1a: Great Tusk
|cant|p1a: Great Tusk|flinch
|
|upkeep
|turn|2
|
|t:|1760880930
|switch|p2a: Dusknoir|Dusknoir, F|100/100
|-item|p1a: Great Tusk|Rocky Helmet|[from] ability: Frisk|[of] p2a: Dusknoir
|move|p1a: Great Tusk|Stealth Rock|p2a: Dusknoir
|-sidestart|p2: denaturat.pl|move: Stealth Rock
|
|upkeep
|turn|3
|
|t:|1760880940
|-end|p1a: Great Tusk|Protosynthesis|[silent]
|switch|p1a: Samurott|Samurott-Hisui, F|100/100
|move|p2a: Dusknoir|Will-O-Wisp|p1a: Samurott
|-status|p1a: Samurott|brn
|
|-damage|p1a: Samurott|94/100 brn|[from] brn
|upkeep
|turn|4
|
|t:|1760880948
|move|p1a: Samurott|Ceaseless Edge|p2a: Dusknoir
|-supereffective|p2a: Dusknoir
|-damage|p2a: Dusknoir|63/100
|-sidestart|p2: denaturat.pl|Spikes
|move|p2a: Dusknoir|Thunder Punch|p1a: Samurott
|-supereffective|p1a: Samurott
|-damage|p1a: Samurott|56/100 brn
|
|-heal|p2a: Dusknoir|70/100|[from] item: Leftovers
|-damage|p1a: Samurott|50/100 brn|[from] brn
|upkeep
|turn|5
|
|t:|1760880968
|switch|p2a: Garchomp|Garchomp, M|100/100
|-damage|p2a: Garchomp|94/100|[from] Stealth Rock
|-damage|p2a: Garchomp|82/100|[from] Spikes
|move|p1a: Samurott|Ceaseless Edge|p2a: Garchomp
|-damage|p2a: Garchomp|59/100
|-damage|p1a: Samurott|38/100 brn|[from] ability: Rough Skin|[of] p2a: Garchomp
|-damage|p1a: Samurott|21/100 brn|[from] item: Rocky Helmet|[of] p2a: Garchomp
|-sidestart|p2: denaturat.pl|Spikes
|
|-damage|p1a: Samurott|15/100 brn|[from] brn
|upkeep
|turn|6
|
|t:|1760880977
|move|p2a: Garchomp|Swords Dance|p2a: Garchomp
|-boost|p2a: Garchomp|atk|2
|move|p1a: Samurott|Ceaseless Edge|p2a: Garchomp
|-damage|p2a: Garchomp|37/100
|-damage|p1a: Samurott|3/100 brn|[from] ability: Rough Skin|[of] p2a: Garchomp
|-damage|p1a: Samurott|0 fnt|[from] item: Rocky Helmet|[of] p2a: Garchomp
|faint|p1a: Samurott
|
|upkeep
|
|t:|1760880998
|switch|p1a: Dragonite|Dragonite, F|100/100
|turn|7
|
|t:|1760881004
|-terastallize|p1a: Dragonite|Normal
|move|p1a: Dragonite|Extreme Speed|p2a: Garchomp
|-damage|p2a: Garchomp|0 fnt
|-damage|p1a: Dragonite|88/100|[from] ability: Rough Skin|[of] p2a: Garchomp
|-damage|p1a: Dragonite|72/100|[from] item: Rocky Helmet|[of] p2a: Garchomp
|faint|p2a: Garchomp
|
|upkeep
|
|t:|1760881014
|switch|p2a: Hitmontop|Hitmontop, M|84/100
|-damage|p2a: Hitmontop|78/100|[from] Stealth Rock
|-damage|p2a: Hitmontop|62/100|[from] Spikes
|turn|8
|
|t:|1760881028
|switch|p1a: Gholdengo|Gholdengo|100/100
|-item|p1a: Gholdengo|Air Balloon
|move|p2a: Hitmontop|Rapid Spin|p1a: Gholdengo
|-immune|p1a: Gholdengo
|
|upkeep
|turn|9
|
|t:|1760881041
|switch|p2a: Dusknoir|Dusknoir, F|70/100
|-damage|p2a: Dusknoir|57/100|[from] Stealth Rock
|-damage|p2a: Dusknoir|41/100|[from] Spikes
|-item|p1a: Gholdengo|Air Balloon|[from] ability: Frisk|[of] p2a: Dusknoir
|move|p1a: Gholdengo|Shadow Ball|p2a: Dusknoir
|-supereffective|p2a: Dusknoir
|-damage|p2a: Dusknoir|0 fnt
|faint|p2a: Dusknoir
|
|upkeep
|
|t:|1760881053
|switch|p2a: Ninetales|Ninetales-Alola, F|100/100
|-damage|p2a: Ninetales|76/100|[from] Stealth Rock
|-damage|p2a: Ninetales|59/100|[from] Spikes
|-weather|Snowscape|[from] ability: Snow Warning|[of] p2a: Ninetales
|turn|10
|
|t:|1760881076
|move|p2a: Ninetales|Aurora Veil|p2a: Ninetales
|-sidestart|p2: denaturat.pl|move: Aurora Veil
|move|p1a: Gholdengo|Nasty Plot|p1a: Gholdengo
|-boost|p1a: Gholdengo|spa|2
|
|-weather|Snowscape|[upkeep]
|upkeep
|turn|11
|
|t:|1760881091
|move|p2a: Ninetales|Blizzard|p1a: Gholdengo
|-resisted|p1a: Gholdengo
|-damage|p1a: Gholdengo|77/100
|-enditem|p1a: Gholdengo|Air Balloon
|move|p1a: Gholdengo|Make It Rain|p2a: Ninetales
|-supereffective|p2a: Ninetales
|-damage|p2a: Ninetales|0 fnt
|-unboost|p1a: Gholdengo|spa|1
|faint|p2a: Ninetales
|
|-weather|Snowscape|[upkeep]
|upkeep
|
|t:|1760881102
|switch|p2a: Toxtricity|Toxtricity-Low-Key, F|100/100
|-damage|p2a: Toxtricity|88/100|[from] Stealth Rock
|-damage|p2a: Toxtricity|71/100|[from] Spikes
|turn|12
|
|t:|1760881116
|switch|p1a: Great Tusk|Great Tusk|88/100
|move|p2a: Toxtricity|Charge|p2a: Toxtricity
|-boost|p2a: Toxtricity|spd|1
|-start|p2a: Toxtricity|Charge
|
|-weather|Snowscape|[upkeep]
|upkeep
|turn|13
|
|t:|1760881128
|move|p1a: Great Tusk|Headlong Rush|p2a: Toxtricity
|-supereffective|p2a: Toxtricity
|-damage|p2a: Toxtricity|0 fnt
|-unboost|p1a: Great Tusk|def|1
|-unboost|p1a: Great Tusk|spd|1
|faint|p2a: Toxtricity
|
|-weather|Snowscape|[upkeep]
|upkeep
|
|t:|1760881132
|switch|p2a: Diancie|Diancie|100/100
|-damage|p2a: Diancie|88/100|[from] Stealth Rock
|-damage|p2a: Diancie|72/100|[from] Spikes
|turn|14
|
|t:|1760881140
|-end|p1a: Great Tusk|Protosynthesis|[silent]
|switch|p1a: Gholdengo|Gholdengo|77/100
|move|p2a: Diancie|Play Rough|p1a: Gholdengo
|-resisted|p1a: Gholdengo
|-damage|p1a: Gholdengo|54/100
|
|-weather|none
|-heal|p2a: Diancie|78/100|[from] item: Leftovers
|upkeep
|turn|15
|
|t:|1760881146
|move|p1a: Gholdengo|Make It Rain|p2a: Diancie
|-supereffective|p2a: Diancie
|-damage|p2a: Diancie|0 fnt
|-unboost|p1a: Gholdengo|spa|1
|faint|p2a: Diancie
|
|upkeep
|
|t:|1760881150
|switch|p2a: Hitmontop|Hitmontop, M|62/100
|-damage|p2a: Hitmontop|56/100|[from] Stealth Rock
|-damage|p2a: Hitmontop|39/100|[from] Spikes
|turn|16
|
|t:|1760881161
|move|p1a: Gholdengo|Make It Rain|p2a: Hitmontop
|-damage|p2a: Hitmontop|25/100
|-unboost|p1a: Gholdengo|spa|1
|move|p2a: Hitmontop|Triple Axel|p1a: Gholdengo
|-resisted|p1a: Gholdengo
|-damage|p1a: Gholdengo|48/100
|-resisted|p1a: Gholdengo
|-damage|p1a: Gholdengo|38/100
|-resisted|p1a: Gholdengo
|-damage|p1a: Gholdengo|23/100
|-hitcount|p1a: Gholdengo|3
|
|upkeep
|turn|17
|
|t:|1760881185
|switch|p1a: Dragonite|Dragonite, F, tera:Normal|72/100
|move|p2a: Hitmontop|Triple Axel|p1a: Dragonite
|-damage|p1a: Dragonite|61/100
|-damage|p1a: Dragonite|40/100
|-hitcount|p1a: Dragonite|2
|
|-sideend|p2: denaturat.pl|move: Aurora Veil
|upkeep
|turn|18
|
|t:|1760881194
|-terastallize|p2a: Hitmontop|Fighting
|move|p1a: Dragonite|Extreme Speed|p2a: Hitmontop
|-damage|p2a: Hitmontop|0 fnt
|faint|p2a: Hitmontop
|
|win|vegetaover9001
|raw|vegetaover9001's rating: 1160 &rarr; <strong>1186</strong><br />(+26 for winning)
|raw|denaturat.pl's rating: 1180 &rarr; <strong>1154</strong><br />(-26 for losing)
|l|☆denaturat.pl
|player|p2|
|l|☆vegetaover9001
|player|p1|
