|badge|p2|bronze|gen9ubers|100-7
|uhtml|medal-msg|<div class="broadcast-blue">Curious what those medals under the avatar are? PS now has Ladder Seasons! For more information, check out the <a href="https://www.smogon.com/forums/threads/3740067/">thread on Smogon.</a></div>
|j|☆Shubway
|j|☆Dracokorosenai
|t:|1760763306
|gametype|singles
|player|p1|Shubway|102|1324
|player|p2|Dracokorosenai|gambler|1261
|gen|9
|tier|[Gen 9] OU
|rated|
|rule|HP Percentage Mod: HP is shown in percentages
|rule|Endless Battle Clause: Forcing endless battles is banned
|rule|Species Clause: Limit one of each Pokémon
|rule|OHKO Clause: OHKO moves are banned
|rule|Evasion Items Clause: Evasion items are banned
|rule|Evasion Moves Clause: Evasion moves are banned
|rule|Evasion Abilities Clause: Evasion abilities are banned
|rule|Sleep Moves Clause: Sleep-inducing moves are banned
|clearpoke
|poke|p1|Goodra-Hisui, F|
|poke|p1|Enamorus, F|
|poke|p1|Great Tusk|
|poke|p1|Iron Moth|
|poke|p1|Meowscarada, M|
|poke|p1|Rotom-Wash|
|poke|p2|Dragonite, F|
|poke|p2|Latios, M|
|poke|p2|Kingambit, M|
|poke|p2|Primarina, M|
|poke|p2|Iron Moth|
|poke|p2|Corviknight, M|
|teampreview
|inactive|Battle timer is ON: inactive players will automatically lose when time's up. (requested by Shubway)
|
|t:|1760763335
|teamsize|p1|6
|teamsize|p2|6
|start
|switch|p1a: Rotom|Rotom-Wash|100/100
|switch|p2a: Primarina|Primarina, M|100/100
|turn|1
|
|t:|1760763357
|move|p1a: Rotom|Pain Split|p2a: Primarina
|-sethp|p2a: Primarina|84/100|[from] move: Pain Split|[silent]
|-sethp|p1a: Rotom|100/100|[from] move: Pain Split
|move|p2a: Primarina|Hyper Voice|p1a: Rotom
|-resisted|p1a: Rotom
|-damage|p1a: Rotom|49/100
|
|-heal|p1a: Rotom|55/100|[from] item: Leftovers
|upkeep
|turn|2
|
|t:|1760763376
|switch|p2a: Kingambit|Kingambit, M|100/100
|move|p1a: Rotom|Pain Split|p2a: Kingambit
|-sethp|p2a: Kingambit|67/100|[from] move: Pain Split|[silent]
|-sethp|p1a: Rotom|100/100|[from] move: Pain Split
|
|-heal|p2a: Kingambit|73/100|[from] item: Leftovers
|upkeep
|turn|3
|
|t:|1760763387
|-end|p2a: Kingambit|fallenundefined|[silent]
|switch|p2a: Primarina|Primarina, M|84/100
|move|p1a: Rotom|Will-O-Wisp|p2a: Primarina
|-status|p2a: Primarina|brn
|
|-damage|p2a: Primarina|78/100 brn|[from] brn
|upkeep
|turn|4
|
|t:|1760763392
|move|p1a: Rotom|Discharge|p2a: Primarina
|-supereffective|p2a: Primarina
|-damage|p2a: Primarina|19/100 brn
|move|p2a: Primarina|Moonblast|p1a: Rotom
|-damage|p1a: Rotom|2/100
|-unboost|p1a: Rotom|spa|1
|
|-heal|p1a: Rotom|8/100|[from] item: Leftovers
|-damage|p2a: Primarina|13/100 brn|[from] brn
|upkeep
|turn|5
|
|t:|1760763398
|move|p1a: Rotom|Discharge|p2a: Primarina
|-supereffective|p2a: Primarina
|-damage|p2a: Primarina|0 fnt
|faint|p2a: Primarina
|
|-heal|p1a: Rotom|15/100|[from] item: Leftovers
|upkeep
|
|t:|1760763405
|switch|p2a: Latios|Latios, M, shiny|100/100
|turn|6
|inactive|Shubway has 120 seconds left.
|
|t:|1760763439
|move|p2a: Latios|Luster Purge|p1a: Rotom
|-damage|p1a: Rotom|0 fnt
|faint|p1a: Rotom
|
|upkeep
|inactive|Shubway has 120 seconds left.
|
|t:|1760763454
|switch|p1a: Goodra|Goodra-Hisui, F|100/100
|turn|7
|
|t:|1760763461
|switch|p2a: Kingambit|Kingambit, M|73/100
|-activate|p2a: Kingambit|ability: Supreme Overlord
|-start|p2a: Kingambit|fallen1|[silent]
|move|p1a: Goodra|Curse|p1a: Goodra
|-unboost|p1a: Goodra|spe|1
|-boost|p1a: Goodra|atk|1
|-boost|p1a: Goodra|def|1
|
|-heal|p2a: Kingambit|79/100|[from] item: Leftovers
|upkeep
|turn|8
|inactive|Shubway has 120 seconds left.
|
|t:|1760763475
|move|p2a: Kingambit|Swords Dance|p2a: Kingambit
|-boost|p2a: Kingambit|atk|2
|move|p1a: Goodra|Dragon Tail|p2a: Kingambit
|-resisted|p2a: Kingambit
|-crit|p2a: Kingambit
|-damage|p2a: Kingambit|60/100
|-end|p2a: Kingambit|fallen1|[silent]
|drag|p2a: Latios|Latios, M, shiny|100/100
|
|upkeep
|turn|9
|
|t:|1760763483
|-terastallize|p2a: Latios|Fighting
|move|p2a: Latios|Aura Sphere|p1a: Goodra
|-supereffective|p1a: Goodra
|-damage|p1a: Goodra|48/100
|move|p1a: Goodra|Curse|p1a: Goodra
|-unboost|p1a: Goodra|spe|1
|-boost|p1a: Goodra|atk|1
|-boost|p1a: Goodra|def|1
|
|-heal|p1a: Goodra|54/100|[from] item: Leftovers
|upkeep
|turn|10
|
|t:|1760763491
|-terastallize|p1a: Goodra|Water
|move|p2a: Latios|Aura Sphere|p1a: Goodra
|-damage|p1a: Goodra|24/100
|move|p1a: Goodra|Gyro Ball|p2a: Latios
|-damage|p2a: Latios|0 fnt
|faint|p2a: Latios
|
|-heal|p1a: Goodra|30/100|[from] item: Leftovers
|upkeep
|
|t:|1760763505
|switch|p2a: Dragonite|Dragonite, F|100/100
|turn|11
|
|t:|1760763513
|move|p2a: Dragonite|Thunder Punch|p1a: Goodra
|-supereffective|p1a: Goodra
|-damage|p1a: Goodra|8/100
|move|p1a: Goodra|Life Dew|p1a: Goodra
|-heal|p1a: Goodra|33/100
|
|-heal|p1a: Goodra|40/100|[from] item: Leftovers
|upkeep
|turn|12
|
|t:|1760763519
|move|p2a: Dragonite|Dragon Dance|p2a: Dragonite
|-boost|p2a: Dragonite|atk|1
|-boost|p2a: Dragonite|spe|1
|move|p1a: Goodra|Dragon Tail|p2a: Dragonite
|-supereffective|p2a: Dragonite
|-damage|p2a: Dragonite|54/100
|-enditem|p2a: Dragonite|Weakness Policy
|-boost|p2a: Dragonite|atk|2|[from] item: Weakness Policy
|-boost|p2a: Dragonite|spa|2|[from] item: Weakness Policy
|drag|p2a: Kingambit|Kingambit, M|60/100
|-activate|p2a: Kingambit|ability: Supreme Overlord
|-start|p2a: Kingambit|fallen2|[silent]
|
|-heal|p2a: Kingambit|66/100|[from] item: Leftovers
|-heal|p1a: Goodra|46/100|[from] item: Leftovers
|upkeep
|turn|13
|-message|Dracokorosenai forfeited.
|
|win|Shubway
|raw|Shubway's rating: 1324 &rarr; <strong>1340</strong><br />(+16 for winning)
|raw|Dracokorosenai's rating: 1261 &rarr; <strong>1240</strong><br />(-21 for losing)
|l|☆Dracokorosenai
|player|p2|
|l|☆Shubway
|player|p1|
