|j|☆BentoOfficial
|j|☆Noisegamer4
|t:|1760849099
|gametype|singles
|player|p1|BentoOfficial|lance|1106
|player|p2|Noisegamer4|265|1095
|gen|9
|tier|[Gen 9] OU
|rated|
|rule|HP Percentage Mod: HP is shown in percentages
|rule|Endless Battle Clause: Forcing endless battles is banned
|rule|Species Clause: Limit one of each Pokémon
|rule|OHKO Clause: OHKO moves are banned
|rule|Evasion Items Clause: Evasion items are banned
|rule|Evasion Moves Clause: Evasion moves are banned
|rule|Evasion Abilities Clause: Evasion abilities are banned
|rule|Sleep Moves Clause: Sleep-inducing moves are banned
|clearpoke
|poke|p1|Greninja-*, M|
|poke|p1|Corviknight, M|
|poke|p1|Espeon, F|
|poke|p1|Rotom-Wash|
|poke|p1|Garchomp, M|
|poke|p1|Kingambit, M|
|poke|p2|Pecharunt|
|poke|p2|Glimmora, M|
|poke|p2|Araquanid, M|
|poke|p2|Gliscor, M|
|poke|p2|Heatran, F|
|poke|p2|Iron Boulder|
|teampreview
|
|t:|1760849111
|teamsize|p1|6
|teamsize|p2|6
|start
|switch|p1a: Shadow|Greninja, M, shiny|100/100
|switch|p2a: Glimmora|Glimmora, M|100/100
|turn|1
|
|t:|1760849118
|switch|p2a: Araquanid|Araquanid, M|100/100
|move|p1a: Shadow|Hydro Pump|p2a: Araquanid
|-start|p1a: Shadow|typechange|Water|[from] ability: Protean
|-resisted|p2a: Araquanid
|-damage|p2a: Araquanid|81/100
|
|upkeep
|turn|2
|
|t:|1760849135
|move|p1a: Shadow|U-turn|p2a: Araquanid
|-damage|p2a: Araquanid|67/100
|-damage|p1a: Shadow|84/100|[from] item: Rocky Helmet|[of] p2a: Araquanid
|
|t:|1760849139
|switch|p1a: Power|Rotom-Wash|100/100|[from] U-turn
|move|p2a: Araquanid|Sticky Web|p1a: Power
|-sidestart|p1: BentoOfficial|move: Sticky Web
|
|upkeep
|turn|3
|
|t:|1760849157
|move|p1a: Power|Shadow Ball|p2a: Araquanid
|-damage|p2a: Araquanid|46/100
|-unboost|p2a: Araquanid|spd|1
|move|p2a: Araquanid|Leech Life|p1a: Power
|-damage|p1a: Power|68/100
|-heal|p2a: Araquanid|60/100|[from] drain|[of] p1a: Power
|
|upkeep
|turn|4
|
|t:|1760849165
|move|p1a: Power|Volt Switch|p2a: Araquanid
|-supereffective|p2a: Araquanid
|-damage|p2a: Araquanid|0 fnt
|faint|p2a: Araquanid
|
|t:|1760849183
|switch|p1a: Knight|Corviknight, M|100/100|[from] Volt Switch
|-ability|p1a: Knight|Pressure
|
|upkeep
|
|t:|1760849187
|switch|p2a: Heatran|Heatran, F|100/100
|-item|p2a: Heatran|Air Balloon
|turn|5
|
|t:|1760849203
|switch|p2a: Glimmora|Glimmora, M|100/100
|-terastallize|p1a: Knight|Dragon
|move|p1a: Knight|Iron Defense|p1a: Knight
|-boost|p1a: Knight|def|2
|
|upkeep
|turn|6
|
|t:|1760849210
|move|p2a: Glimmora|Stealth Rock|p1a: Knight
|-sidestart|p1: BentoOfficial|move: Stealth Rock
|move|p1a: Knight|Iron Head|p2a: Glimmora
|-supereffective|p2a: Glimmora
|-damage|p2a: Glimmora|53/100
|-activate|p2a: Glimmora|ability: Toxic Debris
|-sidestart|p1: BentoOfficial|move: Toxic Spikes
|
|upkeep
|turn|7
|
|t:|1760849224
|move|p2a: Glimmora|Power Gem|p1a: Knight
|-damage|p1a: Knight|77/100
|move|p1a: Knight|Iron Head|p2a: Glimmora
|-supereffective|p2a: Glimmora
|-damage|p2a: Glimmora|5/100
|-activate|p2a: Glimmora|ability: Toxic Debris
|-sidestart|p1: BentoOfficial|move: Toxic Spikes
|
|-heal|p1a: Knight|83/100|[from] item: Leftovers
|upkeep
|turn|8
|
|t:|1760849229
|move|p2a: Glimmora|Mortal Spin|p1a: Knight
|-damage|p1a: Knight|80/100
|-status|p1a: Knight|psn
|move|p1a: Knight|Iron Head|p2a: Glimmora
|-supereffective|p2a: Glimmora
|-damage|p2a: Glimmora|0 fnt
|faint|p2a: Glimmora
|
|-heal|p1a: Knight|86/100 psn|[from] item: Leftovers
|-damage|p1a: Knight|74/100 psn|[from] psn
|upkeep
|
|t:|1760849237
|switch|p2a: Gliscor|Gliscor, M|100/100
|turn|9
|
|t:|1760849252
|move|p2a: Gliscor|Swords Dance|p2a: Gliscor
|-boost|p2a: Gliscor|atk|2
|move|p1a: Knight|Body Press|p2a: Gliscor
|-resisted|p2a: Gliscor
|-damage|p2a: Gliscor|85/100
|
|-heal|p1a: Knight|80/100 psn|[from] item: Leftovers
|-damage|p1a: Knight|68/100 psn|[from] psn
|-status|p2a: Gliscor|tox|[from] item: Toxic Orb
|upkeep
|turn|10
|
|t:|1760849259
|move|p2a: Gliscor|Swords Dance|p2a: Gliscor
|-boost|p2a: Gliscor|atk|2
|move|p1a: Knight|Iron Head|p2a: Gliscor
|-damage|p2a: Gliscor|65/100 tox
|
|-heal|p1a: Knight|74/100 psn|[from] item: Leftovers
|-heal|p2a: Gliscor|77/100 tox|[from] ability: Poison Heal
|-damage|p1a: Knight|61/100 psn|[from] psn
|upkeep
|turn|11
|
|t:|1760849267
|move|p2a: Gliscor|Facade|p1a: Knight
|-damage|p1a: Knight|14/100 psn
|move|p1a: Knight|Roost|p1a: Knight
|-heal|p1a: Knight|64/100 psn
|
|-heal|p1a: Knight|70/100 psn|[from] item: Leftovers
|-heal|p2a: Gliscor|90/100 tox|[from] ability: Poison Heal
|-damage|p1a: Knight|58/100 psn|[from] psn
|upkeep
|turn|12
|
|t:|1760849286
|-terastallize|p2a: Gliscor|Normal
|move|p2a: Gliscor|Facade|p1a: Knight
|-damage|p1a: Knight|0 fnt
|faint|p1a: Knight
|
|-heal|p2a: Gliscor|100/100 tox|[from] ability: Poison Heal
|upkeep
|
|t:|1760849291
|switch|p1a: Power|Rotom-Wash|68/100
|turn|13
|
|t:|1760849298
|move|p1a: Power|Hydro Pump|p2a: Gliscor|[miss]
|-miss|p1a: Power|p2a: Gliscor
|move|p2a: Gliscor|Facade|p1a: Power
|-damage|p1a: Power|0 fnt
|faint|p1a: Power
|
|upkeep
|
|t:|1760849302
|switch|p1a: Garou|Garchomp, M|100/100
|-activate|p1a: Garou|move: Sticky Web
|-unboost|p1a: Garou|spe|1
|-damage|p1a: Garou|94/100|[from] Stealth Rock
|-status|p1a: Garou|tox
|turn|14
|
|t:|1760849308
|move|p2a: Gliscor|Facade|p1a: Garou
|-damage|p1a: Garou|0 fnt
|-damage|p2a: Gliscor|88/100 tox|[from] ability: Rough Skin|[of] p1a: Garou
|faint|p1a: Garou
|
|-heal|p2a: Gliscor|100/100 tox|[from] ability: Poison Heal
|upkeep
|
|t:|1760849336
|switch|p1a: Shadow|Greninja, M, shiny|84/100
|-activate|p1a: Shadow|move: Sticky Web
|-unboost|p1a: Shadow|spe|1
|-damage|p1a: Shadow|72/100|[from] Stealth Rock
|-status|p1a: Shadow|tox
|turn|15
|
|t:|1760849340
|move|p1a: Shadow|Dark Pulse|p2a: Gliscor
|-start|p1a: Shadow|typechange|Dark|[from] ability: Protean
|-damage|p2a: Gliscor|46/100 tox
|move|p2a: Gliscor|Facade|p1a: Shadow
|-damage|p1a: Shadow|0 fnt
|faint|p1a: Shadow
|
|-heal|p2a: Gliscor|58/100 tox|[from] ability: Poison Heal
|upkeep
|
|t:|1760849347
|switch|p1a: Sakura|Espeon, F|100/100
|-activate|p1a: Sakura|move: Sticky Web
|-unboost|p1a: Sakura|spe|1
|-damage|p1a: Sakura|88/100|[from] Stealth Rock
|-status|p1a: Sakura|tox
|turn|16
|
|t:|1760849352
|move|p2a: Gliscor|Facade|p1a: Sakura
|-damage|p1a: Sakura|0 fnt
|faint|p1a: Sakura
|
|-heal|p2a: Gliscor|71/100 tox|[from] ability: Poison Heal
|upkeep
|
|t:|1760849354
|switch|p1a: King|Kingambit, M|100/100
|-damage|p1a: King|94/100|[from] Stealth Rock
|-activate|p1a: King|ability: Supreme Overlord
|-start|p1a: King|fallen5|[silent]
|-item|p1a: King|Air Balloon
|turn|17
|
|t:|1760849362
|move|p1a: King|Sucker Punch|p2a: Gliscor
|-damage|p2a: Gliscor|23/100 tox
|move|p2a: Gliscor|Facade|p1a: King
|-resisted|p1a: King
|-damage|p1a: King|19/100
|-enditem|p1a: King|Air Balloon
|
|-heal|p2a: Gliscor|35/100 tox|[from] ability: Poison Heal
|upkeep
|turn|18
|
|t:|1760849366
|move|p2a: Gliscor|Protect|p2a: Gliscor
|-singleturn|p2a: Gliscor|Protect
|move|p1a: King|Sucker Punch||[still]
|-fail|p1a: King
|
|-heal|p2a: Gliscor|48/100 tox|[from] ability: Poison Heal
|upkeep
|turn|19
|
|t:|1760849369
|move|p1a: King|Sucker Punch||[still]
|-fail|p1a: King
|move|p2a: Gliscor|Swords Dance|p2a: Gliscor
|-boost|p2a: Gliscor|atk|2
|
|-heal|p2a: Gliscor|60/100 tox|[from] ability: Poison Heal
|upkeep
|turn|20
|
|t:|1760849373
|move|p1a: King|Sucker Punch|p2a: Gliscor
|-damage|p2a: Gliscor|10/100 tox
|move|p2a: Gliscor|Facade|p1a: King
|-resisted|p1a: King
|-damage|p1a: King|0 fnt
|faint|p1a: King
|-end|p1a: King|fallen5|[silent]
|
|win|Noisegamer4
|raw|BentoOfficial's rating: 1106 &rarr; <strong>1080</strong><br />(-26 for losing)
|raw|Noisegamer4's rating: 1095 &rarr; <strong>1122</strong><br />(+27 for winning)
|l|☆Noisegamer4
|player|p2|
