|j|☆whynotbtt
|j|☆orbabsorber
|t:|1760792418
|gametype|singles
|player|p1|whynotbtt|artist|1205
|player|p2|orbabsorber|cyrus|1221
|gen|9
|tier|[Gen 9] OU
|rated|
|rule|HP Percentage Mod: HP is shown in percentages
|rule|Endless Battle Clause: Forcing endless battles is banned
|rule|Species Clause: Limit one of each Pokémon
|rule|OHKO Clause: OHKO moves are banned
|rule|Evasion Items Clause: Evasion items are banned
|rule|Evasion Moves Clause: Evasion moves are banned
|rule|Evasion Abilities Clause: Evasion abilities are banned
|rule|Sleep Moves Clause: Sleep-inducing moves are banned
|clearpoke
|poke|p1|Toucannon, M|
|poke|p1|Dragonite, F|
|poke|p1|Zamazenta-*|
|poke|p1|Iron Treads|
|poke|p1|Zapdos|
|poke|p1|Blaziken, M|
|poke|p2|Iron Valiant|
|poke|p2|Maushold|
|poke|p2|Gholdengo|
|poke|p2|Gliscor, F|
|poke|p2|Weezing-Galar, F|
|poke|p2|Primarina, F|
|teampreview
|
|t:|1760792426
|teamsize|p1|6
|teamsize|p2|6
|start
|switch|p1a: Iron Treads|Iron Treads|100/100
|switch|p2a: Maushold|Maushold|100/100
|-item|p1a: Iron Treads|Air Balloon
|turn|1
|
|t:|1760792434
|move|p2a: Maushold|Tidy Up|p2a: Maushold
|-boost|p2a: Maushold|atk|1
|-boost|p2a: Maushold|spe|1
|move|p1a: Iron Treads|Knock Off|p2a: Maushold
|-crit|p2a: Maushold
|-damage|p2a: Maushold|36/100
|-enditem|p2a: Maushold|Wide Lens|[from] move: Knock Off|[of] p1a: Iron Treads
|
|upkeep
|turn|2
|
|t:|1760792442
|move|p2a: Maushold|Population Bomb|p1a: Iron Treads
|-resisted|p1a: Iron Treads
|-damage|p1a: Iron Treads|93/100
|-enditem|p1a: Iron Treads|Air Balloon
|-resisted|p1a: Iron Treads
|-damage|p1a: Iron Treads|86/100
|-resisted|p1a: Iron Treads
|-damage|p1a: Iron Treads|79/100
|-resisted|p1a: Iron Treads
|-damage|p1a: Iron Treads|72/100
|-resisted|p1a: Iron Treads
|-damage|p1a: Iron Treads|65/100
|-hitcount|p1a: Iron Treads|5
|move|p1a: Iron Treads|Earthquake|p2a: Maushold
|-damage|p2a: Maushold|0 fnt
|faint|p2a: Maushold
|
|upkeep
|
|t:|1760792459
|switch|p2a: Gliscor|Gliscor, F|100/100
|turn|3
|
|t:|1760792466
|move|p1a: Iron Treads|Knock Off|p2a: Gliscor
|-damage|p2a: Gliscor|78/100
|-enditem|p2a: Gliscor|Toxic Orb|[from] move: Knock Off|[of] p1a: Iron Treads
|move|p2a: Gliscor|Substitute|p2a: Gliscor
|-start|p2a: Gliscor|Substitute
|-damage|p2a: Gliscor|54/100
|
|upkeep
|turn|4
|
|t:|1760792475
|-terastallize|p1a: Iron Treads|Flying
|move|p1a: Iron Treads|Ice Spinner|p2a: Gliscor
|-supereffective|p2a: Gliscor
|-end|p2a: Gliscor|Substitute
|move|p2a: Gliscor|Earthquake|p1a: Iron Treads
|-immune|p1a: Iron Treads
|
|upkeep
|turn|5
|
|t:|1760792481
|move|p1a: Iron Treads|Ice Spinner|p2a: Gliscor
|-supereffective|p2a: Gliscor
|-damage|p2a: Gliscor|0 fnt
|faint|p2a: Gliscor
|
|upkeep
|
|t:|1760792490
|switch|p2a: Gholdengo|Gholdengo|100/100
|turn|6
|
|t:|1760792503
|-end|p1a: Iron Treads|Quark Drive|[silent]
|switch|p1a: Franky|Toucannon, M|100/100
|move|p2a: Gholdengo|Thunderbolt|p1a: Franky
|-supereffective|p1a: Franky
|-damage|p1a: Franky|20/100
|
|upkeep
|turn|7
|
|t:|1760792510
|move|p2a: Gholdengo|Thunderbolt|p1a: Franky
|-supereffective|p1a: Franky
|-damage|p1a: Franky|0 fnt
|faint|p1a: Franky
|
|upkeep
|
|t:|1760792513
|switch|p1a: Blaziken|Blaziken, M|100/100
|turn|8
|
|t:|1760792517
|switch|p2a: Primarina|Primarina, F|100/100
|move|p1a: Blaziken|Overheat|p2a: Primarina
|-resisted|p2a: Primarina
|-damage|p2a: Primarina|84/100
|-unboost|p1a: Blaziken|spa|2
|
|-ability|p1a: Blaziken|Speed Boost|boost
|-boost|p1a: Blaziken|spe|1
|upkeep
|turn|9
|
|t:|1760792539
|switch|p1a: Dragonite|Dragonite, F|100/100
|move|p2a: Primarina|Whirlpool|p1a: Dragonite
|-resisted|p1a: Dragonite
|-damage|p1a: Dragonite|97/100
|-activate|p1a: Dragonite|move: Whirlpool|[of] p2a: Primarina
|
|-damage|p1a: Dragonite|84/100|[from] move: Whirlpool|[partiallytrapped]
|upkeep
|turn|10
|
|t:|1760792548
|move|p1a: Dragonite|Earthquake|p2a: Primarina
|-damage|p2a: Primarina|50/100
|move|p2a: Primarina|Moonblast|p1a: Dragonite
|-supereffective|p1a: Dragonite
|-damage|p1a: Dragonite|4/100
|
|-damage|p1a: Dragonite|0 fnt|[from] move: Whirlpool|[partiallytrapped]
|faint|p1a: Dragonite
|upkeep
|
|t:|1760792553
|switch|p1a: Zapdos|Zapdos|100/100
|turn|11
|
|t:|1760792558
|switch|p2a: Weezing|Weezing-Galar, F|100/100
|-ability|p2a: Weezing|Neutralizing Gas
|move|p1a: Zapdos|Volt Switch|p2a: Weezing
|-damage|p2a: Weezing|53/100
|
|t:|1760792564
|switch|p1a: Blaziken|Blaziken, M|100/100|[from] Volt Switch
|
|upkeep
|turn|12
|
|t:|1760792569
|move|p1a: Blaziken|Focus Energy|p1a: Blaziken
|-start|p1a: Blaziken|move: Focus Energy
|move|p2a: Weezing|Pain Split|p1a: Blaziken
|-sethp|p1a: Blaziken|80/100|[from] move: Pain Split|[silent]
|-sethp|p2a: Weezing|72/100|[from] move: Pain Split
|
|upkeep
|turn|13
|
|t:|1760792583
|move|p1a: Blaziken|Overheat|p2a: Weezing
|-crit|p2a: Weezing
|-damage|p2a: Weezing|0 fnt
|-unboost|p1a: Blaziken|spa|2
|faint|p2a: Weezing
|-end|p2a: Weezing|ability: Neutralizing Gas
|
|-ability|p1a: Blaziken|Speed Boost|boost
|-boost|p1a: Blaziken|spe|1
|upkeep
|
|t:|1760792591
|switch|p2a: Primarina|Primarina, F|50/100
|turn|14
|
|t:|1760792610
|switch|p1a: Iron Treads|Iron Treads, tera:Flying|65/100
|move|p2a: Primarina|Surf|p1a: Iron Treads
|-damage|p1a: Iron Treads|0 fnt
|faint|p1a: Iron Treads
|-end|p1a: Iron Treads|Quark Drive|[silent]
|
|upkeep
|
|t:|1760792615
|switch|p1a: Zapdos|Zapdos|100/100
|turn|15
|
|t:|1760792623
|move|p1a: Zapdos|Heat Wave|p2a: Primarina
|-resisted|p2a: Primarina
|-damage|p2a: Primarina|36/100
|move|p2a: Primarina|Moonblast|p1a: Zapdos
|-damage|p1a: Zapdos|39/100
|
|upkeep
|turn|16
|
|t:|1760792632
|switch|p1a: Zamazenta|Zamazenta|100/100
|-ability|p1a: Zamazenta|Dauntless Shield|boost
|-boost|p1a: Zamazenta|def|1
|move|p2a: Primarina|Surf|p1a: Zamazenta
|-damage|p1a: Zamazenta|49/100
|
|upkeep
|turn|17
|
|t:|1760792654
|move|p1a: Zamazenta|Close Combat|p2a: Primarina
|-resisted|p2a: Primarina
|-damage|p2a: Primarina|0 fnt
|-unboost|p1a: Zamazenta|def|1
|-unboost|p1a: Zamazenta|spd|1
|faint|p2a: Primarina
|
|upkeep
|
|t:|1760792661
|switch|p2a: Iron Valiant|Iron Valiant|100/100
|-enditem|p2a: Iron Valiant|Booster Energy
|-activate|p2a: Iron Valiant|ability: Quark Drive|[fromitem]
|-start|p2a: Iron Valiant|quarkdrivespe
|turn|18
|
|t:|1760792669
|move|p2a: Iron Valiant|Calm Mind|p2a: Iron Valiant
|-boost|p2a: Iron Valiant|spa|1
|-boost|p2a: Iron Valiant|spd|1
|move|p1a: Zamazenta|Close Combat|p2a: Iron Valiant
|-resisted|p2a: Iron Valiant
|-damage|p2a: Iron Valiant|48/100
|-unboost|p1a: Zamazenta|def|1
|-unboost|p1a: Zamazenta|spd|1
|
|upkeep
|turn|19
|
|t:|1760792679
|move|p2a: Iron Valiant|Moonblast|p1a: Zamazenta
|-supereffective|p1a: Zamazenta
|-damage|p1a: Zamazenta|0 fnt
|faint|p1a: Zamazenta
|
|upkeep
|
|t:|1760792681
|switch|p1a: Blaziken|Blaziken, M|80/100
|turn|20
|
|t:|1760792687
|-terastallize|p2a: Iron Valiant|Ghost
|move|p1a: Blaziken|Endure|p1a: Blaziken
|-singleturn|p1a: Blaziken|move: Endure
|move|p2a: Iron Valiant|Shadow Ball|p1a: Blaziken
|-activate|p1a: Blaziken|move: Endure
|-damage|p1a: Blaziken|1/100
|
|-ability|p1a: Blaziken|Speed Boost|boost
|-boost|p1a: Blaziken|spe|1
|upkeep
|turn|21
|
|t:|1760792698
|move|p1a: Blaziken|Endure||[still]
|-fail|p1a: Blaziken
|move|p2a: Iron Valiant|Shadow Ball|p1a: Blaziken
|-damage|p1a: Blaziken|0 fnt
|faint|p1a: Blaziken
|
|upkeep
|-message|whynotbtt forfeited.
|
|win|orbabsorber
|raw|whynotbtt's rating: 1205 &rarr; <strong>1181</strong><br />(-24 for losing)
|raw|orbabsorber's rating: 1221 &rarr; <strong>1245</strong><br />(+24 for winning)
|l|☆whynotbtt
|player|p1|
|l|☆orbabsorber
|player|p2|
