|j|☆Skotus
|j|☆KevinHaHa
|t:|1760821865
|gametype|singles
|player|p1|Skotus|266|1280
|player|p2|KevinHaHa|lucas|1272
|gen|9
|tier|[Gen 9] OU
|rated|
|rule|HP Percentage Mod: HP is shown in percentages
|rule|Endless Battle Clause: Forcing endless battles is banned
|rule|Species Clause: Limit one of each Pokémon
|rule|OHKO Clause: OHKO moves are banned
|rule|Evasion Items Clause: Evasion items are banned
|rule|Evasion Moves Clause: Evasion moves are banned
|rule|Evasion Abilities Clause: Evasion abilities are banned
|rule|Sleep Moves Clause: Sleep-inducing moves are banned
|clearpoke
|poke|p1|Great Tusk|
|poke|p1|Excadrill, M|
|poke|p1|Hippowdon, F|
|poke|p1|Landorus-Therian, M|
|poke|p1|Houndstone, F|
|poke|p1|Gastrodon, F|
|poke|p2|Ninetales-Alola, F|
|poke|p2|Araquanid, F|
|poke|p2|Great Tusk|
|poke|p2|Iron Hands|
|poke|p2|Kommo-o, F|
|poke|p2|Zamazenta-*|
|teampreview
|
|t:|1760821881
|teamsize|p1|6
|teamsize|p2|6
|start
|switch|p1a: Excadrill|Excadrill, M|100/100
|switch|p2a: Great Tusk|Great Tusk|100/100
|-ability|p1a: Excadrill|Mold Breaker
|-enditem|p2a: Great Tusk|Booster Energy
|-activate|p2a: Great Tusk|ability: Protosynthesis|[fromitem]
|-start|p2a: Great Tusk|protosynthesisspe
|turn|1
|
|t:|1760821888
|switch|p1a: Landorus|Landorus-Therian, M|100/100
|-ability|p1a: Landorus|Intimidate|boost
|-unboost|p2a: Great Tusk|atk|1
|move|p2a: Great Tusk|Bulk Up|p2a: Great Tusk
|-boost|p2a: Great Tusk|atk|1
|-boost|p2a: Great Tusk|def|1
|
|upkeep
|turn|2
|
|t:|1760821897
|switch|p1a: Gastrodon|Gastrodon, F|100/100
|move|p2a: Great Tusk|Bulk Up|p2a: Great Tusk
|-boost|p2a: Great Tusk|atk|1
|-boost|p2a: Great Tusk|def|1
|
|upkeep
|turn|3
|
|t:|1760821912
|move|p2a: Great Tusk|Headlong Rush|p1a: Gastrodon
|-damage|p1a: Gastrodon|10/100
|-unboost|p2a: Great Tusk|def|1
|-unboost|p2a: Great Tusk|spd|1
|move|p1a: Gastrodon|Hydro Pump|p2a: Great Tusk
|-supereffective|p2a: Great Tusk
|-damage|p2a: Great Tusk|0 fnt
|faint|p2a: Great Tusk
|-end|p2a: Great Tusk|Protosynthesis|[silent]
|
|-heal|p1a: Gastrodon|16/100|[from] item: Leftovers
|upkeep
|
|t:|1760821933
|switch|p2a: Kommo-o|Kommo-o, F, shiny|100/100
|turn|4
|
|t:|1760821936
|move|p2a: Kommo-o|Clangorous Soul|p2a: Kommo-o
|-boost|p2a: Kommo-o|atk|1
|-boost|p2a: Kommo-o|def|1
|-boost|p2a: Kommo-o|spa|1
|-boost|p2a: Kommo-o|spd|1
|-boost|p2a: Kommo-o|spe|1
|-damage|p2a: Kommo-o|68/100
|move|p1a: Gastrodon|Ice Beam|p2a: Kommo-o
|-supereffective|p2a: Kommo-o
|-damage|p2a: Kommo-o|42/100
|
|-heal|p2a: Kommo-o|48/100|[from] item: Leftovers
|-heal|p1a: Gastrodon|23/100|[from] item: Leftovers
|upkeep
|turn|5
|
|t:|1760821952
|switch|p1a: Hippowdon|Hippowdon, F|100/100
|-weather|Sandstorm|[from] ability: Sand Stream|[of] p1a: Hippowdon
|move|p2a: Kommo-o|Drain Punch|p1a: Hippowdon
|-damage|p1a: Hippowdon|75/100
|-heal|p2a: Kommo-o|63/100|[from] drain|[of] p1a: Hippowdon
|
|-weather|Sandstorm|[upkeep]
|-damage|p2a: Kommo-o|57/100|[from] Sandstorm
|-heal|p2a: Kommo-o|63/100|[from] item: Leftovers
|upkeep
|turn|6
|
|t:|1760821965
|move|p2a: Kommo-o|Bulk Up|p2a: Kommo-o
|-boost|p2a: Kommo-o|atk|1
|-boost|p2a: Kommo-o|def|1
|move|p1a: Hippowdon|Body Press|p2a: Kommo-o
|-damage|p2a: Kommo-o|52/100
|
|-weather|Sandstorm|[upkeep]
|-damage|p2a: Kommo-o|45/100|[from] Sandstorm
|-heal|p2a: Kommo-o|52/100|[from] item: Leftovers
|upkeep
|turn|7
|
|t:|1760821975
|switch|p1a: Gastrodon|Gastrodon, F|23/100
|move|p2a: Kommo-o|Bulk Up|p2a: Kommo-o
|-boost|p2a: Kommo-o|atk|1
|-boost|p2a: Kommo-o|def|1
|
|-weather|Sandstorm|[upkeep]
|-damage|p2a: Kommo-o|45/100|[from] Sandstorm
|-heal|p2a: Kommo-o|52/100|[from] item: Leftovers
|-heal|p1a: Gastrodon|29/100|[from] item: Leftovers
|upkeep
|turn|8
|
|t:|1760821983
|move|p2a: Kommo-o|Drain Punch|p1a: Gastrodon
|-damage|p1a: Gastrodon|0 fnt
|-heal|p2a: Kommo-o|69/100|[from] drain|[of] p1a: Gastrodon
|faint|p1a: Gastrodon
|
|-weather|Sandstorm|[upkeep]
|-damage|p2a: Kommo-o|62/100|[from] Sandstorm
|-heal|p2a: Kommo-o|69/100|[from] item: Leftovers
|upkeep
|
|t:|1760821988
|switch|p1a: Houndstone|Houndstone, F|100/100
|turn|9
|
|t:|1760821997
|move|p1a: Houndstone|Trick|p2a: Kommo-o
|-activate|p1a: Houndstone|move: Trick|[of] p2a: Kommo-o
|-item|p2a: Kommo-o|Choice Band|[from] move: Trick
|-item|p1a: Houndstone|Leftovers|[from] move: Trick
|move|p2a: Kommo-o|Clangorous Soul|p2a: Kommo-o
|-boost|p2a: Kommo-o|atk|1
|-boost|p2a: Kommo-o|def|1
|-boost|p2a: Kommo-o|spa|1
|-boost|p2a: Kommo-o|spd|1
|-boost|p2a: Kommo-o|spe|1
|-damage|p2a: Kommo-o|36/100
|
|-weather|Sandstorm|[upkeep]
|-damage|p2a: Kommo-o|30/100|[from] Sandstorm
|upkeep
|turn|10
|
|t:|1760822014
|switch|p1a: Great Tusk|Great Tusk|100/100
|-enditem|p1a: Great Tusk|Booster Energy
|-activate|p1a: Great Tusk|ability: Protosynthesis|[fromitem]
|-start|p1a: Great Tusk|protosynthesisatk
|switch|p2a: Zamazenta|Zamazenta, shiny|100/100
|-ability|p2a: Zamazenta|Dauntless Shield|boost
|-boost|p2a: Zamazenta|def|1
|
|-weather|Sandstorm|[upkeep]
|-damage|p2a: Zamazenta|94/100|[from] Sandstorm
|-heal|p2a: Zamazenta|100/100|[from] item: Leftovers
|upkeep
|turn|11
|
|t:|1760822029
|-end|p1a: Great Tusk|Protosynthesis|[silent]
|switch|p1a: Houndstone|Houndstone, F|100/100
|move|p2a: Zamazenta|Close Combat|p1a: Houndstone
|-immune|p1a: Houndstone
|
|-weather|Sandstorm|[upkeep]
|-damage|p2a: Zamazenta|94/100|[from] Sandstorm
|-heal|p2a: Zamazenta|100/100|[from] item: Leftovers
|upkeep
|turn|12
|
|t:|1760822038
|move|p1a: Houndstone|Poltergeist|p2a: Zamazenta|[miss]
|-miss|p1a: Houndstone|p2a: Zamazenta
|move|p2a: Zamazenta|Crunch|p1a: Houndstone
|-supereffective|p1a: Houndstone
|-damage|p1a: Houndstone|47/100
|
|-weather|none
|-heal|p1a: Houndstone|53/100|[from] item: Leftovers
|upkeep
|turn|13
|
|t:|1760822052
|move|p2a: Zamazenta|Crunch|p1a: Houndstone
|-supereffective|p1a: Houndstone
|-damage|p1a: Houndstone|1/100
|move|p1a: Houndstone|Trick|p2a: Zamazenta
|-activate|p1a: Houndstone|move: Trick|[of] p2a: Zamazenta
|-item|p2a: Zamazenta|Leftovers|[from] move: Trick
|-item|p1a: Houndstone|Leftovers|[from] move: Trick
|
|-heal|p1a: Houndstone|7/100|[from] item: Leftovers
|upkeep
|turn|14
|
|t:|1760822066
|switch|p1a: Landorus|Landorus-Therian, M|100/100
|-ability|p1a: Landorus|Intimidate|boost
|-unboost|p2a: Zamazenta|atk|1
|move|p2a: Zamazenta|Close Combat|p1a: Landorus
|-resisted|p1a: Landorus
|-damage|p1a: Landorus|77/100
|-unboost|p2a: Zamazenta|def|1
|-unboost|p2a: Zamazenta|spd|1
|-damage|p2a: Zamazenta|84/100|[from] item: Rocky Helmet|[of] p1a: Landorus
|
|-heal|p2a: Zamazenta|90/100|[from] item: Leftovers
|upkeep
|turn|15
|
|t:|1760822078
|switch|p2a: Kommo-o|Kommo-o, F, shiny|30/100
|move|p1a: Landorus|U-turn|p2a: Kommo-o
|-resisted|p2a: Kommo-o
|-damage|p2a: Kommo-o|19/100
|
|t:|1760822085
|switch|p1a: Great Tusk|Great Tusk|100/100|[from] U-turn
|
|upkeep
|turn|16
|
|t:|1760822088
|move|p1a: Great Tusk|Rapid Spin|p2a: Kommo-o
|-damage|p2a: Kommo-o|6/100
|-boost|p1a: Great Tusk|spe|1
|move|p2a: Kommo-o|Drain Punch|p1a: Great Tusk
|-damage|p1a: Great Tusk|65/100
|-heal|p2a: Kommo-o|25/100|[from] drain|[of] p1a: Great Tusk
|
|upkeep
|turn|17
|
|t:|1760822095
|move|p1a: Great Tusk|Ice Spinner|p2a: Kommo-o
|-supereffective|p2a: Kommo-o
|-damage|p2a: Kommo-o|0 fnt
|faint|p2a: Kommo-o
|
|upkeep
|
|t:|1760822104
|switch|p2a: Araquanid|Araquanid, F, shiny|100/100
|turn|18
|
|t:|1760822110
|-end|p1a: Great Tusk|Protosynthesis|[silent]
|switch|p1a: Hippowdon|Hippowdon, F|75/100
|-weather|Sandstorm|[from] ability: Sand Stream|[of] p1a: Hippowdon
|move|p2a: Araquanid|Surf|p1a: Hippowdon
|-supereffective|p1a: Hippowdon
|-damage|p1a: Hippowdon|0 fnt
|faint|p1a: Hippowdon
|
|-weather|Sandstorm|[upkeep]
|-damage|p2a: Araquanid|94/100|[from] Sandstorm
|upkeep
|
|t:|1760822117
|switch|p1a: Houndstone|Houndstone, F|7/100
|turn|19
|
|t:|1760822122
|switch|p2a: Zamazenta|Zamazenta, shiny|90/100
|move|p1a: Houndstone|Destiny Bond|p1a: Houndstone
|-singlemove|p1a: Houndstone|Destiny Bond
|
|-weather|Sandstorm|[upkeep]
|-damage|p2a: Zamazenta|84/100|[from] Sandstorm
|-heal|p1a: Houndstone|13/100|[from] item: Leftovers
|-heal|p2a: Zamazenta|90/100|[from] item: Leftovers
|upkeep
|turn|20
|
|t:|1760822132
|move|p1a: Houndstone|Poltergeist|p2a: Zamazenta
|-activate|p2a: Zamazenta|move: Poltergeist|Leftovers
|-damage|p2a: Zamazenta|62/100
|move|p2a: Zamazenta|Crunch|p1a: Houndstone
|-supereffective|p1a: Houndstone
|-damage|p1a: Houndstone|0 fnt
|faint|p1a: Houndstone
|
|-weather|Sandstorm|[upkeep]
|-damage|p2a: Zamazenta|55/100|[from] Sandstorm
|-heal|p2a: Zamazenta|62/100|[from] item: Leftovers
|upkeep
|
|t:|1760822141
|switch|p1a: Landorus|Landorus-Therian, M|77/100
|-ability|p1a: Landorus|Intimidate|boost
|-unboost|p2a: Zamazenta|atk|1
|turn|21
|
|t:|1760822144
|move|p2a: Zamazenta|Crunch|p1a: Landorus
|-damage|p1a: Landorus|52/100
|-damage|p2a: Zamazenta|45/100|[from] item: Rocky Helmet|[of] p1a: Landorus
|move|p1a: Landorus|Earthquake|p2a: Zamazenta
|-damage|p2a: Zamazenta|3/100
|
|-weather|Sandstorm|[upkeep]
|-damage|p2a: Zamazenta|0 fnt|[from] Sandstorm
|faint|p2a: Zamazenta
|upkeep
|
|t:|1760822156
|switch|p2a: Ninetales|Ninetales-Alola, F, shiny|100/100
|-weather|Snowscape|[from] ability: Snow Warning|[of] p2a: Ninetales
|turn|22
|
|t:|1760822165
|move|p2a: Ninetales|Aurora Veil|p2a: Ninetales
|-sidestart|p2: KevinHaHa|move: Aurora Veil
|move|p1a: Landorus|Rock Slide|p2a: Ninetales
|-supereffective|p2a: Ninetales
|-damage|p2a: Ninetales|78/100
|
|-weather|Snowscape|[upkeep]
|upkeep
|turn|23
|
|t:|1760822171
|move|p2a: Ninetales|Freeze-Dry|p1a: Landorus
|-supereffective|p1a: Landorus
|-damage|p1a: Landorus|0 fnt
|faint|p1a: Landorus
|
|-weather|Snowscape|[upkeep]
|upkeep
|
|t:|1760822178
|switch|p1a: Excadrill|Excadrill, M|100/100
|-ability|p1a: Excadrill|Mold Breaker
|turn|24
|
|t:|1760822183
|switch|p2a: Araquanid|Araquanid, F, shiny|94/100
|move|p1a: Excadrill|Iron Head|p2a: Araquanid
|-resisted|p2a: Araquanid
|-damage|p2a: Araquanid|83/100
|
|-weather|Snowscape|[upkeep]
|upkeep
|turn|25
|
|t:|1760822189
|switch|p1a: Great Tusk|Great Tusk|65/100
|move|p2a: Araquanid|Surf|p1a: Great Tusk
|-supereffective|p1a: Great Tusk
|-damage|p1a: Great Tusk|0 fnt
|faint|p1a: Great Tusk
|-end|p1a: Great Tusk|Protosynthesis|[silent]
|
|-weather|Snowscape|[upkeep]
|upkeep
|
|t:|1760822195
|switch|p1a: Excadrill|Excadrill, M|100/100
|-ability|p1a: Excadrill|Mold Breaker
|turn|26
|
|t:|1760822200
|-terastallize|p2a: Araquanid|Ghost
|move|p1a: Excadrill|Earthquake|p2a: Araquanid
|-damage|p2a: Araquanid|55/100
|move|p2a: Araquanid|Surf|p1a: Excadrill
|-supereffective|p1a: Excadrill
|-enditem|p1a: Excadrill|Focus Sash
|-damage|p1a: Excadrill|1/100
|
|-weather|none
|upkeep
|turn|27
|
|t:|1760822209
|move|p1a: Excadrill|Earthquake|p2a: Araquanid
|-crit|p2a: Araquanid
|-damage|p2a: Araquanid|0 fnt
|faint|p2a: Araquanid
|
|upkeep
|
|t:|1760822214
|switch|p2a: Ninetales|Ninetales-Alola, F, shiny|78/100
|-weather|Snowscape|[from] ability: Snow Warning|[of] p2a: Ninetales
|turn|28
|
|t:|1760822219
|move|p2a: Ninetales|Freeze-Dry|p1a: Excadrill
|-damage|p1a: Excadrill|0 fnt
|faint|p1a: Excadrill
|
|win|KevinHaHa
|raw|Skotus's rating: 1280 &rarr; <strong>1254</strong><br />(-26 for losing)
|raw|KevinHaHa's rating: 1272 &rarr; <strong>1298</strong><br />(+26 for winning)
|l|☆Skotus
|player|p1|
|l|☆KevinHaHa
|player|p2|
