|j|☆Danxsh17
|j|☆AAA grade effort
|t:|1760856379
|gametype|singles
|player|p1|Danxsh17|101|1380
|player|p2|AAA grade effort|twins|1420
|gen|9
|tier|[Gen 9] OU
|rated|
|rule|HP Percentage Mod: HP is shown in percentages
|rule|Endless Battle Clause: Forcing endless battles is banned
|rule|Species Clause: Limit one of each Pokémon
|rule|OHKO Clause: OHKO moves are banned
|rule|Evasion Items Clause: Evasion items are banned
|rule|Evasion Moves Clause: Evasion moves are banned
|rule|Evasion Abilities Clause: Evasion abilities are banned
|rule|Sleep Moves Clause: Sleep-inducing moves are banned
|clearpoke
|poke|p1|Iron Valiant|
|poke|p1|Zamazenta-*|
|poke|p1|Ogerpon-Cornerstone, F|
|poke|p1|Landorus-Therian, M|
|poke|p1|Darkrai|
|poke|p1|Hatterene, F|
|poke|p2|Gholdengo|
|poke|p2|Dragonite, F|
|poke|p2|Araquanid, F|
|poke|p2|Enamorus, F|
|poke|p2|Great Tusk|
|poke|p2|Honchkrow, F|
|teampreview
|inactive|Battle timer is ON: inactive players will automatically lose when time's up. (requested by Danxsh17)
|
|t:|1760856397
|teamsize|p1|6
|teamsize|p2|6
|start
|switch|p1a: Darkrai|Darkrai|100/100
|switch|p2a: Araquanid|Araquanid, F|100/100
|turn|1
|
|t:|1760856408
|switch|p1a: Hatterene|Hatterene, F|100/100
|move|p2a: Araquanid|Surf|p1a: Hatterene
|-damage|p1a: Hatterene|77/100
|
|upkeep
|turn|2
|
|t:|1760856416
|switch|p2a: Great Tusk|Great Tusk|100/100
|-enditem|p2a: Great Tusk|Booster Energy
|-activate|p2a: Great Tusk|ability: Protosynthesis|[fromitem]
|-start|p2a: Great Tusk|protosynthesisatk
|move|p1a: Hatterene|Nuzzle|p2a: Great Tusk
|-immune|p2a: Great Tusk
|
|upkeep
|turn|3
|
|t:|1760856423
|move|p2a: Great Tusk|Headlong Rush|p1a: Hatterene
|-damage|p1a: Hatterene|0 fnt
|-unboost|p2a: Great Tusk|def|1
|-unboost|p2a: Great Tusk|spd|1
|faint|p1a: Hatterene
|
|upkeep
|
|t:|1760856434
|switch|p1a: Darkrai|Darkrai|100/100
|turn|4
|
|t:|1760856439
|-end|p2a: Great Tusk|Protosynthesis|[silent]
|switch|p2a: Araquanid|Araquanid, F|100/100
|move|p1a: Darkrai|Ice Beam|p2a: Araquanid
|-resisted|p2a: Araquanid
|-damage|p2a: Araquanid|92/100
|
|upkeep
|turn|5
|
|t:|1760856441
|move|p1a: Darkrai|Knock Off|p2a: Araquanid
|-damage|p2a: Araquanid|59/100
|-enditem|p2a: Araquanid|Custap Berry|[from] move: Knock Off|[of] p1a: Darkrai
|move|p2a: Araquanid|Sticky Web|p1a: Darkrai
|-sidestart|p1: Danxsh17|move: Sticky Web
|
|upkeep
|turn|6
|
|t:|1760856444
|move|p1a: Darkrai|Dark Pulse|p2a: Araquanid
|-damage|p2a: Araquanid|34/100
|cant|p2a: Araquanid|flinch
|
|upkeep
|turn|7
|
|t:|1760856449
|move|p1a: Darkrai|Dark Pulse|p2a: Araquanid
|-damage|p2a: Araquanid|8/100
|move|p2a: Araquanid|Mirror Coat|p1a: Darkrai
|-immune|p1a: Darkrai
|
|upkeep
|turn|8
|
|t:|1760856456
|move|p1a: Darkrai|Dark Pulse|p2a: Araquanid
|-damage|p2a: Araquanid|0 fnt
|faint|p2a: Araquanid
|
|upkeep
|
|t:|1760856464
|switch|p2a: Honchkrow|Honchkrow, F|100/100
|turn|9
|
|t:|1760856466
|move|p1a: Darkrai|Will-O-Wisp|p2a: Honchkrow|[miss]
|-miss|p1a: Darkrai|p2a: Honchkrow
|move|p2a: Honchkrow|Drill Peck|p1a: Darkrai
|-damage|p1a: Darkrai|8/100
|-damage|p2a: Honchkrow|91/100|[from] item: Life Orb
|
|upkeep
|turn|10
|
|t:|1760856478
|move|p1a: Darkrai|Will-O-Wisp|p2a: Honchkrow
|-status|p2a: Honchkrow|brn
|move|p2a: Honchkrow|Drill Peck|p1a: Darkrai
|-damage|p1a: Darkrai|0 fnt
|faint|p1a: Darkrai
|-ability|p2a: Honchkrow|Moxie|boost
|-boost|p2a: Honchkrow|atk|1
|-damage|p2a: Honchkrow|81/100 brn|[from] item: Life Orb
|
|-damage|p2a: Honchkrow|74/100 brn|[from] brn
|upkeep
|
|t:|1760856481
|switch|p1a: Landorus|Landorus-Therian, M|100/100
|-ability|p1a: Landorus|Intimidate|boost
|-unboost|p2a: Honchkrow|atk|1
|turn|11
|
|t:|1760856484
|move|p1a: Landorus|Stealth Rock|p2a: Honchkrow
|-sidestart|p2: AAA grade effort|move: Stealth Rock
|move|p2a: Honchkrow|Drill Peck|p1a: Landorus
|-damage|p1a: Landorus|72/100
|-damage|p2a: Honchkrow|58/100 brn|[from] item: Rocky Helmet|[of] p1a: Landorus
|-damage|p2a: Honchkrow|48/100 brn|[from] item: Life Orb
|
|-damage|p2a: Honchkrow|42/100 brn|[from] brn
|upkeep
|turn|12
|
|t:|1760856491
|move|p1a: Landorus|Taunt|p2a: Honchkrow
|-start|p2a: Honchkrow|move: Taunt
|move|p2a: Honchkrow|Drill Peck|p1a: Landorus
|-damage|p1a: Landorus|45/100
|-damage|p2a: Honchkrow|25/100 brn|[from] item: Rocky Helmet|[of] p1a: Landorus
|-damage|p2a: Honchkrow|15/100 brn|[from] item: Life Orb
|
|-damage|p2a: Honchkrow|9/100 brn|[from] brn
|upkeep
|turn|13
|
|t:|1760856496
|move|p1a: Landorus|U-turn|p2a: Honchkrow
|-damage|p2a: Honchkrow|0 fnt
|faint|p2a: Honchkrow
|
|t:|1760856499
|switch|p1a: Ogerpon|Ogerpon-Cornerstone, F|100/100|[from] U-turn
|-activate|p1a: Ogerpon|move: Sticky Web
|-unboost|p1a: Ogerpon|spe|1
|
|upkeep
|
|t:|1760856506
|switch|p2a: Gholdengo|Gholdengo|100/100
|-damage|p2a: Gholdengo|94/100|[from] Stealth Rock
|-item|p2a: Gholdengo|Air Balloon
|turn|14
|
|t:|1760856510
|switch|p1a: Landorus|Landorus-Therian, M|45/100
|-ability|p1a: Landorus|Intimidate|boost
|-unboost|p2a: Gholdengo|atk|1
|move|p2a: Gholdengo|Make It Rain|p1a: Landorus
|-damage|p1a: Landorus|0 fnt
|-unboost|p2a: Gholdengo|spa|1
|faint|p1a: Landorus
|
|upkeep
|
|t:|1760856513
|switch|p1a: Zamazenta|Zamazenta|100/100
|-ability|p1a: Zamazenta|Dauntless Shield|boost
|-boost|p1a: Zamazenta|def|1
|turn|15
|
|t:|1760856536
|switch|p2a: Great Tusk|Great Tusk|100/100
|-damage|p2a: Great Tusk|98/100|[from] Stealth Rock
|move|p1a: Zamazenta|Crunch|p2a: Great Tusk
|-resisted|p2a: Great Tusk
|-damage|p2a: Great Tusk|88/100
|
|upkeep
|turn|16
|
|t:|1760856542
|move|p1a: Zamazenta|Ice Fang|p2a: Great Tusk
|-supereffective|p2a: Great Tusk
|-damage|p2a: Great Tusk|57/100
|move|p2a: Great Tusk|Rapid Spin|p1a: Zamazenta
|-damage|p1a: Zamazenta|89/100
|-boost|p2a: Great Tusk|spe|1
|-sideend|p2: AAA grade effort|Stealth Rock|[from] move: Rapid Spin|[of] p2a: Great Tusk
|
|upkeep
|turn|17
|
|t:|1760856550
|move|p2a: Great Tusk|Headlong Rush|p1a: Zamazenta
|-damage|p1a: Zamazenta|49/100
|-unboost|p2a: Great Tusk|def|1
|-unboost|p2a: Great Tusk|spd|1
|move|p1a: Zamazenta|Ice Fang|p2a: Great Tusk
|-supereffective|p2a: Great Tusk
|-damage|p2a: Great Tusk|7/100
|
|upkeep
|turn|18
|
|t:|1760856554
|move|p2a: Great Tusk|Headlong Rush|p1a: Zamazenta
|-damage|p1a: Zamazenta|11/100
|-unboost|p2a: Great Tusk|def|1
|-unboost|p2a: Great Tusk|spd|1
|move|p1a: Zamazenta|Ice Fang|p2a: Great Tusk
|-supereffective|p2a: Great Tusk
|-damage|p2a: Great Tusk|0 fnt
|faint|p2a: Great Tusk
|-end|p2a: Great Tusk|Protosynthesis|[silent]
|
|upkeep
|
|t:|1760856560
|switch|p2a: Dragonite|Dragonite, F|100/100
|turn|19
|
|t:|1760856564
|move|p2a: Dragonite|Extreme Speed|p1a: Zamazenta
|-damage|p1a: Zamazenta|0 fnt
|faint|p1a: Zamazenta
|
|upkeep
|
|t:|1760856566
|switch|p1a: Iron Valiant|Iron Valiant|100/100
|-activate|p1a: Iron Valiant|move: Sticky Web
|-unboost|p1a: Iron Valiant|spe|1
|-enditem|p1a: Iron Valiant|Booster Energy
|-activate|p1a: Iron Valiant|ability: Quark Drive|[fromitem]
|-start|p1a: Iron Valiant|quarkdrivespa
|turn|20
|
|t:|1760856577
|-terastallize|p1a: Iron Valiant|Fairy
|move|p2a: Dragonite|Dragon Dance|p2a: Dragonite
|-boost|p2a: Dragonite|atk|1
|-boost|p2a: Dragonite|spe|1
|move|p1a: Iron Valiant|Moonblast|p2a: Dragonite
|-supereffective|p2a: Dragonite
|-damage|p2a: Dragonite|19/100
|
|upkeep
|turn|21
|
|t:|1760856584
|move|p2a: Dragonite|Extreme Speed|p1a: Iron Valiant
|-damage|p1a: Iron Valiant|38/100
|move|p1a: Iron Valiant|Moonblast|p2a: Dragonite
|-supereffective|p2a: Dragonite
|-damage|p2a: Dragonite|0 fnt
|faint|p2a: Dragonite
|
|upkeep
|
|t:|1760856590
|switch|p2a: Enamorus|Enamorus, F|100/100
|turn|22
|
|t:|1760856595
|-terastallize|p2a: Enamorus|Stellar
|move|p2a: Enamorus|Tera Blast|p1a: Iron Valiant|[anim] Tera Blast Stellar
|-supereffective|p1a: Iron Valiant
|-damage|p1a: Iron Valiant|0 fnt
|-boost|p2a: Enamorus|atk|1
|-boost|p2a: Enamorus|spa|1
|faint|p1a: Iron Valiant
|-end|p1a: Iron Valiant|Quark Drive|[silent]
|
|upkeep
|
|t:|1760856596
|switch|p1a: Ogerpon|Ogerpon-Cornerstone, F|100/100
|-activate|p1a: Ogerpon|move: Sticky Web
|-unboost|p1a: Ogerpon|spe|1
|turn|23
|
|t:|1760856600
|move|p2a: Enamorus|Superpower|p1a: Ogerpon
|-supereffective|p1a: Ogerpon
|-ability|p1a: Ogerpon|Sturdy
|-damage|p1a: Ogerpon|1/100
|-boost|p2a: Enamorus|atk|1
|-boost|p2a: Enamorus|def|1
|move|p1a: Ogerpon|Ivy Cudgel|p2a: Enamorus|[anim] Ivy Cudgel Rock
|-supereffective|p2a: Enamorus
|-damage|p2a: Enamorus|0 fnt
|faint|p2a: Enamorus
|
|upkeep
|
|t:|1760856609
|switch|p2a: Gholdengo|Gholdengo|94/100
|-item|p2a: Gholdengo|Air Balloon
|turn|24
|
|t:|1760856612
|move|p2a: Gholdengo|Shadow Ball|p1a: Ogerpon
|-damage|p1a: Ogerpon|0 fnt
|faint|p1a: Ogerpon
|
|win|AAA grade effort
|raw|Danxsh17's rating: 1380 &rarr; <strong>1362</strong><br />(-18 for losing)
|raw|AAA grade effort's rating: 1420 &rarr; <strong>1438</strong><br />(+18 for winning)
|l|☆Danxsh17
|player|p1|
|l|☆AAA grade effort
|player|p2|
