|j|☆hellokitty.me
|j|☆fraud101
|t:|1760745951
|gametype|singles
|player|p1|hellokitty.me|169|1000
|player|p2|fraud101|hiker-gen4|1000
|gen|9
|tier|[Gen 9] OU
|rated|
|rule|HP Percentage Mod: HP is shown in percentages
|rule|Endless Battle Clause: Forcing endless battles is banned
|rule|Species Clause: Limit one of each Pokémon
|rule|OHKO Clause: OHKO moves are banned
|rule|Evasion Items Clause: Evasion items are banned
|rule|Evasion Moves Clause: Evasion moves are banned
|rule|Evasion Abilities Clause: Evasion abilities are banned
|rule|Sleep Moves Clause: Sleep-inducing moves are banned
|clearpoke
|poke|p1|Chandelure, F|
|poke|p1|Clefable, F|
|poke|p1|Whimsicott, M|
|poke|p1|Toxapex, M|
|poke|p1|Rotom-Heat|
|poke|p1|Excadrill, M|
|poke|p2|Lucario, F|
|poke|p2|Dragapult, F|
|poke|p2|Iron Valiant|
|poke|p2|Ting-Lu|
|poke|p2|Corviknight, M|
|poke|p2|Kingambit, M|
|teampreview
|
|t:|1760745961
|teamsize|p1|6
|teamsize|p2|6
|start
|switch|p1a: Clefable|Clefable, F, shiny|100/100
|switch|p2a: Dragapult|Dragapult, F|100/100
|turn|1
|
|t:|1760745971
|-terastallize|p2a: Dragapult|Steel
|move|p2a: Dragapult|Psychic Fangs|p1a: Clefable
|-damage|p1a: Clefable|73/100
|move|p1a: Clefable|Reflect|p1a: Clefable
|-sidestart|p1: hellokitty.me|Reflect
|
|upkeep
|turn|2
|
|t:|1760745982
|move|p2a: Dragapult|Psychic Fangs|p1a: Clefable
|-sideend|p1: hellokitty.me|Reflect
|-crit|p1a: Clefable
|-damage|p1a: Clefable|30/100
|move|p1a: Clefable|Light Screen|p1a: Clefable
|-sidestart|p1: hellokitty.me|move: Light Screen
|
|upkeep
|turn|3
|c|☆fraud101|nice block
|inactive|Battle timer is ON: inactive players will automatically lose when time's up. (requested by hellokitty.me)
|
|t:|1760746009
|move|p2a: Dragapult|Psychic Fangs|p1a: Clefable
|-sideend|p1: hellokitty.me|move: Light Screen
|-damage|p1a: Clefable|0 fnt
|faint|p1a: Clefable
|
|upkeep
|
|t:|1760746022
|switch|p1a: Rotom|Rotom-Heat, shiny|100/100
|turn|4
|
|t:|1760746036
|move|p2a: Dragapult|Dragon Darts|p1a: Rotom
|-damage|p1a: Rotom|75/100
|-anim|p2a: Dragapult|Dragon Darts|p1a: Rotom
|-damage|p1a: Rotom|50/100
|move|p1a: Rotom|Electroweb|p2a: Dragapult|[miss]
|-miss|p1a: Rotom|p2a: Dragapult
|
|upkeep
|turn|5
|
|t:|1760746048
|move|p2a: Dragapult|Dragon Darts|p1a: Rotom
|-damage|p1a: Rotom|27/100
|-anim|p2a: Dragapult|Dragon Darts|p1a: Rotom
|-damage|p1a: Rotom|2/100
|move|p1a: Rotom|Electroweb|p2a: Dragapult
|-damage|p2a: Dragapult|73/100
|-unboost|p2a: Dragapult|spe|1
|
|-heal|p2a: Dragapult|79/100|[from] item: Leftovers
|upkeep
|turn|6
|
|t:|1760746063
|switch|p1a: Toxapex|Toxapex, M, shiny|100/100
|move|p2a: Dragapult|Sucker Punch||[still]
|-fail|p2a: Dragapult
|
|-heal|p2a: Dragapult|85/100|[from] item: Leftovers
|upkeep
|turn|7
|
|t:|1760746072
|move|p2a: Dragapult|Psychic Fangs|p1a: Toxapex
|-supereffective|p1a: Toxapex
|-damage|p1a: Toxapex|58/100
|move|p1a: Toxapex|Toxic Spikes|p2a: Dragapult
|-sidestart|p2: fraud101|move: Toxic Spikes
|
|-heal|p2a: Dragapult|91/100|[from] item: Leftovers
|upkeep
|turn|8
|
|t:|1760746085
|move|p2a: Dragapult|Psychic Fangs|p1a: Toxapex
|-supereffective|p1a: Toxapex
|-damage|p1a: Toxapex|19/100
|move|p1a: Toxapex|Toxic Spikes|p2a: Dragapult
|-sidestart|p2: fraud101|move: Toxic Spikes
|
|-heal|p2a: Dragapult|97/100|[from] item: Leftovers
|upkeep
|turn|9
|
|t:|1760746097
|switch|p1a: Excadrill|Excadrill, M, shiny|100/100
|-ability|p1a: Excadrill|Mold Breaker
|move|p2a: Dragapult|Psychic Fangs|p1a: Excadrill
|-resisted|p1a: Excadrill
|-damage|p1a: Excadrill|85/100
|
|-heal|p2a: Dragapult|100/100|[from] item: Leftovers
|-heal|p1a: Excadrill|91/100|[from] item: Leftovers
|upkeep
|turn|10
|
|t:|1760746113
|move|p2a: Dragapult|Sucker Punch||[still]
|-fail|p2a: Dragapult
|move|p1a: Excadrill|Stealth Rock|p2a: Dragapult
|-sidestart|p2: fraud101|move: Stealth Rock
|
|-heal|p1a: Excadrill|97/100|[from] item: Leftovers
|upkeep
|turn|11
|
|t:|1760746120
|move|p2a: Dragapult|Dragon Darts|p1a: Excadrill
|-resisted|p1a: Excadrill
|-crit|p1a: Excadrill
|-damage|p1a: Excadrill|79/100
|-anim|p2a: Dragapult|Dragon Darts|p1a: Excadrill
|-resisted|p1a: Excadrill
|-damage|p1a: Excadrill|66/100
|move|p1a: Excadrill|Stealth Rock||[still]
|-fail|p1a: Excadrill
|
|-heal|p1a: Excadrill|72/100|[from] item: Leftovers
|upkeep
|turn|12
|
|t:|1760746141
|switch|p1a: Whimsicott|Whimsicott, M, shiny|100/100
|move|p2a: Dragapult|Psychic Fangs|p1a: Whimsicott
|-damage|p1a: Whimsicott|69/100
|
|upkeep
|turn|13
|
|t:|1760746149
|move|p1a: Whimsicott|Tailwind|p1a: Whimsicott
|-sidestart|p1: hellokitty.me|move: Tailwind
|move|p2a: Dragapult|Psychic Fangs|p1a: Whimsicott
|-damage|p1a: Whimsicott|36/100
|
|upkeep
|turn|14
|
|t:|1760746157
|switch|p1a: Excadrill|Excadrill, M, shiny|72/100
|-ability|p1a: Excadrill|Mold Breaker
|move|p2a: Dragapult|Psychic Fangs|p1a: Excadrill
|-resisted|p1a: Excadrill
|-damage|p1a: Excadrill|57/100
|
|-heal|p1a: Excadrill|63/100|[from] item: Leftovers
|upkeep
|turn|15
|
|t:|1760746172
|switch|p1a: Chandelure|Chandelure, F, shiny|100/100
|move|p2a: Dragapult|Psychic Fangs|p1a: Chandelure
|-damage|p1a: Chandelure|60/100
|
|upkeep
|turn|16
|
|t:|1760746185
|move|p2a: Dragapult|Sucker Punch|p1a: Chandelure
|-supereffective|p1a: Chandelure
|-damage|p1a: Chandelure|0 fnt
|faint|p1a: Chandelure
|
|-sideend|p1: hellokitty.me|move: Tailwind
|upkeep
|
|t:|1760746192
|switch|p1a: Excadrill|Excadrill, M, shiny|63/100
|-ability|p1a: Excadrill|Mold Breaker
|turn|17
|-message|hellokitty.me forfeited.
|
|win|fraud101
|raw|hellokitty.me's rating: 1000 &rarr; <strong>1000</strong><br />(+0 for losing)
|raw|fraud101's rating: 1000 &rarr; <strong>1040</strong><br />(+40 for winning)
|l|☆hellokitty.me
|player|p1|
