|j|☆Volga123
|j|☆Loyd09
|t:|1760720950
|gametype|singles
|player|p1|Volga123|cynthia|1435
|player|p2|Loyd09|psychic-gen4|1439
|gen|9
|tier|[Gen 9] OU
|rated|
|rule|HP Percentage Mod: HP is shown in percentages
|rule|Endless Battle Clause: Forcing endless battles is banned
|rule|Species Clause: Limit one of each Pokémon
|rule|OHKO Clause: OHKO moves are banned
|rule|Evasion Items Clause: Evasion items are banned
|rule|Evasion Moves Clause: Evasion moves are banned
|rule|Evasion Abilities Clause: Evasion abilities are banned
|rule|Sleep Moves Clause: Sleep-inducing moves are banned
|clearpoke
|poke|p1|Araquanid, M|
|poke|p1|Politoed, M|
|poke|p1|Raging Bolt|
|poke|p1|Bisharp, M|
|poke|p1|Iron Jugulis|
|poke|p1|Clodsire, M|
|poke|p2|Heatran, F|
|poke|p2|Dragapult, F|
|poke|p2|Toxapex, M|
|poke|p2|Iron Valiant|
|poke|p2|Great Tusk|
|poke|p2|Kingambit, F|
|teampreview
|
|t:|1760720970
|teamsize|p1|6
|teamsize|p2|6
|start
|switch|p1a: Politoed|Politoed, M|100/100
|switch|p2a: Great Tusk|Great Tusk|100/100
|-weather|RainDance|[from] ability: Drizzle|[of] p1a: Politoed
|turn|1
|inactive|Battle timer is ON: inactive players will automatically lose when time's up. (requested by Volga123)
|
|t:|1760720984
|-end|p2a: Great Tusk|Protosynthesis|[silent]
|switch|p2a: Toxapex|Toxapex, M|100/100
|move|p1a: Politoed|Surf|p2a: Toxapex
|-resisted|p2a: Toxapex
|-damage|p2a: Toxapex|76/100
|
|-weather|RainDance|[upkeep]
|upkeep
|turn|2
|
|t:|1760720995
|move|p1a: Politoed|Earth Power|p2a: Toxapex
|-supereffective|p2a: Toxapex
|-damage|p2a: Toxapex|28/100
|move|p2a: Toxapex|Toxic Spikes|p1a: Politoed
|-sidestart|p1: Volga123|move: Toxic Spikes
|
|-weather|RainDance|[upkeep]
|upkeep
|turn|3
|
|t:|1760721018
|switch|p2a: Dragapult|Dragapult, F|100/100
|move|p1a: Politoed|Earth Power|p2a: Dragapult
|-damage|p2a: Dragapult|65/100
|-unboost|p2a: Dragapult|spd|1
|
|-weather|RainDance|[upkeep]
|upkeep
|turn|4
|
|t:|1760721034
|move|p2a: Dragapult|Draco Meteor|p1a: Politoed
|-damage|p1a: Politoed|28/100
|-unboost|p2a: Dragapult|spa|2
|move|p1a: Politoed|Ice Beam|p2a: Dragapult
|-supereffective|p2a: Dragapult
|-damage|p2a: Dragapult|0 fnt
|faint|p2a: Dragapult
|
|-weather|RainDance|[upkeep]
|upkeep
|inactive|Loyd09 has 120 seconds left.
|
|t:|1760721059
|switch|p2a: Iron Valiant|Iron Valiant|100/100
|-enditem|p2a: Iron Valiant|Booster Energy
|-activate|p2a: Iron Valiant|ability: Quark Drive|[fromitem]
|-start|p2a: Iron Valiant|quarkdrivespe
|turn|5
|
|t:|1760721064
|switch|p1a: Clodsire|Clodsire, M|100/100
|-sideend|p1: Volga123|move: Toxic Spikes|[of] p1a: Clodsire
|move|p2a: Iron Valiant|Moonblast|p1a: Clodsire
|-resisted|p1a: Clodsire
|-damage|p1a: Clodsire|83/100
|
|-weather|RainDance|[upkeep]
|-heal|p1a: Clodsire|89/100|[from] item: Black Sludge
|upkeep
|turn|6
|
|t:|1760721071
|move|p2a: Iron Valiant|Psyshock|p1a: Clodsire
|-supereffective|p1a: Clodsire
|-damage|p1a: Clodsire|54/100
|move|p1a: Clodsire|Stealth Rock|p2a: Iron Valiant
|-sidestart|p2: Loyd09|move: Stealth Rock
|
|-weather|RainDance|[upkeep]
|-heal|p1a: Clodsire|60/100|[from] item: Black Sludge
|upkeep
|turn|7
|
|t:|1760721080
|-end|p2a: Iron Valiant|Quark Drive|[silent]
|switch|p2a: Great Tusk|Great Tusk|100/100
|-damage|p2a: Great Tusk|98/100|[from] Stealth Rock
|move|p1a: Clodsire|Toxic|p2a: Great Tusk
|-status|p2a: Great Tusk|tox
|
|-weather|RainDance|[upkeep]
|-heal|p2a: Great Tusk|100/100 tox|[from] item: Leftovers
|-heal|p1a: Clodsire|67/100|[from] item: Black Sludge
|-damage|p2a: Great Tusk|94/100 tox|[from] psn
|upkeep
|turn|8
|
|t:|1760721085
|switch|p1a: Iron Jugulis|Iron Jugulis|100/100
|-enditem|p1a: Iron Jugulis|Booster Energy
|-activate|p1a: Iron Jugulis|ability: Quark Drive|[fromitem]
|-start|p1a: Iron Jugulis|quarkdrivespe
|move|p2a: Great Tusk|Knock Off|p1a: Iron Jugulis
|-resisted|p1a: Iron Jugulis
|-damage|p1a: Iron Jugulis|89/100
|
|-weather|none
|-heal|p2a: Great Tusk|100/100 tox|[from] item: Leftovers
|-damage|p2a: Great Tusk|88/100 tox|[from] psn
|upkeep
|turn|9
|
|t:|1760721096
|-end|p2a: Great Tusk|Protosynthesis|[silent]
|switch|p2a: Heatran|Heatran, F|100/100
|-damage|p2a: Heatran|88/100|[from] Stealth Rock
|move|p1a: Iron Jugulis|Hydro Pump|p2a: Heatran
|-supereffective|p2a: Heatran
|-damage|p2a: Heatran|34/100
|
|-heal|p2a: Heatran|40/100|[from] item: Leftovers
|upkeep
|turn|10
|-message|Loyd09 forfeited.
|
|win|Volga123
|raw|Volga123's rating: 1435 &rarr; <strong>1455</strong><br />(+20 for winning)
|raw|Loyd09's rating: 1439 &rarr; <strong>1419</strong><br />(-20 for losing)
|l|☆Loyd09
|player|p2|
|l|☆Volga123
|player|p1|
