|j|☆hisohisokurione
|j|☆Rapidashhhhh
|t:|1760877092
|gametype|singles
|player|p1|hisohisokurione|ingo|1065
|player|p2|Rapidashhhhh|benga|1068
|gen|9
|tier|[Gen 9] OU
|rated|
|rule|HP Percentage Mod: HP is shown in percentages
|rule|Endless Battle Clause: Forcing endless battles is banned
|rule|Species Clause: Limit one of each Pokémon
|rule|OHKO Clause: OHKO moves are banned
|rule|Evasion Items Clause: Evasion items are banned
|rule|Evasion Moves Clause: Evasion moves are banned
|rule|Evasion Abilities Clause: Evasion abilities are banned
|rule|Sleep Moves Clause: Sleep-inducing moves are banned
|clearpoke
|poke|p1|Registeel|
|poke|p1|Sunkern, M|
|poke|p1|Dragonite, M|
|poke|p1|Torkoal, F|
|poke|p1|Mew|
|poke|p1|Dedenne, M|
|poke|p2|Cloyster, F|
|poke|p2|Staraptor, F|
|poke|p2|Golem, M|
|poke|p2|Tsareena, F|
|poke|p2|Blaziken, F|
|poke|p2|Munkidori, M|
|teampreview
|
|t:|1760877097
|teamsize|p1|6
|teamsize|p2|6
|start
|switch|p1a: Torkoal|Torkoal, F|100/100
|switch|p2a: Cloyster|Cloyster, F, shiny|100/100
|-weather|SunnyDay|[from] ability: Drought|[of] p1a: Torkoal
|turn|1
|
|t:|1760877104
|switch|p1a: Sunkern|Sunkern, M|100/100
|move|p2a: Cloyster|Shell Smash|p2a: Cloyster
|-unboost|p2a: Cloyster|def|1
|-unboost|p2a: Cloyster|spd|1
|-boost|p2a: Cloyster|atk|2
|-boost|p2a: Cloyster|spa|2
|-boost|p2a: Cloyster|spe|2
|-enditem|p2a: Cloyster|White Herb
|-clearnegativeboost|p2a: Cloyster|[silent]
|
|-weather|SunnyDay|[upkeep]
|upkeep
|turn|2
|
|t:|1760877116
|move|p2a: Cloyster|Icicle Spear|p1a: Sunkern
|-supereffective|p1a: Sunkern
|-enditem|p1a: Sunkern|Focus Sash
|-damage|p1a: Sunkern|1/100
|-supereffective|p1a: Sunkern
|-damage|p1a: Sunkern|0 fnt
|faint|p1a: Sunkern
|-hitcount|p1: Sunkern|2
|
|-weather|SunnyDay|[upkeep]
|upkeep
|
|t:|1760877128
|switch|p1a: Dedenne|Dedenne, M|100/100
|turn|3
|
|t:|1760877134
|move|p2a: Cloyster|Rock Blast|p1a: Dedenne
|-damage|p1a: Dedenne|72/100
|-damage|p1a: Dedenne|41/100
|-damage|p1a: Dedenne|12/100
|-damage|p1a: Dedenne|0 fnt
|faint|p1a: Dedenne
|-hitcount|p1: Dedenne|4
|
|-weather|SunnyDay|[upkeep]
|upkeep
|
|t:|1760877148
|switch|p1a: Registeel|Registeel|100/100
|turn|4
|
|t:|1760877174
|move|p2a: Cloyster|Icicle Spear|p1a: Registeel
|-resisted|p1a: Registeel
|-damage|p1a: Registeel|93/100
|-resisted|p1a: Registeel
|-damage|p1a: Registeel|85/100
|-resisted|p1a: Registeel
|-damage|p1a: Registeel|77/100
|-resisted|p1a: Registeel
|-damage|p1a: Registeel|69/100
|-resisted|p1a: Registeel
|-damage|p1a: Registeel|62/100
|-hitcount|p1a: Registeel|5
|move|p1a: Registeel|Iron Defense|p1a: Registeel
|-boost|p1a: Registeel|def|2
|
|-weather|SunnyDay|[upkeep]
|-heal|p1a: Registeel|68/100|[from] item: Leftovers
|upkeep
|turn|5
|
|t:|1760877192
|move|p2a: Cloyster|Rock Blast|p1a: Registeel
|-resisted|p1a: Registeel
|-damage|p1a: Registeel|66/100
|-resisted|p1a: Registeel
|-damage|p1a: Registeel|63/100
|-resisted|p1a: Registeel
|-damage|p1a: Registeel|61/100
|-resisted|p1a: Registeel
|-damage|p1a: Registeel|58/100
|-resisted|p1a: Registeel
|-damage|p1a: Registeel|55/100
|-hitcount|p1a: Registeel|5
|move|p1a: Registeel|Iron Defense|p1a: Registeel
|-boost|p1a: Registeel|def|2
|
|-weather|none
|-heal|p1a: Registeel|61/100|[from] item: Leftovers
|upkeep
|turn|6
|
|t:|1760877214
|move|p2a: Cloyster|Icicle Spear|p1a: Registeel
|-resisted|p1a: Registeel
|-damage|p1a: Registeel|59/100
|-resisted|p1a: Registeel
|-damage|p1a: Registeel|56/100
|-resisted|p1a: Registeel
|-damage|p1a: Registeel|54/100
|-resisted|p1a: Registeel
|-damage|p1a: Registeel|51/100
|-resisted|p1a: Registeel
|-damage|p1a: Registeel|48/100
|-hitcount|p1a: Registeel|5
|move|p1a: Registeel|Body Press|p2a: Cloyster
|-supereffective|p2a: Cloyster
|-damage|p2a: Cloyster|0 fnt
|faint|p2a: Cloyster
|
|-heal|p1a: Registeel|54/100|[from] item: Leftovers
|upkeep
|
|t:|1760877230
|switch|p2a: Blaziken|Blaziken, F, shiny|100/100
|turn|7
|
|t:|1760877236
|-terastallize|p1a: Registeel|Water
|move|p2a: Blaziken|Endure|p2a: Blaziken
|-singleturn|p2a: Blaziken|move: Endure
|move|p1a: Registeel|Iron Defense|p1a: Registeel
|-boost|p1a: Registeel|def|2
|
|-heal|p1a: Registeel|60/100|[from] item: Leftovers
|-ability|p2a: Blaziken|Speed Boost|boost
|-boost|p2a: Blaziken|spe|1
|upkeep
|turn|8
|
|t:|1760877247
|move|p2a: Blaziken|Scorching Sands|p1a: Registeel
|-damage|p1a: Registeel|49/100
|move|p1a: Registeel|Amnesia|p1a: Registeel
|-boost|p1a: Registeel|spd|2
|
|-heal|p1a: Registeel|55/100|[from] item: Leftovers
|-ability|p2a: Blaziken|Speed Boost|boost
|-boost|p2a: Blaziken|spe|1
|upkeep
|turn|9
|
|t:|1760877260
|move|p2a: Blaziken|Fire Blast|p1a: Registeel
|-resisted|p1a: Registeel
|-damage|p1a: Registeel|48/100
|-status|p1a: Registeel|brn
|move|p1a: Registeel|Amnesia|p1a: Registeel
|-boost|p1a: Registeel|spd|2
|
|-heal|p1a: Registeel|54/100 brn|[from] item: Leftovers
|-damage|p1a: Registeel|48/100 brn|[from] brn
|-ability|p2a: Blaziken|Speed Boost|boost
|-boost|p2a: Blaziken|spe|1
|upkeep
|turn|10
|
|t:|1760877272
|move|p2a: Blaziken|Scorching Sands|p1a: Registeel
|-damage|p1a: Registeel|44/100 brn
|move|p1a: Registeel|Body Press|p2a: Blaziken
|-damage|p2a: Blaziken|25/100
|
|-heal|p1a: Registeel|50/100 brn|[from] item: Leftovers
|-damage|p1a: Registeel|44/100 brn|[from] brn
|-ability|p2a: Blaziken|Speed Boost|boost
|-boost|p2a: Blaziken|spe|1
|upkeep
|turn|11
|
|t:|1760877288
|move|p2a: Blaziken|Fire Blast|p1a: Registeel
|-resisted|p1a: Registeel
|-damage|p1a: Registeel|39/100 brn
|move|p1a: Registeel|Body Press|p2a: Blaziken
|-damage|p2a: Blaziken|0 fnt
|faint|p2a: Blaziken
|
|-heal|p1a: Registeel|45/100 brn|[from] item: Leftovers
|-damage|p1a: Registeel|39/100 brn|[from] brn
|upkeep
|
|t:|1760877299
|switch|p2a: Tsareena|Tsareena, F|100/100
|turn|12
|
|t:|1760877305
|move|p2a: Tsareena|Petal Blizzard|p1a: Registeel
|-supereffective|p1a: Registeel
|-damage|p1a: Registeel|23/100 brn
|move|p1a: Registeel|Rest|p1a: Registeel
|-status|p1a: Registeel|slp|[from] move: Rest
|-heal|p1a: Registeel|100/100 slp|[silent]
|
|upkeep
|turn|13
|-message|Rapidashhhhh forfeited.
|
|win|hisohisokurione
|raw|hisohisokurione's rating: 1065 &rarr; <strong>1096</strong><br />(+31 for winning)
|raw|Rapidashhhhh's rating: 1068 &rarr; <strong>1048</strong><br />(-20 for losing)
|l|☆Rapidashhhhh
|player|p2|
|l|☆hisohisokurione
|player|p1|
