|j|☆DomCat
|j|☆Champion reko
|t:|1760746607
|gametype|singles
|player|p1|DomCat|lady-gen4|1374
|player|p2|Champion reko|norman|1421
|gen|9
|tier|[Gen 9] OU
|rated|
|rule|HP Percentage Mod: HP is shown in percentages
|rule|Endless Battle Clause: Forcing endless battles is banned
|rule|Species Clause: Limit one of each Pokémon
|rule|OHKO Clause: OHKO moves are banned
|rule|Evasion Items Clause: Evasion items are banned
|rule|Evasion Moves Clause: Evasion moves are banned
|rule|Evasion Abilities Clause: Evasion abilities are banned
|rule|Sleep Moves Clause: Sleep-inducing moves are banned
|clearpoke
|poke|p1|Heatran, F|
|poke|p1|Quaquaval, F|
|poke|p1|Garganacl, M|
|poke|p1|Gliscor, M|
|poke|p1|Zapdos|
|poke|p1|Walking Wake|
|poke|p2|Great Tusk|
|poke|p2|Dragonite, M|
|poke|p2|Raging Bolt|
|poke|p2|Iron Valiant|
|poke|p2|Dondozo, M|
|poke|p2|Deoxys-Speed|
|teampreview
|inactive|Battle timer is ON: inactive players will automatically lose when time's up. (requested by DomCat)
|
|t:|1760746626
|teamsize|p1|6
|teamsize|p2|6
|start
|switch|p1a: Sparkuno|Zapdos|100/100
|switch|p2a: Deoxys|Deoxys-Speed, shiny|100/100
|-ability|p2a: Deoxys|Pressure
|turn|1
|
|t:|1760746632
|move|p2a: Deoxys|Psycho Boost|p1a: Sparkuno
|-damage|p1a: Sparkuno|39/100
|-unboost|p2a: Deoxys|spa|2
|move|p1a: Sparkuno|Volt Switch|p2a: Deoxys
|-damage|p2a: Deoxys|46/100
|
|t:|1760746640
|switch|p1a: Himalayan Salt|Garganacl, M|100/100|[from] Volt Switch
|
|upkeep
|turn|2
|
|t:|1760746654
|switch|p1a: Boiling Dragon|Walking Wake|100/100
|move|p2a: Deoxys|Superpower|p1a: Boiling Dragon
|-damage|p1a: Boiling Dragon|73/100
|-unboost|p2a: Deoxys|atk|1
|-unboost|p2a: Deoxys|def|1
|
|upkeep
|turn|3
|
|t:|1760746671
|move|p2a: Deoxys|Superpower|p1a: Boiling Dragon
|-damage|p1a: Boiling Dragon|55/100
|-unboost|p2a: Deoxys|atk|1
|-unboost|p2a: Deoxys|def|1
|move|p1a: Boiling Dragon|Draco Meteor|p2a: Deoxys
|-damage|p2a: Deoxys|0 fnt
|-unboost|p1a: Boiling Dragon|spa|2
|faint|p2a: Deoxys
|
|upkeep
|inactive|Champion reko has 120 seconds left.
|
|t:|1760746699
|switch|p2a: Iron Valiant|Iron Valiant, shiny|100/100
|-enditem|p2a: Iron Valiant|Booster Energy
|-activate|p2a: Iron Valiant|ability: Quark Drive|[fromitem]
|-start|p2a: Iron Valiant|quarkdrivespe
|turn|4
|
|t:|1760746704
|-end|p1a: Boiling Dragon|Protosynthesis|[silent]
|switch|p1a: Sparkuno|Zapdos|39/100
|move|p2a: Iron Valiant|Calm Mind|p2a: Iron Valiant
|-boost|p2a: Iron Valiant|spa|1
|-boost|p2a: Iron Valiant|spd|1
|
|upkeep
|turn|5
|
|t:|1760746710
|move|p2a: Iron Valiant|Shadow Ball|p1a: Sparkuno
|-damage|p1a: Sparkuno|0 fnt
|faint|p1a: Sparkuno
|
|upkeep
|
|t:|1760746715
|switch|p1a: Molten Salt|Heatran, F|100/100
|turn|6
|
|t:|1760746724
|move|p2a: Iron Valiant|Vacuum Wave|p1a: Molten Salt
|-supereffective|p1a: Molten Salt
|-damage|p1a: Molten Salt|52/100
|move|p1a: Molten Salt|Magma Storm|p2a: Iron Valiant
|-damage|p2a: Iron Valiant|30/100
|-activate|p2a: Iron Valiant|move: Magma Storm|[of] p1a: Molten Salt
|
|-heal|p1a: Molten Salt|59/100|[from] item: Leftovers
|-damage|p2a: Iron Valiant|18/100|[from] move: Magma Storm|[partiallytrapped]
|upkeep
|turn|7
|
|t:|1760746732
|move|p1a: Molten Salt|Protect|p1a: Molten Salt
|-singleturn|p1a: Molten Salt|Protect
|move|p2a: Iron Valiant|Shadow Ball|p1a: Molten Salt
|-activate|p1a: Molten Salt|move: Protect
|
|-heal|p1a: Molten Salt|65/100|[from] item: Leftovers
|-damage|p2a: Iron Valiant|6/100|[from] move: Magma Storm|[partiallytrapped]
|upkeep
|turn|8
|
|t:|1760746741
|move|p2a: Iron Valiant|Vacuum Wave|p1a: Molten Salt
|-supereffective|p1a: Molten Salt
|-damage|p1a: Molten Salt|17/100
|move|p1a: Molten Salt|Stealth Rock|p2a: Iron Valiant
|-sidestart|p2: Champion reko|move: Stealth Rock
|
|-heal|p1a: Molten Salt|23/100|[from] item: Leftovers
|-damage|p2a: Iron Valiant|0 fnt|[from] move: Magma Storm|[partiallytrapped]
|faint|p2a: Iron Valiant
|-end|p2a: Iron Valiant|Quark Drive|[silent]
|upkeep
|
|t:|1760746746
|switch|p2a: Great Tusk|Great Tusk, shiny|100/100
|-damage|p2a: Great Tusk|98/100|[from] Stealth Rock
|-enditem|p2a: Great Tusk|Booster Energy
|-activate|p2a: Great Tusk|ability: Protosynthesis|[fromitem]
|-start|p2a: Great Tusk|protosynthesisatk
|turn|9
|
|t:|1760746753
|move|p2a: Great Tusk|Rapid Spin|p1a: Molten Salt
|-resisted|p1a: Molten Salt
|-damage|p1a: Molten Salt|13/100
|-boost|p2a: Great Tusk|spe|1
|-status|p2a: Great Tusk|brn|[from] ability: Flame Body|[of] p1a: Molten Salt
|-sideend|p2: Champion reko|Stealth Rock|[from] move: Rapid Spin|[of] p2a: Great Tusk
|move|p1a: Molten Salt|Magma Storm|p2a: Great Tusk
|-damage|p2a: Great Tusk|14/100 brn
|-activate|p2a: Great Tusk|move: Magma Storm|[of] p1a: Molten Salt
|
|-heal|p1a: Molten Salt|19/100|[from] item: Leftovers
|-damage|p2a: Great Tusk|8/100 brn|[from] brn
|-damage|p2a: Great Tusk|0 fnt|[from] move: Magma Storm|[partiallytrapped]
|faint|p2a: Great Tusk
|-end|p2a: Great Tusk|Protosynthesis|[silent]
|upkeep
|
|t:|1760746763
|switch|p2a: Dragonite|Dragonite, M, shiny|100/100
|turn|10
|
|t:|1760746769
|switch|p1a: Himalayan Salt|Garganacl, M|100/100
|move|p2a: Dragonite|Earthquake|p1a: Himalayan Salt
|-supereffective|p1a: Himalayan Salt
|-damage|p1a: Himalayan Salt|38/100
|
|-heal|p1a: Himalayan Salt|44/100|[from] item: Leftovers
|upkeep
|turn|11
|
|t:|1760746778
|-terastallize|p1a: Himalayan Salt|Flying
|move|p2a: Dragonite|Earthquake|p1a: Himalayan Salt
|-immune|p1a: Himalayan Salt
|move|p1a: Himalayan Salt|Salt Cure|p2a: Dragonite
|-supereffective|p2a: Dragonite
|-damage|p2a: Dragonite|82/100
|-start|p2a: Dragonite|Salt Cure
|
|-heal|p2a: Dragonite|88/100|[from] item: Leftovers
|-heal|p1a: Himalayan Salt|51/100|[from] item: Leftovers
|-damage|p2a: Dragonite|76/100|[from] Salt Cure
|upkeep
|turn|12
|
|t:|1760746796
|move|p1a: Himalayan Salt|Protect|p1a: Himalayan Salt
|-singleturn|p1a: Himalayan Salt|Protect
|move|p2a: Dragonite|Ice Spinner|p1a: Himalayan Salt
|-activate|p1a: Himalayan Salt|move: Protect
|
|-heal|p2a: Dragonite|82/100|[from] item: Leftovers
|-heal|p1a: Himalayan Salt|57/100|[from] item: Leftovers
|-damage|p2a: Dragonite|70/100|[from] Salt Cure
|upkeep
|turn|13
|
|t:|1760746811
|move|p2a: Dragonite|Dragon Dance|p2a: Dragonite
|-boost|p2a: Dragonite|atk|1
|-boost|p2a: Dragonite|spe|1
|move|p1a: Himalayan Salt|Recover|p1a: Himalayan Salt
|-heal|p1a: Himalayan Salt|100/100
|
|-heal|p2a: Dragonite|76/100|[from] item: Leftovers
|-damage|p2a: Dragonite|64/100|[from] Salt Cure
|upkeep
|turn|14
|
|t:|1760746819
|move|p2a: Dragonite|Ice Spinner|p1a: Himalayan Salt
|-supereffective|p1a: Himalayan Salt
|-damage|p1a: Himalayan Salt|28/100
|move|p1a: Himalayan Salt|Salt Cure|p2a: Dragonite
|-supereffective|p2a: Dragonite
|-damage|p2a: Dragonite|28/100
|
|-heal|p2a: Dragonite|34/100|[from] item: Leftovers
|-heal|p1a: Himalayan Salt|34/100|[from] item: Leftovers
|-damage|p2a: Dragonite|21/100|[from] Salt Cure
|upkeep
|turn|15
|
|t:|1760746829
|switch|p1a: Molten Salt|Heatran, F|19/100
|move|p2a: Dragonite|Extreme Speed|p1a: Molten Salt
|-resisted|p1a: Molten Salt
|-damage|p1a: Molten Salt|0 fnt
|faint|p1a: Molten Salt
|
|-heal|p2a: Dragonite|27/100|[from] item: Leftovers
|-damage|p2a: Dragonite|15/100|[from] Salt Cure
|upkeep
|
|t:|1760746841
|switch|p1a: Joker 2019|Quaquaval, F|100/100
|turn|16
|
|t:|1760746849
|switch|p2a: Dondozo|Dondozo, M, shiny|100/100
|move|p1a: Joker 2019|Aqua Step|p2a: Dondozo
|-resisted|p2a: Dondozo
|-damage|p2a: Dondozo|88/100
|-boost|p1a: Joker 2019|spe|1
|
|-heal|p2a: Dondozo|94/100|[from] item: Leftovers
|upkeep
|turn|17
|
|t:|1760746861
|switch|p1a: Boiling Dragon|Walking Wake|55/100
|move|p2a: Dondozo|Earthquake|p1a: Boiling Dragon
|-damage|p1a: Boiling Dragon|25/100
|
|-heal|p2a: Dondozo|99/100|[from] item: Leftovers
|upkeep
|turn|18
|
|t:|1760746872
|switch|p2a: Dragonite|Dragonite, M, shiny|15/100
|move|p1a: Boiling Dragon|Draco Meteor|p2a: Dragonite
|-supereffective|p2a: Dragonite
|-damage|p2a: Dragonite|0 fnt
|-unboost|p1a: Boiling Dragon|spa|2
|faint|p2a: Dragonite
|
|upkeep
|
|t:|1760746894
|switch|p2a: Dondozo|Dondozo, M, shiny|99/100
|turn|19
|
|t:|1760746898
|move|p1a: Boiling Dragon|Draco Meteor|p2a: Dondozo
|-damage|p2a: Dondozo|14/100
|-unboost|p1a: Boiling Dragon|spa|2
|move|p2a: Dondozo|Earthquake|p1a: Boiling Dragon
|-damage|p1a: Boiling Dragon|0 fnt
|faint|p1a: Boiling Dragon
|-end|p1a: Boiling Dragon|Protosynthesis|[silent]
|
|-heal|p2a: Dondozo|20/100|[from] item: Leftovers
|upkeep
|
|t:|1760746908
|switch|p1a: Joker 2019|Quaquaval, F|100/100
|turn|20
|
|t:|1760746916
|move|p1a: Joker 2019|Close Combat|p2a: Dondozo
|-damage|p2a: Dondozo|0 fnt
|-unboost|p1a: Joker 2019|def|1
|-unboost|p1a: Joker 2019|spd|1
|faint|p2a: Dondozo
|-ability|p1a: Joker 2019|Moxie|boost
|-boost|p1a: Joker 2019|atk|1
|
|upkeep
|
|t:|1760746921
|switch|p2a: Raging Bolt|Raging Bolt|100/100
|-enditem|p2a: Raging Bolt|Booster Energy
|-activate|p2a: Raging Bolt|ability: Protosynthesis|[fromitem]
|-start|p2a: Raging Bolt|protosynthesisspa
|turn|21
|
|t:|1760746926
|move|p2a: Raging Bolt|Thunderclap|p1a: Joker 2019
|-supereffective|p1a: Joker 2019
|-damage|p1a: Joker 2019|0 fnt
|faint|p1a: Joker 2019
|
|upkeep
|
|t:|1760746930
|switch|p1a: Chop Chop|Gliscor, M|100/100
|turn|22
|
|t:|1760746937
|-terastallize|p2a: Raging Bolt|Fairy
|move|p1a: Chop Chop|Toxic|p2a: Raging Bolt
|-status|p2a: Raging Bolt|tox
|move|p2a: Raging Bolt|Calm Mind|p2a: Raging Bolt
|-boost|p2a: Raging Bolt|spa|1
|-boost|p2a: Raging Bolt|spd|1
|
|-damage|p2a: Raging Bolt|94/100 tox|[from] psn
|-status|p1a: Chop Chop|tox|[from] item: Toxic Orb
|upkeep
|turn|23
|
|t:|1760746947
|move|p1a: Chop Chop|Earthquake|p2a: Raging Bolt
|-damage|p2a: Raging Bolt|66/100 tox
|move|p2a: Raging Bolt|Draco Meteor|p1a: Chop Chop
|-damage|p1a: Chop Chop|0 fnt
|-unboost|p2a: Raging Bolt|spa|2
|faint|p1a: Chop Chop
|
|-damage|p2a: Raging Bolt|54/100 tox|[from] psn
|upkeep
|
|t:|1760746956
|switch|p1a: Himalayan Salt|Garganacl, M, tera:Flying|34/100
|turn|24
|c|☆Champion reko|L
|
|t:|1760746972
|move|p2a: Raging Bolt|Thunderbolt|p1a: Himalayan Salt
|-supereffective|p1a: Himalayan Salt
|-damage|p1a: Himalayan Salt|0 fnt
|faint|p1a: Himalayan Salt
|
|win|Champion reko
|raw|DomCat's rating: 1374 &rarr; <strong>1357</strong><br />(-17 for losing)
|raw|Champion reko's rating: 1421 &rarr; <strong>1438</strong><br />(+17 for winning)
|c|☆DomCat|gg
|l|☆DomCat
|player|p1|
