|j|☆i am patrat
|j|☆ractars
|t:|1760834217
|gametype|singles
|player|p1|i am patrat|hilbert|1372
|player|p2|ractars|266|1351
|gen|9
|tier|[Gen 9] OU
|rated|
|rule|HP Percentage Mod: HP is shown in percentages
|rule|Endless Battle Clause: Forcing endless battles is banned
|rule|Species Clause: Limit one of each Pokémon
|rule|OHKO Clause: OHKO moves are banned
|rule|Evasion Items Clause: Evasion items are banned
|rule|Evasion Moves Clause: Evasion moves are banned
|rule|Evasion Abilities Clause: Evasion abilities are banned
|rule|Sleep Moves Clause: Sleep-inducing moves are banned
|clearpoke
|poke|p1|Lilligant, F|
|poke|p1|Dragapult, F|
|poke|p1|Great Tusk|
|poke|p1|Landorus-Therian, M|
|poke|p1|Kingambit, F|
|poke|p1|Iron Crown|
|poke|p2|Volcanion|
|poke|p2|Garchomp, M|
|poke|p2|Zapdos|
|poke|p2|Metagross|
|poke|p2|Darkrai|
|poke|p2|Ribombee, M|
|teampreview
|
|t:|1760834234
|teamsize|p1|6
|teamsize|p2|6
|start
|switch|p1a: Iron Crown|Iron Crown|100/100
|switch|p2a: Darkrai|Darkrai|100/100
|-enditem|p1a: Iron Crown|Booster Energy
|-activate|p1a: Iron Crown|ability: Quark Drive|[fromitem]
|-start|p1a: Iron Crown|quarkdrivespe
|turn|1
|
|t:|1760834246
|move|p1a: Iron Crown|Focus Blast|p2a: Darkrai
|-supereffective|p2a: Darkrai
|-damage|p2a: Darkrai|1/100
|move|p2a: Darkrai|Dark Pulse|p1a: Iron Crown
|-supereffective|p1a: Iron Crown
|-damage|p1a: Iron Crown|0 fnt
|faint|p1a: Iron Crown
|-end|p1a: Iron Crown|Quark Drive|[silent]
|
|upkeep
|
|t:|1760834254
|switch|p1a: Dragapult|Dragapult, F|100/100
|turn|2
|
|t:|1760834265
|switch|p2a: Ribombee|Ribombee, M|100/100
|move|p1a: Dragapult|U-turn|p2a: Ribombee
|-resisted|p2a: Ribombee
|-damage|p2a: Ribombee|69/100
|
|t:|1760834272
|switch|p1a: Lilligant|Lilligant, F|100/100|[from] U-turn
|
|upkeep
|turn|3
|
|t:|1760834282
|move|p2a: Ribombee|Stun Spore|p1a: Lilligant
|-immune|p1a: Lilligant
|move|p1a: Lilligant|Quiver Dance|p1a: Lilligant
|-boost|p1a: Lilligant|spa|1
|-boost|p1a: Lilligant|spd|1
|-boost|p1a: Lilligant|spe|1
|
|upkeep
|turn|4
|
|t:|1760834290
|move|p1a: Lilligant|Quiver Dance|p1a: Lilligant
|-boost|p1a: Lilligant|spa|1
|-boost|p1a: Lilligant|spd|1
|-boost|p1a: Lilligant|spe|1
|move|p2a: Ribombee|Sticky Web|p1a: Lilligant
|-sidestart|p1: i am patrat|move: Sticky Web
|
|upkeep
|turn|5
|
|t:|1760834301
|move|p1a: Lilligant|Quiver Dance|p1a: Lilligant
|-boost|p1a: Lilligant|spa|1
|-boost|p1a: Lilligant|spd|1
|-boost|p1a: Lilligant|spe|1
|move|p2a: Ribombee|Psychic|p1a: Lilligant
|-crit|p1a: Lilligant
|-damage|p1a: Lilligant|45/100
|
|-heal|p1a: Lilligant|51/100|[from] item: Leftovers
|upkeep
|turn|6
|
|t:|1760834312
|move|p1a: Lilligant|Giga Drain|p2a: Ribombee
|-resisted|p2a: Ribombee
|-damage|p2a: Ribombee|0 fnt
|-heal|p1a: Lilligant|82/100|[from] drain|[of] p2a: Ribombee
|faint|p2a: Ribombee
|
|-heal|p1a: Lilligant|88/100|[from] item: Leftovers
|upkeep
|
|t:|1760834321
|switch|p2a: Volcanion|Volcanion|100/100
|turn|7
|
|t:|1760834327
|-terastallize|p1a: Lilligant|Rock
|move|p1a: Lilligant|Tera Blast|p2a: Volcanion|[anim] Tera Blast Rock
|-supereffective|p2a: Volcanion
|-damage|p2a: Volcanion|0 fnt
|faint|p2a: Volcanion
|
|-heal|p1a: Lilligant|94/100|[from] item: Leftovers
|upkeep
|
|t:|1760834336
|switch|p2a: Metagross|Metagross|100/100
|turn|8
|
|t:|1760834341
|move|p1a: Lilligant|Giga Drain|p2a: Metagross
|-resisted|p2a: Metagross
|-damage|p2a: Metagross|53/100
|-heal|p1a: Lilligant|100/100|[from] drain|[of] p2a: Metagross
|move|p2a: Metagross|Earthquake|p1a: Lilligant
|-supereffective|p1a: Lilligant
|-damage|p1a: Lilligant|0 fnt
|faint|p1a: Lilligant
|
|upkeep
|
|t:|1760834352
|switch|p1a: Dragapult|Dragapult, F|100/100
|-activate|p1a: Dragapult|move: Sticky Web
|-fail|p1a: Dragapult|unboost|[from] ability: Clear Body|[of] p1a: Dragapult
|turn|9
|
|t:|1760834362
|move|p1a: Dragapult|Phantom Force||[still]
|-prepare|p1a: Dragapult|Phantom Force
|move|p2a: Metagross|Ice Punch|p1a: Dragapult|[miss]
|-miss|p2a: Metagross|p1a: Dragapult
|
|upkeep
|turn|10
|
|t:|1760834368
|switch|p2a: Garchomp|Garchomp, M|100/100
|move|p1a: Dragapult|Phantom Force|p2a: Garchomp|[from] lockedmove
|-damage|p2a: Garchomp|36/100
|-damage|p1a: Dragapult|88/100|[from] ability: Rough Skin|[of] p2a: Garchomp
|-damage|p1a: Dragapult|72/100|[from] item: Rocky Helmet|[of] p2a: Garchomp
|
|upkeep
|turn|11
|
|t:|1760834387
|-terastallize|p2a: Garchomp|Fairy
|move|p1a: Dragapult|Phantom Force||[still]
|-prepare|p1a: Dragapult|Phantom Force
|move|p2a: Garchomp|Outrage|p1a: Dragapult|[miss]
|-miss|p2a: Garchomp|p1a: Dragapult
|
|upkeep
|turn|12
|
|t:|1760834395
|move|p1a: Dragapult|Phantom Force|p2a: Garchomp|[from] lockedmove
|-damage|p2a: Garchomp|0 fnt
|-damage|p1a: Dragapult|59/100|[from] ability: Rough Skin|[of] p2a: Garchomp
|-damage|p1a: Dragapult|43/100|[from] item: Rocky Helmet|[of] p2a: Garchomp
|faint|p2a: Garchomp
|
|upkeep
|
|t:|1760834404
|switch|p2a: Darkrai|Darkrai|1/100
|turn|13
|
|t:|1760834407
|move|p1a: Dragapult|Phantom Force||[still]
|-prepare|p1a: Dragapult|Phantom Force
|move|p2a: Darkrai|Ice Beam|p1a: Dragapult|[miss]
|-miss|p2a: Darkrai|p1a: Dragapult
|
|upkeep
|turn|14
|
|t:|1760834416
|switch|p2a: Metagross|Metagross|53/100
|move|p1a: Dragapult|Phantom Force|p2a: Metagross|[from] lockedmove
|-supereffective|p2a: Metagross
|-damage|p2a: Metagross|0 fnt
|faint|p2a: Metagross
|
|upkeep
|
|t:|1760834425
|switch|p2a: Zapdos|Zapdos|100/100
|-ability|p2a: Zapdos|Pressure
|turn|15
|
|t:|1760834431
|move|p1a: Dragapult|Phantom Force||[still]
|-prepare|p1a: Dragapult|Phantom Force
|move|p2a: Zapdos|Hurricane|p1a: Dragapult|[miss]
|-miss|p2a: Zapdos|p1a: Dragapult
|
|upkeep
|turn|16
|
|t:|1760834438
|move|p1a: Dragapult|Phantom Force|p2a: Zapdos|[from] lockedmove
|-damage|p2a: Zapdos|24/100
|move|p2a: Zapdos|Thunderbolt|p1a: Dragapult
|-resisted|p1a: Dragapult
|-damage|p1a: Dragapult|10/100
|
|upkeep
|turn|17
|
|t:|1760834448
|move|p1a: Dragapult|Phantom Force||[still]
|-prepare|p1a: Dragapult|Phantom Force
|move|p2a: Zapdos|Hurricane|p1a: Dragapult|[miss]
|-miss|p2a: Zapdos|p1a: Dragapult
|
|upkeep
|turn|18
|-message|ractars forfeited.
|
|win|i am patrat
|raw|i am patrat's rating: 1372 &rarr; <strong>1391</strong><br />(+19 for winning)
|raw|ractars's rating: 1351 &rarr; <strong>1332</strong><br />(-19 for losing)
|l|☆ractars
|player|p2|
|l|☆i am patrat
|player|p1|
