|j|‽Andrew.CL.98.ch
|j|☆soohyo9
|t:|1760777433
|gametype|singles
|player|p1|Andrew.CL.98.ch|265|1082
|player|p2|soohyo9|valerie|1124
|gen|9
|tier|[Gen 9] OU
|rated|
|rule|HP Percentage Mod: HP is shown in percentages
|rule|Endless Battle Clause: Forcing endless battles is banned
|rule|Species Clause: Limit one of each Pokémon
|rule|OHKO Clause: OHKO moves are banned
|rule|Evasion Items Clause: Evasion items are banned
|rule|Evasion Moves Clause: Evasion moves are banned
|rule|Evasion Abilities Clause: Evasion abilities are banned
|rule|Sleep Moves Clause: Sleep-inducing moves are banned
|clearpoke
|poke|p1|Gholdengo|
|poke|p1|Masquerain, F|
|poke|p1|Rillaboom, M|
|poke|p1|Gliscor, M|
|poke|p1|Clodsire, M|
|poke|p1|Heatran, M|
|poke|p2|Ninetales, F|
|poke|p2|Serperior, F|
|poke|p2|Milotic, F|
|poke|p2|Dragonair, F|
|poke|p2|Diancie|
|poke|p2|Gardevoir, F|
|teampreview
|
|t:|1760777454
|teamsize|p1|6
|teamsize|p2|6
|start
|switch|p1a: Masquerain|Masquerain, F|100/100
|switch|p2a: Diancie|Diancie|100/100
|-ability|p1a: Masquerain|Intimidate|boost
|-fail|p2a: Diancie|unboost|[from] ability: Clear Body|[of] p2a: Diancie
|turn|1
|inactive|Battle timer is ON: inactive players will automatically lose when time's up. (requested by soohyo9)
|
|t:|1760777463
|move|p1a: Masquerain|Sticky Web|p2a: Diancie
|-sidestart|p2: soohyo9|move: Sticky Web
|move|p2a: Diancie|Stealth Rock|p1a: Masquerain
|-sidestart|p1: Andrew.CL.98.ch|move: Stealth Rock
|
|upkeep
|turn|2
|
|t:|1760777471
|move|p2a: Diancie|Diamond Storm|p1a: Masquerain
|-supereffective|p1a: Masquerain
|-enditem|p1a: Masquerain|Focus Sash
|-damage|p1a: Masquerain|1/100
|-boost|p2a: Diancie|def|2
|move|p1a: Masquerain|Whirlwind|p2a: Diancie
|drag|p2a: Gardevoir|Gardevoir, F, shiny|100/100
|-activate|p2a: Gardevoir|move: Sticky Web
|-unboost|p2a: Gardevoir|spe|1
|-ability|p2a: Gardevoir|Intimidate|Trace|[from] ability: Trace|[of] p1a: Masquerain
|-ability|p2a: Gardevoir|Intimidate|boost
|-unboost|p1a: Masquerain|atk|1
|
|upkeep
|turn|3
|l|☆soohyo9
|inactive|soohyo9 disconnected and has a minute to reconnect!
|player|p2|
|inactive|Andrew.CL.98.ch has 120 seconds left.
|inactive|soohyo9 has 30 seconds to reconnect!
|inactive|soohyo9 has 20 seconds to reconnect!
|inactive|soohyo9 has 15 seconds to reconnect!
|j|☆soohyo9
|inactive|soohyo9 reconnected and has 95 seconds left.
|player|p2|soohyo9|valerie|
|inactive|soohyo9 has 90 seconds left.
|
|t:|1760777536
|move|p1a: Masquerain|Air Slash|p2a: Gardevoir
|-damage|p2a: Gardevoir|74/100
|move|p2a: Gardevoir|Psychic|p1a: Masquerain
|-damage|p1a: Masquerain|0 fnt
|faint|p1a: Masquerain
|
|upkeep
|
|t:|1760777545
|switch|p1a: Heatran|Heatran, M|100/100
|-damage|p1a: Heatran|88/100|[from] Stealth Rock
|turn|4
|inactive|Andrew.CL.98.ch has 120 seconds left.
|
|t:|1760777554
|move|p2a: Gardevoir|Psychic|p1a: Heatran
|-resisted|p1a: Heatran
|-damage|p1a: Heatran|73/100
|move|p1a: Heatran|Flash Cannon|p2a: Gardevoir
|-supereffective|p2a: Gardevoir
|-damage|p2a: Gardevoir|0 fnt
|faint|p2a: Gardevoir
|
|upkeep
|
|t:|1760777559
|switch|p2a: Milotic|Milotic, F|100/100
|-activate|p2a: Milotic|move: Sticky Web
|-unboost|p2a: Milotic|spe|1
|turn|5
|
|t:|1760777566
|switch|p1a: Clodsire|Clodsire, M, shiny|100/100
|-damage|p1a: Clodsire|94/100|[from] Stealth Rock
|move|p2a: Milotic|Scald|p1a: Clodsire
|-heal|p1a: Clodsire|100/100|[from] ability: Water Absorb|[of] p2a: Milotic
|
|upkeep
|turn|6
|
|t:|1760777574
|move|p2a: Milotic|Ice Beam|p1a: Clodsire
|-supereffective|p1a: Clodsire
|-damage|p1a: Clodsire|73/100
|move|p1a: Clodsire|Toxic Spikes|p2a: Milotic
|-sidestart|p2: soohyo9|move: Toxic Spikes
|
|-heal|p1a: Clodsire|79/100|[from] item: Black Sludge
|upkeep
|turn|7
|
|t:|1760777584
|move|p2a: Milotic|Ice Beam|p1a: Clodsire
|-supereffective|p1a: Clodsire
|-damage|p1a: Clodsire|56/100
|move|p1a: Clodsire|Stealth Rock|p2a: Milotic
|-sidestart|p2: soohyo9|move: Stealth Rock
|
|-heal|p1a: Clodsire|62/100|[from] item: Black Sludge
|upkeep
|turn|8
|
|t:|1760777596
|move|p2a: Milotic|Ice Beam|p1a: Clodsire
|-supereffective|p1a: Clodsire
|-damage|p1a: Clodsire|38/100
|move|p1a: Clodsire|Stealth Rock||[still]
|-fail|p1a: Clodsire
|
|-heal|p1a: Clodsire|45/100|[from] item: Black Sludge
|upkeep
|turn|9
|
|t:|1760777607
|move|p2a: Milotic|Ice Beam|p1a: Clodsire
|-supereffective|p1a: Clodsire
|-damage|p1a: Clodsire|18/100
|move|p1a: Clodsire|Recover|p1a: Clodsire
|-heal|p1a: Clodsire|68/100
|
|-heal|p1a: Clodsire|74/100|[from] item: Black Sludge
|upkeep
|turn|10
|
|t:|1760777615
|move|p2a: Milotic|Ice Beam|p1a: Clodsire
|-supereffective|p1a: Clodsire
|-damage|p1a: Clodsire|48/100
|move|p1a: Clodsire|Recover|p1a: Clodsire
|-heal|p1a: Clodsire|98/100
|
|-heal|p1a: Clodsire|100/100|[from] item: Black Sludge
|upkeep
|turn|11
|
|t:|1760777625
|move|p2a: Milotic|Ice Beam|p1a: Clodsire
|-supereffective|p1a: Clodsire
|-damage|p1a: Clodsire|74/100
|move|p1a: Clodsire|Toxic Spikes|p2a: Milotic
|-sidestart|p2: soohyo9|move: Toxic Spikes
|
|-heal|p1a: Clodsire|80/100|[from] item: Black Sludge
|upkeep
|turn|12
|
|t:|1760777635
|move|p2a: Milotic|Ice Beam|p1a: Clodsire
|-supereffective|p1a: Clodsire
|-damage|p1a: Clodsire|54/100
|move|p1a: Clodsire|Recover|p1a: Clodsire
|-heal|p1a: Clodsire|100/100
|
|upkeep
|turn|13
|
|t:|1760777652
|move|p2a: Milotic|Ice Beam|p1a: Clodsire
|-supereffective|p1a: Clodsire
|-damage|p1a: Clodsire|75/100
|move|p1a: Clodsire|Earthquake|p2a: Milotic
|-damage|p2a: Milotic|80/100
|
|-heal|p2a: Milotic|86/100|[from] item: Leftovers
|-heal|p1a: Clodsire|81/100|[from] item: Black Sludge
|upkeep
|turn|14
|
|t:|1760777665
|move|p2a: Milotic|Ice Beam|p1a: Clodsire
|-supereffective|p1a: Clodsire
|-damage|p1a: Clodsire|57/100
|move|p1a: Clodsire|Recover|p1a: Clodsire
|-heal|p1a: Clodsire|100/100
|
|-heal|p2a: Milotic|92/100|[from] item: Leftovers
|upkeep
|turn|15
|
|t:|1760777675
|move|p2a: Milotic|Ice Beam|p1a: Clodsire
|-supereffective|p1a: Clodsire
|-damage|p1a: Clodsire|74/100
|move|p1a: Clodsire|Earthquake|p2a: Milotic
|-damage|p2a: Milotic|69/100
|
|-heal|p2a: Milotic|75/100|[from] item: Leftovers
|-heal|p1a: Clodsire|80/100|[from] item: Black Sludge
|upkeep
|turn|16
|
|t:|1760777685
|move|p2a: Milotic|Ice Beam|p1a: Clodsire
|-supereffective|p1a: Clodsire
|-damage|p1a: Clodsire|54/100
|-status|p1a: Clodsire|frz
|cant|p1a: Clodsire|frz
|
|-heal|p2a: Milotic|81/100|[from] item: Leftovers
|-heal|p1a: Clodsire|60/100 frz|[from] item: Black Sludge
|upkeep
|turn|17
|
|t:|1760777698
|switch|p2a: Dragonair|Dragonair, F|100/100
|-activate|p2a: Dragonair|move: Sticky Web
|-unboost|p2a: Dragonair|spe|1
|-status|p2a: Dragonair|tox
|-damage|p2a: Dragonair|88/100 tox|[from] Stealth Rock
|cant|p1a: Clodsire|frz
|
|-activate|p2a: Dragonair|ability: Shed Skin
|-curestatus|p2a: Dragonair|tox|[msg]
|-heal|p1a: Clodsire|66/100 frz|[from] item: Black Sludge
|upkeep
|turn|18
|
|t:|1760777711
|move|p2a: Dragonair|Dragon Dance|p2a: Dragonair
|-boost|p2a: Dragonair|atk|1
|-boost|p2a: Dragonair|spe|1
|cant|p1a: Clodsire|frz
|
|-heal|p1a: Clodsire|73/100 frz|[from] item: Black Sludge
|upkeep
|turn|19
|
|t:|1760777721
|switch|p1a: Gholdengo|Gholdengo, shiny|100/100
|-damage|p1a: Gholdengo|94/100|[from] Stealth Rock
|-item|p1a: Gholdengo|Air Balloon
|move|p2a: Dragonair|Dragon Dance|p2a: Dragonair
|-boost|p2a: Dragonair|atk|1
|-boost|p2a: Dragonair|spe|1
|
|upkeep
|turn|20
|
|t:|1760777732
|-terastallize|p1a: Gholdengo|Steel
|move|p1a: Gholdengo|Make It Rain|p2a: Dragonair
|-damage|p2a: Dragonair|12/100
|-unboost|p1a: Gholdengo|spa|1
|move|p2a: Dragonair|Dragon Tail|p1a: Gholdengo
|-resisted|p1a: Gholdengo
|-damage|p1a: Gholdengo|76/100
|-enditem|p1a: Gholdengo|Air Balloon
|drag|p1a: Gliscor|Gliscor, M|100/100
|-damage|p1a: Gliscor|88/100|[from] Stealth Rock
|
|-status|p1a: Gliscor|tox|[from] item: Toxic Orb
|upkeep
|turn|21
|
|t:|1760777747
|move|p2a: Dragonair|Outrage|p1a: Gliscor
|-damage|p1a: Gliscor|34/100 tox
|move|p1a: Gliscor|Knock Off|p2a: Dragonair
|-damage|p2a: Dragonair|0 fnt
|-enditem|p2a: Dragonair|Eviolite|[from] move: Knock Off|[of] p1a: Gliscor
|faint|p2a: Dragonair
|
|-heal|p1a: Gliscor|47/100 tox|[from] ability: Poison Heal
|upkeep
|
|t:|1760777751
|switch|p2a: Milotic|Milotic, F|81/100
|-activate|p2a: Milotic|move: Sticky Web
|-unboost|p2a: Milotic|spe|1
|-status|p2a: Milotic|tox
|-damage|p2a: Milotic|69/100 tox|[from] Stealth Rock
|turn|22
|
|t:|1760777764
|move|p1a: Gliscor|U-turn|p2a: Milotic
|-damage|p2a: Milotic|61/100 tox
|
|t:|1760777767
|switch|p1a: Clodsire|Clodsire, M, shiny|73/100 frz|[from] U-turn
|-damage|p1a: Clodsire|66/100 frz|[from] Stealth Rock
|move|p2a: Milotic|Ice Beam|p1a: Clodsire
|-supereffective|p1a: Clodsire
|-damage|p1a: Clodsire|43/100 frz
|
|-heal|p2a: Milotic|67/100 tox|[from] item: Leftovers
|-heal|p1a: Clodsire|49/100 frz|[from] item: Black Sludge
|-damage|p2a: Milotic|61/100 tox|[from] psn
|upkeep
|turn|23
|
|t:|1760777779
|move|p2a: Milotic|Ice Beam|p1a: Clodsire
|-supereffective|p1a: Clodsire
|-damage|p1a: Clodsire|25/100 frz
|cant|p1a: Clodsire|frz
|
|-heal|p2a: Milotic|67/100 tox|[from] item: Leftovers
|-heal|p1a: Clodsire|31/100 frz|[from] item: Black Sludge
|-damage|p2a: Milotic|55/100 tox|[from] psn
|upkeep
|turn|24
|
|t:|1760777789
|switch|p1a: Rillaboom|Rillaboom, M|100/100
|-damage|p1a: Rillaboom|88/100|[from] Stealth Rock
|-fieldstart|move: Grassy Terrain|[from] ability: Grassy Surge|[of] p1a: Rillaboom
|move|p2a: Milotic|Ice Beam|p1a: Rillaboom
|-supereffective|p1a: Rillaboom
|-damage|p1a: Rillaboom|36/100
|
|-heal|p1a: Rillaboom|42/100|[from] Grassy Terrain
|-heal|p1a: Rillaboom|48/100|[from] item: Leftovers
|-heal|p2a: Milotic|61/100 tox|[from] Grassy Terrain
|-heal|p2a: Milotic|67/100 tox|[from] item: Leftovers
|-damage|p2a: Milotic|49/100 tox|[from] psn
|upkeep
|turn|25
|
|t:|1760777812
|move|p1a: Rillaboom|Leech Seed|p2a: Milotic
|-start|p2a: Milotic|move: Leech Seed
|move|p2a: Milotic|Ice Beam|p1a: Rillaboom
|-supereffective|p1a: Rillaboom
|-damage|p1a: Rillaboom|0 fnt
|faint|p1a: Rillaboom
|
|-heal|p2a: Milotic|55/100 tox|[from] Grassy Terrain
|-heal|p2a: Milotic|61/100 tox|[from] item: Leftovers
|-damage|p2a: Milotic|37/100 tox|[from] psn
|upkeep
|
|t:|1760777823
|switch|p1a: Clodsire|Clodsire, M, shiny|31/100 frz
|-damage|p1a: Clodsire|25/100 frz|[from] Stealth Rock
|turn|26
|
|t:|1760777833
|switch|p1a: Heatran|Heatran, M|73/100
|-damage|p1a: Heatran|61/100|[from] Stealth Rock
|move|p2a: Milotic|Ice Beam|p1a: Heatran
|-resisted|p1a: Heatran
|-damage|p1a: Heatran|57/100
|
|-heal|p1a: Heatran|64/100|[from] Grassy Terrain
|-heal|p2a: Milotic|43/100 tox|[from] Grassy Terrain
|-heal|p2a: Milotic|49/100 tox|[from] item: Leftovers
|-damage|p2a: Milotic|37/100 tox|[from] Leech Seed|[of] p1a: Heatran
|-heal|p1a: Heatran|79/100|[silent]
|-damage|p2a: Milotic|6/100 tox|[from] psn
|upkeep
|turn|27
|
|t:|1760777847
|switch|p1a: Clodsire|Clodsire, M, shiny|25/100 frz
|-damage|p1a: Clodsire|19/100 frz|[from] Stealth Rock
|move|p2a: Milotic|Recover|p2a: Milotic
|-heal|p2a: Milotic|56/100 tox
|
|-heal|p2a: Milotic|62/100 tox|[from] Grassy Terrain
|-heal|p2a: Milotic|68/100 tox|[from] item: Leftovers
|-heal|p1a: Clodsire|25/100 frz|[from] Grassy Terrain
|-heal|p1a: Clodsire|31/100 frz|[from] item: Black Sludge
|-damage|p2a: Milotic|56/100 tox|[from] Leech Seed|[of] p1a: Clodsire
|-heal|p1a: Clodsire|43/100 frz|[silent]
|-damage|p2a: Milotic|19/100 tox|[from] psn
|upkeep
|turn|28
|
|t:|1760777862
|switch|p2a: Diancie|Diancie|100/100
|-activate|p2a: Diancie|move: Sticky Web
|-fail|p2a: Diancie|unboost|[from] ability: Clear Body|[of] p2a: Diancie
|-status|p2a: Diancie|tox
|-damage|p2a: Diancie|88/100 tox|[from] Stealth Rock
|cant|p1a: Clodsire|frz
|
|-heal|p2a: Diancie|94/100 tox|[from] Grassy Terrain
|-heal|p2a: Diancie|100/100 tox|[from] item: Leftovers
|-heal|p1a: Clodsire|50/100 frz|[from] Grassy Terrain
|-heal|p1a: Clodsire|56/100 frz|[from] item: Black Sludge
|-damage|p2a: Diancie|94/100 tox|[from] psn
|-fieldend|move: Grassy Terrain
|upkeep
|turn|29
|
|t:|1760777878
|move|p2a: Diancie|Moonblast|p1a: Clodsire
|-resisted|p1a: Clodsire
|-damage|p1a: Clodsire|45/100 frz
|cant|p1a: Clodsire|frz
|
|-heal|p2a: Diancie|100/100 tox|[from] item: Leftovers
|-heal|p1a: Clodsire|51/100 frz|[from] item: Black Sludge
|-damage|p2a: Diancie|88/100 tox|[from] psn
|upkeep
|turn|30
|
|t:|1760777889
|move|p2a: Diancie|Diamond Storm|p1a: Clodsire
|-resisted|p1a: Clodsire
|-crit|p1a: Clodsire
|-damage|p1a: Clodsire|22/100 frz
|-boost|p2a: Diancie|def|2
|cant|p1a: Clodsire|frz
|
|-heal|p2a: Diancie|94/100 tox|[from] item: Leftovers
|-heal|p1a: Clodsire|28/100 frz|[from] item: Black Sludge
|-damage|p2a: Diancie|76/100 tox|[from] psn
|upkeep
|turn|31
|
|t:|1760777900
|move|p2a: Diancie|Diamond Storm|p1a: Clodsire
|-resisted|p1a: Clodsire
|-damage|p1a: Clodsire|9/100 frz
|-boost|p2a: Diancie|def|2
|cant|p1a: Clodsire|frz
|
|-heal|p2a: Diancie|82/100 tox|[from] item: Leftovers
|-heal|p1a: Clodsire|15/100 frz|[from] item: Black Sludge
|-damage|p2a: Diancie|57/100 tox|[from] psn
|upkeep
|turn|32
|
|t:|1760777915
|move|p2a: Diancie|Diamond Storm|p1a: Clodsire
|-resisted|p1a: Clodsire
|-damage|p1a: Clodsire|0 fnt
|-boost|p2a: Diancie|def|2
|faint|p1a: Clodsire
|
|-heal|p2a: Diancie|63/100 tox|[from] item: Leftovers
|-damage|p2a: Diancie|32/100 tox|[from] psn
|upkeep
|
|t:|1760777925
|switch|p1a: Gholdengo|Gholdengo, shiny, tera:Steel|76/100
|-damage|p1a: Gholdengo|70/100|[from] Stealth Rock
|turn|33
|
|t:|1760777930
|move|p1a: Gholdengo|Hex|p2a: Diancie
|-damage|p2a: Diancie|0 fnt
|faint|p2a: Diancie
|
|upkeep
|
|t:|1760777933
|switch|p2a: Ninetales|Ninetales, F|100/100
|-weather|SunnyDay|[from] ability: Drought|[of] p2a: Ninetales
|turn|34
|
|t:|1760777939
|switch|p1a: Heatran|Heatran, M|79/100
|-damage|p1a: Heatran|66/100|[from] Stealth Rock
|move|p2a: Ninetales|Solar Beam||[still]
|-prepare|p2a: Ninetales|Solar Beam
|-anim|p2a: Ninetales|Solar Beam|p1a: Heatran
|-resisted|p1a: Heatran
|-damage|p1a: Heatran|63/100
|
|-weather|SunnyDay|[upkeep]
|upkeep
|turn|35
|
|t:|1760777949
|switch|p2a: Milotic|Milotic, F|19/100 tox
|-activate|p2a: Milotic|move: Sticky Web
|-unboost|p2a: Milotic|spe|1
|-damage|p2a: Milotic|7/100 tox|[from] Stealth Rock
|move|p1a: Heatran|Earth Power|p2a: Milotic
|-crit|p2a: Milotic
|-damage|p2a: Milotic|0 fnt
|faint|p2a: Milotic
|
|-weather|SunnyDay|[upkeep]
|upkeep
|
|t:|1760777956
|switch|p2a: Serperior|Serperior, F|100/100
|-activate|p2a: Serperior|move: Sticky Web
|-boost|p2a: Serperior|spe|1
|-status|p2a: Serperior|tox
|-damage|p2a: Serperior|88/100 tox|[from] Stealth Rock
|turn|36
|
|t:|1760777969
|-terastallize|p2a: Serperior|Dragon
|move|p2a: Serperior|Leaf Storm|p1a: Heatran
|-resisted|p1a: Heatran
|-damage|p1a: Heatran|57/100
|-boost|p2a: Serperior|spa|2
|move|p1a: Heatran|Lava Plume|p2a: Serperior
|-resisted|p2a: Serperior
|-damage|p2a: Serperior|54/100 tox
|
|-weather|SunnyDay|[upkeep]
|-heal|p2a: Serperior|60/100 tox|[from] item: Leftovers
|-damage|p2a: Serperior|54/100 tox|[from] psn
|upkeep
|turn|37
|
|t:|1760777985
|move|p2a: Serperior|Dragon Pulse|p1a: Heatran
|-resisted|p1a: Heatran
|-damage|p1a: Heatran|43/100
|move|p1a: Heatran|Flash Cannon|p2a: Serperior
|-damage|p2a: Serperior|12/100 tox
|
|-weather|SunnyDay|[upkeep]
|-heal|p2a: Serperior|18/100 tox|[from] item: Leftovers
|-damage|p2a: Serperior|6/100 tox|[from] psn
|upkeep
|turn|38
|
|t:|1760777995
|move|p2a: Serperior|Rest|p2a: Serperior
|-status|p2a: Serperior|slp|[from] move: Rest
|-heal|p2a: Serperior|100/100 slp|[silent]
|move|p1a: Heatran|Earth Power|p2a: Serperior
|-damage|p2a: Serperior|68/100 slp
|
|-weather|none
|-heal|p2a: Serperior|75/100 slp|[from] item: Leftovers
|upkeep
|turn|39
|
|t:|1760778005
|switch|p1a: Gliscor|Gliscor, M|47/100 tox
|-damage|p1a: Gliscor|34/100 tox|[from] Stealth Rock
|cant|p2a: Serperior|slp
|move|p2a: Serperior|Sleep Talk|p2a: Serperior
|move|p2a: Serperior|Dragon Pulse|p1a: Gliscor|[from] move: Sleep Talk
|-damage|p1a: Gliscor|0 fnt
|faint|p1a: Gliscor
|
|-heal|p2a: Serperior|81/100 slp|[from] item: Leftovers
|upkeep
|
|t:|1760778018
|switch|p1a: Heatran|Heatran, M|43/100
|-damage|p1a: Heatran|30/100|[from] Stealth Rock
|turn|40
|
|t:|1760778024
|cant|p2a: Serperior|slp
|move|p2a: Serperior|Sleep Talk|p2a: Serperior
|move|p2a: Serperior|Rest||[from] move: Sleep Talk|[still]
|-fail|p2a: Serperior
|move|p1a: Heatran|Flash Cannon|p2a: Serperior
|-damage|p2a: Serperior|38/100 slp
|
|-heal|p2a: Serperior|44/100 slp|[from] item: Leftovers
|upkeep
|turn|41
|
|t:|1760778035
|-curestatus|p2a: Serperior|slp|[msg]
|move|p2a: Serperior|Rest|p2a: Serperior
|-status|p2a: Serperior|slp|[from] move: Rest
|-heal|p2a: Serperior|100/100 slp|[silent]
|move|p1a: Heatran|Flash Cannon|p2a: Serperior
|-damage|p2a: Serperior|50/100 slp
|
|-heal|p2a: Serperior|57/100 slp|[from] item: Leftovers
|upkeep
|turn|42
|
|t:|1760778046
|cant|p2a: Serperior|slp
|move|p2a: Serperior|Sleep Talk|p2a: Serperior
|move|p2a: Serperior|Rest||[from] move: Sleep Talk|[still]
|-fail|p2a: Serperior
|move|p1a: Heatran|Flash Cannon|p2a: Serperior
|-damage|p2a: Serperior|12/100 slp
|
|-heal|p2a: Serperior|18/100 slp|[from] item: Leftovers
|upkeep
|turn|43
|
|t:|1760778057
|cant|p2a: Serperior|slp
|move|p2a: Serperior|Sleep Talk|p2a: Serperior
|move|p2a: Serperior|Leaf Storm|p1a: Heatran|[from] move: Sleep Talk
|-resisted|p1a: Heatran
|-damage|p1a: Heatran|18/100
|-boost|p2a: Serperior|spa|2
|move|p1a: Heatran|Flash Cannon|p2a: Serperior
|-damage|p2a: Serperior|0 fnt
|faint|p2a: Serperior
|
|upkeep
|
|t:|1760778063
|switch|p2a: Ninetales|Ninetales, F|100/100
|-weather|SunnyDay|[from] ability: Drought|[of] p2a: Ninetales
|turn|44
|
|t:|1760778074
|move|p2a: Ninetales|Nasty Plot|p2a: Ninetales
|-boost|p2a: Ninetales|spa|2
|move|p1a: Heatran|Earth Power|p2a: Ninetales
|-supereffective|p2a: Ninetales
|-damage|p2a: Ninetales|38/100
|
|-weather|SunnyDay|[upkeep]
|upkeep
|turn|45
|
|t:|1760778084
|move|p2a: Ninetales|Solar Beam||[still]
|-prepare|p2a: Ninetales|Solar Beam
|-anim|p2a: Ninetales|Solar Beam|p1a: Heatran
|-resisted|p1a: Heatran
|-damage|p1a: Heatran|11/100
|move|p1a: Heatran|Earth Power|p2a: Ninetales
|-supereffective|p2a: Ninetales
|-damage|p2a: Ninetales|0 fnt
|faint|p2a: Ninetales
|
|win|Andrew.CL.98.ch
|raw|Andrew.CL.98.ch's rating: 1082 &rarr; <strong>1113</strong><br />(+31 for winning)
|raw|soohyo9's rating: 1124 &rarr; <strong>1096</strong><br />(-28 for losing)
|l|☆soohyo9
|player|p2|
|l|‽Andrew.CL.98.ch
|player|p1|
