|j|☆Igor Bigorno
|j|☆Humble Rule Bearer
|t:|1760792048
|gametype|singles
|player|p1|Igor Bigorno|101|1181
|player|p2|Humble Rule Bearer|266|1189
|gen|9
|tier|[Gen 9] OU
|rated|
|rule|HP Percentage Mod: HP is shown in percentages
|rule|Endless Battle Clause: Forcing endless battles is banned
|rule|Species Clause: Limit one of each Pokémon
|rule|OHKO Clause: OHKO moves are banned
|rule|Evasion Items Clause: Evasion items are banned
|rule|Evasion Moves Clause: Evasion moves are banned
|rule|Evasion Abilities Clause: Evasion abilities are banned
|rule|Sleep Moves Clause: Sleep-inducing moves are banned
|clearpoke
|poke|p1|Eelektross, M|
|poke|p1|Deoxys-Speed|
|poke|p1|Iron Valiant|
|poke|p1|Pecharunt|
|poke|p1|Dragonite, F|
|poke|p1|Kingambit, F|
|poke|p2|Ogerpon-Wellspring, F|
|poke|p2|Scizor, F|
|poke|p2|Hoopa-Unbound|
|poke|p2|Zamazenta-*|
|poke|p2|Dragapult, F|
|poke|p2|Great Tusk|
|teampreview
|inactive|Battle timer is ON: inactive players will automatically lose when time's up. (requested by Igor Bigorno)
|
|t:|1760792068
|teamsize|p1|6
|teamsize|p2|6
|start
|switch|p1a: Deoxys|Deoxys-Speed|100/100
|switch|p2a: 5’ 9”|Hoopa-Unbound|100/100
|-ability|p1a: Deoxys|Pressure
|turn|1
|
|t:|1760792086
|move|p1a: Deoxys|Reflect|p1a: Deoxys
|-sidestart|p1: Igor Bigorno|Reflect
|move|p2a: 5’ 9”|Dark Pulse|p1a: Deoxys
|-supereffective|p1a: Deoxys
|-damage|p1a: Deoxys|0 fnt
|faint|p1a: Deoxys
|
|upkeep
|
|t:|1760792098
|switch|p1a: Kingambit|Kingambit, F|100/100
|-activate|p1a: Kingambit|ability: Supreme Overlord
|-start|p1a: Kingambit|fallen1|[silent]
|turn|2
|
|t:|1760792104
|switch|p2a: Big Walter|Great Tusk|100/100
|-enditem|p2a: Big Walter|Booster Energy
|-activate|p2a: Big Walter|ability: Protosynthesis|[fromitem]
|-start|p2a: Big Walter|protosynthesisatk
|move|p1a: Kingambit|Kowtow Cleave|p2a: Big Walter
|-resisted|p2a: Big Walter
|-damage|p2a: Big Walter|82/100
|
|upkeep
|turn|3
|
|t:|1760792112
|move|p2a: Big Walter|Rapid Spin|p1a: Kingambit
|-resisted|p1a: Kingambit
|-damage|p1a: Kingambit|96/100
|-boost|p2a: Big Walter|spe|1
|move|p1a: Kingambit|Iron Head|p2a: Big Walter
|-damage|p2a: Big Walter|45/100
|
|upkeep
|turn|4
|
|t:|1760792122
|move|p2a: Big Walter|Close Combat|p1a: Kingambit
|-supereffective|p1a: Kingambit
|-damage|p1a: Kingambit|0 fnt
|-unboost|p2a: Big Walter|def|1
|-unboost|p2a: Big Walter|spd|1
|faint|p1a: Kingambit
|-end|p1a: Kingambit|fallen1|[silent]
|
|upkeep
|
|t:|1760792130
|switch|p1a: Dragonite|Dragonite, F|100/100
|turn|5
|
|t:|1760792134
|move|p2a: Big Walter|Stealth Rock|p1a: Dragonite
|-sidestart|p1: Igor Bigorno|move: Stealth Rock
|move|p1a: Dragonite|Dragon Dance|p1a: Dragonite
|-boost|p1a: Dragonite|atk|1
|-boost|p1a: Dragonite|spe|1
|
|upkeep
|turn|6
|
|t:|1760792140
|move|p2a: Big Walter|Rapid Spin|p1a: Dragonite
|-damage|p1a: Dragonite|95/100
|-boost|p2a: Big Walter|spe|1
|move|p1a: Dragonite|Dragon Dance|p1a: Dragonite
|-boost|p1a: Dragonite|atk|1
|-boost|p1a: Dragonite|spe|1
|
|upkeep
|turn|7
|
|t:|1760792147
|-end|p2a: Big Walter|Protosynthesis|[silent]
|switch|p2a: 5’ 9”|Hoopa-Unbound|100/100
|move|p1a: Dragonite|Dragon Dance|p1a: Dragonite
|-boost|p1a: Dragonite|atk|1
|-boost|p1a: Dragonite|spe|1
|
|upkeep
|turn|8
|
|t:|1760792157
|-terastallize|p2a: 5’ 9”|Psychic
|move|p1a: Dragonite|Roost|p1a: Dragonite
|-heal|p1a: Dragonite|100/100
|-singleturn|p1a: Dragonite|move: Roost
|move|p2a: 5’ 9”|Psychic|p1a: Dragonite
|-damage|p1a: Dragonite|36/100
|
|-sideend|p1: Igor Bigorno|Reflect
|upkeep
|turn|9
|
|t:|1760792168
|move|p1a: Dragonite|Earthquake|p2a: 5’ 9”
|-damage|p2a: 5’ 9”|0 fnt
|faint|p2a: 5’ 9”
|
|upkeep
|
|t:|1760792171
|switch|p2a: Incredible Pulty|Dragapult, F, shiny|100/100
|turn|10
|
|t:|1760792176
|move|p1a: Dragonite|Roost|p1a: Dragonite
|-heal|p1a: Dragonite|86/100
|-singleturn|p1a: Dragonite|move: Roost
|move|p2a: Incredible Pulty|Draco Meteor|p1a: Dragonite
|-supereffective|p1a: Dragonite
|-damage|p1a: Dragonite|0 fnt
|-unboost|p2a: Incredible Pulty|spa|2
|faint|p1a: Dragonite
|
|upkeep
|
|t:|1760792186
|switch|p1a: Iron Valiant|Iron Valiant|100/100
|-damage|p1a: Iron Valiant|94/100|[from] Stealth Rock
|-enditem|p1a: Iron Valiant|Booster Energy
|-activate|p1a: Iron Valiant|ability: Quark Drive|[fromitem]
|-start|p1a: Iron Valiant|quarkdrivespe
|turn|11
|
|t:|1760792192
|switch|p2a: Iron Grip|Scizor, F|100/100
|move|p1a: Iron Valiant|Moonblast|p2a: Iron Grip
|-resisted|p2a: Iron Grip
|-damage|p2a: Iron Grip|73/100
|
|upkeep
|turn|12
|
|t:|1760792202
|-terastallize|p1a: Iron Valiant|Steel
|move|p2a: Iron Grip|Bullet Punch|p1a: Iron Valiant
|-resisted|p1a: Iron Valiant
|-damage|p1a: Iron Valiant|72/100
|move|p1a: Iron Valiant|Calm Mind|p1a: Iron Valiant
|-boost|p1a: Iron Valiant|spa|1
|-boost|p1a: Iron Valiant|spd|1
|
|upkeep
|turn|13
|
|t:|1760792211
|switch|p2a: Dlanor|Zamazenta, shiny|100/100
|-ability|p2a: Dlanor|Dauntless Shield|boost
|-boost|p2a: Dlanor|def|1
|move|p1a: Iron Valiant|Moonblast|p2a: Dlanor
|-supereffective|p2a: Dlanor
|-damage|p2a: Dlanor|0 fnt
|faint|p2a: Dlanor
|
|upkeep
|
|t:|1760792215
|switch|p2a: Run Little Reddit|Ogerpon-Wellspring, F|100/100
|turn|14
|
|t:|1760792224
|move|p1a: Iron Valiant|Moonblast|p2a: Run Little Reddit
|-damage|p2a: Run Little Reddit|25/100
|move|p2a: Run Little Reddit|Ivy Cudgel|p1a: Iron Valiant|[anim] Ivy Cudgel Water
|-damage|p1a: Iron Valiant|0 fnt
|faint|p1a: Iron Valiant
|-end|p1a: Iron Valiant|Quark Drive|[silent]
|
|upkeep
|
|t:|1760792232
|switch|p1a: Eelektross|Eelektross, M|100/100
|-damage|p1a: Eelektross|88/100|[from] Stealth Rock
|turn|15
|
|t:|1760792236
|move|p2a: Run Little Reddit|Horn Leech|p1a: Eelektross
|-damage|p1a: Eelektross|42/100
|-heal|p2a: Run Little Reddit|53/100|[from] drain|[of] p1a: Eelektross
|move|p1a: Eelektross|Coil|p1a: Eelektross
|-boost|p1a: Eelektross|atk|1
|-boost|p1a: Eelektross|def|1
|-boost|p1a: Eelektross|accuracy|1
|
|-heal|p1a: Eelektross|49/100|[from] item: Leftovers
|upkeep
|turn|16
|
|t:|1760792246
|move|p2a: Run Little Reddit|Swords Dance|p2a: Run Little Reddit
|-boost|p2a: Run Little Reddit|atk|2
|move|p1a: Eelektross|Drain Punch|p2a: Run Little Reddit
|-damage|p2a: Run Little Reddit|15/100
|-heal|p1a: Eelektross|64/100|[from] drain|[of] p2a: Run Little Reddit
|
|-heal|p1a: Eelektross|70/100|[from] item: Leftovers
|upkeep
|turn|17
|
|t:|1760792256
|move|p2a: Run Little Reddit|Horn Leech|p1a: Eelektross
|-damage|p1a: Eelektross|8/100
|-heal|p2a: Run Little Reddit|54/100|[from] drain|[of] p1a: Eelektross
|move|p1a: Eelektross|Drain Punch|p2a: Run Little Reddit
|-damage|p2a: Run Little Reddit|17/100
|-heal|p1a: Eelektross|22/100|[from] drain|[of] p2a: Run Little Reddit
|
|-heal|p1a: Eelektross|29/100|[from] item: Leftovers
|upkeep
|turn|18
|
|t:|1760792268
|move|p2a: Run Little Reddit|Horn Leech|p1a: Eelektross
|-damage|p1a: Eelektross|0 fnt
|-heal|p2a: Run Little Reddit|35/100|[from] drain|[of] p1a: Eelektross
|faint|p1a: Eelektross
|
|upkeep
|
|t:|1760792274
|switch|p1a: Pecharunt|Pecharunt|100/100
|turn|19
|
|t:|1760792277
|move|p2a: Run Little Reddit|Ivy Cudgel|p1a: Pecharunt|[anim] Ivy Cudgel Water
|-damage|p1a: Pecharunt|35/100
|move|p1a: Pecharunt|Malignant Chain|p2a: Run Little Reddit
|-supereffective|p2a: Run Little Reddit
|-damage|p2a: Run Little Reddit|0 fnt
|faint|p2a: Run Little Reddit
|
|upkeep
|
|t:|1760792279
|switch|p2a: Incredible Pulty|Dragapult, F, shiny|100/100
|turn|20
|-message|Igor Bigorno forfeited.
|
|win|Humble Rule Bearer
|raw|Igor Bigorno's rating: 1181 &rarr; <strong>1157</strong><br />(-24 for losing)
|raw|Humble Rule Bearer's rating: 1189 &rarr; <strong>1213</strong><br />(+24 for winning)
|l|☆Igor Bigorno
|player|p1|
|l|☆Humble Rule Bearer
|player|p2|
