|j|☆Pipich
|j|☆henry151th
|t:|1760852505
|gametype|singles
|player|p1|Pipich|101|1562
|player|p2|henry151th|wallace|1586
|gen|9
|tier|[Gen 9] OU
|rated|
|rule|HP Percentage Mod: HP is shown in percentages
|rule|Endless Battle Clause: Forcing endless battles is banned
|rule|Species Clause: Limit one of each Pokémon
|rule|OHKO Clause: OHKO moves are banned
|rule|Evasion Items Clause: Evasion items are banned
|rule|Evasion Moves Clause: Evasion moves are banned
|rule|Evasion Abilities Clause: Evasion abilities are banned
|rule|Sleep Moves Clause: Sleep-inducing moves are banned
|clearpoke
|poke|p1|Walking Wake|
|poke|p1|Ninetales, F|
|poke|p1|Raging Bolt|
|poke|p1|Rillaboom, M|
|poke|p1|Great Tusk|
|poke|p1|Infernape, M|
|poke|p2|Bellibolt, F|
|poke|p2|Tinkaton, F|
|poke|p2|Rillaboom, F|
|poke|p2|Dragapult, F|
|poke|p2|Alomomola, F|
|poke|p2|Great Tusk|
|teampreview
|
|t:|1760852534
|teamsize|p1|6
|teamsize|p2|6
|start
|switch|p1a: Raging Bolt|Raging Bolt|100/100
|switch|p2a: NIGHTWING|Dragapult, F|100/100
|turn|1
|
|t:|1760852552
|-terastallize|p1a: Raging Bolt|Flying
|move|p2a: NIGHTWING|Draco Meteor|p1a: Raging Bolt
|-damage|p1a: Raging Bolt|31/100
|-unboost|p2a: NIGHTWING|spa|2
|move|p1a: Raging Bolt|Dragon Pulse|p2a: NIGHTWING
|-supereffective|p2a: NIGHTWING
|-damage|p2a: NIGHTWING|0 fnt
|faint|p2a: NIGHTWING
|
|upkeep
|
|t:|1760852559
|switch|p2a: METRO BOOMER|Rillaboom, F|100/100
|-fieldstart|move: Grassy Terrain|[from] ability: Grassy Surge|[of] p2a: METRO BOOMER
|turn|2
|
|t:|1760852568
|-end|p1a: Raging Bolt|Protosynthesis|[silent]
|switch|p1a: Ninetales|Ninetales, F|100/100
|-weather|SunnyDay|[from] ability: Drought|[of] p1a: Ninetales
|move|p2a: METRO BOOMER|Wood Hammer|p1a: Ninetales
|-resisted|p1a: Ninetales
|-damage|p1a: Ninetales|15/100
|-damage|p2a: METRO BOOMER|71/100|[from] Recoil
|
|-weather|SunnyDay|[upkeep]
|-heal|p1a: Ninetales|21/100|[from] Grassy Terrain
|-heal|p2a: METRO BOOMER|78/100|[from] Grassy Terrain
|upkeep
|turn|3
|
|t:|1760852584
|switch|p2a: BOLTENHEIMER|Bellibolt, F|100/100
|move|p1a: Ninetales|Will-O-Wisp|p2a: BOLTENHEIMER
|-status|p2a: BOLTENHEIMER|brn
|
|-weather|SunnyDay|[upkeep]
|-heal|p1a: Ninetales|27/100|[from] Grassy Terrain
|-damage|p2a: BOLTENHEIMER|94/100 brn|[from] brn
|upkeep
|turn|4
|
|t:|1760852595
|switch|p1a: Raging Bolt|Raging Bolt, tera:Flying|31/100
|-activate|p1a: Raging Bolt|ability: Protosynthesis
|-start|p1a: Raging Bolt|protosynthesisspa
|move|p2a: BOLTENHEIMER|Discharge|p1a: Raging Bolt
|-supereffective|p1a: Raging Bolt
|-damage|p1a: Raging Bolt|0 fnt
|faint|p1a: Raging Bolt
|-end|p1a: Raging Bolt|Protosynthesis|[silent]
|
|-weather|SunnyDay|[upkeep]
|-heal|p2a: BOLTENHEIMER|100/100 brn|[from] Grassy Terrain
|-damage|p2a: BOLTENHEIMER|94/100 brn|[from] brn
|upkeep
|
|t:|1760852616
|switch|p1a: Rillaboom|Rillaboom, M|100/100
|turn|5
|
|t:|1760852621
|switch|p2a: RAGNAROK|Tinkaton, F|100/100
|-ability|p2a: RAGNAROK|Mold Breaker
|-item|p2a: RAGNAROK|Air Balloon
|move|p1a: Rillaboom|U-turn|p2a: RAGNAROK
|-resisted|p2a: RAGNAROK
|-damage|p2a: RAGNAROK|90/100
|-enditem|p2a: RAGNAROK|Air Balloon
|
|t:|1760852630
|switch|p1a: Infernape|Infernape, M|100/100|[from] U-turn
|
|-weather|SunnyDay|[upkeep]
|-heal|p2a: RAGNAROK|96/100|[from] Grassy Terrain
|upkeep
|turn|6
|
|t:|1760852638
|switch|p2a: Alomolested|Alomomola, F|100/100
|move|p1a: Infernape|Flare Blitz|p2a: Alomolested
|-resisted|p2a: Alomolested
|-damage|p2a: Alomolested|64/100
|-damage|p1a: Infernape|81/100|[from] Recoil
|
|-weather|SunnyDay|[upkeep]
|-heal|p1a: Infernape|87/100|[from] Grassy Terrain
|-heal|p2a: Alomolested|70/100|[from] Grassy Terrain
|-fieldend|move: Grassy Terrain
|upkeep
|turn|7
|
|t:|1760852653
|switch|p1a: Rillaboom|Rillaboom, M|100/100
|-fieldstart|move: Grassy Terrain|[from] ability: Grassy Surge|[of] p1a: Rillaboom
|move|p2a: Alomolested|Wish|p2a: Alomolested
|
|-weather|SunnyDay|[upkeep]
|-heal|p2a: Alomolested|76/100|[from] Grassy Terrain
|upkeep
|turn|8
|
|t:|1760852663
|switch|p2a: RAGNAROK|Tinkaton, F|96/100
|-ability|p2a: RAGNAROK|Mold Breaker
|move|p1a: Rillaboom|Wood Hammer|p2a: RAGNAROK
|-resisted|p2a: RAGNAROK
|-damage|p2a: RAGNAROK|19/100
|-damage|p1a: Rillaboom|77/100|[from] Recoil
|
|-weather|SunnyDay|[upkeep]
|-heal|p2a: RAGNAROK|82/100|[from] move: Wish|[wisher] Alomolested
|-heal|p2a: RAGNAROK|88/100|[from] Grassy Terrain
|-heal|p1a: Rillaboom|83/100|[from] Grassy Terrain
|upkeep
|turn|9
|
|t:|1760852676
|switch|p1a: Great Tusk|Great Tusk|100/100
|-activate|p1a: Great Tusk|ability: Protosynthesis
|-start|p1a: Great Tusk|protosynthesisspe
|move|p2a: RAGNAROK|Thunder Wave|p1a: Great Tusk
|-immune|p1a: Great Tusk
|
|-weather|none
|-end|p1a: Great Tusk|Protosynthesis
|-heal|p2a: RAGNAROK|95/100|[from] Grassy Terrain
|upkeep
|turn|10
|
|t:|1760852687
|switch|p2a: Alomolested|Alomomola, F|100/100
|move|p1a: Great Tusk|Stealth Rock|p2a: Alomolested
|-sidestart|p2: henry151th|move: Stealth Rock
|
|upkeep
|turn|11
|
|t:|1760852697
|move|p1a: Great Tusk|Rapid Spin|p2a: Alomolested
|-damage|p2a: Alomolested|92/100
|-boost|p1a: Great Tusk|spe|1
|move|p2a: Alomolested|Flip Turn|p1a: Great Tusk
|-supereffective|p1a: Great Tusk
|-damage|p1a: Great Tusk|78/100
|-damage|p2a: Alomolested|75/100|[from] item: Rocky Helmet|[of] p1a: Great Tusk
|
|t:|1760852700
|switch|p2a: Midtusk|Great Tusk|100/100|[from] Flip Turn
|
|-heal|p1a: Great Tusk|84/100|[from] Grassy Terrain
|-fieldend|move: Grassy Terrain
|upkeep
|turn|12
|
|t:|1760852712
|-end|p2a: Midtusk|Protosynthesis|[silent]
|switch|p2a: Alomolested|Alomomola, F|100/100
|move|p1a: Great Tusk|Ice Spinner|p2a: Alomolested
|-resisted|p2a: Alomolested
|-damage|p2a: Alomolested|93/100
|
|upkeep
|turn|13
|
|t:|1760852726
|move|p1a: Great Tusk|Headlong Rush|p2a: Alomolested
|-damage|p2a: Alomolested|61/100
|-unboost|p1a: Great Tusk|def|1
|-unboost|p1a: Great Tusk|spd|1
|move|p2a: Alomolested|Tickle|p1a: Great Tusk
|-unboost|p1a: Great Tusk|atk|1
|-unboost|p1a: Great Tusk|def|1
|
|upkeep
|turn|14
|
|t:|1760852745
|-end|p1a: Great Tusk|Protosynthesis|[silent]
|switch|p1a: Ninetales|Ninetales, F|27/100
|-weather|SunnyDay|[from] ability: Drought|[of] p1a: Ninetales
|move|p2a: Alomolested|Flip Turn|p1a: Ninetales
|-supereffective|p1a: Ninetales
|-damage|p1a: Ninetales|7/100
|
|t:|1760852750
|switch|p2a: METRO BOOMER|Rillaboom, F|78/100|[from] Flip Turn
|-damage|p2a: METRO BOOMER|65/100|[from] Stealth Rock
|-fieldstart|move: Grassy Terrain|[from] ability: Grassy Surge|[of] p2a: METRO BOOMER
|
|-weather|SunnyDay|[upkeep]
|-heal|p1a: Ninetales|13/100|[from] Grassy Terrain
|-heal|p2a: METRO BOOMER|71/100|[from] Grassy Terrain
|upkeep
|turn|15
|
|t:|1760852761
|switch|p1a: Rillaboom|Rillaboom, M|83/100
|move|p2a: METRO BOOMER|Wood Hammer|p1a: Rillaboom
|-resisted|p1a: Rillaboom
|-damage|p1a: Rillaboom|25/100
|-damage|p2a: METRO BOOMER|49/100|[from] Recoil
|
|-weather|SunnyDay|[upkeep]
|-heal|p2a: METRO BOOMER|55/100|[from] Grassy Terrain
|-heal|p1a: Rillaboom|31/100|[from] Grassy Terrain
|upkeep
|turn|16
|
|t:|1760852772
|move|p2a: METRO BOOMER|Wood Hammer|p1a: Rillaboom
|-resisted|p1a: Rillaboom
|-damage|p1a: Rillaboom|0 fnt
|faint|p1a: Rillaboom
|-damage|p2a: METRO BOOMER|43/100|[from] Recoil
|
|-weather|SunnyDay|[upkeep]
|-heal|p2a: METRO BOOMER|49/100|[from] Grassy Terrain
|upkeep
|
|t:|1760852781
|switch|p1a: Infernape|Infernape, M|87/100
|turn|17
|
|t:|1760852795
|switch|p2a: Midtusk|Great Tusk|100/100
|-activate|p2a: Midtusk|ability: Protosynthesis
|-start|p2a: Midtusk|protosynthesisatk
|move|p1a: Infernape|U-turn|p2a: Midtusk
|-resisted|p2a: Midtusk
|-damage|p2a: Midtusk|89/100
|
|t:|1760852802
|switch|p1a: Walking Wake|Walking Wake|100/100|[from] U-turn
|-activate|p1a: Walking Wake|ability: Protosynthesis
|-start|p1a: Walking Wake|protosynthesisspe
|
|-weather|SunnyDay|[upkeep]
|-heal|p2a: Midtusk|95/100|[from] Grassy Terrain
|upkeep
|turn|18
|
|t:|1760852811
|-end|p2a: Midtusk|Protosynthesis|[silent]
|switch|p2a: Alomolested|Alomomola, F|95/100
|move|p1a: Walking Wake|Dragon Pulse|p2a: Alomolested
|-damage|p2a: Alomolested|57/100
|
|-weather|SunnyDay|[upkeep]
|-heal|p2a: Alomolested|63/100|[from] Grassy Terrain
|-fieldend|move: Grassy Terrain
|upkeep
|turn|19
|
|t:|1760852819
|move|p1a: Walking Wake|Dragon Pulse|p2a: Alomolested
|-damage|p2a: Alomolested|23/100
|move|p2a: Alomolested|Wish|p2a: Alomolested
|
|-weather|SunnyDay|[upkeep]
|upkeep
|turn|20
|
|t:|1760852826
|move|p2a: Alomolested|Protect|p2a: Alomolested
|-singleturn|p2a: Alomolested|Protect
|move|p1a: Walking Wake|Dragon Pulse|p2a: Alomolested
|-activate|p2a: Alomolested|move: Protect
|
|-weather|SunnyDay|[upkeep]
|-heal|p2a: Alomolested|73/100|[from] move: Wish|[wisher] Alomolested
|upkeep
|turn|21
|
|t:|1760852837
|move|p1a: Walking Wake|Dragon Pulse|p2a: Alomolested
|-damage|p2a: Alomolested|34/100
|move|p2a: Alomolested|Flip Turn|p1a: Walking Wake
|-resisted|p1a: Walking Wake
|-damage|p1a: Walking Wake|99/100
|
|t:|1760852841
|switch|p2a: BOLTENHEIMER|Bellibolt, F|94/100 brn|[from] Flip Turn
|
|-weather|none
|-end|p1a: Walking Wake|Protosynthesis
|-damage|p2a: BOLTENHEIMER|88/100 brn|[from] brn
|upkeep
|turn|22
|
|t:|1760852851
|-end|p1a: Walking Wake|Protosynthesis|[silent]
|switch|p1a: Great Tusk|Great Tusk|84/100
|move|p2a: BOLTENHEIMER|Discharge|p1a: Great Tusk
|-immune|p1a: Great Tusk
|
|-damage|p2a: BOLTENHEIMER|82/100 brn|[from] brn
|upkeep
|turn|23
|
|t:|1760852864
|-end|p1a: Great Tusk|Protosynthesis|[silent]
|switch|p1a: Infernape|Infernape, M|87/100
|switch|p2a: Midtusk|Great Tusk|95/100
|
|upkeep
|turn|24
|
|t:|1760852871
|move|p1a: Infernape|U-turn|p2a: Midtusk
|-resisted|p2a: Midtusk
|-crit|p2a: Midtusk
|-damage|p2a: Midtusk|78/100
|
|t:|1760852875
|switch|p1a: Great Tusk|Great Tusk|84/100|[from] U-turn
|move|p2a: Midtusk|Rapid Spin|p1a: Great Tusk
|-damage|p1a: Great Tusk|73/100
|-boost|p2a: Midtusk|spe|1
|-damage|p2a: Midtusk|62/100|[from] item: Rocky Helmet|[of] p1a: Great Tusk
|-sideend|p2: henry151th|Stealth Rock|[from] move: Rapid Spin|[of] p2a: Midtusk
|
|upkeep
|turn|25
|
|t:|1760852884
|move|p2a: Midtusk|Ice Spinner|p1a: Great Tusk
|-supereffective|p1a: Great Tusk
|-damage|p1a: Great Tusk|40/100
|-damage|p2a: Midtusk|46/100|[from] item: Rocky Helmet|[of] p1a: Great Tusk
|move|p1a: Great Tusk|Ice Spinner|p2a: Midtusk
|-supereffective|p2a: Midtusk
|-damage|p2a: Midtusk|14/100
|
|upkeep
|turn|26
|
|t:|1760852893
|-end|p2a: Midtusk|Protosynthesis|[silent]
|switch|p2a: Alomolested|Alomomola, F|68/100
|move|p1a: Great Tusk|Rapid Spin|p2a: Alomolested
|-damage|p2a: Alomolested|58/100
|-boost|p1a: Great Tusk|spe|1
|
|upkeep
|turn|27
|
|t:|1760852900
|move|p1a: Great Tusk|Stealth Rock|p2a: Alomolested
|-sidestart|p2: henry151th|move: Stealth Rock
|move|p2a: Alomolested|Wish|p2a: Alomolested
|
|upkeep
|turn|28
|
|t:|1760852907
|-end|p1a: Great Tusk|Protosynthesis|[silent]
|switch|p1a: Ninetales|Ninetales, F|13/100
|-weather|SunnyDay|[from] ability: Drought|[of] p1a: Ninetales
|move|p2a: Alomolested|Tickle|p1a: Ninetales
|-unboost|p1a: Ninetales|atk|1
|-unboost|p1a: Ninetales|def|1
|
|-weather|SunnyDay|[upkeep]
|-heal|p2a: Alomolested|100/100|[from] move: Wish|[wisher] Alomolested
|upkeep
|turn|29
|
|t:|1760852917
|move|p1a: Ninetales|Will-O-Wisp|p2a: Alomolested
|-status|p2a: Alomolested|brn
|move|p2a: Alomolested|Flip Turn|p1a: Ninetales
|-supereffective|p1a: Ninetales
|-damage|p1a: Ninetales|0 fnt
|faint|p1a: Ninetales
|
|t:|1760852922
|switch|p2a: BOLTENHEIMER|Bellibolt, F|82/100 brn|[from] Flip Turn
|
|-weather|SunnyDay|[upkeep]
|-damage|p2a: BOLTENHEIMER|76/100 brn|[from] brn
|upkeep
|
|t:|1760852934
|switch|p1a: Infernape|Infernape, M|87/100
|turn|30
|
|t:|1760852938
|move|p1a: Infernape|Flare Blitz|p2a: BOLTENHEIMER
|-damage|p2a: BOLTENHEIMER|0 fnt
|faint|p2a: BOLTENHEIMER
|-damage|p1a: Infernape|51/100|[from] Recoil
|
|-weather|SunnyDay|[upkeep]
|upkeep
|
|t:|1760852940
|switch|p2a: Alomolested|Alomomola, F|100/100 brn
|turn|31
|
|t:|1760852947
|move|p1a: Infernape|Flare Blitz|p2a: Alomolested
|-resisted|p2a: Alomolested
|-damage|p2a: Alomolested|65/100 brn
|-damage|p1a: Infernape|33/100|[from] Recoil
|move|p2a: Alomolested|Flip Turn|p1a: Infernape
|-supereffective|p1a: Infernape
|-damage|p1a: Infernape|21/100
|
|t:|1760852952
|switch|p2a: METRO BOOMER|Rillaboom, F|49/100|[from] Flip Turn
|-damage|p2a: METRO BOOMER|37/100|[from] Stealth Rock
|-fieldstart|move: Grassy Terrain|[from] ability: Grassy Surge|[of] p2a: METRO BOOMER
|
|-weather|SunnyDay|[upkeep]
|-heal|p1a: Infernape|27/100|[from] Grassy Terrain
|-heal|p2a: METRO BOOMER|43/100|[from] Grassy Terrain
|upkeep
|turn|32
|
|t:|1760852963
|move|p2a: METRO BOOMER|Grassy Glide|p1a: Infernape
|-resisted|p1a: Infernape
|-damage|p1a: Infernape|0 fnt
|faint|p1a: Infernape
|
|-weather|SunnyDay|[upkeep]
|-heal|p2a: METRO BOOMER|49/100|[from] Grassy Terrain
|upkeep
|
|t:|1760852971
|switch|p1a: Walking Wake|Walking Wake|99/100
|-activate|p1a: Walking Wake|ability: Protosynthesis
|-start|p1a: Walking Wake|protosynthesisspe
|turn|33
|
|t:|1760852978
|switch|p2a: RAGNAROK|Tinkaton, F|95/100
|-damage|p2a: RAGNAROK|88/100|[from] Stealth Rock
|-ability|p2a: RAGNAROK|Mold Breaker
|move|p1a: Walking Wake|Dragon Pulse|p2a: RAGNAROK
|-immune|p2a: RAGNAROK
|
|-weather|SunnyDay|[upkeep]
|-heal|p1a: Walking Wake|100/100|[from] Grassy Terrain
|-heal|p2a: RAGNAROK|95/100|[from] Grassy Terrain
|upkeep
|turn|34
|
|t:|1760852990
|move|p1a: Walking Wake|Hydro Steam|p2a: RAGNAROK
|-damage|p2a: RAGNAROK|47/100
|move|p2a: RAGNAROK|Gigaton Hammer|p1a: Walking Wake
|-resisted|p1a: Walking Wake
|-damage|p1a: Walking Wake|75/100
|
|-weather|SunnyDay|[upkeep]
|-heal|p1a: Walking Wake|81/100|[from] Grassy Terrain
|-heal|p2a: RAGNAROK|53/100|[from] Grassy Terrain
|upkeep
|turn|35
|
|t:|1760853000
|move|p1a: Walking Wake|Hydro Steam|p2a: RAGNAROK
|-damage|p2a: RAGNAROK|0 fnt
|faint|p2a: RAGNAROK
|
|-weather|none
|-end|p1a: Walking Wake|Protosynthesis
|-heal|p1a: Walking Wake|87/100|[from] Grassy Terrain
|-fieldend|move: Grassy Terrain
|upkeep
|
|t:|1760853004
|switch|p2a: Alomolested|Alomomola, F|98/100 brn
|turn|36
|
|t:|1760853011
|move|p1a: Walking Wake|Dragon Pulse|p2a: Alomolested
|-damage|p2a: Alomolested|61/100 brn
|move|p2a: Alomolested|Wish|p2a: Alomolested
|
|-damage|p2a: Alomolested|54/100 brn|[from] brn
|upkeep
|turn|37
|
|t:|1760853018
|move|p1a: Walking Wake|Dragon Pulse|p2a: Alomolested
|-damage|p2a: Alomolested|18/100 brn
|move|p2a: Alomolested|Flip Turn|p1a: Walking Wake
|-resisted|p1a: Walking Wake
|-damage|p1a: Walking Wake|85/100
|
|t:|1760853020
|switch|p2a: METRO BOOMER|Rillaboom, F|49/100|[from] Flip Turn
|-damage|p2a: METRO BOOMER|37/100|[from] Stealth Rock
|-fieldstart|move: Grassy Terrain|[from] ability: Grassy Surge|[of] p2a: METRO BOOMER
|
|-heal|p2a: METRO BOOMER|100/100|[from] move: Wish|[wisher] Alomolested
|-heal|p1a: Walking Wake|91/100|[from] Grassy Terrain
|upkeep
|turn|38
|
|t:|1760853033
|move|p1a: Walking Wake|Flamethrower|p2a: METRO BOOMER
|-supereffective|p2a: METRO BOOMER
|-damage|p2a: METRO BOOMER|17/100
|move|p2a: METRO BOOMER|Wood Hammer|p1a: Walking Wake
|-damage|p1a: Walking Wake|0 fnt
|faint|p1a: Walking Wake
|-end|p1a: Walking Wake|Protosynthesis|[silent]
|-damage|p2a: METRO BOOMER|0 fnt|[from] Recoil
|faint|p2a: METRO BOOMER
|
|upkeep
|
|t:|1760853044
|switch|p1a: Great Tusk|Great Tusk|40/100
|switch|p2a: Alomolested|Alomomola, F|51/100 brn
|turn|39
|
|t:|1760853051
|move|p1a: Great Tusk|Rapid Spin|p2a: Alomolested
|-damage|p2a: Alomolested|42/100 brn
|-boost|p1a: Great Tusk|spe|1
|move|p2a: Alomolested|Wish|p2a: Alomolested
|
|-heal|p1a: Great Tusk|47/100|[from] Grassy Terrain
|-heal|p2a: Alomolested|48/100 brn|[from] Grassy Terrain
|-damage|p2a: Alomolested|42/100 brn|[from] brn
|upkeep
|turn|40
|
|t:|1760853061
|move|p2a: Alomolested|Protect|p2a: Alomolested
|-singleturn|p2a: Alomolested|Protect
|move|p1a: Great Tusk|Rapid Spin|p2a: Alomolested
|-activate|p2a: Alomolested|move: Protect
|
|-heal|p2a: Alomolested|92/100 brn|[from] move: Wish|[wisher] Alomolested
|-heal|p1a: Great Tusk|53/100|[from] Grassy Terrain
|-heal|p2a: Alomolested|98/100 brn|[from] Grassy Terrain
|-damage|p2a: Alomolested|92/100 brn|[from] brn
|upkeep
|turn|41
|
|t:|1760853072
|move|p1a: Great Tusk|Rapid Spin|p2a: Alomolested
|-damage|p2a: Alomolested|84/100 brn
|-boost|p1a: Great Tusk|spe|1
|move|p2a: Alomolested|Wish|p2a: Alomolested
|
|-heal|p1a: Great Tusk|59/100|[from] Grassy Terrain
|-heal|p2a: Alomolested|90/100 brn|[from] Grassy Terrain
|-damage|p2a: Alomolested|84/100 brn|[from] brn
|-fieldend|move: Grassy Terrain
|upkeep
|turn|42
|
|t:|1760853086
|move|p1a: Great Tusk|Ice Spinner|p2a: Alomolested
|-resisted|p2a: Alomolested
|-damage|p2a: Alomolested|77/100 brn
|move|p2a: Alomolested|Tickle|p1a: Great Tusk
|-unboost|p1a: Great Tusk|atk|1
|-unboost|p1a: Great Tusk|def|1
|
|-heal|p2a: Alomolested|100/100 brn|[from] move: Wish|[wisher] Alomolested
|-damage|p2a: Alomolested|94/100 brn|[from] brn
|upkeep
|turn|43
|
|t:|1760853097
|move|p1a: Great Tusk|Headlong Rush|p2a: Alomolested
|-damage|p2a: Alomolested|73/100 brn
|-unboost|p1a: Great Tusk|def|1
|-unboost|p1a: Great Tusk|spd|1
|move|p2a: Alomolested|Tickle|p1a: Great Tusk
|-unboost|p1a: Great Tusk|atk|1
|-unboost|p1a: Great Tusk|def|1
|
|-damage|p2a: Alomolested|67/100 brn|[from] brn
|upkeep
|turn|44
|
|t:|1760853107
|move|p1a: Great Tusk|Headlong Rush|p2a: Alomolested
|-damage|p2a: Alomolested|51/100 brn
|-unboost|p1a: Great Tusk|def|1
|-unboost|p1a: Great Tusk|spd|1
|move|p2a: Alomolested|Wish|p2a: Alomolested
|
|-damage|p2a: Alomolested|45/100 brn|[from] brn
|upkeep
|turn|45
|
|t:|1760853116
|move|p1a: Great Tusk|Headlong Rush|p2a: Alomolested
|-damage|p2a: Alomolested|31/100 brn
|-unboost|p1a: Great Tusk|def|1
|-unboost|p1a: Great Tusk|spd|1
|move|p2a: Alomolested|Tickle|p1a: Great Tusk
|-unboost|p1a: Great Tusk|atk|1
|-unboost|p1a: Great Tusk|def|1
|
|-heal|p2a: Alomolested|81/100 brn|[from] move: Wish|[wisher] Alomolested
|-damage|p2a: Alomolested|74/100 brn|[from] brn
|upkeep
|turn|46
|
|t:|1760853127
|move|p1a: Great Tusk|Headlong Rush|p2a: Alomolested
|-damage|p2a: Alomolested|61/100 brn
|-unboost|p1a: Great Tusk|spd|1
|move|p2a: Alomolested|Wish|p2a: Alomolested
|
|-damage|p2a: Alomolested|55/100 brn|[from] brn
|upkeep
|turn|47
|j| vywxiwjxjwk
|
|t:|1760853136
|move|p1a: Great Tusk|Headlong Rush|p2a: Alomolested
|-damage|p2a: Alomolested|43/100 brn
|-unboost|p1a: Great Tusk|spd|1
|move|p2a: Alomolested|Tickle|p1a: Great Tusk
|-unboost|p1a: Great Tusk|atk|1
|-unboost|p1a: Great Tusk|def|0
|
|-heal|p2a: Alomolested|92/100 brn|[from] move: Wish|[wisher] Alomolested
|-damage|p2a: Alomolested|86/100 brn|[from] brn
|upkeep
|turn|48
|l| vywxiwjxjwk
|
|t:|1760853147
|move|p1a: Great Tusk|Headlong Rush|p2a: Alomolested
|-damage|p2a: Alomolested|75/100 brn
|-unboost|p1a: Great Tusk|spd|1
|move|p2a: Alomolested|Wish|p2a: Alomolested
|
|-damage|p2a: Alomolested|69/100 brn|[from] brn
|upkeep
|turn|49
|
|t:|1760853155
|move|p1a: Great Tusk|Rapid Spin|p2a: Alomolested
|-damage|p2a: Alomolested|65/100 brn
|-boost|p1a: Great Tusk|spe|1
|move|p2a: Alomolested|Tickle|p1a: Great Tusk
|-unboost|p1a: Great Tusk|atk|1
|-unboost|p1a: Great Tusk|def|0
|
|-heal|p2a: Alomolested|100/100 brn|[from] move: Wish|[wisher] Alomolested
|-damage|p2a: Alomolested|94/100 brn|[from] brn
|upkeep
|turn|50
|
|t:|1760853166
|move|p1a: Great Tusk|Rapid Spin|p2a: Alomolested
|-damage|p2a: Alomolested|92/100 brn
|-boost|p1a: Great Tusk|spe|1
|move|p2a: Alomolested|Flip Turn|p1a: Great Tusk
|-supereffective|p1a: Great Tusk
|-crit|p1a: Great Tusk
|-damage|p1a: Great Tusk|0 fnt
|-damage|p2a: Alomolested|75/100 brn|[from] item: Rocky Helmet|[of] p1a: Great Tusk
|faint|p1a: Great Tusk
|-end|p1a: Great Tusk|Protosynthesis|[silent]
|
|win|henry151th
|raw|Pipich's rating: 1544 &rarr; <strong>1526</strong><br />(-18 for losing)
|raw|henry151th's rating: 1586 &rarr; <strong>1604</strong><br />(+18 for winning)
|l|☆Pipich
|player|p1|
