|j|☆godliestwalrus
|j|☆chairn't
|t:|1760720140
|gametype|singles
|player|p1|godliestwalrus|acerola|1447
|player|p2|chairn't|miku-fairy|1475
|gen|9
|tier|[Gen 9] OU
|rated|
|rule|HP Percentage Mod: HP is shown in percentages
|rule|Endless Battle Clause: Forcing endless battles is banned
|rule|Species Clause: Limit one of each Pokémon
|rule|OHKO Clause: OHKO moves are banned
|rule|Evasion Items Clause: Evasion items are banned
|rule|Evasion Moves Clause: Evasion moves are banned
|rule|Evasion Abilities Clause: Evasion abilities are banned
|rule|Sleep Moves Clause: Sleep-inducing moves are banned
|clearpoke
|poke|p1|Meowscarada, F|
|poke|p1|Iron Crown|
|poke|p1|Gliscor, F|
|poke|p1|Dragapult, F|
|poke|p1|Weezing-Galar, M|
|poke|p1|Dragonite, M|
|poke|p2|Zamazenta-*|
|poke|p2|Samurott-Hisui, M|
|poke|p2|Araquanid, F|
|poke|p2|Hatterene, F|
|poke|p2|Delphox, F|
|poke|p2|Dragapult, F|
|teampreview
|inactive|Battle timer is ON: inactive players will automatically lose when time's up. (requested by godliestwalrus)
|inactive|chairn't also wants the timer to be on.
|
|t:|1760720163
|teamsize|p1|6
|teamsize|p2|6
|start
|switch|p1a: Dragonite|Dragonite, M|100/100
|switch|p2a: Samurott|Samurott-Hisui, M|100/100
|turn|1
|
|t:|1760720174
|switch|p2a: Dragapult|Dragapult, F|100/100
|move|p1a: Dragonite|Dragon Dance|p1a: Dragonite
|-boost|p1a: Dragonite|atk|1
|-boost|p1a: Dragonite|spe|1
|
|upkeep
|turn|2
|
|t:|1760720181
|switch|p1a: Weezing|Weezing-Galar, M|100/100
|-ability|p1a: Weezing|Neutralizing Gas
|move|p2a: Dragapult|Will-O-Wisp|p1a: Weezing
|-status|p1a: Weezing|brn
|
|-damage|p1a: Weezing|94/100 brn|[from] brn
|upkeep
|turn|3
|
|t:|1760720190
|move|p2a: Dragapult|Hex|p1a: Weezing
|-damage|p1a: Weezing|28/100 brn
|move|p1a: Weezing|Will-O-Wisp|p2a: Dragapult
|-status|p2a: Dragapult|brn
|
|-damage|p2a: Dragapult|95/100 brn|[from] brn
|-damage|p1a: Weezing|22/100 brn|[from] brn
|upkeep
|turn|4
|
|t:|1760720197
|-end|p1a: Weezing|ability: Neutralizing Gas
|switch|p1a: Gliscor|Gliscor, F|100/100
|move|p2a: Dragapult|Hex|p1a: Gliscor
|-damage|p1a: Gliscor|75/100
|
|-damage|p2a: Dragapult|89/100 brn|[from] brn
|-status|p1a: Gliscor|tox|[from] item: Toxic Orb
|upkeep
|turn|5
|
|t:|1760720202
|move|p1a: Gliscor|Protect|p1a: Gliscor
|-singleturn|p1a: Gliscor|Protect
|move|p2a: Dragapult|Hex|p1a: Gliscor
|-activate|p1a: Gliscor|move: Protect
|
|-heal|p1a: Gliscor|88/100 tox|[from] ability: Poison Heal
|-damage|p2a: Dragapult|83/100 brn|[from] brn
|upkeep
|turn|6
|
|t:|1760720206
|move|p2a: Dragapult|Hex|p1a: Gliscor
|-damage|p1a: Gliscor|34/100 tox
|move|p1a: Gliscor|Stealth Rock|p2a: Dragapult
|-sidestart|p2: chairn't|move: Stealth Rock
|
|-heal|p1a: Gliscor|46/100 tox|[from] ability: Poison Heal
|-damage|p2a: Dragapult|77/100 brn|[from] brn
|upkeep
|turn|7
|
|t:|1760720211
|move|p1a: Gliscor|Protect|p1a: Gliscor
|-singleturn|p1a: Gliscor|Protect
|move|p2a: Dragapult|U-turn|p1a: Gliscor
|-activate|p1a: Gliscor|move: Protect
|
|-heal|p1a: Gliscor|59/100 tox|[from] ability: Poison Heal
|-damage|p2a: Dragapult|71/100 brn|[from] brn
|upkeep
|turn|8
|
|t:|1760720216
|move|p2a: Dragapult|U-turn|p1a: Gliscor
|-resisted|p1a: Gliscor
|-damage|p1a: Gliscor|55/100 tox
|
|t:|1760720226
|switch|p2a: Araquanid|Araquanid, F|100/100|[from] U-turn
|-damage|p2a: Araquanid|75/100|[from] Stealth Rock
|move|p1a: Gliscor|Earthquake|p2a: Araquanid
|-resisted|p2a: Araquanid
|-damage|p2a: Araquanid|59/100
|
|-heal|p1a: Gliscor|67/100 tox|[from] ability: Poison Heal
|upkeep
|turn|9
|
|t:|1760720236
|switch|p1a: Meowscarada|Meowscarada, F|100/100
|move|p2a: Araquanid|Sticky Web|p1a: Meowscarada
|-sidestart|p1: godliestwalrus|move: Sticky Web
|
|upkeep
|turn|10
|
|t:|1760720244
|move|p1a: Meowscarada|Flower Trick|p2a: Araquanid
|-start|p1a: Meowscarada|typechange|Grass|[from] ability: Protean
|-crit|p2a: Araquanid
|-damage|p2a: Araquanid|0 fnt
|faint|p2a: Araquanid
|
|upkeep
|
|t:|1760720258
|switch|p2a: Delphox|Delphox, F|100/100
|-damage|p2a: Delphox|76/100|[from] Stealth Rock
|turn|11
|
|t:|1760720273
|switch|p1a: Gliscor|Gliscor, F|67/100 tox
|switch|p2a: Dragapult|Dragapult, F|71/100 brn
|
|-heal|p1a: Gliscor|80/100 tox|[from] ability: Poison Heal
|-damage|p2a: Dragapult|65/100 brn|[from] brn
|upkeep
|turn|12
|
|t:|1760720279
|move|p2a: Dragapult|Hex|p1a: Gliscor
|-damage|p1a: Gliscor|33/100 tox
|move|p1a: Gliscor|Earthquake|p2a: Dragapult
|-damage|p2a: Dragapult|19/100 brn
|
|-heal|p1a: Gliscor|45/100 tox|[from] ability: Poison Heal
|-damage|p2a: Dragapult|13/100 brn|[from] brn
|upkeep
|turn|13
|
|t:|1760720287
|move|p2a: Dragapult|Hex|p1a: Gliscor
|-damage|p1a: Gliscor|0 fnt
|faint|p1a: Gliscor
|
|-damage|p2a: Dragapult|7/100 brn|[from] brn
|upkeep
|
|t:|1760720301
|switch|p1a: Dragonite|Dragonite, M|100/100
|turn|14
|
|t:|1760720311
|-terastallize|p1a: Dragonite|Fire
|move|p2a: Dragapult|Will-O-Wisp|p1a: Dragonite
|-immune|p1a: Dragonite
|move|p1a: Dragonite|Dragon Dance|p1a: Dragonite
|-boost|p1a: Dragonite|atk|1
|-boost|p1a: Dragonite|spe|1
|
|-damage|p2a: Dragapult|1/100 brn|[from] brn
|upkeep
|turn|15
|
|t:|1760720314
|move|p2a: Dragapult|Dragon Darts|p1a: Dragonite
|-damage|p1a: Dragonite|94/100
|-anim|p2a: Dragapult|Dragon Darts|p1a: Dragonite
|-damage|p1a: Dragonite|84/100
|move|p1a: Dragonite|Dragon Dance|p1a: Dragonite
|-boost|p1a: Dragonite|atk|1
|-boost|p1a: Dragonite|spe|1
|
|-damage|p2a: Dragapult|0 fnt|[from] brn
|faint|p2a: Dragapult
|upkeep
|
|t:|1760720324
|switch|p2a: Samurott|Samurott-Hisui, M|100/100
|-damage|p2a: Samurott|88/100|[from] Stealth Rock
|turn|16
|
|t:|1760720330
|move|p1a: Dragonite|Dragon Claw|p2a: Samurott
|-damage|p2a: Samurott|0 fnt
|faint|p2a: Samurott
|
|upkeep
|
|t:|1760720336
|switch|p2a: Hatterene|Hatterene, F|100/100
|-damage|p2a: Hatterene|88/100|[from] Stealth Rock
|turn|17
|
|t:|1760720344
|move|p1a: Dragonite|Fire Punch|p2a: Hatterene
|-damage|p2a: Hatterene|0 fnt
|faint|p2a: Hatterene
|
|upkeep
|
|t:|1760720349
|switch|p2a: Zamazenta|Zamazenta|100/100
|-damage|p2a: Zamazenta|94/100|[from] Stealth Rock
|-ability|p2a: Zamazenta|Dauntless Shield|boost
|-boost|p2a: Zamazenta|def|1
|turn|18
|
|t:|1760720353
|move|p1a: Dragonite|Dragon Claw|p2a: Zamazenta
|-damage|p2a: Zamazenta|61/100
|move|p2a: Zamazenta|Roar|p1a: Dragonite
|drag|p1a: Weezing|Weezing-Galar, M|22/100 brn
|-ability|p1a: Weezing|Neutralizing Gas
|-activate|p1a: Weezing|move: Sticky Web
|-unboost|p1a: Weezing|spe|1
|
|-heal|p2a: Zamazenta|67/100|[from] item: Leftovers
|-damage|p1a: Weezing|16/100 brn|[from] brn
|upkeep
|turn|19
|
|t:|1760720373
|move|p2a: Zamazenta|Body Press|p1a: Weezing
|-resisted|p1a: Weezing
|-damage|p1a: Weezing|5/100 brn
|-damage|p2a: Zamazenta|50/100|[from] item: Rocky Helmet|[of] p1a: Weezing
|move|p1a: Weezing|Will-O-Wisp|p2a: Zamazenta
|-status|p2a: Zamazenta|brn
|
|-heal|p2a: Zamazenta|57/100 brn|[from] item: Leftovers
|-damage|p2a: Zamazenta|50/100 brn|[from] brn
|-damage|p1a: Weezing|0 fnt|[from] brn
|faint|p1a: Weezing
|-end|p1a: Weezing|ability: Neutralizing Gas
|upkeep
|
|t:|1760720388
|switch|p1a: Dragapult|Dragapult, F|100/100
|turn|20
|
|t:|1760720395
|move|p1a: Dragapult|Hex|p2a: Zamazenta
|-damage|p2a: Zamazenta|6/100 brn
|move|p2a: Zamazenta|Crunch|p1a: Dragapult
|-supereffective|p1a: Dragapult
|-damage|p1a: Dragapult|67/100
|
|-heal|p2a: Zamazenta|12/100 brn|[from] item: Leftovers
|-damage|p2a: Zamazenta|6/100 brn|[from] brn
|upkeep
|turn|21
|
|t:|1760720404
|move|p1a: Dragapult|Hex|p2a: Zamazenta
|-damage|p2a: Zamazenta|0 fnt
|faint|p2a: Zamazenta
|
|upkeep
|
|t:|1760720406
|switch|p2a: Delphox|Delphox, F|76/100
|-damage|p2a: Delphox|51/100|[from] Stealth Rock
|turn|22
|
|t:|1760720416
|move|p2a: Delphox|Endure|p2a: Delphox
|-singleturn|p2a: Delphox|move: Endure
|move|p1a: Dragapult|Hex|p2a: Delphox
|-supereffective|p2a: Delphox
|-activate|p2a: Delphox|move: Endure
|-damage|p2a: Delphox|1/100
|-enditem|p2a: Delphox|Salac Berry|[eat]
|-boost|p2a: Delphox|spe|1|[from] item: Salac Berry
|
|upkeep
|turn|23
|
|t:|1760720430
|move|p2a: Delphox|Psyshock|p1a: Dragapult
|-damage|p1a: Dragapult|6/100
|-item|p2a: Delphox|Heavy-Duty Boots|[from] ability: Magician|[of] p1a: Dragapult
|move|p1a: Dragapult|U-turn|p2a: Delphox
|-damage|p2a: Delphox|0 fnt
|faint|p2a: Delphox
|
|win|godliestwalrus
|raw|godliestwalrus's rating: 1447 &rarr; <strong>1469</strong><br />(+22 for winning)
|raw|chairn&apos;t's rating: 1475 &rarr; <strong>1453</strong><br />(-22 for losing)
|l|☆chairn't
|player|p2|
|l|☆godliestwalrus
|player|p1|
