|j|☆yungestyeet
|j|☆melikebread
|t:|1760847995
|gametype|singles
|player|p1|yungestyeet|170|1109
|player|p2|melikebread|steven|1071
|gen|9
|tier|[Gen 9] OU
|rated|
|rule|HP Percentage Mod: HP is shown in percentages
|rule|Endless Battle Clause: Forcing endless battles is banned
|rule|Species Clause: Limit one of each Pokémon
|rule|OHKO Clause: OHKO moves are banned
|rule|Evasion Items Clause: Evasion items are banned
|rule|Evasion Moves Clause: Evasion moves are banned
|rule|Evasion Abilities Clause: Evasion abilities are banned
|rule|Sleep Moves Clause: Sleep-inducing moves are banned
|clearpoke
|poke|p1|Arbok, F|
|poke|p1|Sandy Shocks|
|poke|p1|Garchomp, F|
|poke|p1|Lycanroc-Dusk, M|
|poke|p1|Exeggutor, F|
|poke|p1|Torkoal, F|
|poke|p2|Barraskewda, M|
|poke|p2|Pelipper, F|
|poke|p2|Thundurus-Therian, M|
|poke|p2|Dragapult, F|
|poke|p2|Amoonguss, F|
|poke|p2|Iron Treads|
|teampreview
|
|t:|1760848008
|teamsize|p1|6
|teamsize|p2|6
|start
|switch|p1a: Lycanroc|Lycanroc-Dusk, M, shiny|100/100
|switch|p2a: Pelipper|Pelipper, F|100/100
|-weather|RainDance|[from] ability: Drizzle|[of] p2a: Pelipper
|turn|1
|inactive|Battle timer is ON: inactive players will automatically lose when time's up. (requested by yungestyeet)
|
|t:|1760848019
|move|p1a: Lycanroc|Stealth Rock|p2a: Pelipper
|-sidestart|p2: melikebread|move: Stealth Rock
|move|p2a: Pelipper|Surf|p1a: Lycanroc
|-supereffective|p1a: Lycanroc
|-enditem|p1a: Lycanroc|Focus Sash
|-damage|p1a: Lycanroc|1/100
|
|-weather|RainDance|[upkeep]
|upkeep
|turn|2
|
|t:|1760848028
|switch|p2a: Iron Treads|Iron Treads, shiny|100/100
|-damage|p2a: Iron Treads|97/100|[from] Stealth Rock
|-enditem|p2a: Iron Treads|Booster Energy
|-activate|p2a: Iron Treads|ability: Quark Drive|[fromitem]
|-start|p2a: Iron Treads|quarkdrivespe
|move|p1a: Lycanroc|Endeavor|p2a: Iron Treads
|-damage|p2a: Iron Treads|1/100
|
|-weather|RainDance|[upkeep]
|upkeep
|turn|3
|
|t:|1760848039
|move|p1a: Lycanroc|Accelerock|p2a: Iron Treads
|-resisted|p2a: Iron Treads
|-damage|p2a: Iron Treads|0 fnt
|faint|p2a: Iron Treads
|-end|p2a: Iron Treads|Quark Drive|[silent]
|
|-weather|RainDance|[upkeep]
|upkeep
|
|t:|1760848047
|switch|p2a: Dragapult|Dragapult, F|100/100
|turn|4
|
|t:|1760848054
|move|p1a: Lycanroc|Accelerock|p2a: Dragapult
|-damage|p2a: Dragapult|70/100
|move|p2a: Dragapult|U-turn|p1a: Lycanroc
|-damage|p1a: Lycanroc|0 fnt
|faint|p1a: Lycanroc
|
|t:|1760848075
|switch|p2a: Barraskewda|Barraskewda, M|100/100|[from] U-turn
|-damage|p2a: Barraskewda|88/100|[from] Stealth Rock
|
|-weather|RainDance|[upkeep]
|upkeep
|
|t:|1760848085
|switch|p1a: Torkoal|Torkoal, F, shiny|100/100
|-weather|SunnyDay|[from] ability: Drought|[of] p1a: Torkoal
|turn|5
|
|t:|1760848091
|move|p2a: Barraskewda|Flip Turn|p1a: Torkoal
|-supereffective|p1a: Torkoal
|-damage|p1a: Torkoal|65/100
|
|t:|1760848095
|switch|p2a: Amoonguss|Amoonguss, F|100/100|[from] Flip Turn
|-damage|p2a: Amoonguss|88/100|[from] Stealth Rock
|move|p1a: Torkoal|Will-O-Wisp|p2a: Amoonguss|[miss]
|-miss|p1a: Torkoal|p2a: Amoonguss
|
|-weather|SunnyDay|[upkeep]
|upkeep
|turn|6
|
|t:|1760848119
|switch|p2a: Thundurus|Thundurus-Therian, M|100/100
|-damage|p2a: Thundurus|76/100|[from] Stealth Rock
|move|p1a: Torkoal|Lava Plume|p2a: Thundurus
|-damage|p2a: Thundurus|23/100
|-status|p2a: Thundurus|brn
|
|-weather|SunnyDay|[upkeep]
|-damage|p2a: Thundurus|17/100 brn|[from] brn
|upkeep
|turn|7
|
|t:|1760848136
|move|p2a: Thundurus|Thunder|p1a: Torkoal|[miss]
|-miss|p2a: Thundurus|p1a: Torkoal
|move|p1a: Torkoal|Lava Plume|p2a: Thundurus
|-damage|p2a: Thundurus|0 fnt
|faint|p2a: Thundurus
|
|-weather|SunnyDay|[upkeep]
|upkeep
|inactive|melikebread has 120 seconds left.
|
|t:|1760848147
|switch|p2a: Barraskewda|Barraskewda, M|88/100
|-damage|p2a: Barraskewda|76/100|[from] Stealth Rock
|turn|8
|
|t:|1760848153
|move|p2a: Barraskewda|Liquidation|p1a: Torkoal
|-supereffective|p1a: Torkoal
|-damage|p1a: Torkoal|12/100
|move|p1a: Torkoal|Will-O-Wisp|p2a: Barraskewda
|-status|p2a: Barraskewda|brn
|
|-weather|SunnyDay|[upkeep]
|-damage|p2a: Barraskewda|70/100 brn|[from] brn
|upkeep
|turn|9
|
|t:|1760848163
|switch|p1a: Sandy Shocks|Sandy Shocks|100/100
|-activate|p1a: Sandy Shocks|ability: Protosynthesis
|-start|p1a: Sandy Shocks|protosynthesisspe
|move|p2a: Barraskewda|Liquidation|p1a: Sandy Shocks
|-supereffective|p1a: Sandy Shocks
|-damage|p1a: Sandy Shocks|60/100
|
|-weather|SunnyDay|[upkeep]
|-damage|p2a: Barraskewda|64/100 brn|[from] brn
|upkeep
|turn|10
|
|t:|1760848176
|switch|p2a: Pelipper|Pelipper, F|100/100
|-damage|p2a: Pelipper|76/100|[from] Stealth Rock
|-weather|RainDance|[from] ability: Drizzle|[of] p2a: Pelipper
|-end|p1a: Sandy Shocks|Protosynthesis
|-enditem|p1a: Sandy Shocks|Booster Energy
|-activate|p1a: Sandy Shocks|ability: Protosynthesis|[fromitem]
|-start|p1a: Sandy Shocks|protosynthesisspe
|move|p1a: Sandy Shocks|Thunderbolt|p2a: Pelipper
|-supereffective|p2a: Pelipper
|-damage|p2a: Pelipper|0 fnt
|faint|p2a: Pelipper
|
|-weather|RainDance|[upkeep]
|upkeep
|inactive|melikebread has 120 seconds left.
|
|t:|1760848195
|switch|p2a: Amoonguss|Amoonguss, F|100/100
|-damage|p2a: Amoonguss|88/100|[from] Stealth Rock
|turn|11
|inactive|melikebread has 120 seconds left.
|
|t:|1760848208
|-end|p1a: Sandy Shocks|Protosynthesis|[silent]
|switch|p1a: Torkoal|Torkoal, F, shiny|12/100
|-weather|SunnyDay|[from] ability: Drought|[of] p1a: Torkoal
|move|p2a: Amoonguss|Toxic|p1a: Torkoal
|-status|p1a: Torkoal|tox
|
|-weather|SunnyDay|[upkeep]
|-damage|p1a: Torkoal|6/100 tox|[from] psn
|upkeep
|turn|12
|inactive|melikebread has 120 seconds left.
|
|t:|1760848219
|switch|p2a: Barraskewda|Barraskewda, M|64/100 brn
|-damage|p2a: Barraskewda|52/100 brn|[from] Stealth Rock
|move|p1a: Torkoal|Lava Plume|p2a: Barraskewda
|-resisted|p2a: Barraskewda
|-damage|p2a: Barraskewda|10/100 brn
|
|-weather|SunnyDay|[upkeep]
|-damage|p1a: Torkoal|0 fnt|[from] psn
|faint|p1a: Torkoal
|-damage|p2a: Barraskewda|4/100 brn|[from] brn
|upkeep
|
|t:|1760848232
|switch|p1a: Exeggutor|Exeggutor, F, shiny|100/100
|turn|13
|
|t:|1760848242
|move|p1a: Exeggutor|Growth|p1a: Exeggutor
|-boost|p1a: Exeggutor|atk|2
|-boost|p1a: Exeggutor|spa|2
|move|p2a: Barraskewda|Psychic Fangs|p1a: Exeggutor
|-resisted|p1a: Exeggutor
|-damage|p1a: Exeggutor|86/100
|
|-weather|SunnyDay|[upkeep]
|-damage|p2a: Barraskewda|0 fnt|[from] brn
|faint|p2a: Barraskewda
|upkeep
|-message|melikebread forfeited.
|
|win|yungestyeet
|raw|yungestyeet's rating: 1109 &rarr; <strong>1131</strong><br />(+22 for winning)
|raw|melikebread's rating: 1071 &rarr; <strong>1053</strong><br />(-18 for losing)
|l|☆melikebread
|player|p2|
|l|☆yungestyeet
|player|p1|
