|j|☆guydedd
|j|☆G_4gamer
|t:|1760764616
|gametype|singles
|player|p1|guydedd|battlegirl|1132
|player|p2|G_4gamer|cynthia|1180
|gen|9
|tier|[Gen 9] OU
|rated|
|rule|HP Percentage Mod: HP is shown in percentages
|rule|Endless Battle Clause: Forcing endless battles is banned
|rule|Species Clause: Limit one of each Pokémon
|rule|OHKO Clause: OHKO moves are banned
|rule|Evasion Items Clause: Evasion items are banned
|rule|Evasion Moves Clause: Evasion moves are banned
|rule|Evasion Abilities Clause: Evasion abilities are banned
|rule|Sleep Moves Clause: Sleep-inducing moves are banned
|clearpoke
|poke|p1|Lurantis, F|
|poke|p1|Malamar, F|
|poke|p1|Galvantula, F|
|poke|p1|Hitmonlee, M|
|poke|p1|Hawlucha, F|
|poke|p1|Cinderace, F|
|poke|p2|Gholdengo|
|poke|p2|Pawmot, M|
|poke|p2|Kingambit, M|
|poke|p2|Ogerpon-Wellspring, F|
|poke|p2|Enamorus, F|
|poke|p2|Raging Bolt|
|teampreview
|inactive|Battle timer is ON: inactive players will automatically lose when time's up. (requested by G_4gamer)
|
|t:|1760764670
|teamsize|p1|6
|teamsize|p2|6
|start
|switch|p1a: Galvantula|Galvantula, F, shiny|100/100
|switch|p2a: Enamorus|Enamorus, F|100/100
|turn|1
|
|t:|1760764679
|move|p2a: Enamorus|Earth Power|p1a: Galvantula
|-damage|p1a: Galvantula|45/100
|move|p1a: Galvantula|Sticky Web|p2a: Enamorus
|-sidestart|p2: G_4gamer|move: Sticky Web
|
|upkeep
|turn|2
|inactive|guydedd has 120 seconds left.
|
|t:|1760764714
|switch|p2a: Raging Bolt|Raging Bolt|100/100
|-activate|p2a: Raging Bolt|move: Sticky Web
|-unboost|p2a: Raging Bolt|spe|1
|-enditem|p2a: Raging Bolt|Booster Energy
|-activate|p2a: Raging Bolt|ability: Protosynthesis|[fromitem]
|-start|p2a: Raging Bolt|protosynthesisspa
|switch|p1a: Malamar|Malamar, F, shiny|100/100
|
|upkeep
|turn|3
|inactive|guydedd has 120 seconds left.
|
|t:|1760764738
|move|p1a: Malamar|Superpower|p2a: Raging Bolt
|-damage|p2a: Raging Bolt|79/100
|-boost|p1a: Malamar|atk|1
|-boost|p1a: Malamar|def|1
|move|p2a: Raging Bolt|Thunderbolt|p1a: Malamar
|-damage|p1a: Malamar|39/100
|
|upkeep
|turn|4
|
|t:|1760764753
|move|p2a: Raging Bolt|Thunderclap|p1a: Malamar
|-damage|p1a: Malamar|0 fnt
|faint|p1a: Malamar
|
|upkeep
|
|t:|1760764762
|switch|p1a: Lurantis|Lurantis, F, shiny|100/100
|turn|5
|
|t:|1760764777
|-end|p2a: Raging Bolt|Protosynthesis|[silent]
|switch|p2a: National Threat|Pawmot, M|100/100
|-activate|p2a: National Threat|move: Sticky Web
|-unboost|p2a: National Threat|spe|1
|move|p1a: Lurantis|Leaf Storm|p2a: National Threat
|-damage|p2a: National Threat|41/100
|-boost|p1a: Lurantis|spa|2
|
|upkeep
|turn|6
|
|t:|1760764794
|-terastallize|p1a: Lurantis|Steel
|move|p2a: National Threat|Knock Off|p1a: Lurantis
|-damage|p1a: Lurantis|64/100
|-enditem|p1a: Lurantis|Leftovers|[from] move: Knock Off|[of] p2a: National Threat
|move|p1a: Lurantis|Superpower|p2a: National Threat
|-damage|p2a: National Threat|0 fnt
|-boost|p1a: Lurantis|atk|1
|-boost|p1a: Lurantis|def|1
|faint|p2a: National Threat
|
|upkeep
|
|t:|1760764806
|switch|p2a: Enamorus|Enamorus, F|100/100
|turn|7
|
|t:|1760764825
|move|p2a: Enamorus|Earth Power|p1a: Lurantis
|-supereffective|p1a: Lurantis
|-damage|p1a: Lurantis|16/100
|move|p1a: Lurantis|Leaf Storm|p2a: Enamorus
|-resisted|p2a: Enamorus
|-damage|p2a: Enamorus|50/100
|-boost|p1a: Lurantis|spa|2
|
|upkeep
|turn|8
|inactive|guydedd has 90 seconds left.
|
|t:|1760764841
|switch|p2a: Gholdengo|Gholdengo|100/100
|-activate|p2a: Gholdengo|move: Sticky Web
|-unboost|p2a: Gholdengo|spe|1
|move|p1a: Lurantis|Knock Off|p2a: Gholdengo
|-supereffective|p2a: Gholdengo
|-damage|p2a: Gholdengo|40/100
|-enditem|p2a: Gholdengo|Choice Specs|[from] move: Knock Off|[of] p1a: Lurantis
|
|upkeep
|turn|9
|inactive|guydedd has 90 seconds left.
|
|t:|1760764853
|move|p2a: Gholdengo|Shadow Ball|p1a: Lurantis
|-damage|p1a: Lurantis|0 fnt
|faint|p1a: Lurantis
|
|upkeep
|inactive|guydedd has 90 seconds left.
|
|t:|1760764877
|switch|p1a: Cinderace|Cinderace, F|100/100
|turn|10
|
|t:|1760764885
|move|p1a: Cinderace|Pyro Ball|p2a: Gholdengo
|-supereffective|p2a: Gholdengo
|-damage|p2a: Gholdengo|0 fnt
|faint|p2a: Gholdengo
|
|upkeep
|
|t:|1760764888
|switch|p2a: Enamorus|Enamorus, F|50/100
|turn|11
|inactive|guydedd has 90 seconds left.
|
|t:|1760764896
|move|p1a: Cinderace|Sucker Punch|p2a: Enamorus
|-start|p1a: Cinderace|typechange|Dark|[from] ability: Libero
|-resisted|p2a: Enamorus
|-damage|p2a: Enamorus|24/100
|move|p2a: Enamorus|Moonblast|p1a: Cinderace
|-supereffective|p1a: Cinderace
|-damage|p1a: Cinderace|0 fnt
|faint|p1a: Cinderace
|
|upkeep
|inactive|guydedd has 90 seconds left.
|
|t:|1760764909
|switch|p1a: Galvantula|Galvantula, F, shiny|45/100
|turn|12
|inactive|guydedd has 90 seconds left.
|
|t:|1760764928
|move|p2a: Enamorus|Moonblast|p1a: Galvantula
|-damage|p1a: Galvantula|0 fnt
|faint|p1a: Galvantula
|
|upkeep
|inactive|guydedd has 90 seconds left.
|
|t:|1760764934
|switch|p1a: Hitmonlee|Hitmonlee, M|100/100
|turn|13
|
|t:|1760764939
|move|p1a: Hitmonlee|Fake Out|p2a: Enamorus
|-enditem|p1a: Hitmonlee|Normal Gem|[from] gem
|-damage|p2a: Enamorus|0 fnt
|faint|p2a: Enamorus
|
|upkeep
|
|t:|1760764946
|switch|p2a: Raging Bolt|Raging Bolt|79/100
|-activate|p2a: Raging Bolt|move: Sticky Web
|-unboost|p2a: Raging Bolt|spe|1
|turn|14
|
|t:|1760764955
|move|p2a: Raging Bolt|Thunderclap|p1a: Hitmonlee
|-damage|p1a: Hitmonlee|46/100
|move|p1a: Hitmonlee|Knock Off|p2a: Raging Bolt
|-damage|p2a: Raging Bolt|58/100
|
|upkeep
|turn|15
|
|t:|1760764961
|switch|p1a: Hawlucha|Hawlucha, F, shiny|100/100
|move|p2a: Raging Bolt|Thunderbolt|p1a: Hawlucha
|-supereffective|p1a: Hawlucha
|-damage|p1a: Hawlucha|0 fnt
|faint|p1a: Hawlucha
|
|upkeep
|
|t:|1760764977
|switch|p1a: Hitmonlee|Hitmonlee, M|46/100
|turn|16
|
|t:|1760764983
|move|p1a: Hitmonlee|Fake Out|p2a: Raging Bolt
|-damage|p2a: Raging Bolt|46/100
|cant|p2a: Raging Bolt|flinch
|
|upkeep
|turn|17
|
|t:|1760764989
|move|p2a: Raging Bolt|Thunderclap|p1a: Hitmonlee
|-damage|p1a: Hitmonlee|0 fnt
|faint|p1a: Hitmonlee
|
|win|G_4gamer
|raw|guydedd's rating: 1132 &rarr; <strong>1110</strong><br />(-22 for losing)
|raw|G_4gamer's rating: 1180 &rarr; <strong>1202</strong><br />(+22 for winning)
|l|☆guydedd
|player|p1|
|c|☆G_4gamer|ez
|l|☆G_4gamer
|player|p2|
