|j|☆luca1996
|j|☆DiddyDonny
|t:|1760724250
|gametype|singles
|player|p1|luca1996|boarder|1313
|player|p2|DiddyDonny|169|1341
|gen|9
|tier|[Gen 9] OU
|rated|
|rule|HP Percentage Mod: HP is shown in percentages
|rule|Endless Battle Clause: Forcing endless battles is banned
|rule|Species Clause: Limit one of each Pokémon
|rule|OHKO Clause: OHKO moves are banned
|rule|Evasion Items Clause: Evasion items are banned
|rule|Evasion Moves Clause: Evasion moves are banned
|rule|Evasion Abilities Clause: Evasion abilities are banned
|rule|Sleep Moves Clause: Sleep-inducing moves are banned
|clearpoke
|poke|p1|Gurdurr, M|
|poke|p1|Araquanid, M|
|poke|p1|Moltres-Galar|
|poke|p1|Entei|
|poke|p1|Hippowdon, F|
|poke|p1|Empoleon, F|
|poke|p2|Heatran, F|
|poke|p2|Great Tusk|
|poke|p2|Meowscarada, F|
|poke|p2|Hatterene, F|
|poke|p2|Tornadus-Therian, M|
|poke|p2|Gholdengo|
|teampreview
|inactive|Battle timer is ON: inactive players will automatically lose when time's up. (requested by luca1996)
|
|t:|1760724289
|teamsize|p1|6
|teamsize|p2|6
|start
|switch|p1a: Empoleon|Empoleon, F|100/100
|switch|p2a: Meowscarada|Meowscarada, F|100/100
|turn|1
|
|t:|1760724300
|move|p2a: Meowscarada|Knock Off|p1a: Empoleon
|-start|p2a: Meowscarada|typechange|Dark|[from] ability: Protean
|-damage|p1a: Empoleon|23/100
|-enditem|p1a: Empoleon|Weakness Policy|[from] move: Knock Off|[of] p2a: Meowscarada
|move|p1a: Empoleon|Agility|p1a: Empoleon
|-boost|p1a: Empoleon|spe|2
|
|upkeep
|turn|2
|inactive|DiddyDonny has 120 seconds left.
|
|t:|1760724336
|move|p1a: Empoleon|Surf|p2a: Meowscarada
|-damage|p2a: Meowscarada|38/100
|move|p2a: Meowscarada|Knock Off|p1a: Empoleon
|-damage|p1a: Empoleon|0 fnt
|faint|p1a: Empoleon
|
|upkeep
|
|t:|1760724342
|switch|p1a: Moltres|Moltres-Galar|100/100
|turn|3
|inactive|DiddyDonny has 120 seconds left.
|
|t:|1760724366
|switch|p2a: Gholdengo|Gholdengo|100/100
|move|p1a: Moltres|Agility|p1a: Moltres
|-boost|p1a: Moltres|spe|2
|
|upkeep
|turn|4
|
|t:|1760724375
|move|p1a: Moltres|Fiery Wrath|p2a: Gholdengo
|-supereffective|p2a: Gholdengo
|-damage|p2a: Gholdengo|3/100
|move|p2a: Gholdengo|Trick|p1a: Moltres
|-activate|p2a: Gholdengo|move: Trick|[of] p1a: Moltres
|-item|p1a: Moltres|Choice Scarf|[from] move: Trick
|-item|p2a: Gholdengo|Heavy-Duty Boots|[from] move: Trick
|
|upkeep
|turn|5
|inactive|DiddyDonny has 120 seconds left.
|
|t:|1760724387
|switch|p2a: Heatran|Heatran, F|100/100
|move|p1a: Moltres|Fiery Wrath|p2a: Heatran
|-damage|p2a: Heatran|74/100
|
|-heal|p2a: Heatran|80/100|[from] item: Leftovers
|upkeep
|turn|6
|
|t:|1760724396
|move|p1a: Moltres|Fiery Wrath|p2a: Heatran
|-damage|p2a: Heatran|51/100
|move|p2a: Heatran|Stealth Rock|p1a: Moltres
|-sidestart|p1: luca1996|move: Stealth Rock
|
|-heal|p2a: Heatran|57/100|[from] item: Leftovers
|upkeep
|turn|7
|
|t:|1760724400
|move|p1a: Moltres|Fiery Wrath|p2a: Heatran
|-damage|p2a: Heatran|26/100
|move|p2a: Heatran|Magma Storm|p1a: Moltres
|-damage|p1a: Moltres|66/100
|-activate|p1a: Moltres|move: Magma Storm|[of] p2a: Heatran
|
|-heal|p2a: Heatran|32/100|[from] item: Leftovers
|-damage|p1a: Moltres|53/100|[from] move: Magma Storm|[partiallytrapped]
|upkeep
|turn|8
|
|t:|1760724410
|move|p1a: Moltres|Fiery Wrath|p2a: Heatran
|-damage|p2a: Heatran|4/100
|move|p2a: Heatran|Magma Storm|p1a: Moltres
|-damage|p1a: Moltres|13/100
|-ability|p1a: Moltres|Berserk|boost
|-boost|p1a: Moltres|spa|1
|
|-heal|p2a: Heatran|10/100|[from] item: Leftovers
|-damage|p1a: Moltres|0 fnt|[from] move: Magma Storm|[partiallytrapped]
|faint|p1a: Moltres
|upkeep
|
|t:|1760724430
|switch|p1a: Araquanid|Araquanid, M|100/100
|-damage|p1a: Araquanid|76/100|[from] Stealth Rock
|turn|9
|
|t:|1760724437
|move|p2a: Heatran|Magma Storm|p1a: Araquanid
|-damage|p1a: Araquanid|59/100
|-activate|p1a: Araquanid|move: Magma Storm|[of] p2a: Heatran
|move|p1a: Araquanid|Sticky Web|p2a: Heatran
|-sidestart|p2: DiddyDonny|move: Sticky Web
|
|-heal|p2a: Heatran|16/100|[from] item: Leftovers
|-damage|p1a: Araquanid|46/100|[from] move: Magma Storm|[partiallytrapped]
|upkeep
|turn|10
|
|t:|1760724467
|switch|p2a: Gholdengo|Gholdengo|3/100
|move|p1a: Araquanid|Liquidation|p2a: Gholdengo
|-damage|p2a: Gholdengo|0 fnt
|faint|p2a: Gholdengo
|
|-end|p1a: Araquanid|Magma Storm|[partiallytrapped]|[silent]
|upkeep
|
|t:|1760724473
|switch|p2a: Tornadus|Tornadus-Therian, M|100/100
|turn|11
|
|t:|1760724476
|move|p2a: Tornadus|Bleakwind Storm|p1a: Araquanid
|-supereffective|p1a: Araquanid
|-damage|p1a: Araquanid|0 fnt
|faint|p1a: Araquanid
|
|upkeep
|
|t:|1760724481
|switch|p1a: Hippowdon|Hippowdon, F|100/100
|-damage|p1a: Hippowdon|94/100|[from] Stealth Rock
|turn|12
|
|t:|1760724493
|move|p2a: Tornadus|Knock Off|p1a: Hippowdon
|-damage|p1a: Hippowdon|82/100
|-enditem|p1a: Hippowdon|Leftovers|[from] move: Knock Off|[of] p2a: Tornadus
|move|p1a: Hippowdon|Stockpile|p1a: Hippowdon
|-start|p1a: Hippowdon|stockpile1
|-boost|p1a: Hippowdon|def|1
|-boost|p1a: Hippowdon|spd|1
|
|upkeep
|turn|13
|c|☆DiddyDonny|lol
|
|t:|1760724499
|move|p2a: Tornadus|U-turn|p1a: Hippowdon
|-damage|p1a: Hippowdon|76/100
|
|t:|1760724501
|switch|p2a: Great Tusk|Great Tusk|100/100|[from] U-turn
|-activate|p2a: Great Tusk|move: Sticky Web
|-unboost|p2a: Great Tusk|spe|1
|move|p1a: Hippowdon|Stealth Rock|p2a: Great Tusk
|-sidestart|p2: DiddyDonny|move: Stealth Rock
|
|upkeep
|turn|14
|
|t:|1760724507
|move|p2a: Great Tusk|Rapid Spin|p1a: Hippowdon
|-damage|p1a: Hippowdon|70/100
|-boost|p2a: Great Tusk|spe|1
|-sideend|p2: DiddyDonny|Stealth Rock|[from] move: Rapid Spin|[of] p2a: Great Tusk
|-sideend|p2: DiddyDonny|Sticky Web|[from] move: Rapid Spin|[of] p2a: Great Tusk
|move|p1a: Hippowdon|Earthquake|p2a: Great Tusk
|-damage|p2a: Great Tusk|78/100
|
|upkeep
|turn|15
|
|t:|1760724515
|-end|p2a: Great Tusk|Protosynthesis|[silent]
|switch|p2a: Hatterene|Hatterene, F|100/100
|move|p1a: Hippowdon|Body Press|p2a: Hatterene
|-resisted|p2a: Hatterene
|-damage|p2a: Hatterene|92/100
|
|-heal|p2a: Hatterene|98/100|[from] item: Leftovers
|upkeep
|turn|16
|
|t:|1760724520
|move|p1a: Hippowdon|Earthquake|p2a: Hatterene
|-damage|p2a: Hatterene|65/100
|move|p2a: Hatterene|Psychic Noise|p1a: Hippowdon
|-damage|p1a: Hippowdon|50/100
|-start|p1a: Hippowdon|move: Heal Block
|
|-heal|p2a: Hatterene|71/100|[from] item: Leftovers
|upkeep
|turn|17
|
|t:|1760724536
|switch|p2a: Heatran|Heatran, F|16/100
|move|p1a: Hippowdon|Earthquake|p2a: Heatran
|-supereffective|p2a: Heatran
|-damage|p2a: Heatran|0 fnt
|faint|p2a: Heatran
|
|-end|p1a: Hippowdon|move: Heal Block
|upkeep
|
|t:|1760724540
|switch|p2a: Meowscarada|Meowscarada, F|38/100
|turn|18
|
|t:|1760724543
|move|p2a: Meowscarada|Flower Trick|p1a: Hippowdon
|-start|p2a: Meowscarada|typechange|Grass|[from] ability: Protean
|-supereffective|p1a: Hippowdon
|-crit|p1a: Hippowdon
|-damage|p1a: Hippowdon|0 fnt
|faint|p1a: Hippowdon
|
|upkeep
|
|t:|1760724547
|switch|p1a: Gurdurr|Gurdurr, M|100/100
|-damage|p1a: Gurdurr|94/100|[from] Stealth Rock
|turn|19
|
|t:|1760724551
|switch|p2a: Tornadus|Tornadus-Therian, M|100/100
|move|p1a: Gurdurr|Knock Off|p2a: Tornadus
|-damage|p2a: Tornadus|65/100
|-enditem|p2a: Tornadus|Assault Vest|[from] move: Knock Off|[of] p1a: Gurdurr
|
|upkeep
|turn|20
|
|t:|1760724555
|move|p2a: Tornadus|Knock Off|p1a: Gurdurr
|-resisted|p1a: Gurdurr
|-damage|p1a: Gurdurr|87/100
|-enditem|p1a: Gurdurr|Eviolite|[from] move: Knock Off|[of] p2a: Tornadus
|move|p1a: Gurdurr|Bulk Up|p1a: Gurdurr
|-boost|p1a: Gurdurr|atk|1
|-boost|p1a: Gurdurr|def|1
|
|upkeep
|turn|21
|
|t:|1760724557
|move|p2a: Tornadus|Bleakwind Storm|p1a: Gurdurr
|-supereffective|p1a: Gurdurr
|-damage|p1a: Gurdurr|0 fnt
|faint|p1a: Gurdurr
|
|upkeep
|
|t:|1760724561
|switch|p1a: Entei|Entei|100/100
|-damage|p1a: Entei|76/100|[from] Stealth Rock
|turn|22
|
|t:|1760724565
|move|p2a: Tornadus|Knock Off|p1a: Entei
|-crit|p1a: Entei
|-damage|p1a: Entei|45/100
|-enditem|p1a: Entei|Mirror Herb|[from] move: Knock Off|[of] p2a: Tornadus
|move|p1a: Entei|Swagger|p2a: Tornadus
|-boost|p2a: Tornadus|atk|2
|-start|p2a: Tornadus|confusion
|
|upkeep
|turn|23
|c|☆luca1996|damn
|
|t:|1760724572
|-activate|p2a: Tornadus|confusion
|move|p2a: Tornadus|Bleakwind Storm|p1a: Entei|[miss]
|-miss|p2a: Tornadus|p1a: Entei
|move|p1a: Entei|Sacred Fire|p2a: Tornadus
|-damage|p2a: Tornadus|14/100
|
|upkeep
|turn|24
|
|t:|1760724575
|move|p1a: Entei|Extreme Speed|p2a: Tornadus
|-damage|p2a: Tornadus|0 fnt
|faint|p2a: Tornadus
|
|upkeep
|
|t:|1760724579
|switch|p2a: Great Tusk|Great Tusk|78/100
|turn|25
|
|t:|1760724582
|move|p1a: Entei|Sacred Fire|p2a: Great Tusk
|-damage|p2a: Great Tusk|48/100
|-status|p2a: Great Tusk|brn
|move|p2a: Great Tusk|Headlong Rush|p1a: Entei
|-supereffective|p1a: Entei
|-damage|p1a: Entei|0 fnt
|-unboost|p2a: Great Tusk|def|1
|-unboost|p2a: Great Tusk|spd|1
|faint|p1a: Entei
|
|win|DiddyDonny
|raw|luca1996's rating: 1313 &rarr; <strong>1295</strong><br />(-18 for losing)
|raw|DiddyDonny's rating: 1341 &rarr; <strong>1359</strong><br />(+18 for winning)
|l|☆luca1996
|player|p1|
|l|☆DiddyDonny
|player|p2|
