|j|☆tete kal
|j|☆Cillian1453
|t:|1760883134
|gametype|singles
|player|p1|tete kal|palmer|1166
|player|p2|Cillian1453|102|1216
|gen|9
|tier|[Gen 9] OU
|rated|
|rule|HP Percentage Mod: HP is shown in percentages
|rule|Endless Battle Clause: Forcing endless battles is banned
|rule|Species Clause: Limit one of each Pokémon
|rule|OHKO Clause: OHKO moves are banned
|rule|Evasion Items Clause: Evasion items are banned
|rule|Evasion Moves Clause: Evasion moves are banned
|rule|Evasion Abilities Clause: Evasion abilities are banned
|rule|Sleep Moves Clause: Sleep-inducing moves are banned
|clearpoke
|poke|p1|Indeedee, M|
|poke|p1|Iron Treads|
|poke|p1|Alomomola, F|
|poke|p1|Deoxys-Speed|
|poke|p1|Kleavor, F|
|poke|p1|Hawlucha, F|
|poke|p2|Hydrapple, M|
|poke|p2|Skarmory, M|
|poke|p2|Tyranitar, F|
|poke|p2|Alomomola, F|
|poke|p2|Clodsire, F|
|poke|p2|Clefable, F|
|teampreview
|inactive|Battle timer is ON: inactive players will automatically lose when time's up. (requested by tete kal)
|
|t:|1760883156
|teamsize|p1|6
|teamsize|p2|6
|start
|switch|p1a: Kleavor|Kleavor, F|100/100
|switch|p2a: Tyranitar|Tyranitar, F|100/100
|-weather|Sandstorm|[from] ability: Sand Stream|[of] p2a: Tyranitar
|turn|1
|inactive|tete kal has 120 seconds left.
|
|t:|1760883189
|switch|p2a: Skarmory|Skarmory, M|100/100
|move|p1a: Kleavor|U-turn|p2a: Skarmory
|-resisted|p2a: Skarmory
|-damage|p2a: Skarmory|94/100
|inactive|tete kal has 120 seconds left.
|
|t:|1760883220
|switch|p1a: Deoxys|Deoxys-Speed|100/100|[from] U-turn
|-ability|p1a: Deoxys|Pressure
|
|-weather|Sandstorm|[upkeep]
|-damage|p1a: Deoxys|94/100|[from] Sandstorm
|upkeep
|turn|2
|
|t:|1760883230
|move|p1a: Deoxys|Thunderbolt|p2a: Skarmory
|-supereffective|p2a: Skarmory
|-damage|p2a: Skarmory|0 fnt
|faint|p2a: Skarmory
|
|-weather|Sandstorm|[upkeep]
|-damage|p1a: Deoxys|88/100|[from] Sandstorm
|upkeep
|
|t:|1760883234
|switch|p2a: Tyranitar|Tyranitar, F|100/100
|turn|3
|
|t:|1760883248
|switch|p1a: Alomomola|Alomomola, F|100/100
|move|p2a: Tyranitar|Knock Off|p1a: Alomomola
|-damage|p1a: Alomomola|73/100
|-damage|p2a: Tyranitar|84/100|[from] item: Rocky Helmet|[of] p1a: Alomomola
|-enditem|p1a: Alomomola|Rocky Helmet|[from] move: Knock Off|[of] p2a: Tyranitar
|
|-weather|Sandstorm|[upkeep]
|-damage|p1a: Alomomola|66/100|[from] Sandstorm
|upkeep
|turn|4
|
|t:|1760883258
|move|p2a: Tyranitar|Stealth Rock|p1a: Alomomola
|-sidestart|p1: tete kal|move: Stealth Rock
|move|p1a: Alomomola|Flip Turn|p2a: Tyranitar
|-supereffective|p2a: Tyranitar
|-damage|p2a: Tyranitar|57/100
|
|t:|1760883268
|switch|p1a: Iron Treads|Iron Treads|100/100|[from] Flip Turn
|
|-weather|Sandstorm|[upkeep]
|upkeep
|turn|5
|
|t:|1760883274
|switch|p2a: Clefable|Clefable, F|100/100
|move|p1a: Iron Treads|Rapid Spin|p2a: Clefable
|-damage|p2a: Clefable|92/100
|-boost|p1a: Iron Treads|spe|1
|-sideend|p1: tete kal|Stealth Rock|[from] move: Rapid Spin|[of] p1a: Iron Treads
|
|-weather|none
|upkeep
|turn|6
|inactive|tete kal has 120 seconds left.
|
|t:|1760883286
|move|p1a: Iron Treads|Volt Switch|p2a: Clefable
|-damage|p2a: Clefable|81/100
|inactive|tete kal has 120 seconds left.
|
|t:|1760883294
|-end|p1a: Iron Treads|Quark Drive|[silent]
|switch|p1a: Indeedee|Indeedee, M|100/100|[from] Volt Switch
|-fieldstart|move: Psychic Terrain|[from] ability: Psychic Surge|[of] p1a: Indeedee
|move|p2a: Clefable|Wish|p2a: Clefable
|
|upkeep
|turn|7
|inactive|tete kal has 120 seconds left.
|
|t:|1760883309
|switch|p1a: Kleavor|Kleavor, F|100/100
|move|p2a: Clefable|Knock Off|p1a: Kleavor
|-damage|p1a: Kleavor|86/100
|-enditem|p1a: Kleavor|Assault Vest|[from] move: Knock Off|[of] p2a: Clefable
|
|-heal|p2a: Clefable|100/100|[from] move: Wish|[wisher] Clefable
|upkeep
|turn|8
|inactive|tete kal has 120 seconds left.
|
|t:|1760883321
|move|p1a: Kleavor|Stone Axe|p2a: Clefable
|-damage|p2a: Clefable|60/100
|-sidestart|p2: Cillian1453|move: Stealth Rock
|move|p2a: Clefable|Moonblast|p1a: Kleavor
|-damage|p1a: Kleavor|45/100
|-unboost|p1a: Kleavor|spa|1
|
|-damage|p1a: Kleavor|32/100|[from] item: Sticky Barb
|upkeep
|turn|9
|inactive|tete kal has 120 seconds left.
|
|t:|1760883332
|move|p1a: Kleavor|U-turn|p2a: Clefable
|-resisted|p2a: Clefable
|-damage|p2a: Clefable|45/100
|
|t:|1760883341
|switch|p1a: Alomomola|Alomomola, F|99/100|[from] U-turn
|move|p2a: Clefable|Wish|p2a: Clefable
|
|upkeep
|turn|10
|
|t:|1760883352
|move|p2a: Clefable|Knock Off|p1a: Alomomola
|-damage|p1a: Alomomola|93/100
|move|p1a: Alomomola|Wish|p1a: Alomomola
|
|-heal|p2a: Clefable|95/100|[from] move: Wish|[wisher] Clefable
|upkeep
|turn|11
|
|t:|1760883357
|move|p2a: Clefable|Moonblast|p1a: Alomomola
|-damage|p1a: Alomomola|65/100
|move|p1a: Alomomola|Flip Turn|p2a: Clefable
|-damage|p2a: Clefable|82/100
|
|t:|1760883360
|switch|p1a: Kleavor|Kleavor, F|32/100|[from] Flip Turn
|
|-heal|p1a: Kleavor|100/100|[from] move: Wish|[wisher] Alomomola
|-damage|p1a: Kleavor|88/100|[from] item: Sticky Barb
|upkeep
|turn|12
|
|t:|1760883367
|move|p2a: Clefable|Protect|p2a: Clefable
|-singleturn|p2a: Clefable|Protect
|move|p1a: Kleavor|U-turn|p2a: Clefable
|-activate|p2a: Clefable|move: Protect
|
|-damage|p1a: Kleavor|75/100|[from] item: Sticky Barb
|upkeep
|turn|13
|
|t:|1760883375
|move|p1a: Kleavor|U-turn|p2a: Clefable
|-resisted|p2a: Clefable
|-damage|p2a: Clefable|66/100
|
|t:|1760883378
|switch|p1a: Alomomola|Alomomola, F|98/100|[from] U-turn
|move|p2a: Clefable|Moonblast|p1a: Alomomola
|-damage|p1a: Alomomola|73/100
|
|-fieldend|move: Psychic Terrain
|upkeep
|turn|14
|
|t:|1760883385
|move|p2a: Clefable|Moonblast|p1a: Alomomola
|-damage|p1a: Alomomola|46/100
|move|p1a: Alomomola|Wish|p1a: Alomomola
|
|upkeep
|turn|15
|
|t:|1760883389
|move|p2a: Clefable|Moonblast|p1a: Alomomola
|-damage|p1a: Alomomola|18/100
|-unboost|p1a: Alomomola|spa|1
|move|p1a: Alomomola|Flip Turn|p2a: Clefable
|-damage|p2a: Clefable|53/100
|
|t:|1760883394
|switch|p1a: Kleavor|Kleavor, F|75/100|[from] Flip Turn
|
|-heal|p1a: Kleavor|100/100|[from] move: Wish|[wisher] Alomomola
|-damage|p1a: Kleavor|88/100|[from] item: Sticky Barb
|upkeep
|turn|16
|
|t:|1760883403
|move|p1a: Kleavor|Stone Axe|p2a: Clefable
|-damage|p2a: Clefable|12/100
|move|p2a: Clefable|Wish|p2a: Clefable
|
|-damage|p1a: Kleavor|75/100|[from] item: Sticky Barb
|upkeep
|turn|17
|
|t:|1760883409
|move|p2a: Clefable|Protect|p2a: Clefable
|-singleturn|p2a: Clefable|Protect
|move|p1a: Kleavor|U-turn|p2a: Clefable
|-activate|p2a: Clefable|move: Protect
|
|-heal|p2a: Clefable|62/100|[from] move: Wish|[wisher] Clefable
|-damage|p1a: Kleavor|63/100|[from] item: Sticky Barb
|upkeep
|turn|18
|
|t:|1760883417
|move|p1a: Kleavor|U-turn|p2a: Clefable
|-resisted|p2a: Clefable
|-damage|p2a: Clefable|46/100
|
|t:|1760883423
|switch|p1a: Alomomola|Alomomola, F|51/100|[from] U-turn
|move|p2a: Clefable|Moonblast|p1a: Alomomola
|-damage|p1a: Alomomola|23/100
|-unboost|p1a: Alomomola|spa|1
|
|upkeep
|turn|19
|
|t:|1760883431
|switch|p1a: Iron Treads|Iron Treads|100/100
|move|p2a: Clefable|Moonblast|p1a: Iron Treads
|-resisted|p1a: Iron Treads
|-damage|p1a: Iron Treads|82/100
|
|upkeep
|turn|20
|
|t:|1760883440
|move|p2a: Clefable|Protect|p2a: Clefable
|-singleturn|p2a: Clefable|Protect
|move|p1a: Iron Treads|Knock Off|p2a: Clefable
|-activate|p2a: Clefable|move: Protect
|
|upkeep
|turn|21
|
|t:|1760883445
|move|p1a: Iron Treads|Volt Switch|p2a: Clefable
|-damage|p2a: Clefable|35/100
|
|t:|1760883450
|-end|p1a: Iron Treads|Quark Drive|[silent]
|switch|p1a: Alomomola|Alomomola, F|56/100|[from] Volt Switch
|move|p2a: Clefable|Wish|p2a: Clefable
|
|upkeep
|turn|22
|
|t:|1760883455
|move|p2a: Clefable|Moonblast|p1a: Alomomola
|-damage|p1a: Alomomola|28/100
|move|p1a: Alomomola|Wish|p1a: Alomomola
|
|-heal|p2a: Clefable|85/100|[from] move: Wish|[wisher] Clefable
|upkeep
|turn|23
|
|t:|1760883461
|move|p1a: Alomomola|Protect|p1a: Alomomola
|-singleturn|p1a: Alomomola|Protect
|move|p2a: Clefable|Moonblast|p1a: Alomomola
|-activate|p1a: Alomomola|move: Protect
|
|-heal|p1a: Alomomola|78/100|[from] move: Wish|[wisher] Alomomola
|upkeep
|turn|24
|
|t:|1760883471
|switch|p2a: Clodsire|Clodsire, F|100/100
|move|p1a: Alomomola|Wish|p1a: Alomomola
|
|upkeep
|turn|25
|
|t:|1760883482
|switch|p1a: Indeedee|Indeedee, M|100/100
|-fieldstart|move: Psychic Terrain|[from] ability: Psychic Surge|[of] p1a: Indeedee
|move|p2a: Clodsire|Earthquake|p1a: Indeedee
|-damage|p1a: Indeedee|42/100
|
|-heal|p1a: Indeedee|100/100|[from] move: Wish|[wisher] Alomomola
|upkeep
|turn|26
|
|t:|1760883493
|switch|p1a: Kleavor|Kleavor, F|63/100
|move|p2a: Clodsire|Amnesia|p2a: Clodsire
|-boost|p2a: Clodsire|spd|2
|
|-damage|p1a: Kleavor|50/100|[from] item: Sticky Barb
|upkeep
|turn|27
|
|t:|1760883498
|move|p1a: Kleavor|U-turn|p2a: Clodsire
|-resisted|p2a: Clodsire
|-damage|p2a: Clodsire|82/100
|
|t:|1760883501
|switch|p1a: Deoxys|Deoxys-Speed|88/100|[from] U-turn
|-ability|p1a: Deoxys|Pressure
|move|p2a: Clodsire|Earthquake|p1a: Deoxys
|-damage|p1a: Deoxys|48/100
|
|upkeep
|turn|28
|
|t:|1760883510
|-terastallize|p1a: Deoxys|Psychic
|move|p1a: Deoxys|Expanding Force|p2a: Clodsire
|-supereffective|p2a: Clodsire
|-damage|p2a: Clodsire|0 fnt
|faint|p2a: Clodsire
|
|upkeep
|
|t:|1760883514
|switch|p2a: Tyranitar|Tyranitar, F|57/100
|-weather|Sandstorm|[from] ability: Sand Stream|[of] p2a: Tyranitar
|turn|29
|
|t:|1760883522
|switch|p1a: Alomomola|Alomomola, F|100/100
|move|p2a: Tyranitar|Knock Off|p1a: Alomomola
|-damage|p1a: Alomomola|81/100
|
|-weather|Sandstorm|[upkeep]
|-damage|p1a: Alomomola|75/100|[from] Sandstorm
|upkeep
|turn|30
|
|t:|1760883527
|move|p1a: Alomomola|Wish|p1a: Alomomola
|move|p2a: Tyranitar|Roar|p1a: Alomomola
|drag|p1a: Deoxys|Deoxys-Speed, tera:Psychic|48/100
|-ability|p1a: Deoxys|Pressure
|
|-weather|Sandstorm|[upkeep]
|-damage|p1a: Deoxys|42/100|[from] Sandstorm
|upkeep
|turn|31
|
|t:|1760883534
|switch|p1a: Alomomola|Alomomola, F|100/100
|move|p2a: Tyranitar|Knock Off|p1a: Alomomola
|-damage|p1a: Alomomola|81/100
|
|-weather|Sandstorm|[upkeep]
|-damage|p1a: Alomomola|75/100|[from] Sandstorm
|-heal|p1a: Alomomola|100/100|[from] move: Wish|[wisher] Alomomola
|upkeep
|turn|32
|
|t:|1760883539
|move|p2a: Tyranitar|Stealth Rock|p1a: Alomomola
|-sidestart|p1: tete kal|move: Stealth Rock
|move|p1a: Alomomola|Wish|p1a: Alomomola
|
|-weather|Sandstorm|[upkeep]
|-damage|p1a: Alomomola|94/100|[from] Sandstorm
|-fieldend|move: Psychic Terrain
|upkeep
|turn|33
|
|t:|1760883544
|move|p1a: Alomomola|Flip Turn|p2a: Tyranitar
|-supereffective|p2a: Tyranitar
|-damage|p2a: Tyranitar|32/100
|
|t:|1760883556
|switch|p1a: Kleavor|Kleavor, F|50/100|[from] Flip Turn
|-damage|p1a: Kleavor|25/100|[from] Stealth Rock
|move|p2a: Tyranitar|Roar|p1a: Kleavor
|drag|p1a: Alomomola|Alomomola, F|100/100
|-damage|p1a: Alomomola|88/100|[from] Stealth Rock
|
|-weather|none
|-heal|p1a: Alomomola|100/100|[from] move: Wish|[wisher] Alomomola
|upkeep
|turn|34
|
|t:|1760883569
|switch|p2a: Alomomola|Alomomola, F, shiny|100/100
|move|p1a: Alomomola|Wish|p1a: Alomomola
|
|upkeep
|turn|35
|
|t:|1760883572
|move|p1a: Alomomola|Flip Turn|p2a: Alomomola
|-resisted|p2a: Alomomola
|-damage|p2a: Alomomola|95/100
|
|t:|1760883580
|switch|p1a: Kleavor|Kleavor, F|25/100|[from] Flip Turn
|-damage|p1a: Kleavor|0 fnt|[from] Stealth Rock
|faint|p1a: Kleavor
|move|p2a: Alomomola|Wish|p2a: Alomomola
|
|upkeep
|
|t:|1760883584
|switch|p1a: Indeedee|Indeedee, M|100/100
|-damage|p1a: Indeedee|88/100|[from] Stealth Rock
|-fieldstart|move: Psychic Terrain|[from] ability: Psychic Surge|[of] p1a: Indeedee
|turn|36
|
|t:|1760883591
|move|p2a: Alomomola|Protect|p2a: Alomomola
|-singleturn|p2a: Alomomola|Protect
|move|p1a: Indeedee|Expanding Force|p2a: Alomomola
|-activate|p2a: Alomomola|move: Protect
|
|-heal|p2a: Alomomola|100/100|[from] move: Wish|[wisher] Alomomola
|upkeep
|turn|37
|
|t:|1760883598
|switch|p1a: Hawlucha|Hawlucha, F|100/100
|-damage|p1a: Hawlucha|88/100|[from] Stealth Rock
|-enditem|p1a: Hawlucha|Psychic Seed
|-boost|p1a: Hawlucha|spd|1|[from] item: Psychic Seed
|move|p2a: Alomomola|Wish|p2a: Alomomola
|
|upkeep
|turn|38
|
|t:|1760883601
|move|p1a: Hawlucha|Swords Dance|p1a: Hawlucha
|-boost|p1a: Hawlucha|atk|2
|move|p2a: Alomomola|Body Slam|p1a: Hawlucha
|-damage|p1a: Hawlucha|67/100
|-status|p1a: Hawlucha|par
|
|upkeep
|turn|39
|
|t:|1760883613
|move|p1a: Hawlucha|Thunder Punch|p2a: Alomomola
|-supereffective|p2a: Alomomola
|-damage|p2a: Alomomola|49/100
|move|p2a: Alomomola|Flip Turn|p1a: Hawlucha
|-damage|p1a: Hawlucha|43/100 par
|
|t:|1760883617
|switch|p2a: Clefable|Clefable, F|85/100|[from] Flip Turn
|
|upkeep
|turn|40
|
|t:|1760883620
|move|p1a: Hawlucha|Acrobatics|p2a: Clefable
|-damage|p2a: Clefable|22/100
|move|p2a: Clefable|Moonblast|p1a: Hawlucha
|-supereffective|p1a: Hawlucha
|-damage|p1a: Hawlucha|0 fnt
|faint|p1a: Hawlucha
|
|upkeep
|
|t:|1760883626
|switch|p1a: Deoxys|Deoxys-Speed, tera:Psychic|42/100
|-damage|p1a: Deoxys|30/100|[from] Stealth Rock
|-ability|p1a: Deoxys|Pressure
|turn|41
|
|t:|1760883631
|move|p1a: Deoxys|Thunderbolt|p2a: Clefable
|-damage|p2a: Clefable|0 fnt
|faint|p2a: Clefable
|
|upkeep
|
|t:|1760883638
|switch|p2a: Tyranitar|Tyranitar, F|32/100
|-weather|Sandstorm|[from] ability: Sand Stream|[of] p2a: Tyranitar
|turn|42
|
|t:|1760883645
|switch|p1a: Alomomola|Alomomola, F|100/100
|-damage|p1a: Alomomola|88/100|[from] Stealth Rock
|move|p2a: Tyranitar|Roar|p1a: Alomomola
|drag|p1a: Deoxys|Deoxys-Speed, tera:Psychic|30/100
|-damage|p1a: Deoxys|17/100|[from] Stealth Rock
|-ability|p1a: Deoxys|Pressure
|
|-weather|Sandstorm|[upkeep]
|-damage|p1a: Deoxys|11/100|[from] Sandstorm
|upkeep
|turn|43
|
|t:|1760883653
|switch|p1a: Alomomola|Alomomola, F|100/100
|-damage|p1a: Alomomola|88/100|[from] Stealth Rock
|move|p2a: Tyranitar|Roar|p1a: Alomomola
|drag|p1a: Indeedee|Indeedee, M|88/100
|-damage|p1a: Indeedee|76/100|[from] Stealth Rock
|
|-weather|Sandstorm|[upkeep]
|-damage|p1a: Indeedee|70/100|[from] Sandstorm
|-fieldend|move: Psychic Terrain
|upkeep
|turn|44
|
|t:|1760883664
|move|p1a: Indeedee|Healing Wish|p1a: Indeedee
|faint|p1a: Indeedee
|move|p2a: Tyranitar|Knock Off|p1: Indeedee|[notarget]
|-fail|p2a: Tyranitar
|
|-weather|Sandstorm|[upkeep]
|upkeep
|
|t:|1760883671
|switch|p1a: Deoxys|Deoxys-Speed, tera:Psychic|11/100
|-heal|p1a: Deoxys|100/100|[from] move: Healing Wish
|-damage|p1a: Deoxys|88/100|[from] Stealth Rock
|-ability|p1a: Deoxys|Pressure
|turn|45
|
|t:|1760883676
|switch|p1a: Alomomola|Alomomola, F|100/100
|-damage|p1a: Alomomola|88/100|[from] Stealth Rock
|move|p2a: Tyranitar|Knock Off|p1a: Alomomola
|-damage|p1a: Alomomola|67/100
|
|-weather|Sandstorm|[upkeep]
|-damage|p1a: Alomomola|61/100|[from] Sandstorm
|upkeep
|turn|46
|
|t:|1760883681
|move|p1a: Alomomola|Wish|p1a: Alomomola
|move|p2a: Tyranitar|Roar|p1a: Alomomola
|drag|p1a: Deoxys|Deoxys-Speed, tera:Psychic|88/100
|-damage|p1a: Deoxys|76/100|[from] Stealth Rock
|-ability|p1a: Deoxys|Pressure
|
|-weather|none
|upkeep
|turn|47
|
|t:|1760883698
|move|p1a: Deoxys|Ice Beam|p2a: Tyranitar
|-damage|p2a: Tyranitar|7/100
|move|p2a: Tyranitar|Knock Off|p1a: Deoxys
|-supereffective|p1a: Deoxys
|-damage|p1a: Deoxys|0 fnt
|-enditem|p1a: Deoxys|Choice Specs|[from] move: Knock Off|[of] p2a: Tyranitar
|faint|p1a: Deoxys
|
|upkeep
|-message|tete kal forfeited.
|
|win|Cillian1453
|raw|tete kal's rating: 1166 &rarr; <strong>1145</strong><br />(-21 for losing)
|raw|Cillian1453's rating: 1216 &rarr; <strong>1237</strong><br />(+21 for winning)
|l|☆tete kal
|player|p1|
