|j|☆raptorelfe
|j|☆vallic
|t:|1760776164
|gametype|singles
|player|p1|raptorelfe|265|1391
|player|p2|vallic|101|1363
|gen|9
|tier|[Gen 9] OU
|rated|
|rule|HP Percentage Mod: HP is shown in percentages
|rule|Endless Battle Clause: Forcing endless battles is banned
|rule|Species Clause: Limit one of each Pokémon
|rule|OHKO Clause: OHKO moves are banned
|rule|Evasion Items Clause: Evasion items are banned
|rule|Evasion Moves Clause: Evasion moves are banned
|rule|Evasion Abilities Clause: Evasion abilities are banned
|rule|Sleep Moves Clause: Sleep-inducing moves are banned
|clearpoke
|poke|p1|Iron Crown|
|poke|p1|Samurott-Hisui, M|
|poke|p1|Zapdos|
|poke|p1|Dragapult, M|
|poke|p1|Great Tusk|
|poke|p1|Iron Boulder|
|poke|p2|Carbink, L1|
|poke|p2|Braviary-Hisui, M|
|poke|p2|Ursaluna, F|
|poke|p2|Kingambit, F|
|poke|p2|Iron Hands|
|poke|p2|Hatterene, F|
|teampreview
|inactive|Battle timer is ON: inactive players will automatically lose when time's up. (requested by vallic)
|
|t:|1760776168
|teamsize|p1|6
|teamsize|p2|6
|start
|switch|p1a: Everytime We Touch|Samurott-Hisui, M|100/100
|switch|p2a: Carbink|Carbink, L1, shiny|100/100
|turn|1
|
|t:|1760776176
|move|p1a: Everytime We Touch|Flip Turn|p2a: Carbink
|-supereffective|p2a: Carbink
|-ability|p2a: Carbink|Sturdy
|-damage|p2a: Carbink|9/100
|
|t:|1760776180
|switch|p1a: Parasite|Dragapult, M|100/100|[from] Flip Turn
|move|p2a: Carbink|Trick Room|p2a: Carbink
|-fieldstart|move: Trick Room|[of] p2a: Carbink
|
|-damage|p2a: Carbink|0 fnt|[from] item: Black Sludge
|faint|p2a: Carbink
|upkeep
|
|t:|1760776184
|switch|p2a: Ursaluna|Ursaluna, F|100/100
|turn|2
|
|t:|1760776194
|move|p2a: Ursaluna|Crunch|p1a: Parasite
|-supereffective|p1a: Parasite
|-damage|p1a: Parasite|18/100
|move|p1a: Parasite|Dragon Darts|p2a: Ursaluna
|-damage|p2a: Ursaluna|73/100
|-anim|p1a: Parasite|Dragon Darts|p2a: Ursaluna
|-damage|p2a: Ursaluna|49/100
|
|-status|p2a: Ursaluna|brn|[from] item: Flame Orb
|upkeep
|turn|3
|
|t:|1760776212
|switch|p1a: Pump It|Great Tusk|100/100
|move|p2a: Ursaluna|Crunch|p1a: Pump It
|-resisted|p1a: Pump It
|-damage|p1a: Pump It|84/100
|
|-damage|p2a: Ursaluna|43/100 brn|[from] brn
|upkeep
|turn|4
|
|t:|1760776220
|move|p2a: Ursaluna|Headlong Rush|p1a: Pump It
|-damage|p1a: Pump It|0 fnt
|-unboost|p2a: Ursaluna|def|1
|-unboost|p2a: Ursaluna|spd|1
|faint|p1a: Pump It
|-end|p1a: Pump It|Protosynthesis|[silent]
|
|-damage|p2a: Ursaluna|37/100 brn|[from] brn
|upkeep
|
|t:|1760776226
|switch|p1a: Hurikan|Zapdos|100/100
|turn|5
|
|t:|1760776231
|move|p2a: Ursaluna|Crunch|p1a: Hurikan
|-damage|p1a: Hurikan|65/100
|move|p1a: Hurikan|Hurricane|p2a: Ursaluna|[miss]
|-miss|p1a: Hurikan|p2a: Ursaluna
|
|-damage|p2a: Ursaluna|31/100 brn|[from] brn
|-fieldend|move: Trick Room
|upkeep
|turn|6
|
|t:|1760776236
|move|p1a: Hurikan|Hurricane|p2a: Ursaluna|[miss]
|-miss|p1a: Hurikan|p2a: Ursaluna
|move|p2a: Ursaluna|Facade|p1a: Hurikan
|-damage|p1a: Hurikan|0 fnt
|faint|p1a: Hurikan
|
|-damage|p2a: Ursaluna|25/100 brn|[from] brn
|upkeep
|
|t:|1760776242
|switch|p1a: Everytime We Touch|Samurott-Hisui, M|100/100
|turn|7
|
|t:|1760776248
|move|p1a: Everytime We Touch|Ceaseless Edge|p2a: Ursaluna|[miss]
|-miss|p1a: Everytime We Touch|p2a: Ursaluna
|move|p2a: Ursaluna|Facade|p1a: Everytime We Touch
|-damage|p1a: Everytime We Touch|0 fnt
|faint|p1a: Everytime We Touch
|
|-damage|p2a: Ursaluna|19/100 brn|[from] brn
|upkeep
|
|t:|1760776253
|switch|p1a: Parasite|Dragapult, M|18/100
|turn|8
|
|t:|1760776257
|move|p1a: Parasite|U-turn|p2a: Ursaluna
|-damage|p2a: Ursaluna|0 fnt
|faint|p2a: Ursaluna
|
|t:|1760776260
|switch|p1a: Mindreader|Iron Crown|100/100|[from] U-turn
|
|upkeep
|
|t:|1760776267
|switch|p2a: Kingambit|Kingambit, F|100/100
|-activate|p2a: Kingambit|ability: Supreme Overlord
|-start|p2a: Kingambit|fallen2|[silent]
|turn|9
|
|t:|1760776296
|move|p2a: Kingambit|Sucker Punch|p1a: Mindreader
|-supereffective|p1a: Mindreader
|-damage|p1a: Mindreader|0 fnt
|faint|p1a: Mindreader
|-end|p1a: Mindreader|Quark Drive|[silent]
|
|upkeep
|
|t:|1760776299
|switch|p1a: Revery|Iron Boulder|100/100
|-enditem|p1a: Revery|Booster Energy
|-activate|p1a: Revery|ability: Quark Drive|[fromitem]
|-start|p1a: Revery|quarkdrivespe
|turn|10
|
|t:|1760776313
|-terastallize|p1a: Revery|Fighting
|move|p2a: Kingambit|Sucker Punch||[still]
|-fail|p2a: Kingambit
|move|p1a: Revery|Swords Dance|p1a: Revery
|-boost|p1a: Revery|atk|2
|
|upkeep
|turn|11
|inactive|raptorelfe has 120 seconds left.
|
|t:|1760776344
|move|p1a: Revery|Close Combat|p2a: Kingambit
|-supereffective|p2a: Kingambit
|-damage|p2a: Kingambit|0 fnt
|-unboost|p1a: Revery|def|1
|-unboost|p1a: Revery|spd|1
|faint|p2a: Kingambit
|-end|p2a: Kingambit|fallen2|[silent]
|
|upkeep
|
|t:|1760776347
|switch|p2a: Hatterene|Hatterene, F|100/100
|turn|12
|
|t:|1760776352
|move|p1a: Revery|Mighty Cleave|p2a: Hatterene
|-enditem|p2a: Hatterene|Focus Sash
|-damage|p2a: Hatterene|1/100
|move|p2a: Hatterene|Trick Room|p2a: Hatterene
|-fieldstart|move: Trick Room|[of] p2a: Hatterene
|
|upkeep
|turn|13
|
|t:|1760776359
|move|p2a: Hatterene|Dazzling Gleam|p1a: Revery
|-supereffective|p1a: Revery
|-damage|p1a: Revery|0 fnt
|faint|p1a: Revery
|-end|p1a: Revery|Quark Drive|[silent]
|
|upkeep
|
|t:|1760776362
|switch|p1a: Parasite|Dragapult, M|18/100
|turn|14
|
|t:|1760776364
|move|p1a: Parasite|Sucker Punch|p2a: Hatterene
|-damage|p2a: Hatterene|0 fnt
|faint|p2a: Hatterene
|
|upkeep
|
|t:|1760776367
|switch|p2a: Iron Hands|Iron Hands|100/100
|-enditem|p2a: Iron Hands|Booster Energy
|-activate|p2a: Iron Hands|ability: Quark Drive|[fromitem]
|-start|p2a: Iron Hands|quarkdriveatk
|turn|15
|
|t:|1760776369
|move|p1a: Parasite|Sucker Punch|p2a: Iron Hands
|-resisted|p2a: Iron Hands
|-damage|p2a: Iron Hands|89/100
|move|p2a: Iron Hands|Ice Punch|p1a: Parasite
|-supereffective|p1a: Parasite
|-damage|p1a: Parasite|0 fnt
|faint|p1a: Parasite
|
|win|vallic
|raw|raptorelfe's rating: 1391 &rarr; <strong>1369</strong><br />(-22 for losing)
|raw|vallic's rating: 1363 &rarr; <strong>1385</strong><br />(+22 for winning)
|l|☆vallic
|player|p2|
|l|☆raptorelfe
|player|p1|
