|j|☆jfkkkkf
|j|☆Bobbymcgill
|t:|1760810421
|gametype|singles
|player|p1|jfkkkkf|169|1414
|player|p2|Bobbymcgill|yellow|1373
|gen|9
|tier|[Gen 9] OU
|rated|
|rule|HP Percentage Mod: HP is shown in percentages
|rule|Endless Battle Clause: Forcing endless battles is banned
|rule|Species Clause: Limit one of each Pokémon
|rule|OHKO Clause: OHKO moves are banned
|rule|Evasion Items Clause: Evasion items are banned
|rule|Evasion Moves Clause: Evasion moves are banned
|rule|Evasion Abilities Clause: Evasion abilities are banned
|rule|Sleep Moves Clause: Sleep-inducing moves are banned
|clearpoke
|poke|p1|Samurott-Hisui, M|
|poke|p1|Great Tusk|
|poke|p1|Sinistcha|
|poke|p1|Chansey, F|
|poke|p1|Hatterene, F|
|poke|p1|Ogerpon-Wellspring, F|
|poke|p2|Pelipper, F|
|poke|p2|Rillaboom, M|
|poke|p2|Barraskewda, F|
|poke|p2|Basculegion, M|
|poke|p2|Iron Treads|
|poke|p2|Thundurus-Therian, M|
|teampreview
|inactive|Battle timer is ON: inactive players will automatically lose when time's up. (requested by Bobbymcgill)
|
|t:|1760810438
|teamsize|p1|6
|teamsize|p2|6
|start
|switch|p1a: Chansey|Chansey, F|100/100
|switch|p2a: Tempestwing|Pelipper, F|100/100
|-weather|RainDance|[from] ability: Drizzle|[of] p2a: Tempestwing
|turn|1
|
|t:|1760810445
|move|p2a: Tempestwing|U-turn|p1a: Chansey
|-damage|p1a: Chansey|95/100
|
|t:|1760810448
|switch|p2a: Gleamforge|Iron Treads|100/100|[from] U-turn
|-enditem|p2a: Gleamforge|Booster Energy
|-activate|p2a: Gleamforge|ability: Quark Drive|[fromitem]
|-start|p2a: Gleamforge|quarkdrivespe
|move|p1a: Chansey|Stealth Rock|p2a: Gleamforge
|-sidestart|p2: Bobbymcgill|move: Stealth Rock
|
|-weather|RainDance|[upkeep]
|upkeep
|turn|2
|
|t:|1760810457
|switch|p1a: Sinistcha|Sinistcha|100/100
|move|p2a: Gleamforge|Knock Off|p1a: Sinistcha
|-supereffective|p1a: Sinistcha
|-damage|p1a: Sinistcha|53/100
|-enditem|p1a: Sinistcha|Leftovers|[from] move: Knock Off|[of] p2a: Gleamforge
|
|-weather|RainDance|[upkeep]
|upkeep
|turn|3
|
|t:|1760810468
|move|p2a: Gleamforge|Stealth Rock|p1a: Sinistcha
|-sidestart|p1: jfkkkkf|move: Stealth Rock
|move|p1a: Sinistcha|Matcha Gotcha|p2a: Gleamforge
|-damage|p2a: Gleamforge|56/100
|-heal|p1a: Sinistcha|73/100|[from] drain|[of] p2a: Gleamforge
|
|-weather|RainDance|[upkeep]
|upkeep
|turn|4
|inactive|Bobbymcgill has 120 seconds left.
|
|t:|1760810506
|-end|p2a: Gleamforge|Quark Drive|[silent]
|switch|p2a: Thornbreaker|Rillaboom, M|100/100
|-fieldstart|move: Grassy Terrain|[from] ability: Grassy Surge|[of] p2a: Thornbreaker
|move|p1a: Sinistcha|Strength Sap|p2a: Thornbreaker
|-unboost|p2a: Thornbreaker|atk|1
|-heal|p1a: Sinistcha|100/100
|
|-weather|RainDance|[upkeep]
|upkeep
|turn|5
|inactive|Bobbymcgill has 120 seconds left.
|
|t:|1760810517
|move|p2a: Thornbreaker|U-turn|p1a: Sinistcha
|-damage|p1a: Sinistcha|88/100
|
|t:|1760810520
|switch|p2a: Abyssveil|Basculegion, M|100/100|[from] U-turn
|-damage|p2a: Abyssveil|88/100|[from] Stealth Rock
|move|p1a: Sinistcha|Strength Sap|p2a: Abyssveil
|-unboost|p2a: Abyssveil|atk|1
|-heal|p1a: Sinistcha|100/100
|
|-weather|RainDance|[upkeep]
|-heal|p2a: Abyssveil|94/100|[from] Grassy Terrain
|upkeep
|turn|6
|
|t:|1760810534
|move|p2a: Abyssveil|Shadow Ball|p1a: Sinistcha
|-supereffective|p1a: Sinistcha
|-damage|p1a: Sinistcha|0 fnt
|faint|p1a: Sinistcha
|
|-weather|RainDance|[upkeep]
|-heal|p2a: Abyssveil|99/100|[from] Grassy Terrain
|upkeep
|
|t:|1760810542
|switch|p1a: Samurott|Samurott-Hisui, M|100/100
|-damage|p1a: Samurott|88/100|[from] Stealth Rock
|turn|7
|inactive|Bobbymcgill has 120 seconds left.
|
|t:|1760810569
|switch|p2a: Thornbreaker|Rillaboom, M|100/100
|move|p1a: Samurott|Ceaseless Edge|p2a: Thornbreaker
|-damage|p2a: Thornbreaker|53/100
|-sidestart|p2: Bobbymcgill|Spikes
|
|-weather|RainDance|[upkeep]
|-heal|p1a: Samurott|94/100|[from] Grassy Terrain
|-heal|p2a: Thornbreaker|59/100|[from] Grassy Terrain
|upkeep
|turn|8
|
|t:|1760810589
|-terastallize|p1a: Samurott|Steel
|move|p1a: Samurott|Flip Turn|p2a: Thornbreaker
|-resisted|p2a: Thornbreaker
|-damage|p2a: Thornbreaker|36/100
|
|t:|1760810601
|switch|p1a: Hatterene|Hatterene, F|100/100|[from] Flip Turn
|-damage|p1a: Hatterene|88/100|[from] Stealth Rock
|move|p2a: Thornbreaker|U-turn|p1a: Hatterene
|-damage|p1a: Hatterene|63/100
|
|t:|1760810604
|switch|p2a: Gleamforge|Iron Treads|56/100|[from] U-turn
|-damage|p2a: Gleamforge|53/100|[from] Stealth Rock
|-damage|p2a: Gleamforge|40/100|[from] Spikes
|
|-weather|none
|-heal|p2a: Gleamforge|46/100|[from] Grassy Terrain
|-heal|p1a: Hatterene|69/100|[from] Grassy Terrain
|-heal|p1a: Hatterene|75/100|[from] item: Leftovers
|-fieldend|move: Grassy Terrain
|upkeep
|turn|9
|
|t:|1760810625
|move|p2a: Gleamforge|Rapid Spin|p1a: Hatterene
|-damage|p1a: Hatterene|56/100
|-boost|p2a: Gleamforge|spe|1
|-sideend|p2: Bobbymcgill|Spikes|[from] move: Rapid Spin|[of] p2a: Gleamforge
|-sideend|p2: Bobbymcgill|Stealth Rock|[from] move: Rapid Spin|[of] p2a: Gleamforge
|move|p1a: Hatterene|Calm Mind|p1a: Hatterene
|-boost|p1a: Hatterene|spa|1
|-boost|p1a: Hatterene|spd|1
|
|-heal|p1a: Hatterene|62/100|[from] item: Leftovers
|upkeep
|turn|10
|
|t:|1760810635
|move|p2a: Gleamforge|Knock Off|p1a: Hatterene
|-damage|p1a: Hatterene|30/100
|-enditem|p1a: Hatterene|Leftovers|[from] move: Knock Off|[of] p2a: Gleamforge
|move|p1a: Hatterene|Draining Kiss|p2a: Gleamforge
|-resisted|p2a: Gleamforge
|-damage|p2a: Gleamforge|17/100
|-heal|p1a: Hatterene|52/100|[from] drain|[of] p2a: Gleamforge
|
|upkeep
|turn|11
|
|t:|1760810646
|move|p2a: Gleamforge|Earthquake|p1a: Hatterene
|-damage|p1a: Hatterene|1/100
|move|p1a: Hatterene|Draining Kiss|p2a: Gleamforge
|-resisted|p2a: Gleamforge
|-damage|p2a: Gleamforge|0 fnt
|-heal|p1a: Hatterene|13/100|[from] drain|[of] p2a: Gleamforge
|faint|p2a: Gleamforge
|-end|p2a: Gleamforge|Quark Drive|[silent]
|
|upkeep
|
|t:|1760810658
|switch|p2a: Tempestwing|Pelipper, F|100/100
|-weather|RainDance|[from] ability: Drizzle|[of] p2a: Tempestwing
|turn|12
|
|t:|1760810664
|move|p2a: Tempestwing|Hurricane|p1a: Hatterene
|-damage|p1a: Hatterene|0 fnt
|faint|p1a: Hatterene
|
|-weather|RainDance|[upkeep]
|upkeep
|
|t:|1760810670
|switch|p1a: Samurott|Samurott-Hisui, M, tera:Steel|94/100
|-damage|p1a: Samurott|88/100|[from] Stealth Rock
|turn|13
|
|t:|1760810677
|move|p1a: Samurott|Ceaseless Edge|p2a: Tempestwing
|-damage|p2a: Tempestwing|57/100
|-sidestart|p2: Bobbymcgill|Spikes
|move|p2a: Tempestwing|U-turn|p1a: Samurott
|-resisted|p1a: Samurott
|-damage|p1a: Samurott|82/100
|
|t:|1760810681
|switch|p2a: Tidepiercer|Barraskewda, F|100/100|[from] U-turn
|-damage|p2a: Tidepiercer|88/100|[from] Spikes
|
|-weather|RainDance|[upkeep]
|upkeep
|turn|14
|
|t:|1760810703
|move|p2a: Tidepiercer|Close Combat|p1a: Samurott
|-supereffective|p1a: Samurott
|-damage|p1a: Samurott|0 fnt
|-unboost|p2a: Tidepiercer|def|1
|-unboost|p2a: Tidepiercer|spd|1
|faint|p1a: Samurott
|
|-weather|RainDance|[upkeep]
|upkeep
|-message|jfkkkkf forfeited.
|
|win|Bobbymcgill
|raw|jfkkkkf's rating: 1414 &rarr; <strong>1392</strong><br />(-22 for losing)
|raw|Bobbymcgill's rating: 1373 &rarr; <strong>1395</strong><br />(+22 for winning)
|l|☆jfkkkkf
|player|p1|
|l|☆Bobbymcgill
|player|p2|
