|j|☆killbot18
|j|☆scrubtest98
|t:|1760830892
|gametype|singles
|player|p1|killbot18|265|1400
|player|p2|scrubtest98|170|1474
|gen|9
|tier|[Gen 9] OU
|rated|
|rule|HP Percentage Mod: HP is shown in percentages
|rule|Endless Battle Clause: Forcing endless battles is banned
|rule|Species Clause: Limit one of each Pokémon
|rule|OHKO Clause: OHKO moves are banned
|rule|Evasion Items Clause: Evasion items are banned
|rule|Evasion Moves Clause: Evasion moves are banned
|rule|Evasion Abilities Clause: Evasion abilities are banned
|rule|Sleep Moves Clause: Sleep-inducing moves are banned
|clearpoke
|poke|p1|Lokix, M|
|poke|p1|Hatterene, F|
|poke|p1|Iron Valiant|
|poke|p1|Iron Crown|
|poke|p1|Corviknight, M|
|poke|p1|Ting-Lu|
|poke|p2|Rillaboom, M|
|poke|p2|Zamazenta-*|
|poke|p2|Heatran, F|
|poke|p2|Ogerpon-Wellspring, F|
|poke|p2|Great Tusk|
|poke|p2|Dragapult, M|
|teampreview
|
|t:|1760830908
|teamsize|p1|6
|teamsize|p2|6
|start
|switch|p1a: Lokix|Lokix, M|100/100
|switch|p2a: Rillaboom|Rillaboom, M|100/100
|-fieldstart|move: Grassy Terrain|[from] ability: Grassy Surge|[of] p2a: Rillaboom
|turn|1
|
|t:|1760830915
|switch|p2a: Heatran|Heatran, F|100/100
|move|p1a: Lokix|U-turn|p2a: Heatran
|-resisted|p2a: Heatran
|-damage|p2a: Heatran|80/100
|
|t:|1760830923
|switch|p1a: Ting-Lu|Ting-Lu|100/100|[from] U-turn
|-ability|p1a: Ting-Lu|Vessel of Ruin
|
|-heal|p2a: Heatran|86/100|[from] Grassy Terrain
|-heal|p2a: Heatran|92/100|[from] item: Leftovers
|upkeep
|turn|2
|
|t:|1760830934
|move|p2a: Heatran|Taunt|p1a: Ting-Lu
|-start|p1a: Ting-Lu|move: Taunt
|cant|p1a: Ting-Lu|move: Taunt|Stealth Rock
|
|-heal|p2a: Heatran|98/100|[from] Grassy Terrain
|-heal|p2a: Heatran|100/100|[from] item: Leftovers
|upkeep
|turn|3
|
|t:|1760830939
|switch|p2a: Ogerpon|Ogerpon-Wellspring, F|100/100
|move|p1a: Ting-Lu|Ruination|p2a: Ogerpon
|-damage|p2a: Ogerpon|50/100
|
|-heal|p2a: Ogerpon|57/100|[from] Grassy Terrain
|upkeep
|turn|4
|
|t:|1760830946
|switch|p1a: Corviknight|Corviknight, M|100/100
|-ability|p1a: Corviknight|Pressure
|move|p2a: Ogerpon|Swords Dance|p2a: Ogerpon
|-boost|p2a: Ogerpon|atk|2
|
|-heal|p2a: Ogerpon|63/100|[from] Grassy Terrain
|upkeep
|turn|5
|
|t:|1760830953
|-terastallize|p1a: Corviknight|Dragon
|move|p2a: Ogerpon|Ivy Cudgel|p1a: Corviknight|[anim] Ivy Cudgel Water
|-resisted|p1a: Corviknight
|-damage|p1a: Corviknight|61/100
|move|p1a: Corviknight|Brave Bird|p2a: Ogerpon
|-supereffective|p2a: Ogerpon
|-damage|p2a: Ogerpon|0 fnt
|faint|p2a: Ogerpon
|-damage|p1a: Corviknight|46/100|[from] Recoil
|
|-heal|p1a: Corviknight|52/100|[from] Grassy Terrain
|-fieldend|move: Grassy Terrain
|upkeep
|
|t:|1760830956
|switch|p2a: Rillaboom|Rillaboom, M|100/100
|-fieldstart|move: Grassy Terrain|[from] ability: Grassy Surge|[of] p2a: Rillaboom
|turn|6
|
|t:|1760830962
|move|p2a: Rillaboom|Knock Off|p1a: Corviknight
|-damage|p1a: Corviknight|20/100
|-damage|p2a: Rillaboom|84/100|[from] item: Rocky Helmet|[of] p1a: Corviknight
|-enditem|p1a: Corviknight|Rocky Helmet|[from] move: Knock Off|[of] p2a: Rillaboom
|move|p1a: Corviknight|Roost|p1a: Corviknight
|-heal|p1a: Corviknight|70/100
|
|-heal|p2a: Rillaboom|90/100|[from] Grassy Terrain
|-heal|p1a: Corviknight|76/100|[from] Grassy Terrain
|upkeep
|turn|7
|l|☆killbot18
|player|p1|
|j|☆killbot18
|player|p1|killbot18|265|
|
|t:|1760831049
|switch|p2a: Heatran|Heatran, F|100/100
|move|p1a: Corviknight|U-turn|p2a: Heatran
|-resisted|p2a: Heatran
|-crit|p2a: Heatran
|-damage|p2a: Heatran|96/100
|
|t:|1760831064
|switch|p1a: Iron Valiant|Iron Valiant|100/100|[from] U-turn
|-enditem|p1a: Iron Valiant|Booster Energy
|-activate|p1a: Iron Valiant|ability: Quark Drive|[fromitem]
|-start|p1a: Iron Valiant|quarkdrivespe
|
|-heal|p2a: Heatran|100/100|[from] Grassy Terrain
|upkeep
|turn|8
|
|t:|1760831077
|-terastallize|p2a: Heatran|Grass
|move|p1a: Iron Valiant|Close Combat|p2a: Heatran
|-crit|p2a: Heatran
|-damage|p2a: Heatran|33/100
|-unboost|p1a: Iron Valiant|def|1
|-unboost|p1a: Iron Valiant|spd|1
|move|p2a: Heatran|Magma Storm|p1a: Iron Valiant
|-damage|p1a: Iron Valiant|0 fnt
|faint|p1a: Iron Valiant
|-end|p1a: Iron Valiant|Quark Drive|[silent]
|
|-heal|p2a: Heatran|40/100|[from] Grassy Terrain
|-heal|p2a: Heatran|46/100|[from] item: Leftovers
|upkeep
|
|t:|1760831093
|switch|p1a: Iron Crown|Iron Crown|100/100
|turn|9
|
|t:|1760831098
|move|p1a: Iron Crown|Tachyon Cutter|p2a: Heatran
|-damage|p2a: Heatran|23/100
|-damage|p2a: Heatran|0 fnt
|faint|p2a: Heatran
|-hitcount|p2: Heatran|2
|
|upkeep
|
|t:|1760831101
|switch|p2a: Great Tusk|Great Tusk|100/100
|-enditem|p2a: Great Tusk|Booster Energy
|-activate|p2a: Great Tusk|ability: Protosynthesis|[fromitem]
|-start|p2a: Great Tusk|protosynthesisatk
|turn|10
|
|t:|1760831106
|move|p1a: Iron Crown|Tachyon Cutter|p2a: Great Tusk
|-crit|p2a: Great Tusk
|-damage|p2a: Great Tusk|15/100
|-damage|p2a: Great Tusk|0 fnt
|faint|p2a: Great Tusk
|-end|p2a: Great Tusk|Protosynthesis|[silent]
|-hitcount|p2: Great Tusk|2
|
|-fieldend|move: Grassy Terrain
|upkeep
|
|t:|1760831110
|switch|p2a: Zamazenta|Zamazenta|100/100
|-ability|p2a: Zamazenta|Dauntless Shield|boost
|-boost|p2a: Zamazenta|def|1
|turn|11
|
|t:|1760831116
|move|p2a: Zamazenta|Crunch|p1a: Iron Crown
|-supereffective|p1a: Iron Crown
|-damage|p1a: Iron Crown|21/100
|-damage|p2a: Zamazenta|91/100|[from] item: Life Orb
|move|p1a: Iron Crown|Tachyon Cutter|p2a: Zamazenta
|-damage|p2a: Zamazenta|56/100
|-damage|p2a: Zamazenta|23/100
|-hitcount|p2a: Zamazenta|2
|
|upkeep
|turn|12
|
|t:|1760831129
|-end|p1a: Iron Crown|Quark Drive|[silent]
|switch|p1a: Corviknight|Corviknight, M, tera:Dragon|76/100
|-ability|p1a: Corviknight|Pressure
|move|p2a: Zamazenta|Crunch|p1a: Corviknight
|-damage|p1a: Corviknight|54/100
|-damage|p2a: Zamazenta|13/100|[from] item: Life Orb
|
|upkeep
|turn|13
|
|t:|1760831136
|move|p2a: Zamazenta|Close Combat|p1a: Corviknight
|-damage|p1a: Corviknight|6/100
|-unboost|p2a: Zamazenta|def|1
|-unboost|p2a: Zamazenta|spd|1
|-damage|p2a: Zamazenta|4/100|[from] item: Life Orb
|move|p1a: Corviknight|Roost|p1a: Corviknight
|-heal|p1a: Corviknight|56/100
|
|upkeep
|turn|14
|
|t:|1760831141
|switch|p2a: Dragapult|Dragapult, M|100/100
|move|p1a: Corviknight|Roost|p1a: Corviknight
|-heal|p1a: Corviknight|100/100
|
|upkeep
|turn|15
|
|t:|1760831145
|switch|p1a: Hatterene|Hatterene, F|100/100
|move|p2a: Dragapult|Shadow Ball|p1a: Hatterene
|-supereffective|p1a: Hatterene
|-damage|p1a: Hatterene|0 fnt
|faint|p1a: Hatterene
|
|upkeep
|
|t:|1760831151
|switch|p1a: Lokix|Lokix, M|100/100
|turn|16
|
|t:|1760831180
|switch|p2a: Rillaboom|Rillaboom, M|90/100
|-fieldstart|move: Grassy Terrain|[from] ability: Grassy Surge|[of] p2a: Rillaboom
|move|p1a: Lokix|Sucker Punch||[still]
|-fail|p1a: Lokix
|
|-heal|p2a: Rillaboom|96/100|[from] Grassy Terrain
|upkeep
|turn|17
|
|t:|1760831187
|switch|p1a: Corviknight|Corviknight, M, tera:Dragon|100/100
|-ability|p1a: Corviknight|Pressure
|move|p2a: Rillaboom|Grassy Glide|p1a: Corviknight
|-resisted|p1a: Corviknight
|-damage|p1a: Corviknight|81/100
|
|-heal|p2a: Rillaboom|100/100|[from] Grassy Terrain
|-heal|p1a: Corviknight|87/100|[from] Grassy Terrain
|upkeep
|turn|18
|
|t:|1760831195
|switch|p2a: Dragapult|Dragapult, M|100/100
|move|p1a: Corviknight|U-turn|p2a: Dragapult
|-resisted|p2a: Dragapult
|-damage|p2a: Dragapult|91/100
|
|t:|1760831206
|switch|p1a: Ting-Lu|Ting-Lu|100/100|[from] U-turn
|-ability|p1a: Ting-Lu|Vessel of Ruin
|
|-heal|p2a: Dragapult|97/100|[from] Grassy Terrain
|upkeep
|turn|19
|
|t:|1760831209
|move|p2a: Dragapult|U-turn|p1a: Ting-Lu
|-supereffective|p1a: Ting-Lu
|-damage|p1a: Ting-Lu|83/100
|
|t:|1760831211
|switch|p2a: Rillaboom|Rillaboom, M|100/100|[from] U-turn
|move|p1a: Ting-Lu|Ruination|p2a: Rillaboom
|-damage|p2a: Rillaboom|50/100
|
|-heal|p2a: Rillaboom|57/100|[from] Grassy Terrain
|-heal|p1a: Ting-Lu|89/100|[from] Grassy Terrain
|-heal|p1a: Ting-Lu|95/100|[from] item: Leftovers
|upkeep
|turn|20
|
|t:|1760831215
|switch|p1a: Lokix|Lokix, M|100/100
|move|p2a: Rillaboom|U-turn|p1a: Lokix
|-supereffective|p1a: Lokix
|-damage|p1a: Lokix|0 fnt
|faint|p1a: Lokix
|
|t:|1760831219
|switch|p2a: Zamazenta|Zamazenta|4/100|[from] U-turn
|
|-heal|p2a: Zamazenta|10/100|[from] Grassy Terrain
|-fieldend|move: Grassy Terrain
|upkeep
|
|t:|1760831224
|switch|p1a: Corviknight|Corviknight, M, tera:Dragon|87/100
|-ability|p1a: Corviknight|Pressure
|turn|21
|
|t:|1760831229
|switch|p2a: Dragapult|Dragapult, M|97/100
|move|p1a: Corviknight|Brave Bird|p2a: Dragapult
|-damage|p2a: Dragapult|47/100
|-damage|p1a: Corviknight|74/100|[from] Recoil
|
|upkeep
|turn|22
|
|t:|1760831237
|switch|p1a: Ting-Lu|Ting-Lu|95/100
|-ability|p1a: Ting-Lu|Vessel of Ruin
|move|p2a: Dragapult|Draco Meteor|p1a: Ting-Lu
|-damage|p1a: Ting-Lu|61/100
|-unboost|p2a: Dragapult|spa|2
|
|-heal|p1a: Ting-Lu|67/100|[from] item: Leftovers
|upkeep
|turn|23
|
|t:|1760831250
|switch|p2a: Rillaboom|Rillaboom, M|57/100
|-fieldstart|move: Grassy Terrain|[from] ability: Grassy Surge|[of] p2a: Rillaboom
|move|p1a: Ting-Lu|Ruination|p2a: Rillaboom
|-damage|p2a: Rillaboom|29/100
|
|-heal|p2a: Rillaboom|35/100|[from] Grassy Terrain
|-heal|p1a: Ting-Lu|73/100|[from] Grassy Terrain
|-heal|p1a: Ting-Lu|80/100|[from] item: Leftovers
|upkeep
|turn|24
|
|t:|1760831254
|switch|p1a: Corviknight|Corviknight, M, tera:Dragon|74/100
|-ability|p1a: Corviknight|Pressure
|move|p2a: Rillaboom|Knock Off|p1a: Corviknight
|-damage|p1a: Corviknight|53/100
|
|-heal|p2a: Rillaboom|41/100|[from] Grassy Terrain
|-heal|p1a: Corviknight|59/100|[from] Grassy Terrain
|upkeep
|turn|25
|
|t:|1760831258
|move|p2a: Rillaboom|Knock Off|p1a: Corviknight
|-damage|p1a: Corviknight|39/100
|move|p1a: Corviknight|Roost|p1a: Corviknight
|-heal|p1a: Corviknight|89/100
|
|-heal|p2a: Rillaboom|47/100|[from] Grassy Terrain
|-heal|p1a: Corviknight|95/100|[from] Grassy Terrain
|upkeep
|turn|26
|
|t:|1760831261
|move|p2a: Rillaboom|Knock Off|p1a: Corviknight
|-damage|p1a: Corviknight|73/100
|move|p1a: Corviknight|Brave Bird|p2a: Rillaboom
|-supereffective|p2a: Rillaboom
|-damage|p2a: Rillaboom|0 fnt
|faint|p2a: Rillaboom
|-damage|p1a: Corviknight|58/100|[from] Recoil
|
|-heal|p1a: Corviknight|64/100|[from] Grassy Terrain
|upkeep
|
|t:|1760831263
|switch|p2a: Dragapult|Dragapult, M|47/100
|turn|27
|
|t:|1760831266
|switch|p1a: Ting-Lu|Ting-Lu|80/100
|-ability|p1a: Ting-Lu|Vessel of Ruin
|move|p2a: Dragapult|U-turn|p1a: Ting-Lu
|-supereffective|p1a: Ting-Lu
|-damage|p1a: Ting-Lu|61/100
|
|t:|1760831268
|switch|p2a: Zamazenta|Zamazenta|10/100|[from] U-turn
|
|-heal|p2a: Zamazenta|16/100|[from] Grassy Terrain
|-heal|p1a: Ting-Lu|67/100|[from] Grassy Terrain
|-heal|p1a: Ting-Lu|73/100|[from] item: Leftovers
|-fieldend|move: Grassy Terrain
|upkeep
|turn|28
|
|t:|1760831273
|switch|p1a: Corviknight|Corviknight, M, tera:Dragon|64/100
|-ability|p1a: Corviknight|Pressure
|move|p2a: Zamazenta|Close Combat|p1a: Corviknight
|-damage|p1a: Corviknight|18/100
|-unboost|p2a: Zamazenta|def|1
|-unboost|p2a: Zamazenta|spd|1
|-damage|p2a: Zamazenta|6/100|[from] item: Life Orb
|
|upkeep
|turn|29
|
|t:|1760831284
|switch|p2a: Dragapult|Dragapult, M|47/100
|move|p1a: Corviknight|Brave Bird|p2a: Dragapult
|-damage|p2a: Dragapult|0 fnt
|faint|p2a: Dragapult
|-damage|p1a: Corviknight|6/100|[from] Recoil
|
|upkeep
|-message|scrubtest98 forfeited.
|
|win|killbot18
|raw|killbot18's rating: 1400 &rarr; <strong>1424</strong><br />(+24 for winning)
|raw|scrubtest98's rating: 1474 &rarr; <strong>1450</strong><br />(-24 for losing)
|l|☆scrubtest98
|player|p2|
