|j|☆dr.freeze931
|j|‽favoredpiano.exe
|t:|1760763901
|gametype|singles
|player|p1|dr.freeze931|266|1394
|player|p2|favoredpiano.exe|shadowtriad|1438
|gen|9
|tier|[Gen 9] OU
|rated|
|rule|HP Percentage Mod: HP is shown in percentages
|rule|Endless Battle Clause: Forcing endless battles is banned
|rule|Species Clause: Limit one of each Pokémon
|rule|OHKO Clause: OHKO moves are banned
|rule|Evasion Items Clause: Evasion items are banned
|rule|Evasion Moves Clause: Evasion moves are banned
|rule|Evasion Abilities Clause: Evasion abilities are banned
|rule|Sleep Moves Clause: Sleep-inducing moves are banned
|clearpoke
|poke|p1|Darkrai|
|poke|p1|Great Tusk|
|poke|p1|Gholdengo|
|poke|p1|Kingambit, F|
|poke|p1|Glimmora, M|
|poke|p1|Dragonite, M|
|poke|p2|Samurott-Hisui, M|
|poke|p2|Great Tusk|
|poke|p2|Volcanion|
|poke|p2|Hydrapple, M|
|poke|p2|Gholdengo|
|poke|p2|Landorus-Therian, M|
|teampreview
|inactive|Battle timer is ON: inactive players will automatically lose when time's up. (requested by dr.freeze931)
|inactive|dr.freeze931 has 120 seconds left.
|
|t:|1760763940
|teamsize|p1|6
|teamsize|p2|6
|start
|switch|p1a: Great Tusk|Great Tusk, shiny|100/100
|switch|p2a: Samurott|Samurott-Hisui, M, shiny|100/100
|-enditem|p1a: Great Tusk|Booster Energy
|-activate|p1a: Great Tusk|ability: Protosynthesis|[fromitem]
|-start|p1a: Great Tusk|protosynthesisspe
|turn|1
|
|t:|1760763966
|switch|p2a: Landorus|Landorus-Therian, M|100/100
|-ability|p2a: Landorus|Intimidate|boost
|-unboost|p1a: Great Tusk|atk|1
|move|p1a: Great Tusk|Bulk Up|p1a: Great Tusk
|-boost|p1a: Great Tusk|atk|1
|-boost|p1a: Great Tusk|def|1
|
|upkeep
|turn|2
|
|t:|1760763980
|move|p2a: Landorus|U-turn|p1a: Great Tusk
|-resisted|p1a: Great Tusk
|-damage|p1a: Great Tusk|95/100
|
|t:|1760763986
|switch|p2a: Volcanion|Volcanion|100/100|[from] U-turn
|move|p1a: Great Tusk|Ice Spinner|p2a: Volcanion
|-resisted|p2a: Volcanion
|-damage|p2a: Volcanion|96/100
|
|upkeep
|turn|3
|
|t:|1760763996
|-terastallize|p2a: Volcanion|Bug
|move|p1a: Great Tusk|Headlong Rush|p2a: Volcanion
|-resisted|p2a: Volcanion
|-damage|p2a: Volcanion|75/100
|-unboost|p1a: Great Tusk|def|1
|-unboost|p1a: Great Tusk|spd|1
|move|p2a: Volcanion|Steam Eruption|p1a: Great Tusk
|-supereffective|p1a: Great Tusk
|-damage|p1a: Great Tusk|0 fnt
|faint|p1a: Great Tusk
|-end|p1a: Great Tusk|Protosynthesis|[silent]
|
|upkeep
|inactive|dr.freeze931 has 120 seconds left.
|
|t:|1760764026
|switch|p1a: Darkrai|Darkrai, shiny|100/100
|turn|4
|
|t:|1760764033
|switch|p2a: Samurott|Samurott-Hisui, M, shiny|100/100
|move|p1a: Darkrai|Dark Pulse|p2a: Samurott
|-resisted|p2a: Samurott
|-crit|p2a: Samurott
|-damage|p2a: Samurott|73/100
|
|upkeep
|turn|5
|
|t:|1760764043
|switch|p1a: Glimmora|Glimmora, M, shiny|100/100
|move|p2a: Samurott|Razor Shell|p1a: Glimmora
|-supereffective|p1a: Glimmora
|-damage|p1a: Glimmora|0 fnt
|-activate|p1a: Glimmora|ability: Toxic Debris
|-sidestart|p2: favoredpiano.exe|move: Toxic Spikes
|faint|p1a: Glimmora
|
|upkeep
|
|t:|1760764056
|switch|p1a: Kingambit|Kingambit, F|100/100
|-activate|p1a: Kingambit|ability: Supreme Overlord
|-start|p1a: Kingambit|fallen2|[silent]
|turn|6
|
|t:|1760764062
|switch|p2a: Volcanion|Volcanion, tera:Bug|75/100
|move|p1a: Kingambit|Kowtow Cleave|p2a: Volcanion
|-crit|p2a: Volcanion
|-damage|p2a: Volcanion|5/100
|
|upkeep
|turn|7
|
|t:|1760764069
|move|p1a: Kingambit|Sucker Punch||[still]
|-fail|p1a: Kingambit
|move|p2a: Volcanion|Will-O-Wisp|p1a: Kingambit|[miss]
|-miss|p2a: Volcanion|p1a: Kingambit
|
|upkeep
|turn|8
|
|t:|1760764074
|move|p2a: Volcanion|Will-O-Wisp|p1a: Kingambit
|-status|p1a: Kingambit|brn
|move|p1a: Kingambit|Kowtow Cleave|p2a: Volcanion
|-damage|p2a: Volcanion|0 fnt
|faint|p2a: Volcanion
|
|-damage|p1a: Kingambit|94/100 brn|[from] brn
|upkeep
|
|t:|1760764081
|switch|p2a: Great Tusk|Great Tusk|100/100
|turn|9
|
|t:|1760764103
|move|p2a: Great Tusk|Headlong Rush|p1a: Kingambit
|-supereffective|p1a: Kingambit
|-damage|p1a: Kingambit|9/100 brn
|-unboost|p2a: Great Tusk|def|1
|-unboost|p2a: Great Tusk|spd|1
|move|p1a: Kingambit|Kowtow Cleave|p2a: Great Tusk
|-resisted|p2a: Great Tusk
|-damage|p2a: Great Tusk|84/100
|
|-heal|p1a: Kingambit|15/100 brn|[from] item: Leftovers
|-damage|p1a: Kingambit|9/100 brn|[from] brn
|upkeep
|turn|10
|
|t:|1760764116
|move|p1a: Kingambit|Sucker Punch|p2a: Great Tusk
|-resisted|p2a: Great Tusk
|-damage|p2a: Great Tusk|71/100
|move|p2a: Great Tusk|Rapid Spin|p1a: Kingambit
|-resisted|p1a: Kingambit
|-damage|p1a: Kingambit|2/100 brn
|-boost|p2a: Great Tusk|spe|1
|-sideend|p2: favoredpiano.exe|Toxic Spikes|[from] move: Rapid Spin|[of] p2a: Great Tusk
|
|-heal|p1a: Kingambit|8/100 brn|[from] item: Leftovers
|-damage|p1a: Kingambit|2/100 brn|[from] brn
|upkeep
|turn|11
|
|t:|1760764132
|move|p1a: Kingambit|Sucker Punch||[still]
|-fail|p1a: Kingambit
|move|p2a: Great Tusk|Stealth Rock|p1a: Kingambit
|-sidestart|p1: dr.freeze931|move: Stealth Rock
|
|-heal|p1a: Kingambit|8/100 brn|[from] item: Leftovers
|-damage|p1a: Kingambit|2/100 brn|[from] brn
|upkeep
|turn|12
|
|t:|1760764143
|move|p2a: Great Tusk|Rapid Spin|p1a: Kingambit
|-resisted|p1a: Kingambit
|-damage|p1a: Kingambit|0 fnt
|-boost|p2a: Great Tusk|spe|1
|faint|p1a: Kingambit
|-end|p1a: Kingambit|fallen2|[silent]
|
|upkeep
|
|t:|1760764159
|switch|p1a: Darkrai|Darkrai, shiny|100/100
|-damage|p1a: Darkrai|88/100|[from] Stealth Rock
|turn|13
|
|t:|1760764163
|move|p2a: Great Tusk|Headlong Rush|p1a: Darkrai
|-crit|p1a: Darkrai
|-damage|p1a: Darkrai|0 fnt
|-unboost|p2a: Great Tusk|def|1
|-unboost|p2a: Great Tusk|spd|1
|faint|p1a: Darkrai
|
|upkeep
|-message|dr.freeze931 forfeited.
|
|win|favoredpiano.exe
|raw|dr.freeze931's rating: 1394 &rarr; <strong>1377</strong><br />(-17 for losing)
|raw|favoredpiano.exe's rating: 1438 &rarr; <strong>1455</strong><br />(+17 for winning)
|l|☆dr.freeze931
|player|p1|
|l|‽favoredpiano.exe
|player|p2|
