|j|☆IceTemples
|j|☆boom moon
|t:|1760820416
|gametype|singles
|player|p1|IceTemples|pokekid|1401
|player|p2|boom moon|101|1330
|gen|9
|tier|[Gen 9] OU
|rated|
|rule|HP Percentage Mod: HP is shown in percentages
|rule|Endless Battle Clause: Forcing endless battles is banned
|rule|Species Clause: Limit one of each Pokémon
|rule|OHKO Clause: OHKO moves are banned
|rule|Evasion Items Clause: Evasion items are banned
|rule|Evasion Moves Clause: Evasion moves are banned
|rule|Evasion Abilities Clause: Evasion abilities are banned
|rule|Sleep Moves Clause: Sleep-inducing moves are banned
|clearpoke
|poke|p1|Zapdos|
|poke|p1|Slowking-Galar, F|
|poke|p1|Jirachi|
|poke|p1|Landorus-Therian, M|
|poke|p1|Alomomola, F|
|poke|p1|Kingambit, M|
|poke|p2|Breloom, F|
|poke|p2|Maushold|
|poke|p2|Azumarill, F|
|poke|p2|Greninja-*, M|
|poke|p2|Muk-Alola, F|
|poke|p2|Minior|
|teampreview
|inactive|Battle timer is ON: inactive players will automatically lose when time's up. (requested by boom moon)
|
|t:|1760820429
|teamsize|p1|6
|teamsize|p2|6
|start
|switch|p1a: Glormbus|Landorus-Therian, M|100/100
|switch|p2a: Minior|Minior|100/100
|-ability|p1a: Glormbus|Intimidate|boost
|-unboost|p2a: Minior|atk|1
|-formechange|p2a: Minior|Minior-Meteor||[from] ability: Shields Down
|turn|1
|
|t:|1760820433
|move|p1a: Glormbus|Fling|p2a: Minior
|-damage|p2a: Minior|88/100
|-enditem|p1a: Glormbus|Light Ball|[from] move: Fling
|move|p2a: Minior|Shell Smash|p2a: Minior
|-unboost|p2a: Minior|def|1
|-unboost|p2a: Minior|spd|1
|-boost|p2a: Minior|atk|2
|-boost|p2a: Minior|spa|2
|-boost|p2a: Minior|spe|2
|
|upkeep
|turn|2
|
|t:|1760820442
|move|p2a: Minior|Power Gem|p1a: Glormbus
|-damage|p1a: Glormbus|39/100
|move|p1a: Glormbus|U-turn|p2a: Minior
|-resisted|p2a: Minior
|-damage|p2a: Minior|68/100
|
|t:|1760820452
|switch|p1a: Wingwambit|Kingambit, M|100/100|[from] U-turn
|
|upkeep
|turn|3
|
|t:|1760820458
|move|p2a: Minior|Power Gem|p1a: Wingwambit
|-resisted|p1a: Wingwambit
|-damage|p1a: Wingwambit|66/100
|move|p1a: Wingwambit|Iron Head|p2a: Minior
|-supereffective|p2a: Minior
|-damage|p2a: Minior|0 fnt
|faint|p2a: Minior
|
|-heal|p1a: Wingwambit|72/100|[from] item: Leftovers
|upkeep
|
|t:|1760820463
|switch|p2a: Breloom|Breloom, F|100/100
|turn|4
|
|t:|1760820469
|-end|p1a: Wingwambit|fallenundefined|[silent]
|switch|p1a: The King|Slowking-Galar, F|100/100
|move|p2a: Breloom|Swords Dance|p2a: Breloom
|-boost|p2a: Breloom|atk|2
|
|upkeep
|turn|5
|
|t:|1760820478
|switch|p1a: Sanders|Zapdos|100/100
|move|p2a: Breloom|Bullet Seed|p1a: Sanders
|-resisted|p1a: Sanders
|-damage|p1a: Sanders|84/100
|-resisted|p1a: Sanders
|-damage|p1a: Sanders|70/100
|-resisted|p1a: Sanders
|-damage|p1a: Sanders|56/100
|-resisted|p1a: Sanders
|-damage|p1a: Sanders|41/100
|-hitcount|p1a: Sanders|4
|
|upkeep
|turn|6
|
|t:|1760820492
|switch|p1a: Glormbus|Landorus-Therian, M|39/100
|-ability|p1a: Glormbus|Intimidate|boost
|-unboost|p2a: Breloom|atk|1
|move|p2a: Breloom|Mach Punch|p1a: Glormbus
|-resisted|p1a: Glormbus
|-damage|p1a: Glormbus|14/100
|
|upkeep
|turn|7
|
|t:|1760820499
|move|p1a: Glormbus|Stealth Rock|p2a: Breloom
|-sidestart|p2: boom moon|move: Stealth Rock
|move|p2a: Breloom|Swords Dance|p2a: Breloom
|-boost|p2a: Breloom|atk|2
|
|upkeep
|turn|8
|
|t:|1760820506
|move|p2a: Breloom|Mach Punch|p1a: Glormbus
|-resisted|p1a: Glormbus
|-damage|p1a: Glormbus|0 fnt
|faint|p1a: Glormbus
|
|upkeep
|
|t:|1760820508
|switch|p1a: Lebron|Jirachi|100/100
|turn|9
|
|t:|1760820516
|-terastallize|p2a: Breloom|Electric
|move|p2a: Breloom|Mach Punch|p1a: Lebron
|-damage|p1a: Lebron|30/100
|move|p1a: Lebron|Iron Head|p2a: Breloom
|-resisted|p2a: Breloom
|-damage|p2a: Breloom|80/100
|
|-heal|p1a: Lebron|36/100|[from] item: Leftovers
|upkeep
|turn|10
|-message|IceTemples forfeited.
|
|win|boom moon
|raw|IceTemples's rating: 1401 &rarr; <strong>1377</strong><br />(-24 for losing)
|raw|boom moon's rating: 1330 &rarr; <strong>1354</strong><br />(+24 for winning)
|l|☆IceTemples
|player|p1|
|l|☆boom moon
|player|p2|
