|j|☆n0ah__123__
|j|☆MonsterZogg
|t:|1760884383
|gametype|singles
|player|p1|n0ah__123__|boarder|1267
|player|p2|MonsterZogg|266|1324
|gen|9
|tier|[Gen 9] OU
|rated|
|rule|HP Percentage Mod: HP is shown in percentages
|rule|Endless Battle Clause: Forcing endless battles is banned
|rule|Species Clause: Limit one of each Pokémon
|rule|OHKO Clause: OHKO moves are banned
|rule|Evasion Items Clause: Evasion items are banned
|rule|Evasion Moves Clause: Evasion moves are banned
|rule|Evasion Abilities Clause: Evasion abilities are banned
|rule|Sleep Moves Clause: Sleep-inducing moves are banned
|clearpoke
|poke|p1|Mienshao, F|
|poke|p1|Iron Valiant|
|poke|p1|Gliscor, F|
|poke|p1|Corviknight, M|
|poke|p1|Alomomola, M|
|poke|p1|Pecharunt|
|poke|p2|Haxorus, F|
|poke|p2|Salamence, F|
|poke|p2|Goodra, F|
|poke|p2|Garchomp, F|
|poke|p2|Dragonite, M|
|poke|p2|Cyclizar, M|
|teampreview
|
|t:|1760884398
|teamsize|p1|6
|teamsize|p2|6
|start
|switch|p1a: Mienshao|Mienshao, F|100/100
|switch|p2a: Salvo|Goodra, F|100/100
|turn|1
|
|t:|1760884405
|move|p1a: Mienshao|U-turn|p2a: Salvo
|-damage|p2a: Salvo|51/100
|-ability|p2a: Salvo|Gooey
|-unboost|p1a: Mienshao|spe|1
|-damage|p1a: Mienshao|91/100|[from] item: Life Orb
|
|t:|1760884407
|switch|p1a: Corviknight|Corviknight, M|100/100|[from] U-turn
|-ability|p1a: Corviknight|Pressure
|move|p2a: Salvo|Sludge Bomb|p1a: Corviknight
|-immune|p1a: Corviknight
|
|upkeep
|turn|2
|
|t:|1760884426
|move|p2a: Salvo|Flamethrower|p1a: Corviknight
|-supereffective|p1a: Corviknight
|-damage|p1a: Corviknight|39/100
|move|p1a: Corviknight|U-turn|p2a: Salvo
|-damage|p2a: Salvo|30/100
|-ability|p2a: Salvo|Gooey
|-unboost|p1a: Corviknight|spe|1
|
|t:|1760884433
|switch|p1a: Iron Valiant|Iron Valiant|100/100|[from] U-turn
|
|upkeep
|turn|3
|l|☆MonsterZogg
|player|p2|
|j|☆MonsterZogg
|player|p2|MonsterZogg|pokemonrangerf|
|
|t:|1760884444
|move|p1a: Iron Valiant|Moonblast|p2a: Salvo
|-supereffective|p2a: Salvo
|-damage|p2a: Salvo|0 fnt
|faint|p2a: Salvo
|
|upkeep
|
|t:|1760884455
|switch|p2a: Liberator|Cyclizar, M|100/100
|turn|4
|
|t:|1760884461
|-end|p1a: Iron Valiant|Quark Drive|[silent]
|switch|p1a: Corviknight|Corviknight, M|39/100
|-ability|p1a: Corviknight|Pressure
|move|p2a: Liberator|Endeavor|p1a: Corviknight
|-immune|p1a: Corviknight
|
|upkeep
|turn|5
|
|t:|1760884466
|move|p2a: Liberator|Knock Off|p1a: Corviknight
|-damage|p1a: Corviknight|22/100
|-damage|p2a: Liberator|84/100|[from] item: Rocky Helmet|[of] p1a: Corviknight
|-enditem|p1a: Corviknight|Rocky Helmet|[from] move: Knock Off|[of] p2a: Liberator
|move|p1a: Corviknight|Roost|p1a: Corviknight
|-heal|p1a: Corviknight|72/100
|-singleturn|p1a: Corviknight|move: Roost
|
|upkeep
|turn|6
|
|t:|1760884470
|move|p2a: Liberator|U-turn|p1a: Corviknight
|-resisted|p1a: Corviknight
|-damage|p1a: Corviknight|69/100
|
|t:|1760884474
|switch|p2a: Gustav|Dragonite, M|100/100|[from] U-turn
|move|p1a: Corviknight|Body Press|p2a: Gustav
|-resisted|p2a: Gustav
|-damage|p2a: Gustav|93/100
|
|upkeep
|turn|7
|
|t:|1760884477
|move|p2a: Gustav|Flamethrower|p1a: Corviknight
|-supereffective|p1a: Corviknight
|-damage|p1a: Corviknight|15/100
|move|p1a: Corviknight|U-turn|p2a: Gustav
|-resisted|p2a: Gustav
|-damage|p2a: Gustav|85/100
|
|t:|1760884484
|switch|p1a: Mienshao|Mienshao, F|100/100|[from] U-turn
|
|upkeep
|turn|8
|
|t:|1760884487
|move|p1a: Mienshao|Ice Spinner|p2a: Gustav
|-supereffective|p2a: Gustav
|-damage|p2a: Gustav|0 fnt
|faint|p2a: Gustav
|-damage|p1a: Mienshao|91/100|[from] item: Life Orb
|
|upkeep
|
|t:|1760884495
|switch|p2a: Liberator|Cyclizar, M|100/100
|turn|9
|
|t:|1760884500
|move|p2a: Liberator|Rapid Spin|p1a: Mienshao
|-damage|p1a: Mienshao|50/100
|-boost|p2a: Liberator|spe|1
|move|p1a: Mienshao|Ice Spinner|p2a: Liberator
|-supereffective|p2a: Liberator
|-enditem|p2a: Liberator|Focus Sash
|-damage|p2a: Liberator|1/100
|-damage|p1a: Mienshao|40/100|[from] item: Life Orb
|
|upkeep
|turn|10
|
|t:|1760884511
|switch|p1a: Corviknight|Corviknight, M|15/100
|-ability|p1a: Corviknight|Pressure
|move|p2a: Liberator|Rapid Spin|p1a: Corviknight
|-resisted|p1a: Corviknight
|-damage|p1a: Corviknight|7/100
|-boost|p2a: Liberator|spe|1
|
|upkeep
|turn|11
|
|t:|1760884520
|move|p2a: Liberator|Rapid Spin|p1a: Corviknight
|-resisted|p1a: Corviknight
|-damage|p1a: Corviknight|0 fnt
|-boost|p2a: Liberator|spe|1
|faint|p1a: Corviknight
|
|upkeep
|
|t:|1760884524
|switch|p1a: Pecharunt|Pecharunt|100/100
|turn|12
|
|t:|1760884530
|move|p2a: Liberator|U-turn|p1a: Pecharunt
|-resisted|p1a: Pecharunt
|-damage|p1a: Pecharunt|98/100
|
|t:|1760884543
|switch|p2a: Doomsday|Salamence, F|100/100|[from] U-turn
|move|p1a: Pecharunt|Malignant Chain|p2a: Doomsday
|-damage|p2a: Doomsday|59/100
|
|upkeep
|turn|13
|
|t:|1760884547
|move|p2a: Doomsday|Earthquake|p1a: Pecharunt
|-supereffective|p1a: Pecharunt
|-damage|p1a: Pecharunt|67/100
|move|p1a: Pecharunt|Parting Shot|p2a: Doomsday
|-unboost|p2a: Doomsday|atk|1
|-unboost|p2a: Doomsday|spa|1
|
|t:|1760884553
|switch|p1a: Iron Valiant|Iron Valiant|100/100|[from] Parting Shot
|
|upkeep
|turn|14
|
|t:|1760884563
|move|p1a: Iron Valiant|Moonblast|p2a: Doomsday
|-supereffective|p2a: Doomsday
|-damage|p2a: Doomsday|0 fnt
|faint|p2a: Doomsday
|
|upkeep
|
|t:|1760884567
|switch|p2a: Warhead|Haxorus, F, shiny|100/100
|-ability|p2a: Warhead|Mold Breaker
|turn|15
|
|t:|1760884571
|move|p1a: Iron Valiant|Moonblast|p2a: Warhead
|-supereffective|p2a: Warhead
|-enditem|p2a: Warhead|Focus Sash
|-damage|p2a: Warhead|1/100
|move|p2a: Warhead|Poison Jab|p1a: Iron Valiant
|-supereffective|p1a: Iron Valiant
|-damage|p1a: Iron Valiant|17/100
|-status|p1a: Iron Valiant|psn
|
|-damage|p1a: Iron Valiant|4/100 psn|[from] psn
|upkeep
|turn|16
|
|t:|1760884576
|move|p1a: Iron Valiant|Moonblast|p2a: Warhead
|-supereffective|p2a: Warhead
|-damage|p2a: Warhead|0 fnt
|faint|p2a: Warhead
|
|-damage|p1a: Iron Valiant|0 fnt|[from] psn
|faint|p1a: Iron Valiant
|-end|p1a: Iron Valiant|Quark Drive|[silent]
|upkeep
|
|t:|1760884582
|switch|p1a: Gliscor|Gliscor, F|100/100
|switch|p2a: Liberator|Cyclizar, M|34/100
|turn|17
|
|t:|1760884585
|move|p2a: Liberator|Knock Off|p1a: Gliscor
|-damage|p1a: Gliscor|77/100
|-enditem|p1a: Gliscor|Toxic Orb|[from] move: Knock Off|[of] p2a: Liberator
|move|p1a: Gliscor|Stealth Rock|p2a: Liberator
|-sidestart|p2: MonsterZogg|move: Stealth Rock
|
|upkeep
|turn|18
|
|t:|1760884589
|move|p2a: Liberator|Rapid Spin|p1a: Gliscor
|-damage|p1a: Gliscor|60/100
|-boost|p2a: Liberator|spe|1
|-sideend|p2: MonsterZogg|Stealth Rock|[from] move: Rapid Spin|[of] p2a: Liberator
|move|p1a: Gliscor|U-turn|p2a: Liberator
|-damage|p2a: Liberator|5/100
|
|t:|1760884594
|switch|p1a: Alomomola|Alomomola, M|100/100|[from] U-turn
|
|upkeep
|turn|19
|
|t:|1760884598
|move|p2a: Liberator|Endeavor|p1a: Alomomola
|-damage|p1a: Alomomola|3/100
|move|p1a: Alomomola|Flip Turn|p2a: Liberator
|-resisted|p2a: Liberator
|-damage|p2a: Liberator|0 fnt
|faint|p2a: Liberator
|
|t:|1760884602
|switch|p1a: Mienshao|Mienshao, F|73/100|[from] Flip Turn
|
|upkeep
|
|t:|1760884606
|switch|p2a: Lockhead|Garchomp, F|100/100
|turn|20
|
|t:|1760884609
|move|p2a: Lockhead|Outrage|p1a: Mienshao
|-damage|p1a: Mienshao|0 fnt
|faint|p1a: Mienshao
|
|upkeep
|
|t:|1760884612
|switch|p1a: Pecharunt|Pecharunt|67/100
|turn|21
|
|t:|1760884618
|move|p2a: Lockhead|Outrage|p1a: Pecharunt|[from] lockedmove
|-damage|p1a: Pecharunt|37/100
|-start|p2a: Lockhead|confusion|[fatigue]
|move|p1a: Pecharunt|Recover|p1a: Pecharunt
|-heal|p1a: Pecharunt|87/100
|
|upkeep
|turn|22
|
|t:|1760884621
|-terastallize|p2a: Lockhead|Steel
|-activate|p2a: Lockhead|confusion
|move|p2a: Lockhead|Outrage|p1a: Pecharunt
|-damage|p1a: Pecharunt|57/100
|move|p1a: Pecharunt|Malignant Chain|p2a: Lockhead
|-immune|p2a: Lockhead
|
|upkeep
|turn|23
|
|t:|1760884624
|-activate|p2a: Lockhead|confusion
|move|p2a: Lockhead|Outrage|p1a: Pecharunt|[from] lockedmove
|-damage|p1a: Pecharunt|27/100
|move|p1a: Pecharunt|Shadow Ball|p2a: Lockhead
|-damage|p2a: Lockhead|72/100
|
|upkeep
|turn|24
|
|t:|1760884630
|-activate|p2a: Lockhead|confusion
|-damage|p2a: Lockhead|57/100|[from] confusion
|move|p1a: Pecharunt|Recover|p1a: Pecharunt
|-heal|p1a: Pecharunt|77/100
|
|upkeep
|turn|25
|
|t:|1760884632
|-activate|p2a: Lockhead|confusion
|move|p2a: Lockhead|Outrage|p1a: Pecharunt
|-damage|p1a: Pecharunt|49/100
|move|p1a: Pecharunt|Shadow Ball|p2a: Lockhead
|-damage|p2a: Lockhead|31/100
|
|upkeep
|turn|26
|
|t:|1760884634
|-end|p2a: Lockhead|confusion
|move|p2a: Lockhead|Outrage|p1a: Pecharunt|[from] lockedmove
|-damage|p1a: Pecharunt|22/100
|move|p1a: Pecharunt|Recover|p1a: Pecharunt
|-heal|p1a: Pecharunt|72/100
|
|upkeep
|turn|27
|
|t:|1760884637
|move|p2a: Lockhead|Outrage|p1a: Pecharunt|[from] lockedmove
|-damage|p1a: Pecharunt|40/100
|-start|p2a: Lockhead|confusion|[fatigue]
|move|p1a: Pecharunt|Shadow Ball|p2a: Lockhead
|-damage|p2a: Lockhead|5/100
|
|upkeep
|turn|28
|
|t:|1760884641
|-activate|p2a: Lockhead|confusion
|-damage|p2a: Lockhead|0 fnt|[from] confusion
|faint|p2a: Lockhead
|
|win|n0ah__123__
|raw|n0ah__123__'s rating: 1267 &rarr; <strong>1296</strong><br />(+29 for winning)
|raw|MonsterZogg's rating: 1324 &rarr; <strong>1301</strong><br />(-23 for losing)
|l|☆n0ah__123__
|player|p1|
|c|☆MonsterZogg|ggs
|l|☆MonsterZogg
|player|p2|
