|j|☆AlmostNamedOne
|j|☆yaxrel
|t:|1760847723
|gametype|singles
|player|p1|AlmostNamedOne|169|1274
|player|p2|yaxrel|101|1246
|gen|9
|tier|[Gen 9] OU
|rated|
|rule|HP Percentage Mod: HP is shown in percentages
|rule|Endless Battle Clause: Forcing endless battles is banned
|rule|Species Clause: Limit one of each Pokémon
|rule|OHKO Clause: OHKO moves are banned
|rule|Evasion Items Clause: Evasion items are banned
|rule|Evasion Moves Clause: Evasion moves are banned
|rule|Evasion Abilities Clause: Evasion abilities are banned
|rule|Sleep Moves Clause: Sleep-inducing moves are banned
|clearpoke
|poke|p1|Dragonite, M|
|poke|p1|Ting-Lu|
|poke|p1|Ogerpon-Wellspring, F|
|poke|p1|Gholdengo|
|poke|p1|Iron Valiant|
|poke|p1|Samurott-Hisui, F|
|poke|p2|Maushold-Four|
|poke|p2|Tinkaton, F|
|poke|p2|Garganacl, M|
|poke|p2|Landorus-Therian, M|
|poke|p2|Walking Wake|
|poke|p2|Pecharunt|
|teampreview
|inactive|Battle timer is ON: inactive players will automatically lose when time's up. (requested by yaxrel)
|
|t:|1760847764
|teamsize|p1|6
|teamsize|p2|6
|start
|switch|p1a: Ogerpon|Ogerpon-Wellspring, F|100/100
|switch|p2a: Garganacl|Garganacl, M|100/100
|turn|1
|
|t:|1760847789
|move|p1a: Ogerpon|Swords Dance|p1a: Ogerpon
|-boost|p1a: Ogerpon|atk|2
|move|p2a: Garganacl|Salt Cure|p1a: Ogerpon
|-damage|p1a: Ogerpon|82/100
|-start|p1a: Ogerpon|Salt Cure
|
|-damage|p1a: Ogerpon|57/100|[from] Salt Cure
|upkeep
|turn|2
|inactive|yaxrel has 120 seconds left.
|
|t:|1760847817
|switch|p2a: Landorus|Landorus-Therian, M|100/100
|-ability|p2a: Landorus|Intimidate|boost
|-unboost|p1a: Ogerpon|atk|1
|move|p1a: Ogerpon|Ivy Cudgel|p2a: Landorus|[anim] Ivy Cudgel Water
|-supereffective|p2a: Landorus
|-crit|p2a: Landorus
|-damage|p2a: Landorus|0 fnt
|faint|p2a: Landorus
|
|-damage|p1a: Ogerpon|32/100|[from] Salt Cure
|upkeep
|
|t:|1760847826
|switch|p2a: Pecharunt|Pecharunt|100/100
|turn|3
|
|t:|1760847833
|move|p1a: Ogerpon|Knock Off|p2a: Pecharunt
|-supereffective|p2a: Pecharunt
|-damage|p2a: Pecharunt|34/100
|-enditem|p2a: Pecharunt|Black Sludge|[from] move: Knock Off|[of] p1a: Ogerpon
|move|p2a: Pecharunt|Malignant Chain|p1a: Ogerpon
|-supereffective|p1a: Ogerpon
|-damage|p1a: Ogerpon|0 fnt
|faint|p1a: Ogerpon
|
|upkeep
|
|t:|1760847852
|switch|p1a: Samurott|Samurott-Hisui, F|100/100
|turn|4
|inactive|yaxrel has 120 seconds left.
|
|t:|1760847879
|move|p1a: Samurott|Ceaseless Edge|p2a: Pecharunt
|-supereffective|p2a: Pecharunt
|-damage|p2a: Pecharunt|0 fnt
|-sidestart|p2: yaxrel|Spikes
|faint|p2a: Pecharunt
|
|upkeep
|
|t:|1760847885
|switch|p2a: Maushold|Maushold-Four|100/100
|-damage|p2a: Maushold|88/100|[from] Spikes
|turn|5
|
|t:|1760847891
|move|p2a: Maushold|Tidy Up|p2a: Maushold
|-sideend|p2: yaxrel|Spikes
|-activate|p2a: Maushold|move: Tidy Up
|-boost|p2a: Maushold|atk|1
|-boost|p2a: Maushold|spe|1
|move|p1a: Samurott|Ceaseless Edge|p2a: Maushold
|-crit|p2a: Maushold
|-damage|p2a: Maushold|0 fnt
|-sidestart|p2: yaxrel|Spikes
|faint|p2a: Maushold
|
|upkeep
|
|t:|1760847896
|switch|p2a: Walking Wake|Walking Wake|100/100
|-damage|p2a: Walking Wake|88/100|[from] Spikes
|-enditem|p2a: Walking Wake|Booster Energy
|-activate|p2a: Walking Wake|ability: Protosynthesis|[fromitem]
|-start|p2a: Walking Wake|protosynthesisspa
|turn|6
|c|☆AlmostNamedOne|oof
|
|t:|1760847904
|move|p2a: Walking Wake|Dragon Pulse|p1a: Samurott
|-damage|p1a: Samurott|46/100
|move|p1a: Samurott|Ceaseless Edge|p2a: Walking Wake
|-damage|p2a: Walking Wake|42/100
|-sidestart|p2: yaxrel|Spikes
|
|upkeep
|turn|7
|inactive|yaxrel has 120 seconds left.
|inactive|yaxrel has 90 seconds left.
|
|t:|1760847962
|switch|p1a: Iron Valiant|Iron Valiant|100/100
|-enditem|p1a: Iron Valiant|Booster Energy
|-activate|p1a: Iron Valiant|ability: Quark Drive|[fromitem]
|-start|p1a: Iron Valiant|quarkdrivespe
|move|p2a: Walking Wake|Dragon Pulse|p1a: Iron Valiant
|-immune|p1a: Iron Valiant
|
|upkeep
|turn|8
|
|t:|1760847975
|move|p1a: Iron Valiant|Moonblast|p2a: Walking Wake
|-supereffective|p2a: Walking Wake
|-damage|p2a: Walking Wake|0 fnt
|faint|p2a: Walking Wake
|-end|p2a: Walking Wake|Protosynthesis|[silent]
|
|upkeep
|inactive|yaxrel has 90 seconds left.
|inactive|yaxrel has 60 seconds left.
|inactive|yaxrel has 30 seconds left.
|
|t:|1760848042
|switch|p2a: Tinkaton|Tinkaton, F|100/100
|-damage|p2a: Tinkaton|84/100|[from] Spikes
|-ability|p2a: Tinkaton|Mold Breaker
|turn|9
|
|t:|1760848051
|move|p2a: Tinkaton|Fake Out|p1a: Iron Valiant
|-damage|p1a: Iron Valiant|88/100
|cant|p1a: Iron Valiant|flinch
|
|upkeep
|turn|10
|
|t:|1760848058
|move|p1a: Iron Valiant|Close Combat|p2a: Tinkaton
|-damage|p2a: Tinkaton|3/100
|-unboost|p1a: Iron Valiant|def|1
|-unboost|p1a: Iron Valiant|spd|1
|move|p2a: Tinkaton|Gigaton Hammer|p1a: Iron Valiant
|-supereffective|p1a: Iron Valiant
|-damage|p1a: Iron Valiant|0 fnt
|faint|p1a: Iron Valiant
|-end|p1a: Iron Valiant|Quark Drive|[silent]
|
|upkeep
|
|t:|1760848072
|switch|p1a: Dragonite|Dragonite, M|100/100
|turn|11
|
|t:|1760848077
|move|p1a: Dragonite|Extreme Speed|p2a: Tinkaton
|-resisted|p2a: Tinkaton
|-damage|p2a: Tinkaton|0 fnt
|faint|p2a: Tinkaton
|
|upkeep
|
|t:|1760848079
|switch|p2a: Garganacl|Garganacl, M|100/100
|-damage|p2a: Garganacl|84/100|[from] Spikes
|turn|12
|c|☆AlmostNamedOne|garg solo rn
|
|t:|1760848084
|move|p1a: Dragonite|Earthquake|p2a: Garganacl
|-supereffective|p2a: Garganacl
|-damage|p2a: Garganacl|47/100
|move|p2a: Garganacl|Salt Cure|p1a: Dragonite
|-supereffective|p1a: Dragonite
|-damage|p1a: Dragonite|85/100
|-start|p1a: Dragonite|Salt Cure
|
|-heal|p2a: Garganacl|53/100|[from] item: Leftovers
|-damage|p1a: Dragonite|72/100|[from] Salt Cure
|upkeep
|turn|13
|inactive|yaxrel has 60 seconds left.
|inactive|yaxrel has 30 seconds left.
|
|t:|1760848144
|move|p1a: Dragonite|Dragon Dance|p1a: Dragonite
|-boost|p1a: Dragonite|atk|1
|-boost|p1a: Dragonite|spe|1
|move|p2a: Garganacl|Salt Cure|p1a: Dragonite
|-supereffective|p1a: Dragonite
|-damage|p1a: Dragonite|39/100
|
|-heal|p2a: Garganacl|59/100|[from] item: Leftovers
|-damage|p1a: Dragonite|27/100|[from] Salt Cure
|upkeep
|turn|14
|inactive|yaxrel has 30 seconds left.
|
|t:|1760848155
|-terastallize|p2a: Garganacl|Flying
|move|p1a: Dragonite|Roost|p1a: Dragonite
|-heal|p1a: Dragonite|77/100
|-singleturn|p1a: Dragonite|move: Roost
|move|p2a: Garganacl|Substitute|p2a: Garganacl
|-start|p2a: Garganacl|Substitute
|-damage|p2a: Garganacl|34/100
|
|-heal|p2a: Garganacl|40/100|[from] item: Leftovers
|-damage|p1a: Dragonite|64/100|[from] Salt Cure
|upkeep
|turn|15
|
|t:|1760848165
|move|p1a: Dragonite|Extreme Speed|p2a: Garganacl
|-activate|p2a: Garganacl|move: Substitute|[damage]
|move|p2a: Garganacl|Recover|p2a: Garganacl
|-heal|p2a: Garganacl|90/100
|
|-heal|p2a: Garganacl|97/100|[from] item: Leftovers
|-damage|p1a: Dragonite|52/100|[from] Salt Cure
|upkeep
|turn|16
|
|t:|1760848174
|move|p1a: Dragonite|Extreme Speed|p2a: Garganacl
|-end|p2a: Garganacl|Substitute
|move|p2a: Garganacl|Salt Cure|p1a: Dragonite
|-supereffective|p1a: Dragonite
|-damage|p1a: Dragonite|22/100
|
|-heal|p2a: Garganacl|100/100|[from] item: Leftovers
|-damage|p1a: Dragonite|10/100|[from] Salt Cure
|upkeep
|turn|17
|
|t:|1760848184
|move|p1a: Dragonite|Roost|p1a: Dragonite
|-heal|p1a: Dragonite|60/100
|-singleturn|p1a: Dragonite|move: Roost
|move|p2a: Garganacl|Substitute|p2a: Garganacl
|-start|p2a: Garganacl|Substitute
|-damage|p2a: Garganacl|75/100
|
|-heal|p2a: Garganacl|82/100|[from] item: Leftovers
|-damage|p1a: Dragonite|48/100|[from] Salt Cure
|upkeep
|turn|18
|
|t:|1760848194
|move|p2a: Garganacl|Protect|p2a: Garganacl
|-singleturn|p2a: Garganacl|Protect
|move|p1a: Dragonite|Roost|p1a: Dragonite
|-heal|p1a: Dragonite|98/100
|-singleturn|p1a: Dragonite|move: Roost
|
|-heal|p2a: Garganacl|88/100|[from] item: Leftovers
|-damage|p1a: Dragonite|85/100|[from] Salt Cure
|upkeep
|turn|19
|inactive|yaxrel has 60 seconds left.
|
|t:|1760848205
|move|p1a: Dragonite|Dragon Dance|p1a: Dragonite
|-boost|p1a: Dragonite|atk|1
|-boost|p1a: Dragonite|spe|1
|move|p2a: Garganacl|Salt Cure|p1a: Dragonite
|-supereffective|p1a: Dragonite
|-damage|p1a: Dragonite|54/100
|
|-heal|p2a: Garganacl|94/100|[from] item: Leftovers
|-damage|p1a: Dragonite|41/100|[from] Salt Cure
|upkeep
|turn|20
|
|t:|1760848214
|move|p2a: Garganacl|Protect|p2a: Garganacl
|-singleturn|p2a: Garganacl|Protect
|move|p1a: Dragonite|Roost|p1a: Dragonite
|-heal|p1a: Dragonite|92/100
|-singleturn|p1a: Dragonite|move: Roost
|
|-heal|p2a: Garganacl|99/100|[from] item: Leftovers
|-damage|p1a: Dragonite|79/100|[from] Salt Cure
|upkeep
|turn|21
|inactive|yaxrel has 60 seconds left.
|
|t:|1760848249
|move|p1a: Dragonite|Extreme Speed|p2a: Garganacl
|-end|p2a: Garganacl|Substitute
|move|p2a: Garganacl|Salt Cure|p1a: Dragonite
|-supereffective|p1a: Dragonite
|-damage|p1a: Dragonite|49/100
|
|-heal|p2a: Garganacl|100/100|[from] item: Leftovers
|-damage|p1a: Dragonite|36/100|[from] Salt Cure
|upkeep
|turn|22
|-message|yaxrel forfeited.
|
|win|AlmostNamedOne
|raw|AlmostNamedOne's rating: 1274 &rarr; <strong>1297</strong><br />(+23 for winning)
|raw|yaxrel's rating: 1246 &rarr; <strong>1223</strong><br />(-23 for losing)
|l|☆yaxrel
|player|p2|
|l|☆AlmostNamedOne
|player|p1|
