|j|☆RomanSionis666
|j|☆bff GB hy GB
|t:|1760842736
|gametype|singles
|player|p1|RomanSionis666|n|1119
|player|p2|bff GB hy GB|hiker-gen4|1191
|gen|9
|tier|[Gen 9] OU
|rated|
|rule|HP Percentage Mod: HP is shown in percentages
|rule|Endless Battle Clause: Forcing endless battles is banned
|rule|Species Clause: Limit one of each Pokémon
|rule|OHKO Clause: OHKO moves are banned
|rule|Evasion Items Clause: Evasion items are banned
|rule|Evasion Moves Clause: Evasion moves are banned
|rule|Evasion Abilities Clause: Evasion abilities are banned
|rule|Sleep Moves Clause: Sleep-inducing moves are banned
|clearpoke
|poke|p1|Kingambit, M|
|poke|p1|Scizor, M|
|poke|p1|Metagross|
|poke|p1|Corviknight, M|
|poke|p1|Empoleon, M|
|poke|p1|Lucario, M|
|poke|p2|Meowscarada, F|
|poke|p2|Tsareena, F|
|poke|p2|Gardevoir, F|
|poke|p2|Hatterene, F|
|poke|p2|Salazzle, F|
|poke|p2|Tinkaton, F|
|teampreview
|inactive|Battle timer is ON: inactive players will automatically lose when time's up. (requested by RomanSionis666)
|
|t:|1760842760
|teamsize|p1|6
|teamsize|p2|6
|start
|switch|p1a: Empoleon|Empoleon, M, shiny|100/100
|switch|p2a: Salazzle|Salazzle, F, shiny|100/100
|turn|1
|
|t:|1760842770
|move|p2a: Salazzle|Toxic|p1a: Empoleon
|-status|p1a: Empoleon|tox
|move|p1a: Empoleon|Surf|p2a: Salazzle
|-supereffective|p2a: Salazzle
|-enditem|p2a: Salazzle|Focus Sash
|-damage|p2a: Salazzle|1/100
|
|-damage|p1a: Empoleon|94/100 tox|[from] psn
|upkeep
|turn|2
|
|t:|1760842784
|move|p2a: Salazzle|Endeavor|p1a: Empoleon
|-damage|p1a: Empoleon|1/100 tox
|move|p1a: Empoleon|Stealth Rock|p2a: Salazzle
|-sidestart|p2: bff GB hy GB|move: Stealth Rock
|
|-heal|p1a: Empoleon|7/100 tox|[from] item: Leftovers
|-damage|p1a: Empoleon|0 fnt|[from] psn
|faint|p1a: Empoleon
|upkeep
|inactive|RomanSionis666 has 120 seconds left.
|
|t:|1760842809
|switch|p1a: Metagross|Metagross, shiny|100/100
|turn|3
|
|t:|1760842817
|switch|p2a: Tsareena|Tsareena, F, shiny|100/100
|-damage|p2a: Tsareena|88/100|[from] Stealth Rock
|move|p1a: Metagross|Bullet Punch||[still]
|cant|p2a: Tsareena|ability: Queenly Majesty|Bullet Punch|[of] p1a: Metagross
|
|upkeep
|turn|4
|inactive|RomanSionis666 has 120 seconds left.
|
|t:|1760842837
|switch|p1a: Corviknight|Corviknight, M, shiny|100/100
|move|p2a: Tsareena|Rapid Spin|p1a: Corviknight
|-resisted|p1a: Corviknight
|-damage|p1a: Corviknight|95/100
|-boost|p2a: Tsareena|spe|1
|-damage|p2a: Tsareena|71/100|[from] item: Rocky Helmet|[of] p1a: Corviknight
|-sideend|p2: bff GB hy GB|Stealth Rock|[from] move: Rapid Spin|[of] p2a: Tsareena
|
|upkeep
|turn|5
|inactive|RomanSionis666 has 120 seconds left.
|
|t:|1760842854
|switch|p2a: Tinkaton|Tinkaton, F, shiny|100/100
|-item|p2a: Tinkaton|Air Balloon
|move|p1a: Corviknight|U-turn|p2a: Tinkaton
|-resisted|p2a: Tinkaton
|-damage|p2a: Tinkaton|97/100
|-enditem|p2a: Tinkaton|Air Balloon
|-enditem|p1a: Corviknight|Rocky Helmet|[silent]|[from] ability: Pickpocket|[of] p1a: Corviknight
|-item|p2a: Tinkaton|Rocky Helmet|[from] ability: Pickpocket|[of] p1a: Corviknight
|inactive|RomanSionis666 has 90 seconds left.
|
|t:|1760842883
|switch|p1a: Lucario|Lucario, M, shiny|100/100|[from] U-turn
|
|upkeep
|turn|6
|inactive|RomanSionis666 has 90 seconds left.
|
|t:|1760842898
|move|p2a: Tinkaton|Thunder Wave|p1a: Lucario
|-status|p1a: Lucario|par
|cant|p1a: Lucario|par
|
|upkeep
|turn|7
|
|t:|1760842907
|move|p2a: Tinkaton|Stealth Rock|p1a: Lucario
|-sidestart|p1: RomanSionis666|move: Stealth Rock
|cant|p1a: Lucario|par
|
|upkeep
|turn|8
|
|t:|1760842916
|move|p2a: Tinkaton|Gigaton Hammer|p1a: Lucario
|-resisted|p1a: Lucario
|-damage|p1a: Lucario|60/100 par
|move|p1a: Lucario|Close Combat|p2a: Tinkaton
|-damage|p2a: Tinkaton|13/100
|-unboost|p1a: Lucario|def|1
|-unboost|p1a: Lucario|spd|1
|-damage|p1a: Lucario|44/100 par|[from] item: Rocky Helmet|[of] p2a: Tinkaton
|-damage|p1a: Lucario|34/100 par|[from] item: Life Orb
|
|upkeep
|turn|9
|
|t:|1760842928
|cant|p1a: Lucario|par
|move|p2a: Tinkaton|Encore|p1a: Lucario
|-start|p1a: Lucario|Encore
|
|upkeep
|turn|10
|
|t:|1760842935
|switch|p2a: Gardevoir|Gardevoir, F, shiny|100/100
|-ability|p2a: Gardevoir|Inner Focus|Trace|[from] ability: Trace|[of] p1a: Lucario
|switch|p1a: Scizor|Scizor, M, shiny|100/100
|-damage|p1a: Scizor|88/100|[from] Stealth Rock
|
|upkeep
|turn|11
|
|t:|1760842956
|-terastallize|p2a: Gardevoir|Dark
|move|p1a: Scizor|Bullet Punch|p2a: Gardevoir
|-damage|p2a: Gardevoir|13/100
|move|p2a: Gardevoir|Mystical Fire|p1a: Scizor
|-supereffective|p1a: Scizor
|-damage|p1a: Scizor|0 fnt
|faint|p1a: Scizor
|
|upkeep
|
|t:|1760842968
|switch|p1a: Lucario|Lucario, M, shiny|34/100 par
|-damage|p1a: Lucario|31/100 par|[from] Stealth Rock
|turn|12
|
|t:|1760842971
|switch|p2a: Tsareena|Tsareena, F, shiny|71/100
|cant|p1a: Lucario|par
|
|upkeep
|turn|13
|
|t:|1760842977
|move|p2a: Tsareena|High Jump Kick|p1a: Lucario
|-supereffective|p1a: Lucario
|-damage|p1a: Lucario|0 fnt
|faint|p1a: Lucario
|
|upkeep
|
|t:|1760842985
|switch|p1a: Kingambit|Kingambit, M, shiny|100/100
|-damage|p1a: Kingambit|94/100|[from] Stealth Rock
|-activate|p1a: Kingambit|ability: Supreme Overlord
|-start|p1a: Kingambit|fallen3|[silent]
|turn|14
|
|t:|1760842995
|switch|p2a: Tinkaton|Tinkaton, F, shiny|13/100
|-end|p1a: Kingambit|fallen3|[silent]
|switch|p1a: Corviknight|Corviknight, M, shiny|95/100
|-damage|p1a: Corviknight|82/100|[from] Stealth Rock
|
|upkeep
|turn|15
|
|t:|1760843003
|move|p2a: Tinkaton|Thunder Wave|p1a: Corviknight
|-status|p1a: Corviknight|par
|move|p1a: Corviknight|Defog|p2a: Tinkaton
|-unboost|p2a: Tinkaton|evasion|1
|-sideend|p1: RomanSionis666|Stealth Rock|[from] move: Defog|[of] p1a: Corviknight
|
|upkeep
|turn|16
|inactive|RomanSionis666 has 120 seconds left.
|
|t:|1760843010
|move|p2a: Tinkaton|Encore|p1a: Corviknight
|-start|p1a: Corviknight|Encore
|move|p1a: Corviknight|Defog|p2a: Tinkaton
|-unboost|p2a: Tinkaton|evasion|1
|
|upkeep
|turn|17
|
|t:|1760843017
|switch|p2a: Salazzle|Salazzle, F, shiny|1/100
|switch|p1a: Metagross|Metagross, shiny|100/100
|
|upkeep
|turn|18
|
|t:|1760843030
|switch|p2a: Tinkaton|Tinkaton, F, shiny|13/100
|move|p1a: Metagross|Psychic Fangs|p2a: Tinkaton
|-resisted|p2a: Tinkaton
|-damage|p2a: Tinkaton|0 fnt
|-damage|p1a: Metagross|84/100|[from] item: Rocky Helmet|[of] p2a: Tinkaton
|faint|p2a: Tinkaton
|-damage|p1a: Metagross|74/100|[from] item: Life Orb
|
|upkeep
|
|t:|1760843041
|switch|p2a: Meowscarada|Meowscarada, F, shiny|100/100
|turn|19
|
|t:|1760843049
|move|p1a: Metagross|Bullet Punch|p2a: Meowscarada
|-damage|p2a: Meowscarada|55/100
|-damage|p1a: Metagross|64/100|[from] item: Life Orb
|move|p2a: Meowscarada|Knock Off|p1a: Metagross
|-start|p2a: Meowscarada|typechange|Dark|[from] ability: Protean
|-supereffective|p1a: Metagross
|-damage|p1a: Metagross|0 fnt
|-enditem|p1a: Metagross|Life Orb|[from] move: Knock Off|[of] p2a: Meowscarada
|faint|p1a: Metagross
|
|upkeep
|
|t:|1760843054
|switch|p1a: Corviknight|Corviknight, M, shiny|82/100 par
|turn|20
|
|t:|1760843072
|switch|p2a: Hatterene|Hatterene, F, shiny|100/100
|move|p1a: Corviknight|Body Press|p2a: Hatterene
|-resisted|p2a: Hatterene
|-damage|p2a: Hatterene|94/100
|
|-heal|p2a: Hatterene|99/100|[from] item: Leftovers
|upkeep
|turn|21
|
|t:|1760843095
|cant|p1a: Corviknight|par
|move|p2a: Hatterene|Future Sight|p1a: Corviknight
|-start|p2a: Hatterene|move: Future Sight
|
|-heal|p2a: Hatterene|100/100|[from] item: Leftovers
|upkeep
|turn|22
|inactive|RomanSionis666 has 120 seconds left.
|
|t:|1760843120
|move|p1a: Corviknight|Body Press|p2a: Hatterene
|-resisted|p2a: Hatterene
|-damage|p2a: Hatterene|94/100
|move|p2a: Hatterene|Calm Mind|p2a: Hatterene
|-boost|p2a: Hatterene|spa|1
|-boost|p2a: Hatterene|spd|1
|
|-heal|p2a: Hatterene|99/100|[from] item: Leftovers
|upkeep
|turn|23
|
|t:|1760843132
|move|p1a: Corviknight|U-turn|p2a: Hatterene
|-damage|p2a: Hatterene|83/100
|
|t:|1760843134
|switch|p1a: Kingambit|Kingambit, M, shiny|94/100|[from] U-turn
|-activate|p1a: Kingambit|ability: Supreme Overlord
|-start|p1a: Kingambit|fallen4|[silent]
|move|p2a: Hatterene|Nuzzle|p1a: Kingambit
|-damage|p1a: Kingambit|91/100
|-status|p1a: Kingambit|par
|
|-end|p1a: Kingambit|move: Future Sight
|-immune|p1a: Kingambit
|-heal|p2a: Hatterene|89/100|[from] item: Leftovers
|upkeep
|turn|24
|
|t:|1760843146
|move|p2a: Hatterene|Draining Kiss|p1a: Kingambit
|-crit|p1a: Kingambit
|-damage|p1a: Kingambit|30/100 par
|-heal|p2a: Hatterene|100/100|[from] drain|[of] p1a: Kingambit
|move|p1a: Kingambit|Kowtow Cleave|p2a: Hatterene
|-damage|p2a: Hatterene|2/100
|
|-heal|p2a: Hatterene|8/100|[from] item: Leftovers
|upkeep
|turn|25
|
|t:|1760843155
|move|p1a: Kingambit|Sucker Punch||[still]
|-fail|p1a: Kingambit
|move|p2a: Hatterene|Calm Mind|p2a: Hatterene
|-boost|p2a: Hatterene|spa|1
|-boost|p2a: Hatterene|spd|1
|
|-heal|p2a: Hatterene|14/100|[from] item: Leftovers
|upkeep
|turn|26
|
|t:|1760843160
|cant|p1a: Kingambit|par
|move|p2a: Hatterene|Draining Kiss|p1a: Kingambit
|-damage|p1a: Kingambit|0 fnt
|-heal|p2a: Hatterene|42/100|[from] drain|[of] p1a: Kingambit
|faint|p1a: Kingambit
|-end|p1a: Kingambit|fallen4|[silent]
|
|-heal|p2a: Hatterene|48/100|[from] item: Leftovers
|upkeep
|-message|RomanSionis666 forfeited.
|
|win|bff GB hy GB
|raw|RomanSionis666's rating: 1119 &rarr; <strong>1099</strong><br />(-20 for losing)
|raw|bff GB hy GB's rating: 1191 &rarr; <strong>1211</strong><br />(+20 for winning)
|l|☆RomanSionis666
|player|p1|
