|j|☆palvius
|j|☆orion212114
|t:|1760870344
|gametype|singles
|player|p1|palvius|nate|1086
|player|p2|orion212114|bugcatcher-gen4dp|1137
|gen|9
|tier|[Gen 9] OU
|rated|
|rule|HP Percentage Mod: HP is shown in percentages
|rule|Endless Battle Clause: Forcing endless battles is banned
|rule|Species Clause: Limit one of each Pokémon
|rule|OHKO Clause: OHKO moves are banned
|rule|Evasion Items Clause: Evasion items are banned
|rule|Evasion Moves Clause: Evasion moves are banned
|rule|Evasion Abilities Clause: Evasion abilities are banned
|rule|Sleep Moves Clause: Sleep-inducing moves are banned
|clearpoke
|poke|p1|Galvantula, F|
|poke|p1|Excadrill, M|
|poke|p1|Primarina, M|
|poke|p1|Serperior, F|
|poke|p1|Charizard, F|
|poke|p1|Florges-Blue, F|
|poke|p2|Garchomp, M|
|poke|p2|Gyarados, M|
|poke|p2|Ceruledge, M|
|poke|p2|Metagross|
|poke|p2|Darkrai|
|poke|p2|Meowscarada, F|
|teampreview
|inactive|Battle timer is ON: inactive players will automatically lose when time's up. (requested by orion212114)
|
|t:|1760870359
|teamsize|p1|6
|teamsize|p2|6
|start
|switch|p1a: Galvantula|Galvantula, F, shiny|100/100
|switch|p2a: Ceruledge|Ceruledge, M|100/100
|turn|1
|inactive|orion212114 has 120 seconds left.
|
|t:|1760870392
|move|p1a: Galvantula|Thunder Wave|p2a: Ceruledge
|-status|p2a: Ceruledge|par
|move|p2a: Ceruledge|Bitter Blade|p1a: Galvantula
|-supereffective|p1a: Galvantula
|-enditem|p1a: Galvantula|Focus Sash
|-damage|p1a: Galvantula|1/100
|
|upkeep
|turn|2
|
|t:|1760870403
|move|p1a: Galvantula|Sticky Web|p2a: Ceruledge
|-sidestart|p2: orion212114|move: Sticky Web
|move|p2a: Ceruledge|Bitter Blade|p1a: Galvantula
|-supereffective|p1a: Galvantula
|-damage|p1a: Galvantula|0 fnt
|faint|p1a: Galvantula
|
|upkeep
|
|t:|1760870414
|switch|p1a: Primarina|Primarina, M|100/100
|turn|3
|
|t:|1760870427
|switch|p2a: Gyarados|Gyarados, M|100/100
|-ability|p2a: Gyarados|Intimidate|boost
|-unboost|p1a: Primarina|atk|1
|move|p1a: Primarina|Calm Mind|p1a: Primarina
|-boost|p1a: Primarina|spa|1
|-boost|p1a: Primarina|spd|1
|
|upkeep
|turn|4
|
|t:|1760870453
|-terastallize|p2a: Gyarados|Electric
|-terastallize|p1a: Primarina|Water
|move|p2a: Gyarados|Thunder|p1a: Primarina
|-supereffective|p1a: Primarina
|-damage|p1a: Primarina|65/100
|move|p1a: Primarina|Calm Mind|p1a: Primarina
|-boost|p1a: Primarina|spa|1
|-boost|p1a: Primarina|spd|1
|
|upkeep
|turn|5
|
|t:|1760870469
|move|p2a: Gyarados|Thunder|p1a: Primarina
|-supereffective|p1a: Primarina
|-damage|p1a: Primarina|38/100
|move|p1a: Primarina|Draining Kiss|p2a: Gyarados
|-damage|p2a: Gyarados|45/100
|-heal|p1a: Primarina|84/100|[from] drain|[of] p2a: Gyarados
|
|upkeep
|turn|6
|
|t:|1760870478
|move|p2a: Gyarados|Thunder|p1a: Primarina
|-supereffective|p1a: Primarina
|-damage|p1a: Primarina|56/100
|move|p1a: Primarina|Draining Kiss|p2a: Gyarados
|-damage|p2a: Gyarados|0 fnt
|-heal|p1a: Primarina|93/100|[from] drain|[of] p2a: Gyarados
|faint|p2a: Gyarados
|
|upkeep
|
|t:|1760870486
|switch|p2a: Metagross|Metagross|100/100
|-activate|p2a: Metagross|move: Sticky Web
|-fail|p2a: Metagross|unboost|[from] ability: Clear Body|[of] p2a: Metagross
|turn|7
|
|t:|1760870498
|move|p2a: Metagross|Thunder Punch|p1a: Primarina
|-supereffective|p1a: Primarina
|-damage|p1a: Primarina|12/100
|move|p1a: Primarina|Hyper Voice|p2a: Metagross
|-damage|p2a: Metagross|13/100
|
|upkeep
|turn|8
|
|t:|1760870508
|move|p2a: Metagross|Thunder Punch|p1a: Primarina
|-supereffective|p1a: Primarina
|-damage|p1a: Primarina|0 fnt
|faint|p1a: Primarina
|
|upkeep
|
|t:|1760870519
|switch|p1a: Florges|Florges-Blue, F, shiny|100/100
|turn|9
|
|t:|1760870526
|move|p1a: Florges|Sunny Day|p1a: Florges
|-weather|SunnyDay
|move|p2a: Metagross|Iron Head|p1a: Florges
|-supereffective|p1a: Florges
|-damage|p1a: Florges|15/100
|
|-weather|SunnyDay|[upkeep]
|upkeep
|turn|10
|
|t:|1760870536
|move|p1a: Florges|Solar Beam||[still]
|-prepare|p1a: Florges|Solar Beam
|-anim|p1a: Florges|Solar Beam|p2a: Metagross
|-resisted|p2a: Metagross
|-damage|p2a: Metagross|3/100
|move|p2a: Metagross|Iron Head|p1a: Florges
|-supereffective|p1a: Florges
|-damage|p1a: Florges|0 fnt
|faint|p1a: Florges
|
|-weather|SunnyDay|[upkeep]
|upkeep
|
|t:|1760870546
|switch|p1a: Charizard|Charizard, F, shiny|100/100
|turn|11
|
|t:|1760870558
|move|p1a: Charizard|Fire Spin|p2a: Metagross
|-supereffective|p2a: Metagross
|-damage|p2a: Metagross|0 fnt
|faint|p2a: Metagross
|
|-weather|SunnyDay|[upkeep]
|-damage|p1a: Charizard|88/100|[from] ability: Solar Power|[of] p1a: Charizard
|upkeep
|
|t:|1760870566
|switch|p2a: Ceruledge|Ceruledge, M|100/100 par
|-activate|p2a: Ceruledge|move: Sticky Web
|-unboost|p2a: Ceruledge|spe|1
|turn|12
|
|t:|1760870570
|move|p1a: Charizard|Scorching Sands|p2a: Ceruledge
|-supereffective|p2a: Ceruledge
|-damage|p2a: Ceruledge|11/100 par
|move|p2a: Ceruledge|Bitter Blade|p1a: Charizard
|-resisted|p1a: Charizard
|-damage|p1a: Charizard|36/100
|-heal|p2a: Ceruledge|38/100 par|[from] drain|[of] p1a: Charizard
|
|-weather|SunnyDay|[upkeep]
|-damage|p1a: Charizard|23/100|[from] ability: Solar Power|[of] p1a: Charizard
|upkeep
|turn|13
|
|t:|1760870582
|move|p1a: Charizard|Scorching Sands|p2a: Ceruledge
|-supereffective|p2a: Ceruledge
|-damage|p2a: Ceruledge|0 fnt
|faint|p2a: Ceruledge
|
|-weather|SunnyDay|[upkeep]
|-damage|p1a: Charizard|11/100|[from] ability: Solar Power|[of] p1a: Charizard
|upkeep
|
|t:|1760870589
|switch|p2a: Darkrai|Darkrai|100/100
|-activate|p2a: Darkrai|move: Sticky Web
|-unboost|p2a: Darkrai|spe|1
|turn|14
|
|t:|1760870593
|move|p1a: Charizard|Fire Blast|p2a: Darkrai
|-enditem|p2a: Darkrai|Focus Sash
|-damage|p2a: Darkrai|1/100
|move|p2a: Darkrai|Ice Beam|p1a: Charizard
|-damage|p1a: Charizard|0 fnt
|faint|p1a: Charizard
|
|-weather|SunnyDay|[upkeep]
|upkeep
|
|t:|1760870604
|switch|p1a: Serperior|Serperior, F|100/100
|turn|15
|
|t:|1760870615
|move|p1a: Serperior|Leaf Storm|p2a: Darkrai
|-damage|p2a: Darkrai|0 fnt
|-boost|p1a: Serperior|spa|2
|faint|p2a: Darkrai
|
|-weather|SunnyDay|[upkeep]
|upkeep
|
|t:|1760870618
|switch|p2a: Garchomp|Garchomp, M|100/100
|-activate|p2a: Garchomp|move: Sticky Web
|-unboost|p2a: Garchomp|spe|1
|turn|16
|
|t:|1760870633
|move|p1a: Serperior|Leaf Storm|p2a: Garchomp
|-damage|p2a: Garchomp|29/100
|-boost|p1a: Serperior|spa|2
|move|p2a: Garchomp|Fire Fang|p1a: Serperior|[miss]
|-miss|p2a: Garchomp|p1a: Serperior
|
|-weather|none
|upkeep
|turn|17
|
|t:|1760870642
|move|p1a: Serperior|Leaf Storm|p2a: Garchomp|[miss]
|-miss|p1a: Serperior|p2a: Garchomp
|move|p2a: Garchomp|Fire Fang|p1a: Serperior
|-supereffective|p1a: Serperior
|-damage|p1a: Serperior|62/100
|
|-heal|p1a: Serperior|68/100|[from] item: Leftovers
|upkeep
|turn|18
|
|t:|1760870651
|move|p1a: Serperior|Leaf Storm|p2a: Garchomp
|-damage|p2a: Garchomp|0 fnt
|-boost|p1a: Serperior|spa|2
|faint|p2a: Garchomp
|
|-heal|p1a: Serperior|74/100|[from] item: Leftovers
|upkeep
|
|t:|1760870655
|switch|p2a: Meowscarada|Meowscarada, F|100/100
|-activate|p2a: Meowscarada|move: Sticky Web
|-unboost|p2a: Meowscarada|spe|1
|turn|19
|
|t:|1760870666
|move|p1a: Serperior|Leaf Storm|p2a: Meowscarada
|-resisted|p2a: Meowscarada
|-damage|p2a: Meowscarada|0 fnt
|faint|p2a: Meowscarada
|
|win|palvius
|raw|palvius's rating: 1086 &rarr; <strong>1117</strong><br />(+31 for winning)
|raw|orion212114's rating: 1137 &rarr; <strong>1108</strong><br />(-29 for losing)
|l|☆palvius
|player|p1|
|l|☆orion212114
|player|p2|
