|j|☆nfyhsueryfgius
|j|☆churrostick
|t:|1760724167
|gametype|singles
|player|p1|nfyhsueryfgius|ghetsis|1788
|player|p2|churrostick|170|1707
|gen|9
|tier|[Gen 9] OU
|rated|
|rule|HP Percentage Mod: HP is shown in percentages
|rule|Endless Battle Clause: Forcing endless battles is banned
|rule|Species Clause: Limit one of each Pokémon
|rule|OHKO Clause: OHKO moves are banned
|rule|Evasion Items Clause: Evasion items are banned
|rule|Evasion Moves Clause: Evasion moves are banned
|rule|Evasion Abilities Clause: Evasion abilities are banned
|rule|Sleep Moves Clause: Sleep-inducing moves are banned
|clearpoke
|poke|p1|Great Tusk|
|poke|p1|Heatran, M|
|poke|p1|Weavile, F|
|poke|p1|Primarina, F|
|poke|p1|Ogerpon, F|
|poke|p1|Pecharunt|
|poke|p2|Kyurem|
|poke|p2|Corviknight, M|
|poke|p2|Ting-Lu|
|poke|p2|Dondozo, F|
|poke|p2|Slowking-Galar, L99, M|
|poke|p2|Cinderace, F|
|teampreview
|inactive|Battle timer is ON: inactive players will automatically lose when time's up. (requested by churrostick)
|
|t:|1760724188
|teamsize|p1|6
|teamsize|p2|6
|start
|switch|p1a: Primarina|Primarina, F|100/100
|switch|p2a: Corviknight|Corviknight, M|100/100
|-ability|p2a: Corviknight|Pressure
|turn|1
|
|t:|1760724196
|switch|p2a: Slowking|Slowking-Galar, L99, M|100/100
|move|p1a: Primarina|Flip Turn|p2a: Slowking
|-damage|p2a: Slowking|86/100
|
|t:|1760724199
|switch|p1a: Weavile|Weavile, F|100/100|[from] Flip Turn
|-ability|p1a: Weavile|Pressure
|
|upkeep
|turn|2
|
|t:|1760724201
|switch|p2a: Corviknight|Corviknight, M|100/100
|-ability|p2a: Corviknight|Pressure
|move|p1a: Weavile|Knock Off|p2a: Corviknight
|-damage|p2a: Corviknight|58/100
|-damage|p1a: Weavile|84/100|[from] item: Rocky Helmet|[of] p2a: Corviknight
|-enditem|p2a: Corviknight|Rocky Helmet|[from] move: Knock Off|[of] p1a: Weavile
|
|upkeep
|turn|3
|
|t:|1760724205
|switch|p1a: Heatran|Heatran, M|100/100
|-item|p1a: Heatran|Air Balloon
|move|p2a: Corviknight|Roost|p2a: Corviknight
|-heal|p2a: Corviknight|100/100
|-singleturn|p2a: Corviknight|move: Roost
|
|upkeep
|turn|4
|j| jimmy powka
|
|t:|1760724210
|switch|p2a: Cinderace|Cinderace, F|100/100
|move|p1a: Heatran|Magma Storm|p2a: Cinderace|[miss]
|-miss|p1a: Heatran|p2a: Cinderace
|
|upkeep
|turn|5
|
|t:|1760724215
|switch|p1a: Pecharunt|Pecharunt|100/100
|move|p2a: Cinderace|U-turn|p1a: Pecharunt
|-start|p2a: Cinderace|typechange|Bug|[from] ability: Libero
|-resisted|p1a: Pecharunt
|-damage|p1a: Pecharunt|97/100
|-damage|p2a: Cinderace|84/100|[from] item: Rocky Helmet|[of] p1a: Pecharunt
|
|t:|1760724221
|switch|p2a: Slowking|Slowking-Galar, L99, M|100/100|[from] U-turn
|
|upkeep
|turn|6
|
|t:|1760724227
|move|p1a: Pecharunt|Parting Shot|p2a: Slowking
|-unboost|p2a: Slowking|atk|1
|-unboost|p2a: Slowking|spa|1
|
|t:|1760724229
|switch|p1a: Heatran|Heatran, M|100/100|[from] Parting Shot
|-item|p1a: Heatran|Air Balloon
|-prepare|p2a: Slowking|Chilly Reception|[premajor]
|move|p2a: Slowking|Chilly Reception|p2a: Slowking
|-weather|Snowscape
|
|t:|1760724234
|switch|p2a: Cinderace|Cinderace, F|84/100|[from] Chilly Reception
|
|-weather|Snowscape|[upkeep]
|upkeep
|turn|7
|
|t:|1760724243
|switch|p1a: Pecharunt|Pecharunt|97/100
|move|p2a: Cinderace|U-turn|p1a: Pecharunt
|-start|p2a: Cinderace|typechange|Bug|[from] ability: Libero
|-resisted|p1a: Pecharunt
|-damage|p1a: Pecharunt|94/100
|-damage|p2a: Cinderace|68/100|[from] item: Rocky Helmet|[of] p1a: Pecharunt
|
|t:|1760724246
|switch|p2a: Slowking|Slowking-Galar, L99, M|100/100|[from] U-turn
|
|-weather|Snowscape|[upkeep]
|upkeep
|turn|8
|
|t:|1760724250
|move|p1a: Pecharunt|Parting Shot|p2a: Slowking
|-unboost|p2a: Slowking|atk|1
|-unboost|p2a: Slowking|spa|1
|
|t:|1760724252
|switch|p1a: Heatran|Heatran, M|100/100|[from] Parting Shot
|-item|p1a: Heatran|Air Balloon
|move|p2a: Slowking|Future Sight|p1a: Heatran
|-start|p2a: Slowking|move: Future Sight
|
|-weather|Snowscape|[upkeep]
|upkeep
|turn|9
|
|t:|1760724255
|move|p1a: Heatran|Taunt|p2a: Slowking
|-start|p2a: Slowking|move: Taunt
|-prepare|p2a: Slowking|Chilly Reception|[premajor]
|cant|p2a: Slowking|move: Taunt|Chilly Reception
|
|-weather|Snowscape|[upkeep]
|upkeep
|turn|10
|
|t:|1760724262
|switch|p2a: Dondozo|Dondozo, F|100/100
|move|p1a: Heatran|Magma Storm|p2a: Dondozo
|-resisted|p2a: Dondozo
|-damage|p2a: Dondozo|76/100
|-activate|p2a: Dondozo|move: Magma Storm|[of] p1a: Heatran
|
|-weather|none
|-end|p1a: Heatran|move: Future Sight
|-resisted|p1a: Heatran
|-damage|p1a: Heatran|78/100
|-enditem|p1a: Heatran|Air Balloon
|-heal|p2a: Dondozo|82/100|[from] item: Leftovers
|-damage|p2a: Dondozo|70/100|[from] move: Magma Storm|[partiallytrapped]
|upkeep
|turn|11
|
|t:|1760724273
|-terastallize|p1a: Heatran|Fairy
|move|p1a: Heatran|Earth Power|p2a: Dondozo
|-damage|p2a: Dondozo|38/100
|move|p2a: Dondozo|Body Press|p1a: Heatran
|-resisted|p1a: Heatran
|-damage|p1a: Heatran|65/100
|
|-heal|p2a: Dondozo|45/100|[from] item: Leftovers
|-damage|p2a: Dondozo|32/100|[from] move: Magma Storm|[partiallytrapped]
|upkeep
|turn|12
|
|t:|1760724277
|move|p1a: Heatran|Earth Power|p2a: Dondozo
|-damage|p2a: Dondozo|5/100
|move|p2a: Dondozo|Rest|p2a: Dondozo
|-status|p2a: Dondozo|slp|[from] move: Rest
|-heal|p2a: Dondozo|100/100 slp|[silent]
|
|-damage|p2a: Dondozo|88/100 slp|[from] move: Magma Storm|[partiallytrapped]
|upkeep
|turn|13
|
|t:|1760724280
|move|p1a: Heatran|Earth Power|p2a: Dondozo
|-damage|p2a: Dondozo|59/100 slp
|cant|p2a: Dondozo|slp
|
|-heal|p2a: Dondozo|65/100 slp|[from] item: Leftovers
|-damage|p2a: Dondozo|52/100 slp|[from] move: Magma Storm|[partiallytrapped]
|upkeep
|turn|14
|
|t:|1760724283
|move|p1a: Heatran|Earth Power|p2a: Dondozo
|-damage|p2a: Dondozo|23/100 slp
|-unboost|p2a: Dondozo|spd|1
|cant|p2a: Dondozo|slp
|
|-heal|p2a: Dondozo|29/100 slp|[from] item: Leftovers
|-damage|p2a: Dondozo|17/100 slp|[from] move: Magma Storm|[partiallytrapped]
|upkeep
|turn|15
|
|t:|1760724286
|move|p1a: Heatran|Earth Power|p2a: Dondozo
|-damage|p2a: Dondozo|0 fnt
|faint|p2a: Dondozo
|
|upkeep
|
|t:|1760724290
|switch|p2a: Slowking|Slowking-Galar, L99, M|100/100
|turn|16
|
|t:|1760724298
|switch|p1a: Pecharunt|Pecharunt|94/100
|-prepare|p2a: Slowking|Chilly Reception|[premajor]
|move|p2a: Slowking|Chilly Reception|p2a: Slowking
|-weather|Snowscape
|j| Partynparadise
|
|t:|1760724301
|switch|p2a: Kyurem|Kyurem|100/100|[from] Chilly Reception
|-ability|p2a: Kyurem|Pressure
|
|-weather|Snowscape|[upkeep]
|upkeep
|turn|17
|
|t:|1760724309
|switch|p1a: Primarina|Primarina, F|100/100
|move|p2a: Kyurem|Earth Power|p1a: Primarina
|-damage|p1a: Primarina|86/100
|
|-weather|Snowscape|[upkeep]
|upkeep
|turn|18
|
|t:|1760724316
|move|p2a: Kyurem|Substitute|p2a: Kyurem
|-start|p2a: Kyurem|Substitute
|-damage|p2a: Kyurem|75/100
|move|p1a: Primarina|Moonblast|p2a: Kyurem
|-supereffective|p2a: Kyurem
|-end|p2a: Kyurem|Substitute
|
|-weather|Snowscape|[upkeep]
|-heal|p2a: Kyurem|82/100|[from] item: Leftovers
|upkeep
|turn|19
|
|t:|1760724319
|move|p2a: Kyurem|Protect|p2a: Kyurem
|-singleturn|p2a: Kyurem|Protect
|move|p1a: Primarina|Moonblast|p2a: Kyurem
|-activate|p2a: Kyurem|move: Protect
|
|-weather|Snowscape|[upkeep]
|-heal|p2a: Kyurem|88/100|[from] item: Leftovers
|upkeep
|turn|20
|
|t:|1760724322
|switch|p2a: Slowking|Slowking-Galar, L99, M|100/100
|move|p1a: Primarina|Moonblast|p2a: Slowking
|-resisted|p2a: Slowking
|-damage|p2a: Slowking|85/100
|
|-weather|none
|upkeep
|turn|21
|
|t:|1760724328
|move|p1a: Primarina|Flip Turn|p2a: Slowking
|-damage|p2a: Slowking|71/100
|
|t:|1760724331
|switch|p1a: Weavile|Weavile, F|84/100|[from] Flip Turn
|-ability|p1a: Weavile|Pressure
|move|p2a: Slowking|Future Sight|p1a: Weavile
|-start|p2a: Slowking|move: Future Sight
|
|upkeep
|turn|22
|
|t:|1760724336
|switch|p2a: Corviknight|Corviknight, M|100/100
|-ability|p2a: Corviknight|Pressure
|move|p1a: Weavile|Triple Axel|p2a: Corviknight
|-damage|p2a: Corviknight|91/100
|-damage|p2a: Corviknight|73/100
|-damage|p2a: Corviknight|48/100
|-hitcount|p2a: Corviknight|3
|
|upkeep
|turn|23
|
|t:|1760724348
|move|p1a: Weavile|Triple Axel|p2a: Corviknight
|-damage|p2a: Corviknight|39/100
|-damage|p2a: Corviknight|19/100
|-damage|p2a: Corviknight|0 fnt
|faint|p2a: Corviknight
|-hitcount|p2: Corviknight|3
|
|-end|p1a: Weavile|move: Future Sight
|-immune|p1a: Weavile
|upkeep
|
|t:|1760724352
|switch|p2a: Cinderace|Cinderace, F|68/100
|turn|24
|
|t:|1760724357
|switch|p1a: Heatran|Heatran, M, tera:Fairy|65/100
|move|p2a: Cinderace|U-turn|p1a: Heatran
|-start|p2a: Cinderace|typechange|Bug|[from] ability: Libero
|-resisted|p1a: Heatran
|-damage|p1a: Heatran|52/100
|
|t:|1760724360
|switch|p2a: Kyurem|Kyurem|88/100|[from] U-turn
|-ability|p2a: Kyurem|Pressure
|
|-heal|p2a: Kyurem|94/100|[from] item: Leftovers
|upkeep
|turn|25
|
|t:|1760724366
|move|p2a: Kyurem|Substitute|p2a: Kyurem
|-start|p2a: Kyurem|Substitute
|-damage|p2a: Kyurem|69/100
|move|p1a: Heatran|Stealth Rock|p2a: Kyurem
|-sidestart|p2: churrostick|move: Stealth Rock
|
|-heal|p2a: Kyurem|75/100|[from] item: Leftovers
|upkeep
|turn|26
|
|t:|1760724370
|move|p2a: Kyurem|Freeze-Dry|p1a: Heatran
|-damage|p1a: Heatran|15/100
|move|p1a: Heatran|Earth Power|p2a: Kyurem
|-end|p2a: Kyurem|Substitute
|
|-heal|p2a: Kyurem|81/100|[from] item: Leftovers
|upkeep
|turn|27
|
|t:|1760724373
|move|p2a: Kyurem|Freeze-Dry|p1a: Heatran
|-damage|p1a: Heatran|0 fnt
|faint|p1a: Heatran
|
|-heal|p2a: Kyurem|88/100|[from] item: Leftovers
|upkeep
|
|t:|1760724374
|switch|p1a: Primarina|Primarina, F|86/100
|turn|28
|
|t:|1760724376
|move|p2a: Kyurem|Protect|p2a: Kyurem
|-singleturn|p2a: Kyurem|Protect
|move|p1a: Primarina|Moonblast|p2a: Kyurem
|-activate|p2a: Kyurem|move: Protect
|
|-heal|p2a: Kyurem|94/100|[from] item: Leftovers
|upkeep
|turn|29
|
|t:|1760724383
|switch|p2a: Slowking|Slowking-Galar, L99, M|100/100
|move|p1a: Primarina|Moonblast|p2a: Slowking
|-resisted|p2a: Slowking
|-crit|p2a: Slowking
|-damage|p2a: Slowking|79/100
|
|upkeep
|turn|30
|l| jimmy powka
|
|t:|1760724386
|switch|p1a: Great Tusk|Great Tusk|100/100
|-prepare|p2a: Slowking|Chilly Reception|[premajor]
|move|p2a: Slowking|Chilly Reception|p2a: Slowking
|-weather|Snowscape
|
|t:|1760724391
|switch|p2a: Cinderace|Cinderace, F|68/100|[from] Chilly Reception
|
|-weather|Snowscape|[upkeep]
|upkeep
|turn|31
|
|t:|1760724394
|move|p2a: Cinderace|Will-O-Wisp|p1a: Great Tusk
|-status|p1a: Great Tusk|brn
|move|p1a: Great Tusk|Rapid Spin|p2a: Cinderace
|-damage|p2a: Cinderace|58/100
|-boost|p1a: Great Tusk|spe|1
|
|-weather|Snowscape|[upkeep]
|-damage|p1a: Great Tusk|94/100 brn|[from] brn
|upkeep
|turn|32
|j| No_Safe_Prayer
|
|t:|1760724411
|-terastallize|p2a: Cinderace|Flying
|move|p1a: Great Tusk|Headlong Rush|p2a: Cinderace
|-immune|p2a: Cinderace
|move|p2a: Cinderace|Court Change|p2a: Cinderace
|-swapsideconditions
|-activate|p2a: Cinderace|move: Court Change
|
|-weather|Snowscape|[upkeep]
|-damage|p1a: Great Tusk|88/100 brn|[from] brn
|upkeep
|turn|33
|
|t:|1760724421
|move|p1a: Great Tusk|Rapid Spin|p2a: Cinderace
|-damage|p2a: Cinderace|46/100
|-boost|p1a: Great Tusk|spe|1
|-sideend|p1: nfyhsueryfgius|Stealth Rock|[from] move: Rapid Spin|[of] p1a: Great Tusk
|move|p2a: Cinderace|Pyro Ball|p1a: Great Tusk
|-damage|p1a: Great Tusk|51/100 brn
|
|-weather|Snowscape|[upkeep]
|-damage|p1a: Great Tusk|45/100 brn|[from] brn
|upkeep
|turn|34
|
|t:|1760724427
|move|p1a: Great Tusk|Ice Spinner|p2a: Cinderace
|-supereffective|p2a: Cinderace
|-damage|p2a: Cinderace|15/100
|move|p2a: Cinderace|Pyro Ball|p1a: Great Tusk
|-damage|p1a: Great Tusk|7/100 brn
|
|-weather|none
|-damage|p1a: Great Tusk|1/100 brn|[from] brn
|upkeep
|turn|35
|
|t:|1760724432
|switch|p2a: Ting-Lu|Ting-Lu|100/100
|-ability|p2a: Ting-Lu|Vessel of Ruin
|move|p1a: Great Tusk|Close Combat|p2a: Ting-Lu
|-supereffective|p2a: Ting-Lu
|-damage|p2a: Ting-Lu|65/100
|-unboost|p1a: Great Tusk|def|1
|-unboost|p1a: Great Tusk|spd|1
|
|-heal|p2a: Ting-Lu|72/100|[from] item: Leftovers
|-damage|p1a: Great Tusk|0 fnt|[from] brn
|faint|p1a: Great Tusk
|-end|p1a: Great Tusk|Protosynthesis|[silent]
|upkeep
|
|t:|1760724436
|switch|p1a: Weavile|Weavile, F|84/100
|-ability|p1a: Weavile|Pressure
|turn|36
|
|t:|1760724440
|move|p1a: Weavile|Triple Axel|p2a: Ting-Lu
|-supereffective|p2a: Ting-Lu
|-damage|p2a: Ting-Lu|56/100
|-supereffective|p2a: Ting-Lu
|-damage|p2a: Ting-Lu|27/100
|-supereffective|p2a: Ting-Lu
|-damage|p2a: Ting-Lu|0 fnt
|faint|p2a: Ting-Lu
|-hitcount|p2: Ting-Lu|3
|
|upkeep
|
|t:|1760724445
|switch|p2a: Kyurem|Kyurem|94/100
|-ability|p2a: Kyurem|Pressure
|turn|37
|
|t:|1760724448
|move|p2a: Kyurem|Protect|p2a: Kyurem
|-singleturn|p2a: Kyurem|Protect
|move|p1a: Weavile|Triple Axel|p2a: Kyurem
|-activate|p2a: Kyurem|move: Protect
|
|-heal|p2a: Kyurem|99/100|[from] item: Leftovers
|upkeep
|turn|38
|
|t:|1760724452
|move|p1a: Weavile|Triple Axel|p2a: Kyurem
|-damage|p2a: Kyurem|86/100
|-damage|p2a: Kyurem|60/100
|-damage|p2a: Kyurem|17/100
|-hitcount|p2a: Kyurem|3
|move|p2a: Kyurem|Earth Power|p1a: Weavile
|-damage|p1a: Weavile|43/100
|
|-heal|p2a: Kyurem|23/100|[from] item: Leftovers
|upkeep
|turn|39
|
|t:|1760724459
|switch|p1a: Primarina|Primarina, F|86/100
|move|p2a: Kyurem|Protect||[still]
|-fail|p2a: Kyurem
|
|-heal|p2a: Kyurem|29/100|[from] item: Leftovers
|upkeep
|turn|40
|
|t:|1760724461
|move|p2a: Kyurem|Protect|p2a: Kyurem
|-singleturn|p2a: Kyurem|Protect
|move|p1a: Primarina|Moonblast|p2a: Kyurem
|-activate|p2a: Kyurem|move: Protect
|
|-heal|p2a: Kyurem|36/100|[from] item: Leftovers
|upkeep
|turn|41
|
|t:|1760724464
|switch|p2a: Slowking|Slowking-Galar, L99, M|100/100
|move|p1a: Primarina|Moonblast|p2a: Slowking
|-resisted|p2a: Slowking
|-damage|p2a: Slowking|85/100
|
|upkeep
|turn|42
|
|t:|1760724467
|move|p1a: Primarina|Flip Turn|p2a: Slowking
|-damage|p2a: Slowking|71/100
|
|t:|1760724468
|switch|p1a: Pecharunt|Pecharunt|94/100|[from] Flip Turn
|-prepare|p2a: Slowking|Chilly Reception|[premajor]
|move|p2a: Slowking|Chilly Reception|p2a: Slowking
|-weather|Snowscape
|
|t:|1760724472
|switch|p2a: Cinderace|Cinderace, F, tera:Flying|15/100|[from] Chilly Reception
|
|-weather|Snowscape|[upkeep]
|upkeep
|turn|43
|
|t:|1760724474
|move|p2a: Cinderace|Will-O-Wisp|p1a: Pecharunt
|-status|p1a: Pecharunt|brn
|move|p1a: Pecharunt|Shadow Ball|p2a: Cinderace
|-damage|p2a: Cinderace|0 fnt
|faint|p2a: Cinderace
|
|-weather|Snowscape|[upkeep]
|-damage|p1a: Pecharunt|88/100 brn|[from] brn
|upkeep
|
|t:|1760724476
|switch|p2a: Kyurem|Kyurem|36/100
|-ability|p2a: Kyurem|Pressure
|turn|44
|
|t:|1760724477
|move|p2a: Kyurem|Protect|p2a: Kyurem
|-singleturn|p2a: Kyurem|Protect
|move|p1a: Pecharunt|Shadow Ball|p2a: Kyurem
|-activate|p2a: Kyurem|move: Protect
|
|-weather|Snowscape|[upkeep]
|-heal|p2a: Kyurem|42/100|[from] item: Leftovers
|-damage|p1a: Pecharunt|82/100 brn|[from] brn
|upkeep
|turn|45
|
|t:|1760724481
|move|p2a: Kyurem|Earth Power|p1a: Pecharunt
|-supereffective|p1a: Pecharunt
|-damage|p1a: Pecharunt|16/100 brn
|move|p1a: Pecharunt|Malignant Chain|p2a: Kyurem
|-damage|p2a: Kyurem|12/100
|-status|p2a: Kyurem|tox
|-start|p2a: Kyurem|confusion|[from] ability: Poison Puppeteer|[of] p1a: Pecharunt
|
|-weather|Snowscape|[upkeep]
|-heal|p2a: Kyurem|18/100 tox|[from] item: Leftovers
|-damage|p2a: Kyurem|12/100 tox|[from] psn
|-damage|p1a: Pecharunt|10/100 brn|[from] brn
|upkeep
|turn|46
|-message|churrostick forfeited.
|
|win|nfyhsueryfgius
|raw|nfyhsueryfgius's rating: 1788 &rarr; <strong>1803</strong><br />(+15 for winning)
|raw|churrostick's rating: 1707 &rarr; <strong>1692</strong><br />(-15 for losing)
|l|☆churrostick
|player|p2|
|l| Partynparadise
|l| No_Safe_Prayer
