|j|☆Santiago2007
|j|☆Dream54301
|t:|1760726177
|gametype|singles
|player|p1|Santiago2007|169|1073
|player|p2|Dream54301|lusamine-nihilego|1109
|gen|9
|tier|[Gen 9] OU
|rated|
|rule|HP Percentage Mod: HP is shown in percentages
|rule|Endless Battle Clause: Forcing endless battles is banned
|rule|Species Clause: Limit one of each Pokémon
|rule|OHKO Clause: OHKO moves are banned
|rule|Evasion Items Clause: Evasion items are banned
|rule|Evasion Moves Clause: Evasion moves are banned
|rule|Evasion Abilities Clause: Evasion abilities are banned
|rule|Sleep Moves Clause: Sleep-inducing moves are banned
|clearpoke
|poke|p1|Mamoswine, M|
|poke|p1|Heatran, F|
|poke|p1|Alomomola, F|
|poke|p1|Meowscarada, F|
|poke|p1|Dragapult, F|
|poke|p1|Zapdos|
|poke|p2|Lapras, M|
|poke|p2|Rotom-Heat|
|poke|p2|Breloom, F|
|poke|p2|Gliscor, F|
|poke|p2|Mandibuzz, F|
|poke|p2|Magnezone|
|teampreview
|inactive|Battle timer is ON: inactive players will automatically lose when time's up. (requested by Santiago2007)
|
|t:|1760726188
|teamsize|p1|6
|teamsize|p2|6
|start
|switch|p1a: Mamoswine|Mamoswine, M|100/100
|switch|p2a: Mandibuzz|Mandibuzz, F|100/100
|turn|1
|
|t:|1760726206
|move|p1a: Mamoswine|Stealth Rock|p2a: Mandibuzz
|-sidestart|p2: Dream54301|move: Stealth Rock
|move|p2a: Mandibuzz|U-turn|p1a: Mamoswine
|-damage|p1a: Mamoswine|84/100
|
|t:|1760726212
|switch|p2a: Breloom|Breloom, F|100/100|[from] U-turn
|-damage|p2a: Breloom|94/100|[from] Stealth Rock
|
|upkeep
|turn|2
|
|t:|1760726219
|switch|p1a: Dragapult|Dragapult, F|100/100
|move|p2a: Breloom|Mach Punch|p1a: Dragapult
|-immune|p1a: Dragapult
|
|upkeep
|turn|3
|
|t:|1760726227
|switch|p2a: Mandibuzz|Mandibuzz, F|100/100
|move|p1a: Dragapult|Will-O-Wisp|p2a: Mandibuzz
|-status|p2a: Mandibuzz|brn
|
|-damage|p2a: Mandibuzz|94/100 brn|[from] brn
|upkeep
|turn|4
|
|t:|1760726238
|move|p1a: Dragapult|U-turn|p2a: Mandibuzz
|-damage|p2a: Mandibuzz|80/100 brn
|-ability|p2a: Mandibuzz|Weak Armor|boost
|-unboost|p2a: Mandibuzz|def|1
|-boost|p2a: Mandibuzz|spe|2
|
|t:|1760726256
|switch|p1a: Heatran|Heatran, F|100/100|[from] U-turn
|move|p2a: Mandibuzz|Defog|p1a: Heatran
|-unboost|p1a: Heatran|evasion|1
|-sideend|p2: Dream54301|Stealth Rock|[from] move: Defog|[of] p2a: Mandibuzz
|
|-damage|p2a: Mandibuzz|74/100 brn|[from] brn
|upkeep
|turn|5
|
|t:|1760726262
|move|p2a: Mandibuzz|Brave Bird|p1a: Heatran
|-resisted|p1a: Heatran
|-damage|p1a: Heatran|92/100
|-damage|p2a: Mandibuzz|72/100 brn|[from] Recoil
|move|p1a: Heatran|Stealth Rock|p2a: Mandibuzz
|-sidestart|p2: Dream54301|move: Stealth Rock
|
|-heal|p1a: Heatran|99/100|[from] item: Leftovers
|-damage|p2a: Mandibuzz|66/100 brn|[from] brn
|upkeep
|turn|6
|
|t:|1760726270
|move|p2a: Mandibuzz|Defog|p1a: Heatran
|-unboost|p1a: Heatran|evasion|1
|-sideend|p2: Dream54301|Stealth Rock|[from] move: Defog|[of] p2a: Mandibuzz
|move|p1a: Heatran|Magma Storm|p2a: Mandibuzz|[miss]
|-miss|p1a: Heatran|p2a: Mandibuzz
|
|-heal|p1a: Heatran|100/100|[from] item: Leftovers
|-damage|p2a: Mandibuzz|59/100 brn|[from] brn
|upkeep
|turn|7
|
|t:|1760726286
|move|p2a: Mandibuzz|U-turn|p1a: Heatran
|-resisted|p1a: Heatran
|-damage|p1a: Heatran|99/100
|inactive|Dream54301 has 120 seconds left.
|
|t:|1760726316
|switch|p2a: Breloom|Breloom, F|94/100|[from] U-turn
|move|p1a: Heatran|Stealth Rock|p2a: Breloom
|-sidestart|p2: Dream54301|move: Stealth Rock
|
|-heal|p1a: Heatran|100/100|[from] item: Leftovers
|upkeep
|turn|8
|
|t:|1760726328
|switch|p1a: Zapdos|Zapdos|100/100
|move|p2a: Breloom|Aerial Ace|p1a: Zapdos
|-resisted|p1a: Zapdos
|-damage|p1a: Zapdos|89/100
|
|upkeep
|turn|9
|
|t:|1760726339
|switch|p2a: Gliscor|Gliscor, F|100/100
|-damage|p2a: Gliscor|88/100|[from] Stealth Rock
|move|p1a: Zapdos|Hurricane|p2a: Gliscor|[miss]
|-miss|p1a: Zapdos|p2a: Gliscor
|
|-status|p2a: Gliscor|tox|[from] item: Toxic Orb
|upkeep
|turn|10
|
|t:|1760726364
|move|p2a: Gliscor|Stealth Rock|p1a: Zapdos
|-sidestart|p1: Santiago2007|move: Stealth Rock
|move|p1a: Zapdos|Hurricane|p2a: Gliscor
|-damage|p2a: Gliscor|19/100 tox
|
|-heal|p2a: Gliscor|31/100 tox|[from] ability: Poison Heal
|upkeep
|turn|11
|
|t:|1760726375
|move|p2a: Gliscor|Facade|p1a: Zapdos
|-damage|p1a: Zapdos|60/100
|move|p1a: Zapdos|Hurricane|p2a: Gliscor
|-damage|p2a: Gliscor|0 fnt
|faint|p2a: Gliscor
|
|upkeep
|inactive|Dream54301 has 90 seconds left.
|
|t:|1760726395
|switch|p2a: Rotom|Rotom-Heat|100/100
|-damage|p2a: Rotom|76/100|[from] Stealth Rock
|turn|12
|inactive|Dream54301 has 90 seconds left.
|
|t:|1760726407
|move|p2a: Rotom|Trick|p1a: Zapdos
|-activate|p2a: Rotom|move: Trick|[of] p1a: Zapdos
|-item|p1a: Zapdos|Choice Scarf|[from] move: Trick
|-item|p2a: Rotom|Heavy-Duty Boots|[from] move: Trick
|move|p1a: Zapdos|Roost|p1a: Zapdos
|-heal|p1a: Zapdos|100/100
|-singleturn|p1a: Zapdos|move: Roost
|
|upkeep
|turn|13
|inactive|Dream54301 has 90 seconds left.
|
|t:|1760726415
|switch|p1a: Heatran|Heatran, F|100/100
|-damage|p1a: Heatran|88/100|[from] Stealth Rock
|move|p2a: Rotom|Volt Switch|p1a: Heatran
|-damage|p1a: Heatran|67/100
|inactive|Dream54301 has 90 seconds left.
|
|t:|1760726424
|switch|p2a: Lapras|Lapras, M|100/100|[from] Volt Switch
|-damage|p2a: Lapras|76/100|[from] Stealth Rock
|
|-heal|p1a: Heatran|73/100|[from] item: Leftovers
|-heal|p2a: Lapras|82/100|[from] item: Leftovers
|upkeep
|turn|14
|
|t:|1760726440
|switch|p1a: Alomomola|Alomomola, F|100/100
|move|p2a: Lapras|Freeze-Dry|p1a: Alomomola
|-supereffective|p1a: Alomomola
|-damage|p1a: Alomomola|33/100
|
|-heal|p2a: Lapras|88/100|[from] item: Leftovers
|upkeep
|turn|15
|
|t:|1760726449
|switch|p1a: Meowscarada|Meowscarada, F|100/100
|-damage|p1a: Meowscarada|88/100|[from] Stealth Rock
|move|p2a: Lapras|Freeze-Dry|p1a: Meowscarada
|-supereffective|p1a: Meowscarada
|-damage|p1a: Meowscarada|0 fnt
|faint|p1a: Meowscarada
|
|-heal|p2a: Lapras|94/100|[from] item: Leftovers
|upkeep
|
|t:|1760726455
|switch|p1a: Zapdos|Zapdos|100/100
|-damage|p1a: Zapdos|76/100|[from] Stealth Rock
|turn|16
|
|t:|1760726463
|move|p2a: Lapras|Protect|p2a: Lapras
|-singleturn|p2a: Lapras|Protect
|move|p1a: Zapdos|Volt Switch|p2a: Lapras
|-activate|p2a: Lapras|move: Protect
|
|-heal|p2a: Lapras|99/100|[from] item: Leftovers
|upkeep
|turn|17
|inactive|Dream54301 has 120 seconds left.
|
|t:|1760726471
|switch|p2a: Rotom|Rotom-Heat|76/100
|move|p1a: Zapdos|Volt Switch|p2a: Rotom
|-resisted|p2a: Rotom
|-damage|p2a: Rotom|57/100
|
|t:|1760726473
|switch|p1a: Dragapult|Dragapult, F|100/100|[from] Volt Switch
|
|upkeep
|turn|18
|
|t:|1760726482
|move|p1a: Dragapult|Dragon Darts|p2a: Rotom
|-damage|p2a: Rotom|27/100
|-anim|p1a: Dragapult|Dragon Darts|p2a: Rotom
|-damage|p2a: Rotom|0 fnt
|faint|p2a: Rotom
|
|upkeep
|
|t:|1760726488
|switch|p2a: Lapras|Lapras, M|99/100
|-damage|p2a: Lapras|75/100|[from] Stealth Rock
|turn|19
|
|t:|1760726492
|move|p1a: Dragapult|U-turn|p2a: Lapras
|-damage|p2a: Lapras|59/100
|
|t:|1760726494
|switch|p1a: Heatran|Heatran, F|73/100|[from] U-turn
|-damage|p1a: Heatran|61/100|[from] Stealth Rock
|move|p2a: Lapras|Freeze-Dry|p1a: Heatran
|-resisted|p1a: Heatran
|-damage|p1a: Heatran|56/100
|
|-heal|p1a: Heatran|62/100|[from] item: Leftovers
|-heal|p2a: Lapras|65/100|[from] item: Leftovers
|upkeep
|turn|20
|
|t:|1760726498
|move|p1a: Heatran|Taunt|p2a: Lapras
|-start|p2a: Lapras|move: Taunt
|move|p2a: Lapras|Surf|p1a: Heatran
|-supereffective|p1a: Heatran
|-damage|p1a: Heatran|16/100
|
|-heal|p1a: Heatran|22/100|[from] item: Leftovers
|-heal|p2a: Lapras|71/100|[from] item: Leftovers
|upkeep
|turn|21
|
|t:|1760726511
|move|p1a: Heatran|Magma Storm|p2a: Lapras
|-damage|p2a: Lapras|36/100
|-activate|p2a: Lapras|move: Magma Storm|[of] p1a: Heatran
|move|p2a: Lapras|Surf|p1a: Heatran
|-supereffective|p1a: Heatran
|-damage|p1a: Heatran|0 fnt
|faint|p1a: Heatran
|
|-heal|p2a: Lapras|42/100|[from] item: Leftovers
|-end|p2a: Lapras|Magma Storm|[partiallytrapped]|[silent]
|upkeep
|
|t:|1760726519
|switch|p1a: Zapdos|Zapdos|76/100
|-damage|p1a: Zapdos|51/100|[from] Stealth Rock
|turn|22
|
|t:|1760726528
|switch|p2a: Breloom|Breloom, F|94/100
|-damage|p2a: Breloom|88/100|[from] Stealth Rock
|move|p1a: Zapdos|Volt Switch|p2a: Breloom
|-resisted|p2a: Breloom
|-damage|p2a: Breloom|58/100
|
|t:|1760726536
|switch|p1a: Dragapult|Dragapult, F|100/100|[from] Volt Switch
|
|upkeep
|turn|23
|
|t:|1760726543
|move|p1a: Dragapult|Dragon Darts|p2a: Breloom
|-damage|p2a: Breloom|26/100
|-anim|p1a: Dragapult|Dragon Darts|p2a: Breloom
|-damage|p2a: Breloom|0 fnt
|faint|p2a: Breloom
|
|upkeep
|
|t:|1760726550
|switch|p2a: Lapras|Lapras, M|42/100
|-damage|p2a: Lapras|18/100|[from] Stealth Rock
|turn|24
|
|t:|1760726552
|move|p1a: Dragapult|Dragon Darts|p2a: Lapras
|-damage|p2a: Lapras|0 fnt
|faint|p2a: Lapras
|
|upkeep
|
|t:|1760726558
|switch|p2a: Mandibuzz|Mandibuzz, F|59/100 brn
|turn|25
|
|t:|1760726564
|move|p1a: Dragapult|U-turn|p2a: Mandibuzz
|-crit|p2a: Mandibuzz
|-damage|p2a: Mandibuzz|37/100 brn
|-ability|p2a: Mandibuzz|Weak Armor|boost
|-unboost|p2a: Mandibuzz|def|1
|-boost|p2a: Mandibuzz|spe|2
|
|t:|1760726566
|switch|p1a: Zapdos|Zapdos|51/100|[from] U-turn
|-damage|p1a: Zapdos|26/100|[from] Stealth Rock
|move|p2a: Mandibuzz|Brave Bird|p1a: Zapdos
|-resisted|p1a: Zapdos
|-damage|p1a: Zapdos|19/100
|-damage|p2a: Mandibuzz|35/100 brn|[from] Recoil
|
|-damage|p2a: Mandibuzz|29/100 brn|[from] brn
|upkeep
|turn|26
|
|t:|1760726577
|move|p2a: Mandibuzz|Roost|p2a: Mandibuzz
|-heal|p2a: Mandibuzz|79/100 brn
|-singleturn|p2a: Mandibuzz|move: Roost
|move|p1a: Zapdos|Volt Switch|p2a: Mandibuzz
|-damage|p2a: Mandibuzz|56/100 brn
|
|t:|1760726590
|switch|p1a: Alomomola|Alomomola, F|66/100|[from] Volt Switch
|
|-damage|p2a: Mandibuzz|49/100 brn|[from] brn
|upkeep
|turn|27
|l|☆Santiago2007
|inactive|Santiago2007 disconnected and has a minute to reconnect!
|player|p1|
|inactive|Santiago2007 has 30 seconds to reconnect!
|inactive|Santiago2007 has 20 seconds to reconnect!
|inactive|Santiago2007 has 15 seconds to reconnect!
|inactive|Santiago2007 has 10 seconds to reconnect!
|inactive|Santiago2007 has 5 seconds to reconnect!
|-message|Santiago2007 lost due to inactivity.
|
|win|Dream54301
|raw|Santiago2007's rating: 1073 &rarr; <strong>1054</strong><br />(-19 for losing)
|raw|Dream54301's rating: 1109 &rarr; <strong>1131</strong><br />(+22 for winning)
