|j|☆Ivanpmd
|j|☆hjy123
|t:|1760874989
|gametype|singles
|player|p1|Ivanpmd|cheren-gen5bw2|1079
|player|p2|hjy123|roxie|1070
|gen|9
|tier|[Gen 9] OU
|rated|
|rule|HP Percentage Mod: HP is shown in percentages
|rule|Endless Battle Clause: Forcing endless battles is banned
|rule|Species Clause: Limit one of each Pokémon
|rule|OHKO Clause: OHKO moves are banned
|rule|Evasion Items Clause: Evasion items are banned
|rule|Evasion Moves Clause: Evasion moves are banned
|rule|Evasion Abilities Clause: Evasion abilities are banned
|rule|Sleep Moves Clause: Sleep-inducing moves are banned
|clearpoke
|poke|p1|Torkoal, F|
|poke|p1|Slither Wing|
|poke|p1|Raging Bolt|
|poke|p1|Walking Wake|
|poke|p1|Ceruledge, F|
|poke|p1|Venusaur, M|
|poke|p2|Pelipper, M|
|poke|p2|Greninja-*, M|
|poke|p2|Basculegion, M|
|poke|p2|Zapdos|
|poke|p2|Sandy Shocks|
|poke|p2|Scizor, F|
|teampreview
|inactive|Battle timer is ON: inactive players will automatically lose when time's up. (requested by Ivanpmd)
|
|t:|1760874996
|teamsize|p1|6
|teamsize|p2|6
|start
|switch|p1a: Torkoal|Torkoal, F, shiny|100/100
|switch|p2a: Sandy Shocks|Sandy Shocks|100/100
|-weather|SunnyDay|[from] ability: Drought|[of] p1a: Torkoal
|-activate|p2a: Sandy Shocks|ability: Protosynthesis
|-start|p2a: Sandy Shocks|protosynthesisspe
|turn|1
|
|t:|1760875006
|move|p2a: Sandy Shocks|Earth Power|p1a: Torkoal
|-supereffective|p1a: Torkoal
|-damage|p1a: Torkoal|22/100
|move|p1a: Torkoal|Stealth Rock|p2a: Sandy Shocks
|-sidestart|p2: hjy123|move: Stealth Rock
|
|-weather|SunnyDay|[upkeep]
|upkeep
|turn|2
|
|t:|1760875017
|switch|p1a: Lechuga|Venusaur, M, shiny|100/100
|move|p2a: Sandy Shocks|Stealth Rock|p1a: Lechuga
|-sidestart|p1: Ivanpmd|move: Stealth Rock
|
|-weather|SunnyDay|[upkeep]
|upkeep
|turn|3
|
|t:|1760875025
|-end|p2a: Sandy Shocks|Protosynthesis|[silent]
|switch|p2a: Pelipper|Pelipper, M|100/100
|-damage|p2a: Pelipper|76/100|[from] Stealth Rock
|-weather|RainDance|[from] ability: Drizzle|[of] p2a: Pelipper
|move|p1a: Lechuga|Growth|p1a: Lechuga
|-boost|p1a: Lechuga|atk|1
|-boost|p1a: Lechuga|spa|1
|
|-weather|RainDance|[upkeep]
|upkeep
|turn|4
|
|t:|1760875038
|move|p1a: Lechuga|Sludge Bomb|p2a: Pelipper
|-damage|p2a: Pelipper|0 fnt
|faint|p2a: Pelipper
|-damage|p1a: Lechuga|91/100|[from] item: Life Orb
|
|-weather|RainDance|[upkeep]
|upkeep
|
|t:|1760875051
|switch|p2a: Basculegion|Basculegion, M|100/100
|-damage|p2a: Basculegion|88/100|[from] Stealth Rock
|turn|5
|
|t:|1760875056
|switch|p1a: Torkoal|Torkoal, F, shiny|22/100
|-damage|p1a: Torkoal|0 fnt|[from] Stealth Rock
|faint|p1a: Torkoal
|move|p2a: Basculegion|Psychic Fangs|p1: Torkoal|[notarget]
|-fail|p2a: Basculegion
|
|-weather|RainDance|[upkeep]
|upkeep
|
|t:|1760875066
|switch|p1a: Raging Bolt|Raging Bolt|100/100
|-damage|p1a: Raging Bolt|88/100|[from] Stealth Rock
|turn|6
|
|t:|1760875075
|switch|p2a: Sandy Shocks|Sandy Shocks|100/100
|-damage|p2a: Sandy Shocks|94/100|[from] Stealth Rock
|-enditem|p2a: Sandy Shocks|Booster Energy
|-activate|p2a: Sandy Shocks|ability: Protosynthesis|[fromitem]
|-start|p2a: Sandy Shocks|protosynthesisspe
|move|p1a: Raging Bolt|Calm Mind|p1a: Raging Bolt
|-boost|p1a: Raging Bolt|spa|1
|-boost|p1a: Raging Bolt|spd|1
|
|-weather|RainDance|[upkeep]
|-heal|p1a: Raging Bolt|94/100|[from] item: Leftovers
|upkeep
|turn|7
|
|t:|1760875087
|-terastallize|p1a: Raging Bolt|Flying
|move|p2a: Sandy Shocks|Earth Power|p1a: Raging Bolt
|-immune|p1a: Raging Bolt
|move|p1a: Raging Bolt|Weather Ball|p2a: Sandy Shocks
|-supereffective|p2a: Sandy Shocks
|-damage|p2a: Sandy Shocks|0 fnt
|faint|p2a: Sandy Shocks
|-end|p2a: Sandy Shocks|Protosynthesis|[silent]
|
|-weather|RainDance|[upkeep]
|-heal|p1a: Raging Bolt|100/100|[from] item: Leftovers
|upkeep
|
|t:|1760875095
|switch|p2a: Basculegion|Basculegion, M|88/100
|-damage|p2a: Basculegion|76/100|[from] Stealth Rock
|turn|8
|
|t:|1760875101
|move|p2a: Basculegion|Aqua Jet|p1a: Raging Bolt
|-damage|p1a: Raging Bolt|63/100
|move|p1a: Raging Bolt|Thunderclap||[still]
|-fail|p1a: Raging Bolt
|
|-weather|RainDance|[upkeep]
|-heal|p1a: Raging Bolt|69/100|[from] item: Leftovers
|upkeep
|turn|9
|
|t:|1760875114
|move|p2a: Basculegion|Aqua Jet|p1a: Raging Bolt
|-damage|p1a: Raging Bolt|31/100
|move|p1a: Raging Bolt|Dragon Pulse|p2a: Basculegion
|-damage|p2a: Basculegion|0 fnt
|faint|p2a: Basculegion
|
|-weather|RainDance|[upkeep]
|-heal|p1a: Raging Bolt|38/100|[from] item: Leftovers
|upkeep
|
|t:|1760875122
|switch|p2a: Scizor|Scizor, F|100/100
|-damage|p2a: Scizor|88/100|[from] Stealth Rock
|turn|10
|
|t:|1760875130
|move|p1a: Raging Bolt|Thunderclap|p2a: Scizor
|-damage|p2a: Scizor|20/100
|move|p2a: Scizor|Bullet Punch|p1a: Raging Bolt
|-damage|p1a: Raging Bolt|8/100
|
|-weather|none
|-heal|p1a: Raging Bolt|14/100|[from] item: Leftovers
|upkeep
|turn|11
|
|t:|1760875139
|move|p1a: Raging Bolt|Thunderclap|p2a: Scizor
|-damage|p2a: Scizor|0 fnt
|faint|p2a: Scizor
|
|-heal|p1a: Raging Bolt|21/100|[from] item: Leftovers
|upkeep
|
|t:|1760875141
|switch|p2a: Greninja|Greninja, M|100/100
|-damage|p2a: Greninja|88/100|[from] Stealth Rock
|turn|12
|
|t:|1760875147
|move|p2a: Greninja|Water Shuriken|p1a: Raging Bolt
|-damage|p1a: Raging Bolt|16/100
|-damage|p1a: Raging Bolt|10/100
|-damage|p1a: Raging Bolt|6/100
|-hitcount|p1a: Raging Bolt|3
|-damage|p2a: Greninja|78/100|[from] item: Life Orb
|move|p1a: Raging Bolt|Thunderclap||[still]
|-fail|p1a: Raging Bolt
|
|-heal|p1a: Raging Bolt|12/100|[from] item: Leftovers
|upkeep
|turn|13
|
|t:|1760875164
|move|p2a: Greninja|Water Shuriken|p1a: Raging Bolt
|-damage|p1a: Raging Bolt|7/100
|-damage|p1a: Raging Bolt|3/100
|-damage|p1a: Raging Bolt|0 fnt
|faint|p1a: Raging Bolt
|-end|p1a: Raging Bolt|Protosynthesis|[silent]
|-ability|p2a: Greninja|Battle Bond|boost
|-boost|p2a: Greninja|atk|1
|-boost|p2a: Greninja|spa|1
|-boost|p2a: Greninja|spe|1
|-activate|p2a: Greninja|ability: Battle Bond
|-hitcount|p1: Raging Bolt|3
|-damage|p2a: Greninja|69/100|[from] item: Life Orb
|
|upkeep
|
|t:|1760875183
|switch|p1a: Lechuga|Venusaur, M, shiny|91/100
|-damage|p1a: Lechuga|78/100|[from] Stealth Rock
|turn|14
|inactive|Ivanpmd has 120 seconds left.
|
|t:|1760875219
|move|p2a: Greninja|Ice Beam|p1a: Lechuga
|-supereffective|p1a: Lechuga
|-damage|p1a: Lechuga|0 fnt
|faint|p1a: Lechuga
|-damage|p2a: Greninja|59/100|[from] item: Life Orb
|
|upkeep
|inactive|Ivanpmd has 90 seconds left.
|
|t:|1760875251
|switch|p1a: Slither Wing|Slither Wing, shiny|100/100
|-damage|p1a: Slither Wing|88/100|[from] Stealth Rock
|turn|15
|
|t:|1760875259
|move|p2a: Greninja|Surf|p1a: Slither Wing
|-damage|p1a: Slither Wing|1/100
|-damage|p2a: Greninja|49/100|[from] item: Life Orb
|move|p1a: Slither Wing|Leech Life|p2a: Greninja
|-supereffective|p2a: Greninja
|-damage|p2a: Greninja|0 fnt
|-heal|p1a: Slither Wing|24/100|[from] drain|[of] p2a: Greninja
|faint|p2a: Greninja
|
|upkeep
|
|t:|1760875262
|switch|p2a: Zapdos|Zapdos|100/100
|turn|16
|-message|hjy123 forfeited.
|
|win|Ivanpmd
|raw|Ivanpmd's rating: 1079 &rarr; <strong>1106</strong><br />(+27 for winning)
|raw|hjy123's rating: 1070 &rarr; <strong>1050</strong><br />(-20 for losing)
|l|☆hjy123
|player|p2|
|c|☆Ivanpmd|Gg
