|j|☆1kArrow
|j|☆EtnSucksDontBuyHim
|t:|1760839380
|gametype|singles
|player|p1|1kArrow|zinnia|
|player|p2|EtnSucksDontBuyHim|miku-psychic|
|gen|9
|tier|[Gen 9] OU
|rule|HP Percentage Mod: HP is shown in percentages
|rule|Endless Battle Clause: Forcing endless battles is banned
|rule|Species Clause: Limit one of each Pokémon
|rule|OHKO Clause: OHKO moves are banned
|rule|Evasion Items Clause: Evasion items are banned
|rule|Evasion Moves Clause: Evasion moves are banned
|rule|Evasion Abilities Clause: Evasion abilities are banned
|rule|Sleep Moves Clause: Sleep-inducing moves are banned
|rule|Same Color Clause: Pokémon in a team must be the same color
|raw|<div class="infobox"><details class="readmore" open><summary><strong>3 custom rules:</strong></summary> +Archaludon, +Volcarona, Same Color Clause</details></div>
|clearpoke
|poke|p1|Darkrai|
|poke|p1|Kingambit, M|
|poke|p1|Necrozma|
|poke|p1|Weavile, M|
|poke|p1|Tauros-Paldea-Aqua, M|
|poke|p1|Toedscruel, F|
|poke|p2|Galvantula, M|
|poke|p2|Gholdengo|
|poke|p2|Raging Bolt|
|poke|p2|Zapdos-Galar|
|poke|p2|Mimikyu, F|
|poke|p2|Haxorus, M|
|teampreview
|c|☆EtnSucksDontBuyHim|hf
|c|☆1kArrow|hf
|c|☆1kArrow|that team is crazy
|c|☆1kArrow|wtf is gapdos doing on yellow :sob:
|
|t:|1760839438
|teamsize|p1|6
|teamsize|p2|6
|start
|switch|p1a: Weavile|Weavile, M|100/100
|switch|p2a: cool bug|Galvantula, M|100/100
|-ability|p1a: Weavile|Pressure
|turn|1
|
|t:|1760839487
|switch|p2a: big cheese|Gholdengo|100/100
|move|p1a: Weavile|Triple Axel|p2a: big cheese
|-resisted|p2a: big cheese
|-damage|p2a: big cheese|95/100
|-resisted|p2a: big cheese
|-damage|p2a: big cheese|84/100
|-resisted|p2a: big cheese
|-damage|p2a: big cheese|66/100
|-hitcount|p2a: big cheese|3
|
|upkeep
|turn|2
|j| ItsMorbinTime1337
|c|☆1kArrow|he ghold then go
|
|t:|1760839542
|switch|p1a: Toedscruel|Toedscruel, F|100/100
|-terastallize|p2a: big cheese|Steel
|move|p2a: big cheese|Make It Rain|p1a: Toedscruel
|-damage|p1a: Toedscruel|16/100
|-unboost|p2a: big cheese|spa|1
|
|upkeep
|turn|3
|
|t:|1760839562
|switch|p1a: Necrozma|Necrozma|100/100
|switch|p2a: cool bug|Galvantula, M|100/100
|
|upkeep
|turn|4
|
|t:|1760839573
|move|p2a: cool bug|Sticky Web|p1a: Necrozma
|-sidestart|p1: 1kArrow|move: Sticky Web
|move|p1a: Necrozma|Stealth Rock|p2a: cool bug
|-sidestart|p2: EtnSucksDontBuyHim|move: Stealth Rock
|
|upkeep
|turn|5
|
|t:|1760839599
|move|p2a: cool bug|Bug Buzz|p1a: Necrozma
|-supereffective|p1a: Necrozma
|-damage|p1a: Necrozma|54/100
|move|p1a: Necrozma|Knock Off|p2a: cool bug
|-damage|p2a: cool bug|57/100
|-enditem|p2a: cool bug|Focus Sash|[from] move: Knock Off|[of] p1a: Necrozma
|
|upkeep
|turn|6
|
|t:|1760839622
|move|p2a: cool bug|Thunder Wave|p1a: Necrozma
|-status|p1a: Necrozma|par
|move|p1a: Necrozma|Moonlight|p1a: Necrozma
|-heal|p1a: Necrozma|100/100 par
|
|upkeep
|turn|7
|c|☆1kArrow|you dare use the ancient evil against its master
|c|☆EtnSucksDontBuyHim|i mean liek
|c|☆EtnSucksDontBuyHim|rachi is like half the reason i drafted psychic
|c|☆EtnSucksDontBuyHim|i luv hax
|c|☆1kArrow|when the body slam + iron head max
|c|☆1kArrow|its yellow
|c|☆EtnSucksDontBuyHim|oh true
|c| ItsMorbinTime1337|lemon flavor
|c|☆EtnSucksDontBuyHim|i think i considered it but i replaced it with haxorus
|c|☆EtnSucksDontBuyHim|it has hax in the name
|c|☆EtnSucksDontBuyHim|!
|c|☆1kArrow|probably better on a webs team
|
|t:|1760839763
|move|p2a: cool bug|Bug Buzz|p1a: Necrozma
|-supereffective|p1a: Necrozma
|-damage|p1a: Necrozma|57/100 par
|cant|p1a: Necrozma|par
|
|upkeep
|turn|8
|
|t:|1760839771
|move|p2a: cool bug|Bug Buzz|p1a: Necrozma
|-supereffective|p1a: Necrozma
|-damage|p1a: Necrozma|13/100 par
|move|p1a: Necrozma|Psychic Fangs|p2a: cool bug
|-damage|p2a: cool bug|0 fnt
|faint|p2a: cool bug
|
|upkeep
|c|☆1kArrow|forgot photon geyser is whichever is higher
|c|☆1kArrow|:sob:
|
|t:|1760839828
|switch|p2a: big cheese|Gholdengo, tera:Steel|66/100
|-damage|p2a: big cheese|60/100|[from] Stealth Rock
|turn|9
|
|t:|1760839835
|move|p2a: big cheese|Shadow Ball|p1a: Necrozma
|-supereffective|p1a: Necrozma
|-damage|p1a: Necrozma|0 fnt
|faint|p1a: Necrozma
|
|upkeep
|
|t:|1760839839
|switch|p1a: Darkrai|Darkrai|100/100
|turn|10
|j| xurkitreeez
|
|t:|1760839906
|move|p1a: Darkrai|Sludge Bomb|p2a: big cheese
|-immune|p2a: big cheese
|move|p2a: big cheese|Make It Rain|p1a: Darkrai
|-damage|p1a: Darkrai|0 fnt
|-unboost|p2a: big cheese|spa|1
|faint|p1a: Darkrai
|
|upkeep
|
|t:|1760839914
|switch|p1a: Toedscruel|Toedscruel, F|16/100
|-activate|p1a: Toedscruel|move: Sticky Web
|-unboost|p1a: Toedscruel|spe|1
|turn|11
|c|☆EtnSucksDontBuyHim|go go gadget metal coat
|
|t:|1760839920
|move|p1a: Toedscruel|Rapid Spin|p2a: big cheese
|-resisted|p2a: big cheese
|-damage|p2a: big cheese|56/100
|-boost|p1a: Toedscruel|spe|1
|-sideend|p1: 1kArrow|Sticky Web|[from] move: Rapid Spin|[of] p1a: Toedscruel
|move|p2a: big cheese|Shadow Ball|p1a: Toedscruel
|-damage|p1a: Toedscruel|0 fnt
|faint|p1a: Toedscruel
|
|upkeep
|c|☆1kArrow|damn its the goated metal scarf team
|
|t:|1760839936
|switch|p1a: Tauros|Tauros-Paldea-Aqua, M|100/100
|-ability|p1a: Tauros|Intimidate|boost
|-unboost|p2a: big cheese|atk|1
|turn|12
|c| ItsMorbinTime1337|no fire cow :(
|
|t:|1760839999
|switch|p2a: Raging Bolt|Raging Bolt|100/100
|-damage|p2a: Raging Bolt|88/100|[from] Stealth Rock
|-enditem|p2a: Raging Bolt|Booster Energy
|-activate|p2a: Raging Bolt|ability: Protosynthesis|[fromitem]
|-start|p2a: Raging Bolt|protosynthesisspa
|move|p1a: Tauros|Close Combat|p2a: Raging Bolt
|-damage|p2a: Raging Bolt|43/100
|-unboost|p1a: Tauros|def|1
|-unboost|p1a: Tauros|spd|1
|
|upkeep
|turn|13
|
|t:|1760840018
|move|p1a: Tauros|Aqua Jet|p2a: Raging Bolt
|-resisted|p2a: Raging Bolt
|-damage|p2a: Raging Bolt|36/100
|move|p2a: Raging Bolt|Thunderbolt|p1a: Tauros
|-supereffective|p1a: Tauros
|-damage|p1a: Tauros|0 fnt
|faint|p1a: Tauros
|
|upkeep
|
|t:|1760840028
|switch|p1a: Weavile|Weavile, M|100/100
|-ability|p1a: Weavile|Pressure
|turn|14
|
|t:|1760840036
|move|p1a: Weavile|Ice Shard|p2a: Raging Bolt
|-supereffective|p2a: Raging Bolt
|-damage|p2a: Raging Bolt|0 fnt
|faint|p2a: Raging Bolt
|-end|p2a: Raging Bolt|Protosynthesis|[silent]
|
|upkeep
|
|t:|1760840043
|switch|p2a: Mimikyu|Mimikyu, F|100/100
|-damage|p2a: Mimikyu|88/100|[from] Stealth Rock
|turn|15
|
|t:|1760840051
|move|p1a: Weavile|Triple Axel|p2a: Mimikyu
|-activate|p2a: Mimikyu|ability: Disguise
|-damage|p2a: Mimikyu|88/100
|detailschange|p2a: Mimikyu|Mimikyu-Busted, F
|-damage|p2a: Mimikyu|76/100|[from] pokemon: Mimikyu-Busted
|-damage|p2a: Mimikyu|44/100
|-damage|p2a: Mimikyu|0 fnt
|faint|p2a: Mimikyu
|-hitcount|p2: Mimikyu|3
|
|upkeep
|
|t:|1760840061
|switch|p2a: big cheese|Gholdengo, tera:Steel|56/100
|-damage|p2a: big cheese|50/100|[from] Stealth Rock
|turn|16
|
|t:|1760840068
|move|p1a: Weavile|Knock Off|p2a: big cheese
|-damage|p2a: big cheese|0 fnt
|-enditem|p2a: big cheese|Metal Coat|[from] move: Knock Off|[of] p1a: Weavile
|faint|p2a: big cheese
|
|upkeep
|
|t:|1760840075
|switch|p2a: Zapdos|Zapdos-Galar|100/100
|-damage|p2a: Zapdos|88/100|[from] Stealth Rock
|turn|17
|
|t:|1760840082
|move|p1a: Weavile|Ice Shard|p2a: Zapdos
|-supereffective|p2a: Zapdos
|-damage|p2a: Zapdos|41/100
|move|p2a: Zapdos|Thunderous Kick|p1a: Weavile
|-supereffective|p1a: Weavile
|-damage|p1a: Weavile|0 fnt
|faint|p1a: Weavile
|
|-heal|p2a: Zapdos|48/100|[from] item: Leftovers
|upkeep
|
|t:|1760840087
|switch|p1a: Kingambit|Kingambit, M|100/100
|-activate|p1a: Kingambit|ability: Supreme Overlord
|-start|p1a: Kingambit|fallen5|[silent]
|-item|p1a: Kingambit|Air Balloon
|turn|18
|
|t:|1760840096
|-terastallize|p1a: Kingambit|Flying
|move|p2a: Zapdos|Thunderous Kick|p1a: Kingambit
|-resisted|p1a: Kingambit
|-damage|p1a: Kingambit|83/100
|-unboost|p1a: Kingambit|def|1
|-enditem|p1a: Kingambit|Air Balloon
|move|p1a: Kingambit|Swords Dance|p1a: Kingambit
|-boost|p1a: Kingambit|atk|2
|
|-heal|p2a: Zapdos|54/100|[from] item: Leftovers
|upkeep
|turn|19
|
|t:|1760840109
|move|p1a: Kingambit|Sucker Punch||[still]
|-fail|p1a: Kingambit
|move|p2a: Zapdos|Substitute|p2a: Zapdos
|-start|p2a: Zapdos|Substitute
|-damage|p2a: Zapdos|29/100
|
|-heal|p2a: Zapdos|35/100|[from] item: Leftovers
|upkeep
|turn|20
|c|☆1kArrow|oh my days
|c|☆1kArrow|it was not bulk up
|c|☆1kArrow|ngl I threw hard af
|c|☆1kArrow|should have just iron headed
|
|t:|1760840188
|move|p2a: Zapdos|Bulk Up|p2a: Zapdos
|-boost|p2a: Zapdos|atk|1
|-boost|p2a: Zapdos|def|1
|move|p1a: Kingambit|Iron Head|p2a: Zapdos
|-end|p2a: Zapdos|Substitute
|
|-heal|p2a: Zapdos|41/100|[from] item: Leftovers
|upkeep
|turn|21
|c|☆1kArrow|just got ghosted
|c|☆1kArrow|its over for you I know what you are clicking here
|c|☆1kArrow|asked my brother scrolling tiktok
|c|☆EtnSucksDontBuyHim|wow!
|
|t:|1760840309
|move|p2a: Zapdos|Brave Bird|p1a: Kingambit
|-damage|p1a: Kingambit|0 fnt
|faint|p1a: Kingambit
|-end|p1a: Kingambit|fallen5|[silent]
|-damage|p2a: Zapdos|7/100|[from] Recoil
|
|win|EtnSucksDontBuyHim
|c|☆1kArrow|he was wrong
|c|☆EtnSucksDontBuyHim|gg lol
