|j|☆WeStanCacnea
|j|☆archnp
|t:|1760735412
|gametype|singles
|player|p1|WeStanCacnea|ethan|1257
|player|p2|archnp|steven|1242
|gen|9
|tier|[Gen 9] OU
|rated|
|rule|HP Percentage Mod: HP is shown in percentages
|rule|Endless Battle Clause: Forcing endless battles is banned
|rule|Species Clause: Limit one of each Pokémon
|rule|OHKO Clause: OHKO moves are banned
|rule|Evasion Items Clause: Evasion items are banned
|rule|Evasion Moves Clause: Evasion moves are banned
|rule|Evasion Abilities Clause: Evasion abilities are banned
|rule|Sleep Moves Clause: Sleep-inducing moves are banned
|clearpoke
|poke|p1|Quaquaval, M|
|poke|p1|Kyurem|
|poke|p1|Garganacl, M|
|poke|p1|Iron Moth|
|poke|p1|Galvantula, M|
|poke|p1|Ogerpon-Wellspring, F|
|poke|p2|Raikou|
|poke|p2|Slowking-Galar, F|
|poke|p2|Samurott-Hisui, F|
|poke|p2|Iron Treads|
|poke|p2|Hydrapple, F|
|poke|p2|Zamazenta-*|
|teampreview
|inactive|Battle timer is ON: inactive players will automatically lose when time's up. (requested by archnp)
|
|t:|1760735439
|teamsize|p1|6
|teamsize|p2|6
|start
|switch|p1a: Ogerpon|Ogerpon-Wellspring, F|100/100
|switch|p2a: Iron Treads|Iron Treads|100/100
|turn|1
|
|t:|1760735446
|-end|p2a: Iron Treads|Quark Drive|[silent]
|switch|p2a: Hydrapple|Hydrapple, F|100/100
|move|p1a: Ogerpon|Swords Dance|p1a: Ogerpon
|-boost|p1a: Ogerpon|atk|2
|
|upkeep
|turn|2
|
|t:|1760735454
|move|p1a: Ogerpon|Knock Off|p2a: Hydrapple
|-damage|p2a: Hydrapple|39/100
|-enditem|p2a: Hydrapple|Heavy-Duty Boots|[from] move: Knock Off|[of] p1a: Ogerpon
|move|p2a: Hydrapple|Fickle Beam|p1a: Ogerpon|[anim] Fickle Beam All Out
|-activate|p2a: Hydrapple|move: Fickle Beam
|-damage|p1a: Ogerpon|1/100
|
|upkeep
|turn|3
|
|t:|1760735464
|switch|p2a: Samurott|Samurott-Hisui, F, shiny|100/100
|move|p1a: Ogerpon|Ivy Cudgel|p2a: Samurott|[anim] Ivy Cudgel Water
|-resisted|p2a: Samurott
|-damage|p2a: Samurott|26/100
|
|upkeep
|turn|4
|
|t:|1760735470
|switch|p1a: Quaquaval|Quaquaval, M|100/100
|move|p2a: Samurott|Sucker Punch||[still]
|-fail|p2a: Samurott
|
|upkeep
|turn|5
|
|t:|1760735477
|move|p2a: Samurott|Ceaseless Edge|p1a: Quaquaval
|-resisted|p1a: Quaquaval
|-damage|p1a: Quaquaval|73/100
|-sidestart|p1: WeStanCacnea|Spikes
|move|p1a: Quaquaval|Aqua Step|p2a: Samurott
|-resisted|p2a: Samurott
|-damage|p2a: Samurott|1/100
|-boost|p1a: Quaquaval|spe|1
|
|upkeep
|turn|6
|
|t:|1760735485
|move|p2a: Samurott|Sucker Punch|p1a: Quaquaval
|-resisted|p1a: Quaquaval
|-damage|p1a: Quaquaval|52/100
|move|p1a: Quaquaval|Aqua Step|p2a: Samurott
|-resisted|p2a: Samurott
|-damage|p2a: Samurott|0 fnt
|-boost|p1a: Quaquaval|spe|1
|faint|p2a: Samurott
|-ability|p1a: Quaquaval|Moxie|boost
|-boost|p1a: Quaquaval|atk|1
|
|upkeep
|
|t:|1760735495
|switch|p2a: Hydrapple|Hydrapple, F|72/100
|turn|7
|
|t:|1760735498
|move|p1a: Quaquaval|Ice Spinner|p2a: Hydrapple
|-supereffective|p2a: Hydrapple
|-damage|p2a: Hydrapple|0 fnt
|faint|p2a: Hydrapple
|-ability|p1a: Quaquaval|Moxie|boost
|-boost|p1a: Quaquaval|atk|1
|
|upkeep
|
|t:|1760735502
|switch|p2a: Raikou|Raikou|100/100
|-ability|p2a: Raikou|Pressure
|turn|8
|
|t:|1760735509
|move|p1a: Quaquaval|Close Combat|p2a: Raikou
|-damage|p2a: Raikou|0 fnt
|-unboost|p1a: Quaquaval|def|1
|-unboost|p1a: Quaquaval|spd|1
|faint|p2a: Raikou
|-ability|p1a: Quaquaval|Moxie|boost
|-boost|p1a: Quaquaval|atk|1
|
|upkeep
|-message|archnp forfeited.
|
|win|WeStanCacnea
|raw|WeStanCacnea's rating: 1257 &rarr; <strong>1281</strong><br />(+24 for winning)
|raw|archnp's rating: 1242 &rarr; <strong>1218</strong><br />(-24 for losing)
|l|☆archnp
|player|p2|
|l|☆WeStanCacnea
|player|p1|
