|j|☆bena13
|j|☆Exiowf
|t:|1760775946
|gametype|singles
|player|p1|bena13|2|1264
|player|p2|Exiowf|dawn|1241
|gen|9
|tier|[Gen 9] OU
|rated|
|rule|HP Percentage Mod: HP is shown in percentages
|rule|Endless Battle Clause: Forcing endless battles is banned
|rule|Species Clause: Limit one of each Pokémon
|rule|OHKO Clause: OHKO moves are banned
|rule|Evasion Items Clause: Evasion items are banned
|rule|Evasion Moves Clause: Evasion moves are banned
|rule|Evasion Abilities Clause: Evasion abilities are banned
|rule|Sleep Moves Clause: Sleep-inducing moves are banned
|clearpoke
|poke|p1|Spiritomb, M|
|poke|p1|Okidogi, M|
|poke|p1|Gastrodon, F|
|poke|p1|Vileplume, F|
|poke|p1|Salazzle, F|
|poke|p1|Haunter, F|
|poke|p2|Slowking-Galar, F|
|poke|p2|Primarina, M|
|poke|p2|Corviknight, M|
|poke|p2|Ceruledge, F|
|poke|p2|Great Tusk|
|poke|p2|Ninetales-Alola, M|
|teampreview
|inactive|Battle timer is ON: inactive players will automatically lose when time's up. (requested by Exiowf)
|
|t:|1760775960
|teamsize|p1|6
|teamsize|p2|6
|start
|switch|p1a: Salazzle|Salazzle, F|100/100
|switch|p2a: Slowking|Slowking-Galar, F|100/100
|turn|1
|l|☆Exiowf
|inactive|Exiowf disconnected and has a minute to reconnect!
|player|p2|
|j|☆Exiowf
|inactive|Exiowf reconnected and has 135 seconds left.
|player|p2|Exiowf|dawn|
|
|t:|1760775981
|switch|p1a: Haunter|Haunter, F|100/100
|move|p2a: Slowking|Future Sight|p1a: Haunter
|-start|p2a: Slowking|move: Future Sight
|
|upkeep
|turn|2
|
|t:|1760775986
|move|p1a: Haunter|Taunt|p2a: Slowking
|-start|p2a: Slowking|move: Taunt
|-prepare|p2a: Slowking|Chilly Reception|[premajor]
|cant|p2a: Slowking|move: Taunt|Chilly Reception
|
|upkeep
|turn|3
|
|t:|1760775997
|switch|p2a: Corviknight|Corviknight, M, shiny|100/100
|-ability|p2a: Corviknight|Pressure
|move|p1a: Haunter|Mean Look|p2a: Corviknight
|-activate|p2a: Corviknight|trapped
|
|-end|p1a: Haunter|move: Future Sight
|-supereffective|p1a: Haunter
|-enditem|p1a: Haunter|Focus Sash
|-damage|p1a: Haunter|1/100
|upkeep
|turn|4
|
|t:|1760776008
|move|p1a: Haunter|Destiny Bond|p1a: Haunter
|-singlemove|p1a: Haunter|Destiny Bond
|move|p2a: Corviknight|U-turn|p1a: Haunter
|-resisted|p1a: Haunter
|-damage|p1a: Haunter|0 fnt
|faint|p1a: Haunter
|-activate|p1a: Haunter|move: Destiny Bond
|faint|p2a: Corviknight
|
|upkeep
|
|t:|1760776018
|switch|p1a: Salazzle|Salazzle, F|100/100
|switch|p2a: Great Tusk|Great Tusk|100/100
|turn|5
|
|t:|1760776024
|-terastallize|p1a: Salazzle|Water
|move|p1a: Salazzle|Tera Blast|p2a: Great Tusk|[anim] Tera Blast Water
|-supereffective|p2a: Great Tusk
|-damage|p2a: Great Tusk|0 fnt
|faint|p2a: Great Tusk
|-end|p2a: Great Tusk|Protosynthesis|[silent]
|-damage|p1a: Salazzle|91/100|[from] item: Life Orb
|
|upkeep
|
|t:|1760776029
|switch|p2a: Ninetales|Ninetales-Alola, M|100/100
|-weather|Snowscape|[from] ability: Snow Warning|[of] p2a: Ninetales
|turn|6
|
|t:|1760776035
|move|p1a: Salazzle|Sludge Bomb|p2a: Ninetales
|-supereffective|p2a: Ninetales
|-damage|p2a: Ninetales|0 fnt
|faint|p2a: Ninetales
|-damage|p1a: Salazzle|81/100|[from] item: Life Orb
|
|-weather|Snowscape|[upkeep]
|upkeep
|
|t:|1760776040
|switch|p2a: Slowking|Slowking-Galar, F|100/100
|turn|7
|
|t:|1760776046
|switch|p1a: Gastrodon|Gastrodon, F|100/100
|move|p2a: Slowking|Future Sight|p1a: Gastrodon
|-start|p2a: Slowking|move: Future Sight
|
|-weather|Snowscape|[upkeep]
|upkeep
|turn|8
|
|t:|1760776053
|move|p1a: Gastrodon|Earth Power|p2a: Slowking
|-supereffective|p2a: Slowking
|-damage|p2a: Slowking|46/100
|-unboost|p2a: Slowking|spd|1
|-prepare|p2a: Slowking|Chilly Reception|[premajor]
|move|p2a: Slowking|Chilly Reception|p2a: Slowking
|
|t:|1760776060
|switch|p2a: Primarina|Primarina, M|100/100|[from] Chilly Reception
|
|-weather|Snowscape|[upkeep]
|upkeep
|turn|9
|
|t:|1760776075
|move|p2a: Primarina|Alluring Voice|p1a: Gastrodon
|-damage|p1a: Gastrodon|74/100
|move|p1a: Gastrodon|Earth Power|p2a: Primarina
|-damage|p2a: Primarina|77/100
|
|-weather|Snowscape|[upkeep]
|-end|p1a: Gastrodon|move: Future Sight
|-damage|p1a: Gastrodon|42/100
|upkeep
|turn|10
|
|t:|1760776088
|move|p2a: Primarina|Alluring Voice|p1a: Gastrodon
|-damage|p1a: Gastrodon|14/100
|move|p1a: Gastrodon|Earth Power|p2a: Primarina
|-damage|p2a: Primarina|53/100
|
|-weather|none
|upkeep
|turn|11
|
|t:|1760776096
|move|p2a: Primarina|Alluring Voice|p1a: Gastrodon
|-damage|p1a: Gastrodon|0 fnt
|faint|p1a: Gastrodon
|
|upkeep
|
|t:|1760776101
|switch|p1a: Salazzle|Salazzle, F, tera:Water|81/100
|turn|12
|
|t:|1760776106
|switch|p2a: Slowking|Slowking-Galar, F|79/100
|move|p1a: Salazzle|Sludge Bomb|p2a: Slowking
|-resisted|p2a: Slowking
|-damage|p2a: Slowking|60/100
|-damage|p1a: Salazzle|71/100|[from] item: Life Orb
|
|upkeep
|turn|13
|
|t:|1760776115
|move|p1a: Salazzle|Fire Blast|p2a: Slowking
|-damage|p2a: Slowking|14/100
|-damage|p1a: Salazzle|62/100|[from] item: Life Orb
|move|p2a: Slowking|Thunder Wave|p1a: Salazzle
|-status|p1a: Salazzle|par
|
|upkeep
|turn|14
|
|t:|1760776126
|move|p1a: Salazzle|Sludge Bomb|p2a: Slowking
|-resisted|p2a: Slowking
|-damage|p2a: Slowking|0 fnt
|faint|p2a: Slowking
|-damage|p1a: Salazzle|52/100 par|[from] item: Life Orb
|
|upkeep
|
|t:|1760776130
|switch|p2a: Ceruledge|Ceruledge, F|100/100
|turn|15
|
|t:|1760776135
|move|p2a: Ceruledge|Swords Dance|p2a: Ceruledge
|-boost|p2a: Ceruledge|atk|2
|cant|p1a: Salazzle|par
|
|upkeep
|turn|16
|
|t:|1760776140
|move|p2a: Ceruledge|Close Combat|p1a: Salazzle
|-damage|p1a: Salazzle|0 fnt
|-unboost|p2a: Ceruledge|def|1
|-unboost|p2a: Ceruledge|spd|1
|faint|p1a: Salazzle
|
|upkeep
|
|t:|1760776147
|switch|p1a: Spiritomb|Spiritomb, M|100/100
|turn|17
|
|t:|1760776151
|move|p2a: Ceruledge|Bitter Blade|p1a: Spiritomb
|-damage|p1a: Spiritomb|27/100
|move|p1a: Spiritomb|Foul Play|p2a: Ceruledge
|-supereffective|p2a: Ceruledge
|-enditem|p2a: Ceruledge|Focus Sash
|-damage|p2a: Ceruledge|1/100
|-ability|p2a: Ceruledge|Weak Armor|boost
|-unboost|p2a: Ceruledge|def|1
|-boost|p2a: Ceruledge|spe|2
|
|-heal|p1a: Spiritomb|33/100|[from] item: Leftovers
|upkeep
|turn|18
|
|t:|1760776163
|move|p1a: Spiritomb|Shadow Sneak|p2a: Ceruledge
|-supereffective|p2a: Ceruledge
|-damage|p2a: Ceruledge|0 fnt
|faint|p2a: Ceruledge
|
|-heal|p1a: Spiritomb|40/100|[from] item: Leftovers
|upkeep
|
|t:|1760776166
|switch|p2a: Primarina|Primarina, M|53/100
|turn|19
|
|t:|1760776172
|move|p2a: Primarina|Alluring Voice|p1a: Spiritomb
|-supereffective|p1a: Spiritomb
|-damage|p1a: Spiritomb|0 fnt
|faint|p1a: Spiritomb
|
|upkeep
|
|t:|1760776177
|switch|p1a: Okidogi|Okidogi, M|100/100
|turn|20
|
|t:|1760776181
|move|p1a: Okidogi|Poison Jab|p2a: Primarina
|-supereffective|p2a: Primarina
|-damage|p2a: Primarina|0 fnt
|faint|p2a: Primarina
|
|win|bena13
|raw|bena13's rating: 1264 &rarr; <strong>1287</strong><br />(+23 for winning)
|raw|Exiowf's rating: 1241 &rarr; <strong>1218</strong><br />(-23 for losing)
|l|☆Exiowf
|player|p2|
|l|☆bena13
|player|p1|
