|j|☆gholdengofinance
|j|☆Kaleor
|t:|1760720737
|gametype|singles
|player|p1|gholdengofinance|leaf-masters2|1692
|player|p2|Kaleor|swimmer-gen4dp|1681
|gen|9
|tier|[Gen 9] OU
|rated|
|rule|HP Percentage Mod: HP is shown in percentages
|rule|Endless Battle Clause: Forcing endless battles is banned
|rule|Species Clause: Limit one of each Pokémon
|rule|OHKO Clause: OHKO moves are banned
|rule|Evasion Items Clause: Evasion items are banned
|rule|Evasion Moves Clause: Evasion moves are banned
|rule|Evasion Abilities Clause: Evasion abilities are banned
|rule|Sleep Moves Clause: Sleep-inducing moves are banned
|clearpoke
|poke|p1|Armarouge, F|
|poke|p1|Great Tusk|
|poke|p1|Gholdengo|
|poke|p1|Landorus-Therian, M|
|poke|p1|Iron Crown|
|poke|p1|Samurott-Hisui, F|
|poke|p2|Garchomp, F|
|poke|p2|Zapdos|
|poke|p2|Darkrai|
|poke|p2|Ceruledge, F|
|poke|p2|Enamorus, F|
|poke|p2|Great Tusk|
|teampreview
|inactive|Battle timer is ON: inactive players will automatically lose when time's up. (requested by Kaleor)
|
|t:|1760720746
|teamsize|p1|6
|teamsize|p2|6
|start
|switch|p1a: Landorus|Landorus-Therian, M|100/100
|switch|p2a: Garchomp|Garchomp, F|100/100
|-ability|p1a: Landorus|Intimidate|boost
|-unboost|p2a: Garchomp|atk|1
|turn|1
|j| PalletTownNoob
|
|t:|1760720749
|move|p1a: Landorus|Stealth Rock|p2a: Garchomp
|-sidestart|p2: Kaleor|move: Stealth Rock
|move|p2a: Garchomp|Stealth Rock|p1a: Landorus
|-sidestart|p1: gholdengofinance|move: Stealth Rock
|
|upkeep
|turn|2
|
|t:|1760720753
|move|p1a: Landorus|Taunt|p2a: Garchomp
|-start|p2a: Garchomp|move: Taunt
|move|p2a: Garchomp|Dragon Tail|p1a: Landorus
|-damage|p1a: Landorus|85/100
|-damage|p2a: Garchomp|84/100|[from] item: Rocky Helmet|[of] p1a: Landorus
|drag|p1a: Great Tusk|Great Tusk|100/100
|
|upkeep
|turn|3
|
|t:|1760720758
|-terastallize|p2a: Garchomp|Ghost
|move|p1a: Great Tusk|Knock Off|p2a: Garchomp
|-supereffective|p2a: Garchomp
|-damage|p2a: Garchomp|38/100
|-damage|p1a: Great Tusk|88/100|[from] ability: Rough Skin|[of] p2a: Garchomp
|-damage|p1a: Great Tusk|72/100|[from] item: Rocky Helmet|[of] p2a: Garchomp
|-enditem|p2a: Garchomp|Rocky Helmet|[from] move: Knock Off|[of] p1a: Great Tusk
|move|p2a: Garchomp|Dragon Tail|p1a: Great Tusk
|-damage|p1a: Great Tusk|58/100
|-end|p1a: Great Tusk|Protosynthesis|[silent]
|drag|p1a: Samurott|Samurott-Hisui, F|100/100
|-damage|p1a: Samurott|88/100|[from] Stealth Rock
|
|upkeep
|turn|4
|
|t:|1760720764
|switch|p2a: Great Tusk|Great Tusk|100/100
|-damage|p2a: Great Tusk|98/100|[from] Stealth Rock
|move|p1a: Samurott|Ceaseless Edge|p2a: Great Tusk
|-resisted|p2a: Great Tusk
|-damage|p2a: Great Tusk|82/100
|-sidestart|p2: Kaleor|Spikes
|
|-heal|p2a: Great Tusk|89/100|[from] item: Leftovers
|upkeep
|turn|5
|
|t:|1760720770
|switch|p1a: Gholdengo|Gholdengo|100/100
|move|p2a: Great Tusk|Ice Spinner|p1a: Gholdengo
|-resisted|p1a: Gholdengo
|-damage|p1a: Gholdengo|93/100
|
|-heal|p2a: Great Tusk|95/100|[from] item: Leftovers
|upkeep
|turn|6
|
|t:|1760720773
|move|p2a: Great Tusk|Headlong Rush|p1a: Gholdengo
|-supereffective|p1a: Gholdengo
|-damage|p1a: Gholdengo|23/100
|-unboost|p2a: Great Tusk|def|1
|-unboost|p2a: Great Tusk|spd|1
|move|p1a: Gholdengo|Dazzling Gleam|p2a: Great Tusk
|-supereffective|p2a: Great Tusk
|-damage|p2a: Great Tusk|0 fnt
|faint|p2a: Great Tusk
|-end|p2a: Great Tusk|Protosynthesis|[silent]
|
|upkeep
|
|t:|1760720778
|switch|p2a: Zapdos|Zapdos|100/100
|turn|7
|
|t:|1760720781
|move|p2a: Zapdos|Heat Wave|p1a: Gholdengo
|-supereffective|p1a: Gholdengo
|-damage|p1a: Gholdengo|0 fnt
|faint|p1a: Gholdengo
|
|upkeep
|
|t:|1760720783
|switch|p1a: Armarouge|Armarouge, F|100/100
|-damage|p1a: Armarouge|76/100|[from] Stealth Rock
|turn|8
|
|t:|1760720785
|move|p2a: Zapdos|Hurricane|p1a: Armarouge
|-damage|p1a: Armarouge|1/100
|move|p1a: Armarouge|Armor Cannon|p2a: Zapdos
|-damage|p2a: Zapdos|0 fnt
|-unboost|p1a: Armarouge|def|1
|-unboost|p1a: Armarouge|spd|1
|faint|p2a: Zapdos
|
|upkeep
|j| Ggtggg
|
|t:|1760720800
|switch|p2a: Darkrai|Darkrai|100/100
|-damage|p2a: Darkrai|88/100|[from] Stealth Rock
|-damage|p2a: Darkrai|76/100|[from] Spikes
|turn|9
|
|t:|1760720803
|move|p2a: Darkrai|Dark Pulse|p1a: Armarouge
|-supereffective|p1a: Armarouge
|-crit|p1a: Armarouge
|-damage|p1a: Armarouge|0 fnt
|faint|p1a: Armarouge
|
|upkeep
|
|t:|1760720805
|switch|p1a: Samurott|Samurott-Hisui, F|88/100
|-damage|p1a: Samurott|75/100|[from] Stealth Rock
|turn|10
|
|t:|1760720808
|switch|p2a: Garchomp|Garchomp, F, tera:Ghost|38/100
|-damage|p2a: Garchomp|25/100|[from] Stealth Rock
|-damage|p2a: Garchomp|13/100|[from] Spikes
|move|p1a: Samurott|Ceaseless Edge|p2a: Garchomp
|-supereffective|p2a: Garchomp
|-damage|p2a: Garchomp|0 fnt
|-damage|p1a: Samurott|63/100|[from] ability: Rough Skin|[of] p2a: Garchomp
|-sidestart|p2: Kaleor|Spikes
|faint|p2a: Garchomp
|
|upkeep
|
|t:|1760720812
|switch|p2a: Enamorus|Enamorus, F|100/100
|-damage|p2a: Enamorus|76/100|[from] Stealth Rock
|turn|11
|
|t:|1760720816
|switch|p1a: Landorus|Landorus-Therian, M|85/100
|-damage|p1a: Landorus|72/100|[from] Stealth Rock
|-ability|p1a: Landorus|Intimidate|boost
|-boost|p2a: Enamorus|atk|1
|move|p2a: Enamorus|Moonblast|p1a: Landorus
|-damage|p1a: Landorus|0 fnt
|faint|p1a: Landorus
|
|upkeep
|
|t:|1760720818
|switch|p1a: Iron Crown|Iron Crown|100/100
|-damage|p1a: Iron Crown|94/100|[from] Stealth Rock
|-enditem|p1a: Iron Crown|Booster Energy
|-activate|p1a: Iron Crown|ability: Quark Drive|[fromitem]
|-start|p1a: Iron Crown|quarkdrivespe
|turn|12
|
|t:|1760720832
|switch|p2a: Ceruledge|Ceruledge, F|100/100
|-damage|p2a: Ceruledge|76/100|[from] Stealth Rock
|-damage|p2a: Ceruledge|59/100|[from] Spikes
|move|p1a: Iron Crown|Calm Mind|p1a: Iron Crown
|-boost|p1a: Iron Crown|spa|1
|-boost|p1a: Iron Crown|spd|1
|
|upkeep
|turn|13
|j| 0WithdrawalSyndrom
|
|t:|1760720839
|-terastallize|p1a: Iron Crown|Dark
|move|p2a: Ceruledge|Shadow Sneak|p1a: Iron Crown
|-resisted|p1a: Iron Crown
|-damage|p1a: Iron Crown|85/100
|move|p1a: Iron Crown|Tera Blast|p2a: Ceruledge|[anim] Tera Blast Dark
|-supereffective|p2a: Ceruledge
|-damage|p2a: Ceruledge|0 fnt
|faint|p2a: Ceruledge
|
|upkeep
|
|t:|1760720843
|switch|p2a: Darkrai|Darkrai|76/100
|-damage|p2a: Darkrai|63/100|[from] Stealth Rock
|-damage|p2a: Darkrai|47/100|[from] Spikes
|turn|14
|c| 0WithdrawalSyndrom|Kaleor
|
|t:|1760720848
|move|p2a: Darkrai|Sludge Bomb|p1a: Iron Crown
|-damage|p1a: Iron Crown|62/100
|move|p1a: Iron Crown|Tachyon Cutter|p2a: Darkrai
|-damage|p2a: Darkrai|2/100
|-damage|p2a: Darkrai|0 fnt
|faint|p2a: Darkrai
|-hitcount|p2: Darkrai|2
|
|upkeep
|c| 0WithdrawalSyndrom|its ggs
|
|t:|1760720851
|switch|p2a: Enamorus|Enamorus, F|76/100
|-damage|p2a: Enamorus|51/100|[from] Stealth Rock
|turn|15
|
|t:|1760720854
|move|p1a: Iron Crown|Tachyon Cutter|p2a: Enamorus
|-supereffective|p2a: Enamorus
|-damage|p2a: Enamorus|0 fnt
|faint|p2a: Enamorus
|-hitcount|p2: Enamorus|1
|
|win|gholdengofinance
|raw|gholdengofinance's rating: 1692 &rarr; <strong>1711</strong><br />(+19 for winning)
|raw|Kaleor's rating: 1681 &rarr; <strong>1662</strong><br />(-19 for losing)
|l|☆Kaleor
|player|p2|
|l|☆gholdengofinance
|player|p1|
|l| PalletTownNoob
|l| Ggtggg
