|j|☆crackstone
|j|‽mizizizi
|t:|1760799592
|gametype|singles
|player|p1|crackstone|265|1388
|player|p2|mizizizi|silver|1338
|gen|9
|tier|[Gen 9] OU
|rated|
|rule|HP Percentage Mod: HP is shown in percentages
|rule|Endless Battle Clause: Forcing endless battles is banned
|rule|Species Clause: Limit one of each Pokémon
|rule|OHKO Clause: OHKO moves are banned
|rule|Evasion Items Clause: Evasion items are banned
|rule|Evasion Moves Clause: Evasion moves are banned
|rule|Evasion Abilities Clause: Evasion abilities are banned
|rule|Sleep Moves Clause: Sleep-inducing moves are banned
|clearpoke
|poke|p1|Kingambit, F|
|poke|p1|Rillaboom, M|
|poke|p1|Clefable, F|
|poke|p1|Keldeo|
|poke|p1|Iron Moth|
|poke|p1|Gholdengo|
|poke|p2|Lilligant, F|
|poke|p2|Heatran, M|
|poke|p2|Slither Wing|
|poke|p2|Walking Wake|
|poke|p2|Great Tusk|
|poke|p2|Torkoal, F|
|teampreview
|inactive|Battle timer is ON: inactive players will automatically lose when time's up. (requested by mizizizi)
|
|t:|1760799618
|teamsize|p1|6
|teamsize|p2|6
|start
|switch|p1a: Rillaboom|Rillaboom, M, shiny|100/100
|switch|p2a: Torkoal|Torkoal, F|100/100
|-fieldstart|move: Grassy Terrain|[from] ability: Grassy Surge|[of] p1a: Rillaboom
|-weather|SunnyDay|[from] ability: Drought|[of] p2a: Torkoal
|turn|1
|
|t:|1760799628
|move|p1a: Rillaboom|Wood Hammer|p2a: Torkoal
|-resisted|p2a: Torkoal
|-damage|p2a: Torkoal|52/100
|-damage|p1a: Rillaboom|84/100|[from] Recoil
|move|p2a: Torkoal|Stealth Rock|p1a: Rillaboom
|-sidestart|p1: crackstone|move: Stealth Rock
|
|-weather|SunnyDay|[upkeep]
|-heal|p1a: Rillaboom|91/100|[from] Grassy Terrain
|-heal|p2a: Torkoal|58/100|[from] Grassy Terrain
|upkeep
|turn|2
|
|t:|1760799639
|switch|p1a: Clefable|Clefable, F, shiny|100/100
|switch|p2a: Slither Wing|Slither Wing|100/100
|-activate|p2a: Slither Wing|ability: Protosynthesis
|-start|p2a: Slither Wing|protosynthesisatk
|
|-weather|SunnyDay|[upkeep]
|upkeep
|turn|3
|
|t:|1760799649
|move|p2a: Slither Wing|Flare Blitz|p1a: Clefable
|-damage|p1a: Clefable|0 fnt
|faint|p1a: Clefable
|-damage|p2a: Slither Wing|60/100|[from] Recoil
|
|-weather|SunnyDay|[upkeep]
|-heal|p2a: Slither Wing|66/100|[from] Grassy Terrain
|upkeep
|
|t:|1760799653
|switch|p1a: Keldeo|Keldeo, shiny|100/100
|turn|4
|
|t:|1760799669
|-end|p2a: Slither Wing|Protosynthesis|[silent]
|switch|p2a: Walking Wake|Walking Wake|100/100
|-activate|p2a: Walking Wake|ability: Protosynthesis
|-start|p2a: Walking Wake|protosynthesisspa
|move|p1a: Keldeo|Aura Sphere|p2a: Walking Wake
|-damage|p2a: Walking Wake|53/100
|
|-weather|SunnyDay|[upkeep]
|-heal|p2a: Walking Wake|59/100|[from] Grassy Terrain
|upkeep
|turn|5
|
|t:|1760799684
|move|p2a: Walking Wake|Draco Meteor|p1a: Keldeo
|-damage|p1a: Keldeo|8/100
|-unboost|p2a: Walking Wake|spa|2
|move|p1a: Keldeo|Aura Sphere|p2a: Walking Wake
|-damage|p2a: Walking Wake|7/100
|
|-weather|SunnyDay|[upkeep]
|-heal|p2a: Walking Wake|13/100|[from] Grassy Terrain
|-heal|p1a: Keldeo|14/100|[from] Grassy Terrain
|-fieldend|move: Grassy Terrain
|upkeep
|turn|6
|
|t:|1760799691
|-end|p2a: Walking Wake|Protosynthesis|[silent]
|switch|p2a: Slither Wing|Slither Wing|66/100
|-activate|p2a: Slither Wing|ability: Protosynthesis
|-start|p2a: Slither Wing|protosynthesisatk
|move|p1a: Keldeo|Vacuum Wave|p2a: Slither Wing
|-resisted|p2a: Slither Wing
|-damage|p2a: Slither Wing|54/100
|
|-weather|SunnyDay|[upkeep]
|upkeep
|turn|7
|inactive|crackstone has 120 seconds left.
|inactive|crackstone has 90 seconds left.
|
|t:|1760799759
|move|p1a: Keldeo|Aura Sphere|p2a: Slither Wing
|-resisted|p2a: Slither Wing
|-damage|p2a: Slither Wing|32/100
|move|p2a: Slither Wing|U-turn|p1a: Keldeo
|-resisted|p1a: Keldeo
|-damage|p1a: Keldeo|0 fnt
|faint|p1a: Keldeo
|inactive|mizizizi has 120 seconds left.
|inactive|mizizizi has 90 seconds left.
|
|t:|1760799809
|-end|p2a: Slither Wing|Protosynthesis|[silent]
|switch|p2a: Heatran|Heatran, M|100/100|[from] U-turn
|
|-weather|SunnyDay|[upkeep]
|upkeep
|inactive|crackstone has 90 seconds left.
|
|t:|1760799820
|switch|p1a: Anomаly|Iron Moth|100/100
|-damage|p1a: Anomаly|76/100|[from] Stealth Rock
|-enditem|p1a: Anomаly|Booster Energy
|-activate|p1a: Anomаly|ability: Quark Drive|[fromitem]
|-start|p1a: Anomаly|quarkdrivespe
|turn|8
|inactive|mizizizi has 90 seconds left.
|
|t:|1760799838
|switch|p2a: Slither Wing|Slither Wing|32/100
|-activate|p2a: Slither Wing|ability: Protosynthesis
|-start|p2a: Slither Wing|protosynthesisatk
|-terastallize|p1a: Anomаly|Ground
|move|p1a: Anomаly|Tera Blast|p2a: Slither Wing|[anim] Tera Blast Ground
|-resisted|p2a: Slither Wing
|-damage|p2a: Slither Wing|13/100
|
|-weather|none
|-end|p2a: Slither Wing|Protosynthesis
|upkeep
|turn|9
|inactive|crackstone has 90 seconds left.
|
|t:|1760799859
|move|p2a: Slither Wing|First Impression|p1a: Anomаly
|-damage|p1a: Anomаly|0 fnt
|faint|p1a: Anomаly
|-end|p1a: Anomаly|Quark Drive|[silent]
|
|upkeep
|
|t:|1760799863
|switch|p1a: Gholdengo|Gholdengo|100/100
|-damage|p1a: Gholdengo|94/100|[from] Stealth Rock
|turn|10
|inactive|mizizizi has 90 seconds left.
|
|t:|1760799874
|-end|p2a: Slither Wing|Protosynthesis|[silent]
|switch|p2a: Walking Wake|Walking Wake|13/100
|-enditem|p2a: Walking Wake|Booster Energy
|-activate|p2a: Walking Wake|ability: Protosynthesis|[fromitem]
|-start|p2a: Walking Wake|protosynthesisspa
|move|p1a: Gholdengo|Nasty Plot|p1a: Gholdengo
|-boost|p1a: Gholdengo|spa|2
|
|upkeep
|turn|11
|inactive|mizizizi has 90 seconds left.
|inactive|crackstone has 90 seconds left.
|
|t:|1760799923
|move|p2a: Walking Wake|Flamethrower|p1a: Gholdengo
|-supereffective|p1a: Gholdengo
|-damage|p1a: Gholdengo|9/100
|-status|p1a: Gholdengo|brn
|move|p1a: Gholdengo|Thunderbolt|p2a: Walking Wake
|-damage|p2a: Walking Wake|0 fnt
|faint|p2a: Walking Wake
|-end|p2a: Walking Wake|Protosynthesis|[silent]
|
|-damage|p1a: Gholdengo|3/100 brn|[from] brn
|upkeep
|
|t:|1760799936
|switch|p2a: Lilligant|Lilligant, F|100/100
|turn|12
|
|t:|1760799941
|move|p2a: Lilligant|Quiver Dance|p2a: Lilligant
|-boost|p2a: Lilligant|spa|1
|-boost|p2a: Lilligant|spd|1
|-boost|p2a: Lilligant|spe|1
|move|p1a: Gholdengo|Make It Rain|p2a: Lilligant
|-damage|p2a: Lilligant|0 fnt
|-unboost|p1a: Gholdengo|spa|1
|faint|p2a: Lilligant
|
|-damage|p1a: Gholdengo|0 fnt|[from] brn
|faint|p1a: Gholdengo
|upkeep
|inactive|mizizizi has 90 seconds left.
|
|t:|1760799955
|switch|p2a: Slither Wing|Slither Wing|13/100
|switch|p1a: Meruem|Kingambit, F|100/100
|-damage|p1a: Meruem|94/100|[from] Stealth Rock
|-activate|p1a: Meruem|ability: Supreme Overlord
|-start|p1a: Meruem|fallen4|[silent]
|turn|13
|inactive|mizizizi has 90 seconds left.
|
|t:|1760799962
|move|p2a: Slither Wing|First Impression|p1a: Meruem
|-damage|p1a: Meruem|39/100
|move|p1a: Meruem|Sucker Punch||[still]
|-fail|p1a: Meruem
|
|-heal|p1a: Meruem|45/100|[from] item: Leftovers
|upkeep
|turn|14
|
|t:|1760799969
|-end|p2a: Slither Wing|Protosynthesis|[silent]
|switch|p2a: Great Tusk|Great Tusk|100/100
|move|p1a: Meruem|Kowtow Cleave|p2a: Great Tusk
|-resisted|p2a: Great Tusk
|-damage|p2a: Great Tusk|75/100
|
|-heal|p2a: Great Tusk|81/100|[from] item: Leftovers
|-heal|p1a: Meruem|51/100|[from] item: Leftovers
|upkeep
|turn|15
|inactive|crackstone has 90 seconds left.
|
|t:|1760799977
|move|p2a: Great Tusk|Knock Off|p1a: Meruem
|-resisted|p1a: Meruem
|-damage|p1a: Meruem|37/100
|-enditem|p1a: Meruem|Leftovers|[from] move: Knock Off|[of] p2a: Great Tusk
|move|p1a: Meruem|Iron Head|p2a: Great Tusk
|-damage|p2a: Great Tusk|29/100
|
|-heal|p2a: Great Tusk|36/100|[from] item: Leftovers
|upkeep
|turn|16
|inactive|crackstone has 90 seconds left.
|
|t:|1760799989
|move|p2a: Great Tusk|Headlong Rush|p1a: Meruem
|-supereffective|p1a: Meruem
|-damage|p1a: Meruem|0 fnt
|-unboost|p2a: Great Tusk|def|1
|-unboost|p2a: Great Tusk|spd|1
|faint|p1a: Meruem
|-end|p1a: Meruem|fallen4|[silent]
|
|-heal|p2a: Great Tusk|42/100|[from] item: Leftovers
|upkeep
|
|t:|1760799991
|switch|p1a: Rillaboom|Rillaboom, M, shiny|91/100
|-damage|p1a: Rillaboom|78/100|[from] Stealth Rock
|-fieldstart|move: Grassy Terrain|[from] ability: Grassy Surge|[of] p1a: Rillaboom
|turn|17
|
|t:|1760800000
|move|p2a: Great Tusk|Ice Spinner|p1a: Rillaboom
|-supereffective|p1a: Rillaboom
|-damage|p1a: Rillaboom|14/100
|-fieldend|move: Grassy Terrain
|move|p1a: Rillaboom|Drain Punch|p2a: Great Tusk
|-damage|p2a: Great Tusk|0 fnt
|-heal|p1a: Rillaboom|37/100|[from] drain|[of] p2a: Great Tusk
|faint|p2a: Great Tusk
|-end|p2a: Great Tusk|Protosynthesis|[silent]
|
|upkeep
|
|t:|1760800010
|switch|p2a: Slither Wing|Slither Wing|13/100
|turn|18
|
|t:|1760800028
|move|p2a: Slither Wing|First Impression|p1a: Rillaboom
|-supereffective|p1a: Rillaboom
|-damage|p1a: Rillaboom|0 fnt
|faint|p1a: Rillaboom
|
|win|mizizizi
|raw|crackstone's rating: 1368 &rarr; <strong>1346</strong><br />(-22 for losing)
|raw|mizizizi's rating: 1338 &rarr; <strong>1360</strong><br />(+22 for winning)
|l|☆crackstone
|player|p1|
|l|‽mizizizi
|player|p2|
