|j|☆Captainskinny
|j|☆peiomo
|t:|1760852412
|gametype|singles
|player|p1|Captainskinny|red|1171
|player|p2|peiomo|zinnia|1211
|gen|9
|tier|[Gen 9] OU
|rated|
|rule|HP Percentage Mod: HP is shown in percentages
|rule|Endless Battle Clause: Forcing endless battles is banned
|rule|Species Clause: Limit one of each Pokémon
|rule|OHKO Clause: OHKO moves are banned
|rule|Evasion Items Clause: Evasion items are banned
|rule|Evasion Moves Clause: Evasion moves are banned
|rule|Evasion Abilities Clause: Evasion abilities are banned
|rule|Sleep Moves Clause: Sleep-inducing moves are banned
|clearpoke
|poke|p1|Dragonite, F|
|poke|p1|Clefable, M|
|poke|p1|Cinderace, M|
|poke|p1|Goodra-Hisui, F|
|poke|p1|Alomomola, F|
|poke|p1|Corviknight, F|
|poke|p2|Cinccino, F|
|poke|p2|Staraptor, M|
|poke|p2|Talonflame, F|
|poke|p2|Thundurus-Therian, M|
|poke|p2|Dragapult, M|
|poke|p2|Glimmora, M|
|teampreview
|inactive|Battle timer is ON: inactive players will automatically lose when time's up. (requested by Captainskinny)
|
|t:|1760852416
|teamsize|p1|6
|teamsize|p2|6
|start
|switch|p1a: Clefable|Clefable, M|100/100
|switch|p2a: Glimmora|Glimmora, M, shiny|100/100
|turn|1
|
|t:|1760852421
|move|p2a: Glimmora|Meteor Beam||[still]
|-prepare|p2a: Glimmora|Meteor Beam
|-boost|p2a: Glimmora|spa|1
|-enditem|p2a: Glimmora|Power Herb
|-anim|p2a: Glimmora|Meteor Beam|p1a: Clefable
|-damage|p1a: Clefable|27/100
|move|p1a: Clefable|Stealth Rock|p2a: Glimmora
|-sidestart|p2: peiomo|move: Stealth Rock
|
|-heal|p1a: Clefable|33/100|[from] item: Leftovers
|upkeep
|turn|2
|
|t:|1760852437
|switch|p1a: Goodra|Goodra-Hisui, F|100/100
|move|p2a: Glimmora|Sludge Wave|p1a: Goodra
|-immune|p1a: Goodra
|
|upkeep
|turn|3
|
|t:|1760852442
|move|p2a: Glimmora|Earth Power|p1a: Goodra
|-supereffective|p1a: Goodra
|-damage|p1a: Goodra|68/100
|move|p1a: Goodra|Flash Cannon|p2a: Glimmora
|-supereffective|p2a: Glimmora
|-damage|p2a: Glimmora|26/100
|-unboost|p2a: Glimmora|spd|1
|
|upkeep
|turn|4
|
|t:|1760852451
|move|p2a: Glimmora|Earth Power|p1a: Goodra
|-supereffective|p1a: Goodra
|-damage|p1a: Goodra|38/100
|move|p1a: Goodra|Dragon Pulse|p2a: Glimmora
|-damage|p2a: Glimmora|0 fnt
|faint|p2a: Glimmora
|
|upkeep
|
|t:|1760852458
|switch|p2a: Cinccino|Cinccino, F|100/100
|-damage|p2a: Cinccino|88/100|[from] Stealth Rock
|turn|5
|
|t:|1760852462
|switch|p1a: Corviknight|Corviknight, F|100/100
|-ability|p1a: Corviknight|Pressure
|move|p2a: Cinccino|Tidy Up|p2a: Cinccino
|-sideend|p2: peiomo|Stealth Rock
|-activate|p2a: Cinccino|move: Tidy Up
|-boost|p2a: Cinccino|atk|1
|-boost|p2a: Cinccino|spe|1
|
|upkeep
|turn|6
|
|t:|1760852475
|switch|p2a: Thundurus|Thundurus-Therian, M|100/100
|move|p1a: Corviknight|Drill Peck|p2a: Thundurus
|-resisted|p2a: Thundurus
|-damage|p2a: Thundurus|78/100
|
|upkeep
|turn|7
|
|t:|1760852489
|switch|p1a: Clefable|Clefable, M|33/100
|move|p2a: Thundurus|Thunderbolt|p1a: Clefable
|-damage|p1a: Clefable|0 fnt
|faint|p1a: Clefable
|-damage|p2a: Thundurus|69/100|[from] item: Life Orb
|
|upkeep
|
|t:|1760852496
|switch|p1a: Alomomola|Alomomola, F|100/100
|turn|8
|
|t:|1760852502
|move|p2a: Thundurus|Thunderbolt|p1a: Alomomola
|-supereffective|p1a: Alomomola
|-damage|p1a: Alomomola|0 fnt
|faint|p1a: Alomomola
|-damage|p2a: Thundurus|59/100|[from] item: Life Orb
|
|upkeep
|-message|Captainskinny forfeited.
|
|win|peiomo
|raw|Captainskinny's rating: 1171 &rarr; <strong>1149</strong><br />(-22 for losing)
|raw|peiomo's rating: 1211 &rarr; <strong>1233</strong><br />(+22 for winning)
|l|☆Captainskinny
|player|p1|
|l|☆peiomo
|player|p2|
