|j|☆Denvertzzz
|j|☆orion212114
|t:|1760856654
|gametype|singles
|player|p1|Denvertzzz|2|1200
|player|p2|orion212114|bugcatcher-gen4dp|1170
|gen|9
|tier|[Gen 9] OU
|rated|
|rule|HP Percentage Mod: HP is shown in percentages
|rule|Endless Battle Clause: Forcing endless battles is banned
|rule|Species Clause: Limit one of each Pokémon
|rule|OHKO Clause: OHKO moves are banned
|rule|Evasion Items Clause: Evasion items are banned
|rule|Evasion Moves Clause: Evasion moves are banned
|rule|Evasion Abilities Clause: Evasion abilities are banned
|rule|Sleep Moves Clause: Sleep-inducing moves are banned
|clearpoke
|poke|p1|Pelipper, M|
|poke|p1|Ludicolo, M|
|poke|p1|Ditto|
|poke|p1|Porygon2|
|poke|p1|Overqwil, M|
|poke|p1|Gliscor, M|
|poke|p2|Garchomp, M|
|poke|p2|Gyarados, F|
|poke|p2|Ceruledge, F|
|poke|p2|Metagross|
|poke|p2|Darkrai|
|poke|p2|Gardevoir, F|
|teampreview
|inactive|Battle timer is ON: inactive players will automatically lose when time's up. (requested by orion212114)
|
|t:|1760856680
|teamsize|p1|6
|teamsize|p2|6
|start
|switch|p1a: Jyant Deck|Gliscor, M, shiny|100/100
|switch|p2a: Darkrai|Darkrai|100/100
|turn|1
|
|t:|1760856700
|switch|p1a: Mike Lit|Pelipper, M, shiny|100/100
|-weather|RainDance|[from] ability: Drizzle|[of] p1a: Mike Lit
|move|p2a: Darkrai|Ice Beam|p1a: Mike Lit
|-damage|p1a: Mike Lit|44/100
|
|-weather|RainDance|[upkeep]
|upkeep
|turn|2
|
|t:|1760856713
|move|p2a: Darkrai|Ice Beam|p1a: Mike Lit
|-damage|p1a: Mike Lit|0 fnt
|faint|p1a: Mike Lit
|
|-weather|RainDance|[upkeep]
|upkeep
|
|t:|1760856720
|switch|p1a: Biggie Rections|Ludicolo, M, shiny|100/100
|turn|3
|
|t:|1760856741
|-terastallize|p2a: Darkrai|Poison
|move|p2a: Darkrai|Sludge Bomb|p1a: Biggie Rections
|-supereffective|p1a: Biggie Rections
|-damage|p1a: Biggie Rections|37/100
|move|p1a: Biggie Rections|Whirlpool|p2a: Darkrai
|-damage|p2a: Darkrai|77/100
|-activate|p2a: Darkrai|move: Whirlpool|[of] p1a: Biggie Rections
|
|-weather|RainDance|[upkeep]
|-heal|p1a: Biggie Rections|43/100|[from] ability: Rain Dish
|-heal|p1a: Biggie Rections|49/100|[from] item: Leftovers
|-damage|p2a: Darkrai|64/100|[from] move: Whirlpool|[partiallytrapped]
|upkeep
|turn|4
|
|t:|1760856756
|move|p1a: Biggie Rections|Protect|p1a: Biggie Rections
|-singleturn|p1a: Biggie Rections|Protect
|move|p2a: Darkrai|Sludge Bomb|p1a: Biggie Rections
|-activate|p1a: Biggie Rections|move: Protect
|
|-weather|RainDance|[upkeep]
|-heal|p1a: Biggie Rections|55/100|[from] ability: Rain Dish
|-heal|p1a: Biggie Rections|61/100|[from] item: Leftovers
|-damage|p2a: Darkrai|52/100|[from] move: Whirlpool|[partiallytrapped]
|upkeep
|turn|5
|inactive|orion212114 has 120 seconds left.
|
|t:|1760856776
|-terastallize|p1a: Biggie Rections|Steel
|move|p2a: Darkrai|Sludge Bomb|p1a: Biggie Rections
|-immune|p1a: Biggie Rections
|move|p1a: Biggie Rections|Leech Seed|p2a: Darkrai
|-start|p2a: Darkrai|move: Leech Seed
|
|-weather|RainDance|[upkeep]
|-heal|p1a: Biggie Rections|68/100|[from] ability: Rain Dish
|-heal|p1a: Biggie Rections|74/100|[from] item: Leftovers
|-damage|p2a: Darkrai|40/100|[from] Leech Seed|[of] p1a: Biggie Rections
|-heal|p1a: Biggie Rections|83/100|[silent]
|-damage|p2a: Darkrai|27/100|[from] move: Whirlpool|[partiallytrapped]
|upkeep
|turn|6
|inactive|orion212114 has 120 seconds left.
|
|t:|1760856798
|move|p1a: Biggie Rections|Protect|p1a: Biggie Rections
|-singleturn|p1a: Biggie Rections|Protect
|move|p2a: Darkrai|Dark Pulse|p1a: Biggie Rections
|-activate|p1a: Biggie Rections|move: Protect
|
|-weather|RainDance|[upkeep]
|-heal|p1a: Biggie Rections|89/100|[from] ability: Rain Dish
|-heal|p1a: Biggie Rections|95/100|[from] item: Leftovers
|-damage|p2a: Darkrai|15/100|[from] Leech Seed|[of] p1a: Biggie Rections
|-heal|p1a: Biggie Rections|100/100|[silent]
|-damage|p2a: Darkrai|2/100|[from] move: Whirlpool|[partiallytrapped]
|upkeep
|turn|7
|
|t:|1760856816
|move|p1a: Biggie Rections|Protect||[still]
|-fail|p1a: Biggie Rections
|move|p2a: Darkrai|Dark Pulse|p1a: Biggie Rections
|-damage|p1a: Biggie Rections|73/100
|
|-weather|RainDance|[upkeep]
|-heal|p1a: Biggie Rections|79/100|[from] ability: Rain Dish
|-heal|p1a: Biggie Rections|85/100|[from] item: Leftovers
|-damage|p2a: Darkrai|0 fnt|[from] Leech Seed|[of] p1a: Biggie Rections
|-heal|p1a: Biggie Rections|87/100|[silent]
|faint|p2a: Darkrai
|upkeep
|inactive|orion212114 has 90 seconds left.
|
|t:|1760856844
|switch|p2a: Ceruledge|Ceruledge, F|100/100
|turn|8
|
|t:|1760856849
|move|p2a: Ceruledge|Bitter Blade|p1a: Biggie Rections
|-supereffective|p1a: Biggie Rections
|-damage|p1a: Biggie Rections|32/100
|move|p1a: Biggie Rections|Whirlpool|p2a: Ceruledge
|-supereffective|p2a: Ceruledge
|-damage|p2a: Ceruledge|61/100
|-activate|p2a: Ceruledge|move: Whirlpool|[of] p1a: Biggie Rections
|
|-weather|none
|-heal|p1a: Biggie Rections|38/100|[from] item: Leftovers
|-damage|p2a: Ceruledge|48/100|[from] move: Whirlpool|[partiallytrapped]
|upkeep
|turn|9
|
|t:|1760856860
|move|p1a: Biggie Rections|Protect|p1a: Biggie Rections
|-singleturn|p1a: Biggie Rections|Protect
|move|p2a: Ceruledge|Bitter Blade|p1a: Biggie Rections
|-activate|p1a: Biggie Rections|move: Protect
|
|-heal|p1a: Biggie Rections|44/100|[from] item: Leftovers
|-damage|p2a: Ceruledge|36/100|[from] move: Whirlpool|[partiallytrapped]
|upkeep
|turn|10
|
|t:|1760856876
|switch|p1a: Pooh Cee|Ditto|100/100
|-transform|p1a: Pooh Cee|p2a: Ceruledge|[from] ability: Imposter
|move|p2a: Ceruledge|Bitter Blade|p1a: Pooh Cee
|-start|p1a: Pooh Cee|ability: Flash Fire
|
|-end|p2a: Ceruledge|Whirlpool|[partiallytrapped]|[silent]
|upkeep
|turn|11
|
|t:|1760856898
|move|p1a: Pooh Cee|Poltergeist|p2a: Ceruledge
|-activate|p2a: Ceruledge|move: Poltergeist|Focus Sash
|-supereffective|p2a: Ceruledge
|-damage|p2a: Ceruledge|0 fnt
|faint|p2a: Ceruledge
|
|upkeep
|
|t:|1760856909
|switch|p2a: Garchomp|Garchomp, M|100/100
|turn|12
|
|t:|1760856912
|move|p1a: Pooh Cee|Poltergeist|p2a: Garchomp
|-activate|p2a: Garchomp|move: Poltergeist|Rocky Helmet
|-damage|p2a: Garchomp|62/100
|move|p2a: Garchomp|Earthquake|p1a: Pooh Cee
|-supereffective|p1a: Pooh Cee
|-damage|p1a: Pooh Cee|0 fnt
|faint|p1a: Pooh Cee
|
|upkeep
|
|t:|1760856928
|switch|p1a: Jyant Deck|Gliscor, M, shiny|100/100
|turn|13
|
|t:|1760856935
|move|p2a: Garchomp|Dragon Claw|p1a: Jyant Deck
|-damage|p1a: Jyant Deck|75/100
|move|p1a: Jyant Deck|Ice Fang|p2a: Garchomp
|-supereffective|p2a: Garchomp
|-damage|p2a: Garchomp|9/100
|-damage|p1a: Jyant Deck|62/100|[from] ability: Rough Skin|[of] p2a: Garchomp
|-damage|p1a: Jyant Deck|46/100|[from] item: Rocky Helmet|[of] p2a: Garchomp
|
|-status|p1a: Jyant Deck|tox|[from] item: Toxic Orb
|upkeep
|turn|14
|
|t:|1760856952
|move|p2a: Garchomp|Iron Head|p1a: Jyant Deck
|-damage|p1a: Jyant Deck|28/100 tox
|cant|p1a: Jyant Deck|flinch
|
|-heal|p1a: Jyant Deck|40/100 tox|[from] ability: Poison Heal
|upkeep
|turn|15
|
|t:|1760856960
|move|p2a: Garchomp|Iron Head|p1a: Jyant Deck
|-damage|p1a: Jyant Deck|21/100 tox
|move|p1a: Jyant Deck|Stealth Rock|p2a: Garchomp
|-sidestart|p2: orion212114|move: Stealth Rock
|
|-heal|p1a: Jyant Deck|33/100 tox|[from] ability: Poison Heal
|upkeep
|turn|16
|
|t:|1760856969
|move|p2a: Garchomp|Fire Fang|p1a: Jyant Deck
|-damage|p1a: Jyant Deck|18/100 tox
|move|p1a: Jyant Deck|Earthquake|p2a: Garchomp
|-crit|p2a: Garchomp
|-damage|p2a: Garchomp|0 fnt
|faint|p2a: Garchomp
|
|-heal|p1a: Jyant Deck|30/100 tox|[from] ability: Poison Heal
|upkeep
|
|t:|1760856975
|switch|p2a: Gardevoir|Gardevoir, F|100/100
|-damage|p2a: Gardevoir|88/100|[from] Stealth Rock
|-ability|p2a: Gardevoir|Poison Heal|Trace|[from] ability: Trace|[of] p1a: Jyant Deck
|turn|17
|
|t:|1760856985
|move|p2a: Gardevoir|Expanding Force|p1a: Jyant Deck
|-damage|p1a: Jyant Deck|0 fnt
|faint|p1a: Jyant Deck
|
|upkeep
|
|t:|1760856990
|switch|p1a: Biggie Rections|Ludicolo, M, shiny, tera:Steel|44/100
|turn|18
|
|t:|1760856995
|move|p2a: Gardevoir|Mystical Fire|p1a: Biggie Rections
|-supereffective|p1a: Biggie Rections
|-damage|p1a: Biggie Rections|3/100
|-unboost|p1a: Biggie Rections|spa|1
|move|p1a: Biggie Rections|Leech Seed|p2a: Gardevoir|[miss]
|-miss|p1a: Biggie Rections|p2a: Gardevoir
|
|-heal|p1a: Biggie Rections|9/100|[from] item: Leftovers
|upkeep
|turn|19
|
|t:|1760857005
|move|p1a: Biggie Rections|Protect|p1a: Biggie Rections
|-singleturn|p1a: Biggie Rections|Protect
|move|p2a: Gardevoir|Mystical Fire|p1a: Biggie Rections
|-activate|p1a: Biggie Rections|move: Protect
|
|-heal|p1a: Biggie Rections|15/100|[from] item: Leftovers
|upkeep
|turn|20
|
|t:|1760857016
|move|p2a: Gardevoir|Mystical Fire|p1a: Biggie Rections
|-supereffective|p1a: Biggie Rections
|-crit|p1a: Biggie Rections
|-damage|p1a: Biggie Rections|0 fnt
|faint|p1a: Biggie Rections
|
|upkeep
|
|t:|1760857022
|switch|p1a: Bo Nerr|Porygon2, shiny|100/100
|turn|21
|
|t:|1760857027
|move|p2a: Gardevoir|Expanding Force|p1a: Bo Nerr
|-damage|p1a: Bo Nerr|71/100
|move|p1a: Bo Nerr|Tri Attack|p2a: Gardevoir
|-damage|p2a: Gardevoir|45/100
|
|upkeep
|turn|22
|
|t:|1760857034
|move|p2a: Gardevoir|Moonblast|p1a: Bo Nerr
|-damage|p1a: Bo Nerr|38/100
|-unboost|p1a: Bo Nerr|spa|1
|move|p1a: Bo Nerr|Tri Attack|p2a: Gardevoir
|-damage|p2a: Gardevoir|15/100
|
|upkeep
|turn|23
|
|t:|1760857045
|move|p2a: Gardevoir|Moonblast|p1a: Bo Nerr
|-damage|p1a: Bo Nerr|8/100
|move|p1a: Bo Nerr|Recover|p1a: Bo Nerr
|-heal|p1a: Bo Nerr|58/100
|
|upkeep
|turn|24
|
|t:|1760857051
|move|p2a: Gardevoir|Moonblast|p1a: Bo Nerr
|-damage|p1a: Bo Nerr|27/100
|move|p1a: Bo Nerr|Recover|p1a: Bo Nerr
|-heal|p1a: Bo Nerr|77/100
|
|upkeep
|turn|25
|
|t:|1760857058
|move|p2a: Gardevoir|Moonblast|p1a: Bo Nerr
|-damage|p1a: Bo Nerr|43/100
|move|p1a: Bo Nerr|Tri Attack|p2a: Gardevoir
|-damage|p2a: Gardevoir|0 fnt
|faint|p2a: Gardevoir
|
|upkeep
|
|t:|1760857063
|switch|p2a: Metagross|Metagross|100/100
|-damage|p2a: Metagross|94/100|[from] Stealth Rock
|turn|26
|
|t:|1760857070
|move|p2a: Metagross|Iron Head|p1a: Bo Nerr
|-damage|p1a: Bo Nerr|5/100
|move|p1a: Bo Nerr|Shadow Ball|p2a: Metagross
|-supereffective|p2a: Metagross
|-damage|p2a: Metagross|64/100
|
|upkeep
|turn|27
|
|t:|1760857079
|move|p2a: Metagross|Iron Head|p1a: Bo Nerr
|-damage|p1a: Bo Nerr|0 fnt
|faint|p1a: Bo Nerr
|
|upkeep
|
|t:|1760857083
|switch|p1a: Anne Null|Overqwil, M, shiny|100/100
|turn|28
|
|t:|1760857092
|move|p1a: Anne Null|Throat Chop|p2a: Metagross
|-supereffective|p2a: Metagross
|-damage|p2a: Metagross|3/100
|-start|p2a: Metagross|Throat Chop|[silent]
|move|p2a: Metagross|Earthquake|p1a: Anne Null
|-supereffective|p1a: Anne Null
|-damage|p1a: Anne Null|16/100
|
|upkeep
|turn|29
|
|t:|1760857100
|move|p1a: Anne Null|Fell Stinger|p2a: Metagross
|-damage|p2a: Metagross|0 fnt
|faint|p2a: Metagross
|-boost|p1a: Anne Null|atk|3
|
|upkeep
|
|t:|1760857105
|switch|p2a: Gyarados|Gyarados, F|100/100
|-damage|p2a: Gyarados|75/100|[from] Stealth Rock
|-ability|p2a: Gyarados|Intimidate|boost
|-unboost|p1a: Anne Null|atk|1
|turn|30
|
|t:|1760857120
|move|p1a: Anne Null|Throat Chop|p2a: Gyarados
|-damage|p2a: Gyarados|0 fnt
|faint|p2a: Gyarados
|
|win|Denvertzzz
|raw|Denvertzzz's rating: 1200 &rarr; <strong>1223</strong><br />(+23 for winning)
|raw|orion212114's rating: 1170 &rarr; <strong>1147</strong><br />(-23 for losing)
|l|☆orion212114
|player|p2|
|l|☆Denvertzzz
|player|p1|
