|j|☆receptus
|j|☆Af Lele.Tomas
|t:|1760807506
|gametype|singles
|player|p1|receptus|yellow|1621
|player|p2|Af Lele.Tomas|nate|1656
|gen|9
|tier|[Gen 9] OU
|rated|
|rule|HP Percentage Mod: HP is shown in percentages
|rule|Endless Battle Clause: Forcing endless battles is banned
|rule|Species Clause: Limit one of each Pokémon
|rule|OHKO Clause: OHKO moves are banned
|rule|Evasion Items Clause: Evasion items are banned
|rule|Evasion Moves Clause: Evasion moves are banned
|rule|Evasion Abilities Clause: Evasion abilities are banned
|rule|Sleep Moves Clause: Sleep-inducing moves are banned
|clearpoke
|poke|p1|Raging Bolt|
|poke|p1|Samurott-Hisui, F|
|poke|p1|Tinkaton, F|
|poke|p1|Landorus-Therian, M|
|poke|p1|Sinistcha|
|poke|p1|Moltres|
|poke|p2|Indeedee, M|
|poke|p2|Armarouge, M|
|poke|p2|Iron Treads|
|poke|p2|Polteageist|
|poke|p2|Hatterene, F|
|poke|p2|Kyurem|
|teampreview
|inactive|Battle timer is ON: inactive players will automatically lose when time's up. (requested by Af Lele.Tomas)
|
|t:|1760807512
|teamsize|p1|6
|teamsize|p2|6
|start
|switch|p1a: Tinkaton|Tinkaton, F|100/100
|switch|p2a: Indeedee|Indeedee, M|100/100
|-fieldstart|move: Psychic Terrain|[from] ability: Psychic Surge|[of] p2a: Indeedee
|-item|p1a: Tinkaton|Air Balloon
|turn|1
|
|t:|1760807519
|switch|p2a: Iron Treads|Iron Treads|100/100
|-enditem|p2a: Iron Treads|Booster Energy
|-activate|p2a: Iron Treads|ability: Quark Drive|[fromitem]
|-start|p2a: Iron Treads|quarkdrivespe
|switch|p1a: Samurott|Samurott-Hisui, F|100/100
|
|upkeep
|turn|2
|
|t:|1760807524
|move|p2a: Iron Treads|Stealth Rock|p1a: Samurott
|-sidestart|p1: receptus|move: Stealth Rock
|move|p1a: Samurott|Aqua Cutter|p2a: Iron Treads
|-supereffective|p2a: Iron Treads
|-damage|p2a: Iron Treads|20/100
|
|upkeep
|turn|3
|
|t:|1760807529
|-end|p2a: Iron Treads|Quark Drive|[silent]
|switch|p2a: Kyurem|Kyurem|100/100
|-ability|p2a: Kyurem|Pressure
|move|p1a: Samurott|Knock Off|p2a: Kyurem
|-damage|p2a: Kyurem|59/100
|-enditem|p2a: Kyurem|Loaded Dice|[from] move: Knock Off|[of] p1a: Samurott
|
|upkeep
|turn|4
|
|t:|1760807534
|move|p2a: Kyurem|Scale Shot|p1a: Samurott
|-damage|p1a: Samurott|83/100
|-damage|p1a: Samurott|67/100
|-damage|p1a: Samurott|50/100
|-hitcount|p1a: Samurott|3
|-unboost|p2a: Kyurem|def|1
|-boost|p2a: Kyurem|spe|1
|move|p1a: Samurott|Ceaseless Edge|p2a: Kyurem
|-crit|p2a: Kyurem
|-damage|p2a: Kyurem|0 fnt
|-sidestart|p2: Af Lele.Tomas|Spikes
|faint|p2a: Kyurem
|
|upkeep
|
|t:|1760807543
|switch|p2a: Iron Treads|Iron Treads|20/100
|-damage|p2a: Iron Treads|7/100|[from] Spikes
|turn|5
|
|t:|1760807546
|switch|p1a: Sinistcha|Sinistcha|100/100
|move|p2a: Iron Treads|Earthquake|p1a: Sinistcha
|-resisted|p1a: Sinistcha
|-damage|p1a: Sinistcha|85/100
|
|upkeep
|turn|6
|
|t:|1760807550
|move|p2a: Iron Treads|Knock Off|p1a: Sinistcha
|-supereffective|p1a: Sinistcha
|-damage|p1a: Sinistcha|43/100
|-enditem|p1a: Sinistcha|Heavy-Duty Boots|[from] move: Knock Off|[of] p2a: Iron Treads
|move|p1a: Sinistcha|Shadow Ball|p2a: Iron Treads
|-damage|p2a: Iron Treads|0 fnt
|faint|p2a: Iron Treads
|-end|p2a: Iron Treads|Quark Drive|[silent]
|
|upkeep
|
|t:|1760807552
|switch|p2a: Armarouge|Armarouge, M|100/100
|-damage|p2a: Armarouge|88/100|[from] Spikes
|turn|7
|
|t:|1760807555
|move|p2a: Armarouge|Armor Cannon|p1a: Sinistcha
|-supereffective|p1a: Sinistcha
|-damage|p1a: Sinistcha|0 fnt
|-unboost|p2a: Armarouge|def|1
|-unboost|p2a: Armarouge|spd|1
|faint|p1a: Sinistcha
|
|upkeep
|
|t:|1760807563
|switch|p1a: Tinkaton|Tinkaton, F|100/100
|-damage|p1a: Tinkaton|94/100|[from] Stealth Rock
|-item|p1a: Tinkaton|Air Balloon
|turn|8
|
|t:|1760807569
|move|p1a: Tinkaton|Stealth Rock|p2a: Armarouge
|-sidestart|p2: Af Lele.Tomas|move: Stealth Rock
|move|p2a: Armarouge|Armor Cannon|p1a: Tinkaton
|-supereffective|p1a: Tinkaton
|-damage|p1a: Tinkaton|0 fnt
|-unboost|p2a: Armarouge|def|1
|-unboost|p2a: Armarouge|spd|1
|-enditem|p1a: Tinkaton|Air Balloon
|faint|p1a: Tinkaton
|
|-fieldend|move: Psychic Terrain
|upkeep
|
|t:|1760807572
|switch|p1a: Samurott|Samurott-Hisui, F|50/100
|turn|9
|
|t:|1760807580
|switch|p2a: Indeedee|Indeedee, M|100/100
|-damage|p2a: Indeedee|88/100|[from] Spikes
|-damage|p2a: Indeedee|76/100|[from] Stealth Rock
|-fieldstart|move: Psychic Terrain|[from] ability: Psychic Surge|[of] p2a: Indeedee
|move|p1a: Samurott|Encore||[still]
|-fail|p1a: Samurott
|
|upkeep
|turn|10
|
|t:|1760807585
|move|p2a: Indeedee|Dazzling Gleam|p1a: Samurott
|-supereffective|p1a: Samurott
|-damage|p1a: Samurott|0 fnt
|faint|p1a: Samurott
|
|upkeep
|
|t:|1760807593
|switch|p1a: Landorus|Landorus-Therian, M|100/100
|-damage|p1a: Landorus|88/100|[from] Stealth Rock
|-ability|p1a: Landorus|Intimidate|boost
|-unboost|p2a: Indeedee|atk|1
|turn|11
|
|t:|1760807595
|move|p1a: Landorus|Earthquake|p2a: Indeedee
|-damage|p2a: Indeedee|0 fnt
|faint|p2a: Indeedee
|
|upkeep
|
|t:|1760807605
|switch|p2a: Armarouge|Armarouge, M|88/100
|-damage|p2a: Armarouge|76/100|[from] Spikes
|-damage|p2a: Armarouge|51/100|[from] Stealth Rock
|turn|12
|
|t:|1760807608
|switch|p1a: Moltres|Moltres|100/100
|move|p2a: Armarouge|Endure||[still]
|-fail|p2a: Armarouge
|
|upkeep
|turn|13
|
|t:|1760807612
|move|p2a: Armarouge|Expanding Force|p1a: Moltres
|-damage|p1a: Moltres|42/100
|move|p1a: Moltres|Hurricane|p2a: Armarouge
|-damage|p2a: Armarouge|0 fnt
|faint|p2a: Armarouge
|
|upkeep
|
|t:|1760807617
|switch|p2a: Polteageist|Polteageist|100/100
|-damage|p2a: Polteageist|88/100|[from] Spikes
|-damage|p2a: Polteageist|76/100|[from] Stealth Rock
|turn|14
|
|t:|1760807620
|move|p2a: Polteageist|Shell Smash|p2a: Polteageist
|-unboost|p2a: Polteageist|def|1
|-unboost|p2a: Polteageist|spd|1
|-boost|p2a: Polteageist|atk|2
|-boost|p2a: Polteageist|spa|2
|-boost|p2a: Polteageist|spe|2
|move|p1a: Moltres|Hurricane|p2a: Polteageist
|-damage|p2a: Polteageist|0 fnt
|faint|p2a: Polteageist
|
|upkeep
|
|t:|1760807622
|switch|p2a: Hatterene|Hatterene, F|100/100
|-damage|p2a: Hatterene|88/100|[from] Spikes
|-damage|p2a: Hatterene|76/100|[from] Stealth Rock
|turn|15
|
|t:|1760807625
|move|p1a: Moltres|Flamethrower|p2a: Hatterene
|-damage|p2a: Hatterene|39/100
|move|p2a: Hatterene|Psyshock|p1a: Moltres
|-damage|p1a: Moltres|0 fnt
|faint|p1a: Moltres
|
|upkeep
|
|t:|1760807628
|switch|p1a: Landorus|Landorus-Therian, M|88/100
|-damage|p1a: Landorus|76/100|[from] Stealth Rock
|-ability|p1a: Landorus|Intimidate|boost
|-unboost|p2a: Hatterene|atk|1
|turn|16
|
|t:|1760807631
|-terastallize|p1a: Landorus|Ground
|-terastallize|p2a: Hatterene|Fairy
|move|p1a: Landorus|Earthquake|p2a: Hatterene
|-damage|p2a: Hatterene|0 fnt
|faint|p2a: Hatterene
|
|win|receptus
|raw|receptus's rating: 1621 &rarr; <strong>1643</strong><br />(+22 for winning)
|raw|Af Lele.Tomas's rating: 1656 &rarr; <strong>1634</strong><br />(-22 for losing)
|l|☆Af Lele.Tomas
|player|p2|
