|j|☆AlmightyHD
|j|☆rmcarmicheal
|t:|1760740340
|gametype|singles
|player|p1|AlmightyHD|acetrainerf-gen4dp|1488
|player|p2|rmcarmicheal|169|1573
|gen|9
|tier|[Gen 9] OU
|rated|
|rule|HP Percentage Mod: HP is shown in percentages
|rule|Endless Battle Clause: Forcing endless battles is banned
|rule|Species Clause: Limit one of each Pokémon
|rule|OHKO Clause: OHKO moves are banned
|rule|Evasion Items Clause: Evasion items are banned
|rule|Evasion Moves Clause: Evasion moves are banned
|rule|Evasion Abilities Clause: Evasion abilities are banned
|rule|Sleep Moves Clause: Sleep-inducing moves are banned
|clearpoke
|poke|p1|Dragonite, F|
|poke|p1|Tyranitar, M|
|poke|p1|Excadrill, M|
|poke|p1|Ogerpon-Wellspring, F|
|poke|p1|Moltres|
|poke|p1|Uxie|
|poke|p2|Ditto|
|poke|p2|Gliscor, M|
|poke|p2|Blissey, F|
|poke|p2|Toxapex, M|
|poke|p2|Cinderace, M|
|poke|p2|Gholdengo|
|teampreview
|inactive|Battle timer is ON: inactive players will automatically lose when time's up. (requested by rmcarmicheal)
|
|t:|1760740364
|teamsize|p1|6
|teamsize|p2|6
|start
|switch|p1a: Dragonite|Dragonite, F|100/100
|switch|p2a: Cinderace|Cinderace, M|100/100
|turn|1
|
|t:|1760740366
|move|p2a: Cinderace|Will-O-Wisp|p1a: Dragonite
|-status|p1a: Dragonite|brn
|move|p1a: Dragonite|Outrage|p2a: Cinderace
|-damage|p2a: Cinderace|29/100
|
|-damage|p1a: Dragonite|94/100 brn|[from] brn
|upkeep
|turn|2
|
|t:|1760740369
|switch|p2a: Gliscor|Gliscor, M|100/100
|move|p1a: Dragonite|Outrage|p2a: Gliscor|[from] lockedmove
|-damage|p2a: Gliscor|63/100
|
|-damage|p1a: Dragonite|88/100 brn|[from] brn
|-status|p2a: Gliscor|tox|[from] item: Toxic Orb
|upkeep
|turn|3
|
|t:|1760740374
|move|p2a: Gliscor|Protect|p2a: Gliscor
|-singleturn|p2a: Gliscor|Protect
|move|p1a: Dragonite|Outrage|p2a: Gliscor|[from] lockedmove
|-activate|p2a: Gliscor|move: Protect
|-start|p1a: Dragonite|confusion|[fatigue]
|
|-heal|p2a: Gliscor|75/100 tox|[from] ability: Poison Heal
|-damage|p1a: Dragonite|82/100 brn|[from] brn
|upkeep
|turn|4
|
|t:|1760740376
|move|p2a: Gliscor|Substitute|p2a: Gliscor
|-start|p2a: Gliscor|Substitute
|-damage|p2a: Gliscor|50/100 tox
|-activate|p1a: Dragonite|confusion
|-damage|p1a: Dragonite|64/100 brn|[from] confusion
|
|-heal|p2a: Gliscor|63/100 tox|[from] ability: Poison Heal
|-damage|p1a: Dragonite|58/100 brn|[from] brn
|upkeep
|turn|5
|
|t:|1760740378
|move|p2a: Gliscor|Protect|p2a: Gliscor
|-singleturn|p2a: Gliscor|Protect
|-activate|p1a: Dragonite|confusion
|move|p1a: Dragonite|Outrage|p2a: Gliscor
|-activate|p2a: Gliscor|move: Protect
|
|-heal|p2a: Gliscor|75/100 tox|[from] ability: Poison Heal
|-damage|p1a: Dragonite|52/100 brn|[from] brn
|upkeep
|turn|6
|
|t:|1760740380
|move|p2a: Gliscor|Substitute|p2a: Gliscor
|-fail|p2a: Gliscor|move: Substitute
|-activate|p1a: Dragonite|confusion
|-damage|p1a: Dragonite|34/100 brn|[from] confusion
|
|-heal|p2a: Gliscor|88/100 tox|[from] ability: Poison Heal
|-damage|p1a: Dragonite|27/100 brn|[from] brn
|upkeep
|turn|7
|
|t:|1760740383
|switch|p2a: Toxapex|Toxapex, M|100/100
|-end|p1a: Dragonite|confusion
|move|p1a: Dragonite|Outrage|p2a: Toxapex
|-damage|p2a: Toxapex|69/100
|-damage|p1a: Dragonite|11/100 brn|[from] item: Rocky Helmet|[of] p2a: Toxapex
|
|-damage|p1a: Dragonite|5/100 brn|[from] brn
|upkeep
|turn|8
|
|t:|1760740385
|move|p1a: Dragonite|Outrage|p2a: Toxapex|[from] lockedmove
|-damage|p2a: Toxapex|39/100
|-damage|p1a: Dragonite|0 fnt|[from] item: Rocky Helmet|[of] p2a: Toxapex
|faint|p1a: Dragonite
|move|p2a: Toxapex|Infestation|p1: Dragonite|[notarget]
|-fail|p2a: Toxapex
|
|upkeep
|
|t:|1760740389
|switch|p1a: Uxie|Uxie, shiny|100/100
|turn|9
|
|t:|1760740394
|switch|p2a: Blissey|Blissey, F|100/100
|move|p1a: Uxie|Knock Off|p2a: Blissey
|-damage|p2a: Blissey|86/100
|-enditem|p2a: Blissey|Leftovers|[from] move: Knock Off|[of] p1a: Uxie
|
|upkeep
|turn|10
|
|t:|1760740398
|switch|p1a: Tyranitar|Tyranitar, M, shiny|100/100
|-weather|Sandstorm|[from] ability: Sand Stream|[of] p1a: Tyranitar
|move|p2a: Blissey|Thunder Wave|p1a: Tyranitar
|-status|p1a: Tyranitar|par
|
|-weather|Sandstorm|[upkeep]
|-damage|p2a: Blissey|80/100|[from] Sandstorm
|upkeep
|turn|11
|
|t:|1760740404
|switch|p2a: Gliscor|Gliscor, M|88/100 tox
|move|p1a: Tyranitar|Knock Off|p2a: Gliscor
|-damage|p2a: Gliscor|24/100 tox
|-enditem|p2a: Gliscor|Toxic Orb|[from] move: Knock Off|[of] p1a: Tyranitar
|
|-weather|Sandstorm|[upkeep]
|-heal|p2a: Gliscor|36/100 tox|[from] ability: Poison Heal
|upkeep
|turn|12
|
|t:|1760740424
|switch|p1a: Excadrill|Excadrill, M|100/100
|-item|p1a: Excadrill|Air Balloon
|move|p2a: Gliscor|Substitute|p2a: Gliscor
|-start|p2a: Gliscor|Substitute
|-damage|p2a: Gliscor|12/100 tox
|
|-weather|Sandstorm|[upkeep]
|-heal|p2a: Gliscor|24/100 tox|[from] ability: Poison Heal
|upkeep
|turn|13
|
|t:|1760740433
|switch|p2a: Cinderace|Cinderace, M|29/100
|move|p1a: Excadrill|Earthquake|p2a: Cinderace
|-supereffective|p2a: Cinderace
|-damage|p2a: Cinderace|0 fnt
|faint|p2a: Cinderace
|
|-weather|Sandstorm|[upkeep]
|upkeep
|
|t:|1760740435
|switch|p2a: Ditto|Ditto|100/100
|-transform|p2a: Ditto|p1a: Excadrill|[from] ability: Imposter
|turn|14
|
|t:|1760740439
|move|p2a: Ditto|Iron Head|p1a: Excadrill
|-resisted|p1a: Excadrill
|-damage|p1a: Excadrill|69/100
|-enditem|p1a: Excadrill|Air Balloon
|move|p1a: Excadrill|Earthquake|p2a: Ditto
|-supereffective|p2a: Ditto
|-damage|p2a: Ditto|0 fnt
|faint|p2a: Ditto
|
|-weather|none
|upkeep
|
|t:|1760740441
|switch|p2a: Gliscor|Gliscor, M|24/100 tox
|turn|15
|
|t:|1760740445
|switch|p1a: Ogerpon|Ogerpon-Wellspring, F|100/100
|move|p2a: Gliscor|Earthquake|p1a: Ogerpon
|-resisted|p1a: Ogerpon
|-damage|p1a: Ogerpon|78/100
|
|-heal|p2a: Gliscor|36/100 tox|[from] ability: Poison Heal
|upkeep
|turn|16
|
|t:|1760740450
|switch|p2a: Toxapex|Toxapex, M|73/100
|move|p1a: Ogerpon|Ivy Cudgel|p2a: Toxapex|[anim] Ivy Cudgel Water
|-resisted|p2a: Toxapex
|-damage|p2a: Toxapex|54/100
|
|upkeep
|turn|17
|
|t:|1760740454
|switch|p1a: Tyranitar|Tyranitar, M, shiny|100/100 par
|-weather|Sandstorm|[from] ability: Sand Stream|[of] p1a: Tyranitar
|move|p2a: Toxapex|Infestation|p1a: Tyranitar
|-supereffective|p1a: Tyranitar
|-crit|p1a: Tyranitar
|-damage|p1a: Tyranitar|95/100 par
|-activate|p1a: Tyranitar|move: Infestation|[of] p2a: Toxapex
|
|-weather|Sandstorm|[upkeep]
|-damage|p2a: Toxapex|48/100|[from] Sandstorm
|-damage|p1a: Tyranitar|82/100 par|[from] move: Infestation|[partiallytrapped]
|upkeep
|turn|18
|
|t:|1760740461
|move|p1a: Tyranitar|Knock Off|p2a: Toxapex
|-damage|p2a: Toxapex|0 fnt
|-damage|p1a: Tyranitar|66/100 par|[from] item: Rocky Helmet|[of] p2a: Toxapex
|-enditem|p2a: Toxapex|Rocky Helmet|[from] move: Knock Off|[of] p1a: Tyranitar
|faint|p2a: Toxapex
|
|-weather|Sandstorm|[upkeep]
|-end|p1a: Tyranitar|Infestation|[partiallytrapped]|[silent]
|upkeep
|
|t:|1760740465
|switch|p2a: Gliscor|Gliscor, M|36/100 tox
|turn|19
|
|t:|1760740473
|switch|p1a: Uxie|Uxie, shiny|100/100
|move|p2a: Gliscor|Earthquake|p1a: Uxie
|-immune|p1a: Uxie|[from] ability: Levitate
|
|-weather|Sandstorm|[upkeep]
|-damage|p1a: Uxie|94/100|[from] Sandstorm
|-heal|p2a: Gliscor|49/100 tox|[from] ability: Poison Heal
|upkeep
|turn|20
|inactive|rmcarmicheal has 120 seconds left.
|inactive|rmcarmicheal has 90 seconds left.
|inactive|rmcarmicheal has 60 seconds left.
|inactive|rmcarmicheal has 30 seconds left.
|inactive|rmcarmicheal has 20 seconds left.
|inactive|rmcarmicheal has 15 seconds left.
|l|☆rmcarmicheal
|inactive|rmcarmicheal disconnected and has a minute to reconnect!
|player|p2|
|inactive|rmcarmicheal has 10 seconds left.
|inactive|rmcarmicheal has 5 seconds left.
|-message|rmcarmicheal lost due to inactivity.
|
|win|AlmightyHD
|raw|AlmightyHD's rating: 1488 &rarr; <strong>1514</strong><br />(+26 for winning)
|raw|rmcarmicheal's rating: 1592 &rarr; <strong>1566</strong><br />(-26 for losing)
