|j|☆Legionarwar
|j|☆sleeponani
|t:|1760857642
|gametype|singles
|player|p1|Legionarwar|marlon|1147
|player|p2|sleeponani|2|1139
|gen|9
|tier|[Gen 9] OU
|rated|
|rule|HP Percentage Mod: HP is shown in percentages
|rule|Endless Battle Clause: Forcing endless battles is banned
|rule|Species Clause: Limit one of each Pokémon
|rule|OHKO Clause: OHKO moves are banned
|rule|Evasion Items Clause: Evasion items are banned
|rule|Evasion Moves Clause: Evasion moves are banned
|rule|Evasion Abilities Clause: Evasion abilities are banned
|rule|Sleep Moves Clause: Sleep-inducing moves are banned
|clearpoke
|poke|p1|Iron Treads|
|poke|p1|Torterra, M|
|poke|p1|Galvantula, F|
|poke|p1|Cinderace, M|
|poke|p1|Inteleon, M|
|poke|p1|Kilowattrel, F|
|poke|p2|Rillaboom, M|
|poke|p2|Great Tusk|
|poke|p2|Dragapult, F|
|poke|p2|Slowking-Galar, M|
|poke|p2|Iron Valiant|
|poke|p2|Moltres|
|teampreview
|inactive|Battle timer is ON: inactive players will automatically lose when time's up. (requested by Legionarwar)
|
|t:|1760857666
|teamsize|p1|6
|teamsize|p2|6
|start
|switch|p1a: Rerra|Torterra, M|100/100
|switch|p2a: 原始回归saki酱|Great Tusk|100/100
|turn|1
|
|t:|1760857672
|move|p2a: 原始回归saki酱|Rapid Spin|p1a: Rerra
|-damage|p1a: Rerra|85/100
|-boost|p2a: 原始回归saki酱|spe|1
|move|p1a: Rerra|Bullet Seed|p2a: 原始回归saki酱
|-supereffective|p2a: 原始回归saki酱
|-damage|p2a: 原始回归saki酱|86/100
|-supereffective|p2a: 原始回归saki酱
|-damage|p2a: 原始回归saki酱|73/100
|-supereffective|p2a: 原始回归saki酱
|-damage|p2a: 原始回归saki酱|58/100
|-supereffective|p2a: 原始回归saki酱
|-damage|p2a: 原始回归saki酱|45/100
|-supereffective|p2a: 原始回归saki酱
|-damage|p2a: 原始回归saki酱|29/100
|-hitcount|p2a: 原始回归saki酱|5
|
|upkeep
|turn|2
|
|t:|1760857680
|move|p2a: 原始回归saki酱|Ice Spinner|p1a: Rerra
|-supereffective|p1a: Rerra
|-damage|p1a: Rerra|0 fnt
|faint|p1a: Rerra
|
|upkeep
|
|t:|1760857686
|switch|p1a: Inteleon|Inteleon, M|100/100
|turn|3
|
|t:|1760857694
|-end|p2a: 原始回归saki酱|Protosynthesis|[silent]
|switch|p2a: Slowking|Slowking-Galar, M|100/100
|move|p1a: Inteleon|Hydro Pump|p2a: Slowking
|-damage|p2a: Slowking|46/100
|
|upkeep
|turn|4
|
|t:|1760857702
|switch|p2a: 染发立希|Rillaboom, M|100/100
|-fieldstart|move: Grassy Terrain|[from] ability: Grassy Surge|[of] p2a: 染发立希
|move|p1a: Inteleon|Hydro Pump|p2a: 染发立希|[miss]
|-miss|p1a: Inteleon|p2a: 染发立希
|
|upkeep
|turn|5
|
|t:|1760857710
|switch|p1a: Kilowattrel|Kilowattrel, F|100/100
|move|p2a: 染发立希|Knock Off|p1a: Kilowattrel
|-damage|p1a: Kilowattrel|1/100
|-enditem|p1a: Kilowattrel|Heavy-Duty Boots|[from] move: Knock Off|[of] p2a: 染发立希
|
|upkeep
|turn|6
|
|t:|1760857716
|switch|p2a: Dragapult|Dragapult, F|100/100
|move|p1a: Kilowattrel|Air Slash|p2a: Dragapult
|-damage|p2a: Dragapult|57/100
|
|-heal|p2a: Dragapult|63/100|[from] Grassy Terrain
|upkeep
|turn|7
|
|t:|1760857721
|move|p2a: Dragapult|U-turn|p1a: Kilowattrel
|-resisted|p1a: Kilowattrel
|-damage|p1a: Kilowattrel|0 fnt
|faint|p1a: Kilowattrel
|-damage|p2a: Dragapult|53/100|[from] item: Life Orb
|
|t:|1760857729
|switch|p2a: 原始回归saki酱|Great Tusk|29/100|[from] U-turn
|
|-heal|p2a: 原始回归saki酱|35/100|[from] Grassy Terrain
|upkeep
|
|t:|1760857735
|switch|p1a: Inteleon|Inteleon, M|100/100
|turn|8
|
|t:|1760857740
|-end|p2a: 原始回归saki酱|Protosynthesis|[silent]
|switch|p2a: 染发立希|Rillaboom, M|100/100
|move|p1a: Inteleon|Hydro Pump|p2a: 染发立希
|-resisted|p2a: 染发立希
|-damage|p2a: 染发立希|45/100
|
|-heal|p2a: 染发立希|51/100|[from] Grassy Terrain
|-fieldend|move: Grassy Terrain
|upkeep
|turn|9
|-message|sleeponani forfeited.
|
|win|Legionarwar
|raw|Legionarwar's rating: 1147 &rarr; <strong>1171</strong><br />(+24 for winning)
|raw|sleeponani's rating: 1139 &rarr; <strong>1115</strong><br />(-24 for losing)
|l|☆sleeponani
|player|p2|
|l|☆Legionarwar
|player|p1|
