|j|☆yixing_onestar
|j|☆Enchantix fairy
|t:|1760786127
|gametype|singles
|player|p1|yixing_onestar|swimmerf-gen4|1297
|player|p2|Enchantix fairy|winona|1325
|gen|9
|tier|[Gen 9] OU
|rated|
|rule|HP Percentage Mod: HP is shown in percentages
|rule|Endless Battle Clause: Forcing endless battles is banned
|rule|Species Clause: Limit one of each Pokémon
|rule|OHKO Clause: OHKO moves are banned
|rule|Evasion Items Clause: Evasion items are banned
|rule|Evasion Moves Clause: Evasion moves are banned
|rule|Evasion Abilities Clause: Evasion abilities are banned
|rule|Sleep Moves Clause: Sleep-inducing moves are banned
|clearpoke
|poke|p1|Ninetales-Alola, F|
|poke|p1|Cetitan, M|
|poke|p1|Kyurem|
|poke|p1|Sandslash-Alola, M|
|poke|p1|Chandelure, F|
|poke|p1|Meowscarada, M|
|poke|p2|Primarina, F|
|poke|p2|Dragonite, M|
|poke|p2|Donphan, F|
|poke|p2|Galvantula, F|
|poke|p2|Meowscarada, F|
|poke|p2|Metagross|
|teampreview
|
|t:|1760786137
|teamsize|p1|6
|teamsize|p2|6
|start
|switch|p1a: Sandslash|Sandslash-Alola, M, shiny|100/100
|switch|p2a: Metagross|Metagross|100/100
|turn|1
|inactive|Battle timer is ON: inactive players will automatically lose when time's up. (requested by yixing_onestar)
|
|t:|1760786179
|switch|p2a: Dragonite|Dragonite, M|100/100
|move|p1a: Sandslash|Stealth Rock|p2a: Dragonite
|-sidestart|p2: Enchantix fairy|move: Stealth Rock
|
|upkeep
|turn|2
|
|t:|1760786194
|-terastallize|p2a: Dragonite|Fairy
|move|p1a: Sandslash|Triple Axel|p2a: Dragonite
|-damage|p2a: Dragonite|96/100
|-damage|p1a: Sandslash|84/100|[from] item: Rocky Helmet|[of] p2a: Dragonite
|-damage|p2a: Dragonite|80/100
|-damage|p1a: Sandslash|68/100|[from] item: Rocky Helmet|[of] p2a: Dragonite
|-damage|p2a: Dragonite|54/100
|-damage|p1a: Sandslash|51/100|[from] item: Rocky Helmet|[of] p2a: Dragonite
|-hitcount|p2a: Dragonite|3
|move|p2a: Dragonite|Dragon Dance|p2a: Dragonite
|-boost|p2a: Dragonite|atk|1
|-boost|p2a: Dragonite|spe|1
|
|upkeep
|turn|3
|
|t:|1760786209
|move|p2a: Dragonite|Earthquake|p1a: Sandslash
|-supereffective|p1a: Sandslash
|-damage|p1a: Sandslash|0 fnt
|faint|p1a: Sandslash
|
|upkeep
|
|t:|1760786222
|switch|p1a: Ninetales|Ninetales-Alola, F, shiny|100/100
|-weather|Snowscape|[from] ability: Snow Warning|[of] p1a: Ninetales
|turn|4
|
|t:|1760786229
|move|p2a: Dragonite|Roost|p2a: Dragonite
|-heal|p2a: Dragonite|100/100
|move|p1a: Ninetales|Blizzard|p2a: Dragonite
|-damage|p2a: Dragonite|90/100
|-status|p2a: Dragonite|frz
|
|-weather|Snowscape|[upkeep]
|upkeep
|turn|5
|
|t:|1760786239
|cant|p2a: Dragonite|frz
|move|p1a: Ninetales|Encore|p2a: Dragonite
|-start|p2a: Dragonite|Encore
|
|-weather|Snowscape|[upkeep]
|upkeep
|turn|6
|
|t:|1760786246
|switch|p1a: Cetitan|Cetitan, M, shiny|100/100
|cant|p2a: Dragonite|frz
|
|-weather|Snowscape|[upkeep]
|upkeep
|turn|7
|
|t:|1760786269
|switch|p2a: Metagross|Metagross|100/100
|-damage|p2a: Metagross|95/100|[from] Stealth Rock
|move|p1a: Cetitan|Belly Drum|p1a: Cetitan
|-damage|p1a: Cetitan|51/100
|-setboost|p1a: Cetitan|atk|6|[from] move: Belly Drum
|
|-weather|Snowscape|[upkeep]
|upkeep
|turn|8
|
|t:|1760786281
|-terastallize|p1a: Cetitan|Ground
|move|p2a: Metagross|Bullet Punch|p1a: Cetitan
|-damage|p1a: Cetitan|15/100
|-enditem|p1a: Cetitan|Sitrus Berry|[eat]
|-heal|p1a: Cetitan|40/100|[from] item: Sitrus Berry
|move|p1a: Cetitan|Earthquake|p2a: Metagross
|-supereffective|p2a: Metagross
|-damage|p2a: Metagross|0 fnt
|faint|p2a: Metagross
|
|-weather|Snowscape|[upkeep]
|upkeep
|
|t:|1760786303
|switch|p2a: Donphan|Donphan, F|100/100
|turn|9
|
|t:|1760786307
|move|p1a: Cetitan|Ice Spinner|p2a: Donphan
|-supereffective|p2a: Donphan
|-ability|p2a: Donphan|Sturdy
|-damage|p2a: Donphan|1/100
|move|p2a: Donphan|Ice Spinner|p1a: Cetitan
|-supereffective|p1a: Cetitan
|-damage|p1a: Cetitan|0 fnt
|faint|p1a: Cetitan
|
|-weather|Snowscape|[upkeep]
|upkeep
|
|t:|1760786324
|switch|p1a: Kyurem|Kyurem, shiny|100/100
|-ability|p1a: Kyurem|Pressure
|turn|10
|
|t:|1760786332
|move|p1a: Kyurem|Blizzard|p2a: Donphan
|-supereffective|p2a: Donphan
|-damage|p2a: Donphan|0 fnt
|faint|p2a: Donphan
|-damage|p1a: Kyurem|91/100|[from] item: Life Orb
|
|-weather|Snowscape|[upkeep]
|upkeep
|
|t:|1760786342
|switch|p2a: Dragonite|Dragonite, M, tera:Fairy|90/100 frz
|-damage|p2a: Dragonite|78/100 frz|[from] Stealth Rock
|turn|11
|
|t:|1760786350
|move|p1a: Kyurem|Blizzard|p2a: Dragonite
|-damage|p2a: Dragonite|23/100 frz
|-damage|p1a: Kyurem|81/100|[from] item: Life Orb
|cant|p2a: Dragonite|frz
|
|-weather|none
|upkeep
|turn|12
|
|t:|1760786359
|move|p1a: Kyurem|Freeze-Dry|p2a: Dragonite
|-damage|p2a: Dragonite|0 fnt
|faint|p2a: Dragonite
|-damage|p1a: Kyurem|71/100|[from] item: Life Orb
|
|upkeep
|
|t:|1760786380
|switch|p2a: Primarina|Primarina, F|100/100
|-damage|p2a: Primarina|88/100|[from] Stealth Rock
|turn|13
|
|t:|1760786386
|move|p1a: Kyurem|Freeze-Dry|p2a: Primarina
|-supereffective|p2a: Primarina
|-damage|p2a: Primarina|34/100
|-damage|p1a: Kyurem|61/100|[from] item: Life Orb
|move|p2a: Primarina|Moonblast|p1a: Kyurem
|-supereffective|p1a: Kyurem
|-damage|p1a: Kyurem|0 fnt
|faint|p1a: Kyurem
|
|upkeep
|
|t:|1760786409
|switch|p1a: Meowscarada|Meowscarada, M, shiny|100/100
|turn|14
|
|t:|1760786421
|move|p1a: Meowscarada|Flower Trick|p2a: Primarina
|-start|p1a: Meowscarada|typechange|Grass|[from] ability: Protean
|-supereffective|p2a: Primarina
|-crit|p2a: Primarina
|-damage|p2a: Primarina|0 fnt
|faint|p2a: Primarina
|
|upkeep
|
|t:|1760786429
|switch|p2a: Meowscarada|Meowscarada, F, shiny|100/100
|-damage|p2a: Meowscarada|88/100|[from] Stealth Rock
|turn|15
|
|t:|1760786436
|switch|p1a: Ninetales|Ninetales-Alola, F, shiny|100/100
|-weather|Snowscape|[from] ability: Snow Warning|[of] p1a: Ninetales
|move|p2a: Meowscarada|U-turn|p1a: Ninetales
|-start|p2a: Meowscarada|typechange|Bug|[from] ability: Protean
|-resisted|p1a: Ninetales
|-damage|p1a: Ninetales|80/100
|
|t:|1760786439
|switch|p2a: Galvantula|Galvantula, F, shiny|100/100|[from] U-turn
|-damage|p2a: Galvantula|76/100|[from] Stealth Rock
|
|-weather|Snowscape|[upkeep]
|upkeep
|turn|16
|
|t:|1760786455
|move|p2a: Galvantula|Thunder|p1a: Ninetales
|-damage|p1a: Ninetales|32/100
|-status|p1a: Ninetales|par
|cant|p1a: Ninetales|par
|
|-weather|Snowscape|[upkeep]
|upkeep
|turn|17
|
|t:|1760786462
|move|p2a: Galvantula|Thunder|p1a: Ninetales
|-damage|p1a: Ninetales|0 fnt
|faint|p1a: Ninetales
|
|-weather|Snowscape|[upkeep]
|upkeep
|
|t:|1760786471
|switch|p1a: Chandelure|Chandelure, F|100/100
|turn|18
|
|t:|1760786474
|move|p1a: Chandelure|Heat Wave|p2a: Galvantula
|-supereffective|p2a: Galvantula
|-damage|p2a: Galvantula|0 fnt
|faint|p2a: Galvantula
|
|-weather|Snowscape|[upkeep]
|upkeep
|
|t:|1760786477
|switch|p2a: Meowscarada|Meowscarada, F, shiny|88/100
|-damage|p2a: Meowscarada|76/100|[from] Stealth Rock
|turn|19
|
|t:|1760786484
|move|p1a: Chandelure|Heat Wave|p2a: Meowscarada
|-supereffective|p2a: Meowscarada
|-damage|p2a: Meowscarada|0 fnt
|faint|p2a: Meowscarada
|
|win|yixing_onestar
|raw|yixing_onestar's rating: 1297 &rarr; <strong>1324</strong><br />(+27 for winning)
|raw|Enchantix fairy's rating: 1325 &rarr; <strong>1303</strong><br />(-22 for losing)
|l|☆Enchantix fairy
|player|p2|
|l|☆yixing_onestar
|player|p1|
