|j|☆EspeonEnthusiastUU
|j|☆AsierX
|t:|1760784238
|gametype|singles
|player|p1|EspeonEnthusiastUU|waiter-gen4dp|1364
|player|p2|AsierX|skierf|1410
|gen|9
|tier|[Gen 9] OU
|rated|
|rule|HP Percentage Mod: HP is shown in percentages
|rule|Endless Battle Clause: Forcing endless battles is banned
|rule|Species Clause: Limit one of each Pokémon
|rule|OHKO Clause: OHKO moves are banned
|rule|Evasion Items Clause: Evasion items are banned
|rule|Evasion Moves Clause: Evasion moves are banned
|rule|Evasion Abilities Clause: Evasion abilities are banned
|rule|Sleep Moves Clause: Sleep-inducing moves are banned
|clearpoke
|poke|p1|Volcanion|
|poke|p1|Landorus-Therian, M|
|poke|p1|Hatterene, F|
|poke|p1|Dragapult, M|
|poke|p1|Kingambit, M|
|poke|p1|Slither Wing|
|poke|p2|Moltres-Galar|
|poke|p2|Zapdos-Galar|
|poke|p2|Ogerpon-Wellspring, F|
|poke|p2|Iron Boulder|
|poke|p2|Sandy Shocks|
|poke|p2|Cinderace, M|
|teampreview
|
|t:|1760784265
|teamsize|p1|6
|teamsize|p2|6
|start
|switch|p1a: Landorus|Landorus-Therian, M|100/100
|switch|p2a: Birdbrain|Zapdos-Galar|100/100
|-ability|p1a: Landorus|Intimidate|boost
|-unboost|p2a: Birdbrain|atk|1
|-ability|p2a: Birdbrain|Defiant|boost
|-boost|p2a: Birdbrain|atk|2
|turn|1
|
|t:|1760784271
|move|p2a: Birdbrain|Knock Off|p1a: Landorus
|-damage|p1a: Landorus|56/100
|-damage|p2a: Birdbrain|84/100|[from] item: Rocky Helmet|[of] p1a: Landorus
|-enditem|p1a: Landorus|Rocky Helmet|[from] move: Knock Off|[of] p2a: Birdbrain
|move|p1a: Landorus|Stealth Rock|p2a: Birdbrain
|-sidestart|p2: AsierX|move: Stealth Rock
|
|upkeep
|turn|2
|
|t:|1760784291
|move|p2a: Birdbrain|Brave Bird|p1a: Landorus
|-damage|p1a: Landorus|0 fnt
|faint|p1a: Landorus
|-damage|p2a: Birdbrain|62/100|[from] Recoil
|
|upkeep
|
|t:|1760784296
|switch|p1a: Dragapult|Dragapult, M|100/100
|turn|3
|
|t:|1760784299
|move|p1a: Dragapult|Shadow Ball|p2a: Birdbrain
|-damage|p2a: Birdbrain|22/100
|move|p2a: Birdbrain|Knock Off|p1a: Dragapult
|-supereffective|p1a: Dragapult
|-damage|p1a: Dragapult|0 fnt
|-enditem|p1a: Dragapult|Choice Specs|[from] move: Knock Off|[of] p2a: Birdbrain
|faint|p1a: Dragapult
|
|upkeep
|
|t:|1760784306
|switch|p1a: Volcanion|Volcanion|100/100
|turn|4
|
|t:|1760784309
|move|p2a: Birdbrain|Thunderous Kick|p1a: Volcanion
|-damage|p1a: Volcanion|33/100
|-unboost|p1a: Volcanion|def|1
|move|p1a: Volcanion|Flamethrower|p2a: Birdbrain
|-damage|p2a: Birdbrain|0 fnt
|faint|p2a: Birdbrain
|
|upkeep
|
|t:|1760784312
|switch|p2a: Big Bonk|Ogerpon-Wellspring, F|100/100
|-damage|p2a: Big Bonk|88/100|[from] Stealth Rock
|turn|5
|
|t:|1760784320
|switch|p1a: Slither Wing|Slither Wing|100/100
|move|p2a: Big Bonk|Horn Leech|p1a: Slither Wing
|-resisted|p1a: Slither Wing
|-damage|p1a: Slither Wing|82/100
|-heal|p2a: Big Bonk|99/100|[from] drain|[of] p1a: Slither Wing
|
|upkeep
|turn|6
|
|t:|1760784325
|switch|p2a: Here's the kicker|Cinderace, M|100/100
|move|p1a: Slither Wing|Will-O-Wisp|p2a: Here's the kicker
|-immune|p2a: Here's the kicker
|
|upkeep
|turn|7
|
|t:|1760784332
|-end|p1a: Slither Wing|Protosynthesis|[silent]
|switch|p1a: Volcanion|Volcanion|33/100
|move|p2a: Here's the kicker|Pyro Ball|p1a: Volcanion|[miss]
|-miss|p2a: Here's the kicker|p1a: Volcanion
|
|upkeep
|turn|8
|
|t:|1760784337
|move|p2a: Here's the kicker|High Jump Kick|p1a: Volcanion
|-start|p2a: Here's the kicker|typechange|Fighting|[from] ability: Libero
|-damage|p1a: Volcanion|0 fnt
|faint|p1a: Volcanion
|
|upkeep
|
|t:|1760784342
|switch|p1a: Slither Wing|Slither Wing|82/100
|turn|9
|
|t:|1760784345
|move|p2a: Here's the kicker|Pyro Ball|p1a: Slither Wing
|-supereffective|p1a: Slither Wing
|-damage|p1a: Slither Wing|18/100
|move|p1a: Slither Wing|Will-O-Wisp|p2a: Here's the kicker
|-status|p2a: Here's the kicker|brn
|
|-damage|p2a: Here's the kicker|95/100 brn|[from] brn
|upkeep
|turn|10
|
|t:|1760784349
|move|p2a: Here's the kicker|Pyro Ball|p1a: Slither Wing
|-supereffective|p1a: Slither Wing
|-damage|p1a: Slither Wing|0 fnt
|faint|p1a: Slither Wing
|-end|p1a: Slither Wing|Protosynthesis|[silent]
|
|-damage|p2a: Here's the kicker|89/100 brn|[from] brn
|upkeep
|
|t:|1760784353
|switch|p1a: Hatterene|Hatterene, F|100/100
|turn|11
|
|t:|1760784356
|move|p2a: Here's the kicker|Pyro Ball|p1a: Hatterene
|-damage|p1a: Hatterene|77/100
|move|p1a: Hatterene|Draining Kiss|p2a: Here's the kicker
|-supereffective|p2a: Here's the kicker
|-damage|p2a: Here's the kicker|15/100 brn
|-heal|p1a: Hatterene|100/100|[from] drain|[of] p2a: Here's the kicker
|
|-damage|p2a: Here's the kicker|9/100 brn|[from] brn
|upkeep
|turn|12
|
|t:|1760784367
|move|p2a: Here's the kicker|Pyro Ball|p1a: Hatterene
|-damage|p1a: Hatterene|78/100
|move|p1a: Hatterene|Draining Kiss|p2a: Here's the kicker
|-supereffective|p2a: Here's the kicker
|-damage|p2a: Here's the kicker|0 fnt
|-heal|p1a: Hatterene|84/100|[from] drain|[of] p2a: Here's the kicker
|faint|p2a: Here's the kicker
|
|upkeep
|
|t:|1760784370
|switch|p2a: Big Bonk|Ogerpon-Wellspring, F|99/100
|-damage|p2a: Big Bonk|88/100|[from] Stealth Rock
|turn|13
|
|t:|1760784384
|move|p2a: Big Bonk|Swords Dance|p2a: Big Bonk
|-boost|p2a: Big Bonk|atk|2
|move|p1a: Hatterene|Draining Kiss|p2a: Big Bonk
|-damage|p2a: Big Bonk|57/100
|-heal|p1a: Hatterene|100/100|[from] drain|[of] p2a: Big Bonk
|
|upkeep
|turn|14
|
|t:|1760784397
|move|p2a: Big Bonk|Ivy Cudgel|p1a: Hatterene|[anim] Ivy Cudgel Water
|-damage|p1a: Hatterene|0 fnt
|faint|p1a: Hatterene
|
|upkeep
|
|t:|1760784400
|switch|p1a: Kingambit|Kingambit, M|100/100
|-activate|p1a: Kingambit|ability: Supreme Overlord
|-start|p1a: Kingambit|fallen5|[silent]
|turn|15
|
|t:|1760784409
|switch|p2a: Battering Ram|Iron Boulder|100/100
|-damage|p2a: Battering Ram|88/100|[from] Stealth Rock
|-enditem|p2a: Battering Ram|Booster Energy
|-activate|p2a: Battering Ram|ability: Quark Drive|[fromitem]
|-start|p2a: Battering Ram|quarkdrivespe
|-terastallize|p1a: Kingambit|Dark
|move|p1a: Kingambit|Sucker Punch||[still]
|-fail|p1a: Kingambit
|
|upkeep
|turn|16
|
|t:|1760784415
|move|p2a: Battering Ram|Megahorn|p1a: Kingambit
|-supereffective|p1a: Kingambit
|-damage|p1a: Kingambit|29/100
|move|p1a: Kingambit|Swords Dance|p1a: Kingambit
|-boost|p1a: Kingambit|atk|2
|
|upkeep
|turn|17
|
|t:|1760784418
|move|p1a: Kingambit|Sucker Punch|p2a: Battering Ram
|-supereffective|p2a: Battering Ram
|-damage|p2a: Battering Ram|0 fnt
|faint|p2a: Battering Ram
|-end|p2a: Battering Ram|Quark Drive|[silent]
|
|upkeep
|
|t:|1760784419
|switch|p2a: Big Bonk|Ogerpon-Wellspring, F|57/100
|-damage|p2a: Big Bonk|44/100|[from] Stealth Rock
|turn|18
|
|t:|1760784423
|move|p1a: Kingambit|Sucker Punch||[still]
|-fail|p1a: Kingambit
|move|p2a: Big Bonk|Encore|p1a: Kingambit
|-start|p1a: Kingambit|Encore
|
|upkeep
|turn|19
|
|t:|1760784429
|move|p1a: Kingambit|Sucker Punch||[still]
|-fail|p1a: Kingambit
|move|p2a: Big Bonk|Swords Dance|p2a: Big Bonk
|-boost|p2a: Big Bonk|atk|2
|
|upkeep
|turn|20
|
|t:|1760784434
|move|p1a: Kingambit|Sucker Punch||[still]
|-fail|p1a: Kingambit
|move|p2a: Big Bonk|Swords Dance|p2a: Big Bonk
|-boost|p2a: Big Bonk|atk|2
|
|upkeep
|turn|21
|
|t:|1760784440
|move|p1a: Kingambit|Sucker Punch||[still]
|-fail|p1a: Kingambit
|move|p2a: Big Bonk|Swords Dance|p2a: Big Bonk
|-boost|p2a: Big Bonk|atk|2
|
|-end|p1a: Kingambit|Encore
|upkeep
|turn|22
|
|t:|1760784445
|move|p1a: Kingambit|Sucker Punch||[still]
|-fail|p1a: Kingambit
|move|p2a: Big Bonk|Encore|p1a: Kingambit
|-start|p1a: Kingambit|Encore
|
|upkeep
|turn|23
|
|t:|1760784448
|move|p1a: Kingambit|Sucker Punch||[still]
|-fail|p1a: Kingambit
|move|p2a: Big Bonk|Swords Dance|p2a: Big Bonk
|-boost|p2a: Big Bonk|atk|0
|
|-end|p1a: Kingambit|Encore
|upkeep
|turn|24
|
|t:|1760784455
|move|p2a: Big Bonk|Ivy Cudgel|p1a: Kingambit|[anim] Ivy Cudgel Water
|-damage|p1a: Kingambit|0 fnt
|faint|p1a: Kingambit
|-end|p1a: Kingambit|fallen5|[silent]
|
|win|AsierX
|raw|EspeonEnthusiastUU's rating: 1364 &rarr; <strong>1347</strong><br />(-17 for losing)
|raw|AsierX's rating: 1410 &rarr; <strong>1427</strong><br />(+17 for winning)
|l|☆AsierX
|player|p2|
|l|☆EspeonEnthusiastUU
|player|p1|
