|j|☆Darkress(CR)
|j|☆gfitzy
|t:|1760749304
|gametype|singles
|player|p1|Darkress(CR)|169|1144
|player|p2|gfitzy|cynthia-masters|1145
|gen|9
|tier|[Gen 9] OU
|rated|
|rule|HP Percentage Mod: HP is shown in percentages
|rule|Endless Battle Clause: Forcing endless battles is banned
|rule|Species Clause: Limit one of each Pokémon
|rule|OHKO Clause: OHKO moves are banned
|rule|Evasion Items Clause: Evasion items are banned
|rule|Evasion Moves Clause: Evasion moves are banned
|rule|Evasion Abilities Clause: Evasion abilities are banned
|rule|Sleep Moves Clause: Sleep-inducing moves are banned
|clearpoke
|poke|p1|Tropius, F|
|poke|p1|Ninetales, F|
|poke|p1|Sandslash, M|
|poke|p1|Samurott, M|
|poke|p1|Muk-Alola, F|
|poke|p1|Medicham, M|
|poke|p2|Primarina, F|
|poke|p2|Landorus-Therian, M|
|poke|p2|Rillaboom, F|
|poke|p2|Iron Valiant|
|poke|p2|Cinderace, F|
|poke|p2|Kingambit, F|
|teampreview
|inactive|Battle timer is ON: inactive players will automatically lose when time's up. (requested by Darkress(CR))
|
|t:|1760749325
|teamsize|p1|6
|teamsize|p2|6
|start
|switch|p1a: Sandslash|Sandslash, M, shiny|100/100
|switch|p2a: Rillaboom|Rillaboom, F, shiny|100/100
|-fieldstart|move: Grassy Terrain|[from] ability: Grassy Surge|[of] p2a: Rillaboom
|turn|1
|
|t:|1760749343
|switch|p1a: Muk|Muk-Alola, F, shiny|100/100
|move|p2a: Rillaboom|Grassy Glide|p1a: Muk
|-resisted|p1a: Muk
|-damage|p1a: Muk|70/100
|
|-heal|p1a: Muk|76/100|[from] Grassy Terrain
|upkeep
|turn|2
|
|t:|1760749354
|switch|p2a: Iron Valiant|Iron Valiant, shiny|100/100
|-enditem|p2a: Iron Valiant|Booster Energy
|-activate|p2a: Iron Valiant|ability: Quark Drive|[fromitem]
|-start|p2a: Iron Valiant|quarkdrivespe
|move|p1a: Muk|Knock Off|p2a: Iron Valiant
|-resisted|p2a: Iron Valiant
|-damage|p2a: Iron Valiant|93/100
|-status|p2a: Iron Valiant|psn|[from] ability: Poison Touch|[of] p1a: Muk
|
|-heal|p2a: Iron Valiant|99/100 psn|[from] Grassy Terrain
|-heal|p1a: Muk|82/100|[from] Grassy Terrain
|-damage|p2a: Iron Valiant|86/100 psn|[from] psn
|upkeep
|turn|3
|
|t:|1760749372
|move|p2a: Iron Valiant|Moonblast|p1a: Muk
|-damage|p1a: Muk|64/100
|-unboost|p1a: Muk|spa|1
|move|p1a: Muk|Poison Jab|p2a: Iron Valiant
|-supereffective|p2a: Iron Valiant
|-damage|p2a: Iron Valiant|17/100 psn
|
|-heal|p2a: Iron Valiant|23/100 psn|[from] Grassy Terrain
|-heal|p1a: Muk|70/100|[from] Grassy Terrain
|-damage|p2a: Iron Valiant|11/100 psn|[from] psn
|upkeep
|turn|4
|
|t:|1760749384
|move|p2a: Iron Valiant|Destiny Bond|p2a: Iron Valiant
|-singlemove|p2a: Iron Valiant|Destiny Bond
|move|p1a: Muk|Drain Punch|p2a: Iron Valiant
|-resisted|p2a: Iron Valiant
|-damage|p2a: Iron Valiant|0 fnt
|-heal|p1a: Muk|73/100|[from] drain|[of] p2a: Iron Valiant
|faint|p2a: Iron Valiant
|-activate|p2a: Iron Valiant|move: Destiny Bond
|-end|p2a: Iron Valiant|Quark Drive|[silent]
|faint|p1a: Muk
|
|upkeep
|
|t:|1760749399
|switch|p2a: Cinderace|Cinderace, F, shiny|100/100
|switch|p1a: Sandslash|Sandslash, M, shiny|100/100
|turn|5
|
|t:|1760749408
|move|p2a: Cinderace|U-turn|p1a: Sandslash
|-start|p2a: Cinderace|typechange|Bug|[from] ability: Libero
|-crit|p1a: Sandslash
|-damage|p1a: Sandslash|65/100
|
|t:|1760749412
|switch|p2a: Landorus|Landorus-Therian, M, shiny|100/100|[from] U-turn
|-ability|p2a: Landorus|Intimidate|boost
|-unboost|p1a: Sandslash|atk|1
|move|p1a: Sandslash|Stealth Rock|p2a: Landorus
|-sidestart|p2: gfitzy|move: Stealth Rock
|
|-heal|p1a: Sandslash|71/100|[from] Grassy Terrain
|-heal|p1a: Sandslash|77/100|[from] item: Leftovers
|-fieldend|move: Grassy Terrain
|upkeep
|turn|6
|
|t:|1760749424
|move|p2a: Landorus|Earthquake|p1a: Sandslash
|-damage|p1a: Sandslash|42/100
|move|p1a: Sandslash|Super Fang|p2a: Landorus
|-damage|p2a: Landorus|51/100
|-damage|p1a: Sandslash|26/100|[from] item: Rocky Helmet|[of] p2a: Landorus
|
|-heal|p1a: Sandslash|32/100|[from] item: Leftovers
|upkeep
|turn|7
|
|t:|1760749435
|switch|p1a: Tropius|Tropius, F, shiny|100/100
|move|p2a: Landorus|Earthquake|p1a: Tropius
|-immune|p1a: Tropius
|
|upkeep
|turn|8
|
|t:|1760749443
|switch|p2a: Cinderace|Cinderace, F, shiny|100/100
|move|p1a: Tropius|Leech Seed|p2a: Cinderace
|-start|p2a: Cinderace|move: Leech Seed
|
|-damage|p2a: Cinderace|88/100|[from] Leech Seed|[of] p1a: Tropius
|upkeep
|turn|9
|
|t:|1760749453
|move|p1a: Tropius|Protect|p1a: Tropius
|-singleturn|p1a: Tropius|Protect
|move|p2a: Cinderace|Court Change|p2a: Cinderace
|-start|p2a: Cinderace|typechange|Normal|[from] ability: Libero
|-swapsideconditions
|-activate|p2a: Cinderace|move: Court Change
|
|-damage|p2a: Cinderace|76/100|[from] Leech Seed|[of] p1a: Tropius
|upkeep
|turn|10
|
|t:|1760749466
|switch|p1a: Samurott|Samurott, M, shiny|100/100
|-damage|p1a: Samurott|88/100|[from] Stealth Rock
|move|p2a: Cinderace|U-turn|p1a: Samurott
|-damage|p1a: Samurott|62/100
|
|t:|1760749472
|switch|p2a: Rillaboom|Rillaboom, F, shiny|100/100|[from] U-turn
|-fieldstart|move: Grassy Terrain|[from] ability: Grassy Surge|[of] p2a: Rillaboom
|
|-heal|p1a: Samurott|68/100|[from] Grassy Terrain
|upkeep
|turn|11
|
|t:|1760749478
|-terastallize|p1a: Samurott|Ice
|move|p2a: Rillaboom|Grassy Glide|p1a: Samurott
|-damage|p1a: Samurott|3/100
|move|p1a: Samurott|Tera Blast|p2a: Rillaboom|[anim] Tera Blast Ice
|-supereffective|p2a: Rillaboom
|-damage|p2a: Rillaboom|0 fnt
|faint|p2a: Rillaboom
|
|-heal|p1a: Samurott|9/100|[from] Grassy Terrain
|upkeep
|
|t:|1760749488
|switch|p2a: Cinderace|Cinderace, F, shiny|76/100
|turn|12
|
|t:|1760749491
|move|p1a: Samurott|Tera Blast|p2a: Cinderace|[anim] Tera Blast Ice
|-resisted|p2a: Cinderace
|-damage|p2a: Cinderace|50/100
|move|p2a: Cinderace|Pyro Ball|p1a: Samurott
|-supereffective|p1a: Samurott
|-damage|p1a: Samurott|0 fnt
|faint|p1a: Samurott
|
|-heal|p2a: Cinderace|56/100|[from] Grassy Terrain
|upkeep
|
|t:|1760749499
|switch|p1a: Sandslash|Sandslash, M, shiny|32/100
|-damage|p1a: Sandslash|26/100|[from] Stealth Rock
|turn|13
|
|t:|1760749504
|move|p2a: Cinderace|U-turn|p1a: Sandslash
|-start|p2a: Cinderace|typechange|Bug|[from] ability: Libero
|-damage|p1a: Sandslash|4/100
|
|t:|1760749508
|switch|p2a: Primarina|Primarina, F, shiny|100/100|[from] U-turn
|move|p1a: Sandslash|Rapid Spin|p2a: Primarina
|-damage|p2a: Primarina|90/100
|-boost|p1a: Sandslash|spe|1
|-sideend|p1: Darkress(CR)|Stealth Rock|[from] move: Rapid Spin|[of] p1a: Sandslash
|
|-heal|p1a: Sandslash|10/100|[from] Grassy Terrain
|-heal|p1a: Sandslash|17/100|[from] item: Leftovers
|-heal|p2a: Primarina|96/100|[from] Grassy Terrain
|-heal|p2a: Primarina|100/100|[from] item: Leftovers
|upkeep
|turn|14
|
|t:|1760749520
|move|p1a: Sandslash|Super Fang|p2a: Primarina
|-damage|p2a: Primarina|50/100
|move|p2a: Primarina|Substitute|p2a: Primarina
|-start|p2a: Primarina|Substitute
|-damage|p2a: Primarina|25/100
|
|-heal|p1a: Sandslash|23/100|[from] Grassy Terrain
|-heal|p1a: Sandslash|29/100|[from] item: Leftovers
|-heal|p2a: Primarina|32/100|[from] Grassy Terrain
|-heal|p2a: Primarina|38/100|[from] item: Leftovers
|-fieldend|move: Grassy Terrain
|upkeep
|turn|15
|
|t:|1760749533
|switch|p1a: Ninetales|Ninetales, F, shiny|100/100
|-weather|SunnyDay|[from] ability: Drought|[of] p1a: Ninetales
|-terastallize|p2a: Primarina|Steel
|move|p2a: Primarina|Calm Mind|p2a: Primarina
|-boost|p2a: Primarina|spa|1
|-boost|p2a: Primarina|spd|1
|
|-weather|SunnyDay|[upkeep]
|-heal|p2a: Primarina|44/100|[from] item: Leftovers
|upkeep
|turn|16
|
|t:|1760749543
|move|p1a: Ninetales|Weather Ball|p2a: Primarina
|-supereffective|p2a: Primarina
|-end|p2a: Primarina|Substitute
|move|p2a: Primarina|Surf|p1a: Ninetales
|-supereffective|p1a: Ninetales
|-damage|p1a: Ninetales|43/100
|
|-weather|SunnyDay|[upkeep]
|-heal|p2a: Primarina|50/100|[from] item: Leftovers
|upkeep
|turn|17
|
|t:|1760749554
|switch|p2a: Landorus|Landorus-Therian, M, shiny|51/100
|-ability|p2a: Landorus|Intimidate|boost
|-unboost|p1a: Ninetales|atk|1
|move|p1a: Ninetales|Weather Ball|p2a: Landorus
|-damage|p2a: Landorus|0 fnt
|faint|p2a: Landorus
|
|-weather|SunnyDay|[upkeep]
|upkeep
|
|t:|1760749563
|switch|p2a: Cinderace|Cinderace, F, shiny|56/100
|turn|18
|
|t:|1760749568
|move|p2a: Cinderace|Pyro Ball|p1a: Ninetales
|-resisted|p1a: Ninetales
|-damage|p1a: Ninetales|0 fnt
|faint|p1a: Ninetales
|
|-weather|SunnyDay|[upkeep]
|upkeep
|
|t:|1760749573
|switch|p1a: Medicham|Medicham, M, shiny|100/100
|turn|19
|
|t:|1760749581
|move|p2a: Cinderace|Shadow Ball|p1a: Medicham
|-start|p2a: Cinderace|typechange|Ghost|[from] ability: Libero
|-supereffective|p1a: Medicham
|-damage|p1a: Medicham|45/100
|move|p1a: Medicham|Drain Punch|p2a: Cinderace
|-immune|p2a: Cinderace
|
|-weather|SunnyDay|[upkeep]
|upkeep
|turn|20
|
|t:|1760749593
|move|p1a: Medicham|Bullet Punch|p2a: Cinderace
|-damage|p2a: Cinderace|30/100
|move|p2a: Cinderace|Shadow Ball|p1a: Medicham
|-supereffective|p1a: Medicham
|-damage|p1a: Medicham|0 fnt
|faint|p1a: Medicham
|
|-weather|SunnyDay|[upkeep]
|upkeep
|
|t:|1760749596
|switch|p1a: Tropius|Tropius, F, shiny|100/100
|turn|21
|
|t:|1760749602
|move|p2a: Cinderace|Pyro Ball|p1a: Tropius
|-supereffective|p1a: Tropius
|-damage|p1a: Tropius|17/100
|-enditem|p1a: Tropius|Sitrus Berry|[eat]
|-heal|p1a: Tropius|42/100|[from] item: Sitrus Berry
|move|p1a: Tropius|Substitute|p1a: Tropius
|-start|p1a: Tropius|Substitute
|-damage|p1a: Tropius|17/100
|
|-weather|SunnyDay|[upkeep]
|-item|p1a: Tropius|Sitrus Berry|[from] ability: Harvest
|upkeep
|-enditem|p1a: Tropius|Sitrus Berry|[eat]
|-heal|p1a: Tropius|42/100|[from] item: Sitrus Berry
|turn|22
|
|t:|1760749613
|move|p1a: Tropius|Protect|p1a: Tropius
|-singleturn|p1a: Tropius|Protect
|move|p2a: Cinderace|Pyro Ball|p1a: Tropius
|-activate|p1a: Tropius|move: Protect
|
|-weather|none
|-item|p1a: Tropius|Sitrus Berry|[from] ability: Harvest
|upkeep
|-enditem|p1a: Tropius|Sitrus Berry|[eat]
|-heal|p1a: Tropius|67/100|[from] item: Sitrus Berry
|turn|23
|
|t:|1760749624
|move|p2a: Cinderace|Pyro Ball|p1a: Tropius
|-supereffective|p1a: Tropius
|-end|p1a: Tropius|Substitute
|move|p1a: Tropius|Air Slash|p2a: Cinderace
|-damage|p2a: Cinderace|1/100
|
|upkeep
|turn|24
|
|t:|1760749635
|move|p2a: Cinderace|Pyro Ball|p1a: Tropius|[miss]
|-miss|p2a: Cinderace|p1a: Tropius
|move|p1a: Tropius|Air Slash|p2a: Cinderace
|-damage|p2a: Cinderace|0 fnt
|faint|p2a: Cinderace
|
|upkeep
|
|t:|1760749641
|switch|p2a: Kingambit|Kingambit, F, shiny|100/100
|-activate|p2a: Kingambit|ability: Supreme Overlord
|-start|p2a: Kingambit|fallen4|[silent]
|turn|25
|
|t:|1760749649
|move|p2a: Kingambit|Low Kick|p1a: Tropius
|-resisted|p1a: Tropius
|-crit|p1a: Tropius
|-damage|p1a: Tropius|36/100
|move|p1a: Tropius|Leech Seed|p2a: Kingambit
|-start|p2a: Kingambit|move: Leech Seed
|
|-damage|p2a: Kingambit|88/100|[from] Leech Seed|[of] p1a: Tropius
|-heal|p1a: Tropius|47/100|[silent]
|upkeep
|turn|26
|
|t:|1760749659
|move|p1a: Tropius|Protect|p1a: Tropius
|-singleturn|p1a: Tropius|Protect
|move|p2a: Kingambit|Kowtow Cleave|p1a: Tropius
|-activate|p1a: Tropius|move: Protect
|
|-damage|p2a: Kingambit|76/100|[from] Leech Seed|[of] p1a: Tropius
|-heal|p1a: Tropius|57/100|[silent]
|upkeep
|turn|27
|
|t:|1760749678
|switch|p1a: Sandslash|Sandslash, M, shiny|29/100
|move|p2a: Kingambit|Kowtow Cleave|p1a: Sandslash
|-damage|p1a: Sandslash|0 fnt
|faint|p1a: Sandslash
|
|upkeep
|
|t:|1760749681
|switch|p1a: Tropius|Tropius, F, shiny|57/100
|turn|28
|
|t:|1760749689
|-end|p2a: Kingambit|fallen4|[silent]
|switch|p2a: Primarina|Primarina, F, shiny, tera:Steel|50/100
|move|p1a: Tropius|Substitute|p1a: Tropius
|-start|p1a: Tropius|Substitute
|-damage|p1a: Tropius|32/100
|
|-heal|p2a: Primarina|56/100|[from] item: Leftovers
|upkeep
|turn|29
|
|t:|1760749699
|move|p2a: Primarina|Substitute|p2a: Primarina
|-start|p2a: Primarina|Substitute
|-damage|p2a: Primarina|31/100
|move|p1a: Tropius|Leech Seed||[still]
|-fail|p1a: Tropius
|
|-heal|p2a: Primarina|37/100|[from] item: Leftovers
|upkeep
|turn|30
|
|t:|1760749709
|move|p2a: Primarina|Calm Mind|p2a: Primarina
|-boost|p2a: Primarina|spa|1
|-boost|p2a: Primarina|spd|1
|move|p1a: Tropius|Air Slash|p2a: Primarina
|-resisted|p2a: Primarina
|-activate|p2a: Primarina|move: Substitute|[damage]
|
|-heal|p2a: Primarina|43/100|[from] item: Leftovers
|upkeep
|turn|31
|-message|Darkress(CR) forfeited.
|
|win|gfitzy
|raw|Darkress(CR)'s rating: 1144 &rarr; <strong>1119</strong><br />(-25 for losing)
|raw|gfitzy's rating: 1145 &rarr; <strong>1170</strong><br />(+25 for winning)
|l|☆Darkress(CR)
|player|p1|
|l|☆gfitzy
|player|p2|
