|j|☆dragonore
|j|☆Skimsiomai
|t:|1760872815
|gametype|singles
|player|p1|dragonore|roxie|
|player|p2|Skimsiomai|backpacker|
|gen|9
|tier|[Gen 9] OU
|rule|HP Percentage Mod: HP is shown in percentages
|rule|Endless Battle Clause: Forcing endless battles is banned
|rule|Species Clause: Limit one of each Pokémon
|rule|OHKO Clause: OHKO moves are banned
|rule|Evasion Items Clause: Evasion items are banned
|rule|Evasion Moves Clause: Evasion moves are banned
|rule|Evasion Abilities Clause: Evasion abilities are banned
|rule|Sleep Moves Clause: Sleep-inducing moves are banned
|clearpoke
|poke|p1|Landorus-Therian, M|
|poke|p1|Samurott-Hisui, M|
|poke|p1|Pecharunt|
|poke|p1|Scizor, M|
|poke|p1|Latios, M|
|poke|p1|Zamazenta-*|
|poke|p2|Torkoal, F|
|poke|p2|Scovillain, M|
|poke|p2|Walking Wake|
|poke|p2|Hatterene, F|
|poke|p2|Great Tusk|
|poke|p2|Ceruledge, F|
|teampreview
|c|☆dragonore|Glhf!
|c|☆Skimsiomai|glhf !
|
|t:|1760872850
|teamsize|p1|6
|teamsize|p2|6
|start
|switch|p1a: Samurott|Samurott-Hisui, M|100/100
|switch|p2a: Torkoal|Torkoal, F|100/100
|-weather|SunnyDay|[from] ability: Drought|[of] p2a: Torkoal
|turn|1
|c|☆Skimsiomai|oh uh I didnt prepare a 2nd team :\
|
|t:|1760872871
|move|p1a: Samurott|Ceaseless Edge|p2a: Torkoal|[miss]
|-miss|p1a: Samurott|p2a: Torkoal
|move|p2a: Torkoal|Stealth Rock|p1a: Samurott
|-sidestart|p1: dragonore|move: Stealth Rock
|
|-weather|SunnyDay|[upkeep]
|upkeep
|turn|2
|c|☆dragonore|Off to a great start thanks hamu
|
|t:|1760872891
|switch|p2a: Scovillain|Scovillain, M|100/100
|move|p1a: Samurott|Ceaseless Edge|p2a: Scovillain
|-damage|p2a: Scovillain|14/100
|-sidestart|p2: Skimsiomai|Spikes
|
|-weather|SunnyDay|[upkeep]
|upkeep
|turn|3
|
|t:|1760872900
|move|p1a: Samurott|Aqua Jet|p2a: Scovillain
|-damage|p2a: Scovillain|0 fnt
|faint|p2a: Scovillain
|
|-weather|SunnyDay|[upkeep]
|upkeep
|
|t:|1760872910
|switch|p2a: Walking Wake|Walking Wake|100/100
|-damage|p2a: Walking Wake|88/100|[from] Spikes
|-activate|p2a: Walking Wake|ability: Protosynthesis
|-start|p2a: Walking Wake|protosynthesisspa
|turn|4
|
|t:|1760872919
|move|p2a: Walking Wake|Dragon Pulse|p1a: Samurott
|-damage|p1a: Samurott|6/100
|move|p1a: Samurott|Ceaseless Edge|p2a: Walking Wake
|-damage|p2a: Walking Wake|31/100
|-sidestart|p2: Skimsiomai|Spikes
|
|-weather|SunnyDay|[upkeep]
|upkeep
|turn|5
|
|t:|1760872930
|move|p1a: Samurott|Aqua Jet|p2a: Walking Wake
|-resisted|p2a: Walking Wake
|-damage|p2a: Walking Wake|29/100
|move|p2a: Walking Wake|Dragon Pulse|p1a: Samurott
|-damage|p1a: Samurott|0 fnt
|faint|p1a: Samurott
|
|-weather|SunnyDay|[upkeep]
|upkeep
|
|t:|1760872952
|switch|p1a: Zamazenta|Zamazenta|100/100
|-damage|p1a: Zamazenta|94/100|[from] Stealth Rock
|-ability|p1a: Zamazenta|Dauntless Shield|boost
|-boost|p1a: Zamazenta|def|1
|turn|6
|
|t:|1760872968
|-end|p2a: Walking Wake|Protosynthesis|[silent]
|switch|p2a: Hatterene|Hatterene, F|100/100
|-damage|p2a: Hatterene|84/100|[from] Spikes
|move|p1a: Zamazenta|Body Press|p2a: Hatterene
|-resisted|p2a: Hatterene
|-damage|p2a: Hatterene|72/100
|-enditem|p2a: Hatterene|Eject Button
|
|t:|1760872974
|switch|p2a: big t|Great Tusk|100/100
|-damage|p2a: big t|84/100|[from] Spikes
|-activate|p2a: big t|ability: Protosynthesis
|-start|p2a: big t|protosynthesisatk
|
|-weather|SunnyDay|[upkeep]
|-heal|p1a: Zamazenta|100/100|[from] item: Leftovers
|upkeep
|turn|7
|
|t:|1760872979
|move|p1a: Zamazenta|Iron Defense|p1a: Zamazenta
|-boost|p1a: Zamazenta|def|2
|move|p2a: big t|Rapid Spin|p1a: Zamazenta
|-damage|p1a: Zamazenta|93/100
|-boost|p2a: big t|spe|1
|-sideend|p2: Skimsiomai|Spikes|[from] move: Rapid Spin|[of] p2a: big t
|
|-weather|SunnyDay|[upkeep]
|-heal|p1a: Zamazenta|99/100|[from] item: Leftovers
|upkeep
|turn|8
|
|t:|1760872992
|move|p2a: big t|Headlong Rush|p1a: Zamazenta
|-damage|p1a: Zamazenta|73/100
|-unboost|p2a: big t|def|1
|-unboost|p2a: big t|spd|1
|move|p1a: Zamazenta|Iron Defense|p1a: Zamazenta
|-boost|p1a: Zamazenta|def|2
|
|-weather|none
|-end|p2a: big t|Protosynthesis
|-heal|p1a: Zamazenta|79/100|[from] item: Leftovers
|upkeep
|turn|9
|
|t:|1760873009
|move|p2a: big t|Headlong Rush|p1a: Zamazenta
|-damage|p1a: Zamazenta|65/100
|-unboost|p2a: big t|def|1
|-unboost|p2a: big t|spd|1
|move|p1a: Zamazenta|Body Press|p2a: big t
|-damage|p2a: big t|0 fnt
|-damage|p1a: Zamazenta|49/100|[from] item: Rocky Helmet|[of] p2a: big t
|faint|p2a: big t
|-end|p2a: big t|Protosynthesis|[silent]
|
|-heal|p1a: Zamazenta|55/100|[from] item: Leftovers
|upkeep
|
|t:|1760873016
|switch|p2a: Hatterene|Hatterene, F|72/100
|turn|10
|
|t:|1760873019
|-terastallize|p1a: Zamazenta|Fire
|move|p1a: Zamazenta|Crunch|p2a: Hatterene
|-damage|p2a: Hatterene|52/100
|move|p2a: Hatterene|Psyshock|p1a: Zamazenta
|-damage|p1a: Zamazenta|47/100
|
|-heal|p1a: Zamazenta|53/100|[from] item: Leftovers
|upkeep
|turn|11
|
|t:|1760873038
|move|p1a: Zamazenta|Crunch|p2a: Hatterene
|-damage|p2a: Hatterene|33/100
|move|p2a: Hatterene|Draining Kiss|p1a: Zamazenta
|-resisted|p1a: Zamazenta
|-crit|p1a: Zamazenta
|-damage|p1a: Zamazenta|38/100
|-heal|p2a: Hatterene|45/100|[from] drain|[of] p1a: Zamazenta
|
|-heal|p1a: Zamazenta|44/100|[from] item: Leftovers
|upkeep
|turn|12
|
|t:|1760873043
|move|p1a: Zamazenta|Crunch|p2a: Hatterene
|-damage|p2a: Hatterene|26/100
|-unboost|p2a: Hatterene|def|1
|move|p2a: Hatterene|Draining Kiss|p1a: Zamazenta
|-resisted|p1a: Zamazenta
|-damage|p1a: Zamazenta|34/100
|-heal|p2a: Hatterene|35/100|[from] drain|[of] p1a: Zamazenta
|
|-heal|p1a: Zamazenta|40/100|[from] item: Leftovers
|upkeep
|turn|13
|
|t:|1760873048
|move|p1a: Zamazenta|Crunch|p2a: Hatterene
|-damage|p2a: Hatterene|8/100
|move|p2a: Hatterene|Draining Kiss|p1a: Zamazenta
|-resisted|p1a: Zamazenta
|-damage|p1a: Zamazenta|30/100
|-heal|p2a: Hatterene|16/100|[from] drain|[of] p1a: Zamazenta
|
|-heal|p1a: Zamazenta|36/100|[from] item: Leftovers
|upkeep
|turn|14
|
|t:|1760873055
|move|p1a: Zamazenta|Crunch|p2a: Hatterene
|-crit|p2a: Hatterene
|-damage|p2a: Hatterene|0 fnt
|faint|p2a: Hatterene
|
|-heal|p1a: Zamazenta|42/100|[from] item: Leftovers
|upkeep
|
|t:|1760873057
|switch|p2a: Ceruledge|Ceruledge, F|100/100
|turn|15
|
|t:|1760873068
|move|p1a: Zamazenta|Crunch|p2a: Ceruledge
|-supereffective|p2a: Ceruledge
|-crit|p2a: Ceruledge
|-damage|p2a: Ceruledge|8/100
|-ability|p2a: Ceruledge|Weak Armor|boost
|-unboost|p2a: Ceruledge|def|1
|-boost|p2a: Ceruledge|spe|2
|move|p2a: Ceruledge|Swords Dance|p2a: Ceruledge
|-boost|p2a: Ceruledge|atk|2
|
|-heal|p1a: Zamazenta|48/100|[from] item: Leftovers
|upkeep
|turn|16
|
|t:|1760873075
|move|p2a: Ceruledge|Shadow Sneak|p1a: Zamazenta
|-damage|p1a: Zamazenta|39/100
|move|p1a: Zamazenta|Crunch|p2a: Ceruledge
|-supereffective|p2a: Ceruledge
|-damage|p2a: Ceruledge|0 fnt
|faint|p2a: Ceruledge
|
|-heal|p1a: Zamazenta|45/100|[from] item: Leftovers
|upkeep
|
|t:|1760873079
|switch|p2a: Walking Wake|Walking Wake|29/100
|turn|17
|
|t:|1760873082
|move|p1a: Zamazenta|Body Press|p2a: Walking Wake
|-damage|p2a: Walking Wake|0 fnt
|faint|p2a: Walking Wake
|-end|p2a: Walking Wake|Protosynthesis|[silent]
|
|-heal|p1a: Zamazenta|51/100|[from] item: Leftovers
|upkeep
|c|☆Skimsiomai|that is one bulky doge
|
|t:|1760873087
|switch|p2a: Torkoal|Torkoal, F|100/100
|-weather|SunnyDay|[from] ability: Drought|[of] p2a: Torkoal
|turn|18
|
|t:|1760873090
|move|p1a: Zamazenta|Body Press|p2a: Torkoal
|-damage|p2a: Torkoal|0 fnt
|faint|p2a: Torkoal
|
|win|dragonore
|c|☆Skimsiomai|ggs
|c|☆Skimsiomai|wp
|c|☆dragonore|Bulk dog :D
|c|☆dragonore|Ggs
|c|☆Skimsiomai|buff dog !
|c|☆Skimsiomai|gl on ur next round !
|c|☆dragonore|Thanks
