|j|☆LX1987
|j|☆NEZK025
|t:|1760886266
|gametype|singles
|player|p1|LX1987|2|1446
|player|p2|NEZK025|nate|1496
|gen|9
|tier|[Gen 9] OU
|rated|
|rule|HP Percentage Mod: HP is shown in percentages
|rule|Endless Battle Clause: Forcing endless battles is banned
|rule|Species Clause: Limit one of each Pokémon
|rule|OHKO Clause: OHKO moves are banned
|rule|Evasion Items Clause: Evasion items are banned
|rule|Evasion Moves Clause: Evasion moves are banned
|rule|Evasion Abilities Clause: Evasion abilities are banned
|rule|Sleep Moves Clause: Sleep-inducing moves are banned
|clearpoke
|poke|p1|Chesnaught, F|
|poke|p1|Entei|
|poke|p1|Weezing-Galar, M|
|poke|p1|Dragapult, F|
|poke|p1|Swampert, M|
|poke|p1|Cloyster, M|
|poke|p2|Rillaboom, M|
|poke|p2|Raging Bolt|
|poke|p2|Weavile, M|
|poke|p2|Gholdengo|
|poke|p2|Samurott-Hisui, F|
|poke|p2|Iron Treads|
|teampreview
|inactive|Battle timer is ON: inactive players will automatically lose when time's up. (requested by LX1987)
|
|t:|1760886279
|teamsize|p1|6
|teamsize|p2|6
|start
|switch|p1a: Cloyster|Cloyster, M|100/100
|switch|p2a: Gholdengo|Gholdengo|100/100
|turn|1
|
|t:|1760886293
|move|p2a: Gholdengo|Make It Rain|p1a: Cloyster
|-enditem|p1a: Cloyster|Focus Sash
|-damage|p1a: Cloyster|1/100
|-unboost|p2a: Gholdengo|spa|1
|move|p1a: Cloyster|Liquidation|p2a: Gholdengo
|-damage|p2a: Gholdengo|70/100
|-unboost|p2a: Gholdengo|def|1
|
|upkeep
|turn|2
|inactive|NEZK025 has 120 seconds left.
|
|t:|1760886325
|switch|p1a: Swampert|Swampert, M|100/100
|move|p2a: Gholdengo|Shadow Ball|p1a: Swampert
|-damage|p1a: Swampert|88/100
|
|upkeep
|turn|3
|inactive|NEZK025 has 120 seconds left.
|
|t:|1760886347
|switch|p2a: Rillaboom|Rillaboom, M|100/100
|-fieldstart|move: Grassy Terrain|[from] ability: Grassy Surge|[of] p2a: Rillaboom
|move|p1a: Swampert|Knock Off|p2a: Rillaboom
|-crit|p2a: Rillaboom
|-damage|p2a: Rillaboom|61/100
|-enditem|p2a: Rillaboom|Heavy-Duty Boots|[from] move: Knock Off|[of] p1a: Swampert
|
|-heal|p2a: Rillaboom|67/100|[from] Grassy Terrain
|-heal|p1a: Swampert|94/100|[from] Grassy Terrain
|upkeep
|turn|4
|
|t:|1760886359
|switch|p1a: Chesnaught|Chesnaught, F|100/100
|move|p2a: Rillaboom|Knock Off|p1a: Chesnaught
|-resisted|p1a: Chesnaught
|-damage|p1a: Chesnaught|88/100
|-damage|p2a: Rillaboom|51/100|[from] item: Rocky Helmet|[of] p1a: Chesnaught
|-enditem|p1a: Chesnaught|Rocky Helmet|[from] move: Knock Off|[of] p2a: Rillaboom
|
|-heal|p2a: Rillaboom|57/100|[from] Grassy Terrain
|-heal|p1a: Chesnaught|94/100|[from] Grassy Terrain
|upkeep
|turn|5
|
|t:|1760886377
|switch|p2a: Gholdengo|Gholdengo|70/100
|move|p1a: Chesnaught|Knock Off|p2a: Gholdengo
|-supereffective|p2a: Gholdengo
|-damage|p2a: Gholdengo|33/100
|-enditem|p2a: Gholdengo|Metal Coat|[from] move: Knock Off|[of] p1a: Chesnaught
|
|-heal|p2a: Gholdengo|39/100|[from] Grassy Terrain
|-heal|p1a: Chesnaught|100/100|[from] Grassy Terrain
|upkeep
|turn|6
|inactive|NEZK025 has 120 seconds left.
|
|t:|1760886392
|switch|p1a: Swampert|Swampert, M|94/100
|move|p2a: Gholdengo|Nasty Plot|p2a: Gholdengo
|-boost|p2a: Gholdengo|spa|2
|
|-heal|p2a: Gholdengo|45/100|[from] Grassy Terrain
|-heal|p1a: Swampert|100/100|[from] Grassy Terrain
|upkeep
|turn|7
|
|t:|1760886402
|move|p2a: Gholdengo|Shadow Ball|p1a: Swampert
|-damage|p1a: Swampert|63/100
|move|p1a: Swampert|Earthquake|p2a: Gholdengo
|-supereffective|p2a: Gholdengo
|-damage|p2a: Gholdengo|14/100
|
|-heal|p2a: Gholdengo|20/100|[from] Grassy Terrain
|-heal|p1a: Swampert|70/100|[from] Grassy Terrain
|-fieldend|move: Grassy Terrain
|upkeep
|turn|8
|
|t:|1760886414
|switch|p2a: Samurott|Samurott-Hisui, F|100/100
|move|p1a: Swampert|Earthquake|p2a: Samurott
|-damage|p2a: Samurott|58/100
|
|upkeep
|turn|9
|
|t:|1760886421
|switch|p1a: Chesnaught|Chesnaught, F|100/100
|move|p2a: Samurott|Ceaseless Edge|p1a: Chesnaught
|-resisted|p1a: Chesnaught
|-damage|p1a: Chesnaught|87/100
|-sidestart|p1: LX1987|Spikes
|
|upkeep
|turn|10
|
|t:|1760886430
|move|p2a: Samurott|Flip Turn|p1a: Chesnaught
|-resisted|p1a: Chesnaught
|-damage|p1a: Chesnaught|79/100
|
|t:|1760886433
|switch|p2a: Gholdengo|Gholdengo|20/100|[from] Flip Turn
|move|p1a: Chesnaught|Body Press|p2a: Gholdengo
|-immune|p2a: Gholdengo
|
|upkeep
|turn|11
|
|t:|1760886441
|move|p2a: Gholdengo|Recover|p2a: Gholdengo
|-heal|p2a: Gholdengo|70/100
|move|p1a: Chesnaught|Knock Off|p2a: Gholdengo
|-supereffective|p2a: Gholdengo
|-damage|p2a: Gholdengo|45/100
|
|upkeep
|turn|12
|
|t:|1760886467
|switch|p1a: Swampert|Swampert, M|70/100
|-damage|p1a: Swampert|57/100|[from] Spikes
|move|p2a: Gholdengo|Make It Rain|p1a: Swampert
|-resisted|p1a: Swampert
|-damage|p1a: Swampert|44/100
|-unboost|p2a: Gholdengo|spa|1
|
|upkeep
|turn|13
|
|t:|1760886478
|switch|p2a: Rillaboom|Rillaboom, M|57/100
|-fieldstart|move: Grassy Terrain|[from] ability: Grassy Surge|[of] p2a: Rillaboom
|move|p1a: Swampert|Earthquake|p2a: Rillaboom
|-resisted|p2a: Rillaboom
|-damage|p2a: Rillaboom|47/100
|
|-heal|p2a: Rillaboom|53/100|[from] Grassy Terrain
|-heal|p1a: Swampert|50/100|[from] Grassy Terrain
|upkeep
|turn|14
|
|t:|1760886489
|switch|p1a: Weezing|Weezing-Galar, M|100/100
|-ability|p1a: Weezing|Neutralizing Gas
|-damage|p1a: Weezing|88/100|[from] Spikes
|move|p2a: Rillaboom|U-turn|p1a: Weezing
|-resisted|p1a: Weezing
|-damage|p1a: Weezing|84/100
|
|t:|1760886496
|switch|p2a: Gholdengo|Gholdengo|45/100|[from] U-turn
|
|-heal|p2a: Gholdengo|51/100|[from] Grassy Terrain
|-heal|p1a: Weezing|90/100|[from] Grassy Terrain
|-heal|p1a: Weezing|96/100|[from] item: Black Sludge
|upkeep
|turn|15
|
|t:|1760886505
|move|p2a: Gholdengo|Make It Rain|p1a: Weezing
|-supereffective|p1a: Weezing
|-crit|p1a: Weezing
|-damage|p1a: Weezing|0 fnt
|-unboost|p2a: Gholdengo|spa|1
|faint|p1a: Weezing
|-end|p1a: Weezing|ability: Neutralizing Gas
|
|-heal|p2a: Gholdengo|57/100|[from] Grassy Terrain
|upkeep
|
|t:|1760886516
|switch|p1a: Entei|Entei|100/100
|-damage|p1a: Entei|88/100|[from] Spikes
|-ability|p1a: Entei|Pressure
|turn|16
|
|t:|1760886522
|switch|p2a: Raging Bolt|Raging Bolt|100/100
|move|p1a: Entei|Sacred Fire|p2a: Raging Bolt
|-resisted|p2a: Raging Bolt
|-damage|p2a: Raging Bolt|83/100
|
|-heal|p1a: Entei|94/100|[from] Grassy Terrain
|-heal|p2a: Raging Bolt|89/100|[from] Grassy Terrain
|-heal|p2a: Raging Bolt|95/100|[from] item: Leftovers
|upkeep
|turn|17
|
|t:|1760886534
|move|p1a: Entei|Swagger|p2a: Raging Bolt
|-boost|p2a: Raging Bolt|atk|2
|-start|p2a: Raging Bolt|confusion
|-enditem|p1a: Entei|Mirror Herb
|-boost|p1a: Entei|atk|2|[from] item: Mirror Herb
|-activate|p2a: Raging Bolt|confusion
|move|p2a: Raging Bolt|Draco Meteor|p1a: Entei
|-damage|p1a: Entei|12/100
|-unboost|p2a: Raging Bolt|spa|2
|
|-heal|p1a: Entei|18/100|[from] Grassy Terrain
|-heal|p2a: Raging Bolt|100/100|[from] Grassy Terrain
|-fieldend|move: Grassy Terrain
|upkeep
|turn|18
|
|t:|1760886548
|-activate|p2a: Raging Bolt|confusion
|move|p2a: Raging Bolt|Thunderclap|p1a: Entei
|-damage|p1a: Entei|0 fnt
|faint|p1a: Entei
|
|upkeep
|
|t:|1760886554
|switch|p1a: Swampert|Swampert, M|50/100
|-damage|p1a: Swampert|38/100|[from] Spikes
|turn|19
|
|t:|1760886558
|-end|p2a: Raging Bolt|Protosynthesis|[silent]
|switch|p2a: Rillaboom|Rillaboom, M|53/100
|-fieldstart|move: Grassy Terrain|[from] ability: Grassy Surge|[of] p2a: Rillaboom
|move|p1a: Swampert|Avalanche|p2a: Rillaboom
|-supereffective|p2a: Rillaboom
|-damage|p2a: Rillaboom|18/100
|
|-heal|p2a: Rillaboom|24/100|[from] Grassy Terrain
|-heal|p1a: Swampert|44/100|[from] Grassy Terrain
|upkeep
|turn|20
|
|t:|1760886569
|move|p2a: Rillaboom|U-turn|p1a: Swampert
|-damage|p1a: Swampert|16/100
|
|t:|1760886577
|switch|p2a: Raging Bolt|Raging Bolt|100/100|[from] U-turn
|move|p1a: Swampert|Avalanche|p2a: Raging Bolt
|-supereffective|p2a: Raging Bolt
|-damage|p2a: Raging Bolt|78/100
|
|-heal|p2a: Raging Bolt|84/100|[from] Grassy Terrain
|-heal|p2a: Raging Bolt|90/100|[from] item: Leftovers
|-heal|p1a: Swampert|22/100|[from] Grassy Terrain
|upkeep
|turn|21
|
|t:|1760886590
|move|p2a: Raging Bolt|Draco Meteor|p1a: Swampert
|-crit|p1a: Swampert
|-damage|p1a: Swampert|0 fnt
|-unboost|p2a: Raging Bolt|spa|2
|faint|p1a: Swampert
|
|-heal|p2a: Raging Bolt|96/100|[from] Grassy Terrain
|-heal|p2a: Raging Bolt|100/100|[from] item: Leftovers
|upkeep
|
|t:|1760886600
|switch|p1a: Dragapult|Dragapult, F|100/100
|-damage|p1a: Dragapult|88/100|[from] Spikes
|turn|22
|
|t:|1760886608
|-end|p2a: Raging Bolt|Protosynthesis|[silent]
|switch|p2a: Samurott|Samurott-Hisui, F|58/100
|move|p1a: Dragapult|Draco Meteor|p2a: Samurott
|-damage|p2a: Samurott|5/100
|-unboost|p1a: Dragapult|spa|2
|-damage|p1a: Dragapult|78/100|[from] item: Life Orb
|
|-heal|p1a: Dragapult|84/100|[from] Grassy Terrain
|-heal|p2a: Samurott|11/100|[from] Grassy Terrain
|upkeep
|turn|23
|
|t:|1760886620
|switch|p1a: Chesnaught|Chesnaught, F|79/100
|-damage|p1a: Chesnaught|66/100|[from] Spikes
|move|p2a: Samurott|Ceaseless Edge|p1a: Chesnaught
|-resisted|p1a: Chesnaught
|-damage|p1a: Chesnaught|54/100
|-sidestart|p1: LX1987|Spikes
|
|-heal|p2a: Samurott|17/100|[from] Grassy Terrain
|-heal|p1a: Chesnaught|60/100|[from] Grassy Terrain
|-fieldend|move: Grassy Terrain
|upkeep
|turn|24
|
|t:|1760886631
|move|p2a: Samurott|Sacred Sword|p1a: Chesnaught
|-damage|p1a: Chesnaught|34/100
|move|p1a: Chesnaught|Knock Off|p2a: Samurott
|-resisted|p2a: Samurott
|-damage|p2a: Samurott|4/100
|-enditem|p2a: Samurott|Assault Vest|[from] move: Knock Off|[of] p1a: Chesnaught
|
|upkeep
|turn|25
|
|t:|1760886640
|move|p2a: Samurott|Ceaseless Edge|p1a: Chesnaught|[miss]
|-miss|p2a: Samurott|p1a: Chesnaught
|move|p1a: Chesnaught|Knock Off|p2a: Samurott
|-resisted|p2a: Samurott
|-damage|p2a: Samurott|0 fnt
|faint|p2a: Samurott
|
|upkeep
|
|t:|1760886645
|switch|p2a: Gholdengo|Gholdengo|57/100
|turn|26
|
|t:|1760886651
|move|p2a: Gholdengo|Make It Rain|p1a: Chesnaught
|-damage|p1a: Chesnaught|0 fnt
|-unboost|p2a: Gholdengo|spa|1
|faint|p1a: Chesnaught
|
|upkeep
|
|t:|1760886658
|switch|p1a: Dragapult|Dragapult, F|84/100
|-damage|p1a: Dragapult|68/100|[from] Spikes
|turn|27
|
|t:|1760886666
|switch|p2a: Iron Treads|Iron Treads|100/100
|move|p1a: Dragapult|Hex|p2a: Iron Treads
|-damage|p2a: Iron Treads|64/100
|-damage|p1a: Dragapult|58/100|[from] item: Life Orb
|
|-heal|p2a: Iron Treads|70/100|[from] item: Leftovers
|upkeep
|turn|28
|
|t:|1760886678
|move|p1a: Dragapult|Will-O-Wisp|p2a: Iron Treads
|-status|p2a: Iron Treads|brn
|move|p2a: Iron Treads|High Horsepower|p1a: Dragapult
|-damage|p1a: Dragapult|34/100
|
|-heal|p2a: Iron Treads|76/100 brn|[from] item: Leftovers
|-damage|p2a: Iron Treads|70/100 brn|[from] brn
|upkeep
|turn|29
|
|t:|1760886688
|move|p1a: Dragapult|Hex|p2a: Iron Treads
|-damage|p2a: Iron Treads|0 fnt
|faint|p2a: Iron Treads
|-end|p2a: Iron Treads|Quark Drive|[silent]
|-damage|p1a: Dragapult|24/100|[from] item: Life Orb
|
|upkeep
|
|t:|1760886692
|switch|p2a: Weavile|Weavile, M|100/100
|turn|30
|
|t:|1760886698
|-terastallize|p2a: Weavile|Dark
|move|p2a: Weavile|Ice Shard|p1a: Dragapult
|-supereffective|p1a: Dragapult
|-damage|p1a: Dragapult|0 fnt
|faint|p1a: Dragapult
|
|upkeep
|
|t:|1760886705
|switch|p1a: Cloyster|Cloyster, M|1/100
|-damage|p1a: Cloyster|0 fnt|[from] Spikes
|faint|p1a: Cloyster
|
|win|NEZK025
|raw|LX1987's rating: 1446 &rarr; <strong>1429</strong><br />(-17 for losing)
|raw|NEZK025's rating: 1496 &rarr; <strong>1513</strong><br />(+17 for winning)
|l|☆NEZK025
|player|p2|
|l|☆LX1987
|player|p1|
