|j|☆hatebadplayas
|j|☆JangarRifin
|t:|1760859796
|gametype|singles
|player|p1|hatebadplayas|parasollady|1131
|player|p2|JangarRifin|norman|1176
|gen|9
|tier|[Gen 9] OU
|rated|
|rule|HP Percentage Mod: HP is shown in percentages
|rule|Endless Battle Clause: Forcing endless battles is banned
|rule|Species Clause: Limit one of each Pokémon
|rule|OHKO Clause: OHKO moves are banned
|rule|Evasion Items Clause: Evasion items are banned
|rule|Evasion Moves Clause: Evasion moves are banned
|rule|Evasion Abilities Clause: Evasion abilities are banned
|rule|Sleep Moves Clause: Sleep-inducing moves are banned
|clearpoke
|poke|p1|Slowking-Galar, F|
|poke|p1|Zamazenta-*|
|poke|p1|Meowscarada, F|
|poke|p1|Hatterene, F|
|poke|p1|Heatran, F|
|poke|p1|Tornadus-Therian, M|
|poke|p2|Kingambit, F|
|poke|p2|Gliscor, M|
|poke|p2|Great Tusk|
|poke|p2|Dragapult, F|
|poke|p2|Glimmora, F|
|poke|p2|Zamazenta-*|
|teampreview
|inactive|Battle timer is ON: inactive players will automatically lose when time's up. (requested by hatebadplayas)
|inactive|JangarRifin also wants the timer to be on.
|
|t:|1760859814
|teamsize|p1|6
|teamsize|p2|6
|start
|switch|p1a: Meowscarada|Meowscarada, F|100/100
|switch|p2a: Makima|Gliscor, M|100/100
|turn|1
|
|t:|1760859821
|move|p1a: Meowscarada|Triple Axel|p2a: Makima
|-start|p1a: Meowscarada|typechange|Ice|[from] ability: Protean
|-supereffective|p2a: Makima
|-damage|p2a: Makima|79/100
|-supereffective|p2a: Makima
|-damage|p2a: Makima|35/100
|-supereffective|p2a: Makima
|-damage|p2a: Makima|0 fnt
|faint|p2a: Makima
|-hitcount|p2: Makima|3
|
|upkeep
|
|t:|1760859834
|switch|p2a: Moralested|Glimmora, F, shiny|100/100
|-item|p2a: Moralested|Air Balloon
|turn|2
|
|t:|1760859851
|switch|p1a: Hatterene|Hatterene, F|100/100
|move|p2a: Moralested|Stealth Rock|p1a: Hatterene
|move|p1a: Hatterene|Stealth Rock|p2a: Moralested|[from] ability: Magic Bounce
|-sidestart|p2: JangarRifin|move: Stealth Rock
|
|upkeep
|turn|3
|
|t:|1760859857
|switch|p1a: Slowking|Slowking-Galar, F|100/100
|move|p2a: Moralested|Mortal Spin|p1a: Slowking
|-resisted|p1a: Slowking
|-damage|p1a: Slowking|97/100
|-sideend|p2: JangarRifin|Stealth Rock|[from] move: Mortal Spin|[of] p2a: Moralested
|
|upkeep
|turn|4
|
|t:|1760859874
|switch|p2a: Nobunaga|Kingambit, F|100/100
|-activate|p2a: Nobunaga|ability: Supreme Overlord
|-start|p2a: Nobunaga|fallen1|[silent]
|move|p1a: Slowking|Future Sight|p2a: Nobunaga
|-start|p1a: Slowking|move: Future Sight
|
|upkeep
|turn|5
|
|t:|1760859886
|switch|p1a: Zamazenta|Zamazenta|100/100
|-ability|p1a: Zamazenta|Dauntless Shield|boost
|-boost|p1a: Zamazenta|def|1
|move|p2a: Nobunaga|Swords Dance|p2a: Nobunaga
|-boost|p2a: Nobunaga|atk|2
|
|upkeep
|turn|6
|inactive|JangarRifin has 120 seconds left.
|
|t:|1760859914
|-end|p2a: Nobunaga|fallen1|[silent]
|switch|p2a: Dragapult|Dragapult, F|100/100
|move|p1a: Zamazenta|Close Combat|p2a: Dragapult
|-immune|p2a: Dragapult
|
|-end|p2a: Dragapult|move: Future Sight
|-damage|p2a: Dragapult|38/100
|upkeep
|turn|7
|inactive|JangarRifin has 120 seconds left.
|
|t:|1760859925
|move|p2a: Dragapult|Draco Meteor|p1a: Zamazenta
|-damage|p1a: Zamazenta|48/100
|-unboost|p2a: Dragapult|spa|2
|move|p1a: Zamazenta|Crunch|p2a: Dragapult
|-supereffective|p2a: Dragapult
|-damage|p2a: Dragapult|0 fnt
|faint|p2a: Dragapult
|
|upkeep
|inactive|JangarRifin has 120 seconds left.
|
|t:|1760859936
|switch|p2a: Hilarious|Zamazenta|100/100
|-ability|p2a: Hilarious|Dauntless Shield|boost
|-boost|p2a: Hilarious|def|1
|turn|8
|
|t:|1760859947
|switch|p1a: Hatterene|Hatterene, F|100/100
|move|p2a: Hilarious|Iron Defense|p2a: Hilarious
|-boost|p2a: Hilarious|def|2
|
|upkeep
|turn|9
|
|t:|1760859956
|move|p2a: Hilarious|Heavy Slam|p1a: Hatterene
|-supereffective|p1a: Hatterene
|-damage|p1a: Hatterene|48/100
|-damage|p2a: Hilarious|84/100|[from] item: Rocky Helmet|[of] p1a: Hatterene
|move|p1a: Hatterene|Nuzzle|p2a: Hilarious
|-damage|p2a: Hilarious|83/100
|-status|p2a: Hilarious|par
|
|-heal|p2a: Hilarious|89/100 par|[from] item: Leftovers
|upkeep
|turn|10
|
|t:|1760859965
|switch|p1a: Slowking|Slowking-Galar, F|100/100
|move|p2a: Hilarious|Heavy Slam|p1a: Slowking
|-damage|p1a: Slowking|84/100
|
|-heal|p2a: Hilarious|95/100 par|[from] item: Leftovers
|upkeep
|turn|11
|
|t:|1760859969
|move|p2a: Hilarious|Iron Defense|p2a: Hilarious
|-boost|p2a: Hilarious|def|2
|move|p1a: Slowking|Future Sight|p2a: Hilarious
|-start|p1a: Slowking|move: Future Sight
|
|-heal|p2a: Hilarious|100/100 par|[from] item: Leftovers
|upkeep
|turn|12
|
|t:|1760859973
|cant|p2a: Hilarious|par
|-prepare|p1a: Slowking|Chilly Reception|[premajor]
|move|p1a: Slowking|Chilly Reception|p1a: Slowking
|-weather|Snowscape
|
|t:|1760859980
|switch|p1a: Hatterene|Hatterene, F|48/100|[from] Chilly Reception
|
|-weather|Snowscape|[upkeep]
|upkeep
|turn|13
|
|t:|1760859984
|cant|p2a: Hilarious|par
|move|p1a: Hatterene|Pain Split|p2a: Hilarious
|-sethp|p2a: Hilarious|74/100 par|[from] move: Pain Split|[silent]
|-sethp|p1a: Hatterene|76/100|[from] move: Pain Split
|
|-weather|Snowscape|[upkeep]
|-end|p2a: Hilarious|move: Future Sight
|-supereffective|p2a: Hilarious
|-damage|p2a: Hilarious|0 fnt
|faint|p2a: Hilarious
|upkeep
|
|t:|1760859995
|switch|p2a: SolidForm|Great Tusk|100/100
|-enditem|p2a: SolidForm|Booster Energy
|-activate|p2a: SolidForm|ability: Protosynthesis|[fromitem]
|-start|p2a: SolidForm|protosynthesisatk
|turn|14
|
|t:|1760860002
|move|p2a: SolidForm|Headlong Rush|p1a: Hatterene
|-damage|p1a: Hatterene|12/100
|-unboost|p2a: SolidForm|def|1
|-unboost|p2a: SolidForm|spd|1
|-damage|p2a: SolidForm|84/100|[from] item: Rocky Helmet|[of] p1a: Hatterene
|move|p1a: Hatterene|Psychic Noise|p2a: SolidForm
|-supereffective|p2a: SolidForm
|-damage|p2a: SolidForm|0 fnt
|faint|p2a: SolidForm
|-end|p2a: SolidForm|Protosynthesis|[silent]
|
|-weather|Snowscape|[upkeep]
|upkeep
|
|t:|1760860008
|switch|p2a: Moralested|Glimmora, F, shiny|100/100
|-item|p2a: Moralested|Air Balloon
|turn|15
|
|t:|1760860013
|switch|p1a: Slowking|Slowking-Galar, F|100/100
|move|p2a: Moralested|Power Gem|p1a: Slowking
|-damage|p1a: Slowking|81/100
|
|-weather|Snowscape|[upkeep]
|upkeep
|turn|16
|
|t:|1760860019
|move|p2a: Moralested|Stealth Rock|p1a: Slowking
|-sidestart|p1: hatebadplayas|move: Stealth Rock
|move|p1a: Slowking|Future Sight|p2a: Moralested
|-start|p1a: Slowking|move: Future Sight
|
|-weather|none
|upkeep
|turn|17
|
|t:|1760860027
|move|p2a: Moralested|Power Gem|p1a: Slowking
|-damage|p1a: Slowking|59/100
|-prepare|p1a: Slowking|Chilly Reception|[premajor]
|move|p1a: Slowking|Chilly Reception|p1a: Slowking
|-weather|Snowscape
|
|t:|1760860032
|switch|p1a: Zamazenta|Zamazenta|48/100|[from] Chilly Reception
|-damage|p1a: Zamazenta|41/100|[from] Stealth Rock
|
|-weather|Snowscape|[upkeep]
|upkeep
|turn|18
|
|t:|1760860039
|move|p1a: Zamazenta|Heavy Slam|p2a: Moralested
|-supereffective|p2a: Moralested
|-damage|p2a: Moralested|36/100
|-activate|p2a: Moralested|ability: Toxic Debris
|-sidestart|p1: hatebadplayas|move: Toxic Spikes
|-enditem|p2a: Moralested|Air Balloon
|move|p2a: Moralested|Mortal Spin|p1a: Zamazenta
|-damage|p1a: Zamazenta|35/100
|-status|p1a: Zamazenta|psn
|-enditem|p1a: Zamazenta|Lum Berry|[eat]
|-curestatus|p1a: Zamazenta|psn|[msg]
|
|-weather|Snowscape|[upkeep]
|-end|p2a: Moralested|move: Future Sight
|-supereffective|p2a: Moralested
|-damage|p2a: Moralested|0 fnt
|faint|p2a: Moralested
|upkeep
|
|t:|1760860044
|switch|p2a: Nobunaga|Kingambit, F|100/100
|-activate|p2a: Nobunaga|ability: Supreme Overlord
|-start|p2a: Nobunaga|fallen5|[silent]
|turn|19
|
|t:|1760860052
|-terastallize|p2a: Nobunaga|Dark
|move|p2a: Nobunaga|Sucker Punch|p1a: Zamazenta
|-resisted|p1a: Zamazenta
|-damage|p1a: Zamazenta|0 fnt
|faint|p1a: Zamazenta
|
|-weather|Snowscape|[upkeep]
|upkeep
|
|t:|1760860059
|switch|p1a: Meowscarada|Meowscarada, F|100/100
|-damage|p1a: Meowscarada|88/100|[from] Stealth Rock
|-status|p1a: Meowscarada|psn
|turn|20
|
|t:|1760860081
|move|p1a: Meowscarada|Trick|p2a: Nobunaga
|-start|p1a: Meowscarada|typechange|Psychic|[from] ability: Protean
|-activate|p1a: Meowscarada|move: Trick|[of] p2a: Nobunaga
|-item|p2a: Nobunaga|Choice Scarf|[from] move: Trick
|-item|p1a: Meowscarada|Leftovers|[from] move: Trick
|move|p2a: Nobunaga|Swords Dance|p2a: Nobunaga
|-boost|p2a: Nobunaga|atk|2
|
|-weather|Snowscape|[upkeep]
|-heal|p1a: Meowscarada|94/100 psn|[from] item: Leftovers
|-damage|p1a: Meowscarada|82/100 psn|[from] psn
|upkeep
|turn|21
|-message|JangarRifin forfeited.
|
|win|hatebadplayas
|raw|hatebadplayas's rating: 1131 &rarr; <strong>1159</strong><br />(+28 for winning)
|raw|JangarRifin's rating: 1176 &rarr; <strong>1148</strong><br />(-28 for losing)
|l|☆JangarRifin
|player|p2|
