|j|☆gemthehedgehog
|j|☆gus2007
|t:|1760719334
|gametype|singles
|player|p1|gemthehedgehog|101|1266
|player|p2|gus2007|170|1244
|gen|9
|tier|[Gen 9] OU
|rated|
|rule|HP Percentage Mod: HP is shown in percentages
|rule|Endless Battle Clause: Forcing endless battles is banned
|rule|Species Clause: Limit one of each Pokémon
|rule|OHKO Clause: OHKO moves are banned
|rule|Evasion Items Clause: Evasion items are banned
|rule|Evasion Moves Clause: Evasion moves are banned
|rule|Evasion Abilities Clause: Evasion abilities are banned
|rule|Sleep Moves Clause: Sleep-inducing moves are banned
|clearpoke
|poke|p1|Pecharunt|
|poke|p1|Ting-Lu|
|poke|p1|Gholdengo|
|poke|p1|Zapdos|
|poke|p1|Dondozo, M|
|poke|p1|Scyther, F|
|poke|p2|Gholdengo|
|poke|p2|Alomomola, F|
|poke|p2|Iron Valiant|
|poke|p2|Dragapult, M|
|poke|p2|Samurott-Hisui, F|
|poke|p2|Landorus-Therian, M|
|teampreview
|inactive|Battle timer is ON: inactive players will automatically lose when time's up. (requested by gus2007)
|
|t:|1760719347
|teamsize|p1|6
|teamsize|p2|6
|start
|switch|p1a: Gholdengo|Gholdengo|100/100
|switch|p2a: Samurott|Samurott-Hisui, F|100/100
|turn|1
|
|t:|1760719350
|move|p1a: Gholdengo|Focus Blast|p2a: Samurott
|-supereffective|p2a: Samurott
|-damage|p2a: Samurott|0 fnt
|faint|p2a: Samurott
|
|upkeep
|
|t:|1760719353
|switch|p2a: Iron Valiant|Iron Valiant|100/100
|-enditem|p2a: Iron Valiant|Booster Energy
|-activate|p2a: Iron Valiant|ability: Quark Drive|[fromitem]
|-start|p2a: Iron Valiant|quarkdrivespe
|turn|2
|
|t:|1760719364
|switch|p1a: Scyther|Scyther, F|100/100
|move|p2a: Iron Valiant|Calm Mind|p2a: Iron Valiant
|-boost|p2a: Iron Valiant|spa|1
|-boost|p2a: Iron Valiant|spd|1
|
|upkeep
|turn|3
|
|t:|1760719369
|move|p2a: Iron Valiant|Moonblast|p1a: Scyther
|-damage|p1a: Scyther|46/100
|move|p1a: Scyther|Dual Wingbeat|p2a: Iron Valiant
|-supereffective|p2a: Iron Valiant
|-damage|p2a: Iron Valiant|42/100
|-supereffective|p2a: Iron Valiant
|-damage|p2a: Iron Valiant|0 fnt
|faint|p2a: Iron Valiant
|-end|p2a: Iron Valiant|Quark Drive|[silent]
|-hitcount|p2: Iron Valiant|2
|
|upkeep
|
|t:|1760719373
|switch|p2a: Dragapult|Dragapult, M|100/100
|turn|4
|
|t:|1760719385
|move|p2a: Dragapult|Dragon Dance|p2a: Dragapult
|-boost|p2a: Dragapult|atk|1
|-boost|p2a: Dragapult|spe|1
|move|p1a: Scyther|U-turn|p2a: Dragapult
|-resisted|p2a: Dragapult
|-damage|p2a: Dragapult|80/100
|
|t:|1760719389
|switch|p1a: Dondozo|Dondozo, M|100/100|[from] U-turn
|
|upkeep
|turn|5
|inactive|gus2007 has 120 seconds left.
|inactive|gus2007 has 90 seconds left.
|
|t:|1760719459
|move|p2a: Dragapult|Dragon Darts|p1a: Dondozo
|-damage|p1a: Dondozo|86/100
|-anim|p2a: Dragapult|Dragon Darts|p1a: Dondozo
|-damage|p1a: Dondozo|72/100
|-enditem|p1a: Dondozo|Red Card|[of] p2a: Dragapult
|drag|p2a: Alomomola|Alomomola, F|100/100
|move|p1a: Dondozo|Curse|p1a: Dondozo
|-unboost|p1a: Dondozo|spe|1
|-boost|p1a: Dondozo|atk|1
|-boost|p1a: Dondozo|def|1
|
|upkeep
|turn|6
|
|t:|1760719471
|move|p2a: Alomomola|Scald|p1a: Dondozo
|-resisted|p1a: Dondozo
|-damage|p1a: Dondozo|68/100
|move|p1a: Dondozo|Curse|p1a: Dondozo
|-unboost|p1a: Dondozo|spe|1
|-boost|p1a: Dondozo|atk|1
|-boost|p1a: Dondozo|def|1
|
|upkeep
|turn|7
|
|t:|1760719476
|move|p2a: Alomomola|Scald|p1a: Dondozo
|-resisted|p1a: Dondozo
|-damage|p1a: Dondozo|64/100
|-status|p1a: Dondozo|brn
|move|p1a: Dondozo|Curse|p1a: Dondozo
|-unboost|p1a: Dondozo|spe|1
|-boost|p1a: Dondozo|atk|1
|-boost|p1a: Dondozo|def|1
|
|-damage|p1a: Dondozo|57/100 brn|[from] brn
|upkeep
|turn|8
|
|t:|1760719490
|move|p2a: Alomomola|Flip Turn|p1a: Dondozo
|-resisted|p1a: Dondozo
|-damage|p1a: Dondozo|55/100 brn
|
|t:|1760719492
|switch|p2a: Landorus|Landorus-Therian, M|100/100|[from] Flip Turn
|-ability|p2a: Landorus|Intimidate|boost
|-unboost|p1a: Dondozo|atk|1
|move|p1a: Dondozo|Rest|p1a: Dondozo
|-status|p1a: Dondozo|slp|[from] move: Rest
|-heal|p1a: Dondozo|100/100 slp|[silent]
|
|upkeep
|turn|9
|
|t:|1760719496
|move|p2a: Landorus|Grass Knot|p1a: Dondozo
|-supereffective|p1a: Dondozo
|-damage|p1a: Dondozo|61/100 slp
|cant|p1a: Dondozo|slp
|move|p1a: Dondozo|Sleep Talk|p1a: Dondozo
|move|p1a: Dondozo|Wave Crash|p2a: Landorus|[from] move: Sleep Talk
|-supereffective|p2a: Landorus
|-damage|p2a: Landorus|0 fnt
|faint|p2a: Landorus
|-damage|p1a: Dondozo|40/100 slp|[from] Recoil
|
|upkeep
|inactive|gus2007 has 120 seconds left.
|
|t:|1760719501
|switch|p2a: Gholdengo|Gholdengo|100/100
|-item|p2a: Gholdengo|Air Balloon
|turn|10
|
|t:|1760719504
|move|p2a: Gholdengo|Nasty Plot|p2a: Gholdengo
|-boost|p2a: Gholdengo|spa|2
|cant|p1a: Dondozo|slp
|move|p1a: Dondozo|Sleep Talk|p1a: Dondozo
|move|p1a: Dondozo|Curse|p1a: Dondozo|[from] move: Sleep Talk
|-unboost|p1a: Dondozo|spe|1
|-boost|p1a: Dondozo|atk|1
|-boost|p1a: Dondozo|def|1
|
|upkeep
|turn|11
|
|t:|1760719508
|move|p2a: Gholdengo|Shadow Ball|p1a: Dondozo
|-damage|p1a: Dondozo|9/100 slp
|-curestatus|p1a: Dondozo|slp|[msg]
|move|p1a: Dondozo|Wave Crash|p2a: Gholdengo
|-damage|p2a: Gholdengo|0 fnt
|-enditem|p2a: Gholdengo|Air Balloon
|faint|p2a: Gholdengo
|-damage|p1a: Dondozo|0 fnt|[from] Recoil
|faint|p1a: Dondozo
|
|upkeep
|
|t:|1760719524
|switch|p2a: Alomomola|Alomomola, F|100/100
|switch|p1a: Pechakahnt|Pecharunt|100/100
|turn|12
|
|t:|1760719528
|move|p1a: Pechakahnt|Malignant Chain|p2a: Alomomola
|-crit|p2a: Alomomola
|-damage|p2a: Alomomola|58/100
|move|p2a: Alomomola|Wish|p2a: Alomomola
|
|-heal|p2a: Alomomola|65/100|[from] item: Leftovers
|upkeep
|turn|13
|
|t:|1760719531
|move|p1a: Pechakahnt|Malignant Chain|p2a: Alomomola
|-damage|p2a: Alomomola|39/100
|move|p2a: Alomomola|Flip Turn|p1a: Pechakahnt
|-crit|p1a: Pechakahnt
|-damage|p1a: Pechakahnt|88/100
|
|t:|1760719535
|switch|p2a: Dragapult|Dragapult, M|80/100|[from] Flip Turn
|
|-heal|p2a: Dragapult|100/100|[from] move: Wish|[wisher] Alomomola
|-heal|p1a: Pechakahnt|94/100|[from] item: Leftovers
|upkeep
|turn|14
|
|t:|1760719538
|-terastallize|p2a: Dragapult|Fairy
|-terastallize|p1a: Pechakahnt|Ground
|move|p2a: Dragapult|Dragon Dance|p2a: Dragapult
|-boost|p2a: Dragapult|atk|1
|-boost|p2a: Dragapult|spe|1
|move|p1a: Pechakahnt|Malignant Chain|p2a: Dragapult
|-supereffective|p2a: Dragapult
|-damage|p2a: Dragapult|6/100
|
|-heal|p1a: Pechakahnt|99/100|[from] item: Leftovers
|upkeep
|turn|15
|
|t:|1760719550
|move|p2a: Dragapult|Tera Blast|p1a: Pechakahnt|[anim] Tera Blast Fairy
|-damage|p1a: Pechakahnt|69/100
|move|p1a: Pechakahnt|Malignant Chain|p2a: Dragapult
|-supereffective|p2a: Dragapult
|-damage|p2a: Dragapult|0 fnt
|faint|p2a: Dragapult
|
|-heal|p1a: Pechakahnt|75/100|[from] item: Leftovers
|upkeep
|-message|gus2007 forfeited.
|
|win|gemthehedgehog
|raw|gemthehedgehog's rating: 1266 &rarr; <strong>1289</strong><br />(+23 for winning)
|raw|gus2007's rating: 1244 &rarr; <strong>1221</strong><br />(-23 for losing)
|l|☆gus2007
|player|p2|
|l|☆gemthehedgehog
|player|p1|
