|j|☆DiamondFury205
|j|☆bigredsword
|t:|1760738346
|gametype|singles
|player|p1|DiamondFury205|1|1496
|player|p2|bigredsword|170|1511
|gen|9
|tier|[Gen 9] OU
|rated|
|rule|HP Percentage Mod: HP is shown in percentages
|rule|Endless Battle Clause: Forcing endless battles is banned
|rule|Species Clause: Limit one of each Pokémon
|rule|OHKO Clause: OHKO moves are banned
|rule|Evasion Items Clause: Evasion items are banned
|rule|Evasion Moves Clause: Evasion moves are banned
|rule|Evasion Abilities Clause: Evasion abilities are banned
|rule|Sleep Moves Clause: Sleep-inducing moves are banned
|clearpoke
|poke|p1|Dragapult, M|
|poke|p1|Regidrago|
|poke|p1|Hydreigon, F|
|poke|p1|Magnezone|
|poke|p1|Fezandipiti, M|
|poke|p1|Great Tusk|
|poke|p2|Dondozo, F|
|poke|p2|Blissey, F|
|poke|p2|Corviknight, F|
|poke|p2|Weezing-Galar, M|
|poke|p2|Gliscor, M|
|poke|p2|Toxapex, M|
|teampreview
|
|t:|1760738356
|teamsize|p1|6
|teamsize|p2|6
|start
|switch|p1a: Dragapult|Dragapult, M|100/100
|switch|p2a: Gliscor|Gliscor, M|100/100
|turn|1
|
|t:|1760738378
|move|p2a: Gliscor|Protect|p2a: Gliscor
|-singleturn|p2a: Gliscor|Protect
|move|p1a: Dragapult|U-turn|p2a: Gliscor
|-activate|p2a: Gliscor|move: Protect
|
|-status|p2a: Gliscor|tox|[from] item: Toxic Orb
|upkeep
|turn|2
|
|t:|1760738383
|move|p1a: Dragapult|U-turn|p2a: Gliscor
|-resisted|p2a: Gliscor
|-damage|p2a: Gliscor|87/100 tox
|
|t:|1760738390
|switch|p1a: Great Tusk|Great Tusk, shiny|100/100|[from] U-turn
|-enditem|p1a: Great Tusk|Booster Energy
|-activate|p1a: Great Tusk|ability: Protosynthesis|[fromitem]
|-start|p1a: Great Tusk|protosynthesisatk
|move|p2a: Gliscor|Knock Off|p1a: Great Tusk
|-resisted|p1a: Great Tusk
|-damage|p1a: Great Tusk|95/100
|
|-heal|p2a: Gliscor|99/100 tox|[from] ability: Poison Heal
|upkeep
|turn|3
|
|t:|1760738404
|switch|p2a: Dondozo|Dondozo, F|100/100
|move|p1a: Great Tusk|Knock Off|p2a: Dondozo
|-crit|p2a: Dondozo
|-damage|p2a: Dondozo|70/100
|-enditem|p2a: Dondozo|Leftovers|[from] move: Knock Off|[of] p1a: Great Tusk
|
|upkeep
|turn|4
|inactive|Battle timer is ON: inactive players will automatically lose when time's up. (requested by DiamondFury205)
|
|t:|1760738411
|move|p1a: Great Tusk|Headlong Rush|p2a: Dondozo
|-crit|p2a: Dondozo
|-damage|p2a: Dondozo|12/100
|-unboost|p1a: Great Tusk|def|1
|-unboost|p1a: Great Tusk|spd|1
|move|p2a: Dondozo|Avalanche|p1a: Great Tusk
|-supereffective|p1a: Great Tusk
|-damage|p1a: Great Tusk|57/100
|
|upkeep
|turn|5
|
|t:|1760738427
|switch|p2a: Corviknight|Corviknight, F|100/100
|-ability|p2a: Corviknight|Pressure
|move|p1a: Great Tusk|Headlong Rush|p2a: Corviknight
|-immune|p2a: Corviknight
|
|upkeep
|turn|6
|
|t:|1760738432
|move|p1a: Great Tusk|Knock Off|p2a: Corviknight
|-damage|p2a: Corviknight|76/100
|-enditem|p2a: Corviknight|Leftovers|[from] move: Knock Off|[of] p1a: Great Tusk
|move|p2a: Corviknight|Iron Defense|p2a: Corviknight
|-boost|p2a: Corviknight|def|2
|
|upkeep
|turn|7
|
|t:|1760738441
|move|p1a: Great Tusk|Ice Spinner|p2a: Corviknight
|-damage|p2a: Corviknight|65/100
|move|p2a: Corviknight|Body Press|p1a: Great Tusk
|-damage|p1a: Great Tusk|1/100
|
|upkeep
|turn|8
|
|t:|1760738445
|move|p1a: Great Tusk|Ice Spinner|p2a: Corviknight
|-damage|p2a: Corviknight|54/100
|move|p2a: Corviknight|Iron Defense|p2a: Corviknight
|-boost|p2a: Corviknight|def|2
|
|upkeep
|turn|9
|
|t:|1760738448
|move|p1a: Great Tusk|Ice Spinner|p2a: Corviknight
|-damage|p2a: Corviknight|47/100
|move|p2a: Corviknight|Roost|p2a: Corviknight
|-heal|p2a: Corviknight|97/100
|-singleturn|p2a: Corviknight|move: Roost
|
|upkeep
|turn|10
|
|t:|1760738451
|move|p1a: Great Tusk|Ice Spinner|p2a: Corviknight
|-damage|p2a: Corviknight|90/100
|move|p2a: Corviknight|Body Press|p1a: Great Tusk
|-damage|p1a: Great Tusk|0 fnt
|faint|p1a: Great Tusk
|-end|p1a: Great Tusk|Protosynthesis|[silent]
|
|upkeep
|
|t:|1760738466
|switch|p1a: Dragapult|Dragapult, M|100/100
|turn|11
|
|t:|1760738474
|switch|p2a: Toxapex|Toxapex, M|100/100
|move|p1a: Dragapult|Dragon Darts|p2a: Toxapex
|-damage|p2a: Toxapex|70/100
|-anim|p1a: Dragapult|Dragon Darts|p2a: Toxapex
|-damage|p2a: Toxapex|40/100
|
|-heal|p2a: Toxapex|47/100|[from] item: Leftovers
|upkeep
|turn|12
|
|t:|1760738480
|switch|p2a: Weezing|Weezing-Galar, M|100/100
|-ability|p2a: Weezing|Neutralizing Gas
|move|p1a: Dragapult|Dragon Darts|p2a: Weezing
|-immune|p2a: Weezing
|
|upkeep
|turn|13
|
|t:|1760738490
|switch|p1a: Magnezone|Magnezone, shiny|100/100
|move|p2a: Weezing|Will-O-Wisp|p1a: Magnezone
|-status|p1a: Magnezone|brn
|
|-damage|p1a: Magnezone|94/100 brn|[from] brn
|upkeep
|turn|14
|
|t:|1760738500
|-end|p2a: Weezing|ability: Neutralizing Gas
|switch|p2a: Blissey|Blissey, F|100/100
|move|p1a: Magnezone|Flash Cannon|p2a: Blissey
|-damage|p2a: Blissey|85/100
|
|-heal|p2a: Blissey|91/100|[from] item: Leftovers
|-damage|p1a: Magnezone|88/100 brn|[from] brn
|upkeep
|turn|15
|
|t:|1760738505
|move|p1a: Magnezone|Volt Switch|p2a: Blissey
|-damage|p2a: Blissey|80/100
|
|t:|1760738517
|switch|p1a: Fezandipiti|Fezandipiti, M|100/100|[from] Volt Switch
|move|p2a: Blissey|Stealth Rock|p1a: Fezandipiti
|-sidestart|p1: DiamondFury205|move: Stealth Rock
|
|-heal|p2a: Blissey|86/100|[from] item: Leftovers
|upkeep
|turn|16
|
|t:|1760738526
|switch|p2a: Corviknight|Corviknight, F|90/100
|-ability|p2a: Corviknight|Pressure
|move|p1a: Fezandipiti|Calm Mind|p1a: Fezandipiti
|-boost|p1a: Fezandipiti|spa|1
|-boost|p1a: Fezandipiti|spd|1
|
|upkeep
|turn|17
|
|t:|1760738542
|switch|p2a: Blissey|Blissey, F|86/100
|move|p1a: Fezandipiti|Moonblast|p2a: Blissey
|-damage|p2a: Blissey|76/100
|-status|p2a: Blissey|tox|[from] ability: Toxic Chain|[of] p1a: Fezandipiti
|
|-heal|p2a: Blissey|82/100 tox|[from] item: Leftovers
|-damage|p2a: Blissey|76/100 tox|[from] psn
|upkeep
|turn|18
|
|t:|1760738549
|move|p1a: Fezandipiti|Calm Mind|p1a: Fezandipiti
|-boost|p1a: Fezandipiti|spa|1
|-boost|p1a: Fezandipiti|spd|1
|move|p2a: Blissey|Seismic Toss|p1a: Fezandipiti
|-damage|p1a: Fezandipiti|74/100
|
|-heal|p1a: Fezandipiti|80/100|[from] item: Leftovers
|-heal|p2a: Blissey|82/100 tox|[from] item: Leftovers
|-damage|p2a: Blissey|69/100 tox|[from] psn
|upkeep
|turn|19
|
|t:|1760738552
|-curestatus|p2a: Blissey|tox|[from] ability: Natural Cure
|switch|p2a: Toxapex|Toxapex, M|80/100
|move|p1a: Fezandipiti|Calm Mind|p1a: Fezandipiti
|-boost|p1a: Fezandipiti|spa|1
|-boost|p1a: Fezandipiti|spd|1
|
|-heal|p1a: Fezandipiti|86/100|[from] item: Leftovers
|-heal|p2a: Toxapex|86/100|[from] item: Leftovers
|upkeep
|turn|20
|
|t:|1760738556
|move|p1a: Fezandipiti|Acid Spray|p2a: Toxapex
|-resisted|p2a: Toxapex
|-damage|p2a: Toxapex|78/100
|-unboost|p2a: Toxapex|spd|2
|move|p2a: Toxapex|Haze|p2a: Toxapex
|-clearallboost
|
|-heal|p1a: Fezandipiti|92/100|[from] item: Leftovers
|-heal|p2a: Toxapex|85/100|[from] item: Leftovers
|upkeep
|turn|21
|
|t:|1760738565
|move|p1a: Fezandipiti|Calm Mind|p1a: Fezandipiti
|-boost|p1a: Fezandipiti|spa|1
|-boost|p1a: Fezandipiti|spd|1
|move|p2a: Toxapex|Toxic Spikes|p1a: Fezandipiti
|-sidestart|p1: DiamondFury205|move: Toxic Spikes
|
|-heal|p1a: Fezandipiti|98/100|[from] item: Leftovers
|-heal|p2a: Toxapex|91/100|[from] item: Leftovers
|upkeep
|turn|22
|
|t:|1760738570
|switch|p1a: Magnezone|Magnezone, shiny|88/100 brn
|-damage|p1a: Magnezone|82/100 brn|[from] Stealth Rock
|move|p2a: Toxapex|Toxic Spikes|p1a: Magnezone
|-sidestart|p1: DiamondFury205|move: Toxic Spikes
|
|-heal|p2a: Toxapex|97/100|[from] item: Leftovers
|-damage|p1a: Magnezone|76/100 brn|[from] brn
|upkeep
|turn|23
|
|t:|1760738579
|switch|p2a: Blissey|Blissey, F|69/100
|move|p1a: Magnezone|Volt Switch|p2a: Blissey
|-damage|p2a: Blissey|57/100
|
|t:|1760738581
|switch|p1a: Fezandipiti|Fezandipiti, M|98/100|[from] Volt Switch
|-damage|p1a: Fezandipiti|86/100|[from] Stealth Rock
|-sideend|p1: DiamondFury205|move: Toxic Spikes|[of] p1a: Fezandipiti
|
|-heal|p1a: Fezandipiti|92/100|[from] item: Leftovers
|-heal|p2a: Blissey|63/100|[from] item: Leftovers
|upkeep
|turn|24
|
|t:|1760738591
|move|p1a: Fezandipiti|Acid Spray|p2a: Blissey
|-damage|p2a: Blissey|59/100
|-unboost|p2a: Blissey|spd|2
|move|p2a: Blissey|Seismic Toss|p1a: Fezandipiti
|-damage|p1a: Fezandipiti|66/100
|
|-heal|p1a: Fezandipiti|72/100|[from] item: Leftovers
|-heal|p2a: Blissey|66/100|[from] item: Leftovers
|upkeep
|turn|25
|
|t:|1760738596
|move|p1a: Fezandipiti|Roost|p1a: Fezandipiti
|-heal|p1a: Fezandipiti|100/100
|-singleturn|p1a: Fezandipiti|move: Roost
|move|p2a: Blissey|Seismic Toss|p1a: Fezandipiti
|-damage|p1a: Fezandipiti|74/100
|
|-heal|p1a: Fezandipiti|80/100|[from] item: Leftovers
|-heal|p2a: Blissey|72/100|[from] item: Leftovers
|upkeep
|turn|26
|
|t:|1760738598
|move|p1a: Fezandipiti|Acid Spray|p2a: Blissey
|-damage|p2a: Blissey|65/100
|-unboost|p2a: Blissey|spd|2
|move|p2a: Blissey|Seismic Toss|p1a: Fezandipiti
|-damage|p1a: Fezandipiti|54/100
|
|-heal|p1a: Fezandipiti|60/100|[from] item: Leftovers
|-heal|p2a: Blissey|71/100|[from] item: Leftovers
|upkeep
|turn|27
|
|t:|1760738602
|move|p1a: Fezandipiti|Moonblast|p2a: Blissey
|-damage|p2a: Blissey|50/100
|-status|p2a: Blissey|tox|[from] ability: Toxic Chain|[of] p1a: Fezandipiti
|move|p2a: Blissey|Seismic Toss|p1a: Fezandipiti
|-damage|p1a: Fezandipiti|34/100
|
|-heal|p1a: Fezandipiti|40/100|[from] item: Leftovers
|-heal|p2a: Blissey|56/100 tox|[from] item: Leftovers
|-damage|p2a: Blissey|50/100 tox|[from] psn
|upkeep
|turn|28
|
|t:|1760738608
|-curestatus|p2a: Blissey|tox|[from] ability: Natural Cure
|switch|p2a: Toxapex|Toxapex, M|100/100
|move|p1a: Fezandipiti|Roost|p1a: Fezandipiti
|-heal|p1a: Fezandipiti|90/100
|-singleturn|p1a: Fezandipiti|move: Roost
|
|-heal|p1a: Fezandipiti|96/100|[from] item: Leftovers
|upkeep
|turn|29
|
|t:|1760738627
|switch|p1a: Magnezone|Magnezone, shiny|76/100 brn
|-damage|p1a: Magnezone|70/100 brn|[from] Stealth Rock
|move|p2a: Toxapex|Toxic Spikes|p1a: Magnezone
|-sidestart|p1: DiamondFury205|move: Toxic Spikes
|
|-damage|p1a: Magnezone|64/100 brn|[from] brn
|upkeep
|turn|30
|
|t:|1760738634
|switch|p2a: Blissey|Blissey, F|50/100
|move|p1a: Magnezone|Thunderbolt|p2a: Blissey
|-damage|p2a: Blissey|33/100
|
|-heal|p2a: Blissey|39/100|[from] item: Leftovers
|-damage|p1a: Magnezone|58/100 brn|[from] brn
|upkeep
|turn|31
|
|t:|1760738637
|move|p1a: Magnezone|Volt Switch|p2a: Blissey
|-damage|p2a: Blissey|27/100
|
|t:|1760738644
|switch|p1a: Fezandipiti|Fezandipiti, M|96/100|[from] Volt Switch
|-damage|p1a: Fezandipiti|83/100|[from] Stealth Rock
|-sideend|p1: DiamondFury205|move: Toxic Spikes|[of] p1a: Fezandipiti
|move|p2a: Blissey|Soft-Boiled|p2a: Blissey
|-heal|p2a: Blissey|77/100
|
|-heal|p1a: Fezandipiti|89/100|[from] item: Leftovers
|-heal|p2a: Blissey|83/100|[from] item: Leftovers
|upkeep
|turn|32
|
|t:|1760738654
|switch|p1a: Dragapult|Dragapult, M|100/100
|-damage|p1a: Dragapult|88/100|[from] Stealth Rock
|move|p2a: Blissey|Seismic Toss|p1a: Dragapult
|-immune|p1a: Dragapult
|
|-heal|p2a: Blissey|90/100|[from] item: Leftovers
|upkeep
|turn|33
|
|t:|1760738661
|switch|p2a: Weezing|Weezing-Galar, M|100/100
|-ability|p2a: Weezing|Neutralizing Gas
|move|p1a: Dragapult|U-turn|p2a: Weezing
|-resisted|p2a: Weezing
|-damage|p2a: Weezing|95/100
|
|t:|1760738665
|switch|p1a: Magnezone|Magnezone, shiny|58/100 brn|[from] U-turn
|-damage|p1a: Magnezone|52/100 brn|[from] Stealth Rock
|
|-damage|p1a: Magnezone|46/100 brn|[from] brn
|upkeep
|turn|34
|
|t:|1760738669
|-end|p2a: Weezing|ability: Neutralizing Gas
|switch|p2a: Gliscor|Gliscor, M|99/100 tox
|move|p1a: Magnezone|Volt Switch|p2a: Gliscor
|-immune|p2a: Gliscor
|
|-heal|p2a: Gliscor|100/100 tox|[from] ability: Poison Heal
|-damage|p1a: Magnezone|39/100 brn|[from] brn
|upkeep
|turn|35
|
|t:|1760738674
|switch|p1a: Hydreigon|Hydreigon, F, shiny|100/100
|-damage|p1a: Hydreigon|88/100|[from] Stealth Rock
|move|p2a: Gliscor|Spikes|p1a: Hydreigon
|-sidestart|p1: DiamondFury205|Spikes
|
|-heal|p1a: Hydreigon|94/100|[from] item: Leftovers
|upkeep
|turn|36
|
|t:|1760738680
|move|p2a: Gliscor|Protect|p2a: Gliscor
|-singleturn|p2a: Gliscor|Protect
|move|p1a: Hydreigon|Nasty Plot|p1a: Hydreigon
|-boost|p1a: Hydreigon|spa|2
|
|-heal|p1a: Hydreigon|100/100|[from] item: Leftovers
|upkeep
|turn|37
|
|t:|1760738684
|switch|p2a: Blissey|Blissey, F|90/100
|move|p1a: Hydreigon|Nasty Plot|p1a: Hydreigon
|-boost|p1a: Hydreigon|spa|2
|
|-heal|p2a: Blissey|96/100|[from] item: Leftovers
|upkeep
|turn|38
|
|t:|1760738693
|move|p1a: Hydreigon|Dark Pulse|p2a: Blissey
|-damage|p2a: Blissey|57/100
|cant|p2a: Blissey|flinch
|
|-heal|p2a: Blissey|63/100|[from] item: Leftovers
|upkeep
|turn|39
|
|t:|1760738701
|-terastallize|p2a: Blissey|Dark
|move|p1a: Hydreigon|Draco Meteor|p2a: Blissey
|-damage|p2a: Blissey|0 fnt
|-unboost|p1a: Hydreigon|spa|2
|faint|p2a: Blissey
|
|upkeep
|-message|bigredsword forfeited.
|
|win|DiamondFury205
|raw|DiamondFury205's rating: 1496 &rarr; <strong>1517</strong><br />(+21 for winning)
|raw|bigredsword's rating: 1511 &rarr; <strong>1490</strong><br />(-21 for losing)
|l|☆bigredsword
|player|p2|
|l|☆DiamondFury205
|player|p1|
