|j|☆AtriOvo
|j|☆idaho mak
|t:|1760882074
|gametype|singles
|player|p1|AtriOvo|miku-ghost|1187
|player|p2|idaho mak|266|1292
|gen|9
|tier|[Gen 9] OU
|rated|
|rule|HP Percentage Mod: HP is shown in percentages
|rule|Endless Battle Clause: Forcing endless battles is banned
|rule|Species Clause: Limit one of each Pokémon
|rule|OHKO Clause: OHKO moves are banned
|rule|Evasion Items Clause: Evasion items are banned
|rule|Evasion Moves Clause: Evasion moves are banned
|rule|Evasion Abilities Clause: Evasion abilities are banned
|rule|Sleep Moves Clause: Sleep-inducing moves are banned
|clearpoke
|poke|p1|Victreebel, F|
|poke|p1|Torkoal, M|
|poke|p1|Great Tusk|
|poke|p1|Walking Wake|
|poke|p1|Corviknight, F|
|poke|p1|Hatterene, F|
|poke|p2|Dondozo, F|
|poke|p2|Lokix, F|
|poke|p2|Pelipper, F|
|poke|p2|Zapdos|
|poke|p2|Clodsire, M|
|poke|p2|Iron Treads|
|teampreview
|inactive|Battle timer is ON: inactive players will automatically lose when time's up. (requested by AtriOvo)
|
|t:|1760882081
|teamsize|p1|6
|teamsize|p2|6
|start
|switch|p1a: Walking Wake|Walking Wake|100/100
|switch|p2a: Lokix|Lokix, F|100/100
|turn|1
|
|t:|1760882088
|move|p1a: Walking Wake|Flamethrower|p2a: Lokix
|-supereffective|p2a: Lokix
|-damage|p2a: Lokix|0 fnt
|faint|p2a: Lokix
|
|upkeep
|
|t:|1760882103
|switch|p2a: Clodsire|Clodsire, M|100/100
|turn|2
|
|t:|1760882114
|-end|p1a: Walking Wake|Protosynthesis|[silent]
|switch|p1a: Hatterene|Hatterene, F, shiny|100/100
|move|p2a: Clodsire|Earthquake|p1a: Hatterene
|-damage|p1a: Hatterene|68/100
|-enditem|p1a: Hatterene|Eject Button
|
|t:|1760882119
|switch|p1a: Victreebel|Victreebel, F|100/100
|
|upkeep
|turn|3
|
|t:|1760882126
|move|p1a: Victreebel|Sludge Wave|p2a: Clodsire
|-resisted|p2a: Clodsire
|-damage|p2a: Clodsire|89/100
|-damage|p1a: Victreebel|91/100|[from] item: Life Orb
|move|p2a: Clodsire|Toxic Spikes|p1a: Victreebel
|-sidestart|p1: AtriOvo|move: Toxic Spikes
|
|upkeep
|turn|4
|
|t:|1760882133
|switch|p1a: Great Tusk|Great Tusk, shiny|100/100
|move|p2a: Clodsire|Earthquake|p1a: Great Tusk
|-damage|p1a: Great Tusk|80/100
|
|upkeep
|turn|5
|
|t:|1760882140
|switch|p2a: Pelipper|Pelipper, F|100/100
|-weather|RainDance|[from] ability: Drizzle|[of] p2a: Pelipper
|move|p1a: Great Tusk|Rapid Spin|p2a: Pelipper
|-damage|p2a: Pelipper|88/100
|-boost|p1a: Great Tusk|spe|1
|-sideend|p1: AtriOvo|Toxic Spikes|[from] move: Rapid Spin|[of] p1a: Great Tusk
|
|-weather|RainDance|[upkeep]
|upkeep
|turn|6
|
|t:|1760882150
|-end|p1a: Great Tusk|Protosynthesis|[silent]
|switch|p1a: Corviknight|Corviknight, F, shiny|100/100
|move|p2a: Pelipper|Surf|p1a: Corviknight
|-damage|p1a: Corviknight|68/100
|
|-weather|RainDance|[upkeep]
|-heal|p1a: Corviknight|74/100|[from] item: Leftovers
|upkeep
|turn|7
|
|t:|1760882161
|move|p1a: Corviknight|U-turn|p2a: Pelipper
|-resisted|p2a: Pelipper
|-damage|p2a: Pelipper|83/100
|
|t:|1760882165
|switch|p1a: Torkoal|Torkoal, M, shiny|100/100|[from] U-turn
|-weather|SunnyDay|[from] ability: Drought|[of] p1a: Torkoal
|move|p2a: Pelipper|Surf|p1a: Torkoal
|-supereffective|p1a: Torkoal
|-damage|p1a: Torkoal|58/100
|
|-weather|SunnyDay|[upkeep]
|upkeep
|turn|8
|
|t:|1760882173
|switch|p1a: Walking Wake|Walking Wake|100/100
|-activate|p1a: Walking Wake|ability: Protosynthesis
|-start|p1a: Walking Wake|protosynthesisspe
|move|p2a: Pelipper|Surf|p1a: Walking Wake
|-resisted|p1a: Walking Wake
|-damage|p1a: Walking Wake|96/100
|
|-weather|SunnyDay|[upkeep]
|upkeep
|turn|9
|
|t:|1760882182
|switch|p2a: Clodsire|Clodsire, M|89/100
|move|p1a: Walking Wake|Draco Meteor|p2a: Clodsire
|-damage|p2a: Clodsire|19/100
|-unboost|p1a: Walking Wake|spa|2
|
|-weather|SunnyDay|[upkeep]
|upkeep
|turn|10
|
|t:|1760882190
|switch|p2a: Pelipper|Pelipper, F|83/100
|-weather|RainDance|[from] ability: Drizzle|[of] p2a: Pelipper
|-end|p1a: Walking Wake|Protosynthesis
|move|p1a: Walking Wake|Draco Meteor|p2a: Pelipper
|-damage|p2a: Pelipper|17/100
|-unboost|p1a: Walking Wake|spa|2
|
|-weather|RainDance|[upkeep]
|upkeep
|turn|11
|
|t:|1760882200
|move|p1a: Walking Wake|Draco Meteor|p2a: Pelipper
|-damage|p2a: Pelipper|0 fnt
|-unboost|p1a: Walking Wake|spa|2
|faint|p2a: Pelipper
|
|-weather|RainDance|[upkeep]
|upkeep
|-message|idaho mak forfeited.
|
|win|AtriOvo
|raw|AtriOvo's rating: 1187 &rarr; <strong>1219</strong><br />(+32 for winning)
|raw|idaho mak's rating: 1292 &rarr; <strong>1260</strong><br />(-32 for losing)
|l|☆idaho mak
|player|p2|
|l|☆AtriOvo
|player|p1|
