|j|☆capitolg
|j|☆TJ13_SSB
|t:|1760755515
|gametype|singles
|player|p1|capitolg|bellelba|1208
|player|p2|TJ13_SSB|hoopster|1196
|gen|9
|tier|[Gen 9] OU
|rated|
|rule|HP Percentage Mod: HP is shown in percentages
|rule|Endless Battle Clause: Forcing endless battles is banned
|rule|Species Clause: Limit one of each Pokémon
|rule|OHKO Clause: OHKO moves are banned
|rule|Evasion Items Clause: Evasion items are banned
|rule|Evasion Moves Clause: Evasion moves are banned
|rule|Evasion Abilities Clause: Evasion abilities are banned
|rule|Sleep Moves Clause: Sleep-inducing moves are banned
|clearpoke
|poke|p1|Vikavolt, F|
|poke|p1|Gothitelle, M|
|poke|p1|Smeargle, F|
|poke|p1|Empoleon, M|
|poke|p1|Passimian, F|
|poke|p1|Dusknoir, F|
|poke|p2|Great Tusk|
|poke|p2|Landorus-Therian, M|
|poke|p2|Heatran, M|
|poke|p2|Darkrai|
|poke|p2|Rotom-Wash|
|poke|p2|Weezing-Galar, F|
|teampreview
|
|t:|1760755536
|teamsize|p1|6
|teamsize|p2|6
|start
|switch|p1a: Vikavolt|Vikavolt, F|100/100
|switch|p2a: Rotom|Rotom-Wash|100/100
|turn|1
|
|t:|1760755550
|move|p2a: Rotom|Volt Switch|p1a: Vikavolt
|-resisted|p1a: Vikavolt
|-damage|p1a: Vikavolt|86/100
|
|t:|1760755554
|switch|p2a: Heatran|Heatran, M|100/100|[from] Volt Switch
|move|p1a: Vikavolt|Sticky Web|p2a: Heatran
|-sidestart|p2: TJ13_SSB|move: Sticky Web
|
|upkeep
|turn|2
|
|t:|1760755561
|move|p2a: Heatran|Flamethrower|p1a: Vikavolt
|-supereffective|p1a: Vikavolt
|-damage|p1a: Vikavolt|0 fnt
|faint|p1a: Vikavolt
|
|upkeep
|
|t:|1760755565
|switch|p1a: Smeargle|Smeargle, F|100/100
|turn|3
|
|t:|1760755578
|switch|p2a: Great Tusk|Great Tusk|100/100
|-activate|p2a: Great Tusk|move: Sticky Web
|-unboost|p2a: Great Tusk|spe|1
|move|p1a: Smeargle|Trick Room|p1a: Smeargle
|-fieldstart|move: Trick Room|[of] p1a: Smeargle
|
|upkeep
|turn|4
|
|t:|1760755585
|move|p1a: Smeargle|Burning Bulwark|p1a: Smeargle
|-singleturn|p1a: Smeargle|move: Protect
|move|p2a: Great Tusk|Earthquake|p1a: Smeargle
|-activate|p1a: Smeargle|move: Protect
|
|upkeep
|turn|5
|
|t:|1760755590
|move|p2a: Great Tusk|Earthquake|p1a: Smeargle
|-enditem|p1a: Smeargle|Focus Sash
|-damage|p1a: Smeargle|1/100
|move|p1a: Smeargle|Court Change|p1a: Smeargle
|-swapsideconditions
|-activate|p1a: Smeargle|move: Court Change
|
|upkeep
|turn|6
|
|t:|1760755597
|move|p2a: Great Tusk|Rapid Spin|p1a: Smeargle
|-damage|p1a: Smeargle|0 fnt
|-boost|p2a: Great Tusk|spe|1
|faint|p1a: Smeargle
|
|upkeep
|
|t:|1760755600
|switch|p1a: Dusknoir|Dusknoir, F|100/100
|-activate|p1a: Dusknoir|move: Sticky Web
|-unboost|p1a: Dusknoir|spe|1
|-ability|p1a: Dusknoir|Pressure
|turn|7
|
|t:|1760755609
|move|p1a: Dusknoir|Poltergeist|p2a: Great Tusk
|-activate|p2a: Great Tusk|move: Poltergeist|Leftovers
|-damage|p2a: Great Tusk|65/100
|move|p2a: Great Tusk|Knock Off|p1a: Dusknoir
|-supereffective|p1a: Dusknoir
|-damage|p1a: Dusknoir|33/100
|-enditem|p1a: Dusknoir|Weakness Policy
|-boost|p1a: Dusknoir|atk|2|[from] item: Weakness Policy
|-boost|p1a: Dusknoir|spa|2|[from] item: Weakness Policy
|
|-heal|p2a: Great Tusk|71/100|[from] item: Leftovers
|-fieldend|move: Trick Room
|upkeep
|turn|8
|
|t:|1760755623
|move|p2a: Great Tusk|Knock Off|p1a: Dusknoir
|-supereffective|p1a: Dusknoir
|-damage|p1a: Dusknoir|0 fnt
|faint|p1a: Dusknoir
|
|-heal|p2a: Great Tusk|77/100|[from] item: Leftovers
|upkeep
|
|t:|1760755627
|switch|p1a: Passimian|Passimian, F|100/100
|-activate|p1a: Passimian|move: Sticky Web
|-unboost|p1a: Passimian|spe|1
|-ability|p1a: Passimian|Defiant|boost
|-boost|p1a: Passimian|atk|2
|turn|9
|
|t:|1760755638
|-end|p2a: Great Tusk|Protosynthesis|[silent]
|switch|p2a: Weezing|Weezing-Galar, F|100/100
|move|p1a: Passimian|Drain Punch|p2a: Weezing
|-resisted|p2a: Weezing
|-damage|p2a: Weezing|87/100
|
|-heal|p2a: Weezing|93/100|[from] item: Black Sludge
|upkeep
|turn|10
|
|t:|1760755645
|move|p2a: Weezing|Will-O-Wisp|p1a: Passimian
|-status|p1a: Passimian|brn
|move|p1a: Passimian|Iron Head|p2a: Weezing
|-supereffective|p2a: Weezing
|-damage|p2a: Weezing|57/100
|
|-heal|p2a: Weezing|63/100|[from] item: Black Sludge
|-damage|p1a: Passimian|94/100 brn|[from] brn
|upkeep
|turn|11
|
|t:|1760755657
|switch|p1a: Gothitelle|Gothitelle, M|100/100
|-activate|p1a: Gothitelle|move: Sticky Web
|-unboost|p1a: Gothitelle|spe|1
|-ability|p1a: Gothitelle|Competitive|boost
|-boost|p1a: Gothitelle|spa|2
|move|p2a: Weezing|Strange Steam|p1a: Gothitelle
|-damage|p1a: Gothitelle|73/100
|
|-heal|p2a: Weezing|69/100|[from] item: Black Sludge
|-heal|p1a: Gothitelle|80/100|[from] item: Leftovers
|upkeep
|turn|12
|
|t:|1760755668
|move|p2a: Weezing|Clear Smog|p1a: Gothitelle
|-damage|p1a: Gothitelle|66/100
|-clearboost|p1a: Gothitelle
|move|p1a: Gothitelle|Trick Room|p1a: Gothitelle
|-fieldstart|move: Trick Room|[of] p1a: Gothitelle
|
|-heal|p1a: Gothitelle|72/100|[from] item: Leftovers
|-heal|p2a: Weezing|75/100|[from] item: Black Sludge
|upkeep
|turn|13
|
|t:|1760755679
|switch|p1a: Empoleon|Empoleon, M|100/100
|-activate|p1a: Empoleon|move: Sticky Web
|-unboost|p1a: Empoleon|spe|1
|-ability|p1a: Empoleon|Competitive|boost
|-boost|p1a: Empoleon|spa|2
|move|p2a: Weezing|Will-O-Wisp|p1a: Empoleon
|-status|p1a: Empoleon|brn
|
|-heal|p2a: Weezing|81/100|[from] item: Black Sludge
|-damage|p1a: Empoleon|94/100 brn|[from] brn
|upkeep
|turn|14
|
|t:|1760755691
|switch|p2a: Rotom|Rotom-Wash|100/100
|move|p1a: Empoleon|Surf|p2a: Rotom
|-resisted|p2a: Rotom
|-damage|p2a: Rotom|59/100
|
|-heal|p2a: Rotom|65/100|[from] item: Leftovers
|-damage|p1a: Empoleon|88/100 brn|[from] brn
|upkeep
|turn|15
|
|t:|1760755700
|move|p1a: Empoleon|Surf|p2a: Rotom
|-resisted|p2a: Rotom
|-damage|p2a: Rotom|23/100
|move|p2a: Rotom|Pain Split|p1a: Empoleon
|-sethp|p1a: Empoleon|55/100 brn|[from] move: Pain Split|[silent]
|-sethp|p2a: Rotom|56/100|[from] move: Pain Split
|
|-heal|p2a: Rotom|63/100|[from] item: Leftovers
|-damage|p1a: Empoleon|49/100 brn|[from] brn
|upkeep
|turn|16
|-message|capitolg forfeited.
|
|win|TJ13_SSB
|raw|capitolg's rating: 1208 &rarr; <strong>1182</strong><br />(-26 for losing)
|raw|TJ13_SSB's rating: 1196 &rarr; <strong>1222</strong><br />(+26 for winning)
|l|☆capitolg
|player|p1|
|l|☆TJ13_SSB
|player|p2|
