|j|☆robopup27
|j|‽Cachxlot
|t:|1760864893
|gametype|singles
|player|p1|robopup27|265|1315
|player|p2|Cachxlot|dawn|1269
|gen|9
|tier|[Gen 9] OU
|rated|
|rule|HP Percentage Mod: HP is shown in percentages
|rule|Endless Battle Clause: Forcing endless battles is banned
|rule|Species Clause: Limit one of each Pokémon
|rule|OHKO Clause: OHKO moves are banned
|rule|Evasion Items Clause: Evasion items are banned
|rule|Evasion Moves Clause: Evasion moves are banned
|rule|Evasion Abilities Clause: Evasion abilities are banned
|rule|Sleep Moves Clause: Sleep-inducing moves are banned
|clearpoke
|poke|p1|Dewgong, M|
|poke|p1|Raging Bolt|
|poke|p1|Greninja-*, M|
|poke|p1|Skarmory, F|
|poke|p1|Slowking-Galar, F|
|poke|p1|Enamorus, F|
|poke|p2|Gholdengo|
|poke|p2|Zamazenta-*|
|poke|p2|Ting-Lu|
|poke|p2|Clefable, F|
|poke|p2|Dragonite, M|
|poke|p2|Deoxys-Speed|
|teampreview
|
|t:|1760864902
|teamsize|p1|6
|teamsize|p2|6
|start
|switch|p1a: Greninja|Greninja, M|100/100
|switch|p2a: Ting-Lu|Ting-Lu|100/100
|-ability|p2a: Ting-Lu|Vessel of Ruin
|turn|1
|
|t:|1760864908
|move|p1a: Greninja|Hydro Pump|p2a: Ting-Lu
|-supereffective|p2a: Ting-Lu
|-damage|p2a: Ting-Lu|60/100
|move|p2a: Ting-Lu|Earthquake|p1a: Greninja
|-damage|p1a: Greninja|39/100
|
|-heal|p2a: Ting-Lu|67/100|[from] item: Leftovers
|upkeep
|turn|2
|
|t:|1760864913
|move|p1a: Greninja|Spikes|p2a: Ting-Lu
|-sidestart|p2: Cachxlot|Spikes
|move|p2a: Ting-Lu|Earthquake|p1a: Greninja
|-damage|p1a: Greninja|0 fnt
|faint|p1a: Greninja
|
|-heal|p2a: Ting-Lu|73/100|[from] item: Leftovers
|upkeep
|
|t:|1760864917
|switch|p1a: Dewgong|Dewgong, M|100/100
|turn|3
|
|t:|1760864922
|move|p1a: Dewgong|Triple Axel|p2a: Ting-Lu
|-supereffective|p2a: Ting-Lu
|-damage|p2a: Ting-Lu|61/100
|-supereffective|p2a: Ting-Lu
|-damage|p2a: Ting-Lu|34/100
|-hitcount|p2a: Ting-Lu|2
|move|p2a: Ting-Lu|Whirlwind|p1a: Dewgong
|drag|p1a: Slowking|Slowking-Galar, F|100/100
|
|-heal|p2a: Ting-Lu|40/100|[from] item: Leftovers
|upkeep
|turn|4
|
|t:|1760864931
|switch|p1a: Dewgong|Dewgong, M|100/100
|move|p2a: Ting-Lu|Spikes|p1a: Dewgong
|-sidestart|p1: robopup27|Spikes
|
|-heal|p2a: Ting-Lu|46/100|[from] item: Leftovers
|upkeep
|turn|5
|
|t:|1760864936
|switch|p2a: Clefable|Clefable, F|100/100
|move|p1a: Dewgong|Flip Turn|p2a: Clefable
|-damage|p2a: Clefable|75/100
|-damage|p1a: Dewgong|84/100|[from] item: Rocky Helmet|[of] p2a: Clefable
|
|t:|1760864944
|switch|p1a: Skarmory|Skarmory, F|100/100|[from] Flip Turn
|
|upkeep
|turn|6
|
|t:|1760864950
|move|p1a: Skarmory|Stealth Rock|p2a: Clefable
|-sidestart|p2: Cachxlot|move: Stealth Rock
|move|p2a: Clefable|Stealth Rock|p1a: Skarmory
|-sidestart|p1: robopup27|move: Stealth Rock
|
|upkeep
|turn|7
|
|t:|1760864964
|switch|p1a: Slowking|Slowking-Galar, F|100/100
|switch|p2a: Gholdengo|Gholdengo|100/100
|
|upkeep
|turn|8
|
|t:|1760864971
|move|p2a: Gholdengo|Nasty Plot|p2a: Gholdengo
|-boost|p2a: Gholdengo|spa|2
|-prepare|p1a: Slowking|Chilly Reception|[premajor]
|move|p1a: Slowking|Chilly Reception|p1a: Slowking
|-weather|Snowscape
|
|t:|1760864977
|switch|p1a: Raging Bolt|Raging Bolt|100/100|[from] Chilly Reception
|-damage|p1a: Raging Bolt|88/100|[from] Spikes
|-damage|p1a: Raging Bolt|76/100|[from] Stealth Rock
|-enditem|p1a: Raging Bolt|Booster Energy
|-activate|p1a: Raging Bolt|ability: Protosynthesis|[fromitem]
|-start|p1a: Raging Bolt|protosynthesisspa
|
|-weather|Snowscape|[upkeep]
|upkeep
|turn|9
|
|t:|1760864982
|switch|p2a: Ting-Lu|Ting-Lu|46/100
|-damage|p2a: Ting-Lu|34/100|[from] Spikes
|-damage|p2a: Ting-Lu|27/100|[from] Stealth Rock
|-ability|p2a: Ting-Lu|Vessel of Ruin
|move|p1a: Raging Bolt|Thunderbolt|p2a: Ting-Lu
|-immune|p2a: Ting-Lu
|
|-weather|Snowscape|[upkeep]
|-heal|p2a: Ting-Lu|34/100|[from] item: Leftovers
|upkeep
|turn|10
|
|t:|1760864990
|move|p1a: Raging Bolt|Dragon Pulse|p2a: Ting-Lu
|-damage|p2a: Ting-Lu|6/100
|move|p2a: Ting-Lu|Whirlwind|p1a: Raging Bolt
|-end|p1a: Raging Bolt|Protosynthesis|[silent]
|drag|p1a: Dewgong|Dewgong, M|84/100
|-damage|p1a: Dewgong|72/100|[from] Spikes
|-damage|p1a: Dewgong|47/100|[from] Stealth Rock
|
|-weather|Snowscape|[upkeep]
|-heal|p2a: Ting-Lu|12/100|[from] item: Leftovers
|upkeep
|turn|11
|
|t:|1760864997
|switch|p2a: Clefable|Clefable, F|75/100
|move|p1a: Dewgong|Flip Turn|p2a: Clefable
|-crit|p2a: Clefable
|-damage|p2a: Clefable|36/100
|-damage|p1a: Dewgong|31/100|[from] item: Rocky Helmet|[of] p2a: Clefable
|
|t:|1760865006
|switch|p1a: Enamorus|Enamorus, F|100/100|[from] Flip Turn
|-damage|p1a: Enamorus|76/100|[from] Stealth Rock
|
|-weather|Snowscape|[upkeep]
|upkeep
|turn|12
|
|t:|1760865014
|-terastallize|p1a: Enamorus|Stellar
|move|p1a: Enamorus|Tera Blast|p2a: Clefable|[anim] Tera Blast Stellar
|-damage|p2a: Clefable|0 fnt
|-boost|p1a: Enamorus|atk|1
|-boost|p1a: Enamorus|spa|1
|faint|p2a: Clefable
|
|-weather|none
|upkeep
|
|t:|1760865025
|switch|p2a: Deoxys|Deoxys-Speed|100/100
|-ability|p2a: Deoxys|Pressure
|turn|13
|
|t:|1760865030
|move|p1a: Enamorus|Tera Blast|p2a: Deoxys|[anim] Tera Blast Stellar
|-damage|p2a: Deoxys|17/100
|-boost|p1a: Enamorus|atk|1
|-boost|p1a: Enamorus|spa|1
|move|p2a: Deoxys|Psycho Boost|p1a: Enamorus
|-damage|p1a: Enamorus|0 fnt
|-unboost|p2a: Deoxys|spa|2
|faint|p1a: Enamorus
|
|upkeep
|-message|robopup27 forfeited.
|
|win|Cachxlot
|raw|robopup27's rating: 1315 &rarr; <strong>1292</strong><br />(-23 for losing)
|raw|Cachxlot's rating: 1269 &rarr; <strong>1297</strong><br />(+28 for winning)
|l|☆robopup27
|player|p1|
|l|‽Cachxlot
|player|p2|
