|j|☆boardchairman
|j|☆Technoproz13150097
|t:|1760855976
|gametype|singles
|player|p1|boardchairman|hilbert-wonderlauncher|1131
|player|p2|Technoproz13150097|acerola-masters|1189
|gen|9
|tier|[Gen 9] OU
|rated|
|rule|HP Percentage Mod: HP is shown in percentages
|rule|Endless Battle Clause: Forcing endless battles is banned
|rule|Species Clause: Limit one of each Pokémon
|rule|OHKO Clause: OHKO moves are banned
|rule|Evasion Items Clause: Evasion items are banned
|rule|Evasion Moves Clause: Evasion moves are banned
|rule|Evasion Abilities Clause: Evasion abilities are banned
|rule|Sleep Moves Clause: Sleep-inducing moves are banned
|clearpoke
|poke|p1|Venomoth, M|
|poke|p1|Leavanny, F|
|poke|p1|Vivillon-Fancy, M|
|poke|p1|Vikavolt, M|
|poke|p1|Lokix, F|
|poke|p1|Ariados, M|
|poke|p2|Slowking-Galar, F|
|poke|p2|Scizor, M|
|poke|p2|Blaziken, M|
|poke|p2|Gliscor, M|
|poke|p2|Ting-Lu|
|poke|p2|Kyurem|
|teampreview
|inactive|Battle timer is ON: inactive players will automatically lose when time's up. (requested by Technoproz13150097)
|inactive|boardchairman also wants the timer to be on.
|
|t:|1760855994
|teamsize|p1|6
|teamsize|p2|6
|start
|switch|p1a: Ariados|Ariados, M|100/100
|switch|p2a: Scizor|Scizor, M, shiny|100/100
|turn|1
|
|t:|1760856002
|move|p2a: Scizor|Bullet Punch|p1a: Ariados
|-damage|p1a: Ariados|40/100
|-damage|p2a: Scizor|91/100|[from] item: Life Orb
|move|p1a: Ariados|Sticky Web|p2a: Scizor
|-sidestart|p2: Technoproz13150097|move: Sticky Web
|
|upkeep
|turn|2
|
|t:|1760856010
|move|p2a: Scizor|Bullet Punch|p1a: Ariados
|-damage|p1a: Ariados|0 fnt
|faint|p1a: Ariados
|-damage|p2a: Scizor|81/100|[from] item: Life Orb
|
|upkeep
|
|t:|1760856018
|switch|p1a: Vikavolt|Vikavolt, M|100/100
|turn|3
|
|t:|1760856026
|move|p2a: Scizor|U-turn|p1a: Vikavolt
|-damage|p1a: Vikavolt|48/100
|-damage|p2a: Scizor|71/100|[from] item: Life Orb
|
|t:|1760856033
|switch|p2a: Gliscor|Gliscor, M|100/100|[from] U-turn
|move|p1a: Vikavolt|Thunderbolt|p2a: Gliscor
|-immune|p2a: Gliscor
|
|-status|p2a: Gliscor|tox|[from] item: Toxic Orb
|upkeep
|turn|4
|
|t:|1760856045
|switch|p1a: Vivillon|Vivillon-Fancy, M|100/100
|move|p2a: Gliscor|Knock Off|p1a: Vivillon
|-damage|p1a: Vivillon|61/100
|-enditem|p1a: Vivillon|Heat Rock|[from] move: Knock Off|[of] p2a: Gliscor
|
|upkeep
|turn|5
|
|t:|1760856055
|move|p1a: Vivillon|Sunny Day|p1a: Vivillon
|-weather|SunnyDay
|move|p2a: Gliscor|Knock Off|p1a: Vivillon
|-damage|p1a: Vivillon|35/100
|
|-weather|SunnyDay|[upkeep]
|upkeep
|turn|6
|
|t:|1760856067
|move|p1a: Vivillon|Light Screen|p1a: Vivillon
|-sidestart|p1: boardchairman|move: Light Screen
|move|p2a: Gliscor|Knock Off|p1a: Vivillon
|-damage|p1a: Vivillon|8/100
|
|-weather|SunnyDay|[upkeep]
|upkeep
|turn|7
|
|t:|1760856077
|switch|p1a: Lokix|Lokix, F|100/100
|move|p2a: Gliscor|Knock Off|p1a: Lokix
|-resisted|p1a: Lokix
|-damage|p1a: Lokix|88/100
|-enditem|p1a: Lokix|Life Orb|[from] move: Knock Off|[of] p2a: Gliscor
|
|-weather|SunnyDay|[upkeep]
|upkeep
|turn|8
|
|t:|1760856088
|move|p1a: Lokix|First Impression|p2a: Gliscor
|-resisted|p2a: Gliscor
|-damage|p2a: Gliscor|77/100 tox
|move|p2a: Gliscor|Toxic|p1a: Lokix
|-status|p1a: Lokix|tox
|
|-weather|SunnyDay|[upkeep]
|-heal|p2a: Gliscor|89/100 tox|[from] ability: Poison Heal
|-damage|p1a: Lokix|82/100 tox|[from] psn
|upkeep
|turn|9
|
|t:|1760856101
|move|p2a: Gliscor|Protect|p2a: Gliscor
|-singleturn|p2a: Gliscor|Protect
|move|p1a: Lokix|Knock Off|p2a: Gliscor
|-activate|p2a: Gliscor|move: Protect
|
|-weather|none
|-heal|p2a: Gliscor|100/100 tox|[from] ability: Poison Heal
|-damage|p1a: Lokix|70/100 tox|[from] psn
|upkeep
|turn|10
|-message|boardchairman forfeited.
|
|win|Technoproz13150097
|raw|boardchairman's rating: 1131 &rarr; <strong>1110</strong><br />(-21 for losing)
|raw|Technoproz13150097's rating: 1189 &rarr; <strong>1210</strong><br />(+21 for winning)
|l|☆boardchairman
|player|p1|
|l|☆Technoproz13150097
|player|p2|
