|j|☆elite four jesus
|j|☆Oona the Fae Queen
|t:|1760824080
|gametype|singles
|player|p1|elite four jesus|musician|1090
|player|p2|Oona the Fae Queen|diantha-masters|1139
|gen|9
|tier|[Gen 9] OU
|rated|
|rule|HP Percentage Mod: HP is shown in percentages
|rule|Endless Battle Clause: Forcing endless battles is banned
|rule|Species Clause: Limit one of each Pokémon
|rule|OHKO Clause: OHKO moves are banned
|rule|Evasion Items Clause: Evasion items are banned
|rule|Evasion Moves Clause: Evasion moves are banned
|rule|Evasion Abilities Clause: Evasion abilities are banned
|rule|Sleep Moves Clause: Sleep-inducing moves are banned
|clearpoke
|poke|p1|Kyurem|
|poke|p1|Slowking-Galar, F|
|poke|p1|Ogerpon-Wellspring, F|
|poke|p1|Kingambit, F|
|poke|p1|Persian, F|
|poke|p1|Great Tusk|
|poke|p2|Drifblim, F|
|poke|p2|Cinccino, F|
|poke|p2|Indeedee-F, F|
|poke|p2|Espeon, F|
|poke|p2|Tsareena, F|
|poke|p2|Azumarill, M|
|teampreview
|
|t:|1760824085
|teamsize|p1|6
|teamsize|p2|6
|start
|switch|p1a: pokemon isnt dead|Persian, F, shiny|100/100
|switch|p2a: Cinccino|Cinccino, F|100/100
|turn|1
|
|t:|1760824089
|switch|p2a: Indeedee|Indeedee-F, F|100/100
|-fieldstart|move: Psychic Terrain|[from] ability: Psychic Surge|[of] p2a: Indeedee
|move|p1a: pokemon isnt dead|Fake Out|p2a: Indeedee
|-activate|p2a: Indeedee|move: Psychic Terrain
|
|upkeep
|turn|2
|
|t:|1760824098
|move|p1a: pokemon isnt dead|Knock Off|p2a: Indeedee
|-supereffective|p2a: Indeedee
|-damage|p2a: Indeedee|24/100
|-enditem|p2a: Indeedee|Terrain Extender|[from] move: Knock Off|[of] p1a: pokemon isnt dead
|move|p2a: Indeedee|Psychic|p1a: pokemon isnt dead
|-damage|p1a: pokemon isnt dead|17/100
|
|upkeep
|turn|3
|
|t:|1760824109
|move|p1a: pokemon isnt dead|Knock Off|p2a: Indeedee
|-supereffective|p2a: Indeedee
|-damage|p2a: Indeedee|0 fnt
|faint|p2a: Indeedee
|
|upkeep
|
|t:|1760824112
|switch|p2a: Espeon|Espeon, F|100/100
|turn|4
|
|t:|1760824115
|move|p1a: pokemon isnt dead|Knock Off|p2a: Espeon
|-supereffective|p2a: Espeon
|-damage|p2a: Espeon|16/100
|-enditem|p2a: Espeon|Sitrus Berry|[from] move: Knock Off|[of] p1a: pokemon isnt dead
|move|p2a: Espeon|Expanding Force|p1a: pokemon isnt dead
|-damage|p1a: pokemon isnt dead|0 fnt
|faint|p1a: pokemon isnt dead
|
|upkeep
|
|t:|1760824132
|switch|p1a: POKEMON IS DEAD|Ogerpon-Wellspring, F|100/100
|turn|5
|
|t:|1760824148
|move|p1a: POKEMON IS DEAD|Ivy Cudgel|p2a: Espeon|[anim] Ivy Cudgel Water
|-crit|p2a: Espeon
|-damage|p2a: Espeon|0 fnt
|faint|p2a: Espeon
|
|upkeep
|
|t:|1760824151
|switch|p2a: Tsareena|Tsareena, F|100/100
|turn|6
|
|t:|1760824167
|move|p1a: POKEMON IS DEAD|U-turn|p2a: Tsareena
|-supereffective|p2a: Tsareena
|-damage|p2a: Tsareena|42/100
|inactive|Battle timer is ON: inactive players will automatically lose when time's up. (requested by Oona the Fae Queen)
|
|t:|1760824171
|switch|p1a: POKEMON IS D3AD|Slowking-Galar, F|100/100|[from] U-turn
|move|p2a: Tsareena|Power Whip|p1a: POKEMON IS D3AD
|-resisted|p1a: POKEMON IS D3AD
|-damage|p1a: POKEMON IS D3AD|64/100
|
|upkeep
|turn|7
|
|t:|1760824182
|switch|p2a: Cinccino|Cinccino, F|100/100
|-prepare|p1a: POKEMON IS D3AD|Chilly Reception|[premajor]
|move|p1a: POKEMON IS D3AD|Chilly Reception|p1a: POKEMON IS D3AD
|-weather|Snowscape
|
|t:|1760824188
|switch|p1a: PHO-KEMON IS DEAD|Kyurem, shiny|100/100|[from] Chilly Reception
|-ability|p1a: PHO-KEMON IS DEAD|Pressure
|
|-weather|Snowscape|[upkeep]
|upkeep
|turn|8
|
|t:|1760824194
|move|p2a: Cinccino|Rock Blast|p1a: PHO-KEMON IS DEAD
|-supereffective|p1a: PHO-KEMON IS DEAD
|-damage|p1a: PHO-KEMON IS DEAD|87/100
|-supereffective|p1a: PHO-KEMON IS DEAD
|-damage|p1a: PHO-KEMON IS DEAD|73/100
|-supereffective|p1a: PHO-KEMON IS DEAD
|-damage|p1a: PHO-KEMON IS DEAD|60/100
|-supereffective|p1a: PHO-KEMON IS DEAD
|-damage|p1a: PHO-KEMON IS DEAD|47/100
|-supereffective|p1a: PHO-KEMON IS DEAD
|-damage|p1a: PHO-KEMON IS DEAD|34/100
|-hitcount|p1a: PHO-KEMON IS DEAD|5
|move|p1a: PHO-KEMON IS DEAD|Ice Beam|p2a: Cinccino
|-damage|p2a: Cinccino|24/100
|
|-weather|Snowscape|[upkeep]
|-fieldend|move: Psychic Terrain
|upkeep
|turn|9
|
|t:|1760824224
|switch|p1a: pokemon is /bye|Great Tusk|100/100
|move|p2a: Cinccino|Tail Slap|p1a: pokemon is /bye
|-damage|p1a: pokemon is /bye|93/100
|-damage|p1a: pokemon is /bye|86/100
|-damage|p1a: pokemon is /bye|79/100
|-damage|p1a: pokemon is /bye|71/100
|-damage|p1a: pokemon is /bye|64/100
|-hitcount|p1a: pokemon is /bye|5
|
|-weather|Snowscape|[upkeep]
|-heal|p1a: pokemon is /bye|70/100|[from] item: Leftovers
|upkeep
|turn|10
|inactive|elite four jesus has 120 seconds left.
|
|t:|1760824242
|move|p2a: Cinccino|Tidy Up|p2a: Cinccino
|-boost|p2a: Cinccino|atk|1
|-boost|p2a: Cinccino|spe|1
|move|p1a: pokemon is /bye|Stealth Rock|p2a: Cinccino
|-sidestart|p2: Oona the Fae Queen|move: Stealth Rock
|
|-weather|Snowscape|[upkeep]
|-heal|p1a: pokemon is /bye|77/100|[from] item: Leftovers
|upkeep
|turn|11
|
|t:|1760824249
|move|p2a: Cinccino|Bullet Seed|p1a: pokemon is /bye
|-supereffective|p1a: pokemon is /bye
|-damage|p1a: pokemon is /bye|62/100
|-supereffective|p1a: pokemon is /bye
|-damage|p1a: pokemon is /bye|49/100
|-supereffective|p1a: pokemon is /bye
|-damage|p1a: pokemon is /bye|34/100
|-supereffective|p1a: pokemon is /bye
|-damage|p1a: pokemon is /bye|19/100
|-supereffective|p1a: pokemon is /bye
|-damage|p1a: pokemon is /bye|5/100
|-hitcount|p1a: pokemon is /bye|5
|move|p1a: pokemon is /bye|Earthquake|p2a: Cinccino
|-damage|p2a: Cinccino|0 fnt
|faint|p2a: Cinccino
|
|-weather|none
|-heal|p1a: pokemon is /bye|11/100|[from] item: Leftovers
|upkeep
|inactive|Oona the Fae Queen has 120 seconds left.
|-message|Oona the Fae Queen forfeited.
|
|win|elite four jesus
|raw|elite four jesus's rating: 1090 &rarr; <strong>1120</strong><br />(+30 for winning)
|raw|Oona the Fae Queen's rating: 1139 &rarr; <strong>1110</strong><br />(-29 for losing)
|l|☆elite four jesus
|player|p1|
