|j|☆SpinoRaptor2023
|j|☆PV_09
|t:|1760733328
|gametype|singles
|player|p1|SpinoRaptor2023|170|1382
|player|p2|PV_09|hexmaniac-gen3jp|1423
|gen|9
|tier|[Gen 9] OU
|rated|
|rule|HP Percentage Mod: HP is shown in percentages
|rule|Endless Battle Clause: Forcing endless battles is banned
|rule|Species Clause: Limit one of each Pokémon
|rule|OHKO Clause: OHKO moves are banned
|rule|Evasion Items Clause: Evasion items are banned
|rule|Evasion Moves Clause: Evasion moves are banned
|rule|Evasion Abilities Clause: Evasion abilities are banned
|rule|Sleep Moves Clause: Sleep-inducing moves are banned
|clearpoke
|poke|p1|Araquanid, F|
|poke|p1|Ogerpon-Wellspring, F|
|poke|p1|Gholdengo|
|poke|p1|Great Tusk|
|poke|p1|Kingambit, F|
|poke|p1|Iron Valiant|
|poke|p2|Hatterene, F|
|poke|p2|Bronzong|
|poke|p2|Slowking-Galar, F|
|poke|p2|Iron Hands|
|poke|p2|Gholdengo|
|poke|p2|Ursaluna, M|
|teampreview
|inactive|Battle timer is ON: inactive players will automatically lose when time's up. (requested by SpinoRaptor2023)
|j| Amphi N enjoyer
|inactive|PV_09 has 120 seconds left.
|inactive|SpinoRaptor2023 has 120 seconds left.
|
|t:|1760733408
|teamsize|p1|6
|teamsize|p2|6
|start
|switch|p1a: Gholdengo|Gholdengo|100/100
|switch|p2a: tesla-gnarly|Iron Hands|100/100
|turn|1
|
|t:|1760733416
|move|p1a: Gholdengo|Nasty Plot|p1a: Gholdengo
|-boost|p1a: Gholdengo|spa|2
|move|p2a: tesla-gnarly|Earthquake|p1a: Gholdengo
|-supereffective|p1a: Gholdengo
|-damage|p1a: Gholdengo|0 fnt
|faint|p1a: Gholdengo
|
|upkeep
|
|t:|1760733423
|switch|p1a: Ogerpon|Ogerpon-Wellspring, F|100/100
|turn|2
|
|t:|1760733432
|-end|p2a: tesla-gnarly|Quark Drive|[silent]
|switch|p2a: *NSYNC|Bronzong|100/100
|move|p1a: Ogerpon|Swords Dance|p1a: Ogerpon
|-boost|p1a: Ogerpon|atk|2
|
|upkeep
|turn|3
|inactive|SpinoRaptor2023 has 120 seconds left.
|
|t:|1760733464
|-terastallize|p1a: Ogerpon|Water
|detailschange|p1a: Ogerpon|Ogerpon-Wellspring-Tera, F, tera:Water
|-ability|p1a: Ogerpon|Embody Aspect (Wellspring)|boost
|-boost|p1a: Ogerpon|spd|1
|move|p1a: Ogerpon|Ivy Cudgel|p2a: *NSYNC|[anim] Ivy Cudgel Water
|-damage|p2a: *NSYNC|0 fnt
|faint|p2a: *NSYNC
|
|upkeep
|inactive|PV_09 has 120 seconds left.
|
|t:|1760733501
|switch|p2a: raingurl|Gholdengo|100/100
|turn|4
|inactive|PV_09 has 120 seconds left.
|
|t:|1760733509
|-terastallize|p2a: raingurl|Water
|move|p1a: Ogerpon|Ivy Cudgel|p2a: raingurl|[anim] Ivy Cudgel Water
|-resisted|p2a: raingurl
|-damage|p2a: raingurl|23/100
|move|p2a: raingurl|Shadow Ball|p1a: Ogerpon
|-damage|p1a: Ogerpon|51/100
|
|upkeep
|turn|5
|
|t:|1760733518
|move|p1a: Ogerpon|Ivy Cudgel|p2a: raingurl|[anim] Ivy Cudgel Water
|-resisted|p2a: raingurl
|-damage|p2a: raingurl|0 fnt
|faint|p2a: raingurl
|
|upkeep
|
|t:|1760733520
|switch|p2a: tesla-gnarly|Iron Hands|100/100
|turn|6
|
|t:|1760733525
|move|p1a: Ogerpon|Play Rough|p2a: tesla-gnarly|[miss]
|-miss|p1a: Ogerpon|p2a: tesla-gnarly
|move|p2a: tesla-gnarly|Wild Charge|p1a: Ogerpon
|-supereffective|p1a: Ogerpon
|-damage|p1a: Ogerpon|0 fnt
|faint|p1a: Ogerpon
|detailschange|p1: Ogerpon|Ogerpon-Wellspring, F|[silent]
|-damage|p2a: tesla-gnarly|93/100|[from] Recoil
|
|upkeep
|
|t:|1760733530
|switch|p1a: Iron Valiant|Iron Valiant|100/100
|-enditem|p1a: Iron Valiant|Booster Energy
|-activate|p1a: Iron Valiant|ability: Quark Drive|[fromitem]
|-start|p1a: Iron Valiant|quarkdrivespa
|turn|7
|
|t:|1760733538
|-end|p2a: tesla-gnarly|Quark Drive|[silent]
|switch|p2a: slowqueen|Slowking-Galar, F|100/100
|move|p1a: Iron Valiant|Calm Mind|p1a: Iron Valiant
|-boost|p1a: Iron Valiant|spa|1
|-boost|p1a: Iron Valiant|spd|1
|
|upkeep
|turn|8
|
|t:|1760733543
|move|p1a: Iron Valiant|Thunderbolt|p2a: slowqueen
|-damage|p2a: slowqueen|50/100
|move|p2a: slowqueen|Trick Room|p2a: slowqueen
|-fieldstart|move: Trick Room|[of] p2a: slowqueen
|
|upkeep
|turn|9
|
|t:|1760733552
|switch|p2a: nice & slow|Ursaluna, M|100/100
|move|p1a: Iron Valiant|Thunderbolt|p2a: nice & slow
|-immune|p2a: nice & slow
|
|-status|p2a: nice & slow|brn|[from] item: Flame Orb
|upkeep
|turn|10
|
|t:|1760733562
|move|p1a: Iron Valiant|Vacuum Wave|p2a: nice & slow
|-supereffective|p2a: nice & slow
|-damage|p2a: nice & slow|31/100 brn
|move|p2a: nice & slow|Facade|p1a: Iron Valiant
|-damage|p1a: Iron Valiant|0 fnt
|faint|p1a: Iron Valiant
|-end|p1a: Iron Valiant|Quark Drive|[silent]
|
|-damage|p2a: nice & slow|25/100 brn|[from] brn
|upkeep
|
|t:|1760733571
|switch|p1a: Araquanid|Araquanid, F|100/100
|turn|11
|
|t:|1760733576
|move|p1a: Araquanid|Endure|p1a: Araquanid
|-singleturn|p1a: Araquanid|move: Endure
|move|p2a: nice & slow|Facade|p1a: Araquanid
|-activate|p1a: Araquanid|move: Endure
|-damage|p1a: Araquanid|1/100
|
|-damage|p2a: nice & slow|19/100 brn|[from] brn
|upkeep
|turn|12
|-enditem|p1a: Araquanid|Custap Berry|[eat]
|-activate|p1a: Araquanid|item: Custap Berry|[consumed]
|
|t:|1760733592
|switch|p2a: slowqueen|Slowking-Galar, F|83/100
|move|p1a: Araquanid|Surf|p2a: slowqueen
|-damage|p2a: slowqueen|56/100
|
|-fieldend|move: Trick Room
|upkeep
|turn|13
|
|t:|1760733602
|move|p1a: Araquanid|Lunge|p2a: slowqueen
|-damage|p2a: slowqueen|37/100
|-unboost|p2a: slowqueen|atk|1
|move|p2a: slowqueen|Trick Room|p2a: slowqueen
|-fieldstart|move: Trick Room|[of] p2a: slowqueen
|
|upkeep
|turn|14
|
|t:|1760733613
|move|p2a: slowqueen|Future Sight|p1a: Araquanid
|-start|p2a: slowqueen|move: Future Sight
|move|p1a: Araquanid|Lunge|p2a: slowqueen
|-damage|p2a: slowqueen|16/100
|-unboost|p2a: slowqueen|atk|1
|
|upkeep
|turn|15
|
|t:|1760733618
|move|p2a: slowqueen|Sludge Bomb|p1a: Araquanid
|-damage|p1a: Araquanid|0 fnt
|faint|p1a: Araquanid
|
|upkeep
|
|t:|1760733621
|switch|p1a: Kingambit|Kingambit, F|100/100
|-activate|p1a: Kingambit|ability: Supreme Overlord
|-start|p1a: Kingambit|fallen4|[silent]
|turn|16
|
|t:|1760733634
|switch|p2a: nice & slow|Ursaluna, M|19/100 brn
|move|p1a: Kingambit|Low Kick|p2a: nice & slow
|-supereffective|p2a: nice & slow
|-damage|p2a: nice & slow|0 fnt
|faint|p2a: nice & slow
|
|-end|p1a: Kingambit|move: Future Sight
|-immune|p1a: Kingambit
|upkeep
|
|t:|1760733639
|switch|p2a: tesla-gnarly|Iron Hands|93/100
|turn|17
|
|t:|1760733644
|-end|p1a: Kingambit|fallen4|[silent]
|switch|p1a: Great Tusk|Great Tusk|100/100
|-enditem|p1a: Great Tusk|Booster Energy
|-activate|p1a: Great Tusk|ability: Protosynthesis|[fromitem]
|-start|p1a: Great Tusk|protosynthesisatk
|move|p2a: tesla-gnarly|Close Combat|p1a: Great Tusk
|-damage|p1a: Great Tusk|26/100
|-unboost|p2a: tesla-gnarly|def|1
|-unboost|p2a: tesla-gnarly|spd|1
|
|-fieldend|move: Trick Room
|upkeep
|turn|18
|
|t:|1760733658
|-end|p2a: tesla-gnarly|Quark Drive|[silent]
|switch|p2a: slowqueen|Slowking-Galar, F|50/100
|move|p1a: Great Tusk|Headlong Rush|p2a: slowqueen
|-supereffective|p2a: slowqueen
|-damage|p2a: slowqueen|0 fnt
|-unboost|p1a: Great Tusk|def|1
|-unboost|p1a: Great Tusk|spd|1
|faint|p2a: slowqueen
|
|upkeep
|inactive|PV_09 has 120 seconds left.
|
|t:|1760733692
|switch|p2a: espresso|Hatterene, F|100/100
|turn|19
|
|t:|1760733696
|move|p1a: Great Tusk|Headlong Rush|p2a: espresso
|-damage|p2a: espresso|31/100
|-unboost|p1a: Great Tusk|def|1
|-unboost|p1a: Great Tusk|spd|1
|move|p2a: espresso|Trick Room|p2a: espresso
|-fieldstart|move: Trick Room|[of] p2a: espresso
|
|-heal|p2a: espresso|37/100|[from] item: Leftovers
|upkeep
|turn|20
|
|t:|1760733705
|move|p2a: espresso|Psychic|p1a: Great Tusk
|-supereffective|p1a: Great Tusk
|-damage|p1a: Great Tusk|0 fnt
|faint|p1a: Great Tusk
|-end|p1a: Great Tusk|Protosynthesis|[silent]
|
|-heal|p2a: espresso|43/100|[from] item: Leftovers
|upkeep
|
|t:|1760733708
|switch|p1a: Kingambit|Kingambit, F|100/100
|-activate|p1a: Kingambit|ability: Supreme Overlord
|-start|p1a: Kingambit|fallen5|[silent]
|turn|21
|
|t:|1760733712
|move|p2a: espresso|Healing Wish|p2a: espresso
|faint|p2a: espresso
|move|p1a: Kingambit|Swords Dance|p1a: Kingambit
|-boost|p1a: Kingambit|atk|2
|
|upkeep
|
|t:|1760733716
|switch|p2a: tesla-gnarly|Iron Hands|93/100
|-heal|p2a: tesla-gnarly|100/100|[from] move: Healing Wish
|turn|22
|c|☆SpinoRaptor2023|gg
|
|t:|1760733730
|move|p2a: tesla-gnarly|Close Combat|p1a: Kingambit
|-supereffective|p1a: Kingambit
|-damage|p1a: Kingambit|0 fnt
|-unboost|p2a: tesla-gnarly|def|1
|-unboost|p2a: tesla-gnarly|spd|1
|faint|p1a: Kingambit
|-end|p1a: Kingambit|fallen5|[silent]
|
|win|PV_09
|raw|SpinoRaptor2023's rating: 1382 &rarr; <strong>1364</strong><br />(-18 for losing)
|raw|PV_09's rating: 1423 &rarr; <strong>1441</strong><br />(+18 for winning)
|l|☆SpinoRaptor2023
|player|p1|
