|j|☆Playm4ker52
|j|☆XxH0meland3r420xX
|t:|1760832171
|gametype|singles
|player|p1|Playm4ker52|lucas|1403
|player|p2|XxH0meland3r420xX|palmer|1399
|gen|9
|tier|[Gen 9] OU
|rated|
|rule|HP Percentage Mod: HP is shown in percentages
|rule|Endless Battle Clause: Forcing endless battles is banned
|rule|Species Clause: Limit one of each Pokémon
|rule|OHKO Clause: OHKO moves are banned
|rule|Evasion Items Clause: Evasion items are banned
|rule|Evasion Moves Clause: Evasion moves are banned
|rule|Evasion Abilities Clause: Evasion abilities are banned
|rule|Sleep Moves Clause: Sleep-inducing moves are banned
|clearpoke
|poke|p1|Primarina, F|
|poke|p1|Kyurem|
|poke|p1|Corviknight, F|
|poke|p1|Iron Valiant|
|poke|p1|Gengar, F|
|poke|p1|Latios, M|
|poke|p2|Araquanid, F|
|poke|p2|Scrafty, F|
|poke|p2|Kyurem|
|poke|p2|Gholdengo|
|poke|p2|Great Tusk|
|poke|p2|Iron Moth|
|teampreview
|inactive|Battle timer is ON: inactive players will automatically lose when time's up. (requested by Playm4ker52)
|
|t:|1760832186
|teamsize|p1|6
|teamsize|p2|6
|start
|switch|p1a: Latios|Latios, M|100/100
|switch|p2a: Araquanid|Araquanid, F|100/100
|turn|1
|inactive|Playm4ker52 has 120 seconds left.
|
|t:|1760832232
|-terastallize|p1a: Latios|Dragon
|move|p1a: Latios|Draco Meteor|p2a: Araquanid
|-damage|p2a: Araquanid|0 fnt
|-unboost|p1a: Latios|spa|2
|faint|p2a: Araquanid
|
|upkeep
|inactive|XxH0meland3r420xX has 120 seconds left.
|
|t:|1760832290
|switch|p2a: Scrafty|Scrafty, F|100/100
|turn|2
|
|t:|1760832299
|switch|p1a: Corviknight|Corviknight, F|100/100
|-ability|p1a: Corviknight|Pressure
|move|p2a: Scrafty|Dragon Dance|p2a: Scrafty
|-boost|p2a: Scrafty|atk|1
|-boost|p2a: Scrafty|spe|1
|
|upkeep
|turn|3
|
|t:|1760832315
|move|p2a: Scrafty|Knock Off|p1a: Corviknight
|-damage|p1a: Corviknight|63/100
|-damage|p2a: Scrafty|84/100|[from] item: Rocky Helmet|[of] p1a: Corviknight
|-enditem|p1a: Corviknight|Rocky Helmet|[from] move: Knock Off|[of] p2a: Scrafty
|move|p1a: Corviknight|Body Press|p2a: Scrafty
|-supereffective|p2a: Scrafty
|-damage|p2a: Scrafty|21/100
|
|-heal|p2a: Scrafty|27/100|[from] item: Leftovers
|upkeep
|turn|4
|inactive|Playm4ker52 has 120 seconds left.
|inactive|XxH0meland3r420xX has 90 seconds left.
|
|t:|1760832348
|move|p2a: Scrafty|Close Combat|p1a: Corviknight
|-damage|p1a: Corviknight|23/100
|-unboost|p2a: Scrafty|def|1
|-unboost|p2a: Scrafty|spd|1
|move|p1a: Corviknight|U-turn|p2a: Scrafty
|-damage|p2a: Scrafty|4/100
|inactive|Playm4ker52 has 120 seconds left.
|
|t:|1760832358
|switch|p1a: Gengar|Gengar, F|100/100|[from] U-turn
|
|-heal|p2a: Scrafty|10/100|[from] item: Leftovers
|upkeep
|turn|5
|inactive|Playm4ker52 has 120 seconds left.
|
|t:|1760832372
|move|p1a: Gengar|Shadow Ball|p2a: Scrafty
|-resisted|p2a: Scrafty
|-damage|p2a: Scrafty|0 fnt
|faint|p2a: Scrafty
|
|upkeep
|inactive|XxH0meland3r420xX has 60 seconds left.
|
|t:|1760832425
|switch|p2a: Kyurem|Kyurem|100/100
|-ability|p2a: Kyurem|Pressure
|turn|6
|
|t:|1760832433
|move|p1a: Gengar|Shadow Ball|p2a: Kyurem
|-damage|p2a: Kyurem|55/100
|move|p2a: Kyurem|Ice Beam|p1a: Gengar
|-crit|p1a: Gengar
|-damage|p1a: Gengar|0 fnt
|faint|p1a: Gengar
|
|upkeep
|
|t:|1760832442
|switch|p1a: Latios|Latios, M, tera:Dragon|100/100
|turn|7
|inactive|XxH0meland3r420xX has 30 seconds left.
|inactive|XxH0meland3r420xX has 20 seconds left.
|
|t:|1760832483
|switch|p2a: Gholdengo|Gholdengo|100/100
|-item|p2a: Gholdengo|Air Balloon
|move|p1a: Latios|Luster Purge|p2a: Gholdengo
|-resisted|p2a: Gholdengo
|-damage|p2a: Gholdengo|55/100
|-unboost|p2a: Gholdengo|spd|1
|-enditem|p2a: Gholdengo|Air Balloon
|
|upkeep
|turn|8
|inactive|XxH0meland3r420xX has 30 seconds left this turn.
|inactive|XxH0meland3r420xX has 20 seconds left.
|
|t:|1760832494
|move|p1a: Latios|Luster Purge|p2a: Gholdengo
|-resisted|p2a: Gholdengo
|-damage|p2a: Gholdengo|0 fnt
|faint|p2a: Gholdengo
|
|upkeep
|inactive|XxH0meland3r420xX has 25 seconds left this turn.
|inactive|XxH0meland3r420xX has 20 seconds left.
|inactive|XxH0meland3r420xX has 15 seconds left.
|
|t:|1760832505
|switch|p2a: Iron Moth|Iron Moth|100/100
|-enditem|p2a: Iron Moth|Booster Energy
|-activate|p2a: Iron Moth|ability: Quark Drive|[fromitem]
|-start|p2a: Iron Moth|quarkdrivespa
|turn|9
|inactive|XxH0meland3r420xX has 25 seconds left this turn.
|inactive|XxH0meland3r420xX has 20 seconds left.
|
|t:|1760832514
|-terastallize|p2a: Iron Moth|Grass
|move|p1a: Latios|Luster Purge|p2a: Iron Moth
|-damage|p2a: Iron Moth|16/100
|move|p2a: Iron Moth|Sludge Wave|p1a: Latios
|-damage|p1a: Latios|29/100
|
|upkeep
|turn|10
|inactive|XxH0meland3r420xX has 30 seconds left this turn.
|
|t:|1760832521
|move|p2a: Iron Moth|Sludge Wave|p1a: Latios
|-damage|p1a: Latios|0 fnt
|faint|p1a: Latios
|
|upkeep
|
|t:|1760832527
|switch|p1a: Iron Valiant|Iron Valiant|100/100
|-enditem|p1a: Iron Valiant|Booster Energy
|-activate|p1a: Iron Valiant|ability: Quark Drive|[fromitem]
|-start|p1a: Iron Valiant|quarkdrivespe
|turn|11
|-message|XxH0meland3r420xX forfeited.
|
|win|Playm4ker52
|raw|Playm4ker52's rating: 1403 &rarr; <strong>1423</strong><br />(+20 for winning)
|raw|XxH0meland3r420xX's rating: 1399 &rarr; <strong>1379</strong><br />(-20 for losing)
|l|☆XxH0meland3r420xX
|player|p2|
|l|☆Playm4ker52
|player|p1|
|j|☆Playm4ker52
|player|p1|Playm4ker52|lucas|
