|j|☆gialoc306
|j|☆Spartan929
|t:|1760772359
|gametype|singles
|player|p1|gialoc306|266|1070
|player|p2|Spartan929|hilbert|1119
|gen|9
|tier|[Gen 9] OU
|rated|
|rule|HP Percentage Mod: HP is shown in percentages
|rule|Endless Battle Clause: Forcing endless battles is banned
|rule|Species Clause: Limit one of each Pokémon
|rule|OHKO Clause: OHKO moves are banned
|rule|Evasion Items Clause: Evasion items are banned
|rule|Evasion Moves Clause: Evasion moves are banned
|rule|Evasion Abilities Clause: Evasion abilities are banned
|rule|Sleep Moves Clause: Sleep-inducing moves are banned
|clearpoke
|poke|p1|Garganacl, M|
|poke|p1|Hippowdon, M|
|poke|p1|Hydrapple, M|
|poke|p1|Slowking-Galar, M|
|poke|p1|Samurott-Hisui, M|
|poke|p1|Excadrill, M|
|poke|p2|Araquanid, M|
|poke|p2|Ceruledge, M|
|poke|p2|Hawlucha, M|
|poke|p2|Jolteon, M|
|poke|p2|Cryogonal|
|poke|p2|Flygon, M|
|teampreview
|
|t:|1760772384
|teamsize|p1|6
|teamsize|p2|6
|start
|switch|p1a: Samurott|Samurott-Hisui, M, shiny|100/100
|switch|p2a: Bubbelz|Araquanid, M|100/100
|turn|1
|
|t:|1760772389
|move|p1a: Samurott|Ceaseless Edge|p2a: Bubbelz
|-damage|p2a: Bubbelz|49/100
|-sidestart|p2: Spartan929|Spikes
|move|p2a: Bubbelz|Sticky Web|p1a: Samurott
|-sidestart|p1: gialoc306|move: Sticky Web
|
|-heal|p2a: Bubbelz|55/100|[from] item: Leftovers
|upkeep
|turn|2
|
|t:|1760772399
|move|p1a: Samurott|Ceaseless Edge|p2a: Bubbelz
|-damage|p2a: Bubbelz|5/100
|-sidestart|p2: Spartan929|Spikes
|move|p2a: Bubbelz|Leech Life|p1a: Samurott
|-supereffective|p1a: Samurott
|-damage|p1a: Samurott|29/100
|-heal|p2a: Bubbelz|39/100|[from] drain|[of] p1a: Samurott
|
|-heal|p2a: Bubbelz|45/100|[from] item: Leftovers
|upkeep
|turn|3
|
|t:|1760772408
|switch|p2a: Tacoboi|Hawlucha, M|100/100
|move|p1a: Samurott|Ceaseless Edge|p2a: Tacoboi
|-resisted|p2a: Tacoboi
|-damage|p2a: Tacoboi|64/100
|-sidestart|p2: Spartan929|Spikes
|
|upkeep
|turn|4
|
|t:|1760772421
|move|p1a: Samurott|Sucker Punch|p2a: Tacoboi
|-resisted|p2a: Tacoboi
|-damage|p2a: Tacoboi|37/100
|-enditem|p2a: Tacoboi|Sitrus Berry|[eat]
|-heal|p2a: Tacoboi|61/100|[from] item: Sitrus Berry
|move|p2a: Tacoboi|Drain Punch|p1a: Samurott
|-supereffective|p1a: Samurott
|-damage|p1a: Samurott|0 fnt
|-heal|p2a: Tacoboi|77/100|[from] drain|[of] p1a: Samurott
|faint|p1a: Samurott
|
|upkeep
|
|t:|1760772446
|switch|p1a: Hydrapple|Hydrapple, M, shiny|100/100
|turn|5
|
|t:|1760772456
|move|p2a: Tacoboi|Swords Dance|p2a: Tacoboi
|-boost|p2a: Tacoboi|atk|2
|move|p1a: Hydrapple|Giga Drain|p2a: Tacoboi
|-resisted|p2a: Tacoboi
|-damage|p2a: Tacoboi|42/100
|
|upkeep
|turn|6
|
|t:|1760772468
|-terastallize|p1a: Hydrapple|Fairy
|move|p2a: Tacoboi|Acrobatics|p1a: Hydrapple
|-damage|p1a: Hydrapple|21/100
|move|p1a: Hydrapple|Fickle Beam|p2a: Tacoboi
|-damage|p2a: Tacoboi|0 fnt
|faint|p2a: Tacoboi
|
|upkeep
|
|t:|1760772481
|switch|p2a: Texas|Flygon, M|100/100
|turn|7
|
|t:|1760772491
|switch|p1a: Excadrill|Excadrill, M, shiny|100/100
|move|p2a: Texas|Earthquake|p1a: Excadrill
|-supereffective|p1a: Excadrill
|-damage|p1a: Excadrill|0 fnt
|faint|p1a: Excadrill
|-damage|p2a: Texas|91/100|[from] item: Life Orb
|
|upkeep
|
|t:|1760772512
|switch|p1a: Garganacl|Garganacl, M, shiny|100/100
|-activate|p1a: Garganacl|move: Sticky Web
|-unboost|p1a: Garganacl|spe|1
|turn|8
|
|t:|1760772517
|switch|p2a: Bubbelz|Araquanid, M|45/100
|-damage|p2a: Bubbelz|20/100|[from] Spikes
|move|p1a: Garganacl|Ice Punch|p2a: Bubbelz
|-resisted|p2a: Bubbelz
|-damage|p2a: Bubbelz|12/100
|
|-heal|p2a: Bubbelz|18/100|[from] item: Leftovers
|upkeep
|turn|9
|
|t:|1760772540
|switch|p1a: Slowking|Slowking-Galar, M, shiny|100/100
|-activate|p1a: Slowking|move: Sticky Web
|-unboost|p1a: Slowking|spe|1
|move|p2a: Bubbelz|Liquidation|p1a: Slowking
|-damage|p1a: Slowking|51/100
|
|-heal|p2a: Bubbelz|24/100|[from] item: Leftovers
|upkeep
|turn|10
|
|t:|1760772547
|move|p2a: Bubbelz|Liquidation|p1a: Slowking
|-damage|p1a: Slowking|2/100
|move|p1a: Slowking|Sludge Bomb|p2a: Bubbelz
|-damage|p2a: Bubbelz|0 fnt
|faint|p2a: Bubbelz
|
|upkeep
|
|t:|1760772560
|switch|p2a: Executioner|Jolteon, M|100/100
|-damage|p2a: Executioner|76/100|[from] Spikes
|turn|11
|
|t:|1760772565
|switch|p1a: Hippowdon|Hippowdon, M, shiny|100/100
|-activate|p1a: Hippowdon|move: Sticky Web
|-unboost|p1a: Hippowdon|spe|1
|-weather|Sandstorm|[from] ability: Sand Stream|[of] p1a: Hippowdon
|move|p2a: Executioner|Calm Mind|p2a: Executioner
|-boost|p2a: Executioner|spa|1
|-boost|p2a: Executioner|spd|1
|
|-weather|Sandstorm|[upkeep]
|-damage|p2a: Executioner|70/100|[from] Sandstorm
|-status|p2a: Executioner|brn|[from] item: Flame Orb
|upkeep
|turn|12
|
|t:|1760772578
|move|p2a: Executioner|Shadow Ball|p1a: Hippowdon
|-damage|p1a: Hippowdon|64/100
|-unboost|p1a: Hippowdon|spd|1
|move|p1a: Hippowdon|Scorching Sands|p2a: Executioner
|-supereffective|p2a: Executioner
|-damage|p2a: Executioner|38/100 brn
|
|-weather|Sandstorm|[upkeep]
|-damage|p2a: Executioner|32/100 brn|[from] Sandstorm
|-damage|p2a: Executioner|26/100 brn|[from] brn
|upkeep
|turn|13
|
|t:|1760772593
|move|p2a: Executioner|Shadow Ball|p1a: Hippowdon
|-damage|p1a: Hippowdon|7/100
|move|p1a: Hippowdon|Slack Off|p1a: Hippowdon
|-heal|p1a: Hippowdon|57/100
|
|-weather|Sandstorm|[upkeep]
|-damage|p2a: Executioner|20/100 brn|[from] Sandstorm
|-damage|p2a: Executioner|15/100 brn|[from] brn
|upkeep
|turn|14
|
|t:|1760772600
|move|p2a: Executioner|Mud-Slap|p1a: Hippowdon
|-damage|p1a: Hippowdon|43/100
|-unboost|p1a: Hippowdon|accuracy|1
|move|p1a: Hippowdon|Slack Off|p1a: Hippowdon
|-heal|p1a: Hippowdon|93/100
|
|-weather|Sandstorm|[upkeep]
|-damage|p2a: Executioner|9/100 brn|[from] Sandstorm
|-damage|p2a: Executioner|3/100 brn|[from] brn
|upkeep
|turn|15
|
|t:|1760772612
|move|p2a: Executioner|Shadow Ball|p1a: Hippowdon
|-damage|p1a: Hippowdon|31/100
|move|p1a: Hippowdon|Stealth Rock|p2a: Executioner
|-sidestart|p2: Spartan929|move: Stealth Rock
|
|-weather|none
|-damage|p2a: Executioner|0 fnt|[from] brn
|faint|p2a: Executioner
|upkeep
|
|t:|1760772621
|switch|p2a: Subzero|Cryogonal, shiny|100/100
|-damage|p2a: Subzero|76/100|[from] Stealth Rock
|turn|16
|
|t:|1760772629
|switch|p1a: Slowking|Slowking-Galar, M, shiny|35/100
|-activate|p1a: Slowking|move: Sticky Web
|-unboost|p1a: Slowking|spe|1
|move|p2a: Subzero|Freeze-Dry|p1a: Slowking
|-damage|p1a: Slowking|11/100
|
|upkeep
|turn|17
|
|t:|1760772639
|move|p2a: Subzero|Freeze-Dry|p1a: Slowking
|-damage|p1a: Slowking|0 fnt
|faint|p1a: Slowking
|
|upkeep
|
|t:|1760772644
|switch|p1a: Garganacl|Garganacl, M, shiny|100/100
|-activate|p1a: Garganacl|move: Sticky Web
|-unboost|p1a: Garganacl|spe|1
|turn|18
|
|t:|1760772650
|switch|p2a: Arbiter|Ceruledge, M|100/100
|-damage|p2a: Arbiter|76/100|[from] Spikes
|-damage|p2a: Arbiter|51/100|[from] Stealth Rock
|move|p1a: Garganacl|Salt Cure|p2a: Arbiter
|-supereffective|p2a: Arbiter
|-damage|p2a: Arbiter|11/100
|-start|p2a: Arbiter|Salt Cure
|-ability|p2a: Arbiter|Weak Armor|boost
|-unboost|p2a: Arbiter|def|1
|-boost|p2a: Arbiter|spe|2
|
|-damage|p2a: Arbiter|0 fnt|[from] Salt Cure
|faint|p2a: Arbiter
|upkeep
|
|t:|1760772661
|switch|p2a: Texas|Flygon, M|91/100
|-damage|p2a: Texas|85/100|[from] Stealth Rock
|turn|19
|
|t:|1760772667
|move|p2a: Texas|Earthquake|p1a: Garganacl
|-supereffective|p1a: Garganacl
|-damage|p1a: Garganacl|29/100
|-damage|p2a: Texas|75/100|[from] item: Life Orb
|move|p1a: Garganacl|Ice Punch|p2a: Texas
|-supereffective|p2a: Texas
|-damage|p2a: Texas|0 fnt
|faint|p2a: Texas
|
|-heal|p1a: Garganacl|35/100|[from] item: Leftovers
|upkeep
|
|t:|1760772671
|switch|p2a: Subzero|Cryogonal, shiny|76/100
|-damage|p2a: Subzero|51/100|[from] Stealth Rock
|turn|20
|
|t:|1760772678
|move|p2a: Subzero|Flash Cannon|p1a: Garganacl
|-supereffective|p1a: Garganacl
|-damage|p1a: Garganacl|0 fnt
|faint|p1a: Garganacl
|
|upkeep
|
|t:|1760772694
|switch|p1a: Hydrapple|Hydrapple, M, shiny, tera:Fairy|54/100
|turn|21
|
|t:|1760772698
|switch|p1a: Hippowdon|Hippowdon, M, shiny|31/100
|-activate|p1a: Hippowdon|move: Sticky Web
|-unboost|p1a: Hippowdon|spe|1
|-weather|Sandstorm|[from] ability: Sand Stream|[of] p1a: Hippowdon
|move|p2a: Subzero|Flash Cannon|p1a: Hippowdon
|-damage|p1a: Hippowdon|0 fnt
|faint|p1a: Hippowdon
|
|-weather|Sandstorm|[upkeep]
|-damage|p2a: Subzero|45/100|[from] Sandstorm
|upkeep
|
|t:|1760772701
|switch|p1a: Hydrapple|Hydrapple, M, shiny, tera:Fairy|87/100
|turn|22
|
|t:|1760772716
|move|p2a: Subzero|Flash Cannon|p1a: Hydrapple
|-supereffective|p1a: Hydrapple
|-damage|p1a: Hydrapple|18/100
|move|p1a: Hydrapple|Giga Drain|p2a: Subzero
|-damage|p2a: Subzero|10/100
|-heal|p1a: Hydrapple|30/100|[from] drain|[of] p2a: Subzero
|
|-weather|Sandstorm|[upkeep]
|-damage|p2a: Subzero|4/100|[from] Sandstorm
|-damage|p1a: Hydrapple|24/100|[from] Sandstorm
|upkeep
|turn|23
|
|t:|1760772724
|move|p2a: Subzero|Flash Cannon|p1a: Hydrapple
|-supereffective|p1a: Hydrapple
|-damage|p1a: Hydrapple|0 fnt
|faint|p1a: Hydrapple
|
|win|Spartan929
|raw|gialoc306's rating: 1070 &rarr; <strong>1052</strong><br />(-18 for losing)
|raw|Spartan929's rating: 1119 &rarr; <strong>1140</strong><br />(+21 for winning)
|l|☆gialoc306
|player|p1|
|l|☆Spartan929
|player|p2|
