|j|☆mastermind_mohit
|j|☆ivanl2r2a
|t:|1760777829
|gametype|singles
|player|p1|mastermind_mohit|swimmerf-gen4dp|1076
|player|p2|ivanl2r2a|102|1083
|gen|9
|tier|[Gen 9] OU
|rated|
|rule|HP Percentage Mod: HP is shown in percentages
|rule|Endless Battle Clause: Forcing endless battles is banned
|rule|Species Clause: Limit one of each Pokémon
|rule|OHKO Clause: OHKO moves are banned
|rule|Evasion Items Clause: Evasion items are banned
|rule|Evasion Moves Clause: Evasion moves are banned
|rule|Evasion Abilities Clause: Evasion abilities are banned
|rule|Sleep Moves Clause: Sleep-inducing moves are banned
|clearpoke
|poke|p1|Necrozma|
|poke|p1|Kingambit, M|
|poke|p1|Honchkrow, M|
|poke|p1|Enamorus, F|
|poke|p1|Ogerpon, F|
|poke|p1|Regidrago|
|poke|p2|Swampert, M|
|poke|p2|Hariyama, M|
|poke|p2|Charizard, M|
|poke|p2|Ivysaur, M|
|poke|p2|Vikavolt, F|
|poke|p2|Avalugg-Hisui, F|
|teampreview
|inactive|Battle timer is ON: inactive players will automatically lose when time's up. (requested by mastermind_mohit)
|
|t:|1760777843
|teamsize|p1|6
|teamsize|p2|6
|start
|switch|p1a: Enamorus|Enamorus, F|100/100
|switch|p2a: Ivysaur|Ivysaur, M|100/100
|turn|1
|c|☆mastermind_mohit|Hello bro
|
|t:|1760777857
|move|p1a: Enamorus|Calm Mind|p1a: Enamorus
|-boost|p1a: Enamorus|spa|1
|-boost|p1a: Enamorus|spd|1
|move|p2a: Ivysaur|Double-Edge|p1a: Enamorus
|-damage|p1a: Enamorus|77/100
|-damage|p2a: Ivysaur|91/100|[from] Recoil
|
|upkeep
|turn|2
|
|t:|1760777867
|move|p1a: Enamorus|Calm Mind|p1a: Enamorus
|-boost|p1a: Enamorus|spa|1
|-boost|p1a: Enamorus|spd|1
|move|p2a: Ivysaur|Sludge Bomb|p1a: Enamorus
|-supereffective|p1a: Enamorus
|-damage|p1a: Enamorus|39/100
|
|upkeep
|turn|3
|
|t:|1760777875
|move|p1a: Enamorus|Moonblast|p2a: Ivysaur
|-resisted|p2a: Ivysaur
|-damage|p2a: Ivysaur|17/100
|move|p2a: Ivysaur|Sludge Bomb|p1a: Enamorus
|-supereffective|p1a: Enamorus
|-damage|p1a: Enamorus|3/100
|
|upkeep
|turn|4
|
|t:|1760777893
|switch|p2a: Charizard|Charizard, M|100/100
|move|p1a: Enamorus|Moonblast|p2a: Charizard
|-resisted|p2a: Charizard
|-damage|p2a: Charizard|36/100
|-unboost|p2a: Charizard|spa|1
|
|upkeep
|turn|5
|
|t:|1760777909
|move|p2a: Charizard|Flare Blitz|p1a: Enamorus
|-damage|p1a: Enamorus|0 fnt
|faint|p1a: Enamorus
|-damage|p2a: Charizard|35/100|[from] Recoil
|
|upkeep
|
|t:|1760777917
|switch|p1a: Kingambit|Kingambit, M|100/100
|turn|6
|
|t:|1760777924
|move|p2a: Charizard|Flare Blitz|p1a: Kingambit
|-supereffective|p1a: Kingambit
|-damage|p1a: Kingambit|46/100
|-damage|p2a: Charizard|13/100|[from] Recoil
|move|p1a: Kingambit|Iron Head|p2a: Charizard
|-resisted|p2a: Charizard
|-damage|p2a: Charizard|0 fnt
|faint|p2a: Charizard
|
|upkeep
|
|t:|1760777933
|switch|p2a: Hariyama|Hariyama, M|100/100
|turn|7
|
|t:|1760777938
|move|p2a: Hariyama|Close Combat|p1a: Kingambit
|-supereffective|p1a: Kingambit
|-damage|p1a: Kingambit|0 fnt
|-unboost|p2a: Hariyama|def|1
|-unboost|p2a: Hariyama|spd|1
|faint|p1a: Kingambit
|
|upkeep
|
|t:|1760777945
|switch|p1a: Honchkrow|Honchkrow, M|100/100
|turn|8
|
|t:|1760777954
|move|p1a: Honchkrow|Sucker Punch|p2a: Hariyama
|-resisted|p2a: Hariyama
|-damage|p2a: Hariyama|71/100
|-damage|p1a: Honchkrow|91/100|[from] item: Life Orb
|move|p2a: Hariyama|Close Combat|p1a: Honchkrow
|-damage|p1a: Honchkrow|35/100
|-unboost|p2a: Hariyama|def|1
|-unboost|p2a: Hariyama|spd|1
|
|upkeep
|turn|9
|
|t:|1760777965
|move|p1a: Honchkrow|Brave Bird|p2a: Hariyama
|-supereffective|p2a: Hariyama
|-damage|p2a: Hariyama|0 fnt
|faint|p2a: Hariyama
|-ability|p1a: Honchkrow|Moxie|boost
|-boost|p1a: Honchkrow|atk|1
|-damage|p1a: Honchkrow|8/100|[from] Recoil
|-damage|p1a: Honchkrow|0 fnt|[from] item: Life Orb
|faint|p1a: Honchkrow
|
|upkeep
|
|t:|1760777987
|switch|p1a: Regidrago|Regidrago|100/100
|switch|p2a: Avalugg|Avalugg-Hisui, F|100/100
|turn|10
|
|t:|1760777998
|move|p1a: Regidrago|Dragon Energy|p2a: Avalugg
|-damage|p2a: Avalugg|0 fnt
|faint|p2a: Avalugg
|
|upkeep
|
|t:|1760778008
|switch|p2a: Swampert|Swampert, M|100/100
|turn|11
|
|t:|1760778012
|move|p1a: Regidrago|Dragon Energy|p2a: Swampert
|-damage|p2a: Swampert|8/100
|move|p2a: Swampert|Blizzard|p1a: Regidrago|[miss]
|-miss|p2a: Swampert|p1a: Regidrago
|
|upkeep
|turn|12
|
|t:|1760778019
|move|p1a: Regidrago|Dragon Pulse|p2a: Swampert
|-damage|p2a: Swampert|0 fnt
|faint|p2a: Swampert
|
|upkeep
|
|t:|1760778023
|switch|p2a: Vikavolt|Vikavolt, F|100/100
|turn|13
|
|t:|1760778033
|-terastallize|p2a: Vikavolt|Bug
|move|p1a: Regidrago|Dragon Energy|p2a: Vikavolt
|-crit|p2a: Vikavolt
|-damage|p2a: Vikavolt|0 fnt
|faint|p2a: Vikavolt
|
|upkeep
|
|t:|1760778037
|switch|p2a: Ivysaur|Ivysaur, M|17/100
|turn|14
|
|t:|1760778043
|move|p1a: Regidrago|Explosion|p2a: Ivysaur
|-damage|p2a: Ivysaur|0 fnt
|faint|p1a: Regidrago
|faint|p2a: Ivysaur
|
|win|mastermind_mohit
|raw|mastermind_mohit's rating: 1076 &rarr; <strong>1105</strong><br />(+29 for winning)
|raw|ivanl2r2a's rating: 1083 &rarr; <strong>1060</strong><br />(-23 for losing)
|c|☆ivanl2r2a|with 1 pokemon gg
|c|☆mastermind_mohit|Gg bro
|c|☆mastermind_mohit|Ntmy
|c|☆mastermind_mohit|One more match...?
|c|☆ivanl2r2a|ok
|l|☆ivanl2r2a
|player|p2|
|c|☆mastermind_mohit|Okie
|l|☆mastermind_mohit
|player|p1|
