|j|☆Dyra09x
|j|☆Jinghan Yu
|t:|1760864766
|gametype|singles
|player|p1|Dyra09x|bugcatcher-gen4dp|1110
|player|p2|Jinghan Yu|nate|1076
|gen|9
|tier|[Gen 9] OU
|rated|
|rule|HP Percentage Mod: HP is shown in percentages
|rule|Endless Battle Clause: Forcing endless battles is banned
|rule|Species Clause: Limit one of each Pokémon
|rule|OHKO Clause: OHKO moves are banned
|rule|Evasion Items Clause: Evasion items are banned
|rule|Evasion Moves Clause: Evasion moves are banned
|rule|Evasion Abilities Clause: Evasion abilities are banned
|rule|Sleep Moves Clause: Sleep-inducing moves are banned
|clearpoke
|poke|p1|Noivern, M|
|poke|p1|Espeon, F|
|poke|p1|Glimmora, M|
|poke|p1|Honchkrow, F|
|poke|p1|Chandelure, M|
|poke|p1|Rotom|
|poke|p2|Blastoise, M|
|poke|p2|Tyranitar, M|
|poke|p2|Dragonite, M|
|poke|p2|Heracross, M|
|poke|p2|Emboar, M|
|poke|p2|Excadrill, M|
|teampreview
|
|t:|1760864772
|teamsize|p1|6
|teamsize|p2|6
|start
|switch|p1a: Rotom|Rotom|100/100
|switch|p2a: Constant|Heracross, M|100/100
|turn|1
|inactive|Battle timer is ON: inactive players will automatically lose when time's up. (requested by Dyra09x)
|
|t:|1760864780
|-terastallize|p1a: Rotom|Electric
|move|p1a: Rotom|Volt Switch|p2a: Constant
|-damage|p2a: Constant|35/100
|
|t:|1760864785
|switch|p1a: Glimmora|Glimmora, M|100/100|[from] Volt Switch
|move|p2a: Constant|Trailblaze|p1a: Glimmora
|-damage|p1a: Glimmora|78/100
|-boost|p2a: Constant|spe|1
|-activate|p1a: Glimmora|ability: Toxic Debris
|-sidestart|p2: Jinghan Yu|move: Toxic Spikes
|
|-status|p2a: Constant|brn|[from] item: Flame Orb
|upkeep
|turn|2
|
|t:|1760864790
|move|p2a: Constant|Close Combat|p1a: Glimmora
|-damage|p1a: Glimmora|0 fnt
|-unboost|p2a: Constant|def|1
|-unboost|p2a: Constant|spd|1
|-activate|p1a: Glimmora|ability: Toxic Debris
|-sidestart|p2: Jinghan Yu|move: Toxic Spikes
|faint|p1a: Glimmora
|
|-damage|p2a: Constant|29/100 brn|[from] brn
|upkeep
|
|t:|1760864794
|switch|p1a: Rotom|Rotom, tera:Electric|100/100
|turn|3
|
|t:|1760864798
|move|p2a: Constant|Close Combat|p1a: Rotom
|-damage|p1a: Rotom|0 fnt
|-unboost|p2a: Constant|def|1
|-unboost|p2a: Constant|spd|1
|faint|p1a: Rotom
|
|-damage|p2a: Constant|23/100 brn|[from] brn
|upkeep
|
|t:|1760864806
|switch|p1a: Honchkrow|Honchkrow, F|100/100
|turn|4
|
|t:|1760864809
|move|p1a: Honchkrow|Sucker Punch|p2a: Constant
|-resisted|p2a: Constant
|-damage|p2a: Constant|0 fnt
|faint|p2a: Constant
|-ability|p1a: Honchkrow|Moxie|boost
|-boost|p1a: Honchkrow|atk|1
|-damage|p1a: Honchkrow|91/100|[from] item: Life Orb
|
|upkeep
|
|t:|1760864813
|switch|p2a: Emmett|Excadrill, M|100/100
|-item|p2a: Emmett|Air Balloon
|turn|5
|
|t:|1760864818
|move|p2a: Emmett|Rapid Spin|p1a: Honchkrow
|-damage|p1a: Honchkrow|62/100
|-boost|p2a: Emmett|spe|1
|-sideend|p2: Jinghan Yu|Toxic Spikes|[from] move: Rapid Spin|[of] p2a: Emmett
|move|p1a: Honchkrow|Heat Wave|p2a: Emmett
|-supereffective|p2a: Emmett
|-damage|p2a: Emmett|17/100
|-status|p2a: Emmett|brn
|-enditem|p2a: Emmett|Air Balloon
|-damage|p1a: Honchkrow|52/100|[from] item: Life Orb
|
|-damage|p2a: Emmett|11/100 brn|[from] brn
|upkeep
|turn|6
|
|t:|1760864826
|move|p1a: Honchkrow|Sucker Punch|p2a: Emmett
|-damage|p2a: Emmett|0 fnt
|faint|p2a: Emmett
|-ability|p1a: Honchkrow|Moxie|boost
|-boost|p1a: Honchkrow|atk|1
|-damage|p1a: Honchkrow|42/100|[from] item: Life Orb
|
|upkeep
|
|t:|1760864836
|switch|p2a: Donovan|Dragonite, M, shiny|100/100
|turn|7
|
|t:|1760864841
|move|p1a: Honchkrow|Sucker Punch||[still]
|-fail|p1a: Honchkrow
|move|p2a: Donovan|Dragon Dance|p2a: Donovan
|-boost|p2a: Donovan|atk|1
|-boost|p2a: Donovan|spe|1
|
|upkeep
|turn|8
|
|t:|1760864847
|-terastallize|p2a: Donovan|Normal
|move|p2a: Donovan|Extreme Speed|p1a: Honchkrow
|-damage|p1a: Honchkrow|0 fnt
|faint|p1a: Honchkrow
|
|upkeep
|
|t:|1760864853
|switch|p1a: Noivern|Noivern, M|100/100
|turn|9
|
|t:|1760864856
|move|p2a: Donovan|Scale Shot|p1a: Noivern
|-supereffective|p1a: Noivern
|-damage|p1a: Noivern|52/100
|-supereffective|p1a: Noivern
|-damage|p1a: Noivern|1/100
|-supereffective|p1a: Noivern
|-damage|p1a: Noivern|0 fnt
|faint|p1a: Noivern
|-hitcount|p1: Noivern|3
|-unboost|p2a: Donovan|def|1
|-boost|p2a: Donovan|spe|1
|
|upkeep
|
|t:|1760864862
|switch|p1a: Chandelure|Chandelure, M|100/100
|turn|10
|
|t:|1760864871
|move|p2a: Donovan|Waterfall|p1a: Chandelure
|-supereffective|p1a: Chandelure
|-damage|p1a: Chandelure|0 fnt
|faint|p1a: Chandelure
|
|upkeep
|
|t:|1760864874
|switch|p1a: Espeon|Espeon, F|100/100
|turn|11
|
|t:|1760864879
|move|p2a: Donovan|Extreme Speed|p1a: Espeon
|-damage|p1a: Espeon|0 fnt
|faint|p1a: Espeon
|
|win|Jinghan Yu
|raw|Dyra09x's rating: 1110 &rarr; <strong>1083</strong><br />(-27 for losing)
|raw|Jinghan Yu's rating: 1076 &rarr; <strong>1107</strong><br />(+31 for winning)
|l|☆Dyra09x
|player|p1|
|l|☆Jinghan Yu
|player|p2|
