|j|☆maneki uwu
|j|☆AlbatorOne33
|t:|1760815063
|gametype|singles
|player|p1|maneki uwu|lillie-z|
|player|p2|AlbatorOne33|101|
|gen|9
|tier|[Gen 9] OU
|rule|HP Percentage Mod: HP is shown in percentages
|rule|Endless Battle Clause: Forcing endless battles is banned
|rule|Species Clause: Limit one of each Pokémon
|rule|OHKO Clause: OHKO moves are banned
|rule|Evasion Items Clause: Evasion items are banned
|rule|Evasion Moves Clause: Evasion moves are banned
|rule|Evasion Abilities Clause: Evasion abilities are banned
|rule|Sleep Moves Clause: Sleep-inducing moves are banned
|clearpoke
|poke|p1|Zamazenta-*|
|poke|p1|Moltres-Galar|
|poke|p1|Latias, F|
|poke|p1|Rotom-Wash|
|poke|p1|Scizor, M|
|poke|p1|Deoxys-Speed|
|poke|p2|Greninja-*, F|
|poke|p2|Garchomp, F|
|poke|p2|Cobalion|
|poke|p2|Thundurus, M|
|poke|p2|Glimmora, M|
|poke|p2|Latios, M|
|teampreview
|j| Rionecnirp
|c|☆maneki uwu|rio tu squatte ?
|j| lethsov
|
|t:|1760815451
|teamsize|p1|6
|teamsize|p2|6
|start
|switch|p1a: navion|Latias, F|100/100
|switch|p2a: Glimmora|Glimmora, M|100/100
|turn|1
|
|t:|1760815473
|move|p2a: Glimmora|Stealth Rock|p1a: navion
|-sidestart|p1: maneki uwu|move: Stealth Rock
|move|p1a: navion|Agility|p1a: navion
|-boost|p1a: navion|spe|2
|
|upkeep
|turn|2
|
|t:|1760815488
|move|p1a: navion|Stored Power|p2a: Glimmora
|-supereffective|p2a: Glimmora
|-damage|p2a: Glimmora|46/100
|move|p2a: Glimmora|Stealth Rock||[still]
|-fail|p2a: Glimmora
|
|upkeep
|turn|3
|
|t:|1760815527
|move|p1a: navion|Calm Mind|p1a: navion
|-boost|p1a: navion|spa|1
|-boost|p1a: navion|spd|1
|move|p2a: Glimmora|Mortal Spin|p1a: navion
|-damage|p1a: navion|95/100
|-status|p1a: navion|psn
|
|-damage|p1a: navion|83/100 psn|[from] psn
|upkeep
|turn|4
|c| Rionecnirp|Je regarde partout
|
|t:|1760815557
|switch|p2a: Greninja|Greninja, F|100/100
|move|p1a: navion|Calm Mind|p1a: navion
|-boost|p1a: navion|spa|1
|-boost|p1a: navion|spd|1
|
|-damage|p1a: navion|71/100 psn|[from] psn
|upkeep
|turn|5
|c|☆maneki uwu|hahaha
|
|t:|1760815573
|move|p1a: navion|Aura Sphere|p2a: Greninja
|-supereffective|p2a: Greninja
|-damage|p2a: Greninja|0 fnt
|faint|p2a: Greninja
|
|-damage|p1a: navion|58/100 psn|[from] psn
|upkeep
|
|t:|1760815585
|switch|p2a: Cobalion|Cobalion|100/100
|turn|6
|c|☆maneki uwu|okay okay faut pas paniquer
|
|t:|1760815611
|move|p1a: navion|Stored Power|p2a: Cobalion
|-damage|p2a: Cobalion|0 fnt
|faint|p2a: Cobalion
|
|-damage|p1a: navion|46/100 psn|[from] psn
|upkeep
|
|t:|1760815623
|switch|p2a: Glimmora|Glimmora, M|46/100
|turn|7
|c| Rionecnirp|bro clique le bouton et vois ce qu'il se passe :B
|
|t:|1760815630
|move|p1a: navion|Stored Power|p2a: Glimmora
|-supereffective|p2a: Glimmora
|-damage|p2a: Glimmora|0 fnt
|faint|p2a: Glimmora
|
|-damage|p1a: navion|33/100 psn|[from] psn
|upkeep
|c|☆maneki uwu|hahaha
|
|t:|1760815642
|switch|p2a: Thundurus|Thundurus, M|100/100
|turn|8
|c|☆maneki uwu|tu crois pas si bien dire
|
|t:|1760815655
|move|p1a: navion|Stored Power|p2a: Thundurus
|-damage|p2a: Thundurus|0 fnt
|faint|p2a: Thundurus
|
|-damage|p1a: navion|21/100 psn|[from] psn
|upkeep
|c| Rionecnirp|Vas-y Albator, tu peux encore le faire !
|
|t:|1760815661
|switch|p2a: Latios|Latios, M|100/100
|turn|9
|
|t:|1760815665
|move|p1a: navion|Stored Power|p2a: Latios
|-resisted|p2a: Latios
|-damage|p2a: Latios|50/100
|move|p2a: Latios|Draco Meteor|p1a: navion
|-supereffective|p1a: navion
|-damage|p1a: navion|0 fnt
|-unboost|p2a: Latios|spa|2
|faint|p1a: navion
|
|upkeep
|
|t:|1760815678
|switch|p1a: gottagofast|Deoxys-Speed|100/100
|-ability|p1a: gottagofast|Pressure
|turn|10
|
|t:|1760815685
|move|p1a: gottagofast|Knock Off|p2a: Latios
|-supereffective|p2a: Latios
|-damage|p2a: Latios|0 fnt
|-enditem|p2a: Latios|Choice Specs|[from] move: Knock Off|[of] p1a: gottagofast
|faint|p2a: Latios
|
|upkeep
|
|t:|1760815691
|switch|p2a: Garchomp|Garchomp, F|100/100
|turn|11
|
|t:|1760815717
|move|p1a: gottagofast|Ice Beam|p2a: Garchomp
|-supereffective|p2a: Garchomp
|-damage|p2a: Garchomp|0 fnt
|faint|p2a: Garchomp
|
|win|maneki uwu
|c|☆maneki uwu|gg
|c|☆AlbatorOne33|gg j'aurais pas du te laisser te placer
|c|☆maneki uwu|ouais c'est dommage
