|j|☆Nevitchen
|j|☆ThatFroot
|t:|1760888318
|gametype|singles
|player|p1|Nevitchen|102|1116
|player|p2|ThatFroot|red|1162
|gen|9
|tier|[Gen 9] OU
|rated|
|rule|HP Percentage Mod: HP is shown in percentages
|rule|Endless Battle Clause: Forcing endless battles is banned
|rule|Species Clause: Limit one of each Pokémon
|rule|OHKO Clause: OHKO moves are banned
|rule|Evasion Items Clause: Evasion items are banned
|rule|Evasion Moves Clause: Evasion moves are banned
|rule|Evasion Abilities Clause: Evasion abilities are banned
|rule|Sleep Moves Clause: Sleep-inducing moves are banned
|clearpoke
|poke|p1|Dragonite, F|
|poke|p1|Zamazenta-*|
|poke|p1|Landorus-Therian, M|
|poke|p1|Gholdengo|
|poke|p1|Darkrai|
|poke|p1|Primarina, F|
|poke|p2|Greninja-*, M|
|poke|p2|Salamence, F|
|poke|p2|Excadrill, F|
|poke|p2|Galvantula, F|
|poke|p2|Grimmsnarl, M|
|poke|p2|Magmortar, M|
|teampreview
|j| DarkOkto
|
|t:|1760888350
|teamsize|p1|6
|teamsize|p2|6
|start
|switch|p1a: Eine wolke|Landorus-Therian, M|100/100
|switch|p2a: Greninja|Greninja, M|100/100
|-ability|p1a: Eine wolke|Intimidate|boost
|-unboost|p2a: Greninja|atk|1
|turn|1
|
|t:|1760888385
|switch|p1a: Singsala|Primarina, F|100/100
|move|p2a: Greninja|Ice Beam|p1a: Singsala
|-resisted|p1a: Singsala
|-damage|p1a: Singsala|90/100
|-damage|p2a: Greninja|91/100|[from] item: Life Orb
|
|upkeep
|turn|2
|
|t:|1760888400
|-terastallize|p2a: Greninja|Poison
|move|p2a: Greninja|Sludge Wave|p1a: Singsala
|-supereffective|p1a: Singsala
|-damage|p1a: Singsala|23/100
|-damage|p2a: Greninja|81/100|[from] item: Life Orb
|move|p1a: Singsala|Moonblast|p2a: Greninja
|-resisted|p2a: Greninja
|-damage|p2a: Greninja|36/100
|-unboost|p2a: Greninja|spa|1
|
|upkeep
|turn|3
|inactive|Battle timer is ON: inactive players will automatically lose when time's up. (requested by ThatFroot)
|inactive|Nevitchen has 120 seconds left.
|
|t:|1760888476
|switch|p2a: Galvantula|Galvantula, F|100/100
|switch|p1a: Mirko|Gholdengo|100/100
|
|upkeep
|turn|4
|
|t:|1760888498
|move|p2a: Galvantula|Sticky Web|p1a: Mirko
|-sidestart|p1: Nevitchen|move: Sticky Web
|move|p1a: Mirko|Make It Rain|p2a: Galvantula
|-resisted|p2a: Galvantula
|-damage|p2a: Galvantula|26/100
|-unboost|p1a: Mirko|spa|1
|
|upkeep
|turn|5
|
|t:|1760888507
|move|p2a: Galvantula|Thunder|p1a: Mirko
|-damage|p1a: Mirko|51/100
|move|p1a: Mirko|Make It Rain|p2a: Galvantula
|-resisted|p2a: Galvantula
|-damage|p2a: Galvantula|0 fnt
|-unboost|p1a: Mirko|spa|1
|faint|p2a: Galvantula
|
|upkeep
|
|t:|1760888517
|switch|p2a: Salamence|Salamence, F|100/100
|-ability|p2a: Salamence|Intimidate|boost
|-unboost|p1a: Mirko|atk|1
|turn|6
|
|t:|1760888546
|switch|p1a: Edgy guy|Darkrai|100/100
|-activate|p1a: Edgy guy|move: Sticky Web
|-unboost|p1a: Edgy guy|spe|1
|move|p2a: Salamence|Roar|p1a: Edgy guy
|-enditem|p2a: Salamence|Throat Spray
|-boost|p2a: Salamence|spa|1|[from] item: Throat Spray
|drag|p1a: Eine wolke|Landorus-Therian, M|100/100
|-ability|p1a: Eine wolke|Intimidate|boost
|-unboost|p2a: Salamence|atk|1
|
|upkeep
|turn|7
|inactive|Nevitchen has 120 seconds left.
|
|t:|1760888590
|move|p2a: Salamence|Hydro Pump|p1a: Eine wolke
|-supereffective|p1a: Eine wolke
|-damage|p1a: Eine wolke|9/100
|move|p1a: Eine wolke|Stealth Rock|p2a: Salamence
|-sidestart|p2: ThatFroot|move: Stealth Rock
|
|upkeep
|turn|8
|inactive|Nevitchen has 90 seconds left.
|
|t:|1760888617
|switch|p1a: Edgy guy|Darkrai|100/100
|-activate|p1a: Edgy guy|move: Sticky Web
|-unboost|p1a: Edgy guy|spe|1
|move|p2a: Salamence|Dragon Pulse|p1a: Edgy guy
|-damage|p1a: Edgy guy|25/100
|
|upkeep
|turn|9
|inactive|Nevitchen has 60 seconds left.
|
|t:|1760888653
|move|p2a: Salamence|Dragon Pulse|p1a: Edgy guy
|-damage|p1a: Edgy guy|0 fnt
|faint|p1a: Edgy guy
|
|upkeep
|
|t:|1760888673
|switch|p1a: Lass mich carryn|Dragonite, F|100/100
|turn|10
|
|t:|1760888694
|-terastallize|p1a: Lass mich carryn|Flying
|move|p2a: Salamence|Dragon Pulse|p1a: Lass mich carryn
|-damage|p1a: Lass mich carryn|70/100
|move|p1a: Lass mich carryn|Dragon Dance|p1a: Lass mich carryn
|-boost|p1a: Lass mich carryn|atk|1
|-boost|p1a: Lass mich carryn|spe|1
|
|upkeep
|turn|11
|
|t:|1760888703
|move|p1a: Lass mich carryn|Tera Blast|p2a: Salamence|[anim] Tera Blast Flying
|-damage|p2a: Salamence|0 fnt
|faint|p2a: Salamence
|
|upkeep
|
|t:|1760888711
|switch|p2a: Greninja|Greninja, M, tera:Poison|36/100
|-damage|p2a: Greninja|24/100|[from] Stealth Rock
|turn|12
|
|t:|1760888717
|move|p1a: Lass mich carryn|Extreme Speed|p2a: Greninja
|-damage|p2a: Greninja|0 fnt
|faint|p2a: Greninja
|
|upkeep
|
|t:|1760888721
|switch|p2a: Excadrill|Excadrill, F|100/100
|-damage|p2a: Excadrill|97/100|[from] Stealth Rock
|-ability|p2a: Excadrill|Mold Breaker
|-item|p2a: Excadrill|Air Balloon
|turn|13
|inactive|Nevitchen has 60 seconds left.
|
|t:|1760888731
|move|p1a: Lass mich carryn|Tera Blast|p2a: Excadrill|[anim] Tera Blast Flying
|-resisted|p2a: Excadrill
|-damage|p2a: Excadrill|32/100
|-enditem|p2a: Excadrill|Air Balloon
|move|p2a: Excadrill|Rock Slide|p1a: Lass mich carryn
|-supereffective|p1a: Lass mich carryn
|-damage|p1a: Lass mich carryn|15/100
|
|upkeep
|turn|14
|
|t:|1760888740
|switch|p2a: Grimmsnarl|Grimmsnarl, M|100/100
|-damage|p2a: Grimmsnarl|88/100|[from] Stealth Rock
|move|p1a: Lass mich carryn|Earthquake|p2a: Grimmsnarl
|-damage|p2a: Grimmsnarl|46/100
|
|upkeep
|turn|15
|
|t:|1760888748
|move|p2a: Grimmsnarl|Reflect|p2a: Grimmsnarl
|-sidestart|p2: ThatFroot|Reflect
|move|p1a: Lass mich carryn|Tera Blast|p2a: Grimmsnarl|[anim] Tera Blast Flying
|-damage|p2a: Grimmsnarl|9/100
|
|upkeep
|turn|16
|
|t:|1760888753
|move|p1a: Lass mich carryn|Extreme Speed|p2a: Grimmsnarl
|-damage|p2a: Grimmsnarl|0 fnt
|faint|p2a: Grimmsnarl
|
|upkeep
|
|t:|1760888759
|switch|p2a: Magmortar|Magmortar, M|100/100
|-damage|p2a: Magmortar|76/100|[from] Stealth Rock
|turn|17
|
|t:|1760888771
|move|p1a: Lass mich carryn|Earthquake|p2a: Magmortar
|-supereffective|p2a: Magmortar
|-damage|p2a: Magmortar|0 fnt
|faint|p2a: Magmortar
|
|upkeep
|
|t:|1760888775
|switch|p2a: Excadrill|Excadrill, F|32/100
|-damage|p2a: Excadrill|29/100|[from] Stealth Rock
|-ability|p2a: Excadrill|Mold Breaker
|turn|18
|inactive|Nevitchen has 90 seconds left.
|
|t:|1760888781
|move|p1a: Lass mich carryn|Earthquake|p2a: Excadrill
|-supereffective|p2a: Excadrill
|-damage|p2a: Excadrill|0 fnt
|faint|p2a: Excadrill
|
|win|Nevitchen
|raw|Nevitchen's rating: 1116 &rarr; <strong>1144</strong><br />(+28 for winning)
|raw|ThatFroot's rating: 1162 &rarr; <strong>1134</strong><br />(-28 for losing)
|l|☆ThatFroot
|player|p2|
