|j|☆64Unitesdespleen
|j|☆F1amewheel
|t:|1760854936
|gametype|singles
|player|p1|64Unitesdespleen|winona|1279
|player|p2|F1amewheel|willow-casual|1269
|gen|9
|tier|[Gen 9] OU
|rated|
|rule|HP Percentage Mod: HP is shown in percentages
|rule|Endless Battle Clause: Forcing endless battles is banned
|rule|Species Clause: Limit one of each Pokémon
|rule|OHKO Clause: OHKO moves are banned
|rule|Evasion Items Clause: Evasion items are banned
|rule|Evasion Moves Clause: Evasion moves are banned
|rule|Evasion Abilities Clause: Evasion abilities are banned
|rule|Sleep Moves Clause: Sleep-inducing moves are banned
|clearpoke
|poke|p1|Torkoal, F|
|poke|p1|Slowking, F|
|poke|p1|Iron Hands|
|poke|p1|Cresselia, F|
|poke|p1|Glastrier|
|poke|p1|Hatterene, F|
|poke|p2|Hoopa-Unbound|
|poke|p2|Iron Jugulis|
|poke|p2|Kingambit, F|
|poke|p2|Garchomp, F|
|poke|p2|Primarina, M|
|poke|p2|Quaquaval, M|
|teampreview
|inactive|Battle timer is ON: inactive players will automatically lose when time's up. (requested by 64Unitesdespleen)
|
|t:|1760854943
|teamsize|p1|6
|teamsize|p2|6
|start
|switch|p1a: Hatterene|Hatterene, F|100/100
|switch|p2a: Hoopa|Hoopa-Unbound|100/100
|turn|1
|inactive|F1amewheel has 120 seconds left.
|
|t:|1760854984
|move|p2a: Hoopa|Gunk Shot|p1a: Hatterene
|-supereffective|p1a: Hatterene
|-enditem|p1a: Hatterene|Focus Sash
|-damage|p1a: Hatterene|1/100
|move|p1a: Hatterene|Trick Room|p1a: Hatterene
|-fieldstart|move: Trick Room|[of] p1a: Hatterene
|
|upkeep
|turn|2
|
|t:|1760854999
|switch|p2a: Garchomp|Garchomp, F|100/100
|move|p1a: Hatterene|Healing Wish|p1a: Hatterene
|faint|p1a: Hatterene
|
|upkeep
|
|t:|1760855004
|switch|p1a: Glastrier|Glastrier|100/100
|turn|3
|inactive|F1amewheel has 120 seconds left.
|
|t:|1760855024
|switch|p2a: Quaquaval|Quaquaval, M|100/100
|move|p1a: Glastrier|Swords Dance|p1a: Glastrier
|-boost|p1a: Glastrier|atk|2
|
|upkeep
|turn|4
|
|t:|1760855029
|move|p1a: Glastrier|Icicle Crash|p2a: Quaquaval
|-resisted|p2a: Quaquaval
|-damage|p2a: Quaquaval|34/100
|move|p2a: Quaquaval|Close Combat|p1a: Glastrier
|-supereffective|p1a: Glastrier
|-damage|p1a: Glastrier|11/100
|-unboost|p2a: Quaquaval|def|1
|-unboost|p2a: Quaquaval|spd|1
|
|-heal|p1a: Glastrier|18/100|[from] item: Leftovers
|upkeep
|turn|5
|
|t:|1760855039
|switch|p2a: Primarina|Primarina, M|100/100
|move|p1a: Glastrier|Stomping Tantrum|p2a: Primarina
|-damage|p2a: Primarina|12/100
|
|-heal|p1a: Glastrier|24/100|[from] item: Leftovers
|-heal|p2a: Primarina|18/100|[from] item: Leftovers
|-fieldend|move: Trick Room
|upkeep
|turn|6
|
|t:|1760855047
|switch|p1a: Slowking|Slowking, F|100/100
|move|p2a: Primarina|Surf|p1a: Slowking
|-resisted|p1a: Slowking
|-damage|p1a: Slowking|75/100
|
|-heal|p2a: Primarina|24/100|[from] item: Leftovers
|upkeep
|turn|7
|
|t:|1760855051
|move|p2a: Primarina|Moonblast|p1a: Slowking
|-damage|p1a: Slowking|43/100
|move|p1a: Slowking|Trick Room|p1a: Slowking
|-fieldstart|move: Trick Room|[of] p1a: Slowking
|
|-heal|p2a: Primarina|30/100|[from] item: Leftovers
|upkeep
|turn|8
|
|t:|1760855056
|-prepare|p1a: Slowking|Chilly Reception|[premajor]
|move|p1a: Slowking|Chilly Reception|p1a: Slowking
|-weather|Snowscape
|
|t:|1760855058
|switch|p1a: Glastrier|Glastrier|24/100|[from] Chilly Reception
|-heal|p1a: Glastrier|100/100|[from] move: Healing Wish
|move|p2a: Primarina|Substitute|p2a: Primarina
|-start|p2a: Primarina|Substitute
|-damage|p2a: Primarina|5/100
|
|-weather|Snowscape|[upkeep]
|-heal|p2a: Primarina|12/100|[from] item: Leftovers
|upkeep
|turn|9
|
|t:|1760855067
|move|p1a: Glastrier|Stomping Tantrum|p2a: Primarina
|-end|p2a: Primarina|Substitute
|move|p2a: Primarina|Surf|p1a: Glastrier
|-damage|p1a: Glastrier|43/100
|
|-weather|Snowscape|[upkeep]
|-heal|p1a: Glastrier|50/100|[from] item: Leftovers
|-heal|p2a: Primarina|18/100|[from] item: Leftovers
|upkeep
|turn|10
|
|t:|1760855072
|move|p1a: Glastrier|Icicle Crash|p2a: Primarina
|-resisted|p2a: Primarina
|-damage|p2a: Primarina|0 fnt
|faint|p2a: Primarina
|-ability|p1a: Glastrier|Chilling Neigh|boost
|-boost|p1a: Glastrier|atk|1
|
|-weather|Snowscape|[upkeep]
|-heal|p1a: Glastrier|56/100|[from] item: Leftovers
|upkeep
|
|t:|1760855077
|switch|p2a: Kingambit|Kingambit, F|100/100
|-activate|p2a: Kingambit|ability: Supreme Overlord
|-start|p2a: Kingambit|fallen1|[silent]
|turn|11
|
|t:|1760855081
|move|p1a: Glastrier|Close Combat|p2a: Kingambit
|-supereffective|p2a: Kingambit
|-damage|p2a: Kingambit|0 fnt
|-unboost|p1a: Glastrier|def|1
|-unboost|p1a: Glastrier|spd|1
|faint|p2a: Kingambit
|-end|p2a: Kingambit|fallen1|[silent]
|-ability|p1a: Glastrier|Chilling Neigh|boost
|-boost|p1a: Glastrier|atk|1
|
|-weather|Snowscape|[upkeep]
|-heal|p1a: Glastrier|62/100|[from] item: Leftovers
|-fieldend|move: Trick Room
|upkeep
|
|t:|1760855089
|switch|p2a: Hoopa|Hoopa-Unbound|100/100
|turn|12
|
|t:|1760855102
|switch|p1a: Slowking|Slowking, F|77/100
|move|p2a: Hoopa|Hyperspace Fury|p1a: Slowking
|-supereffective|p1a: Slowking
|-damage|p1a: Slowking|0 fnt
|-unboost|p2a: Hoopa|def|1
|faint|p1a: Slowking
|
|-weather|none
|upkeep
|
|t:|1760855107
|switch|p1a: Iron Hands|Iron Hands|100/100
|turn|13
|
|t:|1760855126
|switch|p2a: Garchomp|Garchomp, F|100/100
|move|p1a: Iron Hands|Ice Punch|p2a: Garchomp
|-supereffective|p2a: Garchomp
|-damage|p2a: Garchomp|14/100
|
|upkeep
|turn|14
|
|t:|1760855137
|-end|p1a: Iron Hands|Quark Drive|[silent]
|switch|p1a: Cresselia|Cresselia, F|100/100
|move|p2a: Garchomp|Stealth Rock|p1a: Cresselia
|-sidestart|p1: 64Unitesdespleen|move: Stealth Rock
|
|upkeep
|turn|15
|
|t:|1760855141
|move|p2a: Garchomp|Dragon Tail|p1a: Cresselia
|-damage|p1a: Cresselia|84/100
|drag|p1a: Torkoal|Torkoal, F|100/100
|-damage|p1a: Torkoal|76/100|[from] Stealth Rock
|-weather|SunnyDay|[from] ability: Drought|[of] p1a: Torkoal
|
|-weather|SunnyDay|[upkeep]
|upkeep
|turn|16
|
|t:|1760855146
|switch|p1a: Cresselia|Cresselia, F|84/100
|-damage|p1a: Cresselia|72/100|[from] Stealth Rock
|move|p2a: Garchomp|Earthquake|p1a: Cresselia
|-immune|p1a: Cresselia|[from] ability: Levitate
|
|-weather|SunnyDay|[upkeep]
|upkeep
|turn|17
|
|t:|1760855149
|move|p2a: Garchomp|Dragon Tail|p1a: Cresselia
|-damage|p1a: Cresselia|56/100
|drag|p1a: Torkoal|Torkoal, F|76/100
|-damage|p1a: Torkoal|51/100|[from] Stealth Rock
|
|-weather|SunnyDay|[upkeep]
|upkeep
|turn|18
|
|t:|1760855156
|move|p1a: Torkoal|Weather Ball|p2a: Garchomp
|-resisted|p2a: Garchomp
|-damage|p2a: Garchomp|0 fnt
|faint|p2a: Garchomp
|
|-weather|SunnyDay|[upkeep]
|upkeep
|
|t:|1760855161
|switch|p2a: Iron Jugulis|Iron Jugulis|100/100
|-enditem|p2a: Iron Jugulis|Booster Energy
|-activate|p2a: Iron Jugulis|ability: Quark Drive|[fromitem]
|-start|p2a: Iron Jugulis|quarkdrivespe
|turn|19
|
|t:|1760855165
|move|p2a: Iron Jugulis|Earth Power|p1a: Torkoal
|-supereffective|p1a: Torkoal
|-damage|p1a: Torkoal|0 fnt
|faint|p1a: Torkoal
|
|-weather|none
|upkeep
|
|t:|1760855170
|switch|p1a: Iron Hands|Iron Hands|100/100
|-damage|p1a: Iron Hands|94/100|[from] Stealth Rock
|turn|20
|
|t:|1760855174
|-terastallize|p2a: Iron Jugulis|Ground
|move|p2a: Iron Jugulis|Earth Power|p1a: Iron Hands
|-supereffective|p1a: Iron Hands
|-damage|p1a: Iron Hands|17/100
|-unboost|p1a: Iron Hands|spd|1
|move|p1a: Iron Hands|Thunder Punch|p2a: Iron Jugulis
|-immune|p2a: Iron Jugulis
|
|upkeep
|turn|21
|
|t:|1760855179
|move|p2a: Iron Jugulis|Dark Pulse|p1a: Iron Hands
|-resisted|p1a: Iron Hands
|-damage|p1a: Iron Hands|0 fnt
|faint|p1a: Iron Hands
|-end|p1a: Iron Hands|Quark Drive|[silent]
|
|upkeep
|
|t:|1760855184
|switch|p1a: Cresselia|Cresselia, F|56/100
|-damage|p1a: Cresselia|43/100|[from] Stealth Rock
|turn|22
|
|t:|1760855187
|-terastallize|p1a: Cresselia|Fighting
|move|p2a: Iron Jugulis|Dark Pulse|p1a: Cresselia
|-resisted|p1a: Cresselia
|-damage|p1a: Cresselia|29/100
|move|p1a: Cresselia|Trick Room|p1a: Cresselia
|-fieldstart|move: Trick Room|[of] p1a: Cresselia
|
|upkeep
|turn|23
|
|t:|1760855196
|move|p1a: Cresselia|Lunar Dance|p1a: Cresselia
|faint|p1a: Cresselia
|move|p2a: Iron Jugulis|Dark Pulse|p1: Cresselia|[notarget]
|-fail|p2a: Iron Jugulis
|
|upkeep
|
|t:|1760855197
|switch|p1a: Glastrier|Glastrier|62/100
|-heal|p1a: Glastrier|100/100|[from] move: Lunar Dance
|-damage|p1a: Glastrier|75/100|[from] Stealth Rock
|turn|24
|
|t:|1760855206
|-end|p2a: Iron Jugulis|Quark Drive|[silent]
|switch|p2a: Quaquaval|Quaquaval, M|34/100
|move|p1a: Glastrier|Icicle Crash|p2a: Quaquaval
|-resisted|p2a: Quaquaval
|-damage|p2a: Quaquaval|0 fnt
|faint|p2a: Quaquaval
|-ability|p1a: Glastrier|Chilling Neigh|boost
|-boost|p1a: Glastrier|atk|1
|
|-heal|p1a: Glastrier|82/100|[from] item: Leftovers
|upkeep
|
|t:|1760855215
|switch|p2a: Iron Jugulis|Iron Jugulis, tera:Ground|100/100
|turn|25
|
|t:|1760855218
|move|p1a: Glastrier|Icicle Crash|p2a: Iron Jugulis
|-supereffective|p2a: Iron Jugulis
|-damage|p2a: Iron Jugulis|0 fnt
|faint|p2a: Iron Jugulis
|-end|p2a: Iron Jugulis|Quark Drive|[silent]
|-ability|p1a: Glastrier|Chilling Neigh|boost
|-boost|p1a: Glastrier|atk|1
|
|-heal|p1a: Glastrier|88/100|[from] item: Leftovers
|upkeep
|
|t:|1760855221
|switch|p2a: Hoopa|Hoopa-Unbound|100/100
|turn|26
|
|t:|1760855229
|move|p1a: Glastrier|Close Combat|p2a: Hoopa
|-damage|p2a: Hoopa|0 fnt
|-unboost|p1a: Glastrier|def|1
|-unboost|p1a: Glastrier|spd|1
|faint|p2a: Hoopa
|
|win|64Unitesdespleen
|raw|64Unitesdespleen's rating: 1279 &rarr; <strong>1303</strong><br />(+24 for winning)
|raw|F1amewheel's rating: 1269 &rarr; <strong>1245</strong><br />(-24 for losing)
|l|☆F1amewheel
|player|p2|
|l|☆64Unitesdespleen
|player|p1|
