|j|☆art of unmoning
|j|☆Shanubiki
|t:|1760879899
|gametype|singles
|player|p1|art of unmoning|waiter-gen4dp|1742
|player|p2|Shanubiki|101|1659
|gen|9
|tier|[Gen 9] OU
|rated|
|rule|HP Percentage Mod: HP is shown in percentages
|rule|Endless Battle Clause: Forcing endless battles is banned
|rule|Species Clause: Limit one of each Pokémon
|rule|OHKO Clause: OHKO moves are banned
|rule|Evasion Items Clause: Evasion items are banned
|rule|Evasion Moves Clause: Evasion moves are banned
|rule|Evasion Abilities Clause: Evasion abilities are banned
|rule|Sleep Moves Clause: Sleep-inducing moves are banned
|clearpoke
|poke|p1|Slowking, M|
|poke|p1|Tyranitar, F|
|poke|p1|Excadrill, F|
|poke|p1|Zamazenta-*|
|poke|p1|Corviknight, F|
|poke|p1|Weezing-Galar, M|
|poke|p2|Iron Hands|
|poke|p2|Alomomola, F|
|poke|p2|Iron Crown|
|poke|p2|Landorus-Therian, M|
|poke|p2|Dragapult, M|
|poke|p2|Rillaboom, M|
|teampreview
|inactive|Battle timer is ON: inactive players will automatically lose when time's up. (requested by art of unmoning)
|c|☆art of unmoning|Hf
|
|t:|1760879912
|teamsize|p1|6
|teamsize|p2|6
|start
|switch|p1a: Slowking|Slowking, M|100/100
|switch|p2a: Landorus|Landorus-Therian, M|100/100
|-ability|p2a: Landorus|Intimidate|boost
|-unboost|p1a: Slowking|atk|1
|turn|1
|
|t:|1760879916
|move|p2a: Landorus|U-turn|p1a: Slowking
|-supereffective|p1a: Slowking
|-damage|p1a: Slowking|67/100
|
|t:|1760879920
|switch|p2a: Iron Crown|Iron Crown|100/100|[from] U-turn
|move|p1a: Slowking|Scald|p2a: Iron Crown
|-damage|p2a: Iron Crown|78/100
|
|upkeep
|turn|2
|
|t:|1760879925
|move|p2a: Iron Crown|Volt Switch|p1a: Slowking
|-supereffective|p1a: Slowking
|-damage|p1a: Slowking|44/100
|
|t:|1760879929
|-end|p2a: Iron Crown|Quark Drive|[silent]
|switch|p2a: Alomomola|Alomomola, F|100/100|[from] Volt Switch
|move|p1a: Slowking|Flamethrower|p2a: Alomomola
|-resisted|p2a: Alomomola
|-damage|p2a: Alomomola|89/100
|
|upkeep
|turn|3
|
|t:|1760879935
|move|p2a: Alomomola|Flip Turn|p1a: Slowking
|-resisted|p1a: Slowking
|-crit|p1a: Slowking
|-damage|p1a: Slowking|33/100
|
|t:|1760879940
|switch|p2a: Iron Crown|Iron Crown|78/100|[from] Flip Turn
|move|p1a: Slowking|Future Sight|p2a: Iron Crown
|-start|p1a: Slowking|move: Future Sight
|
|upkeep
|turn|4
|
|t:|1760879947
|switch|p1a: Excadrill|Excadrill, F|100/100
|move|p2a: Iron Crown|Psychic Noise|p1a: Excadrill
|-resisted|p1a: Excadrill
|-damage|p1a: Excadrill|78/100
|-start|p1a: Excadrill|move: Heal Block
|
|upkeep
|turn|5
|
|t:|1760879953
|-end|p2a: Iron Crown|Quark Drive|[silent]
|switch|p2a: Alomomola|Alomomola, F|100/100
|switch|p1a: Slowking|Slowking, M|67/100
|
|-end|p2a: Alomomola|move: Future Sight
|-damage|p2a: Alomomola|56/100
|upkeep
|turn|6
|
|t:|1760879958
|move|p2a: Alomomola|Wish|p2a: Alomomola
|move|p1a: Slowking|Future Sight|p2a: Alomomola
|-start|p1a: Slowking|move: Future Sight
|
|upkeep
|turn|7
|
|t:|1760879965
|switch|p1a: Weezing|Weezing-Galar, M|100/100
|-ability|p1a: Weezing|Neutralizing Gas
|move|p2a: Alomomola|Body Slam|p1a: Weezing
|-damage|p1a: Weezing|89/100
|-status|p1a: Weezing|par
|
|-heal|p2a: Alomomola|100/100|[from] move: Wish|[wisher] Alomomola
|upkeep
|turn|8
|
|t:|1760879973
|move|p2a: Alomomola|Protect|p2a: Alomomola
|-singleturn|p2a: Alomomola|Protect
|move|p1a: Weezing|Will-O-Wisp|p2a: Alomomola
|-activate|p2a: Alomomola|move: Protect
|
|-end|p2a: Alomomola|move: Future Sight
|-damage|p2a: Alomomola|55/100
|upkeep
|turn|9
|
|t:|1760879977
|move|p2a: Alomomola|Flip Turn|p1a: Weezing
|-damage|p1a: Weezing|79/100 par
|
|t:|1760879980
|switch|p2a: Landorus|Landorus-Therian, M|100/100|[from] Flip Turn
|move|p1a: Weezing|Sludge Bomb|p2a: Landorus
|-resisted|p2a: Landorus
|-damage|p2a: Landorus|85/100
|
|upkeep
|turn|10
|
|t:|1760879986
|-end|p1a: Weezing|ability: Neutralizing Gas
|-ability|p2a: Landorus|Intimidate|boost
|-unboost|p1a: Weezing|atk|1
|switch|p1a: Slowking|Slowking, M|99/100
|move|p2a: Landorus|Earth Power|p1a: Slowking
|-damage|p1a: Slowking|83/100
|
|upkeep
|turn|11
|
|t:|1760879990
|move|p2a: Landorus|Stealth Rock|p1a: Slowking
|-sidestart|p1: art of unmoning|move: Stealth Rock
|move|p1a: Slowking|Future Sight|p2a: Landorus
|-start|p1a: Slowking|move: Future Sight
|
|upkeep
|turn|12
|
|t:|1760879998
|move|p2a: Landorus|U-turn|p1a: Slowking
|-supereffective|p1a: Slowking
|-damage|p1a: Slowking|49/100
|
|t:|1760880000
|switch|p2a: Alomomola|Alomomola, F|55/100|[from] U-turn
|move|p1a: Slowking|Psychic Noise|p2a: Alomomola
|-damage|p2a: Alomomola|26/100
|-start|p2a: Alomomola|move: Heal Block
|
|upkeep
|turn|13
|
|t:|1760880005
|switch|p1a: Weezing|Weezing-Galar, M|79/100 par
|-ability|p1a: Weezing|Neutralizing Gas
|move|p2a: Alomomola|Flip Turn|p1a: Weezing
|-damage|p1a: Weezing|68/100 par
|
|t:|1760880008
|switch|p2a: Iron Crown|Iron Crown|78/100|[from] Flip Turn
|
|-end|p2a: Iron Crown|move: Future Sight
|-resisted|p2a: Iron Crown
|-damage|p2a: Iron Crown|71/100
|upkeep
|turn|14
|
|t:|1760880016
|-end|p1a: Weezing|ability: Neutralizing Gas
|switch|p1a: Slowking|Slowking, M|83/100
|-damage|p1a: Slowking|70/100|[from] Stealth Rock
|move|p2a: Iron Crown|Psyshock|p1a: Slowking
|-resisted|p1a: Slowking
|-damage|p1a: Slowking|51/100
|
|upkeep
|turn|15
|
|t:|1760880023
|move|p2a: Iron Crown|Volt Switch|p1a: Slowking
|-supereffective|p1a: Slowking
|-damage|p1a: Slowking|27/100
|
|t:|1760880026
|-end|p2a: Iron Crown|Quark Drive|[silent]
|switch|p2a: Alomomola|Alomomola, F|26/100|[from] Volt Switch
|move|p1a: Slowking|Flamethrower|p2a: Alomomola
|-resisted|p2a: Alomomola
|-damage|p2a: Alomomola|15/100
|
|upkeep
|turn|16
|
|t:|1760880031
|move|p2a: Alomomola|Flip Turn|p1a: Slowking
|-resisted|p1a: Slowking
|-damage|p1a: Slowking|19/100
|
|t:|1760880033
|switch|p2a: Dragapult|Dragapult, M|100/100|[from] Flip Turn
|move|p1a: Slowking|Psychic Noise|p2a: Dragapult
|-damage|p2a: Dragapult|59/100
|-start|p2a: Dragapult|move: Heal Block
|
|upkeep
|turn|17
|
|t:|1760880038
|switch|p1a: Tyranitar|Tyranitar, F|100/100
|-damage|p1a: Tyranitar|88/100|[from] Stealth Rock
|-weather|Sandstorm|[from] ability: Sand Stream|[of] p1a: Tyranitar
|move|p2a: Dragapult|U-turn|p1a: Tyranitar
|-supereffective|p1a: Tyranitar
|-damage|p1a: Tyranitar|59/100
|
|t:|1760880041
|switch|p2a: Landorus|Landorus-Therian, M|85/100|[from] U-turn
|-ability|p2a: Landorus|Intimidate|boost
|-unboost|p1a: Tyranitar|atk|1
|
|-weather|Sandstorm|[upkeep]
|-heal|p1a: Tyranitar|65/100|[from] item: Leftovers
|upkeep
|turn|18
|
|t:|1760880048
|switch|p1a: Corviknight|Corviknight, F|100/100
|-damage|p1a: Corviknight|88/100|[from] Stealth Rock
|-ability|p1a: Corviknight|Pressure
|move|p2a: Landorus|U-turn|p1a: Corviknight
|-resisted|p1a: Corviknight
|-damage|p1a: Corviknight|85/100
|
|t:|1760880055
|switch|p2a: Dragapult|Dragapult, M|59/100|[from] U-turn
|
|-weather|Sandstorm|[upkeep]
|-damage|p2a: Dragapult|53/100|[from] Sandstorm
|-heal|p1a: Corviknight|91/100|[from] item: Leftovers
|upkeep
|turn|19
|
|t:|1760880060
|move|p2a: Dragapult|Thunder Wave|p1a: Corviknight
|-status|p1a: Corviknight|par
|move|p1a: Corviknight|Roost|p1a: Corviknight
|-heal|p1a: Corviknight|100/100 par
|-singleturn|p1a: Corviknight|move: Roost
|
|-weather|Sandstorm|[upkeep]
|-damage|p2a: Dragapult|47/100|[from] Sandstorm
|upkeep
|turn|20
|
|t:|1760880063
|switch|p1a: Slowking|Slowking, M|53/100
|-damage|p1a: Slowking|40/100|[from] Stealth Rock
|move|p2a: Dragapult|Hex|p1a: Slowking
|-supereffective|p1a: Slowking
|-damage|p1a: Slowking|14/100
|
|-weather|Sandstorm|[upkeep]
|-damage|p2a: Dragapult|41/100|[from] Sandstorm
|-damage|p1a: Slowking|8/100|[from] Sandstorm
|upkeep
|turn|21
|
|t:|1760880070
|switch|p1a: Excadrill|Excadrill, F|78/100
|-damage|p1a: Excadrill|75/100|[from] Stealth Rock
|move|p2a: Dragapult|U-turn|p1a: Excadrill
|-resisted|p1a: Excadrill
|-damage|p1a: Excadrill|60/100
|
|t:|1760880073
|switch|p2a: Landorus|Landorus-Therian, M|85/100|[from] U-turn
|-ability|p2a: Landorus|Intimidate|boost
|-unboost|p1a: Excadrill|atk|1
|
|-weather|none
|-heal|p1a: Excadrill|67/100|[from] item: Leftovers
|upkeep
|turn|22
|
|t:|1760880078
|switch|p1a: Corviknight|Corviknight, F|100/100 par
|-damage|p1a: Corviknight|88/100 par|[from] Stealth Rock
|-ability|p1a: Corviknight|Pressure
|move|p2a: Landorus|Earth Power|p1a: Corviknight
|-immune|p1a: Corviknight
|
|-heal|p1a: Corviknight|94/100 par|[from] item: Leftovers
|upkeep
|turn|23
|
|t:|1760880087
|move|p2a: Landorus|U-turn|p1a: Corviknight
|-resisted|p1a: Corviknight
|-damage|p1a: Corviknight|91/100 par
|
|t:|1760880089
|switch|p2a: Alomomola|Alomomola, F|48/100|[from] U-turn
|move|p1a: Corviknight|Brave Bird|p2a: Alomomola
|-damage|p2a: Alomomola|27/100
|-damage|p1a: Corviknight|82/100 par|[from] Recoil
|
|-heal|p1a: Corviknight|89/100 par|[from] item: Leftovers
|upkeep
|turn|24
|
|t:|1760880097
|switch|p1a: Weezing|Weezing-Galar, M|68/100 par
|-ability|p1a: Weezing|Neutralizing Gas
|move|p2a: Alomomola|Wish|p2a: Alomomola
|
|upkeep
|turn|25
|
|t:|1760880101
|move|p2a: Alomomola|Protect|p2a: Alomomola
|-singleturn|p2a: Alomomola|Protect
|cant|p1a: Weezing|par
|
|-heal|p2a: Alomomola|77/100|[from] move: Wish|[wisher] Alomomola
|upkeep
|turn|26
|
|t:|1760880105
|move|p2a: Alomomola|Wish|p2a: Alomomola
|move|p1a: Weezing|Defog|p2a: Alomomola
|-unboost|p2a: Alomomola|evasion|1
|-sideend|p1: art of unmoning|Stealth Rock|[from] move: Defog|[of] p1a: Weezing
|
|upkeep
|turn|27
|
|t:|1760880109
|move|p2a: Alomomola|Flip Turn|p1a: Weezing
|-damage|p1a: Weezing|58/100 par
|
|t:|1760880112
|switch|p2a: Iron Crown|Iron Crown|71/100|[from] Flip Turn
|cant|p1a: Weezing|par
|
|-heal|p2a: Iron Crown|100/100|[from] move: Wish|[wisher] Alomomola
|upkeep
|turn|28
|
|t:|1760880119
|-end|p1a: Weezing|ability: Neutralizing Gas
|switch|p1a: Excadrill|Excadrill, F|67/100
|move|p2a: Iron Crown|Psyshock|p1a: Excadrill
|-resisted|p1a: Excadrill
|-damage|p1a: Excadrill|39/100
|
|-heal|p1a: Excadrill|45/100|[from] item: Leftovers
|upkeep
|turn|29
|
|t:|1760880133
|-end|p2a: Iron Crown|Quark Drive|[silent]
|switch|p2a: Landorus|Landorus-Therian, M|85/100
|-ability|p2a: Landorus|Intimidate|boost
|-unboost|p1a: Excadrill|atk|1
|switch|p1a: Slowking|Slowking, M|41/100
|
|upkeep
|turn|30
|
|t:|1760880136
|move|p2a: Landorus|U-turn|p1a: Slowking
|-supereffective|p1a: Slowking
|-damage|p1a: Slowking|3/100
|
|t:|1760880139
|switch|p2a: Iron Crown|Iron Crown|100/100|[from] U-turn
|move|p1a: Slowking|Scald|p2a: Iron Crown
|-damage|p2a: Iron Crown|80/100
|-status|p2a: Iron Crown|brn
|
|-damage|p2a: Iron Crown|74/100 brn|[from] brn
|upkeep
|turn|31
|
|t:|1760880146
|switch|p1a: Excadrill|Excadrill, F|45/100
|move|p2a: Iron Crown|Psychic Noise|p1a: Excadrill
|-resisted|p1a: Excadrill
|-damage|p1a: Excadrill|26/100
|-start|p1a: Excadrill|move: Heal Block
|
|-damage|p2a: Iron Crown|68/100 brn|[from] brn
|upkeep
|turn|32
|
|t:|1760880155
|-end|p2a: Iron Crown|Quark Drive|[silent]
|switch|p2a: Landorus|Landorus-Therian, M|85/100
|-ability|p2a: Landorus|Intimidate|boost
|-unboost|p1a: Excadrill|atk|1
|switch|p1a: Tyranitar|Tyranitar, F|65/100
|-weather|Sandstorm|[from] ability: Sand Stream|[of] p1a: Tyranitar
|
|-weather|Sandstorm|[upkeep]
|-heal|p1a: Tyranitar|71/100|[from] item: Leftovers
|upkeep
|turn|33
|
|t:|1760880158
|move|p2a: Landorus|Stealth Rock|p1a: Tyranitar
|-sidestart|p1: art of unmoning|move: Stealth Rock
|move|p1a: Tyranitar|Stealth Rock|p2a: Landorus
|-sidestart|p2: Shanubiki|move: Stealth Rock
|
|-weather|Sandstorm|[upkeep]
|-heal|p1a: Tyranitar|77/100|[from] item: Leftovers
|upkeep
|turn|34
|
|t:|1760880163
|move|p2a: Landorus|U-turn|p1a: Tyranitar
|-supereffective|p1a: Tyranitar
|-damage|p1a: Tyranitar|46/100
|
|t:|1760880166
|switch|p2a: Alomomola|Alomomola, F|77/100|[from] U-turn
|move|p1a: Tyranitar|Knock Off|p2a: Alomomola
|-crit|p2a: Alomomola
|-damage|p2a: Alomomola|36/100
|-enditem|p2a: Alomomola|Heavy-Duty Boots|[from] move: Knock Off|[of] p1a: Tyranitar
|
|-weather|Sandstorm|[upkeep]
|-damage|p2a: Alomomola|30/100|[from] Sandstorm
|-heal|p1a: Tyranitar|52/100|[from] item: Leftovers
|upkeep
|turn|35
|
|t:|1760880174
|switch|p2a: Landorus|Landorus-Therian, M|85/100
|-damage|p2a: Landorus|73/100|[from] Stealth Rock
|-ability|p2a: Landorus|Intimidate|boost
|-unboost|p1a: Tyranitar|atk|1
|move|p1a: Tyranitar|Roar|p2a: Landorus
|drag|p2a: Alomomola|Alomomola, F|63/100
|-damage|p2a: Alomomola|51/100|[from] Stealth Rock
|
|-weather|Sandstorm|[upkeep]
|-damage|p2a: Alomomola|44/100|[from] Sandstorm
|-heal|p1a: Tyranitar|59/100|[from] item: Leftovers
|upkeep
|turn|36
|
|t:|1760880181
|switch|p1a: Weezing|Weezing-Galar, M|58/100 par
|-ability|p1a: Weezing|Neutralizing Gas
|move|p2a: Alomomola|Wish|p2a: Alomomola
|
|-weather|none
|upkeep
|turn|37
|
|t:|1760880188
|move|p2a: Alomomola|Protect|p2a: Alomomola
|-singleturn|p2a: Alomomola|Protect
|move|p1a: Weezing|Pain Split|p2a: Alomomola
|-activate|p2a: Alomomola|move: Protect
|
|-heal|p2a: Alomomola|94/100|[from] move: Wish|[wisher] Alomomola
|upkeep
|turn|38
|
|t:|1760880193
|move|p2a: Alomomola|Wish|p2a: Alomomola
|move|p1a: Weezing|Will-O-Wisp|p2a: Alomomola
|-status|p2a: Alomomola|brn
|
|-damage|p2a: Alomomola|88/100 brn|[from] brn
|upkeep
|turn|39
|
|t:|1760880199
|move|p2a: Alomomola|Flip Turn|p1a: Weezing
|-damage|p1a: Weezing|53/100 par
|
|t:|1760880203
|switch|p2a: Dragapult|Dragapult, M|41/100|[from] Flip Turn
|move|p1a: Weezing|Sludge Bomb|p2a: Dragapult
|-resisted|p2a: Dragapult
|-damage|p2a: Dragapult|22/100
|-status|p2a: Dragapult|psn
|
|-heal|p2a: Dragapult|96/100 psn|[from] move: Wish|[wisher] Alomomola
|-damage|p2a: Dragapult|83/100 psn|[from] psn
|upkeep
|turn|40
|
|t:|1760880212
|-end|p1a: Weezing|ability: Neutralizing Gas
|switch|p1a: Tyranitar|Tyranitar, F|59/100
|-damage|p1a: Tyranitar|46/100|[from] Stealth Rock
|-weather|Sandstorm|[from] ability: Sand Stream|[of] p1a: Tyranitar
|move|p2a: Dragapult|Hex|p1a: Tyranitar
|-resisted|p1a: Tyranitar
|-damage|p1a: Tyranitar|41/100
|
|-weather|Sandstorm|[upkeep]
|-damage|p2a: Dragapult|77/100 psn|[from] Sandstorm
|-heal|p1a: Tyranitar|47/100|[from] item: Leftovers
|-damage|p2a: Dragapult|65/100 psn|[from] psn
|upkeep
|turn|41
|
|t:|1760880219
|move|p2a: Dragapult|U-turn|p1a: Tyranitar
|-supereffective|p1a: Tyranitar
|-damage|p1a: Tyranitar|18/100
|
|t:|1760880223
|switch|p2a: Landorus|Landorus-Therian, M|73/100|[from] U-turn
|-damage|p2a: Landorus|61/100|[from] Stealth Rock
|-ability|p2a: Landorus|Intimidate|boost
|-unboost|p1a: Tyranitar|atk|1
|move|p1a: Tyranitar|Knock Off|p2a: Landorus
|-crit|p2a: Landorus
|-damage|p2a: Landorus|17/100
|-damage|p1a: Tyranitar|1/100|[from] item: Rocky Helmet|[of] p2a: Landorus
|-enditem|p2a: Landorus|Rocky Helmet|[from] move: Knock Off|[of] p1a: Tyranitar
|
|-weather|Sandstorm|[upkeep]
|-heal|p1a: Tyranitar|7/100|[from] item: Leftovers
|upkeep
|turn|42
|
|t:|1760880236
|switch|p1a: Corviknight|Corviknight, F|89/100 par
|-damage|p1a: Corviknight|76/100 par|[from] Stealth Rock
|-ability|p1a: Corviknight|Pressure
|move|p2a: Landorus|U-turn|p1a: Corviknight
|-resisted|p1a: Corviknight
|-damage|p1a: Corviknight|73/100 par
|
|t:|1760880241
|switch|p2a: Iron Hands|Iron Hands|100/100|[from] U-turn
|
|-weather|Sandstorm|[upkeep]
|-damage|p2a: Iron Hands|94/100|[from] Sandstorm
|-heal|p1a: Corviknight|79/100 par|[from] item: Leftovers
|upkeep
|turn|43
|
|t:|1760880246
|switch|p1a: Weezing|Weezing-Galar, M|53/100 par
|-ability|p1a: Weezing|Neutralizing Gas
|move|p2a: Iron Hands|Drain Punch|p1a: Weezing
|-resisted|p1a: Weezing
|-damage|p1a: Weezing|45/100 par
|-heal|p2a: Iron Hands|97/100|[from] drain|[of] p1a: Weezing
|
|-weather|Sandstorm|[upkeep]
|-damage|p2a: Iron Hands|91/100|[from] Sandstorm
|-damage|p1a: Weezing|39/100 par|[from] Sandstorm
|upkeep
|turn|44
|
|t:|1760880256
|-end|p2a: Iron Hands|Quark Drive|[silent]
|switch|p2a: Landorus|Landorus-Therian, M|17/100
|-damage|p2a: Landorus|5/100|[from] Stealth Rock
|move|p1a: Weezing|Will-O-Wisp|p2a: Landorus
|-status|p2a: Landorus|brn
|
|-weather|none
|-damage|p2a: Landorus|0 fnt|[from] brn
|faint|p2a: Landorus
|upkeep
|
|t:|1760880261
|switch|p2a: Iron Crown|Iron Crown|68/100 brn
|-damage|p2a: Iron Crown|62/100 brn|[from] Stealth Rock
|turn|45
|
|t:|1760880268
|-end|p1a: Weezing|ability: Neutralizing Gas
|switch|p1a: Tyranitar|Tyranitar, F|7/100
|-damage|p1a: Tyranitar|0 fnt|[from] Stealth Rock
|faint|p1a: Tyranitar
|move|p2a: Iron Crown|Psychic Noise|p1: Tyranitar|[notarget]
|-fail|p2a: Iron Crown
|
|-damage|p2a: Iron Crown|56/100 brn|[from] brn
|upkeep
|
|t:|1760880277
|switch|p1a: Zamazenta|Zamazenta|100/100
|-damage|p1a: Zamazenta|94/100|[from] Stealth Rock
|-ability|p1a: Zamazenta|Dauntless Shield|boost
|-boost|p1a: Zamazenta|def|1
|turn|46
|
|t:|1760880282
|move|p1a: Zamazenta|Close Combat|p2a: Iron Crown
|-damage|p2a: Iron Crown|0 fnt
|-unboost|p1a: Zamazenta|def|1
|-unboost|p1a: Zamazenta|spd|1
|faint|p2a: Iron Crown
|-end|p2a: Iron Crown|Quark Drive|[silent]
|
|upkeep
|
|t:|1760880286
|switch|p2a: Dragapult|Dragapult, M|65/100 psn
|turn|47
|
|t:|1760880297
|move|p2a: Dragapult|Hex|p1a: Zamazenta
|-damage|p1a: Zamazenta|57/100
|move|p1a: Zamazenta|Close Combat|p2a: Dragapult
|-immune|p2a: Dragapult
|
|-damage|p2a: Dragapult|53/100 psn|[from] psn
|upkeep
|turn|48
|
|t:|1760880303
|switch|p1a: Excadrill|Excadrill, F|26/100
|-damage|p1a: Excadrill|23/100|[from] Stealth Rock
|move|p2a: Dragapult|Hex|p1a: Excadrill
|-damage|p1a: Excadrill|0 fnt
|faint|p1a: Excadrill
|
|-damage|p2a: Dragapult|41/100 psn|[from] psn
|upkeep
|
|t:|1760880307
|switch|p1a: Slowking|Slowking, M|36/100
|-damage|p1a: Slowking|24/100|[from] Stealth Rock
|turn|49
|
|t:|1760880312
|switch|p1a: Weezing|Weezing-Galar, M|39/100 par
|-ability|p1a: Weezing|Neutralizing Gas
|move|p2a: Dragapult|U-turn|p1a: Weezing
|-resisted|p1a: Weezing
|-damage|p1a: Weezing|36/100 par
|
|t:|1760880319
|switch|p2a: Alomomola|Alomomola, F|88/100 brn|[from] U-turn
|-damage|p2a: Alomomola|76/100 brn|[from] Stealth Rock
|
|-damage|p2a: Alomomola|70/100 brn|[from] brn
|upkeep
|turn|50
|
|t:|1760880321
|move|p2a: Alomomola|Wish|p2a: Alomomola
|move|p1a: Weezing|Pain Split|p2a: Alomomola
|-sethp|p2a: Alomomola|47/100 brn|[from] move: Pain Split|[silent]
|-sethp|p1a: Weezing|67/100 par|[from] move: Pain Split
|
|-damage|p2a: Alomomola|41/100 brn|[from] brn
|upkeep
|turn|51
|
|t:|1760880344
|move|p2a: Alomomola|Protect|p2a: Alomomola
|-singleturn|p2a: Alomomola|Protect
|move|p1a: Weezing|Sludge Bomb|p2a: Alomomola
|-activate|p2a: Alomomola|move: Protect
|
|-heal|p2a: Alomomola|91/100 brn|[from] move: Wish|[wisher] Alomomola
|-damage|p2a: Alomomola|85/100 brn|[from] brn
|upkeep
|turn|52
|
|t:|1760880349
|move|p2a: Alomomola|Wish|p2a: Alomomola
|move|p1a: Weezing|Pain Split|p2a: Alomomola
|-sethp|p2a: Alomomola|66/100 brn|[from] move: Pain Split|[silent]
|-sethp|p1a: Weezing|93/100 par|[from] move: Pain Split
|
|-damage|p2a: Alomomola|60/100 brn|[from] brn
|upkeep
|turn|53
|
|t:|1760880354
|move|p2a: Alomomola|Flip Turn|p1a: Weezing
|-damage|p1a: Weezing|88/100 par
|
|t:|1760880356
|switch|p2a: Dragapult|Dragapult, M|41/100 psn|[from] Flip Turn
|move|p1a: Weezing|Sludge Bomb|p2a: Dragapult
|-resisted|p2a: Dragapult
|-damage|p2a: Dragapult|24/100 psn
|
|-heal|p2a: Dragapult|98/100 psn|[from] move: Wish|[wisher] Alomomola
|-damage|p2a: Dragapult|85/100 psn|[from] psn
|upkeep
|turn|54
|
|t:|1760880361
|move|p2a: Dragapult|Hex|p1a: Weezing
|-damage|p1a: Weezing|16/100 par
|cant|p1a: Weezing|par
|
|-damage|p2a: Dragapult|73/100 psn|[from] psn
|upkeep
|turn|55
|
|t:|1760880366
|move|p2a: Dragapult|Hex|p1a: Weezing
|-crit|p1a: Weezing
|-damage|p1a: Weezing|0 fnt
|faint|p1a: Weezing
|-end|p1a: Weezing|ability: Neutralizing Gas
|
|-damage|p2a: Dragapult|61/100 psn|[from] psn
|upkeep
|
|t:|1760880368
|switch|p1a: Slowking|Slowking, M|57/100
|-damage|p1a: Slowking|45/100|[from] Stealth Rock
|turn|56
|
|t:|1760880372
|move|p2a: Dragapult|U-turn|p1a: Slowking
|-supereffective|p1a: Slowking
|-damage|p1a: Slowking|10/100
|
|t:|1760880377
|switch|p2a: Alomomola|Alomomola, F|60/100 brn|[from] U-turn
|-damage|p2a: Alomomola|48/100 brn|[from] Stealth Rock
|move|p1a: Slowking|Psychic Noise|p2a: Alomomola
|-damage|p2a: Alomomola|21/100 brn
|-start|p2a: Alomomola|move: Heal Block
|
|-damage|p2a: Alomomola|15/100 brn|[from] brn
|upkeep
|turn|57
|
|t:|1760880385
|move|p2a: Alomomola|Body Slam|p1a: Slowking
|-damage|p1a: Slowking|3/100
|move|p1a: Slowking|Psychic Noise|p2a: Alomomola
|-damage|p2a: Alomomola|0 fnt
|faint|p2a: Alomomola
|
|upkeep
|
|t:|1760880395
|switch|p2a: Rillaboom|Rillaboom, M|100/100
|-damage|p2a: Rillaboom|88/100|[from] Stealth Rock
|-fieldstart|move: Grassy Terrain|[from] ability: Grassy Surge|[of] p2a: Rillaboom
|turn|58
|
|t:|1760880400
|switch|p1a: Corviknight|Corviknight, F|79/100 par
|-damage|p1a: Corviknight|67/100 par|[from] Stealth Rock
|-ability|p1a: Corviknight|Pressure
|move|p2a: Rillaboom|U-turn|p1a: Corviknight
|-resisted|p1a: Corviknight
|-damage|p1a: Corviknight|61/100 par
|
|t:|1760880407
|switch|p2a: Iron Hands|Iron Hands|91/100|[from] U-turn
|
|-heal|p2a: Iron Hands|97/100|[from] Grassy Terrain
|-heal|p1a: Corviknight|67/100 par|[from] item: Leftovers
|upkeep
|turn|59
|
|t:|1760880414
|move|p2a: Iron Hands|Swords Dance|p2a: Iron Hands
|-boost|p2a: Iron Hands|atk|2
|move|p1a: Corviknight|Roost|p1a: Corviknight
|-heal|p1a: Corviknight|100/100 par
|-singleturn|p1a: Corviknight|move: Roost
|
|-heal|p2a: Iron Hands|100/100|[from] Grassy Terrain
|upkeep
|turn|60
|
|t:|1760880418
|-terastallize|p1a: Corviknight|Dragon
|move|p2a: Iron Hands|Thunder Punch|p1a: Corviknight
|-resisted|p1a: Corviknight
|-damage|p1a: Corviknight|73/100 par
|cant|p1a: Corviknight|par
|
|-heal|p1a: Corviknight|79/100 par|[from] Grassy Terrain
|-heal|p1a: Corviknight|85/100 par|[from] item: Leftovers
|upkeep
|turn|61
|
|t:|1760880422
|move|p2a: Iron Hands|Ice Punch|p1a: Corviknight
|-supereffective|p1a: Corviknight
|-damage|p1a: Corviknight|11/100 par
|move|p1a: Corviknight|Iron Defense|p1a: Corviknight
|-boost|p1a: Corviknight|def|2
|
|-heal|p1a: Corviknight|17/100 par|[from] Grassy Terrain
|-heal|p1a: Corviknight|23/100 par|[from] item: Leftovers
|upkeep
|turn|62
|
|t:|1760880426
|move|p2a: Iron Hands|Ice Punch|p1a: Corviknight
|-supereffective|p1a: Corviknight
|-damage|p1a: Corviknight|0 fnt
|faint|p1a: Corviknight
|
|-fieldend|move: Grassy Terrain
|upkeep
|
|t:|1760880428
|switch|p1a: Zamazenta|Zamazenta|57/100
|-damage|p1a: Zamazenta|51/100|[from] Stealth Rock
|turn|63
|
|t:|1760880429
|move|p1a: Zamazenta|Close Combat|p2a: Iron Hands
|-damage|p2a: Iron Hands|39/100
|-unboost|p1a: Zamazenta|def|1
|-unboost|p1a: Zamazenta|spd|1
|move|p2a: Iron Hands|Drain Punch|p1a: Zamazenta
|-damage|p1a: Zamazenta|0 fnt
|-heal|p2a: Iron Hands|56/100|[from] drain|[of] p1a: Zamazenta
|faint|p1a: Zamazenta
|
|upkeep
|c|☆art of unmoning|Gg
|-message|art of unmoning forfeited.
|
|win|Shanubiki
|raw|art of unmoning's rating: 1742 &rarr; <strong>1717</strong><br />(-25 for losing)
|raw|Shanubiki's rating: 1659 &rarr; <strong>1684</strong><br />(+25 for winning)
|l|☆art of unmoning
|player|p1|
|l|☆Shanubiki
|player|p2|
