|j|☆meatrub
|j|☆viutil
|t:|1760877801
|gametype|singles
|player|p1|meatrub|swimmer-gen4dp|1506
|player|p2|viutil|170|1544
|gen|9
|tier|[Gen 9] OU
|rated|
|rule|HP Percentage Mod: HP is shown in percentages
|rule|Endless Battle Clause: Forcing endless battles is banned
|rule|Species Clause: Limit one of each Pokémon
|rule|OHKO Clause: OHKO moves are banned
|rule|Evasion Items Clause: Evasion items are banned
|rule|Evasion Moves Clause: Evasion moves are banned
|rule|Evasion Abilities Clause: Evasion abilities are banned
|rule|Sleep Moves Clause: Sleep-inducing moves are banned
|clearpoke
|poke|p1|Kommo-o, M|
|poke|p1|Ninetales-Alola, F|
|poke|p1|Great Tusk|
|poke|p1|Ogerpon-Wellspring, F|
|poke|p1|Moltres-Galar|
|poke|p1|Scizor, M|
|poke|p2|Gholdengo|
|poke|p2|Iron Crown|
|poke|p2|Kyurem|
|poke|p2|Cinderace, M|
|poke|p2|Rillaboom, M|
|poke|p2|Great Tusk|
|teampreview
|inactive|Battle timer is ON: inactive players will automatically lose when time's up. (requested by meatrub)
|
|t:|1760877812
|teamsize|p1|6
|teamsize|p2|6
|start
|switch|p1a: Ninetales|Ninetales-Alola, F|100/100
|switch|p2a: Cinderace|Cinderace, M|100/100
|-weather|Snowscape|[from] ability: Snow Warning|[of] p1a: Ninetales
|turn|1
|
|t:|1760877822
|-terastallize|p1a: Ninetales|Water
|move|p2a: Cinderace|Pyro Ball|p1a: Ninetales
|-resisted|p1a: Ninetales
|-damage|p1a: Ninetales|68/100
|move|p1a: Ninetales|Aurora Veil|p1a: Ninetales
|-sidestart|p1: meatrub|move: Aurora Veil
|
|-weather|Snowscape|[upkeep]
|upkeep
|turn|2
|
|t:|1760877831
|move|p2a: Cinderace|Court Change|p2a: Cinderace
|-start|p2a: Cinderace|typechange|Normal|[from] ability: Libero
|-swapsideconditions
|-activate|p2a: Cinderace|move: Court Change
|move|p1a: Ninetales|Encore|p2a: Cinderace
|-start|p2a: Cinderace|Encore
|
|-weather|Snowscape|[upkeep]
|upkeep
|turn|3
|
|t:|1760877840
|move|p2a: Cinderace|Court Change|p2a: Cinderace
|-swapsideconditions
|-activate|p2a: Cinderace|move: Court Change
|move|p1a: Ninetales|Moonblast|p2a: Cinderace
|-damage|p2a: Cinderace|58/100
|-unboost|p2a: Cinderace|spa|1
|
|-weather|Snowscape|[upkeep]
|upkeep
|turn|4
|
|t:|1760877850
|move|p2a: Cinderace|Court Change|p2a: Cinderace
|-swapsideconditions
|-activate|p2a: Cinderace|move: Court Change
|move|p1a: Ninetales|Aurora Veil|p1a: Ninetales
|-sidestart|p1: meatrub|move: Aurora Veil
|
|-weather|Snowscape|[upkeep]
|upkeep
|turn|5
|
|t:|1760877871
|switch|p1a: Kommo-o|Kommo-o, M|100/100
|move|p2a: Cinderace|Court Change|p2a: Cinderace
|-swapsideconditions
|-activate|p2a: Cinderace|move: Court Change
|
|-weather|none
|-end|p2a: Cinderace|Encore
|upkeep
|turn|6
|
|t:|1760877883
|move|p2a: Cinderace|U-turn|p1a: Kommo-o
|-resisted|p1a: Kommo-o
|-damage|p1a: Kommo-o|95/100
|
|t:|1760877886
|switch|p2a: Gholdengo|Gholdengo|100/100|[from] U-turn
|move|p1a: Kommo-o|Clangorous Soul|p1a: Kommo-o
|-boost|p1a: Kommo-o|atk|1
|-boost|p1a: Kommo-o|def|1
|-boost|p1a: Kommo-o|spa|1
|-boost|p1a: Kommo-o|spd|1
|-boost|p1a: Kommo-o|spe|1
|-damage|p1a: Kommo-o|62/100
|-enditem|p1a: Kommo-o|Throat Spray
|-boost|p1a: Kommo-o|spa|1|[from] item: Throat Spray
|
|upkeep
|turn|7
|
|t:|1760877907
|move|p1a: Kommo-o|Clangorous Soul|p1a: Kommo-o
|-boost|p1a: Kommo-o|atk|1
|-boost|p1a: Kommo-o|def|1
|-boost|p1a: Kommo-o|spa|1
|-boost|p1a: Kommo-o|spd|1
|-boost|p1a: Kommo-o|spe|1
|-damage|p1a: Kommo-o|29/100
|move|p2a: Gholdengo|Trick|p1a: Kommo-o
|-activate|p2a: Gholdengo|move: Trick|[of] p1a: Kommo-o
|-item|p1a: Kommo-o|Choice Scarf|[from] move: Trick
|-enditem|p2a: Gholdengo|Choice Scarf|[silent]|[from] move: Trick
|
|upkeep
|turn|8
|
|t:|1760877917
|move|p1a: Kommo-o|Flamethrower|p2a: Gholdengo
|-supereffective|p2a: Gholdengo
|-damage|p2a: Gholdengo|31/100
|move|p2a: Gholdengo|Make It Rain|p1a: Kommo-o
|-damage|p1a: Kommo-o|9/100
|-unboost|p2a: Gholdengo|spa|1
|
|-sideend|p1: meatrub|move: Aurora Veil
|upkeep
|turn|9
|
|t:|1760877931
|move|p1a: Kommo-o|Flamethrower|p2a: Gholdengo
|-supereffective|p2a: Gholdengo
|-damage|p2a: Gholdengo|0 fnt
|faint|p2a: Gholdengo
|
|upkeep
|
|t:|1760877936
|switch|p2a: Rillaboom|Rillaboom, M|100/100
|-fieldstart|move: Grassy Terrain|[from] ability: Grassy Surge|[of] p2a: Rillaboom
|turn|10
|
|t:|1760877941
|move|p2a: Rillaboom|Grassy Glide|p1a: Kommo-o
|-resisted|p1a: Kommo-o
|-damage|p1a: Kommo-o|0 fnt
|faint|p1a: Kommo-o
|
|upkeep
|j| riyuezi
|
|t:|1760877952
|switch|p1a: Scizor|Scizor, M|100/100
|turn|11
|
|t:|1760877956
|switch|p2a: Great Tusk|Great Tusk|100/100
|move|p1a: Scizor|Swords Dance|p1a: Scizor
|-boost|p1a: Scizor|atk|2
|
|-sideend|p2: viutil|move: Aurora Veil
|upkeep
|turn|12
|
|t:|1760877964
|move|p2a: Great Tusk|Knock Off|p1a: Scizor
|-damage|p1a: Scizor|61/100
|-enditem|p1a: Scizor|Life Orb|[from] move: Knock Off|[of] p2a: Great Tusk
|move|p1a: Scizor|Dual Wingbeat|p2a: Great Tusk
|-supereffective|p2a: Great Tusk
|-damage|p2a: Great Tusk|34/100
|-supereffective|p2a: Great Tusk
|-damage|p2a: Great Tusk|0 fnt
|faint|p2a: Great Tusk
|-end|p2a: Great Tusk|Protosynthesis|[silent]
|-hitcount|p2: Great Tusk|2
|
|-heal|p1a: Scizor|67/100|[from] Grassy Terrain
|upkeep
|
|t:|1760877979
|switch|p2a: Cinderace|Cinderace, M|58/100
|turn|13
|
|t:|1760877990
|move|p1a: Scizor|Bullet Punch|p2a: Cinderace
|-resisted|p2a: Cinderace
|-damage|p2a: Cinderace|7/100
|move|p2a: Cinderace|Pyro Ball|p1a: Scizor
|-supereffective|p1a: Scizor
|-damage|p1a: Scizor|0 fnt
|faint|p1a: Scizor
|
|-heal|p2a: Cinderace|13/100|[from] Grassy Terrain
|upkeep
|
|t:|1760878000
|switch|p1a: Ninetales|Ninetales-Alola, F, tera:Water|68/100
|-weather|Snowscape|[from] ability: Snow Warning|[of] p1a: Ninetales
|turn|14
|
|t:|1760878005
|switch|p2a: Rillaboom|Rillaboom, M|100/100
|move|p1a: Ninetales|Aurora Veil|p1a: Ninetales
|-sidestart|p1: meatrub|move: Aurora Veil
|
|-weather|Snowscape|[upkeep]
|-heal|p1a: Ninetales|74/100|[from] Grassy Terrain
|-fieldend|move: Grassy Terrain
|upkeep
|turn|15
|
|t:|1760878017
|switch|p1a: Ogerpon|Ogerpon-Wellspring, F|100/100
|move|p2a: Rillaboom|U-turn|p1a: Ogerpon
|-supereffective|p1a: Ogerpon
|-damage|p1a: Ogerpon|57/100
|
|t:|1760878020
|switch|p2a: Cinderace|Cinderace, M|13/100|[from] U-turn
|
|-weather|Snowscape|[upkeep]
|upkeep
|turn|16
|
|t:|1760878029
|move|p2a: Cinderace|U-turn|p1a: Ogerpon
|-start|p2a: Cinderace|typechange|Bug|[from] ability: Libero
|-supereffective|p1a: Ogerpon
|-damage|p1a: Ogerpon|14/100
|
|t:|1760878032
|switch|p2a: Rillaboom|Rillaboom, M|100/100|[from] U-turn
|-fieldstart|move: Grassy Terrain|[from] ability: Grassy Surge|[of] p2a: Rillaboom
|move|p1a: Ogerpon|Trailblaze|p2a: Rillaboom
|-resisted|p2a: Rillaboom
|-damage|p2a: Rillaboom|81/100
|-boost|p1a: Ogerpon|spe|1
|
|-weather|Snowscape|[upkeep]
|-heal|p1a: Ogerpon|20/100|[from] Grassy Terrain
|-heal|p2a: Rillaboom|87/100|[from] Grassy Terrain
|upkeep
|turn|17
|
|t:|1760878045
|move|p2a: Rillaboom|Grassy Glide|p1a: Ogerpon
|-damage|p1a: Ogerpon|0 fnt
|faint|p1a: Ogerpon
|
|-weather|Snowscape|[upkeep]
|-heal|p2a: Rillaboom|93/100|[from] Grassy Terrain
|upkeep
|
|t:|1760878052
|switch|p1a: Moltres|Moltres-Galar|100/100
|turn|18
|
|t:|1760878073
|switch|p2a: Cinderace|Cinderace, M|13/100
|move|p1a: Moltres|Agility|p1a: Moltres
|-boost|p1a: Moltres|spe|2
|
|-weather|none
|-heal|p2a: Cinderace|19/100|[from] Grassy Terrain
|upkeep
|turn|19
|
|t:|1760878084
|move|p1a: Moltres|Fiery Wrath|p2a: Cinderace
|-damage|p2a: Cinderace|0 fnt
|faint|p2a: Cinderace
|
|upkeep
|
|t:|1760878086
|switch|p2a: Kyurem|Kyurem|100/100
|-ability|p2a: Kyurem|Pressure
|turn|20
|
|t:|1760878094
|move|p1a: Moltres|Nasty Plot|p1a: Moltres
|-boost|p1a: Moltres|spa|2
|move|p2a: Kyurem|Icicle Spear|p1a: Moltres
|-supereffective|p1a: Moltres
|-damage|p1a: Moltres|82/100
|-supereffective|p1a: Moltres
|-damage|p1a: Moltres|66/100
|-supereffective|p1a: Moltres
|-damage|p1a: Moltres|48/100
|-enditem|p1a: Moltres|Sitrus Berry|[eat]
|-heal|p1a: Moltres|73/100|[from] item: Sitrus Berry
|-supereffective|p1a: Moltres
|-damage|p1a: Moltres|56/100
|-supereffective|p1a: Moltres
|-damage|p1a: Moltres|38/100
|-hitcount|p1a: Moltres|5
|-ability|p1a: Moltres|Berserk|boost
|-boost|p1a: Moltres|spa|1
|
|-fieldend|move: Grassy Terrain
|upkeep
|turn|21
|
|t:|1760878113
|move|p1a: Moltres|Fiery Wrath|p2a: Kyurem
|-damage|p2a: Kyurem|0 fnt
|faint|p2a: Kyurem
|
|-sideend|p1: meatrub|move: Aurora Veil
|upkeep
|
|t:|1760878118
|switch|p2a: Rillaboom|Rillaboom, M|93/100
|-fieldstart|move: Grassy Terrain|[from] ability: Grassy Surge|[of] p2a: Rillaboom
|turn|22
|
|t:|1760878125
|-terastallize|p2a: Rillaboom|Grass
|move|p2a: Rillaboom|Grassy Glide|p1a: Moltres
|-resisted|p1a: Moltres
|-damage|p1a: Moltres|0 fnt
|faint|p1a: Moltres
|
|-heal|p2a: Rillaboom|99/100|[from] Grassy Terrain
|upkeep
|c|☆viutil|gg
|-message|meatrub forfeited.
|
|win|viutil
|raw|meatrub's rating: 1506 &rarr; <strong>1488</strong><br />(-18 for losing)
|raw|viutil's rating: 1544 &rarr; <strong>1562</strong><br />(+18 for winning)
|l|☆meatrub
|player|p1|
|l|☆viutil
|player|p2|
|l| riyuezi
