|j|☆p0pfj
|j|☆EustaquioSanchezz
|t:|1760732751
|gametype|singles
|player|p1|p0pfj|170|1057
|player|p2|EustaquioSanchezz|169|1074
|gen|9
|tier|[Gen 9] OU
|rated|
|rule|HP Percentage Mod: HP is shown in percentages
|rule|Endless Battle Clause: Forcing endless battles is banned
|rule|Species Clause: Limit one of each Pokémon
|rule|OHKO Clause: OHKO moves are banned
|rule|Evasion Items Clause: Evasion items are banned
|rule|Evasion Moves Clause: Evasion moves are banned
|rule|Evasion Abilities Clause: Evasion abilities are banned
|rule|Sleep Moves Clause: Sleep-inducing moves are banned
|clearpoke
|poke|p1|Jirachi|
|poke|p1|Arcanine, F|
|poke|p1|Vaporeon, M|
|poke|p1|Iron Jugulis|
|poke|p1|Enamorus, F|
|poke|p1|Rillaboom, M|
|poke|p2|Gliscor, M|
|poke|p2|Zapdos|
|poke|p2|Volbeat, M|
|poke|p2|Volcanion|
|poke|p2|Rillaboom, F|
|poke|p2|Quaquaval, F|
|teampreview
|
|t:|1760732760
|teamsize|p1|6
|teamsize|p2|6
|start
|switch|p1a: Vaporeon|Vaporeon, M|100/100
|switch|p2a: Volbeat|Volbeat, M|100/100
|turn|1
|
|t:|1760732770
|switch|p1a: Jirachi|Jirachi|100/100
|move|p2a: Volbeat|Tailwind|p2a: Volbeat
|-sidestart|p2: EustaquioSanchezz|move: Tailwind
|
|upkeep
|turn|2
|
|t:|1760732781
|move|p2a: Volbeat|Rain Dance|p2a: Volbeat
|-weather|RainDance
|move|p1a: Jirachi|Body Slam|p2a: Volbeat
|-damage|p2a: Volbeat|61/100
|
|-weather|RainDance|[upkeep]
|upkeep
|turn|3
|
|t:|1760732790
|move|p2a: Volbeat|Thunder Punch|p1a: Jirachi
|-damage|p1a: Jirachi|89/100
|-enditem|p1a: Jirachi|Red Card|[of] p2a: Volbeat
|drag|p2a: Volcanion|Volcanion|100/100
|move|p1a: Jirachi|Body Slam|p2a: Volcanion
|-damage|p2a: Volcanion|72/100
|
|-weather|RainDance|[upkeep]
|-heal|p2a: Volcanion|78/100|[from] item: Leftovers
|upkeep
|turn|4
|
|t:|1760732799
|switch|p1a: Vaporeon|Vaporeon, M|100/100
|move|p2a: Volcanion|Steam Eruption|p1a: Vaporeon
|-immune|p1a: Vaporeon|[from] ability: Water Absorb
|
|-weather|RainDance|[upkeep]
|-heal|p2a: Volcanion|84/100|[from] item: Leftovers
|-sideend|p2: EustaquioSanchezz|move: Tailwind
|upkeep
|turn|5
|
|t:|1760732809
|switch|p2a: Rillaboom|Rillaboom, F, shiny|100/100
|-fieldstart|move: Grassy Terrain|[from] ability: Grassy Surge|[of] p2a: Rillaboom
|move|p1a: Vaporeon|Ice Beam|p2a: Rillaboom
|-supereffective|p2a: Rillaboom
|-damage|p2a: Rillaboom|58/100
|
|-weather|RainDance|[upkeep]
|-heal|p2a: Rillaboom|64/100|[from] Grassy Terrain
|upkeep
|turn|6
|
|t:|1760732818
|switch|p1a: Arcanine|Arcanine, F|100/100
|-ability|p1a: Arcanine|Intimidate|boost
|-unboost|p2a: Rillaboom|atk|1
|move|p2a: Rillaboom|Fake Out|p1a: Arcanine
|-damage|p1a: Arcanine|92/100
|-damage|p2a: Rillaboom|48/100|[from] item: Rocky Helmet|[of] p1a: Arcanine
|
|-weather|none
|-heal|p1a: Arcanine|99/100|[from] Grassy Terrain
|-heal|p2a: Rillaboom|54/100|[from] Grassy Terrain
|upkeep
|turn|7
|
|t:|1760732829
|switch|p2a: Gliscor|Gliscor, M, shiny|100/100
|move|p1a: Arcanine|Will-O-Wisp|p2a: Gliscor
|-status|p2a: Gliscor|brn
|
|-heal|p1a: Arcanine|100/100|[from] Grassy Terrain
|-damage|p2a: Gliscor|94/100 brn|[from] brn
|upkeep
|turn|8
|
|t:|1760732839
|switch|p1a: Iron Jugulis|Iron Jugulis|100/100
|move|p2a: Gliscor|Swords Dance|p2a: Gliscor
|-boost|p2a: Gliscor|atk|2
|
|-damage|p2a: Gliscor|88/100 brn|[from] brn
|upkeep
|turn|9
|-message|EustaquioSanchezz forfeited.
|
|win|p0pfj
|raw|p0pfj's rating: 1057 &rarr; <strong>1090</strong><br />(+33 for winning)
|raw|EustaquioSanchezz's rating: 1074 &rarr; <strong>1052</strong><br />(-22 for losing)
|l|☆EustaquioSanchezz
|player|p2|
|l|☆p0pfj
|player|p1|
