|j|☆AmanRises
|j|☆KingBeanis
|t:|1760813931
|gametype|singles
|player|p1|AmanRises|marshal|1387
|player|p2|KingBeanis|acerola|1368
|gen|9
|tier|[Gen 9] OU
|rated|
|rule|HP Percentage Mod: HP is shown in percentages
|rule|Endless Battle Clause: Forcing endless battles is banned
|rule|Species Clause: Limit one of each Pokémon
|rule|OHKO Clause: OHKO moves are banned
|rule|Evasion Items Clause: Evasion items are banned
|rule|Evasion Moves Clause: Evasion moves are banned
|rule|Evasion Abilities Clause: Evasion abilities are banned
|rule|Sleep Moves Clause: Sleep-inducing moves are banned
|clearpoke
|poke|p1|Torkoal, F|
|poke|p1|Venusaur, M|
|poke|p1|Garchomp, M|
|poke|p1|Heatran, F|
|poke|p1|Snorlax, F|
|poke|p1|Great Tusk|
|poke|p2|Hatterene, F|
|poke|p2|Iron Treads|
|poke|p2|Raging Bolt|
|poke|p2|Corviknight, F|
|poke|p2|Meowscarada, M|
|poke|p2|Dragonite, M|
|teampreview
|inactive|Battle timer is ON: inactive players will automatically lose when time's up. (requested by AmanRises)
|
|t:|1760813942
|teamsize|p1|6
|teamsize|p2|6
|start
|switch|p1a: Garchomp|Garchomp, M|100/100
|switch|p2a: Raging Bolt|Raging Bolt|100/100
|-enditem|p2a: Raging Bolt|Booster Energy
|-activate|p2a: Raging Bolt|ability: Protosynthesis|[fromitem]
|-start|p2a: Raging Bolt|protosynthesisspa
|turn|1
|
|t:|1760813952
|switch|p1a: Heatran|Heatran, F|100/100
|move|p2a: Raging Bolt|Dragon Pulse|p1a: Heatran
|-resisted|p1a: Heatran
|-damage|p1a: Heatran|81/100
|
|-heal|p1a: Heatran|87/100|[from] item: Leftovers
|upkeep
|turn|2
|
|t:|1760813959
|move|p1a: Heatran|Earth Power|p2a: Raging Bolt
|-supereffective|p2a: Raging Bolt
|-damage|p2a: Raging Bolt|56/100
|move|p2a: Raging Bolt|Volt Switch|p1a: Heatran
|-damage|p1a: Heatran|54/100
|
|t:|1760813963
|-end|p2a: Raging Bolt|Protosynthesis|[silent]
|switch|p2a: Iron Treads|Iron Treads|100/100|[from] Volt Switch
|
|-heal|p1a: Heatran|61/100|[from] item: Leftovers
|upkeep
|turn|3
|
|t:|1760813970
|switch|p1a: Garchomp|Garchomp, M|100/100
|move|p2a: Iron Treads|Stealth Rock|p1a: Garchomp
|-sidestart|p1: AmanRises|move: Stealth Rock
|
|upkeep
|turn|4
|
|t:|1760813975
|move|p2a: Iron Treads|Ice Spinner|p1a: Garchomp
|-supereffective|p1a: Garchomp
|-damage|p1a: Garchomp|46/100
|-damage|p2a: Iron Treads|88/100|[from] ability: Rough Skin|[of] p1a: Garchomp
|-damage|p2a: Iron Treads|72/100|[from] item: Rocky Helmet|[of] p1a: Garchomp
|move|p1a: Garchomp|Earthquake|p2a: Iron Treads
|-supereffective|p2a: Iron Treads
|-damage|p2a: Iron Treads|0 fnt
|faint|p2a: Iron Treads
|-end|p2a: Iron Treads|Quark Drive|[silent]
|
|upkeep
|
|t:|1760813987
|switch|p2a: Meowscarada|Meowscarada, M|100/100
|turn|5
|
|t:|1760813993
|move|p2a: Meowscarada|Knock Off|p1a: Garchomp
|-start|p2a: Meowscarada|typechange|Dark|[from] ability: Protean
|-damage|p1a: Garchomp|17/100
|-damage|p2a: Meowscarada|88/100|[from] ability: Rough Skin|[of] p1a: Garchomp
|-damage|p2a: Meowscarada|72/100|[from] item: Rocky Helmet|[of] p1a: Garchomp
|-enditem|p1a: Garchomp|Rocky Helmet|[from] move: Knock Off|[of] p2a: Meowscarada
|move|p1a: Garchomp|Stealth Rock|p2a: Meowscarada
|-sidestart|p2: KingBeanis|move: Stealth Rock
|
|upkeep
|turn|6
|
|t:|1760814002
|move|p2a: Meowscarada|Flower Trick|p1a: Garchomp
|-crit|p1a: Garchomp
|-damage|p1a: Garchomp|0 fnt
|faint|p1a: Garchomp
|
|upkeep
|
|t:|1760814009
|switch|p1a: Great Tusk|Great Tusk|100/100
|-damage|p1a: Great Tusk|98/100|[from] Stealth Rock
|turn|7
|
|t:|1760814018
|-terastallize|p2a: Meowscarada|Ghost
|move|p1a: Great Tusk|Close Combat|p2a: Meowscarada
|-immune|p2a: Meowscarada
|move|p2a: Meowscarada|Flower Trick|p1a: Great Tusk
|-supereffective|p1a: Great Tusk
|-crit|p1a: Great Tusk
|-damage|p1a: Great Tusk|48/100
|
|upkeep
|turn|8
|
|t:|1760814027
|-end|p1a: Great Tusk|Protosynthesis|[silent]
|switch|p1a: Torkoal|Torkoal, F, shiny|100/100
|-damage|p1a: Torkoal|76/100|[from] Stealth Rock
|-weather|SunnyDay|[from] ability: Drought|[of] p1a: Torkoal
|move|p2a: Meowscarada|Knock Off|p1a: Torkoal
|-damage|p1a: Torkoal|49/100
|-enditem|p1a: Torkoal|Heat Rock|[from] move: Knock Off|[of] p2a: Meowscarada
|
|-weather|SunnyDay|[upkeep]
|upkeep
|turn|9
|
|t:|1760814037
|switch|p2a: Corviknight|Corviknight, F|100/100
|-damage|p2a: Corviknight|88/100|[from] Stealth Rock
|-ability|p2a: Corviknight|Pressure
|move|p1a: Torkoal|Will-O-Wisp|p2a: Corviknight
|-status|p2a: Corviknight|brn
|
|-weather|SunnyDay|[upkeep]
|-damage|p2a: Corviknight|82/100 brn|[from] brn
|upkeep
|turn|10
|
|t:|1760814048
|move|p2a: Corviknight|U-turn|p1a: Torkoal
|-resisted|p1a: Torkoal
|-damage|p1a: Torkoal|48/100
|
|t:|1760814051
|switch|p2a: Meowscarada|Meowscarada, M, tera:Ghost|72/100|[from] U-turn
|move|p1a: Torkoal|Lava Plume|p2a: Meowscarada
|-crit|p2a: Meowscarada
|-damage|p2a: Meowscarada|0 fnt
|faint|p2a: Meowscarada
|
|-weather|SunnyDay|[upkeep]
|upkeep
|
|t:|1760814061
|switch|p2a: Dragonite|Dragonite, M|100/100
|-damage|p2a: Dragonite|76/100|[from] Stealth Rock
|turn|11
|
|t:|1760814064
|move|p2a: Dragonite|Earthquake|p1a: Torkoal
|-supereffective|p1a: Torkoal
|-damage|p1a: Torkoal|0 fnt
|faint|p1a: Torkoal
|
|-weather|SunnyDay|[upkeep]
|upkeep
|
|t:|1760814070
|switch|p1a: Great Tusk|Great Tusk|48/100
|-damage|p1a: Great Tusk|45/100|[from] Stealth Rock
|-activate|p1a: Great Tusk|ability: Protosynthesis
|-start|p1a: Great Tusk|protosynthesisatk
|turn|12
|
|t:|1760814076
|switch|p2a: Corviknight|Corviknight, F|82/100 brn
|-damage|p2a: Corviknight|69/100 brn|[from] Stealth Rock
|-ability|p2a: Corviknight|Pressure
|move|p1a: Great Tusk|Ice Spinner|p2a: Corviknight
|-damage|p2a: Corviknight|38/100 brn
|-damage|p1a: Great Tusk|29/100|[from] item: Rocky Helmet|[of] p2a: Corviknight
|
|-weather|SunnyDay|[upkeep]
|-damage|p2a: Corviknight|32/100 brn|[from] brn
|upkeep
|turn|13
|
|t:|1760814086
|move|p1a: Great Tusk|Ice Spinner|p2a: Corviknight
|-damage|p2a: Corviknight|4/100 brn
|-damage|p1a: Great Tusk|12/100|[from] item: Rocky Helmet|[of] p2a: Corviknight
|move|p2a: Corviknight|Roost|p2a: Corviknight
|-heal|p2a: Corviknight|54/100 brn
|-singleturn|p2a: Corviknight|move: Roost
|
|-weather|SunnyDay|[upkeep]
|-damage|p2a: Corviknight|48/100 brn|[from] brn
|upkeep
|turn|14
|
|t:|1760814095
|move|p1a: Great Tusk|Ice Spinner|p2a: Corviknight
|-damage|p2a: Corviknight|17/100 brn
|-damage|p1a: Great Tusk|0 fnt|[from] item: Rocky Helmet|[of] p2a: Corviknight
|faint|p1a: Great Tusk
|-end|p1a: Great Tusk|Protosynthesis|[silent]
|move|p2a: Corviknight|Roost|p2a: Corviknight
|-heal|p2a: Corviknight|67/100 brn
|-singleturn|p2a: Corviknight|move: Roost
|
|-weather|SunnyDay|[upkeep]
|-damage|p2a: Corviknight|61/100 brn|[from] brn
|upkeep
|
|t:|1760814105
|switch|p1a: Venusaur|Venusaur, M|100/100
|-damage|p1a: Venusaur|88/100|[from] Stealth Rock
|turn|15
|
|t:|1760814110
|switch|p2a: Raging Bolt|Raging Bolt|56/100
|-damage|p2a: Raging Bolt|44/100|[from] Stealth Rock
|-activate|p2a: Raging Bolt|ability: Protosynthesis
|-start|p2a: Raging Bolt|protosynthesisspa
|move|p1a: Venusaur|Growth|p1a: Venusaur
|-boost|p1a: Venusaur|atk|2
|-boost|p1a: Venusaur|spa|2
|
|-weather|none
|-end|p2a: Raging Bolt|Protosynthesis
|upkeep
|turn|16
|
|t:|1760814123
|move|p1a: Venusaur|Earth Power|p2a: Raging Bolt
|-supereffective|p2a: Raging Bolt
|-damage|p2a: Raging Bolt|0 fnt
|faint|p2a: Raging Bolt
|-end|p2a: Raging Bolt|Protosynthesis|[silent]
|-damage|p1a: Venusaur|78/100|[from] item: Life Orb
|
|upkeep
|
|t:|1760814126
|switch|p2a: Hatterene|Hatterene, F|100/100
|-damage|p2a: Hatterene|88/100|[from] Stealth Rock
|turn|17
|
|t:|1760814131
|move|p1a: Venusaur|Earth Power|p2a: Hatterene
|-damage|p2a: Hatterene|18/100
|-unboost|p2a: Hatterene|spd|1
|-damage|p1a: Venusaur|68/100|[from] item: Life Orb
|move|p2a: Hatterene|Psychic|p1a: Venusaur
|-supereffective|p1a: Venusaur
|-damage|p1a: Venusaur|0 fnt
|faint|p1a: Venusaur
|
|-heal|p2a: Hatterene|24/100|[from] item: Leftovers
|upkeep
|
|t:|1760814142
|switch|p1a: Snorlax|Snorlax, F|100/100
|-damage|p1a: Snorlax|88/100|[from] Stealth Rock
|turn|18
|
|t:|1760814146
|move|p1a: Snorlax|Curse|p1a: Snorlax
|-unboost|p1a: Snorlax|spe|1
|-boost|p1a: Snorlax|atk|1
|-boost|p1a: Snorlax|def|1
|move|p2a: Hatterene|Calm Mind|p2a: Hatterene
|-boost|p2a: Hatterene|spa|1
|-boost|p2a: Hatterene|spd|1
|
|-heal|p2a: Hatterene|30/100|[from] item: Leftovers
|-heal|p1a: Snorlax|94/100|[from] item: Leftovers
|upkeep
|turn|19
|
|t:|1760814154
|move|p2a: Hatterene|Calm Mind|p2a: Hatterene
|-boost|p2a: Hatterene|spa|1
|-boost|p2a: Hatterene|spd|1
|move|p1a: Snorlax|Curse|p1a: Snorlax
|-unboost|p1a: Snorlax|spe|1
|-boost|p1a: Snorlax|atk|1
|-boost|p1a: Snorlax|def|1
|
|-heal|p2a: Hatterene|36/100|[from] item: Leftovers
|-heal|p1a: Snorlax|99/100|[from] item: Leftovers
|upkeep
|turn|20
|
|t:|1760814162
|move|p2a: Hatterene|Draining Kiss|p1a: Snorlax
|-damage|p1a: Snorlax|72/100
|-heal|p2a: Hatterene|71/100|[from] drain|[of] p1a: Snorlax
|move|p1a: Snorlax|Body Slam|p2a: Hatterene
|-damage|p2a: Hatterene|4/100
|-status|p2a: Hatterene|par
|
|-heal|p1a: Snorlax|78/100|[from] item: Leftovers
|-heal|p2a: Hatterene|10/100 par|[from] item: Leftovers
|upkeep
|turn|21
|
|t:|1760814171
|move|p1a: Snorlax|Body Slam|p2a: Hatterene
|-crit|p2a: Hatterene
|-damage|p2a: Hatterene|0 fnt
|faint|p2a: Hatterene
|
|-heal|p1a: Snorlax|84/100|[from] item: Leftovers
|upkeep
|
|t:|1760814175
|switch|p2a: Dragonite|Dragonite, M|76/100
|-damage|p2a: Dragonite|51/100|[from] Stealth Rock
|turn|22
|
|t:|1760814179
|move|p2a: Dragonite|Earthquake|p1a: Snorlax
|-damage|p1a: Snorlax|58/100
|move|p1a: Snorlax|Body Slam|p2a: Dragonite
|-damage|p2a: Dragonite|0 fnt
|faint|p2a: Dragonite
|
|-heal|p1a: Snorlax|64/100|[from] item: Leftovers
|upkeep
|-message|KingBeanis forfeited.
|
|win|AmanRises
|raw|AmanRises's rating: 1387 &rarr; <strong>1406</strong><br />(+19 for winning)
|raw|KingBeanis's rating: 1368 &rarr; <strong>1349</strong><br />(-19 for losing)
|l|☆KingBeanis
|player|p2|
