|j|☆Everystaraneye
|j|☆sudout2
|t:|1760883056
|gametype|singles
|player|p1|Everystaraneye|hilda-wonderlauncher|1303
|player|p2|sudout2|giovanni|1285
|gen|9
|tier|[Gen 9] OU
|rated|
|rule|HP Percentage Mod: HP is shown in percentages
|rule|Endless Battle Clause: Forcing endless battles is banned
|rule|Species Clause: Limit one of each Pokémon
|rule|OHKO Clause: OHKO moves are banned
|rule|Evasion Items Clause: Evasion items are banned
|rule|Evasion Moves Clause: Evasion moves are banned
|rule|Evasion Abilities Clause: Evasion abilities are banned
|rule|Sleep Moves Clause: Sleep-inducing moves are banned
|clearpoke
|poke|p1|Great Tusk|
|poke|p1|Metagross|
|poke|p1|Ogerpon-Wellspring, F|
|poke|p1|Weezing-Galar, M|
|poke|p1|Darkrai|
|poke|p1|Clefable, F|
|poke|p2|Garganacl, F|
|poke|p2|Iron Valiant|
|poke|p2|Toxapex, M|
|poke|p2|Ceruledge, F|
|poke|p2|Great Tusk|
|poke|p2|Polteageist-Antique|
|teampreview
|
|t:|1760883065
|teamsize|p1|6
|teamsize|p2|6
|start
|switch|p1a: Aquinas|Metagross|100/100
|switch|p2a: Ceruledge|Ceruledge, F|100/100
|turn|1
|
|t:|1760883070
|move|p2a: Ceruledge|Swords Dance|p2a: Ceruledge
|-boost|p2a: Ceruledge|atk|2
|move|p1a: Aquinas|Earthquake|p2a: Ceruledge
|-supereffective|p2a: Ceruledge
|-enditem|p2a: Ceruledge|Focus Sash
|-damage|p2a: Ceruledge|1/100
|-ability|p2a: Ceruledge|Weak Armor|boost
|-unboost|p2a: Ceruledge|def|1
|-boost|p2a: Ceruledge|spe|2
|
|upkeep
|turn|2
|
|t:|1760883075
|move|p1a: Aquinas|Bullet Punch|p2a: Ceruledge
|-resisted|p2a: Ceruledge
|-damage|p2a: Ceruledge|0 fnt
|faint|p2a: Ceruledge
|
|upkeep
|
|t:|1760883082
|switch|p2a: Garganacl|Garganacl, F, shiny|100/100
|turn|3
|
|t:|1760883091
|switch|p1a: Machiavelli|Great Tusk|100/100
|-terastallize|p2a: Garganacl|Flying
|move|p2a: Garganacl|Salt Cure|p1a: Machiavelli
|-resisted|p1a: Machiavelli
|-damage|p1a: Machiavelli|98/100
|
|upkeep
|turn|4
|
|t:|1760883096
|move|p1a: Machiavelli|Knock Off|p2a: Garganacl
|-damage|p2a: Garganacl|80/100
|-enditem|p2a: Garganacl|Leftovers|[from] move: Knock Off|[of] p1a: Machiavelli
|move|p2a: Garganacl|Curse|p2a: Garganacl
|-unboost|p2a: Garganacl|spe|1
|-boost|p2a: Garganacl|atk|1
|-boost|p2a: Garganacl|def|1
|
|upkeep
|turn|5
|
|t:|1760883102
|move|p1a: Machiavelli|Ice Spinner|p2a: Garganacl
|-supereffective|p2a: Garganacl
|-damage|p2a: Garganacl|54/100
|move|p2a: Garganacl|Salt Cure|p1a: Machiavelli
|-resisted|p1a: Machiavelli
|-damage|p1a: Machiavelli|95/100
|
|upkeep
|turn|6
|
|t:|1760883106
|move|p1a: Machiavelli|Ice Spinner|p2a: Garganacl
|-supereffective|p2a: Garganacl
|-damage|p2a: Garganacl|30/100
|move|p2a: Garganacl|Curse|p2a: Garganacl
|-unboost|p2a: Garganacl|spe|1
|-boost|p2a: Garganacl|atk|1
|-boost|p2a: Garganacl|def|1
|
|upkeep
|turn|7
|
|t:|1760883110
|move|p1a: Machiavelli|Ice Spinner|p2a: Garganacl
|-supereffective|p2a: Garganacl
|-damage|p2a: Garganacl|12/100
|move|p2a: Garganacl|Recover|p2a: Garganacl
|-heal|p2a: Garganacl|62/100
|
|upkeep
|turn|8
|
|t:|1760883118
|-end|p1a: Machiavelli|Protosynthesis|[silent]
|switch|p1a: Rand|Weezing-Galar, M|100/100
|-ability|p1a: Rand|Neutralizing Gas
|move|p2a: Garganacl|Recover|p2a: Garganacl
|-heal|p2a: Garganacl|100/100
|
|upkeep
|turn|9
|
|t:|1760883123
|move|p1a: Rand|Toxic|p2a: Garganacl
|-status|p2a: Garganacl|tox
|move|p2a: Garganacl|Earthquake|p1a: Rand
|-supereffective|p1a: Rand
|-damage|p1a: Rand|39/100
|
|-damage|p2a: Garganacl|94/100 tox|[from] psn
|upkeep
|turn|10
|
|t:|1760883128
|-end|p1a: Rand|ability: Neutralizing Gas
|switch|p1a: Machiavelli|Great Tusk|95/100
|move|p2a: Garganacl|Earthquake|p1a: Machiavelli
|-damage|p1a: Machiavelli|61/100
|
|-damage|p2a: Garganacl|82/100 tox|[from] psn
|upkeep
|turn|11
|
|t:|1760883133
|move|p1a: Machiavelli|Ice Spinner|p2a: Garganacl
|-supereffective|p2a: Garganacl
|-damage|p2a: Garganacl|63/100 tox
|move|p2a: Garganacl|Earthquake|p1a: Machiavelli
|-damage|p1a: Machiavelli|25/100
|
|-damage|p2a: Garganacl|45/100 tox|[from] psn
|upkeep
|turn|12
|
|t:|1760883144
|-end|p1a: Machiavelli|Protosynthesis|[silent]
|switch|p1a: Camus|Clefable, F|100/100
|move|p2a: Garganacl|Earthquake|p1a: Camus
|-damage|p1a: Camus|83/100
|
|-heal|p1a: Camus|89/100|[from] item: Leftovers
|-damage|p2a: Garganacl|20/100 tox|[from] psn
|upkeep
|turn|13
|
|t:|1760883149
|move|p1a: Camus|Moonblast|p2a: Garganacl
|-crit|p2a: Garganacl
|-damage|p2a: Garganacl|0 fnt
|faint|p2a: Garganacl
|
|-heal|p1a: Camus|95/100|[from] item: Leftovers
|upkeep
|
|t:|1760883167
|switch|p2a: Toxapex|Toxapex, M, shiny|100/100
|turn|14
|
|t:|1760883170
|switch|p1a: Aquinas|Metagross|100/100
|move|p2a: Toxapex|Infestation|p1a: Aquinas
|-damage|p1a: Aquinas|99/100
|-activate|p1a: Aquinas|move: Infestation|[of] p2a: Toxapex
|
|-damage|p1a: Aquinas|86/100|[from] move: Infestation|[partiallytrapped]
|upkeep
|turn|15
|
|t:|1760883178
|move|p2a: Toxapex|Baneful Bunker|p2a: Toxapex
|-singleturn|p2a: Toxapex|move: Protect
|move|p1a: Aquinas|Knock Off|p2a: Toxapex
|-activate|p2a: Toxapex|move: Protect
|
|-damage|p1a: Aquinas|74/100|[from] move: Infestation|[partiallytrapped]
|upkeep
|turn|16
|
|t:|1760883187
|move|p1a: Aquinas|Knock Off|p2a: Toxapex
|-damage|p2a: Toxapex|73/100
|-enditem|p2a: Toxapex|Leftovers|[from] move: Knock Off|[of] p1a: Aquinas
|move|p2a: Toxapex|Infestation|p1a: Aquinas
|-damage|p1a: Aquinas|72/100
|
|-damage|p1a: Aquinas|59/100|[from] move: Infestation|[partiallytrapped]
|upkeep
|turn|17
|
|t:|1760883194
|move|p2a: Toxapex|Baneful Bunker|p2a: Toxapex
|-singleturn|p2a: Toxapex|move: Protect
|move|p1a: Aquinas|Earthquake|p2a: Toxapex
|-activate|p2a: Toxapex|move: Protect
|
|-damage|p1a: Aquinas|47/100|[from] move: Infestation|[partiallytrapped]
|upkeep
|turn|18
|
|t:|1760883199
|switch|p2a: Great Tusk|Great Tusk|100/100
|-enditem|p2a: Great Tusk|Booster Energy
|-activate|p2a: Great Tusk|ability: Protosynthesis|[fromitem]
|-start|p2a: Great Tusk|protosynthesisdef
|move|p1a: Aquinas|Earthquake|p2a: Great Tusk
|-damage|p2a: Great Tusk|84/100
|
|-end|p1a: Aquinas|Infestation|[partiallytrapped]
|upkeep
|turn|19
|
|t:|1760883208
|switch|p1a: Camus|Clefable, F|95/100
|move|p2a: Great Tusk|Headlong Rush|p1a: Camus
|-damage|p1a: Camus|51/100
|-unboost|p2a: Great Tusk|def|1
|-unboost|p2a: Great Tusk|spd|1
|
|-heal|p1a: Camus|57/100|[from] item: Leftovers
|upkeep
|turn|20
|
|t:|1760883219
|-end|p2a: Great Tusk|Protosynthesis|[silent]
|switch|p2a: Toxapex|Toxapex, M, shiny|100/100
|move|p1a: Camus|Moonblast|p2a: Toxapex
|-resisted|p2a: Toxapex
|-damage|p2a: Toxapex|91/100
|-unboost|p2a: Toxapex|spa|1
|
|-heal|p1a: Camus|63/100|[from] item: Leftovers
|upkeep
|turn|21
|
|t:|1760883225
|switch|p1a: Aquinas|Metagross|47/100
|move|p2a: Toxapex|Infestation|p1a: Aquinas
|-damage|p1a: Aquinas|46/100
|-activate|p1a: Aquinas|move: Infestation|[of] p2a: Toxapex
|
|-damage|p1a: Aquinas|33/100|[from] move: Infestation|[partiallytrapped]
|upkeep
|turn|22
|
|t:|1760883230
|move|p2a: Toxapex|Baneful Bunker|p2a: Toxapex
|-singleturn|p2a: Toxapex|move: Protect
|move|p1a: Aquinas|Earthquake|p2a: Toxapex
|-activate|p2a: Toxapex|move: Protect
|
|-damage|p1a: Aquinas|21/100|[from] move: Infestation|[partiallytrapped]
|upkeep
|turn|23
|
|t:|1760883236
|move|p1a: Aquinas|Earthquake|p2a: Toxapex
|-supereffective|p2a: Toxapex
|-damage|p2a: Toxapex|34/100
|move|p2a: Toxapex|Recover|p2a: Toxapex
|-heal|p2a: Toxapex|84/100
|
|-damage|p1a: Aquinas|8/100|[from] move: Infestation|[partiallytrapped]
|upkeep
|turn|24
|
|t:|1760883242
|move|p2a: Toxapex|Baneful Bunker|p2a: Toxapex
|-singleturn|p2a: Toxapex|move: Protect
|move|p1a: Aquinas|Earthquake|p2a: Toxapex
|-activate|p2a: Toxapex|move: Protect
|
|-damage|p1a: Aquinas|0 fnt|[from] move: Infestation|[partiallytrapped]
|faint|p1a: Aquinas
|upkeep
|
|t:|1760883259
|switch|p1a: Machiavelli|Great Tusk|25/100
|turn|25
|
|t:|1760883264
|switch|p2a: Great Tusk|Great Tusk|84/100
|move|p1a: Machiavelli|Headlong Rush|p2a: Great Tusk
|-damage|p2a: Great Tusk|46/100
|-unboost|p1a: Machiavelli|def|1
|-unboost|p1a: Machiavelli|spd|1
|
|upkeep
|turn|26
|
|t:|1760883280
|move|p1a: Machiavelli|Headlong Rush|p2a: Great Tusk
|-crit|p2a: Great Tusk
|-damage|p2a: Great Tusk|0 fnt
|-unboost|p1a: Machiavelli|def|1
|-unboost|p1a: Machiavelli|spd|1
|faint|p2a: Great Tusk
|-end|p2a: Great Tusk|Protosynthesis|[silent]
|
|upkeep
|c|☆sudout2|this luck
|c|☆sudout2|first + crit
|
|t:|1760883309
|switch|p2a: Iron Valiant|Iron Valiant, shiny|100/100
|-enditem|p2a: Iron Valiant|Booster Energy
|-activate|p2a: Iron Valiant|ability: Quark Drive|[fromitem]
|-start|p2a: Iron Valiant|quarkdrivespe
|turn|27
|
|t:|1760883322
|move|p2a: Iron Valiant|Moonblast|p1a: Machiavelli
|-supereffective|p1a: Machiavelli
|-crit|p1a: Machiavelli
|-damage|p1a: Machiavelli|0 fnt
|faint|p1a: Machiavelli
|-end|p1a: Machiavelli|Protosynthesis|[silent]
|
|upkeep
|
|t:|1760883325
|switch|p1a: Camus|Clefable, F|63/100
|turn|28
|
|t:|1760883330
|-end|p2a: Iron Valiant|Quark Drive|[silent]
|switch|p2a: Toxapex|Toxapex, M, shiny|100/100
|move|p1a: Camus|Moonblast|p2a: Toxapex
|-resisted|p2a: Toxapex
|-damage|p2a: Toxapex|91/100
|
|-heal|p1a: Camus|69/100|[from] item: Leftovers
|upkeep
|turn|29
|
|t:|1760883337
|move|p1a: Camus|Thunder Wave|p2a: Toxapex
|-status|p2a: Toxapex|par
|cant|p2a: Toxapex|par
|
|-heal|p1a: Camus|75/100|[from] item: Leftovers
|upkeep
|turn|30
|
|t:|1760883352
|switch|p1a: Hegel|Ogerpon-Wellspring, F|100/100
|move|p2a: Toxapex|Infestation|p1a: Hegel
|-supereffective|p1a: Hegel
|-damage|p1a: Hegel|94/100
|-activate|p1a: Hegel|move: Infestation|[of] p2a: Toxapex
|
|-damage|p1a: Hegel|82/100|[from] move: Infestation|[partiallytrapped]
|upkeep
|turn|31
|
|t:|1760883356
|move|p1a: Hegel|Swords Dance|p1a: Hegel
|-boost|p1a: Hegel|atk|2
|move|p2a: Toxapex|Toxic|p1a: Hegel
|-status|p1a: Hegel|tox
|
|-damage|p1a: Hegel|76/100 tox|[from] psn
|-damage|p1a: Hegel|63/100 tox|[from] move: Infestation|[partiallytrapped]
|upkeep
|turn|32
|
|t:|1760883363
|move|p1a: Hegel|Swords Dance|p1a: Hegel
|-boost|p1a: Hegel|atk|2
|move|p2a: Toxapex|Recover|p2a: Toxapex
|-heal|p2a: Toxapex|100/100 par
|
|-damage|p1a: Hegel|51/100 tox|[from] psn
|-damage|p1a: Hegel|39/100 tox|[from] move: Infestation|[partiallytrapped]
|upkeep
|turn|33
|
|t:|1760883367
|move|p2a: Toxapex|Baneful Bunker|p2a: Toxapex
|-singleturn|p2a: Toxapex|move: Protect
|move|p1a: Hegel|Horn Leech|p2a: Toxapex
|-activate|p2a: Toxapex|move: Protect
|
|-damage|p1a: Hegel|21/100 tox|[from] psn
|-damage|p1a: Hegel|9/100 tox|[from] move: Infestation|[partiallytrapped]
|upkeep
|turn|34
|
|t:|1760883375
|cant|p2a: Toxapex|par
|move|p1a: Hegel|Horn Leech|p2a: Toxapex
|-damage|p2a: Toxapex|0 fnt
|-heal|p1a: Hegel|59/100 tox|[from] drain|[of] p2a: Toxapex
|faint|p2a: Toxapex
|
|-damage|p1a: Hegel|35/100 tox|[from] psn
|-end|p1a: Hegel|Infestation|[partiallytrapped]|[silent]
|upkeep
|
|t:|1760883383
|switch|p2a: Iron Valiant|Iron Valiant, shiny|100/100
|turn|35
|
|t:|1760883386
|move|p2a: Iron Valiant|Moonblast|p1a: Hegel
|-damage|p1a: Hegel|0 fnt
|faint|p1a: Hegel
|
|upkeep
|
|t:|1760883394
|switch|p1a: Camus|Clefable, F|75/100
|turn|36
|
|t:|1760883401
|-end|p2a: Iron Valiant|Quark Drive|[silent]
|switch|p2a: Polteageist|Polteageist-Antique, shiny|100/100
|move|p1a: Camus|Moonblast|p2a: Polteageist
|-damage|p2a: Polteageist|64/100
|-unboost|p2a: Polteageist|spa|1
|
|-heal|p1a: Camus|81/100|[from] item: Leftovers
|upkeep
|turn|37
|
|t:|1760883411
|move|p2a: Polteageist|Shell Smash|p2a: Polteageist
|-unboost|p2a: Polteageist|def|1
|-unboost|p2a: Polteageist|spd|1
|-boost|p2a: Polteageist|atk|2
|-boost|p2a: Polteageist|spa|2
|-boost|p2a: Polteageist|spe|2
|move|p1a: Camus|Thunder Wave|p2a: Polteageist
|-status|p2a: Polteageist|par
|
|-heal|p1a: Camus|87/100|[from] item: Leftovers
|upkeep
|turn|38
|
|t:|1760883421
|move|p2a: Polteageist|Stored Power|p1a: Camus
|-damage|p1a: Camus|41/100
|move|p1a: Camus|Moonblast|p2a: Polteageist
|-crit|p2a: Polteageist
|-damage|p2a: Polteageist|13/100 par
|-unboost|p2a: Polteageist|spa|1
|
|-heal|p1a: Camus|48/100|[from] item: Leftovers
|upkeep
|turn|39
|
|t:|1760883438
|move|p2a: Polteageist|Stored Power|p1a: Camus
|-damage|p1a: Camus|9/100
|move|p1a: Camus|Moonlight|p1a: Camus
|-heal|p1a: Camus|59/100
|
|-heal|p1a: Camus|65/100|[from] item: Leftovers
|upkeep
|turn|40
|
|t:|1760883446
|move|p2a: Polteageist|Stored Power|p1a: Camus
|-damage|p1a: Camus|25/100
|move|p1a: Camus|Moonblast|p2a: Polteageist
|-damage|p2a: Polteageist|0 fnt
|faint|p2a: Polteageist
|
|-heal|p1a: Camus|32/100|[from] item: Leftovers
|upkeep
|
|t:|1760883451
|switch|p2a: Iron Valiant|Iron Valiant, shiny|100/100
|turn|41
|
|t:|1760883454
|move|p2a: Iron Valiant|Moonblast|p1a: Camus
|-damage|p1a: Camus|0 fnt
|faint|p1a: Camus
|
|upkeep
|
|t:|1760883459
|switch|p1a: Rand|Weezing-Galar, M|39/100
|-ability|p1a: Rand|Neutralizing Gas
|turn|42
|
|t:|1760883466
|move|p2a: Iron Valiant|Calm Mind|p2a: Iron Valiant
|-boost|p2a: Iron Valiant|spa|1
|-boost|p2a: Iron Valiant|spd|1
|move|p1a: Rand|Strange Steam|p2a: Iron Valiant
|-supereffective|p2a: Iron Valiant
|-damage|p2a: Iron Valiant|22/100
|
|upkeep
|turn|43
|
|t:|1760883470
|move|p2a: Iron Valiant|Moonblast|p1a: Rand
|-resisted|p1a: Rand
|-damage|p1a: Rand|0 fnt
|faint|p1a: Rand
|-end|p1a: Rand|ability: Neutralizing Gas
|
|upkeep
|
|t:|1760883472
|switch|p1a: Nietzsche|Darkrai|100/100
|turn|44
|
|t:|1760883477
|move|p1a: Nietzsche|Ice Beam|p2a: Iron Valiant
|-crit|p2a: Iron Valiant
|-damage|p2a: Iron Valiant|0 fnt
|faint|p2a: Iron Valiant
|-end|p2a: Iron Valiant|Quark Drive|[silent]
|
|win|Everystaraneye
|raw|Everystaraneye's rating: 1303 &rarr; <strong>1322</strong><br />(+19 for winning)
|raw|sudout2's rating: 1285 &rarr; <strong>1261</strong><br />(-24 for losing)
|c|☆Everystaraneye|ggwp
|c|☆sudout2|isnane luck
|c|☆Everystaraneye|fair
|l|☆sudout2
|player|p2|
