|j|☆Impostersusbog
|j|☆JeanGay
|t:|1760733780
|gametype|singles
|player|p1|Impostersusbog|fantina|1070
|player|p2|JeanGay|ingo|1079
|gen|9
|tier|[Gen 9] OU
|rated|
|rule|HP Percentage Mod: HP is shown in percentages
|rule|Endless Battle Clause: Forcing endless battles is banned
|rule|Species Clause: Limit one of each Pokémon
|rule|OHKO Clause: OHKO moves are banned
|rule|Evasion Items Clause: Evasion items are banned
|rule|Evasion Moves Clause: Evasion moves are banned
|rule|Evasion Abilities Clause: Evasion abilities are banned
|rule|Sleep Moves Clause: Sleep-inducing moves are banned
|clearpoke
|poke|p1|Politoed, M|
|poke|p1|Zapdos|
|poke|p1|Gyarados, F|
|poke|p1|Espeon, M|
|poke|p1|Blastoise, M|
|poke|p1|Garchomp, M|
|poke|p2|Ninetales, M|
|poke|p2|Lilligant-Hisui, F|
|poke|p2|Walking Wake|
|poke|p2|Slither Wing|
|poke|p2|Great Tusk|
|poke|p2|Hatterene, F|
|teampreview
|inactive|Battle timer is ON: inactive players will automatically lose when time's up. (requested by JeanGay)
|
|t:|1760733798
|teamsize|p1|6
|teamsize|p2|6
|start
|switch|p1a: Kraken|Gyarados, F|100/100
|switch|p2a: Walking Wake|Walking Wake|100/100
|turn|1
|
|t:|1760733806
|move|p2a: Walking Wake|Draco Meteor|p1a: Kraken
|-damage|p1a: Kraken|0 fnt
|-unboost|p2a: Walking Wake|spa|2
|faint|p1a: Kraken
|
|upkeep
|
|t:|1760733822
|switch|p1a: Alien|Espeon, M, shiny|100/100
|turn|2
|
|t:|1760733828
|-end|p2a: Walking Wake|Protosynthesis|[silent]
|switch|p2a: Hatterene|Hatterene, F|100/100
|move|p1a: Alien|Draining Kiss|p2a: Hatterene
|-damage|p2a: Hatterene|90/100
|
|upkeep
|turn|3
|
|t:|1760733834
|move|p1a: Alien|Draining Kiss|p2a: Hatterene
|-damage|p2a: Hatterene|78/100
|move|p2a: Hatterene|Nuzzle|p1a: Alien
|-damage|p1a: Alien|93/100
|-status|p1a: Alien|par
|
|upkeep
|turn|4
|
|t:|1760733838
|move|p1a: Alien|Draining Kiss|p2a: Hatterene
|-damage|p2a: Hatterene|67/100
|-heal|p1a: Alien|100/100 par|[from] drain|[of] p2a: Hatterene
|move|p2a: Hatterene|Future Sight|p1a: Alien
|-start|p2a: Hatterene|move: Future Sight
|
|upkeep
|turn|5
|
|t:|1760733843
|move|p1a: Alien|Draining Kiss|p2a: Hatterene
|-damage|p2a: Hatterene|56/100
|move|p2a: Hatterene|Draining Kiss|p1a: Alien
|-damage|p1a: Alien|66/100 par
|-heal|p2a: Hatterene|78/100|[from] drain|[of] p1a: Alien
|
|upkeep
|turn|6
|
|t:|1760733848
|cant|p1a: Alien|par
|move|p2a: Hatterene|Draining Kiss|p1a: Alien
|-damage|p1a: Alien|33/100 par
|-heal|p2a: Hatterene|99/100|[from] drain|[of] p1a: Alien
|
|-end|p1a: Alien|move: Future Sight
|-resisted|p1a: Alien
|-damage|p1a: Alien|0 fnt
|faint|p1a: Alien
|upkeep
|
|t:|1760733853
|switch|p1a: Bowser|Blastoise, M|100/100
|turn|7
|
|t:|1760733858
|move|p1a: Bowser|Shell Smash|p1a: Bowser
|-unboost|p1a: Bowser|def|1
|-unboost|p1a: Bowser|spd|1
|-boost|p1a: Bowser|atk|2
|-boost|p1a: Bowser|spa|2
|-boost|p1a: Bowser|spe|2
|move|p2a: Hatterene|Nuzzle|p1a: Bowser
|-supereffective|p1a: Bowser
|-damage|p1a: Bowser|88/100
|-status|p1a: Bowser|par
|
|upkeep
|turn|8
|
|t:|1760733870
|-terastallize|p1a: Bowser|Water
|move|p1a: Bowser|Aqua Jet|p2a: Hatterene
|-crit|p2a: Hatterene
|-damage|p2a: Hatterene|22/100
|move|p2a: Hatterene|Future Sight|p1a: Bowser
|-start|p2a: Hatterene|move: Future Sight
|
|upkeep
|turn|9
|
|t:|1760733876
|move|p1a: Bowser|Aqua Jet|p2a: Hatterene
|-damage|p2a: Hatterene|0 fnt
|faint|p2a: Hatterene
|
|upkeep
|
|t:|1760733879
|switch|p2a: Slither Wing|Slither Wing|100/100
|turn|10
|
|t:|1760733883
|move|p2a: Slither Wing|First Impression|p1a: Bowser
|-damage|p1a: Bowser|0 fnt
|faint|p1a: Bowser
|
|-hint|Future Sight did not hit because the target is fainted.
|upkeep
|-message|Impostersusbog forfeited.
|
|win|JeanGay
|raw|Impostersusbog's rating: 1070 &rarr; <strong>1050</strong><br />(-20 for losing)
|raw|JeanGay's rating: 1079 &rarr; <strong>1106</strong><br />(+27 for winning)
|l|☆Impostersusbog
|player|p1|
