|j|‽falas
|j|☆Nickthenickthenick
|t:|1760779769
|gametype|singles
|player|p1|falas|266|1237
|player|p2|Nickthenickthenick|169|1219
|gen|9
|tier|[Gen 9] OU
|rated|
|rule|HP Percentage Mod: HP is shown in percentages
|rule|Endless Battle Clause: Forcing endless battles is banned
|rule|Species Clause: Limit one of each Pokémon
|rule|OHKO Clause: OHKO moves are banned
|rule|Evasion Items Clause: Evasion items are banned
|rule|Evasion Moves Clause: Evasion moves are banned
|rule|Evasion Abilities Clause: Evasion abilities are banned
|rule|Sleep Moves Clause: Sleep-inducing moves are banned
|clearpoke
|poke|p1|Zapdos|
|poke|p1|Clodsire, F|
|poke|p1|Gholdengo|
|poke|p1|Rillaboom, M|
|poke|p1|Weezing-Galar, M|
|poke|p1|Hoopa-Unbound|
|poke|p2|Jirachi|
|poke|p2|Meloetta|
|poke|p2|Blissey, F|
|poke|p2|Dudunsparce-*, M|
|poke|p2|Pelipper, M|
|poke|p2|Tornadus, M|
|teampreview
|inactive|Battle timer is ON: inactive players will automatically lose when time's up. (requested by falas)
|
|t:|1760779798
|teamsize|p1|6
|teamsize|p2|6
|start
|switch|p1a: Zapdos|Zapdos|100/100
|switch|p2a: Pelipper|Pelipper, M|100/100
|turn|1
|
|t:|1760779826
|switch|p2a: Blissey|Blissey, F|100/100
|move|p1a: Zapdos|Discharge|p2a: Blissey
|-damage|p2a: Blissey|89/100
|
|-heal|p2a: Blissey|95/100|[from] item: Leftovers
|upkeep
|turn|2
|
|t:|1760779833
|move|p1a: Zapdos|Volt Switch|p2a: Blissey
|-crit|p2a: Blissey
|-damage|p2a: Blissey|81/100
|
|t:|1760779837
|switch|p1a: Gholdengo|Gholdengo|100/100|[from] Volt Switch
|move|p2a: Blissey|Ice Beam|p1a: Gholdengo
|-resisted|p1a: Gholdengo
|-damage|p1a: Gholdengo|91/100
|-status|p1a: Gholdengo|frz
|
|-heal|p2a: Blissey|87/100|[from] item: Leftovers
|upkeep
|turn|3
|
|t:|1760779848
|switch|p1a: Hoopa|Hoopa-Unbound|100/100
|move|p2a: Blissey|Shadow Ball|p1a: Hoopa
|-damage|p1a: Hoopa|88/100
|
|-heal|p2a: Blissey|93/100|[from] item: Leftovers
|upkeep
|turn|4
|
|t:|1760779870
|move|p1a: Hoopa|Hyperspace Fury|p2a: Blissey
|-damage|p2a: Blissey|35/100
|-unboost|p1a: Hoopa|def|1
|move|p2a: Blissey|Body Slam|p1a: Hoopa
|-damage|p1a: Hoopa|70/100
|
|-heal|p2a: Blissey|41/100|[from] item: Leftovers
|upkeep
|turn|5
|
|t:|1760779888
|move|p1a: Hoopa|Hyperspace Fury|p2a: Blissey
|-damage|p2a: Blissey|0 fnt
|-unboost|p1a: Hoopa|def|1
|faint|p2a: Blissey
|
|upkeep
|
|t:|1760779898
|switch|p2a: Jirachi|Jirachi|100/100
|turn|6
|
|t:|1760779906
|switch|p1a: Weezing|Weezing-Galar, M|100/100
|move|p2a: Jirachi|Iron Head|p1a: Weezing
|-supereffective|p1a: Weezing
|-damage|p1a: Weezing|68/100
|-damage|p2a: Jirachi|84/100|[from] item: Rocky Helmet|[of] p1a: Weezing
|
|-heal|p2a: Jirachi|90/100|[from] item: Leftovers
|upkeep
|turn|7
|
|t:|1760779915
|move|p2a: Jirachi|Iron Head|p1a: Weezing
|-supereffective|p1a: Weezing
|-damage|p1a: Weezing|32/100
|-damage|p2a: Jirachi|74/100|[from] item: Rocky Helmet|[of] p1a: Weezing
|cant|p1a: Weezing|flinch
|
|-heal|p2a: Jirachi|80/100|[from] item: Leftovers
|upkeep
|turn|8
|
|t:|1760779922
|switch|p1a: Zapdos|Zapdos|100/100
|move|p2a: Jirachi|Iron Head|p1a: Zapdos
|-resisted|p1a: Zapdos
|-crit|p1a: Zapdos
|-damage|p1a: Zapdos|85/100
|-damage|p2a: Jirachi|63/100|[from] item: Rocky Helmet|[of] p1a: Zapdos
|
|-heal|p2a: Jirachi|69/100|[from] item: Leftovers
|upkeep
|turn|9
|
|t:|1760779933
|move|p2a: Jirachi|Stealth Rock|p1a: Zapdos
|-sidestart|p1: falas|move: Stealth Rock
|move|p1a: Zapdos|Discharge|p2a: Jirachi
|-damage|p2a: Jirachi|43/100
|
|-heal|p2a: Jirachi|49/100|[from] item: Leftovers
|upkeep
|turn|10
|
|t:|1760779945
|switch|p2a: Meloetta|Meloetta|100/100
|move|p1a: Zapdos|Discharge|p2a: Meloetta
|-damage|p2a: Meloetta|81/100
|
|upkeep
|turn|11
|
|t:|1760779954
|move|p2a: Meloetta|Shadow Ball|p1a: Zapdos
|-damage|p1a: Zapdos|58/100
|move|p1a: Zapdos|Discharge|p2a: Meloetta
|-crit|p2a: Meloetta
|-damage|p2a: Meloetta|56/100
|
|upkeep
|turn|12
|
|t:|1760779962
|move|p2a: Meloetta|Shadow Ball|p1a: Zapdos
|-damage|p1a: Zapdos|30/100
|move|p1a: Zapdos|Volt Switch|p2a: Meloetta
|-crit|p2a: Meloetta
|-damage|p2a: Meloetta|34/100
|
|t:|1760779967
|switch|p1a: Hoopa|Hoopa-Unbound|70/100|[from] Volt Switch
|-damage|p1a: Hoopa|57/100|[from] Stealth Rock
|
|upkeep
|turn|13
|
|t:|1760779975
|move|p1a: Hoopa|Hyperspace Fury|p2a: Meloetta
|-supereffective|p2a: Meloetta
|-damage|p2a: Meloetta|0 fnt
|-unboost|p1a: Hoopa|def|1
|faint|p2a: Meloetta
|
|upkeep
|
|t:|1760779981
|switch|p2a: Jirachi|Jirachi|49/100
|turn|14
|
|t:|1760779992
|move|p1a: Hoopa|Hyperspace Fury|p2a: Jirachi
|-supereffective|p2a: Jirachi
|-damage|p2a: Jirachi|0 fnt
|-unboost|p1a: Hoopa|def|1
|faint|p2a: Jirachi
|
|upkeep
|
|t:|1760779997
|switch|p2a: Tornadus|Tornadus, M|100/100
|turn|15
|
|t:|1760780003
|switch|p1a: Clodsire|Clodsire, F|100/100
|-damage|p1a: Clodsire|94/100|[from] Stealth Rock
|move|p2a: Tornadus|Tailwind|p2a: Tornadus
|-sidestart|p2: Nickthenickthenick|move: Tailwind
|
|-heal|p1a: Clodsire|100/100|[from] item: Black Sludge
|upkeep
|turn|16
|
|t:|1760780012
|move|p2a: Tornadus|Rain Dance|p2a: Tornadus
|-weather|RainDance
|move|p1a: Clodsire|Toxic|p2a: Tornadus
|-status|p2a: Tornadus|tox
|
|-weather|RainDance|[upkeep]
|-damage|p2a: Tornadus|94/100 tox|[from] psn
|upkeep
|turn|17
|
|t:|1760780021
|move|p2a: Tornadus|Hurricane|p1a: Clodsire
|-damage|p1a: Clodsire|71/100
|-start|p1a: Clodsire|confusion
|-activate|p1a: Clodsire|confusion
|move|p1a: Clodsire|Earthquake|p2a: Tornadus
|-immune|p2a: Tornadus
|
|-weather|RainDance|[upkeep]
|-heal|p1a: Clodsire|77/100|[from] item: Black Sludge
|-damage|p2a: Tornadus|82/100 tox|[from] psn
|upkeep
|turn|18
|
|t:|1760780031
|move|p2a: Tornadus|Hurricane|p1a: Clodsire
|-damage|p1a: Clodsire|46/100
|-activate|p1a: Clodsire|confusion
|move|p1a: Clodsire|Recover|p1a: Clodsire
|-heal|p1a: Clodsire|96/100
|
|-weather|RainDance|[upkeep]
|-heal|p1a: Clodsire|100/100|[from] item: Black Sludge
|-damage|p2a: Tornadus|64/100 tox|[from] psn
|-sideend|p2: Nickthenickthenick|move: Tailwind
|upkeep
|turn|19
|-message|Nickthenickthenick forfeited.
|
|win|falas
|raw|falas's rating: 1237 &rarr; <strong>1261</strong><br />(+24 for winning)
|raw|Nickthenickthenick's rating: 1219 &rarr; <strong>1195</strong><br />(-24 for losing)
|l|☆Nickthenickthenick
|player|p2|
|l|‽falas
|player|p1|
