|j|☆Nevitchen
|j|☆wyyorz
|t:|1760890513
|gametype|singles
|player|p1|Nevitchen|102|1177
|player|p2|wyyorz|caitlin|1192
|gen|9
|tier|[Gen 9] OU
|rated|
|rule|HP Percentage Mod: HP is shown in percentages
|rule|Endless Battle Clause: Forcing endless battles is banned
|rule|Species Clause: Limit one of each Pokémon
|rule|OHKO Clause: OHKO moves are banned
|rule|Evasion Items Clause: Evasion items are banned
|rule|Evasion Moves Clause: Evasion moves are banned
|rule|Evasion Abilities Clause: Evasion abilities are banned
|rule|Sleep Moves Clause: Sleep-inducing moves are banned
|clearpoke
|poke|p1|Dragonite, F|
|poke|p1|Zamazenta-*|
|poke|p1|Landorus-Therian, M|
|poke|p1|Gholdengo|
|poke|p1|Darkrai|
|poke|p1|Primarina, M|
|poke|p2|Zamazenta-*|
|poke|p2|Dragapult, M|
|poke|p2|Raging Bolt|
|poke|p2|Moltres|
|poke|p2|Iron Treads|
|poke|p2|Samurott-Hisui, F|
|teampreview
|inactive|Battle timer is ON: inactive players will automatically lose when time's up. (requested by wyyorz)
|j| DarkOkto
|
|t:|1760890530
|teamsize|p1|6
|teamsize|p2|6
|start
|switch|p1a: Eine wolke|Landorus-Therian, M|100/100
|switch|p2a: 20岁 喜欢发射孩子|Dragapult, M, shiny|100/100
|-ability|p1a: Eine wolke|Intimidate|boost
|-fail|p2a: 20岁 喜欢发射孩子|unboost|[from] ability: Clear Body|[of] p2a: 20岁 喜欢发射孩子
|turn|1
|
|t:|1760890538
|move|p2a: 20岁 喜欢发射孩子|Draco Meteor|p1a: Eine wolke
|-damage|p1a: Eine wolke|23/100
|-unboost|p2a: 20岁 喜欢发射孩子|spa|2
|move|p1a: Eine wolke|Taunt|p2a: 20岁 喜欢发射孩子
|-start|p2a: 20岁 喜欢发射孩子|move: Taunt
|
|upkeep
|turn|2
|
|t:|1760890556
|switch|p2a: 长脖奶龙|Raging Bolt|100/100
|move|p1a: Eine wolke|Earthquake|p2a: 长脖奶龙
|-supereffective|p2a: 长脖奶龙
|-damage|p2a: 长脖奶龙|16/100
|
|upkeep
|turn|3
|inactive|Nevitchen has 120 seconds left.
|
|t:|1760890581
|-end|p2a: 长脖奶龙|Protosynthesis|[silent]
|switch|p2a: 热热的鸟|Moltres, shiny|100/100
|move|p1a: Eine wolke|Earthquake|p2a: 热热的鸟
|-immune|p2a: 热热的鸟
|
|upkeep
|turn|4
|
|t:|1760890591
|move|p1a: Eine wolke|Stealth Rock|p2a: 热热的鸟
|-sidestart|p2: wyyorz|move: Stealth Rock
|move|p2a: 热热的鸟|Flamethrower|p1a: Eine wolke
|-damage|p1a: Eine wolke|0 fnt
|faint|p1a: Eine wolke
|
|upkeep
|
|t:|1760890601
|switch|p1a: Singsala|Primarina, M|100/100
|turn|5
|inactive|Nevitchen has 120 seconds left.
|
|t:|1760890619
|move|p2a: 热热的鸟|Hurricane|p1a: Singsala|[miss]
|-miss|p2a: 热热的鸟|p1a: Singsala
|move|p1a: Singsala|Moonblast|p2a: 热热的鸟
|-resisted|p2a: 热热的鸟
|-damage|p2a: 热热的鸟|71/100
|
|upkeep
|turn|6
|
|t:|1760890625
|move|p2a: 热热的鸟|Hurricane|p1a: Singsala
|-damage|p1a: Singsala|61/100
|-start|p1a: Singsala|confusion
|-activate|p1a: Singsala|confusion
|-damage|p1a: Singsala|53/100|[from] confusion
|
|upkeep
|turn|7
|
|t:|1760890636
|move|p2a: 热热的鸟|U-turn|p1a: Singsala
|-resisted|p1a: Singsala
|-damage|p1a: Singsala|43/100
|
|t:|1760890642
|switch|p2a: 踩踩背|Iron Treads, shiny|100/100|[from] U-turn
|-damage|p2a: 踩踩背|98/100|[from] Stealth Rock
|-activate|p1a: Singsala|confusion
|-damage|p1a: Singsala|34/100|[from] confusion
|
|-heal|p2a: 踩踩背|100/100|[from] item: Leftovers
|upkeep
|turn|8
|
|t:|1760890659
|move|p2a: 踩踩背|Rapid Spin|p1a: Singsala
|-damage|p1a: Singsala|17/100
|-boost|p2a: 踩踩背|spe|1
|-sideend|p2: wyyorz|Stealth Rock|[from] move: Rapid Spin|[of] p2a: 踩踩背
|-activate|p1a: Singsala|confusion
|move|p1a: Singsala|Moonblast|p2a: 踩踩背
|-resisted|p2a: 踩踩背
|-damage|p2a: 踩踩背|78/100
|-unboost|p2a: 踩踩背|spa|1
|
|-heal|p2a: 踩踩背|84/100|[from] item: Leftovers
|upkeep
|turn|9
|inactive|Nevitchen has 120 seconds left.
|
|t:|1760890691
|move|p2a: 踩踩背|Earthquake|p1a: Singsala
|-damage|p1a: Singsala|0 fnt
|faint|p1a: Singsala
|
|-heal|p2a: 踩踩背|90/100|[from] item: Leftovers
|upkeep
|
|t:|1760890696
|switch|p1a: Wau wau|Zamazenta|100/100
|-ability|p1a: Wau wau|Dauntless Shield|boost
|-boost|p1a: Wau wau|def|1
|turn|10
|inactive|Nevitchen has 120 seconds left.
|
|t:|1760890706
|-terastallize|p2a: 踩踩背|Ghost
|move|p1a: Wau wau|Body Press|p2a: 踩踩背
|-immune|p2a: 踩踩背
|move|p2a: 踩踩背|Knock Off|p1a: Wau wau
|-resisted|p1a: Wau wau
|-damage|p1a: Wau wau|94/100
|-enditem|p1a: Wau wau|Leftovers|[from] move: Knock Off|[of] p2a: 踩踩背
|
|-heal|p2a: 踩踩背|96/100|[from] item: Leftovers
|upkeep
|turn|11
|inactive|Nevitchen has 120 seconds left.
|inactive|wyyorz has 120 seconds left.
|
|t:|1760890737
|switch|p1a: Edgy guy|Darkrai|100/100
|move|p2a: 踩踩背|Earthquake|p1a: Edgy guy
|-damage|p1a: Edgy guy|49/100
|
|-heal|p2a: 踩踩背|100/100|[from] item: Leftovers
|upkeep
|turn|12
|
|t:|1760890743
|move|p2a: 踩踩背|Earthquake|p1a: Edgy guy
|-damage|p1a: Edgy guy|0 fnt
|faint|p1a: Edgy guy
|
|upkeep
|inactive|Nevitchen has 90 seconds left.
|
|t:|1760890792
|switch|p1a: Wau wau|Zamazenta|94/100
|turn|13
|
|t:|1760890797
|move|p1a: Wau wau|Crunch|p2a: 踩踩背
|-supereffective|p2a: 踩踩背
|-damage|p2a: 踩踩背|70/100
|-unboost|p2a: 踩踩背|def|1
|move|p2a: 踩踩背|Earthquake|p1a: Wau wau
|-crit|p1a: Wau wau
|-damage|p1a: Wau wau|48/100
|
|-heal|p2a: 踩踩背|76/100|[from] item: Leftovers
|upkeep
|turn|14
|inactive|Nevitchen has 90 seconds left.
|
|t:|1760890803
|move|p1a: Wau wau|Crunch|p2a: 踩踩背
|-supereffective|p2a: 踩踩背
|-damage|p2a: 踩踩背|29/100
|move|p2a: 踩踩背|Earthquake|p1a: Wau wau
|-damage|p1a: Wau wau|20/100
|
|-heal|p2a: 踩踩背|35/100|[from] item: Leftovers
|upkeep
|turn|15
|
|t:|1760890818
|move|p1a: Wau wau|Crunch|p2a: 踩踩背
|-supereffective|p2a: 踩踩背
|-damage|p2a: 踩踩背|0 fnt
|faint|p2a: 踩踩背
|-end|p2a: 踩踩背|Quark Drive|[silent]
|
|upkeep
|
|t:|1760890826
|switch|p2a: 脑袋尖尖的|Zamazenta, shiny|100/100
|-ability|p2a: 脑袋尖尖的|Dauntless Shield|boost
|-boost|p2a: 脑袋尖尖的|def|1
|turn|16
|
|t:|1760890845
|move|p2a: 脑袋尖尖的|Psychic Fangs|p1a: Wau wau
|-supereffective|p1a: Wau wau
|-crit|p1a: Wau wau
|-damage|p1a: Wau wau|0 fnt
|faint|p1a: Wau wau
|-damage|p2a: 脑袋尖尖的|91/100|[from] item: Life Orb
|
|upkeep
|inactive|Nevitchen has 90 seconds left.
|
|t:|1760890856
|switch|p1a: Mirko|Gholdengo|100/100
|turn|17
|inactive|Nevitchen has 90 seconds left.
|
|t:|1760890875
|move|p2a: 脑袋尖尖的|Crunch|p1a: Mirko
|-supereffective|p1a: Mirko
|-damage|p1a: Mirko|30/100
|-damage|p2a: 脑袋尖尖的|81/100|[from] item: Life Orb
|move|p1a: Mirko|Make It Rain|p2a: 脑袋尖尖的
|-damage|p2a: 脑袋尖尖的|11/100
|-unboost|p1a: Mirko|spa|1
|
|upkeep
|turn|18
|inactive|Nevitchen has 90 seconds left.
|inactive|Nevitchen has 60 seconds left.
|
|t:|1760890912
|move|p2a: 脑袋尖尖的|Crunch|p1a: Mirko
|-supereffective|p1a: Mirko
|-damage|p1a: Mirko|0 fnt
|faint|p1a: Mirko
|-damage|p2a: 脑袋尖尖的|1/100|[from] item: Life Orb
|
|upkeep
|
|t:|1760890916
|switch|p1a: Lass mich carryn|Dragonite, F|100/100
|turn|19
|
|t:|1760890924
|move|p2a: 脑袋尖尖的|Ice Fang|p1a: Lass mich carryn
|-supereffective|p1a: Lass mich carryn
|-damage|p1a: Lass mich carryn|44/100
|-damage|p2a: 脑袋尖尖的|0 fnt|[from] item: Life Orb
|faint|p2a: 脑袋尖尖的
|move|p1a: Lass mich carryn|Dragon Dance|p1a: Lass mich carryn
|-boost|p1a: Lass mich carryn|atk|1
|-boost|p1a: Lass mich carryn|spe|1
|
|upkeep
|
|t:|1760890932
|switch|p2a: 长脖奶龙|Raging Bolt|16/100
|turn|20
|
|t:|1760890940
|move|p1a: Lass mich carryn|Extreme Speed|p2a: 长脖奶龙
|-damage|p2a: 长脖奶龙|0 fnt
|faint|p2a: 长脖奶龙
|-end|p2a: 长脖奶龙|Protosynthesis|[silent]
|
|upkeep
|
|t:|1760890943
|switch|p2a: 20岁 喜欢发射孩子|Dragapult, M, shiny|100/100
|turn|21
|
|t:|1760890947
|-terastallize|p1a: Lass mich carryn|Flying
|move|p1a: Lass mich carryn|Tera Blast|p2a: 20岁 喜欢发射孩子|[anim] Tera Blast Flying
|-damage|p2a: 20岁 喜欢发射孩子|0 fnt
|faint|p2a: 20岁 喜欢发射孩子
|
|upkeep
|
|t:|1760890958
|switch|p2a: 黑黑的剑|Samurott-Hisui, F|100/100
|turn|22
|
|t:|1760890963
|move|p2a: 黑黑的剑|Aqua Jet|p1a: Lass mich carryn
|-damage|p1a: Lass mich carryn|10/100
|move|p1a: Lass mich carryn|Tera Blast|p2a: 黑黑的剑|[anim] Tera Blast Flying
|-damage|p2a: 黑黑的剑|0 fnt
|faint|p2a: 黑黑的剑
|
|upkeep
|
|t:|1760890969
|switch|p2a: 热热的鸟|Moltres, shiny|71/100
|turn|23
|inactive|Nevitchen has 120 seconds left.
|c|☆wyyorz|:(
|
|t:|1760890979
|move|p1a: Lass mich carryn|Tera Blast|p2a: 热热的鸟|[anim] Tera Blast Flying
|-damage|p2a: 热热的鸟|0 fnt
|faint|p2a: 热热的鸟
|
|win|Nevitchen
|raw|Nevitchen's rating: 1177 &rarr; <strong>1203</strong><br />(+26 for winning)
|raw|wyyorz's rating: 1192 &rarr; <strong>1166</strong><br />(-26 for losing)
