|j|☆EdgingCeaselesslly
|j|☆uwontwinprobably
|t:|1760760116
|gametype|singles
|player|p1|EdgingCeaselesslly|roxie|1451
|player|p2|uwontwinprobably|acetrainer-gen4dp|1453
|gen|9
|tier|[Gen 9] OU
|rated|
|rule|HP Percentage Mod: HP is shown in percentages
|rule|Endless Battle Clause: Forcing endless battles is banned
|rule|Species Clause: Limit one of each Pokémon
|rule|OHKO Clause: OHKO moves are banned
|rule|Evasion Items Clause: Evasion items are banned
|rule|Evasion Moves Clause: Evasion moves are banned
|rule|Evasion Abilities Clause: Evasion abilities are banned
|rule|Sleep Moves Clause: Sleep-inducing moves are banned
|clearpoke
|poke|p1|Landorus-Therian, M|
|poke|p1|Samurott-Hisui, F|
|poke|p1|Scizor, M|
|poke|p1|Latios, M|
|poke|p1|Zamazenta-*|
|poke|p1|Pecharunt|
|poke|p2|Enamorus, F|
|poke|p2|Ogerpon-Wellspring, F|
|poke|p2|Volcanion|
|poke|p2|Glastrier|
|poke|p2|Iron Hands|
|poke|p2|Iron Thorns|
|teampreview
|inactive|Battle timer is ON: inactive players will automatically lose when time's up. (requested by EdgingCeaselesslly)
|
|t:|1760760125
|teamsize|p1|6
|teamsize|p2|6
|start
|switch|p1a: Landorus|Landorus-Therian, M|100/100
|switch|p2a: Enamorus|Enamorus, F|100/100
|-ability|p1a: Landorus|Intimidate|boost
|-unboost|p2a: Enamorus|atk|1
|turn|1
|
|t:|1760760129
|move|p2a: Enamorus|Moonblast|p1a: Landorus
|-damage|p1a: Landorus|23/100
|move|p1a: Landorus|Stealth Rock|p2a: Enamorus
|-sidestart|p2: uwontwinprobably|move: Stealth Rock
|
|upkeep
|turn|2
|
|t:|1760760137
|switch|p1a: Scizor|Scizor, M|100/100
|move|p2a: Enamorus|Moonblast|p1a: Scizor
|-resisted|p1a: Scizor
|-damage|p1a: Scizor|49/100
|
|upkeep
|turn|3
|
|t:|1760760148
|move|p1a: Scizor|Bullet Punch|p2a: Enamorus
|-supereffective|p2a: Enamorus
|-damage|p2a: Enamorus|0 fnt
|-start|p1a: Scizor|Attract|[from] ability: Cute Charm|[of] p2a: Enamorus
|faint|p2a: Enamorus
|-end|p1a: Scizor|Attract|[silent]
|
|upkeep
|
|t:|1760760154
|switch|p2a: Volcanion|Volcanion|100/100
|-damage|p2a: Volcanion|76/100|[from] Stealth Rock
|turn|4
|
|t:|1760760158
|switch|p1a: Samurott|Samurott-Hisui, F|100/100
|move|p2a: Volcanion|Steam Eruption|p1a: Samurott
|-resisted|p1a: Samurott
|-damage|p1a: Samurott|52/100
|
|upkeep
|turn|5
|
|t:|1760760162
|move|p1a: Samurott|Ceaseless Edge|p2a: Volcanion
|-damage|p2a: Volcanion|29/100
|-sidestart|p2: uwontwinprobably|Spikes
|move|p2a: Volcanion|Steam Eruption|p1a: Samurott
|-resisted|p1a: Samurott
|-damage|p1a: Samurott|8/100
|
|upkeep
|turn|6
|
|t:|1760760168
|move|p1a: Samurott|Ceaseless Edge|p2a: Volcanion
|-damage|p2a: Volcanion|0 fnt
|-sidestart|p2: uwontwinprobably|Spikes
|faint|p2a: Volcanion
|
|upkeep
|
|t:|1760760169
|switch|p2a: Ogerpon|Ogerpon-Wellspring, F|100/100
|-damage|p2a: Ogerpon|88/100|[from] Stealth Rock
|-damage|p2a: Ogerpon|72/100|[from] Spikes
|turn|7
|
|t:|1760760173
|switch|p1a: Pecharunt|Pecharunt|100/100
|move|p2a: Ogerpon|Trailblaze|p1a: Pecharunt
|-resisted|p1a: Pecharunt
|-damage|p1a: Pecharunt|93/100
|-boost|p2a: Ogerpon|spe|1
|
|upkeep
|turn|8
|
|t:|1760760179
|-terastallize|p2a: Ogerpon|Water
|detailschange|p2a: Ogerpon|Ogerpon-Wellspring-Tera, F, tera:Water
|-ability|p2a: Ogerpon|Embody Aspect (Wellspring)|boost
|-boost|p2a: Ogerpon|spd|1
|move|p2a: Ogerpon|Swords Dance|p2a: Ogerpon
|-boost|p2a: Ogerpon|atk|2
|move|p1a: Pecharunt|Malignant Chain|p2a: Ogerpon
|-damage|p2a: Ogerpon|48/100
|
|upkeep
|turn|9
|
|t:|1760760185
|move|p2a: Ogerpon|Ivy Cudgel|p1a: Pecharunt|[anim] Ivy Cudgel Water
|-damage|p1a: Pecharunt|6/100
|move|p1a: Pecharunt|Parting Shot|p2a: Ogerpon
|-unboost|p2a: Ogerpon|atk|1
|-unboost|p2a: Ogerpon|spa|1
|
|t:|1760760197
|switch|p1a: Zamazenta|Zamazenta|100/100|[from] Parting Shot
|-ability|p1a: Zamazenta|Dauntless Shield|boost
|-boost|p1a: Zamazenta|def|1
|
|upkeep
|turn|10
|
|t:|1760760199
|move|p2a: Ogerpon|Ivy Cudgel|p1a: Zamazenta|[anim] Ivy Cudgel Water
|-damage|p1a: Zamazenta|43/100
|move|p1a: Zamazenta|Body Press|p2a: Ogerpon
|-damage|p2a: Ogerpon|0 fnt
|faint|p2a: Ogerpon
|detailschange|p2: Ogerpon|Ogerpon-Wellspring, F|[silent]
|
|-heal|p1a: Zamazenta|49/100|[from] item: Leftovers
|upkeep
|
|t:|1760760207
|switch|p2a: Iron Hands|Iron Hands|100/100
|-damage|p2a: Iron Hands|94/100|[from] Stealth Rock
|-damage|p2a: Iron Hands|78/100|[from] Spikes
|turn|11
|
|t:|1760760211
|move|p1a: Zamazenta|Iron Defense|p1a: Zamazenta
|-boost|p1a: Zamazenta|def|2
|move|p2a: Iron Hands|Thunder Punch|p1a: Zamazenta
|-damage|p1a: Zamazenta|36/100
|
|-heal|p1a: Zamazenta|42/100|[from] item: Leftovers
|upkeep
|turn|12
|
|t:|1760760216
|move|p1a: Zamazenta|Body Press|p2a: Iron Hands
|-damage|p2a: Iron Hands|28/100
|move|p2a: Iron Hands|Ice Punch|p1a: Zamazenta
|-damage|p1a: Zamazenta|33/100
|
|-heal|p1a: Zamazenta|39/100|[from] item: Leftovers
|upkeep
|turn|13
|
|t:|1760760220
|move|p1a: Zamazenta|Body Press|p2a: Iron Hands
|-damage|p2a: Iron Hands|0 fnt
|faint|p2a: Iron Hands
|-end|p2a: Iron Hands|Quark Drive|[silent]
|
|-heal|p1a: Zamazenta|45/100|[from] item: Leftovers
|upkeep
|
|t:|1760760222
|switch|p2a: Glastrier|Glastrier|100/100
|-damage|p2a: Glastrier|75/100|[from] Stealth Rock
|-damage|p2a: Glastrier|59/100|[from] Spikes
|turn|14
|
|t:|1760760225
|move|p1a: Zamazenta|Body Press|p2a: Glastrier
|-supereffective|p2a: Glastrier
|-damage|p2a: Glastrier|0 fnt
|faint|p2a: Glastrier
|
|-heal|p1a: Zamazenta|51/100|[from] item: Leftovers
|upkeep
|l|☆uwontwinprobably
|inactive|uwontwinprobably disconnected and has a minute to reconnect!
|player|p2|
|inactive|uwontwinprobably has 30 seconds to reconnect!
|inactive|uwontwinprobably has 20 seconds to reconnect!
|inactive|uwontwinprobably has 15 seconds to reconnect!
|inactive|uwontwinprobably has 10 seconds to reconnect!
|inactive|uwontwinprobably has 5 seconds to reconnect!
|-message|uwontwinprobably lost due to inactivity.
|
|win|EdgingCeaselesslly
|raw|EdgingCeaselesslly's rating: 1451 &rarr; <strong>1471</strong><br />(+20 for winning)
|raw|uwontwinprobably's rating: 1453 &rarr; <strong>1433</strong><br />(-20 for losing)
