|j|☆queenelan
|j|☆Pepinilloamarillo
|t:|1760787172
|gametype|singles
|player|p1|queenelan|265|1640
|player|p2|Pepinilloamarillo|barry|1692
|gen|9
|tier|[Gen 9] OU
|rated|
|rule|HP Percentage Mod: HP is shown in percentages
|rule|Endless Battle Clause: Forcing endless battles is banned
|rule|Species Clause: Limit one of each Pokémon
|rule|OHKO Clause: OHKO moves are banned
|rule|Evasion Items Clause: Evasion items are banned
|rule|Evasion Moves Clause: Evasion moves are banned
|rule|Evasion Abilities Clause: Evasion abilities are banned
|rule|Sleep Moves Clause: Sleep-inducing moves are banned
|clearpoke
|poke|p1|Lokix, M|
|poke|p1|Cinderace, M|
|poke|p1|Great Tusk|
|poke|p1|Alomomola, M|
|poke|p1|Enamorus, F|
|poke|p1|Slowking-Galar, M|
|poke|p2|Latios, M|
|poke|p2|Tornadus-Therian, M|
|poke|p2|Glimmora, M|
|poke|p2|Ceruledge, F|
|poke|p2|Rotom-Wash|
|poke|p2|Ting-Lu|
|teampreview
|
|t:|1760787190
|teamsize|p1|6
|teamsize|p2|6
|start
|switch|p1a: Cinderace|Cinderace, M|100/100
|switch|p2a: Tornadus|Tornadus-Therian, M|100/100
|turn|1
|
|t:|1760787197
|switch|p1a: Alomomola|Alomomola, M|100/100
|move|p2a: Tornadus|Knock Off|p1a: Alomomola
|-damage|p1a: Alomomola|85/100
|-enditem|p1a: Alomomola|Assault Vest|[from] move: Knock Off|[of] p2a: Tornadus
|
|upkeep
|turn|2
|
|t:|1760787202
|move|p2a: Tornadus|Bleakwind Storm|p1a: Alomomola
|-damage|p1a: Alomomola|56/100
|-unboost|p1a: Alomomola|spe|1
|move|p1a: Alomomola|Body Slam|p2a: Tornadus
|-damage|p2a: Tornadus|83/100
|
|upkeep
|turn|3
|
|t:|1760787211
|move|p2a: Tornadus|U-turn|p1a: Alomomola
|-damage|p1a: Alomomola|45/100
|
|t:|1760787216
|switch|p2a: Rotom|Rotom-Wash, shiny|100/100|[from] U-turn
|move|p1a: Alomomola|Mirror Coat||[still]
|-fail|p1a: Alomomola
|
|upkeep
|turn|4
|
|t:|1760787232
|switch|p1a: Cinderace|Cinderace, M|100/100
|move|p2a: Rotom|Volt Switch|p1a: Cinderace
|-damage|p1a: Cinderace|69/100
|
|t:|1760787244
|switch|p2a: Glimmora|Glimmora, M, shiny|100/100|[from] Volt Switch
|
|upkeep
|turn|5
|
|t:|1760787255
|move|p1a: Cinderace|U-turn|p2a: Glimmora
|-resisted|p2a: Glimmora
|-damage|p2a: Glimmora|92/100
|-activate|p2a: Glimmora|ability: Toxic Debris
|-sidestart|p1: queenelan|move: Toxic Spikes
|
|t:|1760787259
|switch|p1a: Slowking|Slowking-Galar, M|100/100|[from] U-turn
|-sideend|p1: queenelan|move: Toxic Spikes|[of] p1a: Slowking
|move|p2a: Glimmora|Meteor Beam||[still]
|-prepare|p2a: Glimmora|Meteor Beam
|-boost|p2a: Glimmora|spa|1
|-enditem|p2a: Glimmora|Power Herb
|-anim|p2a: Glimmora|Meteor Beam|p1a: Slowking
|-damage|p1a: Slowking|34/100
|
|upkeep
|turn|6
|
|t:|1760787267
|switch|p1a: Alomomola|Alomomola, M|79/100
|move|p2a: Glimmora|Earth Power|p1a: Alomomola
|-damage|p1a: Alomomola|49/100
|
|upkeep
|turn|7
|
|t:|1760787277
|move|p2a: Glimmora|Stealth Rock|p1a: Alomomola
|-sidestart|p1: queenelan|move: Stealth Rock
|move|p1a: Alomomola|Mirror Coat||[still]
|-fail|p1a: Alomomola
|
|upkeep
|turn|8
|
|t:|1760787288
|move|p2a: Glimmora|Mortal Spin|p1a: Alomomola
|-damage|p1a: Alomomola|45/100
|-status|p1a: Alomomola|psn
|move|p1a: Alomomola|Body Slam|p2a: Glimmora
|-resisted|p2a: Glimmora
|-damage|p2a: Glimmora|84/100
|-activate|p2a: Glimmora|ability: Toxic Debris
|-sidestart|p1: queenelan|move: Toxic Spikes
|
|-damage|p1a: Alomomola|32/100 psn|[from] psn
|upkeep
|turn|9
|
|t:|1760787302
|move|p2a: Glimmora|Earth Power|p1a: Alomomola
|-damage|p1a: Alomomola|1/100 psn
|move|p1a: Alomomola|Body Slam|p2a: Glimmora
|-resisted|p2a: Glimmora
|-damage|p2a: Glimmora|76/100
|-activate|p2a: Glimmora|ability: Toxic Debris
|-sidestart|p1: queenelan|move: Toxic Spikes
|
|-damage|p1a: Alomomola|0 fnt|[from] psn
|faint|p1a: Alomomola
|upkeep
|
|t:|1760787309
|switch|p1a: Cinderace|Cinderace, M|69/100
|turn|10
|
|t:|1760787314
|move|p1a: Cinderace|Court Change|p1a: Cinderace
|-swapsideconditions
|-activate|p1a: Cinderace|move: Court Change
|move|p2a: Glimmora|Earth Power|p1a: Cinderace
|-supereffective|p1a: Cinderace
|-damage|p1a: Cinderace|0 fnt
|faint|p1a: Cinderace
|
|upkeep
|
|t:|1760787330
|switch|p1a: Enamorus|Enamorus, F|100/100
|turn|11
|
|t:|1760787336
|-terastallize|p2a: Glimmora|Ghost
|move|p1a: Enamorus|Earth Power|p2a: Glimmora
|-damage|p2a: Glimmora|36/100
|move|p2a: Glimmora|Mortal Spin|p1a: Enamorus
|-supereffective|p1a: Enamorus
|-damage|p1a: Enamorus|81/100
|-status|p1a: Enamorus|psn
|-sideend|p2: Pepinilloamarillo|Toxic Spikes|[from] move: Mortal Spin|[of] p2a: Glimmora
|-sideend|p2: Pepinilloamarillo|Stealth Rock|[from] move: Mortal Spin|[of] p2a: Glimmora
|
|-damage|p1a: Enamorus|69/100 psn|[from] psn
|upkeep
|turn|12
|
|t:|1760787344
|switch|p2a: Tornadus|Tornadus-Therian, M|100/100
|move|p1a: Enamorus|Earth Power|p2a: Tornadus
|-immune|p2a: Tornadus
|
|-damage|p1a: Enamorus|56/100 psn|[from] psn
|upkeep
|turn|13
|
|t:|1760787350
|switch|p1a: Slowking|Slowking-Galar, M|67/100
|move|p2a: Tornadus|Knock Off|p1a: Slowking
|-supereffective|p1a: Slowking
|-damage|p1a: Slowking|38/100
|-enditem|p1a: Slowking|Shuca Berry|[from] move: Knock Off|[of] p2a: Tornadus
|
|upkeep
|turn|14
|
|t:|1760787356
|move|p2a: Tornadus|Taunt|p1a: Slowking
|-start|p1a: Slowking|move: Taunt
|move|p1a: Slowking|Future Sight|p2a: Tornadus
|-start|p1a: Slowking|move: Future Sight
|
|upkeep
|turn|15
|
|t:|1760787364
|move|p2a: Tornadus|Bleakwind Storm|p1a: Slowking
|-damage|p1a: Slowking|9/100
|move|p1a: Slowking|Ice Beam|p2a: Tornadus
|-supereffective|p2a: Tornadus
|-damage|p2a: Tornadus|57/100
|
|upkeep
|turn|16
|
|t:|1760787372
|move|p2a: Tornadus|U-turn|p1a: Slowking
|-damage|p1a: Slowking|0 fnt
|faint|p1a: Slowking
|
|t:|1760787376
|switch|p2a: Ting-Lu|Ting-Lu|100/100|[from] U-turn
|-ability|p2a: Ting-Lu|Vessel of Ruin
|
|-end|p2a: Ting-Lu|move: Future Sight
|-immune|p2a: Ting-Lu
|upkeep
|
|t:|1760787384
|switch|p1a: Lokix|Lokix, M|100/100
|turn|17
|
|t:|1760787387
|switch|p2a: Glimmora|Glimmora, M, shiny, tera:Ghost|36/100
|move|p1a: Lokix|U-turn|p2a: Glimmora
|-resisted|p2a: Glimmora
|-damage|p2a: Glimmora|0 fnt
|-activate|p2a: Glimmora|ability: Toxic Debris
|-sidestart|p1: queenelan|move: Toxic Spikes
|faint|p2a: Glimmora
|
|t:|1760787406
|switch|p1a: Great Tusk|Great Tusk|100/100|[from] U-turn
|-status|p1a: Great Tusk|psn
|
|-damage|p1a: Great Tusk|88/100 psn|[from] psn
|upkeep
|
|t:|1760787413
|switch|p2a: Tornadus|Tornadus-Therian, M|90/100
|turn|18
|
|t:|1760787429
|-terastallize|p1a: Great Tusk|Poison
|move|p2a: Tornadus|Bleakwind Storm|p1a: Great Tusk
|-damage|p1a: Great Tusk|42/100 psn
|move|p1a: Great Tusk|Rapid Spin|p2a: Tornadus
|-damage|p2a: Tornadus|72/100
|-boost|p1a: Great Tusk|spe|1
|-sideend|p1: queenelan|Toxic Spikes|[from] move: Rapid Spin|[of] p1a: Great Tusk
|
|-heal|p1a: Great Tusk|48/100 psn|[from] item: Leftovers
|-damage|p1a: Great Tusk|36/100 psn|[from] psn
|upkeep
|turn|19
|
|t:|1760787438
|switch|p2a: Rotom|Rotom-Wash, shiny|100/100
|move|p1a: Great Tusk|Knock Off|p2a: Rotom
|-damage|p2a: Rotom|76/100
|-enditem|p2a: Rotom|Leftovers|[from] move: Knock Off|[of] p1a: Great Tusk
|
|-heal|p1a: Great Tusk|42/100 psn|[from] item: Leftovers
|-damage|p1a: Great Tusk|29/100 psn|[from] psn
|upkeep
|turn|20
|
|t:|1760787444
|move|p1a: Great Tusk|Bulk Up|p1a: Great Tusk
|-boost|p1a: Great Tusk|atk|1
|-boost|p1a: Great Tusk|def|1
|move|p2a: Rotom|Volt Switch|p1a: Great Tusk
|-damage|p1a: Great Tusk|0 fnt
|faint|p1a: Great Tusk
|-end|p1a: Great Tusk|Protosynthesis|[silent]
|
|t:|1760787447
|switch|p2a: Tornadus|Tornadus-Therian, M|100/100|[from] Volt Switch
|
|upkeep
|-message|queenelan forfeited.
|
|win|Pepinilloamarillo
|raw|queenelan's rating: 1640 &rarr; <strong>1623</strong><br />(-17 for losing)
|raw|Pepinilloamarillo's rating: 1692 &rarr; <strong>1709</strong><br />(+17 for winning)
|l|☆queenelan
|player|p1|
|l|☆Pepinilloamarillo
|player|p2|
