|j|☆uwontwinprobably
|j|☆BlueEyesKaiba
|t:|1760808358
|gametype|singles
|player|p1|uwontwinprobably|acetrainer-gen4dp|1468
|player|p2|BlueEyesKaiba|lance|1544
|gen|9
|tier|[Gen 9] OU
|rated|
|rule|HP Percentage Mod: HP is shown in percentages
|rule|Endless Battle Clause: Forcing endless battles is banned
|rule|Species Clause: Limit one of each Pokémon
|rule|OHKO Clause: OHKO moves are banned
|rule|Evasion Items Clause: Evasion items are banned
|rule|Evasion Moves Clause: Evasion moves are banned
|rule|Evasion Abilities Clause: Evasion abilities are banned
|rule|Sleep Moves Clause: Sleep-inducing moves are banned
|clearpoke
|poke|p1|Enamorus, F|
|poke|p1|Ogerpon-Wellspring, F|
|poke|p1|Volcanion|
|poke|p1|Glastrier|
|poke|p1|Iron Hands|
|poke|p1|Deoxys-Speed|
|poke|p2|Suicune|
|poke|p2|Dragonite, F|
|poke|p2|Cinderace, F|
|poke|p2|Blaziken, M|
|poke|p2|Zamazenta-*|
|poke|p2|Latias, F|
|teampreview
|inactive|Battle timer is ON: inactive players will automatically lose when time's up. (requested by BlueEyesKaiba)
|
|t:|1760808371
|teamsize|p1|6
|teamsize|p2|6
|start
|switch|p1a: Deoxys|Deoxys-Speed|100/100
|switch|p2a: Blaziken|Blaziken, M, shiny|100/100
|-ability|p1a: Deoxys|Pressure
|turn|1
|
|t:|1760808376
|move|p1a: Deoxys|Psycho Boost|p2a: Blaziken
|-supereffective|p2a: Blaziken
|-crit|p2a: Blaziken
|-enditem|p2a: Blaziken|Focus Sash
|-damage|p2a: Blaziken|1/100
|-unboost|p1a: Deoxys|spa|2
|move|p2a: Blaziken|Knock Off|p1a: Deoxys
|-supereffective|p1a: Deoxys
|-damage|p1a: Deoxys|0 fnt
|-enditem|p1a: Deoxys|Choice Specs|[from] move: Knock Off|[of] p2a: Blaziken
|faint|p1a: Deoxys
|
|-ability|p2a: Blaziken|Speed Boost|boost
|-boost|p2a: Blaziken|spe|1
|upkeep
|
|t:|1760808387
|switch|p1a: Iron Hands|Iron Hands|100/100
|turn|2
|
|t:|1760808392
|move|p2a: Blaziken|Close Combat|p1a: Iron Hands
|-damage|p1a: Iron Hands|58/100
|-unboost|p2a: Blaziken|def|1
|-unboost|p2a: Blaziken|spd|1
|move|p1a: Iron Hands|Thunder Punch|p2a: Blaziken
|-damage|p2a: Blaziken|0 fnt
|faint|p2a: Blaziken
|
|upkeep
|
|t:|1760808414
|switch|p2a: Cinderace|Cinderace, F|100/100
|turn|3
|
|t:|1760808419
|move|p2a: Cinderace|High Jump Kick|p1a: Iron Hands
|-start|p2a: Cinderace|typechange|Fighting|[from] ability: Libero
|-damage|p1a: Iron Hands|21/100
|move|p1a: Iron Hands|Thunder Punch|p2a: Cinderace
|-damage|p2a: Cinderace|15/100
|
|upkeep
|turn|4
|
|t:|1760808429
|-end|p1a: Iron Hands|Quark Drive|[silent]
|switch|p1a: Enamorus|Enamorus, F|100/100
|move|p2a: Cinderace|Pyro Ball|p1a: Enamorus
|-damage|p1a: Enamorus|44/100
|
|upkeep
|turn|5
|
|t:|1760808437
|move|p2a: Cinderace|Pyro Ball|p1a: Enamorus
|-damage|p1a: Enamorus|0 fnt
|faint|p1a: Enamorus
|
|upkeep
|
|t:|1760808439
|switch|p1a: Ogerpon|Ogerpon-Wellspring, F|100/100
|turn|6
|
|t:|1760808443
|-terastallize|p1a: Ogerpon|Water
|detailschange|p1a: Ogerpon|Ogerpon-Wellspring-Tera, F, tera:Water
|-ability|p1a: Ogerpon|Embody Aspect (Wellspring)|boost
|-boost|p1a: Ogerpon|spd|1
|move|p2a: Cinderace|U-turn|p1a: Ogerpon
|-damage|p1a: Ogerpon|73/100
|
|t:|1760808450
|switch|p2a: Suicune|Suicune, shiny|100/100|[from] U-turn
|-ability|p2a: Suicune|Pressure
|move|p1a: Ogerpon|Trailblaze|p2a: Suicune
|-supereffective|p2a: Suicune
|-damage|p2a: Suicune|66/100
|-boost|p1a: Ogerpon|spe|1
|
|-heal|p2a: Suicune|72/100|[from] item: Leftovers
|upkeep
|turn|7
|
|t:|1760808459
|move|p1a: Ogerpon|Swords Dance|p1a: Ogerpon
|-boost|p1a: Ogerpon|atk|2
|move|p2a: Suicune|Scald|p1a: Ogerpon
|-resisted|p1a: Ogerpon
|-damage|p1a: Ogerpon|63/100
|
|-heal|p2a: Suicune|79/100|[from] item: Leftovers
|upkeep
|turn|8
|
|t:|1760808464
|move|p1a: Ogerpon|Trailblaze|p2a: Suicune
|-supereffective|p2a: Suicune
|-damage|p2a: Suicune|13/100
|-boost|p1a: Ogerpon|spe|1
|move|p2a: Suicune|Scald|p1a: Ogerpon
|-resisted|p1a: Ogerpon
|-damage|p1a: Ogerpon|53/100
|
|-heal|p2a: Suicune|19/100|[from] item: Leftovers
|upkeep
|turn|9
|
|t:|1760808471
|move|p1a: Ogerpon|Ivy Cudgel|p2a: Suicune|[anim] Ivy Cudgel Water
|-resisted|p2a: Suicune
|-damage|p2a: Suicune|0 fnt
|faint|p2a: Suicune
|
|upkeep
|
|t:|1760808483
|switch|p2a: Zamazenta|Zamazenta|100/100
|-ability|p2a: Zamazenta|Dauntless Shield|boost
|-boost|p2a: Zamazenta|def|1
|turn|10
|
|t:|1760808498
|move|p1a: Ogerpon|Ivy Cudgel|p2a: Zamazenta|[anim] Ivy Cudgel Water
|-crit|p2a: Zamazenta
|-damage|p2a: Zamazenta|0 fnt
|faint|p2a: Zamazenta
|
|upkeep
|
|t:|1760808502
|switch|p2a: Dragonite|Dragonite, F|100/100
|turn|11
|
|t:|1760808506
|move|p1a: Ogerpon|Ivy Cudgel|p2a: Dragonite|[anim] Ivy Cudgel Water
|-resisted|p2a: Dragonite
|-damage|p2a: Dragonite|58/100
|move|p2a: Dragonite|Dragon Claw|p1a: Ogerpon
|-damage|p1a: Ogerpon|0 fnt
|faint|p1a: Ogerpon
|detailschange|p1: Ogerpon|Ogerpon-Wellspring, F|[silent]
|
|upkeep
|
|t:|1760808519
|switch|p1a: Volcanion|Volcanion|100/100
|turn|12
|
|t:|1760808523
|move|p2a: Dragonite|Earthquake|p1a: Volcanion
|-supereffective|p1a: Volcanion
|-damage|p1a: Volcanion|27/100
|move|p1a: Volcanion|Steam Eruption|p2a: Dragonite|[miss]
|-miss|p1a: Volcanion|p2a: Dragonite
|
|upkeep
|turn|13
|
|t:|1760808528
|move|p2a: Dragonite|Dragon Dance|p2a: Dragonite
|-boost|p2a: Dragonite|atk|1
|-boost|p2a: Dragonite|spe|1
|move|p1a: Volcanion|Steam Eruption|p2a: Dragonite
|-resisted|p2a: Dragonite
|-damage|p2a: Dragonite|10/100
|-status|p2a: Dragonite|brn
|
|-damage|p2a: Dragonite|4/100 brn|[from] brn
|upkeep
|turn|14
|
|t:|1760808545
|move|p2a: Dragonite|Dragon Dance|p2a: Dragonite
|-boost|p2a: Dragonite|atk|1
|-boost|p2a: Dragonite|spe|1
|move|p1a: Volcanion|Steam Eruption|p2a: Dragonite
|-resisted|p2a: Dragonite
|-damage|p2a: Dragonite|0 fnt
|faint|p2a: Dragonite
|
|upkeep
|
|t:|1760808548
|switch|p2a: Latias|Latias, F|100/100
|turn|15
|
|t:|1760808550
|move|p2a: Latias|Calm Mind|p2a: Latias
|-boost|p2a: Latias|spa|1
|-boost|p2a: Latias|spd|1
|move|p1a: Volcanion|Steam Eruption|p2a: Latias
|-resisted|p2a: Latias
|-damage|p2a: Latias|73/100
|
|upkeep
|turn|16
|
|t:|1760808555
|move|p2a: Latias|Calm Mind|p2a: Latias
|-boost|p2a: Latias|spa|1
|-boost|p2a: Latias|spd|1
|move|p1a: Volcanion|Steam Eruption|p2a: Latias
|-resisted|p2a: Latias
|-damage|p2a: Latias|52/100
|
|upkeep
|turn|17
|
|t:|1760808558
|move|p2a: Latias|Calm Mind|p2a: Latias
|-boost|p2a: Latias|spa|1
|-boost|p2a: Latias|spd|1
|move|p1a: Volcanion|Steam Eruption|p2a: Latias
|-resisted|p2a: Latias
|-damage|p2a: Latias|36/100
|
|upkeep
|turn|18
|
|t:|1760808561
|move|p2a: Latias|Aura Sphere|p1a: Volcanion
|-crit|p1a: Volcanion
|-damage|p1a: Volcanion|0 fnt
|faint|p1a: Volcanion
|
|upkeep
|
|t:|1760808563
|switch|p1a: Glastrier|Glastrier|100/100
|turn|19
|
|t:|1760808570
|-terastallize|p2a: Latias|Steel
|move|p2a: Latias|Stored Power|p1a: Glastrier
|-damage|p1a: Glastrier|20/100
|move|p1a: Glastrier|Avalanche|p2a: Latias
|-resisted|p2a: Latias
|-damage|p2a: Latias|2/100
|
|upkeep
|turn|20
|l|☆uwontwinprobably
|inactive|uwontwinprobably disconnected and has a minute to reconnect!
|player|p1|
|c|☆BlueEyesKaiba|run
|inactive|uwontwinprobably has 30 seconds to reconnect!
|inactive|uwontwinprobably has 20 seconds to reconnect!
|inactive|uwontwinprobably has 15 seconds to reconnect!
|inactive|uwontwinprobably has 10 seconds to reconnect!
|inactive|uwontwinprobably has 5 seconds to reconnect!
|-message|uwontwinprobably lost due to inactivity.
|
|win|BlueEyesKaiba
|raw|uwontwinprobably's rating: 1468 &rarr; <strong>1452</strong><br />(-16 for losing)
|raw|BlueEyesKaiba's rating: 1544 &rarr; <strong>1560</strong><br />(+16 for winning)
