|j|☆Cocobreezy
|j|☆rylon ✝
|t:|1760836153
|gametype|singles
|player|p1|Cocobreezy|yellow|
|player|p2|rylon ✝|flannery|
|gen|9
|tier|[Gen 9] OU
|rule|HP Percentage Mod: HP is shown in percentages
|rule|Endless Battle Clause: Forcing endless battles is banned
|rule|Species Clause: Limit one of each Pokémon
|rule|OHKO Clause: OHKO moves are banned
|rule|Evasion Items Clause: Evasion items are banned
|rule|Evasion Moves Clause: Evasion moves are banned
|rule|Evasion Abilities Clause: Evasion abilities are banned
|rule|Sleep Moves Clause: Sleep-inducing moves are banned
|clearpoke
|poke|p1|Kingdra, M|
|poke|p1|Pelipper, M|
|poke|p1|Keldeo-Resolute|
|poke|p1|Greninja-*, M|
|poke|p1|Raging Bolt|
|poke|p1|Meowscarada, M|
|poke|p2|Gholdengo|
|poke|p2|Gliscor, M|
|poke|p2|Clefable, F|
|poke|p2|Darkrai|
|poke|p2|Zamazenta-*|
|poke|p2|Ogerpon-Wellspring, F|
|teampreview
|inactive|Battle timer is ON: inactive players will automatically lose when time's up. (requested by Cocobreezy)
|c|☆rylon ✝|hf
|c|☆Cocobreezy|u2
|inactive|rylon ✝ has 270 seconds left.
|
|t:|1760836190
|teamsize|p1|6
|teamsize|p2|6
|start
|switch|p1a: Meowscarada|Meowscarada, M|100/100
|switch|p2a: Darkrai|Darkrai|100/100
|turn|1
|
|t:|1760836200
|move|p2a: Darkrai|Sludge Bomb|p1a: Meowscarada
|-supereffective|p1a: Meowscarada
|-damage|p1a: Meowscarada|0 fnt
|faint|p1a: Meowscarada
|
|upkeep
|
|t:|1760836207
|switch|p1a: Pelipper|Pelipper, M|100/100
|-weather|RainDance|[from] ability: Drizzle|[of] p1a: Pelipper
|turn|2
|
|t:|1760836212
|switch|p2a: Zamazenta|Zamazenta|100/100
|-ability|p2a: Zamazenta|Dauntless Shield|boost
|-boost|p2a: Zamazenta|def|1
|move|p1a: Pelipper|U-turn|p2a: Zamazenta
|-resisted|p2a: Zamazenta
|-damage|p2a: Zamazenta|98/100
|
|t:|1760836221
|switch|p1a: Kingdra|Kingdra, M|100/100|[from] U-turn
|
|-weather|RainDance|[upkeep]
|upkeep
|turn|3
|
|t:|1760836232
|switch|p2a: Clefable|Clefable, F|100/100
|move|p1a: Kingdra|Weather Ball|p2a: Clefable
|-damage|p2a: Clefable|8/100
|
|-weather|RainDance|[upkeep]
|-heal|p2a: Clefable|14/100|[from] item: Leftovers
|upkeep
|turn|4
|
|t:|1760836246
|move|p1a: Kingdra|Weather Ball|p2a: Clefable
|-damage|p2a: Clefable|0 fnt
|faint|p2a: Clefable
|
|-weather|RainDance|[upkeep]
|upkeep
|
|t:|1760836248
|switch|p2a: Ogerpon|Ogerpon-Wellspring, F|100/100
|turn|5
|
|t:|1760836256
|switch|p1a: Pelipper|Pelipper, M|100/100
|-terastallize|p2a: Ogerpon|Water
|detailschange|p2a: Ogerpon|Ogerpon-Wellspring-Tera, F, tera:Water
|-ability|p2a: Ogerpon|Embody Aspect (Wellspring)|boost
|-boost|p2a: Ogerpon|spd|1
|move|p2a: Ogerpon|Horn Leech|p1a: Pelipper
|-damage|p1a: Pelipper|58/100
|
|-weather|RainDance|[upkeep]
|upkeep
|turn|6
|
|t:|1760836268
|move|p2a: Ogerpon|Knock Off|p1a: Pelipper
|-damage|p1a: Pelipper|23/100
|-enditem|p1a: Pelipper|Damp Rock|[from] move: Knock Off|[of] p2a: Ogerpon
|move|p1a: Pelipper|Tailwind|p1a: Pelipper
|-sidestart|p1: Cocobreezy|move: Tailwind
|
|-weather|RainDance|[upkeep]
|upkeep
|turn|7
|
|t:|1760836278
|move|p2a: Ogerpon|Horn Leech|p1a: Pelipper
|-crit|p1a: Pelipper
|-damage|p1a: Pelipper|0 fnt
|faint|p1a: Pelipper
|
|-weather|RainDance|[upkeep]
|upkeep
|
|t:|1760836284
|switch|p1a: Bolt|Raging Bolt|100/100
|-enditem|p1a: Bolt|Booster Energy
|-activate|p1a: Bolt|ability: Protosynthesis|[fromitem]
|-start|p1a: Bolt|protosynthesisspa
|turn|8
|
|t:|1760836291
|switch|p2a: Gholdengo|Gholdengo|100/100
|move|p1a: Bolt|Calm Mind|p1a: Bolt
|-boost|p1a: Bolt|spa|1
|-boost|p1a: Bolt|spd|1
|
|-weather|RainDance|[upkeep]
|upkeep
|turn|9
|
|t:|1760836297
|switch|p2a: Gliscor|Gliscor, M|100/100
|move|p1a: Bolt|Calm Mind|p1a: Bolt
|-boost|p1a: Bolt|spa|1
|-boost|p1a: Bolt|spd|1
|
|-weather|none
|-sideend|p1: Cocobreezy|move: Tailwind
|-status|p2a: Gliscor|tox|[from] item: Toxic Orb
|upkeep
|turn|10
|
|t:|1760836304
|-terastallize|p1a: Bolt|Flying
|move|p2a: Gliscor|Earthquake|p1a: Bolt
|-immune|p1a: Bolt
|move|p1a: Bolt|Dragon Pulse|p2a: Gliscor
|-damage|p2a: Gliscor|0 fnt
|faint|p2a: Gliscor
|
|upkeep
|
|t:|1760836324
|switch|p2a: Darkrai|Darkrai|100/100
|turn|11
|
|t:|1760836337
|move|p1a: Bolt|Thunderclap|p2a: Darkrai
|-damage|p2a: Darkrai|0 fnt
|faint|p2a: Darkrai
|
|upkeep
|
|t:|1760836342
|switch|p2a: Gholdengo|Gholdengo|100/100
|turn|12
|
|t:|1760836346
|move|p2a: Gholdengo|Nasty Plot|p2a: Gholdengo
|-boost|p2a: Gholdengo|spa|2
|move|p1a: Bolt|Thunder|p2a: Gholdengo
|-damage|p2a: Gholdengo|0 fnt
|faint|p2a: Gholdengo
|
|upkeep
|c|☆rylon ✝|gg
|-message|rylon ✝ forfeited.
|
|win|Cocobreezy
|c|☆Cocobreezy|gg
