|j|☆DRAGON DIA
|j|☆scrubtest98
|t:|1760829346
|gametype|singles
|player|p1|DRAGON DIA|lance|1431
|player|p2|scrubtest98|170|1474
|gen|9
|tier|[Gen 9] OU
|rated|
|rule|HP Percentage Mod: HP is shown in percentages
|rule|Endless Battle Clause: Forcing endless battles is banned
|rule|Species Clause: Limit one of each Pokémon
|rule|OHKO Clause: OHKO moves are banned
|rule|Evasion Items Clause: Evasion items are banned
|rule|Evasion Moves Clause: Evasion moves are banned
|rule|Evasion Abilities Clause: Evasion abilities are banned
|rule|Sleep Moves Clause: Sleep-inducing moves are banned
|clearpoke
|poke|p1|Dragonite, M|
|poke|p1|Garchomp, M|
|poke|p1|Dragapult, M|
|poke|p1|Kommo-o, M|
|poke|p1|Kyurem|
|poke|p1|Noivern, M|
|poke|p2|Rillaboom, M|
|poke|p2|Zamazenta-*|
|poke|p2|Heatran, M|
|poke|p2|Ogerpon-Wellspring, F|
|poke|p2|Great Tusk|
|poke|p2|Dragapult, M|
|teampreview
|j| sebaz129
|
|t:|1760829356
|teamsize|p1|6
|teamsize|p2|6
|start
|switch|p1a: FOOL|Noivern, M|100/100
|switch|p2a: Rillaboom|Rillaboom, M|100/100
|-fieldstart|move: Grassy Terrain|[from] ability: Grassy Surge|[of] p2a: Rillaboom
|turn|1
|inactive|Battle timer is ON: inactive players will automatically lose when time's up. (requested by DRAGON DIA)
|
|t:|1760829370
|switch|p2a: Heatran|Heatran, M|100/100
|move|p1a: FOOL|Switcheroo|p2a: Heatran
|-activate|p1a: FOOL|move: Trick|[of] p2a: Heatran
|-item|p2a: Heatran|Choice Scarf|[from] move: Switcheroo
|-item|p1a: FOOL|Leftovers|[from] move: Switcheroo
|
|upkeep
|turn|2
|
|t:|1760829381
|move|p1a: FOOL|Air Slash|p2a: Heatran
|-resisted|p2a: Heatran
|-damage|p2a: Heatran|91/100
|cant|p2a: Heatran|flinch
|
|-heal|p2a: Heatran|97/100|[from] Grassy Terrain
|upkeep
|turn|3
|
|t:|1760829393
|move|p1a: FOOL|Air Slash|p2a: Heatran
|-resisted|p2a: Heatran
|-damage|p2a: Heatran|87/100
|move|p2a: Heatran|Magma Storm|p1a: FOOL|[miss]
|-miss|p2a: Heatran|p1a: FOOL
|
|-heal|p2a: Heatran|93/100|[from] Grassy Terrain
|upkeep
|turn|4
|
|t:|1760829405
|switch|p1a: HANGED MON|Kommo-o, M|100/100
|move|p2a: Heatran|Magma Storm|p1a: HANGED MON|[miss]
|-miss|p2a: Heatran|p1a: HANGED MON
|
|-heal|p2a: Heatran|99/100|[from] Grassy Terrain
|upkeep
|turn|5
|
|t:|1760829415
|switch|p2a: Great Tusk|Great Tusk|100/100
|-enditem|p2a: Great Tusk|Booster Energy
|-activate|p2a: Great Tusk|ability: Protosynthesis|[fromitem]
|-start|p2a: Great Tusk|protosynthesisatk
|move|p1a: HANGED MON|Clangorous Soul|p1a: HANGED MON
|-boost|p1a: HANGED MON|atk|1
|-boost|p1a: HANGED MON|def|1
|-boost|p1a: HANGED MON|spa|1
|-boost|p1a: HANGED MON|spd|1
|-boost|p1a: HANGED MON|spe|1
|-damage|p1a: HANGED MON|68/100
|-enditem|p1a: HANGED MON|Throat Spray
|-boost|p1a: HANGED MON|spa|1|[from] item: Throat Spray
|
|-heal|p1a: HANGED MON|74/100|[from] Grassy Terrain
|-fieldend|move: Grassy Terrain
|upkeep
|turn|6
|
|t:|1760829437
|move|p1a: HANGED MON|Clanging Scales|p2a: Great Tusk
|-damage|p2a: Great Tusk|0 fnt
|faint|p2a: Great Tusk
|-end|p2a: Great Tusk|Protosynthesis|[silent]
|-unboost|p1a: HANGED MON|def|1
|
|upkeep
|-message|scrubtest98 forfeited.
|
|win|DRAGON DIA
|raw|DRAGON DIA's rating: 1431 &rarr; <strong>1453</strong><br />(+22 for winning)
|raw|scrubtest98's rating: 1474 &rarr; <strong>1452</strong><br />(-22 for losing)
|l|☆scrubtest98
|player|p2|
|l|☆DRAGON DIA
|player|p1|
|l| sebaz129
