|j|☆sansdisco
|j|☆Liliosis
|t:|1760865300
|gametype|singles
|player|p1|sansdisco|265|1239
|player|p2|Liliosis|bede-masters|1241
|gen|9
|tier|[Gen 9] OU
|rated|
|rule|HP Percentage Mod: HP is shown in percentages
|rule|Endless Battle Clause: Forcing endless battles is banned
|rule|Species Clause: Limit one of each Pokémon
|rule|OHKO Clause: OHKO moves are banned
|rule|Evasion Items Clause: Evasion items are banned
|rule|Evasion Moves Clause: Evasion moves are banned
|rule|Evasion Abilities Clause: Evasion abilities are banned
|rule|Sleep Moves Clause: Sleep-inducing moves are banned
|clearpoke
|poke|p1|Slowbro, M|
|poke|p1|Okidogi, M|
|poke|p1|Ninetales-Alola, F|
|poke|p1|Zoroark-Hisui, M|
|poke|p1|Dragonite, M|
|poke|p1|Iron Treads|
|poke|p2|Skeledirge, M|
|poke|p2|Quaquaval, F|
|poke|p2|Meowscarada, F|
|poke|p2|Iron Crown|
|poke|p2|Glimmora, M|
|poke|p2|Kingambit, M|
|teampreview
|inactive|Battle timer is ON: inactive players will automatically lose when time's up. (requested by Liliosis)
|
|t:|1760865320
|teamsize|p1|6
|teamsize|p2|6
|start
|switch|p1a: Ninetales|Ninetales-Alola, F, shiny|100/100
|switch|p2a: Glimmora|Glimmora, M|100/100
|-weather|Snowscape|[from] ability: Snow Warning|[of] p1a: Ninetales
|turn|1
|inactive|Liliosis has 120 seconds left.
|
|t:|1760865377
|move|p1a: Ninetales|Aurora Veil|p1a: Ninetales
|-sidestart|p1: sansdisco|move: Aurora Veil
|move|p2a: Glimmora|Meteor Beam||[still]
|-prepare|p2a: Glimmora|Meteor Beam
|-boost|p2a: Glimmora|spa|1
|-enditem|p2a: Glimmora|Power Herb
|-anim|p2a: Glimmora|Meteor Beam|p1a: Ninetales
|-supereffective|p1a: Ninetales
|-damage|p1a: Ninetales|10/100
|
|-weather|Snowscape|[upkeep]
|upkeep
|turn|2
|
|t:|1760865391
|move|p1a: Ninetales|Freeze-Dry|p2a: Glimmora
|-damage|p2a: Glimmora|72/100
|-status|p2a: Glimmora|frz
|-curestatus|p2a: Glimmora|frz|[msg]
|move|p2a: Glimmora|Mortal Spin|p1a: Ninetales
|-supereffective|p1a: Ninetales
|-damage|p1a: Ninetales|4/100
|-status|p1a: Ninetales|psn
|
|-weather|Snowscape|[upkeep]
|-damage|p1a: Ninetales|0 fnt|[from] psn
|faint|p1a: Ninetales
|upkeep
|
|t:|1760865393
|switch|p1a: Iron Treads|Iron Treads|100/100
|-enditem|p1a: Iron Treads|Booster Energy
|-activate|p1a: Iron Treads|ability: Quark Drive|[fromitem]
|-start|p1a: Iron Treads|quarkdrivespe
|turn|3
|
|t:|1760865406
|move|p1a: Iron Treads|Earth Power|p2a: Glimmora
|-supereffective|p2a: Glimmora
|-damage|p2a: Glimmora|0 fnt
|faint|p2a: Glimmora
|
|-weather|Snowscape|[upkeep]
|upkeep
|
|t:|1760865413
|switch|p2a: Quaquaval|Quaquaval, F|100/100
|turn|4
|
|t:|1760865442
|move|p1a: Iron Treads|Stealth Rock|p2a: Quaquaval
|-sidestart|p2: Liliosis|move: Stealth Rock
|move|p2a: Quaquaval|Aqua Step|p1a: Iron Treads
|-supereffective|p1a: Iron Treads
|-damage|p1a: Iron Treads|66/100
|-boost|p2a: Quaquaval|spe|1
|
|-weather|Snowscape|[upkeep]
|upkeep
|turn|5
|inactive|Liliosis has 120 seconds left.
|
|t:|1760865450
|-end|p1a: Iron Treads|Quark Drive|[silent]
|switch|p1a: Slowbro|Slowbro, M, shiny|100/100
|move|p2a: Quaquaval|Aqua Step|p1a: Slowbro
|-resisted|p1a: Slowbro
|-damage|p1a: Slowbro|95/100
|-boost|p2a: Quaquaval|spe|1
|
|-weather|none
|-heal|p1a: Slowbro|100/100|[from] item: Leftovers
|upkeep
|turn|6
|
|t:|1760865455
|move|p2a: Quaquaval|Knock Off|p1a: Slowbro
|-supereffective|p1a: Slowbro
|-damage|p1a: Slowbro|81/100
|-enditem|p1a: Slowbro|Leftovers|[from] move: Knock Off|[of] p2a: Quaquaval
|move|p1a: Slowbro|Calm Mind|p1a: Slowbro
|-boost|p1a: Slowbro|spa|1
|-boost|p1a: Slowbro|spd|1
|
|upkeep
|turn|7
|
|t:|1760865460
|move|p2a: Quaquaval|Rapid Spin|p1a: Slowbro
|-damage|p1a: Slowbro|75/100
|-boost|p2a: Quaquaval|spe|1
|-sideend|p2: Liliosis|Stealth Rock|[from] move: Rapid Spin|[of] p2a: Quaquaval
|move|p1a: Slowbro|Iron Defense|p1a: Slowbro
|-boost|p1a: Slowbro|def|2
|
|upkeep
|turn|8
|
|t:|1760865465
|move|p2a: Quaquaval|Knock Off|p1a: Slowbro
|-supereffective|p1a: Slowbro
|-damage|p1a: Slowbro|69/100
|move|p1a: Slowbro|Stored Power|p2a: Quaquaval
|-supereffective|p2a: Quaquaval
|-enditem|p2a: Quaquaval|Focus Sash
|-damage|p2a: Quaquaval|1/100
|
|-sideend|p1: sansdisco|move: Aurora Veil
|upkeep
|turn|9
|
|t:|1760865470
|move|p2a: Quaquaval|Knock Off|p1a: Slowbro
|-supereffective|p1a: Slowbro
|-damage|p1a: Slowbro|53/100
|move|p1a: Slowbro|Stored Power|p2a: Quaquaval
|-supereffective|p2a: Quaquaval
|-damage|p2a: Quaquaval|0 fnt
|faint|p2a: Quaquaval
|
|upkeep
|
|t:|1760865486
|switch|p2a: Meowscarada|Meowscarada, F|100/100
|turn|10
|
|t:|1760865494
|switch|p1a: Okidogi|Okidogi, M|100/100
|move|p2a: Meowscarada|Flower Trick|p1a: Okidogi
|-start|p2a: Meowscarada|typechange|Grass|[from] ability: Protean
|-resisted|p1a: Okidogi
|-crit|p1a: Okidogi
|-damage|p1a: Okidogi|79/100
|
|-heal|p1a: Okidogi|85/100|[from] item: Leftovers
|upkeep
|turn|11
|
|t:|1760865502
|switch|p2a: Kingambit|Kingambit, M|100/100
|-activate|p2a: Kingambit|ability: Supreme Overlord
|-start|p2a: Kingambit|fallen2|[silent]
|-item|p2a: Kingambit|Air Balloon
|move|p1a: Okidogi|Knock Off|p2a: Kingambit
|-resisted|p2a: Kingambit
|-damage|p2a: Kingambit|90/100
|-enditem|p2a: Kingambit|Air Balloon
|
|-heal|p1a: Okidogi|91/100|[from] item: Leftovers
|upkeep
|turn|12
|
|t:|1760865516
|-end|p2a: Kingambit|fallen2|[silent]
|switch|p2a: Skeledirge|Skeledirge, M|100/100
|move|p1a: Okidogi|Drain Punch|p2a: Skeledirge
|-immune|p2a: Skeledirge
|
|-heal|p1a: Okidogi|97/100|[from] item: Leftovers
|upkeep
|turn|13
|
|t:|1760865522
|move|p1a: Okidogi|Knock Off|p2a: Skeledirge
|-supereffective|p2a: Skeledirge
|-damage|p2a: Skeledirge|59/100
|-enditem|p2a: Skeledirge|Heavy-Duty Boots|[from] move: Knock Off|[of] p1a: Okidogi
|move|p2a: Skeledirge|Will-O-Wisp|p1a: Okidogi
|-status|p1a: Okidogi|brn
|
|-heal|p1a: Okidogi|100/100 brn|[from] item: Leftovers
|-damage|p1a: Okidogi|94/100 brn|[from] brn
|upkeep
|turn|14
|
|t:|1760865534
|switch|p1a: Slowbro|Slowbro, M, shiny|100/100
|move|p2a: Skeledirge|Torch Song|p1a: Slowbro
|-damage|p1a: Slowbro|42/100
|-boost|p2a: Skeledirge|spa|1
|replace|p1a: Zoroark|Zoroark-Hisui, M
|-end|p1a: Zoroark|Illusion
|
|upkeep
|turn|15
|
|t:|1760865539
|move|p1a: Zoroark|Shadow Ball|p2a: Skeledirge
|-supereffective|p2a: Skeledirge
|-damage|p2a: Skeledirge|5/100
|move|p2a: Skeledirge|Slack Off|p2a: Skeledirge
|-heal|p2a: Skeledirge|55/100
|
|upkeep
|turn|16
|
|t:|1760865544
|move|p1a: Zoroark|Shadow Ball|p2a: Skeledirge
|-supereffective|p2a: Skeledirge
|-damage|p2a: Skeledirge|0 fnt
|faint|p2a: Skeledirge
|
|upkeep
|
|t:|1760865554
|switch|p2a: Iron Crown|Iron Crown|100/100
|-enditem|p2a: Iron Crown|Booster Energy
|-activate|p2a: Iron Crown|ability: Quark Drive|[fromitem]
|-start|p2a: Iron Crown|quarkdrivespa
|turn|17
|
|t:|1760865560
|-end|p2a: Iron Crown|Quark Drive|[silent]
|switch|p2a: Kingambit|Kingambit, M|90/100
|-activate|p2a: Kingambit|ability: Supreme Overlord
|-start|p2a: Kingambit|fallen3|[silent]
|move|p1a: Zoroark|Shadow Ball|p2a: Kingambit
|-resisted|p2a: Kingambit
|-damage|p2a: Kingambit|72/100
|-unboost|p2a: Kingambit|spd|1
|
|upkeep
|turn|18
|
|t:|1760865568
|move|p2a: Kingambit|Sucker Punch|p1a: Zoroark
|-supereffective|p1a: Zoroark
|-damage|p1a: Zoroark|0 fnt
|faint|p1a: Zoroark
|
|upkeep
|
|t:|1760865573
|switch|p1a: Iron Treads|Iron Treads|66/100
|turn|19
|
|t:|1760865577
|move|p1a: Iron Treads|Earth Power|p2a: Kingambit
|-supereffective|p2a: Kingambit
|-damage|p2a: Kingambit|0 fnt
|faint|p2a: Kingambit
|-end|p2a: Kingambit|fallen3|[silent]
|
|upkeep
|
|t:|1760865582
|switch|p2a: Iron Crown|Iron Crown|100/100
|turn|20
|
|t:|1760865586
|move|p1a: Iron Treads|Earth Power|p2a: Iron Crown
|-supereffective|p2a: Iron Crown
|-crit|p2a: Iron Crown
|-damage|p2a: Iron Crown|5/100
|-unboost|p2a: Iron Crown|spd|1
|move|p2a: Iron Crown|Focus Blast|p1a: Iron Treads
|-supereffective|p1a: Iron Treads
|-damage|p1a: Iron Treads|0 fnt
|faint|p1a: Iron Treads
|-end|p1a: Iron Treads|Quark Drive|[silent]
|
|upkeep
|
|t:|1760865591
|switch|p1a: Dragonite|Dragonite, M, shiny|100/100
|turn|21
|
|t:|1760865595
|move|p1a: Dragonite|Extreme Speed|p2a: Iron Crown
|-resisted|p2a: Iron Crown
|-damage|p2a: Iron Crown|0 fnt
|faint|p2a: Iron Crown
|-end|p2a: Iron Crown|Quark Drive|[silent]
|
|upkeep
|
|t:|1760865596
|switch|p2a: Meowscarada|Meowscarada, F|100/100
|turn|22
|
|t:|1760865601
|-terastallize|p1a: Dragonite|Normal
|move|p1a: Dragonite|Extreme Speed|p2a: Meowscarada
|-damage|p2a: Meowscarada|25/100
|move|p2a: Meowscarada|Triple Axel|p1a: Dragonite
|-start|p2a: Meowscarada|typechange|Ice|[from] ability: Protean
|-damage|p1a: Dragonite|95/100
|-damage|p1a: Dragonite|74/100
|-crit|p1a: Dragonite
|-damage|p1a: Dragonite|31/100
|-hitcount|p1a: Dragonite|3
|
|upkeep
|turn|23
|
|t:|1760865614
|move|p1a: Dragonite|Extreme Speed|p2a: Meowscarada
|-damage|p2a: Meowscarada|0 fnt
|faint|p2a: Meowscarada
|
|win|sansdisco
|raw|sansdisco's rating: 1239 &rarr; <strong>1264</strong><br />(+25 for winning)
|raw|Liliosis's rating: 1241 &rarr; <strong>1216</strong><br />(-25 for losing)
|l|☆Liliosis
|player|p2|
|l|☆sansdisco
|player|p1|
