|j|☆ashmer06
|j|☆jackylechicken
|t:|1760875330
|gametype|singles
|player|p1|ashmer06|266|1444
|player|p2|jackylechicken|clerk|1506
|gen|9
|tier|[Gen 9] OU
|rated|
|rule|HP Percentage Mod: HP is shown in percentages
|rule|Endless Battle Clause: Forcing endless battles is banned
|rule|Species Clause: Limit one of each Pokémon
|rule|OHKO Clause: OHKO moves are banned
|rule|Evasion Items Clause: Evasion items are banned
|rule|Evasion Moves Clause: Evasion moves are banned
|rule|Evasion Abilities Clause: Evasion abilities are banned
|rule|Sleep Moves Clause: Sleep-inducing moves are banned
|clearpoke
|poke|p1|Pincurchin, M|
|poke|p1|Iron Valiant|
|poke|p1|Raging Bolt|
|poke|p1|Iron Leaves|
|poke|p1|Iron Crown|
|poke|p1|Hawlucha, M|
|poke|p2|Rillaboom, M|
|poke|p2|Hawlucha, F|
|poke|p2|Samurott-Hisui, M|
|poke|p2|Ceruledge, M|
|poke|p2|Hatterene, F|
|poke|p2|Great Tusk|
|teampreview
|inactive|Battle timer is ON: inactive players will automatically lose when time's up. (requested by ashmer06)
|
|t:|1760875345
|teamsize|p1|6
|teamsize|p2|6
|start
|switch|p1a: Iron Crown|Iron Crown|100/100
|switch|p2a: Ceruledge|Ceruledge, M|100/100
|turn|1
|
|t:|1760875354
|move|p1a: Iron Crown|Volt Switch|p2a: Ceruledge
|-damage|p2a: Ceruledge|70/100
|
|t:|1760875358
|-end|p1a: Iron Crown|Quark Drive|[silent]
|switch|p1a: Raging Bolt|Raging Bolt|100/100|[from] Volt Switch
|-enditem|p1a: Raging Bolt|Booster Energy
|-activate|p1a: Raging Bolt|ability: Protosynthesis|[fromitem]
|-start|p1a: Raging Bolt|protosynthesisspa
|move|p2a: Ceruledge|Bitter Blade|p1a: Raging Bolt
|-resisted|p1a: Raging Bolt
|-damage|p1a: Raging Bolt|79/100
|-heal|p2a: Ceruledge|84/100|[from] drain|[of] p1a: Raging Bolt
|
|upkeep
|turn|2
|
|t:|1760875371
|move|p2a: Ceruledge|Bitter Blade|p1a: Raging Bolt
|-resisted|p1a: Raging Bolt
|-damage|p1a: Raging Bolt|58/100
|-heal|p2a: Ceruledge|99/100|[from] drain|[of] p1a: Raging Bolt
|move|p1a: Raging Bolt|Dragon Pulse|p2a: Ceruledge
|-damage|p2a: Ceruledge|17/100
|
|upkeep
|turn|3
|
|t:|1760875381
|switch|p2a: Hatterene|Hatterene, F|100/100
|move|p1a: Raging Bolt|Thunderclap||[still]
|-fail|p1a: Raging Bolt
|
|upkeep
|turn|4
|
|t:|1760875400
|-end|p1a: Raging Bolt|Protosynthesis|[silent]
|switch|p1a: Iron Crown|Iron Crown|100/100
|move|p2a: Hatterene|Mystical Fire|p1a: Iron Crown
|-supereffective|p1a: Iron Crown
|-damage|p1a: Iron Crown|56/100
|-unboost|p1a: Iron Crown|spa|1
|
|upkeep
|turn|5
|
|t:|1760875410
|switch|p2a: Samurott|Samurott-Hisui, M|100/100
|move|p1a: Iron Crown|Tachyon Cutter|p2a: Samurott
|-resisted|p2a: Samurott
|-damage|p2a: Samurott|92/100
|-resisted|p2a: Samurott
|-damage|p2a: Samurott|85/100
|-hitcount|p2a: Samurott|2
|
|upkeep
|turn|6
|
|t:|1760875419
|-end|p1a: Iron Crown|Quark Drive|[silent]
|switch|p1a: Iron Valiant|Iron Valiant|100/100
|move|p2a: Samurott|Ceaseless Edge|p1a: Iron Valiant
|-resisted|p1a: Iron Valiant
|-damage|p1a: Iron Valiant|84/100
|-sidestart|p1: ashmer06|Spikes
|
|upkeep
|turn|7
|
|t:|1760875445
|switch|p2a: Ceruledge|Ceruledge, M|17/100
|move|p1a: Iron Valiant|Moonblast|p2a: Ceruledge
|-resisted|p2a: Ceruledge
|-damage|p2a: Ceruledge|0 fnt
|faint|p2a: Ceruledge
|-damage|p1a: Iron Valiant|75/100|[from] item: Life Orb
|
|upkeep
|
|t:|1760875452
|switch|p2a: Rillaboom|Rillaboom, M|100/100
|-fieldstart|move: Grassy Terrain|[from] ability: Grassy Surge|[of] p2a: Rillaboom
|turn|8
|
|t:|1760875459
|-end|p1a: Iron Valiant|Quark Drive|[silent]
|switch|p1a: Pincurchin|Pincurchin, M|100/100
|-damage|p1a: Pincurchin|88/100|[from] Spikes
|-fieldstart|move: Electric Terrain|[from] ability: Electric Surge|[of] p1a: Pincurchin
|move|p2a: Rillaboom|U-turn|p1a: Pincurchin
|-damage|p1a: Pincurchin|63/100
|
|t:|1760875474
|switch|p2a: Great Tusk|Great Tusk|100/100|[from] U-turn
|
|upkeep
|turn|9
|
|t:|1760875488
|switch|p1a: Iron Leaves|Iron Leaves|100/100
|-damage|p1a: Iron Leaves|88/100|[from] Spikes
|-activate|p1a: Iron Leaves|ability: Quark Drive
|-start|p1a: Iron Leaves|quarkdrivespe
|move|p2a: Great Tusk|Stealth Rock|p1a: Iron Leaves
|-sidestart|p1: ashmer06|move: Stealth Rock
|
|upkeep
|turn|10
|
|t:|1760875498
|-end|p2a: Great Tusk|Protosynthesis|[silent]
|switch|p2a: Rillaboom|Rillaboom, M|100/100
|-fieldstart|move: Grassy Terrain|[from] ability: Grassy Surge|[of] p2a: Rillaboom
|-end|p1a: Iron Leaves|Quark Drive
|move|p1a: Iron Leaves|Psyblade|p2a: Rillaboom
|-damage|p2a: Rillaboom|43/100
|-damage|p1a: Iron Leaves|78/100|[from] item: Life Orb
|
|-heal|p1a: Iron Leaves|84/100|[from] Grassy Terrain
|-heal|p2a: Rillaboom|49/100|[from] Grassy Terrain
|upkeep
|turn|11
|inactive|jackylechicken has 120 seconds left.
|
|t:|1760875520
|switch|p2a: Samurott|Samurott-Hisui, M|85/100
|move|p1a: Iron Leaves|Psyblade|p2a: Samurott
|-immune|p2a: Samurott
|
|-heal|p1a: Iron Leaves|90/100|[from] Grassy Terrain
|-heal|p2a: Samurott|91/100|[from] Grassy Terrain
|upkeep
|turn|12
|inactive|jackylechicken has 120 seconds left.
|
|t:|1760875539
|switch|p2a: Hatterene|Hatterene, F|100/100
|-enditem|p2a: Hatterene|Grassy Seed
|-boost|p2a: Hatterene|def|1|[from] item: Grassy Seed
|move|p1a: Iron Leaves|Close Combat|p2a: Hatterene
|-resisted|p2a: Hatterene
|-damage|p2a: Hatterene|94/100
|-unboost|p1a: Iron Leaves|def|1
|-unboost|p1a: Iron Leaves|spd|1
|-damage|p1a: Iron Leaves|80/100|[from] item: Life Orb
|
|-heal|p1a: Iron Leaves|87/100|[from] Grassy Terrain
|-heal|p2a: Hatterene|99/100|[from] Grassy Terrain
|upkeep
|turn|13
|inactive|jackylechicken has 120 seconds left.
|
|t:|1760875550
|-end|p1a: Iron Leaves|Quark Drive|[silent]
|switch|p1a: Pincurchin|Pincurchin, M|63/100
|-damage|p1a: Pincurchin|51/100|[from] Spikes
|-damage|p1a: Pincurchin|39/100|[from] Stealth Rock
|-fieldstart|move: Electric Terrain|[from] ability: Electric Surge|[of] p1a: Pincurchin
|move|p2a: Hatterene|Calm Mind|p2a: Hatterene
|-boost|p2a: Hatterene|spa|1
|-boost|p2a: Hatterene|spd|1
|
|upkeep
|turn|14
|inactive|jackylechicken has 120 seconds left.
|
|t:|1760875569
|move|p2a: Hatterene|Calm Mind|p2a: Hatterene
|-boost|p2a: Hatterene|spa|1
|-boost|p2a: Hatterene|spd|1
|move|p1a: Pincurchin|Memento|p2a: Hatterene
|-unboost|p2a: Hatterene|atk|2
|-unboost|p2a: Hatterene|spa|2
|faint|p1a: Pincurchin
|
|upkeep
|
|t:|1760875579
|switch|p1a: Iron Crown|Iron Crown|56/100
|-damage|p1a: Iron Crown|43/100|[from] Spikes
|-damage|p1a: Iron Crown|37/100|[from] Stealth Rock
|-activate|p1a: Iron Crown|ability: Quark Drive
|-start|p1a: Iron Crown|quarkdrivespa
|turn|15
|inactive|jackylechicken has 120 seconds left.
|
|t:|1760875585
|move|p1a: Iron Crown|Tachyon Cutter|p2a: Hatterene
|-supereffective|p2a: Hatterene
|-damage|p2a: Hatterene|62/100
|-supereffective|p2a: Hatterene
|-damage|p2a: Hatterene|21/100
|-hitcount|p2a: Hatterene|2
|move|p2a: Hatterene|Mystical Fire|p1a: Iron Crown
|-supereffective|p1a: Iron Crown
|-damage|p1a: Iron Crown|0 fnt
|faint|p1a: Iron Crown
|-end|p1a: Iron Crown|Quark Drive|[silent]
|
|upkeep
|
|t:|1760875593
|switch|p1a: Hawlucha|Hawlucha, M|100/100
|-damage|p1a: Hawlucha|88/100|[from] Stealth Rock
|-enditem|p1a: Hawlucha|Electric Seed
|-boost|p1a: Hawlucha|def|1|[from] item: Electric Seed
|turn|16
|
|t:|1760875602
|move|p1a: Hawlucha|Acrobatics|p2a: Hatterene
|-damage|p2a: Hatterene|0 fnt
|faint|p2a: Hatterene
|
|upkeep
|inactive|jackylechicken has 120 seconds left.
|
|t:|1760875621
|switch|p2a: Rillaboom|Rillaboom, M|49/100
|-fieldstart|move: Grassy Terrain|[from] ability: Grassy Surge|[of] p2a: Rillaboom
|turn|17
|
|t:|1760875626
|move|p2a: Rillaboom|Grassy Glide|p1a: Hawlucha
|-resisted|p1a: Hawlucha
|-damage|p1a: Hawlucha|73/100
|move|p1a: Hawlucha|Acrobatics|p2a: Rillaboom
|-supereffective|p2a: Rillaboom
|-damage|p2a: Rillaboom|0 fnt
|faint|p2a: Rillaboom
|
|upkeep
|
|t:|1760875631
|switch|p2a: Hawlucha|Hawlucha, F|100/100
|-enditem|p2a: Hawlucha|Grassy Seed
|-boost|p2a: Hawlucha|def|1|[from] item: Grassy Seed
|turn|18
|
|t:|1760875641
|-terastallize|p2a: Hawlucha|Steel
|-terastallize|p1a: Hawlucha|Flying
|move|p2a: Hawlucha|Acrobatics|p1a: Hawlucha
|-damage|p1a: Hawlucha|33/100
|move|p1a: Hawlucha|Acrobatics|p2a: Hawlucha
|-resisted|p2a: Hawlucha
|-damage|p2a: Hawlucha|72/100
|
|-heal|p2a: Hawlucha|78/100|[from] Grassy Terrain
|upkeep
|turn|19
|
|t:|1760875652
|move|p2a: Hawlucha|Acrobatics|p1a: Hawlucha
|-damage|p1a: Hawlucha|0 fnt
|faint|p1a: Hawlucha
|
|-heal|p2a: Hawlucha|84/100|[from] Grassy Terrain
|upkeep
|
|t:|1760875660
|switch|p1a: Raging Bolt|Raging Bolt|58/100
|-damage|p1a: Raging Bolt|45/100|[from] Spikes
|-damage|p1a: Raging Bolt|33/100|[from] Stealth Rock
|turn|20
|
|t:|1760875673
|move|p1a: Raging Bolt|Thunderclap||[still]
|-fail|p1a: Raging Bolt
|move|p2a: Hawlucha|Swords Dance|p2a: Hawlucha
|-boost|p2a: Hawlucha|atk|2
|
|-heal|p2a: Hawlucha|90/100|[from] Grassy Terrain
|-heal|p1a: Raging Bolt|39/100|[from] Grassy Terrain
|upkeep
|turn|21
|
|t:|1760875678
|move|p1a: Raging Bolt|Thunderclap||[still]
|-fail|p1a: Raging Bolt
|move|p2a: Hawlucha|Encore|p1a: Raging Bolt
|-start|p1a: Raging Bolt|Encore
|
|-heal|p2a: Hawlucha|96/100|[from] Grassy Terrain
|-heal|p1a: Raging Bolt|45/100|[from] Grassy Terrain
|upkeep
|turn|22
|
|t:|1760875683
|move|p1a: Raging Bolt|Thunderclap||[still]
|-fail|p1a: Raging Bolt
|move|p2a: Hawlucha|Swords Dance|p2a: Hawlucha
|-boost|p2a: Hawlucha|atk|2
|
|-heal|p2a: Hawlucha|100/100|[from] Grassy Terrain
|-heal|p1a: Raging Bolt|51/100|[from] Grassy Terrain
|upkeep
|turn|23
|-message|ashmer06 forfeited.
|
|win|jackylechicken
|raw|ashmer06's rating: 1444 &rarr; <strong>1428</strong><br />(-16 for losing)
|raw|jackylechicken's rating: 1506 &rarr; <strong>1522</strong><br />(+16 for winning)
|l|☆ashmer06
|player|p1|
|l|☆jackylechicken
|player|p2|
