|j|☆uwontwinprobably
|j|☆hauntersnightmare
|t:|1760734540
|gametype|singles
|player|p1|uwontwinprobably|acetrainer-gen4dp|1609
|player|p2|hauntersnightmare|266|1553
|gen|9
|tier|[Gen 9] OU
|rated|
|rule|HP Percentage Mod: HP is shown in percentages
|rule|Endless Battle Clause: Forcing endless battles is banned
|rule|Species Clause: Limit one of each Pokémon
|rule|OHKO Clause: OHKO moves are banned
|rule|Evasion Items Clause: Evasion items are banned
|rule|Evasion Moves Clause: Evasion moves are banned
|rule|Evasion Abilities Clause: Evasion abilities are banned
|rule|Sleep Moves Clause: Sleep-inducing moves are banned
|clearpoke
|poke|p1|Enamorus, F|
|poke|p1|Ogerpon-Wellspring, F|
|poke|p1|Volcanion|
|poke|p1|Glastrier|
|poke|p1|Electivire, F|
|poke|p1|Iron Hands|
|poke|p2|Iron Moth|
|poke|p2|Weezing-Galar, M|
|poke|p2|Gliscor, M|
|poke|p2|Corviknight, F|
|poke|p2|Ogerpon-Wellspring, F|
|poke|p2|Dragapult, F|
|teampreview
|inactive|Battle timer is ON: inactive players will automatically lose when time's up. (requested by hauntersnightmare)
|inactive|uwontwinprobably has 120 seconds left.
|
|t:|1760734587
|teamsize|p1|6
|teamsize|p2|6
|start
|switch|p1a: Volcanion|Volcanion|100/100
|switch|p2a: Iron Moth|Iron Moth|100/100
|turn|1
|
|t:|1760734598
|-end|p2a: Iron Moth|Quark Drive|[silent]
|switch|p2a: Ogerpon|Ogerpon-Wellspring, F|100/100
|move|p1a: Volcanion|Steam Eruption|p2a: Ogerpon
|-immune|p2a: Ogerpon|[from] ability: Water Absorb
|
|upkeep
|turn|2
|
|t:|1760734609
|switch|p1a: Enamorus|Enamorus, F|100/100
|move|p2a: Ogerpon|Swords Dance|p2a: Ogerpon
|-boost|p2a: Ogerpon|atk|2
|
|upkeep
|turn|3
|
|t:|1760734618
|move|p2a: Ogerpon|Ivy Cudgel|p1a: Enamorus|[anim] Ivy Cudgel Water
|-damage|p1a: Enamorus|0 fnt
|faint|p1a: Enamorus
|
|upkeep
|
|t:|1760734624
|switch|p1a: Iron Hands|Iron Hands|100/100
|turn|4
|
|t:|1760734627
|move|p2a: Ogerpon|Power Whip|p1a: Iron Hands
|-damage|p1a: Iron Hands|26/100
|move|p1a: Iron Hands|Supercell Slam|p2a: Ogerpon
|-damage|p2a: Ogerpon|32/100
|
|upkeep
|turn|5
|
|t:|1760734640
|move|p2a: Ogerpon|Ivy Cudgel|p1a: Iron Hands|[anim] Ivy Cudgel Water
|-damage|p1a: Iron Hands|0 fnt
|faint|p1a: Iron Hands
|-end|p1a: Iron Hands|Quark Drive|[silent]
|
|upkeep
|
|t:|1760734643
|switch|p1a: Glastrier|Glastrier|100/100
|turn|6
|
|t:|1760734646
|move|p2a: Ogerpon|Ivy Cudgel|p1a: Glastrier|[anim] Ivy Cudgel Water
|-damage|p1a: Glastrier|36/100
|move|p1a: Glastrier|Avalanche|p2a: Ogerpon
|-damage|p2a: Ogerpon|0 fnt
|faint|p2a: Ogerpon
|-ability|p1a: Glastrier|Chilling Neigh|boost
|-boost|p1a: Glastrier|atk|1
|
|upkeep
|
|t:|1760734654
|switch|p2a: Iron Moth|Iron Moth|100/100
|turn|7
|
|t:|1760734663
|-terastallize|p1a: Glastrier|Fairy
|move|p2a: Iron Moth|Sludge Wave|p1a: Glastrier
|-supereffective|p1a: Glastrier
|-damage|p1a: Glastrier|0 fnt
|faint|p1a: Glastrier
|
|upkeep
|
|t:|1760734667
|switch|p1a: Volcanion|Volcanion|100/100
|turn|8
|
|t:|1760734674
|move|p2a: Iron Moth|Sludge Wave|p1a: Volcanion
|-damage|p1a: Volcanion|9/100
|-status|p1a: Volcanion|psn
|move|p1a: Volcanion|Steam Eruption|p2a: Iron Moth
|-supereffective|p2a: Iron Moth
|-damage|p2a: Iron Moth|0 fnt
|faint|p2a: Iron Moth
|-end|p2a: Iron Moth|Quark Drive|[silent]
|
|-damage|p1a: Volcanion|0 fnt|[from] psn
|faint|p1a: Volcanion
|upkeep
|
|t:|1760734679
|switch|p2a: Dragapult|Dragapult, F|100/100
|switch|p1a: Electivire|Electivire, F|100/100
|turn|9
|
|t:|1760734683
|move|p2a: Dragapult|U-turn|p1a: Electivire
|-damage|p1a: Electivire|72/100
|
|t:|1760734687
|switch|p2a: Corviknight|Corviknight, F|100/100|[from] U-turn
|-ability|p2a: Corviknight|Pressure
|move|p1a: Electivire|Ice Punch|p2a: Corviknight
|-damage|p2a: Corviknight|82/100
|-damage|p1a: Electivire|55/100|[from] item: Rocky Helmet|[of] p2a: Corviknight
|
|upkeep
|turn|10
|
|t:|1760734691
|switch|p2a: Gliscor|Gliscor, M|100/100
|move|p1a: Electivire|Wild Charge|p2a: Gliscor
|-immune|p2a: Gliscor
|
|-status|p2a: Gliscor|tox|[from] item: Toxic Orb
|upkeep
|turn|11
|
|t:|1760734693
|switch|p2a: Corviknight|Corviknight, F|82/100
|-ability|p2a: Corviknight|Pressure
|move|p1a: Electivire|Ice Punch|p2a: Corviknight
|-damage|p2a: Corviknight|64/100
|-status|p2a: Corviknight|frz
|-damage|p1a: Electivire|38/100|[from] item: Rocky Helmet|[of] p2a: Corviknight
|
|upkeep
|turn|12
|
|t:|1760734696
|move|p1a: Electivire|Wild Charge|p2a: Corviknight
|-supereffective|p2a: Corviknight
|-crit|p2a: Corviknight
|-damage|p2a: Corviknight|0 fnt
|-damage|p1a: Electivire|22/100|[from] item: Rocky Helmet|[of] p2a: Corviknight
|faint|p2a: Corviknight
|-damage|p1a: Electivire|4/100|[from] Recoil
|
|upkeep
|
|t:|1760734698
|switch|p2a: Dragapult|Dragapult, F|100/100
|turn|13
|
|t:|1760734700
|move|p2a: Dragapult|Dragon Darts|p1a: Electivire
|-damage|p1a: Electivire|0 fnt
|faint|p1a: Electivire
|
|upkeep
|
|t:|1760734702
|switch|p1a: Ogerpon|Ogerpon-Wellspring, F|100/100
|turn|14
|
|t:|1760734706
|move|p2a: Dragapult|Thunder Wave|p1a: Ogerpon
|-status|p1a: Ogerpon|par
|move|p1a: Ogerpon|Trailblaze|p2a: Dragapult
|-resisted|p2a: Dragapult
|-damage|p2a: Dragapult|81/100
|-boost|p1a: Ogerpon|spe|1
|
|upkeep
|turn|15
|
|t:|1760734711
|move|p2a: Dragapult|U-turn|p1a: Ogerpon
|-supereffective|p1a: Ogerpon
|-damage|p1a: Ogerpon|52/100 par
|
|t:|1760734713
|switch|p2a: Weezing|Weezing-Galar, M|100/100|[from] U-turn
|-ability|p2a: Weezing|Neutralizing Gas
|cant|p1a: Ogerpon|par
|
|upkeep
|turn|16
|
|t:|1760734716
|move|p1a: Ogerpon|Synthesis|p1a: Ogerpon
|-heal|p1a: Ogerpon|100/100 par
|move|p2a: Weezing|Strange Steam|p1a: Ogerpon
|-damage|p1a: Ogerpon|71/100 par
|-start|p1a: Ogerpon|confusion
|
|upkeep
|turn|17
|
|t:|1760734719
|-activate|p1a: Ogerpon|confusion
|move|p1a: Ogerpon|Trailblaze|p2a: Weezing
|-resisted|p2a: Weezing
|-damage|p2a: Weezing|89/100
|-boost|p1a: Ogerpon|spe|1
|move|p2a: Weezing|Strange Steam|p1a: Ogerpon
|-damage|p1a: Ogerpon|40/100 par
|
|-heal|p2a: Weezing|95/100|[from] item: Leftovers
|upkeep
|turn|18
|
|t:|1760734722
|-activate|p1a: Ogerpon|confusion
|cant|p1a: Ogerpon|par
|move|p2a: Weezing|Strange Steam|p1a: Ogerpon
|-damage|p1a: Ogerpon|8/100 par
|
|-heal|p2a: Weezing|100/100|[from] item: Leftovers
|upkeep
|turn|19
|
|t:|1760734727
|-end|p2a: Weezing|ability: Neutralizing Gas
|switch|p2a: Dragapult|Dragapult, F|81/100
|-end|p1a: Ogerpon|confusion
|move|p1a: Ogerpon|Synthesis|p1a: Ogerpon
|-heal|p1a: Ogerpon|58/100 par
|
|upkeep
|turn|20
|
|t:|1760734736
|move|p2a: Dragapult|Hex|p1a: Ogerpon
|-damage|p1a: Ogerpon|0 fnt
|faint|p1a: Ogerpon
|
|win|hauntersnightmare
|raw|uwontwinprobably's rating: 1609 &rarr; <strong>1586</strong><br />(-23 for losing)
|raw|hauntersnightmare's rating: 1553 &rarr; <strong>1576</strong><br />(+23 for winning)
|l|☆uwontwinprobably
|player|p1|
