|j|☆tomatic
|j|☆Yz99999
|t:|1760722238
|gametype|singles
|player|p1|tomatic|blackbelt-gen4dp|1530
|player|p2|Yz99999|2|1524
|gen|9
|tier|[Gen 9] OU
|rated|
|rule|HP Percentage Mod: HP is shown in percentages
|rule|Endless Battle Clause: Forcing endless battles is banned
|rule|Species Clause: Limit one of each Pokémon
|rule|OHKO Clause: OHKO moves are banned
|rule|Evasion Items Clause: Evasion items are banned
|rule|Evasion Moves Clause: Evasion moves are banned
|rule|Evasion Abilities Clause: Evasion abilities are banned
|rule|Sleep Moves Clause: Sleep-inducing moves are banned
|clearpoke
|poke|p1|Maushold-Four|
|poke|p1|Scizor, F|
|poke|p1|Landorus-Therian, M|
|poke|p1|Dragonite, F|
|poke|p1|Hatterene, F|
|poke|p1|Rotom-Wash|
|poke|p2|Garganacl, F|
|poke|p2|Corviknight, F|
|poke|p2|Great Tusk|
|poke|p2|Scizor, F|
|poke|p2|Raging Bolt|
|poke|p2|Maushold|
|teampreview
|inactive|Battle timer is ON: inactive players will automatically lose when time's up. (requested by Yz99999)
|inactive|tomatic has 120 seconds left.
|c|☆tomatic|fellow maushold enjoyer
|c|☆tomatic|hf
|
|t:|1760722285
|teamsize|p1|6
|teamsize|p2|6
|start
|switch|p1a: Rotom|Rotom-Wash|100/100
|switch|p2a: Great Tusk|Great Tusk|100/100
|turn|1
|
|t:|1760722294
|-end|p2a: Great Tusk|Protosynthesis|[silent]
|switch|p2a: Raging Bolt|Raging Bolt|100/100
|move|p1a: Rotom|Hydro Pump|p2a: Raging Bolt
|-resisted|p2a: Raging Bolt
|-damage|p2a: Raging Bolt|77/100
|
|upkeep
|turn|2
|
|t:|1760722300
|switch|p1a: Hatterene|Hatterene, F|100/100
|move|p2a: Raging Bolt|Thunderbolt|p1a: Hatterene
|-damage|p1a: Hatterene|53/100
|
|upkeep
|turn|3
|
|t:|1760722305
|move|p2a: Raging Bolt|Thunderbolt|p1a: Hatterene
|-damage|p1a: Hatterene|0 fnt
|faint|p1a: Hatterene
|
|upkeep
|
|t:|1760722313
|switch|p1a: Maushold|Maushold-Four|100/100
|turn|4
|
|t:|1760722315
|switch|p1a: Scizor|Scizor, F|100/100
|-end|p2a: Raging Bolt|Protosynthesis|[silent]
|switch|p2a: Corviknight|Corviknight, F|100/100
|-ability|p2a: Corviknight|Pressure
|
|upkeep
|turn|5
|
|t:|1760722319
|switch|p2a: Scizor|Scizor, F|100/100
|move|p1a: Scizor|Knock Off|p2a: Scizor
|-damage|p2a: Scizor|61/100
|-enditem|p2a: Scizor|Choice Band|[from] move: Knock Off|[of] p1a: Scizor
|
|upkeep
|turn|6
|
|t:|1760722325
|switch|p1a: Landorus|Landorus-Therian, M|100/100
|-ability|p1a: Landorus|Intimidate|boost
|-unboost|p2a: Scizor|atk|1
|move|p2a: Scizor|U-turn|p1a: Landorus
|-resisted|p1a: Landorus
|-damage|p1a: Landorus|89/100
|-damage|p2a: Scizor|45/100|[from] item: Rocky Helmet|[of] p1a: Landorus
|
|t:|1760722326
|switch|p2a: Great Tusk|Great Tusk|100/100|[from] U-turn
|
|upkeep
|turn|7
|
|t:|1760722337
|switch|p1a: Rotom|Rotom-Wash|100/100
|move|p2a: Great Tusk|Knock Off|p1a: Rotom
|-damage|p1a: Rotom|58/100
|-enditem|p1a: Rotom|Choice Scarf|[from] move: Knock Off|[of] p2a: Great Tusk
|
|upkeep
|turn|8
|
|t:|1760722344
|-end|p2a: Great Tusk|Protosynthesis|[silent]
|switch|p2a: Raging Bolt|Raging Bolt|77/100
|move|p1a: Rotom|Pain Split|p2a: Raging Bolt
|-sethp|p2a: Raging Bolt|55/100|[from] move: Pain Split|[silent]
|-sethp|p1a: Rotom|96/100|[from] move: Pain Split
|
|upkeep
|turn|9
|
|t:|1760722352
|move|p1a: Rotom|Trick|p2a: Raging Bolt
|-activate|p1a: Rotom|move: Trick|[of] p2a: Raging Bolt
|-enditem|p2a: Raging Bolt|Choice Specs|[silent]|[from] move: Trick
|-item|p1a: Rotom|Choice Specs|[from] move: Trick
|move|p2a: Raging Bolt|Draco Meteor|p1a: Rotom
|-damage|p1a: Rotom|0 fnt
|-unboost|p2a: Raging Bolt|spa|2
|faint|p1a: Rotom
|
|upkeep
|
|t:|1760722359
|switch|p1a: Scizor|Scizor, F|100/100
|turn|10
|
|t:|1760722361
|move|p2a: Raging Bolt|Volt Switch|p1a: Scizor
|-damage|p1a: Scizor|75/100
|
|t:|1760722363
|-end|p2a: Raging Bolt|Protosynthesis|[silent]
|switch|p2a: Scizor|Scizor, F|45/100|[from] Volt Switch
|move|p1a: Scizor|Swords Dance|p1a: Scizor
|-boost|p1a: Scizor|atk|2
|
|upkeep
|turn|11
|
|t:|1760722371
|move|p1a: Scizor|Knock Off|p2a: Scizor
|-damage|p2a: Scizor|0 fnt
|faint|p2a: Scizor
|
|upkeep
|
|t:|1760722372
|switch|p2a: Great Tusk|Great Tusk|100/100
|turn|12
|
|t:|1760722381
|-terastallize|p2a: Great Tusk|Ground
|move|p1a: Scizor|Bullet Punch|p2a: Great Tusk
|-damage|p2a: Great Tusk|41/100
|move|p2a: Great Tusk|Headlong Rush|p1a: Scizor
|-damage|p1a: Scizor|0 fnt
|-unboost|p2a: Great Tusk|def|1
|-unboost|p2a: Great Tusk|spd|1
|faint|p1a: Scizor
|
|upkeep
|
|t:|1760722400
|switch|p1a: Landorus|Landorus-Therian, M|89/100
|-ability|p1a: Landorus|Intimidate|boost
|-unboost|p2a: Great Tusk|atk|1
|turn|13
|
|t:|1760722402
|move|p1a: Landorus|Earth Power|p2a: Great Tusk
|-damage|p2a: Great Tusk|0 fnt
|faint|p2a: Great Tusk
|-end|p2a: Great Tusk|Protosynthesis|[silent]
|
|upkeep
|
|t:|1760722405
|switch|p2a: Garganacl|Garganacl, F|100/100
|turn|14
|
|t:|1760722411
|move|p1a: Landorus|Earth Power|p2a: Garganacl
|-supereffective|p2a: Garganacl
|-damage|p2a: Garganacl|62/100
|-unboost|p2a: Garganacl|spd|1
|move|p2a: Garganacl|Salt Cure|p1a: Landorus
|-damage|p1a: Landorus|75/100
|-start|p1a: Landorus|Salt Cure
|
|-heal|p2a: Garganacl|68/100|[from] item: Leftovers
|-damage|p1a: Landorus|63/100|[from] Salt Cure
|upkeep
|turn|15
|
|t:|1760722417
|switch|p2a: Corviknight|Corviknight, F|100/100
|-ability|p2a: Corviknight|Pressure
|move|p1a: Landorus|U-turn|p2a: Corviknight
|-resisted|p2a: Corviknight
|-damage|p2a: Corviknight|96/100
|-damage|p1a: Landorus|46/100|[from] item: Rocky Helmet|[of] p2a: Corviknight
|
|t:|1760722421
|switch|p1a: Maushold|Maushold-Four|100/100|[from] U-turn
|
|upkeep
|turn|16
|
|t:|1760722424
|move|p1a: Maushold|Tidy Up|p1a: Maushold
|-boost|p1a: Maushold|atk|1
|-boost|p1a: Maushold|spe|1
|move|p2a: Corviknight|Brave Bird|p1a: Maushold
|-damage|p1a: Maushold|40/100
|-damage|p2a: Corviknight|82/100|[from] Recoil
|
|upkeep
|turn|17
|
|t:|1760722438
|switch|p1a: Landorus|Landorus-Therian, M|46/100
|-ability|p1a: Landorus|Intimidate|boost
|-unboost|p2a: Corviknight|atk|1
|move|p2a: Corviknight|Brave Bird|p1a: Landorus
|-damage|p1a: Landorus|21/100
|-damage|p2a: Corviknight|65/100|[from] item: Rocky Helmet|[of] p1a: Landorus
|-damage|p2a: Corviknight|57/100|[from] Recoil
|
|upkeep
|turn|18
|
|t:|1760722440
|move|p1a: Landorus|Stealth Rock|p2a: Corviknight
|-sidestart|p2: Yz99999|move: Stealth Rock
|move|p2a: Corviknight|Brave Bird|p1a: Landorus
|-damage|p1a: Landorus|0 fnt
|-damage|p2a: Corviknight|41/100|[from] item: Rocky Helmet|[of] p1a: Landorus
|faint|p1a: Landorus
|-damage|p2a: Corviknight|34/100|[from] Recoil
|
|upkeep
|
|t:|1760722444
|switch|p1a: Maushold|Maushold-Four|40/100
|turn|19
|
|t:|1760722447
|move|p1a: Maushold|Encore|p2a: Corviknight
|-start|p2a: Corviknight|Encore
|move|p2a: Corviknight|Brave Bird|p1a: Maushold
|-damage|p1a: Maushold|4/100
|-damage|p2a: Corviknight|26/100|[from] Recoil
|
|upkeep
|turn|20
|
|t:|1760722451
|move|p1a: Maushold|Bite|p2a: Corviknight
|-damage|p2a: Corviknight|7/100
|-damage|p1a: Maushold|0 fnt|[from] item: Rocky Helmet|[of] p2a: Corviknight
|faint|p1a: Maushold
|cant|p2a: Corviknight|flinch
|
|upkeep
|
|t:|1760722454
|switch|p1a: Dragonite|Dragonite, F|100/100
|turn|21
|
|t:|1760722456
|switch|p2a: Maushold|Maushold|100/100
|-damage|p2a: Maushold|88/100|[from] Stealth Rock
|move|p1a: Dragonite|Dragon Dance|p1a: Dragonite
|-boost|p1a: Dragonite|atk|1
|-boost|p1a: Dragonite|spe|1
|
|upkeep
|turn|22
|
|t:|1760722468
|-terastallize|p1a: Dragonite|Flying
|move|p1a: Dragonite|Tera Blast|p2a: Maushold|[anim] Tera Blast Flying
|-damage|p2a: Maushold|0 fnt
|faint|p2a: Maushold
|
|upkeep
|
|t:|1760722472
|switch|p2a: Raging Bolt|Raging Bolt|55/100
|-damage|p2a: Raging Bolt|43/100|[from] Stealth Rock
|turn|23
|
|t:|1760722475
|move|p2a: Raging Bolt|Thunderclap|p1a: Dragonite
|-supereffective|p1a: Dragonite
|-damage|p1a: Dragonite|57/100
|move|p1a: Dragonite|Earthquake|p2a: Raging Bolt
|-supereffective|p2a: Raging Bolt
|-damage|p2a: Raging Bolt|0 fnt
|faint|p2a: Raging Bolt
|-end|p2a: Raging Bolt|Protosynthesis|[silent]
|
|-heal|p1a: Dragonite|63/100|[from] item: Leftovers
|upkeep
|
|t:|1760722477
|switch|p2a: Garganacl|Garganacl, F|68/100
|-damage|p2a: Garganacl|56/100|[from] Stealth Rock
|turn|24
|
|t:|1760722481
|move|p2a: Garganacl|Protect|p2a: Garganacl
|-singleturn|p2a: Garganacl|Protect
|move|p1a: Dragonite|Earthquake|p2a: Garganacl
|-activate|p2a: Garganacl|move: Protect
|
|-heal|p1a: Dragonite|69/100|[from] item: Leftovers
|-heal|p2a: Garganacl|62/100|[from] item: Leftovers
|upkeep
|turn|25
|
|t:|1760722483
|move|p1a: Dragonite|Earthquake|p2a: Garganacl
|-supereffective|p2a: Garganacl
|-damage|p2a: Garganacl|0 fnt
|faint|p2a: Garganacl
|
|-heal|p1a: Dragonite|75/100|[from] item: Leftovers
|upkeep
|-message|Yz99999 forfeited.
|
|win|tomatic
|raw|tomatic's rating: 1530 &rarr; <strong>1550</strong><br />(+20 for winning)
|raw|Yz99999's rating: 1524 &rarr; <strong>1504</strong><br />(-20 for losing)
|l|☆Yz99999
|player|p2|
|c|☆tomatic|gg
|l|☆tomatic
|player|p1|
