|j|☆theKentoRico
|j|☆xfentss
|t:|1760846713
|gametype|singles
|player|p1|theKentoRico|2|1144
|player|p2|xfentss|clair|1114
|gen|9
|tier|[Gen 9] OU
|rated|
|rule|HP Percentage Mod: HP is shown in percentages
|rule|Endless Battle Clause: Forcing endless battles is banned
|rule|Species Clause: Limit one of each Pokémon
|rule|OHKO Clause: OHKO moves are banned
|rule|Evasion Items Clause: Evasion items are banned
|rule|Evasion Moves Clause: Evasion moves are banned
|rule|Evasion Abilities Clause: Evasion abilities are banned
|rule|Sleep Moves Clause: Sleep-inducing moves are banned
|clearpoke
|poke|p1|Vaporeon, M|
|poke|p1|Landorus-Therian, M|
|poke|p1|Gliscor, M|
|poke|p1|Heatran, F|
|poke|p1|Rillaboom, M|
|poke|p1|Hawlucha, M|
|poke|p2|Frosmoth, F|
|poke|p2|Pincurchin, M|
|poke|p2|Raichu-Alola, M|
|poke|p2|Iron Hands|
|poke|p2|Rotom-Wash|
|poke|p2|Pawmot, F|
|teampreview
|inactive|Battle timer is ON: inactive players will automatically lose when time's up. (requested by theKentoRico)
|
|t:|1760846729
|teamsize|p1|6
|teamsize|p2|6
|start
|switch|p1a: Landorus|Landorus-Therian, M|100/100
|switch|p2a: Pincurchin|Pincurchin, M|100/100
|-ability|p1a: Landorus|Intimidate|boost
|-unboost|p2a: Pincurchin|atk|1
|-fieldstart|move: Electric Terrain|[from] ability: Electric Surge|[of] p2a: Pincurchin
|turn|1
|
|t:|1760846739
|move|p1a: Landorus|Earthquake|p2a: Pincurchin
|-supereffective|p2a: Pincurchin
|-damage|p2a: Pincurchin|0 fnt
|faint|p2a: Pincurchin
|
|upkeep
|
|t:|1760846752
|switch|p2a: Raichu|Raichu-Alola, M|100/100
|turn|2
|
|t:|1760846761
|move|p2a: Raichu|Surf|p1a: Landorus
|-supereffective|p1a: Landorus
|-damage|p1a: Landorus|0 fnt
|faint|p1a: Landorus
|
|upkeep
|
|t:|1760846769
|switch|p1a: Rillaboom|Rillaboom, M|100/100
|-fieldstart|move: Grassy Terrain|[from] ability: Grassy Surge|[of] p1a: Rillaboom
|turn|3
|
|t:|1760846781
|switch|p2a: Frosmoth|Frosmoth, F|100/100
|move|p1a: Rillaboom|Grassy Glide|p2a: Frosmoth
|-resisted|p2a: Frosmoth
|-damage|p2a: Frosmoth|54/100
|
|-heal|p2a: Frosmoth|60/100|[from] Grassy Terrain
|upkeep
|turn|4
|
|t:|1760846790
|move|p1a: Rillaboom|Grassy Glide|p2a: Frosmoth
|-resisted|p2a: Frosmoth
|-damage|p2a: Frosmoth|12/100
|move|p2a: Frosmoth|Ice Beam|p1a: Rillaboom
|-supereffective|p1a: Rillaboom
|-damage|p1a: Rillaboom|0 fnt
|faint|p1a: Rillaboom
|
|-heal|p2a: Frosmoth|18/100|[from] Grassy Terrain
|upkeep
|
|t:|1760846802
|switch|p1a: Hawlucha|Hawlucha, M|100/100
|-enditem|p1a: Hawlucha|Grassy Seed
|-boost|p1a: Hawlucha|def|1|[from] item: Grassy Seed
|turn|5
|
|t:|1760846830
|move|p1a: Hawlucha|Acrobatics|p2a: Frosmoth
|-supereffective|p2a: Frosmoth
|-damage|p2a: Frosmoth|0 fnt
|faint|p2a: Frosmoth
|
|upkeep
|inactive|xfentss has 120 seconds left.
|
|t:|1760846844
|switch|p2a: Pawmot|Pawmot, F|100/100
|turn|6
|
|t:|1760846852
|-terastallize|p2a: Pawmot|Ghost
|move|p1a: Hawlucha|Close Combat|p2a: Pawmot
|-immune|p2a: Pawmot
|move|p2a: Pawmot|Revival Blessing|p2a: Pawmot
|-enditem|p2a: Pawmot|Leppa Berry|[eat]
|-activate|p2a: Pawmot|item: Leppa Berry|Revival Blessing|[consumed]
|
|t:|1760846859
|-heal|p2: Pincurchin|50/100|[from] move: Revival Blessing
|
|upkeep
|turn|7
|
|t:|1760846867
|move|p1a: Hawlucha|Acrobatics|p2a: Pawmot
|-damage|p2a: Pawmot|40/100
|move|p2a: Pawmot|Revival Blessing|p2a: Pawmot
|
|t:|1760846872
|-heal|p2: Frosmoth|50/100|[from] move: Revival Blessing
|
|-heal|p2a: Pawmot|46/100|[from] Grassy Terrain
|-fieldend|move: Grassy Terrain
|upkeep
|turn|8
|
|t:|1760846893
|move|p1a: Hawlucha|Acrobatics|p2a: Pawmot
|-damage|p2a: Pawmot|0 fnt
|faint|p2a: Pawmot
|
|upkeep
|
|t:|1760846898
|switch|p2a: Pincurchin|Pincurchin, M|50/100
|-fieldstart|move: Electric Terrain|[from] ability: Electric Surge|[of] p2a: Pincurchin
|turn|9
|
|t:|1760846906
|move|p1a: Hawlucha|Acrobatics|p2a: Pincurchin
|-resisted|p2a: Pincurchin
|-damage|p2a: Pincurchin|21/100
|move|p2a: Pincurchin|Thunder Wave|p1a: Hawlucha
|-status|p1a: Hawlucha|par
|
|upkeep
|turn|10
|
|t:|1760846922
|move|p1a: Hawlucha|Close Combat|p2a: Pincurchin
|-damage|p2a: Pincurchin|0 fnt
|-unboost|p1a: Hawlucha|def|1
|-unboost|p1a: Hawlucha|spd|1
|faint|p2a: Pincurchin
|
|upkeep
|
|t:|1760846941
|switch|p2a: Raichu|Raichu-Alola, M|100/100
|turn|11
|
|t:|1760846953
|-terastallize|p1a: Hawlucha|Flying
|move|p2a: Raichu|Surf|p1a: Hawlucha
|-damage|p1a: Hawlucha|18/100 par
|move|p1a: Hawlucha|Acrobatics|p2a: Raichu
|-resisted|p2a: Raichu
|-damage|p2a: Raichu|27/100
|
|upkeep
|turn|12
|
|t:|1760846974
|switch|p2a: Rotom|Rotom-Wash|100/100
|switch|p1a: Vaporeon|Vaporeon, M|100/100
|
|upkeep
|turn|13
|
|t:|1760846986
|switch|p1a: Gliscor|Gliscor, M|100/100
|move|p2a: Rotom|Volt Switch|p1a: Gliscor
|-immune|p1a: Gliscor
|
|-status|p1a: Gliscor|tox|[from] item: Toxic Orb
|upkeep
|turn|14
|
|t:|1760846997
|move|p1a: Gliscor|Knock Off|p2a: Rotom
|-damage|p2a: Rotom|78/100
|-enditem|p2a: Rotom|Light Clay|[from] move: Knock Off|[of] p1a: Gliscor
|move|p2a: Rotom|Hydro Pump|p1a: Gliscor|[miss]
|-miss|p2a: Rotom|p1a: Gliscor
|
|upkeep
|turn|15
|
|t:|1760847009
|move|p1a: Gliscor|Toxic|p2a: Rotom
|-status|p2a: Rotom|tox
|move|p2a: Rotom|Volt Switch|p1a: Gliscor
|-immune|p1a: Gliscor
|
|-damage|p2a: Rotom|72/100 tox|[from] psn
|upkeep
|turn|16
|
|t:|1760847019
|move|p1a: Gliscor|Stealth Rock|p2a: Rotom
|-sidestart|p2: xfentss|move: Stealth Rock
|move|p2a: Rotom|Volt Switch|p1a: Gliscor
|-immune|p1a: Gliscor
|
|-damage|p2a: Rotom|60/100 tox|[from] psn
|-fieldend|move: Electric Terrain
|upkeep
|turn|17
|
|t:|1760847029
|move|p1a: Gliscor|Protect|p1a: Gliscor
|-singleturn|p1a: Gliscor|Protect
|move|p2a: Rotom|Volt Switch|p1a: Gliscor
|-activate|p1a: Gliscor|move: Protect
|
|-damage|p2a: Rotom|42/100 tox|[from] psn
|upkeep
|turn|18
|
|t:|1760847043
|move|p1a: Gliscor|Knock Off|p2a: Rotom
|-damage|p2a: Rotom|25/100 tox
|move|p2a: Rotom|Hydro Pump|p1a: Gliscor
|-supereffective|p1a: Gliscor
|-damage|p1a: Gliscor|2/100 tox
|
|-heal|p1a: Gliscor|14/100 tox|[from] ability: Poison Heal
|-damage|p2a: Rotom|1/100 tox|[from] psn
|upkeep
|turn|19
|
|t:|1760847062
|move|p1a: Gliscor|Protect|p1a: Gliscor
|-singleturn|p1a: Gliscor|Protect
|move|p2a: Rotom|Volt Switch|p1a: Gliscor
|-activate|p1a: Gliscor|move: Protect
|
|-heal|p1a: Gliscor|27/100 tox|[from] ability: Poison Heal
|-damage|p2a: Rotom|0 fnt|[from] psn
|faint|p2a: Rotom
|upkeep
|
|t:|1760847077
|switch|p2a: Raichu|Raichu-Alola, M|27/100
|-damage|p2a: Raichu|15/100|[from] Stealth Rock
|turn|20
|
|t:|1760847091
|move|p2a: Raichu|Psychic|p1a: Gliscor
|-damage|p1a: Gliscor|0 fnt
|faint|p1a: Gliscor
|
|upkeep
|
|t:|1760847097
|switch|p1a: Heatran|Heatran, F|100/100
|turn|21
|inactive|xfentss has 120 seconds left.
|
|t:|1760847129
|switch|p2a: Iron Hands|Iron Hands|100/100
|-damage|p2a: Iron Hands|94/100|[from] Stealth Rock
|move|p1a: Heatran|Earth Power|p2a: Iron Hands
|-supereffective|p2a: Iron Hands
|-damage|p2a: Iron Hands|24/100
|
|upkeep
|turn|22
|inactive|xfentss has 120 seconds left.
|
|t:|1760847140
|move|p1a: Heatran|Earth Power|p2a: Iron Hands
|-supereffective|p2a: Iron Hands
|-damage|p2a: Iron Hands|0 fnt
|faint|p2a: Iron Hands
|-end|p2a: Iron Hands|Quark Drive|[silent]
|
|upkeep
|inactive|xfentss has 120 seconds left.
|
|t:|1760847159
|switch|p2a: Raichu|Raichu-Alola, M|15/100
|-damage|p2a: Raichu|2/100|[from] Stealth Rock
|turn|23
|
|t:|1760847165
|move|p2a: Raichu|Surf|p1a: Heatran
|-supereffective|p1a: Heatran
|-damage|p1a: Heatran|10/100
|move|p1a: Heatran|Earth Power|p2a: Raichu
|-supereffective|p2a: Raichu
|-damage|p2a: Raichu|0 fnt
|faint|p2a: Raichu
|
|-heal|p1a: Heatran|16/100|[from] item: Leftovers
|upkeep
|inactive|xfentss has 120 seconds left.
|
|t:|1760847179
|switch|p2a: Frosmoth|Frosmoth, F|50/100
|turn|24
|
|t:|1760847183
|move|p1a: Heatran|Magma Storm|p2a: Frosmoth|[miss]
|-miss|p1a: Heatran|p2a: Frosmoth
|move|p2a: Frosmoth|Ice Beam|p1a: Heatran
|-resisted|p1a: Heatran
|-damage|p1a: Heatran|6/100
|
|-heal|p1a: Heatran|12/100|[from] item: Leftovers
|upkeep
|turn|25
|
|t:|1760847195
|move|p1a: Heatran|Earth Power|p2a: Frosmoth
|-resisted|p2a: Frosmoth
|-damage|p2a: Frosmoth|40/100
|move|p2a: Frosmoth|Tera Blast|p1a: Heatran
|-resisted|p1a: Heatran
|-crit|p1a: Heatran
|-damage|p1a: Heatran|0 fnt
|faint|p1a: Heatran
|
|upkeep
|
|t:|1760847205
|switch|p1a: Vaporeon|Vaporeon, M|100/100
|turn|26
|
|t:|1760847212
|move|p2a: Frosmoth|Ice Beam|p1a: Vaporeon
|-resisted|p1a: Vaporeon
|-damage|p1a: Vaporeon|83/100
|move|p1a: Vaporeon|Surf|p2a: Frosmoth
|-damage|p2a: Frosmoth|12/100
|
|upkeep
|turn|27
|
|t:|1760847219
|move|p2a: Frosmoth|Ice Beam|p1a: Vaporeon
|-resisted|p1a: Vaporeon
|-damage|p1a: Vaporeon|67/100
|move|p1a: Vaporeon|Surf|p2a: Frosmoth
|-damage|p2a: Frosmoth|0 fnt
|faint|p2a: Frosmoth
|
|win|theKentoRico
|raw|theKentoRico's rating: 1144 &rarr; <strong>1167</strong><br />(+23 for winning)
|raw|xfentss's rating: 1114 &rarr; <strong>1091</strong><br />(-23 for losing)
|c|☆xfentss|gg
|l|☆theKentoRico
|player|p1|
|l|☆xfentss
|player|p2|
