|j|☆mightynoctowl
|j|☆kgoski tavares
|t:|1760850041
|gametype|singles
|player|p1|mightynoctowl|169|1244
|player|p2|kgoski tavares|veteran-gen4|1317
|gen|9
|tier|[Gen 9] OU
|rated|
|rule|HP Percentage Mod: HP is shown in percentages
|rule|Endless Battle Clause: Forcing endless battles is banned
|rule|Species Clause: Limit one of each Pokémon
|rule|OHKO Clause: OHKO moves are banned
|rule|Evasion Items Clause: Evasion items are banned
|rule|Evasion Moves Clause: Evasion moves are banned
|rule|Evasion Abilities Clause: Evasion abilities are banned
|rule|Sleep Moves Clause: Sleep-inducing moves are banned
|clearpoke
|poke|p1|Moltres|
|poke|p1|Chansey, F|
|poke|p1|Clefable, F|
|poke|p1|Blastoise, M|
|poke|p1|Sandslash, F|
|poke|p1|Vileplume, F|
|poke|p2|Pelipper, F|
|poke|p2|Barraskewda, M|
|poke|p2|Great Tusk|
|poke|p2|Ogerpon-Wellspring, F|
|poke|p2|Corviknight, M|
|poke|p2|Zapdos|
|teampreview
|inactive|Battle timer is ON: inactive players will automatically lose when time's up. (requested by kgoski tavares)
|inactive|mightynoctowl also wants the timer to be on.
|
|t:|1760850050
|teamsize|p1|6
|teamsize|p2|6
|start
|switch|p1a: Chansey|Chansey, F|100/100
|switch|p2a: Jerry|Pelipper, F|100/100
|-weather|RainDance|[from] ability: Drizzle|[of] p2a: Jerry
|turn|1
|inactive|mightynoctowl has 120 seconds left.
|
|t:|1760850084
|move|p1a: Chansey|Stealth Rock|p2a: Jerry
|-sidestart|p2: kgoski tavares|move: Stealth Rock
|move|p2a: Jerry|Knock Off|p1a: Chansey
|-damage|p1a: Chansey|92/100
|-enditem|p1a: Chansey|Eviolite|[from] move: Knock Off|[of] p2a: Jerry
|
|-weather|RainDance|[upkeep]
|upkeep
|turn|2
|
|t:|1760850090
|move|p1a: Chansey|Thunder Wave|p2a: Jerry|[miss]
|-miss|p1a: Chansey|p2a: Jerry
|move|p2a: Jerry|U-turn|p1a: Chansey
|-damage|p1a: Chansey|82/100
|
|t:|1760850094
|switch|p2a: Wooly the IV Jr.|Great Tusk|100/100|[from] U-turn
|
|-weather|RainDance|[upkeep]
|upkeep
|turn|3
|
|t:|1760850100
|switch|p1a: Moltres|Moltres|100/100
|move|p2a: Wooly the IV Jr.|Rapid Spin|p1a: Moltres
|-damage|p1a: Moltres|91/100
|-boost|p2a: Wooly the IV Jr.|spe|1
|-status|p2a: Wooly the IV Jr.|brn|[from] ability: Flame Body|[of] p1a: Moltres
|-sideend|p2: kgoski tavares|Stealth Rock|[from] move: Rapid Spin|[of] p2a: Wooly the IV Jr.
|
|-weather|RainDance|[upkeep]
|-damage|p2a: Wooly the IV Jr.|94/100 brn|[from] brn
|upkeep
|turn|4
|
|t:|1760850122
|move|p2a: Wooly the IV Jr.|Stealth Rock|p1a: Moltres
|-sidestart|p1: mightynoctowl|move: Stealth Rock
|move|p1a: Moltres|U-turn|p2a: Wooly the IV Jr.
|-resisted|p2a: Wooly the IV Jr.
|-damage|p2a: Wooly the IV Jr.|90/100 brn
|
|t:|1760850127
|switch|p1a: Sandslash|Sandslash, F|100/100|[from] U-turn
|-damage|p1a: Sandslash|94/100|[from] Stealth Rock
|
|-weather|RainDance|[upkeep]
|-heal|p1a: Sandslash|100/100|[from] item: Leftovers
|-damage|p2a: Wooly the IV Jr.|84/100 brn|[from] brn
|upkeep
|turn|5
|
|t:|1760850143
|-end|p2a: Wooly the IV Jr.|Protosynthesis|[silent]
|switch|p2a: Weeping Jimmy|Ogerpon-Wellspring, F|100/100
|move|p1a: Sandslash|Rapid Spin|p2a: Weeping Jimmy
|-damage|p2a: Weeping Jimmy|87/100
|-boost|p1a: Sandslash|spe|1
|-sideend|p1: mightynoctowl|Stealth Rock|[from] move: Rapid Spin|[of] p1a: Sandslash
|
|-weather|RainDance|[upkeep]
|upkeep
|turn|6
|
|t:|1760850151
|switch|p1a: Vileplume|Vileplume, F|100/100
|move|p2a: Weeping Jimmy|Substitute|p2a: Weeping Jimmy
|-start|p2a: Weeping Jimmy|Substitute
|-damage|p2a: Weeping Jimmy|62/100
|
|-weather|RainDance|[upkeep]
|upkeep
|turn|7
|
|t:|1760850156
|move|p2a: Weeping Jimmy|Swords Dance|p2a: Weeping Jimmy
|-boost|p2a: Weeping Jimmy|atk|2
|move|p1a: Vileplume|Giga Drain|p2a: Weeping Jimmy
|-end|p2a: Weeping Jimmy|Substitute
|
|-weather|RainDance|[upkeep]
|upkeep
|turn|8
|
|t:|1760850162
|move|p2a: Weeping Jimmy|Ivy Cudgel|p1a: Vileplume|[anim] Ivy Cudgel Water
|-resisted|p1a: Vileplume
|-crit|p1a: Vileplume
|-damage|p1a: Vileplume|2/100
|move|p1a: Vileplume|Giga Drain|p2a: Weeping Jimmy
|-damage|p2a: Weeping Jimmy|30/100
|-heal|p1a: Vileplume|16/100|[from] drain|[of] p2a: Weeping Jimmy
|
|-weather|none
|-heal|p1a: Vileplume|22/100|[from] item: Leftovers
|upkeep
|turn|9
|
|t:|1760850181
|switch|p1a: Clefable|Clefable, F|100/100
|move|p2a: Weeping Jimmy|Ivy Cudgel|p1a: Clefable|[anim] Ivy Cudgel Water
|-damage|p1a: Clefable|54/100
|
|-heal|p1a: Clefable|60/100|[from] item: Leftovers
|upkeep
|turn|10
|
|t:|1760850201
|switch|p2a: Jerry|Pelipper, F|100/100
|-weather|RainDance|[from] ability: Drizzle|[of] p2a: Jerry
|move|p1a: Clefable|Moonblast|p2a: Jerry
|-damage|p2a: Jerry|59/100
|-unboost|p2a: Jerry|spa|1
|
|-weather|RainDance|[upkeep]
|-heal|p1a: Clefable|66/100|[from] item: Leftovers
|upkeep
|turn|11
|
|t:|1760850213
|switch|p1a: Chansey|Chansey, F|82/100
|move|p2a: Jerry|U-turn|p1a: Chansey
|-damage|p1a: Chansey|72/100
|
|t:|1760850219
|switch|p2a: Monsieur Franc|Barraskewda, M|100/100|[from] U-turn
|
|-weather|RainDance|[upkeep]
|upkeep
|turn|12
|
|t:|1760850230
|-terastallize|p2a: Monsieur Franc|Water
|move|p2a: Monsieur Franc|Liquidation|p1a: Chansey
|-damage|p1a: Chansey|0 fnt
|faint|p1a: Chansey
|
|-weather|RainDance|[upkeep]
|upkeep
|
|t:|1760850236
|switch|p1a: Vileplume|Vileplume, F|22/100
|turn|13
|
|t:|1760850238
|move|p2a: Monsieur Franc|Liquidation|p1a: Vileplume
|-resisted|p1a: Vileplume
|-damage|p1a: Vileplume|0 fnt
|-status|p2a: Monsieur Franc|par|[from] ability: Effect Spore|[of] p1a: Vileplume
|faint|p1a: Vileplume
|
|-weather|RainDance|[upkeep]
|upkeep
|
|t:|1760850246
|switch|p1a: Blastoise|Blastoise, M|100/100
|turn|14
|
|t:|1760850250
|move|p2a: Monsieur Franc|Liquidation|p1a: Blastoise
|-resisted|p1a: Blastoise
|-damage|p1a: Blastoise|28/100
|move|p1a: Blastoise|Shell Smash|p1a: Blastoise
|-unboost|p1a: Blastoise|def|1
|-unboost|p1a: Blastoise|spd|1
|-boost|p1a: Blastoise|atk|2
|-boost|p1a: Blastoise|spa|2
|-boost|p1a: Blastoise|spe|2
|-enditem|p1a: Blastoise|White Herb
|-clearnegativeboost|p1a: Blastoise|[silent]
|
|-weather|RainDance|[upkeep]
|upkeep
|turn|15
|
|t:|1760850256
|move|p1a: Blastoise|Liquidation|p2a: Monsieur Franc
|-resisted|p2a: Monsieur Franc
|-damage|p2a: Monsieur Franc|0 fnt
|faint|p2a: Monsieur Franc
|
|-weather|RainDance|[upkeep]
|upkeep
|
|t:|1760850265
|switch|p2a: George|Corviknight, M|100/100
|-ability|p2a: George|Pressure
|turn|16
|
|t:|1760850270
|move|p1a: Blastoise|Liquidation|p2a: George
|-damage|p2a: George|0 fnt
|-damage|p1a: Blastoise|11/100|[from] item: Rocky Helmet|[of] p2a: George
|faint|p2a: George
|
|-weather|RainDance|[upkeep]
|upkeep
|
|t:|1760850284
|switch|p2a: Wooly the IV Jr.|Great Tusk|84/100 brn
|turn|17
|
|t:|1760850287
|-end|p2a: Wooly the IV Jr.|Protosynthesis|[silent]
|switch|p2a: Weeping Jimmy|Ogerpon-Wellspring, F|30/100
|move|p1a: Blastoise|Liquidation|p2a: Weeping Jimmy
|-heal|p2a: Weeping Jimmy|55/100|[from] ability: Water Absorb|[of] p1a: Blastoise
|
|-weather|none
|upkeep
|turn|18
|
|t:|1760850294
|move|p1a: Blastoise|Ice Spinner|p2a: Weeping Jimmy
|-damage|p2a: Weeping Jimmy|0 fnt
|faint|p2a: Weeping Jimmy
|
|upkeep
|
|t:|1760850298
|switch|p2a: Zap Zap|Zapdos|100/100
|turn|19
|
|t:|1760850304
|move|p1a: Blastoise|Ice Spinner|p2a: Zap Zap
|-supereffective|p2a: Zap Zap
|-crit|p2a: Zap Zap
|-damage|p2a: Zap Zap|0 fnt
|-status|p1a: Blastoise|par|[from] ability: Static|[of] p2a: Zap Zap
|faint|p2a: Zap Zap
|
|upkeep
|
|t:|1760850310
|switch|p2a: Wooly the IV Jr.|Great Tusk|84/100 brn
|turn|20
|
|t:|1760850313
|cant|p1a: Blastoise|par
|move|p2a: Wooly the IV Jr.|Earthquake|p1a: Blastoise
|-damage|p1a: Blastoise|0 fnt
|faint|p1a: Blastoise
|
|-damage|p2a: Wooly the IV Jr.|78/100 brn|[from] brn
|upkeep
|
|t:|1760850315
|switch|p1a: Moltres|Moltres|91/100
|turn|21
|
|t:|1760850319
|move|p2a: Wooly the IV Jr.|Stealth Rock|p1a: Moltres
|-sidestart|p1: mightynoctowl|move: Stealth Rock
|move|p1a: Moltres|Flamethrower|p2a: Wooly the IV Jr.
|-damage|p2a: Wooly the IV Jr.|35/100 brn
|
|-damage|p2a: Wooly the IV Jr.|28/100 brn|[from] brn
|upkeep
|turn|22
|
|t:|1760850323
|-end|p2a: Wooly the IV Jr.|Protosynthesis|[silent]
|switch|p2a: Jerry|Pelipper, F|59/100
|-weather|RainDance|[from] ability: Drizzle|[of] p2a: Jerry
|move|p1a: Moltres|Flamethrower|p2a: Jerry
|-resisted|p2a: Jerry
|-damage|p2a: Jerry|48/100
|
|-weather|RainDance|[upkeep]
|upkeep
|turn|23
|
|t:|1760850328
|move|p1a: Moltres|U-turn|p2a: Jerry
|-resisted|p2a: Jerry
|-damage|p2a: Jerry|43/100
|
|t:|1760850334
|switch|p1a: Clefable|Clefable, F|66/100|[from] U-turn
|-damage|p1a: Clefable|54/100|[from] Stealth Rock
|move|p2a: Jerry|Roost|p2a: Jerry
|-heal|p2a: Jerry|93/100
|-singleturn|p2a: Jerry|move: Roost
|
|-weather|RainDance|[upkeep]
|-heal|p1a: Clefable|60/100|[from] item: Leftovers
|upkeep
|turn|24
|
|t:|1760850341
|move|p1a: Clefable|Calm Mind|p1a: Clefable
|-boost|p1a: Clefable|spa|1
|-boost|p1a: Clefable|spd|1
|move|p2a: Jerry|Hurricane|p1a: Clefable
|-damage|p1a: Clefable|36/100
|-start|p1a: Clefable|confusion
|
|-weather|RainDance|[upkeep]
|-heal|p1a: Clefable|42/100|[from] item: Leftovers
|upkeep
|turn|25
|
|t:|1760850349
|-activate|p1a: Clefable|confusion
|move|p1a: Clefable|Moonlight|p1a: Clefable
|-heal|p1a: Clefable|67/100
|move|p2a: Jerry|Hurricane|p1a: Clefable
|-damage|p1a: Clefable|45/100
|
|-weather|RainDance|[upkeep]
|-heal|p1a: Clefable|52/100|[from] item: Leftovers
|upkeep
|turn|26
|
|t:|1760850358
|-activate|p1a: Clefable|confusion
|move|p1a: Clefable|Moonlight|p1a: Clefable
|-heal|p1a: Clefable|76/100
|move|p2a: Jerry|Hurricane|p1a: Clefable
|-crit|p1a: Clefable
|-damage|p1a: Clefable|25/100
|
|-weather|RainDance|[upkeep]
|-heal|p1a: Clefable|31/100|[from] item: Leftovers
|upkeep
|turn|27
|
|t:|1760850363
|-activate|p1a: Clefable|confusion
|move|p1a: Clefable|Moonlight|p1a: Clefable
|-heal|p1a: Clefable|56/100
|move|p2a: Jerry|Hurricane|p1a: Clefable
|-damage|p1a: Clefable|32/100
|
|-weather|RainDance|[upkeep]
|-heal|p1a: Clefable|38/100|[from] item: Leftovers
|upkeep
|turn|28
|
|t:|1760850368
|-activate|p1a: Clefable|confusion
|move|p1a: Clefable|Moonlight|p1a: Clefable
|-heal|p1a: Clefable|63/100
|move|p2a: Jerry|Hurricane|p1a: Clefable
|-damage|p1a: Clefable|41/100
|
|-weather|RainDance|[upkeep]
|-heal|p1a: Clefable|47/100|[from] item: Leftovers
|upkeep
|turn|29
|
|t:|1760850376
|-end|p1a: Clefable|confusion
|move|p1a: Clefable|Moonlight|p1a: Clefable
|-heal|p1a: Clefable|72/100
|move|p2a: Jerry|Hurricane|p1a: Clefable
|-damage|p1a: Clefable|50/100
|-start|p1a: Clefable|confusion
|
|-weather|none
|-heal|p1a: Clefable|56/100|[from] item: Leftovers
|upkeep
|turn|30
|
|t:|1760850380
|switch|p2a: Wooly the IV Jr.|Great Tusk|28/100 brn
|-activate|p1a: Clefable|confusion
|move|p1a: Clefable|Moonblast|p2a: Wooly the IV Jr.
|-supereffective|p2a: Wooly the IV Jr.
|-damage|p2a: Wooly the IV Jr.|0 fnt
|faint|p2a: Wooly the IV Jr.
|-end|p2a: Wooly the IV Jr.|Protosynthesis|[silent]
|
|-heal|p1a: Clefable|62/100|[from] item: Leftovers
|upkeep
|
|t:|1760850382
|switch|p2a: Jerry|Pelipper, F|93/100
|-weather|RainDance|[from] ability: Drizzle|[of] p2a: Jerry
|turn|31
|
|t:|1760850393
|-activate|p1a: Clefable|confusion
|move|p1a: Clefable|Moonblast|p2a: Jerry
|-damage|p2a: Jerry|33/100
|move|p2a: Jerry|Hurricane|p1a: Clefable
|-damage|p1a: Clefable|38/100
|
|-weather|RainDance|[upkeep]
|-heal|p1a: Clefable|44/100|[from] item: Leftovers
|upkeep
|turn|32
|
|t:|1760850399
|-activate|p1a: Clefable|confusion
|move|p1a: Clefable|Moonlight|p1a: Clefable
|-heal|p1a: Clefable|69/100
|move|p2a: Jerry|Roost|p2a: Jerry
|-heal|p2a: Jerry|83/100
|-singleturn|p2a: Jerry|move: Roost
|
|-weather|RainDance|[upkeep]
|-heal|p1a: Clefable|75/100|[from] item: Leftovers
|upkeep
|turn|33
|
|t:|1760850403
|-activate|p1a: Clefable|confusion
|move|p1a: Clefable|Moonblast|p2a: Jerry
|-damage|p2a: Jerry|15/100
|-unboost|p2a: Jerry|spa|1
|move|p2a: Jerry|Hurricane|p1a: Clefable
|-crit|p1a: Clefable
|-damage|p1a: Clefable|24/100
|
|-weather|RainDance|[upkeep]
|-heal|p1a: Clefable|30/100|[from] item: Leftovers
|upkeep
|turn|34
|
|t:|1760850417
|-terastallize|p1a: Clefable|Steel
|-end|p1a: Clefable|confusion
|move|p1a: Clefable|Moonlight|p1a: Clefable
|-heal|p1a: Clefable|55/100
|move|p2a: Jerry|Roost|p2a: Jerry
|-heal|p2a: Jerry|65/100
|-singleturn|p2a: Jerry|move: Roost
|
|-weather|RainDance|[upkeep]
|-heal|p1a: Clefable|61/100|[from] item: Leftovers
|upkeep
|turn|35
|-message|kgoski tavares forfeited.
|
|win|mightynoctowl
|raw|mightynoctowl's rating: 1244 &rarr; <strong>1274</strong><br />(+30 for winning)
|raw|kgoski tavares's rating: 1317 &rarr; <strong>1293</strong><br />(-24 for losing)
|l|☆kgoski tavares
|player|p2|
|l|☆mightynoctowl
|player|p1|
