|j|☆IKIGAI ROAD 34
|j|☆Sarim_malik_
|t:|1760858304
|gametype|singles
|player|p1|IKIGAI ROAD 34|102|1191
|player|p2|Sarim_malik_|red|1237
|gen|9
|tier|[Gen 9] OU
|rated|
|rule|HP Percentage Mod: HP is shown in percentages
|rule|Endless Battle Clause: Forcing endless battles is banned
|rule|Species Clause: Limit one of each Pokémon
|rule|OHKO Clause: OHKO moves are banned
|rule|Evasion Items Clause: Evasion items are banned
|rule|Evasion Moves Clause: Evasion moves are banned
|rule|Evasion Abilities Clause: Evasion abilities are banned
|rule|Sleep Moves Clause: Sleep-inducing moves are banned
|clearpoke
|poke|p1|Pelipper, F|
|poke|p1|Barraskewda, F|
|poke|p1|Basculegion-F, F|
|poke|p1|Cinderace, F|
|poke|p1|Kilowattrel, F|
|poke|p1|Vikavolt, M|
|poke|p2|Jolteon, M|
|poke|p2|Rillaboom, M|
|poke|p2|Charizard, M|
|poke|p2|Quaquaval, M|
|poke|p2|Krookodile, M|
|poke|p2|Dragapult, M|
|teampreview
|inactive|Battle timer is ON: inactive players will automatically lose when time's up. (requested by Sarim_malik_)
|
|t:|1760858312
|teamsize|p1|6
|teamsize|p2|6
|start
|switch|p1a: Vikavolt|Vikavolt, M|100/100
|switch|p2a: Zape|Jolteon, M|100/100
|turn|1
|
|t:|1760858321
|move|p2a: Zape|Shadow Ball|p1a: Vikavolt
|-damage|p1a: Vikavolt|54/100
|-unboost|p1a: Vikavolt|spd|1
|move|p1a: Vikavolt|Sticky Web|p2a: Zape
|-sidestart|p2: Sarim_malik_|move: Sticky Web
|
|upkeep
|turn|2
|inactive|IKIGAI ROAD 34 has 120 seconds left.
|
|t:|1760858363
|move|p2a: Zape|Shadow Ball|p1a: Vikavolt
|-damage|p1a: Vikavolt|0 fnt
|faint|p1a: Vikavolt
|
|upkeep
|
|t:|1760858372
|switch|p1a: Pelipper|Pelipper, F|100/100
|-weather|RainDance|[from] ability: Drizzle|[of] p1a: Pelipper
|turn|3
|
|t:|1760858376
|switch|p2a: Donaldo|Quaquaval, M|100/100
|-activate|p2a: Donaldo|move: Sticky Web
|-unboost|p2a: Donaldo|spe|1
|switch|p1a: Kilowattrel|Kilowattrel, F|100/100
|
|-weather|RainDance|[upkeep]
|upkeep
|turn|4
|
|t:|1760858386
|switch|p2a: Zape|Jolteon, M|100/100
|-activate|p2a: Zape|move: Sticky Web
|-unboost|p2a: Zape|spe|1
|move|p1a: Kilowattrel|Thunder|p2a: Zape
|-immune|p2a: Zape|[from] ability: Volt Absorb
|
|-weather|RainDance|[upkeep]
|upkeep
|turn|5
|
|t:|1760858396
|move|p1a: Kilowattrel|Hurricane|p2a: Zape
|-resisted|p2a: Zape
|-damage|p2a: Zape|51/100
|-damage|p1a: Kilowattrel|91/100|[from] item: Life Orb
|move|p2a: Zape|Shadow Ball|p1a: Kilowattrel
|-damage|p1a: Kilowattrel|18/100
|
|-weather|RainDance|[upkeep]
|upkeep
|turn|6
|inactive|IKIGAI ROAD 34 has 120 seconds left.
|
|t:|1760858431
|move|p1a: Kilowattrel|Hurricane|p2a: Zape
|-resisted|p2a: Zape
|-damage|p2a: Zape|8/100
|-start|p2a: Zape|confusion
|-damage|p1a: Kilowattrel|8/100|[from] item: Life Orb
|-activate|p2a: Zape|confusion
|-damage|p2a: Zape|0 fnt|[from] confusion
|faint|p2a: Zape
|
|-weather|RainDance|[upkeep]
|upkeep
|
|t:|1760858435
|switch|p2a: Donaldo|Quaquaval, M|100/100
|-activate|p2a: Donaldo|move: Sticky Web
|-unboost|p2a: Donaldo|spe|1
|turn|7
|inactive|IKIGAI ROAD 34 has 120 seconds left.
|
|t:|1760858443
|-terastallize|p2a: Donaldo|Ground
|move|p1a: Kilowattrel|Thunder|p2a: Donaldo
|-immune|p2a: Donaldo
|move|p2a: Donaldo|Rapid Spin|p1a: Kilowattrel
|-crit|p1a: Kilowattrel
|-damage|p1a: Kilowattrel|0 fnt
|-boost|p2a: Donaldo|spe|1
|-sideend|p2: Sarim_malik_|Sticky Web|[from] move: Rapid Spin|[of] p2a: Donaldo
|faint|p1a: Kilowattrel
|-ability|p2a: Donaldo|Moxie|boost
|-boost|p2a: Donaldo|atk|1
|
|-weather|RainDance|[upkeep]
|upkeep
|inactive|IKIGAI ROAD 34 has 120 seconds left.
|
|t:|1760858454
|switch|p1a: Basculegion|Basculegion-F, F|100/100
|turn|8
|inactive|IKIGAI ROAD 34 has 120 seconds left.
|
|t:|1760858461
|move|p1a: Basculegion|Surf|p2a: Donaldo
|-supereffective|p2a: Donaldo
|-damage|p2a: Donaldo|0 fnt
|faint|p2a: Donaldo
|-damage|p1a: Basculegion|91/100|[from] item: Life Orb
|
|-weather|RainDance|[upkeep]
|upkeep
|
|t:|1760858464
|switch|p2a: Monke|Rillaboom, M|100/100
|-fieldstart|move: Grassy Terrain|[from] ability: Grassy Surge|[of] p2a: Monke
|turn|9
|inactive|IKIGAI ROAD 34 has 120 seconds left.
|inactive|IKIGAI ROAD 34 has 90 seconds left.
|
|t:|1760858517
|switch|p1a: Pelipper|Pelipper, F|100/100
|move|p2a: Monke|Knock Off|p1a: Pelipper
|-damage|p1a: Pelipper|62/100
|-enditem|p1a: Pelipper|Damp Rock|[from] move: Knock Off|[of] p2a: Monke
|
|-weather|RainDance|[upkeep]
|upkeep
|turn|10
|inactive|IKIGAI ROAD 34 has 90 seconds left.
|
|t:|1760858531
|switch|p2a: Ignell|Charizard, M|100/100
|-terastallize|p1a: Pelipper|Grass
|move|p1a: Pelipper|Hurricane|p2a: Ignell
|-damage|p2a: Ignell|50/100
|
|-weather|none
|-heal|p1a: Pelipper|68/100|[from] Grassy Terrain
|upkeep
|turn|11
|inactive|IKIGAI ROAD 34 has 90 seconds left.
|
|t:|1760858541
|switch|p1a: Barraskewda|Barraskewda, F|100/100
|move|p2a: Ignell|Hurricane|p1a: Barraskewda
|-damage|p1a: Barraskewda|0 fnt
|faint|p1a: Barraskewda
|-damage|p2a: Ignell|40/100|[from] item: Life Orb
|
|upkeep
|inactive|IKIGAI ROAD 34 has 60 seconds left.
|
|t:|1760858576
|switch|p1a: Cinderace|Cinderace, F|100/100
|turn|12
|
|t:|1760858583
|move|p1a: Cinderace|High Jump Kick|p2a: Ignell
|-start|p1a: Cinderace|typechange|Fighting|[from] ability: Libero
|-resisted|p2a: Ignell
|-damage|p2a: Ignell|0 fnt
|faint|p2a: Ignell
|
|upkeep
|
|t:|1760858592
|switch|p2a: Monke|Rillaboom, M|100/100
|turn|13
|
|t:|1760858609
|switch|p2a: Draco|Dragapult, M|100/100
|move|p1a: Cinderace|Pyro Ball|p2a: Draco
|-resisted|p2a: Draco
|-damage|p2a: Draco|73/100
|
|-heal|p2a: Draco|79/100|[from] Grassy Terrain
|-fieldend|move: Grassy Terrain
|upkeep
|turn|14
|
|t:|1760858618
|switch|p1a: Pelipper|Pelipper, F, tera:Grass|68/100
|-weather|RainDance|[from] ability: Drizzle|[of] p1a: Pelipper
|move|p2a: Draco|Draco Meteor|p1a: Pelipper
|-damage|p1a: Pelipper|0 fnt
|-unboost|p2a: Draco|spa|2
|faint|p1a: Pelipper
|
|-weather|RainDance|[upkeep]
|upkeep
|
|t:|1760858632
|switch|p1a: Basculegion|Basculegion-F, F|91/100
|turn|15
|
|t:|1760858647
|move|p1a: Basculegion|Ice Beam|p2a: Draco
|-supereffective|p2a: Draco
|-damage|p2a: Draco|0 fnt
|faint|p2a: Draco
|-damage|p1a: Basculegion|81/100|[from] item: Life Orb
|
|-weather|RainDance|[upkeep]
|upkeep
|
|t:|1760858651
|switch|p2a: Monke|Rillaboom, M|100/100
|-fieldstart|move: Grassy Terrain|[from] ability: Grassy Surge|[of] p2a: Monke
|turn|16
|inactive|IKIGAI ROAD 34 has 90 seconds left.
|
|t:|1760858659
|move|p1a: Basculegion|Ice Beam|p2a: Monke
|-supereffective|p2a: Monke
|-damage|p2a: Monke|0 fnt
|faint|p2a: Monke
|-damage|p1a: Basculegion|71/100|[from] item: Life Orb
|
|-weather|RainDance|[upkeep]
|-heal|p1a: Basculegion|77/100|[from] Grassy Terrain
|upkeep
|
|t:|1760858661
|switch|p2a: Krok|Krookodile, M|100/100
|turn|17
|
|t:|1760858670
|move|p1a: Basculegion|Surf|p2a: Krok
|-supereffective|p2a: Krok
|-damage|p2a: Krok|0 fnt
|faint|p2a: Krok
|-damage|p1a: Basculegion|67/100|[from] item: Life Orb
|
|win|IKIGAI ROAD 34
|raw|IKIGAI ROAD 34's rating: 1191 &rarr; <strong>1219</strong><br />(+28 for winning)
|raw|Sarim_malik_'s rating: 1237 &rarr; <strong>1209</strong><br />(-28 for losing)
|l|☆IKIGAI ROAD 34
|player|p1|
|l|☆Sarim_malik_
|player|p2|
