|j|☆Pig Perfect
|j|☆Armed_L
|t:|1760719281
|gametype|singles
|player|p1|Pig Perfect|workerice|1531
|player|p2|Armed_L|red|1516
|gen|9
|tier|[Gen 9] OU
|rated|
|rule|HP Percentage Mod: HP is shown in percentages
|rule|Endless Battle Clause: Forcing endless battles is banned
|rule|Species Clause: Limit one of each Pokémon
|rule|OHKO Clause: OHKO moves are banned
|rule|Evasion Items Clause: Evasion items are banned
|rule|Evasion Moves Clause: Evasion moves are banned
|rule|Evasion Abilities Clause: Evasion abilities are banned
|rule|Sleep Moves Clause: Sleep-inducing moves are banned
|clearpoke
|poke|p1|Alomomola, F|
|poke|p1|Goodra-Hisui, F|
|poke|p1|Great Tusk|
|poke|p1|Magnezone|
|poke|p1|Pecharunt|
|poke|p1|Rillaboom, F|
|poke|p2|Ninetales-Alola, M|
|poke|p2|Ceruledge, M|
|poke|p2|Darkrai|
|poke|p2|Iron Valiant|
|poke|p2|Iron Crown|
|poke|p2|Meowscarada, M|
|teampreview
|inactive|Battle timer is ON: inactive players will automatically lose when time's up. (requested by Armed_L)
|inactive|Pig Perfect has 120 seconds left.
|
|t:|1760719323
|teamsize|p1|6
|teamsize|p2|6
|start
|switch|p1a: Steel MagnZolias|Magnezone|100/100
|switch|p2a: Meowscarada|Meowscarada, M|100/100
|turn|1
|
|t:|1760719328
|move|p2a: Meowscarada|Knock Off|p1a: Steel MagnZolias
|-start|p2a: Meowscarada|typechange|Dark|[from] ability: Protean
|-crit|p1a: Steel MagnZolias
|-damage|p1a: Steel MagnZolias|29/100
|-enditem|p1a: Steel MagnZolias|Choice Specs|[from] move: Knock Off|[of] p2a: Meowscarada
|move|p1a: Steel MagnZolias|Flash Cannon|p2a: Meowscarada
|-damage|p2a: Meowscarada|15/100
|
|upkeep
|turn|2
|
|t:|1760719334
|switch|p1a: Don Dreidel|Great Tusk|100/100
|move|p2a: Meowscarada|Knock Off|p1a: Don Dreidel
|-resisted|p1a: Don Dreidel
|-damage|p1a: Don Dreidel|87/100
|-enditem|p1a: Don Dreidel|Heavy-Duty Boots|[from] move: Knock Off|[of] p2a: Meowscarada
|
|upkeep
|turn|3
|
|t:|1760719336
|move|p2a: Meowscarada|Flower Trick|p1a: Don Dreidel
|-supereffective|p1a: Don Dreidel
|-crit|p1a: Don Dreidel
|-damage|p1a: Don Dreidel|47/100
|move|p1a: Don Dreidel|Stealth Rock|p2a: Meowscarada
|-sidestart|p2: Armed_L|move: Stealth Rock
|
|upkeep
|turn|4
|
|t:|1760719338
|-end|p1a: Don Dreidel|Protosynthesis|[silent]
|switch|p1a: Garold Snail|Goodra-Hisui, F|100/100
|move|p2a: Meowscarada|Flower Trick|p1a: Garold Snail
|-ability|p1a: Garold Snail|Sap Sipper|boost
|-boost|p1a: Garold Snail|atk|1
|
|upkeep
|turn|5
|
|t:|1760719341
|move|p2a: Meowscarada|Knock Off|p1a: Garold Snail
|-damage|p1a: Garold Snail|61/100
|-enditem|p1a: Garold Snail|Assault Vest|[from] move: Knock Off|[of] p2a: Meowscarada
|move|p1a: Garold Snail|Knock Off|p2a: Meowscarada
|-resisted|p2a: Meowscarada
|-damage|p2a: Meowscarada|0 fnt
|-enditem|p2a: Meowscarada|Focus Sash|[from] move: Knock Off|[of] p1a: Garold Snail
|faint|p2a: Meowscarada
|
|upkeep
|
|t:|1760719346
|switch|p2a: Ninetales|Ninetales-Alola, M|100/100
|-damage|p2a: Ninetales|76/100|[from] Stealth Rock
|-weather|Snowscape|[from] ability: Snow Warning|[of] p2a: Ninetales
|turn|6
|
|t:|1760719350
|move|p2a: Ninetales|Aurora Veil|p2a: Ninetales
|-sidestart|p2: Armed_L|move: Aurora Veil
|move|p1a: Garold Snail|Flash Cannon|p2a: Ninetales
|-supereffective|p2a: Ninetales
|-damage|p2a: Ninetales|0 fnt
|faint|p2a: Ninetales
|
|-weather|Snowscape|[upkeep]
|upkeep
|
|t:|1760719356
|switch|p2a: Iron Crown|Iron Crown|100/100
|-damage|p2a: Iron Crown|94/100|[from] Stealth Rock
|-enditem|p2a: Iron Crown|Booster Energy
|-activate|p2a: Iron Crown|ability: Quark Drive|[fromitem]
|-start|p2a: Iron Crown|quarkdrivespe
|turn|7
|
|t:|1760719366
|move|p2a: Iron Crown|Calm Mind|p2a: Iron Crown
|-boost|p2a: Iron Crown|spa|1
|-boost|p2a: Iron Crown|spd|1
|move|p1a: Garold Snail|Knock Off|p2a: Iron Crown
|-supereffective|p2a: Iron Crown
|-damage|p2a: Iron Crown|73/100
|
|-weather|Snowscape|[upkeep]
|upkeep
|turn|8
|
|t:|1760719371
|move|p2a: Iron Crown|Calm Mind|p2a: Iron Crown
|-boost|p2a: Iron Crown|spa|1
|-boost|p2a: Iron Crown|spd|1
|move|p1a: Garold Snail|Knock Off|p2a: Iron Crown
|-supereffective|p2a: Iron Crown
|-damage|p2a: Iron Crown|54/100
|
|-weather|Snowscape|[upkeep]
|upkeep
|turn|9
|
|t:|1760719373
|move|p2a: Iron Crown|Calm Mind|p2a: Iron Crown
|-boost|p2a: Iron Crown|spa|1
|-boost|p2a: Iron Crown|spd|1
|move|p1a: Garold Snail|Knock Off|p2a: Iron Crown
|-supereffective|p2a: Iron Crown
|-damage|p2a: Iron Crown|35/100
|
|-weather|Snowscape|[upkeep]
|upkeep
|turn|10
|
|t:|1760719376
|move|p2a: Iron Crown|Tachyon Cutter|p1a: Garold Snail
|-resisted|p1a: Garold Snail
|-damage|p1a: Garold Snail|41/100
|-resisted|p1a: Garold Snail
|-damage|p1a: Garold Snail|21/100
|-hitcount|p1a: Garold Snail|2
|move|p1a: Garold Snail|Knock Off|p2a: Iron Crown
|-supereffective|p2a: Iron Crown
|-damage|p2a: Iron Crown|15/100
|
|-weather|none
|upkeep
|turn|11
|
|t:|1760719379
|move|p2a: Iron Crown|Tachyon Cutter|p1a: Garold Snail
|-resisted|p1a: Garold Snail
|-damage|p1a: Garold Snail|1/100
|-resisted|p1a: Garold Snail
|-damage|p1a: Garold Snail|0 fnt
|faint|p1a: Garold Snail
|-hitcount|p1: Garold Snail|2
|
|upkeep
|
|t:|1760719387
|switch|p1a: Bepto Pismola|Alomomola, F|100/100
|turn|12
|
|t:|1760719392
|-terastallize|p2a: Iron Crown|Electric
|move|p1a: Bepto Pismola|Protect|p1a: Bepto Pismola
|-singleturn|p1a: Bepto Pismola|Protect
|move|p2a: Iron Crown|Tera Blast|p1a: Bepto Pismola|[anim] Tera Blast Electric
|-activate|p1a: Bepto Pismola|move: Protect
|
|upkeep
|turn|13
|
|t:|1760719395
|switch|p1a: Steel MagnZolias|Magnezone|29/100
|move|p2a: Iron Crown|Tera Blast|p1a: Steel MagnZolias|[anim] Tera Blast Electric
|-resisted|p1a: Steel MagnZolias
|-damage|p1a: Steel MagnZolias|0 fnt
|faint|p1a: Steel MagnZolias
|
|-sideend|p2: Armed_L|move: Aurora Veil
|upkeep
|j| IM AT MY LIMIT
|
|t:|1760719397
|switch|p1a: Not quite my tempo|Rillaboom, F|100/100
|-fieldstart|move: Grassy Terrain|[from] ability: Grassy Surge|[of] p1a: Not quite my tempo
|turn|14
|
|t:|1760719398
|move|p1a: Not quite my tempo|Grassy Glide|p2a: Iron Crown
|-damage|p2a: Iron Crown|0 fnt
|faint|p2a: Iron Crown
|-end|p2a: Iron Crown|Quark Drive|[silent]
|
|upkeep
|
|t:|1760719401
|switch|p2a: Darkrai|Darkrai|100/100
|-damage|p2a: Darkrai|88/100|[from] Stealth Rock
|turn|15
|
|t:|1760719413
|switch|p1a: Don Dreidel|Great Tusk|47/100
|move|p2a: Darkrai|Will-O-Wisp|p1a: Don Dreidel
|-status|p1a: Don Dreidel|brn
|
|-heal|p2a: Darkrai|94/100|[from] Grassy Terrain
|-heal|p2a: Darkrai|99/100|[from] item: Leftovers
|-heal|p1a: Don Dreidel|53/100 brn|[from] Grassy Terrain
|-damage|p1a: Don Dreidel|47/100 brn|[from] brn
|upkeep
|turn|16
|
|t:|1760719420
|move|p2a: Darkrai|Nasty Plot|p2a: Darkrai
|-boost|p2a: Darkrai|spa|2
|move|p1a: Don Dreidel|Headlong Rush|p2a: Darkrai
|-damage|p2a: Darkrai|66/100
|-unboost|p1a: Don Dreidel|def|1
|-unboost|p1a: Don Dreidel|spd|1
|
|-heal|p2a: Darkrai|72/100|[from] Grassy Terrain
|-heal|p2a: Darkrai|78/100|[from] item: Leftovers
|-heal|p1a: Don Dreidel|53/100 brn|[from] Grassy Terrain
|-damage|p1a: Don Dreidel|47/100 brn|[from] brn
|upkeep
|turn|17
|
|t:|1760719423
|move|p2a: Darkrai|Nasty Plot|p2a: Darkrai
|-boost|p2a: Darkrai|spa|2
|move|p1a: Don Dreidel|Headlong Rush|p2a: Darkrai
|-damage|p2a: Darkrai|46/100
|-unboost|p1a: Don Dreidel|def|1
|-unboost|p1a: Don Dreidel|spd|1
|
|-heal|p2a: Darkrai|52/100|[from] Grassy Terrain
|-heal|p2a: Darkrai|58/100|[from] item: Leftovers
|-heal|p1a: Don Dreidel|53/100 brn|[from] Grassy Terrain
|-damage|p1a: Don Dreidel|47/100 brn|[from] brn
|upkeep
|turn|18
|
|t:|1760719425
|move|p2a: Darkrai|Dark Pulse|p1a: Don Dreidel
|-resisted|p1a: Don Dreidel
|-damage|p1a: Don Dreidel|0 fnt
|faint|p1a: Don Dreidel
|-end|p1a: Don Dreidel|Protosynthesis|[silent]
|
|-heal|p2a: Darkrai|64/100|[from] Grassy Terrain
|-heal|p2a: Darkrai|70/100|[from] item: Leftovers
|-fieldend|move: Grassy Terrain
|upkeep
|
|t:|1760719427
|switch|p1a: Not quite my tempo|Rillaboom, F|100/100
|-fieldstart|move: Grassy Terrain|[from] ability: Grassy Surge|[of] p1a: Not quite my tempo
|turn|19
|
|t:|1760719433
|-terastallize|p1a: Not quite my tempo|Grass
|move|p1a: Not quite my tempo|Grassy Glide|p2a: Darkrai
|-damage|p2a: Darkrai|6/100
|move|p2a: Darkrai|Will-O-Wisp|p1a: Not quite my tempo
|-status|p1a: Not quite my tempo|brn
|
|-heal|p2a: Darkrai|12/100|[from] Grassy Terrain
|-heal|p2a: Darkrai|18/100|[from] item: Leftovers
|-damage|p1a: Not quite my tempo|94/100 brn|[from] brn
|upkeep
|turn|20
|
|t:|1760719436
|move|p1a: Not quite my tempo|Grassy Glide|p2a: Darkrai
|-damage|p2a: Darkrai|0 fnt
|faint|p2a: Darkrai
|
|-heal|p1a: Not quite my tempo|100/100 brn|[from] Grassy Terrain
|-damage|p1a: Not quite my tempo|94/100 brn|[from] brn
|upkeep
|
|t:|1760719440
|switch|p2a: Ceruledge|Ceruledge, M|100/100
|-damage|p2a: Ceruledge|76/100|[from] Stealth Rock
|turn|21
|
|t:|1760719444
|switch|p1a: Bepto Pismola|Alomomola, F|100/100
|move|p2a: Ceruledge|Swords Dance|p2a: Ceruledge
|-boost|p2a: Ceruledge|atk|2
|
|-heal|p2a: Ceruledge|82/100|[from] Grassy Terrain
|upkeep
|turn|22
|l| IM AT MY LIMIT
|
|t:|1760719448
|move|p2a: Ceruledge|Swords Dance|p2a: Ceruledge
|-boost|p2a: Ceruledge|atk|2
|move|p1a: Bepto Pismola|Scald|p2a: Ceruledge
|-supereffective|p2a: Ceruledge
|-damage|p2a: Ceruledge|51/100
|-enditem|p2a: Ceruledge|Weakness Policy
|-boost|p2a: Ceruledge|atk|2|[from] item: Weakness Policy
|-boost|p2a: Ceruledge|spa|2|[from] item: Weakness Policy
|
|-heal|p2a: Ceruledge|57/100|[from] Grassy Terrain
|upkeep
|turn|23
|
|t:|1760719457
|move|p2a: Ceruledge|Poltergeist|p1a: Bepto Pismola
|-activate|p1a: Bepto Pismola|move: Poltergeist|Heavy-Duty Boots
|-damage|p1a: Bepto Pismola|0 fnt
|faint|p1a: Bepto Pismola
|
|-heal|p2a: Ceruledge|63/100|[from] Grassy Terrain
|-fieldend|move: Grassy Terrain
|upkeep
|
|t:|1760719459
|switch|p1a: Not quite my tempo|Rillaboom, F, tera:Grass|94/100 brn
|-fieldstart|move: Grassy Terrain|[from] ability: Grassy Surge|[of] p1a: Not quite my tempo
|turn|24
|
|t:|1760719463
|move|p2a: Ceruledge|Shadow Sneak|p1a: Not quite my tempo
|-crit|p1a: Not quite my tempo
|-damage|p1a: Not quite my tempo|0 fnt
|faint|p1a: Not quite my tempo
|
|-heal|p2a: Ceruledge|69/100|[from] Grassy Terrain
|upkeep
|c|☆Armed_L|gg
|
|t:|1760719465
|switch|p1a: Put on some pads|Pecharunt|100/100
|turn|25
|
|t:|1760719468
|move|p2a: Ceruledge|Shadow Sneak|p1a: Put on some pads
|-supereffective|p1a: Put on some pads
|-damage|p1a: Put on some pads|0 fnt
|faint|p1a: Put on some pads
|
|win|Armed_L
|raw|Pig Perfect's rating: 1531 &rarr; <strong>1510</strong><br />(-21 for losing)
|raw|Armed_L's rating: 1516 &rarr; <strong>1537</strong><br />(+21 for winning)
|l|☆Pig Perfect
|player|p1|
|l|☆Armed_L
|player|p2|
