|j|☆lakagota
|j|☆VisionChomp
|t:|1760860185
|gametype|singles
|player|p1|lakagota|170|1271
|player|p2|VisionChomp|n|1228
|gen|9
|tier|[Gen 9] OU
|rated|
|rule|HP Percentage Mod: HP is shown in percentages
|rule|Endless Battle Clause: Forcing endless battles is banned
|rule|Species Clause: Limit one of each Pokémon
|rule|OHKO Clause: OHKO moves are banned
|rule|Evasion Items Clause: Evasion items are banned
|rule|Evasion Moves Clause: Evasion moves are banned
|rule|Evasion Abilities Clause: Evasion abilities are banned
|rule|Sleep Moves Clause: Sleep-inducing moves are banned
|clearpoke
|poke|p1|Raging Bolt|
|poke|p1|Arcanine-Hisui, M|
|poke|p1|Torkoal, F|
|poke|p1|Ninetales, F|
|poke|p1|Great Tusk|
|poke|p1|Volcanion|
|poke|p2|Hoopa-Unbound|
|poke|p2|Ogerpon, F|
|poke|p2|Primarina, F|
|poke|p2|Landorus-Therian, M|
|poke|p2|Zoroark-Hisui, F|
|poke|p2|Blaziken, F|
|teampreview
|inactive|Battle timer is ON: inactive players will automatically lose when time's up. (requested by VisionChomp)
|
|t:|1760860218
|teamsize|p1|6
|teamsize|p2|6
|start
|switch|p1a: Ninetales|Ninetales, F|100/100
|switch|p2a: Landorus|Landorus-Therian, M|100/100
|-weather|SunnyDay|[from] ability: Drought|[of] p1a: Ninetales
|turn|1
|
|t:|1760860229
|move|p2a: Landorus|Hyper Voice|p1a: Ninetales
|-damage|p1a: Ninetales|22/100
|move|p1a: Ninetales|Fire Blast|p2a: Landorus
|-damage|p2a: Landorus|0 fnt
|replace|p2a: Zoroark|Zoroark-Hisui, F
|-end|p2a: Zoroark|Illusion
|faint|p2a: Zoroark
|
|-weather|SunnyDay|[upkeep]
|upkeep
|
|t:|1760860236
|switch|p2a: Ogerpon|Ogerpon, F|100/100
|turn|2
|
|t:|1760860247
|switch|p1a: Volcanion|Volcanion|100/100
|move|p2a: Ogerpon|Knock Off|p1a: Volcanion
|-damage|p1a: Volcanion|59/100
|-enditem|p1a: Volcanion|Leftovers|[from] move: Knock Off|[of] p2a: Ogerpon
|
|-weather|SunnyDay|[upkeep]
|upkeep
|turn|3
|
|t:|1760860267
|switch|p2a: Landorus|Landorus-Therian, M|100/100
|-ability|p2a: Landorus|Intimidate|boost
|-unboost|p1a: Volcanion|atk|1
|move|p1a: Volcanion|Flamethrower|p2a: Landorus
|-damage|p2a: Landorus|23/100
|-status|p2a: Landorus|brn
|
|-weather|SunnyDay|[upkeep]
|-heal|p2a: Landorus|29/100 brn|[from] item: Leftovers
|-damage|p2a: Landorus|23/100 brn|[from] brn
|upkeep
|turn|4
|inactive|lakagota has 120 seconds left.
|
|t:|1760860299
|switch|p1a: Great Tusk|Great Tusk|100/100
|-activate|p1a: Great Tusk|ability: Protosynthesis
|-start|p1a: Great Tusk|protosynthesisdef
|move|p2a: Landorus|Earthquake|p1a: Great Tusk
|-damage|p1a: Great Tusk|91/100
|
|-weather|SunnyDay|[upkeep]
|-heal|p2a: Landorus|29/100 brn|[from] item: Leftovers
|-damage|p2a: Landorus|23/100 brn|[from] brn
|upkeep
|turn|5
|
|t:|1760860325
|move|p2a: Landorus|U-turn|p1a: Great Tusk
|-resisted|p1a: Great Tusk
|-damage|p1a: Great Tusk|89/100
|-damage|p2a: Landorus|7/100 brn|[from] item: Rocky Helmet|[of] p1a: Great Tusk
|
|t:|1760860331
|switch|p2a: Primarina|Primarina, F|100/100|[from] U-turn
|move|p1a: Great Tusk|Rapid Spin|p2a: Primarina
|-damage|p2a: Primarina|87/100
|-boost|p1a: Great Tusk|spe|1
|
|-weather|SunnyDay|[upkeep]
|upkeep
|turn|6
|inactive|lakagota has 90 seconds left.
|
|t:|1760860357
|-end|p1a: Great Tusk|Protosynthesis|[silent]
|switch|p1a: Ninetales|Ninetales, F|22/100
|move|p2a: Primarina|Moonblast|p1a: Ninetales
|-resisted|p1a: Ninetales
|-damage|p1a: Ninetales|0 fnt
|faint|p1a: Ninetales
|
|-weather|SunnyDay|[upkeep]
|upkeep
|
|t:|1760860378
|switch|p1a: Arcanine|Arcanine-Hisui, M|100/100
|turn|7
|
|t:|1760860403
|move|p1a: Arcanine|Head Smash|p2a: Primarina
|-damage|p2a: Primarina|3/100
|move|p2a: Primarina|Hydro Pump|p1a: Arcanine
|-supereffective|p1a: Arcanine
|-damage|p1a: Arcanine|0 fnt
|faint|p1a: Arcanine
|
|-weather|SunnyDay|[upkeep]
|upkeep
|
|t:|1760860421
|switch|p1a: Raging Bolt|Raging Bolt|100/100
|-activate|p1a: Raging Bolt|ability: Protosynthesis
|-start|p1a: Raging Bolt|protosynthesisspa
|turn|8
|
|t:|1760860426
|move|p1a: Raging Bolt|Thunderclap|p2a: Primarina
|-supereffective|p2a: Primarina
|-damage|p2a: Primarina|0 fnt
|faint|p2a: Primarina
|
|-weather|none
|-end|p1a: Raging Bolt|Protosynthesis
|upkeep
|
|t:|1760860434
|switch|p2a: Landorus|Landorus-Therian, M|7/100 brn
|-ability|p2a: Landorus|Intimidate|boost
|-unboost|p1a: Raging Bolt|atk|1
|turn|9
|
|t:|1760860441
|-end|p1a: Raging Bolt|Protosynthesis|[silent]
|switch|p1a: Torkoal|Torkoal, F|100/100
|-weather|SunnyDay|[from] ability: Drought|[of] p1a: Torkoal
|move|p2a: Landorus|Stealth Rock|p1a: Torkoal
|-sidestart|p1: lakagota|move: Stealth Rock
|
|-weather|SunnyDay|[upkeep]
|-heal|p2a: Landorus|13/100 brn|[from] item: Leftovers
|-damage|p2a: Landorus|7/100 brn|[from] brn
|upkeep
|turn|10
|inactive|lakagota has 90 seconds left.
|
|t:|1760860456
|move|p2a: Landorus|Earthquake|p1a: Torkoal
|-supereffective|p1a: Torkoal
|-damage|p1a: Torkoal|71/100
|move|p1a: Torkoal|Rapid Spin|p2a: Landorus
|-damage|p2a: Landorus|0 fnt
|-boost|p1a: Torkoal|spe|1
|-sideend|p1: lakagota|Stealth Rock|[from] move: Rapid Spin|[of] p1a: Torkoal
|faint|p2a: Landorus
|
|-weather|SunnyDay|[upkeep]
|upkeep
|
|t:|1760860465
|switch|p2a: Blaziken|Blaziken, F|100/100
|turn|11
|
|t:|1760860470
|move|p2a: Blaziken|Stone Edge|p1a: Torkoal
|-supereffective|p1a: Torkoal
|-crit|p1a: Torkoal
|-damage|p1a: Torkoal|0 fnt
|faint|p1a: Torkoal
|-damage|p2a: Blaziken|91/100|[from] item: Life Orb
|
|-weather|SunnyDay|[upkeep]
|-ability|p2a: Blaziken|Speed Boost|boost
|-boost|p2a: Blaziken|spe|1
|upkeep
|inactive|lakagota has 90 seconds left.
|
|t:|1760860489
|switch|p1a: Great Tusk|Great Tusk|89/100
|-activate|p1a: Great Tusk|ability: Protosynthesis
|-start|p1a: Great Tusk|protosynthesisdef
|turn|12
|inactive|lakagota has 90 seconds left.
|
|t:|1760860497
|move|p2a: Blaziken|Protect|p2a: Blaziken
|-singleturn|p2a: Blaziken|Protect
|move|p1a: Great Tusk|Headlong Rush|p2a: Blaziken
|-activate|p2a: Blaziken|move: Protect
|
|-weather|SunnyDay|[upkeep]
|-ability|p2a: Blaziken|Speed Boost|boost
|-boost|p2a: Blaziken|spe|1
|upkeep
|turn|13
|
|t:|1760860516
|-terastallize|p2a: Blaziken|Fire
|move|p2a: Blaziken|Flare Blitz|p1a: Great Tusk
|-damage|p1a: Great Tusk|25/100
|-damage|p2a: Blaziken|74/100|[from] item: Rocky Helmet|[of] p1a: Great Tusk
|-damage|p2a: Blaziken|44/100|[from] Recoil
|-damage|p2a: Blaziken|34/100|[from] item: Life Orb
|move|p1a: Great Tusk|Headlong Rush|p2a: Blaziken
|-supereffective|p2a: Blaziken
|-damage|p2a: Blaziken|0 fnt
|-unboost|p1a: Great Tusk|def|1
|-unboost|p1a: Great Tusk|spd|1
|faint|p2a: Blaziken
|
|-weather|SunnyDay|[upkeep]
|upkeep
|
|t:|1760860521
|switch|p2a: Ogerpon|Ogerpon, F|100/100
|turn|14
|
|t:|1760860536
|move|p2a: Ogerpon|Ivy Cudgel|p1a: Great Tusk
|-supereffective|p1a: Great Tusk
|-damage|p1a: Great Tusk|0 fnt
|faint|p1a: Great Tusk
|-end|p1a: Great Tusk|Protosynthesis|[silent]
|
|-weather|SunnyDay|[upkeep]
|upkeep
|
|t:|1760860543
|switch|p1a: Volcanion|Volcanion|59/100
|turn|15
|
|t:|1760860550
|switch|p2a: Hoopa|Hoopa-Unbound|100/100
|move|p1a: Volcanion|Flamethrower|p2a: Hoopa
|-damage|p2a: Hoopa|26/100
|-status|p2a: Hoopa|brn
|
|-weather|SunnyDay|[upkeep]
|-damage|p2a: Hoopa|20/100 brn|[from] brn
|upkeep
|turn|16
|
|t:|1760860562
|move|p2a: Hoopa|Destiny Bond|p2a: Hoopa
|-singlemove|p2a: Hoopa|Destiny Bond
|move|p1a: Volcanion|Flamethrower|p2a: Hoopa
|-damage|p2a: Hoopa|0 fnt
|faint|p2a: Hoopa
|-activate|p2a: Hoopa|move: Destiny Bond
|faint|p1a: Volcanion
|
|-weather|none
|upkeep
|
|t:|1760860570
|switch|p2a: Ogerpon|Ogerpon, F|100/100
|switch|p1a: Raging Bolt|Raging Bolt|100/100
|turn|17
|
|t:|1760860583
|move|p2a: Ogerpon|Ivy Cudgel|p1a: Raging Bolt
|-resisted|p1a: Raging Bolt
|-damage|p1a: Raging Bolt|66/100
|move|p1a: Raging Bolt|Dragon Pulse|p2a: Ogerpon
|-damage|p2a: Ogerpon|40/100
|
|upkeep
|turn|18
|
|t:|1760860591
|move|p2a: Ogerpon|Ivy Cudgel|p1a: Raging Bolt
|-resisted|p1a: Raging Bolt
|-damage|p1a: Raging Bolt|29/100
|move|p1a: Raging Bolt|Dragon Pulse|p2a: Ogerpon
|-damage|p2a: Ogerpon|0 fnt
|faint|p2a: Ogerpon
|
|win|lakagota
|raw|lakagota's rating: 1271 &rarr; <strong>1293</strong><br />(+22 for winning)
|raw|VisionChomp's rating: 1228 &rarr; <strong>1206</strong><br />(-22 for losing)
|l|☆VisionChomp
|player|p2|
