|j|☆drakeero
|j|☆HZBKAI7
|t:|1760750393
|gametype|singles
|player|p1|drakeero|266|1110
|player|p2|HZBKAI7|2|1143
|gen|9
|tier|[Gen 9] OU
|rated|
|rule|HP Percentage Mod: HP is shown in percentages
|rule|Endless Battle Clause: Forcing endless battles is banned
|rule|Species Clause: Limit one of each Pokémon
|rule|OHKO Clause: OHKO moves are banned
|rule|Evasion Items Clause: Evasion items are banned
|rule|Evasion Moves Clause: Evasion moves are banned
|rule|Evasion Abilities Clause: Evasion abilities are banned
|rule|Sleep Moves Clause: Sleep-inducing moves are banned
|clearpoke
|poke|p1|Avalugg-Hisui, F|
|poke|p1|Crocalor, F|
|poke|p1|Pelipper, F|
|poke|p1|Ninetales, F|
|poke|p1|Weezing-Galar, M|
|poke|p1|Quaquaval, F|
|poke|p2|Diancie|
|poke|p2|Rillaboom, M|
|poke|p2|Necrozma|
|poke|p2|Corviknight, M|
|poke|p2|Ogerpon-Wellspring, F|
|poke|p2|Iron Hands|
|teampreview
|
|t:|1760750411
|teamsize|p1|6
|teamsize|p2|6
|start
|switch|p1a: Avalugg|Avalugg-Hisui, F|100/100
|switch|p2a: Iron Hands|Iron Hands|100/100
|-enditem|p2a: Iron Hands|Booster Energy
|-activate|p2a: Iron Hands|ability: Quark Drive|[fromitem]
|-start|p2a: Iron Hands|quarkdriveatk
|turn|1
|
|t:|1760750426
|-terastallize|p1a: Avalugg|Fairy
|move|p1a: Avalugg|Earthquake|p2a: Iron Hands
|-supereffective|p2a: Iron Hands
|-damage|p2a: Iron Hands|36/100
|-damage|p1a: Avalugg|91/100|[from] item: Life Orb
|move|p2a: Iron Hands|Drain Punch|p1a: Avalugg
|-resisted|p1a: Avalugg
|-damage|p1a: Avalugg|73/100
|-heal|p2a: Iron Hands|42/100|[from] drain|[of] p1a: Avalugg
|
|upkeep
|turn|2
|
|t:|1760750437
|move|p1a: Avalugg|Earthquake|p2a: Iron Hands
|-supereffective|p2a: Iron Hands
|-damage|p2a: Iron Hands|0 fnt
|faint|p2a: Iron Hands
|-end|p2a: Iron Hands|Quark Drive|[silent]
|-damage|p1a: Avalugg|63/100|[from] item: Life Orb
|
|upkeep
|
|t:|1760750438
|switch|p2a: Diancie|Diancie|100/100
|turn|3
|
|t:|1760750449
|move|p2a: Diancie|Ancient Power|p1a: Avalugg
|-damage|p1a: Avalugg|0 fnt
|faint|p1a: Avalugg
|
|upkeep
|
|t:|1760750455
|switch|p1a: Pelipper|Pelipper, F|100/100
|-weather|RainDance|[from] ability: Drizzle|[of] p1a: Pelipper
|turn|4
|
|t:|1760750460
|move|p1a: Pelipper|Surf|p2a: Diancie
|-supereffective|p2a: Diancie
|-damage|p2a: Diancie|0 fnt
|faint|p2a: Diancie
|-damage|p1a: Pelipper|90/100|[from] item: Life Orb
|
|-weather|RainDance|[upkeep]
|upkeep
|
|t:|1760750460
|switch|p2a: Corviknight|Corviknight, M|100/100
|-ability|p2a: Corviknight|Pressure
|turn|5
|
|t:|1760750472
|move|p1a: Pelipper|Surf|p2a: Corviknight
|-damage|p2a: Corviknight|20/100
|-damage|p1a: Pelipper|80/100|[from] item: Life Orb
|move|p2a: Corviknight|Brave Bird|p1a: Pelipper
|-damage|p1a: Pelipper|35/100
|-damage|p2a: Corviknight|10/100|[from] Recoil
|
|-weather|RainDance|[upkeep]
|upkeep
|turn|6
|
|t:|1760750485
|-terastallize|p2a: Corviknight|Dragon
|move|p1a: Pelipper|Tailwind|p1a: Pelipper
|-sidestart|p1: drakeero|move: Tailwind
|move|p2a: Corviknight|Brave Bird|p1a: Pelipper
|-damage|p1a: Pelipper|0 fnt
|faint|p1a: Pelipper
|-damage|p2a: Corviknight|2/100|[from] Recoil
|
|-weather|RainDance|[upkeep]
|upkeep
|
|t:|1760750496
|switch|p1a: Quaquaval|Quaquaval, F|100/100
|turn|7
|
|t:|1760750501
|move|p1a: Quaquaval|Aqua Step|p2a: Corviknight
|-resisted|p2a: Corviknight
|-damage|p2a: Corviknight|0 fnt
|-boost|p1a: Quaquaval|spe|1
|-damage|p1a: Quaquaval|84/100|[from] item: Rocky Helmet|[of] p2a: Corviknight
|faint|p2a: Corviknight
|-ability|p1a: Quaquaval|Moxie|boost
|-boost|p1a: Quaquaval|atk|1
|-damage|p1a: Quaquaval|74/100|[from] item: Life Orb
|
|-weather|RainDance|[upkeep]
|upkeep
|
|t:|1760750501
|switch|p2a: Rillaboom|Rillaboom, M|100/100
|-fieldstart|move: Grassy Terrain|[from] ability: Grassy Surge|[of] p2a: Rillaboom
|turn|8
|
|t:|1760750516
|move|p2a: Rillaboom|Grassy Glide|p1a: Quaquaval
|-supereffective|p1a: Quaquaval
|-damage|p1a: Quaquaval|0 fnt
|faint|p1a: Quaquaval
|
|-weather|none
|upkeep
|
|t:|1760750524
|switch|p1a: Crocalor|Crocalor, F|100/100
|turn|9
|
|t:|1760750528
|move|p1a: Crocalor|Will-O-Wisp|p2a: Rillaboom
|-status|p2a: Rillaboom|brn
|move|p2a: Rillaboom|Knock Off|p1a: Crocalor
|-damage|p1a: Crocalor|91/100
|-enditem|p1a: Crocalor|Eviolite|[from] move: Knock Off|[of] p2a: Rillaboom
|
|-heal|p1a: Crocalor|97/100|[from] Grassy Terrain
|-damage|p2a: Rillaboom|94/100 brn|[from] brn
|-sideend|p1: drakeero|move: Tailwind
|upkeep
|turn|10
|
|t:|1760750539
|move|p2a: Rillaboom|Knock Off|p1a: Crocalor
|-damage|p1a: Crocalor|87/100
|move|p1a: Crocalor|Flamethrower|p2a: Rillaboom
|-supereffective|p2a: Rillaboom
|-damage|p2a: Rillaboom|27/100 brn
|
|-heal|p2a: Rillaboom|33/100 brn|[from] Grassy Terrain
|-heal|p1a: Crocalor|93/100|[from] Grassy Terrain
|-damage|p2a: Rillaboom|27/100 brn|[from] brn
|upkeep
|turn|11
|
|t:|1760750549
|move|p2a: Rillaboom|Knock Off|p1a: Crocalor
|-damage|p1a: Crocalor|83/100
|move|p1a: Crocalor|Flamethrower|p2a: Rillaboom
|-supereffective|p2a: Rillaboom
|-damage|p2a: Rillaboom|0 fnt
|faint|p2a: Rillaboom
|
|-heal|p1a: Crocalor|89/100|[from] Grassy Terrain
|upkeep
|
|t:|1760750549
|switch|p2a: Necrozma|Necrozma|100/100
|turn|12
|
|t:|1760750568
|move|p2a: Necrozma|Earth Power|p1a: Crocalor
|-supereffective|p1a: Crocalor
|-damage|p1a: Crocalor|0 fnt
|faint|p1a: Crocalor
|
|upkeep
|
|t:|1760750574
|switch|p1a: Weezing|Weezing-Galar, M|100/100
|turn|13
|
|t:|1760750579
|move|p2a: Necrozma|Expanding Force|p1a: Weezing
|-supereffective|p1a: Weezing
|-crit|p1a: Weezing
|-damage|p1a: Weezing|0 fnt
|faint|p1a: Weezing
|
|upkeep
|
|t:|1760750585
|switch|p1a: Ninetales|Ninetales, F|100/100
|-weather|SunnyDay|[from] ability: Drought|[of] p1a: Ninetales
|-item|p1a: Ninetales|Air Balloon
|turn|14
|
|t:|1760750598
|move|p1a: Ninetales|Night Shade|p2a: Necrozma
|-damage|p2a: Necrozma|75/100
|move|p2a: Necrozma|Earth Power|p1a: Ninetales
|-immune|p1a: Ninetales
|
|-weather|SunnyDay|[upkeep]
|-heal|p2a: Necrozma|81/100|[from] Grassy Terrain
|-heal|p2a: Necrozma|87/100|[from] item: Leftovers
|upkeep
|turn|15
|
|t:|1760750608
|move|p1a: Ninetales|Encore|p2a: Necrozma
|-start|p2a: Necrozma|Encore
|move|p2a: Necrozma|Earth Power|p1a: Ninetales
|-immune|p1a: Ninetales
|
|-weather|SunnyDay|[upkeep]
|-heal|p2a: Necrozma|93/100|[from] Grassy Terrain
|-heal|p2a: Necrozma|99/100|[from] item: Leftovers
|-fieldend|move: Grassy Terrain
|upkeep
|turn|16
|
|t:|1760750619
|move|p1a: Ninetales|Night Shade|p2a: Necrozma
|-damage|p2a: Necrozma|74/100
|move|p2a: Necrozma|Earth Power|p1a: Ninetales
|-immune|p1a: Ninetales
|
|-weather|SunnyDay|[upkeep]
|-heal|p2a: Necrozma|80/100|[from] item: Leftovers
|upkeep
|turn|17
|
|t:|1760750628
|move|p1a: Ninetales|Night Shade|p2a: Necrozma
|-damage|p2a: Necrozma|55/100
|move|p2a: Necrozma|Earth Power|p1a: Ninetales
|-immune|p1a: Ninetales
|
|-weather|SunnyDay|[upkeep]
|-heal|p2a: Necrozma|61/100|[from] item: Leftovers
|-end|p2a: Necrozma|Encore
|upkeep
|turn|18
|
|t:|1760750638
|move|p1a: Ninetales|Encore|p2a: Necrozma
|-start|p2a: Necrozma|Encore
|move|p2a: Necrozma|Earth Power|p1a: Ninetales
|-immune|p1a: Ninetales
|
|-weather|none
|-heal|p2a: Necrozma|67/100|[from] item: Leftovers
|upkeep
|turn|19
|
|t:|1760750647
|move|p1a: Ninetales|Night Shade|p2a: Necrozma
|-damage|p2a: Necrozma|42/100
|move|p2a: Necrozma|Earth Power|p1a: Ninetales
|-immune|p1a: Ninetales
|
|-heal|p2a: Necrozma|48/100|[from] item: Leftovers
|upkeep
|turn|20
|
|t:|1760750655
|move|p1a: Ninetales|Night Shade|p2a: Necrozma
|-damage|p2a: Necrozma|23/100
|move|p2a: Necrozma|Earth Power|p1a: Ninetales
|-immune|p1a: Ninetales
|
|-heal|p2a: Necrozma|29/100|[from] item: Leftovers
|-end|p2a: Necrozma|Encore
|upkeep
|turn|21
|
|t:|1760750666
|move|p1a: Ninetales|Encore|p2a: Necrozma
|-start|p2a: Necrozma|Encore
|move|p2a: Necrozma|Earth Power|p1a: Ninetales
|-immune|p1a: Ninetales
|
|-heal|p2a: Necrozma|35/100|[from] item: Leftovers
|upkeep
|turn|22
|
|t:|1760750675
|move|p1a: Ninetales|Night Shade|p2a: Necrozma
|-damage|p2a: Necrozma|10/100
|move|p2a: Necrozma|Earth Power|p1a: Ninetales
|-immune|p1a: Ninetales
|
|-heal|p2a: Necrozma|16/100|[from] item: Leftovers
|upkeep
|turn|23
|
|t:|1760750684
|move|p1a: Ninetales|Night Shade|p2a: Necrozma
|-damage|p2a: Necrozma|0 fnt
|faint|p2a: Necrozma
|
|upkeep
|
|t:|1760750684
|switch|p2a: Ogerpon|Ogerpon-Wellspring, F|100/100
|turn|24
|
|t:|1760750694
|move|p2a: Ogerpon|Ivy Cudgel|p1a: Ninetales|[anim] Ivy Cudgel Water
|-supereffective|p1a: Ninetales
|-crit|p1a: Ninetales
|-damage|p1a: Ninetales|0 fnt
|-enditem|p1a: Ninetales|Air Balloon
|faint|p1a: Ninetales
|
|win|HZBKAI7
|raw|drakeero's rating: 1110 &rarr; <strong>1087</strong><br />(-23 for losing)
|raw|HZBKAI7's rating: 1143 &rarr; <strong>1166</strong><br />(+23 for winning)
|n|☆HZBKAI7|hzbkai7
|l|☆drakeero
|player|p1|
|n|☆HZBKAI7|hzbkai7
