|j|☆Rariban
|j|☆Lackss
|t:|1760876865
|gametype|singles
|player|p1|Rariban|kimonogirl|1129
|player|p2|Lackss|2|1150
|gen|9
|tier|[Gen 9] OU
|rated|
|rule|HP Percentage Mod: HP is shown in percentages
|rule|Endless Battle Clause: Forcing endless battles is banned
|rule|Species Clause: Limit one of each Pokémon
|rule|OHKO Clause: OHKO moves are banned
|rule|Evasion Items Clause: Evasion items are banned
|rule|Evasion Moves Clause: Evasion moves are banned
|rule|Evasion Abilities Clause: Evasion abilities are banned
|rule|Sleep Moves Clause: Sleep-inducing moves are banned
|clearpoke
|poke|p1|Hoopa-Unbound|
|poke|p1|Hydrapple, M|
|poke|p1|Gliscor, M|
|poke|p1|Cinderace, F|
|poke|p1|Alomomola, F|
|poke|p1|Gholdengo|
|poke|p2|Porygon-Z|
|poke|p2|Scyther, F|
|poke|p2|Primarina, F|
|poke|p2|Deoxys-Speed|
|poke|p2|Weavile, M|
|poke|p2|Gliscor, F|
|teampreview
|inactive|Battle timer is ON: inactive players will automatically lose when time's up. (requested by Rariban)
|
|t:|1760876873
|teamsize|p1|6
|teamsize|p2|6
|start
|switch|p1a: Gliscor|Gliscor, M|100/100
|switch|p2a: Deoxys|Deoxys-Speed|100/100
|-ability|p2a: Deoxys|Pressure
|turn|1
|
|t:|1760876881
|move|p2a: Deoxys|Taunt|p1a: Gliscor
|-start|p1a: Gliscor|move: Taunt
|cant|p1a: Gliscor|move: Taunt|Toxic
|
|-status|p1a: Gliscor|tox|[from] item: Toxic Orb
|upkeep
|turn|2
|
|t:|1760876891
|move|p2a: Deoxys|Psycho Boost|p1a: Gliscor
|-damage|p1a: Gliscor|47/100 tox
|-unboost|p2a: Deoxys|spa|2
|move|p1a: Gliscor|Earthquake|p2a: Deoxys
|-damage|p2a: Deoxys|47/100
|
|-heal|p1a: Gliscor|59/100 tox|[from] ability: Poison Heal
|upkeep
|turn|3
|
|t:|1760876901
|switch|p2a: Scyther|Scyther, F|100/100
|move|p1a: Gliscor|Earthquake|p2a: Scyther
|-immune|p2a: Scyther
|
|-heal|p1a: Gliscor|72/100 tox|[from] ability: Poison Heal
|-end|p1a: Gliscor|move: Taunt
|upkeep
|turn|4
|
|t:|1760876919
|move|p2a: Scyther|Swords Dance|p2a: Scyther
|-boost|p2a: Scyther|atk|2
|move|p1a: Gliscor|Toxic|p2a: Scyther|[miss]
|-miss|p1a: Gliscor|p2a: Scyther
|
|-heal|p1a: Gliscor|84/100 tox|[from] ability: Poison Heal
|upkeep
|turn|5
|
|t:|1760876929
|move|p2a: Scyther|Dual Wingbeat|p1a: Gliscor
|-damage|p1a: Gliscor|37/100 tox
|-damage|p1a: Gliscor|0 fnt
|faint|p1a: Gliscor
|-hitcount|p1: Gliscor|2
|
|upkeep
|
|t:|1760876937
|switch|p1a: Cinderace|Cinderace, F|100/100
|turn|6
|
|t:|1760876946
|-terastallize|p2a: Scyther|Flying
|move|p1a: Cinderace|Pyro Ball|p2a: Scyther
|-damage|p2a: Scyther|34/100
|move|p2a: Scyther|Dual Wingbeat|p1a: Cinderace
|-damage|p1a: Cinderace|3/100
|-crit|p1a: Cinderace
|-damage|p1a: Cinderace|0 fnt
|faint|p1a: Cinderace
|-hitcount|p1: Cinderace|2
|
|upkeep
|
|t:|1760876957
|switch|p1a: Alomomola|Alomomola, F|100/100
|turn|7
|
|t:|1760876962
|move|p2a: Scyther|Dual Wingbeat|p1a: Alomomola
|-damage|p1a: Alomomola|46/100
|-damage|p1a: Alomomola|0 fnt
|faint|p1a: Alomomola
|-hitcount|p1: Alomomola|2
|
|upkeep
|
|t:|1760876966
|switch|p1a: Gholdengo|Gholdengo|100/100
|-item|p1a: Gholdengo|Air Balloon
|turn|8
|
|t:|1760876972
|move|p2a: Scyther|Dual Wingbeat|p1a: Gholdengo
|-resisted|p1a: Gholdengo
|-damage|p1a: Gholdengo|75/100
|-enditem|p1a: Gholdengo|Air Balloon
|-resisted|p1a: Gholdengo
|-damage|p1a: Gholdengo|50/100
|-hitcount|p1a: Gholdengo|2
|move|p1a: Gholdengo|Hex|p2a: Scyther
|-damage|p2a: Scyther|0 fnt
|faint|p2a: Scyther
|
|upkeep
|
|t:|1760876990
|switch|p2a: Porygon-Z|Porygon-Z, shiny|100/100
|turn|9
|
|t:|1760876994
|move|p2a: Porygon-Z|Shadow Ball|p1a: Gholdengo
|-supereffective|p1a: Gholdengo
|-damage|p1a: Gholdengo|0 fnt
|faint|p1a: Gholdengo
|
|upkeep
|
|t:|1760877001
|switch|p1a: Hydrapple|Hydrapple, M, shiny|100/100
|turn|10
|
|t:|1760877006
|switch|p2a: Deoxys|Deoxys-Speed|47/100
|-ability|p2a: Deoxys|Pressure
|move|p1a: Hydrapple|Nasty Plot|p1a: Hydrapple
|-boost|p1a: Hydrapple|spa|2
|
|upkeep
|turn|11
|
|t:|1760877014
|move|p2a: Deoxys|Taunt|p1a: Hydrapple
|-start|p1a: Hydrapple|move: Taunt
|move|p1a: Hydrapple|Giga Drain|p2a: Deoxys
|-damage|p2a: Deoxys|0 fnt
|faint|p2a: Deoxys
|
|upkeep
|
|t:|1760877021
|switch|p2a: Weavile|Weavile, M|100/100
|-ability|p2a: Weavile|Pressure
|turn|12
|
|t:|1760877027
|move|p2a: Weavile|Triple Axel|p1a: Hydrapple
|-supereffective|p1a: Hydrapple
|-damage|p1a: Hydrapple|74/100
|-damage|p2a: Weavile|84/100|[from] item: Rocky Helmet|[of] p1a: Hydrapple
|-supereffective|p1a: Hydrapple
|-damage|p1a: Hydrapple|25/100
|-damage|p2a: Weavile|68/100|[from] item: Rocky Helmet|[of] p1a: Hydrapple
|-supereffective|p1a: Hydrapple
|-damage|p1a: Hydrapple|0 fnt
|-damage|p2a: Weavile|51/100|[from] item: Rocky Helmet|[of] p1a: Hydrapple
|faint|p1a: Hydrapple
|-hitcount|p1: Hydrapple|3
|
|upkeep
|
|t:|1760877030
|switch|p1a: Hoopa|Hoopa-Unbound|100/100
|turn|13
|
|t:|1760877040
|-terastallize|p1a: Hoopa|Poison
|move|p1a: Hoopa|Gunk Shot|p2a: Weavile
|-damage|p2a: Weavile|0 fnt
|faint|p2a: Weavile
|
|upkeep
|
|t:|1760877046
|switch|p2a: Porygon-Z|Porygon-Z, shiny|100/100
|turn|14
|
|t:|1760877051
|move|p1a: Hoopa|Gunk Shot|p2a: Porygon-Z
|-damage|p2a: Porygon-Z|0 fnt
|faint|p2a: Porygon-Z
|
|upkeep
|
|t:|1760877056
|switch|p2a: Gliscor|Gliscor, F|100/100
|turn|15
|
|t:|1760877062
|move|p1a: Hoopa|Gunk Shot|p2a: Gliscor
|-resisted|p2a: Gliscor
|-damage|p2a: Gliscor|78/100
|move|p2a: Gliscor|Earthquake|p1a: Hoopa
|-supereffective|p1a: Hoopa
|-damage|p1a: Hoopa|0 fnt
|faint|p1a: Hoopa
|
|win|Lackss
|raw|Rariban's rating: 1129 &rarr; <strong>1106</strong><br />(-23 for losing)
|raw|Lackss's rating: 1150 &rarr; <strong>1173</strong><br />(+23 for winning)
|l|☆Rariban
|player|p1|
|l|☆Lackss
|player|p2|
