|j|☆ykykp
|j|☆xw haha
|t:|1760799109
|gametype|singles
|player|p1|ykykp|101|1445
|player|p2|xw haha|volkner|1439
|gen|9
|tier|[Gen 9] OU
|rated|
|rule|HP Percentage Mod: HP is shown in percentages
|rule|Endless Battle Clause: Forcing endless battles is banned
|rule|Species Clause: Limit one of each Pokémon
|rule|OHKO Clause: OHKO moves are banned
|rule|Evasion Items Clause: Evasion items are banned
|rule|Evasion Moves Clause: Evasion moves are banned
|rule|Evasion Abilities Clause: Evasion abilities are banned
|rule|Sleep Moves Clause: Sleep-inducing moves are banned
|clearpoke
|poke|p1|Porygon-Z|
|poke|p1|Garganacl, M|
|poke|p1|Corviknight, F|
|poke|p1|Samurott-Hisui, F|
|poke|p1|Cinderace, M|
|poke|p1|Raging Bolt|
|poke|p2|Corviknight, F|
|poke|p2|Garganacl, M|
|poke|p2|Cinderace, F|
|poke|p2|Iron Valiant|
|poke|p2|Great Tusk|
|poke|p2|Raging Bolt|
|teampreview
|inactive|Battle timer is ON: inactive players will automatically lose when time's up. (requested by ykykp)
|j| Squallskip
|
|t:|1760799114
|teamsize|p1|6
|teamsize|p2|6
|start
|switch|p1a: Raging Bolt|Raging Bolt|100/100
|switch|p2a: Raging Bolt|Raging Bolt|100/100
|turn|1
|
|t:|1760799123
|-end|p2a: Raging Bolt|Protosynthesis|[silent]
|switch|p2a: Garganacl|Garganacl, M|100/100
|move|p1a: Raging Bolt|Dragon Pulse|p2a: Garganacl
|-damage|p2a: Garganacl|52/100
|
|-heal|p2a: Garganacl|58/100|[from] item: Leftovers
|upkeep
|turn|2
|
|t:|1760799131
|-end|p1a: Raging Bolt|Protosynthesis|[silent]
|switch|p1a: Samurott|Samurott-Hisui, F|100/100
|move|p2a: Garganacl|Protect||[still]
|-fail|p2a: Garganacl
|
|-heal|p2a: Garganacl|65/100|[from] item: Leftovers
|upkeep
|turn|3
|
|t:|1760799139
|move|p2a: Garganacl|Protect|p2a: Garganacl
|-singleturn|p2a: Garganacl|Protect
|move|p1a: Samurott|Ceaseless Edge|p2a: Garganacl
|-activate|p2a: Garganacl|move: Protect
|
|-heal|p2a: Garganacl|71/100|[from] item: Leftovers
|upkeep
|turn|4
|
|t:|1760799149
|switch|p2a: Corviknight|Corviknight, F|100/100
|move|p1a: Samurott|Razor Shell|p2a: Corviknight
|-damage|p2a: Corviknight|72/100
|-ability|p2a: Corviknight|Mirror Armor
|-unboost|p1a: Samurott|def|1
|-damage|p1a: Samurott|84/100|[from] item: Rocky Helmet|[of] p2a: Corviknight
|
|upkeep
|turn|5
|
|t:|1760799165
|move|p1a: Samurott|Knock Off|p2a: Corviknight
|-damage|p2a: Corviknight|46/100
|-damage|p1a: Samurott|67/100|[from] item: Rocky Helmet|[of] p2a: Corviknight
|-enditem|p2a: Corviknight|Rocky Helmet|[from] move: Knock Off|[of] p1a: Samurott
|move|p2a: Corviknight|U-turn|p1a: Samurott
|-supereffective|p1a: Samurott
|-damage|p1a: Samurott|24/100
|
|t:|1760799172
|switch|p2a: Cinderace|Cinderace, F|100/100|[from] U-turn
|
|upkeep
|turn|6
|
|t:|1760799181
|move|p1a: Samurott|Sucker Punch|p2a: Cinderace
|-crit|p2a: Cinderace
|-damage|p2a: Cinderace|37/100
|move|p2a: Cinderace|U-turn|p1a: Samurott
|-start|p2a: Cinderace|typechange|Bug|[from] ability: Libero
|-supereffective|p1a: Samurott
|-crit|p1a: Samurott
|-damage|p1a: Samurott|0 fnt
|faint|p1a: Samurott
|
|t:|1760799197
|switch|p2a: Raging Bolt|Raging Bolt|100/100|[from] U-turn
|
|upkeep
|
|t:|1760799210
|switch|p1a: Garganacl|Garganacl, M|100/100
|turn|7
|
|t:|1760799219
|move|p2a: Raging Bolt|Volt Switch|p1a: Garganacl
|-damage|p1a: Garganacl|75/100
|
|t:|1760799222
|-end|p2a: Raging Bolt|Protosynthesis|[silent]
|switch|p2a: Great Tusk|Great Tusk|100/100|[from] Volt Switch
|move|p1a: Garganacl|Salt Cure|p2a: Great Tusk
|-resisted|p2a: Great Tusk
|-damage|p2a: Great Tusk|99/100
|-start|p2a: Great Tusk|Salt Cure
|
|-heal|p1a: Garganacl|81/100|[from] item: Leftovers
|-damage|p2a: Great Tusk|86/100|[from] Salt Cure
|upkeep
|turn|8
|l| Squallskip
|
|t:|1760799235
|switch|p1a: Corviknight|Corviknight, F|100/100
|-ability|p1a: Corviknight|Pressure
|move|p2a: Great Tusk|Knock Off|p1a: Corviknight
|-damage|p1a: Corviknight|80/100
|-damage|p2a: Great Tusk|70/100|[from] item: Rocky Helmet|[of] p1a: Corviknight
|-enditem|p1a: Corviknight|Rocky Helmet|[from] move: Knock Off|[of] p2a: Great Tusk
|
|-damage|p2a: Great Tusk|57/100|[from] Salt Cure
|upkeep
|turn|9
|
|t:|1760799250
|-end|p2a: Great Tusk|Protosynthesis|[silent]
|switch|p2a: Corviknight|Corviknight, F|46/100
|move|p1a: Corviknight|Brave Bird|p2a: Corviknight
|-resisted|p2a: Corviknight
|-damage|p2a: Corviknight|35/100
|-damage|p1a: Corviknight|76/100|[from] Recoil
|
|upkeep
|turn|10
|
|t:|1760799259
|switch|p1a: Raging Bolt|Raging Bolt|100/100
|move|p2a: Corviknight|Roost|p2a: Corviknight
|-heal|p2a: Corviknight|85/100
|-singleturn|p2a: Corviknight|move: Roost
|
|upkeep
|turn|11
|
|t:|1760799267
|switch|p2a: Raging Bolt|Raging Bolt|100/100
|move|p1a: Raging Bolt|Draco Meteor|p2a: Raging Bolt
|-supereffective|p2a: Raging Bolt
|-damage|p2a: Raging Bolt|0 fnt
|-unboost|p1a: Raging Bolt|spa|2
|faint|p2a: Raging Bolt
|-end|p2a: Raging Bolt|Protosynthesis|[silent]
|
|upkeep
|
|t:|1760799278
|switch|p2a: Iron Valiant|Iron Valiant|100/100
|-enditem|p2a: Iron Valiant|Booster Energy
|-activate|p2a: Iron Valiant|ability: Quark Drive|[fromitem]
|-start|p2a: Iron Valiant|quarkdrivespe
|turn|12
|
|t:|1760799283
|-end|p1a: Raging Bolt|Protosynthesis|[silent]
|switch|p1a: Garganacl|Garganacl, M|81/100
|move|p2a: Iron Valiant|Swords Dance|p2a: Iron Valiant
|-boost|p2a: Iron Valiant|atk|2
|
|-heal|p1a: Garganacl|88/100|[from] item: Leftovers
|upkeep
|turn|13
|
|t:|1760799295
|switch|p1a: Corviknight|Corviknight, F|76/100
|-ability|p1a: Corviknight|Pressure
|move|p2a: Iron Valiant|Swords Dance|p2a: Iron Valiant
|-boost|p2a: Iron Valiant|atk|2
|
|upkeep
|turn|14
|
|t:|1760799302
|-terastallize|p1a: Corviknight|Ghost
|move|p2a: Iron Valiant|Close Combat|p1a: Corviknight
|-immune|p1a: Corviknight
|move|p1a: Corviknight|Brave Bird|p2a: Iron Valiant
|-supereffective|p2a: Iron Valiant
|-damage|p2a: Iron Valiant|11/100
|-damage|p1a: Corviknight|55/100|[from] Recoil
|
|upkeep
|turn|15
|
|t:|1760799318
|-terastallize|p2a: Iron Valiant|Ghost
|move|p2a: Iron Valiant|Shadow Sneak|p1a: Corviknight
|-supereffective|p1a: Corviknight
|-damage|p1a: Corviknight|0 fnt
|faint|p1a: Corviknight
|
|upkeep
|
|t:|1760799327
|switch|p1a: Raging Bolt|Raging Bolt|100/100
|turn|16
|
|t:|1760799333
|move|p2a: Iron Valiant|Shadow Sneak|p1a: Raging Bolt
|-crit|p1a: Raging Bolt
|-damage|p1a: Raging Bolt|17/100
|move|p1a: Raging Bolt|Thunderbolt|p2a: Iron Valiant
|-damage|p2a: Iron Valiant|0 fnt
|faint|p2a: Iron Valiant
|-end|p2a: Iron Valiant|Quark Drive|[silent]
|
|upkeep
|
|t:|1760799343
|switch|p2a: Garganacl|Garganacl, M|71/100
|turn|17
|
|t:|1760799347
|move|p2a: Garganacl|Protect|p2a: Garganacl
|-singleturn|p2a: Garganacl|Protect
|move|p1a: Raging Bolt|Thunderbolt|p2a: Garganacl
|-activate|p2a: Garganacl|move: Protect
|
|-heal|p2a: Garganacl|77/100|[from] item: Leftovers
|upkeep
|turn|18
|
|t:|1760799355
|-end|p1a: Raging Bolt|Protosynthesis|[silent]
|switch|p1a: Porygon-Z|Porygon-Z|100/100
|move|p2a: Garganacl|Salt Cure|p1a: Porygon-Z
|-damage|p1a: Porygon-Z|81/100
|-start|p1a: Porygon-Z|Salt Cure
|
|-heal|p2a: Garganacl|83/100|[from] item: Leftovers
|-damage|p1a: Porygon-Z|69/100|[from] Salt Cure
|upkeep
|turn|19
|
|t:|1760799369
|switch|p1a: Garganacl|Garganacl, M|88/100
|move|p2a: Garganacl|Salt Cure|p1a: Garganacl
|-damage|p1a: Garganacl|79/100
|-start|p1a: Garganacl|Salt Cure
|
|-heal|p1a: Garganacl|85/100|[from] item: Leftovers
|-heal|p2a: Garganacl|89/100|[from] item: Leftovers
|-damage|p1a: Garganacl|73/100|[from] Salt Cure
|upkeep
|turn|20
|
|t:|1760799383
|move|p2a: Garganacl|Protect|p2a: Garganacl
|-singleturn|p2a: Garganacl|Protect
|move|p1a: Garganacl|Salt Cure|p2a: Garganacl
|-activate|p2a: Garganacl|move: Protect
|
|-heal|p2a: Garganacl|96/100|[from] item: Leftovers
|-heal|p1a: Garganacl|79/100|[from] item: Leftovers
|-damage|p1a: Garganacl|67/100|[from] Salt Cure
|upkeep
|turn|21
|
|t:|1760799395
|switch|p2a: Great Tusk|Great Tusk|57/100
|move|p1a: Garganacl|Salt Cure|p2a: Great Tusk
|-resisted|p2a: Great Tusk
|-damage|p2a: Great Tusk|56/100
|-start|p2a: Great Tusk|Salt Cure
|
|-heal|p1a: Garganacl|73/100|[from] item: Leftovers
|-damage|p2a: Great Tusk|43/100|[from] Salt Cure
|-damage|p1a: Garganacl|61/100|[from] Salt Cure
|upkeep
|-enditem|p2a: Great Tusk|Sitrus Berry|[eat]
|-heal|p2a: Great Tusk|68/100|[from] item: Sitrus Berry
|turn|22
|-message|ykykp forfeited.
|
|win|xw haha
|raw|ykykp's rating: 1445 &rarr; <strong>1425</strong><br />(-20 for losing)
|raw|xw haha's rating: 1439 &rarr; <strong>1459</strong><br />(+20 for winning)
|l|☆ykykp
|player|p1|
|l|☆xw haha
|player|p2|
