|j|☆Wintrmint2
|j|☆1100 smurf
|t:|1760722352
|gametype|singles
|player|p1|Wintrmint2|korrina|1432
|player|p2|1100 smurf|preschooler|1501
|gen|9
|tier|[Gen 9] OU
|rated|
|rule|HP Percentage Mod: HP is shown in percentages
|rule|Endless Battle Clause: Forcing endless battles is banned
|rule|Species Clause: Limit one of each Pokémon
|rule|OHKO Clause: OHKO moves are banned
|rule|Evasion Items Clause: Evasion items are banned
|rule|Evasion Moves Clause: Evasion moves are banned
|rule|Evasion Abilities Clause: Evasion abilities are banned
|rule|Sleep Moves Clause: Sleep-inducing moves are banned
|clearpoke
|poke|p1|Hydrapple, F|
|poke|p1|Slowking, M|
|poke|p1|Great Tusk|
|poke|p1|Moltres|
|poke|p1|Zamazenta-*|
|poke|p1|Kingambit, F|
|poke|p2|Ogerpon-Wellspring, F|
|poke|p2|Deoxys-Speed|
|poke|p2|Comfey, M|
|poke|p2|Arcanine-Hisui, M|
|poke|p2|Fezandipiti, M|
|poke|p2|Cinderace, F|
|teampreview
|inactive|Battle timer is ON: inactive players will automatically lose when time's up. (requested by 1100 smurf)
|
|t:|1760722415
|teamsize|p1|6
|teamsize|p2|6
|start
|switch|p1a: Slowking|Slowking, M|100/100
|switch|p2a: Arcanine|Arcanine-Hisui, M|100/100
|turn|1
|
|t:|1760722424
|move|p2a: Arcanine|Head Smash|p1a: Slowking
|-crit|p1a: Slowking
|-damage|p1a: Slowking|0 fnt
|faint|p1a: Slowking
|
|upkeep
|
|t:|1760722436
|switch|p1a: Great Tusk|Great Tusk|100/100
|turn|2
|
|t:|1760722447
|switch|p2a: Ogerpon|Ogerpon-Wellspring, F|100/100
|move|p1a: Great Tusk|Stealth Rock|p2a: Ogerpon
|-sidestart|p2: 1100 smurf|move: Stealth Rock
|
|upkeep
|turn|3
|
|t:|1760722457
|-end|p1a: Great Tusk|Protosynthesis|[silent]
|switch|p1a: Hydrapple|Hydrapple, F|100/100
|move|p2a: Ogerpon|Ivy Cudgel|p1a: Hydrapple|[anim] Ivy Cudgel Water
|-resisted|p1a: Hydrapple
|-damage|p1a: Hydrapple|88/100
|
|upkeep
|turn|4
|
|t:|1760722468
|move|p2a: Ogerpon|U-turn|p1a: Hydrapple
|-supereffective|p1a: Hydrapple
|-damage|p1a: Hydrapple|41/100
|
|t:|1760722471
|switch|p2a: Fezandipiti|Fezandipiti, M|100/100|[from] U-turn
|-damage|p2a: Fezandipiti|88/100|[from] Stealth Rock
|move|p1a: Hydrapple|Fickle Beam|p2a: Fezandipiti
|-immune|p2a: Fezandipiti
|
|-heal|p2a: Fezandipiti|94/100|[from] item: Leftovers
|upkeep
|turn|5
|
|t:|1760722481
|switch|p1a: Moltres|Moltres|100/100
|move|p2a: Fezandipiti|Moonblast|p1a: Moltres
|-resisted|p1a: Moltres
|-damage|p1a: Moltres|87/100
|
|-heal|p2a: Fezandipiti|99/100|[from] item: Leftovers
|upkeep
|turn|6
|
|t:|1760722487
|move|p2a: Fezandipiti|Moonblast|p1a: Moltres
|-resisted|p1a: Moltres
|-damage|p1a: Moltres|74/100
|move|p1a: Moltres|U-turn|p2a: Fezandipiti
|-resisted|p2a: Fezandipiti
|-damage|p2a: Fezandipiti|98/100
|inactive|Wintrmint2 has 120 seconds left.
|inactive|Wintrmint2 has 90 seconds left.
|inactive|Wintrmint2 has 60 seconds left.
|
|t:|1760722579
|switch|p1a: Great Tusk|Great Tusk|100/100|[from] U-turn
|
|-heal|p2a: Fezandipiti|100/100|[from] item: Leftovers
|upkeep
|turn|7
|
|t:|1760722591
|move|p1a: Great Tusk|Headlong Rush|p2a: Fezandipiti
|-supereffective|p2a: Fezandipiti
|-damage|p2a: Fezandipiti|14/100
|-unboost|p1a: Great Tusk|def|1
|-unboost|p1a: Great Tusk|spd|1
|move|p2a: Fezandipiti|Moonblast|p1a: Great Tusk
|-supereffective|p1a: Great Tusk
|-damage|p1a: Great Tusk|7/100
|-unboost|p1a: Great Tusk|spa|1
|
|-heal|p2a: Fezandipiti|20/100|[from] item: Leftovers
|upkeep
|turn|8
|
|t:|1760722605
|move|p1a: Great Tusk|Headlong Rush|p2a: Fezandipiti
|-supereffective|p2a: Fezandipiti
|-damage|p2a: Fezandipiti|0 fnt
|-unboost|p1a: Great Tusk|def|1
|-unboost|p1a: Great Tusk|spd|1
|faint|p2a: Fezandipiti
|
|upkeep
|
|t:|1760722615
|switch|p2a: Arcanine|Arcanine-Hisui, M|100/100
|-damage|p2a: Arcanine|76/100|[from] Stealth Rock
|turn|9
|inactive|Wintrmint2 has 60 seconds left.
|
|t:|1760722635
|move|p2a: Arcanine|Flare Blitz|p1a: Great Tusk
|-damage|p1a: Great Tusk|0 fnt
|faint|p1a: Great Tusk
|-end|p1a: Great Tusk|Protosynthesis|[silent]
|
|upkeep
|
|t:|1760722640
|switch|p1a: Zamazenta|Zamazenta|100/100
|-ability|p1a: Zamazenta|Dauntless Shield|boost
|-boost|p1a: Zamazenta|def|1
|turn|10
|inactive|Wintrmint2 has 60 seconds left.
|
|t:|1760722665
|switch|p1a: Moltres|Moltres|74/100
|move|p2a: Arcanine|Flare Blitz|p1a: Moltres
|-resisted|p1a: Moltres
|-damage|p1a: Moltres|55/100
|
|upkeep
|turn|11
|
|t:|1760722674
|switch|p1a: Zamazenta|Zamazenta|100/100
|move|p2a: Arcanine|Stealth Rock|p1a: Zamazenta
|-sidestart|p1: Wintrmint2|move: Stealth Rock
|
|upkeep
|turn|12
|inactive|Wintrmint2 has 60 seconds left.
|
|t:|1760722687
|move|p1a: Zamazenta|Stone Edge|p2a: Arcanine
|-supereffective|p2a: Arcanine
|-damage|p2a: Arcanine|0 fnt
|faint|p2a: Arcanine
|
|upkeep
|
|t:|1760722701
|switch|p2a: Deoxys|Deoxys-Speed|100/100
|-damage|p2a: Deoxys|88/100|[from] Stealth Rock
|-ability|p2a: Deoxys|Pressure
|turn|13
|inactive|Wintrmint2 has 60 seconds left.
|inactive|Wintrmint2 has 30 seconds left.
|
|t:|1760722750
|switch|p1a: Kingambit|Kingambit, F|100/100
|-damage|p1a: Kingambit|94/100|[from] Stealth Rock
|-activate|p1a: Kingambit|ability: Supreme Overlord
|-start|p1a: Kingambit|fallen2|[silent]
|move|p2a: Deoxys|Meteor Beam||[still]
|-prepare|p2a: Deoxys|Meteor Beam
|-boost|p2a: Deoxys|spa|1
|-enditem|p2a: Deoxys|Power Herb
|-anim|p2a: Deoxys|Meteor Beam|p1a: Kingambit
|-resisted|p1a: Kingambit
|-damage|p1a: Kingambit|67/100
|
|-heal|p1a: Kingambit|73/100|[from] item: Leftovers
|upkeep
|turn|14
|inactive|Wintrmint2 has 30 seconds left.
|
|t:|1760722764
|move|p1a: Kingambit|Sucker Punch|p2a: Deoxys
|-supereffective|p2a: Deoxys
|-damage|p2a: Deoxys|0 fnt
|faint|p2a: Deoxys
|
|-heal|p1a: Kingambit|80/100|[from] item: Leftovers
|upkeep
|
|t:|1760722770
|switch|p2a: Cinderace|Cinderace, F|100/100
|turn|15
|
|t:|1760722778
|-end|p1a: Kingambit|fallen2|[silent]
|switch|p1a: Moltres|Moltres|55/100
|move|p2a: Cinderace|Pyro Ball|p1a: Moltres
|-resisted|p1a: Moltres
|-damage|p1a: Moltres|36/100
|
|upkeep
|turn|16
|
|t:|1760722785
|move|p2a: Cinderace|Pyro Ball|p1a: Moltres
|-resisted|p1a: Moltres
|-damage|p1a: Moltres|16/100
|move|p1a: Moltres|U-turn|p2a: Cinderace
|-resisted|p2a: Cinderace
|-damage|p2a: Cinderace|90/100
|
|t:|1760722792
|switch|p1a: Zamazenta|Zamazenta|100/100|[from] U-turn
|-damage|p1a: Zamazenta|94/100|[from] Stealth Rock
|
|upkeep
|turn|17
|
|t:|1760722798
|move|p1a: Zamazenta|Stone Edge|p2a: Cinderace
|-supereffective|p2a: Cinderace
|-damage|p2a: Cinderace|0 fnt
|faint|p2a: Cinderace
|
|upkeep
|
|t:|1760722807
|switch|p2a: Comfey|Comfey, M|100/100
|-damage|p2a: Comfey|88/100|[from] Stealth Rock
|turn|18
|
|t:|1760722809
|move|p1a: Zamazenta|Stone Edge|p2a: Comfey
|-crit|p2a: Comfey
|-damage|p2a: Comfey|5/100
|move|p2a: Comfey|Calm Mind|p2a: Comfey
|-boost|p2a: Comfey|spa|1
|-boost|p2a: Comfey|spd|1
|
|upkeep
|turn|19
|
|t:|1760722814
|move|p2a: Comfey|Draining Kiss|p1a: Zamazenta
|-supereffective|p1a: Zamazenta
|-damage|p1a: Zamazenta|19/100
|-heal|p2a: Comfey|68/100|[from] drain|[of] p1a: Zamazenta
|-damage|p2a: Comfey|58/100|[from] item: Life Orb
|move|p1a: Zamazenta|Stone Edge|p2a: Comfey
|-damage|p2a: Comfey|0 fnt
|faint|p2a: Comfey
|
|upkeep
|
|t:|1760722819
|switch|p2a: Ogerpon|Ogerpon-Wellspring, F|100/100
|-damage|p2a: Ogerpon|88/100|[from] Stealth Rock
|turn|20
|
|t:|1760722822
|-terastallize|p2a: Ogerpon|Water
|detailschange|p2a: Ogerpon|Ogerpon-Wellspring-Tera, F, tera:Water
|-ability|p2a: Ogerpon|Embody Aspect (Wellspring)|boost
|-boost|p2a: Ogerpon|spd|1
|move|p1a: Zamazenta|Stone Edge|p2a: Ogerpon
|-damage|p2a: Ogerpon|22/100
|move|p2a: Ogerpon|Ivy Cudgel|p1a: Zamazenta|[anim] Ivy Cudgel Water
|-damage|p1a: Zamazenta|0 fnt
|faint|p1a: Zamazenta
|
|upkeep
|inactive|Wintrmint2 has 90 seconds left.
|
|t:|1760722832
|switch|p1a: Hydrapple|Hydrapple, F|75/100
|-damage|p1a: Hydrapple|62/100|[from] Stealth Rock
|turn|21
|
|t:|1760722837
|move|p2a: Ogerpon|U-turn|p1a: Hydrapple
|-supereffective|p1a: Hydrapple
|-damage|p1a: Hydrapple|15/100
|move|p1a: Hydrapple|Fickle Beam|p2a: Ogerpon
|-damage|p2a: Ogerpon|0 fnt
|faint|p2a: Ogerpon
|detailschange|p2: Ogerpon|Ogerpon-Wellspring, F|[silent]
|-damage|p1a: Hydrapple|5/100|[from] item: Life Orb
|
|win|Wintrmint2
|raw|Wintrmint2's rating: 1432 &rarr; <strong>1456</strong><br />(+24 for winning)
|raw|1100 smurf's rating: 1501 &rarr; <strong>1477</strong><br />(-24 for losing)
|l|☆1100 smurf
|player|p2|
|l|☆Wintrmint2
|player|p1|
