|j|☆grimsontide23
|j|☆yixing_onestar
|t:|1760769068
|gametype|singles
|player|p1|grimsontide23|266|1218
|player|p2|yixing_onestar|swimmerf-gen4|1231
|gen|9
|tier|[Gen 9] OU
|rated|
|rule|HP Percentage Mod: HP is shown in percentages
|rule|Endless Battle Clause: Forcing endless battles is banned
|rule|Species Clause: Limit one of each Pokémon
|rule|OHKO Clause: OHKO moves are banned
|rule|Evasion Items Clause: Evasion items are banned
|rule|Evasion Moves Clause: Evasion moves are banned
|rule|Evasion Abilities Clause: Evasion abilities are banned
|rule|Sleep Moves Clause: Sleep-inducing moves are banned
|clearpoke
|poke|p1|Gholdengo|
|poke|p1|Corviknight, M|
|poke|p1|Rillaboom, M|
|poke|p1|Iron Moth|
|poke|p1|Dragonite, M|
|poke|p1|Ting-Lu|
|poke|p2|Ninetales-Alola, F|
|poke|p2|Cetitan, M|
|poke|p2|Kyurem|
|poke|p2|Sandslash-Alola, F|
|poke|p2|Chandelure, M|
|poke|p2|Meowscarada, M|
|teampreview
|inactive|Battle timer is ON: inactive players will automatically lose when time's up. (requested by grimsontide23)
|
|t:|1760769081
|teamsize|p1|6
|teamsize|p2|6
|start
|switch|p1a: Iron Moth|Iron Moth|100/100
|switch|p2a: Sandslash|Sandslash-Alola, F, shiny|100/100
|-enditem|p1a: Iron Moth|Booster Energy
|-activate|p1a: Iron Moth|ability: Quark Drive|[fromitem]
|-start|p1a: Iron Moth|quarkdrivespa
|turn|1
|
|t:|1760769100
|move|p1a: Iron Moth|Fiery Dance|p2a: Sandslash
|-supereffective|p2a: Sandslash
|-enditem|p2a: Sandslash|Focus Sash
|-damage|p2a: Sandslash|1/100
|-boost|p1a: Iron Moth|spa|1
|move|p2a: Sandslash|Stealth Rock|p1a: Iron Moth
|-sidestart|p1: grimsontide23|move: Stealth Rock
|
|upkeep
|turn|2
|
|t:|1760769115
|switch|p2a: Chandelure|Chandelure, M|100/100
|move|p1a: Iron Moth|Fiery Dance|p2a: Chandelure
|-start|p2a: Chandelure|ability: Flash Fire
|
|upkeep
|turn|3
|inactive|grimsontide23 has 120 seconds left.
|
|t:|1760769162
|move|p2a: Chandelure|Psychic|p1a: Iron Moth
|-supereffective|p1a: Iron Moth
|-damage|p1a: Iron Moth|29/100
|-unboost|p1a: Iron Moth|spd|1
|move|p1a: Iron Moth|Sludge Wave|p2a: Chandelure
|-resisted|p2a: Chandelure
|-damage|p2a: Chandelure|25/100
|
|upkeep
|turn|4
|
|t:|1760769172
|move|p2a: Chandelure|Psychic|p1a: Iron Moth
|-supereffective|p1a: Iron Moth
|-damage|p1a: Iron Moth|0 fnt
|faint|p1a: Iron Moth
|-end|p1a: Iron Moth|Quark Drive|[silent]
|
|upkeep
|
|t:|1760769191
|switch|p1a: Dragonite|Dragonite, M|100/100
|-damage|p1a: Dragonite|76/100|[from] Stealth Rock
|turn|5
|
|t:|1760769198
|-terastallize|p1a: Dragonite|Normal
|move|p1a: Dragonite|Extreme Speed|p2a: Chandelure
|-immune|p2a: Chandelure
|move|p2a: Chandelure|Psychic|p1a: Dragonite
|-damage|p1a: Dragonite|42/100
|
|upkeep
|turn|6
|
|t:|1760769216
|move|p2a: Chandelure|Psychic|p1a: Dragonite
|-damage|p1a: Dragonite|8/100
|move|p1a: Dragonite|Dragon Claw|p2a: Chandelure
|-damage|p2a: Chandelure|0 fnt
|faint|p2a: Chandelure
|-damage|p1a: Dragonite|0 fnt|[from] item: Life Orb
|faint|p1a: Dragonite
|
|upkeep
|inactive|grimsontide23 has 90 seconds left.
|
|t:|1760769242
|switch|p2a: Ninetales|Ninetales-Alola, F, shiny|100/100
|switch|p1a: Ting-Lu|Ting-Lu|100/100
|-weather|Snowscape|[from] ability: Snow Warning|[of] p2a: Ninetales
|-damage|p1a: Ting-Lu|94/100|[from] Stealth Rock
|-ability|p1a: Ting-Lu|Vessel of Ruin
|turn|7
|inactive|grimsontide23 has 90 seconds left.
|
|t:|1760769261
|move|p2a: Ninetales|Aurora Veil|p2a: Ninetales
|-sidestart|p2: yixing_onestar|move: Aurora Veil
|move|p1a: Ting-Lu|Stealth Rock|p2a: Ninetales
|-sidestart|p2: yixing_onestar|move: Stealth Rock
|
|-weather|Snowscape|[upkeep]
|-heal|p1a: Ting-Lu|100/100|[from] item: Leftovers
|upkeep
|turn|8
|
|t:|1760769271
|move|p2a: Ninetales|Encore|p1a: Ting-Lu
|-start|p1a: Ting-Lu|Encore
|move|p1a: Ting-Lu|Stealth Rock||[still]
|-fail|p1a: Ting-Lu
|
|-weather|Snowscape|[upkeep]
|upkeep
|turn|9
|
|t:|1760769281
|switch|p2a: Cetitan|Cetitan, M, shiny|100/100
|-damage|p2a: Cetitan|76/100|[from] Stealth Rock
|switch|p1a: Gholdengo|Gholdengo|100/100
|-damage|p1a: Gholdengo|94/100|[from] Stealth Rock
|
|-weather|Snowscape|[upkeep]
|upkeep
|turn|10
|inactive|grimsontide23 has 90 seconds left.
|
|t:|1760769312
|move|p2a: Cetitan|Earthquake|p1a: Gholdengo
|-supereffective|p1a: Gholdengo
|-damage|p1a: Gholdengo|9/100
|move|p1a: Gholdengo|Trick|p2a: Cetitan
|-activate|p1a: Gholdengo|move: Trick|[of] p2a: Cetitan
|-item|p2a: Cetitan|Choice Specs|[from] move: Trick
|-item|p1a: Gholdengo|Sitrus Berry|[from] move: Trick
|-enditem|p1a: Gholdengo|Sitrus Berry|[eat]
|-heal|p1a: Gholdengo|34/100|[from] item: Sitrus Berry
|
|-weather|Snowscape|[upkeep]
|upkeep
|turn|11
|
|t:|1760769333
|move|p2a: Cetitan|Earthquake|p1a: Gholdengo
|-supereffective|p1a: Gholdengo
|-damage|p1a: Gholdengo|0 fnt
|faint|p1a: Gholdengo
|
|-weather|Snowscape|[upkeep]
|-sideend|p2: yixing_onestar|move: Aurora Veil
|upkeep
|
|t:|1760769338
|switch|p1a: Corviknight|Corviknight, M|100/100
|-damage|p1a: Corviknight|88/100|[from] Stealth Rock
|turn|12
|
|t:|1760769348
|switch|p2a: Kyurem|Kyurem, shiny|100/100
|-damage|p2a: Kyurem|76/100|[from] Stealth Rock
|-ability|p2a: Kyurem|Pressure
|move|p1a: Corviknight|Iron Head|p2a: Kyurem
|-supereffective|p2a: Kyurem
|-damage|p2a: Kyurem|45/100
|
|-weather|Snowscape|[upkeep]
|-heal|p1a: Corviknight|94/100|[from] item: Leftovers
|upkeep
|turn|13
|
|t:|1760769361
|move|p2a: Kyurem|Blizzard|p1a: Corviknight
|-damage|p1a: Corviknight|23/100
|-damage|p2a: Kyurem|35/100|[from] item: Life Orb
|move|p1a: Corviknight|Iron Head|p2a: Kyurem
|-supereffective|p2a: Kyurem
|-damage|p2a: Kyurem|3/100
|
|-weather|Snowscape|[upkeep]
|-heal|p1a: Corviknight|29/100|[from] item: Leftovers
|upkeep
|turn|14
|
|t:|1760769372
|move|p2a: Kyurem|Blizzard|p1a: Corviknight
|-damage|p1a: Corviknight|0 fnt
|faint|p1a: Corviknight
|-damage|p2a: Kyurem|0 fnt|[from] item: Life Orb
|faint|p2a: Kyurem
|
|-weather|none
|upkeep
|inactive|grimsontide23 has 60 seconds left.
|
|t:|1760769404
|switch|p2a: Ninetales|Ninetales-Alola, F, shiny|100/100
|switch|p1a: Ting-Lu|Ting-Lu|100/100
|-damage|p2a: Ninetales|76/100|[from] Stealth Rock
|-weather|Snowscape|[from] ability: Snow Warning|[of] p2a: Ninetales
|-damage|p1a: Ting-Lu|94/100|[from] Stealth Rock
|-ability|p1a: Ting-Lu|Vessel of Ruin
|turn|15
|
|t:|1760769420
|move|p2a: Ninetales|Blizzard|p1a: Ting-Lu
|-supereffective|p1a: Ting-Lu
|-damage|p1a: Ting-Lu|58/100
|move|p1a: Ting-Lu|Earthquake|p2a: Ninetales
|-damage|p2a: Ninetales|34/100
|
|-weather|Snowscape|[upkeep]
|-heal|p1a: Ting-Lu|64/100|[from] item: Leftovers
|upkeep
|turn|16
|
|t:|1760769428
|move|p2a: Ninetales|Blizzard|p1a: Ting-Lu
|-supereffective|p1a: Ting-Lu
|-damage|p1a: Ting-Lu|24/100
|move|p1a: Ting-Lu|Earthquake|p2a: Ninetales
|-damage|p2a: Ninetales|0 fnt
|faint|p2a: Ninetales
|
|-weather|Snowscape|[upkeep]
|-heal|p1a: Ting-Lu|30/100|[from] item: Leftovers
|upkeep
|
|t:|1760769439
|switch|p2a: Cetitan|Cetitan, M, shiny|76/100
|-damage|p2a: Cetitan|51/100|[from] Stealth Rock
|turn|17
|
|t:|1760769445
|move|p2a: Cetitan|Ice Spinner|p1a: Ting-Lu
|-supereffective|p1a: Ting-Lu
|-damage|p1a: Ting-Lu|0 fnt
|faint|p1a: Ting-Lu
|
|-weather|Snowscape|[upkeep]
|upkeep
|
|t:|1760769456
|switch|p1a: Rillaboom|Rillaboom, M|100/100
|-damage|p1a: Rillaboom|88/100|[from] Stealth Rock
|-fieldstart|move: Grassy Terrain|[from] ability: Grassy Surge|[of] p1a: Rillaboom
|turn|18
|
|t:|1760769468
|move|p2a: Cetitan|Ice Spinner|p1a: Rillaboom
|-supereffective|p1a: Rillaboom
|-damage|p1a: Rillaboom|2/100
|-fieldend|move: Grassy Terrain
|move|p1a: Rillaboom|Wood Hammer|p2a: Cetitan
|-damage|p2a: Cetitan|0 fnt
|faint|p2a: Cetitan
|-damage|p1a: Rillaboom|0 fnt|[from] Recoil
|faint|p1a: Rillaboom
|
|win|yixing_onestar
|raw|grimsontide23's rating: 1218 &rarr; <strong>1194</strong><br />(-24 for losing)
|raw|yixing_onestar's rating: 1231 &rarr; <strong>1255</strong><br />(+24 for winning)
|l|☆yixing_onestar
|player|p2|
|l|☆grimsontide23
|player|p1|
