|j|☆Denvertzzz
|j|‽Saturmy
|t:|1760834776
|gametype|singles
|player|p1|Denvertzzz|2|1277
|player|p2|Saturmy|iris|1224
|gen|9
|tier|[Gen 9] OU
|rated|
|rule|HP Percentage Mod: HP is shown in percentages
|rule|Endless Battle Clause: Forcing endless battles is banned
|rule|Species Clause: Limit one of each Pokémon
|rule|OHKO Clause: OHKO moves are banned
|rule|Evasion Items Clause: Evasion items are banned
|rule|Evasion Moves Clause: Evasion moves are banned
|rule|Evasion Abilities Clause: Evasion abilities are banned
|rule|Sleep Moves Clause: Sleep-inducing moves are banned
|clearpoke
|poke|p1|Grimmsnarl, M|
|poke|p1|Pincurchin, M|
|poke|p1|Raichu-Alola, M|
|poke|p1|Drifblim, M|
|poke|p1|Corviknight, M|
|poke|p1|Haxorus, M|
|poke|p2|Ogerpon-Wellspring, F|
|poke|p2|Darkrai|
|poke|p2|Weavile, F|
|poke|p2|Cinderace, F|
|poke|p2|Froslass, F|
|poke|p2|Donphan, M|
|teampreview
|inactive|Battle timer is ON: inactive players will automatically lose when time's up. (requested by Saturmy)
|
|t:|1760834786
|teamsize|p1|6
|teamsize|p2|6
|start
|switch|p1a: Fuzzie|Pincurchin, M, shiny|100/100
|switch|p2a: Froslass|Froslass, F|100/100
|-fieldstart|move: Electric Terrain|[from] ability: Electric Surge|[of] p1a: Fuzzie
|turn|1
|
|t:|1760834793
|move|p2a: Froslass|Taunt|p1a: Fuzzie
|-start|p1a: Fuzzie|move: Taunt
|cant|p1a: Fuzzie|move: Taunt|Thunder Wave
|
|upkeep
|turn|2
|
|t:|1760834800
|move|p2a: Froslass|Spikes|p1a: Fuzzie
|-sidestart|p1: Denvertzzz|Spikes
|move|p1a: Fuzzie|Zing Zap|p2a: Froslass
|-damage|p2a: Froslass|31/100
|
|upkeep
|turn|3
|
|t:|1760834810
|switch|p1a: Brownie|Raichu-Alola, M, shiny|100/100
|-damage|p1a: Brownie|88/100|[from] Spikes
|move|p2a: Froslass|Destiny Bond|p2a: Froslass
|-singlemove|p2a: Froslass|Destiny Bond
|
|upkeep
|turn|4
|
|t:|1760834820
|move|p1a: Brownie|Nasty Plot|p1a: Brownie
|-boost|p1a: Brownie|spa|2
|move|p2a: Froslass|Spikes|p1a: Brownie
|-sidestart|p1: Denvertzzz|Spikes
|
|upkeep
|turn|5
|
|t:|1760834831
|move|p1a: Brownie|Psychic|p2a: Froslass
|-crit|p2a: Froslass
|-damage|p2a: Froslass|0 fnt
|faint|p2a: Froslass
|
|upkeep
|
|t:|1760834838
|switch|p2a: Donphan|Donphan, M|100/100
|turn|6
|
|t:|1760834844
|-terastallize|p1a: Brownie|Water
|move|p1a: Brownie|Surf|p2a: Donphan
|-supereffective|p2a: Donphan
|-ability|p2a: Donphan|Sturdy
|-damage|p2a: Donphan|1/100
|move|p2a: Donphan|Earthquake|p1a: Brownie
|-damage|p1a: Brownie|0 fnt
|faint|p1a: Brownie
|
|upkeep
|
|t:|1760834867
|switch|p1a: Gringo|Grimmsnarl, M, shiny|100/100
|-damage|p1a: Gringo|84/100|[from] Spikes
|turn|7
|
|t:|1760834881
|move|p1a: Gringo|Bulk Up|p1a: Gringo
|-boost|p1a: Gringo|atk|1
|-boost|p1a: Gringo|def|1
|move|p2a: Donphan|Earthquake|p1a: Gringo
|-damage|p1a: Gringo|41/100
|
|upkeep
|turn|8
|
|t:|1760834892
|move|p1a: Gringo|Sucker Punch|p2a: Donphan
|-damage|p2a: Donphan|0 fnt
|faint|p2a: Donphan
|-damage|p1a: Gringo|31/100|[from] item: Life Orb
|
|-fieldend|move: Electric Terrain
|upkeep
|
|t:|1760834900
|switch|p2a: Ogerpon|Ogerpon-Wellspring, F|100/100
|turn|9
|
|t:|1760834905
|move|p2a: Ogerpon|Encore|p1a: Gringo
|-start|p1a: Gringo|Encore
|move|p1a: Gringo|Sucker Punch||[still]
|-fail|p1a: Gringo
|
|upkeep
|turn|10
|
|t:|1760834912
|switch|p1a: Fuzzie|Pincurchin, M, shiny|100/100
|-damage|p1a: Fuzzie|84/100|[from] Spikes
|-fieldstart|move: Electric Terrain|[from] ability: Electric Surge|[of] p1a: Fuzzie
|move|p2a: Ogerpon|Swords Dance|p2a: Ogerpon
|-boost|p2a: Ogerpon|atk|2
|
|upkeep
|turn|11
|
|t:|1760834922
|move|p2a: Ogerpon|Ivy Cudgel|p1a: Fuzzie|[anim] Ivy Cudgel Water
|-damage|p1a: Fuzzie|0 fnt
|faint|p1a: Fuzzie
|
|upkeep
|
|t:|1760834929
|switch|p1a: Coolie|Haxorus, M, shiny|100/100
|-damage|p1a: Coolie|84/100|[from] Spikes
|-ability|p1a: Coolie|Mold Breaker
|turn|12
|
|t:|1760834940
|move|p1a: Coolie|First Impression|p2a: Ogerpon
|-supereffective|p2a: Ogerpon
|-damage|p2a: Ogerpon|0 fnt
|faint|p2a: Ogerpon
|-damage|p1a: Coolie|74/100|[from] item: Life Orb
|
|upkeep
|inactive|Saturmy has 120 seconds left.
|
|t:|1760834966
|switch|p2a: Weavile|Weavile, F|100/100
|-ability|p2a: Weavile|Pressure
|turn|13
|
|t:|1760834976
|switch|p1a: Glowie|Drifblim, M, shiny|100/100
|-enditem|p1a: Glowie|Electric Seed
|-boost|p1a: Glowie|def|1|[from] item: Electric Seed
|-terastallize|p2a: Weavile|Ice
|move|p2a: Weavile|Triple Axel|p1a: Glowie
|-supereffective|p1a: Glowie
|-damage|p1a: Glowie|63/100
|-supereffective|p1a: Glowie
|-damage|p1a: Glowie|0 fnt
|faint|p1a: Glowie
|-hitcount|p1: Glowie|2
|
|upkeep
|
|t:|1760834990
|switch|p1a: Boogie|Corviknight, M, shiny|100/100
|turn|14
|
|t:|1760834995
|switch|p2a: Cinderace|Cinderace, F|100/100
|move|p1a: Boogie|Iron Defense|p1a: Boogie
|-boost|p1a: Boogie|def|2
|
|upkeep
|turn|15
|
|t:|1760835004
|move|p2a: Cinderace|Pyro Ball|p1a: Boogie
|-supereffective|p1a: Boogie
|-damage|p1a: Boogie|45/100
|-damage|p2a: Cinderace|91/100|[from] item: Life Orb
|move|p1a: Boogie|Body Press|p2a: Cinderace
|-damage|p2a: Cinderace|14/100
|
|upkeep
|turn|16
|
|t:|1760835015
|switch|p1a: Coolie|Haxorus, M, shiny|74/100
|-damage|p1a: Coolie|58/100|[from] Spikes
|-ability|p1a: Coolie|Mold Breaker
|move|p2a: Cinderace|Pyro Ball|p1a: Coolie
|-resisted|p1a: Coolie
|-damage|p1a: Coolie|12/100
|-damage|p2a: Cinderace|4/100|[from] item: Life Orb
|
|upkeep
|turn|17
|inactive|Saturmy has 120 seconds left.
|
|t:|1760835046
|move|p1a: Coolie|First Impression|p2a: Cinderace
|-resisted|p2a: Cinderace
|-damage|p2a: Cinderace|0 fnt
|faint|p2a: Cinderace
|-damage|p1a: Coolie|2/100|[from] item: Life Orb
|
|-fieldend|move: Electric Terrain
|upkeep
|
|t:|1760835050
|switch|p2a: Darkrai|Darkrai|100/100
|turn|18
|
|t:|1760835056
|move|p2a: Darkrai|Charge Beam|p1a: Coolie
|-resisted|p1a: Coolie
|-damage|p1a: Coolie|0 fnt
|-boost|p2a: Darkrai|spa|1
|faint|p1a: Coolie
|-damage|p2a: Darkrai|91/100|[from] item: Life Orb
|
|upkeep
|
|t:|1760835065
|switch|p1a: Gringo|Grimmsnarl, M, shiny|31/100
|-damage|p1a: Gringo|15/100|[from] Spikes
|turn|19
|
|t:|1760835070
|move|p2a: Darkrai|Sludge Bomb|p1a: Gringo
|-supereffective|p1a: Gringo
|-damage|p1a: Gringo|0 fnt
|faint|p1a: Gringo
|-damage|p2a: Darkrai|81/100|[from] item: Life Orb
|
|upkeep
|
|t:|1760835077
|switch|p1a: Boogie|Corviknight, M, shiny|45/100
|turn|20
|
|t:|1760835081
|move|p2a: Darkrai|Dark Pulse|p1a: Boogie
|-damage|p1a: Boogie|0 fnt
|faint|p1a: Boogie
|-damage|p2a: Darkrai|71/100|[from] item: Life Orb
|
|win|Saturmy
|raw|Denvertzzz's rating: 1277 &rarr; <strong>1248</strong><br />(-29 for losing)
|raw|Saturmy's rating: 1224 &rarr; <strong>1253</strong><br />(+29 for winning)
|l|‽Saturmy
|player|p2|
|l|☆Denvertzzz
|player|p1|
