|j|☆stevenash12332
|j|☆J2icy
|t:|1760771891
|gametype|singles
|player|p1|stevenash12332|blue|1133
|player|p2|J2icy|169|1165
|gen|9
|tier|[Gen 9] OU
|rated|
|rule|HP Percentage Mod: HP is shown in percentages
|rule|Endless Battle Clause: Forcing endless battles is banned
|rule|Species Clause: Limit one of each Pokémon
|rule|OHKO Clause: OHKO moves are banned
|rule|Evasion Items Clause: Evasion items are banned
|rule|Evasion Moves Clause: Evasion moves are banned
|rule|Evasion Abilities Clause: Evasion abilities are banned
|rule|Sleep Moves Clause: Sleep-inducing moves are banned
|clearpoke
|poke|p1|Dragonite, F|
|poke|p1|Garchomp, M|
|poke|p1|Weavile, F|
|poke|p1|Heatran, M|
|poke|p1|Scizor, F|
|poke|p1|Walking Wake|
|poke|p2|Darkrai|
|poke|p2|Porygon-Z|
|poke|p2|Great Tusk|
|poke|p2|Blaziken, F|
|poke|p2|Latias, F|
|poke|p2|Tyranitar, F|
|teampreview
|
|t:|1760771937
|teamsize|p1|6
|teamsize|p2|6
|start
|switch|p1a: Heatran|Heatran, M|100/100
|switch|p2a: Tyranitar|Tyranitar, F|100/100
|-weather|Sandstorm|[from] ability: Sand Stream|[of] p2a: Tyranitar
|turn|1
|
|t:|1760771956
|move|p1a: Heatran|Earth Power|p2a: Tyranitar
|-supereffective|p2a: Tyranitar
|-damage|p2a: Tyranitar|61/100
|move|p2a: Tyranitar|Stealth Rock|p1a: Heatran
|-sidestart|p1: stevenash12332|move: Stealth Rock
|
|-weather|Sandstorm|[upkeep]
|upkeep
|turn|2
|inactive|Battle timer is ON: inactive players will automatically lose when time's up. (requested by stevenash12332)
|
|t:|1760772041
|move|p1a: Heatran|Earth Power|p2a: Tyranitar
|-supereffective|p2a: Tyranitar
|-damage|p2a: Tyranitar|21/100
|move|p2a: Tyranitar|Dragon Dance|p2a: Tyranitar
|-boost|p2a: Tyranitar|atk|1
|-boost|p2a: Tyranitar|spe|1
|
|-weather|Sandstorm|[upkeep]
|upkeep
|turn|3
|
|t:|1760772060
|move|p2a: Tyranitar|Rock Blast|p1a: Heatran
|-damage|p1a: Heatran|80/100
|-damage|p1a: Heatran|61/100
|-damage|p1a: Heatran|40/100
|-hitcount|p1a: Heatran|3
|move|p1a: Heatran|Earth Power|p2a: Tyranitar
|-supereffective|p2a: Tyranitar
|-damage|p2a: Tyranitar|0 fnt
|faint|p2a: Tyranitar
|
|-weather|Sandstorm|[upkeep]
|-heal|p1a: Heatran|46/100|[from] item: Leftovers
|upkeep
|
|t:|1760772069
|switch|p2a: Porygon-Z|Porygon-Z|100/100
|turn|4
|
|t:|1760772075
|move|p2a: Porygon-Z|Tri Attack|p1a: Heatran
|-resisted|p1a: Heatran
|-damage|p1a: Heatran|18/100
|move|p1a: Heatran|Taunt|p2a: Porygon-Z
|-start|p2a: Porygon-Z|move: Taunt
|
|-weather|Sandstorm|[upkeep]
|-damage|p2a: Porygon-Z|94/100|[from] Sandstorm
|-heal|p1a: Heatran|24/100|[from] item: Leftovers
|upkeep
|turn|5
|
|t:|1760772084
|move|p2a: Porygon-Z|Tri Attack|p1a: Heatran
|-resisted|p1a: Heatran
|-damage|p1a: Heatran|0 fnt
|faint|p1a: Heatran
|
|-weather|none
|upkeep
|
|t:|1760772093
|switch|p1a: Scizor|Scizor, F|100/100
|-damage|p1a: Scizor|88/100|[from] Stealth Rock
|turn|6
|
|t:|1760772099
|move|p2a: Porygon-Z|Tri Attack|p1a: Scizor
|-resisted|p1a: Scizor
|-damage|p1a: Scizor|54/100
|move|p1a: Scizor|Close Combat|p2a: Porygon-Z
|-supereffective|p2a: Porygon-Z
|-damage|p2a: Porygon-Z|0 fnt
|-unboost|p1a: Scizor|def|1
|-unboost|p1a: Scizor|spd|1
|faint|p2a: Porygon-Z
|-damage|p1a: Scizor|44/100|[from] item: Life Orb
|
|upkeep
|
|t:|1760772104
|switch|p2a: Latias|Latias, F, shiny|100/100
|turn|7
|
|t:|1760772112
|switch|p1a: Weavile|Weavile, F|100/100
|-ability|p1a: Weavile|Pressure
|move|p2a: Latias|Thunderbolt|p1a: Weavile
|-damage|p1a: Weavile|60/100
|
|upkeep
|turn|8
|
|t:|1760772125
|switch|p2a: Darkrai|Darkrai|100/100
|move|p1a: Weavile|Ice Shard|p2a: Darkrai
|-damage|p2a: Darkrai|80/100
|
|upkeep
|turn|9
|
|t:|1760772146
|move|p1a: Weavile|Triple Axel|p2a: Darkrai
|-damage|p2a: Darkrai|68/100
|-damage|p2a: Darkrai|48/100
|-damage|p2a: Darkrai|17/100
|-hitcount|p2a: Darkrai|3
|move|p2a: Darkrai|Thunder Wave|p1a: Weavile
|-status|p1a: Weavile|par
|
|upkeep
|turn|10
|
|t:|1760772159
|move|p1a: Weavile|Ice Shard|p2a: Darkrai
|-damage|p2a: Darkrai|0 fnt
|faint|p2a: Darkrai
|
|upkeep
|
|t:|1760772162
|switch|p2a: Blaziken|Blaziken, F|100/100
|turn|11
|
|t:|1760772179
|switch|p1a: Garchomp|Garchomp, M|100/100
|-damage|p1a: Garchomp|94/100|[from] Stealth Rock
|move|p2a: Blaziken|Close Combat|p1a: Garchomp
|-damage|p1a: Garchomp|41/100
|-unboost|p2a: Blaziken|def|1
|-unboost|p2a: Blaziken|spd|1
|-damage|p2a: Blaziken|88/100|[from] ability: Rough Skin|[of] p1a: Garchomp
|-enditem|p2a: Blaziken|White Herb
|-clearnegativeboost|p2a: Blaziken|[silent]
|
|-ability|p2a: Blaziken|Speed Boost|boost
|-boost|p2a: Blaziken|spe|1
|upkeep
|turn|12
|
|t:|1760772183
|-terastallize|p2a: Blaziken|Flying
|move|p2a: Blaziken|Swords Dance|p2a: Blaziken
|-boost|p2a: Blaziken|atk|2
|move|p1a: Garchomp|Earthquake|p2a: Blaziken
|-immune|p2a: Blaziken
|
|-ability|p2a: Blaziken|Speed Boost|boost
|-boost|p2a: Blaziken|spe|1
|upkeep
|turn|13
|
|t:|1760772189
|move|p2a: Blaziken|Acrobatics|p1a: Garchomp
|-damage|p1a: Garchomp|0 fnt
|-damage|p2a: Blaziken|76/100|[from] ability: Rough Skin|[of] p1a: Garchomp
|faint|p1a: Garchomp
|
|-ability|p2a: Blaziken|Speed Boost|boost
|-boost|p2a: Blaziken|spe|1
|upkeep
|
|t:|1760772200
|switch|p1a: Weavile|Weavile, F|60/100 par
|-ability|p1a: Weavile|Pressure
|turn|14
|
|t:|1760772210
|cant|p1a: Weavile|par
|move|p2a: Blaziken|Acrobatics|p1a: Weavile
|-damage|p1a: Weavile|0 fnt
|faint|p1a: Weavile
|
|-ability|p2a: Blaziken|Speed Boost|boost
|-boost|p2a: Blaziken|spe|1
|upkeep
|
|t:|1760772217
|switch|p1a: Scizor|Scizor, F|44/100
|-damage|p1a: Scizor|31/100|[from] Stealth Rock
|turn|15
|
|t:|1760772221
|move|p1a: Scizor|Bullet Punch|p2a: Blaziken
|-damage|p2a: Blaziken|4/100
|-damage|p1a: Scizor|21/100|[from] item: Life Orb
|move|p2a: Blaziken|Knock Off|p1a: Scizor
|-damage|p1a: Scizor|0 fnt
|-enditem|p1a: Scizor|Life Orb|[from] move: Knock Off|[of] p2a: Blaziken
|faint|p1a: Scizor
|
|-ability|p2a: Blaziken|Speed Boost|boost
|-boost|p2a: Blaziken|spe|1
|upkeep
|
|t:|1760772225
|switch|p1a: Dragamon DNite|Dragonite, F|100/100
|turn|16
|
|t:|1760772231
|move|p1a: Dragamon DNite|Extreme Speed|p2a: Blaziken
|-damage|p2a: Blaziken|0 fnt
|faint|p2a: Blaziken
|
|upkeep
|
|t:|1760772238
|switch|p2a: Great Tusk|Great Tusk, shiny|100/100
|-enditem|p2a: Great Tusk|Booster Energy
|-activate|p2a: Great Tusk|ability: Protosynthesis|[fromitem]
|-start|p2a: Great Tusk|protosynthesisspe
|turn|17
|
|t:|1760772244
|move|p2a: Great Tusk|Bulk Up|p2a: Great Tusk
|-boost|p2a: Great Tusk|atk|1
|-boost|p2a: Great Tusk|def|1
|move|p1a: Dragamon DNite|Dragon Dance|p1a: Dragamon DNite
|-boost|p1a: Dragamon DNite|atk|1
|-boost|p1a: Dragamon DNite|spe|1
|
|upkeep
|turn|18
|
|t:|1760772263
|move|p2a: Great Tusk|Rapid Spin|p1a: Dragamon DNite
|-damage|p1a: Dragamon DNite|88/100
|-boost|p2a: Great Tusk|spe|1
|move|p1a: Dragamon DNite|Dragon Claw|p2a: Great Tusk
|-damage|p2a: Great Tusk|73/100
|
|upkeep
|turn|19
|
|t:|1760772271
|switch|p1a: Walking Wake|Walking Wake|100/100
|-damage|p1a: Walking Wake|88/100|[from] Stealth Rock
|move|p2a: Great Tusk|Ice Spinner|p1a: Walking Wake
|-damage|p1a: Walking Wake|53/100
|
|upkeep
|turn|20
|
|t:|1760772283
|move|p2a: Great Tusk|Headlong Rush|p1a: Walking Wake
|-damage|p1a: Walking Wake|0 fnt
|-unboost|p2a: Great Tusk|def|1
|-unboost|p2a: Great Tusk|spd|1
|faint|p1a: Walking Wake
|-end|p1a: Walking Wake|Protosynthesis|[silent]
|
|upkeep
|
|t:|1760772288
|switch|p1a: Dragamon DNite|Dragonite, F|88/100
|turn|21
|
|t:|1760772294
|move|p2a: Great Tusk|Ice Spinner|p1a: Dragamon DNite
|-supereffective|p1a: Dragamon DNite
|-damage|p1a: Dragamon DNite|0 fnt
|faint|p1a: Dragamon DNite
|
|win|J2icy
|raw|stevenash12332's rating: 1133 &rarr; <strong>1109</strong><br />(-24 for losing)
|raw|J2icy's rating: 1143 &rarr; <strong>1167</strong><br />(+24 for winning)
|l|☆stevenash12332
|player|p1|
