|j|☆Naturmacht
|j|☆Clefable1001
|t:|1760719142
|gametype|singles
|player|p1|Naturmacht|drake-gen3|1346
|player|p2|Clefable1001|psychic-gen4|1356
|gen|9
|tier|[Gen 9] OU
|rated|
|rule|HP Percentage Mod: HP is shown in percentages
|rule|Endless Battle Clause: Forcing endless battles is banned
|rule|Species Clause: Limit one of each Pokémon
|rule|OHKO Clause: OHKO moves are banned
|rule|Evasion Items Clause: Evasion items are banned
|rule|Evasion Moves Clause: Evasion moves are banned
|rule|Evasion Abilities Clause: Evasion abilities are banned
|rule|Sleep Moves Clause: Sleep-inducing moves are banned
|clearpoke
|poke|p1|Rillaboom, M|
|poke|p1|Hatterene, F|
|poke|p1|Heatran, M|
|poke|p1|Clodsire, M|
|poke|p1|Great Tusk|
|poke|p1|Ogerpon-Wellspring, F|
|poke|p2|Ogerpon-Wellspring, F|
|poke|p2|Kingambit, F|
|poke|p2|Landorus-Therian, M|
|poke|p2|Glimmora, M|
|poke|p2|Dragapult, F|
|poke|p2|Iron Valiant|
|teampreview
|inactive|Battle timer is ON: inactive players will automatically lose when time's up. (requested by Naturmacht)
|
|t:|1760719148
|teamsize|p1|6
|teamsize|p2|6
|start
|switch|p1a: Rillaboom|Rillaboom, M|100/100
|switch|p2a: Landon|Landorus-Therian, M|100/100
|-ability|p2a: Landon|Intimidate|boost
|-unboost|p1a: Rillaboom|atk|1
|-fieldstart|move: Grassy Terrain|[from] ability: Grassy Surge|[of] p1a: Rillaboom
|turn|1
|
|t:|1760719168
|move|p2a: Landon|U-turn|p1a: Rillaboom
|-supereffective|p1a: Rillaboom
|-damage|p1a: Rillaboom|59/100
|
|t:|1760719172
|switch|p2a: STD|Glimmora, M|100/100|[from] U-turn
|move|p1a: Rillaboom|Leech Seed|p2a: STD
|-start|p2a: STD|move: Leech Seed
|
|-heal|p1a: Rillaboom|66/100|[from] Grassy Terrain
|-damage|p2a: STD|88/100|[from] Leech Seed|[of] p1a: Rillaboom
|-heal|p1a: Rillaboom|75/100|[silent]
|upkeep
|turn|2
|
|t:|1760719189
|switch|p1a: Clodsire|Clodsire, M|100/100
|move|p2a: STD|Mortal Spin|p1a: Clodsire
|-resisted|p1a: Clodsire
|-damage|p1a: Clodsire|99/100
|-end|p2a: STD|Leech Seed|[from] move: Mortal Spin|[of] p2a: STD
|
|-heal|p2a: STD|94/100|[from] Grassy Terrain
|-heal|p1a: Clodsire|100/100|[from] Grassy Terrain
|upkeep
|turn|3
|
|t:|1760719201
|move|p2a: STD|Earth Power|p1a: Clodsire
|-supereffective|p1a: Clodsire
|-damage|p1a: Clodsire|66/100
|move|p1a: Clodsire|Earthquake|p2a: STD
|-supereffective|p2a: STD
|-damage|p2a: STD|24/100
|-activate|p2a: STD|ability: Toxic Debris
|-sidestart|p1: Naturmacht|move: Toxic Spikes
|
|-heal|p2a: STD|30/100|[from] Grassy Terrain
|-heal|p1a: Clodsire|73/100|[from] Grassy Terrain
|-heal|p1a: Clodsire|79/100|[from] item: Leftovers
|upkeep
|turn|4
|
|t:|1760719213
|move|p2a: STD|Spikes|p1a: Clodsire
|-sidestart|p1: Naturmacht|Spikes
|move|p1a: Clodsire|Earthquake|p2a: STD
|-supereffective|p2a: STD
|-damage|p2a: STD|0 fnt
|-activate|p2a: STD|ability: Toxic Debris
|-sidestart|p1: Naturmacht|move: Toxic Spikes
|faint|p2a: STD
|
|-heal|p1a: Clodsire|85/100|[from] Grassy Terrain
|-heal|p1a: Clodsire|91/100|[from] item: Leftovers
|upkeep
|
|t:|1760719220
|switch|p2a: Landon|Landorus-Therian, M|100/100
|-ability|p2a: Landon|Intimidate|boost
|-unboost|p1a: Clodsire|atk|1
|turn|5
|
|t:|1760719230
|move|p2a: Landon|Taunt|p1a: Clodsire
|-start|p1a: Clodsire|move: Taunt
|cant|p1a: Clodsire|move: Taunt|Toxic
|
|-heal|p1a: Clodsire|98/100|[from] Grassy Terrain
|-heal|p1a: Clodsire|100/100|[from] item: Leftovers
|upkeep
|turn|6
|
|t:|1760719240
|switch|p1a: Heatran|Heatran, M|100/100
|-damage|p1a: Heatran|88/100|[from] Spikes
|move|p2a: Landon|Stealth Rock|p1a: Heatran
|-sidestart|p1: Naturmacht|move: Stealth Rock
|
|-heal|p1a: Heatran|94/100|[from] Grassy Terrain
|-heal|p1a: Heatran|100/100|[from] item: Leftovers
|upkeep
|turn|7
|
|t:|1760719249
|move|p2a: Landon|Earthquake|p1a: Heatran
|-supereffective|p1a: Heatran
|-damage|p1a: Heatran|17/100
|move|p1a: Heatran|Magma Storm|p2a: Landon|[miss]
|-miss|p1a: Heatran|p2a: Landon
|
|-heal|p1a: Heatran|23/100|[from] Grassy Terrain
|-heal|p1a: Heatran|29/100|[from] item: Leftovers
|upkeep
|turn|8
|
|t:|1760719259
|move|p1a: Heatran|Protect|p1a: Heatran
|-singleturn|p1a: Heatran|Protect
|move|p2a: Landon|Earthquake|p1a: Heatran
|-activate|p1a: Heatran|move: Protect
|
|-heal|p1a: Heatran|35/100|[from] Grassy Terrain
|-heal|p1a: Heatran|41/100|[from] item: Leftovers
|-fieldend|move: Grassy Terrain
|upkeep
|turn|9
|
|t:|1760719267
|switch|p1a: Great Tusk|Great Tusk|100/100
|move|p2a: Landon|U-turn|p1a: Great Tusk
|-resisted|p1a: Great Tusk
|-damage|p1a: Great Tusk|93/100
|
|t:|1760719276
|switch|p2a: C.P.S|Dragapult, F|100/100|[from] U-turn
|
|upkeep
|turn|10
|
|t:|1760719281
|move|p2a: C.P.S|Draco Meteor|p1a: Great Tusk
|-damage|p1a: Great Tusk|0 fnt
|-unboost|p2a: C.P.S|spa|2
|faint|p1a: Great Tusk
|-end|p1a: Great Tusk|Protosynthesis|[silent]
|
|upkeep
|
|t:|1760719287
|switch|p1a: Clodsire|Clodsire, M|100/100
|-sideend|p1: Naturmacht|move: Toxic Spikes|[of] p1a: Clodsire
|-damage|p1a: Clodsire|88/100|[from] Spikes
|-damage|p1a: Clodsire|82/100|[from] Stealth Rock
|turn|11
|
|t:|1760719295
|switch|p2a: CLOBBAH DAT KIRBY|Kingambit, F|100/100
|-activate|p2a: CLOBBAH DAT KIRBY|ability: Supreme Overlord
|-start|p2a: CLOBBAH DAT KIRBY|fallen1|[silent]
|move|p1a: Clodsire|Spikes|p2a: CLOBBAH DAT KIRBY
|-sidestart|p2: Clefable1001|Spikes
|
|-heal|p1a: Clodsire|88/100|[from] item: Leftovers
|upkeep
|turn|12
|c|☆Naturmacht|lmao Dedede
|
|t:|1760719308
|-end|p2a: CLOBBAH DAT KIRBY|fallen1|[silent]
|switch|p2a: Landon|Landorus-Therian, M|100/100
|-ability|p2a: Landon|Intimidate|boost
|-unboost|p1a: Clodsire|atk|1
|move|p1a: Clodsire|Earthquake|p2a: Landon
|-immune|p2a: Landon
|
|-heal|p1a: Clodsire|94/100|[from] item: Leftovers
|upkeep
|turn|13
|
|t:|1760719317
|switch|p1a: Rillaboom|Rillaboom, M|75/100
|-damage|p1a: Rillaboom|63/100|[from] Spikes
|-damage|p1a: Rillaboom|50/100|[from] Stealth Rock
|-fieldstart|move: Grassy Terrain|[from] ability: Grassy Surge|[of] p1a: Rillaboom
|move|p2a: Landon|Taunt|p1a: Rillaboom
|-start|p1a: Rillaboom|move: Taunt
|
|-heal|p1a: Rillaboom|56/100|[from] Grassy Terrain
|upkeep
|turn|14
|
|t:|1760719328
|move|p2a: Landon|U-turn|p1a: Rillaboom
|-supereffective|p1a: Rillaboom
|-damage|p1a: Rillaboom|17/100
|
|t:|1760719346
|switch|p2a: C.P.S|Dragapult, F|100/100|[from] U-turn
|-damage|p2a: C.P.S|88/100|[from] Spikes
|move|p1a: Rillaboom|Knock Off|p2a: C.P.S
|-supereffective|p2a: C.P.S
|-damage|p2a: C.P.S|0 fnt
|-enditem|p2a: C.P.S|Choice Specs|[from] move: Knock Off|[of] p1a: Rillaboom
|faint|p2a: C.P.S
|
|-heal|p1a: Rillaboom|23/100|[from] Grassy Terrain
|upkeep
|
|t:|1760719361
|switch|p2a: Super Soldier|Iron Valiant|100/100
|-damage|p2a: Super Soldier|88/100|[from] Spikes
|-enditem|p2a: Super Soldier|Booster Energy
|-activate|p2a: Super Soldier|ability: Quark Drive|[fromitem]
|-start|p2a: Super Soldier|quarkdrivespe
|turn|15
|
|t:|1760719371
|switch|p1a: Heatran|Heatran, M|41/100
|-damage|p1a: Heatran|29/100|[from] Spikes
|-damage|p1a: Heatran|17/100|[from] Stealth Rock
|move|p2a: Super Soldier|Spirit Break|p1a: Heatran
|-resisted|p1a: Heatran
|-damage|p1a: Heatran|8/100
|-unboost|p1a: Heatran|spa|1
|
|-heal|p2a: Super Soldier|94/100|[from] Grassy Terrain
|-heal|p1a: Heatran|14/100|[from] Grassy Terrain
|-heal|p1a: Heatran|20/100|[from] item: Leftovers
|upkeep
|turn|16
|inactive|Naturmacht has 120 seconds left.
|
|t:|1760719422
|move|p2a: Super Soldier|Knock Off|p1a: Heatran
|-damage|p1a: Heatran|0 fnt
|-enditem|p1a: Heatran|Leftovers|[from] move: Knock Off|[of] p2a: Super Soldier
|faint|p1a: Heatran
|
|-heal|p2a: Super Soldier|100/100|[from] Grassy Terrain
|upkeep
|
|t:|1760719430
|switch|p1a: Hatterene|Hatterene, F|100/100
|-damage|p1a: Hatterene|88/100|[from] Spikes
|-damage|p1a: Hatterene|76/100|[from] Stealth Rock
|turn|17
|
|t:|1760719437
|move|p2a: Super Soldier|Knock Off|p1a: Hatterene
|-damage|p1a: Hatterene|49/100
|-enditem|p1a: Hatterene|Leftovers|[from] move: Knock Off|[of] p2a: Super Soldier
|move|p1a: Hatterene|Draining Kiss|p2a: Super Soldier
|-supereffective|p2a: Super Soldier
|-damage|p2a: Super Soldier|26/100
|-heal|p1a: Hatterene|99/100|[from] drain|[of] p2a: Super Soldier
|
|-heal|p2a: Super Soldier|32/100|[from] Grassy Terrain
|-heal|p1a: Hatterene|100/100|[from] Grassy Terrain
|upkeep
|turn|18
|
|t:|1760719454
|-end|p2a: Super Soldier|Quark Drive|[silent]
|switch|p2a: Landon|Landorus-Therian, M|100/100
|-ability|p2a: Landon|Intimidate|boost
|-unboost|p1a: Hatterene|atk|1
|move|p1a: Hatterene|Draining Kiss|p2a: Landon
|-damage|p2a: Landon|77/100
|-damage|p1a: Hatterene|84/100|[from] item: Rocky Helmet|[of] p2a: Landon
|
|-heal|p1a: Hatterene|90/100|[from] Grassy Terrain
|upkeep
|turn|19
|
|t:|1760719468
|move|p2a: Landon|U-turn|p1a: Hatterene
|-damage|p1a: Hatterene|72/100
|
|t:|1760719473
|switch|p2a: Onion|Ogerpon-Wellspring, F|100/100|[from] U-turn
|-damage|p2a: Onion|88/100|[from] Spikes
|move|p1a: Hatterene|Calm Mind|p1a: Hatterene
|-boost|p1a: Hatterene|spa|1
|-boost|p1a: Hatterene|spd|1
|
|-heal|p2a: Onion|94/100|[from] Grassy Terrain
|-heal|p1a: Hatterene|78/100|[from] Grassy Terrain
|upkeep
|turn|20
|inactive|Naturmacht has 120 seconds left.
|
|t:|1760719485
|move|p2a: Onion|Horn Leech|p1a: Hatterene
|-damage|p1a: Hatterene|32/100
|-heal|p2a: Onion|100/100|[from] drain|[of] p1a: Hatterene
|move|p1a: Hatterene|Draining Kiss|p2a: Onion
|-damage|p2a: Onion|59/100
|-heal|p1a: Hatterene|62/100|[from] drain|[of] p2a: Onion
|
|-heal|p2a: Onion|65/100|[from] Grassy Terrain
|-heal|p1a: Hatterene|67/100|[from] Grassy Terrain
|-fieldend|move: Grassy Terrain
|upkeep
|turn|21
|inactive|Naturmacht has 120 seconds left.
|
|t:|1760719495
|move|p2a: Onion|Ivy Cudgel|p1a: Hatterene|[anim] Ivy Cudgel Water
|-damage|p1a: Hatterene|22/100
|move|p1a: Hatterene|Draining Kiss|p2a: Onion
|-damage|p2a: Onion|25/100
|-heal|p1a: Hatterene|50/100|[from] drain|[of] p2a: Onion
|
|upkeep
|turn|22
|inactive|Naturmacht has 120 seconds left.
|
|t:|1760719502
|switch|p2a: Landon|Landorus-Therian, M|77/100
|-ability|p2a: Landon|Intimidate|boost
|-unboost|p1a: Hatterene|atk|1
|move|p1a: Hatterene|Draining Kiss|p2a: Landon
|-damage|p2a: Landon|43/100
|-heal|p1a: Hatterene|81/100|[from] drain|[of] p2a: Landon
|-damage|p1a: Hatterene|64/100|[from] item: Rocky Helmet|[of] p2a: Landon
|
|upkeep
|turn|23
|inactive|Naturmacht has 120 seconds left.
|
|t:|1760719513
|move|p2a: Landon|Earthquake|p1a: Hatterene
|-damage|p1a: Hatterene|26/100
|move|p1a: Hatterene|Calm Mind|p1a: Hatterene
|-boost|p1a: Hatterene|spa|1
|-boost|p1a: Hatterene|spd|1
|
|upkeep
|turn|24
|
|t:|1760719520
|move|p2a: Landon|Earthquake|p1a: Hatterene
|-damage|p1a: Hatterene|0 fnt
|faint|p1a: Hatterene
|
|upkeep
|
|t:|1760719524
|switch|p1a: Rillaboom|Rillaboom, M|23/100
|-damage|p1a: Rillaboom|11/100|[from] Spikes
|-damage|p1a: Rillaboom|0 fnt|[from] Stealth Rock
|faint|p1a: Rillaboom
|
|t:|1760719529
|switch|p1a: Ogerpon|Ogerpon-Wellspring, F|100/100
|-damage|p1a: Ogerpon|88/100|[from] Spikes
|-damage|p1a: Ogerpon|76/100|[from] Stealth Rock
|turn|25
|
|t:|1760719537
|-terastallize|p1a: Ogerpon|Water
|detailschange|p1a: Ogerpon|Ogerpon-Wellspring-Tera, F, tera:Water
|-ability|p1a: Ogerpon|Embody Aspect (Wellspring)|boost
|-boost|p1a: Ogerpon|spd|1
|move|p1a: Ogerpon|Swords Dance|p1a: Ogerpon
|-boost|p1a: Ogerpon|atk|2
|move|p2a: Landon|U-turn|p1a: Ogerpon
|-damage|p1a: Ogerpon|49/100
|
|t:|1760719551
|switch|p2a: Onion|Ogerpon-Wellspring, F|25/100|[from] U-turn
|-damage|p2a: Onion|13/100|[from] Spikes
|
|upkeep
|turn|26
|
|t:|1760719556
|move|p1a: Ogerpon|Horn Leech|p2a: Onion
|-damage|p2a: Onion|0 fnt
|-heal|p1a: Ogerpon|56/100|[from] drain|[of] p2a: Onion
|faint|p2a: Onion
|
|upkeep
|
|t:|1760719559
|switch|p2a: Super Soldier|Iron Valiant|32/100
|-damage|p2a: Super Soldier|20/100|[from] Spikes
|turn|27
|
|t:|1760719567
|move|p2a: Super Soldier|Spirit Break|p1a: Ogerpon
|-damage|p1a: Ogerpon|7/100
|-unboost|p1a: Ogerpon|spa|1
|move|p1a: Ogerpon|Horn Leech|p2a: Super Soldier
|-crit|p2a: Super Soldier
|-damage|p2a: Super Soldier|0 fnt
|-heal|p1a: Ogerpon|17/100|[from] drain|[of] p2a: Super Soldier
|faint|p2a: Super Soldier
|-end|p2a: Super Soldier|Quark Drive|[silent]
|
|upkeep
|
|t:|1760719573
|switch|p2a: CLOBBAH DAT KIRBY|Kingambit, F|100/100
|-damage|p2a: CLOBBAH DAT KIRBY|88/100|[from] Spikes
|-activate|p2a: CLOBBAH DAT KIRBY|ability: Supreme Overlord
|-start|p2a: CLOBBAH DAT KIRBY|fallen4|[silent]
|turn|28
|
|t:|1760719581
|move|p1a: Ogerpon|Encore||[still]
|-fail|p1a: Ogerpon
|move|p2a: CLOBBAH DAT KIRBY|Kowtow Cleave|p1a: Ogerpon
|-damage|p1a: Ogerpon|0 fnt
|faint|p1a: Ogerpon
|detailschange|p1: Ogerpon|Ogerpon-Wellspring, F|[silent]
|
|-heal|p2a: CLOBBAH DAT KIRBY|94/100|[from] item: Leftovers
|upkeep
|-message|Naturmacht forfeited.
|
|win|Clefable1001
|raw|Naturmacht's rating: 1346 &rarr; <strong>1327</strong><br />(-19 for losing)
|raw|Clefable1001's rating: 1356 &rarr; <strong>1375</strong><br />(+19 for winning)
|l|☆Naturmacht
|player|p1|
