|j|☆Zorroark_RZ
|j|☆pokesaac
|t:|1760881849
|gametype|singles
|player|p1|Zorroark_RZ|n|1448
|player|p2|pokesaac|blue|1403
|gen|9
|tier|[Gen 9] OU
|rated|
|rule|HP Percentage Mod: HP is shown in percentages
|rule|Endless Battle Clause: Forcing endless battles is banned
|rule|Species Clause: Limit one of each Pokémon
|rule|OHKO Clause: OHKO moves are banned
|rule|Evasion Items Clause: Evasion items are banned
|rule|Evasion Moves Clause: Evasion moves are banned
|rule|Evasion Abilities Clause: Evasion abilities are banned
|rule|Sleep Moves Clause: Sleep-inducing moves are banned
|clearpoke
|poke|p1|Darkrai|
|poke|p1|Zoroark-Hisui, F|
|poke|p1|Slowking, M|
|poke|p1|Zapdos|
|poke|p1|Cobalion|
|poke|p1|Garchomp, F|
|poke|p2|Scizor, F|
|poke|p2|Heatran, F|
|poke|p2|Zapdos|
|poke|p2|Glimmora, F|
|poke|p2|Great Tusk|
|poke|p2|Hoopa-Unbound|
|teampreview
|inactive|Battle timer is ON: inactive players will automatically lose when time's up. (requested by pokesaac)
|
|t:|1760881862
|teamsize|p1|6
|teamsize|p2|6
|start
|switch|p1a: Oasis|Garchomp, F|100/100
|switch|p2a: Hoopa|Hoopa-Unbound|100/100
|turn|1
|
|t:|1760881871
|move|p1a: Oasis|Draco Meteor|p2a: Hoopa
|-damage|p2a: Hoopa|61/100
|-unboost|p1a: Oasis|spa|2
|move|p2a: Hoopa|Knock Off|p1a: Oasis
|-damage|p1a: Oasis|52/100
|-damage|p2a: Hoopa|49/100|[from] ability: Rough Skin|[of] p1a: Oasis
|-enditem|p1a: Oasis|Choice Specs|[from] move: Knock Off|[of] p2a: Hoopa
|
|upkeep
|turn|2
|
|t:|1760881887
|switch|p1a: Made in Heaven|Cobalion, shiny|100/100
|move|p2a: Hoopa|Psychic Noise|p1a: Made in Heaven
|-damage|p1a: Made in Heaven|43/100
|-start|p1a: Made in Heaven|move: Heal Block
|
|upkeep
|turn|3
|
|t:|1760881897
|switch|p2a: Zapdos|Zapdos|100/100
|move|p1a: Made in Heaven|Body Press|p2a: Zapdos
|-resisted|p2a: Zapdos
|-damage|p2a: Zapdos|86/100
|
|-end|p1a: Made in Heaven|move: Heal Block
|upkeep
|turn|4
|
|t:|1760881906
|switch|p1a: RedHotChilliPepper|Zapdos, shiny|100/100
|move|p2a: Zapdos|Hurricane|p1a: RedHotChilliPepper
|-resisted|p1a: RedHotChilliPepper
|-damage|p1a: RedHotChilliPepper|77/100
|-start|p1a: RedHotChilliPepper|confusion
|
|upkeep
|turn|5
|
|t:|1760881912
|-activate|p1a: RedHotChilliPepper|confusion
|-damage|p1a: RedHotChilliPepper|70/100|[from] confusion
|move|p2a: Zapdos|Discharge|p1a: RedHotChilliPepper
|-damage|p1a: RedHotChilliPepper|35/100
|
|upkeep
|turn|6
|
|t:|1760881917
|-activate|p1a: RedHotChilliPepper|confusion
|move|p1a: RedHotChilliPepper|Roost|p1a: RedHotChilliPepper
|-heal|p1a: RedHotChilliPepper|85/100
|-singleturn|p1a: RedHotChilliPepper|move: Roost
|move|p2a: Zapdos|Discharge|p1a: RedHotChilliPepper
|-resisted|p1a: RedHotChilliPepper
|-crit|p1a: RedHotChilliPepper
|-damage|p1a: RedHotChilliPepper|61/100
|
|upkeep
|turn|7
|
|t:|1760881921
|-activate|p1a: RedHotChilliPepper|confusion
|move|p1a: RedHotChilliPepper|Roost|p1a: RedHotChilliPepper
|-heal|p1a: RedHotChilliPepper|100/100
|-singleturn|p1a: RedHotChilliPepper|move: Roost
|move|p2a: Zapdos|Discharge|p1a: RedHotChilliPepper
|-resisted|p1a: RedHotChilliPepper
|-damage|p1a: RedHotChilliPepper|86/100
|
|upkeep
|turn|8
|
|t:|1760881929
|-end|p1a: RedHotChilliPepper|confusion
|move|p1a: RedHotChilliPepper|U-turn|p2a: Zapdos
|-resisted|p2a: Zapdos
|-damage|p2a: Zapdos|81/100
|
|t:|1760881933
|switch|p1a: Oasis|Garchomp, F|52/100|[from] U-turn
|move|p2a: Zapdos|Hurricane|p1a: Oasis
|-crit|p1a: Oasis
|-damage|p1a: Oasis|0 fnt
|faint|p1a: Oasis
|
|upkeep
|
|t:|1760881939
|switch|p1a: Death 13|Darkrai, shiny|100/100
|turn|9
|
|t:|1760881946
|move|p1a: Death 13|Poltergeist|p2a: Zapdos
|-activate|p2a: Zapdos|move: Poltergeist|Heavy-Duty Boots
|-damage|p2a: Zapdos|45/100
|move|p2a: Zapdos|U-turn|p1a: Death 13
|-resisted|p1a: Death 13
|-damage|p1a: Death 13|87/100
|replace|p1a: Man in the Mirror|Zoroark-Hisui, F
|-end|p1a: Man in the Mirror|Illusion
|
|t:|1760881962
|switch|p2a: Scizor|Scizor, F|100/100|[from] U-turn
|
|upkeep
|turn|10
|
|t:|1760881965
|switch|p1a: Made in Heaven|Cobalion, shiny|43/100
|move|p2a: Scizor|Knock Off|p1a: Made in Heaven
|-resisted|p1a: Made in Heaven
|-damage|p1a: Made in Heaven|29/100
|-damage|p2a: Scizor|84/100|[from] item: Rocky Helmet|[of] p1a: Made in Heaven
|-ability|p1a: Made in Heaven|Justified|boost
|-boost|p1a: Made in Heaven|atk|1
|-enditem|p1a: Made in Heaven|Rocky Helmet|[from] move: Knock Off|[of] p2a: Scizor
|
|upkeep
|turn|11
|
|t:|1760881971
|switch|p2a: Zapdos|Zapdos|45/100
|move|p1a: Made in Heaven|Stealth Rock|p2a: Zapdos
|-sidestart|p2: pokesaac|move: Stealth Rock
|
|upkeep
|turn|12
|
|t:|1760881978
|switch|p1a: RedHotChilliPepper|Zapdos, shiny|86/100
|move|p2a: Zapdos|Roost|p2a: Zapdos
|-heal|p2a: Zapdos|96/100
|-singleturn|p2a: Zapdos|move: Roost
|
|upkeep
|turn|13
|
|t:|1760881983
|move|p1a: RedHotChilliPepper|Discharge|p2a: Zapdos
|-damage|p2a: Zapdos|64/100
|move|p2a: Zapdos|Discharge|p1a: RedHotChilliPepper
|-damage|p1a: RedHotChilliPepper|51/100
|
|upkeep
|turn|14
|
|t:|1760881991
|move|p1a: RedHotChilliPepper|Discharge|p2a: Zapdos
|-damage|p2a: Zapdos|30/100
|move|p2a: Zapdos|Discharge|p1a: RedHotChilliPepper
|-damage|p1a: RedHotChilliPepper|17/100
|
|upkeep
|turn|15
|
|t:|1760882000
|switch|p2a: Heatran|Heatran, F|100/100
|-damage|p2a: Heatran|88/100|[from] Stealth Rock
|move|p1a: RedHotChilliPepper|Roost|p1a: RedHotChilliPepper
|-heal|p1a: RedHotChilliPepper|68/100
|-singleturn|p1a: RedHotChilliPepper|move: Roost
|
|upkeep
|turn|16
|
|t:|1760882010
|move|p1a: RedHotChilliPepper|U-turn|p2a: Heatran
|-resisted|p2a: Heatran
|-damage|p2a: Heatran|85/100
|
|t:|1760882013
|switch|p1a: Glowking|Slowking, M|100/100|[from] U-turn
|move|p2a: Heatran|Flamethrower|p1a: Glowking
|-resisted|p1a: Glowking
|-damage|p1a: Glowking|87/100
|
|upkeep
|turn|17
|
|t:|1760882018
|switch|p2a: Hoopa|Hoopa-Unbound|49/100
|-damage|p2a: Hoopa|36/100|[from] Stealth Rock
|-prepare|p1a: Glowking|Chilly Reception|[premajor]
|move|p1a: Glowking|Chilly Reception|p1a: Glowking
|-weather|Snowscape
|
|t:|1760882029
|switch|p1a: Death 13|Darkrai, shiny|87/100|[from] Chilly Reception
|
|-weather|Snowscape|[upkeep]
|upkeep
|turn|18
|
|t:|1760882035
|move|p1a: Death 13|Poltergeist|p2a: Hoopa
|-activate|p2a: Hoopa|move: Poltergeist|Assault Vest
|-damage|p2a: Hoopa|0 fnt
|faint|p2a: Hoopa
|
|-weather|Snowscape|[upkeep]
|upkeep
|
|t:|1760882040
|switch|p2a: Scizor|Scizor, F|84/100
|-damage|p2a: Scizor|72/100|[from] Stealth Rock
|turn|19
|
|t:|1760882044
|switch|p1a: Made in Heaven|Cobalion, shiny|29/100
|move|p2a: Scizor|U-turn|p1a: Made in Heaven
|-resisted|p1a: Made in Heaven
|-damage|p1a: Made in Heaven|21/100
|
|t:|1760882049
|switch|p2a: Great Tusk|Great Tusk|100/100|[from] U-turn
|-damage|p2a: Great Tusk|98/100|[from] Stealth Rock
|-enditem|p2a: Great Tusk|Booster Energy
|-activate|p2a: Great Tusk|ability: Protosynthesis|[fromitem]
|-start|p2a: Great Tusk|protosynthesisspe
|
|-weather|Snowscape|[upkeep]
|upkeep
|turn|20
|
|t:|1760882056
|switch|p1a: RedHotChilliPepper|Zapdos, shiny|68/100
|move|p2a: Great Tusk|Bulk Up|p2a: Great Tusk
|-boost|p2a: Great Tusk|atk|1
|-boost|p2a: Great Tusk|def|1
|
|-weather|Snowscape|[upkeep]
|upkeep
|turn|21
|
|t:|1760882065
|move|p2a: Great Tusk|Ice Spinner|p1a: RedHotChilliPepper
|-supereffective|p1a: RedHotChilliPepper
|-damage|p1a: RedHotChilliPepper|1/100
|-status|p2a: Great Tusk|par|[from] ability: Static|[of] p1a: RedHotChilliPepper
|move|p1a: RedHotChilliPepper|Discharge|p2a: Great Tusk
|-immune|p2a: Great Tusk
|
|-weather|none
|upkeep
|turn|22
|
|t:|1760882074
|move|p1a: RedHotChilliPepper|Roost|p1a: RedHotChilliPepper
|-heal|p1a: RedHotChilliPepper|51/100
|-singleturn|p1a: RedHotChilliPepper|move: Roost
|cant|p2a: Great Tusk|par
|
|upkeep
|turn|23
|
|t:|1760882080
|move|p1a: RedHotChilliPepper|Hurricane|p2a: Great Tusk|[miss]
|-miss|p1a: RedHotChilliPepper|p2a: Great Tusk
|move|p2a: Great Tusk|Rapid Spin|p1a: RedHotChilliPepper
|-damage|p1a: RedHotChilliPepper|33/100
|-boost|p2a: Great Tusk|spe|1
|-sideend|p2: pokesaac|Stealth Rock|[from] move: Rapid Spin|[of] p2a: Great Tusk
|
|upkeep
|turn|24
|
|t:|1760882089
|move|p2a: Great Tusk|Ice Spinner|p1a: RedHotChilliPepper
|-supereffective|p1a: RedHotChilliPepper
|-damage|p1a: RedHotChilliPepper|0 fnt
|faint|p1a: RedHotChilliPepper
|
|upkeep
|c|☆Zorroark_RZ|what
|inactive|Zorroark_RZ has 120 seconds left.
|c|☆pokesaac|what
|c|☆Zorroark_RZ|your speed
|c|☆Zorroark_RZ|is greater than 301
|inactive|Zorroark_RZ has 90 seconds left.
|c|☆pokesaac|it sure is
|c|☆Zorroark_RZ|because its 1,5*1,5 and not just +2
|c|☆pokesaac|yup
|
|t:|1760882169
|switch|p1a: Death 13|Darkrai, shiny|100/100
|turn|25
|
|t:|1760882177
|switch|p1a: Made in Heaven|Cobalion, shiny|21/100
|cant|p2a: Great Tusk|par
|
|upkeep
|turn|26
|inactive|Zorroark_RZ has 90 seconds left.
|
|t:|1760882183
|move|p2a: Great Tusk|Rapid Spin|p1a: Made in Heaven
|-resisted|p1a: Made in Heaven
|-damage|p1a: Made in Heaven|15/100
|-boost|p2a: Great Tusk|spe|1
|move|p1a: Made in Heaven|Body Press|p2a: Great Tusk
|-damage|p2a: Great Tusk|77/100 par
|
|upkeep
|turn|27
|inactive|Zorroark_RZ has 90 seconds left.
|
|t:|1760882199
|switch|p1a: Glowking|Slowking, M|100/100
|move|p2a: Great Tusk|Headlong Rush|p1a: Glowking
|-damage|p1a: Glowking|26/100
|-unboost|p2a: Great Tusk|def|1
|-unboost|p2a: Great Tusk|spd|1
|
|upkeep
|turn|28
|
|t:|1760882209
|switch|p1a: Made in Heaven|Cobalion, shiny|15/100
|move|p2a: Great Tusk|Headlong Rush|p1a: Made in Heaven
|-supereffective|p1a: Made in Heaven
|-damage|p1a: Made in Heaven|0 fnt
|-unboost|p2a: Great Tusk|def|1
|-unboost|p2a: Great Tusk|spd|1
|faint|p1a: Made in Heaven
|
|upkeep
|
|t:|1760882212
|switch|p1a: Death 13|Darkrai, shiny|100/100
|turn|29
|
|t:|1760882222
|move|p2a: Great Tusk|Headlong Rush|p1a: Death 13
|-damage|p1a: Death 13|19/100
|-unboost|p2a: Great Tusk|def|1
|-unboost|p2a: Great Tusk|spd|1
|move|p1a: Death 13|Ice Beam|p2a: Great Tusk
|-supereffective|p2a: Great Tusk
|-damage|p2a: Great Tusk|0 fnt
|faint|p2a: Great Tusk
|-end|p2a: Great Tusk|Protosynthesis|[silent]
|
|upkeep
|
|t:|1760882232
|switch|p2a: Scizor|Scizor, F|72/100
|turn|30
|
|t:|1760882236
|-terastallize|p2a: Scizor|Steel
|move|p2a: Scizor|Bullet Punch|p1a: Death 13
|-damage|p1a: Death 13|0 fnt
|faint|p1a: Death 13
|
|upkeep
|
|t:|1760882240
|switch|p1a: Glowking|Slowking, M|60/100
|turn|31
|
|t:|1760882245
|switch|p2a: Zapdos|Zapdos|30/100
|move|p1a: Glowking|Scald|p2a: Zapdos
|-damage|p2a: Zapdos|3/100
|-status|p2a: Zapdos|brn
|
|-damage|p2a: Zapdos|0 fnt|[from] brn
|faint|p2a: Zapdos
|upkeep
|
|t:|1760882251
|switch|p2a: Glimmora|Glimmora, F|100/100
|turn|32
|
|t:|1760882255
|move|p2a: Glimmora|Toxic|p1a: Glowking
|-status|p1a: Glowking|tox
|move|p1a: Glowking|Future Sight|p2a: Glimmora
|-start|p1a: Glowking|move: Future Sight
|
|-damage|p1a: Glowking|53/100 tox|[from] psn
|upkeep
|turn|33
|
|t:|1760882261
|move|p2a: Glimmora|Power Gem|p1a: Glowking
|-damage|p1a: Glowking|30/100 tox
|-prepare|p1a: Glowking|Chilly Reception|[premajor]
|move|p1a: Glowking|Chilly Reception|p1a: Glowking
|-weather|Snowscape
|
|t:|1760882264
|switch|p1a: Glowking|Slowking, M|87/100|[from] Chilly Reception
|
|-weather|Snowscape|[upkeep]
|upkeep
|turn|34
|
|t:|1760882270
|move|p1a: Glowking|Swords Dance|p1a: Glowking
|-boost|p1a: Glowking|atk|2
|move|p2a: Glimmora|Power Gem|p1a: Glowking
|-damage|p1a: Glowking|2/100
|replace|p1a: Man in the Mirror|Zoroark-Hisui, F
|-end|p1a: Man in the Mirror|Illusion
|
|-weather|Snowscape|[upkeep]
|-end|p2a: Glimmora|move: Future Sight
|-supereffective|p2a: Glimmora
|-enditem|p2a: Glimmora|Focus Sash
|-damage|p2a: Glimmora|1/100
|upkeep
|turn|35
|
|t:|1760882279
|move|p1a: Man in the Mirror|Shadow Sneak|p2a: Glimmora
|-damage|p2a: Glimmora|0 fnt
|faint|p2a: Glimmora
|
|-weather|Snowscape|[upkeep]
|upkeep
|
|t:|1760882281
|switch|p2a: Scizor|Scizor, F, tera:Steel|72/100
|turn|36
|
|t:|1760882286
|switch|p1a: Glowking|Slowking, M|63/100 tox
|move|p2a: Scizor|Bullet Punch|p1a: Glowking
|-resisted|p1a: Glowking
|-damage|p1a: Glowking|26/100 tox
|
|-weather|Snowscape|[upkeep]
|-damage|p1a: Glowking|20/100 tox|[from] psn
|upkeep
|turn|37
|
|t:|1760882290
|move|p2a: Scizor|Bullet Punch|p1a: Glowking
|-resisted|p1a: Glowking
|-damage|p1a: Glowking|0 fnt
|faint|p1a: Glowking
|
|-weather|none
|upkeep
|c|☆Zorroark_RZ|gg
|
|t:|1760882295
|switch|p1a: Man in the Mirror|Zoroark-Hisui, F|2/100
|turn|38
|c|☆pokesaac|gg
|
|t:|1760882298
|-terastallize|p1a: Man in the Mirror|Ghost
|move|p1a: Man in the Mirror|Shadow Sneak|p2a: Scizor
|-damage|p2a: Scizor|47/100
|move|p2a: Scizor|Bullet Punch|p1a: Man in the Mirror
|-damage|p1a: Man in the Mirror|0 fnt
|faint|p1a: Man in the Mirror
|
|win|pokesaac
|raw|Zorroark_RZ's rating: 1448 &rarr; <strong>1425</strong><br />(-23 for losing)
|raw|pokesaac's rating: 1403 &rarr; <strong>1426</strong><br />(+23 for winning)
|l|☆pokesaac
|player|p2|
|l|☆Zorroark_RZ
|player|p1|
