|badge|p2|silver|gen9ou|30-7
|badge|p2|silver|gen9ubers|30-7
|uhtml|medal-msg|<div class="broadcast-blue">Curious what those medals under the avatar are? PS now has Ladder Seasons! For more information, check out the <a href="https://www.smogon.com/forums/threads/3740067/">thread on Smogon.</a></div>
|j|☆ciantaihou
|j|☆qways
|t:|1760783570
|gametype|singles
|player|p1|ciantaihou|bellelba|1844
|player|p2|qways|1|1959
|gen|9
|tier|[Gen 9] OU
|rated|
|rule|HP Percentage Mod: HP is shown in percentages
|rule|Endless Battle Clause: Forcing endless battles is banned
|rule|Species Clause: Limit one of each Pokémon
|rule|OHKO Clause: OHKO moves are banned
|rule|Evasion Items Clause: Evasion items are banned
|rule|Evasion Moves Clause: Evasion moves are banned
|rule|Evasion Abilities Clause: Evasion abilities are banned
|rule|Sleep Moves Clause: Sleep-inducing moves are banned
|clearpoke
|poke|p1|Ursaluna, F|
|poke|p1|Torkoal, F|
|poke|p1|Hoopa-Unbound|
|poke|p1|Cresselia, F|
|poke|p1|Hatterene, F|
|poke|p1|Enamorus-Therian, F|
|poke|p2|Kyurem|
|poke|p2|Corviknight, F|
|poke|p2|Ting-Lu|
|poke|p2|Dondozo, F|
|poke|p2|Slowking-Galar, F|
|poke|p2|Cinderace, F|
|teampreview
|inactive|Battle timer is ON: inactive players will automatically lose when time's up. (requested by qways)
|j| Steve smoker booo
|j| wgw2333
|l| Steve smoker booo
|inactive|ciantaihou has 120 seconds left.
|
|t:|1760783620
|teamsize|p1|6
|teamsize|p2|6
|start
|switch|p1a: Hoopa|Hoopa-Unbound|100/100
|switch|p2a: Slowking|Slowking-Galar, F|100/100
|turn|1
|
|t:|1760783629
|switch|p2a: Ting-Lu|Ting-Lu|100/100
|-ability|p2a: Ting-Lu|Vessel of Ruin
|move|p1a: Hoopa|Trick Room|p1a: Hoopa
|-fieldstart|move: Trick Room|[of] p1a: Hoopa
|
|upkeep
|turn|2
|
|t:|1760783637
|switch|p1a: Hatterene|Hatterene, F|100/100
|move|p2a: Ting-Lu|Earthquake|p1a: Hatterene
|-damage|p1a: Hatterene|65/100
|
|upkeep
|turn|3
|
|t:|1760783647
|switch|p2a: Slowking|Slowking-Galar, F|100/100
|move|p1a: Hatterene|Dazzling Gleam|p2a: Slowking
|-resisted|p2a: Slowking
|-damage|p2a: Slowking|87/100
|
|upkeep
|turn|4
|j| 0WithdrawalSyndrom
|
|t:|1760783655
|switch|p1a: Ursaluna|Ursaluna, F|100/100
|move|p2a: Slowking|Sludge Bomb|p1a: Ursaluna
|-resisted|p1a: Ursaluna
|-damage|p1a: Ursaluna|86/100
|
|-status|p1a: Ursaluna|brn|[from] item: Flame Orb
|upkeep
|turn|5
|c| 0WithdrawalSyndrom|sun trick room
|
|t:|1760783664
|switch|p2a: Corviknight|Corviknight, F|100/100
|-ability|p2a: Corviknight|Pressure
|move|p1a: Ursaluna|Swords Dance|p1a: Ursaluna
|-boost|p1a: Ursaluna|atk|2
|
|-damage|p1a: Ursaluna|79/100 brn|[from] brn
|-fieldend|move: Trick Room
|upkeep
|turn|6
|c| 0WithdrawalSyndrom|nice
|
|t:|1760783674
|move|p2a: Corviknight|Brave Bird|p1a: Ursaluna
|-damage|p1a: Ursaluna|55/100 brn
|-damage|p2a: Corviknight|91/100|[from] Recoil
|move|p1a: Ursaluna|Fire Punch|p2a: Corviknight
|-supereffective|p2a: Corviknight
|-damage|p2a: Corviknight|0 fnt
|-damage|p1a: Ursaluna|39/100 brn|[from] item: Rocky Helmet|[of] p2a: Corviknight
|faint|p2a: Corviknight
|
|-damage|p1a: Ursaluna|33/100 brn|[from] brn
|upkeep
|
|t:|1760783678
|switch|p2a: Kyurem|Kyurem|100/100
|-ability|p2a: Kyurem|Pressure
|turn|7
|
|t:|1760783690
|switch|p1a: Hoopa|Hoopa-Unbound|100/100
|move|p2a: Kyurem|Freeze-Dry|p1a: Hoopa
|-damage|p1a: Hoopa|71/100
|
|upkeep
|turn|8
|
|t:|1760783710
|-terastallize|p2a: Kyurem|Ground
|move|p2a: Kyurem|Earth Power|p1a: Hoopa
|-damage|p1a: Hoopa|34/100
|move|p1a: Hoopa|Trick Room|p1a: Hoopa
|-fieldstart|move: Trick Room|[of] p1a: Hoopa
|
|upkeep
|turn|9
|
|t:|1760783718
|move|p2a: Kyurem|Protect|p2a: Kyurem
|-singleturn|p2a: Kyurem|Protect
|move|p1a: Hoopa|Hyperspace Fury|p2a: Kyurem
|-activate|p2a: Kyurem|move: Hyperspace Fury|[broken]
|-damage|p2a: Kyurem|42/100
|-unboost|p1a: Hoopa|def|1
|-enditem|p1a: Hoopa|Eject Pack
|
|t:|1760783728
|switch|p1a: Torkoal|Torkoal, F, shiny|100/100
|-weather|SunnyDay|[from] ability: Drought|[of] p1a: Torkoal
|
|-weather|SunnyDay|[upkeep]
|-heal|p2a: Kyurem|48/100|[from] item: Leftovers
|upkeep
|turn|10
|c| 0WithdrawalSyndrom|wow
|j| riyuezi
|
|t:|1760783757
|switch|p2a: Slowking|Slowking-Galar, F|100/100
|-terastallize|p1a: Torkoal|Fire
|move|p1a: Torkoal|Eruption|p2a: Slowking
|-damage|p2a: Slowking|0 fnt
|faint|p2a: Slowking
|
|-weather|SunnyDay|[upkeep]
|upkeep
|
|t:|1760783763
|switch|p2a: Kyurem|Kyurem, tera:Ground|48/100
|-ability|p2a: Kyurem|Pressure
|turn|11
|
|t:|1760783771
|move|p2a: Kyurem|Protect|p2a: Kyurem
|-singleturn|p2a: Kyurem|Protect
|move|p1a: Torkoal|Eruption|p2a: Kyurem
|-activate|p2a: Kyurem|move: Protect
|
|-weather|SunnyDay|[upkeep]
|-heal|p2a: Kyurem|54/100|[from] item: Leftovers
|upkeep
|turn|12
|
|t:|1760783779
|move|p2a: Kyurem|Protect||[still]
|-fail|p2a: Kyurem
|move|p1a: Torkoal|Eruption|p2a: Kyurem
|-damage|p2a: Kyurem|0 fnt
|faint|p2a: Kyurem
|
|-weather|SunnyDay|[upkeep]
|-fieldend|move: Trick Room
|upkeep
|-message|qways forfeited.
|
|win|ciantaihou
|raw|ciantaihou's rating: 1844 &rarr; <strong>1870</strong><br />(+26 for winning)
|raw|qways's rating: 1959 &rarr; <strong>1933</strong><br />(-26 for losing)
|l|☆qways
|player|p2|
|c| 0WithdrawalSyndrom|can you
|c| 0WithdrawalSyndrom|paste me
|c| 0WithdrawalSyndrom|the team
