|j|☆estopa lol
|j|☆theviolator3000
|t:|1760749427
|gametype|singles
|player|p1|estopa lol|170|1178
|player|p2|theviolator3000|ninjaboy|1170
|gen|9
|tier|[Gen 9] OU
|rated|
|rule|HP Percentage Mod: HP is shown in percentages
|rule|Endless Battle Clause: Forcing endless battles is banned
|rule|Species Clause: Limit one of each Pokémon
|rule|OHKO Clause: OHKO moves are banned
|rule|Evasion Items Clause: Evasion items are banned
|rule|Evasion Moves Clause: Evasion moves are banned
|rule|Evasion Abilities Clause: Evasion abilities are banned
|rule|Sleep Moves Clause: Sleep-inducing moves are banned
|clearpoke
|poke|p1|Hatterene, F|
|poke|p1|Gliscor, F|
|poke|p1|Great Tusk|
|poke|p1|Dragapult, M|
|poke|p1|Cinderace, M|
|poke|p1|Walking Wake|
|poke|p2|Alomomola, F|
|poke|p2|Rillaboom, M|
|poke|p2|Kyurem|
|poke|p2|Slowking-Galar, M|
|poke|p2|Great Tusk|
|poke|p2|Kingambit, F|
|teampreview
|inactive|Battle timer is ON: inactive players will automatically lose when time's up. (requested by estopa lol)
|inactive|theviolator3000 also wants the timer to be on.
|
|t:|1760749437
|teamsize|p1|6
|teamsize|p2|6
|start
|switch|p1a: Cinderace|Cinderace, M|100/100
|switch|p2a: Rillaboom|Rillaboom, M|100/100
|-fieldstart|move: Grassy Terrain|[from] ability: Grassy Surge|[of] p2a: Rillaboom
|turn|1
|
|t:|1760749454
|switch|p2a: Alomomola|Alomomola, F|100/100
|move|p1a: Cinderace|U-turn|p2a: Alomomola
|-start|p1a: Cinderace|typechange|Bug|[from] ability: Libero
|-crit|p2a: Alomomola
|-damage|p2a: Alomomola|73/100
|
|t:|1760749461
|switch|p1a: Gliscor|Gliscor, F|100/100|[from] U-turn
|
|-heal|p2a: Alomomola|79/100|[from] Grassy Terrain
|-status|p1a: Gliscor|tox|[from] item: Toxic Orb
|upkeep
|turn|2
|
|t:|1760749467
|move|p1a: Gliscor|Toxic|p2a: Alomomola
|-status|p2a: Alomomola|tox
|move|p2a: Alomomola|Tickle|p1a: Gliscor
|-unboost|p1a: Gliscor|atk|1
|-unboost|p1a: Gliscor|def|1
|
|-heal|p2a: Alomomola|85/100 tox|[from] Grassy Terrain
|-damage|p2a: Alomomola|79/100 tox|[from] psn
|upkeep
|turn|3
|
|t:|1760749482
|move|p1a: Gliscor|Substitute|p1a: Gliscor
|-start|p1a: Gliscor|Substitute
|-damage|p1a: Gliscor|76/100 tox
|move|p2a: Alomomola|Flip Turn|p1a: Gliscor
|-supereffective|p1a: Gliscor
|-end|p1a: Gliscor|Substitute
|
|t:|1760749490
|switch|p2a: Rillaboom|Rillaboom, M|100/100|[from] Flip Turn
|
|-heal|p1a: Gliscor|88/100 tox|[from] ability: Poison Heal
|upkeep
|turn|4
|
|t:|1760749497
|move|p1a: Gliscor|Protect|p1a: Gliscor
|-singleturn|p1a: Gliscor|Protect
|move|p2a: Rillaboom|Knock Off|p1a: Gliscor
|-activate|p1a: Gliscor|move: Protect
|
|-heal|p1a: Gliscor|100/100 tox|[from] ability: Poison Heal
|upkeep
|turn|5
|
|t:|1760749511
|switch|p1a: Walking Wake|Walking Wake|100/100
|-enditem|p1a: Walking Wake|Booster Energy
|-activate|p1a: Walking Wake|ability: Protosynthesis|[fromitem]
|-start|p1a: Walking Wake|protosynthesisspe
|move|p2a: Rillaboom|Knock Off|p1a: Walking Wake
|-damage|p1a: Walking Wake|62/100
|
|-heal|p1a: Walking Wake|68/100|[from] Grassy Terrain
|-fieldend|move: Grassy Terrain
|upkeep
|turn|6
|
|t:|1760749522
|switch|p2a: Slowking|Slowking-Galar, M|100/100
|move|p1a: Walking Wake|Draco Meteor|p2a: Slowking|[miss]
|-miss|p1a: Walking Wake|p2a: Slowking
|
|upkeep
|turn|7
|
|t:|1760749530
|move|p1a: Walking Wake|Flip Turn|p2a: Slowking
|-damage|p2a: Slowking|83/100
|
|t:|1760749536
|-end|p1a: Walking Wake|Protosynthesis|[silent]
|switch|p1a: Great Tusk|Great Tusk|100/100|[from] Flip Turn
|move|p2a: Slowking|Thunder Wave|p1a: Great Tusk
|-immune|p1a: Great Tusk
|
|upkeep
|turn|8
|
|t:|1760749546
|switch|p2a: Rillaboom|Rillaboom, M|100/100
|-fieldstart|move: Grassy Terrain|[from] ability: Grassy Surge|[of] p2a: Rillaboom
|move|p1a: Great Tusk|Rapid Spin|p2a: Rillaboom
|-damage|p2a: Rillaboom|81/100
|-boost|p1a: Great Tusk|spe|1
|
|-heal|p2a: Rillaboom|87/100|[from] Grassy Terrain
|upkeep
|turn|9
|
|t:|1760749565
|-terastallize|p1a: Great Tusk|Steel
|move|p1a: Great Tusk|Ice Spinner|p2a: Rillaboom
|-supereffective|p2a: Rillaboom
|-damage|p2a: Rillaboom|22/100
|-fieldend|move: Grassy Terrain
|move|p2a: Rillaboom|Wood Hammer|p1a: Great Tusk
|-resisted|p1a: Great Tusk
|-damage|p1a: Great Tusk|67/100
|-damage|p2a: Rillaboom|10/100|[from] Recoil
|
|-heal|p1a: Great Tusk|73/100|[from] item: Leftovers
|upkeep
|turn|10
|
|t:|1760749577
|switch|p2a: Alomomola|Alomomola, F|100/100 tox
|move|p1a: Great Tusk|Rapid Spin|p2a: Alomomola
|-damage|p2a: Alomomola|91/100 tox
|-boost|p1a: Great Tusk|spe|1
|
|-heal|p1a: Great Tusk|79/100|[from] item: Leftovers
|-damage|p2a: Alomomola|85/100 tox|[from] psn
|upkeep
|turn|11
|
|t:|1760749588
|move|p1a: Great Tusk|Close Combat|p2a: Alomomola
|-damage|p2a: Alomomola|49/100 tox
|-unboost|p1a: Great Tusk|def|1
|-unboost|p1a: Great Tusk|spd|1
|move|p2a: Alomomola|Wish|p2a: Alomomola
|
|-heal|p1a: Great Tusk|86/100|[from] item: Leftovers
|-damage|p2a: Alomomola|37/100 tox|[from] psn
|upkeep
|turn|12
|
|t:|1760749605
|-end|p1a: Great Tusk|Protosynthesis|[silent]
|switch|p1a: Walking Wake|Walking Wake|68/100
|move|p2a: Alomomola|Flip Turn|p1a: Walking Wake
|-resisted|p1a: Walking Wake
|-damage|p1a: Walking Wake|64/100
|
|t:|1760749609
|switch|p2a: Rillaboom|Rillaboom, M|10/100|[from] Flip Turn
|-fieldstart|move: Grassy Terrain|[from] ability: Grassy Surge|[of] p2a: Rillaboom
|
|-heal|p2a: Rillaboom|88/100|[from] move: Wish|[wisher] Alomomola
|-heal|p1a: Walking Wake|70/100|[from] Grassy Terrain
|-heal|p2a: Rillaboom|95/100|[from] Grassy Terrain
|upkeep
|turn|13
|
|t:|1760749623
|switch|p2a: Slowking|Slowking-Galar, M|100/100
|move|p1a: Walking Wake|Flamethrower|p2a: Slowking
|-damage|p2a: Slowking|83/100
|
|-heal|p1a: Walking Wake|76/100|[from] Grassy Terrain
|-heal|p2a: Slowking|89/100|[from] Grassy Terrain
|upkeep
|turn|14
|
|t:|1760749629
|move|p1a: Walking Wake|Flip Turn|p2a: Slowking
|-damage|p2a: Slowking|72/100
|
|t:|1760749639
|-end|p1a: Walking Wake|Protosynthesis|[silent]
|switch|p1a: Great Tusk|Great Tusk, tera:Steel|86/100|[from] Flip Turn
|move|p2a: Slowking|Future Sight|p1a: Great Tusk
|-start|p2a: Slowking|move: Future Sight
|
|-heal|p1a: Great Tusk|92/100|[from] Grassy Terrain
|-heal|p1a: Great Tusk|98/100|[from] item: Leftovers
|-heal|p2a: Slowking|78/100|[from] Grassy Terrain
|upkeep
|turn|15
|
|t:|1760749648
|switch|p2a: Alomomola|Alomomola, F|70/100 tox
|move|p1a: Great Tusk|Ice Spinner|p2a: Alomomola
|-resisted|p2a: Alomomola
|-damage|p2a: Alomomola|63/100 tox
|-fieldend|move: Grassy Terrain
|
|-heal|p1a: Great Tusk|100/100|[from] item: Leftovers
|-damage|p2a: Alomomola|56/100 tox|[from] psn
|upkeep
|turn|16
|
|t:|1760749663
|move|p1a: Great Tusk|Ice Spinner|p2a: Alomomola
|-resisted|p2a: Alomomola
|-damage|p2a: Alomomola|49/100 tox
|move|p2a: Alomomola|Flip Turn|p1a: Great Tusk
|-damage|p1a: Great Tusk|88/100
|
|t:|1760749672
|switch|p2a: Kyurem|Kyurem|100/100|[from] Flip Turn
|-ability|p2a: Kyurem|Pressure
|
|-end|p1a: Great Tusk|move: Future Sight
|-resisted|p1a: Great Tusk
|-damage|p1a: Great Tusk|55/100
|-heal|p1a: Great Tusk|61/100|[from] item: Leftovers
|upkeep
|turn|17
|
|t:|1760749678
|move|p2a: Kyurem|Earth Power|p1a: Great Tusk
|-supereffective|p1a: Great Tusk
|-damage|p1a: Great Tusk|0 fnt
|faint|p1a: Great Tusk
|-end|p1a: Great Tusk|Protosynthesis|[silent]
|
|upkeep
|
|t:|1760749687
|switch|p1a: Hatterene|Hatterene, F|100/100
|turn|18
|
|t:|1760749691
|switch|p2a: Slowking|Slowking-Galar, M|100/100
|move|p1a: Hatterene|Draining Kiss|p2a: Slowking
|-resisted|p2a: Slowking
|-damage|p2a: Slowking|92/100
|
|upkeep
|turn|19
|
|t:|1760749698
|move|p1a: Hatterene|Psychic Noise|p2a: Slowking
|-damage|p2a: Slowking|64/100
|-start|p2a: Slowking|move: Heal Block
|-prepare|p2a: Slowking|Chilly Reception|[premajor]
|move|p2a: Slowking|Chilly Reception|p2a: Slowking
|-weather|Snowscape
|
|t:|1760749714
|switch|p2a: Rillaboom|Rillaboom, M|95/100|[from] Chilly Reception
|-fieldstart|move: Grassy Terrain|[from] ability: Grassy Surge|[of] p2a: Rillaboom
|
|-weather|Snowscape|[upkeep]
|-heal|p2a: Rillaboom|100/100|[from] Grassy Terrain
|upkeep
|turn|20
|
|t:|1760749729
|move|p2a: Rillaboom|U-turn|p1a: Hatterene
|-crit|p1a: Hatterene
|-damage|p1a: Hatterene|39/100
|
|t:|1760749734
|switch|p2a: Slowking|Slowking-Galar, M|97/100|[from] U-turn
|move|p1a: Hatterene|Mystical Fire|p2a: Slowking
|-damage|p2a: Slowking|80/100
|-unboost|p2a: Slowking|spa|1
|
|-weather|Snowscape|[upkeep]
|-heal|p1a: Hatterene|45/100|[from] Grassy Terrain
|-heal|p2a: Slowking|87/100|[from] Grassy Terrain
|upkeep
|turn|21
|
|t:|1760749749
|move|p1a: Hatterene|Draining Kiss|p2a: Slowking
|-resisted|p2a: Slowking
|-damage|p2a: Slowking|78/100
|-heal|p1a: Hatterene|53/100|[from] drain|[of] p2a: Slowking
|move|p2a: Slowking|Sludge Bomb|p1a: Hatterene
|-supereffective|p1a: Hatterene
|-damage|p1a: Hatterene|21/100
|
|-weather|Snowscape|[upkeep]
|-heal|p1a: Hatterene|27/100|[from] Grassy Terrain
|-heal|p2a: Slowking|84/100|[from] Grassy Terrain
|upkeep
|turn|22
|
|t:|1760749759
|switch|p1a: Walking Wake|Walking Wake|76/100
|move|p2a: Slowking|Sludge Bomb|p1a: Walking Wake
|-crit|p1a: Walking Wake
|-damage|p1a: Walking Wake|17/100
|
|-weather|Snowscape|[upkeep]
|-heal|p1a: Walking Wake|23/100|[from] Grassy Terrain
|-heal|p2a: Slowking|90/100|[from] Grassy Terrain
|upkeep
|turn|23
|
|t:|1760749769
|move|p1a: Walking Wake|Flip Turn|p2a: Slowking
|-damage|p2a: Slowking|73/100
|
|t:|1760749776
|-end|p1a: Walking Wake|Protosynthesis|[silent]
|switch|p1a: Gliscor|Gliscor, F|100/100 tox|[from] Flip Turn
|move|p2a: Slowking|Thunder Wave|p1a: Gliscor
|-immune|p1a: Gliscor
|
|-weather|none
|-heal|p2a: Slowking|79/100|[from] Grassy Terrain
|-fieldend|move: Grassy Terrain
|upkeep
|turn|24
|
|t:|1760749784
|move|p1a: Gliscor|Substitute|p1a: Gliscor
|-start|p1a: Gliscor|Substitute
|-damage|p1a: Gliscor|76/100 tox
|move|p2a: Slowking|Future Sight|p1a: Gliscor
|-start|p2a: Slowking|move: Future Sight
|
|-heal|p1a: Gliscor|88/100 tox|[from] ability: Poison Heal
|upkeep
|turn|25
|
|t:|1760749796
|switch|p2a: Alomomola|Alomomola, F|83/100 tox
|move|p1a: Gliscor|Earthquake|p2a: Alomomola
|-damage|p2a: Alomomola|65/100 tox
|
|-heal|p1a: Gliscor|100/100 tox|[from] ability: Poison Heal
|-damage|p2a: Alomomola|59/100 tox|[from] psn
|upkeep
|turn|26
|
|t:|1760749802
|move|p1a: Gliscor|Protect|p1a: Gliscor
|-singleturn|p1a: Gliscor|Protect
|move|p2a: Alomomola|Tickle|p1a: Gliscor
|-activate|p1a: Gliscor|move: Protect
|
|-end|p1a: Gliscor|move: Future Sight
|-end|p1a: Gliscor|Substitute
|-damage|p2a: Alomomola|47/100 tox|[from] psn
|upkeep
|turn|27
|
|t:|1760749819
|switch|p2a: Rillaboom|Rillaboom, M|100/100
|-fieldstart|move: Grassy Terrain|[from] ability: Grassy Surge|[of] p2a: Rillaboom
|move|p1a: Gliscor|Earthquake|p2a: Rillaboom
|-resisted|p2a: Rillaboom
|-damage|p2a: Rillaboom|92/100
|
|-heal|p2a: Rillaboom|98/100|[from] Grassy Terrain
|upkeep
|turn|28
|
|t:|1760749835
|-terastallize|p2a: Rillaboom|Grass
|move|p2a: Rillaboom|Wood Hammer|p1a: Gliscor
|-damage|p1a: Gliscor|0 fnt
|faint|p1a: Gliscor
|-damage|p2a: Rillaboom|64/100|[from] Recoil
|
|-heal|p2a: Rillaboom|70/100|[from] Grassy Terrain
|upkeep
|
|t:|1760749844
|switch|p1a: Cinderace|Cinderace, M|100/100
|turn|29
|
|t:|1760749848
|switch|p2a: Alomomola|Alomomola, F|80/100 tox
|move|p1a: Cinderace|U-turn|p2a: Alomomola
|-start|p1a: Cinderace|typechange|Bug|[from] ability: Libero
|-damage|p2a: Alomomola|61/100 tox
|
|t:|1760749852
|switch|p1a: Dragapult|Dragapult, M|100/100|[from] U-turn
|
|-heal|p2a: Alomomola|67/100 tox|[from] Grassy Terrain
|-damage|p2a: Alomomola|61/100 tox|[from] psn
|upkeep
|turn|30
|
|t:|1760749864
|switch|p2a: Slowking|Slowking-Galar, M|100/100
|move|p1a: Dragapult|Thunderbolt|p2a: Slowking
|-damage|p2a: Slowking|78/100
|
|-heal|p2a: Slowking|85/100|[from] Grassy Terrain
|upkeep
|turn|31
|
|t:|1760749871
|switch|p1a: Walking Wake|Walking Wake|23/100
|move|p2a: Slowking|Thunder Wave|p1a: Walking Wake
|-status|p1a: Walking Wake|par
|
|-heal|p1a: Walking Wake|29/100 par|[from] Grassy Terrain
|-heal|p2a: Slowking|91/100|[from] Grassy Terrain
|-fieldend|move: Grassy Terrain
|upkeep
|turn|32
|
|t:|1760749876
|move|p1a: Walking Wake|Draco Meteor|p2a: Slowking
|-damage|p2a: Slowking|54/100
|-unboost|p1a: Walking Wake|spa|2
|move|p2a: Slowking|Future Sight|p1a: Walking Wake
|-start|p2a: Slowking|move: Future Sight
|
|upkeep
|turn|33
|
|t:|1760749883
|cant|p1a: Walking Wake|par
|-prepare|p2a: Slowking|Chilly Reception|[premajor]
|move|p2a: Slowking|Chilly Reception|p2a: Slowking
|-weather|Snowscape
|
|t:|1760749888
|switch|p2a: Rillaboom|Rillaboom, M, tera:Grass|70/100|[from] Chilly Reception
|-fieldstart|move: Grassy Terrain|[from] ability: Grassy Surge|[of] p2a: Rillaboom
|
|-weather|Snowscape|[upkeep]
|-heal|p2a: Rillaboom|76/100|[from] Grassy Terrain
|-heal|p1a: Walking Wake|35/100 par|[from] Grassy Terrain
|upkeep
|turn|34
|
|t:|1760749894
|move|p2a: Rillaboom|Grassy Glide|p1a: Walking Wake
|-damage|p1a: Walking Wake|0 fnt
|faint|p1a: Walking Wake
|-end|p1a: Walking Wake|Protosynthesis|[silent]
|
|-weather|Snowscape|[upkeep]
|-hint|Future Sight did not hit because the target is fainted.
|-heal|p2a: Rillaboom|82/100|[from] Grassy Terrain
|upkeep
|
|t:|1760749899
|switch|p1a: Cinderace|Cinderace, M|100/100
|turn|35
|
|t:|1760749903
|switch|p2a: Alomomola|Alomomola, F|94/100 tox
|move|p1a: Cinderace|Gunk Shot|p2a: Alomomola
|-start|p1a: Cinderace|typechange|Poison|[from] ability: Libero
|-damage|p2a: Alomomola|66/100 tox
|
|-weather|Snowscape|[upkeep]
|-heal|p2a: Alomomola|72/100 tox|[from] Grassy Terrain
|-damage|p2a: Alomomola|66/100 tox|[from] psn
|upkeep
|turn|36
|-message|estopa lol forfeited.
|
|win|theviolator3000
|raw|estopa lol's rating: 1178 &rarr; <strong>1152</strong><br />(-26 for losing)
|raw|theviolator3000's rating: 1170 &rarr; <strong>1196</strong><br />(+26 for winning)
|l|☆estopa lol
|player|p1|
