|j|☆Winter6097
|j|☆inder-house
|t:|1760764430
|gametype|singles
|player|p1|Winter6097|dancer|1431
|player|p2|inder-house|169|1539
|gen|9
|tier|[Gen 9] OU
|rated|
|rule|HP Percentage Mod: HP is shown in percentages
|rule|Endless Battle Clause: Forcing endless battles is banned
|rule|Species Clause: Limit one of each Pokémon
|rule|OHKO Clause: OHKO moves are banned
|rule|Evasion Items Clause: Evasion items are banned
|rule|Evasion Moves Clause: Evasion moves are banned
|rule|Evasion Abilities Clause: Evasion abilities are banned
|rule|Sleep Moves Clause: Sleep-inducing moves are banned
|clearpoke
|poke|p1|Polteageist|
|poke|p1|Indeedee-F, F|
|poke|p1|Hatterene, F|
|poke|p1|Hoopa-Unbound|
|poke|p1|Hawlucha, M|
|poke|p1|Delphox, F|
|poke|p2|Clodsire, F|
|poke|p2|Garganacl, M|
|poke|p2|Zamazenta-*|
|poke|p2|Tornadus-Therian, M|
|poke|p2|Cinderace, F|
|poke|p2|Iron Valiant|
|teampreview
|inactive|Battle timer is ON: inactive players will automatically lose when time's up. (requested by Winter6097)
|inactive|inder-house has 120 seconds left.
|
|t:|1760764486
|teamsize|p1|6
|teamsize|p2|6
|start
|switch|p1a: Maiden|Indeedee-F, F|100/100
|switch|p2a: Clodsire|Clodsire, F|100/100
|-fieldstart|move: Psychic Terrain|[from] ability: Psychic Surge|[of] p1a: Maiden
|turn|1
|
|t:|1760764495
|switch|p1a: Megamind|Hoopa-Unbound|100/100
|-terastallize|p2a: Clodsire|Dark
|move|p2a: Clodsire|Toxic|p1a: Megamind
|-status|p1a: Megamind|tox
|
|-damage|p1a: Megamind|95/100 tox|[from] psn
|upkeep
|turn|2
|
|t:|1760764505
|move|p1a: Megamind|Trick|p2a: Clodsire
|-activate|p1a: Megamind|move: Trick|[of] p2a: Clodsire
|-item|p2a: Clodsire|Choice Scarf|[from] move: Trick
|-item|p1a: Megamind|Leftovers|[from] move: Trick
|move|p2a: Clodsire|Earthquake|p1a: Megamind
|-damage|p1a: Megamind|43/100 tox
|
|-heal|p1a: Megamind|49/100 tox|[from] item: Leftovers
|-damage|p1a: Megamind|37/100 tox|[from] psn
|upkeep
|turn|3
|
|t:|1760764511
|move|p1a: Megamind|Drain Punch|p2a: Clodsire
|-supereffective|p2a: Clodsire
|-damage|p2a: Clodsire|46/100
|-heal|p1a: Megamind|80/100 tox|[from] drain|[of] p2a: Clodsire
|move|p2a: Clodsire|Earthquake|p1a: Megamind
|-damage|p1a: Megamind|30/100 tox
|
|-heal|p1a: Megamind|36/100 tox|[from] item: Leftovers
|-damage|p1a: Megamind|18/100 tox|[from] psn
|upkeep
|turn|4
|
|t:|1760764519
|switch|p2a: Zamazenta|Zamazenta|100/100
|-ability|p2a: Zamazenta|Dauntless Shield|boost
|-boost|p2a: Zamazenta|def|1
|move|p1a: Megamind|Drain Punch|p2a: Zamazenta
|-damage|p2a: Zamazenta|89/100
|-heal|p1a: Megamind|26/100 tox|[from] drain|[of] p2a: Zamazenta
|
|-heal|p2a: Zamazenta|95/100|[from] item: Leftovers
|-heal|p1a: Megamind|32/100 tox|[from] item: Leftovers
|-damage|p1a: Megamind|8/100 tox|[from] psn
|upkeep
|turn|5
|
|t:|1760764522
|move|p2a: Zamazenta|Substitute|p2a: Zamazenta
|-start|p2a: Zamazenta|Substitute
|-damage|p2a: Zamazenta|70/100
|move|p1a: Megamind|Expanding Force|p2a: Zamazenta
|-supereffective|p2a: Zamazenta
|-end|p2a: Zamazenta|Substitute
|
|-heal|p2a: Zamazenta|76/100|[from] item: Leftovers
|-heal|p1a: Megamind|14/100 tox|[from] item: Leftovers
|-damage|p1a: Megamind|0 fnt|[from] psn
|faint|p1a: Megamind
|upkeep
|
|t:|1760764531
|switch|p1a: Hawlucha|Hawlucha, M|100/100
|-enditem|p1a: Hawlucha|Psychic Seed
|-boost|p1a: Hawlucha|spd|1|[from] item: Psychic Seed
|turn|6
|inactive|inder-house has 120 seconds left.
|
|t:|1760764565
|move|p1a: Hawlucha|Swords Dance|p1a: Hawlucha
|-boost|p1a: Hawlucha|atk|2
|move|p2a: Zamazenta|Iron Defense|p2a: Zamazenta
|-boost|p2a: Zamazenta|def|2
|
|-heal|p2a: Zamazenta|82/100|[from] item: Leftovers
|upkeep
|turn|7
|
|t:|1760764570
|move|p1a: Hawlucha|Acrobatics|p2a: Zamazenta
|-supereffective|p2a: Zamazenta
|-damage|p2a: Zamazenta|27/100
|move|p2a: Zamazenta|Iron Defense|p2a: Zamazenta
|-boost|p2a: Zamazenta|def|2
|
|-heal|p2a: Zamazenta|33/100|[from] item: Leftovers
|upkeep
|turn|8
|
|t:|1760764575
|move|p1a: Hawlucha|Acrobatics|p2a: Zamazenta
|-supereffective|p2a: Zamazenta
|-damage|p2a: Zamazenta|0 fnt
|faint|p2a: Zamazenta
|
|-fieldend|move: Psychic Terrain
|upkeep
|c|☆inder-house|dang
|
|t:|1760764585
|switch|p2a: Tornadus|Tornadus-Therian, M|100/100
|turn|9
|
|t:|1760764591
|-terastallize|p1a: Hawlucha|Steel
|move|p1a: Hawlucha|Swords Dance|p1a: Hawlucha
|-boost|p1a: Hawlucha|atk|2
|move|p2a: Tornadus|Bleakwind Storm|p1a: Hawlucha
|-resisted|p1a: Hawlucha
|-damage|p1a: Hawlucha|76/100
|
|upkeep
|turn|10
|
|t:|1760764594
|move|p1a: Hawlucha|Acrobatics|p2a: Tornadus
|-damage|p2a: Tornadus|0 fnt
|faint|p2a: Tornadus
|
|upkeep
|
|t:|1760764598
|switch|p2a: Garganacl|Garganacl, M|100/100
|turn|11
|
|t:|1760764600
|move|p1a: Hawlucha|Close Combat|p2a: Garganacl
|-supereffective|p2a: Garganacl
|-damage|p2a: Garganacl|0 fnt
|-unboost|p1a: Hawlucha|def|1
|-unboost|p1a: Hawlucha|spd|1
|faint|p2a: Garganacl
|
|upkeep
|c|☆inder-house|solid play
|
|t:|1760764608
|switch|p2a: Cinderace|Cinderace, F|100/100
|turn|12
|
|t:|1760764611
|move|p2a: Cinderace|Sucker Punch|p1a: Hawlucha
|-start|p2a: Cinderace|typechange|Dark|[from] ability: Libero
|-crit|p1a: Hawlucha
|-damage|p1a: Hawlucha|0 fnt
|faint|p1a: Hawlucha
|
|upkeep
|
|t:|1760764615
|switch|p1a: Maiden|Indeedee-F, F|100/100
|-fieldstart|move: Psychic Terrain|[from] ability: Psychic Surge|[of] p1a: Maiden
|turn|13
|
|t:|1760764627
|switch|p1a: Anti-Hazard|Hatterene, F|100/100
|move|p2a: Cinderace|U-turn|p1a: Anti-Hazard
|-damage|p1a: Anti-Hazard|79/100
|-enditem|p1a: Anti-Hazard|Eject Button
|
|t:|1760764634
|switch|p1a: SURPRISE|Polteageist|100/100
|
|upkeep
|turn|14
|inactive|inder-house has 120 seconds left.
|
|t:|1760764684
|move|p2a: Cinderace|Pyro Ball|p1a: SURPRISE|[miss]
|-miss|p2a: Cinderace|p1a: SURPRISE
|move|p1a: SURPRISE|Shell Smash|p1a: SURPRISE
|-unboost|p1a: SURPRISE|def|1
|-unboost|p1a: SURPRISE|spd|1
|-boost|p1a: SURPRISE|atk|2
|-boost|p1a: SURPRISE|spa|2
|-boost|p1a: SURPRISE|spe|2
|
|upkeep
|turn|15
|c|☆inder-house|ffff
|
|t:|1760764697
|switch|p2a: Clodsire|Clodsire, F, tera:Dark|46/100
|move|p1a: SURPRISE|Tera Blast|p2a: Clodsire
|-damage|p2a: Clodsire|15/100
|
|upkeep
|turn|16
|
|t:|1760764702
|move|p1a: SURPRISE|Tera Blast|p2a: Clodsire
|-damage|p2a: Clodsire|0 fnt
|faint|p2a: Clodsire
|
|upkeep
|
|t:|1760764704
|switch|p2a: Cinderace|Cinderace, F|100/100
|turn|17
|
|t:|1760764706
|move|p2a: Cinderace|Sucker Punch|p1a: SURPRISE
|-start|p2a: Cinderace|typechange|Dark|[from] ability: Libero
|-activate|p1a: SURPRISE|move: Psychic Terrain
|move|p1a: SURPRISE|Tera Blast|p2a: Cinderace
|-damage|p2a: Cinderace|15/100
|
|upkeep
|turn|18
|c|☆Winter6097|Tough luck
|c|☆inder-house|the tera attack is interesting haha
|c|☆inder-house|gg wp
|inactive|inder-house has 120 seconds left.
|c|☆Winter6097|Gg
|l|☆inder-house
|inactive|inder-house disconnected and has a minute to reconnect!
|player|p2|
|inactive|inder-house has 30 seconds to reconnect!
|inactive|inder-house has 20 seconds to reconnect!
|inactive|inder-house has 15 seconds to reconnect!
|inactive|inder-house has 10 seconds to reconnect!
|inactive|inder-house has 5 seconds to reconnect!
|-message|inder-house lost due to inactivity.
|
|win|Winter6097
|raw|Winter6097's rating: 1431 &rarr; <strong>1457</strong><br />(+26 for winning)
|raw|inder-house's rating: 1539 &rarr; <strong>1513</strong><br />(-26 for losing)
|l|☆Winter6097
|player|p1|
