|j|☆usucklatias
|j|☆Father of galar
|t:|1760750046
|gametype|singles
|player|p1|usucklatias|brycenman|1127
|player|p2|Father of galar|gentleman-gen4|1113
|gen|9
|tier|[Gen 9] OU
|rated|
|rule|HP Percentage Mod: HP is shown in percentages
|rule|Endless Battle Clause: Forcing endless battles is banned
|rule|Species Clause: Limit one of each Pokémon
|rule|OHKO Clause: OHKO moves are banned
|rule|Evasion Items Clause: Evasion items are banned
|rule|Evasion Moves Clause: Evasion moves are banned
|rule|Evasion Abilities Clause: Evasion abilities are banned
|rule|Sleep Moves Clause: Sleep-inducing moves are banned
|clearpoke
|poke|p1|Hoopa-Unbound|
|poke|p1|Hydrapple, M|
|poke|p1|Gliscor, M|
|poke|p1|Cinderace, F|
|poke|p1|Alomomola, M|
|poke|p1|Gholdengo|
|poke|p2|Galvantula, M|
|poke|p2|Mienshao, M|
|poke|p2|Excadrill, F|
|poke|p2|Swanna, M|
|poke|p2|Golurk|
|poke|p2|Chandelure, F|
|teampreview
|inactive|Battle timer is ON: inactive players will automatically lose when time's up. (requested by Father of galar)
|
|t:|1760750060
|teamsize|p1|6
|teamsize|p2|6
|start
|switch|p1a: Alomomola|Alomomola, M|100/100
|switch|p2a: Ducky|Swanna, M, shiny|100/100
|turn|1
|
|t:|1760750069
|move|p2a: Ducky|Air Slash|p1a: Alomomola
|-damage|p1a: Alomomola|86/100
|move|p1a: Alomomola|Flip Turn|p2a: Ducky
|-resisted|p2a: Ducky
|-damage|p2a: Ducky|87/100
|
|t:|1760750079
|switch|p1a: Hydrapple|Hydrapple, M, shiny|100/100|[from] Flip Turn
|
|upkeep
|turn|2
|
|t:|1760750085
|move|p2a: Ducky|Alluring Voice|p1a: Hydrapple
|-supereffective|p1a: Hydrapple
|-damage|p1a: Hydrapple|61/100
|move|p1a: Hydrapple|Nasty Plot|p1a: Hydrapple
|-boost|p1a: Hydrapple|spa|2
|
|upkeep
|turn|3
|
|t:|1760750093
|move|p2a: Ducky|Air Slash|p1a: Hydrapple
|-supereffective|p1a: Hydrapple
|-damage|p1a: Hydrapple|12/100
|move|p1a: Hydrapple|Giga Drain|p2a: Ducky
|-damage|p2a: Ducky|0 fnt
|-heal|p1a: Hydrapple|43/100|[from] drain|[of] p2a: Ducky
|faint|p2a: Ducky
|
|upkeep
|
|t:|1760750102
|switch|p2a: Fire|Chandelure, F, shiny|100/100
|turn|4
|
|t:|1760750112
|switch|p1a: Gliscor|Gliscor, M|100/100
|move|p2a: Fire|Dark Pulse|p1a: Gliscor
|-damage|p1a: Gliscor|62/100
|
|-status|p1a: Gliscor|tox|[from] item: Toxic Orb
|upkeep
|turn|5
|
|t:|1760750121
|move|p1a: Gliscor|Spikes|p2a: Fire
|-sidestart|p2: Father of galar|Spikes
|move|p2a: Fire|Dark Pulse|p1a: Gliscor
|-damage|p1a: Gliscor|20/100 tox
|
|-heal|p1a: Gliscor|33/100 tox|[from] ability: Poison Heal
|upkeep
|turn|6
|
|t:|1760750129
|move|p1a: Gliscor|Protect|p1a: Gliscor
|-singleturn|p1a: Gliscor|Protect
|move|p2a: Fire|Dark Pulse|p1a: Gliscor
|-activate|p1a: Gliscor|move: Protect
|
|-heal|p1a: Gliscor|45/100 tox|[from] ability: Poison Heal
|upkeep
|turn|7
|
|t:|1760750138
|switch|p1a: Alomomola|Alomomola, M|100/100
|move|p2a: Fire|Dark Pulse|p1a: Alomomola
|-damage|p1a: Alomomola|80/100
|
|upkeep
|turn|8
|
|t:|1760750144
|move|p2a: Fire|Dark Pulse|p1a: Alomomola
|-damage|p1a: Alomomola|59/100
|move|p1a: Alomomola|Mirror Coat|p2a: Fire
|-damage|p2a: Fire|24/100
|
|upkeep
|turn|9
|
|t:|1760750152
|move|p2a: Fire|Dark Pulse|p1a: Alomomola
|-damage|p1a: Alomomola|36/100
|move|p1a: Alomomola|Flip Turn|p2a: Fire
|-supereffective|p2a: Fire
|-damage|p2a: Fire|0 fnt
|faint|p2a: Fire
|
|t:|1760750163
|switch|p1a: Hoopa|Hoopa-Unbound|100/100|[from] Flip Turn
|
|upkeep
|
|t:|1760750178
|switch|p2a: Wu|Mienshao, M, shiny|100/100
|-damage|p2a: Wu|88/100|[from] Spikes
|turn|10
|
|t:|1760750185
|move|p2a: Wu|Fake Out|p1a: Hoopa
|-damage|p1a: Hoopa|76/100
|cant|p1a: Hoopa|flinch
|
|upkeep
|turn|11
|
|t:|1760750193
|move|p1a: Hoopa|Psychic Noise|p2a: Wu
|-supereffective|p2a: Wu
|-damage|p2a: Wu|0 fnt
|faint|p2a: Wu
|
|upkeep
|
|t:|1760750199
|switch|p2a: Electricity|Galvantula, M, shiny|100/100
|turn|12
|
|t:|1760750205
|switch|p1a: Gliscor|Gliscor, M|45/100 tox
|move|p2a: Electricity|Bug Buzz|p1a: Gliscor
|-resisted|p1a: Gliscor
|-damage|p1a: Gliscor|29/100 tox
|-unboost|p1a: Gliscor|spd|1
|
|-heal|p1a: Gliscor|41/100 tox|[from] ability: Poison Heal
|upkeep
|turn|13
|
|t:|1760750215
|move|p1a: Gliscor|Protect|p1a: Gliscor
|-singleturn|p1a: Gliscor|Protect
|move|p2a: Electricity|Giga Drain|p1a: Gliscor
|-activate|p1a: Gliscor|move: Protect
|
|-heal|p1a: Gliscor|54/100 tox|[from] ability: Poison Heal
|upkeep
|turn|14
|
|t:|1760750225
|move|p2a: Electricity|Giga Drain|p1a: Gliscor
|-damage|p1a: Gliscor|25/100 tox
|move|p1a: Gliscor|Earthquake|p2a: Electricity
|-damage|p2a: Electricity|48/100
|
|-heal|p1a: Gliscor|37/100 tox|[from] ability: Poison Heal
|upkeep
|turn|15
|
|t:|1760750235
|move|p2a: Electricity|Giga Drain|p1a: Gliscor
|-damage|p1a: Gliscor|12/100 tox
|-heal|p2a: Electricity|64/100|[from] drain|[of] p1a: Gliscor
|move|p1a: Gliscor|Toxic|p2a: Electricity
|-status|p2a: Electricity|tox
|
|-damage|p2a: Electricity|58/100 tox|[from] psn
|-heal|p1a: Gliscor|24/100 tox|[from] ability: Poison Heal
|upkeep
|turn|16
|
|t:|1760750245
|move|p1a: Gliscor|Protect|p1a: Gliscor
|-singleturn|p1a: Gliscor|Protect
|move|p2a: Electricity|Giga Drain|p1a: Gliscor
|-activate|p1a: Gliscor|move: Protect
|
|-damage|p2a: Electricity|46/100 tox|[from] psn
|-heal|p1a: Gliscor|37/100 tox|[from] ability: Poison Heal
|upkeep
|turn|17
|
|t:|1760750254
|move|p2a: Electricity|Giga Drain|p1a: Gliscor
|-damage|p1a: Gliscor|11/100 tox
|-heal|p2a: Electricity|62/100 tox|[from] drain|[of] p1a: Gliscor
|move|p1a: Gliscor|Earthquake|p2a: Electricity
|-damage|p2a: Electricity|8/100 tox
|
|-damage|p2a: Electricity|0 fnt|[from] psn
|faint|p2a: Electricity
|-heal|p1a: Gliscor|24/100 tox|[from] ability: Poison Heal
|upkeep
|
|t:|1760750259
|switch|p2a: Ancient|Golurk, shiny|100/100
|-damage|p2a: Ancient|88/100|[from] Spikes
|turn|18
|
|t:|1760750272
|move|p1a: Gliscor|Protect|p1a: Gliscor
|-singleturn|p1a: Gliscor|Protect
|move|p2a: Ancient|Rock Slide|p1a: Gliscor
|-activate|p1a: Gliscor|move: Protect
|
|-heal|p1a: Gliscor|36/100 tox|[from] ability: Poison Heal
|upkeep
|turn|19
|
|t:|1760750281
|switch|p1a: Alomomola|Alomomola, M|69/100
|move|p2a: Ancient|Rock Slide|p1a: Alomomola
|-damage|p1a: Alomomola|46/100
|-damage|p2a: Ancient|79/100|[from] item: Life Orb
|
|upkeep
|turn|20
|
|t:|1760750289
|move|p2a: Ancient|Rock Slide|p1a: Alomomola
|-damage|p1a: Alomomola|21/100
|-damage|p2a: Ancient|69/100|[from] item: Life Orb
|move|p1a: Alomomola|Mirror Coat||[still]
|-fail|p1a: Alomomola
|
|upkeep
|turn|21
|
|t:|1760750296
|move|p2a: Ancient|Rock Slide|p1a: Alomomola
|-crit|p1a: Alomomola
|-damage|p1a: Alomomola|0 fnt
|faint|p1a: Alomomola
|-damage|p2a: Ancient|59/100|[from] item: Life Orb
|
|upkeep
|
|t:|1760750304
|switch|p1a: Gholdengo|Gholdengo|100/100
|-item|p1a: Gholdengo|Air Balloon
|turn|22
|
|t:|1760750309
|move|p1a: Gholdengo|Hex|p2a: Ancient
|-supereffective|p2a: Ancient
|-damage|p2a: Ancient|0 fnt
|faint|p2a: Ancient
|
|upkeep
|
|t:|1760750312
|switch|p2a: Drill|Excadrill, F, shiny|100/100
|-ability|p2a: Drill|Mold Breaker
|-item|p2a: Drill|Air Balloon
|turn|23
|
|t:|1760750320
|move|p2a: Drill|Drill Run|p1a: Gholdengo
|-immune|p1a: Gholdengo
|move|p1a: Gholdengo|Hex|p2a: Drill
|-damage|p2a: Drill|62/100
|-enditem|p2a: Drill|Air Balloon
|
|upkeep
|turn|24
|
|t:|1760750327
|move|p2a: Drill|Brick Break|p1a: Gholdengo
|-immune|p1a: Gholdengo
|move|p1a: Gholdengo|Hex|p2a: Drill
|-damage|p2a: Drill|21/100
|
|upkeep
|turn|25
|
|t:|1760750334
|move|p2a: Drill|Rapid Spin|p1a: Gholdengo
|-immune|p1a: Gholdengo
|move|p1a: Gholdengo|Hex|p2a: Drill
|-damage|p2a: Drill|0 fnt
|faint|p2a: Drill
|
|win|usucklatias
|raw|usucklatias's rating: 1127 &rarr; <strong>1151</strong><br />(+24 for winning)
|raw|Father of galar's rating: 1113 &rarr; <strong>1089</strong><br />(-24 for losing)
|l|☆Father of galar
|player|p2|
|l|☆usucklatias
|player|p1|
