|j|☆CorvusSumten
|j|☆kenjakuken
|t:|1760730517
|gametype|singles
|player|p1|CorvusSumten|ingo|1058
|player|p2|kenjakuken|li|1068
|gen|9
|tier|[Gen 9] OU
|rated|
|rule|HP Percentage Mod: HP is shown in percentages
|rule|Endless Battle Clause: Forcing endless battles is banned
|rule|Species Clause: Limit one of each Pokémon
|rule|OHKO Clause: OHKO moves are banned
|rule|Evasion Items Clause: Evasion items are banned
|rule|Evasion Moves Clause: Evasion moves are banned
|rule|Evasion Abilities Clause: Evasion abilities are banned
|rule|Sleep Moves Clause: Sleep-inducing moves are banned
|clearpoke
|poke|p1|Manaphy|
|poke|p1|Ribombee, F|
|poke|p1|Garchomp, F|
|poke|p1|Kingambit, M|
|poke|p1|Iron Valiant|
|poke|p1|Cinderace, F|
|poke|p2|Mimikyu, M|
|poke|p2|Cramorant, M|
|poke|p2|Scrafty, M|
|poke|p2|Toxapex, M|
|poke|p2|Gliscor, M|
|poke|p2|Kingambit, M|
|teampreview
|
|t:|1760730541
|teamsize|p1|6
|teamsize|p2|6
|start
|switch|p1a: Ribombee|Ribombee, F|100/100
|switch|p2a: Pepi lokalniq|Scrafty, M|100/100
|turn|1
|
|t:|1760730549
|-terastallize|p2a: Pepi lokalniq|Poison
|move|p1a: Ribombee|Sticky Web|p2a: Pepi lokalniq
|-sidestart|p2: kenjakuken|move: Sticky Web
|move|p2a: Pepi lokalniq|Bulk Up|p2a: Pepi lokalniq
|-boost|p2a: Pepi lokalniq|atk|1
|-boost|p2a: Pepi lokalniq|def|1
|
|upkeep
|turn|2
|
|t:|1760730557
|move|p1a: Ribombee|U-turn|p2a: Pepi lokalniq
|-resisted|p2a: Pepi lokalniq
|-damage|p2a: Pepi lokalniq|96/100
|
|t:|1760730573
|switch|p1a: Iron Valiant|Iron Valiant|100/100|[from] U-turn
|move|p2a: Pepi lokalniq|Bulk Up|p2a: Pepi lokalniq
|-boost|p2a: Pepi lokalniq|atk|1
|-boost|p2a: Pepi lokalniq|def|1
|
|-heal|p2a: Pepi lokalniq|100/100|[from] item: Leftovers
|upkeep
|turn|3
|
|t:|1760730583
|move|p1a: Iron Valiant|Encore|p2a: Pepi lokalniq
|-start|p2a: Pepi lokalniq|Encore
|move|p2a: Pepi lokalniq|Bulk Up|p2a: Pepi lokalniq
|-boost|p2a: Pepi lokalniq|atk|1
|-boost|p2a: Pepi lokalniq|def|1
|
|upkeep
|turn|4
|
|t:|1760730595
|move|p1a: Iron Valiant|Knock Off|p2a: Pepi lokalniq
|-damage|p2a: Pepi lokalniq|85/100
|-enditem|p2a: Pepi lokalniq|Leftovers|[from] move: Knock Off|[of] p1a: Iron Valiant
|-damage|p1a: Iron Valiant|91/100|[from] item: Life Orb
|move|p2a: Pepi lokalniq|Bulk Up|p2a: Pepi lokalniq
|-boost|p2a: Pepi lokalniq|atk|1
|-boost|p2a: Pepi lokalniq|def|1
|
|upkeep
|turn|5
|
|t:|1760730611
|move|p1a: Iron Valiant|Thunderbolt|p2a: Pepi lokalniq
|-damage|p2a: Pepi lokalniq|49/100
|-damage|p1a: Iron Valiant|81/100|[from] item: Life Orb
|move|p2a: Pepi lokalniq|Bulk Up|p2a: Pepi lokalniq
|-boost|p2a: Pepi lokalniq|atk|1
|-boost|p2a: Pepi lokalniq|def|1
|
|-end|p2a: Pepi lokalniq|Encore
|upkeep
|turn|6
|
|t:|1760730621
|move|p1a: Iron Valiant|Encore|p2a: Pepi lokalniq
|-start|p2a: Pepi lokalniq|Encore
|move|p2a: Pepi lokalniq|Bulk Up|p2a: Pepi lokalniq
|-boost|p2a: Pepi lokalniq|atk|1
|-boost|p2a: Pepi lokalniq|def|1
|
|upkeep
|turn|7
|
|t:|1760730631
|move|p1a: Iron Valiant|Thunderbolt|p2a: Pepi lokalniq
|-damage|p2a: Pepi lokalniq|12/100
|-damage|p1a: Iron Valiant|71/100|[from] item: Life Orb
|move|p2a: Pepi lokalniq|Bulk Up|p2a: Pepi lokalniq
|-boost|p2a: Pepi lokalniq|atk|0
|-boost|p2a: Pepi lokalniq|def|0
|
|upkeep
|turn|8
|inactive|Battle timer is ON: inactive players will automatically lose when time's up. (requested by kenjakuken)
|c|☆CorvusSumten|Lol
|inactive|kenjakuken has 120 seconds left.
|
|t:|1760730696
|move|p1a: Iron Valiant|Thunderbolt|p2a: Pepi lokalniq
|-damage|p2a: Pepi lokalniq|0 fnt
|faint|p2a: Pepi lokalniq
|-damage|p1a: Iron Valiant|62/100|[from] item: Life Orb
|
|upkeep
|
|t:|1760730711
|switch|p2a: V1|Cramorant, M|100/100
|turn|9
|
|t:|1760730724
|move|p1a: Iron Valiant|Knock Off|p2a: V1
|-damage|p2a: V1|22/100
|-damage|p1a: Iron Valiant|45/100|[from] item: Rocky Helmet|[of] p2a: V1
|-enditem|p2a: V1|Rocky Helmet|[from] move: Knock Off|[of] p1a: Iron Valiant
|-damage|p1a: Iron Valiant|35/100|[from] item: Life Orb
|move|p2a: V1|Surf|p1a: Iron Valiant
|-formechange|p2a: V1|Cramorant-Gorging|
|-damage|p1a: Iron Valiant|0 fnt
|faint|p1a: Iron Valiant
|-end|p1a: Iron Valiant|Quark Drive|[silent]
|
|upkeep
|inactive|CorvusSumten has 120 seconds left.
|
|t:|1760730752
|switch|p1a: Kingambit|Kingambit, M|100/100
|-activate|p1a: Kingambit|ability: Supreme Overlord
|-start|p1a: Kingambit|fallen1|[silent]
|turn|10
|
|t:|1760730759
|move|p1a: Kingambit|Sucker Punch||[still]
|-fail|p1a: Kingambit
|move|p2a: V1|Roost|p2a: V1
|-heal|p2a: V1|72/100
|-singleturn|p2a: V1|move: Roost
|
|upkeep
|turn|11
|
|t:|1760730768
|move|p2a: V1|Ice Beam|p1a: Kingambit
|-resisted|p1a: Kingambit
|-damage|p1a: Kingambit|87/100
|-status|p1a: Kingambit|frz
|-curestatus|p1a: Kingambit|frz|[msg]
|move|p1a: Kingambit|Swords Dance|p1a: Kingambit
|-boost|p1a: Kingambit|atk|2
|
|upkeep
|turn|12
|
|t:|1760730781
|move|p2a: V1|Surf|p1a: Kingambit
|-damage|p1a: Kingambit|50/100
|move|p1a: Kingambit|Swords Dance|p1a: Kingambit
|-boost|p1a: Kingambit|atk|2
|
|upkeep
|turn|13
|
|t:|1760730788
|move|p1a: Kingambit|Sucker Punch|p2a: V1
|-damage|p2a: V1|0 fnt
|-damage|p1a: Kingambit|25/100|[from] ability: Gulp Missile|[of] p2a: V1
|-status|p1a: Kingambit|par
|-formechange|p2a: V1|Cramorant|
|faint|p2a: V1
|
|upkeep
|
|t:|1760730797
|switch|p2a: The honoured one|Gliscor, M, shiny|100/100
|turn|14
|
|t:|1760730807
|move|p1a: Kingambit|Sucker Punch||[still]
|-fail|p1a: Kingambit
|move|p2a: The honoured one|Stealth Rock|p1a: Kingambit
|-sidestart|p1: CorvusSumten|move: Stealth Rock
|
|-status|p2a: The honoured one|tox|[from] item: Toxic Orb
|upkeep
|turn|15
|
|t:|1760730821
|move|p2a: The honoured one|Protect|p2a: The honoured one
|-singleturn|p2a: The honoured one|Protect
|move|p1a: Kingambit|Kowtow Cleave|p2a: The honoured one
|-activate|p2a: The honoured one|move: Protect
|
|upkeep
|turn|16
|
|t:|1760730828
|move|p1a: Kingambit|Sucker Punch|p2a: The honoured one
|-damage|p2a: The honoured one|0 fnt
|faint|p2a: The honoured one
|
|upkeep
|
|t:|1760730834
|switch|p2a: Mimi|Mimikyu, M|100/100
|-activate|p2a: Mimi|move: Sticky Web
|-unboost|p2a: Mimi|spe|1
|turn|17
|
|t:|1760730851
|-terastallize|p1a: Kingambit|Flying
|move|p2a: Mimi|Shadow Sneak|p1a: Kingambit
|-damage|p1a: Kingambit|11/100 par
|cant|p1a: Kingambit|par
|
|upkeep
|turn|18
|
|t:|1760730859
|move|p2a: Mimi|Swords Dance|p2a: Mimi
|-boost|p2a: Mimi|atk|2
|move|p1a: Kingambit|Iron Head|p2a: Mimi
|-activate|p2a: Mimi|ability: Disguise
|-damage|p2a: Mimi|100/100
|detailschange|p2a: Mimi|Mimikyu-Busted, M
|-damage|p2a: Mimi|88/100|[from] pokemon: Mimikyu-Busted
|
|upkeep
|turn|19
|l|☆CorvusSumten
|inactive|CorvusSumten disconnected and has a minute to reconnect!
|player|p1|
|inactive|CorvusSumten has 30 seconds to reconnect!
|j|☆CorvusSumten
|inactive|CorvusSumten reconnected and has 105 seconds left.
|player|p1|CorvusSumten|ingo|
|inactive|CorvusSumten has 90 seconds left.
|l|☆CorvusSumten
|inactive|CorvusSumten disconnected and has a minute to reconnect!
|player|p1|
|j|☆CorvusSumten
|inactive|CorvusSumten reconnected and has 75 seconds left.
|player|p1|CorvusSumten|ingo|
|
|t:|1760730947
|move|p2a: Mimi|Shadow Sneak|p1a: Kingambit
|-damage|p1a: Kingambit|0 fnt
|faint|p1a: Kingambit
|-end|p1a: Kingambit|fallen1|[silent]
|
|upkeep
|inactive|CorvusSumten has 60 seconds left.
|
|t:|1760730957
|switch|p1a: Cinderace|Cinderace, F|100/100
|turn|20
|
|t:|1760730965
|move|p1a: Cinderace|Sucker Punch|p2a: Mimi
|-start|p1a: Cinderace|typechange|Dark|[from] ability: Libero
|-damage|p2a: Mimi|34/100
|move|p2a: Mimi|Play Rough|p1a: Cinderace
|-supereffective|p1a: Cinderace
|-damage|p1a: Cinderace|0 fnt
|faint|p1a: Cinderace
|
|upkeep
|inactive|CorvusSumten has 60 seconds left.
|
|t:|1760730977
|switch|p1a: Garchomp|Garchomp, F|100/100
|-damage|p1a: Garchomp|94/100|[from] Stealth Rock
|turn|21
|
|t:|1760730986
|move|p1a: Garchomp|Earthquake|p2a: Mimi
|-damage|p2a: Mimi|0 fnt
|faint|p2a: Mimi
|
|upkeep
|
|t:|1760730991
|switch|p2a: Spike|Toxapex, M|100/100
|-activate|p2a: Spike|move: Sticky Web
|-unboost|p2a: Spike|spe|1
|turn|22
|l|☆CorvusSumten
|inactive|CorvusSumten disconnected and has a minute to reconnect!
|player|p1|
|inactive|CorvusSumten has 30 seconds to reconnect!
|j|☆CorvusSumten
|inactive|CorvusSumten reconnected and has 45 seconds left.
|player|p1|CorvusSumten|ingo|
|inactive|CorvusSumten has 30 seconds left.
|inactive|CorvusSumten has 20 seconds left.
|inactive|CorvusSumten has 15 seconds left.
|
|t:|1760731060
|move|p2a: Spike|Baneful Bunker|p2a: Spike
|-singleturn|p2a: Spike|move: Protect
|move|p1a: Garchomp|Earthquake|p2a: Spike
|-activate|p2a: Spike|move: Protect
|
|upkeep
|turn|23
|inactive|CorvusSumten has 25 seconds left this turn.
|inactive|CorvusSumten has 20 seconds left.
|l|☆kenjakuken
|inactive|kenjakuken disconnected and has a minute to reconnect!
|player|p2|
|j|☆kenjakuken
|inactive|kenjakuken reconnected and has 125 seconds left.
|player|p2|kenjakuken|li|
|inactive|kenjakuken has 120 seconds left.
|
|t:|1760731095
|move|p1a: Garchomp|Stealth Rock|p2a: Spike
|-sidestart|p2: kenjakuken|move: Stealth Rock
|move|p2a: Spike|Gunk Shot|p1a: Garchomp
|-resisted|p1a: Garchomp
|-damage|p1a: Garchomp|84/100
|
|upkeep
|turn|24
|inactive|CorvusSumten has 30 seconds left this turn.
|
|t:|1760731104
|move|p2a: Spike|Ice Spinner|p1a: Garchomp
|-supereffective|p1a: Garchomp
|-crit|p1a: Garchomp
|-damage|p1a: Garchomp|24/100
|-damage|p2a: Spike|88/100|[from] ability: Rough Skin|[of] p1a: Garchomp
|-damage|p2a: Spike|72/100|[from] item: Rocky Helmet|[of] p1a: Garchomp
|move|p1a: Garchomp|Dragon Tail|p2a: Spike
|-damage|p2a: Spike|57/100
|drag|p2a: Sukuna|Kingambit, M|100/100
|-activate|p2a: Sukuna|move: Sticky Web
|-unboost|p2a: Sukuna|spe|1
|-damage|p2a: Sukuna|94/100|[from] Stealth Rock
|-activate|p2a: Sukuna|ability: Supreme Overlord
|-start|p2a: Sukuna|fallen4|[silent]
|
|upkeep
|turn|25
|inactive|CorvusSumten has 30 seconds left.
|inactive|CorvusSumten has 20 seconds left.
|inactive|kenjakuken has 120 seconds left.
|inactive|CorvusSumten has 15 seconds left.
|
|t:|1760731127
|-end|p2a: Sukuna|fallen4|[silent]
|switch|p2a: Spike|Toxapex, M|90/100
|-activate|p2a: Spike|move: Sticky Web
|-unboost|p2a: Spike|spe|1
|-damage|p2a: Spike|77/100|[from] Stealth Rock
|move|p1a: Garchomp|Earthquake|p2a: Spike
|-supereffective|p2a: Spike
|-damage|p2a: Spike|20/100
|
|-heal|p2a: Spike|26/100|[from] item: Leftovers
|upkeep
|turn|26
|inactive|CorvusSumten has 25 seconds left this turn.
|inactive|CorvusSumten has 20 seconds left.
|inactive|CorvusSumten has 15 seconds left.
|inactive|kenjakuken has 120 seconds left.
|
|t:|1760731142
|move|p1a: Garchomp|Earthquake|p2a: Spike
|-supereffective|p2a: Spike
|-damage|p2a: Spike|0 fnt
|faint|p2a: Spike
|
|upkeep
|inactive|kenjakuken has 120 seconds left.
|
|t:|1760731147
|switch|p2a: Sukuna|Kingambit, M|94/100
|-activate|p2a: Sukuna|move: Sticky Web
|-unboost|p2a: Sukuna|spe|1
|-damage|p2a: Sukuna|88/100|[from] Stealth Rock
|-activate|p2a: Sukuna|ability: Supreme Overlord
|-start|p2a: Sukuna|fallen5|[silent]
|turn|27
|inactive|CorvusSumten has 30 seconds left this turn.
|
|t:|1760731157
|move|p2a: Sukuna|Sucker Punch|p1a: Garchomp
|-damage|p1a: Garchomp|0 fnt
|-damage|p2a: Sukuna|76/100|[from] ability: Rough Skin|[of] p1a: Garchomp
|-damage|p2a: Sukuna|59/100|[from] item: Rocky Helmet|[of] p1a: Garchomp
|faint|p1a: Garchomp
|
|upkeep
|inactive|CorvusSumten has 30 seconds left this turn.
|
|t:|1760731162
|switch|p1a: Ribombee|Ribombee, F|100/100
|-damage|p1a: Ribombee|75/100|[from] Stealth Rock
|turn|28
|
|t:|1760731169
|move|p2a: Sukuna|Sucker Punch||[still]
|-fail|p2a: Sukuna
|move|p1a: Ribombee|Stun Spore|p2a: Sukuna
|-status|p2a: Sukuna|par
|
|upkeep
|turn|29
|
|t:|1760731175
|move|p1a: Ribombee|U-turn|p2a: Sukuna
|-damage|p2a: Sukuna|50/100 par
|
|t:|1760731181
|switch|p1a: Manaphy|Manaphy|100/100|[from] U-turn
|-damage|p1a: Manaphy|88/100|[from] Stealth Rock
|cant|p2a: Sukuna|par
|
|upkeep
|turn|30
|
|t:|1760731192
|cant|p2a: Sukuna|par
|move|p1a: Manaphy|Tail Glow|p1a: Manaphy
|-boost|p1a: Manaphy|spa|3
|
|upkeep
|turn|31
|
|t:|1760731200
|move|p1a: Manaphy|Surf|p2a: Sukuna
|-damage|p2a: Sukuna|0 fnt
|faint|p2a: Sukuna
|-end|p2a: Sukuna|fallen5|[silent]
|
|win|CorvusSumten
|raw|CorvusSumten's rating: 1058 &rarr; <strong>1090</strong><br />(+32 for winning)
|raw|kenjakuken's rating: 1068 &rarr; <strong>1047</strong><br />(-21 for losing)
|c|☆CorvusSumten|Gg
|l|☆kenjakuken
|player|p2|
|c|☆CorvusSumten|Shake my hand
