|j|☆Everystaraneye
|j|☆Shadowfruits
|t:|1760885086
|gametype|singles
|player|p1|Everystaraneye|hilda-wonderlauncher|1342
|player|p2|Shadowfruits|102|1267
|gen|9
|tier|[Gen 9] OU
|rated|
|rule|HP Percentage Mod: HP is shown in percentages
|rule|Endless Battle Clause: Forcing endless battles is banned
|rule|Species Clause: Limit one of each Pokémon
|rule|OHKO Clause: OHKO moves are banned
|rule|Evasion Items Clause: Evasion items are banned
|rule|Evasion Moves Clause: Evasion moves are banned
|rule|Evasion Abilities Clause: Evasion abilities are banned
|rule|Sleep Moves Clause: Sleep-inducing moves are banned
|clearpoke
|poke|p1|Great Tusk|
|poke|p1|Metagross|
|poke|p1|Ogerpon-Wellspring, F|
|poke|p1|Weezing-Galar, M|
|poke|p1|Darkrai|
|poke|p1|Clefable, F|
|poke|p2|Serperior, F|
|poke|p2|Cinderace, F|
|poke|p2|Ribombee, M|
|poke|p2|Corviknight, F|
|poke|p2|Latias, F|
|poke|p2|Zapdos|
|teampreview
|
|t:|1760885116
|teamsize|p1|6
|teamsize|p2|6
|start
|switch|p1a: Aquinas|Metagross|100/100
|switch|p2a: Corviknight|Corviknight, F|100/100
|turn|1
|
|t:|1760885122
|switch|p1a: Camus|Clefable, F|100/100
|move|p2a: Corviknight|Iron Defense|p2a: Corviknight
|-boost|p2a: Corviknight|def|2
|
|upkeep
|turn|2
|
|t:|1760885160
|switch|p2a: Zapdos|Zapdos|100/100
|move|p1a: Camus|Thunder Wave|p2a: Zapdos
|-immune|p2a: Zapdos
|
|upkeep
|turn|3
|
|t:|1760885166
|move|p2a: Zapdos|Thunder Wave|p1a: Camus
|-status|p1a: Camus|par
|move|p1a: Camus|Moonblast|p2a: Zapdos
|-damage|p2a: Zapdos|68/100
|
|upkeep
|turn|4
|
|t:|1760885174
|move|p2a: Zapdos|Hurricane|p1a: Camus|[miss]
|-miss|p2a: Zapdos|p1a: Camus
|cant|p1a: Camus|par
|
|upkeep
|turn|5
|
|t:|1760885180
|move|p2a: Zapdos|Hurricane|p1a: Camus
|-damage|p1a: Camus|39/100 par
|move|p1a: Camus|Moonblast|p2a: Zapdos
|-damage|p2a: Zapdos|39/100
|-unboost|p2a: Zapdos|spa|1
|
|-heal|p1a: Camus|46/100 par|[from] item: Leftovers
|upkeep
|turn|6
|
|t:|1760885190
|move|p2a: Zapdos|Hurricane|p1a: Camus|[miss]
|-miss|p2a: Zapdos|p1a: Camus
|move|p1a: Camus|Moonlight|p1a: Camus
|-heal|p1a: Camus|95/100 par
|
|-heal|p1a: Camus|100/100 par|[from] item: Leftovers
|upkeep
|turn|7
|
|t:|1760885197
|move|p2a: Zapdos|Roost|p2a: Zapdos
|-heal|p2a: Zapdos|89/100
|-singleturn|p2a: Zapdos|move: Roost
|cant|p1a: Camus|par
|
|upkeep
|turn|8
|
|t:|1760885211
|switch|p1a: Rand|Weezing-Galar, M|100/100
|-ability|p1a: Rand|Neutralizing Gas
|move|p2a: Zapdos|Hurricane|p1a: Rand|[miss]
|-miss|p2a: Zapdos|p1a: Rand
|
|upkeep
|turn|9
|
|t:|1760885218
|move|p2a: Zapdos|Volt Switch|p1a: Rand
|-damage|p1a: Rand|66/100
|
|t:|1760885233
|switch|p2a: Corviknight|Corviknight, F|100/100|[from] Volt Switch
|move|p1a: Rand|Toxic|p2a: Corviknight
|-immune|p2a: Corviknight
|
|upkeep
|turn|10
|
|t:|1760885242
|-end|p1a: Rand|ability: Neutralizing Gas
|switch|p1a: Camus|Clefable, F|100/100 par
|move|p2a: Corviknight|Body Press|p1a: Camus
|-resisted|p1a: Camus
|-damage|p1a: Camus|90/100 par
|
|-heal|p1a: Camus|96/100 par|[from] item: Leftovers
|upkeep
|turn|11
|
|t:|1760885251
|move|p2a: Corviknight|U-turn|p1a: Camus
|-resisted|p1a: Camus
|-damage|p1a: Camus|91/100 par
|
|t:|1760885254
|switch|p2a: Zapdos|Zapdos|89/100|[from] U-turn
|move|p1a: Camus|Flamethrower|p2a: Zapdos
|-damage|p2a: Zapdos|70/100
|
|-heal|p1a: Camus|97/100 par|[from] item: Leftovers
|upkeep
|turn|12
|
|t:|1760885268
|switch|p1a: Nietzsche|Darkrai|100/100
|move|p2a: Zapdos|Hurricane|p1a: Nietzsche
|-damage|p1a: Nietzsche|20/100
|
|upkeep
|turn|13
|
|t:|1760885284
|switch|p2a: Ribombee|Ribombee, M|100/100
|move|p1a: Nietzsche|Nasty Plot|p1a: Nietzsche
|-boost|p1a: Nietzsche|spa|2
|
|upkeep
|turn|14
|
|t:|1760885292
|move|p1a: Nietzsche|Ice Beam|p2a: Ribombee
|-damage|p2a: Ribombee|11/100
|move|p2a: Ribombee|Moonblast|p1a: Nietzsche
|-supereffective|p1a: Nietzsche
|-damage|p1a: Nietzsche|0 fnt
|faint|p1a: Nietzsche
|
|upkeep
|
|t:|1760885299
|switch|p1a: Aquinas|Metagross|100/100
|turn|15
|
|t:|1760885302
|move|p1a: Aquinas|Bullet Punch|p2a: Ribombee
|-supereffective|p2a: Ribombee
|-damage|p2a: Ribombee|0 fnt
|faint|p2a: Ribombee
|
|upkeep
|
|t:|1760885322
|switch|p2a: Cinderace|Cinderace, F|100/100
|turn|16
|
|t:|1760885328
|move|p2a: Cinderace|Pyro Ball|p1a: Aquinas|[miss]
|-miss|p2a: Cinderace|p1a: Aquinas
|move|p1a: Aquinas|Earthquake|p2a: Cinderace
|-supereffective|p2a: Cinderace
|-damage|p2a: Cinderace|0 fnt
|faint|p2a: Cinderace
|
|upkeep
|
|t:|1760885345
|switch|p2a: Zapdos|Zapdos|70/100
|turn|17
|c|☆Everystaraneye|thats rough
|c|☆Everystaraneye|i am so sorry
|
|t:|1760885352
|move|p2a: Zapdos|Thunder Wave|p1a: Aquinas
|-status|p1a: Aquinas|par
|move|p1a: Aquinas|Knock Off|p2a: Zapdos
|-damage|p2a: Zapdos|31/100
|-enditem|p2a: Zapdos|Heavy-Duty Boots|[from] move: Knock Off|[of] p1a: Aquinas
|
|upkeep
|turn|18
|
|t:|1760885363
|move|p2a: Zapdos|Roost|p2a: Zapdos
|-heal|p2a: Zapdos|81/100
|-singleturn|p2a: Zapdos|move: Roost
|move|p1a: Aquinas|Heavy Slam|p2a: Zapdos
|-resisted|p2a: Zapdos
|-damage|p2a: Zapdos|43/100
|
|upkeep
|turn|19
|
|t:|1760885372
|move|p2a: Zapdos|Volt Switch|p1a: Aquinas
|-damage|p1a: Aquinas|75/100 par
|
|t:|1760885375
|switch|p2a: Corviknight|Corviknight, F|100/100|[from] Volt Switch
|move|p1a: Aquinas|Earthquake|p2a: Corviknight
|-immune|p2a: Corviknight
|
|upkeep
|turn|20
|c|☆Shadowfruits|not over though
|c|☆Everystaraneye|tru tru
|
|t:|1760885390
|move|p2a: Corviknight|Body Press|p1a: Aquinas
|-damage|p1a: Aquinas|56/100 par
|move|p1a: Aquinas|Knock Off|p2a: Corviknight
|-damage|p2a: Corviknight|79/100
|-enditem|p2a: Corviknight|Leftovers|[from] move: Knock Off|[of] p1a: Aquinas
|
|upkeep
|turn|21
|
|t:|1760885404
|switch|p1a: Hegel|Ogerpon-Wellspring, F|100/100
|move|p2a: Corviknight|Iron Defense|p2a: Corviknight
|-boost|p2a: Corviknight|def|2
|
|upkeep
|turn|22
|
|t:|1760885418
|switch|p1a: Camus|Clefable, F|97/100 par
|move|p2a: Corviknight|Body Press|p1a: Camus
|-resisted|p1a: Camus
|-damage|p1a: Camus|87/100 par
|
|-heal|p1a: Camus|93/100 par|[from] item: Leftovers
|upkeep
|turn|23
|
|t:|1760885426
|move|p2a: Corviknight|U-turn|p1a: Camus
|-resisted|p1a: Camus
|-damage|p1a: Camus|88/100 par
|
|t:|1760885429
|switch|p2a: Zapdos|Zapdos|43/100|[from] U-turn
|move|p1a: Camus|Flamethrower|p2a: Zapdos
|-damage|p2a: Zapdos|24/100
|
|-heal|p1a: Camus|94/100 par|[from] item: Leftovers
|upkeep
|turn|24
|
|t:|1760885436
|move|p2a: Zapdos|Roost|p2a: Zapdos
|-heal|p2a: Zapdos|74/100
|-singleturn|p2a: Zapdos|move: Roost
|move|p1a: Camus|Moonblast|p2a: Zapdos
|-damage|p2a: Zapdos|45/100
|
|-heal|p1a: Camus|100/100 par|[from] item: Leftovers
|upkeep
|turn|25
|
|t:|1760885444
|move|p2a: Zapdos|Roost|p2a: Zapdos
|-heal|p2a: Zapdos|96/100
|-singleturn|p2a: Zapdos|move: Roost
|cant|p1a: Camus|par
|
|upkeep
|turn|26
|
|t:|1760885450
|move|p2a: Zapdos|Hurricane|p1a: Camus|[miss]
|-miss|p2a: Zapdos|p1a: Camus
|move|p1a: Camus|Moonblast|p2a: Zapdos
|-damage|p2a: Zapdos|66/100
|
|upkeep
|turn|27
|
|t:|1760885456
|move|p2a: Zapdos|Hurricane|p1a: Camus|[miss]
|-miss|p2a: Zapdos|p1a: Camus
|cant|p1a: Camus|par
|
|upkeep
|turn|28
|
|t:|1760885461
|move|p2a: Zapdos|Hurricane|p1a: Camus
|-damage|p1a: Camus|45/100 par
|-start|p1a: Camus|confusion
|-activate|p1a: Camus|confusion
|cant|p1a: Camus|par
|
|-heal|p1a: Camus|51/100 par|[from] item: Leftovers
|upkeep
|turn|29
|c|☆Everystaraneye|you need to fire that bird
|
|t:|1760885469
|move|p2a: Zapdos|Hurricane|p1a: Camus|[miss]
|-miss|p2a: Zapdos|p1a: Camus
|-end|p1a: Camus|confusion
|cant|p1a: Camus|par
|
|-heal|p1a: Camus|57/100 par|[from] item: Leftovers
|upkeep
|turn|30
|
|t:|1760885477
|move|p2a: Zapdos|Hurricane|p1a: Camus
|-damage|p1a: Camus|0 fnt
|faint|p1a: Camus
|
|upkeep
|c|☆Shadowfruits|finally!
|
|t:|1760885502
|switch|p1a: Aquinas|Metagross|56/100 par
|turn|31
|
|t:|1760885508
|move|p2a: Zapdos|Volt Switch|p1a: Aquinas
|-damage|p1a: Aquinas|29/100 par
|
|t:|1760885512
|switch|p2a: Corviknight|Corviknight, F|79/100|[from] Volt Switch
|move|p1a: Aquinas|Heavy Slam|p2a: Corviknight
|-resisted|p2a: Corviknight
|-damage|p2a: Corviknight|56/100
|
|upkeep
|turn|32
|
|t:|1760885518
|move|p2a: Corviknight|Roost|p2a: Corviknight
|-heal|p2a: Corviknight|100/100
|-singleturn|p2a: Corviknight|move: Roost
|move|p1a: Aquinas|Heavy Slam|p2a: Corviknight
|-resisted|p2a: Corviknight
|-damage|p2a: Corviknight|81/100
|
|upkeep
|turn|33
|
|t:|1760885526
|switch|p1a: Hegel|Ogerpon-Wellspring, F|100/100
|move|p2a: Corviknight|Body Press|p1a: Hegel
|-damage|p1a: Hegel|68/100
|
|upkeep
|turn|34
|
|t:|1760885534
|move|p1a: Hegel|Swords Dance|p1a: Hegel
|-boost|p1a: Hegel|atk|2
|move|p2a: Corviknight|Iron Defense|p2a: Corviknight
|-boost|p2a: Corviknight|def|2
|
|upkeep
|turn|35
|
|t:|1760885543
|-terastallize|p1a: Hegel|Water
|detailschange|p1a: Hegel|Ogerpon-Wellspring-Tera, F, tera:Water
|-ability|p1a: Hegel|Embody Aspect (Wellspring)|boost
|-boost|p1a: Hegel|spd|1
|move|p1a: Hegel|Ivy Cudgel|p2a: Corviknight|[anim] Ivy Cudgel Water
|-damage|p2a: Corviknight|30/100
|move|p2a: Corviknight|Body Press|p1a: Hegel
|-damage|p1a: Hegel|2/100
|
|upkeep
|turn|36
|
|t:|1760885556
|move|p1a: Hegel|Ivy Cudgel|p2a: Corviknight|[anim] Ivy Cudgel Water
|-damage|p2a: Corviknight|0 fnt
|faint|p2a: Corviknight
|
|upkeep
|
|t:|1760885568
|switch|p2a: Serperior|Serperior, F|100/100
|turn|37
|
|t:|1760885572
|move|p2a: Serperior|Leaf Storm|p1a: Hegel
|-supereffective|p1a: Hegel
|-damage|p1a: Hegel|0 fnt
|-boost|p2a: Serperior|spa|2
|faint|p1a: Hegel
|detailschange|p1: Hegel|Ogerpon-Wellspring, F|[silent]
|
|upkeep
|
|t:|1760885593
|switch|p1a: Machiavelli|Great Tusk|100/100
|turn|38
|
|t:|1760885603
|move|p2a: Serperior|Leaf Storm|p1a: Machiavelli
|-supereffective|p1a: Machiavelli
|-crit|p1a: Machiavelli
|-damage|p1a: Machiavelli|0 fnt
|-boost|p2a: Serperior|spa|2
|faint|p1a: Machiavelli
|-end|p1a: Machiavelli|Protosynthesis|[silent]
|
|upkeep
|
|t:|1760885609
|switch|p1a: Rand|Weezing-Galar, M|66/100
|-ability|p1a: Rand|Neutralizing Gas
|turn|39
|
|t:|1760885614
|move|p2a: Serperior|Leaf Storm|p1a: Rand
|-resisted|p1a: Rand
|-damage|p1a: Rand|0 fnt
|-unboost|p2a: Serperior|spa|2
|faint|p1a: Rand
|-end|p1a: Rand|ability: Neutralizing Gas
|
|upkeep
|
|t:|1760885616
|switch|p1a: Aquinas|Metagross|29/100 par
|turn|40
|
|t:|1760885622
|-terastallize|p2a: Serperior|Steel
|move|p2a: Serperior|Leaf Storm|p1a: Aquinas
|-resisted|p1a: Aquinas
|-damage|p1a: Aquinas|0 fnt
|-boost|p2a: Serperior|spa|2
|faint|p1a: Aquinas
|
|win|Shadowfruits
|raw|Everystaraneye's rating: 1342 &rarr; <strong>1318</strong><br />(-24 for losing)
|raw|Shadowfruits's rating: 1267 &rarr; <strong>1297</strong><br />(+30 for winning)
|c|☆Shadowfruits|gg
|c|☆Everystaraneye|ggwp
