|j|☆lyeskoriche
|j|☆Vickvolta侠
|t:|1760848700
|gametype|singles
|player|p1|lyeskoriche|bugcatcher-gen4dp|1173
|player|p2|Vickvolta侠|bugcatcher-gen4dp|1098
|gen|9
|tier|[Gen 9] OU
|rated|
|rule|HP Percentage Mod: HP is shown in percentages
|rule|Endless Battle Clause: Forcing endless battles is banned
|rule|Species Clause: Limit one of each Pokémon
|rule|OHKO Clause: OHKO moves are banned
|rule|Evasion Items Clause: Evasion items are banned
|rule|Evasion Moves Clause: Evasion moves are banned
|rule|Evasion Abilities Clause: Evasion abilities are banned
|rule|Sleep Moves Clause: Sleep-inducing moves are banned
|clearpoke
|poke|p1|Bronzong|
|poke|p1|Bellibolt, F|
|poke|p1|Slowbro-Galar, M|
|poke|p1|Rillaboom, F|
|poke|p1|Venomoth, M|
|poke|p1|Mandibuzz, F|
|poke|p2|Metagross|
|poke|p2|Forretress, F|
|poke|p2|Staraptor, M|
|poke|p2|Talonflame, M|
|poke|p2|Galvantula, F|
|poke|p2|Tyranitar, F|
|teampreview
|
|t:|1760848706
|teamsize|p1|6
|teamsize|p2|6
|start
|switch|p1a: Venomoth|Venomoth, M|100/100
|switch|p2a: Galvantula|Galvantula, F|100/100
|turn|1
|inactive|Battle timer is ON: inactive players will automatically lose when time's up. (requested by lyeskoriche)
|
|t:|1760848714
|move|p2a: Galvantula|Volt Switch|p1a: Venomoth
|-damage|p1a: Venomoth|70/100
|
|t:|1760848718
|switch|p2a: Forretress|Forretress, F|100/100|[from] Volt Switch
|move|p1a: Venomoth|Quiver Dance|p1a: Venomoth
|-boost|p1a: Venomoth|spa|1
|-boost|p1a: Venomoth|spd|1
|-boost|p1a: Venomoth|spe|1
|
|upkeep
|turn|2
|
|t:|1760848728
|move|p1a: Venomoth|Bug Buzz|p2a: Forretress
|-resisted|p2a: Forretress
|-damage|p2a: Forretress|36/100
|-enditem|p1a: Venomoth|Throat Spray
|-boost|p1a: Venomoth|spa|1|[from] item: Throat Spray
|move|p2a: Forretress|Earthquake|p1a: Venomoth
|-damage|p1a: Venomoth|21/100
|
|upkeep
|turn|3
|
|t:|1760848744
|move|p1a: Venomoth|Morning Sun|p1a: Venomoth
|-heal|p1a: Venomoth|71/100
|move|p2a: Forretress|Ice Spinner|p1a: Venomoth
|-damage|p1a: Venomoth|34/100
|
|upkeep
|turn|4
|
|t:|1760848752
|move|p1a: Venomoth|Bug Buzz|p2a: Forretress
|-resisted|p2a: Forretress
|-damage|p2a: Forretress|0 fnt
|faint|p2a: Forretress
|
|upkeep
|
|t:|1760848761
|switch|p2a: Staraptor|Staraptor, M|100/100
|turn|5
|
|t:|1760848770
|move|p2a: Staraptor|Quick Attack|p1a: Venomoth
|-damage|p1a: Venomoth|0 fnt
|faint|p1a: Venomoth
|
|upkeep
|
|t:|1760848782
|switch|p1a: Slowbro|Slowbro-Galar, M|100/100
|turn|6
|-activate|p1a: Slowbro|ability: Quick Draw
|
|t:|1760848788
|switch|p2a: Galvantula|Galvantula, F|100/100
|move|p1a: Slowbro|Drain Punch|p2a: Galvantula
|-resisted|p2a: Galvantula
|-damage|p2a: Galvantula|68/100
|
|upkeep
|turn|7
|
|t:|1760848799
|switch|p1a: Bronzong|Bronzong, shiny|100/100
|move|p2a: Galvantula|Thunderbolt|p1a: Bronzong
|-damage|p1a: Bronzong|66/100
|
|upkeep
|turn|8
|
|t:|1760848807
|move|p2a: Galvantula|Bug Buzz|p1a: Bronzong
|-damage|p1a: Bronzong|31/100
|-unboost|p1a: Bronzong|spd|1
|move|p1a: Bronzong|Trick|p2a: Galvantula
|-activate|p1a: Bronzong|move: Trick|[of] p2a: Galvantula
|-item|p2a: Galvantula|Choice Band|[from] move: Trick
|-item|p1a: Bronzong|Focus Sash|[from] move: Trick
|
|upkeep
|turn|9
|
|t:|1760848815
|switch|p1a: Bellibolt|Bellibolt, F|100/100
|move|p2a: Galvantula|Thunderbolt|p1a: Bellibolt
|-resisted|p1a: Bellibolt
|-damage|p1a: Bellibolt|90/100
|-start|p1a: Bellibolt|Charge|Thunderbolt|[from] ability: Electromorphosis
|
|upkeep
|turn|10
|
|t:|1760848823
|switch|p2a: Tyranitar|Tyranitar, F|100/100
|-weather|Sandstorm|[from] ability: Sand Stream|[of] p2a: Tyranitar
|move|p1a: Bellibolt|Charge Beam|p2a: Tyranitar
|-damage|p2a: Tyranitar|86/100
|-boost|p1a: Bellibolt|spa|1
|-end|p1a: Bellibolt|Charge|[silent]
|
|-weather|Sandstorm|[upkeep]
|-damage|p1a: Bellibolt|84/100|[from] Sandstorm
|upkeep
|turn|11
|
|t:|1760848839
|switch|p1a: Bronzong|Bronzong, shiny|31/100
|move|p2a: Tyranitar|Earthquake|p1a: Bronzong
|-immune|p1a: Bronzong|[from] ability: Levitate
|
|-weather|Sandstorm|[upkeep]
|upkeep
|turn|12
|
|t:|1760848855
|move|p2a: Tyranitar|Knock Off|p1a: Bronzong
|-supereffective|p1a: Bronzong
|-damage|p1a: Bronzong|0 fnt
|-enditem|p1a: Bronzong|Focus Sash|[from] move: Knock Off|[of] p2a: Tyranitar
|faint|p1a: Bronzong
|
|-weather|Sandstorm|[upkeep]
|upkeep
|
|t:|1760848865
|switch|p1a: Slowbro|Slowbro-Galar, M|100/100
|turn|13
|-activate|p1a: Slowbro|ability: Quick Draw
|
|t:|1760848871
|move|p1a: Slowbro|Earthquake|p2a: Tyranitar
|-supereffective|p2a: Tyranitar
|-damage|p2a: Tyranitar|8/100
|move|p2a: Tyranitar|Earthquake|p1a: Slowbro
|-supereffective|p1a: Slowbro
|-damage|p1a: Slowbro|49/100
|
|-weather|Sandstorm|[upkeep]
|-damage|p1a: Slowbro|43/100|[from] Sandstorm
|upkeep
|turn|14
|
|t:|1760848883
|switch|p1a: Mandibuzz|Mandibuzz, F, shiny|100/100
|move|p2a: Tyranitar|Earthquake|p1a: Mandibuzz
|-immune|p1a: Mandibuzz
|
|-weather|none
|upkeep
|turn|15
|
|t:|1760848890
|move|p1a: Mandibuzz|Nasty Plot|p1a: Mandibuzz
|-boost|p1a: Mandibuzz|spa|2
|move|p2a: Tyranitar|Avalanche|p1a: Mandibuzz
|-supereffective|p1a: Mandibuzz
|-damage|p1a: Mandibuzz|67/100
|-ability|p1a: Mandibuzz|Weak Armor|boost
|-unboost|p1a: Mandibuzz|def|1
|-boost|p1a: Mandibuzz|spe|2
|
|upkeep
|turn|16
|
|t:|1760848903
|move|p1a: Mandibuzz|Dark Pulse|p2a: Tyranitar
|-resisted|p2a: Tyranitar
|-damage|p2a: Tyranitar|0 fnt
|faint|p2a: Tyranitar
|-damage|p1a: Mandibuzz|57/100|[from] item: Life Orb
|
|upkeep
|
|t:|1760848909
|switch|p2a: Talonflame|Talonflame, M|100/100
|turn|17
|
|t:|1760848916
|move|p2a: Talonflame|Brave Bird|p1a: Mandibuzz
|-damage|p1a: Mandibuzz|0 fnt
|faint|p1a: Mandibuzz
|-damage|p2a: Talonflame|78/100|[from] Recoil
|
|upkeep
|
|t:|1760848924
|switch|p1a: Bellibolt|Bellibolt, F|84/100
|turn|18
|
|t:|1760848929
|switch|p2a: Galvantula|Galvantula, F|68/100
|move|p1a: Bellibolt|Parabolic Charge|p2a: Galvantula
|-resisted|p2a: Galvantula
|-damage|p2a: Galvantula|39/100
|-heal|p1a: Bellibolt|96/100|[from] drain|[of] p2a: Galvantula
|
|upkeep
|turn|19
|
|t:|1760848937
|move|p2a: Galvantula|Bug Buzz|p1a: Bellibolt
|-damage|p1a: Bellibolt|76/100
|-start|p1a: Bellibolt|Charge|Bug Buzz|[from] ability: Electromorphosis
|move|p1a: Bellibolt|Charge Beam|p2a: Galvantula
|-resisted|p2a: Galvantula
|-damage|p2a: Galvantula|0 fnt
|-boost|p1a: Bellibolt|spa|1
|faint|p2a: Galvantula
|-end|p1a: Bellibolt|Charge|[silent]
|
|upkeep
|
|t:|1760848949
|switch|p2a: Metagross|Metagross|100/100
|turn|20
|
|t:|1760848956
|-terastallize|p1a: Bellibolt|Electric
|move|p2a: Metagross|Earthquake|p1a: Bellibolt
|-supereffective|p1a: Bellibolt
|-damage|p1a: Bellibolt|0 fnt
|faint|p1a: Bellibolt
|-damage|p2a: Metagross|91/100|[from] item: Life Orb
|
|upkeep
|
|t:|1760848961
|switch|p1a: Rillaboom|Rillaboom, F|100/100
|-fieldstart|move: Grassy Terrain|[from] ability: Grassy Surge|[of] p1a: Rillaboom
|turn|21
|
|t:|1760848970
|-terastallize|p2a: Metagross|Normal
|move|p1a: Rillaboom|Knock Off|p2a: Metagross
|-damage|p2a: Metagross|70/100
|-enditem|p2a: Metagross|Life Orb|[from] move: Knock Off|[of] p1a: Rillaboom
|move|p2a: Metagross|Meteor Mash|p1a: Rillaboom
|-damage|p1a: Rillaboom|68/100
|
|-heal|p1a: Rillaboom|74/100|[from] Grassy Terrain
|-heal|p2a: Metagross|76/100|[from] Grassy Terrain
|upkeep
|turn|22
|
|t:|1760848983
|move|p1a: Rillaboom|Swords Dance|p1a: Rillaboom
|-boost|p1a: Rillaboom|atk|2
|move|p2a: Metagross|Explosion|p1a: Rillaboom
|-damage|p1a: Rillaboom|0 fnt
|faint|p2a: Metagross
|faint|p1a: Rillaboom
|
|upkeep
|
|t:|1760848992
|switch|p1a: Slowbro|Slowbro-Galar, M|43/100
|switch|p2a: Talonflame|Talonflame, M|78/100
|turn|23
|-activate|p1a: Slowbro|ability: Quick Draw
|
|t:|1760848997
|move|p1a: Slowbro|Gunk Shot|p2a: Talonflame
|-damage|p2a: Talonflame|0 fnt
|faint|p2a: Talonflame
|
|-heal|p1a: Slowbro|49/100|[from] Grassy Terrain
|upkeep
|
|t:|1760849006
|switch|p2a: Staraptor|Staraptor, M|100/100
|turn|24
|-activate|p1a: Slowbro|ability: Quick Draw
|
|t:|1760849011
|move|p1a: Slowbro|Gunk Shot|p2a: Staraptor
|-damage|p2a: Staraptor|0 fnt
|faint|p2a: Staraptor
|
|win|lyeskoriche
|raw|lyeskoriche's rating: 1173 &rarr; <strong>1193</strong><br />(+20 for winning)
|raw|Vickvolta侠's rating: 1098 &rarr; <strong>1079</strong><br />(-19 for losing)
|l|☆lyeskoriche
|player|p1|
|l|☆Vickvolta侠
|player|p2|
