|j|☆Genius au
|j|☆hayiguo
|t:|1760766348
|gametype|singles
|player|p1|Genius au|youngster-gen4dp|1101
|player|p2|hayiguo|agatha-lgpe|1106
|gen|9
|tier|[Gen 9] OU
|rated|
|rule|HP Percentage Mod: HP is shown in percentages
|rule|Endless Battle Clause: Forcing endless battles is banned
|rule|Species Clause: Limit one of each Pokémon
|rule|OHKO Clause: OHKO moves are banned
|rule|Evasion Items Clause: Evasion items are banned
|rule|Evasion Moves Clause: Evasion moves are banned
|rule|Evasion Abilities Clause: Evasion abilities are banned
|rule|Sleep Moves Clause: Sleep-inducing moves are banned
|clearpoke
|poke|p1|Hitmonlee, M|
|poke|p1|Volcanion|
|poke|p1|Trevenant, F|
|poke|p1|Skeledirge, F|
|poke|p1|Heracross, F|
|poke|p1|Shiftry, M|
|poke|p2|Azumarill, F|
|poke|p2|Tyranitar, F|
|poke|p2|Excadrill, F|
|poke|p2|Slowking-Galar, M|
|poke|p2|Hydrapple, M|
|poke|p2|Moltres|
|teampreview
|
|t:|1760766354
|teamsize|p1|6
|teamsize|p2|6
|start
|switch|p1a: Shiftry|Shiftry, M|100/100
|switch|p2a: Moltres|Moltres|100/100
|turn|1
|
|t:|1760766368
|move|p1a: Shiftry|Tailwind|p1a: Shiftry
|-sidestart|p1: Genius au|move: Tailwind
|-ability|p1a: Shiftry|Wind Rider|boost
|-boost|p1a: Shiftry|atk|1
|move|p2a: Moltres|U-turn|p1a: Shiftry
|-supereffective|p1a: Shiftry
|-enditem|p1a: Shiftry|Focus Sash
|-damage|p1a: Shiftry|1/100
|
|t:|1760766376
|switch|p2a: Azumarill|Azumarill, F|100/100|[from] U-turn
|
|upkeep
|turn|2
|
|t:|1760766382
|move|p2a: Azumarill|Aqua Jet|p1a: Shiftry
|-resisted|p1a: Shiftry
|-damage|p1a: Shiftry|0 fnt
|faint|p1a: Shiftry
|
|upkeep
|
|t:|1760766387
|switch|p1a: Volcanion|Volcanion|100/100
|turn|3
|
|t:|1760766394
|move|p1a: Volcanion|Sludge Bomb|p2a: Azumarill
|-supereffective|p2a: Azumarill
|-damage|p2a: Azumarill|31/100
|move|p2a: Azumarill|Knock Off|p1a: Volcanion
|-damage|p1a: Volcanion|66/100
|-enditem|p1a: Volcanion|Choice Specs|[from] move: Knock Off|[of] p2a: Azumarill
|
|upkeep
|turn|4
|
|t:|1760766406
|switch|p2a: Slowking|Slowking-Galar, M|100/100
|move|p1a: Volcanion|Sludge Bomb|p2a: Slowking
|-resisted|p2a: Slowking
|-damage|p2a: Slowking|87/100
|
|-heal|p2a: Slowking|93/100|[from] item: Black Sludge
|-sideend|p1: Genius au|move: Tailwind
|upkeep
|turn|5
|
|t:|1760766412
|move|p1a: Volcanion|Steam Eruption|p2a: Slowking
|-damage|p2a: Slowking|41/100
|move|p2a: Slowking|Trick|p1a: Volcanion
|-activate|p2a: Slowking|move: Trick|[of] p1a: Volcanion
|-item|p1a: Volcanion|Black Sludge|[from] move: Trick
|-enditem|p2a: Slowking|Black Sludge|[silent]|[from] move: Trick
|
|-damage|p1a: Volcanion|53/100|[from] item: Black Sludge
|upkeep
|turn|6
|
|t:|1760766425
|switch|p2a: Hydrapple|Hydrapple, M|100/100
|move|p1a: Volcanion|Steam Eruption|p2a: Hydrapple
|-resisted|p2a: Hydrapple
|-damage|p2a: Hydrapple|86/100
|
|-damage|p1a: Volcanion|41/100|[from] item: Black Sludge
|upkeep
|turn|7
|
|t:|1760766434
|switch|p2a: Slowking|Slowking-Galar, M|41/100
|move|p1a: Volcanion|Flamethrower|p2a: Slowking
|-damage|p2a: Slowking|0 fnt
|faint|p2a: Slowking
|
|-damage|p1a: Volcanion|28/100|[from] item: Black Sludge
|upkeep
|
|t:|1760766441
|switch|p2a: Tyranitar|Tyranitar, F|100/100
|-weather|Sandstorm|[from] ability: Sand Stream|[of] p2a: Tyranitar
|turn|8
|
|t:|1760766448
|move|p1a: Volcanion|Earth Power|p2a: Tyranitar
|-supereffective|p2a: Tyranitar
|-damage|p2a: Tyranitar|74/100
|move|p2a: Tyranitar|Stealth Rock|p1a: Volcanion
|-sidestart|p1: Genius au|move: Stealth Rock
|
|-weather|Sandstorm|[upkeep]
|-damage|p1a: Volcanion|22/100|[from] Sandstorm
|-damage|p1a: Volcanion|10/100|[from] item: Black Sludge
|upkeep
|turn|9
|
|t:|1760766459
|move|p1a: Volcanion|Steam Eruption|p2a: Tyranitar
|-supereffective|p2a: Tyranitar
|-damage|p2a: Tyranitar|20/100
|move|p2a: Tyranitar|Knock Off|p1a: Volcanion
|-damage|p1a: Volcanion|0 fnt
|-enditem|p1a: Volcanion|Black Sludge|[from] move: Knock Off|[of] p2a: Tyranitar
|faint|p1a: Volcanion
|
|-weather|Sandstorm|[upkeep]
|upkeep
|
|t:|1760766469
|switch|p1a: Heracross|Heracross, F|100/100
|-damage|p1a: Heracross|88/100|[from] Stealth Rock
|turn|10
|
|t:|1760766477
|switch|p2a: Moltres|Moltres|100/100
|move|p1a: Heracross|Trailblaze|p2a: Moltres
|-resisted|p2a: Moltres
|-damage|p2a: Moltres|97/100
|-boost|p1a: Heracross|spe|1
|
|-weather|Sandstorm|[upkeep]
|-damage|p1a: Heracross|82/100|[from] Sandstorm
|-damage|p2a: Moltres|91/100|[from] Sandstorm
|-status|p1a: Heracross|brn|[from] item: Flame Orb
|upkeep
|turn|11
|
|t:|1760766490
|move|p1a: Heracross|Facade|p2a: Moltres
|-damage|p2a: Moltres|41/100
|move|p2a: Moltres|Roar|p1a: Heracross
|drag|p1a: Trevenant|Trevenant, F|100/100
|-damage|p1a: Trevenant|88/100|[from] Stealth Rock
|
|-weather|Sandstorm|[upkeep]
|-damage|p2a: Moltres|35/100|[from] Sandstorm
|-damage|p1a: Trevenant|82/100|[from] Sandstorm
|upkeep
|turn|12
|
|t:|1760766498
|move|p2a: Moltres|Roost|p2a: Moltres
|-heal|p2a: Moltres|85/100
|-singleturn|p2a: Moltres|move: Roost
|move|p1a: Trevenant|Leech Seed|p2a: Moltres
|-start|p2a: Moltres|move: Leech Seed
|
|-weather|none
|-damage|p2a: Moltres|73/100|[from] Leech Seed|[of] p1a: Trevenant
|-heal|p1a: Trevenant|95/100|[silent]
|upkeep
|turn|13
|
|t:|1760766510
|move|p2a: Moltres|U-turn|p1a: Trevenant
|-damage|p1a: Trevenant|78/100
|
|t:|1760766519
|switch|p2a: Tyranitar|Tyranitar, F|20/100|[from] U-turn
|-weather|Sandstorm|[from] ability: Sand Stream|[of] p2a: Tyranitar
|move|p1a: Trevenant|Substitute|p1a: Trevenant
|-start|p1a: Trevenant|Substitute
|-damage|p1a: Trevenant|53/100
|
|-weather|Sandstorm|[upkeep]
|-damage|p1a: Trevenant|47/100|[from] Sandstorm
|-enditem|p1a: Trevenant|Sitrus Berry|[eat]
|-heal|p1a: Trevenant|72/100|[from] item: Sitrus Berry
|upkeep
|turn|14
|
|t:|1760766532
|switch|p2a: Moltres|Moltres|73/100
|move|p1a: Trevenant|Leech Seed|p2a: Moltres
|-start|p2a: Moltres|move: Leech Seed
|
|-weather|Sandstorm|[upkeep]
|-damage|p2a: Moltres|67/100|[from] Sandstorm
|-damage|p1a: Trevenant|66/100|[from] Sandstorm
|-damage|p2a: Moltres|55/100|[from] Leech Seed|[of] p1a: Trevenant
|-heal|p1a: Trevenant|79/100|[silent]
|-item|p1a: Trevenant|Sitrus Berry|[from] ability: Harvest
|upkeep
|turn|15
|
|t:|1760766547
|move|p1a: Trevenant|Protect|p1a: Trevenant
|-singleturn|p1a: Trevenant|Protect
|move|p2a: Moltres|Roar|p1a: Trevenant
|drag|p1a: Heracross|Heracross, F|82/100 brn
|-damage|p1a: Heracross|70/100 brn|[from] Stealth Rock
|
|-weather|Sandstorm|[upkeep]
|-damage|p1a: Heracross|64/100 brn|[from] Sandstorm
|-damage|p2a: Moltres|49/100|[from] Sandstorm
|-damage|p2a: Moltres|37/100|[from] Leech Seed|[of] p1a: Heracross
|-heal|p1a: Heracross|80/100 brn|[silent]
|-damage|p1a: Heracross|74/100 brn|[from] brn
|upkeep
|turn|16
|
|t:|1760766557
|move|p1a: Heracross|Facade|p2a: Moltres
|-damage|p2a: Moltres|0 fnt
|faint|p2a: Moltres
|
|-weather|Sandstorm|[upkeep]
|-damage|p1a: Heracross|68/100 brn|[from] Sandstorm
|-damage|p1a: Heracross|62/100 brn|[from] brn
|upkeep
|
|t:|1760766562
|switch|p2a: Excadrill|Excadrill, F|100/100
|turn|17
|
|t:|1760766572
|move|p2a: Excadrill|Rock Slide|p1a: Heracross
|-damage|p1a: Heracross|26/100 brn
|cant|p1a: Heracross|flinch
|
|-weather|none
|-damage|p1a: Heracross|20/100 brn|[from] brn
|upkeep
|turn|18
|
|t:|1760766582
|switch|p2a: Tyranitar|Tyranitar, F|20/100
|-weather|Sandstorm|[from] ability: Sand Stream|[of] p2a: Tyranitar
|move|p1a: Heracross|Facade|p2a: Tyranitar
|-resisted|p2a: Tyranitar
|-damage|p2a: Tyranitar|0 fnt
|faint|p2a: Tyranitar
|
|-weather|Sandstorm|[upkeep]
|-damage|p1a: Heracross|14/100 brn|[from] Sandstorm
|-damage|p1a: Heracross|8/100 brn|[from] brn
|upkeep
|
|t:|1760766589
|switch|p2a: Excadrill|Excadrill, F|100/100
|turn|19
|
|t:|1760766597
|move|p2a: Excadrill|Rapid Spin|p1a: Heracross
|-damage|p1a: Heracross|0 fnt
|-boost|p2a: Excadrill|spe|1
|faint|p1a: Heracross
|
|-weather|Sandstorm|[upkeep]
|upkeep
|
|t:|1760766606
|switch|p1a: Trevenant|Trevenant, F|79/100
|-damage|p1a: Trevenant|66/100|[from] Stealth Rock
|turn|20
|
|t:|1760766612
|move|p2a: Excadrill|Rock Slide|p1a: Trevenant
|-damage|p1a: Trevenant|38/100
|-enditem|p1a: Trevenant|Sitrus Berry|[eat]
|-heal|p1a: Trevenant|63/100|[from] item: Sitrus Berry
|cant|p1a: Trevenant|flinch
|
|-weather|Sandstorm|[upkeep]
|-damage|p1a: Trevenant|57/100|[from] Sandstorm
|upkeep
|turn|21
|
|t:|1760766619
|move|p2a: Excadrill|Rock Slide|p1a: Trevenant
|-damage|p1a: Trevenant|28/100
|move|p1a: Trevenant|Leech Seed|p2a: Excadrill
|-start|p2a: Excadrill|move: Leech Seed
|
|-weather|Sandstorm|[upkeep]
|-damage|p1a: Trevenant|22/100|[from] Sandstorm
|-damage|p2a: Excadrill|88/100|[from] Leech Seed|[of] p1a: Trevenant
|-heal|p1a: Trevenant|34/100|[silent]
|upkeep
|turn|22
|
|t:|1760766631
|switch|p2a: Hydrapple|Hydrapple, M|100/100
|move|p1a: Trevenant|Protect||[still]
|-fail|p1a: Trevenant
|
|-weather|none
|upkeep
|turn|23
|
|t:|1760766651
|move|p1a: Trevenant|Protect|p1a: Trevenant
|-singleturn|p1a: Trevenant|Protect
|move|p2a: Hydrapple|Nasty Plot|p2a: Hydrapple
|-boost|p2a: Hydrapple|spa|2
|
|-item|p1a: Trevenant|Sitrus Berry|[from] ability: Harvest
|upkeep
|-enditem|p1a: Trevenant|Sitrus Berry|[eat]
|-heal|p1a: Trevenant|59/100|[from] item: Sitrus Berry
|turn|24
|
|t:|1760766661
|move|p1a: Trevenant|Substitute|p1a: Trevenant
|-start|p1a: Trevenant|Substitute
|-damage|p1a: Trevenant|34/100
|move|p2a: Hydrapple|Fickle Beam|p1a: Trevenant
|-end|p1a: Trevenant|Substitute
|
|upkeep
|turn|25
|
|t:|1760766668
|move|p1a: Trevenant|Protect|p1a: Trevenant
|-singleturn|p1a: Trevenant|Protect
|move|p2a: Hydrapple|Fickle Beam|p1a: Trevenant
|-activate|p1a: Trevenant|move: Protect
|
|-item|p1a: Trevenant|Sitrus Berry|[from] ability: Harvest
|upkeep
|-enditem|p1a: Trevenant|Sitrus Berry|[eat]
|-heal|p1a: Trevenant|59/100|[from] item: Sitrus Berry
|turn|26
|
|t:|1760766682
|move|p1a: Trevenant|Substitute|p1a: Trevenant
|-start|p1a: Trevenant|Substitute
|-damage|p1a: Trevenant|34/100
|move|p2a: Hydrapple|Fickle Beam|p1a: Trevenant
|-end|p1a: Trevenant|Substitute
|
|upkeep
|turn|27
|
|t:|1760766689
|move|p1a: Trevenant|Protect|p1a: Trevenant
|-singleturn|p1a: Trevenant|Protect
|move|p2a: Hydrapple|Earth Power|p1a: Trevenant
|-activate|p1a: Trevenant|move: Protect
|
|-item|p1a: Trevenant|Sitrus Berry|[from] ability: Harvest
|upkeep
|-enditem|p1a: Trevenant|Sitrus Berry|[eat]
|-heal|p1a: Trevenant|59/100|[from] item: Sitrus Berry
|turn|28
|
|t:|1760766703
|move|p1a: Trevenant|Leech Seed|p2a: Hydrapple
|-immune|p2a: Hydrapple
|move|p2a: Hydrapple|Fickle Beam|p1a: Trevenant|[anim] Fickle Beam All Out
|-activate|p2a: Hydrapple|move: Fickle Beam
|-damage|p1a: Trevenant|0 fnt
|faint|p1a: Trevenant
|
|upkeep
|
|t:|1760766711
|switch|p1a: Skeledirge|Skeledirge, F|100/100
|-damage|p1a: Skeledirge|76/100|[from] Stealth Rock
|turn|29
|
|t:|1760766715
|move|p1a: Skeledirge|Torch Song|p2a: Hydrapple
|-damage|p2a: Hydrapple|73/100
|-boost|p1a: Skeledirge|spa|1
|-heal|p1a: Skeledirge|79/100|[from] item: Shell Bell|[of] p2a: Hydrapple
|move|p2a: Hydrapple|Earth Power|p1a: Skeledirge
|-supereffective|p1a: Skeledirge
|-damage|p1a: Skeledirge|37/100
|
|upkeep
|turn|30
|
|t:|1760766722
|move|p1a: Skeledirge|Torch Song|p2a: Hydrapple
|-crit|p2a: Hydrapple
|-damage|p2a: Hydrapple|0 fnt
|-boost|p1a: Skeledirge|spa|1
|faint|p2a: Hydrapple
|-heal|p1a: Skeledirge|46/100|[from] item: Shell Bell|[of] p2: Hydrapple
|
|upkeep
|
|t:|1760766725
|switch|p2a: Azumarill|Azumarill, F|31/100
|turn|31
|
|t:|1760766737
|move|p1a: Skeledirge|Will-O-Wisp|p2a: Azumarill
|-status|p2a: Azumarill|brn
|move|p2a: Azumarill|Liquidation|p1a: Skeledirge
|-supereffective|p1a: Skeledirge
|-damage|p1a: Skeledirge|5/100
|
|-damage|p2a: Azumarill|25/100 brn|[from] brn
|upkeep
|turn|32
|
|t:|1760766746
|move|p1a: Skeledirge|Protect|p1a: Skeledirge
|-singleturn|p1a: Skeledirge|Protect
|move|p2a: Azumarill|Aqua Jet|p1a: Skeledirge
|-activate|p1a: Skeledirge|move: Protect
|
|-damage|p2a: Azumarill|19/100 brn|[from] brn
|upkeep
|turn|33
|
|t:|1760766758
|move|p1a: Skeledirge|Torch Song|p2a: Azumarill
|-resisted|p2a: Azumarill
|-damage|p2a: Azumarill|0 fnt
|-boost|p1a: Skeledirge|spa|1
|faint|p2a: Azumarill
|-heal|p1a: Skeledirge|7/100|[from] item: Shell Bell|[of] p2: Azumarill
|
|upkeep
|
|t:|1760766760
|switch|p2a: Excadrill|Excadrill, F|88/100
|turn|34
|
|t:|1760766770
|move|p2a: Excadrill|Earthquake|p1a: Skeledirge
|-supereffective|p1a: Skeledirge
|-damage|p1a: Skeledirge|0 fnt
|faint|p1a: Skeledirge
|
|-heal|p2a: Excadrill|94/100|[from] item: Leftovers
|upkeep
|
|t:|1760766773
|switch|p1a: Hitmonlee|Hitmonlee, M|100/100
|-damage|p1a: Hitmonlee|94/100|[from] Stealth Rock
|turn|35
|
|t:|1760766779
|-terastallize|p2a: Excadrill|Fairy
|move|p1a: Hitmonlee|Endure|p1a: Hitmonlee
|-singleturn|p1a: Hitmonlee|move: Endure
|move|p2a: Excadrill|Rapid Spin|p1a: Hitmonlee
|-damage|p1a: Hitmonlee|52/100
|-boost|p2a: Excadrill|spe|1
|
|-heal|p2a: Excadrill|99/100|[from] item: Leftovers
|upkeep
|turn|36
|
|t:|1760766792
|-terastallize|p1a: Hitmonlee|Fighting
|move|p1a: Hitmonlee|Endure|p1a: Hitmonlee
|-singleturn|p1a: Hitmonlee|move: Endure
|move|p2a: Excadrill|Earthquake|p1a: Hitmonlee
|-activate|p1a: Hitmonlee|move: Endure
|-damage|p1a: Hitmonlee|1/100
|-enditem|p1a: Hitmonlee|Liechi Berry|[eat]
|-boost|p1a: Hitmonlee|atk|1|[from] item: Liechi Berry
|
|-heal|p2a: Excadrill|100/100|[from] item: Leftovers
|upkeep
|turn|37
|
|t:|1760766809
|move|p1a: Hitmonlee|Reversal|p2a: Excadrill
|-resisted|p2a: Excadrill
|-damage|p2a: Excadrill|0 fnt
|faint|p2a: Excadrill
|
|win|Genius au
|raw|Genius au's rating: 1101 &rarr; <strong>1126</strong><br />(+25 for winning)
|raw|hayiguo's rating: 1106 &rarr; <strong>1081</strong><br />(-25 for losing)
|l|☆hayiguo
|player|p2|
|l|☆Genius au
|player|p1|
