|j|☆Penguinxdd
|j|☆benjikong14
|t:|1760731779
|gametype|singles
|player|p1|Penguinxdd|veteran|1162
|player|p2|benjikong14|dancer|1101
|gen|9
|tier|[Gen 9] OU
|rated|
|rule|HP Percentage Mod: HP is shown in percentages
|rule|Endless Battle Clause: Forcing endless battles is banned
|rule|Species Clause: Limit one of each Pokémon
|rule|OHKO Clause: OHKO moves are banned
|rule|Evasion Items Clause: Evasion items are banned
|rule|Evasion Moves Clause: Evasion moves are banned
|rule|Evasion Abilities Clause: Evasion abilities are banned
|rule|Sleep Moves Clause: Sleep-inducing moves are banned
|clearpoke
|poke|p1|Meowscarada, F|
|poke|p1|Rillaboom, F|
|poke|p1|Fezandipiti, M|
|poke|p1|Heatran, M|
|poke|p1|Weezing-Galar, F|
|poke|p1|Keldeo-Resolute|
|poke|p2|Krookodile, F|
|poke|p2|Volcanion|
|poke|p2|Sandslash-Alola, M|
|poke|p2|Slowking-Galar, F|
|poke|p2|Oricorio-Pom-Pom, F|
|poke|p2|Chesnaught, M|
|teampreview
|
|t:|1760731786
|teamsize|p1|6
|teamsize|p2|6
|start
|switch|p1a: Keldeo|Keldeo-Resolute|100/100
|switch|p2a: Chesnaught|Chesnaught, M, shiny|100/100
|turn|1
|
|t:|1760731798
|move|p1a: Keldeo|Flip Turn|p2a: Chesnaught
|-resisted|p2a: Chesnaught
|-damage|p2a: Chesnaught|97/100
|-damage|p1a: Keldeo|84/100|[from] item: Rocky Helmet|[of] p2a: Chesnaught
|
|t:|1760731800
|switch|p1a: Weeze-Cigarette|Weezing-Galar, F|100/100|[from] Flip Turn
|-ability|p1a: Weeze-Cigarette|Neutralizing Gas
|move|p2a: Chesnaught|Spikes|p1a: Weeze-Cigarette
|-sidestart|p1: Penguinxdd|Spikes
|
|upkeep
|turn|2
|
|t:|1760731811
|move|p2a: Chesnaught|Spikes|p1a: Weeze-Cigarette
|-sidestart|p1: Penguinxdd|Spikes
|move|p1a: Weeze-Cigarette|Defog|p2a: Chesnaught
|-unboost|p2a: Chesnaught|evasion|1
|-sideend|p1: Penguinxdd|Spikes|[from] move: Defog|[of] p1a: Weeze-Cigarette
|
|upkeep
|turn|3
|
|t:|1760731819
|move|p2a: Chesnaught|Knock Off|p1a: Weeze-Cigarette
|-resisted|p1a: Weeze-Cigarette
|-damage|p1a: Weeze-Cigarette|93/100
|-enditem|p1a: Weeze-Cigarette|Heavy-Duty Boots|[from] move: Knock Off|[of] p2a: Chesnaught
|move|p1a: Weeze-Cigarette|Sludge Bomb|p2a: Chesnaught
|-supereffective|p2a: Chesnaught
|-damage|p2a: Chesnaught|36/100
|
|upkeep
|turn|4
|
|t:|1760731829
|move|p2a: Chesnaught|Spikes|p1a: Weeze-Cigarette
|-sidestart|p1: Penguinxdd|Spikes
|move|p1a: Weeze-Cigarette|Sludge Bomb|p2a: Chesnaught
|-supereffective|p2a: Chesnaught
|-damage|p2a: Chesnaught|0 fnt
|faint|p2a: Chesnaught
|
|upkeep
|
|t:|1760731842
|switch|p2a: Slowking|Slowking-Galar, F, shiny|100/100
|turn|5
|
|t:|1760731848
|-end|p1a: Weeze-Cigarette|ability: Neutralizing Gas
|switch|p1a: Heatran|Heatran, M|100/100
|-damage|p1a: Heatran|88/100|[from] Spikes
|move|p2a: Slowking|Future Sight|p1a: Heatran
|-start|p2a: Slowking|move: Future Sight
|
|-heal|p1a: Heatran|94/100|[from] item: Leftovers
|upkeep
|turn|6
|
|t:|1760731857
|move|p1a: Heatran|Taunt|p2a: Slowking
|-start|p2a: Slowking|move: Taunt
|cant|p2a: Slowking|move: Taunt|Toxic Spikes
|
|-heal|p1a: Heatran|100/100|[from] item: Leftovers
|upkeep
|turn|7
|
|t:|1760731869
|switch|p2a: Volcanion|Volcanion|100/100
|move|p1a: Heatran|Magma Storm|p2a: Volcanion
|-resisted|p2a: Volcanion
|-damage|p2a: Volcanion|94/100
|-activate|p2a: Volcanion|move: Magma Storm|[of] p1a: Heatran
|
|-end|p1a: Heatran|move: Future Sight
|-resisted|p1a: Heatran
|-damage|p1a: Heatran|85/100
|-heal|p1a: Heatran|91/100|[from] item: Leftovers
|-damage|p2a: Volcanion|81/100|[from] move: Magma Storm|[partiallytrapped]
|upkeep
|turn|8
|
|t:|1760731885
|move|p1a: Heatran|Earth Power|p2a: Volcanion
|-supereffective|p2a: Volcanion
|-damage|p2a: Volcanion|45/100
|move|p2a: Volcanion|Earth Power|p1a: Heatran
|-supereffective|p1a: Heatran
|-damage|p1a: Heatran|0 fnt
|faint|p1a: Heatran
|
|-end|p2a: Volcanion|Magma Storm|[partiallytrapped]|[silent]
|upkeep
|
|t:|1760731892
|switch|p1a: Meowscarada|Meowscarada, F|100/100
|-damage|p1a: Meowscarada|88/100|[from] Spikes
|turn|9
|
|t:|1760731901
|move|p1a: Meowscarada|Knock Off|p2a: Volcanion
|-start|p1a: Meowscarada|typechange|Dark|[from] ability: Protean
|-damage|p2a: Volcanion|0 fnt
|-enditem|p2a: Volcanion|Assault Vest|[from] move: Knock Off|[of] p1a: Meowscarada
|faint|p2a: Volcanion
|
|upkeep
|
|t:|1760731932
|switch|p2a: Sandslash|Sandslash-Alola, M|100/100
|turn|10
|
|t:|1760731939
|switch|p1a: Keldeo|Keldeo-Resolute|84/100
|move|p2a: Sandslash|Rapid Spin|p1a: Keldeo
|-damage|p1a: Keldeo|66/100
|-boost|p2a: Sandslash|spe|1
|
|upkeep
|turn|11
|
|t:|1760731950
|move|p1a: Keldeo|Vacuum Wave|p2a: Sandslash
|-supereffective|p2a: Sandslash
|-damage|p2a: Sandslash|23/100
|move|p2a: Sandslash|Earthquake|p1a: Keldeo
|-damage|p1a: Keldeo|34/100
|
|upkeep
|turn|12
|
|t:|1760731961
|switch|p2a: Slowking|Slowking-Galar, F, shiny|100/100
|move|p1a: Keldeo|Vacuum Wave|p2a: Slowking
|-resisted|p2a: Slowking
|-damage|p2a: Slowking|97/100
|
|-heal|p2a: Slowking|100/100|[from] item: Black Sludge
|upkeep
|turn|13
|
|t:|1760731972
|move|p1a: Keldeo|Flip Turn|p2a: Slowking
|-damage|p2a: Slowking|87/100
|
|t:|1760731973
|switch|p1a: Meowscarada|Meowscarada, F|88/100|[from] Flip Turn
|-damage|p1a: Meowscarada|76/100|[from] Spikes
|move|p2a: Slowking|Sludge Bomb|p1a: Meowscarada
|-supereffective|p1a: Meowscarada
|-damage|p1a: Meowscarada|0 fnt
|faint|p1a: Meowscarada
|
|-heal|p2a: Slowking|93/100|[from] item: Black Sludge
|upkeep
|inactive|Battle timer is ON: inactive players will automatically lose when time's up. (requested by benjikong14)
|
|t:|1760731988
|switch|p1a: Rillaboom|Rillaboom, F|100/100
|-fieldstart|move: Grassy Terrain|[from] ability: Grassy Surge|[of] p1a: Rillaboom
|turn|14
|
|t:|1760731993
|move|p1a: Rillaboom|U-turn|p2a: Slowking
|-damage|p2a: Slowking|71/100
|
|t:|1760731994
|switch|p1a: Fezandipiti|Fezandipiti, M|100/100|[from] U-turn
|-prepare|p2a: Slowking|Chilly Reception|[premajor]
|move|p2a: Slowking|Chilly Reception|p2a: Slowking
|-weather|Snowscape
|
|t:|1760732001
|switch|p2a: Sandslash|Sandslash-Alola, M|23/100|[from] Chilly Reception
|
|-weather|Snowscape|[upkeep]
|-heal|p2a: Sandslash|29/100|[from] Grassy Terrain
|upkeep
|turn|15
|
|t:|1760732011
|move|p2a: Sandslash|Iron Head|p1a: Fezandipiti
|-supereffective|p1a: Fezandipiti
|-damage|p1a: Fezandipiti|28/100
|move|p1a: Fezandipiti|U-turn|p2a: Sandslash
|-resisted|p2a: Sandslash
|-damage|p2a: Sandslash|23/100
|
|t:|1760732012
|switch|p1a: Keldeo|Keldeo-Resolute|34/100|[from] U-turn
|
|-weather|Snowscape|[upkeep]
|-heal|p2a: Sandslash|29/100|[from] Grassy Terrain
|-heal|p1a: Keldeo|40/100|[from] Grassy Terrain
|upkeep
|turn|16
|
|t:|1760732026
|move|p1a: Keldeo|Vacuum Wave|p2a: Sandslash
|-supereffective|p2a: Sandslash
|-crit|p2a: Sandslash
|-damage|p2a: Sandslash|0 fnt
|faint|p2a: Sandslash
|
|-weather|Snowscape|[upkeep]
|-heal|p1a: Keldeo|46/100|[from] Grassy Terrain
|upkeep
|
|t:|1760732035
|switch|p2a: Oricorio|Oricorio-Pom-Pom, F|100/100
|turn|17
|
|t:|1760732039
|switch|p1a: Rillaboom|Rillaboom, F|100/100
|move|p2a: Oricorio|Revelation Dance|p1a: Rillaboom
|-resisted|p1a: Rillaboom
|-damage|p1a: Rillaboom|77/100
|
|-weather|Snowscape|[upkeep]
|-heal|p1a: Rillaboom|83/100|[from] Grassy Terrain
|upkeep
|turn|18
|
|t:|1760732050
|move|p2a: Oricorio|Feather Dance|p1a: Rillaboom
|-unboost|p1a: Rillaboom|atk|2
|move|p1a: Rillaboom|Knock Off|p2a: Oricorio
|-damage|p2a: Oricorio|74/100
|-enditem|p2a: Oricorio|Heavy-Duty Boots|[from] move: Knock Off|[of] p1a: Rillaboom
|
|-weather|none
|-heal|p1a: Rillaboom|89/100|[from] Grassy Terrain
|-fieldend|move: Grassy Terrain
|upkeep
|turn|19
|
|t:|1760732061
|move|p2a: Oricorio|Hurricane|p1a: Rillaboom
|-supereffective|p1a: Rillaboom
|-crit|p1a: Rillaboom
|-damage|p1a: Rillaboom|0 fnt
|faint|p1a: Rillaboom
|
|upkeep
|
|t:|1760732064
|switch|p1a: Weeze-Cigarette|Weezing-Galar, F|93/100
|-ability|p1a: Weeze-Cigarette|Neutralizing Gas
|-damage|p1a: Weeze-Cigarette|81/100|[from] Spikes
|turn|20
|-message|Penguinxdd forfeited.
|
|win|benjikong14
|raw|Penguinxdd's rating: 1162 &rarr; <strong>1133</strong><br />(-29 for losing)
|raw|benjikong14's rating: 1101 &rarr; <strong>1130</strong><br />(+29 for winning)
|l|☆Penguinxdd
|player|p1|
|l|☆benjikong14
|player|p2|
