|j|☆trippi-troppi6969
|j|☆bbygrinch
|t:|1760767648
|gametype|singles
|player|p1|trippi-troppi6969|ghetsis|1121
|player|p2|bbygrinch|hugh|1170
|gen|9
|tier|[Gen 9] OU
|rated|
|rule|HP Percentage Mod: HP is shown in percentages
|rule|Endless Battle Clause: Forcing endless battles is banned
|rule|Species Clause: Limit one of each Pokémon
|rule|OHKO Clause: OHKO moves are banned
|rule|Evasion Items Clause: Evasion items are banned
|rule|Evasion Moves Clause: Evasion moves are banned
|rule|Evasion Abilities Clause: Evasion abilities are banned
|rule|Sleep Moves Clause: Sleep-inducing moves are banned
|clearpoke
|poke|p1|Weavile, M|
|poke|p1|Kingambit, F|
|poke|p1|Iron Moth|
|poke|p1|Garchomp, M|
|poke|p1|Iron Valiant|
|poke|p1|Moltres-Galar|
|poke|p2|Dragonite, M|
|poke|p2|Weavile, F|
|poke|p2|Gliscor, F|
|poke|p2|Rotom-Wash|
|poke|p2|Gholdengo|
|poke|p2|Great Tusk|
|teampreview
|inactive|Battle timer is ON: inactive players will automatically lose when time's up. (requested by trippi-troppi6969)
|
|t:|1760767654
|teamsize|p1|6
|teamsize|p2|6
|start
|switch|p1a: Garchomp|Garchomp, M|100/100
|switch|p2a: ani|Rotom-Wash, shiny|100/100
|turn|1
|
|t:|1760767660
|move|p2a: ani|Will-O-Wisp|p1a: Garchomp|[miss]
|-miss|p2a: ani|p1a: Garchomp
|move|p1a: Garchomp|Dragon Tail|p2a: ani
|-damage|p2a: ani|72/100
|drag|p2a: francis|Gliscor, F, shiny|100/100
|
|-status|p2a: francis|tox|[from] item: Toxic Orb
|upkeep
|turn|2
|
|t:|1760767668
|move|p2a: francis|Knock Off|p1a: Garchomp
|-damage|p1a: Garchomp|85/100
|-damage|p2a: francis|88/100 tox|[from] ability: Rough Skin|[of] p1a: Garchomp
|-damage|p2a: francis|72/100 tox|[from] item: Rocky Helmet|[of] p1a: Garchomp
|-enditem|p1a: Garchomp|Rocky Helmet|[from] move: Knock Off|[of] p2a: francis
|move|p1a: Garchomp|Stealth Rock|p2a: francis
|-sidestart|p2: bbygrinch|move: Stealth Rock
|
|-heal|p2a: francis|84/100 tox|[from] ability: Poison Heal
|upkeep
|turn|3
|
|t:|1760767678
|move|p2a: francis|Stealth Rock|p1a: Garchomp
|-sidestart|p1: trippi-troppi6969|move: Stealth Rock
|move|p1a: Garchomp|Spikes|p2a: francis
|-sidestart|p2: bbygrinch|Spikes
|
|-heal|p2a: francis|96/100 tox|[from] ability: Poison Heal
|upkeep
|turn|4
|
|t:|1760767687
|move|p2a: francis|Earthquake|p1a: Garchomp
|-damage|p1a: Garchomp|58/100
|move|p1a: Garchomp|Spikes|p2a: francis
|-sidestart|p2: bbygrinch|Spikes
|
|-heal|p2a: francis|100/100 tox|[from] ability: Poison Heal
|upkeep
|turn|5
|
|t:|1760767694
|move|p2a: francis|Earthquake|p1a: Garchomp
|-damage|p1a: Garchomp|31/100
|move|p1a: Garchomp|Spikes|p2a: francis
|-sidestart|p2: bbygrinch|Spikes
|
|upkeep
|turn|6
|
|t:|1760767698
|move|p2a: francis|Earthquake|p1a: Garchomp
|-damage|p1a: Garchomp|4/100
|move|p1a: Garchomp|Dragon Tail|p2a: francis|[miss]
|-miss|p1a: Garchomp|p2a: francis
|
|upkeep
|turn|7
|
|t:|1760767703
|move|p2a: francis|Earthquake|p1a: Garchomp
|-damage|p1a: Garchomp|0 fnt
|faint|p1a: Garchomp
|
|upkeep
|
|t:|1760767709
|switch|p1a: Weavile|Weavile, M|100/100
|-damage|p1a: Weavile|76/100|[from] Stealth Rock
|turn|8
|
|t:|1760767729
|-terastallize|p2a: francis|Water
|move|p1a: Weavile|Knock Off|p2a: francis
|-damage|p2a: francis|31/100 tox
|-enditem|p2a: francis|Toxic Orb|[from] move: Knock Off|[of] p1a: Weavile
|move|p2a: francis|Earthquake|p1a: Weavile
|-damage|p1a: Weavile|1/100
|
|-heal|p2a: francis|44/100 tox|[from] ability: Poison Heal
|upkeep
|turn|9
|
|t:|1760767739
|move|p2a: francis|Protect|p2a: francis
|-singleturn|p2a: francis|Protect
|move|p1a: Weavile|Knock Off|p2a: francis
|-activate|p2a: francis|move: Protect
|
|-heal|p2a: francis|56/100 tox|[from] ability: Poison Heal
|upkeep
|turn|10
|
|t:|1760767748
|move|p1a: Weavile|Knock Off|p2a: francis
|-damage|p2a: francis|10/100 tox
|move|p2a: francis|Earthquake|p1a: Weavile
|-damage|p1a: Weavile|0 fnt
|faint|p1a: Weavile
|
|-heal|p2a: francis|23/100 tox|[from] ability: Poison Heal
|upkeep
|
|t:|1760767755
|switch|p1a: Moltres|Moltres-Galar|100/100
|-damage|p1a: Moltres|76/100|[from] Stealth Rock
|turn|11
|
|t:|1760767761
|move|p2a: francis|Knock Off|p1a: Moltres
|-resisted|p1a: Moltres
|-crit|p1a: Moltres
|-damage|p1a: Moltres|51/100
|-enditem|p1a: Moltres|Sitrus Berry|[from] move: Knock Off|[of] p2a: francis
|move|p1a: Moltres|Agility|p1a: Moltres
|-boost|p1a: Moltres|spe|2
|
|-heal|p2a: francis|35/100 tox|[from] ability: Poison Heal
|upkeep
|turn|12
|
|t:|1760767771
|move|p2a: francis|Protect|p2a: francis
|-singleturn|p2a: francis|Protect
|move|p1a: Moltres|Nasty Plot|p1a: Moltres
|-boost|p1a: Moltres|spa|2
|
|-heal|p2a: francis|48/100 tox|[from] ability: Poison Heal
|upkeep
|turn|13
|
|t:|1760767780
|move|p1a: Moltres|Fiery Wrath|p2a: francis
|-damage|p2a: francis|0 fnt
|faint|p2a: francis
|
|upkeep
|
|t:|1760767803
|switch|p2a: manny|Great Tusk|100/100
|-damage|p2a: manny|98/100|[from] Stealth Rock
|-damage|p2a: manny|73/100|[from] Spikes
|-enditem|p2a: manny|Booster Energy
|-activate|p2a: manny|ability: Protosynthesis|[fromitem]
|-start|p2a: manny|protosynthesisatk
|turn|14
|
|t:|1760767810
|-terastallize|p1a: Moltres|Fairy
|move|p1a: Moltres|Tera Blast|p2a: manny|[anim] Tera Blast Fairy
|-supereffective|p2a: manny
|-damage|p2a: manny|0 fnt
|faint|p2a: manny
|-end|p2a: manny|Protosynthesis|[silent]
|
|upkeep
|
|t:|1760767824
|switch|p2a: nugget|Weavile, F, shiny|100/100
|-damage|p2a: nugget|76/100|[from] Stealth Rock
|-damage|p2a: nugget|51/100|[from] Spikes
|-ability|p2a: nugget|Pressure
|turn|15
|
|t:|1760767831
|move|p1a: Moltres|Tera Blast|p2a: nugget|[anim] Tera Blast Fairy
|-supereffective|p2a: nugget
|-damage|p2a: nugget|0 fnt
|faint|p2a: nugget
|
|upkeep
|
|t:|1760767838
|switch|p2a: gui|Dragonite, M|100/100
|-damage|p2a: gui|76/100|[from] Stealth Rock
|turn|16
|
|t:|1760767844
|move|p1a: Moltres|Tera Blast|p2a: gui|[anim] Tera Blast Fairy
|-supereffective|p2a: gui
|-damage|p2a: gui|0 fnt
|faint|p2a: gui
|
|upkeep
|-message|bbygrinch forfeited.
|
|win|trippi-troppi6969
|raw|trippi-troppi6969's rating: 1121 &rarr; <strong>1150</strong><br />(+29 for winning)
|raw|bbygrinch's rating: 1170 &rarr; <strong>1141</strong><br />(-29 for losing)
|l|☆bbygrinch
|player|p2|
|c|☆trippi-troppi6969|SWEEP
|c|☆trippi-troppi6969|GGS
|l|☆trippi-troppi6969
|player|p1|
