|j|☆peej93
|j|☆gigantegab
|t:|1760754206
|gametype|singles
|player|p1|peej93|drayden|1272
|player|p2|gigantegab|roxie|1238
|gen|9
|tier|[Gen 9] OU
|rated|
|rule|HP Percentage Mod: HP is shown in percentages
|rule|Endless Battle Clause: Forcing endless battles is banned
|rule|Species Clause: Limit one of each Pokémon
|rule|OHKO Clause: OHKO moves are banned
|rule|Evasion Items Clause: Evasion items are banned
|rule|Evasion Moves Clause: Evasion moves are banned
|rule|Evasion Abilities Clause: Evasion abilities are banned
|rule|Sleep Moves Clause: Sleep-inducing moves are banned
|clearpoke
|poke|p1|Meowscarada, F|
|poke|p1|Meowstic, M|
|poke|p1|Persian, M|
|poke|p1|Perrserker, F|
|poke|p1|Incineroar, M|
|poke|p1|Meowth, F|
|poke|p2|Araquanid, F|
|poke|p2|Landorus-Therian, M|
|poke|p2|Iron Treads|
|poke|p2|Kingambit, F|
|poke|p2|Dragapult, M|
|poke|p2|Iron Valiant|
|teampreview
|inactive|Battle timer is ON: inactive players will automatically lose when time's up. (requested by peej93)
|inactive|gigantegab also wants the timer to be on.
|
|t:|1760754214
|teamsize|p1|6
|teamsize|p2|6
|start
|switch|p1a: Meowth|Meowth, F|100/100
|switch|p2a: Araquanid|Araquanid, F|100/100
|turn|1
|
|t:|1760754222
|move|p1a: Meowth|Fake Out|p2a: Araquanid
|-damage|p2a: Araquanid|83/100
|cant|p2a: Araquanid|flinch
|
|upkeep
|turn|2
|
|t:|1760754226
|move|p1a: Meowth|Thunder Wave|p2a: Araquanid
|-status|p2a: Araquanid|par
|move|p2a: Araquanid|Sticky Web|p1a: Meowth
|-sidestart|p1: peej93|move: Sticky Web
|
|upkeep
|turn|3
|
|t:|1760754232
|move|p1a: Meowth|Trailblaze|p2a: Araquanid
|-damage|p2a: Araquanid|70/100 par
|-boost|p1a: Meowth|spe|1
|move|p2a: Araquanid|Lunge|p1a: Meowth
|-damage|p1a: Meowth|13/100
|-unboost|p1a: Meowth|atk|1
|
|upkeep
|turn|4
|
|t:|1760754238
|move|p1a: Meowth|Endeavor|p2a: Araquanid
|-damage|p2a: Araquanid|9/100 par
|move|p2a: Araquanid|Lunge|p1a: Meowth
|-damage|p1a: Meowth|0 fnt
|faint|p1a: Meowth
|
|upkeep
|
|t:|1760754245
|switch|p1a: Persian|Persian, M|100/100
|-activate|p1a: Persian|move: Sticky Web
|-unboost|p1a: Persian|spe|1
|turn|5
|
|t:|1760754249
|move|p1a: Persian|Fake Out|p2a: Araquanid
|-damage|p2a: Araquanid|0 fnt
|faint|p2a: Araquanid
|
|upkeep
|
|t:|1760754251
|switch|p2a: Landorus|Landorus-Therian, M|100/100
|-ability|p2a: Landorus|Intimidate|boost
|-unboost|p1a: Persian|atk|1
|turn|6
|
|t:|1760754258
|switch|p1a: Meowstic|Meowstic, M|100/100
|-activate|p1a: Meowstic|move: Sticky Web
|-unboost|p1a: Meowstic|spe|1
|move|p2a: Landorus|Swords Dance|p2a: Landorus
|-boost|p2a: Landorus|atk|2
|
|upkeep
|turn|7
|
|t:|1760754264
|move|p1a: Meowstic|Reflect|p1a: Meowstic
|-sidestart|p1: peej93|Reflect
|move|p2a: Landorus|Earthquake|p1a: Meowstic
|-damage|p1a: Meowstic|30/100
|
|upkeep
|turn|8
|
|t:|1760754269
|move|p1a: Meowstic|Light Screen|p1a: Meowstic
|-sidestart|p1: peej93|move: Light Screen
|move|p2a: Landorus|Earthquake|p1a: Meowstic
|-damage|p1a: Meowstic|0 fnt
|faint|p1a: Meowstic
|
|upkeep
|
|t:|1760754276
|switch|p1a: Meowscarada|Meowscarada, F|100/100
|-activate|p1a: Meowscarada|move: Sticky Web
|-unboost|p1a: Meowscarada|spe|1
|turn|9
|
|t:|1760754279
|-terastallize|p2a: Landorus|Fire
|move|p2a: Landorus|Tera Blast|p1a: Meowscarada|[anim] Tera Blast Fire
|-supereffective|p1a: Meowscarada
|-damage|p1a: Meowscarada|0 fnt
|faint|p1a: Meowscarada
|
|upkeep
|
|t:|1760754285
|switch|p1a: Persian|Persian, M|100/100
|-activate|p1a: Persian|move: Sticky Web
|-unboost|p1a: Persian|spe|1
|turn|10
|
|t:|1760754288
|move|p1a: Persian|Fake Out|p2a: Landorus
|-damage|p2a: Landorus|70/100
|cant|p2a: Landorus|flinch
|
|upkeep
|turn|11
|
|t:|1760754291
|move|p2a: Landorus|Earthquake|p1a: Persian
|-damage|p1a: Persian|0 fnt
|faint|p1a: Persian
|
|upkeep
|
|t:|1760754293
|switch|p1a: Incineroar|Incineroar, M|100/100
|-ability|p1a: Incineroar|Intimidate|boost
|-unboost|p2a: Landorus|atk|1
|turn|12
|
|t:|1760754297
|move|p2a: Landorus|Earthquake|p1a: Incineroar
|-supereffective|p1a: Incineroar
|-damage|p1a: Incineroar|0 fnt
|faint|p1a: Incineroar
|
|upkeep
|
|t:|1760754298
|switch|p1a: Perrserker|Perrserker, F|100/100
|-activate|p1a: Perrserker|move: Sticky Web
|-unboost|p1a: Perrserker|spe|1
|turn|13
|
|t:|1760754301
|move|p2a: Landorus|Earthquake|p1a: Perrserker
|-supereffective|p1a: Perrserker
|-damage|p1a: Perrserker|0 fnt
|faint|p1a: Perrserker
|
|win|gigantegab
|raw|peej93's rating: 1272 &rarr; <strong>1245</strong><br />(-27 for losing)
|raw|gigantegab's rating: 1238 &rarr; <strong>1265</strong><br />(+27 for winning)
|l|☆peej93
|player|p1|
|l|☆gigantegab
|player|p2|
