|j|☆beentheredonepat
|j|☆5afqkan
|t:|1760863920
|gametype|singles
|player|p1|beentheredonepat|ethan|1128
|player|p2|5afqkan|102|1117
|gen|9
|tier|[Gen 9] OU
|rated|
|rule|HP Percentage Mod: HP is shown in percentages
|rule|Endless Battle Clause: Forcing endless battles is banned
|rule|Species Clause: Limit one of each Pokémon
|rule|OHKO Clause: OHKO moves are banned
|rule|Evasion Items Clause: Evasion items are banned
|rule|Evasion Moves Clause: Evasion moves are banned
|rule|Evasion Abilities Clause: Evasion abilities are banned
|rule|Sleep Moves Clause: Sleep-inducing moves are banned
|clearpoke
|poke|p1|Typhlosion, M|
|poke|p1|Ninetales, M|
|poke|p1|Shiftry, M|
|poke|p1|Ursaluna, F|
|poke|p1|Torkoal, M|
|poke|p1|Hatterene, F|
|poke|p2|Magnezone|
|poke|p2|Torterra, M|
|poke|p2|Mimikyu, M|
|poke|p2|Weavile, M|
|poke|p2|Keldeo-Resolute|
|poke|p2|Moltres|
|teampreview
|inactive|Battle timer is ON: inactive players will automatically lose when time's up. (requested by beentheredonepat)
|
|t:|1760863925
|teamsize|p1|6
|teamsize|p2|6
|start
|switch|p1a: Nymph|Hatterene, F|100/100
|switch|p2a: Weavile|Weavile, M|100/100
|-ability|p2a: Weavile|Pressure
|turn|1
|
|t:|1760863932
|move|p2a: Weavile|Poison Jab|p1a: Nymph
|-supereffective|p1a: Nymph
|-damage|p1a: Nymph|42/100
|move|p1a: Nymph|Trick Room|p1a: Nymph
|-fieldstart|move: Trick Room|[of] p1a: Nymph
|
|-heal|p1a: Nymph|48/100|[from] item: Leftovers
|upkeep
|turn|2
|
|t:|1760863938
|move|p1a: Nymph|Dazzling Gleam|p2a: Weavile
|-supereffective|p2a: Weavile
|-enditem|p2a: Weavile|Focus Sash
|-damage|p2a: Weavile|1/100
|move|p2a: Weavile|Poison Jab|p1a: Nymph
|-supereffective|p1a: Nymph
|-damage|p1a: Nymph|0 fnt
|faint|p1a: Nymph
|
|upkeep
|
|t:|1760863946
|switch|p1a: Sol|Torkoal, M|100/100
|-weather|SunnyDay|[from] ability: Drought|[of] p1a: Sol
|turn|3
|
|t:|1760863953
|move|p1a: Sol|Stealth Rock|p2a: Weavile
|-sidestart|p2: 5afqkan|move: Stealth Rock
|move|p2a: Weavile|Knock Off|p1a: Sol
|-damage|p1a: Sol|66/100
|-enditem|p1a: Sol|Heat Rock|[from] move: Knock Off|[of] p2a: Weavile
|
|-weather|SunnyDay|[upkeep]
|upkeep
|turn|4
|
|t:|1760863959
|move|p2a: Weavile|Ice Shard|p1a: Sol
|-resisted|p1a: Sol
|-damage|p1a: Sol|58/100
|move|p1a: Sol|Eruption|p2a: Weavile
|-supereffective|p2a: Weavile
|-damage|p2a: Weavile|0 fnt
|faint|p2a: Weavile
|
|-weather|SunnyDay|[upkeep]
|upkeep
|
|t:|1760863966
|switch|p2a: Mimikyu|Mimikyu, M|100/100
|-damage|p2a: Mimikyu|88/100|[from] Stealth Rock
|turn|5
|
|t:|1760863972
|move|p1a: Sol|Earth Power|p2a: Mimikyu
|-activate|p2a: Mimikyu|ability: Disguise
|-damage|p2a: Mimikyu|88/100
|detailschange|p2a: Mimikyu|Mimikyu-Busted, M
|-damage|p2a: Mimikyu|76/100|[from] pokemon: Mimikyu-Busted
|move|p2a: Mimikyu|Swords Dance|p2a: Mimikyu
|-boost|p2a: Mimikyu|atk|2
|
|-weather|SunnyDay|[upkeep]
|-fieldend|move: Trick Room
|upkeep
|turn|6
|
|t:|1760863979
|move|p2a: Mimikyu|Shadow Claw|p1a: Sol
|-damage|p1a: Sol|0 fnt
|faint|p1a: Sol
|-damage|p2a: Mimikyu|66/100|[from] item: Life Orb
|
|-weather|SunnyDay|[upkeep]
|upkeep
|
|t:|1760863985
|switch|p1a: Shinobi|Shiftry, M|100/100
|turn|7
|
|t:|1760863991
|move|p2a: Mimikyu|Play Rough|p1a: Shinobi
|-supereffective|p1a: Shinobi
|-enditem|p1a: Shinobi|Focus Sash
|-damage|p1a: Shinobi|1/100
|-damage|p2a: Mimikyu|56/100|[from] item: Life Orb
|move|p1a: Shinobi|Tailwind|p1a: Shinobi
|-sidestart|p1: beentheredonepat|move: Tailwind
|-ability|p1a: Shinobi|Wind Rider|boost
|-boost|p1a: Shinobi|atk|1
|
|-weather|SunnyDay|[upkeep]
|upkeep
|turn|8
|
|t:|1760864002
|move|p2a: Mimikyu|Shadow Sneak|p1a: Shinobi
|-resisted|p1a: Shinobi
|-damage|p1a: Shinobi|0 fnt
|faint|p1a: Shinobi
|-damage|p2a: Mimikyu|46/100|[from] item: Life Orb
|
|-weather|SunnyDay|[upkeep]
|upkeep
|
|t:|1760864004
|switch|p1a: Tollomot|Ninetales, M|100/100
|turn|9
|
|t:|1760864025
|move|p1a: Tollomot|Overheat|p2a: Mimikyu
|-damage|p2a: Mimikyu|0 fnt
|-unboost|p1a: Tollomot|spa|2
|faint|p2a: Mimikyu
|-enditem|p1a: Tollomot|Eject Pack
|
|t:|1760864033
|switch|p1a: Mama Bear|Ursaluna, F|100/100
|
|-weather|SunnyDay|[upkeep]
|-status|p1a: Mama Bear|brn|[from] item: Flame Orb
|upkeep
|
|t:|1760864040
|switch|p2a: Keldeo|Keldeo-Resolute|100/100
|-damage|p2a: Keldeo|94/100|[from] Stealth Rock
|turn|10
|
|t:|1760864043
|move|p2a: Keldeo|Secret Sword|p1a: Mama Bear
|-supereffective|p1a: Mama Bear
|-damage|p1a: Mama Bear|34/100 brn
|move|p1a: Mama Bear|Facade|p2a: Keldeo
|-damage|p2a: Keldeo|0 fnt
|faint|p2a: Keldeo
|
|-weather|none
|-damage|p1a: Mama Bear|28/100 brn|[from] brn
|-sideend|p1: beentheredonepat|move: Tailwind
|upkeep
|
|t:|1760864052
|switch|p2a: Moltres|Moltres|100/100
|turn|11
|
|t:|1760864056
|switch|p1a: Tollomot|Ninetales, M|100/100
|-weather|SunnyDay|[from] ability: Drought|[of] p1a: Tollomot
|move|p2a: Moltres|Flamethrower|p1a: Tollomot
|-resisted|p1a: Tollomot
|-damage|p1a: Tollomot|62/100
|
|-weather|SunnyDay|[upkeep]
|upkeep
|turn|12
|
|t:|1760864062
|move|p1a: Tollomot|Encore|p2a: Moltres
|-start|p2a: Moltres|Encore
|move|p2a: Moltres|Flamethrower|p1a: Tollomot
|-resisted|p1a: Tollomot
|-damage|p1a: Tollomot|24/100
|
|-weather|SunnyDay|[upkeep]
|upkeep
|turn|13
|
|t:|1760864072
|switch|p1a: Charlie|Typhlosion, M|100/100
|move|p2a: Moltres|Flamethrower|p1a: Charlie
|-start|p1a: Charlie|ability: Flash Fire
|
|-weather|SunnyDay|[upkeep]
|upkeep
|turn|14
|
|t:|1760864078
|-terastallize|p1a: Charlie|Fire
|move|p1a: Charlie|Eruption|p2a: Moltres
|-resisted|p2a: Moltres
|-damage|p2a: Moltres|0 fnt
|faint|p2a: Moltres
|
|-weather|SunnyDay|[upkeep]
|upkeep
|
|t:|1760864083
|switch|p2a: Torterra|Torterra, M|100/100
|-damage|p2a: Torterra|94/100|[from] Stealth Rock
|turn|15
|
|t:|1760864087
|-terastallize|p2a: Torterra|Rock
|move|p1a: Charlie|Eruption|p2a: Torterra
|-resisted|p2a: Torterra
|-damage|p2a: Torterra|0 fnt
|faint|p2a: Torterra
|
|-weather|none
|upkeep
|-message|5afqkan forfeited.
|
|win|beentheredonepat
|raw|beentheredonepat's rating: 1128 &rarr; <strong>1154</strong><br />(+26 for winning)
|raw|5afqkan's rating: 1144 &rarr; <strong>1118</strong><br />(-26 for losing)
|l|☆5afqkan
|player|p2|
|l|☆beentheredonepat
|player|p1|
