|badge|p1|bronze|gen9ou|100-7
|uhtml|medal-msg|<div class="broadcast-blue">Curious what those medals under the avatar are? PS now has Ladder Seasons! For more information, check out the <a href="https://www.smogon.com/forums/threads/3740067/">thread on Smogon.</a></div>
|badge|p2|silver|gen9ou|30-7
|uhtml|medal-msg|<div class="broadcast-blue">Curious what those medals under the avatar are? PS now has Ladder Seasons! For more information, check out the <a href="https://www.smogon.com/forums/threads/3740067/">thread on Smogon.</a></div>
|j|☆MooFarmer
|j|☆dvwg4dvwrwg4gs
|t:|1760847058
|gametype|singles
|player|p1|MooFarmer|1|1892
|player|p2|dvwg4dvwrwg4gs|red|1950
|gen|9
|tier|[Gen 9] OU
|rated|
|rule|HP Percentage Mod: HP is shown in percentages
|rule|Endless Battle Clause: Forcing endless battles is banned
|rule|Species Clause: Limit one of each Pokémon
|rule|OHKO Clause: OHKO moves are banned
|rule|Evasion Items Clause: Evasion items are banned
|rule|Evasion Moves Clause: Evasion moves are banned
|rule|Evasion Abilities Clause: Evasion abilities are banned
|rule|Sleep Moves Clause: Sleep-inducing moves are banned
|clearpoke
|poke|p1|Kyurem|
|poke|p1|Corviknight, M|
|poke|p1|Ting-Lu|
|poke|p1|Dondozo, F|
|poke|p1|Slowking-Galar, L99, F|
|poke|p1|Cinderace, F|
|poke|p2|Great Tusk|
|poke|p2|Kingambit, F|
|poke|p2|Raging Bolt|
|poke|p2|Walking Wake|
|poke|p2|Ninetales, F|
|poke|p2|Ceruledge, F|
|teampreview
|inactive|Battle timer is ON: inactive players will automatically lose when time's up. (requested by dvwg4dvwrwg4gs)
|inactive|MooFarmer has 120 seconds left.
|
|t:|1760847104
|teamsize|p1|6
|teamsize|p2|6
|start
|switch|p1a: Kyurem|Kyurem|100/100
|switch|p2a: Freeze Dry|Walking Wake|100/100
|-ability|p1a: Kyurem|Pressure
|turn|1
|inactive|MooFarmer also wants the timer to be on.
|inactive|MooFarmer has 120 seconds left.
|
|t:|1760847149
|move|p1a: Kyurem|Protect|p1a: Kyurem
|-singleturn|p1a: Kyurem|Protect
|move|p2a: Freeze Dry|Draco Meteor|p1a: Kyurem
|-activate|p1a: Kyurem|move: Protect
|
|upkeep
|turn|2
|inactive|MooFarmer has 90 seconds left.
|
|t:|1760847194
|-terastallize|p1a: Kyurem|Ground
|move|p2a: Freeze Dry|Draco Meteor|p1a: Kyurem
|-damage|p1a: Kyurem|14/100
|-unboost|p2a: Freeze Dry|spa|2
|move|p1a: Kyurem|Freeze-Dry|p2a: Freeze Dry
|-supereffective|p2a: Freeze Dry
|-crit|p2a: Freeze Dry
|-damage|p2a: Freeze Dry|0 fnt
|faint|p2a: Freeze Dry
|-end|p2a: Freeze Dry|Protosynthesis|[silent]
|
|-heal|p1a: Kyurem|21/100|[from] item: Leftovers
|upkeep
|
|t:|1760847205
|switch|p2a: Ninetales|Ninetales, F|100/100
|-weather|SunnyDay|[from] ability: Drought|[of] p2a: Ninetales
|turn|3
|inactive|MooFarmer has 90 seconds left.
|inactive|MooFarmer has 60 seconds left.
|j| FaronAan
|
|t:|1760847249
|move|p1a: Kyurem|Protect|p1a: Kyurem
|-singleturn|p1a: Kyurem|Protect
|move|p2a: Ninetales|Overheat|p1a: Kyurem
|-activate|p1a: Kyurem|move: Protect
|
|-weather|SunnyDay|[upkeep]
|-heal|p1a: Kyurem|27/100|[from] item: Leftovers
|upkeep
|turn|4
|inactive|MooFarmer has 60 seconds left.
|inactive|MooFarmer has 30 seconds left.
|
|t:|1760847294
|switch|p1a: Ting-Lu|Ting-Lu|100/100
|-ability|p1a: Ting-Lu|Vessel of Ruin
|move|p2a: Ninetales|Solar Beam||[still]
|-prepare|p2a: Ninetales|Solar Beam
|-anim|p2a: Ninetales|Solar Beam|p1a: Ting-Lu
|-supereffective|p1a: Ting-Lu
|-damage|p1a: Ting-Lu|73/100
|
|-weather|SunnyDay|[upkeep]
|-heal|p1a: Ting-Lu|79/100|[from] item: Leftovers
|upkeep
|turn|5
|inactive|MooFarmer has 30 seconds left.
|
|t:|1760847308
|switch|p2a: 6-0|Great Tusk|100/100
|-activate|p2a: 6-0|ability: Protosynthesis
|-start|p2a: 6-0|protosynthesisatk
|move|p1a: Ting-Lu|Earthquake|p2a: 6-0
|-damage|p2a: 6-0|75/100
|
|-weather|SunnyDay|[upkeep]
|-heal|p1a: Ting-Lu|85/100|[from] item: Leftovers
|upkeep
|turn|6
|
|t:|1760847320
|move|p2a: 6-0|Ice Spinner|p1a: Ting-Lu
|-supereffective|p1a: Ting-Lu
|-damage|p1a: Ting-Lu|45/100
|move|p1a: Ting-Lu|Earthquake|p2a: 6-0
|-damage|p2a: 6-0|47/100
|
|-weather|SunnyDay|[upkeep]
|-heal|p1a: Ting-Lu|51/100|[from] item: Leftovers
|upkeep
|turn|7
|
|t:|1760847332
|move|p2a: 6-0|Rapid Spin|p1a: Ting-Lu
|-damage|p1a: Ting-Lu|38/100
|-boost|p2a: 6-0|spe|1
|move|p1a: Ting-Lu|Rest|p1a: Ting-Lu
|-status|p1a: Ting-Lu|slp|[from] move: Rest
|-heal|p1a: Ting-Lu|100/100 slp|[silent]
|
|-weather|SunnyDay|[upkeep]
|upkeep
|turn|8
|
|t:|1760847342
|switch|p1a: Corviknight|Corviknight, M|100/100
|-ability|p1a: Corviknight|Pressure
|move|p2a: 6-0|Ice Spinner|p1a: Corviknight
|-damage|p1a: Corviknight|76/100
|-damage|p2a: 6-0|31/100|[from] item: Rocky Helmet|[of] p1a: Corviknight
|
|-weather|SunnyDay|[upkeep]
|upkeep
|turn|9
|
|t:|1760847355
|move|p2a: 6-0|Temper Flare|p1a: Corviknight
|-supereffective|p1a: Corviknight
|-damage|p1a: Corviknight|14/100
|-damage|p2a: 6-0|14/100|[from] item: Rocky Helmet|[of] p1a: Corviknight
|move|p1a: Corviknight|Roost|p1a: Corviknight
|-heal|p1a: Corviknight|64/100
|-singleturn|p1a: Corviknight|move: Roost
|
|-weather|SunnyDay|[upkeep]
|upkeep
|turn|10
|
|t:|1760847366
|switch|p1a: Dondozo|Dondozo, F|100/100
|move|p2a: 6-0|Headlong Rush|p1a: Dondozo
|-damage|p1a: Dondozo|62/100
|-unboost|p2a: 6-0|def|1
|-unboost|p2a: 6-0|spd|1
|
|-weather|none
|-end|p2a: 6-0|Protosynthesis
|-heal|p1a: Dondozo|68/100|[from] item: Leftovers
|upkeep
|turn|11
|inactive|MooFarmer has 60 seconds left.
|
|t:|1760847375
|-end|p2a: 6-0|Protosynthesis|[silent]
|switch|p2a: Ninetales|Ninetales, F|100/100
|-weather|SunnyDay|[from] ability: Drought|[of] p2a: Ninetales
|move|p1a: Dondozo|Body Press|p2a: Ninetales
|-damage|p2a: Ninetales|61/100
|
|-weather|SunnyDay|[upkeep]
|-heal|p1a: Dondozo|74/100|[from] item: Leftovers
|upkeep
|turn|12
|
|t:|1760847387
|switch|p1a: Slowking|Slowking-Galar, L99, F|100/100
|move|p2a: Ninetales|Solar Beam||[still]
|-prepare|p2a: Ninetales|Solar Beam
|-anim|p2a: Ninetales|Solar Beam|p1a: Slowking
|-resisted|p1a: Slowking
|-damage|p1a: Slowking|91/100
|
|-weather|SunnyDay|[upkeep]
|upkeep
|turn|13
|j| jsnsddk
|
|t:|1760847408
|switch|p2a: Ceruledge|Ceruledge, F|100/100
|-prepare|p1a: Slowking|Chilly Reception|[premajor]
|move|p1a: Slowking|Chilly Reception|p1a: Slowking
|-weather|Snowscape
|
|t:|1760847416
|switch|p1a: Dondozo|Dondozo, F|74/100|[from] Chilly Reception
|
|-weather|Snowscape|[upkeep]
|-heal|p1a: Dondozo|81/100|[from] item: Leftovers
|upkeep
|turn|14
|
|t:|1760847425
|switch|p2a: Ninetales|Ninetales, F|61/100
|-weather|SunnyDay|[from] ability: Drought|[of] p2a: Ninetales
|move|p1a: Dondozo|Waterfall|p2a: Ninetales
|-supereffective|p2a: Ninetales
|-damage|p2a: Ninetales|24/100
|
|-weather|SunnyDay|[upkeep]
|-heal|p1a: Dondozo|87/100|[from] item: Leftovers
|upkeep
|turn|15
|
|t:|1760847437
|switch|p2a: Calm Mind|Raging Bolt|100/100
|-activate|p2a: Calm Mind|ability: Protosynthesis
|-start|p2a: Calm Mind|protosynthesisspa
|switch|p1a: Slowking|Slowking-Galar, L99, F|100/100
|
|-weather|SunnyDay|[upkeep]
|upkeep
|turn|16
|
|t:|1760847448
|move|p2a: Calm Mind|Weather Ball|p1a: Slowking
|-damage|p1a: Slowking|41/100
|-damage|p2a: Calm Mind|91/100|[from] item: Life Orb
|-prepare|p1a: Slowking|Chilly Reception|[premajor]
|move|p1a: Slowking|Chilly Reception|p1a: Slowking
|-weather|Snowscape
|-end|p2a: Calm Mind|Protosynthesis
|inactive|MooFarmer has 60 seconds left.
|
|t:|1760847493
|switch|p1a: Kyurem|Kyurem, tera:Ground|27/100|[from] Chilly Reception
|-ability|p1a: Kyurem|Pressure
|
|-weather|Snowscape|[upkeep]
|-heal|p1a: Kyurem|33/100|[from] item: Leftovers
|upkeep
|turn|17
|inactive|MooFarmer has 30 seconds left.
|inactive|MooFarmer has 20 seconds left.
|inactive|MooFarmer has 15 seconds left.
|
|t:|1760847538
|-end|p2a: Calm Mind|Protosynthesis|[silent]
|switch|p2a: Ninetales|Ninetales, F|24/100
|-weather|SunnyDay|[from] ability: Drought|[of] p2a: Ninetales
|move|p1a: Kyurem|Earth Power|p2a: Ninetales
|-supereffective|p2a: Ninetales
|-damage|p2a: Ninetales|0 fnt
|faint|p2a: Ninetales
|
|-weather|SunnyDay|[upkeep]
|-heal|p1a: Kyurem|39/100|[from] item: Leftovers
|upkeep
|
|t:|1760847560
|switch|p2a: Ceruledge|Ceruledge, F|100/100
|turn|18
|inactive|MooFarmer has 30 seconds left this turn.
|
|t:|1760847568
|move|p1a: Kyurem|Protect|p1a: Kyurem
|-singleturn|p1a: Kyurem|Protect
|move|p2a: Ceruledge|Swords Dance|p2a: Ceruledge
|-boost|p2a: Ceruledge|atk|2
|
|-weather|SunnyDay|[upkeep]
|-heal|p1a: Kyurem|45/100|[from] item: Leftovers
|upkeep
|turn|19
|inactive|MooFarmer has 30 seconds left.
|
|t:|1760847581
|move|p1a: Kyurem|Earth Power|p2a: Ceruledge
|-supereffective|p2a: Ceruledge
|-damage|p2a: Ceruledge|6/100
|move|p2a: Ceruledge|Bitter Blade|p1a: Kyurem
|-damage|p1a: Kyurem|0 fnt
|-heal|p2a: Ceruledge|32/100|[from] drain|[of] p1a: Kyurem
|faint|p1a: Kyurem
|
|-weather|SunnyDay|[upkeep]
|upkeep
|inactive|MooFarmer has 30 seconds left.
|
|t:|1760847591
|switch|p1a: Cinderace|Cinderace, F|100/100
|turn|20
|
|t:|1760847599
|move|p2a: Ceruledge|Shadow Sneak|p1a: Cinderace
|-damage|p1a: Cinderace|47/100
|move|p1a: Cinderace|Pyro Ball|p2a: Ceruledge
|-resisted|p2a: Ceruledge
|-damage|p2a: Ceruledge|0 fnt
|faint|p2a: Ceruledge
|
|-weather|SunnyDay|[upkeep]
|upkeep
|
|t:|1760847607
|switch|p2a: Calm Mind|Raging Bolt|91/100
|-activate|p2a: Calm Mind|ability: Protosynthesis
|-start|p2a: Calm Mind|protosynthesisspa
|turn|21
|
|t:|1760847619
|move|p1a: Cinderace|U-turn|p2a: Calm Mind
|-damage|p2a: Calm Mind|74/100
|
|t:|1760847627
|switch|p1a: Ting-Lu|Ting-Lu|100/100 slp|[from] U-turn
|-ability|p1a: Ting-Lu|Vessel of Ruin
|move|p2a: Calm Mind|Weather Ball|p1a: Ting-Lu
|-damage|p1a: Ting-Lu|58/100 slp
|-damage|p2a: Calm Mind|64/100|[from] item: Life Orb
|
|-weather|SunnyDay|[upkeep]
|-heal|p1a: Ting-Lu|65/100 slp|[from] item: Leftovers
|upkeep
|turn|22
|
|t:|1760847638
|move|p2a: Calm Mind|Solar Beam||[still]
|-prepare|p2a: Calm Mind|Solar Beam
|-anim|p2a: Calm Mind|Solar Beam|p1a: Ting-Lu
|-supereffective|p1a: Ting-Lu
|-damage|p1a: Ting-Lu|0 fnt
|faint|p1a: Ting-Lu
|-damage|p2a: Calm Mind|54/100|[from] item: Life Orb
|
|-weather|SunnyDay|[upkeep]
|upkeep
|
|t:|1760847646
|switch|p1a: Slowking|Slowking-Galar, L99, F|75/100
|turn|23
|
|t:|1760847654
|move|p2a: Calm Mind|Weather Ball|p1a: Slowking
|-damage|p1a: Slowking|13/100
|-damage|p2a: Calm Mind|44/100|[from] item: Life Orb
|move|p1a: Slowking|Sludge Bomb|p2a: Calm Mind
|-damage|p2a: Calm Mind|11/100
|-status|p2a: Calm Mind|psn
|
|-weather|SunnyDay|[upkeep]
|-damage|p2a: Calm Mind|0 fnt|[from] psn
|faint|p2a: Calm Mind
|-end|p2a: Calm Mind|Protosynthesis|[silent]
|upkeep
|
|t:|1760847666
|switch|p2a: 6-0|Great Tusk|14/100
|-activate|p2a: 6-0|ability: Protosynthesis
|-start|p2a: 6-0|protosynthesisatk
|turn|24
|
|t:|1760847680
|switch|p1a: Dondozo|Dondozo, F|87/100
|move|p2a: 6-0|Headlong Rush|p1a: Dondozo
|-damage|p1a: Dondozo|44/100
|-unboost|p2a: 6-0|def|1
|-unboost|p2a: 6-0|spd|1
|
|-weather|none
|-end|p2a: 6-0|Protosynthesis
|-heal|p1a: Dondozo|50/100|[from] item: Leftovers
|upkeep
|turn|25
|
|t:|1760847690
|move|p2a: 6-0|Headlong Rush|p1a: Dondozo
|-damage|p1a: Dondozo|19/100
|-unboost|p2a: 6-0|def|1
|-unboost|p2a: 6-0|spd|1
|move|p1a: Dondozo|Curse|p1a: Dondozo
|-unboost|p1a: Dondozo|spe|1
|-boost|p1a: Dondozo|atk|1
|-boost|p1a: Dondozo|def|1
|
|-heal|p1a: Dondozo|26/100|[from] item: Leftovers
|upkeep
|turn|26
|
|t:|1760847701
|move|p2a: 6-0|Headlong Rush|p1a: Dondozo
|-damage|p1a: Dondozo|6/100
|-unboost|p2a: 6-0|def|1
|-unboost|p2a: 6-0|spd|1
|move|p1a: Dondozo|Rest|p1a: Dondozo
|-status|p1a: Dondozo|slp|[from] move: Rest
|-heal|p1a: Dondozo|100/100 slp|[silent]
|
|upkeep
|turn|27
|
|t:|1760847723
|-end|p2a: 6-0|Protosynthesis|[silent]
|switch|p2a: Kingambit|Kingambit, F|100/100
|-activate|p2a: Kingambit|ability: Supreme Overlord
|-start|p2a: Kingambit|fallen4|[silent]
|cant|p1a: Dondozo|slp
|
|upkeep
|turn|28
|j| Votereform
|
|t:|1760847733
|move|p2a: Kingambit|Swords Dance|p2a: Kingambit
|-boost|p2a: Kingambit|atk|2
|cant|p1a: Dondozo|slp
|
|upkeep
|turn|29
|inactive|MooFarmer has 90 seconds left.
|c| Votereform|Is this a joke
|c| Votereform|moofarmer is a bot
|c| Votereform|it’s literally ai
|inactive|MooFarmer has 60 seconds left.
|
|t:|1760847777
|-terastallize|p2a: Kingambit|Flying
|move|p2a: Kingambit|Kowtow Cleave|p1a: Dondozo
|-damage|p1a: Dondozo|80/100 slp
|-curestatus|p1a: Dondozo|slp|[msg]
|move|p1a: Dondozo|Waterfall|p2a: Kingambit
|-damage|p2a: Kingambit|71/100
|
|-heal|p2a: Kingambit|77/100|[from] item: Leftovers
|-heal|p1a: Dondozo|86/100|[from] item: Leftovers
|upkeep
|turn|30
|inactive|MooFarmer has 60 seconds left.
|inactive|MooFarmer has 30 seconds left.
|n| Gen1onlyedgy|votereform
|inactive|MooFarmer has 20 seconds left.
|
|t:|1760847823
|move|p2a: Kingambit|Kowtow Cleave|p1a: Dondozo
|-damage|p1a: Dondozo|65/100
|move|p1a: Dondozo|Waterfall|p2a: Kingambit
|-damage|p2a: Kingambit|46/100
|
|-heal|p2a: Kingambit|52/100|[from] item: Leftovers
|-heal|p1a: Dondozo|71/100|[from] item: Leftovers
|upkeep
|turn|31
|inactive|MooFarmer has 30 seconds left this turn.
|l| jsnsddk
|
|t:|1760847833
|move|p2a: Kingambit|Kowtow Cleave|p1a: Dondozo
|-crit|p1a: Dondozo
|-damage|p1a: Dondozo|24/100
|move|p1a: Dondozo|Waterfall|p2a: Kingambit
|-damage|p2a: Kingambit|23/100
|
|-heal|p2a: Kingambit|29/100|[from] item: Leftovers
|-heal|p1a: Dondozo|30/100|[from] item: Leftovers
|upkeep
|turn|32
|inactive|MooFarmer has 30 seconds left.
|
|t:|1760847845
|move|p2a: Kingambit|Kowtow Cleave|p1a: Dondozo
|-damage|p1a: Dondozo|9/100
|move|p1a: Dondozo|Waterfall|p2a: Kingambit
|-damage|p2a: Kingambit|0 fnt
|faint|p2a: Kingambit
|-end|p2a: Kingambit|fallen4|[silent]
|
|-heal|p1a: Dondozo|15/100|[from] item: Leftovers
|upkeep
|
|t:|1760847853
|switch|p2a: 6-0|Great Tusk|14/100
|turn|33
|
|t:|1760847859
|switch|p1a: Corviknight|Corviknight, M|64/100
|-ability|p1a: Corviknight|Pressure
|move|p2a: 6-0|Headlong Rush|p1a: Corviknight
|-immune|p1a: Corviknight
|
|upkeep
|turn|34
|
|t:|1760847869
|move|p2a: 6-0|Temper Flare|p1a: Corviknight
|-supereffective|p1a: Corviknight
|-damage|p1a: Corviknight|0 fnt
|-damage|p2a: 6-0|0 fnt|[from] item: Rocky Helmet|[of] p1a: Corviknight
|faint|p1a: Corviknight
|faint|p2a: 6-0
|-end|p2a: 6-0|Protosynthesis|[silent]
|
|win|MooFarmer
|raw|MooFarmer's rating: 1892 &rarr; <strong>1915</strong><br />(+23 for winning)
|raw|dvwg4dvwrwg4gs's rating: 1950 &rarr; <strong>1927</strong><br />(-23 for losing)
|l|☆MooFarmer
|player|p1|
|l|☆dvwg4dvwrwg4gs
|player|p2|
|j| jsnsddk
|l| FaronAan
