|j|☆Canthavmehname
|j|☆foister
|t:|1760811256
|gametype|singles
|player|p1|Canthavmehname|170|1058
|player|p2|foister|101|1119
|gen|9
|tier|[Gen 9] OU
|rated|
|rule|HP Percentage Mod: HP is shown in percentages
|rule|Endless Battle Clause: Forcing endless battles is banned
|rule|Species Clause: Limit one of each Pokémon
|rule|OHKO Clause: OHKO moves are banned
|rule|Evasion Items Clause: Evasion items are banned
|rule|Evasion Moves Clause: Evasion moves are banned
|rule|Evasion Abilities Clause: Evasion abilities are banned
|rule|Sleep Moves Clause: Sleep-inducing moves are banned
|clearpoke
|poke|p1|Ditto|
|poke|p1|Zoroark-Hisui, M|
|poke|p1|Appletun, F|
|poke|p1|Charizard, F|
|poke|p1|Serperior, M|
|poke|p1|Pikachu, M|
|poke|p2|Skeledirge, F|
|poke|p2|Blaziken, F|
|poke|p2|Primarina, M|
|poke|p2|Sceptile, M|
|poke|p2|Quaquaval, F|
|poke|p2|Rillaboom, M|
|teampreview
|inactive|Battle timer is ON: inactive players will automatically lose when time's up. (requested by Canthavmehname)
|
|t:|1760811278
|teamsize|p1|6
|teamsize|p2|6
|start
|switch|p1a: Ditto|Ditto, shiny|100/100
|switch|p2a: Rillaboom|Rillaboom, M|100/100
|-fieldstart|move: Grassy Terrain|[from] ability: Grassy Surge|[of] p2a: Rillaboom
|-enditem|p2a: Rillaboom|Grassy Seed
|-boost|p2a: Rillaboom|def|1|[from] item: Grassy Seed
|turn|1
|
|t:|1760811292
|-terastallize|p1a: Ditto|Ghost
|move|p2a: Rillaboom|Knock Off|p1a: Ditto
|-supereffective|p1a: Ditto
|-damage|p1a: Ditto|0 fnt
|replace|p1a: Zoroark|Zoroark-Hisui, M, shiny
|-end|p1a: Zoroark|Illusion
|-enditem|p1a: Zoroark|Leftovers|[from] move: Knock Off|[of] p2a: Rillaboom
|faint|p1a: Zoroark
|
|upkeep
|
|t:|1760811299
|switch|p1a: Ditto|Ditto, shiny|100/100
|-transform|p1a: Ditto|p2a: Rillaboom|[from] ability: Imposter
|turn|2
|
|t:|1760811304
|move|p1a: Ditto|Knock Off|p2a: Rillaboom
|-damage|p2a: Rillaboom|82/100
|move|p2a: Rillaboom|Acrobatics|p1a: Ditto
|-supereffective|p1a: Ditto
|-damage|p1a: Ditto|21/100
|
|-heal|p2a: Rillaboom|89/100|[from] Grassy Terrain
|-heal|p1a: Ditto|27/100|[from] Grassy Terrain
|-heal|p1a: Ditto|33/100|[from] item: Leftovers
|upkeep
|turn|3
|
|t:|1760811316
|move|p1a: Ditto|Wood Hammer|p2a: Rillaboom
|-resisted|p2a: Rillaboom
|-damage|p2a: Rillaboom|58/100
|-damage|p1a: Ditto|21/100|[from] Recoil
|move|p2a: Rillaboom|Acrobatics|p1a: Ditto
|-supereffective|p1a: Ditto
|-damage|p1a: Ditto|0 fnt
|faint|p1a: Ditto
|
|-heal|p2a: Rillaboom|65/100|[from] Grassy Terrain
|upkeep
|
|t:|1760811320
|switch|p1a: Serperior|Serperior, M, shiny|100/100
|turn|4
|
|t:|1760811331
|move|p1a: Serperior|Energy Ball|p2a: Rillaboom
|-resisted|p2a: Rillaboom
|-damage|p2a: Rillaboom|41/100
|-unboost|p2a: Rillaboom|spd|1
|move|p2a: Rillaboom|Acrobatics|p1a: Serperior
|-supereffective|p1a: Serperior
|-damage|p1a: Serperior|14/100
|
|-heal|p1a: Serperior|20/100|[from] Grassy Terrain
|-heal|p2a: Rillaboom|47/100|[from] Grassy Terrain
|upkeep
|turn|5
|
|t:|1760811342
|move|p1a: Serperior|Leaf Storm|p2a: Rillaboom
|-resisted|p2a: Rillaboom
|-damage|p2a: Rillaboom|0 fnt
|-boost|p1a: Serperior|spa|2
|faint|p2a: Rillaboom
|
|-heal|p1a: Serperior|26/100|[from] Grassy Terrain
|-fieldend|move: Grassy Terrain
|upkeep
|
|t:|1760811361
|switch|p2a: Skeledirge|Skeledirge, F|100/100
|turn|6
|
|t:|1760811370
|move|p1a: Serperior|Glare|p2a: Skeledirge
|-status|p2a: Skeledirge|par
|cant|p2a: Skeledirge|par
|
|upkeep
|turn|7
|
|t:|1760811381
|move|p1a: Serperior|Leaf Storm|p2a: Skeledirge
|-resisted|p2a: Skeledirge
|-crit|p2a: Skeledirge
|-damage|p2a: Skeledirge|64/100 par
|-boost|p1a: Serperior|spa|2
|cant|p2a: Skeledirge|par
|
|-heal|p2a: Skeledirge|70/100 par|[from] item: Leftovers
|upkeep
|turn|8
|
|t:|1760811390
|move|p1a: Serperior|Giga Drain|p2a: Skeledirge
|-resisted|p2a: Skeledirge
|-damage|p2a: Skeledirge|57/100 par
|-heal|p1a: Serperior|33/100|[from] drain|[of] p2a: Skeledirge
|move|p2a: Skeledirge|Torch Song|p1a: Serperior
|-supereffective|p1a: Serperior
|-damage|p1a: Serperior|0 fnt
|-boost|p2a: Skeledirge|spa|1
|faint|p1a: Serperior
|
|-heal|p2a: Skeledirge|63/100 par|[from] item: Leftovers
|upkeep
|
|t:|1760811396
|switch|p1a: Pikachu|Pikachu, M, shiny|100/100
|turn|9
|
|t:|1760811409
|move|p1a: Pikachu|Volt Switch|p2a: Skeledirge
|-crit|p2a: Skeledirge
|-damage|p2a: Skeledirge|1/100 par
|
|t:|1760811415
|switch|p1a: Appletun|Appletun, F, shiny|100/100|[from] Volt Switch
|move|p2a: Skeledirge|Shadow Ball|p1a: Appletun
|-damage|p1a: Appletun|39/100
|
|-heal|p2a: Skeledirge|7/100 par|[from] item: Leftovers
|upkeep
|turn|10
|
|t:|1760811431
|move|p1a: Appletun|Draco Meteor|p2a: Skeledirge
|-damage|p2a: Skeledirge|0 fnt
|-unboost|p1a: Appletun|spa|2
|faint|p2a: Skeledirge
|
|upkeep
|
|t:|1760811443
|switch|p2a: Quaquaval|Quaquaval, F|100/100
|turn|11
|
|t:|1760811453
|move|p2a: Quaquaval|Aqua Step|p1a: Appletun
|-resisted|p1a: Appletun
|-damage|p1a: Appletun|26/100
|-boost|p2a: Quaquaval|spe|1
|-damage|p2a: Quaquaval|91/100|[from] item: Life Orb
|move|p1a: Appletun|Draco Meteor|p2a: Quaquaval|[miss]
|-miss|p1a: Appletun|p2a: Quaquaval
|
|upkeep
|turn|12
|
|t:|1760811465
|move|p2a: Quaquaval|Brave Bird|p1a: Appletun
|-supereffective|p1a: Appletun
|-damage|p1a: Appletun|0 fnt
|faint|p1a: Appletun
|-ability|p2a: Quaquaval|Moxie|boost
|-boost|p2a: Quaquaval|atk|1
|-damage|p2a: Quaquaval|82/100|[from] Recoil
|-damage|p2a: Quaquaval|72/100|[from] item: Life Orb
|
|upkeep
|
|t:|1760811469
|switch|p1a: Pikachu|Pikachu, M, shiny|100/100
|turn|13
|
|t:|1760811481
|move|p2a: Quaquaval|Wave Crash|p1a: Pikachu
|-damage|p1a: Pikachu|0 fnt
|faint|p1a: Pikachu
|-ability|p2a: Quaquaval|Moxie|boost
|-boost|p2a: Quaquaval|atk|1
|-damage|p2a: Quaquaval|50/100|[from] Recoil
|-damage|p2a: Quaquaval|40/100|[from] item: Life Orb
|
|upkeep
|
|t:|1760811490
|switch|p1a: Charizard|Charizard, F, shiny|100/100
|turn|14
|
|t:|1760811494
|move|p2a: Quaquaval|Wave Crash|p1a: Charizard
|-supereffective|p1a: Charizard
|-damage|p1a: Charizard|0 fnt
|faint|p1a: Charizard
|-damage|p2a: Quaquaval|10/100|[from] Recoil
|-damage|p2a: Quaquaval|0 fnt|[from] item: Life Orb
|faint|p2a: Quaquaval
|
|win|foister
|raw|Canthavmehname's rating: 1058 &rarr; <strong>1043</strong><br />(-15 for losing)
|raw|foister's rating: 1119 &rarr; <strong>1140</strong><br />(+21 for winning)
|l|☆Canthavmehname
|player|p1|
|l|☆foister
|player|p2|
