|j|☆Darkarrow
|j|☆wallik
|t:|1760763600
|gametype|singles
|player|p1|Darkarrow|265|1687
|player|p2|wallik|bugsy|1722
|gen|9
|tier|[Gen 9] OU
|rated|
|rule|HP Percentage Mod: HP is shown in percentages
|rule|Endless Battle Clause: Forcing endless battles is banned
|rule|Species Clause: Limit one of each Pokémon
|rule|OHKO Clause: OHKO moves are banned
|rule|Evasion Items Clause: Evasion items are banned
|rule|Evasion Moves Clause: Evasion moves are banned
|rule|Evasion Abilities Clause: Evasion abilities are banned
|rule|Sleep Moves Clause: Sleep-inducing moves are banned
|clearpoke
|poke|p1|Ninetales-Alola, F|
|poke|p1|Darkrai|
|poke|p1|Ceruledge, M|
|poke|p1|Gliscor, M|
|poke|p1|Hatterene, F|
|poke|p1|Kommo-o, F|
|poke|p2|Cinderace, M|
|poke|p2|Great Tusk|
|poke|p2|Slowking-Galar, M|
|poke|p2|Corviknight, F|
|poke|p2|Raging Bolt|
|poke|p2|Whimsicott, M|
|teampreview
|
|t:|1760763630
|teamsize|p1|6
|teamsize|p2|6
|start
|switch|p1a: Darkrai|Darkrai|100/100
|switch|p2a: BrainRot|Slowking-Galar, M|100/100
|turn|1
|
|t:|1760763637
|move|p1a: Darkrai|Nasty Plot|p1a: Darkrai
|-boost|p1a: Darkrai|spa|2
|move|p2a: BrainRot|Sludge Bomb|p1a: Darkrai
|-damage|p1a: Darkrai|47/100
|-status|p1a: Darkrai|psn
|
|-heal|p1a: Darkrai|53/100 psn|[from] item: Leftovers
|-damage|p1a: Darkrai|41/100 psn|[from] psn
|upkeep
|turn|2
|
|t:|1760763652
|move|p1a: Darkrai|Dark Pulse|p2a: BrainRot
|-supereffective|p2a: BrainRot
|-damage|p2a: BrainRot|18/100
|cant|p2a: BrainRot|flinch
|
|-heal|p1a: Darkrai|47/100 psn|[from] item: Leftovers
|-damage|p1a: Darkrai|34/100 psn|[from] psn
|upkeep
|turn|3
|
|t:|1760763671
|switch|p2a: Vape God|Raging Bolt|100/100
|move|p1a: Darkrai|Dark Pulse|p2a: Vape God
|-damage|p2a: Vape God|24/100
|
|-heal|p1a: Darkrai|40/100 psn|[from] item: Leftovers
|-damage|p1a: Darkrai|28/100 psn|[from] psn
|upkeep
|turn|4
|
|t:|1760763678
|switch|p1a: Gliscor|Gliscor, M|100/100
|move|p2a: Vape God|Thunderclap||[still]
|-fail|p2a: Vape God
|
|-status|p1a: Gliscor|tox|[from] item: Toxic Orb
|upkeep
|turn|5
|
|t:|1760763682
|-end|p2a: Vape God|Protosynthesis|[silent]
|switch|p2a: Gladys|Corviknight, F|100/100
|-ability|p2a: Gladys|Pressure
|move|p1a: Gliscor|Facade|p2a: Gladys
|-resisted|p2a: Gladys
|-damage|p2a: Gladys|89/100
|-damage|p1a: Gliscor|84/100 tox|[from] item: Rocky Helmet|[of] p2a: Gladys
|
|-heal|p1a: Gliscor|97/100 tox|[from] ability: Poison Heal
|upkeep
|turn|6
|
|t:|1760763688
|move|p1a: Gliscor|Swords Dance|p1a: Gliscor
|-boost|p1a: Gliscor|atk|2
|move|p2a: Gladys|Reflect|p2a: Gladys
|-sidestart|p2: wallik|Reflect
|
|-heal|p1a: Gliscor|100/100 tox|[from] ability: Poison Heal
|upkeep
|turn|7
|
|t:|1760763691
|move|p1a: Gliscor|Agility|p1a: Gliscor
|-boost|p1a: Gliscor|spe|2
|move|p2a: Gladys|U-turn|p1a: Gliscor
|-resisted|p1a: Gliscor
|-damage|p1a: Gliscor|95/100 tox
|
|t:|1760763693
|switch|p2a: Whimsicott|Whimsicott, M|100/100|[from] U-turn
|
|-heal|p1a: Gliscor|100/100 tox|[from] ability: Poison Heal
|upkeep
|turn|8
|
|t:|1760763696
|switch|p1a: Ninetales|Ninetales-Alola, F|100/100
|-weather|Snowscape|[from] ability: Snow Warning|[of] p1a: Ninetales
|move|p2a: Whimsicott|Encore||[still]
|-fail|p2a: Whimsicott
|
|-weather|Snowscape|[upkeep]
|upkeep
|turn|9
|
|t:|1760763699
|move|p2a: Whimsicott|Stun Spore|p1a: Ninetales
|-status|p1a: Ninetales|par
|cant|p1a: Ninetales|par
|
|-weather|Snowscape|[upkeep]
|upkeep
|turn|10
|
|t:|1760763704
|move|p2a: Whimsicott|U-turn|p1a: Ninetales
|-resisted|p1a: Ninetales
|-damage|p1a: Ninetales|96/100 par
|
|t:|1760763718
|switch|p2a: BrainRot|Slowking-Galar, M|52/100|[from] U-turn
|cant|p1a: Ninetales|par
|
|-weather|Snowscape|[upkeep]
|-sideend|p2: wallik|Reflect
|upkeep
|turn|11
|
|t:|1760763726
|move|p1a: Ninetales|Aurora Veil|p1a: Ninetales
|-sidestart|p1: Darkarrow|move: Aurora Veil
|move|p2a: BrainRot|Future Sight|p1a: Ninetales
|-start|p2a: BrainRot|move: Future Sight
|
|-weather|Snowscape|[upkeep]
|upkeep
|turn|12
|
|t:|1760763730
|switch|p1a: Darkrai|Darkrai|28/100 psn
|move|p2a: BrainRot|Sludge Bomb|p1a: Darkrai
|-crit|p1a: Darkrai
|-damage|p1a: Darkrai|0 fnt
|faint|p1a: Darkrai
|
|-weather|none
|upkeep
|
|t:|1760763737
|switch|p1a: Gliscor|Gliscor, M|100/100 tox
|turn|13
|
|t:|1760763742
|switch|p2a: Whimsicott|Whimsicott, M|100/100
|move|p1a: Gliscor|Swords Dance|p1a: Gliscor
|-boost|p1a: Gliscor|atk|2
|
|-end|p1a: Gliscor|move: Future Sight
|-damage|p1a: Gliscor|72/100 tox
|-heal|p1a: Gliscor|84/100 tox|[from] ability: Poison Heal
|upkeep
|turn|14
|
|t:|1760763751
|switch|p1a: Hatterene|Hatterene, F|100/100
|move|p2a: Whimsicott|Encore|p1a: Hatterene
|move|p1a: Hatterene|Encore||[from] ability: Magic Bounce|[still]
|-fail|p1a: Hatterene
|
|upkeep
|turn|15
|
|t:|1760763753
|move|p2a: Whimsicott|U-turn|p1a: Hatterene
|-damage|p1a: Hatterene|96/100
|
|t:|1760763758
|switch|p2a: BrainRot|Slowking-Galar, M|85/100|[from] U-turn
|move|p1a: Hatterene|Calm Mind|p1a: Hatterene
|-boost|p1a: Hatterene|spa|1
|-boost|p1a: Hatterene|spd|1
|
|-heal|p1a: Hatterene|100/100|[from] item: Leftovers
|upkeep
|turn|16
|
|t:|1760763763
|-terastallize|p1a: Hatterene|Water
|move|p1a: Hatterene|Calm Mind|p1a: Hatterene
|-boost|p1a: Hatterene|spa|1
|-boost|p1a: Hatterene|spd|1
|move|p2a: BrainRot|Sludge Bomb|p1a: Hatterene
|-damage|p1a: Hatterene|89/100
|
|-heal|p1a: Hatterene|95/100|[from] item: Leftovers
|upkeep
|turn|17
|
|t:|1760763778
|switch|p2a: Vape God|Raging Bolt|24/100
|move|p1a: Hatterene|Psyshock|p2a: Vape God
|-damage|p2a: Vape God|0 fnt
|faint|p2a: Vape God
|-end|p2a: Vape God|Protosynthesis|[silent]
|
|-heal|p1a: Hatterene|100/100|[from] item: Leftovers
|upkeep
|
|t:|1760763809
|switch|p2a: Gladys|Corviknight, F|89/100
|-ability|p2a: Gladys|Pressure
|turn|18
|
|t:|1760763814
|move|p2a: Gladys|U-turn|p1a: Hatterene
|-crit|p1a: Hatterene
|-damage|p1a: Hatterene|82/100
|
|t:|1760763818
|switch|p2a: BrainRot|Slowking-Galar, M|100/100|[from] U-turn
|move|p1a: Hatterene|Calm Mind|p1a: Hatterene
|-boost|p1a: Hatterene|spa|1
|-boost|p1a: Hatterene|spd|1
|
|-heal|p1a: Hatterene|88/100|[from] item: Leftovers
|-sideend|p1: Darkarrow|move: Aurora Veil
|upkeep
|turn|19
|
|t:|1760763829
|move|p1a: Hatterene|Psyshock|p2a: BrainRot
|-damage|p2a: BrainRot|9/100
|move|p2a: BrainRot|Sludge Bomb|p1a: Hatterene
|-damage|p1a: Hatterene|71/100
|
|-heal|p1a: Hatterene|77/100|[from] item: Leftovers
|upkeep
|turn|20
|
|t:|1760763837
|switch|p2a: Gladys|Corviknight, F|89/100
|-ability|p2a: Gladys|Pressure
|move|p1a: Hatterene|Draining Kiss|p2a: Gladys
|-resisted|p2a: Gladys
|-damage|p2a: Gladys|63/100
|-heal|p1a: Hatterene|100/100|[from] drain|[of] p2a: Gladys
|-damage|p1a: Hatterene|84/100|[from] item: Rocky Helmet|[of] p2a: Gladys
|
|-heal|p1a: Hatterene|90/100|[from] item: Leftovers
|upkeep
|turn|21
|
|t:|1760763841
|move|p2a: Gladys|Roost|p2a: Gladys
|-heal|p2a: Gladys|100/100
|-singleturn|p2a: Gladys|move: Roost
|move|p1a: Hatterene|Mystical Fire|p2a: Gladys
|-supereffective|p2a: Gladys
|-damage|p2a: Gladys|0 fnt
|faint|p2a: Gladys
|
|-heal|p1a: Hatterene|96/100|[from] item: Leftovers
|upkeep
|
|t:|1760763848
|switch|p2a: Packin Purple|Great Tusk|100/100
|turn|22
|
|t:|1760763853
|move|p2a: Packin Purple|Headlong Rush|p1a: Hatterene
|-damage|p1a: Hatterene|39/100
|-unboost|p2a: Packin Purple|def|1
|-unboost|p2a: Packin Purple|spd|1
|move|p1a: Hatterene|Draining Kiss|p2a: Packin Purple
|-supereffective|p2a: Packin Purple
|-damage|p2a: Packin Purple|0 fnt
|-heal|p1a: Hatterene|100/100|[from] drain|[of] p2a: Packin Purple
|faint|p2a: Packin Purple
|-end|p2a: Packin Purple|Protosynthesis|[silent]
|
|upkeep
|-message|wallik forfeited.
|
|win|Darkarrow
|raw|Darkarrow's rating: 1687 &rarr; <strong>1709</strong><br />(+22 for winning)
|raw|wallik's rating: 1722 &rarr; <strong>1700</strong><br />(-22 for losing)
|l|☆wallik
|player|p2|
|l|☆Darkarrow
|player|p1|
