|j|☆rekka auto
|j|☆RobustLoki
|t:|1760871578
|gametype|singles
|player|p1|rekka auto|drayden|1595
|player|p2|RobustLoki|scientist|1524
|gen|9
|tier|[Gen 9] OU
|rated|
|rule|HP Percentage Mod: HP is shown in percentages
|rule|Endless Battle Clause: Forcing endless battles is banned
|rule|Species Clause: Limit one of each Pokémon
|rule|OHKO Clause: OHKO moves are banned
|rule|Evasion Items Clause: Evasion items are banned
|rule|Evasion Moves Clause: Evasion moves are banned
|rule|Evasion Abilities Clause: Evasion abilities are banned
|rule|Sleep Moves Clause: Sleep-inducing moves are banned
|clearpoke
|poke|p1|Rotom-Wash|
|poke|p1|Scizor, M|
|poke|p1|Gholdengo|
|poke|p1|Comfey, F|
|poke|p1|Dragonite, M|
|poke|p1|Hatterene, F|
|poke|p2|Latios, M|
|poke|p2|Weavile, M|
|poke|p2|Meowscarada, M|
|poke|p2|Scizor, M|
|poke|p2|Comfey, M|
|poke|p2|Blastoise, F|
|teampreview
|inactive|Battle timer is ON: inactive players will automatically lose when time's up. (requested by rekka auto)
|
|t:|1760871593
|teamsize|p1|6
|teamsize|p2|6
|start
|switch|p1a: Rotom|Rotom-Wash|100/100
|switch|p2a: Meowscarada|Meowscarada, M|100/100
|turn|1
|
|t:|1760871598
|switch|p1a: Scizor|Scizor, M|100/100
|move|p2a: Meowscarada|Flower Trick|p1a: Scizor
|-start|p2a: Meowscarada|typechange|Grass|[from] ability: Protean
|-resisted|p1a: Scizor
|-crit|p1a: Scizor
|-damage|p1a: Scizor|88/100
|
|upkeep
|turn|2
|
|t:|1760871603
|switch|p2a: Scizor|Scizor, M|100/100
|move|p1a: Scizor|U-turn|p2a: Scizor
|-resisted|p2a: Scizor
|-damage|p2a: Scizor|69/100
|
|t:|1760871606
|switch|p1a: Rotom|Rotom-Wash|100/100|[from] U-turn
|
|upkeep
|turn|3
|
|t:|1760871611
|switch|p2a: Latios|Latios, M|100/100
|move|p1a: Rotom|Reflect|p1a: Rotom
|-sidestart|p1: rekka auto|Reflect
|
|upkeep
|turn|4
|
|t:|1760871618
|move|p2a: Latios|Luster Purge|p1a: Rotom
|-damage|p1a: Rotom|23/100
|-unboost|p1a: Rotom|spd|1
|move|p1a: Rotom|Light Screen|p1a: Rotom
|-sidestart|p1: rekka auto|move: Light Screen
|
|upkeep
|turn|5
|
|t:|1760871632
|switch|p1a: Gholdengo|Gholdengo|100/100
|move|p2a: Latios|Luster Purge|p1a: Gholdengo
|-resisted|p1a: Gholdengo
|-damage|p1a: Gholdengo|83/100
|
|upkeep
|turn|6
|
|t:|1760871639
|switch|p2a: Meowscarada|Meowscarada, M|100/100
|move|p1a: Gholdengo|Nasty Plot|p1a: Gholdengo
|-boost|p1a: Gholdengo|spa|2
|
|upkeep
|turn|7
|
|t:|1760871642
|move|p2a: Meowscarada|Knock Off|p1a: Gholdengo
|-start|p2a: Meowscarada|typechange|Dark|[from] ability: Protean
|-supereffective|p1a: Gholdengo
|-damage|p1a: Gholdengo|52/100
|-enditem|p1a: Gholdengo|Covert Cloak|[from] move: Knock Off|[of] p2a: Meowscarada
|move|p1a: Gholdengo|Dazzling Gleam|p2a: Meowscarada
|-supereffective|p2a: Meowscarada
|-damage|p2a: Meowscarada|0 fnt
|faint|p2a: Meowscarada
|
|upkeep
|
|t:|1760871657
|switch|p2a: Scizor|Scizor, M|69/100
|turn|8
|
|t:|1760871661
|move|p1a: Gholdengo|Recover|p1a: Gholdengo
|-heal|p1a: Gholdengo|100/100
|move|p2a: Scizor|Knock Off|p1a: Gholdengo
|-supereffective|p1a: Gholdengo
|-damage|p1a: Gholdengo|73/100
|
|upkeep
|turn|9
|
|t:|1760871664
|move|p1a: Gholdengo|Nasty Plot|p1a: Gholdengo
|-boost|p1a: Gholdengo|spa|2
|move|p2a: Scizor|Knock Off|p1a: Gholdengo
|-supereffective|p1a: Gholdengo
|-damage|p1a: Gholdengo|45/100
|
|upkeep
|turn|10
|
|t:|1760871667
|move|p1a: Gholdengo|Shadow Ball|p2a: Scizor
|-damage|p2a: Scizor|0 fnt
|faint|p2a: Scizor
|
|-sideend|p1: rekka auto|Reflect
|upkeep
|
|t:|1760871671
|switch|p2a: Weavile|Weavile, M|100/100
|-ability|p2a: Weavile|Pressure
|turn|11
|
|t:|1760871673
|-terastallize|p1a: Gholdengo|Fairy
|move|p2a: Weavile|Knock Off|p1a: Gholdengo
|-resisted|p1a: Gholdengo
|-damage|p1a: Gholdengo|34/100
|move|p1a: Gholdengo|Recover|p1a: Gholdengo
|-heal|p1a: Gholdengo|84/100
|
|-sideend|p1: rekka auto|move: Light Screen
|upkeep
|turn|12
|
|t:|1760871678
|move|p2a: Weavile|Triple Axel|p1a: Gholdengo
|-damage|p1a: Gholdengo|76/100
|-hitcount|p1a: Gholdengo|1
|move|p1a: Gholdengo|Dazzling Gleam|p2a: Weavile
|-supereffective|p2a: Weavile
|-damage|p2a: Weavile|0 fnt
|faint|p2a: Weavile
|
|upkeep
|
|t:|1760871684
|switch|p2a: Latios|Latios, M|100/100
|turn|13
|
|t:|1760871686
|move|p2a: Latios|Luster Purge|p1a: Gholdengo
|-damage|p1a: Gholdengo|1/100
|-unboost|p1a: Gholdengo|spd|1
|move|p1a: Gholdengo|Shadow Ball|p2a: Latios
|-supereffective|p2a: Latios
|-crit|p2a: Latios
|-damage|p2a: Latios|0 fnt
|faint|p2a: Latios
|
|upkeep
|
|t:|1760871693
|switch|p2a: Blastoise|Blastoise, F|100/100
|turn|14
|
|t:|1760871696
|move|p2a: Blastoise|Rapid Spin|p1a: Gholdengo
|-damage|p1a: Gholdengo|0 fnt
|-boost|p2a: Blastoise|spe|1
|faint|p1a: Gholdengo
|
|upkeep
|
|t:|1760871702
|switch|p1a: Hatterene|Hatterene, F|100/100
|turn|15
|
|t:|1760871706
|move|p2a: Blastoise|Shell Smash|p2a: Blastoise
|-unboost|p2a: Blastoise|def|1
|-unboost|p2a: Blastoise|spd|1
|-boost|p2a: Blastoise|atk|2
|-boost|p2a: Blastoise|spa|2
|-boost|p2a: Blastoise|spe|2
|move|p1a: Hatterene|Nuzzle|p2a: Blastoise
|-supereffective|p2a: Blastoise
|-damage|p2a: Blastoise|87/100
|-status|p2a: Blastoise|par
|
|upkeep
|turn|16
|
|t:|1760871722
|move|p2a: Blastoise|Surf|p1a: Hatterene
|-damage|p1a: Hatterene|29/100
|move|p1a: Hatterene|Calm Mind|p1a: Hatterene
|-boost|p1a: Hatterene|spa|1
|-boost|p1a: Hatterene|spd|1
|
|-heal|p1a: Hatterene|35/100|[from] item: Leftovers
|upkeep
|turn|17
|
|t:|1760871725
|move|p2a: Blastoise|Surf|p1a: Hatterene
|-damage|p1a: Hatterene|0 fnt
|faint|p1a: Hatterene
|
|upkeep
|
|t:|1760871729
|switch|p1a: Comfey|Comfey, F|100/100
|turn|18
|
|t:|1760871732
|move|p2a: Blastoise|Surf|p1a: Comfey
|-damage|p1a: Comfey|26/100
|move|p1a: Comfey|Calm Mind|p1a: Comfey
|-boost|p1a: Comfey|spa|1
|-boost|p1a: Comfey|spd|1
|
|upkeep
|turn|19
|
|t:|1760871736
|move|p1a: Comfey|Draining Kiss|p2a: Blastoise
|-damage|p2a: Blastoise|22/100 par
|-heal|p1a: Comfey|74/100|[from] drain|[of] p2a: Blastoise
|-damage|p1a: Comfey|64/100|[from] item: Life Orb
|move|p2a: Blastoise|Surf|p1a: Comfey
|-damage|p1a: Comfey|0 fnt
|faint|p1a: Comfey
|
|upkeep
|j| abravioustinkaton
|
|t:|1760871741
|switch|p1a: Scizor|Scizor, M|88/100
|turn|20
|
|t:|1760871744
|move|p1a: Scizor|Bullet Punch|p2a: Blastoise
|-resisted|p2a: Blastoise
|-damage|p2a: Blastoise|0 fnt
|faint|p2a: Blastoise
|
|upkeep
|
|t:|1760871746
|switch|p2a: Comfey|Comfey, M|100/100
|turn|21
|j| Wowbigsmall
|
|t:|1760871749
|-terastallize|p2a: Comfey|Poison
|move|p1a: Scizor|Bullet Punch|p2a: Comfey
|-damage|p2a: Comfey|19/100
|move|p2a: Comfey|Calm Mind|p2a: Comfey
|-boost|p2a: Comfey|spa|1
|-boost|p2a: Comfey|spd|1
|
|-heal|p2a: Comfey|25/100|[from] item: Leftovers
|upkeep
|turn|22
|j| Cachou10
|c|☆RobustLoki|gg
|c|☆rekka auto|gg
|
|t:|1760871755
|move|p2a: Comfey|Draining Kiss|p1a: Scizor
|-resisted|p1a: Scizor
|-damage|p1a: Scizor|70/100
|-heal|p2a: Comfey|43/100|[from] drain|[of] p1a: Scizor
|move|p1a: Scizor|Bullet Punch|p2a: Comfey
|-damage|p2a: Comfey|0 fnt
|faint|p2a: Comfey
|
|win|rekka auto
|raw|rekka auto's rating: 1595 &rarr; <strong>1611</strong><br />(+16 for winning)
|raw|RobustLoki's rating: 1524 &rarr; <strong>1508</strong><br />(-16 for losing)
|l| abravioustinkaton
|l|☆RobustLoki
|player|p2|
|l|☆rekka auto
|player|p1|
|l| Wowbigsmall
|l| Cachou10
