|j|☆Ruler of the Sand
|j|☆gyaradosgodz
|t:|1760748102
|gametype|singles
|player|p1|Ruler of the Sand|marshal|1240
|player|p2|gyaradosgodz|juan|1199
|gen|9
|tier|[Gen 9] OU
|rated|
|rule|HP Percentage Mod: HP is shown in percentages
|rule|Endless Battle Clause: Forcing endless battles is banned
|rule|Species Clause: Limit one of each Pokémon
|rule|OHKO Clause: OHKO moves are banned
|rule|Evasion Items Clause: Evasion items are banned
|rule|Evasion Moves Clause: Evasion moves are banned
|rule|Evasion Abilities Clause: Evasion abilities are banned
|rule|Sleep Moves Clause: Sleep-inducing moves are banned
|clearpoke
|poke|p1|Hippowdon, F|
|poke|p1|Quagsire, M|
|poke|p1|Tyranitar, M|
|poke|p1|Excadrill, F|
|poke|p1|Garganacl, M|
|poke|p1|Landorus-Therian, M|
|poke|p2|Beartic, M|
|poke|p2|Charizard, M|
|poke|p2|Samurott-Hisui, F|
|poke|p2|Primeape, M|
|poke|p2|Cryogonal|
|poke|p2|Pelipper, F|
|teampreview
|inactive|Battle timer is ON: inactive players will automatically lose when time's up. (requested by gyaradosgodz)
|
|t:|1760748115
|teamsize|p1|6
|teamsize|p2|6
|start
|switch|p1a: Tyranitar|Tyranitar, M|100/100
|switch|p2a: Primeape|Primeape, M|100/100
|-weather|Sandstorm|[from] ability: Sand Stream|[of] p1a: Tyranitar
|turn|1
|
|t:|1760748123
|switch|p1a: Landorus|Landorus-Therian, M|100/100
|-ability|p1a: Landorus|Intimidate|boost
|-unboost|p2a: Primeape|atk|1
|-ability|p2a: Primeape|Defiant|boost
|-boost|p2a: Primeape|atk|2
|move|p2a: Primeape|Bulk Up|p2a: Primeape
|-boost|p2a: Primeape|atk|1
|-boost|p2a: Primeape|def|1
|
|-weather|Sandstorm|[upkeep]
|-damage|p2a: Primeape|95/100|[from] Sandstorm
|upkeep
|turn|2
|
|t:|1760748139
|move|p1a: Landorus|Earthquake|p2a: Primeape
|-damage|p2a: Primeape|58/100
|move|p2a: Primeape|Stealth Rock|p1a: Landorus
|-sidestart|p1: Ruler of the Sand|move: Stealth Rock
|
|-weather|Sandstorm|[upkeep]
|-damage|p2a: Primeape|52/100|[from] Sandstorm
|upkeep
|turn|3
|
|t:|1760748148
|move|p1a: Landorus|Earthquake|p2a: Primeape
|-damage|p2a: Primeape|15/100
|move|p2a: Primeape|Drain Punch|p1a: Landorus
|-resisted|p1a: Landorus
|-damage|p1a: Landorus|57/100
|-heal|p2a: Primeape|36/100|[from] drain|[of] p1a: Landorus
|-damage|p2a: Primeape|20/100|[from] item: Rocky Helmet|[of] p1a: Landorus
|
|-weather|Sandstorm|[upkeep]
|-damage|p2a: Primeape|14/100|[from] Sandstorm
|upkeep
|turn|4
|
|t:|1760748159
|move|p1a: Landorus|Earthquake|p2a: Primeape
|-damage|p2a: Primeape|0 fnt
|faint|p2a: Primeape
|
|-weather|Sandstorm|[upkeep]
|upkeep
|
|t:|1760748164
|switch|p2a: Cryogonal|Cryogonal|100/100
|turn|5
|
|t:|1760748169
|move|p2a: Cryogonal|Chilling Water|p1a: Landorus
|-supereffective|p1a: Landorus
|-damage|p1a: Landorus|30/100
|-unboost|p1a: Landorus|atk|1
|move|p1a: Landorus|Stealth Rock|p2a: Cryogonal
|-sidestart|p2: gyaradosgodz|move: Stealth Rock
|
|-weather|none
|upkeep
|turn|6
|
|t:|1760748177
|switch|p1a: Quagsire|Quagsire, M|100/100
|-damage|p1a: Quagsire|94/100|[from] Stealth Rock
|move|p2a: Cryogonal|Rapid Spin|p1a: Quagsire
|-damage|p1a: Quagsire|90/100
|-boost|p2a: Cryogonal|spe|1
|-sideend|p2: gyaradosgodz|Stealth Rock|[from] move: Rapid Spin|[of] p2a: Cryogonal
|
|-heal|p1a: Quagsire|96/100|[from] item: Leftovers
|upkeep
|turn|7
|
|t:|1760748188
|-terastallize|p1a: Quagsire|Steel
|move|p2a: Cryogonal|Freeze-Dry|p1a: Quagsire
|-resisted|p1a: Quagsire
|-damage|p1a: Quagsire|81/100
|move|p1a: Quagsire|Whirlpool|p2a: Cryogonal
|-damage|p2a: Cryogonal|96/100
|-activate|p2a: Cryogonal|move: Whirlpool|[of] p1a: Quagsire
|
|-heal|p1a: Quagsire|87/100|[from] item: Leftovers
|-damage|p2a: Cryogonal|84/100|[from] move: Whirlpool|[partiallytrapped]
|upkeep
|turn|8
|
|t:|1760748200
|move|p2a: Cryogonal|Chilling Water|p1a: Quagsire
|-heal|p1a: Quagsire|100/100|[from] ability: Water Absorb|[of] p2a: Cryogonal
|move|p1a: Quagsire|Toxic|p2a: Cryogonal
|-status|p2a: Cryogonal|tox
|
|-damage|p2a: Cryogonal|78/100 tox|[from] psn
|-damage|p2a: Cryogonal|65/100 tox|[from] move: Whirlpool|[partiallytrapped]
|upkeep
|turn|9
|
|t:|1760748210
|move|p2a: Cryogonal|Freeze-Dry|p1a: Quagsire
|-resisted|p1a: Quagsire
|-damage|p1a: Quagsire|86/100
|move|p1a: Quagsire|Dig||[still]
|-prepare|p1a: Quagsire|Dig
|
|-heal|p1a: Quagsire|92/100|[from] item: Leftovers
|-damage|p2a: Cryogonal|53/100 tox|[from] psn
|-damage|p2a: Cryogonal|41/100 tox|[from] move: Whirlpool|[partiallytrapped]
|upkeep
|turn|10
|
|t:|1760748219
|move|p2a: Cryogonal|Freeze-Dry|p1a: Quagsire|[miss]
|-miss|p2a: Cryogonal|p1a: Quagsire
|move|p1a: Quagsire|Dig|p2a: Cryogonal|[from] lockedmove
|-immune|p2a: Cryogonal|[from] ability: Levitate
|
|-heal|p1a: Quagsire|98/100|[from] item: Leftovers
|-damage|p2a: Cryogonal|23/100 tox|[from] psn
|-damage|p2a: Cryogonal|10/100 tox|[from] move: Whirlpool|[partiallytrapped]
|upkeep
|turn|11
|
|t:|1760748232
|move|p2a: Cryogonal|Freeze-Dry|p1a: Quagsire
|-resisted|p1a: Quagsire
|-damage|p1a: Quagsire|84/100
|move|p1a: Quagsire|Whirlpool|p2a: Cryogonal
|-damage|p2a: Cryogonal|6/100 tox
|
|-heal|p1a: Quagsire|90/100|[from] item: Leftovers
|-damage|p2a: Cryogonal|0 fnt|[from] psn
|faint|p2a: Cryogonal
|upkeep
|
|t:|1760748242
|switch|p2a: Charizard|Charizard, M|100/100
|turn|12
|
|t:|1760748253
|switch|p1a: Hippowdon|Hippowdon, F|100/100
|-damage|p1a: Hippowdon|94/100|[from] Stealth Rock
|-weather|Sandstorm|[from] ability: Sand Stream|[of] p1a: Hippowdon
|move|p2a: Charizard|Flamethrower|p1a: Hippowdon
|-damage|p1a: Hippowdon|36/100
|-damage|p2a: Charizard|91/100|[from] item: Life Orb
|
|-weather|Sandstorm|[upkeep]
|-damage|p2a: Charizard|85/100|[from] Sandstorm
|upkeep
|turn|13
|
|t:|1760748266
|switch|p1a: Tyranitar|Tyranitar, M|100/100
|-damage|p1a: Tyranitar|88/100|[from] Stealth Rock
|move|p2a: Charizard|Flamethrower|p1a: Tyranitar
|-resisted|p1a: Tyranitar
|-damage|p1a: Tyranitar|77/100
|-damage|p2a: Charizard|75/100|[from] item: Life Orb
|
|-weather|Sandstorm|[upkeep]
|-damage|p2a: Charizard|69/100|[from] Sandstorm
|upkeep
|turn|14
|
|t:|1760748277
|switch|p2a: Pelipper|Pelipper, F|100/100
|-weather|RainDance|[from] ability: Drizzle|[of] p2a: Pelipper
|move|p1a: Tyranitar|Stone Edge|p2a: Pelipper
|-supereffective|p2a: Pelipper
|-damage|p2a: Pelipper|0 fnt
|faint|p2a: Pelipper
|
|-weather|RainDance|[upkeep]
|upkeep
|
|t:|1760748286
|switch|p2a: Beartic|Beartic, M|100/100
|turn|15
|
|t:|1760748292
|switch|p1a: Landorus|Landorus-Therian, M|30/100
|-damage|p1a: Landorus|17/100|[from] Stealth Rock
|-ability|p1a: Landorus|Intimidate|boost
|-unboost|p2a: Beartic|atk|1
|-terastallize|p2a: Beartic|Water
|move|p2a: Beartic|Swords Dance|p2a: Beartic
|-boost|p2a: Beartic|atk|2
|
|-weather|RainDance|[upkeep]
|upkeep
|turn|16
|
|t:|1760748306
|move|p2a: Beartic|Icicle Spear|p1a: Landorus
|-supereffective|p1a: Landorus
|-damage|p1a: Landorus|0 fnt
|faint|p1a: Landorus
|-hitcount|p1: Landorus|1
|
|-weather|RainDance|[upkeep]
|upkeep
|
|t:|1760748312
|switch|p1a: Hippowdon|Hippowdon, F|36/100
|-damage|p1a: Hippowdon|30/100|[from] Stealth Rock
|-weather|Sandstorm|[from] ability: Sand Stream|[of] p1a: Hippowdon
|turn|17
|
|t:|1760748318
|move|p2a: Beartic|Icicle Spear|p1a: Hippowdon
|-supereffective|p1a: Hippowdon
|-damage|p1a: Hippowdon|8/100
|-supereffective|p1a: Hippowdon
|-damage|p1a: Hippowdon|0 fnt
|faint|p1a: Hippowdon
|-hitcount|p1: Hippowdon|2
|
|-weather|Sandstorm|[upkeep]
|-damage|p2a: Beartic|94/100|[from] Sandstorm
|upkeep
|
|t:|1760748326
|switch|p1a: Garganacl|Garganacl, M|100/100
|-damage|p1a: Garganacl|88/100|[from] Stealth Rock
|turn|18
|
|t:|1760748331
|move|p2a: Beartic|Liquidation|p1a: Garganacl
|-supereffective|p1a: Garganacl
|-damage|p1a: Garganacl|22/100
|-unboost|p1a: Garganacl|def|1
|-damage|p2a: Beartic|78/100|[from] item: Rocky Helmet|[of] p1a: Garganacl
|move|p1a: Garganacl|Curse|p1a: Garganacl
|-unboost|p1a: Garganacl|spe|1
|-boost|p1a: Garganacl|atk|1
|-boost|p1a: Garganacl|def|1
|
|-weather|Sandstorm|[upkeep]
|-damage|p2a: Beartic|72/100|[from] Sandstorm
|upkeep
|turn|19
|
|t:|1760748343
|switch|p1a: Quagsire|Quagsire, M, tera:Steel|90/100
|-damage|p1a: Quagsire|84/100|[from] Stealth Rock
|move|p2a: Beartic|Liquidation|p1a: Quagsire
|-heal|p1a: Quagsire|100/100|[from] ability: Water Absorb|[of] p2a: Beartic
|
|-weather|Sandstorm|[upkeep]
|-damage|p2a: Beartic|66/100|[from] Sandstorm
|upkeep
|turn|20
|
|t:|1760748352
|move|p2a: Beartic|Swords Dance|p2a: Beartic
|-boost|p2a: Beartic|atk|2
|move|p1a: Quagsire|Whirlpool|p2a: Beartic|[miss]
|-miss|p1a: Quagsire|p2a: Beartic
|
|-weather|Sandstorm|[upkeep]
|-damage|p2a: Beartic|60/100|[from] Sandstorm
|upkeep
|turn|21
|
|t:|1760748366
|move|p2a: Beartic|Close Combat|p1a: Quagsire
|-supereffective|p1a: Quagsire
|-damage|p1a: Quagsire|0 fnt
|-unboost|p2a: Beartic|def|1
|-unboost|p2a: Beartic|spd|1
|faint|p1a: Quagsire
|
|-weather|Sandstorm|[upkeep]
|-damage|p2a: Beartic|54/100|[from] Sandstorm
|upkeep
|
|t:|1760748375
|switch|p1a: Excadrill|Excadrill, F|100/100
|-damage|p1a: Excadrill|97/100|[from] Stealth Rock
|-item|p1a: Excadrill|Air Balloon
|turn|22
|
|t:|1760748386
|move|p1a: Excadrill|Earthquake|p2a: Beartic
|-damage|p2a: Beartic|0 fnt
|faint|p2a: Beartic
|
|-weather|Sandstorm|[upkeep]
|upkeep
|
|t:|1760748390
|switch|p2a: Samurott|Samurott-Hisui, F|100/100
|turn|23
|
|t:|1760748399
|move|p1a: Excadrill|Earthquake|p2a: Samurott
|-damage|p2a: Samurott|19/100
|move|p2a: Samurott|Aqua Cutter|p1a: Excadrill
|-supereffective|p1a: Excadrill
|-damage|p1a: Excadrill|0 fnt
|-enditem|p1a: Excadrill|Air Balloon
|faint|p1a: Excadrill
|
|-weather|Sandstorm|[upkeep]
|-damage|p2a: Samurott|13/100|[from] Sandstorm
|upkeep
|
|t:|1760748411
|switch|p1a: Garganacl|Garganacl, M|22/100
|-damage|p1a: Garganacl|10/100|[from] Stealth Rock
|turn|24
|
|t:|1760748416
|move|p2a: Samurott|Aqua Cutter|p1a: Garganacl
|-supereffective|p1a: Garganacl
|-damage|p1a: Garganacl|0 fnt
|faint|p1a: Garganacl
|
|-weather|none
|upkeep
|
|t:|1760748422
|switch|p1a: Tyranitar|Tyranitar, M|77/100
|-damage|p1a: Tyranitar|65/100|[from] Stealth Rock
|-weather|Sandstorm|[from] ability: Sand Stream|[of] p1a: Tyranitar
|turn|25
|
|t:|1760748428
|move|p2a: Samurott|Aqua Cutter|p1a: Tyranitar
|-supereffective|p1a: Tyranitar
|-damage|p1a: Tyranitar|0 fnt
|faint|p1a: Tyranitar
|
|win|gyaradosgodz
|raw|Ruler of the Sand's rating: 1240 &rarr; <strong>1212</strong><br />(-28 for losing)
|raw|gyaradosgodz's rating: 1199 &rarr; <strong>1227</strong><br />(+28 for winning)
|l|☆gyaradosgodz
|player|p2|
|l|☆Ruler of the Sand
|player|p1|
