|j|☆UltraDJames
|j|☆goblinbastard
|t:|1760784854
|gametype|singles
|player|p1|UltraDJames|falkner|1361
|player|p2|goblinbastard|roxie|1286
|gen|9
|tier|[Gen 9] OU
|rated|
|rule|HP Percentage Mod: HP is shown in percentages
|rule|Endless Battle Clause: Forcing endless battles is banned
|rule|Species Clause: Limit one of each Pokémon
|rule|OHKO Clause: OHKO moves are banned
|rule|Evasion Items Clause: Evasion items are banned
|rule|Evasion Moves Clause: Evasion moves are banned
|rule|Evasion Abilities Clause: Evasion abilities are banned
|rule|Sleep Moves Clause: Sleep-inducing moves are banned
|clearpoke
|poke|p1|Entei|
|poke|p1|Corviknight, M|
|poke|p1|Glimmora, F|
|poke|p1|Cinccino, M|
|poke|p1|Quagsire, M|
|poke|p1|Deoxys-Defense|
|poke|p2|Kyurem|
|poke|p2|Slowking-Galar, M|
|poke|p2|Great Tusk|
|poke|p2|Cinderace, M|
|poke|p2|Rillaboom, M|
|poke|p2|Ogerpon-Wellspring, F|
|teampreview
|inactive|Battle timer is ON: inactive players will automatically lose when time's up. (requested by UltraDJames)
|c|☆UltraDJames|gl
|
|t:|1760784867
|teamsize|p1|6
|teamsize|p2|6
|start
|switch|p1a: Glimmora|Glimmora, F|100/100
|switch|p2a: lordpurpo! :)|Slowking-Galar, M, shiny|100/100
|turn|1
|
|t:|1760784884
|move|p1a: Glimmora|Stealth Rock|p2a: lordpurpo! :)
|-sidestart|p2: goblinbastard|move: Stealth Rock
|move|p2a: lordpurpo! :)|Psychic Noise|p1a: Glimmora
|-supereffective|p1a: Glimmora
|-crit|p1a: Glimmora
|-enditem|p1a: Glimmora|Focus Sash
|-damage|p1a: Glimmora|1/100
|-start|p1a: Glimmora|move: Heal Block
|
|upkeep
|turn|2
|
|t:|1760784898
|switch|p1a: Corviknight|Corviknight, M|100/100
|move|p2a: lordpurpo! :)|Psychic Noise|p1a: Corviknight
|-resisted|p1a: Corviknight
|-damage|p1a: Corviknight|92/100
|-start|p1a: Corviknight|move: Heal Block
|
|upkeep
|turn|3
|
|t:|1760784906
|move|p1a: Corviknight|Bulk Up|p1a: Corviknight
|-boost|p1a: Corviknight|atk|1
|-boost|p1a: Corviknight|def|1
|move|p2a: lordpurpo! :)|Thunder Wave|p1a: Corviknight
|-status|p1a: Corviknight|par
|
|-end|p1a: Corviknight|move: Heal Block
|upkeep
|turn|4
|
|t:|1760784909
|move|p1a: Corviknight|Agility|p1a: Corviknight
|-boost|p1a: Corviknight|spe|2
|-prepare|p2a: lordpurpo! :)|Chilly Reception|[premajor]
|move|p2a: lordpurpo! :)|Chilly Reception|p2a: lordpurpo! :)
|-weather|Snowscape
|
|t:|1760784927
|switch|p2a: bwwww|Kyurem, shiny|100/100|[from] Chilly Reception
|-damage|p2a: bwwww|75/100|[from] Stealth Rock
|-ability|p2a: bwwww|Pressure
|
|-weather|Snowscape|[upkeep]
|-heal|p1a: Corviknight|98/100 par|[from] item: Leftovers
|upkeep
|turn|5
|
|t:|1760784948
|switch|p1a: Glimmora|Glimmora, F|1/100
|move|p2a: bwwww|Blizzard|p1a: Glimmora
|-damage|p1a: Glimmora|0 fnt
|faint|p1a: Glimmora
|
|-weather|Snowscape|[upkeep]
|upkeep
|inactive|UltraDJames has 120 seconds left.
|
|t:|1760784973
|switch|p1a: Entei|Entei|100/100
|turn|6
|
|t:|1760784987
|switch|p2a: lordpurpo! :)|Slowking-Galar, M, shiny|100/100
|-damage|p2a: lordpurpo! :)|88/100|[from] Stealth Rock
|move|p1a: Entei|Swagger|p2a: lordpurpo! :)|[miss]
|-miss|p1a: Entei|p2a: lordpurpo! :)
|
|-weather|Snowscape|[upkeep]
|-heal|p2a: lordpurpo! :)|94/100|[from] item: Leftovers
|upkeep
|turn|7
|
|t:|1760784999
|switch|p1a: Corviknight|Corviknight, M|98/100 par
|-prepare|p2a: lordpurpo! :)|Chilly Reception|[premajor]
|move|p2a: lordpurpo! :)|Chilly Reception|p2a: lordpurpo! :)
|
|t:|1760785002
|switch|p2a: Cinderace|Cinderace, M|100/100|[from] Chilly Reception
|
|-weather|Snowscape|[upkeep]
|-heal|p1a: Corviknight|100/100 par|[from] item: Leftovers
|upkeep
|turn|8
|
|t:|1760785008
|switch|p1a: Quagsire|Quagsire, M|100/100
|move|p2a: Cinderace|Pyro Ball|p1a: Quagsire
|-resisted|p1a: Quagsire
|-damage|p1a: Quagsire|80/100
|
|-weather|none
|-heal|p1a: Quagsire|87/100|[from] item: Leftovers
|upkeep
|turn|9
|
|t:|1760785016
|move|p2a: Cinderace|Court Change|p2a: Cinderace
|-start|p2a: Cinderace|typechange|Normal|[from] ability: Libero
|-swapsideconditions
|-activate|p2a: Cinderace|move: Court Change
|move|p1a: Quagsire|Toxic|p2a: Cinderace
|-status|p2a: Cinderace|tox
|
|-heal|p1a: Quagsire|93/100|[from] item: Leftovers
|-damage|p2a: Cinderace|95/100 tox|[from] psn
|upkeep
|turn|10
|
|t:|1760785026
|move|p2a: Cinderace|U-turn|p1a: Quagsire
|-damage|p1a: Quagsire|78/100
|
|t:|1760785033
|switch|p2a: Ogerpon|Ogerpon-Wellspring, F|100/100|[from] U-turn
|move|p1a: Quagsire|Toxic|p2a: Ogerpon
|-status|p2a: Ogerpon|tox
|
|-heal|p1a: Quagsire|84/100|[from] item: Leftovers
|-damage|p2a: Ogerpon|95/100 tox|[from] psn
|upkeep
|turn|11
|
|t:|1760785040
|switch|p1a: Corviknight|Corviknight, M|100/100 par
|-damage|p1a: Corviknight|88/100 par|[from] Stealth Rock
|move|p2a: Ogerpon|Swords Dance|p2a: Ogerpon
|-boost|p2a: Ogerpon|atk|2
|
|-heal|p1a: Corviknight|94/100 par|[from] item: Leftovers
|-damage|p2a: Ogerpon|83/100 tox|[from] psn
|upkeep
|turn|12
|
|t:|1760785046
|move|p2a: Ogerpon|Knock Off|p1a: Corviknight
|-damage|p1a: Corviknight|26/100 par
|-enditem|p1a: Corviknight|Leftovers|[from] move: Knock Off|[of] p2a: Ogerpon
|move|p1a: Corviknight|Roost|p1a: Corviknight
|-heal|p1a: Corviknight|76/100 par
|-singleturn|p1a: Corviknight|move: Roost
|
|-damage|p2a: Ogerpon|65/100 tox|[from] psn
|upkeep
|turn|13
|
|t:|1760785052
|move|p2a: Ogerpon|Ivy Cudgel|p1a: Corviknight|[anim] Ivy Cudgel Water
|-damage|p1a: Corviknight|0 fnt
|faint|p1a: Corviknight
|
|-damage|p2a: Ogerpon|41/100 tox|[from] psn
|upkeep
|
|t:|1760785061
|switch|p1a: Cinccino|Cinccino, M|100/100
|-damage|p1a: Cinccino|88/100|[from] Stealth Rock
|turn|14
|
|t:|1760785078
|switch|p2a: Great Tusk|Great Tusk|100/100
|move|p1a: Cinccino|Bullet Seed|p2a: Great Tusk
|-supereffective|p2a: Great Tusk
|-damage|p2a: Great Tusk|86/100
|-supereffective|p2a: Great Tusk
|-damage|p2a: Great Tusk|73/100
|-supereffective|p2a: Great Tusk
|-damage|p2a: Great Tusk|60/100
|-supereffective|p2a: Great Tusk
|-damage|p2a: Great Tusk|47/100
|-supereffective|p2a: Great Tusk
|-damage|p2a: Great Tusk|34/100
|-hitcount|p2a: Great Tusk|5
|
|upkeep
|turn|15
|
|t:|1760785087
|-end|p2a: Great Tusk|Protosynthesis|[silent]
|switch|p2a: lordpurpo! :)|Slowking-Galar, M, shiny|100/100
|move|p1a: Cinccino|Bullet Seed|p2a: lordpurpo! :)
|-resisted|p2a: lordpurpo! :)
|-damage|p2a: lordpurpo! :)|96/100
|-resisted|p2a: lordpurpo! :)
|-damage|p2a: lordpurpo! :)|91/100
|-resisted|p2a: lordpurpo! :)
|-damage|p2a: lordpurpo! :)|85/100
|-resisted|p2a: lordpurpo! :)
|-damage|p2a: lordpurpo! :)|80/100
|-hitcount|p2a: lordpurpo! :)|4
|
|-heal|p2a: lordpurpo! :)|86/100|[from] item: Leftovers
|upkeep
|turn|16
|
|t:|1760785094
|switch|p1a: Quagsire|Quagsire, M|84/100
|-damage|p1a: Quagsire|78/100|[from] Stealth Rock
|-prepare|p2a: lordpurpo! :)|Chilly Reception|[premajor]
|move|p2a: lordpurpo! :)|Chilly Reception|p2a: lordpurpo! :)
|-weather|Snowscape
|
|t:|1760785096
|switch|p2a: bwwww|Kyurem, shiny|75/100|[from] Chilly Reception
|-ability|p2a: bwwww|Pressure
|
|-weather|Snowscape|[upkeep]
|-heal|p1a: Quagsire|84/100|[from] item: Leftovers
|upkeep
|turn|17
|
|t:|1760785100
|move|p2a: bwwww|Freeze-Dry|p1a: Quagsire
|-supereffective|p1a: Quagsire
|-damage|p1a: Quagsire|0 fnt
|faint|p1a: Quagsire
|
|-weather|Snowscape|[upkeep]
|upkeep
|
|t:|1760785108
|switch|p1a: Entei|Entei|100/100
|-damage|p1a: Entei|76/100|[from] Stealth Rock
|turn|18
|
|t:|1760785116
|switch|p2a: Cinderace|Cinderace, M|95/100 tox
|move|p1a: Entei|Swagger|p2a: Cinderace
|-boost|p2a: Cinderace|atk|2
|-start|p2a: Cinderace|confusion
|-enditem|p1a: Entei|Mirror Herb
|-boost|p1a: Entei|atk|2|[from] item: Mirror Herb
|
|-weather|Snowscape|[upkeep]
|-damage|p2a: Cinderace|89/100 tox|[from] psn
|upkeep
|turn|19
|
|t:|1760785124
|-terastallize|p1a: Entei|Normal
|move|p1a: Entei|Extreme Speed|p2a: Cinderace
|-damage|p2a: Cinderace|0 fnt
|faint|p2a: Cinderace
|
|-weather|Snowscape|[upkeep]
|upkeep
|
|t:|1760785131
|switch|p2a: Great Tusk|Great Tusk|34/100
|turn|20
|
|t:|1760785134
|move|p1a: Entei|Extreme Speed|p2a: Great Tusk
|-damage|p2a: Great Tusk|0 fnt
|-damage|p1a: Entei|59/100|[from] item: Rocky Helmet|[of] p2a: Great Tusk
|faint|p2a: Great Tusk
|-end|p2a: Great Tusk|Protosynthesis|[silent]
|
|-weather|none
|upkeep
|
|t:|1760785137
|switch|p2a: Rillaboom|Rillaboom, M|100/100
|-fieldstart|move: Grassy Terrain|[from] ability: Grassy Surge|[of] p2a: Rillaboom
|turn|21
|
|t:|1760785141
|move|p2a: Rillaboom|Grassy Glide|p1a: Entei
|-damage|p1a: Entei|17/100
|move|p1a: Entei|Sacred Fire|p2a: Rillaboom
|-supereffective|p2a: Rillaboom
|-damage|p2a: Rillaboom|0 fnt
|faint|p2a: Rillaboom
|
|-heal|p1a: Entei|23/100|[from] Grassy Terrain
|upkeep
|
|t:|1760785146
|switch|p2a: lordpurpo! :)|Slowking-Galar, M, shiny|100/100
|turn|22
|
|t:|1760785149
|-terastallize|p2a: lordpurpo! :)|Water
|move|p1a: Entei|Stomping Tantrum|p2a: lordpurpo! :)
|-damage|p2a: lordpurpo! :)|54/100
|move|p2a: lordpurpo! :)|Psychic Noise|p1a: Entei
|-damage|p1a: Entei|0 fnt
|faint|p1a: Entei
|
|-heal|p2a: lordpurpo! :)|60/100|[from] Grassy Terrain
|-heal|p2a: lordpurpo! :)|66/100|[from] item: Leftovers
|upkeep
|
|t:|1760785158
|switch|p1a: Deoxys|Deoxys-Defense|100/100
|-damage|p1a: Deoxys|88/100|[from] Stealth Rock
|-ability|p1a: Deoxys|Pressure
|turn|23
|
|t:|1760785166
|move|p1a: Deoxys|Thunderbolt|p2a: lordpurpo! :)
|-supereffective|p2a: lordpurpo! :)
|-damage|p2a: lordpurpo! :)|41/100
|-status|p2a: lordpurpo! :)|par
|-prepare|p2a: lordpurpo! :)|Chilly Reception|[premajor]
|move|p2a: lordpurpo! :)|Chilly Reception|p2a: lordpurpo! :)
|-weather|Snowscape
|
|t:|1760785170
|switch|p2a: bwwww|Kyurem, shiny|75/100|[from] Chilly Reception
|-ability|p2a: bwwww|Pressure
|
|-weather|Snowscape|[upkeep]
|-heal|p2a: bwwww|82/100|[from] Grassy Terrain
|-heal|p1a: Deoxys|94/100|[from] Grassy Terrain
|upkeep
|turn|24
|
|t:|1760785179
|move|p2a: bwwww|Blizzard|p1a: Deoxys
|-damage|p1a: Deoxys|44/100
|move|p1a: Deoxys|Ice Beam|p2a: bwwww
|-damage|p2a: bwwww|60/100
|
|-weather|Snowscape|[upkeep]
|-heal|p2a: bwwww|67/100|[from] Grassy Terrain
|-heal|p1a: Deoxys|50/100|[from] Grassy Terrain
|upkeep
|turn|25
|
|t:|1760785186
|move|p2a: bwwww|Blizzard|p1a: Deoxys
|-damage|p1a: Deoxys|0 fnt
|faint|p1a: Deoxys
|
|-weather|Snowscape|[upkeep]
|-heal|p2a: bwwww|73/100|[from] Grassy Terrain
|-fieldend|move: Grassy Terrain
|upkeep
|
|t:|1760785189
|switch|p1a: Cinccino|Cinccino, M|88/100
|-damage|p1a: Cinccino|76/100|[from] Stealth Rock
|turn|26
|
|t:|1760785193
|move|p1a: Cinccino|Rock Blast|p2a: bwwww
|-supereffective|p2a: bwwww
|-damage|p2a: bwwww|60/100
|-supereffective|p2a: bwwww
|-damage|p2a: bwwww|48/100
|-supereffective|p2a: bwwww
|-damage|p2a: bwwww|34/100
|-supereffective|p2a: bwwww
|-damage|p2a: bwwww|22/100
|-hitcount|p2a: bwwww|4
|move|p2a: bwwww|Blizzard|p1a: Cinccino
|-damage|p1a: Cinccino|0 fnt
|faint|p1a: Cinccino
|
|win|goblinbastard
|raw|UltraDJames's rating: 1361 &rarr; <strong>1337</strong><br />(-24 for losing)
|raw|goblinbastard's rating: 1286 &rarr; <strong>1316</strong><br />(+30 for winning)
|c|☆UltraDJames|ggs
