|j|☆healboy009
|j|☆The Emster
|t:|1760805543
|gametype|singles
|player|p1|healboy009|backpacker|1250
|player|p2|The Emster|roxie|1198
|gen|9
|tier|[Gen 9] OU
|rated|
|rule|HP Percentage Mod: HP is shown in percentages
|rule|Endless Battle Clause: Forcing endless battles is banned
|rule|Species Clause: Limit one of each Pokémon
|rule|OHKO Clause: OHKO moves are banned
|rule|Evasion Items Clause: Evasion items are banned
|rule|Evasion Moves Clause: Evasion moves are banned
|rule|Evasion Abilities Clause: Evasion abilities are banned
|rule|Sleep Moves Clause: Sleep-inducing moves are banned
|clearpoke
|poke|p1|Pelipper, M|
|poke|p1|Tornadus-Therian, M|
|poke|p1|Iron Treads|
|poke|p1|Decidueye-Hisui, F|
|poke|p1|Barraskewda, F|
|poke|p1|Raging Bolt|
|poke|p2|Araquanid, F|
|poke|p2|Excadrill, F|
|poke|p2|Thundurus-Therian, M|
|poke|p2|Rampardos, F|
|poke|p2|Chandelure, F|
|poke|p2|Alomomola, F|
|teampreview
|inactive|Battle timer is ON: inactive players will automatically lose when time's up. (requested by The Emster)
|c|☆The Emster|glhf
|
|t:|1760805560
|teamsize|p1|6
|teamsize|p2|6
|start
|switch|p1a: Pelipper|Pelipper, M|100/100
|switch|p2a: Araquanid|Araquanid, F|100/100
|-weather|RainDance|[from] ability: Drizzle|[of] p1a: Pelipper
|turn|1
|
|t:|1760805562
|move|p1a: Pelipper|Hurricane|p2a: Araquanid
|-supereffective|p2a: Araquanid
|-damage|p2a: Araquanid|48/100
|move|p2a: Araquanid|Sticky Web|p1a: Pelipper
|-sidestart|p1: healboy009|move: Sticky Web
|
|-weather|RainDance|[upkeep]
|upkeep
|turn|2
|
|t:|1760805588
|switch|p2a: Thundurus|Thundurus-Therian, M|100/100
|move|p1a: Pelipper|Hurricane|p2a: Thundurus
|-resisted|p2a: Thundurus
|-damage|p2a: Thundurus|76/100
|
|-weather|RainDance|[upkeep]
|upkeep
|turn|3
|
|t:|1760805597
|switch|p1a: Iron Treads|Iron Treads|100/100
|-activate|p1a: Iron Treads|move: Sticky Web
|-unboost|p1a: Iron Treads|spe|1
|move|p2a: Thundurus|Sludge Bomb|p1a: Iron Treads
|-immune|p1a: Iron Treads
|
|-weather|RainDance|[upkeep]
|upkeep
|turn|4
|
|t:|1760805603
|move|p2a: Thundurus|Focus Blast|p1a: Iron Treads|[miss]
|-miss|p2a: Thundurus|p1a: Iron Treads
|move|p1a: Iron Treads|Stealth Rock|p2a: Thundurus
|-sidestart|p2: The Emster|move: Stealth Rock
|
|-weather|RainDance|[upkeep]
|upkeep
|turn|5
|
|t:|1760805607
|move|p2a: Thundurus|Focus Blast|p1a: Iron Treads
|-supereffective|p1a: Iron Treads
|-damage|p1a: Iron Treads|15/100
|move|p1a: Iron Treads|Rapid Spin|p2a: Thundurus
|-damage|p2a: Thundurus|55/100
|-boost|p1a: Iron Treads|spe|1
|-sideend|p1: healboy009|Sticky Web|[from] move: Rapid Spin|[of] p1a: Iron Treads
|
|-weather|RainDance|[upkeep]
|-heal|p1a: Iron Treads|21/100|[from] item: Leftovers
|upkeep
|turn|6
|
|t:|1760805629
|move|p2a: Thundurus|Focus Blast|p1a: Iron Treads
|-supereffective|p1a: Iron Treads
|-damage|p1a: Iron Treads|0 fnt
|faint|p1a: Iron Treads
|-end|p1a: Iron Treads|Quark Drive|[silent]
|
|-weather|RainDance|[upkeep]
|upkeep
|
|t:|1760805636
|switch|p1a: Barraskewda|Barraskewda, F|100/100
|turn|7
|
|t:|1760805640
|switch|p2a: Alomomola|Alomomola, F|100/100
|-damage|p2a: Alomomola|88/100|[from] Stealth Rock
|move|p1a: Barraskewda|Liquidation|p2a: Alomomola
|-resisted|p2a: Alomomola
|-damage|p2a: Alomomola|63/100
|-unboost|p2a: Alomomola|def|1
|-damage|p1a: Barraskewda|84/100|[from] item: Rocky Helmet|[of] p2a: Alomomola
|-damage|p1a: Barraskewda|74/100|[from] item: Life Orb
|
|-weather|RainDance|[upkeep]
|upkeep
|turn|8
|
|t:|1760805645
|move|p2a: Alomomola|Protect|p2a: Alomomola
|-singleturn|p2a: Alomomola|Protect
|move|p1a: Barraskewda|Close Combat|p2a: Alomomola
|-activate|p2a: Alomomola|move: Protect
|
|-weather|none
|upkeep
|turn|9
|
|t:|1760805652
|move|p1a: Barraskewda|Close Combat|p2a: Alomomola
|-damage|p2a: Alomomola|19/100
|-unboost|p1a: Barraskewda|def|1
|-unboost|p1a: Barraskewda|spd|1
|-damage|p1a: Barraskewda|58/100|[from] item: Rocky Helmet|[of] p2a: Alomomola
|-damage|p1a: Barraskewda|48/100|[from] item: Life Orb
|move|p2a: Alomomola|Wish|p2a: Alomomola
|
|upkeep
|turn|10
|
|t:|1760805666
|switch|p2a: Araquanid|Araquanid, F|48/100
|move|p1a: Barraskewda|Flip Turn|p2a: Araquanid
|-resisted|p2a: Araquanid
|-crit|p2a: Araquanid
|-damage|p2a: Araquanid|7/100
|-damage|p1a: Barraskewda|38/100|[from] item: Life Orb
|
|t:|1760805675
|switch|p1a: Tornadus|Tornadus-Therian, M|100/100|[from] Flip Turn
|
|-heal|p2a: Araquanid|100/100|[from] move: Wish|[wisher] Alomomola
|upkeep
|turn|11
|
|t:|1760805679
|move|p1a: Tornadus|Hurricane|p2a: Araquanid
|-supereffective|p2a: Araquanid
|-damage|p2a: Araquanid|0 fnt
|faint|p2a: Araquanid
|
|upkeep
|inactive|The Emster has 120 seconds left.
|inactive|The Emster has 90 seconds left.
|
|t:|1760805746
|switch|p2a: Thundurus|Thundurus-Therian, M|55/100
|turn|12
|
|t:|1760805758
|switch|p1a: Decidueye|Decidueye-Hisui, F|100/100
|move|p2a: Thundurus|Thunderbolt|p1a: Decidueye
|-resisted|p1a: Decidueye
|-damage|p1a: Decidueye|74/100
|
|upkeep
|turn|13
|
|t:|1760805764
|move|p2a: Thundurus|Sludge Bomb|p1a: Decidueye
|-supereffective|p1a: Decidueye
|-damage|p1a: Decidueye|5/100
|-status|p1a: Decidueye|psn
|move|p1a: Decidueye|U-turn|p2a: Thundurus
|-resisted|p2a: Thundurus
|-damage|p2a: Thundurus|42/100
|
|t:|1760805770
|switch|p1a: Barraskewda|Barraskewda, F|38/100|[from] U-turn
|
|upkeep
|turn|14
|inactive|The Emster has 90 seconds left.
|
|t:|1760805824
|move|p1a: Barraskewda|Close Combat|p2a: Thundurus
|-resisted|p2a: Thundurus
|-damage|p2a: Thundurus|0 fnt
|-unboost|p1a: Barraskewda|def|1
|-unboost|p1a: Barraskewda|spd|1
|faint|p2a: Thundurus
|-damage|p1a: Barraskewda|28/100|[from] item: Life Orb
|
|upkeep
|
|t:|1760805835
|switch|p2a: Excadrill|Excadrill, F|100/100
|-damage|p2a: Excadrill|97/100|[from] Stealth Rock
|-ability|p2a: Excadrill|Mold Breaker
|turn|15
|
|t:|1760805840
|switch|p1a: Decidueye|Decidueye-Hisui, F|5/100 psn
|-terastallize|p2a: Excadrill|Ghost
|move|p2a: Excadrill|Earthquake|p1a: Decidueye
|-resisted|p1a: Decidueye
|-damage|p1a: Decidueye|0 fnt
|faint|p1a: Decidueye
|
|upkeep
|
|t:|1760805849
|switch|p1a: Pelipper|Pelipper, M|100/100
|-weather|RainDance|[from] ability: Drizzle|[of] p1a: Pelipper
|turn|16
|
|t:|1760805854
|move|p2a: Excadrill|Rock Tomb|p1a: Pelipper
|-supereffective|p1a: Pelipper
|-damage|p1a: Pelipper|66/100
|-unboost|p1a: Pelipper|spe|1
|move|p1a: Pelipper|Hurricane|p2a: Excadrill
|-damage|p2a: Excadrill|65/100
|
|-weather|RainDance|[upkeep]
|upkeep
|turn|17
|inactive|The Emster has 90 seconds left.
|
|t:|1760805863
|move|p2a: Excadrill|Rapid Spin|p1a: Pelipper
|-damage|p1a: Pelipper|52/100
|-boost|p2a: Excadrill|spe|1
|-sideend|p2: The Emster|Stealth Rock|[from] move: Rapid Spin|[of] p2a: Excadrill
|move|p1a: Pelipper|U-turn|p2a: Excadrill
|-resisted|p2a: Excadrill
|-damage|p2a: Excadrill|58/100
|
|t:|1760805866
|switch|p1a: Barraskewda|Barraskewda, F|28/100|[from] U-turn
|
|-weather|RainDance|[upkeep]
|upkeep
|turn|18
|
|t:|1760805874
|switch|p2a: Alomomola|Alomomola, F|53/100
|-terastallize|p1a: Barraskewda|Water
|move|p1a: Barraskewda|Liquidation|p2a: Alomomola
|-resisted|p2a: Alomomola
|-damage|p2a: Alomomola|19/100
|-damage|p1a: Barraskewda|12/100|[from] item: Rocky Helmet|[of] p2a: Alomomola
|-damage|p1a: Barraskewda|2/100|[from] item: Life Orb
|
|-weather|RainDance|[upkeep]
|upkeep
|turn|19
|
|t:|1760805888
|move|p2a: Alomomola|Protect|p2a: Alomomola
|-singleturn|p2a: Alomomola|Protect
|move|p1a: Barraskewda|Liquidation|p2a: Alomomola
|-activate|p2a: Alomomola|move: Protect
|
|-weather|RainDance|[upkeep]
|upkeep
|turn|20
|
|t:|1760805907
|move|p1a: Barraskewda|Liquidation|p2a: Alomomola
|-resisted|p2a: Alomomola
|-damage|p2a: Alomomola|0 fnt
|-damage|p1a: Barraskewda|0 fnt|[from] item: Rocky Helmet|[of] p2a: Alomomola
|faint|p2a: Alomomola
|faint|p1a: Barraskewda
|
|-weather|RainDance|[upkeep]
|upkeep
|
|t:|1760805916
|switch|p1a: Tornadus|Tornadus-Therian, M|100/100
|switch|p2a: Excadrill|Excadrill, F, tera:Ghost|58/100
|-ability|p2a: Excadrill|Mold Breaker
|turn|21
|
|t:|1760805922
|move|p1a: Tornadus|Weather Ball|p2a: Excadrill
|-damage|p2a: Excadrill|0 fnt
|faint|p2a: Excadrill
|
|-weather|RainDance|[upkeep]
|upkeep
|
|t:|1760805930
|switch|p2a: Chandelure|Chandelure, F|100/100
|turn|22
|
|t:|1760805935
|move|p1a: Tornadus|Weather Ball|p2a: Chandelure
|-supereffective|p2a: Chandelure
|-damage|p2a: Chandelure|0 fnt
|faint|p2a: Chandelure
|
|-weather|RainDance|[upkeep]
|upkeep
|
|t:|1760805938
|switch|p2a: Rampardos|Rampardos, F|100/100
|turn|23
|
|t:|1760805941
|move|p1a: Tornadus|Weather Ball|p2a: Rampardos
|-supereffective|p2a: Rampardos
|-damage|p2a: Rampardos|0 fnt
|faint|p2a: Rampardos
|
|win|healboy009
|raw|healboy009's rating: 1250 &rarr; <strong>1271</strong><br />(+21 for winning)
|raw|The Emster's rating: 1198 &rarr; <strong>1177</strong><br />(-21 for losing)
|c|☆The Emster|gg
|l|☆The Emster
|player|p2|
|l|☆healboy009
|player|p1|
