|j|☆ArcTatin
|j|☆Passerby bye
|t:|1760884943
|gametype|singles
|player|p1|ArcTatin|1|1261
|player|p2|Passerby bye|scientist-gen4|1298
|gen|9
|tier|[Gen 9] OU
|rated|
|rule|HP Percentage Mod: HP is shown in percentages
|rule|Endless Battle Clause: Forcing endless battles is banned
|rule|Species Clause: Limit one of each Pokémon
|rule|OHKO Clause: OHKO moves are banned
|rule|Evasion Items Clause: Evasion items are banned
|rule|Evasion Moves Clause: Evasion moves are banned
|rule|Evasion Abilities Clause: Evasion abilities are banned
|rule|Sleep Moves Clause: Sleep-inducing moves are banned
|clearpoke
|poke|p1|Ceruledge, F|
|poke|p1|Samurott-Hisui, F|
|poke|p1|Klawf, F|
|poke|p1|Pecharunt|
|poke|p1|Regidrago|
|poke|p1|Wigglytuff, M|
|poke|p2|Wigglytuff, F|
|poke|p2|Gliscor, F|
|poke|p2|Houndoom, F|
|poke|p2|Magnezone|
|poke|p2|Slowbro, F|
|poke|p2|Vileplume, F|
|teampreview
|inactive|Battle timer is ON: inactive players will automatically lose when time's up. (requested by ArcTatin)
|
|t:|1760884986
|teamsize|p1|6
|teamsize|p2|6
|start
|switch|p1a: Klawf|Klawf, F|100/100
|switch|p2a: Vileplume|Vileplume, F|100/100
|turn|1
|
|t:|1760884996
|move|p1a: Klawf|Stealth Rock|p2a: Vileplume
|-sidestart|p2: Passerby bye|move: Stealth Rock
|move|p2a: Vileplume|Giga Drain|p1a: Klawf
|-supereffective|p1a: Klawf
|-damage|p1a: Klawf|16/100
|
|upkeep
|turn|2
|
|t:|1760885008
|switch|p1a: Pecharunt|Pecharunt|100/100
|move|p2a: Vileplume|Giga Drain|p1a: Pecharunt
|-resisted|p1a: Pecharunt
|-damage|p1a: Pecharunt|91/100
|
|upkeep
|turn|3
|
|t:|1760885015
|move|p1a: Pecharunt|Malignant Chain|p2a: Vileplume
|-damage|p2a: Vileplume|67/100
|move|p2a: Vileplume|Leech Seed|p1a: Pecharunt|[miss]
|-miss|p2a: Vileplume|p1a: Pecharunt
|
|upkeep
|turn|4
|
|t:|1760885023
|move|p1a: Pecharunt|Malignant Chain|p2a: Vileplume
|-damage|p2a: Vileplume|36/100
|move|p2a: Vileplume|Leech Seed|p1a: Pecharunt
|-start|p1a: Pecharunt|move: Leech Seed
|
|-damage|p1a: Pecharunt|79/100|[from] Leech Seed|[of] p2a: Vileplume
|-heal|p2a: Vileplume|49/100|[silent]
|upkeep
|turn|5
|
|t:|1760885030
|move|p1a: Pecharunt|Parting Shot|p2a: Vileplume
|-unboost|p2a: Vileplume|atk|1
|-unboost|p2a: Vileplume|spa|1
|
|t:|1760885034
|switch|p1a: Wigglytuff|Wigglytuff, M|100/100|[from] Parting Shot
|-item|p2a: Vileplume|Rocky Helmet|[from] ability: Frisk|[of] p1a: Wigglytuff
|move|p2a: Vileplume|Strength Sap|p1a: Wigglytuff
|-unboost|p1a: Wigglytuff|atk|1
|-heal|p2a: Vileplume|86/100
|
|upkeep
|turn|6
|
|t:|1760885046
|switch|p2a: Magnezone|Magnezone|100/100
|-damage|p2a: Magnezone|94/100|[from] Stealth Rock
|move|p1a: Wigglytuff|Flamethrower|p2a: Magnezone
|-supereffective|p2a: Magnezone
|-damage|p2a: Magnezone|55/100
|
|upkeep
|turn|7
|
|t:|1760885056
|move|p2a: Magnezone|Flash Cannon|p1a: Wigglytuff
|-supereffective|p1a: Wigglytuff
|-damage|p1a: Wigglytuff|0 fnt
|faint|p1a: Wigglytuff
|
|upkeep
|
|t:|1760885062
|switch|p1a: Regidrago|Regidrago|100/100
|turn|8
|
|t:|1760885068
|switch|p2a: Wigglytuff|Wigglytuff, F|100/100
|-damage|p2a: Wigglytuff|88/100|[from] Stealth Rock
|move|p1a: Regidrago|Dragon Energy|p2a: Wigglytuff
|-immune|p2a: Wigglytuff
|
|upkeep
|turn|9
|
|t:|1760885079
|switch|p1a: Pecharunt|Pecharunt|79/100
|move|p2a: Wigglytuff|Draining Kiss|p1a: Pecharunt
|-resisted|p1a: Pecharunt
|-damage|p1a: Pecharunt|72/100
|-heal|p2a: Wigglytuff|93/100|[from] drain|[of] p1a: Pecharunt
|-damage|p2a: Wigglytuff|76/100|[from] item: Rocky Helmet|[of] p1a: Pecharunt
|
|upkeep
|turn|10
|
|t:|1760885089
|switch|p2a: Magnezone|Magnezone|55/100
|-damage|p2a: Magnezone|49/100|[from] Stealth Rock
|move|p1a: Pecharunt|Malignant Chain|p2a: Magnezone
|-immune|p2a: Magnezone
|
|upkeep
|turn|11
|
|t:|1760885098
|move|p1a: Pecharunt|Parting Shot|p2a: Magnezone
|-unboost|p2a: Magnezone|atk|1
|-unboost|p2a: Magnezone|spa|1
|
|t:|1760885102
|switch|p1a: Samurott|Samurott-Hisui, F|100/100|[from] Parting Shot
|move|p2a: Magnezone|Thunderbolt|p1a: Samurott
|-supereffective|p1a: Samurott
|-damage|p1a: Samurott|0 fnt
|faint|p1a: Samurott
|
|upkeep
|
|t:|1760885112
|switch|p1a: Ceruledge|Ceruledge, F|100/100
|turn|12
|
|t:|1760885127
|switch|p2a: Houndoom|Houndoom, F|100/100
|move|p1a: Ceruledge|Swords Dance|p1a: Ceruledge
|-boost|p1a: Ceruledge|atk|2
|
|upkeep
|turn|13
|
|t:|1760885144
|move|p2a: Houndoom|Dark Pulse|p1a: Ceruledge
|-supereffective|p1a: Ceruledge
|-damage|p1a: Ceruledge|11/100
|move|p1a: Ceruledge|Swords Dance|p1a: Ceruledge
|-boost|p1a: Ceruledge|atk|2
|
|upkeep
|turn|14
|
|t:|1760885153
|move|p1a: Ceruledge|Shadow Sneak|p2a: Houndoom
|-resisted|p2a: Houndoom
|-damage|p2a: Houndoom|42/100
|move|p2a: Houndoom|Dark Pulse|p1a: Ceruledge
|-supereffective|p1a: Ceruledge
|-damage|p1a: Ceruledge|0 fnt
|faint|p1a: Ceruledge
|
|upkeep
|
|t:|1760885162
|switch|p1a: Regidrago|Regidrago|100/100
|turn|15
|
|t:|1760885172
|-terastallize|p1a: Regidrago|Steel
|move|p1a: Regidrago|Tera Blast|p2a: Houndoom|[anim] Tera Blast Steel
|-resisted|p2a: Houndoom
|-damage|p2a: Houndoom|19/100
|move|p2a: Houndoom|Destiny Bond|p2a: Houndoom
|-singlemove|p2a: Houndoom|Destiny Bond
|
|upkeep
|turn|16
|
|t:|1760885180
|move|p1a: Regidrago|Tera Blast|p2a: Houndoom|[anim] Tera Blast Steel
|-resisted|p2a: Houndoom
|-damage|p2a: Houndoom|0 fnt
|faint|p2a: Houndoom
|-activate|p2a: Houndoom|move: Destiny Bond
|faint|p1a: Regidrago
|
|upkeep
|-message|ArcTatin forfeited.
|
|win|Passerby bye
|raw|ArcTatin's rating: 1261 &rarr; <strong>1239</strong><br />(-22 for losing)
|raw|Passerby bye's rating: 1298 &rarr; <strong>1320</strong><br />(+22 for winning)
|l|☆ArcTatin
|player|p1|
|l|☆Passerby bye
|player|p2|
