|j|☆mach95a113
|j|☆EsperFell
|t:|1760738661
|gametype|singles
|player|p1|mach95a113|gardenia|1159
|player|p2|EsperFell|plasmagruntf|1153
|gen|9
|tier|[Gen 9] OU
|rated|
|rule|HP Percentage Mod: HP is shown in percentages
|rule|Endless Battle Clause: Forcing endless battles is banned
|rule|Species Clause: Limit one of each Pokémon
|rule|OHKO Clause: OHKO moves are banned
|rule|Evasion Items Clause: Evasion items are banned
|rule|Evasion Moves Clause: Evasion moves are banned
|rule|Evasion Abilities Clause: Evasion abilities are banned
|rule|Sleep Moves Clause: Sleep-inducing moves are banned
|clearpoke
|poke|p1|Cinderace, F|
|poke|p1|Landorus-Therian, M|
|poke|p1|Samurott-Hisui, F|
|poke|p1|Araquanid, F|
|poke|p1|Glimmora, F|
|poke|p1|Gholdengo|
|poke|p2|Darkrai|
|poke|p2|Gholdengo|
|poke|p2|Ogerpon-Wellspring, F|
|poke|p2|Corviknight, F|
|poke|p2|Slowking-Galar, M|
|poke|p2|Gliscor, F|
|teampreview
|c|☆mach95a113|Good luck!
|c|☆EsperFell|you too!
|
|t:|1760738681
|teamsize|p1|6
|teamsize|p2|6
|start
|switch|p1a: Araquanid|Araquanid, F|100/100
|switch|p2a: Darkrai|Darkrai|100/100
|turn|1
|
|t:|1760738701
|switch|p2a: Corviknight|Corviknight, F|100/100
|-ability|p2a: Corviknight|Pressure
|move|p1a: Araquanid|Surf|p2a: Corviknight
|-damage|p2a: Corviknight|66/100
|
|upkeep
|turn|2
|
|t:|1760738731
|move|p2a: Corviknight|Brave Bird|p1a: Araquanid
|-supereffective|p1a: Araquanid
|-crit|p1a: Araquanid
|-damage|p1a: Araquanid|0 fnt
|faint|p1a: Araquanid
|-damage|p2a: Corviknight|38/100|[from] Recoil
|
|upkeep
|
|t:|1760738751
|switch|p1a: Weretiger|Landorus-Therian, M|100/100
|-ability|p1a: Weretiger|Intimidate|boost
|-unboost|p2a: Corviknight|atk|1
|turn|3
|
|t:|1760738757
|move|p1a: Weretiger|Taunt|p2a: Corviknight
|-start|p2a: Corviknight|move: Taunt
|cant|p2a: Corviknight|move: Taunt|Roost
|
|upkeep
|turn|4
|
|t:|1760738766
|move|p1a: Weretiger|U-turn|p2a: Corviknight
|-resisted|p2a: Corviknight
|-damage|p2a: Corviknight|35/100
|-damage|p1a: Weretiger|84/100|[from] item: Rocky Helmet|[of] p2a: Corviknight
|
|t:|1760738779
|switch|p1a: Soul of Cinder|Cinderace, F|100/100|[from] U-turn
|move|p2a: Corviknight|U-turn|p1a: Soul of Cinder
|-resisted|p1a: Soul of Cinder
|-damage|p1a: Soul of Cinder|94/100
|
|t:|1760738787
|switch|p2a: Ogerpon|Ogerpon-Wellspring, F|100/100|[from] U-turn
|
|upkeep
|turn|5
|
|t:|1760738799
|-terastallize|p2a: Ogerpon|Water
|detailschange|p2a: Ogerpon|Ogerpon-Wellspring-Tera, F, tera:Water
|-ability|p2a: Ogerpon|Embody Aspect (Wellspring)|boost
|-boost|p2a: Ogerpon|spd|1
|move|p1a: Soul of Cinder|U-turn|p2a: Ogerpon
|-start|p1a: Soul of Cinder|typechange|Bug|[from] ability: Libero
|-damage|p2a: Ogerpon|56/100
|
|t:|1760738810
|switch|p1a: Glimmora|Glimmora, F|100/100|[from] U-turn
|move|p2a: Ogerpon|Ivy Cudgel|p1a: Glimmora|[anim] Ivy Cudgel Water
|-supereffective|p1a: Glimmora
|-crit|p1a: Glimmora
|-enditem|p1a: Glimmora|Focus Sash
|-damage|p1a: Glimmora|1/100
|-activate|p1a: Glimmora|ability: Toxic Debris
|-sidestart|p2: EsperFell|move: Toxic Spikes
|
|upkeep
|turn|6
|
|t:|1760738828
|move|p1a: Glimmora|Spiky Shield|p1a: Glimmora
|-singleturn|p1a: Glimmora|move: Protect
|move|p2a: Ogerpon|Ivy Cudgel|p1a: Glimmora|[anim] Ivy Cudgel Water
|-activate|p1a: Glimmora|move: Protect
|
|upkeep
|turn|7
|
|t:|1760738835
|move|p2a: Ogerpon|Ivy Cudgel|p1a: Glimmora|[anim] Ivy Cudgel Water
|-supereffective|p1a: Glimmora
|-crit|p1a: Glimmora
|-damage|p1a: Glimmora|0 fnt
|-activate|p1a: Glimmora|ability: Toxic Debris
|-sidestart|p2: EsperFell|move: Toxic Spikes
|faint|p1a: Glimmora
|
|upkeep
|
|t:|1760738854
|switch|p1a: Soul of Cinder|Cinderace, F|94/100
|turn|8
|
|t:|1760738861
|move|p1a: Soul of Cinder|U-turn|p2a: Ogerpon
|-start|p1a: Soul of Cinder|typechange|Bug|[from] ability: Libero
|-crit|p2a: Ogerpon
|-damage|p2a: Ogerpon|0 fnt
|faint|p2a: Ogerpon
|detailschange|p2: Ogerpon|Ogerpon-Wellspring, F|[silent]
|
|t:|1760738867
|switch|p1a: Samiroth|Samurott-Hisui, F, shiny|100/100|[from] U-turn
|
|upkeep
|
|t:|1760738874
|switch|p2a: Slowking|Slowking-Galar, M|100/100
|-sideend|p2: EsperFell|move: Toxic Spikes|[of] p2a: Slowking
|turn|9
|
|t:|1760738885
|move|p1a: Samiroth|Ceaseless Edge|p2a: Slowking
|-supereffective|p2a: Slowking
|-damage|p2a: Slowking|9/100
|-sidestart|p2: EsperFell|Spikes
|move|p2a: Slowking|Thunder Wave|p1a: Samiroth
|-status|p1a: Samiroth|par
|
|upkeep
|turn|10
|
|t:|1760738902
|switch|p2a: Gliscor|Gliscor, F|100/100
|move|p1a: Samiroth|Flip Turn|p2a: Gliscor
|-supereffective|p2a: Gliscor
|-damage|p2a: Gliscor|60/100
|
|t:|1760738911
|switch|p1a: Weretiger|Landorus-Therian, M|84/100|[from] Flip Turn
|-ability|p1a: Weretiger|Intimidate|boost
|-unboost|p2a: Gliscor|atk|1
|
|-status|p2a: Gliscor|tox|[from] item: Toxic Orb
|upkeep
|turn|11
|
|t:|1760738928
|switch|p2a: Darkrai|Darkrai|100/100
|-damage|p2a: Darkrai|88/100|[from] Spikes
|move|p1a: Weretiger|Stealth Rock|p2a: Darkrai
|-sidestart|p2: EsperFell|move: Stealth Rock
|
|upkeep
|turn|12
|
|t:|1760738941
|switch|p1a: Samiroth|Samurott-Hisui, F, shiny|100/100 par
|move|p2a: Darkrai|Ice Beam|p1a: Samiroth
|-resisted|p1a: Samiroth
|-damage|p1a: Samiroth|84/100 par
|
|upkeep
|turn|13
|
|t:|1760738949
|move|p2a: Darkrai|Focus Blast|p1a: Samiroth
|-supereffective|p1a: Samiroth
|-damage|p1a: Samiroth|0 fnt
|faint|p1a: Samiroth
|
|upkeep
|
|t:|1760738958
|switch|p1a: Soul of Cinder|Cinderace, F|94/100
|turn|14
|
|t:|1760738982
|move|p1a: Soul of Cinder|U-turn|p2a: Darkrai
|-start|p1a: Soul of Cinder|typechange|Bug|[from] ability: Libero
|-supereffective|p2a: Darkrai
|-damage|p2a: Darkrai|9/100
|
|t:|1760738991
|switch|p1a: Weretiger|Landorus-Therian, M|84/100|[from] U-turn
|-ability|p1a: Weretiger|Intimidate|boost
|-unboost|p2a: Darkrai|atk|1
|move|p2a: Darkrai|Dark Pulse|p1a: Weretiger
|-damage|p1a: Weretiger|37/100
|
|upkeep
|turn|15
|
|t:|1760739009
|-terastallize|p1a: Weretiger|Steel
|move|p2a: Darkrai|Dark Pulse|p1a: Weretiger
|-damage|p1a: Weretiger|0 fnt
|faint|p1a: Weretiger
|
|upkeep
|
|t:|1760739015
|switch|p1a: Soul of Cinder|Cinderace, F|94/100
|turn|16
|
|t:|1760739019
|move|p1a: Soul of Cinder|U-turn|p2a: Darkrai
|-start|p1a: Soul of Cinder|typechange|Bug|[from] ability: Libero
|-supereffective|p2a: Darkrai
|-damage|p2a: Darkrai|0 fnt
|faint|p2a: Darkrai
|
|t:|1760739023
|switch|p1a: Gholdengo|Gholdengo|100/100|[from] U-turn
|
|upkeep
|
|t:|1760739041
|switch|p2a: Corviknight|Corviknight, F|35/100
|-damage|p2a: Corviknight|23/100|[from] Stealth Rock
|-ability|p2a: Corviknight|Pressure
|turn|17
|
|t:|1760739055
|move|p1a: Gholdengo|Make It Rain|p2a: Corviknight
|-resisted|p2a: Corviknight
|-damage|p2a: Corviknight|0 fnt
|-unboost|p1a: Gholdengo|spa|1
|faint|p2a: Corviknight
|
|upkeep
|
|t:|1760739062
|switch|p2a: Slowking|Slowking-Galar, M|42/100
|turn|18
|
|t:|1760739071
|move|p1a: Gholdengo|Thunder Wave|p2a: Slowking|[miss]
|-miss|p1a: Gholdengo|p2a: Slowking
|move|p2a: Slowking|Future Sight|p1a: Gholdengo
|-start|p2a: Slowking|move: Future Sight
|
|upkeep
|turn|19
|
|t:|1760739080
|move|p1a: Gholdengo|Thunder Wave|p2a: Slowking
|-status|p2a: Slowking|par
|-prepare|p2a: Slowking|Chilly Reception|[premajor]
|move|p2a: Slowking|Chilly Reception|p2a: Slowking
|-weather|Snowscape
|
|t:|1760739087
|switch|p2a: Gholdengo|Gholdengo|100/100|[from] Chilly Reception
|-damage|p2a: Gholdengo|94/100|[from] Stealth Rock
|-item|p2a: Gholdengo|Air Balloon
|
|-weather|Snowscape|[upkeep]
|upkeep
|turn|20
|
|t:|1760739094
|move|p2a: Gholdengo|Hex|p1a: Gholdengo
|-supereffective|p1a: Gholdengo
|-damage|p1a: Gholdengo|45/100
|move|p1a: Gholdengo|Make It Rain|p2a: Gholdengo
|-resisted|p2a: Gholdengo
|-damage|p2a: Gholdengo|72/100
|-unboost|p1a: Gholdengo|spa|1
|-enditem|p2a: Gholdengo|Air Balloon
|
|-weather|Snowscape|[upkeep]
|-end|p1a: Gholdengo|move: Future Sight
|-resisted|p1a: Gholdengo
|-damage|p1a: Gholdengo|23/100
|upkeep
|turn|21
|
|t:|1760739106
|move|p2a: Gholdengo|Hex|p1a: Gholdengo
|-supereffective|p1a: Gholdengo
|-damage|p1a: Gholdengo|0 fnt
|faint|p1a: Gholdengo
|
|-weather|Snowscape|[upkeep]
|upkeep
|
|t:|1760739110
|switch|p1a: Soul of Cinder|Cinderace, F|94/100
|turn|22
|
|t:|1760739122
|move|p1a: Soul of Cinder|Pyro Ball|p2a: Gholdengo
|-supereffective|p2a: Gholdengo
|-damage|p2a: Gholdengo|0 fnt
|faint|p2a: Gholdengo
|
|-weather|Snowscape|[upkeep]
|upkeep
|
|t:|1760739127
|switch|p2a: Gliscor|Gliscor, F|60/100 tox
|-damage|p2a: Gliscor|47/100 tox|[from] Stealth Rock
|turn|23
|
|t:|1760739137
|move|p1a: Soul of Cinder|Pyro Ball|p2a: Gliscor
|-damage|p2a: Gliscor|0 fnt
|faint|p2a: Gliscor
|
|-weather|none
|upkeep
|
|t:|1760739142
|switch|p2a: Slowking|Slowking-Galar, M|76/100 par
|turn|24
|
|t:|1760739147
|move|p1a: Soul of Cinder|Sucker Punch||[still]
|-fail|p1a: Soul of Cinder
|cant|p2a: Slowking|par
|
|upkeep
|turn|25
|
|t:|1760739151
|move|p1a: Soul of Cinder|Sucker Punch||[still]
|-fail|p1a: Soul of Cinder
|move|p2a: Slowking|Thunder Wave|p1a: Soul of Cinder
|-status|p1a: Soul of Cinder|par
|
|upkeep
|turn|26
|
|t:|1760739158
|move|p1a: Soul of Cinder|Sucker Punch|p2a: Slowking
|-start|p1a: Soul of Cinder|typechange|Dark|[from] ability: Libero
|-supereffective|p2a: Slowking
|-damage|p2a: Slowking|7/100 par
|cant|p2a: Slowking|par
|
|upkeep
|turn|27
|
|t:|1760739164
|move|p1a: Soul of Cinder|U-turn|p2a: Slowking
|-damage|p2a: Slowking|0 fnt
|faint|p2a: Slowking
|
|win|mach95a113
|raw|mach95a113's rating: 1159 &rarr; <strong>1184</strong><br />(+25 for winning)
|raw|EsperFell's rating: 1153 &rarr; <strong>1128</strong><br />(-25 for losing)
|c|☆mach95a113|Gg
|c|☆EsperFell|gg
|c|☆EsperFell|good luck in the rest of your pokemoning today
|c|☆mach95a113|You too!
|l|☆EsperFell
|player|p2|
