|j|☆steel d ninja
|j|☆lewishe03
|t:|1760864427
|gametype|singles
|player|p1|steel d ninja|hilbert|1000
|player|p2|lewishe03|blue|1027
|gen|9
|tier|[Gen 9] OU
|rated|
|rule|HP Percentage Mod: HP is shown in percentages
|rule|Endless Battle Clause: Forcing endless battles is banned
|rule|Species Clause: Limit one of each Pokémon
|rule|OHKO Clause: OHKO moves are banned
|rule|Evasion Items Clause: Evasion items are banned
|rule|Evasion Moves Clause: Evasion moves are banned
|rule|Evasion Abilities Clause: Evasion abilities are banned
|rule|Sleep Moves Clause: Sleep-inducing moves are banned
|clearpoke
|poke|p1|Landorus-Therian, M|
|poke|p1|Thundurus-Therian, M|
|poke|p1|Enamorus-Therian, F|
|poke|p1|Tornadus-Therian, M|
|poke|p1|Kyurem|
|poke|p1|Keldeo|
|poke|p2|Feraligatr, M|
|poke|p2|Scizor, M|
|poke|p2|Gengar, M|
|poke|p2|Tyranitar, M|
|poke|p2|Umbreon, M|
|poke|p2|Dragapult, M|
|teampreview
|inactive|Battle timer is ON: inactive players will automatically lose when time's up. (requested by steel d ninja)
|inactive|steel d ninja has 120 seconds left.
|
|t:|1760864461
|teamsize|p1|6
|teamsize|p2|6
|start
|switch|p1a: Keldeo|Keldeo|100/100
|switch|p2a: Umbreon|Umbreon, M|100/100
|turn|1
|
|t:|1760864468
|move|p1a: Keldeo|Calm Mind|p1a: Keldeo
|-boost|p1a: Keldeo|spa|1
|-boost|p1a: Keldeo|spd|1
|move|p2a: Umbreon|Toxic|p1a: Keldeo
|-status|p1a: Keldeo|tox
|
|-damage|p1a: Keldeo|94/100 tox|[from] psn
|upkeep
|turn|2
|
|t:|1760864477
|move|p1a: Keldeo|Sacred Sword|p2a: Umbreon
|-supereffective|p2a: Umbreon
|-damage|p2a: Umbreon|62/100
|move|p2a: Umbreon|Wish|p2a: Umbreon
|
|-heal|p2a: Umbreon|68/100|[from] item: Leftovers
|-damage|p1a: Keldeo|82/100 tox|[from] psn
|upkeep
|turn|3
|
|t:|1760864486
|move|p2a: Umbreon|Protect|p2a: Umbreon
|-singleturn|p2a: Umbreon|Protect
|move|p1a: Keldeo|X-Scissor|p2a: Umbreon
|-activate|p2a: Umbreon|move: Protect
|
|-heal|p2a: Umbreon|100/100|[from] move: Wish|[wisher] Umbreon
|-damage|p1a: Keldeo|63/100 tox|[from] psn
|upkeep
|turn|4
|
|t:|1760864499
|move|p1a: Keldeo|X-Scissor|p2a: Umbreon
|-supereffective|p2a: Umbreon
|-damage|p2a: Umbreon|75/100
|move|p2a: Umbreon|Wish|p2a: Umbreon
|
|-heal|p2a: Umbreon|81/100|[from] item: Leftovers
|-damage|p1a: Keldeo|39/100 tox|[from] psn
|upkeep
|turn|5
|
|t:|1760864514
|move|p2a: Umbreon|Protect|p2a: Umbreon
|-singleturn|p2a: Umbreon|Protect
|move|p1a: Keldeo|X-Scissor|p2a: Umbreon
|-activate|p2a: Umbreon|move: Protect
|
|-heal|p2a: Umbreon|100/100|[from] move: Wish|[wisher] Umbreon
|-damage|p1a: Keldeo|8/100 tox|[from] psn
|upkeep
|turn|6
|
|t:|1760864526
|move|p1a: Keldeo|Surf|p2a: Umbreon
|-damage|p2a: Umbreon|64/100
|move|p2a: Umbreon|Dark Pulse|p1a: Keldeo
|-resisted|p1a: Keldeo
|-damage|p1a: Keldeo|0 fnt
|faint|p1a: Keldeo
|
|-heal|p2a: Umbreon|70/100|[from] item: Leftovers
|upkeep
|
|t:|1760864547
|switch|p1a: Enamorus|Enamorus-Therian, F|100/100
|turn|7
|
|t:|1760864558
|move|p1a: Enamorus|Tailwind|p1a: Enamorus
|-sidestart|p1: steel d ninja|move: Tailwind
|move|p2a: Umbreon|Toxic|p1a: Enamorus
|-status|p1a: Enamorus|tox
|
|-heal|p2a: Umbreon|76/100|[from] item: Leftovers
|-damage|p1a: Enamorus|94/100 tox|[from] psn
|upkeep
|turn|8
|-activate|p1a: Enamorus|item: Quick Claw
|
|t:|1760864567
|move|p1a: Enamorus|Springtide Storm|p2a: Umbreon
|-supereffective|p2a: Umbreon
|-damage|p2a: Umbreon|18/100
|-unboost|p2a: Umbreon|atk|1
|move|p2a: Umbreon|Wish|p2a: Umbreon
|
|-heal|p2a: Umbreon|24/100|[from] item: Leftovers
|-damage|p1a: Enamorus|82/100 tox|[from] psn
|upkeep
|turn|9
|
|t:|1760864578
|move|p2a: Umbreon|Protect|p2a: Umbreon
|-singleturn|p2a: Umbreon|Protect
|move|p1a: Enamorus|Springtide Storm|p2a: Umbreon
|-activate|p2a: Umbreon|move: Protect
|
|-heal|p2a: Umbreon|74/100|[from] move: Wish|[wisher] Umbreon
|-heal|p2a: Umbreon|80/100|[from] item: Leftovers
|-damage|p1a: Enamorus|63/100 tox|[from] psn
|upkeep
|turn|10
|
|t:|1760864589
|move|p1a: Enamorus|Springtide Storm|p2a: Umbreon
|-supereffective|p2a: Umbreon
|-damage|p2a: Umbreon|19/100
|move|p2a: Umbreon|Wish|p2a: Umbreon
|
|-heal|p2a: Umbreon|25/100|[from] item: Leftovers
|-damage|p1a: Enamorus|38/100 tox|[from] psn
|-sideend|p1: steel d ninja|move: Tailwind
|upkeep
|turn|11
|
|t:|1760864602
|move|p2a: Umbreon|Protect|p2a: Umbreon
|-singleturn|p2a: Umbreon|Protect
|move|p1a: Enamorus|Springtide Storm|p2a: Umbreon
|-activate|p2a: Umbreon|move: Protect
|
|-heal|p2a: Umbreon|75/100|[from] move: Wish|[wisher] Umbreon
|-heal|p2a: Umbreon|81/100|[from] item: Leftovers
|-damage|p1a: Enamorus|7/100 tox|[from] psn
|upkeep
|turn|12
|
|t:|1760864616
|move|p1a: Enamorus|Springtide Storm|p2a: Umbreon
|-supereffective|p2a: Umbreon
|-damage|p2a: Umbreon|16/100
|move|p2a: Umbreon|Wish|p2a: Umbreon
|
|-heal|p2a: Umbreon|22/100|[from] item: Leftovers
|-damage|p1a: Enamorus|0 fnt|[from] psn
|faint|p1a: Enamorus
|upkeep
|
|t:|1760864636
|switch|p1a: Tornadus|Tornadus-Therian, M|100/100
|turn|13
|
|t:|1760864644
|move|p1a: Tornadus|Rain Dance|p1a: Tornadus
|-weather|RainDance
|move|p2a: Umbreon|Toxic|p1a: Tornadus
|-status|p1a: Tornadus|tox
|
|-weather|RainDance|[upkeep]
|-heal|p2a: Umbreon|72/100|[from] move: Wish|[wisher] Umbreon
|-heal|p2a: Umbreon|78/100|[from] item: Leftovers
|-damage|p1a: Tornadus|94/100 tox|[from] psn
|upkeep
|turn|14
|
|t:|1760864658
|move|p1a: Tornadus|Bleakwind Storm|p2a: Umbreon
|-damage|p2a: Umbreon|48/100
|move|p2a: Umbreon|Wish|p2a: Umbreon
|
|-weather|RainDance|[upkeep]
|-heal|p2a: Umbreon|55/100|[from] item: Leftovers
|-damage|p1a: Tornadus|82/100 tox|[from] psn
|upkeep
|turn|15
|
|t:|1760864666
|move|p2a: Umbreon|Protect|p2a: Umbreon
|-singleturn|p2a: Umbreon|Protect
|move|p1a: Tornadus|Icy Wind|p2a: Umbreon
|-activate|p2a: Umbreon|move: Protect
|
|-weather|RainDance|[upkeep]
|-heal|p2a: Umbreon|100/100|[from] move: Wish|[wisher] Umbreon
|-damage|p1a: Tornadus|64/100 tox|[from] psn
|upkeep
|turn|16
|
|t:|1760864676
|move|p1a: Tornadus|Brick Break|p2a: Umbreon
|-supereffective|p2a: Umbreon
|-damage|p2a: Umbreon|74/100
|move|p2a: Umbreon|Dark Pulse|p1a: Tornadus
|-damage|p1a: Tornadus|42/100 tox
|
|-weather|RainDance|[upkeep]
|-heal|p2a: Umbreon|80/100|[from] item: Leftovers
|-damage|p1a: Tornadus|18/100 tox|[from] psn
|upkeep
|turn|17
|-message|steel d ninja forfeited.
|
|win|lewishe03
|raw|steel d ninja's rating: 1000 &rarr; <strong>1000</strong><br />(+0 for losing)
|raw|lewishe03's rating: 1027 &rarr; <strong>1060</strong><br />(+33 for winning)
|l|☆steel d ninja
|player|p1|
