|j|☆werearewe
|j|☆NagaraFan
|t:|1760798434
|gametype|singles
|player|p1|werearewe|1|1641
|player|p2|NagaraFan|acetrainerf|1706
|gen|9
|tier|[Gen 9] OU
|rated|
|rule|HP Percentage Mod: HP is shown in percentages
|rule|Endless Battle Clause: Forcing endless battles is banned
|rule|Species Clause: Limit one of each Pokémon
|rule|OHKO Clause: OHKO moves are banned
|rule|Evasion Items Clause: Evasion items are banned
|rule|Evasion Moves Clause: Evasion moves are banned
|rule|Evasion Abilities Clause: Evasion abilities are banned
|rule|Sleep Moves Clause: Sleep-inducing moves are banned
|clearpoke
|poke|p1|Ribombee, M|
|poke|p1|Cinderace, F|
|poke|p1|Ogerpon, F|
|poke|p1|Milotic, F|
|poke|p1|Kingambit, F|
|poke|p1|Empoleon, M|
|poke|p2|Garganacl, M|
|poke|p2|Heatran, F|
|poke|p2|Corviknight, M|
|poke|p2|Great Tusk|
|poke|p2|Rillaboom, M|
|poke|p2|Gholdengo|
|teampreview
|j| Scoob252525
|l| Scoob252525
|
|t:|1760798532
|teamsize|p1|6
|teamsize|p2|6
|start
|switch|p1a: Ribombee|Ribombee, M|100/100
|switch|p2a: Heatran|Heatran, F|100/100
|turn|1
|
|t:|1760798538
|move|p1a: Ribombee|Sticky Web|p2a: Heatran
|-sidestart|p2: NagaraFan|move: Sticky Web
|move|p2a: Heatran|Magma Storm|p1a: Ribombee|[miss]
|-miss|p2a: Heatran|p1a: Ribombee
|
|upkeep
|turn|2
|
|t:|1760798576
|move|p1a: Ribombee|U-turn|p2a: Heatran
|-resisted|p2a: Heatran
|-damage|p2a: Heatran|98/100
|
|t:|1760798578
|switch|p1a: Cinderace|Cinderace, F|100/100|[from] U-turn
|move|p2a: Heatran|Magma Storm|p1a: Cinderace
|-resisted|p1a: Cinderace
|-damage|p1a: Cinderace|73/100
|-activate|p1a: Cinderace|move: Magma Storm|[of] p2a: Heatran
|
|-heal|p2a: Heatran|100/100|[from] item: Leftovers
|-damage|p1a: Cinderace|60/100|[from] move: Magma Storm|[partiallytrapped]
|upkeep
|turn|3
|
|t:|1760798587
|move|p1a: Cinderace|Court Change|p1a: Cinderace
|-swapsideconditions
|-activate|p1a: Cinderace|move: Court Change
|move|p2a: Heatran|Stealth Rock|p1a: Cinderace
|-sidestart|p1: werearewe|move: Stealth Rock
|
|-damage|p1a: Cinderace|48/100|[from] move: Magma Storm|[partiallytrapped]
|upkeep
|turn|4
|
|t:|1760798632
|switch|p2a: Garganacl|Garganacl, M|100/100
|move|p1a: Cinderace|U-turn|p2a: Garganacl
|-damage|p2a: Garganacl|88/100
|
|t:|1760798634
|switch|p1a: Ribombee|Ribombee, M|100/100|[from] U-turn
|-activate|p1a: Ribombee|move: Sticky Web
|-unboost|p1a: Ribombee|spe|1
|-damage|p1a: Ribombee|76/100|[from] Stealth Rock
|
|-heal|p2a: Garganacl|94/100|[from] item: Leftovers
|upkeep
|turn|5
|
|t:|1760798650
|move|p1a: Ribombee|Sticky Web|p2a: Garganacl
|-sidestart|p2: NagaraFan|move: Sticky Web
|move|p2a: Garganacl|Iron Defense|p2a: Garganacl
|-boost|p2a: Garganacl|def|2
|
|-heal|p2a: Garganacl|99/100|[from] item: Leftovers
|upkeep
|turn|6
|
|t:|1760798662
|move|p1a: Ribombee|Moonblast|p2a: Garganacl
|-damage|p2a: Garganacl|72/100
|move|p2a: Garganacl|Salt Cure|p1a: Ribombee
|-supereffective|p1a: Ribombee
|-damage|p1a: Ribombee|18/100
|
|-heal|p2a: Garganacl|78/100|[from] item: Leftovers
|upkeep
|turn|7
|
|t:|1760798672
|move|p1a: Ribombee|Moonblast|p2a: Garganacl
|-damage|p2a: Garganacl|52/100
|-unboost|p2a: Garganacl|spa|1
|move|p2a: Garganacl|Recover|p2a: Garganacl
|-heal|p2a: Garganacl|100/100
|
|upkeep
|turn|8
|
|t:|1760798696
|move|p1a: Ribombee|Moonblast|p2a: Garganacl
|-damage|p2a: Garganacl|73/100
|move|p2a: Garganacl|Iron Defense|p2a: Garganacl
|-boost|p2a: Garganacl|def|2
|
|-heal|p2a: Garganacl|79/100|[from] item: Leftovers
|upkeep
|turn|9
|
|t:|1760798705
|move|p1a: Ribombee|Moonblast|p2a: Garganacl
|-damage|p2a: Garganacl|50/100
|move|p2a: Garganacl|Salt Cure|p1a: Ribombee
|-supereffective|p1a: Ribombee
|-damage|p1a: Ribombee|0 fnt
|faint|p1a: Ribombee
|
|-heal|p2a: Garganacl|56/100|[from] item: Leftovers
|upkeep
|
|t:|1760798714
|switch|p1a: Milotic|Milotic, F|100/100
|-activate|p1a: Milotic|move: Sticky Web
|-unboost|p1a: Milotic|spe|1
|-ability|p1a: Milotic|Competitive|boost
|-boost|p1a: Milotic|spa|2
|-damage|p1a: Milotic|88/100|[from] Stealth Rock
|turn|10
|
|t:|1760798720
|-terastallize|p1a: Milotic|Fairy
|-terastallize|p2a: Garganacl|Water
|move|p1a: Milotic|Draining Kiss|p2a: Garganacl
|-damage|p2a: Garganacl|14/100
|-heal|p1a: Milotic|100/100|[from] drain|[of] p2a: Garganacl
|move|p2a: Garganacl|Recover|p2a: Garganacl
|-heal|p2a: Garganacl|64/100
|
|-heal|p2a: Garganacl|70/100|[from] item: Leftovers
|upkeep
|turn|11
|
|t:|1760798732
|move|p1a: Milotic|Draining Kiss|p2a: Garganacl
|-damage|p2a: Garganacl|32/100
|move|p2a: Garganacl|Recover|p2a: Garganacl
|-heal|p2a: Garganacl|82/100
|
|-heal|p2a: Garganacl|89/100|[from] item: Leftovers
|upkeep
|turn|12
|inactive|Battle timer is ON: inactive players will automatically lose when time's up. (requested by NagaraFan)
|
|t:|1760798777
|move|p1a: Milotic|Draining Kiss|p2a: Garganacl
|-damage|p2a: Garganacl|48/100
|move|p2a: Garganacl|Salt Cure|p1a: Milotic
|-damage|p1a: Milotic|86/100
|-start|p1a: Milotic|Salt Cure
|
|-heal|p2a: Garganacl|55/100|[from] item: Leftovers
|-damage|p1a: Milotic|73/100|[from] Salt Cure
|upkeep
|turn|13
|
|t:|1760798785
|move|p1a: Milotic|Draining Kiss|p2a: Garganacl
|-crit|p2a: Garganacl
|-damage|p2a: Garganacl|0 fnt
|-heal|p1a: Milotic|100/100|[from] drain|[of] p2a: Garganacl
|faint|p2a: Garganacl
|
|-damage|p1a: Milotic|88/100|[from] Salt Cure
|upkeep
|
|t:|1760798794
|switch|p2a: Rillaboom|Rillaboom, M|100/100
|-activate|p2a: Rillaboom|move: Sticky Web
|-unboost|p2a: Rillaboom|spe|1
|-fieldstart|move: Grassy Terrain|[from] ability: Grassy Surge|[of] p2a: Rillaboom
|turn|14
|inactive|werearewe has 120 seconds left.
|inactive|werearewe has 90 seconds left.
|inactive|werearewe has 60 seconds left.
|
|t:|1760798888
|switch|p1a: Ogerpon|Ogerpon, F|100/100
|-activate|p1a: Ogerpon|move: Sticky Web
|-unboost|p1a: Ogerpon|spe|1
|-ability|p1a: Ogerpon|Defiant|boost
|-boost|p1a: Ogerpon|atk|2
|-damage|p1a: Ogerpon|88/100|[from] Stealth Rock
|-enditem|p1a: Ogerpon|White Herb
|-clearnegativeboost|p1a: Ogerpon|[silent]
|move|p2a: Rillaboom|Wood Hammer|p1a: Ogerpon
|-resisted|p1a: Ogerpon
|-damage|p1a: Ogerpon|1/100
|-damage|p2a: Rillaboom|75/100|[from] Recoil
|
|-heal|p1a: Ogerpon|7/100|[from] Grassy Terrain
|-heal|p2a: Rillaboom|81/100|[from] Grassy Terrain
|upkeep
|turn|15
|
|t:|1760798902
|switch|p2a: Corviknight|Corviknight, M|100/100
|-ability|p2a: Corviknight|Pressure
|move|p1a: Ogerpon|Ivy Cudgel|p2a: Corviknight
|-resisted|p2a: Corviknight
|-damage|p2a: Corviknight|79/100
|
|-heal|p1a: Ogerpon|13/100|[from] Grassy Terrain
|upkeep
|turn|16
|
|t:|1760798919
|move|p1a: Ogerpon|Superpower|p2a: Corviknight
|-damage|p2a: Corviknight|23/100
|-unboost|p1a: Ogerpon|atk|1
|-unboost|p1a: Ogerpon|def|1
|-damage|p1a: Ogerpon|0 fnt|[from] item: Rocky Helmet|[of] p2a: Corviknight
|faint|p1a: Ogerpon
|move|p2a: Corviknight|U-turn|p1: Ogerpon|[notarget]
|-fail|p2a: Corviknight
|
|upkeep
|
|t:|1760798923
|switch|p1a: Cinderace|Cinderace, F|48/100
|turn|17
|
|t:|1760798941
|move|p1a: Cinderace|Court Change|p1a: Cinderace
|-swapsideconditions
|-activate|p1a: Cinderace|move: Court Change
|move|p2a: Corviknight|Defog|p1a: Cinderace
|-unboost|p1a: Cinderace|evasion|1
|-sideend|p1: werearewe|Sticky Web|[from] move: Defog|[of] p2a: Corviknight
|-sideend|p2: NagaraFan|Stealth Rock|[from] move: Defog|[of] p2a: Corviknight
|-sideend|p2: NagaraFan|Sticky Web|[from] move: Defog|[of] p2a: Corviknight
|-fieldend|move: Grassy Terrain
|
|upkeep
|turn|18
|-message|werearewe forfeited.
|
|win|NagaraFan
|raw|werearewe's rating: 1652 &rarr; <strong>1635</strong><br />(-17 for losing)
|raw|NagaraFan's rating: 1706 &rarr; <strong>1723</strong><br />(+17 for winning)
|l|☆werearewe
|player|p1|
|l|☆NagaraFan
|player|p2|
