|j|☆DDDWCNM
|j|☆zah32
|t:|1760756468
|gametype|singles
|player|p1|DDDWCNM|n|1160
|player|p2|zah32|pokemonrangerf|1167
|gen|9
|tier|[Gen 9] OU
|rated|
|rule|HP Percentage Mod: HP is shown in percentages
|rule|Endless Battle Clause: Forcing endless battles is banned
|rule|Species Clause: Limit one of each Pokémon
|rule|OHKO Clause: OHKO moves are banned
|rule|Evasion Items Clause: Evasion items are banned
|rule|Evasion Moves Clause: Evasion moves are banned
|rule|Evasion Abilities Clause: Evasion abilities are banned
|rule|Sleep Moves Clause: Sleep-inducing moves are banned
|clearpoke
|poke|p1|Garchomp, F|
|poke|p1|Great Tusk|
|poke|p1|Walking Wake|
|poke|p1|Scizor, F|
|poke|p1|Ting-Lu|
|poke|p1|Ogerpon-Wellspring, F|
|poke|p2|Garchomp, M|
|poke|p2|Meowscarada, M|
|poke|p2|Araquanid, M|
|poke|p2|Weezing-Galar, F|
|poke|p2|Gholdengo|
|poke|p2|Typhlosion, M|
|teampreview
|inactive|Battle timer is ON: inactive players will automatically lose when time's up. (requested by DDDWCNM)
|
|t:|1760756482
|teamsize|p1|6
|teamsize|p2|6
|start
|switch|p1a: Ogerpon|Ogerpon-Wellspring, F|100/100
|switch|p2a: goldly|Gholdengo|100/100
|turn|1
|
|t:|1760756489
|move|p1a: Ogerpon|Knock Off|p2a: goldly
|-supereffective|p2a: goldly
|-damage|p2a: goldly|12/100
|-enditem|p2a: goldly|Choice Specs|[from] move: Knock Off|[of] p1a: Ogerpon
|move|p2a: goldly|Psyshock|p1a: Ogerpon
|-damage|p1a: Ogerpon|66/100
|
|upkeep
|turn|2
|
|t:|1760756508
|move|p1a: Ogerpon|Knock Off|p2a: goldly
|-supereffective|p2a: goldly
|-damage|p2a: goldly|0 fnt
|faint|p2a: goldly
|
|upkeep
|
|t:|1760756513
|switch|p2a: spiderman|Araquanid, M, shiny|100/100
|turn|3
|
|t:|1760756524
|move|p1a: Ogerpon|Swords Dance|p1a: Ogerpon
|-boost|p1a: Ogerpon|atk|2
|move|p2a: spiderman|Sticky Web|p1a: Ogerpon
|-sidestart|p1: DDDWCNM|move: Sticky Web
|
|upkeep
|turn|4
|
|t:|1760756531
|move|p1a: Ogerpon|Knock Off|p2a: spiderman
|-damage|p2a: spiderman|18/100
|-enditem|p2a: spiderman|Focus Sash|[from] move: Knock Off|[of] p1a: Ogerpon
|move|p2a: spiderman|Endeavor|p1a: Ogerpon
|-damage|p1a: Ogerpon|20/100
|
|upkeep
|turn|5
|
|t:|1760756540
|move|p1a: Ogerpon|Knock Off|p2a: spiderman
|-damage|p2a: spiderman|0 fnt
|faint|p2a: spiderman
|
|upkeep
|
|t:|1760756545
|switch|p2a: third degree burns|Typhlosion, M, shiny|100/100
|turn|6
|
|t:|1760756552
|move|p2a: third degree burns|Extrasensory|p1a: Ogerpon
|-damage|p1a: Ogerpon|0 fnt
|faint|p1a: Ogerpon
|
|upkeep
|
|t:|1760756559
|switch|p1a: Great Tusk|Great Tusk|100/100
|-activate|p1a: Great Tusk|move: Sticky Web
|-unboost|p1a: Great Tusk|spe|1
|-enditem|p1a: Great Tusk|Booster Energy
|-activate|p1a: Great Tusk|ability: Protosynthesis|[fromitem]
|-start|p1a: Great Tusk|protosynthesisatk
|turn|7
|
|t:|1760756566
|move|p2a: third degree burns|Extrasensory|p1a: Great Tusk
|-supereffective|p1a: Great Tusk
|-damage|p1a: Great Tusk|20/100
|move|p1a: Great Tusk|Rapid Spin|p2a: third degree burns
|-damage|p2a: third degree burns|67/100
|-boost|p1a: Great Tusk|spe|1
|-sideend|p1: DDDWCNM|Sticky Web|[from] move: Rapid Spin|[of] p1a: Great Tusk
|
|upkeep
|turn|8
|
|t:|1760756575
|move|p2a: third degree burns|Extrasensory|p1a: Great Tusk
|-supereffective|p1a: Great Tusk
|-crit|p1a: Great Tusk
|-damage|p1a: Great Tusk|0 fnt
|faint|p1a: Great Tusk
|-end|p1a: Great Tusk|Protosynthesis|[silent]
|
|upkeep
|
|t:|1760756584
|switch|p1a: Walking Wake|Walking Wake|100/100
|turn|9
|
|t:|1760756589
|switch|p2a: wenda|Meowscarada, M, shiny|100/100
|move|p1a: Walking Wake|Hydro Pump|p2a: wenda
|-resisted|p2a: wenda
|-damage|p2a: wenda|54/100
|
|upkeep
|turn|10
|
|t:|1760756599
|-end|p1a: Walking Wake|Protosynthesis|[silent]
|switch|p1a: Scizor|Scizor, F|100/100
|move|p2a: wenda|Flower Trick|p1a: Scizor
|-start|p2a: wenda|typechange|Grass|[from] ability: Protean
|-resisted|p1a: Scizor
|-crit|p1a: Scizor
|-damage|p1a: Scizor|82/100
|-damage|p2a: wenda|45/100|[from] item: Life Orb
|
|upkeep
|turn|11
|
|t:|1760756612
|switch|p2a: third degree burns|Typhlosion, M, shiny|67/100
|move|p1a: Scizor|Dual Wingbeat|p2a: third degree burns
|-damage|p2a: third degree burns|26/100
|-crit|p2a: third degree burns
|-damage|p2a: third degree burns|0 fnt
|faint|p2a: third degree burns
|-hitcount|p2: third degree burns|2
|
|upkeep
|
|t:|1760756620
|switch|p2a: sand paper|Garchomp, M, shiny|100/100
|turn|12
|
|t:|1760756628
|switch|p1a: Ting-Lu|Ting-Lu|100/100
|-ability|p1a: Ting-Lu|Vessel of Ruin
|move|p2a: sand paper|Swords Dance|p2a: sand paper
|-boost|p2a: sand paper|atk|2
|
|upkeep
|turn|13
|
|t:|1760756636
|move|p2a: sand paper|Scale Shot|p1a: Ting-Lu
|-damage|p1a: Ting-Lu|87/100
|-damage|p1a: Ting-Lu|73/100
|-damage|p1a: Ting-Lu|60/100
|-damage|p1a: Ting-Lu|47/100
|-damage|p1a: Ting-Lu|34/100
|-hitcount|p1a: Ting-Lu|5
|-unboost|p2a: sand paper|def|1
|-boost|p2a: sand paper|spe|1
|move|p1a: Ting-Lu|Whirlwind|p2a: sand paper
|drag|p2a: wenda|Meowscarada, M, shiny|45/100
|
|-heal|p1a: Ting-Lu|40/100|[from] item: Leftovers
|upkeep
|turn|14
|
|t:|1760756652
|move|p2a: wenda|U-turn|p1a: Ting-Lu
|-start|p2a: wenda|typechange|Bug|[from] ability: Protean
|-supereffective|p1a: Ting-Lu
|-damage|p1a: Ting-Lu|0 fnt
|faint|p1a: Ting-Lu
|-damage|p2a: wenda|35/100|[from] item: Life Orb
|
|t:|1760756661
|switch|p2a: sand paper|Garchomp, M, shiny|100/100|[from] U-turn
|
|upkeep
|
|t:|1760756668
|switch|p1a: Walking Wake|Walking Wake|100/100
|turn|15
|
|t:|1760756677
|-terastallize|p2a: sand paper|Steel
|move|p1a: Walking Wake|Hydro Pump|p2a: sand paper
|-damage|p2a: sand paper|39/100
|move|p2a: sand paper|Swords Dance|p2a: sand paper
|-boost|p2a: sand paper|atk|2
|
|upkeep
|turn|16
|
|t:|1760756685
|move|p1a: Walking Wake|Hydro Pump|p2a: sand paper
|-damage|p2a: sand paper|0 fnt
|faint|p2a: sand paper
|
|upkeep
|
|t:|1760756691
|switch|p2a: wenda|Meowscarada, M, shiny|35/100
|turn|17
|
|t:|1760756699
|move|p1a: Walking Wake|Hydro Pump|p2a: wenda
|-resisted|p2a: wenda
|-damage|p2a: wenda|0 fnt
|faint|p2a: wenda
|
|upkeep
|
|t:|1760756704
|switch|p2a: mr.steam|Weezing-Galar, F, shiny|100/100
|turn|18
|
|t:|1760756708
|-terastallize|p1a: Walking Wake|Water
|move|p1a: Walking Wake|Hydro Pump|p2a: mr.steam
|-damage|p2a: mr.steam|0 fnt
|faint|p2a: mr.steam
|
|win|DDDWCNM
|raw|DDDWCNM's rating: 1160 &rarr; <strong>1186</strong><br />(+26 for winning)
|raw|zah32's rating: 1167 &rarr; <strong>1141</strong><br />(-26 for losing)
|l|☆zah32
|player|p2|
|l|☆DDDWCNM
|player|p1|
