|j|☆Bobby_83
|j|☆Canthavmehname
|t:|1760890433
|gametype|singles
|player|p1|Bobby_83|102|1004
|player|p2|Canthavmehname|169|1045
|gen|9
|tier|[Gen 9] OU
|rated|
|rule|HP Percentage Mod: HP is shown in percentages
|rule|Endless Battle Clause: Forcing endless battles is banned
|rule|Species Clause: Limit one of each Pokémon
|rule|OHKO Clause: OHKO moves are banned
|rule|Evasion Items Clause: Evasion items are banned
|rule|Evasion Moves Clause: Evasion moves are banned
|rule|Evasion Abilities Clause: Evasion abilities are banned
|rule|Sleep Moves Clause: Sleep-inducing moves are banned
|clearpoke
|poke|p1|Pelipper, M|
|poke|p1|Forretress, M|
|poke|p1|Thundurus-Therian, M|
|poke|p1|Clodsire, F|
|poke|p1|Azumarill, M|
|poke|p1|Talonflame, M|
|poke|p2|Ditto|
|poke|p2|Zoroark-Hisui, M|
|poke|p2|Iron Treads|
|poke|p2|Iron Moth|
|poke|p2|Serperior, M|
|poke|p2|Pikachu, M|
|teampreview
|inactive|Battle timer is ON: inactive players will automatically lose when time's up. (requested by Canthavmehname)
|
|t:|1760890445
|teamsize|p1|6
|teamsize|p2|6
|start
|switch|p1a: Pelipper|Pelipper, M, shiny|100/100
|switch|p2a: Pikachu|Pikachu, M, shiny|100/100
|-weather|RainDance|[from] ability: Drizzle|[of] p1a: Pelipper
|turn|1
|inactive|Bobby_83 has 120 seconds left.
|
|t:|1760890497
|switch|p1a: Forretress|Forretress, M, shiny|100/100
|-terastallize|p2a: Pikachu|Electric
|move|p2a: Pikachu|Electric Terrain|p2a: Pikachu
|-fieldstart|move: Electric Terrain
|
|-weather|RainDance|[upkeep]
|upkeep
|turn|2
|
|t:|1760890507
|switch|p2a: Iron Treads|Iron Treads, shiny|100/100
|-activate|p2a: Iron Treads|ability: Quark Drive
|-start|p2a: Iron Treads|quarkdrivedef
|move|p1a: Forretress|Body Press|p2a: Iron Treads
|-supereffective|p2a: Iron Treads
|-damage|p2a: Iron Treads|60/100
|
|-weather|RainDance|[upkeep]
|-heal|p2a: Iron Treads|66/100|[from] item: Leftovers
|upkeep
|turn|3
|
|t:|1760890520
|move|p2a: Iron Treads|Flash Cannon|p1a: Forretress
|-resisted|p1a: Forretress
|-damage|p1a: Forretress|83/100
|move|p1a: Forretress|Iron Defense|p1a: Forretress
|-boost|p1a: Forretress|def|2
|
|-weather|RainDance|[upkeep]
|-heal|p2a: Iron Treads|72/100|[from] item: Leftovers
|-heal|p1a: Forretress|89/100|[from] item: Leftovers
|upkeep
|turn|4
|
|t:|1760890529
|move|p2a: Iron Treads|Knock Off|p1a: Forretress
|-damage|p1a: Forretress|81/100
|-enditem|p1a: Forretress|Leftovers|[from] move: Knock Off|[of] p2a: Iron Treads
|move|p1a: Forretress|Stealth Rock|p2a: Iron Treads
|-sidestart|p2: Canthavmehname|move: Stealth Rock
|
|-weather|RainDance|[upkeep]
|-heal|p2a: Iron Treads|78/100|[from] item: Leftovers
|upkeep
|turn|5
|
|t:|1760890536
|move|p2a: Iron Treads|Rapid Spin|p1a: Forretress
|-resisted|p1a: Forretress
|-damage|p1a: Forretress|79/100
|-boost|p2a: Iron Treads|spe|1
|-sideend|p2: Canthavmehname|Stealth Rock|[from] move: Rapid Spin|[of] p2a: Iron Treads
|move|p1a: Forretress|Body Press|p2a: Iron Treads
|-supereffective|p2a: Iron Treads
|-damage|p2a: Iron Treads|0 fnt
|faint|p2a: Iron Treads
|-end|p2a: Iron Treads|Quark Drive|[silent]
|
|-weather|RainDance|[upkeep]
|-fieldend|move: Electric Terrain
|upkeep
|
|t:|1760890545
|switch|p2a: Iron Moth|Iron Moth, shiny|100/100
|turn|6
|inactive|Bobby_83 has 120 seconds left.
|
|t:|1760890565
|switch|p1a: Azumarill|Azumarill, M|100/100
|move|p2a: Iron Moth|Toxic Spikes|p1a: Azumarill
|-sidestart|p1: Bobby_83|move: Toxic Spikes
|
|-weather|RainDance|[upkeep]
|upkeep
|turn|7
|
|t:|1760890574
|move|p2a: Iron Moth|Protect|p2a: Iron Moth
|-singleturn|p2a: Iron Moth|Protect
|move|p1a: Azumarill|Aqua Jet|p2a: Iron Moth
|-activate|p2a: Iron Moth|move: Protect
|
|-weather|RainDance|[upkeep]
|upkeep
|turn|8
|inactive|Bobby_83 has 120 seconds left.
|
|t:|1760890582
|-end|p2a: Iron Moth|Quark Drive|[silent]
|switch|p2a: Ditto|Ditto, shiny|100/100
|-transform|p2a: Ditto|p1a: Azumarill|[from] ability: Imposter
|move|p1a: Azumarill|Aqua Jet|p2a: Ditto
|-resisted|p2a: Ditto
|-damage|p2a: Ditto|74/100
|
|-weather|none
|-heal|p2a: Ditto|80/100|[from] item: Leftovers
|upkeep
|turn|9
|inactive|Bobby_83 has 120 seconds left.
|
|t:|1760890599
|switch|p2a: Serperior|Serperior, M, shiny|100/100
|move|p1a: Azumarill|Encore||[still]
|-fail|p1a: Azumarill
|
|upkeep
|turn|10
|inactive|Bobby_83 has 120 seconds left.
|
|t:|1760890606
|switch|p1a: Pelipper|Pelipper, M, shiny|100/100
|-weather|RainDance|[from] ability: Drizzle|[of] p1a: Pelipper
|move|p2a: Serperior|Protect||[still]
|-fail|p2a: Serperior
|
|-weather|RainDance|[upkeep]
|upkeep
|turn|11
|inactive|Bobby_83 has 120 seconds left.
|
|t:|1760890617
|move|p2a: Serperior|Shadow Ball|p1a: Pelipper
|-damage|p1a: Pelipper|55/100
|-unboost|p1a: Pelipper|spd|1
|move|p1a: Pelipper|Hurricane|p2a: Serperior
|-damage|p2a: Serperior|9/100
|replace|p2a: Zoroark|Zoroark-Hisui, M, shiny
|-end|p2a: Zoroark|Illusion
|
|-weather|RainDance|[upkeep]
|-heal|p2a: Zoroark|15/100|[from] item: Leftovers
|upkeep
|turn|12
|inactive|Bobby_83 has 120 seconds left.
|
|t:|1760890640
|switch|p2a: Serperior|Serperior, M, shiny|100/100
|switch|p1a: Talonflame|Talonflame, M, shiny|100/100
|
|-weather|RainDance|[upkeep]
|upkeep
|turn|13
|
|t:|1760890651
|switch|p2a: Ditto|Ditto, shiny|80/100
|-transform|p2a: Ditto|p1a: Talonflame|[from] ability: Imposter
|move|p1a: Talonflame|Defog|p2a: Ditto
|-unboost|p2a: Ditto|evasion|1
|-sideend|p1: Bobby_83|Toxic Spikes|[from] move: Defog|[of] p1a: Talonflame
|
|-weather|RainDance|[upkeep]
|-heal|p2a: Ditto|86/100|[from] item: Leftovers
|upkeep
|turn|14
|
|t:|1760890670
|move|p2a: Ditto|Roost|p2a: Ditto
|-heal|p2a: Ditto|100/100
|-singleturn|p2a: Ditto|move: Roost
|move|p1a: Talonflame|U-turn|p2a: Ditto
|-resisted|p2a: Ditto
|-damage|p2a: Ditto|88/100
|
|t:|1760890682
|switch|p1a: Azumarill|Azumarill, M|100/100|[from] U-turn
|
|-weather|RainDance|[upkeep]
|-heal|p2a: Ditto|95/100|[from] item: Leftovers
|upkeep
|turn|15
|
|t:|1760890698
|move|p2a: Ditto|U-turn|p1a: Azumarill
|-resisted|p1a: Azumarill
|-damage|p1a: Azumarill|93/100
|
|t:|1760890706
|switch|p2a: Serperior|Serperior, M, shiny|100/100|[from] U-turn
|move|p1a: Azumarill|Belly Drum|p1a: Azumarill
|-damage|p1a: Azumarill|43/100
|-setboost|p1a: Azumarill|atk|6|[from] move: Belly Drum
|-enditem|p1a: Azumarill|Sitrus Berry|[eat]
|-heal|p1a: Azumarill|68/100|[from] item: Sitrus Berry
|
|-weather|RainDance|[upkeep]
|upkeep
|turn|16
|
|t:|1760890717
|-terastallize|p1a: Azumarill|Steel
|move|p2a: Serperior|Giga Drain|p1a: Azumarill
|-resisted|p1a: Azumarill
|-damage|p1a: Azumarill|56/100
|move|p1a: Azumarill|Play Rough|p2a: Serperior
|-damage|p2a: Serperior|0 fnt
|faint|p2a: Serperior
|
|-weather|RainDance|[upkeep]
|upkeep
|
|t:|1760890725
|switch|p2a: Iron Moth|Iron Moth, shiny|100/100
|turn|17
|
|t:|1760890728
|move|p1a: Azumarill|Aqua Jet|p2a: Iron Moth
|-supereffective|p2a: Iron Moth
|-damage|p2a: Iron Moth|0 fnt
|faint|p2a: Iron Moth
|-end|p2a: Iron Moth|Quark Drive|[silent]
|
|-weather|none
|upkeep
|
|t:|1760890731
|switch|p2a: Pikachu|Pikachu, M, shiny, tera:Electric|100/100
|turn|18
|
|t:|1760890735
|move|p1a: Azumarill|Aqua Jet|p2a: Pikachu
|-damage|p2a: Pikachu|0 fnt
|faint|p2a: Pikachu
|
|upkeep
|
|t:|1760890738
|switch|p2a: Ditto|Ditto, shiny|15/100
|turn|19
|
|t:|1760890741
|move|p2a: Ditto|Protect|p2a: Ditto
|-singleturn|p2a: Ditto|Protect
|move|p1a: Azumarill|Aqua Jet|p2a: Ditto
|-activate|p2a: Ditto|move: Protect
|
|-heal|p2a: Ditto|21/100|[from] item: Leftovers
|upkeep
|turn|20
|
|t:|1760890748
|move|p2a: Ditto|Protect|p2a: Ditto
|-singleturn|p2a: Ditto|Protect
|move|p1a: Azumarill|Aqua Jet|p2a: Ditto
|-activate|p2a: Ditto|move: Protect
|
|-heal|p2a: Ditto|27/100|[from] item: Leftovers
|upkeep
|turn|21
|
|t:|1760890755
|move|p1a: Azumarill|Aqua Jet|p2a: Ditto
|-damage|p2a: Ditto|0 fnt
|replace|p2a: Zoroark|Zoroark-Hisui, M, shiny
|-end|p2a: Zoroark|Illusion
|faint|p2a: Zoroark
|
|upkeep
|
|t:|1760890759
|switch|p2a: Ditto|Ditto, shiny|95/100
|-transform|p2a: Ditto|p1a: Azumarill|[from] ability: Imposter
|-start|p2a: Ditto|typechange|Water/Fairy|[silent]
|turn|22
|
|t:|1760890781
|switch|p1a: Clodsire|Clodsire, F, shiny|100/100
|move|p2a: Ditto|Encore||[still]
|-fail|p2a: Ditto
|
|-heal|p2a: Ditto|100/100|[from] item: Leftovers
|upkeep
|turn|23
|
|t:|1760890790
|move|p2a: Ditto|Play Rough|p1a: Clodsire
|-resisted|p1a: Clodsire
|-damage|p1a: Clodsire|0 fnt
|faint|p1a: Clodsire
|
|upkeep
|inactive|Bobby_83 has 120 seconds left.
|
|t:|1760890812
|switch|p1a: Azumarill|Azumarill, M, tera:Steel|56/100
|turn|24
|c|☆Canthavmehname|I win
|
|t:|1760890819
|move|p1a: Azumarill|Encore|p2a: Ditto
|-start|p2a: Ditto|Encore
|move|p2a: Ditto|Play Rough|p1a: Azumarill
|-resisted|p1a: Azumarill
|-damage|p1a: Azumarill|0 fnt
|faint|p1a: Azumarill
|
|upkeep
|inactive|Bobby_83 has 120 seconds left.
|
|t:|1760890832
|switch|p1a: Forretress|Forretress, M, shiny|79/100
|turn|25
|
|t:|1760890840
|move|p2a: Ditto|Play Rough|p1a: Forretress
|-resisted|p1a: Forretress
|-damage|p1a: Forretress|20/100
|move|p1a: Forretress|Body Press|p2a: Ditto
|-resisted|p2a: Ditto
|-damage|p2a: Ditto|75/100
|
|-heal|p2a: Ditto|81/100|[from] item: Leftovers
|upkeep
|turn|26
|
|t:|1760890852
|move|p2a: Ditto|Play Rough|p1a: Forretress
|-resisted|p1a: Forretress
|-damage|p1a: Forretress|0 fnt
|faint|p1a: Forretress
|
|-heal|p2a: Ditto|87/100|[from] item: Leftovers
|-end|p2a: Ditto|Encore
|upkeep
|
|t:|1760890860
|switch|p1a: Thundurus|Thundurus-Therian, M, shiny|100/100
|turn|27
|
|t:|1760890864
|move|p2a: Ditto|Aqua Jet|p1a: Thundurus
|-damage|p1a: Thundurus|0 fnt
|faint|p1a: Thundurus
|
|-heal|p2a: Ditto|93/100|[from] item: Leftovers
|upkeep
|
|t:|1760890870
|switch|p1a: Pelipper|Pelipper, M, shiny|55/100
|-weather|RainDance|[from] ability: Drizzle|[of] p1a: Pelipper
|turn|28
|c|☆Canthavmehname|LOLL
|
|t:|1760890878
|move|p1a: Pelipper|Hurricane|p2a: Ditto
|-damage|p2a: Ditto|21/100
|move|p2a: Ditto|Play Rough|p1a: Pelipper
|-damage|p1a: Pelipper|0 fnt
|faint|p1a: Pelipper
|
|-weather|RainDance|[upkeep]
|-heal|p2a: Ditto|27/100|[from] item: Leftovers
|upkeep
|
|t:|1760890887
|switch|p1a: Talonflame|Talonflame, M, shiny|100/100
|turn|29
|c|☆Canthavmehname|Gg bro
|c|☆Bobby_83|The luckiest win ever bro lol
|
|t:|1760890912
|move|p2a: Ditto|Aqua Jet|p1a: Talonflame
|-supereffective|p1a: Talonflame
|-damage|p1a: Talonflame|0 fnt
|faint|p1a: Talonflame
|
|win|Canthavmehname
|raw|Bobby_83's rating: 1004 &rarr; <strong>1000</strong><br />(-4 for losing)
|raw|Canthavmehname's rating: 1045 &rarr; <strong>1074</strong><br />(+29 for winning)
|c|☆Canthavmehname|😭😭😭😂😂😂
|c|☆Canthavmehname|ALL SKILL BOY
