|j|☆loopy butt
|j|☆Dark Aircon Aircon
|t:|1760771207
|gametype|singles
|player|p1|loopy butt|266|1091
|player|p2|Dark Aircon Aircon|266|1125
|gen|9
|tier|[Gen 9] OU
|rated|
|rule|HP Percentage Mod: HP is shown in percentages
|rule|Endless Battle Clause: Forcing endless battles is banned
|rule|Species Clause: Limit one of each Pokémon
|rule|OHKO Clause: OHKO moves are banned
|rule|Evasion Items Clause: Evasion items are banned
|rule|Evasion Moves Clause: Evasion moves are banned
|rule|Evasion Abilities Clause: Evasion abilities are banned
|rule|Sleep Moves Clause: Sleep-inducing moves are banned
|clearpoke
|poke|p1|Gliscor, M|
|poke|p1|Great Tusk|
|poke|p1|Iron Valiant|
|poke|p1|Slowking-Galar, F|
|poke|p1|Dragapult, M|
|poke|p1|Grimmsnarl, M|
|poke|p2|Electivire, F|
|poke|p2|Arboliva, F|
|poke|p2|Corviknight, M|
|poke|p2|Porygon-Z|
|poke|p2|Alomomola, F|
|poke|p2|Heatran, F|
|teampreview
|
|t:|1760771214
|teamsize|p1|6
|teamsize|p2|6
|start
|switch|p1a: Gliscor|Gliscor, M|100/100
|switch|p2a: Heatran|Heatran, F|100/100
|turn|1
|
|t:|1760771224
|switch|p2a: Corviknight|Corviknight, M|100/100
|move|p1a: Gliscor|Spikes|p2a: Corviknight
|-sidestart|p2: Dark Aircon Aircon|Spikes
|
|-status|p1a: Gliscor|tox|[from] item: Toxic Orb
|upkeep
|turn|2
|
|t:|1760771242
|move|p1a: Gliscor|Knock Off|p2a: Corviknight
|-damage|p2a: Corviknight|88/100
|-damage|p1a: Gliscor|84/100 tox|[from] item: Rocky Helmet|[of] p2a: Corviknight
|-enditem|p2a: Corviknight|Rocky Helmet|[from] move: Knock Off|[of] p1a: Gliscor
|move|p2a: Corviknight|Defog|p1a: Gliscor
|-unboost|p1a: Gliscor|evasion|1
|-sideend|p2: Dark Aircon Aircon|Spikes|[from] move: Defog|[of] p2a: Corviknight
|
|-heal|p1a: Gliscor|96/100 tox|[from] ability: Poison Heal
|upkeep
|turn|3
|
|t:|1760771254
|move|p1a: Gliscor|Spikes|p2a: Corviknight
|-sidestart|p2: Dark Aircon Aircon|Spikes
|move|p2a: Corviknight|Brave Bird|p1a: Gliscor
|-damage|p1a: Gliscor|66/100 tox
|-damage|p2a: Corviknight|80/100|[from] Recoil
|
|-heal|p1a: Gliscor|78/100 tox|[from] ability: Poison Heal
|upkeep
|turn|4
|
|t:|1760771270
|move|p1a: Gliscor|Spikes|p2a: Corviknight
|-sidestart|p2: Dark Aircon Aircon|Spikes
|move|p2a: Corviknight|Roost|p2a: Corviknight
|-heal|p2a: Corviknight|100/100
|-singleturn|p2a: Corviknight|move: Roost
|
|-heal|p1a: Gliscor|91/100 tox|[from] ability: Poison Heal
|upkeep
|turn|5
|l|☆loopy butt
|player|p1|
|j|☆loopy butt
|player|p1|loopy butt|266|
|
|t:|1760771290
|move|p1a: Gliscor|Spikes|p2a: Corviknight
|-sidestart|p2: Dark Aircon Aircon|Spikes
|move|p2a: Corviknight|Defog|p1a: Gliscor
|-unboost|p1a: Gliscor|evasion|1
|-sideend|p2: Dark Aircon Aircon|Spikes|[from] move: Defog|[of] p2a: Corviknight
|
|-heal|p1a: Gliscor|100/100 tox|[from] ability: Poison Heal
|upkeep
|turn|6
|l|☆loopy butt
|player|p1|
|
|t:|1760771324
|move|p1a: Gliscor|Knock Off|p2a: Corviknight
|-damage|p2a: Corviknight|92/100
|move|p2a: Corviknight|U-turn|p1a: Gliscor
|-resisted|p1a: Gliscor
|-damage|p1a: Gliscor|95/100 tox
|j|☆loopy butt
|player|p1|loopy butt|266|
|
|t:|1760771331
|switch|p2a: Arboliva|Arboliva, F|100/100|[from] U-turn
|
|-heal|p1a: Gliscor|100/100 tox|[from] ability: Poison Heal
|upkeep
|turn|7
|
|t:|1760771340
|move|p1a: Gliscor|Knock Off|p2a: Arboliva
|-damage|p2a: Arboliva|79/100
|-fieldstart|move: Grassy Terrain|[from] ability: Seed Sower|[of] p2a: Arboliva
|-enditem|p2a: Arboliva|Leftovers|[from] move: Knock Off|[of] p1a: Gliscor
|move|p2a: Arboliva|Leech Seed|p1a: Gliscor
|-start|p1a: Gliscor|move: Leech Seed
|
|-heal|p2a: Arboliva|85/100|[from] Grassy Terrain
|-damage|p1a: Gliscor|88/100 tox|[from] Leech Seed|[of] p2a: Arboliva
|-heal|p2a: Arboliva|96/100|[silent]
|-heal|p1a: Gliscor|100/100 tox|[from] ability: Poison Heal
|upkeep
|turn|8
|
|t:|1760771355
|switch|p1a: Grimmsnarl|Grimmsnarl, M|100/100
|move|p2a: Arboliva|Giga Drain|p1a: Grimmsnarl
|-damage|p1a: Grimmsnarl|64/100
|-heal|p2a: Arboliva|100/100|[from] drain|[of] p1a: Grimmsnarl
|
|-heal|p1a: Grimmsnarl|70/100|[from] Grassy Terrain
|-heal|p1a: Grimmsnarl|76/100|[from] item: Leftovers
|upkeep
|turn|9
|
|t:|1760771369
|move|p1a: Grimmsnarl|Taunt|p2a: Arboliva
|-start|p2a: Arboliva|move: Taunt
|cant|p2a: Arboliva|move: Taunt|Strength Sap
|
|-heal|p1a: Grimmsnarl|82/100|[from] Grassy Terrain
|-heal|p1a: Grimmsnarl|89/100|[from] item: Leftovers
|upkeep
|turn|10
|l|☆loopy butt
|player|p1|
|j|☆loopy butt
|player|p1|loopy butt|266|
|
|t:|1760771395
|move|p1a: Grimmsnarl|Thunder Wave|p2a: Arboliva
|-status|p2a: Arboliva|par
|move|p2a: Arboliva|Alluring Voice|p1a: Grimmsnarl
|-supereffective|p1a: Grimmsnarl
|-damage|p1a: Grimmsnarl|50/100
|
|-heal|p1a: Grimmsnarl|56/100|[from] Grassy Terrain
|-heal|p1a: Grimmsnarl|62/100|[from] item: Leftovers
|upkeep
|turn|11
|
|t:|1760771406
|move|p1a: Grimmsnarl|Reflect|p1a: Grimmsnarl
|-sidestart|p1: loopy butt|Reflect
|move|p2a: Arboliva|Alluring Voice|p1a: Grimmsnarl
|-supereffective|p1a: Grimmsnarl
|-damage|p1a: Grimmsnarl|27/100
|
|-heal|p1a: Grimmsnarl|33/100|[from] Grassy Terrain
|-heal|p1a: Grimmsnarl|39/100|[from] item: Leftovers
|-end|p2a: Arboliva|move: Taunt
|-fieldend|move: Grassy Terrain
|upkeep
|turn|12
|
|t:|1760771430
|switch|p1a: Gliscor|Gliscor, M|100/100 tox
|move|p2a: Arboliva|Alluring Voice|p1a: Gliscor
|-damage|p1a: Gliscor|78/100 tox
|
|-heal|p1a: Gliscor|90/100 tox|[from] ability: Poison Heal
|upkeep
|turn|13
|
|t:|1760771445
|switch|p1a: Grimmsnarl|Grimmsnarl, M|39/100
|move|p2a: Arboliva|Leech Seed|p1a: Grimmsnarl
|-start|p1a: Grimmsnarl|move: Leech Seed
|
|-heal|p1a: Grimmsnarl|45/100|[from] item: Leftovers
|-damage|p1a: Grimmsnarl|33/100|[from] Leech Seed|[of] p2a: Arboliva
|upkeep
|turn|14
|
|t:|1760771458
|switch|p1a: Iron Valiant|Iron Valiant|100/100
|move|p2a: Arboliva|Alluring Voice|p1a: Iron Valiant
|-supereffective|p1a: Iron Valiant
|-damage|p1a: Iron Valiant|18/100
|
|upkeep
|turn|15
|l|☆loopy butt
|player|p1|
|j|☆loopy butt
|player|p1|loopy butt|266|
|
|t:|1760771511
|-terastallize|p2a: Arboliva|Grass
|move|p1a: Iron Valiant|Moonblast|p2a: Arboliva
|-damage|p2a: Arboliva|53/100 par
|-fieldstart|move: Grassy Terrain|[from] ability: Seed Sower|[of] p2a: Arboliva
|move|p2a: Arboliva|Strength Sap|p1a: Iron Valiant
|-unboost|p1a: Iron Valiant|atk|1
|-heal|p2a: Arboliva|100/100 par
|
|-heal|p1a: Iron Valiant|24/100|[from] Grassy Terrain
|-sideend|p1: loopy butt|Reflect
|upkeep
|turn|16
|
|t:|1760771531
|-end|p1a: Iron Valiant|Quark Drive|[silent]
|switch|p1a: Slowking|Slowking-Galar, F|100/100
|move|p2a: Arboliva|Giga Drain|p1a: Slowking
|-resisted|p1a: Slowking
|-damage|p1a: Slowking|83/100
|
|-heal|p1a: Slowking|89/100|[from] Grassy Terrain
|upkeep
|turn|17
|
|t:|1760771546
|switch|p2a: Heatran|Heatran, F|100/100
|-prepare|p1a: Slowking|Chilly Reception|[premajor]
|move|p1a: Slowking|Chilly Reception|p1a: Slowking
|-weather|Snowscape
|l|☆loopy butt
|player|p1|
|inactive|Battle timer is ON: inactive players will automatically lose when time's up. (requested by Dark Aircon Aircon)
|j|☆loopy butt
|inactive|loopy butt reconnected and has 145 seconds left.
|player|p1|loopy butt|266|
|
|t:|1760771587
|switch|p1a: Great Tusk|Great Tusk|100/100|[from] Chilly Reception
|
|-weather|Snowscape|[upkeep]
|upkeep
|turn|18
|
|t:|1760771600
|switch|p2a: Arboliva|Arboliva, F, tera:Grass|100/100 par
|move|p1a: Great Tusk|Headlong Rush|p2a: Arboliva
|-resisted|p2a: Arboliva
|-damage|p2a: Arboliva|70/100 par
|-unboost|p1a: Great Tusk|def|1
|-unboost|p1a: Great Tusk|spd|1
|
|-weather|Snowscape|[upkeep]
|-heal|p2a: Arboliva|76/100 par|[from] Grassy Terrain
|upkeep
|turn|19
|
|t:|1760771611
|move|p1a: Great Tusk|Ice Spinner|p2a: Arboliva
|-supereffective|p2a: Arboliva
|-damage|p2a: Arboliva|21/100 par
|-fieldend|move: Grassy Terrain
|move|p2a: Arboliva|Giga Drain|p1a: Great Tusk
|-supereffective|p1a: Great Tusk
|-damage|p1a: Great Tusk|0 fnt
|-heal|p2a: Arboliva|73/100 par|[from] drain|[of] p1a: Great Tusk
|faint|p1a: Great Tusk
|-end|p1a: Great Tusk|Protosynthesis|[silent]
|
|-weather|Snowscape|[upkeep]
|upkeep
|-message|loopy butt forfeited.
|
|win|Dark Aircon Aircon
|raw|loopy butt's rating: 1091 &rarr; <strong>1070</strong><br />(-21 for losing)
|raw|Dark Aircon Aircon's rating: 1125 &rarr; <strong>1148</strong><br />(+23 for winning)
|l|☆loopy butt
|player|p1|
|c|☆Dark Aircon Aircon|Ggwp
|l|☆Dark Aircon Aircon
|player|p2|
