|j|☆aaaaaaaaalec
|j|☆Genius au
|t:|1760756557
|gametype|singles
|player|p1|aaaaaaaaalec|101|1043
|player|p2|Genius au|youngster-gen4dp|1000
|gen|9
|tier|[Gen 9] OU
|rated|
|rule|HP Percentage Mod: HP is shown in percentages
|rule|Endless Battle Clause: Forcing endless battles is banned
|rule|Species Clause: Limit one of each Pokémon
|rule|OHKO Clause: OHKO moves are banned
|rule|Evasion Items Clause: Evasion items are banned
|rule|Evasion Moves Clause: Evasion moves are banned
|rule|Evasion Abilities Clause: Evasion abilities are banned
|rule|Sleep Moves Clause: Sleep-inducing moves are banned
|clearpoke
|poke|p1|Gengar, F|
|poke|p1|Mimikyu, M|
|poke|p1|Reuniclus, M|
|poke|p1|Bellibolt, F|
|poke|p1|Wo-Chien|
|poke|p1|Cresselia, F|
|poke|p2|Hitmonlee, M|
|poke|p2|Volcanion|
|poke|p2|Trevenant, M|
|poke|p2|Skeledirge, F|
|poke|p2|Heracross, F|
|poke|p2|Shiftry, F|
|teampreview
|
|t:|1760756573
|teamsize|p1|6
|teamsize|p2|6
|start
|switch|p1a: John Cena|Mimikyu, M, shiny|100/100
|switch|p2a: Shiftry|Shiftry, F|100/100
|turn|1
|
|t:|1760756578
|move|p2a: Shiftry|Tailwind|p2a: Shiftry
|-sidestart|p2: Genius au|move: Tailwind
|-ability|p2a: Shiftry|Wind Rider|boost
|-boost|p2a: Shiftry|atk|1
|move|p1a: John Cena|Swords Dance|p1a: John Cena
|-boost|p1a: John Cena|atk|2
|
|upkeep
|turn|2
|
|t:|1760756588
|move|p2a: Shiftry|Knock Off|p1a: John Cena
|-activate|p1a: John Cena|ability: Disguise
|-damage|p1a: John Cena|100/100
|-enditem|p1a: John Cena|Red Card|[from] move: Knock Off|[of] p2a: Shiftry
|detailschange|p1a: John Cena|Mimikyu-Busted, M, shiny
|-damage|p1a: John Cena|88/100|[from] pokemon: Mimikyu-Busted
|move|p1a: John Cena|Swords Dance|p1a: John Cena
|-boost|p1a: John Cena|atk|2
|
|upkeep
|turn|3
|
|t:|1760756601
|move|p2a: Shiftry|Knock Off|p1a: John Cena
|-damage|p1a: John Cena|24/100
|move|p1a: John Cena|Drain Punch|p2a: Shiftry
|-supereffective|p2a: Shiftry
|-enditem|p2a: Shiftry|Focus Sash
|-damage|p2a: Shiftry|1/100
|-heal|p1a: John Cena|88/100|[from] drain|[of] p2a: Shiftry
|
|upkeep
|turn|4
|
|t:|1760756628
|-terastallize|p1a: John Cena|Normal
|move|p2a: Shiftry|Knock Off|p1a: John Cena
|-damage|p1a: John Cena|16/100
|move|p1a: John Cena|Drain Punch|p2a: Shiftry
|-supereffective|p2a: Shiftry
|-damage|p2a: Shiftry|0 fnt
|-heal|p1a: John Cena|17/100|[from] drain|[of] p2a: Shiftry
|faint|p2a: Shiftry
|
|-sideend|p2: Genius au|move: Tailwind
|upkeep
|
|t:|1760756640
|switch|p2a: Skeledirge|Skeledirge, F|100/100
|turn|5
|
|t:|1760756660
|-terastallize|p2a: Skeledirge|Fire
|move|p1a: John Cena|Shadow Claw|p2a: Skeledirge
|-damage|p2a: Skeledirge|79/100
|move|p2a: Skeledirge|Torch Song|p1a: John Cena
|-damage|p1a: John Cena|0 fnt
|-boost|p2a: Skeledirge|spa|1
|faint|p1a: John Cena
|-heal|p2a: Skeledirge|80/100|[from] item: Shell Bell|[of] p1: John Cena
|
|upkeep
|
|t:|1760756691
|switch|p1a: Racist|Bellibolt, F|100/100
|turn|6
|
|t:|1760756699
|move|p2a: Skeledirge|Will-O-Wisp|p1a: Racist
|-status|p1a: Racist|brn
|move|p1a: Racist|Toxic|p2a: Skeledirge
|-status|p2a: Skeledirge|tox
|
|-damage|p2a: Skeledirge|74/100 tox|[from] psn
|-damage|p1a: Racist|94/100 brn|[from] brn
|upkeep
|turn|7
|
|t:|1760756735
|move|p2a: Skeledirge|Torch Song|p1a: Racist
|-damage|p1a: Racist|38/100 brn
|-boost|p2a: Skeledirge|spa|1
|-start|p1a: Racist|Charge|Torch Song|[from] ability: Electromorphosis
|-heal|p2a: Skeledirge|81/100 tox|[from] item: Shell Bell|[of] p1a: Racist
|move|p1a: Racist|Chilling Water|p2a: Skeledirge
|-supereffective|p2a: Skeledirge
|-damage|p2a: Skeledirge|58/100 tox
|-unboost|p2a: Skeledirge|atk|1
|
|-heal|p1a: Racist|44/100 brn|[from] item: Leftovers
|-damage|p2a: Skeledirge|46/100 tox|[from] psn
|-damage|p1a: Racist|38/100 brn|[from] brn
|upkeep
|turn|8
|
|t:|1760756751
|move|p2a: Skeledirge|Torch Song|p1a: Racist
|-damage|p1a: Racist|0 fnt
|-boost|p2a: Skeledirge|spa|1
|faint|p1a: Racist
|-heal|p2a: Skeledirge|50/100 tox|[from] item: Shell Bell|[of] p1: Racist
|
|-damage|p2a: Skeledirge|32/100 tox|[from] psn
|upkeep
|
|t:|1760756771
|switch|p1a: Justin|Gengar, F|100/100
|turn|9
|
|t:|1760756790
|move|p1a: Justin|Sludge Wave|p2a: Skeledirge
|-damage|p2a: Skeledirge|0 fnt
|faint|p2a: Skeledirge
|
|upkeep
|
|t:|1760756798
|switch|p2a: Heracross|Heracross, F|100/100
|turn|10
|
|t:|1760756810
|move|p1a: Justin|Encore||[still]
|-fail|p1a: Justin
|move|p2a: Heracross|Night Slash|p1a: Justin
|-supereffective|p1a: Justin
|-damage|p1a: Justin|9/100
|-start|p2a: Heracross|Disable|Night Slash|[from] ability: Cursed Body|[of] p1a: Justin
|
|-status|p2a: Heracross|brn|[from] item: Flame Orb
|upkeep
|turn|11
|
|t:|1760756846
|move|p1a: Justin|Sludge Wave|p2a: Heracross
|-damage|p2a: Heracross|31/100 brn
|move|p2a: Heracross|Trailblaze|p1a: Justin
|-resisted|p1a: Justin
|-damage|p1a: Justin|0 fnt
|-boost|p2a: Heracross|spe|1
|faint|p1a: Justin
|
|-damage|p2a: Heracross|25/100 brn|[from] brn
|upkeep
|
|t:|1760756883
|switch|p1a: PlacentaPrevia|Reuniclus, M|100/100
|turn|12
|
|t:|1760756892
|move|p2a: Heracross|Facade|p1a: PlacentaPrevia
|-damage|p1a: PlacentaPrevia|32/100
|move|p1a: PlacentaPrevia|Psychic Noise|p2a: Heracross
|-supereffective|p2a: Heracross
|-damage|p2a: Heracross|0 fnt
|faint|p2a: Heracross
|
|-heal|p1a: PlacentaPrevia|38/100|[from] item: Leftovers
|upkeep
|
|t:|1760756896
|switch|p2a: Volcanion|Volcanion|100/100
|turn|13
|
|t:|1760756933
|move|p2a: Volcanion|Flamethrower|p1a: PlacentaPrevia
|-damage|p1a: PlacentaPrevia|0 fnt
|faint|p1a: PlacentaPrevia
|
|upkeep
|
|t:|1760756938
|switch|p1a: XXXTentacion|Cresselia, F|100/100
|turn|14
|
|t:|1760756958
|switch|p2a: Trevenant|Trevenant, M|100/100
|move|p1a: XXXTentacion|Trick Room|p1a: XXXTentacion
|-fieldstart|move: Trick Room|[of] p1a: XXXTentacion
|
|upkeep
|turn|15
|
|t:|1760756972
|move|p2a: Trevenant|Curse|p1a: XXXTentacion
|-start|p1a: XXXTentacion|Curse|[of] p2a: Trevenant
|-damage|p2a: Trevenant|50/100
|-enditem|p2a: Trevenant|Sitrus Berry|[eat]
|-heal|p2a: Trevenant|75/100|[from] item: Sitrus Berry
|move|p1a: XXXTentacion|Ice Beam|p2a: Trevenant
|-supereffective|p2a: Trevenant
|-damage|p2a: Trevenant|52/100
|-status|p2a: Trevenant|frz
|
|-damage|p1a: XXXTentacion|75/100|[from] Curse
|-item|p2a: Trevenant|Sitrus Berry|[from] ability: Harvest
|upkeep
|turn|16
|
|t:|1760757000
|cant|p2a: Trevenant|frz
|move|p1a: XXXTentacion|Ice Beam|p2a: Trevenant
|-supereffective|p2a: Trevenant
|-damage|p2a: Trevenant|29/100 frz
|-enditem|p2a: Trevenant|Sitrus Berry|[eat]
|-heal|p2a: Trevenant|54/100 frz|[from] item: Sitrus Berry
|
|-heal|p1a: XXXTentacion|82/100|[from] item: Leftovers
|-damage|p1a: XXXTentacion|57/100|[from] Curse
|-item|p2a: Trevenant|Sitrus Berry|[from] ability: Harvest
|upkeep
|turn|17
|
|t:|1760757025
|cant|p2a: Trevenant|frz
|move|p1a: XXXTentacion|Ice Beam|p2a: Trevenant
|-supereffective|p2a: Trevenant
|-damage|p2a: Trevenant|30/100 frz
|-enditem|p2a: Trevenant|Sitrus Berry|[eat]
|-heal|p2a: Trevenant|55/100 frz|[from] item: Sitrus Berry
|
|-heal|p1a: XXXTentacion|63/100|[from] item: Leftovers
|-damage|p1a: XXXTentacion|38/100|[from] Curse
|upkeep
|turn|18
|
|t:|1760757043
|cant|p2a: Trevenant|frz
|move|p1a: XXXTentacion|Moonlight|p1a: XXXTentacion
|-heal|p1a: XXXTentacion|88/100
|
|-heal|p1a: XXXTentacion|94/100|[from] item: Leftovers
|-damage|p1a: XXXTentacion|69/100|[from] Curse
|-fieldend|move: Trick Room
|-item|p2a: Trevenant|Sitrus Berry|[from] ability: Harvest
|upkeep
|turn|19
|
|t:|1760757171
|cant|p2a: Trevenant|frz
|move|p1a: XXXTentacion|Trick Room|p1a: XXXTentacion
|-fieldstart|move: Trick Room|[of] p1a: XXXTentacion
|
|-heal|p1a: XXXTentacion|75/100|[from] item: Leftovers
|-damage|p1a: XXXTentacion|50/100|[from] Curse
|upkeep
|turn|20
|
|t:|1760757187
|cant|p2a: Trevenant|frz
|move|p1a: XXXTentacion|Moonlight|p1a: XXXTentacion
|-heal|p1a: XXXTentacion|99/100
|
|-heal|p1a: XXXTentacion|100/100|[from] item: Leftovers
|-damage|p1a: XXXTentacion|75/100|[from] Curse
|upkeep
|turn|21
|
|t:|1760757200
|cant|p2a: Trevenant|frz
|move|p1a: XXXTentacion|Ice Beam|p2a: Trevenant
|-supereffective|p2a: Trevenant
|-damage|p2a: Trevenant|31/100 frz
|-enditem|p2a: Trevenant|Sitrus Berry|[eat]
|-heal|p2a: Trevenant|56/100 frz|[from] item: Sitrus Berry
|
|-heal|p1a: XXXTentacion|82/100|[from] item: Leftovers
|-damage|p1a: XXXTentacion|57/100|[from] Curse
|-item|p2a: Trevenant|Sitrus Berry|[from] ability: Harvest
|upkeep
|turn|22
|
|t:|1760757218
|switch|p1a: Garden $nail|Wo-Chien|100/100
|-ability|p1a: Garden $nail|Tablets of Ruin
|cant|p2a: Trevenant|frz
|
|upkeep
|turn|23
|l|☆Genius au
|player|p2|
|j|☆Genius au
|player|p2|Genius au|youngster-gen4dp|
|
|t:|1760757293
|cant|p2a: Trevenant|frz
|move|p1a: Garden $nail|Dark Pulse|p2a: Trevenant
|-supereffective|p2a: Trevenant
|-damage|p2a: Trevenant|20/100 frz
|-enditem|p2a: Trevenant|Sitrus Berry|[eat]
|-heal|p2a: Trevenant|45/100 frz|[from] item: Sitrus Berry
|
|-fieldend|move: Trick Room
|-item|p2a: Trevenant|Sitrus Berry|[from] ability: Harvest
|upkeep
|-enditem|p2a: Trevenant|Sitrus Berry|[eat]
|-heal|p2a: Trevenant|70/100 frz|[from] item: Sitrus Berry
|turn|24
|
|t:|1760757315
|move|p1a: Garden $nail|Dark Pulse|p2a: Trevenant
|-supereffective|p2a: Trevenant
|-damage|p2a: Trevenant|32/100 frz
|-curestatus|p2a: Trevenant|frz|[msg]
|cant|p2a: Trevenant|flinch
|
|-item|p2a: Trevenant|Sitrus Berry|[from] ability: Harvest
|upkeep
|-enditem|p2a: Trevenant|Sitrus Berry|[eat]
|-heal|p2a: Trevenant|57/100|[from] item: Sitrus Berry
|turn|25
|c|☆Genius au|Wth
|
|t:|1760757338
|move|p1a: Garden $nail|Dark Pulse|p2a: Trevenant
|-supereffective|p2a: Trevenant
|-damage|p2a: Trevenant|14/100
|cant|p2a: Trevenant|flinch
|
|-item|p2a: Trevenant|Sitrus Berry|[from] ability: Harvest
|upkeep
|-enditem|p2a: Trevenant|Sitrus Berry|[eat]
|-heal|p2a: Trevenant|39/100|[from] item: Sitrus Berry
|turn|26
|c|☆aaaaaaaaalec|how does harvest work
|
|t:|1760757348
|move|p2a: Trevenant|Protect|p2a: Trevenant
|-singleturn|p2a: Trevenant|Protect
|move|p1a: Garden $nail|Dark Pulse|p2a: Trevenant
|-activate|p2a: Trevenant|move: Protect
|
|-item|p2a: Trevenant|Sitrus Berry|[from] ability: Harvest
|upkeep
|-enditem|p2a: Trevenant|Sitrus Berry|[eat]
|-heal|p2a: Trevenant|64/100|[from] item: Sitrus Berry
|turn|27
|c|☆aaaaaaaaalec|i want your trevenant to have a heart attack so it cant eat berries anymore with its diabetiC ass
|
|t:|1760757379
|move|p1a: Garden $nail|Dark Pulse|p2a: Trevenant
|-supereffective|p2a: Trevenant
|-damage|p2a: Trevenant|28/100
|move|p2a: Trevenant|Substitute|p2a: Trevenant
|-start|p2a: Trevenant|Substitute
|-damage|p2a: Trevenant|3/100
|
|-item|p2a: Trevenant|Sitrus Berry|[from] ability: Harvest
|upkeep
|-enditem|p2a: Trevenant|Sitrus Berry|[eat]
|-heal|p2a: Trevenant|28/100|[from] item: Sitrus Berry
|turn|28
|
|t:|1760757394
|move|p2a: Trevenant|Protect|p2a: Trevenant
|-singleturn|p2a: Trevenant|Protect
|move|p1a: Garden $nail|Dark Pulse|p2a: Trevenant
|-activate|p2a: Trevenant|move: Protect
|
|-item|p2a: Trevenant|Sitrus Berry|[from] ability: Harvest
|upkeep
|-enditem|p2a: Trevenant|Sitrus Berry|[eat]
|-heal|p2a: Trevenant|53/100|[from] item: Sitrus Berry
|turn|29
|
|t:|1760757419
|move|p1a: Garden $nail|Dark Pulse|p2a: Trevenant
|-supereffective|p2a: Trevenant
|-end|p2a: Trevenant|Substitute
|move|p2a: Trevenant|Curse|p1a: Garden $nail
|-start|p1a: Garden $nail|Curse|[of] p2a: Trevenant
|-damage|p2a: Trevenant|3/100
|
|-damage|p1a: Garden $nail|76/100|[from] Curse
|upkeep
|turn|30
|
|t:|1760757438
|move|p2a: Trevenant|Protect|p2a: Trevenant
|-singleturn|p2a: Trevenant|Protect
|move|p1a: Garden $nail|Dark Pulse|p2a: Trevenant
|-activate|p2a: Trevenant|move: Protect
|
|-heal|p1a: Garden $nail|82/100|[from] item: Leftovers
|-damage|p1a: Garden $nail|57/100|[from] Curse
|upkeep
|turn|31
|c|☆aaaaaaaaalec|i want your trevenant dead in a ditch
|
|t:|1760757453
|move|p2a: Trevenant|Protect||[still]
|-fail|p2a: Trevenant
|move|p1a: Garden $nail|Dark Pulse|p2a: Trevenant
|-supereffective|p2a: Trevenant
|-damage|p2a: Trevenant|0 fnt
|faint|p2a: Trevenant
|
|-heal|p1a: Garden $nail|63/100|[from] item: Leftovers
|-damage|p1a: Garden $nail|38/100|[from] Curse
|upkeep
|
|t:|1760757458
|switch|p2a: Volcanion|Volcanion|100/100
|turn|32
|
|t:|1760757470
|switch|p1a: XXXTentacion|Cresselia, F|57/100
|move|p2a: Volcanion|Flamethrower|p1a: XXXTentacion
|-damage|p1a: XXXTentacion|6/100
|
|-heal|p1a: XXXTentacion|12/100|[from] item: Leftovers
|upkeep
|turn|33
|
|t:|1760757484
|move|p1a: XXXTentacion|Lunar Dance|p1a: XXXTentacion
|faint|p1a: XXXTentacion
|move|p2a: Volcanion|Flamethrower|p1: XXXTentacion|[notarget]
|-fail|p2a: Volcanion
|
|upkeep
|
|t:|1760757488
|switch|p1a: Garden $nail|Wo-Chien|38/100
|-heal|p1a: Garden $nail|100/100|[from] move: Lunar Dance
|-ability|p1a: Garden $nail|Tablets of Ruin
|turn|34
|
|t:|1760757503
|move|p2a: Volcanion|Flamethrower|p1a: Garden $nail
|-supereffective|p1a: Garden $nail
|-damage|p1a: Garden $nail|0 fnt
|faint|p1a: Garden $nail
|
|win|Genius au
|raw|aaaaaaaaalec's rating: 1043 &rarr; <strong>1025</strong><br />(-18 for losing)
|raw|Genius au's rating: 1000 &rarr; <strong>1045</strong><br />(+45 for winning)
|c|☆Genius au|Lol
|l|☆Genius au
|player|p2|
|j|☆Genius au
|player|p2|Genius au|youngster-gen4dp|
