|j|☆Garebare1213
|j|☆GorLeon
|t:|1760722022
|gametype|singles
|player|p1|Garebare1213|265|1494
|player|p2|GorLeon|dragontamer|1479
|gen|9
|tier|[Gen 9] OU
|rated|
|rule|HP Percentage Mod: HP is shown in percentages
|rule|Endless Battle Clause: Forcing endless battles is banned
|rule|Species Clause: Limit one of each Pokémon
|rule|OHKO Clause: OHKO moves are banned
|rule|Evasion Items Clause: Evasion items are banned
|rule|Evasion Moves Clause: Evasion moves are banned
|rule|Evasion Abilities Clause: Evasion abilities are banned
|rule|Sleep Moves Clause: Sleep-inducing moves are banned
|clearpoke
|poke|p1|Iron Boulder|
|poke|p1|Clefable, F|
|poke|p1|Ting-Lu|
|poke|p1|Corviknight, M|
|poke|p1|Keldeo-Resolute|
|poke|p1|Goodra-Hisui, F|
|poke|p2|Dragapult, F|
|poke|p2|Dragonite, F|
|poke|p2|Ting-Lu|
|poke|p2|Weezing-Galar, F|
|poke|p2|Iron Crown|
|poke|p2|Zapdos|
|teampreview
|inactive|Battle timer is ON: inactive players will automatically lose when time's up. (requested by GorLeon)
|c|☆GorLeon|gl hf
|inactive|Garebare1213 has 120 seconds left.
|
|t:|1760722081
|teamsize|p1|6
|teamsize|p2|6
|start
|switch|p1a: Corviknight|Corviknight, M|100/100
|switch|p2a: Dragapult|Dragapult, F|100/100
|-ability|p1a: Corviknight|Pressure
|turn|1
|
|t:|1760722090
|switch|p1a: Ting-Lu|Ting-Lu|100/100
|-ability|p1a: Ting-Lu|Vessel of Ruin
|move|p2a: Dragapult|Will-O-Wisp|p1a: Ting-Lu
|-status|p1a: Ting-Lu|brn
|
|-damage|p1a: Ting-Lu|94/100 brn|[from] brn
|upkeep
|turn|2
|
|t:|1760722100
|move|p2a: Dragapult|U-turn|p1a: Ting-Lu
|-supereffective|p1a: Ting-Lu
|-crit|p1a: Ting-Lu
|-damage|p1a: Ting-Lu|62/100 brn
|
|t:|1760722112
|switch|p2a: Ting-Lu|Ting-Lu|100/100|[from] U-turn
|-ability|p2a: Ting-Lu|Vessel of Ruin
|move|p1a: Ting-Lu|Stealth Rock|p2a: Ting-Lu
|-sidestart|p2: GorLeon|move: Stealth Rock
|
|-heal|p1a: Ting-Lu|68/100 brn|[from] item: Leftovers
|-damage|p1a: Ting-Lu|62/100 brn|[from] brn
|upkeep
|turn|3
|
|t:|1760722124
|switch|p1a: Keldeo|Keldeo-Resolute|100/100
|move|p2a: Ting-Lu|Stealth Rock|p1a: Keldeo
|-sidestart|p1: Garebare1213|move: Stealth Rock
|
|upkeep
|turn|4
|
|t:|1760722130
|switch|p2a: Weezing|Weezing-Galar, F|100/100
|-ability|p2a: Weezing|Neutralizing Gas
|move|p1a: Keldeo|Surf|p2a: Weezing
|-damage|p2a: Weezing|10/100
|
|upkeep
|turn|5
|
|t:|1760722143
|move|p1a: Keldeo|Surf|p2a: Weezing
|-damage|p2a: Weezing|0 fnt
|faint|p2a: Weezing
|-end|p2a: Weezing|ability: Neutralizing Gas
|
|upkeep
|
|t:|1760722147
|switch|p2a: Zapdos|Zapdos|100/100
|turn|6
|
|t:|1760722170
|switch|p1a: Ting-Lu|Ting-Lu|62/100 brn
|-damage|p1a: Ting-Lu|55/100 brn|[from] Stealth Rock
|-ability|p1a: Ting-Lu|Vessel of Ruin
|move|p2a: Zapdos|Hurricane|p1a: Ting-Lu
|-damage|p1a: Ting-Lu|32/100 brn
|-start|p1a: Ting-Lu|confusion
|
|-heal|p1a: Ting-Lu|38/100 brn|[from] item: Leftovers
|-damage|p1a: Ting-Lu|32/100 brn|[from] brn
|upkeep
|turn|7
|inactive|Garebare1213 has 120 seconds left.
|
|t:|1760722199
|move|p2a: Zapdos|Hurricane|p1a: Ting-Lu
|-damage|p1a: Ting-Lu|8/100 brn
|-activate|p1a: Ting-Lu|confusion
|-damage|p1a: Ting-Lu|3/100 brn|[from] confusion
|
|-heal|p1a: Ting-Lu|9/100 brn|[from] item: Leftovers
|-damage|p1a: Ting-Lu|3/100 brn|[from] brn
|upkeep
|turn|8
|inactive|Garebare1213 has 120 seconds left.
|
|t:|1760722208
|move|p2a: Zapdos|Heat Wave|p1a: Ting-Lu
|-damage|p1a: Ting-Lu|0 fnt
|faint|p1a: Ting-Lu
|
|upkeep
|inactive|Garebare1213 has 120 seconds left.
|
|t:|1760722228
|switch|p1a: Goodra|Goodra-Hisui, F|100/100
|-damage|p1a: Goodra|94/100|[from] Stealth Rock
|turn|9
|
|t:|1760722235
|move|p2a: Zapdos|Heat Wave|p1a: Goodra
|-damage|p1a: Goodra|80/100
|move|p1a: Goodra|Knock Off|p2a: Zapdos
|-damage|p2a: Zapdos|73/100
|-enditem|p2a: Zapdos|Heavy-Duty Boots|[from] move: Knock Off|[of] p1a: Goodra
|
|upkeep
|turn|10
|inactive|Garebare1213 has 120 seconds left.
|
|t:|1760722242
|move|p2a: Zapdos|Heat Wave|p1a: Goodra
|-damage|p1a: Goodra|65/100
|move|p1a: Goodra|Draco Meteor|p2a: Zapdos
|-damage|p2a: Zapdos|15/100
|-unboost|p1a: Goodra|spa|2
|
|upkeep
|turn|11
|
|t:|1760722250
|switch|p1a: Clefable|Clefable, F|100/100
|move|p2a: Zapdos|Roost|p2a: Zapdos
|-heal|p2a: Zapdos|65/100
|-singleturn|p2a: Zapdos|move: Roost
|
|upkeep
|turn|12
|
|t:|1760722262
|switch|p2a: Iron Crown|Iron Crown|100/100
|-damage|p2a: Iron Crown|94/100|[from] Stealth Rock
|move|p1a: Clefable|Calm Mind|p1a: Clefable
|-boost|p1a: Clefable|spa|1
|-boost|p1a: Clefable|spd|1
|
|upkeep
|turn|13
|
|t:|1760722273
|-terastallize|p1a: Clefable|Steel
|move|p2a: Iron Crown|Tachyon Cutter|p1a: Clefable
|-resisted|p1a: Clefable
|-damage|p1a: Clefable|89/100
|-resisted|p1a: Clefable
|-damage|p1a: Clefable|77/100
|-hitcount|p1a: Clefable|2
|move|p1a: Clefable|Calm Mind|p1a: Clefable
|-boost|p1a: Clefable|spa|1
|-boost|p1a: Clefable|spd|1
|
|-heal|p1a: Clefable|83/100|[from] item: Leftovers
|upkeep
|turn|14
|
|t:|1760722286
|-end|p2a: Iron Crown|Quark Drive|[silent]
|switch|p2a: Ting-Lu|Ting-Lu|100/100
|-damage|p2a: Ting-Lu|94/100|[from] Stealth Rock
|-ability|p2a: Ting-Lu|Vessel of Ruin
|move|p1a: Clefable|Calm Mind|p1a: Clefable
|-boost|p1a: Clefable|spa|1
|-boost|p1a: Clefable|spd|1
|
|-heal|p1a: Clefable|89/100|[from] item: Leftovers
|-heal|p2a: Ting-Lu|100/100|[from] item: Leftovers
|upkeep
|turn|15
|
|t:|1760722299
|-terastallize|p2a: Ting-Lu|Water
|move|p1a: Clefable|Moonblast|p2a: Ting-Lu
|-damage|p2a: Ting-Lu|65/100
|-unboost|p2a: Ting-Lu|spa|1
|move|p2a: Ting-Lu|Whirlwind|p1a: Clefable
|drag|p1a: Goodra|Goodra-Hisui, F|65/100
|-damage|p1a: Goodra|59/100|[from] Stealth Rock
|
|-heal|p2a: Ting-Lu|71/100|[from] item: Leftovers
|upkeep
|turn|16
|
|t:|1760722311
|move|p1a: Goodra|Knock Off|p2a: Ting-Lu
|-damage|p2a: Ting-Lu|56/100
|-enditem|p2a: Ting-Lu|Leftovers|[from] move: Knock Off|[of] p1a: Goodra
|move|p2a: Ting-Lu|Earthquake|p1a: Goodra
|-supereffective|p1a: Goodra
|-damage|p1a: Goodra|9/100
|
|upkeep
|turn|17
|
|t:|1760722321
|move|p1a: Goodra|Draco Meteor|p2a: Ting-Lu
|-damage|p2a: Ting-Lu|37/100
|-unboost|p1a: Goodra|spa|2
|move|p2a: Ting-Lu|Whirlwind|p1a: Goodra
|drag|p1a: Corviknight|Corviknight, M|100/100
|-damage|p1a: Corviknight|88/100|[from] Stealth Rock
|-ability|p1a: Corviknight|Pressure
|
|upkeep
|turn|18
|
|t:|1760722334
|switch|p2a: Zapdos|Zapdos|65/100
|-damage|p2a: Zapdos|40/100|[from] Stealth Rock
|move|p1a: Corviknight|Brave Bird|p2a: Zapdos
|-resisted|p2a: Zapdos
|-damage|p2a: Zapdos|17/100
|-damage|p1a: Corviknight|82/100|[from] Recoil
|
|upkeep
|turn|19
|inactive|Garebare1213 has 120 seconds left.
|
|t:|1760722370
|switch|p1a: Keldeo|Keldeo-Resolute|100/100
|-damage|p1a: Keldeo|94/100|[from] Stealth Rock
|move|p2a: Zapdos|Roost|p2a: Zapdos
|-heal|p2a: Zapdos|67/100
|-singleturn|p2a: Zapdos|move: Roost
|
|upkeep
|turn|20
|inactive|Garebare1213 has 120 seconds left.
|
|t:|1760722384
|move|p1a: Keldeo|Surf|p2a: Zapdos
|-damage|p2a: Zapdos|0 fnt
|faint|p2a: Zapdos
|
|upkeep
|
|t:|1760722388
|switch|p2a: Dragapult|Dragapult, F|100/100
|turn|21
|inactive|Garebare1213 has 120 seconds left.
|
|t:|1760722417
|switch|p1a: Goodra|Goodra-Hisui, F|9/100
|-damage|p1a: Goodra|3/100|[from] Stealth Rock
|move|p2a: Dragapult|Will-O-Wisp|p1a: Goodra|[miss]
|-miss|p2a: Dragapult|p1a: Goodra
|
|upkeep
|turn|22
|
|t:|1760722426
|move|p2a: Dragapult|Hex|p1a: Goodra
|-damage|p1a: Goodra|0 fnt
|faint|p1a: Goodra
|
|upkeep
|
|t:|1760722434
|switch|p1a: Clefable|Clefable, F, tera:Steel|89/100
|turn|23
|
|t:|1760722438
|switch|p2a: Iron Crown|Iron Crown|94/100
|-damage|p2a: Iron Crown|88/100|[from] Stealth Rock
|move|p1a: Clefable|Calm Mind|p1a: Clefable
|-boost|p1a: Clefable|spa|1
|-boost|p1a: Clefable|spd|1
|
|-heal|p1a: Clefable|95/100|[from] item: Leftovers
|upkeep
|turn|24
|
|t:|1760722443
|move|p2a: Iron Crown|Focus Blast|p1a: Clefable
|-supereffective|p1a: Clefable
|-damage|p1a: Clefable|18/100
|move|p1a: Clefable|Calm Mind|p1a: Clefable
|-boost|p1a: Clefable|spa|1
|-boost|p1a: Clefable|spd|1
|
|-heal|p1a: Clefable|24/100|[from] item: Leftovers
|upkeep
|turn|25
|
|t:|1760722458
|move|p2a: Iron Crown|Focus Blast|p1a: Clefable|[miss]
|-miss|p2a: Iron Crown|p1a: Clefable
|move|p1a: Clefable|Moonlight|p1a: Clefable
|-heal|p1a: Clefable|74/100
|
|-heal|p1a: Clefable|80/100|[from] item: Leftovers
|upkeep
|turn|26
|inactive|Garebare1213 has 120 seconds left.
|
|t:|1760722479
|move|p2a: Iron Crown|Focus Blast|p1a: Clefable
|-supereffective|p1a: Clefable
|-damage|p1a: Clefable|27/100
|move|p1a: Clefable|Flamethrower|p2a: Iron Crown
|-supereffective|p2a: Iron Crown
|-damage|p2a: Iron Crown|10/100
|
|-heal|p1a: Clefable|33/100|[from] item: Leftovers
|upkeep
|turn|27
|inactive|Garebare1213 has 120 seconds left.
|
|t:|1760722497
|move|p2a: Iron Crown|Focus Blast|p1a: Clefable
|-supereffective|p1a: Clefable
|-damage|p1a: Clefable|0 fnt
|faint|p1a: Clefable
|
|upkeep
|inactive|Garebare1213 has 90 seconds left.
|inactive|Garebare1213 has 60 seconds left.
|inactive|Garebare1213 has 30 seconds left.
|inactive|Garebare1213 has 20 seconds left.
|inactive|Garebare1213 has 15 seconds left.
|inactive|Garebare1213 has 10 seconds left.
|
|t:|1760722608
|switch|p1a: Iron Boulder|Iron Boulder|100/100
|-damage|p1a: Iron Boulder|88/100|[from] Stealth Rock
|-enditem|p1a: Iron Boulder|Booster Energy
|-activate|p1a: Iron Boulder|ability: Quark Drive|[fromitem]
|-start|p1a: Iron Boulder|quarkdrivespe
|turn|28
|inactive|Garebare1213 has 20 seconds left this turn.
|inactive|Garebare1213 has 15 seconds left.
|inactive|Garebare1213 has 10 seconds left.
|inactive|Garebare1213 has 5 seconds left.
|
|t:|1760722625
|move|p1a: Iron Boulder|Mighty Cleave|p2a: Iron Crown
|-resisted|p2a: Iron Crown
|-damage|p2a: Iron Crown|0 fnt
|faint|p2a: Iron Crown
|-end|p2a: Iron Crown|Quark Drive|[silent]
|
|upkeep
|
|t:|1760722635
|switch|p2a: Dragapult|Dragapult, F|100/100
|turn|29
|inactive|Garebare1213 has 20 seconds left this turn.
|inactive|Garebare1213 has 15 seconds left.
|
|t:|1760722650
|-end|p1a: Iron Boulder|Quark Drive|[silent]
|switch|p1a: Keldeo|Keldeo-Resolute|94/100
|-damage|p1a: Keldeo|88/100|[from] Stealth Rock
|move|p2a: Dragapult|Hex|p1a: Keldeo
|-damage|p1a: Keldeo|56/100
|
|upkeep
|turn|30
|inactive|Garebare1213 has 25 seconds left this turn.
|inactive|Garebare1213 has 20 seconds left.
|inactive|Garebare1213 has 15 seconds left.
|
|t:|1760722661
|move|p2a: Dragapult|Dragon Darts|p1a: Keldeo
|-damage|p1a: Keldeo|34/100
|-anim|p2a: Dragapult|Dragon Darts|p1a: Keldeo
|-damage|p1a: Keldeo|8/100
|move|p1a: Keldeo|Surf|p2a: Dragapult
|-resisted|p2a: Dragapult
|-damage|p2a: Dragapult|45/100
|
|upkeep
|turn|31
|inactive|Garebare1213 has 25 seconds left this turn.
|inactive|Garebare1213 has 20 seconds left.
|inactive|Garebare1213 has 15 seconds left.
|
|t:|1760722671
|move|p2a: Dragapult|Dragon Darts|p1a: Keldeo
|-damage|p1a: Keldeo|0 fnt
|faint|p1a: Keldeo
|
|upkeep
|inactive|Garebare1213 has 20 seconds left this turn.
|
|t:|1760722675
|switch|p1a: Corviknight|Corviknight, M|82/100
|-damage|p1a: Corviknight|69/100|[from] Stealth Rock
|-ability|p1a: Corviknight|Pressure
|turn|32
|inactive|Garebare1213 has 30 seconds left this turn.
|
|t:|1760722684
|move|p2a: Dragapult|Will-O-Wisp|p1a: Corviknight|[miss]
|-miss|p2a: Dragapult|p1a: Corviknight
|move|p1a: Corviknight|Brave Bird|p2a: Dragapult
|-damage|p2a: Dragapult|0 fnt
|faint|p2a: Dragapult
|-damage|p1a: Corviknight|58/100|[from] Recoil
|
|upkeep
|
|t:|1760722707
|switch|p2a: Dragonite|Dragonite, F|100/100
|turn|33
|
|t:|1760722716
|move|p2a: Dragonite|Dragon Dance|p2a: Dragonite
|-boost|p2a: Dragonite|atk|1
|-boost|p2a: Dragonite|spe|1
|move|p1a: Corviknight|U-turn|p2a: Dragonite
|-resisted|p2a: Dragonite
|-damage|p2a: Dragonite|97/100
|
|t:|1760722718
|switch|p1a: Iron Boulder|Iron Boulder|88/100|[from] U-turn
|-damage|p1a: Iron Boulder|76/100|[from] Stealth Rock
|
|upkeep
|turn|34
|
|t:|1760722727
|move|p1a: Iron Boulder|Mighty Cleave|p2a: Dragonite
|-supereffective|p2a: Dragonite
|-damage|p2a: Dragonite|0 fnt
|faint|p2a: Dragonite
|
|upkeep
|c|☆GorLeon|gg
|-message|GorLeon forfeited.
|
|win|Garebare1213
|raw|Garebare1213's rating: 1494 &rarr; <strong>1513</strong><br />(+19 for winning)
|raw|GorLeon's rating: 1479 &rarr; <strong>1460</strong><br />(-19 for losing)
|l|☆GorLeon
|player|p2|
|l|☆Garebare1213
|player|p1|
