|j|☆xudoman
|j|☆DarKyrios
|t:|1760760329
|gametype|singles
|player|p1|xudoman|harlequin|1072
|player|p2|DarKyrios|giovanni|1067
|gen|9
|tier|[Gen 9] OU
|rated|
|rule|HP Percentage Mod: HP is shown in percentages
|rule|Endless Battle Clause: Forcing endless battles is banned
|rule|Species Clause: Limit one of each Pokémon
|rule|OHKO Clause: OHKO moves are banned
|rule|Evasion Items Clause: Evasion items are banned
|rule|Evasion Moves Clause: Evasion moves are banned
|rule|Evasion Abilities Clause: Evasion abilities are banned
|rule|Sleep Moves Clause: Sleep-inducing moves are banned
|clearpoke
|poke|p1|Gholdengo|
|poke|p1|Galvantula, M|
|poke|p1|Tatsugiri-Stretchy, F|
|poke|p1|Hippowdon, M|
|poke|p1|Moltres|
|poke|p1|Iron Hands|
|poke|p2|Ninetales, M|
|poke|p2|Great Tusk|
|poke|p2|Excadrill, F|
|poke|p2|Alomomola, F|
|poke|p2|Rotom-Heat|
|poke|p2|Ogerpon-Wellspring, F|
|teampreview
|
|t:|1760760337
|teamsize|p1|6
|teamsize|p2|6
|start
|switch|p1a: Galvantula|Galvantula, M|100/100
|switch|p2a: Great Tusk|Great Tusk|100/100
|turn|1
|
|t:|1760760345
|move|p1a: Galvantula|Energy Ball|p2a: Great Tusk
|-supereffective|p2a: Great Tusk
|-damage|p2a: Great Tusk|19/100
|move|p2a: Great Tusk|Earthquake|p1a: Galvantula
|-damage|p1a: Galvantula|2/100
|
|upkeep
|turn|2
|
|t:|1760760355
|-end|p2a: Great Tusk|Protosynthesis|[silent]
|switch|p2a: Ogerpon|Ogerpon-Wellspring, F|100/100
|move|p1a: Galvantula|Energy Ball|p2a: Ogerpon
|-damage|p2a: Ogerpon|81/100
|
|upkeep
|turn|3
|
|t:|1760760363
|move|p2a: Ogerpon|Spiky Shield|p2a: Ogerpon
|-singleturn|p2a: Ogerpon|move: Protect
|move|p1a: Galvantula|Sticky Web|p2a: Ogerpon
|-sidestart|p2: DarKyrios|move: Sticky Web
|
|upkeep
|turn|4
|
|t:|1760760370
|move|p1a: Galvantula|Bug Buzz|p2a: Ogerpon
|-supereffective|p2a: Ogerpon
|-damage|p2a: Ogerpon|30/100
|move|p2a: Ogerpon|Ivy Cudgel|p1a: Galvantula|[anim] Ivy Cudgel Water
|-damage|p1a: Galvantula|0 fnt
|faint|p1a: Galvantula
|
|upkeep
|
|t:|1760760392
|switch|p1a: Tatsugiri|Tatsugiri-Stretchy, F|100/100
|turn|5
|
|t:|1760760403
|move|p1a: Tatsugiri|Rapid Spin|p2a: Ogerpon
|-damage|p2a: Ogerpon|23/100
|-boost|p1a: Tatsugiri|spe|1
|move|p2a: Ogerpon|Synthesis|p2a: Ogerpon
|-heal|p2a: Ogerpon|73/100
|
|upkeep
|turn|6
|
|t:|1760760410
|move|p1a: Tatsugiri|Nasty Plot|p1a: Tatsugiri
|-boost|p1a: Tatsugiri|spa|2
|move|p2a: Ogerpon|Leech Seed|p1a: Tatsugiri
|-start|p1a: Tatsugiri|move: Leech Seed
|
|-damage|p1a: Tatsugiri|88/100|[from] Leech Seed|[of] p2a: Ogerpon
|-heal|p2a: Ogerpon|82/100|[silent]
|upkeep
|turn|7
|
|t:|1760760424
|move|p2a: Ogerpon|Spiky Shield|p2a: Ogerpon
|-singleturn|p2a: Ogerpon|move: Protect
|move|p1a: Tatsugiri|Draco Meteor|p2a: Ogerpon
|-activate|p2a: Ogerpon|move: Protect
|
|-damage|p1a: Tatsugiri|76/100|[from] Leech Seed|[of] p2a: Ogerpon
|-heal|p2a: Ogerpon|92/100|[silent]
|upkeep
|turn|8
|
|t:|1760760445
|switch|p2a: Rotom|Rotom-Heat|100/100
|move|p1a: Tatsugiri|Draco Meteor|p2a: Rotom
|-crit|p2a: Rotom
|-damage|p2a: Rotom|0 fnt
|-unboost|p1a: Tatsugiri|spa|2
|faint|p2a: Rotom
|
|upkeep
|
|t:|1760760458
|switch|p2a: Ninetales|Ninetales, M|100/100
|-activate|p2a: Ninetales|move: Sticky Web
|-unboost|p2a: Ninetales|spe|1
|-weather|SunnyDay|[from] ability: Drought|[of] p2a: Ninetales
|turn|9
|
|t:|1760760468
|move|p1a: Tatsugiri|Draco Meteor|p2a: Ninetales
|-damage|p2a: Ninetales|28/100
|-unboost|p1a: Tatsugiri|spa|2
|move|p2a: Ninetales|Solar Beam||[still]
|-prepare|p2a: Ninetales|Solar Beam
|-anim|p2a: Ninetales|Solar Beam|p1a: Tatsugiri
|-damage|p1a: Tatsugiri|40/100
|
|-weather|SunnyDay|[upkeep]
|-damage|p1a: Tatsugiri|28/100|[from] Leech Seed|[of] p2a: Ninetales
|-heal|p2a: Ninetales|40/100|[silent]
|upkeep
|turn|10
|
|t:|1760760485
|switch|p2a: Alomomola|Alomomola, F|100/100
|-activate|p2a: Alomomola|move: Sticky Web
|-unboost|p2a: Alomomola|spe|1
|move|p1a: Tatsugiri|Surf|p2a: Alomomola
|-resisted|p2a: Alomomola
|-damage|p2a: Alomomola|95/100
|
|-weather|SunnyDay|[upkeep]
|-heal|p2a: Alomomola|100/100|[from] item: Leftovers
|-damage|p1a: Tatsugiri|16/100|[from] Leech Seed|[of] p2a: Alomomola
|upkeep
|turn|11
|
|t:|1760760501
|switch|p1a: Iron Hands|Iron Hands|100/100
|-enditem|p1a: Iron Hands|Booster Energy
|-activate|p1a: Iron Hands|ability: Quark Drive|[fromitem]
|-start|p1a: Iron Hands|quarkdriveatk
|move|p2a: Alomomola|Whirlpool|p1a: Iron Hands
|-damage|p1a: Iron Hands|98/100
|-activate|p1a: Iron Hands|move: Whirlpool|[of] p2a: Alomomola
|
|-weather|SunnyDay|[upkeep]
|-damage|p1a: Iron Hands|86/100|[from] move: Whirlpool|[partiallytrapped]
|upkeep
|turn|12
|
|t:|1760760513
|move|p2a: Alomomola|Protect|p2a: Alomomola
|-singleturn|p2a: Alomomola|Protect
|move|p1a: Iron Hands|Ice Punch|p2a: Alomomola
|-activate|p2a: Alomomola|move: Protect
|
|-weather|SunnyDay|[upkeep]
|-damage|p1a: Iron Hands|73/100|[from] move: Whirlpool|[partiallytrapped]
|upkeep
|turn|13
|
|t:|1760760530
|switch|p2a: Excadrill|Excadrill, F|100/100
|-activate|p2a: Excadrill|move: Sticky Web
|-unboost|p2a: Excadrill|spe|1
|-ability|p2a: Excadrill|Mold Breaker
|move|p1a: Iron Hands|Drain Punch|p2a: Excadrill
|-supereffective|p2a: Excadrill
|-damage|p2a: Excadrill|0 fnt
|-heal|p1a: Iron Hands|100/100|[from] drain|[of] p2a: Excadrill
|faint|p2a: Excadrill
|
|-weather|SunnyDay|[upkeep]
|-end|p1a: Iron Hands|Whirlpool|[partiallytrapped]|[silent]
|upkeep
|
|t:|1760760544
|switch|p2a: Great Tusk|Great Tusk|19/100
|-activate|p2a: Great Tusk|ability: Protosynthesis
|-start|p2a: Great Tusk|protosynthesisatk
|turn|14
|
|t:|1760760556
|-terastallize|p1a: Iron Hands|Flying
|move|p2a: Great Tusk|Earthquake|p1a: Iron Hands
|-immune|p1a: Iron Hands
|move|p1a: Iron Hands|Swords Dance|p1a: Iron Hands
|-boost|p1a: Iron Hands|atk|2
|
|-weather|SunnyDay|[upkeep]
|upkeep
|turn|15
|
|t:|1760760565
|move|p2a: Great Tusk|Ice Spinner|p1a: Iron Hands
|-supereffective|p1a: Iron Hands
|-damage|p1a: Iron Hands|49/100
|move|p1a: Iron Hands|Ice Punch|p2a: Great Tusk
|-supereffective|p2a: Great Tusk
|-crit|p2a: Great Tusk
|-damage|p2a: Great Tusk|0 fnt
|faint|p2a: Great Tusk
|-end|p2a: Great Tusk|Protosynthesis|[silent]
|
|-weather|SunnyDay|[upkeep]
|upkeep
|
|t:|1760760579
|switch|p2a: Ninetales|Ninetales, M|40/100
|-activate|p2a: Ninetales|move: Sticky Web
|-unboost|p2a: Ninetales|spe|1
|turn|16
|
|t:|1760760588
|move|p2a: Ninetales|Flamethrower|p1a: Iron Hands
|-damage|p1a: Iron Hands|7/100
|move|p1a: Iron Hands|Thunder Punch|p2a: Ninetales
|-damage|p2a: Ninetales|0 fnt
|faint|p2a: Ninetales
|
|-weather|none
|upkeep
|-message|DarKyrios forfeited.
|
|win|xudoman
|raw|xudoman's rating: 1072 &rarr; <strong>1101</strong><br />(+29 for winning)
|raw|DarKyrios's rating: 1067 &rarr; <strong>1047</strong><br />(-20 for losing)
|l|☆DarKyrios
|player|p2|
|l|☆xudoman
|player|p1|
