|j|☆5542mnn
|j|☆reqkt
|t:|1760793206
|gametype|singles
|player|p1|5542mnn|depotagent|1055
|player|p2|reqkt|backpacker|1120
|gen|9
|tier|[Gen 9] OU
|rated|
|rule|HP Percentage Mod: HP is shown in percentages
|rule|Endless Battle Clause: Forcing endless battles is banned
|rule|Species Clause: Limit one of each Pokémon
|rule|OHKO Clause: OHKO moves are banned
|rule|Evasion Items Clause: Evasion items are banned
|rule|Evasion Moves Clause: Evasion moves are banned
|rule|Evasion Abilities Clause: Evasion abilities are banned
|rule|Sleep Moves Clause: Sleep-inducing moves are banned
|clearpoke
|poke|p1|Raging Bolt|
|poke|p1|Iron Treads|
|poke|p1|Ting-Lu|
|poke|p1|Gholdengo|
|poke|p1|Zamazenta-*|
|poke|p1|Tornadus-Therian, M|
|poke|p2|Zapdos-Galar|
|poke|p2|Articuno-Galar|
|poke|p2|Moltres-Galar|
|poke|p2|Arcanine, F|
|poke|p2|Alomomola, M|
|poke|p2|Thundurus, M|
|teampreview
|inactive|Battle timer is ON: inactive players will automatically lose when time's up. (requested by reqkt)
|
|t:|1760793227
|teamsize|p1|6
|teamsize|p2|6
|start
|switch|p1a: Gholdengo|Gholdengo|100/100
|switch|p2a: Arcanine|Arcanine, F|100/100
|-ability|p2a: Arcanine|Intimidate|boost
|-unboost|p1a: Gholdengo|atk|1
|-item|p1a: Gholdengo|Air Balloon
|turn|1
|
|t:|1760793238
|move|p2a: Arcanine|Flame Charge|p1a: Gholdengo
|-supereffective|p1a: Gholdengo
|-damage|p1a: Gholdengo|59/100
|-boost|p2a: Arcanine|spe|1
|-enditem|p1a: Gholdengo|Air Balloon
|move|p1a: Gholdengo|Nasty Plot|p1a: Gholdengo
|-boost|p1a: Gholdengo|spa|2
|
|upkeep
|turn|2
|
|t:|1760793257
|switch|p2a: Moltres|Moltres-Galar|100/100
|move|p1a: Gholdengo|Make It Rain|p2a: Moltres
|-damage|p2a: Moltres|0 fnt
|-unboost|p1a: Gholdengo|spa|1
|faint|p2a: Moltres
|
|upkeep
|
|t:|1760793271
|switch|p2a: Zapdos|Zapdos-Galar|100/100
|turn|3
|c|☆5542mnn|Where are you from
|
|t:|1760793279
|-terastallize|p2a: Zapdos|Dark
|move|p2a: Zapdos|Knock Off|p1a: Gholdengo
|-supereffective|p1a: Gholdengo
|-damage|p1a: Gholdengo|0 fnt
|faint|p1a: Gholdengo
|
|upkeep
|c|☆5542mnn|bro
|
|t:|1760793301
|switch|p1a: Raging Bolt|Raging Bolt|100/100
|-enditem|p1a: Raging Bolt|Booster Energy
|-activate|p1a: Raging Bolt|ability: Protosynthesis|[fromitem]
|-start|p1a: Raging Bolt|protosynthesisspa
|turn|4
|c|☆5542mnn|111
|
|t:|1760793314
|-terastallize|p1a: Raging Bolt|Fairy
|move|p2a: Zapdos|U-turn|p1a: Raging Bolt
|-resisted|p1a: Raging Bolt
|-damage|p1a: Raging Bolt|90/100
|
|t:|1760793319
|switch|p2a: Alomomola|Alomomola, M|100/100|[from] U-turn
|move|p1a: Raging Bolt|Calm Mind|p1a: Raging Bolt
|-boost|p1a: Raging Bolt|spa|1
|-boost|p1a: Raging Bolt|spd|1
|
|upkeep
|turn|5
|c|☆5542mnn|????
|
|t:|1760793330
|move|p1a: Raging Bolt|Thunderbolt|p2a: Alomomola
|-supereffective|p2a: Alomomola
|-damage|p2a: Alomomola|0 fnt
|faint|p2a: Alomomola
|
|upkeep
|
|t:|1760793345
|switch|p2a: Thundurus|Thundurus, M|100/100
|turn|6
|c|☆5542mnn|China
|
|t:|1760793355
|move|p2a: Thundurus|Thunder Wave|p1a: Raging Bolt
|-status|p1a: Raging Bolt|par
|move|p1a: Raging Bolt|Thunderbolt|p2a: Thundurus
|-damage|p2a: Thundurus|0 fnt
|faint|p2a: Thundurus
|
|upkeep
|
|t:|1760793373
|switch|p2a: Articuno|Articuno-Galar, shiny|100/100
|turn|7
|
|t:|1760793386
|-end|p1a: Raging Bolt|Protosynthesis|[silent]
|switch|p1a: Ting-Lu|Ting-Lu|100/100
|-ability|p1a: Ting-Lu|Vessel of Ruin
|move|p2a: Articuno|Freezing Glare|p1a: Ting-Lu
|-immune|p1a: Ting-Lu
|
|upkeep
|turn|8
|c|☆5542mnn|you you you you
|
|t:|1760793403
|switch|p2a: Zapdos|Zapdos-Galar, tera:Dark|100/100
|move|p1a: Ting-Lu|Ruination|p2a: Zapdos
|-damage|p2a: Zapdos|51/100
|
|upkeep
|turn|9
|
|t:|1760793419
|move|p2a: Zapdos|Thunderous Kick|p1a: Ting-Lu
|-supereffective|p1a: Ting-Lu
|-damage|p1a: Ting-Lu|54/100
|-unboost|p1a: Ting-Lu|def|1
|-enditem|p1a: Ting-Lu|Weakness Policy
|-boost|p1a: Ting-Lu|atk|2|[from] item: Weakness Policy
|-boost|p1a: Ting-Lu|spa|2|[from] item: Weakness Policy
|move|p1a: Ting-Lu|Earthquake|p2a: Zapdos
|-damage|p2a: Zapdos|0 fnt
|faint|p2a: Zapdos
|
|upkeep
|
|t:|1760793431
|switch|p2a: Articuno|Articuno-Galar, shiny|100/100
|turn|10
|c|☆5542mnn|111111111111
|
|t:|1760793439
|move|p2a: Articuno|Substitute|p2a: Articuno
|-start|p2a: Articuno|Substitute
|-damage|p2a: Articuno|76/100
|move|p1a: Ting-Lu|Earthquake|p2a: Articuno
|-immune|p2a: Articuno
|
|-heal|p2a: Articuno|82/100|[from] item: Leftovers
|upkeep
|turn|11
|
|t:|1760793453
|move|p2a: Articuno|Calm Mind|p2a: Articuno
|-boost|p2a: Articuno|spa|1
|-boost|p2a: Articuno|spd|1
|move|p1a: Ting-Lu|Stealth Rock|p2a: Articuno
|-sidestart|p2: reqkt|move: Stealth Rock
|
|-heal|p2a: Articuno|88/100|[from] item: Leftovers
|upkeep
|turn|12
|
|t:|1760793464
|move|p2a: Articuno|Calm Mind|p2a: Articuno
|-boost|p2a: Articuno|spa|1
|-boost|p2a: Articuno|spd|1
|move|p1a: Ting-Lu|Ruination|p2a: Articuno
|-end|p2a: Articuno|Substitute
|
|-heal|p2a: Articuno|94/100|[from] item: Leftovers
|upkeep
|turn|13
|
|t:|1760793474
|move|p2a: Articuno|Air Slash|p1a: Ting-Lu
|-damage|p1a: Ting-Lu|13/100
|move|p1a: Ting-Lu|Earthquake|p2a: Articuno
|-immune|p2a: Articuno
|
|-heal|p2a: Articuno|100/100|[from] item: Leftovers
|upkeep
|turn|14
|
|t:|1760793482
|move|p2a: Articuno|Air Slash|p1a: Ting-Lu
|-damage|p1a: Ting-Lu|0 fnt
|faint|p1a: Ting-Lu
|
|upkeep
|
|t:|1760793490
|switch|p1a: Iron Treads|Iron Treads|100/100
|-enditem|p1a: Iron Treads|Booster Energy
|-activate|p1a: Iron Treads|ability: Quark Drive|[fromitem]
|-start|p1a: Iron Treads|quarkdrivespe
|turn|15
|
|t:|1760793506
|move|p1a: Iron Treads|Stone Edge|p2a: Articuno
|-supereffective|p2a: Articuno
|-damage|p2a: Articuno|18/100
|move|p2a: Articuno|Freezing Glare|p1a: Iron Treads
|-resisted|p1a: Iron Treads
|-damage|p1a: Iron Treads|43/100
|
|-heal|p2a: Articuno|24/100|[from] item: Leftovers
|upkeep
|turn|16
|c|☆5542mnn|1111111111111111
|
|t:|1760793518
|move|p1a: Iron Treads|Stone Edge|p2a: Articuno
|-supereffective|p2a: Articuno
|-damage|p2a: Articuno|0 fnt
|faint|p2a: Articuno
|
|upkeep
|
|t:|1760793521
|switch|p2a: Arcanine|Arcanine, F|100/100
|-damage|p2a: Arcanine|76/100|[from] Stealth Rock
|-ability|p2a: Arcanine|Intimidate|boost
|-unboost|p1a: Iron Treads|atk|1
|turn|17
|
|t:|1760793537
|move|p1a: Iron Treads|Stone Edge|p2a: Arcanine
|-supereffective|p2a: Arcanine
|-damage|p2a: Arcanine|17/100
|move|p2a: Arcanine|Flame Charge|p1a: Iron Treads
|-supereffective|p1a: Iron Treads
|-damage|p1a: Iron Treads|0 fnt
|-boost|p2a: Arcanine|spe|1
|faint|p1a: Iron Treads
|-end|p1a: Iron Treads|Quark Drive|[silent]
|
|upkeep
|
|t:|1760793546
|switch|p1a: Tornadus|Tornadus-Therian, M|100/100
|turn|18
|c|☆5542mnn|Hey bro
|
|t:|1760793569
|move|p2a: Arcanine|Extreme Speed|p1a: Tornadus
|-damage|p1a: Tornadus|67/100
|move|p1a: Tornadus|Focus Blast|p2a: Arcanine
|-damage|p2a: Arcanine|0 fnt
|faint|p2a: Arcanine
|-damage|p1a: Tornadus|57/100|[from] item: Life Orb
|
|win|5542mnn
|raw|5542mnn's rating: 1055 &rarr; <strong>1093</strong><br />(+38 for winning)
|raw|reqkt's rating: 1120 &rarr; <strong>1090</strong><br />(-30 for losing)
|l|☆reqkt
|player|p2|
|l|☆5542mnn
|player|p1|
