|j|☆pioneer7569
|j|‽JapYap
|t:|1760862275
|gametype|singles
|player|p1|pioneer7569|169|1097
|player|p2|JapYap|169|1101
|gen|9
|tier|[Gen 9] OU
|rated|
|rule|HP Percentage Mod: HP is shown in percentages
|rule|Endless Battle Clause: Forcing endless battles is banned
|rule|Species Clause: Limit one of each Pokémon
|rule|OHKO Clause: OHKO moves are banned
|rule|Evasion Items Clause: Evasion items are banned
|rule|Evasion Moves Clause: Evasion moves are banned
|rule|Evasion Abilities Clause: Evasion abilities are banned
|rule|Sleep Moves Clause: Sleep-inducing moves are banned
|clearpoke
|poke|p1|Dragapult, F|
|poke|p1|Gliscor, M|
|poke|p1|Deoxys-Speed|
|poke|p1|Kingambit, F|
|poke|p1|Scizor, F|
|poke|p1|Blaziken, F|
|poke|p2|Sceptile, M|
|poke|p2|Charizard, M|
|poke|p2|Weezing, F|
|poke|p2|Galvantula, M|
|poke|p2|Lucario, F|
|poke|p2|Blastoise, F|
|teampreview
|inactive|Battle timer is ON: inactive players will automatically lose when time's up. (requested by pioneer7569)
|
|t:|1760862289
|teamsize|p1|6
|teamsize|p2|6
|start
|switch|p1a: Deoxys|Deoxys-Speed|100/100
|switch|p2a: Charizard|Charizard, M|100/100
|-ability|p1a: Deoxys|Pressure
|turn|1
|
|t:|1760862302
|move|p1a: Deoxys|Stealth Rock|p2a: Charizard
|-sidestart|p2: JapYap|move: Stealth Rock
|move|p2a: Charizard|Fire Blast|p1a: Deoxys
|-damage|p1a: Deoxys|35/100
|
|upkeep
|turn|2
|
|t:|1760862314
|move|p1a: Deoxys|Pain Split|p2a: Charizard
|-sethp|p2a: Charizard|68/100|[from] move: Pain Split|[silent]
|-sethp|p1a: Deoxys|67/100|[from] move: Pain Split
|move|p2a: Charizard|Fire Blast|p1a: Deoxys
|-damage|p1a: Deoxys|7/100
|
|upkeep
|turn|3
|
|t:|1760862323
|move|p1a: Deoxys|Pain Split|p2a: Charizard
|-sethp|p2a: Charizard|38/100|[from] move: Pain Split|[silent]
|-sethp|p1a: Deoxys|37/100|[from] move: Pain Split
|move|p2a: Charizard|Fire Blast|p1a: Deoxys|[miss]
|-miss|p2a: Charizard|p1a: Deoxys
|
|upkeep
|turn|4
|
|t:|1760862330
|move|p1a: Deoxys|Psycho Boost|p2a: Charizard
|-damage|p2a: Charizard|0 fnt
|-unboost|p1a: Deoxys|spa|2
|faint|p2a: Charizard
|
|upkeep
|
|t:|1760862339
|switch|p2a: Blastoise|Blastoise, F|100/100
|turn|5
|
|t:|1760862345
|move|p1a: Deoxys|Pain Split|p2a: Blastoise
|-sethp|p2a: Blastoise|67/100|[from] move: Pain Split|[silent]
|-sethp|p1a: Deoxys|74/100|[from] move: Pain Split
|move|p2a: Blastoise|Aqua Ring|p2a: Blastoise
|-start|p2a: Blastoise|Aqua Ring
|
|-heal|p2a: Blastoise|73/100|[from] Aqua Ring
|upkeep
|turn|6
|
|t:|1760862352
|move|p1a: Deoxys|Spikes|p2a: Blastoise
|-sidestart|p2: JapYap|Spikes
|move|p2a: Blastoise|Iron Defense|p2a: Blastoise
|-boost|p2a: Blastoise|def|2
|
|-heal|p2a: Blastoise|79/100|[from] Aqua Ring
|upkeep
|turn|7
|
|t:|1760862356
|move|p1a: Deoxys|Spikes|p2a: Blastoise
|-sidestart|p2: JapYap|Spikes
|move|p2a: Blastoise|Rapid Spin|p1a: Deoxys
|-damage|p1a: Deoxys|60/100
|-boost|p2a: Blastoise|spe|1
|-sideend|p2: JapYap|Spikes|[from] move: Rapid Spin|[of] p2a: Blastoise
|-sideend|p2: JapYap|Stealth Rock|[from] move: Rapid Spin|[of] p2a: Blastoise
|
|-heal|p2a: Blastoise|85/100|[from] Aqua Ring
|upkeep
|turn|8
|
|t:|1760862362
|move|p1a: Deoxys|Psycho Boost|p2a: Blastoise
|-damage|p2a: Blastoise|68/100
|-unboost|p1a: Deoxys|spa|2
|move|p2a: Blastoise|Body Press|p1a: Deoxys
|-resisted|p1a: Deoxys
|-damage|p1a: Deoxys|33/100
|
|-heal|p2a: Blastoise|75/100|[from] Aqua Ring
|upkeep
|turn|9
|
|t:|1760862369
|move|p1a: Deoxys|Pain Split|p2a: Blastoise
|-sethp|p2a: Blastoise|52/100|[from] move: Pain Split|[silent]
|-sethp|p1a: Deoxys|58/100|[from] move: Pain Split
|move|p2a: Blastoise|Body Press|p1a: Deoxys
|-resisted|p1a: Deoxys
|-damage|p1a: Deoxys|30/100
|
|-heal|p2a: Blastoise|58/100|[from] Aqua Ring
|upkeep
|turn|10
|
|t:|1760862383
|move|p1a: Deoxys|Stealth Rock|p2a: Blastoise
|-sidestart|p2: JapYap|move: Stealth Rock
|move|p2a: Blastoise|Body Press|p1a: Deoxys
|-resisted|p1a: Deoxys
|-damage|p1a: Deoxys|2/100
|
|-heal|p2a: Blastoise|65/100|[from] Aqua Ring
|upkeep
|turn|11
|
|t:|1760862388
|move|p1a: Deoxys|Pain Split|p2a: Blastoise
|-sethp|p2a: Blastoise|33/100|[from] move: Pain Split|[silent]
|-sethp|p1a: Deoxys|37/100|[from] move: Pain Split
|move|p2a: Blastoise|Rapid Spin|p1a: Deoxys
|-damage|p1a: Deoxys|23/100
|-boost|p2a: Blastoise|spe|1
|-sideend|p2: JapYap|Stealth Rock|[from] move: Rapid Spin|[of] p2a: Blastoise
|
|-heal|p2a: Blastoise|40/100|[from] Aqua Ring
|upkeep
|turn|12
|
|t:|1760862397
|move|p1a: Deoxys|Psycho Boost|p2a: Blastoise
|-damage|p2a: Blastoise|28/100
|-unboost|p1a: Deoxys|spa|2
|move|p2a: Blastoise|Body Press|p1a: Deoxys
|-resisted|p1a: Deoxys
|-crit|p1a: Deoxys
|-damage|p1a: Deoxys|0 fnt
|faint|p1a: Deoxys
|
|-heal|p2a: Blastoise|34/100|[from] Aqua Ring
|upkeep
|
|t:|1760862414
|switch|p1a: Dragapult|Dragapult, F|100/100
|turn|13
|
|t:|1760862443
|switch|p2a: Weezing|Weezing, F|100/100
|move|p1a: Dragapult|Sucker Punch||[still]
|-fail|p1a: Dragapult
|
|upkeep
|turn|14
|
|t:|1760862449
|move|p1a: Dragapult|U-turn|p2a: Weezing
|-resisted|p2a: Weezing
|-crit|p2a: Weezing
|-damage|p2a: Weezing|90/100
|
|t:|1760862454
|switch|p1a: Gliscor|Gliscor, M|100/100|[from] U-turn
|move|p2a: Weezing|Toxic|p1a: Gliscor
|-status|p1a: Gliscor|tox
|
|upkeep
|turn|15
|
|t:|1760862480
|switch|p2a: Blastoise|Blastoise, F|34/100
|move|p1a: Gliscor|Earthquake|p2a: Blastoise
|-damage|p2a: Blastoise|0 fnt
|faint|p2a: Blastoise
|
|upkeep
|
|t:|1760862486
|switch|p2a: Sceptile|Sceptile, M|100/100
|turn|16
|
|t:|1760862497
|move|p1a: Gliscor|Dual Wingbeat|p2a: Sceptile
|-supereffective|p2a: Sceptile
|-damage|p2a: Sceptile|55/100
|-supereffective|p2a: Sceptile
|-damage|p2a: Sceptile|4/100
|-enditem|p2a: Sceptile|Sitrus Berry|[eat]
|-heal|p2a: Sceptile|29/100|[from] item: Sitrus Berry
|-hitcount|p2a: Sceptile|2
|move|p2a: Sceptile|Substitute|p2a: Sceptile
|-start|p2a: Sceptile|Substitute
|-damage|p2a: Sceptile|4/100
|
|upkeep
|turn|17
|
|t:|1760862506
|move|p2a: Sceptile|Leech Seed|p1a: Gliscor
|-start|p1a: Gliscor|move: Leech Seed
|move|p1a: Gliscor|Dual Wingbeat|p2a: Sceptile
|-supereffective|p2a: Sceptile
|-end|p2a: Sceptile|Substitute
|-supereffective|p2a: Sceptile
|-damage|p2a: Sceptile|0 fnt
|faint|p2a: Sceptile
|-hitcount|p2: Sceptile|2
|
|upkeep
|
|t:|1760862519
|switch|p2a: Galvantula|Galvantula, M|100/100
|turn|18
|
|t:|1760862524
|move|p2a: Galvantula|Sticky Web|p1a: Gliscor
|-sidestart|p1: pioneer7569|move: Sticky Web
|move|p1a: Gliscor|Dual Wingbeat|p2a: Galvantula
|-damage|p2a: Galvantula|67/100
|-damage|p2a: Galvantula|35/100
|-hitcount|p2a: Galvantula|2
|
|-damage|p1a: Gliscor|88/100 tox|[from] Leech Seed|[of] p2a: Galvantula
|-heal|p2a: Galvantula|48/100|[silent]
|-heal|p1a: Gliscor|100/100 tox|[from] ability: Poison Heal
|upkeep
|turn|19
|
|t:|1760862531
|switch|p2a: Weezing|Weezing, F|90/100
|move|p1a: Gliscor|Dual Wingbeat|p2a: Weezing
|-damage|p2a: Weezing|80/100
|-damage|p2a: Weezing|69/100
|-hitcount|p2a: Weezing|2
|
|-damage|p1a: Gliscor|88/100 tox|[from] Leech Seed|[of] p2a: Weezing
|-heal|p2a: Weezing|80/100|[silent]
|-heal|p1a: Gliscor|100/100 tox|[from] ability: Poison Heal
|upkeep
|turn|20
|
|t:|1760862537
|move|p1a: Gliscor|Earthquake|p2a: Weezing
|-immune|p2a: Weezing|[from] ability: Levitate
|move|p2a: Weezing|Pain Split|p1a: Gliscor
|-sethp|p1a: Gliscor|96/100 tox|[from] move: Pain Split|[silent]
|-sethp|p2a: Weezing|83/100|[from] move: Pain Split
|
|-damage|p1a: Gliscor|83/100 tox|[from] Leech Seed|[of] p2a: Weezing
|-heal|p2a: Weezing|94/100|[silent]
|-heal|p1a: Gliscor|96/100 tox|[from] ability: Poison Heal
|upkeep
|turn|21
|
|t:|1760862543
|move|p1a: Gliscor|Crabhammer|p2a: Weezing
|-crit|p2a: Weezing
|-damage|p2a: Weezing|66/100
|move|p2a: Weezing|Pain Split|p1a: Gliscor
|-sethp|p1a: Gliscor|86/100 tox|[from] move: Pain Split|[silent]
|-sethp|p2a: Weezing|75/100|[from] move: Pain Split
|
|-damage|p1a: Gliscor|73/100 tox|[from] Leech Seed|[of] p2a: Weezing
|-heal|p2a: Weezing|86/100|[silent]
|-heal|p1a: Gliscor|86/100 tox|[from] ability: Poison Heal
|upkeep
|turn|22
|
|t:|1760862552
|move|p1a: Gliscor|Dual Wingbeat|p2a: Weezing
|-damage|p2a: Weezing|75/100
|-damage|p2a: Weezing|63/100
|-hitcount|p2a: Weezing|2
|move|p2a: Weezing|Pain Split|p1a: Gliscor
|-sethp|p1a: Gliscor|79/100 tox|[from] move: Pain Split|[silent]
|-sethp|p2a: Weezing|69/100|[from] move: Pain Split
|
|-damage|p1a: Gliscor|66/100 tox|[from] Leech Seed|[of] p2a: Weezing
|-heal|p2a: Weezing|80/100|[silent]
|-heal|p1a: Gliscor|79/100 tox|[from] ability: Poison Heal
|upkeep
|turn|23
|
|t:|1760862559
|move|p1a: Gliscor|Dual Wingbeat|p2a: Weezing
|-damage|p2a: Weezing|68/100
|-damage|p2a: Weezing|58/100
|-hitcount|p2a: Weezing|2
|move|p2a: Weezing|Pain Split|p1a: Gliscor
|-sethp|p1a: Gliscor|72/100 tox|[from] move: Pain Split|[silent]
|-sethp|p2a: Weezing|63/100|[from] move: Pain Split
|
|-damage|p1a: Gliscor|60/100 tox|[from] Leech Seed|[of] p2a: Weezing
|-heal|p2a: Weezing|74/100|[silent]
|-heal|p1a: Gliscor|72/100 tox|[from] ability: Poison Heal
|upkeep
|turn|24
|
|t:|1760862564
|move|p1a: Gliscor|Dual Wingbeat|p2a: Weezing|[miss]
|-miss|p1a: Gliscor|p2a: Weezing
|move|p2a: Weezing|Pain Split|p1a: Gliscor
|-sethp|p1a: Gliscor|79/100 tox|[from] move: Pain Split|[silent]
|-sethp|p2a: Weezing|68/100|[from] move: Pain Split
|
|-damage|p1a: Gliscor|66/100 tox|[from] Leech Seed|[of] p2a: Weezing
|-heal|p2a: Weezing|79/100|[silent]
|-heal|p1a: Gliscor|79/100 tox|[from] ability: Poison Heal
|upkeep
|turn|25
|
|t:|1760862571
|move|p1a: Gliscor|Crabhammer|p2a: Weezing
|-damage|p2a: Weezing|62/100
|move|p2a: Weezing|Pain Split|p1a: Gliscor
|-sethp|p1a: Gliscor|75/100 tox|[from] move: Pain Split|[silent]
|-sethp|p2a: Weezing|65/100|[from] move: Pain Split
|
|-damage|p1a: Gliscor|63/100 tox|[from] Leech Seed|[of] p2a: Weezing
|-heal|p2a: Weezing|76/100|[silent]
|-heal|p1a: Gliscor|75/100 tox|[from] ability: Poison Heal
|upkeep
|turn|26
|
|t:|1760862578
|move|p1a: Gliscor|Fury Cutter|p2a: Weezing
|-resisted|p2a: Weezing
|-damage|p2a: Weezing|73/100
|move|p2a: Weezing|Pain Split|p1a: Gliscor
|-sethp|p1a: Gliscor|79/100 tox|[from] move: Pain Split|[silent]
|-sethp|p2a: Weezing|69/100|[from] move: Pain Split
|
|-damage|p1a: Gliscor|67/100 tox|[from] Leech Seed|[of] p2a: Weezing
|-heal|p2a: Weezing|80/100|[silent]
|-heal|p1a: Gliscor|79/100 tox|[from] ability: Poison Heal
|upkeep
|turn|27
|
|t:|1760862585
|move|p1a: Gliscor|Fury Cutter|p2a: Weezing
|-resisted|p2a: Weezing
|-damage|p2a: Weezing|72/100
|move|p2a: Weezing|Pain Split|p1a: Gliscor
|-sethp|p1a: Gliscor|81/100 tox|[from] move: Pain Split|[silent]
|-sethp|p2a: Weezing|71/100|[from] move: Pain Split
|
|-damage|p1a: Gliscor|69/100 tox|[from] Leech Seed|[of] p2a: Weezing
|-heal|p2a: Weezing|81/100|[silent]
|-heal|p1a: Gliscor|81/100 tox|[from] ability: Poison Heal
|upkeep
|turn|28
|
|t:|1760862594
|move|p1a: Gliscor|Fury Cutter|p2a: Weezing
|-resisted|p2a: Weezing
|-crit|p2a: Weezing
|-damage|p2a: Weezing|59/100
|move|p2a: Weezing|Pain Split|p1a: Gliscor
|-sethp|p1a: Gliscor|74/100 tox|[from] move: Pain Split|[silent]
|-sethp|p2a: Weezing|65/100|[from] move: Pain Split
|
|-damage|p1a: Gliscor|62/100 tox|[from] Leech Seed|[of] p2a: Weezing
|-heal|p2a: Weezing|75/100|[silent]
|-heal|p1a: Gliscor|74/100 tox|[from] ability: Poison Heal
|upkeep
|turn|29
|
|t:|1760862601
|move|p1a: Gliscor|Fury Cutter|p2a: Weezing
|-resisted|p2a: Weezing
|-damage|p2a: Weezing|61/100
|move|p2a: Weezing|Pain Split|p1a: Gliscor
|-sethp|p1a: Gliscor|72/100 tox|[from] move: Pain Split|[silent]
|-sethp|p2a: Weezing|63/100|[from] move: Pain Split
|
|-damage|p1a: Gliscor|60/100 tox|[from] Leech Seed|[of] p2a: Weezing
|-heal|p2a: Weezing|74/100|[silent]
|-heal|p1a: Gliscor|72/100 tox|[from] ability: Poison Heal
|upkeep
|turn|30
|
|t:|1760862609
|move|p1a: Gliscor|Crabhammer|p2a: Weezing
|-damage|p2a: Weezing|55/100
|move|p2a: Weezing|Pain Split|p1a: Gliscor
|-sethp|p1a: Gliscor|68/100 tox|[from] move: Pain Split|[silent]
|-sethp|p2a: Weezing|59/100|[from] move: Pain Split
|
|-damage|p1a: Gliscor|55/100 tox|[from] Leech Seed|[of] p2a: Weezing
|-heal|p2a: Weezing|70/100|[silent]
|-heal|p1a: Gliscor|68/100 tox|[from] ability: Poison Heal
|upkeep
|turn|31
|
|t:|1760862617
|move|p1a: Gliscor|Fury Cutter|p2a: Weezing
|-resisted|p2a: Weezing
|-damage|p2a: Weezing|66/100
|move|p2a: Weezing|Pain Split|p1a: Gliscor
|-sethp|p1a: Gliscor|72/100 tox|[from] move: Pain Split|[silent]
|-sethp|p2a: Weezing|62/100|[from] move: Pain Split
|
|-damage|p1a: Gliscor|59/100 tox|[from] Leech Seed|[of] p2a: Weezing
|-heal|p2a: Weezing|73/100|[silent]
|-heal|p1a: Gliscor|72/100 tox|[from] ability: Poison Heal
|upkeep
|turn|32
|
|t:|1760862628
|move|p1a: Gliscor|Fury Cutter|p2a: Weezing
|-resisted|p2a: Weezing
|-damage|p2a: Weezing|65/100
|move|p2a: Weezing|Body Slam|p1a: Gliscor
|-damage|p1a: Gliscor|56/100 tox
|
|-damage|p1a: Gliscor|43/100 tox|[from] Leech Seed|[of] p2a: Weezing
|-heal|p2a: Weezing|76/100|[silent]
|-heal|p1a: Gliscor|56/100 tox|[from] ability: Poison Heal
|upkeep
|turn|33
|
|t:|1760862634
|move|p1a: Gliscor|Fury Cutter|p2a: Weezing
|-resisted|p2a: Weezing
|-damage|p2a: Weezing|62/100
|move|p2a: Weezing|Body Slam|p1a: Gliscor
|-damage|p1a: Gliscor|41/100 tox
|
|-damage|p1a: Gliscor|29/100 tox|[from] Leech Seed|[of] p2a: Weezing
|-heal|p2a: Weezing|73/100|[silent]
|-heal|p1a: Gliscor|41/100 tox|[from] ability: Poison Heal
|upkeep
|turn|34
|
|t:|1760862647
|move|p1a: Gliscor|Fury Cutter|p2a: Weezing
|-resisted|p2a: Weezing
|-damage|p2a: Weezing|59/100
|move|p2a: Weezing|Body Slam|p1a: Gliscor
|-damage|p1a: Gliscor|26/100 tox
|
|-damage|p1a: Gliscor|14/100 tox|[from] Leech Seed|[of] p2a: Weezing
|-heal|p2a: Weezing|70/100|[silent]
|-heal|p1a: Gliscor|26/100 tox|[from] ability: Poison Heal
|upkeep
|turn|35
|
|t:|1760862653
|switch|p1a: Dragapult|Dragapult, F|100/100
|-activate|p1a: Dragapult|move: Sticky Web
|-unboost|p1a: Dragapult|spe|1
|move|p2a: Weezing|Body Slam|p1a: Dragapult
|-immune|p1a: Dragapult
|
|upkeep
|turn|36
|
|t:|1760862664
|move|p1a: Dragapult|Dragon Darts|p2a: Weezing
|-damage|p2a: Weezing|53/100
|-anim|p1a: Dragapult|Dragon Darts|p2a: Weezing
|-damage|p2a: Weezing|37/100
|move|p2a: Weezing|Pain Split|p1a: Dragapult
|-sethp|p1a: Dragapult|70/100|[from] move: Pain Split|[silent]
|-sethp|p2a: Weezing|66/100|[from] move: Pain Split
|
|upkeep
|turn|37
|
|t:|1760862672
|move|p1a: Dragapult|Phantom Force||[still]
|-prepare|p1a: Dragapult|Phantom Force
|move|p2a: Weezing|Pain Split|p1a: Dragapult|[miss]
|-miss|p2a: Weezing|p1a: Dragapult
|
|upkeep
|turn|38
|
|t:|1760862676
|move|p1a: Dragapult|Phantom Force|p2a: Weezing|[from] lockedmove
|-damage|p2a: Weezing|39/100
|move|p2a: Weezing|Pain Split|p1a: Dragapult
|-sethp|p1a: Dragapult|55/100|[from] move: Pain Split|[silent]
|-sethp|p2a: Weezing|52/100|[from] move: Pain Split
|
|upkeep
|turn|39
|
|t:|1760862703
|move|p1a: Dragapult|U-turn|p2a: Weezing
|-resisted|p2a: Weezing
|-damage|p2a: Weezing|45/100
|inactive|pioneer7569 has 120 seconds left.
|
|t:|1760862715
|switch|p1a: Gliscor|Gliscor, M|26/100 tox|[from] U-turn
|move|p2a: Weezing|Toxic|p1a: Gliscor
|-fail|p1a: Gliscor|tox
|
|-heal|p1a: Gliscor|39/100 tox|[from] ability: Poison Heal
|upkeep
|turn|40
|inactive|pioneer7569 has 120 seconds left.
|
|t:|1760862727
|switch|p1a: Dragapult|Dragapult, F|55/100
|-activate|p1a: Dragapult|move: Sticky Web
|-unboost|p1a: Dragapult|spe|1
|move|p2a: Weezing|Body Slam|p1a: Dragapult
|-immune|p1a: Dragapult
|
|upkeep
|turn|41
|inactive|pioneer7569 has 120 seconds left.
|
|t:|1760862743
|switch|p2a: Galvantula|Galvantula, M|48/100
|move|p1a: Dragapult|U-turn|p2a: Galvantula
|-damage|p2a: Galvantula|5/100
|
|t:|1760862751
|switch|p1a: Blaziken|Blaziken, F|100/100|[from] U-turn
|-activate|p1a: Blaziken|move: Sticky Web
|-unboost|p1a: Blaziken|spe|1
|
|upkeep
|turn|42
|
|t:|1760862756
|move|p1a: Blaziken|Protect|p1a: Blaziken
|-singleturn|p1a: Blaziken|Protect
|move|p2a: Galvantula|Volt Switch|p1a: Blaziken
|-activate|p1a: Blaziken|move: Protect
|
|-ability|p1a: Blaziken|Speed Boost|boost
|-boost|p1a: Blaziken|spe|1
|upkeep
|turn|43
|
|t:|1760862765
|move|p2a: Galvantula|Volt Switch|p1a: Blaziken
|-crit|p1a: Blaziken
|-damage|p1a: Blaziken|31/100
|
|t:|1760862767
|switch|p2a: Weezing|Weezing, F|45/100|[from] Volt Switch
|move|p1a: Blaziken|Swords Dance|p1a: Blaziken
|-boost|p1a: Blaziken|atk|2
|
|-heal|p1a: Blaziken|37/100|[from] item: Leftovers
|-ability|p1a: Blaziken|Speed Boost|boost
|-boost|p1a: Blaziken|spe|1
|upkeep
|turn|44
|
|t:|1760862775
|move|p1a: Blaziken|Protect|p1a: Blaziken
|-singleturn|p1a: Blaziken|Protect
|move|p2a: Weezing|Pain Split|p1a: Blaziken
|-activate|p1a: Blaziken|move: Protect
|
|-heal|p1a: Blaziken|43/100|[from] item: Leftovers
|-ability|p1a: Blaziken|Speed Boost|boost
|-boost|p1a: Blaziken|spe|1
|upkeep
|turn|45
|
|t:|1760862786
|move|p1a: Blaziken|Blaze Kick|p2a: Weezing
|-crit|p2a: Weezing
|-damage|p2a: Weezing|0 fnt
|faint|p2a: Weezing
|
|-heal|p1a: Blaziken|49/100|[from] item: Leftovers
|-ability|p1a: Blaziken|Speed Boost|boost
|-boost|p1a: Blaziken|spe|1
|upkeep
|
|t:|1760862794
|switch|p2a: Galvantula|Galvantula, M|5/100
|turn|46
|
|t:|1760862800
|move|p1a: Blaziken|Close Combat|p2a: Galvantula
|-resisted|p2a: Galvantula
|-crit|p2a: Galvantula
|-damage|p2a: Galvantula|0 fnt
|-unboost|p1a: Blaziken|def|1
|-unboost|p1a: Blaziken|spd|1
|faint|p2a: Galvantula
|
|-heal|p1a: Blaziken|55/100|[from] item: Leftovers
|-ability|p1a: Blaziken|Speed Boost|boost
|-boost|p1a: Blaziken|spe|1
|upkeep
|
|t:|1760862803
|switch|p2a: Lucario|Lucario, F|100/100
|turn|47
|
|t:|1760862815
|-terastallize|p2a: Lucario|Fighting
|move|p1a: Blaziken|Protect|p1a: Blaziken
|-singleturn|p1a: Blaziken|Protect
|move|p2a: Lucario|Vacuum Wave|p1a: Blaziken
|-activate|p1a: Blaziken|move: Protect
|
|-heal|p1a: Blaziken|61/100|[from] item: Leftovers
|-ability|p1a: Blaziken|Speed Boost|boost
|-boost|p1a: Blaziken|spe|1
|upkeep
|turn|48
|
|t:|1760862827
|-terastallize|p1a: Blaziken|Flying
|move|p2a: Lucario|Vacuum Wave|p1a: Blaziken
|-resisted|p1a: Blaziken
|-damage|p1a: Blaziken|28/100
|move|p1a: Blaziken|Close Combat|p2a: Lucario
|-damage|p2a: Lucario|0 fnt
|-unboost|p1a: Blaziken|def|1
|-unboost|p1a: Blaziken|spd|1
|faint|p2a: Lucario
|
|win|pioneer7569
|raw|pioneer7569's rating: 1097 &rarr; <strong>1121</strong><br />(+24 for winning)
|raw|JapYap's rating: 1079 &rarr; <strong>1058</strong><br />(-21 for losing)
|l|‽JapYap
|player|p2|
