|j|☆Burnermf
|j|☆crackstone
|t:|1760796570
|gametype|singles
|player|p1|Burnermf|101|1378
|player|p2|crackstone|265|1296
|gen|9
|tier|[Gen 9] OU
|rated|
|rule|HP Percentage Mod: HP is shown in percentages
|rule|Endless Battle Clause: Forcing endless battles is banned
|rule|Species Clause: Limit one of each Pokémon
|rule|OHKO Clause: OHKO moves are banned
|rule|Evasion Items Clause: Evasion items are banned
|rule|Evasion Moves Clause: Evasion moves are banned
|rule|Evasion Abilities Clause: Evasion abilities are banned
|rule|Sleep Moves Clause: Sleep-inducing moves are banned
|clearpoke
|poke|p1|Kommo-o, F|
|poke|p1|Gholdengo|
|poke|p1|Ninetales-Alola, F|
|poke|p1|Hatterene, F|
|poke|p1|Zamazenta-*|
|poke|p1|Kingambit, M|
|poke|p2|Kingambit, M|
|poke|p2|Garchomp, M|
|poke|p2|Ting-Lu|
|poke|p2|Keldeo|
|poke|p2|Iron Moth|
|poke|p2|Gholdengo|
|teampreview
|
|t:|1760796603
|teamsize|p1|6
|teamsize|p2|6
|start
|switch|p1a: Hatterene|Hatterene, F|100/100
|switch|p2a: Ting-Lu|Ting-Lu|100/100
|-ability|p2a: Ting-Lu|Vessel of Ruin
|turn|1
|inactive|Battle timer is ON: inactive players will automatically lose when time's up. (requested by Burnermf)
|
|t:|1760796620
|move|p2a: Ting-Lu|Earthquake|p1a: Hatterene
|-damage|p1a: Hatterene|68/100
|move|p1a: Hatterene|Calm Mind|p1a: Hatterene
|-boost|p1a: Hatterene|spa|1
|-boost|p1a: Hatterene|spd|1
|
|upkeep
|turn|2
|
|t:|1760796626
|switch|p2a: Anomаly|Iron Moth|100/100
|-enditem|p2a: Anomаly|Booster Energy
|-activate|p2a: Anomаly|ability: Quark Drive|[fromitem]
|-start|p2a: Anomаly|quarkdrivespe
|move|p1a: Hatterene|Draining Kiss|p2a: Anomаly
|-resisted|p2a: Anomаly
|-damage|p2a: Anomаly|92/100
|-heal|p1a: Hatterene|74/100|[from] drain|[of] p2a: Anomаly
|
|upkeep
|turn|3
|
|t:|1760796637
|-terastallize|p1a: Hatterene|Water
|move|p2a: Anomаly|Sludge Wave|p1a: Hatterene
|-damage|p1a: Hatterene|37/100
|move|p1a: Hatterene|Psychic Noise|p2a: Anomаly
|-supereffective|p2a: Anomаly
|-damage|p2a: Anomаly|0 fnt
|faint|p2a: Anomаly
|-end|p2a: Anomаly|Quark Drive|[silent]
|
|upkeep
|
|t:|1760796646
|switch|p2a: Garchomp|Garchomp, M, shiny|100/100
|turn|4
|
|t:|1760796662
|move|p2a: Garchomp|Earthquake|p1a: Hatterene
|-damage|p1a: Hatterene|0 fnt
|faint|p1a: Hatterene
|
|upkeep
|
|t:|1760796666
|switch|p1a: Ninetales|Ninetales-Alola, F|100/100
|-weather|Snowscape|[from] ability: Snow Warning|[of] p1a: Ninetales
|turn|5
|inactive|crackstone has 120 seconds left.
|
|t:|1760796703
|switch|p2a: Ting-Lu|Ting-Lu|100/100
|-ability|p2a: Ting-Lu|Vessel of Ruin
|move|p1a: Ninetales|Aurora Veil|p1a: Ninetales
|-sidestart|p1: Burnermf|move: Aurora Veil
|
|-weather|Snowscape|[upkeep]
|upkeep
|turn|6
|inactive|crackstone has 120 seconds left.
|
|t:|1760796722
|switch|p1a: Zamazenta|Zamazenta|100/100
|-ability|p1a: Zamazenta|Dauntless Shield|boost
|-boost|p1a: Zamazenta|def|1
|move|p2a: Ting-Lu|Stealth Rock|p1a: Zamazenta
|-sidestart|p1: Burnermf|move: Stealth Rock
|
|-weather|Snowscape|[upkeep]
|upkeep
|turn|7
|inactive|crackstone has 120 seconds left.
|inactive|crackstone has 90 seconds left.
|
|t:|1760796781
|move|p1a: Zamazenta|Close Combat|p2a: Ting-Lu
|-supereffective|p2a: Ting-Lu
|-damage|p2a: Ting-Lu|37/100
|-unboost|p1a: Zamazenta|def|1
|-unboost|p1a: Zamazenta|spd|1
|-damage|p1a: Zamazenta|91/100|[from] item: Life Orb
|move|p2a: Ting-Lu|Whirlwind|p1a: Zamazenta
|drag|p1a: Kommo-o|Kommo-o, F|100/100
|-damage|p1a: Kommo-o|94/100|[from] Stealth Rock
|
|-weather|Snowscape|[upkeep]
|-heal|p2a: Ting-Lu|43/100|[from] item: Leftovers
|upkeep
|turn|8
|
|t:|1760796803
|move|p1a: Kommo-o|Clanging Scales|p2a: Ting-Lu
|-damage|p2a: Ting-Lu|20/100
|-unboost|p1a: Kommo-o|def|1
|-enditem|p1a: Kommo-o|Throat Spray
|-boost|p1a: Kommo-o|spa|1|[from] item: Throat Spray
|move|p2a: Ting-Lu|Spikes|p1a: Kommo-o
|-sidestart|p1: Burnermf|Spikes
|
|-weather|Snowscape|[upkeep]
|-heal|p2a: Ting-Lu|26/100|[from] item: Leftovers
|upkeep
|turn|9
|
|t:|1760796811
|move|p1a: Kommo-o|Clanging Scales|p2a: Ting-Lu
|-damage|p2a: Ting-Lu|0 fnt
|faint|p2a: Ting-Lu
|-unboost|p1a: Kommo-o|def|1
|
|-weather|none
|upkeep
|
|t:|1760796822
|switch|p2a: Garchomp|Garchomp, M, shiny|100/100
|turn|10
|
|t:|1760796828
|move|p2a: Garchomp|Scale Shot|p1a: Kommo-o
|-supereffective|p1a: Kommo-o
|-damage|p1a: Kommo-o|74/100
|-supereffective|p1a: Kommo-o
|-damage|p1a: Kommo-o|52/100
|-supereffective|p1a: Kommo-o
|-damage|p1a: Kommo-o|29/100
|-supereffective|p1a: Kommo-o
|-damage|p1a: Kommo-o|8/100
|-supereffective|p1a: Kommo-o
|-damage|p1a: Kommo-o|0 fnt
|faint|p1a: Kommo-o
|-hitcount|p1: Kommo-o|5
|-unboost|p2a: Garchomp|def|1
|-boost|p2a: Garchomp|spe|1
|
|upkeep
|
|t:|1760796839
|switch|p1a: Zamazenta|Zamazenta|91/100
|-damage|p1a: Zamazenta|84/100|[from] Stealth Rock
|-damage|p1a: Zamazenta|72/100|[from] Spikes
|turn|11
|
|t:|1760796847
|move|p2a: Garchomp|Substitute|p2a: Garchomp
|-start|p2a: Garchomp|Substitute
|-damage|p2a: Garchomp|75/100
|move|p1a: Zamazenta|Close Combat|p2a: Garchomp
|-end|p2a: Garchomp|Substitute
|-unboost|p1a: Zamazenta|def|1
|-unboost|p1a: Zamazenta|spd|1
|-damage|p1a: Zamazenta|62/100|[from] item: Life Orb
|
|-heal|p2a: Garchomp|82/100|[from] item: Leftovers
|upkeep
|turn|12
|
|t:|1760796858
|move|p2a: Garchomp|Substitute|p2a: Garchomp
|-start|p2a: Garchomp|Substitute
|-damage|p2a: Garchomp|57/100
|move|p1a: Zamazenta|Close Combat|p2a: Garchomp
|-end|p2a: Garchomp|Substitute
|-unboost|p1a: Zamazenta|def|1
|-unboost|p1a: Zamazenta|spd|1
|-damage|p1a: Zamazenta|52/100|[from] item: Life Orb
|
|-heal|p2a: Garchomp|63/100|[from] item: Leftovers
|-sideend|p1: Burnermf|move: Aurora Veil
|upkeep
|turn|13
|
|t:|1760796861
|move|p2a: Garchomp|Earthquake|p1a: Zamazenta
|-damage|p1a: Zamazenta|0 fnt
|faint|p1a: Zamazenta
|
|-heal|p2a: Garchomp|69/100|[from] item: Leftovers
|upkeep
|
|t:|1760796869
|switch|p1a: Kingambit|Kingambit, M|100/100
|-damage|p1a: Kingambit|94/100|[from] Stealth Rock
|-activate|p1a: Kingambit|ability: Supreme Overlord
|-start|p1a: Kingambit|fallen3|[silent]
|-item|p1a: Kingambit|Air Balloon
|turn|14
|inactive|crackstone has 120 seconds left.
|
|t:|1760796879
|move|p2a: Garchomp|Substitute|p2a: Garchomp
|-start|p2a: Garchomp|Substitute
|-damage|p2a: Garchomp|44/100
|move|p1a: Kingambit|Iron Head|p2a: Garchomp
|-end|p2a: Garchomp|Substitute
|
|-heal|p2a: Garchomp|50/100|[from] item: Leftovers
|upkeep
|turn|15
|inactive|crackstone has 120 seconds left.
|
|t:|1760796884
|move|p2a: Garchomp|Scale Shot|p1a: Kingambit
|-resisted|p1a: Kingambit
|-damage|p1a: Kingambit|91/100
|-enditem|p1a: Kingambit|Air Balloon
|-resisted|p1a: Kingambit
|-damage|p1a: Kingambit|87/100
|-resisted|p1a: Kingambit
|-damage|p1a: Kingambit|83/100
|-hitcount|p1a: Kingambit|3
|-unboost|p2a: Garchomp|def|1
|-boost|p2a: Garchomp|spe|1
|move|p1a: Kingambit|Iron Head|p2a: Garchomp
|-damage|p2a: Garchomp|0 fnt
|-damage|p1a: Kingambit|70/100|[from] ability: Rough Skin|[of] p2a: Garchomp
|faint|p2a: Garchomp
|
|upkeep
|
|t:|1760796887
|switch|p2a: Keldeo|Keldeo, shiny|100/100
|turn|16
|
|t:|1760796893
|-end|p1a: Kingambit|fallen3|[silent]
|switch|p1a: Gholdengo|Gholdengo|100/100
|-damage|p1a: Gholdengo|94/100|[from] Stealth Rock
|-damage|p1a: Gholdengo|82/100|[from] Spikes
|move|p2a: Keldeo|Surf|p1a: Gholdengo
|-damage|p1a: Gholdengo|24/100
|
|upkeep
|turn|17
|-enditem|p1a: Gholdengo|Custap Berry|[eat]
|-activate|p1a: Gholdengo|item: Custap Berry|[consumed]
|
|t:|1760796903
|move|p1a: Gholdengo|Focus Blast|p2a: Keldeo|[miss]
|-miss|p1a: Gholdengo|p2a: Keldeo
|move|p2a: Keldeo|Surf|p1a: Gholdengo
|-damage|p1a: Gholdengo|0 fnt
|faint|p1a: Gholdengo
|
|upkeep
|
|t:|1760796917
|switch|p1a: Ninetales|Ninetales-Alola, F|100/100
|-damage|p1a: Ninetales|76/100|[from] Stealth Rock
|-damage|p1a: Ninetales|63/100|[from] Spikes
|-weather|Snowscape|[from] ability: Snow Warning|[of] p1a: Ninetales
|turn|18
|
|t:|1760796924
|move|p1a: Ninetales|Freeze-Dry|p2a: Keldeo
|-supereffective|p2a: Keldeo
|-damage|p2a: Keldeo|55/100
|move|p2a: Keldeo|Surf|p1a: Ninetales
|-damage|p1a: Ninetales|18/100
|
|-weather|Snowscape|[upkeep]
|upkeep
|turn|19
|inactive|Burnermf has 120 seconds left.
|
|t:|1760796958
|move|p1a: Ninetales|Freeze-Dry|p2a: Keldeo
|-supereffective|p2a: Keldeo
|-damage|p2a: Keldeo|7/100
|move|p2a: Keldeo|Surf|p1a: Ninetales
|-damage|p1a: Ninetales|0 fnt
|faint|p1a: Ninetales
|
|-weather|Snowscape|[upkeep]
|upkeep
|inactive|Burnermf has 120 seconds left.
|inactive|Burnermf has 90 seconds left.
|inactive|Burnermf has 60 seconds left.
|
|t:|1760797043
|switch|p1a: Kingambit|Kingambit, M|70/100
|-damage|p1a: Kingambit|64/100|[from] Stealth Rock
|-damage|p1a: Kingambit|52/100|[from] Spikes
|-activate|p1a: Kingambit|ability: Supreme Overlord
|-start|p1a: Kingambit|fallen5|[silent]
|turn|20
|
|t:|1760797061
|move|p2a: Keldeo|Vacuum Wave|p1a: Kingambit
|-supereffective|p1a: Kingambit
|-damage|p1a: Kingambit|0 fnt
|faint|p1a: Kingambit
|-end|p1a: Kingambit|fallen5|[silent]
|
|win|crackstone
|raw|Burnermf's rating: 1378 &rarr; <strong>1355</strong><br />(-23 for losing)
|raw|crackstone's rating: 1320 &rarr; <strong>1343</strong><br />(+23 for winning)
|l|☆crackstone
|player|p2|
|l|☆Burnermf
|player|p1|
