|j|☆poli_7127_Q
|j|☆hdhdgshdg
|t:|1760858289
|gametype|singles
|player|p1|poli_7127_Q|marley|1059
|player|p2|hdhdgshdg|lucas|1070
|gen|9
|tier|[Gen 9] OU
|rated|
|rule|HP Percentage Mod: HP is shown in percentages
|rule|Endless Battle Clause: Forcing endless battles is banned
|rule|Species Clause: Limit one of each Pokémon
|rule|OHKO Clause: OHKO moves are banned
|rule|Evasion Items Clause: Evasion items are banned
|rule|Evasion Moves Clause: Evasion moves are banned
|rule|Evasion Abilities Clause: Evasion abilities are banned
|rule|Sleep Moves Clause: Sleep-inducing moves are banned
|clearpoke
|poke|p1|Garchomp, M|
|poke|p1|Tornadus-Therian, M|
|poke|p1|Gliscor, M|
|poke|p1|Slowking-Galar, F|
|poke|p1|Scizor, M|
|poke|p1|Great Tusk|
|poke|p2|Kingambit, F|
|poke|p2|Samurott-Hisui, M|
|poke|p2|Lokix, F|
|poke|p2|Weavile, F|
|poke|p2|Krookodile, F|
|poke|p2|Iron Jugulis|
|teampreview
|
|t:|1760858319
|teamsize|p1|6
|teamsize|p2|6
|start
|switch|p1a: ガブリアス|Garchomp, M|100/100
|switch|p2a: Samurott|Samurott-Hisui, M|100/100
|turn|1
|
|t:|1760858325
|move|p2a: Samurott|Ceaseless Edge|p1a: ガブリアス|[miss]
|-miss|p2a: Samurott|p1a: ガブリアス
|move|p1a: ガブリアス|Stealth Rock|p2a: Samurott
|-sidestart|p2: hdhdgshdg|move: Stealth Rock
|
|upkeep
|turn|2
|
|t:|1760858332
|move|p2a: Samurott|Ceaseless Edge|p1a: ガブリアス
|-damage|p1a: ガブリアス|73/100
|-damage|p2a: Samurott|88/100|[from] ability: Rough Skin|[of] p1a: ガブリアス
|-sidestart|p1: poli_7127_Q|Spikes
|move|p1a: ガブリアス|Dragon Tail|p2a: Samurott
|-damage|p2a: Samurott|55/100
|drag|p2a: Kingambit|Kingambit, F|100/100
|-damage|p2a: Kingambit|94/100|[from] Stealth Rock
|
|-heal|p2a: Kingambit|100/100|[from] item: Leftovers
|upkeep
|turn|3
|
|t:|1760858345
|move|p1a: ガブリアス|Spikes|p2a: Kingambit
|-sidestart|p2: hdhdgshdg|Spikes
|move|p2a: Kingambit|Swords Dance|p2a: Kingambit
|-boost|p2a: Kingambit|atk|2
|
|upkeep
|turn|4
|
|t:|1760858350
|move|p2a: Kingambit|Swords Dance|p2a: Kingambit
|-boost|p2a: Kingambit|atk|2
|move|p1a: ガブリアス|Dragon Tail|p2a: Kingambit
|-resisted|p2a: Kingambit
|-damage|p2a: Kingambit|91/100
|-end|p2a: Kingambit|fallenundefined|[silent]
|drag|p2a: Samurott|Samurott-Hisui, M|55/100
|-damage|p2a: Samurott|43/100|[from] Stealth Rock
|-damage|p2a: Samurott|30/100|[from] Spikes
|
|upkeep
|turn|5
|
|t:|1760858359
|move|p2a: Samurott|Razor Shell|p1a: ガブリアス
|-damage|p1a: ガブリアス|42/100
|-damage|p2a: Samurott|18/100|[from] ability: Rough Skin|[of] p1a: ガブリアス
|move|p1a: ガブリアス|Dragon Tail|p2a: Samurott
|-damage|p2a: Samurott|0 fnt
|faint|p2a: Samurott
|
|upkeep
|
|t:|1760858363
|switch|p2a: Krookodile|Krookodile, F|100/100
|-damage|p2a: Krookodile|94/100|[from] Stealth Rock
|-damage|p2a: Krookodile|82/100|[from] Spikes
|turn|6
|
|t:|1760858372
|move|p2a: Krookodile|Scale Shot|p1a: ガブリアス
|-supereffective|p1a: ガブリアス
|-damage|p1a: ガブリアス|30/100
|-supereffective|p1a: ガブリアス
|-damage|p1a: ガブリアス|20/100
|-supereffective|p1a: ガブリアス
|-damage|p1a: ガブリアス|8/100
|-supereffective|p1a: ガブリアス
|-damage|p1a: ガブリアス|0 fnt
|faint|p1a: ガブリアス
|-ability|p2a: Krookodile|Moxie|boost
|-boost|p2a: Krookodile|atk|1
|-hitcount|p1: ガブリアス|4
|-unboost|p2a: Krookodile|def|1
|-boost|p2a: Krookodile|spe|1
|
|upkeep
|
|t:|1760858392
|switch|p1a: グライオン|Gliscor, M, shiny|100/100
|turn|7
|
|t:|1760858400
|move|p2a: Krookodile|Knock Off|p1a: グライオン
|-damage|p1a: グライオン|40/100
|-enditem|p1a: グライオン|Toxic Orb|[from] move: Knock Off|[of] p2a: Krookodile
|move|p1a: グライオン|Substitute|p1a: グライオン
|-start|p1a: グライオン|Substitute
|-damage|p1a: グライオン|15/100
|
|upkeep
|turn|8
|
|t:|1760858409
|move|p2a: Krookodile|Scale Shot|p1a: グライオン
|-activate|p1a: グライオン|move: Substitute|[damage]
|-activate|p1a: グライオン|move: Substitute|[damage]
|-end|p1a: グライオン|Substitute
|-damage|p1a: グライオン|5/100
|-damage|p1a: グライオン|0 fnt
|faint|p1a: グライオン
|-ability|p2a: Krookodile|Moxie|boost
|-boost|p2a: Krookodile|atk|1
|-hitcount|p1: グライオン|5
|-unboost|p2a: Krookodile|def|1
|-boost|p2a: Krookodile|spe|1
|
|upkeep
|
|t:|1760858425
|switch|p1a: トルネロス|Tornadus-Therian, M|100/100
|turn|9
|
|t:|1760858430
|-terastallize|p1a: トルネロス|Ice
|move|p2a: Krookodile|Knock Off|p1a: トルネロス
|-damage|p1a: トルネロス|0 fnt
|-enditem|p1a: トルネロス|Heavy-Duty Boots|[from] move: Knock Off|[of] p2a: Krookodile
|faint|p1a: トルネロス
|-ability|p2a: Krookodile|Moxie|boost
|-boost|p2a: Krookodile|atk|1
|
|upkeep
|
|t:|1760858443
|switch|p1a: ハッサム|Scizor, M|100/100
|-damage|p1a: ハッサム|88/100|[from] Spikes
|turn|10
|
|t:|1760858448
|move|p2a: Krookodile|Fire Fang|p1a: ハッサム
|-supereffective|p1a: ハッサム
|-damage|p1a: ハッサム|0 fnt
|faint|p1a: ハッサム
|-ability|p2a: Krookodile|Moxie|boost
|-boost|p2a: Krookodile|atk|1
|
|upkeep
|
|t:|1760858457
|switch|p1a: ガラルヤドキング|Slowking-Galar, F|100/100
|-damage|p1a: ガラルヤドキング|88/100|[from] Spikes
|turn|11
|
|t:|1760858467
|move|p2a: Krookodile|Scale Shot|p1a: ガラルヤドキング
|-damage|p1a: ガラルヤドキング|60/100
|-damage|p1a: ガラルヤドキング|32/100
|-damage|p1a: ガラルヤドキング|4/100
|-damage|p1a: ガラルヤドキング|0 fnt
|faint|p1a: ガラルヤドキング
|-ability|p2a: Krookodile|Moxie|boost
|-boost|p2a: Krookodile|atk|1
|-hitcount|p1: ガラルヤドキング|4
|-unboost|p2a: Krookodile|def|1
|-boost|p2a: Krookodile|spe|1
|
|upkeep
|
|t:|1760858479
|switch|p1a: イダイナキバ|Great Tusk, shiny|100/100
|-damage|p1a: イダイナキバ|88/100|[from] Spikes
|-enditem|p1a: イダイナキバ|Booster Energy
|-activate|p1a: イダイナキバ|ability: Protosynthesis|[fromitem]
|-start|p1a: イダイナキバ|protosynthesisdef
|turn|12
|
|t:|1760858489
|-terastallize|p2a: Krookodile|Dragon
|move|p2a: Krookodile|Scale Shot|p1a: イダイナキバ|[miss]
|-miss|p2a: Krookodile|p1a: イダイナキバ
|move|p1a: イダイナキバ|Ice Spinner|p2a: Krookodile
|-supereffective|p2a: Krookodile
|-damage|p2a: Krookodile|0 fnt
|faint|p2a: Krookodile
|
|upkeep
|
|t:|1760858499
|switch|p2a: Iron Jugulis|Iron Jugulis|100/100
|-damage|p2a: Iron Jugulis|76/100|[from] Stealth Rock
|turn|13
|
|t:|1760858518
|move|p2a: Iron Jugulis|Air Slash|p1a: イダイナキバ
|-supereffective|p1a: イダイナキバ
|-damage|p1a: イダイナキバ|0 fnt
|faint|p1a: イダイナキバ
|-end|p1a: イダイナキバ|Protosynthesis|[silent]
|
|win|hdhdgshdg
|raw|poli_7127_Q's rating: 1059 &rarr; <strong>1041</strong><br />(-18 for losing)
|raw|hdhdgshdg's rating: 1070 &rarr; <strong>1099</strong><br />(+29 for winning)
|l|☆hdhdgshdg
|player|p2|
|l|☆poli_7127_Q
|player|p1|
