|j|☆sumatra1234
|j|☆Avl2121
|t:|1760790593
|gametype|singles
|player|p1|sumatra1234|102|1139
|player|p2|Avl2121|dragontamer|1225
|gen|9
|tier|[Gen 9] OU
|rated|
|rule|HP Percentage Mod: HP is shown in percentages
|rule|Endless Battle Clause: Forcing endless battles is banned
|rule|Species Clause: Limit one of each Pokémon
|rule|OHKO Clause: OHKO moves are banned
|rule|Evasion Items Clause: Evasion items are banned
|rule|Evasion Moves Clause: Evasion moves are banned
|rule|Evasion Abilities Clause: Evasion abilities are banned
|rule|Sleep Moves Clause: Sleep-inducing moves are banned
|clearpoke
|poke|p1|Dragonite, M|
|poke|p1|Darkrai|
|poke|p1|Charizard, F|
|poke|p1|Blastoise, F|
|poke|p1|Rotom|
|poke|p1|Venusaur, F|
|poke|p2|Garganacl, M|
|poke|p2|Blaziken, F|
|poke|p2|Landorus-Therian, M|
|poke|p2|Kyurem|
|poke|p2|Flygon, F|
|poke|p2|Rotom-Wash|
|teampreview
|inactive|Battle timer is ON: inactive players will automatically lose when time's up. (requested by Avl2121)
|inactive|sumatra1234 has 120 seconds left.
|
|t:|1760790629
|teamsize|p1|6
|teamsize|p2|6
|start
|switch|p1a: Dragonite|Dragonite, M|100/100
|switch|p2a: Rotom|Rotom-Wash|100/100
|-item|p1a: Dragonite|Air Balloon
|turn|1
|
|t:|1760790635
|move|p2a: Rotom|Volt Switch|p1a: Dragonite
|-damage|p1a: Dragonite|75/100
|-enditem|p1a: Dragonite|Air Balloon
|
|t:|1760790643
|switch|p2a: Garganacl|Garganacl, M|100/100|[from] Volt Switch
|move|p1a: Dragonite|Ice Beam|p2a: Garganacl
|-damage|p2a: Garganacl|80/100
|
|-heal|p2a: Garganacl|87/100|[from] item: Leftovers
|upkeep
|turn|2
|
|t:|1760790653
|move|p1a: Dragonite|Ice Beam|p2a: Garganacl
|-damage|p2a: Garganacl|69/100
|move|p2a: Garganacl|Salt Cure|p1a: Dragonite
|-supereffective|p1a: Dragonite
|-damage|p1a: Dragonite|49/100
|-start|p1a: Dragonite|Salt Cure
|
|-heal|p2a: Garganacl|75/100|[from] item: Leftovers
|-damage|p1a: Dragonite|37/100|[from] Salt Cure
|upkeep
|turn|3
|
|t:|1760790663
|move|p1a: Dragonite|Ice Beam|p2a: Garganacl
|-damage|p2a: Garganacl|55/100
|move|p2a: Garganacl|Curse|p2a: Garganacl
|-unboost|p2a: Garganacl|spe|1
|-boost|p2a: Garganacl|atk|1
|-boost|p2a: Garganacl|def|1
|
|-heal|p2a: Garganacl|61/100|[from] item: Leftovers
|-damage|p1a: Dragonite|24/100|[from] Salt Cure
|upkeep
|turn|4
|
|t:|1760790676
|move|p2a: Garganacl|Recover|p2a: Garganacl
|-heal|p2a: Garganacl|100/100
|move|p1a: Dragonite|Dragon Tail|p2a: Garganacl
|-damage|p2a: Garganacl|88/100
|drag|p2a: Rotom|Rotom-Wash|100/100
|
|-damage|p1a: Dragonite|12/100|[from] Salt Cure
|upkeep
|turn|5
|
|t:|1760790685
|move|p2a: Rotom|Volt Switch|p1a: Dragonite
|-damage|p1a: Dragonite|0 fnt
|faint|p1a: Dragonite
|
|t:|1760790691
|switch|p2a: Landorus|Landorus-Therian, M|100/100|[from] Volt Switch
|
|upkeep
|
|t:|1760790695
|switch|p1a: Charizard|Charizard, F|100/100
|turn|6
|
|t:|1760790698
|-terastallize|p1a: Charizard|Fire
|move|p1a: Charizard|Flamethrower|p2a: Landorus
|-damage|p2a: Landorus|26/100
|move|p2a: Landorus|Stealth Rock|p1a: Charizard
|-sidestart|p1: sumatra1234|move: Stealth Rock
|
|upkeep
|turn|7
|
|t:|1760790708
|switch|p2a: Rotom|Rotom-Wash|100/100
|move|p1a: Charizard|Flamethrower|p2a: Rotom
|-resisted|p2a: Rotom
|-damage|p2a: Rotom|63/100
|
|upkeep
|turn|8
|
|t:|1760790718
|move|p2a: Rotom|Trick|p1a: Charizard
|-activate|p2a: Rotom|move: Trick|[of] p1a: Charizard
|-item|p1a: Charizard|Choice Scarf|[from] move: Trick
|-item|p2a: Rotom|Heavy-Duty Boots|[from] move: Trick
|move|p1a: Charizard|Flamethrower|p2a: Rotom
|-resisted|p2a: Rotom
|-damage|p2a: Rotom|23/100
|
|upkeep
|turn|9
|
|t:|1760790728
|switch|p2a: Flygon|Flygon, F|100/100
|move|p1a: Charizard|Flamethrower|p2a: Flygon
|-resisted|p2a: Flygon
|-crit|p2a: Flygon
|-damage|p2a: Flygon|45/100
|
|upkeep
|turn|10
|
|t:|1760790745
|switch|p2a: Blaziken|Blaziken, F|100/100
|move|p1a: Charizard|Flamethrower|p2a: Blaziken
|-resisted|p2a: Blaziken
|-damage|p2a: Blaziken|60/100
|
|-heal|p2a: Blaziken|66/100|[from] item: Leftovers
|upkeep
|turn|11
|
|t:|1760790755
|switch|p1a: Blastoise|Blastoise, F|100/100
|-damage|p1a: Blastoise|88/100|[from] Stealth Rock
|move|p2a: Blaziken|Protect||[still]
|-fail|p2a: Blaziken
|
|-heal|p2a: Blaziken|72/100|[from] item: Leftovers
|-ability|p2a: Blaziken|Speed Boost|boost
|-boost|p2a: Blaziken|spe|1
|upkeep
|turn|12
|
|t:|1760790768
|move|p2a: Blaziken|Close Combat|p1a: Blastoise
|-damage|p1a: Blastoise|21/100
|-unboost|p2a: Blaziken|def|1
|-unboost|p2a: Blaziken|spd|1
|move|p1a: Blastoise|Whirlpool|p2a: Blaziken
|-supereffective|p2a: Blaziken
|-damage|p2a: Blaziken|0 fnt
|faint|p2a: Blaziken
|
|upkeep
|
|t:|1760790774
|switch|p2a: Landorus|Landorus-Therian, M|26/100
|-ability|p2a: Landorus|Intimidate|boost
|-unboost|p1a: Blastoise|atk|1
|turn|13
|
|t:|1760790792
|move|p2a: Landorus|U-turn|p1a: Blastoise
|-damage|p1a: Blastoise|0 fnt
|faint|p1a: Blastoise
|
|t:|1760790803
|switch|p2a: Garganacl|Garganacl, M|88/100|[from] U-turn
|
|-heal|p2a: Garganacl|95/100|[from] item: Leftovers
|upkeep
|
|t:|1760790823
|switch|p1a: Darkrai|Darkrai|100/100
|-damage|p1a: Darkrai|88/100|[from] Stealth Rock
|turn|14
|
|t:|1760790827
|move|p1a: Darkrai|Dark Pulse|p2a: Garganacl
|-damage|p2a: Garganacl|49/100
|cant|p2a: Garganacl|flinch
|
|-heal|p2a: Garganacl|55/100|[from] item: Leftovers
|upkeep
|turn|15
|
|t:|1760790834
|move|p2a: Garganacl|Protect|p2a: Garganacl
|-singleturn|p2a: Garganacl|Protect
|move|p1a: Darkrai|Dark Pulse|p2a: Garganacl
|-activate|p2a: Garganacl|move: Protect
|
|-heal|p2a: Garganacl|62/100|[from] item: Leftovers
|upkeep
|turn|16
|
|t:|1760790842
|move|p1a: Darkrai|Dark Pulse|p2a: Garganacl
|-damage|p2a: Garganacl|15/100
|cant|p2a: Garganacl|flinch
|
|-heal|p2a: Garganacl|22/100|[from] item: Leftovers
|upkeep
|turn|17
|
|t:|1760790850
|move|p2a: Garganacl|Protect|p2a: Garganacl
|-singleturn|p2a: Garganacl|Protect
|move|p1a: Darkrai|Psychic|p2a: Garganacl
|-activate|p2a: Garganacl|move: Protect
|
|-heal|p2a: Garganacl|28/100|[from] item: Leftovers
|upkeep
|turn|18
|
|t:|1760790858
|switch|p2a: Rotom|Rotom-Wash|23/100
|move|p1a: Darkrai|Dark Pulse|p2a: Rotom
|-damage|p2a: Rotom|0 fnt
|faint|p2a: Rotom
|
|upkeep
|
|t:|1760790859
|switch|p2a: Kyurem|Kyurem|100/100
|-ability|p2a: Kyurem|Pressure
|turn|19
|
|t:|1760790872
|-terastallize|p2a: Kyurem|Ground
|move|p1a: Darkrai|Dark Pulse|p2a: Kyurem
|-damage|p2a: Kyurem|59/100
|move|p2a: Kyurem|Earth Power|p1a: Darkrai
|-damage|p1a: Darkrai|46/100
|
|-heal|p2a: Kyurem|65/100|[from] item: Leftovers
|upkeep
|turn|20
|
|t:|1760790881
|move|p2a: Kyurem|Protect|p2a: Kyurem
|-singleturn|p2a: Kyurem|Protect
|move|p1a: Darkrai|Dark Pulse|p2a: Kyurem
|-activate|p2a: Kyurem|move: Protect
|
|-heal|p2a: Kyurem|71/100|[from] item: Leftovers
|upkeep
|turn|21
|
|t:|1760790893
|move|p1a: Darkrai|Drain Punch|p2a: Kyurem
|-damage|p2a: Kyurem|59/100
|-heal|p1a: Darkrai|56/100|[from] drain|[of] p2a: Kyurem
|move|p2a: Kyurem|Earth Power|p1a: Darkrai
|-damage|p1a: Darkrai|7/100
|
|-heal|p2a: Kyurem|65/100|[from] item: Leftovers
|upkeep
|turn|22
|
|t:|1760790902
|move|p2a: Kyurem|Protect|p2a: Kyurem
|-singleturn|p2a: Kyurem|Protect
|move|p1a: Darkrai|Dark Pulse|p2a: Kyurem
|-activate|p2a: Kyurem|move: Protect
|
|-heal|p2a: Kyurem|71/100|[from] item: Leftovers
|upkeep
|turn|23
|
|t:|1760790909
|move|p1a: Darkrai|Dark Pulse|p2a: Kyurem
|-damage|p2a: Kyurem|33/100
|cant|p2a: Kyurem|flinch
|
|-heal|p2a: Kyurem|39/100|[from] item: Leftovers
|upkeep
|turn|24
|
|t:|1760790918
|move|p2a: Kyurem|Protect|p2a: Kyurem
|-singleturn|p2a: Kyurem|Protect
|move|p1a: Darkrai|Psychic|p2a: Kyurem
|-activate|p2a: Kyurem|move: Protect
|
|-heal|p2a: Kyurem|45/100|[from] item: Leftovers
|upkeep
|turn|25
|
|t:|1760790924
|move|p1a: Darkrai|Psychic|p2a: Kyurem
|-damage|p2a: Kyurem|15/100
|move|p2a: Kyurem|Earth Power|p1a: Darkrai
|-damage|p1a: Darkrai|0 fnt
|faint|p1a: Darkrai
|
|-heal|p2a: Kyurem|21/100|[from] item: Leftovers
|upkeep
|
|t:|1760790934
|switch|p1a: Charizard|Charizard, F, tera:Fire|100/100
|-damage|p1a: Charizard|76/100|[from] Stealth Rock
|turn|26
|
|t:|1760790938
|move|p2a: Kyurem|Protect|p2a: Kyurem
|-singleturn|p2a: Kyurem|Protect
|move|p1a: Charizard|Flamethrower|p2a: Kyurem
|-activate|p2a: Kyurem|move: Protect
|
|-heal|p2a: Kyurem|27/100|[from] item: Leftovers
|upkeep
|turn|27
|
|t:|1760790945
|move|p1a: Charizard|Flamethrower|p2a: Kyurem
|-damage|p2a: Kyurem|0 fnt
|faint|p2a: Kyurem
|
|upkeep
|
|t:|1760790948
|switch|p2a: Garganacl|Garganacl, M|28/100
|turn|28
|
|t:|1760790952
|move|p2a: Garganacl|Protect|p2a: Garganacl
|-singleturn|p2a: Garganacl|Protect
|move|p1a: Charizard|Flamethrower|p2a: Garganacl
|-activate|p2a: Garganacl|move: Protect
|
|-heal|p2a: Garganacl|34/100|[from] item: Leftovers
|upkeep
|turn|29
|
|t:|1760790959
|move|p1a: Charizard|Flamethrower|p2a: Garganacl
|-resisted|p2a: Garganacl
|-damage|p2a: Garganacl|8/100
|move|p2a: Garganacl|Recover|p2a: Garganacl
|-heal|p2a: Garganacl|58/100
|
|-heal|p2a: Garganacl|65/100|[from] item: Leftovers
|upkeep
|turn|30
|
|t:|1760790967
|move|p1a: Charizard|Flamethrower|p2a: Garganacl
|-resisted|p2a: Garganacl
|-damage|p2a: Garganacl|41/100
|move|p2a: Garganacl|Salt Cure|p1a: Charizard
|-supereffective|p1a: Charizard
|-damage|p1a: Charizard|37/100
|-start|p1a: Charizard|Salt Cure
|
|-heal|p2a: Garganacl|47/100|[from] item: Leftovers
|-damage|p1a: Charizard|24/100|[from] Salt Cure
|upkeep
|turn|31
|
|t:|1760790981
|switch|p1a: Rotom|Rotom|100/100
|-damage|p1a: Rotom|88/100|[from] Stealth Rock
|move|p2a: Garganacl|Recover|p2a: Garganacl
|-heal|p2a: Garganacl|97/100
|
|-heal|p2a: Garganacl|100/100|[from] item: Leftovers
|upkeep
|turn|32
|
|t:|1760790989
|switch|p2a: Landorus|Landorus-Therian, M|26/100
|-ability|p2a: Landorus|Intimidate|boost
|-unboost|p1a: Rotom|atk|1
|move|p1a: Rotom|Poltergeist|p2a: Landorus
|-activate|p2a: Landorus|move: Poltergeist|Rocky Helmet
|-damage|p2a: Landorus|8/100
|
|upkeep
|turn|33
|
|t:|1760790999
|move|p1a: Rotom|Discharge|p2a: Landorus
|-immune|p2a: Landorus
|move|p2a: Landorus|U-turn|p1a: Rotom
|-resisted|p1a: Rotom
|-damage|p1a: Rotom|65/100
|
|t:|1760791003
|switch|p2a: Flygon|Flygon, F|45/100|[from] U-turn
|
|upkeep
|turn|34
|
|t:|1760791011
|move|p2a: Flygon|U-turn|p1a: Rotom
|-resisted|p1a: Rotom
|-damage|p1a: Rotom|47/100
|
|t:|1760791014
|switch|p2a: Landorus|Landorus-Therian, M|8/100|[from] U-turn
|-ability|p2a: Landorus|Intimidate|boost
|-unboost|p1a: Rotom|atk|1
|move|p1a: Rotom|Discharge|p2a: Landorus
|-immune|p2a: Landorus
|
|upkeep
|turn|35
|
|t:|1760791022
|move|p2a: Landorus|U-turn|p1a: Rotom
|-resisted|p1a: Rotom
|-damage|p1a: Rotom|24/100
|
|t:|1760791024
|switch|p2a: Flygon|Flygon, F|45/100|[from] U-turn
|move|p1a: Rotom|Poltergeist|p2a: Flygon
|-activate|p2a: Flygon|move: Poltergeist|Heavy-Duty Boots
|-damage|p2a: Flygon|28/100
|
|upkeep
|turn|36
|
|t:|1760791034
|move|p2a: Flygon|Dragon Dance|p2a: Flygon
|-boost|p2a: Flygon|atk|1
|-boost|p2a: Flygon|spe|1
|move|p1a: Rotom|Poltergeist|p2a: Flygon
|-activate|p2a: Flygon|move: Poltergeist|Heavy-Duty Boots
|-damage|p2a: Flygon|11/100
|
|upkeep
|turn|37
|
|t:|1760791042
|move|p2a: Flygon|Dragon Claw|p1a: Rotom
|-damage|p1a: Rotom|0 fnt
|faint|p1a: Rotom
|
|upkeep
|
|t:|1760791050
|switch|p1a: Charizard|Charizard, F, tera:Fire|24/100
|-damage|p1a: Charizard|0 fnt|[from] Stealth Rock
|faint|p1a: Charizard
|
|t:|1760791054
|switch|p1a: Venusaur|Venusaur, F|100/100
|-damage|p1a: Venusaur|88/100|[from] Stealth Rock
|turn|38
|
|t:|1760791060
|move|p2a: Flygon|Earthquake|p1a: Venusaur
|-damage|p1a: Venusaur|21/100
|move|p1a: Venusaur|Petal Blizzard|p2a: Flygon
|-damage|p2a: Flygon|0 fnt
|faint|p2a: Flygon
|
|-heal|p1a: Venusaur|27/100|[from] item: Leftovers
|upkeep
|
|t:|1760791063
|switch|p2a: Landorus|Landorus-Therian, M|8/100
|-ability|p2a: Landorus|Intimidate|boost
|-unboost|p1a: Venusaur|atk|1
|turn|39
|
|t:|1760791071
|move|p2a: Landorus|Earthquake|p1a: Venusaur
|-damage|p1a: Venusaur|0 fnt
|faint|p1a: Venusaur
|
|win|Avl2121
|raw|sumatra1234's rating: 1139 &rarr; <strong>1120</strong><br />(-19 for losing)
|raw|Avl2121's rating: 1225 &rarr; <strong>1244</strong><br />(+19 for winning)
|l|☆sumatra1234
|player|p1|
|l|☆Avl2121
|player|p2|
