|j|☆delete tera
|j|☆bloodybellbottoms
|t:|1760881325
|gametype|singles
|player|p1|delete tera|swimmer|1494
|player|p2|bloodybellbottoms|101|1446
|gen|9
|tier|[Gen 9] OU
|rated|
|rule|HP Percentage Mod: HP is shown in percentages
|rule|Endless Battle Clause: Forcing endless battles is banned
|rule|Species Clause: Limit one of each Pokémon
|rule|OHKO Clause: OHKO moves are banned
|rule|Evasion Items Clause: Evasion items are banned
|rule|Evasion Moves Clause: Evasion moves are banned
|rule|Evasion Abilities Clause: Evasion abilities are banned
|rule|Sleep Moves Clause: Sleep-inducing moves are banned
|clearpoke
|poke|p1|Garchomp, M|
|poke|p1|Zamazenta-*|
|poke|p1|Iron Hands|
|poke|p1|Dragonite, F|
|poke|p1|Iron Valiant|
|poke|p1|Salazzle, F|
|poke|p2|Gholdengo|
|poke|p2|Zamazenta-*|
|poke|p2|Ting-Lu|
|poke|p2|Clefable, F|
|poke|p2|Dragonite, M|
|poke|p2|Deoxys-Speed|
|teampreview
|inactive|Battle timer is ON: inactive players will automatically lose when time's up. (requested by bloodybellbottoms)
|
|t:|1760881349
|teamsize|p1|6
|teamsize|p2|6
|start
|switch|p1a: Salazzle|Salazzle, F, shiny|100/100
|switch|p2a: Dude Nasty Asf|Deoxys-Speed|100/100
|-ability|p2a: Dude Nasty Asf|Pressure
|turn|1
|
|t:|1760881352
|move|p1a: Salazzle|Fake Out|p2a: Dude Nasty Asf
|-damage|p2a: Dude Nasty Asf|91/100
|cant|p2a: Dude Nasty Asf|flinch
|
|upkeep
|turn|2
|
|t:|1760881355
|move|p2a: Dude Nasty Asf|Psycho Boost|p1a: Salazzle
|-supereffective|p1a: Salazzle
|-enditem|p1a: Salazzle|Focus Sash
|-damage|p1a: Salazzle|1/100
|-unboost|p2a: Dude Nasty Asf|spa|2
|move|p1a: Salazzle|Toxic|p2a: Dude Nasty Asf
|-status|p2a: Dude Nasty Asf|tox
|
|-damage|p2a: Dude Nasty Asf|85/100 tox|[from] psn
|upkeep
|turn|3
|
|t:|1760881363
|switch|p2a: Moonrock 350|Clefable, F|100/100
|move|p1a: Salazzle|Flamethrower|p2a: Moonrock 350
|-damage|p2a: Moonrock 350|62/100
|
|upkeep
|turn|4
|
|t:|1760881365
|move|p1a: Salazzle|Toxic|p2a: Moonrock 350
|-status|p2a: Moonrock 350|tox
|move|p2a: Moonrock 350|Stealth Rock|p1a: Salazzle
|-sidestart|p1: delete tera|move: Stealth Rock
|
|upkeep
|turn|5
|
|t:|1760881372
|move|p1a: Salazzle|Flamethrower|p2a: Moonrock 350
|-damage|p2a: Moonrock 350|23/100 tox
|move|p2a: Moonrock 350|Moonlight|p2a: Moonrock 350
|-heal|p2a: Moonrock 350|73/100 tox
|
|upkeep
|turn|6
|
|t:|1760881379
|move|p1a: Salazzle|Flamethrower|p2a: Moonrock 350
|-damage|p2a: Moonrock 350|36/100 tox
|move|p2a: Moonrock 350|Moonlight|p2a: Moonrock 350
|-heal|p2a: Moonrock 350|86/100 tox
|
|upkeep
|turn|7
|
|t:|1760881388
|move|p1a: Salazzle|Flamethrower|p2a: Moonrock 350
|-damage|p2a: Moonrock 350|46/100 tox
|move|p2a: Moonrock 350|Knock Off|p1a: Salazzle
|-damage|p1a: Salazzle|0 fnt
|faint|p1a: Salazzle
|
|upkeep
|c|☆delete tera|Wait i had poison coverage
|inactive|delete tera has 120 seconds left.
|
|t:|1760881425
|switch|p1a: Iron Hands|Iron Hands|100/100
|-damage|p1a: Iron Hands|94/100|[from] Stealth Rock
|-enditem|p1a: Iron Hands|Booster Energy
|-activate|p1a: Iron Hands|ability: Quark Drive|[fromitem]
|-start|p1a: Iron Hands|quarkdriveatk
|turn|8
|c|☆bloodybellbottoms|ok
|
|t:|1760881430
|move|p2a: Moonrock 350|Moonblast|p1a: Iron Hands
|-supereffective|p1a: Iron Hands
|-damage|p1a: Iron Hands|39/100
|move|p1a: Iron Hands|Thunder Punch|p2a: Moonrock 350
|-damage|p2a: Moonrock 350|3/100 tox
|-damage|p1a: Iron Hands|23/100|[from] item: Rocky Helmet|[of] p2a: Moonrock 350
|
|upkeep
|turn|9
|
|t:|1760881439
|move|p2a: Moonrock 350|Moonblast|p1a: Iron Hands
|-supereffective|p1a: Iron Hands
|-damage|p1a: Iron Hands|0 fnt
|faint|p1a: Iron Hands
|-end|p1a: Iron Hands|Quark Drive|[silent]
|
|upkeep
|
|t:|1760881445
|switch|p1a: Garchomp|Garchomp, M|100/100
|-damage|p1a: Garchomp|94/100|[from] Stealth Rock
|turn|10
|
|t:|1760881447
|move|p1a: Garchomp|Earthquake|p2a: Moonrock 350
|-damage|p2a: Moonrock 350|0 fnt
|faint|p2a: Moonrock 350
|
|upkeep
|
|t:|1760881450
|switch|p2a: Dude Nasty Asf|Deoxys-Speed|85/100 tox
|-ability|p2a: Dude Nasty Asf|Pressure
|turn|11
|
|t:|1760881460
|-terastallize|p1a: Garchomp|Fire
|move|p2a: Dude Nasty Asf|Psycho Boost|p1a: Garchomp
|-damage|p1a: Garchomp|24/100
|-unboost|p2a: Dude Nasty Asf|spa|2
|move|p1a: Garchomp|Swords Dance|p1a: Garchomp
|-boost|p1a: Garchomp|atk|2
|
|-damage|p2a: Dude Nasty Asf|79/100 tox|[from] psn
|upkeep
|turn|12
|
|t:|1760881466
|move|p2a: Dude Nasty Asf|Psycho Boost|p1a: Garchomp
|-damage|p1a: Garchomp|0 fnt
|-unboost|p2a: Dude Nasty Asf|spa|2
|faint|p1a: Garchomp
|
|-damage|p2a: Dude Nasty Asf|66/100 tox|[from] psn
|upkeep
|
|t:|1760881470
|switch|p1a: Iron Valiant|Iron Valiant|100/100
|-damage|p1a: Iron Valiant|94/100|[from] Stealth Rock
|-enditem|p1a: Iron Valiant|Booster Energy
|-activate|p1a: Iron Valiant|ability: Quark Drive|[fromitem]
|-start|p1a: Iron Valiant|quarkdrivespe
|turn|13
|
|t:|1760881476
|switch|p2a: Djengo Unrained|Gholdengo|100/100
|move|p1a: Iron Valiant|Knock Off|p2a: Djengo Unrained
|-supereffective|p2a: Djengo Unrained
|-damage|p2a: Djengo Unrained|59/100
|-enditem|p2a: Djengo Unrained|Heavy-Duty Boots|[from] move: Knock Off|[of] p1a: Iron Valiant
|
|upkeep
|turn|14
|
|t:|1760881478
|move|p1a: Iron Valiant|Knock Off|p2a: Djengo Unrained
|-supereffective|p2a: Djengo Unrained
|-damage|p2a: Djengo Unrained|30/100
|move|p2a: Djengo Unrained|Make It Rain|p1a: Iron Valiant
|-supereffective|p1a: Iron Valiant
|-damage|p1a: Iron Valiant|0 fnt
|-unboost|p2a: Djengo Unrained|spa|1
|faint|p1a: Iron Valiant
|-end|p1a: Iron Valiant|Quark Drive|[silent]
|
|upkeep
|
|t:|1760881481
|switch|p1a: Dragonite|Dragonite, F|100/100
|turn|15
|
|t:|1760881490
|switch|p2a: CClifford|Zamazenta|100/100
|-ability|p2a: CClifford|Dauntless Shield|boost
|-boost|p2a: CClifford|def|1
|move|p1a: Dragonite|Earthquake|p2a: CClifford
|-damage|p2a: CClifford|79/100
|
|upkeep
|turn|16
|
|t:|1760881493
|move|p2a: CClifford|Ice Fang|p1a: Dragonite
|-supereffective|p1a: Dragonite
|-damage|p1a: Dragonite|63/100
|-status|p1a: Dragonite|frz
|cant|p1a: Dragonite|frz
|
|upkeep
|turn|17
|
|t:|1760881499
|switch|p2a: Dude Nasty Asf|Deoxys-Speed|66/100 tox
|-ability|p2a: Dude Nasty Asf|Pressure
|cant|p1a: Dragonite|frz
|
|-damage|p2a: Dude Nasty Asf|60/100 tox|[from] psn
|upkeep
|turn|18
|
|t:|1760881502
|cant|p1a: Dragonite|frz
|move|p2a: Dude Nasty Asf|Ice Beam|p1a: Dragonite
|-supereffective|p1a: Dragonite
|-damage|p1a: Dragonite|0 fnt
|faint|p1a: Dragonite
|
|-damage|p2a: Dude Nasty Asf|48/100 tox|[from] psn
|upkeep
|-message|delete tera forfeited.
|
|win|bloodybellbottoms
|raw|delete tera's rating: 1494 &rarr; <strong>1471</strong><br />(-23 for losing)
|raw|bloodybellbottoms's rating: 1446 &rarr; <strong>1469</strong><br />(+23 for winning)
|l|☆delete tera
|player|p1|
|l|☆bloodybellbottoms
|player|p2|
