|j|☆leodb
|j|☆leozine
|t:|1760827573
|gametype|singles
|player|p1|leodb|2|1216
|player|p2|leozine|gardenia|1200
|gen|9
|tier|[Gen 9] OU
|rated|
|rule|HP Percentage Mod: HP is shown in percentages
|rule|Endless Battle Clause: Forcing endless battles is banned
|rule|Species Clause: Limit one of each Pokémon
|rule|OHKO Clause: OHKO moves are banned
|rule|Evasion Items Clause: Evasion items are banned
|rule|Evasion Moves Clause: Evasion moves are banned
|rule|Evasion Abilities Clause: Evasion abilities are banned
|rule|Sleep Moves Clause: Sleep-inducing moves are banned
|clearpoke
|poke|p1|Ludicolo, M|
|poke|p1|Pelipper, M|
|poke|p1|Barraskewda, F|
|poke|p1|Iron Crown|
|poke|p1|Great Tusk|
|poke|p1|Moltres|
|poke|p2|Samurott-Hisui, F|
|poke|p2|Torterra, M|
|poke|p2|Heracross, M|
|poke|p2|Gholdengo|
|poke|p2|Kingambit, M|
|poke|p2|Slowking-Galar, M|
|teampreview
|inactive|Battle timer is ON: inactive players will automatically lose when time's up. (requested by leodb)
|l|☆leodb
|inactive|leodb disconnected and has a minute to reconnect!
|player|p1|
|j|☆leodb
|inactive|leodb reconnected and has 120 seconds left.
|player|p1|leodb|2|
|
|t:|1760827608
|teamsize|p1|6
|teamsize|p2|6
|start
|switch|p1a: Frida Khalo|Pelipper, M|100/100
|switch|p2a: Samurott|Samurott-Hisui, F, shiny|100/100
|-weather|RainDance|[from] ability: Drizzle|[of] p1a: Frida Khalo
|turn|1
|
|t:|1760827615
|move|p2a: Samurott|Ceaseless Edge|p1a: Frida Khalo
|-damage|p1a: Frida Khalo|68/100
|-sidestart|p1: leodb|Spikes
|move|p1a: Frida Khalo|U-turn|p2a: Samurott
|-supereffective|p2a: Samurott
|-damage|p2a: Samurott|78/100
|
|t:|1760827623
|switch|p1a: El Chapo|Ludicolo, M|100/100|[from] U-turn
|-damage|p1a: El Chapo|88/100|[from] Spikes
|
|-weather|RainDance|[upkeep]
|upkeep
|turn|2
|
|t:|1760827640
|switch|p2a: Heracross|Heracross, M|100/100
|move|p1a: El Chapo|Giga Drain|p2a: Heracross
|-resisted|p2a: Heracross
|-damage|p2a: Heracross|73/100
|-heal|p1a: El Chapo|100/100|[from] drain|[of] p2a: Heracross
|-damage|p1a: El Chapo|91/100|[from] item: Life Orb
|
|-weather|RainDance|[upkeep]
|-status|p2a: Heracross|brn|[from] item: Flame Orb
|upkeep
|turn|3
|inactive|leozine has 120 seconds left.
|
|t:|1760827668
|move|p1a: El Chapo|Ice Beam|p2a: Heracross
|-damage|p2a: Heracross|32/100 brn
|-damage|p1a: El Chapo|81/100|[from] item: Life Orb
|move|p2a: Heracross|Close Combat|p1a: El Chapo
|-damage|p1a: El Chapo|0 fnt
|-unboost|p2a: Heracross|def|1
|-unboost|p2a: Heracross|spd|1
|faint|p1a: El Chapo
|
|-weather|RainDance|[upkeep]
|-damage|p2a: Heracross|26/100 brn|[from] brn
|upkeep
|
|t:|1760827675
|switch|p1a: Speedy Gonzales|Barraskewda, F|100/100
|-damage|p1a: Speedy Gonzales|88/100|[from] Spikes
|turn|4
|inactive|leozine has 120 seconds left.
|
|t:|1760827698
|move|p1a: Speedy Gonzales|Flip Turn|p2a: Heracross
|-damage|p2a: Heracross|0 fnt
|faint|p2a: Heracross
|
|t:|1760827703
|switch|p1a: Del Toro|Great Tusk|100/100|[from] Flip Turn
|-damage|p1a: Del Toro|88/100|[from] Spikes
|-enditem|p1a: Del Toro|Booster Energy
|-activate|p1a: Del Toro|ability: Protosynthesis|[fromitem]
|-start|p1a: Del Toro|protosynthesisatk
|
|-weather|RainDance|[upkeep]
|upkeep
|inactive|leozine has 120 seconds left.
|
|t:|1760827711
|switch|p2a: Samurott|Samurott-Hisui, F, shiny|78/100
|turn|5
|
|t:|1760827725
|-terastallize|p2a: Samurott|Ghost
|move|p1a: Del Toro|Rapid Spin|p2a: Samurott
|-immune|p2a: Samurott
|move|p2a: Samurott|Razor Shell|p1a: Del Toro
|-supereffective|p1a: Del Toro
|-damage|p1a: Del Toro|0 fnt
|faint|p1a: Del Toro
|-end|p1a: Del Toro|Protosynthesis|[silent]
|
|-weather|RainDance|[upkeep]
|upkeep
|
|t:|1760827737
|switch|p1a: Speedy Gonzales|Barraskewda, F|88/100
|-damage|p1a: Speedy Gonzales|76/100|[from] Spikes
|turn|6
|
|t:|1760827750
|switch|p2a: Kingambit|Kingambit, M|100/100
|-activate|p2a: Kingambit|ability: Supreme Overlord
|-start|p2a: Kingambit|fallen1|[silent]
|move|p1a: Speedy Gonzales|Liquidation|p2a: Kingambit
|-damage|p2a: Kingambit|27/100
|
|-weather|RainDance|[upkeep]
|-heal|p2a: Kingambit|33/100|[from] item: Leftovers
|upkeep
|turn|7
|
|t:|1760827759
|switch|p1a: MkLeo|Moltres|100/100
|move|p2a: Kingambit|Sucker Punch||[still]
|-fail|p2a: Kingambit
|
|-weather|RainDance|[upkeep]
|-heal|p2a: Kingambit|39/100|[from] item: Leftovers
|upkeep
|turn|8
|
|t:|1760827774
|-end|p2a: Kingambit|fallen1|[silent]
|switch|p2a: Slowking|Slowking-Galar, M|100/100
|move|p1a: MkLeo|Hurricane|p2a: Slowking
|-damage|p2a: Slowking|80/100
|
|-weather|none
|upkeep
|turn|9
|
|t:|1760827786
|move|p1a: MkLeo|U-turn|p2a: Slowking
|-damage|p2a: Slowking|63/100
|
|t:|1760827789
|switch|p1a: Frida Khalo|Pelipper, M|68/100|[from] U-turn
|-weather|RainDance|[from] ability: Drizzle|[of] p1a: Frida Khalo
|move|p2a: Slowking|Psychic Noise|p1a: Frida Khalo
|-damage|p1a: Frida Khalo|19/100
|-start|p1a: Frida Khalo|move: Heal Block
|
|-weather|RainDance|[upkeep]
|upkeep
|turn|10
|
|t:|1760827800
|switch|p1a: Sergio Perez|Iron Crown|100/100
|-damage|p1a: Sergio Perez|88/100|[from] Spikes
|move|p2a: Slowking|Psychic Noise|p1a: Sergio Perez
|-resisted|p1a: Sergio Perez
|-damage|p1a: Sergio Perez|82/100
|-start|p1a: Sergio Perez|move: Heal Block
|
|-weather|RainDance|[upkeep]
|upkeep
|turn|11
|
|t:|1760827821
|switch|p2a: Torterra|Torterra, M|100/100
|move|p1a: Sergio Perez|Future Sight|p2a: Torterra
|-start|p1a: Sergio Perez|move: Future Sight
|
|-weather|RainDance|[upkeep]
|-end|p1a: Sergio Perez|move: Heal Block
|upkeep
|turn|12
|
|t:|1760827834
|-end|p1a: Sergio Perez|Quark Drive|[silent]
|switch|p1a: MkLeo|Moltres|100/100
|move|p2a: Torterra|Shell Smash|p2a: Torterra
|-unboost|p2a: Torterra|def|1
|-unboost|p2a: Torterra|spd|1
|-boost|p2a: Torterra|atk|2
|-boost|p2a: Torterra|spa|2
|-boost|p2a: Torterra|spe|2
|-enditem|p2a: Torterra|White Herb
|-clearnegativeboost|p2a: Torterra|[silent]
|
|-weather|RainDance|[upkeep]
|upkeep
|turn|13
|
|t:|1760827849
|switch|p2a: Samurott|Samurott-Hisui, F, shiny, tera:Ghost|78/100
|move|p1a: MkLeo|Hurricane|p2a: Samurott
|-damage|p2a: Samurott|3/100
|
|-weather|RainDance|[upkeep]
|-end|p2a: Samurott|move: Future Sight
|-crit|p2a: Samurott
|-damage|p2a: Samurott|0 fnt
|faint|p2a: Samurott
|upkeep
|inactive|leozine has 120 seconds left.
|
|t:|1760827868
|switch|p2a: Slowking|Slowking-Galar, M|97/100
|turn|14
|
|t:|1760827873
|move|p1a: MkLeo|U-turn|p2a: Slowking
|-damage|p2a: Slowking|80/100
|
|t:|1760827875
|switch|p1a: Sergio Perez|Iron Crown|82/100|[from] U-turn
|-damage|p1a: Sergio Perez|70/100|[from] Spikes
|move|p2a: Slowking|Flamethrower|p1a: Sergio Perez
|-supereffective|p1a: Sergio Perez
|-damage|p1a: Sergio Perez|52/100
|
|-weather|RainDance|[upkeep]
|upkeep
|turn|15
|
|t:|1760827887
|switch|p2a: Torterra|Torterra, M|100/100
|move|p1a: Sergio Perez|Future Sight|p2a: Torterra
|-start|p1a: Sergio Perez|move: Future Sight
|
|-weather|RainDance|[upkeep]
|upkeep
|turn|16
|
|t:|1760827903
|-end|p1a: Sergio Perez|Quark Drive|[silent]
|switch|p1a: MkLeo|Moltres|100/100
|switch|p2a: Slowking|Slowking-Galar, M|100/100
|
|-weather|none
|upkeep
|turn|17
|
|t:|1760827916
|move|p1a: MkLeo|U-turn|p2a: Slowking
|-damage|p2a: Slowking|86/100
|
|t:|1760827918
|switch|p1a: Frida Khalo|Pelipper, M|19/100|[from] U-turn
|-weather|RainDance|[from] ability: Drizzle|[of] p1a: Frida Khalo
|move|p2a: Slowking|Psychic Noise|p1a: Frida Khalo
|-damage|p1a: Frida Khalo|0 fnt
|faint|p1a: Frida Khalo
|
|-weather|RainDance|[upkeep]
|-end|p2a: Slowking|move: Future Sight
|-damage|p2a: Slowking|58/100
|upkeep
|
|t:|1760827927
|switch|p1a: Speedy Gonzales|Barraskewda, F|76/100
|-damage|p1a: Speedy Gonzales|64/100|[from] Spikes
|turn|18
|
|t:|1760827939
|switch|p2a: Gholdengo|Gholdengo, shiny|100/100
|-item|p2a: Gholdengo|Air Balloon
|move|p1a: Speedy Gonzales|Close Combat|p2a: Gholdengo
|-immune|p2a: Gholdengo
|
|-weather|RainDance|[upkeep]
|upkeep
|turn|19
|
|t:|1760827955
|switch|p1a: Sergio Perez|Iron Crown|52/100
|-damage|p1a: Sergio Perez|40/100|[from] Spikes
|move|p2a: Gholdengo|Nasty Plot|p2a: Gholdengo
|-boost|p2a: Gholdengo|spa|2
|
|-weather|RainDance|[upkeep]
|upkeep
|turn|20
|
|t:|1760827967
|move|p1a: Sergio Perez|Volt Switch|p2a: Gholdengo
|-damage|p2a: Gholdengo|76/100
|-enditem|p2a: Gholdengo|Air Balloon
|
|t:|1760827972
|-end|p1a: Sergio Perez|Quark Drive|[silent]
|switch|p1a: Speedy Gonzales|Barraskewda, F|64/100|[from] Volt Switch
|-damage|p1a: Speedy Gonzales|52/100|[from] Spikes
|move|p2a: Gholdengo|Shadow Ball|p1a: Speedy Gonzales
|-damage|p1a: Speedy Gonzales|0 fnt
|faint|p1a: Speedy Gonzales
|
|-weather|RainDance|[upkeep]
|upkeep
|-message|leodb forfeited.
|
|win|leozine
|raw|leodb's rating: 1216 &rarr; <strong>1190</strong><br />(-26 for losing)
|raw|leozine's rating: 1200 &rarr; <strong>1226</strong><br />(+26 for winning)
|l|☆leodb
|player|p1|
|l|☆leozine
|player|p2|
