|j|☆mechamakachino
|j|☆jarrodbennett
|t:|1760813774
|gametype|singles
|player|p1|mechamakachino|266|1570
|player|p2|jarrodbennett|102|1503
|gen|9
|tier|[Gen 9] OU
|rated|
|rule|HP Percentage Mod: HP is shown in percentages
|rule|Endless Battle Clause: Forcing endless battles is banned
|rule|Species Clause: Limit one of each Pokémon
|rule|OHKO Clause: OHKO moves are banned
|rule|Evasion Items Clause: Evasion items are banned
|rule|Evasion Moves Clause: Evasion moves are banned
|rule|Evasion Abilities Clause: Evasion abilities are banned
|rule|Sleep Moves Clause: Sleep-inducing moves are banned
|clearpoke
|poke|p1|Skarmory, F|
|poke|p1|Ting-Lu|
|poke|p1|Zamazenta-*|
|poke|p1|Pecharunt|
|poke|p1|Clefable, M|
|poke|p1|Walking Wake|
|poke|p2|Ribombee, M|
|poke|p2|Cinderace, M|
|poke|p2|Serperior, F|
|poke|p2|Hitmonlee, M|
|poke|p2|Empoleon, M|
|poke|p2|Kingambit, F|
|teampreview
|
|t:|1760813783
|teamsize|p1|6
|teamsize|p2|6
|start
|switch|p1a: Poison Young Thing|Pecharunt|100/100
|switch|p2a: Ya Like Jazz?|Ribombee, M|100/100
|turn|1
|
|t:|1760813792
|move|p2a: Ya Like Jazz?|Sticky Web|p1a: Poison Young Thing
|-sidestart|p1: mechamakachino|move: Sticky Web
|move|p1a: Poison Young Thing|Malignant Chain|p2a: Ya Like Jazz?
|-supereffective|p2a: Ya Like Jazz?
|-enditem|p2a: Ya Like Jazz?|Focus Sash
|-damage|p2a: Ya Like Jazz?|1/100
|
|upkeep
|turn|2
|
|t:|1760813805
|move|p2a: Ya Like Jazz?|Struggle Bug|p1a: Poison Young Thing
|-resisted|p1a: Poison Young Thing
|-damage|p1a: Poison Young Thing|95/100
|-unboost|p1a: Poison Young Thing|spa|1
|move|p1a: Poison Young Thing|Foul Play|p2a: Ya Like Jazz?
|-resisted|p2a: Ya Like Jazz?
|-damage|p2a: Ya Like Jazz?|0 fnt
|faint|p2a: Ya Like Jazz?
|
|upkeep
|
|t:|1760813815
|switch|p2a: What's Up Doc?|Cinderace, M|100/100
|turn|3
|
|t:|1760813818
|move|p2a: What's Up Doc?|Court Change|p2a: What's Up Doc?
|-start|p2a: What's Up Doc?|typechange|Normal|[from] ability: Libero
|-swapsideconditions
|-activate|p2a: What's Up Doc?|move: Court Change
|move|p1a: Poison Young Thing|Foul Play|p2a: What's Up Doc?
|-damage|p2a: What's Up Doc?|55/100
|
|upkeep
|turn|4
|
|t:|1760813829
|switch|p2a: Taking a Dump|Kingambit, F|100/100
|-activate|p2a: Taking a Dump|move: Sticky Web
|-unboost|p2a: Taking a Dump|spe|1
|-ability|p2a: Taking a Dump|Defiant|boost
|-boost|p2a: Taking a Dump|atk|2
|move|p1a: Poison Young Thing|Foul Play|p2a: Taking a Dump
|-resisted|p2a: Taking a Dump
|-damage|p2a: Taking a Dump|74/100
|
|upkeep
|turn|5
|
|t:|1760813838
|switch|p1a: Smooth Criminal|Skarmory, F|100/100
|move|p2a: Taking a Dump|Iron Head|p1a: Smooth Criminal
|-resisted|p1a: Smooth Criminal
|-damage|p1a: Smooth Criminal|75/100
|-damage|p2a: Taking a Dump|57/100|[from] item: Rocky Helmet|[of] p1a: Smooth Criminal
|
|upkeep
|turn|6
|
|t:|1760813857
|move|p1a: Smooth Criminal|Spikes|p2a: Taking a Dump
|-sidestart|p2: jarrodbennett|Spikes
|move|p2a: Taking a Dump|Kowtow Cleave|p1a: Smooth Criminal
|-damage|p1a: Smooth Criminal|16/100
|-damage|p2a: Taking a Dump|41/100|[from] item: Rocky Helmet|[of] p1a: Smooth Criminal
|
|upkeep
|turn|7
|
|t:|1760813864
|move|p1a: Smooth Criminal|Roost|p1a: Smooth Criminal
|-heal|p1a: Smooth Criminal|66/100
|-singleturn|p1a: Smooth Criminal|move: Roost
|move|p2a: Taking a Dump|Low Kick|p1a: Smooth Criminal
|-supereffective|p1a: Smooth Criminal
|-damage|p1a: Smooth Criminal|0 fnt
|-damage|p2a: Taking a Dump|24/100|[from] item: Rocky Helmet|[of] p1a: Smooth Criminal
|faint|p1a: Smooth Criminal
|
|upkeep
|
|t:|1760813870
|switch|p1a: Beat It|Zamazenta|100/100
|-ability|p1a: Beat It|Dauntless Shield|boost
|-boost|p1a: Beat It|def|1
|turn|8
|
|t:|1760813879
|move|p1a: Beat It|Close Combat|p2a: Taking a Dump
|-supereffective|p2a: Taking a Dump
|-damage|p2a: Taking a Dump|0 fnt
|-unboost|p1a: Beat It|def|1
|-unboost|p1a: Beat It|spd|1
|faint|p2a: Taking a Dump
|
|upkeep
|
|t:|1760813897
|switch|p2a: Slytherin|Serperior, F|100/100
|-activate|p2a: Slytherin|move: Sticky Web
|-boost|p2a: Slytherin|spe|1
|-damage|p2a: Slytherin|88/100|[from] Spikes
|turn|9
|
|t:|1760813903
|move|p2a: Slytherin|Leaf Storm|p1a: Beat It
|-damage|p1a: Beat It|35/100
|-boost|p2a: Slytherin|spa|2
|move|p1a: Beat It|Close Combat|p2a: Slytherin
|-damage|p2a: Slytherin|9/100
|-unboost|p1a: Beat It|def|1
|-unboost|p1a: Beat It|spd|1
|
|upkeep
|turn|10
|
|t:|1760813913
|move|p2a: Slytherin|Leaf Storm|p1a: Beat It
|-damage|p1a: Beat It|0 fnt
|-boost|p2a: Slytherin|spa|2
|faint|p1a: Beat It
|
|upkeep
|
|t:|1760813914
|switch|p1a: Moonwalker|Clefable, M|100/100
|turn|11
|
|t:|1760813923
|-terastallize|p1a: Moonwalker|Steel
|move|p2a: Slytherin|Gastro Acid|p1a: Moonwalker
|-endability|p1a: Moonwalker
|move|p1a: Moonwalker|Moonblast|p2a: Slytherin
|-damage|p2a: Slytherin|0 fnt
|faint|p2a: Slytherin
|
|upkeep
|
|t:|1760813933
|switch|p2a: Big Z|Empoleon, M|100/100
|-activate|p2a: Big Z|move: Sticky Web
|-unboost|p2a: Big Z|spe|1
|-ability|p2a: Big Z|Competitive|boost
|-boost|p2a: Big Z|spa|2
|-damage|p2a: Big Z|88/100|[from] Spikes
|turn|12
|
|t:|1760813940
|move|p1a: Moonwalker|Knock Off|p2a: Big Z
|-damage|p2a: Big Z|72/100
|-enditem|p2a: Big Z|Assault Vest|[from] move: Knock Off|[of] p1a: Moonwalker
|move|p2a: Big Z|Surf|p1a: Moonwalker
|-damage|p1a: Moonwalker|6/100
|
|-heal|p1a: Moonwalker|12/100|[from] item: Leftovers
|upkeep
|turn|13
|
|t:|1760813949
|move|p2a: Big Z|Vacuum Wave|p1a: Moonwalker
|-supereffective|p1a: Moonwalker
|-crit|p1a: Moonwalker
|-damage|p1a: Moonwalker|0 fnt
|faint|p1a: Moonwalker
|
|upkeep
|
|t:|1760813952
|switch|p1a: Rock With You|Ting-Lu|100/100
|-ability|p1a: Rock With You|Vessel of Ruin
|turn|14
|
|t:|1760813972
|switch|p2a: What's Up Doc?|Cinderace, M|55/100
|move|p1a: Rock With You|Earthquake|p2a: What's Up Doc?
|-supereffective|p2a: What's Up Doc?
|-damage|p2a: What's Up Doc?|0 fnt
|faint|p2a: What's Up Doc?
|
|upkeep
|
|t:|1760813980
|switch|p2a: Kickin' Nugget|Hitmonlee, M|100/100
|-activate|p2a: Kickin' Nugget|move: Sticky Web
|-unboost|p2a: Kickin' Nugget|spe|1
|-damage|p2a: Kickin' Nugget|88/100|[from] Spikes
|-enditem|p2a: Kickin' Nugget|White Herb
|-clearnegativeboost|p2a: Kickin' Nugget|[silent]
|turn|15
|
|t:|1760813986
|switch|p1a: Poison Young Thing|Pecharunt|95/100
|move|p2a: Kickin' Nugget|Swords Dance|p2a: Kickin' Nugget
|-boost|p2a: Kickin' Nugget|atk|2
|
|upkeep
|turn|16
|
|t:|1760813993
|move|p2a: Kickin' Nugget|Knock Off|p1a: Poison Young Thing
|-supereffective|p1a: Poison Young Thing
|-damage|p1a: Poison Young Thing|28/100
|-enditem|p1a: Poison Young Thing|Heavy-Duty Boots|[from] move: Knock Off|[of] p2a: Kickin' Nugget
|move|p1a: Poison Young Thing|Parting Shot|p2a: Kickin' Nugget
|-unboost|p2a: Kickin' Nugget|atk|1
|-unboost|p2a: Kickin' Nugget|spa|1
|
|t:|1760813995
|switch|p1a: Thriller|Walking Wake|100/100|[from] Parting Shot
|
|upkeep
|turn|17
|
|t:|1760814008
|-terastallize|p2a: Kickin' Nugget|Fighting
|move|p2a: Kickin' Nugget|Close Combat|p1a: Thriller
|-damage|p1a: Thriller|0 fnt
|-unboost|p2a: Kickin' Nugget|def|1
|-unboost|p2a: Kickin' Nugget|spd|1
|faint|p1a: Thriller
|-end|p1a: Thriller|Protosynthesis|[silent]
|
|upkeep
|-message|mechamakachino forfeited.
|
|win|jarrodbennett
|raw|mechamakachino's rating: 1570 &rarr; <strong>1546</strong><br />(-24 for losing)
|raw|jarrodbennett's rating: 1503 &rarr; <strong>1527</strong><br />(+24 for winning)
|l|☆mechamakachino
|player|p1|
|l|☆jarrodbennett
|player|p2|
