|badge|p2|bronze|gen9doublesou|100-7
|badge|p2|bronze|gen9ubers|100-7
|uhtml|medal-msg|<div class="broadcast-blue">Curious what those medals under the avatar are? PS now has Ladder Seasons! For more information, check out the <a href="https://www.smogon.com/forums/threads/3740067/">thread on Smogon.</a></div>
|j|☆Pariston hiyl
|j|☆RoaringMoonlight2
|inactive|Battle timer is ON: inactive players will automatically lose when time's up.
|t:|1760812450
|gametype|singles
|player|p1|Pariston hiyl|cynthia-gen7|
|player|p2|RoaringMoonlight2|turo-ai|
|gen|9
|tier|[Gen 9] OU
|rated|Tournament battle
|rule|HP Percentage Mod: HP is shown in percentages
|rule|Endless Battle Clause: Forcing endless battles is banned
|rule|Species Clause: Limit one of each Pokémon
|rule|OHKO Clause: OHKO moves are banned
|rule|Evasion Items Clause: Evasion items are banned
|rule|Evasion Moves Clause: Evasion moves are banned
|rule|Evasion Abilities Clause: Evasion abilities are banned
|rule|Sleep Moves Clause: Sleep-inducing moves are banned
|clearpoke
|poke|p1|Torkoal, F|
|poke|p1|Great Tusk|
|poke|p1|Slither Wing|
|poke|p1|Venusaur, M|
|poke|p1|Walking Wake|
|poke|p1|Heatran, M|
|poke|p2|Glimmora, M|
|poke|p2|Iron Valiant|
|poke|p2|Raging Bolt|
|poke|p2|Ogerpon-Wellspring, F|
|poke|p2|Kingambit, M|
|poke|p2|Ceruledge, M|
|teampreview
|inactive|RoaringMoonlight2 also wants the timer to be on.
|
|t:|1760812469
|teamsize|p1|6
|teamsize|p2|6
|start
|switch|p1a: Randy|Great Tusk|100/100
|switch|p2a: Fleur de Cuivre|Glimmora, M|100/100
|turn|1
|
|t:|1760812478
|switch|p2a: Masqurécage|Ogerpon-Wellspring, F|100/100
|move|p1a: Randy|Rapid Spin|p2a: Masqurécage
|-damage|p2a: Masqurécage|82/100
|-boost|p1a: Randy|spe|1
|
|upkeep
|turn|2
|
|t:|1760812487
|-end|p1a: Randy|Protosynthesis|[silent]
|switch|p1a: Lloyd|Torkoal, F|100/100
|-weather|SunnyDay|[from] ability: Drought|[of] p1a: Lloyd
|move|p2a: Masqurécage|Ivy Cudgel|p1a: Lloyd|[anim] Ivy Cudgel Water
|-supereffective|p1a: Lloyd
|-damage|p1a: Lloyd|50/100
|
|-weather|SunnyDay|[upkeep]
|upkeep
|turn|3
|j| Minatochima
|
|t:|1760812495
|switch|p1a: Tio|Walking Wake|100/100
|-activate|p1a: Tio|ability: Protosynthesis
|-start|p1a: Tio|protosynthesisspe
|move|p2a: Masqurécage|Ivy Cudgel|p1a: Tio|[anim] Ivy Cudgel Water
|-resisted|p1a: Tio
|-damage|p1a: Tio|93/100
|
|-weather|SunnyDay|[upkeep]
|upkeep
|turn|4
|
|t:|1760812503
|move|p1a: Tio|Flamethrower|p2a: Masqurécage
|-damage|p2a: Masqurécage|6/100
|move|p2a: Masqurécage|Power Whip|p1a: Tio
|-damage|p1a: Tio|19/100
|
|-weather|SunnyDay|[upkeep]
|upkeep
|turn|5
|
|t:|1760812512
|move|p1a: Tio|Flamethrower|p2a: Masqurécage
|-damage|p2a: Masqurécage|0 fnt
|faint|p2a: Masqurécage
|
|-weather|SunnyDay|[upkeep]
|upkeep
|
|t:|1760812535
|switch|p2a: Escrameur|Ceruledge, M|100/100
|turn|6
|
|t:|1760812539
|-end|p1a: Tio|Protosynthesis|[silent]
|switch|p1a: Randy|Great Tusk|100/100
|-activate|p1a: Randy|ability: Protosynthesis
|-start|p1a: Randy|protosynthesisspe
|move|p2a: Escrameur|Shadow Sneak|p1a: Randy
|-damage|p1a: Randy|86/100
|
|-weather|SunnyDay|[upkeep]
|upkeep
|turn|7
|
|t:|1760812548
|move|p1a: Randy|Earthquake|p2a: Escrameur
|-supereffective|p2a: Escrameur
|-enditem|p2a: Escrameur|Focus Sash
|-damage|p2a: Escrameur|1/100
|-ability|p2a: Escrameur|Weak Armor|boost
|-unboost|p2a: Escrameur|def|1
|-boost|p2a: Escrameur|spe|2
|move|p2a: Escrameur|Swords Dance|p2a: Escrameur
|-boost|p2a: Escrameur|atk|2
|
|-weather|SunnyDay|[upkeep]
|upkeep
|turn|8
|
|t:|1760812561
|-end|p1a: Randy|Protosynthesis|[silent]
|switch|p1a: Tio|Walking Wake|19/100
|-activate|p1a: Tio|ability: Protosynthesis
|-start|p1a: Tio|protosynthesisspe
|move|p2a: Escrameur|Bitter Blade|p1a: Tio
|-resisted|p1a: Tio
|-damage|p1a: Tio|0 fnt
|-heal|p2a: Escrameur|12/100|[from] drain|[of] p1a: Tio
|faint|p1a: Tio
|-end|p1a: Tio|Protosynthesis|[silent]
|
|-weather|SunnyDay|[upkeep]
|upkeep
|
|t:|1760812563
|switch|p1a: Noel|Slither Wing|100/100
|-activate|p1a: Noel|ability: Protosynthesis
|-start|p1a: Noel|protosynthesisatk
|turn|9
|
|t:|1760812576
|move|p1a: Noel|First Impression|p2a: Escrameur
|-resisted|p2a: Escrameur
|-damage|p2a: Escrameur|0 fnt
|faint|p2a: Escrameur
|
|-weather|none
|-end|p1a: Noel|Protosynthesis
|upkeep
|
|t:|1760812578
|switch|p2a: Fleur de Cuivre|Glimmora, M|100/100
|turn|10
|
|t:|1760812583
|move|p2a: Fleur de Cuivre|Stealth Rock|p1a: Noel
|-sidestart|p1: Pariston hiyl|move: Stealth Rock
|move|p1a: Noel|Earthquake|p2a: Fleur de Cuivre
|-supereffective|p2a: Fleur de Cuivre
|-damage|p2a: Fleur de Cuivre|0 fnt
|-activate|p2a: Fleur de Cuivre|ability: Toxic Debris
|-sidestart|p1: Pariston hiyl|move: Toxic Spikes
|faint|p2a: Fleur de Cuivre
|
|upkeep
|
|t:|1760812585
|switch|p2a: Terminator|Iron Valiant|100/100
|-enditem|p2a: Terminator|Booster Energy
|-activate|p2a: Terminator|ability: Quark Drive|[fromitem]
|-start|p2a: Terminator|quarkdrivespe
|turn|11
|
|t:|1760812593
|-end|p1a: Noel|Protosynthesis|[silent]
|switch|p1a: Lloyd|Torkoal, F|50/100
|-damage|p1a: Lloyd|25/100|[from] Stealth Rock
|-status|p1a: Lloyd|psn
|-weather|SunnyDay|[from] ability: Drought|[of] p1a: Lloyd
|move|p2a: Terminator|Calm Mind|p2a: Terminator
|-boost|p2a: Terminator|spa|1
|-boost|p2a: Terminator|spd|1
|
|-weather|SunnyDay|[upkeep]
|-damage|p1a: Lloyd|13/100 psn|[from] psn
|upkeep
|turn|12
|
|t:|1760812608
|move|p2a: Terminator|Moonblast|p1a: Lloyd
|-resisted|p1a: Lloyd
|-damage|p1a: Lloyd|0 fnt
|faint|p1a: Lloyd
|
|-weather|SunnyDay|[upkeep]
|upkeep
|
|t:|1760812611
|switch|p1a: Elie|Venusaur, M|100/100
|-damage|p1a: Elie|88/100|[from] Stealth Rock
|-sideend|p1: Pariston hiyl|move: Toxic Spikes|[of] p1a: Elie
|turn|13
|j| Ledragon94
|
|t:|1760812619
|-terastallize|p2a: Terminator|Steel
|move|p1a: Elie|Sludge Bomb|p2a: Terminator
|-immune|p2a: Terminator
|move|p2a: Terminator|Psyshock|p1a: Elie
|-supereffective|p1a: Elie
|-damage|p1a: Elie|0 fnt
|faint|p1a: Elie
|
|-weather|SunnyDay|[upkeep]
|upkeep
|
|t:|1760812625
|switch|p1a: Noel|Slither Wing|100/100
|-damage|p1a: Noel|88/100|[from] Stealth Rock
|-activate|p1a: Noel|ability: Protosynthesis
|-start|p1a: Noel|protosynthesisatk
|turn|14
|
|t:|1760812630
|-terastallize|p1a: Noel|Electric
|move|p2a: Terminator|Moonblast|p1a: Noel
|-damage|p1a: Noel|41/100
|move|p1a: Noel|Earthquake|p2a: Terminator
|-supereffective|p2a: Terminator
|-damage|p2a: Terminator|0 fnt
|faint|p2a: Terminator
|-end|p2a: Terminator|Quark Drive|[silent]
|
|-weather|SunnyDay|[upkeep]
|upkeep
|
|t:|1760812634
|switch|p2a: Général 50/50|Kingambit, M|100/100
|-activate|p2a: Général 50/50|ability: Supreme Overlord
|-start|p2a: Général 50/50|fallen4|[silent]
|turn|15
|
|t:|1760812639
|move|p1a: Noel|Low Kick|p2a: Général 50/50
|-supereffective|p2a: Général 50/50
|-damage|p2a: Général 50/50|0 fnt
|faint|p2a: Général 50/50
|-end|p2a: Général 50/50|fallen4|[silent]
|
|-weather|SunnyDay|[upkeep]
|upkeep
|
|t:|1760812641
|switch|p2a: Raille-Cou|Raging Bolt|100/100
|-activate|p2a: Raille-Cou|ability: Protosynthesis
|-start|p2a: Raille-Cou|protosynthesisspa
|turn|16
|
|t:|1760812644
|move|p2a: Raille-Cou|Dragon Pulse|p1a: Noel
|-damage|p1a: Noel|0 fnt
|faint|p1a: Noel
|-end|p1a: Noel|Protosynthesis|[silent]
|
|-weather|SunnyDay|[upkeep]
|upkeep
|
|t:|1760812648
|switch|p1a: Randy|Great Tusk|86/100
|-damage|p1a: Randy|83/100|[from] Stealth Rock
|-activate|p1a: Randy|ability: Protosynthesis
|-start|p1a: Randy|protosynthesisspe
|turn|17
|
|t:|1760812651
|move|p1a: Randy|Earthquake|p2a: Raille-Cou
|-supereffective|p2a: Raille-Cou
|-damage|p2a: Raille-Cou|22/100
|move|p2a: Raille-Cou|Dragon Pulse|p1a: Randy
|-damage|p1a: Randy|4/100
|
|-weather|SunnyDay|[upkeep]
|-heal|p2a: Raille-Cou|28/100|[from] item: Leftovers
|upkeep
|turn|18
|c|☆RoaringMoonlight2|gg
|
|t:|1760812655
|move|p1a: Randy|Earthquake|p2a: Raille-Cou
|-supereffective|p2a: Raille-Cou
|-damage|p2a: Raille-Cou|0 fnt
|faint|p2a: Raille-Cou
|-end|p2a: Raille-Cou|Protosynthesis|[silent]
|
|win|Pariston hiyl
|n|☆Pariston hiyl|paristonhiyl
|n|☆RoaringMoonlight2|roaringmoonlight2
|n| Minatochima|minatochima
|n| Ledragon94|ledragon94
