|j|☆Eligoth
|j|☆Callooee
|t:|1760736476
|gametype|singles
|player|p1|Eligoth|swimmer|1271
|player|p2|Callooee|170|1238
|gen|9
|tier|[Gen 9] OU
|rated|
|rule|HP Percentage Mod: HP is shown in percentages
|rule|Endless Battle Clause: Forcing endless battles is banned
|rule|Species Clause: Limit one of each Pokémon
|rule|OHKO Clause: OHKO moves are banned
|rule|Evasion Items Clause: Evasion items are banned
|rule|Evasion Moves Clause: Evasion moves are banned
|rule|Evasion Abilities Clause: Evasion abilities are banned
|rule|Sleep Moves Clause: Sleep-inducing moves are banned
|clearpoke
|poke|p1|Araquanid, M|
|poke|p1|Kingambit, M|
|poke|p1|Dragapult, M|
|poke|p1|Gliscor, F|
|poke|p1|Raging Bolt|
|poke|p1|Glimmora, M|
|poke|p2|Dragapult, F|
|poke|p2|Slowking-Galar, F|
|poke|p2|Great Tusk|
|poke|p2|Dragonite, F|
|poke|p2|Gholdengo|
|poke|p2|Iron Valiant|
|teampreview
|c|☆Eligoth|gholdengo goes crazy
|
|t:|1760736506
|teamsize|p1|6
|teamsize|p2|6
|start
|switch|p1a: Oraxia|Araquanid, M, shiny|100/100
|switch|p2a: Gholdengo|Gholdengo|100/100
|turn|1
|
|t:|1760736514
|move|p2a: Gholdengo|Trick|p1a: Oraxia
|-activate|p2a: Gholdengo|move: Trick|[of] p1a: Oraxia
|-item|p1a: Oraxia|Choice Scarf|[from] move: Trick
|-item|p2a: Gholdengo|Assault Vest|[from] move: Trick
|move|p1a: Oraxia|Surf|p2a: Gholdengo
|-damage|p2a: Gholdengo|57/100
|
|upkeep
|turn|2
|
|t:|1760736522
|switch|p2a: Slowking|Slowking-Galar, F|100/100
|move|p1a: Oraxia|Surf|p2a: Slowking
|-damage|p2a: Slowking|59/100
|
|upkeep
|turn|3
|
|t:|1760736530
|move|p1a: Oraxia|Surf|p2a: Slowking
|-damage|p2a: Slowking|19/100
|-prepare|p2a: Slowking|Chilly Reception|[premajor]
|move|p2a: Slowking|Chilly Reception|p2a: Slowking
|-weather|Snowscape
|
|t:|1760736532
|switch|p2a: Dragapult|Dragapult, F|100/100|[from] Chilly Reception
|
|-weather|Snowscape|[upkeep]
|upkeep
|turn|4
|
|t:|1760736537
|switch|p1a: Not Grounded|Glimmora, M|100/100
|move|p2a: Dragapult|Light Screen|p2a: Dragapult
|-sidestart|p2: Callooee|move: Light Screen
|
|-weather|Snowscape|[upkeep]
|upkeep
|turn|5
|
|t:|1760736543
|switch|p2a: Gholdengo|Gholdengo|57/100
|move|p1a: Not Grounded|Spikes|p2a: Gholdengo
|-sidestart|p2: Callooee|Spikes
|
|-weather|Snowscape|[upkeep]
|upkeep
|turn|6
|
|t:|1760736547
|switch|p1a: Oraxia|Araquanid, M, shiny|100/100
|move|p2a: Gholdengo|Make It Rain|p1a: Oraxia
|-resisted|p1a: Oraxia
|-damage|p1a: Oraxia|74/100
|-unboost|p2a: Gholdengo|spa|1
|
|-weather|Snowscape|[upkeep]
|upkeep
|turn|7
|
|t:|1760736554
|switch|p2a: Dragapult|Dragapult, F|100/100
|-damage|p2a: Dragapult|88/100|[from] Spikes
|move|p1a: Oraxia|Surf|p2a: Dragapult
|-resisted|p2a: Dragapult
|-damage|p2a: Dragapult|71/100
|
|-weather|none
|upkeep
|turn|8
|
|t:|1760736560
|move|p2a: Dragapult|Will-O-Wisp|p1a: Oraxia
|-immune|p1a: Oraxia|[from] ability: Water Bubble
|move|p1a: Oraxia|Surf|p2a: Dragapult
|-resisted|p2a: Dragapult
|-crit|p2a: Dragapult
|-damage|p2a: Dragapult|22/100
|
|upkeep
|turn|9
|
|t:|1760736565
|move|p2a: Dragapult|Light Screen||[still]
|-fail|p2a: Dragapult
|move|p1a: Oraxia|Surf|p2a: Dragapult
|-resisted|p2a: Dragapult
|-damage|p2a: Dragapult|6/100
|
|upkeep
|turn|10
|
|t:|1760736568
|move|p2a: Dragapult|Dragon Darts|p1a: Oraxia
|-damage|p1a: Oraxia|50/100
|-anim|p2a: Dragapult|Dragon Darts|p1a: Oraxia
|-damage|p1a: Oraxia|29/100
|move|p1a: Oraxia|Surf|p2a: Dragapult
|-resisted|p2a: Dragapult
|-damage|p2a: Dragapult|0 fnt
|faint|p2a: Dragapult
|
|upkeep
|
|t:|1760736579
|switch|p2a: Gholdengo|Gholdengo|57/100
|-damage|p2a: Gholdengo|45/100|[from] Spikes
|turn|11
|
|t:|1760736582
|move|p2a: Gholdengo|Dazzling Gleam|p1a: Oraxia
|-damage|p1a: Oraxia|2/100
|move|p1a: Oraxia|Surf|p2a: Gholdengo
|-crit|p2a: Gholdengo
|-damage|p2a: Gholdengo|0 fnt
|faint|p2a: Gholdengo
|
|-sideend|p2: Callooee|move: Light Screen
|upkeep
|-message|Callooee forfeited.
|
|win|Eligoth
|raw|Eligoth's rating: 1271 &rarr; <strong>1294</strong><br />(+23 for winning)
|raw|Callooee's rating: 1238 &rarr; <strong>1215</strong><br />(-23 for losing)
|l|☆Callooee
|player|p2|
|c|☆Eligoth|RAAAAAAAAA
|c|☆Eligoth|RAAAAAAAAAAAAA
