|j|☆Zapy364
|j|☆werearewe
|t:|1760824690
|gametype|singles
|player|p1|Zapy364|101|1664
|player|p2|werearewe|170|1618
|gen|9
|tier|[Gen 9] OU
|rated|
|rule|HP Percentage Mod: HP is shown in percentages
|rule|Endless Battle Clause: Forcing endless battles is banned
|rule|Species Clause: Limit one of each Pokémon
|rule|OHKO Clause: OHKO moves are banned
|rule|Evasion Items Clause: Evasion items are banned
|rule|Evasion Moves Clause: Evasion moves are banned
|rule|Evasion Abilities Clause: Evasion abilities are banned
|rule|Sleep Moves Clause: Sleep-inducing moves are banned
|clearpoke
|poke|p1|Dragapult, F|
|poke|p1|Keldeo-Resolute|
|poke|p1|Primarina, F|
|poke|p1|Zamazenta-*|
|poke|p1|Great Tusk|
|poke|p1|Ogerpon-Cornerstone, F|
|poke|p2|Ribombee, F|
|poke|p2|Cinderace, F|
|poke|p2|Ogerpon, F|
|poke|p2|Milotic, F|
|poke|p2|Kingambit, F|
|poke|p2|Empoleon, F|
|teampreview
|inactive|Battle timer is ON: inactive players will automatically lose when time's up. (requested by Zapy364)
|inactive|Zapy364 has 120 seconds left.
|
|t:|1760824729
|teamsize|p1|6
|teamsize|p2|6
|start
|switch|p1a: Primarina|Primarina, F|100/100
|switch|p2a: Ribombee|Ribombee, F|100/100
|turn|1
|
|t:|1760824757
|move|p2a: Ribombee|Stun Spore|p1a: Primarina|[miss]
|-miss|p2a: Ribombee|p1a: Primarina
|move|p1a: Primarina|Moonblast|p2a: Ribombee
|-damage|p2a: Ribombee|2/100
|
|upkeep
|turn|2
|
|t:|1760824773
|move|p2a: Ribombee|Sticky Web|p1a: Primarina
|-sidestart|p1: Zapy364|move: Sticky Web
|move|p1a: Primarina|Flip Turn|p2a: Ribombee
|-damage|p2a: Ribombee|0 fnt
|faint|p2a: Ribombee
|
|t:|1760824774
|switch|p1a: Dragapult|Dragapult, F|100/100|[from] Flip Turn
|
|upkeep
|
|t:|1760824780
|switch|p2a: Cinderace|Cinderace, F|100/100
|turn|3
|
|t:|1760824787
|move|p1a: Dragapult|U-turn|p2a: Cinderace
|-resisted|p2a: Cinderace
|-damage|p2a: Cinderace|90/100
|
|t:|1760824789
|switch|p1a: Great Tusk|Great Tusk|100/100|[from] U-turn
|-activate|p1a: Great Tusk|move: Sticky Web
|-unboost|p1a: Great Tusk|spe|1
|move|p2a: Cinderace|Court Change|p2a: Cinderace
|-swapsideconditions
|-activate|p2a: Cinderace|move: Court Change
|
|upkeep
|turn|4
|
|t:|1760824798
|move|p2a: Cinderace|Will-O-Wisp|p1a: Great Tusk|[miss]
|-miss|p2a: Cinderace|p1a: Great Tusk
|move|p1a: Great Tusk|Stealth Rock|p2a: Cinderace
|-sidestart|p2: werearewe|move: Stealth Rock
|
|upkeep
|turn|5
|
|t:|1760824803
|move|p2a: Cinderace|Will-O-Wisp|p1a: Great Tusk
|-status|p1a: Great Tusk|brn
|move|p1a: Great Tusk|Rapid Spin|p2a: Cinderace
|-damage|p2a: Cinderace|81/100
|-boost|p1a: Great Tusk|spe|1
|
|-damage|p1a: Great Tusk|94/100 brn|[from] brn
|upkeep
|turn|6
|
|t:|1760824809
|move|p2a: Cinderace|Pyro Ball|p1a: Great Tusk
|-damage|p1a: Great Tusk|67/100 brn
|move|p1a: Great Tusk|Knock Off|p2a: Cinderace
|-damage|p2a: Cinderace|65/100
|-enditem|p2a: Cinderace|Heavy-Duty Boots|[from] move: Knock Off|[of] p1a: Great Tusk
|
|-damage|p1a: Great Tusk|60/100 brn|[from] brn
|upkeep
|turn|7
|
|t:|1760824818
|move|p2a: Cinderace|Pyro Ball|p1a: Great Tusk|[miss]
|-miss|p2a: Cinderace|p1a: Great Tusk
|move|p1a: Great Tusk|Rapid Spin|p2a: Cinderace
|-damage|p2a: Cinderace|57/100
|-boost|p1a: Great Tusk|spe|1
|
|-damage|p1a: Great Tusk|54/100 brn|[from] brn
|upkeep
|turn|8
|
|t:|1760824824
|move|p1a: Great Tusk|Close Combat|p2a: Cinderace
|-damage|p2a: Cinderace|28/100
|-unboost|p1a: Great Tusk|def|1
|-unboost|p1a: Great Tusk|spd|1
|move|p2a: Cinderace|Pyro Ball|p1a: Great Tusk
|-damage|p1a: Great Tusk|0 fnt
|faint|p1a: Great Tusk
|-end|p1a: Great Tusk|Protosynthesis|[silent]
|
|upkeep
|
|t:|1760824830
|switch|p1a: Dragapult|Dragapult, F|100/100
|turn|9
|
|t:|1760824834
|move|p1a: Dragapult|Hex|p2a: Cinderace
|-damage|p2a: Cinderace|0 fnt
|faint|p2a: Cinderace
|
|upkeep
|
|t:|1760824858
|switch|p2a: Empoleon|Empoleon, F|100/100
|-activate|p2a: Empoleon|move: Sticky Web
|-unboost|p2a: Empoleon|spe|1
|-ability|p2a: Empoleon|Competitive|boost
|-boost|p2a: Empoleon|spa|2
|-damage|p2a: Empoleon|94/100|[from] Stealth Rock
|turn|10
|
|t:|1760824870
|move|p1a: Dragapult|U-turn|p2a: Empoleon
|-resisted|p2a: Empoleon
|-damage|p2a: Empoleon|84/100
|
|t:|1760824872
|switch|p1a: Primarina|Primarina, F|100/100|[from] U-turn
|move|p2a: Empoleon|Ice Beam|p1a: Primarina
|-resisted|p1a: Primarina
|-damage|p1a: Primarina|83/100
|-status|p1a: Primarina|frz
|
|upkeep
|turn|11
|
|t:|1760824877
|cant|p1a: Primarina|frz
|move|p2a: Empoleon|Flash Cannon|p1a: Primarina
|-damage|p1a: Primarina|40/100 frz
|
|upkeep
|turn|12
|
|t:|1760824882
|cant|p1a: Primarina|frz
|move|p2a: Empoleon|Flash Cannon|p1a: Primarina
|-damage|p1a: Primarina|0 fnt
|faint|p1a: Primarina
|
|upkeep
|
|t:|1760824890
|switch|p1a: Zamazenta|Zamazenta|100/100
|-ability|p1a: Zamazenta|Dauntless Shield|boost
|-boost|p1a: Zamazenta|def|1
|turn|13
|
|t:|1760824901
|move|p1a: Zamazenta|Body Press|p2a: Empoleon
|-supereffective|p2a: Empoleon
|-damage|p2a: Empoleon|0 fnt
|faint|p2a: Empoleon
|
|upkeep
|
|t:|1760824904
|switch|p2a: Milotic|Milotic, F|100/100
|-activate|p2a: Milotic|move: Sticky Web
|-unboost|p2a: Milotic|spe|1
|-ability|p2a: Milotic|Competitive|boost
|-boost|p2a: Milotic|spa|2
|-damage|p2a: Milotic|88/100|[from] Stealth Rock
|turn|14
|
|t:|1760824917
|switch|p1a: Ogerpon|Ogerpon-Cornerstone, F|100/100
|-terastallize|p2a: Milotic|Fairy
|move|p2a: Milotic|Draining Kiss|p1a: Ogerpon
|-damage|p1a: Ogerpon|36/100
|-heal|p2a: Milotic|100/100|[from] drain|[of] p1a: Ogerpon
|
|upkeep
|turn|15
|
|t:|1760824934
|switch|p2a: Kingambit|Kingambit, F|100/100
|-activate|p2a: Kingambit|move: Sticky Web
|-unboost|p2a: Kingambit|spe|1
|-ability|p2a: Kingambit|Defiant|boost
|-boost|p2a: Kingambit|atk|2
|-damage|p2a: Kingambit|94/100|[from] Stealth Rock
|move|p1a: Ogerpon|Ivy Cudgel|p2a: Kingambit|[anim] Ivy Cudgel Rock
|-resisted|p2a: Kingambit
|-damage|p2a: Kingambit|72/100
|
|upkeep
|turn|16
|
|t:|1760824946
|switch|p1a: Zamazenta|Zamazenta|100/100
|switch|p2a: Milotic|Milotic, F, tera:Fairy|100/100
|-activate|p2a: Milotic|move: Sticky Web
|-unboost|p2a: Milotic|spe|1
|-ability|p2a: Milotic|Competitive|boost
|-boost|p2a: Milotic|spa|2
|-damage|p2a: Milotic|88/100|[from] Stealth Rock
|
|upkeep
|turn|17
|
|t:|1760824950
|-terastallize|p1a: Zamazenta|Fire
|move|p1a: Zamazenta|Iron Defense|p1a: Zamazenta
|-boost|p1a: Zamazenta|def|2
|move|p2a: Milotic|Draining Kiss|p1a: Zamazenta
|-resisted|p1a: Zamazenta
|-damage|p1a: Zamazenta|80/100
|-heal|p2a: Milotic|100/100|[from] drain|[of] p1a: Zamazenta
|
|-heal|p1a: Zamazenta|86/100|[from] item: Leftovers
|upkeep
|turn|18
|
|t:|1760824956
|move|p1a: Zamazenta|Body Press|p2a: Milotic
|-resisted|p2a: Milotic
|-damage|p2a: Milotic|66/100
|move|p2a: Milotic|Scald|p1a: Zamazenta
|-supereffective|p1a: Zamazenta
|-damage|p1a: Zamazenta|0 fnt
|faint|p1a: Zamazenta
|
|upkeep
|
|t:|1760824974
|switch|p1a: Ogerpon|Ogerpon-Cornerstone, F|36/100
|turn|19
|
|t:|1760825004
|switch|p2a: Kingambit|Kingambit, F|72/100
|-activate|p2a: Kingambit|move: Sticky Web
|-unboost|p2a: Kingambit|spe|1
|-ability|p2a: Kingambit|Defiant|boost
|-boost|p2a: Kingambit|atk|2
|-damage|p2a: Kingambit|66/100|[from] Stealth Rock
|move|p1a: Ogerpon|Power Whip|p2a: Kingambit|[miss]
|-miss|p1a: Ogerpon|p2a: Kingambit
|
|upkeep
|turn|20
|
|t:|1760825012
|move|p1a: Ogerpon|Spiky Shield|p1a: Ogerpon
|-singleturn|p1a: Ogerpon|move: Protect
|move|p2a: Kingambit|Kowtow Cleave|p1a: Ogerpon
|-activate|p1a: Ogerpon|move: Protect
|-damage|p2a: Kingambit|53/100|[from] Spiky Shield|[of] p1a: Ogerpon
|
|upkeep
|turn|21
|
|t:|1760825024
|move|p1a: Ogerpon|Power Whip|p2a: Kingambit|[miss]
|-miss|p1a: Ogerpon|p2a: Kingambit
|move|p2a: Kingambit|Kowtow Cleave|p1a: Ogerpon
|-damage|p1a: Ogerpon|0 fnt
|faint|p1a: Ogerpon
|
|upkeep
|
|t:|1760825027
|switch|p1a: Keldeo|Keldeo-Resolute|100/100
|turn|22
|
|t:|1760825042
|move|p1a: Keldeo|Surf|p2a: Kingambit
|-damage|p2a: Kingambit|8/100
|move|p2a: Kingambit|Kowtow Cleave|p1a: Keldeo
|-resisted|p1a: Keldeo
|-damage|p1a: Keldeo|44/100
|-ability|p1a: Keldeo|Justified|boost
|-boost|p1a: Keldeo|atk|1
|
|upkeep
|turn|23
|
|t:|1760825047
|move|p2a: Kingambit|Sucker Punch|p1a: Keldeo
|-resisted|p1a: Keldeo
|-damage|p1a: Keldeo|0 fnt
|faint|p1a: Keldeo
|
|upkeep
|
|t:|1760825051
|switch|p1a: Dragapult|Dragapult, F|100/100
|turn|24
|
|t:|1760825053
|move|p1a: Dragapult|Will-O-Wisp|p2a: Kingambit|[miss]
|-miss|p1a: Dragapult|p2a: Kingambit
|move|p2a: Kingambit|Kowtow Cleave|p1a: Dragapult
|-supereffective|p1a: Dragapult
|-damage|p1a: Dragapult|0 fnt
|faint|p1a: Dragapult
|
|win|werearewe
|raw|Zapy364's rating: 1664 &rarr; <strong>1641</strong><br />(-23 for losing)
|raw|werearewe's rating: 1618 &rarr; <strong>1641</strong><br />(+23 for winning)
|l|☆Zapy364
|player|p1|
|l|☆werearewe
|player|p2|
