|j|☆galar8
|j|☆desayd
|t:|1760868153
|gametype|singles
|player|p1|galar8|caitlin-masters|1198
|player|p2|desayd|blackbelt-gen4dp|1132
|gen|9
|tier|[Gen 9] OU
|rated|
|rule|HP Percentage Mod: HP is shown in percentages
|rule|Endless Battle Clause: Forcing endless battles is banned
|rule|Species Clause: Limit one of each Pokémon
|rule|OHKO Clause: OHKO moves are banned
|rule|Evasion Items Clause: Evasion items are banned
|rule|Evasion Moves Clause: Evasion moves are banned
|rule|Evasion Abilities Clause: Evasion abilities are banned
|rule|Sleep Moves Clause: Sleep-inducing moves are banned
|clearpoke
|poke|p1|Garganacl, M|
|poke|p1|Toxapex, F|
|poke|p1|Jumpluff, M|
|poke|p1|Corviknight, F|
|poke|p1|Lycanroc, F|
|poke|p1|Gliscor, F|
|poke|p2|Garganacl, M|
|poke|p2|Slowking-Galar, F|
|poke|p2|Samurott-Hisui, F|
|poke|p2|Zapdos|
|poke|p2|Great Tusk|
|poke|p2|Dragapult, F|
|teampreview
|inactive|Battle timer is ON: inactive players will automatically lose when time's up. (requested by desayd)
|inactive|galar8 also wants the timer to be on.
|
|t:|1760868158
|teamsize|p1|6
|teamsize|p2|6
|start
|switch|p1a: Lycanroc|Lycanroc, F|100/100
|switch|p2a: Samurott|Samurott-Hisui, F|100/100
|turn|1
|
|t:|1760868164
|move|p2a: Samurott|Flip Turn|p1a: Lycanroc
|-supereffective|p1a: Lycanroc
|-crit|p1a: Lycanroc
|-enditem|p1a: Lycanroc|Focus Sash
|-damage|p1a: Lycanroc|1/100
|
|t:|1760868170
|switch|p2a: Garganacl|Garganacl, M|100/100|[from] Flip Turn
|move|p1a: Lycanroc|Stealth Rock|p2a: Garganacl
|-sidestart|p2: desayd|move: Stealth Rock
|
|upkeep
|turn|2
|
|t:|1760868178
|move|p1a: Lycanroc|Endeavor|p2a: Garganacl
|-damage|p2a: Garganacl|1/100
|move|p2a: Garganacl|Salt Cure|p1a: Lycanroc
|-damage|p1a: Lycanroc|0 fnt
|faint|p1a: Lycanroc
|
|-heal|p2a: Garganacl|7/100|[from] item: Leftovers
|upkeep
|
|t:|1760868188
|switch|p1a: Jumpluff|Jumpluff, M|100/100
|turn|3
|
|t:|1760868192
|-terastallize|p2a: Garganacl|Fairy
|move|p1a: Jumpluff|Acrobatics|p2a: Garganacl
|-damage|p2a: Garganacl|0 fnt
|faint|p2a: Garganacl
|
|upkeep
|c|☆galar8|thanks
|
|t:|1760868202
|switch|p2a: Zapdos|Zapdos, shiny|100/100
|turn|4
|
|t:|1760868206
|move|p1a: Jumpluff|Substitute|p1a: Jumpluff
|-start|p1a: Jumpluff|Substitute
|-damage|p1a: Jumpluff|76/100
|move|p2a: Zapdos|Thunder Wave||[still]
|-fail|p2a: Zapdos
|
|upkeep
|turn|5
|
|t:|1760868211
|move|p1a: Jumpluff|Leech Seed|p2a: Zapdos
|-start|p2a: Zapdos|move: Leech Seed
|move|p2a: Zapdos|Hurricane|p1a: Jumpluff|[miss]
|-miss|p2a: Zapdos|p1a: Jumpluff
|
|-damage|p2a: Zapdos|88/100|[from] Leech Seed|[of] p1a: Jumpluff
|-heal|p1a: Jumpluff|89/100|[silent]
|upkeep
|turn|6
|
|t:|1760868218
|move|p1a: Jumpluff|Acrobatics|p2a: Zapdos
|-resisted|p2a: Zapdos
|-damage|p2a: Zapdos|76/100
|move|p2a: Zapdos|Hurricane|p1a: Jumpluff
|-supereffective|p1a: Jumpluff
|-end|p1a: Jumpluff|Substitute
|
|-damage|p2a: Zapdos|63/100|[from] Leech Seed|[of] p1a: Jumpluff
|-heal|p1a: Jumpluff|100/100|[silent]
|upkeep
|turn|7
|
|t:|1760868227
|move|p1a: Jumpluff|Substitute|p1a: Jumpluff
|-start|p1a: Jumpluff|Substitute
|-damage|p1a: Jumpluff|76/100
|move|p2a: Zapdos|Volt Switch|p1a: Jumpluff
|-end|p1a: Jumpluff|Substitute
|
|t:|1760868234
|switch|p2a: Samurott|Samurott-Hisui, F|100/100|[from] Volt Switch
|-damage|p2a: Samurott|88/100|[from] Stealth Rock
|
|upkeep
|turn|8
|
|t:|1760868246
|move|p2a: Samurott|Ceaseless Edge|p1a: Jumpluff
|-damage|p1a: Jumpluff|15/100
|-sidestart|p1: galar8|Spikes
|move|p1a: Jumpluff|Leech Seed|p2a: Samurott|[miss]
|-miss|p1a: Jumpluff|p2a: Samurott
|
|upkeep
|turn|9
|
|t:|1760868255
|switch|p1a: Gliscor|Gliscor, F|100/100
|move|p2a: Samurott|Ceaseless Edge|p1a: Gliscor
|-damage|p1a: Gliscor|75/100
|-sidestart|p1: galar8|Spikes
|
|-status|p1a: Gliscor|tox|[from] item: Toxic Orb
|upkeep
|turn|10
|
|t:|1760868271
|move|p2a: Samurott|Ceaseless Edge|p1a: Gliscor
|-damage|p1a: Gliscor|45/100 tox
|-sidestart|p1: galar8|Spikes
|move|p1a: Gliscor|Toxic|p2a: Samurott
|-status|p2a: Samurott|tox
|
|-damage|p2a: Samurott|82/100 tox|[from] psn
|-heal|p1a: Gliscor|58/100 tox|[from] ability: Poison Heal
|upkeep
|turn|11
|
|t:|1760868279
|switch|p2a: Great Tusk|Great Tusk, shiny|100/100
|-damage|p2a: Great Tusk|98/100|[from] Stealth Rock
|move|p1a: Gliscor|Earthquake|p2a: Great Tusk
|-damage|p2a: Great Tusk|72/100
|
|-heal|p1a: Gliscor|70/100 tox|[from] ability: Poison Heal
|upkeep
|turn|12
|
|t:|1760868287
|move|p2a: Great Tusk|Rapid Spin|p1a: Gliscor
|-damage|p1a: Gliscor|58/100 tox
|-boost|p2a: Great Tusk|spe|1
|-sideend|p2: desayd|Stealth Rock|[from] move: Rapid Spin|[of] p2a: Great Tusk
|move|p1a: Gliscor|Toxic|p2a: Great Tusk
|-status|p2a: Great Tusk|tox
|
|-damage|p2a: Great Tusk|65/100 tox|[from] psn
|-heal|p1a: Gliscor|71/100 tox|[from] ability: Poison Heal
|upkeep
|turn|13
|
|t:|1760868297
|move|p1a: Gliscor|Protect|p1a: Gliscor
|-singleturn|p1a: Gliscor|Protect
|move|p2a: Great Tusk|Ice Spinner|p1a: Gliscor
|-activate|p1a: Gliscor|move: Protect
|
|-damage|p2a: Great Tusk|53/100 tox|[from] psn
|-heal|p1a: Gliscor|83/100 tox|[from] ability: Poison Heal
|upkeep
|turn|14
|
|t:|1760868305
|-terastallize|p1a: Gliscor|Steel
|move|p2a: Great Tusk|Ice Spinner|p1a: Gliscor
|-resisted|p1a: Gliscor
|-damage|p1a: Gliscor|75/100 tox
|move|p1a: Gliscor|Earthquake|p2a: Great Tusk
|-damage|p2a: Great Tusk|27/100 tox
|
|-damage|p2a: Great Tusk|9/100 tox|[from] psn
|-heal|p1a: Gliscor|87/100 tox|[from] ability: Poison Heal
|upkeep
|turn|15
|
|t:|1760868319
|-end|p2a: Great Tusk|Protosynthesis|[silent]
|switch|p2a: Slowking|Slowking-Galar, F|100/100
|move|p1a: Gliscor|Protect||[still]
|-fail|p1a: Gliscor
|
|-heal|p1a: Gliscor|99/100 tox|[from] ability: Poison Heal
|upkeep
|turn|16
|
|t:|1760868326
|move|p1a: Gliscor|Knock Off|p2a: Slowking
|-supereffective|p2a: Slowking
|-damage|p2a: Slowking|60/100
|-enditem|p2a: Slowking|Assault Vest|[from] move: Knock Off|[of] p1a: Gliscor
|move|p2a: Slowking|Future Sight|p1a: Gliscor
|-start|p2a: Slowking|move: Future Sight
|
|-heal|p1a: Gliscor|100/100 tox|[from] ability: Poison Heal
|upkeep
|turn|17
|
|t:|1760868333
|move|p1a: Gliscor|Knock Off|p2a: Slowking
|-supereffective|p2a: Slowking
|-damage|p2a: Slowking|32/100
|move|p2a: Slowking|Psychic Noise|p1a: Gliscor
|-resisted|p1a: Gliscor
|-damage|p1a: Gliscor|84/100 tox
|-start|p1a: Gliscor|move: Heal Block
|
|upkeep
|turn|18
|
|t:|1760868343
|switch|p2a: Samurott|Samurott-Hisui, F|82/100 tox
|move|p1a: Gliscor|Protect||[still]
|-fail|p1a: Gliscor
|
|-end|p1a: Gliscor|move: Future Sight
|-resisted|p1a: Gliscor
|-damage|p1a: Gliscor|60/100 tox
|-damage|p2a: Samurott|76/100 tox|[from] psn
|-end|p1a: Gliscor|move: Heal Block
|upkeep
|turn|19
|
|t:|1760868354
|move|p1a: Gliscor|Protect|p1a: Gliscor
|-singleturn|p1a: Gliscor|Protect
|move|p2a: Samurott|Razor Shell|p1a: Gliscor
|-activate|p1a: Gliscor|move: Protect
|
|-damage|p2a: Samurott|63/100 tox|[from] psn
|-heal|p1a: Gliscor|73/100 tox|[from] ability: Poison Heal
|upkeep
|turn|20
|
|t:|1760868361
|switch|p1a: Toxapex|Toxapex, F, shiny|100/100
|-damage|p1a: Toxapex|75/100|[from] Spikes
|move|p2a: Samurott|Razor Shell|p1a: Toxapex
|-resisted|p1a: Toxapex
|-damage|p1a: Toxapex|60/100
|
|-heal|p1a: Toxapex|66/100|[from] item: Leftovers
|-damage|p2a: Samurott|44/100 tox|[from] psn
|upkeep
|turn|21
|-message|desayd forfeited.
|
|win|galar8
|raw|galar8's rating: 1198 &rarr; <strong>1218</strong><br />(+20 for winning)
|raw|desayd's rating: 1132 &rarr; <strong>1112</strong><br />(-20 for losing)
|l|☆desayd
|player|p2|
|l|☆galar8
|player|p1|
