|j|☆Sweeper Zay
|j|☆kami-tenchno
|t:|1760878196
|gametype|singles
|player|p1|Sweeper Zay|linebacker|1198
|player|p2|kami-tenchno|ingo|1169
|gen|9
|tier|[Gen 9] OU
|rated|
|rule|HP Percentage Mod: HP is shown in percentages
|rule|Endless Battle Clause: Forcing endless battles is banned
|rule|Species Clause: Limit one of each Pokémon
|rule|OHKO Clause: OHKO moves are banned
|rule|Evasion Items Clause: Evasion items are banned
|rule|Evasion Moves Clause: Evasion moves are banned
|rule|Evasion Abilities Clause: Evasion abilities are banned
|rule|Sleep Moves Clause: Sleep-inducing moves are banned
|clearpoke
|poke|p1|Enamorus, F|
|poke|p1|Great Tusk|
|poke|p1|Iron Crown|
|poke|p1|Lokix, M|
|poke|p1|Alomomola, M|
|poke|p1|Pecharunt|
|poke|p2|Pawmot, M|
|poke|p2|Staraptor, F|
|poke|p2|Dragonite, M|
|poke|p2|Great Tusk|
|poke|p2|Dragapult, M|
|poke|p2|Deoxys-Speed|
|teampreview
|inactive|Battle timer is ON: inactive players will automatically lose when time's up. (requested by kami-tenchno)
|inactive|Sweeper Zay has 120 seconds left.
|inactive|Sweeper Zay has 90 seconds left.
|inactive|Sweeper Zay has 60 seconds left.
|
|t:|1760878293
|teamsize|p1|6
|teamsize|p2|6
|start
|switch|p1a: Braveheart|Iron Crown|100/100
|switch|p2a: Great Tusk|Great Tusk|100/100
|-enditem|p2a: Great Tusk|Booster Energy
|-activate|p2a: Great Tusk|ability: Protosynthesis|[fromitem]
|-start|p2a: Great Tusk|protosynthesisatk
|turn|1
|inactive|Sweeper Zay has 120 seconds left.
|
|t:|1760878303
|move|p1a: Braveheart|Psychic Noise|p2a: Great Tusk
|-supereffective|p2a: Great Tusk
|-damage|p2a: Great Tusk|0 fnt
|faint|p2a: Great Tusk
|-end|p2a: Great Tusk|Protosynthesis|[silent]
|
|upkeep
|
|t:|1760878313
|switch|p2a: Dragonite|Dragonite, M|100/100
|turn|2
|inactive|Sweeper Zay has 120 seconds left.
|
|t:|1760878327
|-end|p1a: Braveheart|Quark Drive|[silent]
|switch|p1a: Pisces|Alomomola, M, shiny|100/100
|move|p2a: Dragonite|Dragon Dance|p2a: Dragonite
|-boost|p2a: Dragonite|atk|1
|-boost|p2a: Dragonite|spe|1
|
|upkeep
|turn|3
|inactive|Sweeper Zay has 120 seconds left.
|
|t:|1760878340
|-terastallize|p2a: Dragonite|Normal
|move|p2a: Dragonite|Dragon Dance|p2a: Dragonite
|-boost|p2a: Dragonite|atk|1
|-boost|p2a: Dragonite|spe|1
|move|p1a: Pisces|Flip Turn|p2a: Dragonite
|-damage|p2a: Dragonite|91/100
|inactive|Sweeper Zay has 120 seconds left.
|
|t:|1760878346
|switch|p1a: Overseer|Pecharunt|100/100|[from] Flip Turn
|
|upkeep
|turn|4
|inactive|Sweeper Zay has 120 seconds left.
|
|t:|1760878356
|-terastallize|p1a: Overseer|Dark
|move|p2a: Dragonite|Earthquake|p1a: Overseer
|-damage|p1a: Overseer|52/100
|-damage|p2a: Dragonite|81/100|[from] item: Life Orb
|move|p1a: Overseer|Foul Play|p2a: Dragonite
|-damage|p2a: Dragonite|0 fnt
|faint|p2a: Dragonite
|
|upkeep
|
|t:|1760878370
|switch|p2a: Staraptor|Staraptor, F|100/100
|-ability|p2a: Staraptor|Intimidate|boost
|-unboost|p1a: Overseer|atk|1
|turn|5
|
|t:|1760878381
|switch|p1a: Pisces|Alomomola, M, shiny|100/100
|move|p2a: Staraptor|U-turn|p1a: Pisces
|-damage|p1a: Pisces|87/100
|
|t:|1760878387
|switch|p2a: Pawmot|Pawmot, M|100/100|[from] U-turn
|
|upkeep
|turn|6
|
|t:|1760878398
|switch|p1a: Behemoth|Great Tusk, shiny|100/100
|move|p2a: Pawmot|Thunder Punch|p1a: Behemoth
|-immune|p1a: Behemoth
|
|upkeep
|turn|7
|
|t:|1760878407
|switch|p2a: Dragapult|Dragapult, M|100/100
|move|p1a: Behemoth|Stealth Rock|p2a: Dragapult
|-sidestart|p2: kami-tenchno|move: Stealth Rock
|
|upkeep
|turn|8
|
|t:|1760878414
|-end|p1a: Behemoth|Protosynthesis|[silent]
|switch|p1a: Pisces|Alomomola, M, shiny|100/100
|move|p2a: Dragapult|Outrage|p1a: Pisces
|-damage|p1a: Pisces|46/100
|
|upkeep
|turn|9
|
|t:|1760878420
|switch|p1a: Gin|Enamorus, F, shiny|100/100
|move|p2a: Dragapult|Outrage|p1a: Gin|[from] lockedmove
|-immune|p1a: Gin
|
|upkeep
|turn|10
|
|t:|1760878429
|switch|p2a: Pawmot|Pawmot, M|100/100
|-damage|p2a: Pawmot|94/100|[from] Stealth Rock
|move|p1a: Gin|Moonblast|p2a: Pawmot
|-supereffective|p2a: Pawmot
|-damage|p2a: Pawmot|0 fnt
|faint|p2a: Pawmot
|
|upkeep
|
|t:|1760878431
|switch|p2a: Staraptor|Staraptor, F|100/100
|-damage|p2a: Staraptor|76/100|[from] Stealth Rock
|-ability|p2a: Staraptor|Intimidate|boost
|-boost|p1a: Gin|atk|1
|turn|11
|
|t:|1760878442
|move|p2a: Staraptor|Final Gambit|p1a: Gin
|-damage|p1a: Gin|14/100
|faint|p2a: Staraptor
|move|p1a: Gin|Moonblast|p2: Staraptor|[notarget]
|-fail|p1a: Gin
|
|upkeep
|
|t:|1760878447
|switch|p2a: Dragapult|Dragapult, M|100/100
|-damage|p2a: Dragapult|88/100|[from] Stealth Rock
|turn|12
|
|t:|1760878453
|move|p1a: Gin|Moonblast|p2a: Dragapult
|-supereffective|p2a: Dragapult
|-damage|p2a: Dragapult|0 fnt
|faint|p2a: Dragapult
|
|upkeep
|
|t:|1760878455
|switch|p2a: Deoxys|Deoxys-Speed|100/100
|-damage|p2a: Deoxys|88/100|[from] Stealth Rock
|-ability|p2a: Deoxys|Pressure
|turn|13
|
|t:|1760878461
|switch|p1a: Pisces|Alomomola, M, shiny|79/100
|move|p2a: Deoxys|Ice Beam|p1a: Pisces
|-resisted|p1a: Pisces
|-damage|p1a: Pisces|68/100
|
|upkeep
|turn|14
|-message|kami-tenchno forfeited.
|
|win|Sweeper Zay
|raw|Sweeper Zay's rating: 1198 &rarr; <strong>1221</strong><br />(+23 for winning)
|raw|kami-tenchno's rating: 1169 &rarr; <strong>1146</strong><br />(-23 for losing)
|l|☆kami-tenchno
|player|p2|
|l|‽Sweeper Zay
|player|p1|
|j|☆Sweeper Zay
|player|p1|Sweeper Zay|linebacker|
