|j|☆yaotaiwon
|j|☆geckoflaquee
|t:|1760880358
|gametype|singles
|player|p1|yaotaiwon|102|1378
|player|p2|geckoflaquee|iris|1384
|gen|9
|tier|[Gen 9] OU
|rated|
|rule|HP Percentage Mod: HP is shown in percentages
|rule|Endless Battle Clause: Forcing endless battles is banned
|rule|Species Clause: Limit one of each Pokémon
|rule|OHKO Clause: OHKO moves are banned
|rule|Evasion Items Clause: Evasion items are banned
|rule|Evasion Moves Clause: Evasion moves are banned
|rule|Evasion Abilities Clause: Evasion abilities are banned
|rule|Sleep Moves Clause: Sleep-inducing moves are banned
|clearpoke
|poke|p1|Infernape, F|
|poke|p1|Mandibuzz, F|
|poke|p1|Slowking-Galar, F|
|poke|p1|Great Tusk|
|poke|p1|Skeledirge, M|
|poke|p1|Iron Hands|
|poke|p2|Hoopa-Unbound|
|poke|p2|Hatterene, F|
|poke|p2|Ursaluna, F|
|poke|p2|Necrozma|
|poke|p2|Scizor, F|
|poke|p2|Azumarill, F|
|teampreview
|inactive|Battle timer is ON: inactive players will automatically lose when time's up. (requested by geckoflaquee)
|
|t:|1760880371
|teamsize|p1|6
|teamsize|p2|6
|start
|switch|p1a: Infernape|Infernape, F|100/100
|switch|p2a: Necrozma|Necrozma, shiny|100/100
|turn|1
|
|t:|1760880376
|move|p1a: Infernape|Stealth Rock|p2a: Necrozma
|-sidestart|p2: geckoflaquee|move: Stealth Rock
|move|p2a: Necrozma|Trick Room|p2a: Necrozma
|-fieldstart|move: Trick Room|[of] p2a: Necrozma
|
|upkeep
|turn|2
|
|t:|1760880384
|switch|p1a: Mandibuzz|Mandibuzz, F|100/100
|move|p2a: Necrozma|Earth Power|p1a: Mandibuzz
|-immune|p1a: Mandibuzz
|
|upkeep
|turn|3
|
|t:|1760880393
|switch|p2a: Ursaluna|Ursaluna, F, shiny|100/100
|-damage|p2a: Ursaluna|94/100|[from] Stealth Rock
|move|p1a: Mandibuzz|Toxic|p2a: Ursaluna
|-status|p2a: Ursaluna|tox
|
|-damage|p2a: Ursaluna|88/100 tox|[from] psn
|upkeep
|turn|4
|
|t:|1760880408
|move|p2a: Ursaluna|Facade|p1a: Mandibuzz
|-damage|p1a: Mandibuzz|29/100
|move|p1a: Mandibuzz|Foul Play|p2a: Ursaluna
|-damage|p2a: Ursaluna|48/100 tox
|
|-heal|p1a: Mandibuzz|35/100|[from] item: Leftovers
|-damage|p2a: Ursaluna|36/100 tox|[from] psn
|upkeep
|turn|5
|inactive|geckoflaquee has 120 seconds left.
|
|t:|1760880445
|switch|p2a: Scizor|Scizor, F|100/100
|-damage|p2a: Scizor|88/100|[from] Stealth Rock
|switch|p1a: Infernape|Infernape, F|100/100
|
|-fieldend|move: Trick Room
|upkeep
|turn|6
|
|t:|1760880457
|switch|p2a: Azumarill|Azumarill, F, shiny|100/100
|-damage|p2a: Azumarill|88/100|[from] Stealth Rock
|move|p1a: Infernape|Flamethrower|p2a: Azumarill
|-resisted|p2a: Azumarill
|-damage|p2a: Azumarill|75/100
|
|upkeep
|turn|7
|
|t:|1760880468
|switch|p1a: Slowking|Slowking-Galar, F|100/100
|move|p2a: Azumarill|Liquidation|p1a: Slowking
|-damage|p1a: Slowking|59/100
|
|-heal|p1a: Slowking|65/100|[from] item: Leftovers
|upkeep
|turn|8
|
|t:|1760880482
|switch|p2a: Scizor|Scizor, F|88/100
|-damage|p2a: Scizor|75/100|[from] Stealth Rock
|move|p1a: Slowking|Future Sight|p2a: Scizor
|-start|p1a: Slowking|move: Future Sight
|
|-heal|p1a: Slowking|71/100|[from] item: Leftovers
|upkeep
|turn|9
|
|t:|1760880498
|switch|p1a: Great Tusk|Great Tusk|100/100
|move|p2a: Scizor|U-turn|p1a: Great Tusk
|-resisted|p1a: Great Tusk
|-damage|p1a: Great Tusk|81/100
|
|t:|1760880509
|switch|p2a: Azumarill|Azumarill, F, shiny|75/100|[from] U-turn
|-damage|p2a: Azumarill|63/100|[from] Stealth Rock
|
|-heal|p1a: Great Tusk|87/100|[from] item: Leftovers
|upkeep
|turn|10
|
|t:|1760880513
|-end|p1a: Great Tusk|Protosynthesis|[silent]
|switch|p1a: Slowking|Slowking-Galar, F|100/100
|move|p2a: Azumarill|Liquidation|p1a: Slowking
|-damage|p1a: Slowking|60/100
|
|-end|p2a: Azumarill|move: Future Sight
|-damage|p2a: Azumarill|31/100
|-heal|p1a: Slowking|66/100|[from] item: Leftovers
|upkeep
|turn|11
|inactive|geckoflaquee has 120 seconds left.
|
|t:|1760880551
|switch|p2a: Scizor|Scizor, F|75/100
|-damage|p2a: Scizor|63/100|[from] Stealth Rock
|move|p1a: Slowking|Future Sight|p2a: Scizor
|-start|p1a: Slowking|move: Future Sight
|
|-heal|p1a: Slowking|72/100|[from] item: Leftovers
|upkeep
|turn|12
|
|t:|1760880572
|switch|p1a: Great Tusk|Great Tusk|87/100
|move|p2a: Scizor|U-turn|p1a: Great Tusk
|-resisted|p1a: Great Tusk
|-damage|p1a: Great Tusk|67/100
|inactive|geckoflaquee has 120 seconds left.
|
|t:|1760880581
|switch|p2a: Necrozma|Necrozma, shiny|100/100|[from] U-turn
|-damage|p2a: Necrozma|88/100|[from] Stealth Rock
|
|-heal|p1a: Great Tusk|74/100|[from] item: Leftovers
|-heal|p2a: Necrozma|94/100|[from] item: Leftovers
|upkeep
|turn|13
|
|t:|1760880583
|move|p1a: Great Tusk|Knock Off|p2a: Necrozma
|-supereffective|p2a: Necrozma
|-damage|p2a: Necrozma|53/100
|-enditem|p2a: Necrozma|Leftovers|[from] move: Knock Off|[of] p1a: Great Tusk
|move|p2a: Necrozma|Trick Room|p2a: Necrozma
|-fieldstart|move: Trick Room|[of] p2a: Necrozma
|
|-end|p2a: Necrozma|move: Future Sight
|-resisted|p2a: Necrozma
|-damage|p2a: Necrozma|28/100
|-heal|p1a: Great Tusk|80/100|[from] item: Leftovers
|upkeep
|turn|14
|
|t:|1760880586
|-end|p1a: Great Tusk|Protosynthesis|[silent]
|switch|p1a: Mandibuzz|Mandibuzz, F|35/100
|move|p2a: Necrozma|Photon Geyser|p1a: Mandibuzz
|-immune|p1a: Mandibuzz
|
|-heal|p1a: Mandibuzz|41/100|[from] item: Leftovers
|upkeep
|turn|15
|
|t:|1760880602
|switch|p2a: Ursaluna|Ursaluna, F, shiny|36/100 tox
|-damage|p2a: Ursaluna|29/100 tox|[from] Stealth Rock
|move|p1a: Mandibuzz|Roost|p1a: Mandibuzz
|-heal|p1a: Mandibuzz|91/100
|-singleturn|p1a: Mandibuzz|move: Roost
|
|-heal|p1a: Mandibuzz|97/100|[from] item: Leftovers
|-damage|p2a: Ursaluna|23/100 tox|[from] psn
|upkeep
|turn|16
|
|t:|1760880614
|move|p2a: Ursaluna|Facade|p1a: Mandibuzz
|-damage|p1a: Mandibuzz|31/100
|move|p1a: Mandibuzz|Foul Play|p2a: Ursaluna
|-damage|p2a: Ursaluna|0 fnt
|faint|p2a: Ursaluna
|
|-heal|p1a: Mandibuzz|38/100|[from] item: Leftovers
|upkeep
|inactive|geckoflaquee has 120 seconds left.
|
|t:|1760880648
|switch|p2a: Scizor|Scizor, F|63/100
|-damage|p2a: Scizor|50/100|[from] Stealth Rock
|turn|17
|
|t:|1760880655
|switch|p1a: Great Tusk|Great Tusk|80/100
|move|p2a: Scizor|U-turn|p1a: Great Tusk
|-resisted|p1a: Great Tusk
|-damage|p1a: Great Tusk|62/100
|
|t:|1760880658
|switch|p2a: Necrozma|Necrozma, shiny|28/100|[from] U-turn
|-damage|p2a: Necrozma|15/100|[from] Stealth Rock
|
|-heal|p1a: Great Tusk|69/100|[from] item: Leftovers
|-fieldend|move: Trick Room
|upkeep
|turn|18
|-message|geckoflaquee forfeited.
|
|win|yaotaiwon
|raw|yaotaiwon's rating: 1378 &rarr; <strong>1398</strong><br />(+20 for winning)
|raw|geckoflaquee's rating: 1384 &rarr; <strong>1364</strong><br />(-20 for losing)
|l|☆geckoflaquee
|player|p2|
|l|☆yaotaiwon
|player|p1|
