|j|☆Crash0utVGC
|j|☆uwontwinprobably
|t:|1760860836
|gametype|singles
|player|p1|Crash0utVGC|ghetsis|1495
|player|p2|uwontwinprobably|acetrainer-gen4dp|1432
|gen|9
|tier|[Gen 9] OU
|rated|
|rule|HP Percentage Mod: HP is shown in percentages
|rule|Endless Battle Clause: Forcing endless battles is banned
|rule|Species Clause: Limit one of each Pokémon
|rule|OHKO Clause: OHKO moves are banned
|rule|Evasion Items Clause: Evasion items are banned
|rule|Evasion Moves Clause: Evasion moves are banned
|rule|Evasion Abilities Clause: Evasion abilities are banned
|rule|Sleep Moves Clause: Sleep-inducing moves are banned
|clearpoke
|poke|p1|Hoopa-Unbound|
|poke|p1|Slowking-Galar, F|
|poke|p1|Alomomola, F|
|poke|p1|Zamazenta-*|
|poke|p1|Great Tusk|
|poke|p1|Kingambit, F|
|poke|p2|Enamorus, F|
|poke|p2|Ogerpon-Wellspring, F|
|poke|p2|Glastrier|
|poke|p2|Iron Hands|
|poke|p2|Wo-Chien|
|poke|p2|Meloetta|
|teampreview
|
|t:|1760860856
|teamsize|p1|6
|teamsize|p2|6
|start
|switch|p1a: Hoopa|Hoopa-Unbound|100/100
|switch|p2a: Meloetta|Meloetta|100/100
|turn|1
|
|t:|1760860879
|-terastallize|p1a: Hoopa|Dark
|move|p2a: Meloetta|Hyper Voice|p1a: Hoopa
|-damage|p1a: Hoopa|33/100
|move|p1a: Hoopa|Knock Off|p2a: Meloetta
|-supereffective|p2a: Meloetta
|-damage|p2a: Meloetta|0 fnt
|-enditem|p2a: Meloetta|Choice Specs|[from] move: Knock Off|[of] p1a: Hoopa
|faint|p2a: Meloetta
|
|upkeep
|
|t:|1760860894
|switch|p2a: Enamorus|Enamorus, F|100/100
|turn|2
|
|t:|1760860904
|switch|p1a: Slowking|Slowking-Galar, F|100/100
|move|p2a: Enamorus|Moonblast|p1a: Slowking
|-resisted|p1a: Slowking
|-damage|p1a: Slowking|84/100
|
|upkeep
|turn|3
|
|t:|1760860909
|switch|p2a: Glastrier|Glastrier|100/100
|-prepare|p1a: Slowking|Chilly Reception|[premajor]
|move|p1a: Slowking|Chilly Reception|p1a: Slowking
|-weather|Snowscape
|
|t:|1760860919
|switch|p1a: Zamazenta|Zamazenta|100/100|[from] Chilly Reception
|-ability|p1a: Zamazenta|Dauntless Shield|boost
|-boost|p1a: Zamazenta|def|1
|
|-weather|Snowscape|[upkeep]
|upkeep
|turn|4
|
|t:|1760860928
|switch|p2a: Enamorus|Enamorus, F|100/100
|move|p1a: Zamazenta|Roar|p2a: Enamorus
|drag|p2a: Ogerpon|Ogerpon-Wellspring, F|100/100
|
|-weather|Snowscape|[upkeep]
|upkeep
|turn|5
|
|t:|1760860946
|switch|p2a: Enamorus|Enamorus, F|100/100
|move|p1a: Zamazenta|Iron Defense|p1a: Zamazenta
|-boost|p1a: Zamazenta|def|2
|
|-weather|Snowscape|[upkeep]
|upkeep
|turn|6
|
|t:|1760860961
|switch|p1a: Slowking|Slowking-Galar, F|100/100
|move|p2a: Enamorus|Moonblast|p1a: Slowking
|-resisted|p1a: Slowking
|-damage|p1a: Slowking|83/100
|-unboost|p1a: Slowking|spa|1
|
|-weather|Snowscape|[upkeep]
|upkeep
|turn|7
|
|t:|1760860966
|switch|p2a: Glastrier|Glastrier|100/100
|-prepare|p1a: Slowking|Chilly Reception|[premajor]
|move|p1a: Slowking|Chilly Reception|p1a: Slowking
|
|t:|1760860983
|switch|p1a: Hoopa|Hoopa-Unbound, tera:Dark|33/100|[from] Chilly Reception
|
|-weather|none
|upkeep
|turn|8
|inactive|Battle timer is ON: inactive players will automatically lose when time's up. (requested by Crash0utVGC)
|
|t:|1760861020
|move|p1a: Hoopa|Drain Punch|p2a: Glastrier
|-supereffective|p2a: Glastrier
|-damage|p2a: Glastrier|35/100
|-heal|p1a: Hoopa|78/100|[from] drain|[of] p2a: Glastrier
|move|p2a: Glastrier|Avalanche|p1a: Hoopa
|-damage|p1a: Hoopa|0 fnt
|faint|p1a: Hoopa
|-ability|p2a: Glastrier|Chilling Neigh|boost
|-boost|p2a: Glastrier|atk|1
|
|upkeep
|
|t:|1760861029
|switch|p1a: Great Tusk|Great Tusk|100/100
|turn|9
|
|t:|1760861038
|move|p1a: Great Tusk|Headlong Rush|p2a: Glastrier
|-damage|p2a: Glastrier|0 fnt
|-unboost|p1a: Great Tusk|def|1
|-unboost|p1a: Great Tusk|spd|1
|faint|p2a: Glastrier
|
|upkeep
|
|t:|1760861042
|switch|p2a: Ogerpon|Ogerpon-Wellspring, F|100/100
|turn|10
|
|t:|1760861048
|-end|p1a: Great Tusk|Protosynthesis|[silent]
|switch|p1a: Alomomola|Alomomola, F|100/100
|move|p2a: Ogerpon|Swords Dance|p2a: Ogerpon
|-boost|p2a: Ogerpon|atk|2
|
|upkeep
|turn|11
|-message|Crash0utVGC forfeited.
|
|win|uwontwinprobably
|raw|Crash0utVGC's rating: 1495 &rarr; <strong>1471</strong><br />(-24 for losing)
|raw|uwontwinprobably's rating: 1432 &rarr; <strong>1456</strong><br />(+24 for winning)
|l|☆Crash0utVGC
|player|p1|
|l|☆uwontwinprobably
|player|p2|
