|j|☆sudout2
|j|☆Chillmaxxer
|t:|1760799980
|gametype|singles
|player|p1|sudout2|giovanni|1291
|player|p2|Chillmaxxer|scientist-gen4|1315
|gen|9
|tier|[Gen 9] OU
|rated|
|rule|HP Percentage Mod: HP is shown in percentages
|rule|Endless Battle Clause: Forcing endless battles is banned
|rule|Species Clause: Limit one of each Pokémon
|rule|OHKO Clause: OHKO moves are banned
|rule|Evasion Items Clause: Evasion items are banned
|rule|Evasion Moves Clause: Evasion moves are banned
|rule|Evasion Abilities Clause: Evasion abilities are banned
|rule|Sleep Moves Clause: Sleep-inducing moves are banned
|clearpoke
|poke|p1|Garganacl, M|
|poke|p1|Iron Valiant|
|poke|p1|Toxapex, F|
|poke|p1|Ceruledge, M|
|poke|p1|Great Tusk|
|poke|p1|Ribombee, F|
|poke|p2|Indeedee, M|
|poke|p2|Deoxys-Speed|
|poke|p2|Great Tusk|
|poke|p2|Polteageist|
|poke|p2|Delphox, M|
|poke|p2|Hawlucha, F|
|teampreview
|inactive|Battle timer is ON: inactive players will automatically lose when time's up. (requested by sudout2)
|
|t:|1760800024
|teamsize|p1|6
|teamsize|p2|6
|start
|switch|p1a: Ribombee|Ribombee, F|100/100
|switch|p2a: Indeedee|Indeedee, M|100/100
|-fieldstart|move: Psychic Terrain|[from] ability: Psychic Surge|[of] p2a: Indeedee
|turn|1
|
|t:|1760800031
|move|p1a: Ribombee|Sticky Web|p2a: Indeedee
|-sidestart|p2: Chillmaxxer|move: Sticky Web
|move|p2a: Indeedee|Expanding Force|p1a: Ribombee
|-damage|p1a: Ribombee|2/100
|
|upkeep
|turn|2
|
|t:|1760800047
|move|p1a: Ribombee|Stun Spore|p2a: Indeedee
|-status|p2a: Indeedee|par
|cant|p2a: Indeedee|par
|
|upkeep
|turn|3
|
|t:|1760800056
|move|p1a: Ribombee|Calm Mind|p1a: Ribombee
|-boost|p1a: Ribombee|spa|1
|-boost|p1a: Ribombee|spd|1
|move|p2a: Indeedee|Expanding Force|p1a: Ribombee
|-damage|p1a: Ribombee|0 fnt
|faint|p1a: Ribombee
|
|upkeep
|inactive|sudout2 has 120 seconds left.
|
|t:|1760800087
|switch|p1a: Great Tusk|Great Tusk|100/100
|-enditem|p1a: Great Tusk|Booster Energy
|-activate|p1a: Great Tusk|ability: Protosynthesis|[fromitem]
|-start|p1a: Great Tusk|protosynthesisdef
|turn|4
|
|t:|1760800110
|move|p1a: Great Tusk|Headlong Rush|p2a: Indeedee
|-damage|p2a: Indeedee|34/100 par
|-unboost|p1a: Great Tusk|def|1
|-unboost|p1a: Great Tusk|spd|1
|move|p2a: Indeedee|Expanding Force|p1a: Great Tusk
|-supereffective|p1a: Great Tusk
|-damage|p1a: Great Tusk|0 fnt
|faint|p1a: Great Tusk
|-end|p1a: Great Tusk|Protosynthesis|[silent]
|
|upkeep
|
|t:|1760800116
|switch|p1a: Ceruledge|Ceruledge, M|100/100
|turn|5
|
|t:|1760800121
|move|p1a: Ceruledge|Bitter Blade|p2a: Indeedee
|-damage|p2a: Indeedee|0 fnt
|faint|p2a: Indeedee
|
|upkeep
|
|t:|1760800132
|switch|p2a: Great Tusk|Great Tusk|100/100
|-activate|p2a: Great Tusk|move: Sticky Web
|-unboost|p2a: Great Tusk|spe|1
|-enditem|p2a: Great Tusk|Psychic Seed
|-boost|p2a: Great Tusk|spd|1|[from] item: Psychic Seed
|turn|6
|
|t:|1760800139
|move|p1a: Ceruledge|Swords Dance|p1a: Ceruledge
|-boost|p1a: Ceruledge|atk|2
|move|p2a: Great Tusk|Headlong Rush|p1a: Ceruledge
|-supereffective|p1a: Ceruledge
|-enditem|p1a: Ceruledge|Focus Sash
|-damage|p1a: Ceruledge|1/100
|-unboost|p2a: Great Tusk|def|1
|-unboost|p2a: Great Tusk|spd|1
|-ability|p1a: Ceruledge|Weak Armor|boost
|-unboost|p1a: Ceruledge|def|1
|-boost|p1a: Ceruledge|spe|2
|
|upkeep
|turn|7
|
|t:|1760800152
|move|p1a: Ceruledge|Bitter Blade|p2a: Great Tusk
|-damage|p2a: Great Tusk|6/100
|-heal|p1a: Ceruledge|61/100|[from] drain|[of] p2a: Great Tusk
|move|p2a: Great Tusk|Headlong Rush|p1a: Ceruledge
|-supereffective|p1a: Ceruledge
|-damage|p1a: Ceruledge|0 fnt
|-unboost|p2a: Great Tusk|def|1
|-unboost|p2a: Great Tusk|spd|1
|faint|p1a: Ceruledge
|
|upkeep
|
|t:|1760800160
|switch|p1a: Iron Valiant|Iron Valiant, shiny|100/100
|-enditem|p1a: Iron Valiant|Booster Energy
|-activate|p1a: Iron Valiant|ability: Quark Drive|[fromitem]
|-start|p1a: Iron Valiant|quarkdrivespe
|turn|8
|
|t:|1760800163
|move|p1a: Iron Valiant|Moonblast|p2a: Great Tusk
|-supereffective|p2a: Great Tusk
|-damage|p2a: Great Tusk|0 fnt
|faint|p2a: Great Tusk
|-end|p2a: Great Tusk|Protosynthesis|[silent]
|
|-fieldend|move: Psychic Terrain
|upkeep
|
|t:|1760800188
|switch|p2a: Delphox|Delphox, M|100/100
|-activate|p2a: Delphox|move: Sticky Web
|-unboost|p2a: Delphox|spe|1
|turn|9
|
|t:|1760800210
|move|p1a: Iron Valiant|Calm Mind|p1a: Iron Valiant
|-boost|p1a: Iron Valiant|spa|1
|-boost|p1a: Iron Valiant|spd|1
|move|p2a: Delphox|Expanding Force|p1a: Iron Valiant
|-supereffective|p1a: Iron Valiant
|-damage|p1a: Iron Valiant|0 fnt
|faint|p1a: Iron Valiant
|-end|p1a: Iron Valiant|Quark Drive|[silent]
|
|upkeep
|
|t:|1760800219
|switch|p1a: Garganacl|Garganacl, M, shiny|100/100
|turn|10
|
|t:|1760800230
|move|p2a: Delphox|Nasty Plot|p2a: Delphox
|-boost|p2a: Delphox|spa|2
|move|p1a: Garganacl|Salt Cure|p2a: Delphox
|-supereffective|p2a: Delphox
|-damage|p2a: Delphox|59/100
|-start|p2a: Delphox|Salt Cure
|
|-damage|p2a: Delphox|47/100|[from] Salt Cure
|upkeep
|turn|11
|
|t:|1760800238
|move|p2a: Delphox|Expanding Force|p1a: Garganacl
|-damage|p1a: Garganacl|43/100
|move|p1a: Garganacl|Earthquake|p2a: Delphox
|-supereffective|p2a: Delphox
|-damage|p2a: Delphox|0 fnt
|faint|p2a: Delphox
|
|-heal|p1a: Garganacl|49/100|[from] item: Leftovers
|upkeep
|
|t:|1760800251
|switch|p2a: Polteageist|Polteageist|100/100
|-activate|p2a: Polteageist|move: Sticky Web
|-unboost|p2a: Polteageist|spe|1
|turn|12
|
|t:|1760800263
|-terastallize|p2a: Polteageist|Fighting
|move|p2a: Polteageist|Shell Smash|p2a: Polteageist
|-unboost|p2a: Polteageist|def|1
|-unboost|p2a: Polteageist|spd|1
|-boost|p2a: Polteageist|atk|2
|-boost|p2a: Polteageist|spa|2
|-boost|p2a: Polteageist|spe|2
|move|p1a: Garganacl|Recover|p1a: Garganacl
|-heal|p1a: Garganacl|99/100
|
|-heal|p1a: Garganacl|100/100|[from] item: Leftovers
|upkeep
|turn|13
|
|t:|1760800273
|-terastallize|p1a: Garganacl|Flying
|move|p2a: Polteageist|Shell Smash|p2a: Polteageist
|-unboost|p2a: Polteageist|def|1
|-unboost|p2a: Polteageist|spd|1
|-boost|p2a: Polteageist|atk|2
|-boost|p2a: Polteageist|spa|2
|-boost|p2a: Polteageist|spe|2
|move|p1a: Garganacl|Salt Cure|p2a: Polteageist
|-resisted|p2a: Polteageist
|-damage|p2a: Polteageist|78/100
|-start|p2a: Polteageist|Salt Cure
|-ability|p2a: Polteageist|Weak Armor|boost
|-unboost|p2a: Polteageist|def|1
|-boost|p2a: Polteageist|spe|2
|-enditem|p2a: Polteageist|Red Card|[of] p1a: Garganacl
|drag|p1a: Toxapex|Toxapex, F, shiny|100/100
|
|-damage|p2a: Polteageist|66/100|[from] Salt Cure
|upkeep
|turn|14
|
|t:|1760800287
|move|p1a: Toxapex|Baneful Bunker|p1a: Toxapex
|-singleturn|p1a: Toxapex|move: Protect
|move|p2a: Polteageist|Stored Power|p1a: Toxapex
|-activate|p1a: Toxapex|move: Protect
|
|-damage|p2a: Polteageist|54/100|[from] Salt Cure
|upkeep
|turn|15
|
|t:|1760800295
|move|p1a: Toxapex|Baneful Bunker||[still]
|-fail|p1a: Toxapex
|move|p2a: Polteageist|Stored Power|p1a: Toxapex
|-supereffective|p1a: Toxapex
|-damage|p1a: Toxapex|0 fnt
|faint|p1a: Toxapex
|
|-damage|p2a: Polteageist|41/100|[from] Salt Cure
|upkeep
|
|t:|1760800296
|switch|p1a: Garganacl|Garganacl, M, shiny, tera:Flying|100/100
|turn|16
|
|t:|1760800298
|move|p2a: Polteageist|Stored Power|p1a: Garganacl
|-crit|p1a: Garganacl
|-damage|p1a: Garganacl|0 fnt
|faint|p1a: Garganacl
|
|win|Chillmaxxer
|raw|sudout2's rating: 1291 &rarr; <strong>1268</strong><br />(-23 for losing)
|raw|Chillmaxxer's rating: 1315 &rarr; <strong>1334</strong><br />(+19 for winning)
|l|☆sudout2
|player|p1|
