|j|☆rawbraines
|j|☆Noobskillstrongs
|t:|1760805745
|gametype|singles
|player|p1|rawbraines|smasher|1193
|player|p2|Noobskillstrongs|lucian|1154
|gen|9
|tier|[Gen 9] OU
|rated|
|rule|HP Percentage Mod: HP is shown in percentages
|rule|Endless Battle Clause: Forcing endless battles is banned
|rule|Species Clause: Limit one of each Pokémon
|rule|OHKO Clause: OHKO moves are banned
|rule|Evasion Items Clause: Evasion items are banned
|rule|Evasion Moves Clause: Evasion moves are banned
|rule|Evasion Abilities Clause: Evasion abilities are banned
|rule|Sleep Moves Clause: Sleep-inducing moves are banned
|clearpoke
|poke|p1|Weezing, M|
|poke|p1|Latias, F|
|poke|p1|Meowscarada, M|
|poke|p1|Suicune|
|poke|p1|Avalugg-Hisui, M|
|poke|p1|Arcanine, M|
|poke|p2|Squawkabilly-White, M|
|poke|p2|Thundurus-Therian, M|
|poke|p2|Mandibuzz, F|
|poke|p2|Gyarados, F|
|poke|p2|Volcanion|
|poke|p2|Sneasel-Hisui, M|
|teampreview
|inactive|Battle timer is ON: inactive players will automatically lose when time's up. (requested by Noobskillstrongs)
|
|t:|1760805757
|teamsize|p1|6
|teamsize|p2|6
|start
|switch|p1a: Avalugg|Avalugg-Hisui, M|100/100
|switch|p2a: Sneasel|Sneasel-Hisui, M|100/100
|turn|1
|
|t:|1760805764
|-terastallize|p1a: Avalugg|Fairy
|move|p2a: Sneasel|Close Combat|p1a: Avalugg
|-resisted|p1a: Avalugg
|-damage|p1a: Avalugg|89/100
|-unboost|p2a: Sneasel|def|1
|-unboost|p2a: Sneasel|spd|1
|move|p1a: Avalugg|Stealth Rock|p2a: Sneasel
|-sidestart|p2: Noobskillstrongs|move: Stealth Rock
|
|upkeep
|turn|2
|
|t:|1760805770
|move|p2a: Sneasel|Poison Jab|p1a: Avalugg
|-supereffective|p1a: Avalugg
|-damage|p1a: Avalugg|58/100
|-status|p1a: Avalugg|psn
|move|p1a: Avalugg|Tera Blast|p2a: Sneasel|[anim] Tera Blast Fairy
|-crit|p2a: Sneasel
|-damage|p2a: Sneasel|0 fnt
|faint|p2a: Sneasel
|
|-damage|p1a: Avalugg|46/100 psn|[from] psn
|upkeep
|
|t:|1760805777
|switch|p2a: Thundurus|Thundurus-Therian, M|100/100
|-damage|p2a: Thundurus|76/100|[from] Stealth Rock
|turn|3
|
|t:|1760805784
|switch|p1a: Latias|Latias, F|100/100
|move|p2a: Thundurus|Thunderbolt|p1a: Latias
|-resisted|p1a: Latias
|-damage|p1a: Latias|68/100
|-damage|p2a: Thundurus|66/100|[from] item: Life Orb
|
|upkeep
|turn|4
|
|t:|1760805794
|-terastallize|p2a: Thundurus|Ice
|move|p1a: Latias|Light Screen|p1a: Latias
|-sidestart|p1: rawbraines|move: Light Screen
|move|p2a: Thundurus|Tera Blast|p1a: Latias|[anim] Tera Blast Ice
|-supereffective|p1a: Latias
|-damage|p1a: Latias|16/100
|-damage|p2a: Thundurus|56/100|[from] item: Life Orb
|
|upkeep
|turn|5
|
|t:|1760805801
|move|p1a: Latias|Psychic|p2a: Thundurus
|-damage|p2a: Thundurus|0 fnt
|faint|p2a: Thundurus
|
|upkeep
|
|t:|1760805808
|switch|p2a: Squawkabilly|Squawkabilly-White, M|100/100
|-damage|p2a: Squawkabilly|76/100|[from] Stealth Rock
|-ability|p2a: Squawkabilly|Intimidate|boost
|-unboost|p1a: Latias|atk|1
|turn|6
|
|t:|1760805825
|switch|p1a: Arcanine|Arcanine, M|100/100
|-ability|p1a: Arcanine|Intimidate|boost
|-unboost|p2a: Squawkabilly|atk|1
|move|p2a: Squawkabilly|Parting Shot|p1a: Arcanine
|-unboost|p1a: Arcanine|atk|1
|-unboost|p1a: Arcanine|spa|1
|
|t:|1760805827
|switch|p2a: Gyarados|Gyarados, F|100/100|[from] Parting Shot
|-damage|p2a: Gyarados|76/100|[from] Stealth Rock
|-ability|p2a: Gyarados|Intimidate|boost
|-unboost|p1a: Arcanine|atk|1
|
|upkeep
|turn|7
|
|t:|1760805835
|switch|p1a: Weezing|Weezing, M|100/100
|move|p2a: Gyarados|Waterfall|p1a: Weezing
|-damage|p1a: Weezing|74/100
|-damage|p2a: Gyarados|59/100|[from] item: Rocky Helmet|[of] p1a: Weezing
|
|upkeep
|turn|8
|
|t:|1760805843
|switch|p2a: Volcanion|Volcanion|100/100
|-damage|p2a: Volcanion|75/100|[from] Stealth Rock
|move|p1a: Weezing|Toxic|p2a: Volcanion
|-status|p2a: Volcanion|tox
|
|-damage|p2a: Volcanion|69/100 tox|[from] psn
|upkeep
|turn|9
|
|t:|1760805851
|switch|p1a: Suicune|Suicune|100/100
|-ability|p1a: Suicune|Pressure
|move|p2a: Volcanion|Steam Eruption|p1a: Suicune
|-resisted|p1a: Suicune
|-damage|p1a: Suicune|92/100
|
|-heal|p1a: Suicune|98/100|[from] item: Leftovers
|-damage|p2a: Volcanion|57/100 tox|[from] psn
|upkeep
|turn|10
|
|t:|1760805862
|switch|p2a: Gyarados|Gyarados, F|59/100
|-damage|p2a: Gyarados|34/100|[from] Stealth Rock
|-ability|p2a: Gyarados|Intimidate|boost
|-unboost|p1a: Suicune|atk|1
|move|p1a: Suicune|Calm Mind|p1a: Suicune
|-boost|p1a: Suicune|spa|1
|-boost|p1a: Suicune|spd|1
|
|-heal|p1a: Suicune|100/100|[from] item: Leftovers
|upkeep
|turn|11
|-message|Noobskillstrongs forfeited.
|
|win|rawbraines
|raw|rawbraines's rating: 1193 &rarr; <strong>1215</strong><br />(+22 for winning)
|raw|Noobskillstrongs's rating: 1154 &rarr; <strong>1132</strong><br />(-22 for losing)
|l|☆Noobskillstrongs
|player|p2|
|l|☆rawbraines
|player|p1|
