|j|‽fawazmalik
|j|☆Usernamecool100
|t:|1760811626
|gametype|singles
|player|p1|fawazmalik|266|1191
|player|p2|Usernamecool100|youngster-gen4dp|1163
|gen|9
|tier|[Gen 9] OU
|rated|
|rule|HP Percentage Mod: HP is shown in percentages
|rule|Endless Battle Clause: Forcing endless battles is banned
|rule|Species Clause: Limit one of each Pokémon
|rule|OHKO Clause: OHKO moves are banned
|rule|Evasion Items Clause: Evasion items are banned
|rule|Evasion Moves Clause: Evasion moves are banned
|rule|Evasion Abilities Clause: Evasion abilities are banned
|rule|Sleep Moves Clause: Sleep-inducing moves are banned
|clearpoke
|poke|p1|Ribombee, M|
|poke|p1|Gholdengo|
|poke|p1|Kingambit, M|
|poke|p1|Manaphy|
|poke|p1|Great Tusk|
|poke|p1|Iron Valiant|
|poke|p2|Golem, M|
|poke|p2|Ditto|
|poke|p2|Ampharos, F|
|poke|p2|Articuno|
|poke|p2|Cacturne, M|
|poke|p2|Furret, M|
|teampreview
|inactive|Battle timer is ON: inactive players will automatically lose when time's up. (requested by fawazmalik)
|
|t:|1760811641
|teamsize|p1|6
|teamsize|p2|6
|start
|switch|p1a: Ribombee|Ribombee, M|100/100
|switch|p2a: Golem|Golem, M, shiny|100/100
|turn|1
|
|t:|1760811647
|move|p1a: Ribombee|Skill Swap|p2a: Golem
|-activate|p1a: Ribombee|move: Skill Swap|Sturdy|Shield Dust|[of] p2a: Golem
|move|p2a: Golem|Explosion|p1a: Ribombee
|-ability|p1a: Ribombee|Sturdy
|-damage|p1a: Ribombee|1/100
|faint|p2a: Golem
|
|upkeep
|
|t:|1760811655
|switch|p2a: Furret|Furret, M, shiny|100/100
|-item|p1a: Ribombee|Focus Sash|[from] ability: Frisk|[of] p2a: Furret
|turn|2
|
|t:|1760811658
|move|p2a: Furret|Quick Attack|p1a: Ribombee
|-damage|p1a: Ribombee|0 fnt
|faint|p1a: Ribombee
|
|upkeep
|
|t:|1760811671
|switch|p1a: Great Tusk|Great Tusk|100/100
|-enditem|p1a: Great Tusk|Booster Energy
|-activate|p1a: Great Tusk|ability: Protosynthesis|[fromitem]
|-start|p1a: Great Tusk|protosynthesisatk
|turn|3
|
|t:|1760811687
|switch|p2a: Articuno|Articuno|100/100
|-ability|p2a: Articuno|Pressure
|move|p1a: Great Tusk|Rapid Spin|p2a: Articuno
|-damage|p2a: Articuno|77/100
|-boost|p1a: Great Tusk|spe|1
|
|upkeep
|turn|4
|
|t:|1760811702
|move|p1a: Great Tusk|Close Combat|p2a: Articuno
|-damage|p2a: Articuno|0 fnt
|-unboost|p1a: Great Tusk|def|1
|-unboost|p1a: Great Tusk|spd|1
|faint|p2a: Articuno
|
|upkeep
|inactive|Usernamecool100 has 120 seconds left.
|
|t:|1760811722
|switch|p2a: Ampharos|Ampharos, F, shiny|100/100
|turn|5
|
|t:|1760811726
|-terastallize|p2a: Ampharos|Water
|move|p1a: Great Tusk|Headlong Rush|p2a: Ampharos
|-damage|p2a: Ampharos|35/100
|-unboost|p1a: Great Tusk|def|1
|-unboost|p1a: Great Tusk|spd|1
|-status|p1a: Great Tusk|par|[from] ability: Static|[of] p2a: Ampharos
|move|p2a: Ampharos|Tera Blast|p1a: Great Tusk|[anim] Tera Blast Water
|-supereffective|p1a: Great Tusk
|-damage|p1a: Great Tusk|0 fnt
|faint|p1a: Great Tusk
|-end|p1a: Great Tusk|Protosynthesis|[silent]
|
|-heal|p2a: Ampharos|41/100|[from] item: Leftovers
|upkeep
|
|t:|1760811741
|switch|p1a: Iron Valiant|Iron Valiant|100/100
|-enditem|p1a: Iron Valiant|Booster Energy
|-activate|p1a: Iron Valiant|ability: Quark Drive|[fromitem]
|-start|p1a: Iron Valiant|quarkdrivespe
|turn|6
|
|t:|1760811748
|move|p1a: Iron Valiant|Calm Mind|p1a: Iron Valiant
|-boost|p1a: Iron Valiant|spa|1
|-boost|p1a: Iron Valiant|spd|1
|move|p2a: Ampharos|Thunder Wave|p1a: Iron Valiant
|-status|p1a: Iron Valiant|par
|
|-heal|p2a: Ampharos|47/100|[from] item: Leftovers
|upkeep
|turn|7
|
|t:|1760811755
|move|p1a: Iron Valiant|Moonblast|p2a: Ampharos
|-damage|p2a: Ampharos|0 fnt
|faint|p2a: Ampharos
|
|upkeep
|
|t:|1760811760
|switch|p2a: Ditto|Ditto, shiny|100/100
|-transform|p2a: Ditto|p1a: Iron Valiant|[from] ability: Imposter
|turn|8
|
|t:|1760811766
|move|p2a: Ditto|Moonblast|p1a: Iron Valiant
|-supereffective|p1a: Iron Valiant
|-damage|p1a: Iron Valiant|0 fnt
|faint|p1a: Iron Valiant
|-end|p1a: Iron Valiant|Quark Drive|[silent]
|
|upkeep
|
|t:|1760811775
|switch|p1a: Gholdengo|Gholdengo|100/100
|-item|p1a: Gholdengo|Air Balloon
|turn|9
|
|t:|1760811781
|-end|p2a: Ditto|Quark Drive|[silent]
|switch|p2a: Furret|Furret, M, shiny|100/100
|-item|p1a: Gholdengo|Air Balloon|[from] ability: Frisk|[of] p2a: Furret
|-terastallize|p1a: Gholdengo|Steel
|move|p1a: Gholdengo|Make It Rain|p2a: Furret
|-damage|p2a: Furret|0 fnt
|-unboost|p1a: Gholdengo|spa|1
|faint|p2a: Furret
|
|upkeep
|
|t:|1760811786
|switch|p2a: Cacturne|Cacturne, M, shiny|100/100
|turn|10
|
|t:|1760811799
|switch|p1a: Manaphy|Manaphy|100/100
|move|p2a: Cacturne|Poison Jab|p1a: Manaphy
|-damage|p1a: Manaphy|57/100
|-status|p1a: Manaphy|psn
|
|-heal|p1a: Manaphy|63/100 psn|[from] item: Leftovers
|-damage|p1a: Manaphy|51/100 psn|[from] psn
|upkeep
|turn|11
|
|t:|1760811806
|move|p1a: Manaphy|Alluring Voice|p2a: Cacturne
|-supereffective|p2a: Cacturne
|-damage|p2a: Cacturne|31/100
|move|p2a: Cacturne|Poison Jab|p1a: Manaphy
|-damage|p1a: Manaphy|10/100 psn
|
|-heal|p1a: Manaphy|16/100 psn|[from] item: Leftovers
|-damage|p1a: Manaphy|4/100 psn|[from] psn
|upkeep
|turn|12
|
|t:|1760811813
|switch|p2a: Ditto|Ditto, shiny|100/100
|-transform|p2a: Ditto|p1a: Manaphy|[from] ability: Imposter
|move|p1a: Manaphy|Tail Glow|p1a: Manaphy
|-boost|p1a: Manaphy|spa|3
|
|-heal|p1a: Manaphy|10/100 psn|[from] item: Leftovers
|-damage|p1a: Manaphy|0 fnt|[from] psn
|faint|p1a: Manaphy
|upkeep
|
|t:|1760811822
|switch|p1a: Kingambit|Kingambit, M|100/100
|-activate|p1a: Kingambit|ability: Supreme Overlord
|-start|p1a: Kingambit|fallen4|[silent]
|turn|13
|
|t:|1760811840
|move|p2a: Ditto|Substitute|p2a: Ditto
|-start|p2a: Ditto|Substitute
|-damage|p2a: Ditto|75/100
|move|p1a: Kingambit|Kowtow Cleave|p2a: Ditto
|-end|p2a: Ditto|Substitute
|
|upkeep
|turn|14
|
|t:|1760811850
|switch|p2a: Cacturne|Cacturne, M, shiny|31/100
|move|p1a: Kingambit|Kowtow Cleave|p2a: Cacturne
|-resisted|p2a: Cacturne
|-damage|p2a: Cacturne|0 fnt
|faint|p2a: Cacturne
|
|upkeep
|
|t:|1760811852
|switch|p2a: Ditto|Ditto, shiny|75/100
|-transform|p2a: Ditto|p1a: Kingambit|[from] ability: Imposter
|-activate|p2a: Ditto|ability: Supreme Overlord
|-start|p2a: Ditto|fallen5|[silent]
|turn|15
|
|t:|1760811864
|move|p2a: Ditto|Sucker Punch|p1a: Kingambit
|-resisted|p1a: Kingambit
|-damage|p1a: Kingambit|79/100
|move|p1a: Kingambit|Low Kick|p2a: Ditto
|-supereffective|p2a: Ditto
|-damage|p2a: Ditto|0 fnt
|faint|p2a: Ditto
|-end|p2a: Ditto|fallen5|[silent]
|
|win|fawazmalik
|raw|fawazmalik's rating: 1191 &rarr; <strong>1214</strong><br />(+23 for winning)
|raw|Usernamecool100's rating: 1163 &rarr; <strong>1140</strong><br />(-23 for losing)
|l|‽fawazmalik
|player|p1|
|l|☆Usernamecool100
|player|p2|
