|j|☆RAGGNNAR
|j|☆waterdrinker48
|t:|1760801046
|gametype|singles
|player|p1|RAGGNNAR|ruinmaniac|1283
|player|p2|waterdrinker48|miku-ghost|1288
|gen|9
|tier|[Gen 9] OU
|rated|
|rule|HP Percentage Mod: HP is shown in percentages
|rule|Endless Battle Clause: Forcing endless battles is banned
|rule|Species Clause: Limit one of each Pokémon
|rule|OHKO Clause: OHKO moves are banned
|rule|Evasion Items Clause: Evasion items are banned
|rule|Evasion Moves Clause: Evasion moves are banned
|rule|Evasion Abilities Clause: Evasion abilities are banned
|rule|Sleep Moves Clause: Sleep-inducing moves are banned
|clearpoke
|poke|p1|Goodra, F|
|poke|p1|Ogerpon-Wellspring, F|
|poke|p1|Weezing, M|
|poke|p1|Muk-Alola, M|
|poke|p1|Great Tusk|
|poke|p1|Clefable, F|
|poke|p2|Hoopa-Unbound|
|poke|p2|Slowking-Galar, F|
|poke|p2|Dragapult, F|
|poke|p2|Great Tusk|
|poke|p2|Clefable, M|
|poke|p2|Zapdos|
|teampreview
|inactive|Battle timer is ON: inactive players will automatically lose when time's up. (requested by waterdrinker48)
|
|t:|1760801052
|teamsize|p1|6
|teamsize|p2|6
|start
|switch|p1a: Muk|Muk-Alola, M, shiny|100/100
|switch|p2a: Slowking|Slowking-Galar, F|100/100
|turn|1
|
|t:|1760801057
|switch|p2a: Zapdos|Zapdos|100/100
|move|p1a: Muk|Knock Off|p2a: Zapdos
|-damage|p2a: Zapdos|67/100
|-status|p2a: Zapdos|psn|[from] ability: Poison Touch|[of] p1a: Muk
|-enditem|p2a: Zapdos|Heavy-Duty Boots|[from] move: Knock Off|[of] p1a: Muk
|
|-damage|p2a: Zapdos|54/100 psn|[from] psn
|upkeep
|turn|2
|
|t:|1760801070
|switch|p1a: Great Tusk|Great Tusk, shiny|100/100
|move|p2a: Zapdos|Discharge|p1a: Great Tusk
|-immune|p1a: Great Tusk
|
|-damage|p2a: Zapdos|42/100 psn|[from] psn
|upkeep
|turn|3
|
|t:|1760801076
|move|p1a: Great Tusk|Ice Spinner|p2a: Zapdos
|-supereffective|p2a: Zapdos
|-damage|p2a: Zapdos|0 fnt
|-status|p1a: Great Tusk|par|[from] ability: Static|[of] p2a: Zapdos
|faint|p2a: Zapdos
|
|upkeep
|
|t:|1760801082
|switch|p2a: Clefable|Clefable, M|100/100
|turn|4
|
|t:|1760801086
|-end|p1a: Great Tusk|Protosynthesis|[silent]
|switch|p1a: Muk|Muk-Alola, M, shiny|100/100
|move|p2a: Clefable|Stealth Rock|p1a: Muk
|-sidestart|p1: RAGGNNAR|move: Stealth Rock
|
|upkeep
|turn|5
|
|t:|1760801091
|switch|p2a: Great Tusk|Great Tusk|100/100
|move|p1a: Muk|Knock Off|p2a: Great Tusk
|-resisted|p2a: Great Tusk
|-damage|p2a: Great Tusk|84/100
|-enditem|p2a: Great Tusk|Heavy-Duty Boots|[from] move: Knock Off|[of] p1a: Muk
|
|upkeep
|turn|6
|
|t:|1760801098
|switch|p1a: Weezing|Weezing, M, shiny|100/100
|-damage|p1a: Weezing|88/100|[from] Stealth Rock
|move|p2a: Great Tusk|Headlong Rush|p1a: Weezing
|-immune|p1a: Weezing|[from] ability: Levitate
|
|upkeep
|turn|7
|
|t:|1760801109
|-end|p2a: Great Tusk|Protosynthesis|[silent]
|switch|p2a: Slowking|Slowking-Galar, F|100/100
|move|p1a: Weezing|Will-O-Wisp|p2a: Slowking
|-status|p2a: Slowking|brn
|
|-damage|p2a: Slowking|94/100 brn|[from] brn
|upkeep
|turn|8
|
|t:|1760801118
|switch|p1a: Great Tusk|Great Tusk, shiny|100/100 par
|move|p2a: Slowking|Future Sight|p1a: Great Tusk
|-start|p2a: Slowking|move: Future Sight
|
|-damage|p2a: Slowking|88/100 brn|[from] brn
|upkeep
|turn|9
|
|t:|1760801122
|switch|p2a: Clefable|Clefable, M|100/100
|move|p1a: Great Tusk|Rapid Spin|p2a: Clefable
|-damage|p2a: Clefable|85/100
|-boost|p1a: Great Tusk|spe|1
|-sideend|p1: RAGGNNAR|Stealth Rock|[from] move: Rapid Spin|[of] p1a: Great Tusk
|
|upkeep
|turn|10
|
|t:|1760801126
|-end|p1a: Great Tusk|Protosynthesis|[silent]
|switch|p1a: Muk|Muk-Alola, M, shiny|100/100
|move|p2a: Clefable|Moonblast|p1a: Muk
|-damage|p1a: Muk|69/100
|
|-end|p1a: Muk|move: Future Sight
|-immune|p1a: Muk
|upkeep
|turn|11
|
|t:|1760801134
|switch|p2a: Great Tusk|Great Tusk|84/100
|move|p1a: Muk|Poison Jab|p2a: Great Tusk
|-resisted|p2a: Great Tusk
|-damage|p2a: Great Tusk|69/100
|
|upkeep
|turn|12
|
|t:|1760801139
|switch|p1a: Weezing|Weezing, M, shiny|88/100
|move|p2a: Great Tusk|Ice Spinner|p1a: Weezing
|-damage|p1a: Weezing|71/100
|-damage|p2a: Great Tusk|53/100|[from] item: Rocky Helmet|[of] p1a: Weezing
|
|upkeep
|turn|13
|
|t:|1760801145
|-end|p2a: Great Tusk|Protosynthesis|[silent]
|switch|p2a: Slowking|Slowking-Galar, F|100/100 brn
|switch|p1a: Muk|Muk-Alola, M, shiny|69/100
|
|-damage|p2a: Slowking|94/100 brn|[from] brn
|upkeep
|turn|14
|
|t:|1760801149
|switch|p2a: Clefable|Clefable, M|85/100
|move|p1a: Muk|Knock Off|p2a: Clefable
|-resisted|p2a: Clefable
|-damage|p2a: Clefable|66/100
|-status|p2a: Clefable|psn|[from] ability: Poison Touch|[of] p1a: Muk
|-enditem|p2a: Clefable|Life Orb|[from] move: Knock Off|[of] p1a: Muk
|
|upkeep
|turn|15
|
|t:|1760801157
|move|p1a: Muk|Poison Jab|p2a: Clefable
|-supereffective|p2a: Clefable
|-damage|p2a: Clefable|0 fnt
|faint|p2a: Clefable
|
|upkeep
|l|☆waterdrinker48
|inactive|waterdrinker48 disconnected and has a minute to reconnect!
|player|p2|
|inactive|waterdrinker48 has 30 seconds to reconnect!
|inactive|waterdrinker48 has 20 seconds to reconnect!
|inactive|waterdrinker48 has 15 seconds to reconnect!
|inactive|waterdrinker48 has 10 seconds to reconnect!
|inactive|waterdrinker48 has 5 seconds to reconnect!
|-message|waterdrinker48 lost due to inactivity.
|
|win|RAGGNNAR
|raw|RAGGNNAR's rating: 1283 &rarr; <strong>1308</strong><br />(+25 for winning)
|raw|waterdrinker48's rating: 1288 &rarr; <strong>1263</strong><br />(-25 for losing)
|l|☆RAGGNNAR
|player|p1|
