|j|☆Grindset mindset
|j|☆spudcutter
|t:|1760728882
|gametype|singles
|player|p1|Grindset mindset|skyla|1668
|player|p2|spudcutter|ghetsis-gen5bw|1636
|gen|9
|tier|[Gen 9] OU
|rated|
|rule|HP Percentage Mod: HP is shown in percentages
|rule|Endless Battle Clause: Forcing endless battles is banned
|rule|Species Clause: Limit one of each Pokémon
|rule|OHKO Clause: OHKO moves are banned
|rule|Evasion Items Clause: Evasion items are banned
|rule|Evasion Moves Clause: Evasion moves are banned
|rule|Evasion Abilities Clause: Evasion abilities are banned
|rule|Sleep Moves Clause: Sleep-inducing moves are banned
|clearpoke
|poke|p1|Ogerpon-Cornerstone, F|
|poke|p1|Primarina, F|
|poke|p1|Armarouge, F|
|poke|p1|Raging Bolt|
|poke|p1|Great Tusk|
|poke|p1|Zapdos-Galar|
|poke|p2|Kingambit, F|
|poke|p2|Dragapult, M|
|poke|p2|Great Tusk|
|poke|p2|Slowking-Galar, M|
|poke|p2|Darkrai|
|poke|p2|Dondozo, M|
|teampreview
|inactive|Battle timer is ON: inactive players will automatically lose when time's up. (requested by spudcutter)
|inactive|Grindset mindset also wants the timer to be on.
|
|t:|1760728898
|teamsize|p1|6
|teamsize|p2|6
|start
|switch|p1a: Primarina|Primarina, F|100/100
|switch|p2a: Dragapult|Dragapult, M|100/100
|turn|1
|
|t:|1760728919
|move|p2a: Dragapult|U-turn|p1a: Primarina
|-resisted|p1a: Primarina
|-damage|p1a: Primarina|87/100
|
|t:|1760728921
|switch|p2a: Slowking|Slowking-Galar, M|100/100|[from] U-turn
|move|p1a: Primarina|Hyper Voice|p2a: Slowking
|-damage|p2a: Slowking|62/100
|
|upkeep
|turn|2
|
|t:|1760728926
|move|p1a: Primarina|Hyper Voice|p2a: Slowking
|-crit|p2a: Slowking
|-damage|p2a: Slowking|4/100
|move|p2a: Slowking|Sludge Bomb|p1a: Primarina
|-supereffective|p1a: Primarina
|-damage|p1a: Primarina|8/100
|
|upkeep
|turn|3
|
|t:|1760728931
|switch|p2a: Kingambit|Kingambit, F|100/100
|move|p1a: Primarina|Hyper Voice|p2a: Kingambit
|-damage|p2a: Kingambit|26/100
|
|-heal|p2a: Kingambit|32/100|[from] item: Leftovers
|upkeep
|turn|4
|
|t:|1760728935
|move|p2a: Kingambit|Sucker Punch|p1a: Primarina
|-resisted|p1a: Primarina
|-damage|p1a: Primarina|0 fnt
|faint|p1a: Primarina
|
|-heal|p2a: Kingambit|38/100|[from] item: Leftovers
|upkeep
|
|t:|1760728943
|switch|p1a: Great Tusk|Great Tusk|100/100
|-enditem|p1a: Great Tusk|Booster Energy
|-activate|p1a: Great Tusk|ability: Protosynthesis|[fromitem]
|-start|p1a: Great Tusk|protosynthesisatk
|turn|5
|
|t:|1760728948
|switch|p2a: Dondozo|Dondozo, M|100/100
|move|p1a: Great Tusk|Headlong Rush|p2a: Dondozo
|-damage|p2a: Dondozo|63/100
|-unboost|p1a: Great Tusk|def|1
|-unboost|p1a: Great Tusk|spd|1
|-damage|p1a: Great Tusk|84/100|[from] item: Rocky Helmet|[of] p2a: Dondozo
|
|upkeep
|turn|6
|
|t:|1760728953
|move|p1a: Great Tusk|Headlong Rush|p2a: Dondozo
|-crit|p2a: Dondozo
|-damage|p2a: Dondozo|5/100
|-unboost|p1a: Great Tusk|def|1
|-unboost|p1a: Great Tusk|spd|1
|-damage|p1a: Great Tusk|68/100|[from] item: Rocky Helmet|[of] p2a: Dondozo
|move|p2a: Dondozo|Curse|p2a: Dondozo
|-unboost|p2a: Dondozo|spe|1
|-boost|p2a: Dondozo|atk|1
|-boost|p2a: Dondozo|def|1
|
|upkeep
|turn|7
|
|t:|1760728956
|move|p1a: Great Tusk|Headlong Rush|p2a: Dondozo
|-damage|p2a: Dondozo|0 fnt
|-unboost|p1a: Great Tusk|def|1
|-unboost|p1a: Great Tusk|spd|1
|-damage|p1a: Great Tusk|51/100|[from] item: Rocky Helmet|[of] p2a: Dondozo
|faint|p2a: Dondozo
|
|upkeep
|
|t:|1760728958
|switch|p2a: Dragapult|Dragapult, M|100/100
|turn|8
|
|t:|1760728962
|move|p2a: Dragapult|Dragon Darts|p1a: Great Tusk
|-damage|p1a: Great Tusk|2/100
|-anim|p2a: Dragapult|Dragon Darts|p1a: Great Tusk
|-damage|p1a: Great Tusk|0 fnt
|faint|p1a: Great Tusk
|-end|p1a: Great Tusk|Protosynthesis|[silent]
|
|upkeep
|c|☆spudcutter|These crits
|
|t:|1760728966
|switch|p1a: Zapdos|Zapdos-Galar|100/100
|turn|9
|
|t:|1760728975
|move|p2a: Dragapult|Will-O-Wisp|p1a: Zapdos
|-status|p1a: Zapdos|brn
|move|p1a: Zapdos|Brave Bird|p2a: Dragapult
|-damage|p2a: Dragapult|30/100
|-damage|p1a: Zapdos|78/100 brn|[from] Recoil
|
|-damage|p1a: Zapdos|72/100 brn|[from] brn
|upkeep
|turn|10
|
|t:|1760728984
|move|p2a: Dragapult|Dragon Darts|p1a: Zapdos
|-damage|p1a: Zapdos|42/100 brn
|-anim|p2a: Dragapult|Dragon Darts|p1a: Zapdos
|-damage|p1a: Zapdos|15/100 brn
|move|p1a: Zapdos|Brave Bird|p2a: Dragapult
|-damage|p2a: Dragapult|0 fnt
|faint|p2a: Dragapult
|-damage|p1a: Zapdos|5/100 brn|[from] Recoil
|
|-damage|p1a: Zapdos|0 fnt|[from] brn
|faint|p1a: Zapdos
|upkeep
|
|t:|1760728992
|switch|p2a: Darkrai|Darkrai|100/100
|switch|p1a: Ogerpon|Ogerpon-Cornerstone, F|100/100
|turn|11
|
|t:|1760728998
|move|p2a: Darkrai|Dark Pulse|p1a: Ogerpon
|-damage|p1a: Ogerpon|52/100
|cant|p1a: Ogerpon|flinch
|
|upkeep
|turn|12
|
|t:|1760729002
|move|p2a: Darkrai|Dark Pulse|p1a: Ogerpon
|-damage|p1a: Ogerpon|1/100
|move|p1a: Ogerpon|Power Whip|p2a: Darkrai
|-crit|p2a: Darkrai
|-damage|p2a: Darkrai|0 fnt
|faint|p2a: Darkrai
|
|upkeep
|c|☆spudcutter|Another one 😂
|
|t:|1760729019
|switch|p2a: Kingambit|Kingambit, F|38/100
|turn|13
|
|t:|1760729032
|move|p2a: Kingambit|Sucker Punch||[still]
|-fail|p2a: Kingambit
|move|p1a: Ogerpon|Swords Dance|p1a: Ogerpon
|-boost|p1a: Ogerpon|atk|2
|
|-heal|p2a: Kingambit|45/100|[from] item: Leftovers
|upkeep
|turn|14
|
|t:|1760729035
|move|p2a: Kingambit|Sucker Punch|p1a: Ogerpon
|-damage|p1a: Ogerpon|0 fnt
|faint|p1a: Ogerpon
|
|-heal|p2a: Kingambit|51/100|[from] item: Leftovers
|upkeep
|
|t:|1760729041
|switch|p1a: Raging Bolt|Raging Bolt|100/100
|turn|15
|
|t:|1760729044
|move|p1a: Raging Bolt|Thunderbolt|p2a: Kingambit
|-crit|p2a: Kingambit
|-damage|p2a: Kingambit|0 fnt
|faint|p2a: Kingambit
|
|upkeep
|
|t:|1760729046
|switch|p2a: Great Tusk|Great Tusk|100/100
|turn|16
|
|t:|1760729050
|-terastallize|p1a: Raging Bolt|Water
|move|p2a: Great Tusk|Rapid Spin|p1a: Raging Bolt
|-damage|p1a: Raging Bolt|87/100
|-boost|p2a: Great Tusk|spe|1
|move|p1a: Raging Bolt|Tera Blast|p2a: Great Tusk|[anim] Tera Blast Water
|-supereffective|p2a: Great Tusk
|-damage|p2a: Great Tusk|0 fnt
|faint|p2a: Great Tusk
|-end|p2a: Great Tusk|Protosynthesis|[silent]
|
|-heal|p1a: Raging Bolt|93/100|[from] item: Leftovers
|upkeep
|c|☆spudcutter|Pure luck
|-message|spudcutter forfeited.
|
|win|Grindset mindset
|raw|Grindset mindset's rating: 1668 &rarr; <strong>1686</strong><br />(+18 for winning)
|raw|spudcutter's rating: 1636 &rarr; <strong>1618</strong><br />(-18 for losing)
|c|☆Grindset mindset|I’m so talented at timing these crits, brings a tear to my eye
|l|☆spudcutter
|player|p2|
|l|☆Grindset mindset
|player|p1|
