|j|☆3lit
|j|☆Etarnus XD
|t:|1760866557
|gametype|singles
|player|p1|3lit|169|1232
|player|p2|Etarnus XD|266|1317
|gen|9
|tier|[Gen 9] OU
|rated|
|rule|HP Percentage Mod: HP is shown in percentages
|rule|Endless Battle Clause: Forcing endless battles is banned
|rule|Species Clause: Limit one of each Pokémon
|rule|OHKO Clause: OHKO moves are banned
|rule|Evasion Items Clause: Evasion items are banned
|rule|Evasion Moves Clause: Evasion moves are banned
|rule|Evasion Abilities Clause: Evasion abilities are banned
|rule|Sleep Moves Clause: Sleep-inducing moves are banned
|clearpoke
|poke|p1|Dragapult, F|
|poke|p1|Gliscor, F|
|poke|p1|Kingambit, M|
|poke|p1|Slowking-Galar, M|
|poke|p1|Ogerpon-Wellspring, F|
|poke|p1|Great Tusk|
|poke|p2|Inteleon, F|
|poke|p2|Incineroar, F|
|poke|p2|Rillaboom, M|
|poke|p2|Toxicroak, M|
|poke|p2|Iron Treads|
|poke|p2|Enamorus, F|
|teampreview
|inactive|Battle timer is ON: inactive players will automatically lose when time's up. (requested by 3lit)
|
|t:|1760866567
|teamsize|p1|6
|teamsize|p2|6
|start
|switch|p1a: Dragapult|Dragapult, F|100/100
|switch|p2a: Incineroar|Incineroar, F|100/100
|-ability|p2a: Incineroar|Intimidate|boost
|-fail|p1a: Dragapult|unboost|[from] ability: Clear Body|[of] p1a: Dragapult
|turn|1
|
|t:|1760866578
|move|p1a: Dragapult|U-turn|p2a: Incineroar
|-damage|p2a: Incineroar|85/100
|
|t:|1760866582
|switch|p1a: Pon Welly|Ogerpon-Wellspring, F|100/100|[from] U-turn
|move|p2a: Incineroar|Will-O-Wisp|p1a: Pon Welly
|-status|p1a: Pon Welly|brn
|
|-damage|p1a: Pon Welly|95/100 brn|[from] brn
|upkeep
|turn|2
|
|t:|1760866594
|switch|p2a: Toxicroak|Toxicroak, M|100/100
|move|p1a: Pon Welly|Swords Dance|p1a: Pon Welly
|-boost|p1a: Pon Welly|atk|2
|
|-damage|p1a: Pon Welly|89/100 brn|[from] brn
|upkeep
|turn|3
|
|t:|1760866606
|move|p1a: Pon Welly|U-turn|p2a: Toxicroak
|-resisted|p2a: Toxicroak
|-damage|p2a: Toxicroak|89/100
|
|t:|1760866608
|switch|p1a: Gliscor|Gliscor, F|100/100|[from] U-turn
|move|p2a: Toxicroak|Gunk Shot|p1a: Gliscor
|-resisted|p1a: Gliscor
|-damage|p1a: Gliscor|85/100
|-status|p1a: Gliscor|psn
|
|-heal|p2a: Toxicroak|95/100|[from] item: Leftovers
|-heal|p1a: Gliscor|98/100 psn|[from] ability: Poison Heal
|upkeep
|turn|4
|
|t:|1760866623
|switch|p2a: Enamorus|Enamorus, F|100/100
|move|p1a: Gliscor|U-turn|p2a: Enamorus
|-resisted|p2a: Enamorus
|-damage|p2a: Enamorus|95/100
|
|t:|1760866628
|switch|p1a: Gloking|Slowking-Galar, M, shiny|100/100|[from] U-turn
|
|-heal|p2a: Enamorus|100/100|[from] item: Leftovers
|upkeep
|turn|5
|
|t:|1760866635
|switch|p2a: Iron Treads|Iron Treads|100/100
|move|p1a: Gloking|Future Sight|p2a: Iron Treads
|-start|p1a: Gloking|move: Future Sight
|
|upkeep
|turn|6
|
|t:|1760866642
|move|p2a: Iron Treads|Stealth Rock|p1a: Gloking
|-sidestart|p1: 3lit|move: Stealth Rock
|move|p1a: Gloking|Flamethrower|p2a: Iron Treads
|-supereffective|p2a: Iron Treads
|-damage|p2a: Iron Treads|16/100
|
|-heal|p2a: Iron Treads|23/100|[from] item: Leftovers
|upkeep
|turn|7
|
|t:|1760866652
|-end|p2a: Iron Treads|Quark Drive|[silent]
|switch|p2a: Incineroar|Incineroar, F|85/100
|-ability|p2a: Incineroar|Intimidate|boost
|-unboost|p1a: Gloking|atk|1
|switch|p1a: Gliscor|Gliscor, F|98/100 psn
|-damage|p1a: Gliscor|85/100 psn|[from] Stealth Rock
|
|-end|p2a: Incineroar|move: Future Sight
|-immune|p2a: Incineroar
|-heal|p1a: Gliscor|98/100 psn|[from] ability: Poison Heal
|upkeep
|turn|8
|
|t:|1760866666
|switch|p2a: Inteleon|Inteleon, F|100/100
|move|p1a: Gliscor|U-turn|p2a: Inteleon
|-damage|p2a: Inteleon|76/100
|
|t:|1760866670
|switch|p1a: Gloking|Slowking-Galar, M, shiny|100/100|[from] U-turn
|-damage|p1a: Gloking|88/100|[from] Stealth Rock
|
|upkeep
|turn|9
|
|t:|1760866677
|move|p2a: Inteleon|Dark Pulse|p1a: Gloking
|-supereffective|p1a: Gloking
|-crit|p1a: Gloking
|-damage|p1a: Gloking|23/100
|move|p1a: Gloking|Sludge Bomb|p2a: Inteleon
|-damage|p2a: Inteleon|7/100
|-status|p2a: Inteleon|psn
|
|-damage|p2a: Inteleon|0 fnt|[from] psn
|faint|p2a: Inteleon
|upkeep
|-message|Etarnus XD forfeited.
|
|win|3lit
|raw|3lit's rating: 1232 &rarr; <strong>1263</strong><br />(+31 for winning)
|raw|Etarnus XD's rating: 1317 &rarr; <strong>1292</strong><br />(-25 for losing)
|l|☆Etarnus XD
|player|p2|
|l|☆3lit
|player|p1|
