|j|☆Dxvofauni
|j|☆beebopstolemyname
|t:|1760803389
|gametype|singles
|player|p1|Dxvofauni|volkner|1212
|player|p2|beebopstolemyname|unknown|1184
|gen|9
|tier|[Gen 9] OU
|rated|
|rule|HP Percentage Mod: HP is shown in percentages
|rule|Endless Battle Clause: Forcing endless battles is banned
|rule|Species Clause: Limit one of each Pokémon
|rule|OHKO Clause: OHKO moves are banned
|rule|Evasion Items Clause: Evasion items are banned
|rule|Evasion Moves Clause: Evasion moves are banned
|rule|Evasion Abilities Clause: Evasion abilities are banned
|rule|Sleep Moves Clause: Sleep-inducing moves are banned
|clearpoke
|poke|p1|Slither Wing|
|poke|p1|Kilowattrel, F|
|poke|p1|Jirachi|
|poke|p1|Ogerpon-Wellspring, F|
|poke|p1|Iron Valiant|
|poke|p1|Kleavor, F|
|poke|p2|Hatterene, F|
|poke|p2|Blaziken, M|
|poke|p2|Dragapult, M|
|poke|p2|Gyarados, M|
|poke|p2|Kingambit, M|
|poke|p2|Gliscor, M|
|teampreview
|
|t:|1760803401
|teamsize|p1|6
|teamsize|p2|6
|start
|switch|p1a: Kleavor|Kleavor, F|100/100
|switch|p2a: Gliscor|Gliscor, M|100/100
|turn|1
|
|t:|1760803413
|move|p1a: Kleavor|Stone Axe|p2a: Gliscor
|-damage|p2a: Gliscor|49/100
|-sidestart|p2: beebopstolemyname|move: Stealth Rock
|move|p2a: Gliscor|Swords Dance|p2a: Gliscor
|-boost|p2a: Gliscor|atk|2
|
|-status|p2a: Gliscor|tox|[from] item: Toxic Orb
|upkeep
|turn|2
|
|t:|1760803426
|move|p1a: Kleavor|Stone Axe|p2a: Gliscor
|-damage|p2a: Gliscor|0 fnt
|faint|p2a: Gliscor
|
|upkeep
|
|t:|1760803432
|switch|p2a: Dragapult|Dragapult, M, shiny|100/100
|-damage|p2a: Dragapult|88/100|[from] Stealth Rock
|turn|3
|
|t:|1760803442
|move|p1a: Kleavor|Stone Axe|p2a: Dragapult
|-damage|p2a: Dragapult|18/100
|move|p2a: Dragapult|Dragon Dance|p2a: Dragapult
|-boost|p2a: Dragapult|atk|1
|-boost|p2a: Dragapult|spe|1
|
|upkeep
|turn|4
|
|t:|1760803467
|switch|p1a: Iron Valiant|Iron Valiant, shiny|100/100
|-enditem|p1a: Iron Valiant|Booster Energy
|-activate|p1a: Iron Valiant|ability: Quark Drive|[fromitem]
|-start|p1a: Iron Valiant|quarkdrivespe
|move|p2a: Dragapult|Sucker Punch||[still]
|-fail|p2a: Dragapult
|
|upkeep
|turn|5
|
|t:|1760803484
|move|p2a: Dragapult|Night Shade|p1a: Iron Valiant
|-damage|p1a: Iron Valiant|66/100
|move|p1a: Iron Valiant|Moonblast|p2a: Dragapult
|-supereffective|p2a: Dragapult
|-damage|p2a: Dragapult|0 fnt
|faint|p2a: Dragapult
|
|upkeep
|
|t:|1760803503
|switch|p2a: Gyarados|Gyarados, M, shiny|100/100
|-damage|p2a: Gyarados|76/100|[from] Stealth Rock
|-ability|p2a: Gyarados|Intimidate|boost
|-unboost|p1a: Iron Valiant|atk|1
|turn|6
|
|t:|1760803514
|move|p1a: Iron Valiant|Thunderbolt|p2a: Gyarados
|-supereffective|p2a: Gyarados
|-damage|p2a: Gyarados|0 fnt
|faint|p2a: Gyarados
|
|upkeep
|
|t:|1760803517
|switch|p2a: Hatterene|Hatterene, F|100/100
|-damage|p2a: Hatterene|88/100|[from] Stealth Rock
|turn|7
|
|t:|1760803527
|-end|p1a: Iron Valiant|Quark Drive|[silent]
|switch|p1a: my fault|Jirachi|100/100
|move|p2a: Hatterene|Trick Room|p2a: Hatterene
|-fieldstart|move: Trick Room|[of] p2a: Hatterene
|
|upkeep
|turn|8
|
|t:|1760803574
|switch|p2a: Blaziken|Blaziken, M|100/100
|-damage|p2a: Blaziken|88/100|[from] Stealth Rock
|move|p1a: my fault|Trick|p2a: Blaziken
|-activate|p1a: my fault|move: Trick|[of] p2a: Blaziken
|-item|p2a: Blaziken|Choice Scarf|[from] move: Trick
|-item|p1a: my fault|Life Orb|[from] move: Trick
|
|upkeep
|turn|9
|
|t:|1760803581
|move|p1a: my fault|Zen Headbutt|p2a: Blaziken
|-supereffective|p2a: Blaziken
|-damage|p2a: Blaziken|0 fnt
|faint|p2a: Blaziken
|-damage|p1a: my fault|91/100|[from] item: Life Orb
|
|upkeep
|
|t:|1760803584
|switch|p2a: Hatterene|Hatterene, F|88/100
|-damage|p2a: Hatterene|76/100|[from] Stealth Rock
|turn|10
|
|t:|1760803590
|move|p1a: my fault|Iron Head|p2a: Hatterene
|-supereffective|p2a: Hatterene
|-damage|p2a: Hatterene|0 fnt
|faint|p2a: Hatterene
|-damage|p1a: my fault|81/100|[from] item: Life Orb
|
|upkeep
|
|t:|1760803593
|switch|p2a: Kingambit|Kingambit, M|100/100
|-damage|p2a: Kingambit|94/100|[from] Stealth Rock
|-activate|p2a: Kingambit|ability: Supreme Overlord
|-start|p2a: Kingambit|fallen5|[silent]
|turn|11
|
|t:|1760803601
|-terastallize|p1a: my fault|Steel
|move|p2a: Kingambit|Kowtow Cleave|p1a: my fault
|-damage|p1a: my fault|0 fnt
|faint|p1a: my fault
|-damage|p2a: Kingambit|84/100|[from] item: Life Orb
|
|-fieldend|move: Trick Room
|upkeep
|
|t:|1760803607
|switch|p1a: Slither Wing|Slither Wing|100/100
|-enditem|p1a: Slither Wing|Booster Energy
|-activate|p1a: Slither Wing|ability: Protosynthesis|[fromitem]
|-start|p1a: Slither Wing|protosynthesisatk
|turn|12
|
|t:|1760803621
|move|p1a: Slither Wing|Close Combat|p2a: Kingambit
|-supereffective|p2a: Kingambit
|-damage|p2a: Kingambit|0 fnt
|-unboost|p1a: Slither Wing|def|1
|-unboost|p1a: Slither Wing|spd|1
|faint|p2a: Kingambit
|-end|p2a: Kingambit|fallen5|[silent]
|
|win|Dxvofauni
|raw|Dxvofauni's rating: 1212 &rarr; <strong>1235</strong><br />(+23 for winning)
|raw|beebopstolemyname's rating: 1184 &rarr; <strong>1161</strong><br />(-23 for losing)
|l|☆beebopstolemyname
|player|p2|
