|j|☆cactusxjack
|j|☆ppppppz
|t:|1760767659
|gametype|singles
|player|p1|cactusxjack|266|1084
|player|p2|ppppppz|preschooler|1186
|gen|9
|tier|[Gen 9] OU
|rated|
|rule|HP Percentage Mod: HP is shown in percentages
|rule|Endless Battle Clause: Forcing endless battles is banned
|rule|Species Clause: Limit one of each Pokémon
|rule|OHKO Clause: OHKO moves are banned
|rule|Evasion Items Clause: Evasion items are banned
|rule|Evasion Moves Clause: Evasion moves are banned
|rule|Evasion Abilities Clause: Evasion abilities are banned
|rule|Sleep Moves Clause: Sleep-inducing moves are banned
|clearpoke
|poke|p1|Rillaboom, F|
|poke|p1|Ceruledge, F|
|poke|p1|Torkoal, F|
|poke|p1|Electrode-Hisui|
|poke|p1|Rotom-Heat|
|poke|p1|Volcanion|
|poke|p2|Cinderace, M|
|poke|p2|Blaziken, F|
|poke|p2|Meowscarada, M|
|poke|p2|Quaquaval, M|
|poke|p2|Serperior, F|
|poke|p2|Feraligatr, M|
|teampreview
|
|t:|1760767680
|teamsize|p1|6
|teamsize|p2|6
|start
|switch|p1a: Rotom|Rotom-Heat|100/100
|switch|p2a: Quaquaval|Quaquaval, M|100/100
|turn|1
|
|t:|1760767694
|move|p1a: Rotom|Trick|p2a: Quaquaval
|-activate|p1a: Rotom|move: Trick|[of] p2a: Quaquaval
|-item|p2a: Quaquaval|Choice Scarf|[from] move: Trick
|-item|p1a: Rotom|Assault Vest|[from] move: Trick
|move|p2a: Quaquaval|Aqua Step|p1a: Rotom
|-supereffective|p1a: Rotom
|-damage|p1a: Rotom|0 fnt
|-boost|p2a: Quaquaval|spe|1
|faint|p1a: Rotom
|-ability|p2a: Quaquaval|Moxie|boost
|-boost|p2a: Quaquaval|atk|1
|
|upkeep
|
|t:|1760767699
|switch|p1a: Torkoal|Torkoal, F|100/100
|-weather|SunnyDay|[from] ability: Drought|[of] p1a: Torkoal
|turn|2
|
|t:|1760767708
|move|p2a: Quaquaval|Aqua Step|p1a: Torkoal
|-supereffective|p1a: Torkoal
|-damage|p1a: Torkoal|51/100
|-boost|p2a: Quaquaval|spe|1
|move|p1a: Torkoal|Will-O-Wisp|p2a: Quaquaval
|-status|p2a: Quaquaval|brn
|
|-weather|SunnyDay|[upkeep]
|-damage|p2a: Quaquaval|94/100 brn|[from] brn
|upkeep
|turn|3
|
|t:|1760767719
|move|p2a: Quaquaval|Aqua Step|p1a: Torkoal
|-supereffective|p1a: Torkoal
|-damage|p1a: Torkoal|27/100
|-boost|p2a: Quaquaval|spe|1
|move|p1a: Torkoal|Stealth Rock|p2a: Quaquaval
|-sidestart|p2: ppppppz|move: Stealth Rock
|
|-weather|SunnyDay|[upkeep]
|-damage|p2a: Quaquaval|88/100 brn|[from] brn
|upkeep
|turn|4
|
|t:|1760767729
|switch|p1a: Volcanion|Volcanion|100/100
|move|p2a: Quaquaval|Aqua Step|p1a: Volcanion
|-immune|p1a: Volcanion|[from] ability: Water Absorb
|
|-weather|SunnyDay|[upkeep]
|-damage|p2a: Quaquaval|82/100 brn|[from] brn
|upkeep
|turn|5
|
|t:|1760767739
|switch|p2a: Cinderace|Cinderace, M|100/100
|-damage|p2a: Cinderace|76/100|[from] Stealth Rock
|move|p1a: Volcanion|Fire Blast|p2a: Cinderace
|-resisted|p2a: Cinderace
|-crit|p2a: Cinderace
|-damage|p2a: Cinderace|0 fnt
|faint|p2a: Cinderace
|
|-weather|SunnyDay|[upkeep]
|upkeep
|c|☆cactusxjack|damn
|
|t:|1760767759
|switch|p2a: Quaquaval|Quaquaval, M|82/100 brn
|-damage|p2a: Quaquaval|76/100 brn|[from] Stealth Rock
|turn|6
|
|t:|1760767766
|move|p2a: Quaquaval|Close Combat|p1a: Volcanion
|-damage|p1a: Volcanion|73/100
|-unboost|p2a: Quaquaval|def|1
|-unboost|p2a: Quaquaval|spd|1
|move|p1a: Volcanion|Sludge Bomb|p2a: Quaquaval
|-damage|p2a: Quaquaval|10/100 brn
|
|-weather|SunnyDay|[upkeep]
|-damage|p2a: Quaquaval|4/100 brn|[from] brn
|upkeep
|turn|7
|
|t:|1760767784
|switch|p1a: Ceruledge|Ceruledge, F|100/100
|move|p2a: Quaquaval|Close Combat|p1a: Ceruledge
|-immune|p1a: Ceruledge
|
|-weather|SunnyDay|[upkeep]
|-damage|p2a: Quaquaval|0 fnt|[from] brn
|faint|p2a: Quaquaval
|upkeep
|
|t:|1760767801
|switch|p2a: Feraligatr|Feraligatr, M|100/100
|turn|8
|
|t:|1760767824
|move|p1a: Ceruledge|Solar Blade||[still]
|-prepare|p1a: Ceruledge|Solar Blade
|-anim|p1a: Ceruledge|Solar Blade|p2a: Feraligatr
|-supereffective|p2a: Feraligatr
|-damage|p2a: Feraligatr|0 fnt
|faint|p2a: Feraligatr
|
|-weather|SunnyDay|[upkeep]
|upkeep
|-message|ppppppz forfeited.
|
|win|cactusxjack
|raw|cactusxjack's rating: 1084 &rarr; <strong>1119</strong><br />(+35 for winning)
|raw|ppppppz's rating: 1186 &rarr; <strong>1154</strong><br />(-32 for losing)
|l|☆ppppppz
|player|p2|
|l|☆cactusxjack
|player|p1|
