|j|☆Krris
|j|☆Arffydoggy
|t:|1760762293
|gametype|singles
|player|p1|Krris|steven|1203
|player|p2|Arffydoggy|fisherman-gen4|1236
|gen|9
|tier|[Gen 9] OU
|rated|
|rule|HP Percentage Mod: HP is shown in percentages
|rule|Endless Battle Clause: Forcing endless battles is banned
|rule|Species Clause: Limit one of each Pokémon
|rule|OHKO Clause: OHKO moves are banned
|rule|Evasion Items Clause: Evasion items are banned
|rule|Evasion Moves Clause: Evasion moves are banned
|rule|Evasion Abilities Clause: Evasion abilities are banned
|rule|Sleep Moves Clause: Sleep-inducing moves are banned
|clearpoke
|poke|p1|Darkrai|
|poke|p1|Ogerpon-Wellspring, F|
|poke|p1|Heatran, M|
|poke|p1|Iron Moth|
|poke|p1|Dondozo, M|
|poke|p1|Landorus-Therian, M|
|poke|p2|Blaziken, F|
|poke|p2|Deoxys-Speed|
|poke|p2|Iron Valiant|
|poke|p2|Darkrai|
|poke|p2|Iron Crown|
|poke|p2|Landorus-Therian, M|
|teampreview
|inactive|Battle timer is ON: inactive players will automatically lose when time's up. (requested by Krris)
|
|t:|1760762309
|teamsize|p1|6
|teamsize|p2|6
|start
|switch|p1a: Landorus|Landorus-Therian, M|100/100
|switch|p2a: Landorus|Landorus-Therian, M|100/100
|-ability|p1a: Landorus|Intimidate|boost
|-unboost|p2a: Landorus|atk|1
|-ability|p2a: Landorus|Intimidate|boost
|-unboost|p1a: Landorus|atk|1
|turn|1
|l|☆Arffydoggy
|inactive|Arffydoggy disconnected and has a minute to reconnect!
|player|p2|
|j|☆Arffydoggy
|inactive|Arffydoggy reconnected and has 125 seconds left.
|player|p2|Arffydoggy|fisherman-gen4|
|
|t:|1760762339
|move|p1a: Landorus|U-turn|p2a: Landorus
|-resisted|p2a: Landorus
|-damage|p2a: Landorus|85/100
|
|t:|1760762351
|switch|p1a: Heatran|Heatran, M|100/100|[from] U-turn
|move|p2a: Landorus|Stealth Rock|p1a: Heatran
|-sidestart|p1: Krris|move: Stealth Rock
|
|-heal|p2a: Landorus|91/100|[from] item: Leftovers
|upkeep
|turn|2
|
|t:|1760762363
|move|p1a: Heatran|Magma Storm|p2a: Landorus
|-damage|p2a: Landorus|30/100
|-activate|p2a: Landorus|move: Magma Storm|[of] p1a: Heatran
|move|p2a: Landorus|Earthquake|p1a: Heatran
|-supereffective|p1a: Heatran
|-damage|p1a: Heatran|0 fnt
|faint|p1a: Heatran
|
|-heal|p2a: Landorus|36/100|[from] item: Leftovers
|-end|p2a: Landorus|Magma Storm|[partiallytrapped]|[silent]
|upkeep
|
|t:|1760762374
|switch|p1a: Landorus|Landorus-Therian, M|100/100
|-damage|p1a: Landorus|88/100|[from] Stealth Rock
|-ability|p1a: Landorus|Intimidate|boost
|-unboost|p2a: Landorus|atk|1
|turn|3
|
|t:|1760762381
|move|p2a: Landorus|U-turn|p1a: Landorus
|-resisted|p1a: Landorus
|-damage|p1a: Landorus|81/100
|
|t:|1760762394
|switch|p2a: Iron Valiant|Iron Valiant|100/100|[from] U-turn
|-enditem|p2a: Iron Valiant|Booster Energy
|-activate|p2a: Iron Valiant|ability: Quark Drive|[fromitem]
|-start|p2a: Iron Valiant|quarkdrivespe
|move|p1a: Landorus|Stone Edge|p2a: Iron Valiant
|-resisted|p2a: Iron Valiant
|-damage|p2a: Iron Valiant|63/100
|
|upkeep
|turn|4
|
|t:|1760762413
|move|p2a: Iron Valiant|Spirit Break|p1a: Landorus
|-damage|p1a: Landorus|35/100
|-unboost|p1a: Landorus|spa|1
|move|p1a: Landorus|Stone Edge|p2a: Iron Valiant
|-resisted|p2a: Iron Valiant
|-damage|p2a: Iron Valiant|24/100
|
|upkeep
|turn|5
|
|t:|1760762425
|move|p2a: Iron Valiant|Spirit Break|p1a: Landorus
|-damage|p1a: Landorus|0 fnt
|faint|p1a: Landorus
|
|upkeep
|
|t:|1760762441
|switch|p1a: Dondozo|Dondozo, M|100/100
|-damage|p1a: Dondozo|88/100|[from] Stealth Rock
|turn|6
|
|t:|1760762448
|-terastallize|p1a: Dondozo|Poison
|move|p2a: Iron Valiant|Knock Off|p1a: Dondozo
|-damage|p1a: Dondozo|69/100
|-enditem|p1a: Dondozo|Leftovers|[from] move: Knock Off|[of] p2a: Iron Valiant
|move|p1a: Dondozo|Wave Crash|p2a: Iron Valiant
|-damage|p2a: Iron Valiant|0 fnt
|faint|p2a: Iron Valiant
|-end|p2a: Iron Valiant|Quark Drive|[silent]
|-damage|p1a: Dondozo|64/100|[from] Recoil
|
|upkeep
|
|t:|1760762453
|switch|p2a: Landorus|Landorus-Therian, M|36/100
|-ability|p2a: Landorus|Intimidate|boost
|-fail|p1a: Dondozo|unboost|Attack|[from] ability: Oblivious|[of] p1a: Dondozo
|turn|7
|
|t:|1760762466
|switch|p1a: Ogerpon|Ogerpon-Wellspring, F|100/100
|-damage|p1a: Ogerpon|88/100|[from] Stealth Rock
|move|p2a: Landorus|U-turn|p1a: Ogerpon
|-supereffective|p1a: Ogerpon
|-damage|p1a: Ogerpon|22/100
|
|t:|1760762474
|switch|p2a: Darkrai|Darkrai|100/100|[from] U-turn
|
|upkeep
|turn|8
|
|t:|1760762482
|move|p2a: Darkrai|Substitute|p2a: Darkrai
|-start|p2a: Darkrai|Substitute
|-damage|p2a: Darkrai|76/100
|move|p1a: Ogerpon|Ivy Cudgel|p2a: Darkrai|[anim] Ivy Cudgel Water
|-end|p2a: Darkrai|Substitute
|
|-heal|p2a: Darkrai|82/100|[from] item: Leftovers
|upkeep
|turn|9
|
|t:|1760762491
|move|p2a: Darkrai|Dark Pulse|p1a: Ogerpon
|-damage|p1a: Ogerpon|0 fnt
|faint|p1a: Ogerpon
|
|-heal|p2a: Darkrai|88/100|[from] item: Leftovers
|upkeep
|
|t:|1760762498
|switch|p1a: Darkrai|Darkrai|100/100
|-damage|p1a: Darkrai|88/100|[from] Stealth Rock
|turn|10
|
|t:|1760762508
|move|p1a: Darkrai|Blizzard|p2a: Darkrai
|-damage|p2a: Darkrai|46/100
|-status|p2a: Darkrai|frz
|cant|p2a: Darkrai|frz
|
|-heal|p2a: Darkrai|52/100 frz|[from] item: Leftovers
|upkeep
|turn|11
|
|t:|1760762518
|move|p1a: Darkrai|Thunder|p2a: Darkrai
|-damage|p2a: Darkrai|7/100 frz
|-curestatus|p2a: Darkrai|frz|[msg]
|move|p2a: Darkrai|Focus Blast|p1a: Darkrai|[miss]
|-miss|p2a: Darkrai|p1a: Darkrai
|
|-heal|p2a: Darkrai|14/100|[from] item: Leftovers
|upkeep
|turn|12
|
|t:|1760762528
|move|p2a: Darkrai|Focus Blast|p1a: Darkrai
|-supereffective|p1a: Darkrai
|-damage|p1a: Darkrai|0 fnt
|faint|p1a: Darkrai
|
|-heal|p2a: Darkrai|20/100|[from] item: Leftovers
|upkeep
|-message|Krris forfeited.
|
|win|Arffydoggy
|raw|Krris's rating: 1203 &rarr; <strong>1180</strong><br />(-23 for losing)
|raw|Arffydoggy's rating: 1236 &rarr; <strong>1259</strong><br />(+23 for winning)
|l|☆Krris
|player|p1|
|l|☆Arffydoggy
|player|p2|
