|j|☆YeatLover267
|j|☆SeriousTimez
|t:|1760797817
|gametype|singles
|player|p1|YeatLover267|burglar|1401
|player|p2|SeriousTimez|dancer|1350
|gen|9
|tier|[Gen 9] OU
|rated|
|rule|HP Percentage Mod: HP is shown in percentages
|rule|Endless Battle Clause: Forcing endless battles is banned
|rule|Species Clause: Limit one of each Pokémon
|rule|OHKO Clause: OHKO moves are banned
|rule|Evasion Items Clause: Evasion items are banned
|rule|Evasion Moves Clause: Evasion moves are banned
|rule|Evasion Abilities Clause: Evasion abilities are banned
|rule|Sleep Moves Clause: Sleep-inducing moves are banned
|clearpoke
|poke|p1|Kyurem|
|poke|p1|Slowking, M|
|poke|p1|Ninetales-Alola, F|
|poke|p1|Beartic, F|
|poke|p1|Eiscue, M|
|poke|p1|Decidueye, F|
|poke|p2|Kyurem|
|poke|p2|Corviknight, F|
|poke|p2|Moltres|
|poke|p2|Landorus-Therian, M|
|poke|p2|Slowking-Galar, M|
|poke|p2|Scizor, F|
|teampreview
|inactive|Battle timer is ON: inactive players will automatically lose when time's up. (requested by YeatLover267)
|
|t:|1760797834
|teamsize|p1|6
|teamsize|p2|6
|start
|switch|p1a: Eiscue|Eiscue, M|100/100
|switch|p2a: Scizor|Scizor, F, shiny|100/100
|turn|1
|
|t:|1760797843
|move|p2a: Scizor|Bullet Punch|p1a: Eiscue
|-activate|p1a: Eiscue|ability: Ice Face
|-damage|p1a: Eiscue|100/100
|detailschange|p1a: Eiscue|Eiscue-Noice, M
|move|p1a: Eiscue|Snowscape|p1a: Eiscue
|-weather|Snowscape
|-activate|p1a: Eiscue|ability: Ice Face
|detailschange|p1a: Eiscue|Eiscue, M
|
|-weather|Snowscape|[upkeep]
|upkeep
|turn|2
|
|t:|1760797854
|switch|p2a: Slowking|Slowking-Galar, M|100/100
|move|p1a: Eiscue|Aurora Veil|p1a: Eiscue
|-sidestart|p1: YeatLover267|move: Aurora Veil
|
|-weather|Snowscape|[upkeep]
|upkeep
|turn|3
|
|t:|1760797868
|move|p1a: Eiscue|Flip Turn|p2a: Slowking
|-damage|p2a: Slowking|93/100
|
|t:|1760797870
|switch|p1a: Slowking|Slowking, M|100/100|[from] Flip Turn
|-prepare|p2a: Slowking|Chilly Reception|[premajor]
|move|p2a: Slowking|Chilly Reception|p2a: Slowking
|
|t:|1760797883
|switch|p2a: Corviknight|Corviknight, F|100/100|[from] Chilly Reception
|-ability|p2a: Corviknight|Pressure
|
|-weather|Snowscape|[upkeep]
|upkeep
|turn|4
|
|t:|1760797885
|move|p2a: Corviknight|Defog|p1a: Slowking
|-unboost|p1a: Slowking|evasion|1
|-sideend|p1: YeatLover267|move: Aurora Veil
|move|p1a: Slowking|Future Sight|p2a: Corviknight
|-start|p1a: Slowking|move: Future Sight
|
|-weather|Snowscape|[upkeep]
|upkeep
|turn|5
|
|t:|1760797894
|switch|p2a: Slowking|Slowking-Galar, M|100/100
|-prepare|p1a: Slowking|Chilly Reception|[premajor]
|move|p1a: Slowking|Chilly Reception|p1a: Slowking
|
|t:|1760797897
|switch|p1a: Beartic|Beartic, F|100/100|[from] Chilly Reception
|
|-weather|none
|upkeep
|turn|6
|
|t:|1760797910
|move|p1a: Beartic|Earthquake|p2a: Slowking
|-supereffective|p2a: Slowking
|-damage|p2a: Slowking|34/100
|-damage|p1a: Beartic|91/100|[from] item: Life Orb
|move|p2a: Slowking|Trick|p1a: Beartic
|-activate|p2a: Slowking|move: Trick|[of] p1a: Beartic
|-item|p1a: Beartic|Black Sludge|[from] move: Trick
|-item|p2a: Slowking|Life Orb|[from] move: Trick
|
|-end|p2a: Slowking|move: Future Sight
|-damage|p2a: Slowking|5/100
|-damage|p1a: Beartic|78/100|[from] item: Black Sludge
|upkeep
|turn|7
|
|t:|1760797923
|switch|p2a: Moltres|Moltres|100/100
|move|p1a: Beartic|Icicle Crash|p2a: Moltres
|-damage|p2a: Moltres|59/100
|
|-damage|p1a: Beartic|66/100|[from] item: Black Sludge
|upkeep
|turn|8
|
|t:|1760797930
|switch|p1a: Slowking|Slowking, M|100/100
|move|p2a: Moltres|Roost|p2a: Moltres
|-heal|p2a: Moltres|100/100
|-singleturn|p2a: Moltres|move: Roost
|
|upkeep
|turn|9
|
|t:|1760797937
|switch|p2a: Slowking|Slowking-Galar, M|38/100
|move|p1a: Slowking|Scald|p2a: Slowking
|-damage|p2a: Slowking|17/100
|-status|p2a: Slowking|brn
|
|-damage|p2a: Slowking|11/100 brn|[from] brn
|upkeep
|turn|10
|
|t:|1760797947
|switch|p2a: Scizor|Scizor, F, shiny|100/100
|move|p1a: Slowking|Scald|p2a: Scizor
|-damage|p2a: Scizor|63/100
|-status|p2a: Scizor|brn
|
|-damage|p2a: Scizor|57/100 brn|[from] brn
|upkeep
|turn|11
|
|t:|1760797951
|move|p2a: Scizor|Knock Off|p1a: Slowking
|-supereffective|p1a: Slowking
|-damage|p1a: Slowking|42/100
|-enditem|p1a: Slowking|Icy Rock|[from] move: Knock Off|[of] p2a: Scizor
|-prepare|p1a: Slowking|Chilly Reception|[premajor]
|move|p1a: Slowking|Chilly Reception|p1a: Slowking
|-weather|Snowscape
|
|t:|1760797956
|switch|p1a: Eiscue|Eiscue, M|100/100|[from] Chilly Reception
|
|-weather|Snowscape|[upkeep]
|-damage|p2a: Scizor|51/100 brn|[from] brn
|upkeep
|turn|12
|
|t:|1760797962
|move|p1a: Eiscue|Aurora Veil|p1a: Eiscue
|-sidestart|p1: YeatLover267|move: Aurora Veil
|move|p2a: Scizor|Knock Off|p1a: Eiscue
|-activate|p1a: Eiscue|ability: Ice Face
|-damage|p1a: Eiscue|100/100
|-enditem|p1a: Eiscue|Light Clay|[from] move: Knock Off|[of] p2a: Scizor
|detailschange|p1a: Eiscue|Eiscue-Noice, M
|
|-weather|Snowscape|[upkeep]
|-damage|p2a: Scizor|45/100 brn|[from] brn
|upkeep
|turn|13
|
|t:|1760797973
|switch|p2a: Corviknight|Corviknight, F|100/100
|-ability|p2a: Corviknight|Pressure
|move|p1a: Eiscue|Flip Turn|p2a: Corviknight
|-damage|p2a: Corviknight|94/100
|-damage|p1a: Eiscue|84/100|[from] item: Rocky Helmet|[of] p2a: Corviknight
|
|t:|1760797975
|switch|p1a: Kyurem|Kyurem|100/100|[from] Flip Turn
|-ability|p1a: Kyurem|Pressure
|
|-weather|Snowscape|[upkeep]
|upkeep
|turn|14
|
|t:|1760797984
|move|p1a: Kyurem|Blizzard|p2a: Corviknight
|-damage|p2a: Corviknight|15/100
|-status|p2a: Corviknight|frz
|cant|p2a: Corviknight|frz
|
|-weather|Snowscape|[upkeep]
|upkeep
|turn|15
|
|t:|1760797992
|switch|p2a: Moltres|Moltres|100/100
|move|p1a: Kyurem|Blizzard|p2a: Moltres
|-damage|p2a: Moltres|44/100
|
|-weather|none
|upkeep
|turn|16
|
|t:|1760797999
|move|p1a: Kyurem|Blizzard|p2a: Moltres
|-damage|p2a: Moltres|0 fnt
|faint|p2a: Moltres
|
|upkeep
|
|t:|1760798020
|switch|p2a: Kyurem|Kyurem|100/100
|-ability|p2a: Kyurem|Pressure
|turn|17
|
|t:|1760798025
|switch|p1a: Ninetales|Ninetales-Alola, F, shiny|100/100
|-weather|Snowscape|[from] ability: Snow Warning|[of] p1a: Ninetales
|move|p2a: Kyurem|Substitute|p2a: Kyurem
|-start|p2a: Kyurem|Substitute
|-damage|p2a: Kyurem|76/100
|
|-weather|Snowscape|[upkeep]
|-heal|p2a: Kyurem|82/100|[from] item: Leftovers
|upkeep
|turn|18
|
|t:|1760798030
|move|p1a: Ninetales|Moonblast|p2a: Kyurem
|-supereffective|p2a: Kyurem
|-end|p2a: Kyurem|Substitute
|move|p2a: Kyurem|Dragon Dance|p2a: Kyurem
|-boost|p2a: Kyurem|atk|1
|-boost|p2a: Kyurem|spe|1
|
|-weather|Snowscape|[upkeep]
|-heal|p2a: Kyurem|88/100|[from] item: Leftovers
|upkeep
|turn|19
|
|t:|1760798038
|move|p2a: Kyurem|Protect|p2a: Kyurem
|-singleturn|p2a: Kyurem|Protect
|move|p1a: Ninetales|Moonblast|p2a: Kyurem
|-activate|p2a: Kyurem|move: Protect
|
|-weather|Snowscape|[upkeep]
|-heal|p2a: Kyurem|94/100|[from] item: Leftovers
|-sideend|p1: YeatLover267|move: Aurora Veil
|upkeep
|turn|20
|
|t:|1760798046
|move|p2a: Kyurem|Substitute|p2a: Kyurem
|-start|p2a: Kyurem|Substitute
|-damage|p2a: Kyurem|69/100
|move|p1a: Ninetales|Moonblast|p2a: Kyurem
|-supereffective|p2a: Kyurem
|-end|p2a: Kyurem|Substitute
|
|-weather|Snowscape|[upkeep]
|-heal|p2a: Kyurem|75/100|[from] item: Leftovers
|upkeep
|turn|21
|
|t:|1760798054
|move|p2a: Kyurem|Protect|p2a: Kyurem
|-singleturn|p2a: Kyurem|Protect
|move|p1a: Ninetales|Nasty Plot|p1a: Ninetales
|-boost|p1a: Ninetales|spa|2
|
|-weather|none
|-heal|p2a: Kyurem|81/100|[from] item: Leftovers
|upkeep
|turn|22
|
|t:|1760798062
|switch|p2a: Corviknight|Corviknight, F|15/100 frz
|-ability|p2a: Corviknight|Pressure
|move|p1a: Ninetales|Moonblast|p2a: Corviknight
|-resisted|p2a: Corviknight
|-damage|p2a: Corviknight|0 fnt
|faint|p2a: Corviknight
|
|upkeep
|
|t:|1760798069
|switch|p2a: Scizor|Scizor, F, shiny|45/100 brn
|turn|23
|
|t:|1760798073
|switch|p1a: Slowking|Slowking, M|76/100
|move|p2a: Scizor|Bullet Punch|p1a: Slowking
|-resisted|p1a: Slowking
|-damage|p1a: Slowking|62/100
|
|-damage|p2a: Scizor|38/100 brn|[from] brn
|upkeep
|turn|24
|
|t:|1760798077
|switch|p2a: Kyurem|Kyurem|81/100
|-ability|p2a: Kyurem|Pressure
|-prepare|p1a: Slowking|Chilly Reception|[premajor]
|move|p1a: Slowking|Chilly Reception|p1a: Slowking
|-weather|Snowscape
|
|t:|1760798078
|switch|p1a: Ninetales|Ninetales-Alola, F, shiny|100/100|[from] Chilly Reception
|
|-weather|Snowscape|[upkeep]
|-heal|p2a: Kyurem|87/100|[from] item: Leftovers
|upkeep
|turn|25
|
|t:|1760798082
|switch|p2a: Scizor|Scizor, F, shiny|38/100 brn
|move|p1a: Ninetales|Moonblast|p2a: Scizor
|-resisted|p2a: Scizor
|-damage|p2a: Scizor|14/100 brn
|-unboost|p2a: Scizor|spa|1
|
|-weather|Snowscape|[upkeep]
|-damage|p2a: Scizor|8/100 brn|[from] brn
|upkeep
|turn|26
|
|t:|1760798086
|switch|p1a: Eiscue|Eiscue-Noice, M|84/100
|-activate|p1a: Eiscue|ability: Ice Face
|detailschange|p1a: Eiscue|Eiscue, M
|move|p2a: Scizor|U-turn|p1a: Eiscue
|-activate|p1a: Eiscue|ability: Ice Face
|-damage|p1a: Eiscue|84/100
|detailschange|p1a: Eiscue|Eiscue-Noice, M
|
|t:|1760798089
|switch|p2a: Kyurem|Kyurem|87/100|[from] U-turn
|-ability|p2a: Kyurem|Pressure
|
|-weather|Snowscape|[upkeep]
|-heal|p2a: Kyurem|93/100|[from] item: Leftovers
|upkeep
|turn|27
|
|t:|1760798091
|move|p1a: Eiscue|Flip Turn|p2a: Kyurem
|-resisted|p2a: Kyurem
|-damage|p2a: Kyurem|90/100
|
|t:|1760798093
|switch|p1a: Ninetales|Ninetales-Alola, F, shiny|100/100|[from] Flip Turn
|move|p2a: Kyurem|Substitute|p2a: Kyurem
|-start|p2a: Kyurem|Substitute
|-damage|p2a: Kyurem|65/100
|
|-weather|Snowscape|[upkeep]
|-heal|p2a: Kyurem|71/100|[from] item: Leftovers
|upkeep
|turn|28
|
|t:|1760798101
|move|p2a: Kyurem|Protect|p2a: Kyurem
|-singleturn|p2a: Kyurem|Protect
|move|p1a: Ninetales|Moonblast|p2a: Kyurem
|-activate|p2a: Kyurem|move: Protect
|
|-weather|none
|-heal|p2a: Kyurem|77/100|[from] item: Leftovers
|upkeep
|turn|29
|
|t:|1760798112
|move|p1a: Ninetales|Moonblast|p2a: Kyurem
|-supereffective|p2a: Kyurem
|-end|p2a: Kyurem|Substitute
|move|p2a: Kyurem|Dragon Dance|p2a: Kyurem
|-boost|p2a: Kyurem|atk|1
|-boost|p2a: Kyurem|spe|1
|
|-heal|p2a: Kyurem|83/100|[from] item: Leftovers
|upkeep
|turn|30
|
|t:|1760798120
|move|p2a: Kyurem|Substitute|p2a: Kyurem
|-start|p2a: Kyurem|Substitute
|-damage|p2a: Kyurem|58/100
|move|p1a: Ninetales|Nasty Plot|p1a: Ninetales
|-boost|p1a: Ninetales|spa|2
|
|-heal|p2a: Kyurem|64/100|[from] item: Leftovers
|upkeep
|turn|31
|
|t:|1760798129
|move|p2a: Kyurem|Protect|p2a: Kyurem
|-singleturn|p2a: Kyurem|Protect
|move|p1a: Ninetales|Nasty Plot|p1a: Ninetales
|-boost|p1a: Ninetales|spa|2
|
|-heal|p2a: Kyurem|70/100|[from] item: Leftovers
|upkeep
|turn|32
|
|t:|1760798137
|move|p2a: Kyurem|Icicle Spear|p1a: Ninetales
|-resisted|p1a: Ninetales
|-damage|p1a: Ninetales|83/100
|-resisted|p1a: Ninetales
|-damage|p1a: Ninetales|66/100
|-resisted|p1a: Ninetales
|-damage|p1a: Ninetales|50/100
|-hitcount|p1a: Ninetales|3
|move|p1a: Ninetales|Tera Blast|p2a: Kyurem
|-end|p2a: Kyurem|Substitute
|
|-heal|p2a: Kyurem|76/100|[from] item: Leftovers
|upkeep
|turn|33
|
|t:|1760798146
|move|p2a: Kyurem|Protect|p2a: Kyurem
|-singleturn|p2a: Kyurem|Protect
|move|p1a: Ninetales|Freeze-Dry|p2a: Kyurem
|-activate|p2a: Kyurem|move: Protect
|
|-heal|p2a: Kyurem|82/100|[from] item: Leftovers
|upkeep
|turn|34
|
|t:|1760798154
|move|p2a: Kyurem|Icicle Spear|p1a: Ninetales
|-resisted|p1a: Ninetales
|-damage|p1a: Ninetales|33/100
|-resisted|p1a: Ninetales
|-damage|p1a: Ninetales|16/100
|-resisted|p1a: Ninetales
|-damage|p1a: Ninetales|1/100
|-resisted|p1a: Ninetales
|-damage|p1a: Ninetales|0 fnt
|faint|p1a: Ninetales
|-hitcount|p1: Ninetales|4
|
|-heal|p2a: Kyurem|88/100|[from] item: Leftovers
|upkeep
|
|t:|1760798159
|switch|p1a: Slowking|Slowking, M|95/100
|turn|35
|
|t:|1760798166
|move|p2a: Kyurem|Substitute|p2a: Kyurem
|-start|p2a: Kyurem|Substitute
|-damage|p2a: Kyurem|64/100
|move|p1a: Slowking|Future Sight|p2a: Kyurem
|-start|p1a: Slowking|move: Future Sight
|
|-heal|p2a: Kyurem|70/100|[from] item: Leftovers
|upkeep
|turn|36
|
|t:|1760798170
|move|p2a: Kyurem|Dragon Dance|p2a: Kyurem
|-boost|p2a: Kyurem|atk|1
|-boost|p2a: Kyurem|spe|1
|move|p1a: Slowking|Scald|p2a: Kyurem
|-resisted|p2a: Kyurem
|-activate|p2a: Kyurem|move: Substitute|[damage]
|
|-heal|p2a: Kyurem|76/100|[from] item: Leftovers
|upkeep
|turn|37
|
|t:|1760798174
|move|p2a: Kyurem|Protect|p2a: Kyurem
|-singleturn|p2a: Kyurem|Protect
|move|p1a: Slowking|Scald|p2a: Kyurem
|-activate|p2a: Kyurem|move: Protect
|
|-end|p2a: Kyurem|move: Future Sight
|-end|p2a: Kyurem|Substitute
|-heal|p2a: Kyurem|82/100|[from] item: Leftovers
|upkeep
|turn|38
|
|t:|1760798184
|move|p2a: Kyurem|Substitute|p2a: Kyurem
|-start|p2a: Kyurem|Substitute
|-damage|p2a: Kyurem|57/100
|move|p1a: Slowking|Future Sight|p2a: Kyurem
|-start|p1a: Slowking|move: Future Sight
|
|-heal|p2a: Kyurem|63/100|[from] item: Leftovers
|upkeep
|turn|39
|
|t:|1760798188
|-terastallize|p1a: Slowking|Water
|move|p2a: Kyurem|Dragon Dance|p2a: Kyurem
|-boost|p2a: Kyurem|atk|1
|-boost|p2a: Kyurem|spe|1
|move|p1a: Slowking|Scald|p2a: Kyurem
|-resisted|p2a: Kyurem
|-activate|p2a: Kyurem|move: Substitute|[damage]
|
|-heal|p2a: Kyurem|69/100|[from] item: Leftovers
|upkeep
|turn|40
|
|t:|1760798198
|move|p2a: Kyurem|Protect|p2a: Kyurem
|-singleturn|p2a: Kyurem|Protect
|-prepare|p1a: Slowking|Chilly Reception|[premajor]
|move|p1a: Slowking|Chilly Reception|p1a: Slowking
|-weather|Snowscape
|
|t:|1760798200
|switch|p1a: Beartic|Beartic, F|66/100|[from] Chilly Reception
|
|-weather|Snowscape|[upkeep]
|-end|p2a: Kyurem|move: Future Sight
|-end|p2a: Kyurem|Substitute
|-heal|p2a: Kyurem|75/100|[from] item: Leftovers
|-damage|p1a: Beartic|54/100|[from] item: Black Sludge
|upkeep
|turn|41
|
|t:|1760798214
|move|p2a: Kyurem|Substitute|p2a: Kyurem
|-start|p2a: Kyurem|Substitute
|-damage|p2a: Kyurem|50/100
|move|p1a: Beartic|Icicle Crash|p2a: Kyurem
|-end|p2a: Kyurem|Substitute
|
|-weather|Snowscape|[upkeep]
|-heal|p2a: Kyurem|56/100|[from] item: Leftovers
|-damage|p1a: Beartic|41/100|[from] item: Black Sludge
|upkeep
|turn|42
|
|t:|1760798222
|move|p2a: Kyurem|Protect|p2a: Kyurem
|-singleturn|p2a: Kyurem|Protect
|move|p1a: Beartic|Icicle Crash|p2a: Kyurem
|-activate|p2a: Kyurem|move: Protect
|
|-weather|Snowscape|[upkeep]
|-heal|p2a: Kyurem|62/100|[from] item: Leftovers
|-damage|p1a: Beartic|29/100|[from] item: Black Sludge
|upkeep
|turn|43
|
|t:|1760798228
|move|p2a: Kyurem|Icicle Spear|p1a: Beartic
|-resisted|p1a: Beartic
|-damage|p1a: Beartic|16/100
|-resisted|p1a: Beartic
|-damage|p1a: Beartic|0 fnt
|faint|p1a: Beartic
|-hitcount|p1: Beartic|2
|
|-weather|Snowscape|[upkeep]
|-heal|p2a: Kyurem|68/100|[from] item: Leftovers
|upkeep
|
|t:|1760798237
|switch|p1a: Kyurem|Kyurem|100/100
|-ability|p1a: Kyurem|Pressure
|turn|44
|
|t:|1760798244
|move|p2a: Kyurem|Protect|p2a: Kyurem
|-singleturn|p2a: Kyurem|Protect
|move|p1a: Kyurem|Blizzard|p2a: Kyurem
|-activate|p2a: Kyurem|move: Protect
|
|-weather|none
|-heal|p2a: Kyurem|74/100|[from] item: Leftovers
|upkeep
|turn|45
|
|t:|1760798251
|move|p2a: Kyurem|Substitute|p2a: Kyurem
|-start|p2a: Kyurem|Substitute
|-damage|p2a: Kyurem|49/100
|move|p1a: Kyurem|Blizzard|p2a: Kyurem|[miss]
|-miss|p1a: Kyurem|p2a: Kyurem
|
|-heal|p2a: Kyurem|55/100|[from] item: Leftovers
|upkeep
|turn|46
|-message|YeatLover267 forfeited.
|
|win|SeriousTimez
|raw|YeatLover267's rating: 1401 &rarr; <strong>1378</strong><br />(-23 for losing)
|raw|SeriousTimez's rating: 1350 &rarr; <strong>1373</strong><br />(+23 for winning)
|l|☆YeatLover267
|player|p1|
|l|☆SeriousTimez
|player|p2|
