|j|☆Scoobenvonduben
|j|☆thegreatestnone
|t:|1760841194
|gametype|singles
|player|p1|Scoobenvonduben|brawly|1432
|player|p2|thegreatestnone|2|1453
|gen|9
|tier|[Gen 9] OU
|rated|
|rule|HP Percentage Mod: HP is shown in percentages
|rule|Endless Battle Clause: Forcing endless battles is banned
|rule|Species Clause: Limit one of each Pokémon
|rule|OHKO Clause: OHKO moves are banned
|rule|Evasion Items Clause: Evasion items are banned
|rule|Evasion Moves Clause: Evasion moves are banned
|rule|Evasion Abilities Clause: Evasion abilities are banned
|rule|Sleep Moves Clause: Sleep-inducing moves are banned
|clearpoke
|poke|p1|Blissey, F|
|poke|p1|Skeledirge, F|
|poke|p1|Gliscor, M|
|poke|p1|Gyarados, M|
|poke|p1|Corviknight, M|
|poke|p1|Grafaiai, M|
|poke|p2|Magnezone|
|poke|p2|Ting-Lu|
|poke|p2|Skeledirge, F|
|poke|p2|Gholdengo|
|poke|p2|Weezing-Galar, M|
|poke|p2|Slowking, M|
|teampreview
|
|t:|1760841218
|teamsize|p1|6
|teamsize|p2|6
|start
|switch|p1a: Gliscor|Gliscor, M, shiny|100/100
|switch|p2a: Weezing|Weezing-Galar, M|100/100
|turn|1
|
|t:|1760841221
|move|p1a: Gliscor|Earthquake|p2a: Weezing
|-immune|p2a: Weezing|[from] ability: Levitate
|move|p2a: Weezing|Will-O-Wisp|p1a: Gliscor
|-status|p1a: Gliscor|brn
|
|-damage|p1a: Gliscor|94/100 brn|[from] brn
|upkeep
|turn|2
|c|☆thegreatestnone|yuezssssrdjgkmncxdsd
|c|☆thegreatestnone|thank god
|
|t:|1760841234
|move|p1a: Gliscor|Spikes|p2a: Weezing
|-sidestart|p2: thegreatestnone|Spikes
|move|p2a: Weezing|Defog|p1a: Gliscor
|-unboost|p1a: Gliscor|evasion|1
|-sideend|p2: thegreatestnone|Spikes|[from] move: Defog|[of] p2a: Weezing
|
|-damage|p1a: Gliscor|88/100 brn|[from] brn
|upkeep
|turn|3
|
|t:|1760841238
|move|p1a: Gliscor|Spikes|p2a: Weezing
|-sidestart|p2: thegreatestnone|Spikes
|move|p2a: Weezing|Defog|p1a: Gliscor
|-unboost|p1a: Gliscor|evasion|1
|-sideend|p2: thegreatestnone|Spikes|[from] move: Defog|[of] p2a: Weezing
|
|-damage|p1a: Gliscor|82/100 brn|[from] brn
|upkeep
|turn|4
|
|t:|1760841241
|switch|p1a: Grafaiai|Grafaiai, M|100/100
|move|p2a: Weezing|Defog|p1a: Grafaiai
|-unboost|p1a: Grafaiai|evasion|1
|
|upkeep
|turn|5
|
|t:|1760841245
|switch|p2a: Magnezone|Magnezone|100/100
|move|p1a: Grafaiai|Encore||[still]
|-fail|p1a: Grafaiai
|
|upkeep
|turn|6
|
|t:|1760841251
|move|p1a: Grafaiai|Knock Off|p2a: Magnezone
|-damage|p2a: Magnezone|82/100
|-enditem|p2a: Magnezone|Leftovers|[from] move: Knock Off|[of] p1a: Grafaiai
|move|p2a: Magnezone|Flash Cannon|p1a: Grafaiai
|-damage|p1a: Grafaiai|70/100
|
|-heal|p1a: Grafaiai|77/100|[from] item: Leftovers
|upkeep
|turn|7
|
|t:|1760841258
|move|p1a: Grafaiai|Protect|p1a: Grafaiai
|-singleturn|p1a: Grafaiai|Protect
|move|p2a: Magnezone|Body Press|p1a: Grafaiai
|-activate|p1a: Grafaiai|move: Protect
|
|-heal|p1a: Grafaiai|83/100|[from] item: Leftovers
|upkeep
|turn|8
|
|t:|1760841263
|move|p1a: Grafaiai|Encore|p2a: Magnezone
|-start|p2a: Magnezone|Encore
|move|p2a: Magnezone|Body Press|p1a: Grafaiai
|-damage|p1a: Grafaiai|52/100
|
|-heal|p1a: Grafaiai|58/100|[from] item: Leftovers
|upkeep
|turn|9
|
|t:|1760841275
|switch|p1a: Skeledirge|Skeledirge, F|100/100
|switch|p2a: Gholdengo|Gholdengo|100/100
|
|upkeep
|turn|10
|
|t:|1760841277
|move|p2a: Gholdengo|Shadow Ball|p1a: Skeledirge
|-supereffective|p1a: Skeledirge
|-damage|p1a: Skeledirge|35/100
|move|p1a: Skeledirge|Torch Song|p2a: Gholdengo
|-supereffective|p2a: Gholdengo
|-damage|p2a: Gholdengo|34/100
|-boost|p1a: Skeledirge|spa|1
|
|-heal|p1a: Skeledirge|41/100|[from] item: Leftovers
|upkeep
|turn|11
|
|t:|1760841280
|-terastallize|p1a: Skeledirge|Fairy
|move|p2a: Gholdengo|Shadow Ball|p1a: Skeledirge
|-damage|p1a: Skeledirge|8/100
|move|p1a: Skeledirge|Torch Song|p2a: Gholdengo
|-supereffective|p2a: Gholdengo
|-damage|p2a: Gholdengo|0 fnt
|-boost|p1a: Skeledirge|spa|1
|faint|p2a: Gholdengo
|
|-heal|p1a: Skeledirge|14/100|[from] item: Leftovers
|upkeep
|
|t:|1760841296
|switch|p2a: Skeledirge|Skeledirge, F|100/100
|turn|12
|
|t:|1760841301
|-terastallize|p2a: Skeledirge|Water
|move|p1a: Skeledirge|Slack Off|p1a: Skeledirge
|-heal|p1a: Skeledirge|64/100
|move|p2a: Skeledirge|Torch Song|p1a: Skeledirge
|-damage|p1a: Skeledirge|41/100
|-boost|p2a: Skeledirge|spa|1
|
|-heal|p1a: Skeledirge|47/100|[from] item: Leftovers
|upkeep
|turn|13
|
|t:|1760841307
|move|p2a: Skeledirge|Will-O-Wisp|p1a: Skeledirge
|-status|p1a: Skeledirge|brn
|move|p1a: Skeledirge|Will-O-Wisp|p2a: Skeledirge
|-status|p2a: Skeledirge|brn
|
|-heal|p1a: Skeledirge|53/100 brn|[from] item: Leftovers
|-damage|p1a: Skeledirge|47/100 brn|[from] brn
|-damage|p2a: Skeledirge|94/100 brn|[from] brn
|upkeep
|turn|14
|
|t:|1760841310
|move|p1a: Skeledirge|Slack Off|p1a: Skeledirge
|-heal|p1a: Skeledirge|97/100 brn
|move|p2a: Skeledirge|Hex|p1a: Skeledirge
|-damage|p1a: Skeledirge|62/100 brn
|
|-heal|p1a: Skeledirge|68/100 brn|[from] item: Leftovers
|-damage|p2a: Skeledirge|88/100 brn|[from] brn
|-damage|p1a: Skeledirge|62/100 brn|[from] brn
|upkeep
|turn|15
|
|t:|1760841315
|move|p1a: Skeledirge|Hex|p2a: Skeledirge
|-damage|p2a: Skeledirge|40/100 brn
|move|p2a: Skeledirge|Hex|p1a: Skeledirge
|-damage|p1a: Skeledirge|28/100 brn
|
|-heal|p1a: Skeledirge|35/100 brn|[from] item: Leftovers
|-damage|p1a: Skeledirge|28/100 brn|[from] brn
|-damage|p2a: Skeledirge|34/100 brn|[from] brn
|upkeep
|turn|16
|
|t:|1760841319
|move|p2a: Skeledirge|Hex|p1a: Skeledirge
|-damage|p1a: Skeledirge|0 fnt
|faint|p1a: Skeledirge
|
|-damage|p2a: Skeledirge|28/100 brn|[from] brn
|upkeep
|
|t:|1760841326
|switch|p1a: Gyarados|Gyarados, M, shiny|100/100
|-ability|p1a: Gyarados|Intimidate|boost
|-unboost|p2a: Skeledirge|atk|1
|turn|17
|
|t:|1760841330
|switch|p2a: Weezing|Weezing-Galar, M|100/100
|move|p1a: Gyarados|Earthquake|p2a: Weezing
|-immune|p2a: Weezing|[from] ability: Levitate
|
|upkeep
|turn|18
|
|t:|1760841342
|switch|p1a: Blissey|Blissey, F|100/100
|move|p2a: Weezing|Will-O-Wisp|p1a: Blissey
|-status|p1a: Blissey|brn
|
|-damage|p1a: Blissey|94/100 brn|[from] brn
|upkeep
|turn|19
|
|t:|1760841346
|switch|p2a: Slowking|Slowking, M|100/100
|move|p1a: Blissey|Thunder Wave|p2a: Slowking
|-status|p2a: Slowking|par
|
|-heal|p1a: Blissey|100/100 brn|[from] item: Leftovers
|-damage|p1a: Blissey|94/100 brn|[from] brn
|upkeep
|turn|20
|
|t:|1760841348
|move|p1a: Blissey|Stealth Rock|p2a: Slowking
|-sidestart|p2: thegreatestnone|move: Stealth Rock
|-prepare|p2a: Slowking|Chilly Reception|[premajor]
|move|p2a: Slowking|Chilly Reception|p2a: Slowking
|-weather|Snowscape
|
|t:|1760841351
|switch|p2a: Magnezone|Magnezone|82/100|[from] Chilly Reception
|-damage|p2a: Magnezone|75/100|[from] Stealth Rock
|
|-weather|Snowscape|[upkeep]
|-heal|p1a: Blissey|100/100 brn|[from] item: Leftovers
|-damage|p1a: Blissey|94/100 brn|[from] brn
|upkeep
|turn|21
|
|t:|1760841358
|-curestatus|p1a: Blissey|brn|[from] ability: Natural Cure
|switch|p1a: Gliscor|Gliscor, M, shiny|82/100 brn
|move|p2a: Magnezone|Flash Cannon|p1a: Gliscor
|-damage|p1a: Gliscor|52/100 brn
|
|-weather|Snowscape|[upkeep]
|-damage|p1a: Gliscor|46/100 brn|[from] brn
|upkeep
|turn|22
|
|t:|1760841364
|switch|p2a: Weezing|Weezing-Galar, M|100/100
|-damage|p2a: Weezing|88/100|[from] Stealth Rock
|move|p1a: Gliscor|Spikes|p2a: Weezing
|-sidestart|p2: thegreatestnone|Spikes
|
|-weather|Snowscape|[upkeep]
|-heal|p2a: Weezing|94/100|[from] item: Leftovers
|-damage|p1a: Gliscor|40/100 brn|[from] brn
|upkeep
|turn|23
|
|t:|1760841368
|switch|p1a: Grafaiai|Grafaiai, M|58/100
|move|p2a: Weezing|Defog|p1a: Grafaiai
|-unboost|p1a: Grafaiai|evasion|1
|-sideend|p2: thegreatestnone|Spikes|[from] move: Defog|[of] p2a: Weezing
|-sideend|p2: thegreatestnone|Stealth Rock|[from] move: Defog|[of] p2a: Weezing
|
|-weather|Snowscape|[upkeep]
|-heal|p1a: Grafaiai|64/100|[from] item: Leftovers
|-heal|p2a: Weezing|99/100|[from] item: Leftovers
|upkeep
|turn|24
|
|t:|1760841371
|switch|p2a: Magnezone|Magnezone|75/100
|move|p1a: Grafaiai|Knock Off|p2a: Magnezone
|-damage|p2a: Magnezone|65/100
|
|-weather|none
|-heal|p1a: Grafaiai|70/100|[from] item: Leftovers
|upkeep
|turn|25
|
|t:|1760841374
|switch|p1a: Blissey|Blissey, F|94/100
|move|p2a: Magnezone|Thunderbolt|p1a: Blissey
|-damage|p1a: Blissey|79/100
|
|-heal|p1a: Blissey|86/100|[from] item: Leftovers
|upkeep
|turn|26
|
|t:|1760841379
|move|p2a: Magnezone|Body Press|p1a: Blissey
|-supereffective|p1a: Blissey
|-damage|p1a: Blissey|44/100
|move|p1a: Blissey|Seismic Toss|p2a: Magnezone
|-damage|p2a: Magnezone|36/100
|
|-heal|p1a: Blissey|50/100|[from] item: Leftovers
|upkeep
|turn|27
|
|t:|1760841383
|switch|p1a: Gyarados|Gyarados, M, shiny|100/100
|-ability|p1a: Gyarados|Intimidate|boost
|-unboost|p2a: Magnezone|atk|1
|move|p2a: Magnezone|Body Press|p1a: Gyarados
|-resisted|p1a: Gyarados
|-damage|p1a: Gyarados|88/100
|
|upkeep
|turn|28
|
|t:|1760841391
|switch|p2a: Weezing|Weezing-Galar, M|99/100
|move|p1a: Gyarados|Earthquake|p2a: Weezing
|-immune|p2a: Weezing|[from] ability: Levitate
|
|-heal|p2a: Weezing|100/100|[from] item: Leftovers
|upkeep
|turn|29
|
|t:|1760841410
|switch|p1a: Blissey|Blissey, F|50/100
|move|p2a: Weezing|Will-O-Wisp|p1a: Blissey
|-status|p1a: Blissey|brn
|
|-heal|p1a: Blissey|56/100 brn|[from] item: Leftovers
|-damage|p1a: Blissey|50/100 brn|[from] brn
|upkeep
|turn|30
|
|t:|1760841413
|move|p2a: Weezing|Gunk Shot|p1a: Blissey
|-damage|p1a: Blissey|16/100 brn
|move|p1a: Blissey|Soft-Boiled|p1a: Blissey
|-heal|p1a: Blissey|66/100 brn
|
|-heal|p1a: Blissey|72/100 brn|[from] item: Leftovers
|-damage|p1a: Blissey|66/100 brn|[from] brn
|upkeep
|turn|31
|
|t:|1760841418
|move|p2a: Weezing|Gunk Shot|p1a: Blissey
|-damage|p1a: Blissey|35/100 brn
|move|p1a: Blissey|Soft-Boiled|p1a: Blissey
|-heal|p1a: Blissey|85/100 brn
|
|-heal|p1a: Blissey|92/100 brn|[from] item: Leftovers
|-damage|p1a: Blissey|85/100 brn|[from] brn
|upkeep
|turn|32
|
|t:|1760841421
|move|p2a: Weezing|Gunk Shot|p1a: Blissey
|-damage|p1a: Blissey|53/100 brn
|move|p1a: Blissey|Seismic Toss|p2a: Weezing
|-damage|p2a: Weezing|71/100
|
|-heal|p2a: Weezing|77/100|[from] item: Leftovers
|-heal|p1a: Blissey|59/100 brn|[from] item: Leftovers
|-damage|p1a: Blissey|53/100 brn|[from] brn
|upkeep
|turn|33
|
|t:|1760841427
|move|p2a: Weezing|Will-O-Wisp|p1a: Blissey
|-fail|p1a: Blissey|brn
|move|p1a: Blissey|Soft-Boiled|p1a: Blissey
|-heal|p1a: Blissey|100/100 brn
|
|-heal|p2a: Weezing|83/100|[from] item: Leftovers
|-damage|p1a: Blissey|94/100 brn|[from] brn
|upkeep
|turn|34
|
|t:|1760841430
|move|p2a: Weezing|Pain Split|p1a: Blissey
|-sethp|p1a: Blissey|67/100 brn|[from] move: Pain Split|[silent]
|-sethp|p2a: Weezing|100/100|[from] move: Pain Split
|move|p1a: Blissey|Stealth Rock|p2a: Weezing
|-sidestart|p2: thegreatestnone|move: Stealth Rock
|
|-heal|p1a: Blissey|73/100 brn|[from] item: Leftovers
|-damage|p1a: Blissey|67/100 brn|[from] brn
|upkeep
|turn|35
|
|t:|1760841439
|-curestatus|p1a: Blissey|brn|[from] ability: Natural Cure
|switch|p1a: Grafaiai|Grafaiai, M|70/100
|move|p2a: Weezing|Defog|p1a: Grafaiai
|-unboost|p1a: Grafaiai|evasion|1
|-sideend|p2: thegreatestnone|Stealth Rock|[from] move: Defog|[of] p2a: Weezing
|
|-heal|p1a: Grafaiai|76/100|[from] item: Leftovers
|upkeep
|turn|36
|
|t:|1760841443
|move|p1a: Grafaiai|Encore|p2a: Weezing
|-start|p2a: Weezing|Encore
|move|p2a: Weezing|Defog|p1a: Grafaiai
|-unboost|p1a: Grafaiai|evasion|1
|
|-heal|p1a: Grafaiai|82/100|[from] item: Leftovers
|upkeep
|turn|37
|
|t:|1760841448
|switch|p2a: Ting-Lu|Ting-Lu|100/100
|-ability|p2a: Ting-Lu|Vessel of Ruin
|move|p1a: Grafaiai|Knock Off|p2a: Ting-Lu
|-resisted|p2a: Ting-Lu
|-damage|p2a: Ting-Lu|95/100
|-enditem|p2a: Ting-Lu|Leftovers|[from] move: Knock Off|[of] p1a: Grafaiai
|
|-heal|p1a: Grafaiai|88/100|[from] item: Leftovers
|upkeep
|turn|38
|
|t:|1760841454
|switch|p1a: Gyarados|Gyarados, M, shiny|88/100
|-ability|p1a: Gyarados|Intimidate|boost
|-unboost|p2a: Ting-Lu|atk|1
|move|p2a: Ting-Lu|Stealth Rock|p1a: Gyarados
|-sidestart|p1: Scoobenvonduben|move: Stealth Rock
|
|upkeep
|turn|39
|
|t:|1760841457
|switch|p2a: Weezing|Weezing-Galar, M|100/100
|move|p1a: Gyarados|Dragon Dance|p1a: Gyarados
|-boost|p1a: Gyarados|atk|1
|-boost|p1a: Gyarados|spe|1
|
|upkeep
|turn|40
|
|t:|1760841461
|switch|p1a: Blissey|Blissey, F|67/100
|-damage|p1a: Blissey|54/100|[from] Stealth Rock
|move|p2a: Weezing|Will-O-Wisp|p1a: Blissey|[miss]
|-miss|p2a: Weezing|p1a: Blissey
|
|-heal|p1a: Blissey|60/100|[from] item: Leftovers
|upkeep
|turn|41
|
|t:|1760841466
|move|p2a: Weezing|Gunk Shot|p1a: Blissey
|-damage|p1a: Blissey|25/100
|move|p1a: Blissey|Soft-Boiled|p1a: Blissey
|-heal|p1a: Blissey|75/100
|
|-heal|p1a: Blissey|82/100|[from] item: Leftovers
|upkeep
|turn|42
|
|t:|1760841469
|move|p2a: Weezing|Pain Split|p1a: Blissey
|-sethp|p1a: Blissey|64/100|[from] move: Pain Split|[silent]
|-sethp|p2a: Weezing|100/100|[from] move: Pain Split
|move|p1a: Blissey|Seismic Toss|p2a: Weezing
|-damage|p2a: Weezing|71/100
|
|-heal|p2a: Weezing|77/100|[from] item: Leftovers
|-heal|p1a: Blissey|71/100|[from] item: Leftovers
|upkeep
|turn|43
|
|t:|1760841472
|move|p2a: Weezing|Pain Split|p1a: Blissey
|-sethp|p1a: Blissey|53/100|[from] move: Pain Split|[silent]
|-sethp|p2a: Weezing|100/100|[from] move: Pain Split
|move|p1a: Blissey|Thunder Wave|p2a: Weezing
|-status|p2a: Weezing|par
|
|-heal|p1a: Blissey|59/100|[from] item: Leftovers
|upkeep
|turn|44
|
|t:|1760841476
|move|p1a: Blissey|Seismic Toss|p2a: Weezing
|-damage|p2a: Weezing|71/100 par
|cant|p2a: Weezing|par
|
|-heal|p1a: Blissey|66/100|[from] item: Leftovers
|-heal|p2a: Weezing|77/100 par|[from] item: Leftovers
|upkeep
|turn|45
|
|t:|1760841479
|move|p1a: Blissey|Seismic Toss|p2a: Weezing
|-damage|p2a: Weezing|47/100 par
|cant|p2a: Weezing|par
|
|-heal|p1a: Blissey|72/100|[from] item: Leftovers
|-heal|p2a: Weezing|53/100 par|[from] item: Leftovers
|upkeep
|turn|46
|
|t:|1760841482
|move|p1a: Blissey|Seismic Toss|p2a: Weezing
|-damage|p2a: Weezing|23/100 par
|move|p2a: Weezing|Pain Split|p1a: Blissey
|-sethp|p1a: Blissey|41/100|[from] move: Pain Split|[silent]
|-sethp|p2a: Weezing|88/100 par|[from] move: Pain Split
|
|-heal|p1a: Blissey|47/100|[from] item: Leftovers
|-heal|p2a: Weezing|94/100 par|[from] item: Leftovers
|upkeep
|turn|47
|
|t:|1760841484
|move|p1a: Blissey|Seismic Toss|p2a: Weezing
|-damage|p2a: Weezing|64/100 par
|move|p2a: Weezing|Will-O-Wisp|p1a: Blissey
|-status|p1a: Blissey|brn
|
|-heal|p1a: Blissey|54/100 brn|[from] item: Leftovers
|-heal|p2a: Weezing|70/100 par|[from] item: Leftovers
|-damage|p1a: Blissey|47/100 brn|[from] brn
|upkeep
|turn|48
|
|t:|1760841489
|move|p1a: Blissey|Seismic Toss|p2a: Weezing
|-damage|p2a: Weezing|40/100 par
|move|p2a: Weezing|Pain Split|p1a: Blissey
|-sethp|p1a: Blissey|33/100 brn|[from] move: Pain Split|[silent]
|-sethp|p2a: Weezing|70/100 par|[from] move: Pain Split
|
|-heal|p1a: Blissey|39/100 brn|[from] item: Leftovers
|-heal|p2a: Weezing|76/100 par|[from] item: Leftovers
|-damage|p1a: Blissey|33/100 brn|[from] brn
|upkeep
|turn|49
|
|t:|1760841498
|move|p1a: Blissey|Soft-Boiled|p1a: Blissey
|-heal|p1a: Blissey|83/100 brn
|move|p2a: Weezing|Gunk Shot|p1a: Blissey
|-damage|p1a: Blissey|49/100 brn
|
|-heal|p1a: Blissey|56/100 brn|[from] item: Leftovers
|-heal|p2a: Weezing|82/100 par|[from] item: Leftovers
|-damage|p1a: Blissey|49/100 brn|[from] brn
|upkeep
|turn|50
|
|t:|1760841503
|move|p1a: Blissey|Seismic Toss|p2a: Weezing
|-damage|p2a: Weezing|52/100 par
|move|p2a: Weezing|Gunk Shot|p1a: Blissey
|-damage|p1a: Blissey|16/100 brn
|
|-heal|p1a: Blissey|22/100 brn|[from] item: Leftovers
|-heal|p2a: Weezing|58/100 par|[from] item: Leftovers
|-damage|p1a: Blissey|16/100 brn|[from] brn
|upkeep
|turn|51
|
|t:|1760841508
|switch|p2a: Skeledirge|Skeledirge, F, tera:Water|28/100 brn
|move|p1a: Blissey|Soft-Boiled|p1a: Blissey
|-heal|p1a: Blissey|66/100 brn
|
|-heal|p1a: Blissey|72/100 brn|[from] item: Leftovers
|-damage|p2a: Skeledirge|22/100 brn|[from] brn
|-damage|p1a: Blissey|66/100 brn|[from] brn
|upkeep
|turn|52
|
|t:|1760841510
|move|p2a: Skeledirge|Slack Off|p2a: Skeledirge
|-heal|p2a: Skeledirge|72/100 brn
|move|p1a: Blissey|Seismic Toss|p2a: Skeledirge
|-damage|p2a: Skeledirge|48/100 brn
|
|-heal|p1a: Blissey|72/100 brn|[from] item: Leftovers
|-damage|p2a: Skeledirge|42/100 brn|[from] brn
|-damage|p1a: Blissey|66/100 brn|[from] brn
|upkeep
|turn|53
|
|t:|1760841515
|-curestatus|p1a: Blissey|brn|[from] ability: Natural Cure
|switch|p1a: Gyarados|Gyarados, M, shiny|88/100
|-ability|p1a: Gyarados|Intimidate|boost
|-unboost|p2a: Skeledirge|atk|1
|move|p2a: Skeledirge|Slack Off|p2a: Skeledirge
|-heal|p2a: Skeledirge|92/100 brn
|
|-damage|p2a: Skeledirge|85/100 brn|[from] brn
|upkeep
|turn|54
|
|t:|1760841519
|move|p1a: Gyarados|Waterfall|p2a: Skeledirge
|-resisted|p2a: Skeledirge
|-damage|p2a: Skeledirge|73/100 brn
|move|p2a: Skeledirge|Will-O-Wisp|p1a: Gyarados
|-status|p1a: Gyarados|brn
|
|-damage|p1a: Gyarados|81/100 brn|[from] brn
|-damage|p2a: Skeledirge|67/100 brn|[from] brn
|upkeep
|turn|55
|
|t:|1760841523
|switch|p1a: Grafaiai|Grafaiai, M|88/100
|-damage|p1a: Grafaiai|76/100|[from] Stealth Rock
|move|p2a: Skeledirge|Hex|p1a: Grafaiai
|-immune|p1a: Grafaiai
|
|-heal|p1a: Grafaiai|82/100|[from] item: Leftovers
|-damage|p2a: Skeledirge|60/100 brn|[from] brn
|upkeep
|turn|56
|
|t:|1760841526
|switch|p2a: Ting-Lu|Ting-Lu|95/100
|-ability|p2a: Ting-Lu|Vessel of Ruin
|move|p1a: Grafaiai|Knock Off|p2a: Ting-Lu
|-resisted|p2a: Ting-Lu
|-damage|p2a: Ting-Lu|91/100
|
|-heal|p1a: Grafaiai|88/100|[from] item: Leftovers
|upkeep
|turn|57
|
|t:|1760841531
|move|p1a: Grafaiai|Protect|p1a: Grafaiai
|-singleturn|p1a: Grafaiai|Protect
|move|p2a: Ting-Lu|Ruination|p1a: Grafaiai
|-activate|p1a: Grafaiai|move: Protect
|
|-heal|p1a: Grafaiai|94/100|[from] item: Leftovers
|upkeep
|turn|58
|
|t:|1760841538
|switch|p1a: Gyarados|Gyarados, M, shiny|81/100 brn
|-ability|p1a: Gyarados|Intimidate|boost
|-unboost|p2a: Ting-Lu|atk|1
|move|p2a: Ting-Lu|Ruination|p1a: Gyarados|[miss]
|-miss|p2a: Ting-Lu|p1a: Gyarados
|
|-damage|p1a: Gyarados|75/100 brn|[from] brn
|upkeep
|turn|59
|
|t:|1760841546
|switch|p2a: Skeledirge|Skeledirge, F, tera:Water|60/100 brn
|move|p1a: Gyarados|Ice Fang|p2a: Skeledirge
|-resisted|p2a: Skeledirge
|-damage|p2a: Skeledirge|57/100 brn
|
|-damage|p1a: Gyarados|69/100 brn|[from] brn
|-damage|p2a: Skeledirge|51/100 brn|[from] brn
|upkeep
|turn|60
|
|t:|1760841550
|move|p1a: Gyarados|Earthquake|p2a: Skeledirge
|-damage|p2a: Skeledirge|39/100 brn
|move|p2a: Skeledirge|Slack Off|p2a: Skeledirge
|-heal|p2a: Skeledirge|89/100 brn
|
|-damage|p1a: Gyarados|63/100 brn|[from] brn
|-damage|p2a: Skeledirge|83/100 brn|[from] brn
|upkeep
|turn|61
|
|t:|1760841554
|switch|p1a: Grafaiai|Grafaiai, M|94/100
|-damage|p1a: Grafaiai|81/100|[from] Stealth Rock
|move|p2a: Skeledirge|Torch Song|p1a: Grafaiai
|-damage|p1a: Grafaiai|56/100
|-boost|p2a: Skeledirge|spa|1
|
|-heal|p1a: Grafaiai|62/100|[from] item: Leftovers
|-damage|p2a: Skeledirge|77/100 brn|[from] brn
|upkeep
|turn|62
|
|t:|1760841563
|move|p1a: Grafaiai|Knock Off|p2a: Skeledirge
|-damage|p2a: Skeledirge|65/100 brn
|-enditem|p2a: Skeledirge|Heavy-Duty Boots|[from] move: Knock Off|[of] p1a: Grafaiai
|move|p2a: Skeledirge|Torch Song|p1a: Grafaiai
|-damage|p1a: Grafaiai|21/100
|-boost|p2a: Skeledirge|spa|1
|
|-heal|p1a: Grafaiai|27/100|[from] item: Leftovers
|-damage|p2a: Skeledirge|59/100 brn|[from] brn
|upkeep
|turn|63
|
|t:|1760841566
|move|p1a: Grafaiai|Protect|p1a: Grafaiai
|-singleturn|p1a: Grafaiai|Protect
|move|p2a: Skeledirge|Torch Song|p1a: Grafaiai
|-activate|p1a: Grafaiai|move: Protect
|
|-heal|p1a: Grafaiai|33/100|[from] item: Leftovers
|-damage|p2a: Skeledirge|52/100 brn|[from] brn
|upkeep
|turn|64
|-message|Scoobenvonduben forfeited.
|
|win|thegreatestnone
|raw|Scoobenvonduben's rating: 1432 &rarr; <strong>1413</strong><br />(-19 for losing)
|raw|thegreatestnone's rating: 1453 &rarr; <strong>1472</strong><br />(+19 for winning)
|l|☆Scoobenvonduben
|player|p1|
|l|☆thegreatestnone
|player|p2|
