|j|☆mankindes
|j|☆Ant blast 3
|t:|1760764299
|gametype|singles
|player|p1|mankindes|steven|1173
|player|p2|Ant blast 3|ninjaboy|1107
|gen|9
|tier|[Gen 9] OU
|rated|
|rule|HP Percentage Mod: HP is shown in percentages
|rule|Endless Battle Clause: Forcing endless battles is banned
|rule|Species Clause: Limit one of each Pokémon
|rule|OHKO Clause: OHKO moves are banned
|rule|Evasion Items Clause: Evasion items are banned
|rule|Evasion Moves Clause: Evasion moves are banned
|rule|Evasion Abilities Clause: Evasion abilities are banned
|rule|Sleep Moves Clause: Sleep-inducing moves are banned
|clearpoke
|poke|p1|Dragonite, F|
|poke|p1|Dondozo, M|
|poke|p1|Iron Moth|
|poke|p1|Kingambit, M|
|poke|p1|Gliscor, M|
|poke|p1|Raging Bolt|
|poke|p2|Iron Valiant|
|poke|p2|Gengar, F|
|poke|p2|Froslass, F|
|poke|p2|Breloom, F|
|poke|p2|Scizor, M|
|poke|p2|Ogerpon-Cornerstone, F|
|teampreview
|inactive|Battle timer is ON: inactive players will automatically lose when time's up. (requested by Ant blast 3)
|
|t:|1760764315
|teamsize|p1|6
|teamsize|p2|6
|start
|switch|p1a: Gliscor|Gliscor, M|100/100
|switch|p2a: Delete c|Froslass, F|100/100
|turn|1
|
|t:|1760764330
|move|p1a: Gliscor|Protect|p1a: Gliscor
|-singleturn|p1a: Gliscor|Protect
|move|p2a: Delete c|Triple Axel|p1a: Gliscor
|-activate|p1a: Gliscor|move: Protect
|
|-status|p1a: Gliscor|tox|[from] item: Toxic Orb
|upkeep
|turn|2
|
|t:|1760764342
|move|p2a: Delete c|Poltergeist|p1a: Gliscor
|-activate|p1a: Gliscor|move: Poltergeist|Toxic Orb
|-damage|p1a: Gliscor|73/100 tox
|move|p1a: Gliscor|Stealth Rock|p2a: Delete c
|-sidestart|p2: Ant blast 3|move: Stealth Rock
|
|-heal|p1a: Gliscor|86/100 tox|[from] ability: Poison Heal
|upkeep
|turn|3
|
|t:|1760764351
|move|p1a: Gliscor|Protect|p1a: Gliscor
|-singleturn|p1a: Gliscor|Protect
|move|p2a: Delete c|Triple Axel|p1a: Gliscor
|-activate|p1a: Gliscor|move: Protect
|
|-heal|p1a: Gliscor|98/100 tox|[from] ability: Poison Heal
|upkeep
|turn|4
|
|t:|1760764367
|switch|p1a: Iron Moth|Iron Moth|100/100
|move|p2a: Delete c|Triple Axel|p1a: Iron Moth
|-resisted|p1a: Iron Moth
|-damage|p1a: Iron Moth|95/100
|-resisted|p1a: Iron Moth
|-damage|p1a: Iron Moth|81/100
|-resisted|p1a: Iron Moth
|-damage|p1a: Iron Moth|62/100
|-hitcount|p1a: Iron Moth|3
|
|upkeep
|turn|5
|
|t:|1760764382
|move|p1a: Iron Moth|Fiery Dance|p2a: Delete c
|-supereffective|p2a: Delete c
|-enditem|p2a: Delete c|Focus Sash
|-damage|p2a: Delete c|1/100
|-boost|p1a: Iron Moth|spa|1
|move|p2a: Delete c|Spikes|p1a: Iron Moth
|-sidestart|p1: mankindes|Spikes
|
|upkeep
|turn|6
|
|t:|1760764391
|move|p2a: Delete c|Destiny Bond|p2a: Delete c
|-singlemove|p2a: Delete c|Destiny Bond
|move|p1a: Iron Moth|Fiery Dance|p2a: Delete c
|-supereffective|p2a: Delete c
|-damage|p2a: Delete c|0 fnt
|faint|p2a: Delete c
|-activate|p2a: Delete c|move: Destiny Bond
|faint|p1a: Iron Moth
|-end|p1a: Iron Moth|Quark Drive|[silent]
|
|upkeep
|
|t:|1760764412
|switch|p2a: Delete b|Gengar, F|100/100
|switch|p1a: Gliscor|Gliscor, M|98/100 tox
|-damage|p2a: Delete b|88/100|[from] Stealth Rock
|turn|7
|
|t:|1760764420
|move|p2a: Delete b|Destiny Bond|p2a: Delete b
|-singlemove|p2a: Delete b|Destiny Bond
|move|p1a: Gliscor|Earthquake|p2a: Delete b
|-supereffective|p2a: Delete b
|-damage|p2a: Delete b|0 fnt
|faint|p2a: Delete b
|-activate|p2a: Delete b|move: Destiny Bond
|faint|p1a: Gliscor
|
|upkeep
|inactive|Ant blast 3 has 120 seconds left.
|
|t:|1760764441
|switch|p2a: Delete a|Iron Valiant|100/100
|switch|p1a: Raging Bolt|Raging Bolt|100/100
|-damage|p2a: Delete a|94/100|[from] Stealth Rock
|-damage|p1a: Raging Bolt|88/100|[from] Spikes
|turn|8
|inactive|Ant blast 3 has 120 seconds left.
|inactive|mankindes has 120 seconds left.
|
|t:|1760764460
|-terastallize|p1a: Raging Bolt|Fire
|move|p2a: Delete a|Spirit Break|p1a: Raging Bolt
|-resisted|p1a: Raging Bolt
|-damage|p1a: Raging Bolt|73/100
|-unboost|p1a: Raging Bolt|spa|1
|move|p1a: Raging Bolt|Tera Blast|p2a: Delete a|[anim] Tera Blast Fire
|-damage|p2a: Delete a|33/100
|
|upkeep
|turn|9
|inactive|Ant blast 3 has 120 seconds left.
|inactive|mankindes has 120 seconds left.
|
|t:|1760764477
|move|p2a: Delete a|Spirit Break|p1a: Raging Bolt
|-resisted|p1a: Raging Bolt
|-crit|p1a: Raging Bolt
|-damage|p1a: Raging Bolt|50/100
|-unboost|p1a: Raging Bolt|spa|1
|move|p1a: Raging Bolt|Volt Switch|p2a: Delete a
|-damage|p2a: Delete a|0 fnt
|faint|p2a: Delete a
|-end|p2a: Delete a|Quark Drive|[silent]
|inactive|mankindes has 120 seconds left.
|
|t:|1760764491
|-end|p1a: Raging Bolt|Protosynthesis|[silent]
|switch|p1a: Dragonite|Dragonite, F, shiny|100/100|[from] Volt Switch
|
|upkeep
|
|t:|1760764496
|switch|p2a: Rock|Ogerpon-Cornerstone, F|100/100
|-damage|p2a: Rock|88/100|[from] Stealth Rock
|turn|10
|inactive|mankindes has 120 seconds left.
|
|t:|1760764507
|move|p2a: Rock|Swords Dance|p2a: Rock
|-boost|p2a: Rock|atk|2
|move|p1a: Dragonite|Dragon Dance|p1a: Dragonite
|-boost|p1a: Dragonite|atk|1
|-boost|p1a: Dragonite|spe|1
|
|upkeep
|turn|11
|
|t:|1760764514
|-terastallize|p2a: Rock|Rock
|detailschange|p2a: Rock|Ogerpon-Cornerstone-Tera, F, tera:Rock
|-ability|p2a: Rock|Embody Aspect (Cornerstone)|boost
|-boost|p2a: Rock|def|1
|move|p1a: Dragonite|Dragon Claw|p2a: Rock
|-damage|p2a: Rock|34/100
|move|p2a: Rock|Ivy Cudgel|p1a: Dragonite|[anim] Ivy Cudgel Rock
|-supereffective|p1a: Dragonite
|-damage|p1a: Dragonite|0 fnt
|faint|p1a: Dragonite
|
|upkeep
|inactive|mankindes has 120 seconds left.
|
|t:|1760764529
|switch|p1a: Kingambit|Kingambit, M|100/100
|-damage|p1a: Kingambit|88/100|[from] Spikes
|-activate|p1a: Kingambit|ability: Supreme Overlord
|-start|p1a: Kingambit|fallen3|[silent]
|turn|12
|inactive|mankindes has 120 seconds left.
|
|t:|1760764542
|move|p1a: Kingambit|Sucker Punch|p2a: Rock
|-damage|p2a: Rock|0 fnt
|faint|p2a: Rock
|detailschange|p2: Rock|Ogerpon-Cornerstone, F|[silent]
|-damage|p1a: Kingambit|78/100|[from] item: Life Orb
|
|upkeep
|
|t:|1760764549
|switch|p2a: I can be u too|Breloom, F, shiny|100/100
|-damage|p2a: I can be u too|94/100|[from] Stealth Rock
|turn|13
|
|t:|1760764558
|move|p2a: I can be u too|Swords Dance|p2a: I can be u too
|-boost|p2a: I can be u too|atk|2
|move|p1a: Kingambit|Iron Head|p2a: I can be u too
|-damage|p2a: I can be u too|0 fnt
|faint|p2a: I can be u too
|-damage|p1a: Kingambit|68/100|[from] item: Life Orb
|
|upkeep
|
|t:|1760764568
|switch|p2a: Sucks to be u|Scizor, M, shiny|100/100
|-damage|p2a: Sucks to be u|88/100|[from] Stealth Rock
|turn|14
|
|t:|1760764575
|move|p2a: Sucks to be u|Bug Bite|p1a: Kingambit
|-damage|p1a: Kingambit|31/100
|move|p1a: Kingambit|Low Kick|p2a: Sucks to be u
|-damage|p2a: Sucks to be u|25/100
|-damage|p1a: Kingambit|21/100|[from] item: Life Orb
|
|upkeep
|turn|15
|
|t:|1760764582
|move|p2a: Sucks to be u|Bullet Punch|p1a: Kingambit
|-resisted|p1a: Kingambit
|-damage|p1a: Kingambit|6/100
|move|p1a: Kingambit|Sucker Punch||[still]
|-fail|p1a: Kingambit
|
|upkeep
|turn|16
|
|t:|1760764589
|move|p2a: Sucks to be u|Swords Dance|p2a: Sucks to be u
|-boost|p2a: Sucks to be u|atk|2
|move|p1a: Kingambit|Low Kick|p2a: Sucks to be u
|-damage|p2a: Sucks to be u|0 fnt
|faint|p2a: Sucks to be u
|-damage|p1a: Kingambit|0 fnt|[from] item: Life Orb
|faint|p1a: Kingambit
|-end|p1a: Kingambit|fallen3|[silent]
|
|win|mankindes
|raw|mankindes's rating: 1173 &rarr; <strong>1193</strong><br />(+20 for winning)
|raw|Ant blast 3's rating: 1107 &rarr; <strong>1087</strong><br />(-20 for losing)
|l|☆Ant blast 3
|player|p2|
|l|☆mankindes
|player|p1|
