|j|☆Chocokoala VGC
|j|☆Freshlemonwater
|t:|1760813273
|gametype|singles
|player|p1|Chocokoala VGC|aaron|1201
|player|p2|Freshlemonwater|170|1200
|gen|9
|tier|[Gen 9] OU
|rated|
|rule|HP Percentage Mod: HP is shown in percentages
|rule|Endless Battle Clause: Forcing endless battles is banned
|rule|Species Clause: Limit one of each Pokémon
|rule|OHKO Clause: OHKO moves are banned
|rule|Evasion Items Clause: Evasion items are banned
|rule|Evasion Moves Clause: Evasion moves are banned
|rule|Evasion Abilities Clause: Evasion abilities are banned
|rule|Sleep Moves Clause: Sleep-inducing moves are banned
|clearpoke
|poke|p1|Dragalge, M|
|poke|p1|Ting-Lu|
|poke|p1|Gholdengo|
|poke|p1|Zamazenta-*|
|poke|p1|Gliscor, M|
|poke|p1|Quaquaval, F|
|poke|p2|Hoopa-Unbound|
|poke|p2|Indeedee, M|
|poke|p2|Hawlucha, F|
|poke|p2|Clefable, M|
|poke|p2|Dondozo, F|
|poke|p2|Ribombee, F|
|teampreview
|inactive|Battle timer is ON: inactive players will automatically lose when time's up. (requested by Chocokoala VGC)
|
|t:|1760813295
|teamsize|p1|6
|teamsize|p2|6
|start
|switch|p1a: Quaquaval|Quaquaval, F|100/100
|switch|p2a: Ribombee|Ribombee, F|100/100
|turn|1
|
|t:|1760813307
|move|p2a: Ribombee|Sticky Web|p1a: Quaquaval
|-sidestart|p1: Chocokoala VGC|move: Sticky Web
|move|p1a: Quaquaval|Aqua Step|p2a: Ribombee
|-damage|p2a: Ribombee|30/100
|-boost|p1a: Quaquaval|spe|1
|
|upkeep
|turn|2
|
|t:|1760813314
|move|p1a: Quaquaval|Aqua Step|p2a: Ribombee
|-damage|p2a: Ribombee|0 fnt
|-boost|p1a: Quaquaval|spe|1
|faint|p2a: Ribombee
|-ability|p1a: Quaquaval|Moxie|boost
|-boost|p1a: Quaquaval|atk|1
|
|upkeep
|
|t:|1760813321
|switch|p2a: Donbozo|Dondozo, F|100/100
|turn|3
|
|t:|1760813324
|move|p1a: Quaquaval|Rapid Spin|p2a: Donbozo
|-damage|p2a: Donbozo|92/100
|-boost|p1a: Quaquaval|spe|1
|-sideend|p1: Chocokoala VGC|Sticky Web|[from] move: Rapid Spin|[of] p1a: Quaquaval
|move|p2a: Donbozo|Curse|p2a: Donbozo
|-unboost|p2a: Donbozo|spe|1
|-boost|p2a: Donbozo|atk|1
|-boost|p2a: Donbozo|def|1
|
|upkeep
|turn|4
|
|t:|1760813336
|move|p1a: Quaquaval|Knock Off|p2a: Donbozo
|-damage|p2a: Donbozo|81/100
|-enditem|p2a: Donbozo|Heavy-Duty Boots|[from] move: Knock Off|[of] p1a: Quaquaval
|move|p2a: Donbozo|Curse|p2a: Donbozo
|-unboost|p2a: Donbozo|spe|1
|-boost|p2a: Donbozo|atk|1
|-boost|p2a: Donbozo|def|1
|
|upkeep
|turn|5
|
|t:|1760813365
|switch|p1a: Dragalge|Dragalge, M|100/100
|move|p2a: Donbozo|Curse|p2a: Donbozo
|-unboost|p2a: Donbozo|spe|1
|-boost|p2a: Donbozo|atk|1
|-boost|p2a: Donbozo|def|1
|
|upkeep
|turn|6
|
|t:|1760813379
|move|p1a: Dragalge|Sludge Wave|p2a: Donbozo
|-damage|p2a: Donbozo|34/100
|move|p2a: Donbozo|Wave Crash|p1a: Dragalge
|-resisted|p1a: Dragalge
|-damage|p1a: Dragalge|45/100
|-damage|p2a: Donbozo|22/100|[from] Recoil
|
|-heal|p1a: Dragalge|51/100|[from] item: Leftovers
|upkeep
|turn|7
|
|t:|1760813385
|switch|p2a: Belt breaker|Indeedee, M|100/100
|-fieldstart|move: Psychic Terrain|[from] ability: Psychic Surge|[of] p2a: Belt breaker
|move|p1a: Dragalge|Sludge Wave|p2a: Belt breaker
|-damage|p2a: Belt breaker|44/100
|-status|p2a: Belt breaker|psn
|
|-heal|p1a: Dragalge|57/100|[from] item: Leftovers
|-damage|p2a: Belt breaker|32/100 psn|[from] psn
|upkeep
|turn|8
|
|t:|1760813398
|switch|p1a: Ting-Lu|Ting-Lu|100/100
|-ability|p1a: Ting-Lu|Vessel of Ruin
|move|p2a: Belt breaker|Dazzling Gleam|p1a: Ting-Lu
|-supereffective|p1a: Ting-Lu
|-damage|p1a: Ting-Lu|72/100
|
|-heal|p1a: Ting-Lu|79/100|[from] item: Leftovers
|-damage|p2a: Belt breaker|20/100 psn|[from] psn
|upkeep
|turn|9
|
|t:|1760813411
|switch|p2a: El macho|Hawlucha, F, shiny|100/100
|-enditem|p2a: El macho|Psychic Seed
|-boost|p2a: El macho|spd|1|[from] item: Psychic Seed
|move|p1a: Ting-Lu|Spikes|p2a: El macho
|-sidestart|p2: Freshlemonwater|Spikes
|
|-heal|p1a: Ting-Lu|85/100|[from] item: Leftovers
|upkeep
|turn|10
|
|t:|1760813425
|switch|p1a: Gliscor|Gliscor, M|100/100
|move|p2a: El macho|Swords Dance|p2a: El macho
|-boost|p2a: El macho|atk|2
|
|-status|p1a: Gliscor|tox|[from] item: Toxic Orb
|upkeep
|turn|11
|
|t:|1760813437
|move|p2a: El macho|Acrobatics|p1a: Gliscor
|-damage|p1a: Gliscor|27/100 tox
|move|p1a: Gliscor|Toxic|p2a: El macho
|-status|p2a: El macho|tox
|
|-damage|p2a: El macho|94/100 tox|[from] psn
|-heal|p1a: Gliscor|40/100 tox|[from] ability: Poison Heal
|upkeep
|turn|12
|
|t:|1760813452
|move|p2a: El macho|Swords Dance|p2a: El macho
|-boost|p2a: El macho|atk|2
|move|p1a: Gliscor|Substitute|p1a: Gliscor
|-start|p1a: Gliscor|Substitute
|-damage|p1a: Gliscor|15/100 tox
|
|-damage|p2a: El macho|82/100 tox|[from] psn
|-heal|p1a: Gliscor|27/100 tox|[from] ability: Poison Heal
|upkeep
|turn|13
|
|t:|1760813463
|move|p1a: Gliscor|Protect|p1a: Gliscor
|-singleturn|p1a: Gliscor|Protect
|move|p2a: El macho|Acrobatics|p1a: Gliscor
|-activate|p1a: Gliscor|move: Protect
|
|-damage|p2a: El macho|64/100 tox|[from] psn
|-heal|p1a: Gliscor|40/100 tox|[from] ability: Poison Heal
|upkeep
|turn|14
|
|t:|1760813479
|move|p2a: El macho|Acrobatics|p1a: Gliscor
|-end|p1a: Gliscor|Substitute
|move|p1a: Gliscor|Substitute|p1a: Gliscor
|-start|p1a: Gliscor|Substitute
|-damage|p1a: Gliscor|15/100 tox
|
|-damage|p2a: El macho|40/100 tox|[from] psn
|-heal|p1a: Gliscor|27/100 tox|[from] ability: Poison Heal
|-fieldend|move: Psychic Terrain
|upkeep
|turn|15
|
|t:|1760813490
|move|p1a: Gliscor|Protect|p1a: Gliscor
|-singleturn|p1a: Gliscor|Protect
|move|p2a: El macho|Acrobatics|p1a: Gliscor
|-activate|p1a: Gliscor|move: Protect
|
|-damage|p2a: El macho|10/100 tox|[from] psn
|-heal|p1a: Gliscor|40/100 tox|[from] ability: Poison Heal
|upkeep
|turn|16
|
|t:|1760813503
|move|p2a: El macho|Acrobatics|p1a: Gliscor
|-crit|p1a: Gliscor
|-end|p1a: Gliscor|Substitute
|move|p1a: Gliscor|Substitute|p1a: Gliscor
|-start|p1a: Gliscor|Substitute
|-damage|p1a: Gliscor|15/100 tox
|
|-damage|p2a: El macho|0 fnt|[from] psn
|faint|p2a: El macho
|-heal|p1a: Gliscor|27/100 tox|[from] ability: Poison Heal
|upkeep
|
|t:|1760813511
|switch|p2a: Donbozo|Dondozo, F|22/100
|-damage|p2a: Donbozo|10/100|[from] Spikes
|turn|17
|
|t:|1760813519
|move|p1a: Gliscor|Earthquake|p2a: Donbozo
|-damage|p2a: Donbozo|0 fnt
|faint|p2a: Donbozo
|
|-heal|p1a: Gliscor|40/100 tox|[from] ability: Poison Heal
|upkeep
|
|t:|1760813526
|switch|p2a: Cotton|Clefable, M|100/100
|-damage|p2a: Cotton|88/100|[from] Spikes
|turn|18
|
|t:|1760813536
|switch|p2a: Belt breaker|Indeedee, M|20/100 psn
|-damage|p2a: Belt breaker|7/100 psn|[from] Spikes
|-fieldstart|move: Psychic Terrain|[from] ability: Psychic Surge|[of] p2a: Belt breaker
|move|p1a: Gliscor|Toxic||[still]
|-fail|p1a: Gliscor
|
|-damage|p2a: Belt breaker|0 fnt|[from] psn
|faint|p2a: Belt breaker
|-heal|p1a: Gliscor|52/100 tox|[from] ability: Poison Heal
|upkeep
|
|t:|1760813539
|switch|p2a: Cotton|Clefable, M|88/100
|-damage|p2a: Cotton|76/100|[from] Spikes
|turn|19
|
|t:|1760813555
|move|p1a: Gliscor|Toxic|p2a: Cotton
|-status|p2a: Cotton|tox
|move|p2a: Cotton|Moonblast|p1a: Gliscor
|-end|p1a: Gliscor|Substitute
|
|-heal|p1a: Gliscor|65/100 tox|[from] ability: Poison Heal
|-damage|p2a: Cotton|70/100 tox|[from] psn
|upkeep
|turn|20
|
|t:|1760813573
|move|p1a: Gliscor|Protect|p1a: Gliscor
|-singleturn|p1a: Gliscor|Protect
|move|p2a: Cotton|Moonblast|p1a: Gliscor
|-activate|p1a: Gliscor|move: Protect
|
|-heal|p1a: Gliscor|77/100 tox|[from] ability: Poison Heal
|-damage|p2a: Cotton|57/100 tox|[from] psn
|upkeep
|turn|21
|-message|Freshlemonwater forfeited.
|
|win|Chocokoala VGC
|raw|Chocokoala VGC's rating: 1201 &rarr; <strong>1226</strong><br />(+25 for winning)
|raw|Freshlemonwater's rating: 1200 &rarr; <strong>1175</strong><br />(-25 for losing)
|l|☆Freshlemonwater
|player|p2|
