|j|☆femboywild
|j|☆LLBattler
|t:|1760778381
|gametype|singles
|player|p1|femboywild|acetrainer-gen4|1067
|player|p2|LLBattler|2|1062
|gen|9
|tier|[Gen 9] OU
|rated|
|rule|HP Percentage Mod: HP is shown in percentages
|rule|Endless Battle Clause: Forcing endless battles is banned
|rule|Species Clause: Limit one of each Pokémon
|rule|OHKO Clause: OHKO moves are banned
|rule|Evasion Items Clause: Evasion items are banned
|rule|Evasion Moves Clause: Evasion moves are banned
|rule|Evasion Abilities Clause: Evasion abilities are banned
|rule|Sleep Moves Clause: Sleep-inducing moves are banned
|clearpoke
|poke|p1|Charizard, F|
|poke|p1|Ninetales, M|
|poke|p1|Cinderace, M|
|poke|p1|Arcanine-Hisui, M|
|poke|p1|Talonflame, M|
|poke|p1|Infernape, M|
|poke|p2|Alomomola, M|
|poke|p2|Corviknight, M|
|poke|p2|Gliscor, M|
|poke|p2|Blissey, F|
|poke|p2|Toxapex, F|
|poke|p2|Darkrai|
|teampreview
|inactive|Battle timer is ON: inactive players will automatically lose when time's up. (requested by LLBattler)
|c|☆LLBattler|intresting team
|
|t:|1760778403
|teamsize|p1|6
|teamsize|p2|6
|start
|switch|p1a: Rockpup|Arcanine-Hisui, M|100/100
|switch|p2a: Gliscor|Gliscor, M|100/100
|turn|1
|c|☆femboywild|I like Fire types
|c|☆LLBattler|its a lovely gym that you got
|
|t:|1760778421
|move|p2a: Gliscor|Protect|p2a: Gliscor
|-singleturn|p2a: Gliscor|Protect
|move|p1a: Rockpup|Stealth Rock|p2a: Gliscor
|-sidestart|p2: LLBattler|move: Stealth Rock
|
|-status|p2a: Gliscor|tox|[from] item: Toxic Orb
|upkeep
|turn|2
|c|☆femboywild|thankyou
|inactive|LLBattler has 120 seconds left.
|
|t:|1760778450
|switch|p2a: Alomomola|Alomomola, M|100/100
|-damage|p2a: Alomomola|88/100|[from] Stealth Rock
|move|p1a: Rockpup|Head Smash|p2a: Alomomola
|-damage|p2a: Alomomola|49/100
|
|upkeep
|turn|3
|
|t:|1760778458
|move|p1a: Rockpup|Wild Charge|p2a: Alomomola
|-supereffective|p2a: Alomomola
|-damage|p2a: Alomomola|17/100
|move|p2a: Alomomola|Flip Turn|p1a: Rockpup
|-supereffective|p1a: Rockpup
|-damage|p1a: Rockpup|23/100
|
|t:|1760778466
|switch|p2a: Toxapex|Toxapex, F|100/100|[from] Flip Turn
|-damage|p2a: Toxapex|88/100|[from] Stealth Rock
|
|-heal|p2a: Toxapex|94/100|[from] item: Leftovers
|upkeep
|turn|4
|
|t:|1760778473
|move|p1a: Rockpup|Wild Charge|p2a: Toxapex
|-supereffective|p2a: Toxapex
|-damage|p2a: Toxapex|47/100
|move|p2a: Toxapex|Toxic Spikes|p1a: Rockpup
|-sidestart|p1: femboywild|move: Toxic Spikes
|
|-heal|p2a: Toxapex|53/100|[from] item: Leftovers
|upkeep
|turn|5
|
|t:|1760778488
|switch|p2a: Gliscor|Gliscor, M|100/100 tox
|-damage|p2a: Gliscor|88/100 tox|[from] Stealth Rock
|move|p1a: Rockpup|Wild Charge|p2a: Gliscor
|-immune|p2a: Gliscor
|
|-heal|p2a: Gliscor|100/100 tox|[from] ability: Poison Heal
|upkeep
|turn|6
|inactive|LLBattler has 120 seconds left.
|
|t:|1760778515
|move|p2a: Gliscor|Protect|p2a: Gliscor
|-singleturn|p2a: Gliscor|Protect
|move|p1a: Rockpup|Head Smash|p2a: Gliscor
|-activate|p2a: Gliscor|move: Protect
|
|upkeep
|turn|7
|inactive|LLBattler has 120 seconds left.
|
|t:|1760778528
|switch|p2a: Corviknight|Corviknight, M|100/100
|-damage|p2a: Corviknight|88/100|[from] Stealth Rock
|-ability|p2a: Corviknight|Pressure
|move|p1a: Rockpup|Head Smash|p2a: Corviknight|[miss]
|-miss|p1a: Rockpup|p2a: Corviknight
|
|upkeep
|turn|8
|inactive|LLBattler has 120 seconds left.
|
|t:|1760778538
|move|p1a: Rockpup|Flare Blitz|p2a: Corviknight
|-supereffective|p2a: Corviknight
|-damage|p2a: Corviknight|21/100
|-damage|p1a: Rockpup|7/100|[from] item: Rocky Helmet|[of] p2a: Corviknight
|move|p2a: Corviknight|Iron Defense|p2a: Corviknight
|-boost|p2a: Corviknight|def|2
|
|upkeep
|turn|9
|inactive|LLBattler has 120 seconds left.
|
|t:|1760778548
|switch|p2a: Toxapex|Toxapex, F|86/100
|-damage|p2a: Toxapex|74/100|[from] Stealth Rock
|move|p1a: Rockpup|Wild Charge|p2a: Toxapex
|-supereffective|p2a: Toxapex
|-damage|p2a: Toxapex|30/100
|
|-heal|p2a: Toxapex|37/100|[from] item: Leftovers
|upkeep
|turn|10
|inactive|LLBattler has 120 seconds left.
|
|t:|1760778560
|switch|p2a: Blissey|Blissey, F|100/100
|-damage|p2a: Blissey|88/100|[from] Stealth Rock
|move|p1a: Rockpup|Wild Charge|p2a: Blissey
|-damage|p2a: Blissey|59/100
|
|-heal|p2a: Blissey|65/100|[from] item: Leftovers
|upkeep
|turn|11
|
|t:|1760778568
|move|p1a: Rockpup|Flare Blitz|p2a: Blissey
|-damage|p2a: Blissey|6/100
|move|p2a: Blissey|Seismic Toss|p1a: Rockpup
|-damage|p1a: Rockpup|0 fnt
|faint|p1a: Rockpup
|
|-heal|p2a: Blissey|12/100|[from] item: Leftovers
|upkeep
|
|t:|1760778573
|switch|p1a: Defog Slave|Talonflame, M|100/100
|turn|12
|
|t:|1760778585
|switch|p2a: Darkrai|Darkrai|100/100
|-damage|p2a: Darkrai|88/100|[from] Stealth Rock
|move|p1a: Defog Slave|Defog|p2a: Darkrai
|-unboost|p2a: Darkrai|evasion|1
|-sideend|p2: LLBattler|Stealth Rock|[from] move: Defog|[of] p1a: Defog Slave
|-sideend|p1: femboywild|Toxic Spikes|[from] move: Defog|[of] p1a: Defog Slave
|
|upkeep
|turn|13
|inactive|LLBattler has 120 seconds left.
|
|t:|1760778610
|move|p1a: Defog Slave|Tailwind|p1a: Defog Slave
|-sidestart|p1: femboywild|move: Tailwind
|move|p2a: Darkrai|Thunder Wave|p1a: Defog Slave
|-status|p1a: Defog Slave|par
|
|upkeep
|turn|14
|inactive|LLBattler has 120 seconds left.
|
|t:|1760778631
|switch|p2a: Toxapex|Toxapex, F|70/100
|move|p1a: Defog Slave|U-turn|p2a: Toxapex
|-resisted|p2a: Toxapex
|-damage|p2a: Toxapex|63/100
|
|t:|1760778642
|switch|p1a: Tamamo no Mae|Ninetales, M|100/100|[from] U-turn
|-weather|SunnyDay|[from] ability: Drought|[of] p1a: Tamamo no Mae
|
|-weather|SunnyDay|[upkeep]
|-heal|p2a: Toxapex|69/100|[from] item: Leftovers
|upkeep
|turn|15
|inactive|LLBattler has 120 seconds left.
|
|t:|1760778653
|move|p1a: Tamamo no Mae|Solar Beam||[still]
|-prepare|p1a: Tamamo no Mae|Solar Beam
|-anim|p1a: Tamamo no Mae|Solar Beam|p2a: Toxapex
|-damage|p2a: Toxapex|48/100
|move|p2a: Toxapex|Toxic Spikes|p1a: Tamamo no Mae
|-sidestart|p1: femboywild|move: Toxic Spikes
|
|-weather|SunnyDay|[upkeep]
|-heal|p2a: Toxapex|54/100|[from] item: Leftovers
|upkeep
|turn|16
|inactive|LLBattler has 120 seconds left.
|
|t:|1760778663
|move|p1a: Tamamo no Mae|Shadow Ball|p2a: Toxapex
|-damage|p2a: Toxapex|43/100
|move|p2a: Toxapex|Toxic|p1a: Tamamo no Mae
|-status|p1a: Tamamo no Mae|tox
|
|-weather|SunnyDay|[upkeep]
|-heal|p2a: Toxapex|49/100|[from] item: Leftovers
|-damage|p1a: Tamamo no Mae|94/100 tox|[from] psn
|-sideend|p1: femboywild|move: Tailwind
|upkeep
|turn|17
|
|t:|1760778671
|move|p1a: Tamamo no Mae|Solar Beam||[still]
|-prepare|p1a: Tamamo no Mae|Solar Beam
|-anim|p1a: Tamamo no Mae|Solar Beam|p2a: Toxapex
|-damage|p2a: Toxapex|29/100
|move|p2a: Toxapex|Recover|p2a: Toxapex
|-heal|p2a: Toxapex|79/100
|
|-weather|SunnyDay|[upkeep]
|-heal|p2a: Toxapex|85/100|[from] item: Leftovers
|-damage|p1a: Tamamo no Mae|82/100 tox|[from] psn
|upkeep
|turn|18
|inactive|LLBattler has 120 seconds left.
|
|t:|1760778687
|switch|p1a: Defog Slave|Talonflame, M|100/100 par
|move|p2a: Toxapex|Toxic Spikes|p1a: Defog Slave
|-sidestart|p1: femboywild|move: Toxic Spikes
|
|-weather|SunnyDay|[upkeep]
|-heal|p2a: Toxapex|92/100|[from] item: Leftovers
|upkeep
|turn|19
|inactive|LLBattler has 120 seconds left.
|
|t:|1760778703
|switch|p2a: Gliscor|Gliscor, M|100/100 tox
|move|p1a: Defog Slave|Defog|p2a: Gliscor
|-unboost|p2a: Gliscor|evasion|1
|-sideend|p1: femboywild|Toxic Spikes|[from] move: Defog|[of] p1a: Defog Slave
|
|-weather|SunnyDay|[upkeep]
|upkeep
|turn|20
|inactive|LLBattler has 120 seconds left.
|
|t:|1760778716
|cant|p1a: Defog Slave|par
|move|p2a: Gliscor|Knock Off|p1a: Defog Slave
|-damage|p1a: Defog Slave|67/100 par
|-enditem|p1a: Defog Slave|Heavy-Duty Boots|[from] move: Knock Off|[of] p2a: Gliscor
|
|-weather|SunnyDay|[upkeep]
|upkeep
|turn|21
|
|t:|1760778734
|switch|p1a: Bunny|Cinderace, M|100/100
|move|p2a: Gliscor|Protect||[still]
|-fail|p2a: Gliscor
|
|-weather|none
|upkeep
|turn|22
|
|t:|1760778747
|switch|p2a: Alomomola|Alomomola, M|17/100
|move|p1a: Bunny|Trailblaze|p2a: Alomomola
|-start|p1a: Bunny|typechange|Grass|[from] ability: Libero
|-supereffective|p2a: Alomomola
|-damage|p2a: Alomomola|0 fnt
|-boost|p1a: Bunny|spe|1
|faint|p2a: Alomomola
|
|upkeep
|
|t:|1760778757
|switch|p2a: Toxapex|Toxapex, F|100/100
|turn|23
|
|t:|1760778773
|switch|p2a: Gliscor|Gliscor, M|100/100 tox
|move|p1a: Bunny|Trailblaze|p2a: Gliscor
|-damage|p2a: Gliscor|86/100 tox
|-boost|p1a: Bunny|spe|1
|
|-heal|p2a: Gliscor|98/100 tox|[from] ability: Poison Heal
|upkeep
|turn|24
|j| Jinghan Yu
|l| Jinghan Yu
|
|t:|1760778786
|switch|p1a: Defog Slave|Talonflame, M|67/100 par
|move|p2a: Gliscor|Earthquake|p1a: Defog Slave
|-immune|p1a: Defog Slave
|
|-heal|p2a: Gliscor|100/100 tox|[from] ability: Poison Heal
|upkeep
|turn|25
|
|t:|1760778792
|move|p2a: Gliscor|Knock Off|p1a: Defog Slave
|-damage|p1a: Defog Slave|44/100 par
|move|p1a: Defog Slave|Tailwind|p1a: Defog Slave
|-sidestart|p1: femboywild|move: Tailwind
|
|upkeep
|turn|26
|
|t:|1760778799
|move|p1a: Defog Slave|U-turn|p2a: Gliscor
|-resisted|p2a: Gliscor
|-damage|p2a: Gliscor|94/100 tox
|
|t:|1760778803
|switch|p1a: Tamamo no Mae|Ninetales, M|82/100 tox|[from] U-turn
|-weather|SunnyDay|[from] ability: Drought|[of] p1a: Tamamo no Mae
|move|p2a: Gliscor|Spikes|p1a: Tamamo no Mae
|-sidestart|p1: femboywild|Spikes
|
|-weather|SunnyDay|[upkeep]
|-damage|p1a: Tamamo no Mae|75/100 tox|[from] psn
|-heal|p2a: Gliscor|100/100 tox|[from] ability: Poison Heal
|upkeep
|turn|27
|
|t:|1760778825
|switch|p2a: Darkrai|Darkrai|88/100
|move|p1a: Tamamo no Mae|Flamethrower|p2a: Darkrai
|-crit|p2a: Darkrai
|-damage|p2a: Darkrai|0 fnt
|faint|p2a: Darkrai
|
|-weather|SunnyDay|[upkeep]
|-damage|p1a: Tamamo no Mae|63/100 tox|[from] psn
|upkeep
|
|t:|1760778835
|switch|p2a: Toxapex|Toxapex, F|100/100
|turn|28
|
|t:|1760778847
|move|p1a: Tamamo no Mae|Extrasensory|p2a: Toxapex
|-supereffective|p2a: Toxapex
|-damage|p2a: Toxapex|75/100
|move|p2a: Toxapex|Toxic Spikes|p1a: Tamamo no Mae
|-sidestart|p1: femboywild|move: Toxic Spikes
|
|-weather|SunnyDay|[upkeep]
|-heal|p2a: Toxapex|82/100|[from] item: Leftovers
|-damage|p1a: Tamamo no Mae|44/100 tox|[from] psn
|-sideend|p1: femboywild|move: Tailwind
|upkeep
|turn|29
|
|t:|1760778870
|move|p1a: Tamamo no Mae|Solar Beam||[still]
|-prepare|p1a: Tamamo no Mae|Solar Beam
|-anim|p1a: Tamamo no Mae|Solar Beam|p2a: Toxapex
|-damage|p2a: Toxapex|63/100
|move|p2a: Toxapex|Toxic Spikes|p1a: Tamamo no Mae
|-sidestart|p1: femboywild|move: Toxic Spikes
|
|-weather|SunnyDay|[upkeep]
|-heal|p2a: Toxapex|70/100|[from] item: Leftovers
|-damage|p1a: Tamamo no Mae|19/100 tox|[from] psn
|upkeep
|turn|30
|inactive|LLBattler has 120 seconds left.
|
|t:|1760778892
|move|p1a: Tamamo no Mae|Shadow Ball|p2a: Toxapex
|-damage|p2a: Toxapex|56/100
|-unboost|p2a: Toxapex|spd|1
|move|p2a: Toxapex|Toxic Spikes||[still]
|-fail|p2a: Toxapex
|
|-weather|SunnyDay|[upkeep]
|-heal|p2a: Toxapex|62/100|[from] item: Leftovers
|-damage|p1a: Tamamo no Mae|0 fnt|[from] psn
|faint|p1a: Tamamo no Mae
|upkeep
|
|t:|1760778899
|switch|p1a: Defog Slave|Talonflame, M|44/100 par
|turn|31
|inactive|LLBattler has 120 seconds left.
|
|t:|1760778913
|move|p1a: Defog Slave|Defog|p2a: Toxapex
|-unboost|p2a: Toxapex|evasion|1
|-sideend|p1: femboywild|Spikes|[from] move: Defog|[of] p1a: Defog Slave
|-sideend|p1: femboywild|Toxic Spikes|[from] move: Defog|[of] p1a: Defog Slave
|move|p2a: Toxapex|Recover|p2a: Toxapex
|-heal|p2a: Toxapex|100/100
|
|-weather|SunnyDay|[upkeep]
|upkeep
|turn|32
|inactive|LLBattler has 120 seconds left.
|
|t:|1760778925
|switch|p2a: Gliscor|Gliscor, M|100/100 tox
|move|p1a: Defog Slave|Tailwind|p1a: Defog Slave
|-sidestart|p1: femboywild|move: Tailwind
|
|-weather|SunnyDay|[upkeep]
|upkeep
|turn|33
|
|t:|1760778933
|move|p1a: Defog Slave|Steel Wing|p2a: Gliscor
|-damage|p2a: Gliscor|87/100 tox
|move|p2a: Gliscor|Knock Off|p1a: Defog Slave
|-damage|p1a: Defog Slave|23/100 par
|
|-weather|none
|-heal|p2a: Gliscor|99/100 tox|[from] ability: Poison Heal
|upkeep
|turn|34
|
|t:|1760778941
|move|p1a: Defog Slave|U-turn|p2a: Gliscor
|-resisted|p2a: Gliscor
|-damage|p2a: Gliscor|91/100 tox
|
|t:|1760778943
|switch|p1a: Bad Dragon|Charizard, F|100/100|[from] U-turn
|move|p2a: Gliscor|Knock Off|p1a: Bad Dragon
|-damage|p1a: Bad Dragon|71/100
|-enditem|p1a: Bad Dragon|Leftovers|[from] move: Knock Off|[of] p2a: Gliscor
|
|-heal|p2a: Gliscor|100/100 tox|[from] ability: Poison Heal
|upkeep
|turn|35
|
|t:|1760778963
|switch|p2a: Blissey|Blissey, F|12/100
|move|p1a: Bad Dragon|Flamethrower|p2a: Blissey
|-damage|p2a: Blissey|0 fnt
|faint|p2a: Blissey
|
|-sideend|p1: femboywild|move: Tailwind
|upkeep
|-message|LLBattler forfeited.
|
|win|femboywild
|raw|femboywild's rating: 1067 &rarr; <strong>1097</strong><br />(+30 for winning)
|raw|LLBattler's rating: 1062 &rarr; <strong>1043</strong><br />(-19 for losing)
|c|☆LLBattler|gg
|c|☆femboywild|gg
|l|☆femboywild
|player|p1|
