|j|☆Shibuya 渋谷 03
|j|☆sly_sunflower
|t:|1760779649
|gametype|singles
|player|p1|Shibuya 渋谷 03|hilda|1068
|player|p2|sly_sunflower|cilan|1083
|gen|9
|tier|[Gen 9] OU
|rated|
|rule|HP Percentage Mod: HP is shown in percentages
|rule|Endless Battle Clause: Forcing endless battles is banned
|rule|Species Clause: Limit one of each Pokémon
|rule|OHKO Clause: OHKO moves are banned
|rule|Evasion Items Clause: Evasion items are banned
|rule|Evasion Moves Clause: Evasion moves are banned
|rule|Evasion Abilities Clause: Evasion abilities are banned
|rule|Sleep Moves Clause: Sleep-inducing moves are banned
|clearpoke
|poke|p1|Dragapult, M|
|poke|p1|Gholdengo|
|poke|p1|Rillaboom, F|
|poke|p1|Iron Valiant|
|poke|p1|Heatran, M|
|poke|p1|Gliscor, F|
|poke|p2|Vikavolt, F|
|poke|p2|Illumise, F|
|poke|p2|Coalossal, F|
|poke|p2|Dipplin, M|
|poke|p2|Wugtrio, M|
|poke|p2|Froslass, F|
|teampreview
|inactive|Battle timer is ON: inactive players will automatically lose when time's up. (requested by sly_sunflower)
|
|t:|1760779664
|teamsize|p1|6
|teamsize|p2|6
|start
|switch|p1a: Batman !!!|Gliscor, F, shiny|100/100
|switch|p2a: Illumise|Illumise, F|100/100
|turn|1
|
|t:|1760779678
|move|p2a: Illumise|Trick|p1a: Batman !!!
|-activate|p2a: Illumise|move: Trick|[of] p1a: Batman !!!
|-item|p1a: Batman !!!|Ring Target|[from] move: Trick
|-item|p2a: Illumise|Toxic Orb|[from] move: Trick
|move|p1a: Batman !!!|Stealth Rock|p2a: Illumise
|-sidestart|p2: sly_sunflower|move: Stealth Rock
|
|-status|p2a: Illumise|tox|[from] item: Toxic Orb
|upkeep
|turn|2
|
|t:|1760779692
|move|p2a: Illumise|Encore|p1a: Batman !!!
|-start|p1a: Batman !!!|Encore
|move|p1a: Batman !!!|Stealth Rock||[still]
|-fail|p1a: Batman !!!
|
|-damage|p2a: Illumise|94/100 tox|[from] psn
|upkeep
|turn|3
|
|t:|1760779700
|switch|p2a: Froslass|Froslass, F|100/100
|-damage|p2a: Froslass|76/100|[from] Stealth Rock
|move|p1a: Batman !!!|Stealth Rock||[still]
|-fail|p1a: Batman !!!
|
|upkeep
|turn|4
|
|t:|1760779709
|switch|p1a: The Rock|Heatran, M, shiny|100/100
|move|p2a: Froslass|Triple Axel|p1a: The Rock
|-resisted|p1a: The Rock
|-damage|p1a: The Rock|98/100
|-resisted|p1a: The Rock
|-damage|p1a: The Rock|94/100
|-resisted|p1a: The Rock
|-damage|p1a: The Rock|87/100
|-hitcount|p1a: The Rock|3
|
|-heal|p1a: The Rock|93/100|[from] item: Leftovers
|upkeep
|turn|5
|
|t:|1760779721
|switch|p2a: Dipplin|Dipplin, M|100/100
|-damage|p2a: Dipplin|88/100|[from] Stealth Rock
|move|p1a: The Rock|Magma Storm|p2a: Dipplin|[miss]
|-miss|p1a: The Rock|p2a: Dipplin
|
|-heal|p1a: The Rock|99/100|[from] item: Leftovers
|upkeep
|turn|6
|
|t:|1760779732
|switch|p2a: Coalossal|Coalossal, F|100/100
|-damage|p2a: Coalossal|76/100|[from] Stealth Rock
|move|p1a: The Rock|Magma Storm|p2a: Coalossal
|-resisted|p2a: Coalossal
|-damage|p2a: Coalossal|66/100
|-activate|p2a: Coalossal|move: Magma Storm|[of] p1a: The Rock
|-ability|p2a: Coalossal|Steam Engine|boost
|-boost|p2a: Coalossal|spe|6
|
|-heal|p1a: The Rock|100/100|[from] item: Leftovers
|-damage|p2a: Coalossal|54/100|[from] move: Magma Storm|[partiallytrapped]
|upkeep
|turn|7
|
|t:|1760779746
|move|p2a: Coalossal|Meteor Beam||[still]
|-prepare|p2a: Coalossal|Meteor Beam
|-boost|p2a: Coalossal|spa|1
|-enditem|p2a: Coalossal|Power Herb
|-anim|p2a: Coalossal|Meteor Beam|p1a: The Rock
|-damage|p1a: The Rock|48/100
|move|p1a: The Rock|Earth Power|p2a: Coalossal
|-supereffective|p2a: Coalossal
|-damage|p2a: Coalossal|0 fnt
|faint|p2a: Coalossal
|
|-heal|p1a: The Rock|54/100|[from] item: Leftovers
|upkeep
|
|t:|1760779763
|switch|p2a: Froslass|Froslass, F|76/100
|-damage|p2a: Froslass|51/100|[from] Stealth Rock
|turn|8
|
|t:|1760779767
|move|p2a: Froslass|Trick|p1a: The Rock
|-activate|p2a: Froslass|move: Trick|[of] p1a: The Rock
|-item|p1a: The Rock|Choice Band|[from] move: Trick
|-item|p2a: Froslass|Leftovers|[from] move: Trick
|move|p1a: The Rock|Magma Storm|p2a: Froslass|[miss]
|-miss|p1a: The Rock|p2a: Froslass
|
|-heal|p2a: Froslass|57/100|[from] item: Leftovers
|upkeep
|turn|9
|
|t:|1760779777
|move|p2a: Froslass|Poltergeist|p1a: The Rock
|-activate|p1a: The Rock|move: Poltergeist|Choice Band
|-damage|p1a: The Rock|21/100
|move|p1a: The Rock|Magma Storm|p2a: Froslass|[miss]
|-miss|p1a: The Rock|p2a: Froslass
|
|-heal|p2a: Froslass|63/100|[from] item: Leftovers
|upkeep
|turn|10
|
|t:|1760779787
|move|p2a: Froslass|Poltergeist|p1a: The Rock
|-activate|p1a: The Rock|move: Poltergeist|Choice Band
|-damage|p1a: The Rock|0 fnt
|faint|p1a: The Rock
|
|-heal|p2a: Froslass|69/100|[from] item: Leftovers
|upkeep
|
|t:|1760779805
|switch|p1a: Silksong|Iron Valiant, shiny|100/100
|-enditem|p1a: Silksong|Booster Energy
|-activate|p1a: Silksong|ability: Quark Drive|[fromitem]
|-start|p1a: Silksong|quarkdrivespe
|turn|11
|-message|Shibuya 渋谷 03 forfeited.
|
|win|sly_sunflower
|raw|Shibuya 渋谷 03's rating: 1068 &rarr; <strong>1049</strong><br />(-19 for losing)
|raw|sly_sunflower's rating: 1083 &rarr; <strong>1109</strong><br />(+26 for winning)
|l|☆Shibuya 渋谷 03
|player|p1|
|l|☆sly_sunflower
|player|p2|
