|j|☆dj istivi
|j|☆Joshi86
|t:|1760806870
|gametype|singles
|player|p1|dj istivi|dawn|
|player|p2|Joshi86|anabel-gen7|
|gen|9
|tier|[Gen 9] OU
|rule|HP Percentage Mod: HP is shown in percentages
|rule|Endless Battle Clause: Forcing endless battles is banned
|rule|Species Clause: Limit one of each Pokémon
|rule|OHKO Clause: OHKO moves are banned
|rule|Evasion Items Clause: Evasion items are banned
|rule|Evasion Moves Clause: Evasion moves are banned
|rule|Evasion Abilities Clause: Evasion abilities are banned
|rule|Sleep Moves Clause: Sleep-inducing moves are banned
|clearpoke
|poke|p1|Garganacl, F|
|poke|p1|Zamazenta-*|
|poke|p1|Gholdengo|
|poke|p1|Darkrai|
|poke|p1|Dondozo, M|
|poke|p1|Iron Valiant|
|poke|p2|Ogerpon-Wellspring, F|
|poke|p2|Garchomp, M|
|poke|p2|Lokix, M|
|poke|p2|Iron Moth|
|poke|p2|Dragonite, F|
|poke|p2|Kingambit, M|
|teampreview
|
|t:|1760806889
|teamsize|p1|6
|teamsize|p2|6
|start
|switch|p1a: Zamazenta|Zamazenta|100/100
|switch|p2a: Garchomp|Garchomp, M|100/100
|-ability|p1a: Zamazenta|Dauntless Shield|boost
|-boost|p1a: Zamazenta|def|1
|turn|1
|
|t:|1760806900
|move|p2a: Garchomp|Stealth Rock|p1a: Zamazenta
|-sidestart|p1: dj istivi|move: Stealth Rock
|move|p1a: Zamazenta|Roar|p2a: Garchomp
|drag|p2a: Iron Moth|Iron Moth|100/100
|
|upkeep
|turn|2
|
|t:|1760806911
|switch|p1a: Garganacl|Garganacl, F|100/100
|-damage|p1a: Garganacl|88/100|[from] Stealth Rock
|-end|p2a: Iron Moth|Quark Drive|[silent]
|switch|p2a: Garchomp|Garchomp, M|100/100
|
|-heal|p1a: Garganacl|94/100|[from] item: Leftovers
|upkeep
|turn|3
|
|t:|1760806918
|move|p2a: Garchomp|Earthquake|p1a: Garganacl
|-supereffective|p1a: Garganacl
|-damage|p1a: Garganacl|53/100
|move|p1a: Garganacl|Salt Cure|p2a: Garchomp
|-resisted|p2a: Garchomp
|-damage|p2a: Garchomp|96/100
|-start|p2a: Garchomp|Salt Cure
|
|-heal|p1a: Garganacl|59/100|[from] item: Leftovers
|-damage|p2a: Garchomp|84/100|[from] Salt Cure
|upkeep
|turn|4
|
|t:|1760806928
|move|p2a: Garchomp|Spikes|p1a: Garganacl
|-sidestart|p1: dj istivi|Spikes
|move|p1a: Garganacl|Recover|p1a: Garganacl
|-heal|p1a: Garganacl|100/100
|
|-damage|p2a: Garchomp|72/100|[from] Salt Cure
|upkeep
|turn|5
|
|t:|1760806938
|switch|p1a: Darkrai|Darkrai|100/100
|move|p2a: Garchomp|Earthquake|p1a: Darkrai
|-damage|p1a: Darkrai|38/100
|
|-damage|p2a: Garchomp|59/100|[from] Salt Cure
|upkeep
|turn|6
|
|t:|1760806955
|switch|p2a: Lokix|Lokix, M|100/100
|move|p1a: Darkrai|Ice Beam|p2a: Lokix
|-crit|p2a: Lokix
|-damage|p2a: Lokix|9/100
|
|upkeep
|turn|7
|
|t:|1760806969
|switch|p1a: Zamazenta|Zamazenta|100/100
|-damage|p1a: Zamazenta|94/100|[from] Stealth Rock
|-damage|p1a: Zamazenta|82/100|[from] Spikes
|move|p2a: Lokix|Knock Off|p1a: Zamazenta
|-resisted|p1a: Zamazenta
|-damage|p1a: Zamazenta|45/100
|-enditem|p1a: Zamazenta|Leftovers|[from] move: Knock Off|[of] p2a: Lokix
|
|upkeep
|turn|8
|
|t:|1760806984
|switch|p2a: Garchomp|Garchomp, M|59/100
|move|p1a: Zamazenta|Body Press|p2a: Garchomp
|-damage|p2a: Garchomp|37/100
|-damage|p1a: Zamazenta|33/100|[from] ability: Rough Skin|[of] p2a: Garchomp
|-damage|p1a: Zamazenta|16/100|[from] item: Rocky Helmet|[of] p2a: Garchomp
|
|upkeep
|turn|9
|
|t:|1760806994
|move|p1a: Zamazenta|Body Press|p2a: Garchomp
|-damage|p2a: Garchomp|13/100
|-damage|p1a: Zamazenta|4/100|[from] ability: Rough Skin|[of] p2a: Garchomp
|-damage|p1a: Zamazenta|0 fnt|[from] item: Rocky Helmet|[of] p2a: Garchomp
|faint|p1a: Zamazenta
|move|p2a: Garchomp|Dragon Tail|p1: Zamazenta|[notarget]
|-fail|p2a: Garchomp
|
|upkeep
|
|t:|1760807000
|switch|p1a: Darkrai|Darkrai|38/100
|turn|10
|
|t:|1760807011
|switch|p1a: Iron Valiant|Iron Valiant|100/100
|-damage|p1a: Iron Valiant|94/100|[from] Stealth Rock
|-damage|p1a: Iron Valiant|82/100|[from] Spikes
|-enditem|p1a: Iron Valiant|Booster Energy
|-activate|p1a: Iron Valiant|ability: Quark Drive|[fromitem]
|-start|p1a: Iron Valiant|quarkdrivespe
|move|p2a: Garchomp|Earthquake|p1a: Iron Valiant
|-damage|p1a: Iron Valiant|25/100
|
|upkeep
|turn|11
|
|t:|1760807022
|move|p1a: Iron Valiant|Moonblast|p2a: Garchomp
|-supereffective|p2a: Garchomp
|-damage|p2a: Garchomp|0 fnt
|faint|p2a: Garchomp
|
|upkeep
|
|t:|1760807041
|switch|p2a: Iron Moth|Iron Moth|100/100
|turn|12
|
|t:|1760807053
|move|p1a: Iron Valiant|Close Combat|p2a: Iron Moth
|-resisted|p2a: Iron Moth
|-damage|p2a: Iron Moth|47/100
|-unboost|p1a: Iron Valiant|def|1
|-unboost|p1a: Iron Valiant|spd|1
|move|p2a: Iron Moth|Fiery Dance|p1a: Iron Valiant
|-damage|p1a: Iron Valiant|0 fnt
|-boost|p2a: Iron Moth|spa|1
|faint|p1a: Iron Valiant
|-end|p1a: Iron Valiant|Quark Drive|[silent]
|
|upkeep
|
|t:|1760807064
|switch|p1a: Garganacl|Garganacl, F|100/100
|-damage|p1a: Garganacl|88/100|[from] Stealth Rock
|-damage|p1a: Garganacl|76/100|[from] Spikes
|turn|13
|
|t:|1760807072
|move|p2a: Iron Moth|Energy Ball|p1a: Garganacl
|-supereffective|p1a: Garganacl
|-damage|p1a: Garganacl|0 fnt
|faint|p1a: Garganacl
|
|upkeep
|
|t:|1760807077
|switch|p1a: Darkrai|Darkrai|38/100
|turn|14
|
|t:|1760807084
|move|p1a: Darkrai|Dark Pulse|p2a: Iron Moth
|-damage|p2a: Iron Moth|5/100
|move|p2a: Iron Moth|Fiery Dance|p1a: Darkrai
|-damage|p1a: Darkrai|0 fnt
|-boost|p2a: Iron Moth|spa|1
|faint|p1a: Darkrai
|
|upkeep
|
|t:|1760807088
|switch|p1a: Dondozo|Dondozo, M|100/100
|-damage|p1a: Dondozo|88/100|[from] Stealth Rock
|-damage|p1a: Dondozo|75/100|[from] Spikes
|turn|15
|
|t:|1760807107
|-terastallize|p1a: Dondozo|Fire
|move|p2a: Iron Moth|Sludge Wave|p1a: Dondozo
|-damage|p1a: Dondozo|22/100
|move|p1a: Dondozo|Curse|p1a: Dondozo
|-unboost|p1a: Dondozo|spe|1
|-boost|p1a: Dondozo|atk|1
|-boost|p1a: Dondozo|def|1
|
|-heal|p1a: Dondozo|28/100|[from] item: Leftovers
|upkeep
|turn|16
|
|t:|1760807116
|switch|p1a: Gholdengo|Gholdengo|100/100
|-damage|p1a: Gholdengo|94/100|[from] Stealth Rock
|-item|p1a: Gholdengo|Air Balloon
|move|p2a: Iron Moth|Sludge Wave|p1a: Gholdengo
|-immune|p1a: Gholdengo
|
|upkeep
|turn|17
|
|t:|1760807123
|switch|p1a: Dondozo|Dondozo, M, tera:Fire|28/100
|-damage|p1a: Dondozo|3/100|[from] Stealth Rock
|-damage|p1a: Dondozo|0 fnt|[from] Spikes
|faint|p1a: Dondozo
|move|p2a: Iron Moth|Fiery Dance|p1: Dondozo|[notarget]
|-fail|p2a: Iron Moth
|
|upkeep
|
|t:|1760807126
|switch|p1a: Gholdengo|Gholdengo|94/100
|-damage|p1a: Gholdengo|88/100|[from] Stealth Rock
|-item|p1a: Gholdengo|Air Balloon
|turn|18
|
|t:|1760807133
|move|p2a: Iron Moth|Fiery Dance|p1a: Gholdengo
|-supereffective|p1a: Gholdengo
|-crit|p1a: Gholdengo
|-damage|p1a: Gholdengo|0 fnt
|-boost|p2a: Iron Moth|spa|1
|-enditem|p1a: Gholdengo|Air Balloon
|faint|p1a: Gholdengo
|
|win|Joshi86
|c|☆Joshi86|gg
