|j|☆Campyy
|j|☆Big Muf
|t:|1760751988
|gametype|singles
|player|p1|Campyy|266|1316
|player|p2|Big Muf|1|1276
|gen|9
|tier|[Gen 9] OU
|rated|
|rule|HP Percentage Mod: HP is shown in percentages
|rule|Endless Battle Clause: Forcing endless battles is banned
|rule|Species Clause: Limit one of each Pokémon
|rule|OHKO Clause: OHKO moves are banned
|rule|Evasion Items Clause: Evasion items are banned
|rule|Evasion Moves Clause: Evasion moves are banned
|rule|Evasion Abilities Clause: Evasion abilities are banned
|rule|Sleep Moves Clause: Sleep-inducing moves are banned
|clearpoke
|poke|p1|Iron Moth|
|poke|p1|Umbreon, F|
|poke|p1|Garchomp, M|
|poke|p1|Glimmora, F|
|poke|p1|Gholdengo|
|poke|p1|Dragonite, M|
|poke|p2|Iron Crown|
|poke|p2|Dragapult, F|
|poke|p2|Hydreigon, M|
|poke|p2|Corviknight, M|
|poke|p2|Landorus-Therian, M|
|poke|p2|Primarina, F|
|teampreview
|inactive|Battle timer is ON: inactive players will automatically lose when time's up. (requested by Campyy)
|
|t:|1760751998
|teamsize|p1|6
|teamsize|p2|6
|start
|switch|p1a: Glimmora|Glimmora, F|100/100
|switch|p2a: Dragapult|Dragapult, F|100/100
|turn|1
|
|t:|1760752006
|move|p2a: Dragapult|Shadow Ball|p1a: Glimmora
|-damage|p1a: Glimmora|34/100
|-unboost|p1a: Glimmora|spd|1
|move|p1a: Glimmora|Stealth Rock|p2a: Dragapult
|-sidestart|p2: Big Muf|move: Stealth Rock
|
|upkeep
|turn|2
|
|t:|1760752009
|switch|p1a: Umbreon|Umbreon, F|100/100
|move|p2a: Dragapult|Shadow Ball|p1a: Umbreon
|-resisted|p1a: Umbreon
|-damage|p1a: Umbreon|86/100
|
|-heal|p1a: Umbreon|92/100|[from] item: Leftovers
|upkeep
|turn|3
|
|t:|1760752014
|switch|p2a: Hydreigon|Hydreigon, M|100/100
|-damage|p2a: Hydreigon|88/100|[from] Stealth Rock
|move|p1a: Umbreon|Wish|p1a: Umbreon
|
|-heal|p2a: Hydreigon|94/100|[from] item: Leftovers
|-heal|p1a: Umbreon|98/100|[from] item: Leftovers
|upkeep
|turn|4
|
|t:|1760752018
|move|p2a: Hydreigon|Stealth Rock|p1a: Umbreon
|-sidestart|p1: Campyy|move: Stealth Rock
|move|p1a: Umbreon|Toxic|p2a: Hydreigon
|-status|p2a: Hydreigon|tox
|
|-heal|p1a: Umbreon|100/100|[from] move: Wish|[wisher] Umbreon
|-heal|p2a: Hydreigon|100/100 tox|[from] item: Leftovers
|-damage|p2a: Hydreigon|94/100 tox|[from] psn
|upkeep
|turn|5
|
|t:|1760752023
|move|p2a: Hydreigon|Focus Blast|p1a: Umbreon
|-supereffective|p1a: Umbreon
|-damage|p1a: Umbreon|56/100
|move|p1a: Umbreon|Wish|p1a: Umbreon
|
|-heal|p2a: Hydreigon|100/100 tox|[from] item: Leftovers
|-heal|p1a: Umbreon|62/100|[from] item: Leftovers
|-damage|p2a: Hydreigon|88/100 tox|[from] psn
|upkeep
|turn|6
|
|t:|1760752037
|switch|p2a: Dragapult|Dragapult, F|100/100
|-damage|p2a: Dragapult|88/100|[from] Stealth Rock
|move|p1a: Umbreon|Foul Play|p2a: Dragapult
|-supereffective|p2a: Dragapult
|-damage|p2a: Dragapult|1/100
|
|-heal|p1a: Umbreon|100/100|[from] move: Wish|[wisher] Umbreon
|upkeep
|turn|7
|
|t:|1760752042
|move|p2a: Dragapult|Draco Meteor|p1a: Umbreon
|-damage|p1a: Umbreon|59/100
|-unboost|p2a: Dragapult|spa|2
|move|p1a: Umbreon|Wish|p1a: Umbreon
|
|-heal|p1a: Umbreon|65/100|[from] item: Leftovers
|upkeep
|turn|8
|
|t:|1760752054
|switch|p2a: Hydreigon|Hydreigon, M|88/100 tox
|-damage|p2a: Hydreigon|76/100 tox|[from] Stealth Rock
|move|p1a: Umbreon|Foul Play|p2a: Hydreigon
|-resisted|p2a: Hydreigon
|-damage|p2a: Hydreigon|58/100 tox
|
|-heal|p1a: Umbreon|100/100|[from] move: Wish|[wisher] Umbreon
|-heal|p2a: Hydreigon|64/100 tox|[from] item: Leftovers
|-damage|p2a: Hydreigon|58/100 tox|[from] psn
|upkeep
|turn|9
|
|t:|1760752061
|move|p2a: Hydreigon|U-turn|p1a: Umbreon
|-supereffective|p1a: Umbreon
|-damage|p1a: Umbreon|76/100
|
|t:|1760752068
|switch|p2a: Landorus|Landorus-Therian, M|100/100|[from] U-turn
|-damage|p2a: Landorus|88/100|[from] Stealth Rock
|-ability|p2a: Landorus|Intimidate|boost
|-fail|p1a: Umbreon|unboost|Attack|[from] ability: Inner Focus|[of] p1a: Umbreon
|move|p1a: Umbreon|Wish|p1a: Umbreon
|
|-heal|p2a: Landorus|94/100|[from] item: Leftovers
|-heal|p1a: Umbreon|82/100|[from] item: Leftovers
|upkeep
|turn|10
|
|t:|1760752077
|switch|p1a: Glimmora|Glimmora, F|34/100
|-damage|p1a: Glimmora|22/100|[from] Stealth Rock
|move|p2a: Landorus|Taunt|p1a: Glimmora
|-start|p1a: Glimmora|move: Taunt
|
|-heal|p1a: Glimmora|85/100|[from] move: Wish|[wisher] Umbreon
|-heal|p2a: Landorus|99/100|[from] item: Leftovers
|upkeep
|turn|11
|
|t:|1760752098
|switch|p2a: Iron Crown|Iron Crown|100/100
|-damage|p2a: Iron Crown|94/100|[from] Stealth Rock
|move|p1a: Glimmora|Mortal Spin|p2a: Iron Crown
|-immune|p2a: Iron Crown
|
|upkeep
|turn|12
|
|t:|1760752104
|switch|p1a: Gholdengo|Gholdengo|100/100
|-damage|p1a: Gholdengo|94/100|[from] Stealth Rock
|move|p2a: Iron Crown|Future Sight|p1a: Gholdengo
|-start|p2a: Iron Crown|move: Future Sight
|
|upkeep
|turn|13
|
|t:|1760752110
|move|p1a: Gholdengo|Trick|p2a: Iron Crown
|-activate|p1a: Gholdengo|move: Trick|[of] p2a: Iron Crown
|-item|p2a: Iron Crown|Choice Scarf|[from] move: Trick
|-item|p1a: Gholdengo|Assault Vest|[from] move: Trick
|move|p2a: Iron Crown|Volt Switch|p1a: Gholdengo
|-damage|p1a: Gholdengo|75/100
|
|t:|1760752135
|-end|p2a: Iron Crown|Quark Drive|[silent]
|switch|p2a: Primarina|Primarina, F|100/100|[from] Volt Switch
|-damage|p2a: Primarina|88/100|[from] Stealth Rock
|
|-heal|p2a: Primarina|94/100|[from] item: Leftovers
|upkeep
|turn|14
|
|t:|1760752140
|move|p1a: Gholdengo|Make It Rain|p2a: Primarina
|-damage|p2a: Primarina|41/100
|-unboost|p1a: Gholdengo|spa|1
|move|p2a: Primarina|Substitute|p2a: Primarina
|-start|p2a: Primarina|Substitute
|-damage|p2a: Primarina|16/100
|
|-end|p1a: Gholdengo|move: Future Sight
|-resisted|p1a: Gholdengo
|-damage|p1a: Gholdengo|54/100
|-heal|p2a: Primarina|22/100|[from] item: Leftovers
|upkeep
|turn|15
|
|t:|1760752147
|move|p1a: Gholdengo|Make It Rain|p2a: Primarina
|-end|p2a: Primarina|Substitute
|-unboost|p1a: Gholdengo|spa|1
|move|p2a: Primarina|Calm Mind|p2a: Primarina
|-boost|p2a: Primarina|spa|1
|-boost|p2a: Primarina|spd|1
|
|-heal|p2a: Primarina|28/100|[from] item: Leftovers
|upkeep
|turn|16
|
|t:|1760752152
|move|p1a: Gholdengo|Make It Rain|p2a: Primarina
|-damage|p2a: Primarina|9/100
|-unboost|p1a: Gholdengo|spa|1
|move|p2a: Primarina|Draining Kiss|p1a: Gholdengo
|-resisted|p1a: Gholdengo
|-damage|p1a: Gholdengo|36/100
|-heal|p2a: Primarina|21/100|[from] drain|[of] p1a: Gholdengo
|
|-heal|p2a: Primarina|27/100|[from] item: Leftovers
|upkeep
|turn|17
|
|t:|1760752159
|switch|p1a: Umbreon|Umbreon, F|82/100
|-damage|p1a: Umbreon|70/100|[from] Stealth Rock
|move|p2a: Primarina|Draining Kiss|p1a: Umbreon
|-supereffective|p1a: Umbreon
|-damage|p1a: Umbreon|25/100
|-heal|p2a: Primarina|63/100|[from] drain|[of] p1a: Umbreon
|
|-heal|p1a: Umbreon|32/100|[from] item: Leftovers
|-heal|p2a: Primarina|69/100|[from] item: Leftovers
|upkeep
|turn|18
|
|t:|1760752165
|-terastallize|p1a: Umbreon|Water
|-terastallize|p2a: Primarina|Poison
|move|p1a: Umbreon|Wish|p1a: Umbreon
|move|p2a: Primarina|Substitute|p2a: Primarina
|-start|p2a: Primarina|Substitute
|-damage|p2a: Primarina|44/100
|
|-heal|p1a: Umbreon|38/100|[from] item: Leftovers
|-heal|p2a: Primarina|50/100|[from] item: Leftovers
|upkeep
|turn|19
|
|t:|1760752180
|move|p1a: Umbreon|Protect|p1a: Umbreon
|-singleturn|p1a: Umbreon|Protect
|move|p2a: Primarina|Calm Mind|p2a: Primarina
|-boost|p2a: Primarina|spa|1
|-boost|p2a: Primarina|spd|1
|
|-heal|p1a: Umbreon|88/100|[from] move: Wish|[wisher] Umbreon
|-heal|p1a: Umbreon|94/100|[from] item: Leftovers
|-heal|p2a: Primarina|56/100|[from] item: Leftovers
|upkeep
|turn|20
|-message|Campyy forfeited.
|
|win|Big Muf
|raw|Campyy's rating: 1316 &rarr; <strong>1294</strong><br />(-22 for losing)
|raw|Big Muf's rating: 1276 &rarr; <strong>1304</strong><br />(+28 for winning)
|l|☆Campyy
|player|p1|
|l|☆Big Muf
|player|p2|
|j|☆Big Muf
|player|p2|Big Muf|1|
