|j|☆ineverhaxed
|j|☆painneverends0091
|t:|1760738688
|gametype|singles
|player|p1|ineverhaxed|1|1419
|player|p2|painneverends0091|fisherman-gen4|1371
|gen|9
|tier|[Gen 9] OU
|rated|
|rule|HP Percentage Mod: HP is shown in percentages
|rule|Endless Battle Clause: Forcing endless battles is banned
|rule|Species Clause: Limit one of each Pokémon
|rule|OHKO Clause: OHKO moves are banned
|rule|Evasion Items Clause: Evasion items are banned
|rule|Evasion Moves Clause: Evasion moves are banned
|rule|Evasion Abilities Clause: Evasion abilities are banned
|rule|Sleep Moves Clause: Sleep-inducing moves are banned
|clearpoke
|poke|p1|Electrode-Hisui|
|poke|p1|Cloyster, M|
|poke|p1|Blissey, F|
|poke|p1|Darkrai|
|poke|p1|Cinderace, F|
|poke|p1|Lokix, M|
|poke|p2|Regidrago|
|poke|p2|Scizor, F|
|poke|p2|Armarouge, M|
|poke|p2|Weezing-Galar, M|
|poke|p2|Clodsire, M|
|poke|p2|Alomomola, M|
|teampreview
|inactive|Battle timer is ON: inactive players will automatically lose when time's up. (requested by painneverends0091)
|
|t:|1760738707
|teamsize|p1|6
|teamsize|p2|6
|start
|switch|p1a: Blissey|Blissey, F|100/100
|switch|p2a: Weezing|Weezing-Galar, M|100/100
|-ability|p2a: Weezing|Neutralizing Gas
|turn|1
|
|t:|1760738717
|-end|p2a: Weezing|ability: Neutralizing Gas
|switch|p2a: Clodsire|Clodsire, M|100/100
|move|p1a: Blissey|Shadow Ball|p2a: Clodsire
|-damage|p2a: Clodsire|92/100
|
|-heal|p2a: Clodsire|98/100|[from] item: Leftovers
|upkeep
|turn|2
|
|t:|1760738726
|switch|p1a: Darkrai|Darkrai|100/100
|move|p2a: Clodsire|Toxic|p1a: Darkrai
|-status|p1a: Darkrai|tox
|
|-heal|p2a: Clodsire|100/100|[from] item: Leftovers
|-damage|p1a: Darkrai|94/100 tox|[from] psn
|upkeep
|turn|3
|
|t:|1760738731
|switch|p2a: Scizor|Scizor, F|100/100
|move|p1a: Darkrai|Trick|p2a: Scizor
|-activate|p1a: Darkrai|move: Trick|[of] p2a: Scizor
|-item|p2a: Scizor|Choice Scarf|[from] move: Trick
|-item|p1a: Darkrai|Choice Band|[from] move: Trick
|
|-damage|p1a: Darkrai|82/100 tox|[from] psn
|upkeep
|turn|4
|
|t:|1760738740
|move|p1a: Darkrai|Dark Pulse|p2a: Scizor
|-damage|p2a: Scizor|49/100
|move|p2a: Scizor|U-turn|p1a: Darkrai
|-supereffective|p1a: Darkrai
|-damage|p1a: Darkrai|0 fnt
|faint|p1a: Darkrai
|
|t:|1760738751
|switch|p2a: Weezing|Weezing-Galar, M|100/100|[from] U-turn
|-ability|p2a: Weezing|Neutralizing Gas
|
|upkeep
|
|t:|1760738759
|switch|p1a: Electrode|Electrode-Hisui|100/100
|turn|5
|
|t:|1760738764
|-end|p2a: Weezing|ability: Neutralizing Gas
|switch|p2a: Clodsire|Clodsire, M|100/100
|-terastallize|p1a: Electrode|Ice
|move|p1a: Electrode|Tera Blast|p2a: Clodsire|[anim] Tera Blast Ice
|-supereffective|p2a: Clodsire
|-damage|p2a: Clodsire|47/100
|
|-heal|p2a: Clodsire|54/100|[from] item: Leftovers
|upkeep
|turn|6
|
|t:|1760738772
|switch|p2a: Alomomola|Alomomola, M|100/100
|move|p1a: Electrode|Tera Blast|p2a: Alomomola|[anim] Tera Blast Ice
|-resisted|p2a: Alomomola
|-damage|p2a: Alomomola|77/100
|
|upkeep
|turn|7
|
|t:|1760738778
|switch|p1a: Blissey|Blissey, F|100/100
|move|p2a: Alomomola|Flip Turn|p1a: Blissey
|-damage|p1a: Blissey|86/100
|
|t:|1760738783
|switch|p2a: Scizor|Scizor, F|49/100|[from] Flip Turn
|
|-heal|p1a: Blissey|92/100|[from] item: Leftovers
|upkeep
|turn|8
|
|t:|1760738788
|move|p2a: Scizor|Close Combat|p1a: Blissey
|-supereffective|p1a: Blissey
|-damage|p1a: Blissey|7/100
|-unboost|p2a: Scizor|def|1
|-unboost|p2a: Scizor|spd|1
|move|p1a: Blissey|Ice Beam|p2a: Scizor
|-resisted|p2a: Scizor
|-damage|p2a: Scizor|30/100
|
|-heal|p1a: Blissey|13/100|[from] item: Leftovers
|upkeep
|turn|9
|
|t:|1760738792
|move|p2a: Scizor|Close Combat|p1a: Blissey
|-supereffective|p1a: Blissey
|-damage|p1a: Blissey|0 fnt
|-unboost|p2a: Scizor|def|1
|-unboost|p2a: Scizor|spd|1
|faint|p1a: Blissey
|
|upkeep
|
|t:|1760738794
|switch|p1a: Cloyster|Cloyster, M|100/100
|turn|10
|
|t:|1760738797
|move|p2a: Scizor|Close Combat|p1a: Cloyster
|-supereffective|p1a: Cloyster
|-damage|p1a: Cloyster|23/100
|-unboost|p2a: Scizor|def|1
|-unboost|p2a: Scizor|spd|1
|move|p1a: Cloyster|Shell Smash|p1a: Cloyster
|-unboost|p1a: Cloyster|def|1
|-unboost|p1a: Cloyster|spd|1
|-boost|p1a: Cloyster|atk|2
|-boost|p1a: Cloyster|spa|2
|-boost|p1a: Cloyster|spe|2
|
|upkeep
|turn|11
|
|t:|1760738823
|move|p1a: Cloyster|Shell Smash|p1a: Cloyster
|-unboost|p1a: Cloyster|def|1
|-unboost|p1a: Cloyster|spd|1
|-boost|p1a: Cloyster|atk|2
|-boost|p1a: Cloyster|spa|2
|-boost|p1a: Cloyster|spe|2
|move|p2a: Scizor|Close Combat|p1a: Cloyster
|-supereffective|p1a: Cloyster
|-damage|p1a: Cloyster|0 fnt
|-unboost|p2a: Scizor|def|1
|-unboost|p2a: Scizor|spd|1
|faint|p1a: Cloyster
|
|upkeep
|-message|ineverhaxed forfeited.
|
|win|painneverends0091
|raw|ineverhaxed's rating: 1419 &rarr; <strong>1396</strong><br />(-23 for losing)
|raw|painneverends0091's rating: 1371 &rarr; <strong>1394</strong><br />(+23 for winning)
|l|☆ineverhaxed
|player|p1|
|l|☆painneverends0091
|player|p2|
