|j|☆p0lntless
|j|☆55555X
|t:|1760789724
|gametype|singles
|player|p1|p0lntless|169|1156
|player|p2|55555X|pokemaniac|1142
|gen|9
|tier|[Gen 9] OU
|rated|
|rule|HP Percentage Mod: HP is shown in percentages
|rule|Endless Battle Clause: Forcing endless battles is banned
|rule|Species Clause: Limit one of each Pokémon
|rule|OHKO Clause: OHKO moves are banned
|rule|Evasion Items Clause: Evasion items are banned
|rule|Evasion Moves Clause: Evasion moves are banned
|rule|Evasion Abilities Clause: Evasion abilities are banned
|rule|Sleep Moves Clause: Sleep-inducing moves are banned
|clearpoke
|poke|p1|Scizor, F|
|poke|p1|Mandibuzz, F|
|poke|p1|Goodra-Hisui, F|
|poke|p1|Regidrago|
|poke|p1|Arcanine-Hisui, F|
|poke|p1|Scrafty, F|
|poke|p2|Regice|
|poke|p2|Cinderace, M|
|poke|p2|Rhyperior, M|
|poke|p2|Avalugg-Hisui, M|
|poke|p2|Electrode-Hisui|
|poke|p2|Grafaiai, M|
|teampreview
|inactive|Battle timer is ON: inactive players will automatically lose when time's up. (requested by p0lntless)
|c|☆55555X|Glhf
|
|t:|1760789741
|teamsize|p1|6
|teamsize|p2|6
|start
|switch|p1a: Scizor|Scizor, F|100/100
|switch|p2a: Pokeball|Electrode-Hisui|100/100
|turn|1
|
|t:|1760789753
|switch|p1a: Goodra|Goodra-Hisui, F|100/100
|move|p2a: Pokeball|Volt Switch|p1a: Goodra
|-resisted|p1a: Goodra
|-damage|p1a: Goodra|92/100
|
|t:|1760789757
|switch|p2a: Special Scary|Rhyperior, M|100/100|[from] Volt Switch
|
|upkeep
|turn|2
|
|t:|1760789764
|switch|p1a: Mandibuzz|Mandibuzz, F|100/100
|move|p2a: Special Scary|Body Press|p1a: Mandibuzz
|-damage|p1a: Mandibuzz|84/100
|
|upkeep
|turn|3
|
|t:|1760789777
|switch|p2a: Mountain|Avalugg-Hisui, M|100/100
|move|p1a: Mandibuzz|U-turn|p2a: Mountain
|-damage|p2a: Mountain|94/100
|
|t:|1760789782
|switch|p1a: Scizor|Scizor, F|100/100|[from] U-turn
|
|upkeep
|turn|4
|
|t:|1760789791
|switch|p2a: No Hazards|Cinderace, M|100/100
|move|p1a: Scizor|Swords Dance|p1a: Scizor
|-boost|p1a: Scizor|atk|2
|
|upkeep
|turn|5
|
|t:|1760789802
|switch|p1a: Scrafty|Scrafty, F|100/100
|-ability|p1a: Scrafty|Intimidate|boost
|-unboost|p2a: No Hazards|atk|1
|move|p2a: No Hazards|Pyro Ball|p1a: Scrafty
|-damage|p1a: Scrafty|60/100
|-status|p1a: Scrafty|brn
|
|-damage|p1a: Scrafty|54/100 brn|[from] brn
|upkeep
|turn|6
|
|t:|1760789810
|switch|p2a: Mountain|Avalugg-Hisui, M|94/100
|move|p1a: Scrafty|Fake Out|p2a: Mountain
|-resisted|p2a: Mountain
|-damage|p2a: Mountain|93/100
|
|-damage|p1a: Scrafty|48/100 brn|[from] brn
|upkeep
|turn|7
|
|t:|1760789817
|move|p1a: Scrafty|Drain Punch|p2a: Mountain
|-supereffective|p2a: Mountain
|-damage|p2a: Mountain|59/100
|-heal|p1a: Scrafty|68/100 brn|[from] drain|[of] p2a: Mountain
|move|p2a: Mountain|Stone Edge|p1a: Scrafty
|-resisted|p1a: Scrafty
|-damage|p1a: Scrafty|42/100 brn
|
|-damage|p1a: Scrafty|36/100 brn|[from] brn
|upkeep
|turn|8
|
|t:|1760789822
|move|p1a: Scrafty|Drain Punch|p2a: Mountain
|-supereffective|p2a: Mountain
|-damage|p2a: Mountain|25/100
|-heal|p1a: Scrafty|56/100 brn|[from] drain|[of] p2a: Mountain
|move|p2a: Mountain|Gyro Ball|p1a: Scrafty
|-damage|p1a: Scrafty|37/100 brn
|
|-damage|p1a: Scrafty|31/100 brn|[from] brn
|upkeep
|turn|9
|-enditem|p2a: Mountain|Custap Berry|[eat]
|-activate|p2a: Mountain|item: Custap Berry|[consumed]
|
|t:|1760789830
|move|p2a: Mountain|Ice Spinner|p1a: Scrafty
|-damage|p1a: Scrafty|0 fnt
|faint|p1a: Scrafty
|
|upkeep
|
|t:|1760789835
|switch|p1a: Scizor|Scizor, F|100/100
|turn|10
|
|t:|1760789841
|move|p1a: Scizor|Bullet Punch|p2a: Mountain
|-supereffective|p2a: Mountain
|-damage|p2a: Mountain|0 fnt
|faint|p2a: Mountain
|
|upkeep
|
|t:|1760789846
|switch|p2a: No Hazards|Cinderace, M|100/100
|turn|11
|
|t:|1760789852
|switch|p1a: Mandibuzz|Mandibuzz, F|84/100
|move|p2a: No Hazards|Pyro Ball|p1a: Mandibuzz
|-damage|p1a: Mandibuzz|46/100
|
|upkeep
|turn|12
|
|t:|1760789860
|move|p2a: No Hazards|Pyro Ball|p1a: Mandibuzz
|-damage|p1a: Mandibuzz|10/100
|move|p1a: Mandibuzz|Foul Play|p2a: No Hazards
|-damage|p2a: No Hazards|26/100
|
|upkeep
|turn|13
|
|t:|1760789868
|move|p2a: No Hazards|Pyro Ball|p1a: Mandibuzz|[miss]
|-miss|p2a: No Hazards|p1a: Mandibuzz
|move|p1a: Mandibuzz|Roost|p1a: Mandibuzz
|-heal|p1a: Mandibuzz|60/100
|-singleturn|p1a: Mandibuzz|move: Roost
|
|upkeep
|turn|14
|
|t:|1760789875
|switch|p2a: Weakness?|Regice|100/100
|move|p1a: Mandibuzz|Foul Play|p2a: Weakness?
|-damage|p2a: Weakness?|89/100
|
|upkeep
|turn|15
|
|t:|1760789883
|switch|p1a: Goodra|Goodra-Hisui, F|92/100
|move|p2a: Weakness?|Ice Beam|p1a: Goodra
|-damage|p1a: Goodra|78/100
|
|upkeep
|turn|16
|c|☆55555X|That miss
|
|t:|1760789897
|move|p2a: Weakness?|Ice Beam|p1a: Goodra
|-damage|p1a: Goodra|65/100
|move|p1a: Goodra|Gyro Ball|p2a: Weakness?
|-supereffective|p2a: Weakness?
|-damage|p2a: Weakness?|67/100
|
|upkeep
|turn|17
|
|t:|1760789902
|switch|p2a: No Hazards|Cinderace, M|26/100
|move|p1a: Goodra|Dragon Tail|p2a: No Hazards|[miss]
|-miss|p1a: Goodra|p2a: No Hazards
|
|upkeep
|turn|18
|
|t:|1760789909
|-terastallize|p1a: Goodra|Water
|move|p2a: No Hazards|High Jump Kick|p1a: Goodra
|-start|p2a: No Hazards|typechange|Fighting|[from] ability: Libero
|-damage|p1a: Goodra|0 fnt
|faint|p1a: Goodra
|
|upkeep
|
|t:|1760789917
|switch|p1a: Mandibuzz|Mandibuzz, F|60/100
|turn|19
|
|t:|1760789921
|switch|p2a: Weakness?|Regice|67/100
|move|p1a: Mandibuzz|Foul Play|p2a: Weakness?
|-damage|p2a: Weakness?|54/100
|
|upkeep
|turn|20
|
|t:|1760789928
|switch|p1a: Scizor|Scizor, F|100/100
|move|p2a: Weakness?|Ice Beam|p1a: Scizor
|-resisted|p1a: Scizor
|-damage|p1a: Scizor|81/100
|
|upkeep
|turn|21
|
|t:|1760789935
|switch|p2a: Pokeball|Electrode-Hisui|100/100
|move|p1a: Scizor|Swords Dance|p1a: Scizor
|-boost|p1a: Scizor|atk|2
|
|upkeep
|turn|22
|
|t:|1760789941
|move|p2a: Pokeball|Volt Switch|p1a: Scizor
|-damage|p1a: Scizor|32/100
|
|t:|1760789951
|switch|p2a: Special Scary|Rhyperior, M|100/100|[from] Volt Switch
|move|p1a: Scizor|Knock Off|p2a: Special Scary
|-damage|p2a: Special Scary|68/100
|-enditem|p2a: Special Scary|Focus Sash|[from] move: Knock Off|[of] p1a: Scizor
|
|upkeep
|turn|23
|
|t:|1760789961
|move|p1a: Scizor|Bullet Punch|p2a: Special Scary
|-supereffective|p2a: Special Scary
|-damage|p2a: Special Scary|19/100
|move|p2a: Special Scary|Body Press|p1a: Scizor
|-damage|p1a: Scizor|0 fnt
|faint|p1a: Scizor
|
|upkeep
|
|t:|1760789969
|switch|p1a: Arcanine|Arcanine-Hisui, F|100/100
|turn|24
|
|t:|1760789974
|move|p1a: Arcanine|Close Combat|p2a: Special Scary
|-supereffective|p2a: Special Scary
|-damage|p2a: Special Scary|0 fnt
|-unboost|p1a: Arcanine|def|1
|-unboost|p1a: Arcanine|spd|1
|faint|p2a: Special Scary
|
|upkeep
|
|t:|1760789977
|switch|p2a: Ditto?|Grafaiai, M|100/100
|turn|25
|
|t:|1760789985
|-terastallize|p2a: Ditto?|Stellar
|move|p2a: Ditto?|Copycat|p2a: Ditto?
|move|p2a: Ditto?|Close Combat|p1a: Arcanine|[from] move: Copycat
|-supereffective|p1a: Arcanine
|-damage|p1a: Arcanine|0 fnt
|-unboost|p2a: Ditto?|def|1
|-unboost|p2a: Ditto?|spd|1
|faint|p1a: Arcanine
|
|upkeep
|
|t:|1760789998
|switch|p1a: Mandibuzz|Mandibuzz, F|60/100
|turn|26
|
|t:|1760790006
|switch|p2a: Weakness?|Regice|54/100
|move|p1a: Mandibuzz|Roost|p1a: Mandibuzz
|-heal|p1a: Mandibuzz|100/100
|-singleturn|p1a: Mandibuzz|move: Roost
|
|upkeep
|turn|27
|c|☆p0lntless|Ok that was cool
|
|t:|1760790018
|move|p1a: Mandibuzz|U-turn|p2a: Weakness?
|-damage|p2a: Weakness?|42/100
|
|t:|1760790022
|switch|p1a: Regidrago|Regidrago|100/100|[from] U-turn
|move|p2a: Weakness?|Ice Beam|p1a: Regidrago
|-supereffective|p1a: Regidrago
|-damage|p1a: Regidrago|30/100
|-status|p1a: Regidrago|frz
|
|upkeep
|turn|28
|c|☆55555X|Gg
|
|t:|1760790030
|-curestatus|p1a: Regidrago|frz|[msg]
|move|p1a: Regidrago|Draco Meteor|p2a: Weakness?
|-damage|p2a: Weakness?|20/100
|-unboost|p1a: Regidrago|spa|2
|move|p2a: Weakness?|Ice Beam|p1a: Regidrago
|-supereffective|p1a: Regidrago
|-damage|p1a: Regidrago|0 fnt
|faint|p1a: Regidrago
|
|upkeep
|-message|p0lntless forfeited.
|
|win|55555X
|raw|p0lntless's rating: 1156 &rarr; <strong>1130</strong><br />(-26 for losing)
|raw|55555X's rating: 1142 &rarr; <strong>1168</strong><br />(+26 for winning)
|l|☆p0lntless
|player|p1|
|c|☆55555X|Thanks for acknowledging my copycat
|l|☆55555X
|player|p2|
