|j|☆joaoplemos66
|j|☆Churrini
|t:|1760885029
|gametype|singles
|player|p1|joaoplemos66|bruno|1231
|player|p2|Churrini|brawly|1184
|gen|9
|tier|[Gen 9] OU
|rated|
|rule|HP Percentage Mod: HP is shown in percentages
|rule|Endless Battle Clause: Forcing endless battles is banned
|rule|Species Clause: Limit one of each Pokémon
|rule|OHKO Clause: OHKO moves are banned
|rule|Evasion Items Clause: Evasion items are banned
|rule|Evasion Moves Clause: Evasion moves are banned
|rule|Evasion Abilities Clause: Evasion abilities are banned
|rule|Sleep Moves Clause: Sleep-inducing moves are banned
|clearpoke
|poke|p1|Ting-Lu|
|poke|p1|Iron Hands|
|poke|p1|Dragapult, M|
|poke|p1|Kingambit, M|
|poke|p1|Cinderace, F|
|poke|p1|Iron Valiant|
|poke|p2|Carbink|
|poke|p2|Ursaluna, M|
|poke|p2|Deoxys-Defense|
|poke|p2|Crawdaunt, M|
|poke|p2|Hatterene, F|
|poke|p2|Breloom, M|
|teampreview
|inactive|Battle timer is ON: inactive players will automatically lose when time's up. (requested by Churrini)
|
|t:|1760885038
|teamsize|p1|6
|teamsize|p2|6
|start
|switch|p1a: Ting-Lu|Ting-Lu, shiny|100/100
|switch|p2a: Kazuya|Carbink, shiny|100/100
|-ability|p1a: Ting-Lu|Vessel of Ruin
|turn|1
|
|t:|1760885055
|move|p1a: Ting-Lu|Spikes|p2a: Kazuya
|-sidestart|p2: Churrini|Spikes
|move|p2a: Kazuya|Trick Room|p2a: Kazuya
|-fieldstart|move: Trick Room|[of] p2a: Kazuya
|
|upkeep
|turn|2
|
|t:|1760885063
|switch|p2a: Ursaluna|Ursaluna, M|100/100
|-damage|p2a: Ursaluna|88/100|[from] Spikes
|move|p1a: Ting-Lu|Ruination|p2a: Ursaluna
|-damage|p2a: Ursaluna|44/100
|
|-status|p2a: Ursaluna|brn|[from] item: Flame Orb
|upkeep
|turn|3
|
|t:|1760885075
|switch|p1a: Iron Hands|Iron Hands|100/100
|move|p2a: Ursaluna|Earthquake|p1a: Iron Hands
|-supereffective|p1a: Iron Hands
|-damage|p1a: Iron Hands|0 fnt
|faint|p1a: Iron Hands
|-end|p1a: Iron Hands|Quark Drive|[silent]
|
|-damage|p2a: Ursaluna|38/100 brn|[from] brn
|upkeep
|
|t:|1760885087
|switch|p1a: Dragapult|Dragapult, M, shiny|100/100
|turn|4
|
|t:|1760885097
|move|p2a: Ursaluna|Earthquake|p1a: Dragapult
|-damage|p1a: Dragapult|0 fnt
|faint|p1a: Dragapult
|
|-damage|p2a: Ursaluna|32/100 brn|[from] brn
|upkeep
|
|t:|1760885105
|switch|p1a: Ting-Lu|Ting-Lu, shiny|100/100
|-ability|p1a: Ting-Lu|Vessel of Ruin
|turn|5
|
|t:|1760885114
|move|p2a: Ursaluna|Close Combat|p1a: Ting-Lu
|-supereffective|p1a: Ting-Lu
|-damage|p1a: Ting-Lu|20/100
|-unboost|p2a: Ursaluna|def|1
|-unboost|p2a: Ursaluna|spd|1
|move|p1a: Ting-Lu|Earthquake|p2a: Ursaluna
|-damage|p2a: Ursaluna|0 fnt
|faint|p2a: Ursaluna
|
|-heal|p1a: Ting-Lu|26/100|[from] item: Leftovers
|-fieldend|move: Trick Room
|upkeep
|
|t:|1760885127
|switch|p2a: Pablo Motos|Breloom, M|100/100
|-damage|p2a: Pablo Motos|88/100|[from] Spikes
|turn|6
|
|t:|1760885136
|move|p2a: Pablo Motos|Swords Dance|p2a: Pablo Motos
|-boost|p2a: Pablo Motos|atk|2
|move|p1a: Ting-Lu|Whirlwind|p2a: Pablo Motos
|drag|p2a: Hatterene|Hatterene, F|100/100
|-damage|p2a: Hatterene|88/100|[from] Spikes
|
|-heal|p1a: Ting-Lu|32/100|[from] item: Leftovers
|-heal|p2a: Hatterene|94/100|[from] item: Leftovers
|upkeep
|turn|7
|
|t:|1760885145
|move|p1a: Ting-Lu|Ruination|p2a: Hatterene
|-damage|p2a: Hatterene|47/100
|move|p2a: Hatterene|Draining Kiss|p1a: Ting-Lu
|-supereffective|p1a: Ting-Lu
|-damage|p1a: Ting-Lu|12/100
|-heal|p2a: Hatterene|72/100|[from] drain|[of] p1a: Ting-Lu
|
|-heal|p1a: Ting-Lu|18/100|[from] item: Leftovers
|-heal|p2a: Hatterene|78/100|[from] item: Leftovers
|upkeep
|turn|8
|
|t:|1760885154
|move|p1a: Ting-Lu|Earthquake|p2a: Hatterene
|-damage|p2a: Hatterene|42/100
|move|p2a: Hatterene|Trick Room|p2a: Hatterene
|-fieldstart|move: Trick Room|[of] p2a: Hatterene
|
|-heal|p2a: Hatterene|48/100|[from] item: Leftovers
|-heal|p1a: Ting-Lu|25/100|[from] item: Leftovers
|upkeep
|turn|9
|
|t:|1760885164
|move|p2a: Hatterene|Calm Mind|p2a: Hatterene
|-boost|p2a: Hatterene|spa|1
|-boost|p2a: Hatterene|spd|1
|move|p1a: Ting-Lu|Earthquake|p2a: Hatterene
|-damage|p2a: Hatterene|13/100
|
|-heal|p2a: Hatterene|19/100|[from] item: Leftovers
|-heal|p1a: Ting-Lu|31/100|[from] item: Leftovers
|upkeep
|turn|10
|
|t:|1760885173
|move|p2a: Hatterene|Draining Kiss|p1a: Ting-Lu
|-supereffective|p1a: Ting-Lu
|-damage|p1a: Ting-Lu|0 fnt
|-heal|p2a: Hatterene|56/100|[from] drain|[of] p1a: Ting-Lu
|faint|p1a: Ting-Lu
|
|-heal|p2a: Hatterene|62/100|[from] item: Leftovers
|upkeep
|
|t:|1760885182
|switch|p1a: Iron Valiant|Iron Valiant, shiny|100/100
|-enditem|p1a: Iron Valiant|Booster Energy
|-activate|p1a: Iron Valiant|ability: Quark Drive|[fromitem]
|-start|p1a: Iron Valiant|quarkdrivespe
|turn|11
|
|t:|1760885192
|move|p2a: Hatterene|Calm Mind|p2a: Hatterene
|-boost|p2a: Hatterene|spa|1
|-boost|p2a: Hatterene|spd|1
|move|p1a: Iron Valiant|Knock Off|p2a: Hatterene
|-damage|p2a: Hatterene|34/100
|-enditem|p2a: Hatterene|Leftovers|[from] move: Knock Off|[of] p1a: Iron Valiant
|
|upkeep
|turn|12
|
|t:|1760885203
|move|p2a: Hatterene|Draining Kiss|p1a: Iron Valiant
|-supereffective|p1a: Iron Valiant
|-damage|p1a: Iron Valiant|0 fnt
|-heal|p2a: Hatterene|100/100|[from] drain|[of] p1a: Iron Valiant
|faint|p1a: Iron Valiant
|-end|p1a: Iron Valiant|Quark Drive|[silent]
|
|-fieldend|move: Trick Room
|upkeep
|
|t:|1760885210
|switch|p1a: Cinderace|Cinderace, F, shiny|100/100
|turn|13
|
|t:|1760885219
|-terastallize|p2a: Hatterene|Psychic
|move|p1a: Cinderace|Pyro Ball|p2a: Hatterene
|-damage|p2a: Hatterene|50/100
|-status|p2a: Hatterene|brn
|move|p2a: Hatterene|Trick Room|p2a: Hatterene
|-fieldstart|move: Trick Room|[of] p2a: Hatterene
|
|-damage|p2a: Hatterene|44/100 brn|[from] brn
|upkeep
|turn|14
|
|t:|1760885226
|move|p2a: Hatterene|Psyshock|p1a: Cinderace
|-damage|p1a: Cinderace|0 fnt
|faint|p1a: Cinderace
|
|-damage|p2a: Hatterene|38/100 brn|[from] brn
|upkeep
|
|t:|1760885232
|switch|p1a: Kingambit|Kingambit, M|100/100
|-activate|p1a: Kingambit|ability: Supreme Overlord
|-start|p1a: Kingambit|fallen5|[silent]
|turn|15
|
|t:|1760885238
|move|p2a: Hatterene|Draining Kiss|p1a: Kingambit
|-damage|p1a: Kingambit|54/100
|-heal|p2a: Hatterene|82/100 brn|[from] drain|[of] p1a: Kingambit
|move|p1a: Kingambit|Swords Dance|p1a: Kingambit
|-boost|p1a: Kingambit|atk|2
|
|-damage|p2a: Hatterene|76/100 brn|[from] brn
|upkeep
|turn|16
|
|t:|1760885249
|move|p1a: Kingambit|Sucker Punch|p2a: Hatterene
|-supereffective|p2a: Hatterene
|-damage|p2a: Hatterene|0 fnt
|faint|p2a: Hatterene
|
|upkeep
|
|t:|1760885252
|switch|p2a: Pablo Motos|Breloom, M|88/100
|-damage|p2a: Pablo Motos|76/100|[from] Spikes
|turn|17
|c|☆Churrini|gg
|
|t:|1760885263
|-terastallize|p1a: Kingambit|Flying
|move|p2a: Pablo Motos|Mach Punch|p1a: Kingambit
|-resisted|p1a: Kingambit
|-crit|p1a: Kingambit
|-damage|p1a: Kingambit|29/100
|-damage|p2a: Pablo Motos|66/100|[from] item: Life Orb
|move|p1a: Kingambit|Kowtow Cleave|p2a: Pablo Motos
|-resisted|p2a: Pablo Motos
|-damage|p2a: Pablo Motos|0 fnt
|faint|p2a: Pablo Motos
|
|-fieldend|move: Trick Room
|upkeep
|
|t:|1760885270
|switch|p2a: Kazuya|Carbink, shiny|100/100
|-damage|p2a: Kazuya|88/100|[from] Spikes
|turn|18
|
|t:|1760885277
|move|p1a: Kingambit|Iron Head|p2a: Kazuya
|-supereffective|p2a: Kazuya
|-damage|p2a: Kazuya|0 fnt
|faint|p2a: Kazuya
|
|upkeep
|
|t:|1760885282
|switch|p2a: Crawdaunt|Crawdaunt, M, shiny|100/100
|-damage|p2a: Crawdaunt|88/100|[from] Spikes
|turn|19
|
|t:|1760885287
|move|p1a: Kingambit|Sucker Punch|p2a: Crawdaunt
|-resisted|p2a: Crawdaunt
|-damage|p2a: Crawdaunt|3/100
|move|p2a: Crawdaunt|Aqua Jet|p1a: Kingambit
|-damage|p1a: Kingambit|0 fnt
|faint|p1a: Kingambit
|-end|p1a: Kingambit|fallen5|[silent]
|-damage|p2a: Crawdaunt|0 fnt|[from] item: Life Orb
|faint|p2a: Crawdaunt
|
|win|Churrini
|raw|joaoplemos66's rating: 1231 &rarr; <strong>1203</strong><br />(-28 for losing)
|raw|Churrini's rating: 1184 &rarr; <strong>1212</strong><br />(+28 for winning)
|l|☆joaoplemos66
|player|p1|
