|j|☆testingcharizandra
|j|☆Vash_GX
|t:|1760752717
|gametype|singles
|player|p1|testingcharizandra|cynthia|1000
|player|p2|Vash_GX|gambler|1051
|gen|9
|tier|[Gen 9] OU
|rated|
|rule|HP Percentage Mod: HP is shown in percentages
|rule|Endless Battle Clause: Forcing endless battles is banned
|rule|Species Clause: Limit one of each Pokémon
|rule|OHKO Clause: OHKO moves are banned
|rule|Evasion Items Clause: Evasion items are banned
|rule|Evasion Moves Clause: Evasion moves are banned
|rule|Evasion Abilities Clause: Evasion abilities are banned
|rule|Sleep Moves Clause: Sleep-inducing moves are banned
|clearpoke
|poke|p1|Gengar, F|
|poke|p1|Clefable, F|
|poke|p1|Rotom-Wash|
|poke|p1|Reuniclus, M|
|poke|p1|Excadrill, M|
|poke|p1|Whimsicott, M|
|poke|p2|Great Tusk|
|poke|p2|Garganacl, F|
|poke|p2|Glimmora, F|
|poke|p2|Skarmory, F|
|poke|p2|Gliscor, F|
|poke|p2|Ting-Lu|
|teampreview
|
|t:|1760752728
|teamsize|p1|6
|teamsize|p2|6
|start
|switch|p1a: Gengar|Gengar, F|100/100
|switch|p2a: Gliscor|Gliscor, F|100/100
|turn|1
|
|t:|1760752736
|move|p2a: Gliscor|Protect|p2a: Gliscor
|-singleturn|p2a: Gliscor|Protect
|move|p1a: Gengar|Trick|p2a: Gliscor
|-activate|p2a: Gliscor|move: Protect
|
|-status|p2a: Gliscor|tox|[from] item: Toxic Orb
|upkeep
|turn|2
|l|☆testingcharizandra
|player|p1|
|j|☆testingcharizandra
|player|p1|testingcharizandra|cynthia|
|
|t:|1760752754
|move|p1a: Gengar|Trick|p2a: Gliscor
|-activate|p1a: Gengar|move: Trick|[of] p2a: Gliscor
|-item|p2a: Gliscor|Choice Scarf|[from] move: Trick
|-item|p1a: Gengar|Toxic Orb|[from] move: Trick
|move|p2a: Gliscor|Knock Off|p1a: Gengar
|-supereffective|p1a: Gengar
|-damage|p1a: Gengar|18/100
|-start|p2a: Gliscor|Disable|Knock Off|[from] ability: Cursed Body|[of] p1a: Gengar
|-enditem|p1a: Gengar|Toxic Orb|[from] move: Knock Off|[of] p2a: Gliscor
|
|upkeep
|turn|3
|
|t:|1760752777
|switch|p2a: Glimmora|Glimmora, F|100/100
|move|p1a: Gengar|Shadow Ball|p2a: Glimmora
|-damage|p2a: Glimmora|43/100
|
|upkeep
|turn|4
|
|t:|1760752788
|move|p1a: Gengar|Shadow Ball|p2a: Glimmora
|-damage|p2a: Glimmora|0 fnt
|faint|p2a: Glimmora
|
|upkeep
|
|t:|1760752798
|switch|p2a: Garganacl|Garganacl, F|100/100
|turn|5
|
|t:|1760752807
|move|p1a: Gengar|Trick|p2a: Garganacl
|-activate|p1a: Gengar|move: Trick|[of] p2a: Garganacl
|-enditem|p2a: Garganacl|Leftovers|[silent]|[from] move: Trick
|-item|p1a: Gengar|Leftovers|[from] move: Trick
|move|p2a: Garganacl|Salt Cure|p1a: Gengar
|-damage|p1a: Gengar|0 fnt
|faint|p1a: Gengar
|
|upkeep
|
|t:|1760752812
|switch|p1a: Clefable|Clefable, F|100/100
|turn|6
|
|t:|1760752817
|move|p1a: Clefable|Calm Mind|p1a: Clefable
|-boost|p1a: Clefable|spa|1
|-boost|p1a: Clefable|spd|1
|move|p2a: Garganacl|Stealth Rock|p1a: Clefable
|-sidestart|p1: testingcharizandra|move: Stealth Rock
|
|-status|p1a: Clefable|brn|[from] item: Flame Orb
|upkeep
|turn|7
|
|t:|1760752828
|move|p1a: Clefable|Calm Mind|p1a: Clefable
|-boost|p1a: Clefable|spa|1
|-boost|p1a: Clefable|spd|1
|move|p2a: Garganacl|Salt Cure|p1a: Clefable
|-damage|p1a: Clefable|90/100 brn
|-start|p1a: Clefable|Salt Cure
|
|upkeep
|turn|8
|
|t:|1760752855
|move|p1a: Clefable|Calm Mind|p1a: Clefable
|-boost|p1a: Clefable|spa|1
|-boost|p1a: Clefable|spd|1
|move|p2a: Garganacl|Salt Cure|p1a: Clefable
|-damage|p1a: Clefable|79/100 brn
|
|upkeep
|turn|9
|
|t:|1760752876
|switch|p2a: Skarmory|Skarmory, F|100/100
|move|p1a: Clefable|Calm Mind|p1a: Clefable
|-boost|p1a: Clefable|spa|1
|-boost|p1a: Clefable|spd|1
|
|upkeep
|turn|10
|
|t:|1760752888
|move|p1a: Clefable|Trick|p2a: Skarmory
|-activate|p1a: Clefable|move: Trick|[of] p2a: Skarmory
|-item|p2a: Skarmory|Flame Orb|[from] move: Trick
|-item|p1a: Clefable|Rocky Helmet|[from] move: Trick
|move|p2a: Skarmory|Whirlwind|p1a: Clefable
|drag|p1a: Whimsicott|Whimsicott, M|100/100
|-damage|p1a: Whimsicott|88/100|[from] Stealth Rock
|
|-status|p2a: Skarmory|brn|[from] item: Flame Orb
|upkeep
|turn|11
|
|t:|1760752901
|move|p1a: Whimsicott|Leech Seed|p2a: Skarmory
|-start|p2a: Skarmory|move: Leech Seed
|move|p2a: Skarmory|Spikes|p1a: Whimsicott
|-sidestart|p1: testingcharizandra|Spikes
|
|-damage|p2a: Skarmory|88/100 brn|[from] Leech Seed|[of] p1a: Whimsicott
|-heal|p1a: Whimsicott|100/100|[silent]
|-damage|p2a: Skarmory|82/100 brn|[from] brn
|upkeep
|turn|12
|
|t:|1760752911
|move|p1a: Whimsicott|Substitute|p1a: Whimsicott
|-start|p1a: Whimsicott|Substitute
|-damage|p1a: Whimsicott|76/100
|move|p2a: Skarmory|Spikes|p1a: Whimsicott
|-sidestart|p1: testingcharizandra|Spikes
|
|-damage|p2a: Skarmory|70/100 brn|[from] Leech Seed|[of] p1a: Whimsicott
|-heal|p1a: Whimsicott|88/100|[silent]
|-damage|p2a: Skarmory|64/100 brn|[from] brn
|upkeep
|turn|13
|
|t:|1760752921
|move|p2a: Skarmory|Spikes|p1a: Whimsicott
|-sidestart|p1: testingcharizandra|Spikes
|move|p1a: Whimsicott|Giga Drain|p2a: Skarmory
|-resisted|p2a: Skarmory
|-damage|p2a: Skarmory|56/100 brn
|-heal|p1a: Whimsicott|92/100|[from] drain|[of] p2a: Skarmory
|
|-damage|p2a: Skarmory|44/100 brn|[from] Leech Seed|[of] p1a: Whimsicott
|-heal|p1a: Whimsicott|100/100|[silent]
|-damage|p2a: Skarmory|38/100 brn|[from] brn
|upkeep
|turn|14
|
|t:|1760752934
|move|p2a: Skarmory|Roost|p2a: Skarmory
|-heal|p2a: Skarmory|88/100 brn
|-singleturn|p2a: Skarmory|move: Roost
|move|p1a: Whimsicott|Giga Drain|p2a: Skarmory
|-resisted|p2a: Skarmory
|-damage|p2a: Skarmory|75/100 brn
|
|-damage|p2a: Skarmory|62/100 brn|[from] Leech Seed|[of] p1a: Whimsicott
|-damage|p2a: Skarmory|56/100 brn|[from] brn
|upkeep
|turn|15
|
|t:|1760752946
|move|p2a: Skarmory|Brave Bird|p1a: Whimsicott
|-supereffective|p1a: Whimsicott
|-end|p1a: Whimsicott|Substitute
|-damage|p2a: Skarmory|49/100 brn|[from] Recoil|[of] p1a: Whimsicott
|move|p1a: Whimsicott|Giga Drain|p2a: Skarmory
|-resisted|p2a: Skarmory
|-damage|p2a: Skarmory|41/100 brn
|
|-damage|p2a: Skarmory|29/100 brn|[from] Leech Seed|[of] p1a: Whimsicott
|-damage|p2a: Skarmory|23/100 brn|[from] brn
|upkeep
|turn|16
|
|t:|1760752958
|move|p1a: Whimsicott|Substitute|p1a: Whimsicott
|-start|p1a: Whimsicott|Substitute
|-damage|p1a: Whimsicott|76/100
|move|p2a: Skarmory|Brave Bird|p1a: Whimsicott
|-supereffective|p1a: Whimsicott
|-activate|p1a: Whimsicott|move: Substitute|[damage]
|-damage|p2a: Skarmory|15/100 brn|[from] Recoil|[of] p1a: Whimsicott
|
|-damage|p2a: Skarmory|3/100 brn|[from] Leech Seed|[of] p1a: Whimsicott
|-heal|p1a: Whimsicott|88/100|[silent]
|-damage|p2a: Skarmory|0 fnt|[from] brn
|faint|p2a: Skarmory
|upkeep
|
|t:|1760752973
|switch|p2a: Great Tusk|Great Tusk|100/100
|turn|17
|
|t:|1760752998
|move|p1a: Whimsicott|Switcheroo|p2a: Great Tusk
|-activate|p1a: Whimsicott|move: Trick|[of] p2a: Great Tusk
|-item|p2a: Great Tusk|Lagging Tail|[from] move: Switcheroo
|-item|p1a: Whimsicott|Rocky Helmet|[from] move: Switcheroo
|move|p2a: Great Tusk|Rapid Spin|p1a: Whimsicott
|-end|p1a: Whimsicott|Substitute
|-boost|p2a: Great Tusk|spe|1
|
|upkeep
|turn|18
|
|t:|1760753008
|move|p1a: Whimsicott|Substitute|p1a: Whimsicott
|-start|p1a: Whimsicott|Substitute
|-damage|p1a: Whimsicott|64/100
|move|p2a: Great Tusk|Ice Spinner|p1a: Whimsicott
|-supereffective|p1a: Whimsicott
|-end|p1a: Whimsicott|Substitute
|
|upkeep
|turn|19
|
|t:|1760753016
|move|p1a: Whimsicott|Leech Seed|p2a: Great Tusk
|-start|p2a: Great Tusk|move: Leech Seed
|move|p2a: Great Tusk|Ice Spinner|p1a: Whimsicott
|-supereffective|p1a: Whimsicott
|-damage|p1a: Whimsicott|22/100
|-damage|p2a: Great Tusk|84/100|[from] item: Rocky Helmet|[of] p1a: Whimsicott
|
|-damage|p2a: Great Tusk|71/100|[from] Leech Seed|[of] p1a: Whimsicott
|-heal|p1a: Whimsicott|39/100|[silent]
|upkeep
|turn|20
|
|t:|1760753026
|move|p1a: Whimsicott|Giga Drain|p2a: Great Tusk
|-supereffective|p2a: Great Tusk
|-damage|p2a: Great Tusk|18/100
|-heal|p1a: Whimsicott|74/100|[from] drain|[of] p2a: Great Tusk
|move|p2a: Great Tusk|Rapid Spin|p1a: Whimsicott
|-damage|p1a: Whimsicott|62/100
|-boost|p2a: Great Tusk|spe|1
|-damage|p2a: Great Tusk|2/100|[from] item: Rocky Helmet|[of] p1a: Whimsicott
|-end|p2a: Great Tusk|Leech Seed|[from] move: Rapid Spin|[of] p2a: Great Tusk
|
|upkeep
|turn|21
|
|t:|1760753038
|move|p1a: Whimsicott|Giga Drain|p2a: Great Tusk
|-supereffective|p2a: Great Tusk
|-damage|p2a: Great Tusk|0 fnt
|-heal|p1a: Whimsicott|63/100|[from] drain|[of] p2a: Great Tusk
|faint|p2a: Great Tusk
|-end|p2a: Great Tusk|Protosynthesis|[silent]
|
|upkeep
|
|t:|1760753046
|switch|p2a: Ting-Lu|Ting-Lu|100/100
|-ability|p2a: Ting-Lu|Vessel of Ruin
|turn|22
|
|t:|1760753052
|move|p1a: Whimsicott|Leech Seed|p2a: Ting-Lu
|-hint|Since gen 7, Dark is immune to Prankster moves.
|-immune|p2a: Ting-Lu
|move|p2a: Ting-Lu|Ruination|p1a: Whimsicott
|-damage|p1a: Whimsicott|32/100
|
|upkeep
|turn|23
|
|t:|1760753065
|move|p1a: Whimsicott|Giga Drain|p2a: Ting-Lu
|-supereffective|p2a: Ting-Lu
|-damage|p2a: Ting-Lu|82/100
|-heal|p1a: Whimsicott|47/100|[from] drain|[of] p2a: Ting-Lu
|move|p2a: Ting-Lu|Whirlwind|p1a: Whimsicott
|drag|p1a: Clefable|Clefable, F|79/100 brn
|
|upkeep
|turn|24
|
|t:|1760753075
|move|p1a: Clefable|Moonblast|p2a: Ting-Lu
|-supereffective|p2a: Ting-Lu
|-damage|p2a: Ting-Lu|56/100
|-unboost|p2a: Ting-Lu|spa|1
|move|p2a: Ting-Lu|Ruination|p1a: Clefable
|-damage|p1a: Clefable|40/100 brn
|
|upkeep
|turn|25
|
|t:|1760753085
|move|p1a: Clefable|Moonblast|p2a: Ting-Lu
|-supereffective|p2a: Ting-Lu
|-damage|p2a: Ting-Lu|31/100
|move|p2a: Ting-Lu|Whirlwind|p1a: Clefable
|drag|p1a: Whimsicott|Whimsicott, M|47/100
|-damage|p1a: Whimsicott|35/100|[from] Stealth Rock
|-damage|p1a: Whimsicott|10/100|[from] Spikes
|
|upkeep
|turn|26
|
|t:|1760753096
|move|p1a: Whimsicott|Giga Drain|p2a: Ting-Lu
|-supereffective|p2a: Ting-Lu
|-damage|p2a: Ting-Lu|13/100
|-heal|p1a: Whimsicott|25/100|[from] drain|[of] p2a: Ting-Lu
|move|p2a: Ting-Lu|Whirlwind|p1a: Whimsicott
|drag|p1a: Clefable|Clefable, F|40/100 brn
|
|upkeep
|turn|27
|
|t:|1760753106
|-terastallize|p2a: Ting-Lu|Poison
|move|p1a: Clefable|Moonblast|p2a: Ting-Lu
|-resisted|p2a: Ting-Lu
|-damage|p2a: Ting-Lu|7/100
|move|p2a: Ting-Lu|Whirlwind|p1a: Clefable
|drag|p1a: Reuniclus|Reuniclus, M|100/100
|
|-status|p1a: Reuniclus|brn|[from] item: Flame Orb
|upkeep
|turn|28
|
|t:|1760753119
|move|p2a: Ting-Lu|Earthquake|p1a: Reuniclus
|-damage|p1a: Reuniclus|75/100 brn
|move|p1a: Reuniclus|Psychic Noise|p2a: Ting-Lu
|-supereffective|p2a: Ting-Lu
|-damage|p2a: Ting-Lu|0 fnt
|faint|p2a: Ting-Lu
|
|upkeep
|
|t:|1760753132
|switch|p2a: Gliscor|Gliscor, F|100/100 tox
|turn|29
|
|t:|1760753138
|move|p2a: Gliscor|Knock Off|p1a: Reuniclus
|-supereffective|p1a: Reuniclus
|-damage|p1a: Reuniclus|48/100 brn
|-enditem|p1a: Reuniclus|Flame Orb|[from] move: Knock Off|[of] p2a: Gliscor
|move|p1a: Reuniclus|Recover|p1a: Reuniclus
|-heal|p1a: Reuniclus|98/100 brn
|
|upkeep
|turn|30
|
|t:|1760753148
|switch|p2a: Garganacl|Garganacl, F|100/100
|move|p1a: Reuniclus|Psychic Noise|p2a: Garganacl
|-damage|p2a: Garganacl|80/100
|-start|p2a: Garganacl|move: Heal Block
|
|upkeep
|turn|31
|
|t:|1760753170
|move|p2a: Garganacl|Salt Cure|p1a: Reuniclus
|-damage|p1a: Reuniclus|88/100 brn
|-start|p1a: Reuniclus|Salt Cure
|move|p1a: Reuniclus|Psychic Noise|p2a: Garganacl
|-damage|p2a: Garganacl|58/100
|
|-end|p2a: Garganacl|move: Heal Block
|upkeep
|turn|32
|
|t:|1760753189
|move|p2a: Garganacl|Recover|p2a: Garganacl
|-heal|p2a: Garganacl|100/100
|move|p1a: Reuniclus|Psychic Noise|p2a: Garganacl
|-damage|p2a: Garganacl|78/100
|-start|p2a: Garganacl|move: Heal Block
|
|upkeep
|turn|33
|c|☆testingcharizandra|Stall? Why yo stall?
|
|t:|1760753204
|switch|p2a: Gliscor|Gliscor, F|100/100 tox
|switch|p1a: Clefable|Clefable, F|40/100 brn
|
|upkeep
|turn|34
|
|t:|1760753215
|move|p2a: Gliscor|Knock Off|p1a: Clefable
|-resisted|p1a: Clefable
|-damage|p1a: Clefable|32/100 brn
|-damage|p2a: Gliscor|84/100 tox|[from] item: Rocky Helmet|[of] p1a: Clefable
|-enditem|p1a: Clefable|Rocky Helmet|[from] move: Knock Off|[of] p2a: Gliscor
|move|p1a: Clefable|Moonlight|p1a: Clefable
|-heal|p1a: Clefable|82/100 brn
|
|-heal|p2a: Gliscor|97/100 tox|[from] ability: Poison Heal
|upkeep
|turn|35
|
|t:|1760753228
|switch|p2a: Garganacl|Garganacl, F|78/100
|move|p1a: Clefable|Calm Mind|p1a: Clefable
|-boost|p1a: Clefable|spa|1
|-boost|p1a: Clefable|spd|1
|
|upkeep
|turn|36
|
|t:|1760753239
|switch|p2a: Gliscor|Gliscor, F|97/100 tox
|move|p1a: Clefable|Calm Mind|p1a: Clefable
|-boost|p1a: Clefable|spa|1
|-boost|p1a: Clefable|spd|1
|
|-heal|p2a: Gliscor|100/100 tox|[from] ability: Poison Heal
|upkeep
|turn|37
|
|t:|1760753249
|move|p2a: Gliscor|Facade|p1a: Clefable
|-damage|p1a: Clefable|60/100 brn
|move|p1a: Clefable|Calm Mind|p1a: Clefable
|-boost|p1a: Clefable|spa|1
|-boost|p1a: Clefable|spd|1
|
|upkeep
|turn|38
|
|t:|1760753261
|move|p2a: Gliscor|Facade|p1a: Clefable
|-damage|p1a: Clefable|37/100 brn
|move|p1a: Clefable|Moonlight|p1a: Clefable
|-heal|p1a: Clefable|87/100 brn
|
|upkeep
|turn|39
|
|t:|1760753269
|move|p2a: Gliscor|Facade|p1a: Clefable
|-damage|p1a: Clefable|63/100 brn
|move|p1a: Clefable|Moonblast|p2a: Gliscor
|-damage|p2a: Gliscor|35/100 tox
|
|-heal|p2a: Gliscor|47/100 tox|[from] ability: Poison Heal
|upkeep
|turn|40
|
|t:|1760753279
|move|p2a: Gliscor|Facade|p1a: Clefable
|-damage|p1a: Clefable|38/100 brn
|move|p1a: Clefable|Moonblast|p2a: Gliscor
|-damage|p2a: Gliscor|0 fnt
|faint|p2a: Gliscor
|
|upkeep
|inactive|Battle timer is ON: inactive players will automatically lose when time's up. (requested by testingcharizandra)
|c|☆Vash_GX|Yeah I think this is ggs
|
|t:|1760753311
|switch|p2a: Garganacl|Garganacl, F|78/100
|turn|41
|
|t:|1760753322
|move|p1a: Clefable|Moonlight|p1a: Clefable
|-heal|p1a: Clefable|88/100 brn
|move|p2a: Garganacl|Salt Cure|p1a: Clefable
|-damage|p1a: Clefable|76/100 brn
|-start|p1a: Clefable|Salt Cure
|
|upkeep
|turn|42
|
|t:|1760753330
|move|p1a: Clefable|Calm Mind|p1a: Clefable
|-boost|p1a: Clefable|spa|1
|-boost|p1a: Clefable|spd|1
|move|p2a: Garganacl|Salt Cure|p1a: Clefable
|-damage|p1a: Clefable|66/100 brn
|
|upkeep
|turn|43
|c|☆testingcharizandra|Dont use stall
|
|t:|1760753346
|move|p1a: Clefable|Moonblast|p2a: Garganacl
|-damage|p2a: Garganacl|19/100
|move|p2a: Garganacl|Salt Cure|p1a: Clefable
|-damage|p1a: Clefable|56/100 brn
|
|upkeep
|turn|44
|c|☆Vash_GX|I literally have nothing else
|
|t:|1760753372
|move|p1a: Clefable|Moonblast|p2a: Garganacl
|-damage|p2a: Garganacl|0 fnt
|faint|p2a: Garganacl
|
|win|testingcharizandra
|raw|testingcharizandra's rating: 1000 &rarr; <strong>1046</strong><br />(+46 for winning)
|raw|Vash_GX's rating: 1051 &rarr; <strong>1031</strong><br />(-20 for losing)
|c|☆Vash_GX|Gg
