|j|☆MrSpeakerKnockers
|j|☆OoshymOoshy
|t:|1760849127
|gametype|singles
|player|p1|MrSpeakerKnockers|266|1089
|player|p2|OoshymOoshy|marshal|1074
|gen|9
|tier|[Gen 9] OU
|rated|
|rule|HP Percentage Mod: HP is shown in percentages
|rule|Endless Battle Clause: Forcing endless battles is banned
|rule|Species Clause: Limit one of each Pokémon
|rule|OHKO Clause: OHKO moves are banned
|rule|Evasion Items Clause: Evasion items are banned
|rule|Evasion Moves Clause: Evasion moves are banned
|rule|Evasion Abilities Clause: Evasion abilities are banned
|rule|Sleep Moves Clause: Sleep-inducing moves are banned
|clearpoke
|poke|p1|Snorlax, M|
|poke|p1|Serperior, F|
|poke|p1|Dragonite, M|
|poke|p1|Quagsire, M|
|poke|p1|Eelektross, M|
|poke|p1|Metagross|
|poke|p2|Great Tusk|
|poke|p2|Cinderace, F|
|poke|p2|Gholdengo|
|poke|p2|Iron Valiant|
|poke|p2|Walking Wake|
|poke|p2|Kingambit, F|
|teampreview
|j| PG Spectating
|
|t:|1760849140
|teamsize|p1|6
|teamsize|p2|6
|start
|switch|p1a: Snorlax|Snorlax, M, shiny|100/100
|switch|p2a: Great Tusk|Great Tusk|100/100
|turn|1
|
|t:|1760849163
|move|p2a: Great Tusk|Stealth Rock|p1a: Snorlax
|-sidestart|p1: MrSpeakerKnockers|move: Stealth Rock
|move|p1a: Snorlax|Double-Edge|p2a: Great Tusk
|-damage|p2a: Great Tusk|60/100
|-damage|p1a: Snorlax|89/100|[from] Recoil
|
|-heal|p1a: Snorlax|96/100|[from] item: Leftovers
|upkeep
|turn|2
|
|t:|1760849171
|move|p2a: Great Tusk|Knock Off|p1a: Snorlax
|-damage|p1a: Snorlax|71/100
|-enditem|p1a: Snorlax|Leftovers|[from] move: Knock Off|[of] p2a: Great Tusk
|move|p1a: Snorlax|Double-Edge|p2a: Great Tusk
|-damage|p2a: Great Tusk|20/100
|-damage|p1a: Snorlax|60/100|[from] Recoil
|
|upkeep
|turn|3
|
|t:|1760849214
|move|p2a: Great Tusk|Earthquake|p1a: Snorlax
|-damage|p1a: Snorlax|20/100
|move|p1a: Snorlax|Surf|p2a: Great Tusk
|-supereffective|p2a: Great Tusk
|-damage|p2a: Great Tusk|0 fnt
|faint|p2a: Great Tusk
|-end|p2a: Great Tusk|Protosynthesis|[silent]
|
|upkeep
|
|t:|1760849227
|switch|p2a: Cinderace|Cinderace, F, shiny|100/100
|turn|4
|
|t:|1760849240
|move|p2a: Cinderace|Pyro Ball|p1a: Snorlax
|-damage|p1a: Snorlax|0 fnt
|faint|p1a: Snorlax
|
|upkeep
|
|t:|1760849255
|switch|p1a: Quagsire|Quagsire, M|100/100
|-damage|p1a: Quagsire|94/100|[from] Stealth Rock
|turn|5
|
|t:|1760849262
|move|p2a: Cinderace|U-turn|p1a: Quagsire
|-start|p2a: Cinderace|typechange|Bug|[from] ability: Libero
|-damage|p1a: Quagsire|72/100
|
|t:|1760849296
|switch|p2a: Iron Valiant|Iron Valiant, shiny|100/100|[from] U-turn
|-enditem|p2a: Iron Valiant|Booster Energy
|-activate|p2a: Iron Valiant|ability: Quark Drive|[fromitem]
|-start|p2a: Iron Valiant|quarkdrivespe
|move|p1a: Quagsire|Surf|p2a: Iron Valiant
|-damage|p2a: Iron Valiant|45/100
|
|upkeep
|turn|6
|
|t:|1760849315
|move|p2a: Iron Valiant|Knock Off|p1a: Quagsire
|-damage|p1a: Quagsire|48/100
|-enditem|p1a: Quagsire|Mystic Water|[from] move: Knock Off|[of] p2a: Iron Valiant
|move|p1a: Quagsire|Earthquake|p2a: Iron Valiant
|-damage|p2a: Iron Valiant|6/100
|
|upkeep
|turn|7
|
|t:|1760849346
|move|p2a: Iron Valiant|Close Combat|p1a: Quagsire
|-damage|p1a: Quagsire|7/100
|-unboost|p2a: Iron Valiant|def|1
|-unboost|p2a: Iron Valiant|spd|1
|move|p1a: Quagsire|Earthquake|p2a: Iron Valiant
|-damage|p2a: Iron Valiant|0 fnt
|faint|p2a: Iron Valiant
|-end|p2a: Iron Valiant|Quark Drive|[silent]
|
|upkeep
|l| PG Spectating
|
|t:|1760849356
|switch|p2a: Walking Wake|Walking Wake|100/100
|turn|8
|
|t:|1760849378
|move|p2a: Walking Wake|Dragon Pulse|p1a: Quagsire
|-damage|p1a: Quagsire|0 fnt
|faint|p1a: Quagsire
|
|upkeep
|
|t:|1760849388
|switch|p1a: Eelektross|Eelektross, M|100/100
|-damage|p1a: Eelektross|88/100|[from] Stealth Rock
|turn|9
|
|t:|1760849398
|-end|p2a: Walking Wake|Protosynthesis|[silent]
|switch|p2a: Cinderace|Cinderace, F, shiny|100/100
|move|p1a: Eelektross|Dragon Pulse|p2a: Cinderace
|-damage|p2a: Cinderace|62/100
|
|upkeep
|turn|10
|
|t:|1760849411
|move|p2a: Cinderace|High Jump Kick|p1a: Eelektross
|-start|p2a: Cinderace|typechange|Fighting|[from] ability: Libero
|-damage|p1a: Eelektross|22/100
|move|p1a: Eelektross|Thunderbolt|p2a: Cinderace
|-damage|p2a: Cinderace|0 fnt
|faint|p2a: Cinderace
|
|upkeep
|
|t:|1760849419
|switch|p2a: Gholdengo|Gholdengo|100/100
|turn|11
|
|t:|1760849461
|move|p2a: Gholdengo|Shadow Ball|p1a: Eelektross
|-damage|p1a: Eelektross|0 fnt
|faint|p1a: Eelektross
|
|upkeep
|
|t:|1760849480
|switch|p1a: Metagross|Metagross, shiny|100/100
|-damage|p1a: Metagross|94/100|[from] Stealth Rock
|turn|12
|
|t:|1760849495
|-terastallize|p1a: Metagross|Ground
|move|p2a: Gholdengo|Shadow Ball|p1a: Metagross
|-damage|p1a: Metagross|49/100
|move|p1a: Metagross|Earthquake|p2a: Gholdengo
|-supereffective|p2a: Gholdengo
|-damage|p2a: Gholdengo|0 fnt
|faint|p2a: Gholdengo
|
|upkeep
|
|t:|1760849505
|switch|p2a: Walking Wake|Walking Wake|100/100
|turn|13
|
|t:|1760849531
|move|p2a: Walking Wake|Hydro Steam|p1a: Metagross
|-supereffective|p1a: Metagross
|-damage|p1a: Metagross|0 fnt
|faint|p1a: Metagross
|
|upkeep
|
|t:|1760849546
|switch|p1a: Serperior|Serperior, F|100/100
|-damage|p1a: Serperior|88/100|[from] Stealth Rock
|turn|14
|
|t:|1760849552
|-end|p2a: Walking Wake|Protosynthesis|[silent]
|switch|p2a: Kingambit|Kingambit, F, shiny|100/100
|-activate|p2a: Kingambit|ability: Supreme Overlord
|-start|p2a: Kingambit|fallen4|[silent]
|move|p1a: Serperior|Leaf Storm|p2a: Kingambit
|-resisted|p2a: Kingambit
|-damage|p2a: Kingambit|75/100
|-boost|p1a: Serperior|spa|2
|
|-heal|p2a: Kingambit|81/100|[from] item: Leftovers
|upkeep
|turn|15
|
|t:|1760849563
|move|p1a: Serperior|Leaf Storm|p2a: Kingambit|[miss]
|-miss|p1a: Serperior|p2a: Kingambit
|move|p2a: Kingambit|Swords Dance|p2a: Kingambit
|-boost|p2a: Kingambit|atk|2
|
|-heal|p2a: Kingambit|87/100|[from] item: Leftovers
|upkeep
|turn|16
|
|t:|1760849585
|-terastallize|p2a: Kingambit|Flying
|move|p2a: Kingambit|Sucker Punch|p1a: Serperior
|-damage|p1a: Serperior|0 fnt
|faint|p1a: Serperior
|
|-heal|p2a: Kingambit|93/100|[from] item: Leftovers
|upkeep
|
|t:|1760849603
|switch|p1a: Dragonite|Dragonite, M|100/100
|-damage|p1a: Dragonite|76/100|[from] Stealth Rock
|turn|17
|
|t:|1760849622
|move|p1a: Dragonite|Dragon Dance|p1a: Dragonite
|-boost|p1a: Dragonite|atk|1
|-boost|p1a: Dragonite|spe|1
|move|p2a: Kingambit|Swords Dance|p2a: Kingambit
|-boost|p2a: Kingambit|atk|2
|
|-heal|p2a: Kingambit|99/100|[from] item: Leftovers
|upkeep
|turn|18
|
|t:|1760849632
|move|p2a: Kingambit|Sucker Punch|p1a: Dragonite
|-crit|p1a: Dragonite
|-damage|p1a: Dragonite|0 fnt
|faint|p1a: Dragonite
|
|win|OoshymOoshy
|raw|MrSpeakerKnockers's rating: 1089 &rarr; <strong>1065</strong><br />(-24 for losing)
|raw|OoshymOoshy's rating: 1074 &rarr; <strong>1104</strong><br />(+30 for winning)
|l|☆MrSpeakerKnockers
|player|p1|
|l|☆OoshymOoshy
|player|p2|
