|j|☆Oxymore25
|j|☆LorySobby10
|t:|1760734408
|gametype|singles
|player|p1|Oxymore25|101|1321
|player|p2|LorySobby10|elio|1293
|gen|9
|tier|[Gen 9] OU
|rated|
|rule|HP Percentage Mod: HP is shown in percentages
|rule|Endless Battle Clause: Forcing endless battles is banned
|rule|Species Clause: Limit one of each Pokémon
|rule|OHKO Clause: OHKO moves are banned
|rule|Evasion Items Clause: Evasion items are banned
|rule|Evasion Moves Clause: Evasion moves are banned
|rule|Evasion Abilities Clause: Evasion abilities are banned
|rule|Sleep Moves Clause: Sleep-inducing moves are banned
|clearpoke
|poke|p1|Deoxys-Speed|
|poke|p1|Gholdengo|
|poke|p1|Iron Treads|
|poke|p1|Dragonite, M|
|poke|p1|Iron Moth|
|poke|p1|Samurott-Hisui, M|
|poke|p2|Frosmoth, F|
|poke|p2|Pincurchin, F|
|poke|p2|Raichu-Alola, F|
|poke|p2|Iron Hands|
|poke|p2|Rotom-Wash|
|poke|p2|Pawmot, F|
|teampreview
|
|t:|1760734437
|teamsize|p1|6
|teamsize|p2|6
|start
|switch|p1a: Iron Treads|Iron Treads|100/100
|switch|p2a: OH YEAH!!! YEAH!!|Pincurchin, F|100/100
|-fieldstart|move: Electric Terrain|[from] ability: Electric Surge|[of] p2a: OH YEAH!!! YEAH!!
|-activate|p1a: Iron Treads|ability: Quark Drive
|-start|p1a: Iron Treads|quarkdrivespe
|turn|1
|
|t:|1760734450
|move|p1a: Iron Treads|Stealth Rock|p2a: OH YEAH!!! YEAH!!
|-sidestart|p2: LorySobby10|move: Stealth Rock
|move|p2a: OH YEAH!!! YEAH!!|Memento|p1a: Iron Treads
|-unboost|p1a: Iron Treads|atk|2
|-unboost|p1a: Iron Treads|spa|2
|faint|p2a: OH YEAH!!! YEAH!!
|
|upkeep
|
|t:|1760734458
|switch|p2a: Surf's Up (2007)|Raichu-Alola, F|100/100
|-damage|p2a: Surf's Up (2007)|88/100|[from] Stealth Rock
|turn|2
|
|t:|1760734475
|move|p2a: Surf's Up (2007)|Focus Blast|p1a: Iron Treads|[miss]
|-miss|p2a: Surf's Up (2007)|p1a: Iron Treads
|move|p1a: Iron Treads|Knock Off|p2a: Surf's Up (2007)
|-supereffective|p2a: Surf's Up (2007)
|-damage|p2a: Surf's Up (2007)|29/100
|-enditem|p2a: Surf's Up (2007)|Choice Specs|[from] move: Knock Off|[of] p1a: Iron Treads
|
|upkeep
|turn|3
|
|t:|1760734484
|move|p2a: Surf's Up (2007)|Focus Blast|p1a: Iron Treads
|-supereffective|p1a: Iron Treads
|-damage|p1a: Iron Treads|9/100
|move|p1a: Iron Treads|Knock Off|p2a: Surf's Up (2007)
|-supereffective|p2a: Surf's Up (2007)
|-damage|p2a: Surf's Up (2007)|0 fnt
|faint|p2a: Surf's Up (2007)
|
|upkeep
|
|t:|1760734495
|switch|p2a: William O' Wisp|Rotom-Wash|100/100
|-damage|p2a: William O' Wisp|88/100|[from] Stealth Rock
|turn|4
|
|t:|1760734502
|move|p1a: Iron Treads|Knock Off|p2a: William O' Wisp
|-damage|p2a: William O' Wisp|76/100
|-enditem|p2a: William O' Wisp|Light Clay|[from] move: Knock Off|[of] p1a: Iron Treads
|move|p2a: William O' Wisp|Reflect|p2a: William O' Wisp
|-sidestart|p2: LorySobby10|Reflect
|
|upkeep
|turn|5
|
|t:|1760734532
|move|p1a: Iron Treads|Rapid Spin|p2a: William O' Wisp
|-damage|p2a: William O' Wisp|73/100
|-boost|p1a: Iron Treads|spe|1
|move|p2a: William O' Wisp|Light Screen|p2a: William O' Wisp
|-sidestart|p2: LorySobby10|move: Light Screen
|
|upkeep
|turn|6
|
|t:|1760734542
|move|p1a: Iron Treads|Knock Off|p2a: William O' Wisp
|-damage|p2a: William O' Wisp|68/100
|move|p2a: William O' Wisp|Hydro Pump|p1a: Iron Treads
|-supereffective|p1a: Iron Treads
|-crit|p1a: Iron Treads
|-damage|p1a: Iron Treads|0 fnt
|faint|p1a: Iron Treads
|-end|p1a: Iron Treads|Quark Drive|[silent]
|
|upkeep
|
|t:|1760734566
|switch|p1a: Gholdengo|Gholdengo|100/100
|-item|p1a: Gholdengo|Air Balloon
|turn|7
|
|t:|1760734571
|move|p2a: William O' Wisp|Volt Switch|p1a: Gholdengo
|-damage|p1a: Gholdengo|67/100
|-enditem|p1a: Gholdengo|Air Balloon
|
|t:|1760734581
|switch|p2a: Evanescence|Pawmot, F|100/100|[from] Volt Switch
|-damage|p2a: Evanescence|94/100|[from] Stealth Rock
|move|p1a: Gholdengo|Nasty Plot|p1a: Gholdengo
|-boost|p1a: Gholdengo|spa|2
|
|upkeep
|turn|8
|
|t:|1760734600
|move|p2a: Evanescence|Revival Blessing|p2a: Evanescence
|-enditem|p2a: Evanescence|Leppa Berry|[eat]
|-activate|p2a: Evanescence|item: Leppa Berry|Revival Blessing|[consumed]
|
|t:|1760734604
|-heal|p2: Surf's Up (2007)|50/100|[from] move: Revival Blessing
|move|p1a: Gholdengo|Recover|p1a: Gholdengo
|-heal|p1a: Gholdengo|100/100
|
|-sideend|p2: LorySobby10|Reflect
|-fieldend|move: Electric Terrain
|upkeep
|turn|9
|
|t:|1760734614
|move|p2a: Evanescence|Nuzzle|p1a: Gholdengo
|-damage|p1a: Gholdengo|95/100
|-status|p1a: Gholdengo|par
|move|p1a: Gholdengo|Shadow Ball|p2a: Evanescence
|-damage|p2a: Evanescence|30/100
|
|-sideend|p2: LorySobby10|move: Light Screen
|upkeep
|turn|10
|l|☆LorySobby10
|player|p2|
|j|☆LorySobby10
|player|p2|LorySobby10|elio|
|
|t:|1760734637
|move|p2a: Evanescence|Revival Blessing|p2a: Evanescence
|
|t:|1760734639
|-heal|p2: OH YEAH!!! YEAH!!|50/100|[from] move: Revival Blessing
|move|p1a: Gholdengo|Shadow Ball|p2a: Evanescence
|-damage|p2a: Evanescence|0 fnt
|faint|p2a: Evanescence
|
|upkeep
|
|t:|1760734643
|switch|p2a: OH YEAH!!! YEAH!!|Pincurchin, F|50/100
|-damage|p2a: OH YEAH!!! YEAH!!|38/100|[from] Stealth Rock
|-fieldstart|move: Electric Terrain|[from] ability: Electric Surge|[of] p2a: OH YEAH!!! YEAH!!
|turn|11
|
|t:|1760734661
|move|p2a: OH YEAH!!! YEAH!!|Sucker Punch|p1a: Gholdengo
|-supereffective|p1a: Gholdengo
|-damage|p1a: Gholdengo|67/100 par
|cant|p1a: Gholdengo|par
|
|upkeep
|turn|12
|
|t:|1760734672
|move|p2a: OH YEAH!!! YEAH!!|Sucker Punch|p1a: Gholdengo
|-supereffective|p1a: Gholdengo
|-damage|p1a: Gholdengo|37/100 par
|move|p1a: Gholdengo|Shadow Ball|p2a: OH YEAH!!! YEAH!!
|-damage|p2a: OH YEAH!!! YEAH!!|0 fnt
|faint|p2a: OH YEAH!!! YEAH!!
|
|upkeep
|
|t:|1760734682
|switch|p2a: Surf's Up (2007)|Raichu-Alola, F|50/100
|-damage|p2a: Surf's Up (2007)|38/100|[from] Stealth Rock
|turn|13
|
|t:|1760734689
|move|p2a: Surf's Up (2007)|Volt Switch|p1a: Gholdengo
|-damage|p1a: Gholdengo|0 fnt
|faint|p1a: Gholdengo
|
|t:|1760734696
|switch|p2a: Finger Eleven|Frosmoth, F, shiny|100/100|[from] Volt Switch
|
|upkeep
|
|t:|1760734703
|switch|p1a: Iron Moth|Iron Moth|100/100
|-activate|p1a: Iron Moth|ability: Quark Drive
|-start|p1a: Iron Moth|quarkdrivespe
|turn|14
|
|t:|1760734713
|-terastallize|p2a: Finger Eleven|Electric
|move|p1a: Iron Moth|Fiery Dance|p2a: Finger Eleven
|-damage|p2a: Finger Eleven|75/100
|-boost|p1a: Iron Moth|spa|1
|move|p2a: Finger Eleven|Tera Blast|p1a: Iron Moth|[anim] Tera Blast Electric
|-damage|p1a: Iron Moth|53/100
|
|upkeep
|turn|15
|
|t:|1760734724
|-terastallize|p1a: Iron Moth|Ground
|move|p1a: Iron Moth|Fiery Dance|p2a: Finger Eleven
|-damage|p2a: Finger Eleven|40/100
|move|p2a: Finger Eleven|Quiver Dance|p2a: Finger Eleven
|-boost|p2a: Finger Eleven|spa|1
|-boost|p2a: Finger Eleven|spd|1
|-boost|p2a: Finger Eleven|spe|1
|
|upkeep
|turn|16
|
|t:|1760734735
|move|p1a: Iron Moth|Tera Blast|p2a: Finger Eleven|[anim] Tera Blast Ground
|-supereffective|p2a: Finger Eleven
|-damage|p2a: Finger Eleven|0 fnt
|faint|p2a: Finger Eleven
|
|upkeep
|
|t:|1760734741
|switch|p2a: Iron Deficiency|Iron Hands|100/100
|-damage|p2a: Iron Deficiency|94/100|[from] Stealth Rock
|-activate|p2a: Iron Deficiency|ability: Quark Drive
|-start|p2a: Iron Deficiency|quarkdriveatk
|turn|17
|-message|LorySobby10 forfeited.
|
|win|Oxymore25
|raw|Oxymore25's rating: 1321 &rarr; <strong>1339</strong><br />(+18 for winning)
|raw|LorySobby10's rating: 1293 &rarr; <strong>1270</strong><br />(-23 for losing)
|l|☆LorySobby10
|player|p2|
|l|☆Oxymore25
|player|p1|
