|inactive|Battle timer is ON: inactive players will automatically lose when time's up.
|badge|p2|silver|gen9randombattle|30-7
|uhtml|medal-msg|<div class="broadcast-blue">Curious what those medals under the avatar are? PS now has Ladder Seasons! For more information, check out the <a href="https://www.smogon.com/forums/threads/3740067/">thread on Smogon.</a></div>
|t:|1760884916
|gametype|singles
|player|p1|alh3n|lucas|
|player|p2|Separation|#scl5spartans2|
|gen|9
|tier|[Gen 9] OU
|rule|HP Percentage Mod: HP is shown in percentages
|rule|Endless Battle Clause: Forcing endless battles is banned
|rule|Species Clause: Limit one of each Pokémon
|rule|OHKO Clause: OHKO moves are banned
|rule|Evasion Items Clause: Evasion items are banned
|rule|Evasion Moves Clause: Evasion moves are banned
|rule|Evasion Abilities Clause: Evasion abilities are banned
|rule|Sleep Moves Clause: Sleep-inducing moves are banned
|clearpoke
|poke|p1|Hoopa-Unbound|
|poke|p1|Garganacl, M|
|poke|p1|Rillaboom, M|
|poke|p1|Gholdengo|
|poke|p1|Great Tusk|
|poke|p1|Primarina, M|
|poke|p2|Clefable, M|
|poke|p2|Gliscor, M|
|poke|p2|Heatran, M|
|poke|p2|Pecharunt|
|poke|p2|Zarude|
|poke|p2|Great Tusk|
|teampreview
|inactive|alh3n also wants the timer to be on.
|c|☆alh3n|hf
|c|☆Separation|hf
|inactive|alh3n has 270 seconds left.
|inactive|Separation has 270 seconds left.
|
|t:|1760884956
|teamsize|p1|6
|teamsize|p2|6
|start
|switch|p1a: Great Tusk|Great Tusk|100/100
|switch|p2a: Pecharunt|Pecharunt|100/100
|turn|1
|
|t:|1760884978
|move|p2a: Pecharunt|Malignant Chain|p1a: Great Tusk
|-resisted|p1a: Great Tusk
|-damage|p1a: Great Tusk|77/100
|move|p1a: Great Tusk|Stealth Rock|p2a: Pecharunt
|-sidestart|p2: Separation|move: Stealth Rock
|
|upkeep
|turn|2
|
|t:|1760884993
|-end|p1a: Great Tusk|Protosynthesis|[silent]
|switch|p1a: Gholdengo|Gholdengo|100/100
|move|p2a: Pecharunt|Malignant Chain|p1a: Gholdengo
|-immune|p1a: Gholdengo
|
|upkeep
|turn|3
|
|t:|1760885010
|switch|p2a: Heatran|Heatran, M|100/100
|-damage|p2a: Heatran|88/100|[from] Stealth Rock
|move|p1a: Gholdengo|Focus Blast|p2a: Heatran
|-supereffective|p2a: Heatran
|-damage|p2a: Heatran|44/100
|
|-heal|p2a: Heatran|50/100|[from] item: Leftovers
|upkeep
|turn|4
|inactive|alh3n has 270 seconds left.
|
|t:|1760885050
|switch|p1a: Garganacl|Garganacl, M|100/100
|move|p2a: Heatran|Magma Storm|p1a: Garganacl
|-resisted|p1a: Garganacl
|-damage|p1a: Garganacl|85/100
|-activate|p1a: Garganacl|move: Magma Storm|[of] p2a: Heatran
|
|-heal|p2a: Heatran|56/100|[from] item: Leftovers
|-heal|p1a: Garganacl|91/100|[from] item: Leftovers
|-damage|p1a: Garganacl|79/100|[from] move: Magma Storm|[partiallytrapped]
|upkeep
|turn|5
|inactive|alh3n has 270 seconds left.
|
|t:|1760885057
|move|p2a: Heatran|Substitute|p2a: Heatran
|-start|p2a: Heatran|Substitute
|-damage|p2a: Heatran|31/100
|move|p1a: Garganacl|Salt Cure|p2a: Heatran
|-activate|p2a: Heatran|move: Substitute|[damage]
|
|-heal|p2a: Heatran|37/100|[from] item: Leftovers
|-heal|p1a: Garganacl|85/100|[from] item: Leftovers
|-damage|p1a: Garganacl|73/100|[from] move: Magma Storm|[partiallytrapped]
|upkeep
|turn|6
|
|t:|1760885064
|move|p2a: Heatran|Taunt|p1a: Garganacl
|-start|p1a: Garganacl|move: Taunt
|move|p1a: Garganacl|Body Press|p2a: Heatran
|-supereffective|p2a: Heatran
|-end|p2a: Heatran|Substitute
|
|-heal|p2a: Heatran|44/100|[from] item: Leftovers
|-heal|p1a: Garganacl|79/100|[from] item: Leftovers
|-damage|p1a: Garganacl|67/100|[from] move: Magma Storm|[partiallytrapped]
|upkeep
|turn|7
|
|t:|1760885073
|switch|p2a: Gliscor|Gliscor, M|100/100
|-damage|p2a: Gliscor|88/100|[from] Stealth Rock
|move|p1a: Garganacl|Body Press|p2a: Gliscor
|-resisted|p2a: Gliscor
|-damage|p2a: Gliscor|78/100
|
|-heal|p1a: Garganacl|73/100|[from] item: Leftovers
|-end|p1a: Garganacl|Magma Storm|[partiallytrapped]|[silent]
|-status|p2a: Gliscor|tox|[from] item: Toxic Orb
|upkeep
|turn|8
|inactive|alh3n has 270 seconds left.
|
|t:|1760885111
|switch|p1a: Great Tusk|Great Tusk|77/100
|move|p2a: Gliscor|Knock Off|p1a: Great Tusk
|-resisted|p1a: Great Tusk
|-damage|p1a: Great Tusk|69/100
|-enditem|p1a: Great Tusk|Heavy-Duty Boots|[from] move: Knock Off|[of] p2a: Gliscor
|
|-heal|p2a: Gliscor|91/100 tox|[from] ability: Poison Heal
|upkeep
|turn|9
|inactive|alh3n has 270 seconds left.
|
|t:|1760885121
|switch|p2a: Clefable|Clefable, M|100/100
|move|p1a: Great Tusk|Ice Spinner|p2a: Clefable
|-damage|p2a: Clefable|79/100
|
|-damage|p1a: Great Tusk|57/100|[from] item: Sticky Barb
|upkeep
|turn|10
|inactive|alh3n has 270 seconds left.
|
|t:|1760885139
|-end|p1a: Great Tusk|Protosynthesis|[silent]
|switch|p1a: Rillaboom|Rillaboom, M|100/100
|-fieldstart|move: Grassy Terrain|[from] ability: Grassy Surge|[of] p1a: Rillaboom
|move|p2a: Clefable|Stealth Rock|p1a: Rillaboom
|-sidestart|p1: alh3n|move: Stealth Rock
|
|-heal|p2a: Clefable|85/100|[from] Grassy Terrain
|upkeep
|turn|11
|inactive|alh3n has 270 seconds left.
|
|t:|1760885160
|switch|p2a: Pecharunt|Pecharunt|100/100
|move|p1a: Rillaboom|U-turn|p2a: Pecharunt
|-resisted|p2a: Pecharunt
|-damage|p2a: Pecharunt|95/100
|inactive|alh3n has 270 seconds left.
|inactive|alh3n has 240 seconds left.
|
|t:|1760885212
|switch|p1a: Hoopa|Hoopa-Unbound|100/100|[from] U-turn
|-damage|p1a: Hoopa|88/100|[from] Stealth Rock
|
|-heal|p1a: Hoopa|94/100|[from] Grassy Terrain
|-heal|p2a: Pecharunt|100/100|[from] Grassy Terrain
|upkeep
|turn|12
|
|t:|1760885223
|move|p1a: Hoopa|Trick|p2a: Pecharunt
|-activate|p1a: Hoopa|move: Trick|[of] p2a: Pecharunt
|-item|p2a: Pecharunt|Choice Scarf|[from] move: Trick
|-item|p1a: Hoopa|Heavy-Duty Boots|[from] move: Trick
|move|p2a: Pecharunt|Malignant Chain|p1a: Hoopa
|-damage|p1a: Hoopa|63/100
|-status|p1a: Hoopa|tox
|-start|p1a: Hoopa|confusion|[from] ability: Poison Puppeteer|[of] p2a: Pecharunt
|
|-heal|p1a: Hoopa|69/100 tox|[from] Grassy Terrain
|-damage|p1a: Hoopa|63/100 tox|[from] psn
|upkeep
|turn|13
|
|t:|1760885249
|switch|p2a: Heatran|Heatran, M|44/100
|-damage|p2a: Heatran|31/100|[from] Stealth Rock
|-activate|p1a: Hoopa|confusion
|move|p1a: Hoopa|Psychic Noise|p2a: Heatran
|-resisted|p2a: Heatran
|-damage|p2a: Heatran|18/100
|-start|p2a: Heatran|move: Heal Block
|
|-heal|p1a: Hoopa|69/100 tox|[from] Grassy Terrain
|-damage|p1a: Hoopa|57/100 tox|[from] psn
|upkeep
|turn|14
|
|t:|1760885254
|-activate|p1a: Hoopa|confusion
|move|p1a: Hoopa|Knock Off|p2a: Heatran
|-damage|p2a: Heatran|0 fnt
|-enditem|p2a: Heatran|Leftovers|[from] move: Knock Off|[of] p1a: Hoopa
|faint|p2a: Heatran
|
|-heal|p1a: Hoopa|63/100 tox|[from] Grassy Terrain
|-damage|p1a: Hoopa|45/100 tox|[from] psn
|-fieldend|move: Grassy Terrain
|upkeep
|
|t:|1760885256
|switch|p2a: Zarude|Zarude|100/100
|-damage|p2a: Zarude|88/100|[from] Stealth Rock
|turn|15
|
|t:|1760885276
|move|p2a: Zarude|Bulk Up|p2a: Zarude
|-boost|p2a: Zarude|atk|1
|-boost|p2a: Zarude|def|1
|-activate|p1a: Hoopa|confusion
|move|p1a: Hoopa|Gunk Shot|p2a: Zarude
|-supereffective|p2a: Zarude
|-damage|p2a: Zarude|37/100
|
|-heal|p2a: Zarude|43/100|[from] item: Leftovers
|-damage|p1a: Hoopa|21/100 tox|[from] psn
|upkeep
|turn|16
|inactive|alh3n has 210 seconds left.
|inactive|Separation has 270 seconds left.
|inactive|alh3n has 180 seconds left.
|inactive|alh3n has 150 seconds left.
|inactive|Separation has 240 seconds left.
|
|t:|1760885371
|move|p2a: Zarude|Bulk Up|p2a: Zarude
|-boost|p2a: Zarude|atk|1
|-boost|p2a: Zarude|def|1
|-end|p1a: Hoopa|confusion
|move|p1a: Hoopa|Knock Off|p2a: Zarude
|-resisted|p2a: Zarude
|-damage|p2a: Zarude|31/100
|-enditem|p2a: Zarude|Leftovers|[from] move: Knock Off|[of] p1a: Hoopa
|
|-damage|p1a: Hoopa|0 fnt|[from] psn
|faint|p1a: Hoopa
|upkeep
|inactive|alh3n has 120 seconds left.
|inactive|alh3n has 90 seconds left.
|
|t:|1760885441
|switch|p1a: Gholdengo|Gholdengo|100/100
|-damage|p1a: Gholdengo|94/100|[from] Stealth Rock
|turn|17
|
|t:|1760885451
|-terastallize|p2a: Zarude|Electric
|move|p2a: Zarude|Synthesis|p2a: Zarude
|-heal|p2a: Zarude|81/100
|move|p1a: Gholdengo|Nasty Plot|p1a: Gholdengo
|-boost|p1a: Gholdengo|spa|2
|
|upkeep
|turn|18
|inactive|alh3n has 90 seconds left.
|
|t:|1760885465
|-terastallize|p1a: Gholdengo|Fairy
|move|p2a: Zarude|Knock Off|p1a: Gholdengo
|-resisted|p1a: Gholdengo
|-damage|p1a: Gholdengo|61/100
|-enditem|p1a: Gholdengo|Grassy Seed|[from] move: Knock Off|[of] p2a: Zarude
|move|p1a: Gholdengo|Shadow Ball|p2a: Zarude
|-damage|p2a: Zarude|17/100
|
|upkeep
|turn|19
|inactive|alh3n has 90 seconds left.
|
|t:|1760885493
|move|p2a: Zarude|Power Whip|p1a: Gholdengo
|-damage|p1a: Gholdengo|0 fnt
|faint|p1a: Gholdengo
|
|upkeep
|
|t:|1760885499
|switch|p1a: Rillaboom|Rillaboom, M|100/100
|-damage|p1a: Rillaboom|88/100|[from] Stealth Rock
|-fieldstart|move: Grassy Terrain|[from] ability: Grassy Surge|[of] p1a: Rillaboom
|turn|20
|inactive|Separation has 240 seconds left.
|
|t:|1760885548
|move|p1a: Rillaboom|Grassy Glide|p2a: Zarude
|-damage|p2a: Zarude|0 fnt
|faint|p2a: Zarude
|
|-heal|p1a: Rillaboom|94/100|[from] Grassy Terrain
|upkeep
|inactive|Separation has 210 seconds left.
|
|t:|1760885571
|switch|p2a: Pecharunt|Pecharunt|100/100
|-damage|p2a: Pecharunt|88/100|[from] Stealth Rock
|turn|21
|
|t:|1760885580
|switch|p1a: Great Tusk|Great Tusk|57/100
|-damage|p1a: Great Tusk|54/100|[from] Stealth Rock
|move|p2a: Pecharunt|Parting Shot|p1a: Great Tusk
|-unboost|p1a: Great Tusk|atk|1
|-unboost|p1a: Great Tusk|spa|1
|inactive|Separation has 210 seconds left.
|
|t:|1760885620
|switch|p2a: Gliscor|Gliscor, M|91/100 tox|[from] Parting Shot
|-damage|p2a: Gliscor|78/100 tox|[from] Stealth Rock
|
|-heal|p1a: Great Tusk|60/100|[from] Grassy Terrain
|-heal|p2a: Gliscor|91/100 tox|[from] ability: Poison Heal
|-damage|p1a: Great Tusk|47/100|[from] item: Sticky Barb
|upkeep
|turn|22
|
|t:|1760885632
|move|p1a: Great Tusk|Ice Spinner|p2a: Gliscor
|-supereffective|p2a: Gliscor
|-damage|p2a: Gliscor|34/100 tox
|-fieldend|move: Grassy Terrain
|move|p2a: Gliscor|Swords Dance|p2a: Gliscor
|-boost|p2a: Gliscor|atk|2
|
|-heal|p2a: Gliscor|47/100 tox|[from] ability: Poison Heal
|-damage|p1a: Great Tusk|35/100|[from] item: Sticky Barb
|upkeep
|turn|23
|
|t:|1760885642
|move|p2a: Gliscor|Protect|p2a: Gliscor
|-singleturn|p2a: Gliscor|Protect
|move|p1a: Great Tusk|Ice Spinner|p2a: Gliscor
|-activate|p2a: Gliscor|move: Protect
|
|-heal|p2a: Gliscor|59/100 tox|[from] ability: Poison Heal
|-damage|p1a: Great Tusk|23/100|[from] item: Sticky Barb
|upkeep
|turn|24
|
|t:|1760885651
|move|p1a: Great Tusk|Ice Spinner|p2a: Gliscor
|-supereffective|p2a: Gliscor
|-damage|p2a: Gliscor|0 fnt
|faint|p2a: Gliscor
|
|-damage|p1a: Great Tusk|10/100|[from] item: Sticky Barb
|upkeep
|
|t:|1760885657
|switch|p2a: Great Tusk|Great Tusk|100/100
|-damage|p2a: Great Tusk|98/100|[from] Stealth Rock
|turn|25
|inactive|alh3n has 120 seconds left.
|
|t:|1760885664
|move|p2a: Great Tusk|Headlong Rush|p1a: Great Tusk
|-damage|p1a: Great Tusk|0 fnt
|-unboost|p2a: Great Tusk|def|1
|-unboost|p2a: Great Tusk|spd|1
|faint|p1a: Great Tusk
|-end|p1a: Great Tusk|Protosynthesis|[silent]
|
|upkeep
|inactive|alh3n has 120 seconds left.
|inactive|alh3n has 90 seconds left.
|
|t:|1760885703
|switch|p1a: Rillaboom|Rillaboom, M|94/100
|-damage|p1a: Rillaboom|82/100|[from] Stealth Rock
|-fieldstart|move: Grassy Terrain|[from] ability: Grassy Surge|[of] p1a: Rillaboom
|turn|26
|
|t:|1760885707
|move|p2a: Great Tusk|Headlong Rush|p1a: Rillaboom
|-resisted|p1a: Rillaboom
|-damage|p1a: Rillaboom|47/100
|-unboost|p2a: Great Tusk|def|1
|-unboost|p2a: Great Tusk|spd|1
|move|p1a: Rillaboom|U-turn|p2a: Great Tusk
|-resisted|p2a: Great Tusk
|-damage|p2a: Great Tusk|68/100
|
|t:|1760885715
|switch|p1a: Primarina|Primarina, M|100/100|[from] U-turn
|-damage|p1a: Primarina|88/100|[from] Stealth Rock
|
|-heal|p2a: Great Tusk|74/100|[from] Grassy Terrain
|-heal|p1a: Primarina|94/100|[from] Grassy Terrain
|-heal|p1a: Primarina|100/100|[from] item: Leftovers
|upkeep
|turn|27
|
|t:|1760885735
|-end|p2a: Great Tusk|Protosynthesis|[silent]
|switch|p2a: Pecharunt|Pecharunt|88/100
|-damage|p2a: Pecharunt|76/100|[from] Stealth Rock
|move|p1a: Primarina|Psychic Noise|p2a: Pecharunt
|-damage|p2a: Pecharunt|41/100
|-start|p2a: Pecharunt|move: Heal Block
|
|upkeep
|turn|28
|inactive|Separation has 240 seconds left.
|inactive|alh3n has 90 seconds left.
|
|t:|1760885754
|switch|p1a: Garganacl|Garganacl, M|73/100
|-damage|p1a: Garganacl|60/100|[from] Stealth Rock
|move|p2a: Pecharunt|Parting Shot|p1a: Garganacl
|-unboost|p1a: Garganacl|atk|1
|-unboost|p1a: Garganacl|spa|1
|
|t:|1760885757
|switch|p2a: Great Tusk|Great Tusk|74/100|[from] Parting Shot
|-damage|p2a: Great Tusk|71/100|[from] Stealth Rock
|
|-heal|p2a: Great Tusk|78/100|[from] Grassy Terrain
|-heal|p1a: Garganacl|67/100|[from] Grassy Terrain
|-heal|p1a: Garganacl|73/100|[from] item: Leftovers
|upkeep
|turn|29
|inactive|alh3n has 90 seconds left.
|inactive|alh3n has 60 seconds left.
|
|t:|1760885822
|switch|p1a: Rillaboom|Rillaboom, M|47/100
|-damage|p1a: Rillaboom|34/100|[from] Stealth Rock
|move|p2a: Great Tusk|Headlong Rush|p1a: Rillaboom
|-resisted|p1a: Rillaboom
|-damage|p1a: Rillaboom|0 fnt
|-unboost|p2a: Great Tusk|def|1
|-unboost|p2a: Great Tusk|spd|1
|faint|p1a: Rillaboom
|
|-heal|p2a: Great Tusk|84/100|[from] Grassy Terrain
|upkeep
|
|t:|1760885824
|switch|p1a: Primarina|Primarina, M|100/100
|-damage|p1a: Primarina|88/100|[from] Stealth Rock
|turn|30
|
|t:|1760885852
|-end|p2a: Great Tusk|Protosynthesis|[silent]
|switch|p2a: Clefable|Clefable, M|85/100
|move|p1a: Primarina|Psychic Noise|p2a: Clefable
|-damage|p2a: Clefable|55/100
|-start|p2a: Clefable|move: Heal Block
|
|-heal|p1a: Primarina|94/100|[from] Grassy Terrain
|-heal|p1a: Primarina|100/100|[from] item: Leftovers
|-fieldend|move: Grassy Terrain
|upkeep
|turn|31
|inactive|alh3n has 60 seconds left.
|
|t:|1760885861
|switch|p2a: Pecharunt|Pecharunt|41/100
|-damage|p2a: Pecharunt|29/100|[from] Stealth Rock
|move|p1a: Primarina|Calm Mind|p1a: Primarina
|-boost|p1a: Primarina|spa|1
|-boost|p1a: Primarina|spd|1
|
|upkeep
|turn|32
|
|t:|1760885871
|move|p2a: Pecharunt|Malignant Chain|p1a: Primarina
|-supereffective|p1a: Primarina
|-damage|p1a: Primarina|61/100
|move|p1a: Primarina|Psychic Noise|p2a: Pecharunt
|-damage|p2a: Pecharunt|0 fnt
|faint|p2a: Pecharunt
|
|-heal|p1a: Primarina|68/100|[from] item: Leftovers
|upkeep
|
|t:|1760885896
|switch|p2a: Great Tusk|Great Tusk|84/100
|-damage|p2a: Great Tusk|81/100|[from] Stealth Rock
|turn|33
|
|t:|1760885902
|move|p2a: Great Tusk|Headlong Rush|p1a: Primarina
|-damage|p1a: Primarina|0 fnt
|-unboost|p2a: Great Tusk|def|1
|-unboost|p2a: Great Tusk|spd|1
|faint|p1a: Primarina
|
|upkeep
|
|t:|1760885904
|switch|p1a: Garganacl|Garganacl, M|73/100
|-damage|p1a: Garganacl|60/100|[from] Stealth Rock
|turn|34
|
|t:|1760885906
|move|p2a: Great Tusk|Headlong Rush|p1a: Garganacl
|-supereffective|p1a: Garganacl
|-damage|p1a: Garganacl|0 fnt
|-unboost|p2a: Great Tusk|def|1
|-unboost|p2a: Great Tusk|spd|1
|faint|p1a: Garganacl
|
|win|Separation
|c|☆Separation|ggs
|c|☆alh3n|ggs
|c|☆alh3n|gl in finals
|player|p1|
|c|☆Separation|ty bro
