|j|☆tuffasatip
|j|☆palvius
|t:|1760870687
|gametype|singles
|player|p1|tuffasatip|ghetsis|1187
|player|p2|palvius|nate|1117
|gen|9
|tier|[Gen 9] OU
|rated|
|rule|HP Percentage Mod: HP is shown in percentages
|rule|Endless Battle Clause: Forcing endless battles is banned
|rule|Species Clause: Limit one of each Pokémon
|rule|OHKO Clause: OHKO moves are banned
|rule|Evasion Items Clause: Evasion items are banned
|rule|Evasion Moves Clause: Evasion moves are banned
|rule|Evasion Abilities Clause: Evasion abilities are banned
|rule|Sleep Moves Clause: Sleep-inducing moves are banned
|clearpoke
|poke|p1|Magnezone|
|poke|p1|Dragapult, F|
|poke|p1|Zamazenta-*|
|poke|p1|Slowking-Galar, F|
|poke|p1|Ting-Lu|
|poke|p1|Corviknight, M|
|poke|p2|Galvantula, F|
|poke|p2|Excadrill, F|
|poke|p2|Primarina, F|
|poke|p2|Serperior, M|
|poke|p2|Charizard, M|
|poke|p2|Florges-Blue, F|
|teampreview
|inactive|Battle timer is ON: inactive players will automatically lose when time's up. (requested by tuffasatip)
|
|t:|1760870707
|teamsize|p1|6
|teamsize|p2|6
|start
|switch|p1a: Ting-Lu|Ting-Lu|100/100
|switch|p2a: Galvantula|Galvantula, F, shiny|100/100
|-ability|p1a: Ting-Lu|Vessel of Ruin
|turn|1
|
|t:|1760870717
|move|p2a: Galvantula|Sticky Web|p1a: Ting-Lu
|-sidestart|p1: tuffasatip|move: Sticky Web
|move|p1a: Ting-Lu|Stealth Rock|p2a: Galvantula
|-sidestart|p2: palvius|move: Stealth Rock
|
|upkeep
|turn|2
|
|t:|1760870722
|move|p2a: Galvantula|Bug Buzz|p1a: Ting-Lu
|-supereffective|p1a: Ting-Lu
|-damage|p1a: Ting-Lu|57/100
|move|p1a: Ting-Lu|Whirlwind|p2a: Galvantula
|drag|p2a: Charizard|Charizard, M, shiny|100/100
|-damage|p2a: Charizard|50/100|[from] Stealth Rock
|
|-heal|p1a: Ting-Lu|64/100|[from] item: Leftovers
|upkeep
|turn|3
|
|t:|1760870735
|move|p2a: Charizard|Fire Blast|p1a: Ting-Lu
|-damage|p1a: Ting-Lu|34/100
|move|p1a: Ting-Lu|Whirlwind|p2a: Charizard
|drag|p2a: Galvantula|Galvantula, F, shiny|100/100
|-damage|p2a: Galvantula|76/100|[from] Stealth Rock
|
|-heal|p1a: Ting-Lu|40/100|[from] item: Leftovers
|upkeep
|turn|4
|
|t:|1760870747
|move|p2a: Galvantula|Bug Buzz|p1a: Ting-Lu
|-supereffective|p1a: Ting-Lu
|-damage|p1a: Ting-Lu|0 fnt
|faint|p1a: Ting-Lu
|
|upkeep
|
|t:|1760870753
|switch|p1a: Dragapult|Dragapult, F|100/100
|-activate|p1a: Dragapult|move: Sticky Web
|-unboost|p1a: Dragapult|spe|1
|turn|5
|
|t:|1760870759
|move|p2a: Galvantula|Thunder Wave|p1a: Dragapult
|-status|p1a: Dragapult|par
|move|p1a: Dragapult|Shadow Ball|p2a: Galvantula
|-crit|p2a: Galvantula
|-damage|p2a: Galvantula|0 fnt
|faint|p2a: Galvantula
|
|upkeep
|
|t:|1760870769
|switch|p2a: Florges|Florges-Blue, F, shiny|100/100
|-damage|p2a: Florges|88/100|[from] Stealth Rock
|turn|6
|
|t:|1760870775
|switch|p1a: Corviknight|Corviknight, M|100/100
|-ability|p1a: Corviknight|Pressure
|move|p2a: Florges|Sunny Day|p2a: Florges
|-weather|SunnyDay
|
|-weather|SunnyDay|[upkeep]
|upkeep
|turn|7
|
|t:|1760870787
|switch|p2a: Excadrill|Excadrill, F|100/100
|-damage|p2a: Excadrill|97/100|[from] Stealth Rock
|-ability|p2a: Excadrill|Mold Breaker
|-item|p2a: Excadrill|Air Balloon
|move|p1a: Corviknight|Defog|p2a: Excadrill
|-unboost|p2a: Excadrill|evasion|1
|-sideend|p2: palvius|Stealth Rock|[from] move: Defog|[of] p1a: Corviknight
|-sideend|p1: tuffasatip|Sticky Web|[from] move: Defog|[of] p1a: Corviknight
|
|-weather|SunnyDay|[upkeep]
|upkeep
|turn|8
|
|t:|1760870799
|move|p2a: Excadrill|Rapid Spin|p1a: Corviknight
|-resisted|p1a: Corviknight
|-damage|p1a: Corviknight|94/100
|-boost|p2a: Excadrill|spe|1
|-damage|p2a: Excadrill|81/100|[from] item: Rocky Helmet|[of] p1a: Corviknight
|move|p1a: Corviknight|Body Press|p2a: Excadrill
|-supereffective|p2a: Excadrill
|-damage|p2a: Excadrill|17/100
|-enditem|p2a: Excadrill|Air Balloon
|
|-weather|SunnyDay|[upkeep]
|upkeep
|turn|9
|l|☆tuffasatip
|inactive|tuffasatip disconnected and has a minute to reconnect!
|player|p1|
|inactive|tuffasatip has 30 seconds to reconnect!
|inactive|tuffasatip has 20 seconds to reconnect!
|inactive|tuffasatip has 15 seconds to reconnect!
|j|☆tuffasatip
|inactive|tuffasatip reconnected and has 90 seconds left.
|player|p1|tuffasatip|ghetsis|
|
|t:|1760870862
|move|p2a: Excadrill|Stealth Rock|p1a: Corviknight
|-sidestart|p1: tuffasatip|move: Stealth Rock
|move|p1a: Corviknight|Body Press|p2a: Excadrill
|-supereffective|p2a: Excadrill
|-damage|p2a: Excadrill|0 fnt
|faint|p2a: Excadrill
|
|-weather|SunnyDay|[upkeep]
|upkeep
|
|t:|1760870871
|switch|p2a: Charizard|Charizard, M, shiny|50/100
|turn|10
|
|t:|1760870875
|switch|p1a: Slowking|Slowking-Galar, F|100/100
|move|p2a: Charizard|Fire Blast|p1a: Slowking
|-damage|p1a: Slowking|17/100
|
|-weather|SunnyDay|[upkeep]
|-damage|p2a: Charizard|38/100|[from] ability: Solar Power|[of] p2a: Charizard
|upkeep
|turn|11
|
|t:|1760870889
|move|p2a: Charizard|Scorching Sands|p1a: Slowking
|-supereffective|p1a: Slowking
|-damage|p1a: Slowking|0 fnt
|faint|p1a: Slowking
|
|-weather|SunnyDay|[upkeep]
|-damage|p2a: Charizard|26/100|[from] ability: Solar Power|[of] p2a: Charizard
|upkeep
|
|t:|1760870906
|switch|p1a: Zamazenta|Zamazenta|100/100
|-damage|p1a: Zamazenta|94/100|[from] Stealth Rock
|-ability|p1a: Zamazenta|Dauntless Shield|boost
|-boost|p1a: Zamazenta|def|1
|turn|12
|
|t:|1760870915
|move|p1a: Zamazenta|Body Press|p2a: Charizard
|-resisted|p2a: Charizard
|-damage|p2a: Charizard|0 fnt
|faint|p2a: Charizard
|
|-weather|SunnyDay|[upkeep]
|-heal|p1a: Zamazenta|100/100|[from] item: Leftovers
|upkeep
|
|t:|1760870928
|switch|p2a: Serperior|Serperior, M|100/100
|turn|13
|inactive|tuffasatip has 120 seconds left.
|
|t:|1760870938
|-terastallize|p1a: Zamazenta|Fire
|move|p1a: Zamazenta|Iron Defense|p1a: Zamazenta
|-boost|p1a: Zamazenta|def|2
|move|p2a: Serperior|Leaf Storm|p1a: Zamazenta
|-resisted|p1a: Zamazenta
|-damage|p1a: Zamazenta|85/100
|-boost|p2a: Serperior|spa|2
|
|-weather|none
|-heal|p1a: Zamazenta|91/100|[from] item: Leftovers
|upkeep
|turn|14
|
|t:|1760870953
|move|p1a: Zamazenta|Body Press|p2a: Serperior
|-crit|p2a: Serperior
|-damage|p2a: Serperior|0 fnt
|faint|p2a: Serperior
|
|-heal|p1a: Zamazenta|98/100|[from] item: Leftovers
|upkeep
|c|☆tuffasatip|crit didnt matter
|
|t:|1760870963
|switch|p2a: Primarina|Primarina, F|100/100
|turn|15
|
|t:|1760870969
|move|p1a: Zamazenta|Body Press|p2a: Primarina
|-resisted|p2a: Primarina
|-damage|p2a: Primarina|41/100
|move|p2a: Primarina|Calm Mind|p2a: Primarina
|-boost|p2a: Primarina|spa|1
|-boost|p2a: Primarina|spd|1
|
|-heal|p1a: Zamazenta|100/100|[from] item: Leftovers
|upkeep
|turn|16
|
|t:|1760870978
|move|p1a: Zamazenta|Body Press|p2a: Primarina
|-resisted|p2a: Primarina
|-damage|p2a: Primarina|0 fnt
|faint|p2a: Primarina
|
|upkeep
|
|t:|1760870984
|switch|p2a: Florges|Florges-Blue, F, shiny|88/100
|turn|17
|
|t:|1760870987
|move|p1a: Zamazenta|Body Press|p2a: Florges
|-resisted|p2a: Florges
|-damage|p2a: Florges|46/100
|move|p2a: Florges|Moonblast|p1a: Zamazenta
|-resisted|p1a: Zamazenta
|-damage|p1a: Zamazenta|87/100
|-unboost|p1a: Zamazenta|spa|1
|
|-heal|p1a: Zamazenta|94/100|[from] item: Leftovers
|upkeep
|turn|18
|
|t:|1760871004
|-terastallize|p2a: Florges|Steel
|move|p1a: Zamazenta|Iron Defense|p1a: Zamazenta
|-boost|p1a: Zamazenta|def|2
|move|p2a: Florges|Sunny Day|p2a: Florges
|-weather|SunnyDay
|
|-weather|SunnyDay|[upkeep]
|-heal|p1a: Zamazenta|99/100|[from] item: Leftovers
|upkeep
|turn|19
|c|☆tuffasatip|gg wp
|
|t:|1760871014
|move|p1a: Zamazenta|Body Press|p2a: Florges
|-supereffective|p2a: Florges
|-damage|p2a: Florges|0 fnt
|faint|p2a: Florges
|
|win|tuffasatip
|raw|tuffasatip's rating: 1187 &rarr; <strong>1207</strong><br />(+20 for winning)
|raw|palvius's rating: 1117 &rarr; <strong>1097</strong><br />(-20 for losing)
|l|☆palvius
|player|p2|
|l|☆tuffasatip
|player|p1|
