|j|☆ho3nconfirm3d
|j|☆miaoTV-青
|t:|1760876631
|gametype|singles
|player|p1|ho3nconfirm3d|#scl5shoguns|1687
|player|p2|miaoTV-青|elesa|1754
|gen|9
|tier|[Gen 9] OU
|rated|
|rule|HP Percentage Mod: HP is shown in percentages
|rule|Endless Battle Clause: Forcing endless battles is banned
|rule|Species Clause: Limit one of each Pokémon
|rule|OHKO Clause: OHKO moves are banned
|rule|Evasion Items Clause: Evasion items are banned
|rule|Evasion Moves Clause: Evasion moves are banned
|rule|Evasion Abilities Clause: Evasion abilities are banned
|rule|Sleep Moves Clause: Sleep-inducing moves are banned
|clearpoke
|poke|p1|Venusaur, F|
|poke|p1|Hatterene, F|
|poke|p1|Alomomola, F|
|poke|p1|Great Tusk|
|poke|p1|Weavile, M|
|poke|p1|Dragonite, M|
|poke|p2|Ogerpon-Wellspring, F|
|poke|p2|Dondozo, M|
|poke|p2|Cinderace, M|
|poke|p2|Landorus-Therian, M|
|poke|p2|Slowking-Galar, L99, M|
|poke|p2|Tyranitar, M|
|teampreview
|inactive|Battle timer is ON: inactive players will automatically lose when time's up. (requested by miaoTV-青)
|
|t:|1760876651
|teamsize|p1|6
|teamsize|p2|6
|start
|switch|p1a: Weavile|Weavile, M|100/100
|switch|p2a: 林统帅(未坠机版)|Landorus-Therian, M|100/100
|-ability|p2a: 林统帅(未坠机版)|Intimidate|boost
|-unboost|p1a: Weavile|atk|1
|-ability|p1a: Weavile|Pressure
|turn|1
|
|t:|1760876678
|move|p2a: 林统帅(未坠机版)|U-turn|p1a: Weavile
|-supereffective|p1a: Weavile
|-damage|p1a: Weavile|6/100
|
|t:|1760876682
|switch|p2a: 庆丰帝|Slowking-Galar, L99, M, shiny|100/100|[from] U-turn
|move|p1a: Weavile|Knock Off|p2a: 庆丰帝
|-supereffective|p2a: 庆丰帝
|-damage|p2a: 庆丰帝|31/100
|-damage|p1a: Weavile|0 fnt|[from] item: Rocky Helmet|[of] p2a: 庆丰帝
|faint|p1a: Weavile
|
|upkeep
|
|t:|1760876685
|switch|p1a: Great Tusk|Great Tusk|100/100
|turn|2
|
|t:|1760876689
|switch|p2a: 水晶棺|Dondozo, M|100/100
|move|p1a: Great Tusk|Knock Off|p2a: 水晶棺
|-damage|p2a: 水晶棺|91/100
|
|upkeep
|turn|3
|
|t:|1760876702
|-end|p1a: Great Tusk|Protosynthesis|[silent]
|switch|p1a: Venusaur|Venusaur, F|100/100
|switch|p2a: 林统帅(未坠机版)|Landorus-Therian, M|100/100
|-ability|p2a: 林统帅(未坠机版)|Intimidate|boost
|-unboost|p1a: Venusaur|atk|1
|
|upkeep
|turn|4
|
|t:|1760876713
|move|p2a: 林统帅(未坠机版)|U-turn|p1a: Venusaur
|-damage|p1a: Venusaur|80/100
|
|t:|1760876715
|switch|p2a: 庆丰帝|Slowking-Galar, L99, M, shiny|65/100|[from] U-turn
|move|p1a: Venusaur|Knock Off|p2a: 庆丰帝
|-supereffective|p2a: 庆丰帝
|-damage|p2a: 庆丰帝|45/100
|-damage|p1a: Venusaur|64/100|[from] item: Rocky Helmet|[of] p2a: 庆丰帝
|-enditem|p2a: 庆丰帝|Rocky Helmet|[from] move: Knock Off|[of] p1a: Venusaur
|
|-heal|p1a: Venusaur|70/100|[from] item: Leftovers
|upkeep
|turn|5
|j| riyuezi
|
|t:|1760876722
|switch|p1a: Alomomola|Alomomola, F|100/100
|switch|p2a: 林统帅(未坠机版)|Landorus-Therian, M|100/100
|-ability|p2a: 林统帅(未坠机版)|Intimidate|boost
|-unboost|p1a: Alomomola|atk|1
|
|upkeep
|turn|6
|
|t:|1760876725
|switch|p2a: 江母狗|Ogerpon-Wellspring, F|100/100
|move|p1a: Alomomola|Flip Turn|p2a: 江母狗
|-immune|p2a: 江母狗|[from] ability: Water Absorb
|
|upkeep
|turn|7
|
|t:|1760876730
|switch|p1a: Venusaur|Venusaur, F|70/100
|move|p2a: 江母狗|Swords Dance|p2a: 江母狗
|-boost|p2a: 江母狗|atk|2
|
|-heal|p1a: Venusaur|76/100|[from] item: Leftovers
|upkeep
|turn|8
|
|t:|1760876733
|move|p2a: 江母狗|Ivy Cudgel|p1a: Venusaur|[anim] Ivy Cudgel Water
|-resisted|p1a: Venusaur
|-damage|p1a: Venusaur|31/100
|move|p1a: Venusaur|Sludge Bomb|p2a: 江母狗
|-supereffective|p2a: 江母狗
|-damage|p2a: 江母狗|21/100
|-status|p2a: 江母狗|psn
|
|-heal|p1a: Venusaur|37/100|[from] item: Leftovers
|-damage|p2a: 江母狗|9/100 psn|[from] psn
|upkeep
|turn|9
|
|t:|1760876737
|move|p2a: 江母狗|Horn Leech|p1a: Venusaur
|-resisted|p1a: Venusaur
|-damage|p1a: Venusaur|20/100
|-heal|p2a: 江母狗|19/100 psn|[from] drain|[of] p1a: Venusaur
|move|p1a: Venusaur|Synthesis|p1a: Venusaur
|-heal|p1a: Venusaur|70/100
|
|-heal|p1a: Venusaur|76/100|[from] item: Leftovers
|-damage|p2a: 江母狗|7/100 psn|[from] psn
|upkeep
|turn|10
|
|t:|1760876743
|move|p2a: 江母狗|U-turn|p1a: Venusaur
|-damage|p1a: Venusaur|37/100
|
|t:|1760876745
|switch|p2a: 毛腊肉|Tyranitar, M|100/100|[from] U-turn
|-weather|Sandstorm|[from] ability: Sand Stream|[of] p2a: 毛腊肉
|move|p1a: Venusaur|Knock Off|p2a: 毛腊肉
|-resisted|p2a: 毛腊肉
|-damage|p2a: 毛腊肉|94/100
|-enditem|p2a: 毛腊肉|Assault Vest|[from] move: Knock Off|[of] p1a: Venusaur
|
|-weather|Sandstorm|[upkeep]
|-damage|p1a: Venusaur|31/100|[from] Sandstorm
|-heal|p1a: Venusaur|37/100|[from] item: Leftovers
|upkeep
|turn|11
|
|t:|1760876753
|move|p1a: Venusaur|Giga Drain|p2a: 毛腊肉
|-supereffective|p2a: 毛腊肉
|-damage|p2a: 毛腊肉|65/100
|-heal|p1a: Venusaur|53/100|[from] drain|[of] p2a: 毛腊肉
|move|p2a: 毛腊肉|Ice Beam|p1a: Venusaur
|-supereffective|p1a: Venusaur
|-damage|p1a: Venusaur|0 fnt
|faint|p1a: Venusaur
|
|-weather|Sandstorm|[upkeep]
|upkeep
|
|t:|1760876755
|switch|p1a: Great Tusk|Great Tusk|100/100
|turn|12
|
|t:|1760876757
|move|p1a: Great Tusk|Stealth Rock|p2a: 毛腊肉
|-sidestart|p2: miaoTV-青|move: Stealth Rock
|move|p2a: 毛腊肉|Ice Beam|p1a: Great Tusk
|-supereffective|p1a: Great Tusk
|-damage|p1a: Great Tusk|17/100
|
|-weather|Sandstorm|[upkeep]
|upkeep
|turn|13
|
|t:|1760876768
|switch|p2a: 林统帅(未坠机版)|Landorus-Therian, M|100/100
|-damage|p2a: 林统帅(未坠机版)|88/100|[from] Stealth Rock
|-ability|p2a: 林统帅(未坠机版)|Intimidate|boost
|-unboost|p1a: Great Tusk|atk|1
|move|p1a: Great Tusk|Knock Off|p2a: 林统帅(未坠机版)
|-damage|p2a: 林统帅(未坠机版)|62/100
|-enditem|p2a: 林统帅(未坠机版)|Choice Scarf|[from] move: Knock Off|[of] p1a: Great Tusk
|
|-weather|Sandstorm|[upkeep]
|upkeep
|turn|14
|
|t:|1760876775
|-end|p1a: Great Tusk|Protosynthesis|[silent]
|switch|p1a: Alomomola|Alomomola, F|100/100
|move|p2a: 林统帅(未坠机版)|Earthquake|p1a: Alomomola
|-damage|p1a: Alomomola|55/100
|
|-weather|none
|upkeep
|turn|15
|
|t:|1760876780
|move|p2a: 林统帅(未坠机版)|Earthquake|p1a: Alomomola
|-damage|p1a: Alomomola|12/100
|move|p1a: Alomomola|Flip Turn|p2a: 林统帅(未坠机版)
|-supereffective|p2a: 林统帅(未坠机版)
|-damage|p2a: 林统帅(未坠机版)|26/100
|
|t:|1760876784
|switch|p1a: Dragonite|Dragonite, M|100/100|[from] Flip Turn
|
|upkeep
|turn|16
|
|t:|1760876795
|switch|p2a: 庆丰帝|Slowking-Galar, L99, M, shiny|78/100
|-damage|p2a: 庆丰帝|66/100|[from] Stealth Rock
|move|p1a: Dragonite|Dragon Dance|p1a: Dragonite
|-boost|p1a: Dragonite|atk|1
|-boost|p1a: Dragonite|spe|1
|
|upkeep
|turn|17
|
|t:|1760876803
|-terastallize|p2a: 庆丰帝|Fighting
|move|p1a: Dragonite|Earthquake|p2a: 庆丰帝
|-damage|p2a: 庆丰帝|26/100
|move|p2a: 庆丰帝|Ice Beam|p1a: Dragonite
|-supereffective|p1a: Dragonite
|-damage|p1a: Dragonite|53/100
|
|-heal|p1a: Dragonite|59/100|[from] item: Leftovers
|upkeep
|turn|18
|
|t:|1760876811
|switch|p2a: 水晶棺|Dondozo, M|91/100
|-damage|p2a: 水晶棺|78/100|[from] Stealth Rock
|move|p1a: Dragonite|Earthquake|p2a: 水晶棺
|-damage|p2a: 水晶棺|62/100
|
|-heal|p1a: Dragonite|65/100|[from] item: Leftovers
|upkeep
|turn|19
|
|t:|1760876821
|move|p1a: Dragonite|Earthquake|p2a: 水晶棺
|-damage|p2a: 水晶棺|46/100
|move|p2a: 水晶棺|Curse|p2a: 水晶棺
|-unboost|p2a: 水晶棺|spe|1
|-boost|p2a: 水晶棺|atk|1
|-boost|p2a: 水晶棺|def|1
|
|-heal|p1a: Dragonite|71/100|[from] item: Leftovers
|upkeep
|turn|20
|
|t:|1760876825
|move|p1a: Dragonite|Encore|p2a: 水晶棺
|-start|p2a: 水晶棺|Encore
|move|p2a: 水晶棺|Curse|p2a: 水晶棺
|-unboost|p2a: 水晶棺|spe|1
|-boost|p2a: 水晶棺|atk|1
|-boost|p2a: 水晶棺|def|1
|
|-heal|p1a: Dragonite|78/100|[from] item: Leftovers
|upkeep
|turn|21
|
|t:|1760876829
|switch|p2a: 毛腊肉|Tyranitar, M|65/100
|-damage|p2a: 毛腊肉|53/100|[from] Stealth Rock
|-weather|Sandstorm|[from] ability: Sand Stream|[of] p2a: 毛腊肉
|-terastallize|p1a: Dragonite|Fairy
|move|p1a: Dragonite|Tera Blast|p2a: 毛腊肉|[anim] Tera Blast Fairy
|-supereffective|p2a: 毛腊肉
|-damage|p2a: 毛腊肉|0 fnt
|faint|p2a: 毛腊肉
|
|-weather|Sandstorm|[upkeep]
|-damage|p1a: Dragonite|71/100|[from] Sandstorm
|-heal|p1a: Dragonite|78/100|[from] item: Leftovers
|upkeep
|-message|miaoTV-青 forfeited.
|
|win|ho3nconfirm3d
|raw|ho3nconfirm3d's rating: 1687 &rarr; <strong>1711</strong><br />(+24 for winning)
|raw|miaoTV-青's rating: 1754 &rarr; <strong>1730</strong><br />(-24 for losing)
|l|☆miaoTV-青
|player|p2|
|l|☆ho3nconfirm3d
|player|p1|
|l| riyuezi
