|j|☆scrubtest98
|j|☆Himbus
|t:|1760754720
|gametype|singles
|player|p1|scrubtest98|265|1401
|player|p2|Himbus|benga|1395
|gen|9
|tier|[Gen 9] OU
|rated|
|rule|HP Percentage Mod: HP is shown in percentages
|rule|Endless Battle Clause: Forcing endless battles is banned
|rule|Species Clause: Limit one of each Pokémon
|rule|OHKO Clause: OHKO moves are banned
|rule|Evasion Items Clause: Evasion items are banned
|rule|Evasion Moves Clause: Evasion moves are banned
|rule|Evasion Abilities Clause: Evasion abilities are banned
|rule|Sleep Moves Clause: Sleep-inducing moves are banned
|clearpoke
|poke|p1|Zamazenta-*|
|poke|p1|Ninetales-Alola, F|
|poke|p1|Darkrai|
|poke|p1|Ceruledge, M|
|poke|p1|Gliscor, M|
|poke|p1|Hatterene, F|
|poke|p2|Slowbro, M|
|poke|p2|Ursaluna, M|
|poke|p2|Enamorus-Therian, F|
|poke|p2|Crawdaunt, M|
|poke|p2|Goodra-Hisui, M|
|poke|p2|Cresselia, F|
|teampreview
|inactive|Battle timer is ON: inactive players will automatically lose when time's up. (requested by Himbus)
|l|☆scrubtest98
|inactive|scrubtest98 disconnected and has a minute to reconnect!
|player|p1|
|j|☆scrubtest98
|inactive|scrubtest98 reconnected and has 130 seconds left.
|player|p1|scrubtest98|265|
|
|t:|1760754748
|teamsize|p1|6
|teamsize|p2|6
|start
|switch|p1a: Ninetales|Ninetales-Alola, F|100/100
|switch|p2a: Uh..|Slowbro, M, shiny|100/100
|-weather|Snowscape|[from] ability: Snow Warning|[of] p1a: Ninetales
|turn|1
|
|t:|1760754754
|move|p1a: Ninetales|Aurora Veil|p1a: Ninetales
|-sidestart|p1: scrubtest98|move: Aurora Veil
|move|p2a: Uh..|Trick Room|p2a: Uh..
|-fieldstart|move: Trick Room|[of] p2a: Uh..
|
|-weather|Snowscape|[upkeep]
|upkeep
|turn|2
|
|t:|1760754770
|move|p2a: Uh..|Scald|p1a: Ninetales
|-damage|p1a: Ninetales|87/100
|move|p1a: Ninetales|Roar|p2a: Uh..
|drag|p2a: Freddy 5 Bear!|Ursaluna, M, shiny|100/100
|
|-weather|Snowscape|[upkeep]
|-status|p2a: Freddy 5 Bear!|brn|[from] item: Flame Orb
|upkeep
|turn|3
|inactive|Himbus has 120 seconds left.
|
|t:|1760754803
|switch|p2a: Goondra🧴|Goodra-Hisui, M|100/100
|switch|p1a: Zamazenta|Zamazenta|100/100
|-ability|p1a: Zamazenta|Dauntless Shield|boost
|-boost|p1a: Zamazenta|def|1
|
|-weather|Snowscape|[upkeep]
|upkeep
|turn|4
|inactive|Himbus has 120 seconds left.
|
|t:|1760754817
|switch|p2a: Uh..|Slowbro, M, shiny|100/100
|move|p1a: Zamazenta|Body Press|p2a: Uh..
|-resisted|p2a: Uh..
|-damage|p2a: Uh..|81/100
|
|-weather|Snowscape|[upkeep]
|upkeep
|turn|5
|
|t:|1760754823
|move|p2a: Uh..|Scald|p1a: Zamazenta
|-damage|p1a: Zamazenta|88/100
|move|p1a: Zamazenta|Iron Defense|p1a: Zamazenta
|-boost|p1a: Zamazenta|def|2
|
|-weather|none
|-fieldend|move: Trick Room
|upkeep
|turn|6
|
|t:|1760754832
|move|p1a: Zamazenta|Crunch|p2a: Uh..
|-supereffective|p2a: Uh..
|-damage|p2a: Uh..|45/100
|move|p2a: Uh..|Scald|p1a: Zamazenta
|-damage|p1a: Zamazenta|77/100
|
|upkeep
|turn|7
|
|t:|1760754838
|switch|p2a: Ugly :/|Enamorus-Therian, F|100/100
|move|p1a: Zamazenta|Body Press|p2a: Ugly :/
|-resisted|p2a: Ugly :/
|-damage|p2a: Ugly :/|82/100
|
|upkeep
|turn|8
|
|t:|1760754847
|switch|p1a: Ceruledge|Ceruledge, M|100/100
|move|p2a: Ugly :/|Moonblast|p1a: Ceruledge
|-resisted|p1a: Ceruledge
|-damage|p1a: Ceruledge|90/100
|
|-sideend|p1: scrubtest98|move: Aurora Veil
|upkeep
|turn|9
|l|☆scrubtest98
|inactive|scrubtest98 disconnected and has a minute to reconnect!
|player|p1|
|j|☆scrubtest98
|inactive|scrubtest98 reconnected and has 125 seconds left.
|player|p1|scrubtest98|265|
|inactive|scrubtest98 has 120 seconds left.
|
|t:|1760754878
|move|p1a: Ceruledge|Bulk Up|p1a: Ceruledge
|-boost|p1a: Ceruledge|atk|1
|-boost|p1a: Ceruledge|def|1
|move|p2a: Ugly :/|Earth Power|p1a: Ceruledge
|-supereffective|p1a: Ceruledge
|-damage|p1a: Ceruledge|35/100
|
|upkeep
|turn|10
|
|t:|1760754892
|-terastallize|p1a: Ceruledge|Bug
|move|p1a: Ceruledge|Bitter Blade|p2a: Ugly :/
|-damage|p2a: Ugly :/|29/100
|-heal|p1a: Ceruledge|61/100|[from] drain|[of] p2a: Ugly :/
|move|p2a: Ugly :/|Earth Power|p1a: Ceruledge
|-resisted|p1a: Ceruledge
|-crit|p1a: Ceruledge
|-damage|p1a: Ceruledge|39/100
|
|upkeep
|turn|11
|
|t:|1760754915
|-terastallize|p2a: Ugly :/|Fire
|move|p1a: Ceruledge|Bitter Blade|p2a: Ugly :/
|-resisted|p2a: Ugly :/
|-damage|p2a: Ugly :/|5/100
|-heal|p1a: Ceruledge|51/100|[from] drain|[of] p2a: Ugly :/
|move|p2a: Ugly :/|Moonblast|p1a: Ceruledge
|-damage|p1a: Ceruledge|9/100
|
|upkeep
|turn|12
|
|t:|1760754925
|switch|p2a: Livin Like Larry🦞|Crawdaunt, M|100/100
|move|p1a: Ceruledge|Bitter Blade|p2a: Livin Like Larry🦞
|-resisted|p2a: Livin Like Larry🦞
|-damage|p2a: Livin Like Larry🦞|67/100
|-heal|p1a: Ceruledge|25/100|[from] drain|[of] p2a: Livin Like Larry🦞
|
|upkeep
|turn|13
|
|t:|1760754935
|move|p2a: Livin Like Larry🦞|Aqua Jet|p1a: Ceruledge
|-damage|p1a: Ceruledge|2/100
|move|p1a: Ceruledge|Bitter Blade|p2a: Livin Like Larry🦞
|-resisted|p2a: Livin Like Larry🦞
|-damage|p2a: Livin Like Larry🦞|33/100
|-heal|p1a: Ceruledge|19/100|[from] drain|[of] p2a: Livin Like Larry🦞
|
|upkeep
|turn|14
|
|t:|1760754941
|move|p1a: Ceruledge|Shadow Sneak|p2a: Livin Like Larry🦞
|-resisted|p2a: Livin Like Larry🦞
|-damage|p2a: Livin Like Larry🦞|19/100
|move|p2a: Livin Like Larry🦞|Aqua Jet|p1a: Ceruledge
|-damage|p1a: Ceruledge|0 fnt
|faint|p1a: Ceruledge
|
|upkeep
|
|t:|1760754944
|switch|p1a: Ninetales|Ninetales-Alola, F|87/100
|-weather|Snowscape|[from] ability: Snow Warning|[of] p1a: Ninetales
|turn|15
|
|t:|1760754949
|move|p1a: Ninetales|Aurora Veil|p1a: Ninetales
|-sidestart|p1: scrubtest98|move: Aurora Veil
|move|p2a: Livin Like Larry🦞|Knock Off|p1a: Ninetales
|-resisted|p1a: Ninetales
|-damage|p1a: Ninetales|72/100
|-enditem|p1a: Ninetales|Light Clay|[from] move: Knock Off|[of] p2a: Livin Like Larry🦞
|
|-weather|Snowscape|[upkeep]
|upkeep
|turn|16
|l|☆scrubtest98
|inactive|scrubtest98 disconnected and has a minute to reconnect!
|player|p1|
|j|☆scrubtest98
|inactive|scrubtest98 reconnected.
|player|p1|scrubtest98|265|
|inactive|Himbus has 120 seconds left.
|
|t:|1760754979
|move|p2a: Livin Like Larry🦞|Aqua Jet|p1a: Ninetales
|-damage|p1a: Ninetales|59/100
|move|p1a: Ninetales|Freeze-Dry|p2a: Livin Like Larry🦞
|-supereffective|p2a: Livin Like Larry🦞
|-damage|p2a: Livin Like Larry🦞|0 fnt
|faint|p2a: Livin Like Larry🦞
|
|-weather|Snowscape|[upkeep]
|upkeep
|
|t:|1760754983
|switch|p2a: Sailor moon.+*•|Cresselia, F, shiny|100/100
|turn|17
|
|t:|1760754989
|move|p1a: Ninetales|Roar|p2a: Sailor moon.+*•
|drag|p2a: Uh..|Slowbro, M, shiny|79/100
|
|-weather|Snowscape|[upkeep]
|upkeep
|turn|18
|
|t:|1760754993
|move|p1a: Ninetales|Roar|p2a: Uh..
|drag|p2a: Ugly :/|Enamorus-Therian, F, tera:Fire|5/100
|
|-weather|Snowscape|[upkeep]
|upkeep
|turn|19
|
|t:|1760755002
|switch|p2a: Uh..|Slowbro, M, shiny|100/100
|move|p1a: Ninetales|Freeze-Dry|p2a: Uh..
|-supereffective|p2a: Uh..
|-damage|p2a: Uh..|65/100
|
|-weather|none
|upkeep
|turn|20
|
|t:|1760755006
|move|p1a: Ninetales|Freeze-Dry|p2a: Uh..
|-supereffective|p2a: Uh..
|-damage|p2a: Uh..|30/100
|move|p2a: Uh..|Trick Room|p2a: Uh..
|-fieldstart|move: Trick Room|[of] p2a: Uh..
|
|upkeep
|turn|21
|
|t:|1760755014
|switch|p2a: Goondra🧴|Goodra-Hisui, M|100/100
|move|p1a: Ninetales|Freeze-Dry|p2a: Goondra🧴
|-damage|p2a: Goondra🧴|87/100
|
|upkeep
|turn|22
|
|t:|1760755022
|switch|p1a: Hatterene|Hatterene, F|100/100
|move|p2a: Goondra🧴|Flash Cannon|p1a: Hatterene
|-supereffective|p1a: Hatterene
|-damage|p1a: Hatterene|34/100
|
|-heal|p1a: Hatterene|40/100|[from] item: Leftovers
|-sideend|p1: scrubtest98|move: Aurora Veil
|upkeep
|turn|23
|
|t:|1760755028
|move|p1a: Hatterene|Mystical Fire|p2a: Goondra🧴
|-damage|p2a: Goondra🧴|72/100
|-unboost|p2a: Goondra🧴|spa|1
|move|p2a: Goondra🧴|Flash Cannon|p1a: Hatterene
|-supereffective|p1a: Hatterene
|-damage|p1a: Hatterene|0 fnt
|faint|p1a: Hatterene
|
|upkeep
|
|t:|1760755032
|switch|p1a: Gliscor|Gliscor, M|100/100
|turn|24
|
|t:|1760755037
|switch|p2a: Uh..|Slowbro, M, shiny|63/100
|move|p1a: Gliscor|Swords Dance|p1a: Gliscor
|-boost|p1a: Gliscor|atk|2
|
|-fieldend|move: Trick Room
|-status|p1a: Gliscor|tox|[from] item: Toxic Orb
|upkeep
|turn|25
|
|t:|1760755043
|move|p1a: Gliscor|Facade|p2a: Uh..
|-damage|p2a: Uh..|18/100
|move|p2a: Uh..|Scald|p1a: Gliscor
|-supereffective|p1a: Gliscor
|-damage|p1a: Gliscor|39/100 tox
|
|-heal|p1a: Gliscor|52/100 tox|[from] ability: Poison Heal
|upkeep
|turn|26
|
|t:|1760755048
|switch|p2a: Ugly :/|Enamorus-Therian, F, tera:Fire|5/100
|move|p1a: Gliscor|Facade|p2a: Ugly :/
|-damage|p2a: Ugly :/|0 fnt
|faint|p2a: Ugly :/
|
|-heal|p1a: Gliscor|64/100 tox|[from] ability: Poison Heal
|upkeep
|
|t:|1760755062
|switch|p2a: Uh..|Slowbro, M, shiny|52/100
|turn|27
|
|t:|1760755070
|move|p1a: Gliscor|Earthquake|p2a: Uh..
|-damage|p2a: Uh..|3/100
|move|p2a: Uh..|Trick Room|p2a: Uh..
|-fieldstart|move: Trick Room|[of] p2a: Uh..
|
|-heal|p1a: Gliscor|77/100 tox|[from] ability: Poison Heal
|upkeep
|turn|28
|
|t:|1760755081
|move|p2a: Uh..|Scald|p1a: Gliscor
|-supereffective|p1a: Gliscor
|-crit|p1a: Gliscor
|-damage|p1a: Gliscor|0 fnt
|faint|p1a: Gliscor
|
|upkeep
|
|t:|1760755089
|switch|p1a: Darkrai|Darkrai|100/100
|turn|29
|
|t:|1760755092
|move|p2a: Uh..|Body Press|p1a: Darkrai
|-supereffective|p1a: Darkrai
|-damage|p1a: Darkrai|46/100
|move|p1a: Darkrai|Dark Pulse|p2a: Uh..
|-supereffective|p2a: Uh..
|-damage|p2a: Uh..|0 fnt
|faint|p2a: Uh..
|
|-heal|p1a: Darkrai|52/100|[from] item: Leftovers
|upkeep
|
|t:|1760755099
|switch|p2a: Freddy 5 Bear!|Ursaluna, M, shiny|100/100 brn
|turn|30
|
|t:|1760755106
|switch|p1a: Zamazenta|Zamazenta|77/100
|move|p2a: Freddy 5 Bear!|Facade|p1a: Zamazenta
|-crit|p1a: Zamazenta
|-damage|p1a: Zamazenta|0 fnt
|faint|p1a: Zamazenta
|
|-damage|p2a: Freddy 5 Bear!|94/100 brn|[from] brn
|upkeep
|-message|scrubtest98 forfeited.
|
|win|Himbus
|raw|scrubtest98's rating: 1401 &rarr; <strong>1381</strong><br />(-20 for losing)
|raw|Himbus's rating: 1395 &rarr; <strong>1415</strong><br />(+20 for winning)
|l|☆scrubtest98
|player|p1|
|l|☆Himbus
|player|p2|
