|j|☆toyourtown
|j|☆kharionn
|t:|1760746913
|gametype|singles
|player|p1|toyourtown|boarder|1147
|player|p2|kharionn|265|1095
|gen|9
|tier|[Gen 9] OU
|rated|
|rule|HP Percentage Mod: HP is shown in percentages
|rule|Endless Battle Clause: Forcing endless battles is banned
|rule|Species Clause: Limit one of each Pokémon
|rule|OHKO Clause: OHKO moves are banned
|rule|Evasion Items Clause: Evasion items are banned
|rule|Evasion Moves Clause: Evasion moves are banned
|rule|Evasion Abilities Clause: Evasion abilities are banned
|rule|Sleep Moves Clause: Sleep-inducing moves are banned
|clearpoke
|poke|p1|Ting-Lu|
|poke|p1|Zamazenta-*|
|poke|p1|Kingambit, M|
|poke|p1|Dragapult, F|
|poke|p1|Gliscor, F|
|poke|p1|Garganacl, M|
|poke|p2|Mamoswine, F|
|poke|p2|Emboar, F|
|poke|p2|Pachirisu, M|
|poke|p2|Magcargo, F|
|poke|p2|Ariados, F|
|poke|p2|Iron Leaves|
|teampreview
|inactive|Battle timer is ON: inactive players will automatically lose when time's up. (requested by toyourtown)
|
|t:|1760746926
|teamsize|p1|6
|teamsize|p2|6
|start
|switch|p1a: Garganacl|Garganacl, M|100/100
|switch|p2a: Ariados|Ariados, F|100/100
|turn|1
|
|t:|1760746933
|move|p2a: Ariados|Sticky Web|p1a: Garganacl
|-sidestart|p1: toyourtown|move: Sticky Web
|move|p1a: Garganacl|Stealth Rock|p2a: Ariados
|-sidestart|p2: kharionn|move: Stealth Rock
|
|upkeep
|turn|2
|
|t:|1760746942
|move|p2a: Ariados|Night Shade|p1a: Garganacl
|-damage|p1a: Garganacl|76/100
|move|p1a: Garganacl|Salt Cure|p2a: Ariados
|-supereffective|p2a: Ariados
|-damage|p2a: Ariados|62/100
|-start|p2a: Ariados|Salt Cure
|
|-damage|p2a: Ariados|49/100|[from] Salt Cure
|upkeep
|turn|3
|
|t:|1760746954
|switch|p2a: Mamoswine|Mamoswine, F, shiny|100/100
|-damage|p2a: Mamoswine|88/100|[from] Stealth Rock
|move|p1a: Garganacl|Salt Cure|p2a: Mamoswine
|-damage|p2a: Mamoswine|74/100
|-start|p2a: Mamoswine|Salt Cure
|
|-damage|p2a: Mamoswine|61/100|[from] Salt Cure
|upkeep
|turn|4
|
|t:|1760746964
|switch|p1a: Gliscor|Gliscor, F|100/100
|move|p2a: Mamoswine|Earthquake|p1a: Gliscor
|-immune|p1a: Gliscor
|
|-damage|p2a: Mamoswine|49/100|[from] Salt Cure
|-status|p1a: Gliscor|tox|[from] item: Toxic Orb
|upkeep
|turn|5
|
|t:|1760746981
|switch|p2a: Magcargo|Magcargo, F|100/100
|-damage|p2a: Magcargo|76/100|[from] Stealth Rock
|-item|p2a: Magcargo|Air Balloon
|move|p1a: Gliscor|Facade|p2a: Magcargo
|-resisted|p2a: Magcargo
|-damage|p2a: Magcargo|61/100
|-enditem|p2a: Magcargo|Air Balloon
|
|upkeep
|turn|6
|
|t:|1760746994
|move|p1a: Gliscor|Facade|p2a: Magcargo
|-resisted|p2a: Magcargo
|-damage|p2a: Magcargo|46/100
|move|p2a: Magcargo|Overheat|p1a: Gliscor
|-damage|p1a: Gliscor|35/100 tox
|-unboost|p2a: Magcargo|spa|2
|
|-heal|p1a: Gliscor|47/100 tox|[from] ability: Poison Heal
|upkeep
|turn|7
|
|t:|1760747004
|move|p1a: Gliscor|Knock Off|p2a: Magcargo
|-crit|p2a: Magcargo
|-damage|p2a: Magcargo|23/100
|move|p2a: Magcargo|Shell Smash|p2a: Magcargo
|-unboost|p2a: Magcargo|def|1
|-unboost|p2a: Magcargo|spd|1
|-boost|p2a: Magcargo|atk|2
|-boost|p2a: Magcargo|spa|2
|-boost|p2a: Magcargo|spe|2
|
|-heal|p1a: Gliscor|60/100 tox|[from] ability: Poison Heal
|upkeep
|turn|8
|
|t:|1760747014
|move|p1a: Gliscor|Protect|p1a: Gliscor
|-singleturn|p1a: Gliscor|Protect
|move|p2a: Magcargo|Overheat|p1a: Gliscor
|-activate|p1a: Gliscor|move: Protect
|
|-heal|p1a: Gliscor|72/100 tox|[from] ability: Poison Heal
|upkeep
|turn|9
|
|t:|1760747023
|move|p2a: Magcargo|Overheat|p1a: Gliscor
|-damage|p1a: Gliscor|4/100 tox
|-unboost|p2a: Magcargo|spa|2
|move|p1a: Gliscor|Facade|p2a: Magcargo
|-resisted|p2a: Magcargo
|-damage|p2a: Magcargo|0 fnt
|faint|p2a: Magcargo
|
|-heal|p1a: Gliscor|17/100 tox|[from] ability: Poison Heal
|upkeep
|
|t:|1760747042
|switch|p2a: Mamoswine|Mamoswine, F, shiny|49/100
|-damage|p2a: Mamoswine|37/100|[from] Stealth Rock
|turn|10
|
|t:|1760747048
|move|p1a: Gliscor|Protect|p1a: Gliscor
|-singleturn|p1a: Gliscor|Protect
|move|p2a: Mamoswine|Body Slam|p1a: Gliscor
|-activate|p1a: Gliscor|move: Protect
|
|-heal|p1a: Gliscor|29/100 tox|[from] ability: Poison Heal
|upkeep
|turn|11
|
|t:|1760747057
|move|p1a: Gliscor|Facade|p2a: Mamoswine
|-damage|p2a: Mamoswine|5/100
|move|p2a: Mamoswine|Body Slam|p1a: Gliscor
|-damage|p1a: Gliscor|3/100 tox
|
|-heal|p1a: Gliscor|16/100 tox|[from] ability: Poison Heal
|upkeep
|turn|12
|
|t:|1760747067
|move|p1a: Gliscor|Protect|p1a: Gliscor
|-singleturn|p1a: Gliscor|Protect
|move|p2a: Mamoswine|Body Slam|p1a: Gliscor
|-activate|p1a: Gliscor|move: Protect
|
|-heal|p1a: Gliscor|28/100 tox|[from] ability: Poison Heal
|upkeep
|turn|13
|
|t:|1760747075
|move|p1a: Gliscor|Knock Off|p2a: Mamoswine
|-damage|p2a: Mamoswine|0 fnt
|-enditem|p2a: Mamoswine|Choice Band|[from] move: Knock Off|[of] p1a: Gliscor
|faint|p2a: Mamoswine
|
|-heal|p1a: Gliscor|41/100 tox|[from] ability: Poison Heal
|upkeep
|
|t:|1760747086
|switch|p2a: Iron Leaves|Iron Leaves|100/100
|-damage|p2a: Iron Leaves|88/100|[from] Stealth Rock
|turn|14
|
|t:|1760747098
|move|p1a: Gliscor|Protect|p1a: Gliscor
|-singleturn|p1a: Gliscor|Protect
|move|p2a: Iron Leaves|Psyblade|p1a: Gliscor
|-activate|p1a: Gliscor|move: Protect
|
|-heal|p1a: Gliscor|53/100 tox|[from] ability: Poison Heal
|upkeep
|turn|15
|
|t:|1760747106
|switch|p1a: Kingambit|Kingambit, M|100/100
|move|p2a: Iron Leaves|Psyblade|p1a: Kingambit
|-immune|p1a: Kingambit
|
|upkeep
|turn|16
|
|t:|1760747112
|-end|p1a: Kingambit|fallenundefined|[silent]
|switch|p1a: Dragapult|Dragapult, F|100/100
|-terastallize|p2a: Iron Leaves|Fighting
|move|p2a: Iron Leaves|Sacred Sword|p1a: Dragapult
|-immune|p1a: Dragapult
|
|upkeep
|turn|17
|
|t:|1760747129
|-end|p2a: Iron Leaves|Quark Drive|[silent]
|switch|p2a: Ariados|Ariados, F|49/100
|move|p1a: Dragapult|Dragon Darts|p2a: Ariados
|-damage|p2a: Ariados|24/100
|-anim|p1a: Dragapult|Dragon Darts|p2a: Ariados
|-damage|p2a: Ariados|0 fnt
|faint|p2a: Ariados
|
|upkeep
|
|t:|1760747138
|switch|p2a: Pachirisu|Pachirisu, M|100/100
|-damage|p2a: Pachirisu|88/100|[from] Stealth Rock
|turn|18
|
|t:|1760747144
|move|p1a: Dragapult|U-turn|p2a: Pachirisu
|-damage|p2a: Pachirisu|62/100
|
|t:|1760747148
|switch|p1a: Ting-Lu|Ting-Lu|100/100|[from] U-turn
|-activate|p1a: Ting-Lu|move: Sticky Web
|-unboost|p1a: Ting-Lu|spe|1
|-ability|p1a: Ting-Lu|Vessel of Ruin
|move|p2a: Pachirisu|Nuzzle|p1a: Ting-Lu
|-immune|p1a: Ting-Lu
|
|-heal|p2a: Pachirisu|68/100|[from] item: Leftovers
|upkeep
|turn|19
|-message|kharionn forfeited.
|
|win|toyourtown
|raw|toyourtown's rating: 1147 &rarr; <strong>1168</strong><br />(+21 for winning)
|raw|kharionn's rating: 1095 &rarr; <strong>1074</strong><br />(-21 for losing)
|l|☆kharionn
|player|p2|
|l|☆toyourtown
|player|p1|
|j|☆toyourtown
|player|p1|toyourtown|boarder|
|l|☆toyourtown
|player|p1|
