|j|☆scald spamm
|j|☆meatrub
|t:|1760877441
|gametype|singles
|player|p1|scald spamm|2|1471
|player|p2|meatrub|swimmer-gen4dp|1487
|gen|9
|tier|[Gen 9] OU
|rated|
|rule|HP Percentage Mod: HP is shown in percentages
|rule|Endless Battle Clause: Forcing endless battles is banned
|rule|Species Clause: Limit one of each Pokémon
|rule|OHKO Clause: OHKO moves are banned
|rule|Evasion Items Clause: Evasion items are banned
|rule|Evasion Moves Clause: Evasion moves are banned
|rule|Evasion Abilities Clause: Evasion abilities are banned
|rule|Sleep Moves Clause: Sleep-inducing moves are banned
|clearpoke
|poke|p1|Excadrill, F|
|poke|p1|Dragapult, F|
|poke|p1|Ogerpon-Wellspring, F|
|poke|p1|Zapdos|
|poke|p1|Heatran, F|
|poke|p1|Iron Valiant|
|poke|p2|Kommo-o, F|
|poke|p2|Ninetales-Alola, F|
|poke|p2|Great Tusk|
|poke|p2|Ogerpon-Wellspring, F|
|poke|p2|Moltres-Galar|
|poke|p2|Scizor, F|
|teampreview
|inactive|Battle timer is ON: inactive players will automatically lose when time's up. (requested by scald spamm)
|
|t:|1760877455
|teamsize|p1|6
|teamsize|p2|6
|start
|switch|p1a: Heatran|Heatran, F|100/100
|switch|p2a: Ninetales|Ninetales-Alola, F|100/100
|-weather|Snowscape|[from] ability: Snow Warning|[of] p2a: Ninetales
|turn|1
|
|t:|1760877466
|move|p2a: Ninetales|Aurora Veil|p2a: Ninetales
|-sidestart|p2: meatrub|move: Aurora Veil
|move|p1a: Heatran|Magma Storm|p2a: Ninetales
|-supereffective|p2a: Ninetales
|-damage|p2a: Ninetales|62/100
|-activate|p2a: Ninetales|move: Magma Storm|[of] p1a: Heatran
|
|-weather|Snowscape|[upkeep]
|-damage|p2a: Ninetales|50/100|[from] move: Magma Storm|[partiallytrapped]
|upkeep
|turn|2
|
|t:|1760877477
|move|p2a: Ninetales|Encore|p1a: Heatran
|-start|p1a: Heatran|Encore
|move|p1a: Heatran|Magma Storm|p2a: Ninetales|[miss]
|-miss|p1a: Heatran|p2a: Ninetales
|
|-weather|Snowscape|[upkeep]
|-damage|p2a: Ninetales|37/100|[from] move: Magma Storm|[partiallytrapped]
|upkeep
|turn|3
|
|t:|1760877487
|move|p2a: Ninetales|Moonblast|p1a: Heatran
|-resisted|p1a: Heatran
|-damage|p1a: Heatran|96/100
|move|p1a: Heatran|Magma Storm|p2a: Ninetales|[miss]
|-miss|p1a: Heatran|p2a: Ninetales
|
|-weather|Snowscape|[upkeep]
|-heal|p1a: Heatran|100/100|[from] item: Leftovers
|-damage|p2a: Ninetales|25/100|[from] move: Magma Storm|[partiallytrapped]
|upkeep
|turn|4
|
|t:|1760877500
|move|p2a: Ninetales|Moonblast|p1a: Heatran
|-resisted|p1a: Heatran
|-damage|p1a: Heatran|97/100
|-unboost|p1a: Heatran|spa|1
|move|p1a: Heatran|Magma Storm|p2a: Ninetales
|-supereffective|p2a: Ninetales
|-crit|p2a: Ninetales
|-damage|p2a: Ninetales|0 fnt
|faint|p2a: Ninetales
|
|-weather|Snowscape|[upkeep]
|-heal|p1a: Heatran|100/100|[from] item: Leftovers
|-end|p1a: Heatran|Encore
|upkeep
|
|t:|1760877513
|switch|p2a: Kommo-o|Kommo-o, F|100/100
|turn|5
|
|t:|1760877518
|move|p2a: Kommo-o|Clangorous Soul|p2a: Kommo-o
|-boost|p2a: Kommo-o|atk|1
|-boost|p2a: Kommo-o|def|1
|-boost|p2a: Kommo-o|spa|1
|-boost|p2a: Kommo-o|spd|1
|-boost|p2a: Kommo-o|spe|1
|-damage|p2a: Kommo-o|68/100
|-enditem|p2a: Kommo-o|Throat Spray
|-boost|p2a: Kommo-o|spa|1|[from] item: Throat Spray
|move|p1a: Heatran|Will-O-Wisp|p2a: Kommo-o|[miss]
|-miss|p1a: Heatran|p2a: Kommo-o
|
|-weather|none
|upkeep
|turn|6
|
|t:|1760877532
|move|p2a: Kommo-o|Drain Punch|p1a: Heatran
|-supereffective|p1a: Heatran
|-damage|p1a: Heatran|24/100
|-heal|p2a: Kommo-o|100/100|[from] drain|[of] p1a: Heatran
|move|p1a: Heatran|Will-O-Wisp|p2a: Kommo-o
|-status|p2a: Kommo-o|brn
|
|-heal|p1a: Heatran|31/100|[from] item: Leftovers
|-damage|p2a: Kommo-o|94/100 brn|[from] brn
|upkeep
|turn|7
|
|t:|1760877545
|move|p1a: Heatran|Protect|p1a: Heatran
|-singleturn|p1a: Heatran|Protect
|move|p2a: Kommo-o|Clangorous Soul|p2a: Kommo-o
|-boost|p2a: Kommo-o|atk|1
|-boost|p2a: Kommo-o|def|1
|-boost|p2a: Kommo-o|spa|1
|-boost|p2a: Kommo-o|spd|1
|-boost|p2a: Kommo-o|spe|1
|-damage|p2a: Kommo-o|61/100 brn
|
|-heal|p1a: Heatran|37/100|[from] item: Leftovers
|-damage|p2a: Kommo-o|55/100 brn|[from] brn
|upkeep
|turn|8
|
|t:|1760877558
|switch|p1a: Zapdos|Zapdos|100/100
|move|p2a: Kommo-o|Drain Punch|p1a: Zapdos
|-resisted|p1a: Zapdos
|-damage|p1a: Zapdos|91/100
|-heal|p2a: Kommo-o|62/100 brn|[from] drain|[of] p1a: Zapdos
|
|-damage|p2a: Kommo-o|55/100 brn|[from] brn
|-sideend|p2: meatrub|move: Aurora Veil
|upkeep
|turn|9
|
|t:|1760877569
|move|p2a: Kommo-o|Boomburst|p1a: Zapdos
|-damage|p1a: Zapdos|0 fnt
|faint|p1a: Zapdos
|
|-damage|p2a: Kommo-o|49/100 brn|[from] brn
|upkeep
|
|t:|1760877579
|switch|p1a: Excadrill|Excadrill, F|100/100
|-ability|p1a: Excadrill|Mold Breaker
|turn|10
|
|t:|1760877585
|-terastallize|p1a: Excadrill|Ghost
|move|p2a: Kommo-o|Flamethrower|p1a: Excadrill
|-damage|p1a: Excadrill|38/100
|move|p1a: Excadrill|Earthquake|p2a: Kommo-o
|-damage|p2a: Kommo-o|25/100 brn
|
|-heal|p1a: Excadrill|44/100|[from] item: Leftovers
|-damage|p2a: Kommo-o|19/100 brn|[from] brn
|upkeep
|turn|11
|
|t:|1760877597
|switch|p1a: Heatran|Heatran, F|37/100
|move|p2a: Kommo-o|Flamethrower|p1a: Heatran
|-start|p1a: Heatran|ability: Flash Fire
|
|-heal|p1a: Heatran|43/100|[from] item: Leftovers
|-damage|p2a: Kommo-o|13/100 brn|[from] brn
|upkeep
|turn|12
|
|t:|1760877610
|move|p1a: Heatran|Protect|p1a: Heatran
|-singleturn|p1a: Heatran|Protect
|move|p2a: Kommo-o|Boomburst|p1a: Heatran
|-activate|p1a: Heatran|move: Protect
|
|-heal|p1a: Heatran|49/100|[from] item: Leftovers
|-damage|p2a: Kommo-o|7/100 brn|[from] brn
|upkeep
|turn|13
|
|t:|1760877621
|-end|p1a: Heatran|ability: Flash Fire|[silent]
|switch|p1a: Excadrill|Excadrill, F, tera:Ghost|44/100
|-ability|p1a: Excadrill|Mold Breaker
|move|p2a: Kommo-o|Flamethrower|p1a: Excadrill
|-damage|p1a: Excadrill|0 fnt
|faint|p1a: Excadrill
|
|-damage|p2a: Kommo-o|0 fnt|[from] brn
|faint|p2a: Kommo-o
|upkeep
|
|t:|1760877637
|switch|p2a: Moltres|Moltres-Galar|100/100
|switch|p1a: Dragapult|Dragapult, F|100/100
|turn|14
|
|t:|1760877645
|move|p1a: Dragapult|U-turn|p2a: Moltres
|-damage|p2a: Moltres|81/100
|
|t:|1760877648
|switch|p1a: Ogerpon|Ogerpon-Wellspring, F|100/100|[from] U-turn
|move|p2a: Moltres|Agility|p2a: Moltres
|-boost|p2a: Moltres|spe|2
|
|upkeep
|turn|15
|
|t:|1760877657
|move|p2a: Moltres|Hurricane|p1a: Ogerpon
|-supereffective|p1a: Ogerpon
|-damage|p1a: Ogerpon|0 fnt
|faint|p1a: Ogerpon
|
|upkeep
|
|t:|1760877663
|switch|p1a: Heatran|Heatran, F|49/100
|turn|16
|
|t:|1760877671
|move|p2a: Moltres|Fiery Wrath|p1a: Heatran
|-damage|p1a: Heatran|24/100
|move|p1a: Heatran|Magma Storm|p2a: Moltres
|-damage|p2a: Moltres|39/100
|-activate|p2a: Moltres|move: Magma Storm|[of] p1a: Heatran
|-ability|p2a: Moltres|Berserk|boost
|-boost|p2a: Moltres|spa|1
|-enditem|p2a: Moltres|Sitrus Berry|[eat]
|-heal|p2a: Moltres|64/100|[from] item: Sitrus Berry
|
|-heal|p1a: Heatran|31/100|[from] item: Leftovers
|-damage|p2a: Moltres|52/100|[from] move: Magma Storm|[partiallytrapped]
|upkeep
|turn|17
|
|t:|1760877684
|move|p2a: Moltres|Fiery Wrath|p1a: Heatran
|-damage|p1a: Heatran|0 fnt
|faint|p1a: Heatran
|
|-end|p2a: Moltres|Magma Storm|[partiallytrapped]|[silent]
|upkeep
|
|t:|1760877689
|switch|p1a: Iron Valiant|Iron Valiant|100/100
|-enditem|p1a: Iron Valiant|Booster Energy
|-activate|p1a: Iron Valiant|ability: Quark Drive|[fromitem]
|-start|p1a: Iron Valiant|quarkdrivespe
|turn|18
|
|t:|1760877700
|move|p2a: Moltres|Hurricane|p1a: Iron Valiant|[miss]
|-miss|p2a: Moltres|p1a: Iron Valiant
|move|p1a: Iron Valiant|Moonblast|p2a: Moltres
|-supereffective|p2a: Moltres
|-damage|p2a: Moltres|0 fnt
|faint|p2a: Moltres
|
|upkeep
|
|t:|1760877710
|switch|p2a: Scizor|Scizor, F|100/100
|turn|19
|
|t:|1760877716
|-end|p1a: Iron Valiant|Quark Drive|[silent]
|switch|p1a: Dragapult|Dragapult, F|100/100
|move|p2a: Scizor|Swords Dance|p2a: Scizor
|-boost|p2a: Scizor|atk|2
|
|upkeep
|turn|20
|
|t:|1760877726
|move|p2a: Scizor|Bullet Punch|p1a: Dragapult
|-damage|p1a: Dragapult|0 fnt
|faint|p1a: Dragapult
|-damage|p2a: Scizor|91/100|[from] item: Life Orb
|
|upkeep
|-message|scald spamm forfeited.
|
|win|meatrub
|raw|scald spamm's rating: 1471 &rarr; <strong>1452</strong><br />(-19 for losing)
|raw|meatrub's rating: 1487 &rarr; <strong>1506</strong><br />(+19 for winning)
|l|☆scald spamm
|player|p1|
|l|☆meatrub
|player|p2|
