|j|☆blazingshadow46
|j|‽fawazmalik
|t:|1760846801
|gametype|singles
|player|p1|blazingshadow46|ghetsis|1366
|player|p2|fawazmalik|266|1315
|gen|9
|tier|[Gen 9] OU
|rated|
|rule|HP Percentage Mod: HP is shown in percentages
|rule|Endless Battle Clause: Forcing endless battles is banned
|rule|Species Clause: Limit one of each Pokémon
|rule|OHKO Clause: OHKO moves are banned
|rule|Evasion Items Clause: Evasion items are banned
|rule|Evasion Moves Clause: Evasion moves are banned
|rule|Evasion Abilities Clause: Evasion abilities are banned
|rule|Sleep Moves Clause: Sleep-inducing moves are banned
|clearpoke
|poke|p1|Corviknight, M|
|poke|p1|Scizor, M|
|poke|p1|Tornadus-Therian, M|
|poke|p1|Great Tusk|
|poke|p1|Slowking-Galar, F|
|poke|p1|Salamence, F|
|poke|p2|Ribombee, F|
|poke|p2|Gholdengo|
|poke|p2|Kingambit, F|
|poke|p2|Manaphy|
|poke|p2|Great Tusk|
|poke|p2|Iron Valiant|
|teampreview
|inactive|Battle timer is ON: inactive players will automatically lose when time's up. (requested by fawazmalik)
|inactive|blazingshadow46 also wants the timer to be on.
|
|t:|1760846807
|teamsize|p1|6
|teamsize|p2|6
|start
|switch|p1a: Salamence|Salamence, F|100/100
|switch|p2a: Ribombee|Ribombee, F|100/100
|turn|1
|
|t:|1760846815
|move|p1a: Salamence|Dual Wingbeat|p2a: Ribombee
|-supereffective|p2a: Ribombee
|-damage|p2a: Ribombee|28/100
|-supereffective|p2a: Ribombee
|-crit|p2a: Ribombee
|-damage|p2a: Ribombee|0 fnt
|faint|p2a: Ribombee
|-ability|p1a: Salamence|Moxie|boost
|-boost|p1a: Salamence|atk|1
|-hitcount|p2: Ribombee|2
|
|upkeep
|
|t:|1760846830
|switch|p2a: Kingambit|Kingambit, F|100/100
|-activate|p2a: Kingambit|ability: Supreme Overlord
|-start|p2a: Kingambit|fallen1|[silent]
|turn|2
|
|t:|1760846833
|switch|p1a: Great Tusk|Great Tusk|100/100
|move|p2a: Kingambit|Kowtow Cleave|p1a: Great Tusk
|-resisted|p1a: Great Tusk
|-damage|p1a: Great Tusk|81/100
|
|-heal|p1a: Great Tusk|88/100|[from] item: Leftovers
|upkeep
|turn|3
|
|t:|1760846841
|-end|p2a: Kingambit|fallen1|[silent]
|switch|p2a: Gholdengo|Gholdengo|100/100
|-item|p2a: Gholdengo|Air Balloon
|move|p1a: Great Tusk|Ice Spinner|p2a: Gholdengo
|-resisted|p2a: Gholdengo
|-damage|p2a: Gholdengo|87/100
|-enditem|p2a: Gholdengo|Air Balloon
|
|-heal|p1a: Great Tusk|94/100|[from] item: Leftovers
|upkeep
|turn|4
|
|t:|1760846850
|-end|p1a: Great Tusk|Protosynthesis|[silent]
|switch|p1a: Slowking|Slowking-Galar, F|100/100
|move|p2a: Gholdengo|Dazzling Gleam|p1a: Slowking
|-resisted|p1a: Slowking
|-damage|p1a: Slowking|94/100
|
|upkeep
|turn|5
|
|t:|1760846870
|move|p2a: Gholdengo|Shadow Ball|p1a: Slowking
|-supereffective|p1a: Slowking
|-damage|p1a: Slowking|60/100
|move|p1a: Slowking|Flamethrower|p2a: Gholdengo
|-supereffective|p2a: Gholdengo
|-crit|p2a: Gholdengo
|-damage|p2a: Gholdengo|18/100
|
|upkeep
|turn|6
|
|t:|1760846876
|move|p2a: Gholdengo|Shadow Ball|p1a: Slowking
|-supereffective|p1a: Slowking
|-damage|p1a: Slowking|23/100
|-unboost|p1a: Slowking|spd|1
|move|p1a: Slowking|Future Sight|p2a: Gholdengo
|-start|p1a: Slowking|move: Future Sight
|
|upkeep
|turn|7
|
|t:|1760846888
|switch|p1a: Tornadus|Tornadus-Therian, M|100/100
|move|p2a: Gholdengo|Shadow Ball|p1a: Tornadus
|-crit|p1a: Tornadus
|-damage|p1a: Tornadus|16/100
|-unboost|p1a: Tornadus|spd|1
|
|upkeep
|turn|8
|
|t:|1760846897
|move|p1a: Tornadus|Heat Wave|p2a: Gholdengo
|-supereffective|p2a: Gholdengo
|-damage|p2a: Gholdengo|0 fnt
|faint|p2a: Gholdengo
|
|-hint|Future Sight did not hit because the target is fainted.
|upkeep
|
|t:|1760846903
|switch|p2a: Kingambit|Kingambit, F|100/100
|-activate|p2a: Kingambit|ability: Supreme Overlord
|-start|p2a: Kingambit|fallen2|[silent]
|turn|9
|
|t:|1760846908
|move|p2a: Kingambit|Sucker Punch|p1a: Tornadus
|-damage|p1a: Tornadus|0 fnt
|faint|p1a: Tornadus
|
|upkeep
|
|t:|1760846910
|switch|p1a: Great Tusk|Great Tusk|94/100
|turn|10
|
|t:|1760846917
|-end|p2a: Kingambit|fallen2|[silent]
|switch|p2a: Iron Valiant|Iron Valiant|100/100
|-enditem|p2a: Iron Valiant|Booster Energy
|-activate|p2a: Iron Valiant|ability: Quark Drive|[fromitem]
|-start|p2a: Iron Valiant|quarkdrivespe
|move|p1a: Great Tusk|Close Combat|p2a: Iron Valiant
|-resisted|p2a: Iron Valiant
|-damage|p2a: Iron Valiant|60/100
|-unboost|p1a: Great Tusk|def|1
|-unboost|p1a: Great Tusk|spd|1
|
|-heal|p1a: Great Tusk|99/100|[from] item: Leftovers
|upkeep
|turn|11
|
|t:|1760846927
|-end|p1a: Great Tusk|Protosynthesis|[silent]
|switch|p1a: Corviknight|Corviknight, M|100/100
|move|p2a: Iron Valiant|Moonblast|p1a: Corviknight
|-resisted|p1a: Corviknight
|-damage|p1a: Corviknight|76/100
|
|upkeep
|turn|12
|
|t:|1760846937
|move|p2a: Iron Valiant|Aura Sphere|p1a: Corviknight
|-damage|p1a: Corviknight|40/100
|move|p1a: Corviknight|Brave Bird|p2a: Iron Valiant
|-supereffective|p2a: Iron Valiant
|-damage|p2a: Iron Valiant|0 fnt
|faint|p2a: Iron Valiant
|-end|p2a: Iron Valiant|Quark Drive|[silent]
|-damage|p1a: Corviknight|25/100|[from] Recoil
|
|upkeep
|
|t:|1760846944
|switch|p2a: Manaphy|Manaphy|100/100
|turn|13
|
|t:|1760846950
|switch|p1a: Slowking|Slowking-Galar, F|56/100
|move|p2a: Manaphy|Tail Glow|p2a: Manaphy
|-boost|p2a: Manaphy|spa|3
|
|upkeep
|turn|14
|
|t:|1760846956
|move|p2a: Manaphy|Substitute|p2a: Manaphy
|-start|p2a: Manaphy|Substitute
|-damage|p2a: Manaphy|76/100
|move|p1a: Slowking|Future Sight|p2a: Manaphy
|-start|p1a: Slowking|move: Future Sight
|
|-heal|p2a: Manaphy|82/100|[from] item: Leftovers
|upkeep
|turn|15
|
|t:|1760846962
|move|p2a: Manaphy|Tail Glow|p2a: Manaphy
|-boost|p2a: Manaphy|spa|3
|move|p1a: Slowking|Sludge Bomb|p2a: Manaphy
|-end|p2a: Manaphy|Substitute
|
|-heal|p2a: Manaphy|88/100|[from] item: Leftovers
|upkeep
|turn|16
|
|t:|1760846968
|move|p2a: Manaphy|Surf|p1a: Slowking
|-damage|p1a: Slowking|0 fnt
|faint|p1a: Slowking
|
|-end|p2a: Manaphy|move: Future Sight
|-damage|p2a: Manaphy|40/100
|-heal|p2a: Manaphy|46/100|[from] item: Leftovers
|upkeep
|
|t:|1760846977
|switch|p1a: Salamence|Salamence, F|100/100
|turn|17
|
|t:|1760846987
|-terastallize|p2a: Manaphy|Fairy
|move|p1a: Salamence|Outrage|p2a: Manaphy
|-immune|p2a: Manaphy
|move|p2a: Manaphy|Substitute|p2a: Manaphy
|-start|p2a: Manaphy|Substitute
|-damage|p2a: Manaphy|21/100
|
|-heal|p2a: Manaphy|27/100|[from] item: Leftovers
|upkeep
|turn|18
|
|t:|1760846994
|switch|p1a: Corviknight|Corviknight, M|25/100
|move|p2a: Manaphy|Surf|p1a: Corviknight
|-crit|p1a: Corviknight
|-damage|p1a: Corviknight|0 fnt
|faint|p1a: Corviknight
|
|-heal|p2a: Manaphy|33/100|[from] item: Leftovers
|upkeep
|
|t:|1760847001
|switch|p1a: Scizor|Scizor, M|100/100
|turn|19
|
|t:|1760847004
|move|p1a: Scizor|Bullet Punch|p2a: Manaphy
|-supereffective|p2a: Manaphy
|-end|p2a: Manaphy|Substitute
|move|p2a: Manaphy|Surf|p1a: Scizor
|-damage|p1a: Scizor|0 fnt
|faint|p1a: Scizor
|
|-heal|p2a: Manaphy|39/100|[from] item: Leftovers
|upkeep
|
|t:|1760847006
|switch|p1a: Salamence|Salamence, F|100/100
|turn|20
|
|t:|1760847010
|-terastallize|p1a: Salamence|Ground
|move|p1a: Salamence|Earthquake|p2a: Manaphy
|-damage|p2a: Manaphy|0 fnt
|faint|p2a: Manaphy
|-ability|p1a: Salamence|Moxie|boost
|-boost|p1a: Salamence|atk|1
|
|upkeep
|
|t:|1760847017
|switch|p2a: Great Tusk|Great Tusk|100/100
|-enditem|p2a: Great Tusk|Booster Energy
|-activate|p2a: Great Tusk|ability: Protosynthesis|[fromitem]
|-start|p2a: Great Tusk|protosynthesisatk
|turn|21
|
|t:|1760847024
|move|p1a: Salamence|Earthquake|p2a: Great Tusk
|-damage|p2a: Great Tusk|34/100
|move|p2a: Great Tusk|Rapid Spin|p1a: Salamence
|-damage|p1a: Salamence|73/100
|-boost|p2a: Great Tusk|spe|1
|
|upkeep
|turn|22
|
|t:|1760847032
|move|p2a: Great Tusk|Close Combat|p1a: Salamence
|-damage|p1a: Salamence|0 fnt
|-unboost|p2a: Great Tusk|def|1
|-unboost|p2a: Great Tusk|spd|1
|faint|p1a: Salamence
|
|upkeep
|
|t:|1760847035
|switch|p1a: Great Tusk|Great Tusk|99/100
|turn|23
|
|t:|1760847038
|move|p2a: Great Tusk|Close Combat|p1a: Great Tusk
|-damage|p1a: Great Tusk|51/100
|-unboost|p2a: Great Tusk|def|1
|-unboost|p2a: Great Tusk|spd|1
|move|p1a: Great Tusk|Ice Spinner|p2a: Great Tusk
|-supereffective|p2a: Great Tusk
|-damage|p2a: Great Tusk|0 fnt
|faint|p2a: Great Tusk
|-end|p2a: Great Tusk|Protosynthesis|[silent]
|
|-heal|p1a: Great Tusk|57/100|[from] item: Leftovers
|upkeep
|c|☆blazingshadow46|gg
|
|t:|1760847045
|switch|p2a: Kingambit|Kingambit, F|100/100
|-activate|p2a: Kingambit|ability: Supreme Overlord
|-start|p2a: Kingambit|fallen5|[silent]
|turn|24
|
|t:|1760847051
|move|p2a: Kingambit|Sucker Punch|p1a: Great Tusk
|-resisted|p1a: Great Tusk
|-damage|p1a: Great Tusk|35/100
|move|p1a: Great Tusk|Close Combat|p2a: Kingambit
|-supereffective|p2a: Kingambit
|-damage|p2a: Kingambit|0 fnt
|-unboost|p1a: Great Tusk|def|1
|-unboost|p1a: Great Tusk|spd|1
|faint|p2a: Kingambit
|-end|p2a: Kingambit|fallen5|[silent]
|
|win|blazingshadow46
|raw|blazingshadow46's rating: 1366 &rarr; <strong>1383</strong><br />(+17 for winning)
|raw|fawazmalik's rating: 1315 &rarr; <strong>1298</strong><br />(-17 for losing)
|l|☆blazingshadow46
|player|p1|
|l|‽fawazmalik
|player|p2|
