|j|☆mysticfgc
|j|☆CristianARG
|t:|1760848339
|gametype|singles
|player|p1|mysticfgc|cynthia|1102
|player|p2|CristianARG|nate|1080
|gen|9
|tier|[Gen 9] OU
|rated|
|rule|HP Percentage Mod: HP is shown in percentages
|rule|Endless Battle Clause: Forcing endless battles is banned
|rule|Species Clause: Limit one of each Pokémon
|rule|OHKO Clause: OHKO moves are banned
|rule|Evasion Items Clause: Evasion items are banned
|rule|Evasion Moves Clause: Evasion moves are banned
|rule|Evasion Abilities Clause: Evasion abilities are banned
|rule|Sleep Moves Clause: Sleep-inducing moves are banned
|clearpoke
|poke|p1|Dragalge, F|
|poke|p1|Scrafty, M|
|poke|p1|Reuniclus, F|
|poke|p1|Primarina, M|
|poke|p1|Gliscor, F|
|poke|p1|Meowstic, M|
|poke|p2|Lycanroc-Dusk, M|
|poke|p2|Meowscarada, M|
|poke|p2|Espeon, F|
|poke|p2|Pecharunt|
|poke|p2|Conkeldurr, M|
|poke|p2|Rotom-Wash|
|teampreview
|inactive|Battle timer is ON: inactive players will automatically lose when time's up. (requested by CristianARG)
|
|t:|1760848346
|teamsize|p1|6
|teamsize|p2|6
|start
|switch|p1a: Meowstic|Meowstic, M|100/100
|switch|p2a: Rotom|Rotom-Wash|100/100
|turn|1
|
|t:|1760848352
|move|p2a: Rotom|Hydro Pump|p1a: Meowstic
|-damage|p1a: Meowstic|61/100
|move|p1a: Meowstic|Trick Room|p1a: Meowstic
|-fieldstart|move: Trick Room|[of] p1a: Meowstic
|
|upkeep
|turn|2
|
|t:|1760848360
|move|p1a: Meowstic|Light Screen|p1a: Meowstic
|-sidestart|p1: mysticfgc|move: Light Screen
|move|p2a: Rotom|Will-O-Wisp|p1a: Meowstic|[miss]
|-miss|p2a: Rotom|p1a: Meowstic
|
|upkeep
|turn|3
|
|t:|1760848363
|move|p1a: Meowstic|Reflect|p1a: Meowstic
|-sidestart|p1: mysticfgc|Reflect
|move|p2a: Rotom|Will-O-Wisp|p1a: Meowstic
|-status|p1a: Meowstic|brn
|
|-damage|p1a: Meowstic|55/100 brn|[from] brn
|upkeep
|turn|4
|
|t:|1760848370
|switch|p1a: Dragalge|Dragalge, F|100/100
|move|p2a: Rotom|Volt Switch|p1a: Dragalge
|-resisted|p1a: Dragalge
|-damage|p1a: Dragalge|94/100
|
|t:|1760848388
|switch|p2a: Lycanroc|Lycanroc-Dusk, M, shiny|100/100|[from] Volt Switch
|
|upkeep
|turn|5
|
|t:|1760848409
|-terastallize|p1a: Dragalge|Poison
|move|p1a: Dragalge|Sludge Wave|p2a: Lycanroc
|-resisted|p2a: Lycanroc
|-damage|p2a: Lycanroc|31/100
|-status|p2a: Lycanroc|psn
|-damage|p1a: Dragalge|84/100|[from] item: Life Orb
|move|p2a: Lycanroc|Play Rough|p1a: Dragalge
|-resisted|p1a: Dragalge
|-crit|p1a: Dragalge
|-damage|p1a: Dragalge|40/100
|
|-damage|p2a: Lycanroc|18/100 psn|[from] psn
|-fieldend|move: Trick Room
|upkeep
|turn|6
|
|t:|1760848415
|switch|p2a: Pecharunt|Pecharunt|100/100
|move|p1a: Dragalge|Sludge Wave|p2a: Pecharunt
|-resisted|p2a: Pecharunt
|-damage|p2a: Pecharunt|79/100
|-damage|p1a: Dragalge|31/100|[from] item: Life Orb
|
|-heal|p2a: Pecharunt|85/100|[from] item: Black Sludge
|upkeep
|turn|7
|
|t:|1760848426
|move|p2a: Pecharunt|Malignant Chain|p1a: Dragalge
|-resisted|p1a: Dragalge
|-damage|p1a: Dragalge|23/100
|move|p1a: Dragalge|Draco Meteor|p2a: Pecharunt
|-damage|p2a: Pecharunt|13/100
|-unboost|p1a: Dragalge|spa|2
|-damage|p1a: Dragalge|13/100|[from] item: Life Orb
|
|-heal|p2a: Pecharunt|19/100|[from] item: Black Sludge
|upkeep
|turn|8
|
|t:|1760848436
|switch|p1a: Meowstic|Meowstic, M|55/100 brn
|move|p2a: Pecharunt|Protect||[still]
|-fail|p2a: Pecharunt
|
|-heal|p2a: Pecharunt|25/100|[from] item: Black Sludge
|-damage|p1a: Meowstic|49/100 brn|[from] brn
|upkeep
|turn|9
|
|t:|1760848440
|move|p2a: Pecharunt|Malignant Chain|p1a: Meowstic
|-damage|p1a: Meowstic|31/100 brn
|move|p1a: Meowstic|Trick Room|p1a: Meowstic
|-fieldstart|move: Trick Room|[of] p1a: Meowstic
|
|-heal|p2a: Pecharunt|31/100|[from] item: Black Sludge
|-damage|p1a: Meowstic|25/100 brn|[from] brn
|-sideend|p1: mysticfgc|move: Light Screen
|upkeep
|turn|10
|
|t:|1760848444
|move|p1a: Meowstic|Light Screen|p1a: Meowstic
|-sidestart|p1: mysticfgc|move: Light Screen
|move|p2a: Pecharunt|Destiny Bond|p2a: Pecharunt
|-singlemove|p2a: Pecharunt|Destiny Bond
|
|-heal|p2a: Pecharunt|37/100|[from] item: Black Sludge
|-damage|p1a: Meowstic|19/100 brn|[from] brn
|-sideend|p1: mysticfgc|Reflect
|upkeep
|turn|11
|
|t:|1760848448
|switch|p2a: Lycanroc|Lycanroc-Dusk, M, shiny|18/100 psn
|move|p1a: Meowstic|Reflect|p1a: Meowstic
|-sidestart|p1: mysticfgc|Reflect
|
|-damage|p2a: Lycanroc|6/100 psn|[from] psn
|-damage|p1a: Meowstic|13/100 brn|[from] brn
|upkeep
|turn|12
|
|t:|1760848453
|move|p1a: Meowstic|Trick|p2a: Lycanroc
|-activate|p1a: Meowstic|move: Trick|[of] p2a: Lycanroc
|-item|p2a: Lycanroc|Light Clay|[from] move: Trick
|-item|p1a: Meowstic|Choice Band|[from] move: Trick
|move|p2a: Lycanroc|Accelerock|p1a: Meowstic
|-damage|p1a: Meowstic|1/100 brn
|
|-damage|p2a: Lycanroc|0 fnt|[from] psn
|faint|p2a: Lycanroc
|-damage|p1a: Meowstic|0 fnt|[from] brn
|faint|p1a: Meowstic
|upkeep
|
|t:|1760848465
|switch|p1a: Dragalge|Dragalge, F, tera:Poison|13/100
|switch|p2a: Conkeldurr|Conkeldurr, M|100/100
|turn|13
|
|t:|1760848471
|move|p2a: Conkeldurr|Mach Punch|p1a: Dragalge
|-resisted|p1a: Dragalge
|-damage|p1a: Dragalge|4/100
|move|p1a: Dragalge|Draco Meteor|p2a: Conkeldurr
|-damage|p2a: Conkeldurr|15/100
|-unboost|p1a: Dragalge|spa|2
|-damage|p1a: Dragalge|0 fnt|[from] item: Life Orb
|faint|p1a: Dragalge
|
|-fieldend|move: Trick Room
|upkeep
|
|t:|1760848474
|switch|p1a: Reuniclus|Reuniclus, F|100/100
|turn|14
|
|t:|1760848482
|move|p2a: Conkeldurr|Drain Punch|p1a: Reuniclus
|-resisted|p1a: Reuniclus
|-damage|p1a: Reuniclus|89/100
|-heal|p2a: Conkeldurr|20/100|[from] drain|[of] p1a: Reuniclus
|move|p1a: Reuniclus|Trick Room|p1a: Reuniclus
|-fieldstart|move: Trick Room|[of] p1a: Reuniclus
|
|-heal|p1a: Reuniclus|96/100|[from] item: Leftovers
|upkeep
|turn|15
|
|t:|1760848488
|move|p1a: Reuniclus|Psyshock|p2a: Conkeldurr
|-supereffective|p2a: Conkeldurr
|-damage|p2a: Conkeldurr|0 fnt
|faint|p2a: Conkeldurr
|
|-heal|p1a: Reuniclus|100/100|[from] item: Leftovers
|upkeep
|
|t:|1760848492
|switch|p2a: Rotom|Rotom-Wash|100/100
|turn|16
|
|t:|1760848495
|move|p1a: Reuniclus|Calm Mind|p1a: Reuniclus
|-boost|p1a: Reuniclus|spa|1
|-boost|p1a: Reuniclus|spd|1
|move|p2a: Rotom|Will-O-Wisp|p1a: Reuniclus
|-status|p1a: Reuniclus|brn
|
|-damage|p1a: Reuniclus|94/100 brn|[from] brn
|upkeep
|turn|17
|
|t:|1760848500
|move|p1a: Reuniclus|Psyshock|p2a: Rotom
|-damage|p2a: Rotom|49/100
|move|p2a: Rotom|Hydro Pump|p1a: Reuniclus|[miss]
|-miss|p2a: Rotom|p1a: Reuniclus
|
|-heal|p1a: Reuniclus|100/100 brn|[from] item: Leftovers
|-heal|p2a: Rotom|55/100|[from] item: Leftovers
|-damage|p1a: Reuniclus|94/100 brn|[from] brn
|-sideend|p1: mysticfgc|move: Light Screen
|upkeep
|turn|18
|
|t:|1760848504
|move|p2a: Rotom|Protect|p2a: Rotom
|-singleturn|p2a: Rotom|Protect
|move|p1a: Reuniclus|Psyshock|p2a: Rotom
|-activate|p2a: Rotom|move: Protect
|
|-heal|p1a: Reuniclus|100/100 brn|[from] item: Leftovers
|-heal|p2a: Rotom|61/100|[from] item: Leftovers
|-damage|p1a: Reuniclus|94/100 brn|[from] brn
|-sideend|p1: mysticfgc|Reflect
|-fieldend|move: Trick Room
|upkeep
|turn|19
|
|t:|1760848507
|move|p2a: Rotom|Volt Switch|p1a: Reuniclus
|-damage|p1a: Reuniclus|79/100 brn
|
|t:|1760848511
|switch|p2a: Meowscarada|Meowscarada, M, shiny|100/100|[from] Volt Switch
|move|p1a: Reuniclus|Psyshock|p2a: Meowscarada
|-immune|p2a: Meowscarada
|
|-heal|p1a: Reuniclus|85/100 brn|[from] item: Leftovers
|-damage|p1a: Reuniclus|79/100 brn|[from] brn
|upkeep
|turn|20
|
|t:|1760848521
|switch|p1a: Scrafty|Scrafty, M|100/100
|-ability|p1a: Scrafty|Intimidate|boost
|-unboost|p2a: Meowscarada|atk|1
|move|p2a: Meowscarada|Knock Off|p1a: Scrafty
|-start|p2a: Meowscarada|typechange|Dark|[from] ability: Protean
|-resisted|p1a: Scrafty
|-damage|p1a: Scrafty|91/100
|-enditem|p1a: Scrafty|Black Glasses|[from] move: Knock Off|[of] p2a: Meowscarada
|-damage|p2a: Meowscarada|91/100|[from] item: Life Orb
|
|upkeep
|turn|21
|
|t:|1760848533
|move|p2a: Meowscarada|U-turn|p1a: Scrafty
|-damage|p1a: Scrafty|73/100
|-damage|p2a: Meowscarada|81/100|[from] item: Life Orb
|
|t:|1760848536
|switch|p2a: Pecharunt|Pecharunt|37/100|[from] U-turn
|move|p1a: Scrafty|Bulk Up|p1a: Scrafty
|-boost|p1a: Scrafty|atk|1
|-boost|p1a: Scrafty|def|1
|
|-heal|p2a: Pecharunt|43/100|[from] item: Black Sludge
|upkeep
|turn|22
|
|t:|1760848547
|move|p2a: Pecharunt|Malignant Chain|p1a: Scrafty
|-damage|p1a: Scrafty|45/100
|-status|p1a: Scrafty|tox
|-start|p1a: Scrafty|confusion|[from] ability: Poison Puppeteer|[of] p2a: Pecharunt
|-activate|p1a: Scrafty|confusion
|-damage|p1a: Scrafty|36/100 tox|[from] confusion
|
|-heal|p2a: Pecharunt|49/100|[from] item: Black Sludge
|-damage|p1a: Scrafty|30/100 tox|[from] psn
|upkeep
|turn|23
|
|t:|1760848558
|move|p2a: Pecharunt|Protect|p2a: Pecharunt
|-singleturn|p2a: Pecharunt|Protect
|-activate|p1a: Scrafty|confusion
|move|p1a: Scrafty|Knock Off|p2a: Pecharunt
|-activate|p2a: Pecharunt|move: Protect
|
|-heal|p2a: Pecharunt|55/100|[from] item: Black Sludge
|-damage|p1a: Scrafty|18/100 tox|[from] psn
|upkeep
|turn|24
|
|t:|1760848566
|switch|p1a: Reuniclus|Reuniclus, F|100/100 brn
|move|p2a: Pecharunt|Substitute|p2a: Pecharunt
|-start|p2a: Pecharunt|Substitute
|-damage|p2a: Pecharunt|30/100
|
|-heal|p2a: Pecharunt|36/100|[from] item: Black Sludge
|-damage|p1a: Reuniclus|94/100 brn|[from] brn
|upkeep
|turn|25
|
|t:|1760848575
|move|p2a: Pecharunt|Malignant Chain|p1a: Reuniclus
|-damage|p1a: Reuniclus|69/100 brn
|move|p1a: Reuniclus|Psyshock|p2a: Pecharunt
|-supereffective|p2a: Pecharunt
|-end|p2a: Pecharunt|Substitute
|
|-heal|p2a: Pecharunt|42/100|[from] item: Black Sludge
|-heal|p1a: Reuniclus|75/100 brn|[from] item: Leftovers
|-damage|p1a: Reuniclus|69/100 brn|[from] brn
|upkeep
|turn|26
|
|t:|1760848584
|move|p2a: Pecharunt|Destiny Bond|p2a: Pecharunt
|-singlemove|p2a: Pecharunt|Destiny Bond
|move|p1a: Reuniclus|Trick Room|p1a: Reuniclus
|-fieldstart|move: Trick Room|[of] p1a: Reuniclus
|
|-heal|p1a: Reuniclus|75/100 brn|[from] item: Leftovers
|-heal|p2a: Pecharunt|49/100|[from] item: Black Sludge
|-damage|p1a: Reuniclus|69/100 brn|[from] brn
|upkeep
|turn|27
|
|t:|1760848587
|move|p1a: Reuniclus|Psyshock|p2a: Pecharunt
|-supereffective|p2a: Pecharunt
|-damage|p2a: Pecharunt|18/100
|move|p2a: Pecharunt|Malignant Chain|p1a: Reuniclus
|-damage|p1a: Reuniclus|41/100 brn
|
|-heal|p1a: Reuniclus|47/100 brn|[from] item: Leftovers
|-heal|p2a: Pecharunt|25/100|[from] item: Black Sludge
|-damage|p1a: Reuniclus|41/100 brn|[from] brn
|upkeep
|turn|28
|
|t:|1760848599
|switch|p1a: Primarina|Primarina, M|100/100
|move|p2a: Pecharunt|Protect||[still]
|-fail|p2a: Pecharunt
|
|-heal|p2a: Pecharunt|31/100|[from] item: Black Sludge
|upkeep
|turn|29
|
|t:|1760848607
|move|p1a: Primarina|Hydro Pump|p2a: Pecharunt
|-damage|p2a: Pecharunt|0 fnt
|faint|p2a: Pecharunt
|
|upkeep
|
|t:|1760848611
|switch|p2a: Rotom|Rotom-Wash|61/100
|turn|30
|
|t:|1760848617
|move|p1a: Primarina|Moonblast|p2a: Rotom
|-damage|p2a: Rotom|17/100
|move|p2a: Rotom|Will-O-Wisp|p1a: Primarina
|-status|p1a: Primarina|brn
|
|-heal|p2a: Rotom|23/100|[from] item: Leftovers
|-damage|p1a: Primarina|95/100 brn|[from] brn
|-fieldend|move: Trick Room
|upkeep
|turn|31
|
|t:|1760848623
|move|p2a: Rotom|Volt Switch|p1a: Primarina
|-supereffective|p1a: Primarina
|-damage|p1a: Primarina|63/100 brn
|
|t:|1760848628
|switch|p2a: Espeon|Espeon, F|100/100|[from] Volt Switch
|move|p1a: Primarina|Moonblast|p2a: Espeon
|-crit|p2a: Espeon
|-damage|p2a: Espeon|0 fnt
|faint|p2a: Espeon
|
|-damage|p1a: Primarina|57/100 brn|[from] brn
|upkeep
|
|t:|1760848631
|switch|p2a: Meowscarada|Meowscarada, M, shiny|81/100
|turn|32
|
|t:|1760848639
|switch|p1a: Scrafty|Scrafty, M|18/100 tox
|-ability|p1a: Scrafty|Intimidate|boost
|-unboost|p2a: Meowscarada|atk|1
|move|p2a: Meowscarada|Flower Trick|p1a: Scrafty
|-start|p2a: Meowscarada|typechange|Grass|[from] ability: Protean
|-crit|p1a: Scrafty
|-damage|p1a: Scrafty|0 fnt
|faint|p1a: Scrafty
|-damage|p2a: Meowscarada|71/100|[from] item: Life Orb
|
|upkeep
|
|t:|1760848647
|switch|p1a: Reuniclus|Reuniclus, F|75/100 brn
|turn|33
|
|t:|1760848655
|move|p2a: Meowscarada|Knock Off|p1a: Reuniclus
|-supereffective|p1a: Reuniclus
|-crit|p1a: Reuniclus
|-damage|p1a: Reuniclus|0 fnt
|-enditem|p1a: Reuniclus|Leftovers|[from] move: Knock Off|[of] p2a: Meowscarada
|faint|p1a: Reuniclus
|-damage|p2a: Meowscarada|61/100|[from] item: Life Orb
|
|upkeep
|
|t:|1760848657
|switch|p1a: Gliscor|Gliscor, F|100/100
|turn|34
|
|t:|1760848664
|move|p2a: Meowscarada|Triple Axel|p1a: Gliscor
|-supereffective|p1a: Gliscor
|-damage|p1a: Gliscor|81/100
|-supereffective|p1a: Gliscor
|-damage|p1a: Gliscor|36/100
|-supereffective|p1a: Gliscor
|-damage|p1a: Gliscor|0 fnt
|faint|p1a: Gliscor
|-hitcount|p1: Gliscor|3
|-damage|p2a: Meowscarada|51/100|[from] item: Life Orb
|
|upkeep
|
|t:|1760848669
|switch|p1a: Primarina|Primarina, M|57/100 brn
|turn|35
|
|t:|1760848674
|move|p2a: Meowscarada|Flower Trick|p1a: Primarina
|-supereffective|p1a: Primarina
|-crit|p1a: Primarina
|-damage|p1a: Primarina|0 fnt
|faint|p1a: Primarina
|-damage|p2a: Meowscarada|41/100|[from] item: Life Orb
|
|win|CristianARG
|raw|mysticfgc's rating: 1102 &rarr; <strong>1075</strong><br />(-27 for losing)
|raw|CristianARG's rating: 1080 &rarr; <strong>1110</strong><br />(+30 for winning)
|l|☆mysticfgc
|player|p1|
|l|☆CristianARG
|player|p2|
