|j|☆Box2DaLeft
|j|☆Darkarrow
|t:|1760756775
|gametype|singles
|player|p1|Box2DaLeft|pokefanf-gen4|1642
|player|p2|Darkarrow|265|1604
|gen|9
|tier|[Gen 9] OU
|rated|
|rule|HP Percentage Mod: HP is shown in percentages
|rule|Endless Battle Clause: Forcing endless battles is banned
|rule|Species Clause: Limit one of each Pokémon
|rule|OHKO Clause: OHKO moves are banned
|rule|Evasion Items Clause: Evasion items are banned
|rule|Evasion Moves Clause: Evasion moves are banned
|rule|Evasion Abilities Clause: Evasion abilities are banned
|rule|Sleep Moves Clause: Sleep-inducing moves are banned
|clearpoke
|poke|p1|Great Tusk|
|poke|p1|Zapdos|
|poke|p1|Munkidori, M|
|poke|p1|Cinderace, F|
|poke|p1|Scizor, F|
|poke|p1|Ogerpon-Wellspring, F|
|poke|p2|Ninetales-Alola, F|
|poke|p2|Darkrai|
|poke|p2|Ceruledge, M|
|poke|p2|Gliscor, M|
|poke|p2|Hatterene, F|
|poke|p2|Kommo-o, M|
|teampreview
|j| Elite Sabrina
|
|t:|1760756797
|teamsize|p1|6
|teamsize|p2|6
|start
|switch|p1a: Scizor|Scizor, F, shiny|100/100
|switch|p2a: Darkrai|Darkrai|100/100
|turn|1
|
|t:|1760756810
|switch|p2a: Gliscor|Gliscor, M|100/100
|move|p1a: Scizor|U-turn|p2a: Gliscor
|-resisted|p2a: Gliscor
|-damage|p2a: Gliscor|76/100
|
|t:|1760756820
|switch|p1a: Auska|Ogerpon-Wellspring, F|100/100|[from] U-turn
|
|-status|p2a: Gliscor|tox|[from] item: Toxic Orb
|upkeep
|turn|2
|
|t:|1760756827
|switch|p2a: Ninetales|Ninetales-Alola, F|100/100
|-weather|Snowscape|[from] ability: Snow Warning|[of] p2a: Ninetales
|move|p1a: Auska|Ivy Cudgel|p2a: Ninetales|[anim] Ivy Cudgel Water
|-damage|p2a: Ninetales|54/100
|
|-weather|Snowscape|[upkeep]
|upkeep
|turn|3
|
|t:|1760756846
|move|p1a: Auska|Ivy Cudgel|p2a: Ninetales|[anim] Ivy Cudgel Water
|-damage|p2a: Ninetales|8/100
|move|p2a: Ninetales|Aurora Veil|p2a: Ninetales
|-sidestart|p2: Darkarrow|move: Aurora Veil
|
|-weather|Snowscape|[upkeep]
|upkeep
|turn|4
|inactive|Battle timer is ON: inactive players will automatically lose when time's up. (requested by Darkarrow)
|
|t:|1760756895
|switch|p2a: Hatterene|Hatterene, F|100/100
|move|p1a: Auska|Ivy Cudgel|p2a: Hatterene|[anim] Ivy Cudgel Water
|-damage|p2a: Hatterene|77/100
|
|-weather|Snowscape|[upkeep]
|-heal|p2a: Hatterene|83/100|[from] item: Leftovers
|upkeep
|turn|5
|
|t:|1760756901
|move|p1a: Auska|U-turn|p2a: Hatterene
|-damage|p2a: Hatterene|72/100
|
|t:|1760756920
|switch|p1a: Agent Monkee|Munkidori, M|100/100|[from] U-turn
|move|p2a: Hatterene|Calm Mind|p2a: Hatterene
|-boost|p2a: Hatterene|spa|1
|-boost|p2a: Hatterene|spd|1
|
|-weather|Snowscape|[upkeep]
|-heal|p2a: Hatterene|78/100|[from] item: Leftovers
|upkeep
|turn|6
|
|t:|1760756924
|switch|p2a: Gliscor|Gliscor, M|76/100 tox
|move|p1a: Agent Monkee|Shadow Ball|p2a: Gliscor
|-damage|p2a: Gliscor|55/100 tox
|-unboost|p2a: Gliscor|spd|1
|
|-weather|none
|-heal|p2a: Gliscor|67/100 tox|[from] ability: Poison Heal
|upkeep
|turn|7
|inactive|Box2DaLeft has 120 seconds left.
|
|t:|1760756983
|move|p1a: Agent Monkee|Shadow Ball|p2a: Gliscor
|-damage|p2a: Gliscor|31/100 tox
|move|p2a: Gliscor|Swords Dance|p2a: Gliscor
|-boost|p2a: Gliscor|atk|2
|
|-heal|p2a: Gliscor|44/100 tox|[from] ability: Poison Heal
|upkeep
|turn|8
|
|t:|1760756991
|-terastallize|p2a: Gliscor|Normal
|move|p1a: Agent Monkee|Shadow Ball|p2a: Gliscor
|-immune|p2a: Gliscor
|move|p2a: Gliscor|Agility|p2a: Gliscor
|-boost|p2a: Gliscor|spe|2
|
|-heal|p2a: Gliscor|56/100 tox|[from] ability: Poison Heal
|upkeep
|turn|9
|
|t:|1760757001
|switch|p1a: Great Tusk|Great Tusk|100/100
|move|p2a: Gliscor|Swords Dance|p2a: Gliscor
|-boost|p2a: Gliscor|atk|2
|
|-heal|p2a: Gliscor|69/100 tox|[from] ability: Poison Heal
|upkeep
|turn|10
|
|t:|1760757004
|move|p2a: Gliscor|Facade|p1a: Great Tusk
|-damage|p1a: Great Tusk|38/100
|move|p1a: Great Tusk|Bulk Up|p1a: Great Tusk
|-boost|p1a: Great Tusk|atk|1
|-boost|p1a: Great Tusk|def|1
|
|-heal|p1a: Great Tusk|44/100|[from] item: Leftovers
|-heal|p2a: Gliscor|81/100 tox|[from] ability: Poison Heal
|-sideend|p2: Darkarrow|move: Aurora Veil
|upkeep
|turn|11
|
|t:|1760757008
|move|p2a: Gliscor|Facade|p1a: Great Tusk
|-damage|p1a: Great Tusk|0 fnt
|faint|p1a: Great Tusk
|-end|p1a: Great Tusk|Protosynthesis|[silent]
|
|-heal|p2a: Gliscor|94/100 tox|[from] ability: Poison Heal
|upkeep
|-message|Box2DaLeft forfeited.
|
|win|Darkarrow
|raw|Box2DaLeft's rating: 1659 &rarr; <strong>1636</strong><br />(-23 for losing)
|raw|Darkarrow's rating: 1604 &rarr; <strong>1627</strong><br />(+23 for winning)
|l|☆Box2DaLeft
|player|p1|
|l|☆Darkarrow
|player|p2|
|l| Elite Sabrina
