|j|☆usurper9!!
|j|☆KennytheslugSmith
|t:|1760868975
|gametype|singles
|player|p1|usurper9!!|n|1397
|player|p2|KennytheslugSmith|scientist-gen4dp|1420
|gen|9
|tier|[Gen 9] OU
|rated|
|rule|HP Percentage Mod: HP is shown in percentages
|rule|Endless Battle Clause: Forcing endless battles is banned
|rule|Species Clause: Limit one of each Pokémon
|rule|OHKO Clause: OHKO moves are banned
|rule|Evasion Items Clause: Evasion items are banned
|rule|Evasion Moves Clause: Evasion moves are banned
|rule|Evasion Abilities Clause: Evasion abilities are banned
|rule|Sleep Moves Clause: Sleep-inducing moves are banned
|clearpoke
|poke|p1|Pelipper, F|
|poke|p1|Zapdos|
|poke|p1|Hatterene, F|
|poke|p1|Tornadus-Therian, M|
|poke|p1|Iron Treads|
|poke|p1|Basculegion-F, F|
|poke|p2|Hydrapple, M|
|poke|p2|Skarmory, F|
|poke|p2|Tyranitar, F|
|poke|p2|Alomomola, F|
|poke|p2|Clodsire, M|
|poke|p2|Clefable, M|
|teampreview
|inactive|Battle timer is ON: inactive players will automatically lose when time's up. (requested by usurper9!!)
|
|t:|1760869001
|teamsize|p1|6
|teamsize|p2|6
|start
|switch|p1a: Iron Treads|Iron Treads|100/100
|switch|p2a: Skarmory|Skarmory, F|100/100
|turn|1
|
|t:|1760869013
|move|p1a: Iron Treads|Stealth Rock|p2a: Skarmory
|-sidestart|p2: KennytheslugSmith|move: Stealth Rock
|move|p2a: Skarmory|Spikes|p1a: Iron Treads
|-sidestart|p1: usurper9!!|Spikes
|
|upkeep
|turn|2
|
|t:|1760869019
|move|p1a: Iron Treads|Volt Switch|p2a: Skarmory
|-supereffective|p2a: Skarmory
|-damage|p2a: Skarmory|72/100
|
|t:|1760869045
|-end|p1a: Iron Treads|Quark Drive|[silent]
|switch|p1a: Zapdos|Zapdos|100/100|[from] Volt Switch
|move|p2a: Skarmory|Body Press|p1a: Zapdos
|-resisted|p1a: Zapdos
|-damage|p1a: Zapdos|81/100
|
|upkeep
|turn|3
|
|t:|1760869055
|switch|p2a: Tyranitar|Tyranitar, F|100/100
|-weather|Sandstorm|[from] ability: Sand Stream|[of] p2a: Tyranitar
|move|p1a: Zapdos|Volt Switch|p2a: Tyranitar
|-damage|p2a: Tyranitar|79/100
|
|t:|1760869063
|switch|p1a: Iron Treads|Iron Treads|100/100|[from] Volt Switch
|-damage|p1a: Iron Treads|88/100|[from] Spikes
|
|-weather|Sandstorm|[upkeep]
|upkeep
|turn|4
|
|t:|1760869072
|switch|p2a: Alomomola|Alomomola, F, shiny|100/100
|move|p1a: Iron Treads|Rapid Spin|p2a: Alomomola
|-crit|p2a: Alomomola
|-damage|p2a: Alomomola|85/100
|-boost|p1a: Iron Treads|spe|1
|-sideend|p1: usurper9!!|Spikes|[from] move: Rapid Spin|[of] p1a: Iron Treads
|
|-weather|Sandstorm|[upkeep]
|-damage|p2a: Alomomola|79/100|[from] Sandstorm
|upkeep
|turn|5
|
|t:|1760869083
|move|p1a: Iron Treads|Volt Switch|p2a: Alomomola
|-supereffective|p2a: Alomomola
|-damage|p2a: Alomomola|60/100
|
|t:|1760869087
|-end|p1a: Iron Treads|Quark Drive|[silent]
|switch|p1a: Pelipper|Pelipper, F|100/100|[from] Volt Switch
|-weather|RainDance|[from] ability: Drizzle|[of] p1a: Pelipper
|move|p2a: Alomomola|Flip Turn|p1a: Pelipper
|-resisted|p1a: Pelipper
|-damage|p1a: Pelipper|88/100
|
|t:|1760869096
|switch|p2a: Tyranitar|Tyranitar, F|79/100|[from] Flip Turn
|-weather|Sandstorm|[from] ability: Sand Stream|[of] p2a: Tyranitar
|
|-weather|Sandstorm|[upkeep]
|-damage|p1a: Pelipper|82/100|[from] Sandstorm
|upkeep
|turn|6
|
|t:|1760869104
|move|p2a: Tyranitar|Knock Off|p1a: Pelipper
|-damage|p1a: Pelipper|39/100
|-enditem|p1a: Pelipper|Damp Rock|[from] move: Knock Off|[of] p2a: Tyranitar
|move|p1a: Pelipper|U-turn|p2a: Tyranitar
|-supereffective|p2a: Tyranitar
|-damage|p2a: Tyranitar|63/100
|
|t:|1760869116
|switch|p1a: Iron Treads|Iron Treads|88/100|[from] U-turn
|
|-weather|Sandstorm|[upkeep]
|upkeep
|turn|7
|
|t:|1760869126
|switch|p2a: Alomomola|Alomomola, F, shiny|94/100
|move|p1a: Iron Treads|Earthquake|p2a: Alomomola
|-damage|p2a: Alomomola|67/100
|
|-weather|Sandstorm|[upkeep]
|-damage|p2a: Alomomola|61/100|[from] Sandstorm
|upkeep
|turn|8
|
|t:|1760869137
|move|p1a: Iron Treads|Volt Switch|p2a: Alomomola
|-supereffective|p2a: Alomomola
|-damage|p2a: Alomomola|40/100
|
|t:|1760869142
|-end|p1a: Iron Treads|Quark Drive|[silent]
|switch|p1a: Basculegion|Basculegion-F, F|100/100|[from] Volt Switch
|move|p2a: Alomomola|Flip Turn|p1a: Basculegion
|-resisted|p1a: Basculegion
|-crit|p1a: Basculegion
|-damage|p1a: Basculegion|85/100
|
|t:|1760869152
|switch|p2a: Hydrapple|Hydrapple, M|100/100|[from] Flip Turn
|
|-weather|Sandstorm|[upkeep]
|-damage|p1a: Basculegion|79/100|[from] Sandstorm
|-damage|p2a: Hydrapple|94/100|[from] Sandstorm
|upkeep
|turn|9
|
|t:|1760869164
|move|p1a: Basculegion|Ice Beam|p2a: Hydrapple
|-supereffective|p2a: Hydrapple
|-damage|p2a: Hydrapple|0 fnt
|faint|p2a: Hydrapple
|
|-weather|none
|upkeep
|
|t:|1760869171
|switch|p2a: Tyranitar|Tyranitar, F|63/100
|-weather|Sandstorm|[from] ability: Sand Stream|[of] p2a: Tyranitar
|turn|10
|
|t:|1760869176
|move|p1a: Basculegion|Surf|p2a: Tyranitar
|-supereffective|p2a: Tyranitar
|-damage|p2a: Tyranitar|28/100
|move|p2a: Tyranitar|Knock Off|p1a: Basculegion
|-supereffective|p1a: Basculegion
|-damage|p1a: Basculegion|0 fnt
|-enditem|p1a: Basculegion|Metronome|[from] move: Knock Off|[of] p2a: Tyranitar
|faint|p1a: Basculegion
|
|-weather|Sandstorm|[upkeep]
|upkeep
|
|t:|1760869189
|switch|p1a: Tornadus|Tornadus-Therian, M|100/100
|turn|11
|
|t:|1760869193
|switch|p2a: Clodsire|Clodsire, M|100/100
|move|p1a: Tornadus|Weather Ball|p2a: Clodsire
|-resisted|p2a: Clodsire
|-damage|p2a: Clodsire|88/100
|
|-weather|Sandstorm|[upkeep]
|-damage|p1a: Tornadus|94/100|[from] Sandstorm
|upkeep
|turn|12
|
|t:|1760869206
|switch|p1a: Pelipper|Pelipper, F|39/100
|-weather|RainDance|[from] ability: Drizzle|[of] p1a: Pelipper
|switch|p2a: Alomomola|Alomomola, F, shiny|74/100
|
|-weather|RainDance|[upkeep]
|upkeep
|turn|13
|
|t:|1760869216
|move|p2a: Alomomola|Wish|p2a: Alomomola
|move|p1a: Pelipper|U-turn|p2a: Alomomola
|-damage|p2a: Alomomola|68/100
|
|t:|1760869229
|switch|p1a: Iron Treads|Iron Treads|88/100|[from] U-turn
|
|-weather|RainDance|[upkeep]
|upkeep
|turn|14
|
|t:|1760869239
|move|p1a: Iron Treads|Earthquake|p2a: Alomomola
|-damage|p2a: Alomomola|41/100
|move|p2a: Alomomola|Flip Turn|p1a: Iron Treads
|-supereffective|p1a: Iron Treads
|-damage|p1a: Iron Treads|40/100
|-enditem|p1a: Iron Treads|Eject Button
|
|t:|1760869252
|-end|p1a: Iron Treads|Quark Drive|[silent]
|switch|p1a: Pelipper|Pelipper, F|39/100
|
|-weather|RainDance|[upkeep]
|-heal|p2a: Alomomola|91/100|[from] move: Wish|[wisher] Alomomola
|upkeep
|turn|15
|
|t:|1760869264
|move|p1a: Pelipper|U-turn|p2a: Alomomola
|-damage|p2a: Alomomola|85/100
|
|t:|1760869268
|switch|p1a: Hatterene|Hatterene, F|100/100|[from] U-turn
|move|p2a: Alomomola|Wish|p2a: Alomomola
|
|-weather|RainDance|[upkeep]
|upkeep
|turn|16
|
|t:|1760869276
|move|p2a: Alomomola|Flip Turn|p1a: Hatterene
|-damage|p1a: Hatterene|79/100
|-enditem|p1a: Hatterene|Eject Button
|
|t:|1760869287
|switch|p1a: Tornadus|Tornadus-Therian, M|100/100
|
|-weather|none
|-heal|p2a: Alomomola|100/100|[from] move: Wish|[wisher] Alomomola
|upkeep
|turn|17
|
|t:|1760869302
|move|p2a: Alomomola|Protect|p2a: Alomomola
|-singleturn|p2a: Alomomola|Protect
|move|p1a: Tornadus|U-turn|p2a: Alomomola
|-activate|p2a: Alomomola|move: Protect
|
|upkeep
|turn|18
|
|t:|1760869309
|move|p1a: Tornadus|U-turn|p2a: Alomomola
|-damage|p2a: Alomomola|90/100
|
|t:|1760869313
|switch|p1a: Zapdos|Zapdos|81/100|[from] U-turn
|move|p2a: Alomomola|Wish|p2a: Alomomola
|
|upkeep
|turn|19
|
|t:|1760869325
|switch|p2a: Tyranitar|Tyranitar, F|28/100
|-weather|Sandstorm|[from] ability: Sand Stream|[of] p2a: Tyranitar
|move|p1a: Zapdos|Volt Switch|p2a: Tyranitar
|-damage|p2a: Tyranitar|7/100
|
|t:|1760869334
|switch|p1a: Pelipper|Pelipper, F|39/100|[from] Volt Switch
|-weather|RainDance|[from] ability: Drizzle|[of] p1a: Pelipper
|
|-weather|RainDance|[upkeep]
|-heal|p2a: Tyranitar|66/100|[from] move: Wish|[wisher] Alomomola
|upkeep
|turn|20
|
|t:|1760869343
|switch|p2a: Alomomola|Alomomola, F, shiny|100/100
|move|p1a: Pelipper|U-turn|p2a: Alomomola
|-damage|p2a: Alomomola|94/100
|
|t:|1760869349
|switch|p1a: Zapdos|Zapdos|81/100|[from] U-turn
|
|-weather|RainDance|[upkeep]
|upkeep
|turn|21
|
|t:|1760869356
|switch|p2a: Tyranitar|Tyranitar, F|66/100
|-weather|Sandstorm|[from] ability: Sand Stream|[of] p2a: Tyranitar
|move|p1a: Zapdos|Thunderbolt|p2a: Tyranitar
|-damage|p2a: Tyranitar|36/100
|
|-weather|Sandstorm|[upkeep]
|-damage|p1a: Zapdos|75/100|[from] Sandstorm
|upkeep
|turn|22
|
|t:|1760869372
|move|p1a: Zapdos|Thunderbolt|p2a: Tyranitar
|-damage|p2a: Tyranitar|5/100
|-status|p2a: Tyranitar|par
|move|p2a: Tyranitar|Stealth Rock|p1a: Zapdos
|-sidestart|p1: usurper9!!|move: Stealth Rock
|
|-weather|Sandstorm|[upkeep]
|-damage|p1a: Zapdos|68/100|[from] Sandstorm
|upkeep
|turn|23
|
|t:|1760869382
|switch|p2a: Clodsire|Clodsire, M|88/100
|move|p1a: Zapdos|Thunderbolt|p2a: Clodsire
|-immune|p2a: Clodsire
|
|-weather|Sandstorm|[upkeep]
|-damage|p1a: Zapdos|62/100|[from] Sandstorm
|upkeep
|turn|24
|
|t:|1760869393
|switch|p1a: Iron Treads|Iron Treads|40/100
|-damage|p1a: Iron Treads|37/100|[from] Stealth Rock
|switch|p2a: Alomomola|Alomomola, F, shiny|100/100
|
|-weather|Sandstorm|[upkeep]
|-damage|p2a: Alomomola|94/100|[from] Sandstorm
|upkeep
|turn|25
|
|t:|1760869404
|move|p1a: Iron Treads|Volt Switch|p2a: Alomomola
|-supereffective|p2a: Alomomola
|-damage|p2a: Alomomola|74/100
|
|t:|1760869409
|-end|p1a: Iron Treads|Quark Drive|[silent]
|switch|p1a: Hatterene|Hatterene, F|79/100|[from] Volt Switch
|-damage|p1a: Hatterene|66/100|[from] Stealth Rock
|move|p2a: Alomomola|Wish|p2a: Alomomola
|
|-weather|none
|upkeep
|turn|26
|
|t:|1760869422
|move|p2a: Alomomola|Flip Turn|p1a: Hatterene
|-damage|p1a: Hatterene|52/100
|
|t:|1760869428
|switch|p2a: Clodsire|Clodsire, M|88/100|[from] Flip Turn
|move|p1a: Hatterene|Draining Kiss|p2a: Clodsire
|-resisted|p2a: Clodsire
|-damage|p2a: Clodsire|81/100
|-heal|p1a: Hatterene|59/100|[from] drain|[of] p2a: Clodsire
|
|-heal|p2a: Clodsire|100/100|[from] move: Wish|[wisher] Alomomola
|upkeep
|turn|27
|
|t:|1760869440
|move|p1a: Hatterene|Psychic Noise|p2a: Clodsire
|-supereffective|p2a: Clodsire
|-damage|p2a: Clodsire|64/100
|-start|p2a: Clodsire|move: Heal Block
|move|p2a: Clodsire|Earthquake|p1a: Hatterene
|-damage|p1a: Hatterene|36/100
|
|upkeep
|turn|28
|
|t:|1760869457
|switch|p2a: Clefable|Clefable, M|100/100
|move|p1a: Hatterene|Healing Wish|p1a: Hatterene
|faint|p1a: Hatterene
|
|upkeep
|
|t:|1760869463
|switch|p1a: Pelipper|Pelipper, F|39/100
|-heal|p1a: Pelipper|100/100|[from] move: Healing Wish
|-damage|p1a: Pelipper|76/100|[from] Stealth Rock
|-weather|RainDance|[from] ability: Drizzle|[of] p1a: Pelipper
|turn|29
|
|t:|1760869473
|move|p2a: Clefable|Moonblast|p1a: Pelipper
|-damage|p1a: Pelipper|46/100
|move|p1a: Pelipper|U-turn|p2a: Clefable
|-resisted|p2a: Clefable
|-damage|p2a: Clefable|97/100
|
|t:|1760869481
|switch|p1a: Zapdos|Zapdos|62/100|[from] U-turn
|-damage|p1a: Zapdos|37/100|[from] Stealth Rock
|
|-weather|RainDance|[upkeep]
|upkeep
|turn|30
|
|t:|1760869490
|move|p2a: Clefable|Protect|p2a: Clefable
|-singleturn|p2a: Clefable|Protect
|move|p1a: Zapdos|Hurricane|p2a: Clefable
|-activate|p2a: Clefable|move: Protect
|
|-weather|RainDance|[upkeep]
|upkeep
|turn|31
|
|t:|1760869506
|move|p1a: Zapdos|Hurricane|p2a: Clefable
|-damage|p2a: Clefable|24/100
|move|p2a: Clefable|Wish|p2a: Clefable
|
|-weather|RainDance|[upkeep]
|upkeep
|turn|32
|
|t:|1760869515
|switch|p2a: Clodsire|Clodsire, M|64/100
|move|p1a: Zapdos|Hurricane|p2a: Clodsire
|-damage|p2a: Clodsire|19/100
|-start|p2a: Clodsire|confusion
|
|-weather|RainDance|[upkeep]
|-heal|p2a: Clodsire|61/100|[from] move: Wish|[wisher] Clefable
|upkeep
|turn|33
|
|t:|1760869542
|move|p1a: Zapdos|Hurricane|p2a: Clodsire
|-damage|p2a: Clodsire|13/100
|-activate|p2a: Clodsire|confusion
|move|p2a: Clodsire|Recover|p2a: Clodsire
|-heal|p2a: Clodsire|64/100
|
|-weather|none
|upkeep
|turn|34
|
|t:|1760869552
|switch|p1a: Iron Treads|Iron Treads|37/100
|-damage|p1a: Iron Treads|34/100|[from] Stealth Rock
|-activate|p2a: Clodsire|confusion
|move|p2a: Clodsire|Recover|p2a: Clodsire
|-heal|p2a: Clodsire|100/100
|
|upkeep
|turn|35
|
|t:|1760869560
|switch|p2a: Alomomola|Alomomola, F, shiny|100/100
|move|p1a: Iron Treads|Rapid Spin|p2a: Alomomola
|-damage|p2a: Alomomola|90/100
|-boost|p1a: Iron Treads|spe|1
|-sideend|p1: usurper9!!|Stealth Rock|[from] move: Rapid Spin|[of] p1a: Iron Treads
|
|upkeep
|turn|36
|
|t:|1760869568
|move|p1a: Iron Treads|Volt Switch|p2a: Alomomola
|-supereffective|p2a: Alomomola
|-damage|p2a: Alomomola|71/100
|
|t:|1760869575
|-end|p1a: Iron Treads|Quark Drive|[silent]
|switch|p1a: Pelipper|Pelipper, F|46/100|[from] Volt Switch
|-weather|RainDance|[from] ability: Drizzle|[of] p1a: Pelipper
|move|p2a: Alomomola|Flip Turn|p1a: Pelipper
|-resisted|p1a: Pelipper
|-damage|p1a: Pelipper|32/100
|
|t:|1760869583
|switch|p2a: Tyranitar|Tyranitar, F|5/100 par|[from] Flip Turn
|-weather|Sandstorm|[from] ability: Sand Stream|[of] p2a: Tyranitar
|
|-weather|Sandstorm|[upkeep]
|-damage|p1a: Pelipper|26/100|[from] Sandstorm
|-damage|p1a: Pelipper|13/100|[from] item: Sticky Barb
|upkeep
|turn|37
|inactive|usurper9!! has 120 seconds left.
|
|t:|1760869618
|switch|p2a: Alomomola|Alomomola, F, shiny|100/100
|move|p1a: Pelipper|U-turn|p2a: Alomomola
|-damage|p2a: Alomomola|95/100
|
|t:|1760869626
|switch|p1a: Tornadus|Tornadus-Therian, M|100/100|[from] U-turn
|
|-weather|Sandstorm|[upkeep]
|-damage|p1a: Tornadus|94/100|[from] Sandstorm
|-damage|p2a: Alomomola|89/100|[from] Sandstorm
|upkeep
|turn|38
|-message|usurper9!! forfeited.
|
|win|KennytheslugSmith
|raw|usurper9!!'s rating: 1397 &rarr; <strong>1378</strong><br />(-19 for losing)
|raw|KennytheslugSmith's rating: 1420 &rarr; <strong>1439</strong><br />(+19 for winning)
|l|☆usurper9!!
|player|p1|
