|j|☆jimmyjohns212
|j|☆kfp4
|t:|1760761326
|gametype|singles
|player|p1|jimmyjohns212|giovanni|1256
|player|p2|kfp4|2|1294
|gen|9
|tier|[Gen 9] OU
|rated|
|rule|HP Percentage Mod: HP is shown in percentages
|rule|Endless Battle Clause: Forcing endless battles is banned
|rule|Species Clause: Limit one of each Pokémon
|rule|OHKO Clause: OHKO moves are banned
|rule|Evasion Items Clause: Evasion items are banned
|rule|Evasion Moves Clause: Evasion moves are banned
|rule|Evasion Abilities Clause: Evasion abilities are banned
|rule|Sleep Moves Clause: Sleep-inducing moves are banned
|clearpoke
|poke|p1|Malamar, F|
|poke|p1|Araquanid, F|
|poke|p1|Cinderace, M|
|poke|p1|Serperior, M|
|poke|p1|Enamorus, F|
|poke|p1|Iron Treads|
|poke|p2|Kingambit, F|
|poke|p2|Cinderace, F|
|poke|p2|Landorus-Therian, M|
|poke|p2|Iron Valiant|
|poke|p2|Kyurem|
|poke|p2|Slowking-Galar, M|
|teampreview
|inactive|Battle timer is ON: inactive players will automatically lose when time's up. (requested by jimmyjohns212)
|
|t:|1760761346
|teamsize|p1|6
|teamsize|p2|6
|start
|switch|p1a: Araquanid|Araquanid, F|100/100
|switch|p2a: Mr. Freeze|Kyurem, shiny|100/100
|-ability|p2a: Mr. Freeze|Pressure
|turn|1
|
|t:|1760761351
|move|p2a: Mr. Freeze|Substitute|p2a: Mr. Freeze
|-start|p2a: Mr. Freeze|Substitute
|-damage|p2a: Mr. Freeze|76/100
|move|p1a: Araquanid|Sticky Web|p2a: Mr. Freeze
|-sidestart|p2: kfp4|move: Sticky Web
|
|-heal|p2a: Mr. Freeze|82/100|[from] item: Leftovers
|upkeep
|turn|2
|
|t:|1760761353
|move|p2a: Mr. Freeze|Freeze-Dry|p1a: Araquanid
|-supereffective|p1a: Araquanid
|-damage|p1a: Araquanid|46/100
|move|p1a: Araquanid|Bug Buzz|p2a: Mr. Freeze
|-damage|p2a: Mr. Freeze|61/100
|
|-heal|p2a: Mr. Freeze|67/100|[from] item: Leftovers
|upkeep
|turn|3
|
|t:|1760761358
|move|p1a: Araquanid|Endure|p1a: Araquanid
|-singleturn|p1a: Araquanid|move: Endure
|move|p2a: Mr. Freeze|Freeze-Dry|p1a: Araquanid
|-supereffective|p1a: Araquanid
|-activate|p1a: Araquanid|move: Endure
|-damage|p1a: Araquanid|1/100
|
|-heal|p2a: Mr. Freeze|73/100|[from] item: Leftovers
|upkeep
|turn|4
|-enditem|p1a: Araquanid|Custap Berry|[eat]
|-activate|p1a: Araquanid|item: Custap Berry|[consumed]
|
|t:|1760761361
|move|p2a: Mr. Freeze|Protect|p2a: Mr. Freeze
|-singleturn|p2a: Mr. Freeze|Protect
|move|p1a: Araquanid|Bug Buzz|p2a: Mr. Freeze
|-activate|p2a: Mr. Freeze|move: Protect
|
|-heal|p2a: Mr. Freeze|79/100|[from] item: Leftovers
|upkeep
|turn|5
|
|t:|1760761364
|move|p2a: Mr. Freeze|Freeze-Dry|p1a: Araquanid
|-supereffective|p1a: Araquanid
|-damage|p1a: Araquanid|0 fnt
|faint|p1a: Araquanid
|
|-heal|p2a: Mr. Freeze|85/100|[from] item: Leftovers
|upkeep
|
|t:|1760761366
|switch|p1a: Cinderace|Cinderace, M|100/100
|turn|6
|
|t:|1760761368
|move|p1a: Cinderace|Court Change|p1a: Cinderace
|-swapsideconditions
|-activate|p1a: Cinderace|move: Court Change
|move|p2a: Mr. Freeze|Earth Power|p1a: Cinderace
|-supereffective|p1a: Cinderace
|-damage|p1a: Cinderace|0 fnt
|faint|p1a: Cinderace
|
|-heal|p2a: Mr. Freeze|92/100|[from] item: Leftovers
|upkeep
|
|t:|1760761374
|switch|p1a: Malamar|Malamar, F|100/100
|-activate|p1a: Malamar|move: Sticky Web
|-boost|p1a: Malamar|spe|1
|turn|7
|
|t:|1760761379
|move|p2a: Mr. Freeze|Protect|p2a: Mr. Freeze
|-singleturn|p2a: Mr. Freeze|Protect
|move|p1a: Malamar|Superpower|p2a: Mr. Freeze
|-activate|p2a: Mr. Freeze|move: Protect
|
|-heal|p2a: Mr. Freeze|98/100|[from] item: Leftovers
|upkeep
|turn|8
|
|t:|1760761386
|move|p1a: Malamar|Superpower|p2a: Mr. Freeze
|-supereffective|p2a: Mr. Freeze
|-crit|p2a: Mr. Freeze
|-end|p2a: Mr. Freeze|Substitute
|-boost|p1a: Malamar|atk|1
|-boost|p1a: Malamar|def|1
|-damage|p1a: Malamar|91/100|[from] item: Life Orb
|move|p2a: Mr. Freeze|Substitute|p2a: Mr. Freeze
|-start|p2a: Mr. Freeze|Substitute
|-damage|p2a: Mr. Freeze|73/100
|
|-heal|p2a: Mr. Freeze|79/100|[from] item: Leftovers
|upkeep
|turn|9
|
|t:|1760761393
|move|p2a: Mr. Freeze|Protect|p2a: Mr. Freeze
|-singleturn|p2a: Mr. Freeze|Protect
|move|p1a: Malamar|Psycho Cut|p2a: Mr. Freeze
|-activate|p2a: Mr. Freeze|move: Protect
|
|-heal|p2a: Mr. Freeze|85/100|[from] item: Leftovers
|upkeep
|turn|10
|
|t:|1760761397
|move|p1a: Malamar|Knock Off|p2a: Mr. Freeze
|-end|p2a: Mr. Freeze|Substitute
|-damage|p1a: Malamar|81/100|[from] item: Life Orb
|move|p2a: Mr. Freeze|Substitute|p2a: Mr. Freeze
|-start|p2a: Mr. Freeze|Substitute
|-damage|p2a: Mr. Freeze|60/100
|
|-heal|p2a: Mr. Freeze|66/100|[from] item: Leftovers
|upkeep
|turn|11
|
|t:|1760761399
|move|p2a: Mr. Freeze|Protect|p2a: Mr. Freeze
|-singleturn|p2a: Mr. Freeze|Protect
|move|p1a: Malamar|Knock Off|p2a: Mr. Freeze
|-activate|p2a: Mr. Freeze|move: Protect
|
|-heal|p2a: Mr. Freeze|73/100|[from] item: Leftovers
|upkeep
|turn|12
|
|t:|1760761403
|move|p1a: Malamar|Knock Off|p2a: Mr. Freeze
|-end|p2a: Mr. Freeze|Substitute
|-damage|p1a: Malamar|71/100|[from] item: Life Orb
|move|p2a: Mr. Freeze|Freeze-Dry|p1a: Malamar
|-damage|p1a: Malamar|21/100
|
|-heal|p2a: Mr. Freeze|79/100|[from] item: Leftovers
|upkeep
|turn|13
|
|t:|1760761406
|move|p2a: Mr. Freeze|Protect|p2a: Mr. Freeze
|-singleturn|p2a: Mr. Freeze|Protect
|move|p1a: Malamar|Psycho Cut|p2a: Mr. Freeze
|-activate|p2a: Mr. Freeze|move: Protect
|
|-heal|p2a: Mr. Freeze|85/100|[from] item: Leftovers
|upkeep
|turn|14
|
|t:|1760761409
|switch|p2a: Homelandor|Landorus-Therian, M, shiny|100/100
|-ability|p2a: Homelandor|Intimidate|boost
|-boost|p1a: Malamar|atk|1
|move|p1a: Malamar|Knock Off|p2a: Homelandor
|-crit|p2a: Homelandor
|-damage|p2a: Homelandor|0 fnt
|-damage|p1a: Malamar|4/100|[from] item: Rocky Helmet|[of] p2a: Homelandor
|-enditem|p2a: Homelandor|Rocky Helmet|[from] move: Knock Off|[of] p1a: Malamar
|faint|p2a: Homelandor
|-damage|p1a: Malamar|0 fnt|[from] item: Life Orb
|faint|p1a: Malamar
|
|upkeep
|
|t:|1760761417
|switch|p2a: Kristine|Cinderace, F, shiny|100/100
|switch|p1a: Enamorus|Enamorus, F|100/100
|turn|15
|
|t:|1760761421
|-terastallize|p1a: Enamorus|Fairy
|move|p2a: Kristine|Pyro Ball|p1a: Enamorus
|-damage|p1a: Enamorus|22/100
|move|p1a: Enamorus|Earth Power|p2a: Kristine
|-supereffective|p2a: Kristine
|-damage|p2a: Kristine|0 fnt
|faint|p2a: Kristine
|
|upkeep
|
|t:|1760761430
|switch|p2a: WALL-Y|Iron Valiant|100/100
|-enditem|p2a: WALL-Y|Booster Energy
|-activate|p2a: WALL-Y|ability: Quark Drive|[fromitem]
|-start|p2a: WALL-Y|quarkdrivespe
|turn|16
|
|t:|1760761432
|switch|p1a: Iron Treads|Iron Treads|100/100
|move|p2a: WALL-Y|Moonblast|p1a: Iron Treads
|-resisted|p1a: Iron Treads
|-damage|p1a: Iron Treads|63/100
|-unboost|p1a: Iron Treads|spa|1
|
|upkeep
|turn|17
|
|t:|1760761436
|move|p2a: WALL-Y|Calm Mind|p2a: WALL-Y
|-boost|p2a: WALL-Y|spa|1
|-boost|p2a: WALL-Y|spd|1
|move|p1a: Iron Treads|Rapid Spin|p2a: WALL-Y
|-damage|p2a: WALL-Y|79/100
|-boost|p1a: Iron Treads|spe|1
|-sideend|p1: jimmyjohns212|Sticky Web|[from] move: Rapid Spin|[of] p1a: Iron Treads
|
|upkeep
|turn|18
|
|t:|1760761442
|-terastallize|p2a: WALL-Y|Ghost
|move|p2a: WALL-Y|Shadow Ball|p1a: Iron Treads
|-crit|p1a: Iron Treads
|-damage|p1a: Iron Treads|0 fnt
|faint|p1a: Iron Treads
|-end|p1a: Iron Treads|Quark Drive|[silent]
|
|upkeep
|
|t:|1760761447
|switch|p1a: Serperior|Serperior, M|100/100
|turn|19
|
|t:|1760761451
|move|p2a: WALL-Y|Shadow Ball|p1a: Serperior
|-damage|p1a: Serperior|25/100
|move|p1a: Serperior|Glare|p2a: WALL-Y
|-status|p2a: WALL-Y|par
|
|-heal|p1a: Serperior|31/100|[from] item: Leftovers
|upkeep
|turn|20
|
|t:|1760761455
|move|p1a: Serperior|Substitute|p1a: Serperior
|-start|p1a: Serperior|Substitute
|-damage|p1a: Serperior|6/100
|cant|p2a: WALL-Y|par
|
|-heal|p1a: Serperior|13/100|[from] item: Leftovers
|upkeep
|turn|21
|
|t:|1760761457
|move|p1a: Serperior|Leaf Storm|p2a: WALL-Y
|-damage|p2a: WALL-Y|25/100 par
|-boost|p1a: Serperior|spa|2
|move|p2a: WALL-Y|Shadow Ball|p1a: Serperior
|-end|p1a: Serperior|Substitute
|
|-heal|p1a: Serperior|19/100|[from] item: Leftovers
|upkeep
|turn|22
|
|t:|1760761460
|move|p1a: Serperior|Leaf Storm|p2a: WALL-Y
|-damage|p2a: WALL-Y|0 fnt
|-boost|p1a: Serperior|spa|2
|faint|p2a: WALL-Y
|-end|p2a: WALL-Y|Quark Drive|[silent]
|
|-heal|p1a: Serperior|25/100|[from] item: Leftovers
|upkeep
|
|t:|1760761462
|switch|p2a: Chillionaire|Slowking-Galar, M, shiny|100/100
|turn|23
|
|t:|1760761469
|move|p1a: Serperior|Leaf Storm|p2a: Chillionaire
|-resisted|p2a: Chillionaire
|-damage|p2a: Chillionaire|56/100
|-boost|p1a: Serperior|spa|2
|move|p2a: Chillionaire|Sludge Bomb|p1a: Serperior
|-supereffective|p1a: Serperior
|-damage|p1a: Serperior|0 fnt
|faint|p1a: Serperior
|
|upkeep
|
|t:|1760761472
|switch|p1a: Enamorus|Enamorus, F, tera:Fairy|22/100
|turn|24
|
|t:|1760761475
|switch|p2a: Daenerys|Kingambit, F|100/100
|-activate|p2a: Daenerys|ability: Supreme Overlord
|-start|p2a: Daenerys|fallen3|[silent]
|move|p1a: Enamorus|Earth Power|p2a: Daenerys
|-supereffective|p2a: Daenerys
|-damage|p2a: Daenerys|0 fnt
|faint|p2a: Daenerys
|-end|p2a: Daenerys|fallen3|[silent]
|
|upkeep
|
|t:|1760761477
|switch|p2a: Mr. Freeze|Kyurem, shiny|85/100
|-ability|p2a: Mr. Freeze|Pressure
|turn|25
|
|t:|1760761479
|move|p2a: Mr. Freeze|Protect|p2a: Mr. Freeze
|-singleturn|p2a: Mr. Freeze|Protect
|move|p1a: Enamorus|Earth Power|p2a: Mr. Freeze
|-activate|p2a: Mr. Freeze|move: Protect
|
|-heal|p2a: Mr. Freeze|91/100|[from] item: Leftovers
|upkeep
|turn|26
|
|t:|1760761482
|move|p2a: Mr. Freeze|Freeze-Dry|p1a: Enamorus
|-damage|p1a: Enamorus|0 fnt
|faint|p1a: Enamorus
|
|win|kfp4
|raw|jimmyjohns212's rating: 1256 &rarr; <strong>1234</strong><br />(-22 for losing)
|raw|kfp4's rating: 1294 &rarr; <strong>1316</strong><br />(+22 for winning)
|l|☆kfp4
|player|p2|
|l|☆jimmyjohns212
|player|p1|
