|j|☆Jjmcjay
|j|☆phrugsqueek
|t:|1760767343
|gametype|singles
|player|p1|Jjmcjay|jasmine|1186
|player|p2|phrugsqueek|psychicf-gen4|1144
|gen|9
|tier|[Gen 9] OU
|rated|
|rule|HP Percentage Mod: HP is shown in percentages
|rule|Endless Battle Clause: Forcing endless battles is banned
|rule|Species Clause: Limit one of each Pokémon
|rule|OHKO Clause: OHKO moves are banned
|rule|Evasion Items Clause: Evasion items are banned
|rule|Evasion Moves Clause: Evasion moves are banned
|rule|Evasion Abilities Clause: Evasion abilities are banned
|rule|Sleep Moves Clause: Sleep-inducing moves are banned
|clearpoke
|poke|p1|Garganacl, M|
|poke|p1|Corviknight, F|
|poke|p1|Great Tusk|
|poke|p1|Dragapult, F|
|poke|p1|Enamorus, F|
|poke|p1|Ogerpon-Wellspring, F|
|poke|p2|Azumarill, F|
|poke|p2|Garganacl, M|
|poke|p2|Polteageist|
|poke|p2|Swalot, F|
|poke|p2|Hitmonchan, M|
|poke|p2|Glimmora, F|
|teampreview
|inactive|Battle timer is ON: inactive players will automatically lose when time's up. (requested by phrugsqueek)
|
|t:|1760767364
|teamsize|p1|6
|teamsize|p2|6
|start
|switch|p1a: Dragapult|Dragapult, F|100/100
|switch|p2a: Glimmora|Glimmora, F|100/100
|turn|1
|
|t:|1760767372
|move|p1a: Dragapult|Hydro Pump|p2a: Glimmora|[miss]
|-miss|p1a: Dragapult|p2a: Glimmora
|move|p2a: Glimmora|Stealth Rock|p1a: Dragapult
|-sidestart|p1: Jjmcjay|move: Stealth Rock
|
|upkeep
|turn|2
|
|t:|1760767381
|move|p1a: Dragapult|Hydro Pump|p2a: Glimmora
|-supereffective|p2a: Glimmora
|-damage|p2a: Glimmora|0 fnt
|faint|p2a: Glimmora
|-damage|p1a: Dragapult|91/100|[from] item: Life Orb
|
|upkeep
|
|t:|1760767396
|switch|p2a: Polteageist|Polteageist|100/100
|turn|3
|
|t:|1760767404
|move|p1a: Dragapult|Draco Meteor|p2a: Polteageist
|-damage|p2a: Polteageist|14/100
|-unboost|p1a: Dragapult|spa|2
|-damage|p1a: Dragapult|81/100|[from] item: Life Orb
|move|p2a: Polteageist|Shell Smash|p2a: Polteageist
|-unboost|p2a: Polteageist|def|1
|-unboost|p2a: Polteageist|spd|1
|-boost|p2a: Polteageist|atk|2
|-boost|p2a: Polteageist|spa|2
|-boost|p2a: Polteageist|spe|2
|
|upkeep
|turn|4
|
|t:|1760767416
|move|p2a: Polteageist|Poltergeist|p1a: Dragapult
|-activate|p1a: Dragapult|move: Poltergeist|Life Orb
|-supereffective|p1a: Dragapult
|-damage|p1a: Dragapult|0 fnt
|faint|p1a: Dragapult
|
|upkeep
|
|t:|1760767423
|switch|p1a: Enamorus|Enamorus, F|100/100
|-damage|p1a: Enamorus|76/100|[from] Stealth Rock
|turn|5
|
|t:|1760767428
|move|p2a: Polteageist|Stored Power|p1a: Enamorus
|-crit|p1a: Enamorus
|-damage|p1a: Enamorus|0 fnt
|faint|p1a: Enamorus
|
|upkeep
|
|t:|1760767434
|switch|p1a: Corviknight|Corviknight, F|100/100
|-damage|p1a: Corviknight|88/100|[from] Stealth Rock
|turn|6
|
|t:|1760767439
|move|p2a: Polteageist|Stored Power|p1a: Corviknight
|-resisted|p1a: Corviknight
|-damage|p1a: Corviknight|55/100
|move|p1a: Corviknight|Brave Bird|p2a: Polteageist
|-damage|p2a: Polteageist|0 fnt
|faint|p2a: Polteageist
|-damage|p1a: Corviknight|53/100|[from] Recoil
|
|upkeep
|
|t:|1760767452
|switch|p2a: Swalot|Swalot, F|100/100
|turn|7
|inactive|Jjmcjay has 120 seconds left.
|l|☆Jjmcjay
|inactive|Jjmcjay disconnected and has a minute to reconnect!
|player|p1|
|inactive|Jjmcjay has 30 seconds to reconnect!
|inactive|Jjmcjay has 20 seconds to reconnect!
|inactive|Jjmcjay has 15 seconds to reconnect!
|inactive|Jjmcjay has 10 seconds to reconnect!
|inactive|Jjmcjay has 5 seconds to reconnect!
|-message|Jjmcjay lost due to inactivity.
|
|win|phrugsqueek
|raw|Jjmcjay's rating: 1186 &rarr; <strong>1158</strong><br />(-28 for losing)
|raw|phrugsqueek's rating: 1144 &rarr; <strong>1172</strong><br />(+28 for winning)
|l|☆phrugsqueek
|player|p2|
