|j|☆mansonabuluting
|j|☆Johnny tots
|t:|1760739381
|gametype|singles
|player|p1|mansonabuluting|bellelba|1755
|player|p2|Johnny tots|169|1731
|gen|9
|tier|[Gen 9] OU
|rated|
|rule|HP Percentage Mod: HP is shown in percentages
|rule|Endless Battle Clause: Forcing endless battles is banned
|rule|Species Clause: Limit one of each Pokémon
|rule|OHKO Clause: OHKO moves are banned
|rule|Evasion Items Clause: Evasion items are banned
|rule|Evasion Moves Clause: Evasion moves are banned
|rule|Evasion Abilities Clause: Evasion abilities are banned
|rule|Sleep Moves Clause: Sleep-inducing moves are banned
|clearpoke
|poke|p1|Rillaboom, M|
|poke|p1|Hawlucha, M|
|poke|p1|Thundurus-Therian, M|
|poke|p1|Great Tusk|
|poke|p1|Volcanion|
|poke|p1|Goodra-Hisui, M|
|poke|p2|Rillaboom, M|
|poke|p2|Klefki, M|
|poke|p2|Manaphy|
|poke|p2|Ogerpon-Wellspring, F|
|poke|p2|Slowbro-Galar, M|
|poke|p2|Clefable, F|
|teampreview
|
|t:|1760739387
|teamsize|p1|6
|teamsize|p2|6
|start
|switch|p1a: Rillaboom|Rillaboom, M|100/100
|switch|p2a: Klefki|Klefki, M|100/100
|-fieldstart|move: Grassy Terrain|[from] ability: Grassy Surge|[of] p1a: Rillaboom
|turn|1
|
|t:|1760739392
|move|p2a: Klefki|Reflect|p2a: Klefki
|-sidestart|p2: Johnny tots|Reflect
|move|p1a: Rillaboom|Wood Hammer|p2a: Klefki
|-resisted|p2a: Klefki
|-damage|p2a: Klefki|75/100
|-damage|p1a: Rillaboom|94/100|[from] Recoil
|
|-heal|p1a: Rillaboom|99/100|[from] Grassy Terrain
|-heal|p2a: Klefki|81/100|[from] Grassy Terrain
|upkeep
|turn|2
|inactive|Battle timer is ON: inactive players will automatically lose when time's up. (requested by Johnny tots)
|j| gronwar
|inactive|mansonabuluting has 120 seconds left.
|
|t:|1760739431
|switch|p1a: Volcanion|Volcanion|100/100
|move|p2a: Klefki|Light Screen|p2a: Klefki
|-sidestart|p2: Johnny tots|move: Light Screen
|
|-heal|p2a: Klefki|87/100|[from] Grassy Terrain
|upkeep
|turn|3
|
|t:|1760739435
|move|p2a: Klefki|Thunder Wave|p1a: Volcanion
|-status|p1a: Volcanion|par
|move|p1a: Volcanion|Overheat|p2a: Klefki
|-supereffective|p2a: Klefki
|-damage|p2a: Klefki|0 fnt
|-unboost|p1a: Volcanion|spa|2
|faint|p2a: Klefki
|
|upkeep
|
|t:|1760739444
|switch|p2a: Ogerpon|Ogerpon-Wellspring, F|100/100
|turn|4
|j| Chococroc
|
|t:|1760739457
|switch|p1a: Hawlucha|Hawlucha, M|100/100
|-enditem|p1a: Hawlucha|Grassy Seed
|-boost|p1a: Hawlucha|def|1|[from] item: Grassy Seed
|move|p2a: Ogerpon|Swords Dance|p2a: Ogerpon
|-boost|p2a: Ogerpon|atk|2
|
|upkeep
|turn|5
|
|t:|1760739460
|switch|p2a: Clefable|Clefable, F|100/100
|move|p1a: Hawlucha|Swords Dance|p1a: Hawlucha
|-boost|p1a: Hawlucha|atk|2
|
|-fieldend|move: Grassy Terrain
|upkeep
|turn|6
|
|t:|1760739465
|move|p1a: Hawlucha|Substitute|p1a: Hawlucha
|-start|p1a: Hawlucha|Substitute
|-damage|p1a: Hawlucha|76/100
|move|p2a: Clefable|Moonblast|p1a: Hawlucha
|-supereffective|p1a: Hawlucha
|-end|p1a: Hawlucha|Substitute
|
|upkeep
|turn|7
|
|t:|1760739469
|move|p1a: Hawlucha|Substitute|p1a: Hawlucha
|-start|p1a: Hawlucha|Substitute
|-damage|p1a: Hawlucha|51/100
|move|p2a: Clefable|Moonblast|p1a: Hawlucha
|-supereffective|p1a: Hawlucha
|-end|p1a: Hawlucha|Substitute
|
|upkeep
|turn|8
|
|t:|1760739473
|move|p1a: Hawlucha|Substitute|p1a: Hawlucha
|-start|p1a: Hawlucha|Substitute
|-damage|p1a: Hawlucha|26/100
|move|p2a: Clefable|Moonblast|p1a: Hawlucha
|-supereffective|p1a: Hawlucha
|-end|p1a: Hawlucha|Substitute
|
|-sideend|p2: Johnny tots|Reflect
|upkeep
|turn|9
|
|t:|1760739480
|-terastallize|p2a: Clefable|Steel
|move|p1a: Hawlucha|Acrobatics|p2a: Clefable
|-resisted|p2a: Clefable
|-damage|p2a: Clefable|53/100
|move|p2a: Clefable|Moonblast|p1a: Hawlucha
|-supereffective|p1a: Hawlucha
|-damage|p1a: Hawlucha|0 fnt
|faint|p1a: Hawlucha
|
|-heal|p2a: Clefable|59/100|[from] item: Leftovers
|-sideend|p2: Johnny tots|move: Light Screen
|upkeep
|
|t:|1760739489
|switch|p1a: Great Tusk|Great Tusk|100/100
|turn|10
|
|t:|1760739492
|switch|p2a: Rillaboom|Rillaboom, M|100/100
|-fieldstart|move: Grassy Terrain|[from] ability: Grassy Surge|[of] p2a: Rillaboom
|move|p1a: Great Tusk|Headlong Rush|p2a: Rillaboom
|-resisted|p2a: Rillaboom
|-damage|p2a: Rillaboom|73/100
|-unboost|p1a: Great Tusk|def|1
|-unboost|p1a: Great Tusk|spd|1
|
|-heal|p2a: Rillaboom|79/100|[from] Grassy Terrain
|upkeep
|turn|11
|
|t:|1760739502
|-end|p1a: Great Tusk|Protosynthesis|[silent]
|switch|p1a: Rillaboom|Rillaboom, M|99/100
|move|p2a: Rillaboom|Knock Off|p1a: Rillaboom
|-damage|p1a: Rillaboom|67/100
|-enditem|p1a: Rillaboom|Choice Band|[from] move: Knock Off|[of] p2a: Rillaboom
|
|-heal|p2a: Rillaboom|85/100|[from] Grassy Terrain
|-heal|p1a: Rillaboom|73/100|[from] Grassy Terrain
|upkeep
|turn|12
|
|t:|1760739509
|move|p2a: Rillaboom|Bulk Up|p2a: Rillaboom
|-boost|p2a: Rillaboom|atk|1
|-boost|p2a: Rillaboom|def|1
|move|p1a: Rillaboom|U-turn|p2a: Rillaboom
|-supereffective|p2a: Rillaboom
|-damage|p2a: Rillaboom|49/100
|l| Chococroc
|
|t:|1760739528
|switch|p1a: Thundurus|Thundurus-Therian, M|100/100|[from] U-turn
|
|-heal|p2a: Rillaboom|55/100|[from] Grassy Terrain
|upkeep
|turn|13
|
|t:|1760739534
|switch|p2a: Ogerpon|Ogerpon-Wellspring, F|100/100
|-terastallize|p1a: Thundurus|Flying
|move|p1a: Thundurus|Tera Blast|p2a: Ogerpon|[anim] Tera Blast Flying
|-supereffective|p2a: Ogerpon
|-damage|p2a: Ogerpon|0 fnt
|faint|p2a: Ogerpon
|
|upkeep
|
|t:|1760739545
|switch|p2a: Slowbro|Slowbro-Galar, M|100/100
|turn|14
|
|t:|1760739550
|switch|p1a: Goodra|Goodra-Hisui, M|100/100
|move|p2a: Slowbro|Nasty Plot|p2a: Slowbro
|-boost|p2a: Slowbro|spa|2
|
|upkeep
|turn|15
|
|t:|1760739555
|move|p1a: Goodra|Flash Cannon|p2a: Slowbro
|-damage|p2a: Slowbro|49/100
|-unboost|p2a: Slowbro|spd|1
|move|p2a: Slowbro|Flamethrower|p1a: Goodra
|-damage|p1a: Goodra|74/100
|
|-heal|p1a: Goodra|80/100|[from] Grassy Terrain
|-heal|p2a: Slowbro|55/100|[from] Grassy Terrain
|upkeep
|turn|16
|-activate|p2a: Slowbro|item: Quick Claw
|
|t:|1760739570
|move|p2a: Slowbro|Flamethrower|p1a: Goodra
|-damage|p1a: Goodra|55/100
|move|p1a: Goodra|Flash Cannon|p2a: Slowbro
|-damage|p2a: Slowbro|0 fnt
|faint|p2a: Slowbro
|
|-heal|p1a: Goodra|61/100|[from] Grassy Terrain
|upkeep
|
|t:|1760739575
|switch|p2a: Rillaboom|Rillaboom, M|55/100
|turn|17
|
|t:|1760739580
|move|p2a: Rillaboom|High Horsepower|p1a: Goodra
|-supereffective|p1a: Goodra
|-damage|p1a: Goodra|0 fnt
|-ability|p1a: Goodra|Gooey
|-unboost|p2a: Rillaboom|spe|1
|faint|p1a: Goodra
|
|-heal|p2a: Rillaboom|61/100|[from] Grassy Terrain
|-fieldend|move: Grassy Terrain
|upkeep
|
|t:|1760739589
|switch|p1a: Great Tusk|Great Tusk|100/100
|turn|18
|
|t:|1760739592
|switch|p2a: Clefable|Clefable, F, tera:Steel|59/100
|move|p1a: Great Tusk|Ice Spinner|p2a: Clefable
|-resisted|p2a: Clefable
|-damage|p2a: Clefable|49/100
|
|-heal|p2a: Clefable|55/100|[from] item: Leftovers
|upkeep
|turn|19
|
|t:|1760739599
|switch|p2a: Rillaboom|Rillaboom, M|61/100
|-fieldstart|move: Grassy Terrain|[from] ability: Grassy Surge|[of] p2a: Rillaboom
|move|p1a: Great Tusk|Headlong Rush|p2a: Rillaboom
|-resisted|p2a: Rillaboom
|-damage|p2a: Rillaboom|35/100
|-unboost|p1a: Great Tusk|def|1
|-unboost|p1a: Great Tusk|spd|1
|
|-heal|p2a: Rillaboom|41/100|[from] Grassy Terrain
|upkeep
|turn|20
|
|t:|1760739606
|switch|p2a: Manaphy|Manaphy|100/100
|-end|p1a: Great Tusk|Protosynthesis|[silent]
|switch|p1a: Thundurus|Thundurus-Therian, M, tera:Flying|100/100
|
|upkeep
|turn|21
|
|t:|1760739615
|switch|p2a: Rillaboom|Rillaboom, M|41/100
|move|p1a: Thundurus|Volt Switch|p2a: Rillaboom
|-resisted|p2a: Rillaboom
|-damage|p2a: Rillaboom|15/100
|
|t:|1760739625
|switch|p1a: Rillaboom|Rillaboom, M|73/100|[from] Volt Switch
|
|-heal|p2a: Rillaboom|21/100|[from] Grassy Terrain
|-heal|p1a: Rillaboom|79/100|[from] Grassy Terrain
|upkeep
|turn|22
|
|t:|1760739630
|switch|p2a: Clefable|Clefable, F, tera:Steel|55/100
|move|p1a: Rillaboom|Grassy Glide|p2a: Clefable
|-resisted|p2a: Clefable
|-damage|p2a: Clefable|36/100
|
|-heal|p1a: Rillaboom|85/100|[from] Grassy Terrain
|-heal|p2a: Clefable|42/100|[from] Grassy Terrain
|-heal|p2a: Clefable|48/100|[from] item: Leftovers
|upkeep
|turn|23
|
|t:|1760739636
|switch|p1a: Volcanion|Volcanion|100/100 par
|move|p2a: Clefable|Moonblast|p1a: Volcanion
|-resisted|p1a: Volcanion
|-damage|p1a: Volcanion|80/100 par
|
|-heal|p2a: Clefable|55/100|[from] Grassy Terrain
|-heal|p2a: Clefable|61/100|[from] item: Leftovers
|-heal|p1a: Volcanion|86/100 par|[from] Grassy Terrain
|upkeep
|turn|24
|
|t:|1760739640
|switch|p2a: Manaphy|Manaphy|100/100
|move|p1a: Volcanion|Steam Eruption|p2a: Manaphy
|-resisted|p2a: Manaphy
|-crit|p2a: Manaphy
|-damage|p2a: Manaphy|38/100
|
|-heal|p2a: Manaphy|44/100|[from] Grassy Terrain
|-heal|p2a: Manaphy|50/100|[from] item: Leftovers
|-heal|p1a: Volcanion|92/100 par|[from] Grassy Terrain
|upkeep
|turn|25
|
|t:|1760739648
|move|p2a: Manaphy|Take Heart|p2a: Manaphy
|-boost|p2a: Manaphy|spa|1
|-boost|p2a: Manaphy|spd|1
|cant|p1a: Volcanion|par
|
|-heal|p2a: Manaphy|56/100|[from] Grassy Terrain
|-heal|p2a: Manaphy|62/100|[from] item: Leftovers
|-heal|p1a: Volcanion|98/100 par|[from] Grassy Terrain
|upkeep
|turn|26
|
|t:|1760739657
|switch|p1a: Thundurus|Thundurus-Therian, M, tera:Flying|100/100
|move|p2a: Manaphy|Acid Armor|p2a: Manaphy
|-boost|p2a: Manaphy|def|2
|
|-heal|p2a: Manaphy|68/100|[from] Grassy Terrain
|-heal|p2a: Manaphy|74/100|[from] item: Leftovers
|-fieldend|move: Grassy Terrain
|upkeep
|turn|27
|
|t:|1760739663
|move|p1a: Thundurus|Volt Switch|p2a: Manaphy
|-supereffective|p2a: Manaphy
|-damage|p2a: Manaphy|25/100
|
|t:|1760739668
|switch|p1a: Volcanion|Volcanion|98/100 par|[from] Volt Switch
|move|p2a: Manaphy|Take Heart|p2a: Manaphy
|-boost|p2a: Manaphy|spa|1
|-boost|p2a: Manaphy|spd|1
|
|-heal|p2a: Manaphy|31/100|[from] item: Leftovers
|upkeep
|turn|28
|
|t:|1760739676
|move|p2a: Manaphy|Take Heart|p2a: Manaphy
|-boost|p2a: Manaphy|spa|1
|-boost|p2a: Manaphy|spd|1
|move|p1a: Volcanion|Haze|p1a: Volcanion
|-clearallboost
|
|-heal|p2a: Manaphy|37/100|[from] item: Leftovers
|upkeep
|turn|29
|-message|Johnny tots forfeited.
|
|win|mansonabuluting
|raw|mansonabuluting's rating: 1755 &rarr; <strong>1774</strong><br />(+19 for winning)
|raw|Johnny tots's rating: 1731 &rarr; <strong>1712</strong><br />(-19 for losing)
|l|☆Johnny tots
|player|p2|
|l|☆mansonabuluting
|player|p1|
|l| gronwar
