|j|☆michaelgoalise
|j|‽Don Ramon Nonato
|t:|1760848870
|gametype|singles
|player|p1|michaelgoalise|1|1545
|player|p2|Don Ramon Nonato|wattson|1540
|gen|9
|tier|[Gen 9] OU
|rated|
|rule|HP Percentage Mod: HP is shown in percentages
|rule|Endless Battle Clause: Forcing endless battles is banned
|rule|Species Clause: Limit one of each Pokémon
|rule|OHKO Clause: OHKO moves are banned
|rule|Evasion Items Clause: Evasion items are banned
|rule|Evasion Moves Clause: Evasion moves are banned
|rule|Evasion Abilities Clause: Evasion abilities are banned
|rule|Sleep Moves Clause: Sleep-inducing moves are banned
|clearpoke
|poke|p1|Tyranitar, F|
|poke|p1|Excadrill, M|
|poke|p1|Iron Valiant|
|poke|p1|Palossand, M|
|poke|p1|Corviknight, M|
|poke|p1|Ogerpon-Wellspring, F|
|poke|p2|Keldeo-Resolute|
|poke|p2|Dragapult, M|
|poke|p2|Slowking-Galar, F|
|poke|p2|Kingambit, F|
|poke|p2|Zapdos|
|poke|p2|Great Tusk|
|teampreview
|inactive|Battle timer is ON: inactive players will automatically lose when time's up. (requested by michaelgoalise)
|inactive|michaelgoalise has 120 seconds left.
|inactive|michaelgoalise has 90 seconds left.
|
|t:|1760848945
|teamsize|p1|6
|teamsize|p2|6
|start
|switch|p1a: Ogerpon|Ogerpon-Wellspring, F|100/100
|switch|p2a: Dragapult|Dragapult, M|100/100
|turn|1
|inactive|michaelgoalise has 120 seconds left.
|
|t:|1760848985
|switch|p1a: Palossand|Palossand, M|100/100
|move|p2a: Dragapult|U-turn|p1a: Palossand
|-resisted|p1a: Palossand
|-damage|p1a: Palossand|89/100
|-damage|p2a: Dragapult|84/100|[from] item: Rocky Helmet|[of] p1a: Palossand
|
|t:|1760848999
|switch|p2a: Slowking|Slowking-Galar, F|100/100|[from] U-turn
|
|upkeep
|turn|2
|
|t:|1760849004
|move|p1a: Palossand|Stealth Rock|p2a: Slowking
|-sidestart|p2: Don Ramon Nonato|move: Stealth Rock
|move|p2a: Slowking|Trick|p1a: Palossand
|-activate|p2a: Slowking|move: Trick|[of] p1a: Palossand
|-item|p1a: Palossand|Black Sludge|[from] move: Trick
|-item|p2a: Slowking|Rocky Helmet|[from] move: Trick
|
|-damage|p1a: Palossand|77/100|[from] item: Black Sludge
|upkeep
|turn|3
|
|t:|1760849015
|move|p1a: Palossand|Scorching Sands|p2a: Slowking
|-supereffective|p2a: Slowking
|-damage|p2a: Slowking|73/100
|move|p2a: Slowking|Sludge Bomb|p1a: Palossand
|-resisted|p1a: Palossand
|-damage|p1a: Palossand|68/100
|
|-damage|p1a: Palossand|56/100|[from] item: Black Sludge
|upkeep
|turn|4
|
|t:|1760849021
|move|p1a: Palossand|Shore Up|p1a: Palossand
|-heal|p1a: Palossand|100/100
|-prepare|p2a: Slowking|Chilly Reception|[premajor]
|move|p2a: Slowking|Chilly Reception|p2a: Slowking
|-weather|Snowscape
|
|t:|1760849033
|switch|p2a: Keldeo|Keldeo-Resolute|100/100|[from] Chilly Reception
|-damage|p2a: Keldeo|94/100|[from] Stealth Rock
|
|-weather|Snowscape|[upkeep]
|-heal|p2a: Keldeo|100/100|[from] item: Leftovers
|-damage|p1a: Palossand|88/100|[from] item: Black Sludge
|upkeep
|turn|5
|
|t:|1760849042
|switch|p1a: Ogerpon|Ogerpon-Wellspring, F|100/100
|move|p2a: Keldeo|Substitute|p2a: Keldeo
|-start|p2a: Keldeo|Substitute
|-damage|p2a: Keldeo|76/100
|
|-weather|Snowscape|[upkeep]
|-heal|p2a: Keldeo|82/100|[from] item: Leftovers
|upkeep
|turn|6
|
|t:|1760849060
|move|p1a: Ogerpon|Horn Leech|p2a: Keldeo
|-supereffective|p2a: Keldeo
|-end|p2a: Keldeo|Substitute
|move|p2a: Keldeo|Secret Sword|p1a: Ogerpon
|-damage|p1a: Ogerpon|46/100
|
|-weather|Snowscape|[upkeep]
|-heal|p2a: Keldeo|88/100|[from] item: Leftovers
|upkeep
|turn|7
|inactive|michaelgoalise has 120 seconds left.
|
|t:|1760849112
|switch|p2a: Dragapult|Dragapult, M|84/100
|-damage|p2a: Dragapult|72/100|[from] Stealth Rock
|move|p1a: Ogerpon|Horn Leech|p2a: Dragapult
|-resisted|p2a: Dragapult
|-damage|p2a: Dragapult|43/100
|-heal|p1a: Ogerpon|62/100|[from] drain|[of] p2a: Dragapult
|
|-weather|Snowscape|[upkeep]
|upkeep
|turn|8
|inactive|michaelgoalise has 90 seconds left.
|
|t:|1760849135
|switch|p1a: Corviknight|Corviknight, M|100/100
|-ability|p1a: Corviknight|Pressure
|move|p2a: Dragapult|Dragon Darts|p1a: Corviknight
|-resisted|p1a: Corviknight
|-damage|p1a: Corviknight|89/100
|-anim|p2a: Dragapult|Dragon Darts|p1a: Corviknight
|-resisted|p1a: Corviknight
|-damage|p1a: Corviknight|77/100
|
|-weather|none
|upkeep
|turn|9
|inactive|michaelgoalise has 90 seconds left.
|
|t:|1760849154
|switch|p2a: Zapdos|Zapdos|100/100
|move|p1a: Corviknight|Roost|p1a: Corviknight
|-heal|p1a: Corviknight|100/100
|-singleturn|p1a: Corviknight|move: Roost
|
|upkeep
|turn|10
|
|t:|1760849163
|switch|p1a: Palossand|Palossand, M|88/100
|move|p2a: Zapdos|U-turn|p1a: Palossand
|-resisted|p1a: Palossand
|-damage|p1a: Palossand|84/100
|
|t:|1760849174
|switch|p2a: Keldeo|Keldeo-Resolute|88/100|[from] U-turn
|-damage|p2a: Keldeo|82/100|[from] Stealth Rock
|
|-heal|p2a: Keldeo|88/100|[from] item: Leftovers
|-damage|p1a: Palossand|72/100|[from] item: Black Sludge
|upkeep
|turn|11
|inactive|michaelgoalise has 90 seconds left.
|inactive|Don Ramon Nonato has 120 seconds left.
|inactive|michaelgoalise has 60 seconds left.
|
|t:|1760849222
|switch|p1a: Ogerpon|Ogerpon-Wellspring, F|62/100
|move|p2a: Keldeo|Calm Mind|p2a: Keldeo
|-boost|p2a: Keldeo|spa|1
|-boost|p2a: Keldeo|spd|1
|
|-heal|p2a: Keldeo|94/100|[from] item: Leftovers
|upkeep
|turn|12
|inactive|Don Ramon Nonato has 120 seconds left.
|
|t:|1760849231
|move|p1a: Ogerpon|Horn Leech|p2a: Keldeo
|-supereffective|p2a: Keldeo
|-damage|p2a: Keldeo|11/100
|-heal|p1a: Ogerpon|100/100|[from] drain|[of] p2a: Keldeo
|move|p2a: Keldeo|Secret Sword|p1a: Ogerpon
|-damage|p1a: Ogerpon|24/100
|
|-heal|p2a: Keldeo|17/100|[from] item: Leftovers
|upkeep
|turn|13
|inactive|Don Ramon Nonato has 120 seconds left.
|
|t:|1760849249
|move|p1a: Ogerpon|Ivy Cudgel|p2a: Keldeo|[anim] Ivy Cudgel Water
|-resisted|p2a: Keldeo
|-crit|p2a: Keldeo
|-damage|p2a: Keldeo|0 fnt
|faint|p2a: Keldeo
|
|upkeep
|
|t:|1760849255
|switch|p2a: Dragapult|Dragapult, M|43/100
|-damage|p2a: Dragapult|30/100|[from] Stealth Rock
|turn|14
|inactive|Don Ramon Nonato has 120 seconds left.
|inactive|michaelgoalise has 60 seconds left.
|
|t:|1760849303
|switch|p2a: Zapdos|Zapdos|100/100
|move|p1a: Ogerpon|Ivy Cudgel|p2a: Zapdos|[anim] Ivy Cudgel Water
|-crit|p2a: Zapdos
|-damage|p2a: Zapdos|32/100
|
|upkeep
|turn|15
|
|t:|1760849310
|-terastallize|p2a: Zapdos|Grass
|move|p1a: Ogerpon|Ivy Cudgel|p2a: Zapdos|[anim] Ivy Cudgel Water
|-resisted|p2a: Zapdos
|-crit|p2a: Zapdos
|-damage|p2a: Zapdos|2/100
|move|p2a: Zapdos|Roost|p2a: Zapdos
|-heal|p2a: Zapdos|52/100
|
|upkeep
|turn|16
|inactive|michaelgoalise has 30 seconds left.
|
|t:|1760849334
|move|p1a: Ogerpon|U-turn|p2a: Zapdos
|-supereffective|p2a: Zapdos
|-crit|p2a: Zapdos
|-damage|p2a: Zapdos|0 fnt
|-status|p1a: Ogerpon|par|[from] ability: Static|[of] p2a: Zapdos
|faint|p2a: Zapdos
|inactive|michaelgoalise has 30 seconds left.
|c|☆michaelgoalise|mb
|inactive|michaelgoalise has 20 seconds left.
|
|t:|1760849353
|switch|p1a: Palossand|Palossand, M|72/100|[from] U-turn
|
|-damage|p1a: Palossand|60/100|[from] item: Black Sludge
|upkeep
|
|t:|1760849366
|switch|p2a: Great Tusk|Great Tusk|100/100
|-damage|p2a: Great Tusk|98/100|[from] Stealth Rock
|-enditem|p2a: Great Tusk|Booster Energy
|-activate|p2a: Great Tusk|ability: Protosynthesis|[fromitem]
|-start|p2a: Great Tusk|protosynthesisatk
|turn|17
|
|t:|1760849375
|move|p2a: Great Tusk|Ice Spinner|p1a: Palossand
|-supereffective|p1a: Palossand
|-damage|p1a: Palossand|14/100
|move|p1a: Palossand|Scorching Sands|p2a: Great Tusk
|-damage|p2a: Great Tusk|62/100
|
|-damage|p1a: Palossand|2/100|[from] item: Black Sludge
|upkeep
|turn|18
|
|t:|1760849381
|move|p2a: Great Tusk|Ice Spinner|p1a: Palossand
|-supereffective|p1a: Palossand
|-damage|p1a: Palossand|0 fnt
|faint|p1a: Palossand
|
|upkeep
|
|t:|1760849388
|switch|p1a: Iron Valiant|Iron Valiant|100/100
|-enditem|p1a: Iron Valiant|Booster Energy
|-activate|p1a: Iron Valiant|ability: Quark Drive|[fromitem]
|-start|p1a: Iron Valiant|quarkdrivespe
|turn|19
|
|t:|1760849394
|move|p1a: Iron Valiant|Moonblast|p2a: Great Tusk
|-supereffective|p2a: Great Tusk
|-damage|p2a: Great Tusk|0 fnt
|faint|p2a: Great Tusk
|-end|p2a: Great Tusk|Protosynthesis|[silent]
|
|upkeep
|
|t:|1760849397
|switch|p2a: Slowking|Slowking-Galar, F|100/100
|-damage|p2a: Slowking|88/100|[from] Stealth Rock
|turn|20
|
|t:|1760849404
|-end|p1a: Iron Valiant|Quark Drive|[silent]
|switch|p1a: Ogerpon|Ogerpon-Wellspring, F|24/100 par
|-prepare|p2a: Slowking|Chilly Reception|[premajor]
|move|p2a: Slowking|Chilly Reception|p2a: Slowking
|-weather|Snowscape
|
|t:|1760849415
|switch|p2a: Kingambit|Kingambit, F|100/100|[from] Chilly Reception
|-damage|p2a: Kingambit|94/100|[from] Stealth Rock
|-activate|p2a: Kingambit|ability: Supreme Overlord
|-start|p2a: Kingambit|fallen3|[silent]
|
|-weather|Snowscape|[upkeep]
|-heal|p2a: Kingambit|100/100|[from] item: Leftovers
|upkeep
|turn|21
|
|t:|1760849423
|move|p1a: Ogerpon|Ivy Cudgel|p2a: Kingambit|[anim] Ivy Cudgel Water
|-crit|p2a: Kingambit
|-damage|p2a: Kingambit|30/100
|move|p2a: Kingambit|Kowtow Cleave|p1a: Ogerpon
|-damage|p1a: Ogerpon|0 fnt
|faint|p1a: Ogerpon
|
|-weather|Snowscape|[upkeep]
|-heal|p2a: Kingambit|36/100|[from] item: Leftovers
|upkeep
|-message|Don Ramon Nonato forfeited.
|
|win|michaelgoalise
|raw|michaelgoalise's rating: 1545 &rarr; <strong>1565</strong><br />(+20 for winning)
|raw|Don Ramon Nonato's rating: 1540 &rarr; <strong>1520</strong><br />(-20 for losing)
|l|‽Don Ramon Nonato
|player|p2|
|l|☆michaelgoalise
|player|p1|
