|j|☆grandmasteryonin
|j|☆cafe_xd_
|t:|1760764017
|gametype|singles
|player|p1|grandmasteryonin|169|1178
|player|p2|cafe_xd_|hiker-gen4|1170
|gen|9
|tier|[Gen 9] OU
|rated|
|rule|HP Percentage Mod: HP is shown in percentages
|rule|Endless Battle Clause: Forcing endless battles is banned
|rule|Species Clause: Limit one of each Pokémon
|rule|OHKO Clause: OHKO moves are banned
|rule|Evasion Items Clause: Evasion items are banned
|rule|Evasion Moves Clause: Evasion moves are banned
|rule|Evasion Abilities Clause: Evasion abilities are banned
|rule|Sleep Moves Clause: Sleep-inducing moves are banned
|clearpoke
|poke|p1|Dragonite, F|
|poke|p1|Zamazenta-*|
|poke|p1|Landorus-Therian, M|
|poke|p1|Gholdengo|
|poke|p1|Darkrai|
|poke|p1|Hatterene, F|
|poke|p2|Ninetales-Alola, M|
|poke|p2|Tornadus-Therian, M|
|poke|p2|Zapdos|
|poke|p2|Great Tusk|
|poke|p2|Gholdengo|
|poke|p2|Greninja-*, M|
|teampreview
|inactive|Battle timer is ON: inactive players will automatically lose when time's up. (requested by cafe_xd_)
|inactive|cafe_xd_ has 120 seconds left.
|inactive|grandmasteryonin has 120 seconds left.
|
|t:|1760764063
|teamsize|p1|6
|teamsize|p2|6
|start
|switch|p1a: Hatterene|Hatterene, F|100/100
|switch|p2a: Ninetales|Ninetales-Alola, M|100/100
|-weather|Snowscape|[from] ability: Snow Warning|[of] p2a: Ninetales
|turn|1
|
|t:|1760764068
|move|p2a: Ninetales|Blizzard|p1a: Hatterene
|-damage|p1a: Hatterene|76/100
|move|p1a: Hatterene|Mystical Fire|p2a: Ninetales
|-supereffective|p2a: Ninetales
|-damage|p2a: Ninetales|41/100
|-unboost|p2a: Ninetales|spa|1
|
|-weather|Snowscape|[upkeep]
|upkeep
|turn|2
|
|t:|1760764082
|move|p2a: Ninetales|Aurora Veil|p2a: Ninetales
|-sidestart|p2: cafe_xd_|move: Aurora Veil
|move|p1a: Hatterene|Draining Kiss|p2a: Ninetales
|-damage|p2a: Ninetales|25/100
|-heal|p1a: Hatterene|86/100|[from] drain|[of] p2a: Ninetales
|
|-weather|Snowscape|[upkeep]
|upkeep
|turn|3
|
|t:|1760764087
|move|p2a: Ninetales|Encore|p1a: Hatterene
|move|p1a: Hatterene|Encore||[from] ability: Magic Bounce|[still]
|-fail|p1a: Hatterene
|move|p1a: Hatterene|Mystical Fire|p2a: Ninetales
|-supereffective|p2a: Ninetales
|-damage|p2a: Ninetales|0 fnt
|faint|p2a: Ninetales
|
|-weather|Snowscape|[upkeep]
|upkeep
|
|t:|1760764095
|switch|p2a: Greninja|Greninja, M|100/100
|turn|4
|
|t:|1760764104
|move|p2a: Greninja|Hydro Pump|p1a: Hatterene
|-damage|p1a: Hatterene|48/100
|-damage|p2a: Greninja|91/100|[from] item: Life Orb
|move|p1a: Hatterene|Draining Kiss|p2a: Greninja
|-supereffective|p2a: Greninja
|-damage|p2a: Greninja|49/100
|-heal|p1a: Hatterene|76/100|[from] drain|[of] p2a: Greninja
|
|-weather|Snowscape|[upkeep]
|upkeep
|turn|5
|
|t:|1760764110
|move|p2a: Greninja|Hydro Pump|p1a: Hatterene
|-damage|p1a: Hatterene|33/100
|-damage|p2a: Greninja|39/100|[from] item: Life Orb
|move|p1a: Hatterene|Draining Kiss|p2a: Greninja
|-supereffective|p2a: Greninja
|-damage|p2a: Greninja|0 fnt
|-heal|p1a: Hatterene|59/100|[from] drain|[of] p2a: Greninja
|faint|p2a: Greninja
|
|-weather|none
|upkeep
|
|t:|1760764112
|switch|p2a: Tornadus|Tornadus-Therian, M|100/100
|turn|6
|
|t:|1760764120
|move|p2a: Tornadus|Nasty Plot|p2a: Tornadus
|-boost|p2a: Tornadus|spa|2
|move|p1a: Hatterene|Mystical Fire|p2a: Tornadus
|-damage|p2a: Tornadus|85/100
|-unboost|p2a: Tornadus|spa|1
|
|upkeep
|turn|7
|
|t:|1760764131
|move|p2a: Tornadus|Bleakwind Storm|p1a: Hatterene
|-damage|p1a: Hatterene|3/100
|-damage|p2a: Tornadus|75/100|[from] item: Life Orb
|move|p1a: Hatterene|Mystical Fire|p2a: Tornadus
|-damage|p2a: Tornadus|58/100
|-unboost|p2a: Tornadus|spa|1
|
|upkeep
|turn|8
|inactive|grandmasteryonin has 120 seconds left.
|
|t:|1760764179
|move|p2a: Tornadus|Chilling Water|p1a: Hatterene
|-damage|p1a: Hatterene|0 fnt
|faint|p1a: Hatterene
|-damage|p2a: Tornadus|48/100|[from] item: Life Orb
|
|upkeep
|
|t:|1760764199
|switch|p1a: Darkrai|Darkrai|100/100
|turn|9
|
|t:|1760764203
|switch|p2a: Great Tusk|Great Tusk|100/100
|move|p1a: Darkrai|Ice Beam|p2a: Great Tusk
|-supereffective|p2a: Great Tusk
|-damage|p2a: Great Tusk|57/100
|
|-sideend|p2: cafe_xd_|move: Aurora Veil
|upkeep
|turn|10
|
|t:|1760764207
|move|p1a: Darkrai|Ice Beam|p2a: Great Tusk
|-supereffective|p2a: Great Tusk
|-damage|p2a: Great Tusk|0 fnt
|faint|p2a: Great Tusk
|-end|p2a: Great Tusk|Protosynthesis|[silent]
|
|upkeep
|
|t:|1760764212
|switch|p2a: Gholdengo|Gholdengo|100/100
|turn|11
|inactive|grandmasteryonin has 120 seconds left.
|
|t:|1760764225
|-terastallize|p2a: Gholdengo|Steel
|move|p2a: Gholdengo|Make It Rain|p1a: Darkrai
|-damage|p1a: Darkrai|0 fnt
|-unboost|p2a: Gholdengo|spa|1
|faint|p1a: Darkrai
|
|upkeep
|inactive|grandmasteryonin has 120 seconds left.
|inactive|grandmasteryonin has 90 seconds left.
|
|t:|1760764269
|switch|p1a: Dragonite|Dragonite, F|100/100
|turn|12
|inactive|grandmasteryonin has 90 seconds left.
|
|t:|1760764275
|switch|p2a: Zapdos|Zapdos|100/100
|move|p1a: Dragonite|Dragon Dance|p1a: Dragonite
|-boost|p1a: Dragonite|atk|1
|-boost|p1a: Dragonite|spe|1
|
|upkeep
|turn|13
|l|☆cafe_xd_
|inactive|cafe_xd_ disconnected and has a minute to reconnect!
|player|p2|
|j|☆cafe_xd_
|inactive|cafe_xd_ reconnected and has 135 seconds left.
|player|p2|cafe_xd_|hiker-gen4|
|
|t:|1760764294
|move|p1a: Dragonite|Dragon Dance|p1a: Dragonite
|-boost|p1a: Dragonite|atk|1
|-boost|p1a: Dragonite|spe|1
|move|p2a: Zapdos|Thunder Wave|p1a: Dragonite
|-status|p1a: Dragonite|par
|-enditem|p1a: Dragonite|Lum Berry|[eat]
|-curestatus|p1a: Dragonite|par|[msg]
|
|upkeep
|turn|14
|inactive|grandmasteryonin has 90 seconds left.
|inactive|grandmasteryonin has 60 seconds left.
|
|t:|1760764367
|move|p1a: Dragonite|Dragon Dance|p1a: Dragonite
|-boost|p1a: Dragonite|atk|1
|-boost|p1a: Dragonite|spe|1
|move|p2a: Zapdos|Thunder Wave|p1a: Dragonite
|-status|p1a: Dragonite|par
|
|upkeep
|turn|15
|
|t:|1760764376
|cant|p1a: Dragonite|par
|move|p2a: Zapdos|Hurricane|p1a: Dragonite|[miss]
|-miss|p2a: Zapdos|p1a: Dragonite
|
|upkeep
|turn|16
|
|t:|1760764379
|cant|p1a: Dragonite|par
|move|p2a: Zapdos|Hurricane|p1a: Dragonite|[miss]
|-miss|p2a: Zapdos|p1a: Dragonite
|
|upkeep
|turn|17
|
|t:|1760764382
|move|p1a: Dragonite|Dragon Dance|p1a: Dragonite
|-boost|p1a: Dragonite|atk|1
|-boost|p1a: Dragonite|spe|1
|move|p2a: Zapdos|Hurricane|p1a: Dragonite|[miss]
|-miss|p2a: Zapdos|p1a: Dragonite
|
|upkeep
|turn|18
|
|t:|1760764387
|cant|p1a: Dragonite|par
|move|p2a: Zapdos|Hurricane|p1a: Dragonite
|-damage|p1a: Dragonite|76/100 par
|
|upkeep
|turn|19
|
|t:|1760764392
|move|p1a: Dragonite|Extreme Speed|p2a: Zapdos
|-damage|p2a: Zapdos|37/100
|move|p2a: Zapdos|Hurricane|p1a: Dragonite|[miss]
|-miss|p2a: Zapdos|p1a: Dragonite
|
|upkeep
|turn|20
|
|t:|1760764398
|cant|p1a: Dragonite|par
|move|p2a: Zapdos|Hurricane|p1a: Dragonite
|-crit|p1a: Dragonite
|-damage|p1a: Dragonite|4/100 par
|
|upkeep
|turn|21
|
|t:|1760764401
|move|p1a: Dragonite|Extreme Speed|p2a: Zapdos
|-damage|p2a: Zapdos|0 fnt
|faint|p2a: Zapdos
|
|upkeep
|
|t:|1760764420
|switch|p2a: Gholdengo|Gholdengo, tera:Steel|100/100
|turn|22
|
|t:|1760764423
|cant|p1a: Dragonite|par
|move|p2a: Gholdengo|Shadow Ball|p1a: Dragonite
|-damage|p1a: Dragonite|0 fnt
|faint|p1a: Dragonite
|
|upkeep
|
|t:|1760764431
|switch|p1a: Landorus|Landorus-Therian, M|100/100
|-ability|p1a: Landorus|Intimidate|boost
|-unboost|p2a: Gholdengo|atk|1
|turn|23
|
|t:|1760764435
|switch|p2a: Tornadus|Tornadus-Therian, M|81/100
|move|p1a: Landorus|Earthquake|p2a: Tornadus
|-immune|p2a: Tornadus
|
|upkeep
|turn|24
|
|t:|1760764440
|move|p2a: Tornadus|Nasty Plot|p2a: Tornadus
|-boost|p2a: Tornadus|spa|2
|move|p1a: Landorus|Taunt|p2a: Tornadus
|-start|p2a: Tornadus|move: Taunt
|
|upkeep
|turn|25
|
|t:|1760764458
|move|p2a: Tornadus|Bleakwind Storm|p1a: Landorus|[miss]
|-miss|p2a: Tornadus|p1a: Landorus
|move|p1a: Landorus|Stealth Rock|p2a: Tornadus
|-sidestart|p2: cafe_xd_|move: Stealth Rock
|
|upkeep
|turn|26
|
|t:|1760764475
|move|p2a: Tornadus|Bleakwind Storm|p1a: Landorus
|-damage|p1a: Landorus|0 fnt
|faint|p1a: Landorus
|-damage|p2a: Tornadus|71/100|[from] item: Life Orb
|
|upkeep
|
|t:|1760764480
|switch|p1a: Gholdengo|Gholdengo|100/100
|turn|27
|inactive|grandmasteryonin has 120 seconds left.
|
|t:|1760764507
|move|p2a: Tornadus|Heat Wave|p1a: Gholdengo
|-supereffective|p1a: Gholdengo
|-damage|p1a: Gholdengo|0 fnt
|faint|p1a: Gholdengo
|-damage|p2a: Tornadus|62/100|[from] item: Life Orb
|
|-end|p2a: Tornadus|move: Taunt
|upkeep
|
|t:|1760764510
|switch|p1a: Zamazenta|Zamazenta|100/100
|-ability|p1a: Zamazenta|Dauntless Shield|boost
|-boost|p1a: Zamazenta|def|1
|turn|28
|inactive|grandmasteryonin has 120 seconds left.
|
|t:|1760764522
|-terastallize|p1a: Zamazenta|Fire
|move|p2a: Tornadus|Bleakwind Storm|p1a: Zamazenta
|-damage|p1a: Zamazenta|0 fnt
|faint|p1a: Zamazenta
|-damage|p2a: Tornadus|52/100|[from] item: Life Orb
|
|win|cafe_xd_
|raw|grandmasteryonin's rating: 1178 &rarr; <strong>1152</strong><br />(-26 for losing)
|raw|cafe_xd_'s rating: 1170 &rarr; <strong>1196</strong><br />(+26 for winning)
|l|☆grandmasteryonin
|player|p1|
