|j|☆flagfrog
|j|☆sgCURRY3
|t:|1760775936
|gametype|singles
|player|p1|flagfrog|170|1444
|player|p2|sgCURRY3|cynthia|1419
|gen|9
|tier|[Gen 9] OU
|rated|
|rule|HP Percentage Mod: HP is shown in percentages
|rule|Endless Battle Clause: Forcing endless battles is banned
|rule|Species Clause: Limit one of each Pokémon
|rule|OHKO Clause: OHKO moves are banned
|rule|Evasion Items Clause: Evasion items are banned
|rule|Evasion Moves Clause: Evasion moves are banned
|rule|Evasion Abilities Clause: Evasion abilities are banned
|rule|Sleep Moves Clause: Sleep-inducing moves are banned
|clearpoke
|poke|p1|Slowking-Galar, M|
|poke|p1|Zamazenta-*|
|poke|p1|Kingambit, M|
|poke|p1|Clefable, M|
|poke|p1|Gliscor, F|
|poke|p1|Kyurem|
|poke|p2|Greninja-*, M|
|poke|p2|Dragapult, M|
|poke|p2|Glimmora, F|
|poke|p2|Corviknight, F|
|poke|p2|Great Tusk|
|poke|p2|Hoopa-Unbound|
|teampreview
|inactive|Battle timer is ON: inactive players will automatically lose when time's up. (requested by flagfrog)
|inactive|flagfrog has 120 seconds left.
|j| karixon
|l| karixon
|
|t:|1760775989
|teamsize|p1|6
|teamsize|p2|6
|start
|switch|p1a: 蝠翼侠蝎|Gliscor, F, shiny|100/100
|switch|p2a: 黄毛|Dragapult, M, shiny|100/100
|turn|1
|inactive|sgCURRY3 has 120 seconds left.
|c|☆flagfrog|有龙舞吗
|c|☆flagfrog|bro
|
|t:|1760776029
|move|p1a: 蝠翼侠蝎|Protect|p1a: 蝠翼侠蝎
|-singleturn|p1a: 蝠翼侠蝎|Protect
|move|p2a: 黄毛|U-turn|p1a: 蝠翼侠蝎
|-activate|p1a: 蝠翼侠蝎|move: Protect
|
|-status|p1a: 蝠翼侠蝎|tox|[from] item: Toxic Orb
|upkeep
|turn|2
|
|t:|1760776033
|move|p2a: 黄毛|U-turn|p1a: 蝠翼侠蝎
|-resisted|p1a: 蝠翼侠蝎
|-damage|p1a: 蝠翼侠蝎|95/100 tox
|
|t:|1760776037
|switch|p2a: 开出钉子就赢|Glimmora, F|100/100|[from] U-turn
|move|p1a: 蝠翼侠蝎|Knock Off|p2a: 开出钉子就赢
|-damage|p2a: 开出钉子就赢|75/100
|-activate|p2a: 开出钉子就赢|ability: Toxic Debris
|-sidestart|p1: flagfrog|move: Toxic Spikes
|-enditem|p2a: 开出钉子就赢|Focus Sash|[from] move: Knock Off|[of] p1a: 蝠翼侠蝎
|
|-heal|p1a: 蝠翼侠蝎|100/100 tox|[from] ability: Poison Heal
|upkeep
|turn|3
|
|t:|1760776044
|switch|p1a: 寒言卜策|Slowking-Galar, M|100/100
|-sideend|p1: flagfrog|move: Toxic Spikes|[of] p1a: 寒言卜策
|move|p2a: 开出钉子就赢|Stealth Rock|p1a: 寒言卜策
|-sidestart|p1: flagfrog|move: Stealth Rock
|
|upkeep
|turn|4
|
|t:|1760776049
|move|p2a: 开出钉子就赢|Earth Power|p1a: 寒言卜策
|-supereffective|p1a: 寒言卜策
|-damage|p1a: 寒言卜策|66/100
|move|p1a: 寒言卜策|Future Sight|p2a: 开出钉子就赢
|-start|p1a: 寒言卜策|move: Future Sight
|
|upkeep
|turn|5
|
|t:|1760776055
|move|p2a: 开出钉子就赢|Earth Power|p1a: 寒言卜策
|-supereffective|p1a: 寒言卜策
|-damage|p1a: 寒言卜策|32/100
|-prepare|p1a: 寒言卜策|Chilly Reception|[premajor]
|move|p1a: 寒言卜策|Chilly Reception|p1a: 寒言卜策
|-weather|Snowscape
|
|t:|1760776060
|switch|p1a: Zamazenta|Zamazenta|100/100|[from] Chilly Reception
|-damage|p1a: Zamazenta|94/100|[from] Stealth Rock
|-ability|p1a: Zamazenta|Dauntless Shield|boost
|-boost|p1a: Zamazenta|def|1
|
|-weather|Snowscape|[upkeep]
|upkeep
|turn|6
|
|t:|1760776071
|switch|p2a: 盔甲鸟|Corviknight, F|100/100
|-ability|p2a: 盔甲鸟|Pressure
|move|p1a: Zamazenta|Heavy Slam|p2a: 盔甲鸟
|-resisted|p2a: 盔甲鸟
|-damage|p2a: 盔甲鸟|91/100
|-damage|p1a: Zamazenta|78/100|[from] item: Rocky Helmet|[of] p2a: 盔甲鸟
|
|-weather|Snowscape|[upkeep]
|-end|p2a: 盔甲鸟|move: Future Sight
|-resisted|p2a: 盔甲鸟
|-damage|p2a: 盔甲鸟|70/100
|upkeep
|turn|7
|
|t:|1760776081
|switch|p1a: 蝠翼侠蝎|Gliscor, F, shiny|100/100 tox
|-damage|p1a: 蝠翼侠蝎|88/100 tox|[from] Stealth Rock
|move|p2a: 盔甲鸟|Roost|p2a: 盔甲鸟
|-heal|p2a: 盔甲鸟|100/100
|-singleturn|p2a: 盔甲鸟|move: Roost
|
|-weather|Snowscape|[upkeep]
|-heal|p1a: 蝠翼侠蝎|100/100 tox|[from] ability: Poison Heal
|upkeep
|turn|8
|
|t:|1760776085
|move|p1a: 蝠翼侠蝎|Knock Off|p2a: 盔甲鸟
|-damage|p2a: 盔甲鸟|86/100
|-damage|p1a: 蝠翼侠蝎|84/100 tox|[from] item: Rocky Helmet|[of] p2a: 盔甲鸟
|-enditem|p2a: 盔甲鸟|Rocky Helmet|[from] move: Knock Off|[of] p1a: 蝠翼侠蝎
|move|p2a: 盔甲鸟|U-turn|p1a: 蝠翼侠蝎
|-resisted|p1a: 蝠翼侠蝎
|-damage|p1a: 蝠翼侠蝎|79/100 tox
|
|t:|1760776090
|switch|p2a: 开出钉子就赢|Glimmora, F|75/100|[from] U-turn
|
|-weather|Snowscape|[upkeep]
|-heal|p1a: 蝠翼侠蝎|91/100 tox|[from] ability: Poison Heal
|upkeep
|turn|9
|
|t:|1760776099
|move|p1a: 蝠翼侠蝎|Protect|p1a: 蝠翼侠蝎
|-singleturn|p1a: 蝠翼侠蝎|Protect
|move|p2a: 开出钉子就赢|Power Gem|p1a: 蝠翼侠蝎
|-activate|p1a: 蝠翼侠蝎|move: Protect
|
|-weather|none
|-heal|p1a: 蝠翼侠蝎|100/100 tox|[from] ability: Poison Heal
|upkeep
|turn|10
|
|t:|1760776108
|move|p2a: 开出钉子就赢|Power Gem|p1a: 蝠翼侠蝎
|-damage|p1a: 蝠翼侠蝎|64/100 tox
|move|p1a: 蝠翼侠蝎|Swords Dance|p1a: 蝠翼侠蝎
|-boost|p1a: 蝠翼侠蝎|atk|2
|
|-heal|p1a: 蝠翼侠蝎|76/100 tox|[from] ability: Poison Heal
|upkeep
|turn|11
|
|t:|1760776111
|move|p1a: 蝠翼侠蝎|Protect|p1a: 蝠翼侠蝎
|-singleturn|p1a: 蝠翼侠蝎|Protect
|move|p2a: 开出钉子就赢|Power Gem|p1a: 蝠翼侠蝎
|-activate|p1a: 蝠翼侠蝎|move: Protect
|
|-heal|p1a: 蝠翼侠蝎|89/100 tox|[from] ability: Poison Heal
|upkeep
|turn|12
|
|t:|1760776115
|move|p2a: 开出钉子就赢|Power Gem|p1a: 蝠翼侠蝎
|-damage|p1a: 蝠翼侠蝎|51/100 tox
|move|p1a: 蝠翼侠蝎|Knock Off|p2a: 开出钉子就赢
|-damage|p2a: 开出钉子就赢|43/100
|-activate|p2a: 开出钉子就赢|ability: Toxic Debris
|-sidestart|p1: flagfrog|move: Toxic Spikes
|
|-heal|p1a: 蝠翼侠蝎|64/100 tox|[from] ability: Poison Heal
|upkeep
|turn|13
|
|t:|1760776121
|move|p1a: 蝠翼侠蝎|Protect|p1a: 蝠翼侠蝎
|-singleturn|p1a: 蝠翼侠蝎|Protect
|move|p2a: 开出钉子就赢|Power Gem|p1a: 蝠翼侠蝎
|-activate|p1a: 蝠翼侠蝎|move: Protect
|
|-heal|p1a: 蝠翼侠蝎|76/100 tox|[from] ability: Poison Heal
|upkeep
|turn|14
|
|t:|1760776124
|move|p2a: 开出钉子就赢|Power Gem|p1a: 蝠翼侠蝎
|-damage|p1a: 蝠翼侠蝎|38/100 tox
|move|p1a: 蝠翼侠蝎|Swords Dance|p1a: 蝠翼侠蝎
|-boost|p1a: 蝠翼侠蝎|atk|2
|
|-heal|p1a: 蝠翼侠蝎|50/100 tox|[from] ability: Poison Heal
|upkeep
|turn|15
|
|t:|1760776128
|move|p1a: 蝠翼侠蝎|Protect|p1a: 蝠翼侠蝎
|-singleturn|p1a: 蝠翼侠蝎|Protect
|move|p2a: 开出钉子就赢|Power Gem|p1a: 蝠翼侠蝎
|-activate|p1a: 蝠翼侠蝎|move: Protect
|
|-heal|p1a: 蝠翼侠蝎|63/100 tox|[from] ability: Poison Heal
|upkeep
|turn|16
|
|t:|1760776134
|move|p2a: 开出钉子就赢|Power Gem|p1a: 蝠翼侠蝎
|-damage|p1a: 蝠翼侠蝎|26/100 tox
|move|p1a: 蝠翼侠蝎|Knock Off|p2a: 开出钉子就赢
|-damage|p2a: 开出钉子就赢|0 fnt
|-activate|p2a: 开出钉子就赢|ability: Toxic Debris
|-sidestart|p1: flagfrog|move: Toxic Spikes
|faint|p2a: 开出钉子就赢
|
|-heal|p1a: 蝠翼侠蝎|39/100 tox|[from] ability: Poison Heal
|upkeep
|
|t:|1760776139
|switch|p2a: 狠人|Hoopa-Unbound|100/100
|turn|17
|
|t:|1760776148
|switch|p1a: 皎月祈光|Clefable, M|100/100
|move|p2a: 狠人|Hyperspace Fury|p1a: 皎月祈光
|-resisted|p1a: 皎月祈光
|-damage|p1a: 皎月祈光|60/100
|-unboost|p2a: 狠人|def|1
|
|upkeep
|turn|18
|
|t:|1760776157
|switch|p2a: 盔甲鸟|Corviknight, F|86/100
|-ability|p2a: 盔甲鸟|Pressure
|switch|p1a: 寒言卜策|Slowking-Galar, M|65/100
|-sideend|p1: flagfrog|move: Toxic Spikes|[of] p1a: 寒言卜策
|
|upkeep
|turn|19
|
|t:|1760776166
|move|p2a: 盔甲鸟|U-turn|p1a: 寒言卜策
|-damage|p1a: 寒言卜策|50/100
|
|t:|1760776169
|switch|p2a: 狠人|Hoopa-Unbound|100/100|[from] U-turn
|-prepare|p1a: 寒言卜策|Chilly Reception|[premajor]
|move|p1a: 寒言卜策|Chilly Reception|p1a: 寒言卜策
|-weather|Snowscape
|
|t:|1760776193
|switch|p1a: Zamazenta|Zamazenta|78/100|[from] Chilly Reception
|-damage|p1a: Zamazenta|72/100|[from] Stealth Rock
|
|-weather|Snowscape|[upkeep]
|upkeep
|turn|20
|
|t:|1760776203
|-terastallize|p2a: 狠人|Poison
|move|p1a: Zamazenta|Close Combat|p2a: 狠人
|-resisted|p2a: 狠人
|-damage|p2a: 狠人|41/100
|-unboost|p1a: Zamazenta|def|1
|-unboost|p1a: Zamazenta|spd|1
|move|p2a: 狠人|Psychic|p1a: Zamazenta
|-supereffective|p1a: Zamazenta
|-damage|p1a: Zamazenta|0 fnt
|faint|p1a: Zamazenta
|
|-weather|Snowscape|[upkeep]
|upkeep
|
|t:|1760776216
|switch|p1a: 最终兵器|Kingambit, M|100/100
|-damage|p1a: 最终兵器|94/100|[from] Stealth Rock
|-activate|p1a: 最终兵器|ability: Supreme Overlord
|-start|p1a: 最终兵器|fallen1|[silent]
|turn|21
|
|t:|1760776222
|switch|p2a: 盔甲鸟|Corviknight, F|86/100
|-ability|p2a: 盔甲鸟|Pressure
|move|p1a: 最终兵器|Sucker Punch||[still]
|-fail|p1a: 最终兵器
|
|-weather|Snowscape|[upkeep]
|upkeep
|turn|22
|
|t:|1760776231
|-end|p1a: 最终兵器|fallen1|[silent]
|switch|p1a: 寒言卜策|Slowking-Galar, M|83/100
|move|p2a: 盔甲鸟|U-turn|p1a: 寒言卜策
|-crit|p1a: 寒言卜策
|-damage|p1a: 寒言卜策|59/100
|
|t:|1760776236
|switch|p2a: 猛犸象|Great Tusk, shiny|100/100|[from] U-turn
|
|-weather|Snowscape|[upkeep]
|upkeep
|turn|23
|
|t:|1760776253
|switch|p1a: 蝠翼侠蝎|Gliscor, F, shiny|39/100 tox
|-damage|p1a: 蝠翼侠蝎|26/100 tox|[from] Stealth Rock
|move|p2a: 猛犸象|Headlong Rush|p1a: 蝠翼侠蝎
|-immune|p1a: 蝠翼侠蝎
|
|-weather|none
|-heal|p1a: 蝠翼侠蝎|39/100 tox|[from] ability: Poison Heal
|upkeep
|turn|24
|
|t:|1760776256
|move|p1a: 蝠翼侠蝎|Protect|p1a: 蝠翼侠蝎
|-singleturn|p1a: 蝠翼侠蝎|Protect
|move|p2a: 猛犸象|Headlong Rush|p1a: 蝠翼侠蝎
|-activate|p1a: 蝠翼侠蝎|move: Protect
|
|-heal|p1a: 蝠翼侠蝎|51/100 tox|[from] ability: Poison Heal
|upkeep
|turn|25
|
|t:|1760776276
|switch|p1a: 寒言卜策|Slowking-Galar, M|93/100
|move|p2a: 猛犸象|Ice Spinner|p1a: 寒言卜策
|-damage|p1a: 寒言卜策|62/100
|
|upkeep
|turn|26
|
|t:|1760776284
|move|p2a: 猛犸象|Headlong Rush|p1a: 寒言卜策
|-supereffective|p1a: 寒言卜策
|-damage|p1a: 寒言卜策|0 fnt
|-unboost|p2a: 猛犸象|def|1
|-unboost|p2a: 猛犸象|spd|1
|faint|p1a: 寒言卜策
|
|upkeep
|
|t:|1760776287
|switch|p1a: 皎月祈光|Clefable, M|60/100
|turn|27
|
|t:|1760776294
|-end|p2a: 猛犸象|Protosynthesis|[silent]
|switch|p2a: 盔甲鸟|Corviknight, F|86/100
|-ability|p2a: 盔甲鸟|Pressure
|move|p1a: 皎月祈光|Moonblast|p2a: 盔甲鸟
|-resisted|p2a: 盔甲鸟
|-damage|p2a: 盔甲鸟|71/100
|-unboost|p2a: 盔甲鸟|spa|1
|
|upkeep
|turn|28
|
|t:|1760776298
|move|p2a: 盔甲鸟|U-turn|p1a: 皎月祈光
|-resisted|p1a: 皎月祈光
|-damage|p1a: 皎月祈光|55/100
|
|t:|1760776302
|switch|p2a: 狠人|Hoopa-Unbound, tera:Poison|41/100|[from] U-turn
|move|p1a: 皎月祈光|Moonlight|p1a: 皎月祈光
|-heal|p1a: 皎月祈光|100/100
|
|upkeep
|turn|29
|
|t:|1760776305
|switch|p1a: 最终兵器|Kingambit, M|94/100
|-damage|p1a: 最终兵器|88/100|[from] Stealth Rock
|-activate|p1a: 最终兵器|ability: Supreme Overlord
|-start|p1a: 最终兵器|fallen2|[silent]
|move|p2a: 狠人|Gunk Shot|p1a: 最终兵器
|-immune|p1a: 最终兵器
|
|upkeep
|turn|30
|
|t:|1760776313
|switch|p2a: 盔甲鸟|Corviknight, F|71/100
|-ability|p2a: 盔甲鸟|Pressure
|move|p1a: 最终兵器|Kowtow Cleave|p2a: 盔甲鸟
|-damage|p2a: 盔甲鸟|33/100
|
|upkeep
|turn|31
|
|t:|1760776325
|move|p2a: 盔甲鸟|Body Press|p1a: 最终兵器
|-supereffective|p1a: 最终兵器
|-damage|p1a: 最终兵器|13/100
|move|p1a: 最终兵器|Kowtow Cleave|p2a: 盔甲鸟
|-damage|p2a: 盔甲鸟|0 fnt
|faint|p2a: 盔甲鸟
|
|upkeep
|
|t:|1760776331
|switch|p2a: sgcurry3版忍蛙|Greninja, M|100/100
|turn|32
|
|t:|1760776335
|-end|p1a: 最终兵器|fallen2|[silent]
|switch|p1a: 皎月祈光|Clefable, M|100/100
|move|p2a: sgcurry3版忍蛙|Water Shuriken|p1a: 皎月祈光
|-damage|p1a: 皎月祈光|91/100
|-damage|p1a: 皎月祈光|83/100
|-damage|p1a: 皎月祈光|75/100
|-damage|p1a: 皎月祈光|66/100
|-hitcount|p1a: 皎月祈光|4
|-damage|p2a: sgcurry3版忍蛙|91/100|[from] item: Life Orb
|
|upkeep
|turn|33
|
|t:|1760776349
|move|p2a: sgcurry3版忍蛙|Hydro Pump|p1a: 皎月祈光|[miss]
|-miss|p2a: sgcurry3版忍蛙|p1a: 皎月祈光
|move|p1a: 皎月祈光|Moonblast|p2a: sgcurry3版忍蛙
|-supereffective|p2a: sgcurry3版忍蛙
|-damage|p2a: sgcurry3版忍蛙|0 fnt
|faint|p2a: sgcurry3版忍蛙
|
|upkeep
|
|t:|1760776357
|switch|p2a: 狠人|Hoopa-Unbound, tera:Poison|41/100
|turn|34
|
|t:|1760776379
|switch|p1a: 最终兵器|Kingambit, M|13/100
|-damage|p1a: 最终兵器|7/100|[from] Stealth Rock
|-activate|p1a: 最终兵器|ability: Supreme Overlord
|-start|p1a: 最终兵器|fallen2|[silent]
|move|p2a: 狠人|Gunk Shot|p1a: 最终兵器
|-immune|p1a: 最终兵器
|
|upkeep
|turn|35
|
|t:|1760776383
|switch|p2a: 猛犸象|Great Tusk, shiny|100/100
|move|p1a: 最终兵器|Sucker Punch||[still]
|-fail|p1a: 最终兵器
|
|upkeep
|turn|36
|
|t:|1760776388
|move|p2a: 猛犸象|Rapid Spin|p1a: 最终兵器
|-resisted|p1a: 最终兵器
|-damage|p1a: 最终兵器|0 fnt
|-boost|p2a: 猛犸象|spe|1
|faint|p1a: 最终兵器
|-end|p1a: 最终兵器|fallen2|[silent]
|
|upkeep
|
|t:|1760776390
|switch|p1a: 凛冬宣言|Kyurem|100/100
|-ability|p1a: 凛冬宣言|Pressure
|turn|37
|
|t:|1760776398
|-terastallize|p1a: 凛冬宣言|Ground
|move|p2a: 猛犸象|Close Combat|p1a: 凛冬宣言
|-damage|p1a: 凛冬宣言|42/100
|-unboost|p2a: 猛犸象|def|1
|-unboost|p2a: 猛犸象|spd|1
|move|p1a: 凛冬宣言|Dragon Dance|p1a: 凛冬宣言
|-boost|p1a: 凛冬宣言|atk|1
|-boost|p1a: 凛冬宣言|spe|1
|
|upkeep
|turn|38
|
|t:|1760776406
|move|p1a: 凛冬宣言|Icicle Spear|p2a: 猛犸象
|-supereffective|p2a: 猛犸象
|-damage|p2a: 猛犸象|63/100
|-supereffective|p2a: 猛犸象
|-damage|p2a: 猛犸象|23/100
|-supereffective|p2a: 猛犸象
|-damage|p2a: 猛犸象|0 fnt
|faint|p2a: 猛犸象
|-end|p2a: 猛犸象|Protosynthesis|[silent]
|-hitcount|p2: 猛犸象|3
|
|upkeep
|
|t:|1760776410
|switch|p2a: 狠人|Hoopa-Unbound, tera:Poison|41/100
|turn|39
|
|t:|1760776413
|move|p1a: 凛冬宣言|Earth Power|p2a: 狠人
|-supereffective|p2a: 狠人
|-damage|p2a: 狠人|0 fnt
|faint|p2a: 狠人
|
|upkeep
|
|t:|1760776416
|switch|p2a: 黄毛|Dragapult, M, shiny|100/100
|turn|40
|
|t:|1760776418
|move|p1a: 凛冬宣言|Icicle Spear|p2a: 黄毛
|-supereffective|p2a: 黄毛
|-damage|p2a: 黄毛|50/100
|-supereffective|p2a: 黄毛
|-damage|p2a: 黄毛|0 fnt
|faint|p2a: 黄毛
|-hitcount|p2: 黄毛|2
|
|win|flagfrog
|raw|flagfrog's rating: 1444 &rarr; <strong>1463</strong><br />(+19 for winning)
|raw|sgCURRY3's rating: 1419 &rarr; <strong>1400</strong><br />(-19 for losing)
|l|☆sgCURRY3
|player|p2|
|c|☆flagfrog|gg
