|j|☆go b3yond
|j|☆quangangdui
|t:|1760887908
|gametype|singles
|player|p1|go b3yond|waiter-gen4dp|1650
|player|p2|quangangdui|170|1674
|gen|9
|tier|[Gen 9] OU
|rated|
|rule|HP Percentage Mod: HP is shown in percentages
|rule|Endless Battle Clause: Forcing endless battles is banned
|rule|Species Clause: Limit one of each Pokémon
|rule|OHKO Clause: OHKO moves are banned
|rule|Evasion Items Clause: Evasion items are banned
|rule|Evasion Moves Clause: Evasion moves are banned
|rule|Evasion Abilities Clause: Evasion abilities are banned
|rule|Sleep Moves Clause: Sleep-inducing moves are banned
|clearpoke
|poke|p1|Torkoal, F|
|poke|p1|Brute Bonnet|
|poke|p1|Hatterene, F|
|poke|p1|Walking Wake|
|poke|p1|Thundurus-Therian, M|
|poke|p1|Ceruledge, F|
|poke|p2|Iron Treads|
|poke|p2|Hoopa-Unbound|
|poke|p2|Pelipper, M|
|poke|p2|Pecharunt|
|poke|p2|Barraskewda, M|
|poke|p2|Ogerpon-Wellspring, F|
|teampreview
|inactive|Battle timer is ON: inactive players will automatically lose when time's up. (requested by go b3yond)
|inactive|quangangdui has 120 seconds left.
|
|t:|1760887946
|teamsize|p1|6
|teamsize|p2|6
|start
|switch|p1a: GREAT Bait|Torkoal, F, shiny|100/100
|switch|p2a: Hoopa|Hoopa-Unbound|100/100
|-weather|SunnyDay|[from] ability: Drought|[of] p1a: GREAT Bait
|turn|1
|
|t:|1760887954
|switch|p2a: Pelipper|Pelipper, M|100/100
|-weather|RainDance|[from] ability: Drizzle|[of] p2a: Pelipper
|switch|p1a: Hatterene|Hatterene, F|100/100
|
|-weather|RainDance|[upkeep]
|upkeep
|turn|2
|
|t:|1760887962
|move|p2a: Pelipper|Hurricane|p1a: Hatterene
|-damage|p1a: Hatterene|20/100
|-enditem|p1a: Hatterene|Eject Button
|
|t:|1760887964
|switch|p1a: GREAT Bait|Torkoal, F, shiny|100/100
|-weather|SunnyDay|[from] ability: Drought|[of] p1a: GREAT Bait
|
|-weather|SunnyDay|[upkeep]
|upkeep
|turn|3
|
|t:|1760887968
|switch|p1a: Hatterene|Hatterene, F|20/100
|move|p2a: Pelipper|Hurricane|p1a: Hatterene|[miss]
|-miss|p2a: Pelipper|p1a: Hatterene
|
|-weather|SunnyDay|[upkeep]
|upkeep
|turn|4
|
|t:|1760887977
|switch|p2a: Iron Treads|Iron Treads|100/100
|move|p1a: Hatterene|Nuzzle|p2a: Iron Treads
|-immune|p2a: Iron Treads
|
|-weather|SunnyDay|[upkeep]
|upkeep
|turn|5
|
|t:|1760887983
|move|p2a: Iron Treads|Earthquake|p1a: Hatterene
|-damage|p1a: Hatterene|0 fnt
|faint|p1a: Hatterene
|
|-weather|SunnyDay|[upkeep]
|upkeep
|
|t:|1760887986
|switch|p1a: Ceruledge|Ceruledge, F|100/100
|turn|6
|
|t:|1760887989
|move|p1a: Ceruledge|Swords Dance|p1a: Ceruledge
|-boost|p1a: Ceruledge|atk|2
|move|p2a: Iron Treads|Volt Switch|p1a: Ceruledge
|-damage|p1a: Ceruledge|87/100
|
|t:|1760888001
|-end|p2a: Iron Treads|Quark Drive|[silent]
|switch|p2a: Pecharunt|Pecharunt|100/100|[from] Volt Switch
|
|-weather|SunnyDay|[upkeep]
|upkeep
|turn|7
|
|t:|1760888008
|-terastallize|p2a: Pecharunt|Dark
|move|p1a: Ceruledge|Bitter Blade|p2a: Pecharunt
|-damage|p2a: Pecharunt|33/100
|-heal|p1a: Ceruledge|100/100|[from] drain|[of] p2a: Pecharunt
|-damage|p1a: Ceruledge|84/100|[from] item: Rocky Helmet|[of] p2a: Pecharunt
|move|p2a: Pecharunt|Curse|p2a: Pecharunt
|-unboost|p2a: Pecharunt|spe|1
|-boost|p2a: Pecharunt|atk|1
|-boost|p2a: Pecharunt|def|1
|
|-weather|SunnyDay|[upkeep]
|upkeep
|turn|8
|
|t:|1760888025
|move|p1a: Ceruledge|Bitter Blade|p2a: Pecharunt
|-damage|p2a: Pecharunt|0 fnt
|-heal|p1a: Ceruledge|100/100|[from] drain|[of] p2a: Pecharunt
|-damage|p1a: Ceruledge|84/100|[from] item: Rocky Helmet|[of] p2a: Pecharunt
|faint|p2a: Pecharunt
|
|-weather|SunnyDay|[upkeep]
|upkeep
|-message|quangangdui forfeited.
|
|win|go b3yond
|raw|go b3yond's rating: 1650 &rarr; <strong>1671</strong><br />(+21 for winning)
|raw|quangangdui's rating: 1674 &rarr; <strong>1653</strong><br />(-21 for losing)
|l|☆quangangdui
|player|p2|
|l|☆go b3yond
|player|p1|
