|j|☆KANONDVERG
|j|☆OP Earthquakes
|t:|1760727577
|gametype|singles
|player|p1|KANONDVERG|gentleman-gen4dp|1475
|player|p2|OP Earthquakes|giovanni-masters|1498
|gen|9
|tier|[Gen 9] OU
|rated|
|rule|HP Percentage Mod: HP is shown in percentages
|rule|Endless Battle Clause: Forcing endless battles is banned
|rule|Species Clause: Limit one of each Pokémon
|rule|OHKO Clause: OHKO moves are banned
|rule|Evasion Items Clause: Evasion items are banned
|rule|Evasion Moves Clause: Evasion moves are banned
|rule|Evasion Abilities Clause: Evasion abilities are banned
|rule|Sleep Moves Clause: Sleep-inducing moves are banned
|clearpoke
|poke|p1|Heatran, M|
|poke|p1|Ogerpon-Wellspring, F|
|poke|p1|Gholdengo|
|poke|p1|Great Tusk|
|poke|p1|Kyurem|
|poke|p1|Dragonite, M|
|poke|p2|Excadrill, M|
|poke|p2|Hawlucha, M|
|poke|p2|Kyurem|
|poke|p2|Tyranitar, F|
|poke|p2|Pawmot, F|
|poke|p2|Klefki, M|
|teampreview
|inactive|Battle timer is ON: inactive players will automatically lose when time's up. (requested by OP Earthquakes)
|c|☆OP Earthquakes|GLHF!
|c|☆KANONDVERG|glhf
|
|t:|1760727591
|teamsize|p1|6
|teamsize|p2|6
|start
|switch|p1a: Heatran|Heatran, M|100/100
|switch|p2a: Frieza|Kyurem, shiny|100/100
|-ability|p2a: Frieza|Pressure
|turn|1
|
|t:|1760727601
|move|p2a: Frieza|Earth Power|p1a: Heatran
|-supereffective|p1a: Heatran
|-crit|p1a: Heatran
|-damage|p1a: Heatran|0 fnt
|faint|p1a: Heatran
|
|upkeep
|
|t:|1760727610
|switch|p1a: Gholdengo|Gholdengo|100/100
|-item|p1a: Gholdengo|Air Balloon
|turn|2
|
|t:|1760727614
|-terastallize|p2a: Frieza|Ghost
|move|p2a: Frieza|Shadow Ball|p1a: Gholdengo
|-supereffective|p1a: Gholdengo
|-damage|p1a: Gholdengo|0 fnt
|-enditem|p1a: Gholdengo|Air Balloon
|faint|p1a: Gholdengo
|
|upkeep
|
|t:|1760727632
|switch|p1a: Kyurem|Kyurem|100/100
|-ability|p1a: Kyurem|Pressure
|turn|3
|
|t:|1760727648
|switch|p2a: Klefki|Klefki, M, shiny|100/100
|move|p1a: Kyurem|Ice Beam|p2a: Klefki
|-resisted|p2a: Klefki
|-damage|p2a: Klefki|59/100
|-status|p2a: Klefki|frz
|
|upkeep
|turn|4
|
|t:|1760727653
|-curestatus|p2a: Klefki|frz|[msg]
|move|p2a: Klefki|Light Screen|p2a: Klefki
|-sidestart|p2: OP Earthquakes|move: Light Screen
|move|p1a: Kyurem|Ice Beam|p2a: Klefki
|-resisted|p2a: Klefki
|-damage|p2a: Klefki|36/100
|
|upkeep
|turn|5
|
|t:|1760727664
|switch|p1a: Great Tusk|Great Tusk|100/100
|move|p2a: Klefki|Magic Room|p2a: Klefki
|-fieldstart|move: Magic Room|[of] p2a: Klefki
|
|upkeep
|turn|6
|
|t:|1760727678
|move|p2a: Klefki|Reflect|p2a: Klefki
|-sidestart|p2: OP Earthquakes|Reflect
|move|p1a: Great Tusk|Rapid Spin|p2a: Klefki
|-resisted|p2a: Klefki
|-damage|p2a: Klefki|32/100
|-boost|p1a: Great Tusk|spe|1
|
|upkeep
|turn|7
|
|t:|1760727682
|switch|p2a: Frieza|Kyurem, shiny, tera:Ghost|100/100
|-ability|p2a: Frieza|Pressure
|move|p1a: Great Tusk|Headlong Rush|p2a: Frieza
|-crit|p2a: Frieza
|-damage|p2a: Frieza|16/100
|-unboost|p1a: Great Tusk|def|1
|-unboost|p1a: Great Tusk|spd|1
|
|upkeep
|turn|8
|c|☆OP Earthquakes|nice crit
|
|t:|1760727692
|switch|p2a: Itachi|Hawlucha, M, shiny|100/100
|-ability|p2a: Itachi|Mold Breaker
|move|p1a: Great Tusk|Knock Off|p2a: Itachi
|-resisted|p2a: Itachi
|-damage|p2a: Itachi|89/100
|-enditem|p2a: Itachi|Red Card|[from] move: Knock Off|[of] p1a: Great Tusk
|
|-sideend|p2: OP Earthquakes|move: Light Screen
|upkeep
|turn|9
|inactive|KANONDVERG has 120 seconds left.
|c|☆KANONDVERG|youre on the front foot, why even bother talking about rng?
|c|☆OP Earthquakes|I am complimenting
|c|☆OP Earthquakes|no one says ty anymore ;_;
|inactive|KANONDVERG has 90 seconds left.
|
|t:|1760727759
|move|p1a: Great Tusk|Ice Spinner|p2a: Itachi
|-supereffective|p2a: Itachi
|-damage|p2a: Itachi|48/100
|move|p2a: Itachi|Brave Bird|p1a: Great Tusk
|-supereffective|p1a: Great Tusk
|-damage|p1a: Great Tusk|0 fnt
|faint|p1a: Great Tusk
|-end|p1a: Great Tusk|Protosynthesis|[silent]
|-damage|p2a: Itachi|7/100|[from] Recoil
|
|-fieldend|move: Magic Room|[of] p2: Klefki
|upkeep
|
|t:|1760727768
|switch|p1a: Dragonite|Dragonite, M|100/100
|turn|10
|
|t:|1760727770
|switch|p2a: Shukaku|Tyranitar, F, shiny|100/100
|-weather|Sandstorm|[from] ability: Sand Stream|[of] p2a: Shukaku
|move|p1a: Dragonite|Dragon Dance|p1a: Dragonite
|-boost|p1a: Dragonite|atk|1
|-boost|p1a: Dragonite|spe|1
|
|-weather|Sandstorm|[upkeep]
|-damage|p1a: Dragonite|94/100|[from] Sandstorm
|-sideend|p2: OP Earthquakes|Reflect
|upkeep
|turn|11
|
|t:|1760727778
|move|p1a: Dragonite|Earthquake|p2a: Shukaku
|-supereffective|p2a: Shukaku
|-damage|p2a: Shukaku|22/100
|move|p2a: Shukaku|Ice Beam|p1a: Dragonite
|-supereffective|p1a: Dragonite
|-damage|p1a: Dragonite|0 fnt
|faint|p1a: Dragonite
|
|-weather|Sandstorm|[upkeep]
|upkeep
|
|t:|1760727786
|switch|p1a: Kyurem|Kyurem|100/100
|-ability|p1a: Kyurem|Pressure
|turn|12
|
|t:|1760727808
|switch|p2a: Itachi|Hawlucha, M, shiny|7/100
|-ability|p2a: Itachi|Mold Breaker
|move|p1a: Kyurem|Ice Beam|p2a: Itachi
|-supereffective|p2a: Itachi
|-damage|p2a: Itachi|0 fnt
|faint|p2a: Itachi
|
|-weather|Sandstorm|[upkeep]
|-damage|p1a: Kyurem|94/100|[from] Sandstorm
|upkeep
|
|t:|1760727814
|switch|p2a: OP|Excadrill, M|100/100
|turn|13
|
|t:|1760727831
|switch|p2a: Frieza|Kyurem, shiny, tera:Ghost|16/100
|-ability|p2a: Frieza|Pressure
|move|p1a: Kyurem|Ice Beam|p2a: Frieza
|-damage|p2a: Frieza|0 fnt
|faint|p2a: Frieza
|
|-weather|Sandstorm|[upkeep]
|-damage|p1a: Kyurem|88/100|[from] Sandstorm
|upkeep
|
|t:|1760727834
|switch|p2a: OP|Excadrill, M|100/100
|turn|14
|
|t:|1760727840
|move|p2a: OP|Iron Head|p1a: Kyurem
|-supereffective|p1a: Kyurem
|-damage|p1a: Kyurem|0 fnt
|faint|p1a: Kyurem
|
|-weather|Sandstorm|[upkeep]
|upkeep
|
|t:|1760727842
|switch|p1a: Ogerpon|Ogerpon-Wellspring, F|100/100
|turn|15
|
|t:|1760727850
|move|p2a: OP|Iron Head|p1a: Ogerpon
|-resisted|p1a: Ogerpon
|-damage|p1a: Ogerpon|58/100
|cant|p1a: Ogerpon|flinch
|
|-weather|Sandstorm|[upkeep]
|-damage|p1a: Ogerpon|52/100|[from] Sandstorm
|upkeep
|turn|16
|
|t:|1760727855
|move|p2a: OP|Iron Head|p1a: Ogerpon
|-resisted|p1a: Ogerpon
|-damage|p1a: Ogerpon|6/100
|move|p1a: Ogerpon|Ivy Cudgel|p2a: OP|[anim] Ivy Cudgel Water
|-supereffective|p2a: OP
|-damage|p2a: OP|0 fnt
|faint|p2a: OP
|
|-weather|Sandstorm|[upkeep]
|-damage|p1a: Ogerpon|0 fnt|[from] Sandstorm
|faint|p1a: Ogerpon
|
|win|OP Earthquakes
|raw|KANONDVERG's rating: 1475 &rarr; <strong>1456</strong><br />(-19 for losing)
|raw|OP Earthquakes's rating: 1498 &rarr; <strong>1517</strong><br />(+19 for winning)
|c|☆OP Earthquakes|gg
|c|☆KANONDVERG|gg
|l|☆KANONDVERG
|player|p1|
