|j|☆MyNameIsKeegs
|j|☆jigobo
|t:|1760883537
|gametype|singles
|player|p1|MyNameIsKeegs|drayden|1333
|player|p2|jigobo|parasollady-gen4|1390
|gen|9
|tier|[Gen 9] OU
|rated|
|rule|HP Percentage Mod: HP is shown in percentages
|rule|Endless Battle Clause: Forcing endless battles is banned
|rule|Species Clause: Limit one of each Pokémon
|rule|OHKO Clause: OHKO moves are banned
|rule|Evasion Items Clause: Evasion items are banned
|rule|Evasion Moves Clause: Evasion moves are banned
|rule|Evasion Abilities Clause: Evasion abilities are banned
|rule|Sleep Moves Clause: Sleep-inducing moves are banned
|clearpoke
|poke|p1|Great Tusk|
|poke|p1|Sinistcha|
|poke|p1|Hydrapple, F|
|poke|p1|Moltres|
|poke|p1|Clodsire, F|
|poke|p1|Orthworm, F|
|poke|p2|Dragonite, M|
|poke|p2|Gholdengo|
|poke|p2|Raging Bolt|
|poke|p2|Glimmora, F|
|poke|p2|Cinderace, M|
|poke|p2|Darkrai|
|teampreview
|inactive|Battle timer is ON: inactive players will automatically lose when time's up. (requested by jigobo)
|
|t:|1760883557
|teamsize|p1|6
|teamsize|p2|6
|start
|switch|p1a: Orthworm|Orthworm, F|100/100
|switch|p2a: Darkrai|Darkrai|100/100
|turn|1
|
|t:|1760883561
|move|p2a: Darkrai|Nasty Plot|p2a: Darkrai
|-boost|p2a: Darkrai|spa|2
|move|p1a: Orthworm|Body Press|p2a: Darkrai
|-supereffective|p2a: Darkrai
|-damage|p2a: Darkrai|30/100
|
|upkeep
|turn|2
|
|t:|1760883570
|move|p2a: Darkrai|Dark Pulse|p1a: Orthworm
|-damage|p1a: Orthworm|0 fnt
|faint|p1a: Orthworm
|-damage|p2a: Darkrai|20/100|[from] item: Life Orb
|
|upkeep
|
|t:|1760883580
|switch|p1a: Clodsire|Clodsire, F, shiny|100/100
|turn|3
|
|t:|1760883583
|move|p2a: Darkrai|Ice Beam|p1a: Clodsire
|-supereffective|p1a: Clodsire
|-damage|p1a: Clodsire|5/100
|-damage|p2a: Darkrai|10/100|[from] item: Life Orb
|move|p1a: Clodsire|Earthquake|p2a: Darkrai
|-damage|p2a: Darkrai|0 fnt
|faint|p2a: Darkrai
|
|-heal|p1a: Clodsire|11/100|[from] item: Black Sludge
|upkeep
|
|t:|1760883591
|switch|p2a: Glimmora|Glimmora, F|100/100
|turn|4
|
|t:|1760883594
|move|p2a: Glimmora|Earth Power|p1a: Clodsire
|-supereffective|p1a: Clodsire
|-damage|p1a: Clodsire|0 fnt
|faint|p1a: Clodsire
|
|upkeep
|
|t:|1760883599
|switch|p1a: Great Tusk|Great Tusk|100/100
|turn|5
|
|t:|1760883614
|move|p1a: Great Tusk|Ice Spinner|p2a: Glimmora
|-damage|p2a: Glimmora|69/100
|move|p2a: Glimmora|Toxic Spikes|p1a: Great Tusk
|-sidestart|p1: MyNameIsKeegs|move: Toxic Spikes
|
|upkeep
|turn|6
|
|t:|1760883619
|move|p1a: Great Tusk|Headlong Rush|p2a: Glimmora
|-supereffective|p2a: Glimmora
|-damage|p2a: Glimmora|0 fnt
|-unboost|p1a: Great Tusk|def|1
|-unboost|p1a: Great Tusk|spd|1
|faint|p2a: Glimmora
|
|upkeep
|
|t:|1760883625
|switch|p2a: Dragonite|Dragonite, M|100/100
|turn|7
|
|t:|1760883630
|move|p1a: Great Tusk|Rapid Spin|p2a: Dragonite
|-damage|p2a: Dragonite|92/100
|-boost|p1a: Great Tusk|spe|1
|-sideend|p1: MyNameIsKeegs|Toxic Spikes|[from] move: Rapid Spin|[of] p1a: Great Tusk
|move|p2a: Dragonite|Dragon Dance|p2a: Dragonite
|-boost|p2a: Dragonite|atk|1
|-boost|p2a: Dragonite|spe|1
|
|upkeep
|turn|8
|
|t:|1760883638
|-terastallize|p2a: Dragonite|Normal
|move|p1a: Great Tusk|Ice Spinner|p2a: Dragonite
|-damage|p2a: Dragonite|65/100
|move|p2a: Dragonite|Dragon Dance|p2a: Dragonite
|-boost|p2a: Dragonite|atk|1
|-boost|p2a: Dragonite|spe|1
|
|upkeep
|turn|9
|
|t:|1760883645
|-end|p1a: Great Tusk|Protosynthesis|[silent]
|switch|p1a: Sinistcha|Sinistcha|100/100
|move|p2a: Dragonite|Extreme Speed|p1a: Sinistcha
|-immune|p1a: Sinistcha
|
|upkeep
|turn|10
|
|t:|1760883653
|move|p2a: Dragonite|Fire Punch|p1a: Sinistcha
|-supereffective|p1a: Sinistcha
|-damage|p1a: Sinistcha|59/100
|move|p1a: Sinistcha|Strength Sap|p2a: Dragonite
|-unboost|p2a: Dragonite|atk|1
|-heal|p1a: Sinistcha|100/100
|
|upkeep
|turn|11
|-message|jigobo forfeited.
|
|win|MyNameIsKeegs
|raw|MyNameIsKeegs's rating: 1333 &rarr; <strong>1356</strong><br />(+23 for winning)
|raw|jigobo's rating: 1390 &rarr; <strong>1367</strong><br />(-23 for losing)
|l|☆jigobo
|player|p2|
|l|☆MyNameIsKeegs
|player|p1|
