|j|☆loopy butt
|j|☆HZBKAI
|t:|1760850062
|gametype|singles
|player|p1|loopy butt|101|1097
|player|p2|HZBKAI|266|1103
|gen|9
|tier|[Gen 9] OU
|rated|
|rule|HP Percentage Mod: HP is shown in percentages
|rule|Endless Battle Clause: Forcing endless battles is banned
|rule|Species Clause: Limit one of each Pokémon
|rule|OHKO Clause: OHKO moves are banned
|rule|Evasion Items Clause: Evasion items are banned
|rule|Evasion Moves Clause: Evasion moves are banned
|rule|Evasion Abilities Clause: Evasion abilities are banned
|rule|Sleep Moves Clause: Sleep-inducing moves are banned
|clearpoke
|poke|p1|Sinistcha|
|poke|p1|Landorus-Therian, M|
|poke|p1|Slowking-Galar, F|
|poke|p1|Grimmsnarl, M|
|poke|p1|Iron Treads|
|poke|p1|Dachsbun, F|
|poke|p2|Ceruledge, F|
|poke|p2|Kyurem|
|poke|p2|Manaphy|
|poke|p2|Metagross|
|poke|p2|Okidogi, M|
|poke|p2|Zoroark-Hisui, F|
|teampreview
|
|t:|1760850069
|teamsize|p1|6
|teamsize|p2|6
|start
|switch|p1a: Sinistcha|Sinistcha, shiny|100/100
|switch|p2a: Kyurem|Kyurem|100/100
|turn|1
|
|t:|1760850079
|-terastallize|p1a: Sinistcha|Steel
|move|p2a: Kyurem|Shadow Ball|p1a: Sinistcha
|-damage|p1a: Sinistcha|51/100
|move|p1a: Sinistcha|Strength Sap|p2a: Kyurem
|-unboost|p2a: Kyurem|atk|1
|-heal|p1a: Sinistcha|100/100
|
|upkeep
|turn|2
|inactive|Battle timer is ON: inactive players will automatically lose when time's up. (requested by HZBKAI)
|
|t:|1760850089
|switch|p1a: Grimmsnarl|Grimmsnarl, M|100/100
|move|p2a: Kyurem|Flamethrower|p1a: Grimmsnarl
|-damage|p1a: Grimmsnarl|70/100
|
|upkeep
|turn|3
|
|t:|1760850098
|move|p1a: Grimmsnarl|Light Screen|p1a: Grimmsnarl
|-sidestart|p1: loopy butt|move: Light Screen
|move|p2a: Kyurem|Flamethrower|p1a: Grimmsnarl
|-damage|p1a: Grimmsnarl|55/100
|
|upkeep
|turn|4
|
|t:|1760850105
|move|p2a: Kyurem|Flamethrower|p1a: Grimmsnarl
|-damage|p1a: Grimmsnarl|42/100
|move|p1a: Grimmsnarl|Spirit Break|p2a: Kyurem
|-damage|p2a: Kyurem|40/100
|-unboost|p2a: Kyurem|spa|1
|-damage|p1a: Grimmsnarl|25/100|[from] item: Rocky Helmet|[of] p2a: Kyurem
|replace|p2a: Zoroark|Zoroark-Hisui, F
|-end|p2a: Zoroark|Illusion
|
|upkeep
|turn|5
|
|t:|1760850123
|switch|p1a: Dachsbun|Dachsbun, F|100/100
|move|p2a: Zoroark|Flamethrower|p1a: Dachsbun
|-ability|p1a: Dachsbun|Well-Baked Body|boost
|-boost|p1a: Dachsbun|def|2
|
|upkeep
|turn|6
|
|t:|1760850133
|move|p2a: Zoroark|Shadow Ball|p1a: Dachsbun
|-damage|p1a: Dachsbun|81/100
|-unboost|p1a: Dachsbun|spd|1
|move|p1a: Dachsbun|Alluring Voice|p2a: Zoroark
|-damage|p2a: Zoroark|11/100
|
|upkeep
|turn|7
|
|t:|1760850142
|move|p2a: Zoroark|Shadow Ball|p1a: Dachsbun
|-damage|p1a: Dachsbun|51/100
|-unboost|p1a: Dachsbun|spd|1
|move|p1a: Dachsbun|Alluring Voice|p2a: Zoroark
|-damage|p2a: Zoroark|0 fnt
|faint|p2a: Zoroark
|
|upkeep
|
|t:|1760850142
|switch|p2a: Metagross|Metagross|100/100
|turn|8
|
|t:|1760850161
|move|p1a: Dachsbun|Body Press|p2a: Metagross
|-damage|p2a: Metagross|62/100
|move|p2a: Metagross|Iron Head|p1a: Dachsbun
|-supereffective|p1a: Dachsbun
|-damage|p1a: Dachsbun|2/100
|-enditem|p1a: Dachsbun|Weakness Policy
|-boost|p1a: Dachsbun|atk|2|[from] item: Weakness Policy
|-boost|p1a: Dachsbun|spa|2|[from] item: Weakness Policy
|
|-heal|p2a: Metagross|68/100|[from] item: Leftovers
|upkeep
|turn|9
|
|t:|1760850173
|move|p1a: Dachsbun|Stomping Tantrum|p2a: Metagross
|-supereffective|p2a: Metagross
|-damage|p2a: Metagross|27/100
|move|p2a: Metagross|Iron Head|p1a: Dachsbun
|-supereffective|p1a: Dachsbun
|-damage|p1a: Dachsbun|0 fnt
|faint|p1a: Dachsbun
|
|-heal|p2a: Metagross|33/100|[from] item: Leftovers
|upkeep
|
|t:|1760850183
|switch|p1a: Landorus|Landorus-Therian, M|100/100
|-ability|p1a: Landorus|Intimidate|boost
|-fail|p2a: Metagross|unboost|[from] ability: Clear Body|[of] p2a: Metagross
|turn|10
|
|t:|1760850189
|move|p1a: Landorus|Earthquake|p2a: Metagross
|-supereffective|p2a: Metagross
|-damage|p2a: Metagross|0 fnt
|faint|p2a: Metagross
|-damage|p1a: Landorus|91/100|[from] item: Life Orb
|
|-sideend|p1: loopy butt|move: Light Screen
|upkeep
|
|t:|1760850189
|switch|p2a: Okidogi|Okidogi, M|100/100
|turn|11
|
|t:|1760850198
|switch|p1a: Iron Treads|Iron Treads|100/100
|-enditem|p1a: Iron Treads|Booster Energy
|-activate|p1a: Iron Treads|ability: Quark Drive|[fromitem]
|-start|p1a: Iron Treads|quarkdrivespe
|move|p2a: Okidogi|Ice Punch|p1a: Iron Treads
|-damage|p1a: Iron Treads|83/100
|
|upkeep
|turn|12
|
|t:|1760850210
|move|p1a: Iron Treads|Earthquake|p2a: Okidogi
|-supereffective|p2a: Okidogi
|-damage|p2a: Okidogi|39/100
|move|p2a: Okidogi|Drain Punch|p1a: Iron Treads
|-supereffective|p1a: Iron Treads
|-damage|p1a: Iron Treads|27/100
|-heal|p2a: Okidogi|63/100|[from] drain|[of] p1a: Iron Treads
|
|-heal|p2a: Okidogi|69/100|[from] item: Leftovers
|upkeep
|turn|13
|l|☆loopy butt
|inactive|loopy butt disconnected and has a minute to reconnect!
|player|p1|
|j|☆loopy butt
|inactive|loopy butt reconnected and has 125 seconds left.
|player|p1|loopy butt|101|
|inactive|loopy butt has 120 seconds left.
|
|t:|1760850251
|-end|p1a: Iron Treads|Quark Drive|[silent]
|switch|p1a: Grimmsnarl|Grimmsnarl, M|25/100
|move|p2a: Okidogi|Drain Punch|p1a: Grimmsnarl
|-damage|p1a: Grimmsnarl|0 fnt
|-heal|p2a: Okidogi|80/100|[from] drain|[of] p1a: Grimmsnarl
|faint|p1a: Grimmsnarl
|
|-heal|p2a: Okidogi|87/100|[from] item: Leftovers
|upkeep
|
|t:|1760850262
|switch|p1a: Iron Treads|Iron Treads|27/100
|turn|14
|
|t:|1760850269
|-end|p1a: Iron Treads|Quark Drive|[silent]
|switch|p1a: Landorus|Landorus-Therian, M|91/100
|-ability|p1a: Landorus|Intimidate|boost
|-ability|p2a: Okidogi|Guard Dog|boost
|-boost|p2a: Okidogi|atk|1
|move|p2a: Okidogi|Drain Punch|p1a: Landorus
|-resisted|p1a: Landorus
|-damage|p1a: Landorus|68/100
|-heal|p2a: Okidogi|96/100|[from] drain|[of] p1a: Landorus
|
|-heal|p2a: Okidogi|100/100|[from] item: Leftovers
|upkeep
|turn|15
|
|t:|1760850280
|move|p1a: Landorus|Earthquake|p2a: Okidogi
|-supereffective|p2a: Okidogi
|-damage|p2a: Okidogi|0 fnt
|faint|p2a: Okidogi
|-damage|p1a: Landorus|58/100|[from] item: Life Orb
|
|upkeep
|
|t:|1760850280
|switch|p2a: Manaphy|Manaphy|100/100
|turn|16
|inactive|loopy butt has 120 seconds left.
|
|t:|1760850290
|switch|p1a: Sinistcha|Sinistcha, shiny, tera:Steel|100/100
|move|p2a: Manaphy|Surf|p1a: Sinistcha
|-damage|p1a: Sinistcha|56/100
|
|upkeep
|turn|17
|
|t:|1760850297
|move|p2a: Manaphy|Surf|p1a: Sinistcha
|-damage|p1a: Sinistcha|11/100
|move|p1a: Sinistcha|Matcha Gotcha|p2a: Manaphy
|-supereffective|p2a: Manaphy
|-damage|p2a: Manaphy|33/100
|-heal|p1a: Sinistcha|52/100|[from] drain|[of] p2a: Manaphy
|
|-heal|p2a: Manaphy|39/100|[from] item: Leftovers
|upkeep
|turn|18
|
|t:|1760850312
|move|p2a: Manaphy|Surf|p1a: Sinistcha
|-crit|p1a: Sinistcha
|-damage|p1a: Sinistcha|0 fnt
|faint|p1a: Sinistcha
|
|-heal|p2a: Manaphy|45/100|[from] item: Leftovers
|upkeep
|
|t:|1760850318
|switch|p1a: Slowking|Slowking-Galar, F|100/100
|turn|19
|
|t:|1760850325
|move|p2a: Manaphy|Surf|p1a: Slowking
|-damage|p1a: Slowking|73/100
|move|p1a: Slowking|Shadow Ball|p2a: Manaphy
|-damage|p2a: Manaphy|26/100
|
|-heal|p2a: Manaphy|32/100|[from] item: Leftovers
|upkeep
|turn|20
|
|t:|1760850334
|move|p2a: Manaphy|Surf|p1a: Slowking
|-damage|p1a: Slowking|45/100
|move|p1a: Slowking|Future Sight|p2a: Manaphy
|-start|p1a: Slowking|move: Future Sight
|
|-heal|p2a: Manaphy|38/100|[from] item: Leftovers
|upkeep
|turn|21
|
|t:|1760850341
|move|p2a: Manaphy|Surf|p1a: Slowking
|-damage|p1a: Slowking|20/100
|move|p1a: Slowking|Shadow Ball|p2a: Manaphy
|-damage|p2a: Manaphy|17/100
|
|-heal|p2a: Manaphy|23/100|[from] item: Leftovers
|upkeep
|turn|22
|
|t:|1760850354
|switch|p1a: Iron Treads|Iron Treads|27/100
|move|p2a: Manaphy|Surf|p1a: Iron Treads
|-supereffective|p1a: Iron Treads
|-damage|p1a: Iron Treads|0 fnt
|faint|p1a: Iron Treads
|-end|p1a: Iron Treads|Quark Drive|[silent]
|
|-end|p2a: Manaphy|move: Future Sight
|-damage|p2a: Manaphy|0 fnt
|faint|p2a: Manaphy
|upkeep
|
|t:|1760850367
|switch|p2a: Ceruledge|Ceruledge, F|100/100
|switch|p1a: Landorus|Landorus-Therian, M|58/100
|-ability|p1a: Landorus|Intimidate|boost
|-unboost|p2a: Ceruledge|atk|1
|turn|23
|
|t:|1760850378
|move|p1a: Landorus|Earthquake|p2a: Ceruledge
|-supereffective|p2a: Ceruledge
|-enditem|p2a: Ceruledge|Focus Sash
|-damage|p2a: Ceruledge|1/100
|-ability|p2a: Ceruledge|Weak Armor|boost
|-unboost|p2a: Ceruledge|def|1
|-boost|p2a: Ceruledge|spe|2
|-damage|p1a: Landorus|49/100|[from] item: Life Orb
|move|p2a: Ceruledge|Poltergeist|p1a: Landorus
|-activate|p1a: Landorus|move: Poltergeist|Life Orb
|-damage|p1a: Landorus|7/100
|
|upkeep
|turn|24
|
|t:|1760850392
|switch|p1a: Slowking|Slowking-Galar, F|54/100
|move|p2a: Ceruledge|Poltergeist|p1a: Slowking
|-activate|p1a: Slowking|move: Poltergeist|Focus Sash
|-supereffective|p1a: Slowking
|-damage|p1a: Slowking|0 fnt
|faint|p1a: Slowking
|
|upkeep
|-message|loopy butt forfeited.
|
|win|HZBKAI
|raw|loopy butt's rating: 1097 &rarr; <strong>1073</strong><br />(-24 for losing)
|raw|HZBKAI's rating: 1103 &rarr; <strong>1128</strong><br />(+25 for winning)
|l|☆loopy butt
|player|p1|
|n|☆HZBKAI|hzbkai
|n|☆HZBKAI|hzbkai
|n|☆HZBKAI|hzbkai
