|j|☆AkumaAmbu
|j|☆Alto Paolto
|t:|1760732767
|gametype|singles
|player|p1|AkumaAmbu|2|1431
|player|p2|Alto Paolto|li|1480
|gen|9
|tier|[Gen 9] OU
|rated|
|rule|HP Percentage Mod: HP is shown in percentages
|rule|Endless Battle Clause: Forcing endless battles is banned
|rule|Species Clause: Limit one of each Pokémon
|rule|OHKO Clause: OHKO moves are banned
|rule|Evasion Items Clause: Evasion items are banned
|rule|Evasion Moves Clause: Evasion moves are banned
|rule|Evasion Abilities Clause: Evasion abilities are banned
|rule|Sleep Moves Clause: Sleep-inducing moves are banned
|clearpoke
|poke|p1|Basculegion, M|
|poke|p1|Pelipper, M|
|poke|p1|Iron Treads|
|poke|p1|Dragapult, M|
|poke|p1|Overqwil, M|
|poke|p1|Iron Valiant|
|poke|p2|Iron Treads|
|poke|p2|Rotom-Wash|
|poke|p2|Iron Leaves|
|poke|p2|Iron Valiant|
|poke|p2|Pecharunt|
|poke|p2|Garganacl, F|
|teampreview
|inactive|Battle timer is ON: inactive players will automatically lose when time's up. (requested by Alto Paolto)
|
|t:|1760732778
|teamsize|p1|6
|teamsize|p2|6
|start
|switch|p1a: Messenger|Pelipper, M, shiny|100/100
|switch|p2a: Iron Treads|Iron Treads|100/100
|-weather|RainDance|[from] ability: Drizzle|[of] p1a: Messenger
|turn|1
|
|t:|1760732783
|move|p2a: Iron Treads|Volt Switch|p1a: Messenger
|-supereffective|p1a: Messenger
|-damage|p1a: Messenger|22/100
|
|t:|1760732786
|-end|p2a: Iron Treads|Quark Drive|[silent]
|switch|p2a: Rotom|Rotom-Wash|100/100|[from] Volt Switch
|move|p1a: Messenger|Surf|p2a: Rotom
|-resisted|p2a: Rotom
|-damage|p2a: Rotom|77/100
|
|-weather|RainDance|[upkeep]
|-heal|p2a: Rotom|83/100|[from] item: Leftovers
|upkeep
|turn|2
|
|t:|1760732794
|switch|p1a: Rage|Iron Treads, shiny|100/100
|-enditem|p1a: Rage|Booster Energy
|-activate|p1a: Rage|ability: Quark Drive|[fromitem]
|-start|p1a: Rage|quarkdrivespe
|move|p2a: Rotom|Hydro Pump|p1a: Rage
|-supereffective|p1a: Rage
|-damage|p1a: Rage|0 fnt
|faint|p1a: Rage
|-end|p1a: Rage|Quark Drive|[silent]
|
|-weather|RainDance|[upkeep]
|-heal|p2a: Rotom|89/100|[from] item: Leftovers
|upkeep
|
|t:|1760732811
|switch|p1a: Predator|Overqwil, M, shiny|100/100
|turn|3
|
|t:|1760732839
|move|p1a: Predator|Gunk Shot|p2a: Rotom|[miss]
|-miss|p1a: Predator|p2a: Rotom
|move|p2a: Rotom|Thunder Wave|p1a: Predator|[miss]
|-miss|p2a: Rotom|p1a: Predator
|
|-weather|RainDance|[upkeep]
|-heal|p2a: Rotom|95/100|[from] item: Leftovers
|upkeep
|turn|4
|
|t:|1760732844
|move|p2a: Rotom|Protect|p2a: Rotom
|-singleturn|p2a: Rotom|Protect
|move|p1a: Predator|Gunk Shot|p2a: Rotom
|-activate|p2a: Rotom|move: Protect
|
|-weather|RainDance|[upkeep]
|-heal|p2a: Rotom|100/100|[from] item: Leftovers
|upkeep
|turn|5
|
|t:|1760732846
|move|p1a: Predator|Gunk Shot|p2a: Rotom|[miss]
|-miss|p1a: Predator|p2a: Rotom
|move|p2a: Rotom|Thunder Wave|p1a: Predator
|-status|p1a: Predator|par
|
|-weather|RainDance|[upkeep]
|upkeep
|turn|6
|
|t:|1760732854
|move|p1a: Predator|Gunk Shot|p2a: Rotom
|-damage|p2a: Rotom|18/100
|-damage|p1a: Predator|91/100 par|[from] item: Life Orb
|move|p2a: Rotom|Volt Switch|p1a: Predator
|-damage|p1a: Predator|55/100 par
|
|t:|1760732870
|switch|p2a: Iron Treads|Iron Treads|100/100|[from] Volt Switch
|
|-weather|RainDance|[upkeep]
|upkeep
|turn|7
|
|t:|1760732893
|move|p2a: Iron Treads|Electric Terrain|p2a: Iron Treads
|-fieldstart|move: Electric Terrain
|-activate|p2a: Iron Treads|ability: Quark Drive
|-start|p2a: Iron Treads|quarkdrivespe
|move|p1a: Predator|Liquidation|p2a: Iron Treads
|-supereffective|p2a: Iron Treads
|-damage|p2a: Iron Treads|22/100
|-damage|p1a: Predator|45/100 par|[from] item: Life Orb
|
|-weather|RainDance|[upkeep]
|upkeep
|turn|8
|
|t:|1760732907
|move|p2a: Iron Treads|Stealth Rock|p1a: Predator
|-sidestart|p1: AkumaAmbu|move: Stealth Rock
|move|p1a: Predator|Liquidation|p2a: Iron Treads
|-supereffective|p2a: Iron Treads
|-damage|p2a: Iron Treads|0 fnt
|faint|p2a: Iron Treads
|-end|p2a: Iron Treads|Quark Drive|[silent]
|-damage|p1a: Predator|35/100 par|[from] item: Life Orb
|
|-weather|none
|upkeep
|
|t:|1760732925
|switch|p2a: Garganacl|Garganacl, F|100/100
|turn|9
|
|t:|1760732935
|cant|p1a: Predator|par
|move|p2a: Garganacl|Salt Cure|p1a: Predator
|-damage|p1a: Predator|20/100 par
|-start|p1a: Predator|Salt Cure
|
|-damage|p1a: Predator|8/100 par|[from] Salt Cure
|upkeep
|turn|10
|
|t:|1760732939
|move|p2a: Garganacl|Protect|p2a: Garganacl
|-singleturn|p2a: Garganacl|Protect
|move|p1a: Predator|Liquidation|p2a: Garganacl
|-activate|p2a: Garganacl|move: Protect
|
|-damage|p1a: Predator|0 fnt|[from] Salt Cure
|faint|p1a: Predator
|upkeep
|
|t:|1760732942
|switch|p1a: Messenger|Pelipper, M, shiny|22/100
|-damage|p1a: Messenger|0 fnt|[from] Stealth Rock
|faint|p1a: Messenger
|
|t:|1760732947
|switch|p1a: Jaws|Basculegion, M, shiny|100/100
|-damage|p1a: Jaws|88/100|[from] Stealth Rock
|turn|11
|
|t:|1760732964
|-terastallize|p2a: Garganacl|Fairy
|move|p1a: Jaws|Wave Crash|p2a: Garganacl
|-damage|p2a: Garganacl|34/100
|-damage|p1a: Jaws|65/100|[from] Recoil
|move|p2a: Garganacl|Salt Cure|p1a: Jaws
|-damage|p1a: Jaws|48/100
|-start|p1a: Jaws|Salt Cure
|
|-heal|p2a: Garganacl|41/100|[from] item: Leftovers
|-damage|p1a: Jaws|23/100|[from] Salt Cure
|upkeep
|turn|12
|
|t:|1760732975
|move|p2a: Garganacl|Protect|p2a: Garganacl
|-singleturn|p2a: Garganacl|Protect
|move|p1a: Jaws|Wave Crash|p2a: Garganacl
|-activate|p2a: Garganacl|move: Protect
|
|-heal|p2a: Garganacl|47/100|[from] item: Leftovers
|-damage|p1a: Jaws|0 fnt|[from] Salt Cure
|faint|p1a: Jaws
|upkeep
|
|t:|1760732978
|switch|p1a: Calamity|Iron Valiant, shiny|100/100
|-damage|p1a: Calamity|94/100|[from] Stealth Rock
|-activate|p1a: Calamity|ability: Quark Drive
|-start|p1a: Calamity|quarkdrivespe
|turn|13
|
|t:|1760732986
|move|p1a: Calamity|Moonblast|p2a: Garganacl
|-damage|p2a: Garganacl|0 fnt
|faint|p2a: Garganacl
|
|upkeep
|
|t:|1760733015
|switch|p2a: Iron Leaves|Iron Leaves|100/100
|-activate|p2a: Iron Leaves|ability: Quark Drive
|-start|p2a: Iron Leaves|quarkdrivespe
|turn|14
|
|t:|1760733026
|-terastallize|p1a: Calamity|Fairy
|move|p1a: Calamity|Moonblast|p2a: Iron Leaves
|-damage|p2a: Iron Leaves|14/100
|move|p2a: Iron Leaves|Psyblade|p1a: Calamity
|-damage|p1a: Calamity|14/100
|
|-fieldend|move: Electric Terrain
|-end|p1a: Calamity|Quark Drive
|-end|p2a: Iron Leaves|Quark Drive
|upkeep
|turn|15
|
|t:|1760733040
|move|p1a: Calamity|Moonblast|p2a: Iron Leaves
|-damage|p2a: Iron Leaves|0 fnt
|faint|p2a: Iron Leaves
|-end|p2a: Iron Leaves|Quark Drive|[silent]
|
|upkeep
|
|t:|1760733045
|switch|p2a: Pecharunt|Pecharunt|100/100
|turn|16
|
|t:|1760733053
|move|p1a: Calamity|Moonblast|p2a: Pecharunt
|-resisted|p2a: Pecharunt
|-damage|p2a: Pecharunt|50/100
|move|p2a: Pecharunt|Shadow Ball|p1a: Calamity
|-damage|p1a: Calamity|0 fnt
|faint|p1a: Calamity
|-end|p1a: Calamity|Quark Drive|[silent]
|
|upkeep
|
|t:|1760733055
|switch|p1a: Leviathan|Dragapult, M, shiny|100/100
|-damage|p1a: Leviathan|88/100|[from] Stealth Rock
|turn|17
|
|t:|1760733059
|move|p1a: Leviathan|Shadow Ball|p2a: Pecharunt
|-supereffective|p2a: Pecharunt
|-damage|p2a: Pecharunt|0 fnt
|faint|p2a: Pecharunt
|-damage|p1a: Leviathan|78/100|[from] item: Life Orb
|
|upkeep
|
|t:|1760733062
|switch|p2a: Iron Valiant|Iron Valiant|100/100
|turn|18
|
|t:|1760733064
|move|p1a: Leviathan|Shadow Ball|p2a: Iron Valiant
|-damage|p2a: Iron Valiant|11/100
|-damage|p1a: Leviathan|69/100|[from] item: Life Orb
|move|p2a: Iron Valiant|Moonblast|p1a: Leviathan
|-supereffective|p1a: Leviathan
|-damage|p1a: Leviathan|0 fnt
|faint|p1a: Leviathan
|
|win|Alto Paolto
|raw|AkumaAmbu's rating: 1431 &rarr; <strong>1414</strong><br />(-17 for losing)
|raw|Alto Paolto's rating: 1480 &rarr; <strong>1497</strong><br />(+17 for winning)
|l|☆AkumaAmbu
|player|p1|
|l|☆Alto Paolto
|player|p2|
