|badge|p1|silver|gen9randombattle|30-7
|uhtml|medal-msg|<div class="broadcast-blue">Curious what those medals under the avatar are? PS now has Ladder Seasons! For more information, check out the <a href="https://www.smogon.com/forums/threads/3740067/">thread on Smogon.</a></div>
|j|☆phantasmiccat
|j|☆hongyi233
|t:|1760754362
|gametype|singles
|player|p1|phantasmiccat|miku-grass|1586
|player|p2|hongyi233|dawn|1634
|gen|9
|tier|[Gen 9] OU
|rated|
|rule|HP Percentage Mod: HP is shown in percentages
|rule|Endless Battle Clause: Forcing endless battles is banned
|rule|Species Clause: Limit one of each Pokémon
|rule|OHKO Clause: OHKO moves are banned
|rule|Evasion Items Clause: Evasion items are banned
|rule|Evasion Moves Clause: Evasion moves are banned
|rule|Evasion Abilities Clause: Evasion abilities are banned
|rule|Sleep Moves Clause: Sleep-inducing moves are banned
|clearpoke
|poke|p1|Iron Crown|
|poke|p1|Froslass, F|
|poke|p1|Landorus-Therian, M|
|poke|p1|Primarina, F|
|poke|p1|Kingambit, F|
|poke|p1|Dragonite, M|
|poke|p2|Tyranitar, M|
|poke|p2|Ogerpon-Wellspring, F|
|poke|p2|Deoxys-Speed|
|poke|p2|Raging Bolt|
|poke|p2|Landorus-Therian, M|
|poke|p2|Slowking-Galar, F|
|teampreview
|inactive|Battle timer is ON: inactive players will automatically lose when time's up. (requested by phantasmiccat)
|inactive|phantasmiccat has 120 seconds left.
|
|t:|1760754403
|teamsize|p1|6
|teamsize|p2|6
|start
|switch|p1a: Froslass|Froslass, F|100/100
|switch|p2a: Deoxys|Deoxys-Speed|100/100
|-ability|p2a: Deoxys|Pressure
|turn|1
|
|t:|1760754416
|move|p2a: Deoxys|Psycho Boost|p1a: Froslass|[miss]
|-miss|p2a: Deoxys|p1a: Froslass
|move|p1a: Froslass|Poltergeist|p2a: Deoxys
|-activate|p2a: Deoxys|move: Poltergeist|Focus Sash
|-supereffective|p2a: Deoxys
|-enditem|p2a: Deoxys|Focus Sash
|-damage|p2a: Deoxys|1/100
|-damage|p1a: Froslass|91/100|[from] item: Life Orb
|
|upkeep
|turn|2
|
|t:|1760754424
|switch|p1a: Iron Crown|Iron Crown|100/100
|move|p2a: Deoxys|Psycho Boost|p1a: Iron Crown
|-resisted|p1a: Iron Crown
|-damage|p1a: Iron Crown|91/100
|-unboost|p2a: Deoxys|spa|2
|
|upkeep
|turn|3
|
|t:|1760754427
|move|p2a: Deoxys|Stealth Rock|p1a: Iron Crown
|-sidestart|p1: phantasmiccat|move: Stealth Rock
|move|p1a: Iron Crown|Volt Switch|p2a: Deoxys
|-damage|p2a: Deoxys|0 fnt
|faint|p2a: Deoxys
|j| McKain09
|
|t:|1760754433
|-end|p1a: Iron Crown|Quark Drive|[silent]
|switch|p1a: Landorus|Landorus-Therian, M|100/100|[from] Volt Switch
|-damage|p1a: Landorus|88/100|[from] Stealth Rock
|
|upkeep
|
|t:|1760754436
|switch|p2a: Ogerpon|Ogerpon-Wellspring, F|100/100
|turn|4
|
|t:|1760754442
|-terastallize|p2a: Ogerpon|Water
|detailschange|p2a: Ogerpon|Ogerpon-Wellspring-Tera, F, tera:Water
|-ability|p2a: Ogerpon|Embody Aspect (Wellspring)|boost
|-boost|p2a: Ogerpon|spd|1
|move|p2a: Ogerpon|Ivy Cudgel|p1a: Landorus|[anim] Ivy Cudgel Water
|-supereffective|p1a: Landorus
|-damage|p1a: Landorus|0 fnt
|faint|p1a: Landorus
|
|upkeep
|j| woairibi
|inactive|phantasmiccat has 120 seconds left.
|
|t:|1760754479
|switch|p1a: Kingambit|Kingambit, F|100/100
|-damage|p1a: Kingambit|94/100|[from] Stealth Rock
|-activate|p1a: Kingambit|ability: Supreme Overlord
|-start|p1a: Kingambit|fallen1|[silent]
|turn|5
|j| isaac_gam3r
|l| isaac_gam3r
|
|t:|1760754487
|switch|p2a: Tyranitar|Tyranitar, M|100/100
|-weather|Sandstorm|[from] ability: Sand Stream|[of] p2a: Tyranitar
|move|p1a: Kingambit|Swords Dance|p1a: Kingambit
|-boost|p1a: Kingambit|atk|2
|
|-weather|Sandstorm|[upkeep]
|-heal|p1a: Kingambit|100/100|[from] item: Leftovers
|upkeep
|turn|6
|
|t:|1760754493
|move|p2a: Tyranitar|Low Kick|p1a: Kingambit
|-supereffective|p1a: Kingambit
|-damage|p1a: Kingambit|0 fnt
|faint|p1a: Kingambit
|-end|p1a: Kingambit|fallen1|[silent]
|
|-weather|Sandstorm|[upkeep]
|upkeep
|j| isaac_gam3r
|
|t:|1760754503
|switch|p1a: Dragonite|Dragonite, M|100/100
|-damage|p1a: Dragonite|76/100|[from] Stealth Rock
|turn|7
|
|t:|1760754532
|switch|p2a: Landorus|Landorus-Therian, M|100/100
|-ability|p2a: Landorus|Intimidate|boost
|-unboost|p1a: Dragonite|atk|1
|move|p1a: Dragonite|Dragon Dance|p1a: Dragonite
|-boost|p1a: Dragonite|atk|1
|-boost|p1a: Dragonite|spe|1
|
|-weather|Sandstorm|[upkeep]
|-damage|p1a: Dragonite|70/100|[from] Sandstorm
|upkeep
|turn|8
|inactive|phantasmiccat has 120 seconds left.
|l| isaac_gam3r
|
|t:|1760754571
|move|p2a: Landorus|Stone Edge|p1a: Dragonite
|-supereffective|p1a: Dragonite
|-damage|p1a: Dragonite|0 fnt
|faint|p1a: Dragonite
|
|-weather|Sandstorm|[upkeep]
|upkeep
|
|t:|1760754587
|switch|p1a: Primarina|Primarina, F|100/100
|-damage|p1a: Primarina|88/100|[from] Stealth Rock
|turn|9
|
|t:|1760754598
|switch|p2a: Ogerpon|Ogerpon-Wellspring-Tera, F, tera:Water|100/100
|-ability|p2a: Ogerpon|Embody Aspect (Wellspring)|boost
|-boost|p2a: Ogerpon|spd|1
|move|p1a: Primarina|Calm Mind|p1a: Primarina
|-boost|p1a: Primarina|spa|1
|-boost|p1a: Primarina|spd|1
|
|-weather|none
|upkeep
|turn|10
|c|☆hongyi233|。
|inactive|phantasmiccat has 90 seconds left.
|
|t:|1760754648
|-terastallize|p1a: Primarina|Flying
|move|p2a: Ogerpon|Horn Leech|p1a: Primarina
|-resisted|p1a: Primarina
|-damage|p1a: Primarina|62/100
|move|p1a: Primarina|Moonblast|p2a: Ogerpon
|-damage|p2a: Ogerpon|45/100
|
|upkeep
|turn|11
|
|t:|1760754654
|move|p2a: Ogerpon|Ivy Cudgel|p1a: Primarina|[anim] Ivy Cudgel Water
|-damage|p1a: Primarina|0 fnt
|faint|p1a: Primarina
|
|upkeep
|
|t:|1760754657
|switch|p1a: Froslass|Froslass, F|91/100
|-damage|p1a: Froslass|66/100|[from] Stealth Rock
|turn|12
|
|t:|1760754674
|move|p1a: Froslass|Poltergeist|p2a: Ogerpon
|-activate|p2a: Ogerpon|move: Poltergeist|Wellspring Mask
|-damage|p2a: Ogerpon|0 fnt
|faint|p2a: Ogerpon
|detailschange|p2: Ogerpon|Ogerpon-Wellspring, F|[silent]
|-damage|p1a: Froslass|56/100|[from] item: Life Orb
|
|upkeep
|
|t:|1760754679
|switch|p2a: Landorus|Landorus-Therian, M|100/100
|-ability|p2a: Landorus|Intimidate|boost
|-unboost|p1a: Froslass|atk|1
|turn|13
|inactive|phantasmiccat has 90 seconds left.
|
|t:|1760754709
|move|p2a: Landorus|Earthquake|p1a: Froslass
|-damage|p1a: Froslass|0 fnt
|-start|p2a: Landorus|Disable|Earthquake|[from] ability: Cursed Body|[of] p1a: Froslass
|faint|p1a: Froslass
|
|upkeep
|
|t:|1760754712
|switch|p1a: Iron Crown|Iron Crown|91/100
|-damage|p1a: Iron Crown|85/100|[from] Stealth Rock
|turn|14
|
|t:|1760754721
|switch|p2a: Slowking|Slowking-Galar, F|100/100
|move|p1a: Iron Crown|Tachyon Cutter|p2a: Slowking
|-damage|p2a: Slowking|83/100
|-crit|p2a: Slowking
|-damage|p2a: Slowking|57/100
|-hitcount|p2a: Slowking|2
|
|upkeep
|turn|15
|
|t:|1760754724
|move|p1a: Iron Crown|Tachyon Cutter|p2a: Slowking
|-damage|p2a: Slowking|38/100
|-damage|p2a: Slowking|21/100
|-hitcount|p2a: Slowking|2
|move|p2a: Slowking|Flamethrower|p1a: Iron Crown
|-supereffective|p1a: Iron Crown
|-damage|p1a: Iron Crown|53/100
|
|upkeep
|turn|16
|
|t:|1760754727
|move|p1a: Iron Crown|Tachyon Cutter|p2a: Slowking
|-damage|p2a: Slowking|3/100
|-damage|p2a: Slowking|0 fnt
|faint|p2a: Slowking
|-hitcount|p2: Slowking|2
|
|upkeep
|
|t:|1760754729
|switch|p2a: Landorus|Landorus-Therian, M|100/100
|-ability|p2a: Landorus|Intimidate|boost
|-unboost|p1a: Iron Crown|atk|1
|turn|17
|
|t:|1760754732
|move|p2a: Landorus|Earthquake|p1a: Iron Crown
|-supereffective|p1a: Iron Crown
|-damage|p1a: Iron Crown|0 fnt
|faint|p1a: Iron Crown
|-end|p1a: Iron Crown|Quark Drive|[silent]
|
|win|hongyi233
|raw|phantasmiccat's rating: 1586 &rarr; <strong>1569</strong><br />(-17 for losing)
|raw|hongyi233's rating: 1634 &rarr; <strong>1651</strong><br />(+17 for winning)
|l|☆phantasmiccat
|player|p1|
|l|☆hongyi233
|player|p2|
|l| McKain09
