|j|☆watergoated
|j|☆erupting fury
|t:|1760775145
|gametype|singles
|player|p1|watergoated|ghetsis|1150
|player|p2|erupting fury|veteranf|1186
|gen|9
|tier|[Gen 9] OU
|rated|
|rule|HP Percentage Mod: HP is shown in percentages
|rule|Endless Battle Clause: Forcing endless battles is banned
|rule|Species Clause: Limit one of each Pokémon
|rule|OHKO Clause: OHKO moves are banned
|rule|Evasion Items Clause: Evasion items are banned
|rule|Evasion Moves Clause: Evasion moves are banned
|rule|Evasion Abilities Clause: Evasion abilities are banned
|rule|Sleep Moves Clause: Sleep-inducing moves are banned
|clearpoke
|poke|p1|Dragapult, F|
|poke|p1|Iron Moth|
|poke|p1|Ogerpon-Wellspring, F|
|poke|p1|Kingambit, F|
|poke|p1|Hawlucha, M|
|poke|p1|Lilligant-Hisui, F|
|poke|p2|Rillaboom, F|
|poke|p2|Incineroar, F|
|poke|p2|Inteleon, F|
|poke|p2|Lucario, F|
|poke|p2|Corviknight, M|
|poke|p2|Kyurem|
|teampreview
|inactive|Battle timer is ON: inactive players will automatically lose when time's up. (requested by erupting fury)
|c|☆watergoated|glhf
|c|☆erupting fury|thank you
|c|☆watergoated|omfg im an idiot
|c|☆watergoated|i ran the wrong item
|inactive|watergoated has 120 seconds left.
|
|t:|1760775182
|teamsize|p1|6
|teamsize|p2|6
|start
|switch|p1a: Dragapult|Dragapult, F|100/100
|switch|p2a: Kyurem|Kyurem|100/100
|-ability|p2a: Kyurem|Pressure
|turn|1
|c|☆erupting fury|happens to the best of us
|
|t:|1760775193
|move|p2a: Kyurem|Dragon Pulse|p1a: Dragapult
|-supereffective|p1a: Dragapult
|-damage|p1a: Dragapult|0 fnt
|faint|p1a: Dragapult
|
|upkeep
|
|t:|1760775207
|switch|p1a: Hawlucha|Hawlucha, M|100/100
|-item|p1a: Hawlucha|Air Balloon
|turn|2
|
|t:|1760775219
|switch|p2a: Inteleon|Inteleon, F|100/100
|-terastallize|p1a: Hawlucha|Electric
|move|p1a: Hawlucha|Swords Dance|p1a: Hawlucha
|-boost|p1a: Hawlucha|atk|2
|
|upkeep
|turn|3
|
|t:|1760775226
|-terastallize|p2a: Inteleon|Water
|move|p2a: Inteleon|Snipe Shot|p1a: Hawlucha
|-damage|p1a: Hawlucha|0 fnt
|-enditem|p1a: Hawlucha|Air Balloon
|faint|p1a: Hawlucha
|
|upkeep
|
|t:|1760775245
|switch|p1a: Lilligant|Lilligant-Hisui, F|100/100
|turn|4
|
|t:|1760775251
|switch|p2a: Incineroar|Incineroar, F|100/100
|-ability|p2a: Incineroar|Intimidate|boost
|-unboost|p1a: Lilligant|atk|1
|move|p1a: Lilligant|Leaf Blade|p2a: Incineroar
|-resisted|p2a: Incineroar
|-damage|p2a: Incineroar|91/100
|
|upkeep
|turn|5
|
|t:|1760775261
|switch|p1a: Iron Moth|Iron Moth|100/100
|-enditem|p1a: Iron Moth|Booster Energy
|-activate|p1a: Iron Moth|ability: Quark Drive|[fromitem]
|-start|p1a: Iron Moth|quarkdrivespe
|move|p2a: Incineroar|Fake Out|p1a: Iron Moth
|-damage|p1a: Iron Moth|80/100
|
|upkeep
|turn|6
|
|t:|1760775278
|move|p1a: Iron Moth|Sludge Wave|p2a: Incineroar
|-damage|p2a: Incineroar|61/100
|-status|p2a: Incineroar|psn
|move|p2a: Incineroar|Darkest Lariat|p1a: Iron Moth
|-damage|p1a: Iron Moth|20/100
|
|-damage|p2a: Incineroar|48/100 psn|[from] psn
|upkeep
|turn|7
|
|t:|1760775290
|-end|p1a: Iron Moth|Quark Drive|[silent]
|switch|p1a: Kingambit|Kingambit, F|100/100
|-activate|p1a: Kingambit|ability: Supreme Overlord
|-start|p1a: Kingambit|fallen2|[silent]
|move|p2a: Incineroar|Darkest Lariat|p1a: Kingambit
|-resisted|p1a: Kingambit
|-damage|p1a: Kingambit|83/100
|
|-heal|p1a: Kingambit|90/100|[from] item: Leftovers
|-damage|p2a: Incineroar|36/100 psn|[from] psn
|upkeep
|turn|8
|c|☆watergoated|i think im cooked gg
|-message|watergoated forfeited.
|
|win|erupting fury
|raw|watergoated's rating: 1150 &rarr; <strong>1128</strong><br />(-22 for losing)
|raw|erupting fury's rating: 1186 &rarr; <strong>1208</strong><br />(+22 for winning)
|c|☆erupting fury|gg
|l|☆watergoated
|player|p1|
|l|☆erupting fury
|player|p2|
