|j|☆IkerESP
|j|☆JeanGay
|t:|1760731739
|gametype|singles
|player|p1|IkerESP|cynthia-gen4|1040
|player|p2|JeanGay|ingo|1096
|gen|9
|tier|[Gen 9] OU
|rated|
|rule|HP Percentage Mod: HP is shown in percentages
|rule|Endless Battle Clause: Forcing endless battles is banned
|rule|Species Clause: Limit one of each Pokémon
|rule|OHKO Clause: OHKO moves are banned
|rule|Evasion Items Clause: Evasion items are banned
|rule|Evasion Moves Clause: Evasion moves are banned
|rule|Evasion Abilities Clause: Evasion abilities are banned
|rule|Sleep Moves Clause: Sleep-inducing moves are banned
|clearpoke
|poke|p1|Toxapex, F|
|poke|p1|Kingambit, F|
|poke|p1|Amoonguss, F|
|poke|p1|Grimmsnarl, M|
|poke|p1|Great Tusk|
|poke|p1|Raging Bolt|
|poke|p2|Ninetales, F|
|poke|p2|Lilligant-Hisui, F|
|poke|p2|Walking Wake|
|poke|p2|Galvantula, F|
|poke|p2|Slither Wing|
|poke|p2|Great Tusk|
|teampreview
|inactive|Battle timer is ON: inactive players will automatically lose when time's up. (requested by JeanGay)
|
|t:|1760731755
|teamsize|p1|6
|teamsize|p2|6
|start
|switch|p1a: Great Tusk|Great Tusk|100/100
|switch|p2a: Walking Wake|Walking Wake|100/100
|turn|1
|
|t:|1760731771
|move|p2a: Walking Wake|Hydro Steam|p1a: Great Tusk
|-supereffective|p1a: Great Tusk
|-damage|p1a: Great Tusk|0 fnt
|faint|p1a: Great Tusk
|-end|p1a: Great Tusk|Protosynthesis|[silent]
|
|upkeep
|
|t:|1760731777
|switch|p1a: Raging Bolt|Raging Bolt|100/100
|-enditem|p1a: Raging Bolt|Booster Energy
|-activate|p1a: Raging Bolt|ability: Protosynthesis|[fromitem]
|-start|p1a: Raging Bolt|protosynthesisspa
|turn|2
|
|t:|1760731782
|-end|p2a: Walking Wake|Protosynthesis|[silent]
|switch|p2a: Great Tusk|Great Tusk|100/100
|move|p1a: Raging Bolt|Dragon Pulse|p2a: Great Tusk
|-damage|p2a: Great Tusk|20/100
|
|upkeep
|turn|3
|
|t:|1760731803
|move|p1a: Raging Bolt|Thunderclap|p2a: Great Tusk
|-immune|p2a: Great Tusk
|move|p2a: Great Tusk|Headlong Rush|p1a: Raging Bolt
|-supereffective|p1a: Raging Bolt
|-crit|p1a: Raging Bolt
|-damage|p1a: Raging Bolt|0 fnt
|-unboost|p2a: Great Tusk|def|1
|-unboost|p2a: Great Tusk|spd|1
|faint|p1a: Raging Bolt
|-end|p1a: Raging Bolt|Protosynthesis|[silent]
|
|upkeep
|
|t:|1760731817
|switch|p1a: Toxapex|Toxapex, F|100/100
|turn|4
|
|t:|1760731820
|move|p2a: Great Tusk|Headlong Rush|p1a: Toxapex
|-supereffective|p1a: Toxapex
|-damage|p1a: Toxapex|37/100
|-unboost|p2a: Great Tusk|def|1
|-unboost|p2a: Great Tusk|spd|1
|move|p1a: Toxapex|Chilling Water|p2a: Great Tusk
|-supereffective|p2a: Great Tusk
|-damage|p2a: Great Tusk|0 fnt
|faint|p2a: Great Tusk
|-end|p2a: Great Tusk|Protosynthesis|[silent]
|
|-heal|p1a: Toxapex|43/100|[from] item: Black Sludge
|upkeep
|
|t:|1760731824
|switch|p2a: Galvantula|Galvantula, F|100/100
|turn|5
|
|t:|1760731832
|move|p1a: Toxapex|Protect|p1a: Toxapex
|-singleturn|p1a: Toxapex|Protect
|move|p2a: Galvantula|Thunder|p1a: Toxapex
|-activate|p1a: Toxapex|move: Protect
|
|-heal|p1a: Toxapex|49/100|[from] item: Black Sludge
|upkeep
|turn|6
|
|t:|1760731848
|move|p2a: Galvantula|Thunder|p1a: Toxapex
|-supereffective|p1a: Toxapex
|-damage|p1a: Toxapex|0 fnt
|faint|p1a: Toxapex
|
|upkeep
|
|t:|1760731854
|switch|p1a: Amoonguss|Amoonguss, F|100/100
|turn|7
|
|t:|1760731870
|move|p1a: Amoonguss|Protect|p1a: Amoonguss
|-singleturn|p1a: Amoonguss|Protect
|move|p2a: Galvantula|Bug Buzz|p1a: Amoonguss
|-activate|p1a: Amoonguss|move: Protect
|
|upkeep
|turn|8
|
|t:|1760731879
|move|p2a: Galvantula|Bug Buzz|p1a: Amoonguss
|-damage|p1a: Amoonguss|61/100
|move|p1a: Amoonguss|Sludge Bomb|p2a: Galvantula
|-damage|p2a: Galvantula|51/100
|-status|p2a: Galvantula|psn
|
|-damage|p2a: Galvantula|39/100 psn|[from] psn
|upkeep
|turn|9
|
|t:|1760731887
|move|p1a: Amoonguss|Protect|p1a: Amoonguss
|-singleturn|p1a: Amoonguss|Protect
|move|p2a: Galvantula|Thunder Wave|p1a: Amoonguss
|-activate|p1a: Amoonguss|move: Protect
|
|-damage|p2a: Galvantula|26/100 psn|[from] psn
|upkeep
|turn|10
|
|t:|1760731895
|move|p2a: Galvantula|Thunder Wave|p1a: Amoonguss
|-status|p1a: Amoonguss|par
|move|p1a: Amoonguss|Synthesis|p1a: Amoonguss
|-heal|p1a: Amoonguss|100/100 par
|
|-damage|p2a: Galvantula|14/100 psn|[from] psn
|upkeep
|turn|11
|
|t:|1760731902
|move|p1a: Amoonguss|Protect|p1a: Amoonguss
|-singleturn|p1a: Amoonguss|Protect
|move|p2a: Galvantula|Bug Buzz|p1a: Amoonguss
|-activate|p1a: Amoonguss|move: Protect
|
|-damage|p2a: Galvantula|2/100 psn|[from] psn
|upkeep
|turn|12
|
|t:|1760731909
|move|p2a: Galvantula|Bug Buzz|p1a: Amoonguss
|-damage|p1a: Amoonguss|66/100 par
|move|p1a: Amoonguss|Giga Drain|p2a: Galvantula
|-resisted|p2a: Galvantula
|-damage|p2a: Galvantula|0 fnt
|-heal|p1a: Amoonguss|67/100 par|[from] drain|[of] p2a: Galvantula
|faint|p2a: Galvantula
|
|upkeep
|
|t:|1760731913
|switch|p2a: Ninetales|Ninetales, F, shiny|100/100
|-weather|SunnyDay|[from] ability: Drought|[of] p2a: Ninetales
|turn|13
|
|t:|1760731920
|move|p1a: Amoonguss|Protect|p1a: Amoonguss
|-singleturn|p1a: Amoonguss|Protect
|move|p2a: Ninetales|Weather Ball|p1a: Amoonguss
|-activate|p1a: Amoonguss|move: Protect
|
|-weather|SunnyDay|[upkeep]
|upkeep
|turn|14
|
|t:|1760731927
|move|p2a: Ninetales|Weather Ball|p1a: Amoonguss
|-supereffective|p1a: Amoonguss
|-damage|p1a: Amoonguss|0 fnt
|faint|p1a: Amoonguss
|
|-weather|SunnyDay|[upkeep]
|upkeep
|
|t:|1760731932
|switch|p1a: Grimmsnarl|Grimmsnarl, M|100/100
|turn|15
|
|t:|1760731947
|move|p1a: Grimmsnarl|Taunt|p2a: Ninetales
|-start|p2a: Ninetales|move: Taunt
|cant|p2a: Ninetales|move: Taunt|Encore
|
|-weather|SunnyDay|[upkeep]
|upkeep
|turn|16
|
|t:|1760731955
|switch|p2a: Walking Wake|Walking Wake|100/100
|-activate|p2a: Walking Wake|ability: Protosynthesis
|-start|p2a: Walking Wake|protosynthesisspe
|move|p1a: Grimmsnarl|Reflect|p1a: Grimmsnarl
|-sidestart|p1: IkerESP|Reflect
|
|-weather|SunnyDay|[upkeep]
|upkeep
|turn|17
|
|t:|1760731964
|move|p1a: Grimmsnarl|Parting Shot|p2a: Walking Wake
|-unboost|p2a: Walking Wake|atk|1
|-unboost|p2a: Walking Wake|spa|1
|
|t:|1760731974
|switch|p1a: Kingambit|Kingambit, F|100/100|[from] Parting Shot
|-activate|p1a: Kingambit|ability: Supreme Overlord
|-start|p1a: Kingambit|fallen4|[silent]
|move|p2a: Walking Wake|Hydro Steam|p1a: Kingambit
|-damage|p1a: Kingambit|43/100
|
|-weather|SunnyDay|[upkeep]
|-heal|p1a: Kingambit|49/100|[from] item: Leftovers
|upkeep
|turn|18
|c|☆JeanGay|gg
|
|t:|1760731995
|move|p2a: Walking Wake|Hydro Steam|p1a: Kingambit
|-damage|p1a: Kingambit|0 fnt
|faint|p1a: Kingambit
|-end|p1a: Kingambit|fallen4|[silent]
|
|-weather|SunnyDay|[upkeep]
|upkeep
|
|t:|1760732000
|switch|p1a: Grimmsnarl|Grimmsnarl, M|100/100
|turn|19
|
|t:|1760732002
|move|p1a: Grimmsnarl|Light Screen|p1a: Grimmsnarl
|-sidestart|p1: IkerESP|move: Light Screen
|move|p2a: Walking Wake|Hydro Steam|p1a: Grimmsnarl
|-damage|p1a: Grimmsnarl|77/100
|
|-weather|SunnyDay|[upkeep]
|upkeep
|turn|20
|-message|IkerESP forfeited.
|
|win|JeanGay
|raw|IkerESP's rating: 1040 &rarr; <strong>1027</strong><br />(-13 for losing)
|raw|JeanGay's rating: 1096 &rarr; <strong>1118</strong><br />(+22 for winning)
|l|☆IkerESP
|player|p1|
