|j|☆thodoras edition
|j|☆TrentMercer
|t:|1760834740
|gametype|singles
|player|p1|thodoras edition|101|1540
|player|p2|TrentMercer|n|1573
|gen|9
|tier|[Gen 9] OU
|rated|
|rule|HP Percentage Mod: HP is shown in percentages
|rule|Endless Battle Clause: Forcing endless battles is banned
|rule|Species Clause: Limit one of each Pokémon
|rule|OHKO Clause: OHKO moves are banned
|rule|Evasion Items Clause: Evasion items are banned
|rule|Evasion Moves Clause: Evasion moves are banned
|rule|Evasion Abilities Clause: Evasion abilities are banned
|rule|Sleep Moves Clause: Sleep-inducing moves are banned
|clearpoke
|poke|p1|Alomomola, F|
|poke|p1|Moltres|
|poke|p1|Lokix, F|
|poke|p1|Great Tusk|
|poke|p1|Dragalge, F|
|poke|p1|Gholdengo|
|poke|p2|Great Tusk|
|poke|p2|Slowking-Galar, M|
|poke|p2|Zapdos|
|poke|p2|Crawdaunt, M|
|poke|p2|Chandelure, F|
|poke|p2|Scizor, M|
|teampreview
|inactive|Battle timer is ON: inactive players will automatically lose when time's up. (requested by TrentMercer)
|j| gokugt1212
|
|t:|1760834762
|teamsize|p1|6
|teamsize|p2|6
|start
|switch|p1a: Lokix|Lokix, F|100/100
|switch|p2a: Zapdos|Zapdos|100/100
|turn|1
|
|t:|1760834770
|move|p1a: Lokix|U-turn|p2a: Zapdos
|-resisted|p2a: Zapdos
|-damage|p2a: Zapdos|62/100
|-status|p1a: Lokix|par|[from] ability: Static|[of] p2a: Zapdos
|
|t:|1760834776
|switch|p1a: Dragalge|Dragalge, F|100/100|[from] U-turn
|move|p2a: Zapdos|Hurricane|p1a: Dragalge
|-damage|p1a: Dragalge|58/100
|
|upkeep
|turn|2
|
|t:|1760834794
|switch|p2a: Slowking|Slowking-Galar, M|100/100
|move|p1a: Dragalge|Draco Meteor|p2a: Slowking
|-damage|p2a: Slowking|40/100
|-unboost|p1a: Dragalge|spa|2
|
|upkeep
|turn|3
|
|t:|1760834808
|move|p1a: Dragalge|Draco Meteor|p2a: Slowking
|-damage|p2a: Slowking|12/100
|-unboost|p1a: Dragalge|spa|2
|move|p2a: Slowking|Flamethrower|p1a: Dragalge
|-resisted|p1a: Dragalge
|-damage|p1a: Dragalge|45/100
|
|upkeep
|turn|4
|
|t:|1760834818
|switch|p1a: Gholdengo|Gholdengo|100/100
|switch|p2a: Scizor|Scizor, M|100/100
|
|upkeep
|turn|5
|
|t:|1760834826
|switch|p1a: Moltres|Moltres|100/100
|move|p2a: Scizor|Knock Off|p1a: Moltres
|-damage|p1a: Moltres|56/100
|-enditem|p1a: Moltres|Heavy-Duty Boots|[from] move: Knock Off|[of] p2a: Scizor
|-damage|p2a: Scizor|91/100|[from] item: Life Orb
|
|upkeep
|turn|6
|
|t:|1760834830
|switch|p2a: Slowking|Slowking-Galar, M|45/100
|move|p1a: Moltres|Roost|p1a: Moltres
|-heal|p1a: Moltres|100/100
|-singleturn|p1a: Moltres|move: Roost
|
|upkeep
|turn|7
|
|t:|1760834835
|switch|p2a: Zapdos|Zapdos|62/100
|move|p1a: Moltres|U-turn|p2a: Zapdos
|-resisted|p2a: Zapdos
|-damage|p2a: Zapdos|56/100
|
|t:|1760834838
|switch|p1a: Dragalge|Dragalge, F|45/100|[from] U-turn
|
|upkeep
|turn|8
|
|t:|1760834845
|switch|p2a: Slowking|Slowking-Galar, M|79/100
|move|p1a: Dragalge|Draco Meteor|p2a: Slowking
|-damage|p2a: Slowking|20/100
|-unboost|p1a: Dragalge|spa|2
|
|upkeep
|turn|9
|
|t:|1760834851
|switch|p2a: Scizor|Scizor, M|91/100
|move|p1a: Dragalge|Draco Meteor|p2a: Scizor
|-resisted|p2a: Scizor
|-damage|p2a: Scizor|54/100
|-unboost|p1a: Dragalge|spa|2
|
|upkeep
|turn|10
|
|t:|1760834857
|switch|p1a: Moltres|Moltres|100/100
|move|p2a: Scizor|Swords Dance|p2a: Scizor
|-boost|p2a: Scizor|atk|2
|
|upkeep
|turn|11
|
|t:|1760834865
|switch|p2a: Slowking|Slowking-Galar, M|53/100
|move|p1a: Moltres|Flamethrower|p2a: Slowking
|-damage|p2a: Slowking|35/100
|
|upkeep
|turn|12
|
|t:|1760834868
|switch|p2a: Zapdos|Zapdos|56/100
|move|p1a: Moltres|U-turn|p2a: Zapdos
|-resisted|p2a: Zapdos
|-damage|p2a: Zapdos|51/100
|
|t:|1760834877
|switch|p1a: Dragalge|Dragalge, F|45/100|[from] U-turn
|
|upkeep
|turn|13
|
|t:|1760834881
|switch|p2a: Slowking|Slowking-Galar, M|68/100
|move|p1a: Dragalge|Draco Meteor|p2a: Slowking
|-damage|p2a: Slowking|12/100
|-unboost|p1a: Dragalge|spa|2
|
|upkeep
|turn|14
|
|t:|1760834889
|switch|p1a: Moltres|Moltres|100/100
|switch|p2a: Scizor|Scizor, M|54/100
|
|upkeep
|turn|15
|
|t:|1760834893
|switch|p2a: Zapdos|Zapdos|51/100
|move|p1a: Moltres|U-turn|p2a: Zapdos
|-resisted|p2a: Zapdos
|-damage|p2a: Zapdos|46/100
|
|t:|1760834904
|switch|p1a: Gholdengo|Gholdengo|100/100|[from] U-turn
|
|upkeep
|turn|16
|
|t:|1760834911
|switch|p2a: Scizor|Scizor, M|54/100
|move|p1a: Gholdengo|Make It Rain|p2a: Scizor
|-resisted|p2a: Scizor
|-damage|p2a: Scizor|9/100
|-unboost|p1a: Gholdengo|spa|1
|
|upkeep
|turn|17
|
|t:|1760834918
|move|p2a: Scizor|Bullet Punch|p1a: Gholdengo
|-resisted|p1a: Gholdengo
|-crit|p1a: Gholdengo
|-damage|p1a: Gholdengo|66/100
|-damage|p2a: Scizor|0 fnt|[from] item: Life Orb
|faint|p2a: Scizor
|move|p1a: Gholdengo|Make It Rain|p2: Scizor|[notarget]
|-fail|p1a: Gholdengo
|
|upkeep
|
|t:|1760834923
|switch|p2a: Crawdaunt|Crawdaunt, M|100/100
|turn|18
|
|t:|1760834936
|switch|p1a: Moltres|Moltres|100/100
|move|p2a: Crawdaunt|Crabhammer|p1a: Moltres
|-supereffective|p1a: Moltres
|-damage|p1a: Moltres|0 fnt
|-status|p2a: Crawdaunt|brn|[from] ability: Flame Body|[of] p1a: Moltres
|faint|p1a: Moltres
|
|-damage|p2a: Crawdaunt|95/100 brn|[from] brn
|upkeep
|
|t:|1760834943
|switch|p1a: Lokix|Lokix, F|100/100 par
|turn|19
|
|t:|1760834946
|switch|p2a: Zapdos|Zapdos|46/100
|move|p1a: Lokix|U-turn|p2a: Zapdos
|-resisted|p2a: Zapdos
|-damage|p2a: Zapdos|7/100
|
|t:|1760834958
|switch|p1a: Gholdengo|Gholdengo|66/100|[from] U-turn
|
|upkeep
|turn|20
|
|t:|1760834964
|move|p1a: Gholdengo|Shadow Ball|p2a: Zapdos
|-damage|p2a: Zapdos|0 fnt
|faint|p2a: Zapdos
|
|upkeep
|
|t:|1760834967
|switch|p2a: Crawdaunt|Crawdaunt, M|95/100 brn
|turn|21
|
|t:|1760834994
|switch|p1a: Alomomola|Alomomola, F|100/100
|move|p2a: Crawdaunt|Knock Off|p1a: Alomomola
|-damage|p1a: Alomomola|65/100
|-enditem|p1a: Alomomola|Assault Vest|[from] move: Knock Off|[of] p2a: Crawdaunt
|
|-damage|p2a: Crawdaunt|89/100 brn|[from] brn
|upkeep
|turn|22
|
|t:|1760835006
|switch|p2a: Slowking|Slowking-Galar, M|46/100
|move|p1a: Alomomola|Flip Turn|p2a: Slowking
|-damage|p2a: Slowking|27/100
|
|t:|1760835016
|switch|p1a: Lokix|Lokix, F|100/100 par|[from] Flip Turn
|
|upkeep
|turn|23
|
|t:|1760835030
|switch|p2a: Crawdaunt|Crawdaunt, M|89/100 brn
|cant|p1a: Lokix|par
|
|-damage|p2a: Crawdaunt|83/100 brn|[from] brn
|upkeep
|turn|24
|
|t:|1760835037
|move|p1a: Lokix|First Impression||[still]
|-hint|First Impression only works on your first turn out.
|-fail|p1a: Lokix
|move|p2a: Crawdaunt|Knock Off|p1a: Lokix
|-resisted|p1a: Lokix
|-damage|p1a: Lokix|61/100 par
|-enditem|p1a: Lokix|Choice Band|[from] move: Knock Off|[of] p2a: Crawdaunt
|
|-damage|p2a: Crawdaunt|77/100 brn|[from] brn
|upkeep
|turn|25
|
|t:|1760835042
|move|p2a: Crawdaunt|Knock Off|p1a: Lokix
|-resisted|p1a: Lokix
|-damage|p1a: Lokix|37/100 par
|cant|p1a: Lokix|par
|
|-damage|p2a: Crawdaunt|71/100 brn|[from] brn
|upkeep
|turn|26
|
|t:|1760835046
|move|p2a: Crawdaunt|Knock Off|p1a: Lokix
|-resisted|p1a: Lokix
|-damage|p1a: Lokix|9/100 par
|cant|p1a: Lokix|par
|
|-damage|p2a: Crawdaunt|65/100 brn|[from] brn
|upkeep
|turn|27
|
|t:|1760835051
|move|p2a: Crawdaunt|Knock Off|p1a: Lokix
|-resisted|p1a: Lokix
|-damage|p1a: Lokix|0 fnt
|faint|p1a: Lokix
|
|-damage|p2a: Crawdaunt|59/100 brn|[from] brn
|upkeep
|
|t:|1760835054
|switch|p1a: Alomomola|Alomomola, F|99/100
|turn|28
|
|t:|1760835058
|switch|p2a: Slowking|Slowking-Galar, M|61/100
|move|p1a: Alomomola|Flip Turn|p2a: Slowking
|-damage|p2a: Slowking|45/100
|
|t:|1760835060
|switch|p1a: Dragalge|Dragalge, F|45/100|[from] Flip Turn
|
|upkeep
|turn|29
|
|t:|1760835064
|switch|p2a: Crawdaunt|Crawdaunt, M|59/100 brn
|move|p1a: Dragalge|Draco Meteor|p2a: Crawdaunt
|-damage|p2a: Crawdaunt|0 fnt
|-unboost|p1a: Dragalge|spa|2
|faint|p2a: Crawdaunt
|
|upkeep
|
|t:|1760835076
|switch|p2a: Chandelure|Chandelure, F, shiny|100/100
|turn|30
|
|t:|1760835082
|switch|p1a: Alomomola|Alomomola, F|100/100
|move|p2a: Chandelure|Shadow Ball|p1a: Alomomola
|-damage|p1a: Alomomola|64/100
|
|upkeep
|turn|31
|
|t:|1760835087
|switch|p2a: Slowking|Slowking-Galar, M|78/100
|move|p1a: Alomomola|Mirror Coat||[still]
|-fail|p1a: Alomomola
|
|upkeep
|turn|32
|
|t:|1760835091
|move|p1a: Alomomola|Flip Turn|p2a: Slowking
|-damage|p2a: Slowking|62/100
|
|t:|1760835095
|switch|p1a: Gholdengo|Gholdengo|66/100|[from] Flip Turn
|move|p2a: Slowking|Psyshock|p1a: Gholdengo
|-resisted|p1a: Gholdengo
|-damage|p1a: Gholdengo|45/100
|
|upkeep
|turn|33
|
|t:|1760835101
|move|p1a: Gholdengo|Shadow Ball|p2a: Slowking
|-supereffective|p2a: Slowking
|-damage|p2a: Slowking|21/100
|move|p2a: Slowking|Flamethrower|p1a: Gholdengo
|-supereffective|p1a: Gholdengo
|-damage|p1a: Gholdengo|0 fnt
|faint|p1a: Gholdengo
|
|upkeep
|
|t:|1760835108
|switch|p1a: Great Tusk|Great Tusk|100/100
|turn|34
|
|t:|1760835116
|switch|p2a: Great Tusk|Great Tusk|100/100
|-enditem|p2a: Great Tusk|Booster Energy
|-activate|p2a: Great Tusk|ability: Protosynthesis|[fromitem]
|-start|p2a: Great Tusk|protosynthesisatk
|move|p1a: Great Tusk|Stealth Rock|p2a: Great Tusk
|-sidestart|p2: TrentMercer|move: Stealth Rock
|
|upkeep
|turn|35
|
|t:|1760835124
|-terastallize|p1a: Great Tusk|Ghost
|move|p2a: Great Tusk|Rapid Spin|p1a: Great Tusk
|-immune|p1a: Great Tusk
|move|p1a: Great Tusk|Ice Spinner|p2a: Great Tusk
|-supereffective|p2a: Great Tusk
|-damage|p2a: Great Tusk|58/100
|
|upkeep
|turn|36
|
|t:|1760835128
|move|p1a: Great Tusk|Ice Spinner|p2a: Great Tusk
|-supereffective|p2a: Great Tusk
|-damage|p2a: Great Tusk|15/100
|move|p2a: Great Tusk|Headlong Rush|p1a: Great Tusk
|-damage|p1a: Great Tusk|44/100
|-unboost|p2a: Great Tusk|def|1
|-unboost|p2a: Great Tusk|spd|1
|
|upkeep
|turn|37
|
|t:|1760835135
|move|p1a: Great Tusk|Ice Spinner|p2a: Great Tusk
|-supereffective|p2a: Great Tusk
|-damage|p2a: Great Tusk|0 fnt
|faint|p2a: Great Tusk
|-end|p2a: Great Tusk|Protosynthesis|[silent]
|
|upkeep
|
|t:|1760835139
|switch|p2a: Chandelure|Chandelure, F, shiny|100/100
|-damage|p2a: Chandelure|76/100|[from] Stealth Rock
|turn|38
|
|t:|1760835147
|-end|p1a: Great Tusk|Protosynthesis|[silent]
|switch|p1a: Alomomola|Alomomola, F|98/100
|move|p2a: Chandelure|Shadow Ball|p1a: Alomomola
|-damage|p1a: Alomomola|62/100
|
|upkeep
|turn|39
|
|t:|1760835153
|switch|p2a: Slowking|Slowking-Galar, M|54/100
|-damage|p2a: Slowking|42/100|[from] Stealth Rock
|move|p1a: Alomomola|Flip Turn|p2a: Slowking
|-damage|p2a: Slowking|24/100
|
|t:|1760835156
|switch|p1a: Great Tusk|Great Tusk, tera:Ghost|44/100|[from] Flip Turn
|
|upkeep
|turn|40
|
|t:|1760835161
|move|p1a: Great Tusk|Headlong Rush|p2a: Slowking
|-supereffective|p2a: Slowking
|-damage|p2a: Slowking|0 fnt
|-unboost|p1a: Great Tusk|def|1
|-unboost|p1a: Great Tusk|spd|1
|faint|p2a: Slowking
|
|upkeep
|
|t:|1760835164
|switch|p2a: Chandelure|Chandelure, F, shiny|76/100
|-damage|p2a: Chandelure|51/100|[from] Stealth Rock
|turn|41
|
|t:|1760835168
|move|p2a: Chandelure|Shadow Ball|p1a: Great Tusk
|-supereffective|p1a: Great Tusk
|-damage|p1a: Great Tusk|0 fnt
|faint|p1a: Great Tusk
|-end|p1a: Great Tusk|Protosynthesis|[silent]
|
|upkeep
|
|t:|1760835175
|switch|p1a: Alomomola|Alomomola, F|95/100
|turn|42
|
|t:|1760835178
|-terastallize|p2a: Chandelure|Grass
|move|p2a: Chandelure|Shadow Ball|p1a: Alomomola
|-damage|p1a: Alomomola|58/100
|move|p1a: Alomomola|Mirror Coat|p2a: Chandelure
|-damage|p2a: Chandelure|0 fnt
|faint|p2a: Chandelure
|
|win|thodoras edition
|raw|thodoras edition's rating: 1540 &rarr; <strong>1562</strong><br />(+22 for winning)
|raw|TrentMercer's rating: 1573 &rarr; <strong>1551</strong><br />(-22 for losing)
|l|☆TrentMercer
|player|p2|
|l|☆thodoras edition
|player|p1|
|l| gokugt1212
