|j|☆teamtest159
|j|☆Munch
|t:|1760785816
|gametype|singles
|player|p1|teamtest159|n|1295
|player|p2|Munch|101|1245
|gen|9
|tier|[Gen 9] OU
|rated|
|rule|HP Percentage Mod: HP is shown in percentages
|rule|Endless Battle Clause: Forcing endless battles is banned
|rule|Species Clause: Limit one of each Pokémon
|rule|OHKO Clause: OHKO moves are banned
|rule|Evasion Items Clause: Evasion items are banned
|rule|Evasion Moves Clause: Evasion moves are banned
|rule|Evasion Abilities Clause: Evasion abilities are banned
|rule|Sleep Moves Clause: Sleep-inducing moves are banned
|clearpoke
|poke|p1|Regidrago|
|poke|p1|Granbull, F|
|poke|p1|Polteageist|
|poke|p1|Empoleon, F|
|poke|p1|Lycanroc-Dusk, F|
|poke|p1|Breloom, M|
|poke|p2|Kingambit, M|
|poke|p2|Deoxys-Speed|
|poke|p2|Great Tusk|
|poke|p2|Dragonite, F|
|poke|p2|Iron Moth|
|poke|p2|Primarina, F|
|teampreview
|
|t:|1760785824
|teamsize|p1|6
|teamsize|p2|6
|start
|switch|p1a: Lycanroc|Lycanroc-Dusk, F|100/100
|switch|p2a: Anomаly|Iron Moth|100/100
|-enditem|p2a: Anomаly|Booster Energy
|-activate|p2a: Anomаly|ability: Quark Drive|[fromitem]
|-start|p2a: Anomаly|quarkdrivespe
|turn|1
|
|t:|1760785833
|move|p2a: Anomаly|Toxic Spikes|p1a: Lycanroc
|-sidestart|p1: teamtest159|move: Toxic Spikes
|move|p1a: Lycanroc|Stealth Rock|p2a: Anomаly
|-sidestart|p2: Munch|move: Stealth Rock
|
|upkeep
|turn|2
|
|t:|1760785836
|move|p1a: Lycanroc|Accelerock|p2a: Anomаly
|-supereffective|p2a: Anomаly
|-damage|p2a: Anomаly|30/100
|move|p2a: Anomаly|Toxic Spikes|p1a: Lycanroc
|-sidestart|p1: teamtest159|move: Toxic Spikes
|
|upkeep
|turn|3
|
|t:|1760785840
|move|p1a: Lycanroc|Accelerock|p2a: Anomаly
|-supereffective|p2a: Anomаly
|-damage|p2a: Anomаly|0 fnt
|faint|p2a: Anomаly
|-end|p2a: Anomаly|Quark Drive|[silent]
|
|upkeep
|
|t:|1760785843
|switch|p2a: Siren|Primarina, F|100/100
|-damage|p2a: Siren|88/100|[from] Stealth Rock
|turn|4
|
|t:|1760785848
|move|p1a: Lycanroc|Accelerock|p2a: Siren
|-damage|p2a: Siren|54/100
|move|p2a: Siren|Whirlpool|p1a: Lycanroc
|-supereffective|p1a: Lycanroc
|-damage|p1a: Lycanroc|41/100
|-activate|p1a: Lycanroc|move: Whirlpool|[of] p2a: Siren
|
|-damage|p1a: Lycanroc|28/100|[from] move: Whirlpool|[partiallytrapped]
|upkeep
|turn|5
|
|t:|1760785860
|move|p1a: Lycanroc|Accelerock|p2a: Siren
|-damage|p2a: Siren|21/100
|move|p2a: Siren|Surf|p1a: Lycanroc
|-supereffective|p1a: Lycanroc
|-damage|p1a: Lycanroc|0 fnt
|faint|p1a: Lycanroc
|
|upkeep
|
|t:|1760785869
|switch|p1a: 1up|Breloom, M, shiny|100/100
|-status|p1a: 1up|tox
|turn|6
|
|t:|1760785877
|move|p2a: Siren|Moonblast|p1a: 1up
|-supereffective|p1a: 1up
|-damage|p1a: 1up|0 fnt
|faint|p1a: 1up
|
|upkeep
|
|t:|1760785894
|switch|p1a: Napoleon|Empoleon, F|100/100
|turn|7
|
|t:|1760785900
|move|p1a: Napoleon|Metal Sound|p2a: Siren
|-unboost|p2a: Siren|spd|2
|-enditem|p1a: Napoleon|Throat Spray
|-boost|p1a: Napoleon|spa|1|[from] item: Throat Spray
|move|p2a: Siren|Whirlpool|p1a: Napoleon|[miss]
|-miss|p2a: Siren|p1a: Napoleon
|
|upkeep
|turn|8
|
|t:|1760785909
|move|p1a: Napoleon|Agility|p1a: Napoleon
|-boost|p1a: Napoleon|spe|2
|move|p2a: Siren|Whirlpool|p1a: Napoleon
|-resisted|p1a: Napoleon
|-damage|p1a: Napoleon|83/100
|-activate|p1a: Napoleon|move: Whirlpool|[of] p2a: Siren
|
|-damage|p1a: Napoleon|71/100|[from] move: Whirlpool|[partiallytrapped]
|upkeep
|turn|9
|
|t:|1760785913
|move|p1a: Napoleon|Surf|p2a: Siren
|-resisted|p2a: Siren
|-damage|p2a: Siren|0 fnt
|faint|p2a: Siren
|
|-end|p1a: Napoleon|Whirlpool|[partiallytrapped]|[silent]
|upkeep
|
|t:|1760785921
|switch|p2a: Moebius|Deoxys-Speed|100/100
|-damage|p2a: Moebius|88/100|[from] Stealth Rock
|-ability|p2a: Moebius|Pressure
|turn|10
|
|t:|1760785930
|move|p2a: Moebius|Focus Blast|p1a: Napoleon|[miss]
|-miss|p2a: Moebius|p1a: Napoleon
|move|p1a: Napoleon|Surf|p2a: Moebius
|-damage|p2a: Moebius|0 fnt
|faint|p2a: Moebius
|
|upkeep
|
|t:|1760785935
|switch|p2a: Yoshi|Dragonite, F, shiny|100/100
|-damage|p2a: Yoshi|76/100|[from] Stealth Rock
|turn|11
|
|t:|1760785945
|move|p1a: Napoleon|Ice Beam|p2a: Yoshi
|-supereffective|p2a: Yoshi
|-damage|p2a: Yoshi|0 fnt
|faint|p2a: Yoshi
|
|upkeep
|
|t:|1760785948
|switch|p2a: Anomaly|Great Tusk|100/100
|-damage|p2a: Anomaly|98/100|[from] Stealth Rock
|-enditem|p2a: Anomaly|Booster Energy
|-activate|p2a: Anomaly|ability: Protosynthesis|[fromitem]
|-start|p2a: Anomaly|protosynthesisatk
|turn|12
|
|t:|1760785956
|-terastallize|p2a: Anomaly|Steel
|move|p1a: Napoleon|Ice Beam|p2a: Anomaly
|-resisted|p2a: Anomaly
|-damage|p2a: Anomaly|65/100
|move|p2a: Anomaly|Headlong Rush|p1a: Napoleon
|-supereffective|p1a: Napoleon
|-damage|p1a: Napoleon|0 fnt
|-unboost|p2a: Anomaly|def|1
|-unboost|p2a: Anomaly|spd|1
|faint|p1a: Napoleon
|
|upkeep
|
|t:|1760785968
|switch|p1a: Dragonball|Regidrago|100/100
|-status|p1a: Dragonball|tox
|turn|13
|
|t:|1760785974
|move|p1a: Dragonball|Earth Power|p2a: Anomaly
|-supereffective|p2a: Anomaly
|-damage|p2a: Anomaly|0 fnt
|faint|p2a: Anomaly
|-end|p2a: Anomaly|Protosynthesis|[silent]
|
|-damage|p1a: Dragonball|94/100 tox|[from] psn
|upkeep
|
|t:|1760785976
|switch|p2a: Meruem|Kingambit, M|100/100
|-damage|p2a: Meruem|94/100|[from] Stealth Rock
|-activate|p2a: Meruem|ability: Supreme Overlord
|-start|p2a: Meruem|fallen5|[silent]
|turn|14
|
|t:|1760785987
|move|p1a: Dragonball|Earth Power|p2a: Meruem
|-supereffective|p2a: Meruem
|-damage|p2a: Meruem|45/100
|move|p2a: Meruem|Kowtow Cleave|p1a: Dragonball
|-damage|p1a: Dragonball|15/100 tox
|
|-heal|p2a: Meruem|51/100|[from] item: Leftovers
|-damage|p1a: Dragonball|3/100 tox|[from] psn
|upkeep
|turn|15
|
|t:|1760785991
|move|p2a: Meruem|Sucker Punch|p1a: Dragonball
|-crit|p1a: Dragonball
|-damage|p1a: Dragonball|0 fnt
|faint|p1a: Dragonball
|
|-heal|p2a: Meruem|57/100|[from] item: Leftovers
|upkeep
|
|t:|1760785993
|switch|p1a: Toothfairy|Granbull, F|100/100
|-status|p1a: Toothfairy|tox
|-ability|p1a: Toothfairy|Intimidate|boost
|-unboost|p2a: Meruem|atk|1
|turn|16
|
|t:|1760786003
|move|p2a: Meruem|Iron Head|p1a: Toothfairy
|-supereffective|p1a: Toothfairy
|-damage|p1a: Toothfairy|0 fnt
|faint|p1a: Toothfairy
|
|-heal|p2a: Meruem|63/100|[from] item: Leftovers
|upkeep
|
|t:|1760786006
|switch|p1a: Iroh|Polteageist|100/100
|-status|p1a: Iroh|tox
|turn|17
|
|t:|1760786012
|-terastallize|p1a: Iroh|Fighting
|move|p2a: Meruem|Sucker Punch|p1a: Iroh
|-resisted|p1a: Iroh
|-damage|p1a: Iroh|64/100 tox
|-ability|p1a: Iroh|Weak Armor|boost
|-unboost|p1a: Iroh|def|1
|-boost|p1a: Iroh|spe|2
|-enditem|p1a: Iroh|White Herb
|-clearnegativeboost|p1a: Iroh|[silent]
|move|p1a: Iroh|Tera Blast|p2a: Meruem|[anim] Tera Blast Fighting
|-supereffective|p2a: Meruem
|-damage|p2a: Meruem|0 fnt
|faint|p2a: Meruem
|-end|p2a: Meruem|fallen5|[silent]
|
|win|teamtest159
|raw|teamtest159's rating: 1295 &rarr; <strong>1316</strong><br />(+21 for winning)
|raw|Munch's rating: 1245 &rarr; <strong>1224</strong><br />(-21 for losing)
|l|☆Munch
|player|p2|
|l|☆teamtest159
|player|p1|
