|j|☆Fusionhype1
|j|‽Scrafty.YN
|t:|1760725911
|gametype|singles
|player|p1|Fusionhype1|169|1234
|player|p2|Scrafty.YN|hoopster|1260
|gen|9
|tier|[Gen 9] OU
|rated|
|rule|HP Percentage Mod: HP is shown in percentages
|rule|Endless Battle Clause: Forcing endless battles is banned
|rule|Species Clause: Limit one of each Pokémon
|rule|OHKO Clause: OHKO moves are banned
|rule|Evasion Items Clause: Evasion items are banned
|rule|Evasion Moves Clause: Evasion moves are banned
|rule|Evasion Abilities Clause: Evasion abilities are banned
|rule|Sleep Moves Clause: Sleep-inducing moves are banned
|clearpoke
|poke|p1|Thundurus-Therian, M|
|poke|p1|Araquanid, F|
|poke|p1|Hoopa-Unbound|
|poke|p1|Ceruledge, F|
|poke|p1|Great Tusk|
|poke|p1|Maushold|
|poke|p2|Gholdengo|
|poke|p2|Clodsire, M|
|poke|p2|Skarmory, F|
|poke|p2|Hariyama, F|
|poke|p2|Darkrai|
|poke|p2|Gliscor, F|
|teampreview
|inactive|Battle timer is ON: inactive players will automatically lose when time's up. (requested by Fusionhype1)
|inactive|Scrafty.YN has 120 seconds left.
|inactive|Fusionhype1 has 120 seconds left.
|inactive|Scrafty.YN has 90 seconds left.
|
|t:|1760725976
|teamsize|p1|6
|teamsize|p2|6
|start
|switch|p1a: Araquanid|Araquanid, F|100/100
|switch|p2a: Clodsire|Clodsire, M, shiny|100/100
|turn|1
|c|☆Fusionhype1|gl hf
|
|t:|1760725991
|move|p1a: Araquanid|Sticky Web|p2a: Clodsire
|-sidestart|p2: Scrafty.YN|move: Sticky Web
|move|p2a: Clodsire|Toxic|p1a: Araquanid
|-status|p1a: Araquanid|tox
|
|-damage|p1a: Araquanid|94/100 tox|[from] psn
|upkeep
|turn|2
|
|t:|1760726005
|move|p1a: Araquanid|Liquidation|p2a: Clodsire
|-immune|p2a: Clodsire|[from] ability: Water Absorb
|move|p2a: Clodsire|Stealth Rock|p1a: Araquanid
|-sidestart|p1: Fusionhype1|move: Stealth Rock
|
|-damage|p1a: Araquanid|82/100 tox|[from] psn
|upkeep
|turn|3
|
|t:|1760726032
|move|p1a: Araquanid|Liquidation|p2a: Clodsire
|-immune|p2a: Clodsire|[from] ability: Water Absorb
|move|p2a: Clodsire|Earthquake|p1a: Araquanid
|-resisted|p1a: Araquanid
|-damage|p1a: Araquanid|68/100 tox
|-enditem|p1a: Araquanid|Red Card|[of] p2a: Clodsire
|drag|p2a: Gliscor|Gliscor, F, shiny|100/100
|
|-damage|p1a: Araquanid|49/100 tox|[from] psn
|-status|p2a: Gliscor|tox|[from] item: Toxic Orb
|upkeep
|turn|4
|inactive|Scrafty.YN has 120 seconds left.
|
|t:|1760726048
|switch|p2a: Clodsire|Clodsire, M, shiny|100/100
|move|p1a: Araquanid|Liquidation|p2a: Clodsire
|-immune|p2a: Clodsire|[from] ability: Water Absorb
|
|-damage|p1a: Araquanid|25/100 tox|[from] psn
|upkeep
|turn|5
|
|t:|1760726056
|move|p1a: Araquanid|Liquidation|p2a: Clodsire
|-immune|p2a: Clodsire|[from] ability: Water Absorb
|move|p2a: Clodsire|Earthquake|p1a: Araquanid
|-resisted|p1a: Araquanid
|-damage|p1a: Araquanid|10/100 tox
|
|-damage|p1a: Araquanid|0 fnt|[from] psn
|faint|p1a: Araquanid
|upkeep
|
|t:|1760726065
|switch|p1a: Maushold|Maushold|100/100
|-damage|p1a: Maushold|88/100|[from] Stealth Rock
|turn|6
|
|t:|1760726070
|switch|p2a: Skarmory|Skarmory, F|100/100
|move|p1a: Maushold|Population Bomb|p2a: Skarmory
|-resisted|p2a: Skarmory
|-damage|p2a: Skarmory|97/100
|-damage|p1a: Maushold|71/100|[from] item: Rocky Helmet|[of] p2a: Skarmory
|-resisted|p2a: Skarmory
|-damage|p2a: Skarmory|93/100
|-damage|p1a: Maushold|55/100|[from] item: Rocky Helmet|[of] p2a: Skarmory
|-resisted|p2a: Skarmory
|-damage|p2a: Skarmory|90/100
|-damage|p1a: Maushold|38/100|[from] item: Rocky Helmet|[of] p2a: Skarmory
|-resisted|p2a: Skarmory
|-damage|p2a: Skarmory|86/100
|-damage|p1a: Maushold|22/100|[from] item: Rocky Helmet|[of] p2a: Skarmory
|-resisted|p2a: Skarmory
|-damage|p2a: Skarmory|83/100
|-damage|p1a: Maushold|5/100|[from] item: Rocky Helmet|[of] p2a: Skarmory
|-resisted|p2a: Skarmory
|-crit|p2a: Skarmory
|-damage|p2a: Skarmory|77/100
|-damage|p1a: Maushold|0 fnt|[from] item: Rocky Helmet|[of] p2a: Skarmory
|faint|p1a: Maushold
|-hitcount|p2a: Skarmory|6
|
|upkeep
|
|t:|1760726074
|switch|p1a: Thundurus|Thundurus-Therian, M|100/100
|-damage|p1a: Thundurus|76/100|[from] Stealth Rock
|turn|7
|
|t:|1760726090
|switch|p2a: Clodsire|Clodsire, M, shiny|100/100
|move|p1a: Thundurus|Swagger|p2a: Clodsire
|-boost|p2a: Clodsire|atk|2
|-start|p2a: Clodsire|confusion
|-enditem|p1a: Thundurus|Mirror Herb
|-boost|p1a: Thundurus|atk|2|[from] item: Mirror Herb
|
|upkeep
|turn|8
|
|t:|1760726098
|move|p1a: Thundurus|Acrobatics|p2a: Clodsire
|-damage|p2a: Clodsire|7/100
|-activate|p2a: Clodsire|confusion
|move|p2a: Clodsire|Toxic|p1a: Thundurus
|-status|p1a: Thundurus|tox
|
|-damage|p1a: Thundurus|70/100 tox|[from] psn
|upkeep
|turn|9
|
|t:|1760726104
|switch|p2a: Gliscor|Gliscor, F, shiny|100/100 tox
|move|p1a: Thundurus|Acrobatics|p2a: Gliscor
|-damage|p2a: Gliscor|55/100 tox
|
|-damage|p1a: Thundurus|58/100 tox|[from] psn
|-heal|p2a: Gliscor|67/100 tox|[from] ability: Poison Heal
|upkeep
|turn|10
|
|t:|1760726111
|move|p2a: Gliscor|Protect|p2a: Gliscor
|-singleturn|p2a: Gliscor|Protect
|move|p1a: Thundurus|Acrobatics|p2a: Gliscor
|-activate|p2a: Gliscor|move: Protect
|
|-damage|p1a: Thundurus|40/100 tox|[from] psn
|-heal|p2a: Gliscor|80/100 tox|[from] ability: Poison Heal
|upkeep
|turn|11
|
|t:|1760726120
|move|p1a: Thundurus|Thunderbolt|p2a: Gliscor
|-immune|p2a: Gliscor
|move|p2a: Gliscor|Knock Off|p1a: Thundurus
|-damage|p1a: Thundurus|17/100 tox
|
|-damage|p1a: Thundurus|0 fnt|[from] psn
|faint|p1a: Thundurus
|-heal|p2a: Gliscor|92/100 tox|[from] ability: Poison Heal
|upkeep
|
|t:|1760726131
|switch|p1a: Ceruledge|Ceruledge, F|100/100
|-damage|p1a: Ceruledge|76/100|[from] Stealth Rock
|turn|12
|
|t:|1760726140
|-terastallize|p1a: Ceruledge|Fighting
|move|p1a: Ceruledge|Swords Dance|p1a: Ceruledge
|-boost|p1a: Ceruledge|atk|2
|move|p2a: Gliscor|Earthquake|p1a: Ceruledge
|-damage|p1a: Ceruledge|26/100
|-ability|p1a: Ceruledge|Weak Armor|boost
|-unboost|p1a: Ceruledge|def|1
|-boost|p1a: Ceruledge|spe|2
|
|-heal|p2a: Gliscor|100/100 tox|[from] ability: Poison Heal
|upkeep
|turn|13
|
|t:|1760726147
|move|p1a: Ceruledge|Bitter Blade|p2a: Gliscor
|-damage|p2a: Gliscor|38/100 tox
|-heal|p1a: Ceruledge|64/100|[from] drain|[of] p2a: Gliscor
|move|p2a: Gliscor|Earthquake|p1a: Ceruledge
|-damage|p1a: Ceruledge|0 fnt
|faint|p1a: Ceruledge
|
|-heal|p2a: Gliscor|50/100 tox|[from] ability: Poison Heal
|upkeep
|
|t:|1760726156
|switch|p1a: Great Tusk|Great Tusk|100/100
|-damage|p1a: Great Tusk|98/100|[from] Stealth Rock
|-enditem|p1a: Great Tusk|Booster Energy
|-activate|p1a: Great Tusk|ability: Protosynthesis|[fromitem]
|-start|p1a: Great Tusk|protosynthesisspe
|turn|14
|
|t:|1760726162
|switch|p2a: Skarmory|Skarmory, F|77/100
|move|p1a: Great Tusk|Bulk Up|p1a: Great Tusk
|-boost|p1a: Great Tusk|atk|1
|-boost|p1a: Great Tusk|def|1
|
|upkeep
|turn|15
|
|t:|1760726167
|move|p1a: Great Tusk|Close Combat|p2a: Skarmory
|-damage|p2a: Skarmory|28/100
|-unboost|p1a: Great Tusk|def|1
|-unboost|p1a: Great Tusk|spd|1
|-damage|p1a: Great Tusk|81/100|[from] item: Rocky Helmet|[of] p2a: Skarmory
|move|p2a: Skarmory|Roar|p1a: Great Tusk
|-end|p1a: Great Tusk|Protosynthesis|[silent]
|drag|p1a: Hoopa|Hoopa-Unbound|100/100
|-damage|p1a: Hoopa|88/100|[from] Stealth Rock
|
|upkeep
|turn|16
|
|t:|1760726175
|switch|p2a: Clodsire|Clodsire, M, shiny|7/100
|move|p1a: Hoopa|Psychic|p2a: Clodsire
|-supereffective|p2a: Clodsire
|-damage|p2a: Clodsire|0 fnt
|faint|p2a: Clodsire
|-damage|p1a: Hoopa|78/100|[from] item: Life Orb
|
|upkeep
|
|t:|1760726181
|switch|p2a: Hariyama|Hariyama, F, shiny|100/100
|-activate|p2a: Hariyama|move: Sticky Web
|-unboost|p2a: Hariyama|spe|1
|turn|17
|
|t:|1760726189
|move|p1a: Hoopa|Psychic|p2a: Hariyama
|-supereffective|p2a: Hariyama
|-damage|p2a: Hariyama|27/100
|-damage|p1a: Hoopa|68/100|[from] item: Life Orb
|move|p2a: Hariyama|Drain Punch|p1a: Hoopa
|-damage|p1a: Hoopa|2/100
|-heal|p2a: Hariyama|48/100|[from] drain|[of] p1a: Hoopa
|
|upkeep
|turn|18
|l|☆Fusionhype1
|inactive|Fusionhype1 disconnected and has a minute to reconnect!
|player|p1|
|inactive|Fusionhype1 has 30 seconds to reconnect!
|inactive|Fusionhype1 has 20 seconds to reconnect!
|inactive|Fusionhype1 has 15 seconds to reconnect!
|inactive|Fusionhype1 has 10 seconds to reconnect!
|inactive|Fusionhype1 has 5 seconds to reconnect!
|-message|Fusionhype1 lost due to inactivity.
|
|win|Scrafty.YN
|raw|Fusionhype1's rating: 1234 &rarr; <strong>1211</strong><br />(-23 for losing)
|raw|Scrafty.YN's rating: 1260 &rarr; <strong>1283</strong><br />(+23 for winning)
