|j|☆Aceitope
|j|☆The Emster
|t:|1760723392
|gametype|singles
|player|p1|Aceitope|caitlin-masters|1390
|player|p2|The Emster|roxie|1314
|gen|9
|tier|[Gen 9] OU
|rated|
|rule|HP Percentage Mod: HP is shown in percentages
|rule|Endless Battle Clause: Forcing endless battles is banned
|rule|Species Clause: Limit one of each Pokémon
|rule|OHKO Clause: OHKO moves are banned
|rule|Evasion Items Clause: Evasion items are banned
|rule|Evasion Moves Clause: Evasion moves are banned
|rule|Evasion Abilities Clause: Evasion abilities are banned
|rule|Sleep Moves Clause: Sleep-inducing moves are banned
|clearpoke
|poke|p1|Mamoswine, F|
|poke|p1|Darkrai|
|poke|p1|Scizor, M|
|poke|p1|Hatterene, F|
|poke|p1|Heatran, M|
|poke|p1|Zamazenta-*|
|poke|p2|Araquanid, M|
|poke|p2|Excadrill, F|
|poke|p2|Thundurus-Therian, M|
|poke|p2|Rampardos, F|
|poke|p2|Chandelure, F|
|poke|p2|Alomomola, F|
|teampreview
|inactive|Battle timer is ON: inactive players will automatically lose when time's up. (requested by The Emster)
|c|☆The Emster|glhf ^^
|c|☆Aceitope|Glhf
|inactive|Aceitope has 120 seconds left.
|
|t:|1760723431
|teamsize|p1|6
|teamsize|p2|6
|start
|switch|p1a: Darkrai|Darkrai|100/100
|switch|p2a: Araquanid|Araquanid, M|100/100
|turn|1
|
|t:|1760723439
|move|p1a: Darkrai|Trick|p2a: Araquanid
|-activate|p1a: Darkrai|move: Trick|[of] p2a: Araquanid
|-item|p2a: Araquanid|Choice Scarf|[from] move: Trick
|-item|p1a: Darkrai|Heavy-Duty Boots|[from] move: Trick
|move|p2a: Araquanid|Sticky Web|p1a: Darkrai
|-sidestart|p1: Aceitope|move: Sticky Web
|
|upkeep
|turn|2
|
|t:|1760723448
|switch|p2a: Thundurus|Thundurus-Therian, M|100/100
|move|p1a: Darkrai|Focus Blast|p2a: Thundurus
|-resisted|p2a: Thundurus
|-damage|p2a: Thundurus|69/100
|
|upkeep
|turn|3
|
|t:|1760723454
|switch|p1a: Heatran|Heatran, M|100/100
|move|p2a: Thundurus|Focus Blast|p1a: Heatran
|-supereffective|p1a: Heatran
|-crit|p1a: Heatran
|-damage|p1a: Heatran|0 fnt
|faint|p1a: Heatran
|
|upkeep
|
|t:|1760723471
|switch|p1a: Hatterene|Hatterene, F|100/100
|-activate|p1a: Hatterene|move: Sticky Web
|-unboost|p1a: Hatterene|spe|1
|turn|4
|
|t:|1760723487
|move|p2a: Thundurus|Sludge Bomb|p1a: Hatterene
|-supereffective|p1a: Hatterene
|-crit|p1a: Hatterene
|-damage|p1a: Hatterene|0 fnt
|faint|p1a: Hatterene
|
|upkeep
|c|☆Aceitope|Was fun
|
|t:|1760723502
|switch|p1a: Mamoswine|Mamoswine, F|100/100
|-activate|p1a: Mamoswine|move: Sticky Web
|-unboost|p1a: Mamoswine|spe|1
|turn|5
|c|☆The Emster|huh :?
|
|t:|1760723511
|move|p1a: Mamoswine|Ice Shard|p2a: Thundurus
|-supereffective|p2a: Thundurus
|-damage|p2a: Thundurus|0 fnt
|faint|p2a: Thundurus
|
|upkeep
|
|t:|1760723520
|switch|p2a: Excadrill|Excadrill, F|100/100
|-ability|p2a: Excadrill|Mold Breaker
|turn|6
|
|t:|1760723528
|switch|p1a: Scizor|Scizor, M|100/100
|-activate|p1a: Scizor|move: Sticky Web
|-unboost|p1a: Scizor|spe|1
|move|p2a: Excadrill|Iron Head|p1a: Scizor
|-resisted|p1a: Scizor
|-damage|p1a: Scizor|78/100
|
|upkeep
|turn|7
|
|t:|1760723536
|move|p2a: Excadrill|Earthquake|p1a: Scizor
|-damage|p1a: Scizor|18/100
|-enditem|p1a: Scizor|Sitrus Berry|[eat]
|-heal|p1a: Scizor|43/100|[from] item: Sitrus Berry
|move|p1a: Scizor|Defog|p2a: Excadrill
|-unboost|p2a: Excadrill|evasion|1
|-sideend|p1: Aceitope|Sticky Web|[from] move: Defog|[of] p1a: Scizor
|
|upkeep
|turn|8
|
|t:|1760723544
|switch|p1a: Zamazenta|Zamazenta|100/100
|-ability|p1a: Zamazenta|Dauntless Shield|boost
|-boost|p1a: Zamazenta|def|1
|move|p2a: Excadrill|Earthquake|p1a: Zamazenta
|-damage|p1a: Zamazenta|66/100
|
|-heal|p1a: Zamazenta|72/100|[from] item: Leftovers
|upkeep
|turn|9
|
|t:|1760723554
|-terastallize|p2a: Excadrill|Ghost
|move|p1a: Zamazenta|Iron Defense|p1a: Zamazenta
|-boost|p1a: Zamazenta|def|2
|move|p2a: Excadrill|Rock Tomb|p1a: Zamazenta
|-resisted|p1a: Zamazenta
|-damage|p1a: Zamazenta|68/100
|-unboost|p1a: Zamazenta|spe|1
|
|-heal|p1a: Zamazenta|74/100|[from] item: Leftovers
|upkeep
|turn|10
|
|t:|1760723562
|move|p2a: Excadrill|Rock Tomb|p1a: Zamazenta
|-resisted|p1a: Zamazenta
|-damage|p1a: Zamazenta|69/100
|-unboost|p1a: Zamazenta|spe|1
|move|p1a: Zamazenta|Substitute|p1a: Zamazenta
|-start|p1a: Zamazenta|Substitute
|-damage|p1a: Zamazenta|44/100
|
|-heal|p1a: Zamazenta|51/100|[from] item: Leftovers
|upkeep
|turn|11
|
|t:|1760723572
|move|p2a: Excadrill|Earthquake|p1a: Zamazenta
|-activate|p1a: Zamazenta|move: Substitute|[damage]
|move|p1a: Zamazenta|Crunch|p2a: Excadrill
|-supereffective|p2a: Excadrill
|-damage|p2a: Excadrill|23/100
|
|-heal|p1a: Zamazenta|57/100|[from] item: Leftovers
|upkeep
|turn|12
|
|t:|1760723581
|move|p2a: Excadrill|Earthquake|p1a: Zamazenta
|-end|p1a: Zamazenta|Substitute
|move|p1a: Zamazenta|Crunch|p2a: Excadrill
|-supereffective|p2a: Excadrill
|-damage|p2a: Excadrill|0 fnt
|faint|p2a: Excadrill
|
|-heal|p1a: Zamazenta|63/100|[from] item: Leftovers
|upkeep
|
|t:|1760723585
|switch|p2a: Chandelure|Chandelure, F|100/100
|turn|13
|
|t:|1760723588
|switch|p1a: Scizor|Scizor, M|43/100
|move|p2a: Chandelure|Psychic|p1a: Scizor
|-resisted|p1a: Scizor
|-damage|p1a: Scizor|15/100
|-damage|p2a: Chandelure|91/100|[from] item: Life Orb
|
|upkeep
|turn|14
|
|t:|1760723595
|switch|p2a: Alomomola|Alomomola, F|100/100
|move|p1a: Scizor|Knock Off|p2a: Alomomola
|-damage|p2a: Alomomola|82/100
|-damage|p1a: Scizor|0 fnt|[from] item: Rocky Helmet|[of] p2a: Alomomola
|faint|p1a: Scizor
|
|upkeep
|
|t:|1760723615
|switch|p1a: Zamazenta|Zamazenta|63/100
|turn|15
|
|t:|1760723620
|move|p1a: Zamazenta|Substitute|p1a: Zamazenta
|-start|p1a: Zamazenta|Substitute
|-damage|p1a: Zamazenta|38/100
|move|p2a: Alomomola|Scald|p1a: Zamazenta
|-activate|p1a: Zamazenta|move: Substitute|[damage]
|
|-heal|p1a: Zamazenta|44/100|[from] item: Leftovers
|upkeep
|turn|16
|
|t:|1760723625
|move|p1a: Zamazenta|Iron Defense|p1a: Zamazenta
|-boost|p1a: Zamazenta|def|2
|move|p2a: Alomomola|Scald|p1a: Zamazenta
|-end|p1a: Zamazenta|Substitute
|
|-heal|p1a: Zamazenta|50/100|[from] item: Leftovers
|upkeep
|turn|17
|
|t:|1760723635
|move|p1a: Zamazenta|Iron Defense|p1a: Zamazenta
|-boost|p1a: Zamazenta|def|2
|move|p2a: Alomomola|Flip Turn|p1a: Zamazenta
|-damage|p1a: Zamazenta|45/100
|
|t:|1760723640
|switch|p2a: Araquanid|Araquanid, M|100/100|[from] Flip Turn
|
|-heal|p1a: Zamazenta|52/100|[from] item: Leftovers
|upkeep
|turn|18
|
|t:|1760723657
|move|p1a: Zamazenta|Iron Defense|p1a: Zamazenta
|-boost|p1a: Zamazenta|def|2
|move|p2a: Araquanid|Scary Face|p1a: Zamazenta
|-unboost|p1a: Zamazenta|spe|2
|
|-heal|p1a: Zamazenta|58/100|[from] item: Leftovers
|upkeep
|turn|19
|
|t:|1760723667
|switch|p2a: Alomomola|Alomomola, F|100/100
|move|p1a: Zamazenta|Substitute|p1a: Zamazenta
|-start|p1a: Zamazenta|Substitute
|-damage|p1a: Zamazenta|33/100
|
|-heal|p1a: Zamazenta|39/100|[from] item: Leftovers
|upkeep
|turn|20
|
|t:|1760723673
|move|p1a: Zamazenta|Body Press|p2a: Alomomola
|-damage|p2a: Alomomola|37/100
|-damage|p1a: Zamazenta|22/100|[from] item: Rocky Helmet|[of] p2a: Alomomola
|move|p2a: Alomomola|Scald|p1a: Zamazenta
|-activate|p1a: Zamazenta|move: Substitute|[damage]
|
|-heal|p1a: Zamazenta|28/100|[from] item: Leftovers
|upkeep
|turn|21
|
|t:|1760723684
|move|p2a: Alomomola|Protect|p2a: Alomomola
|-singleturn|p2a: Alomomola|Protect
|move|p1a: Zamazenta|Body Press|p2a: Alomomola
|-activate|p2a: Alomomola|move: Protect
|
|-heal|p1a: Zamazenta|35/100|[from] item: Leftovers
|upkeep
|turn|22
|
|t:|1760723691
|move|p1a: Zamazenta|Body Press|p2a: Alomomola
|-damage|p2a: Alomomola|0 fnt
|-damage|p1a: Zamazenta|18/100|[from] item: Rocky Helmet|[of] p2a: Alomomola
|faint|p2a: Alomomola
|
|-heal|p1a: Zamazenta|24/100|[from] item: Leftovers
|upkeep
|
|t:|1760723697
|switch|p2a: Araquanid|Araquanid, M|100/100
|turn|23
|
|t:|1760723701
|move|p1a: Zamazenta|Body Press|p2a: Araquanid
|-resisted|p2a: Araquanid
|-damage|p2a: Araquanid|18/100
|move|p2a: Araquanid|Sticky Web|p1a: Zamazenta
|-sidestart|p1: Aceitope|move: Sticky Web
|
|-heal|p1a: Zamazenta|30/100|[from] item: Leftovers
|upkeep
|turn|24
|
|t:|1760723706
|move|p1a: Zamazenta|Body Press|p2a: Araquanid
|-resisted|p2a: Araquanid
|-damage|p2a: Araquanid|0 fnt
|faint|p2a: Araquanid
|
|-heal|p1a: Zamazenta|36/100|[from] item: Leftovers
|upkeep
|
|t:|1760723714
|switch|p2a: Chandelure|Chandelure, F|91/100
|turn|25
|
|t:|1760723722
|move|p2a: Chandelure|Psychic|p1a: Zamazenta
|-supereffective|p1a: Zamazenta
|-end|p1a: Zamazenta|Substitute
|-damage|p2a: Chandelure|81/100|[from] item: Life Orb
|move|p1a: Zamazenta|Crunch|p2a: Chandelure
|-supereffective|p2a: Chandelure
|-damage|p2a: Chandelure|6/100
|
|-heal|p1a: Zamazenta|43/100|[from] item: Leftovers
|upkeep
|turn|26
|
|t:|1760723744
|-terastallize|p1a: Zamazenta|Steel
|move|p2a: Chandelure|Overheat|p1a: Zamazenta
|-supereffective|p1a: Zamazenta
|-damage|p1a: Zamazenta|0 fnt
|-unboost|p2a: Chandelure|spa|2
|faint|p1a: Zamazenta
|-damage|p2a: Chandelure|0 fnt|[from] item: Life Orb
|faint|p2a: Chandelure
|
|upkeep
|
|t:|1760723750
|switch|p1a: Mamoswine|Mamoswine, F|100/100
|switch|p2a: Rampardos|Rampardos, F|100/100
|-activate|p1a: Mamoswine|move: Sticky Web
|-unboost|p1a: Mamoswine|spe|1
|turn|27
|
|t:|1760723756
|move|p1a: Mamoswine|Ice Shard|p2a: Rampardos
|-damage|p2a: Rampardos|48/100
|move|p2a: Rampardos|Head Smash|p1a: Mamoswine|[miss]
|-miss|p2a: Rampardos|p1a: Mamoswine
|
|upkeep
|turn|28
|c|☆The Emster|whelp
|c|☆The Emster|ggs
|c|☆Aceitope|Gg's
|c|☆The Emster|when the accuracy check
|
|t:|1760723772
|move|p1a: Mamoswine|Ice Shard|p2a: Rampardos
|-damage|p2a: Rampardos|0 fnt
|faint|p2a: Rampardos
|
|win|Aceitope
|raw|Aceitope's rating: 1390 &rarr; <strong>1406</strong><br />(+16 for winning)
|raw|The Emster's rating: 1314 &rarr; <strong>1298</strong><br />(-16 for losing)
|l|☆The Emster
|player|p2|
|l|☆Aceitope
|player|p1|
