|j|☆imprisonpaulgeorge
|j|☆Jute main
|t:|1760723990
|gametype|singles
|player|p1|imprisonpaulgeorge|169|1389
|player|p2|Jute main|riley|1445
|gen|9
|tier|[Gen 9] OU
|rated|
|rule|HP Percentage Mod: HP is shown in percentages
|rule|Endless Battle Clause: Forcing endless battles is banned
|rule|Species Clause: Limit one of each Pokémon
|rule|OHKO Clause: OHKO moves are banned
|rule|Evasion Items Clause: Evasion items are banned
|rule|Evasion Moves Clause: Evasion moves are banned
|rule|Evasion Abilities Clause: Evasion abilities are banned
|rule|Sleep Moves Clause: Sleep-inducing moves are banned
|clearpoke
|poke|p1|Ting-Lu|
|poke|p1|Gliscor, F|
|poke|p1|Sinistcha-Masterpiece|
|poke|p1|Keldeo|
|poke|p1|Tinkaton, F|
|poke|p1|Dragonite, F|
|poke|p2|Kyurem|
|poke|p2|Primarina, F|
|poke|p2|Glimmora, M|
|poke|p2|Iron Crown|
|poke|p2|Ogerpon-Wellspring, F|
|poke|p2|Corviknight, F|
|teampreview
|inactive|Battle timer is ON: inactive players will automatically lose when time's up. (requested by imprisonpaulgeorge)
|c|☆Jute main|gl
|inactive|Jute main has 120 seconds left.
|
|t:|1760724026
|teamsize|p1|6
|teamsize|p2|6
|start
|switch|p1a: Tinkki Minaj|Tinkaton, F|100/100
|switch|p2a: Ogerpon|Ogerpon-Wellspring, F|100/100
|-ability|p1a: Tinkki Minaj|Mold Breaker
|-item|p1a: Tinkki Minaj|Air Balloon
|turn|1
|
|t:|1760724029
|move|p2a: Ogerpon|Substitute|p2a: Ogerpon
|-start|p2a: Ogerpon|Substitute
|-damage|p2a: Ogerpon|76/100
|move|p1a: Tinkki Minaj|Thunder Wave||[still]
|-fail|p1a: Tinkki Minaj
|
|upkeep
|turn|2
|
|t:|1760724033
|move|p2a: Ogerpon|Ivy Cudgel|p1a: Tinkki Minaj|[anim] Ivy Cudgel Water
|-damage|p1a: Tinkki Minaj|39/100
|-enditem|p1a: Tinkki Minaj|Air Balloon
|move|p1a: Tinkki Minaj|Encore|p2a: Ogerpon
|-start|p2a: Ogerpon|Encore
|
|upkeep
|turn|3
|
|t:|1760724038
|switch|p1a: Tchavis Scott|Sinistcha-Masterpiece|100/100
|move|p2a: Ogerpon|Ivy Cudgel|p1a: Tchavis Scott|[anim] Ivy Cudgel Water
|-resisted|p1a: Tchavis Scott
|-damage|p1a: Tchavis Scott|79/100
|
|upkeep
|turn|4
|
|t:|1760724047
|switch|p2a: Glimmora|Glimmora, M|100/100
|move|p1a: Tchavis Scott|Shadow Ball|p2a: Glimmora
|-damage|p2a: Glimmora|73/100
|
|upkeep
|turn|5
|
|t:|1760724052
|switch|p1a: Tinkki Minaj|Tinkaton, F|39/100
|-ability|p1a: Tinkki Minaj|Mold Breaker
|move|p2a: Glimmora|Sludge Wave|p1a: Tinkki Minaj
|-immune|p1a: Tinkki Minaj
|
|upkeep
|turn|6
|
|t:|1760724056
|move|p1a: Tinkki Minaj|Gigaton Hammer|p2a: Glimmora
|-supereffective|p2a: Glimmora
|-damage|p2a: Glimmora|0 fnt
|-activate|p2a: Glimmora|ability: Toxic Debris
|-sidestart|p1: imprisonpaulgeorge|move: Toxic Spikes
|faint|p2a: Glimmora
|
|upkeep
|
|t:|1760724064
|switch|p2a: Ogerpon|Ogerpon-Wellspring, F|76/100
|turn|7
|
|t:|1760724073
|move|p2a: Ogerpon|Ivy Cudgel|p1a: Tinkki Minaj|[anim] Ivy Cudgel Water
|-damage|p1a: Tinkki Minaj|0 fnt
|faint|p1a: Tinkki Minaj
|
|upkeep
|
|t:|1760724076
|switch|p1a: Tchavis Scott|Sinistcha-Masterpiece|79/100
|turn|8
|
|t:|1760724080
|move|p2a: Ogerpon|Knock Off|p1a: Tchavis Scott
|-supereffective|p1a: Tchavis Scott
|-damage|p1a: Tchavis Scott|28/100
|-enditem|p1a: Tchavis Scott|Heavy-Duty Boots|[from] move: Knock Off|[of] p2a: Ogerpon
|move|p1a: Tchavis Scott|Shadow Ball|p2a: Ogerpon
|-damage|p2a: Ogerpon|40/100
|
|upkeep
|turn|9
|
|t:|1760724089
|switch|p2a: Corviknight|Corviknight, F|100/100
|move|p1a: Tchavis Scott|Strength Sap|p2a: Corviknight
|-ability|p2a: Corviknight|Mirror Armor
|-unboost|p1a: Tchavis Scott|atk|1
|-heal|p1a: Tchavis Scott|89/100
|
|upkeep
|turn|10
|
|t:|1760724106
|switch|p1a: Dance Armstrong|Gliscor, F|100/100
|move|p2a: Corviknight|Bulk Up|p2a: Corviknight
|-boost|p2a: Corviknight|atk|1
|-boost|p2a: Corviknight|def|1
|
|-status|p1a: Dance Armstrong|tox|[from] item: Toxic Orb
|upkeep
|turn|11
|
|t:|1760724117
|move|p1a: Dance Armstrong|Knock Off|p2a: Corviknight
|-damage|p2a: Corviknight|92/100
|-damage|p1a: Dance Armstrong|84/100 tox|[from] item: Rocky Helmet|[of] p2a: Corviknight
|-enditem|p2a: Corviknight|Rocky Helmet|[from] move: Knock Off|[of] p1a: Dance Armstrong
|move|p2a: Corviknight|Bulk Up|p2a: Corviknight
|-boost|p2a: Corviknight|atk|1
|-boost|p2a: Corviknight|def|1
|
|-heal|p1a: Dance Armstrong|97/100 tox|[from] ability: Poison Heal
|upkeep
|turn|12
|
|t:|1760724130
|switch|p1a: Tchavis Scott|Sinistcha-Masterpiece|89/100
|-status|p1a: Tchavis Scott|psn
|move|p2a: Corviknight|Drill Peck|p1a: Tchavis Scott
|-supereffective|p1a: Tchavis Scott
|-damage|p1a: Tchavis Scott|28/100 psn
|
|-damage|p1a: Tchavis Scott|15/100 psn|[from] psn
|upkeep
|turn|13
|
|t:|1760724139
|move|p1a: Tchavis Scott|Strength Sap|p2a: Corviknight
|-ability|p2a: Corviknight|Mirror Armor
|-unboost|p1a: Tchavis Scott|atk|1
|-heal|p1a: Tchavis Scott|100/100 psn
|move|p2a: Corviknight|Drill Peck|p1a: Tchavis Scott
|-supereffective|p1a: Tchavis Scott
|-damage|p1a: Tchavis Scott|29/100 psn
|
|-damage|p1a: Tchavis Scott|17/100 psn|[from] psn
|upkeep
|turn|14
|
|t:|1760724145
|move|p1a: Tchavis Scott|Shadow Ball|p2a: Corviknight
|-damage|p2a: Corviknight|62/100
|move|p2a: Corviknight|Drill Peck|p1a: Tchavis Scott
|-supereffective|p1a: Tchavis Scott
|-damage|p1a: Tchavis Scott|0 fnt
|faint|p1a: Tchavis Scott
|
|upkeep
|
|t:|1760724148
|switch|p1a: My Little Pwny|Keldeo|100/100
|turn|15
|
|t:|1760724155
|switch|p2a: Primarina|Primarina, F|100/100
|-terastallize|p1a: My Little Pwny|Water
|move|p1a: My Little Pwny|Surf|p2a: Primarina
|-resisted|p2a: Primarina
|-damage|p2a: Primarina|71/100
|
|-heal|p2a: Primarina|77/100|[from] item: Leftovers
|upkeep
|turn|16
|-message|imprisonpaulgeorge forfeited.
|
|win|Jute main
|raw|imprisonpaulgeorge's rating: 1389 &rarr; <strong>1372</strong><br />(-17 for losing)
|raw|Jute main's rating: 1445 &rarr; <strong>1462</strong><br />(+17 for winning)
|l|☆imprisonpaulgeorge
|player|p1|
|l|☆Jute main
|player|p2|
