|j|☆elementpigeon
|j|☆moope
|t:|1760821335
|gametype|singles
|player|p1|elementpigeon|lady|1454
|player|p2|moope|miku-fairy|1400
|gen|9
|tier|[Gen 9] OU
|rated|
|rule|HP Percentage Mod: HP is shown in percentages
|rule|Endless Battle Clause: Forcing endless battles is banned
|rule|Species Clause: Limit one of each Pokémon
|rule|OHKO Clause: OHKO moves are banned
|rule|Evasion Items Clause: Evasion items are banned
|rule|Evasion Moves Clause: Evasion moves are banned
|rule|Evasion Abilities Clause: Evasion abilities are banned
|rule|Sleep Moves Clause: Sleep-inducing moves are banned
|clearpoke
|poke|p1|Dragonite, M|
|poke|p1|Gholdengo|
|poke|p1|Slowking-Galar, F|
|poke|p1|Kyurem|
|poke|p1|Great Tusk|
|poke|p1|Dragapult, M|
|poke|p2|Iron Hands|
|poke|p2|Cinderace, F|
|poke|p2|Sinistcha|
|poke|p2|Hatterene, F|
|poke|p2|Reuniclus, M|
|poke|p2|Hoopa-Unbound|
|teampreview
|inactive|Battle timer is ON: inactive players will automatically lose when time's up. (requested by elementpigeon)
|
|t:|1760821352
|teamsize|p1|6
|teamsize|p2|6
|start
|switch|p1a: Great Tusk|Great Tusk|100/100
|switch|p2a: Hatterene|Hatterene, F|100/100
|-enditem|p1a: Great Tusk|Booster Energy
|-activate|p1a: Great Tusk|ability: Protosynthesis|[fromitem]
|-start|p1a: Great Tusk|protosynthesisspe
|turn|1
|
|t:|1760821356
|move|p1a: Great Tusk|Headlong Rush|p2a: Hatterene
|-damage|p2a: Hatterene|47/100
|-unboost|p1a: Great Tusk|def|1
|-unboost|p1a: Great Tusk|spd|1
|move|p2a: Hatterene|Trick Room|p2a: Hatterene
|-fieldstart|move: Trick Room|[of] p2a: Hatterene
|
|upkeep
|turn|2
|
|t:|1760821359
|move|p2a: Hatterene|Psychic Noise|p1a: Great Tusk
|-supereffective|p1a: Great Tusk
|-damage|p1a: Great Tusk|0 fnt
|faint|p1a: Great Tusk
|-end|p1a: Great Tusk|Protosynthesis|[silent]
|
|upkeep
|
|t:|1760821366
|switch|p1a: Slowking|Slowking-Galar, F|100/100
|turn|3
|inactive|moope has 120 seconds left.
|
|t:|1760821404
|switch|p2a: da baby|Reuniclus, M|100/100
|move|p1a: Slowking|Sludge Bomb|p2a: da baby
|-crit|p2a: da baby
|-damage|p2a: da baby|66/100
|-status|p2a: da baby|psn
|
|upkeep
|turn|4
|
|t:|1760821408
|move|p2a: da baby|Psychic Noise|p1a: Slowking
|-damage|p1a: Slowking|85/100
|-start|p1a: Slowking|move: Heal Block
|move|p1a: Slowking|Psychic Noise|p2a: da baby
|-resisted|p2a: da baby
|-damage|p2a: da baby|56/100 psn
|-start|p2a: da baby|move: Heal Block
|
|upkeep
|turn|5
|
|t:|1760821414
|move|p2a: da baby|Knock Off|p1a: Slowking
|-supereffective|p1a: Slowking
|-damage|p1a: Slowking|42/100
|-enditem|p1a: Slowking|Assault Vest|[from] move: Knock Off|[of] p2a: da baby
|move|p1a: Slowking|Sludge Bomb|p2a: da baby
|-damage|p2a: da baby|35/100 psn
|
|-end|p2a: da baby|move: Heal Block
|-end|p1a: Slowking|move: Heal Block
|-fieldend|move: Trick Room
|upkeep
|turn|6
|
|t:|1760821432
|move|p1a: Slowking|Sludge Bomb|p2a: da baby
|-damage|p2a: da baby|13/100 psn
|move|p2a: da baby|Psychic Noise|p1a: Slowking
|-damage|p1a: Slowking|20/100
|-start|p1a: Slowking|move: Heal Block
|
|upkeep
|turn|7
|
|t:|1760821440
|switch|p2a: Cinder|Cinderace, F|100/100
|move|p1a: Slowking|Sludge Bomb|p2a: Cinder
|-damage|p2a: Cinder|50/100
|
|-end|p1a: Slowking|move: Heal Block
|upkeep
|turn|8
|
|t:|1760821443
|move|p2a: Cinder|U-turn|p1a: Slowking
|-start|p2a: Cinder|typechange|Bug|[from] ability: Libero
|-damage|p1a: Slowking|0 fnt
|faint|p1a: Slowking
|
|t:|1760821454
|switch|p2a: Hoopa|Hoopa-Unbound|100/100|[from] U-turn
|
|upkeep
|
|t:|1760821461
|switch|p1a: Kyurem|Kyurem|100/100
|-ability|p1a: Kyurem|Pressure
|turn|9
|
|t:|1760821468
|move|p1a: Kyurem|Icicle Spear|p2a: Hoopa
|-damage|p2a: Hoopa|85/100
|-damage|p2a: Hoopa|70/100
|-damage|p2a: Hoopa|57/100
|-damage|p2a: Hoopa|43/100
|-hitcount|p2a: Hoopa|4
|move|p2a: Hoopa|Trick Room|p2a: Hoopa
|-fieldstart|move: Trick Room|[of] p2a: Hoopa
|
|upkeep
|turn|10
|
|t:|1760821472
|move|p2a: Hoopa|Focus Blast|p1a: Kyurem|[miss]
|-miss|p2a: Hoopa|p1a: Kyurem
|move|p1a: Kyurem|Icicle Spear|p2a: Hoopa
|-damage|p2a: Hoopa|29/100
|-damage|p2a: Hoopa|16/100
|-damage|p2a: Hoopa|1/100
|-damage|p2a: Hoopa|0 fnt
|faint|p2a: Hoopa
|-hitcount|p2: Hoopa|4
|
|upkeep
|
|t:|1760821476
|switch|p2a: death punch|Iron Hands|100/100
|-enditem|p2a: death punch|Booster Energy
|-activate|p2a: death punch|ability: Quark Drive|[fromitem]
|-start|p2a: death punch|quarkdriveatk
|turn|11
|
|t:|1760821481
|switch|p1a: Gholdengo|Gholdengo|100/100
|-item|p1a: Gholdengo|Air Balloon
|move|p2a: death punch|Belly Drum|p2a: death punch
|-damage|p2a: death punch|51/100
|-setboost|p2a: death punch|atk|6|[from] move: Belly Drum
|
|upkeep
|turn|12
|
|t:|1760821486
|move|p2a: death punch|Thunder Punch|p1a: Gholdengo
|-damage|p1a: Gholdengo|0 fnt
|-enditem|p1a: Gholdengo|Air Balloon
|faint|p1a: Gholdengo
|
|upkeep
|
|t:|1760821494
|switch|p1a: Dragapult|Dragapult, M|100/100
|turn|13
|
|t:|1760821505
|move|p2a: death punch|Thunder Punch|p1a: Dragapult
|-resisted|p1a: Dragapult
|-damage|p1a: Dragapult|0 fnt
|faint|p1a: Dragapult
|
|-fieldend|move: Trick Room
|upkeep
|
|t:|1760821512
|switch|p1a: Kyurem|Kyurem|100/100
|-ability|p1a: Kyurem|Pressure
|turn|14
|
|t:|1760821522
|move|p1a: Kyurem|Earth Power|p2a: death punch
|-supereffective|p2a: death punch
|-damage|p2a: death punch|8/100
|move|p2a: death punch|Drain Punch|p1a: Kyurem
|-supereffective|p1a: Kyurem
|-damage|p1a: Kyurem|0 fnt
|-heal|p2a: death punch|52/100|[from] drain|[of] p1a: Kyurem
|faint|p1a: Kyurem
|
|upkeep
|
|t:|1760821525
|switch|p1a: Dragonite|Dragonite, M|100/100
|turn|15
|
|t:|1760821538
|-terastallize|p1a: Dragonite|Fairy
|-terastallize|p2a: death punch|Flying
|move|p1a: Dragonite|Tera Blast|p2a: death punch|[anim] Tera Blast Fairy
|-damage|p2a: death punch|23/100
|move|p2a: death punch|Ice Punch|p1a: Dragonite
|-crit|p1a: Dragonite
|-damage|p1a: Dragonite|1/100
|
|upkeep
|turn|16
|c|☆moope|gg
|
|t:|1760821543
|move|p1a: Dragonite|Tera Blast|p2a: death punch|[anim] Tera Blast Fairy
|-damage|p2a: death punch|0 fnt
|faint|p2a: death punch
|-end|p2a: death punch|Quark Drive|[silent]
|
|upkeep
|c|☆elementpigeon|gg
|
|t:|1760821548
|switch|p2a: Cinder|Cinderace, F|50/100
|turn|17
|
|t:|1760821550
|move|p2a: Cinder|Pyro Ball|p1a: Dragonite
|-damage|p1a: Dragonite|0 fnt
|faint|p1a: Dragonite
|
|win|moope
|raw|elementpigeon's rating: 1454 &rarr; <strong>1431</strong><br />(-23 for losing)
|raw|moope's rating: 1400 &rarr; <strong>1423</strong><br />(+23 for winning)
|l|☆elementpigeon
|player|p1|
|l|☆moope
|player|p2|
