|j|☆finnlavrai
|j|☆xELIt3x
|t:|1760778599
|gametype|singles
|player|p1|finnlavrai|roxie|1088
|player|p2|xELIt3x|riley|1109
|gen|9
|tier|[Gen 9] OU
|rated|
|rule|HP Percentage Mod: HP is shown in percentages
|rule|Endless Battle Clause: Forcing endless battles is banned
|rule|Species Clause: Limit one of each Pokémon
|rule|OHKO Clause: OHKO moves are banned
|rule|Evasion Items Clause: Evasion items are banned
|rule|Evasion Moves Clause: Evasion moves are banned
|rule|Evasion Abilities Clause: Evasion abilities are banned
|rule|Sleep Moves Clause: Sleep-inducing moves are banned
|clearpoke
|poke|p1|Pelipper, F|
|poke|p1|Kingdra, F|
|poke|p1|Barraskewda, F|
|poke|p1|Dragonite, F|
|poke|p1|Raging Bolt|
|poke|p1|Iron Treads|
|poke|p2|Iron Valiant|
|poke|p2|Landorus-Therian, M|
|poke|p2|Samurott-Hisui, F|
|poke|p2|Gholdengo|
|poke|p2|Slowking-Galar, M|
|poke|p2|Dragonite, F|
|teampreview
|inactive|Battle timer is ON: inactive players will automatically lose when time's up. (requested by finnlavrai)
|inactive|xELIt3x has 120 seconds left.
|
|t:|1760778648
|teamsize|p1|6
|teamsize|p2|6
|start
|switch|p1a: Iron Treads|Iron Treads|100/100
|switch|p2a: Samurott|Samurott-Hisui, F|100/100
|-enditem|p1a: Iron Treads|Booster Energy
|-activate|p1a: Iron Treads|ability: Quark Drive|[fromitem]
|-start|p1a: Iron Treads|quarkdrivespe
|turn|1
|
|t:|1760778669
|move|p1a: Iron Treads|Stealth Rock|p2a: Samurott
|-sidestart|p2: xELIt3x|move: Stealth Rock
|move|p2a: Samurott|Ceaseless Edge|p1a: Iron Treads
|-damage|p1a: Iron Treads|58/100
|-sidestart|p1: finnlavrai|Spikes
|
|upkeep
|turn|2
|
|t:|1760778679
|move|p1a: Iron Treads|Earth Power|p2a: Samurott
|-damage|p2a: Samurott|54/100
|move|p2a: Samurott|Razor Shell|p1a: Iron Treads|[miss]
|-miss|p2a: Samurott|p1a: Iron Treads
|
|upkeep
|turn|3
|
|t:|1760778685
|move|p1a: Iron Treads|Rapid Spin|p2a: Samurott
|-damage|p2a: Samurott|39/100
|-boost|p1a: Iron Treads|spe|1
|-sideend|p1: finnlavrai|Spikes|[from] move: Rapid Spin|[of] p1a: Iron Treads
|move|p2a: Samurott|Razor Shell|p1a: Iron Treads
|-supereffective|p1a: Iron Treads
|-damage|p1a: Iron Treads|0 fnt
|faint|p1a: Iron Treads
|-end|p1a: Iron Treads|Quark Drive|[silent]
|
|upkeep
|
|t:|1760778705
|switch|p1a: Barraskewda|Barraskewda, F|100/100
|turn|4
|inactive|finnlavrai has 120 seconds left.
|
|t:|1760778742
|move|p2a: Samurott|Sucker Punch|p1a: Barraskewda
|-damage|p1a: Barraskewda|27/100
|move|p1a: Barraskewda|Liquidation|p2a: Samurott
|-resisted|p2a: Samurott
|-damage|p2a: Samurott|0 fnt
|faint|p2a: Samurott
|-damage|p1a: Barraskewda|17/100|[from] item: Life Orb
|
|upkeep
|inactive|xELIt3x has 120 seconds left.
|
|t:|1760778769
|switch|p2a: Iron Valiant|Iron Valiant|100/100
|-damage|p2a: Iron Valiant|94/100|[from] Stealth Rock
|turn|5
|inactive|finnlavrai has 90 seconds left.
|
|t:|1760778807
|switch|p1a: Pelipper|Pelipper, F|100/100
|-weather|RainDance|[from] ability: Drizzle|[of] p1a: Pelipper
|move|p2a: Iron Valiant|Moonblast|p1a: Pelipper
|-damage|p1a: Pelipper|37/100
|-unboost|p1a: Pelipper|spa|1
|
|-weather|RainDance|[upkeep]
|upkeep
|turn|6
|inactive|finnlavrai has 90 seconds left.
|
|t:|1760778818
|switch|p1a: Dragonite|Dragonite, F|100/100
|move|p2a: Iron Valiant|Moonblast|p1a: Dragonite
|-supereffective|p1a: Dragonite
|-damage|p1a: Dragonite|48/100
|
|-weather|RainDance|[upkeep]
|upkeep
|turn|7
|
|t:|1760778821
|move|p2a: Iron Valiant|Moonblast|p1a: Dragonite
|-supereffective|p1a: Dragonite
|-damage|p1a: Dragonite|0 fnt
|faint|p1a: Dragonite
|
|-weather|RainDance|[upkeep]
|upkeep
|inactive|finnlavrai has 90 seconds left.
|n|!finnlavrai|finnlavrai
|
|t:|1760778854
|switch|p1a: Kingdra|Kingdra, F|100/100
|turn|8
|
|t:|1760778862
|move|p2a: Iron Valiant|Moonblast|p1a: Kingdra
|-supereffective|p1a: Kingdra
|-damage|p1a: Kingdra|0 fnt
|faint|p1a: Kingdra
|
|-weather|RainDance|[upkeep]
|upkeep
|-message|finnlavrai forfeited.
|
|win|xELIt3x
