|j|☆Abracadaver
|j|☆Plea$eForfeit
|t:|1760828469
|gametype|singles
|player|p1|Abracadaver|koga|1473
|player|p2|Plea$eForfeit|steven|1450
|gen|9
|tier|[Gen 9] OU
|rated|
|rule|HP Percentage Mod: HP is shown in percentages
|rule|Endless Battle Clause: Forcing endless battles is banned
|rule|Species Clause: Limit one of each Pokémon
|rule|OHKO Clause: OHKO moves are banned
|rule|Evasion Items Clause: Evasion items are banned
|rule|Evasion Moves Clause: Evasion moves are banned
|rule|Evasion Abilities Clause: Evasion abilities are banned
|rule|Sleep Moves Clause: Sleep-inducing moves are banned
|clearpoke
|poke|p1|Dragonite, M|
|poke|p1|Ceruledge, F|
|poke|p1|Mimikyu, F|
|poke|p1|Umbreon, M|
|poke|p1|Zapdos|
|poke|p1|Gastrodon-East, M|
|poke|p2|Dragonite, F|
|poke|p2|Zamazenta-*|
|poke|p2|Landorus-Therian, M|
|poke|p2|Gholdengo|
|poke|p2|Darkrai|
|poke|p2|Hatterene, F|
|teampreview
|inactive|Battle timer is ON: inactive players will automatically lose when time's up. (requested by Abracadaver)
|
|t:|1760828478
|teamsize|p1|6
|teamsize|p2|6
|start
|switch|p1a: Gastrodon|Gastrodon-East, M, shiny|100/100
|switch|p2a: Landorus|Landorus-Therian, M|100/100
|-ability|p2a: Landorus|Intimidate|boost
|-unboost|p1a: Gastrodon|atk|1
|turn|1
|
|t:|1760828487
|move|p2a: Landorus|U-turn|p1a: Gastrodon
|-damage|p1a: Gastrodon|77/100
|
|t:|1760828489
|switch|p2a: Hatterene|Hatterene, F|100/100|[from] U-turn
|move|p1a: Gastrodon|Ice Beam|p2a: Hatterene
|-damage|p2a: Hatterene|84/100
|
|-heal|p1a: Gastrodon|84/100|[from] item: Leftovers
|upkeep
|turn|2
|
|t:|1760828502
|move|p1a: Gastrodon|Earth Power|p2a: Hatterene
|-damage|p2a: Hatterene|60/100
|move|p2a: Hatterene|Psyshock|p1a: Gastrodon
|-crit|p1a: Gastrodon
|-damage|p1a: Gastrodon|12/100
|
|-heal|p1a: Gastrodon|19/100|[from] item: Leftovers
|upkeep
|turn|3
|
|t:|1760828511
|move|p1a: Gastrodon|Recover|p1a: Gastrodon
|-heal|p1a: Gastrodon|69/100
|move|p2a: Hatterene|Draining Kiss|p1a: Gastrodon
|-damage|p1a: Gastrodon|47/100
|-heal|p2a: Hatterene|82/100|[from] drain|[of] p1a: Gastrodon
|
|-heal|p1a: Gastrodon|53/100|[from] item: Leftovers
|upkeep
|turn|4
|
|t:|1760828520
|move|p1a: Gastrodon|Recover|p1a: Gastrodon
|-heal|p1a: Gastrodon|100/100
|move|p2a: Hatterene|Psychic Noise|p1a: Gastrodon
|-damage|p1a: Gastrodon|64/100
|-start|p1a: Gastrodon|move: Heal Block
|
|upkeep
|turn|5
|
|t:|1760828529
|switch|p1a: Dragonite|Dragonite, M|100/100
|move|p2a: Hatterene|Draining Kiss|p1a: Dragonite
|-supereffective|p1a: Dragonite
|-damage|p1a: Dragonite|72/100
|-heal|p2a: Hatterene|100/100|[from] drain|[of] p1a: Dragonite
|-enditem|p1a: Dragonite|Weakness Policy
|-boost|p1a: Dragonite|atk|2|[from] item: Weakness Policy
|-boost|p1a: Dragonite|spa|2|[from] item: Weakness Policy
|
|upkeep
|turn|6
|
|t:|1760828543
|move|p1a: Dragonite|Earthquake|p2a: Hatterene
|-damage|p2a: Hatterene|10/100
|move|p2a: Hatterene|Draining Kiss|p1a: Dragonite
|-supereffective|p1a: Dragonite
|-damage|p1a: Dragonite|15/100
|-heal|p2a: Hatterene|54/100|[from] drain|[of] p1a: Dragonite
|
|upkeep
|turn|7
|
|t:|1760828551
|switch|p2a: Landorus|Landorus-Therian, M|100/100
|-ability|p2a: Landorus|Intimidate|boost
|-unboost|p1a: Dragonite|atk|1
|move|p1a: Dragonite|Ice Spinner|p2a: Landorus
|-supereffective|p2a: Landorus
|-damage|p2a: Landorus|0 fnt
|-damage|p1a: Dragonite|0 fnt|[from] item: Rocky Helmet|[of] p2a: Landorus
|faint|p2a: Landorus
|faint|p1a: Dragonite
|
|upkeep
|
|t:|1760828562
|switch|p1a: Ceruledge|Ceruledge, F|100/100
|switch|p2a: Darkrai|Darkrai|100/100
|turn|8
|
|t:|1760828572
|switch|p1a: Umbreon|Umbreon, M, shiny|100/100
|move|p2a: Darkrai|Dark Pulse|p1a: Umbreon
|-resisted|p1a: Umbreon
|-damage|p1a: Umbreon|90/100
|
|-heal|p1a: Umbreon|96/100|[from] item: Leftovers
|upkeep
|turn|9
|
|t:|1760828582
|switch|p1a: Ceruledge|Ceruledge, F|100/100
|move|p2a: Darkrai|Taunt|p1a: Ceruledge
|-start|p1a: Ceruledge|move: Taunt
|
|upkeep
|turn|10
|
|t:|1760828593
|-terastallize|p1a: Ceruledge|Fairy
|move|p2a: Darkrai|Dark Pulse|p1a: Ceruledge
|-resisted|p1a: Ceruledge
|-damage|p1a: Ceruledge|84/100
|move|p1a: Ceruledge|Bitter Blade|p2a: Darkrai
|-damage|p2a: Darkrai|45/100
|-heal|p1a: Ceruledge|100/100|[from] drain|[of] p2a: Darkrai
|
|upkeep
|turn|11
|
|t:|1760828609
|move|p2a: Darkrai|Will-O-Wisp|p1a: Ceruledge
|-start|p1a: Ceruledge|ability: Flash Fire
|move|p1a: Ceruledge|Bitter Blade|p2a: Darkrai
|-damage|p2a: Darkrai|0 fnt
|faint|p2a: Darkrai
|
|-end|p1a: Ceruledge|move: Taunt
|upkeep
|
|t:|1760828620
|switch|p2a: Dragonite|Dragonite, F|100/100
|turn|12
|
|t:|1760828625
|-terastallize|p2a: Dragonite|Flying
|move|p2a: Dragonite|Dragon Dance|p2a: Dragonite
|-boost|p2a: Dragonite|atk|1
|-boost|p2a: Dragonite|spe|1
|move|p1a: Ceruledge|Poltergeist|p2a: Dragonite|[miss]
|-miss|p1a: Ceruledge|p2a: Dragonite
|
|upkeep
|turn|13
|
|t:|1760828635
|move|p2a: Dragonite|Dragon Dance|p2a: Dragonite
|-boost|p2a: Dragonite|atk|1
|-boost|p2a: Dragonite|spe|1
|move|p1a: Ceruledge|Bitter Blade|p2a: Dragonite
|-damage|p2a: Dragonite|61/100
|
|upkeep
|turn|14
|
|t:|1760828647
|move|p1a: Ceruledge|Shadow Sneak|p2a: Dragonite
|-damage|p2a: Dragonite|40/100
|move|p2a: Dragonite|Tera Blast|p1a: Ceruledge|[anim] Tera Blast Flying
|-damage|p1a: Ceruledge|0 fnt
|faint|p1a: Ceruledge
|
|upkeep
|
|t:|1760828656
|switch|p1a: Mimikyu|Mimikyu, F|100/100
|turn|15
|
|t:|1760828661
|move|p2a: Dragonite|Tera Blast|p1a: Mimikyu|[anim] Tera Blast Flying
|-activate|p1a: Mimikyu|ability: Disguise
|-damage|p1a: Mimikyu|100/100
|detailschange|p1a: Mimikyu|Mimikyu-Busted, F
|-damage|p1a: Mimikyu|88/100|[from] pokemon: Mimikyu-Busted
|move|p1a: Mimikyu|Play Rough|p2a: Dragonite
|-damage|p2a: Dragonite|0 fnt
|faint|p2a: Dragonite
|-damage|p1a: Mimikyu|78/100|[from] item: Life Orb
|
|upkeep
|
|t:|1760828669
|switch|p2a: Gholdengo|Gholdengo|100/100
|turn|16
|
|t:|1760828677
|move|p1a: Mimikyu|Swords Dance|p1a: Mimikyu
|-boost|p1a: Mimikyu|atk|2
|move|p2a: Gholdengo|Make It Rain|p1a: Mimikyu
|-supereffective|p1a: Mimikyu
|-damage|p1a: Mimikyu|0 fnt
|-unboost|p2a: Gholdengo|spa|1
|faint|p1a: Mimikyu
|
|upkeep
|
|t:|1760828688
|switch|p1a: Zapdos|Zapdos|100/100
|turn|17
|
|t:|1760828691
|switch|p2a: Hatterene|Hatterene, F|54/100
|move|p1a: Zapdos|Thunderbolt|p2a: Hatterene
|-damage|p2a: Hatterene|25/100
|
|upkeep
|turn|18
|
|t:|1760828697
|move|p1a: Zapdos|Thunderbolt|p2a: Hatterene
|-damage|p2a: Hatterene|0 fnt
|faint|p2a: Hatterene
|
|upkeep
|
|t:|1760828703
|switch|p2a: Zamazenta|Zamazenta|100/100
|-ability|p2a: Zamazenta|Dauntless Shield|boost
|-boost|p2a: Zamazenta|def|1
|turn|19
|
|t:|1760828708
|move|p2a: Zamazenta|Iron Defense|p2a: Zamazenta
|-boost|p2a: Zamazenta|def|2
|move|p1a: Zapdos|Hurricane|p2a: Zamazenta|[miss]
|-miss|p1a: Zapdos|p2a: Zamazenta
|
|upkeep
|turn|20
|
|t:|1760828715
|move|p2a: Zamazenta|Body Press|p1a: Zapdos
|-resisted|p1a: Zapdos
|-damage|p1a: Zapdos|49/100
|move|p1a: Zapdos|Hurricane|p2a: Zamazenta
|-supereffective|p2a: Zamazenta
|-damage|p2a: Zamazenta|0 fnt
|faint|p2a: Zamazenta
|
|upkeep
|
|t:|1760828719
|switch|p2a: Gholdengo|Gholdengo|100/100
|turn|21
|
|t:|1760828726
|move|p2a: Gholdengo|Nasty Plot|p2a: Gholdengo
|-boost|p2a: Gholdengo|spa|2
|move|p1a: Zapdos|Heat Wave|p2a: Gholdengo
|-supereffective|p2a: Gholdengo
|-damage|p2a: Gholdengo|19/100
|-status|p2a: Gholdengo|brn
|
|-damage|p2a: Gholdengo|13/100 brn|[from] brn
|upkeep
|turn|22
|
|t:|1760828737
|move|p2a: Gholdengo|Thunderbolt|p1a: Zapdos
|-damage|p1a: Zapdos|0 fnt
|faint|p1a: Zapdos
|
|-damage|p2a: Gholdengo|7/100 brn|[from] brn
|upkeep
|
|t:|1760828744
|switch|p1a: Gastrodon|Gastrodon-East, M, shiny|64/100
|turn|23
|
|t:|1760828748
|move|p2a: Gholdengo|Make It Rain|p1a: Gastrodon
|-resisted|p1a: Gastrodon
|-crit|p1a: Gastrodon
|-damage|p1a: Gastrodon|0 fnt
|-unboost|p2a: Gholdengo|spa|1
|faint|p1a: Gastrodon
|
|-damage|p2a: Gholdengo|1/100 brn|[from] brn
|upkeep
|
|t:|1760828758
|switch|p1a: Umbreon|Umbreon, M, shiny|96/100
|turn|24
|
|t:|1760828764
|move|p2a: Gholdengo|Recover|p2a: Gholdengo
|-heal|p2a: Gholdengo|51/100 brn
|move|p1a: Umbreon|Foul Play|p2a: Gholdengo
|-supereffective|p2a: Gholdengo
|-damage|p2a: Gholdengo|20/100 brn
|
|-heal|p1a: Umbreon|100/100|[from] item: Leftovers
|-damage|p2a: Gholdengo|14/100 brn|[from] brn
|upkeep
|turn|25
|
|t:|1760828773
|move|p2a: Gholdengo|Recover|p2a: Gholdengo
|-heal|p2a: Gholdengo|64/100 brn
|move|p1a: Umbreon|Foul Play|p2a: Gholdengo
|-supereffective|p2a: Gholdengo
|-damage|p2a: Gholdengo|31/100 brn
|
|-damage|p2a: Gholdengo|25/100 brn|[from] brn
|upkeep
|turn|26
|
|t:|1760828782
|move|p2a: Gholdengo|Recover|p2a: Gholdengo
|-heal|p2a: Gholdengo|75/100 brn
|move|p1a: Umbreon|Foul Play|p2a: Gholdengo
|-supereffective|p2a: Gholdengo
|-damage|p2a: Gholdengo|43/100 brn
|
|-damage|p2a: Gholdengo|37/100 brn|[from] brn
|upkeep
|turn|27
|
|t:|1760828790
|move|p2a: Gholdengo|Recover|p2a: Gholdengo
|-heal|p2a: Gholdengo|87/100 brn
|move|p1a: Umbreon|Foul Play|p2a: Gholdengo
|-supereffective|p2a: Gholdengo
|-damage|p2a: Gholdengo|55/100 brn
|
|-damage|p2a: Gholdengo|49/100 brn|[from] brn
|upkeep
|turn|28
|
|t:|1760828799
|move|p2a: Gholdengo|Nasty Plot|p2a: Gholdengo
|-boost|p2a: Gholdengo|spa|2
|move|p1a: Umbreon|Foul Play|p2a: Gholdengo
|-supereffective|p2a: Gholdengo
|-damage|p2a: Gholdengo|16/100 brn
|
|-damage|p2a: Gholdengo|9/100 brn|[from] brn
|upkeep
|turn|29
|
|t:|1760828808
|move|p2a: Gholdengo|Recover|p2a: Gholdengo
|-heal|p2a: Gholdengo|60/100 brn
|move|p1a: Umbreon|Foul Play|p2a: Gholdengo
|-supereffective|p2a: Gholdengo
|-damage|p2a: Gholdengo|25/100 brn
|
|-damage|p2a: Gholdengo|19/100 brn|[from] brn
|upkeep
|turn|30
|
|t:|1760828816
|move|p2a: Gholdengo|Recover|p2a: Gholdengo
|-heal|p2a: Gholdengo|69/100 brn
|move|p1a: Umbreon|Foul Play|p2a: Gholdengo
|-supereffective|p2a: Gholdengo
|-damage|p2a: Gholdengo|35/100 brn
|
|-damage|p2a: Gholdengo|29/100 brn|[from] brn
|upkeep
|turn|31
|
|t:|1760828824
|move|p2a: Gholdengo|Recover|p2a: Gholdengo
|-heal|p2a: Gholdengo|79/100 brn
|move|p1a: Umbreon|Foul Play|p2a: Gholdengo
|-supereffective|p2a: Gholdengo
|-crit|p2a: Gholdengo
|-damage|p2a: Gholdengo|34/100 brn
|
|-damage|p2a: Gholdengo|27/100 brn|[from] brn
|upkeep
|turn|32
|
|t:|1760828833
|move|p2a: Gholdengo|Recover|p2a: Gholdengo
|-heal|p2a: Gholdengo|78/100 brn
|move|p1a: Umbreon|Wish|p1a: Umbreon
|
|-damage|p2a: Gholdengo|72/100 brn|[from] brn
|upkeep
|turn|33
|
|t:|1760828842
|move|p2a: Gholdengo|Nasty Plot|p2a: Gholdengo
|-boost|p2a: Gholdengo|spa|2
|move|p1a: Umbreon|Foul Play|p2a: Gholdengo
|-supereffective|p2a: Gholdengo
|-damage|p2a: Gholdengo|38/100 brn
|
|-damage|p2a: Gholdengo|32/100 brn|[from] brn
|upkeep
|turn|34
|
|t:|1760828851
|move|p2a: Gholdengo|Make It Rain|p1a: Umbreon
|-damage|p1a: Umbreon|0 fnt
|-unboost|p2a: Gholdengo|spa|1
|faint|p1a: Umbreon
|
|win|Plea$eForfeit
|raw|Abracadaver's rating: 1473 &rarr; <strong>1452</strong><br />(-21 for losing)
|raw|Plea$eForfeit's rating: 1450 &rarr; <strong>1471</strong><br />(+21 for winning)
|l|☆Plea$eForfeit
|player|p2|
|l|☆Abracadaver
|player|p1|
