|j|☆crackstone
|j|☆Godislaw
|t:|1760720422
|gametype|singles
|player|p1|crackstone|169|1287
|player|p2|Godislaw|2|1332
|gen|9
|tier|[Gen 9] OU
|rated|
|rule|HP Percentage Mod: HP is shown in percentages
|rule|Endless Battle Clause: Forcing endless battles is banned
|rule|Species Clause: Limit one of each Pokémon
|rule|OHKO Clause: OHKO moves are banned
|rule|Evasion Items Clause: Evasion items are banned
|rule|Evasion Moves Clause: Evasion moves are banned
|rule|Evasion Abilities Clause: Evasion abilities are banned
|rule|Sleep Moves Clause: Sleep-inducing moves are banned
|clearpoke
|poke|p1|Kingambit, M|
|poke|p1|Dragapult, F|
|poke|p1|Ting-Lu|
|poke|p1|Keldeo|
|poke|p1|Iron Moth|
|poke|p1|Clefable, F|
|poke|p2|Darkrai|
|poke|p2|Galvantula, F|
|poke|p2|Garchomp, M|
|poke|p2|Dusclops, M|
|poke|p2|Skeledirge, F|
|poke|p2|Ogerpon-Wellspring, F|
|teampreview
|inactive|Battle timer is ON: inactive players will automatically lose when time's up. (requested by crackstone)
|
|t:|1760720439
|teamsize|p1|6
|teamsize|p2|6
|start
|switch|p1a: Ting-Lu|Ting-Lu|100/100
|switch|p2a: Galvantula|Galvantula, F, shiny|100/100
|-ability|p1a: Ting-Lu|Vessel of Ruin
|turn|1
|
|t:|1760720447
|move|p2a: Galvantula|Bug Buzz|p1a: Ting-Lu
|-supereffective|p1a: Ting-Lu
|-damage|p1a: Ting-Lu|58/100
|move|p1a: Ting-Lu|Stealth Rock|p2a: Galvantula
|-sidestart|p2: Godislaw|move: Stealth Rock
|
|-heal|p1a: Ting-Lu|65/100|[from] item: Leftovers
|upkeep
|turn|2
|
|t:|1760720455
|move|p2a: Galvantula|Sticky Web|p1a: Ting-Lu
|-sidestart|p1: crackstone|move: Sticky Web
|move|p1a: Ting-Lu|Spikes|p2a: Galvantula
|-sidestart|p2: Godislaw|Spikes
|
|-heal|p1a: Ting-Lu|71/100|[from] item: Leftovers
|upkeep
|turn|3
|
|t:|1760720461
|move|p2a: Galvantula|Bug Buzz|p1a: Ting-Lu
|-supereffective|p1a: Ting-Lu
|-damage|p1a: Ting-Lu|32/100
|move|p1a: Ting-Lu|Whirlwind|p2a: Galvantula
|drag|p2a: Darkrai|Darkrai, shiny|100/100
|
|-heal|p1a: Ting-Lu|38/100|[from] item: Leftovers
|upkeep
|turn|4
|
|t:|1760720471
|move|p2a: Darkrai|Nasty Plot|p2a: Darkrai
|-boost|p2a: Darkrai|spa|2
|move|p1a: Ting-Lu|Spikes|p2a: Darkrai
|-sidestart|p2: Godislaw|Spikes
|
|-heal|p1a: Ting-Lu|44/100|[from] item: Leftovers
|upkeep
|turn|5
|
|t:|1760720479
|move|p2a: Darkrai|Ice Beam|p1a: Ting-Lu
|-supereffective|p1a: Ting-Lu
|-damage|p1a: Ting-Lu|0 fnt
|faint|p1a: Ting-Lu
|
|upkeep
|
|t:|1760720486
|switch|p1a: Keldeo|Keldeo, shiny|100/100
|turn|6
|
|t:|1760720492
|-terastallize|p2a: Darkrai|Poison
|move|p2a: Darkrai|Sludge Bomb|p1a: Keldeo
|-damage|p1a: Keldeo|0 fnt
|faint|p1a: Keldeo
|
|upkeep
|
|t:|1760720507
|switch|p1a: Meruem|Kingambit, M|100/100
|-activate|p1a: Meruem|move: Sticky Web
|-unboost|p1a: Meruem|spe|1
|-activate|p1a: Meruem|ability: Supreme Overlord
|-start|p1a: Meruem|fallen2|[silent]
|turn|7
|inactive|Godislaw has 120 seconds left.
|
|t:|1760720549
|move|p2a: Darkrai|Dark Pulse|p1a: Meruem
|-resisted|p1a: Meruem
|-damage|p1a: Meruem|56/100
|move|p1a: Meruem|Iron Head|p2a: Darkrai
|-damage|p2a: Darkrai|27/100
|
|-heal|p1a: Meruem|62/100|[from] item: Leftovers
|upkeep
|turn|8
|
|t:|1760720564
|switch|p2a: Galvantula|Galvantula, F, shiny|100/100
|-damage|p2a: Galvantula|76/100|[from] Stealth Rock
|-damage|p2a: Galvantula|59/100|[from] Spikes
|move|p1a: Meruem|Low Kick|p2a: Galvantula
|-resisted|p2a: Galvantula
|-damage|p2a: Galvantula|43/100
|
|-heal|p1a: Meruem|68/100|[from] item: Leftovers
|upkeep
|turn|9
|inactive|Godislaw has 120 seconds left.
|inactive|Godislaw has 90 seconds left.
|
|t:|1760720615
|move|p1a: Meruem|Sucker Punch|p2a: Galvantula
|-damage|p2a: Galvantula|0 fnt
|faint|p2a: Galvantula
|
|-heal|p1a: Meruem|74/100|[from] item: Leftovers
|upkeep
|
|t:|1760720623
|switch|p2a: Skeledirge|Skeledirge, F, shiny|100/100
|-damage|p2a: Skeledirge|75/100|[from] Stealth Rock
|-damage|p2a: Skeledirge|59/100|[from] Spikes
|turn|10
|inactive|crackstone has 120 seconds left.
|
|t:|1760720656
|move|p1a: Meruem|Sucker Punch||[still]
|-fail|p1a: Meruem
|move|p2a: Skeledirge|Will-O-Wisp|p1a: Meruem
|-status|p1a: Meruem|brn
|
|-heal|p1a: Meruem|80/100 brn|[from] item: Leftovers
|-damage|p1a: Meruem|74/100 brn|[from] brn
|upkeep
|turn|11
|
|t:|1760720667
|-end|p1a: Meruem|fallen2|[silent]
|switch|p1a: Anomаly|Iron Moth|100/100
|-activate|p1a: Anomаly|move: Sticky Web
|-unboost|p1a: Anomаly|spe|1
|-enditem|p1a: Anomаly|Booster Energy
|-activate|p1a: Anomаly|ability: Quark Drive|[fromitem]
|-start|p1a: Anomаly|quarkdrivespa
|move|p2a: Skeledirge|Torch Song|p1a: Anomаly
|-resisted|p1a: Anomаly
|-damage|p1a: Anomаly|85/100
|-boost|p2a: Skeledirge|spa|1
|
|upkeep
|turn|12
|inactive|crackstone has 120 seconds left.
|
|t:|1760720685
|-terastallize|p1a: Anomаly|Ground
|move|p1a: Anomаly|Tera Blast|p2a: Skeledirge|[anim] Tera Blast Ground
|-supereffective|p2a: Skeledirge
|-damage|p2a: Skeledirge|0 fnt
|faint|p2a: Skeledirge
|
|upkeep
|
|t:|1760720695
|switch|p2a: Darkrai|Darkrai, shiny, tera:Poison|27/100
|turn|13
|
|t:|1760720706
|move|p2a: Darkrai|Ice Beam|p1a: Anomаly
|-supereffective|p1a: Anomаly
|-damage|p1a: Anomаly|15/100
|move|p1a: Anomаly|Fiery Dance|p2a: Darkrai
|-damage|p2a: Darkrai|0 fnt
|-boost|p1a: Anomаly|spa|1
|faint|p2a: Darkrai
|
|upkeep
|
|t:|1760720717
|switch|p2a: Ogerpon|Ogerpon-Wellspring, F|100/100
|-damage|p2a: Ogerpon|88/100|[from] Stealth Rock
|-damage|p2a: Ogerpon|72/100|[from] Spikes
|turn|14
|
|t:|1760720737
|move|p2a: Ogerpon|Ivy Cudgel|p1a: Anomаly|[anim] Ivy Cudgel Water
|-supereffective|p1a: Anomаly
|-damage|p1a: Anomаly|0 fnt
|faint|p1a: Anomаly
|-end|p1a: Anomаly|Quark Drive|[silent]
|
|upkeep
|
|t:|1760720742
|switch|p1a: Clefable|Clefable, F|100/100
|-activate|p1a: Clefable|move: Sticky Web
|-unboost|p1a: Clefable|spe|1
|turn|15
|
|t:|1760720750
|move|p2a: Ogerpon|Swords Dance|p2a: Ogerpon
|-boost|p2a: Ogerpon|atk|2
|move|p1a: Clefable|Moonblast|p2a: Ogerpon
|-damage|p2a: Ogerpon|3/100
|
|upkeep
|turn|16
|inactive|Godislaw has 90 seconds left.
|
|t:|1760720756
|switch|p1a: Meruem|Kingambit, M|74/100 brn
|-activate|p1a: Meruem|move: Sticky Web
|-unboost|p1a: Meruem|spe|1
|-activate|p1a: Meruem|ability: Supreme Overlord
|-start|p1a: Meruem|fallen3|[silent]
|move|p2a: Ogerpon|Horn Leech|p1a: Meruem
|-resisted|p1a: Meruem
|-damage|p1a: Meruem|38/100 brn
|-heal|p2a: Ogerpon|26/100|[from] drain|[of] p1a: Meruem
|
|-heal|p1a: Meruem|44/100 brn|[from] item: Leftovers
|-damage|p1a: Meruem|38/100 brn|[from] brn
|upkeep
|turn|17
|inactive|Godislaw has 90 seconds left.
|
|t:|1760720770
|move|p1a: Meruem|Sucker Punch||[still]
|-fail|p1a: Meruem
|move|p2a: Ogerpon|Swords Dance|p2a: Ogerpon
|-boost|p2a: Ogerpon|atk|2
|
|-heal|p1a: Meruem|44/100 brn|[from] item: Leftovers
|-damage|p1a: Meruem|38/100 brn|[from] brn
|upkeep
|turn|18
|
|t:|1760720779
|move|p1a: Meruem|Sucker Punch||[still]
|-fail|p1a: Meruem
|move|p2a: Ogerpon|Swords Dance|p2a: Ogerpon
|-boost|p2a: Ogerpon|atk|2
|
|-heal|p1a: Meruem|44/100 brn|[from] item: Leftovers
|-damage|p1a: Meruem|38/100 brn|[from] brn
|upkeep
|turn|19
|
|t:|1760720788
|move|p1a: Meruem|Sucker Punch|p2a: Ogerpon
|-damage|p2a: Ogerpon|0 fnt
|faint|p2a: Ogerpon
|
|-heal|p1a: Meruem|44/100 brn|[from] item: Leftovers
|-damage|p1a: Meruem|38/100 brn|[from] brn
|upkeep
|
|t:|1760720796
|switch|p2a: Garchomp|Garchomp, M|100/100
|-damage|p2a: Garchomp|94/100|[from] Stealth Rock
|-damage|p2a: Garchomp|78/100|[from] Spikes
|turn|20
|
|t:|1760720808
|move|p2a: Garchomp|Scale Shot|p1a: Meruem
|-resisted|p1a: Meruem
|-damage|p1a: Meruem|33/100 brn
|-resisted|p1a: Meruem
|-damage|p1a: Meruem|28/100 brn
|-resisted|p1a: Meruem
|-damage|p1a: Meruem|23/100 brn
|-resisted|p1a: Meruem
|-damage|p1a: Meruem|18/100 brn
|-hitcount|p1a: Meruem|4
|-unboost|p2a: Garchomp|def|1
|-boost|p2a: Garchomp|spe|1
|move|p1a: Meruem|Iron Head|p2a: Garchomp
|-damage|p2a: Garchomp|32/100
|-damage|p1a: Meruem|5/100 brn|[from] ability: Rough Skin|[of] p2a: Garchomp
|
|-heal|p1a: Meruem|11/100 brn|[from] item: Leftovers
|-damage|p1a: Meruem|5/100 brn|[from] brn
|upkeep
|turn|21
|inactive|Godislaw has 90 seconds left.
|
|t:|1760720832
|move|p2a: Garchomp|Swords Dance|p2a: Garchomp
|-boost|p2a: Garchomp|atk|2
|move|p1a: Meruem|Iron Head|p2a: Garchomp
|-damage|p2a: Garchomp|0 fnt
|-damage|p1a: Meruem|0 fnt|[from] ability: Rough Skin|[of] p2a: Garchomp
|faint|p2a: Garchomp
|faint|p1a: Meruem
|-end|p1a: Meruem|fallen3|[silent]
|
|upkeep
|inactive|Godislaw has 90 seconds left.
|
|t:|1760720848
|switch|p2a: Dusclops|Dusclops, M|100/100
|switch|p1a: Clefable|Clefable, F|100/100
|-activate|p1a: Clefable|move: Sticky Web
|-unboost|p1a: Clefable|spe|1
|-damage|p2a: Dusclops|88/100|[from] Stealth Rock
|-damage|p2a: Dusclops|72/100|[from] Spikes
|-item|p1a: Clefable|Life Orb|[from] ability: Frisk|[of] p2a: Dusclops
|turn|22
|
|t:|1760720863
|move|p1a: Clefable|Moonblast|p2a: Dusclops
|-damage|p2a: Dusclops|35/100
|-unboost|p2a: Dusclops|spa|1
|move|p2a: Dusclops|Will-O-Wisp|p1a: Clefable
|-status|p1a: Clefable|brn
|
|upkeep
|turn|23
|
|t:|1760720871
|move|p1a: Clefable|Moonblast|p2a: Dusclops
|-damage|p2a: Dusclops|0 fnt
|faint|p2a: Dusclops
|
|win|crackstone
|raw|crackstone's rating: 1287 &rarr; <strong>1315</strong><br />(+28 for winning)
|raw|Godislaw's rating: 1332 &rarr; <strong>1309</strong><br />(-23 for losing)
|l|☆Godislaw
|player|p2|
|l|☆crackstone
|player|p1|
