|j|☆Thuvania
|j|☆anko uguisu
|t:|1760775174
|gametype|singles
|player|p1|Thuvania|102|1086
|player|p2|anko uguisu|idol|1161
|gen|9
|tier|[Gen 9] OU
|rated|
|rule|HP Percentage Mod: HP is shown in percentages
|rule|Endless Battle Clause: Forcing endless battles is banned
|rule|Species Clause: Limit one of each Pokémon
|rule|OHKO Clause: OHKO moves are banned
|rule|Evasion Items Clause: Evasion items are banned
|rule|Evasion Moves Clause: Evasion moves are banned
|rule|Evasion Abilities Clause: Evasion abilities are banned
|rule|Sleep Moves Clause: Sleep-inducing moves are banned
|clearpoke
|poke|p1|Pelipper, F|
|poke|p1|Latias, F|
|poke|p1|Pecharunt|
|poke|p2|Brambleghast, F|
|poke|p2|Golem, M|
|poke|p2|Bronzong|
|poke|p2|Tentacruel, M|
|poke|p2|Grimmsnarl, M|
|poke|p2|Rotom-Heat|
|teampreview
|inactive|Battle timer is ON: inactive players will automatically lose when time's up. (requested by Thuvania)
|
|t:|1760775183
|teamsize|p1|3
|teamsize|p2|6
|start
|switch|p1a: Pelipper|Pelipper, F|100/100
|switch|p2a: Rotom|Rotom-Heat|100/100
|-weather|RainDance|[from] ability: Drizzle|[of] p1a: Pelipper
|turn|1
|
|t:|1760775202
|switch|p1a: Latias|Latias, F|100/100
|move|p2a: Rotom|Volt Switch|p1a: Latias
|-resisted|p1a: Latias
|-damage|p1a: Latias|88/100
|
|t:|1760775210
|switch|p2a: Brambleghast|Brambleghast, F|100/100|[from] Volt Switch
|
|-weather|RainDance|[upkeep]
|upkeep
|turn|2
|
|t:|1760775238
|switch|p1a: Pecharunt|Pecharunt|100/100
|move|p2a: Brambleghast|Poltergeist|p1a: Pecharunt
|-activate|p1a: Pecharunt|move: Poltergeist|Black Sludge
|-supereffective|p1a: Pecharunt
|-damage|p1a: Pecharunt|48/100
|
|-weather|RainDance|[upkeep]
|-heal|p1a: Pecharunt|54/100|[from] item: Black Sludge
|upkeep
|turn|3
|
|t:|1760775256
|switch|p2a: Golem|Golem, M|100/100
|move|p1a: Pecharunt|Toxic|p2a: Golem
|-status|p2a: Golem|tox
|-start|p2a: Golem|confusion|[from] ability: Poison Puppeteer|[of] p1a: Pecharunt
|
|-weather|RainDance|[upkeep]
|-heal|p1a: Pecharunt|60/100|[from] item: Black Sludge
|-damage|p2a: Golem|94/100 tox|[from] psn
|upkeep
|turn|4
|
|t:|1760775270
|move|p1a: Pecharunt|Recover|p1a: Pecharunt
|-heal|p1a: Pecharunt|100/100
|-activate|p2a: Golem|confusion
|move|p2a: Golem|Earthquake|p1a: Pecharunt
|-supereffective|p1a: Pecharunt
|-damage|p1a: Pecharunt|37/100
|
|-weather|RainDance|[upkeep]
|-heal|p1a: Pecharunt|43/100|[from] item: Black Sludge
|-damage|p2a: Golem|82/100 tox|[from] psn
|upkeep
|turn|5
|
|t:|1760775281
|move|p1a: Pecharunt|Recover|p1a: Pecharunt
|-heal|p1a: Pecharunt|93/100
|-activate|p2a: Golem|confusion
|-damage|p2a: Golem|71/100 tox|[from] confusion
|
|-weather|RainDance|[upkeep]
|-heal|p1a: Pecharunt|99/100|[from] item: Black Sludge
|-damage|p2a: Golem|53/100 tox|[from] psn
|upkeep
|turn|6
|inactive|Thuvania has 120 seconds left.
|
|t:|1760775296
|switch|p1a: Latias|Latias, F|88/100
|-end|p2a: Golem|confusion
|move|p2a: Golem|Earthquake|p1a: Latias
|-immune|p1a: Latias|[from] ability: Levitate
|
|-weather|RainDance|[upkeep]
|-damage|p2a: Golem|29/100 tox|[from] psn
|upkeep
|turn|7
|inactive|Thuvania has 120 seconds left.
|
|t:|1760775312
|switch|p2a: Bronzong|Bronzong|100/100
|move|p1a: Latias|Weather Ball|p2a: Bronzong
|-damage|p2a: Bronzong|67/100
|
|-weather|RainDance|[upkeep]
|-heal|p2a: Bronzong|73/100|[from] item: Leftovers
|upkeep
|turn|8
|inactive|Thuvania has 120 seconds left.
|
|t:|1760775324
|move|p1a: Latias|Weather Ball|p2a: Bronzong
|-damage|p2a: Bronzong|38/100
|move|p2a: Bronzong|Trick Room|p2a: Bronzong
|-fieldstart|move: Trick Room|[of] p2a: Bronzong
|
|-weather|none
|-heal|p2a: Bronzong|44/100|[from] item: Leftovers
|upkeep
|turn|9
|inactive|Thuvania has 120 seconds left.
|
|t:|1760775335
|switch|p1a: Pelipper|Pelipper, F|100/100
|-weather|RainDance|[from] ability: Drizzle|[of] p1a: Pelipper
|move|p2a: Bronzong|Psychic Noise|p1a: Pelipper
|-damage|p1a: Pelipper|69/100
|-start|p1a: Pelipper|move: Heal Block
|
|-weather|RainDance|[upkeep]
|-heal|p2a: Bronzong|50/100|[from] item: Leftovers
|upkeep
|turn|10
|inactive|Thuvania has 120 seconds left.
|
|t:|1760775368
|move|p2a: Bronzong|Psychic Noise|p1a: Pelipper
|-damage|p1a: Pelipper|40/100
|move|p1a: Pelipper|Weather Ball|p2a: Bronzong
|-damage|p2a: Bronzong|0 fnt
|faint|p2a: Bronzong
|
|-weather|RainDance|[upkeep]
|-end|p1a: Pelipper|move: Heal Block
|upkeep
|
|t:|1760775395
|switch|p2a: Grimmsnarl|Grimmsnarl, M|100/100
|turn|11
|
|t:|1760775401
|move|p1a: Pelipper|Roost|p1a: Pelipper
|-heal|p1a: Pelipper|90/100
|-singleturn|p1a: Pelipper|move: Roost
|move|p2a: Grimmsnarl|Spirit Break|p1a: Pelipper
|-damage|p1a: Pelipper|55/100
|-unboost|p1a: Pelipper|spa|1
|
|-weather|RainDance|[upkeep]
|upkeep
|turn|12
|
|t:|1760775425
|switch|p1a: Pecharunt|Pecharunt|99/100
|move|p2a: Grimmsnarl|Spirit Break|p1a: Pecharunt
|-resisted|p1a: Pecharunt
|-damage|p1a: Pecharunt|91/100
|-unboost|p1a: Pecharunt|spa|1
|
|-weather|RainDance|[upkeep]
|-heal|p1a: Pecharunt|97/100|[from] item: Black Sludge
|-fieldend|move: Trick Room
|upkeep
|turn|13
|inactive|Thuvania has 90 seconds left.
|
|t:|1760775440
|move|p2a: Grimmsnarl|Parting Shot|p1a: Pecharunt
|-unboost|p1a: Pecharunt|atk|1
|-unboost|p1a: Pecharunt|spa|1
|
|t:|1760775445
|switch|p2a: Tentacruel|Tentacruel, M|100/100|[from] Parting Shot
|move|p1a: Pecharunt|Toxic|p2a: Tentacruel
|-immune|p2a: Tentacruel
|
|-weather|RainDance|[upkeep]
|-heal|p1a: Pecharunt|100/100|[from] item: Black Sludge
|upkeep
|turn|14
|
|t:|1760775457
|move|p1a: Pecharunt|Parting Shot|p2a: Tentacruel
|-fail|p2a: Tentacruel|unboost|[from] ability: Clear Body|[of] p2a: Tentacruel
|move|p2a: Tentacruel|Knock Off|p1a: Pecharunt
|-supereffective|p1a: Pecharunt
|-damage|p1a: Pecharunt|77/100
|-enditem|p1a: Pecharunt|Black Sludge|[from] move: Knock Off|[of] p2a: Tentacruel
|
|-weather|RainDance|[upkeep]
|upkeep
|turn|15
|inactive|Thuvania has 90 seconds left.
|
|t:|1760775482
|switch|p1a: Latias|Latias, F|88/100
|move|p2a: Tentacruel|Flip Turn|p1a: Latias
|-resisted|p1a: Latias
|-damage|p1a: Latias|71/100
|
|t:|1760775488
|switch|p2a: Brambleghast|Brambleghast, F|100/100|[from] Flip Turn
|
|-weather|RainDance|[upkeep]
|upkeep
|turn|16
|inactive|Thuvania has 90 seconds left.
|inactive|Thuvania has 60 seconds left.
|
|t:|1760775525
|switch|p1a: Pecharunt|Pecharunt|77/100
|move|p2a: Brambleghast|Leech Seed|p1a: Pecharunt
|-start|p1a: Pecharunt|move: Leech Seed
|
|-weather|none
|-damage|p1a: Pecharunt|64/100|[from] Leech Seed|[of] p2a: Brambleghast
|upkeep
|turn|17
|inactive|Thuvania has 60 seconds left.
|
|t:|1760775546
|switch|p2a: Tentacruel|Tentacruel, M|100/100
|move|p1a: Pecharunt|Parting Shot|p2a: Tentacruel
|-fail|p2a: Tentacruel|unboost|[from] ability: Clear Body|[of] p2a: Tentacruel
|
|-damage|p1a: Pecharunt|52/100|[from] Leech Seed|[of] p2a: Tentacruel
|upkeep
|turn|18
|
|t:|1760775555
|move|p1a: Pecharunt|Recover|p1a: Pecharunt
|-heal|p1a: Pecharunt|100/100
|move|p2a: Tentacruel|Flip Turn|p1a: Pecharunt
|-damage|p1a: Pecharunt|91/100
|
|t:|1760775563
|switch|p2a: Rotom|Rotom-Heat|100/100|[from] Flip Turn
|
|-damage|p1a: Pecharunt|79/100|[from] Leech Seed|[of] p2a: Rotom
|upkeep
|turn|19
|
|t:|1760775571
|move|p2a: Rotom|Volt Switch|p1a: Pecharunt
|-damage|p1a: Pecharunt|47/100
|
|t:|1760775575
|switch|p2a: Tentacruel|Tentacruel, M|100/100|[from] Volt Switch
|move|p1a: Pecharunt|Toxic|p2a: Tentacruel
|-immune|p2a: Tentacruel
|
|-damage|p1a: Pecharunt|34/100|[from] Leech Seed|[of] p2a: Tentacruel
|upkeep
|turn|20
|
|t:|1760775582
|move|p1a: Pecharunt|Recover|p1a: Pecharunt
|-heal|p1a: Pecharunt|84/100
|move|p2a: Tentacruel|Flip Turn|p1a: Pecharunt
|-damage|p1a: Pecharunt|74/100
|
|t:|1760775586
|switch|p2a: Rotom|Rotom-Heat|100/100|[from] Flip Turn
|
|-damage|p1a: Pecharunt|62/100|[from] Leech Seed|[of] p2a: Rotom
|upkeep
|turn|21
|
|t:|1760775593
|move|p2a: Rotom|Volt Switch|p1a: Pecharunt
|-damage|p1a: Pecharunt|32/100
|
|t:|1760775598
|switch|p2a: Tentacruel|Tentacruel, M|100/100|[from] Volt Switch
|move|p1a: Pecharunt|Recover|p1a: Pecharunt
|-heal|p1a: Pecharunt|82/100
|
|-damage|p1a: Pecharunt|69/100|[from] Leech Seed|[of] p2a: Tentacruel
|upkeep
|turn|22
|
|t:|1760775607
|move|p1a: Pecharunt|Recover|p1a: Pecharunt
|-heal|p1a: Pecharunt|100/100
|move|p2a: Tentacruel|Flip Turn|p1a: Pecharunt
|-damage|p1a: Pecharunt|90/100
|
|t:|1760775612
|switch|p2a: Rotom|Rotom-Heat|100/100|[from] Flip Turn
|
|-damage|p1a: Pecharunt|78/100|[from] Leech Seed|[of] p2a: Rotom
|upkeep
|turn|23
|
|t:|1760775624
|move|p2a: Rotom|Volt Switch|p1a: Pecharunt
|-damage|p1a: Pecharunt|45/100
|
|t:|1760775630
|switch|p2a: Tentacruel|Tentacruel, M|100/100|[from] Volt Switch
|move|p1a: Pecharunt|Recover|p1a: Pecharunt
|-heal|p1a: Pecharunt|95/100
|
|-damage|p1a: Pecharunt|83/100|[from] Leech Seed|[of] p2a: Tentacruel
|upkeep
|turn|24
|
|t:|1760775641
|move|p1a: Pecharunt|Toxic|p2a: Tentacruel
|-immune|p2a: Tentacruel
|move|p2a: Tentacruel|Flip Turn|p1a: Pecharunt
|-damage|p1a: Pecharunt|72/100
|
|t:|1760775644
|switch|p2a: Rotom|Rotom-Heat|100/100|[from] Flip Turn
|
|-damage|p1a: Pecharunt|59/100|[from] Leech Seed|[of] p2a: Rotom
|upkeep
|turn|25
|
|t:|1760775658
|switch|p1a: Latias|Latias, F|71/100
|move|p2a: Rotom|Volt Switch|p1a: Latias
|-resisted|p1a: Latias
|-damage|p1a: Latias|58/100
|
|t:|1760775667
|switch|p2a: Grimmsnarl|Grimmsnarl, M|100/100|[from] Volt Switch
|
|upkeep
|turn|26
|inactive|Thuvania has 120 seconds left.
|
|t:|1760775689
|switch|p1a: Pelipper|Pelipper, F|55/100
|-weather|RainDance|[from] ability: Drizzle|[of] p1a: Pelipper
|move|p2a: Grimmsnarl|Foul Play|p1a: Pelipper
|-damage|p1a: Pelipper|35/100
|
|-weather|RainDance|[upkeep]
|upkeep
|turn|27
|
|t:|1760775699
|move|p2a: Grimmsnarl|Parting Shot|p1a: Pelipper
|-unboost|p1a: Pelipper|atk|1
|-unboost|p1a: Pelipper|spa|1
|
|t:|1760775702
|switch|p2a: Rotom|Rotom-Heat|100/100|[from] Parting Shot
|move|p1a: Pelipper|Roost|p1a: Pelipper
|-heal|p1a: Pelipper|85/100
|-singleturn|p1a: Pelipper|move: Roost
|
|-weather|RainDance|[upkeep]
|upkeep
|turn|28
|inactive|Thuvania has 120 seconds left.
|
|t:|1760775728
|switch|p1a: Latias|Latias, F|58/100
|-terastallize|p2a: Rotom|Electric
|move|p2a: Rotom|Volt Switch|p1a: Latias
|-resisted|p1a: Latias
|-crit|p1a: Latias
|-damage|p1a: Latias|28/100
|
|t:|1760775733
|switch|p2a: Grimmsnarl|Grimmsnarl, M|100/100|[from] Volt Switch
|
|-weather|RainDance|[upkeep]
|upkeep
|turn|29
|
|t:|1760775750
|move|p1a: Latias|Thunder|p2a: Grimmsnarl
|-damage|p2a: Grimmsnarl|64/100
|-status|p2a: Grimmsnarl|par
|move|p2a: Grimmsnarl|Spirit Break|p1a: Latias
|-supereffective|p1a: Latias
|-damage|p1a: Latias|0 fnt
|faint|p1a: Latias
|
|-weather|RainDance|[upkeep]
|-heal|p2a: Grimmsnarl|70/100 par|[from] item: Leftovers
|upkeep
|
|t:|1760775765
|switch|p1a: Pecharunt|Pecharunt|59/100
|turn|30
|
|t:|1760775771
|switch|p2a: Tentacruel|Tentacruel, M|100/100
|move|p1a: Pecharunt|Malignant Chain|p2a: Tentacruel
|-resisted|p2a: Tentacruel
|-damage|p2a: Tentacruel|91/100
|
|-weather|RainDance|[upkeep]
|-heal|p2a: Tentacruel|97/100|[from] item: Leftovers
|upkeep
|turn|31
|
|t:|1760775784
|move|p1a: Pecharunt|Malignant Chain|p2a: Tentacruel
|-resisted|p2a: Tentacruel
|-damage|p2a: Tentacruel|87/100
|move|p2a: Tentacruel|Flip Turn|p1a: Pecharunt
|-damage|p1a: Pecharunt|44/100
|
|t:|1760775792
|switch|p2a: Rotom|Rotom-Heat, tera:Electric|100/100|[from] Flip Turn
|
|-weather|RainDance|[upkeep]
|upkeep
|turn|32
|
|t:|1760775801
|move|p2a: Rotom|Volt Switch|p1a: Pecharunt
|-damage|p1a: Pecharunt|0 fnt
|faint|p1a: Pecharunt
|
|t:|1760775807
|switch|p2a: Grimmsnarl|Grimmsnarl, M|70/100 par|[from] Volt Switch
|
|-weather|RainDance|[upkeep]
|-heal|p2a: Grimmsnarl|76/100 par|[from] item: Leftovers
|upkeep
|
|t:|1760775813
|switch|p1a: Pelipper|Pelipper, F|85/100
|turn|33
|inactive|Thuvania has 120 seconds left.
|
|t:|1760775821
|-terastallize|p1a: Pelipper|Water
|move|p2a: Grimmsnarl|Parting Shot|p1a: Pelipper
|-unboost|p1a: Pelipper|atk|1
|-unboost|p1a: Pelipper|spa|1
|
|t:|1760775831
|switch|p2a: Brambleghast|Brambleghast, F|100/100|[from] Parting Shot
|move|p1a: Pelipper|Weather Ball|p2a: Brambleghast
|-resisted|p2a: Brambleghast
|-damage|p2a: Brambleghast|70/100
|
|-weather|none
|-heal|p2a: Brambleghast|76/100|[from] item: Leftovers
|upkeep
|turn|34
|
|t:|1760775845
|move|p2a: Brambleghast|Leech Seed|p1a: Pelipper
|-start|p1a: Pelipper|move: Leech Seed
|move|p1a: Pelipper|Knock Off|p2a: Brambleghast
|-supereffective|p2a: Brambleghast
|-damage|p2a: Brambleghast|52/100
|-enditem|p2a: Brambleghast|Leftovers|[from] move: Knock Off|[of] p1a: Pelipper
|
|-damage|p1a: Pelipper|73/100|[from] Leech Seed|[of] p2a: Brambleghast
|-heal|p2a: Brambleghast|65/100|[silent]
|upkeep
|turn|35
|
|t:|1760775855
|move|p2a: Brambleghast|Poltergeist|p1a: Pelipper
|-activate|p1a: Pelipper|move: Poltergeist|Damp Rock
|-damage|p1a: Pelipper|27/100
|move|p1a: Pelipper|Hurricane|p2a: Brambleghast
|-supereffective|p2a: Brambleghast
|-damage|p2a: Brambleghast|0 fnt
|faint|p2a: Brambleghast
|
|upkeep
|
|t:|1760775861
|switch|p2a: Rotom|Rotom-Heat, tera:Electric|100/100
|turn|36
|
|t:|1760775866
|move|p2a: Rotom|Discharge|p1a: Pelipper
|-supereffective|p1a: Pelipper
|-damage|p1a: Pelipper|0 fnt
|faint|p1a: Pelipper
|
|win|anko uguisu
|raw|Thuvania's rating: 1086 &rarr; <strong>1068</strong><br />(-18 for losing)
|raw|anko uguisu's rating: 1161 &rarr; <strong>1181</strong><br />(+20 for winning)
|l|☆anko uguisu
|player|p2|
|l|☆Thuvania
|player|p1|
