|j|☆monkeyooooooo
|j|☆Megumin's Husband
|t:|1760734455
|gametype|singles
|player|p1|monkeyooooooo|swimmerf-gen4|1732
|player|p2|Megumin's Husband|alder|1761
|gen|9
|tier|[Gen 9] OU
|rated|
|rule|HP Percentage Mod: HP is shown in percentages
|rule|Endless Battle Clause: Forcing endless battles is banned
|rule|Species Clause: Limit one of each Pokémon
|rule|OHKO Clause: OHKO moves are banned
|rule|Evasion Items Clause: Evasion items are banned
|rule|Evasion Moves Clause: Evasion moves are banned
|rule|Evasion Abilities Clause: Evasion abilities are banned
|rule|Sleep Moves Clause: Sleep-inducing moves are banned
|clearpoke
|poke|p1|Maushold-Four|
|poke|p1|Ursaluna, F|
|poke|p1|Grimmsnarl, M|
|poke|p1|Zamazenta-*|
|poke|p1|Iron Moth|
|poke|p1|Hatterene, F|
|poke|p2|Pecharunt|
|poke|p2|Primarina, F|
|poke|p2|Heatran, M|
|poke|p2|Great Tusk|
|poke|p2|Weavile, F|
|poke|p2|Ogerpon, F|
|teampreview
|inactive|Battle timer is ON: inactive players will automatically lose when time's up. (requested by monkeyooooooo)
|
|t:|1760734469
|teamsize|p1|6
|teamsize|p2|6
|start
|switch|p1a: Riddles Thrice|Grimmsnarl, M|100/100
|switch|p2a: Chomusuke|Weavile, F|100/100
|-ability|p2a: Chomusuke|Pressure
|turn|1
|j| Sleeping Castles
|
|t:|1760734477
|move|p2a: Chomusuke|Knock Off|p1a: Riddles Thrice
|-resisted|p1a: Riddles Thrice
|-damage|p1a: Riddles Thrice|87/100
|-damage|p2a: Chomusuke|84/100|[from] item: Rocky Helmet|[of] p1a: Riddles Thrice
|-enditem|p1a: Riddles Thrice|Rocky Helmet|[from] move: Knock Off|[of] p2a: Chomusuke
|move|p1a: Riddles Thrice|Spirit Break|p2a: Chomusuke
|-supereffective|p2a: Chomusuke
|-damage|p2a: Chomusuke|0 fnt
|faint|p2a: Chomusuke
|
|upkeep
|
|t:|1760734486
|switch|p2a: Yamawaro|Ogerpon, F|100/100
|turn|2
|
|t:|1760734491
|move|p1a: Riddles Thrice|Reflect|p1a: Riddles Thrice
|-sidestart|p1: monkeyooooooo|Reflect
|move|p2a: Yamawaro|Ivy Cudgel|p1a: Riddles Thrice
|-damage|p1a: Riddles Thrice|57/100
|
|upkeep
|turn|3
|
|t:|1760734500
|switch|p1a: Bug Trap|Iron Moth|100/100
|move|p2a: Yamawaro|Ivy Cudgel|p1a: Bug Trap
|-resisted|p1a: Bug Trap
|-damage|p1a: Bug Trap|86/100
|
|upkeep
|turn|4
|
|t:|1760734504
|-end|p1a: Bug Trap|Quark Drive|[silent]
|switch|p1a: Hot Potato|Ursaluna, F|100/100
|switch|p2a: Heatran|Heatran, M, shiny|100/100
|-item|p2a: Heatran|Air Balloon
|
|-status|p1a: Hot Potato|brn|[from] item: Flame Orb
|upkeep
|turn|5
|
|t:|1760734510
|move|p2a: Heatran|Stealth Rock|p1a: Hot Potato
|-sidestart|p1: monkeyooooooo|move: Stealth Rock
|move|p1a: Hot Potato|Crunch|p2a: Heatran
|-crit|p2a: Heatran
|-damage|p2a: Heatran|40/100
|-enditem|p2a: Heatran|Air Balloon
|
|-damage|p1a: Hot Potato|94/100 brn|[from] brn
|upkeep
|turn|6
|
|t:|1760734518
|move|p2a: Heatran|Lava Plume|p1a: Hot Potato
|-damage|p1a: Hot Potato|62/100 brn
|move|p1a: Hot Potato|Crunch|p2a: Heatran
|-damage|p2a: Heatran|0 fnt
|faint|p2a: Heatran
|
|-damage|p1a: Hot Potato|56/100 brn|[from] brn
|-sideend|p1: monkeyooooooo|Reflect
|upkeep
|
|t:|1760734524
|switch|p2a: Yamawaro|Ogerpon, F|100/100
|turn|7
|
|t:|1760734528
|switch|p1a: Rubber|Hatterene, F|100/100
|-damage|p1a: Rubber|88/100|[from] Stealth Rock
|move|p2a: Yamawaro|Ivy Cudgel|p1a: Rubber
|-damage|p1a: Rubber|29/100
|-enditem|p1a: Rubber|Eject Button
|
|t:|1760734548
|switch|p1a: Nuclear Family|Maushold-Four|100/100
|-damage|p1a: Nuclear Family|88/100|[from] Stealth Rock
|
|upkeep
|turn|8
|
|t:|1760734554
|-terastallize|p2a: Yamawaro|Grass
|detailschange|p2a: Yamawaro|Ogerpon-Teal-Tera, F, tera:Grass
|-ability|p2a: Yamawaro|Embody Aspect (Teal)|boost
|-boost|p2a: Yamawaro|spe|1
|move|p2a: Yamawaro|Ivy Cudgel|p1a: Nuclear Family
|-damage|p1a: Nuclear Family|0 fnt
|faint|p1a: Nuclear Family
|
|upkeep
|
|t:|1760734558
|switch|p1a: Daisy|Zamazenta|100/100
|-damage|p1a: Daisy|94/100|[from] Stealth Rock
|-ability|p1a: Daisy|Dauntless Shield|boost
|-boost|p1a: Daisy|def|1
|turn|9
|
|t:|1760734563
|move|p2a: Yamawaro|Ivy Cudgel|p1a: Daisy
|-damage|p1a: Daisy|41/100
|move|p1a: Daisy|Crunch|p2a: Yamawaro
|-damage|p2a: Yamawaro|70/100
|
|-heal|p1a: Daisy|48/100|[from] item: Leftovers
|upkeep
|turn|10
|
|t:|1760734570
|-terastallize|p1a: Daisy|Steel
|move|p2a: Yamawaro|Ivy Cudgel|p1a: Daisy
|-resisted|p1a: Daisy
|-damage|p1a: Daisy|24/100
|move|p1a: Daisy|Iron Defense|p1a: Daisy
|-boost|p1a: Daisy|def|2
|
|-heal|p1a: Daisy|30/100|[from] item: Leftovers
|upkeep
|turn|11
|
|t:|1760734579
|switch|p2a: Pecharunt|Pecharunt|100/100
|move|p1a: Daisy|Body Press|p2a: Pecharunt
|-immune|p2a: Pecharunt
|
|-heal|p1a: Daisy|36/100|[from] item: Leftovers
|upkeep
|turn|12
|
|t:|1760734583
|move|p1a: Daisy|Crunch|p2a: Pecharunt
|-supereffective|p2a: Pecharunt
|-damage|p2a: Pecharunt|80/100
|-damage|p1a: Daisy|19/100|[from] item: Rocky Helmet|[of] p2a: Pecharunt
|move|p2a: Pecharunt|Parting Shot|p1a: Daisy
|-unboost|p1a: Daisy|atk|1
|-unboost|p1a: Daisy|spa|1
|
|t:|1760734586
|switch|p2a: Yamawaro|Ogerpon-Teal-Tera, F, tera:Grass|70/100|[from] Parting Shot
|-ability|p2a: Yamawaro|Embody Aspect (Teal)|boost
|-boost|p2a: Yamawaro|spe|1
|
|-heal|p1a: Daisy|25/100|[from] item: Leftovers
|upkeep
|turn|13
|
|t:|1760734593
|switch|p1a: Hot Potato|Ursaluna, F|56/100 brn
|-damage|p1a: Hot Potato|50/100 brn|[from] Stealth Rock
|move|p2a: Yamawaro|U-turn|p1a: Hot Potato
|-damage|p1a: Hot Potato|22/100 brn
|
|t:|1760734595
|switch|p2a: Nacho|Great Tusk|100/100|[from] U-turn
|
|-damage|p1a: Hot Potato|16/100 brn|[from] brn
|upkeep
|turn|14
|
|t:|1760734602
|move|p2a: Nacho|Rapid Spin|p1a: Hot Potato
|-damage|p1a: Hot Potato|3/100 brn
|-boost|p2a: Nacho|spe|1
|move|p1a: Hot Potato|Facade|p2a: Nacho
|-damage|p2a: Nacho|16/100
|
|-damage|p1a: Hot Potato|0 fnt|[from] brn
|faint|p1a: Hot Potato
|upkeep
|
|t:|1760734608
|switch|p1a: Riddles Thrice|Grimmsnarl, M|57/100
|-damage|p1a: Riddles Thrice|44/100|[from] Stealth Rock
|turn|15
|
|t:|1760734611
|move|p1a: Riddles Thrice|Reflect|p1a: Riddles Thrice
|-sidestart|p1: monkeyooooooo|Reflect
|move|p2a: Nacho|Headlong Rush|p1a: Riddles Thrice
|-damage|p1a: Riddles Thrice|21/100
|-unboost|p2a: Nacho|def|1
|-unboost|p2a: Nacho|spd|1
|
|upkeep
|turn|16
|
|t:|1760734613
|move|p2a: Nacho|Headlong Rush|p1a: Riddles Thrice
|-damage|p1a: Riddles Thrice|0 fnt
|-unboost|p2a: Nacho|def|1
|-unboost|p2a: Nacho|spd|1
|faint|p1a: Riddles Thrice
|
|upkeep
|
|t:|1760734623
|switch|p1a: Rubber|Hatterene, F|29/100
|-damage|p1a: Rubber|17/100|[from] Stealth Rock
|turn|17
|
|t:|1760734626
|move|p2a: Nacho|Headlong Rush|p1a: Rubber
|-damage|p1a: Rubber|0 fnt
|-unboost|p2a: Nacho|def|1
|-unboost|p2a: Nacho|spd|1
|faint|p1a: Rubber
|
|upkeep
|
|t:|1760734629
|switch|p1a: Daisy|Zamazenta, tera:Steel|25/100
|-damage|p1a: Daisy|19/100|[from] Stealth Rock
|turn|18
|
|t:|1760734631
|move|p2a: Nacho|Headlong Rush|p1a: Daisy
|-supereffective|p1a: Daisy
|-damage|p1a: Daisy|0 fnt
|-unboost|p2a: Nacho|def|1
|-unboost|p2a: Nacho|spd|1
|faint|p1a: Daisy
|
|upkeep
|
|t:|1760734633
|switch|p1a: Bug Trap|Iron Moth|86/100
|-damage|p1a: Bug Trap|61/100|[from] Stealth Rock
|turn|19
|
|t:|1760734636
|move|p2a: Nacho|Headlong Rush|p1a: Bug Trap
|-supereffective|p1a: Bug Trap
|-damage|p1a: Bug Trap|0 fnt
|-unboost|p2a: Nacho|def|1
|-unboost|p2a: Nacho|spd|1
|faint|p1a: Bug Trap
|-end|p1a: Bug Trap|Quark Drive|[silent]
|
|win|Megumin's Husband
|raw|monkeyooooooo's rating: 1732 &rarr; <strong>1714</strong><br />(-18 for losing)
|raw|Megumin&apos;s Husband's rating: 1761 &rarr; <strong>1779</strong><br />(+18 for winning)
|l|☆monkeyooooooo
|player|p1|
|l|☆Megumin's Husband
|player|p2|
