|j|☆01NoRu
|j|☆garcila28
|t:|1760861336
|gametype|singles
|player|p1|01NoRu|102|1316
|player|p2|garcila28|101|1295
|gen|9
|tier|[Gen 9] OU
|rated|
|rule|HP Percentage Mod: HP is shown in percentages
|rule|Endless Battle Clause: Forcing endless battles is banned
|rule|Species Clause: Limit one of each Pokémon
|rule|OHKO Clause: OHKO moves are banned
|rule|Evasion Items Clause: Evasion items are banned
|rule|Evasion Moves Clause: Evasion moves are banned
|rule|Evasion Abilities Clause: Evasion abilities are banned
|rule|Sleep Moves Clause: Sleep-inducing moves are banned
|clearpoke
|poke|p1|Kyurem|
|poke|p1|Iron Moth|
|poke|p1|Kingambit, M|
|poke|p1|Landorus-Therian, M|
|poke|p1|Hatterene, F|
|poke|p1|Cloyster, F|
|poke|p2|Landorus-Therian, M|
|poke|p2|Samurott-Hisui, M|
|poke|p2|Pecharunt|
|poke|p2|Scizor, F|
|poke|p2|Latios, M|
|poke|p2|Zamazenta-*|
|teampreview
|inactive|Battle timer is ON: inactive players will automatically lose when time's up. (requested by 01NoRu)
|
|t:|1760861355
|teamsize|p1|6
|teamsize|p2|6
|start
|switch|p1a: Kyurem|Kyurem|100/100
|switch|p2a: Samurott|Samurott-Hisui, M|100/100
|-ability|p1a: Kyurem|Pressure
|turn|1
|
|t:|1760861368
|move|p1a: Kyurem|Scale Shot|p2a: Samurott
|-damage|p2a: Samurott|83/100
|-damage|p2a: Samurott|65/100
|-damage|p2a: Samurott|47/100
|-damage|p2a: Samurott|29/100
|-hitcount|p2a: Samurott|4
|-unboost|p1a: Kyurem|def|1
|-boost|p1a: Kyurem|spe|1
|move|p2a: Samurott|Ceaseless Edge|p1a: Kyurem
|-damage|p1a: Kyurem|27/100
|-sidestart|p1: 01NoRu|Spikes
|
|upkeep
|turn|2
|
|t:|1760861380
|move|p2a: Samurott|Aqua Jet|p1a: Kyurem
|-resisted|p1a: Kyurem
|-damage|p1a: Kyurem|11/100
|move|p1a: Kyurem|Icicle Spear|p2a: Samurott
|-resisted|p2a: Samurott
|-damage|p2a: Samurott|20/100
|-resisted|p2a: Samurott
|-damage|p2a: Samurott|11/100
|-resisted|p2a: Samurott
|-damage|p2a: Samurott|3/100
|-resisted|p2a: Samurott
|-damage|p2a: Samurott|0 fnt
|faint|p2a: Samurott
|-hitcount|p2: Samurott|4
|
|upkeep
|
|t:|1760861384
|switch|p2a: Scizor|Scizor, F|100/100
|turn|3
|
|t:|1760861396
|switch|p1a: Iron Moth|Iron Moth|100/100
|-damage|p1a: Iron Moth|88/100|[from] Spikes
|-enditem|p1a: Iron Moth|Booster Energy
|-activate|p1a: Iron Moth|ability: Quark Drive|[fromitem]
|-start|p1a: Iron Moth|quarkdrivespe
|move|p2a: Scizor|Swords Dance|p2a: Scizor
|-boost|p2a: Scizor|atk|2
|
|upkeep
|turn|4
|
|t:|1760861405
|switch|p2a: Landorus|Landorus-Therian, M|100/100
|-ability|p2a: Landorus|Intimidate|boost
|-unboost|p1a: Iron Moth|atk|1
|move|p1a: Iron Moth|Fiery Dance|p2a: Landorus
|-damage|p2a: Landorus|57/100
|
|upkeep
|turn|5
|
|t:|1760861415
|move|p1a: Iron Moth|Sludge Wave|p2a: Landorus
|-resisted|p2a: Landorus
|-damage|p2a: Landorus|33/100
|move|p2a: Landorus|Stealth Rock|p1a: Iron Moth
|-sidestart|p1: 01NoRu|move: Stealth Rock
|
|upkeep
|turn|6
|
|t:|1760861428
|move|p1a: Iron Moth|Psychic|p2a: Landorus
|-damage|p2a: Landorus|2/100
|move|p2a: Landorus|Earthquake|p1a: Iron Moth
|-supereffective|p1a: Iron Moth
|-damage|p1a: Iron Moth|0 fnt
|faint|p1a: Iron Moth
|-end|p1a: Iron Moth|Quark Drive|[silent]
|
|upkeep
|
|t:|1760861435
|switch|p1a: Landorus|Landorus-Therian, M|100/100
|-damage|p1a: Landorus|88/100|[from] Stealth Rock
|-ability|p1a: Landorus|Intimidate|boost
|-unboost|p2a: Landorus|atk|1
|turn|7
|
|t:|1760861442
|move|p2a: Landorus|Smack Down|p1a: Landorus
|-damage|p1a: Landorus|77/100
|-start|p1a: Landorus|Smack Down
|move|p1a: Landorus|Grass Knot|p2a: Landorus
|-damage|p2a: Landorus|0 fnt
|-damage|p1a: Landorus|61/100|[from] item: Rocky Helmet|[of] p2a: Landorus
|faint|p2a: Landorus
|
|upkeep
|
|t:|1760861448
|switch|p2a: Latios|Latios, M|100/100
|turn|8
|
|t:|1760861455
|switch|p1a: Hatterene|Hatterene, F|100/100
|-damage|p1a: Hatterene|88/100|[from] Spikes
|-damage|p1a: Hatterene|76/100|[from] Stealth Rock
|move|p2a: Latios|Psychic Noise|p1a: Hatterene
|-resisted|p1a: Hatterene
|-damage|p1a: Hatterene|49/100
|-start|p1a: Hatterene|move: Heal Block
|
|upkeep
|turn|9
|
|t:|1760861470
|switch|p2a: Pecharunt|Pecharunt|100/100
|move|p1a: Hatterene|Nuzzle|p2a: Pecharunt
|-damage|p2a: Pecharunt|98/100
|-status|p2a: Pecharunt|par
|
|-end|p1a: Hatterene|move: Heal Block
|upkeep
|turn|10
|
|t:|1760861479
|move|p2a: Pecharunt|Parting Shot|p1a: Hatterene
|move|p1a: Hatterene|Parting Shot|p2a: Pecharunt|[from] ability: Magic Bounce
|-unboost|p2a: Pecharunt|atk|1
|-unboost|p2a: Pecharunt|spa|1
|
|t:|1760861487
|switch|p1a: TETRADRIVE|Cloyster, F|100/100|[from] Parting Shot
|-damage|p1a: TETRADRIVE|88/100|[from] Spikes
|-damage|p1a: TETRADRIVE|63/100|[from] Stealth Rock
|
|upkeep
|turn|11
|
|t:|1760861492
|move|p1a: TETRADRIVE|Shell Smash|p1a: TETRADRIVE
|-unboost|p1a: TETRADRIVE|def|1
|-unboost|p1a: TETRADRIVE|spd|1
|-boost|p1a: TETRADRIVE|atk|2
|-boost|p1a: TETRADRIVE|spa|2
|-boost|p1a: TETRADRIVE|spe|2
|cant|p2a: Pecharunt|par
|
|upkeep
|turn|12
|
|t:|1760861500
|move|p1a: TETRADRIVE|Icicle Spear|p2a: Pecharunt
|-damage|p2a: Pecharunt|83/100 par
|-damage|p2a: Pecharunt|66/100 par
|-damage|p2a: Pecharunt|49/100 par
|-damage|p2a: Pecharunt|34/100 par
|-damage|p2a: Pecharunt|16/100 par
|-hitcount|p2a: Pecharunt|5
|move|p2a: Pecharunt|Malignant Chain|p1a: TETRADRIVE
|-damage|p1a: TETRADRIVE|0 fnt
|faint|p1a: TETRADRIVE
|
|upkeep
|
|t:|1760861511
|switch|p1a: Landorus|Landorus-Therian, M|61/100
|-damage|p1a: Landorus|48/100|[from] Stealth Rock
|-ability|p1a: Landorus|Intimidate|boost
|-unboost|p2a: Pecharunt|atk|1
|turn|13
|
|t:|1760861520
|move|p1a: Landorus|Stone Edge|p2a: Pecharunt
|-damage|p2a: Pecharunt|0 fnt
|faint|p2a: Pecharunt
|
|upkeep
|
|t:|1760861525
|switch|p2a: Latios|Latios, M|100/100
|turn|14
|
|t:|1760861531
|move|p2a: Latios|Draco Meteor|p1a: Landorus|[miss]
|-miss|p2a: Latios|p1a: Landorus
|move|p1a: Landorus|Stealth Rock|p2a: Latios
|-sidestart|p2: garcila28|move: Stealth Rock
|
|upkeep
|turn|15
|
|t:|1760861537
|move|p2a: Latios|Psychic Noise|p1a: Landorus
|-damage|p1a: Landorus|0 fnt
|faint|p1a: Landorus
|
|upkeep
|
|t:|1760861542
|switch|p1a: Hatterene|Hatterene, F|49/100
|-damage|p1a: Hatterene|36/100|[from] Spikes
|-damage|p1a: Hatterene|24/100|[from] Stealth Rock
|turn|16
|-enditem|p1a: Hatterene|Custap Berry|[eat]
|-activate|p1a: Hatterene|item: Custap Berry|[consumed]
|
|t:|1760861547
|move|p1a: Hatterene|Healing Wish|p1a: Hatterene
|faint|p1a: Hatterene
|move|p2a: Latios|Psychic Noise|p1: Hatterene|[notarget]
|-fail|p2a: Latios
|
|upkeep
|
|t:|1760861552
|switch|p1a: Kyurem|Kyurem|11/100
|-heal|p1a: Kyurem|100/100|[from] move: Healing Wish
|-damage|p1a: Kyurem|88/100|[from] Spikes
|-damage|p1a: Kyurem|63/100|[from] Stealth Rock
|-ability|p1a: Kyurem|Pressure
|turn|17
|
|t:|1760861559
|-terastallize|p2a: Latios|Steel
|move|p2a: Latios|Draco Meteor|p1a: Kyurem
|-supereffective|p1a: Kyurem
|-damage|p1a: Kyurem|0 fnt
|-unboost|p2a: Latios|spa|2
|faint|p1a: Kyurem
|
|upkeep
|
|t:|1760861564
|switch|p1a: Kingambit|Kingambit, M|100/100
|-damage|p1a: Kingambit|88/100|[from] Spikes
|-damage|p1a: Kingambit|82/100|[from] Stealth Rock
|-activate|p1a: Kingambit|ability: Supreme Overlord
|-start|p1a: Kingambit|fallen5|[silent]
|turn|18
|
|t:|1760861570
|switch|p2a: Zamazenta|Zamazenta|100/100
|-damage|p2a: Zamazenta|94/100|[from] Stealth Rock
|-ability|p2a: Zamazenta|Dauntless Shield|boost
|-boost|p2a: Zamazenta|def|1
|move|p1a: Kingambit|Swords Dance|p1a: Kingambit
|-boost|p1a: Kingambit|atk|2
|
|-heal|p2a: Zamazenta|100/100|[from] item: Leftovers
|-heal|p1a: Kingambit|88/100|[from] item: Leftovers
|upkeep
|turn|19
|
|t:|1760861583
|-terastallize|p1a: Kingambit|Ghost
|move|p2a: Zamazenta|Body Press|p1a: Kingambit
|-immune|p1a: Kingambit
|move|p1a: Kingambit|Swords Dance|p1a: Kingambit
|-boost|p1a: Kingambit|atk|2
|
|-heal|p1a: Kingambit|94/100|[from] item: Leftovers
|upkeep
|turn|20
|
|t:|1760861595
|move|p2a: Zamazenta|Crunch|p1a: Kingambit
|-supereffective|p1a: Kingambit
|-damage|p1a: Kingambit|60/100
|move|p1a: Kingambit|Low Kick|p2a: Zamazenta
|-damage|p2a: Zamazenta|0 fnt
|faint|p2a: Zamazenta
|
|-heal|p1a: Kingambit|66/100|[from] item: Leftovers
|upkeep
|
|t:|1760861602
|switch|p2a: Latios|Latios, M, tera:Steel|100/100
|-damage|p2a: Latios|95/100|[from] Stealth Rock
|turn|21
|
|t:|1760861607
|move|p2a: Latios|Draco Meteor|p1a: Kingambit|[miss]
|-miss|p2a: Latios|p1a: Kingambit
|move|p1a: Kingambit|Low Kick|p2a: Latios
|-supereffective|p2a: Latios
|-damage|p2a: Latios|0 fnt
|faint|p2a: Latios
|
|-heal|p1a: Kingambit|72/100|[from] item: Leftovers
|upkeep
|
|t:|1760861612
|switch|p2a: Scizor|Scizor, F|100/100
|turn|22
|
|t:|1760861618
|move|p2a: Scizor|Bullet Punch|p1a: Kingambit
|-damage|p1a: Kingambit|46/100
|move|p1a: Kingambit|Low Kick|p2a: Scizor
|-damage|p2a: Scizor|0 fnt
|faint|p2a: Scizor
|
|win|01NoRu
|raw|01NoRu's rating: 1316 &rarr; <strong>1335</strong><br />(+19 for winning)
|raw|garcila28's rating: 1295 &rarr; <strong>1272</strong><br />(-23 for losing)
|l|☆garcila28
|player|p2|
|l|☆01NoRu
|player|p1|
