|j|‽theinquitosone
|j|☆shun5412
|t:|1760783082
|gametype|singles
|player|p1|theinquitosone|unknown|1135
|player|p2|shun5412|az|1180
|gen|9
|tier|[Gen 9] OU
|rated|
|rule|HP Percentage Mod: HP is shown in percentages
|rule|Endless Battle Clause: Forcing endless battles is banned
|rule|Species Clause: Limit one of each Pokémon
|rule|OHKO Clause: OHKO moves are banned
|rule|Evasion Items Clause: Evasion items are banned
|rule|Evasion Moves Clause: Evasion moves are banned
|rule|Evasion Abilities Clause: Evasion abilities are banned
|rule|Sleep Moves Clause: Sleep-inducing moves are banned
|clearpoke
|poke|p1|Metagross|
|poke|p1|Grimmsnarl, M|
|poke|p1|Alomomola, F|
|poke|p1|Ceruledge, F|
|poke|p1|Great Tusk|
|poke|p1|Iron Crown|
|poke|p2|Glimmora, M|
|poke|p2|Pelipper, M|
|poke|p2|Gholdengo|
|poke|p2|Grimmsnarl, M|
|poke|p2|Garganacl, M|
|poke|p2|Rotom-Mow|
|teampreview
|inactive|Battle timer is ON: inactive players will automatically lose when time's up. (requested by theinquitosone)
|
|t:|1760783089
|teamsize|p1|6
|teamsize|p2|6
|start
|switch|p1a: Great Tusk|Great Tusk|100/100
|switch|p2a: Rotom|Rotom-Mow|100/100
|turn|1
|
|t:|1760783097
|move|p1a: Great Tusk|Stealth Rock|p2a: Rotom
|-sidestart|p2: shun5412|move: Stealth Rock
|move|p2a: Rotom|Trick|p1a: Great Tusk
|-activate|p2a: Rotom|move: Trick|[of] p1a: Great Tusk
|-item|p1a: Great Tusk|Choice Specs|[from] move: Trick
|-item|p2a: Rotom|Heavy-Duty Boots|[from] move: Trick
|
|upkeep
|turn|2
|
|t:|1760783105
|move|p1a: Great Tusk|Ice Spinner|p2a: Rotom
|-supereffective|p2a: Rotom
|-crit|p2a: Rotom
|-damage|p2a: Rotom|14/100
|move|p2a: Rotom|Will-O-Wisp|p1a: Great Tusk
|-status|p1a: Great Tusk|brn
|
|-damage|p1a: Great Tusk|94/100 brn|[from] brn
|upkeep
|turn|3
|
|t:|1760783114
|move|p1a: Great Tusk|Ice Spinner|p2a: Rotom
|-supereffective|p2a: Rotom
|-crit|p2a: Rotom
|-damage|p2a: Rotom|0 fnt
|faint|p2a: Rotom
|
|-damage|p1a: Great Tusk|88/100 brn|[from] brn
|upkeep
|
|t:|1760783120
|switch|p2a: Glimmora|Glimmora, M|100/100
|-damage|p2a: Glimmora|88/100|[from] Stealth Rock
|turn|4
|
|t:|1760783130
|-end|p1a: Great Tusk|Protosynthesis|[silent]
|switch|p1a: Iron Crown|Iron Crown|100/100
|move|p2a: Glimmora|Stealth Rock|p1a: Iron Crown
|-sidestart|p1: theinquitosone|move: Stealth Rock
|
|upkeep
|turn|5
|
|t:|1760783138
|switch|p2a: Pelipper|Pelipper, M|100/100
|-weather|RainDance|[from] ability: Drizzle|[of] p2a: Pelipper
|move|p1a: Iron Crown|Tachyon Cutter|p2a: Pelipper
|-resisted|p2a: Pelipper
|-damage|p2a: Pelipper|81/100
|-resisted|p2a: Pelipper
|-damage|p2a: Pelipper|63/100
|-hitcount|p2a: Pelipper|2
|
|-weather|RainDance|[upkeep]
|upkeep
|turn|6
|
|t:|1760783148
|-end|p1a: Iron Crown|Quark Drive|[silent]
|switch|p1a: Alomomola|Alomomola, F|100/100
|move|p2a: Pelipper|Tailwind|p2a: Pelipper
|-sidestart|p2: shun5412|move: Tailwind
|
|-weather|RainDance|[upkeep]
|upkeep
|turn|7
|
|t:|1760783155
|move|p2a: Pelipper|Hurricane|p1a: Alomomola
|-damage|p1a: Alomomola|54/100
|move|p1a: Alomomola|Flip Turn|p2a: Pelipper
|-resisted|p2a: Pelipper
|-damage|p2a: Pelipper|51/100
|
|t:|1760783158
|switch|p1a: Grimmsnarl|Grimmsnarl, M|100/100|[from] Flip Turn
|-damage|p1a: Grimmsnarl|88/100|[from] Stealth Rock
|
|-weather|RainDance|[upkeep]
|upkeep
|turn|8
|
|t:|1760783166
|move|p1a: Grimmsnarl|Light Screen|p1a: Grimmsnarl
|-sidestart|p1: theinquitosone|move: Light Screen
|move|p2a: Pelipper|Weather Ball|p1a: Grimmsnarl
|-damage|p1a: Grimmsnarl|70/100
|
|-weather|RainDance|[upkeep]
|upkeep
|turn|9
|
|t:|1760783172
|move|p1a: Grimmsnarl|Parting Shot|p2a: Pelipper
|-unboost|p2a: Pelipper|atk|1
|-unboost|p2a: Pelipper|spa|1
|
|t:|1760783178
|switch|p1a: Great Tusk|Great Tusk|88/100 brn|[from] Parting Shot
|-damage|p1a: Great Tusk|85/100 brn|[from] Stealth Rock
|move|p2a: Pelipper|Hurricane|p1a: Great Tusk
|-supereffective|p1a: Great Tusk
|-damage|p1a: Great Tusk|50/100 brn
|
|-weather|none
|-damage|p1a: Great Tusk|43/100 brn|[from] brn
|-sideend|p2: shun5412|move: Tailwind
|upkeep
|turn|10
|
|t:|1760783189
|switch|p2a: Gholdengo|Gholdengo|100/100
|-damage|p2a: Gholdengo|94/100|[from] Stealth Rock
|-item|p2a: Gholdengo|Air Balloon
|move|p1a: Great Tusk|Rapid Spin|p2a: Gholdengo
|-immune|p2a: Gholdengo
|
|-damage|p1a: Great Tusk|37/100 brn|[from] brn
|upkeep
|turn|11
|
|t:|1760783198
|-end|p1a: Great Tusk|Protosynthesis|[silent]
|switch|p1a: Alomomola|Alomomola, F|88/100
|move|p2a: Gholdengo|Nasty Plot|p2a: Gholdengo
|-boost|p2a: Gholdengo|spa|2
|
|upkeep
|turn|12
|
|t:|1760783205
|move|p2a: Gholdengo|Thunderbolt|p1a: Alomomola
|-supereffective|p1a: Alomomola
|-damage|p1a: Alomomola|21/100
|move|p1a: Alomomola|Flip Turn|p2a: Gholdengo
|-damage|p2a: Gholdengo|77/100
|-enditem|p2a: Gholdengo|Air Balloon
|
|t:|1760783209
|switch|p1a: Grimmsnarl|Grimmsnarl, M|70/100|[from] Flip Turn
|-damage|p1a: Grimmsnarl|58/100|[from] Stealth Rock
|
|upkeep
|turn|13
|
|t:|1760783217
|move|p1a: Grimmsnarl|Reflect|p1a: Grimmsnarl
|-sidestart|p1: theinquitosone|Reflect
|move|p2a: Gholdengo|Make It Rain|p1a: Grimmsnarl
|-supereffective|p1a: Grimmsnarl
|-damage|p1a: Grimmsnarl|0 fnt
|-unboost|p2a: Gholdengo|spa|1
|faint|p1a: Grimmsnarl
|
|upkeep
|
|t:|1760783228
|switch|p1a: Ceruledge|Ceruledge, F|100/100
|-damage|p1a: Ceruledge|76/100|[from] Stealth Rock
|turn|14
|
|t:|1760783234
|switch|p2a: Glimmora|Glimmora, M|88/100
|-damage|p2a: Glimmora|76/100|[from] Stealth Rock
|move|p1a: Ceruledge|Swords Dance|p1a: Ceruledge
|-boost|p1a: Ceruledge|atk|2
|
|upkeep
|turn|15
|
|t:|1760783241
|-terastallize|p1a: Ceruledge|Ghost
|move|p2a: Glimmora|Earth Power|p1a: Ceruledge
|-damage|p1a: Ceruledge|58/100
|move|p1a: Ceruledge|Poltergeist|p2a: Glimmora
|-activate|p2a: Glimmora|move: Poltergeist|Focus Sash
|-damage|p2a: Glimmora|0 fnt
|-activate|p2a: Glimmora|ability: Toxic Debris
|-sidestart|p1: theinquitosone|move: Toxic Spikes
|faint|p2a: Glimmora
|
|-sideend|p1: theinquitosone|move: Light Screen
|upkeep
|
|t:|1760783254
|switch|p2a: Garganacl|Garganacl, M|100/100
|-damage|p2a: Garganacl|88/100|[from] Stealth Rock
|turn|16
|
|t:|1760783258
|move|p1a: Ceruledge|Poltergeist|p2a: Garganacl
|-activate|p2a: Garganacl|move: Poltergeist|Leftovers
|-damage|p2a: Garganacl|39/100
|move|p2a: Garganacl|Salt Cure|p1a: Ceruledge
|-damage|p1a: Ceruledge|48/100
|-start|p1a: Ceruledge|Salt Cure
|-ability|p1a: Ceruledge|Weak Armor|boost
|-unboost|p1a: Ceruledge|def|1
|-boost|p1a: Ceruledge|spe|2
|
|-heal|p2a: Garganacl|45/100|[from] item: Leftovers
|-damage|p1a: Ceruledge|36/100|[from] Salt Cure
|upkeep
|turn|17
|
|t:|1760783271
|move|p2a: Garganacl|Protect|p2a: Garganacl
|-singleturn|p2a: Garganacl|Protect
|move|p1a: Ceruledge|Poltergeist|p2a: Garganacl
|-activate|p2a: Garganacl|move: Protect
|
|-heal|p2a: Garganacl|51/100|[from] item: Leftovers
|-damage|p1a: Ceruledge|23/100|[from] Salt Cure
|upkeep
|turn|18
|
|t:|1760783281
|switch|p1a: Great Tusk|Great Tusk|37/100 brn
|-damage|p1a: Great Tusk|34/100 brn|[from] Stealth Rock
|move|p2a: Garganacl|Recover|p2a: Garganacl
|-heal|p2a: Garganacl|100/100
|
|-damage|p1a: Great Tusk|28/100 brn|[from] brn
|upkeep
|turn|19
|
|t:|1760783293
|move|p2a: Garganacl|Protect|p2a: Garganacl
|-singleturn|p2a: Garganacl|Protect
|move|p1a: Great Tusk|Headlong Rush|p2a: Garganacl
|-activate|p2a: Garganacl|move: Protect
|
|-damage|p1a: Great Tusk|22/100 brn|[from] brn
|upkeep
|turn|20
|
|t:|1760783304
|-end|p1a: Great Tusk|Protosynthesis|[silent]
|switch|p1a: Alomomola|Alomomola, F|55/100
|move|p2a: Garganacl|Salt Cure|p1a: Alomomola
|-crit|p1a: Alomomola
|-damage|p1a: Alomomola|43/100
|-start|p1a: Alomomola|Salt Cure
|
|-damage|p1a: Alomomola|18/100|[from] Salt Cure
|-sideend|p1: theinquitosone|Reflect
|upkeep
|turn|21
|
|t:|1760783313
|switch|p1a: Iron Crown|Iron Crown|100/100
|-damage|p1a: Iron Crown|94/100|[from] Stealth Rock
|move|p2a: Garganacl|Protect||[still]
|-fail|p2a: Garganacl
|
|upkeep
|turn|22
|
|t:|1760783320
|move|p1a: Iron Crown|Tachyon Cutter|p2a: Garganacl
|-supereffective|p2a: Garganacl
|-damage|p2a: Garganacl|53/100
|-supereffective|p2a: Garganacl
|-damage|p2a: Garganacl|2/100
|-hitcount|p2a: Garganacl|2
|move|p2a: Garganacl|Salt Cure|p1a: Iron Crown
|-resisted|p1a: Iron Crown
|-damage|p1a: Iron Crown|86/100
|-start|p1a: Iron Crown|Salt Cure
|
|-heal|p2a: Garganacl|9/100|[from] item: Leftovers
|-damage|p1a: Iron Crown|62/100|[from] Salt Cure
|upkeep
|turn|23
|
|t:|1760783331
|move|p2a: Garganacl|Protect|p2a: Garganacl
|-singleturn|p2a: Garganacl|Protect
|move|p1a: Iron Crown|Tachyon Cutter|p2a: Garganacl
|-activate|p2a: Garganacl|move: Protect
|
|-heal|p2a: Garganacl|15/100|[from] item: Leftovers
|-damage|p1a: Iron Crown|37/100|[from] Salt Cure
|upkeep
|turn|24
|
|t:|1760783341
|switch|p2a: Pelipper|Pelipper, M|51/100
|-weather|RainDance|[from] ability: Drizzle|[of] p2a: Pelipper
|move|p1a: Iron Crown|Tachyon Cutter|p2a: Pelipper
|-resisted|p2a: Pelipper
|-damage|p2a: Pelipper|33/100
|-resisted|p2a: Pelipper
|-damage|p2a: Pelipper|13/100
|-hitcount|p2a: Pelipper|2
|
|-weather|RainDance|[upkeep]
|-damage|p1a: Iron Crown|12/100|[from] Salt Cure
|upkeep
|turn|25
|
|t:|1760783352
|-end|p1a: Iron Crown|Quark Drive|[silent]
|switch|p1a: Metagross|Metagross|100/100
|-damage|p1a: Metagross|94/100|[from] Stealth Rock
|move|p2a: Pelipper|Tailwind|p2a: Pelipper
|-sidestart|p2: shun5412|move: Tailwind
|
|-weather|RainDance|[upkeep]
|upkeep
|turn|26
|
|t:|1760783361
|move|p2a: Pelipper|Weather Ball|p1a: Metagross
|-damage|p1a: Metagross|40/100
|move|p1a: Metagross|Trailblaze|p2a: Pelipper
|-damage|p2a: Pelipper|0 fnt
|-boost|p1a: Metagross|spe|1
|faint|p2a: Pelipper
|
|-weather|RainDance|[upkeep]
|upkeep
|
|t:|1760783370
|switch|p2a: Grimmsnarl|Grimmsnarl, M|100/100
|-damage|p2a: Grimmsnarl|88/100|[from] Stealth Rock
|turn|27
|
|t:|1760783375
|move|p2a: Grimmsnarl|Reflect|p2a: Grimmsnarl
|-sidestart|p2: shun5412|Reflect
|move|p1a: Metagross|Heavy Slam|p2a: Grimmsnarl
|-supereffective|p2a: Grimmsnarl
|-damage|p2a: Grimmsnarl|24/100
|
|-weather|RainDance|[upkeep]
|upkeep
|turn|28
|
|t:|1760783381
|switch|p2a: Gholdengo|Gholdengo|77/100
|-damage|p2a: Gholdengo|71/100|[from] Stealth Rock
|move|p1a: Metagross|Iron Defense|p1a: Metagross
|-boost|p1a: Metagross|def|2
|
|-weather|none
|-sideend|p2: shun5412|move: Tailwind
|upkeep
|turn|29
|
|t:|1760783391
|move|p1a: Metagross|Heavy Slam|p2a: Gholdengo
|-resisted|p2a: Gholdengo
|-damage|p2a: Gholdengo|53/100
|move|p2a: Gholdengo|Shadow Ball|p1a: Metagross
|-supereffective|p1a: Metagross
|-damage|p1a: Metagross|0 fnt
|faint|p1a: Metagross
|
|upkeep
|
|t:|1760783397
|switch|p1a: Alomomola|Alomomola, F|51/100
|turn|30
|
|t:|1760783404
|switch|p1a: Great Tusk|Great Tusk|22/100 brn
|-damage|p1a: Great Tusk|19/100 brn|[from] Stealth Rock
|move|p2a: Gholdengo|Shadow Ball|p1a: Great Tusk
|-damage|p1a: Great Tusk|0 fnt
|faint|p1a: Great Tusk
|-end|p1a: Great Tusk|Protosynthesis|[silent]
|
|upkeep
|
|t:|1760783413
|switch|p1a: Alomomola|Alomomola, F|85/100
|turn|31
|
|t:|1760783419
|move|p2a: Gholdengo|Thunderbolt|p1a: Alomomola
|-supereffective|p1a: Alomomola
|-damage|p1a: Alomomola|20/100
|move|p1a: Alomomola|Wish|p1a: Alomomola
|
|upkeep
|turn|32
|
|t:|1760783427
|switch|p1a: Ceruledge|Ceruledge, F, tera:Ghost|23/100
|-damage|p1a: Ceruledge|11/100|[from] Stealth Rock
|-status|p1a: Ceruledge|psn
|move|p2a: Gholdengo|Shadow Ball|p1a: Ceruledge
|-supereffective|p1a: Ceruledge
|-damage|p1a: Ceruledge|0 fnt
|faint|p1a: Ceruledge
|
|upkeep
|-message|theinquitosone forfeited.
|
|win|shun5412
|raw|theinquitosone's rating: 1135 &rarr; <strong>1113</strong><br />(-22 for losing)
|raw|shun5412's rating: 1180 &rarr; <strong>1202</strong><br />(+22 for winning)
|l|‽theinquitosone
|player|p1|
|l|☆shun5412
|player|p2|
