|j|☆MoveWithPower
|j|☆ForretressTest
|t:|1760769285
|gametype|singles
|player|p1|MoveWithPower|blackbelt-gen2|1060
|player|p2|ForretressTest|266|1066
|gen|9
|tier|[Gen 9] OU
|rated|
|rule|HP Percentage Mod: HP is shown in percentages
|rule|Endless Battle Clause: Forcing endless battles is banned
|rule|Species Clause: Limit one of each Pokémon
|rule|OHKO Clause: OHKO moves are banned
|rule|Evasion Items Clause: Evasion items are banned
|rule|Evasion Moves Clause: Evasion moves are banned
|rule|Evasion Abilities Clause: Evasion abilities are banned
|rule|Sleep Moves Clause: Sleep-inducing moves are banned
|clearpoke
|poke|p1|Jirachi|
|poke|p1|Darkrai|
|poke|p1|Landorus-Therian, M|
|poke|p1|Kyurem|
|poke|p1|Zamazenta-*|
|poke|p1|Sceptile, M|
|poke|p2|Forretress, F|
|poke|p2|Samurott-Hisui, F|
|poke|p2|Mamoswine, M|
|poke|p2|Dragapult, M|
|poke|p2|Moltres|
|poke|p2|Slowking-Galar, M|
|teampreview
|inactive|Battle timer is ON: inactive players will automatically lose when time's up. (requested by MoveWithPower)
|
|t:|1760769297
|teamsize|p1|6
|teamsize|p2|6
|start
|switch|p1a: Landorus|Landorus-Therian, M, shiny|100/100
|switch|p2a: Mamoswine|Mamoswine, M|100/100
|-ability|p1a: Landorus|Intimidate|boost
|-unboost|p2a: Mamoswine|atk|1
|turn|1
|
|t:|1760769311
|move|p1a: Landorus|Stealth Rock|p2a: Mamoswine
|-sidestart|p2: ForretressTest|move: Stealth Rock
|move|p2a: Mamoswine|Knock Off|p1a: Landorus
|-damage|p1a: Landorus|81/100
|-damage|p2a: Mamoswine|84/100|[from] item: Rocky Helmet|[of] p1a: Landorus
|-enditem|p1a: Landorus|Rocky Helmet|[from] move: Knock Off|[of] p2a: Mamoswine
|
|upkeep
|turn|2
|
|t:|1760769326
|move|p1a: Landorus|Earth Power|p2a: Mamoswine
|-damage|p2a: Mamoswine|63/100
|move|p2a: Mamoswine|Icicle Crash|p1a: Landorus
|-supereffective|p1a: Landorus
|-damage|p1a: Landorus|0 fnt
|faint|p1a: Landorus
|
|upkeep
|
|t:|1760769340
|switch|p1a: Darkrai|Darkrai|100/100
|turn|3
|
|t:|1760769366
|switch|p2a: Slowking|Slowking-Galar, M|100/100
|move|p1a: Darkrai|Ice Beam|p2a: Slowking
|-damage|p2a: Slowking|82/100
|
|upkeep
|turn|4
|
|t:|1760769377
|switch|p1a: Jirachi|Jirachi|100/100
|switch|p2a: Samurott|Samurott-Hisui, F|100/100
|-damage|p2a: Samurott|88/100|[from] Stealth Rock
|
|upkeep
|turn|5
|
|t:|1760769384
|-terastallize|p1a: Jirachi|Steel
|move|p1a: Jirachi|Body Slam|p2a: Samurott
|-damage|p2a: Samurott|66/100
|-status|p2a: Samurott|par
|cant|p2a: Samurott|par
|
|upkeep
|turn|6
|
|t:|1760769400
|move|p2a: Samurott|Sucker Punch|p1a: Jirachi
|-crit|p1a: Jirachi
|-damage|p1a: Jirachi|63/100
|move|p1a: Jirachi|Iron Head|p2a: Samurott
|-resisted|p2a: Samurott
|-damage|p2a: Samurott|46/100 par
|
|-heal|p1a: Jirachi|69/100|[from] item: Leftovers
|upkeep
|turn|7
|
|t:|1760769424
|move|p1a: Jirachi|Iron Head|p2a: Samurott
|-resisted|p2a: Samurott
|-damage|p2a: Samurott|25/100 par
|move|p2a: Samurott|Knock Off|p1a: Jirachi
|-damage|p1a: Jirachi|35/100
|-enditem|p1a: Jirachi|Leftovers|[from] move: Knock Off|[of] p2a: Samurott
|
|upkeep
|turn|8
|
|t:|1760769441
|switch|p2a: Moltres|Moltres|100/100
|move|p1a: Jirachi|Iron Head|p2a: Moltres
|-resisted|p2a: Moltres
|-damage|p2a: Moltres|88/100
|
|upkeep
|turn|9
|
|t:|1760769447
|move|p1a: Jirachi|Body Slam|p2a: Moltres
|-damage|p2a: Moltres|73/100
|-status|p1a: Jirachi|brn|[from] ability: Flame Body|[of] p2a: Moltres
|move|p2a: Moltres|Flamethrower|p1a: Jirachi
|-supereffective|p1a: Jirachi
|-damage|p1a: Jirachi|0 fnt
|faint|p1a: Jirachi
|
|upkeep
|
|t:|1760769471
|switch|p1a: Kyurem|Kyurem, shiny|100/100
|-ability|p1a: Kyurem|Pressure
|turn|10
|
|t:|1760769481
|move|p1a: Kyurem|Draco Meteor|p2a: Moltres
|-damage|p2a: Moltres|0 fnt
|-unboost|p1a: Kyurem|spa|2
|faint|p2a: Moltres
|
|upkeep
|
|t:|1760769489
|switch|p2a: Dragapult|Dragapult, M|100/100
|turn|11
|
|t:|1760769497
|switch|p1a: Zamazenta|Zamazenta|100/100
|-ability|p1a: Zamazenta|Dauntless Shield|boost
|-boost|p1a: Zamazenta|def|1
|move|p2a: Dragapult|Draco Meteor|p1a: Zamazenta
|-damage|p1a: Zamazenta|54/100
|-unboost|p2a: Dragapult|spa|2
|
|-heal|p1a: Zamazenta|60/100|[from] item: Leftovers
|upkeep
|turn|12
|
|t:|1760769511
|switch|p2a: Slowking|Slowking-Galar, M|100/100
|move|p1a: Zamazenta|Crunch|p2a: Slowking
|-supereffective|p2a: Slowking
|-damage|p2a: Slowking|56/100
|
|-heal|p1a: Zamazenta|66/100|[from] item: Leftovers
|upkeep
|turn|13
|
|t:|1760769521
|switch|p2a: Samurott|Samurott-Hisui, F|25/100 par
|-damage|p2a: Samurott|13/100 par|[from] Stealth Rock
|move|p1a: Zamazenta|Crunch|p2a: Samurott
|-resisted|p2a: Samurott
|-damage|p2a: Samurott|1/100 par
|
|-heal|p1a: Zamazenta|72/100|[from] item: Leftovers
|upkeep
|turn|14
|
|t:|1760769536
|move|p1a: Zamazenta|Crunch|p2a: Samurott
|-resisted|p2a: Samurott
|-damage|p2a: Samurott|0 fnt
|faint|p2a: Samurott
|
|-heal|p1a: Zamazenta|79/100|[from] item: Leftovers
|upkeep
|
|t:|1760769551
|switch|p2a: Slowking|Slowking-Galar, M|90/100
|turn|15
|
|t:|1760769554
|move|p1a: Zamazenta|Crunch|p2a: Slowking
|-supereffective|p2a: Slowking
|-damage|p2a: Slowking|42/100
|move|p2a: Slowking|Future Sight|p1a: Zamazenta
|-start|p2a: Slowking|move: Future Sight
|
|-heal|p1a: Zamazenta|85/100|[from] item: Leftovers
|upkeep
|turn|16
|
|t:|1760769563
|switch|p2a: Forretress|Forretress, F|100/100
|move|p1a: Zamazenta|Iron Defense|p1a: Zamazenta
|-boost|p1a: Zamazenta|def|2
|
|-heal|p1a: Zamazenta|91/100|[from] item: Leftovers
|upkeep
|turn|17
|
|t:|1760769572
|switch|p2a: Dragapult|Dragapult, M|100/100
|move|p1a: Zamazenta|Iron Defense|p1a: Zamazenta
|-boost|p1a: Zamazenta|def|2
|
|-end|p1a: Zamazenta|move: Future Sight
|-supereffective|p1a: Zamazenta
|-damage|p1a: Zamazenta|19/100
|-heal|p1a: Zamazenta|25/100|[from] item: Leftovers
|upkeep
|turn|18
|
|t:|1760769580
|move|p2a: Dragapult|Shadow Ball|p1a: Zamazenta
|-damage|p1a: Zamazenta|0 fnt
|faint|p1a: Zamazenta
|
|upkeep
|
|t:|1760769585
|switch|p1a: Darkrai|Darkrai|100/100
|turn|19
|
|t:|1760769594
|switch|p2a: Forretress|Forretress, F|100/100
|move|p1a: Darkrai|Dark Pulse|p2a: Forretress
|-damage|p2a: Forretress|43/100
|
|upkeep
|turn|20
|
|t:|1760769617
|move|p1a: Darkrai|Dark Pulse|p2a: Forretress
|-damage|p2a: Forretress|0 fnt
|faint|p2a: Forretress
|
|upkeep
|
|t:|1760769626
|switch|p2a: Slowking|Slowking-Galar, M|76/100
|turn|21
|
|t:|1760769628
|-terastallize|p2a: Slowking|Water
|move|p1a: Darkrai|Dark Pulse|p2a: Slowking
|-damage|p2a: Slowking|52/100
|move|p2a: Slowking|Thunder Wave|p1a: Darkrai
|-status|p1a: Darkrai|par
|
|upkeep
|turn|22
|
|t:|1760769642
|switch|p1a: Kyurem|Kyurem, shiny|100/100
|-ability|p1a: Kyurem|Pressure
|move|p2a: Slowking|Sludge Bomb|p1a: Kyurem
|-damage|p1a: Kyurem|67/100
|
|upkeep
|turn|23
|
|t:|1760769650
|switch|p2a: Mamoswine|Mamoswine, M|63/100
|-damage|p2a: Mamoswine|51/100|[from] Stealth Rock
|move|p1a: Kyurem|Freeze-Dry|p2a: Mamoswine
|-damage|p2a: Mamoswine|41/100
|
|upkeep
|turn|24
|
|t:|1760769659
|move|p1a: Kyurem|Draco Meteor|p2a: Mamoswine
|-damage|p2a: Mamoswine|0 fnt
|-unboost|p1a: Kyurem|spa|2
|faint|p2a: Mamoswine
|
|upkeep
|
|t:|1760769664
|switch|p2a: Slowking|Slowking-Galar, M, tera:Water|85/100
|turn|25
|
|t:|1760769667
|move|p1a: Kyurem|Freeze-Dry|p2a: Slowking
|-supereffective|p2a: Slowking
|-damage|p2a: Slowking|65/100
|move|p2a: Slowking|Future Sight|p1a: Kyurem
|-start|p2a: Slowking|move: Future Sight
|
|upkeep
|turn|26
|
|t:|1760769678
|switch|p1a: Sceptile|Sceptile, M|100/100
|move|p2a: Slowking|Sludge Bomb|p1a: Sceptile
|-supereffective|p1a: Sceptile
|-damage|p1a: Sceptile|12/100
|
|-heal|p1a: Sceptile|18/100|[from] item: Leftovers
|upkeep
|turn|27
|
|t:|1760769690
|move|p1a: Sceptile|Leaf Storm|p2a: Slowking
|-supereffective|p2a: Slowking
|-damage|p2a: Slowking|0 fnt
|-unboost|p1a: Sceptile|spa|2
|faint|p2a: Slowking
|
|-end|p1a: Sceptile|move: Future Sight
|-damage|p1a: Sceptile|0 fnt
|faint|p1a: Sceptile
|upkeep
|
|t:|1760769696
|switch|p1a: Kyurem|Kyurem, shiny|67/100
|switch|p2a: Dragapult|Dragapult, M|100/100
|-ability|p1a: Kyurem|Pressure
|turn|28
|
|t:|1760769702
|move|p2a: Dragapult|Draco Meteor|p1a: Kyurem
|-supereffective|p1a: Kyurem
|-damage|p1a: Kyurem|0 fnt
|-unboost|p2a: Dragapult|spa|2
|faint|p1a: Kyurem
|
|upkeep
|
|t:|1760769705
|switch|p1a: Darkrai|Darkrai|100/100 par
|turn|29
|
|t:|1760769711
|move|p2a: Dragapult|Draco Meteor|p1a: Darkrai
|-damage|p1a: Darkrai|66/100 par
|-unboost|p2a: Dragapult|spa|2
|cant|p1a: Darkrai|par
|
|upkeep
|turn|30
|
|t:|1760769717
|move|p2a: Dragapult|Flamethrower|p1a: Darkrai
|-damage|p1a: Darkrai|55/100 par
|move|p1a: Darkrai|Dark Pulse|p2a: Dragapult
|-supereffective|p2a: Dragapult
|-damage|p2a: Dragapult|0 fnt
|faint|p2a: Dragapult
|
|win|MoveWithPower
|raw|MoveWithPower's rating: 1060 &rarr; <strong>1094</strong><br />(+34 for winning)
|raw|ForretressTest's rating: 1090 &rarr; <strong>1064</strong><br />(-26 for losing)
|l|☆ForretressTest
|player|p2|
|l|☆MoveWithPower
|player|p1|
