|j|☆illegalsushi
|j|☆1ncorrect_
|t:|1760835571
|gametype|singles
|player|p1|illegalsushi|266|1249
|player|p2|1ncorrect_|101|1249
|gen|9
|tier|[Gen 9] OU
|rated|
|rule|HP Percentage Mod: HP is shown in percentages
|rule|Endless Battle Clause: Forcing endless battles is banned
|rule|Species Clause: Limit one of each Pokémon
|rule|OHKO Clause: OHKO moves are banned
|rule|Evasion Items Clause: Evasion items are banned
|rule|Evasion Moves Clause: Evasion moves are banned
|rule|Evasion Abilities Clause: Evasion abilities are banned
|rule|Sleep Moves Clause: Sleep-inducing moves are banned
|clearpoke
|poke|p1|Rotom-Frost|
|poke|p1|Slowking-Galar, L99, M|
|poke|p1|Keldeo-Resolute|
|poke|p1|Kingambit, F|
|poke|p1|Landorus-Therian, M|
|poke|p1|Cinderace, F|
|poke|p2|Garchomp, F|
|poke|p2|Darkrai|
|poke|p2|Slowking-Galar, F|
|poke|p2|Zamazenta-*|
|poke|p2|Garganacl, M|
|poke|p2|Ceruledge, M|
|teampreview
|
|t:|1760835589
|teamsize|p1|6
|teamsize|p2|6
|start
|switch|p1a: Keldeo|Keldeo-Resolute|100/100
|switch|p2a: Garchomp|Garchomp, F, shiny|100/100
|turn|1
|
|t:|1760835597
|move|p1a: Keldeo|Surf|p2a: Garchomp
|-crit|p2a: Garchomp
|-damage|p2a: Garchomp|1/100
|move|p2a: Garchomp|Stealth Rock|p1a: Keldeo
|-sidestart|p1: illegalsushi|move: Stealth Rock
|
|upkeep
|turn|2
|
|t:|1760835611
|switch|p2a: Slowking|Slowking-Galar, F|100/100
|move|p1a: Keldeo|Surf|p2a: Slowking
|-damage|p2a: Slowking|48/100
|
|upkeep
|turn|3
|
|t:|1760835618
|move|p1a: Keldeo|Surf|p2a: Slowking
|-damage|p2a: Slowking|1/100
|move|p2a: Slowking|Future Sight|p1a: Keldeo
|-start|p2a: Slowking|move: Future Sight
|
|upkeep
|turn|4
|
|t:|1760835627
|switch|p2a: Zamazenta|Zamazenta|100/100
|-ability|p2a: Zamazenta|Dauntless Shield|boost
|-boost|p2a: Zamazenta|def|1
|move|p1a: Keldeo|Surf|p2a: Zamazenta
|-damage|p2a: Zamazenta|44/100
|
|-heal|p2a: Zamazenta|50/100|[from] item: Leftovers
|upkeep
|turn|5
|
|t:|1760835634
|switch|p1a: Slowking|Slowking-Galar, L99, M|100/100
|move|p2a: Zamazenta|Body Press|p1a: Slowking
|-resisted|p1a: Slowking
|-damage|p1a: Slowking|87/100
|
|-end|p1a: Slowking|move: Future Sight
|-damage|p1a: Slowking|51/100
|-heal|p2a: Zamazenta|56/100|[from] item: Leftovers
|upkeep
|turn|6
|
|t:|1760835647
|switch|p2a: Garganacl|Garganacl, M|100/100
|move|p1a: Slowking|Future Sight|p2a: Garganacl
|-start|p1a: Slowking|move: Future Sight
|
|upkeep
|turn|7
|
|t:|1760835658
|move|p2a: Garganacl|Salt Cure|p1a: Slowking
|-damage|p1a: Slowking|36/100
|-start|p1a: Slowking|Salt Cure
|-prepare|p1a: Slowking|Chilly Reception|[premajor]
|move|p1a: Slowking|Chilly Reception|p1a: Slowking
|-weather|Snowscape
|
|t:|1760835663
|switch|p1a: Keldeo|Keldeo-Resolute|100/100|[from] Chilly Reception
|-damage|p1a: Keldeo|94/100|[from] Stealth Rock
|
|-weather|Snowscape|[upkeep]
|upkeep
|turn|8
|
|t:|1760835668
|move|p2a: Garganacl|Protect|p2a: Garganacl
|-singleturn|p2a: Garganacl|Protect
|move|p1a: Keldeo|Surf|p2a: Garganacl
|-activate|p2a: Garganacl|move: Protect
|
|-weather|Snowscape|[upkeep]
|-end|p2a: Garganacl|move: Future Sight
|-damage|p2a: Garganacl|66/100
|-heal|p2a: Garganacl|72/100|[from] item: Leftovers
|upkeep
|turn|9
|
|t:|1760835687
|switch|p2a: Garchomp|Garchomp, F, shiny|1/100
|move|p1a: Keldeo|Surf|p2a: Garchomp
|-damage|p2a: Garchomp|0 fnt
|faint|p2a: Garchomp
|
|-weather|Snowscape|[upkeep]
|upkeep
|
|t:|1760835697
|switch|p2a: Darkrai|Darkrai|100/100
|turn|10
|
|t:|1760835715
|switch|p1a: Rotom|Rotom-Frost|100/100
|move|p2a: Darkrai|Sludge Bomb|p1a: Rotom
|-damage|p1a: Rotom|59/100
|
|-weather|Snowscape|[upkeep]
|upkeep
|turn|11
|
|t:|1760835725
|move|p2a: Darkrai|Dark Pulse|p1a: Rotom
|-damage|p1a: Rotom|0 fnt
|faint|p1a: Rotom
|
|-weather|none
|upkeep
|
|t:|1760835733
|switch|p1a: Cinderace|Cinderace, F|100/100
|turn|12
|
|t:|1760835741
|switch|p2a: Slowking|Slowking-Galar, F|35/100
|move|p1a: Cinderace|U-turn|p2a: Slowking
|-start|p1a: Cinderace|typechange|Bug|[from] ability: Libero
|-damage|p2a: Slowking|0 fnt
|faint|p2a: Slowking
|
|t:|1760835749
|switch|p1a: Landorus|Landorus-Therian, M|100/100|[from] U-turn
|-damage|p1a: Landorus|88/100|[from] Stealth Rock
|
|upkeep
|
|t:|1760835755
|switch|p2a: Garganacl|Garganacl, M|72/100
|turn|13
|
|t:|1760835759
|move|p1a: Landorus|Earth Power|p2a: Garganacl
|-supereffective|p2a: Garganacl
|-damage|p2a: Garganacl|28/100
|move|p2a: Garganacl|Ice Punch|p1a: Landorus
|-supereffective|p1a: Landorus
|-damage|p1a: Landorus|32/100
|-damage|p2a: Garganacl|11/100|[from] item: Rocky Helmet|[of] p1a: Landorus
|
|-heal|p2a: Garganacl|17/100|[from] item: Leftovers
|upkeep
|turn|14
|
|t:|1760835769
|move|p2a: Garganacl|Protect|p2a: Garganacl
|-singleturn|p2a: Garganacl|Protect
|move|p1a: Landorus|Earth Power|p2a: Garganacl
|-activate|p2a: Garganacl|move: Protect
|
|-heal|p2a: Garganacl|24/100|[from] item: Leftovers
|upkeep
|turn|15
|
|t:|1760835780
|switch|p2a: Zamazenta|Zamazenta|56/100
|move|p1a: Landorus|Earth Power|p2a: Zamazenta
|-damage|p2a: Zamazenta|29/100
|
|-heal|p2a: Zamazenta|35/100|[from] item: Leftovers
|upkeep
|turn|16
|
|t:|1760835790
|move|p2a: Zamazenta|Crunch|p1a: Landorus
|-damage|p1a: Landorus|14/100
|-damage|p2a: Zamazenta|19/100|[from] item: Rocky Helmet|[of] p1a: Landorus
|move|p1a: Landorus|Earth Power|p2a: Zamazenta
|-damage|p2a: Zamazenta|0 fnt
|faint|p2a: Zamazenta
|
|upkeep
|
|t:|1760835794
|switch|p2a: Darkrai|Darkrai|100/100
|turn|17
|
|t:|1760835802
|move|p2a: Darkrai|Ice Beam|p1a: Landorus
|-supereffective|p1a: Landorus
|-damage|p1a: Landorus|0 fnt
|faint|p1a: Landorus
|
|upkeep
|
|t:|1760835805
|switch|p1a: Keldeo|Keldeo-Resolute|94/100
|-damage|p1a: Keldeo|88/100|[from] Stealth Rock
|turn|18
|
|t:|1760835822
|-terastallize|p2a: Darkrai|Poison
|move|p2a: Darkrai|Sludge Bomb|p1a: Keldeo
|-damage|p1a: Keldeo|33/100
|move|p1a: Keldeo|Surf|p2a: Darkrai
|-damage|p2a: Darkrai|0 fnt
|faint|p2a: Darkrai
|
|upkeep
|
|t:|1760835837
|switch|p2a: Ceruledge|Ceruledge, M, shiny|100/100
|turn|19
|
|t:|1760835862
|move|p1a: Keldeo|Surf|p2a: Ceruledge
|-supereffective|p2a: Ceruledge
|-enditem|p2a: Ceruledge|Focus Sash
|-damage|p2a: Ceruledge|1/100
|move|p2a: Ceruledge|Swords Dance|p2a: Ceruledge
|-boost|p2a: Ceruledge|atk|2
|
|upkeep
|turn|20
|
|t:|1760835871
|move|p2a: Ceruledge|Shadow Sneak|p1a: Keldeo
|-damage|p1a: Keldeo|0 fnt
|faint|p1a: Keldeo
|
|upkeep
|
|t:|1760835897
|switch|p1a: Cinderace|Cinderace, F|100/100
|turn|21
|
|t:|1760835904
|move|p2a: Ceruledge|Shadow Sneak|p1a: Cinderace
|-damage|p1a: Cinderace|38/100
|move|p1a: Cinderace|U-turn|p2a: Ceruledge
|-start|p1a: Cinderace|typechange|Bug|[from] ability: Libero
|-resisted|p2a: Ceruledge
|-crit|p2a: Ceruledge
|-damage|p2a: Ceruledge|0 fnt
|faint|p2a: Ceruledge
|
|t:|1760835909
|switch|p1a: Kingambit|Kingambit, F|100/100|[from] U-turn
|-damage|p1a: Kingambit|94/100|[from] Stealth Rock
|-activate|p1a: Kingambit|ability: Supreme Overlord
|-start|p1a: Kingambit|fallen3|[silent]
|
|-heal|p1a: Kingambit|100/100|[from] item: Leftovers
|upkeep
|
|t:|1760835912
|switch|p2a: Garganacl|Garganacl, M|24/100
|turn|22
|
|t:|1760835917
|move|p2a: Garganacl|Protect|p2a: Garganacl
|-singleturn|p2a: Garganacl|Protect
|move|p1a: Kingambit|Kowtow Cleave|p2a: Garganacl
|-activate|p2a: Garganacl|move: Protect
|
|-heal|p2a: Garganacl|30/100|[from] item: Leftovers
|upkeep
|turn|23
|
|t:|1760835923
|move|p1a: Kingambit|Kowtow Cleave|p2a: Garganacl
|-damage|p2a: Garganacl|0 fnt
|faint|p2a: Garganacl
|
|win|illegalsushi
|raw|illegalsushi's rating: 1249 &rarr; <strong>1274</strong><br />(+25 for winning)
|raw|1ncorrect_'s rating: 1249 &rarr; <strong>1224</strong><br />(-25 for losing)
|l|☆1ncorrect_
|player|p2|
|l|☆illegalsushi
|player|p1|
