|j|☆newhere1310
|j|☆Pipich
|t:|1760852105
|gametype|singles
|player|p1|newhere1310|gentleman-lgpe|1602
|player|p2|Pipich|101|1562
|gen|9
|tier|[Gen 9] OU
|rated|
|rule|HP Percentage Mod: HP is shown in percentages
|rule|Endless Battle Clause: Forcing endless battles is banned
|rule|Species Clause: Limit one of each Pokémon
|rule|OHKO Clause: OHKO moves are banned
|rule|Evasion Items Clause: Evasion items are banned
|rule|Evasion Moves Clause: Evasion moves are banned
|rule|Evasion Abilities Clause: Evasion abilities are banned
|rule|Sleep Moves Clause: Sleep-inducing moves are banned
|clearpoke
|poke|p1|Volcanion|
|poke|p1|Great Tusk|
|poke|p1|Iron Crown|
|poke|p1|Weavile, M|
|poke|p1|Clodsire, F|
|poke|p1|Dragonite, M|
|poke|p2|Walking Wake|
|poke|p2|Ninetales, F|
|poke|p2|Raging Bolt|
|poke|p2|Rillaboom, F|
|poke|p2|Great Tusk|
|poke|p2|Infernape, M|
|teampreview
|inactive|Battle timer is ON: inactive players will automatically lose when time's up. (requested by newhere1310)
|
|t:|1760852135
|teamsize|p1|6
|teamsize|p2|6
|start
|switch|p1a: Volcanion|Volcanion|100/100
|switch|p2a: Infernape|Infernape, M|100/100
|turn|1
|
|t:|1760852146
|move|p2a: Infernape|U-turn|p1a: Volcanion
|-resisted|p1a: Volcanion
|-damage|p1a: Volcanion|88/100
|
|t:|1760852153
|switch|p2a: Walking Wake|Walking Wake|100/100|[from] U-turn
|move|p1a: Volcanion|Earth Power|p2a: Walking Wake
|-damage|p2a: Walking Wake|61/100
|
|upkeep
|turn|2
|
|t:|1760852161
|move|p2a: Walking Wake|Dragon Pulse|p1a: Volcanion
|-damage|p1a: Volcanion|61/100
|move|p1a: Volcanion|Sludge Bomb|p2a: Walking Wake
|-damage|p2a: Walking Wake|22/100
|
|upkeep
|turn|3
|
|t:|1760852171
|-end|p2a: Walking Wake|Protosynthesis|[silent]
|switch|p2a: Raging Bolt|Raging Bolt|100/100
|move|p1a: Volcanion|Sludge Bomb|p2a: Raging Bolt
|-damage|p2a: Raging Bolt|72/100
|-status|p2a: Raging Bolt|psn
|
|-damage|p2a: Raging Bolt|60/100 psn|[from] psn
|upkeep
|turn|4
|
|t:|1760852184
|move|p2a: Raging Bolt|Dragon Pulse|p1a: Volcanion
|-damage|p1a: Volcanion|27/100
|move|p1a: Volcanion|Earth Power|p2a: Raging Bolt
|-supereffective|p2a: Raging Bolt
|-damage|p2a: Raging Bolt|0 fnt
|faint|p2a: Raging Bolt
|-end|p2a: Raging Bolt|Protosynthesis|[silent]
|
|upkeep
|
|t:|1760852201
|switch|p2a: Infernape|Infernape, M|100/100
|turn|5
|
|t:|1760852210
|switch|p1a: Clodsire|Clodsire, F|100/100
|move|p2a: Infernape|Close Combat|p1a: Clodsire
|-resisted|p1a: Clodsire
|-damage|p1a: Clodsire|72/100
|-unboost|p2a: Infernape|def|1
|-unboost|p2a: Infernape|spd|1
|-damage|p2a: Infernape|84/100|[from] item: Rocky Helmet|[of] p1a: Clodsire
|
|upkeep
|turn|6
|
|t:|1760852224
|switch|p2a: Ninetales|Ninetales, F|100/100
|-weather|SunnyDay|[from] ability: Drought|[of] p2a: Ninetales
|move|p1a: Clodsire|Toxic|p2a: Ninetales
|-status|p2a: Ninetales|tox
|
|-weather|SunnyDay|[upkeep]
|-damage|p2a: Ninetales|94/100 tox|[from] psn
|upkeep
|turn|7
|
|t:|1760852235
|move|p2a: Ninetales|Flamethrower|p1a: Clodsire
|-damage|p1a: Clodsire|45/100
|move|p1a: Clodsire|Earthquake|p2a: Ninetales
|-supereffective|p2a: Ninetales
|-damage|p2a: Ninetales|21/100 tox
|
|-weather|SunnyDay|[upkeep]
|-damage|p2a: Ninetales|9/100 tox|[from] psn
|upkeep
|turn|8
|
|t:|1760852245
|switch|p2a: Rillaboom|Rillaboom, F|100/100
|-fieldstart|move: Grassy Terrain|[from] ability: Grassy Surge|[of] p2a: Rillaboom
|move|p1a: Clodsire|Recover|p1a: Clodsire
|-heal|p1a: Clodsire|95/100
|
|-weather|SunnyDay|[upkeep]
|-heal|p1a: Clodsire|100/100|[from] Grassy Terrain
|upkeep
|turn|9
|
|t:|1760852257
|-terastallize|p2a: Rillaboom|Grass
|move|p2a: Rillaboom|Wood Hammer|p1a: Clodsire
|-damage|p1a: Clodsire|0 fnt
|-damage|p2a: Rillaboom|84/100|[from] item: Rocky Helmet|[of] p1a: Clodsire
|faint|p1a: Clodsire
|-damage|p2a: Rillaboom|46/100|[from] Recoil
|
|-weather|SunnyDay|[upkeep]
|-heal|p2a: Rillaboom|52/100|[from] Grassy Terrain
|upkeep
|
|t:|1760852270
|switch|p1a: Weavile|Weavile, M|100/100
|-ability|p1a: Weavile|Pressure
|turn|10
|
|t:|1760852279
|switch|p2a: Infernape|Infernape, M|84/100
|move|p1a: Weavile|Knock Off|p2a: Infernape
|-resisted|p2a: Infernape
|-damage|p2a: Infernape|31/100
|-enditem|p2a: Infernape|Choice Band|[from] move: Knock Off|[of] p1a: Weavile
|
|-weather|SunnyDay|[upkeep]
|-heal|p2a: Infernape|37/100|[from] Grassy Terrain
|upkeep
|turn|11
|
|t:|1760852293
|-terastallize|p1a: Weavile|Dark
|move|p1a: Weavile|Knock Off|p2a: Infernape
|-resisted|p2a: Infernape
|-damage|p2a: Infernape|0 fnt
|faint|p2a: Infernape
|
|-weather|SunnyDay|[upkeep]
|upkeep
|
|t:|1760852305
|switch|p2a: Walking Wake|Walking Wake|22/100
|-activate|p2a: Walking Wake|ability: Protosynthesis
|-start|p2a: Walking Wake|protosynthesisspe
|turn|12
|
|t:|1760852310
|switch|p1a: Volcanion|Volcanion|27/100
|move|p2a: Walking Wake|Hydro Steam|p1a: Volcanion
|-heal|p1a: Volcanion|52/100|[from] ability: Water Absorb|[of] p2a: Walking Wake
|
|-weather|SunnyDay|[upkeep]
|-heal|p2a: Walking Wake|28/100|[from] Grassy Terrain
|-heal|p1a: Volcanion|58/100|[from] Grassy Terrain
|-fieldend|move: Grassy Terrain
|upkeep
|turn|13
|
|t:|1760852321
|-end|p2a: Walking Wake|Protosynthesis|[silent]
|switch|p2a: Great Tusk|Great Tusk|100/100
|-activate|p2a: Great Tusk|ability: Protosynthesis
|-start|p2a: Great Tusk|protosynthesisspe
|move|p1a: Volcanion|Sludge Bomb|p2a: Great Tusk
|-resisted|p2a: Great Tusk
|-damage|p2a: Great Tusk|78/100
|
|-weather|none
|-end|p2a: Great Tusk|Protosynthesis
|upkeep
|turn|14
|
|t:|1760852334
|switch|p1a: Great Tusk|Great Tusk|100/100
|move|p2a: Great Tusk|Stealth Rock|p1a: Great Tusk
|-sidestart|p1: newhere1310|move: Stealth Rock
|
|upkeep
|turn|15
|
|t:|1760852339
|move|p2a: Great Tusk|Ice Spinner|p1a: Great Tusk
|-supereffective|p1a: Great Tusk
|-damage|p1a: Great Tusk|65/100
|move|p1a: Great Tusk|Rapid Spin|p2a: Great Tusk
|-damage|p2a: Great Tusk|68/100
|-boost|p1a: Great Tusk|spe|1
|-damage|p1a: Great Tusk|48/100|[from] item: Rocky Helmet|[of] p2a: Great Tusk
|-sideend|p1: newhere1310|Stealth Rock|[from] move: Rapid Spin|[of] p1a: Great Tusk
|
|upkeep
|turn|16
|
|t:|1760852348
|move|p1a: Great Tusk|Ice Spinner|p2a: Great Tusk
|-supereffective|p2a: Great Tusk
|-damage|p2a: Great Tusk|35/100
|-damage|p1a: Great Tusk|32/100|[from] item: Rocky Helmet|[of] p2a: Great Tusk
|move|p2a: Great Tusk|Ice Spinner|p1a: Great Tusk
|-supereffective|p1a: Great Tusk
|-damage|p1a: Great Tusk|0 fnt
|faint|p1a: Great Tusk
|-end|p1a: Great Tusk|Protosynthesis|[silent]
|
|upkeep
|
|t:|1760852354
|switch|p1a: Iron Crown|Iron Crown|100/100
|turn|17
|
|t:|1760852361
|move|p1a: Iron Crown|Psychic Noise|p2a: Great Tusk
|-supereffective|p2a: Great Tusk
|-damage|p2a: Great Tusk|0 fnt
|faint|p2a: Great Tusk
|-end|p2a: Great Tusk|Protosynthesis|[silent]
|
|upkeep
|
|t:|1760852369
|switch|p2a: Ninetales|Ninetales, F|9/100 tox
|-weather|SunnyDay|[from] ability: Drought|[of] p2a: Ninetales
|turn|18
|
|t:|1760852375
|-end|p1a: Iron Crown|Quark Drive|[silent]
|switch|p1a: Volcanion|Volcanion|58/100
|move|p2a: Ninetales|Healing Wish|p2a: Ninetales
|faint|p2a: Ninetales
|
|-weather|SunnyDay|[upkeep]
|upkeep
|
|t:|1760852385
|switch|p2a: Walking Wake|Walking Wake|28/100
|-heal|p2a: Walking Wake|100/100|[from] move: Healing Wish
|-activate|p2a: Walking Wake|ability: Protosynthesis
|-start|p2a: Walking Wake|protosynthesisspe
|turn|19
|
|t:|1760852391
|move|p2a: Walking Wake|Dragon Pulse|p1a: Volcanion
|-damage|p1a: Volcanion|28/100
|move|p1a: Volcanion|Sludge Bomb|p2a: Walking Wake
|-damage|p2a: Walking Wake|58/100
|-status|p2a: Walking Wake|psn
|
|-weather|SunnyDay|[upkeep]
|-damage|p2a: Walking Wake|46/100 psn|[from] psn
|upkeep
|turn|20
|
|t:|1760852400
|move|p2a: Walking Wake|Dragon Pulse|p1a: Volcanion
|-damage|p1a: Volcanion|0 fnt
|faint|p1a: Volcanion
|
|-weather|SunnyDay|[upkeep]
|-damage|p2a: Walking Wake|33/100 psn|[from] psn
|upkeep
|
|t:|1760852403
|switch|p1a: Iron Crown|Iron Crown|100/100
|turn|21
|
|t:|1760852409
|move|p2a: Walking Wake|Flamethrower|p1a: Iron Crown
|-supereffective|p1a: Iron Crown
|-damage|p1a: Iron Crown|14/100
|move|p1a: Iron Crown|Psychic Noise|p2a: Walking Wake
|-damage|p2a: Walking Wake|0 fnt
|faint|p2a: Walking Wake
|-end|p2a: Walking Wake|Protosynthesis|[silent]
|
|-weather|SunnyDay|[upkeep]
|upkeep
|
|t:|1760852419
|switch|p2a: Rillaboom|Rillaboom, F, tera:Grass|52/100
|-fieldstart|move: Grassy Terrain|[from] ability: Grassy Surge|[of] p2a: Rillaboom
|turn|22
|
|t:|1760852425
|move|p2a: Rillaboom|Grassy Glide|p1a: Iron Crown
|-resisted|p1a: Iron Crown
|-damage|p1a: Iron Crown|0 fnt
|faint|p1a: Iron Crown
|-end|p1a: Iron Crown|Quark Drive|[silent]
|
|-weather|SunnyDay|[upkeep]
|-heal|p2a: Rillaboom|58/100|[from] Grassy Terrain
|upkeep
|
|t:|1760852428
|switch|p1a: Weavile|Weavile, M, tera:Dark|100/100
|-ability|p1a: Weavile|Pressure
|turn|23
|
|t:|1760852436
|move|p1a: Weavile|Ice Shard|p2a: Rillaboom
|-supereffective|p2a: Rillaboom
|-damage|p2a: Rillaboom|7/100
|move|p2a: Rillaboom|Grassy Glide|p1a: Weavile
|-damage|p1a: Weavile|0 fnt
|faint|p1a: Weavile
|
|-weather|SunnyDay|[upkeep]
|-heal|p2a: Rillaboom|14/100|[from] Grassy Terrain
|upkeep
|
|t:|1760852438
|switch|p1a: Dragonite|Dragonite, M|100/100
|turn|24
|
|t:|1760852448
|move|p2a: Rillaboom|Grassy Glide|p1a: Dragonite
|-resisted|p1a: Dragonite
|-damage|p1a: Dragonite|89/100
|move|p1a: Dragonite|Dragon Dance|p1a: Dragonite
|-boost|p1a: Dragonite|atk|1
|-boost|p1a: Dragonite|spe|1
|
|-weather|SunnyDay|[upkeep]
|-heal|p2a: Rillaboom|20/100|[from] Grassy Terrain
|upkeep
|turn|25
|
|t:|1760852461
|move|p2a: Rillaboom|Grassy Glide|p1a: Dragonite
|-resisted|p1a: Dragonite
|-crit|p1a: Dragonite
|-damage|p1a: Dragonite|54/100
|move|p1a: Dragonite|Roost|p1a: Dragonite
|-heal|p1a: Dragonite|100/100
|-singleturn|p1a: Dragonite|move: Roost
|
|-weather|none
|-heal|p2a: Rillaboom|26/100|[from] Grassy Terrain
|upkeep
|turn|26
|
|t:|1760852472
|move|p2a: Rillaboom|Grassy Glide|p1a: Dragonite
|-resisted|p1a: Dragonite
|-crit|p1a: Dragonite
|-damage|p1a: Dragonite|81/100
|move|p1a: Dragonite|Dragon Dance|p1a: Dragonite
|-boost|p1a: Dragonite|atk|1
|-boost|p1a: Dragonite|spe|1
|
|-heal|p2a: Rillaboom|32/100|[from] Grassy Terrain
|-fieldend|move: Grassy Terrain
|upkeep
|turn|27
|c|☆Pipich|Gg
|
|t:|1760852482
|move|p1a: Dragonite|Dragon Dance|p1a: Dragonite
|-boost|p1a: Dragonite|atk|1
|-boost|p1a: Dragonite|spe|1
|move|p2a: Rillaboom|Grassy Glide|p1a: Dragonite
|-resisted|p1a: Dragonite
|-damage|p1a: Dragonite|59/100
|
|upkeep
|turn|28
|c|☆newhere1310|gg
|
|t:|1760852489
|move|p1a: Dragonite|Roost|p1a: Dragonite
|-heal|p1a: Dragonite|100/100
|-singleturn|p1a: Dragonite|move: Roost
|move|p2a: Rillaboom|Grassy Glide|p1a: Dragonite
|-resisted|p1a: Dragonite
|-damage|p1a: Dragonite|80/100
|
|upkeep
|turn|29
|inactive|Pipich has 120 seconds left.
|inactive|Pipich has 90 seconds left.
|inactive|Pipich has 60 seconds left.
|inactive|Pipich has 30 seconds left.
|inactive|Pipich has 20 seconds left.
|inactive|Pipich has 15 seconds left.
|inactive|Pipich has 10 seconds left.
|inactive|Pipich has 5 seconds left.
|-message|Pipich lost due to inactivity.
|
|win|newhere1310
|raw|newhere1310's rating: 1602 &rarr; <strong>1620</strong><br />(+18 for winning)
|raw|Pipich's rating: 1562 &rarr; <strong>1544</strong><br />(-18 for losing)
|l|☆newhere1310
|player|p1|
