|j|‽Brigadi25
|j|☆sniper20657
|t:|1760735774
|gametype|singles
|player|p1|Brigadi25|bugcatcher-gen4dp|1294
|player|p2|sniper20657|blackbelt-gen4dp|1242
|gen|9
|tier|[Gen 9] OU
|rated|
|rule|HP Percentage Mod: HP is shown in percentages
|rule|Endless Battle Clause: Forcing endless battles is banned
|rule|Species Clause: Limit one of each Pokémon
|rule|OHKO Clause: OHKO moves are banned
|rule|Evasion Items Clause: Evasion items are banned
|rule|Evasion Moves Clause: Evasion moves are banned
|rule|Evasion Abilities Clause: Evasion abilities are banned
|rule|Sleep Moves Clause: Sleep-inducing moves are banned
|clearpoke
|poke|p1|Ribombee, M|
|poke|p1|Ogerpon-Wellspring, F|
|poke|p1|Tornadus-Therian, M|
|poke|p1|Goodra, M|
|poke|p1|Iron Crown|
|poke|p1|Iron Treads|
|poke|p2|Scizor, M|
|poke|p2|Iron Moth|
|poke|p2|Primarina, M|
|poke|p2|Hydrapple, M|
|poke|p2|Zamazenta-*|
|poke|p2|Landorus-Therian, M|
|teampreview
|inactive|Battle timer is ON: inactive players will automatically lose when time's up. (requested by Brigadi25)
|
|t:|1760735788
|teamsize|p1|6
|teamsize|p2|6
|start
|switch|p1a: Tornadus|Tornadus-Therian, M|100/100
|switch|p2a: Scizor|Scizor, M|100/100
|turn|1
|
|t:|1760735798
|-terastallize|p2a: Scizor|Steel
|move|p2a: Scizor|Bullet Punch|p1a: Tornadus
|-damage|p1a: Tornadus|52/100
|move|p1a: Tornadus|Heat Wave|p2a: Scizor
|-supereffective|p2a: Scizor
|-damage|p2a: Scizor|44/100
|
|upkeep
|turn|2
|
|t:|1760735816
|switch|p2a: Iron Moth|Iron Moth|100/100
|move|p1a: Tornadus|Heat Wave|p2a: Iron Moth
|-resisted|p2a: Iron Moth
|-damage|p2a: Iron Moth|94/100
|
|upkeep
|turn|3
|
|t:|1760735824
|move|p1a: Tornadus|U-turn|p2a: Iron Moth
|-resisted|p2a: Iron Moth
|-damage|p2a: Iron Moth|89/100
|
|t:|1760735827
|switch|p1a: Goodra|Goodra, M|100/100|[from] U-turn
|move|p2a: Iron Moth|Sludge Wave|p1a: Goodra
|-damage|p1a: Goodra|76/100
|-status|p1a: Goodra|psn
|
|-damage|p1a: Goodra|64/100 psn|[from] psn
|upkeep
|turn|4
|
|t:|1760735838
|move|p1a: Goodra|Earthquake|p2a: Iron Moth
|-supereffective|p2a: Iron Moth
|-damage|p2a: Iron Moth|0 fnt
|faint|p2a: Iron Moth
|-end|p2a: Iron Moth|Quark Drive|[silent]
|
|-damage|p1a: Goodra|52/100 psn|[from] psn
|upkeep
|
|t:|1760735842
|switch|p2a: Primarina|Primarina, M|100/100
|turn|5
|
|t:|1760735849
|move|p1a: Goodra|Sludge Bomb|p2a: Primarina
|-supereffective|p2a: Primarina
|-damage|p2a: Primarina|54/100
|move|p2a: Primarina|Substitute|p2a: Primarina
|-start|p2a: Primarina|Substitute
|-damage|p2a: Primarina|29/100
|
|-heal|p2a: Primarina|35/100|[from] item: Leftovers
|-damage|p1a: Goodra|40/100 psn|[from] psn
|upkeep
|turn|6
|
|t:|1760735864
|move|p1a: Goodra|Sludge Bomb|p2a: Primarina
|-supereffective|p2a: Primarina
|-end|p2a: Primarina|Substitute
|move|p2a: Primarina|Moonblast|p1a: Goodra
|-supereffective|p1a: Goodra
|-damage|p1a: Goodra|0 fnt
|faint|p1a: Goodra
|
|-heal|p2a: Primarina|41/100|[from] item: Leftovers
|upkeep
|-message|sniper20657 forfeited.
|
|win|Brigadi25
|raw|Brigadi25's rating: 1294 &rarr; <strong>1315</strong><br />(+21 for winning)
|raw|sniper20657's rating: 1242 &rarr; <strong>1221</strong><br />(-21 for losing)
|l|☆sniper20657
|player|p2|
