|j|☆Nomanmake
|j|‽bepic223
|t:|1760791423
|gametype|singles
|player|p1|Nomanmake|blue-gen1rb|1611
|player|p2|bepic223|veteranf|1763
|gen|9
|tier|[Gen 9] OU
|rated|
|rule|HP Percentage Mod: HP is shown in percentages
|rule|Endless Battle Clause: Forcing endless battles is banned
|rule|Species Clause: Limit one of each Pokémon
|rule|OHKO Clause: OHKO moves are banned
|rule|Evasion Items Clause: Evasion items are banned
|rule|Evasion Moves Clause: Evasion moves are banned
|rule|Evasion Abilities Clause: Evasion abilities are banned
|rule|Sleep Moves Clause: Sleep-inducing moves are banned
|clearpoke
|poke|p1|Gholdengo|
|poke|p1|Ting-Lu|
|poke|p1|Ogerpon-Wellspring, F|
|poke|p1|Garganacl, M|
|poke|p1|Iron Moth|
|poke|p1|Araquanid, M|
|poke|p2|Darkrai|
|poke|p2|Ogerpon-Wellspring, F|
|poke|p2|Hatterene, F|
|poke|p2|Landorus-Therian, M|
|poke|p2|Kingambit, F|
|poke|p2|Slowking-Galar, F|
|teampreview
|inactive|Battle timer is ON: inactive players will automatically lose when time's up. (requested by bepic223)
|
|t:|1760791448
|teamsize|p1|6
|teamsize|p2|6
|start
|switch|p1a: Garganacl|Garganacl, M|100/100
|switch|p2a: Darkrai|Darkrai|100/100
|turn|1
|inactive|Nomanmake has 120 seconds left.
|
|t:|1760791478
|move|p2a: Darkrai|Trick|p1a: Garganacl
|-activate|p2a: Darkrai|move: Trick|[of] p1a: Garganacl
|-item|p1a: Garganacl|Choice Specs|[from] move: Trick
|-item|p2a: Darkrai|Leftovers|[from] move: Trick
|move|p1a: Garganacl|Salt Cure|p2a: Darkrai
|-damage|p2a: Darkrai|83/100
|-start|p2a: Darkrai|Salt Cure
|
|-heal|p2a: Darkrai|89/100|[from] item: Leftovers
|-damage|p2a: Darkrai|77/100|[from] Salt Cure
|upkeep
|turn|2
|
|t:|1760791484
|switch|p2a: Hatterene|Hatterene, F|100/100
|move|p1a: Garganacl|Salt Cure|p2a: Hatterene
|-damage|p2a: Hatterene|89/100
|-start|p2a: Hatterene|Salt Cure
|
|-damage|p2a: Hatterene|77/100|[from] Salt Cure
|upkeep
|turn|3
|
|t:|1760791493
|switch|p1a: Gholdengo|Gholdengo|100/100
|-item|p1a: Gholdengo|Air Balloon
|move|p2a: Hatterene|Draining Kiss|p1a: Gholdengo
|-resisted|p1a: Gholdengo
|-damage|p1a: Gholdengo|90/100
|-heal|p2a: Hatterene|86/100|[from] drain|[of] p1a: Gholdengo
|-enditem|p1a: Gholdengo|Air Balloon
|
|-damage|p2a: Hatterene|74/100|[from] Salt Cure
|upkeep
|turn|4
|
|t:|1760791501
|switch|p2a: Slowking|Slowking-Galar, F|100/100
|move|p1a: Gholdengo|Thunder Wave|p2a: Slowking
|-status|p2a: Slowking|par
|
|upkeep
|turn|5
|
|t:|1760791504
|move|p1a: Gholdengo|Hex|p2a: Slowking
|-supereffective|p2a: Slowking
|-damage|p2a: Slowking|44/100 par
|move|p2a: Slowking|Flamethrower|p1a: Gholdengo
|-supereffective|p1a: Gholdengo
|-damage|p1a: Gholdengo|36/100
|
|upkeep
|turn|6
|
|t:|1760791515
|switch|p2a: Landorus|Landorus-Therian, M|100/100
|-ability|p2a: Landorus|Intimidate|boost
|-unboost|p1a: Gholdengo|atk|1
|move|p1a: Gholdengo|Make It Rain|p2a: Landorus
|-crit|p2a: Landorus
|-damage|p2a: Landorus|15/100
|-unboost|p1a: Gholdengo|spa|1
|
|upkeep
|turn|7
|
|t:|1760791524
|switch|p1a: Araquanid|Araquanid, M|100/100
|move|p2a: Landorus|Stealth Rock|p1a: Araquanid
|-sidestart|p1: Nomanmake|move: Stealth Rock
|
|upkeep
|turn|8
|
|t:|1760791529
|move|p2a: Landorus|U-turn|p1a: Araquanid
|-damage|p1a: Araquanid|77/100
|
|t:|1760791534
|switch|p2a: Hatterene|Hatterene, F|74/100|[from] U-turn
|move|p1a: Araquanid|Surf|p2a: Hatterene
|-damage|p2a: Hatterene|17/100
|
|upkeep
|turn|9
|
|t:|1760791543
|switch|p2a: Ogerpon|Ogerpon-Wellspring, F|100/100
|move|p1a: Araquanid|Surf|p2a: Ogerpon
|-immune|p2a: Ogerpon|[from] ability: Water Absorb
|
|upkeep
|turn|10
|
|t:|1760791550
|switch|p1a: Ogerpon|Ogerpon-Wellspring, F|100/100
|-damage|p1a: Ogerpon|88/100|[from] Stealth Rock
|move|p2a: Ogerpon|Trailblaze|p1a: Ogerpon
|-damage|p1a: Ogerpon|49/100
|-boost|p2a: Ogerpon|spe|1
|
|upkeep
|turn|11
|
|t:|1760791560
|move|p2a: Ogerpon|Swords Dance|p2a: Ogerpon
|-boost|p2a: Ogerpon|atk|2
|move|p1a: Ogerpon|Horn Leech|p2a: Ogerpon
|-damage|p2a: Ogerpon|43/100
|-heal|p1a: Ogerpon|78/100|[from] drain|[of] p2a: Ogerpon
|
|upkeep
|turn|12
|inactive|Nomanmake has 120 seconds left.
|
|t:|1760791595
|move|p2a: Ogerpon|Trailblaze|p1a: Ogerpon
|-damage|p1a: Ogerpon|0 fnt
|-boost|p2a: Ogerpon|spe|1
|faint|p1a: Ogerpon
|
|upkeep
|
|t:|1760791601
|switch|p1a: Ting-Lu|Ting-Lu|100/100
|-damage|p1a: Ting-Lu|94/100|[from] Stealth Rock
|-ability|p1a: Ting-Lu|Vessel of Ruin
|turn|13
|
|t:|1760791607
|-terastallize|p1a: Ting-Lu|Water
|move|p2a: Ogerpon|Ivy Cudgel|p1a: Ting-Lu|[anim] Ivy Cudgel Water
|-resisted|p1a: Ting-Lu
|-damage|p1a: Ting-Lu|60/100
|move|p1a: Ting-Lu|Whirlwind|p2a: Ogerpon
|drag|p2a: Slowking|Slowking-Galar, F|77/100 par
|
|-heal|p1a: Ting-Lu|67/100|[from] item: Leftovers
|upkeep
|turn|14
|inactive|Nomanmake has 120 seconds left.
|
|t:|1760791650
|switch|p2a: Hatterene|Hatterene, F|17/100
|move|p1a: Ting-Lu|Spikes|p2a: Hatterene
|move|p2a: Hatterene|Spikes|p1a: Ting-Lu|[from] ability: Magic Bounce
|-sidestart|p1: Nomanmake|Spikes
|
|-heal|p1a: Ting-Lu|73/100|[from] item: Leftovers
|upkeep
|turn|15
|
|t:|1760791659
|switch|p2a: Landorus|Landorus-Therian, M|15/100
|-ability|p2a: Landorus|Intimidate|boost
|-unboost|p1a: Ting-Lu|atk|1
|move|p1a: Ting-Lu|Ruination|p2a: Landorus
|-damage|p2a: Landorus|8/100
|
|-heal|p1a: Ting-Lu|79/100|[from] item: Leftovers
|upkeep
|turn|16
|
|t:|1760791667
|move|p2a: Landorus|Taunt|p1a: Ting-Lu
|-start|p1a: Ting-Lu|move: Taunt
|cant|p1a: Ting-Lu|move: Taunt|Whirlwind
|
|-heal|p1a: Ting-Lu|85/100|[from] item: Leftovers
|upkeep
|turn|17
|
|t:|1760791674
|move|p2a: Landorus|Earthquake|p1a: Ting-Lu
|-damage|p1a: Ting-Lu|59/100
|move|p1a: Ting-Lu|Ruination|p2a: Landorus|[miss]
|-miss|p1a: Ting-Lu|p2a: Landorus
|
|-heal|p1a: Ting-Lu|65/100|[from] item: Leftovers
|upkeep
|turn|18
|inactive|Nomanmake has 120 seconds left.
|
|t:|1760791680
|switch|p1a: Araquanid|Araquanid, M|77/100
|-damage|p1a: Araquanid|52/100|[from] Stealth Rock
|-damage|p1a: Araquanid|39/100|[from] Spikes
|move|p2a: Landorus|Earthquake|p1a: Araquanid
|-resisted|p1a: Araquanid
|-damage|p1a: Araquanid|16/100
|
|upkeep
|turn|19
|inactive|Nomanmake has 120 seconds left.
|-enditem|p1a: Araquanid|Custap Berry|[eat]
|-activate|p1a: Araquanid|item: Custap Berry|[consumed]
|
|t:|1760791705
|switch|p2a: Hatterene|Hatterene, F|17/100
|move|p1a: Araquanid|Surf|p2a: Hatterene
|-damage|p2a: Hatterene|0 fnt
|faint|p2a: Hatterene
|
|upkeep
|
|t:|1760791712
|switch|p2a: Ogerpon|Ogerpon-Wellspring, F|43/100
|turn|20
|inactive|Nomanmake has 120 seconds left.
|
|t:|1760791732
|switch|p1a: Iron Moth|Iron Moth|100/100
|-damage|p1a: Iron Moth|76/100|[from] Stealth Rock
|-damage|p1a: Iron Moth|63/100|[from] Spikes
|-enditem|p1a: Iron Moth|Booster Energy
|-activate|p1a: Iron Moth|ability: Quark Drive|[fromitem]
|-start|p1a: Iron Moth|quarkdrivespe
|move|p2a: Ogerpon|Trailblaze|p1a: Iron Moth
|-resisted|p1a: Iron Moth
|-damage|p1a: Iron Moth|53/100
|-boost|p2a: Ogerpon|spe|1
|
|upkeep
|turn|21
|inactive|Nomanmake has 90 seconds left.
|
|t:|1760791778
|switch|p2a: Slowking|Slowking-Galar, F|100/100 par
|move|p1a: Iron Moth|Fiery Dance|p2a: Slowking
|-damage|p2a: Slowking|81/100 par
|-boost|p1a: Iron Moth|spa|1
|
|upkeep
|turn|22
|
|t:|1760791782
|move|p1a: Iron Moth|Fiery Dance|p2a: Slowking
|-damage|p2a: Slowking|53/100 par
|move|p2a: Slowking|Psyshock|p1a: Iron Moth
|-supereffective|p1a: Iron Moth
|-damage|p1a: Iron Moth|0 fnt
|faint|p1a: Iron Moth
|-end|p1a: Iron Moth|Quark Drive|[silent]
|
|upkeep
|
|t:|1760791787
|switch|p1a: Gholdengo|Gholdengo|36/100
|-damage|p1a: Gholdengo|30/100|[from] Stealth Rock
|-damage|p1a: Gholdengo|18/100|[from] Spikes
|turn|23
|
|t:|1760791795
|move|p1a: Gholdengo|Recover|p1a: Gholdengo
|-heal|p1a: Gholdengo|68/100
|move|p2a: Slowking|Flamethrower|p1a: Gholdengo
|-supereffective|p1a: Gholdengo
|-damage|p1a: Gholdengo|7/100
|
|upkeep
|turn|24
|inactive|Nomanmake has 90 seconds left.
|
|t:|1760791814
|switch|p2a: Darkrai|Darkrai|77/100
|move|p1a: Gholdengo|Hex|p2a: Darkrai
|-resisted|p2a: Darkrai
|-damage|p2a: Darkrai|58/100
|
|-heal|p2a: Darkrai|64/100|[from] item: Leftovers
|upkeep
|turn|25
|
|t:|1760791820
|move|p2a: Darkrai|Dark Pulse|p1a: Gholdengo
|-supereffective|p1a: Gholdengo
|-damage|p1a: Gholdengo|0 fnt
|faint|p1a: Gholdengo
|
|-heal|p2a: Darkrai|70/100|[from] item: Leftovers
|upkeep
|
|t:|1760791824
|switch|p1a: Garganacl|Garganacl, M|100/100
|-damage|p1a: Garganacl|88/100|[from] Stealth Rock
|-damage|p1a: Garganacl|76/100|[from] Spikes
|turn|26
|
|t:|1760791828
|switch|p2a: Slowking|Slowking-Galar, F|86/100 par
|move|p1a: Garganacl|Salt Cure|p2a: Slowking
|-damage|p2a: Slowking|72/100 par
|-start|p2a: Slowking|Salt Cure
|
|-damage|p2a: Slowking|59/100 par|[from] Salt Cure
|upkeep
|turn|27
|inactive|Nomanmake has 120 seconds left.
|j| nsdede
|inactive|Nomanmake has 90 seconds left.
|
|t:|1760791881
|move|p1a: Garganacl|Salt Cure|p2a: Slowking
|-damage|p2a: Slowking|44/100 par
|move|p2a: Slowking|Psyshock|p1a: Garganacl
|-damage|p1a: Garganacl|51/100
|
|-damage|p2a: Slowking|32/100 par|[from] Salt Cure
|upkeep
|turn|28
|
|t:|1760791889
|move|p1a: Garganacl|Salt Cure|p2a: Slowking
|-damage|p2a: Slowking|18/100 par
|cant|p2a: Slowking|par
|
|-damage|p2a: Slowking|6/100 par|[from] Salt Cure
|upkeep
|turn|29
|
|t:|1760791893
|switch|p1a: Araquanid|Araquanid, M|16/100
|-damage|p1a: Araquanid|0 fnt|[from] Stealth Rock
|faint|p1a: Araquanid
|cant|p2a: Slowking|par
|
|-damage|p2a: Slowking|0 fnt|[from] Salt Cure
|faint|p2a: Slowking
|upkeep
|
|t:|1760791899
|switch|p1a: Ting-Lu|Ting-Lu, tera:Water|65/100
|switch|p2a: Landorus|Landorus-Therian, M|8/100
|-ability|p2a: Landorus|Intimidate|boost
|-unboost|p1a: Ting-Lu|atk|1
|-damage|p1a: Ting-Lu|53/100|[from] Stealth Rock
|-damage|p1a: Ting-Lu|40/100|[from] Spikes
|-ability|p1a: Ting-Lu|Vessel of Ruin
|turn|30
|
|t:|1760791907
|move|p2a: Landorus|Taunt|p1a: Ting-Lu
|-start|p1a: Ting-Lu|move: Taunt
|cant|p1a: Ting-Lu|move: Taunt|Whirlwind
|
|-heal|p1a: Ting-Lu|46/100|[from] item: Leftovers
|upkeep
|turn|31
|
|t:|1760791911
|move|p2a: Landorus|Earthquake|p1a: Ting-Lu
|-damage|p1a: Ting-Lu|19/100
|move|p1a: Ting-Lu|Ruination|p2a: Landorus
|-damage|p2a: Landorus|4/100
|
|-heal|p1a: Ting-Lu|26/100|[from] item: Leftovers
|upkeep
|turn|32
|inactive|Nomanmake has 120 seconds left.
|
|t:|1760791916
|move|p2a: Landorus|Earthquake|p1a: Ting-Lu
|-damage|p1a: Ting-Lu|0 fnt
|faint|p1a: Ting-Lu
|
|upkeep
|
|t:|1760791919
|switch|p1a: Garganacl|Garganacl, M|51/100
|-damage|p1a: Garganacl|39/100|[from] Stealth Rock
|-damage|p1a: Garganacl|26/100|[from] Spikes
|turn|33
|
|t:|1760791921
|move|p2a: Landorus|Earthquake|p1a: Garganacl
|-supereffective|p1a: Garganacl
|-damage|p1a: Garganacl|0 fnt
|faint|p1a: Garganacl
|
|win|bepic223
|raw|Nomanmake's rating: 1599 &rarr; <strong>1588</strong><br />(-11 for losing)
|raw|bepic223's rating: 1763 &rarr; <strong>1774</strong><br />(+11 for winning)
|l|☆Nomanmake
|player|p1|
|l| nsdede
|l|‽bepic223
|player|p2|
