|j|☆yungestyeet
|j|☆rjduejeb
|t:|1760818507
|gametype|singles
|player|p1|yungestyeet|266|1000
|player|p2|rjduejeb|265|1000
|gen|9
|tier|[Gen 9] OU
|rated|
|rule|HP Percentage Mod: HP is shown in percentages
|rule|Endless Battle Clause: Forcing endless battles is banned
|rule|Species Clause: Limit one of each Pokémon
|rule|OHKO Clause: OHKO moves are banned
|rule|Evasion Items Clause: Evasion items are banned
|rule|Evasion Moves Clause: Evasion moves are banned
|rule|Evasion Abilities Clause: Evasion abilities are banned
|rule|Sleep Moves Clause: Sleep-inducing moves are banned
|clearpoke
|poke|p1|Gligar, F|
|poke|p1|Latios, M|
|poke|p1|Conkeldurr, F|
|poke|p1|Hydrapple, F|
|poke|p1|Seviper, F|
|poke|p1|Cryogonal|
|poke|p2|Mew|
|poke|p2|Ribombee, M|
|poke|p2|Latias, F|
|poke|p2|Rampardos, F|
|poke|p2|Galvantula, F|
|poke|p2|Bisharp, F|
|teampreview
|
|t:|1760818512
|teamsize|p1|6
|teamsize|p2|6
|start
|switch|p1a: Gligar|Gligar, F, shiny|100/100
|switch|p2a: Ribombee|Ribombee, M|100/100
|turn|1
|inactive|Battle timer is ON: inactive players will automatically lose when time's up. (requested by yungestyeet)
|
|t:|1760818522
|move|p2a: Ribombee|Sticky Web|p1a: Gligar
|-sidestart|p1: yungestyeet|move: Sticky Web
|move|p1a: Gligar|Stealth Rock|p2a: Ribombee
|-sidestart|p2: rjduejeb|move: Stealth Rock
|
|upkeep
|turn|2
|
|t:|1760818529
|move|p2a: Ribombee|Moonblast|p1a: Gligar
|-damage|p1a: Gligar|59/100
|move|p1a: Gligar|Knock Off|p2a: Ribombee
|-resisted|p2a: Ribombee
|-damage|p2a: Ribombee|82/100
|-enditem|p2a: Ribombee|Focus Sash|[from] move: Knock Off|[of] p1a: Gligar
|
|upkeep
|turn|3
|
|t:|1760818540
|move|p2a: Ribombee|Moonblast|p1a: Gligar
|-damage|p1a: Gligar|17/100
|move|p1a: Gligar|U-turn|p2a: Ribombee
|-resisted|p2a: Ribombee
|-damage|p2a: Ribombee|69/100
|
|t:|1760818553
|switch|p1a: Cryogonal|Cryogonal|100/100|[from] U-turn
|
|upkeep
|turn|4
|
|t:|1760818563
|move|p2a: Ribombee|Bug Buzz|p1a: Cryogonal
|-damage|p1a: Cryogonal|76/100
|move|p1a: Cryogonal|Flash Cannon|p2a: Ribombee
|-supereffective|p2a: Ribombee
|-damage|p2a: Ribombee|0 fnt
|faint|p2a: Ribombee
|
|upkeep
|
|t:|1760818567
|switch|p2a: Rampardos|Rampardos, F|100/100
|-damage|p2a: Rampardos|88/100|[from] Stealth Rock
|turn|5
|
|t:|1760818576
|-terastallize|p2a: Rampardos|Grass
|move|p1a: Cryogonal|Rapid Spin|p2a: Rampardos
|-damage|p2a: Rampardos|79/100
|-boost|p1a: Cryogonal|spe|1
|-sideend|p1: yungestyeet|Sticky Web|[from] move: Rapid Spin|[of] p1a: Cryogonal
|move|p2a: Rampardos|Thunder Punch|p1a: Cryogonal
|-damage|p1a: Cryogonal|0 fnt
|faint|p1a: Cryogonal
|
|upkeep
|inactive|yungestyeet has 120 seconds left.
|
|t:|1760818621
|switch|p1a: Latios|Latios, M, shiny|100/100
|turn|6
|
|t:|1760818634
|switch|p2a: Galvantula|Galvantula, F|100/100
|-damage|p2a: Galvantula|76/100|[from] Stealth Rock
|-terastallize|p1a: Latios|Steel
|move|p1a: Latios|Dragon Dance|p1a: Latios
|-boost|p1a: Latios|atk|1
|-boost|p1a: Latios|spe|1
|
|upkeep
|turn|7
|
|t:|1760818645
|move|p1a: Latios|Earthquake|p2a: Galvantula
|-damage|p2a: Galvantula|0 fnt
|faint|p2a: Galvantula
|
|upkeep
|
|t:|1760818650
|switch|p2a: Mew|Mew|100/100
|-damage|p2a: Mew|88/100|[from] Stealth Rock
|turn|8
|
|t:|1760818656
|move|p1a: Latios|Dragon Claw|p2a: Mew
|-damage|p2a: Mew|11/100
|move|p2a: Mew|Close Combat|p1a: Latios
|-supereffective|p1a: Latios
|-damage|p1a: Latios|0 fnt
|-unboost|p2a: Mew|def|1
|-unboost|p2a: Mew|spd|1
|faint|p1a: Latios
|-damage|p2a: Mew|1/100|[from] item: Life Orb
|
|upkeep
|
|t:|1760818672
|switch|p1a: Gligar|Gligar, F, shiny|17/100
|turn|9
|
|t:|1760818677
|move|p2a: Mew|Ice Beam|p1a: Gligar
|-supereffective|p1a: Gligar
|-damage|p1a: Gligar|0 fnt
|faint|p1a: Gligar
|-damage|p2a: Mew|0 fnt|[from] item: Life Orb
|faint|p2a: Mew
|
|upkeep
|
|t:|1760818687
|switch|p2a: Latias|Latias, F|100/100
|switch|p1a: Seviper|Seviper, F, shiny|100/100
|-damage|p2a: Latias|88/100|[from] Stealth Rock
|turn|10
|inactive|yungestyeet has 120 seconds left.
|
|t:|1760818699
|switch|p1a: Conkeldurr|Conkeldurr, F|100/100
|move|p2a: Latias|Substitute|p2a: Latias
|-start|p2a: Latias|Substitute
|-damage|p2a: Latias|63/100
|
|-heal|p2a: Latias|69/100|[from] item: Leftovers
|upkeep
|turn|11
|inactive|yungestyeet has 120 seconds left.
|
|t:|1760818711
|move|p2a: Latias|Thunderbolt|p1a: Conkeldurr
|-damage|p1a: Conkeldurr|56/100
|move|p1a: Conkeldurr|Dynamic Punch|p2a: Latias|[miss]
|-miss|p1a: Conkeldurr|p2a: Latias
|-enditem|p1a: Conkeldurr|Blunder Policy
|-boost|p1a: Conkeldurr|spe|2
|
|-heal|p2a: Latias|75/100|[from] item: Leftovers
|upkeep
|turn|12
|inactive|yungestyeet has 120 seconds left.
|
|t:|1760818725
|move|p1a: Conkeldurr|Stomping Tantrum|p2a: Latias
|-immune|p2a: Latias|[from] ability: Levitate
|move|p2a: Latias|Thunderbolt|p1a: Conkeldurr
|-damage|p1a: Conkeldurr|14/100
|
|-heal|p2a: Latias|81/100|[from] item: Leftovers
|upkeep
|turn|13
|inactive|yungestyeet has 120 seconds left.
|
|t:|1760818736
|move|p1a: Conkeldurr|Drain Punch|p2a: Latias
|-resisted|p2a: Latias
|-crit|p2a: Latias
|-end|p2a: Latias|Substitute
|-heal|p1a: Conkeldurr|25/100|[from] drain|[of] p2a: Latias
|move|p2a: Latias|Thunderbolt|p1a: Conkeldurr
|-damage|p1a: Conkeldurr|0 fnt
|faint|p1a: Conkeldurr
|
|-heal|p2a: Latias|87/100|[from] item: Leftovers
|upkeep
|
|t:|1760818745
|switch|p1a: Hydrapple|Hydrapple, F, shiny|100/100
|turn|14
|inactive|yungestyeet has 120 seconds left.
|
|t:|1760818756
|move|p2a: Latias|Ice Beam|p1a: Hydrapple
|-supereffective|p1a: Hydrapple
|-damage|p1a: Hydrapple|0 fnt
|faint|p1a: Hydrapple
|
|-heal|p2a: Latias|93/100|[from] item: Leftovers
|upkeep
|
|t:|1760818761
|switch|p1a: Seviper|Seviper, F, shiny|100/100
|turn|15
|inactive|yungestyeet has 120 seconds left.
|
|t:|1760818767
|move|p2a: Latias|Thunderbolt|p1a: Seviper
|-damage|p1a: Seviper|50/100
|move|p1a: Seviper|Coil|p1a: Seviper
|-boost|p1a: Seviper|atk|1
|-boost|p1a: Seviper|def|1
|-boost|p1a: Seviper|accuracy|1
|
|-heal|p2a: Latias|99/100|[from] item: Leftovers
|-heal|p1a: Seviper|56/100|[from] item: Leftovers
|upkeep
|turn|16
|inactive|yungestyeet has 120 seconds left.
|
|t:|1760818781
|move|p2a: Latias|Thunderbolt|p1a: Seviper
|-damage|p1a: Seviper|0 fnt
|faint|p1a: Seviper
|
|win|rjduejeb
|raw|yungestyeet's rating: 1000 &rarr; <strong>1000</strong><br />(+0 for losing)
|raw|rjduejeb's rating: 1000 &rarr; <strong>1040</strong><br />(+40 for winning)
