|j|☆galoop
|j|☆WeR#4Hay!
|t:|1760722936
|gametype|singles
|player|p1|galoop|1|1537
|player|p2|WeR#4Hay!|265|1567
|gen|9
|tier|[Gen 9] OU
|rated|
|rule|HP Percentage Mod: HP is shown in percentages
|rule|Endless Battle Clause: Forcing endless battles is banned
|rule|Species Clause: Limit one of each Pokémon
|rule|OHKO Clause: OHKO moves are banned
|rule|Evasion Items Clause: Evasion items are banned
|rule|Evasion Moves Clause: Evasion moves are banned
|rule|Evasion Abilities Clause: Evasion abilities are banned
|rule|Sleep Moves Clause: Sleep-inducing moves are banned
|clearpoke
|poke|p1|Tyranitar, F|
|poke|p1|Excadrill, M|
|poke|p1|Gholdengo|
|poke|p1|Iron Valiant|
|poke|p1|Garchomp, M|
|poke|p1|Primarina, M|
|poke|p2|Lycanroc-Dusk, F|
|poke|p2|Volcanion|
|poke|p2|Corviknight, F|
|poke|p2|Great Tusk|
|poke|p2|Slowking-Galar, F|
|poke|p2|Darkrai|
|teampreview
|inactive|Battle timer is ON: inactive players will automatically lose when time's up. (requested by galoop)
|inactive|WeR#4Hay! has 120 seconds left.
|inactive|WeR#4Hay! has 90 seconds left.
|
|t:|1760723025
|teamsize|p1|6
|teamsize|p2|6
|start
|switch|p1a: Primarina|Primarina, M|100/100
|switch|p2a: Minoru Shiraishi|Great Tusk|100/100
|turn|1
|
|t:|1760723032
|-end|p2a: Minoru Shiraishi|Protosynthesis|[silent]
|switch|p2a: Konata Izumi|Slowking-Galar, F|100/100
|move|p1a: Primarina|Surf|p2a: Konata Izumi
|-damage|p2a: Konata Izumi|74/100
|
|upkeep
|turn|2
|
|t:|1760723038
|move|p1a: Primarina|Flip Turn|p2a: Konata Izumi
|-damage|p2a: Konata Izumi|63/100
|
|t:|1760723044
|switch|p1a: Tyranitar|Tyranitar, F|100/100|[from] Flip Turn
|-weather|Sandstorm|[from] ability: Sand Stream|[of] p1a: Tyranitar
|move|p2a: Konata Izumi|Sludge Bomb|p1a: Tyranitar
|-resisted|p1a: Tyranitar
|-damage|p1a: Tyranitar|89/100
|
|-weather|Sandstorm|[upkeep]
|-damage|p2a: Konata Izumi|56/100|[from] Sandstorm
|upkeep
|turn|3
|
|t:|1760723052
|switch|p2a: Minoru Shiraishi|Great Tusk|100/100
|move|p1a: Tyranitar|Knock Off|p2a: Minoru Shiraishi
|-resisted|p2a: Minoru Shiraishi
|-damage|p2a: Minoru Shiraishi|70/100
|-enditem|p2a: Minoru Shiraishi|Heavy-Duty Boots|[from] move: Knock Off|[of] p1a: Tyranitar
|
|-weather|Sandstorm|[upkeep]
|upkeep
|turn|4
|
|t:|1760723059
|switch|p1a: Garchomp|Garchomp, M|100/100
|move|p2a: Minoru Shiraishi|Stealth Rock|p1a: Garchomp
|-sidestart|p1: galoop|move: Stealth Rock
|
|-weather|Sandstorm|[upkeep]
|upkeep
|turn|5
|
|t:|1760723063
|move|p2a: Minoru Shiraishi|Ice Spinner|p1a: Garchomp
|-supereffective|p1a: Garchomp
|-damage|p1a: Garchomp|25/100
|-damage|p2a: Minoru Shiraishi|58/100|[from] ability: Rough Skin|[of] p1a: Garchomp
|-damage|p2a: Minoru Shiraishi|41/100|[from] item: Rocky Helmet|[of] p1a: Garchomp
|move|p1a: Garchomp|Stealth Rock|p2a: Minoru Shiraishi
|-sidestart|p2: WeR#4Hay!|move: Stealth Rock
|
|-weather|Sandstorm|[upkeep]
|upkeep
|turn|6
|
|t:|1760723072
|switch|p1a: Gholdengo|Gholdengo|100/100
|-damage|p1a: Gholdengo|94/100|[from] Stealth Rock
|-item|p1a: Gholdengo|Air Balloon
|move|p2a: Minoru Shiraishi|Ice Spinner|p1a: Gholdengo
|-resisted|p1a: Gholdengo
|-damage|p1a: Gholdengo|84/100
|-enditem|p1a: Gholdengo|Air Balloon
|
|-weather|none
|upkeep
|turn|7
|
|t:|1760723082
|switch|p1a: Garchomp|Garchomp, M|25/100
|-damage|p1a: Garchomp|19/100|[from] Stealth Rock
|move|p2a: Minoru Shiraishi|Headlong Rush|p1a: Garchomp
|-damage|p1a: Garchomp|0 fnt
|-unboost|p2a: Minoru Shiraishi|def|1
|-unboost|p2a: Minoru Shiraishi|spd|1
|-damage|p2a: Minoru Shiraishi|29/100|[from] ability: Rough Skin|[of] p1a: Garchomp
|-damage|p2a: Minoru Shiraishi|12/100|[from] item: Rocky Helmet|[of] p1a: Garchomp
|faint|p1a: Garchomp
|
|upkeep
|
|t:|1760723098
|switch|p1a: Iron Valiant|Iron Valiant|100/100
|-damage|p1a: Iron Valiant|94/100|[from] Stealth Rock
|-enditem|p1a: Iron Valiant|Booster Energy
|-activate|p1a: Iron Valiant|ability: Quark Drive|[fromitem]
|-start|p1a: Iron Valiant|quarkdrivespe
|turn|8
|
|t:|1760723110
|-end|p2a: Minoru Shiraishi|Protosynthesis|[silent]
|switch|p2a: Kagami Hiiragi|Volcanion|100/100
|move|p1a: Iron Valiant|Moonblast|p2a: Kagami Hiiragi
|-resisted|p2a: Kagami Hiiragi
|-damage|p2a: Kagami Hiiragi|76/100
|
|upkeep
|turn|9
|
|t:|1760723117
|-end|p1a: Iron Valiant|Quark Drive|[silent]
|switch|p1a: Primarina|Primarina, M|100/100
|-damage|p1a: Primarina|88/100|[from] Stealth Rock
|move|p2a: Kagami Hiiragi|Steam Eruption|p1a: Primarina
|-resisted|p1a: Primarina
|-damage|p1a: Primarina|68/100
|-status|p1a: Primarina|brn
|
|-damage|p1a: Primarina|62/100 brn|[from] brn
|upkeep
|turn|10
|
|t:|1760723124
|switch|p2a: Konata Izumi|Slowking-Galar, F|90/100
|-damage|p2a: Konata Izumi|77/100|[from] Stealth Rock
|move|p1a: Primarina|Psychic Noise|p2a: Konata Izumi
|-damage|p2a: Konata Izumi|61/100
|-start|p2a: Konata Izumi|move: Heal Block
|
|-damage|p1a: Primarina|56/100 brn|[from] brn
|upkeep
|turn|11
|
|t:|1760723135
|move|p1a: Primarina|Flip Turn|p2a: Konata Izumi
|-damage|p2a: Konata Izumi|55/100
|
|t:|1760723139
|switch|p1a: Tyranitar|Tyranitar, F|89/100|[from] Flip Turn
|-damage|p1a: Tyranitar|77/100|[from] Stealth Rock
|-weather|Sandstorm|[from] ability: Sand Stream|[of] p1a: Tyranitar
|move|p2a: Konata Izumi|Flamethrower|p1a: Tyranitar
|-resisted|p1a: Tyranitar
|-damage|p1a: Tyranitar|70/100
|
|-weather|Sandstorm|[upkeep]
|-damage|p2a: Konata Izumi|49/100|[from] Sandstorm
|-end|p2a: Konata Izumi|move: Heal Block
|upkeep
|turn|12
|
|t:|1760723147
|switch|p2a: Minoru Shiraishi|Great Tusk|12/100
|-damage|p2a: Minoru Shiraishi|9/100|[from] Stealth Rock
|move|p1a: Tyranitar|Knock Off|p2a: Minoru Shiraishi
|-resisted|p2a: Minoru Shiraishi
|-damage|p2a: Minoru Shiraishi|0 fnt
|faint|p2a: Minoru Shiraishi
|-end|p2a: Minoru Shiraishi|Protosynthesis|[silent]
|
|-weather|Sandstorm|[upkeep]
|upkeep
|
|t:|1760723151
|switch|p2a: Akira Kogami|Lycanroc-Dusk, F|100/100
|-damage|p2a: Akira Kogami|88/100|[from] Stealth Rock
|turn|13
|
|t:|1760723181
|switch|p1a: Gholdengo|Gholdengo|84/100
|-damage|p1a: Gholdengo|78/100|[from] Stealth Rock
|move|p2a: Akira Kogami|Stone Edge|p1a: Gholdengo
|-resisted|p1a: Gholdengo
|-damage|p1a: Gholdengo|50/100
|
|-weather|Sandstorm|[upkeep]
|upkeep
|turn|14
|inactive|WeR#4Hay! has 120 seconds left.
|
|t:|1760723198
|switch|p2a: Tsukasa Hiiragi|Darkrai|100/100
|-damage|p2a: Tsukasa Hiiragi|88/100|[from] Stealth Rock
|move|p1a: Gholdengo|Recover|p1a: Gholdengo
|-heal|p1a: Gholdengo|99/100
|
|-weather|Sandstorm|[upkeep]
|-damage|p2a: Tsukasa Hiiragi|82/100|[from] Sandstorm
|upkeep
|turn|15
|
|t:|1760723207
|switch|p1a: Primarina|Primarina, M|56/100 brn
|-damage|p1a: Primarina|43/100 brn|[from] Stealth Rock
|move|p2a: Tsukasa Hiiragi|Dark Pulse|p1a: Primarina
|-resisted|p1a: Primarina
|-damage|p1a: Primarina|30/100 brn
|
|-weather|none
|-damage|p1a: Primarina|23/100 brn|[from] brn
|upkeep
|turn|16
|
|t:|1760723216
|switch|p2a: Kagami Hiiragi|Volcanion|76/100
|move|p1a: Primarina|Flip Turn|p2a: Kagami Hiiragi
|-heal|p2a: Kagami Hiiragi|100/100|[from] ability: Water Absorb|[of] p1a: Primarina
|
|-damage|p1a: Primarina|17/100 brn|[from] brn
|upkeep
|turn|17
|
|t:|1760723222
|move|p1a: Primarina|Psychic Noise|p2a: Kagami Hiiragi
|-damage|p2a: Kagami Hiiragi|69/100
|-start|p2a: Kagami Hiiragi|move: Heal Block
|move|p2a: Kagami Hiiragi|Steam Eruption|p1a: Primarina
|-resisted|p1a: Primarina
|-damage|p1a: Primarina|0 fnt
|faint|p1a: Primarina
|
|upkeep
|
|t:|1760723227
|switch|p1a: Excadrill|Excadrill, M|100/100
|turn|18
|
|t:|1760723231
|switch|p2a: Miyuki Takara|Corviknight, F|100/100
|-damage|p2a: Miyuki Takara|88/100|[from] Stealth Rock
|-ability|p2a: Miyuki Takara|Pressure
|move|p1a: Excadrill|Rapid Spin|p2a: Miyuki Takara
|-resisted|p2a: Miyuki Takara
|-damage|p2a: Miyuki Takara|83/100
|-boost|p1a: Excadrill|spe|1
|-damage|p1a: Excadrill|84/100|[from] item: Rocky Helmet|[of] p2a: Miyuki Takara
|-sideend|p1: galoop|Stealth Rock|[from] move: Rapid Spin|[of] p1a: Excadrill
|
|upkeep
|turn|19
|
|t:|1760723241
|switch|p1a: Gholdengo|Gholdengo|99/100
|move|p2a: Miyuki Takara|U-turn|p1a: Gholdengo
|-resisted|p1a: Gholdengo
|-damage|p1a: Gholdengo|98/100
|
|t:|1760723247
|switch|p2a: Kagami Hiiragi|Volcanion|69/100|[from] U-turn
|
|upkeep
|turn|20
|
|t:|1760723259
|move|p1a: Gholdengo|Shadow Ball|p2a: Kagami Hiiragi
|-damage|p2a: Kagami Hiiragi|33/100
|-unboost|p2a: Kagami Hiiragi|spd|1
|move|p2a: Kagami Hiiragi|Flamethrower|p1a: Gholdengo
|-supereffective|p1a: Gholdengo
|-damage|p1a: Gholdengo|0 fnt
|faint|p1a: Gholdengo
|
|upkeep
|
|t:|1760723266
|switch|p1a: Tyranitar|Tyranitar, F|70/100
|-weather|Sandstorm|[from] ability: Sand Stream|[of] p1a: Tyranitar
|turn|21
|
|t:|1760723270
|move|p1a: Tyranitar|Stone Edge|p2a: Kagami Hiiragi
|-supereffective|p2a: Kagami Hiiragi
|-damage|p2a: Kagami Hiiragi|0 fnt
|faint|p2a: Kagami Hiiragi
|
|-weather|Sandstorm|[upkeep]
|upkeep
|
|t:|1760723273
|switch|p2a: Akira Kogami|Lycanroc-Dusk, F|88/100
|-damage|p2a: Akira Kogami|76/100|[from] Stealth Rock
|turn|22
|
|t:|1760723286
|move|p2a: Akira Kogami|Close Combat|p1a: Tyranitar
|-supereffective|p1a: Tyranitar
|-damage|p1a: Tyranitar|0 fnt
|-unboost|p2a: Akira Kogami|def|1
|-unboost|p2a: Akira Kogami|spd|1
|faint|p1a: Tyranitar
|
|-weather|Sandstorm|[upkeep]
|upkeep
|
|t:|1760723288
|switch|p1a: Excadrill|Excadrill, M|84/100
|turn|23
|
|t:|1760723298
|switch|p2a: Miyuki Takara|Corviknight, F|83/100
|-damage|p2a: Miyuki Takara|70/100|[from] Stealth Rock
|-ability|p2a: Miyuki Takara|Pressure
|move|p1a: Excadrill|Iron Head|p2a: Miyuki Takara
|-resisted|p2a: Miyuki Takara
|-crit|p2a: Miyuki Takara
|-damage|p2a: Miyuki Takara|49/100
|-damage|p1a: Excadrill|67/100|[from] item: Rocky Helmet|[of] p2a: Miyuki Takara
|
|-weather|Sandstorm|[upkeep]
|upkeep
|turn|24
|-message|galoop forfeited.
|
|win|WeR#4Hay!
|raw|galoop's rating: 1537 &rarr; <strong>1519</strong><br />(-18 for losing)
|raw|WeR#4Hay!'s rating: 1567 &rarr; <strong>1585</strong><br />(+18 for winning)
|l|☆galoop
|player|p1|
