|j|☆Pruebazerino
|j|‽sadksadklasdlka
|t:|1760762383
|gametype|singles
|player|p1|Pruebazerino|265|1070
|player|p2|sadksadklasdlka|170|1110
|gen|9
|tier|[Gen 9] OU
|rated|
|rule|HP Percentage Mod: HP is shown in percentages
|rule|Endless Battle Clause: Forcing endless battles is banned
|rule|Species Clause: Limit one of each Pokémon
|rule|OHKO Clause: OHKO moves are banned
|rule|Evasion Items Clause: Evasion items are banned
|rule|Evasion Moves Clause: Evasion moves are banned
|rule|Evasion Abilities Clause: Evasion abilities are banned
|rule|Sleep Moves Clause: Sleep-inducing moves are banned
|clearpoke
|poke|p1|Dragapult, M|
|poke|p1|Glimmora, M|
|poke|p1|Comfey, F|
|poke|p1|Kingambit, M|
|poke|p1|Ogerpon-Wellspring, F|
|poke|p1|Blaziken, M|
|poke|p2|Pelipper, M|
|poke|p2|Poliwrath, F|
|poke|p2|Kilowattrel, M|
|poke|p2|Gardevoir, M|
|poke|p2|Overqwil, M|
|poke|p2|Torterra, M|
|teampreview
|inactive|Battle timer is ON: inactive players will automatically lose when time's up. (requested by sadksadklasdlka)
|
|t:|1760762396
|teamsize|p1|6
|teamsize|p2|6
|start
|switch|p1a: Kingambit|Kingambit, M|100/100
|switch|p2a: Pelipper|Pelipper, M, shiny|100/100
|-weather|RainDance|[from] ability: Drizzle|[of] p2a: Pelipper
|turn|1
|
|t:|1760762405
|move|p2a: Pelipper|Weather Ball|p1a: Kingambit
|-damage|p1a: Kingambit|54/100
|move|p1a: Kingambit|Kowtow Cleave|p2a: Pelipper
|-damage|p2a: Pelipper|60/100
|
|-weather|RainDance|[upkeep]
|-heal|p1a: Kingambit|60/100|[from] item: Leftovers
|upkeep
|turn|2
|
|t:|1760762414
|-end|p1a: Kingambit|fallenundefined|[silent]
|switch|p1a: Ogerpon|Ogerpon-Wellspring, F|100/100
|move|p2a: Pelipper|U-turn|p1a: Ogerpon
|-supereffective|p1a: Ogerpon
|-damage|p1a: Ogerpon|76/100
|
|t:|1760762429
|switch|p2a: Kilowattrel|Kilowattrel, M, shiny|100/100|[from] U-turn
|
|-weather|RainDance|[upkeep]
|upkeep
|turn|3
|
|t:|1760762439
|-terastallize|p1a: Ogerpon|Water
|detailschange|p1a: Ogerpon|Ogerpon-Wellspring-Tera, F, tera:Water
|-ability|p1a: Ogerpon|Embody Aspect (Wellspring)|boost
|-boost|p1a: Ogerpon|spd|1
|move|p2a: Kilowattrel|Hurricane|p1a: Ogerpon
|-damage|p1a: Ogerpon|28/100
|-damage|p2a: Kilowattrel|91/100|[from] item: Life Orb
|move|p1a: Ogerpon|Ivy Cudgel|p2a: Kilowattrel|[anim] Ivy Cudgel Water
|-damage|p2a: Kilowattrel|0 fnt
|faint|p2a: Kilowattrel
|
|-weather|RainDance|[upkeep]
|upkeep
|
|t:|1760762450
|switch|p2a: Overqwil|Overqwil, M, shiny|100/100
|turn|4
|
|t:|1760762456
|move|p2a: Overqwil|Crunch|p1a: Ogerpon
|-damage|p1a: Ogerpon|0 fnt
|faint|p1a: Ogerpon
|detailschange|p1: Ogerpon|Ogerpon-Wellspring, F|[silent]
|-damage|p2a: Overqwil|91/100|[from] item: Life Orb
|
|-weather|RainDance|[upkeep]
|upkeep
|
|t:|1760762470
|switch|p1a: Comfey|Comfey, F|100/100
|turn|5
|
|t:|1760762475
|move|p1a: Comfey|Draining Kiss|p2a: Overqwil
|-crit|p2a: Overqwil
|-damage|p2a: Overqwil|28/100
|-damage|p1a: Comfey|91/100|[from] item: Life Orb
|move|p2a: Overqwil|Gunk Shot|p1a: Comfey
|-supereffective|p1a: Comfey
|-damage|p1a: Comfey|0 fnt
|faint|p1a: Comfey
|-damage|p2a: Overqwil|18/100|[from] item: Life Orb
|
|-weather|RainDance|[upkeep]
|upkeep
|
|t:|1760762480
|switch|p1a: Kingambit|Kingambit, M|60/100
|-activate|p1a: Kingambit|ability: Supreme Overlord
|-start|p1a: Kingambit|fallen2|[silent]
|turn|6
|
|t:|1760762490
|move|p2a: Overqwil|Waterfall|p1a: Kingambit
|-damage|p1a: Kingambit|18/100
|-damage|p2a: Overqwil|8/100|[from] item: Life Orb
|move|p1a: Kingambit|Swords Dance|p1a: Kingambit
|-boost|p1a: Kingambit|atk|2
|
|-weather|RainDance|[upkeep]
|-heal|p1a: Kingambit|24/100|[from] item: Leftovers
|upkeep
|turn|7
|
|t:|1760762500
|move|p1a: Kingambit|Sucker Punch|p2a: Overqwil
|-resisted|p2a: Overqwil
|-damage|p2a: Overqwil|0 fnt
|faint|p2a: Overqwil
|
|-weather|RainDance|[upkeep]
|-heal|p1a: Kingambit|31/100|[from] item: Leftovers
|upkeep
|
|t:|1760762514
|switch|p2a: Poliwrath|Poliwrath, F|100/100
|turn|8
|
|t:|1760762520
|move|p2a: Poliwrath|Drain Punch|p1a: Kingambit
|-supereffective|p1a: Kingambit
|-crit|p1a: Kingambit
|-damage|p1a: Kingambit|0 fnt
|faint|p1a: Kingambit
|-end|p1a: Kingambit|fallen2|[silent]
|
|-weather|none
|upkeep
|
|t:|1760762527
|switch|p1a: Dragapult|Dragapult, M|100/100
|turn|9
|
|t:|1760762535
|switch|p2a: Gardevoir|Gardevoir, M|100/100
|-ability|p2a: Gardevoir|Clear Body|Trace|[from] ability: Trace|[of] p1a: Dragapult
|move|p1a: Dragapult|Shadow Ball|p2a: Gardevoir
|-supereffective|p2a: Gardevoir
|-damage|p2a: Gardevoir|8/100
|-damage|p1a: Dragapult|91/100|[from] item: Life Orb
|
|upkeep
|turn|10
|
|t:|1760762544
|move|p1a: Dragapult|Shadow Ball|p2a: Gardevoir
|-supereffective|p2a: Gardevoir
|-damage|p2a: Gardevoir|0 fnt
|faint|p2a: Gardevoir
|-damage|p1a: Dragapult|81/100|[from] item: Life Orb
|
|upkeep
|
|t:|1760762552
|switch|p2a: Pelipper|Pelipper, M, shiny|60/100
|-weather|RainDance|[from] ability: Drizzle|[of] p2a: Pelipper
|turn|11
|
|t:|1760762563
|move|p1a: Dragapult|Draco Meteor|p2a: Pelipper
|-damage|p2a: Pelipper|0 fnt
|-unboost|p1a: Dragapult|spa|2
|faint|p2a: Pelipper
|-damage|p1a: Dragapult|71/100|[from] item: Life Orb
|
|-weather|RainDance|[upkeep]
|upkeep
|
|t:|1760762573
|switch|p2a: Poliwrath|Poliwrath, F|100/100
|turn|12
|
|t:|1760762577
|move|p2a: Poliwrath|Belly Drum|p2a: Poliwrath
|-damage|p2a: Poliwrath|51/100
|-setboost|p2a: Poliwrath|atk|6|[from] move: Belly Drum
|move|p1a: Dragapult|Draco Meteor|p2a: Poliwrath
|-damage|p2a: Poliwrath|6/100
|-unboost|p1a: Dragapult|spa|2
|-enditem|p2a: Poliwrath|Sitrus Berry|[eat]
|-heal|p2a: Poliwrath|31/100|[from] item: Sitrus Berry
|-damage|p1a: Dragapult|61/100|[from] item: Life Orb
|
|-weather|RainDance|[upkeep]
|upkeep
|turn|13
|
|t:|1760762587
|move|p2a: Poliwrath|Waterfall|p1a: Dragapult
|-resisted|p1a: Dragapult
|-damage|p1a: Dragapult|0 fnt
|faint|p1a: Dragapult
|
|-weather|RainDance|[upkeep]
|upkeep
|
|t:|1760762591
|switch|p1a: Glimmora|Glimmora, M|100/100
|turn|14
|
|t:|1760762595
|move|p2a: Poliwrath|Drain Punch|p1a: Glimmora
|-damage|p1a: Glimmora|3/100
|-heal|p2a: Poliwrath|87/100|[from] drain|[of] p1a: Glimmora
|-activate|p1a: Glimmora|ability: Toxic Debris
|-sidestart|p2: sadksadklasdlka|move: Toxic Spikes
|-enditem|p1a: Glimmora|Red Card|[of] p2a: Poliwrath
|drag|p2a: Torterra|Torterra, M, shiny|100/100
|-status|p2a: Torterra|psn
|move|p1a: Glimmora|Stealth Rock|p2a: Torterra
|-sidestart|p2: sadksadklasdlka|move: Stealth Rock
|
|-weather|RainDance|[upkeep]
|-damage|p2a: Torterra|88/100 psn|[from] psn
|upkeep
|turn|15
|inactive|sadksadklasdlka has 120 seconds left.
|
|t:|1760762631
|move|p2a: Torterra|Bullet Seed|p1a: Glimmora
|-damage|p1a: Glimmora|0 fnt
|-activate|p1a: Glimmora|ability: Toxic Debris
|-sidestart|p2: sadksadklasdlka|move: Toxic Spikes
|faint|p1a: Glimmora
|-hitcount|p1: Glimmora|1
|
|-weather|RainDance|[upkeep]
|-damage|p2a: Torterra|76/100 psn|[from] psn
|upkeep
|
|t:|1760762637
|switch|p1a: Blaziken|Blaziken, M, shiny|100/100
|turn|16
|
|t:|1760762643
|-terastallize|p2a: Torterra|Rock
|move|p1a: Blaziken|Swords Dance|p1a: Blaziken
|-boost|p1a: Blaziken|atk|2
|move|p2a: Torterra|Headlong Rush|p1a: Blaziken
|-supereffective|p1a: Blaziken
|-damage|p1a: Blaziken|0 fnt
|-unboost|p2a: Torterra|def|1
|-unboost|p2a: Torterra|spd|1
|faint|p1a: Blaziken
|
|win|sadksadklasdlka
|raw|Pruebazerino's rating: 1070 &rarr; <strong>1051</strong><br />(-19 for losing)
|raw|sadksadklasdlka's rating: 1087 &rarr; <strong>1113</strong><br />(+26 for winning)
|l|☆Pruebazerino
|player|p1|
|l|‽sadksadklasdlka
|player|p2|
