|j|☆Chief_Ironside
|j|☆Sorenn
|t:|1760760862
|gametype|singles
|player|p1|Chief_Ironside|crasherwake|1398
|player|p2|Sorenn|mira|1387
|gen|9
|tier|[Gen 9] OU
|rated|
|rule|HP Percentage Mod: HP is shown in percentages
|rule|Endless Battle Clause: Forcing endless battles is banned
|rule|Species Clause: Limit one of each Pokémon
|rule|OHKO Clause: OHKO moves are banned
|rule|Evasion Items Clause: Evasion items are banned
|rule|Evasion Moves Clause: Evasion moves are banned
|rule|Evasion Abilities Clause: Evasion abilities are banned
|rule|Sleep Moves Clause: Sleep-inducing moves are banned
|clearpoke
|poke|p1|Breloom, F|
|poke|p1|Infernape, M|
|poke|p1|Mandibuzz, F|
|poke|p1|Heatran, F|
|poke|p1|Araquanid, M|
|poke|p1|Latias, F|
|poke|p2|Maushold-Four|
|poke|p2|Meowscarada, M|
|poke|p2|Blissey, F|
|poke|p2|Cresselia, F|
|poke|p2|Quagsire, F|
|poke|p2|Dragapult, M|
|teampreview
|inactive|Battle timer is ON: inactive players will automatically lose when time's up. (requested by Sorenn)
|
|t:|1760760869
|teamsize|p1|6
|teamsize|p2|6
|start
|switch|p1a: Heatran|Heatran, F|100/100
|switch|p2a: Historia|Maushold-Four|100/100
|turn|1
|
|t:|1760760875
|switch|p2a: Rose|Blissey, F, shiny|100/100
|move|p1a: Heatran|Magma Storm|p2a: Rose
|-damage|p2a: Rose|81/100
|-activate|p2a: Rose|move: Magma Storm|[of] p1a: Heatran
|
|-damage|p2a: Rose|68/100|[from] move: Magma Storm|[partiallytrapped]
|upkeep
|turn|2
|
|t:|1760760878
|move|p1a: Heatran|Taunt|p2a: Rose
|-start|p2a: Rose|move: Taunt
|cant|p2a: Rose|move: Taunt|Trick
|
|-damage|p2a: Rose|56/100|[from] move: Magma Storm|[partiallytrapped]
|upkeep
|turn|3
|
|t:|1760760881
|move|p1a: Heatran|Stealth Rock|p2a: Rose
|-sidestart|p2: Sorenn|move: Stealth Rock
|move|p2a: Rose|Seismic Toss|p1a: Heatran
|-damage|p1a: Heatran|70/100
|
|-heal|p1a: Heatran|76/100|[from] item: Leftovers
|-damage|p2a: Rose|43/100|[from] move: Magma Storm|[partiallytrapped]
|upkeep
|turn|4
|
|t:|1760760883
|move|p1a: Heatran|Magma Storm|p2a: Rose
|-damage|p2a: Rose|25/100
|move|p2a: Rose|Seismic Toss|p1a: Heatran
|-damage|p1a: Heatran|45/100
|
|-heal|p1a: Heatran|51/100|[from] item: Leftovers
|-damage|p2a: Rose|12/100|[from] move: Magma Storm|[partiallytrapped]
|-end|p2a: Rose|move: Taunt
|upkeep
|turn|5
|
|t:|1760760888
|move|p1a: Heatran|Earth Power|p2a: Rose
|-damage|p2a: Rose|1/100
|move|p2a: Rose|Seismic Toss|p1a: Heatran
|-damage|p1a: Heatran|20/100
|
|-heal|p1a: Heatran|26/100|[from] item: Leftovers
|-damage|p2a: Rose|0 fnt|[from] move: Magma Storm|[partiallytrapped]
|faint|p2a: Rose
|upkeep
|
|t:|1760760891
|switch|p2a: Connie|Meowscarada, M, shiny|100/100
|-damage|p2a: Connie|88/100|[from] Stealth Rock
|turn|6
|
|t:|1760760897
|move|p2a: Connie|Knock Off|p1a: Heatran
|-start|p2a: Connie|typechange|Dark|[from] ability: Protean
|-damage|p1a: Heatran|0 fnt
|-enditem|p1a: Heatran|Leftovers|[from] move: Knock Off|[of] p2a: Connie
|faint|p1a: Heatran
|
|upkeep
|
|t:|1760760915
|switch|p1a: Mandibuzz|Mandibuzz, F|100/100
|turn|7
|
|t:|1760760917
|move|p2a: Connie|Knock Off|p1a: Mandibuzz
|-resisted|p1a: Mandibuzz
|-damage|p1a: Mandibuzz|82/100
|-enditem|p1a: Mandibuzz|Heavy-Duty Boots|[from] move: Knock Off|[of] p2a: Connie
|move|p1a: Mandibuzz|Toxic|p2a: Connie|[miss]
|-miss|p1a: Mandibuzz|p2a: Connie
|
|upkeep
|turn|8
|
|t:|1760760933
|switch|p2a: Historia|Maushold-Four|100/100
|-damage|p2a: Historia|88/100|[from] Stealth Rock
|move|p1a: Mandibuzz|Toxic|p2a: Historia
|-status|p2a: Historia|tox
|
|-damage|p2a: Historia|82/100 tox|[from] psn
|upkeep
|turn|9
|
|t:|1760760938
|move|p2a: Historia|Tidy Up|p2a: Historia
|-sideend|p2: Sorenn|Stealth Rock
|-activate|p2a: Historia|move: Tidy Up
|-boost|p2a: Historia|atk|1
|-boost|p2a: Historia|spe|1
|move|p1a: Mandibuzz|Roost|p1a: Mandibuzz
|-heal|p1a: Mandibuzz|100/100
|-singleturn|p1a: Mandibuzz|move: Roost
|
|-damage|p2a: Historia|69/100 tox|[from] psn
|upkeep
|turn|10
|
|t:|1760760941
|move|p2a: Historia|Population Bomb|p1a: Mandibuzz
|-damage|p1a: Mandibuzz|91/100
|-damage|p1a: Mandibuzz|82/100
|-damage|p1a: Mandibuzz|72/100
|-damage|p1a: Mandibuzz|62/100
|-damage|p1a: Mandibuzz|53/100
|-hitcount|p1a: Mandibuzz|5
|move|p1a: Mandibuzz|Foul Play|p2a: Historia
|-damage|p2a: Historia|0 fnt
|faint|p2a: Historia
|
|upkeep
|
|t:|1760760944
|switch|p2a: Connie|Meowscarada, M, shiny|88/100
|turn|11
|
|t:|1760760946
|move|p2a: Connie|Play Rough|p1a: Mandibuzz
|-start|p2a: Connie|typechange|Fairy|[from] ability: Protean
|-supereffective|p1a: Mandibuzz
|-damage|p1a: Mandibuzz|0 fnt
|faint|p1a: Mandibuzz
|
|upkeep
|
|t:|1760760955
|switch|p1a: Araquanid|Araquanid, M|100/100
|turn|12
|
|t:|1760760960
|switch|p2a: Ymir|Dragapult, M|100/100
|move|p1a: Araquanid|Sticky Web|p2a: Ymir
|-sidestart|p2: Sorenn|move: Sticky Web
|
|upkeep
|turn|13
|
|t:|1760760967
|move|p2a: Ymir|Draco Meteor|p1a: Araquanid
|-damage|p1a: Araquanid|30/100
|-unboost|p2a: Ymir|spa|2
|move|p1a: Araquanid|Surf|p2a: Ymir
|-resisted|p2a: Ymir
|-damage|p2a: Ymir|62/100
|
|upkeep
|turn|14
|
|t:|1760760973
|move|p1a: Araquanid|Endure|p1a: Araquanid
|-singleturn|p1a: Araquanid|move: Endure
|move|p2a: Ymir|Draco Meteor|p1a: Araquanid
|-activate|p1a: Araquanid|move: Endure
|-damage|p1a: Araquanid|1/100
|-unboost|p2a: Ymir|spa|2
|
|upkeep
|turn|15
|-enditem|p1a: Araquanid|Custap Berry|[eat]
|-activate|p1a: Araquanid|item: Custap Berry|[consumed]
|
|t:|1760760975
|move|p1a: Araquanid|Surf|p2a: Ymir
|-resisted|p2a: Ymir
|-damage|p2a: Ymir|26/100
|move|p2a: Ymir|Draco Meteor|p1a: Araquanid
|-damage|p1a: Araquanid|0 fnt
|-unboost|p2a: Ymir|spa|2
|faint|p1a: Araquanid
|
|upkeep
|
|t:|1760760988
|switch|p1a: Infernape|Infernape, M|100/100
|turn|16
|
|t:|1760760990
|switch|p2a: Sina|Cresselia, F|100/100
|move|p1a: Infernape|Raging Fury|p2a: Sina
|-damage|p2a: Sina|62/100
|
|upkeep
|turn|17
|
|t:|1760760992
|move|p1a: Infernape|Raging Fury|p2a: Sina|[from] lockedmove
|-damage|p2a: Sina|24/100
|move|p2a: Sina|Reflect|p2a: Sina
|-sidestart|p2: Sorenn|Reflect
|
|upkeep
|turn|18
|
|t:|1760760995
|move|p1a: Infernape|Raging Fury|p2a: Sina|[from] lockedmove
|-damage|p2a: Sina|5/100
|-start|p1a: Infernape|confusion|[fatigue]
|move|p2a: Sina|Moonlight|p2a: Sina
|-heal|p2a: Sina|55/100
|
|upkeep
|turn|19
|
|t:|1760761000
|switch|p1a: Latias|Latias, F|100/100
|move|p2a: Sina|Thunder Wave|p1a: Latias
|-status|p1a: Latias|par
|
|upkeep
|turn|20
|
|t:|1760761003
|move|p2a: Sina|Moonlight|p2a: Sina
|-heal|p2a: Sina|100/100
|move|p1a: Latias|Calm Mind|p1a: Latias
|-boost|p1a: Latias|spa|1
|-boost|p1a: Latias|spd|1
|
|upkeep
|turn|21
|
|t:|1760761006
|switch|p2a: Connie|Meowscarada, M, shiny|88/100
|-activate|p2a: Connie|move: Sticky Web
|-unboost|p2a: Connie|spe|1
|cant|p1a: Latias|par
|
|upkeep
|turn|22
|
|t:|1760761013
|move|p2a: Connie|Knock Off|p1a: Latias
|-start|p2a: Connie|typechange|Dark|[from] ability: Protean
|-supereffective|p1a: Latias
|-damage|p1a: Latias|0 fnt
|-enditem|p1a: Latias|Weakness Policy|[from] move: Knock Off|[of] p2a: Connie
|faint|p1a: Latias
|
|upkeep
|
|t:|1760761017
|switch|p1a: Breloom|Breloom, F|100/100
|turn|23
|
|t:|1760761020
|switch|p2a: Sina|Cresselia, F|100/100
|move|p1a: Breloom|Swords Dance|p1a: Breloom
|-boost|p1a: Breloom|atk|2
|
|upkeep
|turn|24
|
|t:|1760761022
|move|p1a: Breloom|Bullet Seed|p2a: Sina
|-damage|p2a: Sina|91/100
|-damage|p2a: Sina|81/100
|-damage|p2a: Sina|71/100
|-damage|p2a: Sina|61/100
|-hitcount|p2a: Sina|4
|move|p2a: Sina|Thunder Wave|p1a: Breloom|[miss]
|-miss|p2a: Sina|p1a: Breloom
|
|-sideend|p2: Sorenn|Reflect
|upkeep
|turn|25
|
|t:|1760761027
|-terastallize|p2a: Sina|Poison
|move|p1a: Breloom|Bullet Seed|p2a: Sina
|-resisted|p2a: Sina
|-damage|p2a: Sina|50/100
|-resisted|p2a: Sina
|-damage|p2a: Sina|40/100
|-resisted|p2a: Sina
|-damage|p2a: Sina|31/100
|-resisted|p2a: Sina
|-damage|p2a: Sina|21/100
|-resisted|p2a: Sina
|-damage|p2a: Sina|11/100
|-hitcount|p2a: Sina|5
|move|p2a: Sina|Thunder Wave|p1a: Breloom
|-status|p1a: Breloom|par
|
|upkeep
|turn|26
|
|t:|1760761030
|move|p2a: Sina|Moonlight|p2a: Sina
|-heal|p2a: Sina|61/100
|move|p1a: Breloom|Bullet Seed|p2a: Sina
|-resisted|p2a: Sina
|-damage|p2a: Sina|52/100
|-resisted|p2a: Sina
|-damage|p2a: Sina|42/100
|-resisted|p2a: Sina
|-damage|p2a: Sina|32/100
|-resisted|p2a: Sina
|-damage|p2a: Sina|22/100
|-hitcount|p2a: Sina|4
|
|upkeep
|turn|27
|
|t:|1760761034
|move|p2a: Sina|Moonlight|p2a: Sina
|-heal|p2a: Sina|72/100
|move|p1a: Breloom|Swords Dance|p1a: Breloom
|-boost|p1a: Breloom|atk|2
|
|upkeep
|turn|28
|
|t:|1760761036
|move|p2a: Sina|Reflect|p2a: Sina
|-sidestart|p2: Sorenn|Reflect
|move|p1a: Breloom|Bullet Seed|p2a: Sina
|-resisted|p2a: Sina
|-damage|p2a: Sina|64/100
|-resisted|p2a: Sina
|-damage|p2a: Sina|56/100
|-resisted|p2a: Sina
|-damage|p2a: Sina|49/100
|-resisted|p2a: Sina
|-damage|p2a: Sina|41/100
|-hitcount|p2a: Sina|4
|
|upkeep
|turn|29
|
|t:|1760761040
|move|p2a: Sina|Moonlight|p2a: Sina
|-heal|p2a: Sina|91/100
|move|p1a: Breloom|Rock Tomb|p2a: Sina
|-damage|p2a: Sina|67/100
|-unboost|p2a: Sina|spe|1
|
|upkeep
|turn|30
|
|t:|1760761042
|move|p2a: Sina|Psychic|p1a: Breloom
|-supereffective|p1a: Breloom
|-damage|p1a: Breloom|8/100 par
|cant|p1a: Breloom|par
|
|upkeep
|turn|31
|
|t:|1760761046
|move|p2a: Sina|Psychic|p1a: Breloom
|-supereffective|p1a: Breloom
|-damage|p1a: Breloom|0 fnt
|faint|p1a: Breloom
|
|upkeep
|
|t:|1760761048
|switch|p1a: Infernape|Infernape, M|100/100
|turn|32
|
|t:|1760761053
|-terastallize|p1a: Infernape|Grass
|move|p1a: Infernape|Raging Fury|p2a: Sina
|-damage|p2a: Sina|47/100
|move|p2a: Sina|Thunder Wave|p1a: Infernape
|-status|p1a: Infernape|par
|
|upkeep
|turn|33
|
|t:|1760761058
|move|p1a: Infernape|Raging Fury|p2a: Sina|[from] lockedmove
|-damage|p2a: Sina|27/100
|-start|p1a: Infernape|confusion|[fatigue]
|move|p2a: Sina|Moonlight|p2a: Sina
|-heal|p2a: Sina|77/100
|
|upkeep
|turn|34
|
|t:|1760761062
|-activate|p1a: Infernape|confusion
|-damage|p1a: Infernape|82/100 par|[from] confusion
|move|p2a: Sina|Psychic|p1a: Infernape
|-damage|p1a: Infernape|42/100 par
|
|upkeep
|turn|35
|
|t:|1760761064
|-activate|p1a: Infernape|confusion
|-damage|p1a: Infernape|23/100 par|[from] confusion
|move|p2a: Sina|Psychic|p1a: Infernape
|-damage|p1a: Infernape|0 fnt
|faint|p1a: Infernape
|
|win|Sorenn
|raw|Chief_Ironside's rating: 1398 &rarr; <strong>1377</strong><br />(-21 for losing)
|raw|Sorenn's rating: 1387 &rarr; <strong>1408</strong><br />(+21 for winning)
|l|☆Chief_Ironside
|player|p1|
|l|☆Sorenn
|player|p2|
