|j|☆zmmmmm
|j|☆ineverhaxed
|t:|1760796004
|gametype|singles
|player|p1|zmmmmm|zinzolin|1331
|player|p2|ineverhaxed|101|1380
|gen|9
|tier|[Gen 9] OU
|rated|
|rule|HP Percentage Mod: HP is shown in percentages
|rule|Endless Battle Clause: Forcing endless battles is banned
|rule|Species Clause: Limit one of each Pokémon
|rule|OHKO Clause: OHKO moves are banned
|rule|Evasion Items Clause: Evasion items are banned
|rule|Evasion Moves Clause: Evasion moves are banned
|rule|Evasion Abilities Clause: Evasion abilities are banned
|rule|Sleep Moves Clause: Sleep-inducing moves are banned
|clearpoke
|poke|p1|Pelipper, M|
|poke|p1|Greninja-*, M|
|poke|p1|Basculegion, M|
|poke|p1|Zapdos|
|poke|p1|Sandy Shocks|
|poke|p1|Scizor, M|
|poke|p2|Illumise, F|
|poke|p2|Cloyster, M|
|poke|p2|Blissey, F|
|poke|p2|Darkrai|
|poke|p2|Cinderace, M|
|poke|p2|Lokix, F|
|teampreview
|
|t:|1760796012
|teamsize|p1|6
|teamsize|p2|6
|start
|switch|p1a: Sandy Shocks|Sandy Shocks, shiny|100/100
|switch|p2a: Blissey|Blissey, F|100/100
|-enditem|p1a: Sandy Shocks|Booster Energy
|-activate|p1a: Sandy Shocks|ability: Protosynthesis|[fromitem]
|-start|p1a: Sandy Shocks|protosynthesisspe
|turn|1
|
|t:|1760796017
|move|p1a: Sandy Shocks|Stealth Rock|p2a: Blissey
|-sidestart|p2: ineverhaxed|move: Stealth Rock
|move|p2a: Blissey|Ice Beam|p1a: Sandy Shocks
|-supereffective|p1a: Sandy Shocks
|-damage|p1a: Sandy Shocks|52/100
|
|upkeep
|turn|2
|
|t:|1760796022
|-end|p1a: Sandy Shocks|Protosynthesis|[silent]
|switch|p1a: Pelipper|Pelipper, M, shiny|100/100
|-weather|RainDance|[from] ability: Drizzle|[of] p1a: Pelipper
|move|p2a: Blissey|Shadow Ball|p1a: Pelipper
|-damage|p1a: Pelipper|76/100
|
|-weather|RainDance|[upkeep]
|upkeep
|turn|3
|
|t:|1760796025
|move|p2a: Blissey|Thunderbolt|p1a: Pelipper
|-supereffective|p1a: Pelipper
|-damage|p1a: Pelipper|0 fnt
|faint|p1a: Pelipper
|
|-weather|RainDance|[upkeep]
|upkeep
|
|t:|1760796049
|switch|p1a: Basculegion|Basculegion, M|100/100
|turn|4
|
|t:|1760796056
|-terastallize|p1a: Basculegion|Water
|move|p1a: Basculegion|Wave Crash|p2a: Blissey
|-damage|p2a: Blissey|0 fnt
|faint|p2a: Blissey
|-damage|p1a: Basculegion|44/100|[from] Recoil
|
|-weather|RainDance|[upkeep]
|upkeep
|
|t:|1760796072
|switch|p2a: Lokix|Lokix, F|100/100
|-damage|p2a: Lokix|75/100|[from] Stealth Rock
|turn|5
|
|t:|1760796080
|switch|p1a: Scizor|Scizor, M|100/100
|move|p2a: Lokix|U-turn|p1a: Scizor
|-resisted|p1a: Scizor
|-damage|p1a: Scizor|66/100
|
|t:|1760796082
|switch|p2a: Cinderace|Cinderace, M|100/100|[from] U-turn
|-damage|p2a: Cinderace|76/100|[from] Stealth Rock
|
|-weather|RainDance|[upkeep]
|upkeep
|turn|6
|
|t:|1760796094
|move|p2a: Cinderace|Court Change|p2a: Cinderace
|-start|p2a: Cinderace|typechange|Normal|[from] ability: Libero
|-swapsideconditions
|-activate|p2a: Cinderace|move: Court Change
|move|p1a: Scizor|U-turn|p2a: Cinderace
|-damage|p2a: Cinderace|25/100
|-enditem|p2a: Cinderace|Red Card|[of] p1a: Scizor
|drag|p1a: Greninja|Greninja, M|100/100
|-damage|p1a: Greninja|88/100|[from] Stealth Rock
|
|-weather|RainDance|[upkeep]
|upkeep
|turn|7
|
|t:|1760796105
|move|p2a: Cinderace|Sucker Punch|p1a: Greninja
|-resisted|p1a: Greninja
|-damage|p1a: Greninja|71/100
|move|p1a: Greninja|Surf|p2a: Cinderace
|-damage|p2a: Cinderace|0 fnt
|faint|p2a: Cinderace
|-ability|p1a: Greninja|Battle Bond|boost
|-boost|p1a: Greninja|atk|1
|-boost|p1a: Greninja|spa|1
|-boost|p1a: Greninja|spe|1
|-activate|p1a: Greninja|ability: Battle Bond
|-damage|p1a: Greninja|61/100|[from] item: Life Orb
|
|-weather|RainDance|[upkeep]
|upkeep
|
|t:|1760796113
|switch|p2a: Lokix|Lokix, F|75/100
|turn|8
|
|t:|1760796116
|move|p2a: Lokix|First Impression|p1a: Greninja
|-supereffective|p1a: Greninja
|-damage|p1a: Greninja|0 fnt
|faint|p1a: Greninja
|
|-weather|RainDance|[upkeep]
|upkeep
|
|t:|1760796119
|switch|p1a: Basculegion|Basculegion, M, tera:Water|44/100
|-damage|p1a: Basculegion|32/100|[from] Stealth Rock
|turn|9
|
|t:|1760796127
|move|p1a: Basculegion|Aqua Jet|p2a: Lokix
|-damage|p2a: Lokix|0 fnt
|faint|p2a: Lokix
|
|-weather|none
|upkeep
|
|t:|1760796131
|switch|p2a: Cloyster|Cloyster, M|100/100
|turn|10
|
|t:|1760796136
|switch|p1a: Sandy Shocks|Sandy Shocks, shiny|52/100
|-damage|p1a: Sandy Shocks|46/100|[from] Stealth Rock
|move|p2a: Cloyster|Shell Smash|p2a: Cloyster
|-unboost|p2a: Cloyster|def|1
|-unboost|p2a: Cloyster|spd|1
|-boost|p2a: Cloyster|atk|2
|-boost|p2a: Cloyster|spa|2
|-boost|p2a: Cloyster|spe|2
|
|upkeep
|turn|11
|
|t:|1760796141
|move|p2a: Cloyster|Icicle Spear|p1a: Sandy Shocks
|-supereffective|p1a: Sandy Shocks
|-damage|p1a: Sandy Shocks|0 fnt
|faint|p1a: Sandy Shocks
|-end|p1a: Sandy Shocks|Protosynthesis|[silent]
|-hitcount|p1: Sandy Shocks|1
|
|upkeep
|
|t:|1760796144
|switch|p1a: Scizor|Scizor, M|66/100
|-damage|p1a: Scizor|53/100|[from] Stealth Rock
|turn|12
|
|t:|1760796151
|-terastallize|p2a: Cloyster|Ghost
|move|p1a: Scizor|Bullet Punch|p2a: Cloyster
|-damage|p2a: Cloyster|59/100
|move|p2a: Cloyster|Tera Blast|p1a: Scizor|[anim] Tera Blast Ghost
|-damage|p1a: Scizor|0 fnt
|faint|p1a: Scizor
|
|upkeep
|
|t:|1760796156
|switch|p1a: Basculegion|Basculegion, M, tera:Water|32/100
|-damage|p1a: Basculegion|19/100|[from] Stealth Rock
|turn|13
|
|t:|1760796164
|move|p2a: Cloyster|Ice Shard|p1a: Basculegion
|-resisted|p1a: Basculegion
|-damage|p1a: Basculegion|0 fnt
|faint|p1a: Basculegion
|
|upkeep
|
|t:|1760796166
|switch|p1a: Zapdos|Zapdos, shiny|100/100
|turn|14
|-message|zmmmmm forfeited.
|
|win|ineverhaxed
|raw|zmmmmm's rating: 1331 &rarr; <strong>1314</strong><br />(-17 for losing)
|raw|ineverhaxed's rating: 1380 &rarr; <strong>1397</strong><br />(+17 for winning)
|l|☆zmmmmm
|player|p1|
|l|☆ineverhaxed
|player|p2|
