|j|☆TrentMercer
|j|☆Nitro05
|t:|1760719545
|gametype|singles
|player|p1|TrentMercer|n|1598
|player|p2|Nitro05|266|1561
|gen|9
|tier|[Gen 9] OU
|rated|
|rule|HP Percentage Mod: HP is shown in percentages
|rule|Endless Battle Clause: Forcing endless battles is banned
|rule|Species Clause: Limit one of each Pokémon
|rule|OHKO Clause: OHKO moves are banned
|rule|Evasion Items Clause: Evasion items are banned
|rule|Evasion Moves Clause: Evasion moves are banned
|rule|Evasion Abilities Clause: Evasion abilities are banned
|rule|Sleep Moves Clause: Sleep-inducing moves are banned
|clearpoke
|poke|p1|Great Tusk|
|poke|p1|Slowking-Galar, F|
|poke|p1|Zapdos|
|poke|p1|Crawdaunt, F|
|poke|p1|Chandelure, M|
|poke|p1|Scizor, F|
|poke|p2|Landorus-Therian, M|
|poke|p2|Samurott-Hisui, M|
|poke|p2|Gholdengo|
|poke|p2|Scizor, F|
|poke|p2|Dragonite, M|
|poke|p2|Iron Valiant|
|teampreview
|
|t:|1760719555
|teamsize|p1|6
|teamsize|p2|6
|start
|switch|p1a: Zapdos|Zapdos|100/100
|switch|p2a: Samurott|Samurott-Hisui, M|100/100
|turn|1
|
|t:|1760719565
|switch|p2a: Landorus|Landorus-Therian, M|100/100
|-ability|p2a: Landorus|Intimidate|boost
|-unboost|p1a: Zapdos|atk|1
|move|p1a: Zapdos|Hurricane|p2a: Landorus
|-damage|p2a: Landorus|52/100
|
|upkeep
|turn|2
|
|t:|1760719573
|move|p2a: Landorus|Stealth Rock|p1a: Zapdos
|-sidestart|p1: TrentMercer|move: Stealth Rock
|move|p1a: Zapdos|Hurricane|p2a: Landorus
|-damage|p2a: Landorus|3/100
|
|upkeep
|turn|3
|
|t:|1760719579
|move|p2a: Landorus|U-turn|p1a: Zapdos
|-resisted|p1a: Zapdos
|-damage|p1a: Zapdos|93/100
|
|t:|1760719584
|switch|p2a: Samurott|Samurott-Hisui, M|100/100|[from] U-turn
|move|p1a: Zapdos|Hurricane|p2a: Samurott|[miss]
|-miss|p1a: Zapdos|p2a: Samurott
|
|upkeep
|turn|4
|
|t:|1760719592
|move|p1a: Zapdos|Hurricane|p2a: Samurott|[miss]
|-miss|p1a: Zapdos|p2a: Samurott
|move|p2a: Samurott|Knock Off|p1a: Zapdos
|-damage|p1a: Zapdos|63/100
|-enditem|p1a: Zapdos|Heavy-Duty Boots|[from] move: Knock Off|[of] p2a: Samurott
|
|upkeep
|turn|5
|
|t:|1760719598
|move|p1a: Zapdos|Hurricane|p2a: Samurott|[miss]
|-miss|p1a: Zapdos|p2a: Samurott
|move|p2a: Samurott|Ceaseless Edge|p1a: Zapdos
|-damage|p1a: Zapdos|35/100
|-status|p2a: Samurott|par|[from] ability: Static|[of] p1a: Zapdos
|-sidestart|p1: TrentMercer|Spikes
|
|upkeep
|turn|6
|
|t:|1760719605
|move|p1a: Zapdos|Roost|p1a: Zapdos
|-heal|p1a: Zapdos|85/100
|-singleturn|p1a: Zapdos|move: Roost
|move|p2a: Samurott|Ceaseless Edge|p1a: Zapdos
|-damage|p1a: Zapdos|52/100
|-sidestart|p1: TrentMercer|Spikes
|
|upkeep
|turn|7
|
|t:|1760719611
|move|p1a: Zapdos|Hurricane|p2a: Samurott
|-damage|p2a: Samurott|67/100 par
|move|p2a: Samurott|Ceaseless Edge|p1a: Zapdos
|-damage|p1a: Zapdos|23/100
|-sidestart|p1: TrentMercer|Spikes
|
|upkeep
|turn|8
|
|t:|1760719617
|move|p1a: Zapdos|Roost|p1a: Zapdos
|-heal|p1a: Zapdos|73/100
|-singleturn|p1a: Zapdos|move: Roost
|cant|p2a: Samurott|par
|
|upkeep
|turn|9
|
|t:|1760719626
|move|p1a: Zapdos|Hurricane|p2a: Samurott
|-damage|p2a: Samurott|35/100 par
|move|p2a: Samurott|Aqua Cutter|p1a: Zapdos
|-damage|p1a: Zapdos|41/100
|
|upkeep
|turn|10
|
|t:|1760719633
|move|p1a: Zapdos|Roost|p1a: Zapdos
|-heal|p1a: Zapdos|91/100
|-singleturn|p1a: Zapdos|move: Roost
|move|p2a: Samurott|Aqua Cutter|p1a: Zapdos
|-damage|p1a: Zapdos|59/100
|
|upkeep
|turn|11
|
|t:|1760719640
|move|p1a: Zapdos|Volt Switch|p2a: Samurott
|-supereffective|p2a: Samurott
|-damage|p2a: Samurott|0 fnt
|faint|p2a: Samurott
|
|t:|1760719645
|switch|p1a: Slowking|Slowking-Galar, F|100/100|[from] Volt Switch
|-damage|p1a: Slowking|88/100|[from] Stealth Rock
|-damage|p1a: Slowking|63/100|[from] Spikes
|
|upkeep
|
|t:|1760719655
|switch|p2a: Scizor|Scizor, F|100/100
|turn|12
|
|t:|1760719663
|-terastallize|p1a: Slowking|Water
|move|p2a: Scizor|Knock Off|p1a: Slowking
|-damage|p1a: Slowking|2/100
|-enditem|p1a: Slowking|Assault Vest|[from] move: Knock Off|[of] p2a: Scizor
|move|p1a: Slowking|Flamethrower|p2a: Scizor
|-supereffective|p2a: Scizor
|-damage|p2a: Scizor|0 fnt
|faint|p2a: Scizor
|
|upkeep
|
|t:|1760719673
|switch|p2a: Gholdengo|Gholdengo|100/100
|-item|p2a: Gholdengo|Air Balloon
|turn|13
|
|t:|1760719684
|move|p2a: Gholdengo|Shadow Ball|p1a: Slowking
|-damage|p1a: Slowking|0 fnt
|faint|p1a: Slowking
|
|upkeep
|
|t:|1760719697
|switch|p1a: Chandelure|Chandelure, M, shiny|100/100
|-damage|p1a: Chandelure|76/100|[from] Stealth Rock
|-damage|p1a: Chandelure|51/100|[from] Spikes
|turn|14
|
|t:|1760719710
|switch|p2a: Landorus|Landorus-Therian, M|3/100
|-ability|p2a: Landorus|Intimidate|boost
|-unboost|p1a: Chandelure|atk|1
|move|p1a: Chandelure|Fire Blast|p2a: Landorus
|-damage|p2a: Landorus|0 fnt
|faint|p2a: Landorus
|
|upkeep
|
|t:|1760719716
|switch|p2a: Dragonite|Dragonite, M|100/100
|turn|15
|
|t:|1760719721
|switch|p1a: Zapdos|Zapdos|59/100
|-damage|p1a: Zapdos|34/100|[from] Stealth Rock
|move|p2a: Dragonite|Dragon Dance|p2a: Dragonite
|-boost|p2a: Dragonite|atk|1
|-boost|p2a: Dragonite|spe|1
|
|upkeep
|turn|16
|inactive|Battle timer is ON: inactive players will automatically lose when time's up. (requested by TrentMercer)
|
|t:|1760719764
|-terastallize|p2a: Dragonite|Flying
|move|p2a: Dragonite|Tera Blast|p1a: Zapdos|[anim] Tera Blast Flying
|-resisted|p1a: Zapdos
|-damage|p1a: Zapdos|3/100
|move|p1a: Zapdos|Thunder Wave|p2a: Dragonite
|-status|p2a: Dragonite|par
|
|upkeep
|turn|17
|
|t:|1760719772
|move|p2a: Dragonite|Extreme Speed|p1a: Zapdos
|-damage|p1a: Zapdos|0 fnt
|faint|p1a: Zapdos
|
|upkeep
|
|t:|1760719781
|switch|p1a: Great Tusk|Great Tusk|100/100
|-damage|p1a: Great Tusk|98/100|[from] Stealth Rock
|-damage|p1a: Great Tusk|73/100|[from] Spikes
|-enditem|p1a: Great Tusk|Booster Energy
|-activate|p1a: Great Tusk|ability: Protosynthesis|[fromitem]
|-start|p1a: Great Tusk|protosynthesisatk
|turn|18
|
|t:|1760719785
|move|p1a: Great Tusk|Rapid Spin|p2a: Dragonite
|-damage|p2a: Dragonite|89/100 par
|-boost|p1a: Great Tusk|spe|1
|-sideend|p1: TrentMercer|Spikes|[from] move: Rapid Spin|[of] p1a: Great Tusk
|-sideend|p1: TrentMercer|Stealth Rock|[from] move: Rapid Spin|[of] p1a: Great Tusk
|move|p2a: Dragonite|Tera Blast|p1a: Great Tusk|[anim] Tera Blast Flying
|-supereffective|p1a: Great Tusk
|-damage|p1a: Great Tusk|0 fnt
|faint|p1a: Great Tusk
|-end|p1a: Great Tusk|Protosynthesis|[silent]
|
|upkeep
|
|t:|1760719795
|switch|p1a: Crawdaunt|Crawdaunt, F|100/100
|turn|19
|
|t:|1760719798
|move|p1a: Crawdaunt|Knock Off|p2a: Dragonite
|-damage|p2a: Dragonite|0 fnt
|-enditem|p2a: Dragonite|Heavy-Duty Boots|[from] move: Knock Off|[of] p1a: Crawdaunt
|faint|p2a: Dragonite
|
|upkeep
|
|t:|1760719803
|switch|p2a: Iron Valiant|Iron Valiant|100/100
|-enditem|p2a: Iron Valiant|Booster Energy
|-activate|p2a: Iron Valiant|ability: Quark Drive|[fromitem]
|-start|p2a: Iron Valiant|quarkdrivespe
|turn|20
|
|t:|1760719818
|move|p2a: Iron Valiant|Calm Mind|p2a: Iron Valiant
|-boost|p2a: Iron Valiant|spa|1
|-boost|p2a: Iron Valiant|spd|1
|move|p1a: Crawdaunt|Knock Off|p2a: Iron Valiant
|-resisted|p2a: Iron Valiant
|-damage|p2a: Iron Valiant|77/100
|
|upkeep
|turn|21
|
|t:|1760719824
|move|p2a: Iron Valiant|Moonblast|p1a: Crawdaunt
|-supereffective|p1a: Crawdaunt
|-damage|p1a: Crawdaunt|0 fnt
|faint|p1a: Crawdaunt
|
|upkeep
|
|t:|1760719827
|switch|p1a: Scizor|Scizor, F|100/100
|turn|22
|
|t:|1760719830
|move|p1a: Scizor|Bullet Punch|p2a: Iron Valiant
|-supereffective|p2a: Iron Valiant
|-damage|p2a: Iron Valiant|0 fnt
|faint|p2a: Iron Valiant
|-end|p2a: Iron Valiant|Quark Drive|[silent]
|-damage|p1a: Scizor|91/100|[from] item: Life Orb
|
|upkeep
|
|t:|1760719832
|switch|p2a: Gholdengo|Gholdengo|100/100
|-item|p2a: Gholdengo|Air Balloon
|turn|23
|
|t:|1760719837
|move|p2a: Gholdengo|Shadow Ball|p1a: Scizor
|-damage|p1a: Scizor|37/100
|move|p1a: Scizor|Knock Off|p2a: Gholdengo
|-supereffective|p2a: Gholdengo
|-damage|p2a: Gholdengo|0 fnt
|-enditem|p2a: Gholdengo|Air Balloon
|faint|p2a: Gholdengo
|-damage|p1a: Scizor|27/100|[from] item: Life Orb
|
|win|TrentMercer
|raw|TrentMercer's rating: 1598 &rarr; <strong>1616</strong><br />(+18 for winning)
|raw|Nitro05's rating: 1561 &rarr; <strong>1543</strong><br />(-18 for losing)
|l|☆Nitro05
|player|p2|
|l|☆TrentMercer
|player|p1|
