|j|☆asphyxiuh
|j|☆Lucker testing
|t:|1760813470
|gametype|singles
|player|p1|asphyxiuh|n-masters|1370
|player|p2|Lucker testing|marnie|1315
|gen|9
|tier|[Gen 9] OU
|rated|
|rule|HP Percentage Mod: HP is shown in percentages
|rule|Endless Battle Clause: Forcing endless battles is banned
|rule|Species Clause: Limit one of each Pokémon
|rule|OHKO Clause: OHKO moves are banned
|rule|Evasion Items Clause: Evasion items are banned
|rule|Evasion Moves Clause: Evasion moves are banned
|rule|Evasion Abilities Clause: Evasion abilities are banned
|rule|Sleep Moves Clause: Sleep-inducing moves are banned
|clearpoke
|poke|p1|Bellibolt, M|
|poke|p1|Rillaboom, F|
|poke|p1|Alomomola, F|
|poke|p1|Tinkaton, F|
|poke|p1|Great Tusk|
|poke|p1|Dragapult, M|
|poke|p2|Landorus-Therian, M|
|poke|p2|Pecharunt|
|poke|p2|Ogerpon-Wellspring, F|
|poke|p2|Kingambit, M|
|poke|p2|Zamazenta-*|
|poke|p2|Blaziken, F|
|teampreview
|inactive|Battle timer is ON: inactive players will automatically lose when time's up. (requested by asphyxiuh)
|c|☆asphyxiuh|hfd
|c|☆Lucker testing|u2d
|
|t:|1760813494
|teamsize|p1|6
|teamsize|p2|6
|start
|switch|p1a: RAGNAROK|Tinkaton, F|100/100
|switch|p2a: Landorus|Landorus-Therian, M|100/100
|-ability|p2a: Landorus|Intimidate|boost
|-unboost|p1a: RAGNAROK|atk|1
|-item|p1a: RAGNAROK|Air Balloon
|turn|1
|
|t:|1760813504
|move|p1a: RAGNAROK|Stealth Rock|p2a: Landorus
|-sidestart|p2: Lucker testing|move: Stealth Rock
|move|p2a: Landorus|Stealth Rock|p1a: RAGNAROK
|-sidestart|p1: asphyxiuh|move: Stealth Rock
|
|upkeep
|turn|2
|
|t:|1760813509
|move|p2a: Landorus|U-turn|p1a: RAGNAROK
|-resisted|p1a: RAGNAROK
|-damage|p1a: RAGNAROK|95/100
|-enditem|p1a: RAGNAROK|Air Balloon
|-enditem|p2a: Landorus|Rocky Helmet|[silent]|[from] ability: Pickpocket|[of] p2a: Landorus
|-item|p1a: RAGNAROK|Rocky Helmet|[from] ability: Pickpocket|[of] p2a: Landorus
|
|t:|1760813518
|switch|p2a: Ogerpon|Ogerpon-Wellspring, F|100/100|[from] U-turn
|-damage|p2a: Ogerpon|88/100|[from] Stealth Rock
|move|p1a: RAGNAROK|Encore||[still]
|-fail|p1a: RAGNAROK
|
|upkeep
|turn|3
|
|t:|1760813526
|switch|p2a: Landorus|Landorus-Therian, M|100/100
|-damage|p2a: Landorus|88/100|[from] Stealth Rock
|-ability|p2a: Landorus|Intimidate|boost
|-unboost|p1a: RAGNAROK|atk|1
|move|p1a: RAGNAROK|Thunder Wave|p2a: Landorus
|-immune|p2a: Landorus
|
|upkeep
|turn|4
|
|t:|1760813535
|switch|p1a: SHAMONEAMOLA|Alomomola, F|100/100
|move|p2a: Landorus|Earthquake|p1a: SHAMONEAMOLA
|-damage|p1a: SHAMONEAMOLA|74/100
|
|upkeep
|turn|5
|
|t:|1760813541
|move|p2a: Landorus|U-turn|p1a: SHAMONEAMOLA
|-damage|p1a: SHAMONEAMOLA|63/100
|
|t:|1760813544
|switch|p2a: Ogerpon|Ogerpon-Wellspring, F|88/100|[from] U-turn
|-damage|p2a: Ogerpon|76/100|[from] Stealth Rock
|move|p1a: SHAMONEAMOLA|Tickle|p2a: Ogerpon
|-unboost|p2a: Ogerpon|atk|1
|-unboost|p2a: Ogerpon|def|1
|
|upkeep
|turn|6
|
|t:|1760813554
|switch|p1a: Hasan's dog|Bellibolt, M|100/100
|move|p2a: Ogerpon|Taunt|p1a: Hasan's dog
|-start|p1a: Hasan's dog|move: Taunt
|
|upkeep
|turn|7
|
|t:|1760813559
|switch|p2a: Landorus|Landorus-Therian, M|88/100
|-damage|p2a: Landorus|76/100|[from] Stealth Rock
|-ability|p2a: Landorus|Intimidate|boost
|-unboost|p1a: Hasan's dog|atk|1
|move|p1a: Hasan's dog|Discharge|p2a: Landorus
|-immune|p2a: Landorus
|
|upkeep
|turn|8
|
|t:|1760813570
|switch|p1a: SHAMONEAMOLA|Alomomola, F|96/100
|move|p2a: Landorus|Earthquake|p1a: SHAMONEAMOLA
|-damage|p1a: SHAMONEAMOLA|73/100
|
|upkeep
|turn|9
|
|t:|1760813580
|move|p1a: SHAMONEAMOLA|Protect|p1a: SHAMONEAMOLA
|-singleturn|p1a: SHAMONEAMOLA|Protect
|move|p2a: Landorus|U-turn|p1a: SHAMONEAMOLA
|-activate|p1a: SHAMONEAMOLA|move: Protect
|
|upkeep
|turn|10
|
|t:|1760813590
|switch|p1a: RAGNAROK|Tinkaton, F|95/100
|-damage|p1a: RAGNAROK|88/100|[from] Stealth Rock
|move|p2a: Landorus|Earthquake|p1a: RAGNAROK
|-supereffective|p1a: RAGNAROK
|-damage|p1a: RAGNAROK|0 fnt
|faint|p1a: RAGNAROK
|
|upkeep
|
|t:|1760813603
|switch|p1a: METRO BOOMER|Rillaboom, F|100/100
|-damage|p1a: METRO BOOMER|88/100|[from] Stealth Rock
|-fieldstart|move: Grassy Terrain|[from] ability: Grassy Surge|[of] p1a: METRO BOOMER
|turn|11
|
|t:|1760813616
|switch|p2a: Pecharunt|Pecharunt|100/100
|move|p1a: METRO BOOMER|Knock Off|p2a: Pecharunt
|-supereffective|p2a: Pecharunt
|-damage|p2a: Pecharunt|40/100
|-enditem|p2a: Pecharunt|Heavy-Duty Boots|[from] move: Knock Off|[of] p1a: METRO BOOMER
|
|-heal|p2a: Pecharunt|46/100|[from] Grassy Terrain
|-heal|p1a: METRO BOOMER|94/100|[from] Grassy Terrain
|upkeep
|turn|12
|
|t:|1760813627
|switch|p1a: SHAMONEAMOLA|Alomomola, F|100/100
|move|p2a: Pecharunt|Recover|p2a: Pecharunt
|-heal|p2a: Pecharunt|96/100
|
|-heal|p2a: Pecharunt|100/100|[from] Grassy Terrain
|upkeep
|turn|13
|
|t:|1760813632
|move|p2a: Pecharunt|Malignant Chain|p1a: SHAMONEAMOLA
|-damage|p1a: SHAMONEAMOLA|72/100
|move|p1a: SHAMONEAMOLA|Flip Turn|p2a: Pecharunt
|-damage|p2a: Pecharunt|91/100
|
|t:|1760813639
|switch|p1a: ASAC TANK SCHRADER|Great Tusk|100/100|[from] Flip Turn
|
|-heal|p2a: Pecharunt|97/100|[from] Grassy Terrain
|upkeep
|turn|14
|
|t:|1760813650
|-terastallize|p1a: ASAC TANK SCHRADER|Steel
|move|p2a: Pecharunt|Shadow Ball|p1a: ASAC TANK SCHRADER
|-damage|p1a: ASAC TANK SCHRADER|61/100
|-unboost|p1a: ASAC TANK SCHRADER|spd|1
|move|p1a: ASAC TANK SCHRADER|Ice Spinner|p2a: Pecharunt
|-damage|p2a: Pecharunt|79/100
|-fieldend|move: Grassy Terrain
|
|upkeep
|turn|15
|
|t:|1760813663
|-end|p1a: ASAC TANK SCHRADER|Protosynthesis|[silent]
|switch|p1a: SHAMONEAMOLA|Alomomola, F|100/100
|move|p2a: Pecharunt|Recover|p2a: Pecharunt
|-heal|p2a: Pecharunt|100/100
|
|upkeep
|turn|16
|
|t:|1760813668
|move|p2a: Pecharunt|Malignant Chain|p1a: SHAMONEAMOLA
|-damage|p1a: SHAMONEAMOLA|74/100
|move|p1a: SHAMONEAMOLA|Tickle|p2a: Pecharunt
|-unboost|p2a: Pecharunt|atk|1
|-unboost|p2a: Pecharunt|def|1
|
|upkeep
|turn|17
|
|t:|1760813674
|move|p2a: Pecharunt|Malignant Chain|p1a: SHAMONEAMOLA
|-damage|p1a: SHAMONEAMOLA|47/100
|-status|p1a: SHAMONEAMOLA|tox
|-start|p1a: SHAMONEAMOLA|confusion|[from] ability: Poison Puppeteer|[of] p2a: Pecharunt
|-activate|p1a: SHAMONEAMOLA|confusion
|move|p1a: SHAMONEAMOLA|Flip Turn|p2a: Pecharunt
|-damage|p2a: Pecharunt|86/100
|
|t:|1760813682
|switch|p1a: ASAC TANK SCHRADER|Great Tusk, tera:Steel|61/100|[from] Flip Turn
|
|upkeep
|turn|18
|
|t:|1760813687
|switch|p2a: Landorus|Landorus-Therian, M|76/100
|-damage|p2a: Landorus|63/100|[from] Stealth Rock
|-ability|p2a: Landorus|Intimidate|boost
|-unboost|p1a: ASAC TANK SCHRADER|atk|1
|move|p1a: ASAC TANK SCHRADER|Ice Spinner|p2a: Landorus
|-supereffective|p2a: Landorus
|-damage|p2a: Landorus|5/100
|
|upkeep
|turn|19
|inactive|asphyxiuh has 120 seconds left.
|
|t:|1760813723
|-end|p1a: ASAC TANK SCHRADER|Protosynthesis|[silent]
|switch|p1a: METRO BOOMER|Rillaboom, F|94/100
|-damage|p1a: METRO BOOMER|82/100|[from] Stealth Rock
|-fieldstart|move: Grassy Terrain|[from] ability: Grassy Surge|[of] p1a: METRO BOOMER
|move|p2a: Landorus|Earthquake|p1a: METRO BOOMER
|-resisted|p1a: METRO BOOMER
|-damage|p1a: METRO BOOMER|70/100
|
|-heal|p1a: METRO BOOMER|76/100|[from] Grassy Terrain
|upkeep
|turn|20
|inactive|asphyxiuh has 120 seconds left.
|
|t:|1760813734
|move|p2a: Landorus|U-turn|p1a: METRO BOOMER
|-supereffective|p1a: METRO BOOMER
|-damage|p1a: METRO BOOMER|36/100
|
|t:|1760813737
|switch|p2a: Pecharunt|Pecharunt|86/100|[from] U-turn
|-damage|p2a: Pecharunt|74/100|[from] Stealth Rock
|move|p1a: METRO BOOMER|Knock Off|p2a: Pecharunt
|-supereffective|p2a: Pecharunt
|-damage|p2a: Pecharunt|31/100
|
|-heal|p2a: Pecharunt|37/100|[from] Grassy Terrain
|-heal|p1a: METRO BOOMER|42/100|[from] Grassy Terrain
|upkeep
|turn|21
|
|t:|1760813744
|move|p2a: Pecharunt|Recover|p2a: Pecharunt
|-heal|p2a: Pecharunt|87/100
|move|p1a: METRO BOOMER|Knock Off|p2a: Pecharunt
|-supereffective|p2a: Pecharunt
|-crit|p2a: Pecharunt
|-damage|p2a: Pecharunt|17/100
|
|-heal|p2a: Pecharunt|23/100|[from] Grassy Terrain
|-heal|p1a: METRO BOOMER|48/100|[from] Grassy Terrain
|upkeep
|turn|22
|
|t:|1760813750
|move|p2a: Pecharunt|Recover|p2a: Pecharunt
|-heal|p2a: Pecharunt|73/100
|move|p1a: METRO BOOMER|Knock Off|p2a: Pecharunt
|-supereffective|p2a: Pecharunt
|-damage|p2a: Pecharunt|33/100
|
|-heal|p2a: Pecharunt|39/100|[from] Grassy Terrain
|-heal|p1a: METRO BOOMER|55/100|[from] Grassy Terrain
|upkeep
|turn|23
|
|t:|1760813757
|move|p2a: Pecharunt|Recover|p2a: Pecharunt
|-heal|p2a: Pecharunt|89/100
|move|p1a: METRO BOOMER|Knock Off|p2a: Pecharunt
|-supereffective|p2a: Pecharunt
|-damage|p2a: Pecharunt|44/100
|
|-heal|p2a: Pecharunt|50/100|[from] Grassy Terrain
|-heal|p1a: METRO BOOMER|61/100|[from] Grassy Terrain
|-fieldend|move: Grassy Terrain
|upkeep
|turn|24
|
|t:|1760813762
|move|p2a: Pecharunt|Malignant Chain|p1a: METRO BOOMER
|-supereffective|p1a: METRO BOOMER
|-damage|p1a: METRO BOOMER|0 fnt
|faint|p1a: METRO BOOMER
|
|upkeep
|
|t:|1760813769
|switch|p1a: ASAC TANK SCHRADER|Great Tusk, tera:Steel|61/100
|turn|25
|
|t:|1760813778
|move|p2a: Pecharunt|Recover|p2a: Pecharunt
|-heal|p2a: Pecharunt|99/100
|move|p1a: ASAC TANK SCHRADER|Rapid Spin|p2a: Pecharunt
|-immune|p2a: Pecharunt
|
|upkeep
|turn|26
|
|t:|1760813787
|move|p2a: Pecharunt|Shadow Ball|p1a: ASAC TANK SCHRADER
|-crit|p1a: ASAC TANK SCHRADER
|-damage|p1a: ASAC TANK SCHRADER|5/100
|-unboost|p1a: ASAC TANK SCHRADER|spd|1
|move|p1a: ASAC TANK SCHRADER|Close Combat|p2a: Pecharunt
|-immune|p2a: Pecharunt
|
|upkeep
|turn|27
|
|t:|1760813799
|move|p2a: Pecharunt|Shadow Ball|p1a: ASAC TANK SCHRADER
|-damage|p1a: ASAC TANK SCHRADER|0 fnt
|faint|p1a: ASAC TANK SCHRADER
|-end|p1a: ASAC TANK SCHRADER|Protosynthesis|[silent]
|
|upkeep
|
|t:|1760813802
|switch|p1a: NIGHTWING|Dragapult, M|100/100
|-damage|p1a: NIGHTWING|88/100|[from] Stealth Rock
|turn|28
|inactive|Lucker testing has 120 seconds left.
|
|t:|1760813841
|move|p1a: NIGHTWING|Shadow Ball|p2a: Pecharunt
|-supereffective|p2a: Pecharunt
|-damage|p2a: Pecharunt|0 fnt
|faint|p2a: Pecharunt
|
|upkeep
|
|t:|1760813848
|switch|p2a: Kingambit|Kingambit, M|100/100
|-damage|p2a: Kingambit|94/100|[from] Stealth Rock
|-activate|p2a: Kingambit|ability: Supreme Overlord
|-start|p2a: Kingambit|fallen1|[silent]
|turn|29
|inactive|Lucker testing has 120 seconds left.
|
|t:|1760813859
|switch|p1a: SHAMONEAMOLA|Alomomola, F|81/100 tox
|-terastallize|p2a: Kingambit|Fire
|move|p2a: Kingambit|Kowtow Cleave|p1a: SHAMONEAMOLA
|-damage|p1a: SHAMONEAMOLA|48/100 tox
|
|-heal|p2a: Kingambit|100/100|[from] item: Leftovers
|-damage|p1a: SHAMONEAMOLA|42/100 tox|[from] psn
|upkeep
|turn|30
|inactive|Lucker testing has 120 seconds left.
|
|t:|1760813868
|-end|p2a: Kingambit|fallen1|[silent]
|switch|p2a: Ogerpon|Ogerpon-Wellspring, F|76/100
|-damage|p2a: Ogerpon|64/100|[from] Stealth Rock
|move|p1a: SHAMONEAMOLA|Tickle|p2a: Ogerpon
|-unboost|p2a: Ogerpon|atk|1
|-unboost|p2a: Ogerpon|def|1
|
|-damage|p1a: SHAMONEAMOLA|30/100 tox|[from] psn
|upkeep
|turn|31
|inactive|Lucker testing has 120 seconds left.
|
|t:|1760813882
|move|p2a: Ogerpon|Play Rough|p1a: SHAMONEAMOLA
|-damage|p1a: SHAMONEAMOLA|17/100 tox
|move|p1a: SHAMONEAMOLA|Wish|p1a: SHAMONEAMOLA
|
|-damage|p1a: SHAMONEAMOLA|0 fnt|[from] psn
|faint|p1a: SHAMONEAMOLA
|upkeep
|
|t:|1760813891
|switch|p1a: Hasan's dog|Bellibolt, M|100/100
|turn|32
|
|t:|1760813897
|switch|p2a: Landorus|Landorus-Therian, M|5/100
|-damage|p2a: Landorus|0 fnt|[from] Stealth Rock
|faint|p2a: Landorus
|move|p1a: Hasan's dog|Soak|p2: Landorus|[notarget]
|-fail|p1a: Hasan's dog
|
|upkeep
|inactive|Lucker testing has 120 seconds left.
|
|t:|1760813919
|switch|p2a: Ogerpon|Ogerpon-Wellspring, F|64/100
|-damage|p2a: Ogerpon|51/100|[from] Stealth Rock
|turn|33
|
|t:|1760813924
|move|p2a: Ogerpon|Taunt|p1a: Hasan's dog
|-start|p1a: Hasan's dog|move: Taunt
|cant|p1a: Hasan's dog|move: Taunt|Toxic
|
|upkeep
|turn|34
|
|t:|1760813926
|move|p2a: Ogerpon|Ivy Cudgel|p1a: Hasan's dog|[anim] Ivy Cudgel Water
|-crit|p1a: Hasan's dog
|-damage|p1a: Hasan's dog|26/100
|-start|p1a: Hasan's dog|Charge|Ivy Cudgel|[from] ability: Electromorphosis
|move|p1a: Hasan's dog|Discharge|p2a: Ogerpon
|-damage|p2a: Ogerpon|0 fnt
|faint|p2a: Ogerpon
|-end|p1a: Hasan's dog|Charge|[silent]
|
|upkeep
|
|t:|1760813936
|switch|p2a: Blaziken|Blaziken, F|100/100
|-damage|p2a: Blaziken|88/100|[from] Stealth Rock
|turn|35
|
|t:|1760813940
|move|p2a: Blaziken|Focus Energy|p2a: Blaziken
|-start|p2a: Blaziken|move: Focus Energy
|move|p1a: Hasan's dog|Discharge|p2a: Blaziken
|-damage|p2a: Blaziken|51/100
|
|-end|p1a: Hasan's dog|move: Taunt
|-ability|p2a: Blaziken|Speed Boost|boost
|-boost|p2a: Blaziken|spe|1
|upkeep
|turn|36
|
|t:|1760813949
|move|p2a: Blaziken|Overheat|p1a: Hasan's dog
|-crit|p1a: Hasan's dog
|-damage|p1a: Hasan's dog|0 fnt
|-unboost|p2a: Blaziken|spa|2
|faint|p1a: Hasan's dog
|
|-ability|p2a: Blaziken|Speed Boost|boost
|-boost|p2a: Blaziken|spe|1
|upkeep
|
|t:|1760813952
|switch|p1a: NIGHTWING|Dragapult, M|88/100
|-damage|p1a: NIGHTWING|76/100|[from] Stealth Rock
|turn|37
|
|t:|1760813959
|move|p2a: Blaziken|Protect|p2a: Blaziken
|-singleturn|p2a: Blaziken|Protect
|move|p1a: NIGHTWING|Flamethrower|p2a: Blaziken
|-activate|p2a: Blaziken|move: Protect
|
|-ability|p2a: Blaziken|Speed Boost|boost
|-boost|p2a: Blaziken|spe|1
|upkeep
|turn|38
|
|t:|1760813962
|move|p2a: Blaziken|Overheat|p1a: NIGHTWING
|-resisted|p1a: NIGHTWING
|-crit|p1a: NIGHTWING
|-damage|p1a: NIGHTWING|5/100
|-unboost|p2a: Blaziken|spa|2
|move|p1a: NIGHTWING|Flamethrower|p2a: Blaziken
|-resisted|p2a: Blaziken
|-damage|p2a: Blaziken|22/100
|
|-ability|p2a: Blaziken|Speed Boost|boost
|-boost|p2a: Blaziken|spe|1
|upkeep
|turn|39
|
|t:|1760813969
|move|p2a: Blaziken|Overheat|p1a: NIGHTWING
|-resisted|p1a: NIGHTWING
|-crit|p1a: NIGHTWING
|-damage|p1a: NIGHTWING|0 fnt
|-unboost|p2a: Blaziken|spa|2
|faint|p1a: NIGHTWING
|
|win|Lucker testing
|raw|asphyxiuh's rating: 1370 &rarr; <strong>1347</strong><br />(-23 for losing)
|raw|Lucker testing's rating: 1315 &rarr; <strong>1338</strong><br />(+23 for winning)
|l|☆asphyxiuh
|player|p1|
|l|☆Lucker testing
|player|p2|
