|j|☆Sakuya2024
|j|☆reudige Gurke
|t:|1760811215
|gametype|singles
|player|p1|Sakuya2024|265|1340
|player|p2|reudige Gurke|265|1283
|gen|9
|tier|[Gen 9] OU
|rated|
|rule|HP Percentage Mod: HP is shown in percentages
|rule|Endless Battle Clause: Forcing endless battles is banned
|rule|Species Clause: Limit one of each Pokémon
|rule|OHKO Clause: OHKO moves are banned
|rule|Evasion Items Clause: Evasion items are banned
|rule|Evasion Moves Clause: Evasion moves are banned
|rule|Evasion Abilities Clause: Evasion abilities are banned
|rule|Sleep Moves Clause: Sleep-inducing moves are banned
|clearpoke
|poke|p1|Dragapult, M|
|poke|p1|Dragonite, F|
|poke|p1|Ting-Lu|
|poke|p1|Weezing-Galar, F|
|poke|p1|Iron Crown|
|poke|p1|Zapdos|
|poke|p2|Mew|
|poke|p2|Alomomola, F|
|poke|p2|Cinderace, M|
|poke|p2|Primarina, M|
|poke|p2|Persian-Alola, M|
|poke|p2|Kyurem|
|teampreview
|
|t:|1760811249
|teamsize|p1|6
|teamsize|p2|6
|start
|switch|p1a: Dragapult|Dragapult, M|100/100
|switch|p2a: Persian|Persian-Alola, M|100/100
|turn|1
|
|t:|1760811257
|move|p2a: Persian|Foul Play|p1a: Dragapult
|-supereffective|p1a: Dragapult
|-damage|p1a: Dragapult|0 fnt
|faint|p1a: Dragapult
|
|upkeep
|
|t:|1760811278
|switch|p1a: Weezing|Weezing-Galar, F|100/100
|-ability|p1a: Weezing|Neutralizing Gas
|turn|2
|inactive|Battle timer is ON: inactive players will automatically lose when time's up. (requested by Sakuya2024)
|
|t:|1760811332
|switch|p2a: Alomomola|Alomomola, F|100/100
|move|p1a: Weezing|Toxic Spikes|p2a: Alomomola
|-sidestart|p2: reudige Gurke|move: Toxic Spikes
|
|upkeep
|turn|3
|inactive|Sakuya2024 has 120 seconds left.
|
|t:|1760811362
|move|p1a: Weezing|Will-O-Wisp|p2a: Alomomola|[miss]
|-miss|p1a: Weezing|p2a: Alomomola
|move|p2a: Alomomola|Scald|p1a: Weezing
|-damage|p1a: Weezing|82/100
|
|upkeep
|turn|4
|inactive|Sakuya2024 has 120 seconds left.
|
|t:|1760811377
|switch|p2a: Cinderace|Cinderace, M|100/100
|move|p1a: Weezing|Toxic Spikes|p2a: Cinderace
|-sidestart|p2: reudige Gurke|move: Toxic Spikes
|
|upkeep
|turn|5
|inactive|Sakuya2024 has 120 seconds left.
|
|t:|1760811397
|-terastallize|p1a: Weezing|Ghost
|move|p2a: Cinderace|Court Change|p2a: Cinderace
|-swapsideconditions
|-activate|p2a: Cinderace|move: Court Change
|move|p1a: Weezing|Pain Split|p2a: Cinderace
|-sethp|p2a: Cinderace|96/100|[from] move: Pain Split|[silent]
|-sethp|p1a: Weezing|86/100|[from] move: Pain Split
|
|upkeep
|turn|6
|
|t:|1760811405
|move|p2a: Cinderace|U-turn|p1a: Weezing
|-resisted|p1a: Weezing
|-damage|p1a: Weezing|79/100
|
|t:|1760811415
|switch|p2a: Persian|Persian-Alola, M|100/100|[from] U-turn
|move|p1a: Weezing|Toxic Spikes|p2a: Persian
|-sidestart|p2: reudige Gurke|move: Toxic Spikes
|
|upkeep
|turn|7
|
|t:|1760811420
|move|p2a: Persian|Switcheroo|p1a: Weezing
|-activate|p2a: Persian|move: Trick|[of] p1a: Weezing
|-item|p1a: Weezing|Choice Scarf|[from] move: Switcheroo
|-item|p2a: Persian|Heavy-Duty Boots|[from] move: Switcheroo
|move|p1a: Weezing|Will-O-Wisp|p2a: Persian
|-status|p2a: Persian|brn
|
|-damage|p2a: Persian|95/100 brn|[from] brn
|upkeep
|turn|8
|
|t:|1760811428
|-end|p1a: Weezing|ability: Neutralizing Gas
|switch|p1a: Iron Crown|Iron Crown|100/100
|move|p2a: Persian|Thunder Wave|p1a: Iron Crown
|-status|p1a: Iron Crown|par
|
|-damage|p2a: Persian|89/100 brn|[from] brn
|upkeep
|turn|9
|
|t:|1760811439
|move|p2a: Persian|Foul Play|p1a: Iron Crown
|-supereffective|p1a: Iron Crown
|-damage|p1a: Iron Crown|78/100 par
|cant|p1a: Iron Crown|par
|
|-damage|p2a: Persian|83/100 brn|[from] brn
|upkeep
|turn|10
|
|t:|1760811451
|move|p2a: Persian|Parting Shot|p1a: Iron Crown
|-unboost|p1a: Iron Crown|atk|1
|-unboost|p1a: Iron Crown|spa|1
|
|t:|1760811458
|switch|p2a: Cinderace|Cinderace, M|96/100|[from] Parting Shot
|cant|p1a: Iron Crown|par
|
|upkeep
|turn|11
|
|t:|1760811465
|-end|p1a: Iron Crown|Quark Drive|[silent]
|switch|p1a: Ting-Lu|Ting-Lu|100/100
|-status|p1a: Ting-Lu|tox
|-ability|p1a: Ting-Lu|Vessel of Ruin
|move|p2a: Cinderace|Pyro Ball|p1a: Ting-Lu
|-damage|p1a: Ting-Lu|67/100 tox
|
|-heal|p1a: Ting-Lu|73/100 tox|[from] item: Leftovers
|-damage|p1a: Ting-Lu|67/100 tox|[from] psn
|upkeep
|turn|12
|
|t:|1760811482
|move|p2a: Cinderace|U-turn|p1a: Ting-Lu
|-start|p2a: Cinderace|typechange|Bug|[from] ability: Libero
|-supereffective|p1a: Ting-Lu
|-damage|p1a: Ting-Lu|29/100 tox
|
|t:|1760811491
|switch|p2a: Persian|Persian-Alola, M|83/100 brn|[from] U-turn
|move|p1a: Ting-Lu|Earthquake|p2a: Persian
|-crit|p2a: Persian
|-damage|p2a: Persian|37/100 brn
|
|-heal|p1a: Ting-Lu|36/100 tox|[from] item: Leftovers
|-damage|p1a: Ting-Lu|23/100 tox|[from] psn
|-damage|p2a: Persian|31/100 brn|[from] brn
|upkeep
|turn|13
|
|t:|1760811500
|move|p2a: Persian|Parting Shot|p1a: Ting-Lu
|-unboost|p1a: Ting-Lu|atk|1
|-unboost|p1a: Ting-Lu|spa|1
|
|t:|1760811510
|switch|p2a: Alomomola|Alomomola, F|100/100|[from] Parting Shot
|move|p1a: Ting-Lu|Earthquake|p2a: Alomomola
|-damage|p2a: Alomomola|88/100
|
|-heal|p1a: Ting-Lu|29/100 tox|[from] item: Leftovers
|-damage|p1a: Ting-Lu|11/100 tox|[from] psn
|upkeep
|turn|14
|
|t:|1760811521
|move|p1a: Ting-Lu|Ruination|p2a: Alomomola
|-damage|p2a: Alomomola|44/100
|move|p2a: Alomomola|Wish|p2a: Alomomola
|
|-heal|p1a: Ting-Lu|17/100 tox|[from] item: Leftovers
|-damage|p1a: Ting-Lu|0 fnt|[from] psn
|faint|p1a: Ting-Lu
|upkeep
|
|t:|1760811537
|switch|p1a: Zapdos|Zapdos|100/100
|turn|15
|
|t:|1760811543
|move|p2a: Alomomola|Protect|p2a: Alomomola
|-singleturn|p2a: Alomomola|Protect
|move|p1a: Zapdos|Volt Switch|p2a: Alomomola
|-activate|p2a: Alomomola|move: Protect
|
|-heal|p2a: Alomomola|94/100|[from] move: Wish|[wisher] Alomomola
|upkeep
|turn|16
|
|t:|1760811552
|switch|p2a: Persian|Persian-Alola, M|31/100 brn
|move|p1a: Zapdos|Hurricane|p2a: Persian|[miss]
|-miss|p1a: Zapdos|p2a: Persian
|
|-damage|p2a: Persian|25/100 brn|[from] brn
|upkeep
|turn|17
|
|t:|1760811565
|move|p2a: Persian|Foul Play|p1a: Zapdos
|-damage|p1a: Zapdos|87/100
|move|p1a: Zapdos|Hurricane|p2a: Persian
|-damage|p2a: Persian|0 fnt
|faint|p2a: Persian
|
|upkeep
|
|t:|1760811586
|switch|p2a: Primarina|Primarina, M|100/100
|-status|p2a: Primarina|psn
|turn|18
|
|t:|1760811590
|-terastallize|p2a: Primarina|Poison
|move|p1a: Zapdos|Volt Switch|p2a: Primarina
|-damage|p2a: Primarina|80/100 psn
|
|t:|1760811596
|switch|p1a: Iron Crown|Iron Crown|78/100 par|[from] Volt Switch
|move|p2a: Primarina|Flip Turn|p1a: Iron Crown
|-damage|p1a: Iron Crown|62/100 par
|
|t:|1760811602
|switch|p2a: Alomomola|Alomomola, F|100/100|[from] Flip Turn
|
|upkeep
|turn|19
|
|t:|1760811610
|move|p1a: Iron Crown|Psyshock|p2a: Alomomola
|-damage|p2a: Alomomola|66/100
|move|p2a: Alomomola|Wish|p2a: Alomomola
|
|upkeep
|turn|20
|
|t:|1760811616
|switch|p2a: Primarina|Primarina, M, tera:Poison|80/100 psn
|-sideend|p2: reudige Gurke|move: Toxic Spikes|[of] p2a: Primarina
|move|p1a: Iron Crown|Psyshock|p2a: Primarina
|-supereffective|p2a: Primarina
|-damage|p2a: Primarina|0 fnt
|faint|p2a: Primarina
|
|upkeep
|
|t:|1760811621
|switch|p2a: Mew|Mew|100/100
|turn|21
|
|t:|1760811635
|-end|p1a: Iron Crown|Quark Drive|[silent]
|switch|p1a: Weezing|Weezing-Galar, F, tera:Ghost|79/100
|-ability|p1a: Weezing|Neutralizing Gas
|-status|p1a: Weezing|tox
|move|p2a: Mew|Calm Mind|p2a: Mew
|-boost|p2a: Mew|spa|1
|-boost|p2a: Mew|spd|1
|
|-damage|p1a: Weezing|73/100 tox|[from] psn
|upkeep
|turn|22
|
|t:|1760811649
|move|p2a: Mew|Agility|p2a: Mew
|-boost|p2a: Mew|spe|2
|move|p1a: Weezing|Defog|p2a: Mew
|-unboost|p2a: Mew|evasion|1
|-sideend|p1: Sakuya2024|Toxic Spikes|[from] move: Defog|[of] p1a: Weezing
|
|-damage|p1a: Weezing|61/100 tox|[from] psn
|upkeep
|turn|23
|-message|Sakuya2024 forfeited.
|
|win|reudige Gurke
|raw|Sakuya2024's rating: 1340 &rarr; <strong>1317</strong><br />(-23 for losing)
|raw|reudige Gurke's rating: 1283 &rarr; <strong>1312</strong><br />(+29 for winning)
|l|☆Sakuya2024
|player|p1|
|l|☆reudige Gurke
|player|p2|
