|j|☆napkin_56
|j|‽Hurdiid
|t:|1760731344
|gametype|singles
|player|p1|napkin_56|policeman-gen4|1316
|player|p2|Hurdiid|ruinmaniac|1345
|gen|9
|tier|[Gen 9] OU
|rated|
|rule|HP Percentage Mod: HP is shown in percentages
|rule|Endless Battle Clause: Forcing endless battles is banned
|rule|Species Clause: Limit one of each Pokémon
|rule|OHKO Clause: OHKO moves are banned
|rule|Evasion Items Clause: Evasion items are banned
|rule|Evasion Moves Clause: Evasion moves are banned
|rule|Evasion Abilities Clause: Evasion abilities are banned
|rule|Sleep Moves Clause: Sleep-inducing moves are banned
|clearpoke
|poke|p1|Ogerpon-Wellspring, F|
|poke|p1|Gholdengo|
|poke|p1|Great Tusk|
|poke|p1|Glimmora, M|
|poke|p1|Hatterene, F|
|poke|p1|Zapdos|
|poke|p2|Armarouge, M|
|poke|p2|Slowking-Galar, F|
|poke|p2|Iron Thorns|
|poke|p2|Great Tusk|
|poke|p2|Yanmega, M|
|poke|p2|Ribombee, M|
|teampreview
|inactive|Battle timer is ON: inactive players will automatically lose when time's up. (requested by Hurdiid)
|
|t:|1760731365
|teamsize|p1|6
|teamsize|p2|6
|start
|switch|p1a: Glimmora|Glimmora, M|100/100
|switch|p2a: Slowking|Slowking-Galar, F|100/100
|turn|1
|
|t:|1760731370
|move|p1a: Glimmora|Stealth Rock|p2a: Slowking
|-sidestart|p2: Hurdiid|move: Stealth Rock
|move|p2a: Slowking|Future Sight|p1a: Glimmora
|-start|p2a: Slowking|move: Future Sight
|
|upkeep
|turn|2
|
|t:|1760731383
|switch|p1a: Gholdengo|Gholdengo|100/100
|move|p2a: Slowking|Psyshock|p1a: Gholdengo
|-resisted|p1a: Gholdengo
|-damage|p1a: Gholdengo|79/100
|
|upkeep
|turn|3
|
|t:|1760731393
|move|p1a: Gholdengo|Shadow Ball|p2a: Slowking
|-supereffective|p2a: Slowking
|-damage|p2a: Slowking|62/100
|move|p2a: Slowking|Flamethrower|p1a: Gholdengo
|-supereffective|p1a: Gholdengo
|-damage|p1a: Gholdengo|9/100
|-status|p1a: Gholdengo|brn
|
|-end|p1a: Gholdengo|move: Future Sight
|-resisted|p1a: Gholdengo
|-damage|p1a: Gholdengo|0 fnt
|faint|p1a: Gholdengo
|upkeep
|
|t:|1760731409
|switch|p1a: Great Tusk|Great Tusk|100/100
|turn|4
|
|t:|1760731419
|switch|p2a: Ribombee|Ribombee, M|100/100
|-damage|p2a: Ribombee|76/100|[from] Stealth Rock
|move|p1a: Great Tusk|Headlong Rush|p2a: Ribombee
|-resisted|p2a: Ribombee
|-damage|p2a: Ribombee|14/100
|-unboost|p1a: Great Tusk|def|1
|-unboost|p1a: Great Tusk|spd|1
|
|upkeep
|turn|5
|
|t:|1760731422
|-end|p1a: Great Tusk|Protosynthesis|[silent]
|switch|p1a: Hatterene|Hatterene, F|100/100
|move|p2a: Ribombee|Moonblast|p1a: Hatterene
|-damage|p1a: Hatterene|66/100
|
|upkeep
|turn|6
|
|t:|1760731431
|move|p2a: Ribombee|Moonblast|p1a: Hatterene
|-damage|p1a: Hatterene|31/100
|move|p1a: Hatterene|Nuzzle|p2a: Ribombee
|-damage|p2a: Ribombee|7/100
|-status|p2a: Ribombee|par
|
|upkeep
|turn|7
|
|t:|1760731434
|move|p2a: Ribombee|Moonblast|p1a: Hatterene
|-damage|p1a: Hatterene|0 fnt
|faint|p1a: Hatterene
|
|upkeep
|
|t:|1760731445
|switch|p1a: Ogerpon|Ogerpon-Wellspring, F|100/100
|turn|8
|
|t:|1760731452
|move|p1a: Ogerpon|Ivy Cudgel|p2a: Ribombee|[anim] Ivy Cudgel Water
|-crit|p2a: Ribombee
|-damage|p2a: Ribombee|0 fnt
|faint|p2a: Ribombee
|
|upkeep
|
|t:|1760731455
|switch|p2a: Great Tusk|Great Tusk|100/100
|turn|9
|
|t:|1760731463
|switch|p1a: Zapdos|Zapdos|100/100
|move|p2a: Great Tusk|Rapid Spin|p1a: Zapdos
|-damage|p1a: Zapdos|87/100
|-boost|p2a: Great Tusk|spe|1
|-sideend|p2: Hurdiid|Stealth Rock|[from] move: Rapid Spin|[of] p2a: Great Tusk
|
|upkeep
|turn|10
|
|t:|1760731465
|move|p2a: Great Tusk|Ice Spinner|p1a: Zapdos
|-supereffective|p1a: Zapdos
|-damage|p1a: Zapdos|50/100
|move|p1a: Zapdos|Thunderbolt|p2a: Great Tusk
|-immune|p2a: Great Tusk
|
|upkeep
|turn|11
|
|t:|1760731468
|move|p2a: Great Tusk|Ice Spinner|p1a: Zapdos
|-supereffective|p1a: Zapdos
|-damage|p1a: Zapdos|10/100
|-status|p2a: Great Tusk|par|[from] ability: Static|[of] p1a: Zapdos
|move|p1a: Zapdos|Hurricane|p2a: Great Tusk
|-supereffective|p2a: Great Tusk
|-damage|p2a: Great Tusk|0 fnt
|faint|p2a: Great Tusk
|-end|p2a: Great Tusk|Protosynthesis|[silent]
|
|upkeep
|
|t:|1760731477
|switch|p2a: Iron Thorns|Iron Thorns|100/100
|turn|12
|
|t:|1760731481
|move|p1a: Zapdos|U-turn|p2a: Iron Thorns
|-damage|p2a: Iron Thorns|89/100
|
|t:|1760731484
|switch|p1a: Great Tusk|Great Tusk|100/100|[from] U-turn
|move|p2a: Iron Thorns|Dragon Dance|p2a: Iron Thorns
|-boost|p2a: Iron Thorns|atk|1
|-boost|p2a: Iron Thorns|spe|1
|
|-heal|p2a: Iron Thorns|95/100|[from] item: Leftovers
|upkeep
|turn|13
|
|t:|1760731493
|-terastallize|p2a: Iron Thorns|Flying
|move|p2a: Iron Thorns|Dragon Dance|p2a: Iron Thorns
|-boost|p2a: Iron Thorns|atk|1
|-boost|p2a: Iron Thorns|spe|1
|move|p1a: Great Tusk|Rapid Spin|p2a: Iron Thorns
|-damage|p2a: Iron Thorns|79/100
|-boost|p1a: Great Tusk|spe|1
|
|-heal|p2a: Iron Thorns|85/100|[from] item: Leftovers
|upkeep
|turn|14
|
|t:|1760731497
|-terastallize|p1a: Great Tusk|Ice
|move|p2a: Iron Thorns|Tera Blast|p1a: Great Tusk|[anim] Tera Blast Flying
|-damage|p1a: Great Tusk|37/100
|move|p1a: Great Tusk|Ice Spinner|p2a: Iron Thorns
|-supereffective|p2a: Iron Thorns
|-damage|p2a: Iron Thorns|18/100
|
|-heal|p2a: Iron Thorns|24/100|[from] item: Leftovers
|upkeep
|turn|15
|
|t:|1760731511
|-end|p1a: Great Tusk|Protosynthesis|[silent]
|switch|p1a: Zapdos|Zapdos|10/100
|move|p2a: Iron Thorns|Tera Blast|p1a: Zapdos|[anim] Tera Blast Flying
|-resisted|p1a: Zapdos
|-damage|p1a: Zapdos|0 fnt
|faint|p1a: Zapdos
|
|-heal|p2a: Iron Thorns|30/100|[from] item: Leftovers
|upkeep
|
|t:|1760731513
|switch|p1a: Glimmora|Glimmora, M|100/100
|turn|16
|
|t:|1760731516
|move|p2a: Iron Thorns|Supercell Slam|p1a: Glimmora
|-enditem|p1a: Glimmora|Focus Sash
|-damage|p1a: Glimmora|1/100
|-activate|p1a: Glimmora|ability: Toxic Debris
|-sidestart|p2: Hurdiid|move: Toxic Spikes
|move|p1a: Glimmora|Power Gem|p2a: Iron Thorns
|-supereffective|p2a: Iron Thorns
|-damage|p2a: Iron Thorns|0 fnt
|faint|p2a: Iron Thorns
|-end|p2a: Iron Thorns|Quark Drive|[silent]
|
|upkeep
|
|t:|1760731520
|switch|p2a: Slowking|Slowking-Galar, F|95/100
|-sideend|p2: Hurdiid|move: Toxic Spikes|[of] p2a: Slowking
|turn|17
|
|t:|1760731523
|move|p1a: Glimmora|Stealth Rock|p2a: Slowking
|-sidestart|p2: Hurdiid|move: Stealth Rock
|move|p2a: Slowking|Future Sight|p1a: Glimmora
|-start|p2a: Slowking|move: Future Sight
|
|upkeep
|turn|18
|
|t:|1760731534
|move|p1a: Glimmora|Earth Power|p2a: Slowking
|-supereffective|p2a: Slowking
|-damage|p2a: Slowking|67/100
|move|p2a: Slowking|Psyshock|p1a: Glimmora
|-supereffective|p1a: Glimmora
|-damage|p1a: Glimmora|0 fnt
|faint|p1a: Glimmora
|
|upkeep
|
|t:|1760731540
|switch|p1a: Ogerpon|Ogerpon-Wellspring, F|100/100
|turn|19
|
|t:|1760731544
|move|p1a: Ogerpon|Knock Off|p2a: Slowking
|-supereffective|p2a: Slowking
|-damage|p2a: Slowking|0 fnt
|-enditem|p2a: Slowking|Assault Vest|[from] move: Knock Off|[of] p1a: Ogerpon
|faint|p2a: Slowking
|
|-end|p1a: Ogerpon|move: Future Sight
|-damage|p1a: Ogerpon|39/100
|upkeep
|
|t:|1760731547
|switch|p2a: Yanmega|Yanmega, M|100/100
|-damage|p2a: Yanmega|50/100|[from] Stealth Rock
|turn|20
|
|t:|1760731552
|move|p1a: Ogerpon|Ivy Cudgel|p2a: Yanmega|[anim] Ivy Cudgel Water
|-crit|p2a: Yanmega
|-damage|p2a: Yanmega|0 fnt
|faint|p2a: Yanmega
|
|upkeep
|
|t:|1760731554
|switch|p2a: Armarouge|Armarouge, M|100/100
|-damage|p2a: Armarouge|76/100|[from] Stealth Rock
|turn|21
|
|t:|1760731556
|move|p2a: Armarouge|Endure|p2a: Armarouge
|-singleturn|p2a: Armarouge|move: Endure
|move|p1a: Ogerpon|Ivy Cudgel|p2a: Armarouge|[anim] Ivy Cudgel Water
|-supereffective|p2a: Armarouge
|-activate|p2a: Armarouge|move: Endure
|-damage|p2a: Armarouge|1/100
|-ability|p2a: Armarouge|Weak Armor|boost
|-unboost|p2a: Armarouge|def|1
|-boost|p2a: Armarouge|spe|2
|-enditem|p2a: Armarouge|Weakness Policy
|-boost|p2a: Armarouge|atk|2|[from] item: Weakness Policy
|-boost|p2a: Armarouge|spa|2|[from] item: Weakness Policy
|
|upkeep
|turn|22
|
|t:|1760731561
|move|p2a: Armarouge|Psychic|p1a: Ogerpon
|-damage|p1a: Ogerpon|0 fnt
|faint|p1a: Ogerpon
|
|upkeep
|
|t:|1760731562
|switch|p1a: Great Tusk|Great Tusk, tera:Ice|37/100
|turn|23
|
|t:|1760731565
|move|p2a: Armarouge|Armor Cannon|p1a: Great Tusk
|-supereffective|p1a: Great Tusk
|-damage|p1a: Great Tusk|0 fnt
|-unboost|p2a: Armarouge|def|1
|-unboost|p2a: Armarouge|spd|1
|faint|p1a: Great Tusk
|-end|p1a: Great Tusk|Protosynthesis|[silent]
|
|win|Hurdiid
|raw|napkin_56's rating: 1316 &rarr; <strong>1298</strong><br />(-18 for losing)
|raw|Hurdiid's rating: 1345 &rarr; <strong>1363</strong><br />(+18 for winning)
|l|‽Hurdiid
|player|p2|
|l|☆napkin_56
|player|p1|
