|j|☆player jack
|j|☆nezk025
|t:|1760785877
|gametype|singles
|player|p1|player jack|roxie|1317
|player|p2|nezk025|nate|1397
|gen|9
|tier|[Gen 9] OU
|rated|
|rule|HP Percentage Mod: HP is shown in percentages
|rule|Endless Battle Clause: Forcing endless battles is banned
|rule|Species Clause: Limit one of each Pokémon
|rule|OHKO Clause: OHKO moves are banned
|rule|Evasion Items Clause: Evasion items are banned
|rule|Evasion Moves Clause: Evasion moves are banned
|rule|Evasion Abilities Clause: Evasion abilities are banned
|rule|Sleep Moves Clause: Sleep-inducing moves are banned
|clearpoke
|poke|p1|Sandy Shocks|
|poke|p1|Scizor, F|
|poke|p1|Lycanroc-Dusk, F|
|poke|p1|Greninja-*, M|
|poke|p1|Haunter, F|
|poke|p1|Alomomola, F|
|poke|p2|Ogerpon-Wellspring, F|
|poke|p2|Kingambit, M|
|poke|p2|Landorus-Therian, M|
|poke|p2|Glimmora, F|
|poke|p2|Dragapult, M|
|poke|p2|Iron Valiant|
|teampreview
|inactive|Battle timer is ON: inactive players will automatically lose when time's up. (requested by player jack)
|
|t:|1760785891
|teamsize|p1|6
|teamsize|p2|6
|start
|switch|p1a: Sandy Shocks|Sandy Shocks, shiny|100/100
|switch|p2a: Landorus|Landorus-Therian, M|100/100
|-ability|p2a: Landorus|Intimidate|boost
|-unboost|p1a: Sandy Shocks|atk|1
|-enditem|p1a: Sandy Shocks|Booster Energy
|-activate|p1a: Sandy Shocks|ability: Protosynthesis|[fromitem]
|-start|p1a: Sandy Shocks|protosynthesisspe
|turn|1
|
|t:|1760785908
|-terastallize|p1a: Sandy Shocks|Ice
|-terastallize|p2a: Landorus|Fairy
|move|p1a: Sandy Shocks|Tera Blast|p2a: Landorus|[anim] Tera Blast Ice
|-damage|p2a: Landorus|60/100
|move|p2a: Landorus|Earthquake|p1a: Sandy Shocks
|-damage|p1a: Sandy Shocks|51/100
|
|upkeep
|turn|2
|
|t:|1760785916
|switch|p2a: Kingambit|Kingambit, M|100/100
|move|p1a: Sandy Shocks|Thunderbolt|p2a: Kingambit
|-damage|p2a: Kingambit|55/100
|
|-heal|p2a: Kingambit|62/100|[from] item: Leftovers
|upkeep
|turn|3
|
|t:|1760785922
|move|p2a: Kingambit|Sucker Punch||[still]
|-fail|p2a: Kingambit
|move|p1a: Sandy Shocks|Stealth Rock|p2a: Kingambit
|-sidestart|p2: nezk025|move: Stealth Rock
|
|-heal|p2a: Kingambit|68/100|[from] item: Leftovers
|upkeep
|turn|4
|
|t:|1760785926
|-end|p1a: Sandy Shocks|Protosynthesis|[silent]
|switch|p1a: Alomomola|Alomomola, F, shiny|100/100
|move|p2a: Kingambit|Sucker Punch||[still]
|-fail|p2a: Kingambit
|
|-heal|p2a: Kingambit|74/100|[from] item: Leftovers
|upkeep
|turn|5
|
|t:|1760785930
|-end|p2a: Kingambit|fallenundefined|[silent]
|switch|p2a: Ogerpon|Ogerpon-Wellspring, F|100/100
|-damage|p2a: Ogerpon|88/100|[from] Stealth Rock
|move|p1a: Alomomola|Flip Turn|p2a: Ogerpon
|-heal|p2a: Ogerpon|100/100|[from] ability: Water Absorb|[of] p1a: Alomomola
|
|upkeep
|turn|6
|
|t:|1760785941
|switch|p1a: Haunter|Haunter, F, shiny|100/100
|move|p2a: Ogerpon|Ivy Cudgel|p1a: Haunter|[anim] Ivy Cudgel Water
|-damage|p1a: Haunter|0 fnt
|faint|p1a: Haunter
|
|upkeep
|
|t:|1760785946
|switch|p1a: Greninja|Greninja, M|100/100
|turn|7
|
|t:|1760785954
|switch|p2a: Kingambit|Kingambit, M|74/100
|-damage|p2a: Kingambit|68/100|[from] Stealth Rock
|move|p1a: Greninja|Sludge Wave|p2a: Kingambit
|-immune|p2a: Kingambit
|
|-heal|p2a: Kingambit|74/100|[from] item: Leftovers
|upkeep
|turn|8
|
|t:|1760785969
|move|p1a: Greninja|Surf|p2a: Kingambit
|-damage|p2a: Kingambit|26/100
|-damage|p1a: Greninja|91/100|[from] item: Life Orb
|move|p2a: Kingambit|Kowtow Cleave|p1a: Greninja
|-resisted|p1a: Greninja
|-damage|p1a: Greninja|51/100
|
|-heal|p2a: Kingambit|33/100|[from] item: Leftovers
|upkeep
|turn|9
|
|t:|1760785974
|-end|p2a: Kingambit|fallenundefined|[silent]
|switch|p2a: Ogerpon|Ogerpon-Wellspring, F|100/100
|-damage|p2a: Ogerpon|88/100|[from] Stealth Rock
|move|p1a: Greninja|Surf|p2a: Ogerpon
|-heal|p2a: Ogerpon|100/100|[from] ability: Water Absorb|[of] p1a: Greninja
|
|upkeep
|turn|10
|
|t:|1760785981
|move|p1a: Greninja|Sludge Wave|p2a: Ogerpon
|-supereffective|p2a: Ogerpon
|-damage|p2a: Ogerpon|9/100
|-damage|p1a: Greninja|41/100|[from] item: Life Orb
|move|p2a: Ogerpon|Horn Leech|p1a: Greninja
|-supereffective|p1a: Greninja
|-damage|p1a: Greninja|0 fnt
|-heal|p2a: Ogerpon|28/100|[from] drain|[of] p1a: Greninja
|faint|p1a: Greninja
|
|upkeep
|
|t:|1760785991
|switch|p1a: Scizor|Scizor, F, shiny|100/100
|turn|11
|
|t:|1760786013
|switch|p2a: Landorus|Landorus-Therian, M, tera:Fairy|60/100
|-damage|p2a: Landorus|48/100|[from] Stealth Rock
|-ability|p2a: Landorus|Intimidate|boost
|-unboost|p1a: Scizor|atk|1
|move|p1a: Scizor|U-turn|p2a: Landorus
|-resisted|p2a: Landorus
|-damage|p2a: Landorus|27/100
|-damage|p1a: Scizor|84/100|[from] item: Rocky Helmet|[of] p2a: Landorus
|
|t:|1760786022
|switch|p1a: Lycanroc|Lycanroc-Dusk, F, shiny|100/100|[from] U-turn
|
|upkeep
|turn|12
|
|t:|1760786025
|move|p1a: Lycanroc|Psychic Fangs|p2a: Landorus
|-damage|p2a: Landorus|0 fnt
|-damage|p1a: Lycanroc|84/100|[from] item: Rocky Helmet|[of] p2a: Landorus
|faint|p2a: Landorus
|
|upkeep
|
|t:|1760786042
|switch|p2a: Kingambit|Kingambit, M|33/100
|-damage|p2a: Kingambit|26/100|[from] Stealth Rock
|-activate|p2a: Kingambit|ability: Supreme Overlord
|-start|p2a: Kingambit|fallen1|[silent]
|turn|13
|
|t:|1760786047
|move|p1a: Lycanroc|Accelerock|p2a: Kingambit
|-resisted|p2a: Kingambit
|-damage|p2a: Kingambit|18/100
|move|p2a: Kingambit|Swords Dance|p2a: Kingambit
|-boost|p2a: Kingambit|atk|2
|
|-heal|p2a: Kingambit|24/100|[from] item: Leftovers
|upkeep
|turn|14
|
|t:|1760786054
|move|p2a: Kingambit|Sucker Punch|p1a: Lycanroc
|-damage|p1a: Lycanroc|0 fnt
|faint|p1a: Lycanroc
|
|-heal|p2a: Kingambit|30/100|[from] item: Leftovers
|upkeep
|
|t:|1760786059
|switch|p1a: Scizor|Scizor, F, shiny|84/100
|turn|15
|
|t:|1760786062
|move|p1a: Scizor|Bullet Punch|p2a: Kingambit
|-resisted|p2a: Kingambit
|-damage|p2a: Kingambit|11/100
|move|p2a: Kingambit|Kowtow Cleave|p1a: Scizor
|-damage|p1a: Scizor|0 fnt
|faint|p1a: Scizor
|
|-heal|p2a: Kingambit|17/100|[from] item: Leftovers
|upkeep
|-message|player jack forfeited.
|
|win|nezk025
|raw|player jack's rating: 1317 &rarr; <strong>1302</strong><br />(-15 for losing)
|raw|nezk025's rating: 1397 &rarr; <strong>1412</strong><br />(+15 for winning)
|l|☆player jack
|player|p1|
|l|☆nezk025
|player|p2|
