|j|☆fan_de_buizel
|j|☆Clairrr03
|t:|1760878771
|gametype|singles
|player|p1|fan_de_buizel|chuck|1390
|player|p2|Clairrr03|169|1392
|gen|9
|tier|[Gen 9] OU
|rated|
|rule|HP Percentage Mod: HP is shown in percentages
|rule|Endless Battle Clause: Forcing endless battles is banned
|rule|Species Clause: Limit one of each Pokémon
|rule|OHKO Clause: OHKO moves are banned
|rule|Evasion Items Clause: Evasion items are banned
|rule|Evasion Moves Clause: Evasion moves are banned
|rule|Evasion Abilities Clause: Evasion abilities are banned
|rule|Sleep Moves Clause: Sleep-inducing moves are banned
|clearpoke
|poke|p1|Great Tusk|
|poke|p1|Arcanine-Hisui, M|
|poke|p1|Honchkrow, F|
|poke|p1|Walking Wake|
|poke|p1|Ninetales, M|
|poke|p1|Sentret, M|
|poke|p2|Iron Valiant|
|poke|p2|Great Tusk|
|poke|p2|Gholdengo|
|poke|p2|Samurott-Hisui, F|
|poke|p2|Moltres|
|poke|p2|Ogerpon-Cornerstone, F|
|teampreview
|inactive|Battle timer is ON: inactive players will automatically lose when time's up. (requested by fan_de_buizel)
|inactive|Clairrr03 also wants the timer to be on.
|
|t:|1760878782
|teamsize|p1|6
|teamsize|p2|6
|start
|switch|p1a: Arcanine|Arcanine-Hisui, M|100/100
|switch|p2a: Ogerpon|Ogerpon-Cornerstone, F|100/100
|turn|1
|
|t:|1760878792
|move|p2a: Ogerpon|Ivy Cudgel|p1a: Arcanine|[anim] Ivy Cudgel Rock
|-supereffective|p1a: Arcanine
|-damage|p1a: Arcanine|0 fnt
|faint|p1a: Arcanine
|
|upkeep
|
|t:|1760878799
|switch|p1a: Ninetales|Ninetales, M|100/100
|-weather|SunnyDay|[from] ability: Drought|[of] p1a: Ninetales
|turn|2
|
|t:|1760878802
|switch|p1a: Sentret|Sentret, M|100/100
|-item|p2a: Ogerpon|Cornerstone Mask|[from] ability: Frisk|[of] p1a: Sentret
|move|p2a: Ogerpon|Ivy Cudgel|p1a: Sentret|[anim] Ivy Cudgel Rock
|-enditem|p1a: Sentret|Focus Sash
|-damage|p1a: Sentret|1/100
|
|-weather|SunnyDay|[upkeep]
|upkeep
|turn|3
|
|t:|1760878807
|move|p2a: Ogerpon|Ivy Cudgel|p1a: Sentret|[anim] Ivy Cudgel Rock
|-damage|p1a: Sentret|0 fnt
|faint|p1a: Sentret
|
|-weather|SunnyDay|[upkeep]
|upkeep
|
|t:|1760878813
|switch|p1a: Walking Wake|Walking Wake|100/100
|-activate|p1a: Walking Wake|ability: Protosynthesis
|-start|p1a: Walking Wake|protosynthesisspa
|turn|4
|inactive|Clairrr03 has 120 seconds left.
|
|t:|1760878846
|switch|p2a: Samurott|Samurott-Hisui, F|100/100
|move|p1a: Walking Wake|Hydro Steam|p2a: Samurott
|-resisted|p2a: Samurott
|-damage|p2a: Samurott|12/100
|
|-weather|SunnyDay|[upkeep]
|upkeep
|turn|5
|
|t:|1760878859
|move|p2a: Samurott|Ceaseless Edge|p1a: Walking Wake
|-damage|p1a: Walking Wake|52/100
|-sidestart|p1: fan_de_buizel|Spikes
|move|p1a: Walking Wake|Hydro Steam|p2a: Samurott
|-resisted|p2a: Samurott
|-damage|p2a: Samurott|0 fnt
|faint|p2a: Samurott
|
|-weather|SunnyDay|[upkeep]
|upkeep
|inactive|Clairrr03 has 120 seconds left.
|
|t:|1760878870
|switch|p2a: Iron Valiant|Iron Valiant|100/100
|turn|6
|
|t:|1760878879
|-end|p1a: Walking Wake|Protosynthesis|[silent]
|switch|p1a: Ninetales|Ninetales, M|100/100
|-damage|p1a: Ninetales|88/100|[from] Spikes
|move|p2a: Iron Valiant|Moonblast|p1a: Ninetales
|-resisted|p1a: Ninetales
|-damage|p1a: Ninetales|50/100
|
|-weather|SunnyDay|[upkeep]
|upkeep
|turn|7
|
|t:|1760878884
|move|p2a: Iron Valiant|Moonblast|p1a: Ninetales
|-resisted|p1a: Ninetales
|-damage|p1a: Ninetales|8/100
|move|p1a: Ninetales|Psyshock|p2a: Iron Valiant
|-supereffective|p2a: Iron Valiant
|-damage|p2a: Iron Valiant|47/100
|
|-weather|SunnyDay|[upkeep]
|upkeep
|turn|8
|
|t:|1760878887
|move|p2a: Iron Valiant|Moonblast|p1a: Ninetales
|-resisted|p1a: Ninetales
|-damage|p1a: Ninetales|0 fnt
|faint|p1a: Ninetales
|
|-weather|SunnyDay|[upkeep]
|upkeep
|
|t:|1760878895
|switch|p1a: Great Tusk|Great Tusk|100/100
|-damage|p1a: Great Tusk|88/100|[from] Spikes
|-activate|p1a: Great Tusk|ability: Protosynthesis
|-start|p1a: Great Tusk|protosynthesisatk
|turn|9
|
|t:|1760878900
|-terastallize|p1a: Great Tusk|Ground
|move|p2a: Iron Valiant|Moonblast|p1a: Great Tusk
|-damage|p1a: Great Tusk|16/100
|move|p1a: Great Tusk|Rapid Spin|p2a: Iron Valiant
|-damage|p2a: Iron Valiant|15/100
|-boost|p1a: Great Tusk|spe|1
|-sideend|p1: fan_de_buizel|Spikes|[from] move: Rapid Spin|[of] p1a: Great Tusk
|
|-weather|none
|-end|p1a: Great Tusk|Protosynthesis
|upkeep
|turn|10
|
|t:|1760878907
|move|p1a: Great Tusk|Rapid Spin|p2a: Iron Valiant
|-crit|p2a: Iron Valiant
|-damage|p2a: Iron Valiant|0 fnt
|-boost|p1a: Great Tusk|spe|1
|faint|p2a: Iron Valiant
|-end|p2a: Iron Valiant|Quark Drive|[silent]
|
|upkeep
|
|t:|1760878909
|switch|p2a: Moltres|Moltres|100/100
|turn|11
|
|t:|1760878916
|move|p1a: Great Tusk|Play Rough|p2a: Moltres|[miss]
|-miss|p1a: Great Tusk|p2a: Moltres
|move|p2a: Moltres|Flamethrower|p1a: Great Tusk
|-damage|p1a: Great Tusk|0 fnt
|faint|p1a: Great Tusk
|-end|p1a: Great Tusk|Protosynthesis|[silent]
|
|upkeep
|
|t:|1760878919
|switch|p1a: Honchkrow|Honchkrow, F|100/100
|turn|12
|
|t:|1760878927
|move|p1a: Honchkrow|Tailwind|p1a: Honchkrow
|-sidestart|p1: fan_de_buizel|move: Tailwind
|move|p2a: Moltres|Flamethrower|p1a: Honchkrow
|-damage|p1a: Honchkrow|40/100
|
|upkeep
|turn|13
|
|t:|1760878933
|move|p1a: Honchkrow|Night Slash|p2a: Moltres
|-crit|p2a: Moltres
|-damage|p2a: Moltres|57/100
|move|p2a: Moltres|Flamethrower|p1a: Honchkrow
|-damage|p1a: Honchkrow|0 fnt
|faint|p1a: Honchkrow
|
|upkeep
|
|t:|1760878935
|switch|p1a: Walking Wake|Walking Wake|52/100
|turn|14
|
|t:|1760878939
|move|p1a: Walking Wake|Hydro Steam|p2a: Moltres
|-supereffective|p2a: Moltres
|-damage|p2a: Moltres|0 fnt
|faint|p2a: Moltres
|
|upkeep
|-message|fan_de_buizel forfeited.
|
|win|Clairrr03
|raw|fan_de_buizel's rating: 1390 &rarr; <strong>1370</strong><br />(-20 for losing)
|raw|Clairrr03's rating: 1392 &rarr; <strong>1412</strong><br />(+20 for winning)
|l|☆fan_de_buizel
|player|p1|
|l|☆Clairrr03
|player|p2|
