|j|☆Ryu_NLF
|j|☆salty pepperer
|t:|1760763279
|gametype|singles
|player|p1|Ryu_NLF|jasmine|1407
|player|p2|salty pepperer|266|1430
|gen|9
|tier|[Gen 9] OU
|rated|
|rule|HP Percentage Mod: HP is shown in percentages
|rule|Endless Battle Clause: Forcing endless battles is banned
|rule|Species Clause: Limit one of each Pokémon
|rule|OHKO Clause: OHKO moves are banned
|rule|Evasion Items Clause: Evasion items are banned
|rule|Evasion Moves Clause: Evasion moves are banned
|rule|Evasion Abilities Clause: Evasion abilities are banned
|rule|Sleep Moves Clause: Sleep-inducing moves are banned
|clearpoke
|poke|p1|Vileplume, M|
|poke|p1|Swampert, F|
|poke|p1|Excadrill, M|
|poke|p1|Chandelure, F|
|poke|p1|Ribombee, F|
|poke|p1|Honchkrow, M|
|poke|p2|Ursaluna, F|
|poke|p2|Alomomola, M|
|poke|p2|Rillaboom, M|
|poke|p2|Tinkaton, F|
|poke|p2|Quaquaval, F|
|poke|p2|Latios, M|
|teampreview
|
|t:|1760763300
|teamsize|p1|6
|teamsize|p2|6
|start
|switch|p1a: Chandelure|Chandelure, F|100/100
|switch|p2a: Tinkaton|Tinkaton, F|100/100
|-ability|p2a: Tinkaton|Mold Breaker
|turn|1
|
|t:|1760763308
|switch|p2a: Quaquaval|Quaquaval, F|100/100
|move|p1a: Chandelure|Energy Ball|p2a: Quaquaval
|-supereffective|p2a: Quaquaval
|-damage|p2a: Quaquaval|51/100
|-unboost|p2a: Quaquaval|spd|1
|
|upkeep
|turn|2
|
|t:|1760763334
|switch|p2a: Tinkaton|Tinkaton, F|100/100
|-ability|p2a: Tinkaton|Mold Breaker
|move|p1a: Chandelure|Energy Ball|p2a: Tinkaton
|-resisted|p2a: Tinkaton
|-damage|p2a: Tinkaton|86/100
|
|-heal|p2a: Tinkaton|92/100|[from] item: Leftovers
|upkeep
|turn|3
|
|t:|1760763345
|switch|p1a: Swampert|Swampert, F|100/100
|move|p2a: Tinkaton|Stealth Rock|p1a: Swampert
|-sidestart|p1: Ryu_NLF|move: Stealth Rock
|
|-heal|p2a: Tinkaton|98/100|[from] item: Leftovers
|upkeep
|turn|4
|
|t:|1760763356
|switch|p2a: Rillaboom|Rillaboom, M|100/100
|-fieldstart|move: Grassy Terrain|[from] ability: Grassy Surge|[of] p2a: Rillaboom
|move|p1a: Swampert|Knock Off|p2a: Rillaboom
|-damage|p2a: Rillaboom|77/100
|-enditem|p2a: Rillaboom|Terrain Extender|[from] move: Knock Off|[of] p1a: Swampert
|
|-heal|p2a: Rillaboom|83/100|[from] Grassy Terrain
|upkeep
|turn|5
|
|t:|1760763380
|switch|p1a: Vileplume|Vileplume, M, shiny|100/100
|-damage|p1a: Vileplume|88/100|[from] Stealth Rock
|move|p2a: Rillaboom|U-turn|p1a: Vileplume
|-damage|p1a: Vileplume|67/100
|-damage|p2a: Rillaboom|66/100|[from] item: Rocky Helmet|[of] p1a: Vileplume
|
|t:|1760763386
|switch|p2a: Latios|Latios, M|100/100|[from] U-turn
|
|-heal|p1a: Vileplume|74/100|[from] Grassy Terrain
|upkeep
|turn|6
|
|t:|1760763393
|switch|p1a: Honchkrow|Honchkrow, M|100/100
|-damage|p1a: Honchkrow|76/100|[from] Stealth Rock
|move|p2a: Latios|Draco Meteor|p1a: Honchkrow
|-damage|p1a: Honchkrow|0 fnt
|-unboost|p2a: Latios|spa|2
|faint|p1a: Honchkrow
|
|upkeep
|
|t:|1760763403
|switch|p1a: Ribombee|Ribombee, F, shiny|100/100
|-damage|p1a: Ribombee|76/100|[from] Stealth Rock
|turn|7
|
|t:|1760763408
|switch|p2a: Tinkaton|Tinkaton, F|98/100
|-ability|p2a: Tinkaton|Mold Breaker
|move|p1a: Ribombee|Sticky Web|p2a: Tinkaton
|-sidestart|p2: salty pepperer|move: Sticky Web
|
|-heal|p1a: Ribombee|82/100|[from] Grassy Terrain
|-heal|p2a: Tinkaton|100/100|[from] Grassy Terrain
|upkeep
|turn|8
|
|t:|1760763418
|switch|p1a: Swampert|Swampert, F|100/100
|-damage|p1a: Swampert|94/100|[from] Stealth Rock
|move|p2a: Tinkaton|Gigaton Hammer|p1a: Swampert
|-resisted|p1a: Swampert
|-damage|p1a: Swampert|75/100
|
|-heal|p1a: Swampert|81/100|[from] Grassy Terrain
|-heal|p1a: Swampert|87/100|[from] item: Leftovers
|upkeep
|turn|9
|
|t:|1760763430
|switch|p2a: Alomomola|Alomomola, M|100/100
|move|p1a: Swampert|Flip Turn|p2a: Alomomola
|-resisted|p2a: Alomomola
|-damage|p2a: Alomomola|95/100
|
|t:|1760763438
|switch|p1a: Ribombee|Ribombee, F, shiny|82/100|[from] Flip Turn
|-damage|p1a: Ribombee|57/100|[from] Stealth Rock
|
|-heal|p1a: Ribombee|63/100|[from] Grassy Terrain
|-heal|p2a: Alomomola|100/100|[from] Grassy Terrain
|upkeep
|turn|10
|
|t:|1760763446
|move|p1a: Ribombee|Moonblast|p2a: Alomomola
|-damage|p2a: Alomomola|53/100
|move|p2a: Alomomola|Wish|p2a: Alomomola
|
|-heal|p1a: Ribombee|69/100|[from] Grassy Terrain
|-heal|p2a: Alomomola|59/100|[from] Grassy Terrain
|upkeep
|turn|11
|
|t:|1760763454
|move|p1a: Ribombee|Moonblast|p2a: Alomomola
|-crit|p2a: Alomomola
|-damage|p2a: Alomomola|0 fnt
|faint|p2a: Alomomola
|
|-heal|p1a: Ribombee|75/100|[from] Grassy Terrain
|-fieldend|move: Grassy Terrain
|upkeep
|
|t:|1760763462
|switch|p2a: Tinkaton|Tinkaton, F|100/100
|-activate|p2a: Tinkaton|move: Sticky Web
|-unboost|p2a: Tinkaton|spe|1
|-ability|p2a: Tinkaton|Mold Breaker
|turn|12
|
|t:|1760763470
|switch|p1a: Vileplume|Vileplume, M, shiny|74/100
|-damage|p1a: Vileplume|61/100|[from] Stealth Rock
|switch|p2a: Ursaluna|Ursaluna, F|100/100
|-activate|p2a: Ursaluna|move: Sticky Web
|-unboost|p2a: Ursaluna|spe|1
|
|-status|p2a: Ursaluna|brn|[from] item: Flame Orb
|upkeep
|turn|13
|
|t:|1760763480
|move|p1a: Vileplume|Strength Sap|p2a: Ursaluna
|-unboost|p2a: Ursaluna|atk|1
|-heal|p1a: Vileplume|100/100
|move|p2a: Ursaluna|Facade|p1a: Vileplume
|-damage|p1a: Vileplume|34/100
|-damage|p2a: Ursaluna|84/100 brn|[from] item: Rocky Helmet|[of] p1a: Vileplume
|
|-damage|p2a: Ursaluna|78/100 brn|[from] brn
|upkeep
|turn|14
|
|t:|1760763491
|switch|p2a: Latios|Latios, M|100/100
|move|p1a: Vileplume|Strength Sap|p2a: Latios
|-unboost|p2a: Latios|atk|1
|-heal|p1a: Vileplume|81/100
|
|upkeep
|turn|15
|
|t:|1760763500
|switch|p1a: Excadrill|Excadrill, M|100/100
|-ability|p1a: Excadrill|Mold Breaker
|move|p2a: Latios|Luster Purge|p1a: Excadrill
|-resisted|p1a: Excadrill
|-damage|p1a: Excadrill|66/100
|
|upkeep
|turn|16
|
|t:|1760763514
|switch|p2a: Rillaboom|Rillaboom, M|66/100
|-activate|p2a: Rillaboom|move: Sticky Web
|-unboost|p2a: Rillaboom|spe|1
|-fieldstart|move: Grassy Terrain|[from] ability: Grassy Surge|[of] p2a: Rillaboom
|move|p1a: Excadrill|Rapid Spin|p2a: Rillaboom
|-damage|p2a: Rillaboom|49/100
|-boost|p1a: Excadrill|spe|1
|-sideend|p1: Ryu_NLF|Stealth Rock|[from] move: Rapid Spin|[of] p1a: Excadrill
|
|-heal|p1a: Excadrill|72/100|[from] Grassy Terrain
|-heal|p2a: Rillaboom|55/100|[from] Grassy Terrain
|upkeep
|turn|17
|
|t:|1760763529
|move|p1a: Excadrill|Rock Slide|p2a: Rillaboom|[miss]
|-miss|p1a: Excadrill|p2a: Rillaboom
|move|p2a: Rillaboom|Knock Off|p1a: Excadrill
|-damage|p1a: Excadrill|21/100
|-enditem|p1a: Excadrill|Heavy-Duty Boots|[from] move: Knock Off|[of] p2a: Rillaboom
|
|-heal|p1a: Excadrill|27/100|[from] Grassy Terrain
|-heal|p2a: Rillaboom|61/100|[from] Grassy Terrain
|upkeep
|turn|18
|
|t:|1760763540
|switch|p1a: Vileplume|Vileplume, M, shiny|81/100
|move|p2a: Rillaboom|Grassy Glide|p1a: Vileplume
|-resisted|p1a: Vileplume
|-damage|p1a: Vileplume|73/100
|-damage|p2a: Rillaboom|45/100|[from] item: Rocky Helmet|[of] p1a: Vileplume
|
|-heal|p2a: Rillaboom|51/100|[from] Grassy Terrain
|-heal|p1a: Vileplume|80/100|[from] Grassy Terrain
|upkeep
|turn|19
|
|t:|1760763550
|switch|p2a: Latios|Latios, M|100/100
|move|p1a: Vileplume|Leech Seed|p2a: Latios
|-start|p2a: Latios|move: Leech Seed
|
|-heal|p1a: Vileplume|86/100|[from] Grassy Terrain
|-damage|p2a: Latios|88/100|[from] Leech Seed|[of] p1a: Vileplume
|-heal|p1a: Vileplume|96/100|[silent]
|upkeep
|turn|20
|
|t:|1760763562
|switch|p1a: Swampert|Swampert, F|87/100
|move|p2a: Latios|Draco Meteor|p1a: Swampert
|-damage|p1a: Swampert|40/100
|-unboost|p2a: Latios|spa|2
|
|-heal|p1a: Swampert|47/100|[from] Grassy Terrain
|-heal|p1a: Swampert|53/100|[from] item: Leftovers
|-damage|p2a: Latios|76/100|[from] Leech Seed|[of] p1a: Swampert
|-heal|p1a: Swampert|62/100|[silent]
|-fieldend|move: Grassy Terrain
|upkeep
|turn|21
|
|t:|1760763576
|switch|p2a: Rillaboom|Rillaboom, M|51/100
|-activate|p2a: Rillaboom|move: Sticky Web
|-unboost|p2a: Rillaboom|spe|1
|-fieldstart|move: Grassy Terrain|[from] ability: Grassy Surge|[of] p2a: Rillaboom
|move|p1a: Swampert|Stealth Rock|p2a: Rillaboom
|-sidestart|p2: salty pepperer|move: Stealth Rock
|
|-heal|p1a: Swampert|68/100|[from] Grassy Terrain
|-heal|p1a: Swampert|74/100|[from] item: Leftovers
|-heal|p2a: Rillaboom|57/100|[from] Grassy Terrain
|upkeep
|turn|22
|
|t:|1760763601
|switch|p1a: Ribombee|Ribombee, F, shiny|75/100
|switch|p2a: Latios|Latios, M|76/100
|-damage|p2a: Latios|64/100|[from] Stealth Rock
|
|-heal|p1a: Ribombee|81/100|[from] Grassy Terrain
|upkeep
|turn|23
|
|t:|1760763610
|move|p2a: Latios|Luster Purge|p1a: Ribombee
|-damage|p1a: Ribombee|0 fnt
|faint|p1a: Ribombee
|
|upkeep
|
|t:|1760763622
|switch|p1a: Chandelure|Chandelure, F|100/100
|turn|24
|
|t:|1760763638
|switch|p2a: Quaquaval|Quaquaval, F|51/100
|-activate|p2a: Quaquaval|move: Sticky Web
|-unboost|p2a: Quaquaval|spe|1
|-damage|p2a: Quaquaval|45/100|[from] Stealth Rock
|move|p1a: Chandelure|Shadow Ball|p2a: Quaquaval
|-damage|p2a: Quaquaval|7/100
|
|-heal|p2a: Quaquaval|13/100|[from] Grassy Terrain
|upkeep
|turn|25
|
|t:|1760763650
|switch|p2a: Ursaluna|Ursaluna, F|78/100 brn
|-activate|p2a: Ursaluna|move: Sticky Web
|-unboost|p2a: Ursaluna|spe|1
|-damage|p2a: Ursaluna|72/100 brn|[from] Stealth Rock
|move|p1a: Chandelure|Shadow Ball|p2a: Ursaluna
|-immune|p2a: Ursaluna
|
|-heal|p2a: Ursaluna|78/100 brn|[from] Grassy Terrain
|-damage|p2a: Ursaluna|72/100 brn|[from] brn
|-fieldend|move: Grassy Terrain
|upkeep
|turn|26
|
|t:|1760763674
|switch|p1a: Excadrill|Excadrill, M|27/100
|-ability|p1a: Excadrill|Mold Breaker
|move|p2a: Ursaluna|Swords Dance|p2a: Ursaluna
|-boost|p2a: Ursaluna|atk|2
|
|-damage|p2a: Ursaluna|66/100 brn|[from] brn
|upkeep
|turn|27
|
|t:|1760763684
|move|p1a: Excadrill|Earthquake|p2a: Ursaluna
|-damage|p2a: Ursaluna|28/100 brn
|move|p2a: Ursaluna|Facade|p1a: Excadrill
|-resisted|p1a: Excadrill
|-damage|p1a: Excadrill|0 fnt
|faint|p1a: Excadrill
|
|-damage|p2a: Ursaluna|21/100 brn|[from] brn
|upkeep
|
|t:|1760763698
|switch|p1a: Swampert|Swampert, F|74/100
|turn|28
|
|t:|1760763702
|switch|p2a: Rillaboom|Rillaboom, M|57/100
|-activate|p2a: Rillaboom|move: Sticky Web
|-unboost|p2a: Rillaboom|spe|1
|-damage|p2a: Rillaboom|44/100|[from] Stealth Rock
|-fieldstart|move: Grassy Terrain|[from] ability: Grassy Surge|[of] p2a: Rillaboom
|move|p1a: Swampert|Flip Turn|p2a: Rillaboom
|-resisted|p2a: Rillaboom
|-damage|p2a: Rillaboom|34/100
|
|t:|1760763713
|switch|p1a: Chandelure|Chandelure, F|100/100|[from] Flip Turn
|
|-heal|p2a: Rillaboom|40/100|[from] Grassy Terrain
|upkeep
|turn|29
|
|t:|1760763722
|switch|p2a: Quaquaval|Quaquaval, F|13/100
|-activate|p2a: Quaquaval|move: Sticky Web
|-unboost|p2a: Quaquaval|spe|1
|-damage|p2a: Quaquaval|7/100|[from] Stealth Rock
|move|p1a: Chandelure|Fire Blast|p2a: Quaquaval
|-resisted|p2a: Quaquaval
|-damage|p2a: Quaquaval|0 fnt
|faint|p2a: Quaquaval
|
|upkeep
|
|t:|1760763733
|switch|p2a: Latios|Latios, M|64/100
|-damage|p2a: Latios|51/100|[from] Stealth Rock
|turn|30
|
|t:|1760763738
|switch|p1a: Swampert|Swampert, F|74/100
|move|p2a: Latios|Draco Meteor|p1a: Swampert
|-damage|p1a: Swampert|22/100
|-unboost|p2a: Latios|spa|2
|
|-heal|p1a: Swampert|28/100|[from] Grassy Terrain
|-heal|p1a: Swampert|35/100|[from] item: Leftovers
|upkeep
|turn|31
|
|t:|1760763751
|switch|p2a: Rillaboom|Rillaboom, M|40/100
|-activate|p2a: Rillaboom|move: Sticky Web
|-unboost|p2a: Rillaboom|spe|1
|-damage|p2a: Rillaboom|28/100|[from] Stealth Rock
|move|p1a: Swampert|Flip Turn|p2a: Rillaboom
|-resisted|p2a: Rillaboom
|-damage|p2a: Rillaboom|16/100
|
|t:|1760763760
|switch|p1a: Vileplume|Vileplume, M, shiny|96/100|[from] Flip Turn
|
|-heal|p2a: Rillaboom|22/100|[from] Grassy Terrain
|-heal|p1a: Vileplume|100/100|[from] Grassy Terrain
|upkeep
|turn|32
|
|t:|1760763767
|move|p2a: Rillaboom|Knock Off|p1a: Vileplume
|-damage|p1a: Vileplume|72/100
|-damage|p2a: Rillaboom|6/100|[from] item: Rocky Helmet|[of] p1a: Vileplume
|-enditem|p1a: Vileplume|Rocky Helmet|[from] move: Knock Off|[of] p2a: Rillaboom
|move|p1a: Vileplume|Giga Drain|p2a: Rillaboom
|-resisted|p2a: Rillaboom
|-damage|p2a: Rillaboom|0 fnt
|-heal|p1a: Vileplume|75/100|[from] drain|[of] p2a: Rillaboom
|faint|p2a: Rillaboom
|
|-heal|p1a: Vileplume|81/100|[from] Grassy Terrain
|-fieldend|move: Grassy Terrain
|upkeep
|
|t:|1760763779
|switch|p2a: Latios|Latios, M|51/100
|-damage|p2a: Latios|39/100|[from] Stealth Rock
|turn|33
|
|t:|1760763795
|-terastallize|p1a: Vileplume|Fire
|move|p2a: Latios|Draco Meteor|p1a: Vileplume
|-damage|p1a: Vileplume|6/100
|-unboost|p2a: Latios|spa|2
|move|p1a: Vileplume|Toxic|p2a: Latios
|-status|p2a: Latios|tox
|
|-damage|p2a: Latios|33/100 tox|[from] psn
|upkeep
|turn|34
|
|t:|1760763807
|move|p2a: Latios|Draco Meteor|p1a: Vileplume
|-damage|p1a: Vileplume|0 fnt
|-unboost|p2a: Latios|spa|2
|faint|p1a: Vileplume
|
|-damage|p2a: Latios|21/100 tox|[from] psn
|upkeep
|
|t:|1760763815
|switch|p1a: Swampert|Swampert, F|35/100
|turn|35
|
|t:|1760763819
|switch|p2a: Ursaluna|Ursaluna, F|21/100 brn
|-activate|p2a: Ursaluna|move: Sticky Web
|-unboost|p2a: Ursaluna|spe|1
|-damage|p2a: Ursaluna|15/100 brn|[from] Stealth Rock
|move|p1a: Swampert|Flip Turn|p2a: Ursaluna
|-supereffective|p2a: Ursaluna
|-damage|p2a: Ursaluna|0 fnt
|faint|p2a: Ursaluna
|
|t:|1760763829
|switch|p1a: Chandelure|Chandelure, F|100/100|[from] Flip Turn
|
|upkeep
|
|t:|1760763832
|switch|p2a: Latios|Latios, M|21/100 tox
|-damage|p2a: Latios|9/100 tox|[from] Stealth Rock
|turn|36
|
|t:|1760763836
|switch|p1a: Swampert|Swampert, F|35/100
|move|p2a: Latios|Draco Meteor|p1a: Swampert
|-damage|p1a: Swampert|0 fnt
|-unboost|p2a: Latios|spa|2
|faint|p1a: Swampert
|
|-damage|p2a: Latios|3/100 tox|[from] psn
|upkeep
|
|t:|1760763847
|switch|p1a: Chandelure|Chandelure, F|100/100
|turn|37
|
|t:|1760763851
|move|p2a: Latios|Draco Meteor|p1a: Chandelure
|-crit|p1a: Chandelure
|-damage|p1a: Chandelure|0 fnt
|-unboost|p2a: Latios|spa|2
|faint|p1a: Chandelure
|
|win|salty pepperer
|raw|Ryu_NLF's rating: 1407 &rarr; <strong>1388</strong><br />(-19 for losing)
|raw|salty pepperer's rating: 1430 &rarr; <strong>1449</strong><br />(+19 for winning)
|l|☆salty pepperer
|player|p2|
|l|☆Ryu_NLF
|player|p1|
