|j|☆OP Earthquakes
|j|☆B/CFan
|t:|1760726577
|gametype|singles
|player|p1|OP Earthquakes|giovanni-masters|1499
|player|p2|B/CFan|102|1384
|gen|9
|tier|[Gen 9] OU
|rated|
|rule|HP Percentage Mod: HP is shown in percentages
|rule|Endless Battle Clause: Forcing endless battles is banned
|rule|Species Clause: Limit one of each Pokémon
|rule|OHKO Clause: OHKO moves are banned
|rule|Evasion Items Clause: Evasion items are banned
|rule|Evasion Moves Clause: Evasion moves are banned
|rule|Evasion Abilities Clause: Evasion abilities are banned
|rule|Sleep Moves Clause: Sleep-inducing moves are banned
|clearpoke
|poke|p1|Excadrill, F|
|poke|p1|Hawlucha, M|
|poke|p1|Kyurem|
|poke|p1|Tyranitar, M|
|poke|p1|Pawmot, M|
|poke|p1|Klefki, F|
|poke|p2|Cinderace, M|
|poke|p2|Galvantula, M|
|poke|p2|Excadrill, M|
|poke|p2|Dragapult, M|
|poke|p2|Serperior, F|
|poke|p2|Kingambit, M|
|teampreview
|inactive|Battle timer is ON: inactive players will automatically lose when time's up. (requested by OP Earthquakes)
|
|t:|1760726592
|teamsize|p1|6
|teamsize|p2|6
|start
|switch|p1a: OP|Excadrill, F|100/100
|switch|p2a: Galvantula|Galvantula, M|100/100
|turn|1
|
|t:|1760726596
|switch|p2a: Dragapult|Dragapult, M|100/100
|move|p1a: OP|Earthquake|p2a: Dragapult
|-damage|p2a: Dragapult|0 fnt
|faint|p2a: Dragapult
|
|upkeep
|
|t:|1760726603
|switch|p2a: Galvantula|Galvantula, M|100/100
|turn|2
|
|t:|1760726607
|move|p2a: Galvantula|Sticky Web|p1a: OP
|-sidestart|p1: OP Earthquakes|move: Sticky Web
|move|p1a: OP|Earthquake|p2a: Galvantula
|-enditem|p2a: Galvantula|Focus Sash
|-damage|p2a: Galvantula|1/100
|
|upkeep
|turn|3
|
|t:|1760726613
|switch|p2a: Excadrill|Excadrill, M|100/100
|-ability|p2a: Excadrill|Mold Breaker
|-item|p2a: Excadrill|Air Balloon
|switch|p1a: Shukaku|Tyranitar, M, shiny|100/100
|-activate|p1a: Shukaku|move: Sticky Web
|-unboost|p1a: Shukaku|spe|1
|-weather|Sandstorm|[from] ability: Sand Stream|[of] p1a: Shukaku
|
|-weather|Sandstorm|[upkeep]
|upkeep
|turn|4
|
|t:|1760726621
|move|p2a: Excadrill|Rapid Spin|p1a: Shukaku
|-resisted|p1a: Shukaku
|-damage|p1a: Shukaku|95/100
|-boost|p2a: Excadrill|spe|1
|move|p1a: Shukaku|Ice Beam|p2a: Excadrill
|-damage|p2a: Excadrill|68/100
|-enditem|p2a: Excadrill|Air Balloon
|
|-weather|Sandstorm|[upkeep]
|upkeep
|turn|5
|
|t:|1760726634
|switch|p1a: Itachi|Hawlucha, M, shiny|100/100
|-ability|p1a: Itachi|Mold Breaker
|move|p2a: Excadrill|Swords Dance|p2a: Excadrill
|-boost|p2a: Excadrill|atk|2
|
|-weather|Sandstorm|[upkeep]
|-damage|p1a: Itachi|94/100|[from] Sandstorm
|upkeep
|turn|6
|
|t:|1760726642
|-terastallize|p1a: Itachi|Steel
|move|p2a: Excadrill|Iron Head|p1a: Itachi
|-resisted|p1a: Itachi
|-damage|p1a: Itachi|34/100
|-enditem|p1a: Itachi|Red Card|[of] p2a: Excadrill
|drag|p2a: Cinderace|Cinderace, M|100/100
|move|p1a: Itachi|Defog|p2a: Cinderace
|-unboost|p2a: Cinderace|evasion|1
|-sideend|p1: OP Earthquakes|Sticky Web|[from] move: Defog|[of] p1a: Itachi
|
|-weather|Sandstorm|[upkeep]
|-damage|p2a: Cinderace|95/100|[from] Sandstorm
|upkeep
|turn|7
|
|t:|1760726659
|move|p2a: Cinderace|Pyro Ball|p1a: Itachi
|-supereffective|p1a: Itachi
|-damage|p1a: Itachi|0 fnt
|faint|p1a: Itachi
|
|-weather|Sandstorm|[upkeep]
|-damage|p2a: Cinderace|89/100|[from] Sandstorm
|upkeep
|
|t:|1760726662
|switch|p1a: OP|Excadrill, F|100/100
|turn|8
|
|t:|1760726672
|switch|p2a: Excadrill|Excadrill, M|68/100
|-ability|p2a: Excadrill|Mold Breaker
|move|p1a: OP|Earthquake|p2a: Excadrill
|-supereffective|p2a: Excadrill
|-damage|p2a: Excadrill|0 fnt
|faint|p2a: Excadrill
|
|-weather|Sandstorm|[upkeep]
|upkeep
|
|t:|1760726678
|switch|p2a: Serperior|Serperior, F|100/100
|turn|9
|
|t:|1760726696
|switch|p1a: Shukaku|Tyranitar, M, shiny|95/100
|move|p2a: Serperior|Substitute|p2a: Serperior
|-start|p2a: Serperior|Substitute
|-damage|p2a: Serperior|76/100
|
|-weather|Sandstorm|[upkeep]
|-damage|p2a: Serperior|69/100|[from] Sandstorm
|-heal|p2a: Serperior|76/100|[from] item: Leftovers
|upkeep
|turn|10
|
|t:|1760726701
|move|p2a: Serperior|Leaf Storm|p1a: Shukaku
|-supereffective|p1a: Shukaku
|-damage|p1a: Shukaku|36/100
|-boost|p2a: Serperior|spa|2
|move|p1a: Shukaku|Stealth Rock|p2a: Serperior
|-sidestart|p2: B/CFan|move: Stealth Rock
|
|-weather|none
|-heal|p2a: Serperior|82/100|[from] item: Leftovers
|upkeep
|turn|11
|
|t:|1760726716
|switch|p1a: Klefki|Klefki, F, shiny|100/100
|move|p2a: Serperior|Leaf Storm|p1a: Klefki
|-resisted|p1a: Klefki
|-damage|p1a: Klefki|49/100
|-boost|p2a: Serperior|spa|2
|
|-heal|p2a: Serperior|88/100|[from] item: Leftovers
|upkeep
|turn|12
|
|t:|1760726725
|move|p1a: Klefki|Light Screen|p1a: Klefki
|-sidestart|p1: OP Earthquakes|move: Light Screen
|move|p2a: Serperior|Leaf Storm|p1a: Klefki|[miss]
|-miss|p2a: Serperior|p1a: Klefki
|
|-heal|p2a: Serperior|94/100|[from] item: Leftovers
|upkeep
|turn|13
|
|t:|1760726730
|switch|p1a: Shukaku|Tyranitar, M, shiny|36/100
|-weather|Sandstorm|[from] ability: Sand Stream|[of] p1a: Shukaku
|move|p2a: Serperior|Leaf Storm|p1a: Shukaku
|-supereffective|p1a: Shukaku
|-damage|p1a: Shukaku|0 fnt
|-boost|p2a: Serperior|spa|2
|faint|p1a: Shukaku
|
|-weather|Sandstorm|[upkeep]
|-damage|p2a: Serperior|88/100|[from] Sandstorm
|-heal|p2a: Serperior|94/100|[from] item: Leftovers
|upkeep
|
|t:|1760726733
|switch|p1a: Frieza|Kyurem, shiny|100/100
|-ability|p1a: Frieza|Pressure
|turn|14
|
|t:|1760726739
|-terastallize|p2a: Serperior|Fire
|move|p2a: Serperior|Tera Blast|p1a: Frieza|[anim] Tera Blast Fire
|-damage|p1a: Frieza|47/100
|move|p1a: Frieza|Freeze-Dry|p2a: Serperior
|-resisted|p2a: Serperior
|-activate|p2a: Serperior|move: Substitute|[damage]
|
|-weather|Sandstorm|[upkeep]
|-damage|p2a: Serperior|88/100|[from] Sandstorm
|-damage|p1a: Frieza|40/100|[from] Sandstorm
|-heal|p2a: Serperior|94/100|[from] item: Leftovers
|upkeep
|turn|15
|inactive|OP Earthquakes has 120 seconds left.
|
|t:|1760726785
|move|p2a: Serperior|Tera Blast|p1a: Frieza|[anim] Tera Blast Fire
|-damage|p1a: Frieza|0 fnt
|faint|p1a: Frieza
|
|-weather|Sandstorm|[upkeep]
|-damage|p2a: Serperior|88/100|[from] Sandstorm
|-heal|p2a: Serperior|94/100|[from] item: Leftovers
|upkeep
|
|t:|1760726789
|switch|p1a: Porunga|Pawmot, M|100/100
|turn|16
|
|t:|1760726792
|move|p2a: Serperior|Leaf Storm|p1a: Porunga
|-damage|p1a: Porunga|0 fnt
|faint|p1a: Porunga
|
|-weather|Sandstorm|[upkeep]
|-damage|p2a: Serperior|88/100|[from] Sandstorm
|-heal|p2a: Serperior|94/100|[from] item: Leftovers
|-sideend|p1: OP Earthquakes|move: Light Screen
|upkeep
|-message|OP Earthquakes forfeited.
|
|win|B/CFan
|raw|OP Earthquakes's rating: 1499 &rarr; <strong>1473</strong><br />(-26 for losing)
|raw|B&#x2f;CFan's rating: 1384 &rarr; <strong>1410</strong><br />(+26 for winning)
|l|☆OP Earthquakes
|player|p1|
|l|☆B/CFan
|player|p2|
