|j|☆Manambintsoa
|j|☆horses aren't real
|t:|1760871486
|gametype|singles
|player|p1|Manambintsoa|clown|1562
|player|p2|horses aren't real|skullgruntf|1611
|gen|9
|tier|[Gen 9] OU
|rated|
|rule|HP Percentage Mod: HP is shown in percentages
|rule|Endless Battle Clause: Forcing endless battles is banned
|rule|Species Clause: Limit one of each Pokémon
|rule|OHKO Clause: OHKO moves are banned
|rule|Evasion Items Clause: Evasion items are banned
|rule|Evasion Moves Clause: Evasion moves are banned
|rule|Evasion Abilities Clause: Evasion abilities are banned
|rule|Sleep Moves Clause: Sleep-inducing moves are banned
|clearpoke
|poke|p1|Slowking-Galar, M|
|poke|p1|Corviknight, M|
|poke|p1|Skeledirge, M|
|poke|p1|Meowscarada, F|
|poke|p1|Garganacl, F|
|poke|p1|Kyurem|
|poke|p2|Gholdengo|
|poke|p2|Samurott-Hisui, M|
|poke|p2|Hatterene, F|
|poke|p2|Landorus-Therian, M|
|poke|p2|Zamazenta-*|
|poke|p2|Pecharunt|
|teampreview
|inactive|Battle timer is ON: inactive players will automatically lose when time's up. (requested by horses aren't real)
|
|t:|1760871492
|teamsize|p1|6
|teamsize|p2|6
|start
|switch|p1a: Meowscarada|Meowscarada, F|100/100
|switch|p2a: Landorus|Landorus-Therian, M|100/100
|-ability|p2a: Landorus|Intimidate|boost
|-unboost|p1a: Meowscarada|atk|1
|turn|1
|
|t:|1760871504
|switch|p2a: Pecharunt|Pecharunt|100/100
|move|p1a: Meowscarada|Triple Axel|p2a: Pecharunt
|-start|p1a: Meowscarada|typechange|Ice|[from] ability: Protean
|-damage|p2a: Pecharunt|97/100
|-damage|p2a: Pecharunt|91/100
|-damage|p2a: Pecharunt|82/100
|-hitcount|p2a: Pecharunt|3
|
|upkeep
|turn|2
|
|t:|1760871512
|switch|p1a: Slowking|Slowking-Galar, M|100/100
|switch|p2a: Landorus|Landorus-Therian, M|100/100
|-ability|p2a: Landorus|Intimidate|boost
|-unboost|p1a: Slowking|atk|1
|
|upkeep
|turn|3
|
|t:|1760871519
|switch|p1a: Corviknight|Corviknight, M, shiny|100/100
|-ability|p1a: Corviknight|Pressure
|move|p2a: Landorus|Stealth Rock|p1a: Corviknight
|-sidestart|p1: Manambintsoa|move: Stealth Rock
|
|upkeep
|turn|4
|
|t:|1760871526
|switch|p2a: Gholdengo|Gholdengo|100/100
|move|p1a: Corviknight|Defog|p2a: Gholdengo
|-immune|p2a: Gholdengo|[from] ability: Good as Gold
|
|upkeep
|turn|5
|
|t:|1760871541
|switch|p2a: Landorus|Landorus-Therian, M|100/100
|-ability|p2a: Landorus|Intimidate|boost
|-unboost|p1a: Corviknight|atk|1
|move|p1a: Corviknight|U-turn|p2a: Landorus
|-resisted|p2a: Landorus
|-damage|p2a: Landorus|95/100
|-damage|p1a: Corviknight|84/100|[from] item: Rocky Helmet|[of] p2a: Landorus
|
|t:|1760871549
|switch|p1a: Meowscarada|Meowscarada, F|100/100|[from] U-turn
|-damage|p1a: Meowscarada|88/100|[from] Stealth Rock
|
|upkeep
|turn|6
|
|t:|1760871567
|move|p1a: Meowscarada|Knock Off|p2a: Landorus
|-start|p1a: Meowscarada|typechange|Dark|[from] ability: Protean
|-damage|p2a: Landorus|46/100
|-damage|p1a: Meowscarada|72/100|[from] item: Rocky Helmet|[of] p2a: Landorus
|-enditem|p2a: Landorus|Rocky Helmet|[from] move: Knock Off|[of] p1a: Meowscarada
|move|p2a: Landorus|U-turn|p1a: Meowscarada
|-supereffective|p1a: Meowscarada
|-damage|p1a: Meowscarada|11/100
|
|t:|1760871573
|switch|p2a: Samurott|Samurott-Hisui, M|100/100|[from] U-turn
|
|upkeep
|turn|7
|
|t:|1760871577
|switch|p1a: Corviknight|Corviknight, M, shiny|84/100
|-damage|p1a: Corviknight|71/100|[from] Stealth Rock
|-ability|p1a: Corviknight|Pressure
|move|p2a: Samurott|Ceaseless Edge|p1a: Corviknight
|-damage|p1a: Corviknight|45/100
|-damage|p2a: Samurott|84/100|[from] item: Rocky Helmet|[of] p1a: Corviknight
|-sidestart|p1: Manambintsoa|Spikes
|
|upkeep
|turn|8
|
|t:|1760871585
|switch|p2a: Gholdengo|Gholdengo|100/100
|move|p1a: Corviknight|Roost|p1a: Corviknight
|-heal|p1a: Corviknight|95/100
|-singleturn|p1a: Corviknight|move: Roost
|
|upkeep
|turn|9
|
|t:|1760871593
|move|p2a: Gholdengo|Nasty Plot|p2a: Gholdengo
|-boost|p2a: Gholdengo|spa|2
|move|p1a: Corviknight|U-turn|p2a: Gholdengo
|-resisted|p2a: Gholdengo
|-crit|p2a: Gholdengo
|-damage|p2a: Gholdengo|94/100
|
|t:|1760871599
|switch|p1a: Kyurem|Kyurem|100/100|[from] U-turn
|-damage|p1a: Kyurem|76/100|[from] Stealth Rock
|-damage|p1a: Kyurem|63/100|[from] Spikes
|-ability|p1a: Kyurem|Pressure
|
|upkeep
|turn|10
|
|t:|1760871603
|switch|p2a: Landorus|Landorus-Therian, M|46/100
|-ability|p2a: Landorus|Intimidate|boost
|-unboost|p1a: Kyurem|atk|1
|move|p1a: Kyurem|Earth Power|p2a: Landorus
|-immune|p2a: Landorus
|
|upkeep
|turn|11
|
|t:|1760871608
|switch|p1a: Corviknight|Corviknight, M, shiny|95/100
|-damage|p1a: Corviknight|82/100|[from] Stealth Rock
|-ability|p1a: Corviknight|Pressure
|move|p2a: Landorus|U-turn|p1a: Corviknight
|-resisted|p1a: Corviknight
|-damage|p1a: Corviknight|79/100
|-damage|p2a: Landorus|29/100|[from] item: Rocky Helmet|[of] p1a: Corviknight
|
|t:|1760871610
|switch|p2a: Gholdengo|Gholdengo|94/100|[from] U-turn
|
|upkeep
|turn|12
|
|t:|1760871619
|move|p2a: Gholdengo|Nasty Plot|p2a: Gholdengo
|-boost|p2a: Gholdengo|spa|2
|move|p1a: Corviknight|U-turn|p2a: Gholdengo
|-resisted|p2a: Gholdengo
|-damage|p2a: Gholdengo|90/100
|
|t:|1760871622
|switch|p1a: Skeledirge|Skeledirge, M|100/100|[from] U-turn
|
|upkeep
|turn|13
|
|t:|1760871631
|switch|p2a: Samurott|Samurott-Hisui, M|84/100
|-terastallize|p1a: Skeledirge|Fairy
|move|p1a: Skeledirge|Torch Song|p2a: Samurott
|-resisted|p2a: Samurott
|-damage|p2a: Samurott|62/100
|-boost|p1a: Skeledirge|spa|1
|
|upkeep
|turn|14
|
|t:|1760871638
|move|p2a: Samurott|Ceaseless Edge|p1a: Skeledirge
|-resisted|p1a: Skeledirge
|-damage|p1a: Skeledirge|83/100
|-sidestart|p1: Manambintsoa|Spikes
|move|p1a: Skeledirge|Will-O-Wisp|p2a: Samurott
|-status|p2a: Samurott|brn
|
|-damage|p2a: Samurott|56/100 brn|[from] brn
|upkeep
|turn|15
|
|t:|1760871645
|move|p2a: Samurott|Ceaseless Edge|p1a: Skeledirge
|-resisted|p1a: Skeledirge
|-damage|p1a: Skeledirge|74/100
|-sidestart|p1: Manambintsoa|Spikes
|move|p1a: Skeledirge|Torch Song|p2a: Samurott
|-resisted|p2a: Samurott
|-damage|p2a: Samurott|22/100 brn
|-boost|p1a: Skeledirge|spa|1
|
|-damage|p2a: Samurott|15/100 brn|[from] brn
|upkeep
|turn|16
|
|t:|1760871652
|move|p2a: Samurott|Swords Dance|p2a: Samurott
|-boost|p2a: Samurott|atk|2
|move|p1a: Skeledirge|Slack Off|p1a: Skeledirge
|-heal|p1a: Skeledirge|100/100
|
|-damage|p2a: Samurott|9/100 brn|[from] brn
|upkeep
|turn|17
|
|t:|1760871656
|move|p2a: Samurott|Aqua Cutter|p1a: Skeledirge
|-damage|p1a: Skeledirge|80/100
|move|p1a: Skeledirge|Torch Song|p2a: Samurott
|-resisted|p2a: Samurott
|-damage|p2a: Samurott|0 fnt
|-boost|p1a: Skeledirge|spa|1
|faint|p2a: Samurott
|
|upkeep
|
|t:|1760871659
|switch|p2a: Gholdengo|Gholdengo|90/100
|turn|18
|
|t:|1760871663
|move|p2a: Gholdengo|Make It Rain|p1a: Skeledirge
|-supereffective|p1a: Skeledirge
|-damage|p1a: Skeledirge|0 fnt
|-unboost|p2a: Gholdengo|spa|1
|faint|p1a: Skeledirge
|
|upkeep
|
|t:|1760871669
|switch|p1a: Slowking|Slowking-Galar, M|100/100
|-damage|p1a: Slowking|88/100|[from] Stealth Rock
|-damage|p1a: Slowking|63/100|[from] Spikes
|turn|19
|
|t:|1760871675
|switch|p2a: Landorus|Landorus-Therian, M|29/100
|-ability|p2a: Landorus|Intimidate|boost
|-unboost|p1a: Slowking|atk|1
|move|p1a: Slowking|Flamethrower|p2a: Landorus
|-damage|p2a: Landorus|0 fnt
|faint|p2a: Landorus
|
|upkeep
|
|t:|1760871677
|switch|p2a: Gholdengo|Gholdengo|90/100
|turn|20
|
|t:|1760871680
|move|p2a: Gholdengo|Nasty Plot|p2a: Gholdengo
|-boost|p2a: Gholdengo|spa|2
|move|p1a: Slowking|Flamethrower|p2a: Gholdengo
|-supereffective|p2a: Gholdengo
|-damage|p2a: Gholdengo|21/100
|
|upkeep
|turn|21
|
|t:|1760871686
|move|p2a: Gholdengo|Shadow Ball|p1a: Slowking
|-supereffective|p1a: Slowking
|-damage|p1a: Slowking|0 fnt
|faint|p1a: Slowking
|
|upkeep
|
|t:|1760871693
|switch|p1a: Kyurem|Kyurem|63/100
|-damage|p1a: Kyurem|39/100|[from] Stealth Rock
|-damage|p1a: Kyurem|14/100|[from] Spikes
|-ability|p1a: Kyurem|Pressure
|turn|22
|
|t:|1760871696
|switch|p2a: Hatterene|Hatterene, F|100/100
|move|p1a: Kyurem|Ice Beam|p2a: Hatterene
|-damage|p2a: Hatterene|22/100
|-status|p2a: Hatterene|frz
|
|-heal|p2a: Hatterene|28/100 frz|[from] item: Leftovers
|upkeep
|turn|23
|
|t:|1760871701
|move|p1a: Kyurem|Ice Beam|p2a: Hatterene
|-damage|p2a: Hatterene|0 fnt
|faint|p2a: Hatterene
|
|upkeep
|
|t:|1760871703
|switch|p2a: Zamazenta|Zamazenta|100/100
|-ability|p2a: Zamazenta|Dauntless Shield|boost
|-boost|p2a: Zamazenta|def|1
|turn|24
|
|t:|1760871711
|switch|p1a: Garganacl|Garganacl, F|100/100
|-damage|p1a: Garganacl|88/100|[from] Stealth Rock
|-damage|p1a: Garganacl|63/100|[from] Spikes
|move|p2a: Zamazenta|Crunch|p1a: Garganacl
|-crit|p1a: Garganacl
|-damage|p1a: Garganacl|43/100
|
|-heal|p1a: Garganacl|49/100|[from] item: Leftovers
|upkeep
|turn|25
|
|t:|1760871719
|move|p2a: Zamazenta|Close Combat|p1a: Garganacl
|-supereffective|p1a: Garganacl
|-damage|p1a: Garganacl|0 fnt
|-unboost|p2a: Zamazenta|def|1
|-unboost|p2a: Zamazenta|spd|1
|faint|p1a: Garganacl
|
|upkeep
|
|t:|1760871721
|switch|p1a: Corviknight|Corviknight, M, shiny|79/100
|-damage|p1a: Corviknight|67/100|[from] Stealth Rock
|-ability|p1a: Corviknight|Pressure
|turn|26
|
|t:|1760871723
|switch|p2a: Gholdengo|Gholdengo|21/100
|move|p1a: Corviknight|Defog|p2a: Gholdengo
|-immune|p2a: Gholdengo|[from] ability: Good as Gold
|
|upkeep
|turn|27
|-message|Manambintsoa forfeited.
|
|win|horses aren't real
|raw|Manambintsoa's rating: 1562 &rarr; <strong>1545</strong><br />(-17 for losing)
|raw|horses aren&apos;t real's rating: 1611 &rarr; <strong>1628</strong><br />(+17 for winning)
|l|☆Manambintsoa
|player|p1|
|l|☆horses aren't real
|player|p2|
