|j|☆dgp1397
|j|☆Middletundra
|t:|1760772049
|gametype|singles
|player|p1|dgp1397|102|1148
|player|p2|Middletundra|169|1082
|gen|9
|tier|[Gen 9] OU
|rated|
|rule|HP Percentage Mod: HP is shown in percentages
|rule|Endless Battle Clause: Forcing endless battles is banned
|rule|Species Clause: Limit one of each Pokémon
|rule|OHKO Clause: OHKO moves are banned
|rule|Evasion Items Clause: Evasion items are banned
|rule|Evasion Moves Clause: Evasion moves are banned
|rule|Evasion Abilities Clause: Evasion abilities are banned
|rule|Sleep Moves Clause: Sleep-inducing moves are banned
|clearpoke
|poke|p1|Ambipom, M|
|poke|p1|Slowking-Galar, M|
|poke|p1|Gliscor, F|
|poke|p1|Dragapult, F|
|poke|p1|Iron Treads|
|poke|p1|Garganacl, F|
|poke|p2|Meowscarada, M|
|poke|p2|Slowking-Galar, F|
|poke|p2|Cinderace, M|
|poke|p2|Raging Bolt|
|poke|p2|Gholdengo|
|poke|p2|Corviknight, M|
|teampreview
|
|t:|1760772095
|teamsize|p1|6
|teamsize|p2|6
|start
|switch|p1a: Ambipom|Ambipom, M|100/100
|switch|p2a: Meowscarada|Meowscarada, M, shiny|100/100
|turn|1
|
|t:|1760772113
|move|p1a: Ambipom|Fake Out|p2a: Meowscarada
|-damage|p2a: Meowscarada|61/100
|cant|p2a: Meowscarada|flinch
|
|upkeep
|turn|2
|
|t:|1760772125
|switch|p1a: Garganacl|Garganacl, F|100/100
|move|p2a: Meowscarada|Knock Off|p1a: Garganacl
|-start|p2a: Meowscarada|typechange|Dark|[from] ability: Protean
|-damage|p1a: Garganacl|58/100
|-enditem|p1a: Garganacl|Leftovers|[from] move: Knock Off|[of] p2a: Meowscarada
|
|upkeep
|turn|3
|
|t:|1760772139
|move|p2a: Meowscarada|Knock Off|p1a: Garganacl
|-damage|p1a: Garganacl|27/100
|move|p1a: Garganacl|Recover|p1a: Garganacl
|-heal|p1a: Garganacl|77/100
|
|upkeep
|turn|4
|
|t:|1760772147
|move|p2a: Meowscarada|Knock Off|p1a: Garganacl
|-damage|p1a: Garganacl|48/100
|move|p1a: Garganacl|Salt Cure|p2a: Meowscarada
|-damage|p2a: Meowscarada|38/100
|-start|p2a: Meowscarada|Salt Cure
|
|-damage|p2a: Meowscarada|26/100|[from] Salt Cure
|upkeep
|turn|5
|
|t:|1760772164
|switch|p2a: Corviknight|Corviknight, M|100/100
|-ability|p2a: Corviknight|Pressure
|move|p1a: Garganacl|Protect||[still]
|-fail|p1a: Garganacl
|
|upkeep
|turn|6
|
|t:|1760772172
|move|p2a: Corviknight|Iron Defense|p2a: Corviknight
|-boost|p2a: Corviknight|def|2
|move|p1a: Garganacl|Recover|p1a: Garganacl
|-heal|p1a: Garganacl|98/100
|
|upkeep
|turn|7
|
|t:|1760772178
|move|p2a: Corviknight|Body Press|p1a: Garganacl
|-supereffective|p1a: Garganacl
|-damage|p1a: Garganacl|35/100
|move|p1a: Garganacl|Salt Cure|p2a: Corviknight
|-damage|p2a: Corviknight|96/100
|-start|p2a: Corviknight|Salt Cure
|
|-heal|p2a: Corviknight|100/100|[from] item: Leftovers
|-damage|p2a: Corviknight|76/100|[from] Salt Cure
|upkeep
|turn|8
|
|t:|1760772190
|-terastallize|p1a: Garganacl|Fairy
|move|p2a: Corviknight|Roost|p2a: Corviknight
|-heal|p2a: Corviknight|100/100
|-singleturn|p2a: Corviknight|move: Roost
|move|p1a: Garganacl|Recover|p1a: Garganacl
|-heal|p1a: Garganacl|85/100
|
|-damage|p2a: Corviknight|76/100|[from] Salt Cure
|upkeep
|turn|9
|
|t:|1760772203
|move|p2a: Corviknight|Body Press|p1a: Garganacl
|-resisted|p1a: Garganacl
|-damage|p1a: Garganacl|67/100
|move|p1a: Garganacl|Stealth Rock|p2a: Corviknight
|-sidestart|p2: Middletundra|move: Stealth Rock
|
|-heal|p2a: Corviknight|82/100|[from] item: Leftovers
|-damage|p2a: Corviknight|57/100|[from] Salt Cure
|upkeep
|turn|10
|
|t:|1760772214
|switch|p1a: Dragapult|Dragapult, F|100/100
|move|p2a: Corviknight|Defog|p1a: Dragapult
|-fail|p1a: Dragapult|unboost|[from] ability: Clear Body|[of] p1a: Dragapult
|-sideend|p2: Middletundra|Stealth Rock|[from] move: Defog|[of] p2a: Corviknight
|
|-heal|p2a: Corviknight|63/100|[from] item: Leftovers
|-damage|p2a: Corviknight|38/100|[from] Salt Cure
|upkeep
|turn|11
|
|t:|1760772231
|move|p1a: Dragapult|Draco Meteor|p2a: Corviknight
|-resisted|p2a: Corviknight
|-damage|p2a: Corviknight|0 fnt
|-unboost|p1a: Dragapult|spa|2
|faint|p2a: Corviknight
|
|upkeep
|
|t:|1760772239
|switch|p2a: Meowscarada|Meowscarada, M, shiny|26/100
|turn|12
|
|t:|1760772245
|move|p1a: Dragapult|Draco Meteor|p2a: Meowscarada
|-damage|p2a: Meowscarada|0 fnt
|-unboost|p1a: Dragapult|spa|2
|faint|p2a: Meowscarada
|
|upkeep
|
|t:|1760772261
|switch|p2a: Gholdengo|Gholdengo|100/100
|turn|13
|
|t:|1760772266
|switch|p1a: Slowking|Slowking-Galar, M|100/100
|move|p2a: Gholdengo|Nasty Plot|p2a: Gholdengo
|-boost|p2a: Gholdengo|spa|2
|
|upkeep
|turn|14
|
|t:|1760772284
|move|p2a: Gholdengo|Shadow Ball|p1a: Slowking
|-supereffective|p1a: Slowking
|-damage|p1a: Slowking|20/100
|move|p1a: Slowking|Future Sight|p2a: Gholdengo
|-start|p1a: Slowking|move: Future Sight
|
|-heal|p1a: Slowking|26/100|[from] item: Black Sludge
|upkeep
|turn|15
|
|t:|1760772294
|switch|p1a: Ambipom|Ambipom, M|100/100
|move|p2a: Gholdengo|Shadow Ball|p1a: Ambipom
|-immune|p1a: Ambipom
|
|upkeep
|turn|16
|
|t:|1760772304
|move|p1a: Ambipom|Knock Off|p2a: Gholdengo
|-supereffective|p2a: Gholdengo
|-damage|p2a: Gholdengo|62/100
|-enditem|p2a: Gholdengo|Rocky Helmet|[from] move: Knock Off|[of] p1a: Ambipom
|move|p2a: Gholdengo|Make It Rain|p1a: Ambipom
|-damage|p1a: Ambipom|0 fnt
|-unboost|p2a: Gholdengo|spa|1
|faint|p1a: Ambipom
|
|-end|p2a: Gholdengo|move: Future Sight
|-resisted|p2a: Gholdengo
|-damage|p2a: Gholdengo|42/100
|upkeep
|
|t:|1760772333
|switch|p1a: Iron Treads|Iron Treads|100/100
|-enditem|p1a: Iron Treads|Booster Energy
|-activate|p1a: Iron Treads|ability: Quark Drive|[fromitem]
|-start|p1a: Iron Treads|quarkdrivespe
|turn|17
|
|t:|1760772346
|move|p1a: Iron Treads|Earthquake|p2a: Gholdengo
|-supereffective|p2a: Gholdengo
|-damage|p2a: Gholdengo|0 fnt
|faint|p2a: Gholdengo
|
|upkeep
|
|t:|1760772357
|switch|p2a: Cinderace|Cinderace, M, shiny|100/100
|turn|18
|
|t:|1760772362
|move|p1a: Iron Treads|Earthquake|p2a: Cinderace
|-supereffective|p2a: Cinderace
|-damage|p2a: Cinderace|0 fnt
|faint|p2a: Cinderace
|
|upkeep
|
|t:|1760772369
|switch|p2a: Slowking|Slowking-Galar, F|100/100
|turn|19
|
|t:|1760772378
|move|p1a: Iron Treads|Earthquake|p2a: Slowking
|-supereffective|p2a: Slowking
|-damage|p2a: Slowking|10/100
|move|p2a: Slowking|Ice Beam|p1a: Iron Treads
|-damage|p1a: Iron Treads|70/100
|
|upkeep
|turn|20
|
|t:|1760772388
|move|p1a: Iron Treads|Earthquake|p2a: Slowking
|-supereffective|p2a: Slowking
|-damage|p2a: Slowking|0 fnt
|faint|p2a: Slowking
|
|upkeep
|
|t:|1760772399
|switch|p2a: Raging Bolt|Raging Bolt|100/100
|turn|21
|
|t:|1760772405
|move|p1a: Iron Treads|Earthquake|p2a: Raging Bolt
|-supereffective|p2a: Raging Bolt
|-damage|p2a: Raging Bolt|11/100
|move|p2a: Raging Bolt|Draco Meteor|p1a: Iron Treads
|-resisted|p1a: Iron Treads
|-damage|p1a: Iron Treads|0 fnt
|-unboost|p2a: Raging Bolt|spa|2
|faint|p1a: Iron Treads
|-end|p1a: Iron Treads|Quark Drive|[silent]
|
|upkeep
|
|t:|1760772416
|switch|p1a: Dragapult|Dragapult, F|100/100
|turn|22
|
|t:|1760772419
|move|p1a: Dragapult|Shadow Ball|p2a: Raging Bolt
|-damage|p2a: Raging Bolt|0 fnt
|faint|p2a: Raging Bolt
|-end|p2a: Raging Bolt|Protosynthesis|[silent]
|
|win|dgp1397
|raw|dgp1397's rating: 1148 &rarr; <strong>1168</strong><br />(+20 for winning)
|raw|Middletundra's rating: 1082 &rarr; <strong>1064</strong><br />(-18 for losing)
|c|☆Middletundra|gg
|l|☆Middletundra
|player|p2|
|l|☆dgp1397
|player|p1|
