|j|☆thekingthegoat
|j|☆Hummusgrubbus
|t:|1760847639
|gametype|singles
|player|p1|thekingthegoat|169|1445
|player|p2|Hummusgrubbus|1|1515
|gen|9
|tier|[Gen 9] OU
|rated|
|rule|HP Percentage Mod: HP is shown in percentages
|rule|Endless Battle Clause: Forcing endless battles is banned
|rule|Species Clause: Limit one of each Pokémon
|rule|OHKO Clause: OHKO moves are banned
|rule|Evasion Items Clause: Evasion items are banned
|rule|Evasion Moves Clause: Evasion moves are banned
|rule|Evasion Abilities Clause: Evasion abilities are banned
|rule|Sleep Moves Clause: Sleep-inducing moves are banned
|clearpoke
|poke|p1|Araquanid, M|
|poke|p1|Kingambit, M|
|poke|p1|Iron Treads|
|poke|p1|Enamorus, F|
|poke|p1|Gholdengo|
|poke|p1|Blaziken, F|
|poke|p2|Iron Valiant|
|poke|p2|Great Tusk|
|poke|p2|Rillaboom, F|
|poke|p2|Slowking-Galar, F|
|poke|p2|Kyurem|
|poke|p2|Weezing-Galar, F|
|teampreview
|inactive|Battle timer is ON: inactive players will automatically lose when time's up. (requested by thekingthegoat)
|
|t:|1760847648
|teamsize|p1|6
|teamsize|p2|6
|start
|switch|p1a: PILOT|Araquanid, M|100/100
|switch|p2a: Rillaboom|Rillaboom, F|100/100
|-fieldstart|move: Grassy Terrain|[from] ability: Grassy Surge|[of] p2a: Rillaboom
|turn|1
|
|t:|1760847665
|move|p2a: Rillaboom|Wood Hammer|p1a: PILOT
|-damage|p1a: PILOT|0 fnt
|faint|p1a: PILOT
|-damage|p2a: Rillaboom|68/100|[from] Recoil
|
|-heal|p2a: Rillaboom|74/100|[from] Grassy Terrain
|upkeep
|
|t:|1760847671
|switch|p1a: BUFFALO|Blaziken, F|100/100
|-item|p1a: BUFFALO|Air Balloon
|turn|2
|
|t:|1760847681
|switch|p2a: Great Tusk|Great Tusk|100/100
|move|p1a: BUFFALO|Swords Dance|p1a: BUFFALO
|-boost|p1a: BUFFALO|atk|2
|
|-ability|p1a: BUFFALO|Speed Boost|boost
|-boost|p1a: BUFFALO|spe|1
|upkeep
|turn|3
|
|t:|1760847695
|move|p1a: BUFFALO|Close Combat|p2a: Great Tusk
|-damage|p2a: Great Tusk|44/100
|-unboost|p1a: BUFFALO|def|1
|-unboost|p1a: BUFFALO|spd|1
|move|p2a: Great Tusk|Body Press|p1a: BUFFALO
|-damage|p1a: BUFFALO|0 fnt
|-enditem|p1a: BUFFALO|Air Balloon
|faint|p1a: BUFFALO
|
|-heal|p2a: Great Tusk|50/100|[from] Grassy Terrain
|-heal|p2a: Great Tusk|56/100|[from] item: Leftovers
|upkeep
|
|t:|1760847704
|switch|p1a: CHERRY BOMB|Enamorus, F|100/100
|turn|4
|
|t:|1760847708
|-end|p2a: Great Tusk|Protosynthesis|[silent]
|switch|p2a: Slowking|Slowking-Galar, F|100/100
|move|p1a: CHERRY BOMB|Earth Power|p2a: Slowking
|-supereffective|p2a: Slowking
|-damage|p2a: Slowking|49/100
|
|-heal|p2a: Slowking|55/100|[from] Grassy Terrain
|upkeep
|turn|5
|
|t:|1760847720
|switch|p1a: QUARTZ|Iron Treads|100/100
|-enditem|p1a: QUARTZ|Booster Energy
|-activate|p1a: QUARTZ|ability: Quark Drive|[fromitem]
|-start|p1a: QUARTZ|quarkdriveatk
|move|p2a: Slowking|Future Sight|p1a: QUARTZ
|-start|p2a: Slowking|move: Future Sight
|
|-heal|p2a: Slowking|61/100|[from] Grassy Terrain
|-fieldend|move: Grassy Terrain
|upkeep
|turn|6
|
|t:|1760847726
|switch|p2a: Great Tusk|Great Tusk|56/100
|move|p1a: QUARTZ|Stealth Rock|p2a: Great Tusk
|-sidestart|p2: Hummusgrubbus|move: Stealth Rock
|
|-heal|p2a: Great Tusk|62/100|[from] item: Leftovers
|upkeep
|turn|7
|
|t:|1760847731
|move|p1a: QUARTZ|Earthquake|p2a: Great Tusk
|-damage|p2a: Great Tusk|30/100
|move|p2a: Great Tusk|Knock Off|p1a: QUARTZ
|-damage|p1a: QUARTZ|82/100
|
|-end|p1a: QUARTZ|move: Future Sight
|-resisted|p1a: QUARTZ
|-damage|p1a: QUARTZ|40/100
|-heal|p2a: Great Tusk|37/100|[from] item: Leftovers
|upkeep
|turn|8
|
|t:|1760847737
|move|p1a: QUARTZ|Earthquake|p2a: Great Tusk
|-damage|p2a: Great Tusk|7/100
|move|p2a: Great Tusk|Stealth Rock|p1a: QUARTZ
|-sidestart|p1: thekingthegoat|move: Stealth Rock
|
|-heal|p2a: Great Tusk|13/100|[from] item: Leftovers
|upkeep
|turn|9
|
|t:|1760847742
|move|p1a: QUARTZ|Rapid Spin|p2a: Great Tusk
|-damage|p2a: Great Tusk|2/100
|-boost|p1a: QUARTZ|spe|1
|-sideend|p1: thekingthegoat|Stealth Rock|[from] move: Rapid Spin|[of] p1a: QUARTZ
|move|p2a: Great Tusk|Rapid Spin|p1a: QUARTZ
|-resisted|p1a: QUARTZ
|-damage|p1a: QUARTZ|34/100
|-boost|p2a: Great Tusk|spe|1
|-sideend|p2: Hummusgrubbus|Stealth Rock|[from] move: Rapid Spin|[of] p2a: Great Tusk
|
|-heal|p2a: Great Tusk|8/100|[from] item: Leftovers
|upkeep
|turn|10
|
|t:|1760847746
|move|p1a: QUARTZ|Earthquake|p2a: Great Tusk
|-damage|p2a: Great Tusk|0 fnt
|faint|p2a: Great Tusk
|-end|p2a: Great Tusk|Protosynthesis|[silent]
|
|upkeep
|
|t:|1760847748
|switch|p2a: Rillaboom|Rillaboom, F|74/100
|-fieldstart|move: Grassy Terrain|[from] ability: Grassy Surge|[of] p2a: Rillaboom
|turn|11
|
|t:|1760847756
|move|p2a: Rillaboom|Grassy Glide|p1a: QUARTZ
|-damage|p1a: QUARTZ|0 fnt
|faint|p1a: QUARTZ
|-end|p1a: QUARTZ|Quark Drive|[silent]
|
|-heal|p2a: Rillaboom|80/100|[from] Grassy Terrain
|upkeep
|
|t:|1760847760
|switch|p1a: CHERRY BOMB|Enamorus, F|100/100
|turn|12
|
|t:|1760847780
|move|p1a: CHERRY BOMB|Moonblast|p2a: Rillaboom
|-damage|p2a: Rillaboom|0 fnt
|faint|p2a: Rillaboom
|
|upkeep
|
|t:|1760847786
|switch|p2a: Slowking|Slowking-Galar, F|94/100
|turn|13
|
|t:|1760847790
|switch|p1a: SMUCKERS|Gholdengo|100/100
|move|p2a: Slowking|Focus Blast|p1a: SMUCKERS
|-immune|p1a: SMUCKERS
|
|-heal|p2a: Slowking|99/100|[from] Grassy Terrain
|upkeep
|turn|14
|
|t:|1760847793
|move|p1a: SMUCKERS|Nasty Plot|p1a: SMUCKERS
|-boost|p1a: SMUCKERS|spa|2
|move|p2a: Slowking|Flamethrower|p1a: SMUCKERS
|-supereffective|p1a: SMUCKERS
|-damage|p1a: SMUCKERS|41/100
|
|-heal|p1a: SMUCKERS|47/100|[from] Grassy Terrain
|-heal|p2a: Slowking|100/100|[from] Grassy Terrain
|upkeep
|turn|15
|
|t:|1760847809
|switch|p2a: Kyurem|Kyurem|100/100
|-ability|p2a: Kyurem|Pressure
|move|p1a: SMUCKERS|Shadow Ball|p2a: Kyurem
|-damage|p2a: Kyurem|15/100
|
|-heal|p2a: Kyurem|21/100|[from] Grassy Terrain
|-heal|p1a: SMUCKERS|53/100|[from] Grassy Terrain
|-fieldend|move: Grassy Terrain
|upkeep
|turn|16
|
|t:|1760847815
|switch|p1a: CHERRY BOMB|Enamorus, F|100/100
|move|p2a: Kyurem|Earth Power|p1a: CHERRY BOMB
|-immune|p1a: CHERRY BOMB
|
|upkeep
|turn|17
|
|t:|1760847819
|move|p2a: Kyurem|Earth Power|p1a: CHERRY BOMB
|-immune|p1a: CHERRY BOMB
|move|p1a: CHERRY BOMB|Earth Power|p2a: Kyurem
|-damage|p2a: Kyurem|0 fnt
|faint|p2a: Kyurem
|
|upkeep
|
|t:|1760847825
|switch|p2a: Iron Valiant|Iron Valiant|100/100
|turn|18
|
|t:|1760847830
|move|p2a: Iron Valiant|Thunderbolt|p1a: CHERRY BOMB
|-supereffective|p1a: CHERRY BOMB
|-damage|p1a: CHERRY BOMB|0 fnt
|faint|p1a: CHERRY BOMB
|-damage|p2a: Iron Valiant|91/100|[from] item: Life Orb
|
|upkeep
|
|t:|1760847832
|switch|p1a: SMUCKERS|Gholdengo|53/100
|turn|19
|
|t:|1760847839
|-terastallize|p2a: Iron Valiant|Electric
|move|p2a: Iron Valiant|Thunderbolt|p1a: SMUCKERS
|-damage|p1a: SMUCKERS|0 fnt
|faint|p1a: SMUCKERS
|-damage|p2a: Iron Valiant|81/100|[from] item: Life Orb
|
|upkeep
|
|t:|1760847841
|switch|p1a: DEATHCAMP|Kingambit, M|100/100
|-activate|p1a: DEATHCAMP|ability: Supreme Overlord
|-start|p1a: DEATHCAMP|fallen5|[silent]
|turn|20
|
|t:|1760847850
|move|p2a: Iron Valiant|Close Combat|p1a: DEATHCAMP
|-supereffective|p1a: DEATHCAMP
|-damage|p1a: DEATHCAMP|0 fnt
|-unboost|p2a: Iron Valiant|def|1
|-unboost|p2a: Iron Valiant|spd|1
|faint|p1a: DEATHCAMP
|-end|p1a: DEATHCAMP|fallen5|[silent]
|-damage|p2a: Iron Valiant|71/100|[from] item: Life Orb
|
|win|Hummusgrubbus
|raw|thekingthegoat's rating: 1445 &rarr; <strong>1429</strong><br />(-16 for losing)
|raw|Hummusgrubbus's rating: 1515 &rarr; <strong>1531</strong><br />(+16 for winning)
|l|☆thekingthegoat
|player|p1|
|l|☆Hummusgrubbus
|player|p2|
