|j|☆one thundillion
|j|☆Demonfromthemist
|t:|1760851651
|gametype|singles
|player|p1|one thundillion|beauty-gen6xy|1501
|player|p2|Demonfromthemist|2|1471
|gen|9
|tier|[Gen 9] OU
|rated|
|rule|HP Percentage Mod: HP is shown in percentages
|rule|Endless Battle Clause: Forcing endless battles is banned
|rule|Species Clause: Limit one of each Pokémon
|rule|OHKO Clause: OHKO moves are banned
|rule|Evasion Items Clause: Evasion items are banned
|rule|Evasion Moves Clause: Evasion moves are banned
|rule|Evasion Abilities Clause: Evasion abilities are banned
|rule|Sleep Moves Clause: Sleep-inducing moves are banned
|clearpoke
|poke|p1|Heatran, M|
|poke|p1|Ogerpon-Wellspring, F|
|poke|p1|Rillaboom, M|
|poke|p1|Great Tusk|
|poke|p1|Dragapult, M|
|poke|p1|Bronzong|
|poke|p2|Ogerpon, F|
|poke|p2|Rillaboom, F|
|poke|p2|Great Tusk|
|poke|p2|Gholdengo|
|poke|p2|Moltres|
|poke|p2|Muk-Alola, F|
|teampreview
|l|☆Demonfromthemist
|player|p2|
|inactive|Battle timer is ON: inactive players will automatically lose when time's up. (requested by one thundillion)
|j|☆Demonfromthemist
|inactive|Demonfromthemist reconnected and has 150 seconds left.
|player|p2|Demonfromthemist|2|
|
|t:|1760851666
|teamsize|p1|6
|teamsize|p2|6
|start
|switch|p1a: Bronzong|Bronzong, shiny|100/100
|switch|p2a: Ogerpon|Ogerpon, F|100/100
|turn|1
|
|t:|1760851672
|move|p2a: Ogerpon|U-turn|p1a: Bronzong
|-damage|p1a: Bronzong|74/100
|
|t:|1760851674
|switch|p2a: Gholdengo|Gholdengo|100/100|[from] U-turn
|move|p1a: Bronzong|Stealth Rock|p2a: Gholdengo
|-sidestart|p2: Demonfromthemist|move: Stealth Rock
|
|upkeep
|turn|2
|
|t:|1760851678
|switch|p1a: Heatran|Heatran, M|100/100
|move|p2a: Gholdengo|Shadow Ball|p1a: Heatran
|-damage|p1a: Heatran|52/100
|
|-heal|p1a: Heatran|58/100|[from] item: Leftovers
|upkeep
|turn|3
|
|t:|1760851681
|switch|p2a: Moltres|Moltres|100/100
|move|p1a: Heatran|Magma Storm|p2a: Moltres|[miss]
|-miss|p1a: Heatran|p2a: Moltres
|
|-heal|p1a: Heatran|64/100|[from] item: Leftovers
|upkeep
|turn|4
|
|t:|1760851686
|move|p2a: Moltres|U-turn|p1a: Heatran
|-resisted|p1a: Heatran
|-damage|p1a: Heatran|61/100
|
|t:|1760851690
|switch|p2a: Tyrantr|Muk-Alola, F|100/100|[from] U-turn
|-damage|p2a: Tyrantr|88/100|[from] Stealth Rock
|move|p1a: Heatran|Taunt|p2a: Tyrantr
|-start|p2a: Tyrantr|move: Taunt
|
|-heal|p1a: Heatran|67/100|[from] item: Leftovers
|upkeep
|turn|5
|
|t:|1760851697
|switch|p1a: Great Tusk|Great Tusk|100/100
|move|p2a: Tyrantr|Knock Off|p1a: Great Tusk
|-resisted|p1a: Great Tusk
|-damage|p1a: Great Tusk|87/100
|-enditem|p1a: Great Tusk|Heavy-Duty Boots|[from] move: Knock Off|[of] p2a: Tyrantr
|
|upkeep
|turn|6
|
|t:|1760851704
|-end|p1a: Great Tusk|Protosynthesis|[silent]
|switch|p1a: Ogerpon|Ogerpon-Wellspring, F|100/100
|switch|p2a: Moltres|Moltres|100/100
|
|upkeep
|turn|7
|
|t:|1760851709
|switch|p1a: Heatran|Heatran, M|67/100
|switch|p2a: Rillaboom|Rillaboom, F|100/100
|-damage|p2a: Rillaboom|88/100|[from] Stealth Rock
|-fieldstart|move: Grassy Terrain|[from] ability: Grassy Surge|[of] p2a: Rillaboom
|
|-heal|p2a: Rillaboom|94/100|[from] Grassy Terrain
|-heal|p1a: Heatran|73/100|[from] Grassy Terrain
|-heal|p1a: Heatran|80/100|[from] item: Leftovers
|upkeep
|turn|8
|
|t:|1760851713
|switch|p2a: Tyrantr|Muk-Alola, F|88/100
|-damage|p2a: Tyrantr|76/100|[from] Stealth Rock
|move|p1a: Heatran|Magma Storm|p2a: Tyrantr
|-damage|p2a: Tyrantr|55/100
|-activate|p2a: Tyrantr|move: Magma Storm|[of] p1a: Heatran
|
|-heal|p1a: Heatran|86/100|[from] Grassy Terrain
|-heal|p1a: Heatran|92/100|[from] item: Leftovers
|-heal|p2a: Tyrantr|62/100|[from] Grassy Terrain
|-damage|p2a: Tyrantr|49/100|[from] move: Magma Storm|[partiallytrapped]
|upkeep
|turn|9
|
|t:|1760851720
|move|p1a: Heatran|Earth Power|p2a: Tyrantr
|-supereffective|p2a: Tyrantr
|-damage|p2a: Tyrantr|25/100
|move|p2a: Tyrantr|Knock Off|p1a: Heatran
|-damage|p1a: Heatran|60/100
|-enditem|p1a: Heatran|Leftovers|[from] move: Knock Off|[of] p2a: Tyrantr
|
|-heal|p1a: Heatran|66/100|[from] Grassy Terrain
|-heal|p2a: Tyrantr|31/100|[from] Grassy Terrain
|-damage|p2a: Tyrantr|19/100|[from] move: Magma Storm|[partiallytrapped]
|upkeep
|turn|10
|
|t:|1760851724
|move|p1a: Heatran|Earth Power|p2a: Tyrantr
|-supereffective|p2a: Tyrantr
|-damage|p2a: Tyrantr|0 fnt
|faint|p2a: Tyrantr
|
|-heal|p1a: Heatran|72/100|[from] Grassy Terrain
|upkeep
|
|t:|1760851726
|switch|p2a: Gholdengo|Gholdengo|100/100
|-damage|p2a: Gholdengo|94/100|[from] Stealth Rock
|turn|11
|
|t:|1760851735
|switch|p1a: Bronzong|Bronzong, shiny|74/100
|move|p2a: Gholdengo|Focus Blast|p1a: Bronzong
|-damage|p1a: Bronzong|14/100
|
|-heal|p2a: Gholdengo|100/100|[from] Grassy Terrain
|upkeep
|turn|12
|
|t:|1760851741
|switch|p2a: Great Tusk|Great Tusk|100/100
|switch|p1a: Dragapult|Dragapult, M|100/100
|
|upkeep
|turn|13
|
|t:|1760851744
|-end|p2a: Great Tusk|Protosynthesis|[silent]
|switch|p2a: Moltres|Moltres|100/100
|move|p1a: Dragapult|Draco Meteor|p2a: Moltres
|-damage|p2a: Moltres|24/100
|-unboost|p1a: Dragapult|spa|2
|
|upkeep
|turn|14
|
|t:|1760851749
|move|p1a: Dragapult|Draco Meteor|p2a: Moltres
|-damage|p2a: Moltres|0 fnt
|-unboost|p1a: Dragapult|spa|2
|faint|p2a: Moltres
|
|-fieldend|move: Grassy Terrain
|upkeep
|
|t:|1760851751
|switch|p2a: Gholdengo|Gholdengo|100/100
|-damage|p2a: Gholdengo|94/100|[from] Stealth Rock
|turn|15
|
|t:|1760851754
|switch|p1a: Bronzong|Bronzong, shiny|14/100
|move|p2a: Gholdengo|Shadow Ball|p1a: Bronzong
|-supereffective|p1a: Bronzong
|-damage|p1a: Bronzong|0 fnt
|faint|p1a: Bronzong
|
|upkeep
|
|t:|1760851758
|switch|p1a: Heatran|Heatran, M|72/100
|turn|16
|
|t:|1760851761
|move|p2a: Gholdengo|Shadow Ball|p1a: Heatran
|-damage|p1a: Heatran|25/100
|-unboost|p1a: Heatran|spd|1
|move|p1a: Heatran|Magma Storm|p2a: Gholdengo
|-supereffective|p2a: Gholdengo
|-damage|p2a: Gholdengo|0 fnt
|faint|p2a: Gholdengo
|
|upkeep
|
|t:|1760851764
|switch|p2a: Rillaboom|Rillaboom, F|94/100
|-damage|p2a: Rillaboom|82/100|[from] Stealth Rock
|-fieldstart|move: Grassy Terrain|[from] ability: Grassy Surge|[of] p2a: Rillaboom
|turn|17
|
|t:|1760851773
|move|p2a: Rillaboom|Knock Off|p1a: Heatran
|-damage|p1a: Heatran|5/100
|move|p1a: Heatran|Magma Storm|p2a: Rillaboom
|-supereffective|p2a: Rillaboom
|-damage|p2a: Rillaboom|0 fnt
|faint|p2a: Rillaboom
|
|-heal|p1a: Heatran|11/100|[from] Grassy Terrain
|upkeep
|
|t:|1760851775
|switch|p2a: Ogerpon|Ogerpon, F|100/100
|-damage|p2a: Ogerpon|88/100|[from] Stealth Rock
|turn|18
|
|t:|1760851777
|-terastallize|p2a: Ogerpon|Grass
|detailschange|p2a: Ogerpon|Ogerpon-Teal-Tera, F, tera:Grass
|-ability|p2a: Ogerpon|Embody Aspect (Teal)|boost
|-boost|p2a: Ogerpon|spe|1
|move|p2a: Ogerpon|Power Whip|p1a: Heatran
|-resisted|p1a: Heatran
|-damage|p1a: Heatran|0 fnt
|faint|p1a: Heatran
|
|-heal|p2a: Ogerpon|94/100|[from] Grassy Terrain
|upkeep
|
|t:|1760851798
|switch|p1a: Dragapult|Dragapult, M|100/100
|turn|19
|
|t:|1760851801
|move|p2a: Ogerpon|Power Whip|p1a: Dragapult
|-resisted|p1a: Dragapult
|-damage|p1a: Dragapult|0 fnt
|faint|p1a: Dragapult
|
|-heal|p2a: Ogerpon|99/100|[from] Grassy Terrain
|upkeep
|
|t:|1760851806
|switch|p1a: Great Tusk|Great Tusk|87/100
|turn|20
|
|t:|1760851810
|-terastallize|p1a: Great Tusk|Steel
|move|p2a: Ogerpon|Power Whip|p1a: Great Tusk
|-resisted|p1a: Great Tusk
|-damage|p1a: Great Tusk|23/100
|move|p1a: Great Tusk|Ice Spinner|p2a: Ogerpon
|-supereffective|p2a: Ogerpon
|-crit|p2a: Ogerpon
|-damage|p2a: Ogerpon|0 fnt
|-fieldend|move: Grassy Terrain
|faint|p2a: Ogerpon
|detailschange|p2: Ogerpon|Ogerpon, F|[silent]
|
|upkeep
|
|t:|1760851814
|switch|p2a: Great Tusk|Great Tusk|100/100
|turn|21
|
|t:|1760851819
|move|p2a: Great Tusk|Headlong Rush|p1a: Great Tusk
|-supereffective|p1a: Great Tusk
|-damage|p1a: Great Tusk|0 fnt
|-unboost|p2a: Great Tusk|def|1
|-unboost|p2a: Great Tusk|spd|1
|faint|p1a: Great Tusk
|-end|p1a: Great Tusk|Protosynthesis|[silent]
|
|upkeep
|-message|Demonfromthemist forfeited.
|
|win|one thundillion
|raw|one thundillion's rating: 1501 &rarr; <strong>1519</strong><br />(+18 for winning)
|raw|Demonfromthemist's rating: 1471 &rarr; <strong>1453</strong><br />(-18 for losing)
|l|☆Demonfromthemist
|player|p2|
|l|☆one thundillion
|player|p1|
