|j|☆MyGoodBuddyMason
|j|☆Shea6045
|t:|1760877615
|gametype|singles
|player|p1|MyGoodBuddyMason|ghetsis|1340
|player|p2|Shea6045|cynthia-gen4|1378
|gen|9
|tier|[Gen 9] OU
|rated|
|rule|HP Percentage Mod: HP is shown in percentages
|rule|Endless Battle Clause: Forcing endless battles is banned
|rule|Species Clause: Limit one of each Pokémon
|rule|OHKO Clause: OHKO moves are banned
|rule|Evasion Items Clause: Evasion items are banned
|rule|Evasion Moves Clause: Evasion moves are banned
|rule|Evasion Abilities Clause: Evasion abilities are banned
|rule|Sleep Moves Clause: Sleep-inducing moves are banned
|clearpoke
|poke|p1|Zapdos|
|poke|p1|Eiscue, M|
|poke|p1|Empoleon, F|
|poke|p1|Garchomp, F|
|poke|p1|Donphan, F|
|poke|p1|Lokix, M|
|poke|p2|Hoopa-Unbound|
|poke|p2|Hydrapple, F|
|poke|p2|Gliscor, M|
|poke|p2|Cinderace, F|
|poke|p2|Alomomola, M|
|poke|p2|Gholdengo|
|teampreview
|inactive|Battle timer is ON: inactive players will automatically lose when time's up. (requested by Shea6045)
|
|t:|1760877636
|teamsize|p1|6
|teamsize|p2|6
|start
|switch|p1a: Sharkry|Garchomp, F|100/100
|switch|p2a: Gliscor|Gliscor, M|100/100
|turn|1
|
|t:|1760877641
|move|p2a: Gliscor|Toxic|p1a: Sharkry
|-status|p1a: Sharkry|tox
|move|p1a: Sharkry|Stealth Rock|p2a: Gliscor
|-sidestart|p2: Shea6045|move: Stealth Rock
|
|-damage|p1a: Sharkry|94/100 tox|[from] psn
|-status|p2a: Gliscor|tox|[from] item: Toxic Orb
|upkeep
|turn|2
|
|t:|1760877645
|move|p2a: Gliscor|Spikes|p1a: Sharkry
|-sidestart|p1: MyGoodBuddyMason|Spikes
|move|p1a: Sharkry|Spikes|p2a: Gliscor
|-sidestart|p2: Shea6045|Spikes
|
|-damage|p1a: Sharkry|82/100 tox|[from] psn
|upkeep
|turn|3
|
|t:|1760877655
|switch|p1a: Shock Tuah|Zapdos|100/100
|move|p2a: Gliscor|Earthquake|p1a: Shock Tuah
|-immune|p1a: Shock Tuah
|
|upkeep
|turn|4
|
|t:|1760877661
|switch|p1a: Steel Beam Enjoyer|Empoleon, F|100/100
|-damage|p1a: Steel Beam Enjoyer|88/100|[from] Spikes
|move|p2a: Gliscor|Toxic|p1a: Steel Beam Enjoyer
|-immune|p1a: Steel Beam Enjoyer
|
|-heal|p1a: Steel Beam Enjoyer|94/100|[from] item: Leftovers
|upkeep
|turn|5
|
|t:|1760877665
|switch|p2a: Alomomola|Alomomola, M|100/100
|-damage|p2a: Alomomola|88/100|[from] Stealth Rock
|-damage|p2a: Alomomola|76/100|[from] Spikes
|move|p1a: Steel Beam Enjoyer|Flip Turn|p2a: Alomomola
|-resisted|p2a: Alomomola
|-damage|p2a: Alomomola|69/100
|
|t:|1760877668
|switch|p1a: Shock Tuah|Zapdos|100/100|[from] Flip Turn
|
|upkeep
|turn|6
|
|t:|1760877672
|move|p1a: Shock Tuah|Hurricane|p2a: Alomomola|[miss]
|-miss|p1a: Shock Tuah|p2a: Alomomola
|move|p2a: Alomomola|Mirror Coat||[still]
|-fail|p2a: Alomomola
|
|upkeep
|turn|7
|
|t:|1760877676
|move|p1a: Shock Tuah|Discharge|p2a: Alomomola
|-supereffective|p2a: Alomomola
|-damage|p2a: Alomomola|40/100
|move|p2a: Alomomola|Flip Turn|p1a: Shock Tuah
|-damage|p1a: Shock Tuah|88/100
|-status|p2a: Alomomola|par|[from] ability: Static|[of] p1a: Shock Tuah
|
|t:|1760877681
|switch|p2a: Gliscor|Gliscor, M|100/100 tox|[from] Flip Turn
|-damage|p2a: Gliscor|88/100 tox|[from] Stealth Rock
|
|-heal|p2a: Gliscor|100/100 tox|[from] ability: Poison Heal
|upkeep
|turn|8
|
|t:|1760877686
|switch|p1a: Steel Beam Enjoyer|Empoleon, F|94/100
|-damage|p1a: Steel Beam Enjoyer|82/100|[from] Spikes
|move|p2a: Gliscor|Earthquake|p1a: Steel Beam Enjoyer
|-supereffective|p1a: Steel Beam Enjoyer
|-crit|p1a: Steel Beam Enjoyer
|-damage|p1a: Steel Beam Enjoyer|0 fnt
|faint|p1a: Steel Beam Enjoyer
|
|upkeep
|
|t:|1760877692
|switch|p1a: Mr. Freeze|Eiscue, M|100/100
|-damage|p1a: Mr. Freeze|88/100|[from] Spikes
|turn|9
|
|t:|1760877696
|switch|p2a: Alomomola|Alomomola, M|73/100 par
|-damage|p2a: Alomomola|61/100 par|[from] Stealth Rock
|-damage|p2a: Alomomola|48/100 par|[from] Spikes
|move|p1a: Mr. Freeze|Freeze-Dry|p2a: Alomomola
|-supereffective|p2a: Alomomola
|-damage|p2a: Alomomola|26/100 par
|
|upkeep
|turn|10
|
|t:|1760877701
|move|p1a: Mr. Freeze|Freeze-Dry|p2a: Alomomola
|-supereffective|p2a: Alomomola
|-damage|p2a: Alomomola|1/100 par
|move|p2a: Alomomola|Scald|p1a: Mr. Freeze
|-damage|p1a: Mr. Freeze|70/100
|-status|p1a: Mr. Freeze|brn
|
|-damage|p1a: Mr. Freeze|64/100 brn|[from] brn
|upkeep
|turn|11
|
|t:|1760877712
|switch|p2a: Hoopa|Hoopa-Unbound|100/100
|-damage|p2a: Hoopa|88/100|[from] Stealth Rock
|-damage|p2a: Hoopa|76/100|[from] Spikes
|move|p1a: Mr. Freeze|Freeze-Dry|p2a: Hoopa
|-damage|p2a: Hoopa|53/100
|
|-damage|p1a: Mr. Freeze|58/100 brn|[from] brn
|upkeep
|turn|12
|
|t:|1760877716
|switch|p1a: Shock Tuah|Zapdos|88/100
|move|p2a: Hoopa|Psychic Noise|p1a: Shock Tuah
|-damage|p1a: Shock Tuah|51/100
|-start|p1a: Shock Tuah|move: Heal Block
|
|upkeep
|turn|13
|
|t:|1760877724
|switch|p2a: Gliscor|Gliscor, M|100/100 tox
|-damage|p2a: Gliscor|88/100 tox|[from] Stealth Rock
|move|p1a: Shock Tuah|U-turn|p2a: Gliscor
|-resisted|p2a: Gliscor
|-damage|p2a: Gliscor|83/100 tox
|
|t:|1760877727
|switch|p1a: Mr. Freeze|Eiscue, M|58/100 brn|[from] U-turn
|-damage|p1a: Mr. Freeze|46/100 brn|[from] Spikes
|
|-heal|p2a: Gliscor|95/100 tox|[from] ability: Poison Heal
|-damage|p1a: Mr. Freeze|40/100 brn|[from] brn
|upkeep
|turn|14
|
|t:|1760877730
|move|p2a: Gliscor|Protect|p2a: Gliscor
|-singleturn|p2a: Gliscor|Protect
|move|p1a: Mr. Freeze|Freeze-Dry|p2a: Gliscor
|-activate|p2a: Gliscor|move: Protect
|
|-heal|p2a: Gliscor|100/100 tox|[from] ability: Poison Heal
|-damage|p1a: Mr. Freeze|34/100 brn|[from] brn
|upkeep
|turn|15
|
|t:|1760877733
|switch|p2a: Cinderace|Cinderace, F|100/100
|move|p1a: Mr. Freeze|Freeze-Dry|p2a: Cinderace
|-resisted|p2a: Cinderace
|-damage|p2a: Cinderace|85/100
|
|-damage|p1a: Mr. Freeze|28/100 brn|[from] brn
|upkeep
|turn|16
|
|t:|1760877735
|move|p2a: Cinderace|Court Change|p2a: Cinderace
|-swapsideconditions
|-activate|p2a: Cinderace|move: Court Change
|move|p1a: Mr. Freeze|Flip Turn|p2a: Cinderace
|-supereffective|p2a: Cinderace
|-damage|p2a: Cinderace|72/100
|
|t:|1760877740
|switch|p1a: Long Snout|Donphan, F, shiny|100/100|[from] Flip Turn
|
|upkeep
|turn|17
|
|t:|1760877745
|move|p2a: Cinderace|U-turn|p1a: Long Snout
|-crit|p1a: Long Snout
|-damage|p1a: Long Snout|82/100
|
|t:|1760877749
|switch|p2a: Gholdengo|Gholdengo|100/100|[from] U-turn
|-item|p2a: Gholdengo|Air Balloon
|move|p1a: Long Snout|Rapid Spin|p2a: Gholdengo
|-immune|p2a: Gholdengo
|
|upkeep
|turn|18
|
|t:|1760877754
|move|p2a: Gholdengo|Hex|p1a: Long Snout
|-damage|p1a: Long Snout|45/100
|move|p1a: Long Snout|Knock Off|p2a: Gholdengo
|-supereffective|p2a: Gholdengo
|-damage|p2a: Gholdengo|56/100
|-enditem|p2a: Gholdengo|Air Balloon
|
|upkeep
|turn|19
|
|t:|1760877760
|switch|p1a: Zero-One|Lokix, M, shiny|100/100
|-damage|p1a: Zero-One|76/100|[from] Stealth Rock
|-damage|p1a: Zero-One|63/100|[from] Spikes
|move|p2a: Gholdengo|Make It Rain|p1a: Zero-One
|-damage|p1a: Zero-One|0 fnt
|-unboost|p2a: Gholdengo|spa|1
|faint|p1a: Zero-One
|
|upkeep
|-message|MyGoodBuddyMason forfeited.
|
|win|Shea6045
|raw|MyGoodBuddyMason's rating: 1340 &rarr; <strong>1322</strong><br />(-18 for losing)
|raw|Shea6045's rating: 1378 &rarr; <strong>1396</strong><br />(+18 for winning)
|l|☆MyGoodBuddyMason
|player|p1|
|l|☆Shea6045
|player|p2|
