|j|☆Dansiger
|j|☆HZBKAI3
|t:|1760766307
|gametype|singles
|player|p1|Dansiger|palmer|1113
|player|p2|HZBKAI3|266|1154
|gen|9
|tier|[Gen 9] OU
|rated|
|rule|HP Percentage Mod: HP is shown in percentages
|rule|Endless Battle Clause: Forcing endless battles is banned
|rule|Species Clause: Limit one of each Pokémon
|rule|OHKO Clause: OHKO moves are banned
|rule|Evasion Items Clause: Evasion items are banned
|rule|Evasion Moves Clause: Evasion moves are banned
|rule|Evasion Abilities Clause: Evasion abilities are banned
|rule|Sleep Moves Clause: Sleep-inducing moves are banned
|clearpoke
|poke|p1|Arcanine, M|
|poke|p1|Blastoise, M|
|poke|p1|Raichu, F|
|poke|p1|Vileplume, M|
|poke|p1|Heracross, F|
|poke|p1|Umbreon, M|
|poke|p2|Jirachi|
|poke|p2|Gholdengo|
|poke|p2|Gliscor, F|
|poke|p2|Iron Moth|
|poke|p2|Quaquaval, F|
|poke|p2|Iron Boulder|
|teampreview
|
|t:|1760766317
|teamsize|p1|6
|teamsize|p2|6
|start
|switch|p1a: Blastoise|Blastoise, M|100/100
|switch|p2a: Gholdengo|Gholdengo|100/100
|-item|p2a: Gholdengo|Air Balloon
|turn|1
|
|t:|1760766326
|move|p2a: Gholdengo|Shadow Ball|p1a: Blastoise
|-damage|p1a: Blastoise|53/100
|move|p1a: Blastoise|Shell Smash|p1a: Blastoise
|-unboost|p1a: Blastoise|def|1
|-unboost|p1a: Blastoise|spd|1
|-boost|p1a: Blastoise|atk|2
|-boost|p1a: Blastoise|spa|2
|-boost|p1a: Blastoise|spe|2
|-enditem|p1a: Blastoise|White Herb
|-clearnegativeboost|p1a: Blastoise|[silent]
|
|upkeep
|turn|2
|
|t:|1760766338
|move|p1a: Blastoise|Surf|p2a: Gholdengo
|-damage|p2a: Gholdengo|10/100
|-enditem|p2a: Gholdengo|Air Balloon
|move|p2a: Gholdengo|Shadow Ball|p1a: Blastoise
|-damage|p1a: Blastoise|9/100
|
|upkeep
|turn|3
|
|t:|1760766349
|-terastallize|p2a: Gholdengo|Fairy
|move|p1a: Blastoise|Ice Beam|p2a: Gholdengo
|-damage|p2a: Gholdengo|0 fnt
|faint|p2a: Gholdengo
|
|upkeep
|
|t:|1760766349
|switch|p2a: Jirachi|Jirachi|100/100
|turn|4
|
|t:|1760766362
|move|p1a: Blastoise|Surf|p2a: Jirachi
|-damage|p2a: Jirachi|0 fnt
|faint|p2a: Jirachi
|
|upkeep
|
|t:|1760766363
|switch|p2a: Iron Moth|Iron Moth|100/100
|-enditem|p2a: Iron Moth|Booster Energy
|-activate|p2a: Iron Moth|ability: Quark Drive|[fromitem]
|-start|p2a: Iron Moth|quarkdrivespe
|turn|5
|
|t:|1760766374
|move|p2a: Iron Moth|Sludge Wave|p1a: Blastoise
|-damage|p1a: Blastoise|0 fnt
|faint|p1a: Blastoise
|
|upkeep
|
|t:|1760766387
|switch|p1a: Arcanine|Arcanine, M|100/100
|-ability|p1a: Arcanine|Intimidate|boost
|-unboost|p2a: Iron Moth|atk|1
|turn|6
|
|t:|1760766397
|move|p2a: Iron Moth|Sludge Wave|p1a: Arcanine
|-damage|p1a: Arcanine|40/100
|move|p1a: Arcanine|Scorching Sands|p2a: Iron Moth
|-supereffective|p2a: Iron Moth
|-damage|p2a: Iron Moth|31/100
|
|upkeep
|turn|7
|
|t:|1760766404
|move|p1a: Arcanine|Extreme Speed|p2a: Iron Moth
|-damage|p2a: Iron Moth|0 fnt
|faint|p2a: Iron Moth
|-end|p2a: Iron Moth|Quark Drive|[silent]
|
|upkeep
|
|t:|1760766404
|switch|p2a: Iron Boulder|Iron Boulder|100/100
|-enditem|p2a: Iron Boulder|Booster Energy
|-activate|p2a: Iron Boulder|ability: Quark Drive|[fromitem]
|-start|p2a: Iron Boulder|quarkdrivespe
|turn|8
|
|t:|1760766416
|-terastallize|p1a: Arcanine|Flying
|move|p2a: Iron Boulder|Mighty Cleave|p1a: Arcanine
|-supereffective|p1a: Arcanine
|-damage|p1a: Arcanine|0 fnt
|faint|p1a: Arcanine
|
|upkeep
|
|t:|1760766425
|switch|p1a: Heracross|Heracross, F|100/100
|turn|9
|
|t:|1760766435
|move|p2a: Iron Boulder|Mighty Cleave|p1a: Heracross
|-damage|p1a: Heracross|27/100
|move|p1a: Heracross|Swords Dance|p1a: Heracross
|-boost|p1a: Heracross|atk|2
|
|upkeep
|turn|10
|
|t:|1760766443
|move|p1a: Heracross|Vacuum Wave|p2a: Iron Boulder
|-damage|p2a: Iron Boulder|93/100
|move|p2a: Iron Boulder|Mighty Cleave|p1a: Heracross
|-damage|p1a: Heracross|0 fnt
|faint|p1a: Heracross
|
|upkeep
|
|t:|1760766452
|switch|p1a: Raichu|Raichu, F|100/100
|turn|11
|
|t:|1760766456
|move|p2a: Iron Boulder|Earthquake|p1a: Raichu
|-supereffective|p1a: Raichu
|-damage|p1a: Raichu|0 fnt
|faint|p1a: Raichu
|
|upkeep
|
|t:|1760766461
|switch|p1a: Vileplume|Vileplume, M|100/100
|turn|12
|
|t:|1760766465
|move|p2a: Iron Boulder|Mighty Cleave|p1a: Vileplume
|-damage|p1a: Vileplume|45/100
|-status|p2a: Iron Boulder|slp|[from] ability: Effect Spore|[of] p1a: Vileplume
|move|p1a: Vileplume|Giga Drain|p2a: Iron Boulder
|-supereffective|p2a: Iron Boulder
|-damage|p2a: Iron Boulder|23/100 slp
|-heal|p1a: Vileplume|77/100|[from] drain|[of] p2a: Iron Boulder
|
|-heal|p1a: Vileplume|83/100|[from] item: Leftovers
|upkeep
|turn|13
|
|t:|1760766478
|cant|p2a: Iron Boulder|slp
|move|p1a: Vileplume|Giga Drain|p2a: Iron Boulder
|-supereffective|p2a: Iron Boulder
|-damage|p2a: Iron Boulder|0 fnt
|-heal|p1a: Vileplume|93/100|[from] drain|[of] p2a: Iron Boulder
|faint|p2a: Iron Boulder
|-end|p2a: Iron Boulder|Quark Drive|[silent]
|
|-heal|p1a: Vileplume|99/100|[from] item: Leftovers
|upkeep
|
|t:|1760766478
|switch|p2a: Gliscor|Gliscor, F|100/100
|turn|14
|
|t:|1760766495
|move|p2a: Gliscor|Facade|p1a: Vileplume
|-damage|p1a: Vileplume|83/100
|move|p1a: Vileplume|Giga Drain|p2a: Gliscor
|-damage|p2a: Gliscor|66/100
|-heal|p1a: Vileplume|99/100|[from] drain|[of] p2a: Gliscor
|
|-heal|p1a: Vileplume|100/100|[from] item: Leftovers
|-status|p2a: Gliscor|tox|[from] item: Toxic Orb
|upkeep
|turn|15
|
|t:|1760766519
|move|p2a: Gliscor|Facade|p1a: Vileplume
|-damage|p1a: Vileplume|69/100
|move|p1a: Vileplume|Giga Drain|p2a: Gliscor
|-crit|p2a: Gliscor
|-damage|p2a: Gliscor|15/100 tox
|-heal|p1a: Vileplume|94/100|[from] drain|[of] p2a: Gliscor
|
|-heal|p1a: Vileplume|99/100|[from] item: Leftovers
|-heal|p2a: Gliscor|27/100 tox|[from] ability: Poison Heal
|upkeep
|turn|16
|
|t:|1760766530
|move|p2a: Gliscor|Facade|p1a: Vileplume
|-damage|p1a: Vileplume|65/100
|move|p1a: Vileplume|Giga Drain|p2a: Gliscor
|-damage|p2a: Gliscor|0 fnt
|-heal|p1a: Vileplume|79/100|[from] drain|[of] p2a: Gliscor
|faint|p2a: Gliscor
|
|-heal|p1a: Vileplume|85/100|[from] item: Leftovers
|upkeep
|
|t:|1760766530
|switch|p2a: Quaquaval|Quaquaval, F|100/100
|turn|17
|
|t:|1760766543
|move|p2a: Quaquaval|Close Combat|p1a: Vileplume
|-resisted|p1a: Vileplume
|-damage|p1a: Vileplume|51/100
|-unboost|p2a: Quaquaval|def|1
|-unboost|p2a: Quaquaval|spd|1
|move|p1a: Vileplume|Giga Drain|p2a: Quaquaval
|-supereffective|p2a: Quaquaval
|-damage|p2a: Quaquaval|0 fnt
|-heal|p1a: Vileplume|95/100|[from] drain|[of] p2a: Quaquaval
|faint|p2a: Quaquaval
|
|win|Dansiger
|raw|Dansiger's rating: 1113 &rarr; <strong>1141</strong><br />(+28 for winning)
|raw|HZBKAI3's rating: 1154 &rarr; <strong>1126</strong><br />(-28 for losing)
|l|☆HZBKAI3
|player|p2|
|l|☆Dansiger
|player|p1|
