|j|☆Scoobenvonduben
|j|☆snoppp
|t:|1760762835
|gametype|singles
|player|p1|Scoobenvonduben|brawly|1319
|player|p2|snoppp|bruno|1380
|gen|9
|tier|[Gen 9] OU
|rated|
|rule|HP Percentage Mod: HP is shown in percentages
|rule|Endless Battle Clause: Forcing endless battles is banned
|rule|Species Clause: Limit one of each Pokémon
|rule|OHKO Clause: OHKO moves are banned
|rule|Evasion Items Clause: Evasion items are banned
|rule|Evasion Moves Clause: Evasion moves are banned
|rule|Evasion Abilities Clause: Evasion abilities are banned
|rule|Sleep Moves Clause: Sleep-inducing moves are banned
|clearpoke
|poke|p1|Blissey, F|
|poke|p1|Skeledirge, M|
|poke|p1|Gliscor, M|
|poke|p1|Gyarados, F|
|poke|p1|Corviknight, M|
|poke|p1|Grafaiai, M|
|poke|p2|Tyranitar, M|
|poke|p2|Excadrill, M|
|poke|p2|Pecharunt|
|poke|p2|Hatterene, F|
|poke|p2|Ogerpon-Wellspring, F|
|poke|p2|Dragapult, F|
|teampreview
|inactive|Battle timer is ON: inactive players will automatically lose when time's up. (requested by snoppp)
|
|t:|1760762844
|teamsize|p1|6
|teamsize|p2|6
|start
|switch|p1a: Gliscor|Gliscor, M, shiny|100/100
|switch|p2a: Tyranitar|Tyranitar, M|100/100
|-weather|Sandstorm|[from] ability: Sand Stream|[of] p2a: Tyranitar
|turn|1
|
|t:|1760762846
|move|p1a: Gliscor|Protect|p1a: Gliscor
|-singleturn|p1a: Gliscor|Protect
|move|p2a: Tyranitar|Ice Beam|p1a: Gliscor
|-activate|p1a: Gliscor|move: Protect
|
|-weather|Sandstorm|[upkeep]
|-status|p1a: Gliscor|tox|[from] item: Toxic Orb
|upkeep
|turn|2
|
|t:|1760762851
|move|p1a: Gliscor|Toxic|p2a: Tyranitar
|-status|p2a: Tyranitar|tox
|move|p2a: Tyranitar|Stealth Rock|p1a: Gliscor
|-sidestart|p1: Scoobenvonduben|move: Stealth Rock
|
|-weather|Sandstorm|[upkeep]
|-damage|p2a: Tyranitar|94/100 tox|[from] psn
|upkeep
|turn|3
|
|t:|1760762856
|move|p1a: Gliscor|Protect|p1a: Gliscor
|-singleturn|p1a: Gliscor|Protect
|move|p2a: Tyranitar|Knock Off|p1a: Gliscor
|-activate|p1a: Gliscor|move: Protect
|
|-weather|Sandstorm|[upkeep]
|-heal|p2a: Tyranitar|100/100 tox|[from] item: Leftovers
|-damage|p2a: Tyranitar|88/100 tox|[from] psn
|upkeep
|turn|4
|
|t:|1760762860
|move|p1a: Gliscor|Spikes|p2a: Tyranitar
|-sidestart|p2: snoppp|Spikes
|move|p2a: Tyranitar|Knock Off|p1a: Gliscor
|-damage|p1a: Gliscor|64/100 tox
|-enditem|p1a: Gliscor|Toxic Orb|[from] move: Knock Off|[of] p2a: Tyranitar
|
|-weather|Sandstorm|[upkeep]
|-heal|p2a: Tyranitar|94/100 tox|[from] item: Leftovers
|-heal|p1a: Gliscor|76/100 tox|[from] ability: Poison Heal
|-damage|p2a: Tyranitar|76/100 tox|[from] psn
|upkeep
|turn|5
|
|t:|1760762870
|move|p1a: Gliscor|Protect|p1a: Gliscor
|-singleturn|p1a: Gliscor|Protect
|move|p2a: Tyranitar|Ice Beam|p1a: Gliscor
|-activate|p1a: Gliscor|move: Protect
|
|-weather|none
|-heal|p2a: Tyranitar|82/100 tox|[from] item: Leftovers
|-heal|p1a: Gliscor|89/100 tox|[from] ability: Poison Heal
|-damage|p2a: Tyranitar|57/100 tox|[from] psn
|upkeep
|turn|6
|
|t:|1760762875
|switch|p2a: Hatterene|Hatterene, F|100/100
|-damage|p2a: Hatterene|88/100|[from] Spikes
|move|p1a: Gliscor|Earthquake|p2a: Hatterene
|-damage|p2a: Hatterene|58/100
|
|-heal|p1a: Gliscor|100/100 tox|[from] ability: Poison Heal
|upkeep
|turn|7
|
|t:|1760762885
|move|p1a: Gliscor|Earthquake|p2a: Hatterene
|-damage|p2a: Hatterene|25/100
|move|p2a: Hatterene|Psyshock|p1a: Gliscor
|-damage|p1a: Gliscor|67/100 tox
|
|-heal|p1a: Gliscor|80/100 tox|[from] ability: Poison Heal
|upkeep
|turn|8
|
|t:|1760762889
|switch|p2a: Ogerpon|Ogerpon-Wellspring, F|100/100
|-damage|p2a: Ogerpon|88/100|[from] Spikes
|move|p1a: Gliscor|Earthquake|p2a: Ogerpon
|-resisted|p2a: Ogerpon
|-damage|p2a: Ogerpon|70/100
|
|-heal|p1a: Gliscor|92/100 tox|[from] ability: Poison Heal
|upkeep
|turn|9
|
|t:|1760762895
|move|p2a: Ogerpon|Ivy Cudgel|p1a: Gliscor|[anim] Ivy Cudgel Water
|-supereffective|p1a: Gliscor
|-damage|p1a: Gliscor|5/100 tox
|move|p1a: Gliscor|Toxic|p2a: Ogerpon
|-status|p2a: Ogerpon|tox
|
|-damage|p2a: Ogerpon|64/100 tox|[from] psn
|-heal|p1a: Gliscor|18/100 tox|[from] ability: Poison Heal
|upkeep
|turn|10
|
|t:|1760762901
|move|p1a: Gliscor|Protect|p1a: Gliscor
|-singleturn|p1a: Gliscor|Protect
|move|p2a: Ogerpon|Ivy Cudgel|p1a: Gliscor|[anim] Ivy Cudgel Water
|-activate|p1a: Gliscor|move: Protect
|
|-damage|p2a: Ogerpon|52/100 tox|[from] psn
|-heal|p1a: Gliscor|30/100 tox|[from] ability: Poison Heal
|upkeep
|turn|11
|
|t:|1760762906
|switch|p1a: Gyarados|Gyarados, F, shiny|100/100
|-ability|p1a: Gyarados|Intimidate|boost
|-unboost|p2a: Ogerpon|atk|1
|move|p2a: Ogerpon|Ivy Cudgel|p1a: Gyarados|[anim] Ivy Cudgel Water
|-resisted|p1a: Gyarados
|-damage|p1a: Gyarados|74/100
|
|-damage|p2a: Ogerpon|34/100 tox|[from] psn
|upkeep
|turn|12
|
|t:|1760762913
|move|p2a: Ogerpon|U-turn|p1a: Gyarados
|-resisted|p1a: Gyarados
|-damage|p1a: Gyarados|63/100
|
|t:|1760762916
|switch|p2a: Pecharunt|Pecharunt|100/100|[from] U-turn
|move|p1a: Gyarados|Dragon Dance|p1a: Gyarados
|-boost|p1a: Gyarados|atk|1
|-boost|p1a: Gyarados|spe|1
|
|upkeep
|turn|13
|
|t:|1760762920
|move|p1a: Gyarados|Dragon Dance|p1a: Gyarados
|-boost|p1a: Gyarados|atk|1
|-boost|p1a: Gyarados|spe|1
|move|p2a: Pecharunt|Malignant Chain|p1a: Gyarados
|-damage|p1a: Gyarados|33/100
|-status|p1a: Gyarados|tox
|-start|p1a: Gyarados|confusion|[from] ability: Poison Puppeteer|[of] p2a: Pecharunt
|
|-damage|p1a: Gyarados|27/100 tox|[from] psn
|upkeep
|turn|14
|
|t:|1760762923
|-activate|p1a: Gyarados|confusion
|move|p1a: Gyarados|Earthquake|p2a: Pecharunt
|-supereffective|p2a: Pecharunt
|-damage|p2a: Pecharunt|32/100
|move|p2a: Pecharunt|Shadow Ball|p1a: Gyarados
|-damage|p1a: Gyarados|1/100 tox
|-unboost|p1a: Gyarados|spd|1
|
|-damage|p1a: Gyarados|0 fnt|[from] psn
|faint|p1a: Gyarados
|upkeep
|
|t:|1760762927
|switch|p1a: Gliscor|Gliscor, M, shiny|30/100 tox
|-damage|p1a: Gliscor|18/100 tox|[from] Stealth Rock
|turn|15
|
|t:|1760762933
|move|p1a: Gliscor|Protect|p1a: Gliscor
|-singleturn|p1a: Gliscor|Protect
|move|p2a: Pecharunt|Recover|p2a: Pecharunt
|-heal|p2a: Pecharunt|82/100
|
|-heal|p1a: Gliscor|30/100 tox|[from] ability: Poison Heal
|upkeep
|turn|16
|
|t:|1760762935
|move|p2a: Pecharunt|Shadow Ball|p1a: Gliscor
|-damage|p1a: Gliscor|11/100 tox
|move|p1a: Gliscor|Earthquake|p2a: Pecharunt
|-supereffective|p2a: Pecharunt
|-damage|p2a: Pecharunt|56/100
|
|-heal|p1a: Gliscor|23/100 tox|[from] ability: Poison Heal
|upkeep
|turn|17
|
|t:|1760762940
|switch|p1a: Grafaiai|Grafaiai, M|100/100
|-damage|p1a: Grafaiai|88/100|[from] Stealth Rock
|move|p2a: Pecharunt|Shadow Ball|p1a: Grafaiai
|-immune|p1a: Grafaiai
|
|-heal|p1a: Grafaiai|94/100|[from] item: Leftovers
|upkeep
|turn|18
|
|t:|1760762943
|move|p1a: Grafaiai|Encore|p2a: Pecharunt
|-start|p2a: Pecharunt|Encore
|move|p2a: Pecharunt|Shadow Ball|p1a: Grafaiai
|-immune|p1a: Grafaiai
|
|-heal|p1a: Grafaiai|99/100|[from] item: Leftovers
|upkeep
|turn|19
|
|t:|1760762945
|switch|p2a: Tyranitar|Tyranitar, M|57/100 tox
|-damage|p2a: Tyranitar|45/100 tox|[from] Spikes
|-weather|Sandstorm|[from] ability: Sand Stream|[of] p2a: Tyranitar
|move|p1a: Grafaiai|Knock Off|p2a: Tyranitar
|-resisted|p2a: Tyranitar
|-damage|p2a: Tyranitar|37/100 tox
|-enditem|p2a: Tyranitar|Leftovers|[from] move: Knock Off|[of] p1a: Grafaiai
|
|-weather|Sandstorm|[upkeep]
|-damage|p1a: Grafaiai|94/100|[from] Sandstorm
|-heal|p1a: Grafaiai|99/100|[from] item: Leftovers
|-damage|p2a: Tyranitar|31/100 tox|[from] psn
|upkeep
|turn|20
|
|t:|1760762949
|move|p1a: Grafaiai|Protect|p1a: Grafaiai
|-singleturn|p1a: Grafaiai|Protect
|move|p2a: Tyranitar|Knock Off|p1a: Grafaiai
|-activate|p1a: Grafaiai|move: Protect
|
|-weather|Sandstorm|[upkeep]
|-damage|p1a: Grafaiai|94/100|[from] Sandstorm
|-heal|p1a: Grafaiai|99/100|[from] item: Leftovers
|-damage|p2a: Tyranitar|18/100 tox|[from] psn
|upkeep
|turn|21
|
|t:|1760762969
|move|p1a: Grafaiai|Knock Off|p2a: Tyranitar
|-resisted|p2a: Tyranitar
|-damage|p2a: Tyranitar|12/100 tox
|move|p2a: Tyranitar|Knock Off|p1a: Grafaiai
|-damage|p1a: Grafaiai|30/100
|-enditem|p1a: Grafaiai|Leftovers|[from] move: Knock Off|[of] p2a: Tyranitar
|
|-weather|Sandstorm|[upkeep]
|-damage|p1a: Grafaiai|24/100|[from] Sandstorm
|-damage|p2a: Tyranitar|0 fnt|[from] psn
|faint|p2a: Tyranitar
|upkeep
|
|t:|1760762974
|switch|p2a: Excadrill|Excadrill, M|100/100
|-item|p2a: Excadrill|Air Balloon
|turn|22
|
|t:|1760762981
|move|p2a: Excadrill|Rapid Spin|p1a: Grafaiai
|-damage|p1a: Grafaiai|0 fnt
|-boost|p2a: Excadrill|spe|1
|-sideend|p2: snoppp|Spikes|[from] move: Rapid Spin|[of] p2a: Excadrill
|faint|p1a: Grafaiai
|
|-weather|Sandstorm|[upkeep]
|upkeep
|
|t:|1760762988
|switch|p1a: Blissey|Blissey, F|100/100
|-damage|p1a: Blissey|88/100|[from] Stealth Rock
|turn|23
|
|t:|1760762991
|move|p2a: Excadrill|Swords Dance|p2a: Excadrill
|-boost|p2a: Excadrill|atk|2
|move|p1a: Blissey|Seismic Toss|p2a: Excadrill
|-damage|p2a: Excadrill|73/100
|-enditem|p2a: Excadrill|Air Balloon
|
|-weather|none
|-heal|p1a: Blissey|94/100|[from] item: Leftovers
|upkeep
|turn|24
|
|t:|1760762998
|move|p2a: Excadrill|Earthquake|p1a: Blissey
|-damage|p1a: Blissey|4/100
|move|p1a: Blissey|Seismic Toss|p2a: Excadrill
|-damage|p2a: Excadrill|45/100
|
|-heal|p1a: Blissey|10/100|[from] item: Leftovers
|upkeep
|turn|25
|
|t:|1760763002
|move|p2a: Excadrill|Rapid Spin|p1a: Blissey
|-crit|p1a: Blissey
|-damage|p1a: Blissey|0 fnt
|-boost|p2a: Excadrill|spe|1
|faint|p1a: Blissey
|
|upkeep
|
|t:|1760763005
|switch|p1a: Corviknight|Corviknight, M|100/100
|-damage|p1a: Corviknight|88/100|[from] Stealth Rock
|turn|26
|
|t:|1760763009
|move|p2a: Excadrill|Rock Slide|p1a: Corviknight
|-damage|p1a: Corviknight|46/100
|move|p1a: Corviknight|Iron Defense|p1a: Corviknight
|-boost|p1a: Corviknight|def|2
|
|-heal|p1a: Corviknight|52/100|[from] item: Leftovers
|upkeep
|turn|27
|
|t:|1760763015
|switch|p2a: Hatterene|Hatterene, F|25/100
|move|p1a: Corviknight|Roost|p1a: Corviknight
|-heal|p1a: Corviknight|100/100
|-singleturn|p1a: Corviknight|move: Roost
|
|upkeep
|turn|28
|
|t:|1760763017
|move|p1a: Corviknight|Brave Bird|p2a: Hatterene
|-damage|p2a: Hatterene|0 fnt
|faint|p2a: Hatterene
|-damage|p1a: Corviknight|94/100|[from] Recoil
|
|-heal|p1a: Corviknight|100/100|[from] item: Leftovers
|upkeep
|
|t:|1760763021
|switch|p2a: Dragapult|Dragapult, F|100/100
|turn|29
|
|t:|1760763025
|move|p2a: Dragapult|Will-O-Wisp|p1a: Corviknight
|-status|p1a: Corviknight|brn
|move|p1a: Corviknight|Brave Bird|p2a: Dragapult
|-damage|p2a: Dragapult|80/100
|-damage|p1a: Corviknight|94/100 brn|[from] Recoil
|
|-heal|p1a: Corviknight|99/100 brn|[from] item: Leftovers
|-damage|p1a: Corviknight|94/100 brn|[from] brn
|upkeep
|turn|30
|
|t:|1760763029
|move|p2a: Dragapult|Hex|p1a: Corviknight
|-damage|p1a: Corviknight|61/100 brn
|move|p1a: Corviknight|Iron Defense|p1a: Corviknight
|-boost|p1a: Corviknight|def|2
|
|-heal|p1a: Corviknight|67/100 brn|[from] item: Leftovers
|-damage|p1a: Corviknight|61/100 brn|[from] brn
|upkeep
|turn|31
|
|t:|1760763033
|move|p2a: Dragapult|Hex|p1a: Corviknight
|-damage|p1a: Corviknight|29/100 brn
|move|p1a: Corviknight|Roost|p1a: Corviknight
|-heal|p1a: Corviknight|79/100 brn
|-singleturn|p1a: Corviknight|move: Roost
|
|-heal|p1a: Corviknight|85/100 brn|[from] item: Leftovers
|-damage|p1a: Corviknight|79/100 brn|[from] brn
|upkeep
|turn|32
|
|t:|1760763037
|move|p2a: Dragapult|Hex|p1a: Corviknight
|-damage|p1a: Corviknight|49/100 brn
|move|p1a: Corviknight|Roost|p1a: Corviknight
|-heal|p1a: Corviknight|99/100 brn
|-singleturn|p1a: Corviknight|move: Roost
|
|-heal|p1a: Corviknight|100/100 brn|[from] item: Leftovers
|-damage|p1a: Corviknight|94/100 brn|[from] brn
|upkeep
|turn|33
|
|t:|1760763042
|move|p2a: Dragapult|Hex|p1a: Corviknight
|-damage|p1a: Corviknight|62/100 brn
|move|p1a: Corviknight|Brave Bird|p2a: Dragapult
|-damage|p2a: Dragapult|58/100
|-damage|p1a: Corviknight|55/100 brn|[from] Recoil
|
|-heal|p1a: Corviknight|61/100 brn|[from] item: Leftovers
|-damage|p1a: Corviknight|55/100 brn|[from] brn
|upkeep
|turn|34
|
|t:|1760763045
|move|p2a: Dragapult|Hex|p1a: Corviknight
|-damage|p1a: Corviknight|25/100 brn
|move|p1a: Corviknight|Brave Bird|p2a: Dragapult
|-damage|p2a: Dragapult|38/100
|-damage|p1a: Corviknight|18/100 brn|[from] Recoil
|
|-heal|p1a: Corviknight|24/100 brn|[from] item: Leftovers
|-damage|p1a: Corviknight|18/100 brn|[from] brn
|upkeep
|turn|35
|
|t:|1760763051
|move|p2a: Dragapult|Hex|p1a: Corviknight
|-damage|p1a: Corviknight|0 fnt
|faint|p1a: Corviknight
|
|upkeep
|
|t:|1760763053
|switch|p1a: Skeledirge|Skeledirge, M|100/100
|-damage|p1a: Skeledirge|76/100|[from] Stealth Rock
|turn|36
|
|t:|1760763062
|-terastallize|p1a: Skeledirge|Fairy
|move|p2a: Dragapult|U-turn|p1a: Skeledirge
|-resisted|p1a: Skeledirge
|-damage|p1a: Skeledirge|69/100
|
|t:|1760763064
|switch|p2a: Excadrill|Excadrill, M|45/100|[from] U-turn
|move|p1a: Skeledirge|Torch Song|p2a: Excadrill
|-supereffective|p2a: Excadrill
|-damage|p2a: Excadrill|0 fnt
|-boost|p1a: Skeledirge|spa|1
|faint|p2a: Excadrill
|
|-heal|p1a: Skeledirge|75/100|[from] item: Leftovers
|upkeep
|
|t:|1760763068
|switch|p2a: Ogerpon|Ogerpon-Wellspring, F|34/100 tox
|turn|37
|
|t:|1760763078
|move|p2a: Ogerpon|Ivy Cudgel|p1a: Skeledirge|[anim] Ivy Cudgel Water
|-damage|p1a: Skeledirge|26/100
|move|p1a: Skeledirge|Slack Off|p1a: Skeledirge
|-heal|p1a: Skeledirge|76/100
|
|-heal|p1a: Skeledirge|82/100|[from] item: Leftovers
|-damage|p2a: Ogerpon|28/100 tox|[from] psn
|upkeep
|turn|38
|
|t:|1760763085
|move|p2a: Ogerpon|Knock Off|p1a: Skeledirge
|-resisted|p1a: Skeledirge
|-damage|p1a: Skeledirge|67/100
|-enditem|p1a: Skeledirge|Leftovers|[from] move: Knock Off|[of] p2a: Ogerpon
|move|p1a: Skeledirge|Slack Off|p1a: Skeledirge
|-heal|p1a: Skeledirge|100/100
|
|-damage|p2a: Ogerpon|16/100 tox|[from] psn
|upkeep
|turn|39
|
|t:|1760763089
|move|p2a: Ogerpon|Ivy Cudgel|p1a: Skeledirge|[anim] Ivy Cudgel Water
|-crit|p1a: Skeledirge
|-damage|p1a: Skeledirge|31/100
|move|p1a: Skeledirge|Slack Off|p1a: Skeledirge
|-heal|p1a: Skeledirge|81/100
|
|-damage|p2a: Ogerpon|0 fnt|[from] psn
|faint|p2a: Ogerpon
|upkeep
|
|t:|1760763093
|switch|p2a: Pecharunt|Pecharunt|56/100
|turn|40
|
|t:|1760763097
|move|p2a: Pecharunt|Parting Shot|p1a: Skeledirge
|-unboost|p1a: Skeledirge|atk|1
|-unboost|p1a: Skeledirge|spa|1
|
|t:|1760763100
|switch|p2a: Dragapult|Dragapult, F|38/100|[from] Parting Shot
|move|p1a: Skeledirge|Torch Song|p2a: Dragapult
|-resisted|p2a: Dragapult
|-damage|p2a: Dragapult|21/100
|-boost|p1a: Skeledirge|spa|1
|
|upkeep
|turn|41
|
|t:|1760763106
|move|p2a: Dragapult|U-turn|p1a: Skeledirge
|-resisted|p1a: Skeledirge
|-damage|p1a: Skeledirge|74/100
|
|t:|1760763107
|switch|p2a: Pecharunt|Pecharunt|56/100|[from] U-turn
|move|p1a: Skeledirge|Hex|p2a: Pecharunt
|-supereffective|p2a: Pecharunt
|-damage|p2a: Pecharunt|0 fnt
|faint|p2a: Pecharunt
|
|upkeep
|
|t:|1760763108
|switch|p2a: Dragapult|Dragapult, F|21/100
|turn|42
|
|t:|1760763111
|move|p2a: Dragapult|Hex|p1a: Skeledirge
|-damage|p1a: Skeledirge|57/100
|move|p1a: Skeledirge|Hex|p2a: Dragapult
|-supereffective|p2a: Dragapult
|-crit|p2a: Dragapult
|-damage|p2a: Dragapult|0 fnt
|faint|p2a: Dragapult
|
|win|Scoobenvonduben
|raw|Scoobenvonduben's rating: 1319 &rarr; <strong>1342</strong><br />(+23 for winning)
|raw|snoppp's rating: 1380 &rarr; <strong>1357</strong><br />(-23 for losing)
|l|☆snoppp
|player|p2|
|l|☆Scoobenvonduben
|player|p1|
