|j|☆caesar nivis
|j|☆Froslass_Trainer
|t:|1760789938
|gametype|singles
|player|p1|caesar nivis|lance|1567
|player|p2|Froslass_Trainer|1|1550
|gen|9
|tier|[Gen 9] OU
|rated|
|rule|HP Percentage Mod: HP is shown in percentages
|rule|Endless Battle Clause: Forcing endless battles is banned
|rule|Species Clause: Limit one of each Pokémon
|rule|OHKO Clause: OHKO moves are banned
|rule|Evasion Items Clause: Evasion items are banned
|rule|Evasion Moves Clause: Evasion moves are banned
|rule|Evasion Abilities Clause: Evasion abilities are banned
|rule|Sleep Moves Clause: Sleep-inducing moves are banned
|clearpoke
|poke|p1|Ninetales-Alola, F|
|poke|p1|Ursaluna, M|
|poke|p1|Moltres-Galar|
|poke|p1|Iron Treads|
|poke|p1|Glastrier|
|poke|p1|Dondozo, F|
|poke|p2|Toxapex, F|
|poke|p2|Goodra-Hisui, F|
|poke|p2|Cinderace, F|
|poke|p2|Sandy Shocks|
|poke|p2|Chesnaught, M|
|poke|p2|Lokix, M|
|teampreview
|inactive|Battle timer is ON: inactive players will automatically lose when time's up. (requested by caesar nivis)
|
|t:|1760789946
|teamsize|p1|6
|teamsize|p2|6
|start
|switch|p1a: Iron Treads|Iron Treads|100/100
|switch|p2a: Cinderace|Cinderace, F|100/100
|turn|1
|
|t:|1760789950
|-terastallize|p1a: Iron Treads|Ground
|move|p2a: Cinderace|High Jump Kick|p1a: Iron Treads
|-start|p2a: Cinderace|typechange|Fighting|[from] ability: Libero
|-damage|p1a: Iron Treads|48/100
|move|p1a: Iron Treads|Earthquake|p2a: Cinderace
|-damage|p2a: Cinderace|5/100
|
|upkeep
|turn|2
|
|t:|1760789963
|switch|p2a: Chesnaught|Chesnaught, M|100/100
|-end|p1a: Iron Treads|Quark Drive|[silent]
|switch|p1a: Dondozo|Dondozo, F|100/100
|
|upkeep
|turn|3
|
|t:|1760789968
|move|p2a: Chesnaught|Leech Seed|p1a: Dondozo|[miss]
|-miss|p2a: Chesnaught|p1a: Dondozo
|move|p1a: Dondozo|Curse|p1a: Dondozo
|-unboost|p1a: Dondozo|spe|1
|-boost|p1a: Dondozo|atk|1
|-boost|p1a: Dondozo|def|1
|
|upkeep
|turn|4
|
|t:|1760789973
|move|p2a: Chesnaught|Leech Seed|p1a: Dondozo
|-start|p1a: Dondozo|move: Leech Seed
|move|p1a: Dondozo|Body Press|p2a: Chesnaught
|-damage|p2a: Chesnaught|73/100
|-damage|p1a: Dondozo|84/100|[from] item: Rocky Helmet|[of] p2a: Chesnaught
|
|-heal|p1a: Dondozo|90/100|[from] item: Leftovers
|-damage|p1a: Dondozo|77/100|[from] Leech Seed|[of] p2a: Chesnaught
|-heal|p2a: Chesnaught|91/100|[silent]
|upkeep
|turn|5
|
|t:|1760789981
|switch|p1a: Moltres|Moltres-Galar|100/100
|move|p2a: Chesnaught|Leech Seed|p1a: Moltres
|-start|p1a: Moltres|move: Leech Seed
|
|-damage|p1a: Moltres|88/100|[from] Leech Seed|[of] p2a: Chesnaught
|-heal|p2a: Chesnaught|100/100|[silent]
|upkeep
|turn|6
|
|t:|1760789989
|switch|p1a: Ninetales|Ninetales-Alola, F|100/100
|-weather|Snowscape|[from] ability: Snow Warning|[of] p1a: Ninetales
|switch|p2a: Toxapex|Toxapex, F|100/100
|
|-weather|Snowscape|[upkeep]
|upkeep
|turn|7
|
|t:|1760789994
|switch|p2a: Goodra|Goodra-Hisui, F|100/100
|move|p1a: Ninetales|Aurora Veil|p1a: Ninetales
|-sidestart|p1: caesar nivis|move: Aurora Veil
|
|-weather|Snowscape|[upkeep]
|upkeep
|turn|8
|
|t:|1760790001
|switch|p1a: Ursaluna|Ursaluna, M|100/100
|switch|p2a: Chesnaught|Chesnaught, M|100/100
|
|-weather|Snowscape|[upkeep]
|-status|p1a: Ursaluna|brn|[from] item: Flame Orb
|upkeep
|turn|9
|
|t:|1760790007
|move|p2a: Chesnaught|Spiky Shield|p2a: Chesnaught
|-singleturn|p2a: Chesnaught|move: Protect
|move|p1a: Ursaluna|Facade|p2a: Chesnaught
|-activate|p2a: Chesnaught|move: Protect
|-damage|p1a: Ursaluna|88/100 brn|[from] Spiky Shield|[of] p2a: Chesnaught
|
|-weather|Snowscape|[upkeep]
|-damage|p1a: Ursaluna|82/100 brn|[from] brn
|upkeep
|turn|10
|
|t:|1760790012
|move|p2a: Chesnaught|Leech Seed|p1a: Ursaluna
|-start|p1a: Ursaluna|move: Leech Seed
|move|p1a: Ursaluna|Facade|p2a: Chesnaught
|-damage|p2a: Chesnaught|18/100
|-damage|p1a: Ursaluna|66/100 brn|[from] item: Rocky Helmet|[of] p2a: Chesnaught
|
|-weather|none
|-damage|p1a: Ursaluna|53/100 brn|[from] Leech Seed|[of] p2a: Chesnaught
|-heal|p2a: Chesnaught|34/100|[silent]
|-damage|p1a: Ursaluna|47/100 brn|[from] brn
|upkeep
|turn|11
|
|t:|1760790019
|switch|p1a: Moltres|Moltres-Galar|88/100
|move|p2a: Chesnaught|Drain Punch|p1a: Moltres
|-damage|p1a: Moltres|69/100
|-heal|p2a: Chesnaught|43/100|[from] drain|[of] p1a: Moltres
|
|-heal|p1a: Moltres|75/100|[from] item: Leftovers
|upkeep
|turn|12
|
|t:|1760790027
|switch|p2a: Toxapex|Toxapex, F|100/100
|move|p1a: Moltres|Air Slash|p2a: Toxapex
|-damage|p2a: Toxapex|74/100
|
|-heal|p1a: Moltres|81/100|[from] item: Leftovers
|-heal|p2a: Toxapex|80/100|[from] item: Leftovers
|upkeep
|turn|13
|
|t:|1760790032
|move|p1a: Moltres|Nasty Plot|p1a: Moltres
|-boost|p1a: Moltres|spa|2
|move|p2a: Toxapex|Liquidation|p1a: Moltres
|-damage|p1a: Moltres|69/100
|
|-heal|p1a: Moltres|75/100|[from] item: Leftovers
|-heal|p2a: Toxapex|87/100|[from] item: Leftovers
|upkeep
|turn|14
|
|t:|1760790037
|move|p1a: Moltres|Fiery Wrath|p2a: Toxapex
|-damage|p2a: Toxapex|26/100
|move|p2a: Toxapex|Haze|p2a: Toxapex
|-clearallboost
|
|-heal|p1a: Moltres|81/100|[from] item: Leftovers
|-heal|p2a: Toxapex|32/100|[from] item: Leftovers
|-sideend|p1: caesar nivis|move: Aurora Veil
|upkeep
|turn|15
|
|t:|1760790044
|move|p1a: Moltres|Agility|p1a: Moltres
|-boost|p1a: Moltres|spe|2
|move|p2a: Toxapex|Recover|p2a: Toxapex
|-heal|p2a: Toxapex|82/100
|
|-heal|p1a: Moltres|88/100|[from] item: Leftovers
|-heal|p2a: Toxapex|88/100|[from] item: Leftovers
|upkeep
|turn|16
|
|t:|1760790047
|move|p1a: Moltres|Fiery Wrath|p2a: Toxapex
|-damage|p2a: Toxapex|57/100
|move|p2a: Toxapex|Haze|p2a: Toxapex
|-clearallboost
|
|-heal|p1a: Moltres|94/100|[from] item: Leftovers
|-heal|p2a: Toxapex|63/100|[from] item: Leftovers
|upkeep
|turn|17
|
|t:|1760790051
|switch|p1a: Ursaluna|Ursaluna, M|47/100 brn
|move|p2a: Toxapex|Baneful Bunker||[still]
|-fail|p2a: Toxapex
|
|-heal|p2a: Toxapex|69/100|[from] item: Leftovers
|-damage|p1a: Ursaluna|41/100 brn|[from] brn
|upkeep
|turn|18
|
|t:|1760790055
|move|p2a: Toxapex|Baneful Bunker|p2a: Toxapex
|-singleturn|p2a: Toxapex|move: Protect
|move|p1a: Ursaluna|Facade|p2a: Toxapex
|-activate|p2a: Toxapex|move: Protect
|
|-heal|p2a: Toxapex|75/100|[from] item: Leftovers
|-damage|p1a: Ursaluna|35/100 brn|[from] brn
|upkeep
|turn|19
|
|t:|1760790065
|move|p1a: Ursaluna|Facade|p2a: Toxapex
|-damage|p2a: Toxapex|0 fnt
|faint|p2a: Toxapex
|
|-damage|p1a: Ursaluna|29/100 brn|[from] brn
|upkeep
|
|t:|1760790069
|switch|p2a: Lokix|Lokix, M|100/100
|turn|20
|
|t:|1760790071
|move|p2a: Lokix|U-turn|p1a: Ursaluna
|-damage|p1a: Ursaluna|0 fnt
|faint|p1a: Ursaluna
|
|t:|1760790074
|switch|p2a: Sandy Shocks|Sandy Shocks|100/100|[from] U-turn
|
|upkeep
|
|t:|1760790079
|switch|p1a: Ninetales|Ninetales-Alola, F|100/100
|-weather|Snowscape|[from] ability: Snow Warning|[of] p1a: Ninetales
|turn|21
|
|t:|1760790081
|move|p2a: Sandy Shocks|Flash Cannon|p1a: Ninetales
|-supereffective|p1a: Ninetales
|-damage|p1a: Ninetales|0 fnt
|faint|p1a: Ninetales
|
|-weather|Snowscape|[upkeep]
|upkeep
|
|t:|1760790085
|switch|p1a: Moltres|Moltres-Galar|94/100
|turn|22
|
|t:|1760790100
|-end|p2a: Sandy Shocks|Protosynthesis|[silent]
|switch|p2a: Goodra|Goodra-Hisui, F|100/100
|move|p1a: Moltres|Agility|p1a: Moltres
|-boost|p1a: Moltres|spe|2
|
|-weather|Snowscape|[upkeep]
|-heal|p1a: Moltres|99/100|[from] item: Leftovers
|upkeep
|turn|23
|
|t:|1760790105
|move|p1a: Moltres|Nasty Plot|p1a: Moltres
|-boost|p1a: Moltres|spa|2
|move|p2a: Goodra|Ice Beam|p1a: Moltres
|-supereffective|p1a: Moltres
|-damage|p1a: Moltres|57/100
|
|-weather|Snowscape|[upkeep]
|-heal|p1a: Moltres|63/100|[from] item: Leftovers
|upkeep
|turn|24
|
|t:|1760790109
|move|p1a: Moltres|Nasty Plot|p1a: Moltres
|-boost|p1a: Moltres|spa|2
|move|p2a: Goodra|Draco Meteor|p1a: Moltres
|-damage|p1a: Moltres|15/100
|-unboost|p2a: Goodra|spa|2
|-ability|p1a: Moltres|Berserk|boost
|-boost|p1a: Moltres|spa|1
|
|-weather|Snowscape|[upkeep]
|-heal|p1a: Moltres|21/100|[from] item: Leftovers
|upkeep
|turn|25
|
|t:|1760790113
|move|p1a: Moltres|Fiery Wrath|p2a: Goodra
|-damage|p2a: Goodra|7/100
|move|p2a: Goodra|Draco Meteor|p1a: Moltres
|-damage|p1a: Moltres|0 fnt
|-unboost|p2a: Goodra|spa|2
|faint|p1a: Moltres
|
|-weather|none
|-heal|p2a: Goodra|13/100|[from] item: Leftovers
|upkeep
|
|t:|1760790121
|switch|p1a: Glastrier|Glastrier|100/100
|turn|26
|
|t:|1760790134
|move|p2a: Goodra|Flash Cannon|p1a: Glastrier
|-supereffective|p1a: Glastrier
|-damage|p1a: Glastrier|89/100
|move|p1a: Glastrier|Avalanche|p2a: Goodra
|-damage|p2a: Goodra|0 fnt
|faint|p2a: Goodra
|-ability|p1a: Glastrier|Chilling Neigh|boost
|-boost|p1a: Glastrier|atk|1
|
|upkeep
|
|t:|1760790139
|switch|p2a: Cinderace|Cinderace, F|5/100
|turn|27
|
|t:|1760790144
|switch|p1a: Dondozo|Dondozo, F|77/100
|move|p2a: Cinderace|High Jump Kick|p1a: Dondozo
|-start|p2a: Cinderace|typechange|Fighting|[from] ability: Libero
|-damage|p1a: Dondozo|50/100
|
|-heal|p1a: Dondozo|57/100|[from] item: Leftovers
|upkeep
|turn|28
|
|t:|1760790153
|switch|p2a: Chesnaught|Chesnaught, M|43/100
|move|p1a: Dondozo|Body Press|p2a: Chesnaught
|-damage|p2a: Chesnaught|25/100
|-damage|p1a: Dondozo|40/100|[from] item: Rocky Helmet|[of] p2a: Chesnaught
|
|-heal|p1a: Dondozo|46/100|[from] item: Leftovers
|upkeep
|turn|29
|
|t:|1760790158
|move|p2a: Chesnaught|Leech Seed|p1a: Dondozo
|-start|p1a: Dondozo|move: Leech Seed
|move|p1a: Dondozo|Curse|p1a: Dondozo
|-unboost|p1a: Dondozo|spe|1
|-boost|p1a: Dondozo|atk|1
|-boost|p1a: Dondozo|def|1
|
|-heal|p1a: Dondozo|52/100|[from] item: Leftovers
|-damage|p1a: Dondozo|40/100|[from] Leech Seed|[of] p2a: Chesnaught
|-heal|p2a: Chesnaught|43/100|[silent]
|upkeep
|turn|30
|
|t:|1760790164
|move|p2a: Chesnaught|Seed Bomb|p1a: Dondozo
|-supereffective|p1a: Dondozo
|-damage|p1a: Dondozo|17/100
|move|p1a: Dondozo|Curse|p1a: Dondozo
|-unboost|p1a: Dondozo|spe|1
|-boost|p1a: Dondozo|atk|1
|-boost|p1a: Dondozo|def|1
|
|-heal|p1a: Dondozo|23/100|[from] item: Leftovers
|-damage|p1a: Dondozo|11/100|[from] Leech Seed|[of] p2a: Chesnaught
|-heal|p2a: Chesnaught|61/100|[silent]
|upkeep
|turn|31
|
|t:|1760790169
|move|p2a: Chesnaught|Seed Bomb|p1a: Dondozo
|-supereffective|p1a: Dondozo
|-damage|p1a: Dondozo|0 fnt
|faint|p1a: Dondozo
|
|upkeep
|
|t:|1760790173
|switch|p1a: Glastrier|Glastrier|89/100
|turn|32
|
|t:|1760790175
|move|p2a: Chesnaught|Spiky Shield|p2a: Chesnaught
|-singleturn|p2a: Chesnaught|move: Protect
|move|p1a: Glastrier|Avalanche|p2a: Chesnaught
|-activate|p2a: Chesnaught|move: Protect
|-damage|p1a: Glastrier|76/100|[from] Spiky Shield|[of] p2a: Chesnaught
|
|upkeep
|turn|33
|
|t:|1760790180
|move|p2a: Chesnaught|Leech Seed|p1a: Glastrier
|-start|p1a: Glastrier|move: Leech Seed
|move|p1a: Glastrier|Avalanche|p2a: Chesnaught
|-supereffective|p2a: Chesnaught
|-damage|p2a: Chesnaught|7/100
|-damage|p1a: Glastrier|60/100|[from] item: Rocky Helmet|[of] p2a: Chesnaught
|
|-damage|p1a: Glastrier|47/100|[from] Leech Seed|[of] p2a: Chesnaught
|-heal|p2a: Chesnaught|21/100|[silent]
|upkeep
|turn|34
|
|t:|1760790185
|switch|p1a: Iron Treads|Iron Treads, tera:Ground|48/100
|move|p2a: Chesnaught|Drain Punch|p1a: Iron Treads
|-damage|p1a: Iron Treads|15/100
|-heal|p2a: Chesnaught|37/100|[from] drain|[of] p1a: Iron Treads
|
|upkeep
|turn|35
|
|t:|1760790189
|move|p2a: Chesnaught|Spiky Shield|p2a: Chesnaught
|-singleturn|p2a: Chesnaught|move: Protect
|move|p1a: Iron Treads|Ice Spinner|p2a: Chesnaught
|-activate|p2a: Chesnaught|move: Protect
|-damage|p1a: Iron Treads|2/100|[from] Spiky Shield|[of] p2a: Chesnaught
|
|upkeep
|turn|36
|-message|caesar nivis forfeited.
|
|win|Froslass_Trainer
|raw|caesar nivis's rating: 1567 &rarr; <strong>1546</strong><br />(-21 for losing)
|raw|Froslass_Trainer's rating: 1550 &rarr; <strong>1571</strong><br />(+21 for winning)
|l|☆caesar nivis
|player|p1|
|l|☆Froslass_Trainer
|player|p2|
