|j|☆jayjoe100
|j|☆Dojaxsza
|t:|1760828803
|gametype|singles
|player|p1|jayjoe100|102|1238
|player|p2|Dojaxsza|dawn|1253
|gen|9
|tier|[Gen 9] OU
|rated|
|rule|HP Percentage Mod: HP is shown in percentages
|rule|Endless Battle Clause: Forcing endless battles is banned
|rule|Species Clause: Limit one of each Pokémon
|rule|OHKO Clause: OHKO moves are banned
|rule|Evasion Items Clause: Evasion items are banned
|rule|Evasion Moves Clause: Evasion moves are banned
|rule|Evasion Abilities Clause: Evasion abilities are banned
|rule|Sleep Moves Clause: Sleep-inducing moves are banned
|clearpoke
|poke|p1|Keldeo-Resolute|
|poke|p1|Dragapult, F|
|poke|p1|Slowking-Galar, F|
|poke|p1|Kingambit, M|
|poke|p1|Zapdos|
|poke|p1|Great Tusk|
|poke|p2|Azumarill, M|
|poke|p2|Whimsicott, M|
|poke|p2|Florges-Yellow, F|
|poke|p2|Jolteon, F|
|poke|p2|Banette, M|
|poke|p2|Lucario, M|
|teampreview
|inactive|Battle timer is ON: inactive players will automatically lose when time's up. (requested by jayjoe100)
|
|t:|1760828825
|teamsize|p1|6
|teamsize|p2|6
|start
|switch|p1a: Great Tusk|Great Tusk|100/100
|switch|p2a: Jolteon|Jolteon, F|100/100
|-enditem|p1a: Great Tusk|Booster Energy
|-activate|p1a: Great Tusk|ability: Protosynthesis|[fromitem]
|-start|p1a: Great Tusk|protosynthesisatk
|turn|1
|
|t:|1760828835
|-terastallize|p2a: Jolteon|Fairy
|move|p2a: Jolteon|Alluring Voice|p1a: Great Tusk
|-supereffective|p1a: Great Tusk
|-damage|p1a: Great Tusk|0 fnt
|faint|p1a: Great Tusk
|-end|p1a: Great Tusk|Protosynthesis|[silent]
|
|upkeep
|
|t:|1760828844
|switch|p1a: King Gambit|Kingambit, M|100/100
|-activate|p1a: King Gambit|ability: Supreme Overlord
|-start|p1a: King Gambit|fallen1|[silent]
|turn|2
|inactive|Dojaxsza has 120 seconds left.
|
|t:|1760828889
|switch|p2a: Lucario|Lucario, M|100/100
|move|p1a: King Gambit|Iron Head|p2a: Lucario
|-resisted|p2a: Lucario
|-damage|p2a: Lucario|61/100
|
|upkeep
|turn|3
|
|t:|1760828898
|move|p2a: Lucario|Aura Sphere|p1a: King Gambit
|-supereffective|p1a: King Gambit
|-damage|p1a: King Gambit|0 fnt
|faint|p1a: King Gambit
|-end|p1a: King Gambit|fallen1|[silent]
|
|upkeep
|
|t:|1760828909
|switch|p1a: Dragpult|Dragapult, F|100/100
|turn|4
|
|t:|1760828916
|switch|p2a: Florges|Florges-Yellow, F|100/100
|-terastallize|p1a: Dragpult|Ghost
|move|p1a: Dragpult|Tera Blast|p2a: Florges|[anim] Tera Blast Ghost
|-damage|p2a: Florges|4/100
|
|upkeep
|turn|5
|
|t:|1760828922
|move|p1a: Dragpult|Tera Blast|p2a: Florges|[anim] Tera Blast Ghost
|-damage|p2a: Florges|0 fnt
|faint|p2a: Florges
|
|upkeep
|
|t:|1760828927
|switch|p2a: Banette|Banette, M|100/100
|-item|p1a: Dragpult|Choice Band|[from] ability: Frisk|[of] p2a: Banette
|turn|6
|
|t:|1760828940
|move|p2a: Banette|Shadow Sneak|p1a: Dragpult
|-supereffective|p1a: Dragpult
|-damage|p1a: Dragpult|30/100
|move|p1a: Dragpult|Tera Blast|p2a: Banette|[anim] Tera Blast Ghost
|-supereffective|p2a: Banette
|-damage|p2a: Banette|0 fnt
|faint|p2a: Banette
|
|upkeep
|
|t:|1760828950
|switch|p2a: Azumarill|Azumarill, M|100/100
|turn|7
|
|t:|1760828955
|switch|p1a: Keldo|Keldeo-Resolute|100/100
|move|p2a: Azumarill|Aqua Jet|p1a: Keldo
|-resisted|p1a: Keldo
|-damage|p1a: Keldo|81/100
|
|-heal|p1a: Keldo|88/100|[from] item: Leftovers
|upkeep
|turn|8
|
|t:|1760828962
|switch|p1a: Slow king|Slowking-Galar, F|100/100
|switch|p2a: Whimsicott|Whimsicott, M|100/100
|
|upkeep
|turn|9
|
|t:|1760828969
|switch|p2a: Lucario|Lucario, M|61/100
|move|p1a: Slow king|Flamethrower|p2a: Lucario
|-supereffective|p2a: Lucario
|-damage|p2a: Lucario|0 fnt
|faint|p2a: Lucario
|
|upkeep
|
|t:|1760828990
|switch|p2a: Azumarill|Azumarill, M|100/100
|turn|10
|
|t:|1760828992
|move|p2a: Azumarill|Knock Off|p1a: Slow king
|-supereffective|p1a: Slow king
|-damage|p1a: Slow king|0 fnt
|-enditem|p1a: Slow king|Black Sludge|[from] move: Knock Off|[of] p2a: Azumarill
|faint|p1a: Slow king
|
|upkeep
|
|t:|1760828999
|switch|p1a: Zapds|Zapdos|100/100
|turn|11
|
|t:|1760829011
|switch|p2a: Jolteon|Jolteon, F, tera:Fairy|100/100
|move|p1a: Zapds|Hurricane|p2a: Jolteon
|-damage|p2a: Jolteon|40/100
|
|upkeep
|turn|12
|
|t:|1760829032
|move|p2a: Jolteon|Thunderbolt|p1a: Zapds
|-damage|p1a: Zapds|38/100
|move|p1a: Zapds|Hurricane|p2a: Jolteon|[miss]
|-miss|p1a: Zapds|p2a: Jolteon
|
|upkeep
|turn|13
|
|t:|1760829047
|move|p2a: Jolteon|Thunderbolt|p1a: Zapds
|-damage|p1a: Zapds|0 fnt
|faint|p1a: Zapds
|
|upkeep
|
|t:|1760829048
|switch|p1a: Dragpult|Dragapult, F, tera:Ghost|30/100
|turn|14
|
|t:|1760829060
|switch|p2a: Azumarill|Azumarill, M|100/100
|move|p1a: Dragpult|Tera Blast|p2a: Azumarill|[anim] Tera Blast Ghost
|-damage|p2a: Azumarill|14/100
|
|upkeep
|turn|15
|
|t:|1760829064
|move|p2a: Azumarill|Aqua Jet|p1a: Dragpult
|-damage|p1a: Dragpult|0 fnt
|faint|p1a: Dragpult
|
|upkeep
|
|t:|1760829066
|switch|p1a: Keldo|Keldeo-Resolute|88/100
|turn|16
|
|t:|1760829076
|move|p2a: Azumarill|Aqua Jet|p1a: Keldo
|-resisted|p1a: Keldo
|-damage|p1a: Keldo|69/100
|move|p1a: Keldo|Substitute|p1a: Keldo
|-start|p1a: Keldo|Substitute
|-damage|p1a: Keldo|45/100
|
|-heal|p1a: Keldo|51/100|[from] item: Leftovers
|upkeep
|turn|17
|
|t:|1760829087
|move|p2a: Azumarill|Aqua Jet|p1a: Keldo
|-resisted|p1a: Keldo
|-activate|p1a: Keldo|move: Substitute|[damage]
|move|p1a: Keldo|Surf|p2a: Azumarill
|-resisted|p2a: Azumarill
|-damage|p2a: Azumarill|0 fnt
|faint|p2a: Azumarill
|
|-heal|p1a: Keldo|57/100|[from] item: Leftovers
|upkeep
|
|t:|1760829089
|switch|p2a: Jolteon|Jolteon, F, tera:Fairy|40/100
|turn|18
|
|t:|1760829094
|move|p2a: Jolteon|Alluring Voice|p1a: Keldo
|-supereffective|p1a: Keldo
|-damage|p1a: Keldo|0 fnt
|faint|p1a: Keldo
|
|win|Dojaxsza
|raw|jayjoe100's rating: 1238 &rarr; <strong>1214</strong><br />(-24 for losing)
|raw|Dojaxsza's rating: 1253 &rarr; <strong>1277</strong><br />(+24 for winning)
|l|☆jayjoe100
|player|p1|
|l|☆Dojaxsza
|player|p2|
