|j|☆V4-l4ck1n
|j|☆snakexpert552
|t:|1760735389
|gametype|singles
|player|p1|V4-l4ck1n|169|1263
|player|p2|snakexpert552|steven|1307
|gen|9
|tier|[Gen 9] OU
|rated|
|rule|HP Percentage Mod: HP is shown in percentages
|rule|Endless Battle Clause: Forcing endless battles is banned
|rule|Species Clause: Limit one of each Pokémon
|rule|OHKO Clause: OHKO moves are banned
|rule|Evasion Items Clause: Evasion items are banned
|rule|Evasion Moves Clause: Evasion moves are banned
|rule|Evasion Abilities Clause: Evasion abilities are banned
|rule|Sleep Moves Clause: Sleep-inducing moves are banned
|clearpoke
|poke|p1|Garchomp, F|
|poke|p1|Ribombee, F|
|poke|p1|Great Tusk|
|poke|p1|Heatran, F|
|poke|p1|Cacturne, F|
|poke|p1|Gengar, M|
|poke|p2|Ceruledge, M|
|poke|p2|Ninetales, M|
|poke|p2|Leavanny, F|
|poke|p2|Great Tusk|
|poke|p2|Dragonite, M|
|poke|p2|Walking Wake|
|teampreview
|
|t:|1760735395
|teamsize|p1|6
|teamsize|p2|6
|start
|switch|p1a: Ribombee|Ribombee, F|100/100
|switch|p2a: Ninetales|Ninetales, M|100/100
|-weather|SunnyDay|[from] ability: Drought|[of] p2a: Ninetales
|turn|1
|
|t:|1760735398
|move|p1a: Ribombee|Sticky Web|p2a: Ninetales
|-sidestart|p2: snakexpert552|move: Sticky Web
|move|p2a: Ninetales|Weather Ball|p1a: Ribombee
|-supereffective|p1a: Ribombee
|-crit|p1a: Ribombee
|-enditem|p1a: Ribombee|Focus Sash
|-damage|p1a: Ribombee|1/100
|
|-weather|SunnyDay|[upkeep]
|upkeep
|turn|2
|
|t:|1760735408
|move|p1a: Ribombee|Psychic Noise|p2a: Ninetales
|-damage|p2a: Ninetales|79/100
|-start|p2a: Ninetales|move: Heal Block
|move|p2a: Ninetales|Scorching Sands|p1a: Ribombee
|-resisted|p1a: Ribombee
|-damage|p1a: Ribombee|0 fnt
|faint|p1a: Ribombee
|
|-weather|SunnyDay|[upkeep]
|upkeep
|
|t:|1760735411
|switch|p1a: Garchomp|Garchomp, F|100/100
|turn|3
|
|t:|1760735418
|switch|p2a: Leavanny|Leavanny, F|100/100
|-activate|p2a: Leavanny|move: Sticky Web
|-unboost|p2a: Leavanny|spe|1
|-enditem|p2a: Leavanny|Eject Pack
|
|t:|1760735425
|switch|p2a: Ceruledge|Ceruledge, M|100/100
|-activate|p2a: Ceruledge|move: Sticky Web
|-unboost|p2a: Ceruledge|spe|1
|move|p1a: Garchomp|Swords Dance|p1a: Garchomp
|-boost|p1a: Garchomp|atk|2
|
|-weather|SunnyDay|[upkeep]
|upkeep
|turn|4
|
|t:|1760735432
|move|p1a: Garchomp|Scale Shot|p2a: Ceruledge
|-damage|p2a: Ceruledge|66/100
|-ability|p2a: Ceruledge|Weak Armor|boost
|-unboost|p2a: Ceruledge|def|1
|-boost|p2a: Ceruledge|spe|2
|-damage|p2a: Ceruledge|15/100
|-ability|p2a: Ceruledge|Weak Armor|boost
|-unboost|p2a: Ceruledge|def|1
|-boost|p2a: Ceruledge|spe|2
|-damage|p2a: Ceruledge|0 fnt
|faint|p2a: Ceruledge
|-hitcount|p2: Ceruledge|3
|-unboost|p1a: Garchomp|def|1
|-boost|p1a: Garchomp|spe|1
|
|-weather|SunnyDay|[upkeep]
|upkeep
|
|t:|1760735440
|switch|p2a: Dragonite|Dragonite, M|100/100
|turn|5
|
|t:|1760735443
|-terastallize|p2a: Dragonite|Fairy
|move|p1a: Garchomp|Scale Shot|p2a: Dragonite
|-immune|p2a: Dragonite
|move|p2a: Dragonite|Dragon Dance|p2a: Dragonite
|-boost|p2a: Dragonite|atk|1
|-boost|p2a: Dragonite|spe|1
|
|-weather|SunnyDay|[upkeep]
|upkeep
|turn|6
|
|t:|1760735456
|move|p1a: Garchomp|Earthquake|p2a: Dragonite
|-damage|p2a: Dragonite|39/100
|move|p2a: Dragonite|Tera Blast|p1a: Garchomp|[anim] Tera Blast Fairy
|-supereffective|p1a: Garchomp
|-damage|p1a: Garchomp|0 fnt
|faint|p1a: Garchomp
|
|-weather|SunnyDay|[upkeep]
|upkeep
|
|t:|1760735469
|switch|p1a: Great Tusk|Great Tusk|100/100
|-activate|p1a: Great Tusk|ability: Protosynthesis
|-start|p1a: Great Tusk|protosynthesisatk
|turn|7
|
|t:|1760735476
|-terastallize|p1a: Great Tusk|Water
|move|p2a: Dragonite|Tera Blast|p1a: Great Tusk|[anim] Tera Blast Fairy
|-damage|p1a: Great Tusk|52/100
|move|p1a: Great Tusk|Earthquake|p2a: Dragonite
|-damage|p2a: Dragonite|0 fnt
|faint|p2a: Dragonite
|
|-weather|SunnyDay|[upkeep]
|upkeep
|
|t:|1760735491
|switch|p2a: Leavanny|Leavanny, F|100/100
|-activate|p2a: Leavanny|move: Sticky Web
|-unboost|p2a: Leavanny|spe|1
|turn|8
|
|t:|1760735495
|-end|p1a: Great Tusk|Protosynthesis|[silent]
|switch|p1a: Cacturne|Cacturne, F, shiny|100/100
|move|p2a: Leavanny|Leaf Storm|p1a: Cacturne
|-resisted|p1a: Cacturne
|-damage|p1a: Cacturne|72/100
|-unboost|p2a: Leavanny|spa|2
|
|-weather|none
|upkeep
|turn|9
|
|t:|1760735503
|move|p2a: Leavanny|Low Kick|p1a: Cacturne
|-supereffective|p1a: Cacturne
|-damage|p1a: Cacturne|2/100
|move|p1a: Cacturne|Spikes|p2a: Leavanny
|-sidestart|p2: snakexpert552|Spikes
|
|upkeep
|turn|10
|
|t:|1760735511
|switch|p1a: Gengar|Gengar, M|100/100
|move|p2a: Leavanny|Triple Axel|p1a: Gengar|[miss]
|-miss|p2a: Leavanny|p1a: Gengar
|
|upkeep
|turn|11
|inactive|Battle timer is ON: inactive players will automatically lose when time's up. (requested by V4-l4ck1n)
|
|t:|1760735521
|move|p1a: Gengar|Shadow Ball|p2a: Leavanny
|-damage|p2a: Leavanny|21/100
|-damage|p1a: Gengar|91/100|[from] item: Life Orb
|move|p2a: Leavanny|Triple Axel|p1a: Gengar
|-damage|p1a: Gengar|80/100
|-damage|p1a: Gengar|56/100
|-hitcount|p1a: Gengar|2
|
|upkeep
|turn|12
|
|t:|1760735531
|move|p1a: Gengar|Shadow Ball|p2a: Leavanny
|-damage|p2a: Leavanny|0 fnt
|faint|p2a: Leavanny
|-damage|p1a: Gengar|46/100|[from] item: Life Orb
|
|upkeep
|
|t:|1760735536
|switch|p2a: Ninetales|Ninetales, M|79/100
|-activate|p2a: Ninetales|move: Sticky Web
|-unboost|p2a: Ninetales|spe|1
|-damage|p2a: Ninetales|67/100|[from] Spikes
|-weather|SunnyDay|[from] ability: Drought|[of] p2a: Ninetales
|turn|13
|
|t:|1760735547
|move|p1a: Gengar|Shadow Ball|p2a: Ninetales
|-damage|p2a: Ninetales|13/100
|-damage|p1a: Gengar|37/100|[from] item: Life Orb
|move|p2a: Ninetales|Scorching Sands|p1a: Gengar
|-supereffective|p1a: Gengar
|-damage|p1a: Gengar|0 fnt
|faint|p1a: Gengar
|
|-weather|SunnyDay|[upkeep]
|upkeep
|
|t:|1760735556
|switch|p1a: Great Tusk|Great Tusk, tera:Water|52/100
|-activate|p1a: Great Tusk|ability: Protosynthesis
|-start|p1a: Great Tusk|protosynthesisatk
|turn|14
|
|t:|1760735558
|move|p1a: Great Tusk|Rapid Spin|p2a: Ninetales
|-damage|p2a: Ninetales|0 fnt
|-boost|p1a: Great Tusk|spe|1
|faint|p2a: Ninetales
|
|-weather|SunnyDay|[upkeep]
|upkeep
|
|t:|1760735563
|switch|p2a: Walking Wake|Walking Wake|100/100
|-activate|p2a: Walking Wake|move: Sticky Web
|-unboost|p2a: Walking Wake|spe|1
|-damage|p2a: Walking Wake|88/100|[from] Spikes
|-activate|p2a: Walking Wake|ability: Protosynthesis
|-start|p2a: Walking Wake|protosynthesisspa
|turn|15
|
|t:|1760735568
|move|p1a: Great Tusk|Close Combat|p2a: Walking Wake
|-damage|p2a: Walking Wake|6/100
|-unboost|p1a: Great Tusk|def|1
|-unboost|p1a: Great Tusk|spd|1
|move|p2a: Walking Wake|Hydro Steam|p1a: Great Tusk
|-resisted|p1a: Great Tusk
|-damage|p1a: Great Tusk|0 fnt
|faint|p1a: Great Tusk
|-end|p1a: Great Tusk|Protosynthesis|[silent]
|
|-weather|SunnyDay|[upkeep]
|upkeep
|-message|snakexpert552 forfeited.
|
|win|V4-l4ck1n
|raw|V4-l4ck1n's rating: 1263 &rarr; <strong>1291</strong><br />(+28 for winning)
|raw|snakexpert552's rating: 1307 &rarr; <strong>1284</strong><br />(-23 for losing)
|l|☆snakexpert552
|player|p2|
|l|☆V4-l4ck1n
|player|p1|
|j|☆V4-l4ck1n
|player|p1|V4-l4ck1n|169|
|l|☆V4-l4ck1n
|player|p1|
