|j|☆Zorroark_RZ
|j|☆SeriousTimez
|t:|1760823048
|gametype|singles
|player|p1|Zorroark_RZ|n|1483
|player|p2|SeriousTimez|dancer|1492
|gen|9
|tier|[Gen 9] OU
|rated|
|rule|HP Percentage Mod: HP is shown in percentages
|rule|Endless Battle Clause: Forcing endless battles is banned
|rule|Species Clause: Limit one of each Pokémon
|rule|OHKO Clause: OHKO moves are banned
|rule|Evasion Items Clause: Evasion items are banned
|rule|Evasion Moves Clause: Evasion moves are banned
|rule|Evasion Abilities Clause: Evasion abilities are banned
|rule|Sleep Moves Clause: Sleep-inducing moves are banned
|clearpoke
|poke|p1|Darkrai|
|poke|p1|Zoroark-Hisui, M|
|poke|p1|Slowking, F|
|poke|p1|Zapdos|
|poke|p1|Cobalion|
|poke|p1|Garchomp, M|
|poke|p2|Dragapult, F|
|poke|p2|Alomomola, F|
|poke|p2|Landorus-Therian, M|
|poke|p2|Corviknight, F|
|poke|p2|Moltres|
|poke|p2|Iron Valiant|
|teampreview
|
|t:|1760823075
|teamsize|p1|6
|teamsize|p2|6
|start
|switch|p1a: Garchomp|Garchomp, M|100/100
|switch|p2a: Snatch Dragon|Dragapult, F|100/100
|turn|1
|
|t:|1760823085
|move|p2a: Snatch Dragon|Dragon Darts|p1a: Garchomp
|-supereffective|p1a: Garchomp
|-damage|p1a: Garchomp|30/100
|-anim|p2a: Snatch Dragon|Dragon Darts|p1a: Garchomp
|-supereffective|p1a: Garchomp
|-damage|p1a: Garchomp|0 fnt
|faint|p1a: Garchomp
|
|upkeep
|
|t:|1760823088
|switch|p1a: Cobalion|Cobalion, shiny|100/100
|turn|2
|
|t:|1760823094
|switch|p2a: Buffalo Wings|Moltres|100/100
|move|p1a: Cobalion|Stealth Rock|p2a: Buffalo Wings
|-sidestart|p2: SeriousTimez|move: Stealth Rock
|
|upkeep
|turn|3
|
|t:|1760823100
|switch|p1a: Slowking|Slowking, F|100/100
|switch|p2a: Bird Insurance|Corviknight, F|100/100
|-damage|p2a: Bird Insurance|88/100|[from] Stealth Rock
|
|-heal|p2a: Bird Insurance|94/100|[from] item: Leftovers
|upkeep
|turn|4
|
|t:|1760823107
|move|p2a: Bird Insurance|Defog|p1a: Slowking
|-unboost|p1a: Slowking|evasion|1
|-sideend|p2: SeriousTimez|Stealth Rock|[from] move: Defog|[of] p2a: Bird Insurance
|-prepare|p1a: Slowking|Chilly Reception|[premajor]
|move|p1a: Slowking|Chilly Reception|p1a: Slowking
|-weather|Snowscape
|
|t:|1760823109
|switch|p1a: Zapdos|Zapdos, shiny|100/100|[from] Chilly Reception
|
|-weather|Snowscape|[upkeep]
|-heal|p2a: Bird Insurance|99/100|[from] item: Leftovers
|upkeep
|turn|5
|
|t:|1760823118
|switch|p2a: 100 Bodycount|Alomomola, F|100/100
|move|p1a: Zapdos|Hurricane|p2a: 100 Bodycount
|-crit|p2a: 100 Bodycount
|-damage|p2a: 100 Bodycount|62/100
|
|-weather|Snowscape|[upkeep]
|upkeep
|turn|6
|
|t:|1760823126
|move|p1a: Zapdos|U-turn|p2a: 100 Bodycount
|-damage|p2a: 100 Bodycount|53/100
|
|t:|1760823128
|switch|p1a: Cobalion|Cobalion, shiny|100/100|[from] U-turn
|move|p2a: 100 Bodycount|Mirror Coat||[still]
|-fail|p2a: 100 Bodycount
|
|-weather|Snowscape|[upkeep]
|upkeep
|turn|7
|
|t:|1760823134
|switch|p1a: Zapdos|Zapdos, shiny|100/100
|move|p2a: 100 Bodycount|Flip Turn|p1a: Zapdos
|-damage|p1a: Zapdos|85/100
|
|t:|1760823201
|switch|p2a: Buffalo Wings|Moltres|100/100|[from] Flip Turn
|
|-weather|Snowscape|[upkeep]
|upkeep
|turn|8
|inactive|Battle timer is ON: inactive players will automatically lose when time's up. (requested by Zorroark_RZ)
|
|t:|1760823209
|move|p1a: Zapdos|Discharge|p2a: Buffalo Wings
|-supereffective|p2a: Buffalo Wings
|-damage|p2a: Buffalo Wings|50/100
|move|p2a: Buffalo Wings|Flamethrower|p1a: Zapdos
|-damage|p1a: Zapdos|47/100
|
|-weather|none
|upkeep
|turn|9
|
|t:|1760823217
|switch|p2a: IRS Agent|Landorus-Therian, M|100/100
|-ability|p2a: IRS Agent|Intimidate|boost
|-unboost|p1a: Zapdos|atk|1
|move|p1a: Zapdos|Roost|p1a: Zapdos
|-heal|p1a: Zapdos|98/100
|-singleturn|p1a: Zapdos|move: Roost
|
|upkeep
|turn|10
|
|t:|1760823220
|move|p2a: IRS Agent|Stealth Rock|p1a: Zapdos
|-sidestart|p1: Zorroark_RZ|move: Stealth Rock
|move|p1a: Zapdos|Hurricane|p2a: IRS Agent
|-damage|p2a: IRS Agent|51/100
|-start|p2a: IRS Agent|confusion
|
|upkeep
|turn|11
|
|t:|1760823228
|switch|p2a: 100 Bodycount|Alomomola, F|86/100
|move|p1a: Zapdos|U-turn|p2a: 100 Bodycount
|-damage|p2a: 100 Bodycount|80/100
|
|t:|1760823249
|switch|p1a: Darkrai|Darkrai, shiny|100/100|[from] U-turn
|
|upkeep
|turn|12
|
|t:|1760823257
|move|p1a: Darkrai|Swords Dance|p1a: Darkrai
|-boost|p1a: Darkrai|atk|2
|move|p2a: 100 Bodycount|Flip Turn|p1a: Darkrai
|-damage|p1a: Darkrai|69/100
|replace|p1a: Zoroark|Zoroark-Hisui, M
|-end|p1a: Zoroark|Illusion
|
|t:|1760823269
|switch|p2a: Tax Evasion|Iron Valiant|100/100|[from] Flip Turn
|
|upkeep
|turn|13
|
|t:|1760823276
|-terastallize|p1a: Zoroark|Ghost
|move|p1a: Zoroark|Shadow Sneak|p2a: Tax Evasion
|-damage|p2a: Tax Evasion|38/100
|move|p2a: Tax Evasion|Moonblast|p1a: Zoroark
|-damage|p1a: Zoroark|0 fnt
|faint|p1a: Zoroark
|
|upkeep
|
|t:|1760823282
|switch|p1a: Slowking|Slowking, F|100/100
|turn|14
|
|t:|1760823287
|-end|p2a: Tax Evasion|Quark Drive|[silent]
|switch|p2a: 100 Bodycount|Alomomola, F|100/100
|move|p1a: Slowking|Scald|p2a: 100 Bodycount
|-resisted|p2a: 100 Bodycount
|-damage|p2a: 100 Bodycount|93/100
|-status|p2a: 100 Bodycount|brn
|
|-damage|p2a: 100 Bodycount|87/100 brn|[from] brn
|upkeep
|turn|15
|
|t:|1760823294
|move|p2a: 100 Bodycount|Scald|p1a: Slowking
|-resisted|p1a: Slowking
|-damage|p1a: Slowking|96/100
|-status|p1a: Slowking|brn
|move|p1a: Slowking|Future Sight|p2a: 100 Bodycount
|-start|p1a: Slowking|move: Future Sight
|
|-damage|p2a: 100 Bodycount|81/100 brn|[from] brn
|-damage|p1a: Slowking|90/100 brn|[from] brn
|upkeep
|turn|16
|
|t:|1760823300
|move|p2a: 100 Bodycount|Flip Turn|p1a: Slowking
|-resisted|p1a: Slowking
|-damage|p1a: Slowking|86/100 brn
|
|t:|1760823307
|switch|p2a: Bird Insurance|Corviknight, F|99/100|[from] Flip Turn
|-prepare|p1a: Slowking|Chilly Reception|[premajor]
|move|p1a: Slowking|Chilly Reception|p1a: Slowking
|-weather|Snowscape
|
|t:|1760823310
|switch|p1a: Zapdos|Zapdos, shiny|98/100|[from] Chilly Reception
|
|-weather|Snowscape|[upkeep]
|-heal|p2a: Bird Insurance|100/100|[from] item: Leftovers
|upkeep
|turn|17
|
|t:|1760823319
|switch|p2a: IRS Agent|Landorus-Therian, M|51/100
|-ability|p2a: IRS Agent|Intimidate|boost
|-unboost|p1a: Zapdos|atk|1
|move|p1a: Zapdos|Discharge|p2a: IRS Agent
|-immune|p2a: IRS Agent
|
|-weather|Snowscape|[upkeep]
|-end|p2a: IRS Agent|move: Future Sight
|-damage|p2a: IRS Agent|10/100
|upkeep
|turn|18
|
|t:|1760823326
|move|p2a: IRS Agent|Taunt|p1a: Zapdos
|-start|p1a: Zapdos|move: Taunt
|move|p1a: Zapdos|Hurricane|p2a: IRS Agent
|-damage|p2a: IRS Agent|0 fnt
|faint|p2a: IRS Agent
|
|-weather|Snowscape|[upkeep]
|upkeep
|
|t:|1760823331
|switch|p2a: Tax Evasion|Iron Valiant|38/100
|turn|19
|
|t:|1760823336
|move|p2a: Tax Evasion|Moonblast|p1a: Zapdos
|-crit|p1a: Zapdos
|-damage|p1a: Zapdos|0 fnt
|faint|p1a: Zapdos
|
|-weather|Snowscape|[upkeep]
|upkeep
|
|t:|1760823341
|switch|p1a: Slowking|Slowking, F|100/100 brn
|turn|20
|
|t:|1760823343
|move|p2a: Tax Evasion|Moonblast|p1a: Slowking
|-damage|p1a: Slowking|62/100 brn
|move|p1a: Slowking|Future Sight|p2a: Tax Evasion
|-start|p1a: Slowking|move: Future Sight
|
|-weather|none
|-damage|p1a: Slowking|56/100 brn|[from] brn
|upkeep
|turn|21
|
|t:|1760823350
|-end|p2a: Tax Evasion|Quark Drive|[silent]
|switch|p2a: Bird Insurance|Corviknight, F|100/100
|-prepare|p1a: Slowking|Chilly Reception|[premajor]
|move|p1a: Slowking|Chilly Reception|p1a: Slowking
|-weather|Snowscape
|
|t:|1760823361
|switch|p1a: Cobalion|Cobalion, shiny|100/100|[from] Chilly Reception
|-damage|p1a: Cobalion|97/100|[from] Stealth Rock
|
|-weather|Snowscape|[upkeep]
|upkeep
|turn|22
|
|t:|1760823365
|move|p1a: Cobalion|Body Press|p2a: Bird Insurance
|-damage|p2a: Bird Insurance|72/100
|move|p2a: Bird Insurance|U-turn|p1a: Cobalion
|-resisted|p1a: Cobalion
|-damage|p1a: Cobalion|96/100
|-damage|p2a: Bird Insurance|56/100|[from] item: Rocky Helmet|[of] p1a: Cobalion
|
|t:|1760823373
|switch|p2a: Buffalo Wings|Moltres|50/100|[from] U-turn
|
|-weather|Snowscape|[upkeep]
|-end|p2a: Buffalo Wings|move: Future Sight
|-damage|p2a: Buffalo Wings|22/100
|upkeep
|turn|23
|
|t:|1760823383
|switch|p1a: Slowking|Slowking, F|89/100 brn
|move|p2a: Buffalo Wings|Roost|p2a: Buffalo Wings
|-heal|p2a: Buffalo Wings|72/100
|-singleturn|p2a: Buffalo Wings|move: Roost
|
|-weather|Snowscape|[upkeep]
|-damage|p1a: Slowking|83/100 brn|[from] brn
|upkeep
|turn|24
|
|t:|1760823387
|move|p2a: Buffalo Wings|U-turn|p1a: Slowking
|-supereffective|p1a: Slowking
|-damage|p1a: Slowking|55/100 brn
|
|t:|1760823392
|switch|p2a: Bird Insurance|Corviknight, F|56/100|[from] U-turn
|move|p1a: Slowking|Future Sight|p2a: Bird Insurance
|-start|p1a: Slowking|move: Future Sight
|
|-weather|Snowscape|[upkeep]
|-heal|p2a: Bird Insurance|62/100|[from] item: Leftovers
|-damage|p1a: Slowking|49/100 brn|[from] brn
|upkeep
|turn|25
|
|t:|1760823397
|move|p2a: Bird Insurance|Roost|p2a: Bird Insurance
|-heal|p2a: Bird Insurance|100/100
|-singleturn|p2a: Bird Insurance|move: Roost
|-prepare|p1a: Slowking|Chilly Reception|[premajor]
|move|p1a: Slowking|Chilly Reception|p1a: Slowking
|
|t:|1760823403
|switch|p1a: Darkrai|Darkrai, shiny|100/100|[from] Chilly Reception
|
|-weather|none
|upkeep
|turn|26
|
|t:|1760823407
|move|p1a: Darkrai|Nasty Plot|p1a: Darkrai
|-boost|p1a: Darkrai|spa|2
|move|p2a: Bird Insurance|U-turn|p1a: Darkrai
|-supereffective|p1a: Darkrai
|-damage|p1a: Darkrai|66/100
|
|t:|1760823412
|switch|p2a: Buffalo Wings|Moltres|72/100|[from] U-turn
|
|-end|p2a: Buffalo Wings|move: Future Sight
|-damage|p2a: Buffalo Wings|44/100
|upkeep
|turn|27
|
|t:|1760823415
|move|p1a: Darkrai|Dark Pulse|p2a: Buffalo Wings
|-damage|p2a: Buffalo Wings|0 fnt
|faint|p2a: Buffalo Wings
|
|upkeep
|
|t:|1760823420
|switch|p2a: Snatch Dragon|Dragapult, F|100/100
|turn|28
|
|t:|1760823423
|move|p2a: Snatch Dragon|Dragon Darts|p1a: Darkrai
|-damage|p1a: Darkrai|28/100
|-anim|p2a: Snatch Dragon|Dragon Darts|p1a: Darkrai
|-damage|p1a: Darkrai|0 fnt
|faint|p1a: Darkrai
|
|upkeep
|c|☆Zorroark_RZ|gg
|
|t:|1760823426
|switch|p1a: Cobalion|Cobalion, shiny|96/100
|-damage|p1a: Cobalion|92/100|[from] Stealth Rock
|turn|29
|
|t:|1760823434
|switch|p2a: 100 Bodycount|Alomomola, F|100/100 brn
|move|p1a: Cobalion|Heavy Slam|p2a: 100 Bodycount
|-resisted|p2a: 100 Bodycount
|-damage|p2a: 100 Bodycount|87/100 brn
|
|-damage|p2a: 100 Bodycount|81/100 brn|[from] brn
|upkeep
|turn|30
|
|t:|1760823438
|move|p1a: Cobalion|Body Press|p2a: 100 Bodycount
|-damage|p2a: 100 Bodycount|50/100 brn
|move|p2a: 100 Bodycount|Flip Turn|p1a: Cobalion
|-damage|p1a: Cobalion|88/100
|-damage|p2a: 100 Bodycount|34/100 brn|[from] item: Rocky Helmet|[of] p1a: Cobalion
|
|t:|1760823442
|switch|p2a: Tax Evasion|Iron Valiant|38/100|[from] Flip Turn
|
|upkeep
|turn|31
|
|t:|1760823445
|switch|p1a: Slowking|Slowking, F|82/100 brn
|move|p2a: Tax Evasion|Moonblast|p1a: Slowking
|-damage|p1a: Slowking|39/100 brn
|
|-damage|p1a: Slowking|33/100 brn|[from] brn
|upkeep
|turn|32
|
|t:|1760823449
|move|p2a: Tax Evasion|Moonblast|p1a: Slowking
|-damage|p1a: Slowking|0 fnt
|faint|p1a: Slowking
|
|upkeep
|
|t:|1760823451
|switch|p1a: Cobalion|Cobalion, shiny|88/100
|-damage|p1a: Cobalion|85/100|[from] Stealth Rock
|turn|33
|
|t:|1760823454
|move|p2a: Tax Evasion|Moonblast|p1a: Cobalion
|-crit|p1a: Cobalion
|-damage|p1a: Cobalion|0 fnt
|faint|p1a: Cobalion
|
|win|SeriousTimez
|raw|Zorroark_RZ's rating: 1483 &rarr; <strong>1464</strong><br />(-19 for losing)
|raw|SeriousTimez's rating: 1492 &rarr; <strong>1511</strong><br />(+19 for winning)
|c|☆Zorroark_RZ|gg
|l|☆Zorroark_RZ
|player|p1|
|l|☆SeriousTimez
|player|p2|
