|j|☆AAA grade effort
|j|☆Ricks Piano
|t:|1760798683
|gametype|singles
|player|p1|AAA grade effort|twins|1475
|player|p2|Ricks Piano|theroyal|1521
|gen|9
|tier|[Gen 9] OU
|rated|
|rule|HP Percentage Mod: HP is shown in percentages
|rule|Endless Battle Clause: Forcing endless battles is banned
|rule|Species Clause: Limit one of each Pokémon
|rule|OHKO Clause: OHKO moves are banned
|rule|Evasion Items Clause: Evasion items are banned
|rule|Evasion Moves Clause: Evasion moves are banned
|rule|Evasion Abilities Clause: Evasion abilities are banned
|rule|Sleep Moves Clause: Sleep-inducing moves are banned
|clearpoke
|poke|p1|Gholdengo|
|poke|p1|Dragonite, F|
|poke|p1|Araquanid, M|
|poke|p1|Enamorus, F|
|poke|p1|Great Tusk|
|poke|p1|Honchkrow, F|
|poke|p2|Pecharunt|
|poke|p2|Great Tusk|
|poke|p2|Ogerpon-Wellspring, F|
|poke|p2|Iron Crown|
|poke|p2|Landorus-Therian, M|
|poke|p2|Samurott-Hisui, F|
|teampreview
|
|t:|1760798705
|teamsize|p1|6
|teamsize|p2|6
|start
|switch|p1a: Araquanid|Araquanid, M|100/100
|switch|p2a: Iron Crown|Iron Crown|100/100
|turn|1
|l|☆AAA grade effort
|player|p1|
|inactive|Battle timer is ON: inactive players will automatically lose when time's up. (requested by Ricks Piano)
|inactive|AAA grade effort has 30 seconds to reconnect!
|inactive|AAA grade effort has 20 seconds to reconnect!
|j|☆AAA grade effort
|inactive|AAA grade effort reconnected and has 110 seconds left.
|player|p1|AAA grade effort|twins|
|
|t:|1760798759
|move|p2a: Iron Crown|Volt Switch|p1a: Araquanid
|-supereffective|p1a: Araquanid
|-damage|p1a: Araquanid|56/100
|
|t:|1760798766
|-end|p2a: Iron Crown|Quark Drive|[silent]
|switch|p2a: Pecharunt|Pecharunt|100/100|[from] Volt Switch
|move|p1a: Araquanid|Sticky Web|p2a: Pecharunt
|-sidestart|p2: Ricks Piano|move: Sticky Web
|
|upkeep
|turn|2
|
|t:|1760798778
|switch|p1a: Honchkrow|Honchkrow, F|100/100
|move|p2a: Pecharunt|Foul Play|p1a: Honchkrow
|-resisted|p1a: Honchkrow
|-damage|p1a: Honchkrow|71/100
|
|upkeep
|turn|3
|
|t:|1760798793
|-terastallize|p2a: Pecharunt|Dark
|move|p1a: Honchkrow|Night Slash|p2a: Pecharunt
|-resisted|p2a: Pecharunt
|-crit|p2a: Pecharunt
|-damage|p2a: Pecharunt|84/100
|-damage|p1a: Honchkrow|54/100|[from] item: Rocky Helmet|[of] p2a: Pecharunt
|-damage|p1a: Honchkrow|44/100|[from] item: Life Orb
|move|p2a: Pecharunt|Malignant Chain|p1a: Honchkrow
|-damage|p1a: Honchkrow|0 fnt
|faint|p1a: Honchkrow
|
|upkeep
|
|t:|1760798799
|switch|p1a: Enamorus|Enamorus, F|100/100
|turn|4
|
|t:|1760798812
|switch|p2a: Iron Crown|Iron Crown|100/100
|-activate|p2a: Iron Crown|move: Sticky Web
|-unboost|p2a: Iron Crown|spe|1
|move|p1a: Enamorus|Moonblast|p2a: Iron Crown
|-resisted|p2a: Iron Crown
|-crit|p2a: Iron Crown
|-damage|p2a: Iron Crown|62/100
|
|upkeep
|turn|5
|
|t:|1760798821
|move|p1a: Enamorus|Earth Power|p2a: Iron Crown
|-supereffective|p2a: Iron Crown
|-damage|p2a: Iron Crown|0 fnt
|faint|p2a: Iron Crown
|-end|p2a: Iron Crown|Quark Drive|[silent]
|
|upkeep
|
|t:|1760798836
|switch|p2a: Ogerpon|Ogerpon-Wellspring, F|100/100
|-activate|p2a: Ogerpon|move: Sticky Web
|-unboost|p2a: Ogerpon|spe|1
|turn|6
|
|t:|1760798847
|switch|p1a: Dragonite|Dragonite, F|100/100
|move|p2a: Ogerpon|Ivy Cudgel|p1a: Dragonite|[anim] Ivy Cudgel Water
|-resisted|p1a: Dragonite
|-damage|p1a: Dragonite|86/100
|
|upkeep
|turn|7
|
|t:|1760798853
|switch|p2a: Pecharunt|Pecharunt, tera:Dark|84/100
|-activate|p2a: Pecharunt|move: Sticky Web
|-unboost|p2a: Pecharunt|spe|1
|move|p1a: Dragonite|Scale Shot|p2a: Pecharunt
|-damage|p2a: Pecharunt|76/100
|-damage|p2a: Pecharunt|70/100
|-damage|p2a: Pecharunt|62/100
|-damage|p2a: Pecharunt|55/100
|-damage|p2a: Pecharunt|48/100
|-hitcount|p2a: Pecharunt|5
|-unboost|p1a: Dragonite|def|1
|-boost|p1a: Dragonite|spe|1
|
|upkeep
|turn|8
|
|t:|1760798866
|move|p1a: Dragonite|Dragon Dance|p1a: Dragonite
|-boost|p1a: Dragonite|atk|1
|-boost|p1a: Dragonite|spe|1
|move|p2a: Pecharunt|Recover|p2a: Pecharunt
|-heal|p2a: Pecharunt|98/100
|
|upkeep
|turn|9
|
|t:|1760798870
|move|p1a: Dragonite|Scale Shot|p2a: Pecharunt
|-crit|p2a: Pecharunt
|-damage|p2a: Pecharunt|83/100
|-damage|p2a: Pecharunt|73/100
|-damage|p2a: Pecharunt|63/100
|-damage|p2a: Pecharunt|53/100
|-damage|p2a: Pecharunt|42/100
|-hitcount|p2a: Pecharunt|5
|-unboost|p1a: Dragonite|def|1
|-boost|p1a: Dragonite|spe|1
|move|p2a: Pecharunt|Foul Play|p1a: Dragonite
|-damage|p1a: Dragonite|0 fnt
|faint|p1a: Dragonite
|
|upkeep
|
|t:|1760798872
|switch|p1a: Enamorus|Enamorus, F|100/100
|turn|10
|
|t:|1760798882
|move|p1a: Enamorus|Moonblast|p2a: Pecharunt
|-supereffective|p2a: Pecharunt
|-crit|p2a: Pecharunt
|-damage|p2a: Pecharunt|0 fnt
|faint|p2a: Pecharunt
|
|upkeep
|
|t:|1760798897
|switch|p2a: Landorus|Landorus-Therian, M|100/100
|-ability|p2a: Landorus|Intimidate|boost
|-boost|p1a: Enamorus|atk|1
|turn|11
|
|t:|1760798911
|switch|p1a: Araquanid|Araquanid, M|56/100
|move|p2a: Landorus|Stone Edge|p1a: Araquanid
|-supereffective|p1a: Araquanid
|-damage|p1a: Araquanid|0 fnt
|faint|p1a: Araquanid
|
|upkeep
|
|t:|1760798913
|switch|p1a: Great Tusk|Great Tusk|100/100
|-enditem|p1a: Great Tusk|Booster Energy
|-activate|p1a: Great Tusk|ability: Protosynthesis|[fromitem]
|-start|p1a: Great Tusk|protosynthesisatk
|turn|12
|
|t:|1760798923
|switch|p2a: Ogerpon|Ogerpon-Wellspring, F|100/100
|-activate|p2a: Ogerpon|move: Sticky Web
|-unboost|p2a: Ogerpon|spe|1
|move|p1a: Great Tusk|Rapid Spin|p2a: Ogerpon
|-damage|p2a: Ogerpon|79/100
|-boost|p1a: Great Tusk|spe|1
|
|upkeep
|turn|13
|
|t:|1760798930
|move|p1a: Great Tusk|Ice Spinner|p2a: Ogerpon
|-damage|p2a: Ogerpon|47/100
|move|p2a: Ogerpon|Trailblaze|p1a: Great Tusk
|-supereffective|p1a: Great Tusk
|-damage|p1a: Great Tusk|64/100
|-boost|p2a: Ogerpon|spe|1
|
|upkeep
|turn|14
|
|t:|1760798934
|move|p1a: Great Tusk|Head Smash|p2a: Ogerpon
|-damage|p2a: Ogerpon|0 fnt
|faint|p2a: Ogerpon
|-damage|p1a: Great Tusk|41/100|[from] Recoil
|
|upkeep
|
|t:|1760798939
|switch|p2a: Samurott|Samurott-Hisui, F|100/100
|-activate|p2a: Samurott|move: Sticky Web
|-unboost|p2a: Samurott|spe|1
|turn|15
|
|t:|1760798943
|move|p2a: Samurott|Aqua Jet|p1a: Great Tusk
|-supereffective|p1a: Great Tusk
|-damage|p1a: Great Tusk|12/100
|move|p1a: Great Tusk|Headlong Rush|p2a: Samurott
|-damage|p2a: Samurott|3/100
|-unboost|p1a: Great Tusk|def|1
|-unboost|p1a: Great Tusk|spd|1
|
|upkeep
|turn|16
|
|t:|1760798949
|move|p2a: Samurott|Aqua Jet|p1a: Great Tusk
|-supereffective|p1a: Great Tusk
|-damage|p1a: Great Tusk|0 fnt
|faint|p1a: Great Tusk
|-end|p1a: Great Tusk|Protosynthesis|[silent]
|
|upkeep
|
|t:|1760798968
|switch|p1a: Gholdengo|Gholdengo|100/100
|-item|p1a: Gholdengo|Air Balloon
|turn|17
|
|t:|1760798975
|move|p2a: Samurott|Sucker Punch|p1a: Gholdengo
|-supereffective|p1a: Gholdengo
|-damage|p1a: Gholdengo|22/100
|-enditem|p1a: Gholdengo|Air Balloon
|move|p1a: Gholdengo|Shadow Ball|p2a: Samurott
|-resisted|p2a: Samurott
|-damage|p2a: Samurott|0 fnt
|faint|p2a: Samurott
|
|upkeep
|
|t:|1760798984
|switch|p2a: Great Tusk|Great Tusk|100/100
|-activate|p2a: Great Tusk|move: Sticky Web
|-unboost|p2a: Great Tusk|spe|1
|-enditem|p2a: Great Tusk|Booster Energy
|-activate|p2a: Great Tusk|ability: Protosynthesis|[fromitem]
|-start|p2a: Great Tusk|protosynthesisatk
|turn|18
|
|t:|1760798998
|-terastallize|p1a: Gholdengo|Fairy
|move|p1a: Gholdengo|Dazzling Gleam|p2a: Great Tusk
|-supereffective|p2a: Great Tusk
|-damage|p2a: Great Tusk|0 fnt
|faint|p2a: Great Tusk
|-end|p2a: Great Tusk|Protosynthesis|[silent]
|
|upkeep
|
|t:|1760799002
|switch|p2a: Landorus|Landorus-Therian, M|100/100
|-ability|p2a: Landorus|Intimidate|boost
|-unboost|p1a: Gholdengo|atk|1
|turn|19
|
|t:|1760799005
|move|p2a: Landorus|Stone Edge|p1a: Gholdengo
|-crit|p1a: Gholdengo
|-damage|p1a: Gholdengo|0 fnt
|faint|p1a: Gholdengo
|
|upkeep
|
|t:|1760799007
|switch|p1a: Enamorus|Enamorus, F|100/100
|turn|20
|
|t:|1760799009
|move|p2a: Landorus|Stone Edge|p1a: Enamorus
|-supereffective|p1a: Enamorus
|-damage|p1a: Enamorus|0 fnt
|faint|p1a: Enamorus
|
|win|Ricks Piano
|raw|AAA grade effort's rating: 1475 &rarr; <strong>1458</strong><br />(-17 for losing)
|raw|Ricks Piano's rating: 1521 &rarr; <strong>1538</strong><br />(+17 for winning)
|l|☆AAA grade effort
|player|p1|
|l|☆Ricks Piano
|player|p2|
