|j|‽Justtesting1229
|j|☆Avl2121
|t:|1760801028
|gametype|singles
|player|p1|Justtesting1229|lucas|1396
|player|p2|Avl2121|dragontamer|1320
|gen|9
|tier|[Gen 9] OU
|rated|
|rule|HP Percentage Mod: HP is shown in percentages
|rule|Endless Battle Clause: Forcing endless battles is banned
|rule|Species Clause: Limit one of each Pokémon
|rule|OHKO Clause: OHKO moves are banned
|rule|Evasion Items Clause: Evasion items are banned
|rule|Evasion Moves Clause: Evasion moves are banned
|rule|Evasion Abilities Clause: Evasion abilities are banned
|rule|Sleep Moves Clause: Sleep-inducing moves are banned
|clearpoke
|poke|p1|Ribombee, M|
|poke|p1|Gholdengo|
|poke|p1|Kyurem|
|poke|p1|Great Tusk|
|poke|p1|Ogerpon-Wellspring, F|
|poke|p1|Enamorus, F|
|poke|p2|Garganacl, F|
|poke|p2|Blaziken, M|
|poke|p2|Landorus-Therian, M|
|poke|p2|Kyurem|
|poke|p2|Rotom-Wash|
|poke|p2|Cryogonal|
|teampreview
|inactive|Battle timer is ON: inactive players will automatically lose when time's up. (requested by Justtesting1229)
|
|t:|1760801034
|teamsize|p1|6
|teamsize|p2|6
|start
|switch|p1a: Ribombee|Ribombee, M|100/100
|switch|p2a: Rotom|Rotom-Wash|100/100
|turn|1
|
|t:|1760801041
|move|p2a: Rotom|Trick|p1a: Ribombee
|-activate|p2a: Rotom|move: Trick|[of] p1a: Ribombee
|-item|p1a: Ribombee|Choice Scarf|[from] move: Trick
|-item|p2a: Rotom|Focus Sash|[from] move: Trick
|move|p1a: Ribombee|Sticky Web|p2a: Rotom
|-sidestart|p2: Avl2121|move: Sticky Web
|
|upkeep
|turn|2
|
|t:|1760801049
|move|p1a: Ribombee|Sticky Web||[still]
|-fail|p1a: Ribombee
|move|p2a: Rotom|Thunder Wave|p1a: Ribombee
|-status|p1a: Ribombee|par
|
|upkeep
|turn|3
|
|t:|1760801056
|move|p2a: Rotom|Hydro Pump|p1a: Ribombee|[miss]
|-miss|p2a: Rotom|p1a: Ribombee
|move|p1a: Ribombee|Sticky Web||[still]
|-fail|p1a: Ribombee
|
|upkeep
|turn|4
|
|t:|1760801059
|move|p2a: Rotom|Hydro Pump|p1a: Ribombee|[miss]
|-miss|p2a: Rotom|p1a: Ribombee
|move|p1a: Ribombee|Sticky Web||[still]
|-fail|p1a: Ribombee
|
|upkeep
|turn|5
|
|t:|1760801062
|switch|p1a: Ogerpon|Ogerpon-Wellspring, F|100/100
|move|p2a: Rotom|Hydro Pump|p1a: Ogerpon
|-immune|p1a: Ogerpon|[from] ability: Water Absorb
|
|upkeep
|turn|6
|
|t:|1760801066
|move|p1a: Ogerpon|Horn Leech|p2a: Rotom
|-supereffective|p2a: Rotom
|-enditem|p2a: Rotom|Focus Sash
|-damage|p2a: Rotom|1/100
|move|p2a: Rotom|Volt Switch|p1a: Ogerpon
|-damage|p1a: Ogerpon|66/100
|
|t:|1760801074
|switch|p2a: Cryogonal|Cryogonal|100/100|[from] Volt Switch
|
|upkeep
|turn|7
|
|t:|1760801081
|move|p2a: Cryogonal|Rapid Spin|p1a: Ogerpon
|-damage|p1a: Ogerpon|58/100
|-boost|p2a: Cryogonal|spe|1
|-sideend|p2: Avl2121|Sticky Web|[from] move: Rapid Spin|[of] p2a: Cryogonal
|move|p1a: Ogerpon|U-turn|p2a: Cryogonal
|-damage|p2a: Cryogonal|41/100
|
|t:|1760801084
|switch|p1a: Ribombee|Ribombee, M|100/100 par|[from] U-turn
|
|upkeep
|turn|8
|
|t:|1760801090
|move|p2a: Cryogonal|Ice Beam|p1a: Ribombee
|-damage|p1a: Ribombee|33/100 par
|move|p1a: Ribombee|Sticky Web|p2a: Cryogonal
|-sidestart|p2: Avl2121|move: Sticky Web
|
|upkeep
|turn|9
|
|t:|1760801093
|switch|p1a: Gholdengo|Gholdengo|100/100
|-item|p1a: Gholdengo|Air Balloon
|move|p2a: Cryogonal|Ice Beam|p1a: Gholdengo
|-resisted|p1a: Gholdengo
|-damage|p1a: Gholdengo|81/100
|-enditem|p1a: Gholdengo|Air Balloon
|
|upkeep
|turn|10
|
|t:|1760801099
|move|p2a: Cryogonal|Ice Beam|p1a: Gholdengo
|-resisted|p1a: Gholdengo
|-crit|p1a: Gholdengo
|-damage|p1a: Gholdengo|51/100
|move|p1a: Gholdengo|Make It Rain|p2a: Cryogonal
|-supereffective|p2a: Cryogonal
|-damage|p2a: Cryogonal|0 fnt
|-unboost|p1a: Gholdengo|spa|1
|faint|p2a: Cryogonal
|
|upkeep
|
|t:|1760801107
|switch|p2a: Rotom|Rotom-Wash|1/100
|turn|11
|
|t:|1760801114
|move|p2a: Rotom|Hydro Pump|p1a: Gholdengo
|-damage|p1a: Gholdengo|1/100
|move|p1a: Gholdengo|Recover|p1a: Gholdengo
|-heal|p1a: Gholdengo|52/100
|
|upkeep
|turn|12
|
|t:|1760801117
|switch|p1a: Ogerpon|Ogerpon-Wellspring, F|58/100
|move|p2a: Rotom|Hydro Pump|p1a: Ogerpon
|-heal|p1a: Ogerpon|83/100|[from] ability: Water Absorb|[of] p2a: Rotom
|
|upkeep
|turn|13
|
|t:|1760801121
|move|p1a: Ogerpon|Horn Leech|p2a: Rotom
|-supereffective|p2a: Rotom
|-damage|p2a: Rotom|0 fnt
|-heal|p1a: Ogerpon|83/100|[from] drain|[of] p2a: Rotom
|faint|p2a: Rotom
|
|upkeep
|
|t:|1760801125
|switch|p2a: Kyurem|Kyurem|100/100
|-activate|p2a: Kyurem|move: Sticky Web
|-unboost|p2a: Kyurem|spe|1
|-ability|p2a: Kyurem|Pressure
|turn|14
|
|t:|1760801132
|move|p1a: Ogerpon|Brick Break|p2a: Kyurem
|-supereffective|p2a: Kyurem
|-damage|p2a: Kyurem|45/100
|move|p2a: Kyurem|Substitute|p2a: Kyurem
|-start|p2a: Kyurem|Substitute
|-damage|p2a: Kyurem|21/100
|
|-heal|p2a: Kyurem|27/100|[from] item: Leftovers
|upkeep
|turn|15
|
|t:|1760801136
|move|p2a: Kyurem|Protect|p2a: Kyurem
|-singleturn|p2a: Kyurem|Protect
|move|p1a: Ogerpon|Brick Break|p2a: Kyurem
|-activate|p2a: Kyurem|move: Protect
|
|-heal|p2a: Kyurem|33/100|[from] item: Leftovers
|upkeep
|turn|16
|
|t:|1760801141
|move|p1a: Ogerpon|Brick Break|p2a: Kyurem
|-supereffective|p2a: Kyurem
|-end|p2a: Kyurem|Substitute
|move|p2a: Kyurem|Freeze-Dry|p1a: Ogerpon
|-supereffective|p1a: Ogerpon
|-damage|p1a: Ogerpon|0 fnt
|faint|p1a: Ogerpon
|
|-heal|p2a: Kyurem|39/100|[from] item: Leftovers
|upkeep
|
|t:|1760801154
|switch|p1a: Enamorus|Enamorus, F|100/100
|turn|17
|
|t:|1760801161
|move|p2a: Kyurem|Protect|p2a: Kyurem
|-singleturn|p2a: Kyurem|Protect
|move|p1a: Enamorus|Moonblast|p2a: Kyurem
|-activate|p2a: Kyurem|move: Protect
|
|-heal|p2a: Kyurem|45/100|[from] item: Leftovers
|upkeep
|turn|18
|
|t:|1760801163
|move|p1a: Enamorus|Moonblast|p2a: Kyurem
|-supereffective|p2a: Kyurem
|-damage|p2a: Kyurem|0 fnt
|faint|p2a: Kyurem
|
|upkeep
|
|t:|1760801167
|switch|p2a: Landorus|Landorus-Therian, M|100/100
|-ability|p2a: Landorus|Intimidate|boost
|-boost|p1a: Enamorus|atk|1
|turn|19
|
|t:|1760801172
|switch|p1a: Ribombee|Ribombee, M|33/100 par
|move|p2a: Landorus|U-turn|p1a: Ribombee
|-resisted|p1a: Ribombee
|-damage|p1a: Ribombee|5/100 par
|
|t:|1760801175
|switch|p2a: Blaziken|Blaziken, M|100/100|[from] U-turn
|-activate|p2a: Blaziken|move: Sticky Web
|-unboost|p2a: Blaziken|spe|1
|
|upkeep
|turn|20
|
|t:|1760801178
|move|p2a: Blaziken|Protect|p2a: Blaziken
|-singleturn|p2a: Blaziken|Protect
|cant|p1a: Ribombee|par
|
|-ability|p2a: Blaziken|Speed Boost|boost
|-boost|p2a: Blaziken|spe|1
|upkeep
|turn|21
|
|t:|1760801183
|move|p1a: Ribombee|U-turn|p2a: Blaziken
|-resisted|p2a: Blaziken
|-damage|p2a: Blaziken|96/100
|
|t:|1760801193
|switch|p1a: Great Tusk|Great Tusk|100/100|[from] U-turn
|move|p2a: Blaziken|Swords Dance|p2a: Blaziken
|-boost|p2a: Blaziken|atk|2
|
|-heal|p2a: Blaziken|100/100|[from] item: Leftovers
|-ability|p2a: Blaziken|Speed Boost|boost
|-boost|p2a: Blaziken|spe|1
|upkeep
|turn|22
|
|t:|1760801200
|move|p2a: Blaziken|Protect|p2a: Blaziken
|-singleturn|p2a: Blaziken|Protect
|move|p1a: Great Tusk|Headlong Rush|p2a: Blaziken
|-activate|p2a: Blaziken|move: Protect
|
|-ability|p2a: Blaziken|Speed Boost|boost
|-boost|p2a: Blaziken|spe|1
|upkeep
|turn|23
|
|t:|1760801205
|-terastallize|p2a: Blaziken|Grass
|move|p2a: Blaziken|Swords Dance|p2a: Blaziken
|-boost|p2a: Blaziken|atk|2
|move|p1a: Great Tusk|Headlong Rush|p2a: Blaziken
|-resisted|p2a: Blaziken
|-damage|p2a: Blaziken|49/100
|-unboost|p1a: Great Tusk|def|1
|-unboost|p1a: Great Tusk|spd|1
|
|-heal|p2a: Blaziken|55/100|[from] item: Leftovers
|-ability|p2a: Blaziken|Speed Boost|boost
|-boost|p2a: Blaziken|spe|1
|upkeep
|turn|24
|
|t:|1760801210
|move|p2a: Blaziken|Protect|p2a: Blaziken
|-singleturn|p2a: Blaziken|Protect
|move|p1a: Great Tusk|Ice Spinner|p2a: Blaziken
|-activate|p2a: Blaziken|move: Protect
|
|-heal|p2a: Blaziken|61/100|[from] item: Leftovers
|-ability|p2a: Blaziken|Speed Boost|boost
|-boost|p2a: Blaziken|spe|1
|upkeep
|turn|25
|
|t:|1760801214
|move|p2a: Blaziken|Close Combat|p1a: Great Tusk
|-damage|p1a: Great Tusk|0 fnt
|-unboost|p2a: Blaziken|def|1
|-unboost|p2a: Blaziken|spd|1
|faint|p1a: Great Tusk
|-end|p1a: Great Tusk|Protosynthesis|[silent]
|
|-heal|p2a: Blaziken|67/100|[from] item: Leftovers
|-ability|p2a: Blaziken|Speed Boost|boost
|-boost|p2a: Blaziken|spe|1
|upkeep
|
|t:|1760801235
|switch|p1a: Kyurem|Kyurem|100/100
|-ability|p1a: Kyurem|Pressure
|turn|26
|
|t:|1760801240
|move|p2a: Blaziken|Protect|p2a: Blaziken
|-singleturn|p2a: Blaziken|Protect
|move|p1a: Kyurem|Freeze-Dry|p2a: Blaziken
|-activate|p2a: Blaziken|move: Protect
|
|-heal|p2a: Blaziken|73/100|[from] item: Leftovers
|-ability|p2a: Blaziken|Speed Boost|boost
|-boost|p2a: Blaziken|spe|1
|upkeep
|turn|27
|
|t:|1760801249
|move|p2a: Blaziken|Close Combat|p1a: Kyurem
|-supereffective|p1a: Kyurem
|-damage|p1a: Kyurem|0 fnt
|-unboost|p2a: Blaziken|def|1
|-unboost|p2a: Blaziken|spd|1
|faint|p1a: Kyurem
|
|-heal|p2a: Blaziken|79/100|[from] item: Leftovers
|upkeep
|
|t:|1760801252
|switch|p1a: Enamorus|Enamorus, F|100/100
|turn|28
|
|t:|1760801255
|-terastallize|p1a: Enamorus|Stellar
|move|p2a: Blaziken|Protect|p2a: Blaziken
|-singleturn|p2a: Blaziken|Protect
|move|p1a: Enamorus|Tera Blast|p2a: Blaziken|[anim] Tera Blast Stellar
|-activate|p2a: Blaziken|move: Protect
|
|-heal|p2a: Blaziken|85/100|[from] item: Leftovers
|upkeep
|turn|29
|
|t:|1760801259
|move|p2a: Blaziken|Flare Blitz|p1a: Enamorus
|-damage|p1a: Enamorus|0 fnt
|faint|p1a: Enamorus
|-damage|p2a: Blaziken|53/100|[from] Recoil
|
|-heal|p2a: Blaziken|59/100|[from] item: Leftovers
|upkeep
|
|t:|1760801265
|switch|p1a: Gholdengo|Gholdengo|52/100
|turn|30
|
|t:|1760801268
|move|p2a: Blaziken|Protect|p2a: Blaziken
|-singleturn|p2a: Blaziken|Protect
|move|p1a: Gholdengo|Make It Rain|p2a: Blaziken
|-activate|p2a: Blaziken|move: Protect
|
|-heal|p2a: Blaziken|65/100|[from] item: Leftovers
|upkeep
|turn|31
|
|t:|1760801274
|move|p2a: Blaziken|Flare Blitz|p1a: Gholdengo
|-supereffective|p1a: Gholdengo
|-damage|p1a: Gholdengo|0 fnt
|faint|p1a: Gholdengo
|-damage|p2a: Blaziken|46/100|[from] Recoil
|
|-heal|p2a: Blaziken|52/100|[from] item: Leftovers
|upkeep
|-message|Justtesting1229 forfeited.
|
|win|Avl2121
|raw|Justtesting1229's rating: 1396 &rarr; <strong>1372</strong><br />(-24 for losing)
|raw|Avl2121's rating: 1320 &rarr; <strong>1344</strong><br />(+24 for winning)
|l|‽Justtesting1229
|player|p1|
|l|☆Avl2121
|player|p2|
