|j|☆xail44
|j|☆zah32
|t:|1760828235
|gametype|singles
|player|p1|xail44|101|1091
|player|p2|zah32|pokemonrangerf|1085
|gen|9
|tier|[Gen 9] OU
|rated|
|rule|HP Percentage Mod: HP is shown in percentages
|rule|Endless Battle Clause: Forcing endless battles is banned
|rule|Species Clause: Limit one of each Pokémon
|rule|OHKO Clause: OHKO moves are banned
|rule|Evasion Items Clause: Evasion items are banned
|rule|Evasion Moves Clause: Evasion moves are banned
|rule|Evasion Abilities Clause: Evasion abilities are banned
|rule|Sleep Moves Clause: Sleep-inducing moves are banned
|clearpoke
|poke|p1|Hatterene, F|
|poke|p1|Honchkrow, F|
|poke|p1|Terrakion|
|poke|p1|Alomomola, F|
|poke|p1|Metagross|
|poke|p1|Salazzle, F|
|poke|p2|Iron Jugulis|
|poke|p2|Quaquaval, M|
|poke|p2|Garchomp, M|
|poke|p2|Heatran, M|
|poke|p2|Ogerpon-Cornerstone, F|
|poke|p2|Corviknight, F|
|teampreview
|inactive|Battle timer is ON: inactive players will automatically lose when time's up. (requested by xail44)
|
|t:|1760828248
|teamsize|p1|6
|teamsize|p2|6
|start
|switch|p1a: Terrakion|Terrakion|100/100
|switch|p2a: Heatran|Heatran, M, shiny|100/100
|-item|p2a: Heatran|Air Balloon
|turn|1
|
|t:|1760828265
|move|p1a: Terrakion|Stealth Rock|p2a: Heatran
|-sidestart|p2: zah32|move: Stealth Rock
|move|p2a: Heatran|Earth Power|p1a: Terrakion
|-supereffective|p1a: Terrakion
|-damage|p1a: Terrakion|34/100
|-unboost|p1a: Terrakion|spd|1
|
|-heal|p1a: Terrakion|40/100|[from] item: Leftovers
|upkeep
|turn|2
|
|t:|1760828274
|move|p1a: Terrakion|Close Combat|p2a: Heatran
|-supereffective|p2a: Heatran
|-damage|p2a: Heatran|2/100
|-unboost|p1a: Terrakion|def|1
|-unboost|p1a: Terrakion|spd|1
|-enditem|p2a: Heatran|Air Balloon
|move|p2a: Heatran|Flash Cannon|p1a: Terrakion
|-supereffective|p1a: Terrakion
|-damage|p1a: Terrakion|0 fnt
|faint|p1a: Terrakion
|
|upkeep
|
|t:|1760828289
|switch|p1a: Salazzle|Salazzle, F|100/100
|-item|p1a: Salazzle|Air Balloon
|turn|3
|
|t:|1760828296
|move|p1a: Salazzle|Toxic Spikes|p2a: Heatran
|-sidestart|p2: zah32|move: Toxic Spikes
|move|p2a: Heatran|Flash Cannon|p1a: Salazzle
|-resisted|p1a: Salazzle
|-damage|p1a: Salazzle|59/100
|-enditem|p1a: Salazzle|Air Balloon
|
|upkeep
|turn|4
|
|t:|1760828308
|switch|p1a: Alomomola|Alomomola, F|100/100
|move|p2a: Heatran|Earth Power|p1a: Alomomola
|-damage|p1a: Alomomola|74/100
|
|upkeep
|turn|5
|
|t:|1760828313
|move|p2a: Heatran|Earth Power|p1a: Alomomola
|-damage|p1a: Alomomola|50/100
|move|p1a: Alomomola|Flip Turn|p2a: Heatran
|-supereffective|p2a: Heatran
|-crit|p2a: Heatran
|-damage|p2a: Heatran|0 fnt
|-status|p1a: Alomomola|brn|[from] ability: Flame Body|[of] p2a: Heatran
|faint|p2a: Heatran
|
|t:|1760828318
|switch|p1a: Hatterene|Hatterene, F|100/100|[from] Flip Turn
|
|upkeep
|
|t:|1760828330
|switch|p2a: Corviknight|Corviknight, F|100/100
|-damage|p2a: Corviknight|88/100|[from] Stealth Rock
|-ability|p2a: Corviknight|Pressure
|turn|6
|
|t:|1760828336
|move|p2a: Corviknight|Defog|p1a: Hatterene
|move|p1a: Hatterene|Defog|p2a: Corviknight|[from] ability: Magic Bounce
|-unboost|p2a: Corviknight|evasion|1
|-sideend|p2: zah32|Toxic Spikes|[from] move: Defog|[of] p1a: Hatterene
|-sideend|p2: zah32|Stealth Rock|[from] move: Defog|[of] p1a: Hatterene
|move|p1a: Hatterene|Trick Room|p1a: Hatterene
|-fieldstart|move: Trick Room|[of] p1a: Hatterene
|
|-heal|p2a: Corviknight|94/100|[from] item: Leftovers
|upkeep
|turn|7
|
|t:|1760828352
|move|p1a: Hatterene|Mystical Fire|p2a: Corviknight
|-supereffective|p2a: Corviknight
|-damage|p2a: Corviknight|51/100
|-unboost|p2a: Corviknight|spa|1
|move|p2a: Corviknight|U-turn|p1a: Hatterene
|-crit|p1a: Hatterene
|-damage|p1a: Hatterene|75/100
|
|t:|1760828366
|switch|p2a: Ogerpon|Ogerpon-Cornerstone, F|100/100|[from] U-turn
|
|upkeep
|turn|8
|
|t:|1760828370
|move|p1a: Hatterene|Misty Explosion|p2a: Ogerpon
|-damage|p2a: Ogerpon|28/100
|faint|p1a: Hatterene
|move|p2a: Ogerpon|U-turn|p1: Hatterene|[notarget]
|-fail|p2a: Ogerpon
|
|upkeep
|
|t:|1760828375
|switch|p1a: Honchkrow|Honchkrow, F|100/100
|-enditem|p1a: Honchkrow|Room Service
|-unboost|p1a: Honchkrow|spe|1|[from] item: Room Service
|turn|9
|
|t:|1760828382
|switch|p2a: Garchomp|Garchomp, M, shiny|100/100
|move|p1a: Honchkrow|Acrobatics|p2a: Garchomp
|-damage|p2a: Garchomp|36/100
|-damage|p1a: Honchkrow|88/100|[from] ability: Rough Skin|[of] p2a: Garchomp
|-damage|p1a: Honchkrow|71/100|[from] item: Rocky Helmet|[of] p2a: Garchomp
|
|upkeep
|turn|10
|
|t:|1760828393
|move|p1a: Honchkrow|Acrobatics|p2a: Garchomp
|-damage|p2a: Garchomp|0 fnt
|-damage|p1a: Honchkrow|59/100|[from] ability: Rough Skin|[of] p2a: Garchomp
|-damage|p1a: Honchkrow|42/100|[from] item: Rocky Helmet|[of] p2a: Garchomp
|faint|p2a: Garchomp
|-ability|p1a: Honchkrow|Moxie|boost
|-boost|p1a: Honchkrow|atk|1
|
|-fieldend|move: Trick Room
|upkeep
|
|t:|1760828404
|switch|p2a: Ogerpon|Ogerpon-Cornerstone, F|28/100
|turn|11
|
|t:|1760828408
|move|p1a: Honchkrow|Sucker Punch|p2a: Ogerpon
|-damage|p2a: Ogerpon|0 fnt
|faint|p2a: Ogerpon
|-ability|p1a: Honchkrow|Moxie|boost
|-boost|p1a: Honchkrow|atk|1
|
|upkeep
|
|t:|1760828424
|switch|p2a: Corviknight|Corviknight, F|51/100
|-ability|p2a: Corviknight|Pressure
|turn|12
|
|t:|1760828433
|move|p2a: Corviknight|Iron Defense|p2a: Corviknight
|-boost|p2a: Corviknight|def|2
|move|p1a: Honchkrow|Night Slash|p2a: Corviknight
|-damage|p2a: Corviknight|17/100
|
|-heal|p2a: Corviknight|23/100|[from] item: Leftovers
|upkeep
|turn|13
|
|t:|1760828442
|move|p2a: Corviknight|Iron Defense|p2a: Corviknight
|-boost|p2a: Corviknight|def|2
|move|p1a: Honchkrow|Night Slash|p2a: Corviknight
|-damage|p2a: Corviknight|0 fnt
|faint|p2a: Corviknight
|-ability|p1a: Honchkrow|Moxie|boost
|-boost|p1a: Honchkrow|atk|1
|
|upkeep
|
|t:|1760828453
|switch|p2a: Quaquaval|Quaquaval, M, shiny|100/100
|turn|14
|
|t:|1760828457
|move|p1a: Honchkrow|Sucker Punch|p2a: Quaquaval
|-resisted|p2a: Quaquaval
|-damage|p2a: Quaquaval|40/100
|move|p2a: Quaquaval|Close Combat|p1a: Honchkrow
|-damage|p1a: Honchkrow|0 fnt
|-unboost|p2a: Quaquaval|def|1
|-unboost|p2a: Quaquaval|spd|1
|faint|p1a: Honchkrow
|-ability|p2a: Quaquaval|Moxie|boost
|-boost|p2a: Quaquaval|atk|1
|-damage|p2a: Quaquaval|30/100|[from] item: Life Orb
|
|upkeep
|
|t:|1760828470
|switch|p1a: Salazzle|Salazzle, F|59/100
|turn|15
|
|t:|1760828481
|-terastallize|p2a: Quaquaval|Ground
|move|p1a: Salazzle|Sludge Wave|p2a: Quaquaval
|-resisted|p2a: Quaquaval
|-damage|p2a: Quaquaval|0 fnt
|faint|p2a: Quaquaval
|
|upkeep
|
|t:|1760828486
|switch|p2a: Iron Jugulis|Iron Jugulis, shiny|100/100
|-enditem|p2a: Iron Jugulis|Booster Energy
|-activate|p2a: Iron Jugulis|ability: Quark Drive|[fromitem]
|-start|p2a: Iron Jugulis|quarkdrivespa
|turn|16
|
|t:|1760828498
|move|p1a: Salazzle|Sludge Wave|p2a: Iron Jugulis
|-damage|p2a: Iron Jugulis|42/100
|move|p2a: Iron Jugulis|Flash Cannon|p1a: Salazzle
|-resisted|p1a: Salazzle
|-damage|p1a: Salazzle|23/100
|
|upkeep
|turn|17
|
|t:|1760828505
|move|p1a: Salazzle|Sludge Wave|p2a: Iron Jugulis
|-damage|p2a: Iron Jugulis|0 fnt
|faint|p2a: Iron Jugulis
|-end|p2a: Iron Jugulis|Quark Drive|[silent]
|
|win|xail44
|raw|xail44's rating: 1091 &rarr; <strong>1117</strong><br />(+26 for winning)
|raw|zah32's rating: 1085 &rarr; <strong>1063</strong><br />(-22 for losing)
|c|☆xail44|gg
|l|☆zah32
|player|p2|
|l|☆xail44
|player|p1|
