|j|☆Vastcheetah03
|j|☆KennytheslugSmith
|t:|1760858155
|gametype|singles
|player|p1|Vastcheetah03|lance|1185
|player|p2|KennytheslugSmith|scientist-gen4dp|1136
|gen|9
|tier|[Gen 9] OU
|rated|
|rule|HP Percentage Mod: HP is shown in percentages
|rule|Endless Battle Clause: Forcing endless battles is banned
|rule|Species Clause: Limit one of each Pokémon
|rule|OHKO Clause: OHKO moves are banned
|rule|Evasion Items Clause: Evasion items are banned
|rule|Evasion Moves Clause: Evasion moves are banned
|rule|Evasion Abilities Clause: Evasion abilities are banned
|rule|Sleep Moves Clause: Sleep-inducing moves are banned
|clearpoke
|poke|p1|Shaymin|
|poke|p1|Donphan, M|
|poke|p1|Yanmega, M|
|poke|p1|Milotic, M|
|poke|p1|Bastiodon, M|
|poke|p1|Ceruledge, M|
|poke|p2|Hydrapple, M|
|poke|p2|Skarmory, M|
|poke|p2|Tyranitar, M|
|poke|p2|Alomomola, M|
|poke|p2|Clodsire, F|
|poke|p2|Clefable, F|
|teampreview
|inactive|Battle timer is ON: inactive players will automatically lose when time's up. (requested by Vastcheetah03)
|
|t:|1760858163
|teamsize|p1|6
|teamsize|p2|6
|start
|switch|p1a: Bastiodon|Bastiodon, M, shiny|100/100
|switch|p2a: Tyranitar|Tyranitar, M|100/100
|-weather|Sandstorm|[from] ability: Sand Stream|[of] p2a: Tyranitar
|turn|1
|
|t:|1760858175
|switch|p2a: Skarmory|Skarmory, M|100/100
|move|p1a: Bastiodon|Stealth Rock|p2a: Skarmory
|-sidestart|p2: KennytheslugSmith|move: Stealth Rock
|
|-weather|Sandstorm|[upkeep]
|upkeep
|turn|2
|
|t:|1760858182
|move|p2a: Skarmory|Spikes|p1a: Bastiodon
|-sidestart|p1: Vastcheetah03|Spikes
|move|p1a: Bastiodon|Iron Defense|p1a: Bastiodon
|-boost|p1a: Bastiodon|def|2
|
|-weather|Sandstorm|[upkeep]
|upkeep
|turn|3
|
|t:|1760858189
|move|p2a: Skarmory|Iron Defense|p2a: Skarmory
|-boost|p2a: Skarmory|def|2
|move|p1a: Bastiodon|Iron Defense|p1a: Bastiodon
|-boost|p1a: Bastiodon|def|2
|
|-weather|Sandstorm|[upkeep]
|upkeep
|turn|4
|
|t:|1760858196
|move|p2a: Skarmory|Body Press|p1a: Bastiodon
|-supereffective|p1a: Bastiodon
|-damage|p1a: Bastiodon|47/100
|move|p1a: Bastiodon|Iron Defense|p1a: Bastiodon
|-boost|p1a: Bastiodon|def|2
|
|-weather|Sandstorm|[upkeep]
|-heal|p1a: Bastiodon|54/100|[from] item: Leftovers
|upkeep
|turn|5
|
|t:|1760858206
|-terastallize|p1a: Bastiodon|Fighting
|move|p2a: Skarmory|Iron Defense|p2a: Skarmory
|-boost|p2a: Skarmory|def|2
|move|p1a: Bastiodon|Body Press|p2a: Skarmory
|-damage|p2a: Skarmory|68/100
|
|-weather|none
|-heal|p1a: Bastiodon|60/100|[from] item: Leftovers
|upkeep
|turn|6
|
|t:|1760858218
|move|p2a: Skarmory|Iron Defense|p2a: Skarmory
|-boost|p2a: Skarmory|def|2
|move|p1a: Bastiodon|Roar|p2a: Skarmory
|drag|p2a: Clefable|Clefable, F|100/100
|
|-heal|p1a: Bastiodon|66/100|[from] item: Leftovers
|upkeep
|turn|7
|
|t:|1760858227
|move|p2a: Clefable|Moonblast|p1a: Bastiodon
|-supereffective|p1a: Bastiodon
|-damage|p1a: Bastiodon|26/100
|move|p1a: Bastiodon|Body Press|p2a: Clefable
|-resisted|p2a: Clefable
|-damage|p2a: Clefable|31/100
|
|-heal|p1a: Bastiodon|33/100|[from] item: Leftovers
|upkeep
|turn|8
|
|t:|1760858237
|move|p2a: Clefable|Moonblast|p1a: Bastiodon
|-supereffective|p1a: Bastiodon
|-crit|p1a: Bastiodon
|-damage|p1a: Bastiodon|0 fnt
|faint|p1a: Bastiodon
|
|upkeep
|
|t:|1760858244
|switch|p1a: Donphan|Donphan, M, shiny|100/100
|-damage|p1a: Donphan|88/100|[from] Spikes
|turn|9
|
|t:|1760858248
|switch|p2a: Alomomola|Alomomola, M, shiny|100/100
|move|p1a: Donphan|Rapid Spin|p2a: Alomomola
|-damage|p2a: Alomomola|90/100
|-boost|p1a: Donphan|spe|1
|-sideend|p1: Vastcheetah03|Spikes|[from] move: Rapid Spin|[of] p1a: Donphan
|
|upkeep
|turn|10
|
|t:|1760858256
|switch|p1a: Shaymin|Shaymin|100/100
|move|p2a: Alomomola|Wish|p2a: Alomomola
|
|upkeep
|turn|11
|
|t:|1760858265
|switch|p2a: Clodsire|Clodsire, F|100/100
|move|p1a: Shaymin|Seed Flare|p2a: Clodsire
|-damage|p2a: Clodsire|70/100
|-unboost|p2a: Clodsire|spd|2
|
|-heal|p2a: Clodsire|100/100|[from] move: Wish|[wisher] Alomomola
|upkeep
|turn|12
|
|t:|1760858277
|switch|p2a: Hydrapple|Hydrapple, M|100/100
|move|p1a: Shaymin|Seed Flare|p2a: Hydrapple
|-resisted|p2a: Hydrapple
|-damage|p2a: Hydrapple|88/100
|-unboost|p2a: Hydrapple|spd|2
|
|upkeep
|turn|13
|
|t:|1760858285
|switch|p1a: Yanmega|Yanmega, M, shiny|100/100
|switch|p2a: Clodsire|Clodsire, F|100/100
|
|upkeep
|turn|14
|
|t:|1760858292
|move|p1a: Yanmega|Bug Buzz|p2a: Clodsire
|-resisted|p2a: Clodsire
|-damage|p2a: Clodsire|86/100
|-unboost|p2a: Clodsire|spd|1
|-enditem|p1a: Yanmega|Throat Spray
|-boost|p1a: Yanmega|spa|1|[from] item: Throat Spray
|move|p2a: Clodsire|Toxic|p1a: Yanmega
|-status|p1a: Yanmega|tox
|
|-damage|p1a: Yanmega|94/100 tox|[from] psn
|-ability|p1a: Yanmega|Speed Boost|boost
|-boost|p1a: Yanmega|spe|1
|upkeep
|turn|15
|
|t:|1760858306
|move|p1a: Yanmega|Air Slash|p2a: Clodsire
|-crit|p2a: Clodsire
|-damage|p2a: Clodsire|33/100
|move|p2a: Clodsire|Amnesia|p2a: Clodsire
|-boost|p2a: Clodsire|spd|2
|
|-damage|p1a: Yanmega|82/100 tox|[from] psn
|-ability|p1a: Yanmega|Speed Boost|boost
|-boost|p1a: Yanmega|spe|1
|upkeep
|turn|16
|
|t:|1760858316
|switch|p1a: Donphan|Donphan, M, shiny|88/100
|move|p2a: Clodsire|Recover|p2a: Clodsire
|-heal|p2a: Clodsire|83/100
|
|upkeep
|turn|17
|
|t:|1760858328
|switch|p2a: Alomomola|Alomomola, M, shiny|100/100
|move|p1a: Donphan|Earthquake|p2a: Alomomola
|-damage|p2a: Alomomola|65/100
|
|upkeep
|turn|18
|
|t:|1760858340
|switch|p1a: Shaymin|Shaymin|100/100
|move|p2a: Alomomola|Wish|p2a: Alomomola
|
|upkeep
|turn|19
|
|t:|1760858351
|switch|p2a: Clodsire|Clodsire, F|83/100
|move|p1a: Shaymin|Air Slash|p2a: Clodsire
|-damage|p2a: Clodsire|70/100
|
|-heal|p2a: Clodsire|100/100|[from] move: Wish|[wisher] Alomomola
|upkeep
|turn|20
|
|t:|1760858361
|switch|p1a: Donphan|Donphan, M, shiny|88/100
|move|p2a: Clodsire|Earthquake|p1a: Donphan
|-damage|p1a: Donphan|67/100
|
|upkeep
|turn|21
|
|t:|1760858368
|switch|p2a: Alomomola|Alomomola, M, shiny|99/100
|move|p1a: Donphan|Knock Off|p2a: Alomomola
|-damage|p2a: Alomomola|78/100
|-enditem|p2a: Alomomola|Heavy-Duty Boots|[from] move: Knock Off|[of] p1a: Donphan
|
|upkeep
|turn|22
|
|t:|1760858388
|switch|p1a: Shaymin|Shaymin|100/100
|move|p2a: Alomomola|Wish|p2a: Alomomola
|
|upkeep
|turn|23
|
|t:|1760858396
|switch|p2a: Skarmory|Skarmory, M|68/100
|move|p1a: Shaymin|Seed Flare|p2a: Skarmory|[miss]
|-miss|p1a: Shaymin|p2a: Skarmory
|
|-heal|p2a: Skarmory|100/100|[from] move: Wish|[wisher] Alomomola
|upkeep
|turn|24
|
|t:|1760858410
|switch|p1a: Milotic|Milotic, M, shiny|100/100
|switch|p2a: Clodsire|Clodsire, F|100/100
|
|-status|p1a: Milotic|brn|[from] item: Flame Orb
|upkeep
|turn|25
|l|☆Vastcheetah03
|inactive|Vastcheetah03 disconnected and has a minute to reconnect!
|player|p1|
|inactive|Vastcheetah03 has 30 seconds to reconnect!
|inactive|Vastcheetah03 has 20 seconds to reconnect!
|inactive|Vastcheetah03 has 15 seconds to reconnect!
|inactive|Vastcheetah03 has 10 seconds to reconnect!
|inactive|Vastcheetah03 has 5 seconds to reconnect!
|-message|Vastcheetah03 lost due to inactivity.
|
|win|KennytheslugSmith
|raw|Vastcheetah03's rating: 1185 &rarr; <strong>1156</strong><br />(-29 for losing)
|raw|KennytheslugSmith's rating: 1136 &rarr; <strong>1165</strong><br />(+29 for winning)
|j|☆Vastcheetah03
|player|p1|Vastcheetah03|lance|
|l|☆Vastcheetah03
|player|p1|
