|j|☆106abd
|j|☆mansonabuluting
|t:|1760720439
|gametype|singles
|player|p1|106abd|hilbert-wonderlauncher|1516
|player|p2|mansonabuluting|bellelba|1579
|gen|9
|tier|[Gen 9] OU
|rated|
|rule|HP Percentage Mod: HP is shown in percentages
|rule|Endless Battle Clause: Forcing endless battles is banned
|rule|Species Clause: Limit one of each Pokémon
|rule|OHKO Clause: OHKO moves are banned
|rule|Evasion Items Clause: Evasion items are banned
|rule|Evasion Moves Clause: Evasion moves are banned
|rule|Evasion Abilities Clause: Evasion abilities are banned
|rule|Sleep Moves Clause: Sleep-inducing moves are banned
|clearpoke
|poke|p1|Whimsicott, M|
|poke|p1|Garganacl, M|
|poke|p1|Dragapult, M|
|poke|p1|Talonflame, M|
|poke|p1|Kingambit, M|
|poke|p1|Greninja-*, M|
|poke|p2|Rillaboom, F|
|poke|p2|Hawlucha, F|
|poke|p2|Thundurus-Therian, M|
|poke|p2|Great Tusk|
|poke|p2|Volcanion|
|poke|p2|Goodra-Hisui, F|
|teampreview
|inactive|Battle timer is ON: inactive players will automatically lose when time's up. (requested by mansonabuluting)
|
|t:|1760720467
|teamsize|p1|6
|teamsize|p2|6
|start
|switch|p1a: Whimsicott|Whimsicott, M|100/100
|switch|p2a: Thundurus|Thundurus-Therian, M|100/100
|turn|1
|
|t:|1760720472
|move|p2a: Thundurus|Volt Switch|p1a: Whimsicott
|-resisted|p1a: Whimsicott
|-damage|p1a: Whimsicott|67/100
|
|t:|1760720476
|switch|p2a: Volcanion|Volcanion|100/100|[from] Volt Switch
|move|p1a: Whimsicott|Moonblast|p2a: Volcanion
|-resisted|p2a: Volcanion
|-damage|p2a: Volcanion|77/100
|
|upkeep
|turn|2
|
|t:|1760720485
|switch|p1a: Dragapult|Dragapult, M|100/100
|move|p2a: Volcanion|Overheat|p1a: Dragapult
|-resisted|p1a: Dragapult
|-damage|p1a: Dragapult|29/100
|-unboost|p2a: Volcanion|spa|2
|
|upkeep
|turn|3
|
|t:|1760720501
|switch|p2a: Thundurus|Thundurus-Therian, M|100/100
|move|p1a: Dragapult|Dragon Darts|p2a: Thundurus
|-damage|p2a: Thundurus|56/100
|-anim|p1a: Dragapult|Dragon Darts|p2a: Thundurus
|-damage|p2a: Thundurus|16/100
|
|upkeep
|turn|4
|
|t:|1760720505
|move|p1a: Dragapult|Dragon Darts|p2a: Thundurus
|-damage|p2a: Thundurus|0 fnt
|faint|p2a: Thundurus
|
|upkeep
|
|t:|1760720510
|switch|p2a: Rillaboom|Rillaboom, F|100/100
|-fieldstart|move: Grassy Terrain|[from] ability: Grassy Surge|[of] p2a: Rillaboom
|turn|5
|
|t:|1760720513
|switch|p1a: Talonflame|Talonflame, M|100/100
|move|p2a: Rillaboom|Grassy Glide|p1a: Talonflame
|-resisted|p1a: Talonflame
|-damage|p1a: Talonflame|88/100
|-status|p2a: Rillaboom|brn|[from] ability: Flame Body|[of] p1a: Talonflame
|
|-damage|p2a: Rillaboom|94/100 brn|[from] brn
|upkeep
|turn|6
|
|t:|1760720521
|switch|p1a: Whimsicott|Whimsicott, M|67/100
|switch|p2a: Volcanion|Volcanion|77/100
|
|-heal|p1a: Whimsicott|73/100|[from] Grassy Terrain
|-heal|p2a: Volcanion|83/100|[from] Grassy Terrain
|upkeep
|turn|7
|
|t:|1760720527
|-terastallize|p1a: Whimsicott|Ghost
|move|p1a: Whimsicott|Giga Drain|p2a: Volcanion
|-damage|p2a: Volcanion|31/100
|-heal|p1a: Whimsicott|100/100|[from] drain|[of] p2a: Volcanion
|move|p2a: Volcanion|Steam Eruption|p1a: Whimsicott
|-damage|p1a: Whimsicott|0 fnt
|faint|p1a: Whimsicott
|
|-heal|p2a: Volcanion|37/100|[from] Grassy Terrain
|upkeep
|
|t:|1760720534
|switch|p1a: Dragapult|Dragapult, M|29/100
|turn|8
|
|t:|1760720539
|move|p1a: Dragapult|Dragon Darts|p2a: Volcanion
|-damage|p2a: Volcanion|14/100
|-anim|p1a: Dragapult|Dragon Darts|p2a: Volcanion
|-damage|p2a: Volcanion|0 fnt
|faint|p2a: Volcanion
|
|-heal|p1a: Dragapult|35/100|[from] Grassy Terrain
|upkeep
|
|t:|1760720544
|switch|p2a: Hawlucha|Hawlucha, F|100/100
|-enditem|p2a: Hawlucha|Grassy Seed
|-boost|p2a: Hawlucha|def|1|[from] item: Grassy Seed
|turn|9
|
|t:|1760720548
|switch|p1a: Talonflame|Talonflame, M|88/100
|move|p2a: Hawlucha|Swords Dance|p2a: Hawlucha
|-boost|p2a: Hawlucha|atk|2
|
|-fieldend|move: Grassy Terrain
|upkeep
|turn|10
|
|t:|1760720566
|move|p2a: Hawlucha|Acrobatics|p1a: Talonflame
|-damage|p1a: Talonflame|4/100
|move|p1a: Talonflame|Will-O-Wisp|p2a: Hawlucha
|-status|p2a: Hawlucha|brn
|
|-damage|p2a: Hawlucha|94/100 brn|[from] brn
|upkeep
|turn|11
|
|t:|1760720573
|move|p2a: Hawlucha|Acrobatics|p1a: Talonflame
|-damage|p1a: Talonflame|0 fnt
|faint|p1a: Talonflame
|
|-damage|p2a: Hawlucha|88/100 brn|[from] brn
|upkeep
|
|t:|1760720584
|switch|p1a: Garganacl|Garganacl, M|100/100
|turn|12
|
|t:|1760720592
|move|p1a: Garganacl|Protect|p1a: Garganacl
|-singleturn|p1a: Garganacl|Protect
|move|p2a: Hawlucha|Close Combat|p1a: Garganacl
|-activate|p1a: Garganacl|move: Protect
|
|-damage|p2a: Hawlucha|82/100 brn|[from] brn
|upkeep
|turn|13
|
|t:|1760720595
|move|p2a: Hawlucha|Close Combat|p1a: Garganacl
|-supereffective|p1a: Garganacl
|-damage|p1a: Garganacl|31/100
|-unboost|p2a: Hawlucha|def|1
|-unboost|p2a: Hawlucha|spd|1
|move|p1a: Garganacl|Salt Cure|p2a: Hawlucha
|-damage|p2a: Hawlucha|66/100 brn
|-start|p2a: Hawlucha|Salt Cure
|
|-heal|p1a: Garganacl|37/100|[from] item: Leftovers
|-damage|p2a: Hawlucha|60/100 brn|[from] brn
|-damage|p2a: Hawlucha|48/100 brn|[from] Salt Cure
|upkeep
|turn|14
|
|t:|1760720603
|move|p2a: Hawlucha|Close Combat|p1a: Garganacl
|-supereffective|p1a: Garganacl
|-damage|p1a: Garganacl|0 fnt
|-unboost|p2a: Hawlucha|def|1
|-unboost|p2a: Hawlucha|spd|1
|faint|p1a: Garganacl
|
|-damage|p2a: Hawlucha|41/100 brn|[from] brn
|-damage|p2a: Hawlucha|29/100 brn|[from] Salt Cure
|upkeep
|
|t:|1760720606
|switch|p1a: Kingambit|Kingambit, M|100/100
|-activate|p1a: Kingambit|ability: Supreme Overlord
|-start|p1a: Kingambit|fallen3|[silent]
|turn|15
|
|t:|1760720609
|move|p1a: Kingambit|Sucker Punch|p2a: Hawlucha
|-resisted|p2a: Hawlucha
|-damage|p2a: Hawlucha|0 fnt
|faint|p2a: Hawlucha
|
|upkeep
|
|t:|1760720614
|switch|p2a: Great Tusk|Great Tusk|100/100
|turn|16
|
|t:|1760720631
|-end|p1a: Kingambit|fallen3|[silent]
|switch|p1a: Dragapult|Dragapult, M|35/100
|move|p2a: Great Tusk|Headlong Rush|p1a: Dragapult
|-damage|p1a: Dragapult|0 fnt
|-unboost|p2a: Great Tusk|def|1
|-unboost|p2a: Great Tusk|spd|1
|faint|p1a: Dragapult
|
|upkeep
|
|t:|1760720635
|switch|p1a: Greninja|Greninja, M, shiny|100/100
|turn|17
|
|t:|1760720640
|-end|p2a: Great Tusk|Protosynthesis|[silent]
|switch|p2a: Rillaboom|Rillaboom, F|94/100 brn
|-fieldstart|move: Grassy Terrain|[from] ability: Grassy Surge|[of] p2a: Rillaboom
|move|p1a: Greninja|Ice Beam|p2a: Rillaboom
|-start|p1a: Greninja|typechange|Ice|[from] ability: Protean
|-supereffective|p2a: Rillaboom
|-damage|p2a: Rillaboom|0 fnt
|faint|p2a: Rillaboom
|-damage|p1a: Greninja|91/100|[from] item: Life Orb
|
|-heal|p1a: Greninja|97/100|[from] Grassy Terrain
|upkeep
|
|t:|1760720643
|switch|p2a: Goodra|Goodra-Hisui, F|100/100
|turn|18
|
|t:|1760720646
|switch|p1a: Kingambit|Kingambit, M|100/100
|-activate|p1a: Kingambit|ability: Supreme Overlord
|-start|p1a: Kingambit|fallen4|[silent]
|move|p2a: Goodra|Flash Cannon|p1a: Kingambit
|-resisted|p1a: Kingambit
|-damage|p1a: Kingambit|81/100
|
|-heal|p1a: Kingambit|87/100|[from] Grassy Terrain
|-heal|p1a: Kingambit|94/100|[from] item: Leftovers
|upkeep
|turn|19
|
|t:|1760720653
|move|p1a: Kingambit|Iron Head|p2a: Goodra
|-resisted|p2a: Goodra
|-damage|p2a: Goodra|70/100
|-ability|p2a: Goodra|Gooey
|-unboost|p1a: Kingambit|spe|1
|move|p2a: Goodra|Flamethrower|p1a: Kingambit
|-supereffective|p1a: Kingambit
|-crit|p1a: Kingambit
|-damage|p1a: Kingambit|7/100
|
|-heal|p2a: Goodra|76/100|[from] Grassy Terrain
|-heal|p1a: Kingambit|13/100|[from] Grassy Terrain
|-heal|p1a: Kingambit|19/100|[from] item: Leftovers
|upkeep
|turn|20
|
|t:|1760720667
|move|p1a: Kingambit|Sucker Punch|p2a: Goodra
|-damage|p2a: Goodra|18/100
|-ability|p2a: Goodra|Gooey
|-unboost|p1a: Kingambit|spe|1
|move|p2a: Goodra|Flamethrower|p1a: Kingambit
|-supereffective|p1a: Kingambit
|-damage|p1a: Kingambit|0 fnt
|faint|p1a: Kingambit
|-end|p1a: Kingambit|fallen4|[silent]
|
|-heal|p2a: Goodra|24/100|[from] Grassy Terrain
|upkeep
|
|t:|1760720669
|switch|p1a: Greninja|Greninja, M, shiny|97/100
|turn|21
|
|t:|1760720672
|move|p1a: Greninja|Ice Beam|p2a: Goodra
|-start|p1a: Greninja|typechange|Ice|[from] ability: Protean
|-damage|p2a: Goodra|1/100
|-damage|p1a: Greninja|87/100|[from] item: Life Orb
|move|p2a: Goodra|Draco Meteor|p1a: Greninja
|-damage|p1a: Greninja|0 fnt
|-unboost|p2a: Goodra|spa|2
|faint|p1a: Greninja
|
|win|mansonabuluting
|raw|106abd's rating: 1516 &rarr; <strong>1500</strong><br />(-16 for losing)
|raw|mansonabuluting's rating: 1579 &rarr; <strong>1595</strong><br />(+16 for winning)
|l|☆mansonabuluting
|player|p2|
|l|☆106abd
|player|p1|
