|j|☆WALOSA DE ELITE
|j|☆giogiovannio
|t:|1760820293
|gametype|singles
|player|p1|WALOSA DE ELITE|101|1477
|player|p2|giogiovannio|drayden|1505
|gen|9
|tier|[Gen 9] OU
|rated|
|rule|HP Percentage Mod: HP is shown in percentages
|rule|Endless Battle Clause: Forcing endless battles is banned
|rule|Species Clause: Limit one of each Pokémon
|rule|OHKO Clause: OHKO moves are banned
|rule|Evasion Items Clause: Evasion items are banned
|rule|Evasion Moves Clause: Evasion moves are banned
|rule|Evasion Abilities Clause: Evasion abilities are banned
|rule|Sleep Moves Clause: Sleep-inducing moves are banned
|clearpoke
|poke|p1|Grimmsnarl, M|
|poke|p1|Armarouge, F|
|poke|p1|Clefable, M|
|poke|p1|Latias, F|
|poke|p1|Kyurem|
|poke|p1|Glimmora, F|
|poke|p2|Mabosstiff, F|
|poke|p2|Darkrai|
|poke|p2|Kingambit, F|
|poke|p2|Araquanid, M|
|poke|p2|Glimmora, F|
|poke|p2|Zamazenta-*|
|teampreview
|
|t:|1760820310
|teamsize|p1|6
|teamsize|p2|6
|start
|switch|p1a: Glimmora|Glimmora, F|100/100
|switch|p2a: Araquanid|Araquanid, M|100/100
|turn|1
|
|t:|1760820315
|move|p1a: Glimmora|Power Gem|p2a: Araquanid
|-supereffective|p2a: Araquanid
|-damage|p2a: Araquanid|37/100
|move|p2a: Araquanid|Surf|p1a: Glimmora
|-supereffective|p1a: Glimmora
|-damage|p1a: Glimmora|0 fnt
|faint|p1a: Glimmora
|
|upkeep
|
|t:|1760820324
|switch|p1a: Kyurem|Kyurem|100/100
|-ability|p1a: Kyurem|Pressure
|turn|2
|
|t:|1760820328
|move|p2a: Araquanid|Endure|p2a: Araquanid
|-singleturn|p2a: Araquanid|move: Endure
|move|p1a: Kyurem|Freeze-Dry|p2a: Araquanid
|-supereffective|p2a: Araquanid
|-activate|p2a: Araquanid|move: Endure
|-damage|p2a: Araquanid|1/100
|
|upkeep
|turn|3
|-enditem|p2a: Araquanid|Custap Berry|[eat]
|-activate|p2a: Araquanid|item: Custap Berry|[consumed]
|
|t:|1760820331
|move|p2a: Araquanid|Sticky Web|p1a: Kyurem
|-sidestart|p1: WALOSA DE ELITE|move: Sticky Web
|move|p1a: Kyurem|Freeze-Dry|p2a: Araquanid
|-supereffective|p2a: Araquanid
|-damage|p2a: Araquanid|0 fnt
|faint|p2a: Araquanid
|
|upkeep
|
|t:|1760820338
|switch|p2a: Kingambit|Kingambit, F|100/100
|-activate|p2a: Kingambit|ability: Supreme Overlord
|-start|p2a: Kingambit|fallen1|[silent]
|turn|4
|
|t:|1760820349
|move|p1a: Kyurem|Earth Power|p2a: Kingambit
|-supereffective|p2a: Kingambit
|-damage|p2a: Kingambit|27/100
|move|p2a: Kingambit|Iron Head|p1a: Kyurem
|-supereffective|p1a: Kyurem
|-damage|p1a: Kyurem|0 fnt
|faint|p1a: Kyurem
|
|-heal|p2a: Kingambit|33/100|[from] item: Leftovers
|upkeep
|
|t:|1760820366
|switch|p1a: Grimmsnarl|Grimmsnarl, M|100/100
|-activate|p1a: Grimmsnarl|move: Sticky Web
|-unboost|p1a: Grimmsnarl|spe|1
|turn|5
|
|t:|1760820371
|move|p1a: Grimmsnarl|Reflect|p1a: Grimmsnarl
|-sidestart|p1: WALOSA DE ELITE|Reflect
|move|p2a: Kingambit|Iron Head|p1a: Grimmsnarl
|-supereffective|p1a: Grimmsnarl
|-damage|p1a: Grimmsnarl|36/100
|
|-heal|p2a: Kingambit|40/100|[from] item: Leftovers
|upkeep
|turn|6
|
|t:|1760820375
|switch|p1a: Armarouge|Armarouge, F|100/100
|-activate|p1a: Armarouge|move: Sticky Web
|-unboost|p1a: Armarouge|spe|1
|move|p2a: Kingambit|Iron Head|p1a: Armarouge
|-resisted|p1a: Armarouge
|-damage|p1a: Armarouge|88/100
|-ability|p1a: Armarouge|Weak Armor|boost
|-unboost|p1a: Armarouge|def|1
|-boost|p1a: Armarouge|spe|2
|
|-heal|p2a: Kingambit|46/100|[from] item: Leftovers
|upkeep
|turn|7
|
|t:|1760820386
|-end|p2a: Kingambit|fallen1|[silent]
|switch|p2a: Glimmora|Glimmora, F|100/100
|move|p1a: Armarouge|Iron Defense|p1a: Armarouge
|-boost|p1a: Armarouge|def|2
|
|upkeep
|turn|8
|
|t:|1760820397
|move|p2a: Glimmora|Mortal Spin|p1a: Armarouge
|-damage|p1a: Armarouge|86/100
|-status|p1a: Armarouge|psn
|-ability|p1a: Armarouge|Weak Armor|boost
|-unboost|p1a: Armarouge|def|1
|-boost|p1a: Armarouge|spe|2
|move|p1a: Armarouge|Iron Defense|p1a: Armarouge
|-boost|p1a: Armarouge|def|2
|
|-damage|p1a: Armarouge|73/100 psn|[from] psn
|upkeep
|turn|9
|
|t:|1760820411
|move|p1a: Armarouge|Iron Defense|p1a: Armarouge
|-boost|p1a: Armarouge|def|2
|move|p2a: Glimmora|Meteor Beam||[still]
|-prepare|p2a: Glimmora|Meteor Beam
|-boost|p2a: Glimmora|spa|1
|-enditem|p2a: Glimmora|Power Herb
|-anim|p2a: Glimmora|Meteor Beam|p1a: Armarouge
|-supereffective|p1a: Armarouge
|-damage|p1a: Armarouge|0 fnt
|faint|p1a: Armarouge
|
|upkeep
|
|t:|1760820430
|switch|p1a: Grimmsnarl|Grimmsnarl, M|36/100
|-activate|p1a: Grimmsnarl|move: Sticky Web
|-unboost|p1a: Grimmsnarl|spe|1
|turn|10
|
|t:|1760820434
|move|p1a: Grimmsnarl|Light Screen|p1a: Grimmsnarl
|-sidestart|p1: WALOSA DE ELITE|move: Light Screen
|move|p2a: Glimmora|Earth Power|p1a: Grimmsnarl
|-damage|p1a: Grimmsnarl|20/100
|-unboost|p1a: Grimmsnarl|spd|1
|
|upkeep
|turn|11
|
|t:|1760820441
|switch|p1a: Latias|Latias, F|100/100
|move|p2a: Glimmora|Spikes|p1a: Latias
|-sidestart|p1: WALOSA DE ELITE|Spikes
|
|upkeep
|turn|12
|
|t:|1760820444
|switch|p2a: Darkrai|Darkrai|100/100
|move|p1a: Latias|Agility|p1a: Latias
|-boost|p1a: Latias|spe|2
|
|-sideend|p1: WALOSA DE ELITE|Reflect
|upkeep
|turn|13
|
|t:|1760820447
|move|p2a: Darkrai|Trick|p1a: Latias
|-activate|p2a: Darkrai|move: Trick|[of] p1a: Latias
|-item|p1a: Latias|Choice Scarf|[from] move: Trick
|-item|p2a: Darkrai|Weakness Policy|[from] move: Trick
|move|p1a: Latias|Calm Mind|p1a: Latias
|-boost|p1a: Latias|spa|1
|-boost|p1a: Latias|spd|1
|
|upkeep
|turn|14
|
|t:|1760820454
|move|p1a: Latias|Calm Mind|p1a: Latias
|-boost|p1a: Latias|spa|1
|-boost|p1a: Latias|spd|1
|move|p2a: Darkrai|Sludge Bomb|p1a: Latias
|-crit|p1a: Latias
|-damage|p1a: Latias|64/100
|-status|p1a: Latias|psn
|
|-damage|p1a: Latias|52/100 psn|[from] psn
|upkeep
|turn|15
|
|t:|1760820457
|move|p1a: Latias|Calm Mind|p1a: Latias
|-boost|p1a: Latias|spa|1
|-boost|p1a: Latias|spd|1
|move|p2a: Darkrai|Sludge Bomb|p1a: Latias
|-damage|p1a: Latias|47/100 psn
|
|-damage|p1a: Latias|35/100 psn|[from] psn
|upkeep
|turn|16
|
|t:|1760820461
|move|p1a: Latias|Calm Mind|p1a: Latias
|-boost|p1a: Latias|spa|1
|-boost|p1a: Latias|spd|1
|move|p2a: Darkrai|Dark Pulse|p1a: Latias
|-supereffective|p1a: Latias
|-damage|p1a: Latias|24/100 psn
|
|-damage|p1a: Latias|11/100 psn|[from] psn
|upkeep
|turn|17
|
|t:|1760820465
|move|p1a: Latias|Calm Mind|p1a: Latias
|-boost|p1a: Latias|spa|1
|-boost|p1a: Latias|spd|1
|move|p2a: Darkrai|Sludge Bomb|p1a: Latias
|-damage|p1a: Latias|8/100 psn
|
|-damage|p1a: Latias|0 fnt|[from] psn
|faint|p1a: Latias
|-sideend|p1: WALOSA DE ELITE|move: Light Screen
|upkeep
|
|t:|1760820467
|switch|p1a: Grimmsnarl|Grimmsnarl, M|20/100
|-activate|p1a: Grimmsnarl|move: Sticky Web
|-unboost|p1a: Grimmsnarl|spe|1
|-damage|p1a: Grimmsnarl|7/100|[from] Spikes
|turn|18
|
|t:|1760820480
|move|p1a: Grimmsnarl|Light Screen|p1a: Grimmsnarl
|-sidestart|p1: WALOSA DE ELITE|move: Light Screen
|move|p2a: Darkrai|Trick|p1a: Grimmsnarl
|-activate|p2a: Darkrai|move: Trick|[of] p1a: Grimmsnarl
|-item|p1a: Grimmsnarl|Weakness Policy|[from] move: Trick
|-item|p2a: Darkrai|Light Clay|[from] move: Trick
|
|upkeep
|turn|19
|
|t:|1760820484
|switch|p2a: Zamazenta|Zamazenta|100/100
|-ability|p2a: Zamazenta|Dauntless Shield|boost
|-boost|p2a: Zamazenta|def|1
|move|p1a: Grimmsnarl|Reflect|p1a: Grimmsnarl
|-sidestart|p1: WALOSA DE ELITE|Reflect
|
|upkeep
|turn|20
|
|t:|1760820492
|move|p1a: Grimmsnarl|Spirit Break|p2a: Zamazenta
|-supereffective|p2a: Zamazenta
|-damage|p2a: Zamazenta|71/100
|-unboost|p2a: Zamazenta|spa|1
|move|p2a: Zamazenta|Roar|p1a: Grimmsnarl
|drag|p1a: Clefable|Clefable, M|100/100
|-activate|p1a: Clefable|move: Sticky Web
|-unboost|p1a: Clefable|spe|1
|-damage|p1a: Clefable|88/100|[from] Spikes
|
|-heal|p2a: Zamazenta|77/100|[from] item: Leftovers
|-heal|p1a: Clefable|94/100|[from] item: Leftovers
|upkeep
|turn|21
|
|t:|1760820498
|switch|p2a: Darkrai|Darkrai|100/100
|switch|p1a: Grimmsnarl|Grimmsnarl, M|7/100
|-activate|p1a: Grimmsnarl|move: Sticky Web
|-unboost|p1a: Grimmsnarl|spe|1
|-damage|p1a: Grimmsnarl|0 fnt|[from] Spikes
|faint|p1a: Grimmsnarl
|
|upkeep
|
|t:|1760820500
|switch|p1a: Clefable|Clefable, M|94/100
|-activate|p1a: Clefable|move: Sticky Web
|-unboost|p1a: Clefable|spe|1
|-damage|p1a: Clefable|82/100|[from] Spikes
|turn|22
|
|t:|1760820513
|-terastallize|p2a: Darkrai|Poison
|-terastallize|p1a: Clefable|Steel
|move|p2a: Darkrai|Sludge Bomb|p1a: Clefable
|-immune|p1a: Clefable
|move|p1a: Clefable|Cosmic Power|p1a: Clefable
|-boost|p1a: Clefable|def|1
|-boost|p1a: Clefable|spd|1
|
|-heal|p1a: Clefable|88/100|[from] item: Leftovers
|upkeep
|turn|23
|
|t:|1760820519
|switch|p2a: Zamazenta|Zamazenta|77/100
|move|p1a: Clefable|Cosmic Power|p1a: Clefable
|-boost|p1a: Clefable|def|1
|-boost|p1a: Clefable|spd|1
|
|-heal|p2a: Zamazenta|83/100|[from] item: Leftovers
|-heal|p1a: Clefable|94/100|[from] item: Leftovers
|-sideend|p1: WALOSA DE ELITE|Reflect
|upkeep
|turn|24
|
|t:|1760820521
|move|p2a: Zamazenta|Body Press|p1a: Clefable
|-supereffective|p1a: Clefable
|-damage|p1a: Clefable|68/100
|move|p1a: Clefable|Cosmic Power|p1a: Clefable
|-boost|p1a: Clefable|def|1
|-boost|p1a: Clefable|spd|1
|
|-heal|p2a: Zamazenta|89/100|[from] item: Leftovers
|-heal|p1a: Clefable|74/100|[from] item: Leftovers
|upkeep
|turn|25
|
|t:|1760820524
|move|p2a: Zamazenta|Iron Defense|p2a: Zamazenta
|-boost|p2a: Zamazenta|def|2
|move|p1a: Clefable|Cosmic Power|p1a: Clefable
|-boost|p1a: Clefable|def|1
|-boost|p1a: Clefable|spd|1
|
|-heal|p2a: Zamazenta|95/100|[from] item: Leftovers
|-heal|p1a: Clefable|80/100|[from] item: Leftovers
|-sideend|p1: WALOSA DE ELITE|move: Light Screen
|upkeep
|turn|26
|
|t:|1760820529
|switch|p2a: Darkrai|Darkrai, tera:Poison|100/100
|move|p1a: Clefable|Cosmic Power|p1a: Clefable
|-boost|p1a: Clefable|def|1
|-boost|p1a: Clefable|spd|1
|
|-heal|p1a: Clefable|86/100|[from] item: Leftovers
|upkeep
|turn|27
|
|t:|1760820532
|move|p2a: Darkrai|Dark Pulse|p1a: Clefable
|-damage|p1a: Clefable|75/100
|move|p1a: Clefable|Cosmic Power|p1a: Clefable
|-boost|p1a: Clefable|def|1
|-boost|p1a: Clefable|spd|1
|
|-heal|p1a: Clefable|81/100|[from] item: Leftovers
|upkeep
|turn|28
|
|t:|1760820535
|move|p2a: Darkrai|Dark Pulse|p1a: Clefable
|-damage|p1a: Clefable|72/100
|cant|p1a: Clefable|flinch
|
|-heal|p1a: Clefable|78/100|[from] item: Leftovers
|upkeep
|turn|29
|
|t:|1760820538
|move|p2a: Darkrai|Dark Pulse|p1a: Clefable
|-damage|p1a: Clefable|68/100
|move|p1a: Clefable|Moonlight|p1a: Clefable
|-heal|p1a: Clefable|100/100
|
|upkeep
|turn|30
|
|t:|1760820541
|move|p2a: Darkrai|Dark Pulse|p1a: Clefable
|-damage|p1a: Clefable|90/100
|move|p1a: Clefable|Stored Power|p2a: Darkrai
|-supereffective|p2a: Darkrai
|-damage|p2a: Darkrai|0 fnt
|faint|p2a: Darkrai
|
|-heal|p1a: Clefable|96/100|[from] item: Leftovers
|upkeep
|
|t:|1760820546
|switch|p2a: Mabosstiff|Mabosstiff, F|100/100
|turn|31
|
|t:|1760820549
|move|p2a: Mabosstiff|Crunch|p1a: Clefable
|-damage|p1a: Clefable|84/100
|move|p1a: Clefable|Moonblast|p2a: Mabosstiff
|-supereffective|p2a: Mabosstiff
|-damage|p2a: Mabosstiff|2/100
|-unboost|p2a: Mabosstiff|spa|1
|
|-heal|p1a: Clefable|90/100|[from] item: Leftovers
|upkeep
|turn|32
|
|t:|1760820554
|move|p2a: Mabosstiff|Crunch|p1a: Clefable
|-damage|p1a: Clefable|79/100
|move|p1a: Clefable|Moonblast|p2a: Mabosstiff
|-supereffective|p2a: Mabosstiff
|-damage|p2a: Mabosstiff|0 fnt
|faint|p2a: Mabosstiff
|
|-heal|p1a: Clefable|85/100|[from] item: Leftovers
|upkeep
|
|t:|1760820556
|switch|p2a: Glimmora|Glimmora, F|100/100
|turn|33
|
|t:|1760820559
|move|p2a: Glimmora|Earth Power|p1a: Clefable
|-supereffective|p1a: Clefable
|-damage|p1a: Clefable|70/100
|move|p1a: Clefable|Stored Power|p2a: Glimmora
|-supereffective|p2a: Glimmora
|-damage|p2a: Glimmora|0 fnt
|faint|p2a: Glimmora
|
|-heal|p1a: Clefable|76/100|[from] item: Leftovers
|upkeep
|
|t:|1760820563
|switch|p2a: Kingambit|Kingambit, F|46/100
|-activate|p2a: Kingambit|ability: Supreme Overlord
|-start|p2a: Kingambit|fallen4|[silent]
|turn|34
|
|t:|1760820567
|move|p2a: Kingambit|Kowtow Cleave|p1a: Clefable
|-damage|p1a: Clefable|63/100
|move|p1a: Clefable|Moonblast|p2a: Kingambit
|-damage|p2a: Kingambit|10/100
|-unboost|p2a: Kingambit|spa|1
|
|-heal|p2a: Kingambit|17/100|[from] item: Leftovers
|-heal|p1a: Clefable|69/100|[from] item: Leftovers
|upkeep
|turn|35
|
|t:|1760820571
|move|p2a: Kingambit|Kowtow Cleave|p1a: Clefable
|-damage|p1a: Clefable|56/100
|move|p1a: Clefable|Moonlight|p1a: Clefable
|-heal|p1a: Clefable|100/100
|
|-heal|p2a: Kingambit|23/100|[from] item: Leftovers
|upkeep
|turn|36
|
|t:|1760820574
|move|p2a: Kingambit|Kowtow Cleave|p1a: Clefable
|-damage|p1a: Clefable|87/100
|move|p1a: Clefable|Moonblast|p2a: Kingambit
|-damage|p2a: Kingambit|0 fnt
|faint|p2a: Kingambit
|-end|p2a: Kingambit|fallen4|[silent]
|
|-heal|p1a: Clefable|93/100|[from] item: Leftovers
|upkeep
|
|t:|1760820577
|switch|p2a: Zamazenta|Zamazenta|95/100
|turn|37
|
|t:|1760820579
|move|p2a: Zamazenta|Body Press|p1a: Clefable
|-supereffective|p1a: Clefable
|-damage|p1a: Clefable|81/100
|move|p1a: Clefable|Stored Power|p2a: Zamazenta
|-supereffective|p2a: Zamazenta
|-damage|p2a: Zamazenta|10/100
|
|-heal|p2a: Zamazenta|16/100|[from] item: Leftovers
|-heal|p1a: Clefable|87/100|[from] item: Leftovers
|upkeep
|turn|38
|
|t:|1760820582
|move|p2a: Zamazenta|Body Press|p1a: Clefable
|-supereffective|p1a: Clefable
|-damage|p1a: Clefable|74/100
|move|p1a: Clefable|Stored Power|p2a: Zamazenta
|-supereffective|p2a: Zamazenta
|-damage|p2a: Zamazenta|0 fnt
|faint|p2a: Zamazenta
|
|win|WALOSA DE ELITE
|raw|WALOSA DE ELITE's rating: 1477 &rarr; <strong>1499</strong><br />(+22 for winning)
|raw|giogiovannio's rating: 1505 &rarr; <strong>1483</strong><br />(-22 for losing)
|l|☆giogiovannio
|player|p2|
