|j|☆CorporateMgmt
|j|☆obezer
|t:|1760750933
|gametype|singles
|player|p1|CorporateMgmt|erika|1147
|player|p2|obezer|2|1193
|gen|9
|tier|[Gen 9] OU
|rated|
|rule|HP Percentage Mod: HP is shown in percentages
|rule|Endless Battle Clause: Forcing endless battles is banned
|rule|Species Clause: Limit one of each Pokémon
|rule|OHKO Clause: OHKO moves are banned
|rule|Evasion Items Clause: Evasion items are banned
|rule|Evasion Moves Clause: Evasion moves are banned
|rule|Evasion Abilities Clause: Evasion abilities are banned
|rule|Sleep Moves Clause: Sleep-inducing moves are banned
|clearpoke
|poke|p1|Entei|
|poke|p1|Hatterene, F|
|poke|p1|Samurott-Hisui, M|
|poke|p1|Great Tusk|
|poke|p1|Gholdengo|
|poke|p1|Iron Boulder|
|poke|p2|Garchomp, F|
|poke|p2|Drifblim, M|
|poke|p2|Araquanid, F|
|poke|p2|Sinistcha|
|poke|p2|Forretress, M|
|poke|p2|Bellibolt, F|
|teampreview
|
|t:|1760750964
|teamsize|p1|6
|teamsize|p2|6
|start
|switch|p1a: Samurott|Samurott-Hisui, M|100/100
|switch|p2a: Araquanid|Araquanid, F|100/100
|turn|1
|
|t:|1760750972
|move|p1a: Samurott|Ceaseless Edge|p2a: Araquanid
|-damage|p2a: Araquanid|39/100
|-sidestart|p2: obezer|Spikes
|move|p2a: Araquanid|Sticky Web|p1a: Samurott
|-sidestart|p1: CorporateMgmt|move: Sticky Web
|
|upkeep
|turn|2
|
|t:|1760750979
|switch|p2a: Forretress|Forretress, M|100/100
|-damage|p2a: Forretress|88/100|[from] Spikes
|move|p1a: Samurott|Ceaseless Edge|p2a: Forretress
|-damage|p2a: Forretress|64/100
|-sidestart|p2: obezer|Spikes
|
|-heal|p2a: Forretress|71/100|[from] item: Leftovers
|upkeep
|turn|3
|
|t:|1760750991
|move|p1a: Samurott|Ceaseless Edge|p2a: Forretress
|-damage|p2a: Forretress|44/100
|-sidestart|p2: obezer|Spikes
|move|p2a: Forretress|Rapid Spin|p1a: Samurott
|-damage|p1a: Samurott|86/100
|-boost|p2a: Forretress|spe|1
|-sideend|p2: obezer|Spikes|[from] move: Rapid Spin|[of] p2a: Forretress
|
|-heal|p2a: Forretress|50/100|[from] item: Leftovers
|upkeep
|turn|4
|
|t:|1760751001
|move|p1a: Samurott|Ceaseless Edge|p2a: Forretress
|-damage|p2a: Forretress|25/100
|-sidestart|p2: obezer|Spikes
|move|p2a: Forretress|Counter|p1a: Samurott
|-damage|p1a: Samurott|30/100
|
|-heal|p2a: Forretress|31/100|[from] item: Leftovers
|upkeep
|turn|5
|
|t:|1760751011
|move|p1a: Samurott|Ceaseless Edge|p2a: Forretress
|-damage|p2a: Forretress|6/100
|-sidestart|p2: obezer|Spikes
|move|p2a: Forretress|Volt Switch|p1a: Samurott
|-supereffective|p1a: Samurott
|-damage|p1a: Samurott|0 fnt
|faint|p1a: Samurott
|
|t:|1760751022
|switch|p2a: Garchomp|Garchomp, F|100/100|[from] Volt Switch
|-damage|p2a: Garchomp|84/100|[from] Spikes
|
|upkeep
|
|t:|1760751027
|switch|p1a: Great Tusk|Great Tusk|100/100
|turn|6
|
|t:|1760751048
|switch|p2a: Sinistcha|Sinistcha|100/100
|-damage|p2a: Sinistcha|84/100|[from] Spikes
|move|p1a: Great Tusk|Rapid Spin|p2a: Sinistcha
|-immune|p2a: Sinistcha
|
|upkeep
|turn|7
|
|t:|1760751056
|move|p1a: Great Tusk|Knock Off|p2a: Sinistcha
|-supereffective|p2a: Sinistcha
|-crit|p2a: Sinistcha
|-damage|p2a: Sinistcha|14/100
|-enditem|p2a: Sinistcha|Covert Cloak|[from] move: Knock Off|[of] p1a: Great Tusk
|move|p2a: Sinistcha|Matcha Gotcha|p1a: Great Tusk
|-supereffective|p1a: Great Tusk
|-damage|p1a: Great Tusk|9/100
|-heal|p2a: Sinistcha|63/100|[from] drain|[of] p1a: Great Tusk
|
|upkeep
|turn|8
|
|t:|1760751067
|move|p1a: Great Tusk|Knock Off|p2a: Sinistcha
|-supereffective|p2a: Sinistcha
|-damage|p2a: Sinistcha|32/100
|move|p2a: Sinistcha|Strength Sap|p1a: Great Tusk
|-unboost|p1a: Great Tusk|atk|1
|-heal|p2a: Sinistcha|100/100
|
|upkeep
|turn|9
|
|t:|1760751077
|-end|p1a: Great Tusk|Protosynthesis|[silent]
|switch|p1a: Entei|Entei|100/100
|-activate|p1a: Entei|move: Sticky Web
|-unboost|p1a: Entei|spe|1
|move|p2a: Sinistcha|Calm Mind|p2a: Sinistcha
|-boost|p2a: Sinistcha|spa|1
|-boost|p2a: Sinistcha|spd|1
|
|upkeep
|turn|10
|
|t:|1760751084
|move|p1a: Entei|Sacred Fire|p2a: Sinistcha
|-supereffective|p2a: Sinistcha
|-damage|p2a: Sinistcha|67/100
|move|p2a: Sinistcha|Calm Mind|p2a: Sinistcha
|-boost|p2a: Sinistcha|spa|1
|-boost|p2a: Sinistcha|spd|1
|
|upkeep
|turn|11
|
|t:|1760751090
|move|p1a: Entei|Sacred Fire|p2a: Sinistcha
|-supereffective|p2a: Sinistcha
|-damage|p2a: Sinistcha|35/100
|-status|p2a: Sinistcha|brn
|move|p2a: Sinistcha|Strength Sap|p1a: Entei
|-unboost|p1a: Entei|atk|1
|-heal|p2a: Sinistcha|100/100 brn
|
|-damage|p2a: Sinistcha|98/100 brn|[from] brn
|upkeep
|turn|12
|
|t:|1760751101
|move|p1a: Entei|Sacred Fire|p2a: Sinistcha
|-supereffective|p2a: Sinistcha
|-damage|p2a: Sinistcha|73/100 brn
|move|p2a: Sinistcha|Shadow Ball|p1a: Entei
|-damage|p1a: Entei|50/100
|
|-damage|p2a: Sinistcha|70/100 brn|[from] brn
|upkeep
|turn|13
|
|t:|1760751111
|move|p1a: Entei|Sacred Fire|p2a: Sinistcha
|-supereffective|p2a: Sinistcha
|-damage|p2a: Sinistcha|47/100 brn
|move|p2a: Sinistcha|Calm Mind|p2a: Sinistcha
|-boost|p2a: Sinistcha|spa|1
|-boost|p2a: Sinistcha|spd|1
|
|-damage|p2a: Sinistcha|44/100 brn|[from] brn
|upkeep
|turn|14
|
|t:|1760751120
|switch|p1a: Gholdengo|Gholdengo|100/100
|-activate|p1a: Gholdengo|move: Sticky Web
|-unboost|p1a: Gholdengo|spe|1
|move|p2a: Sinistcha|Strength Sap|p1a: Gholdengo
|-immune|p1a: Gholdengo|[from] ability: Good as Gold
|
|-damage|p2a: Sinistcha|42/100 brn|[from] brn
|upkeep
|turn|15
|
|t:|1760751128
|move|p1a: Gholdengo|Shadow Ball|p2a: Sinistcha
|-supereffective|p2a: Sinistcha
|-damage|p2a: Sinistcha|0 fnt
|faint|p2a: Sinistcha
|
|upkeep
|
|t:|1760751143
|switch|p2a: Garchomp|Garchomp, F|84/100
|-damage|p2a: Garchomp|67/100|[from] Spikes
|turn|16
|
|t:|1760751152
|switch|p1a: Hatterene|Hatterene, F|100/100
|-activate|p1a: Hatterene|move: Sticky Web
|-unboost|p1a: Hatterene|spe|1
|move|p2a: Garchomp|Dragon Tail|p1a: Hatterene
|-immune|p1a: Hatterene
|
|upkeep
|turn|17
|
|t:|1760751160
|switch|p2a: Forretress|Forretress, M|6/100
|-damage|p2a: Forretress|0 fnt|[from] Spikes
|faint|p2a: Forretress
|move|p1a: Hatterene|Draining Kiss|p2: Forretress|[notarget]
|-fail|p1a: Hatterene
|
|upkeep
|
|t:|1760751179
|switch|p2a: Drifblim|Drifblim, M|100/100
|turn|18
|
|t:|1760751188
|move|p2a: Drifblim|Shadow Ball|p1a: Hatterene
|-supereffective|p1a: Hatterene
|-damage|p1a: Hatterene|26/100
|move|p1a: Hatterene|Calm Mind|p1a: Hatterene
|-boost|p1a: Hatterene|spa|1
|-boost|p1a: Hatterene|spd|1
|
|-heal|p1a: Hatterene|32/100|[from] item: Leftovers
|-status|p2a: Drifblim|brn|[from] item: Flame Orb
|upkeep
|turn|19
|
|t:|1760751196
|move|p2a: Drifblim|Shadow Ball|p1a: Hatterene
|-supereffective|p1a: Hatterene
|-damage|p1a: Hatterene|0 fnt
|faint|p1a: Hatterene
|
|-damage|p2a: Drifblim|94/100 brn|[from] brn
|upkeep
|
|t:|1760751200
|switch|p1a: Great Tusk|Great Tusk|9/100
|turn|20
|
|t:|1760751221
|-terastallize|p2a: Drifblim|Ice
|move|p1a: Great Tusk|Knock Off|p2a: Drifblim
|-damage|p2a: Drifblim|48/100 brn
|-enditem|p2a: Drifblim|Flame Orb|[from] move: Knock Off|[of] p1a: Great Tusk
|move|p2a: Drifblim|Strength Sap|p1a: Great Tusk
|-unboost|p1a: Great Tusk|atk|1
|-heal|p2a: Drifblim|100/100 brn
|
|-damage|p2a: Drifblim|94/100 brn|[from] brn
|upkeep
|turn|21
|
|t:|1760751237
|move|p1a: Great Tusk|Rapid Spin|p2a: Drifblim
|-damage|p2a: Drifblim|78/100 brn
|-boost|p1a: Great Tusk|spe|1
|-sideend|p1: CorporateMgmt|Sticky Web|[from] move: Rapid Spin|[of] p1a: Great Tusk
|move|p2a: Drifblim|Icy Wind|p1a: Great Tusk
|-supereffective|p1a: Great Tusk
|-damage|p1a: Great Tusk|0 fnt
|faint|p1a: Great Tusk
|-end|p1a: Great Tusk|Protosynthesis|[silent]
|
|-damage|p2a: Drifblim|72/100 brn|[from] brn
|upkeep
|
|t:|1760751243
|switch|p1a: Entei|Entei|50/100
|turn|22
|
|t:|1760751250
|move|p1a: Entei|Sacred Fire|p2a: Drifblim
|-supereffective|p2a: Drifblim
|-damage|p2a: Drifblim|0 fnt
|faint|p2a: Drifblim
|
|upkeep
|
|t:|1760751254
|switch|p2a: Garchomp|Garchomp, F|67/100
|-damage|p2a: Garchomp|51/100|[from] Spikes
|turn|23
|
|t:|1760751261
|move|p1a: Entei|Sacred Fire|p2a: Garchomp
|-resisted|p2a: Garchomp
|-damage|p2a: Garchomp|37/100
|move|p2a: Garchomp|Earthquake|p1a: Entei
|-supereffective|p1a: Entei
|-damage|p1a: Entei|0 fnt
|faint|p1a: Entei
|
|upkeep
|
|t:|1760751269
|switch|p1a: Gholdengo|Gholdengo|100/100
|turn|24
|
|t:|1760751273
|move|p1a: Gholdengo|Dazzling Gleam|p2a: Garchomp
|-supereffective|p2a: Garchomp
|-damage|p2a: Garchomp|0 fnt
|faint|p2a: Garchomp
|
|upkeep
|
|t:|1760751279
|switch|p2a: Bellibolt|Bellibolt, F|100/100
|-damage|p2a: Bellibolt|84/100|[from] Spikes
|turn|25
|
|t:|1760751284
|switch|p1a: Iron Boulder|Iron Boulder|100/100
|-enditem|p1a: Iron Boulder|Booster Energy
|-activate|p1a: Iron Boulder|ability: Quark Drive|[fromitem]
|-start|p1a: Iron Boulder|quarkdrivespe
|move|p2a: Bellibolt|Charge Beam|p1a: Iron Boulder
|-damage|p1a: Iron Boulder|75/100
|-boost|p2a: Bellibolt|spa|1
|
|upkeep
|turn|26
|
|t:|1760751292
|move|p1a: Iron Boulder|Swords Dance|p1a: Iron Boulder
|-boost|p1a: Iron Boulder|atk|2
|move|p2a: Bellibolt|Parabolic Charge|p1a: Iron Boulder
|-damage|p1a: Iron Boulder|32/100
|-heal|p2a: Bellibolt|100/100|[from] drain|[of] p1a: Iron Boulder
|
|upkeep
|turn|27
|
|t:|1760751300
|move|p1a: Iron Boulder|Mighty Cleave|p2a: Bellibolt
|-damage|p2a: Bellibolt|16/100
|-start|p2a: Bellibolt|Charge|Mighty Cleave|[from] ability: Electromorphosis
|move|p2a: Bellibolt|Parabolic Charge|p1a: Iron Boulder
|-damage|p1a: Iron Boulder|0 fnt
|-heal|p2a: Bellibolt|28/100|[from] drain|[of] p1a: Iron Boulder
|faint|p1a: Iron Boulder
|-end|p1a: Iron Boulder|Quark Drive|[silent]
|-end|p2a: Bellibolt|Charge|[silent]
|
|upkeep
|
|t:|1760751308
|switch|p1a: Gholdengo|Gholdengo|100/100
|turn|28
|
|t:|1760751313
|move|p1a: Gholdengo|Shadow Ball|p2a: Bellibolt
|-damage|p2a: Bellibolt|1/100
|-start|p2a: Bellibolt|Charge|Shadow Ball|[from] ability: Electromorphosis
|move|p2a: Bellibolt|Parabolic Charge|p1a: Gholdengo
|-damage|p1a: Gholdengo|0 fnt
|-heal|p2a: Bellibolt|39/100|[from] drain|[of] p1a: Gholdengo
|faint|p1a: Gholdengo
|-end|p2a: Bellibolt|Charge|[silent]
|
|win|obezer
|raw|CorporateMgmt's rating: 1147 &rarr; <strong>1125</strong><br />(-22 for losing)
|raw|obezer's rating: 1193 &rarr; <strong>1215</strong><br />(+22 for winning)
|l|☆CorporateMgmt
|player|p1|
|l|☆obezer
|player|p2|
