|j|☆CyborgParrot127
|j|☆OP Earthquakes
|t:|1760882771
|gametype|singles
|player|p1|CyborgParrot127|266|1579
|player|p2|OP Earthquakes|giovanni-masters|1546
|gen|9
|tier|[Gen 9] OU
|rated|
|rule|HP Percentage Mod: HP is shown in percentages
|rule|Endless Battle Clause: Forcing endless battles is banned
|rule|Species Clause: Limit one of each Pokémon
|rule|OHKO Clause: OHKO moves are banned
|rule|Evasion Items Clause: Evasion items are banned
|rule|Evasion Moves Clause: Evasion moves are banned
|rule|Evasion Abilities Clause: Evasion abilities are banned
|rule|Sleep Moves Clause: Sleep-inducing moves are banned
|clearpoke
|poke|p1|Tyranitar, F|
|poke|p1|Excadrill, F|
|poke|p1|Hydrapple, M|
|poke|p1|Tornadus-Therian, M|
|poke|p1|Iron Valiant|
|poke|p1|Arcanine-Hisui, F|
|poke|p2|Excadrill, M|
|poke|p2|Hawlucha, M|
|poke|p2|Kyurem|
|poke|p2|Tyranitar, M|
|poke|p2|Pawmot, F|
|poke|p2|Thundurus-Therian, M|
|teampreview
|inactive|Battle timer is ON: inactive players will automatically lose when time's up. (requested by OP Earthquakes)
|inactive|OP Earthquakes has 120 seconds left.
|inactive|OP Earthquakes has 90 seconds left.
|inactive|OP Earthquakes has 60 seconds left.
|
|t:|1760882873
|teamsize|p1|6
|teamsize|p2|6
|start
|switch|p1a: Tyranitar|Tyranitar, F|100/100
|switch|p2a: OP|Excadrill, M|100/100
|-weather|Sandstorm|[from] ability: Sand Stream|[of] p1a: Tyranitar
|turn|1
|
|t:|1760882884
|move|p2a: OP|Iron Head|p1a: Tyranitar
|-supereffective|p1a: Tyranitar
|-damage|p1a: Tyranitar|0 fnt
|faint|p1a: Tyranitar
|
|-weather|Sandstorm|[upkeep]
|upkeep
|
|t:|1760882894
|switch|p1a: Arcanine|Arcanine-Hisui, F|100/100
|turn|2
|
|t:|1760882905
|move|p2a: OP|Iron Head|p1a: Arcanine
|-damage|p1a: Arcanine|5/100
|move|p1a: Arcanine|Close Combat|p2a: OP
|-supereffective|p2a: OP
|-damage|p2a: OP|0 fnt
|-unboost|p1a: Arcanine|def|1
|-unboost|p1a: Arcanine|spd|1
|faint|p2a: OP
|
|-weather|Sandstorm|[upkeep]
|upkeep
|
|t:|1760882910
|switch|p2a: Thundurus|Thundurus-Therian, M|100/100
|turn|3
|
|t:|1760882914
|switch|p1a: Hydrapple|Hydrapple, M|100/100
|move|p2a: Thundurus|Dark Pulse|p1a: Hydrapple
|-damage|p1a: Hydrapple|65/100
|
|-weather|Sandstorm|[upkeep]
|-damage|p2a: Thundurus|94/100|[from] Sandstorm
|-damage|p1a: Hydrapple|59/100|[from] Sandstorm
|upkeep
|turn|4
|
|t:|1760882931
|move|p2a: Thundurus|Dark Pulse|p1a: Hydrapple
|-damage|p1a: Hydrapple|27/100
|move|p1a: Hydrapple|Draco Meteor|p2a: Thundurus
|-damage|p2a: Thundurus|17/100
|-unboost|p1a: Hydrapple|spa|2
|
|-weather|Sandstorm|[upkeep]
|-damage|p2a: Thundurus|11/100|[from] Sandstorm
|-damage|p1a: Hydrapple|20/100|[from] Sandstorm
|upkeep
|turn|5
|
|t:|1760882938
|switch|p1a: Tornadus|Tornadus-Therian, M|100/100
|move|p2a: Thundurus|Dark Pulse|p1a: Tornadus
|-damage|p1a: Tornadus|76/100
|
|-weather|none
|upkeep
|turn|6
|
|t:|1760882941
|switch|p2a: Shukaku|Tyranitar, M, shiny|100/100
|-weather|Sandstorm|[from] ability: Sand Stream|[of] p2a: Shukaku
|move|p1a: Tornadus|Knock Off|p2a: Shukaku
|-resisted|p2a: Shukaku
|-damage|p2a: Shukaku|94/100
|-enditem|p2a: Shukaku|Smooth Rock|[from] move: Knock Off|[of] p1a: Tornadus
|
|-weather|Sandstorm|[upkeep]
|-damage|p1a: Tornadus|70/100|[from] Sandstorm
|upkeep
|turn|7
|
|t:|1760882945
|move|p1a: Tornadus|U-turn|p2a: Shukaku
|-supereffective|p2a: Shukaku
|-damage|p2a: Shukaku|74/100
|
|t:|1760882950
|switch|p1a: Hydrapple|Hydrapple, M|54/100|[from] U-turn
|move|p2a: Shukaku|Stealth Rock|p1a: Hydrapple
|-sidestart|p1: CyborgParrot127|move: Stealth Rock
|
|-weather|Sandstorm|[upkeep]
|-damage|p1a: Hydrapple|48/100|[from] Sandstorm
|upkeep
|turn|8
|
|t:|1760882958
|move|p2a: Shukaku|Ice Beam|p1a: Hydrapple
|-supereffective|p1a: Hydrapple
|-damage|p1a: Hydrapple|0 fnt
|faint|p1a: Hydrapple
|
|-weather|Sandstorm|[upkeep]
|upkeep
|
|t:|1760882964
|switch|p1a: Excadrill|Excadrill, F|100/100
|-damage|p1a: Excadrill|97/100|[from] Stealth Rock
|-item|p1a: Excadrill|Air Balloon
|turn|9
|inactive|OP Earthquakes has 120 seconds left.
|inactive|OP Earthquakes has 90 seconds left.
|inactive|OP Earthquakes has 60 seconds left.
|
|t:|1760883064
|-terastallize|p2a: Shukaku|Ghost
|move|p1a: Excadrill|Swords Dance|p1a: Excadrill
|-boost|p1a: Excadrill|atk|2
|move|p2a: Shukaku|Ice Beam|p1a: Excadrill
|-damage|p1a: Excadrill|66/100
|-enditem|p1a: Excadrill|Air Balloon
|
|-weather|Sandstorm|[upkeep]
|-damage|p2a: Shukaku|68/100|[from] Sandstorm
|upkeep
|turn|10
|inactive|OP Earthquakes has 60 seconds left.
|
|t:|1760883073
|switch|p2a: Thundurus|Thundurus-Therian, M|11/100
|move|p1a: Excadrill|Earthquake|p2a: Thundurus
|-immune|p2a: Thundurus
|
|-weather|Sandstorm|[upkeep]
|-damage|p2a: Thundurus|5/100|[from] Sandstorm
|upkeep
|turn|11
|
|t:|1760883080
|switch|p2a: Shukaku|Tyranitar, M, shiny, tera:Ghost|68/100
|move|p1a: Excadrill|Rock Slide|p2a: Shukaku
|-damage|p2a: Shukaku|32/100
|
|-weather|Sandstorm|[upkeep]
|-damage|p2a: Shukaku|26/100|[from] Sandstorm
|upkeep
|turn|12
|
|t:|1760883091
|switch|p2a: Thundurus|Thundurus-Therian, M|5/100
|move|p1a: Excadrill|Rock Slide|p2a: Thundurus
|-supereffective|p2a: Thundurus
|-damage|p2a: Thundurus|0 fnt
|faint|p2a: Thundurus
|
|-weather|Sandstorm|[upkeep]
|upkeep
|inactive|OP Earthquakes has 60 seconds left.
|
|t:|1760883110
|switch|p2a: Itachi|Hawlucha, M, shiny|100/100
|-ability|p2a: Itachi|Mold Breaker
|turn|13
|
|t:|1760883117
|-terastallize|p1a: Excadrill|Ghost
|move|p1a: Excadrill|Rapid Spin|p2a: Itachi
|-damage|p2a: Itachi|45/100
|-boost|p1a: Excadrill|spe|1
|-sideend|p1: CyborgParrot127|Stealth Rock|[from] move: Rapid Spin|[of] p1a: Excadrill
|-enditem|p2a: Itachi|Red Card|[of] p1a: Excadrill
|drag|p1a: Iron Valiant|Iron Valiant|100/100
|-enditem|p1a: Iron Valiant|Booster Energy
|-activate|p1a: Iron Valiant|ability: Quark Drive|[fromitem]
|-start|p1a: Iron Valiant|quarkdrivespe
|move|p2a: Itachi|Brave Bird|p1a: Iron Valiant
|-supereffective|p1a: Iron Valiant
|-damage|p1a: Iron Valiant|0 fnt
|faint|p1a: Iron Valiant
|-end|p1a: Iron Valiant|Quark Drive|[silent]
|-damage|p2a: Itachi|14/100|[from] Recoil
|
|-weather|none
|upkeep
|
|t:|1760883126
|switch|p1a: Tornadus|Tornadus-Therian, M|100/100
|turn|14
|c|☆OP Earthquakes|TY
|
|t:|1760883139
|move|p1a: Tornadus|Bleakwind Storm|p2a: Itachi
|-supereffective|p2a: Itachi
|-damage|p2a: Itachi|0 fnt
|faint|p2a: Itachi
|
|upkeep
|
|t:|1760883142
|switch|p2a: Porunga|Pawmot, F|100/100
|turn|15
|
|t:|1760883153
|move|p1a: Tornadus|Bleakwind Storm|p2a: Porunga|[miss]
|-miss|p1a: Tornadus|p2a: Porunga
|move|p2a: Porunga|Revival Blessing|p2a: Porunga
|-enditem|p2a: Porunga|Leppa Berry|[eat]
|-activate|p2a: Porunga|item: Leppa Berry|Revival Blessing|[consumed]
|
|t:|1760883159
|-heal|p2: Thundurus|50/100|[from] move: Revival Blessing
|
|upkeep
|turn|16
|-message|CyborgParrot127 forfeited.
|
|win|OP Earthquakes
|raw|CyborgParrot127's rating: 1579 &rarr; <strong>1557</strong><br />(-22 for losing)
|raw|OP Earthquakes's rating: 1546 &rarr; <strong>1568</strong><br />(+22 for winning)
|l|☆CyborgParrot127
|player|p1|
|l|☆OP Earthquakes
|player|p2|
