|j|☆Scoobenvonduben
|j|☆mightynoctowl
|t:|1760852465
|gametype|singles
|player|p1|Scoobenvonduben|brawly|1326
|player|p2|mightynoctowl|169|1304
|gen|9
|tier|[Gen 9] OU
|rated|
|rule|HP Percentage Mod: HP is shown in percentages
|rule|Endless Battle Clause: Forcing endless battles is banned
|rule|Species Clause: Limit one of each Pokémon
|rule|OHKO Clause: OHKO moves are banned
|rule|Evasion Items Clause: Evasion items are banned
|rule|Evasion Moves Clause: Evasion moves are banned
|rule|Evasion Abilities Clause: Evasion abilities are banned
|rule|Sleep Moves Clause: Sleep-inducing moves are banned
|clearpoke
|poke|p1|Blissey, F|
|poke|p1|Skeledirge, M|
|poke|p1|Gliscor, F|
|poke|p1|Gyarados, M|
|poke|p1|Corviknight, M|
|poke|p1|Grafaiai, F|
|poke|p2|Moltres|
|poke|p2|Chansey, F|
|poke|p2|Clefable, F|
|poke|p2|Sandslash, F|
|poke|p2|Vileplume, F|
|poke|p2|Jolteon, F|
|teampreview
|inactive|Battle timer is ON: inactive players will automatically lose when time's up. (requested by mightynoctowl)
|
|t:|1760852473
|teamsize|p1|6
|teamsize|p2|6
|start
|switch|p1a: Gliscor|Gliscor, F, shiny|100/100
|switch|p2a: Sandslash|Sandslash, F|100/100
|turn|1
|
|t:|1760852475
|move|p1a: Gliscor|Protect|p1a: Gliscor
|-singleturn|p1a: Gliscor|Protect
|move|p2a: Sandslash|Knock Off|p1a: Gliscor
|-activate|p1a: Gliscor|move: Protect
|
|-status|p1a: Gliscor|tox|[from] item: Toxic Orb
|upkeep
|turn|2
|
|t:|1760852479
|move|p1a: Gliscor|Toxic|p2a: Sandslash
|-status|p2a: Sandslash|tox
|move|p2a: Sandslash|Spikes|p1a: Gliscor
|-sidestart|p1: Scoobenvonduben|Spikes
|
|-damage|p2a: Sandslash|94/100 tox|[from] psn
|upkeep
|turn|3
|
|t:|1760852483
|switch|p2a: Vileplume|Vileplume, F|100/100
|move|p1a: Gliscor|Spikes|p2a: Vileplume
|-sidestart|p2: mightynoctowl|Spikes
|
|upkeep
|turn|4
|
|t:|1760852487
|move|p1a: Gliscor|Protect|p1a: Gliscor
|-singleturn|p1a: Gliscor|Protect
|move|p2a: Vileplume|Leech Seed|p1a: Gliscor
|-activate|p1a: Gliscor|move: Protect
|
|upkeep
|turn|5
|
|t:|1760852494
|switch|p1a: Grafaiai|Grafaiai, F|100/100
|-damage|p1a: Grafaiai|88/100|[from] Spikes
|move|p2a: Vileplume|Giga Drain|p1a: Grafaiai
|-resisted|p1a: Grafaiai
|-damage|p1a: Grafaiai|75/100
|
|-heal|p1a: Grafaiai|81/100|[from] item: Leftovers
|upkeep
|turn|6
|j| Jinghan Yu
|l| Jinghan Yu
|
|t:|1760852499
|switch|p2a: Sandslash|Sandslash, F|94/100 tox
|-damage|p2a: Sandslash|82/100 tox|[from] Spikes
|move|p1a: Grafaiai|Encore||[still]
|-fail|p1a: Grafaiai
|
|-heal|p1a: Grafaiai|87/100|[from] item: Leftovers
|-heal|p2a: Sandslash|88/100 tox|[from] item: Leftovers
|-damage|p2a: Sandslash|82/100 tox|[from] psn
|upkeep
|turn|7
|
|t:|1760852505
|move|p1a: Grafaiai|Protect|p1a: Grafaiai
|-singleturn|p1a: Grafaiai|Protect
|move|p2a: Sandslash|Rapid Spin|p1a: Grafaiai
|-activate|p1a: Grafaiai|move: Protect
|
|-heal|p1a: Grafaiai|93/100|[from] item: Leftovers
|-heal|p2a: Sandslash|88/100 tox|[from] item: Leftovers
|-damage|p2a: Sandslash|76/100 tox|[from] psn
|upkeep
|turn|8
|
|t:|1760852509
|move|p1a: Grafaiai|Encore|p2a: Sandslash
|-start|p2a: Sandslash|Encore
|move|p2a: Sandslash|Rapid Spin|p1a: Grafaiai
|-damage|p1a: Grafaiai|76/100
|-boost|p2a: Sandslash|spe|1
|-sideend|p2: mightynoctowl|Spikes|[from] move: Rapid Spin|[of] p2a: Sandslash
|
|-heal|p1a: Grafaiai|82/100|[from] item: Leftovers
|-heal|p2a: Sandslash|82/100 tox|[from] item: Leftovers
|-damage|p2a: Sandslash|63/100 tox|[from] psn
|upkeep
|turn|9
|
|t:|1760852520
|switch|p2a: Vileplume|Vileplume, F|100/100
|move|p1a: Grafaiai|Knock Off|p2a: Vileplume
|-damage|p2a: Vileplume|85/100
|-status|p1a: Grafaiai|slp|[from] ability: Effect Spore|[of] p2a: Vileplume
|-enditem|p2a: Vileplume|Leftovers|[from] move: Knock Off|[of] p1a: Grafaiai
|
|-heal|p1a: Grafaiai|88/100 slp|[from] item: Leftovers
|upkeep
|turn|10
|
|t:|1760852530
|cant|p1a: Grafaiai|slp
|move|p2a: Vileplume|Leech Seed|p1a: Grafaiai|[miss]
|-miss|p2a: Vileplume|p1a: Grafaiai
|
|-heal|p1a: Grafaiai|94/100 slp|[from] item: Leftovers
|upkeep
|turn|11
|
|t:|1760852533
|cant|p1a: Grafaiai|slp
|move|p2a: Vileplume|Leech Seed|p1a: Grafaiai
|-start|p1a: Grafaiai|move: Leech Seed
|
|-heal|p1a: Grafaiai|99/100 slp|[from] item: Leftovers
|-damage|p1a: Grafaiai|88/100 slp|[from] Leech Seed|[of] p2a: Vileplume
|-heal|p2a: Vileplume|97/100|[silent]
|upkeep
|turn|12
|
|t:|1760852540
|-curestatus|p1a: Grafaiai|slp|[msg]
|move|p1a: Grafaiai|Protect|p1a: Grafaiai
|-singleturn|p1a: Grafaiai|Protect
|move|p2a: Vileplume|Strength Sap|p1a: Grafaiai
|-activate|p1a: Grafaiai|move: Protect
|
|-heal|p1a: Grafaiai|94/100|[from] item: Leftovers
|-damage|p1a: Grafaiai|81/100|[from] Leech Seed|[of] p2a: Vileplume
|-heal|p2a: Vileplume|100/100|[silent]
|upkeep
|turn|13
|
|t:|1760852556
|move|p1a: Grafaiai|Encore|p2a: Vileplume
|-start|p2a: Vileplume|Encore
|move|p2a: Vileplume|Strength Sap|p1a: Grafaiai
|-unboost|p1a: Grafaiai|atk|1
|
|-heal|p1a: Grafaiai|87/100|[from] item: Leftovers
|-damage|p1a: Grafaiai|75/100|[from] Leech Seed|[of] p2a: Vileplume
|upkeep
|turn|14
|
|t:|1760852564
|switch|p1a: Blissey|Blissey, F|100/100
|-damage|p1a: Blissey|88/100|[from] Spikes
|switch|p2a: Sandslash|Sandslash, F|63/100 tox
|
|-heal|p2a: Sandslash|69/100 tox|[from] item: Leftovers
|-heal|p1a: Blissey|94/100|[from] item: Leftovers
|-damage|p2a: Sandslash|63/100 tox|[from] psn
|upkeep
|turn|15
|
|t:|1760852574
|move|p2a: Sandslash|Knock Off|p1a: Blissey
|-damage|p1a: Blissey|75/100
|-enditem|p1a: Blissey|Leftovers|[from] move: Knock Off|[of] p2a: Sandslash
|move|p1a: Blissey|Stealth Rock|p2a: Sandslash
|-sidestart|p2: mightynoctowl|move: Stealth Rock
|
|-heal|p2a: Sandslash|69/100 tox|[from] item: Leftovers
|-damage|p2a: Sandslash|57/100 tox|[from] psn
|upkeep
|turn|16
|
|t:|1760852582
|-terastallize|p1a: Blissey|Ghost
|move|p2a: Sandslash|Rapid Spin|p1a: Blissey
|-immune|p1a: Blissey
|move|p1a: Blissey|Seismic Toss|p2a: Sandslash
|-damage|p2a: Sandslash|29/100 tox
|
|-heal|p2a: Sandslash|35/100 tox|[from] item: Leftovers
|-damage|p2a: Sandslash|16/100 tox|[from] psn
|upkeep
|turn|17
|
|t:|1760852595
|switch|p1a: Gliscor|Gliscor, F, shiny|100/100 tox
|move|p2a: Sandslash|Spikes|p1a: Gliscor
|-sidestart|p1: Scoobenvonduben|Spikes
|
|-heal|p2a: Sandslash|23/100 tox|[from] item: Leftovers
|-damage|p2a: Sandslash|0 fnt|[from] psn
|faint|p2a: Sandslash
|upkeep
|
|t:|1760852606
|switch|p2a: Vileplume|Vileplume, F|100/100
|-damage|p2a: Vileplume|88/100|[from] Stealth Rock
|turn|18
|
|t:|1760852609
|move|p1a: Gliscor|Spikes|p2a: Vileplume
|-sidestart|p2: mightynoctowl|Spikes
|move|p2a: Vileplume|Leech Seed|p1a: Gliscor
|-start|p1a: Gliscor|move: Leech Seed
|
|-damage|p1a: Gliscor|88/100 tox|[from] Leech Seed|[of] p2a: Vileplume
|-heal|p2a: Vileplume|100/100|[silent]
|-heal|p1a: Gliscor|100/100 tox|[from] ability: Poison Heal
|upkeep
|turn|19
|
|t:|1760852616
|move|p1a: Gliscor|Spikes|p2a: Vileplume
|-sidestart|p2: mightynoctowl|Spikes
|move|p2a: Vileplume|Giga Drain|p1a: Gliscor
|-damage|p1a: Gliscor|75/100 tox
|
|-damage|p1a: Gliscor|63/100 tox|[from] Leech Seed|[of] p2a: Vileplume
|-heal|p1a: Gliscor|75/100 tox|[from] ability: Poison Heal
|upkeep
|turn|20
|
|t:|1760852620
|move|p1a: Gliscor|Spikes|p2a: Vileplume
|-sidestart|p2: mightynoctowl|Spikes
|move|p2a: Vileplume|Strength Sap|p1a: Gliscor
|-unboost|p1a: Gliscor|atk|1
|
|-damage|p1a: Gliscor|63/100 tox|[from] Leech Seed|[of] p2a: Vileplume
|-heal|p1a: Gliscor|75/100 tox|[from] ability: Poison Heal
|upkeep
|turn|21
|
|t:|1760852625
|switch|p1a: Corviknight|Corviknight, M|100/100
|move|p2a: Vileplume|Giga Drain|p1a: Corviknight
|-resisted|p1a: Corviknight
|-damage|p1a: Corviknight|96/100
|
|-heal|p1a: Corviknight|100/100|[from] item: Leftovers
|upkeep
|turn|22
|
|t:|1760852630
|switch|p2a: Moltres|Moltres|100/100
|move|p1a: Corviknight|Brave Bird|p2a: Moltres
|-damage|p2a: Moltres|76/100
|-status|p1a: Corviknight|brn|[from] ability: Flame Body|[of] p2a: Moltres
|-damage|p1a: Corviknight|93/100 brn|[from] Recoil
|
|-heal|p1a: Corviknight|99/100 brn|[from] item: Leftovers
|-damage|p1a: Corviknight|93/100 brn|[from] brn
|upkeep
|turn|23
|
|t:|1760852636
|switch|p1a: Blissey|Blissey, F, tera:Ghost|75/100
|-damage|p1a: Blissey|58/100|[from] Spikes
|move|p2a: Moltres|Roar|p1a: Blissey
|drag|p1a: Corviknight|Corviknight, M|93/100 brn
|
|-heal|p1a: Corviknight|99/100 brn|[from] item: Leftovers
|-damage|p1a: Corviknight|93/100 brn|[from] brn
|upkeep
|turn|24
|
|t:|1760852643
|move|p2a: Moltres|Flamethrower|p1a: Corviknight
|-supereffective|p1a: Corviknight
|-damage|p1a: Corviknight|40/100 brn
|move|p1a: Corviknight|Roost|p1a: Corviknight
|-heal|p1a: Corviknight|90/100 brn
|-singleturn|p1a: Corviknight|move: Roost
|
|-heal|p1a: Corviknight|96/100 brn|[from] item: Leftovers
|-damage|p1a: Corviknight|90/100 brn|[from] brn
|upkeep
|turn|25
|
|t:|1760852647
|switch|p1a: Blissey|Blissey, F, tera:Ghost|58/100
|-damage|p1a: Blissey|42/100|[from] Spikes
|move|p2a: Moltres|Roar|p1a: Blissey
|drag|p1a: Grafaiai|Grafaiai, F|75/100
|-damage|p1a: Grafaiai|58/100|[from] Spikes
|
|-heal|p1a: Grafaiai|64/100|[from] item: Leftovers
|upkeep
|turn|26
|
|t:|1760852654
|move|p1a: Grafaiai|Toxic|p2a: Moltres
|-status|p2a: Moltres|tox
|move|p2a: Moltres|Flamethrower|p1a: Grafaiai
|-damage|p1a: Grafaiai|27/100
|
|-heal|p1a: Grafaiai|33/100|[from] item: Leftovers
|-damage|p2a: Moltres|70/100 tox|[from] psn
|upkeep
|turn|27
|
|t:|1760852659
|move|p1a: Grafaiai|Knock Off|p2a: Moltres
|-damage|p2a: Moltres|56/100 tox
|-enditem|p2a: Moltres|Heavy-Duty Boots|[from] move: Knock Off|[of] p1a: Grafaiai
|move|p2a: Moltres|Roar|p1a: Grafaiai
|drag|p1a: Skeledirge|Skeledirge, M|100/100
|-damage|p1a: Skeledirge|84/100|[from] Spikes
|
|-heal|p1a: Skeledirge|90/100|[from] item: Leftovers
|-damage|p2a: Moltres|44/100 tox|[from] psn
|upkeep
|turn|28
|
|t:|1760852670
|move|p2a: Moltres|U-turn|p1a: Skeledirge
|-resisted|p1a: Skeledirge
|-crit|p1a: Skeledirge
|-damage|p1a: Skeledirge|86/100
|
|t:|1760852674
|switch|p2a: Chansey|Chansey, F|100/100|[from] U-turn
|-damage|p2a: Chansey|88/100|[from] Stealth Rock
|-damage|p2a: Chansey|63/100|[from] Spikes
|move|p1a: Skeledirge|Slack Off|p1a: Skeledirge
|-heal|p1a: Skeledirge|100/100
|
|upkeep
|turn|29
|
|t:|1760852678
|move|p1a: Skeledirge|Will-O-Wisp|p2a: Chansey
|-status|p2a: Chansey|brn
|move|p2a: Chansey|Thunder Wave|p1a: Skeledirge
|-status|p1a: Skeledirge|par
|
|-damage|p2a: Chansey|57/100 brn|[from] brn
|upkeep
|turn|30
|
|t:|1760852683
|switch|p1a: Blissey|Blissey, F, tera:Ghost|42/100
|-damage|p1a: Blissey|25/100|[from] Spikes
|move|p2a: Chansey|Stealth Rock|p1a: Blissey
|-sidestart|p1: Scoobenvonduben|move: Stealth Rock
|
|-damage|p2a: Chansey|51/100 brn|[from] brn
|upkeep
|turn|31
|
|t:|1760852696
|-curestatus|p2a: Chansey|brn|[from] ability: Natural Cure
|switch|p2a: Jolteon|Jolteon, F|100/100
|-damage|p2a: Jolteon|88/100|[from] Stealth Rock
|-damage|p2a: Jolteon|64/100|[from] Spikes
|move|p1a: Blissey|Soft-Boiled|p1a: Blissey
|-heal|p1a: Blissey|75/100
|
|-heal|p2a: Jolteon|70/100|[from] item: Leftovers
|upkeep
|turn|32
|-message|mightynoctowl forfeited.
|
|win|Scoobenvonduben
|raw|Scoobenvonduben's rating: 1326 &rarr; <strong>1345</strong><br />(+19 for winning)
|raw|mightynoctowl's rating: 1304 &rarr; <strong>1285</strong><br />(-19 for losing)
|l|☆mightynoctowl
|player|p2|
|l|☆Scoobenvonduben
|player|p1|
