|j|☆crazey19
|j|☆marlon5555
|t:|1760819011
|gametype|singles
|player|p1|crazey19|265|1494
|player|p2|marlon5555|az|1456
|gen|9
|tier|[Gen 9] OU
|rated|
|rule|HP Percentage Mod: HP is shown in percentages
|rule|Endless Battle Clause: Forcing endless battles is banned
|rule|Species Clause: Limit one of each Pokémon
|rule|OHKO Clause: OHKO moves are banned
|rule|Evasion Items Clause: Evasion items are banned
|rule|Evasion Moves Clause: Evasion moves are banned
|rule|Evasion Abilities Clause: Evasion abilities are banned
|rule|Sleep Moves Clause: Sleep-inducing moves are banned
|clearpoke
|poke|p1|Sceptile, M|
|poke|p1|Rillaboom, M|
|poke|p1|Iron Moth|
|poke|p1|Glimmora, M|
|poke|p1|Samurott-Hisui, M|
|poke|p1|Iron Crown|
|poke|p2|Glimmora, F|
|poke|p2|Slither Wing|
|poke|p2|Samurott-Hisui, F|
|poke|p2|Latios, M|
|poke|p2|Slowking-Galar, F|
|poke|p2|Gholdengo|
|teampreview
|
|t:|1760819026
|teamsize|p1|6
|teamsize|p2|6
|start
|switch|p1a: Rillaboom|Rillaboom, M|100/100
|switch|p2a: Cuck|Latios, M, shiny|100/100
|-fieldstart|move: Grassy Terrain|[from] ability: Grassy Surge|[of] p1a: Rillaboom
|turn|1
|
|t:|1760819034
|move|p2a: Cuck|Luster Purge|p1a: Rillaboom
|-damage|p1a: Rillaboom|33/100
|-unboost|p1a: Rillaboom|spd|1
|move|p1a: Rillaboom|Knock Off|p2a: Cuck
|-supereffective|p2a: Cuck
|-damage|p2a: Cuck|5/100
|-enditem|p2a: Cuck|Soul Dew|[from] move: Knock Off|[of] p1a: Rillaboom
|
|-heal|p1a: Rillaboom|39/100|[from] Grassy Terrain
|upkeep
|turn|2
|
|t:|1760819043
|switch|p2a: Pubic|Slither Wing, shiny|100/100
|move|p1a: Rillaboom|Grassy Glide|p2a: Pubic
|-resisted|p2a: Pubic
|-damage|p2a: Pubic|85/100
|
|-heal|p1a: Rillaboom|45/100|[from] Grassy Terrain
|-heal|p2a: Pubic|91/100|[from] Grassy Terrain
|upkeep
|turn|3
|
|t:|1760819052
|switch|p1a: Glimmora|Glimmora, M|100/100
|move|p2a: Pubic|U-turn|p1a: Glimmora
|-resisted|p1a: Glimmora
|-damage|p1a: Glimmora|80/100
|-activate|p1a: Glimmora|ability: Toxic Debris
|-sidestart|p2: marlon5555|move: Toxic Spikes
|
|t:|1760819059
|-end|p2a: Pubic|Protosynthesis|[silent]
|switch|p2a: Cuck|Latios, M, shiny|5/100|[from] U-turn
|
|-heal|p1a: Glimmora|86/100|[from] Grassy Terrain
|upkeep
|turn|4
|
|t:|1760819064
|switch|p1a: Samurott|Samurott-Hisui, M|100/100
|move|p2a: Cuck|Luster Purge|p1a: Samurott
|-immune|p1a: Samurott
|
|upkeep
|turn|5
|
|t:|1760819070
|switch|p2a: Pubic|Slither Wing, shiny|91/100
|move|p1a: Samurott|Sucker Punch||[still]
|-fail|p1a: Samurott
|
|-heal|p2a: Pubic|97/100|[from] Grassy Terrain
|upkeep
|turn|6
|
|t:|1760819080
|switch|p1a: Iron Crown|Iron Crown|100/100
|move|p2a: Pubic|U-turn|p1a: Iron Crown
|-damage|p1a: Iron Crown|69/100
|
|t:|1760819085
|-end|p2a: Pubic|Protosynthesis|[silent]
|switch|p2a: Hair cutter|Samurott-Hisui, F, shiny|100/100|[from] U-turn
|
|-heal|p1a: Iron Crown|75/100|[from] Grassy Terrain
|upkeep
|turn|7
|
|t:|1760819090
|move|p1a: Iron Crown|Volt Switch|p2a: Hair cutter
|-supereffective|p2a: Hair cutter
|-damage|p2a: Hair cutter|0 fnt
|faint|p2a: Hair cutter
|
|t:|1760819098
|-end|p1a: Iron Crown|Quark Drive|[silent]
|switch|p1a: lizard|Sceptile, M, shiny|100/100|[from] Volt Switch
|-enditem|p1a: lizard|Grassy Seed
|-boost|p1a: lizard|def|1|[from] item: Grassy Seed
|
|upkeep
|
|t:|1760819103
|switch|p2a: Pubic|Slither Wing, shiny|97/100
|turn|8
|
|t:|1760819110
|move|p1a: lizard|Substitute|p1a: lizard
|-start|p1a: lizard|Substitute
|-damage|p1a: lizard|76/100
|move|p2a: Pubic|Will-O-Wisp||[still]
|-fail|p2a: Pubic
|
|-heal|p1a: lizard|82/100|[from] Grassy Terrain
|-heal|p2a: Pubic|100/100|[from] Grassy Terrain
|-fieldend|move: Grassy Terrain
|upkeep
|turn|9
|
|t:|1760819117
|move|p1a: lizard|Swords Dance|p1a: lizard
|-boost|p1a: lizard|atk|2
|move|p2a: Pubic|U-turn|p1a: lizard
|-supereffective|p1a: lizard
|-end|p1a: lizard|Substitute
|
|t:|1760819123
|-end|p2a: Pubic|Protosynthesis|[silent]
|switch|p2a: Social media|Glimmora, F, shiny|100/100|[from] U-turn
|-sideend|p2: marlon5555|move: Toxic Spikes|[of] p2a: Social media
|
|upkeep
|turn|10
|
|t:|1760819128
|move|p1a: lizard|Leaf Blade|p2a: Social media
|-damage|p2a: Social media|0 fnt
|-activate|p2a: Social media|ability: Toxic Debris
|-sidestart|p1: crazey19|move: Toxic Spikes
|faint|p2a: Social media
|
|upkeep
|
|t:|1760819134
|switch|p2a: Pubic|Slither Wing, shiny|100/100
|turn|11
|
|t:|1760819139
|move|p2a: Pubic|First Impression|p1a: lizard
|-supereffective|p1a: lizard
|-damage|p1a: lizard|2/100
|move|p1a: lizard|Leaf Blade|p2a: Pubic
|-resisted|p2a: Pubic
|-damage|p2a: Pubic|69/100
|
|upkeep
|turn|12
|
|t:|1760819147
|move|p1a: lizard|Leaf Blade|p2a: Pubic
|-resisted|p2a: Pubic
|-damage|p2a: Pubic|40/100
|move|p2a: Pubic|U-turn|p1a: lizard
|-supereffective|p1a: lizard
|-damage|p1a: lizard|0 fnt
|faint|p1a: lizard
|
|t:|1760819157
|-end|p2a: Pubic|Protosynthesis|[silent]
|switch|p2a: Cuck|Latios, M, shiny|5/100|[from] U-turn
|
|upkeep
|
|t:|1760819162
|switch|p1a: Iron Moth|Iron Moth|100/100
|-sideend|p1: crazey19|move: Toxic Spikes|[of] p1a: Iron Moth
|-enditem|p1a: Iron Moth|Booster Energy
|-activate|p1a: Iron Moth|ability: Quark Drive|[fromitem]
|-start|p1a: Iron Moth|quarkdrivespe
|turn|13
|
|t:|1760819167
|switch|p2a: Sheist|Slowking-Galar, F, shiny|100/100
|move|p1a: Iron Moth|Fiery Dance|p2a: Sheist
|-damage|p2a: Sheist|77/100
|
|upkeep
|turn|14
|
|t:|1760819173
|move|p1a: Iron Moth|Substitute|p1a: Iron Moth
|-start|p1a: Iron Moth|Substitute
|-damage|p1a: Iron Moth|76/100
|-prepare|p2a: Sheist|Chilly Reception|[premajor]
|move|p2a: Sheist|Chilly Reception|p2a: Sheist
|-weather|Snowscape
|
|t:|1760819179
|switch|p2a: Cuck|Latios, M, shiny|5/100|[from] Chilly Reception
|
|-weather|Snowscape|[upkeep]
|upkeep
|turn|15
|
|t:|1760819184
|move|p1a: Iron Moth|Fiery Dance|p2a: Cuck
|-resisted|p2a: Cuck
|-damage|p2a: Cuck|0 fnt
|-boost|p1a: Iron Moth|spa|1
|faint|p2a: Cuck
|
|-weather|Snowscape|[upkeep]
|upkeep
|-message|marlon5555 forfeited.
|
|win|crazey19
|raw|crazey19's rating: 1494 &rarr; <strong>1512</strong><br />(+18 for winning)
|raw|marlon5555's rating: 1456 &rarr; <strong>1438</strong><br />(-18 for losing)
|l|☆marlon5555
|player|p2|
|l|☆crazey19
|player|p1|
