|j|☆jojosworld
|j|☆qaqkiller
|t:|1760755002
|gametype|singles
|player|p1|jojosworld|cynthia|1459
|player|p2|qaqkiller|maid|1572
|gen|9
|tier|[Gen 9] OU
|rated|
|rule|HP Percentage Mod: HP is shown in percentages
|rule|Endless Battle Clause: Forcing endless battles is banned
|rule|Species Clause: Limit one of each Pokémon
|rule|OHKO Clause: OHKO moves are banned
|rule|Evasion Items Clause: Evasion items are banned
|rule|Evasion Moves Clause: Evasion moves are banned
|rule|Evasion Abilities Clause: Evasion abilities are banned
|rule|Sleep Moves Clause: Sleep-inducing moves are banned
|clearpoke
|poke|p1|Dragapult, F|
|poke|p1|Alomomola, F|
|poke|p1|Clodsire, F|
|poke|p1|Corviknight, F|
|poke|p1|Fezandipiti, M|
|poke|p1|Rotom-Wash|
|poke|p2|Zamazenta-*|
|poke|p2|Iron Valiant|
|poke|p2|Sinistcha-Masterpiece|
|poke|p2|Gholdengo|
|poke|p2|Samurott-Hisui, M|
|poke|p2|Landorus-Therian, M|
|teampreview
|inactive|Battle timer is ON: inactive players will automatically lose when time's up. (requested by jojosworld)
|
|t:|1760755016
|teamsize|p1|6
|teamsize|p2|6
|start
|switch|p1a: Rotom|Rotom-Wash, shiny|100/100
|switch|p2a: Landorus|Landorus-Therian, M, shiny|100/100
|-ability|p2a: Landorus|Intimidate|boost
|-unboost|p1a: Rotom|atk|1
|turn|1
|
|t:|1760755037
|-terastallize|p2a: Landorus|Water
|move|p2a: Landorus|Stealth Rock|p1a: Rotom
|-sidestart|p1: jojosworld|move: Stealth Rock
|move|p1a: Rotom|Will-O-Wisp|p2a: Landorus
|-status|p2a: Landorus|brn
|
|-damage|p2a: Landorus|94/100 brn|[from] brn
|upkeep
|turn|2
|
|t:|1760755046
|move|p2a: Landorus|Taunt|p1a: Rotom
|-start|p1a: Rotom|move: Taunt
|move|p1a: Rotom|Volt Switch|p2a: Landorus
|-supereffective|p2a: Landorus
|-damage|p2a: Landorus|41/100 brn
|
|t:|1760755055
|switch|p1a: Fezandipiti|Fezandipiti, M|100/100|[from] Volt Switch
|
|-damage|p2a: Landorus|35/100 brn|[from] brn
|upkeep
|turn|3
|
|t:|1760755058
|move|p2a: Landorus|Earthquake|p1a: Fezandipiti
|-supereffective|p1a: Fezandipiti
|-damage|p1a: Fezandipiti|50/100
|move|p1a: Fezandipiti|Beat Up|p2a: Landorus
|-damage|p2a: Landorus|31/100 brn
|-damage|p2a: Landorus|27/100 brn
|-damage|p2a: Landorus|23/100 brn
|-damage|p2a: Landorus|20/100 brn
|-damage|p2a: Landorus|16/100 brn
|-damage|p2a: Landorus|11/100 brn
|-hitcount|p2a: Landorus|6
|
|-damage|p2a: Landorus|5/100 brn|[from] brn
|upkeep
|turn|4
|
|t:|1760755069
|switch|p1a: Alomomola|Alomomola, F, shiny|100/100
|move|p2a: Landorus|U-turn|p1a: Alomomola
|-damage|p1a: Alomomola|95/100
|
|t:|1760755075
|switch|p2a: Sinistcha|Sinistcha-Masterpiece, shiny|100/100|[from] U-turn
|
|upkeep
|turn|5
|
|t:|1760755079
|move|p2a: Sinistcha|Matcha Gotcha|p1a: Alomomola
|-supereffective|p1a: Alomomola
|-damage|p1a: Alomomola|16/100
|move|p1a: Alomomola|Flip Turn|p2a: Sinistcha
|-resisted|p2a: Sinistcha
|-damage|p2a: Sinistcha|95/100
|
|t:|1760755084
|switch|p1a: Fezandipiti|Fezandipiti, M|50/100|[from] Flip Turn
|
|upkeep
|turn|6
|
|t:|1760755086
|switch|p2a: Landorus|Landorus-Therian, M, shiny, tera:Water|5/100 brn
|-ability|p2a: Landorus|Intimidate|boost
|-unboost|p1a: Fezandipiti|atk|1
|move|p1a: Fezandipiti|Roost|p1a: Fezandipiti
|-heal|p1a: Fezandipiti|99/100
|-singleturn|p1a: Fezandipiti|move: Roost
|
|-damage|p2a: Landorus|0 fnt|[from] brn
|faint|p2a: Landorus
|upkeep
|
|t:|1760755114
|switch|p2a: Zamazenta|Zamazenta, shiny|100/100
|-ability|p2a: Zamazenta|Dauntless Shield|boost
|-boost|p2a: Zamazenta|def|1
|turn|7
|
|t:|1760755117
|move|p2a: Zamazenta|Heavy Slam|p1a: Fezandipiti
|-supereffective|p1a: Fezandipiti
|-damage|p1a: Fezandipiti|9/100
|move|p1a: Fezandipiti|Beat Up|p2a: Zamazenta
|-resisted|p2a: Zamazenta
|-damage|p2a: Zamazenta|99/100
|-resisted|p2a: Zamazenta
|-damage|p2a: Zamazenta|99/100
|-status|p2a: Zamazenta|tox|[from] ability: Toxic Chain|[of] p1a: Fezandipiti
|-resisted|p2a: Zamazenta
|-damage|p2a: Zamazenta|98/100 tox
|-resisted|p2a: Zamazenta
|-damage|p2a: Zamazenta|97/100 tox
|-resisted|p2a: Zamazenta
|-crit|p2a: Zamazenta
|-damage|p2a: Zamazenta|95/100 tox
|-resisted|p2a: Zamazenta
|-damage|p2a: Zamazenta|94/100 tox
|-hitcount|p2a: Zamazenta|6
|
|-damage|p2a: Zamazenta|88/100 tox|[from] psn
|upkeep
|turn|8
|
|t:|1760755126
|switch|p1a: Alomomola|Alomomola, F, shiny|49/100
|move|p2a: Zamazenta|Crunch|p1a: Alomomola
|-damage|p1a: Alomomola|34/100
|
|-damage|p2a: Zamazenta|76/100 tox|[from] psn
|upkeep
|turn|9
|
|t:|1760755129
|switch|p1a: Rotom|Rotom-Wash, shiny|100/100
|-damage|p1a: Rotom|88/100|[from] Stealth Rock
|move|p2a: Zamazenta|Close Combat|p1a: Rotom
|-damage|p1a: Rotom|41/100
|-unboost|p2a: Zamazenta|def|1
|-unboost|p2a: Zamazenta|spd|1
|
|-heal|p1a: Rotom|48/100|[from] item: Leftovers
|-damage|p2a: Zamazenta|57/100 tox|[from] psn
|upkeep
|turn|10
|
|t:|1760755133
|move|p2a: Zamazenta|Close Combat|p1a: Rotom
|-damage|p1a: Rotom|0 fnt
|-unboost|p2a: Zamazenta|def|1
|-unboost|p2a: Zamazenta|spd|1
|faint|p1a: Rotom
|
|-damage|p2a: Zamazenta|33/100 tox|[from] psn
|upkeep
|
|t:|1760755135
|switch|p1a: Alomomola|Alomomola, F, shiny|68/100
|turn|11
|
|t:|1760755143
|move|p2a: Zamazenta|Close Combat|p1a: Alomomola
|-damage|p1a: Alomomola|37/100
|-unboost|p2a: Zamazenta|def|1
|-unboost|p2a: Zamazenta|spd|1
|move|p1a: Alomomola|Wish|p1a: Alomomola
|
|-damage|p2a: Zamazenta|2/100 tox|[from] psn
|upkeep
|turn|12
|
|t:|1760755149
|move|p2a: Zamazenta|Close Combat|p1a: Alomomola
|-damage|p1a: Alomomola|4/100
|-unboost|p2a: Zamazenta|def|1
|-unboost|p2a: Zamazenta|spd|1
|move|p1a: Alomomola|Flip Turn|p2a: Zamazenta
|-damage|p2a: Zamazenta|0 fnt
|faint|p2a: Zamazenta
|
|t:|1760755151
|switch|p1a: Fezandipiti|Fezandipiti, M|9/100|[from] Flip Turn
|
|-heal|p1a: Fezandipiti|79/100|[from] move: Wish|[wisher] Alomomola
|upkeep
|
|t:|1760755158
|switch|p2a: Iron Valiant|Iron Valiant, shiny|100/100
|-enditem|p2a: Iron Valiant|Booster Energy
|-activate|p2a: Iron Valiant|ability: Quark Drive|[fromitem]
|-start|p2a: Iron Valiant|quarkdrivespe
|turn|13
|
|t:|1760755163
|move|p2a: Iron Valiant|Shadow Ball|p1a: Fezandipiti
|-damage|p1a: Fezandipiti|59/100
|move|p1a: Fezandipiti|Play Rough|p2a: Iron Valiant
|-supereffective|p2a: Iron Valiant
|-damage|p2a: Iron Valiant|4/100
|-status|p2a: Iron Valiant|tox|[from] ability: Toxic Chain|[of] p1a: Fezandipiti
|
|-damage|p2a: Iron Valiant|0 fnt|[from] psn
|faint|p2a: Iron Valiant
|-end|p2a: Iron Valiant|Quark Drive|[silent]
|upkeep
|
|t:|1760755173
|switch|p2a: Samurott|Samurott-Hisui, M, shiny|100/100
|turn|14
|
|t:|1760755176
|move|p1a: Fezandipiti|Play Rough|p2a: Samurott
|-supereffective|p2a: Samurott
|-damage|p2a: Samurott|22/100
|move|p2a: Samurott|Razor Shell|p1a: Fezandipiti
|-damage|p1a: Fezandipiti|11/100
|
|upkeep
|turn|15
|
|t:|1760755179
|move|p2a: Samurott|Sucker Punch||[still]
|-fail|p2a: Samurott
|move|p1a: Fezandipiti|Roost|p1a: Fezandipiti
|-heal|p1a: Fezandipiti|61/100
|-singleturn|p1a: Fezandipiti|move: Roost
|
|upkeep
|turn|16
|
|t:|1760755181
|move|p1a: Fezandipiti|Roost|p1a: Fezandipiti
|-heal|p1a: Fezandipiti|100/100
|-singleturn|p1a: Fezandipiti|move: Roost
|move|p2a: Samurott|Razor Shell|p1a: Fezandipiti
|-damage|p1a: Fezandipiti|47/100
|-unboost|p1a: Fezandipiti|def|1
|
|upkeep
|turn|17
|
|t:|1760755186
|move|p2a: Samurott|Sucker Punch|p1a: Fezandipiti
|-resisted|p1a: Fezandipiti
|-damage|p1a: Fezandipiti|25/100
|move|p1a: Fezandipiti|Play Rough|p2a: Samurott
|-supereffective|p2a: Samurott
|-damage|p2a: Samurott|0 fnt
|faint|p2a: Samurott
|
|upkeep
|
|t:|1760755188
|switch|p2a: Gholdengo|Gholdengo, shiny|100/100
|-item|p2a: Gholdengo|Air Balloon
|turn|18
|
|t:|1760755191
|move|p2a: Gholdengo|Shadow Ball|p1a: Fezandipiti
|-damage|p1a: Fezandipiti|0 fnt
|faint|p1a: Fezandipiti
|
|upkeep
|
|t:|1760755200
|switch|p1a: Corviknight|Corviknight, F, shiny|100/100
|-damage|p1a: Corviknight|88/100|[from] Stealth Rock
|-ability|p1a: Corviknight|Pressure
|turn|19
|
|t:|1760755203
|move|p2a: Gholdengo|Nasty Plot|p2a: Gholdengo
|-boost|p2a: Gholdengo|spa|2
|move|p1a: Corviknight|U-turn|p2a: Gholdengo
|-resisted|p2a: Gholdengo
|-damage|p2a: Gholdengo|97/100
|-enditem|p2a: Gholdengo|Air Balloon
|
|t:|1760755207
|switch|p1a: Dragapult|Dragapult, F, shiny|100/100|[from] U-turn
|-damage|p1a: Dragapult|88/100|[from] Stealth Rock
|
|upkeep
|turn|20
|c|☆jojosworld|gg
|
|t:|1760755215
|-terastallize|p1a: Dragapult|Ghost
|move|p1a: Dragapult|Tera Blast|p2a: Gholdengo|[anim] Tera Blast Ghost
|-supereffective|p2a: Gholdengo
|-damage|p2a: Gholdengo|0 fnt
|faint|p2a: Gholdengo
|
|upkeep
|
|t:|1760755220
|switch|p2a: Sinistcha|Sinistcha-Masterpiece, shiny|95/100
|turn|21
|
|t:|1760755222
|move|p1a: Dragapult|Tera Blast|p2a: Sinistcha|[anim] Tera Blast Ghost
|-supereffective|p2a: Sinistcha
|-damage|p2a: Sinistcha|0 fnt
|faint|p2a: Sinistcha
|
|win|jojosworld
|raw|jojosworld's rating: 1459 &rarr; <strong>1485</strong><br />(+26 for winning)
|raw|qaqkiller's rating: 1572 &rarr; <strong>1546</strong><br />(-26 for losing)
|l|☆qaqkiller
|player|p2|
