|j|☆nmx123
|j|☆Shea6045
|t:|1760868145
|gametype|singles
|player|p1|nmx123|265|1568
|player|p2|Shea6045|cynthia-gen4|1472
|gen|9
|tier|[Gen 9] OU
|rated|
|rule|HP Percentage Mod: HP is shown in percentages
|rule|Endless Battle Clause: Forcing endless battles is banned
|rule|Species Clause: Limit one of each Pokémon
|rule|OHKO Clause: OHKO moves are banned
|rule|Evasion Items Clause: Evasion items are banned
|rule|Evasion Moves Clause: Evasion moves are banned
|rule|Evasion Abilities Clause: Evasion abilities are banned
|rule|Sleep Moves Clause: Sleep-inducing moves are banned
|clearpoke
|poke|p1|Zamazenta-*|
|poke|p1|Gholdengo|
|poke|p1|Raging Bolt|
|poke|p1|Great Tusk|
|poke|p1|Dragonite, M|
|poke|p1|Alomomola, F|
|poke|p2|Kommo-o, M|
|poke|p2|Gholdengo|
|poke|p2|Ninetales-Alola, M|
|poke|p2|Hatterene, F|
|poke|p2|Zamazenta-*|
|poke|p2|Kingambit, M|
|teampreview
|inactive|Battle timer is ON: inactive players will automatically lose when time's up. (requested by nmx123)
|
|t:|1760868164
|teamsize|p1|6
|teamsize|p2|6
|start
|switch|p1a: Dragonite|Dragonite, M|100/100
|switch|p2a: Ninetales|Ninetales-Alola, M|100/100
|-weather|Snowscape|[from] ability: Snow Warning|[of] p2a: Ninetales
|turn|1
|
|t:|1760868169
|move|p2a: Ninetales|Aurora Veil|p2a: Ninetales
|-sidestart|p2: Shea6045|move: Aurora Veil
|move|p1a: Dragonite|Dragon Dance|p1a: Dragonite
|-boost|p1a: Dragonite|atk|1
|-boost|p1a: Dragonite|spe|1
|
|-weather|Snowscape|[upkeep]
|upkeep
|turn|2
|
|t:|1760868171
|move|p1a: Dragonite|Encore|p2a: Ninetales
|-start|p2a: Ninetales|Encore
|move|p2a: Ninetales|Aurora Veil||[still]
|-fail|p2a: Ninetales
|
|-weather|Snowscape|[upkeep]
|upkeep
|turn|3
|
|t:|1760868175
|switch|p2a: Hatterene|Hatterene, F|100/100
|move|p1a: Dragonite|Dragon Dance|p1a: Dragonite
|-boost|p1a: Dragonite|atk|1
|-boost|p1a: Dragonite|spe|1
|
|-weather|Snowscape|[upkeep]
|upkeep
|turn|4
|
|t:|1760868180
|move|p1a: Dragonite|Earthquake|p2a: Hatterene
|-damage|p2a: Hatterene|69/100
|move|p2a: Hatterene|Nuzzle|p1a: Dragonite
|-damage|p1a: Dragonite|98/100
|-status|p1a: Dragonite|par
|
|-weather|Snowscape|[upkeep]
|upkeep
|turn|5
|
|t:|1760868189
|-terastallize|p1a: Dragonite|Flying
|cant|p1a: Dragonite|par
|move|p2a: Hatterene|Draining Kiss|p1a: Dragonite
|-damage|p1a: Dragonite|74/100 par
|-heal|p2a: Hatterene|88/100|[from] drain|[of] p1a: Dragonite
|
|-weather|none
|upkeep
|turn|6
|
|t:|1760868197
|move|p1a: Dragonite|Dragon Dance|p1a: Dragonite
|-boost|p1a: Dragonite|atk|1
|-boost|p1a: Dragonite|spe|1
|move|p2a: Hatterene|Psychic Noise|p1a: Dragonite
|-damage|p1a: Dragonite|35/100 par
|-start|p1a: Dragonite|move: Heal Block
|
|upkeep
|turn|7
|
|t:|1760868200
|cant|p1a: Dragonite|par
|move|p2a: Hatterene|Psychic Noise|p1a: Dragonite
|-damage|p1a: Dragonite|1/100 par
|
|-end|p1a: Dragonite|move: Heal Block
|upkeep
|turn|8
|
|t:|1760868205
|move|p1a: Dragonite|Tera Blast|p2a: Hatterene|[anim] Tera Blast Flying
|-damage|p2a: Hatterene|20/100
|move|p2a: Hatterene|Draining Kiss|p1a: Dragonite
|-damage|p1a: Dragonite|0 fnt
|-heal|p2a: Hatterene|20/100|[from] drain|[of] p1a: Dragonite
|faint|p1a: Dragonite
|
|-sideend|p2: Shea6045|move: Aurora Veil
|upkeep
|
|t:|1760868212
|switch|p1a: Gholdengo|Gholdengo|100/100
|turn|9
|
|t:|1760868215
|move|p1a: Gholdengo|Shadow Ball|p2a: Hatterene
|-supereffective|p2a: Hatterene
|-damage|p2a: Hatterene|0 fnt
|faint|p2a: Hatterene
|
|upkeep
|
|t:|1760868217
|switch|p2a: Ninetales|Ninetales-Alola, M|100/100
|-weather|Snowscape|[from] ability: Snow Warning|[of] p2a: Ninetales
|turn|10
|
|t:|1760868220
|move|p1a: Gholdengo|Shadow Ball|p2a: Ninetales
|-damage|p2a: Ninetales|55/100
|move|p2a: Ninetales|Aurora Veil|p2a: Ninetales
|-sidestart|p2: Shea6045|move: Aurora Veil
|
|-weather|Snowscape|[upkeep]
|upkeep
|turn|11
|
|t:|1760868231
|switch|p2a: Kommo-o|Kommo-o, M|100/100
|move|p1a: Gholdengo|Shadow Ball|p2a: Kommo-o
|-damage|p2a: Kommo-o|76/100
|
|-weather|Snowscape|[upkeep]
|upkeep
|turn|12
|
|t:|1760868245
|-terastallize|p2a: Kommo-o|Normal
|move|p1a: Gholdengo|Shadow Ball|p2a: Kommo-o
|-immune|p2a: Kommo-o
|move|p2a: Kommo-o|Clangorous Soul|p2a: Kommo-o
|-boost|p2a: Kommo-o|atk|1
|-boost|p2a: Kommo-o|def|1
|-boost|p2a: Kommo-o|spa|1
|-boost|p2a: Kommo-o|spd|1
|-boost|p2a: Kommo-o|spe|1
|-damage|p2a: Kommo-o|43/100
|-enditem|p2a: Kommo-o|Throat Spray
|-boost|p2a: Kommo-o|spa|1|[from] item: Throat Spray
|
|-weather|Snowscape|[upkeep]
|upkeep
|turn|13
|
|t:|1760868260
|switch|p1a: Raging Bolt|Raging Bolt|100/100
|move|p2a: Kommo-o|Boomburst|p1a: Raging Bolt
|-damage|p1a: Raging Bolt|5/100
|
|-weather|Snowscape|[upkeep]
|upkeep
|turn|14
|
|t:|1760868266
|move|p2a: Kommo-o|Boomburst|p1a: Raging Bolt
|-damage|p1a: Raging Bolt|0 fnt
|faint|p1a: Raging Bolt
|-end|p1a: Raging Bolt|Protosynthesis|[silent]
|
|-weather|none
|upkeep
|
|t:|1760868268
|switch|p1a: Alomomola|Alomomola, F|100/100
|turn|15
|
|t:|1760868273
|move|p2a: Kommo-o|Boomburst|p1a: Alomomola
|-damage|p1a: Alomomola|8/100
|move|p1a: Alomomola|Mirror Coat|p2a: Kommo-o
|-damage|p2a: Kommo-o|0 fnt
|faint|p2a: Kommo-o
|
|upkeep
|
|t:|1760868279
|switch|p2a: Gholdengo|Gholdengo|100/100
|turn|16
|
|t:|1760868282
|switch|p1a: Great Tusk|Great Tusk|100/100
|move|p2a: Gholdengo|Nasty Plot|p2a: Gholdengo
|-boost|p2a: Gholdengo|spa|2
|
|upkeep
|turn|17
|
|t:|1760868286
|move|p2a: Gholdengo|Shadow Ball|p1a: Great Tusk
|-damage|p1a: Great Tusk|22/100
|move|p1a: Great Tusk|Knock Off|p2a: Gholdengo
|-supereffective|p2a: Gholdengo
|-damage|p2a: Gholdengo|61/100
|-enditem|p2a: Gholdengo|Custap Berry|[from] move: Knock Off|[of] p1a: Great Tusk
|
|-sideend|p2: Shea6045|move: Aurora Veil
|upkeep
|turn|18
|
|t:|1760868294
|move|p2a: Gholdengo|Shadow Ball|p1a: Great Tusk
|-damage|p1a: Great Tusk|0 fnt
|faint|p1a: Great Tusk
|-end|p1a: Great Tusk|Protosynthesis|[silent]
|
|upkeep
|
|t:|1760868297
|switch|p1a: Gholdengo|Gholdengo|100/100
|turn|19
|
|t:|1760868302
|move|p1a: Gholdengo|Shadow Ball|p2a: Gholdengo
|-supereffective|p2a: Gholdengo
|-damage|p2a: Gholdengo|0 fnt
|faint|p2a: Gholdengo
|
|upkeep
|
|t:|1760868304
|switch|p2a: Kingambit|Kingambit, M|100/100
|-activate|p2a: Kingambit|ability: Supreme Overlord
|-start|p2a: Kingambit|fallen3|[silent]
|-item|p2a: Kingambit|Air Balloon
|turn|20
|
|t:|1760868307
|switch|p1a: Zamazenta|Zamazenta|100/100
|-ability|p1a: Zamazenta|Dauntless Shield|boost
|-boost|p1a: Zamazenta|def|1
|-end|p2a: Kingambit|fallen3|[silent]
|switch|p2a: Zamazenta|Zamazenta|100/100
|-ability|p2a: Zamazenta|Dauntless Shield|boost
|-boost|p2a: Zamazenta|def|1
|
|upkeep
|turn|21
|
|t:|1760868317
|move|p2a: Zamazenta|Close Combat|p1a: Zamazenta
|-damage|p1a: Zamazenta|59/100
|-unboost|p2a: Zamazenta|def|1
|-unboost|p2a: Zamazenta|spd|1
|-damage|p2a: Zamazenta|91/100|[from] item: Life Orb
|move|p1a: Zamazenta|Iron Defense|p1a: Zamazenta
|-boost|p1a: Zamazenta|def|2
|
|-heal|p1a: Zamazenta|65/100|[from] item: Leftovers
|upkeep
|turn|22
|
|t:|1760868321
|move|p1a: Zamazenta|Body Press|p2a: Zamazenta
|-damage|p2a: Zamazenta|0 fnt
|faint|p2a: Zamazenta
|
|-heal|p1a: Zamazenta|71/100|[from] item: Leftovers
|upkeep
|
|t:|1760868328
|switch|p2a: Kingambit|Kingambit, M|100/100
|-activate|p2a: Kingambit|ability: Supreme Overlord
|-start|p2a: Kingambit|fallen4|[silent]
|-item|p2a: Kingambit|Air Balloon
|turn|23
|-message|Shea6045 forfeited.
|
|win|nmx123
|raw|nmx123's rating: 1568 &rarr; <strong>1583</strong><br />(+15 for winning)
|raw|Shea6045's rating: 1472 &rarr; <strong>1457</strong><br />(-15 for losing)
|l|☆Shea6045
|player|p2|
|l|☆nmx123
|player|p1|
