|j|☆iui pop
|j|☆jblockman77
|t:|1760761052
|gametype|singles
|player|p1|iui pop|lady|1353
|player|p2|jblockman77|n|1373
|gen|9
|tier|[Gen 9] OU
|rated|
|rule|HP Percentage Mod: HP is shown in percentages
|rule|Endless Battle Clause: Forcing endless battles is banned
|rule|Species Clause: Limit one of each Pokémon
|rule|OHKO Clause: OHKO moves are banned
|rule|Evasion Items Clause: Evasion items are banned
|rule|Evasion Moves Clause: Evasion moves are banned
|rule|Evasion Abilities Clause: Evasion abilities are banned
|rule|Sleep Moves Clause: Sleep-inducing moves are banned
|clearpoke
|poke|p1|Dragonite, F|
|poke|p1|Hatterene, F|
|poke|p1|Great Tusk|
|poke|p1|Ceruledge, M|
|poke|p1|Ting-Lu|
|poke|p1|Kyurem|
|poke|p2|Skeledirge, M|
|poke|p2|Great Tusk|
|poke|p2|Ogerpon-Wellspring, F|
|poke|p2|Tinkaton, F|
|poke|p2|Corviknight, F|
|poke|p2|Kyurem|
|teampreview
|inactive|Battle timer is ON: inactive players will automatically lose when time's up. (requested by iui pop)
|inactive|iui pop has 120 seconds left.
|
|t:|1760761087
|teamsize|p1|6
|teamsize|p2|6
|start
|switch|p1a: Dragonite|Dragonite, F|100/100
|switch|p2a: Tinkaton|Tinkaton, F|100/100
|-ability|p2a: Tinkaton|Mold Breaker
|-item|p2a: Tinkaton|Air Balloon
|turn|1
|
|t:|1760761093
|switch|p1a: Ting-Lu|Ting-Lu|100/100
|-ability|p1a: Ting-Lu|Vessel of Ruin
|move|p2a: Tinkaton|Thunder Wave|p1a: Ting-Lu
|-immune|p1a: Ting-Lu
|
|upkeep
|turn|2
|
|t:|1760761099
|move|p2a: Tinkaton|Stealth Rock|p1a: Ting-Lu
|-sidestart|p1: iui pop|move: Stealth Rock
|move|p1a: Ting-Lu|Ruination|p2a: Tinkaton|[miss]
|-miss|p1a: Ting-Lu|p2a: Tinkaton
|
|upkeep
|turn|3
|
|t:|1760761104
|move|p2a: Tinkaton|Gigaton Hammer|p1a: Ting-Lu
|-damage|p1a: Ting-Lu|78/100
|move|p1a: Ting-Lu|Ruination|p2a: Tinkaton
|-damage|p2a: Tinkaton|50/100
|-enditem|p2a: Tinkaton|Air Balloon
|
|-heal|p1a: Ting-Lu|85/100|[from] item: Leftovers
|upkeep
|turn|4
|
|t:|1760761110
|move|p2a: Tinkaton|Encore|p1a: Ting-Lu
|-start|p1a: Ting-Lu|Encore
|move|p1a: Ting-Lu|Ruination|p2a: Tinkaton
|-damage|p2a: Tinkaton|26/100
|
|-heal|p1a: Ting-Lu|91/100|[from] item: Leftovers
|upkeep
|turn|5
|
|t:|1760761123
|switch|p2a: Great Tusk|Great Tusk|100/100
|move|p1a: Ting-Lu|Ruination|p2a: Great Tusk
|-damage|p2a: Great Tusk|51/100
|
|-heal|p1a: Ting-Lu|97/100|[from] item: Leftovers
|upkeep
|turn|6
|
|t:|1760761129
|move|p2a: Great Tusk|Ice Spinner|p1a: Ting-Lu
|-supereffective|p1a: Ting-Lu
|-damage|p1a: Ting-Lu|66/100
|move|p1a: Ting-Lu|Ruination|p2a: Great Tusk
|-damage|p2a: Great Tusk|26/100
|
|-heal|p1a: Ting-Lu|72/100|[from] item: Leftovers
|-end|p1a: Ting-Lu|Encore
|upkeep
|turn|7
|
|t:|1760761135
|move|p2a: Great Tusk|Rapid Spin|p1a: Ting-Lu
|-damage|p1a: Ting-Lu|63/100
|-boost|p2a: Great Tusk|spe|1
|move|p1a: Ting-Lu|Stealth Rock|p2a: Great Tusk
|-sidestart|p2: jblockman77|move: Stealth Rock
|
|-heal|p1a: Ting-Lu|70/100|[from] item: Leftovers
|upkeep
|turn|8
|
|t:|1760761140
|move|p2a: Great Tusk|Rapid Spin|p1a: Ting-Lu
|-damage|p1a: Ting-Lu|61/100
|-boost|p2a: Great Tusk|spe|1
|-sideend|p2: jblockman77|Stealth Rock|[from] move: Rapid Spin|[of] p2a: Great Tusk
|move|p1a: Ting-Lu|Earthquake|p2a: Great Tusk
|-damage|p2a: Great Tusk|0 fnt
|faint|p2a: Great Tusk
|-end|p2a: Great Tusk|Protosynthesis|[silent]
|
|-heal|p1a: Ting-Lu|67/100|[from] item: Leftovers
|upkeep
|
|t:|1760761142
|switch|p2a: Ogerpon|Ogerpon-Wellspring, F|100/100
|turn|9
|
|t:|1760761145
|move|p2a: Ogerpon|Substitute|p2a: Ogerpon
|-start|p2a: Ogerpon|Substitute
|-damage|p2a: Ogerpon|76/100
|move|p1a: Ting-Lu|Ruination|p2a: Ogerpon|[miss]
|-miss|p1a: Ting-Lu|p2a: Ogerpon
|
|-heal|p1a: Ting-Lu|73/100|[from] item: Leftovers
|upkeep
|turn|10
|
|t:|1760761149
|move|p2a: Ogerpon|Swords Dance|p2a: Ogerpon
|-boost|p2a: Ogerpon|atk|2
|move|p1a: Ting-Lu|Ruination|p2a: Ogerpon
|-end|p2a: Ogerpon|Substitute
|
|-heal|p1a: Ting-Lu|79/100|[from] item: Leftovers
|upkeep
|turn|11
|
|t:|1760761153
|move|p2a: Ogerpon|Ivy Cudgel|p1a: Ting-Lu|[anim] Ivy Cudgel Water
|-supereffective|p1a: Ting-Lu
|-damage|p1a: Ting-Lu|0 fnt
|faint|p1a: Ting-Lu
|
|upkeep
|
|t:|1760761159
|switch|p1a: Dragonite|Dragonite, F|100/100
|-damage|p1a: Dragonite|76/100|[from] Stealth Rock
|turn|12
|
|t:|1760761166
|-terastallize|p2a: Ogerpon|Water
|detailschange|p2a: Ogerpon|Ogerpon-Wellspring-Tera, F, tera:Water
|-ability|p2a: Ogerpon|Embody Aspect (Wellspring)|boost
|-boost|p2a: Ogerpon|spd|1
|move|p1a: Dragonite|Extreme Speed|p2a: Ogerpon
|-damage|p2a: Ogerpon|14/100
|move|p2a: Ogerpon|Ivy Cudgel|p1a: Dragonite|[anim] Ivy Cudgel Water
|-resisted|p1a: Dragonite
|-damage|p1a: Dragonite|0 fnt
|faint|p1a: Dragonite
|
|upkeep
|
|t:|1760761174
|switch|p1a: Kyurem|Kyurem|100/100
|-damage|p1a: Kyurem|76/100|[from] Stealth Rock
|-ability|p1a: Kyurem|Pressure
|turn|13
|
|t:|1760761180
|move|p2a: Ogerpon|Ivy Cudgel|p1a: Kyurem|[anim] Ivy Cudgel Water
|-resisted|p1a: Kyurem
|-damage|p1a: Kyurem|5/100
|move|p1a: Kyurem|Dragon Dance|p1a: Kyurem
|-boost|p1a: Kyurem|atk|1
|-boost|p1a: Kyurem|spe|1
|
|upkeep
|turn|14
|
|t:|1760761186
|move|p1a: Kyurem|Icicle Spear|p2a: Ogerpon
|-resisted|p2a: Ogerpon
|-damage|p2a: Ogerpon|1/100
|-resisted|p2a: Ogerpon
|-damage|p2a: Ogerpon|0 fnt
|faint|p2a: Ogerpon
|detailschange|p2: Ogerpon|Ogerpon-Wellspring, F|[silent]
|-hitcount|p2: Ogerpon|2
|
|upkeep
|
|t:|1760761188
|switch|p2a: Skeledirge|Skeledirge, M|100/100
|turn|15
|
|t:|1760761195
|move|p1a: Kyurem|Scale Shot|p2a: Skeledirge
|-damage|p2a: Skeledirge|87/100
|-damage|p2a: Skeledirge|73/100
|-damage|p2a: Skeledirge|61/100
|-damage|p2a: Skeledirge|48/100
|-crit|p2a: Skeledirge
|-damage|p2a: Skeledirge|29/100
|-hitcount|p2a: Skeledirge|5
|-unboost|p1a: Kyurem|def|1
|-boost|p1a: Kyurem|spe|1
|move|p2a: Skeledirge|Alluring Voice|p1a: Kyurem
|-supereffective|p1a: Kyurem
|-crit|p1a: Kyurem
|-damage|p1a: Kyurem|0 fnt
|faint|p1a: Kyurem
|
|upkeep
|
|t:|1760761203
|switch|p1a: Great Tusk|Great Tusk|100/100
|turn|16
|
|t:|1760761213
|move|p2a: Skeledirge|Alluring Voice|p1a: Great Tusk
|-supereffective|p1a: Great Tusk
|-damage|p1a: Great Tusk|27/100
|move|p1a: Great Tusk|Rapid Spin|p2a: Skeledirge
|-immune|p2a: Skeledirge
|
|upkeep
|turn|17
|c|☆jblockman77|Im like that
|
|t:|1760761225
|-end|p1a: Great Tusk|Protosynthesis|[silent]
|switch|p1a: Hatterene|Hatterene, F|100/100
|-damage|p1a: Hatterene|88/100|[from] Stealth Rock
|move|p2a: Skeledirge|Alluring Voice|p1a: Hatterene
|-damage|p1a: Hatterene|72/100
|
|upkeep
|turn|18
|
|t:|1760761233
|switch|p2a: Tinkaton|Tinkaton, F|26/100
|-ability|p2a: Tinkaton|Mold Breaker
|move|p1a: Hatterene|Psyshock|p2a: Tinkaton
|-resisted|p2a: Tinkaton
|-damage|p2a: Tinkaton|3/100
|
|upkeep
|turn|19
|
|t:|1760761240
|move|p2a: Tinkaton|Thunder Wave|p1a: Hatterene
|-status|p1a: Hatterene|par
|move|p1a: Hatterene|Psyshock|p2a: Tinkaton
|-resisted|p2a: Tinkaton
|-damage|p2a: Tinkaton|0 fnt
|faint|p2a: Tinkaton
|
|upkeep
|c|☆iui pop|666
|
|t:|1760761244
|switch|p2a: Skeledirge|Skeledirge, M|29/100
|turn|20
|
|t:|1760761251
|move|p2a: Skeledirge|Shadow Ball|p1a: Hatterene
|-supereffective|p1a: Hatterene
|-crit|p1a: Hatterene
|-damage|p1a: Hatterene|0 fnt
|faint|p1a: Hatterene
|
|upkeep
|
|t:|1760761258
|switch|p1a: Ceruledge|Ceruledge, M|100/100
|-damage|p1a: Ceruledge|76/100|[from] Stealth Rock
|turn|21
|
|t:|1760761261
|move|p1a: Ceruledge|Shadow Sneak|p2a: Skeledirge
|-supereffective|p2a: Skeledirge
|-damage|p2a: Skeledirge|0 fnt
|faint|p2a: Skeledirge
|
|upkeep
|
|t:|1760761267
|switch|p2a: Kyurem|Kyurem|100/100
|-ability|p2a: Kyurem|Pressure
|turn|22
|
|t:|1760761269
|move|p2a: Kyurem|Earth Power|p1a: Ceruledge
|-supereffective|p1a: Ceruledge
|-damage|p1a: Ceruledge|0 fnt
|faint|p1a: Ceruledge
|
|upkeep
|c|☆jblockman77|gg
|
|t:|1760761273
|switch|p1a: Great Tusk|Great Tusk|27/100
|turn|23
|
|t:|1760761277
|move|p2a: Kyurem|Earth Power|p1a: Great Tusk
|-damage|p1a: Great Tusk|0 fnt
|faint|p1a: Great Tusk
|-end|p1a: Great Tusk|Protosynthesis|[silent]
|
|win|jblockman77
|raw|iui pop's rating: 1353 &rarr; <strong>1334</strong><br />(-19 for losing)
|raw|jblockman77's rating: 1373 &rarr; <strong>1392</strong><br />(+19 for winning)
|l|☆iui pop
|player|p1|
|l|☆jblockman77
|player|p2|
