|j|☆Eggege
|j|☆KevKaichi/RDT
|t:|1760812250
|gametype|singles
|player|p1|Eggege|265|1415
|player|p2|KevKaichi/RDT|blackbelt-gen4dp|1439
|gen|9
|tier|[Gen 9] OU
|rated|
|rule|HP Percentage Mod: HP is shown in percentages
|rule|Endless Battle Clause: Forcing endless battles is banned
|rule|Species Clause: Limit one of each Pokémon
|rule|OHKO Clause: OHKO moves are banned
|rule|Evasion Items Clause: Evasion items are banned
|rule|Evasion Moves Clause: Evasion moves are banned
|rule|Evasion Abilities Clause: Evasion abilities are banned
|rule|Sleep Moves Clause: Sleep-inducing moves are banned
|clearpoke
|poke|p1|Ninetales-Alola, F|
|poke|p1|Cetitan, F|
|poke|p1|Kyurem|
|poke|p1|Sandslash-Alola, M|
|poke|p1|Moltres|
|poke|p1|Zamazenta-*|
|poke|p2|Meowscarada, F|
|poke|p2|Great Tusk|
|poke|p2|Gholdengo|
|poke|p2|Dragonite, M|
|poke|p2|Scizor, F|
|poke|p2|Kingambit, F|
|teampreview
|
|t:|1760812260
|teamsize|p1|6
|teamsize|p2|6
|start
|switch|p1a: Ninetales|Ninetales-Alola, F|100/100
|switch|p2a: Meowscarada|Meowscarada, F|100/100
|-weather|Snowscape|[from] ability: Snow Warning|[of] p1a: Ninetales
|turn|1
|
|t:|1760812266
|move|p2a: Meowscarada|Toxic Spikes|p1a: Ninetales
|-sidestart|p1: Eggege|move: Toxic Spikes
|move|p1a: Ninetales|Aurora Veil|p1a: Ninetales
|-sidestart|p1: Eggege|move: Aurora Veil
|
|-weather|Snowscape|[upkeep]
|upkeep
|turn|2
|
|t:|1760812275
|move|p2a: Meowscarada|Toxic Spikes|p1a: Ninetales
|-sidestart|p1: Eggege|move: Toxic Spikes
|move|p1a: Ninetales|Encore|p2a: Meowscarada
|-start|p2a: Meowscarada|Encore
|
|-weather|Snowscape|[upkeep]
|upkeep
|turn|3
|
|t:|1760812282
|switch|p2a: Gholdengo|Gholdengo|100/100
|-item|p2a: Gholdengo|Air Balloon
|switch|p1a: OneInAMilion|Sandslash-Alola, M|100/100
|
|-weather|Snowscape|[upkeep]
|upkeep
|turn|4
|
|t:|1760812298
|switch|p1a: Moltres|Moltres|100/100
|move|p2a: Gholdengo|Make It Rain|p1a: Moltres
|-resisted|p1a: Moltres
|-damage|p1a: Moltres|80/100
|-unboost|p2a: Gholdengo|spa|1
|
|-weather|Snowscape|[upkeep]
|upkeep
|turn|5
|
|t:|1760812310
|switch|p2a: Great Tusk|Great Tusk|100/100
|move|p1a: Moltres|Flamethrower|p2a: Great Tusk
|-damage|p2a: Great Tusk|32/100
|
|-weather|Snowscape|[upkeep]
|-heal|p2a: Great Tusk|38/100|[from] item: Leftovers
|-sideend|p1: Eggege|move: Aurora Veil
|upkeep
|turn|6
|
|t:|1760812320
|move|p2a: Great Tusk|Stealth Rock|p1a: Moltres
|-sidestart|p1: Eggege|move: Stealth Rock
|move|p1a: Moltres|Flamethrower|p2a: Great Tusk
|-damage|p2a: Great Tusk|0 fnt
|faint|p2a: Great Tusk
|-end|p2a: Great Tusk|Protosynthesis|[silent]
|
|-weather|Snowscape|[upkeep]
|upkeep
|inactive|Battle timer is ON: inactive players will automatically lose when time's up. (requested by Eggege)
|
|t:|1760812330
|switch|p2a: Meowscarada|Meowscarada, F|100/100
|turn|7
|
|t:|1760812335
|move|p2a: Meowscarada|Trick|p1a: Moltres
|-activate|p2a: Meowscarada|move: Trick|[of] p1a: Moltres
|-item|p1a: Moltres|Choice Scarf|[from] move: Trick
|-item|p2a: Meowscarada|Heavy-Duty Boots|[from] move: Trick
|move|p1a: Moltres|Flamethrower|p2a: Meowscarada
|-supereffective|p2a: Meowscarada
|-damage|p2a: Meowscarada|0 fnt
|faint|p2a: Meowscarada
|
|-weather|Snowscape|[upkeep]
|upkeep
|
|t:|1760812351
|switch|p2a: Dragonite|Dragonite, M|100/100
|turn|8
|
|t:|1760812357
|move|p1a: Moltres|Flamethrower|p2a: Dragonite
|-resisted|p2a: Dragonite
|-damage|p2a: Dragonite|87/100
|move|p2a: Dragonite|Dragon Dance|p2a: Dragonite
|-boost|p2a: Dragonite|atk|1
|-boost|p2a: Dragonite|spe|1
|
|-weather|none
|-heal|p2a: Dragonite|93/100|[from] item: Leftovers
|upkeep
|turn|9
|
|t:|1760812369
|switch|p1a: Ninetales|Ninetales-Alola, F|100/100
|-status|p1a: Ninetales|tox
|-damage|p1a: Ninetales|76/100 tox|[from] Stealth Rock
|-weather|Snowscape|[from] ability: Snow Warning|[of] p1a: Ninetales
|move|p2a: Dragonite|Dragon Dance|p2a: Dragonite
|-boost|p2a: Dragonite|atk|1
|-boost|p2a: Dragonite|spe|1
|
|-weather|Snowscape|[upkeep]
|-heal|p2a: Dragonite|99/100|[from] item: Leftovers
|-damage|p1a: Ninetales|70/100 tox|[from] psn
|upkeep
|turn|10
|
|t:|1760812376
|move|p2a: Dragonite|Fire Punch|p1a: Ninetales
|-supereffective|p1a: Ninetales
|-damage|p1a: Ninetales|0 fnt
|faint|p1a: Ninetales
|
|-weather|Snowscape|[upkeep]
|-heal|p2a: Dragonite|100/100|[from] item: Leftovers
|upkeep
|
|t:|1760812389
|switch|p1a: OneInAMilion|Sandslash-Alola, M|100/100
|turn|11
|
|t:|1760812401
|-terastallize|p1a: OneInAMilion|Fire
|move|p2a: Dragonite|Fire Punch|p1a: OneInAMilion
|-resisted|p1a: OneInAMilion
|-damage|p1a: OneInAMilion|71/100
|move|p1a: OneInAMilion|Triple Axel|p2a: Dragonite
|-supereffective|p2a: Dragonite
|-damage|p2a: Dragonite|78/100
|-supereffective|p2a: Dragonite
|-damage|p2a: Dragonite|0 fnt
|faint|p2a: Dragonite
|-hitcount|p2: Dragonite|2
|
|-weather|Snowscape|[upkeep]
|upkeep
|
|t:|1760812420
|switch|p2a: Scizor|Scizor, F|100/100
|turn|12
|
|t:|1760812423
|move|p1a: OneInAMilion|Rapid Spin|p2a: Scizor
|-resisted|p2a: Scizor
|-damage|p2a: Scizor|93/100
|-boost|p1a: OneInAMilion|spe|1
|-sideend|p1: Eggege|Toxic Spikes|[from] move: Rapid Spin|[of] p1a: OneInAMilion
|-sideend|p1: Eggege|Stealth Rock|[from] move: Rapid Spin|[of] p1a: OneInAMilion
|move|p2a: Scizor|Swords Dance|p2a: Scizor
|-boost|p2a: Scizor|atk|2
|
|-weather|Snowscape|[upkeep]
|-heal|p2a: Scizor|99/100|[from] item: Leftovers
|upkeep
|turn|13
|
|t:|1760812435
|switch|p1a: Moltres|Moltres|80/100
|move|p2a: Scizor|Swords Dance|p2a: Scizor
|-boost|p2a: Scizor|atk|2
|
|-weather|Snowscape|[upkeep]
|-heal|p2a: Scizor|100/100|[from] item: Leftovers
|upkeep
|turn|14
|
|t:|1760812441
|-terastallize|p2a: Scizor|Normal
|move|p2a: Scizor|Quick Attack|p1a: Moltres
|-damage|p1a: Moltres|0 fnt
|-status|p2a: Scizor|brn|[from] ability: Flame Body|[of] p1a: Moltres
|faint|p1a: Moltres
|
|-weather|Snowscape|[upkeep]
|-damage|p2a: Scizor|94/100 brn|[from] brn
|upkeep
|
|t:|1760812448
|switch|p1a: Zamazenta|Zamazenta|100/100
|-ability|p1a: Zamazenta|Dauntless Shield|boost
|-boost|p1a: Zamazenta|def|1
|turn|15
|
|t:|1760812457
|move|p2a: Scizor|Bullet Punch|p1a: Zamazenta
|-damage|p1a: Zamazenta|73/100
|move|p1a: Zamazenta|Iron Defense|p1a: Zamazenta
|-boost|p1a: Zamazenta|def|2
|
|-weather|Snowscape|[upkeep]
|-heal|p1a: Zamazenta|80/100|[from] item: Leftovers
|-heal|p2a: Scizor|100/100 brn|[from] item: Leftovers
|-damage|p2a: Scizor|94/100 brn|[from] brn
|upkeep
|turn|16
|
|t:|1760812462
|move|p1a: Zamazenta|Iron Defense|p1a: Zamazenta
|-boost|p1a: Zamazenta|def|2
|move|p2a: Scizor|Knock Off|p1a: Zamazenta
|-resisted|p1a: Zamazenta
|-damage|p1a: Zamazenta|74/100
|-enditem|p1a: Zamazenta|Leftovers|[from] move: Knock Off|[of] p2a: Scizor
|
|-weather|none
|-heal|p2a: Scizor|100/100 brn|[from] item: Leftovers
|-damage|p2a: Scizor|94/100 brn|[from] brn
|upkeep
|turn|17
|
|t:|1760812467
|move|p2a: Scizor|Bullet Punch|p1a: Zamazenta
|-damage|p1a: Zamazenta|63/100
|move|p1a: Zamazenta|Iron Defense|p1a: Zamazenta
|-boost|p1a: Zamazenta|def|1
|
|-heal|p2a: Scizor|100/100 brn|[from] item: Leftovers
|-damage|p2a: Scizor|94/100 brn|[from] brn
|upkeep
|turn|18
|
|t:|1760812471
|move|p2a: Scizor|Bullet Punch|p1a: Zamazenta
|-damage|p1a: Zamazenta|54/100
|move|p1a: Zamazenta|Body Press|p2a: Scizor
|-supereffective|p2a: Scizor
|-damage|p2a: Scizor|0 fnt
|faint|p2a: Scizor
|
|upkeep
|
|t:|1760812482
|switch|p2a: Gholdengo|Gholdengo|100/100
|-item|p2a: Gholdengo|Air Balloon
|turn|19
|
|t:|1760812492
|move|p1a: Zamazenta|Crunch|p2a: Gholdengo
|-supereffective|p2a: Gholdengo
|-damage|p2a: Gholdengo|50/100
|-unboost|p2a: Gholdengo|def|1
|-enditem|p2a: Gholdengo|Air Balloon
|move|p2a: Gholdengo|Make It Rain|p1a: Zamazenta
|-damage|p1a: Zamazenta|0 fnt
|-unboost|p2a: Gholdengo|spa|1
|faint|p1a: Zamazenta
|
|upkeep
|
|t:|1760812504
|switch|p1a: ColdVision|Kyurem|100/100
|-ability|p1a: ColdVision|Pressure
|turn|20
|
|t:|1760812513
|move|p1a: ColdVision|Earth Power|p2a: Gholdengo
|-supereffective|p2a: Gholdengo
|-damage|p2a: Gholdengo|0 fnt
|faint|p2a: Gholdengo
|
|upkeep
|
|t:|1760812516
|switch|p2a: Kingambit|Kingambit, F|100/100
|-activate|p2a: Kingambit|ability: Supreme Overlord
|-start|p2a: Kingambit|fallen5|[silent]
|turn|21
|
|t:|1760812523
|move|p1a: ColdVision|Earth Power|p2a: Kingambit
|-supereffective|p2a: Kingambit
|-damage|p2a: Kingambit|0 fnt
|faint|p2a: Kingambit
|-end|p2a: Kingambit|fallen5|[silent]
|
|win|Eggege
|raw|Eggege's rating: 1415 &rarr; <strong>1436</strong><br />(+21 for winning)
|raw|KevKaichi&#x2f;RDT's rating: 1439 &rarr; <strong>1418</strong><br />(-21 for losing)
|l|☆KevKaichi/RDT
|player|p2|
|l|☆Eggege
|player|p1|
