|j|☆ssjrninja
|j|☆ay cheu
|t:|1760766733
|gametype|singles
|player|p1|ssjrninja|miku-ghost|1423
|player|p2|ay cheu|riley|1491
|gen|9
|tier|[Gen 9] OU
|rated|
|rule|HP Percentage Mod: HP is shown in percentages
|rule|Endless Battle Clause: Forcing endless battles is banned
|rule|Species Clause: Limit one of each Pokémon
|rule|OHKO Clause: OHKO moves are banned
|rule|Evasion Items Clause: Evasion items are banned
|rule|Evasion Moves Clause: Evasion moves are banned
|rule|Evasion Abilities Clause: Evasion abilities are banned
|rule|Sleep Moves Clause: Sleep-inducing moves are banned
|clearpoke
|poke|p1|Great Tusk|
|poke|p1|Heatran, M|
|poke|p1|Weavile, M|
|poke|p1|Primarina, M|
|poke|p1|Ogerpon, F|
|poke|p1|Pecharunt|
|poke|p2|Arcanine, M|
|poke|p2|Hatterene, F|
|poke|p2|Mamoswine, M|
|poke|p2|Corviknight, M|
|poke|p2|Greninja-*, M|
|poke|p2|Pawmot, M|
|teampreview
|inactive|Battle timer is ON: inactive players will automatically lose when time's up. (requested by ay cheu)
|
|t:|1760766750
|teamsize|p1|6
|teamsize|p2|6
|start
|switch|p1a: Bandit|Weavile, M, shiny|100/100
|switch|p2a: Arcanine|Arcanine, M|100/100
|-ability|p1a: Bandit|Pressure
|-ability|p2a: Arcanine|Intimidate|boost
|-unboost|p1a: Bandit|atk|1
|turn|1
|
|t:|1760766762
|switch|p1a: Chaos|Heatran, M, shiny|100/100
|-item|p1a: Chaos|Air Balloon
|move|p2a: Arcanine|Scorching Sands|p1a: Chaos
|-immune|p1a: Chaos
|
|upkeep
|turn|2
|
|t:|1760766779
|switch|p2a: Greninja|Greninja, M|100/100
|move|p1a: Chaos|Stealth Rock|p2a: Greninja
|-sidestart|p2: ay cheu|move: Stealth Rock
|
|upkeep
|turn|3
|
|t:|1760766787
|switch|p1a: Celestine|Primarina, M, shiny|100/100
|move|p2a: Greninja|Sludge Wave|p1a: Celestine
|-supereffective|p1a: Celestine
|-damage|p1a: Celestine|53/100
|
|upkeep
|turn|4
|
|t:|1760766799
|switch|p2a: Corviknight|Corviknight, M, shiny|100/100
|-damage|p2a: Corviknight|88/100|[from] Stealth Rock
|-ability|p2a: Corviknight|Pressure
|switch|p1a: Chaos|Heatran, M, shiny|100/100
|-item|p1a: Chaos|Air Balloon
|
|-heal|p2a: Corviknight|94/100|[from] item: Leftovers
|upkeep
|turn|5
|
|t:|1760766804
|move|p1a: Chaos|Magma Storm|p2a: Corviknight
|-supereffective|p2a: Corviknight
|-damage|p2a: Corviknight|21/100
|-activate|p2a: Corviknight|move: Magma Storm|[of] p1a: Chaos
|move|p2a: Corviknight|Defog|p1a: Chaos
|-unboost|p1a: Chaos|evasion|1
|-sideend|p2: ay cheu|Stealth Rock|[from] move: Defog|[of] p2a: Corviknight
|
|-heal|p2a: Corviknight|27/100|[from] item: Leftovers
|-damage|p2a: Corviknight|14/100|[from] move: Magma Storm|[partiallytrapped]
|upkeep
|turn|6
|
|t:|1760766817
|move|p1a: Chaos|Magma Storm|p2a: Corviknight|[miss]
|-miss|p1a: Chaos|p2a: Corviknight
|move|p2a: Corviknight|U-turn|p1a: Chaos
|-resisted|p1a: Chaos
|-damage|p1a: Chaos|97/100
|-enditem|p1a: Chaos|Air Balloon
|
|t:|1760766819
|switch|p2a: Mamoswine|Mamoswine, M|100/100|[from] U-turn
|
|upkeep
|turn|7
|
|t:|1760766826
|move|p2a: Mamoswine|Earthquake|p1a: Chaos
|-supereffective|p1a: Chaos
|-damage|p1a: Chaos|0 fnt
|faint|p1a: Chaos
|
|upkeep
|
|t:|1760766836
|switch|p1a: Bandit|Weavile, M, shiny|100/100
|-ability|p1a: Bandit|Pressure
|turn|8
|
|t:|1760766842
|switch|p2a: Arcanine|Arcanine, M|100/100
|-ability|p2a: Arcanine|Intimidate|boost
|-unboost|p1a: Bandit|atk|1
|move|p1a: Bandit|Triple Axel|p2a: Arcanine
|-resisted|p2a: Arcanine
|-damage|p2a: Arcanine|97/100
|-damage|p1a: Bandit|84/100|[from] item: Rocky Helmet|[of] p2a: Arcanine
|-resisted|p2a: Arcanine
|-damage|p2a: Arcanine|89/100
|-damage|p1a: Bandit|68/100|[from] item: Rocky Helmet|[of] p2a: Arcanine
|-resisted|p2a: Arcanine
|-damage|p2a: Arcanine|78/100
|-damage|p1a: Bandit|51/100|[from] item: Rocky Helmet|[of] p2a: Arcanine
|-hitcount|p2a: Arcanine|3
|
|upkeep
|turn|9
|
|t:|1760766852
|switch|p1a: Celestine|Primarina, M, shiny|53/100
|move|p2a: Arcanine|Flamethrower|p1a: Celestine
|-resisted|p1a: Celestine
|-damage|p1a: Celestine|45/100
|
|upkeep
|turn|10
|
|t:|1760766861
|switch|p2a: Corviknight|Corviknight, M, shiny|14/100
|-ability|p2a: Corviknight|Pressure
|move|p1a: Celestine|Psychic Noise|p2a: Corviknight
|-damage|p2a: Corviknight|0 fnt
|faint|p2a: Corviknight
|
|upkeep
|
|t:|1760766868
|switch|p2a: Pawmot|Pawmot, M|100/100
|turn|11
|
|t:|1760766878
|switch|p2a: Greninja|Greninja, M|100/100
|switch|p1a: Overseer|Pecharunt|100/100
|
|upkeep
|turn|12
|
|t:|1760766898
|move|p2a: Greninja|Dark Pulse|p1a: Overseer
|-supereffective|p1a: Overseer
|-damage|p1a: Overseer|0 fnt
|faint|p1a: Overseer
|
|upkeep
|
|t:|1760766901
|switch|p1a: Behemoth|Great Tusk, shiny|100/100
|turn|13
|
|t:|1760766912
|switch|p2a: Hatterene|Hatterene, F|100/100
|move|p1a: Behemoth|Rapid Spin|p2a: Hatterene
|-damage|p2a: Hatterene|87/100
|-boost|p1a: Behemoth|spe|1
|
|upkeep
|turn|14
|
|t:|1760766923
|-end|p1a: Behemoth|Protosynthesis|[silent]
|switch|p1a: Celestine|Primarina, M, shiny|45/100
|move|p2a: Hatterene|Draining Kiss|p1a: Celestine
|-damage|p1a: Celestine|32/100
|-heal|p2a: Hatterene|98/100|[from] drain|[of] p1a: Celestine
|
|upkeep
|turn|15
|
|t:|1760766929
|move|p1a: Celestine|Whirlpool|p2a: Hatterene
|-damage|p2a: Hatterene|79/100
|-activate|p2a: Hatterene|move: Whirlpool|[of] p1a: Celestine
|move|p2a: Hatterene|Draining Kiss|p1a: Celestine
|-damage|p1a: Celestine|19/100
|-heal|p2a: Hatterene|90/100|[from] drain|[of] p1a: Celestine
|
|-damage|p2a: Hatterene|78/100|[from] move: Whirlpool|[partiallytrapped]
|upkeep
|turn|16
|
|t:|1760766943
|move|p1a: Celestine|Moonblast|p2a: Hatterene
|-damage|p2a: Hatterene|26/100
|move|p2a: Hatterene|Draining Kiss|p1a: Celestine
|-damage|p1a: Celestine|7/100
|-heal|p2a: Hatterene|37/100|[from] drain|[of] p1a: Celestine
|
|-damage|p2a: Hatterene|24/100|[from] move: Whirlpool|[partiallytrapped]
|upkeep
|turn|17
|
|t:|1760766950
|move|p1a: Celestine|Moonblast|p2a: Hatterene
|-damage|p2a: Hatterene|0 fnt
|faint|p2a: Hatterene
|
|upkeep
|
|t:|1760766952
|switch|p2a: Greninja|Greninja, M|100/100
|turn|18
|
|t:|1760766960
|move|p2a: Greninja|U-turn|p1a: Celestine
|-resisted|p1a: Celestine
|-damage|p1a: Celestine|0 fnt
|faint|p1a: Celestine
|
|t:|1760766964
|switch|p2a: Mamoswine|Mamoswine, M|100/100|[from] U-turn
|
|upkeep
|
|t:|1760766977
|switch|p1a: Bandit|Weavile, M, shiny|51/100
|-ability|p1a: Bandit|Pressure
|turn|19
|
|t:|1760766979
|move|p2a: Mamoswine|Earthquake|p1a: Bandit
|-damage|p1a: Bandit|0 fnt
|faint|p1a: Bandit
|
|upkeep
|
|t:|1760766982
|switch|p1a: Anonymous|Ogerpon, F|100/100
|turn|20
|
|t:|1760766989
|switch|p2a: Arcanine|Arcanine, M|78/100
|-ability|p2a: Arcanine|Intimidate|boost
|-unboost|p1a: Anonymous|atk|1
|-ability|p1a: Anonymous|Defiant|boost
|-boost|p1a: Anonymous|atk|2
|move|p1a: Anonymous|Rock Tomb|p2a: Arcanine
|-supereffective|p2a: Arcanine
|-damage|p2a: Arcanine|14/100
|-unboost|p2a: Arcanine|spe|1
|
|upkeep
|turn|21
|
|t:|1760766997
|move|p1a: Anonymous|Rock Tomb|p2a: Arcanine
|-supereffective|p2a: Arcanine
|-damage|p2a: Arcanine|0 fnt
|faint|p2a: Arcanine
|
|upkeep
|
|t:|1760767000
|switch|p2a: Mamoswine|Mamoswine, M|100/100
|turn|22
|
|t:|1760767012
|switch|p1a: Behemoth|Great Tusk, shiny|100/100
|-terastallize|p2a: Mamoswine|Ice
|move|p2a: Mamoswine|Icicle Crash|p1a: Behemoth
|-supereffective|p1a: Behemoth
|-damage|p1a: Behemoth|16/100
|
|upkeep
|turn|23
|
|t:|1760767027
|move|p2a: Mamoswine|Icicle Crash|p1a: Behemoth
|-supereffective|p1a: Behemoth
|-damage|p1a: Behemoth|0 fnt
|faint|p1a: Behemoth
|-end|p1a: Behemoth|Protosynthesis|[silent]
|
|upkeep
|
|t:|1760767029
|switch|p1a: Anonymous|Ogerpon, F|100/100
|turn|24
|
|t:|1760767032
|-terastallize|p1a: Anonymous|Grass
|detailschange|p1a: Anonymous|Ogerpon-Teal-Tera, F, tera:Grass
|-ability|p1a: Anonymous|Embody Aspect (Teal)|boost
|-boost|p1a: Anonymous|spe|1
|move|p1a: Anonymous|Ivy Cudgel|p2a: Mamoswine
|-damage|p2a: Mamoswine|0 fnt
|faint|p2a: Mamoswine
|
|upkeep
|
|t:|1760767039
|switch|p2a: Pawmot|Pawmot, M|100/100
|turn|25
|
|t:|1760767044
|move|p1a: Anonymous|Ivy Cudgel|p2a: Pawmot
|-crit|p2a: Pawmot
|-damage|p2a: Pawmot|0 fnt
|faint|p2a: Pawmot
|
|upkeep
|
|t:|1760767047
|switch|p2a: Greninja|Greninja, M|100/100
|turn|26
|
|t:|1760767049
|move|p1a: Anonymous|Ivy Cudgel|p2a: Greninja
|-supereffective|p2a: Greninja
|-damage|p2a: Greninja|0 fnt
|faint|p2a: Greninja
|
|win|ssjrninja
|raw|ssjrninja's rating: 1423 &rarr; <strong>1447</strong><br />(+24 for winning)
|raw|ay cheu's rating: 1491 &rarr; <strong>1467</strong><br />(-24 for losing)
|l|☆ay cheu
|player|p2|
|l|☆ssjrninja
|player|p1|
