|j|☆MoveWithPower
|j|☆c3稀碎cl
|t:|1760769728
|gametype|singles
|player|p1|MoveWithPower|blackbelt-gen2|1094
|player|p2|c3稀碎cl|cynthia-gen4|1143
|gen|9
|tier|[Gen 9] OU
|rated|
|rule|HP Percentage Mod: HP is shown in percentages
|rule|Endless Battle Clause: Forcing endless battles is banned
|rule|Species Clause: Limit one of each Pokémon
|rule|OHKO Clause: OHKO moves are banned
|rule|Evasion Items Clause: Evasion items are banned
|rule|Evasion Moves Clause: Evasion moves are banned
|rule|Evasion Abilities Clause: Evasion abilities are banned
|rule|Sleep Moves Clause: Sleep-inducing moves are banned
|clearpoke
|poke|p1|Jirachi|
|poke|p1|Darkrai|
|poke|p1|Landorus-Therian, M|
|poke|p1|Kyurem|
|poke|p1|Zamazenta-*|
|poke|p1|Sceptile, F|
|poke|p2|Tyranitar, M|
|poke|p2|Garchomp, M|
|poke|p2|Excadrill, F|
|poke|p2|Zapdos|
|poke|p2|Metagross|
|poke|p2|Gliscor, F|
|teampreview
|inactive|Battle timer is ON: inactive players will automatically lose when time's up. (requested by c3稀碎cl)
|
|t:|1760769734
|teamsize|p1|6
|teamsize|p2|6
|start
|switch|p1a: Landorus|Landorus-Therian, M, shiny|100/100
|switch|p2a: Garchomp|Garchomp, M|100/100
|-ability|p1a: Landorus|Intimidate|boost
|-unboost|p2a: Garchomp|atk|1
|turn|1
|
|t:|1760769742
|move|p1a: Landorus|Stealth Rock|p2a: Garchomp
|-sidestart|p2: c3稀碎cl|move: Stealth Rock
|move|p2a: Garchomp|Stealth Rock|p1a: Landorus
|-sidestart|p1: MoveWithPower|move: Stealth Rock
|
|upkeep
|turn|2
|
|t:|1760769750
|move|p1a: Landorus|U-turn|p2a: Garchomp
|-damage|p2a: Garchomp|89/100
|-damage|p1a: Landorus|88/100|[from] ability: Rough Skin|[of] p2a: Garchomp
|-damage|p1a: Landorus|72/100|[from] item: Rocky Helmet|[of] p2a: Garchomp
|
|t:|1760769758
|switch|p1a: Sceptile|Sceptile, F|100/100|[from] U-turn
|-damage|p1a: Sceptile|88/100|[from] Stealth Rock
|move|p2a: Garchomp|Spikes|p1a: Sceptile
|-sidestart|p1: MoveWithPower|Spikes
|
|-heal|p1a: Sceptile|94/100|[from] item: Leftovers
|upkeep
|turn|3
|
|t:|1760769768
|switch|p2a: Zapdos|Zapdos|100/100
|-damage|p2a: Zapdos|75/100|[from] Stealth Rock
|move|p1a: Sceptile|Leaf Storm|p2a: Zapdos
|-resisted|p2a: Zapdos
|-damage|p2a: Zapdos|55/100
|-unboost|p1a: Sceptile|spa|2
|
|-heal|p1a: Sceptile|99/100|[from] item: Leftovers
|-heal|p2a: Zapdos|61/100|[from] item: Leftovers
|upkeep
|turn|4
|
|t:|1760769780
|-terastallize|p1a: Sceptile|Ground
|move|p1a: Sceptile|Dragon Pulse|p2a: Zapdos
|-damage|p2a: Zapdos|53/100
|move|p2a: Zapdos|Roost|p2a: Zapdos
|-heal|p2a: Zapdos|100/100
|-singleturn|p2a: Zapdos|move: Roost
|
|-heal|p1a: Sceptile|100/100|[from] item: Leftovers
|upkeep
|turn|5
|
|t:|1760769793
|switch|p1a: Darkrai|Darkrai|100/100
|-damage|p1a: Darkrai|88/100|[from] Stealth Rock
|-damage|p1a: Darkrai|76/100|[from] Spikes
|move|p2a: Zapdos|Heat Wave|p1a: Darkrai|[miss]
|-miss|p2a: Zapdos|p1a: Darkrai
|
|upkeep
|turn|6
|
|t:|1760769803
|move|p1a: Darkrai|Ice Beam|p2a: Zapdos
|-supereffective|p2a: Zapdos
|-damage|p2a: Zapdos|54/100
|move|p2a: Zapdos|Heat Wave|p1a: Darkrai|[miss]
|-miss|p2a: Zapdos|p1a: Darkrai
|
|-heal|p2a: Zapdos|60/100|[from] item: Leftovers
|upkeep
|turn|7
|
|t:|1760769823
|switch|p2a: Tyranitar|Tyranitar, M|100/100
|-damage|p2a: Tyranitar|88/100|[from] Stealth Rock
|-weather|Sandstorm|[from] ability: Sand Stream|[of] p2a: Tyranitar
|move|p1a: Darkrai|Ice Beam|p2a: Tyranitar
|-damage|p2a: Tyranitar|74/100
|
|-weather|Sandstorm|[upkeep]
|-damage|p1a: Darkrai|70/100|[from] Sandstorm
|upkeep
|turn|8
|
|t:|1760769838
|switch|p1a: Landorus|Landorus-Therian, M, shiny|72/100
|-damage|p1a: Landorus|59/100|[from] Stealth Rock
|-ability|p1a: Landorus|Intimidate|boost
|-unboost|p2a: Tyranitar|atk|1
|move|p2a: Tyranitar|Low Kick|p1a: Landorus
|-resisted|p1a: Landorus
|-damage|p1a: Landorus|50/100
|-damage|p2a: Tyranitar|58/100|[from] item: Rocky Helmet|[of] p1a: Landorus
|
|-weather|Sandstorm|[upkeep]
|upkeep
|turn|9
|inactive|c3稀碎cl has 120 seconds left.
|
|t:|1760769854
|move|p1a: Landorus|Earth Power|p2a: Tyranitar
|-supereffective|p2a: Tyranitar
|-damage|p2a: Tyranitar|25/100
|move|p2a: Tyranitar|Ice Punch|p1a: Landorus
|-supereffective|p1a: Landorus
|-damage|p1a: Landorus|0 fnt
|-damage|p2a: Tyranitar|9/100|[from] item: Rocky Helmet|[of] p1a: Landorus
|faint|p1a: Landorus
|
|-weather|Sandstorm|[upkeep]
|upkeep
|
|t:|1760769870
|switch|p1a: Sceptile|Sceptile, F, tera:Ground|100/100
|-damage|p1a: Sceptile|94/100|[from] Stealth Rock
|-damage|p1a: Sceptile|82/100|[from] Spikes
|turn|10
|
|t:|1760769880
|move|p1a: Sceptile|Grass Knot|p2a: Tyranitar
|-supereffective|p2a: Tyranitar
|-damage|p2a: Tyranitar|0 fnt
|faint|p2a: Tyranitar
|
|-weather|Sandstorm|[upkeep]
|-heal|p1a: Sceptile|88/100|[from] item: Leftovers
|upkeep
|inactive|c3稀碎cl has 120 seconds left.
|
|t:|1760769904
|switch|p2a: Metagross|Metagross|100/100
|-damage|p2a: Metagross|94/100|[from] Stealth Rock
|turn|11
|inactive|c3稀碎cl has 120 seconds left.
|
|t:|1760769914
|move|p1a: Sceptile|Tera Blast|p2a: Metagross|[anim] Tera Blast Ground
|-supereffective|p2a: Metagross
|-damage|p2a: Metagross|47/100
|move|p2a: Metagross|Ice Punch|p1a: Sceptile
|-supereffective|p1a: Sceptile
|-damage|p1a: Sceptile|0 fnt
|faint|p1a: Sceptile
|
|-weather|none
|upkeep
|
|t:|1760769929
|switch|p1a: Jirachi|Jirachi|100/100
|-damage|p1a: Jirachi|94/100|[from] Stealth Rock
|-damage|p1a: Jirachi|82/100|[from] Spikes
|turn|12
|inactive|c3稀碎cl has 120 seconds left.
|
|t:|1760769951
|move|p1a: Jirachi|Fire Punch|p2a: Metagross
|-supereffective|p2a: Metagross
|-damage|p2a: Metagross|19/100
|move|p2a: Metagross|Ice Punch|p1a: Jirachi
|-resisted|p1a: Jirachi
|-damage|p1a: Jirachi|71/100
|
|-heal|p1a: Jirachi|77/100|[from] item: Leftovers
|upkeep
|turn|13
|
|t:|1760769962
|move|p1a: Jirachi|Fire Punch|p2a: Metagross
|-supereffective|p2a: Metagross
|-damage|p2a: Metagross|0 fnt
|faint|p2a: Metagross
|
|-heal|p1a: Jirachi|83/100|[from] item: Leftovers
|upkeep
|
|t:|1760769969
|switch|p2a: Gliscor|Gliscor, F|100/100
|-damage|p2a: Gliscor|88/100|[from] Stealth Rock
|turn|14
|
|t:|1760769975
|move|p2a: Gliscor|Toxic Spikes|p1a: Jirachi
|-sidestart|p1: MoveWithPower|move: Toxic Spikes
|move|p1a: Jirachi|Body Slam|p2a: Gliscor
|-damage|p2a: Gliscor|70/100
|-status|p2a: Gliscor|par
|
|-heal|p1a: Jirachi|90/100|[from] item: Leftovers
|upkeep
|turn|15
|inactive|c3稀碎cl has 120 seconds left.
|
|t:|1760769988
|switch|p1a: Kyurem|Kyurem, shiny|100/100
|-ability|p1a: Kyurem|Pressure
|move|p2a: Gliscor|Protect||[still]
|-fail|p2a: Gliscor
|
|upkeep
|turn|16
|inactive|c3稀碎cl has 120 seconds left.
|
|t:|1760770013
|switch|p2a: Zapdos|Zapdos|60/100
|-damage|p2a: Zapdos|35/100|[from] Stealth Rock
|move|p1a: Kyurem|Ice Beam|p2a: Zapdos
|-supereffective|p2a: Zapdos
|-damage|p2a: Zapdos|0 fnt
|faint|p2a: Zapdos
|
|upkeep
|
|t:|1760770023
|switch|p2a: Excadrill|Excadrill, F|100/100
|-damage|p2a: Excadrill|97/100|[from] Stealth Rock
|turn|17
|
|t:|1760770046
|switch|p1a: Jirachi|Jirachi|90/100
|-damage|p1a: Jirachi|83/100|[from] Stealth Rock
|-damage|p1a: Jirachi|71/100|[from] Spikes
|move|p2a: Excadrill|Earthquake|p1a: Jirachi
|-supereffective|p1a: Jirachi
|-damage|p1a: Jirachi|0 fnt
|faint|p1a: Jirachi
|-damage|p2a: Excadrill|88/100|[from] item: Life Orb
|
|upkeep
|inactive|MoveWithPower has 120 seconds left.
|
|t:|1760770061
|switch|p1a: Zamazenta|Zamazenta|100/100
|-damage|p1a: Zamazenta|94/100|[from] Stealth Rock
|-damage|p1a: Zamazenta|82/100|[from] Spikes
|-status|p1a: Zamazenta|psn
|-ability|p1a: Zamazenta|Dauntless Shield|boost
|-boost|p1a: Zamazenta|def|1
|turn|18
|
|t:|1760770070
|switch|p2a: Gliscor|Gliscor, F|70/100 par
|-damage|p2a: Gliscor|57/100 par|[from] Stealth Rock
|move|p1a: Zamazenta|Iron Defense|p1a: Zamazenta
|-boost|p1a: Zamazenta|def|2
|
|-heal|p1a: Zamazenta|88/100 psn|[from] item: Leftovers
|-damage|p1a: Zamazenta|76/100 psn|[from] psn
|upkeep
|turn|19
|
|t:|1760770081
|move|p2a: Gliscor|Protect|p2a: Gliscor
|-singleturn|p2a: Gliscor|Protect
|move|p1a: Zamazenta|Roar|p2a: Gliscor
|drag|p2a: Excadrill|Excadrill, F|88/100
|-damage|p2a: Excadrill|84/100|[from] Stealth Rock
|
|-heal|p1a: Zamazenta|82/100 psn|[from] item: Leftovers
|-damage|p1a: Zamazenta|70/100 psn|[from] psn
|upkeep
|turn|20
|
|t:|1760770092
|switch|p2a: Gliscor|Gliscor, F|57/100 par
|-damage|p2a: Gliscor|45/100 par|[from] Stealth Rock
|move|p1a: Zamazenta|Body Press|p2a: Gliscor
|-resisted|p2a: Gliscor
|-damage|p2a: Gliscor|13/100 par
|
|-heal|p1a: Zamazenta|76/100 psn|[from] item: Leftovers
|-damage|p1a: Zamazenta|63/100 psn|[from] psn
|upkeep
|turn|21
|
|t:|1760770112
|move|p2a: Gliscor|Protect|p2a: Gliscor
|-singleturn|p2a: Gliscor|Protect
|move|p1a: Zamazenta|Roar|p2a: Gliscor
|drag|p2a: Garchomp|Garchomp, M|89/100
|-damage|p2a: Garchomp|83/100|[from] Stealth Rock
|
|-heal|p1a: Zamazenta|70/100 psn|[from] item: Leftovers
|-damage|p1a: Zamazenta|57/100 psn|[from] psn
|upkeep
|turn|22
|
|t:|1760770129
|move|p1a: Zamazenta|Body Press|p2a: Garchomp
|-damage|p2a: Garchomp|37/100
|-damage|p1a: Zamazenta|45/100 psn|[from] ability: Rough Skin|[of] p2a: Garchomp
|-damage|p1a: Zamazenta|28/100 psn|[from] item: Rocky Helmet|[of] p2a: Garchomp
|move|p2a: Garchomp|Dragon Tail|p1a: Zamazenta
|-damage|p1a: Zamazenta|20/100 psn
|drag|p1a: Darkrai|Darkrai|70/100
|-damage|p1a: Darkrai|57/100|[from] Stealth Rock
|-damage|p1a: Darkrai|45/100|[from] Spikes
|-status|p1a: Darkrai|psn
|
|-damage|p1a: Darkrai|32/100 psn|[from] psn
|upkeep
|turn|23
|inactive|c3稀碎cl has 120 seconds left.
|
|t:|1760770144
|move|p1a: Darkrai|Ice Beam|p2a: Garchomp
|-supereffective|p2a: Garchomp
|-damage|p2a: Garchomp|0 fnt
|faint|p2a: Garchomp
|
|-damage|p1a: Darkrai|20/100 psn|[from] psn
|upkeep
|inactive|c3稀碎cl has 120 seconds left.
|
|t:|1760770152
|switch|p2a: Excadrill|Excadrill, F|84/100
|-damage|p2a: Excadrill|81/100|[from] Stealth Rock
|turn|24
|
|t:|1760770158
|move|p1a: Darkrai|Ice Beam|p2a: Excadrill
|-damage|p2a: Excadrill|36/100
|move|p2a: Excadrill|Earthquake|p1a: Darkrai
|-damage|p1a: Darkrai|0 fnt
|faint|p1a: Darkrai
|-damage|p2a: Excadrill|26/100|[from] item: Life Orb
|
|upkeep
|
|t:|1760770167
|switch|p1a: Kyurem|Kyurem, shiny|100/100
|-ability|p1a: Kyurem|Pressure
|turn|25
|
|t:|1760770179
|move|p1a: Kyurem|Ice Beam|p2a: Excadrill
|-damage|p2a: Excadrill|0 fnt
|faint|p2a: Excadrill
|
|upkeep
|-message|c3稀碎cl forfeited.
|
|win|MoveWithPower
|raw|MoveWithPower's rating: 1094 &rarr; <strong>1124</strong><br />(+30 for winning)
|raw|c3稀碎cl's rating: 1143 &rarr; <strong>1114</strong><br />(-29 for losing)
|l|☆c3稀碎cl
|player|p2|
|c|☆MoveWithPower|gg
|l|☆MoveWithPower
|player|p1|
