|j|☆azeard
|j|☆crackstone
|t:|1760797028
|gametype|singles
|player|p1|azeard|265|1393
|player|p2|crackstone|265|1320
|gen|9
|tier|[Gen 9] OU
|rated|
|rule|HP Percentage Mod: HP is shown in percentages
|rule|Endless Battle Clause: Forcing endless battles is banned
|rule|Species Clause: Limit one of each Pokémon
|rule|OHKO Clause: OHKO moves are banned
|rule|Evasion Items Clause: Evasion items are banned
|rule|Evasion Moves Clause: Evasion moves are banned
|rule|Evasion Abilities Clause: Evasion abilities are banned
|rule|Sleep Moves Clause: Sleep-inducing moves are banned
|clearpoke
|poke|p1|Kleavor, F|
|poke|p1|Skeledirge, F|
|poke|p1|Kingambit, F|
|poke|p1|Ogerpon-Wellspring, F|
|poke|p1|Latios, M|
|poke|p1|Deoxys-Speed|
|poke|p2|Kingambit, F|
|poke|p2|Garchomp, M|
|poke|p2|Ting-Lu|
|poke|p2|Keldeo|
|poke|p2|Iron Moth|
|poke|p2|Gholdengo|
|teampreview
|inactive|Battle timer is ON: inactive players will automatically lose when time's up. (requested by azeard)
|inactive|crackstone has 120 seconds left.
|
|t:|1760797095
|teamsize|p1|6
|teamsize|p2|6
|start
|switch|p1a: Deoxys|Deoxys-Speed|100/100
|switch|p2a: Ting-Lu|Ting-Lu|100/100
|-ability|p1a: Deoxys|Pressure
|-ability|p2a: Ting-Lu|Vessel of Ruin
|turn|1
|
|t:|1760797105
|move|p1a: Deoxys|Spikes|p2a: Ting-Lu
|-sidestart|p2: crackstone|Spikes
|move|p2a: Ting-Lu|Stealth Rock|p1a: Deoxys
|-sidestart|p1: azeard|move: Stealth Rock
|
|upkeep
|turn|2
|
|t:|1760797125
|move|p1a: Deoxys|Spikes|p2a: Ting-Lu
|-sidestart|p2: crackstone|Spikes
|move|p2a: Ting-Lu|Spikes|p1a: Deoxys
|-sidestart|p1: azeard|Spikes
|
|upkeep
|turn|3
|
|t:|1760797129
|move|p1a: Deoxys|Spikes|p2a: Ting-Lu
|-sidestart|p2: crackstone|Spikes
|move|p2a: Ting-Lu|Spikes|p1a: Deoxys
|-sidestart|p1: azeard|Spikes
|
|upkeep
|turn|4
|
|t:|1760797152
|move|p1a: Deoxys|Ice Beam|p2a: Ting-Lu
|-supereffective|p2a: Ting-Lu
|-damage|p2a: Ting-Lu|66/100
|-damage|p1a: Deoxys|91/100|[from] item: Life Orb
|move|p2a: Ting-Lu|Earthquake|p1a: Deoxys
|-damage|p1a: Deoxys|30/100
|
|-heal|p2a: Ting-Lu|72/100|[from] item: Leftovers
|upkeep
|turn|5
|
|t:|1760797165
|move|p1a: Deoxys|Superpower|p2a: Ting-Lu
|-supereffective|p2a: Ting-Lu
|-damage|p2a: Ting-Lu|40/100
|-unboost|p1a: Deoxys|atk|1
|-unboost|p1a: Deoxys|def|1
|-damage|p1a: Deoxys|20/100|[from] item: Life Orb
|move|p2a: Ting-Lu|Spikes|p1a: Deoxys
|-sidestart|p1: azeard|Spikes
|
|-heal|p2a: Ting-Lu|46/100|[from] item: Leftovers
|upkeep
|turn|6
|
|t:|1760797173
|switch|p2a: Keldeo|Keldeo, shiny|100/100
|move|p1a: Deoxys|Ice Beam|p2a: Keldeo
|-resisted|p2a: Keldeo
|-damage|p2a: Keldeo|80/100
|-damage|p1a: Deoxys|10/100|[from] item: Life Orb
|
|upkeep
|turn|7
|
|t:|1760797177
|move|p2a: Keldeo|Vacuum Wave|p1a: Deoxys
|-resisted|p1a: Deoxys
|-damage|p1a: Deoxys|0 fnt
|faint|p1a: Deoxys
|
|upkeep
|
|t:|1760797183
|switch|p1a: Latios|Latios, M|100/100
|-damage|p1a: Latios|88/100|[from] Stealth Rock
|turn|8
|
|t:|1760797187
|switch|p2a: Ting-Lu|Ting-Lu|46/100
|-damage|p2a: Ting-Lu|21/100|[from] Spikes
|-ability|p2a: Ting-Lu|Vessel of Ruin
|move|p1a: Latios|Luster Purge|p2a: Ting-Lu
|-immune|p2a: Ting-Lu
|
|-heal|p2a: Ting-Lu|28/100|[from] item: Leftovers
|upkeep
|turn|9
|
|t:|1760797194
|move|p1a: Latios|Aura Sphere|p2a: Ting-Lu
|-supereffective|p2a: Ting-Lu
|-damage|p2a: Ting-Lu|0 fnt
|faint|p2a: Ting-Lu
|
|upkeep
|
|t:|1760797202
|switch|p2a: Gholdengo|Gholdengo|100/100
|-damage|p2a: Gholdengo|76/100|[from] Spikes
|turn|10
|
|t:|1760797220
|move|p1a: Latios|Thunderbolt|p2a: Gholdengo
|-damage|p2a: Gholdengo|41/100
|move|p2a: Gholdengo|Make It Rain|p1a: Latios
|-damage|p1a: Latios|11/100
|-unboost|p2a: Gholdengo|spa|1
|
|upkeep
|turn|11
|
|t:|1760797240
|move|p1a: Latios|Luster Purge|p2a: Gholdengo
|-resisted|p2a: Gholdengo
|-damage|p2a: Gholdengo|11/100
|-unboost|p2a: Gholdengo|spd|1
|move|p2a: Gholdengo|Make It Rain|p1a: Latios
|-damage|p1a: Latios|0 fnt
|-unboost|p2a: Gholdengo|spa|1
|faint|p1a: Latios
|
|upkeep
|
|t:|1760797242
|switch|p1a: Kleavor|Kleavor, F|100/100
|-damage|p1a: Kleavor|76/100|[from] Stealth Rock
|-damage|p1a: Kleavor|51/100|[from] Spikes
|turn|12
|
|t:|1760797247
|move|p1a: Kleavor|Stone Axe|p2a: Gholdengo
|-resisted|p2a: Gholdengo
|-damage|p2a: Gholdengo|0 fnt
|-sidestart|p2: crackstone|move: Stealth Rock
|faint|p2a: Gholdengo
|
|upkeep
|
|t:|1760797255
|switch|p2a: Keldeo|Keldeo, shiny|80/100
|turn|13
|
|t:|1760797257
|move|p1a: Kleavor|Stone Axe|p2a: Keldeo
|-resisted|p2a: Keldeo
|-damage|p2a: Keldeo|48/100
|move|p2a: Keldeo|Aura Sphere|p1a: Kleavor
|-damage|p1a: Kleavor|0 fnt
|faint|p1a: Kleavor
|
|upkeep
|
|t:|1760797266
|switch|p1a: Ogerpon|Ogerpon-Wellspring, F|100/100
|-damage|p1a: Ogerpon|88/100|[from] Stealth Rock
|-damage|p1a: Ogerpon|63/100|[from] Spikes
|turn|14
|
|t:|1760797289
|switch|p2a: Anomаly|Iron Moth|100/100
|-damage|p2a: Anomаly|76/100|[from] Spikes
|-damage|p2a: Anomаly|51/100|[from] Stealth Rock
|-enditem|p2a: Anomаly|Booster Energy
|-activate|p2a: Anomаly|ability: Quark Drive|[fromitem]
|-start|p2a: Anomаly|quarkdrivespe
|move|p1a: Ogerpon|Horn Leech|p2a: Anomаly
|-resisted|p2a: Anomаly
|-damage|p2a: Anomаly|35/100
|-heal|p1a: Ogerpon|71/100|[from] drain|[of] p2a: Anomаly
|
|upkeep
|turn|15
|
|t:|1760797299
|-terastallize|p1a: Ogerpon|Water
|detailschange|p1a: Ogerpon|Ogerpon-Wellspring-Tera, F, tera:Water
|-ability|p1a: Ogerpon|Embody Aspect (Wellspring)|boost
|-boost|p1a: Ogerpon|spd|1
|move|p2a: Anomаly|Discharge|p1a: Ogerpon
|-supereffective|p1a: Ogerpon
|-damage|p1a: Ogerpon|28/100
|move|p1a: Ogerpon|Ivy Cudgel|p2a: Anomаly|[anim] Ivy Cudgel Water
|-supereffective|p2a: Anomаly
|-damage|p2a: Anomаly|0 fnt
|faint|p2a: Anomаly
|-end|p2a: Anomаly|Quark Drive|[silent]
|
|upkeep
|
|t:|1760797311
|switch|p2a: Garchomp|Garchomp, M, shiny|100/100
|-damage|p2a: Garchomp|75/100|[from] Spikes
|-damage|p2a: Garchomp|69/100|[from] Stealth Rock
|turn|16
|
|t:|1760797316
|move|p1a: Ogerpon|Ivy Cudgel|p2a: Garchomp|[anim] Ivy Cudgel Water
|-damage|p2a: Garchomp|1/100
|move|p2a: Garchomp|Scale Shot|p1a: Ogerpon
|-damage|p1a: Ogerpon|13/100
|-damage|p1a: Ogerpon|0 fnt
|faint|p1a: Ogerpon
|detailschange|p1: Ogerpon|Ogerpon-Wellspring, F|[silent]
|-hitcount|p1: Ogerpon|2
|-unboost|p2a: Garchomp|def|1
|-boost|p2a: Garchomp|spe|1
|
|-heal|p2a: Garchomp|7/100|[from] item: Leftovers
|upkeep
|
|t:|1760797324
|switch|p1a: Kingambit|Kingambit, F|100/100
|-damage|p1a: Kingambit|94/100|[from] Stealth Rock
|-activate|p1a: Kingambit|ability: Supreme Overlord
|-start|p1a: Kingambit|fallen4|[silent]
|-item|p1a: Kingambit|Air Balloon
|turn|17
|
|t:|1760797338
|move|p1a: Kingambit|Sucker Punch||[still]
|-fail|p1a: Kingambit
|move|p2a: Garchomp|Swords Dance|p2a: Garchomp
|-boost|p2a: Garchomp|atk|2
|
|-heal|p2a: Garchomp|13/100|[from] item: Leftovers
|upkeep
|turn|18
|
|t:|1760797341
|move|p1a: Kingambit|Sucker Punch|p2a: Garchomp
|-damage|p2a: Garchomp|0 fnt
|-damage|p1a: Kingambit|82/100|[from] ability: Rough Skin|[of] p2a: Garchomp
|faint|p2a: Garchomp
|
|upkeep
|
|t:|1760797345
|switch|p2a: Keldeo|Keldeo, shiny|48/100
|turn|19
|
|t:|1760797348
|-end|p1a: Kingambit|fallen4|[silent]
|switch|p1a: Skeledirge|Skeledirge, F|100/100
|move|p2a: Keldeo|Aura Sphere|p1a: Skeledirge
|-immune|p1a: Skeledirge
|
|upkeep
|turn|20
|
|t:|1760797354
|move|p2a: Keldeo|Surf|p1a: Skeledirge
|-supereffective|p1a: Skeledirge
|-damage|p1a: Skeledirge|30/100
|move|p1a: Skeledirge|Shadow Ball|p2a: Keldeo
|-damage|p2a: Keldeo|13/100
|
|upkeep
|turn|21
|
|t:|1760797360
|move|p2a: Keldeo|Surf|p1a: Skeledirge
|-supereffective|p1a: Skeledirge
|-damage|p1a: Skeledirge|0 fnt
|faint|p1a: Skeledirge
|
|upkeep
|
|t:|1760797362
|switch|p1a: Kingambit|Kingambit, F|82/100
|-damage|p1a: Kingambit|75/100|[from] Stealth Rock
|-activate|p1a: Kingambit|ability: Supreme Overlord
|-start|p1a: Kingambit|fallen5|[silent]
|-item|p1a: Kingambit|Air Balloon
|turn|22
|
|t:|1760797376
|move|p2a: Keldeo|Vacuum Wave|p1a: Kingambit
|-supereffective|p1a: Kingambit
|-damage|p1a: Kingambit|0 fnt
|-enditem|p1a: Kingambit|Air Balloon
|faint|p1a: Kingambit
|-end|p1a: Kingambit|fallen5|[silent]
|
|win|crackstone
|raw|azeard's rating: 1393 &rarr; <strong>1371</strong><br />(-22 for losing)
|raw|crackstone's rating: 1362 &rarr; <strong>1384</strong><br />(+22 for winning)
|l|☆azeard
|player|p1|
|l|☆crackstone
|player|p2|
