|j|☆H0N3R
|j|☆deecolon
|t:|1760731384
|gametype|singles
|player|p1|H0N3R|101|1404
|player|p2|deecolon|unknown|1406
|gen|9
|tier|[Gen 9] OU
|rated|
|rule|HP Percentage Mod: HP is shown in percentages
|rule|Endless Battle Clause: Forcing endless battles is banned
|rule|Species Clause: Limit one of each Pokémon
|rule|OHKO Clause: OHKO moves are banned
|rule|Evasion Items Clause: Evasion items are banned
|rule|Evasion Moves Clause: Evasion moves are banned
|rule|Evasion Abilities Clause: Evasion abilities are banned
|rule|Sleep Moves Clause: Sleep-inducing moves are banned
|clearpoke
|poke|p1|Kyurem|
|poke|p1|Empoleon, F|
|poke|p1|Grimmsnarl, M|
|poke|p1|Enamorus, F|
|poke|p1|Torterra, M|
|poke|p1|Froslass, F|
|poke|p2|Skeledirge, F|
|poke|p2|Ogerpon-Wellspring, F|
|poke|p2|Dragapult, M|
|poke|p2|Weezing-Galar, M|
|poke|p2|Ting-Lu|
|poke|p2|Corviknight, F|
|teampreview
|
|t:|1760731402
|teamsize|p1|6
|teamsize|p2|6
|start
|switch|p1a: Froslass|Froslass, F|100/100
|switch|p2a: Weezing|Weezing-Galar, M|100/100
|-ability|p2a: Weezing|Neutralizing Gas
|turn|1
|
|t:|1760731429
|move|p1a: Froslass|Spikes|p2a: Weezing
|-sidestart|p2: deecolon|Spikes
|move|p2a: Weezing|Sludge Bomb|p1a: Froslass
|-resisted|p1a: Froslass
|-damage|p1a: Froslass|80/100
|
|upkeep
|turn|2
|
|t:|1760731442
|move|p1a: Froslass|Shadow Ball|p2a: Weezing
|-damage|p2a: Weezing|56/100
|-unboost|p2a: Weezing|spd|1
|move|p2a: Weezing|Sludge Bomb|p1a: Froslass
|-resisted|p1a: Froslass
|-damage|p1a: Froslass|60/100
|
|upkeep
|turn|3
|inactive|Battle timer is ON: inactive players will automatically lose when time's up. (requested by H0N3R)
|inactive|deecolon has 120 seconds left.
|l|☆H0N3R
|inactive|H0N3R disconnected and has a minute to reconnect!
|player|p1|
|j|☆H0N3R
|inactive|H0N3R reconnected.
|player|p1|H0N3R|101|
|
|t:|1760731547
|-end|p2a: Weezing|ability: Neutralizing Gas
|switch|p2a: Ting-Lu|Ting-Lu, shiny|100/100
|-damage|p2a: Ting-Lu|88/100|[from] Spikes
|-ability|p2a: Ting-Lu|Vessel of Ruin
|move|p1a: Froslass|Spikes|p2a: Ting-Lu
|-sidestart|p2: deecolon|Spikes
|
|-heal|p2a: Ting-Lu|94/100|[from] item: Leftovers
|upkeep
|turn|4
|
|t:|1760731558
|switch|p2a: Corviknight|Corviknight, F|100/100
|-ability|p2a: Corviknight|Pressure
|move|p1a: Froslass|Taunt|p2a: Corviknight
|-start|p2a: Corviknight|move: Taunt
|
|upkeep
|turn|5
|
|t:|1760731566
|move|p1a: Froslass|Ice Beam|p2a: Corviknight
|-damage|p2a: Corviknight|64/100
|move|p2a: Corviknight|U-turn|p1a: Froslass
|-resisted|p1a: Froslass
|-damage|p1a: Froslass|48/100
|
|t:|1760731571
|switch|p2a: Dragapult|Dragapult, M|100/100|[from] U-turn
|-damage|p2a: Dragapult|84/100|[from] Spikes
|
|upkeep
|turn|6
|
|t:|1760731579
|switch|p1a: Grimmsnarl|Grimmsnarl, M|100/100
|move|p2a: Dragapult|Shadow Ball|p1a: Grimmsnarl
|-resisted|p1a: Grimmsnarl
|-damage|p1a: Grimmsnarl|76/100
|
|upkeep
|turn|7
|
|t:|1760731591
|switch|p2a: Weezing|Weezing-Galar, M|56/100
|-ability|p2a: Weezing|Neutralizing Gas
|switch|p1a: Froslass|Froslass, F|48/100
|
|upkeep
|turn|8
|
|t:|1760731603
|move|p1a: Froslass|Taunt|p2a: Weezing
|-start|p2a: Weezing|move: Taunt
|cant|p2a: Weezing|move: Taunt|Defog
|
|upkeep
|turn|9
|
|t:|1760731613
|-end|p2a: Weezing|ability: Neutralizing Gas
|switch|p2a: Ogerpon|Ogerpon-Wellspring, F|100/100
|-damage|p2a: Ogerpon|84/100|[from] Spikes
|move|p1a: Froslass|Spikes|p2a: Ogerpon
|-sidestart|p2: deecolon|Spikes
|
|upkeep
|turn|10
|
|t:|1760731641
|switch|p1a: Empoleon|Empoleon, F|100/100
|-item|p1a: Empoleon|Air Balloon
|move|p2a: Ogerpon|Knock Off|p1a: Empoleon
|-damage|p1a: Empoleon|71/100
|-enditem|p1a: Empoleon|Air Balloon
|
|upkeep
|turn|11
|
|t:|1760731650
|move|p2a: Ogerpon|Spikes|p1a: Empoleon
|-sidestart|p1: H0N3R|Spikes
|move|p1a: Empoleon|Stealth Rock|p2a: Ogerpon
|-sidestart|p2: deecolon|move: Stealth Rock
|
|upkeep
|turn|12
|
|t:|1760731661
|move|p2a: Ogerpon|Spikes|p1a: Empoleon
|-sidestart|p1: H0N3R|Spikes
|move|p1a: Empoleon|Flash Cannon|p2a: Ogerpon
|-resisted|p2a: Ogerpon
|-damage|p2a: Ogerpon|67/100
|
|upkeep
|turn|13
|
|t:|1760731675
|move|p2a: Ogerpon|Spikes|p1a: Empoleon
|-sidestart|p1: H0N3R|Spikes
|move|p1a: Empoleon|Flash Cannon|p2a: Ogerpon
|-resisted|p2a: Ogerpon
|-crit|p2a: Ogerpon
|-damage|p2a: Ogerpon|40/100
|
|upkeep
|turn|14
|
|t:|1760731682
|move|p2a: Ogerpon|Synthesis|p2a: Ogerpon
|-heal|p2a: Ogerpon|90/100
|move|p1a: Empoleon|Flash Cannon|p2a: Ogerpon
|-resisted|p2a: Ogerpon
|-damage|p2a: Ogerpon|73/100
|
|upkeep
|turn|15
|
|t:|1760731688
|move|p2a: Ogerpon|Knock Off|p1a: Empoleon
|-damage|p1a: Empoleon|52/100
|move|p1a: Empoleon|Flash Cannon|p2a: Ogerpon
|-resisted|p2a: Ogerpon
|-damage|p2a: Ogerpon|56/100
|
|upkeep
|turn|16
|
|t:|1760731695
|move|p2a: Ogerpon|Ivy Cudgel|p1a: Empoleon|[anim] Ivy Cudgel Water
|-resisted|p1a: Empoleon
|-damage|p1a: Empoleon|26/100
|move|p1a: Empoleon|Flash Cannon|p2a: Ogerpon
|-resisted|p2a: Ogerpon
|-damage|p2a: Ogerpon|40/100
|
|upkeep
|turn|17
|
|t:|1760731702
|move|p2a: Ogerpon|Ivy Cudgel|p1a: Empoleon|[anim] Ivy Cudgel Water
|-resisted|p1a: Empoleon
|-damage|p1a: Empoleon|1/100
|move|p1a: Empoleon|Flash Cannon|p2a: Ogerpon
|-resisted|p2a: Ogerpon
|-damage|p2a: Ogerpon|22/100
|
|upkeep
|turn|18
|
|t:|1760731715
|move|p1a: Empoleon|Vacuum Wave|p2a: Ogerpon
|-damage|p2a: Ogerpon|11/100
|move|p2a: Ogerpon|Synthesis|p2a: Ogerpon
|-heal|p2a: Ogerpon|61/100
|
|upkeep
|turn|19
|
|t:|1760731722
|move|p1a: Empoleon|Vacuum Wave|p2a: Ogerpon
|-damage|p2a: Ogerpon|49/100
|move|p2a: Ogerpon|Synthesis|p2a: Ogerpon
|-heal|p2a: Ogerpon|99/100
|
|upkeep
|turn|20
|
|t:|1760731731
|move|p2a: Ogerpon|Knock Off|p1a: Empoleon
|-damage|p1a: Empoleon|0 fnt
|faint|p1a: Empoleon
|
|upkeep
|
|t:|1760731741
|switch|p1a: Froslass|Froslass, F|48/100
|-damage|p1a: Froslass|23/100|[from] Spikes
|turn|21
|
|t:|1760731747
|move|p1a: Froslass|Shadow Ball|p2a: Ogerpon
|-damage|p2a: Ogerpon|69/100
|move|p2a: Ogerpon|Knock Off|p1a: Froslass
|-supereffective|p1a: Froslass
|-damage|p1a: Froslass|0 fnt
|-enditem|p1a: Froslass|Focus Sash|[from] move: Knock Off|[of] p2a: Ogerpon
|faint|p1a: Froslass
|
|upkeep
|
|t:|1760731766
|switch|p1a: Grimmsnarl|Grimmsnarl, M|76/100
|-damage|p1a: Grimmsnarl|51/100|[from] Spikes
|turn|22
|
|t:|1760731771
|switch|p2a: Weezing|Weezing-Galar, M|56/100
|-ability|p2a: Weezing|Neutralizing Gas
|move|p1a: Grimmsnarl|Reflect|p1a: Grimmsnarl
|-sidestart|p1: H0N3R|Reflect
|
|upkeep
|turn|23
|
|t:|1760731779
|move|p2a: Weezing|Defog|p1a: Grimmsnarl
|-unboost|p1a: Grimmsnarl|evasion|1
|-sideend|p1: H0N3R|Reflect
|-sideend|p1: H0N3R|Spikes|[from] move: Defog|[of] p2a: Weezing
|-sideend|p2: deecolon|Spikes|[from] move: Defog|[of] p2a: Weezing
|-sideend|p2: deecolon|Stealth Rock|[from] move: Defog|[of] p2a: Weezing
|move|p1a: Grimmsnarl|Parting Shot|p2a: Weezing
|-unboost|p2a: Weezing|atk|1
|-unboost|p2a: Weezing|spa|1
|inactive|H0N3R has 120 seconds left.
|
|t:|1760731819
|switch|p1a: Kyurem|Kyurem|100/100|[from] Parting Shot
|
|upkeep
|turn|24
|inactive|H0N3R has 120 seconds left.
|inactive|deecolon has 120 seconds left.
|inactive|deecolon has 90 seconds left.
|inactive|deecolon has 60 seconds left.
|
|t:|1760731913
|-end|p2a: Weezing|ability: Neutralizing Gas
|-ability|p1a: Kyurem|Pressure
|switch|p2a: Skeledirge|Skeledirge, F|100/100
|-terastallize|p1a: Kyurem|Fire
|move|p1a: Kyurem|Dragon Dance|p1a: Kyurem
|-boost|p1a: Kyurem|atk|1
|-boost|p1a: Kyurem|spe|1
|
|upkeep
|turn|25
|inactive|H0N3R has 120 seconds left.
|
|t:|1760731926
|move|p1a: Kyurem|Rock Slide|p2a: Skeledirge
|-supereffective|p2a: Skeledirge
|-damage|p2a: Skeledirge|57/100
|move|p2a: Skeledirge|Earth Power|p1a: Kyurem
|-supereffective|p1a: Kyurem
|-damage|p1a: Kyurem|59/100
|
|upkeep
|turn|26
|
|t:|1760731933
|-terastallize|p2a: Skeledirge|Dark
|move|p1a: Kyurem|Rock Slide|p2a: Skeledirge
|-damage|p2a: Skeledirge|31/100
|move|p2a: Skeledirge|Slack Off|p2a: Skeledirge
|-heal|p2a: Skeledirge|81/100
|
|upkeep
|turn|27
|inactive|H0N3R has 120 seconds left.
|
|t:|1760731950
|move|p1a: Kyurem|Tera Blast|p2a: Skeledirge|[anim] Tera Blast Fire
|-damage|p2a: Skeledirge|42/100
|move|p2a: Skeledirge|Slack Off|p2a: Skeledirge
|-heal|p2a: Skeledirge|92/100
|
|upkeep
|turn|28
|inactive|H0N3R has 120 seconds left.
|
|t:|1760731974
|move|p1a: Kyurem|Tera Blast|p2a: Skeledirge|[anim] Tera Blast Fire
|-damage|p2a: Skeledirge|57/100
|move|p2a: Skeledirge|Torch Song|p1a: Kyurem
|-resisted|p1a: Kyurem
|-damage|p1a: Kyurem|46/100
|-boost|p2a: Skeledirge|spa|1
|
|upkeep
|turn|29
|
|t:|1760731982
|move|p1a: Kyurem|Rock Slide|p2a: Skeledirge
|-damage|p2a: Skeledirge|35/100
|move|p2a: Skeledirge|Earth Power|p1a: Kyurem
|-supereffective|p1a: Kyurem
|-damage|p1a: Kyurem|0 fnt
|faint|p1a: Kyurem
|
|upkeep
|
|t:|1760731991
|switch|p1a: Torterra|Torterra, M|100/100
|turn|30
|inactive|H0N3R has 120 seconds left.
|
|t:|1760732000
|move|p1a: Torterra|Bullet Seed|p2a: Skeledirge
|-damage|p2a: Skeledirge|25/100
|-crit|p2a: Skeledirge
|-damage|p2a: Skeledirge|10/100
|-damage|p2a: Skeledirge|1/100
|-damage|p2a: Skeledirge|0 fnt
|faint|p2a: Skeledirge
|-hitcount|p2: Skeledirge|4
|
|upkeep
|
|t:|1760732011
|switch|p2a: Weezing|Weezing-Galar, M|56/100
|-ability|p2a: Weezing|Neutralizing Gas
|turn|31
|
|t:|1760732023
|switch|p1a: Grimmsnarl|Grimmsnarl, M|51/100
|move|p2a: Weezing|Will-O-Wisp|p1a: Grimmsnarl
|-status|p1a: Grimmsnarl|brn
|
|-damage|p1a: Grimmsnarl|45/100 brn|[from] brn
|upkeep
|turn|32
|
|t:|1760732032
|move|p2a: Weezing|Sludge Bomb|p1a: Grimmsnarl
|-supereffective|p1a: Grimmsnarl
|-damage|p1a: Grimmsnarl|0 fnt
|faint|p1a: Grimmsnarl
|
|upkeep
|
|t:|1760732038
|switch|p1a: Torterra|Torterra, M|100/100
|turn|33
|
|t:|1760732045
|move|p1a: Torterra|Earthquake|p2a: Weezing
|-supereffective|p2a: Weezing
|-damage|p2a: Weezing|0 fnt
|faint|p2a: Weezing
|-end|p2a: Weezing|ability: Neutralizing Gas
|
|upkeep
|
|t:|1760732049
|switch|p2a: Corviknight|Corviknight, F|64/100
|-ability|p2a: Corviknight|Pressure
|turn|34
|
|t:|1760732054
|move|p1a: Torterra|Shell Smash|p1a: Torterra
|-unboost|p1a: Torterra|def|1
|-unboost|p1a: Torterra|spd|1
|-boost|p1a: Torterra|atk|2
|-boost|p1a: Torterra|spa|2
|-boost|p1a: Torterra|spe|2
|move|p2a: Corviknight|Iron Defense|p2a: Corviknight
|-boost|p2a: Corviknight|def|2
|
|upkeep
|turn|35
|
|t:|1760732063
|move|p1a: Torterra|Rock Blast|p2a: Corviknight
|-damage|p2a: Corviknight|60/100
|-damage|p2a: Corviknight|55/100
|-damage|p2a: Corviknight|51/100
|-damage|p2a: Corviknight|46/100
|-damage|p2a: Corviknight|41/100
|-hitcount|p2a: Corviknight|5
|move|p2a: Corviknight|Roost|p2a: Corviknight
|-heal|p2a: Corviknight|91/100
|-singleturn|p2a: Corviknight|move: Roost
|
|upkeep
|turn|36
|
|t:|1760732078
|move|p1a: Torterra|Rock Blast|p2a: Corviknight
|-damage|p2a: Corviknight|87/100
|-damage|p2a: Corviknight|82/100
|-damage|p2a: Corviknight|77/100
|-damage|p2a: Corviknight|73/100
|-damage|p2a: Corviknight|68/100
|-hitcount|p2a: Corviknight|5
|move|p2a: Corviknight|Body Press|p1a: Torterra
|-damage|p1a: Torterra|21/100
|
|upkeep
|turn|37
|
|t:|1760732088
|move|p1a: Torterra|Rock Blast|p2a: Corviknight
|-damage|p2a: Corviknight|63/100
|-damage|p2a: Corviknight|58/100
|-damage|p2a: Corviknight|54/100
|-crit|p2a: Corviknight
|-damage|p2a: Corviknight|38/100
|-hitcount|p2a: Corviknight|4
|move|p2a: Corviknight|Roost|p2a: Corviknight
|-heal|p2a: Corviknight|88/100
|-singleturn|p2a: Corviknight|move: Roost
|
|upkeep
|turn|38
|
|t:|1760732100
|switch|p1a: Enamorus|Enamorus, F|100/100
|move|p2a: Corviknight|U-turn|p1a: Enamorus
|-resisted|p1a: Enamorus
|-damage|p1a: Enamorus|95/100
|
|t:|1760732113
|switch|p2a: Dragapult|Dragapult, M|84/100|[from] U-turn
|
|upkeep
|turn|39
|
|t:|1760732121
|move|p1a: Enamorus|Moonblast|p2a: Dragapult
|-supereffective|p2a: Dragapult
|-damage|p2a: Dragapult|0 fnt
|faint|p2a: Dragapult
|
|upkeep
|
|t:|1760732124
|switch|p2a: Corviknight|Corviknight, F|88/100
|-ability|p2a: Corviknight|Pressure
|turn|40
|
|t:|1760732130
|switch|p1a: Torterra|Torterra, M|21/100
|move|p2a: Corviknight|Body Press|p1a: Torterra
|-damage|p1a: Torterra|0 fnt
|faint|p1a: Torterra
|
|upkeep
|
|t:|1760732138
|switch|p1a: Enamorus|Enamorus, F|95/100
|turn|41
|
|t:|1760732142
|move|p1a: Enamorus|Superpower|p2a: Corviknight
|-damage|p2a: Corviknight|70/100
|-boost|p1a: Enamorus|atk|1
|-boost|p1a: Enamorus|def|1
|-damage|p1a: Enamorus|78/100|[from] item: Rocky Helmet|[of] p2a: Corviknight
|move|p2a: Corviknight|Roost|p2a: Corviknight
|-heal|p2a: Corviknight|100/100
|-singleturn|p2a: Corviknight|move: Roost
|
|upkeep
|turn|42
|
|t:|1760732152
|move|p1a: Enamorus|Superpower|p2a: Corviknight
|-damage|p2a: Corviknight|73/100
|-boost|p1a: Enamorus|atk|1
|-boost|p1a: Enamorus|def|1
|-damage|p1a: Enamorus|62/100|[from] item: Rocky Helmet|[of] p2a: Corviknight
|move|p2a: Corviknight|Iron Defense|p2a: Corviknight
|-boost|p2a: Corviknight|def|2
|
|upkeep
|turn|43
|
|t:|1760732160
|move|p1a: Enamorus|Superpower|p2a: Corviknight
|-damage|p2a: Corviknight|55/100
|-boost|p1a: Enamorus|atk|1
|-boost|p1a: Enamorus|def|1
|-damage|p1a: Enamorus|45/100|[from] item: Rocky Helmet|[of] p2a: Corviknight
|move|p2a: Corviknight|Iron Defense|p2a: Corviknight
|-boost|p2a: Corviknight|def|2
|
|upkeep
|turn|44
|
|t:|1760732169
|move|p1a: Enamorus|Superpower|p2a: Corviknight
|-damage|p2a: Corviknight|40/100
|-boost|p1a: Enamorus|atk|1
|-boost|p1a: Enamorus|def|1
|-damage|p1a: Enamorus|29/100|[from] item: Rocky Helmet|[of] p2a: Corviknight
|move|p2a: Corviknight|Roost|p2a: Corviknight
|-heal|p2a: Corviknight|90/100
|-singleturn|p2a: Corviknight|move: Roost
|
|upkeep
|turn|45
|-message|H0N3R forfeited.
|
|win|deecolon
|raw|H0N3R's rating: 1404 &rarr; <strong>1384</strong><br />(-20 for losing)
|raw|deecolon's rating: 1406 &rarr; <strong>1426</strong><br />(+20 for winning)
|l|☆H0N3R
|player|p1|
|l|☆deecolon
|player|p2|
