|j|☆Magolor16
|j|☆Disband ICE
|t:|1760852312
|gametype|singles
|player|p1|Magolor16|1|1255
|player|p2|Disband ICE|workerice|1219
|gen|9
|tier|[Gen 9] OU
|rated|
|rule|HP Percentage Mod: HP is shown in percentages
|rule|Endless Battle Clause: Forcing endless battles is banned
|rule|Species Clause: Limit one of each Pokémon
|rule|OHKO Clause: OHKO moves are banned
|rule|Evasion Items Clause: Evasion items are banned
|rule|Evasion Moves Clause: Evasion moves are banned
|rule|Evasion Abilities Clause: Evasion abilities are banned
|rule|Sleep Moves Clause: Sleep-inducing moves are banned
|clearpoke
|poke|p1|Luxray, M|
|poke|p1|Hawlucha, M|
|poke|p1|Iron Moth|
|poke|p1|Rillaboom, M|
|poke|p1|Iron Treads|
|poke|p1|Serperior, F|
|poke|p2|Hatterene, F|
|poke|p2|Hippowdon, F|
|poke|p2|Excadrill, F|
|poke|p2|Gholdengo|
|poke|p2|Landorus-Therian, M|
|poke|p2|Tyranitar, F|
|teampreview
|inactive|Battle timer is ON: inactive players will automatically lose when time's up. (requested by Disband ICE)
|
|t:|1760852321
|teamsize|p1|6
|teamsize|p2|6
|start
|switch|p1a: Tronphan|Iron Treads|100/100
|switch|p2a: Tyranitar|Tyranitar, F|100/100
|-weather|Sandstorm|[from] ability: Sand Stream|[of] p2a: Tyranitar
|turn|1
|
|t:|1760852335
|-singleturn|p2a: Tyranitar|move: Focus Punch
|move|p1a: Tronphan|Iron Head|p2a: Tyranitar
|-supereffective|p2a: Tyranitar
|-damage|p2a: Tyranitar|42/100
|cant|p2a: Tyranitar|Focus Punch|Focus Punch
|
|-weather|Sandstorm|[upkeep]
|upkeep
|turn|2
|
|t:|1760852347
|switch|p2a: Landorus|Landorus-Therian, M|100/100
|-ability|p2a: Landorus|Intimidate|boost
|-unboost|p1a: Tronphan|atk|1
|move|p1a: Tronphan|Earthquake|p2a: Landorus
|-immune|p2a: Landorus
|
|-weather|Sandstorm|[upkeep]
|upkeep
|turn|3
|
|t:|1760852351
|switch|p2a: Hatterene|Hatterene, F|100/100
|-item|p2a: Hatterene|Air Balloon
|move|p1a: Tronphan|Stealth Rock|p2a: Hatterene
|move|p2a: Hatterene|Stealth Rock|p1a: Tronphan|[from] ability: Magic Bounce
|-sidestart|p1: Magolor16|move: Stealth Rock
|
|-weather|Sandstorm|[upkeep]
|-damage|p2a: Hatterene|95/100|[from] Sandstorm
|upkeep
|turn|4
|
|t:|1760852372
|switch|p2a: Landorus|Landorus-Therian, M|100/100
|-ability|p2a: Landorus|Intimidate|boost
|-unboost|p1a: Tronphan|atk|1
|move|p1a: Tronphan|Rapid Spin|p2a: Landorus
|-damage|p2a: Landorus|95/100
|-boost|p1a: Tronphan|spe|1
|-sideend|p1: Magolor16|Stealth Rock|[from] move: Rapid Spin|[of] p1a: Tronphan
|
|-weather|Sandstorm|[upkeep]
|-heal|p2a: Landorus|100/100|[from] item: Leftovers
|upkeep
|turn|5
|
|t:|1760852379
|-end|p1a: Tronphan|Quark Drive|[silent]
|switch|p1a: Donkey Kong|Rillaboom, M|100/100
|-fieldstart|move: Grassy Terrain|[from] ability: Grassy Surge|[of] p1a: Donkey Kong
|move|p2a: Landorus|Earthquake|p1a: Donkey Kong
|-resisted|p1a: Donkey Kong
|-damage|p1a: Donkey Kong|87/100
|
|-weather|Sandstorm|[upkeep]
|-damage|p1a: Donkey Kong|81/100|[from] Sandstorm
|-heal|p1a: Donkey Kong|87/100|[from] Grassy Terrain
|upkeep
|turn|6
|
|t:|1760852394
|move|p1a: Donkey Kong|U-turn|p2a: Landorus
|-resisted|p2a: Landorus
|-damage|p2a: Landorus|92/100
|
|t:|1760852405
|switch|p1a: Nagini|Serperior, F, shiny|100/100|[from] U-turn
|move|p2a: Landorus|U-turn|p1a: Nagini
|-supereffective|p1a: Nagini
|-damage|p1a: Nagini|44/100
|inactive|Disband ICE has 120 seconds left.
|
|t:|1760852439
|switch|p2a: Excadrill|Excadrill, F|100/100|[from] U-turn
|
|-weather|Sandstorm|[upkeep]
|-damage|p1a: Nagini|38/100|[from] Sandstorm
|-heal|p1a: Nagini|44/100|[from] Grassy Terrain
|-heal|p1a: Nagini|50/100|[from] item: Leftovers
|upkeep
|turn|7
|
|t:|1760852443
|-terastallize|p1a: Nagini|Fire
|move|p2a: Excadrill|Iron Head|p1a: Nagini
|-resisted|p1a: Nagini
|-damage|p1a: Nagini|7/100
|move|p1a: Nagini|Glare|p2a: Excadrill
|-status|p2a: Excadrill|par
|
|-weather|Sandstorm|[upkeep]
|-damage|p1a: Nagini|1/100|[from] Sandstorm
|-heal|p1a: Nagini|7/100|[from] Grassy Terrain
|-heal|p1a: Nagini|13/100|[from] item: Leftovers
|upkeep
|turn|8
|
|t:|1760852451
|move|p1a: Nagini|Leaf Storm|p2a: Excadrill|[miss]
|-miss|p1a: Nagini|p2a: Excadrill
|move|p2a: Excadrill|Iron Head|p1a: Nagini
|-resisted|p1a: Nagini
|-damage|p1a: Nagini|0 fnt
|faint|p1a: Nagini
|
|-weather|none
|upkeep
|
|t:|1760852458
|switch|p1a: Simba|Luxray, M|100/100
|turn|9
|
|t:|1760852472
|move|p1a: Simba|Trailblaze|p2a: Excadrill
|-damage|p2a: Excadrill|71/100 par
|-boost|p1a: Simba|spe|1
|cant|p2a: Excadrill|par
|
|-heal|p2a: Excadrill|78/100 par|[from] Grassy Terrain
|-status|p1a: Simba|brn|[from] item: Flame Orb
|upkeep
|turn|10
|-message|Disband ICE forfeited.
|
|win|Magolor16
|raw|Magolor16's rating: 1255 &rarr; <strong>1277</strong><br />(+22 for winning)
|raw|Disband ICE's rating: 1219 &rarr; <strong>1197</strong><br />(-22 for losing)
|l|☆Disband ICE
|player|p2|
|c|☆Magolor16|gg
|l|☆Magolor16
|player|p1|
