|j|☆Lucuonana
|j|☆potayo
|t:|1760882823
|gametype|singles
|player|p1|Lucuonana|169|1475
|player|p2|potayo|101|1402
|gen|9
|tier|[Gen 9] OU
|rated|
|rule|HP Percentage Mod: HP is shown in percentages
|rule|Endless Battle Clause: Forcing endless battles is banned
|rule|Species Clause: Limit one of each Pokémon
|rule|OHKO Clause: OHKO moves are banned
|rule|Evasion Items Clause: Evasion items are banned
|rule|Evasion Moves Clause: Evasion moves are banned
|rule|Evasion Abilities Clause: Evasion abilities are banned
|rule|Sleep Moves Clause: Sleep-inducing moves are banned
|clearpoke
|poke|p1|Pelipper, F|
|poke|p1|Tornadus-Therian, M|
|poke|p1|Iron Treads|
|poke|p1|Decidueye-Hisui, M|
|poke|p1|Barraskewda, F|
|poke|p1|Raging Bolt|
|poke|p2|Cinderace, M|
|poke|p2|Kingambit, F|
|poke|p2|Mimikyu, M|
|poke|p2|Serperior, M|
|poke|p2|Hitmonlee, M|
|poke|p2|Araquanid, F|
|teampreview
|
|t:|1760882829
|teamsize|p1|6
|teamsize|p2|6
|start
|switch|p1a: Pelipper|Pelipper, F|100/100
|switch|p2a: Araquanid|Araquanid, F|100/100
|-weather|RainDance|[from] ability: Drizzle|[of] p1a: Pelipper
|turn|1
|
|t:|1760882846
|move|p1a: Pelipper|Hurricane|p2a: Araquanid
|-supereffective|p2a: Araquanid
|-damage|p2a: Araquanid|48/100
|-start|p2a: Araquanid|confusion
|-activate|p2a: Araquanid|confusion
|move|p2a: Araquanid|Sticky Web|p1a: Pelipper
|-sidestart|p1: Lucuonana|move: Sticky Web
|
|-weather|RainDance|[upkeep]
|upkeep
|turn|2
|inactive|Battle timer is ON: inactive players will automatically lose when time's up. (requested by Lucuonana)
|
|t:|1760882855
|-end|p2a: Araquanid|confusion
|move|p2a: Araquanid|Endure|p2a: Araquanid
|-singleturn|p2a: Araquanid|move: Endure
|move|p1a: Pelipper|Hurricane|p2a: Araquanid
|-supereffective|p2a: Araquanid
|-activate|p2a: Araquanid|move: Endure
|-damage|p2a: Araquanid|1/100
|
|-weather|RainDance|[upkeep]
|upkeep
|turn|3
|-enditem|p2a: Araquanid|Custap Berry|[eat]
|-activate|p2a: Araquanid|item: Custap Berry|[consumed]
|
|t:|1760882871
|switch|p1a: Decidueye|Decidueye-Hisui, M|100/100
|-activate|p1a: Decidueye|move: Sticky Web
|-unboost|p1a: Decidueye|spe|1
|move|p2a: Araquanid|Endeavor|p1a: Decidueye
|-damage|p1a: Decidueye|1/100
|-damage|p2a: Araquanid|0 fnt|[from] item: Rocky Helmet|[of] p1a: Decidueye
|faint|p2a: Araquanid
|
|-weather|RainDance|[upkeep]
|upkeep
|
|t:|1760882886
|switch|p2a: Serperior|Serperior, M|100/100
|turn|4
|
|t:|1760882890
|move|p2a: Serperior|Leaf Storm|p1a: Decidueye
|-resisted|p1a: Decidueye
|-damage|p1a: Decidueye|0 fnt
|-boost|p2a: Serperior|spa|2
|faint|p1a: Decidueye
|
|-weather|RainDance|[upkeep]
|upkeep
|
|t:|1760882896
|switch|p1a: Tornadus|Tornadus-Therian, M|100/100
|turn|5
|
|t:|1760882905
|switch|p2a: Mimikyu|Mimikyu, M|100/100
|move|p1a: Tornadus|Hurricane|p2a: Mimikyu
|-activate|p2a: Mimikyu|ability: Disguise
|-damage|p2a: Mimikyu|100/100
|detailschange|p2a: Mimikyu|Mimikyu-Busted, M
|-damage|p2a: Mimikyu|88/100|[from] pokemon: Mimikyu-Busted
|-enditem|p2a: Mimikyu|Red Card|[of] p1a: Tornadus
|drag|p1a: Barraskewda|Barraskewda, F|100/100
|-activate|p1a: Barraskewda|move: Sticky Web
|-unboost|p1a: Barraskewda|spe|1
|
|-weather|RainDance|[upkeep]
|upkeep
|turn|6
|
|t:|1760882915
|move|p1a: Barraskewda|Liquidation|p2a: Mimikyu
|-damage|p2a: Mimikyu|7/100
|-damage|p1a: Barraskewda|91/100|[from] item: Life Orb
|move|p2a: Mimikyu|Trick Room|p2a: Mimikyu
|-fieldstart|move: Trick Room|[of] p2a: Mimikyu
|
|-weather|RainDance|[upkeep]
|upkeep
|turn|7
|
|t:|1760882919
|move|p1a: Barraskewda|Aqua Jet|p2a: Mimikyu
|-damage|p2a: Mimikyu|0 fnt
|faint|p2a: Mimikyu
|-damage|p1a: Barraskewda|81/100|[from] item: Life Orb
|
|-weather|RainDance|[upkeep]
|upkeep
|
|t:|1760882938
|switch|p2a: Kingambit|Kingambit, F|100/100
|turn|8
|
|t:|1760882943
|switch|p1a: Iron Treads|Iron Treads|100/100
|-activate|p1a: Iron Treads|move: Sticky Web
|-unboost|p1a: Iron Treads|spe|1
|move|p2a: Kingambit|Kowtow Cleave|p1a: Iron Treads
|-damage|p1a: Iron Treads|56/100
|
|-weather|none
|-heal|p1a: Iron Treads|62/100|[from] item: Leftovers
|upkeep
|turn|9
|
|t:|1760882947
|move|p2a: Kingambit|Low Kick|p1a: Iron Treads
|-supereffective|p1a: Iron Treads
|-damage|p1a: Iron Treads|0 fnt
|faint|p1a: Iron Treads
|-end|p1a: Iron Treads|Quark Drive|[silent]
|
|upkeep
|
|t:|1760882955
|switch|p1a: Pelipper|Pelipper, F|100/100
|-weather|RainDance|[from] ability: Drizzle|[of] p1a: Pelipper
|turn|10
|
|t:|1760882961
|move|p1a: Pelipper|Surf|p2a: Kingambit
|-damage|p2a: Kingambit|60/100
|move|p2a: Kingambit|Kowtow Cleave|p1a: Pelipper
|-damage|p1a: Pelipper|57/100
|
|-weather|RainDance|[upkeep]
|-fieldend|move: Trick Room
|upkeep
|turn|11
|
|t:|1760882979
|switch|p2a: Serperior|Serperior, M|100/100
|move|p1a: Pelipper|Surf|p2a: Serperior
|-resisted|p2a: Serperior
|-damage|p2a: Serperior|76/100
|
|-weather|RainDance|[upkeep]
|upkeep
|turn|12
|
|t:|1760882984
|switch|p1a: Tornadus|Tornadus-Therian, M|100/100
|move|p2a: Serperior|Leaf Storm|p1a: Tornadus
|-resisted|p1a: Tornadus
|-damage|p1a: Tornadus|71/100
|-boost|p2a: Serperior|spa|2
|
|-weather|RainDance|[upkeep]
|upkeep
|turn|13
|
|t:|1760883007
|-terastallize|p2a: Serperior|Electric
|move|p1a: Tornadus|Hurricane|p2a: Serperior
|-resisted|p2a: Serperior
|-damage|p2a: Serperior|39/100
|move|p2a: Serperior|Tera Blast|p1a: Tornadus|[anim] Tera Blast Electric
|-supereffective|p1a: Tornadus
|-damage|p1a: Tornadus|0 fnt
|faint|p1a: Tornadus
|
|-weather|RainDance|[upkeep]
|upkeep
|
|t:|1760883017
|switch|p1a: Barraskewda|Barraskewda, F|81/100
|-activate|p1a: Barraskewda|move: Sticky Web
|-unboost|p1a: Barraskewda|spe|1
|turn|14
|
|t:|1760883025
|-terastallize|p1a: Barraskewda|Water
|move|p1a: Barraskewda|Aqua Jet|p2a: Serperior
|-damage|p2a: Serperior|0 fnt
|faint|p2a: Serperior
|-damage|p1a: Barraskewda|71/100|[from] item: Life Orb
|
|-weather|RainDance|[upkeep]
|upkeep
|
|t:|1760883041
|switch|p2a: Kingambit|Kingambit, F|60/100
|turn|15
|
|t:|1760883046
|move|p1a: Barraskewda|Close Combat|p2a: Kingambit
|-supereffective|p2a: Kingambit
|-damage|p2a: Kingambit|0 fnt
|-unboost|p1a: Barraskewda|def|1
|-unboost|p1a: Barraskewda|spd|1
|faint|p2a: Kingambit
|-damage|p1a: Barraskewda|61/100|[from] item: Life Orb
|
|-weather|RainDance|[upkeep]
|upkeep
|
|t:|1760883050
|switch|p2a: Cinderace|Cinderace, M|100/100
|turn|16
|
|t:|1760883062
|move|p2a: Cinderace|Sucker Punch|p1a: Barraskewda
|-start|p2a: Cinderace|typechange|Dark|[from] ability: Libero
|-damage|p1a: Barraskewda|0 fnt
|faint|p1a: Barraskewda
|
|-weather|RainDance|[upkeep]
|upkeep
|
|t:|1760883067
|switch|p1a: Raging Bolt|Raging Bolt|100/100
|-activate|p1a: Raging Bolt|move: Sticky Web
|-unboost|p1a: Raging Bolt|spe|1
|-enditem|p1a: Raging Bolt|Booster Energy
|-activate|p1a: Raging Bolt|ability: Protosynthesis|[fromitem]
|-start|p1a: Raging Bolt|protosynthesisspa
|turn|17
|
|t:|1760883078
|move|p2a: Cinderace|Sucker Punch|p1a: Raging Bolt
|-damage|p1a: Raging Bolt|68/100
|move|p1a: Raging Bolt|Thunder|p2a: Cinderace
|-damage|p2a: Cinderace|0 fnt
|faint|p2a: Cinderace
|
|-weather|none
|upkeep
|
|t:|1760883084
|switch|p2a: Hitmonlee|Hitmonlee, M|100/100
|turn|18
|
|t:|1760883098
|-end|p1a: Raging Bolt|Protosynthesis|[silent]
|switch|p1a: Pelipper|Pelipper, F|57/100
|-weather|RainDance|[from] ability: Drizzle|[of] p1a: Pelipper
|move|p2a: Hitmonlee|Swords Dance|p2a: Hitmonlee
|-boost|p2a: Hitmonlee|atk|2
|
|-weather|RainDance|[upkeep]
|upkeep
|turn|19
|
|t:|1760883109
|move|p2a: Hitmonlee|Knock Off|p1a: Pelipper
|-damage|p1a: Pelipper|4/100
|-enditem|p1a: Pelipper|Damp Rock|[from] move: Knock Off|[of] p2a: Hitmonlee
|move|p1a: Pelipper|Hurricane|p2a: Hitmonlee
|-supereffective|p2a: Hitmonlee
|-damage|p2a: Hitmonlee|9/100
|
|-weather|RainDance|[upkeep]
|upkeep
|turn|20
|
|t:|1760883115
|move|p2a: Hitmonlee|Knock Off|p1a: Pelipper
|-damage|p1a: Pelipper|0 fnt
|faint|p1a: Pelipper
|
|-weather|RainDance|[upkeep]
|upkeep
|
|t:|1760883118
|switch|p1a: Raging Bolt|Raging Bolt|68/100
|-activate|p1a: Raging Bolt|move: Sticky Web
|-unboost|p1a: Raging Bolt|spe|1
|turn|21
|
|t:|1760883122
|move|p2a: Hitmonlee|Mach Punch|p1a: Raging Bolt
|-damage|p1a: Raging Bolt|29/100
|move|p1a: Raging Bolt|Thunderclap||[still]
|-fail|p1a: Raging Bolt
|
|-weather|RainDance|[upkeep]
|upkeep
|turn|22
|
|t:|1760883126
|move|p2a: Hitmonlee|Mach Punch|p1a: Raging Bolt
|-damage|p1a: Raging Bolt|0 fnt
|faint|p1a: Raging Bolt
|-end|p1a: Raging Bolt|Protosynthesis|[silent]
|
|win|potayo
|raw|Lucuonana's rating: 1475 &rarr; <strong>1451</strong><br />(-24 for losing)
|raw|potayo's rating: 1402 &rarr; <strong>1426</strong><br />(+24 for winning)
|l|☆potayo
|player|p2|
|l|☆Lucuonana
|player|p1|
