|j|☆HZBKAI7
|j|‽Pokeman700
|t:|1760849321
|gametype|singles
|player|p1|HZBKAI7|2|1142
|player|p2|Pokeman700|1|1146
|gen|9
|tier|[Gen 9] OU
|rated|
|rule|HP Percentage Mod: HP is shown in percentages
|rule|Endless Battle Clause: Forcing endless battles is banned
|rule|Species Clause: Limit one of each Pokémon
|rule|OHKO Clause: OHKO moves are banned
|rule|Evasion Items Clause: Evasion items are banned
|rule|Evasion Moves Clause: Evasion moves are banned
|rule|Evasion Abilities Clause: Evasion abilities are banned
|rule|Sleep Moves Clause: Sleep-inducing moves are banned
|clearpoke
|poke|p1|Kingambit, F|
|poke|p1|Iron Treads|
|poke|p1|Necrozma|
|poke|p1|Pecharunt|
|poke|p1|Enamorus, F|
|poke|p1|Samurott-Hisui, F|
|poke|p2|Dragonite, F|
|poke|p2|Kingambit, F|
|poke|p2|Garganacl, F|
|poke|p2|Zoroark-Hisui, M|
|poke|p2|Darkrai|
|poke|p2|Clefable, M|
|teampreview
|
|t:|1760849365
|teamsize|p1|6
|teamsize|p2|6
|start
|switch|p1a: Kingambit|Kingambit, F, shiny|100/100
|switch|p2a: Kingambit|Kingambit, F|100/100
|turn|1
|
|t:|1760849378
|move|p2a: Kingambit|Flamethrower|p1a: Kingambit
|-supereffective|p1a: Kingambit
|-damage|p1a: Kingambit|43/100
|move|p1a: Kingambit|Kowtow Cleave|p2a: Kingambit
|-supereffective|p2a: Kingambit
|-damage|p2a: Kingambit|0 fnt
|replace|p2a: Zoroark|Zoroark-Hisui, M
|-end|p2a: Zoroark|Illusion
|faint|p2a: Zoroark
|
|upkeep
|
|t:|1760849385
|switch|p2a: Garganacl|Garganacl, F|100/100
|turn|2
|
|t:|1760849387
|move|p1a: Kingambit|Iron Head|p2a: Garganacl
|-supereffective|p2a: Garganacl
|-damage|p2a: Garganacl|42/100
|move|p2a: Garganacl|Iron Defense|p2a: Garganacl
|-boost|p2a: Garganacl|def|2
|
|-heal|p2a: Garganacl|48/100|[from] item: Leftovers
|upkeep
|turn|3
|
|t:|1760849391
|move|p1a: Kingambit|Iron Head|p2a: Garganacl
|-supereffective|p2a: Garganacl
|-damage|p2a: Garganacl|16/100
|cant|p2a: Garganacl|flinch
|
|-heal|p2a: Garganacl|22/100|[from] item: Leftovers
|upkeep
|turn|4
|
|t:|1760849398
|-terastallize|p2a: Garganacl|Ghost
|move|p1a: Kingambit|Iron Head|p2a: Garganacl
|-damage|p2a: Garganacl|5/100
|move|p2a: Garganacl|Recover|p2a: Garganacl
|-heal|p2a: Garganacl|55/100
|
|-heal|p2a: Garganacl|61/100|[from] item: Leftovers
|upkeep
|turn|5
|
|t:|1760849403
|move|p1a: Kingambit|Kowtow Cleave|p2a: Garganacl
|-supereffective|p2a: Garganacl
|-damage|p2a: Garganacl|19/100
|move|p2a: Garganacl|Iron Defense|p2a: Garganacl
|-boost|p2a: Garganacl|def|2
|
|-heal|p2a: Garganacl|25/100|[from] item: Leftovers
|upkeep
|turn|6
|
|t:|1760849405
|move|p1a: Kingambit|Kowtow Cleave|p2a: Garganacl
|-supereffective|p2a: Garganacl
|-damage|p2a: Garganacl|0 fnt
|faint|p2a: Garganacl
|
|upkeep
|
|t:|1760849412
|switch|p2a: Darkrai|Darkrai|100/100
|turn|7
|
|t:|1760849413
|move|p2a: Darkrai|Will-O-Wisp|p1a: Kingambit
|-status|p1a: Kingambit|brn
|move|p1a: Kingambit|Iron Head|p2a: Darkrai
|-damage|p2a: Darkrai|67/100
|
|-damage|p1a: Kingambit|36/100 brn|[from] brn
|upkeep
|turn|8
|
|t:|1760849430
|move|p2a: Darkrai|Focus Blast|p1a: Kingambit
|-supereffective|p1a: Kingambit
|-damage|p1a: Kingambit|0 fnt
|faint|p1a: Kingambit
|-end|p1a: Kingambit|fallenundefined|[silent]
|
|upkeep
|
|t:|1760849430
|switch|p1a: Enamorus|Enamorus, F, shiny|100/100
|turn|9
|
|t:|1760849433
|move|p1a: Enamorus|Moonblast|p2a: Darkrai
|-supereffective|p2a: Darkrai
|-damage|p2a: Darkrai|0 fnt
|faint|p2a: Darkrai
|
|upkeep
|
|t:|1760849437
|switch|p2a: Kingambit|Kingambit, F|100/100
|turn|10
|
|t:|1760849438
|move|p1a: Enamorus|Moonblast|p2a: Kingambit
|-damage|p2a: Kingambit|44/100
|move|p2a: Kingambit|Swords Dance|p2a: Kingambit
|-boost|p2a: Kingambit|atk|2
|
|upkeep
|turn|11
|
|t:|1760849441
|move|p1a: Enamorus|Moonblast|p2a: Kingambit
|-damage|p2a: Kingambit|0 fnt
|faint|p2a: Kingambit
|
|upkeep
|
|t:|1760849443
|switch|p2a: Dragonite|Dragonite, F|100/100
|turn|12
|
|t:|1760849449
|switch|p2a: Clefable|Clefable, M|100/100
|move|p1a: Enamorus|Moonblast|p2a: Clefable
|-damage|p2a: Clefable|45/100
|
|-heal|p2a: Clefable|52/100|[from] item: Leftovers
|upkeep
|turn|13
|
|t:|1760849454
|move|p1a: Enamorus|Moonblast|p2a: Clefable
|-damage|p2a: Clefable|0 fnt
|faint|p2a: Clefable
|
|upkeep
|-message|Pokeman700 forfeited.
|
|win|HZBKAI7
|raw|HZBKAI7's rating: 1142 &rarr; <strong>1167</strong><br />(+25 for winning)
|raw|Pokeman700's rating: 1146 &rarr; <strong>1121</strong><br />(-25 for losing)
|l|☆HZBKAI7
|player|p1|
|l|‽Pokeman700
|player|p2|
