|j|☆deepfried_kiwis
|j|☆tnthdqn
|t:|1760805167
|gametype|singles
|player|p1|deepfried_kiwis|ingo|1089
|player|p2|tnthdqn|265|1092
|gen|9
|tier|[Gen 9] OU
|rated|
|rule|HP Percentage Mod: HP is shown in percentages
|rule|Endless Battle Clause: Forcing endless battles is banned
|rule|Species Clause: Limit one of each Pokémon
|rule|OHKO Clause: OHKO moves are banned
|rule|Evasion Items Clause: Evasion items are banned
|rule|Evasion Moves Clause: Evasion moves are banned
|rule|Evasion Abilities Clause: Evasion abilities are banned
|rule|Sleep Moves Clause: Sleep-inducing moves are banned
|clearpoke
|poke|p1|Samurott-Hisui, F|
|poke|p1|Rillaboom, F|
|poke|p1|Heatran, F|
|poke|p1|Great Tusk|
|poke|p1|Ogerpon-Wellspring, F|
|poke|p1|Gholdengo|
|poke|p2|Pelipper, M|
|poke|p2|Tornadus-Therian, M|
|poke|p2|Iron Treads|
|poke|p2|Decidueye-Hisui, M|
|poke|p2|Barraskewda, M|
|poke|p2|Raging Bolt|
|teampreview
|
|t:|1760805174
|teamsize|p1|6
|teamsize|p2|6
|start
|switch|p1a: Samurott|Samurott-Hisui, F|100/100
|switch|p2a: Pelipper|Pelipper, M|100/100
|-weather|RainDance|[from] ability: Drizzle|[of] p2a: Pelipper
|turn|1
|
|t:|1760805182
|move|p1a: Samurott|Ceaseless Edge|p2a: Pelipper
|-damage|p2a: Pelipper|63/100
|-sidestart|p2: tnthdqn|Spikes
|move|p2a: Pelipper|U-turn|p1a: Samurott
|-supereffective|p1a: Samurott
|-damage|p1a: Samurott|77/100
|
|t:|1760805185
|switch|p2a: Raging Bolt|Raging Bolt|100/100|[from] U-turn
|-damage|p2a: Raging Bolt|88/100|[from] Spikes
|-enditem|p2a: Raging Bolt|Booster Energy
|-activate|p2a: Raging Bolt|ability: Protosynthesis|[fromitem]
|-start|p2a: Raging Bolt|protosynthesisspa
|
|-weather|RainDance|[upkeep]
|upkeep
|turn|2
|
|t:|1760805195
|switch|p1a: Great Tusk|Great Tusk|100/100
|-enditem|p1a: Great Tusk|Booster Energy
|-activate|p1a: Great Tusk|ability: Protosynthesis|[fromitem]
|-start|p1a: Great Tusk|protosynthesisatk
|move|p2a: Raging Bolt|Weather Ball|p1a: Great Tusk
|-supereffective|p1a: Great Tusk
|-damage|p1a: Great Tusk|0 fnt
|faint|p1a: Great Tusk
|-end|p1a: Great Tusk|Protosynthesis|[silent]
|
|-weather|RainDance|[upkeep]
|upkeep
|
|t:|1760805203
|switch|p1a: Rillaboom|Rillaboom, F|100/100
|-fieldstart|move: Grassy Terrain|[from] ability: Grassy Surge|[of] p1a: Rillaboom
|turn|3
|
|t:|1760805209
|-end|p2a: Raging Bolt|Protosynthesis|[silent]
|switch|p2a: Decidueye|Decidueye-Hisui, M|100/100
|-damage|p2a: Decidueye|88/100|[from] Spikes
|move|p1a: Rillaboom|Grassy Glide|p2a: Decidueye
|-resisted|p2a: Decidueye
|-damage|p2a: Decidueye|67/100
|-damage|p1a: Rillaboom|84/100|[from] item: Rocky Helmet|[of] p2a: Decidueye
|
|-weather|RainDance|[upkeep]
|-heal|p1a: Rillaboom|90/100|[from] Grassy Terrain
|-heal|p2a: Decidueye|73/100|[from] Grassy Terrain
|upkeep
|turn|4
|
|t:|1760805221
|switch|p1a: Gholdengo|Gholdengo|100/100
|-enditem|p1a: Gholdengo|Grassy Seed
|-boost|p1a: Gholdengo|def|1|[from] item: Grassy Seed
|move|p2a: Decidueye|Roost|p2a: Decidueye
|-heal|p2a: Decidueye|100/100
|-singleturn|p2a: Decidueye|move: Roost
|
|-weather|RainDance|[upkeep]
|upkeep
|turn|5
|
|t:|1760805228
|move|p1a: Gholdengo|Shadow Ball|p2a: Decidueye
|-damage|p2a: Decidueye|68/100
|move|p2a: Decidueye|U-turn|p1a: Gholdengo
|-resisted|p1a: Gholdengo
|-crit|p1a: Gholdengo
|-damage|p1a: Gholdengo|96/100
|
|t:|1760805236
|switch|p2a: Barraskewda|Barraskewda, M|100/100|[from] U-turn
|-damage|p2a: Barraskewda|88/100|[from] Spikes
|
|-weather|RainDance|[upkeep]
|-heal|p2a: Barraskewda|94/100|[from] Grassy Terrain
|-heal|p1a: Gholdengo|100/100|[from] Grassy Terrain
|upkeep
|turn|6
|j| Sorrow170
|
|t:|1760805251
|move|p2a: Barraskewda|Close Combat|p1a: Gholdengo
|-immune|p1a: Gholdengo
|move|p1a: Gholdengo|Shadow Ball|p2a: Barraskewda
|-damage|p2a: Barraskewda|11/100
|
|-weather|RainDance|[upkeep]
|-heal|p2a: Barraskewda|17/100|[from] Grassy Terrain
|upkeep
|turn|7
|
|t:|1760805260
|move|p2a: Barraskewda|Liquidation|p1a: Gholdengo
|-damage|p1a: Gholdengo|61/100
|-unboost|p1a: Gholdengo|def|1
|-damage|p2a: Barraskewda|7/100|[from] item: Life Orb
|move|p1a: Gholdengo|Shadow Ball|p2a: Barraskewda
|-damage|p2a: Barraskewda|0 fnt
|faint|p2a: Barraskewda
|
|-weather|RainDance|[upkeep]
|-heal|p1a: Gholdengo|67/100|[from] Grassy Terrain
|-fieldend|move: Grassy Terrain
|upkeep
|
|t:|1760805269
|switch|p2a: Raging Bolt|Raging Bolt|88/100
|-damage|p2a: Raging Bolt|76/100|[from] Spikes
|turn|8
|inactive|Battle timer is ON: inactive players will automatically lose when time's up. (requested by tnthdqn)
|
|t:|1760805311
|move|p2a: Raging Bolt|Thunder|p1a: Gholdengo
|-damage|p1a: Gholdengo|0 fnt
|faint|p1a: Gholdengo
|
|-weather|none
|upkeep
|
|t:|1760805319
|switch|p1a: Heatran|Heatran, F|100/100
|turn|9
|
|t:|1760805322
|-end|p2a: Raging Bolt|Protosynthesis|[silent]
|switch|p2a: Pelipper|Pelipper, M|63/100
|-weather|RainDance|[from] ability: Drizzle|[of] p2a: Pelipper
|move|p1a: Heatran|Earth Power|p2a: Pelipper
|-immune|p2a: Pelipper
|
|-weather|RainDance|[upkeep]
|upkeep
|turn|10
|
|t:|1760805326
|move|p1a: Heatran|Stealth Rock|p2a: Pelipper
|-sidestart|p2: tnthdqn|move: Stealth Rock
|move|p2a: Pelipper|Surf|p1a: Heatran
|-supereffective|p1a: Heatran
|-damage|p1a: Heatran|11/100
|
|-weather|RainDance|[upkeep]
|-heal|p1a: Heatran|18/100|[from] item: Leftovers
|upkeep
|turn|11
|
|t:|1760805333
|move|p1a: Heatran|Stealth Rock||[still]
|-fail|p1a: Heatran
|move|p2a: Pelipper|Surf|p1a: Heatran
|-supereffective|p1a: Heatran
|-damage|p1a: Heatran|0 fnt
|faint|p1a: Heatran
|
|-weather|RainDance|[upkeep]
|upkeep
|
|t:|1760805341
|switch|p1a: Ogerpon|Ogerpon-Wellspring, F|100/100
|turn|12
|
|t:|1760805344
|move|p1a: Ogerpon|Ivy Cudgel|p2a: Pelipper|[anim] Ivy Cudgel Water
|-resisted|p2a: Pelipper
|-damage|p2a: Pelipper|30/100
|move|p2a: Pelipper|U-turn|p1a: Ogerpon
|-supereffective|p1a: Ogerpon
|-damage|p1a: Ogerpon|79/100
|
|t:|1760805349
|switch|p2a: Iron Treads|Iron Treads|100/100|[from] U-turn
|-damage|p2a: Iron Treads|88/100|[from] Spikes
|-damage|p2a: Iron Treads|85/100|[from] Stealth Rock
|
|-weather|RainDance|[upkeep]
|-heal|p2a: Iron Treads|91/100|[from] item: Leftovers
|upkeep
|turn|13
|
|t:|1760805358
|move|p1a: Ogerpon|Grassy Glide|p2a: Iron Treads
|-damage|p2a: Iron Treads|68/100
|move|p2a: Iron Treads|Rapid Spin|p1a: Ogerpon
|-damage|p1a: Ogerpon|64/100
|-boost|p2a: Iron Treads|spe|1
|-sideend|p2: tnthdqn|Spikes|[from] move: Rapid Spin|[of] p2a: Iron Treads
|-sideend|p2: tnthdqn|Stealth Rock|[from] move: Rapid Spin|[of] p2a: Iron Treads
|
|-weather|RainDance|[upkeep]
|-heal|p2a: Iron Treads|74/100|[from] item: Leftovers
|upkeep
|turn|14
|
|t:|1760805362
|move|p2a: Iron Treads|Knock Off|p1a: Ogerpon
|-crit|p1a: Ogerpon
|-damage|p1a: Ogerpon|38/100
|move|p1a: Ogerpon|Ivy Cudgel|p2a: Iron Treads|[anim] Ivy Cudgel Water
|-supereffective|p2a: Iron Treads
|-damage|p2a: Iron Treads|0 fnt
|faint|p2a: Iron Treads
|-end|p2a: Iron Treads|Quark Drive|[silent]
|
|-weather|RainDance|[upkeep]
|upkeep
|
|t:|1760805365
|switch|p2a: Raging Bolt|Raging Bolt|76/100
|turn|15
|
|t:|1760805378
|switch|p1a: Rillaboom|Rillaboom, F|90/100
|-fieldstart|move: Grassy Terrain|[from] ability: Grassy Surge|[of] p1a: Rillaboom
|move|p2a: Raging Bolt|Thunder|p1a: Rillaboom
|-resisted|p1a: Rillaboom
|-crit|p1a: Rillaboom
|-damage|p1a: Rillaboom|27/100
|-status|p1a: Rillaboom|par
|
|-weather|RainDance|[upkeep]
|-heal|p2a: Raging Bolt|82/100|[from] Grassy Terrain
|-heal|p1a: Rillaboom|34/100 par|[from] Grassy Terrain
|upkeep
|turn|16
|
|t:|1760805387
|move|p2a: Raging Bolt|Thunder|p1a: Rillaboom
|-resisted|p1a: Rillaboom
|-damage|p1a: Rillaboom|0 fnt
|faint|p1a: Rillaboom
|
|-weather|none
|-heal|p2a: Raging Bolt|88/100|[from] Grassy Terrain
|upkeep
|
|t:|1760805390
|switch|p1a: Samurott|Samurott-Hisui, F|77/100
|turn|17
|
|t:|1760805395
|-terastallize|p1a: Samurott|Ghost
|move|p1a: Samurott|Ceaseless Edge|p2a: Raging Bolt
|-damage|p2a: Raging Bolt|48/100
|-sidestart|p2: tnthdqn|Spikes
|move|p2a: Raging Bolt|Thunder|p1a: Samurott
|-damage|p1a: Samurott|0 fnt
|faint|p1a: Samurott
|
|-heal|p2a: Raging Bolt|54/100|[from] Grassy Terrain
|upkeep
|
|t:|1760805405
|switch|p1a: Ogerpon|Ogerpon-Wellspring, F|38/100
|turn|18
|
|t:|1760805408
|move|p1a: Ogerpon|Ivy Cudgel|p2a: Raging Bolt|[anim] Ivy Cudgel Water
|-resisted|p2a: Raging Bolt
|-damage|p2a: Raging Bolt|30/100
|move|p2a: Raging Bolt|Thunder|p1a: Ogerpon
|-damage|p1a: Ogerpon|0 fnt
|faint|p1a: Ogerpon
|
|win|tnthdqn
|raw|deepfried_kiwis's rating: 1089 &rarr; <strong>1066</strong><br />(-23 for losing)
|raw|tnthdqn's rating: 1092 &rarr; <strong>1118</strong><br />(+26 for winning)
|l| Sorrow170
