|j|☆celesyne
|j|☆Denvertzzz
|t:|1760871507
|gametype|singles
|player|p1|celesyne|dahlia|1143
|player|p2|Denvertzzz|2|1241
|gen|9
|tier|[Gen 9] OU
|rated|
|rule|HP Percentage Mod: HP is shown in percentages
|rule|Endless Battle Clause: Forcing endless battles is banned
|rule|Species Clause: Limit one of each Pokémon
|rule|OHKO Clause: OHKO moves are banned
|rule|Evasion Items Clause: Evasion items are banned
|rule|Evasion Moves Clause: Evasion moves are banned
|rule|Evasion Abilities Clause: Evasion abilities are banned
|rule|Sleep Moves Clause: Sleep-inducing moves are banned
|clearpoke
|poke|p1|Garganacl, M|
|poke|p1|Corviknight, M|
|poke|p1|Heatran, F|
|poke|p1|Kyurem|
|poke|p1|Meowscarada, M|
|poke|p1|Iron Valiant|
|poke|p2|Grimmsnarl, M|
|poke|p2|Pincurchin, M|
|poke|p2|Raichu-Alola, M|
|poke|p2|Drifblim, M|
|poke|p2|Corviknight, M|
|poke|p2|Haxorus, M|
|teampreview
|inactive|Battle timer is ON: inactive players will automatically lose when time's up. (requested by celesyne)
|
|t:|1760871525
|teamsize|p1|6
|teamsize|p2|6
|start
|switch|p1a: Heatran|Heatran, F, shiny|100/100
|switch|p2a: Fuzzie|Pincurchin, M, shiny|100/100
|-item|p1a: Heatran|Air Balloon
|-fieldstart|move: Electric Terrain|[from] ability: Electric Surge|[of] p2a: Fuzzie
|turn|1
|
|t:|1760871535
|move|p1a: Heatran|Magma Storm|p2a: Fuzzie|[miss]
|-miss|p1a: Heatran|p2a: Fuzzie
|move|p2a: Fuzzie|Zing Zap|p1a: Heatran
|-damage|p1a: Heatran|54/100
|-enditem|p1a: Heatran|Air Balloon
|
|upkeep
|turn|2
|
|t:|1760871544
|move|p1a: Heatran|Earth Power|p2a: Fuzzie
|-supereffective|p2a: Fuzzie
|-damage|p2a: Fuzzie|0 fnt
|faint|p2a: Fuzzie
|
|upkeep
|
|t:|1760871551
|switch|p2a: Brownie|Raichu-Alola, M, shiny|100/100
|turn|3
|
|t:|1760871556
|move|p2a: Brownie|Nasty Plot|p2a: Brownie
|-boost|p2a: Brownie|spa|2
|move|p1a: Heatran|Earth Power|p2a: Brownie
|-supereffective|p2a: Brownie
|-enditem|p2a: Brownie|Focus Sash
|-damage|p2a: Brownie|1/100
|-unboost|p2a: Brownie|spd|1
|
|upkeep
|turn|4
|
|t:|1760871571
|move|p2a: Brownie|Thunderbolt|p1a: Heatran
|-damage|p1a: Heatran|0 fnt
|faint|p1a: Heatran
|
|upkeep
|
|t:|1760871578
|switch|p1a: Garganacl|Garganacl, M|100/100
|turn|5
|
|t:|1760871589
|-terastallize|p2a: Brownie|Water
|move|p2a: Brownie|Surf|p1a: Garganacl
|-supereffective|p1a: Garganacl
|-damage|p1a: Garganacl|0 fnt
|faint|p1a: Garganacl
|
|upkeep
|
|t:|1760871595
|switch|p1a: Kyurem|Kyurem|100/100
|-ability|p1a: Kyurem|Pressure
|turn|6
|
|t:|1760871604
|move|p2a: Brownie|Psychic|p1a: Kyurem
|-damage|p1a: Kyurem|28/100
|move|p1a: Kyurem|Earth Power|p2a: Brownie
|-damage|p2a: Brownie|0 fnt
|faint|p2a: Brownie
|
|upkeep
|
|t:|1760871614
|switch|p2a: Glowie|Drifblim, M, shiny|100/100
|-enditem|p2a: Glowie|Electric Seed
|-boost|p2a: Glowie|def|1|[from] item: Electric Seed
|turn|7
|
|t:|1760871619
|switch|p1a: Corviknight|Corviknight, M|100/100
|-ability|p1a: Corviknight|Pressure
|move|p2a: Glowie|Shadow Ball|p1a: Corviknight
|-damage|p1a: Corviknight|70/100
|-unboost|p1a: Corviknight|spd|1
|
|-heal|p1a: Corviknight|77/100|[from] item: Leftovers
|upkeep
|turn|8
|
|t:|1760871630
|move|p2a: Glowie|Thunderbolt|p1a: Corviknight
|-supereffective|p1a: Corviknight
|-damage|p1a: Corviknight|11/100
|move|p1a: Corviknight|U-turn|p2a: Glowie
|-resisted|p2a: Glowie
|-damage|p2a: Glowie|98/100
|
|t:|1760871634
|switch|p1a: Kyurem|Kyurem|28/100|[from] U-turn
|-ability|p1a: Kyurem|Pressure
|
|-fieldend|move: Electric Terrain
|upkeep
|turn|9
|
|t:|1760871646
|move|p2a: Glowie|Shadow Ball|p1a: Kyurem
|-damage|p1a: Kyurem|0 fnt
|faint|p1a: Kyurem
|
|upkeep
|
|t:|1760871650
|switch|p1a: Iron Valiant|Iron Valiant|100/100
|turn|10
|
|t:|1760871655
|move|p1a: Iron Valiant|Thunderbolt|p2a: Glowie
|-supereffective|p2a: Glowie
|-damage|p2a: Glowie|34/100
|move|p2a: Glowie|Shadow Ball|p1a: Iron Valiant
|-damage|p1a: Iron Valiant|34/100
|
|upkeep
|turn|11
|
|t:|1760871668
|move|p1a: Iron Valiant|Thunderbolt|p2a: Glowie
|-supereffective|p2a: Glowie
|-damage|p2a: Glowie|0 fnt
|faint|p2a: Glowie
|
|upkeep
|
|t:|1760871678
|switch|p2a: Gringo|Grimmsnarl, M, shiny|100/100
|turn|12
|
|t:|1760871683
|-end|p1a: Iron Valiant|Quark Drive|[silent]
|switch|p1a: Corviknight|Corviknight, M|11/100
|-ability|p1a: Corviknight|Pressure
|move|p2a: Gringo|Spirit Break|p1a: Corviknight
|-resisted|p1a: Corviknight
|-damage|p1a: Corviknight|0 fnt
|faint|p1a: Corviknight
|-damage|p2a: Gringo|91/100|[from] item: Life Orb
|
|upkeep
|
|t:|1760871687
|switch|p1a: Meowscarada|Meowscarada, M|100/100
|turn|13
|
|t:|1760871700
|move|p2a: Gringo|Bulk Up|p2a: Gringo
|-boost|p2a: Gringo|atk|1
|-boost|p2a: Gringo|def|1
|move|p1a: Meowscarada|U-turn|p2a: Gringo
|-start|p1a: Meowscarada|typechange|Bug|[from] ability: Protean
|-damage|p2a: Gringo|49/100
|
|t:|1760871703
|switch|p1a: Iron Valiant|Iron Valiant|34/100|[from] U-turn
|
|upkeep
|turn|14
|
|t:|1760871716
|move|p2a: Gringo|Sucker Punch|p1a: Iron Valiant
|-resisted|p1a: Iron Valiant
|-damage|p1a: Iron Valiant|9/100
|-damage|p2a: Gringo|39/100|[from] item: Life Orb
|move|p1a: Iron Valiant|Moonblast|p2a: Gringo
|-supereffective|p2a: Gringo
|-damage|p2a: Gringo|0 fnt
|faint|p2a: Gringo
|
|upkeep
|
|t:|1760871728
|switch|p2a: Boogie|Corviknight, M, shiny|100/100
|turn|15
|
|t:|1760871742
|move|p1a: Iron Valiant|Moonblast|p2a: Boogie
|-resisted|p2a: Boogie
|-damage|p2a: Boogie|74/100
|move|p2a: Boogie|Brave Bird|p1a: Iron Valiant
|-supereffective|p1a: Iron Valiant
|-damage|p1a: Iron Valiant|0 fnt
|faint|p1a: Iron Valiant
|-end|p1a: Iron Valiant|Quark Drive|[silent]
|-damage|p2a: Boogie|71/100|[from] Recoil
|
|upkeep
|
|t:|1760871746
|switch|p1a: Meowscarada|Meowscarada, M|100/100
|turn|16
|
|t:|1760871756
|move|p1a: Meowscarada|Knock Off|p2a: Boogie
|-start|p1a: Meowscarada|typechange|Dark|[from] ability: Protean
|-damage|p2a: Boogie|28/100
|-damage|p1a: Meowscarada|84/100|[from] item: Rocky Helmet|[of] p2a: Boogie
|-enditem|p2a: Boogie|Rocky Helmet|[from] move: Knock Off|[of] p1a: Meowscarada
|move|p2a: Boogie|Brave Bird|p1a: Meowscarada
|-damage|p1a: Meowscarada|14/100
|-damage|p2a: Boogie|8/100|[from] Recoil
|
|upkeep
|turn|17
|
|t:|1760871769
|move|p1a: Meowscarada|Knock Off|p2a: Boogie
|-damage|p2a: Boogie|0 fnt
|faint|p2a: Boogie
|
|upkeep
|
|t:|1760871776
|switch|p2a: Coolie|Haxorus, M, shiny|100/100
|-ability|p2a: Coolie|Mold Breaker
|turn|18
|
|t:|1760871781
|move|p2a: Coolie|First Impression|p1a: Meowscarada
|-supereffective|p1a: Meowscarada
|-damage|p1a: Meowscarada|0 fnt
|faint|p1a: Meowscarada
|-damage|p2a: Coolie|91/100|[from] item: Life Orb
|
|win|Denvertzzz
|raw|celesyne's rating: 1143 &rarr; <strong>1125</strong><br />(-18 for losing)
|raw|Denvertzzz's rating: 1241 &rarr; <strong>1259</strong><br />(+18 for winning)
|l|☆celesyne
|player|p1|
|l|☆Denvertzzz
|player|p2|
