|j|☆teto mono
|j|☆qmszw
|t:|1760784499
|gametype|singles
|player|p1|teto mono|lady-gen4|1321
|player|p2|qmszw|rosa|1334
|gen|9
|tier|[Gen 9] OU
|rated|
|rule|HP Percentage Mod: HP is shown in percentages
|rule|Endless Battle Clause: Forcing endless battles is banned
|rule|Species Clause: Limit one of each Pokémon
|rule|OHKO Clause: OHKO moves are banned
|rule|Evasion Items Clause: Evasion items are banned
|rule|Evasion Moves Clause: Evasion moves are banned
|rule|Evasion Abilities Clause: Evasion abilities are banned
|rule|Sleep Moves Clause: Sleep-inducing moves are banned
|clearpoke
|poke|p1|Clefable, M|
|poke|p1|Landorus-Therian, M|
|poke|p1|Ogerpon-Wellspring, F|
|poke|p1|Gholdengo|
|poke|p1|Dragonite, M|
|poke|p1|Morpeko, F|
|poke|p2|Skeledirge, F|
|poke|p2|Ogerpon-Wellspring, F|
|poke|p2|Dragapult, M|
|poke|p2|Weezing-Galar, M|
|poke|p2|Ting-Lu|
|poke|p2|Corviknight, M|
|teampreview
|inactive|Battle timer is ON: inactive players will automatically lose when time's up. (requested by teto mono)
|
|t:|1760784507
|teamsize|p1|6
|teamsize|p2|6
|start
|switch|p1a: Morpeko|Morpeko, F|100/100
|switch|p2a: Ogerpon|Ogerpon-Wellspring, F|100/100
|turn|1
|
|t:|1760784515
|move|p1a: Morpeko|Aura Wheel|p2a: Ogerpon
|-damage|p2a: Ogerpon|49/100
|-boost|p1a: Morpeko|spe|1
|move|p2a: Ogerpon|Knock Off|p1a: Morpeko
|-resisted|p1a: Morpeko
|-damage|p1a: Morpeko|64/100
|-enditem|p1a: Morpeko|Focus Sash|[from] move: Knock Off|[of] p2a: Ogerpon
|
|-formechange|p1a: Morpeko|Morpeko-Hangry||[from] ability: Hunger Switch
|upkeep
|turn|2
|
|t:|1760784531
|switch|p2a: Ting-Lu|Ting-Lu, shiny|100/100
|-ability|p2a: Ting-Lu|Vessel of Ruin
|move|p1a: Morpeko|Aura Wheel|p2a: Ting-Lu
|-resisted|p2a: Ting-Lu
|-damage|p2a: Ting-Lu|89/100
|-boost|p1a: Morpeko|spe|1
|
|-heal|p2a: Ting-Lu|95/100|[from] item: Leftovers
|-formechange|p1a: Morpeko|Morpeko||[from] ability: Hunger Switch
|upkeep
|turn|3
|
|t:|1760784548
|move|p1a: Morpeko|Knock Off|p2a: Ting-Lu
|-resisted|p2a: Ting-Lu
|-damage|p2a: Ting-Lu|84/100
|-enditem|p2a: Ting-Lu|Leftovers|[from] move: Knock Off|[of] p1a: Morpeko
|move|p2a: Ting-Lu|Stealth Rock|p1a: Morpeko
|-sidestart|p1: teto mono|move: Stealth Rock
|
|-formechange|p1a: Morpeko|Morpeko-Hangry||[from] ability: Hunger Switch
|upkeep
|turn|4
|
|t:|1760784557
|move|p1a: Morpeko|Rapid Spin|p2a: Ting-Lu
|-damage|p2a: Ting-Lu|76/100
|-boost|p1a: Morpeko|spe|1
|-sideend|p1: teto mono|Stealth Rock|[from] move: Rapid Spin|[of] p1a: Morpeko
|move|p2a: Ting-Lu|Earthquake|p1a: Morpeko
|-supereffective|p1a: Morpeko
|-damage|p1a: Morpeko|0 fnt
|faint|p1a: Morpeko
|
|upkeep
|
|t:|1760784565
|switch|p1a: Ogerpon|Ogerpon-Wellspring, F|100/100
|turn|5
|
|t:|1760784574
|switch|p2a: Ogerpon|Ogerpon-Wellspring, F|49/100
|move|p1a: Ogerpon|Trailblaze|p2a: Ogerpon
|-damage|p2a: Ogerpon|15/100
|-boost|p1a: Ogerpon|spe|1
|
|upkeep
|turn|6
|
|t:|1760784589
|move|p1a: Ogerpon|Trailblaze|p2a: Ogerpon
|-damage|p2a: Ogerpon|0 fnt
|-boost|p1a: Ogerpon|spe|1
|faint|p2a: Ogerpon
|
|upkeep
|
|t:|1760784596
|switch|p2a: Corviknight|Corviknight, M|100/100
|-ability|p2a: Corviknight|Pressure
|turn|7
|
|t:|1760784605
|switch|p1a: Landorus|Landorus-Therian, M|100/100
|-ability|p1a: Landorus|Intimidate|boost
|-unboost|p2a: Corviknight|atk|1
|move|p2a: Corviknight|Iron Defense|p2a: Corviknight
|-boost|p2a: Corviknight|def|2
|
|upkeep
|turn|8
|
|t:|1760784613
|move|p1a: Landorus|Smack Down|p2a: Corviknight
|-damage|p2a: Corviknight|95/100
|-start|p2a: Corviknight|Smack Down
|move|p2a: Corviknight|Body Press|p1a: Landorus
|-resisted|p1a: Landorus
|-damage|p1a: Landorus|69/100
|-damage|p2a: Corviknight|78/100|[from] item: Rocky Helmet|[of] p1a: Landorus
|
|upkeep
|turn|9
|
|t:|1760784639
|switch|p2a: Ting-Lu|Ting-Lu, shiny|76/100
|-ability|p2a: Ting-Lu|Vessel of Ruin
|move|p1a: Landorus|Earthquake|p2a: Ting-Lu
|-damage|p2a: Ting-Lu|44/100
|
|upkeep
|turn|10
|
|t:|1760784650
|switch|p2a: Corviknight|Corviknight, M|78/100
|-ability|p2a: Corviknight|Pressure
|move|p1a: Landorus|Stealth Rock|p2a: Corviknight
|-sidestart|p2: qmszw|move: Stealth Rock
|
|upkeep
|turn|11
|
|t:|1760784659
|move|p1a: Landorus|Smack Down|p2a: Corviknight
|-damage|p2a: Corviknight|67/100
|-start|p2a: Corviknight|Smack Down
|move|p2a: Corviknight|Roost|p2a: Corviknight
|-heal|p2a: Corviknight|100/100
|-singleturn|p2a: Corviknight|move: Roost
|
|upkeep
|turn|12
|
|t:|1760784671
|-terastallize|p2a: Corviknight|Grass
|move|p1a: Landorus|Earthquake|p2a: Corviknight
|-resisted|p2a: Corviknight
|-damage|p2a: Corviknight|85/100
|move|p2a: Corviknight|Iron Defense|p2a: Corviknight
|-boost|p2a: Corviknight|def|2
|
|upkeep
|turn|13
|
|t:|1760784683
|move|p1a: Landorus|U-turn|p2a: Corviknight
|-supereffective|p2a: Corviknight
|-damage|p2a: Corviknight|68/100
|-damage|p1a: Landorus|52/100|[from] item: Rocky Helmet|[of] p2a: Corviknight
|
|t:|1760784688
|switch|p1a: Gholdengo|Gholdengo|100/100|[from] U-turn
|-item|p1a: Gholdengo|Air Balloon
|move|p2a: Corviknight|Body Press|p1a: Gholdengo
|-immune|p1a: Gholdengo
|
|upkeep
|turn|14
|
|t:|1760784698
|switch|p2a: Ting-Lu|Ting-Lu, shiny|44/100
|-damage|p2a: Ting-Lu|38/100|[from] Stealth Rock
|-ability|p2a: Ting-Lu|Vessel of Ruin
|move|p1a: Gholdengo|Nasty Plot|p1a: Gholdengo
|-boost|p1a: Gholdengo|spa|2
|
|upkeep
|turn|15
|
|t:|1760784710
|move|p1a: Gholdengo|Make It Rain|p2a: Ting-Lu
|-damage|p2a: Ting-Lu|0 fnt
|-unboost|p1a: Gholdengo|spa|1
|faint|p2a: Ting-Lu
|
|upkeep
|
|t:|1760784718
|switch|p2a: Dragapult|Dragapult, M|100/100
|-damage|p2a: Dragapult|88/100|[from] Stealth Rock
|turn|16
|
|t:|1760784731
|switch|p1a: Clefable|Clefable, M|100/100
|move|p2a: Dragapult|Shadow Ball|p1a: Clefable
|-damage|p1a: Clefable|51/100
|-unboost|p1a: Clefable|spd|1
|
|-heal|p1a: Clefable|57/100|[from] item: Leftovers
|upkeep
|turn|17
|
|t:|1760784744
|move|p2a: Dragapult|Shadow Ball|p1a: Clefable
|-damage|p1a: Clefable|0 fnt
|faint|p1a: Clefable
|
|upkeep
|
|t:|1760784752
|switch|p1a: Ogerpon|Ogerpon-Wellspring, F|100/100
|turn|18
|
|t:|1760784760
|switch|p2a: Corviknight|Corviknight, M, tera:Grass|68/100
|-damage|p2a: Corviknight|56/100|[from] Stealth Rock
|-ability|p2a: Corviknight|Pressure
|move|p1a: Ogerpon|Play Rough|p2a: Corviknight
|-damage|p2a: Corviknight|34/100
|-damage|p1a: Ogerpon|84/100|[from] item: Rocky Helmet|[of] p2a: Corviknight
|
|upkeep
|turn|19
|
|t:|1760784774
|switch|p1a: Gholdengo|Gholdengo|100/100
|-item|p1a: Gholdengo|Air Balloon
|move|p2a: Corviknight|Roost|p2a: Corviknight
|-heal|p2a: Corviknight|84/100
|
|upkeep
|turn|20
|
|t:|1760784785
|move|p1a: Gholdengo|Make It Rain|p2a: Corviknight
|-damage|p2a: Corviknight|10/100
|-unboost|p1a: Gholdengo|spa|1
|move|p2a: Corviknight|U-turn|p1a: Gholdengo
|-resisted|p1a: Gholdengo
|-damage|p1a: Gholdengo|97/100
|-enditem|p1a: Gholdengo|Air Balloon
|
|t:|1760784794
|switch|p2a: Skeledirge|Skeledirge, F|100/100|[from] U-turn
|
|upkeep
|turn|21
|
|t:|1760784811
|switch|p1a: Landorus|Landorus-Therian, M|52/100
|-ability|p1a: Landorus|Intimidate|boost
|-unboost|p2a: Skeledirge|atk|1
|move|p2a: Skeledirge|Will-O-Wisp|p1a: Landorus
|-status|p1a: Landorus|brn
|
|-damage|p1a: Landorus|46/100 brn|[from] brn
|upkeep
|turn|22
|
|t:|1760784822
|move|p1a: Landorus|Earthquake|p2a: Skeledirge
|-supereffective|p2a: Skeledirge
|-damage|p2a: Skeledirge|56/100
|move|p2a: Skeledirge|Torch Song|p1a: Landorus
|-damage|p1a: Landorus|6/100 brn
|-boost|p2a: Skeledirge|spa|1
|
|-damage|p1a: Landorus|0 fnt|[from] brn
|faint|p1a: Landorus
|upkeep
|
|t:|1760784826
|switch|p1a: Ogerpon|Ogerpon-Wellspring, F|84/100
|turn|23
|
|t:|1760784840
|move|p1a: Ogerpon|Ivy Cudgel|p2a: Skeledirge|[anim] Ivy Cudgel Water
|-supereffective|p2a: Skeledirge
|-damage|p2a: Skeledirge|0 fnt
|faint|p2a: Skeledirge
|
|upkeep
|
|t:|1760784847
|switch|p2a: Weezing|Weezing-Galar, M|100/100
|-ability|p2a: Weezing|Neutralizing Gas
|turn|24
|
|t:|1760784858
|move|p1a: Ogerpon|Ivy Cudgel|p2a: Weezing|[anim] Ivy Cudgel Water
|-damage|p2a: Weezing|53/100
|move|p2a: Weezing|Will-O-Wisp|p1a: Ogerpon|[miss]
|-miss|p2a: Weezing|p1a: Ogerpon
|
|upkeep
|turn|25
|
|t:|1760784871
|switch|p1a: Gholdengo|Gholdengo|97/100
|move|p2a: Weezing|Pain Split|p1a: Gholdengo
|-sethp|p1a: Gholdengo|72/100|[from] move: Pain Split|[silent]
|-sethp|p2a: Weezing|81/100|[from] move: Pain Split
|
|upkeep
|turn|26
|
|t:|1760784883
|-end|p2a: Weezing|ability: Neutralizing Gas
|switch|p2a: Dragapult|Dragapult, M|88/100
|-damage|p2a: Dragapult|76/100|[from] Stealth Rock
|move|p1a: Gholdengo|Make It Rain|p2a: Dragapult
|-damage|p2a: Dragapult|0 fnt
|-unboost|p1a: Gholdengo|spa|1
|faint|p2a: Dragapult
|
|upkeep
|-message|qmszw forfeited.
|
|win|teto mono
|raw|teto mono's rating: 1321 &rarr; <strong>1342</strong><br />(+21 for winning)
|raw|qmszw's rating: 1334 &rarr; <strong>1313</strong><br />(-21 for losing)
|l|☆qmszw
|player|p2|
|l|☆teto mono
|player|p1|
