|j|☆SemperMamba
|j|☆Lmanzz
|t:|1760793446
|gametype|singles
|player|p1|SemperMamba|blackbelt-gen4dp|1281
|player|p2|Lmanzz|170|1258
|gen|9
|tier|[Gen 9] OU
|rated|
|rule|HP Percentage Mod: HP is shown in percentages
|rule|Endless Battle Clause: Forcing endless battles is banned
|rule|Species Clause: Limit one of each Pokémon
|rule|OHKO Clause: OHKO moves are banned
|rule|Evasion Items Clause: Evasion items are banned
|rule|Evasion Moves Clause: Evasion moves are banned
|rule|Evasion Abilities Clause: Evasion abilities are banned
|rule|Sleep Moves Clause: Sleep-inducing moves are banned
|clearpoke
|poke|p1|Meowscarada, F|
|poke|p1|Moltres|
|poke|p1|Blissey, F|
|poke|p1|Landorus-Therian, M|
|poke|p1|Iron Treads|
|poke|p1|Azumarill, F|
|poke|p2|Alomomola, F|
|poke|p2|Blissey, F|
|poke|p2|Clodsire, F|
|poke|p2|Clefable, F|
|poke|p2|Trevenant, M|
|poke|p2|Hydrapple, F|
|teampreview
|inactive|Battle timer is ON: inactive players will automatically lose when time's up. (requested by Lmanzz)
|
|t:|1760793453
|teamsize|p1|6
|teamsize|p2|6
|start
|switch|p1a: Meowscarada|Meowscarada, F|100/100
|switch|p2a: Clefable|Clefable, F|100/100
|turn|1
|
|t:|1760793461
|move|p1a: Meowscarada|Trick|p2a: Clefable
|-start|p1a: Meowscarada|typechange|Psychic|[from] ability: Protean
|-activate|p1a: Meowscarada|move: Trick|[of] p2a: Clefable
|-item|p2a: Clefable|Choice Band|[from] move: Trick
|-item|p1a: Meowscarada|Leftovers|[from] move: Trick
|move|p2a: Clefable|Moonblast|p1a: Meowscarada
|-damage|p1a: Meowscarada|49/100
|-unboost|p1a: Meowscarada|spa|1
|
|-heal|p1a: Meowscarada|55/100|[from] item: Leftovers
|upkeep
|turn|2
|
|t:|1760793479
|switch|p1a: Moltres|Moltres|100/100
|switch|p2a: Alomomola|Alomomola, F|100/100
|
|upkeep
|turn|3
|
|t:|1760793488
|move|p1a: Moltres|U-turn|p2a: Alomomola
|-damage|p2a: Alomomola|93/100
|
|t:|1760793491
|switch|p1a: Azumarill|Azumarill, F|100/100|[from] U-turn
|move|p2a: Alomomola|Flip Turn|p1a: Azumarill
|-resisted|p1a: Azumarill
|-damage|p1a: Azumarill|91/100
|
|t:|1760793496
|switch|p2a: Trevenant|Trevenant, M|100/100|[from] Flip Turn
|
|-heal|p1a: Azumarill|98/100|[from] item: Leftovers
|upkeep
|turn|4
|
|t:|1760793502
|move|p1a: Azumarill|Knock Off|p2a: Trevenant
|-supereffective|p2a: Trevenant
|-damage|p2a: Trevenant|20/100
|-enditem|p2a: Trevenant|Sitrus Berry|[from] move: Knock Off|[of] p1a: Azumarill
|move|p2a: Trevenant|Leech Seed|p1a: Azumarill
|-start|p1a: Azumarill|move: Leech Seed
|
|-heal|p1a: Azumarill|100/100|[from] item: Leftovers
|-damage|p1a: Azumarill|88/100|[from] Leech Seed|[of] p2a: Trevenant
|-heal|p2a: Trevenant|32/100|[silent]
|upkeep
|turn|5
|
|t:|1760793513
|switch|p2a: Hydrapple|Hydrapple, F|100/100
|move|p1a: Azumarill|Ice Spinner|p2a: Hydrapple
|-supereffective|p2a: Hydrapple
|-damage|p2a: Hydrapple|38/100
|
|-heal|p1a: Azumarill|94/100|[from] item: Leftovers
|-damage|p1a: Azumarill|82/100|[from] Leech Seed|[of] p2a: Hydrapple
|-heal|p2a: Hydrapple|49/100|[silent]
|upkeep
|turn|6
|
|t:|1760793522
|switch|p2a: Alomomola|Alomomola, F|100/100
|move|p1a: Azumarill|Knock Off|p2a: Alomomola
|-damage|p2a: Alomomola|81/100
|-enditem|p2a: Alomomola|Heavy-Duty Boots|[from] move: Knock Off|[of] p1a: Azumarill
|
|-heal|p1a: Azumarill|88/100|[from] item: Leftovers
|-damage|p1a: Azumarill|75/100|[from] Leech Seed|[of] p2a: Alomomola
|-heal|p2a: Alomomola|89/100|[silent]
|upkeep
|turn|7
|
|t:|1760793530
|move|p1a: Azumarill|Play Rough|p2a: Alomomola
|-damage|p2a: Alomomola|61/100
|move|p2a: Alomomola|Wish|p2a: Alomomola
|
|-heal|p1a: Azumarill|82/100|[from] item: Leftovers
|-damage|p1a: Azumarill|69/100|[from] Leech Seed|[of] p2a: Alomomola
|-heal|p2a: Alomomola|69/100|[silent]
|upkeep
|turn|8
|
|t:|1760793549
|switch|p1a: Meowscarada|Meowscarada, F|55/100
|move|p2a: Alomomola|Flip Turn|p1a: Meowscarada
|-resisted|p1a: Meowscarada
|-damage|p1a: Meowscarada|41/100
|
|t:|1760793552
|switch|p2a: Hydrapple|Hydrapple, F|49/100|[from] Flip Turn
|
|-heal|p2a: Hydrapple|100/100|[from] move: Wish|[wisher] Alomomola
|-heal|p1a: Meowscarada|47/100|[from] item: Leftovers
|upkeep
|turn|9
|
|t:|1760793560
|switch|p1a: Blissey|Blissey, F|100/100
|move|p2a: Hydrapple|Fickle Beam|p1a: Blissey|[anim] Fickle Beam All Out
|-activate|p2a: Hydrapple|move: Fickle Beam
|-damage|p1a: Blissey|77/100
|
|-heal|p1a: Blissey|84/100|[from] item: Leftovers
|upkeep
|turn|10
|
|t:|1760793567
|switch|p2a: Trevenant|Trevenant, M|32/100
|move|p1a: Blissey|Thunder Wave|p2a: Trevenant
|-status|p2a: Trevenant|par
|
|-heal|p1a: Blissey|90/100|[from] item: Leftovers
|upkeep
|turn|11
|
|t:|1760793573
|switch|p1a: Meowscarada|Meowscarada, F|47/100
|cant|p2a: Trevenant|par
|
|-heal|p1a: Meowscarada|53/100|[from] item: Leftovers
|upkeep
|turn|12
|
|t:|1760793585
|move|p1a: Meowscarada|Shadow Claw|p2a: Trevenant
|-start|p1a: Meowscarada|typechange|Ghost|[from] ability: Protean
|-supereffective|p2a: Trevenant
|-damage|p2a: Trevenant|0 fnt
|faint|p2a: Trevenant
|
|-heal|p1a: Meowscarada|60/100|[from] item: Leftovers
|upkeep
|
|t:|1760793595
|switch|p2a: Hydrapple|Hydrapple, F|100/100
|turn|13
|
|t:|1760793604
|switch|p1a: Blissey|Blissey, F|90/100
|switch|p2a: Clodsire|Clodsire, F|100/100
|
|-heal|p1a: Blissey|96/100|[from] item: Leftovers
|upkeep
|turn|14
|
|t:|1760793612
|switch|p1a: Landorus|Landorus-Therian, M|100/100
|-ability|p1a: Landorus|Intimidate|boost
|-unboost|p2a: Clodsire|atk|1
|move|p2a: Clodsire|Spikes|p1a: Landorus
|-sidestart|p1: SemperMamba|Spikes
|
|upkeep
|turn|15
|
|t:|1760793621
|switch|p2a: Alomomola|Alomomola, F|100/100
|move|p1a: Landorus|Stealth Rock|p2a: Alomomola
|-sidestart|p2: Lmanzz|move: Stealth Rock
|
|upkeep
|turn|16
|
|t:|1760793627
|switch|p1a: Iron Treads|Iron Treads|100/100
|-damage|p1a: Iron Treads|88/100|[from] Spikes
|move|p2a: Alomomola|Scald|p1a: Iron Treads
|-supereffective|p1a: Iron Treads
|-damage|p1a: Iron Treads|68/100
|
|upkeep
|turn|17
|
|t:|1760793635
|move|p1a: Iron Treads|Rapid Spin|p2a: Alomomola
|-damage|p2a: Alomomola|93/100
|-boost|p1a: Iron Treads|spe|1
|-sideend|p1: SemperMamba|Spikes|[from] move: Rapid Spin|[of] p1a: Iron Treads
|move|p2a: Alomomola|Scald|p1a: Iron Treads
|-supereffective|p1a: Iron Treads
|-damage|p1a: Iron Treads|50/100
|-status|p1a: Iron Treads|brn
|
|-damage|p1a: Iron Treads|44/100 brn|[from] brn
|upkeep
|turn|18
|
|t:|1760793641
|-end|p1a: Iron Treads|Quark Drive|[silent]
|switch|p1a: Blissey|Blissey, F|96/100
|move|p2a: Alomomola|Flip Turn|p1a: Blissey
|-damage|p1a: Blissey|77/100
|
|t:|1760793644
|switch|p2a: Clodsire|Clodsire, F|100/100|[from] Flip Turn
|-damage|p2a: Clodsire|94/100|[from] Stealth Rock
|
|-heal|p1a: Blissey|83/100|[from] item: Leftovers
|-heal|p2a: Clodsire|100/100|[from] item: Leftovers
|upkeep
|turn|19
|
|t:|1760793649
|move|p1a: Blissey|Heal Bell|p1a: Blissey
|-activate|p1a: Blissey|move: Heal Bell
|-curestatus|p1: Iron Treads|brn|[msg]
|move|p2a: Clodsire|Spikes|p1a: Blissey
|-sidestart|p1: SemperMamba|Spikes
|
|-heal|p1a: Blissey|89/100|[from] item: Leftovers
|upkeep
|turn|20
|
|t:|1760793660
|switch|p1a: Landorus|Landorus-Therian, M|100/100
|-ability|p1a: Landorus|Intimidate|boost
|-unboost|p2a: Clodsire|atk|1
|move|p2a: Clodsire|Toxic|p1a: Landorus
|-status|p1a: Landorus|tox
|
|-damage|p1a: Landorus|94/100 tox|[from] psn
|upkeep
|turn|21
|
|t:|1760793672
|switch|p2a: Alomomola|Alomomola, F|100/100
|-damage|p2a: Alomomola|88/100|[from] Stealth Rock
|move|p1a: Landorus|U-turn|p2a: Alomomola
|-damage|p2a: Alomomola|75/100
|
|t:|1760793678
|switch|p1a: Meowscarada|Meowscarada, F|60/100|[from] U-turn
|-damage|p1a: Meowscarada|47/100|[from] Spikes
|
|-heal|p1a: Meowscarada|53/100|[from] item: Leftovers
|upkeep
|turn|22
|
|t:|1760793706
|move|p2a: Alomomola|Protect|p2a: Alomomola
|-singleturn|p2a: Alomomola|Protect
|move|p1a: Meowscarada|Flower Trick|p2a: Alomomola
|-start|p1a: Meowscarada|typechange|Grass|[from] ability: Protean
|-activate|p2a: Alomomola|move: Protect
|
|-heal|p1a: Meowscarada|60/100|[from] item: Leftovers
|upkeep
|turn|23
|
|t:|1760793718
|switch|p1a: Blissey|Blissey, F|89/100
|-damage|p1a: Blissey|77/100|[from] Spikes
|switch|p2a: Hydrapple|Hydrapple, F|100/100
|
|-heal|p1a: Blissey|83/100|[from] item: Leftovers
|upkeep
|turn|24
|
|t:|1760793726
|switch|p2a: Clodsire|Clodsire, F|100/100
|-damage|p2a: Clodsire|94/100|[from] Stealth Rock
|move|p1a: Blissey|Heal Bell|p1a: Blissey
|-activate|p1a: Blissey|move: Heal Bell
|-curestatus|p1: Landorus|tox|[msg]
|
|-heal|p1a: Blissey|89/100|[from] item: Leftovers
|-heal|p2a: Clodsire|100/100|[from] item: Leftovers
|upkeep
|turn|25
|
|t:|1760793737
|move|p1a: Blissey|Seismic Toss|p2a: Clodsire
|-damage|p2a: Clodsire|79/100
|move|p2a: Clodsire|Toxic|p1a: Blissey
|-status|p1a: Blissey|tox
|
|-heal|p1a: Blissey|95/100 tox|[from] item: Leftovers
|-heal|p2a: Clodsire|85/100|[from] item: Leftovers
|-damage|p1a: Blissey|89/100 tox|[from] psn
|upkeep
|turn|26
|
|t:|1760793741
|move|p1a: Blissey|Seismic Toss|p2a: Clodsire
|-damage|p2a: Clodsire|64/100
|move|p2a: Clodsire|Spikes|p1a: Blissey
|-sidestart|p1: SemperMamba|Spikes
|
|-heal|p1a: Blissey|95/100 tox|[from] item: Leftovers
|-heal|p2a: Clodsire|70/100|[from] item: Leftovers
|-damage|p1a: Blissey|83/100 tox|[from] psn
|upkeep
|turn|27
|
|t:|1760793764
|move|p1a: Blissey|Seismic Toss|p2a: Clodsire
|-damage|p2a: Clodsire|48/100
|move|p2a: Clodsire|Earthquake|p1a: Blissey
|-damage|p1a: Blissey|53/100 tox
|
|-heal|p1a: Blissey|59/100 tox|[from] item: Leftovers
|-heal|p2a: Clodsire|55/100|[from] item: Leftovers
|-damage|p1a: Blissey|40/100 tox|[from] psn
|upkeep
|turn|28
|
|t:|1760793770
|-curestatus|p1a: Blissey|tox|[from] ability: Natural Cure
|switch|p1a: Landorus|Landorus-Therian, M|94/100
|-ability|p1a: Landorus|Intimidate|boost
|-unboost|p2a: Clodsire|atk|1
|move|p2a: Clodsire|Spikes|p1a: Landorus
|-sidestart|p1: SemperMamba|Spikes
|
|-heal|p2a: Clodsire|61/100|[from] item: Leftovers
|upkeep
|turn|29
|
|t:|1760793785
|switch|p2a: Alomomola|Alomomola, F|100/100
|-damage|p2a: Alomomola|88/100|[from] Stealth Rock
|move|p1a: Landorus|U-turn|p2a: Alomomola
|-damage|p2a: Alomomola|75/100
|
|t:|1760793791
|switch|p1a: Iron Treads|Iron Treads|44/100|[from] U-turn
|-damage|p1a: Iron Treads|19/100|[from] Spikes
|
|upkeep
|turn|30
|
|t:|1760793803
|move|p2a: Alomomola|Protect|p2a: Alomomola
|-singleturn|p2a: Alomomola|Protect
|move|p1a: Iron Treads|Rapid Spin|p2a: Alomomola
|-activate|p2a: Alomomola|move: Protect
|
|upkeep
|turn|31
|
|t:|1760793814
|move|p1a: Iron Treads|Rapid Spin|p2a: Alomomola
|-damage|p2a: Alomomola|67/100
|-boost|p1a: Iron Treads|spe|1
|-sideend|p1: SemperMamba|Spikes|[from] move: Rapid Spin|[of] p1a: Iron Treads
|move|p2a: Alomomola|Wish|p2a: Alomomola
|
|upkeep
|turn|32
|
|t:|1760793821
|-end|p1a: Iron Treads|Quark Drive|[silent]
|switch|p1a: Azumarill|Azumarill, F|69/100
|move|p2a: Alomomola|Flip Turn|p1a: Azumarill
|-resisted|p1a: Azumarill
|-damage|p1a: Azumarill|59/100
|
|t:|1760793842
|switch|p2a: Hydrapple|Hydrapple, F|100/100|[from] Flip Turn
|
|-heal|p1a: Azumarill|66/100|[from] item: Leftovers
|upkeep
|turn|33
|
|t:|1760793860
|switch|p1a: Moltres|Moltres|100/100
|move|p2a: Hydrapple|Giga Drain|p1a: Moltres
|-resisted|p1a: Moltres
|-damage|p1a: Moltres|93/100
|
|upkeep
|turn|34
|
|t:|1760793873
|move|p1a: Moltres|U-turn|p2a: Hydrapple
|-supereffective|p2a: Hydrapple
|-damage|p2a: Hydrapple|84/100
|
|t:|1760793877
|switch|p1a: Blissey|Blissey, F|40/100|[from] U-turn
|move|p2a: Hydrapple|Fickle Beam|p1a: Blissey
|-crit|p1a: Blissey
|-damage|p1a: Blissey|23/100
|
|-heal|p1a: Blissey|29/100|[from] item: Leftovers
|upkeep
|turn|35
|
|t:|1760793898
|switch|p2a: Clodsire|Clodsire, F|61/100
|-damage|p2a: Clodsire|55/100|[from] Stealth Rock
|move|p1a: Blissey|Seismic Toss|p2a: Clodsire
|-damage|p2a: Clodsire|33/100
|
|-heal|p1a: Blissey|35/100|[from] item: Leftovers
|-heal|p2a: Clodsire|39/100|[from] item: Leftovers
|upkeep
|turn|36
|
|t:|1760793920
|switch|p1a: Iron Treads|Iron Treads|19/100
|move|p2a: Clodsire|Recover|p2a: Clodsire
|-heal|p2a: Clodsire|89/100
|
|-heal|p2a: Clodsire|96/100|[from] item: Leftovers
|upkeep
|turn|37
|
|t:|1760793933
|switch|p2a: Clefable|Clefable, F|100/100
|move|p1a: Iron Treads|Ice Spinner|p2a: Clefable
|-damage|p2a: Clefable|83/100
|
|upkeep
|turn|38
|
|t:|1760793944
|-end|p1a: Iron Treads|Quark Drive|[silent]
|switch|p1a: Landorus|Landorus-Therian, M|94/100
|-ability|p1a: Landorus|Intimidate|boost
|-unboost|p2a: Clefable|atk|1
|move|p2a: Clefable|Moonblast|p1a: Landorus
|-damage|p1a: Landorus|58/100
|
|upkeep
|turn|39
|
|t:|1760793953
|move|p1a: Landorus|U-turn|p2a: Clefable
|-resisted|p2a: Clefable
|-damage|p2a: Clefable|73/100
|
|t:|1760793955
|switch|p1a: Moltres|Moltres|93/100|[from] U-turn
|move|p2a: Clefable|Moonblast|p1a: Moltres
|-resisted|p1a: Moltres
|-damage|p1a: Moltres|76/100
|
|upkeep
|turn|40
|
|t:|1760793970
|switch|p2a: Blissey|Blissey, F|100/100
|move|p1a: Moltres|Roar|p2a: Blissey
|drag|p2a: Clodsire|Clodsire, F|96/100
|-damage|p2a: Clodsire|89/100|[from] Stealth Rock
|
|-heal|p2a: Clodsire|96/100|[from] item: Leftovers
|upkeep
|turn|41
|
|t:|1760793992
|move|p1a: Moltres|U-turn|p2a: Clodsire
|-resisted|p2a: Clodsire
|-damage|p2a: Clodsire|87/100
|
|t:|1760793995
|switch|p1a: Iron Treads|Iron Treads|19/100|[from] U-turn
|move|p2a: Clodsire|Earthquake|p1a: Iron Treads
|-supereffective|p1a: Iron Treads
|-damage|p1a: Iron Treads|0 fnt
|faint|p1a: Iron Treads
|-end|p1a: Iron Treads|Quark Drive|[silent]
|
|-heal|p2a: Clodsire|93/100|[from] item: Leftovers
|upkeep
|
|t:|1760794001
|switch|p1a: Meowscarada|Meowscarada, F|60/100
|turn|42
|
|t:|1760794010
|switch|p2a: Clefable|Clefable, F|73/100
|move|p1a: Meowscarada|Flower Trick|p2a: Clefable
|-start|p1a: Meowscarada|typechange|Grass|[from] ability: Protean
|-crit|p2a: Clefable
|-damage|p2a: Clefable|39/100
|
|-heal|p1a: Meowscarada|66/100|[from] item: Leftovers
|upkeep
|turn|43
|
|t:|1760794024
|move|p1a: Meowscarada|Flower Trick|p2a: Clefable
|-crit|p2a: Clefable
|-damage|p2a: Clefable|4/100
|move|p2a: Clefable|Stealth Rock|p1a: Meowscarada
|-sidestart|p1: SemperMamba|move: Stealth Rock
|
|-heal|p1a: Meowscarada|72/100|[from] item: Leftovers
|upkeep
|turn|44
|
|t:|1760794044
|switch|p1a: Azumarill|Azumarill, F|66/100
|-damage|p1a: Azumarill|53/100|[from] Stealth Rock
|move|p2a: Clefable|Stealth Rock||[still]
|-fail|p2a: Clefable
|
|-heal|p1a: Azumarill|59/100|[from] item: Leftovers
|upkeep
|turn|45
|
|t:|1760794055
|move|p1a: Azumarill|Knock Off|p2a: Clefable
|-resisted|p2a: Clefable
|-damage|p2a: Clefable|0 fnt
|-enditem|p2a: Clefable|Choice Band|[from] move: Knock Off|[of] p1a: Azumarill
|faint|p2a: Clefable
|
|-heal|p1a: Azumarill|66/100|[from] item: Leftovers
|upkeep
|
|t:|1760794061
|switch|p2a: Hydrapple|Hydrapple, F|84/100
|turn|46
|
|t:|1760794068
|-terastallize|p1a: Azumarill|Poison
|move|p1a: Azumarill|Play Rough|p2a: Hydrapple
|-supereffective|p2a: Hydrapple
|-damage|p2a: Hydrapple|26/100
|move|p2a: Hydrapple|Giga Drain|p1a: Azumarill
|-resisted|p1a: Azumarill
|-damage|p1a: Azumarill|47/100
|-heal|p2a: Hydrapple|34/100|[from] drain|[of] p1a: Azumarill
|
|-heal|p1a: Azumarill|54/100|[from] item: Leftovers
|upkeep
|turn|47
|
|t:|1760794080
|switch|p2a: Alomomola|Alomomola, F|100/100
|-damage|p2a: Alomomola|88/100|[from] Stealth Rock
|move|p1a: Azumarill|Knock Off|p2a: Alomomola
|-damage|p2a: Alomomola|76/100
|
|-heal|p1a: Azumarill|60/100|[from] item: Leftovers
|upkeep
|turn|48
|
|t:|1760794089
|move|p1a: Azumarill|Play Rough|p2a: Alomomola
|-damage|p2a: Alomomola|49/100
|move|p2a: Alomomola|Wish|p2a: Alomomola
|
|-heal|p1a: Azumarill|66/100|[from] item: Leftovers
|upkeep
|turn|49
|
|t:|1760794103
|move|p1a: Azumarill|Ice Spinner|p2a: Alomomola
|-resisted|p2a: Alomomola
|-damage|p2a: Alomomola|41/100
|move|p2a: Alomomola|Scald|p1a: Azumarill
|-damage|p1a: Azumarill|50/100
|
|-heal|p2a: Alomomola|91/100|[from] move: Wish|[wisher] Alomomola
|-heal|p1a: Azumarill|57/100|[from] item: Leftovers
|upkeep
|turn|50
|
|t:|1760794116
|move|p1a: Azumarill|Play Rough|p2a: Alomomola
|-damage|p2a: Alomomola|65/100
|move|p2a: Alomomola|Wish|p2a: Alomomola
|
|-heal|p1a: Azumarill|63/100|[from] item: Leftovers
|upkeep
|turn|51
|
|t:|1760794123
|move|p1a: Azumarill|Play Rough|p2a: Alomomola
|-damage|p2a: Alomomola|40/100
|move|p2a: Alomomola|Scald|p1a: Azumarill
|-crit|p1a: Azumarill
|-damage|p1a: Azumarill|40/100
|-status|p1a: Azumarill|brn
|
|-heal|p2a: Alomomola|90/100|[from] move: Wish|[wisher] Alomomola
|-heal|p1a: Azumarill|46/100 brn|[from] item: Leftovers
|-damage|p1a: Azumarill|40/100 brn|[from] brn
|upkeep
|turn|52
|
|t:|1760794135
|switch|p1a: Blissey|Blissey, F|35/100
|-damage|p1a: Blissey|23/100|[from] Stealth Rock
|move|p2a: Alomomola|Flip Turn|p1a: Blissey
|-damage|p1a: Blissey|3/100
|
|t:|1760794139
|switch|p2a: Hydrapple|Hydrapple, F|34/100|[from] Flip Turn
|
|-heal|p1a: Blissey|9/100|[from] item: Leftovers
|upkeep
|turn|53
|
|t:|1760794145
|move|p1a: Blissey|Soft-Boiled|p1a: Blissey
|-heal|p1a: Blissey|59/100
|move|p2a: Hydrapple|Fickle Beam|p1a: Blissey
|-damage|p1a: Blissey|49/100
|
|-heal|p1a: Blissey|55/100|[from] item: Leftovers
|upkeep
|turn|54
|
|t:|1760794155
|move|p1a: Blissey|Seismic Toss|p2a: Hydrapple
|-damage|p2a: Hydrapple|10/100
|move|p2a: Hydrapple|Recover|p2a: Hydrapple
|-heal|p2a: Hydrapple|60/100
|
|-heal|p1a: Blissey|61/100|[from] item: Leftovers
|upkeep
|turn|55
|
|t:|1760794165
|move|p1a: Blissey|Heal Bell|p1a: Blissey
|-activate|p1a: Blissey|move: Heal Bell
|-curestatus|p1: Azumarill|brn|[msg]
|move|p2a: Hydrapple|Recover|p2a: Hydrapple
|-heal|p2a: Hydrapple|100/100
|
|-heal|p1a: Blissey|68/100|[from] item: Leftovers
|upkeep
|turn|56
|
|t:|1760794172
|switch|p2a: Clodsire|Clodsire, F|93/100
|-damage|p2a: Clodsire|87/100|[from] Stealth Rock
|move|p1a: Blissey|Seismic Toss|p2a: Clodsire
|-damage|p2a: Clodsire|66/100
|
|-heal|p1a: Blissey|74/100|[from] item: Leftovers
|-heal|p2a: Clodsire|72/100|[from] item: Leftovers
|upkeep
|turn|57
|
|t:|1760794181
|switch|p1a: Moltres|Moltres|76/100
|move|p2a: Clodsire|Spikes|p1a: Moltres
|-sidestart|p1: SemperMamba|Spikes
|
|-heal|p2a: Clodsire|78/100|[from] item: Leftovers
|upkeep
|turn|58
|-message|SemperMamba forfeited.
|
|win|Lmanzz
|raw|SemperMamba's rating: 1281 &rarr; <strong>1254</strong><br />(-27 for losing)
|raw|Lmanzz's rating: 1258 &rarr; <strong>1285</strong><br />(+27 for winning)
|l|☆SemperMamba
|player|p1|
|l|☆Lmanzz
|player|p2|
