|j|☆Drudger
|j|☆RJcopter
|t:|1760762633
|gametype|singles
|player|p1|Drudger|brawly|1478
|player|p2|RJcopter|dancer|1453
|gen|9
|tier|[Gen 9] OU
|rated|
|rule|HP Percentage Mod: HP is shown in percentages
|rule|Endless Battle Clause: Forcing endless battles is banned
|rule|Species Clause: Limit one of each Pokémon
|rule|OHKO Clause: OHKO moves are banned
|rule|Evasion Items Clause: Evasion items are banned
|rule|Evasion Moves Clause: Evasion moves are banned
|rule|Evasion Abilities Clause: Evasion abilities are banned
|rule|Sleep Moves Clause: Sleep-inducing moves are banned
|clearpoke
|poke|p1|Blaziken, F|
|poke|p1|Corviknight, M|
|poke|p1|Enamorus, F|
|poke|p1|Landorus-Therian, M|
|poke|p1|Ogerpon-Wellspring, F|
|poke|p1|Kyurem|
|poke|p2|Pelipper, F|
|poke|p2|Hatterene, F|
|poke|p2|Iron Treads|
|poke|p2|Toxicroak, F|
|poke|p2|Barraskewda, F|
|poke|p2|Kilowattrel, M|
|teampreview
|
|t:|1760762645
|teamsize|p1|6
|teamsize|p2|6
|start
|switch|p1a: Kyurem|Kyurem|100/100
|switch|p2a: Barraskewda|Barraskewda, F|100/100
|-ability|p1a: Kyurem|Pressure
|turn|1
|
|t:|1760762681
|move|p2a: Barraskewda|Close Combat|p1a: Kyurem
|-supereffective|p1a: Kyurem
|-damage|p1a: Kyurem|0 fnt
|-unboost|p2a: Barraskewda|def|1
|-unboost|p2a: Barraskewda|spd|1
|faint|p1a: Kyurem
|
|upkeep
|inactive|Battle timer is ON: inactive players will automatically lose when time's up. (requested by RJcopter)
|
|t:|1760762693
|switch|p1a: Blaziken|Blaziken, F|100/100
|turn|2
|
|t:|1760762698
|switch|p2a: Pelipper|Pelipper, F|100/100
|-weather|RainDance|[from] ability: Drizzle|[of] p2a: Pelipper
|move|p1a: Blaziken|Protect||[still]
|-fail|p1a: Blaziken
|
|-weather|RainDance|[upkeep]
|-ability|p1a: Blaziken|Speed Boost|boost
|-boost|p1a: Blaziken|spe|1
|upkeep
|turn|3
|
|t:|1760762709
|move|p1a: Blaziken|Protect|p1a: Blaziken
|-singleturn|p1a: Blaziken|Protect
|move|p2a: Pelipper|Hurricane|p1a: Blaziken
|-activate|p1a: Blaziken|move: Protect
|
|-weather|RainDance|[upkeep]
|-ability|p1a: Blaziken|Speed Boost|boost
|-boost|p1a: Blaziken|spe|1
|upkeep
|turn|4
|
|t:|1760762721
|switch|p1a: Enamorus|Enamorus, F|100/100
|move|p2a: Pelipper|Hurricane|p1a: Enamorus
|-damage|p1a: Enamorus|50/100
|
|-weather|RainDance|[upkeep]
|upkeep
|turn|5
|
|t:|1760762740
|-terastallize|p1a: Enamorus|Fairy
|move|p1a: Enamorus|Moonblast|p2a: Pelipper
|-damage|p2a: Pelipper|24/100
|-unboost|p2a: Pelipper|spa|1
|move|p2a: Pelipper|Hurricane|p1a: Enamorus
|-damage|p1a: Enamorus|17/100
|
|-weather|RainDance|[upkeep]
|upkeep
|turn|6
|
|t:|1760762754
|switch|p2a: Hatterene|Hatterene, F|100/100
|move|p1a: Enamorus|Moonblast|p2a: Hatterene
|-damage|p2a: Hatterene|17/100
|-enditem|p2a: Hatterene|Eject Button
|
|t:|1760762771
|switch|p2a: Barraskewda|Barraskewda, F|100/100
|
|-weather|RainDance|[upkeep]
|upkeep
|turn|7
|
|t:|1760762778
|switch|p1a: Ogerpon|Ogerpon-Wellspring, F|100/100
|move|p2a: Barraskewda|Close Combat|p1a: Ogerpon
|-damage|p1a: Ogerpon|21/100
|-unboost|p2a: Barraskewda|def|1
|-unboost|p2a: Barraskewda|spd|1
|
|-weather|RainDance|[upkeep]
|upkeep
|turn|8
|
|t:|1760762796
|switch|p1a: Landorus|Landorus-Therian, M|100/100
|-ability|p1a: Landorus|Intimidate|boost
|-unboost|p2a: Barraskewda|atk|1
|move|p2a: Barraskewda|Close Combat|p1a: Landorus
|-resisted|p1a: Landorus
|-damage|p1a: Landorus|81/100
|-unboost|p2a: Barraskewda|def|1
|-unboost|p2a: Barraskewda|spd|1
|-damage|p2a: Barraskewda|84/100|[from] item: Rocky Helmet|[of] p1a: Landorus
|
|-weather|RainDance|[upkeep]
|upkeep
|turn|9
|
|t:|1760762808
|switch|p2a: Hatterene|Hatterene, F|17/100
|move|p1a: Landorus|Stealth Rock|p2a: Hatterene
|move|p2a: Hatterene|Stealth Rock|p1a: Landorus|[from] ability: Magic Bounce
|-sidestart|p1: Drudger|move: Stealth Rock
|
|-weather|none
|upkeep
|turn|10
|
|t:|1760762819
|move|p1a: Landorus|Earth Power|p2a: Hatterene
|-damage|p2a: Hatterene|0 fnt
|faint|p2a: Hatterene
|
|upkeep
|
|t:|1760762835
|switch|p2a: Barraskewda|Barraskewda, F|84/100
|turn|11
|
|t:|1760762847
|move|p2a: Barraskewda|Flip Turn|p1a: Landorus
|-supereffective|p1a: Landorus
|-damage|p1a: Landorus|0 fnt
|-damage|p2a: Barraskewda|68/100|[from] item: Rocky Helmet|[of] p1a: Landorus
|faint|p1a: Landorus
|
|t:|1760762859
|switch|p2a: Pelipper|Pelipper, F|24/100|[from] Flip Turn
|-weather|RainDance|[from] ability: Drizzle|[of] p2a: Pelipper
|
|-weather|RainDance|[upkeep]
|upkeep
|
|t:|1760762870
|switch|p1a: Corviknight|Corviknight, M|100/100
|-damage|p1a: Corviknight|88/100|[from] Stealth Rock
|-ability|p1a: Corviknight|Pressure
|turn|12
|
|t:|1760762883
|switch|p2a: Kilowattrel|Kilowattrel, M|100/100
|move|p1a: Corviknight|Defog|p2a: Kilowattrel
|-unboost|p2a: Kilowattrel|evasion|1
|-sideend|p1: Drudger|Stealth Rock|[from] move: Defog|[of] p1a: Corviknight
|
|-weather|RainDance|[upkeep]
|upkeep
|turn|13
|
|t:|1760762898
|move|p2a: Kilowattrel|Thunder|p1a: Corviknight
|-supereffective|p1a: Corviknight
|-damage|p1a: Corviknight|0 fnt
|faint|p1a: Corviknight
|
|-weather|RainDance|[upkeep]
|upkeep
|
|t:|1760762909
|switch|p1a: Blaziken|Blaziken, F|100/100
|turn|14
|
|t:|1760762915
|switch|p2a: Toxicroak|Toxicroak, F|100/100
|move|p1a: Blaziken|Protect||[still]
|-fail|p1a: Blaziken
|
|-weather|RainDance|[upkeep]
|-ability|p1a: Blaziken|Speed Boost|boost
|-boost|p1a: Blaziken|spe|1
|upkeep
|turn|15
|
|t:|1760762925
|move|p1a: Blaziken|Swords Dance|p1a: Blaziken
|-boost|p1a: Blaziken|atk|2
|move|p2a: Toxicroak|Encore|p1a: Blaziken
|-start|p1a: Blaziken|Encore
|
|-weather|RainDance|[upkeep]
|-ability|p1a: Blaziken|Speed Boost|boost
|-boost|p1a: Blaziken|spe|1
|upkeep
|turn|16
|
|t:|1760762935
|switch|p1a: Enamorus|Enamorus, F, tera:Fairy|17/100
|move|p2a: Toxicroak|Toxic|p1a: Enamorus
|-status|p1a: Enamorus|tox
|
|-weather|RainDance|[upkeep]
|-damage|p1a: Enamorus|11/100 tox|[from] psn
|upkeep
|turn|17
|
|t:|1760762946
|switch|p2a: Iron Treads|Iron Treads|100/100
|move|p1a: Enamorus|Healing Wish|p1a: Enamorus
|faint|p1a: Enamorus
|
|-weather|RainDance|[upkeep]
|upkeep
|
|t:|1760762953
|switch|p1a: Ogerpon|Ogerpon-Wellspring, F|21/100
|-heal|p1a: Ogerpon|100/100|[from] move: Healing Wish
|turn|18
|
|t:|1760762972
|move|p1a: Ogerpon|Knock Off|p2a: Iron Treads
|-damage|p2a: Iron Treads|71/100
|-enditem|p2a: Iron Treads|Leftovers|[from] move: Knock Off|[of] p1a: Ogerpon
|move|p2a: Iron Treads|Volt Switch|p1a: Ogerpon
|-damage|p1a: Ogerpon|87/100
|
|t:|1760762974
|-end|p2a: Iron Treads|Quark Drive|[silent]
|switch|p2a: Toxicroak|Toxicroak, F|100/100|[from] Volt Switch
|
|-weather|none
|upkeep
|turn|19
|
|t:|1760762993
|move|p1a: Ogerpon|Knock Off|p2a: Toxicroak
|-resisted|p2a: Toxicroak
|-damage|p2a: Toxicroak|83/100
|-damage|p1a: Ogerpon|70/100|[from] item: Rocky Helmet|[of] p2a: Toxicroak
|-enditem|p2a: Toxicroak|Rocky Helmet|[from] move: Knock Off|[of] p1a: Ogerpon
|move|p2a: Toxicroak|Toxic|p1a: Ogerpon
|-status|p1a: Ogerpon|tox
|
|-damage|p1a: Ogerpon|64/100 tox|[from] psn
|upkeep
|turn|20
|-message|Drudger forfeited.
|
|win|RJcopter
|raw|Drudger's rating: 1478 &rarr; <strong>1457</strong><br />(-21 for losing)
|raw|RJcopter's rating: 1453 &rarr; <strong>1474</strong><br />(+21 for winning)
|l|☆Drudger
|player|p1|
|l|☆RJcopter
|player|p2|
