|j|☆White Boy Magic
|j|☆adv 1v1
|t:|1760818916
|gametype|singles
|player|p1|White Boy Magic|colress|1563
|player|p2|adv 1v1|lisia|1647
|gen|9
|tier|[Gen 9] OU
|rated|
|rule|HP Percentage Mod: HP is shown in percentages
|rule|Endless Battle Clause: Forcing endless battles is banned
|rule|Species Clause: Limit one of each Pokémon
|rule|OHKO Clause: OHKO moves are banned
|rule|Evasion Items Clause: Evasion items are banned
|rule|Evasion Moves Clause: Evasion moves are banned
|rule|Evasion Abilities Clause: Evasion abilities are banned
|rule|Sleep Moves Clause: Sleep-inducing moves are banned
|clearpoke
|poke|p1|Garganacl, M|
|poke|p1|Moltres|
|poke|p1|Lokix, M|
|poke|p1|Great Tusk|
|poke|p1|Rillaboom, M|
|poke|p1|Keldeo-Resolute|
|poke|p2|Jirachi|
|poke|p2|Ursaluna, F|
|poke|p2|Iron Hands|
|poke|p2|Volcanion|
|poke|p2|Moltres-Galar|
|poke|p2|Rillaboom, M|
|teampreview
|inactive|Battle timer is ON: inactive players will automatically lose when time's up. (requested by adv 1v1)
|inactive|White Boy Magic also wants the timer to be on.
|
|t:|1760818934
|teamsize|p1|6
|teamsize|p2|6
|start
|switch|p1a: Lokix|Lokix, M|100/100
|switch|p2a: Volcanion|Volcanion|100/100
|turn|1
|
|t:|1760818942
|move|p1a: Lokix|U-turn|p2a: Volcanion
|-resisted|p2a: Volcanion
|-damage|p2a: Volcanion|59/100
|
|t:|1760818950
|switch|p1a: Slow Dancer|Keldeo-Resolute|100/100|[from] U-turn
|move|p2a: Volcanion|Sludge Bomb|p1a: Slow Dancer
|-damage|p1a: Slow Dancer|62/100
|
|-heal|p1a: Slow Dancer|68/100|[from] item: Leftovers
|upkeep
|turn|2
|
|t:|1760818960
|switch|p2a: Rillaboom|Rillaboom, M|100/100
|-fieldstart|move: Grassy Terrain|[from] ability: Grassy Surge|[of] p2a: Rillaboom
|move|p1a: Slow Dancer|Secret Sword|p2a: Rillaboom
|-damage|p2a: Rillaboom|49/100
|
|-heal|p1a: Slow Dancer|74/100|[from] Grassy Terrain
|-heal|p1a: Slow Dancer|80/100|[from] item: Leftovers
|-heal|p2a: Rillaboom|55/100|[from] Grassy Terrain
|upkeep
|turn|3
|
|t:|1760818969
|switch|p1a: Smokin Joe Rudeboy|Moltres|100/100
|move|p2a: Rillaboom|Grassy Glide|p1a: Smokin Joe Rudeboy
|-resisted|p1a: Smokin Joe Rudeboy
|-damage|p1a: Smokin Joe Rudeboy|91/100
|-status|p2a: Rillaboom|brn|[from] ability: Flame Body|[of] p1a: Smokin Joe Rudeboy
|-damage|p2a: Rillaboom|45/100 brn|[from] item: Life Orb
|
|-heal|p2a: Rillaboom|52/100 brn|[from] Grassy Terrain
|-damage|p2a: Rillaboom|45/100 brn|[from] brn
|upkeep
|turn|4
|
|t:|1760818979
|switch|p2a: Volcanion|Volcanion|59/100
|move|p1a: Smokin Joe Rudeboy|U-turn|p2a: Volcanion
|-resisted|p2a: Volcanion
|-damage|p2a: Volcanion|54/100
|
|t:|1760818982
|switch|p1a: Lokix|Lokix, M|100/100|[from] U-turn
|
|-heal|p2a: Volcanion|60/100|[from] Grassy Terrain
|upkeep
|turn|5
|
|t:|1760818989
|switch|p2a: Rillaboom|Rillaboom, M|45/100 brn
|move|p1a: Lokix|U-turn|p2a: Rillaboom
|-supereffective|p2a: Rillaboom
|-damage|p2a: Rillaboom|0 fnt
|faint|p2a: Rillaboom
|
|t:|1760819002
|switch|p1a: Salty Kong|Garganacl, M|100/100|[from] U-turn
|
|upkeep
|
|t:|1760819008
|switch|p2a: Iron Hands|Iron Hands|100/100
|-enditem|p2a: Iron Hands|Booster Energy
|-activate|p2a: Iron Hands|ability: Quark Drive|[fromitem]
|-start|p2a: Iron Hands|quarkdriveatk
|turn|6
|
|t:|1760819014
|move|p2a: Iron Hands|Thunder Punch|p1a: Salty Kong
|-damage|p1a: Salty Kong|64/100
|move|p1a: Salty Kong|Salt Cure|p2a: Iron Hands
|-resisted|p2a: Iron Hands
|-damage|p2a: Iron Hands|96/100
|-start|p2a: Iron Hands|Salt Cure
|
|-heal|p2a: Iron Hands|100/100|[from] Grassy Terrain
|-heal|p1a: Salty Kong|70/100|[from] Grassy Terrain
|-heal|p1a: Salty Kong|76/100|[from] item: Leftovers
|-damage|p2a: Iron Hands|88/100|[from] Salt Cure
|-fieldend|move: Grassy Terrain
|upkeep
|turn|7
|
|t:|1760819024
|switch|p1a: Johnny Joestar|Great Tusk|100/100
|move|p2a: Iron Hands|Thunder Punch|p1a: Johnny Joestar
|-immune|p1a: Johnny Joestar
|
|-damage|p2a: Iron Hands|76/100|[from] Salt Cure
|upkeep
|turn|8
|
|t:|1760819035
|move|p1a: Johnny Joestar|Headlong Rush|p2a: Iron Hands
|-supereffective|p2a: Iron Hands
|-damage|p2a: Iron Hands|0 fnt
|-unboost|p1a: Johnny Joestar|def|1
|-unboost|p1a: Johnny Joestar|spd|1
|faint|p2a: Iron Hands
|-end|p2a: Iron Hands|Quark Drive|[silent]
|
|upkeep
|
|t:|1760819038
|switch|p2a: Moltres|Moltres-Galar|100/100
|turn|9
|
|t:|1760819047
|move|p1a: Johnny Joestar|Ice Spinner|p2a: Moltres
|-supereffective|p2a: Moltres
|-damage|p2a: Moltres|42/100
|-ability|p2a: Moltres|Berserk|boost
|-boost|p2a: Moltres|spa|1
|move|p2a: Moltres|U-turn|p1a: Johnny Joestar
|-resisted|p1a: Johnny Joestar
|-damage|p1a: Johnny Joestar|94/100
|
|t:|1760819056
|switch|p2a: Jirachi|Jirachi|100/100|[from] U-turn
|
|upkeep
|turn|10
|
|t:|1760819062
|-end|p1a: Johnny Joestar|Protosynthesis|[silent]
|switch|p1a: Smokin Joe Rudeboy|Moltres|91/100
|move|p2a: Jirachi|U-turn|p1a: Smokin Joe Rudeboy
|-resisted|p1a: Smokin Joe Rudeboy
|-damage|p1a: Smokin Joe Rudeboy|88/100
|
|t:|1760819065
|switch|p2a: Ursaluna|Ursaluna, F|100/100|[from] U-turn
|
|-status|p2a: Ursaluna|brn|[from] item: Flame Orb
|upkeep
|turn|11
|
|t:|1760819075
|switch|p2a: Volcanion|Volcanion|60/100
|move|p1a: Smokin Joe Rudeboy|Roar|p2a: Volcanion
|drag|p2a: Moltres|Moltres-Galar|42/100
|
|-heal|p2a: Moltres|48/100|[from] item: Leftovers
|upkeep
|turn|12
|
|t:|1760819080
|move|p1a: Smokin Joe Rudeboy|Flamethrower|p2a: Moltres
|-damage|p2a: Moltres|26/100
|move|p2a: Moltres|Pain Split|p1a: Smokin Joe Rudeboy
|-sethp|p1a: Smokin Joe Rudeboy|56/100|[from] move: Pain Split|[silent]
|-sethp|p2a: Moltres|60/100|[from] move: Pain Split
|
|-heal|p2a: Moltres|66/100|[from] item: Leftovers
|upkeep
|turn|13
|
|t:|1760819093
|switch|p1a: Salty Kong|Garganacl, M|76/100
|move|p2a: Moltres|U-turn|p1a: Salty Kong
|-damage|p1a: Salty Kong|69/100
|
|t:|1760819101
|switch|p2a: Ursaluna|Ursaluna, F|100/100 brn|[from] U-turn
|
|-heal|p1a: Salty Kong|75/100|[from] item: Leftovers
|-damage|p2a: Ursaluna|94/100 brn|[from] brn
|upkeep
|turn|14
|
|t:|1760819107
|switch|p1a: Smokin Joe Rudeboy|Moltres|56/100
|move|p2a: Ursaluna|Headlong Rush|p1a: Smokin Joe Rudeboy
|-immune|p1a: Smokin Joe Rudeboy
|
|-damage|p2a: Ursaluna|88/100 brn|[from] brn
|upkeep
|turn|15
|
|t:|1760819115
|move|p1a: Smokin Joe Rudeboy|Flamethrower|p2a: Ursaluna
|-damage|p2a: Ursaluna|48/100 brn
|move|p2a: Ursaluna|Facade|p1a: Smokin Joe Rudeboy
|-damage|p1a: Smokin Joe Rudeboy|0 fnt
|faint|p1a: Smokin Joe Rudeboy
|
|-damage|p2a: Ursaluna|42/100 brn|[from] brn
|upkeep
|
|t:|1760819121
|switch|p1a: Lokix|Lokix, M|100/100
|turn|16
|
|t:|1760819125
|switch|p2a: Volcanion|Volcanion|60/100
|move|p1a: Lokix|Knock Off|p2a: Volcanion
|-damage|p2a: Volcanion|4/100
|-enditem|p2a: Volcanion|Heavy-Duty Boots|[from] move: Knock Off|[of] p1a: Lokix
|
|upkeep
|turn|17
|
|t:|1760819134
|switch|p1a: Ross Federmonkey|Rillaboom, M|100/100
|-fieldstart|move: Grassy Terrain|[from] ability: Grassy Surge|[of] p1a: Ross Federmonkey
|move|p2a: Volcanion|Flamethrower|p1a: Ross Federmonkey
|-supereffective|p1a: Ross Federmonkey
|-damage|p1a: Ross Federmonkey|0 fnt
|faint|p1a: Ross Federmonkey
|
|-heal|p2a: Volcanion|10/100|[from] Grassy Terrain
|upkeep
|
|t:|1760819145
|switch|p1a: Lokix|Lokix, M|100/100
|turn|18
|
|t:|1760819150
|move|p1a: Lokix|U-turn|p2a: Volcanion
|-resisted|p2a: Volcanion
|-damage|p2a: Volcanion|0 fnt
|faint|p2a: Volcanion
|
|t:|1760819155
|switch|p1a: Slow Dancer|Keldeo-Resolute|80/100|[from] U-turn
|
|-heal|p1a: Slow Dancer|87/100|[from] Grassy Terrain
|-heal|p1a: Slow Dancer|93/100|[from] item: Leftovers
|upkeep
|
|t:|1760819161
|switch|p2a: Jirachi|Jirachi|100/100
|turn|19
|
|t:|1760819166
|-terastallize|p1a: Slow Dancer|Water
|move|p2a: Jirachi|Trick|p1a: Slow Dancer
|-activate|p2a: Jirachi|move: Trick|[of] p1a: Slow Dancer
|-item|p1a: Slow Dancer|Choice Scarf|[from] move: Trick
|-item|p2a: Jirachi|Leftovers|[from] move: Trick
|move|p1a: Slow Dancer|Calm Mind|p1a: Slow Dancer
|-boost|p1a: Slow Dancer|spa|1
|-boost|p1a: Slow Dancer|spd|1
|
|-heal|p1a: Slow Dancer|99/100|[from] Grassy Terrain
|upkeep
|turn|20
|
|t:|1760819178
|switch|p1a: Johnny Joestar|Great Tusk|94/100
|move|p2a: Jirachi|Iron Head|p1a: Johnny Joestar
|-damage|p1a: Johnny Joestar|68/100
|
|-heal|p1a: Johnny Joestar|75/100|[from] Grassy Terrain
|upkeep
|turn|21
|
|t:|1760819184
|switch|p2a: Moltres|Moltres-Galar|66/100
|move|p1a: Johnny Joestar|Headlong Rush|p2a: Moltres
|-immune|p2a: Moltres
|
|-heal|p1a: Johnny Joestar|81/100|[from] Grassy Terrain
|-heal|p2a: Moltres|72/100|[from] item: Leftovers
|-fieldend|move: Grassy Terrain
|upkeep
|turn|22
|
|t:|1760819191
|-end|p1a: Johnny Joestar|Protosynthesis|[silent]
|switch|p1a: Salty Kong|Garganacl, M|75/100
|move|p2a: Moltres|Air Slash|p1a: Salty Kong
|-resisted|p1a: Salty Kong
|-damage|p1a: Salty Kong|66/100
|
|-heal|p2a: Moltres|78/100|[from] item: Leftovers
|-heal|p1a: Salty Kong|72/100|[from] item: Leftovers
|upkeep
|turn|23
|
|t:|1760819196
|move|p2a: Moltres|Fiery Wrath|p1a: Salty Kong
|-damage|p1a: Salty Kong|51/100
|move|p1a: Salty Kong|Salt Cure|p2a: Moltres
|-supereffective|p2a: Moltres
|-damage|p2a: Moltres|50/100
|-start|p2a: Moltres|Salt Cure
|-ability|p2a: Moltres|Berserk|boost
|-boost|p2a: Moltres|spa|1
|
|-heal|p2a: Moltres|56/100|[from] item: Leftovers
|-heal|p1a: Salty Kong|57/100|[from] item: Leftovers
|-damage|p2a: Moltres|43/100|[from] Salt Cure
|upkeep
|turn|24
|
|t:|1760819203
|move|p1a: Salty Kong|Protect|p1a: Salty Kong
|-singleturn|p1a: Salty Kong|Protect
|move|p2a: Moltres|Fiery Wrath|p1a: Salty Kong
|-activate|p1a: Salty Kong|move: Protect
|
|-heal|p2a: Moltres|49/100|[from] item: Leftovers
|-heal|p1a: Salty Kong|63/100|[from] item: Leftovers
|-damage|p2a: Moltres|37/100|[from] Salt Cure
|upkeep
|turn|25
|
|t:|1760819206
|switch|p1a: Lokix|Lokix, M|100/100
|move|p2a: Moltres|Fiery Wrath|p1a: Lokix
|-resisted|p1a: Lokix
|-damage|p1a: Lokix|50/100
|
|-heal|p2a: Moltres|43/100|[from] item: Leftovers
|-damage|p2a: Moltres|30/100|[from] Salt Cure
|upkeep
|turn|26
|
|t:|1760819211
|move|p1a: Lokix|First Impression|p2a: Moltres
|-damage|p2a: Moltres|0 fnt
|faint|p2a: Moltres
|
|upkeep
|
|t:|1760819215
|switch|p2a: Ursaluna|Ursaluna, F|42/100 brn
|turn|27
|
|t:|1760819237
|switch|p1a: Johnny Joestar|Great Tusk|81/100
|-terastallize|p2a: Ursaluna|Normal
|move|p2a: Ursaluna|Facade|p1a: Johnny Joestar
|-damage|p1a: Johnny Joestar|0 fnt
|faint|p1a: Johnny Joestar
|-end|p1a: Johnny Joestar|Protosynthesis|[silent]
|
|-damage|p2a: Ursaluna|36/100 brn|[from] brn
|upkeep
|
|t:|1760819247
|switch|p1a: Lokix|Lokix, M|50/100
|turn|28
|
|t:|1760819250
|move|p1a: Lokix|U-turn|p2a: Ursaluna
|-damage|p2a: Ursaluna|0 fnt
|faint|p2a: Ursaluna
|
|t:|1760819254
|switch|p1a: Salty Kong|Garganacl, M|63/100|[from] U-turn
|
|-heal|p1a: Salty Kong|69/100|[from] item: Leftovers
|upkeep
|
|t:|1760819256
|switch|p2a: Jirachi|Jirachi|100/100
|turn|29
|
|t:|1760819260
|move|p1a: Salty Kong|Protect|p1a: Salty Kong
|-singleturn|p1a: Salty Kong|Protect
|move|p2a: Jirachi|Iron Head|p1a: Salty Kong
|-activate|p1a: Salty Kong|move: Protect
|
|-heal|p1a: Salty Kong|75/100|[from] item: Leftovers
|upkeep
|turn|30
|
|t:|1760819264
|move|p2a: Jirachi|Iron Head|p1a: Salty Kong
|-supereffective|p1a: Salty Kong
|-damage|p1a: Salty Kong|25/100
|cant|p1a: Salty Kong|flinch
|
|-heal|p1a: Salty Kong|31/100|[from] item: Leftovers
|upkeep
|turn|31
|
|t:|1760819270
|move|p1a: Salty Kong|Protect|p1a: Salty Kong
|-singleturn|p1a: Salty Kong|Protect
|move|p2a: Jirachi|Iron Head|p1a: Salty Kong
|-activate|p1a: Salty Kong|move: Protect
|
|-heal|p1a: Salty Kong|37/100|[from] item: Leftovers
|upkeep
|turn|32
|
|t:|1760819272
|move|p2a: Jirachi|Iron Head|p1a: Salty Kong
|-supereffective|p1a: Salty Kong
|-damage|p1a: Salty Kong|0 fnt
|faint|p1a: Salty Kong
|
|upkeep
|
|t:|1760819276
|switch|p1a: Slow Dancer|Keldeo-Resolute, tera:Water|99/100
|turn|33
|
|t:|1760819279
|move|p1a: Slow Dancer|Surf|p2a: Jirachi
|-damage|p2a: Jirachi|37/100
|move|p2a: Jirachi|Iron Head|p1a: Slow Dancer
|-resisted|p1a: Slow Dancer
|-damage|p1a: Slow Dancer|78/100
|
|-heal|p2a: Jirachi|43/100|[from] item: Leftovers
|upkeep
|turn|34
|
|t:|1760819282
|move|p1a: Slow Dancer|Surf|p2a: Jirachi
|-damage|p2a: Jirachi|0 fnt
|faint|p2a: Jirachi
|
|win|White Boy Magic
|raw|White Boy Magic's rating: 1563 &rarr; <strong>1588</strong><br />(+25 for winning)
|raw|adv 1v1's rating: 1647 &rarr; <strong>1622</strong><br />(-25 for losing)
|l|☆White Boy Magic
|player|p1|
|l|☆adv 1v1
|player|p2|
