|j|☆B1adzesmain
|j|☆KennytheslugSmith
|t:|1760863595
|gametype|singles
|player|p1|B1adzesmain|bugcatcher-gen4dp|1210
|player|p2|KennytheslugSmith|scientist-gen4dp|1295
|gen|9
|tier|[Gen 9] OU
|rated|
|rule|HP Percentage Mod: HP is shown in percentages
|rule|Endless Battle Clause: Forcing endless battles is banned
|rule|Species Clause: Limit one of each Pokémon
|rule|OHKO Clause: OHKO moves are banned
|rule|Evasion Items Clause: Evasion items are banned
|rule|Evasion Moves Clause: Evasion moves are banned
|rule|Evasion Abilities Clause: Evasion abilities are banned
|rule|Sleep Moves Clause: Sleep-inducing moves are banned
|clearpoke
|poke|p1|Dragapult, F|
|poke|p1|Ogerpon-Wellspring, F|
|poke|p1|Zamazenta-*|
|poke|p1|Clefable, M|
|poke|p1|Corviknight, M|
|poke|p1|Ting-Lu|
|poke|p2|Hydrapple, M|
|poke|p2|Skarmory, F|
|poke|p2|Tyranitar, F|
|poke|p2|Alomomola, M|
|poke|p2|Clodsire, M|
|poke|p2|Clefable, M|
|teampreview
|inactive|Battle timer is ON: inactive players will automatically lose when time's up. (requested by KennytheslugSmith)
|
|t:|1760863606
|teamsize|p1|6
|teamsize|p2|6
|start
|switch|p1a: Dragapult|Dragapult, F, shiny|100/100
|switch|p2a: Hydrapple|Hydrapple, M|100/100
|turn|1
|
|t:|1760863614
|switch|p2a: Clefable|Clefable, M|100/100
|move|p1a: Dragapult|U-turn|p2a: Clefable
|-resisted|p2a: Clefable
|-damage|p2a: Clefable|94/100
|
|t:|1760863622
|switch|p1a: Corviknight|Corviknight, M, shiny|100/100|[from] U-turn
|-ability|p1a: Corviknight|Pressure
|
|upkeep
|turn|2
|
|t:|1760863630
|move|p1a: Corviknight|U-turn|p2a: Clefable
|-resisted|p2a: Clefable
|-crit|p2a: Clefable
|-damage|p2a: Clefable|86/100
|
|t:|1760863637
|switch|p1a: Clefable|Clefable, M|100/100|[from] U-turn
|move|p2a: Clefable|Knock Off|p1a: Clefable
|-resisted|p1a: Clefable
|-damage|p1a: Clefable|93/100
|-enditem|p1a: Clefable|Rocky Helmet|[from] move: Knock Off|[of] p2a: Clefable
|
|upkeep
|turn|3
|
|t:|1760863657
|move|p2a: Clefable|Moonblast|p1a: Clefable
|-damage|p1a: Clefable|72/100
|move|p1a: Clefable|Thunder Wave|p2a: Clefable
|-status|p2a: Clefable|par
|
|upkeep
|turn|4
|
|t:|1760863665
|move|p1a: Clefable|Moonlight|p1a: Clefable
|-heal|p1a: Clefable|100/100
|move|p2a: Clefable|Moonblast|p1a: Clefable
|-damage|p1a: Clefable|80/100
|
|upkeep
|turn|5
|
|t:|1760863672
|switch|p1a: Corviknight|Corviknight, M, shiny|100/100
|-ability|p1a: Corviknight|Pressure
|cant|p2a: Clefable|par
|
|upkeep
|turn|6
|
|t:|1760863679
|switch|p2a: Skarmory|Skarmory, F|100/100
|move|p1a: Corviknight|Iron Defense|p1a: Corviknight
|-boost|p1a: Corviknight|def|2
|
|upkeep
|turn|7
|
|t:|1760863685
|move|p1a: Corviknight|Body Press|p2a: Skarmory
|-damage|p2a: Skarmory|73/100
|move|p2a: Skarmory|Spikes|p1a: Corviknight
|-sidestart|p1: B1adzesmain|Spikes
|
|upkeep
|turn|8
|
|t:|1760863696
|move|p1a: Corviknight|U-turn|p2a: Skarmory
|-resisted|p2a: Skarmory
|-damage|p2a: Skarmory|70/100
|
|t:|1760863700
|switch|p1a: Dragapult|Dragapult, F, shiny|100/100|[from] U-turn
|-damage|p1a: Dragapult|88/100|[from] Spikes
|move|p2a: Skarmory|Iron Defense|p2a: Skarmory
|-boost|p2a: Skarmory|def|2
|
|upkeep
|turn|9
|
|t:|1760863708
|switch|p2a: Tyranitar|Tyranitar, F|100/100
|-weather|Sandstorm|[from] ability: Sand Stream|[of] p2a: Tyranitar
|move|p1a: Dragapult|Flamethrower|p2a: Tyranitar
|-resisted|p2a: Tyranitar
|-damage|p2a: Tyranitar|92/100
|
|-weather|Sandstorm|[upkeep]
|-damage|p1a: Dragapult|82/100|[from] Sandstorm
|upkeep
|turn|10
|
|t:|1760863721
|switch|p1a: Corviknight|Corviknight, M, shiny|100/100
|-ability|p1a: Corviknight|Pressure
|move|p2a: Tyranitar|Stealth Rock|p1a: Corviknight
|-sidestart|p1: B1adzesmain|move: Stealth Rock
|
|-weather|Sandstorm|[upkeep]
|upkeep
|turn|11
|
|t:|1760863730
|switch|p2a: Skarmory|Skarmory, F|70/100
|move|p1a: Corviknight|U-turn|p2a: Skarmory
|-resisted|p2a: Skarmory
|-damage|p2a: Skarmory|68/100
|
|t:|1760863745
|switch|p1a: Dragapult|Dragapult, F, shiny|82/100|[from] U-turn
|-damage|p1a: Dragapult|70/100|[from] Spikes
|-damage|p1a: Dragapult|58/100|[from] Stealth Rock
|
|-weather|Sandstorm|[upkeep]
|-damage|p1a: Dragapult|52/100|[from] Sandstorm
|upkeep
|turn|12
|
|t:|1760863757
|switch|p2a: Tyranitar|Tyranitar, F|92/100
|move|p1a: Dragapult|Shadow Ball|p2a: Tyranitar
|-resisted|p2a: Tyranitar
|-damage|p2a: Tyranitar|82/100
|
|-weather|Sandstorm|[upkeep]
|-damage|p1a: Dragapult|46/100|[from] Sandstorm
|upkeep
|turn|13
|
|t:|1760863767
|switch|p1a: Corviknight|Corviknight, M, shiny|100/100
|-damage|p1a: Corviknight|88/100|[from] Stealth Rock
|-ability|p1a: Corviknight|Pressure
|move|p2a: Tyranitar|Knock Off|p1a: Corviknight
|-damage|p1a: Corviknight|61/100
|-damage|p2a: Tyranitar|65/100|[from] item: Rocky Helmet|[of] p1a: Corviknight
|-enditem|p1a: Corviknight|Rocky Helmet|[from] move: Knock Off|[of] p2a: Tyranitar
|
|-weather|none
|upkeep
|turn|14
|
|t:|1760863779
|switch|p2a: Skarmory|Skarmory, F|68/100
|move|p1a: Corviknight|Roost|p1a: Corviknight
|-heal|p1a: Corviknight|100/100
|-singleturn|p1a: Corviknight|move: Roost
|
|upkeep
|turn|15
|
|t:|1760863787
|move|p1a: Corviknight|Iron Defense|p1a: Corviknight
|-boost|p1a: Corviknight|def|2
|move|p2a: Skarmory|Roost|p2a: Skarmory
|-heal|p2a: Skarmory|100/100
|-singleturn|p2a: Skarmory|move: Roost
|
|upkeep
|turn|16
|
|t:|1760863794
|move|p1a: Corviknight|Body Press|p2a: Skarmory
|-damage|p2a: Skarmory|72/100
|move|p2a: Skarmory|Iron Defense|p2a: Skarmory
|-boost|p2a: Skarmory|def|2
|
|upkeep
|turn|17
|
|t:|1760863802
|move|p1a: Corviknight|U-turn|p2a: Skarmory
|-resisted|p2a: Skarmory
|-damage|p2a: Skarmory|71/100
|
|t:|1760863808
|switch|p1a: Ogerpon|Ogerpon-Wellspring, F|100/100|[from] U-turn
|-damage|p1a: Ogerpon|88/100|[from] Spikes
|-damage|p1a: Ogerpon|76/100|[from] Stealth Rock
|move|p2a: Skarmory|Spikes|p1a: Ogerpon
|-sidestart|p1: B1adzesmain|Spikes
|
|upkeep
|turn|18
|
|t:|1760863816
|move|p1a: Ogerpon|Spikes|p2a: Skarmory
|-sidestart|p2: KennytheslugSmith|Spikes
|move|p2a: Skarmory|Body Press|p1a: Ogerpon
|-damage|p1a: Ogerpon|2/100
|
|upkeep
|turn|19
|
|t:|1760863824
|switch|p1a: Dragapult|Dragapult, F, shiny|46/100
|-damage|p1a: Dragapult|29/100|[from] Spikes
|-damage|p1a: Dragapult|17/100|[from] Stealth Rock
|move|p2a: Skarmory|Body Press|p1a: Dragapult
|-immune|p1a: Dragapult
|
|upkeep
|turn|20
|
|t:|1760863836
|switch|p2a: Clodsire|Clodsire, M|100/100
|move|p1a: Dragapult|Draco Meteor|p2a: Clodsire
|-damage|p2a: Clodsire|55/100
|-unboost|p1a: Dragapult|spa|2
|
|upkeep
|turn|21
|
|t:|1760863844
|move|p1a: Dragapult|Draco Meteor|p2a: Clodsire
|-damage|p2a: Clodsire|5/100
|-unboost|p1a: Dragapult|spa|2
|move|p2a: Clodsire|Recover|p2a: Clodsire
|-heal|p2a: Clodsire|56/100
|
|upkeep
|turn|22
|
|t:|1760863853
|switch|p2a: Alomomola|Alomomola, M, shiny|100/100
|move|p1a: Dragapult|Draco Meteor|p2a: Alomomola
|-damage|p2a: Alomomola|73/100
|-unboost|p1a: Dragapult|spa|2
|
|upkeep
|turn|23
|
|t:|1760863860
|move|p1a: Dragapult|Draco Meteor|p2a: Alomomola
|-damage|p2a: Alomomola|55/100
|move|p2a: Alomomola|Wish|p2a: Alomomola
|
|upkeep
|turn|24
|
|t:|1760863868
|switch|p1a: Ogerpon|Ogerpon-Wellspring, F|2/100
|-damage|p1a: Ogerpon|0 fnt|[from] Spikes
|faint|p1a: Ogerpon
|switch|p2a: Clodsire|Clodsire, M|56/100
|
|-heal|p2a: Clodsire|100/100|[from] move: Wish|[wisher] Alomomola
|upkeep
|
|t:|1760863876
|switch|p1a: Ting-Lu|Ting-Lu|100/100
|-damage|p1a: Ting-Lu|84/100|[from] Spikes
|-damage|p1a: Ting-Lu|78/100|[from] Stealth Rock
|-ability|p1a: Ting-Lu|Vessel of Ruin
|turn|25
|
|t:|1760863883
|switch|p2a: Clefable|Clefable, M|86/100 par
|move|p1a: Ting-Lu|Earthquake|p2a: Clefable
|-damage|p2a: Clefable|57/100 par
|
|upkeep
|turn|26
|
|t:|1760863890
|move|p1a: Ting-Lu|Heavy Slam|p2a: Clefable
|-supereffective|p2a: Clefable
|-damage|p2a: Clefable|12/100 par
|cant|p2a: Clefable|par
|
|upkeep
|turn|27
|
|t:|1760863898
|switch|p2a: Skarmory|Skarmory, F|71/100
|move|p1a: Ting-Lu|Heavy Slam|p2a: Skarmory
|-resisted|p2a: Skarmory
|-damage|p2a: Skarmory|61/100
|
|upkeep
|turn|28
|
|t:|1760863905
|move|p2a: Skarmory|Roost|p2a: Skarmory
|-heal|p2a: Skarmory|100/100
|-singleturn|p2a: Skarmory|move: Roost
|move|p1a: Ting-Lu|Rock Tomb|p2a: Skarmory
|-resisted|p2a: Skarmory
|-damage|p2a: Skarmory|96/100
|-unboost|p2a: Skarmory|spe|1
|
|upkeep
|turn|29
|
|t:|1760863915
|switch|p1a: Clefable|Clefable, M|80/100
|move|p2a: Skarmory|Iron Defense|p2a: Skarmory
|-boost|p2a: Skarmory|def|2
|
|upkeep
|turn|30
|
|t:|1760863931
|move|p1a: Clefable|Thunder Wave|p2a: Skarmory
|-status|p2a: Skarmory|par
|move|p2a: Skarmory|Body Press|p1a: Clefable
|-resisted|p1a: Clefable
|-damage|p1a: Clefable|44/100
|
|upkeep
|turn|31
|
|t:|1760863938
|move|p1a: Clefable|Moonlight|p1a: Clefable
|-heal|p1a: Clefable|94/100
|move|p2a: Skarmory|Iron Defense|p2a: Skarmory
|-boost|p2a: Skarmory|def|2
|
|upkeep
|turn|32
|
|t:|1760863945
|move|p1a: Clefable|Stealth Rock|p2a: Skarmory
|-sidestart|p2: KennytheslugSmith|move: Stealth Rock
|move|p2a: Skarmory|Body Press|p1a: Clefable
|-resisted|p1a: Clefable
|-damage|p1a: Clefable|42/100
|
|upkeep
|turn|33
|
|t:|1760863951
|move|p1a: Clefable|Moonlight|p1a: Clefable
|-heal|p1a: Clefable|92/100
|move|p2a: Skarmory|Body Press|p1a: Clefable
|-resisted|p1a: Clefable
|-damage|p1a: Clefable|43/100
|
|upkeep
|turn|34
|
|t:|1760863958
|move|p1a: Clefable|Moonlight|p1a: Clefable
|-heal|p1a: Clefable|93/100
|move|p2a: Skarmory|Iron Defense|p2a: Skarmory
|-boost|p2a: Skarmory|def|2
|
|upkeep
|turn|35
|
|t:|1760863965
|switch|p1a: Dragapult|Dragapult, F, shiny|17/100
|-damage|p1a: Dragapult|0 fnt|[from] Spikes
|faint|p1a: Dragapult
|move|p2a: Skarmory|Body Press|p1: Dragapult|[notarget]
|-fail|p2a: Skarmory
|
|upkeep
|
|t:|1760863975
|switch|p1a: Ting-Lu|Ting-Lu|78/100
|-damage|p1a: Ting-Lu|61/100|[from] Spikes
|-damage|p1a: Ting-Lu|55/100|[from] Stealth Rock
|-ability|p1a: Ting-Lu|Vessel of Ruin
|turn|36
|
|t:|1760863982
|move|p1a: Ting-Lu|Ruination|p2a: Skarmory
|-damage|p2a: Skarmory|48/100 par
|move|p2a: Skarmory|Body Press|p1a: Ting-Lu
|-supereffective|p1a: Ting-Lu
|-damage|p1a: Ting-Lu|0 fnt
|faint|p1a: Ting-Lu
|
|upkeep
|-message|B1adzesmain forfeited.
|
|win|KennytheslugSmith
|raw|B1adzesmain's rating: 1210 &rarr; <strong>1191</strong><br />(-19 for losing)
|raw|KennytheslugSmith's rating: 1295 &rarr; <strong>1314</strong><br />(+19 for winning)
|l|☆B1adzesmain
|player|p1|
