|j|☆solcreciente
|j|☆Ivanpmd
|t:|1760875327
|gametype|singles
|player|p1|solcreciente|gambler|
|player|p2|Ivanpmd|cheren-gen5bw2|
|gen|9
|tier|[Gen 9] OU
|rule|HP Percentage Mod: HP is shown in percentages
|rule|Endless Battle Clause: Forcing endless battles is banned
|rule|Species Clause: Limit one of each Pokémon
|rule|OHKO Clause: OHKO moves are banned
|rule|Evasion Items Clause: Evasion items are banned
|rule|Evasion Moves Clause: Evasion moves are banned
|rule|Evasion Abilities Clause: Evasion abilities are banned
|rule|Sleep Moves Clause: Sleep-inducing moves are banned
|clearpoke
|poke|p1|Slowking-Galar, F|
|poke|p1|Ting-Lu|
|poke|p1|Corviknight, F|
|poke|p1|Rotom-Wash|
|poke|p1|Cinderace, F|
|poke|p1|Iron Valiant|
|poke|p2|Torkoal, F|
|poke|p2|Slither Wing|
|poke|p2|Raging Bolt|
|poke|p2|Walking Wake|
|poke|p2|Ceruledge, F|
|poke|p2|Venusaur, M|
|teampreview
|inactive|Battle timer is ON: inactive players will automatically lose when time's up. (requested by Ivanpmd)
|
|t:|1760875356
|teamsize|p1|6
|teamsize|p2|6
|start
|switch|p1a: Ting-Lu|Ting-Lu|100/100
|switch|p2a: Torkoal|Torkoal, F, shiny|100/100
|-ability|p1a: Ting-Lu|Vessel of Ruin
|-weather|SunnyDay|[from] ability: Drought|[of] p2a: Torkoal
|turn|1
|
|t:|1760875365
|switch|p2a: Lechuga|Venusaur, M, shiny|100/100
|move|p1a: Ting-Lu|Stealth Rock|p2a: Lechuga
|-sidestart|p2: Ivanpmd|move: Stealth Rock
|
|-weather|SunnyDay|[upkeep]
|upkeep
|turn|2
|
|t:|1760875376
|switch|p1a: Slowking|Slowking-Galar, F|100/100
|move|p2a: Lechuga|Growth|p2a: Lechuga
|-boost|p2a: Lechuga|atk|2
|-boost|p2a: Lechuga|spa|2
|
|-weather|SunnyDay|[upkeep]
|upkeep
|turn|3
|
|t:|1760875387
|-terastallize|p2a: Lechuga|Fire
|move|p2a: Lechuga|Weather Ball|p1a: Slowking
|-damage|p1a: Slowking|0 fnt
|faint|p1a: Slowking
|-damage|p2a: Lechuga|91/100|[from] item: Life Orb
|
|-weather|SunnyDay|[upkeep]
|upkeep
|
|t:|1760875404
|switch|p1a: Cinderace|Cinderace, F|100/100
|turn|4
|
|t:|1760875411
|move|p2a: Lechuga|Sludge Bomb|p1a: Cinderace
|-crit|p1a: Cinderace
|-damage|p1a: Cinderace|0 fnt
|faint|p1a: Cinderace
|-damage|p2a: Lechuga|81/100|[from] item: Life Orb
|
|-weather|SunnyDay|[upkeep]
|upkeep
|c|☆solcreciente|vale gg
|
|t:|1760875423
|switch|p1a: Rotom|Rotom-Wash|100/100
|turn|5
|c|☆Ivanpmd|Gg
|
|t:|1760875432
|move|p2a: Lechuga|Solar Beam||[still]
|-prepare|p2a: Lechuga|Solar Beam
|-anim|p2a: Lechuga|Solar Beam|p1a: Rotom
|-supereffective|p1a: Rotom
|-damage|p1a: Rotom|0 fnt
|faint|p1a: Rotom
|-damage|p2a: Lechuga|71/100|[from] item: Life Orb
|
|-weather|SunnyDay|[upkeep]
|upkeep
|-message|solcreciente forfeited.
|
|win|Ivanpmd
|l|☆solcreciente
|player|p1|
