|j|☆Pikka888
|j|☆jigobo
|t:|1760764940
|gametype|singles
|player|p1|Pikka888|1|1407
|player|p2|jigobo|parasollady-gen4|1451
|gen|9
|tier|[Gen 9] OU
|rated|
|rule|HP Percentage Mod: HP is shown in percentages
|rule|Endless Battle Clause: Forcing endless battles is banned
|rule|Species Clause: Limit one of each Pokémon
|rule|OHKO Clause: OHKO moves are banned
|rule|Evasion Items Clause: Evasion items are banned
|rule|Evasion Moves Clause: Evasion moves are banned
|rule|Evasion Abilities Clause: Evasion abilities are banned
|rule|Sleep Moves Clause: Sleep-inducing moves are banned
|clearpoke
|poke|p1|Gyarados, F|
|poke|p1|Skarmory, M|
|poke|p1|Gholdengo|
|poke|p1|Great Tusk|
|poke|p1|Iron Boulder|
|poke|p1|Iron Valiant|
|poke|p2|Raging Bolt|
|poke|p2|Gholdengo|
|poke|p2|Kingambit, F|
|poke|p2|Great Tusk|
|poke|p2|Meowscarada, F|
|poke|p2|Moltres|
|teampreview
|inactive|Battle timer is ON: inactive players will automatically lose when time's up. (requested by jigobo)
|
|t:|1760764944
|teamsize|p1|6
|teamsize|p2|6
|start
|switch|p1a: Skarmory|Skarmory, M|100/100
|switch|p2a: Meowscarada|Meowscarada, F|100/100
|turn|1
|j| toxiccroc12
|
|t:|1760764951
|switch|p2a: Raging Bolt|Raging Bolt|100/100
|move|p1a: Skarmory|Stealth Rock|p2a: Raging Bolt
|-sidestart|p2: jigobo|move: Stealth Rock
|
|upkeep
|turn|2
|l| toxiccroc12
|
|t:|1760764956
|move|p1a: Skarmory|Spikes|p2a: Raging Bolt
|-sidestart|p2: jigobo|Spikes
|move|p2a: Raging Bolt|Draco Meteor|p1a: Skarmory
|-resisted|p1a: Skarmory
|-damage|p1a: Skarmory|30/100
|-unboost|p2a: Raging Bolt|spa|2
|
|upkeep
|turn|3
|
|t:|1760764961
|move|p1a: Skarmory|Brave Bird|p2a: Raging Bolt
|-resisted|p2a: Raging Bolt
|-damage|p2a: Raging Bolt|81/100
|-damage|p1a: Skarmory|19/100|[from] Recoil
|move|p2a: Raging Bolt|Draco Meteor|p1a: Skarmory
|-resisted|p1a: Skarmory
|-damage|p1a: Skarmory|0 fnt
|-unboost|p2a: Raging Bolt|spa|2
|faint|p1a: Skarmory
|
|-heal|p2a: Raging Bolt|88/100|[from] item: Leftovers
|upkeep
|
|t:|1760764971
|switch|p1a: Iron Valiant|Iron Valiant, shiny|100/100
|-enditem|p1a: Iron Valiant|Booster Energy
|-activate|p1a: Iron Valiant|ability: Quark Drive|[fromitem]
|-start|p1a: Iron Valiant|quarkdrivespe
|turn|4
|
|t:|1760764977
|-end|p2a: Raging Bolt|Protosynthesis|[silent]
|switch|p2a: Moltres|Moltres|100/100
|move|p1a: Iron Valiant|Moonblast|p2a: Moltres
|-resisted|p2a: Moltres
|-damage|p2a: Moltres|77/100
|-unboost|p2a: Moltres|spa|1
|
|upkeep
|turn|5
|
|t:|1760764981
|move|p1a: Iron Valiant|Knock Off|p2a: Moltres
|-damage|p2a: Moltres|57/100
|-enditem|p2a: Moltres|Heavy-Duty Boots|[from] move: Knock Off|[of] p1a: Iron Valiant
|move|p2a: Moltres|Will-O-Wisp|p1a: Iron Valiant
|-status|p1a: Iron Valiant|brn
|
|-damage|p1a: Iron Valiant|94/100 brn|[from] brn
|upkeep
|turn|6
|
|t:|1760764985
|move|p1a: Iron Valiant|Moonblast|p2a: Moltres
|-resisted|p2a: Moltres
|-damage|p2a: Moltres|35/100
|-unboost|p2a: Moltres|spa|1
|move|p2a: Moltres|Roost|p2a: Moltres
|-heal|p2a: Moltres|85/100
|-singleturn|p2a: Moltres|move: Roost
|
|-damage|p1a: Iron Valiant|88/100 brn|[from] brn
|upkeep
|turn|7
|
|t:|1760764993
|move|p1a: Iron Valiant|Moonblast|p2a: Moltres
|-resisted|p2a: Moltres
|-damage|p2a: Moltres|61/100
|move|p2a: Moltres|Flamethrower|p1a: Iron Valiant
|-damage|p1a: Iron Valiant|48/100 brn
|
|-damage|p1a: Iron Valiant|41/100 brn|[from] brn
|upkeep
|turn|8
|
|t:|1760764996
|move|p1a: Iron Valiant|Destiny Bond|p1a: Iron Valiant
|-singlemove|p1a: Iron Valiant|Destiny Bond
|move|p2a: Moltres|Roost|p2a: Moltres
|-heal|p2a: Moltres|100/100
|-singleturn|p2a: Moltres|move: Roost
|
|-damage|p1a: Iron Valiant|35/100 brn|[from] brn
|upkeep
|turn|9
|
|t:|1760765004
|move|p1a: Iron Valiant|Moonblast|p2a: Moltres
|-resisted|p2a: Moltres
|-damage|p2a: Moltres|77/100
|move|p2a: Moltres|Flamethrower|p1a: Iron Valiant
|-damage|p1a: Iron Valiant|0 fnt
|faint|p1a: Iron Valiant
|-end|p1a: Iron Valiant|Quark Drive|[silent]
|
|upkeep
|
|t:|1760765007
|switch|p1a: Gyarados|Gyarados, F|100/100
|turn|10
|
|t:|1760765013
|switch|p2a: Raging Bolt|Raging Bolt|88/100
|-damage|p2a: Raging Bolt|75/100|[from] Stealth Rock
|-damage|p2a: Raging Bolt|63/100|[from] Spikes
|move|p1a: Gyarados|Substitute|p1a: Gyarados
|-start|p1a: Gyarados|Substitute
|-damage|p1a: Gyarados|76/100
|
|-heal|p1a: Gyarados|82/100|[from] item: Leftovers
|-heal|p2a: Raging Bolt|69/100|[from] item: Leftovers
|upkeep
|turn|11
|
|t:|1760765020
|move|p1a: Gyarados|Dragon Dance|p1a: Gyarados
|-boost|p1a: Gyarados|atk|1
|-boost|p1a: Gyarados|spe|1
|move|p2a: Raging Bolt|Volt Switch|p1a: Gyarados
|-supereffective|p1a: Gyarados
|-end|p1a: Gyarados|Substitute
|
|t:|1760765027
|-end|p2a: Raging Bolt|Protosynthesis|[silent]
|switch|p2a: Meowscarada|Meowscarada, F|100/100|[from] Volt Switch
|-damage|p2a: Meowscarada|88/100|[from] Stealth Rock
|-damage|p2a: Meowscarada|76/100|[from] Spikes
|
|-heal|p1a: Gyarados|88/100|[from] item: Leftovers
|upkeep
|turn|12
|
|t:|1760765053
|move|p2a: Meowscarada|Flower Trick|p1a: Gyarados
|-start|p2a: Meowscarada|typechange|Grass|[from] ability: Protean
|-crit|p1a: Gyarados
|-damage|p1a: Gyarados|14/100
|move|p1a: Gyarados|Scale Shot|p2a: Meowscarada|[miss]
|-miss|p1a: Gyarados|p2a: Meowscarada
|
|-heal|p1a: Gyarados|20/100|[from] item: Leftovers
|upkeep
|turn|13
|
|t:|1760765063
|move|p2a: Meowscarada|Flower Trick|p1a: Gyarados
|-crit|p1a: Gyarados
|-damage|p1a: Gyarados|0 fnt
|faint|p1a: Gyarados
|
|upkeep
|
|t:|1760765067
|switch|p1a: Iron Boulder|Iron Boulder|100/100
|-enditem|p1a: Iron Boulder|Booster Energy
|-activate|p1a: Iron Boulder|ability: Quark Drive|[fromitem]
|-start|p1a: Iron Boulder|quarkdrivespe
|turn|14
|
|t:|1760765070
|-terastallize|p1a: Iron Boulder|Flying
|move|p1a: Iron Boulder|Substitute|p1a: Iron Boulder
|-start|p1a: Iron Boulder|Substitute
|-damage|p1a: Iron Boulder|76/100
|move|p2a: Meowscarada|Flower Trick|p1a: Iron Boulder
|-resisted|p1a: Iron Boulder
|-crit|p1a: Iron Boulder
|-end|p1a: Iron Boulder|Substitute
|
|upkeep
|turn|15
|
|t:|1760765073
|move|p1a: Iron Boulder|Mighty Cleave|p2a: Meowscarada
|-damage|p2a: Meowscarada|7/100
|move|p2a: Meowscarada|Flower Trick|p1a: Iron Boulder
|-resisted|p1a: Iron Boulder
|-crit|p1a: Iron Boulder
|-damage|p1a: Iron Boulder|41/100
|
|upkeep
|turn|16
|-message|Pikka888 forfeited.
|
|win|jigobo
|raw|Pikka888's rating: 1407 &rarr; <strong>1390</strong><br />(-17 for losing)
|raw|jigobo's rating: 1451 &rarr; <strong>1468</strong><br />(+17 for winning)
|l|☆Pikka888
|player|p1|
|l|☆jigobo
|player|p2|
