|j|☆Acepoke75
|j|☆karuaan
|t:|1760889357
|gametype|singles
|player|p1|Acepoke75|steven|1366
|player|p2|karuaan|cynthia-gen4|1273
|gen|9
|tier|[Gen 9] OU
|rated|
|rule|HP Percentage Mod: HP is shown in percentages
|rule|Endless Battle Clause: Forcing endless battles is banned
|rule|Species Clause: Limit one of each Pokémon
|rule|OHKO Clause: OHKO moves are banned
|rule|Evasion Items Clause: Evasion items are banned
|rule|Evasion Moves Clause: Evasion moves are banned
|rule|Evasion Abilities Clause: Evasion abilities are banned
|rule|Sleep Moves Clause: Sleep-inducing moves are banned
|clearpoke
|poke|p1|Ogerpon-Wellspring, F|
|poke|p1|Garganacl, F|
|poke|p1|Great Tusk|
|poke|p1|Dragonite, F|
|poke|p1|Moltres|
|poke|p1|Darkrai|
|poke|p2|Rillaboom, M|
|poke|p2|Moltres|
|poke|p2|Raging Bolt|
|poke|p2|Iron Crown|
|poke|p2|Great Tusk|
|poke|p2|Primarina, F|
|teampreview
|inactive|Battle timer is ON: inactive players will automatically lose when time's up. (requested by Acepoke75)
|
|t:|1760889373
|teamsize|p1|6
|teamsize|p2|6
|start
|switch|p1a: Ogerpon|Ogerpon-Wellspring, F|100/100
|switch|p2a: Iron Crown|Iron Crown|100/100
|turn|1
|
|t:|1760889400
|move|p1a: Ogerpon|Knock Off|p2a: Iron Crown
|-supereffective|p2a: Iron Crown
|-damage|p2a: Iron Crown|21/100
|-enditem|p2a: Iron Crown|Assault Vest|[from] move: Knock Off|[of] p1a: Ogerpon
|move|p2a: Iron Crown|Volt Switch|p1a: Ogerpon
|-damage|p1a: Ogerpon|73/100
|
|t:|1760889412
|-end|p2a: Iron Crown|Quark Drive|[silent]
|switch|p2a: Rillaboom|Rillaboom, M|100/100|[from] Volt Switch
|-fieldstart|move: Grassy Terrain|[from] ability: Grassy Surge|[of] p2a: Rillaboom
|
|-heal|p1a: Ogerpon|79/100|[from] Grassy Terrain
|upkeep
|turn|2
|
|t:|1760889427
|move|p2a: Rillaboom|Grassy Glide|p1a: Ogerpon
|-damage|p1a: Ogerpon|0 fnt
|faint|p1a: Ogerpon
|
|upkeep
|
|t:|1760889431
|switch|p1a: Moltres|Moltres|100/100
|turn|3
|
|t:|1760889437
|switch|p2a: Primarina|Primarina, F|100/100
|move|p1a: Moltres|Flamethrower|p2a: Primarina
|-resisted|p2a: Primarina
|-damage|p2a: Primarina|84/100
|
|-heal|p2a: Primarina|90/100|[from] Grassy Terrain
|-heal|p2a: Primarina|96/100|[from] item: Leftovers
|upkeep
|turn|4
|
|t:|1760889448
|switch|p1a: Darkrai|Darkrai, shiny|100/100
|move|p2a: Primarina|Calm Mind|p2a: Primarina
|-boost|p2a: Primarina|spa|1
|-boost|p2a: Primarina|spd|1
|
|-heal|p2a: Primarina|100/100|[from] Grassy Terrain
|upkeep
|turn|5
|
|t:|1760889456
|-terastallize|p1a: Darkrai|Poison
|-terastallize|p2a: Primarina|Steel
|move|p1a: Darkrai|Trick|p2a: Primarina
|-activate|p1a: Darkrai|move: Trick|[of] p2a: Primarina
|-item|p2a: Primarina|Choice Scarf|[from] move: Trick
|-item|p1a: Darkrai|Leftovers|[from] move: Trick
|move|p2a: Primarina|Substitute|p2a: Primarina
|-start|p2a: Primarina|Substitute
|-damage|p2a: Primarina|76/100
|
|-heal|p2a: Primarina|82/100|[from] Grassy Terrain
|-fieldend|move: Grassy Terrain
|upkeep
|turn|6
|
|t:|1760889480
|switch|p2a: Iron Crown|Iron Crown|21/100
|move|p1a: Darkrai|Dark Pulse|p2a: Iron Crown
|-supereffective|p2a: Iron Crown
|-damage|p2a: Iron Crown|0 fnt
|faint|p2a: Iron Crown
|-end|p2a: Iron Crown|Quark Drive|[silent]
|
|upkeep
|
|t:|1760889492
|switch|p2a: Great Tusk|Great Tusk|100/100
|turn|7
|
|t:|1760889499
|switch|p1a: Moltres|Moltres|100/100
|move|p2a: Great Tusk|Rapid Spin|p1a: Moltres
|-damage|p1a: Moltres|86/100
|-boost|p2a: Great Tusk|spe|1
|
|upkeep
|turn|8
|
|t:|1760889508
|move|p2a: Great Tusk|Knock Off|p1a: Moltres
|-damage|p1a: Moltres|59/100
|-enditem|p1a: Moltres|Heavy-Duty Boots|[from] move: Knock Off|[of] p2a: Great Tusk
|move|p1a: Moltres|Will-O-Wisp|p2a: Great Tusk
|-status|p2a: Great Tusk|brn
|
|-damage|p2a: Great Tusk|94/100 brn|[from] brn
|upkeep
|turn|9
|
|t:|1760889518
|-end|p2a: Great Tusk|Protosynthesis|[silent]
|switch|p2a: Primarina|Primarina, F, tera:Steel|82/100
|move|p1a: Moltres|Roost|p1a: Moltres
|-heal|p1a: Moltres|100/100
|-singleturn|p1a: Moltres|move: Roost
|
|upkeep
|turn|10
|
|t:|1760889526
|switch|p1a: Darkrai|Darkrai, shiny, tera:Poison|100/100
|move|p2a: Primarina|Surf|p1a: Darkrai
|-damage|p1a: Darkrai|35/100
|
|-heal|p1a: Darkrai|41/100|[from] item: Leftovers
|upkeep
|turn|11
|
|t:|1760889532
|move|p1a: Darkrai|Dark Pulse|p2a: Primarina
|-damage|p2a: Primarina|41/100
|move|p2a: Primarina|Surf|p1a: Darkrai
|-damage|p1a: Darkrai|0 fnt
|faint|p1a: Darkrai
|
|upkeep
|
|t:|1760889540
|switch|p1a: Dragonite|Dragonite, F|100/100
|turn|12
|
|t:|1760889544
|switch|p2a: Moltres|Moltres|100/100
|move|p1a: Dragonite|Dragon Dance|p1a: Dragonite
|-boost|p1a: Dragonite|atk|1
|-boost|p1a: Dragonite|spe|1
|
|upkeep
|turn|13
|
|t:|1760889549
|switch|p1a: Moltres|Moltres|100/100
|move|p2a: Moltres|Will-O-Wisp|p1a: Moltres
|-immune|p1a: Moltres
|
|upkeep
|turn|14
|
|t:|1760889555
|move|p1a: Moltres|Flamethrower|p2a: Moltres
|-resisted|p2a: Moltres
|-damage|p2a: Moltres|85/100
|move|p2a: Moltres|Roar|p1a: Moltres
|drag|p1a: Dragonite|Dragonite, F|100/100
|
|upkeep
|turn|15
|
|t:|1760889562
|switch|p1a: Garganacl|Garganacl, F|100/100
|move|p2a: Moltres|Will-O-Wisp|p1a: Garganacl
|-immune|p1a: Garganacl|[from] ability: Purifying Salt
|
|upkeep
|turn|16
|
|t:|1760889568
|move|p1a: Garganacl|Salt Cure|p2a: Moltres
|-supereffective|p2a: Moltres
|-damage|p2a: Moltres|49/100
|-start|p2a: Moltres|Salt Cure
|move|p2a: Moltres|Roar|p1a: Garganacl
|drag|p1a: Great Tusk|Great Tusk|100/100
|
|-damage|p2a: Moltres|37/100|[from] Salt Cure
|upkeep
|turn|17
|
|t:|1760889579
|-end|p1a: Great Tusk|Protosynthesis|[silent]
|switch|p1a: Garganacl|Garganacl, F|100/100
|switch|p2a: Rillaboom|Rillaboom, M|100/100
|-fieldstart|move: Grassy Terrain|[from] ability: Grassy Surge|[of] p2a: Rillaboom
|
|upkeep
|turn|18
|
|t:|1760889585
|switch|p1a: Moltres|Moltres|100/100
|move|p2a: Rillaboom|Wood Hammer|p1a: Moltres
|-resisted|p1a: Moltres
|-damage|p1a: Moltres|77/100
|-damage|p2a: Rillaboom|92/100|[from] Recoil
|
|-heal|p2a: Rillaboom|98/100|[from] Grassy Terrain
|upkeep
|turn|19
|
|t:|1760889596
|switch|p2a: Moltres|Moltres|37/100
|move|p1a: Moltres|Brave Bird|p2a: Moltres
|-damage|p2a: Moltres|6/100
|-damage|p1a: Moltres|67/100|[from] Recoil
|
|upkeep
|turn|20
|
|t:|1760889602
|move|p2a: Moltres|Roost|p2a: Moltres
|-heal|p2a: Moltres|56/100
|-singleturn|p2a: Moltres|move: Roost
|move|p1a: Moltres|Flamethrower|p2a: Moltres
|-resisted|p2a: Moltres
|-damage|p2a: Moltres|38/100
|
|-heal|p2a: Moltres|44/100|[from] Grassy Terrain
|upkeep
|turn|21
|
|t:|1760889610
|move|p1a: Moltres|Brave Bird|p2a: Moltres
|-damage|p2a: Moltres|12/100
|-damage|p1a: Moltres|56/100|[from] Recoil
|move|p2a: Moltres|Roost|p2a: Moltres
|-heal|p2a: Moltres|62/100
|-singleturn|p2a: Moltres|move: Roost
|
|-heal|p2a: Moltres|68/100|[from] Grassy Terrain
|-fieldend|move: Grassy Terrain
|upkeep
|turn|22
|
|t:|1760889620
|move|p1a: Moltres|Roost|p1a: Moltres
|-heal|p1a: Moltres|100/100
|-singleturn|p1a: Moltres|move: Roost
|move|p2a: Moltres|Flamethrower|p1a: Moltres
|-resisted|p1a: Moltres
|-damage|p1a: Moltres|81/100
|
|upkeep
|turn|23
|
|t:|1760889627
|switch|p1a: Garganacl|Garganacl, F|100/100
|move|p2a: Moltres|Flamethrower|p1a: Garganacl
|-resisted|p1a: Garganacl
|-damage|p1a: Garganacl|88/100
|
|-heal|p1a: Garganacl|95/100|[from] item: Leftovers
|upkeep
|turn|24
|
|t:|1760889645
|move|p1a: Garganacl|Salt Cure|p2a: Moltres
|-supereffective|p2a: Moltres
|-damage|p2a: Moltres|30/100
|-start|p2a: Moltres|Salt Cure
|move|p2a: Moltres|Roar|p1a: Garganacl
|drag|p1a: Moltres|Moltres|81/100
|
|-damage|p2a: Moltres|18/100|[from] Salt Cure
|upkeep
|turn|25
|
|t:|1760889652
|move|p1a: Moltres|Brave Bird|p2a: Moltres
|-damage|p2a: Moltres|0 fnt
|faint|p2a: Moltres
|-damage|p1a: Moltres|76/100|[from] Recoil
|
|upkeep
|
|t:|1760889658
|switch|p2a: Primarina|Primarina, F, tera:Steel|41/100
|turn|26
|
|t:|1760889662
|switch|p1a: Dragonite|Dragonite, F|100/100
|move|p2a: Primarina|Surf|p1a: Dragonite
|-resisted|p1a: Dragonite
|-damage|p1a: Dragonite|86/100
|
|upkeep
|turn|27
|
|t:|1760889669
|switch|p2a: Great Tusk|Great Tusk|94/100 brn
|move|p1a: Dragonite|Dragon Dance|p1a: Dragonite
|-boost|p1a: Dragonite|atk|1
|-boost|p1a: Dragonite|spe|1
|
|-damage|p2a: Great Tusk|88/100 brn|[from] brn
|upkeep
|turn|28
|
|t:|1760889678
|switch|p1a: Moltres|Moltres|76/100
|move|p2a: Great Tusk|Headlong Rush|p1a: Moltres
|-immune|p1a: Moltres
|
|-damage|p2a: Great Tusk|82/100 brn|[from] brn
|upkeep
|turn|29
|
|t:|1760889690
|-end|p2a: Great Tusk|Protosynthesis|[silent]
|switch|p2a: Raging Bolt|Raging Bolt|100/100
|-enditem|p2a: Raging Bolt|Booster Energy
|-activate|p2a: Raging Bolt|ability: Protosynthesis|[fromitem]
|-start|p2a: Raging Bolt|protosynthesisspa
|move|p1a: Moltres|Brave Bird|p2a: Raging Bolt
|-resisted|p2a: Raging Bolt
|-damage|p2a: Raging Bolt|80/100
|-damage|p1a: Moltres|69/100|[from] Recoil
|
|upkeep
|turn|30
|
|t:|1760889702
|switch|p1a: Garganacl|Garganacl, F|95/100
|move|p2a: Raging Bolt|Calm Mind|p2a: Raging Bolt
|-boost|p2a: Raging Bolt|spa|1
|-boost|p2a: Raging Bolt|spd|1
|
|-heal|p1a: Garganacl|100/100|[from] item: Leftovers
|upkeep
|turn|31
|
|t:|1760889710
|move|p2a: Raging Bolt|Dragon Pulse|p1a: Garganacl
|-damage|p1a: Garganacl|37/100
|move|p1a: Garganacl|Salt Cure|p2a: Raging Bolt
|-damage|p2a: Raging Bolt|67/100
|-start|p2a: Raging Bolt|Salt Cure
|
|-heal|p1a: Garganacl|44/100|[from] item: Leftovers
|-damage|p2a: Raging Bolt|55/100|[from] Salt Cure
|upkeep
|turn|32
|
|t:|1760889720
|move|p1a: Garganacl|Protect|p1a: Garganacl
|-singleturn|p1a: Garganacl|Protect
|move|p2a: Raging Bolt|Dragon Pulse|p1a: Garganacl
|-activate|p1a: Garganacl|move: Protect
|
|-heal|p1a: Garganacl|50/100|[from] item: Leftovers
|-damage|p2a: Raging Bolt|43/100|[from] Salt Cure
|upkeep
|turn|33
|
|t:|1760889729
|move|p2a: Raging Bolt|Dragon Pulse|p1a: Garganacl
|-damage|p1a: Garganacl|0 fnt
|faint|p1a: Garganacl
|
|-damage|p2a: Raging Bolt|30/100|[from] Salt Cure
|upkeep
|
|t:|1760889731
|switch|p1a: Great Tusk|Great Tusk|100/100
|turn|34
|
|t:|1760889737
|-end|p2a: Raging Bolt|Protosynthesis|[silent]
|switch|p2a: Great Tusk|Great Tusk|82/100 brn
|move|p1a: Great Tusk|Ice Spinner|p2a: Great Tusk
|-supereffective|p2a: Great Tusk
|-damage|p2a: Great Tusk|37/100 brn
|
|-damage|p2a: Great Tusk|31/100 brn|[from] brn
|upkeep
|turn|35
|
|t:|1760889746
|move|p1a: Great Tusk|Ice Spinner|p2a: Great Tusk
|-supereffective|p2a: Great Tusk
|-damage|p2a: Great Tusk|0 fnt
|faint|p2a: Great Tusk
|-end|p2a: Great Tusk|Protosynthesis|[silent]
|
|upkeep
|
|t:|1760889750
|switch|p2a: Primarina|Primarina, F, tera:Steel|41/100
|turn|36
|
|t:|1760889757
|move|p2a: Primarina|Moonblast|p1a: Great Tusk
|-supereffective|p1a: Great Tusk
|-damage|p1a: Great Tusk|0 fnt
|faint|p1a: Great Tusk
|-end|p1a: Great Tusk|Protosynthesis|[silent]
|
|upkeep
|
|t:|1760889759
|switch|p1a: Moltres|Moltres|69/100
|turn|37
|
|t:|1760889763
|switch|p2a: Raging Bolt|Raging Bolt|30/100
|move|p1a: Moltres|Flamethrower|p2a: Raging Bolt
|-resisted|p2a: Raging Bolt
|-damage|p2a: Raging Bolt|15/100
|
|upkeep
|turn|38
|
|t:|1760889771
|move|p2a: Raging Bolt|Thunderclap|p1a: Moltres
|-supereffective|p1a: Moltres
|-crit|p1a: Moltres
|-damage|p1a: Moltres|0 fnt
|faint|p1a: Moltres
|
|upkeep
|
|t:|1760889773
|switch|p1a: Dragonite|Dragonite, F|86/100
|turn|39
|
|t:|1760889789
|-end|p2a: Raging Bolt|Protosynthesis|[silent]
|switch|p2a: Primarina|Primarina, F, tera:Steel|41/100
|move|p1a: Dragonite|Dragon Dance|p1a: Dragonite
|-boost|p1a: Dragonite|atk|1
|-boost|p1a: Dragonite|spe|1
|
|upkeep
|turn|40
|
|t:|1760889794
|move|p1a: Dragonite|Earthquake|p2a: Primarina
|-supereffective|p2a: Primarina
|-damage|p2a: Primarina|0 fnt
|faint|p2a: Primarina
|
|upkeep
|
|t:|1760889799
|switch|p2a: Rillaboom|Rillaboom, M|98/100
|-fieldstart|move: Grassy Terrain|[from] ability: Grassy Surge|[of] p2a: Rillaboom
|turn|41
|
|t:|1760889810
|move|p1a: Dragonite|Ice Spinner|p2a: Rillaboom
|-supereffective|p2a: Rillaboom
|-damage|p2a: Rillaboom|0 fnt
|-fieldend|move: Grassy Terrain
|faint|p2a: Rillaboom
|
|upkeep
|
|t:|1760889815
|switch|p2a: Raging Bolt|Raging Bolt|15/100
|turn|42
|
|t:|1760889818
|move|p1a: Dragonite|Extreme Speed|p2a: Raging Bolt
|-damage|p2a: Raging Bolt|0 fnt
|faint|p2a: Raging Bolt
|-end|p2a: Raging Bolt|Protosynthesis|[silent]
|
|win|Acepoke75
|raw|Acepoke75's rating: 1366 &rarr; <strong>1381</strong><br />(+15 for winning)
|raw|karuaan's rating: 1273 &rarr; <strong>1255</strong><br />(-18 for losing)
