|j|☆Chefcuz
|j|☆Fix can
|t:|1760858069
|gametype|singles
|player|p1|Chefcuz|ruinmaniac|1305
|player|p2|Fix can|102|1279
|gen|9
|tier|[Gen 9] OU
|rated|
|rule|HP Percentage Mod: HP is shown in percentages
|rule|Endless Battle Clause: Forcing endless battles is banned
|rule|Species Clause: Limit one of each Pokémon
|rule|OHKO Clause: OHKO moves are banned
|rule|Evasion Items Clause: Evasion items are banned
|rule|Evasion Moves Clause: Evasion moves are banned
|rule|Evasion Abilities Clause: Evasion abilities are banned
|rule|Sleep Moves Clause: Sleep-inducing moves are banned
|clearpoke
|poke|p1|Okidogi, M|
|poke|p1|Moltres|
|poke|p1|Great Tusk|
|poke|p1|Iron Crown|
|poke|p1|Primarina, F|
|poke|p1|Kyurem|
|poke|p2|Heatran, F|
|poke|p2|Weavile, F|
|poke|p2|Wyrdeer, M|
|poke|p2|Decidueye, M|
|poke|p2|Swampert, M|
|poke|p2|Comfey, F|
|teampreview
|
|t:|1760858086
|teamsize|p1|6
|teamsize|p2|6
|start
|switch|p1a: Okidogi|Okidogi, M|100/100
|switch|p2a: Decidueye|Decidueye, M|100/100
|turn|1
|
|t:|1760858097
|move|p1a: Okidogi|Knock Off|p2a: Decidueye
|-supereffective|p2a: Decidueye
|-crit|p2a: Decidueye
|-damage|p2a: Decidueye|8/100
|-status|p2a: Decidueye|tox|[from] ability: Toxic Chain|[of] p1a: Okidogi
|-enditem|p2a: Decidueye|Leftovers|[from] move: Knock Off|[of] p1a: Okidogi
|move|p2a: Decidueye|U-turn|p1a: Okidogi
|-resisted|p1a: Okidogi
|-damage|p1a: Okidogi|98/100
|
|t:|1760858110
|switch|p2a: Swampert|Swampert, M|100/100|[from] U-turn
|
|upkeep
|turn|2
|
|t:|1760858125
|switch|p1a: Moltres|Moltres|100/100
|move|p2a: Swampert|Liquidation|p1a: Moltres
|-supereffective|p1a: Moltres
|-damage|p1a: Moltres|5/100
|-status|p2a: Swampert|brn|[from] ability: Flame Body|[of] p1a: Moltres
|
|-damage|p2a: Swampert|94/100 brn|[from] brn
|upkeep
|turn|3
|
|t:|1760858136
|move|p1a: Moltres|Roost|p1a: Moltres
|-heal|p1a: Moltres|55/100
|-singleturn|p1a: Moltres|move: Roost
|move|p2a: Swampert|Liquidation|p1a: Moltres
|-supereffective|p1a: Moltres
|-damage|p1a: Moltres|7/100
|
|-damage|p2a: Swampert|88/100 brn|[from] brn
|upkeep
|turn|4
|
|t:|1760858143
|move|p1a: Moltres|Roost|p1a: Moltres
|-heal|p1a: Moltres|57/100
|-singleturn|p1a: Moltres|move: Roost
|move|p2a: Swampert|Liquidation|p1a: Moltres
|-supereffective|p1a: Moltres
|-damage|p1a: Moltres|13/100
|
|-damage|p2a: Swampert|82/100 brn|[from] brn
|upkeep
|turn|5
|
|t:|1760858156
|switch|p1a: Primarina|Primarina, F|100/100
|move|p2a: Swampert|Liquidation|p1a: Primarina
|-resisted|p1a: Primarina
|-damage|p1a: Primarina|86/100
|
|-heal|p1a: Primarina|92/100|[from] item: Leftovers
|-damage|p2a: Swampert|76/100 brn|[from] brn
|upkeep
|turn|6
|
|t:|1760858173
|switch|p2a: Decidueye|Decidueye, M|8/100 tox
|move|p1a: Primarina|Psychic Noise|p2a: Decidueye
|-resisted|p2a: Decidueye
|-damage|p2a: Decidueye|0 fnt
|faint|p2a: Decidueye
|
|-heal|p1a: Primarina|98/100|[from] item: Leftovers
|upkeep
|
|t:|1760858178
|switch|p2a: Comfey|Comfey, F|100/100
|turn|7
|
|t:|1760858183
|move|p2a: Comfey|Calm Mind|p2a: Comfey
|-boost|p2a: Comfey|spa|1
|-boost|p2a: Comfey|spd|1
|move|p1a: Primarina|Substitute|p1a: Primarina
|-start|p1a: Primarina|Substitute
|-damage|p1a: Primarina|73/100
|
|-heal|p1a: Primarina|79/100|[from] item: Leftovers
|upkeep
|turn|8
|
|t:|1760858195
|move|p2a: Comfey|Draining Kiss|p1a: Primarina
|-end|p1a: Primarina|Substitute
|-damage|p2a: Comfey|91/100|[from] item: Life Orb
|move|p1a: Primarina|Calm Mind|p1a: Primarina
|-boost|p1a: Primarina|spa|1
|-boost|p1a: Primarina|spd|1
|
|-heal|p1a: Primarina|85/100|[from] item: Leftovers
|upkeep
|turn|9
|
|t:|1760858200
|move|p2a: Comfey|Calm Mind|p2a: Comfey
|-boost|p2a: Comfey|spa|1
|-boost|p2a: Comfey|spd|1
|move|p1a: Primarina|Calm Mind|p1a: Primarina
|-boost|p1a: Primarina|spa|1
|-boost|p1a: Primarina|spd|1
|
|-heal|p1a: Primarina|91/100|[from] item: Leftovers
|upkeep
|turn|10
|
|t:|1760858204
|move|p2a: Comfey|Calm Mind|p2a: Comfey
|-boost|p2a: Comfey|spa|1
|-boost|p2a: Comfey|spd|1
|move|p1a: Primarina|Calm Mind|p1a: Primarina
|-boost|p1a: Primarina|spa|1
|-boost|p1a: Primarina|spd|1
|
|-heal|p1a: Primarina|97/100|[from] item: Leftovers
|upkeep
|turn|11
|
|t:|1760858208
|move|p2a: Comfey|Calm Mind|p2a: Comfey
|-boost|p2a: Comfey|spa|1
|-boost|p2a: Comfey|spd|1
|move|p1a: Primarina|Calm Mind|p1a: Primarina
|-boost|p1a: Primarina|spa|1
|-boost|p1a: Primarina|spd|1
|
|-heal|p1a: Primarina|100/100|[from] item: Leftovers
|upkeep
|turn|12
|
|t:|1760858212
|move|p2a: Comfey|Calm Mind|p2a: Comfey
|-boost|p2a: Comfey|spa|1
|-boost|p2a: Comfey|spd|1
|move|p1a: Primarina|Calm Mind|p1a: Primarina
|-boost|p1a: Primarina|spa|1
|-boost|p1a: Primarina|spd|1
|
|upkeep
|turn|13
|
|t:|1760858218
|move|p2a: Comfey|Calm Mind|p2a: Comfey
|-boost|p2a: Comfey|spa|1
|-boost|p2a: Comfey|spd|1
|move|p1a: Primarina|Psychic Noise|p2a: Comfey
|-damage|p2a: Comfey|62/100
|-start|p2a: Comfey|move: Heal Block
|
|upkeep
|turn|14
|
|t:|1760858226
|move|p2a: Comfey|Stored Power|p1a: Primarina
|-crit|p1a: Primarina
|-damage|p1a: Primarina|0 fnt
|faint|p1a: Primarina
|-damage|p2a: Comfey|52/100|[from] item: Life Orb
|
|-end|p2a: Comfey|move: Heal Block
|upkeep
|
|t:|1760858243
|switch|p1a: Iron Crown|Iron Crown|100/100
|turn|15
|
|t:|1760858250
|-terastallize|p2a: Comfey|Ground
|move|p1a: Iron Crown|Tachyon Cutter|p2a: Comfey
|-damage|p2a: Comfey|47/100
|-damage|p2a: Comfey|40/100
|-hitcount|p2a: Comfey|2
|move|p2a: Comfey|Tera Blast|p1a: Iron Crown|[anim] Tera Blast Ground
|-supereffective|p1a: Iron Crown
|-damage|p1a: Iron Crown|0 fnt
|faint|p1a: Iron Crown
|-end|p1a: Iron Crown|Quark Drive|[silent]
|-damage|p2a: Comfey|31/100|[from] item: Life Orb
|
|upkeep
|
|t:|1760858265
|switch|p1a: Okidogi|Okidogi, M|98/100
|turn|16
|
|t:|1760858286
|move|p2a: Comfey|Draining Kiss|p1a: Okidogi
|-damage|p1a: Okidogi|15/100
|-heal|p2a: Comfey|100/100|[from] drain|[of] p1a: Okidogi
|-damage|p2a: Comfey|91/100|[from] item: Life Orb
|move|p1a: Okidogi|Drain Punch|p2a: Comfey
|-damage|p2a: Comfey|47/100
|-heal|p1a: Okidogi|33/100|[from] drain|[of] p2a: Comfey
|
|upkeep
|turn|17
|c|☆Chefcuz|that crit lol
|c|☆Chefcuz|gg
|-message|Chefcuz forfeited.
|
|win|Fix can
|raw|Chefcuz's rating: 1305 &rarr; <strong>1284</strong><br />(-21 for losing)
|raw|Fix can's rating: 1279 &rarr; <strong>1306</strong><br />(+27 for winning)
|l|☆Chefcuz
|player|p1|
|l|☆Fix can
|player|p2|
