|j|☆MagicalPumpkinpie
|j|☆FZPIR
|t:|1760778662
|gametype|singles
|player|p1|MagicalPumpkinpie|gambler|1114
|player|p2|FZPIR|266|1139
|gen|9
|tier|[Gen 9] OU
|rated|
|rule|HP Percentage Mod: HP is shown in percentages
|rule|Endless Battle Clause: Forcing endless battles is banned
|rule|Species Clause: Limit one of each Pokémon
|rule|OHKO Clause: OHKO moves are banned
|rule|Evasion Items Clause: Evasion items are banned
|rule|Evasion Moves Clause: Evasion moves are banned
|rule|Evasion Abilities Clause: Evasion abilities are banned
|rule|Sleep Moves Clause: Sleep-inducing moves are banned
|clearpoke
|poke|p1|Corviknight, M|
|poke|p1|Maushold-Four|
|poke|p1|Cyclizar, M|
|poke|p1|Weezing-Galar, F|
|poke|p1|Clodsire, F|
|poke|p1|Dondozo, M|
|poke|p2|Kleavor, F|
|poke|p2|Brambleghast, F|
|poke|p2|Mamoswine, F|
|poke|p2|Alomomola, F|
|poke|p2|Lokix, M|
|poke|p2|Corviknight, M|
|teampreview
|c|☆MagicalPumpkinpie|This team is surprisingly difficult to defeat
|
|t:|1760778677
|teamsize|p1|6
|teamsize|p2|6
|start
|switch|p1a: Corviknight|Corviknight, M|100/100
|switch|p2a: Kleavor|Kleavor, F|100/100
|turn|1
|
|t:|1760778682
|move|p2a: Kleavor|Stone Axe|p1a: Corviknight
|-damage|p1a: Corviknight|54/100
|-sidestart|p1: MagicalPumpkinpie|move: Stealth Rock
|move|p1a: Corviknight|Bulk Up|p1a: Corviknight
|-boost|p1a: Corviknight|atk|1
|-boost|p1a: Corviknight|def|1
|
|-heal|p1a: Corviknight|60/100|[from] item: Leftovers
|upkeep
|turn|2
|
|t:|1760778687
|move|p2a: Kleavor|Stone Axe|p1a: Corviknight
|-damage|p1a: Corviknight|31/100
|move|p1a: Corviknight|Agility|p1a: Corviknight
|-boost|p1a: Corviknight|spe|2
|
|-heal|p1a: Corviknight|37/100|[from] item: Leftovers
|upkeep
|turn|3
|
|t:|1760778695
|move|p1a: Corviknight|Roost|p1a: Corviknight
|-heal|p1a: Corviknight|87/100
|-singleturn|p1a: Corviknight|move: Roost
|move|p2a: Kleavor|Tailwind|p2a: Kleavor
|-sidestart|p2: FZPIR|move: Tailwind
|
|-heal|p1a: Corviknight|93/100|[from] item: Leftovers
|upkeep
|turn|4
|
|t:|1760778701
|move|p2a: Kleavor|Close Combat|p1a: Corviknight
|-damage|p1a: Corviknight|70/100
|-unboost|p2a: Kleavor|def|1
|-unboost|p2a: Kleavor|spd|1
|move|p1a: Corviknight|Agility|p1a: Corviknight
|-boost|p1a: Corviknight|spe|2
|
|-heal|p1a: Corviknight|76/100|[from] item: Leftovers
|upkeep
|turn|5
|
|t:|1760778705
|move|p2a: Kleavor|Stone Axe|p1a: Corviknight
|-damage|p1a: Corviknight|46/100
|move|p1a: Corviknight|Bulk Up|p1a: Corviknight
|-boost|p1a: Corviknight|atk|1
|-boost|p1a: Corviknight|def|1
|
|-heal|p1a: Corviknight|53/100|[from] item: Leftovers
|upkeep
|turn|6
|
|t:|1760778711
|move|p2a: Kleavor|Stone Axe|p1a: Corviknight
|-damage|p1a: Corviknight|31/100
|move|p1a: Corviknight|Bulk Up|p1a: Corviknight
|-boost|p1a: Corviknight|atk|1
|-boost|p1a: Corviknight|def|1
|
|-heal|p1a: Corviknight|37/100|[from] item: Leftovers
|-sideend|p2: FZPIR|move: Tailwind
|upkeep
|turn|7
|
|t:|1760778716
|move|p1a: Corviknight|Power Trip|p2a: Kleavor
|-enditem|p2a: Kleavor|Focus Sash
|-damage|p2a: Kleavor|1/100
|move|p2a: Kleavor|Tailwind|p2a: Kleavor
|-sidestart|p2: FZPIR|move: Tailwind
|
|-heal|p1a: Corviknight|43/100|[from] item: Leftovers
|upkeep
|turn|8
|
|t:|1760778722
|move|p2a: Kleavor|Stone Axe|p1a: Corviknight
|-damage|p1a: Corviknight|24/100
|move|p1a: Corviknight|Power Trip|p2a: Kleavor
|-damage|p2a: Kleavor|0 fnt
|faint|p2a: Kleavor
|
|-heal|p1a: Corviknight|31/100|[from] item: Leftovers
|upkeep
|c|☆MagicalPumpkinpie|Wuh
|
|t:|1760778733
|switch|p2a: Brambleghast|Brambleghast, F|100/100
|-ability|p2a: Brambleghast|Wind Rider|boost
|-boost|p2a: Brambleghast|atk|1
|turn|9
|
|t:|1760778738
|-terastallize|p1a: Corviknight|Dark
|move|p2a: Brambleghast|Poltergeist|p1a: Corviknight|[miss]
|-miss|p2a: Brambleghast|p1a: Corviknight
|move|p1a: Corviknight|Roost|p1a: Corviknight
|-heal|p1a: Corviknight|81/100
|
|-heal|p1a: Corviknight|87/100|[from] item: Leftovers
|upkeep
|turn|10
|c|☆MagicalPumpkinpie|Oh
|
|t:|1760778750
|move|p2a: Brambleghast|Power Whip|p1a: Corviknight
|-damage|p1a: Corviknight|50/100
|-damage|p2a: Brambleghast|91/100|[from] item: Life Orb
|move|p1a: Corviknight|Agility|p1a: Corviknight
|-boost|p1a: Corviknight|spe|2
|
|-heal|p1a: Corviknight|56/100|[from] item: Leftovers
|-sideend|p2: FZPIR|move: Tailwind
|upkeep
|turn|11
|c|☆MagicalPumpkinpie|That hurts
|
|t:|1760778772
|move|p1a: Corviknight|Power Trip|p2a: Brambleghast
|-supereffective|p2a: Brambleghast
|-damage|p2a: Brambleghast|0 fnt
|faint|p2a: Brambleghast
|
|-heal|p1a: Corviknight|62/100|[from] item: Leftovers
|upkeep
|
|t:|1760778778
|switch|p2a: Mamoswine|Mamoswine, F|100/100
|turn|12
|
|t:|1760778783
|move|p1a: Corviknight|Power Trip|p2a: Mamoswine
|-enditem|p2a: Mamoswine|Focus Sash
|-damage|p2a: Mamoswine|1/100
|move|p2a: Mamoswine|Endeavor|p1a: Corviknight
|-damage|p1a: Corviknight|1/100
|
|-heal|p1a: Corviknight|7/100|[from] item: Leftovers
|upkeep
|turn|13
|
|t:|1760778788
|move|p2a: Mamoswine|Ice Shard|p1a: Corviknight
|-crit|p1a: Corviknight
|-damage|p1a: Corviknight|0 fnt
|faint|p1a: Corviknight
|
|upkeep
|
|t:|1760778793
|switch|p1a: Cyclizar|Cyclizar, M|100/100
|-damage|p1a: Cyclizar|88/100|[from] Stealth Rock
|turn|14
|
|t:|1760778798
|switch|p2a: Alomomola|Alomomola, F|100/100
|move|p1a: Cyclizar|Rapid Spin|p2a: Alomomola
|-damage|p2a: Alomomola|92/100
|-boost|p1a: Cyclizar|spe|1
|-damage|p1a: Cyclizar|72/100|[from] item: Rocky Helmet|[of] p2a: Alomomola
|-sideend|p1: MagicalPumpkinpie|Stealth Rock|[from] move: Rapid Spin|[of] p1a: Cyclizar
|
|upkeep
|turn|15
|
|t:|1760778805
|switch|p1a: Maushold|Maushold-Four|100/100
|move|p2a: Alomomola|Wish|p2a: Alomomola
|
|upkeep
|turn|16
|
|t:|1760778810
|move|p1a: Maushold|Tidy Up|p1a: Maushold
|-boost|p1a: Maushold|atk|1
|-boost|p1a: Maushold|spe|1
|move|p2a: Alomomola|Flip Turn|p1a: Maushold
|-damage|p1a: Maushold|75/100
|
|t:|1760778814
|switch|p2a: Lokix|Lokix, M|100/100|[from] Flip Turn
|
|upkeep
|turn|17
|
|t:|1760778819
|-terastallize|p2a: Lokix|Bug
|move|p2a: Lokix|First Impression|p1a: Maushold
|-damage|p1a: Maushold|0 fnt
|faint|p1a: Maushold
|
|upkeep
|c|☆MagicalPumpkinpie|Ugh
|c|☆MagicalPumpkinpie|u had to tera :(
|
|t:|1760778832
|switch|p1a: Cyclizar|Cyclizar, M|100/100
|turn|18
|
|t:|1760778837
|switch|p2a: Alomomola|Alomomola, F|100/100
|move|p1a: Cyclizar|Draco Meteor|p2a: Alomomola
|-damage|p2a: Alomomola|31/100
|-unboost|p1a: Cyclizar|spa|2
|
|upkeep
|turn|19
|
|t:|1760778843
|move|p1a: Cyclizar|Draco Meteor|p2a: Alomomola|[miss]
|-miss|p1a: Cyclizar|p2a: Alomomola
|move|p2a: Alomomola|Wish|p2a: Alomomola
|
|upkeep
|turn|20
|
|t:|1760778849
|move|p2a: Alomomola|Protect|p2a: Alomomola
|-singleturn|p2a: Alomomola|Protect
|move|p1a: Cyclizar|Draco Meteor|p2a: Alomomola
|-activate|p2a: Alomomola|move: Protect
|
|-heal|p2a: Alomomola|81/100|[from] move: Wish|[wisher] Alomomola
|upkeep
|turn|21
|c|☆MagicalPumpkinpie|Bruhhh
|c|☆MagicalPumpkinpie|;-;
|
|t:|1760778859
|switch|p1a: Weezing|Weezing-Galar, F|100/100
|move|p2a: Alomomola|Wish|p2a: Alomomola
|
|upkeep
|turn|22
|
|t:|1760778867
|move|p1a: Weezing|Strange Steam|p2a: Alomomola
|-damage|p2a: Alomomola|37/100
|move|p2a: Alomomola|Flip Turn|p1a: Weezing
|-damage|p1a: Weezing|87/100
|
|t:|1760778870
|switch|p2a: Mamoswine|Mamoswine, F|1/100|[from] Flip Turn
|
|-heal|p2a: Mamoswine|75/100|[from] move: Wish|[wisher] Alomomola
|-heal|p1a: Weezing|93/100|[from] item: Leftovers
|upkeep
|turn|23
|
|t:|1760778876
|move|p2a: Mamoswine|Earthquake|p1a: Weezing
|-immune|p1a: Weezing|[from] ability: Levitate
|move|p1a: Weezing|Fire Blast|p2a: Mamoswine
|-supereffective|p2a: Mamoswine
|-damage|p2a: Mamoswine|0 fnt
|faint|p2a: Mamoswine
|
|-heal|p1a: Weezing|99/100|[from] item: Leftovers
|upkeep
|c|☆MagicalPumpkinpie|???
|
|t:|1760778882
|switch|p2a: Corviknight|Corviknight, M|100/100
|turn|24
|
|t:|1760778893
|move|p2a: Corviknight|Iron Defense|p2a: Corviknight
|-boost|p2a: Corviknight|def|2
|move|p1a: Weezing|Fire Blast|p2a: Corviknight|[miss]
|-miss|p1a: Weezing|p2a: Corviknight
|
|-heal|p1a: Weezing|100/100|[from] item: Leftovers
|upkeep
|turn|25
|c|☆MagicalPumpkinpie|Bruh
|
|t:|1760778903
|switch|p2a: Alomomola|Alomomola, F|71/100
|move|p1a: Weezing|Fire Blast|p2a: Alomomola
|-resisted|p2a: Alomomola
|-crit|p2a: Alomomola
|-damage|p2a: Alomomola|41/100
|
|upkeep
|turn|26
|c|☆MagicalPumpkinpie|;-;
|
|t:|1760778906
|move|p1a: Weezing|Strange Steam|p2a: Alomomola
|-damage|p2a: Alomomola|0 fnt
|faint|p2a: Alomomola
|
|upkeep
|
|t:|1760778910
|switch|p2a: Lokix|Lokix, M, tera:Bug|100/100
|turn|27
|
|t:|1760778918
|move|p2a: Lokix|U-turn|p1a: Weezing
|-resisted|p1a: Weezing
|-damage|p1a: Weezing|72/100
|
|t:|1760778922
|switch|p2a: Corviknight|Corviknight, M|100/100|[from] U-turn
|move|p1a: Weezing|Clear Smog|p2a: Corviknight
|-immune|p2a: Corviknight
|
|-heal|p1a: Weezing|78/100|[from] item: Leftovers
|upkeep
|turn|28
|c|☆MagicalPumpkinpie|Broski
|
|t:|1760778927
|move|p2a: Corviknight|Body Press|p1a: Weezing
|-resisted|p1a: Weezing
|-damage|p1a: Weezing|73/100
|move|p1a: Weezing|Fire Blast|p2a: Corviknight
|-supereffective|p2a: Corviknight
|-damage|p2a: Corviknight|34/100
|
|-heal|p2a: Corviknight|41/100|[from] item: Leftovers
|-heal|p1a: Weezing|79/100|[from] item: Leftovers
|upkeep
|turn|29
|
|t:|1760778933
|move|p2a: Corviknight|Body Press|p1a: Weezing
|-resisted|p1a: Weezing
|-damage|p1a: Weezing|74/100
|move|p1a: Weezing|Fire Blast|p2a: Corviknight
|-supereffective|p2a: Corviknight
|-damage|p2a: Corviknight|0 fnt
|faint|p2a: Corviknight
|
|-heal|p1a: Weezing|80/100|[from] item: Leftovers
|upkeep
|
|t:|1760778936
|switch|p2a: Lokix|Lokix, M, tera:Bug|100/100
|turn|30
|c|☆MagicalPumpkinpie|What r u doing???
|
|t:|1760778944
|move|p2a: Lokix|Knock Off|p1a: Weezing
|-resisted|p1a: Weezing
|-damage|p1a: Weezing|24/100
|-enditem|p1a: Weezing|Leftovers|[from] move: Knock Off|[of] p2a: Lokix
|move|p1a: Weezing|Clear Smog|p2a: Lokix
|-damage|p2a: Lokix|57/100
|-clearboost|p2a: Lokix
|
|upkeep
|turn|31
|
|t:|1760778957
|move|p2a: Lokix|Knock Off|p1a: Weezing
|-resisted|p1a: Weezing
|-damage|p1a: Weezing|0 fnt
|faint|p1a: Weezing
|
|upkeep
|
|t:|1760778959
|switch|p1a: Cyclizar|Cyclizar, M|100/100
|turn|32
|c|☆MagicalPumpkinpie|Gg
|
|t:|1760778976
|move|p1a: Cyclizar|Overheat|p2a: Lokix
|-supereffective|p2a: Lokix
|-damage|p2a: Lokix|0 fnt
|-unboost|p1a: Cyclizar|spa|2
|faint|p2a: Lokix
|
|win|MagicalPumpkinpie
|raw|MagicalPumpkinpie's rating: 1114 &rarr; <strong>1141</strong><br />(+27 for winning)
|raw|FZPIR's rating: 1139 &rarr; <strong>1112</strong><br />(-27 for losing)
|l|☆FZPIR
|player|p2|
|l|☆MagicalPumpkinpie
|player|p1|
