|j|☆KuroNoTamashi
|j|☆RaeRae0
|t:|1760788978
|gametype|singles
|player|p1|KuroNoTamashi|102|1342
|player|p2|RaeRae0|lass|1402
|gen|9
|tier|[Gen 9] OU
|rated|
|rule|HP Percentage Mod: HP is shown in percentages
|rule|Endless Battle Clause: Forcing endless battles is banned
|rule|Species Clause: Limit one of each Pokémon
|rule|OHKO Clause: OHKO moves are banned
|rule|Evasion Items Clause: Evasion items are banned
|rule|Evasion Moves Clause: Evasion moves are banned
|rule|Evasion Abilities Clause: Evasion abilities are banned
|rule|Sleep Moves Clause: Sleep-inducing moves are banned
|clearpoke
|poke|p1|Ursaluna, F|
|poke|p1|Mimikyu, M|
|poke|p1|Hatterene, F|
|poke|p1|Copperajah, F|
|poke|p1|Crawdaunt, M|
|poke|p1|Hoopa|
|poke|p2|Ogerpon-Wellspring, F|
|poke|p2|Raging Bolt|
|poke|p2|Cinderace, F|
|poke|p2|Zamazenta-*|
|poke|p2|Iron Crown|
|poke|p2|Landorus-Therian, M|
|teampreview
|
|t:|1760788992
|teamsize|p1|6
|teamsize|p2|6
|start
|switch|p1a: Hoopa|Hoopa|100/100
|switch|p2a: Larè|Iron Crown|100/100
|turn|1
|
|t:|1760788998
|move|p2a: Larè|Volt Switch|p1a: Hoopa
|-damage|p1a: Hoopa|84/100
|
|t:|1760789006
|-end|p2a: Larè|Quark Drive|[silent]
|switch|p2a: Eschrud|Landorus-Therian, M|100/100|[from] Volt Switch
|-ability|p2a: Eschrud|Intimidate|boost
|-unboost|p1a: Hoopa|atk|1
|move|p1a: Hoopa|Trick Room|p1a: Hoopa
|-fieldstart|move: Trick Room|[of] p1a: Hoopa
|
|upkeep
|turn|2
|
|t:|1760789010
|move|p1a: Hoopa|Shadow Ball|p2a: Eschrud
|-damage|p2a: Eschrud|28/100
|-unboost|p2a: Eschrud|spd|1
|move|p2a: Eschrud|U-turn|p1a: Hoopa
|-damage|p1a: Hoopa|47/100
|
|t:|1760789025
|switch|p2a: Maraw|Cinderace, F|100/100|[from] U-turn
|
|upkeep
|turn|3
|
|t:|1760789028
|switch|p1a: Ursaluna|Ursaluna, F, shiny|100/100
|move|p2a: Maraw|U-turn|p1a: Ursaluna
|-damage|p1a: Ursaluna|86/100
|
|t:|1760789035
|switch|p2a: Eschrud|Landorus-Therian, M|28/100|[from] U-turn
|-ability|p2a: Eschrud|Intimidate|boost
|-unboost|p1a: Ursaluna|atk|1
|
|-status|p1a: Ursaluna|brn|[from] item: Flame Orb
|upkeep
|turn|4
|
|t:|1760789044
|switch|p2a: Larè|Iron Crown|100/100
|move|p1a: Ursaluna|Facade|p2a: Larè
|-resisted|p2a: Larè
|-damage|p2a: Larè|59/100
|
|-damage|p1a: Ursaluna|80/100 brn|[from] brn
|upkeep
|turn|5
|
|t:|1760789048
|-end|p2a: Larè|Quark Drive|[silent]
|switch|p2a: Eschrud|Landorus-Therian, M|28/100
|-ability|p2a: Eschrud|Intimidate|boost
|-unboost|p1a: Ursaluna|atk|1
|move|p1a: Ursaluna|Fire Punch|p2a: Eschrud
|-damage|p2a: Eschrud|0 fnt
|faint|p2a: Eschrud
|
|-damage|p1a: Ursaluna|74/100 brn|[from] brn
|-fieldend|move: Trick Room
|upkeep
|
|t:|1760789054
|switch|p2a: Kè-pon|Ogerpon-Wellspring, F|100/100
|turn|6
|
|t:|1760789058
|switch|p1a: Hoopa|Hoopa|47/100
|move|p2a: Kè-pon|Trailblaze|p1a: Hoopa
|-crit|p1a: Hoopa
|-damage|p1a: Hoopa|0 fnt
|-boost|p2a: Kè-pon|spe|1
|faint|p1a: Hoopa
|
|upkeep
|
|t:|1760789061
|switch|p1a: Hatterene|Hatterene, F|100/100
|turn|7
|
|t:|1760789066
|move|p2a: Kè-pon|Ivy Cudgel|p1a: Hatterene|[anim] Ivy Cudgel Water
|-damage|p1a: Hatterene|40/100
|move|p1a: Hatterene|Trick Room|p1a: Hatterene
|-fieldstart|move: Trick Room|[of] p1a: Hatterene
|
|upkeep
|turn|8
|
|t:|1760789085
|switch|p2a: Larè|Iron Crown|59/100
|move|p1a: Hatterene|Misty Explosion|p2a: Larè
|-resisted|p2a: Larè
|-damage|p2a: Larè|38/100
|faint|p1a: Hatterene
|
|upkeep
|
|t:|1760789088
|switch|p1a: Ursaluna|Ursaluna, F, shiny|74/100 brn
|turn|9
|
|t:|1760789093
|move|p1a: Ursaluna|Headlong Rush|p2a: Larè
|-supereffective|p2a: Larè
|-damage|p2a: Larè|0 fnt
|-unboost|p1a: Ursaluna|def|1
|-unboost|p1a: Ursaluna|spd|1
|faint|p2a: Larè
|-end|p2a: Larè|Quark Drive|[silent]
|
|-damage|p1a: Ursaluna|68/100 brn|[from] brn
|upkeep
|
|t:|1760789101
|switch|p2a: Sturdè|Zamazenta|100/100
|-ability|p2a: Sturdè|Dauntless Shield|boost
|-boost|p2a: Sturdè|def|1
|turn|10
|
|t:|1760789104
|-terastallize|p1a: Ursaluna|Normal
|move|p1a: Ursaluna|Facade|p2a: Sturdè
|-damage|p2a: Sturdè|0 fnt
|faint|p2a: Sturdè
|
|-damage|p1a: Ursaluna|61/100 brn|[from] brn
|upkeep
|
|t:|1760789116
|switch|p2a: Olilie|Raging Bolt|100/100
|turn|11
|
|t:|1760789119
|switch|p1a: Copperajah|Copperajah, F, shiny|100/100
|move|p2a: Olilie|Thunderclap||[still]
|-fail|p2a: Olilie
|
|-fieldend|move: Trick Room
|upkeep
|turn|12
|
|t:|1760789128
|-end|p2a: Olilie|Protosynthesis|[silent]
|switch|p2a: Kè-pon|Ogerpon-Wellspring, F|100/100
|move|p1a: Copperajah|Earthquake|p2a: Kè-pon
|-resisted|p2a: Kè-pon
|-crit|p2a: Kè-pon
|-damage|p2a: Kè-pon|57/100
|-damage|p1a: Copperajah|91/100|[from] item: Life Orb
|
|upkeep
|turn|13
|
|t:|1760789134
|move|p2a: Kè-pon|Synthesis|p2a: Kè-pon
|-heal|p2a: Kè-pon|100/100
|move|p1a: Copperajah|Heat Crash|p2a: Kè-pon
|-damage|p2a: Kè-pon|30/100
|-damage|p1a: Copperajah|81/100|[from] item: Life Orb
|
|upkeep
|turn|14
|
|t:|1760789138
|switch|p2a: Maraw|Cinderace, F|100/100
|move|p1a: Copperajah|Heat Crash|p2a: Maraw
|-resisted|p2a: Maraw
|-damage|p2a: Maraw|65/100
|-damage|p1a: Copperajah|71/100|[from] item: Life Orb
|
|upkeep
|turn|15
|
|t:|1760789141
|switch|p1a: Crawdaunt|Crawdaunt, M|100/100
|move|p2a: Maraw|Will-O-Wisp|p1a: Crawdaunt
|-status|p1a: Crawdaunt|brn
|
|-damage|p1a: Crawdaunt|94/100 brn|[from] brn
|upkeep
|turn|16
|
|t:|1760789144
|move|p2a: Maraw|U-turn|p1a: Crawdaunt
|-supereffective|p1a: Crawdaunt
|-damage|p1a: Crawdaunt|51/100 brn
|
|t:|1760789146
|switch|p2a: Kè-pon|Ogerpon-Wellspring, F|30/100|[from] U-turn
|move|p1a: Crawdaunt|Knock Off|p2a: Kè-pon
|-damage|p2a: Kè-pon|0 fnt
|faint|p2a: Kè-pon
|
|-damage|p1a: Crawdaunt|45/100 brn|[from] brn
|upkeep
|
|t:|1760789151
|switch|p2a: Maraw|Cinderace, F|65/100
|turn|17
|
|t:|1760789156
|move|p2a: Maraw|U-turn|p1a: Crawdaunt
|-supereffective|p1a: Crawdaunt
|-damage|p1a: Crawdaunt|4/100 brn
|
|t:|1760789158
|switch|p2a: Olilie|Raging Bolt|100/100|[from] U-turn
|move|p1a: Crawdaunt|Knock Off|p2a: Olilie
|-damage|p2a: Olilie|64/100
|-enditem|p2a: Olilie|Leftovers|[from] move: Knock Off|[of] p1a: Crawdaunt
|
|-damage|p1a: Crawdaunt|0 fnt|[from] brn
|faint|p1a: Crawdaunt
|upkeep
|
|t:|1760789164
|switch|p1a: Mimikyu|Mimikyu, M|100/100
|turn|18
|
|t:|1760789167
|move|p2a: Olilie|Thunderbolt|p1a: Mimikyu
|-activate|p1a: Mimikyu|ability: Disguise
|-damage|p1a: Mimikyu|100/100
|detailschange|p1a: Mimikyu|Mimikyu-Busted, M
|-damage|p1a: Mimikyu|88/100|[from] pokemon: Mimikyu-Busted
|move|p1a: Mimikyu|Trick Room|p1a: Mimikyu
|-fieldstart|move: Trick Room|[of] p1a: Mimikyu
|
|upkeep
|turn|19
|
|t:|1760789171
|-end|p2a: Olilie|Protosynthesis|[silent]
|switch|p2a: Maraw|Cinderace, F|65/100
|move|p1a: Mimikyu|Curse|p2a: Maraw
|-start|p2a: Maraw|Curse|[of] p1a: Mimikyu
|-damage|p1a: Mimikyu|38/100
|
|-damage|p2a: Maraw|41/100|[from] Curse
|upkeep
|turn|20
|
|t:|1760789177
|move|p1a: Mimikyu|Shadow Sneak|p2a: Maraw
|-damage|p2a: Maraw|19/100
|move|p2a: Maraw|Will-O-Wisp|p1a: Mimikyu|[miss]
|-miss|p2a: Maraw|p1a: Mimikyu
|
|-damage|p2a: Maraw|0 fnt|[from] Curse
|faint|p2a: Maraw
|upkeep
|
|t:|1760789180
|switch|p2a: Olilie|Raging Bolt|64/100
|turn|21
|
|t:|1760789185
|-terastallize|p2a: Olilie|Fairy
|move|p1a: Mimikyu|Curse|p2a: Olilie
|-start|p2a: Olilie|Curse|[of] p1a: Mimikyu
|-damage|p1a: Mimikyu|0 fnt
|faint|p1a: Mimikyu
|move|p2a: Olilie|Calm Mind|p2a: Olilie
|-boost|p2a: Olilie|spa|1
|-boost|p2a: Olilie|spd|1
|
|-damage|p2a: Olilie|39/100|[from] Curse
|upkeep
|
|t:|1760789188
|switch|p1a: Copperajah|Copperajah, F, shiny|71/100
|turn|22
|
|t:|1760789192
|move|p2a: Olilie|Thunderclap|p1a: Copperajah
|-damage|p1a: Copperajah|17/100
|move|p1a: Copperajah|Iron Head|p2a: Olilie
|-supereffective|p2a: Olilie
|-damage|p2a: Olilie|0 fnt
|faint|p2a: Olilie
|-end|p2a: Olilie|Protosynthesis|[silent]
|
|win|KuroNoTamashi
|raw|KuroNoTamashi's rating: 1342 &rarr; <strong>1365</strong><br />(+23 for winning)
|raw|RaeRae0's rating: 1402 &rarr; <strong>1379</strong><br />(-23 for losing)
|l|☆RaeRae0
|player|p2|
|l|☆KuroNoTamashi
|player|p1|
|j|☆KuroNoTamashi
|player|p1|KuroNoTamashi|102|
