|j|☆vacineee
|j|☆kuraiyagare
|t:|1769394701
|gametype|singles
|player|p1|vacineee|parasollady-gen4|1331
|player|p2|kuraiyagare|mars|1327
|gen|9
|tier|[Gen 9] OU
|rated|
|rule|HP Percentage Mod: HP is shown in percentages
|rule|Endless Battle Clause: Forcing endless battles is banned
|rule|Species Clause: Limit one of each Pokémon
|rule|OHKO Clause: OHKO moves are banned
|rule|Evasion Items Clause: Evasion items are banned
|rule|Evasion Moves Clause: Evasion moves are banned
|rule|Evasion Abilities Clause: Evasion abilities are banned
|rule|Sleep Moves Clause: Sleep-inducing moves are banned
|clearpoke
|poke|p1|Hoopa-Unbound|
|poke|p1|Rillaboom, F|
|poke|p1|Iron Hands|
|poke|p1|Clodsire, M|
|poke|p1|Toxapex, M|
|poke|p1|Heatran, M|
|poke|p2|Bastiodon, M|
|poke|p2|Gardevoir, M|
|poke|p2|Talonflame, M|
|poke|p2|Drifblim, F|
|poke|p2|Gyarados, M|
|poke|p2|Houndoom, M|
|teampreview
|
|t:|1769394728
|teamsize|p1|6
|teamsize|p2|6
|start
|switch|p1a: Rillaboom|Rillaboom, F|100/100
|switch|p2a: motto sukunai|Houndoom, M|100/100
|-fieldstart|move: Grassy Terrain|[from] ability: Grassy Surge|[of] p1a: Rillaboom
|turn|1
|inactive|Battle timer is ON: inactive players will automatically lose when time's up. (requested by vacineee)
|
|t:|1769394763
|switch|p1a: Heatran|Heatran, M|100/100
|-item|p1a: Heatran|Air Balloon
|move|p2a: motto sukunai|Counter||[still]
|-fail|p2a: motto sukunai
|
|upkeep
|turn|2
|
|t:|1769394769
|move|p2a: motto sukunai|Dark Pulse|p1a: Heatran
|-damage|p1a: Heatran|76/100
|-enditem|p1a: Heatran|Air Balloon
|move|p1a: Heatran|Stealth Rock|p2a: motto sukunai
|-sidestart|p2: kuraiyagare|move: Stealth Rock
|
|-heal|p1a: Heatran|82/100|[from] Grassy Terrain
|upkeep
|turn|3
|inactive|kuraiyagare has 120 seconds left.
|
|t:|1769394811
|move|p2a: motto sukunai|Dark Pulse|p1a: Heatran
|-crit|p1a: Heatran
|-damage|p1a: Heatran|48/100
|cant|p1a: Heatran|flinch
|
|-heal|p1a: Heatran|54/100|[from] Grassy Terrain
|upkeep
|turn|4
|
|t:|1769394818
|move|p2a: motto sukunai|Dark Pulse|p1a: Heatran
|-damage|p1a: Heatran|30/100
|move|p1a: Heatran|Earth Power|p2a: motto sukunai
|-supereffective|p2a: motto sukunai
|-damage|p2a: motto sukunai|24/100
|
|-heal|p2a: motto sukunai|30/100|[from] Grassy Terrain
|-heal|p1a: Heatran|37/100|[from] Grassy Terrain
|upkeep
|turn|5
|inactive|kuraiyagare has 120 seconds left.
|
|t:|1769394844
|switch|p1a: Toxapex|Toxapex, M|100/100
|move|p2a: motto sukunai|Destiny Bond|p2a: motto sukunai
|-singlemove|p2a: motto sukunai|Destiny Bond
|
|-heal|p2a: motto sukunai|36/100|[from] Grassy Terrain
|upkeep
|turn|6
|
|t:|1769394853
|move|p1a: Toxapex|Surf|p2a: motto sukunai
|-supereffective|p2a: motto sukunai
|-damage|p2a: motto sukunai|0 fnt
|faint|p2a: motto sukunai
|-activate|p2a: motto sukunai|move: Destiny Bond
|faint|p1a: Toxapex
|
|upkeep
|
|t:|1769394881
|switch|p2a: Vatra|Talonflame, M|100/100
|switch|p1a: Hoopa|Hoopa-Unbound|100/100
|-enditem|p1a: Hoopa|Grassy Seed
|-boost|p1a: Hoopa|def|1|[from] item: Grassy Seed
|turn|7
|
|t:|1769394884
|move|p2a: Vatra|Will-O-Wisp|p1a: Hoopa
|-status|p1a: Hoopa|brn
|move|p1a: Hoopa|Psychic Noise|p2a: Vatra
|-damage|p2a: Vatra|25/100
|-start|p2a: Vatra|move: Heal Block
|-item|p1a: Hoopa|Heavy-Duty Boots|[from] ability: Magician|[of] p2a: Vatra
|
|-damage|p1a: Hoopa|94/100 brn|[from] brn
|upkeep
|turn|8
|
|t:|1769394889
|move|p2a: Vatra|Defog|p1a: Hoopa
|-unboost|p1a: Hoopa|evasion|1
|-sideend|p2: kuraiyagare|Stealth Rock|[from] move: Defog|[of] p2a: Vatra
|-fieldend|move: Grassy Terrain
|move|p1a: Hoopa|Dark Pulse|p2a: Vatra
|-damage|p2a: Vatra|0 fnt
|faint|p2a: Vatra
|
|-damage|p1a: Hoopa|88/100 brn|[from] brn
|upkeep
|
|t:|1769394900
|switch|p2a: Gardenia|Gardevoir, M|100/100
|-ability|p2a: Gardenia|Magician|Trace|[from] ability: Trace|[of] p1a: Hoopa
|turn|9
|
|t:|1769394909
|move|p2a: Gardenia|Moonblast|p1a: Hoopa
|-supereffective|p1a: Hoopa
|-damage|p1a: Hoopa|6/100 brn
|move|p1a: Hoopa|Dark Pulse|p2a: Gardenia
|-damage|p2a: Gardenia|36/100
|
|-damage|p1a: Hoopa|0 fnt|[from] brn
|faint|p1a: Hoopa
|upkeep
|
|t:|1769394917
|switch|p1a: Rillaboom|Rillaboom, F|100/100
|-fieldstart|move: Grassy Terrain|[from] ability: Grassy Surge|[of] p1a: Rillaboom
|turn|10
|
|t:|1769394924
|switch|p2a: Bastiodon|Bastiodon, M|100/100
|move|p1a: Rillaboom|Grassy Glide|p2a: Bastiodon
|-damage|p2a: Bastiodon|78/100
|
|-heal|p2a: Bastiodon|84/100|[from] Grassy Terrain
|upkeep
|turn|11
|
|t:|1769394948
|move|p1a: Rillaboom|Low Kick|p2a: Bastiodon
|-supereffective|p2a: Bastiodon
|-damage|p2a: Bastiodon|8/100
|move|p2a: Bastiodon|Stealth Rock|p1a: Rillaboom
|-sidestart|p1: vacineee|move: Stealth Rock
|
|-heal|p2a: Bastiodon|14/100|[from] Grassy Terrain
|upkeep
|turn|12
|inactive|kuraiyagare has 120 seconds left.
|
|t:|1769395003
|move|p1a: Rillaboom|Low Kick|p2a: Bastiodon
|-supereffective|p2a: Bastiodon
|-damage|p2a: Bastiodon|0 fnt
|faint|p2a: Bastiodon
|
|upkeep
|
|t:|1769395007
|switch|p2a: drifflim|Drifblim, F|100/100
|turn|13
|
|t:|1769395013
|switch|p1a: Heatran|Heatran, M|37/100
|-damage|p1a: Heatran|24/100|[from] Stealth Rock
|move|p2a: drifflim|Calm Mind|p2a: drifflim
|-boost|p2a: drifflim|spa|1
|-boost|p2a: drifflim|spd|1
|
|-heal|p1a: Heatran|30/100|[from] Grassy Terrain
|upkeep
|turn|14
|
|t:|1769395016
|move|p2a: drifflim|Shadow Ball|p1a: Heatran
|-damage|p1a: Heatran|0 fnt
|faint|p1a: Heatran
|
|upkeep
|
|t:|1769395022
|switch|p1a: Clodsire|Clodsire, M|100/100
|-damage|p1a: Clodsire|94/100|[from] Stealth Rock
|turn|15
|inactive|kuraiyagare has 120 seconds left.
|
|t:|1769395043
|move|p2a: drifflim|Shadow Ball|p1a: Clodsire
|-damage|p1a: Clodsire|70/100
|move|p1a: Clodsire|Toxic|p2a: drifflim
|-status|p2a: drifflim|tox
|
|-heal|p1a: Clodsire|76/100|[from] Grassy Terrain
|-heal|p1a: Clodsire|83/100|[from] item: Leftovers
|-damage|p2a: drifflim|94/100 tox|[from] psn
|upkeep
|turn|16
|inactive|kuraiyagare has 120 seconds left.
|
|t:|1769395066
|switch|p2a: Gardenia|Gardevoir, M|36/100
|-ability|p2a: Gardenia|Unaware|Trace|[from] ability: Trace|[of] p1a: Clodsire
|move|p1a: Clodsire|Recover|p1a: Clodsire
|-heal|p1a: Clodsire|100/100
|
|-heal|p2a: Gardenia|42/100|[from] Grassy Terrain
|upkeep
|turn|17
|inactive|kuraiyagare has 120 seconds left.
|
|t:|1769395091
|-terastallize|p1a: Clodsire|Steel
|move|p2a: Gardenia|Psyshock|p1a: Clodsire
|-resisted|p1a: Clodsire
|-damage|p1a: Clodsire|83/100
|move|p1a: Clodsire|Poison Jab|p2a: Gardenia
|-supereffective|p2a: Gardenia
|-crit|p2a: Gardenia
|-damage|p2a: Gardenia|0 fnt
|faint|p2a: Gardenia
|
|-heal|p1a: Clodsire|90/100|[from] Grassy Terrain
|-heal|p1a: Clodsire|96/100|[from] item: Leftovers
|-fieldend|move: Grassy Terrain
|upkeep
|
|t:|1769395097
|switch|p2a: ue shita|Gyarados, M|100/100
|turn|18
|
|t:|1769395106
|move|p2a: ue shita|Waterfall|p1a: Clodsire
|-damage|p1a: Clodsire|66/100
|move|p1a: Clodsire|Toxic|p2a: ue shita|[miss]
|-miss|p1a: Clodsire|p2a: ue shita
|
|-heal|p1a: Clodsire|72/100|[from] item: Leftovers
|upkeep
|turn|19
|inactive|kuraiyagare has 90 seconds left.
|
|t:|1769395139
|move|p2a: ue shita|Earthquake|p1a: Clodsire
|-supereffective|p1a: Clodsire
|-damage|p1a: Clodsire|18/100
|move|p1a: Clodsire|Toxic|p2a: ue shita
|-status|p2a: ue shita|tox
|
|-heal|p1a: Clodsire|24/100|[from] item: Leftovers
|-damage|p2a: ue shita|94/100 tox|[from] psn
|upkeep
|turn|20
|
|t:|1769395155
|switch|p1a: Rillaboom|Rillaboom, F|100/100
|-damage|p1a: Rillaboom|88/100|[from] Stealth Rock
|-fieldstart|move: Grassy Terrain|[from] ability: Grassy Surge|[of] p1a: Rillaboom
|move|p2a: ue shita|Waterfall|p1a: Rillaboom
|-resisted|p1a: Rillaboom
|-damage|p1a: Rillaboom|67/100
|
|-heal|p2a: ue shita|100/100 tox|[from] item: Leftovers
|-heal|p1a: Rillaboom|73/100|[from] Grassy Terrain
|-damage|p2a: ue shita|88/100 tox|[from] psn
|upkeep
|turn|21
|
|t:|1769395160
|move|p2a: ue shita|Ice Fang|p1a: Rillaboom
|-supereffective|p1a: Rillaboom
|-damage|p1a: Rillaboom|28/100
|move|p1a: Rillaboom|U-turn|p2a: ue shita
|-resisted|p2a: ue shita
|-damage|p2a: ue shita|73/100 tox
|
|t:|1769395162
|switch|p1a: Clodsire|Clodsire, M, tera:Steel|24/100|[from] U-turn
|-damage|p1a: Clodsire|18/100|[from] Stealth Rock
|
|-heal|p2a: ue shita|79/100 tox|[from] item: Leftovers
|-heal|p1a: Clodsire|24/100|[from] Grassy Terrain
|-heal|p1a: Clodsire|30/100|[from] item: Leftovers
|-damage|p2a: ue shita|61/100 tox|[from] psn
|upkeep
|turn|22
|
|t:|1769395166
|move|p2a: ue shita|Waterfall|p1a: Clodsire
|-damage|p1a: Clodsire|0 fnt
|faint|p1a: Clodsire
|-ability|p2a: ue shita|Moxie|boost
|-boost|p2a: ue shita|atk|1
|
|-heal|p2a: ue shita|67/100 tox|[from] item: Leftovers
|-damage|p2a: ue shita|43/100 tox|[from] psn
|upkeep
|
|t:|1769395169
|switch|p1a: Iron Hands|Iron Hands, shiny|100/100
|-damage|p1a: Iron Hands|94/100|[from] Stealth Rock
|turn|23
|
|t:|1769395180
|move|p2a: ue shita|Earthquake|p1a: Iron Hands
|-supereffective|p1a: Iron Hands
|-damage|p1a: Iron Hands|55/100
|move|p1a: Iron Hands|Wild Charge|p2a: ue shita
|-supereffective|p2a: ue shita
|-damage|p2a: ue shita|0 fnt
|faint|p2a: ue shita
|-damage|p1a: Iron Hands|47/100|[from] Recoil
|
|-heal|p1a: Iron Hands|54/100|[from] Grassy Terrain
|upkeep
|
|t:|1769395183
|switch|p2a: drifflim|Drifblim, F|94/100 tox
|turn|24
|
|t:|1769395210
|-terastallize|p2a: drifflim|Fighting
|move|p2a: drifflim|Calm Mind|p2a: drifflim
|-boost|p2a: drifflim|spa|1
|-boost|p2a: drifflim|spd|1
|move|p1a: Iron Hands|Wild Charge|p2a: drifflim
|-damage|p2a: drifflim|30/100 tox
|-damage|p1a: Iron Hands|38/100|[from] Recoil
|
|-heal|p2a: drifflim|36/100 tox|[from] Grassy Terrain
|-heal|p1a: Iron Hands|44/100|[from] Grassy Terrain
|-damage|p2a: drifflim|30/100 tox|[from] psn
|upkeep
|turn|25
|inactive|kuraiyagare has 120 seconds left.
|
|t:|1769395247
|move|p2a: drifflim|Strength Sap|p1a: Iron Hands
|-unboost|p1a: Iron Hands|atk|1
|-heal|p2a: drifflim|100/100 tox
|move|p1a: Iron Hands|Wild Charge|p2a: drifflim
|-damage|p2a: drifflim|58/100 tox
|-damage|p1a: Iron Hands|33/100|[from] Recoil
|
|-heal|p2a: drifflim|64/100 tox|[from] Grassy Terrain
|-heal|p1a: Iron Hands|40/100|[from] Grassy Terrain
|-damage|p2a: drifflim|52/100 tox|[from] psn
|upkeep
|turn|26
|
|t:|1769395260
|move|p2a: drifflim|Strength Sap|p1a: Iron Hands
|-unboost|p1a: Iron Hands|atk|1
|-heal|p2a: drifflim|100/100 tox
|move|p1a: Iron Hands|Wild Charge|p2a: drifflim
|-damage|p2a: drifflim|67/100 tox
|-damage|p1a: Iron Hands|31/100|[from] Recoil
|
|-heal|p2a: drifflim|73/100 tox|[from] Grassy Terrain
|-heal|p1a: Iron Hands|38/100|[from] Grassy Terrain
|-damage|p2a: drifflim|55/100 tox|[from] psn
|upkeep
|turn|27
|
|t:|1769395281
|move|p2a: drifflim|Shadow Ball|p1a: Iron Hands
|-damage|p1a: Iron Hands|0 fnt
|faint|p1a: Iron Hands
|-end|p1a: Iron Hands|Quark Drive|[silent]
|
|-heal|p2a: drifflim|61/100 tox|[from] Grassy Terrain
|-damage|p2a: drifflim|37/100 tox|[from] psn
|-fieldend|move: Grassy Terrain
|upkeep
|
|t:|1769395297
|switch|p1a: Rillaboom|Rillaboom, F|28/100
|-damage|p1a: Rillaboom|16/100|[from] Stealth Rock
|-fieldstart|move: Grassy Terrain|[from] ability: Grassy Surge|[of] p1a: Rillaboom
|turn|28
|
|t:|1769395300
|move|p1a: Rillaboom|Grassy Glide|p2a: drifflim
|-damage|p2a: drifflim|0 fnt
|faint|p2a: drifflim
|
|win|vacineee
|raw|vacineee's rating: 1351 &rarr; <strong>1370</strong><br />(+19 for winning)
|raw|kuraiyagare's rating: 1327 &rarr; <strong>1308</strong><br />(-19 for losing)
|l|☆vacineee
|player|p1|
|l|☆kuraiyagare
|player|p2|
