|j|☆dfcgvbh
|j|☆1337muffin1337
|t:|1769423509
|gametype|singles
|player|p1|dfcgvbh|170|1236
|player|p2|1337muffin1337|misty|1214
|gen|9
|tier|[Gen 9] OU
|rated|
|rule|HP Percentage Mod: HP is shown in percentages
|rule|Endless Battle Clause: Forcing endless battles is banned
|rule|Species Clause: Limit one of each Pokémon
|rule|OHKO Clause: OHKO moves are banned
|rule|Evasion Items Clause: Evasion items are banned
|rule|Evasion Moves Clause: Evasion moves are banned
|rule|Evasion Abilities Clause: Evasion abilities are banned
|rule|Sleep Moves Clause: Sleep-inducing moves are banned
|clearpoke
|poke|p1|Magnezone|
|poke|p1|Zarude|
|poke|p1|Gliscor, M|
|poke|p1|Arcanine-Hisui, F|
|poke|p1|Azumarill, F|
|poke|p1|Gengar, M|
|poke|p2|Volcanion|
|poke|p2|Lapras, F|
|poke|p2|Azelf|
|poke|p2|Darkrai|
|poke|p2|Garchomp, F|
|poke|p2|Conkeldurr, M|
|teampreview
|inactive|Battle timer is ON: inactive players will automatically lose when time's up. (requested by 1337muffin1337)
|
|t:|1769423521
|teamsize|p1|6
|teamsize|p2|6
|start
|switch|p1a: Azumarill|Azumarill, F|100/100
|switch|p2a: Azelf|Azelf, shiny|100/100
|turn|1
|
|t:|1769423528
|move|p2a: Azelf|Thunderbolt|p1a: Azumarill
|-supereffective|p1a: Azumarill
|-damage|p1a: Azumarill|29/100
|-enditem|p1a: Azumarill|Sitrus Berry|[eat]
|-heal|p1a: Azumarill|54/100|[from] item: Sitrus Berry
|move|p1a: Azumarill|Play Rough|p2a: Azelf
|-damage|p2a: Azelf|17/100
|
|upkeep
|turn|2
|
|t:|1769423537
|move|p1a: Azumarill|Aqua Jet|p2a: Azelf
|-damage|p2a: Azelf|0 fnt
|faint|p2a: Azelf
|
|upkeep
|
|t:|1769423546
|switch|p2a: Lapras|Lapras, F, shiny|100/100
|turn|3
|
|t:|1769423557
|move|p2a: Lapras|Freeze-Dry|p1a: Azumarill
|-supereffective|p1a: Azumarill
|-damage|p1a: Azumarill|1/100
|move|p1a: Azumarill|Play Rough|p2a: Lapras
|-damage|p2a: Lapras|51/100
|
|upkeep
|turn|4
|
|t:|1769423567
|move|p2a: Lapras|Freeze-Dry|p1a: Azumarill
|-supereffective|p1a: Azumarill
|-damage|p1a: Azumarill|0 fnt
|faint|p1a: Azumarill
|
|upkeep
|
|t:|1769423573
|switch|p1a: Arcanine|Arcanine-Hisui, F|100/100
|-ability|p1a: Arcanine|Intimidate|boost
|-unboost|p2a: Lapras|atk|1
|turn|5
|
|t:|1769423581
|move|p1a: Arcanine|Rock Slide|p2a: Lapras
|-supereffective|p2a: Lapras
|-damage|p2a: Lapras|0 fnt
|faint|p2a: Lapras
|
|upkeep
|
|t:|1769423586
|switch|p2a: Conkeldurr|Conkeldurr, M|100/100
|turn|6
|inactive|dfcgvbh has 120 seconds left.
|
|t:|1769423618
|move|p1a: Arcanine|Flare Blitz|p2a: Conkeldurr
|-damage|p2a: Conkeldurr|50/100
|-damage|p1a: Arcanine|80/100|[from] Recoil
|move|p2a: Conkeldurr|Drain Punch|p1a: Arcanine
|-supereffective|p1a: Arcanine
|-damage|p1a: Arcanine|0 fnt
|-heal|p2a: Conkeldurr|81/100|[from] drain|[of] p1a: Arcanine
|faint|p1a: Arcanine
|
|upkeep
|inactive|dfcgvbh has 120 seconds left.
|
|t:|1769423624
|switch|p1a: Gengar|Gengar, M|100/100
|turn|7
|
|t:|1769423649
|-terastallize|p2a: Conkeldurr|Dark
|move|p1a: Gengar|Sludge Bomb|p2a: Conkeldurr
|-damage|p2a: Conkeldurr|22/100
|move|p2a: Conkeldurr|Knock Off|p1a: Gengar
|-supereffective|p1a: Gengar
|-damage|p1a: Gengar|0 fnt
|-enditem|p1a: Gengar|Choice Scarf|[from] move: Knock Off|[of] p2a: Conkeldurr
|faint|p1a: Gengar
|
|upkeep
|inactive|dfcgvbh has 120 seconds left.
|
|t:|1769423666
|switch|p1a: Gliscor|Gliscor, M|100/100
|turn|8
|
|t:|1769423668
|move|p1a: Gliscor|Protect|p1a: Gliscor
|-singleturn|p1a: Gliscor|Protect
|move|p2a: Conkeldurr|Ice Punch|p1a: Gliscor
|-activate|p1a: Gliscor|move: Protect
|
|-status|p1a: Gliscor|tox|[from] item: Toxic Orb
|upkeep
|turn|9
|inactive|dfcgvbh has 120 seconds left.
|
|t:|1769423704
|move|p1a: Gliscor|Earthquake|p2a: Conkeldurr
|-damage|p2a: Conkeldurr|0 fnt
|faint|p2a: Conkeldurr
|
|upkeep
|
|t:|1769423709
|switch|p2a: Volcanion|Volcanion|100/100
|turn|10
|
|t:|1769423714
|move|p1a: Gliscor|Protect|p1a: Gliscor
|-singleturn|p1a: Gliscor|Protect
|move|p2a: Volcanion|Steam Eruption|p1a: Gliscor
|-activate|p1a: Gliscor|move: Protect
|
|upkeep
|turn|11
|
|t:|1769423719
|move|p1a: Gliscor|Earthquake|p2a: Volcanion
|-supereffective|p2a: Volcanion
|-damage|p2a: Volcanion|39/100
|move|p2a: Volcanion|Steam Eruption|p1a: Gliscor
|-supereffective|p1a: Gliscor
|-damage|p1a: Gliscor|0 fnt
|faint|p1a: Gliscor
|
|upkeep
|
|t:|1769423726
|switch|p1a: Zarude|Zarude|100/100
|turn|12
|
|t:|1769423729
|move|p1a: Zarude|Swords Dance|p1a: Zarude
|-boost|p1a: Zarude|atk|2
|move|p2a: Volcanion|Flamethrower|p1a: Zarude
|-supereffective|p1a: Zarude
|-enditem|p1a: Zarude|Focus Sash
|-damage|p1a: Zarude|1/100
|
|upkeep
|turn|13
|
|t:|1769423737
|move|p1a: Zarude|Petal Blizzard|p2a: Volcanion
|-damage|p2a: Volcanion|0 fnt
|faint|p2a: Volcanion
|
|upkeep
|
|t:|1769423746
|switch|p2a: Darkrai|Darkrai|100/100
|turn|14
|
|t:|1769423764
|move|p2a: Darkrai|Sludge Bomb|p1a: Zarude
|-supereffective|p1a: Zarude
|-crit|p1a: Zarude
|-damage|p1a: Zarude|0 fnt
|faint|p1a: Zarude
|
|upkeep
|
|t:|1769423766
|switch|p1a: Magnezone|Magnezone|100/100
|turn|15
|
|t:|1769423773
|move|p2a: Darkrai|Nasty Plot|p2a: Darkrai
|-boost|p2a: Darkrai|spa|2
|move|p1a: Magnezone|Thunderbolt|p2a: Darkrai
|-damage|p2a: Darkrai|10/100
|
|upkeep
|turn|16
|
|t:|1769423780
|move|p2a: Darkrai|Dark Pulse|p1a: Magnezone
|-damage|p1a: Magnezone|36/100
|move|p1a: Magnezone|Thunderbolt|p2a: Darkrai
|-damage|p2a: Darkrai|0 fnt
|faint|p2a: Darkrai
|
|upkeep
|
|t:|1769423786
|switch|p2a: Garchomp|Garchomp, F|100/100
|turn|17
|
|t:|1769423802
|-terastallize|p1a: Magnezone|Water
|move|p2a: Garchomp|Earthquake|p1a: Magnezone
|-damage|p1a: Magnezone|0 fnt
|faint|p1a: Magnezone
|
|win|1337muffin1337
|raw|dfcgvbh's rating: 1259 &rarr; <strong>1231</strong><br />(-28 for losing)
|raw|1337muffin1337's rating: 1214 &rarr; <strong>1242</strong><br />(+28 for winning)
|l|☆dfcgvbh
|player|p1|
|l|☆1337muffin1337
|player|p2|
