|j|☆zhaojindawang朝瑾
|j|☆bananahamockthe3rd
|t:|1769443594
|gametype|singles
|player|p1|zhaojindawang朝瑾|caitlin|1397
|player|p2|bananahamockthe3rd|170|1368
|gen|9
|tier|[Gen 9] OU
|rated|
|rule|HP Percentage Mod: HP is shown in percentages
|rule|Endless Battle Clause: Forcing endless battles is banned
|rule|Species Clause: Limit one of each Pokémon
|rule|OHKO Clause: OHKO moves are banned
|rule|Evasion Items Clause: Evasion items are banned
|rule|Evasion Moves Clause: Evasion moves are banned
|rule|Evasion Abilities Clause: Evasion abilities are banned
|rule|Sleep Moves Clause: Sleep-inducing moves are banned
|clearpoke
|poke|p1|Hatterene, F|
|poke|p1|Weezing-Galar, F|
|poke|p1|Dondozo, F|
|poke|p1|Gliscor, F|
|poke|p1|Clodsire, F|
|poke|p1|Volcanion|
|poke|p2|Cetitan, M|
|poke|p2|Skeledirge, F|
|poke|p2|Swampert, M|
|poke|p2|Ceruledge, F|
|poke|p2|Moltres-Galar|
|poke|p2|Goodra-Hisui, M|
|teampreview
|inactive|Battle timer is ON: inactive players will automatically lose when time's up. (requested by zhaojindawang朝瑾)
|inactive|zhaojindawang朝瑾 has 120 seconds left.
|
|t:|1769443624
|teamsize|p1|6
|teamsize|p2|6
|start
|switch|p1a: 飞天大蝙蝠|Gliscor, F|100/100
|switch|p2a: Cetitan|Cetitan, M, shiny|100/100
|turn|1
|
|t:|1769443638
|-terastallize|p1a: 飞天大蝙蝠|Water
|move|p1a: 飞天大蝙蝠|Toxic|p2a: Cetitan
|-status|p2a: Cetitan|tox
|move|p2a: Cetitan|Icicle Crash|p1a: 飞天大蝙蝠
|-resisted|p1a: 飞天大蝙蝠
|-damage|p1a: 飞天大蝙蝠|76/100
|
|-damage|p2a: Cetitan|94/100 tox|[from] psn
|-status|p1a: 飞天大蝙蝠|tox|[from] item: Toxic Orb
|upkeep
|turn|2
|
|t:|1769443649
|move|p1a: 飞天大蝙蝠|Knock Off|p2a: Cetitan
|-damage|p2a: Cetitan|76/100 tox
|-enditem|p2a: Cetitan|Assault Vest|[from] move: Knock Off|[of] p1a: 飞天大蝙蝠
|move|p2a: Cetitan|Play Rough|p1a: 飞天大蝙蝠
|-damage|p1a: 飞天大蝙蝠|44/100 tox
|
|-heal|p1a: 飞天大蝙蝠|57/100 tox|[from] ability: Poison Heal
|-damage|p2a: Cetitan|64/100 tox|[from] psn
|upkeep
|turn|3
|
|t:|1769443660
|switch|p2a: Goodra|Goodra-Hisui, M|100/100
|move|p1a: 飞天大蝙蝠|Protect||[still]
|-fail|p1a: 飞天大蝙蝠
|
|-heal|p1a: 飞天大蝙蝠|69/100 tox|[from] ability: Poison Heal
|upkeep
|turn|4
|
|t:|1769443676
|move|p1a: 飞天大蝙蝠|Earthquake|p2a: Goodra
|-supereffective|p2a: Goodra
|-damage|p2a: Goodra|39/100
|move|p2a: Goodra|Thunderbolt|p1a: 飞天大蝙蝠
|-supereffective|p1a: 飞天大蝙蝠
|-damage|p1a: 飞天大蝙蝠|17/100 tox
|
|-heal|p1a: 飞天大蝙蝠|29/100 tox|[from] ability: Poison Heal
|upkeep
|turn|5
|
|t:|1769443684
|move|p1a: 飞天大蝙蝠|Earthquake|p2a: Goodra
|-supereffective|p2a: Goodra
|-damage|p2a: Goodra|0 fnt
|faint|p2a: Goodra
|
|-heal|p1a: 飞天大蝙蝠|41/100 tox|[from] ability: Poison Heal
|upkeep
|
|t:|1769443691
|switch|p2a: Moltres|Moltres-Galar|100/100
|turn|6
|
|t:|1769443696
|switch|p1a: 黑太岁|Clodsire, F, shiny|100/100
|move|p2a: Moltres|Nasty Plot|p2a: Moltres
|-boost|p2a: Moltres|spa|2
|
|upkeep
|turn|7
|
|t:|1769443705
|switch|p2a: Cetitan|Cetitan, M, shiny|64/100 tox
|move|p1a: 黑太岁|Stealth Rock|p2a: Cetitan
|-sidestart|p2: bananahamockthe3rd|move: Stealth Rock
|
|-damage|p2a: Cetitan|58/100 tox|[from] psn
|upkeep
|turn|8
|
|t:|1769443714
|switch|p1a: Weezing|Weezing-Galar, F|100/100
|-ability|p1a: Weezing|Neutralizing Gas
|move|p2a: Cetitan|Liquidation|p1a: Weezing
|-damage|p1a: Weezing|82/100
|-damage|p2a: Cetitan|41/100 tox|[from] item: Rocky Helmet|[of] p1a: Weezing
|
|-damage|p2a: Cetitan|29/100 tox|[from] psn
|upkeep
|turn|9
|
|t:|1769443723
|move|p2a: Cetitan|Icicle Crash|p1a: Weezing
|-damage|p1a: Weezing|55/100
|cant|p1a: Weezing|flinch
|
|-damage|p2a: Cetitan|10/100 tox|[from] psn
|upkeep
|turn|10
|
|t:|1769443729
|move|p2a: Cetitan|Icicle Crash|p1a: Weezing
|-damage|p1a: Weezing|27/100
|move|p1a: Weezing|Strange Steam|p2a: Cetitan
|-damage|p2a: Cetitan|0 fnt
|faint|p2a: Cetitan
|
|upkeep
|
|t:|1769443739
|switch|p2a: Swampert|Swampert, M|100/100
|-damage|p2a: Swampert|94/100|[from] Stealth Rock
|turn|11
|
|t:|1769443743
|move|p2a: Swampert|Stealth Rock|p1a: Weezing
|-sidestart|p1: zhaojindawang朝瑾|move: Stealth Rock
|move|p1a: Weezing|Toxic|p2a: Swampert
|-status|p2a: Swampert|tox
|
|-heal|p2a: Swampert|100/100 tox|[from] item: Leftovers
|-damage|p2a: Swampert|94/100 tox|[from] psn
|upkeep
|turn|12
|
|t:|1769443752
|move|p1a: Weezing|Pain Split|p2a: Swampert
|-sethp|p2a: Swampert|58/100 tox|[from] move: Pain Split|[silent]
|-sethp|p1a: Weezing|70/100|[from] move: Pain Split
|move|p2a: Swampert|Earthquake|p1a: Weezing
|-supereffective|p1a: Weezing
|-damage|p1a: Weezing|25/100
|
|-heal|p2a: Swampert|65/100 tox|[from] item: Leftovers
|-damage|p2a: Swampert|52/100 tox|[from] psn
|upkeep
|turn|13
|
|t:|1769443761
|move|p1a: Weezing|Defog|p2a: Swampert
|-unboost|p2a: Swampert|evasion|1
|-sideend|p2: bananahamockthe3rd|Stealth Rock|[from] move: Defog|[of] p1a: Weezing
|-sideend|p1: zhaojindawang朝瑾|Stealth Rock|[from] move: Defog|[of] p1a: Weezing
|move|p2a: Swampert|Earthquake|p1a: Weezing
|-supereffective|p1a: Weezing
|-damage|p1a: Weezing|0 fnt
|faint|p1a: Weezing
|-end|p1a: Weezing|ability: Neutralizing Gas
|
|-heal|p2a: Swampert|58/100 tox|[from] item: Leftovers
|-damage|p2a: Swampert|40/100 tox|[from] psn
|upkeep
|
|t:|1769443772
|switch|p1a: 帽子姐姐强无敌|Hatterene, F, shiny|100/100
|turn|14
|
|t:|1769443787
|move|p2a: Swampert|Flip Turn|p1a: 帽子姐姐强无敌
|-damage|p1a: 帽子姐姐强无敌|82/100
|-damage|p2a: Swampert|23/100 tox|[from] item: Rocky Helmet|[of] p1a: 帽子姐姐强无敌
|
|t:|1769443794
|switch|p2a: Moltres|Moltres-Galar|100/100|[from] Flip Turn
|move|p1a: 帽子姐姐强无敌|Healing Wish|p1a: 帽子姐姐强无敌
|faint|p1a: 帽子姐姐强无敌
|
|upkeep
|
|t:|1769443800
|switch|p1a: 飞天大蝙蝠|Gliscor, F, tera:Water|41/100 tox
|-heal|p1a: 飞天大蝙蝠|100/100|[from] move: Healing Wish
|turn|15
|
|t:|1769443806
|move|p2a: Moltres|Nasty Plot|p2a: Moltres
|-boost|p2a: Moltres|spa|2
|move|p1a: 飞天大蝙蝠|Toxic|p2a: Moltres
|-status|p2a: Moltres|tox
|
|-damage|p2a: Moltres|94/100 tox|[from] psn
|-status|p1a: 飞天大蝙蝠|tox|[from] item: Toxic Orb
|upkeep
|turn|16
|
|t:|1769443814
|switch|p1a: 黑太岁|Clodsire, F, shiny|100/100
|move|p2a: Moltres|Nasty Plot|p2a: Moltres
|-boost|p2a: Moltres|spa|2
|
|-damage|p2a: Moltres|82/100 tox|[from] psn
|upkeep
|turn|17
|
|t:|1769443821
|move|p2a: Moltres|Hurricane|p1a: 黑太岁|[miss]
|-miss|p2a: Moltres|p1a: 黑太岁
|move|p1a: 黑太岁|Stealth Rock|p2a: Moltres
|-sidestart|p2: bananahamockthe3rd|move: Stealth Rock
|
|-damage|p2a: Moltres|63/100 tox|[from] psn
|upkeep
|turn|18
|
|t:|1769443829
|move|p2a: Moltres|Fiery Wrath|p1a: 黑太岁
|-crit|p1a: 黑太岁
|-damage|p1a: 黑太岁|62/100
|-damage|p2a: Moltres|53/100 tox|[from] item: Life Orb
|cant|p1a: 黑太岁|flinch
|
|-heal|p1a: 黑太岁|69/100|[from] item: Leftovers
|-damage|p2a: Moltres|28/100 tox|[from] psn
|upkeep
|turn|19
|
|t:|1769443838
|move|p2a: Moltres|Hurricane|p1a: 黑太岁|[miss]
|-miss|p2a: Moltres|p1a: 黑太岁
|move|p1a: 黑太岁|Recover|p1a: 黑太岁
|-heal|p1a: 黑太岁|100/100
|
|-damage|p2a: Moltres|0 fnt|[from] psn
|faint|p2a: Moltres
|upkeep
|
|t:|1769443847
|switch|p2a: Swampert|Swampert, M|23/100 tox
|-damage|p2a: Swampert|17/100 tox|[from] Stealth Rock
|turn|20
|
|t:|1769443857
|switch|p1a: Volcanion|Volcanion|100/100
|move|p2a: Swampert|Stealth Rock|p1a: Volcanion
|-sidestart|p1: zhaojindawang朝瑾|move: Stealth Rock
|
|-heal|p2a: Swampert|23/100 tox|[from] item: Leftovers
|-damage|p2a: Swampert|17/100 tox|[from] psn
|upkeep
|turn|21
|
|t:|1769443865
|move|p1a: Volcanion|Steam Eruption|p2a: Swampert
|-damage|p2a: Swampert|0 fnt
|faint|p2a: Swampert
|
|upkeep
|
|t:|1769443870
|switch|p2a: Ceruledge|Ceruledge, F|100/100
|-damage|p2a: Ceruledge|76/100|[from] Stealth Rock
|turn|22
|
|t:|1769443878
|-terastallize|p2a: Ceruledge|Grass
|move|p1a: Volcanion|Steam Eruption|p2a: Ceruledge
|-resisted|p2a: Ceruledge
|-damage|p2a: Ceruledge|53/100
|move|p2a: Ceruledge|Bulk Up|p2a: Ceruledge
|-boost|p2a: Ceruledge|atk|1
|-boost|p2a: Ceruledge|def|1
|
|-heal|p2a: Ceruledge|59/100|[from] item: Leftovers
|upkeep
|turn|23
|
|t:|1769443890
|switch|p1a: 九转吞天鲶|Dondozo, F, shiny|100/100
|-damage|p1a: 九转吞天鲶|88/100|[from] Stealth Rock
|move|p2a: Ceruledge|Substitute|p2a: Ceruledge
|-start|p2a: Ceruledge|Substitute
|-damage|p2a: Ceruledge|34/100
|
|-heal|p2a: Ceruledge|40/100|[from] item: Leftovers
|-heal|p1a: 九转吞天鲶|94/100|[from] item: Leftovers
|upkeep
|turn|24
|
|t:|1769443899
|move|p2a: Ceruledge|Bulk Up|p2a: Ceruledge
|-boost|p2a: Ceruledge|atk|1
|-boost|p2a: Ceruledge|def|1
|move|p1a: 九转吞天鲶|Body Press|p2a: Ceruledge
|-end|p2a: Ceruledge|Substitute
|
|-heal|p2a: Ceruledge|46/100|[from] item: Leftovers
|-heal|p1a: 九转吞天鲶|99/100|[from] item: Leftovers
|upkeep
|turn|25
|
|t:|1769443913
|move|p2a: Ceruledge|Bulk Up|p2a: Ceruledge
|-boost|p2a: Ceruledge|atk|1
|-boost|p2a: Ceruledge|def|1
|move|p1a: 九转吞天鲶|Body Press|p2a: Ceruledge
|-damage|p2a: Ceruledge|12/100
|
|-heal|p2a: Ceruledge|18/100|[from] item: Leftovers
|-heal|p1a: 九转吞天鲶|100/100|[from] item: Leftovers
|upkeep
|turn|26
|-message|bananahamockthe3rd forfeited.
|
|win|zhaojindawang朝瑾
|raw|zhaojindawang朝瑾's rating: 1397 &rarr; <strong>1415</strong><br />(+18 for winning)
|raw|bananahamockthe3rd's rating: 1368 &rarr; <strong>1350</strong><br />(-18 for losing)
|l|☆bananahamockthe3rd
|player|p2|
|l|☆zhaojindawang朝瑾
|player|p1|
