|j|☆CosmicMD
|j|☆Team BBIO 38
|t:|1769299835
|gametype|singles
|player|p1|CosmicMD|colress|1446
|player|p2|Team BBIO 38|rocketgrunt|1401
|gen|9
|tier|[Gen 9] OU
|rated|
|rule|HP Percentage Mod: HP is shown in percentages
|rule|Endless Battle Clause: Forcing endless battles is banned
|rule|Species Clause: Limit one of each Pokémon
|rule|OHKO Clause: OHKO moves are banned
|rule|Evasion Items Clause: Evasion items are banned
|rule|Evasion Moves Clause: Evasion moves are banned
|rule|Evasion Abilities Clause: Evasion abilities are banned
|rule|Sleep Moves Clause: Sleep-inducing moves are banned
|clearpoke
|poke|p1|Moltres|
|poke|p1|Great Tusk|
|poke|p1|Meowscarada, F|
|poke|p1|Hatterene, F|
|poke|p1|Ting-Lu|
|poke|p1|Hydrapple, F|
|poke|p2|Dusclops, M|
|poke|p2|Blissey, F|
|poke|p2|Flamigo, M|
|poke|p2|Latias, F|
|poke|p2|Darkrai|
|poke|p2|Dragonite, M|
|teampreview
|inactive|Battle timer is ON: inactive players will automatically lose when time's up. (requested by Team BBIO 38)
|c|☆CosmicMD|glhf
|
|t:|1769299846
|teamsize|p1|6
|teamsize|p2|6
|start
|switch|p1a: Meowscarada|Meowscarada, F|100/100
|switch|p2a: Darkrai|Darkrai|100/100
|turn|1
|c|☆Team BBIO 38|glhf
|
|t:|1769299853
|switch|p2a: Dusclops|Dusclops, M|100/100
|-item|p1a: Meowscarada|Choice Scarf|[from] ability: Frisk|[of] p2a: Dusclops
|move|p1a: Meowscarada|U-turn|p2a: Dusclops
|-start|p1a: Meowscarada|typechange|Bug|[from] ability: Protean
|-resisted|p2a: Dusclops
|-damage|p2a: Dusclops|92/100
|
|t:|1769299856
|switch|p1a: Hatterene|Hatterene, F|100/100|[from] U-turn
|
|upkeep
|turn|2
|
|t:|1769299864
|move|p2a: Dusclops|Night Shade|p1a: Hatterene
|-damage|p1a: Hatterene|69/100
|move|p1a: Hatterene|Nuzzle|p2a: Dusclops
|-damage|p2a: Dusclops|89/100
|-status|p2a: Dusclops|par
|
|upkeep
|turn|3
|
|t:|1769299870
|move|p1a: Hatterene|Draining Kiss|p2a: Dusclops
|-damage|p2a: Dusclops|70/100 par
|-heal|p1a: Hatterene|82/100|[from] drain|[of] p2a: Dusclops
|move|p2a: Dusclops|Night Shade|p1a: Hatterene
|-damage|p1a: Hatterene|50/100
|
|upkeep
|turn|4
|
|t:|1769299877
|move|p1a: Hatterene|Draining Kiss|p2a: Dusclops
|-damage|p2a: Dusclops|50/100 par
|-heal|p1a: Hatterene|64/100|[from] drain|[of] p2a: Dusclops
|move|p2a: Dusclops|Night Shade|p1a: Hatterene
|-damage|p1a: Hatterene|33/100
|
|upkeep
|turn|5
|
|t:|1769299883
|move|p1a: Hatterene|Draining Kiss|p2a: Dusclops
|-damage|p2a: Dusclops|32/100 par
|-heal|p1a: Hatterene|45/100|[from] drain|[of] p2a: Dusclops
|cant|p2a: Dusclops|par
|
|upkeep
|turn|6
|
|t:|1769299888
|move|p1a: Hatterene|Draining Kiss|p2a: Dusclops
|-damage|p2a: Dusclops|12/100 par
|-heal|p1a: Hatterene|58/100|[from] drain|[of] p2a: Dusclops
|move|p2a: Dusclops|Pain Split|p1a: Hatterene
|-sethp|p1a: Hatterene|34/100|[from] move: Pain Split|[silent]
|-sethp|p2a: Dusclops|38/100 par|[from] move: Pain Split
|
|upkeep
|turn|7
|
|t:|1769299896
|move|p1a: Hatterene|Psychic Noise|p2a: Dusclops
|-damage|p2a: Dusclops|10/100 par
|-start|p2a: Dusclops|move: Heal Block
|cant|p2a: Dusclops|par
|
|upkeep
|turn|8
|
|t:|1769299902
|move|p1a: Hatterene|Draining Kiss|p2a: Dusclops
|-damage|p2a: Dusclops|0 fnt
|-heal|p1a: Hatterene|40/100|[from] drain|[of] p2a: Dusclops
|faint|p2a: Dusclops
|
|upkeep
|
|t:|1769299907
|switch|p2a: Flamigo|Flamigo, M|100/100
|turn|9
|
|t:|1769299912
|switch|p1a: Moltres|Moltres|100/100
|move|p2a: Flamigo|Brave Bird|p1a: Moltres
|-damage|p1a: Moltres|57/100
|-damage|p2a: Flamigo|83/100|[from] Recoil
|
|upkeep
|turn|10
|
|t:|1769299920
|switch|p2a: Blissey|Blissey, F|100/100
|move|p1a: Moltres|U-turn|p2a: Blissey
|-damage|p2a: Blissey|85/100
|
|t:|1769299922
|switch|p1a: Meowscarada|Meowscarada, F|100/100|[from] U-turn
|
|-heal|p2a: Blissey|91/100|[from] item: Leftovers
|upkeep
|turn|11
|
|t:|1769299927
|move|p1a: Meowscarada|Knock Off|p2a: Blissey
|-start|p1a: Meowscarada|typechange|Dark|[from] ability: Protean
|-damage|p2a: Blissey|48/100
|-enditem|p2a: Blissey|Leftovers|[from] move: Knock Off|[of] p1a: Meowscarada
|move|p2a: Blissey|Stealth Rock|p1a: Meowscarada
|-sidestart|p1: CosmicMD|move: Stealth Rock
|
|upkeep
|turn|12
|
|t:|1769299935
|switch|p1a: Great Tusk|Great Tusk|100/100
|move|p2a: Blissey|Soft-Boiled|p2a: Blissey
|-heal|p2a: Blissey|98/100
|
|upkeep
|turn|13
|
|t:|1769299942
|switch|p2a: Darkrai|Darkrai|100/100
|move|p1a: Great Tusk|Rapid Spin|p2a: Darkrai
|-damage|p2a: Darkrai|76/100
|-boost|p1a: Great Tusk|spe|1
|-sideend|p1: CosmicMD|Stealth Rock|[from] move: Rapid Spin|[of] p1a: Great Tusk
|
|upkeep
|turn|14
|
|t:|1769299949
|-end|p1a: Great Tusk|Protosynthesis|[silent]
|switch|p1a: Ting-Lu|Ting-Lu|100/100
|-ability|p1a: Ting-Lu|Vessel of Ruin
|move|p2a: Darkrai|Psychic|p1a: Ting-Lu
|-immune|p1a: Ting-Lu
|
|upkeep
|turn|15
|
|t:|1769299958
|switch|p2a: Flamigo|Flamigo, M|83/100
|move|p1a: Ting-Lu|Spikes|p2a: Flamigo
|-sidestart|p2: Team BBIO 38|Spikes
|
|upkeep
|turn|16
|
|t:|1769299965
|switch|p1a: Moltres|Moltres|57/100
|move|p2a: Flamigo|Close Combat|p1a: Moltres
|-resisted|p1a: Moltres
|-damage|p1a: Moltres|37/100
|-unboost|p2a: Flamigo|def|1
|-unboost|p2a: Flamigo|spd|1
|
|upkeep
|turn|17
|
|t:|1769299975
|switch|p2a: Dragonite|Dragonite, M|100/100
|move|p1a: Moltres|Roost|p1a: Moltres
|-heal|p1a: Moltres|87/100
|-singleturn|p1a: Moltres|move: Roost
|
|upkeep
|turn|18
|
|t:|1769299982
|move|p2a: Dragonite|Dragon Dance|p2a: Dragonite
|-boost|p2a: Dragonite|atk|1
|-boost|p2a: Dragonite|spe|1
|move|p1a: Moltres|Flamethrower|p2a: Dragonite
|-resisted|p2a: Dragonite
|-damage|p2a: Dragonite|90/100
|
|upkeep
|turn|19
|
|t:|1769299989
|move|p2a: Dragonite|Dragon Dance|p2a: Dragonite
|-boost|p2a: Dragonite|atk|1
|-boost|p2a: Dragonite|spe|1
|move|p1a: Moltres|Roar|p2a: Dragonite
|drag|p2a: Blissey|Blissey, F|98/100
|-damage|p2a: Blissey|85/100|[from] Spikes
|
|upkeep
|turn|20
|
|t:|1769299997
|move|p1a: Moltres|U-turn|p2a: Blissey
|-damage|p2a: Blissey|71/100
|
|t:|1769299999
|switch|p1a: Hatterene|Hatterene, F|40/100|[from] U-turn
|move|p2a: Blissey|Stealth Rock|p1a: Hatterene
|move|p1a: Hatterene|Stealth Rock|p2a: Blissey|[from] ability: Magic Bounce
|-sidestart|p2: Team BBIO 38|move: Stealth Rock
|
|upkeep
|turn|21
|
|t:|1769300009
|move|p2a: Blissey|Seismic Toss|p1a: Hatterene
|-damage|p1a: Hatterene|9/100
|move|p1a: Hatterene|Psychic Noise|p2a: Blissey
|-damage|p2a: Blissey|56/100
|-start|p2a: Blissey|move: Heal Block
|
|upkeep
|turn|22
|
|t:|1769300016
|switch|p1a: Great Tusk|Great Tusk|100/100
|move|p2a: Blissey|Seismic Toss|p1a: Great Tusk
|-damage|p1a: Great Tusk|77/100
|
|-end|p2a: Blissey|move: Heal Block
|upkeep
|turn|23
|
|t:|1769300023
|switch|p2a: Flamigo|Flamigo, M|83/100
|-damage|p2a: Flamigo|71/100|[from] Stealth Rock
|move|p1a: Great Tusk|Close Combat|p2a: Flamigo
|-resisted|p2a: Flamigo
|-damage|p2a: Flamigo|25/100
|-unboost|p1a: Great Tusk|def|1
|-unboost|p1a: Great Tusk|spd|1
|
|upkeep
|turn|24
|
|t:|1769300032
|-end|p1a: Great Tusk|Protosynthesis|[silent]
|switch|p1a: Hatterene|Hatterene, F|9/100
|move|p2a: Flamigo|Brave Bird|p1a: Hatterene
|-damage|p1a: Hatterene|0 fnt
|faint|p1a: Hatterene
|-damage|p2a: Flamigo|22/100|[from] Recoil
|
|upkeep
|inactive|CosmicMD has 120 seconds left.
|
|t:|1769300071
|switch|p1a: Meowscarada|Meowscarada, F|100/100
|turn|25
|
|t:|1769300075
|move|p1a: Meowscarada|Knock Off|p2a: Flamigo
|-start|p1a: Meowscarada|typechange|Dark|[from] ability: Protean
|-resisted|p2a: Flamigo
|-damage|p2a: Flamigo|0 fnt
|-enditem|p2a: Flamigo|Choice Scarf|[from] move: Knock Off|[of] p1a: Meowscarada
|faint|p2a: Flamigo
|
|upkeep
|
|t:|1769300083
|switch|p2a: Dragonite|Dragonite, M|90/100
|turn|26
|
|t:|1769300086
|switch|p1a: Moltres|Moltres|87/100
|move|p2a: Dragonite|Dragon Dance|p2a: Dragonite
|-boost|p2a: Dragonite|atk|1
|-boost|p2a: Dragonite|spe|1
|
|upkeep
|turn|27
|
|t:|1769300093
|move|p2a: Dragonite|Outrage|p1a: Moltres
|-damage|p1a: Moltres|11/100
|-status|p2a: Dragonite|brn|[from] ability: Flame Body|[of] p1a: Moltres
|move|p1a: Moltres|Roar|p2a: Dragonite
|drag|p2a: Darkrai|Darkrai|76/100
|-damage|p2a: Darkrai|63/100|[from] Spikes
|-damage|p2a: Darkrai|51/100|[from] Stealth Rock
|
|upkeep
|turn|28
|
|t:|1769300102
|move|p2a: Darkrai|Ice Beam|p1a: Moltres
|-damage|p1a: Moltres|0 fnt
|faint|p1a: Moltres
|
|upkeep
|
|t:|1769300117
|switch|p1a: Meowscarada|Meowscarada, F|100/100
|turn|29
|
|t:|1769300121
|switch|p2a: Dragonite|Dragonite, M|90/100 brn
|move|p1a: Meowscarada|U-turn|p2a: Dragonite
|-start|p1a: Meowscarada|typechange|Bug|[from] ability: Protean
|-resisted|p2a: Dragonite
|-damage|p2a: Dragonite|69/100 brn
|
|t:|1769300127
|switch|p1a: Great Tusk|Great Tusk|77/100|[from] U-turn
|
|-damage|p2a: Dragonite|62/100 brn|[from] brn
|upkeep
|turn|30
|
|t:|1769300134
|move|p2a: Dragonite|Dragon Dance|p2a: Dragonite
|-boost|p2a: Dragonite|atk|1
|-boost|p2a: Dragonite|spe|1
|move|p1a: Great Tusk|Stone Edge|p2a: Dragonite
|-supereffective|p2a: Dragonite
|-damage|p2a: Dragonite|0 fnt
|faint|p2a: Dragonite
|
|upkeep
|
|t:|1769300141
|switch|p2a: Darkrai|Darkrai|51/100
|-damage|p2a: Darkrai|38/100|[from] Spikes
|-damage|p2a: Darkrai|26/100|[from] Stealth Rock
|turn|31
|inactive|CosmicMD has 120 seconds left.
|
|t:|1769300188
|-end|p1a: Great Tusk|Protosynthesis|[silent]
|switch|p1a: Ting-Lu|Ting-Lu|100/100
|-ability|p1a: Ting-Lu|Vessel of Ruin
|move|p2a: Darkrai|Ice Beam|p1a: Ting-Lu
|-supereffective|p1a: Ting-Lu
|-damage|p1a: Ting-Lu|63/100
|
|-heal|p1a: Ting-Lu|69/100|[from] item: Leftovers
|upkeep
|turn|32
|
|t:|1769300196
|move|p2a: Darkrai|Ice Beam|p1a: Ting-Lu
|-supereffective|p1a: Ting-Lu
|-damage|p1a: Ting-Lu|28/100
|move|p1a: Ting-Lu|Earthquake|p2a: Darkrai
|-damage|p2a: Darkrai|0 fnt
|faint|p2a: Darkrai
|
|-heal|p1a: Ting-Lu|34/100|[from] item: Leftovers
|upkeep
|
|t:|1769300206
|switch|p2a: Blissey|Blissey, F|56/100
|-damage|p2a: Blissey|43/100|[from] Spikes
|-damage|p2a: Blissey|31/100|[from] Stealth Rock
|turn|33
|
|t:|1769300213
|move|p2a: Blissey|Seismic Toss|p1a: Ting-Lu
|-damage|p1a: Ting-Lu|15/100
|move|p1a: Ting-Lu|Earthquake|p2a: Blissey
|-damage|p2a: Blissey|0 fnt
|faint|p2a: Blissey
|
|-heal|p1a: Ting-Lu|21/100|[from] item: Leftovers
|upkeep
|
|t:|1769300220
|switch|p2a: Alaric|Latias, F|100/100
|-damage|p2a: Alaric|88/100|[from] Stealth Rock
|turn|34
|
|t:|1769300224
|move|p2a: Alaric|Calm Mind|p2a: Alaric
|-boost|p2a: Alaric|spa|1
|-boost|p2a: Alaric|spd|1
|move|p1a: Ting-Lu|Ruination|p2a: Alaric
|-damage|p2a: Alaric|44/100
|
|-heal|p1a: Ting-Lu|27/100|[from] item: Leftovers
|upkeep
|turn|35
|
|t:|1769300230
|switch|p1a: Meowscarada|Meowscarada, F|100/100
|move|p2a: Alaric|Calm Mind|p2a: Alaric
|-boost|p2a: Alaric|spa|1
|-boost|p2a: Alaric|spd|1
|
|upkeep
|turn|36
|
|t:|1769300236
|-terastallize|p2a: Alaric|Steel
|move|p1a: Meowscarada|Knock Off|p2a: Alaric
|-start|p1a: Meowscarada|typechange|Dark|[from] ability: Protean
|-damage|p2a: Alaric|0 fnt
|-enditem|p2a: Alaric|Covert Cloak|[from] move: Knock Off|[of] p1a: Meowscarada
|faint|p2a: Alaric
|
|win|CosmicMD
|raw|CosmicMD's rating: 1446 &rarr; <strong>1463</strong><br />(+17 for winning)
|raw|Team BBIO 38's rating: 1401 &rarr; <strong>1384</strong><br />(-17 for losing)
|c|☆CosmicMD|ggwp
|l|☆Team BBIO 38
|player|p2|
|l|☆CosmicMD
|player|p1|
