|j|☆chopinthe3rd
|j|☆Bleuseil
|t:|1769418680
|gametype|singles
|player|p1|chopinthe3rd|marshal|1077
|player|p2|Bleuseil|gambler|1079
|gen|9
|tier|[Gen 9] OU
|rated|
|rule|HP Percentage Mod: HP is shown in percentages
|rule|Endless Battle Clause: Forcing endless battles is banned
|rule|Species Clause: Limit one of each Pokémon
|rule|OHKO Clause: OHKO moves are banned
|rule|Evasion Items Clause: Evasion items are banned
|rule|Evasion Moves Clause: Evasion moves are banned
|rule|Evasion Abilities Clause: Evasion abilities are banned
|rule|Sleep Moves Clause: Sleep-inducing moves are banned
|clearpoke
|poke|p1|Mienshao, M|
|poke|p1|Krookodile, M|
|poke|p1|Metagross|
|poke|p1|Quaquaval, F|
|poke|p1|Bellibolt, M|
|poke|p1|Ninetales-Alola, F|
|poke|p2|Tyranitar, M|
|poke|p2|Excadrill, M|
|poke|p2|Great Tusk|
|poke|p2|Mamoswine, F|
|poke|p2|Gastrodon, F|
|poke|p2|Corviknight, F|
|teampreview
|
|t:|1769418691
|teamsize|p1|6
|teamsize|p2|6
|start
|switch|p1a: Ninetales|Ninetales-Alola, F|100/100
|switch|p2a: Tyranitar|Tyranitar, M|100/100
|-weather|Snowscape|[from] ability: Snow Warning|[of] p1a: Ninetales
|-weather|Sandstorm|[from] ability: Sand Stream|[of] p2a: Tyranitar
|turn|1
|
|t:|1769418701
|move|p1a: Ninetales|Moonblast|p2a: Tyranitar
|-supereffective|p2a: Tyranitar
|-damage|p2a: Tyranitar|62/100
|move|p2a: Tyranitar|Fire Punch|p1a: Ninetales
|-supereffective|p1a: Ninetales
|-damage|p1a: Ninetales|11/100
|
|-weather|Sandstorm|[upkeep]
|-damage|p1a: Ninetales|5/100|[from] Sandstorm
|upkeep
|turn|2
|
|t:|1769418713
|move|p1a: Ninetales|Moonblast|p2a: Tyranitar
|-supereffective|p2a: Tyranitar
|-damage|p2a: Tyranitar|21/100
|move|p2a: Tyranitar|Stealth Rock|p1a: Ninetales
|-sidestart|p1: chopinthe3rd|move: Stealth Rock
|
|-weather|Sandstorm|[upkeep]
|-damage|p1a: Ninetales|0 fnt|[from] Sandstorm
|faint|p1a: Ninetales
|upkeep
|
|t:|1769418722
|switch|p1a: Metagross|Metagross|100/100
|-damage|p1a: Metagross|94/100|[from] Stealth Rock
|turn|3
|
|t:|1769418729
|switch|p2a: Corviknight|Corviknight, F|100/100
|-ability|p2a: Corviknight|Pressure
|move|p1a: Metagross|Bullet Punch|p2a: Corviknight
|-resisted|p2a: Corviknight
|-damage|p2a: Corviknight|93/100
|
|-weather|Sandstorm|[upkeep]
|-heal|p2a: Corviknight|99/100|[from] item: Leftovers
|upkeep
|turn|4
|
|t:|1769418741
|switch|p1a: Bellibolt|Bellibolt, M|100/100
|-damage|p1a: Bellibolt|88/100|[from] Stealth Rock
|move|p2a: Corviknight|Bulk Up|p2a: Corviknight
|-boost|p2a: Corviknight|atk|1
|-boost|p2a: Corviknight|def|1
|
|-weather|Sandstorm|[upkeep]
|-damage|p1a: Bellibolt|82/100|[from] Sandstorm
|-heal|p2a: Corviknight|100/100|[from] item: Leftovers
|upkeep
|turn|5
|
|t:|1769418757
|-terastallize|p2a: Corviknight|Flying
|move|p2a: Corviknight|Drill Peck|p1a: Bellibolt
|-resisted|p1a: Bellibolt
|-damage|p1a: Bellibolt|63/100
|-start|p1a: Bellibolt|Charge|Drill Peck|[from] ability: Electromorphosis
|move|p1a: Bellibolt|Parabolic Charge|p2a: Corviknight
|-supereffective|p2a: Corviknight
|-damage|p2a: Corviknight|0 fnt
|-heal|p1a: Bellibolt|100/100|[from] drain|[of] p2a: Corviknight
|faint|p2a: Corviknight
|-end|p1a: Bellibolt|Charge|[silent]
|
|-weather|Sandstorm|[upkeep]
|-damage|p1a: Bellibolt|94/100|[from] Sandstorm
|upkeep
|
|t:|1769418784
|switch|p2a: Gastrodon|Gastrodon, F|100/100
|turn|6
|
|t:|1769418798
|switch|p1a: Metagross|Metagross|94/100
|-damage|p1a: Metagross|88/100|[from] Stealth Rock
|move|p2a: Gastrodon|Earth Power|p1a: Metagross
|-supereffective|p1a: Metagross
|-crit|p1a: Metagross
|-damage|p1a: Metagross|0 fnt
|faint|p1a: Metagross
|
|-weather|Sandstorm|[upkeep]
|upkeep
|
|t:|1769418810
|switch|p1a: Krookodile|Krookodile, M|100/100
|-damage|p1a: Krookodile|94/100|[from] Stealth Rock
|-ability|p1a: Krookodile|Intimidate|boost
|-unboost|p2a: Gastrodon|atk|1
|turn|7
|
|t:|1769418817
|move|p1a: Krookodile|Knock Off|p2a: Gastrodon
|-damage|p2a: Gastrodon|40/100
|-enditem|p2a: Gastrodon|Leftovers|[from] move: Knock Off|[of] p1a: Krookodile
|move|p2a: Gastrodon|Ice Beam|p1a: Krookodile
|-supereffective|p1a: Krookodile
|-damage|p1a: Krookodile|21/100
|
|-weather|Sandstorm|[upkeep]
|upkeep
|turn|8
|
|t:|1769418838
|switch|p2a: Great Tusk|Great Tusk|100/100
|move|p1a: Krookodile|Earthquake|p2a: Great Tusk
|-damage|p2a: Great Tusk|74/100
|
|-weather|none
|upkeep
|turn|9
|
|t:|1769418852
|move|p1a: Krookodile|Close Combat|p2a: Great Tusk
|-damage|p2a: Great Tusk|49/100
|-unboost|p1a: Krookodile|def|1
|-unboost|p1a: Krookodile|spd|1
|move|p2a: Great Tusk|Bulk Up|p2a: Great Tusk
|-boost|p2a: Great Tusk|atk|1
|-boost|p2a: Great Tusk|def|1
|
|upkeep
|turn|10
|
|t:|1769418866
|move|p1a: Krookodile|Close Combat|p2a: Great Tusk
|-crit|p2a: Great Tusk
|-damage|p2a: Great Tusk|16/100
|-unboost|p1a: Krookodile|def|1
|-unboost|p1a: Krookodile|spd|1
|move|p2a: Great Tusk|Earthquake|p1a: Krookodile
|-crit|p1a: Krookodile
|-damage|p1a: Krookodile|0 fnt
|faint|p1a: Krookodile
|
|upkeep
|
|t:|1769418877
|switch|p1a: Mienshao|Mienshao, M|100/100
|-damage|p1a: Mienshao|95/100|[from] Stealth Rock
|turn|11
|
|t:|1769418885
|move|p1a: Mienshao|Fake Out|p2a: Great Tusk
|-crit|p2a: Great Tusk
|-damage|p2a: Great Tusk|3/100
|cant|p2a: Great Tusk|flinch
|
|upkeep
|turn|12
|
|t:|1769418895
|move|p1a: Mienshao|Drain Punch|p2a: Great Tusk
|-damage|p2a: Great Tusk|0 fnt
|-heal|p1a: Mienshao|96/100|[from] drain|[of] p2a: Great Tusk
|faint|p2a: Great Tusk
|-end|p2a: Great Tusk|Protosynthesis|[silent]
|
|upkeep
|
|t:|1769418901
|switch|p2a: Tyranitar|Tyranitar, M|21/100
|-weather|Sandstorm|[from] ability: Sand Stream|[of] p2a: Tyranitar
|turn|13
|
|t:|1769418911
|move|p1a: Mienshao|Drain Punch|p2a: Tyranitar
|-supereffective|p2a: Tyranitar
|-damage|p2a: Tyranitar|0 fnt
|-heal|p1a: Mienshao|100/100|[from] drain|[of] p2a: Tyranitar
|faint|p2a: Tyranitar
|
|-weather|Sandstorm|[upkeep]
|-damage|p1a: Mienshao|95/100|[from] Sandstorm
|upkeep
|
|t:|1769418920
|switch|p2a: Excadrill|Excadrill, M|100/100
|turn|14
|
|t:|1769418947
|-terastallize|p1a: Mienshao|Fighting
|move|p2a: Excadrill|Earthquake|p1a: Mienshao
|-damage|p1a: Mienshao|0 fnt
|faint|p1a: Mienshao
|
|-weather|Sandstorm|[upkeep]
|upkeep
|
|t:|1769418956
|switch|p1a: Quaquaval|Quaquaval, F|100/100
|-damage|p1a: Quaquaval|94/100|[from] Stealth Rock
|turn|15
|
|t:|1769418963
|move|p2a: Excadrill|Earthquake|p1a: Quaquaval
|-damage|p1a: Quaquaval|0 fnt
|faint|p1a: Quaquaval
|
|-weather|Sandstorm|[upkeep]
|upkeep
|
|t:|1769418969
|switch|p1a: Bellibolt|Bellibolt, M|94/100
|-damage|p1a: Bellibolt|82/100|[from] Stealth Rock
|turn|16
|c|☆chopinthe3rd|Gg
|
|t:|1769418977
|move|p2a: Excadrill|Earthquake|p1a: Bellibolt
|-supereffective|p1a: Bellibolt
|-damage|p1a: Bellibolt|0 fnt
|faint|p1a: Bellibolt
|
|win|Bleuseil
|raw|chopinthe3rd's rating: 1077 &rarr; <strong>1056</strong><br />(-21 for losing)
|raw|Bleuseil's rating: 1079 &rarr; <strong>1107</strong><br />(+28 for winning)
|l|☆Bleuseil
|player|p2|
|l|☆chopinthe3rd
|player|p1|
