|j|☆ojimatias
|j|☆williamwith4ms
|t:|1769442680
|gametype|singles
|player|p1|ojimatias|iris|1132
|player|p2|williamwith4ms|n|1129
|gen|9
|tier|[Gen 9] OU
|rated|
|rule|HP Percentage Mod: HP is shown in percentages
|rule|Endless Battle Clause: Forcing endless battles is banned
|rule|Species Clause: Limit one of each Pokémon
|rule|OHKO Clause: OHKO moves are banned
|rule|Evasion Items Clause: Evasion items are banned
|rule|Evasion Moves Clause: Evasion moves are banned
|rule|Evasion Abilities Clause: Evasion abilities are banned
|rule|Sleep Moves Clause: Sleep-inducing moves are banned
|clearpoke
|poke|p1|Venusaur, F|
|poke|p1|Blastoise, M|
|poke|p1|Charizard, M|
|poke|p1|Persian, M|
|poke|p1|Ninetales, F|
|poke|p1|Mew|
|poke|p2|Kyurem|
|poke|p2|Corviknight, F|
|poke|p2|Ting-Lu|
|poke|p2|Dondozo, F|
|poke|p2|Slowking-Galar, M|
|poke|p2|Cinderace, F|
|teampreview
|inactive|Battle timer is ON: inactive players will automatically lose when time's up. (requested by williamwith4ms)
|inactive|ojimatias also wants the timer to be on.
|
|t:|1769442691
|teamsize|p1|6
|teamsize|p2|6
|start
|switch|p1a: Mew|Mew|100/100
|switch|p2a: Corviknight|Corviknight, F|100/100
|-ability|p2a: Corviknight|Pressure
|turn|1
|
|t:|1769442706
|move|p1a: Mew|Taunt|p2a: Corviknight
|-start|p2a: Corviknight|move: Taunt
|move|p2a: Corviknight|U-turn|p1a: Mew
|-supereffective|p1a: Mew
|-damage|p1a: Mew|77/100
|
|t:|1769442712
|switch|p2a: Slowking|Slowking-Galar, M|100/100|[from] U-turn
|
|-heal|p1a: Mew|83/100|[from] item: Leftovers
|upkeep
|turn|2
|
|t:|1769442721
|move|p1a: Mew|Taunt|p2a: Slowking
|-start|p2a: Slowking|move: Taunt
|move|p2a: Slowking|Sludge Bomb|p1a: Mew
|-damage|p1a: Mew|54/100
|
|-heal|p1a: Mew|60/100|[from] item: Leftovers
|upkeep
|turn|3
|
|t:|1769442737
|switch|p2a: Dondozo|Dondozo, F|100/100
|move|p1a: Mew|Stealth Rock|p2a: Dondozo
|-sidestart|p2: williamwith4ms|move: Stealth Rock
|
|-heal|p1a: Mew|66/100|[from] item: Leftovers
|upkeep
|turn|4
|
|t:|1769442753
|move|p1a: Mew|Spikes|p2a: Dondozo
|-sidestart|p2: williamwith4ms|Spikes
|move|p2a: Dondozo|Waterfall|p1a: Mew
|-damage|p1a: Mew|45/100
|
|-heal|p1a: Mew|51/100|[from] item: Leftovers
|upkeep
|turn|5
|
|t:|1769442764
|move|p1a: Mew|Spikes|p2a: Dondozo
|-sidestart|p2: williamwith4ms|Spikes
|move|p2a: Dondozo|Curse|p2a: Dondozo
|-unboost|p2a: Dondozo|spe|1
|-boost|p2a: Dondozo|atk|1
|-boost|p2a: Dondozo|def|1
|
|-heal|p1a: Mew|58/100|[from] item: Leftovers
|upkeep
|turn|6
|
|t:|1769442771
|move|p1a: Mew|Misty Explosion|p2a: Dondozo
|-damage|p2a: Dondozo|85/100
|faint|p1a: Mew
|move|p2a: Dondozo|Curse|p2a: Dondozo
|-unboost|p2a: Dondozo|spe|1
|-boost|p2a: Dondozo|atk|1
|-boost|p2a: Dondozo|def|1
|
|-heal|p2a: Dondozo|92/100|[from] item: Leftovers
|upkeep
|
|t:|1769442784
|switch|p1a: Ninetales|Ninetales, F|100/100
|-weather|SunnyDay|[from] ability: Drought|[of] p1a: Ninetales
|turn|7
|
|t:|1769442798
|switch|p1a: Venusaur|Venusaur, F|100/100
|move|p2a: Dondozo|Waterfall|p1a: Venusaur
|-resisted|p1a: Venusaur
|-damage|p1a: Venusaur|81/100
|
|-weather|SunnyDay|[upkeep]
|-heal|p2a: Dondozo|98/100|[from] item: Leftovers
|upkeep
|turn|8
|
|t:|1769442815
|move|p1a: Venusaur|Growth|p1a: Venusaur
|-boost|p1a: Venusaur|atk|2
|-boost|p1a: Venusaur|spa|2
|move|p2a: Dondozo|Body Press|p1a: Venusaur
|-resisted|p1a: Venusaur
|-damage|p1a: Venusaur|52/100
|
|-weather|SunnyDay|[upkeep]
|-heal|p2a: Dondozo|100/100|[from] item: Leftovers
|upkeep
|turn|9
|
|t:|1769442826
|move|p1a: Venusaur|Giga Drain|p2a: Dondozo
|-supereffective|p2a: Dondozo
|-damage|p2a: Dondozo|49/100
|-heal|p1a: Venusaur|95/100|[from] drain|[of] p2a: Dondozo
|-damage|p1a: Venusaur|85/100|[from] item: Life Orb
|move|p2a: Dondozo|Waterfall|p1a: Venusaur
|-resisted|p1a: Venusaur
|-damage|p1a: Venusaur|68/100
|
|-weather|SunnyDay|[upkeep]
|-heal|p2a: Dondozo|56/100|[from] item: Leftovers
|upkeep
|turn|10
|inactive|ojimatias has 120 seconds left.
|
|t:|1769442885
|move|p1a: Venusaur|Giga Drain|p2a: Dondozo
|-supereffective|p2a: Dondozo
|-damage|p2a: Dondozo|4/100
|-heal|p1a: Venusaur|100/100|[from] drain|[of] p2a: Dondozo
|-damage|p1a: Venusaur|91/100|[from] item: Life Orb
|move|p2a: Dondozo|Rest|p2a: Dondozo
|-status|p2a: Dondozo|slp|[from] move: Rest
|-heal|p2a: Dondozo|100/100 slp|[silent]
|
|-weather|SunnyDay|[upkeep]
|upkeep
|turn|11
|inactive|ojimatias has 90 seconds left.
|
|t:|1769442909
|switch|p2a: Kyurem|Kyurem|100/100
|-damage|p2a: Kyurem|75/100|[from] Stealth Rock
|-damage|p2a: Kyurem|59/100|[from] Spikes
|-ability|p2a: Kyurem|Pressure
|move|p1a: Venusaur|Growth|p1a: Venusaur
|-boost|p1a: Venusaur|atk|2
|-boost|p1a: Venusaur|spa|2
|
|-weather|SunnyDay|[upkeep]
|-heal|p2a: Kyurem|65/100|[from] item: Leftovers
|upkeep
|turn|12
|inactive|ojimatias has 90 seconds left.
|
|t:|1769442931
|-terastallize|p1a: Venusaur|Fire
|move|p1a: Venusaur|Weather Ball|p2a: Kyurem
|-damage|p2a: Kyurem|0 fnt
|faint|p2a: Kyurem
|-damage|p1a: Venusaur|81/100|[from] item: Life Orb
|
|-weather|SunnyDay|[upkeep]
|upkeep
|inactive|williamwith4ms has 120 seconds left.
|
|t:|1769442943
|switch|p2a: Dondozo|Dondozo, F|100/100 slp
|-damage|p2a: Dondozo|88/100 slp|[from] Stealth Rock
|-damage|p2a: Dondozo|72/100 slp|[from] Spikes
|turn|13
|
|t:|1769442948
|move|p1a: Venusaur|Giga Drain|p2a: Dondozo
|-supereffective|p2a: Dondozo
|-damage|p2a: Dondozo|14/100 slp
|-heal|p1a: Venusaur|100/100|[from] drain|[of] p2a: Dondozo
|-damage|p1a: Venusaur|91/100|[from] item: Life Orb
|cant|p2a: Dondozo|slp
|
|-weather|SunnyDay|[upkeep]
|-heal|p2a: Dondozo|20/100 slp|[from] item: Leftovers
|upkeep
|turn|14
|
|t:|1769442954
|move|p1a: Venusaur|Giga Drain|p2a: Dondozo
|-supereffective|p2a: Dondozo
|-damage|p2a: Dondozo|0 fnt
|-heal|p1a: Venusaur|100/100|[from] drain|[of] p2a: Dondozo
|faint|p2a: Dondozo
|-damage|p1a: Venusaur|91/100|[from] item: Life Orb
|
|-weather|none
|upkeep
|
|t:|1769442961
|switch|p2a: Ting-Lu|Ting-Lu|100/100
|-damage|p2a: Ting-Lu|94/100|[from] Stealth Rock
|-damage|p2a: Ting-Lu|78/100|[from] Spikes
|-ability|p2a: Ting-Lu|Vessel of Ruin
|turn|15
|
|t:|1769442969
|move|p1a: Venusaur|Giga Drain|p2a: Ting-Lu
|-supereffective|p2a: Ting-Lu
|-damage|p2a: Ting-Lu|0 fnt
|-heal|p1a: Venusaur|100/100|[from] drain|[of] p2a: Ting-Lu
|faint|p2a: Ting-Lu
|-damage|p1a: Venusaur|91/100|[from] item: Life Orb
|
|upkeep
|
|t:|1769442972
|switch|p2a: Slowking|Slowking-Galar, M|100/100
|-damage|p2a: Slowking|88/100|[from] Stealth Rock
|-damage|p2a: Slowking|72/100|[from] Spikes
|turn|16
|
|t:|1769442980
|switch|p1a: Persian|Persian, M|100/100
|move|p2a: Slowking|Future Sight|p1a: Persian
|-start|p2a: Slowking|move: Future Sight
|
|upkeep
|turn|17
|
|t:|1769442988
|move|p1a: Persian|Knock Off|p2a: Slowking
|-supereffective|p2a: Slowking
|-damage|p2a: Slowking|36/100
|-enditem|p2a: Slowking|Shuca Berry|[from] move: Knock Off|[of] p1a: Persian
|move|p2a: Slowking|Sludge Bomb|p1a: Persian
|-damage|p1a: Persian|43/100
|
|upkeep
|turn|18
|
|t:|1769442995
|move|p1a: Persian|Knock Off|p2a: Slowking
|-supereffective|p2a: Slowking
|-damage|p2a: Slowking|16/100
|move|p2a: Slowking|Sludge Bomb|p1a: Persian
|-damage|p1a: Persian|0 fnt
|faint|p1a: Persian
|
|-hint|Future Sight did not hit because the target is fainted.
|upkeep
|
|t:|1769443002
|switch|p1a: Ninetales|Ninetales, F|100/100
|-weather|SunnyDay|[from] ability: Drought|[of] p1a: Ninetales
|turn|19
|
|t:|1769443011
|switch|p2a: Cinderace|Cinderace, F|100/100
|move|p1a: Ninetales|Weather Ball|p2a: Cinderace
|-resisted|p2a: Cinderace
|-damage|p2a: Cinderace|75/100
|
|-weather|SunnyDay|[upkeep]
|upkeep
|turn|20
|
|t:|1769443019
|move|p2a: Cinderace|Court Change|p2a: Cinderace
|-swapsideconditions
|-activate|p2a: Cinderace|move: Court Change
|move|p1a: Ninetales|Memento|p2a: Cinderace
|-unboost|p2a: Cinderace|atk|2
|-unboost|p2a: Cinderace|spa|2
|faint|p1a: Ninetales
|
|-weather|SunnyDay|[upkeep]
|upkeep
|
|t:|1769443029
|switch|p1a: Charizard|Charizard, M|100/100
|turn|21
|
|t:|1769443039
|switch|p2a: Slowking|Slowking-Galar, M|49/100
|move|p1a: Charizard|Scorching Sands|p2a: Slowking
|-supereffective|p2a: Slowking
|-damage|p2a: Slowking|14/100
|-status|p2a: Slowking|brn
|
|-weather|SunnyDay|[upkeep]
|-damage|p2a: Slowking|8/100 brn|[from] brn
|upkeep
|turn|22
|
|t:|1769443052
|move|p1a: Charizard|Scorching Sands|p2a: Slowking
|-supereffective|p2a: Slowking
|-damage|p2a: Slowking|0 fnt
|faint|p2a: Slowking
|
|-weather|SunnyDay|[upkeep]
|upkeep
|
|t:|1769443058
|switch|p2a: Corviknight|Corviknight, F|100/100
|-ability|p2a: Corviknight|Pressure
|turn|23
|
|t:|1769443067
|move|p1a: Charizard|Flamethrower|p2a: Corviknight
|-supereffective|p2a: Corviknight
|-damage|p2a: Corviknight|0 fnt
|faint|p2a: Corviknight
|
|-weather|SunnyDay|[upkeep]
|upkeep
|
|t:|1769443071
|switch|p2a: Cinderace|Cinderace, F|75/100
|turn|24
|-message|williamwith4ms forfeited.
|
|win|ojimatias
|raw|ojimatias's rating: 1132 &rarr; <strong>1157</strong><br />(+25 for winning)
|raw|williamwith4ms's rating: 1129 &rarr; <strong>1104</strong><br />(-25 for losing)
|l|☆williamwith4ms
|player|p2|
|l|☆ojimatias
|player|p1|
