|j|☆TwinkleLittleStars
|j|☆CambridgeFoulPlay
|t:|1769339591
|gametype|singles
|player|p1|TwinkleLittleStars|alec-anime|1634
|player|p2|CambridgeFoulPlay|266|1665
|gen|9
|tier|[Gen 9] OU
|rated|
|rule|HP Percentage Mod: HP is shown in percentages
|rule|Endless Battle Clause: Forcing endless battles is banned
|rule|Species Clause: Limit one of each Pokémon
|rule|OHKO Clause: OHKO moves are banned
|rule|Evasion Items Clause: Evasion items are banned
|rule|Evasion Moves Clause: Evasion moves are banned
|rule|Evasion Abilities Clause: Evasion abilities are banned
|rule|Sleep Moves Clause: Sleep-inducing moves are banned
|clearpoke
|poke|p1|Zamazenta-*|
|poke|p1|Ting-Lu|
|poke|p1|Ceruledge, F|
|poke|p1|Enamorus, F|
|poke|p1|Kingambit, F|
|poke|p1|Ogerpon-Wellspring, F|
|poke|p2|Hydrapple, M|
|poke|p2|Tyranitar, F|
|poke|p2|Moltres|
|poke|p2|Zamazenta-*|
|poke|p2|Slowking-Galar, M|
|poke|p2|Excadrill, F|
|teampreview
|c|☆CambridgeFoulPlay|hf
|inactive|Battle timer is ON: inactive players will automatically lose when time's up. (requested by CambridgeFoulPlay)
|c|☆TwinkleLittleStars|glhf
|
|t:|1769339607
|teamsize|p1|6
|teamsize|p2|6
|start
|switch|p1a: Ting-Lu|Ting-Lu|100/100
|switch|p2a: Slowking|Slowking-Galar, M|100/100
|-ability|p1a: Ting-Lu|Vessel of Ruin
|turn|1
|
|t:|1769339611
|move|p1a: Ting-Lu|Earthquake|p2a: Slowking
|-supereffective|p2a: Slowking
|-crit|p2a: Slowking
|-damage|p2a: Slowking|16/100
|move|p2a: Slowking|Ice Beam|p1a: Ting-Lu
|-supereffective|p1a: Ting-Lu
|-damage|p1a: Ting-Lu|72/100
|-enditem|p1a: Ting-Lu|Red Card|[of] p2a: Slowking
|drag|p2a: Zamazenta|Zamazenta|100/100
|-ability|p2a: Zamazenta|Dauntless Shield|boost
|-boost|p2a: Zamazenta|def|1
|
|upkeep
|turn|2
|
|t:|1769339615
|move|p2a: Zamazenta|Body Press|p1a: Ting-Lu
|-supereffective|p1a: Ting-Lu
|-damage|p1a: Ting-Lu|26/100
|move|p1a: Ting-Lu|Stealth Rock|p2a: Zamazenta
|-sidestart|p2: CambridgeFoulPlay|move: Stealth Rock
|
|upkeep
|turn|3
|
|t:|1769339617
|move|p1a: Ting-Lu|Ruination|p2a: Zamazenta
|-damage|p2a: Zamazenta|51/100
|move|p2a: Zamazenta|Roar|p1a: Ting-Lu
|drag|p1a: Ogerpon|Ogerpon-Wellspring, F|100/100
|
|-heal|p2a: Zamazenta|57/100|[from] item: Leftovers
|upkeep
|turn|4
|
|t:|1769339623
|switch|p1a: Enamorus|Enamorus, F|100/100
|move|p2a: Zamazenta|Roar|p1a: Enamorus
|drag|p1a: Ogerpon|Ogerpon-Wellspring, F|100/100
|
|-heal|p2a: Zamazenta|63/100|[from] item: Leftovers
|upkeep
|turn|5
|
|t:|1769339627
|move|p2a: Zamazenta|Body Press|p1a: Ogerpon
|-damage|p1a: Ogerpon|21/100
|move|p1a: Ogerpon|Play Rough|p2a: Zamazenta
|-supereffective|p2a: Zamazenta
|-damage|p2a: Zamazenta|24/100
|
|-heal|p2a: Zamazenta|30/100|[from] item: Leftovers
|upkeep
|turn|6
|
|t:|1769339633
|switch|p1a: Ting-Lu|Ting-Lu|26/100
|-ability|p1a: Ting-Lu|Vessel of Ruin
|move|p2a: Zamazenta|Roar|p1a: Ting-Lu
|drag|p1a: Enamorus|Enamorus, F|100/100
|
|-heal|p2a: Zamazenta|36/100|[from] item: Leftovers
|upkeep
|turn|7
|
|t:|1769339635
|move|p1a: Enamorus|Moonblast|p2a: Zamazenta
|-supereffective|p2a: Zamazenta
|-damage|p2a: Zamazenta|0 fnt
|faint|p2a: Zamazenta
|
|upkeep
|
|t:|1769339638
|switch|p2a: Slowking|Slowking-Galar, M|49/100
|-damage|p2a: Slowking|37/100|[from] Stealth Rock
|turn|8
|
|t:|1769339641
|switch|p1a: Ting-Lu|Ting-Lu|26/100
|-ability|p1a: Ting-Lu|Vessel of Ruin
|move|p2a: Slowking|Sludge Bomb|p1a: Ting-Lu
|-resisted|p1a: Ting-Lu
|-damage|p1a: Ting-Lu|16/100
|
|upkeep
|turn|9
|
|t:|1769339644
|switch|p2a: Hydrapple|Hydrapple, M|100/100
|move|p1a: Ting-Lu|Earthquake|p2a: Hydrapple
|-resisted|p2a: Hydrapple
|-damage|p2a: Hydrapple|88/100
|
|upkeep
|turn|10
|
|t:|1769339647
|move|p2a: Hydrapple|Giga Drain|p1a: Ting-Lu
|-supereffective|p1a: Ting-Lu
|-damage|p1a: Ting-Lu|0 fnt
|-heal|p2a: Hydrapple|99/100|[from] drain|[of] p1a: Ting-Lu
|faint|p1a: Ting-Lu
|
|upkeep
|
|t:|1769339650
|switch|p1a: Enamorus|Enamorus, F|100/100
|turn|11
|
|t:|1769339652
|switch|p1a: Ogerpon|Ogerpon-Wellspring, F|21/100
|switch|p2a: Slowking|Slowking-Galar, M|70/100
|-damage|p2a: Slowking|58/100|[from] Stealth Rock
|
|upkeep
|turn|12
|j| Samurajen
|
|t:|1769339657
|switch|p1a: Kingambit|Kingambit, F|100/100
|-activate|p1a: Kingambit|ability: Supreme Overlord
|-start|p1a: Kingambit|fallen1|[silent]
|switch|p2a: Hydrapple|Hydrapple, M|100/100
|
|upkeep
|turn|13
|
|t:|1769339661
|-end|p1a: Kingambit|fallen1|[silent]
|switch|p1a: Enamorus|Enamorus, F|100/100
|switch|p2a: Moltres|Moltres|100/100
|
|upkeep
|turn|14
|
|t:|1769339668
|move|p1a: Enamorus|Healing Wish|p1a: Enamorus
|faint|p1a: Enamorus
|move|p2a: Moltres|Flamethrower|p1: Enamorus|[notarget]
|-fail|p2a: Moltres
|
|upkeep
|
|t:|1769339670
|switch|p1a: Ogerpon|Ogerpon-Wellspring, F|21/100
|-heal|p1a: Ogerpon|100/100|[from] move: Healing Wish
|turn|15
|
|t:|1769339673
|switch|p2a: Hydrapple|Hydrapple, M|100/100
|move|p1a: Ogerpon|Swords Dance|p1a: Ogerpon
|-boost|p1a: Ogerpon|atk|2
|
|upkeep
|turn|16
|
|t:|1769339675
|switch|p2a: Moltres|Moltres|100/100
|move|p1a: Ogerpon|Play Rough|p2a: Moltres
|-resisted|p2a: Moltres
|-damage|p2a: Moltres|78/100
|
|upkeep
|turn|17
|
|t:|1769339679
|switch|p2a: Hydrapple|Hydrapple, M|100/100
|move|p1a: Ogerpon|Ivy Cudgel|p2a: Hydrapple|[anim] Ivy Cudgel Water
|-resisted|p2a: Hydrapple
|-crit|p2a: Hydrapple
|-damage|p2a: Hydrapple|72/100
|
|upkeep
|turn|18
|
|t:|1769339682
|switch|p2a: Moltres|Moltres|78/100
|move|p1a: Ogerpon|Play Rough|p2a: Moltres
|-resisted|p2a: Moltres
|-damage|p2a: Moltres|55/100
|
|upkeep
|turn|19
|
|t:|1769339684
|switch|p2a: Hydrapple|Hydrapple, M|100/100
|move|p1a: Ogerpon|Ivy Cudgel|p2a: Hydrapple|[anim] Ivy Cudgel Water
|-resisted|p2a: Hydrapple
|-damage|p2a: Hydrapple|83/100
|
|upkeep
|turn|20
|
|t:|1769339686
|switch|p2a: Moltres|Moltres|55/100
|move|p1a: Ogerpon|Play Rough|p2a: Moltres
|-resisted|p2a: Moltres
|-damage|p2a: Moltres|31/100
|
|upkeep
|turn|21
|
|t:|1769339689
|switch|p2a: Hydrapple|Hydrapple, M|100/100
|move|p1a: Ogerpon|Ivy Cudgel|p2a: Hydrapple|[anim] Ivy Cudgel Water
|-resisted|p2a: Hydrapple
|-damage|p2a: Hydrapple|83/100
|
|upkeep
|turn|22
|
|t:|1769339690
|move|p1a: Ogerpon|Ivy Cudgel|p2a: Hydrapple|[anim] Ivy Cudgel Water
|-resisted|p2a: Hydrapple
|-damage|p2a: Hydrapple|65/100
|move|p2a: Hydrapple|Fickle Beam|p1a: Ogerpon|[anim] Fickle Beam All Out
|-activate|p2a: Hydrapple|move: Fickle Beam
|-damage|p1a: Ogerpon|19/100
|
|upkeep
|turn|23
|
|t:|1769339693
|switch|p2a: Moltres|Moltres|31/100
|move|p1a: Ogerpon|Ivy Cudgel|p2a: Moltres|[anim] Ivy Cudgel Water
|-supereffective|p2a: Moltres
|-damage|p2a: Moltres|0 fnt
|faint|p2a: Moltres
|
|upkeep
|
|t:|1769339694
|switch|p2a: Hydrapple|Hydrapple, M|99/100
|turn|24
|
|t:|1769339697
|-terastallize|p2a: Hydrapple|Poison
|move|p1a: Ogerpon|Ivy Cudgel|p2a: Hydrapple|[anim] Ivy Cudgel Water
|-damage|p2a: Hydrapple|33/100
|move|p2a: Hydrapple|Fickle Beam|p1a: Ogerpon|[anim] Fickle Beam All Out
|-activate|p2a: Hydrapple|move: Fickle Beam
|-damage|p1a: Ogerpon|0 fnt
|faint|p1a: Ogerpon
|
|upkeep
|
|t:|1769339704
|switch|p1a: Kingambit|Kingambit, F|100/100
|-activate|p1a: Kingambit|ability: Supreme Overlord
|-start|p1a: Kingambit|fallen3|[silent]
|turn|25
|
|t:|1769339707
|move|p1a: Kingambit|Kowtow Cleave|p2a: Hydrapple
|-damage|p2a: Hydrapple|0 fnt
|faint|p2a: Hydrapple
|
|upkeep
|
|t:|1769339711
|switch|p2a: Excadrill|Excadrill, F|100/100
|-damage|p2a: Excadrill|97/100|[from] Stealth Rock
|-item|p2a: Excadrill|Air Balloon
|turn|26
|
|t:|1769339717
|move|p2a: Excadrill|Earthquake|p1a: Kingambit
|-supereffective|p1a: Kingambit
|-damage|p1a: Kingambit|18/100
|move|p1a: Kingambit|Kowtow Cleave|p2a: Excadrill
|-damage|p2a: Excadrill|0 fnt
|-enditem|p2a: Excadrill|Air Balloon
|faint|p2a: Excadrill
|
|-heal|p1a: Kingambit|24/100|[from] item: Leftovers
|upkeep
|
|t:|1769339722
|switch|p2a: Tyranitar|Tyranitar, F|100/100
|-damage|p2a: Tyranitar|88/100|[from] Stealth Rock
|-weather|Sandstorm|[from] ability: Sand Stream|[of] p2a: Tyranitar
|turn|27
|
|t:|1769339724
|switch|p2a: Slowking|Slowking-Galar, M|91/100
|-damage|p2a: Slowking|79/100|[from] Stealth Rock
|move|p1a: Kingambit|Iron Head|p2a: Slowking
|-damage|p2a: Slowking|31/100
|
|-weather|Sandstorm|[upkeep]
|-damage|p2a: Slowking|25/100|[from] Sandstorm
|-heal|p1a: Kingambit|30/100|[from] item: Leftovers
|upkeep
|turn|28
|
|t:|1769339727
|switch|p2a: Tyranitar|Tyranitar, F|88/100
|-damage|p2a: Tyranitar|76/100|[from] Stealth Rock
|move|p1a: Kingambit|Iron Head|p2a: Tyranitar
|-supereffective|p2a: Tyranitar
|-damage|p2a: Tyranitar|0 fnt
|faint|p2a: Tyranitar
|
|-weather|Sandstorm|[upkeep]
|-heal|p1a: Kingambit|36/100|[from] item: Leftovers
|upkeep
|
|t:|1769339730
|switch|p2a: Slowking|Slowking-Galar, M|58/100
|-damage|p2a: Slowking|46/100|[from] Stealth Rock
|turn|29
|
|t:|1769339732
|move|p1a: Kingambit|Kowtow Cleave|p2a: Slowking
|-supereffective|p2a: Slowking
|-damage|p2a: Slowking|0 fnt
|faint|p2a: Slowking
|
|win|TwinkleLittleStars
|raw|TwinkleLittleStars's rating: 1634 &rarr; <strong>1656</strong><br />(+22 for winning)
|raw|CambridgeFoulPlay's rating: 1665 &rarr; <strong>1643</strong><br />(-22 for losing)
|c|☆CambridgeFoulPlay|gg
