|j|☆nigjid
|j|☆amartianbecauseyes
|t:|1769401085
|gametype|singles
|player|p1|nigjid|101|1000
|player|p2|amartianbecauseyes|lucas|1028
|gen|9
|tier|[Gen 9] OU
|rated|
|rule|HP Percentage Mod: HP is shown in percentages
|rule|Endless Battle Clause: Forcing endless battles is banned
|rule|Species Clause: Limit one of each Pokémon
|rule|OHKO Clause: OHKO moves are banned
|rule|Evasion Items Clause: Evasion items are banned
|rule|Evasion Moves Clause: Evasion moves are banned
|rule|Evasion Abilities Clause: Evasion abilities are banned
|rule|Sleep Moves Clause: Sleep-inducing moves are banned
|clearpoke
|poke|p1|Gengar, F|
|poke|p1|Mudkip, F|
|poke|p1|Arcanine, F|
|poke|p1|Gardevoir, M|
|poke|p1|Scizor, M|
|poke|p1|Mimikyu, M|
|poke|p2|Umbreon, M|
|poke|p2|Gholdengo|
|poke|p2|Great Tusk|
|poke|p2|Samurott-Hisui, M|
|poke|p2|Raging Bolt|
|poke|p2|Alomomola, F|
|teampreview
|
|t:|1769401091
|teamsize|p1|6
|teamsize|p2|6
|start
|switch|p1a: Mudkip|Mudkip, F, shiny|100/100
|switch|p2a: Samurott|Samurott-Hisui, M|100/100
|turn|1
|
|t:|1769401102
|move|p2a: Samurott|Ceaseless Edge|p1a: Mudkip
|-damage|p1a: Mudkip|67/100
|-sidestart|p1: nigjid|Spikes
|move|p1a: Mudkip|Roar|p2a: Samurott
|drag|p2a: Umbreon|Umbreon, M|100/100
|
|upkeep
|turn|2
|
|t:|1769401111
|move|p2a: Umbreon|Thunder Wave|p1a: Mudkip
|-status|p1a: Mudkip|par
|move|p1a: Mudkip|Rock Slide|p2a: Umbreon
|-damage|p2a: Umbreon|90/100
|
|-heal|p2a: Umbreon|96/100|[from] item: Leftovers
|upkeep
|turn|3
|
|t:|1769401123
|switch|p2a: Raging Bolt|Raging Bolt|100/100
|-enditem|p2a: Raging Bolt|Booster Energy
|-activate|p2a: Raging Bolt|ability: Protosynthesis|[fromitem]
|-start|p2a: Raging Bolt|protosynthesisspa
|move|p1a: Mudkip|Ice Beam|p2a: Raging Bolt
|-supereffective|p2a: Raging Bolt
|-damage|p2a: Raging Bolt|82/100
|
|upkeep
|turn|4
|
|t:|1769401135
|move|p2a: Raging Bolt|Thunderbolt|p1a: Mudkip
|-supereffective|p1a: Mudkip
|-damage|p1a: Mudkip|0 fnt
|faint|p1a: Mudkip
|
|upkeep
|
|t:|1769401147
|switch|p1a: Mimikyu|Mimikyu, M, shiny|100/100
|-damage|p1a: Mimikyu|88/100|[from] Spikes
|turn|5
|
|t:|1769401157
|-end|p2a: Raging Bolt|Protosynthesis|[silent]
|switch|p2a: Gholdengo|Gholdengo|100/100
|move|p1a: Mimikyu|Play Rough|p2a: Gholdengo
|-resisted|p2a: Gholdengo
|-damage|p2a: Gholdengo|74/100
|-damage|p1a: Mimikyu|78/100|[from] item: Life Orb
|
|upkeep
|turn|6
|
|t:|1769401165
|move|p1a: Mimikyu|Shadow Sneak|p2a: Gholdengo
|-supereffective|p2a: Gholdengo
|-damage|p2a: Gholdengo|22/100
|-damage|p1a: Mimikyu|68/100|[from] item: Life Orb
|move|p2a: Gholdengo|Make It Rain|p1a: Mimikyu
|-activate|p1a: Mimikyu|ability: Disguise
|-damage|p1a: Mimikyu|68/100
|-unboost|p2a: Gholdengo|spa|1
|detailschange|p1a: Mimikyu|Mimikyu-Busted, M, shiny
|-damage|p1a: Mimikyu|56/100|[from] pokemon: Mimikyu-Busted
|-damage|p2a: Gholdengo|12/100|[from] item: Life Orb
|
|upkeep
|turn|7
|
|t:|1769401184
|switch|p2a: Samurott|Samurott-Hisui, M|100/100
|move|p1a: Mimikyu|Swords Dance|p1a: Mimikyu
|-boost|p1a: Mimikyu|atk|2
|
|upkeep
|turn|8
|
|t:|1769401193
|move|p2a: Samurott|Ceaseless Edge|p1a: Mimikyu
|-damage|p1a: Mimikyu|0 fnt
|-sidestart|p1: nigjid|Spikes
|faint|p1a: Mimikyu
|
|upkeep
|
|t:|1769401202
|switch|p1a: Gardevoir|Gardevoir, M, shiny|100/100
|-damage|p1a: Gardevoir|84/100|[from] Spikes
|turn|9
|
|t:|1769401210
|switch|p2a: Alomomola|Alomomola, F|100/100
|move|p1a: Gardevoir|Alluring Voice|p2a: Alomomola
|-damage|p2a: Alomomola|49/100
|
|-heal|p1a: Gardevoir|90/100|[from] item: Leftovers
|upkeep
|turn|10
|
|t:|1769401217
|move|p1a: Gardevoir|Alluring Voice|p2a: Alomomola
|-damage|p2a: Alomomola|0 fnt
|faint|p2a: Alomomola
|
|-heal|p1a: Gardevoir|96/100|[from] item: Leftovers
|upkeep
|
|t:|1769401225
|switch|p2a: Gholdengo|Gholdengo|12/100
|turn|11
|
|t:|1769401231
|move|p2a: Gholdengo|Make It Rain|p1a: Gardevoir
|-supereffective|p1a: Gardevoir
|-damage|p1a: Gardevoir|0 fnt
|-unboost|p2a: Gholdengo|spa|1
|faint|p1a: Gardevoir
|-damage|p2a: Gholdengo|2/100|[from] item: Life Orb
|
|upkeep
|
|t:|1769401240
|switch|p1a: Arcanine|Arcanine, F, shiny|100/100
|-ability|p1a: Arcanine|Intimidate|boost
|-unboost|p2a: Gholdengo|atk|1
|turn|12
|
|t:|1769401246
|switch|p2a: Great Tusk|Great Tusk|100/100
|move|p1a: Arcanine|Flare Blitz|p2a: Great Tusk
|-crit|p2a: Great Tusk
|-damage|p2a: Great Tusk|62/100
|-damage|p1a: Arcanine|84/100|[from] item: Rocky Helmet|[of] p2a: Great Tusk
|-damage|p1a: Arcanine|70/100|[from] Recoil
|
|upkeep
|turn|13
|
|t:|1769401258
|move|p2a: Great Tusk|Stealth Rock|p1a: Arcanine
|-sidestart|p1: nigjid|move: Stealth Rock
|move|p1a: Arcanine|Will-O-Wisp|p2a: Great Tusk
|-status|p2a: Great Tusk|brn
|
|-damage|p2a: Great Tusk|56/100 brn|[from] brn
|upkeep
|turn|14
|
|t:|1769401271
|move|p2a: Great Tusk|Headlong Rush|p1a: Arcanine
|-supereffective|p1a: Arcanine
|-damage|p1a: Arcanine|30/100
|-unboost|p2a: Great Tusk|def|1
|-unboost|p2a: Great Tusk|spd|1
|move|p1a: Arcanine|Morning Sun|p1a: Arcanine
|-heal|p1a: Arcanine|80/100
|
|-damage|p2a: Great Tusk|49/100 brn|[from] brn
|upkeep
|turn|15
|
|t:|1769401290
|-end|p2a: Great Tusk|Protosynthesis|[silent]
|switch|p2a: Umbreon|Umbreon, M|96/100
|move|p1a: Arcanine|Extreme Speed|p2a: Umbreon
|-crit|p2a: Umbreon
|-damage|p2a: Umbreon|71/100
|
|-heal|p2a: Umbreon|77/100|[from] item: Leftovers
|upkeep
|turn|16
|
|t:|1769401297
|move|p1a: Arcanine|Flare Blitz|p2a: Umbreon
|-damage|p2a: Umbreon|40/100
|-damage|p1a: Arcanine|68/100|[from] Recoil
|move|p2a: Umbreon|Roar|p1a: Arcanine
|drag|p1a: Scizor|Scizor, M, shiny|100/100
|-damage|p1a: Scizor|84/100|[from] Spikes
|-damage|p1a: Scizor|72/100|[from] Stealth Rock
|
|-heal|p2a: Umbreon|46/100|[from] item: Leftovers
|upkeep
|turn|17
|
|t:|1769401317
|move|p1a: Scizor|U-turn|p2a: Umbreon
|-supereffective|p2a: Umbreon
|-damage|p2a: Umbreon|0 fnt
|faint|p2a: Umbreon
|
|t:|1769401321
|switch|p1a: Gengar|Gengar, F, shiny|100/100|[from] U-turn
|-damage|p1a: Gengar|84/100|[from] Spikes
|-damage|p1a: Gengar|72/100|[from] Stealth Rock
|
|upkeep
|
|t:|1769401337
|switch|p2a: Samurott|Samurott-Hisui, M|100/100
|turn|18
|
|t:|1769401347
|switch|p1a: Scizor|Scizor, M, shiny|72/100
|-damage|p1a: Scizor|55/100|[from] Spikes
|-damage|p1a: Scizor|43/100|[from] Stealth Rock
|move|p2a: Samurott|Ceaseless Edge|p1a: Scizor
|-crit|p1a: Scizor
|-damage|p1a: Scizor|0 fnt
|-sidestart|p1: nigjid|Spikes
|faint|p1a: Scizor
|
|upkeep
|
|t:|1769401356
|switch|p1a: Gengar|Gengar, F, shiny|72/100
|-damage|p1a: Gengar|47/100|[from] Spikes
|-damage|p1a: Gengar|35/100|[from] Stealth Rock
|turn|19
|
|t:|1769401362
|move|p2a: Samurott|Ceaseless Edge|p1a: Gengar
|-supereffective|p1a: Gengar
|-damage|p1a: Gengar|0 fnt
|-start|p2a: Samurott|Disable|Ceaseless Edge|[from] ability: Cursed Body|[of] p1a: Gengar
|faint|p1a: Gengar
|
|upkeep
|
|t:|1769401365
|switch|p1a: Arcanine|Arcanine, F, shiny|68/100
|-ability|p1a: Arcanine|Intimidate|boost
|-unboost|p2a: Samurott|atk|1
|turn|20
|
|t:|1769401380
|switch|p2a: Great Tusk|Great Tusk|49/100 brn
|move|p1a: Arcanine|Extreme Speed|p2a: Great Tusk
|-damage|p2a: Great Tusk|36/100 brn
|-damage|p1a: Arcanine|51/100|[from] item: Rocky Helmet|[of] p2a: Great Tusk
|
|-damage|p2a: Great Tusk|30/100 brn|[from] brn
|upkeep
|turn|21
|
|t:|1769401389
|move|p1a: Arcanine|Extreme Speed|p2a: Great Tusk
|-damage|p2a: Great Tusk|17/100 brn
|-damage|p1a: Arcanine|35/100|[from] item: Rocky Helmet|[of] p2a: Great Tusk
|move|p2a: Great Tusk|Headlong Rush|p1a: Arcanine
|-supereffective|p1a: Arcanine
|-damage|p1a: Arcanine|0 fnt
|-unboost|p2a: Great Tusk|def|1
|-unboost|p2a: Great Tusk|spd|1
|faint|p1a: Arcanine
|
|win|amartianbecauseyes
|raw|nigjid's rating: 1000 &rarr; <strong>1000</strong><br />(+0 for losing)
|raw|amartianbecauseyes's rating: 1028 &rarr; <strong>1061</strong><br />(+33 for winning)
|l|☆nigjid
|player|p1|
