|j|☆Hammez40
|j|‽qiyange
|t:|1769405915
|gametype|singles
|player|p1|Hammez40|harlequin|1143
|player|p2|qiyange|2|1148
|gen|9
|tier|[Gen 9] OU
|rated|
|rule|HP Percentage Mod: HP is shown in percentages
|rule|Endless Battle Clause: Forcing endless battles is banned
|rule|Species Clause: Limit one of each Pokémon
|rule|OHKO Clause: OHKO moves are banned
|rule|Evasion Items Clause: Evasion items are banned
|rule|Evasion Moves Clause: Evasion moves are banned
|rule|Evasion Abilities Clause: Evasion abilities are banned
|rule|Sleep Moves Clause: Sleep-inducing moves are banned
|clearpoke
|poke|p1|Darkrai|
|poke|p1|Iron Crown|
|poke|p1|Quaquaval, F|
|poke|p1|Gliscor, F|
|poke|p1|Florges, F|
|poke|p1|Pecharunt|
|poke|p2|Corviknight, F|
|poke|p2|Ting-Lu|
|poke|p2|Hatterene, F|
|poke|p2|Zamazenta-*|
|poke|p2|Latias, F|
|poke|p2|Heatran, M|
|teampreview
|
|t:|1769405921
|teamsize|p1|6
|teamsize|p2|6
|start
|switch|p1a: bat|Gliscor, F|100/100
|switch|p2a: Zamazenta|Zamazenta|100/100
|-ability|p2a: Zamazenta|Dauntless Shield|boost
|-boost|p2a: Zamazenta|def|1
|turn|1
|
|t:|1769405930
|move|p2a: Zamazenta|Light Screen|p2a: Zamazenta
|-sidestart|p2: qiyange|move: Light Screen
|move|p1a: bat|Toxic|p2a: Zamazenta
|-status|p2a: Zamazenta|tox
|
|-damage|p2a: Zamazenta|94/100 tox|[from] psn
|-status|p1a: bat|tox|[from] item: Toxic Orb
|upkeep
|turn|2
|
|t:|1769405945
|switch|p2a: Heatran|Heatran, M|100/100
|move|p1a: bat|Stealth Rock|p2a: Heatran
|-sidestart|p2: qiyange|move: Stealth Rock
|
|upkeep
|turn|3
|
|t:|1769405951
|move|p2a: Heatran|Magma Storm|p1a: bat|[miss]
|-miss|p2a: Heatran|p1a: bat
|move|p1a: bat|Earthquake|p2a: Heatran
|-supereffective|p2a: Heatran
|-damage|p2a: Heatran|0 fnt
|faint|p2a: Heatran
|
|upkeep
|
|t:|1769405958
|switch|p2a: Hatterene|Hatterene, F|100/100
|-damage|p2a: Hatterene|88/100|[from] Stealth Rock
|turn|4
|
|t:|1769405969
|switch|p1a: bambs|Iron Crown|100/100
|-enditem|p1a: bambs|Booster Energy
|-activate|p1a: bambs|ability: Quark Drive|[fromitem]
|-start|p1a: bambs|quarkdrivespe
|move|p2a: Hatterene|Calm Mind|p2a: Hatterene
|-boost|p2a: Hatterene|spa|1
|-boost|p2a: Hatterene|spd|1
|
|-heal|p2a: Hatterene|94/100|[from] item: Leftovers
|upkeep
|turn|5
|
|t:|1769405978
|move|p1a: bambs|Calm Mind|p1a: bambs
|-boost|p1a: bambs|spa|1
|-boost|p1a: bambs|spd|1
|move|p2a: Hatterene|Mystical Fire|p1a: bambs
|-supereffective|p1a: bambs
|-damage|p1a: bambs|56/100
|-unboost|p1a: bambs|spa|1
|
|-heal|p2a: Hatterene|99/100|[from] item: Leftovers
|upkeep
|turn|6
|
|t:|1769406007
|move|p1a: bambs|Tachyon Cutter|p2a: Hatterene
|-supereffective|p2a: Hatterene
|-damage|p2a: Hatterene|84/100
|-supereffective|p2a: Hatterene
|-damage|p2a: Hatterene|67/100
|-hitcount|p2a: Hatterene|2
|move|p2a: Hatterene|Mystical Fire|p1a: bambs
|-supereffective|p1a: bambs
|-damage|p1a: bambs|14/100
|-unboost|p1a: bambs|spa|1
|
|-heal|p2a: Hatterene|73/100|[from] item: Leftovers
|upkeep
|turn|7
|
|t:|1769406022
|move|p1a: bambs|Volt Switch|p2a: Hatterene
|-damage|p2a: Hatterene|68/100
|
|t:|1769406025
|-end|p1a: bambs|Quark Drive|[silent]
|switch|p1a: rosatia|Florges, F, shiny|100/100|[from] Volt Switch
|move|p2a: Hatterene|Mystical Fire|p1a: rosatia
|-damage|p1a: rosatia|82/100
|-unboost|p1a: rosatia|spa|1
|
|-heal|p1a: rosatia|89/100|[from] item: Leftovers
|-heal|p2a: Hatterene|74/100|[from] item: Leftovers
|upkeep
|turn|8
|
|t:|1769406035
|move|p1a: rosatia|Wish|p1a: rosatia
|move|p2a: Hatterene|Calm Mind|p2a: Hatterene
|-boost|p2a: Hatterene|spa|1
|-boost|p2a: Hatterene|spd|1
|
|-heal|p1a: rosatia|95/100|[from] item: Leftovers
|-heal|p2a: Hatterene|80/100|[from] item: Leftovers
|-sideend|p2: qiyange|move: Light Screen
|upkeep
|turn|9
|
|t:|1769406060
|switch|p1a: elton|Quaquaval, F, shiny|100/100
|move|p2a: Hatterene|Psychic Noise|p1a: elton
|-supereffective|p1a: elton
|-damage|p1a: elton|0 fnt
|faint|p1a: elton
|
|-heal|p2a: Hatterene|86/100|[from] item: Leftovers
|upkeep
|
|t:|1769406079
|switch|p1a: bat|Gliscor, F|100/100 tox
|turn|10
|
|t:|1769406085
|move|p1a: bat|Earthquake|p2a: Hatterene
|-crit|p2a: Hatterene
|-damage|p2a: Hatterene|44/100
|move|p2a: Hatterene|Psychic Noise|p1a: bat
|-damage|p1a: bat|24/100 tox
|-start|p1a: bat|move: Heal Block
|
|-heal|p2a: Hatterene|50/100|[from] item: Leftovers
|upkeep
|turn|11
|
|t:|1769406094
|move|p1a: bat|Earthquake|p2a: Hatterene
|-damage|p2a: Hatterene|23/100
|move|p2a: Hatterene|Draining Kiss|p1a: bat
|-damage|p1a: bat|0 fnt
|-heal|p2a: Hatterene|43/100|[from] drain|[of] p1a: bat
|faint|p1a: bat
|
|-heal|p2a: Hatterene|49/100|[from] item: Leftovers
|upkeep
|
|t:|1769406110
|switch|p1a: Darius|Darkrai, shiny|100/100
|turn|12
|
|t:|1769406119
|move|p1a: Darius|Sludge Bomb|p2a: Hatterene
|-supereffective|p2a: Hatterene
|-damage|p2a: Hatterene|0 fnt
|faint|p2a: Hatterene
|
|upkeep
|
|t:|1769406124
|switch|p2a: Zamazenta|Zamazenta|94/100 tox
|-damage|p2a: Zamazenta|88/100 tox|[from] Stealth Rock
|turn|13
|
|t:|1769406131
|switch|p1a: dayman wayans|Pecharunt|100/100
|move|p2a: Zamazenta|Light Screen|p2a: Zamazenta
|-sidestart|p2: qiyange|move: Light Screen
|
|-damage|p2a: Zamazenta|82/100 tox|[from] psn
|upkeep
|turn|14
|
|t:|1769406150
|switch|p2a: Ting-Lu|Ting-Lu|100/100
|-damage|p2a: Ting-Lu|94/100|[from] Stealth Rock
|-ability|p2a: Ting-Lu|Vessel of Ruin
|move|p1a: dayman wayans|Malignant Chain|p2a: Ting-Lu
|-resisted|p2a: Ting-Lu
|-damage|p2a: Ting-Lu|91/100
|-status|p2a: Ting-Lu|tox
|-start|p2a: Ting-Lu|confusion|[from] ability: Poison Puppeteer|[of] p1a: dayman wayans
|
|-damage|p2a: Ting-Lu|85/100 tox|[from] psn
|upkeep
|turn|15
|
|t:|1769406165
|move|p1a: dayman wayans|Parting Shot|p2a: Ting-Lu
|-unboost|p2a: Ting-Lu|atk|1
|-unboost|p2a: Ting-Lu|spa|1
|
|t:|1769406170
|switch|p1a: rosatia|Florges, F, shiny|95/100|[from] Parting Shot
|-activate|p2a: Ting-Lu|confusion
|move|p2a: Ting-Lu|Earthquake|p1a: rosatia
|-damage|p1a: rosatia|52/100
|
|-heal|p1a: rosatia|58/100|[from] item: Leftovers
|-damage|p2a: Ting-Lu|72/100 tox|[from] psn
|upkeep
|turn|16
|
|t:|1769406189
|switch|p2a: Corviknight|Corviknight, F|100/100
|-damage|p2a: Corviknight|88/100|[from] Stealth Rock
|-ability|p2a: Corviknight|Pressure
|move|p1a: rosatia|Wish|p1a: rosatia
|
|-heal|p2a: Corviknight|94/100|[from] item: Leftovers
|-heal|p1a: rosatia|64/100|[from] item: Leftovers
|upkeep
|turn|17
|
|t:|1769406199
|switch|p1a: bambs|Iron Crown|14/100
|move|p2a: Corviknight|Agility|p2a: Corviknight
|-boost|p2a: Corviknight|spe|2
|
|-heal|p1a: bambs|67/100|[from] move: Wish|[wisher] rosatia
|-heal|p2a: Corviknight|100/100|[from] item: Leftovers
|upkeep
|turn|18
|
|t:|1769406219
|-end|p1a: bambs|Quark Drive|[silent]
|switch|p1a: dayman wayans|Pecharunt|100/100
|move|p2a: Corviknight|Bulk Up|p2a: Corviknight
|-boost|p2a: Corviknight|atk|1
|-boost|p2a: Corviknight|def|1
|
|upkeep
|turn|19
|
|t:|1769406229
|move|p2a: Corviknight|Power Trip|p1a: dayman wayans
|-supereffective|p1a: dayman wayans
|-damage|p1a: dayman wayans|70/100
|move|p1a: dayman wayans|Foul Play|p2a: Corviknight
|-damage|p2a: Corviknight|84/100
|
|-heal|p2a: Corviknight|90/100|[from] item: Leftovers
|upkeep
|turn|20
|
|t:|1769406247
|move|p2a: Corviknight|Bulk Up|p2a: Corviknight
|-boost|p2a: Corviknight|atk|1
|-boost|p2a: Corviknight|def|1
|move|p1a: dayman wayans|Parting Shot|p2a: Corviknight
|-unboost|p2a: Corviknight|atk|1
|-unboost|p2a: Corviknight|spa|1
|
|t:|1769406259
|switch|p1a: Darius|Darkrai, shiny|100/100|[from] Parting Shot
|
|-heal|p2a: Corviknight|96/100|[from] item: Leftovers
|-sideend|p2: qiyange|move: Light Screen
|upkeep
|turn|21
|
|t:|1769406268
|-terastallize|p1a: Darius|Dark
|move|p2a: Corviknight|Power Trip|p1a: Darius
|-resisted|p1a: Darius
|-damage|p1a: Darius|76/100
|move|p1a: Darius|Dark Pulse|p2a: Corviknight
|-damage|p2a: Corviknight|7/100
|
|-heal|p2a: Corviknight|14/100|[from] item: Leftovers
|upkeep
|turn|22
|
|t:|1769406279
|move|p2a: Corviknight|Power Trip|p1a: Darius
|-resisted|p1a: Darius
|-damage|p1a: Darius|50/100
|move|p1a: Darius|Dark Pulse|p2a: Corviknight
|-damage|p2a: Corviknight|0 fnt
|faint|p2a: Corviknight
|
|upkeep
|
|t:|1769406287
|switch|p2a: Zamazenta|Zamazenta|82/100 tox
|-damage|p2a: Zamazenta|76/100 tox|[from] Stealth Rock
|turn|23
|
|t:|1769406295
|switch|p1a: rosatia|Florges, F, shiny|64/100
|move|p2a: Zamazenta|Light Screen|p2a: Zamazenta
|-sidestart|p2: qiyange|move: Light Screen
|
|-heal|p1a: rosatia|70/100|[from] item: Leftovers
|-damage|p2a: Zamazenta|70/100 tox|[from] psn
|upkeep
|turn|24
|
|t:|1769406304
|move|p1a: rosatia|Wish|p1a: rosatia
|move|p2a: Zamazenta|Roar|p1a: rosatia
|drag|p1a: Darius|Darkrai, shiny, tera:Dark|50/100
|
|-damage|p2a: Zamazenta|57/100 tox|[from] psn
|upkeep
|turn|25
|
|t:|1769406338
|switch|p2a: Latias|Latias, F|100/100
|-damage|p2a: Latias|88/100|[from] Stealth Rock
|move|p1a: Darius|Ice Beam|p2a: Latias
|-supereffective|p2a: Latias
|-damage|p2a: Latias|49/100
|-enditem|p2a: Latias|Weakness Policy
|-boost|p2a: Latias|atk|2|[from] item: Weakness Policy
|-boost|p2a: Latias|spa|2|[from] item: Weakness Policy
|
|-heal|p1a: Darius|100/100|[from] move: Wish|[wisher] rosatia
|upkeep
|turn|26
|
|t:|1769406359
|switch|p1a: rosatia|Florges, F, shiny|70/100
|move|p2a: Latias|Agility|p2a: Latias
|-boost|p2a: Latias|spe|2
|
|-heal|p1a: rosatia|76/100|[from] item: Leftovers
|upkeep
|turn|27
|
|t:|1769406372
|move|p2a: Latias|Stored Power|p1a: rosatia
|-damage|p1a: rosatia|26/100
|move|p1a: rosatia|Alluring Voice|p2a: Latias
|-supereffective|p2a: Latias
|-damage|p2a: Latias|27/100
|
|-heal|p1a: rosatia|32/100|[from] item: Leftovers
|upkeep
|turn|28
|
|t:|1769406381
|move|p2a: Latias|Draining Kiss|p1a: rosatia
|-damage|p1a: rosatia|21/100
|-heal|p2a: Latias|35/100|[from] drain|[of] p1a: rosatia
|move|p1a: rosatia|Alluring Voice|p2a: Latias
|-supereffective|p2a: Latias
|-damage|p2a: Latias|12/100
|
|-heal|p1a: rosatia|27/100|[from] item: Leftovers
|upkeep
|turn|29
|
|t:|1769406392
|move|p2a: Latias|Stored Power|p1a: rosatia
|-damage|p1a: rosatia|0 fnt
|faint|p1a: rosatia
|
|upkeep
|
|t:|1769406402
|switch|p1a: Darius|Darkrai, shiny, tera:Dark|100/100
|turn|30
|
|t:|1769406417
|-terastallize|p2a: Latias|Dragon
|move|p2a: Latias|Draining Kiss|p1a: Darius
|-supereffective|p1a: Darius
|-damage|p1a: Darius|36/100
|-heal|p2a: Latias|49/100|[from] drain|[of] p1a: Darius
|move|p1a: Darius|Dark Pulse|p2a: Latias
|-damage|p2a: Latias|19/100
|
|-sideend|p2: qiyange|move: Light Screen
|upkeep
|turn|31
|
|t:|1769406439
|move|p2a: Latias|Draining Kiss|p1a: Darius
|-supereffective|p1a: Darius
|-damage|p1a: Darius|0 fnt
|-heal|p2a: Latias|40/100|[from] drain|[of] p1a: Darius
|faint|p1a: Darius
|
|upkeep
|
|t:|1769406448
|switch|p1a: bambs|Iron Crown|67/100
|turn|32
|
|t:|1769406454
|move|p2a: Latias|Stored Power|p1a: bambs
|-resisted|p1a: bambs
|-damage|p1a: bambs|44/100
|move|p1a: bambs|Tachyon Cutter|p2a: Latias
|-damage|p2a: Latias|21/100
|-crit|p2a: Latias
|-damage|p2a: Latias|0 fnt
|faint|p2a: Latias
|-hitcount|p2: Latias|2
|
|upkeep
|
|t:|1769406466
|switch|p2a: Zamazenta|Zamazenta|57/100 tox
|-damage|p2a: Zamazenta|51/100 tox|[from] Stealth Rock
|turn|33
|
|t:|1769406476
|move|p2a: Zamazenta|Light Screen|p2a: Zamazenta
|-sidestart|p2: qiyange|move: Light Screen
|move|p1a: bambs|Volt Switch|p2a: Zamazenta
|-damage|p2a: Zamazenta|43/100 tox
|
|t:|1769406480
|-end|p1a: bambs|Quark Drive|[silent]
|switch|p1a: dayman wayans|Pecharunt|70/100|[from] Volt Switch
|
|-damage|p2a: Zamazenta|37/100 tox|[from] psn
|upkeep
|turn|34
|
|t:|1769406491
|switch|p2a: Ting-Lu|Ting-Lu|72/100 tox
|-damage|p2a: Ting-Lu|66/100 tox|[from] Stealth Rock
|-ability|p2a: Ting-Lu|Vessel of Ruin
|move|p1a: dayman wayans|Recover|p1a: dayman wayans
|-heal|p1a: dayman wayans|100/100
|
|-damage|p2a: Ting-Lu|60/100 tox|[from] psn
|upkeep
|turn|35
|
|t:|1769406503
|move|p1a: dayman wayans|Foul Play|p2a: Ting-Lu
|-resisted|p2a: Ting-Lu
|-damage|p2a: Ting-Lu|51/100 tox
|move|p2a: Ting-Lu|Earthquake|p1a: dayman wayans
|-supereffective|p1a: dayman wayans
|-damage|p1a: dayman wayans|50/100
|
|-damage|p2a: Ting-Lu|38/100 tox|[from] psn
|upkeep
|turn|36
|
|t:|1769406517
|move|p1a: dayman wayans|Malignant Chain|p2a: Ting-Lu
|-resisted|p2a: Ting-Lu
|-damage|p2a: Ting-Lu|35/100 tox
|move|p2a: Ting-Lu|Earthquake|p1a: dayman wayans
|-supereffective|p1a: dayman wayans
|-damage|p1a: dayman wayans|0 fnt
|faint|p1a: dayman wayans
|
|-damage|p2a: Ting-Lu|16/100 tox|[from] psn
|upkeep
|
|t:|1769406526
|switch|p1a: bambs|Iron Crown|44/100
|turn|37
|
|t:|1769406539
|move|p1a: bambs|Tachyon Cutter|p2a: Ting-Lu
|-damage|p2a: Ting-Lu|12/100 tox
|-damage|p2a: Ting-Lu|8/100 tox
|-hitcount|p2a: Ting-Lu|2
|move|p2a: Ting-Lu|Throat Chop|p1a: bambs
|-supereffective|p1a: bambs
|-damage|p1a: bambs|0 fnt
|faint|p1a: bambs
|-end|p1a: bambs|Quark Drive|[silent]
|
|win|qiyange
|raw|Hammez40's rating: 1143 &rarr; <strong>1118</strong><br />(-25 for losing)
|raw|qiyange's rating: 1148 &rarr; <strong>1173</strong><br />(+25 for winning)
|l|☆Hammez40
|player|p1|
|l|‽qiyange
|player|p2|
