|j|☆turbotoby95
|j|☆thehailgod
|t:|1769411917
|gametype|singles
|player|p1|turbotoby95|1|1408
|player|p2|thehailgod|plasmagruntf|1408
|gen|9
|tier|[Gen 9] OU
|rated|
|rule|HP Percentage Mod: HP is shown in percentages
|rule|Endless Battle Clause: Forcing endless battles is banned
|rule|Species Clause: Limit one of each Pokémon
|rule|OHKO Clause: OHKO moves are banned
|rule|Evasion Items Clause: Evasion items are banned
|rule|Evasion Moves Clause: Evasion moves are banned
|rule|Evasion Abilities Clause: Evasion abilities are banned
|rule|Sleep Moves Clause: Sleep-inducing moves are banned
|clearpoke
|poke|p1|Vaporeon, F|
|poke|p1|Darkrai|
|poke|p1|Ting-Lu|
|poke|p1|Gholdengo|
|poke|p1|Ditto|
|poke|p1|Dragonite, M|
|poke|p2|Tyranitar, M|
|poke|p2|Gholdengo|
|poke|p2|Zamazenta-*|
|poke|p2|Rillaboom, F|
|poke|p2|Garchomp, M|
|poke|p2|Zapdos|
|teampreview
|
|t:|1769411923
|teamsize|p1|6
|teamsize|p2|6
|start
|switch|p1a: Yoink!|Ditto|100/100
|switch|p2a: Zapdos|Zapdos|100/100
|-transform|p1a: Yoink!|p2a: Zapdos|[from] ability: Imposter
|turn|1
|
|t:|1769411928
|move|p2a: Zapdos|Volt Switch|p1a: Yoink!
|-damage|p1a: Yoink!|61/100
|inactive|Battle timer is ON: inactive players will automatically lose when time's up. (requested by turbotoby95)
|
|t:|1769411939
|switch|p2a: Tyranitar|Tyranitar, M|100/100|[from] Volt Switch
|-weather|Sandstorm|[from] ability: Sand Stream|[of] p2a: Tyranitar
|move|p1a: Yoink!|Hurricane|p2a: Tyranitar
|-resisted|p2a: Tyranitar
|-damage|p2a: Tyranitar|85/100
|-start|p2a: Tyranitar|confusion
|
|-weather|Sandstorm|[upkeep]
|-damage|p1a: Yoink!|55/100|[from] Sandstorm
|upkeep
|turn|2
|
|t:|1769411944
|switch|p2a: Zapdos|Zapdos|100/100
|move|p1a: Yoink!|Roost|p1a: Yoink!
|-heal|p1a: Yoink!|100/100
|-singleturn|p1a: Yoink!|move: Roost
|
|-weather|Sandstorm|[upkeep]
|-damage|p2a: Zapdos|94/100|[from] Sandstorm
|-damage|p1a: Yoink!|94/100|[from] Sandstorm
|upkeep
|turn|3
|
|t:|1769411950
|move|p2a: Zapdos|Volt Switch|p1a: Yoink!
|-damage|p1a: Yoink!|51/100
|
|t:|1769411954
|switch|p2a: Tyranitar|Tyranitar, M|85/100|[from] Volt Switch
|move|p1a: Yoink!|Volt Switch|p2a: Tyranitar
|-damage|p2a: Tyranitar|64/100
|
|t:|1769411961
|switch|p1a: Gholdengo|Gholdengo|100/100|[from] Volt Switch
|
|-weather|Sandstorm|[upkeep]
|upkeep
|turn|4
|
|t:|1769411964
|move|p1a: Gholdengo|Make It Rain|p2a: Tyranitar
|-supereffective|p2a: Tyranitar
|-damage|p2a: Tyranitar|0 fnt
|-unboost|p1a: Gholdengo|spa|1
|faint|p2a: Tyranitar
|
|-weather|Sandstorm|[upkeep]
|upkeep
|
|t:|1769411973
|switch|p2a: Garchomp|Garchomp, M|100/100
|turn|5
|
|t:|1769411977
|switch|p1a: Yoink!|Ditto|51/100
|-transform|p1a: Yoink!|p2a: Garchomp|[from] ability: Imposter
|move|p2a: Garchomp|Stealth Rock|p1a: Yoink!
|-sidestart|p1: turbotoby95|move: Stealth Rock
|
|-weather|none
|upkeep
|turn|6
|
|t:|1769411981
|move|p1a: Yoink!|Stealth Rock|p2a: Garchomp
|-sidestart|p2: thehailgod|move: Stealth Rock
|move|p2a: Garchomp|Dragon Tail|p1a: Yoink!
|-supereffective|p1a: Yoink!
|-damage|p1a: Yoink!|3/100
|-damage|p2a: Garchomp|88/100|[from] ability: Rough Skin|[of] p1a: Yoink!
|drag|p1a: Ting-Lu|Ting-Lu|100/100
|-damage|p1a: Ting-Lu|94/100|[from] Stealth Rock
|-ability|p1a: Ting-Lu|Vessel of Ruin
|
|-heal|p1a: Ting-Lu|100/100|[from] item: Leftovers
|upkeep
|turn|7
|
|t:|1769411987
|move|p2a: Garchomp|Spikes|p1a: Ting-Lu
|-sidestart|p1: turbotoby95|Spikes
|move|p1a: Ting-Lu|Spikes|p2a: Garchomp
|-sidestart|p2: thehailgod|Spikes
|
|upkeep
|turn|8
|
|t:|1769411992
|move|p2a: Garchomp|Spikes|p1a: Ting-Lu
|-sidestart|p1: turbotoby95|Spikes
|move|p1a: Ting-Lu|Whirlwind|p2a: Garchomp
|drag|p2a: Zapdos|Zapdos|94/100
|
|upkeep
|turn|9
|
|t:|1769411995
|move|p2a: Zapdos|Hurricane|p1a: Ting-Lu
|-damage|p1a: Ting-Lu|70/100
|move|p1a: Ting-Lu|Spikes|p2a: Zapdos
|-sidestart|p2: thehailgod|Spikes
|
|-heal|p1a: Ting-Lu|76/100|[from] item: Leftovers
|upkeep
|turn|10
|
|t:|1769412005
|switch|p2a: Rillaboom|Rillaboom, F|100/100
|-fieldstart|move: Grassy Terrain|[from] ability: Grassy Surge|[of] p2a: Rillaboom
|move|p1a: Ting-Lu|Spikes|p2a: Rillaboom
|-sidestart|p2: thehailgod|Spikes
|
|-heal|p1a: Ting-Lu|82/100|[from] Grassy Terrain
|-heal|p1a: Ting-Lu|89/100|[from] item: Leftovers
|upkeep
|turn|11
|
|t:|1769412013
|switch|p1a: Yoink!|Ditto|3/100
|-damage|p1a: Yoink!|0 fnt|[from] Stealth Rock
|faint|p1a: Yoink!
|move|p2a: Rillaboom|Knock Off|p1: Yoink!|[notarget]
|-fail|p2a: Rillaboom
|
|upkeep
|
|t:|1769412018
|switch|p1a: Gholdengo|Gholdengo|100/100
|-damage|p1a: Gholdengo|94/100|[from] Stealth Rock
|-damage|p1a: Gholdengo|78/100|[from] Spikes
|turn|12
|
|t:|1769412023
|move|p1a: Gholdengo|Trick|p2a: Rillaboom
|-activate|p1a: Gholdengo|move: Trick|[of] p2a: Rillaboom
|-item|p2a: Rillaboom|Choice Scarf|[from] move: Trick
|-item|p1a: Gholdengo|Heavy-Duty Boots|[from] move: Trick
|move|p2a: Rillaboom|Knock Off|p1a: Gholdengo
|-supereffective|p1a: Gholdengo
|-damage|p1a: Gholdengo|0 fnt
|-enditem|p1a: Gholdengo|Heavy-Duty Boots|[from] move: Knock Off|[of] p2a: Rillaboom
|faint|p1a: Gholdengo
|
|upkeep
|
|t:|1769412029
|switch|p1a: Swagonite|Dragonite, M|100/100
|-damage|p1a: Swagonite|75/100|[from] Stealth Rock
|turn|13
|
|t:|1769412037
|switch|p2a: Garchomp|Garchomp, M|88/100
|-damage|p2a: Garchomp|82/100|[from] Stealth Rock
|-damage|p2a: Garchomp|57/100|[from] Spikes
|move|p1a: Swagonite|Roost|p1a: Swagonite
|-heal|p1a: Swagonite|100/100
|-singleturn|p1a: Swagonite|move: Roost
|
|-heal|p2a: Garchomp|63/100|[from] Grassy Terrain
|upkeep
|turn|14
|
|t:|1769412041
|move|p1a: Swagonite|Ice Spinner|p2a: Garchomp
|-supereffective|p2a: Garchomp
|-damage|p2a: Garchomp|0 fnt
|-damage|p1a: Swagonite|88/100|[from] ability: Rough Skin|[of] p2a: Garchomp
|-damage|p1a: Swagonite|71/100|[from] item: Rocky Helmet|[of] p2a: Garchomp
|-fieldend|move: Grassy Terrain
|faint|p2a: Garchomp
|
|-heal|p1a: Swagonite|78/100|[from] item: Leftovers
|upkeep
|
|t:|1769412055
|switch|p2a: Gholdengo|Gholdengo|100/100
|-damage|p2a: Gholdengo|94/100|[from] Stealth Rock
|-item|p2a: Gholdengo|Air Balloon
|turn|15
|
|t:|1769412064
|switch|p1a: Ting-Lu|Ting-Lu|89/100
|-damage|p1a: Ting-Lu|82/100|[from] Stealth Rock
|-damage|p1a: Ting-Lu|66/100|[from] Spikes
|-ability|p1a: Ting-Lu|Vessel of Ruin
|move|p2a: Gholdengo|Thunder Wave|p1a: Ting-Lu
|-immune|p1a: Ting-Lu
|
|-heal|p1a: Ting-Lu|72/100|[from] item: Leftovers
|upkeep
|turn|16
|
|t:|1769412072
|switch|p2a: Rillaboom|Rillaboom, F|100/100
|-damage|p2a: Rillaboom|88/100|[from] Stealth Rock
|-damage|p2a: Rillaboom|63/100|[from] Spikes
|-fieldstart|move: Grassy Terrain|[from] ability: Grassy Surge|[of] p2a: Rillaboom
|move|p1a: Ting-Lu|Throat Chop|p2a: Rillaboom
|-damage|p2a: Rillaboom|30/100
|-start|p2a: Rillaboom|Throat Chop|[silent]
|
|-heal|p2a: Rillaboom|36/100|[from] Grassy Terrain
|-heal|p1a: Ting-Lu|78/100|[from] Grassy Terrain
|-heal|p1a: Ting-Lu|85/100|[from] item: Leftovers
|upkeep
|turn|17
|
|t:|1769412078
|move|p2a: Rillaboom|U-turn|p1a: Ting-Lu
|-supereffective|p1a: Ting-Lu
|-damage|p1a: Ting-Lu|64/100
|
|t:|1769412083
|switch|p2a: Zamazenta|Zamazenta|100/100|[from] U-turn
|-ability|p2a: Zamazenta|Dauntless Shield|boost
|-boost|p2a: Zamazenta|def|1
|move|p1a: Ting-Lu|Whirlwind|p2a: Zamazenta
|drag|p2a: Gholdengo|Gholdengo|94/100
|-damage|p2a: Gholdengo|88/100|[from] Stealth Rock
|-item|p2a: Gholdengo|Air Balloon
|
|-heal|p1a: Ting-Lu|70/100|[from] Grassy Terrain
|-heal|p1a: Ting-Lu|76/100|[from] item: Leftovers
|upkeep
|turn|18
|
|t:|1769412091
|switch|p2a: Rillaboom|Rillaboom, F|36/100
|-damage|p2a: Rillaboom|24/100|[from] Stealth Rock
|-damage|p2a: Rillaboom|0 fnt|[from] Spikes
|faint|p2a: Rillaboom
|move|p1a: Ting-Lu|Throat Chop|p2: Rillaboom|[notarget]
|-fail|p1a: Ting-Lu
|
|-heal|p1a: Ting-Lu|83/100|[from] Grassy Terrain
|-heal|p1a: Ting-Lu|89/100|[from] item: Leftovers
|upkeep
|
|t:|1769412096
|switch|p2a: Zapdos|Zapdos|94/100
|turn|19
|
|t:|1769412104
|move|p2a: Zapdos|Hurricane|p1a: Ting-Lu|[miss]
|-miss|p2a: Zapdos|p1a: Ting-Lu
|move|p1a: Ting-Lu|Throat Chop|p2a: Zapdos
|-damage|p2a: Zapdos|59/100
|-start|p2a: Zapdos|Throat Chop|[silent]
|-status|p1a: Ting-Lu|par|[from] ability: Static|[of] p2a: Zapdos
|
|-heal|p1a: Ting-Lu|95/100 par|[from] Grassy Terrain
|-heal|p1a: Ting-Lu|100/100 par|[from] item: Leftovers
|upkeep
|turn|20
|
|t:|1769412110
|move|p2a: Zapdos|Roost|p2a: Zapdos
|-heal|p2a: Zapdos|100/100
|-singleturn|p2a: Zapdos|move: Roost
|move|p1a: Ting-Lu|Whirlwind|p2a: Zapdos
|drag|p2a: Zamazenta|Zamazenta|100/100
|
|-fieldend|move: Grassy Terrain
|upkeep
|turn|21
|
|t:|1769412119
|move|p2a: Zamazenta|Close Combat|p1a: Ting-Lu
|-supereffective|p1a: Ting-Lu
|-damage|p1a: Ting-Lu|49/100 par
|-unboost|p2a: Zamazenta|def|1
|-unboost|p2a: Zamazenta|spd|1
|move|p1a: Ting-Lu|Earthquake|p2a: Zamazenta
|-damage|p2a: Zamazenta|51/100
|
|-heal|p1a: Ting-Lu|55/100 par|[from] item: Leftovers
|upkeep
|turn|22
|
|t:|1769412128
|move|p2a: Zamazenta|Close Combat|p1a: Ting-Lu
|-supereffective|p1a: Ting-Lu
|-damage|p1a: Ting-Lu|8/100 par
|-unboost|p2a: Zamazenta|def|1
|-unboost|p2a: Zamazenta|spd|1
|move|p1a: Ting-Lu|Earthquake|p2a: Zamazenta
|-damage|p2a: Zamazenta|0 fnt
|faint|p2a: Zamazenta
|
|-heal|p1a: Ting-Lu|15/100 par|[from] item: Leftovers
|upkeep
|
|t:|1769412135
|switch|p2a: Zapdos|Zapdos|100/100
|turn|23
|
|t:|1769412138
|move|p2a: Zapdos|Hurricane|p1a: Ting-Lu
|-crit|p1a: Ting-Lu
|-damage|p1a: Ting-Lu|0 fnt
|faint|p1a: Ting-Lu
|
|upkeep
|
|t:|1769412142
|switch|p1a: Darkrai|Darkrai|100/100
|-damage|p1a: Darkrai|88/100|[from] Stealth Rock
|-damage|p1a: Darkrai|72/100|[from] Spikes
|turn|24
|
|t:|1769412147
|move|p1a: Darkrai|Ice Beam|p2a: Zapdos
|-supereffective|p2a: Zapdos
|-damage|p2a: Zapdos|31/100
|-status|p2a: Zapdos|frz
|cant|p2a: Zapdos|frz
|
|-heal|p1a: Darkrai|78/100|[from] item: Leftovers
|upkeep
|turn|25
|
|t:|1769412153
|switch|p2a: Gholdengo|Gholdengo|88/100
|-damage|p2a: Gholdengo|82/100|[from] Stealth Rock
|-item|p2a: Gholdengo|Air Balloon
|move|p1a: Darkrai|Ice Beam|p2a: Gholdengo
|-resisted|p2a: Gholdengo
|-damage|p2a: Gholdengo|65/100
|-enditem|p2a: Gholdengo|Air Balloon
|
|-heal|p1a: Darkrai|84/100|[from] item: Leftovers
|upkeep
|turn|26
|
|t:|1769412159
|-terastallize|p2a: Gholdengo|Fairy
|move|p1a: Darkrai|Dark Pulse|p2a: Gholdengo
|-resisted|p2a: Gholdengo
|-damage|p2a: Gholdengo|45/100
|move|p2a: Gholdengo|Make It Rain|p1a: Darkrai
|-damage|p1a: Darkrai|12/100
|-unboost|p2a: Gholdengo|spa|1
|
|-heal|p1a: Darkrai|18/100|[from] item: Leftovers
|upkeep
|turn|27
|
|t:|1769412170
|move|p1a: Darkrai|Ice Beam|p2a: Gholdengo
|-damage|p2a: Gholdengo|14/100
|move|p2a: Gholdengo|Make It Rain|p1a: Darkrai
|-damage|p1a: Darkrai|0 fnt
|-unboost|p2a: Gholdengo|spa|1
|faint|p1a: Darkrai
|
|upkeep
|
|t:|1769412178
|switch|p1a: Swagonite|Dragonite, M|78/100
|-damage|p1a: Swagonite|53/100|[from] Stealth Rock
|turn|28
|
|t:|1769412183
|-terastallize|p1a: Swagonite|Fire
|move|p1a: Swagonite|Dragon Dance|p1a: Swagonite
|-boost|p1a: Swagonite|atk|1
|-boost|p1a: Swagonite|spe|1
|move|p2a: Gholdengo|Thunder Wave|p1a: Swagonite
|-status|p1a: Swagonite|par
|
|-heal|p1a: Swagonite|59/100 par|[from] item: Leftovers
|upkeep
|turn|29
|
|t:|1769412186
|cant|p1a: Swagonite|par
|move|p2a: Gholdengo|Hex|p1a: Swagonite
|-damage|p1a: Swagonite|30/100 par
|
|-heal|p1a: Swagonite|36/100 par|[from] item: Leftovers
|upkeep
|turn|30
|
|t:|1769412193
|move|p1a: Swagonite|Ice Spinner|p2a: Gholdengo
|-damage|p2a: Gholdengo|0 fnt
|faint|p2a: Gholdengo
|
|-heal|p1a: Swagonite|42/100 par|[from] item: Leftovers
|upkeep
|
|t:|1769412195
|switch|p2a: Zapdos|Zapdos|31/100 frz
|turn|31
|
|t:|1769412198
|cant|p2a: Zapdos|frz
|cant|p1a: Swagonite|par
|
|-heal|p1a: Swagonite|49/100 par|[from] item: Leftovers
|upkeep
|turn|32
|
|t:|1769412200
|cant|p2a: Zapdos|frz
|move|p1a: Swagonite|Ice Spinner|p2a: Zapdos
|-supereffective|p2a: Zapdos
|-damage|p2a: Zapdos|0 fnt
|faint|p2a: Zapdos
|
|win|turbotoby95
|raw|turbotoby95's rating: 1408 &rarr; <strong>1428</strong><br />(+20 for winning)
|raw|thehailgod's rating: 1408 &rarr; <strong>1388</strong><br />(-20 for losing)
|l|☆turbotoby95
|player|p1|
|l|☆thehailgod
|player|p2|
