|j|☆vivderbinkie56
|j|☆Land Sea Air
|t:|1769336348
|gametype|singles
|player|p1|vivderbinkie56|miku-ghost|1192
|player|p2|Land Sea Air|blue|1181
|gen|9
|tier|[Gen 9] OU
|rated|
|rule|HP Percentage Mod: HP is shown in percentages
|rule|Endless Battle Clause: Forcing endless battles is banned
|rule|Species Clause: Limit one of each Pokémon
|rule|OHKO Clause: OHKO moves are banned
|rule|Evasion Items Clause: Evasion items are banned
|rule|Evasion Moves Clause: Evasion moves are banned
|rule|Evasion Abilities Clause: Evasion abilities are banned
|rule|Sleep Moves Clause: Sleep-inducing moves are banned
|clearpoke
|poke|p1|Zapdos-Galar|
|poke|p1|Cinderace, M|
|poke|p1|Iron Treads|
|poke|p1|Weezing-Galar, M|
|poke|p1|Samurott-Hisui, M|
|poke|p1|Sinistcha-Masterpiece|
|poke|p2|Moltres-Galar|
|poke|p2|Gliscor, F|
|poke|p2|Volcanion|
|poke|p2|Forretress, M|
|poke|p2|Haxorus, M|
|poke|p2|Flygon, F|
|teampreview
|inactive|Battle timer is ON: inactive players will automatically lose when time's up. (requested by vivderbinkie56)
|inactive|Land Sea Air also wants the timer to be on.
|
|t:|1769336365
|teamsize|p1|6
|teamsize|p2|6
|start
|switch|p1a: Cinderace|Cinderace, M|100/100
|switch|p2a: Death-Rite Bird|Moltres-Galar|100/100
|turn|1
|
|t:|1769336376
|move|p1a: Cinderace|Pyro Ball|p2a: Death-Rite Bird
|-damage|p2a: Death-Rite Bird|3/100
|-ability|p2a: Death-Rite Bird|Berserk|boost
|-boost|p2a: Death-Rite Bird|spa|1
|move|p2a: Death-Rite Bird|Agility|p2a: Death-Rite Bird
|-boost|p2a: Death-Rite Bird|spe|2
|
|upkeep
|turn|2
|
|t:|1769336391
|switch|p1a: Weezing|Weezing-Galar, M|100/100
|-ability|p1a: Weezing|Neutralizing Gas
|move|p2a: Death-Rite Bird|Fiery Wrath|p1a: Weezing
|-resisted|p1a: Weezing
|-damage|p1a: Weezing|57/100
|
|-heal|p1a: Weezing|63/100|[from] item: Black Sludge
|upkeep
|turn|3
|
|t:|1769336401
|move|p2a: Death-Rite Bird|Air Slash|p1a: Weezing
|-damage|p1a: Weezing|0 fnt
|faint|p1a: Weezing
|-end|p1a: Weezing|ability: Neutralizing Gas
|
|upkeep
|
|t:|1769336406
|switch|p1a: Samurott|Samurott-Hisui, M, shiny|100/100
|turn|4
|
|t:|1769336410
|switch|p2a: Cao Ren|Forretress, M, shiny|100/100
|move|p1a: Samurott|Sucker Punch||[still]
|-fail|p1a: Samurott
|
|upkeep
|turn|5
|
|t:|1769336417
|move|p1a: Samurott|Aqua Cutter|p2a: Cao Ren
|-damage|p2a: Cao Ren|76/100
|move|p2a: Cao Ren|Thunder Wave|p1a: Samurott
|-status|p1a: Samurott|par
|
|upkeep
|turn|6
|
|t:|1769336427
|move|p2a: Cao Ren|Spikes|p1a: Samurott
|-sidestart|p1: vivderbinkie56|Spikes
|move|p1a: Samurott|Ceaseless Edge|p2a: Cao Ren
|-damage|p2a: Cao Ren|55/100
|-damage|p1a: Samurott|84/100 par|[from] item: Rocky Helmet|[of] p2a: Cao Ren
|-sidestart|p2: Land Sea Air|Spikes
|
|upkeep
|turn|7
|
|t:|1769336437
|move|p2a: Cao Ren|Body Press|p1a: Samurott
|-supereffective|p1a: Samurott
|-damage|p1a: Samurott|20/100 par
|move|p1a: Samurott|Ceaseless Edge|p2a: Cao Ren
|-damage|p2a: Cao Ren|30/100
|-damage|p1a: Samurott|3/100 par|[from] item: Rocky Helmet|[of] p2a: Cao Ren
|-sidestart|p2: Land Sea Air|Spikes
|
|upkeep
|turn|8
|
|t:|1769336447
|move|p2a: Cao Ren|Rapid Spin|p1a: Samurott
|-damage|p1a: Samurott|0 fnt
|-boost|p2a: Cao Ren|spe|1
|-sideend|p2: Land Sea Air|Spikes|[from] move: Rapid Spin|[of] p2a: Cao Ren
|faint|p1a: Samurott
|
|upkeep
|
|t:|1769336450
|switch|p1a: Iron Treads|Iron Treads, shiny|100/100
|-damage|p1a: Iron Treads|88/100|[from] Spikes
|turn|9
|
|t:|1769336455
|move|p1a: Iron Treads|Rapid Spin|p2a: Cao Ren
|-resisted|p2a: Cao Ren
|-damage|p2a: Cao Ren|26/100
|-boost|p1a: Iron Treads|spe|1
|-damage|p1a: Iron Treads|72/100|[from] item: Rocky Helmet|[of] p2a: Cao Ren
|-sideend|p1: vivderbinkie56|Spikes|[from] move: Rapid Spin|[of] p1a: Iron Treads
|move|p2a: Cao Ren|Body Press|p1a: Iron Treads
|-supereffective|p1a: Iron Treads
|-damage|p1a: Iron Treads|20/100
|
|-heal|p1a: Iron Treads|26/100|[from] item: Leftovers
|upkeep
|turn|10
|
|t:|1769336467
|move|p1a: Iron Treads|Earthquake|p2a: Cao Ren
|-damage|p2a: Cao Ren|7/100
|move|p2a: Cao Ren|Spikes|p1a: Iron Treads
|-sidestart|p1: vivderbinkie56|Spikes
|
|-heal|p1a: Iron Treads|32/100|[from] item: Leftovers
|upkeep
|turn|11
|
|t:|1769336475
|switch|p2a: Scornful Susie|Gliscor, F|100/100
|move|p1a: Iron Treads|Rapid Spin|p2a: Scornful Susie
|-damage|p2a: Scornful Susie|89/100
|-boost|p1a: Iron Treads|spe|1
|-sideend|p1: vivderbinkie56|Spikes|[from] move: Rapid Spin|[of] p1a: Iron Treads
|
|-heal|p1a: Iron Treads|38/100|[from] item: Leftovers
|-status|p2a: Scornful Susie|tox|[from] item: Toxic Orb
|upkeep
|turn|12
|
|t:|1769336491
|switch|p2a: Cao Ren|Forretress, M, shiny|7/100
|move|p1a: Iron Treads|Stealth Rock|p2a: Cao Ren
|-sidestart|p2: Land Sea Air|move: Stealth Rock
|
|-heal|p1a: Iron Treads|44/100|[from] item: Leftovers
|upkeep
|turn|13
|
|t:|1769336498
|move|p1a: Iron Treads|Knock Off|p2a: Cao Ren
|-damage|p2a: Cao Ren|0 fnt
|-damage|p1a: Iron Treads|27/100|[from] item: Rocky Helmet|[of] p2a: Cao Ren
|-enditem|p2a: Cao Ren|Rocky Helmet|[from] move: Knock Off|[of] p1a: Iron Treads
|faint|p2a: Cao Ren
|
|-heal|p1a: Iron Treads|33/100|[from] item: Leftovers
|upkeep
|
|t:|1769336506
|switch|p2a: Avatar Kyoshi|Flygon, F, shiny|100/100
|-damage|p2a: Avatar Kyoshi|95/100|[from] Stealth Rock
|turn|14
|
|t:|1769336517
|-terastallize|p2a: Avatar Kyoshi|Electric
|move|p1a: Iron Treads|Knock Off|p2a: Avatar Kyoshi
|-damage|p2a: Avatar Kyoshi|61/100
|-enditem|p2a: Avatar Kyoshi|Choice Scarf|[from] move: Knock Off|[of] p1a: Iron Treads
|move|p2a: Avatar Kyoshi|Earthquake|p1a: Iron Treads
|-supereffective|p1a: Iron Treads
|-damage|p1a: Iron Treads|0 fnt
|faint|p1a: Iron Treads
|-end|p1a: Iron Treads|Quark Drive|[silent]
|
|upkeep
|
|t:|1769336528
|switch|p1a: Cinderace|Cinderace, M|100/100
|turn|15
|
|t:|1769336541
|move|p1a: Cinderace|Gunk Shot|p2a: Avatar Kyoshi|[miss]
|-start|p1a: Cinderace|typechange|Poison|[from] ability: Libero
|-miss|p1a: Cinderace|p2a: Avatar Kyoshi
|move|p2a: Avatar Kyoshi|Stone Edge|p1a: Cinderace
|-damage|p1a: Cinderace|54/100
|
|upkeep
|turn|16
|c|☆vivderbinkie56|Lucky
|
|t:|1769336552
|move|p1a: Cinderace|Gunk Shot|p2a: Avatar Kyoshi|[miss]
|-miss|p1a: Cinderace|p2a: Avatar Kyoshi
|move|p2a: Avatar Kyoshi|Earthquake|p1a: Cinderace
|-supereffective|p1a: Cinderace
|-damage|p1a: Cinderace|0 fnt
|faint|p1a: Cinderace
|
|upkeep
|
|t:|1769336559
|switch|p1a: Zapdos|Zapdos-Galar, shiny|100/100
|turn|17
|c|☆Land Sea Air|skill
|
|t:|1769336580
|switch|p2a: Scornful Susie|Gliscor, F|89/100 tox
|-damage|p2a: Scornful Susie|76/100 tox|[from] Stealth Rock
|move|p1a: Zapdos|Thunderous Kick|p2a: Scornful Susie
|-resisted|p2a: Scornful Susie
|-damage|p2a: Scornful Susie|55/100 tox
|-unboost|p2a: Scornful Susie|def|1
|
|-heal|p2a: Scornful Susie|67/100 tox|[from] ability: Poison Heal
|upkeep
|turn|18
|inactive|Land Sea Air has 120 seconds left.
|
|t:|1769336606
|switch|p2a: Death-Rite Bird|Moltres-Galar|3/100
|-damage|p2a: Death-Rite Bird|0 fnt|[from] Stealth Rock
|faint|p2a: Death-Rite Bird
|move|p1a: Zapdos|Thunderous Kick|p2: Death-Rite Bird|[notarget]
|-fail|p1a: Zapdos
|
|upkeep
|
|t:|1769336613
|switch|p2a: Avatar Kyoshi|Flygon, F, shiny, tera:Electric|61/100
|-damage|p2a: Avatar Kyoshi|49/100|[from] Stealth Rock
|turn|19
|inactive|Land Sea Air has 120 seconds left.
|
|t:|1769336621
|move|p1a: Zapdos|Thunderous Kick|p2a: Avatar Kyoshi
|-damage|p2a: Avatar Kyoshi|0 fnt
|faint|p2a: Avatar Kyoshi
|
|upkeep
|inactive|Land Sea Air has 120 seconds left.
|
|t:|1769336628
|switch|p2a: Inverse Scale|Haxorus, M, shiny|100/100
|-damage|p2a: Inverse Scale|88/100|[from] Stealth Rock
|-ability|p2a: Inverse Scale|Mold Breaker
|turn|20
|
|t:|1769336637
|move|p1a: Zapdos|Thunderous Kick|p2a: Inverse Scale
|-damage|p2a: Inverse Scale|32/100
|-unboost|p2a: Inverse Scale|def|1
|move|p2a: Inverse Scale|Dragon Dance|p2a: Inverse Scale
|-boost|p2a: Inverse Scale|atk|1
|-boost|p2a: Inverse Scale|spe|1
|
|upkeep
|turn|21
|
|t:|1769336647
|move|p1a: Zapdos|Thunderous Kick|p2a: Inverse Scale
|-damage|p2a: Inverse Scale|0 fnt
|faint|p2a: Inverse Scale
|
|upkeep
|
|t:|1769336655
|switch|p2a: Dai Funka|Volcanion|100/100
|turn|22
|
|t:|1769336664
|switch|p1a: Sinistcha|Sinistcha-Masterpiece, shiny|100/100
|move|p2a: Dai Funka|Steam Eruption|p1a: Sinistcha
|-resisted|p1a: Sinistcha
|-damage|p1a: Sinistcha|65/100
|
|upkeep
|turn|23
|
|t:|1769336672
|move|p2a: Dai Funka|Flamethrower|p1a: Sinistcha
|-supereffective|p1a: Sinistcha
|-damage|p1a: Sinistcha|2/100
|-status|p1a: Sinistcha|brn
|move|p1a: Sinistcha|Calm Mind|p1a: Sinistcha
|-boost|p1a: Sinistcha|spa|1
|-boost|p1a: Sinistcha|spd|1
|
|-damage|p1a: Sinistcha|0 fnt|[from] brn
|faint|p1a: Sinistcha
|upkeep
|
|t:|1769336676
|switch|p1a: Zapdos|Zapdos-Galar, shiny|100/100
|turn|24
|c|☆Land Sea Air|bad kid
|
|t:|1769336688
|-terastallize|p1a: Zapdos|Flying
|move|p1a: Zapdos|Brave Bird|p2a: Dai Funka
|-damage|p2a: Dai Funka|35/100
|-damage|p1a: Zapdos|76/100|[from] Recoil
|move|p2a: Dai Funka|Steam Eruption|p1a: Zapdos
|-damage|p1a: Zapdos|8/100
|
|upkeep
|turn|25
|
|t:|1769336702
|move|p1a: Zapdos|Brave Bird|p2a: Dai Funka
|-damage|p2a: Dai Funka|0 fnt
|faint|p2a: Dai Funka
|-damage|p1a: Zapdos|0 fnt|[from] Recoil
|faint|p1a: Zapdos
|
|win|Land Sea Air
|raw|vivderbinkie56's rating: 1192 &rarr; <strong>1166</strong><br />(-26 for losing)
|raw|Land Sea Air's rating: 1181 &rarr; <strong>1207</strong><br />(+26 for winning)
|c|☆vivderbinkie56|Gg
|c|☆Land Sea Air|gg
|c|☆Land Sea Air|zapdos fast af
|l|☆Land Sea Air
|player|p2|
