|j|☆Virgulito
|j|☆CL IRL
|t:|1769365507
|gametype|singles
|player|p1|Virgulito|2|1431
|player|p2|CL IRL|richboy-gen4|1488
|gen|9
|tier|[Gen 9] OU
|rated|
|rule|HP Percentage Mod: HP is shown in percentages
|rule|Endless Battle Clause: Forcing endless battles is banned
|rule|Species Clause: Limit one of each Pokémon
|rule|OHKO Clause: OHKO moves are banned
|rule|Evasion Items Clause: Evasion items are banned
|rule|Evasion Moves Clause: Evasion moves are banned
|rule|Evasion Abilities Clause: Evasion abilities are banned
|rule|Sleep Moves Clause: Sleep-inducing moves are banned
|clearpoke
|poke|p1|Great Tusk|
|poke|p1|Dragapult, F|
|poke|p1|Kingambit, M|
|poke|p1|Corviknight, F|
|poke|p1|Rillaboom, M|
|poke|p1|Keldeo-Resolute|
|poke|p2|Hatterene, F|
|poke|p2|Ursaluna, M|
|poke|p2|Porygon2|
|poke|p2|Cresselia, F|
|poke|p2|Iron Hands|
|poke|p2|Volcanion|
|teampreview
|inactive|Battle timer is ON: inactive players will automatically lose when time's up. (requested by CL IRL)
|
|t:|1769365513
|teamsize|p1|6
|teamsize|p2|6
|start
|switch|p1a: Great Tusk|Great Tusk|100/100
|switch|p2a: Brand|Hatterene, F, shiny|100/100
|turn|1
|
|t:|1769365532
|-end|p1a: Great Tusk|Protosynthesis|[silent]
|switch|p1a: Corviknight|Corviknight, F|100/100
|-ability|p1a: Corviknight|Pressure
|move|p2a: Brand|Trick Room|p2a: Brand
|-fieldstart|move: Trick Room|[of] p2a: Brand
|
|upkeep
|turn|2
|
|t:|1769365538
|switch|p2a: Mann|Ursaluna, M|100/100
|move|p1a: Corviknight|Brave Bird|p2a: Mann
|-damage|p2a: Mann|79/100
|-damage|p1a: Corviknight|92/100|[from] Recoil
|
|-heal|p1a: Corviknight|98/100|[from] item: Leftovers
|-status|p2a: Mann|brn|[from] item: Flame Orb
|upkeep
|turn|3
|
|t:|1769365544
|-terastallize|p1a: Corviknight|Fighting
|move|p2a: Mann|Fire Punch|p1a: Corviknight
|-damage|p1a: Corviknight|68/100
|move|p1a: Corviknight|Body Press|p2a: Mann
|-supereffective|p2a: Mann
|-damage|p2a: Mann|28/100 brn
|
|-heal|p1a: Corviknight|74/100|[from] item: Leftovers
|-damage|p2a: Mann|22/100 brn|[from] brn
|upkeep
|turn|4
|
|t:|1769365555
|switch|p1a: Rillaboom|Rillaboom, M|100/100
|-fieldstart|move: Grassy Terrain|[from] ability: Grassy Surge|[of] p1a: Rillaboom
|move|p2a: Mann|Headlong Rush|p1a: Rillaboom
|-resisted|p1a: Rillaboom
|-damage|p1a: Rillaboom|38/100
|-unboost|p2a: Mann|def|1
|-unboost|p2a: Mann|spd|1
|
|-heal|p2a: Mann|28/100 brn|[from] Grassy Terrain
|-heal|p1a: Rillaboom|44/100|[from] Grassy Terrain
|-damage|p2a: Mann|22/100 brn|[from] brn
|upkeep
|turn|5
|
|t:|1769365567
|switch|p2a: TARS|Porygon2|100/100
|-ability|p2a: TARS|Download|boost
|-boost|p2a: TARS|spa|1
|move|p1a: Rillaboom|Knock Off|p2a: TARS
|-damage|p2a: TARS|66/100
|-enditem|p2a: TARS|Eviolite|[from] move: Knock Off|[of] p1a: Rillaboom
|
|-heal|p2a: TARS|73/100|[from] Grassy Terrain
|-heal|p1a: Rillaboom|50/100|[from] Grassy Terrain
|-fieldend|move: Trick Room
|upkeep
|turn|6
|
|t:|1769365577
|switch|p1a: Keldeo|Keldeo-Resolute|100/100
|move|p2a: TARS|Trick Room|p2a: TARS
|-fieldstart|move: Trick Room|[of] p2a: TARS
|
|-heal|p2a: TARS|79/100|[from] Grassy Terrain
|upkeep
|turn|7
|
|t:|1769365581
|move|p2a: TARS|Hyper Beam|p1a: Keldeo
|-damage|p1a: Keldeo|31/100
|-mustrecharge|p2a: TARS
|move|p1a: Keldeo|Secret Sword|p2a: TARS
|-supereffective|p2a: TARS
|-damage|p2a: TARS|5/100
|
|-heal|p2a: TARS|11/100|[from] Grassy Terrain
|-heal|p1a: Keldeo|38/100|[from] Grassy Terrain
|upkeep
|turn|8
|
|t:|1769365592
|cant|p2a: TARS|recharge
|move|p1a: Keldeo|Flip Turn|p2a: TARS
|-damage|p2a: TARS|0 fnt
|faint|p2a: TARS
|
|t:|1769365604
|switch|p1a: Great Tusk|Great Tusk|100/100|[from] Flip Turn
|
|-fieldend|move: Grassy Terrain
|upkeep
|
|t:|1769365607
|switch|p2a: Saturn|Volcanion|100/100
|turn|9
|
|t:|1769365613
|-end|p1a: Great Tusk|Protosynthesis|[silent]
|switch|p1a: Keldeo|Keldeo-Resolute|38/100
|move|p2a: Saturn|Steam Eruption|p1a: Keldeo
|-resisted|p1a: Keldeo
|-damage|p1a: Keldeo|10/100
|-status|p1a: Keldeo|brn
|
|-damage|p1a: Keldeo|4/100 brn|[from] brn
|upkeep
|turn|10
|
|t:|1769365625
|move|p2a: Saturn|Steam Eruption|p1a: Keldeo
|-resisted|p1a: Keldeo
|-damage|p1a: Keldeo|0 fnt
|faint|p1a: Keldeo
|
|-fieldend|move: Trick Room
|upkeep
|
|t:|1769365634
|switch|p1a: Dragapult|Dragapult, F|100/100
|turn|11
|
|t:|1769365638
|switch|p2a: Mann|Ursaluna, M|22/100 brn
|move|p1a: Dragapult|Shadow Ball|p2a: Mann
|-immune|p2a: Mann
|
|-damage|p2a: Mann|16/100 brn|[from] brn
|upkeep
|turn|12
|
|t:|1769365644
|move|p1a: Dragapult|Dragon Darts|p2a: Mann
|-damage|p2a: Mann|0 fnt
|faint|p2a: Mann
|-damage|p1a: Dragapult|91/100|[from] item: Life Orb
|
|upkeep
|
|t:|1769365649
|switch|p2a: Miller|Cresselia, F, shiny|100/100
|turn|13
|
|t:|1769365654
|move|p1a: Dragapult|Shadow Ball|p2a: Miller
|-supereffective|p2a: Miller
|-damage|p2a: Miller|38/100
|-unboost|p2a: Miller|spd|1
|-damage|p1a: Dragapult|81/100|[from] item: Life Orb
|move|p2a: Miller|Trick Room|p2a: Miller
|-fieldstart|move: Trick Room|[of] p2a: Miller
|
|upkeep
|turn|14
|
|t:|1769365661
|move|p2a: Miller|Lunar Dance|p2a: Miller
|faint|p2a: Miller
|move|p1a: Dragapult|Shadow Ball|p2: Miller|[notarget]
|-fail|p1a: Dragapult
|
|upkeep
|
|t:|1769365665
|switch|p2a: CASE|Iron Hands|100/100
|-enditem|p2a: CASE|Booster Energy
|-activate|p2a: CASE|ability: Quark Drive|[fromitem]
|-start|p2a: CASE|quarkdriveatk
|turn|15
|
|t:|1769365674
|switch|p1a: Kingambit|Kingambit, M|100/100
|-activate|p1a: Kingambit|ability: Supreme Overlord
|-start|p1a: Kingambit|fallen1|[silent]
|move|p2a: CASE|Swords Dance|p2a: CASE
|-boost|p2a: CASE|atk|2
|
|upkeep
|turn|16
|
|t:|1769365681
|-end|p1a: Kingambit|fallen1|[silent]
|switch|p1a: Dragapult|Dragapult, F|81/100
|move|p2a: CASE|Ice Punch|p1a: Dragapult
|-supereffective|p1a: Dragapult
|-damage|p1a: Dragapult|0 fnt
|faint|p1a: Dragapult
|
|upkeep
|
|t:|1769365692
|switch|p1a: Great Tusk|Great Tusk|100/100
|turn|17
|
|t:|1769365701
|move|p2a: CASE|Drain Punch|p1a: Great Tusk
|-damage|p1a: Great Tusk|33/100
|-damage|p2a: CASE|84/100|[from] item: Rocky Helmet|[of] p1a: Great Tusk
|move|p1a: Great Tusk|Headlong Rush|p2a: CASE
|-supereffective|p2a: CASE
|-damage|p2a: CASE|17/100
|-unboost|p1a: Great Tusk|def|1
|-unboost|p1a: Great Tusk|spd|1
|
|-fieldend|move: Trick Room
|upkeep
|turn|18
|
|t:|1769365711
|-end|p2a: CASE|Quark Drive|[silent]
|switch|p2a: Brand|Hatterene, F, shiny|100/100
|-heal|p2a: Brand|100/100|[from] move: Lunar Dance
|move|p1a: Great Tusk|Headlong Rush|p2a: Brand
|-damage|p2a: Brand|45/100
|-unboost|p1a: Great Tusk|def|1
|-unboost|p1a: Great Tusk|spd|1
|
|upkeep
|turn|19
|-message|CL IRL forfeited.
|
|win|Virgulito
|raw|Virgulito's rating: 1431 &rarr; <strong>1454</strong><br />(+23 for winning)
|raw|CL IRL's rating: 1488 &rarr; <strong>1465</strong><br />(-23 for losing)
|l|☆CL IRL
|player|p2|
|l|☆Virgulito
|player|p1|
