|j|☆slave of society
|j|☆BloDragon
|t:|1769371505
|gametype|singles
|player|p1|slave of society|shadowtriad|1405
|player|p2|BloDragon|caitlin|1436
|gen|9
|tier|[Gen 9] OU
|rated|
|rule|HP Percentage Mod: HP is shown in percentages
|rule|Endless Battle Clause: Forcing endless battles is banned
|rule|Species Clause: Limit one of each Pokémon
|rule|OHKO Clause: OHKO moves are banned
|rule|Evasion Items Clause: Evasion items are banned
|rule|Evasion Moves Clause: Evasion moves are banned
|rule|Evasion Abilities Clause: Evasion abilities are banned
|rule|Sleep Moves Clause: Sleep-inducing moves are banned
|clearpoke
|poke|p1|Ceruledge, M|
|poke|p1|Hatterene, F|
|poke|p1|Ninetales-Alola, F|
|poke|p1|Darkrai|
|poke|p1|Zamazenta-*|
|poke|p1|Kyurem|
|poke|p2|Kyurem|
|poke|p2|Alomomola, F|
|poke|p2|Great Tusk|
|poke|p2|Kingambit, M|
|poke|p2|Dragapult, F|
|poke|p2|Corviknight, M|
|teampreview
|inactive|Battle timer is ON: inactive players will automatically lose when time's up. (requested by BloDragon)
|
|t:|1769371532
|teamsize|p1|6
|teamsize|p2|6
|start
|switch|p1a: Ninetales|Ninetales-Alola, F|100/100
|switch|p2a: Kingambit|Kingambit, M|100/100
|-weather|Snowscape|[from] ability: Snow Warning|[of] p1a: Ninetales
|turn|1
|
|t:|1769371541
|move|p1a: Ninetales|Aurora Veil|p1a: Ninetales
|-sidestart|p1: slave of society|move: Aurora Veil
|move|p2a: Kingambit|Iron Head|p1a: Ninetales
|-supereffective|p1a: Ninetales
|-damage|p1a: Ninetales|22/100
|
|-weather|Snowscape|[upkeep]
|upkeep
|turn|2
|
|t:|1769371553
|switch|p1a: Zamazenta|Zamazenta|100/100
|-ability|p1a: Zamazenta|Dauntless Shield|boost
|-boost|p1a: Zamazenta|def|1
|move|p2a: Kingambit|Iron Head|p1a: Zamazenta
|-damage|p1a: Zamazenta|89/100
|
|-weather|Snowscape|[upkeep]
|upkeep
|turn|3
|
|t:|1769371559
|-end|p2a: Kingambit|fallenundefined|[silent]
|switch|p2a: Dragapult|Dragapult, F|100/100
|move|p1a: Zamazenta|Body Press|p2a: Dragapult
|-immune|p2a: Dragapult
|
|-weather|Snowscape|[upkeep]
|upkeep
|turn|4
|
|t:|1769371567
|switch|p2a: Corviknight|Corviknight, M|100/100
|-ability|p2a: Corviknight|Pressure
|switch|p1a: Hatterene|Hatterene, F|100/100
|
|-weather|Snowscape|[upkeep]
|upkeep
|turn|5
|
|t:|1769371573
|move|p2a: Corviknight|Defog|p1a: Hatterene
|move|p1a: Hatterene|Defog|p2a: Corviknight|[from] ability: Magic Bounce
|-unboost|p2a: Corviknight|evasion|1
|move|p1a: Hatterene|Calm Mind|p1a: Hatterene
|-boost|p1a: Hatterene|spa|1
|-boost|p1a: Hatterene|spd|1
|
|-weather|none
|upkeep
|turn|6
|
|t:|1769371578
|move|p2a: Corviknight|U-turn|p1a: Hatterene
|-damage|p1a: Hatterene|95/100
|
|t:|1769371583
|switch|p2a: Kingambit|Kingambit, M|100/100|[from] U-turn
|move|p1a: Hatterene|Mystical Fire|p2a: Kingambit
|-supereffective|p2a: Kingambit
|-damage|p2a: Kingambit|38/100
|-unboost|p2a: Kingambit|spa|1
|
|-heal|p2a: Kingambit|44/100|[from] item: Leftovers
|-heal|p1a: Hatterene|100/100|[from] item: Leftovers
|upkeep
|turn|7
|
|t:|1769371588
|move|p2a: Kingambit|Iron Head|p1a: Hatterene
|-supereffective|p1a: Hatterene
|-damage|p1a: Hatterene|64/100
|move|p1a: Hatterene|Mystical Fire|p2a: Kingambit
|-supereffective|p2a: Kingambit
|-damage|p2a: Kingambit|0 fnt
|faint|p2a: Kingambit
|-end|p2a: Kingambit|fallenundefined|[silent]
|
|-heal|p1a: Hatterene|70/100|[from] item: Leftovers
|upkeep
|
|t:|1769371597
|switch|p2a: Dragapult|Dragapult, F|100/100
|turn|8
|
|t:|1769371601
|-terastallize|p2a: Dragapult|Ghost
|move|p2a: Dragapult|Shadow Ball|p1a: Hatterene
|-supereffective|p1a: Hatterene
|-damage|p1a: Hatterene|0 fnt
|faint|p1a: Hatterene
|
|-sideend|p1: slave of society|move: Aurora Veil
|upkeep
|
|t:|1769371612
|switch|p1a: Darkrai|Darkrai|100/100
|turn|9
|
|t:|1769371622
|switch|p2a: Alomomola|Alomomola, F|100/100
|move|p1a: Darkrai|Nasty Plot|p1a: Darkrai
|-boost|p1a: Darkrai|spa|2
|
|upkeep
|turn|10
|
|t:|1769371628
|move|p1a: Darkrai|Dark Pulse|p2a: Alomomola
|-damage|p2a: Alomomola|58/100
|cant|p2a: Alomomola|flinch
|
|upkeep
|turn|11
|
|t:|1769371634
|move|p1a: Darkrai|Dark Pulse|p2a: Alomomola
|-damage|p2a: Alomomola|19/100
|move|p2a: Alomomola|Play Rough|p1a: Darkrai
|-supereffective|p1a: Darkrai
|-damage|p1a: Darkrai|56/100
|
|-heal|p1a: Darkrai|62/100|[from] item: Leftovers
|upkeep
|turn|12
|
|t:|1769371652
|move|p1a: Darkrai|Dark Pulse|p2a: Alomomola
|-damage|p2a: Alomomola|0 fnt
|faint|p2a: Alomomola
|
|-heal|p1a: Darkrai|68/100|[from] item: Leftovers
|upkeep
|
|t:|1769371655
|switch|p2a: Dragapult|Dragapult, F, tera:Ghost|100/100
|turn|13
|
|t:|1769371673
|move|p2a: Dragapult|Draco Meteor|p1a: Darkrai
|-damage|p1a: Darkrai|0 fnt
|-unboost|p2a: Dragapult|spa|2
|faint|p1a: Darkrai
|
|upkeep
|
|t:|1769371676
|switch|p1a: Ninetales|Ninetales-Alola, F|22/100
|-weather|Snowscape|[from] ability: Snow Warning|[of] p1a: Ninetales
|turn|14
|
|t:|1769371680
|switch|p2a: Corviknight|Corviknight, M|100/100
|-ability|p2a: Corviknight|Pressure
|move|p1a: Ninetales|Aurora Veil|p1a: Ninetales
|-sidestart|p1: slave of society|move: Aurora Veil
|
|-weather|Snowscape|[upkeep]
|upkeep
|turn|15
|
|t:|1769371683
|switch|p1a: Kyurem|Kyurem|100/100
|-ability|p1a: Kyurem|Pressure
|move|p2a: Corviknight|Defog|p1a: Kyurem
|-unboost|p1a: Kyurem|evasion|1
|-sideend|p1: slave of society|move: Aurora Veil
|
|-weather|Snowscape|[upkeep]
|upkeep
|turn|16
|
|t:|1769371688
|move|p1a: Kyurem|Dragon Dance|p1a: Kyurem
|-boost|p1a: Kyurem|atk|1
|-boost|p1a: Kyurem|spe|1
|move|p2a: Corviknight|U-turn|p1a: Kyurem
|-damage|p1a: Kyurem|91/100
|
|t:|1769371692
|switch|p2a: Great Tusk|Great Tusk|100/100|[from] U-turn
|
|-weather|Snowscape|[upkeep]
|upkeep
|turn|17
|
|t:|1769371698
|move|p1a: Kyurem|Icicle Spear|p2a: Great Tusk
|-supereffective|p2a: Great Tusk
|-damage|p2a: Great Tusk|69/100
|-supereffective|p2a: Great Tusk
|-damage|p2a: Great Tusk|39/100
|-supereffective|p2a: Great Tusk
|-damage|p2a: Great Tusk|11/100
|-supereffective|p2a: Great Tusk
|-damage|p2a: Great Tusk|0 fnt
|faint|p2a: Great Tusk
|-end|p2a: Great Tusk|Protosynthesis|[silent]
|-hitcount|p2: Great Tusk|4
|
|-weather|Snowscape|[upkeep]
|upkeep
|
|t:|1769371705
|switch|p2a: Kyurem|Kyurem|100/100
|-ability|p2a: Kyurem|Pressure
|turn|18
|
|t:|1769371711
|move|p1a: Kyurem|Scale Shot|p2a: Kyurem
|-supereffective|p2a: Kyurem
|-damage|p2a: Kyurem|74/100
|-supereffective|p2a: Kyurem
|-damage|p2a: Kyurem|46/100
|-supereffective|p2a: Kyurem
|-damage|p2a: Kyurem|20/100
|-supereffective|p2a: Kyurem
|-damage|p2a: Kyurem|0 fnt
|faint|p2a: Kyurem
|-hitcount|p2: Kyurem|4
|-unboost|p1a: Kyurem|def|1
|-boost|p1a: Kyurem|spe|1
|
|-weather|none
|upkeep
|-message|BloDragon forfeited.
|
|win|slave of society
|raw|slave of society's rating: 1405 &rarr; <strong>1427</strong><br />(+22 for winning)
|raw|BloDragon's rating: 1436 &rarr; <strong>1414</strong><br />(-22 for losing)
