|j|‽Maka_cutie
|j|☆TKODATRUTH
|t:|1769338100
|gametype|singles
|player|p1|Maka_cutie|1|1399
|player|p2|TKODATRUTH|lance|1386
|gen|9
|tier|[Gen 9] OU
|rated|
|rule|HP Percentage Mod: HP is shown in percentages
|rule|Endless Battle Clause: Forcing endless battles is banned
|rule|Species Clause: Limit one of each Pokémon
|rule|OHKO Clause: OHKO moves are banned
|rule|Evasion Items Clause: Evasion items are banned
|rule|Evasion Moves Clause: Evasion moves are banned
|rule|Evasion Abilities Clause: Evasion abilities are banned
|rule|Sleep Moves Clause: Sleep-inducing moves are banned
|clearpoke
|poke|p1|Blaziken, M|
|poke|p1|Great Tusk|
|poke|p1|Dragapult, F|
|poke|p1|Ninetales-Alola, M|
|poke|p1|Primarina, F|
|poke|p1|Zapdos|
|poke|p2|Kyurem|
|poke|p2|Slowking-Galar, M|
|poke|p2|Ninetales-Alola, M|
|poke|p2|Ceruledge, M|
|poke|p2|Regice|
|poke|p2|Tornadus-Therian, M|
|teampreview
|
|t:|1769338128
|teamsize|p1|6
|teamsize|p2|6
|start
|switch|p1a: Blaziken|Blaziken, M|100/100
|switch|p2a: Slowking|Slowking-Galar, M, shiny|100/100
|turn|1
|inactive|Battle timer is ON: inactive players will automatically lose when time's up. (requested by Maka_cutie)
|
|t:|1769338140
|move|p1a: Blaziken|Swords Dance|p1a: Blaziken
|-boost|p1a: Blaziken|atk|2
|move|p2a: Slowking|Psychic Noise|p1a: Blaziken
|-supereffective|p1a: Blaziken
|-damage|p1a: Blaziken|0 fnt
|faint|p1a: Blaziken
|
|upkeep
|
|t:|1769338148
|switch|p1a: Dragapult|Dragapult, F|100/100
|turn|2
|
|t:|1769338172
|move|p1a: Dragapult|Shadow Ball|p2a: Slowking
|-supereffective|p2a: Slowking
|-damage|p2a: Slowking|17/100
|-prepare|p2a: Slowking|Chilly Reception|[premajor]
|move|p2a: Slowking|Chilly Reception|p2a: Slowking
|-weather|Snowscape
|
|t:|1769338183
|switch|p2a: Regice|Regice, shiny|100/100|[from] Chilly Reception
|
|-weather|Snowscape|[upkeep]
|upkeep
|turn|3
|inactive|TKODATRUTH has 120 seconds left.
|
|t:|1769338208
|switch|p1a: Ninetales|Ninetales-Alola, M|100/100
|move|p2a: Regice|Blizzard|p1a: Ninetales
|-resisted|p1a: Ninetales
|-damage|p1a: Ninetales|52/100
|
|-weather|Snowscape|[upkeep]
|upkeep
|turn|4
|inactive|TKODATRUTH has 90 seconds left.
|
|t:|1769338239
|switch|p2a: Ceruledge|Ceruledge, M|100/100
|move|p1a: Ninetales|Aurora Veil|p1a: Ninetales
|-sidestart|p1: Maka_cutie|move: Aurora Veil
|
|-weather|Snowscape|[upkeep]
|upkeep
|turn|5
|
|t:|1769338255
|switch|p1a: Primarina|Primarina, F|100/100
|move|p2a: Ceruledge|Swords Dance|p2a: Ceruledge
|-boost|p2a: Ceruledge|atk|2
|
|-weather|Snowscape|[upkeep]
|upkeep
|turn|6
|inactive|TKODATRUTH has 90 seconds left.
|
|t:|1769338282
|switch|p2a: Regice|Regice, shiny|100/100
|move|p1a: Primarina|Psychic Noise|p2a: Regice
|-damage|p2a: Regice|84/100
|-start|p2a: Regice|move: Heal Block
|
|-weather|none
|upkeep
|turn|7
|
|t:|1769338296
|move|p1a: Primarina|Substitute|p1a: Primarina
|-start|p1a: Primarina|Substitute
|-damage|p1a: Primarina|75/100
|move|p2a: Regice|Zap Cannon|p1a: Primarina
|-supereffective|p1a: Primarina
|-end|p1a: Primarina|Substitute
|
|-heal|p1a: Primarina|82/100|[from] item: Leftovers
|-end|p2a: Regice|move: Heal Block
|upkeep
|turn|8
|
|t:|1769338311
|move|p1a: Primarina|Substitute|p1a: Primarina
|-start|p1a: Primarina|Substitute
|-damage|p1a: Primarina|57/100
|move|p2a: Regice|Zap Cannon|p1a: Primarina
|-supereffective|p1a: Primarina
|-end|p1a: Primarina|Substitute
|
|-heal|p1a: Primarina|63/100|[from] item: Leftovers
|upkeep
|turn|9
|
|t:|1769338329
|move|p1a: Primarina|Substitute|p1a: Primarina
|-start|p1a: Primarina|Substitute
|-damage|p1a: Primarina|38/100
|move|p2a: Regice|Zap Cannon|p1a: Primarina|[miss]
|-miss|p2a: Regice|p1a: Primarina
|
|-heal|p1a: Primarina|44/100|[from] item: Leftovers
|upkeep
|turn|10
|
|t:|1769338342
|move|p1a: Primarina|Calm Mind|p1a: Primarina
|-boost|p1a: Primarina|spa|1
|-boost|p1a: Primarina|spd|1
|move|p2a: Regice|Zap Cannon|p1a: Primarina|[miss]
|-miss|p2a: Regice|p1a: Primarina
|
|-heal|p1a: Primarina|50/100|[from] item: Leftovers
|upkeep
|turn|11
|
|t:|1769338358
|move|p1a: Primarina|Calm Mind|p1a: Primarina
|-boost|p1a: Primarina|spa|1
|-boost|p1a: Primarina|spd|1
|move|p2a: Regice|Zap Cannon|p1a: Primarina
|-supereffective|p1a: Primarina
|-activate|p1a: Primarina|move: Substitute|[damage]
|
|-heal|p1a: Primarina|56/100|[from] item: Leftovers
|-sideend|p1: Maka_cutie|move: Aurora Veil
|upkeep
|turn|12
|inactive|TKODATRUTH has 60 seconds left.
|
|t:|1769338389
|move|p1a: Primarina|Psychic Noise|p2a: Regice
|-damage|p2a: Regice|52/100
|-start|p2a: Regice|move: Heal Block
|move|p2a: Regice|Zap Cannon|p1a: Primarina|[miss]
|-miss|p2a: Regice|p1a: Primarina
|
|-heal|p1a: Primarina|62/100|[from] item: Leftovers
|upkeep
|turn|13
|inactive|TKODATRUTH has 60 seconds left.
|
|t:|1769338400
|move|p1a: Primarina|Calm Mind|p1a: Primarina
|-boost|p1a: Primarina|spa|1
|-boost|p1a: Primarina|spd|1
|move|p2a: Regice|Zap Cannon|p1a: Primarina|[miss]
|-miss|p2a: Regice|p1a: Primarina
|
|-heal|p1a: Primarina|68/100|[from] item: Leftovers
|-end|p2a: Regice|move: Heal Block
|upkeep
|turn|14
|inactive|TKODATRUTH has 60 seconds left.
|
|t:|1769338417
|move|p1a: Primarina|Draining Kiss|p2a: Regice
|-damage|p2a: Regice|25/100
|-heal|p1a: Primarina|88/100|[from] drain|[of] p2a: Regice
|move|p2a: Regice|Zap Cannon|p1a: Primarina
|-supereffective|p1a: Primarina
|-end|p1a: Primarina|Substitute
|
|-heal|p1a: Primarina|94/100|[from] item: Leftovers
|upkeep
|turn|15
|
|t:|1769338441
|switch|p2a: Slowking|Slowking-Galar, M, shiny|50/100
|move|p1a: Primarina|Substitute|p1a: Primarina
|-start|p1a: Primarina|Substitute
|-damage|p1a: Primarina|69/100
|
|-heal|p1a: Primarina|75/100|[from] item: Leftovers
|-heal|p2a: Slowking|56/100|[from] item: Leftovers
|upkeep
|turn|16
|inactive|TKODATRUTH has 30 seconds left.
|inactive|TKODATRUTH has 20 seconds left.
|
|t:|1769338474
|move|p1a: Primarina|Calm Mind|p1a: Primarina
|-boost|p1a: Primarina|spa|1
|-boost|p1a: Primarina|spd|1
|-prepare|p2a: Slowking|Chilly Reception|[premajor]
|move|p2a: Slowking|Chilly Reception|p2a: Slowking
|-weather|Snowscape
|inactive|TKODATRUTH has 25 seconds left this turn.
|inactive|TKODATRUTH has 20 seconds left.
|
|t:|1769338482
|switch|p2a: Ninetales|Ninetales-Alola, M, shiny|100/100|[from] Chilly Reception
|
|-weather|Snowscape|[upkeep]
|-heal|p1a: Primarina|81/100|[from] item: Leftovers
|upkeep
|turn|17
|inactive|TKODATRUTH has 30 seconds left this turn.
|
|t:|1769338491
|move|p2a: Ninetales|Aurora Veil|p2a: Ninetales
|-sidestart|p2: TKODATRUTH|move: Aurora Veil
|move|p1a: Primarina|Psychic Noise|p2a: Ninetales
|-damage|p2a: Ninetales|48/100
|-start|p2a: Ninetales|move: Heal Block
|
|-weather|Snowscape|[upkeep]
|-heal|p1a: Primarina|87/100|[from] item: Leftovers
|upkeep
|turn|18
|inactive|TKODATRUTH has 30 seconds left.
|inactive|TKODATRUTH has 20 seconds left.
|
|t:|1769338513
|switch|p2a: Slowking|Slowking-Galar, M, shiny|89/100
|move|p1a: Primarina|Calm Mind|p1a: Primarina
|-boost|p1a: Primarina|spa|1
|-boost|p1a: Primarina|spd|1
|
|-weather|Snowscape|[upkeep]
|-heal|p1a: Primarina|93/100|[from] item: Leftovers
|-heal|p2a: Slowking|95/100|[from] item: Leftovers
|upkeep
|turn|19
|inactive|TKODATRUTH has 30 seconds left this turn.
|inactive|TKODATRUTH has 20 seconds left.
|
|t:|1769338527
|move|p1a: Primarina|Psychic Noise|p2a: Slowking
|-damage|p2a: Slowking|50/100
|-start|p2a: Slowking|move: Heal Block
|move|p2a: Slowking|Calm Mind|p2a: Slowking
|-boost|p2a: Slowking|spa|1
|-boost|p2a: Slowking|spd|1
|
|-weather|Snowscape|[upkeep]
|-heal|p1a: Primarina|99/100|[from] item: Leftovers
|upkeep
|turn|20
|inactive|TKODATRUTH has 30 seconds left this turn.
|inactive|TKODATRUTH has 20 seconds left.
|inactive|TKODATRUTH has 15 seconds left.
|inactive|TKODATRUTH has 10 seconds left.
|
|t:|1769338547
|move|p1a: Primarina|Psychic Noise|p2a: Slowking
|-damage|p2a: Slowking|21/100
|move|p2a: Slowking|Sludge Bomb|p1a: Primarina
|-supereffective|p1a: Primarina
|-end|p1a: Primarina|Substitute
|
|-weather|none
|-heal|p1a: Primarina|100/100|[from] item: Leftovers
|-end|p2a: Slowking|move: Heal Block
|upkeep
|turn|21
|inactive|TKODATRUTH has 20 seconds left this turn.
|inactive|TKODATRUTH has 15 seconds left.
|inactive|TKODATRUTH has 10 seconds left.
|
|t:|1769338561
|move|p1a: Primarina|Psychic Noise|p2a: Slowking
|-damage|p2a: Slowking|0 fnt
|faint|p2a: Slowking
|
|upkeep
|inactive|TKODATRUTH has 15 seconds left this turn.
|inactive|TKODATRUTH has 10 seconds left.
|
|t:|1769338568
|switch|p2a: Tornadus|Tornadus-Therian, M, shiny|100/100
|turn|22
|inactive|TKODATRUTH has 20 seconds left this turn.
|inactive|TKODATRUTH has 15 seconds left.
|
|t:|1769338577
|move|p2a: Tornadus|Bleakwind Storm|p1a: Primarina
|-damage|p1a: Primarina|86/100
|-damage|p2a: Tornadus|91/100|[from] item: Life Orb
|move|p1a: Primarina|Substitute|p1a: Primarina
|-start|p1a: Primarina|Substitute
|-damage|p1a: Primarina|61/100
|
|-heal|p1a: Primarina|67/100|[from] item: Leftovers
|upkeep
|turn|23
|inactive|TKODATRUTH has 25 seconds left this turn.
|inactive|TKODATRUTH has 20 seconds left.
|inactive|TKODATRUTH has 15 seconds left.
|
|t:|1769338592
|move|p2a: Tornadus|Bleakwind Storm|p1a: Primarina
|-activate|p1a: Primarina|move: Substitute|[damage]
|-damage|p2a: Tornadus|81/100|[from] item: Life Orb
|move|p1a: Primarina|Calm Mind|p1a: Primarina
|-boost|p1a: Primarina|spa|1
|-boost|p1a: Primarina|spd|1
|
|-heal|p1a: Primarina|73/100|[from] item: Leftovers
|upkeep
|turn|24
|inactive|TKODATRUTH has 25 seconds left this turn.
|inactive|TKODATRUTH has 20 seconds left.
|inactive|TKODATRUTH has 15 seconds left.
|inactive|TKODATRUTH has 10 seconds left.
|
|t:|1769338608
|move|p2a: Tornadus|Bleakwind Storm|p1a: Primarina
|-end|p1a: Primarina|Substitute
|-damage|p2a: Tornadus|71/100|[from] item: Life Orb
|move|p1a: Primarina|Draining Kiss|p2a: Tornadus
|-damage|p2a: Tornadus|20/100
|-heal|p1a: Primarina|100/100|[from] drain|[of] p2a: Tornadus
|
|-sideend|p2: TKODATRUTH|move: Aurora Veil
|upkeep
|turn|25
|inactive|TKODATRUTH has 20 seconds left this turn.
|inactive|TKODATRUTH has 15 seconds left.
|inactive|TKODATRUTH has 10 seconds left.
|
|t:|1769338619
|switch|p2a: Ninetales|Ninetales-Alola, M, shiny|48/100
|-weather|Snowscape|[from] ability: Snow Warning|[of] p2a: Ninetales
|move|p1a: Primarina|Substitute|p1a: Primarina
|-start|p1a: Primarina|Substitute
|-damage|p1a: Primarina|75/100
|
|-weather|Snowscape|[upkeep]
|-heal|p1a: Primarina|82/100|[from] item: Leftovers
|upkeep
|turn|26
|inactive|TKODATRUTH has 20 seconds left this turn.
|inactive|TKODATRUTH has 15 seconds left.
|
|t:|1769338625
|move|p2a: Ninetales|Aurora Veil|p2a: Ninetales
|-sidestart|p2: TKODATRUTH|move: Aurora Veil
|move|p1a: Primarina|Psychic Noise|p2a: Ninetales
|-damage|p2a: Ninetales|0 fnt
|faint|p2a: Ninetales
|
|-weather|Snowscape|[upkeep]
|-heal|p1a: Primarina|88/100|[from] item: Leftovers
|upkeep
|inactive|TKODATRUTH has 20 seconds left this turn.
|inactive|TKODATRUTH has 15 seconds left.
|inactive|TKODATRUTH has 10 seconds left.
|
|t:|1769338638
|switch|p2a: Ceruledge|Ceruledge, M|100/100
|turn|27
|inactive|TKODATRUTH has 20 seconds left this turn.
|inactive|TKODATRUTH has 15 seconds left.
|inactive|TKODATRUTH has 10 seconds left.
|
|t:|1769338648
|move|p2a: Ceruledge|Poltergeist|p1a: Primarina
|-activate|p1a: Primarina|move: Poltergeist|Leftovers
|-end|p1a: Primarina|Substitute
|move|p1a: Primarina|Psychic Noise|p2a: Ceruledge
|-supereffective|p2a: Ceruledge
|-enditem|p2a: Ceruledge|Focus Sash
|-damage|p2a: Ceruledge|1/100
|-start|p2a: Ceruledge|move: Heal Block
|
|-weather|Snowscape|[upkeep]
|-heal|p1a: Primarina|94/100|[from] item: Leftovers
|upkeep
|turn|28
|inactive|TKODATRUTH has 20 seconds left this turn.
|inactive|TKODATRUTH has 15 seconds left.
|
|t:|1769338660
|move|p2a: Ceruledge|Poltergeist|p1a: Primarina
|-activate|p1a: Primarina|move: Poltergeist|Leftovers
|-damage|p1a: Primarina|52/100
|move|p1a: Primarina|Psychic Noise|p2a: Ceruledge
|-supereffective|p2a: Ceruledge
|-crit|p2a: Ceruledge
|-damage|p2a: Ceruledge|0 fnt
|faint|p2a: Ceruledge
|
|-weather|Snowscape|[upkeep]
|-heal|p1a: Primarina|58/100|[from] item: Leftovers
|upkeep
|inactive|TKODATRUTH has 20 seconds left this turn.
|inactive|TKODATRUTH has 15 seconds left.
|inactive|TKODATRUTH has 10 seconds left.
|
|t:|1769338674
|switch|p2a: Kyurem|Kyurem|100/100
|-ability|p2a: Kyurem|Pressure
|turn|29
|inactive|TKODATRUTH has 20 seconds left this turn.
|inactive|TKODATRUTH has 15 seconds left.
|
|t:|1769338684
|move|p2a: Kyurem|Stone Edge|p1a: Primarina
|-damage|p1a: Primarina|27/100
|move|p1a: Primarina|Draining Kiss|p2a: Kyurem
|-supereffective|p2a: Kyurem
|-damage|p2a: Kyurem|20/100
|-heal|p1a: Primarina|92/100|[from] drain|[of] p2a: Kyurem
|
|-weather|none
|-heal|p1a: Primarina|98/100|[from] item: Leftovers
|upkeep
|turn|30
|inactive|TKODATRUTH has 25 seconds left this turn.
|inactive|TKODATRUTH has 20 seconds left.
|inactive|TKODATRUTH has 15 seconds left.
|
|t:|1769338695
|move|p2a: Kyurem|Stone Edge|p1a: Primarina
|-damage|p1a: Primarina|68/100
|move|p1a: Primarina|Draining Kiss|p2a: Kyurem
|-supereffective|p2a: Kyurem
|-damage|p2a: Kyurem|0 fnt
|-heal|p1a: Primarina|84/100|[from] drain|[of] p2a: Kyurem
|faint|p2a: Kyurem
|
|-heal|p1a: Primarina|90/100|[from] item: Leftovers
|upkeep
|inactive|TKODATRUTH has 20 seconds left this turn.
|inactive|TKODATRUTH has 15 seconds left.
|-message|TKODATRUTH forfeited.
|
|win|Maka_cutie
|raw|Maka_cutie's rating: 1399 &rarr; <strong>1418</strong><br />(+19 for winning)
|raw|TKODATRUTH's rating: 1386 &rarr; <strong>1367</strong><br />(-19 for losing)
|l|☆TKODATRUTH
|player|p2|
|l|‽Maka_cutie
|player|p1|
