|j|☆maxmoefoe pokemon
|j|☆Obling
|t:|1769339122
|gametype|singles
|player|p1|maxmoefoe pokemon|1|1662
|player|p2|Obling|player-go|1746
|gen|9
|tier|[Gen 9] OU
|rated|
|rule|HP Percentage Mod: HP is shown in percentages
|rule|Endless Battle Clause: Forcing endless battles is banned
|rule|Species Clause: Limit one of each Pokémon
|rule|OHKO Clause: OHKO moves are banned
|rule|Evasion Items Clause: Evasion items are banned
|rule|Evasion Moves Clause: Evasion moves are banned
|rule|Evasion Abilities Clause: Evasion abilities are banned
|rule|Sleep Moves Clause: Sleep-inducing moves are banned
|clearpoke
|poke|p1|Enamorus, F|
|poke|p1|Iron Moth|
|poke|p1|Landorus-Therian, M|
|poke|p1|Kingambit, F|
|poke|p1|Ogerpon-Wellspring, F|
|poke|p1|Deoxys-Speed|
|poke|p2|Smeargle, F|
|poke|p2|Azumarill, F|
|poke|p2|Gholdengo|
|poke|p2|Iron Valiant|
|poke|p2|Dragonite, F|
|poke|p2|Kingambit, F|
|teampreview
|inactive|Battle timer is ON: inactive players will automatically lose when time's up. (requested by Obling)
|
|t:|1769339154
|teamsize|p1|6
|teamsize|p2|6
|start
|switch|p1a: Landorus|Landorus-Therian, M|100/100
|switch|p2a: Peak Gimmick|Smeargle, F|100/100
|-ability|p1a: Landorus|Intimidate|boost
|-fail|p2a: Peak Gimmick|unboost|Attack|[from] ability: Own Tempo|[of] p2a: Peak Gimmick
|turn|1
|
|t:|1769339158
|move|p1a: Landorus|Taunt|p2a: Peak Gimmick
|-start|p2a: Peak Gimmick|move: Taunt
|cant|p2a: Peak Gimmick|move: Taunt|Sticky Web
|
|upkeep
|turn|2
|
|t:|1769339163
|switch|p2a: Azumarill|Azumarill, F|100/100
|move|p1a: Landorus|Stealth Rock|p2a: Azumarill
|-sidestart|p2: Obling|move: Stealth Rock
|
|upkeep
|turn|3
|
|t:|1769339167
|move|p1a: Landorus|U-turn|p2a: Azumarill
|-resisted|p2a: Azumarill
|-damage|p2a: Azumarill|91/100
|
|t:|1769339170
|switch|p1a: Ogerpon|Ogerpon-Wellspring, F|100/100|[from] U-turn
|move|p2a: Azumarill|Play Rough|p1a: Ogerpon
|-damage|p1a: Ogerpon|32/100
|
|upkeep
|turn|4
|
|t:|1769339176
|switch|p2a: Dragonite|Dragonite, F|100/100
|move|p1a: Ogerpon|Power Whip|p2a: Dragonite
|-resisted|p2a: Dragonite
|-damage|p2a: Dragonite|92/100
|
|upkeep
|turn|5
|
|t:|1769339182
|switch|p1a: Deoxys|Deoxys-Speed|100/100
|-ability|p1a: Deoxys|Pressure
|move|p2a: Dragonite|Dragon Dance|p2a: Dragonite
|-boost|p2a: Dragonite|atk|1
|-boost|p2a: Dragonite|spe|1
|
|upkeep
|turn|6
|
|t:|1769339185
|move|p1a: Deoxys|Ice Beam|p2a: Dragonite
|-supereffective|p2a: Dragonite
|-damage|p2a: Dragonite|0 fnt
|faint|p2a: Dragonite
|-damage|p1a: Deoxys|91/100|[from] item: Life Orb
|
|upkeep
|
|t:|1769339187
|switch|p2a: Peak Gimmick|Smeargle, F|100/100
|-damage|p2a: Peak Gimmick|88/100|[from] Stealth Rock
|turn|7
|
|t:|1769339192
|move|p1a: Deoxys|Psycho Boost|p2a: Peak Gimmick
|-damage|p2a: Peak Gimmick|0 fnt
|-unboost|p1a: Deoxys|spa|2
|faint|p2a: Peak Gimmick
|-damage|p1a: Deoxys|81/100|[from] item: Life Orb
|
|upkeep
|
|t:|1769339197
|switch|p2a: Azumarill|Azumarill, F|91/100
|-damage|p2a: Azumarill|78/100|[from] Stealth Rock
|turn|8
|
|t:|1769339201
|switch|p1a: Landorus|Landorus-Therian, M|100/100
|-ability|p1a: Landorus|Intimidate|boost
|-unboost|p2a: Azumarill|atk|1
|move|p2a: Azumarill|Knock Off|p1a: Landorus
|-damage|p1a: Landorus|73/100
|-damage|p2a: Azumarill|62/100|[from] item: Rocky Helmet|[of] p1a: Landorus
|-enditem|p1a: Landorus|Rocky Helmet|[from] move: Knock Off|[of] p2a: Azumarill
|
|upkeep
|turn|9
|-message|Obling forfeited.
|
|win|maxmoefoe pokemon
|raw|maxmoefoe pokemon's rating: 1662 &rarr; <strong>1687</strong><br />(+25 for winning)
|raw|Obling's rating: 1746 &rarr; <strong>1721</strong><br />(-25 for losing)
|l|☆Obling
|player|p2|
|l|☆maxmoefoe pokemon
|player|p1|
