|j|☆Xmas Arc
|j|☆fieryflames123*
|t:|1769389072
|gametype|singles
|player|p1|Xmas Arc|blue|1173
|player|p2|fieryflames123*|roxie|1189
|gen|9
|tier|[Gen 9] OU
|rated|
|rule|HP Percentage Mod: HP is shown in percentages
|rule|Endless Battle Clause: Forcing endless battles is banned
|rule|Species Clause: Limit one of each Pokémon
|rule|OHKO Clause: OHKO moves are banned
|rule|Evasion Items Clause: Evasion items are banned
|rule|Evasion Moves Clause: Evasion moves are banned
|rule|Evasion Abilities Clause: Evasion abilities are banned
|rule|Sleep Moves Clause: Sleep-inducing moves are banned
|clearpoke
|poke|p1|Dragonite, M|
|poke|p1|Corviknight, M|
|poke|p1|Darkrai|
|poke|p1|Blaziken, F|
|poke|p1|Ogerpon-Wellspring, F|
|poke|p1|Weezing-Galar, M|
|poke|p2|Infernape, F|
|poke|p2|Typhlosion-Hisui, F|
|poke|p2|Blaziken, M|
|poke|p2|Torkoal, M|
|poke|p2|Heatran, M|
|poke|p2|Delphox, M|
|teampreview
|
|t:|1769389080
|teamsize|p1|6
|teamsize|p2|6
|start
|switch|p1a: Dragonite|Dragonite, M|100/100
|switch|p2a: Heatran|Heatran, M|100/100
|-item|p2a: Heatran|Air Balloon
|turn|1
|
|t:|1769389091
|move|p1a: Dragonite|Dragon Dance|p1a: Dragonite
|-boost|p1a: Dragonite|atk|1
|-boost|p1a: Dragonite|spe|1
|move|p2a: Heatran|Magma Storm|p1a: Dragonite
|-resisted|p1a: Dragonite
|-damage|p1a: Dragonite|86/100
|-activate|p1a: Dragonite|move: Magma Storm|[of] p2a: Heatran
|
|-damage|p1a: Dragonite|74/100|[from] move: Magma Storm|[partiallytrapped]
|upkeep
|turn|2
|
|t:|1769389102
|move|p2a: Heatran|Protect|p2a: Heatran
|-singleturn|p2a: Heatran|Protect
|move|p1a: Dragonite|Extreme Speed|p2a: Heatran
|-activate|p2a: Heatran|move: Protect
|
|-damage|p1a: Dragonite|61/100|[from] move: Magma Storm|[partiallytrapped]
|upkeep
|turn|3
|
|t:|1769389110
|move|p1a: Dragonite|Extreme Speed|p2a: Heatran
|-resisted|p2a: Heatran
|-damage|p2a: Heatran|81/100
|-enditem|p2a: Heatran|Air Balloon
|move|p2a: Heatran|Flash Cannon|p1a: Dragonite
|-damage|p1a: Dragonite|11/100
|
|-damage|p1a: Dragonite|0 fnt|[from] move: Magma Storm|[partiallytrapped]
|faint|p1a: Dragonite
|upkeep
|
|t:|1769389125
|switch|p1a: Fiona|Ogerpon-Wellspring, F|100/100
|turn|4
|c|☆fieryflames123*|Come get some of this!
|
|t:|1769389140
|move|p1a: Fiona|Ivy Cudgel|p2a: Heatran|[anim] Ivy Cudgel Water
|-supereffective|p2a: Heatran
|-damage|p2a: Heatran|0 fnt
|faint|p2a: Heatran
|
|upkeep
|
|t:|1769389146
|switch|p2a: Blaziken|Blaziken, M, shiny|100/100
|turn|5
|
|t:|1769389164
|move|p1a: Fiona|Ivy Cudgel|p2a: Blaziken|[anim] Ivy Cudgel Water
|-supereffective|p2a: Blaziken
|-enditem|p2a: Blaziken|Focus Sash
|-damage|p2a: Blaziken|1/100
|move|p2a: Blaziken|Swords Dance|p2a: Blaziken
|-boost|p2a: Blaziken|atk|2
|
|-ability|p2a: Blaziken|Speed Boost|boost
|-boost|p2a: Blaziken|spe|1
|upkeep
|turn|6
|
|t:|1769389178
|move|p2a: Blaziken|Protect|p2a: Blaziken
|-singleturn|p2a: Blaziken|Protect
|move|p1a: Fiona|Encore|p2a: Blaziken
|-activate|p2a: Blaziken|move: Protect
|
|-ability|p2a: Blaziken|Speed Boost|boost
|-boost|p2a: Blaziken|spe|1
|upkeep
|turn|7
|c|☆fieryflames123*|Make a move son!
|
|t:|1769389238
|switch|p1a: ELLO|Weezing-Galar, M|100/100
|-ability|p1a: ELLO|Neutralizing Gas
|move|p2a: Blaziken|Close Combat|p1a: ELLO
|-resisted|p1a: ELLO
|-damage|p1a: ELLO|80/100
|-unboost|p2a: Blaziken|def|1
|-unboost|p2a: Blaziken|spd|1
|
|upkeep
|turn|8
|l|☆fieryflames123*
|player|p2|
|j|☆fieryflames123*
|player|p2|fieryflames123*|roxie|
|
|t:|1769389267
|move|p2a: Blaziken|Fire Punch|p1a: ELLO
|-damage|p1a: ELLO|24/100
|move|p1a: ELLO|Strange Steam|p2a: Blaziken
|-damage|p2a: Blaziken|0 fnt
|faint|p2a: Blaziken
|
|upkeep
|
|t:|1769389277
|switch|p2a: Delphox|Delphox, M|100/100
|turn|9
|inactive|Battle timer is ON: inactive players will automatically lose when time's up. (requested by fieryflames123*)
|
|t:|1769389299
|-end|p1a: ELLO|ability: Neutralizing Gas
|switch|p1a: Fiona|Ogerpon-Wellspring, F|100/100
|move|p2a: Delphox|Flamethrower|p1a: Fiona
|-damage|p1a: Fiona|53/100
|
|upkeep
|turn|10
|
|t:|1769389309
|-terastallize|p1a: Fiona|Water
|detailschange|p1a: Fiona|Ogerpon-Wellspring-Tera, F, tera:Water
|-ability|p1a: Fiona|Embody Aspect (Wellspring)|boost
|-boost|p1a: Fiona|spd|1
|move|p1a: Fiona|Ivy Cudgel|p2a: Delphox|[anim] Ivy Cudgel Water
|-supereffective|p2a: Delphox
|-damage|p2a: Delphox|0 fnt
|faint|p2a: Delphox
|
|upkeep
|
|t:|1769389319
|switch|p2a: Infernape|Infernape, F|100/100
|turn|11
|
|t:|1769389322
|move|p1a: Fiona|Ivy Cudgel|p2a: Infernape|[anim] Ivy Cudgel Water
|-supereffective|p2a: Infernape
|-enditem|p2a: Infernape|Focus Sash
|-damage|p2a: Infernape|1/100
|move|p2a: Infernape|Close Combat|p1a: Fiona
|-damage|p1a: Fiona|0 fnt
|-unboost|p2a: Infernape|def|1
|-unboost|p2a: Infernape|spd|1
|faint|p1a: Fiona
|detailschange|p1: Fiona|Ogerpon-Wellspring, F|[silent]
|
|upkeep
|
|t:|1769389332
|switch|p1a: MEGA ULTRA CHICKEN|Blaziken, F, shiny|100/100
|-item|p1a: MEGA ULTRA CHICKEN|Air Balloon
|turn|12
|
|t:|1769389344
|move|p1a: MEGA ULTRA CHICKEN|Protect|p1a: MEGA ULTRA CHICKEN
|-singleturn|p1a: MEGA ULTRA CHICKEN|Protect
|move|p2a: Infernape|Close Combat|p1a: MEGA ULTRA CHICKEN
|-activate|p1a: MEGA ULTRA CHICKEN|move: Protect
|
|-ability|p1a: MEGA ULTRA CHICKEN|Speed Boost|boost
|-boost|p1a: MEGA ULTRA CHICKEN|spe|1
|upkeep
|turn|13
|
|t:|1769389363
|move|p2a: Infernape|Mach Punch|p1a: MEGA ULTRA CHICKEN
|-damage|p1a: MEGA ULTRA CHICKEN|73/100
|-enditem|p1a: MEGA ULTRA CHICKEN|Air Balloon
|move|p1a: MEGA ULTRA CHICKEN|Flare Blitz|p2a: Infernape
|-resisted|p2a: Infernape
|-damage|p2a: Infernape|0 fnt
|faint|p2a: Infernape
|-damage|p1a: MEGA ULTRA CHICKEN|73/100|[from] Recoil
|
|-ability|p1a: MEGA ULTRA CHICKEN|Speed Boost|boost
|-boost|p1a: MEGA ULTRA CHICKEN|spe|1
|upkeep
|
|t:|1769389375
|switch|p2a: Typhlosion|Typhlosion-Hisui, F|100/100
|turn|14
|
|t:|1769389395
|-terastallize|p2a: Typhlosion|Fire
|move|p1a: MEGA ULTRA CHICKEN|Flare Blitz|p2a: Typhlosion
|-resisted|p2a: Typhlosion
|-damage|p2a: Typhlosion|45/100
|-damage|p1a: MEGA ULTRA CHICKEN|56/100|[from] Recoil
|move|p2a: Typhlosion|Flamethrower|p1a: MEGA ULTRA CHICKEN
|-resisted|p1a: MEGA ULTRA CHICKEN
|-damage|p1a: MEGA ULTRA CHICKEN|13/100
|
|-ability|p1a: MEGA ULTRA CHICKEN|Speed Boost|boost
|-boost|p1a: MEGA ULTRA CHICKEN|spe|1
|upkeep
|turn|15
|
|t:|1769389407
|move|p2a: Typhlosion|Quick Attack|p1a: MEGA ULTRA CHICKEN
|-damage|p1a: MEGA ULTRA CHICKEN|1/100
|move|p1a: MEGA ULTRA CHICKEN|Flare Blitz|p2a: Typhlosion
|-resisted|p2a: Typhlosion
|-damage|p2a: Typhlosion|0 fnt
|faint|p2a: Typhlosion
|-damage|p1a: MEGA ULTRA CHICKEN|0 fnt|[from] Recoil
|faint|p1a: MEGA ULTRA CHICKEN
|
|upkeep
|-message|fieryflames123* forfeited.
|
|win|Xmas Arc
|raw|Xmas Arc's rating: 1173 &rarr; <strong>1199</strong><br />(+26 for winning)
|raw|fieryflames123*'s rating: 1189 &rarr; <strong>1163</strong><br />(-26 for losing)
|l|☆fieryflames123*
|player|p2|
