|j|☆trash alts
|j|☆Spirit Bow
|t:|1769297490
|gametype|singles
|player|p1|trash alts|koga-gen1rb|1040
|player|p2|Spirit Bow|aaron|1026
|gen|9
|tier|[Gen 9] OU
|rated|
|rule|HP Percentage Mod: HP is shown in percentages
|rule|Endless Battle Clause: Forcing endless battles is banned
|rule|Species Clause: Limit one of each Pokémon
|rule|OHKO Clause: OHKO moves are banned
|rule|Evasion Items Clause: Evasion items are banned
|rule|Evasion Moves Clause: Evasion moves are banned
|rule|Evasion Abilities Clause: Evasion abilities are banned
|rule|Sleep Moves Clause: Sleep-inducing moves are banned
|clearpoke
|poke|p1|Ogerpon-Wellspring, F|
|poke|p1|Kingambit, F|
|poke|p1|Landorus-Therian, M|
|poke|p1|Glimmora, M|
|poke|p1|Dragapult, M|
|poke|p1|Iron Valiant|
|poke|p2|Polteageist|
|poke|p2|Ceruledge, M|
|poke|p2|Brambleghast, F|
|poke|p2|Gengar, F|
|poke|p2|Mimikyu, M|
|poke|p2|Dusclops, M|
|teampreview
|inactive|Battle timer is ON: inactive players will automatically lose when time's up. (requested by trash alts)
|
|t:|1769297495
|teamsize|p1|6
|teamsize|p2|6
|start
|switch|p1a: Landorus|Landorus-Therian, M|100/100
|switch|p2a: Dusclops|Dusclops, M|100/100
|-ability|p1a: Landorus|Intimidate|boost
|-unboost|p2a: Dusclops|atk|1
|-ability|p2a: Dusclops|Pressure
|turn|1
|
|t:|1769297500
|move|p1a: Landorus|Taunt|p2a: Dusclops
|-start|p2a: Dusclops|move: Taunt
|cant|p2a: Dusclops|move: Taunt|Substitute
|
|upkeep
|turn|2
|
|t:|1769297506
|switch|p2a: Polteageist|Polteageist|100/100
|move|p1a: Landorus|Stealth Rock|p2a: Polteageist
|-sidestart|p2: Spirit Bow|move: Stealth Rock
|
|upkeep
|turn|3
|
|t:|1769297513
|move|p1a: Landorus|Taunt|p2a: Polteageist
|-start|p2a: Polteageist|move: Taunt
|cant|p2a: Polteageist|move: Taunt|Shell Smash
|
|upkeep
|turn|4
|
|t:|1769297518
|move|p1a: Landorus|Earthquake|p2a: Polteageist
|-damage|p2a: Polteageist|7/100
|-ability|p2a: Polteageist|Weak Armor|boost
|-unboost|p2a: Polteageist|def|1
|-boost|p2a: Polteageist|spe|2
|-enditem|p2a: Polteageist|White Herb
|-clearnegativeboost|p2a: Polteageist|[silent]
|move|p2a: Polteageist|Shadow Ball|p1a: Landorus
|-damage|p1a: Landorus|48/100
|
|upkeep
|turn|5
|
|t:|1769297535
|switch|p1a: Kingambit|Kingambit, F|100/100
|move|p2a: Polteageist|Shadow Ball|p1a: Kingambit
|-resisted|p1a: Kingambit
|-damage|p1a: Kingambit|77/100
|
|-heal|p1a: Kingambit|84/100|[from] item: Leftovers
|-end|p2a: Polteageist|move: Taunt
|upkeep
|turn|6
|
|t:|1769297542
|move|p1a: Kingambit|Sucker Punch||[still]
|-fail|p1a: Kingambit
|move|p2a: Polteageist|Shell Smash|p2a: Polteageist
|-unboost|p2a: Polteageist|def|1
|-unboost|p2a: Polteageist|spd|1
|-boost|p2a: Polteageist|atk|2
|-boost|p2a: Polteageist|spa|2
|-boost|p2a: Polteageist|spe|2
|
|-heal|p1a: Kingambit|90/100|[from] item: Leftovers
|upkeep
|turn|7
|
|t:|1769297549
|move|p1a: Kingambit|Sucker Punch|p2a: Polteageist
|-supereffective|p2a: Polteageist
|-damage|p2a: Polteageist|0 fnt
|faint|p2a: Polteageist
|
|-heal|p1a: Kingambit|96/100|[from] item: Leftovers
|upkeep
|
|t:|1769297553
|switch|p2a: Dusclops|Dusclops, M|100/100
|-damage|p2a: Dusclops|88/100|[from] Stealth Rock
|-ability|p2a: Dusclops|Pressure
|turn|8
|
|t:|1769297557
|move|p1a: Kingambit|Kowtow Cleave|p2a: Dusclops
|-supereffective|p2a: Dusclops
|-damage|p2a: Dusclops|31/100
|move|p2a: Dusclops|Will-O-Wisp|p1a: Kingambit
|-status|p1a: Kingambit|brn
|
|-heal|p1a: Kingambit|100/100 brn|[from] item: Leftovers
|-damage|p1a: Kingambit|94/100 brn|[from] brn
|upkeep
|turn|9
|
|t:|1769297561
|move|p1a: Kingambit|Kowtow Cleave|p2a: Dusclops
|-supereffective|p2a: Dusclops
|-damage|p2a: Dusclops|0 fnt
|faint|p2a: Dusclops
|
|-heal|p1a: Kingambit|100/100 brn|[from] item: Leftovers
|-damage|p1a: Kingambit|94/100 brn|[from] brn
|upkeep
|
|t:|1769297565
|switch|p2a: Mimikyu|Mimikyu, M|100/100
|-damage|p2a: Mimikyu|88/100|[from] Stealth Rock
|turn|10
|
|t:|1769297568
|move|p2a: Mimikyu|Drain Punch|p1a: Kingambit
|-supereffective|p1a: Kingambit
|-damage|p1a: Kingambit|39/100 brn
|-heal|p2a: Mimikyu|100/100|[from] drain|[of] p1a: Kingambit
|move|p1a: Kingambit|Iron Head|p2a: Mimikyu
|-activate|p2a: Mimikyu|ability: Disguise
|-damage|p2a: Mimikyu|100/100
|detailschange|p2a: Mimikyu|Mimikyu-Busted, M
|-damage|p2a: Mimikyu|88/100|[from] pokemon: Mimikyu-Busted
|
|-heal|p1a: Kingambit|46/100 brn|[from] item: Leftovers
|-damage|p1a: Kingambit|39/100 brn|[from] brn
|upkeep
|turn|11
|
|t:|1769297574
|-end|p1a: Kingambit|fallenundefined|[silent]
|switch|p1a: Landorus|Landorus-Therian, M|48/100
|-ability|p1a: Landorus|Intimidate|boost
|-unboost|p2a: Mimikyu|atk|1
|move|p2a: Mimikyu|Drain Punch|p1a: Landorus
|-resisted|p1a: Landorus
|-damage|p1a: Landorus|42/100
|-heal|p2a: Mimikyu|93/100|[from] drain|[of] p1a: Landorus
|-damage|p2a: Mimikyu|77/100|[from] item: Rocky Helmet|[of] p1a: Landorus
|
|upkeep
|turn|12
|
|t:|1769297578
|move|p2a: Mimikyu|Drain Punch|p1a: Landorus
|-resisted|p1a: Landorus
|-crit|p1a: Landorus
|-damage|p1a: Landorus|28/100
|-heal|p2a: Mimikyu|87/100|[from] drain|[of] p1a: Landorus
|-damage|p2a: Mimikyu|71/100|[from] item: Rocky Helmet|[of] p1a: Landorus
|move|p1a: Landorus|Earthquake|p2a: Mimikyu
|-damage|p2a: Mimikyu|0 fnt
|faint|p2a: Mimikyu
|
|upkeep
|
|t:|1769297580
|switch|p2a: Gengar|Gengar, F|100/100
|-damage|p2a: Gengar|88/100|[from] Stealth Rock
|turn|13
|
|t:|1769297586
|move|p2a: Gengar|Shadow Ball|p1a: Landorus
|-damage|p1a: Landorus|0 fnt
|faint|p1a: Landorus
|
|upkeep
|
|t:|1769297590
|switch|p1a: Glimmora|Glimmora, M|100/100
|turn|14
|
|t:|1769297592
|move|p2a: Gengar|Shadow Ball|p1a: Glimmora
|-damage|p1a: Glimmora|24/100
|move|p1a: Glimmora|Meteor Beam||[still]
|-prepare|p1a: Glimmora|Meteor Beam
|-boost|p1a: Glimmora|spa|1
|-enditem|p1a: Glimmora|Power Herb
|-anim|p1a: Glimmora|Meteor Beam|p2a: Gengar
|-damage|p2a: Gengar|0 fnt
|-start|p1a: Glimmora|Disable|Meteor Beam|[from] ability: Cursed Body|[of] p2a: Gengar
|faint|p2a: Gengar
|
|upkeep
|-message|Spirit Bow forfeited.
|
|win|trash alts
|raw|trash alts's rating: 1077 &rarr; <strong>1100</strong><br />(+23 for winning)
|raw|Spirit Bow's rating: 1013 &rarr; <strong>1003</strong><br />(-10 for losing)
|l|☆Spirit Bow
|player|p2|
