|j|☆anamchara
|j|☆wppipeqy
|t:|1769317570
|gametype|singles
|player|p1|anamchara|2|1469
|player|p2|wppipeqy|wallace|1454
|gen|9
|tier|[Gen 9] OU
|rated|
|rule|HP Percentage Mod: HP is shown in percentages
|rule|Endless Battle Clause: Forcing endless battles is banned
|rule|Species Clause: Limit one of each Pokémon
|rule|OHKO Clause: OHKO moves are banned
|rule|Evasion Items Clause: Evasion items are banned
|rule|Evasion Moves Clause: Evasion moves are banned
|rule|Evasion Abilities Clause: Evasion abilities are banned
|rule|Sleep Moves Clause: Sleep-inducing moves are banned
|clearpoke
|poke|p1|Slowking-Galar, M|
|poke|p1|Meowscarada, F|
|poke|p1|Iron Valiant|
|poke|p1|Ogerpon-Wellspring, F|
|poke|p1|Glimmora, M|
|poke|p1|Samurott-Hisui, M|
|poke|p2|Pelipper, F|
|poke|p2|Tornadus-Therian, M|
|poke|p2|Iron Treads|
|poke|p2|Keldeo-Resolute|
|poke|p2|Raging Bolt|
|poke|p2|Barraskewda, F|
|teampreview
|inactive|Battle timer is ON: inactive players will automatically lose when time's up. (requested by wppipeqy)
|
|t:|1769317589
|teamsize|p1|6
|teamsize|p2|6
|start
|switch|p1a: Glimmora|Glimmora, M|100/100
|switch|p2a: Iron Treads|Iron Treads, shiny|100/100
|turn|1
|
|t:|1769317593
|-terastallize|p1a: Glimmora|Grass
|move|p1a: Glimmora|Earth Power|p2a: Iron Treads
|-supereffective|p2a: Iron Treads
|-damage|p2a: Iron Treads|36/100
|-damage|p1a: Glimmora|91/100|[from] item: Life Orb
|move|p2a: Iron Treads|Earthquake|p1a: Glimmora
|-resisted|p1a: Glimmora
|-damage|p1a: Glimmora|68/100
|-activate|p1a: Glimmora|ability: Toxic Debris
|-sidestart|p2: wppipeqy|move: Toxic Spikes
|
|-heal|p2a: Iron Treads|42/100|[from] item: Leftovers
|upkeep
|turn|2
|
|t:|1769317604
|-terastallize|p2a: Iron Treads|Ghost
|move|p1a: Glimmora|Energy Ball|p2a: Iron Treads
|-damage|p2a: Iron Treads|0 fnt
|faint|p2a: Iron Treads
|-end|p2a: Iron Treads|Quark Drive|[silent]
|-damage|p1a: Glimmora|58/100|[from] item: Life Orb
|
|upkeep
|
|t:|1769317613
|switch|p2a: Pelipper|Pelipper, F|100/100
|-weather|RainDance|[from] ability: Drizzle|[of] p2a: Pelipper
|turn|3
|
|t:|1769317618
|move|p1a: Glimmora|Power Gem|p2a: Pelipper
|-supereffective|p2a: Pelipper
|-damage|p2a: Pelipper|0 fnt
|faint|p2a: Pelipper
|-damage|p1a: Glimmora|48/100|[from] item: Life Orb
|
|-weather|RainDance|[upkeep]
|upkeep
|
|t:|1769317624
|switch|p2a: Tornadus|Tornadus-Therian, M, shiny|100/100
|turn|4
|
|t:|1769317632
|move|p2a: Tornadus|Hurricane|p1a: Glimmora
|-supereffective|p1a: Glimmora
|-damage|p1a: Glimmora|0 fnt
|faint|p1a: Glimmora
|
|-weather|RainDance|[upkeep]
|upkeep
|
|t:|1769317637
|switch|p1a: Slowking|Slowking-Galar, M|100/100
|turn|5
|
|t:|1769317639
|move|p2a: Tornadus|Hurricane|p1a: Slowking
|-damage|p1a: Slowking|57/100
|move|p1a: Slowking|Sludge Bomb|p2a: Tornadus
|-damage|p2a: Tornadus|47/100
|
|-weather|RainDance|[upkeep]
|upkeep
|turn|6
|
|t:|1769317643
|move|p2a: Tornadus|Hurricane|p1a: Slowking
|-damage|p1a: Slowking|14/100
|-start|p1a: Slowking|confusion
|-activate|p1a: Slowking|confusion
|-damage|p1a: Slowking|9/100|[from] confusion
|
|-weather|RainDance|[upkeep]
|upkeep
|turn|7
|
|t:|1769317646
|switch|p1a: Samurott|Samurott-Hisui, M|100/100
|move|p2a: Tornadus|Hurricane|p1a: Samurott
|-damage|p1a: Samurott|42/100
|-start|p1a: Samurott|confusion
|
|-weather|RainDance|[upkeep]
|upkeep
|turn|8
|
|t:|1769317649
|-activate|p1a: Samurott|confusion
|move|p1a: Samurott|Sucker Punch|p2a: Tornadus
|-damage|p2a: Tornadus|0 fnt
|faint|p2a: Tornadus
|
|-weather|RainDance|[upkeep]
|upkeep
|
|t:|1769317653
|switch|p2a: Barraskewda|Barraskewda, F|100/100
|-status|p2a: Barraskewda|psn
|turn|9
|
|t:|1769317658
|-activate|p1a: Samurott|confusion
|move|p1a: Samurott|Sucker Punch|p2a: Barraskewda
|-damage|p2a: Barraskewda|34/100 psn
|move|p2a: Barraskewda|Close Combat|p1a: Samurott
|-supereffective|p1a: Samurott
|-damage|p1a: Samurott|0 fnt
|-unboost|p2a: Barraskewda|def|1
|-unboost|p2a: Barraskewda|spd|1
|faint|p1a: Samurott
|-damage|p2a: Barraskewda|24/100 psn|[from] item: Life Orb
|
|-weather|RainDance|[upkeep]
|-damage|p2a: Barraskewda|12/100 psn|[from] psn
|upkeep
|
|t:|1769317663
|switch|p1a: Slowking|Slowking-Galar, M|42/100
|turn|10
|
|t:|1769317665
|switch|p1a: Ogerpon|Ogerpon-Wellspring, F|100/100
|move|p2a: Barraskewda|Waterfall|p1a: Ogerpon
|-immune|p1a: Ogerpon|[from] ability: Water Absorb
|
|-weather|none
|-damage|p2a: Barraskewda|0 fnt|[from] psn
|faint|p2a: Barraskewda
|upkeep
|
|t:|1769317668
|switch|p2a: Raging Bolt|Raging Bolt|100/100
|-status|p2a: Raging Bolt|psn
|-enditem|p2a: Raging Bolt|Booster Energy
|-activate|p2a: Raging Bolt|ability: Protosynthesis|[fromitem]
|-start|p2a: Raging Bolt|protosynthesisspa
|turn|11
|l|☆wppipeqy
|inactive|wppipeqy disconnected and has a minute to reconnect!
|player|p2|
|j|☆wppipeqy
|inactive|wppipeqy reconnected and has 145 seconds left.
|player|p2|wppipeqy|wallace|
|
|t:|1769317681
|move|p1a: Ogerpon|Play Rough|p2a: Raging Bolt
|-supereffective|p2a: Raging Bolt
|-damage|p2a: Raging Bolt|36/100 psn
|move|p2a: Raging Bolt|Dragon Pulse|p1a: Ogerpon
|-damage|p1a: Ogerpon|29/100
|
|-damage|p2a: Raging Bolt|23/100 psn|[from] psn
|upkeep
|turn|12
|
|t:|1769317684
|switch|p1a: Slowking|Slowking-Galar, M|76/100
|move|p2a: Raging Bolt|Thunderclap||[still]
|-fail|p2a: Raging Bolt
|
|-damage|p2a: Raging Bolt|11/100 psn|[from] psn
|upkeep
|turn|13
|
|t:|1769317688
|move|p2a: Raging Bolt|Dragon Pulse|p1a: Slowking
|-crit|p1a: Slowking
|-damage|p1a: Slowking|19/100
|move|p1a: Slowking|Ice Beam|p2a: Raging Bolt
|-supereffective|p2a: Raging Bolt
|-damage|p2a: Raging Bolt|0 fnt
|faint|p2a: Raging Bolt
|-end|p2a: Raging Bolt|Protosynthesis|[silent]
|
|upkeep
|
|t:|1769317690
|switch|p2a: Keldeo|Keldeo-Resolute|100/100
|-status|p2a: Keldeo|psn
|turn|14
|
|t:|1769317693
|move|p2a: Keldeo|Surf|p1a: Slowking
|-damage|p1a: Slowking|0 fnt
|faint|p1a: Slowking
|
|-damage|p2a: Keldeo|88/100 psn|[from] psn
|upkeep
|
|t:|1769317695
|switch|p1a: Iron Valiant|Iron Valiant|100/100
|-enditem|p1a: Iron Valiant|Booster Energy
|-activate|p1a: Iron Valiant|ability: Quark Drive|[fromitem]
|-start|p1a: Iron Valiant|quarkdrivespe
|turn|15
|
|t:|1769317697
|move|p1a: Iron Valiant|Spirit Break|p2a: Keldeo
|-supereffective|p2a: Keldeo
|-damage|p2a: Keldeo|0 fnt
|faint|p2a: Keldeo
|
|win|anamchara
|raw|anamchara's rating: 1469 &rarr; <strong>1488</strong><br />(+19 for winning)
|raw|wppipeqy's rating: 1454 &rarr; <strong>1435</strong><br />(-19 for losing)
|l|☆wppipeqy
|player|p2|
|l|☆anamchara
|player|p1|
