|inactive|Battle timer is ON: inactive players will automatically lose when time's up.
|t:|1769359401
|gametype|singles
|player|p1|twash|#twash|
|player|p2|daharan0|#bdplxmausholds|
|gen|9
|tier|[Gen 9] OU
|rule|HP Percentage Mod: HP is shown in percentages
|rule|Endless Battle Clause: Forcing endless battles is banned
|rule|Species Clause: Limit one of each Pokémon
|rule|OHKO Clause: OHKO moves are banned
|rule|Evasion Items Clause: Evasion items are banned
|rule|Evasion Moves Clause: Evasion moves are banned
|rule|Evasion Abilities Clause: Evasion abilities are banned
|rule|Sleep Moves Clause: Sleep-inducing moves are banned
|clearpoke
|poke|p1|Dragonite, F|
|poke|p1|Gholdengo|
|poke|p1|Ting-Lu|
|poke|p1|Zamazenta-*|
|poke|p1|Ogerpon-Wellspring, F|
|poke|p1|Iron Treads|
|poke|p2|Slowking-Galar, M|
|poke|p2|Great Tusk|
|poke|p2|Kyurem|
|poke|p2|Kingambit, M|
|poke|p2|Cinderace, F|
|poke|p2|Zapdos|
|teampreview
|c|☆daharan0|hf
|c|☆twash|gl
|c|+H.M.N.I.P|Nah bro who put unc in gen 9?
|c|+H.M.N.I.P|Crying emoji
|inactive|twash has 270 seconds left.
|c|☆twash|ost
|c|☆twash|i have no idea what half these mons are
|c|+H.M.N.I.P|LMFAOOO
|c|☆daharan0|lmao
|
|t:|1769359460
|teamsize|p1|6
|teamsize|p2|6
|start
|switch|p1a: Ogerpon|Ogerpon-Wellspring, F|100/100
|switch|p2a: Cinderace|Cinderace, F|100/100
|turn|1
|
|t:|1769359475
|move|p2a: Cinderace|U-turn|p1a: Ogerpon
|-supereffective|p1a: Ogerpon
|-crit|p1a: Ogerpon
|-damage|p1a: Ogerpon|29/100
|
|t:|1769359495
|switch|p2a: Kyurem|Kyurem|100/100|[from] U-turn
|-ability|p2a: Kyurem|Pressure
|move|p1a: Ogerpon|Ivy Cudgel|p2a: Kyurem|[anim] Ivy Cudgel Water
|-resisted|p2a: Kyurem
|-damage|p2a: Kyurem|72/100
|
|upkeep
|turn|2
|
|t:|1769359518
|move|p1a: Ogerpon|Play Rough|p2a: Kyurem
|-supereffective|p2a: Kyurem
|-crit|p2a: Kyurem
|-damage|p2a: Kyurem|0 fnt
|faint|p2a: Kyurem
|
|upkeep
|
|t:|1769359526
|switch|p2a: Cinderace|Cinderace, F|100/100
|turn|3
|inactive|twash has 270 seconds left.
|
|t:|1769359578
|-terastallize|p1a: Ogerpon|Water
|detailschange|p1a: Ogerpon|Ogerpon-Wellspring-Tera, F, tera:Water
|-ability|p1a: Ogerpon|Embody Aspect (Wellspring)|boost
|-boost|p1a: Ogerpon|spd|1
|move|p2a: Cinderace|Pyro Ball|p1a: Ogerpon
|-resisted|p1a: Ogerpon
|-damage|p1a: Ogerpon|0 fnt
|faint|p1a: Ogerpon
|detailschange|p1: Ogerpon|Ogerpon-Wellspring, F|[silent]
|
|upkeep
|c|☆twash|o lmao
|inactive|twash has 240 seconds left.
|inactive|twash has 210 seconds left.
|
|t:|1769359645
|switch|p1a: Zamazenta|Zamazenta|100/100
|-ability|p1a: Zamazenta|Dauntless Shield|boost
|-boost|p1a: Zamazenta|def|1
|turn|4
|
|t:|1769359651
|switch|p1a: Iron Treads|Iron Treads|100/100
|-item|p1a: Iron Treads|Air Balloon
|move|p2a: Cinderace|Will-O-Wisp|p1a: Iron Treads
|-status|p1a: Iron Treads|brn
|
|-damage|p1a: Iron Treads|94/100 brn|[from] brn
|upkeep
|turn|5
|inactive|twash has 180 seconds left.
|
|t:|1769359673
|-end|p1a: Iron Treads|Quark Drive|[silent]
|switch|p1a: Zamazenta|Zamazenta|100/100
|move|p2a: Cinderace|Pyro Ball|p1a: Zamazenta
|-damage|p1a: Zamazenta|67/100
|
|-heal|p1a: Zamazenta|73/100|[from] item: Leftovers
|upkeep
|turn|6
|inactive|twash has 180 seconds left.
|
|t:|1769359687
|switch|p2a: Slowking|Slowking-Galar, M|100/100
|move|p1a: Zamazenta|Body Press|p2a: Slowking
|-resisted|p2a: Slowking
|-damage|p2a: Slowking|91/100
|
|-heal|p1a: Zamazenta|80/100|[from] item: Leftovers
|-heal|p2a: Slowking|97/100|[from] item: Leftovers
|upkeep
|turn|7
|inactive|twash has 180 seconds left.
|
|t:|1769359710
|switch|p1a: Ting-Lu|Ting-Lu|100/100
|-ability|p1a: Ting-Lu|Vessel of Ruin
|-prepare|p2a: Slowking|Chilly Reception|[premajor]
|move|p2a: Slowking|Chilly Reception|p2a: Slowking
|-weather|Snowscape
|
|t:|1769359738
|switch|p2a: Great Tusk|Great Tusk|100/100|[from] Chilly Reception
|
|-weather|Snowscape|[upkeep]
|upkeep
|turn|8
|inactive|twash has 180 seconds left.
|
|t:|1769359746
|move|p2a: Great Tusk|Close Combat|p1a: Ting-Lu
|-supereffective|p1a: Ting-Lu
|-damage|p1a: Ting-Lu|43/100
|-unboost|p2a: Great Tusk|def|1
|-unboost|p2a: Great Tusk|spd|1
|-enditem|p1a: Ting-Lu|Red Card|[of] p2a: Great Tusk
|-end|p2a: Great Tusk|Protosynthesis|[silent]
|drag|p2a: Zapdos|Zapdos|100/100
|move|p1a: Ting-Lu|Ruination|p2a: Zapdos
|-damage|p2a: Zapdos|51/100
|
|-weather|Snowscape|[upkeep]
|upkeep
|turn|9
|inactive|twash has 180 seconds left.
|
|t:|1769359766
|switch|p2a: Great Tusk|Great Tusk|100/100
|move|p1a: Ting-Lu|Spikes|p2a: Great Tusk
|-sidestart|p2: daharan0|Spikes
|
|-weather|Snowscape|[upkeep]
|upkeep
|turn|10
|
|t:|1769359783
|switch|p1a: Iron Treads|Iron Treads|94/100 brn
|-item|p1a: Iron Treads|Air Balloon
|move|p2a: Great Tusk|Headlong Rush|p1a: Iron Treads
|-immune|p1a: Iron Treads
|
|-weather|Snowscape|[upkeep]
|-damage|p1a: Iron Treads|88/100 brn|[from] brn
|upkeep
|turn|11
|
|t:|1769359796
|-end|p1a: Iron Treads|Quark Drive|[silent]
|switch|p1a: Gholdengo|Gholdengo|100/100
|move|p2a: Great Tusk|Rapid Spin|p1a: Gholdengo
|-immune|p1a: Gholdengo
|
|-weather|none
|upkeep
|turn|12
|
|t:|1769359807
|-end|p2a: Great Tusk|Protosynthesis|[silent]
|switch|p2a: Slowking|Slowking-Galar, M|100/100
|-damage|p2a: Slowking|88/100|[from] Spikes
|move|p1a: Gholdengo|Trick|p2a: Slowking
|-activate|p1a: Gholdengo|move: Trick|[of] p2a: Slowking
|-item|p2a: Slowking|Choice Scarf|[from] move: Trick
|-item|p1a: Gholdengo|Leftovers|[from] move: Trick
|
|upkeep
|turn|13
|
|t:|1769359818
|move|p1a: Gholdengo|Shadow Ball|p2a: Slowking
|-supereffective|p2a: Slowking
|-damage|p2a: Slowking|42/100
|-prepare|p2a: Slowking|Chilly Reception|[premajor]
|move|p2a: Slowking|Chilly Reception|p2a: Slowking
|-weather|Snowscape
|
|t:|1769359827
|switch|p2a: Cinderace|Cinderace, F|100/100|[from] Chilly Reception
|
|-weather|Snowscape|[upkeep]
|upkeep
|turn|14
|inactive|twash has 150 seconds left.
|
|t:|1769359865
|switch|p1a: Ting-Lu|Ting-Lu|43/100
|-ability|p1a: Ting-Lu|Vessel of Ruin
|move|p2a: Cinderace|Court Change|p2a: Cinderace
|-swapsideconditions
|-activate|p2a: Cinderace|move: Court Change
|
|-weather|Snowscape|[upkeep]
|upkeep
|turn|15
|inactive|twash has 150 seconds left.
|
|t:|1769359875
|move|p2a: Cinderace|U-turn|p1a: Ting-Lu
|-supereffective|p1a: Ting-Lu
|-damage|p1a: Ting-Lu|24/100
|
|t:|1769359880
|switch|p2a: Great Tusk|Great Tusk|100/100|[from] U-turn
|move|p1a: Ting-Lu|Ruination|p2a: Great Tusk
|-damage|p2a: Great Tusk|51/100
|
|-weather|Snowscape|[upkeep]
|-heal|p2a: Great Tusk|57/100|[from] item: Leftovers
|upkeep
|turn|16
|inactive|twash has 150 seconds left.
|
|t:|1769359902
|switch|p1a: Gholdengo|Gholdengo|100/100
|-damage|p1a: Gholdengo|88/100|[from] Spikes
|move|p2a: Great Tusk|Close Combat|p1a: Gholdengo
|-immune|p1a: Gholdengo
|
|-weather|Snowscape|[upkeep]
|-heal|p2a: Great Tusk|63/100|[from] item: Leftovers
|-heal|p1a: Gholdengo|94/100|[from] item: Leftovers
|upkeep
|turn|17
|
|t:|1769359908
|switch|p1a: Iron Treads|Iron Treads|88/100 brn
|-item|p1a: Iron Treads|Air Balloon
|move|p2a: Great Tusk|Headlong Rush|p1a: Iron Treads
|-immune|p1a: Iron Treads
|
|-weather|none
|-heal|p2a: Great Tusk|69/100|[from] item: Leftovers
|-damage|p1a: Iron Treads|82/100 brn|[from] brn
|upkeep
|turn|18
|inactive|twash has 150 seconds left.
|
|t:|1769359921
|move|p1a: Iron Treads|Rapid Spin|p2a: Great Tusk
|-damage|p2a: Great Tusk|64/100
|-boost|p1a: Iron Treads|spe|1
|-sideend|p1: twash|Spikes|[from] move: Rapid Spin|[of] p1a: Iron Treads
|move|p2a: Great Tusk|Close Combat|p1a: Iron Treads
|-supereffective|p1a: Iron Treads
|-damage|p1a: Iron Treads|0 fnt
|-unboost|p2a: Great Tusk|def|1
|-unboost|p2a: Great Tusk|spd|1
|-enditem|p1a: Iron Treads|Air Balloon
|faint|p1a: Iron Treads
|-end|p1a: Iron Treads|Quark Drive|[silent]
|
|-heal|p2a: Great Tusk|70/100|[from] item: Leftovers
|upkeep
|inactive|twash has 150 seconds left.
|
|t:|1769359929
|switch|p1a: Zamazenta|Zamazenta|80/100
|turn|19
|inactive|twash has 150 seconds left.
|
|t:|1769359941
|-end|p2a: Great Tusk|Protosynthesis|[silent]
|switch|p2a: Zapdos|Zapdos|51/100
|move|p1a: Zamazenta|Iron Defense|p1a: Zamazenta
|-boost|p1a: Zamazenta|def|2
|
|-heal|p1a: Zamazenta|86/100|[from] item: Leftovers
|upkeep
|turn|20
|inactive|twash has 150 seconds left.
|
|t:|1769359955
|switch|p1a: Gholdengo|Gholdengo|94/100
|move|p2a: Zapdos|Roost|p2a: Zapdos
|-heal|p2a: Zapdos|100/100
|-singleturn|p2a: Zapdos|move: Roost
|
|-heal|p1a: Gholdengo|99/100|[from] item: Leftovers
|upkeep
|turn|21
|
|t:|1769359963
|move|p1a: Gholdengo|Shadow Ball|p2a: Zapdos
|-damage|p2a: Zapdos|58/100
|-unboost|p2a: Zapdos|spd|1
|move|p2a: Zapdos|Volt Switch|p1a: Gholdengo
|-damage|p1a: Gholdengo|65/100
|
|t:|1769359974
|switch|p2a: Great Tusk|Great Tusk|70/100|[from] Volt Switch
|
|-heal|p2a: Great Tusk|76/100|[from] item: Leftovers
|-heal|p1a: Gholdengo|71/100|[from] item: Leftovers
|upkeep
|turn|22
|inactive|twash has 150 seconds left.
|
|t:|1769359995
|move|p2a: Great Tusk|Headlong Rush|p1a: Gholdengo
|-supereffective|p1a: Gholdengo
|-damage|p1a: Gholdengo|0 fnt
|-unboost|p2a: Great Tusk|def|1
|-unboost|p2a: Great Tusk|spd|1
|faint|p1a: Gholdengo
|
|-heal|p2a: Great Tusk|82/100|[from] item: Leftovers
|upkeep
|
|t:|1769359999
|switch|p1a: Dragonite|Dragonite, F|100/100
|turn|23
|
|t:|1769360009
|move|p2a: Great Tusk|Rapid Spin|p1a: Dragonite
|-damage|p1a: Dragonite|93/100
|-boost|p2a: Great Tusk|spe|1
|move|p1a: Dragonite|Dragon Dance|p1a: Dragonite
|-boost|p1a: Dragonite|atk|1
|-boost|p1a: Dragonite|spe|1
|
|-heal|p2a: Great Tusk|89/100|[from] item: Leftovers
|upkeep
|turn|24
|
|t:|1769360018
|move|p2a: Great Tusk|Ice Spinner|p1a: Dragonite
|-supereffective|p1a: Dragonite
|-damage|p1a: Dragonite|10/100
|move|p1a: Dragonite|Dragon Dance|p1a: Dragonite
|-boost|p1a: Dragonite|atk|1
|-boost|p1a: Dragonite|spe|1
|
|-heal|p2a: Great Tusk|95/100|[from] item: Leftovers
|upkeep
|turn|25
|
|t:|1769360027
|-end|p2a: Great Tusk|Protosynthesis|[silent]
|switch|p2a: Slowking|Slowking-Galar, M|75/100
|move|p1a: Dragonite|Tera Blast|p2a: Slowking
|-damage|p2a: Slowking|66/100
|
|upkeep
|turn|26
|inactive|twash has 150 seconds left.
|inactive|daharan0 has 270 seconds left.
|
|t:|1769360075
|move|p1a: Dragonite|Roost|p1a: Dragonite
|-heal|p1a: Dragonite|60/100
|-singleturn|p1a: Dragonite|move: Roost
|move|p2a: Slowking|Sludge Bomb|p1a: Dragonite
|-crit|p1a: Dragonite
|-damage|p1a: Dragonite|17/100
|-status|p1a: Dragonite|psn
|
|-damage|p1a: Dragonite|4/100 psn|[from] psn
|upkeep
|turn|27
|
|t:|1769360083
|switch|p2a: Zapdos|Zapdos|58/100
|move|p1a: Dragonite|Roost|p1a: Dragonite
|-heal|p1a: Dragonite|54/100 psn
|-singleturn|p1a: Dragonite|move: Roost
|
|-damage|p1a: Dragonite|42/100 psn|[from] psn
|upkeep
|turn|28
|
|t:|1769360090
|move|p1a: Dragonite|Tera Blast|p2a: Zapdos
|-damage|p2a: Zapdos|43/100
|move|p2a: Zapdos|Roost|p2a: Zapdos
|-heal|p2a: Zapdos|93/100
|-singleturn|p2a: Zapdos|move: Roost
|
|-damage|p1a: Dragonite|29/100 psn|[from] psn
|upkeep
|turn|29
|
|t:|1769360105
|move|p1a: Dragonite|Roost|p1a: Dragonite
|-heal|p1a: Dragonite|79/100 psn
|-singleturn|p1a: Dragonite|move: Roost
|move|p2a: Zapdos|Volt Switch|p1a: Dragonite
|-resisted|p1a: Dragonite
|-damage|p1a: Dragonite|66/100 psn
|
|t:|1769360111
|switch|p2a: Great Tusk|Great Tusk|95/100|[from] Volt Switch
|
|-heal|p2a: Great Tusk|100/100|[from] item: Leftovers
|-damage|p1a: Dragonite|53/100 psn|[from] psn
|upkeep
|turn|30
|inactive|twash has 150 seconds left.
|c|☆twash|gg
|c|☆daharan0|gg
|-message|twash forfeited.
|
|win|daharan0
|player|p1|
