|j|‽machopped unc
|j|‽OehtWasHere
|t:|1769343349
|gametype|singles
|player|p1|machopped unc|clown|1809
|player|p2|OehtWasHere|ryuki|1758
|gen|9
|tier|[Gen 9] OU
|rated|
|rule|HP Percentage Mod: HP is shown in percentages
|rule|Endless Battle Clause: Forcing endless battles is banned
|rule|Species Clause: Limit one of each Pokémon
|rule|OHKO Clause: OHKO moves are banned
|rule|Evasion Items Clause: Evasion items are banned
|rule|Evasion Moves Clause: Evasion moves are banned
|rule|Evasion Abilities Clause: Evasion abilities are banned
|rule|Sleep Moves Clause: Sleep-inducing moves are banned
|clearpoke
|poke|p1|Gholdengo|
|poke|p1|Iron Valiant|
|poke|p1|Ribombee, F|
|poke|p1|Dragonite, F|
|poke|p1|Glimmora, F|
|poke|p1|Kingambit, F|
|poke|p2|Ogerpon, F|
|poke|p2|Iron Crown|
|poke|p2|Great Tusk|
|poke|p2|Alomomola, F|
|poke|p2|Cinderace, F|
|poke|p2|Enamorus, F|
|teampreview
|inactive|Battle timer is ON: inactive players will automatically lose when time's up. (requested by OehtWasHere)
|
|t:|1769343363
|teamsize|p1|6
|teamsize|p2|6
|start
|switch|p1a: Ribombee|Ribombee, F|100/100
|switch|p2a: Iron Crown|Iron Crown|100/100
|turn|1
|
|t:|1769343366
|move|p1a: Ribombee|Stun Spore|p2a: Iron Crown
|-status|p2a: Iron Crown|par
|move|p2a: Iron Crown|Tachyon Cutter|p1a: Ribombee
|-supereffective|p1a: Ribombee
|-damage|p1a: Ribombee|15/100
|-supereffective|p1a: Ribombee
|-damage|p1a: Ribombee|0 fnt
|faint|p1a: Ribombee
|-hitcount|p1: Ribombee|2
|
|upkeep
|
|t:|1769343371
|switch|p1a: Gholdengo|Gholdengo|100/100
|-item|p1a: Gholdengo|Air Balloon
|turn|2
|
|t:|1769343377
|switch|p1a: Glimmora|Glimmora, F|100/100
|move|p2a: Iron Crown|Volt Switch|p1a: Glimmora
|-damage|p1a: Glimmora|72/100
|
|t:|1769343385
|-end|p2a: Iron Crown|Quark Drive|[silent]
|switch|p2a: Ogerpon|Ogerpon, F|100/100|[from] Volt Switch
|
|upkeep
|turn|3
|
|t:|1769343388
|move|p2a: Ogerpon|Ivy Cudgel|p1a: Glimmora
|-crit|p1a: Glimmora
|-damage|p1a: Glimmora|0 fnt
|-activate|p1a: Glimmora|ability: Toxic Debris
|-sidestart|p2: OehtWasHere|move: Toxic Spikes
|faint|p1a: Glimmora
|
|upkeep
|
|t:|1769343394
|switch|p1a: Dragonite|Dragonite, F|100/100
|turn|4
|
|t:|1769343397
|switch|p2a: Great Tusk|Great Tusk|100/100
|move|p1a: Dragonite|Dragon Dance|p1a: Dragonite
|-boost|p1a: Dragonite|atk|1
|-boost|p1a: Dragonite|spe|1
|
|upkeep
|turn|5
|
|t:|1769343401
|move|p1a: Dragonite|Scale Shot|p2a: Great Tusk
|-damage|p2a: Great Tusk|87/100
|-damage|p2a: Great Tusk|71/100
|-damage|p2a: Great Tusk|54/100
|-damage|p2a: Great Tusk|39/100
|-damage|p2a: Great Tusk|25/100
|-hitcount|p2a: Great Tusk|5
|-unboost|p1a: Dragonite|def|1
|-boost|p1a: Dragonite|spe|1
|move|p2a: Great Tusk|Ice Spinner|p1a: Dragonite
|-supereffective|p1a: Dragonite
|-damage|p1a: Dragonite|15/100
|
|upkeep
|turn|6
|
|t:|1769343407
|-end|p2a: Great Tusk|Protosynthesis|[silent]
|switch|p2a: Enamorus|Enamorus, F|100/100
|move|p1a: Dragonite|Scale Shot|p2a: Enamorus
|-immune|p2a: Enamorus
|
|upkeep
|turn|7
|
|t:|1769343417
|move|p1a: Dragonite|Fire Punch|p2a: Enamorus
|-damage|p2a: Enamorus|35/100
|move|p2a: Enamorus|Moonblast|p1a: Dragonite
|-supereffective|p1a: Dragonite
|-crit|p1a: Dragonite
|-damage|p1a: Dragonite|0 fnt
|faint|p1a: Dragonite
|
|upkeep
|
|t:|1769343424
|switch|p1a: Gholdengo|Gholdengo|100/100
|-item|p1a: Gholdengo|Air Balloon
|turn|8
|
|t:|1769343432
|switch|p2a: Cinderace|Cinderace, F|100/100
|move|p1a: Gholdengo|Shadow Ball|p2a: Cinderace
|-damage|p2a: Cinderace|36/100
|
|upkeep
|turn|9
|
|t:|1769343436
|switch|p1a: Iron Valiant|Iron Valiant|100/100
|-enditem|p1a: Iron Valiant|Booster Energy
|-activate|p1a: Iron Valiant|ability: Quark Drive|[fromitem]
|-start|p1a: Iron Valiant|quarkdrivespa
|move|p2a: Cinderace|Pyro Ball|p1a: Iron Valiant
|-damage|p1a: Iron Valiant|31/100
|
|upkeep
|turn|10
|
|t:|1769343440
|move|p1a: Iron Valiant|Vacuum Wave|p2a: Cinderace
|-damage|p2a: Cinderace|0 fnt
|faint|p2a: Cinderace
|
|upkeep
|
|t:|1769343451
|switch|p2a: Alomomola|Alomomola, F|100/100
|-status|p2a: Alomomola|psn
|turn|11
|
|t:|1769343466
|move|p1a: Iron Valiant|Thunderbolt|p2a: Alomomola
|-supereffective|p2a: Alomomola
|-damage|p2a: Alomomola|56/100 psn
|move|p2a: Alomomola|Play Rough|p1a: Iron Valiant
|-supereffective|p1a: Iron Valiant
|-damage|p1a: Iron Valiant|0 fnt
|faint|p1a: Iron Valiant
|-end|p1a: Iron Valiant|Quark Drive|[silent]
|
|-damage|p2a: Alomomola|44/100 psn|[from] psn
|upkeep
|
|t:|1769343478
|switch|p1a: Gholdengo|Gholdengo|100/100
|-item|p1a: Gholdengo|Air Balloon
|turn|12
|
|t:|1769343482
|move|p1a: Gholdengo|Nasty Plot|p1a: Gholdengo
|-boost|p1a: Gholdengo|spa|2
|move|p2a: Alomomola|Flip Turn|p1a: Gholdengo
|-damage|p1a: Gholdengo|82/100
|-enditem|p1a: Gholdengo|Air Balloon
|
|t:|1769343484
|switch|p2a: Great Tusk|Great Tusk|25/100|[from] Flip Turn
|
|upkeep
|turn|13
|j| Sviqma
|
|t:|1769343489
|move|p2a: Great Tusk|Headlong Rush|p1a: Gholdengo
|-supereffective|p1a: Gholdengo
|-damage|p1a: Gholdengo|0 fnt
|-unboost|p2a: Great Tusk|def|1
|-unboost|p2a: Great Tusk|spd|1
|faint|p1a: Gholdengo
|
|upkeep
|
|t:|1769343492
|switch|p1a: Kingambit|Kingambit, F|100/100
|-activate|p1a: Kingambit|ability: Supreme Overlord
|-start|p1a: Kingambit|fallen5|[silent]
|turn|14
|
|t:|1769343496
|-terastallize|p1a: Kingambit|Ghost
|move|p2a: Great Tusk|Headlong Rush|p1a: Kingambit
|-damage|p1a: Kingambit|49/100
|-unboost|p2a: Great Tusk|def|1
|-unboost|p2a: Great Tusk|spd|1
|move|p1a: Kingambit|Swords Dance|p1a: Kingambit
|-boost|p1a: Kingambit|atk|2
|
|-heal|p1a: Kingambit|55/100|[from] item: Leftovers
|upkeep
|turn|15
|
|t:|1769343503
|-end|p2a: Great Tusk|Protosynthesis|[silent]
|switch|p2a: Enamorus|Enamorus, F|35/100
|move|p1a: Kingambit|Sucker Punch||[still]
|-fail|p1a: Kingambit
|
|-heal|p1a: Kingambit|61/100|[from] item: Leftovers
|upkeep
|turn|16
|
|t:|1769343509
|switch|p2a: Great Tusk|Great Tusk|25/100
|move|p1a: Kingambit|Sucker Punch||[still]
|-fail|p1a: Kingambit
|
|-heal|p1a: Kingambit|67/100|[from] item: Leftovers
|upkeep
|turn|17
|
|t:|1769343516
|-end|p2a: Great Tusk|Protosynthesis|[silent]
|switch|p2a: Enamorus|Enamorus, F|35/100
|move|p1a: Kingambit|Sucker Punch||[still]
|-fail|p1a: Kingambit
|
|-heal|p1a: Kingambit|73/100|[from] item: Leftovers
|upkeep
|turn|18
|
|t:|1769343521
|switch|p2a: Iron Crown|Iron Crown|100/100 par
|move|p1a: Kingambit|Sucker Punch||[still]
|-fail|p1a: Kingambit
|
|-heal|p1a: Kingambit|79/100|[from] item: Leftovers
|upkeep
|turn|19
|
|t:|1769343528
|-end|p2a: Iron Crown|Quark Drive|[silent]
|switch|p2a: Enamorus|Enamorus, F|35/100
|move|p1a: Kingambit|Kowtow Cleave|p2a: Enamorus
|-resisted|p2a: Enamorus
|-damage|p2a: Enamorus|0 fnt
|faint|p2a: Enamorus
|
|-heal|p1a: Kingambit|86/100|[from] item: Leftovers
|upkeep
|
|t:|1769343530
|switch|p2a: Great Tusk|Great Tusk|25/100
|turn|20
|
|t:|1769343534
|-end|p2a: Great Tusk|Protosynthesis|[silent]
|switch|p2a: Alomomola|Alomomola, F|77/100 psn
|move|p1a: Kingambit|Kowtow Cleave|p2a: Alomomola
|-crit|p2a: Alomomola
|-damage|p2a: Alomomola|0 fnt
|faint|p2a: Alomomola
|
|-heal|p1a: Kingambit|92/100|[from] item: Leftovers
|upkeep
|
|t:|1769343536
|switch|p2a: Great Tusk|Great Tusk|25/100
|turn|21
|
|t:|1769343541
|move|p2a: Great Tusk|Knock Off|p1a: Kingambit
|-supereffective|p1a: Kingambit
|-damage|p1a: Kingambit|37/100
|-enditem|p1a: Kingambit|Leftovers|[from] move: Knock Off|[of] p2a: Great Tusk
|move|p1a: Kingambit|Kowtow Cleave|p2a: Great Tusk
|-resisted|p2a: Great Tusk
|-damage|p2a: Great Tusk|0 fnt
|faint|p2a: Great Tusk
|-end|p2a: Great Tusk|Protosynthesis|[silent]
|
|upkeep
|
|t:|1769343550
|switch|p2a: Ogerpon|Ogerpon, F|100/100
|-status|p2a: Ogerpon|psn
|turn|22
|j| Tb_cccc15
|
|t:|1769343553
|switch|p2a: Iron Crown|Iron Crown|100/100 par
|move|p1a: Kingambit|Sucker Punch||[still]
|-fail|p1a: Kingambit
|
|upkeep
|turn|23
|
|t:|1769343557
|move|p1a: Kingambit|Kowtow Cleave|p2a: Iron Crown
|-supereffective|p2a: Iron Crown
|-damage|p2a: Iron Crown|0 fnt
|faint|p2a: Iron Crown
|-end|p2a: Iron Crown|Quark Drive|[silent]
|
|upkeep
|
|t:|1769343559
|switch|p2a: Ogerpon|Ogerpon, F|100/100 psn
|turn|24
|
|t:|1769343560
|move|p1a: Kingambit|Sucker Punch|p2a: Ogerpon
|-damage|p2a: Ogerpon|0 fnt
|faint|p2a: Ogerpon
|
|win|machopped unc
|raw|machopped unc's rating: 1809 &rarr; <strong>1826</strong><br />(+17 for winning)
|raw|OehtWasHere's rating: 1758 &rarr; <strong>1741</strong><br />(-17 for losing)
|l|‽OehtWasHere
|player|p2|
|l|‽machopped unc
|player|p1|
