|badge|p2|bronze|gen9ou|100-8
|uhtml|medal-msg|<div class="broadcast-blue">Curious what those medals under the avatar are? PS now has Ladder Seasons! For more information, check out the <a href="https://www.smogon.com/forums/threads/3740067/">thread on Smogon.</a></div>
|j|‽OehtWasHere
|j|☆hzf
|t:|1769343580
|gametype|singles
|player|p1|OehtWasHere|ryuki|1741
|player|p2|hzf|caitlin-masters|1848
|gen|9
|tier|[Gen 9] OU
|rated|
|rule|HP Percentage Mod: HP is shown in percentages
|rule|Endless Battle Clause: Forcing endless battles is banned
|rule|Species Clause: Limit one of each Pokémon
|rule|OHKO Clause: OHKO moves are banned
|rule|Evasion Items Clause: Evasion items are banned
|rule|Evasion Moves Clause: Evasion moves are banned
|rule|Evasion Abilities Clause: Evasion abilities are banned
|rule|Sleep Moves Clause: Sleep-inducing moves are banned
|clearpoke
|poke|p1|Ogerpon, F|
|poke|p1|Iron Crown|
|poke|p1|Great Tusk|
|poke|p1|Alomomola, M|
|poke|p1|Cinderace, M|
|poke|p1|Enamorus, F|
|poke|p2|Ursaluna, M|
|poke|p2|Cresselia, F|
|poke|p2|Iron Valiant|
|poke|p2|Hatterene, F|
|poke|p2|Keldeo-Resolute|
|poke|p2|Ogerpon, F|
|teampreview
|inactive|Battle timer is ON: inactive players will automatically lose when time's up. (requested by OehtWasHere)
|c|☆hzf|glhf
|
|t:|1769343589
|teamsize|p1|6
|teamsize|p2|6
|start
|switch|p1a: Ogerpon|Ogerpon, F|100/100
|switch|p2a: Giyu|Keldeo-Resolute|100/100
|turn|1
|
|t:|1769343595
|switch|p2a: zzZzelia|Cresselia, F|100/100
|move|p1a: Ogerpon|Ivy Cudgel|p2a: zzZzelia
|-damage|p2a: zzZzelia|56/100
|
|upkeep
|turn|2
|
|t:|1769343600
|-terastallize|p1a: Ogerpon|Grass
|detailschange|p1a: Ogerpon|Ogerpon-Teal-Tera, F, tera:Grass
|-ability|p1a: Ogerpon|Embody Aspect (Teal)|boost
|-boost|p1a: Ogerpon|spe|1
|move|p1a: Ogerpon|Ivy Cudgel|p2a: zzZzelia
|-damage|p2a: zzZzelia|3/100
|move|p2a: zzZzelia|Trick Room|p2a: zzZzelia
|-fieldstart|move: Trick Room|[of] p2a: zzZzelia
|
|upkeep
|turn|3
|
|t:|1769343608
|switch|p1a: Alomomola|Alomomola, M|100/100
|move|p2a: zzZzelia|Ice Beam|p1a: Alomomola
|-resisted|p1a: Alomomola
|-damage|p1a: Alomomola|96/100
|
|upkeep
|turn|4
|
|t:|1769343610
|switch|p2a: Crescent|Ursaluna, M, shiny|100/100
|move|p1a: Alomomola|Flip Turn|p2a: Crescent
|-supereffective|p2a: Crescent
|-damage|p2a: Crescent|75/100
|
|t:|1769343616
|switch|p1a: Great Tusk|Great Tusk|100/100|[from] Flip Turn
|
|-status|p2a: Crescent|brn|[from] item: Flame Orb
|upkeep
|turn|5
|
|t:|1769343623
|-terastallize|p2a: Crescent|Normal
|move|p2a: Crescent|Facade|p1a: Great Tusk
|-damage|p1a: Great Tusk|0 fnt
|faint|p1a: Great Tusk
|-end|p1a: Great Tusk|Protosynthesis|[silent]
|
|-damage|p2a: Crescent|69/100 brn|[from] brn
|upkeep
|
|t:|1769343630
|switch|p1a: Iron Crown|Iron Crown|100/100
|turn|6
|
|t:|1769343638
|-end|p1a: Iron Crown|Quark Drive|[silent]
|switch|p1a: Enamorus|Enamorus, F|100/100
|move|p2a: Crescent|Ice Punch|p1a: Enamorus
|-supereffective|p1a: Enamorus
|-damage|p1a: Enamorus|0 fnt
|faint|p1a: Enamorus
|
|-damage|p2a: Crescent|63/100 brn|[from] brn
|-fieldend|move: Trick Room
|upkeep
|
|t:|1769343639
|switch|p1a: Ogerpon|Ogerpon-Teal-Tera, F, tera:Grass|100/100
|-ability|p1a: Ogerpon|Embody Aspect (Teal)|boost
|-boost|p1a: Ogerpon|spe|1
|turn|7
|
|t:|1769343643
|switch|p2a: zzZzelia|Cresselia, F|3/100
|move|p1a: Ogerpon|Ivy Cudgel|p2a: zzZzelia
|-damage|p2a: zzZzelia|0 fnt
|faint|p2a: zzZzelia
|
|upkeep
|
|t:|1769343645
|switch|p2a: Crypt blade|Ogerpon, F|100/100
|turn|8
|
|t:|1769343653
|switch|p1a: Cinderace|Cinderace, M|100/100
|move|p2a: Crypt blade|U-turn|p1a: Cinderace
|-resisted|p1a: Cinderace
|-damage|p1a: Cinderace|75/100
|
|t:|1769343655
|switch|p2a: Giyu|Keldeo-Resolute|100/100|[from] U-turn
|
|upkeep
|turn|9
|
|t:|1769343662
|move|p1a: Cinderace|U-turn|p2a: Giyu
|-start|p1a: Cinderace|typechange|Bug|[from] ability: Libero
|-resisted|p2a: Giyu
|-crit|p2a: Giyu
|-damage|p2a: Giyu|72/100
|
|t:|1769343666
|switch|p1a: Iron Crown|Iron Crown|100/100|[from] U-turn
|move|p2a: Giyu|Secret Sword|p1a: Iron Crown
|-crit|p1a: Iron Crown
|-damage|p1a: Iron Crown|0 fnt
|faint|p1a: Iron Crown
|-end|p1a: Iron Crown|Quark Drive|[silent]
|
|upkeep
|
|t:|1769343669
|switch|p1a: Ogerpon|Ogerpon-Teal-Tera, F, tera:Grass|100/100
|-ability|p1a: Ogerpon|Embody Aspect (Teal)|boost
|-boost|p1a: Ogerpon|spe|1
|turn|10
|
|t:|1769343678
|switch|p2a: Crypt blade|Ogerpon, F|100/100
|move|p1a: Ogerpon|Ivy Cudgel|p2a: Crypt blade
|-resisted|p2a: Crypt blade
|-damage|p2a: Crypt blade|34/100
|
|upkeep
|turn|11
|
|t:|1769343681
|move|p1a: Ogerpon|Ivy Cudgel|p2a: Crypt blade
|-resisted|p2a: Crypt blade
|-damage|p2a: Crypt blade|0 fnt
|faint|p2a: Crypt blade
|
|upkeep
|
|t:|1769343697
|switch|p2a: mitsuri|Iron Valiant, shiny|100/100
|-enditem|p2a: mitsuri|Booster Energy
|-activate|p2a: mitsuri|ability: Quark Drive|[fromitem]
|-start|p2a: mitsuri|quarkdrivespe
|turn|12
|
|t:|1769343703
|move|p2a: mitsuri|Destiny Bond|p2a: mitsuri
|-singlemove|p2a: mitsuri|Destiny Bond
|move|p1a: Ogerpon|Ivy Cudgel|p2a: mitsuri
|-crit|p2a: mitsuri
|-damage|p2a: mitsuri|0 fnt
|faint|p2a: mitsuri
|-activate|p2a: mitsuri|move: Destiny Bond
|-end|p2a: mitsuri|Quark Drive|[silent]
|faint|p1a: Ogerpon
|detailschange|p1: Ogerpon|Ogerpon, F|[silent]
|
|upkeep
|
|t:|1769343708
|switch|p2a: Giyu|Keldeo-Resolute|72/100
|switch|p1a: Cinderace|Cinderace, M|75/100
|turn|13
|
|t:|1769343718
|move|p1a: Cinderace|U-turn|p2a: Giyu
|-start|p1a: Cinderace|typechange|Bug|[from] ability: Libero
|-resisted|p2a: Giyu
|-crit|p2a: Giyu
|-damage|p2a: Giyu|44/100
|
|t:|1769343722
|switch|p1a: Alomomola|Alomomola, M|100/100|[from] U-turn
|move|p2a: Giyu|Secret Sword|p1a: Alomomola
|-damage|p1a: Alomomola|46/100
|
|upkeep
|turn|14
|
|t:|1769343727
|move|p2a: Giyu|Secret Sword|p1a: Alomomola
|-damage|p1a: Alomomola|0 fnt
|faint|p1a: Alomomola
|
|upkeep
|
|t:|1769343729
|switch|p1a: Cinderace|Cinderace, M|75/100
|turn|15
|
|t:|1769343731
|move|p1a: Cinderace|Pyro Ball|p2a: Giyu
|-resisted|p2a: Giyu
|-damage|p2a: Giyu|9/100
|move|p2a: Giyu|Secret Sword|p1a: Cinderace
|-damage|p1a: Cinderace|0 fnt
|faint|p1a: Cinderace
|
|win|hzf
|raw|OehtWasHere's rating: 1741 &rarr; <strong>1727</strong><br />(-14 for losing)
|raw|hzf's rating: 1848 &rarr; <strong>1862</strong><br />(+14 for winning)
|c|☆hzf|gg
|l|‽OehtWasHere
|player|p1|
|l|☆hzf
|player|p2|
