|j|☆zhal1314
|j|☆topai69
|t:|1769348809
|gametype|singles
|player|p1|zhal1314|101|1345
|player|p2|topai69|170|1312
|gen|9
|tier|[Gen 9] OU
|rated|
|rule|HP Percentage Mod: HP is shown in percentages
|rule|Endless Battle Clause: Forcing endless battles is banned
|rule|Species Clause: Limit one of each Pokémon
|rule|OHKO Clause: OHKO moves are banned
|rule|Evasion Items Clause: Evasion items are banned
|rule|Evasion Moves Clause: Evasion moves are banned
|rule|Evasion Abilities Clause: Evasion abilities are banned
|rule|Sleep Moves Clause: Sleep-inducing moves are banned
|clearpoke
|poke|p1|Corviknight, M|
|poke|p1|Primarina, F|
|poke|p1|Dragapult, M|
|poke|p1|Ursaluna, F|
|poke|p1|Chansey, F|
|poke|p1|Cinderace, M|
|poke|p2|Hydrapple, M|
|poke|p2|Skeledirge, F|
|poke|p2|Alomomola, F|
|poke|p2|Lokix, M|
|poke|p2|Thundurus-Therian, M|
|poke|p2|Iron Treads|
|teampreview
|inactive|Battle timer is ON: inactive players will automatically lose when time's up. (requested by zhal1314)
|
|t:|1769348820
|teamsize|p1|6
|teamsize|p2|6
|start
|switch|p1a: Primarina|Primarina, F|100/100
|switch|p2a: Lokix|Lokix, M|100/100
|turn|1
|
|t:|1769348823
|switch|p1a: Corviknight|Corviknight, M|100/100
|-ability|p1a: Corviknight|Pressure
|move|p2a: Lokix|U-turn|p1a: Corviknight
|-resisted|p1a: Corviknight
|-damage|p1a: Corviknight|84/100
|-damage|p2a: Lokix|84/100|[from] item: Rocky Helmet|[of] p1a: Corviknight
|
|t:|1769348831
|switch|p2a: Thundurus|Thundurus-Therian, M|100/100|[from] U-turn
|
|upkeep
|turn|2
|
|t:|1769348839
|switch|p1a: Chansey|Chansey, F|100/100
|move|p2a: Thundurus|Grass Knot|p1a: Chansey
|-damage|p1a: Chansey|94/100
|
|upkeep
|turn|3
|
|t:|1769348851
|move|p2a: Thundurus|Focus Blast|p1a: Chansey
|-supereffective|p1a: Chansey
|-damage|p1a: Chansey|71/100
|move|p1a: Chansey|Seismic Toss|p2a: Thundurus
|-damage|p2a: Thundurus|67/100
|
|upkeep
|turn|4
|
|t:|1769348857
|move|p2a: Thundurus|Volt Switch|p1a: Chansey
|-damage|p1a: Chansey|61/100
|
|t:|1769348868
|switch|p2a: Alomomola|Alomomola, F|100/100|[from] Volt Switch
|move|p1a: Chansey|Seismic Toss|p2a: Alomomola
|-damage|p2a: Alomomola|82/100
|-damage|p1a: Chansey|45/100|[from] item: Rocky Helmet|[of] p2a: Alomomola
|
|upkeep
|turn|5
|
|t:|1769348874
|move|p1a: Chansey|Thunder Wave|p2a: Alomomola
|-status|p2a: Alomomola|par
|cant|p2a: Alomomola|par
|
|upkeep
|turn|6
|
|t:|1769348879
|move|p1a: Chansey|Soft-Boiled|p1a: Chansey
|-heal|p1a: Chansey|95/100
|move|p2a: Alomomola|Wish|p2a: Alomomola
|
|upkeep
|turn|7
|
|t:|1769348885
|move|p1a: Chansey|Seismic Toss|p2a: Alomomola
|-damage|p2a: Alomomola|63/100 par
|-damage|p1a: Chansey|78/100|[from] item: Rocky Helmet|[of] p2a: Alomomola
|move|p2a: Alomomola|Flip Turn|p1a: Chansey
|-damage|p1a: Chansey|67/100
|
|t:|1769348892
|switch|p2a: Iron Treads|Iron Treads|100/100|[from] Flip Turn
|
|upkeep
|turn|8
|
|t:|1769348897
|switch|p1a: Ursaluna|Ursaluna, F|100/100
|move|p2a: Iron Treads|Stealth Rock|p1a: Ursaluna
|-sidestart|p1: zhal1314|move: Stealth Rock
|
|upkeep
|turn|9
|
|t:|1769348915
|move|p2a: Iron Treads|Ice Spinner|p1a: Ursaluna
|-supereffective|p1a: Ursaluna
|-damage|p1a: Ursaluna|64/100
|move|p1a: Ursaluna|Body Slam|p2a: Iron Treads
|-resisted|p2a: Iron Treads
|-damage|p2a: Iron Treads|76/100
|
|-heal|p2a: Iron Treads|82/100|[from] item: Leftovers
|-heal|p1a: Ursaluna|70/100|[from] item: Leftovers
|upkeep
|turn|10
|
|t:|1769348923
|move|p2a: Iron Treads|Ice Spinner|p1a: Ursaluna
|-supereffective|p1a: Ursaluna
|-damage|p1a: Ursaluna|37/100
|move|p1a: Ursaluna|Rest|p1a: Ursaluna
|-status|p1a: Ursaluna|slp|[from] move: Rest
|-heal|p1a: Ursaluna|100/100 slp|[silent]
|
|-heal|p2a: Iron Treads|88/100|[from] item: Leftovers
|upkeep
|turn|11
|
|t:|1769348936
|-end|p2a: Iron Treads|Quark Drive|[silent]
|switch|p2a: Alomomola|Alomomola, F|96/100 par
|cant|p1a: Ursaluna|slp
|move|p1a: Ursaluna|Sleep Talk|p1a: Ursaluna
|move|p1a: Ursaluna|Earthquake|p2a: Alomomola|[from] move: Sleep Talk
|-damage|p2a: Alomomola|50/100 par
|
|upkeep
|turn|12
|
|t:|1769348950
|cant|p1a: Ursaluna|slp
|move|p1a: Ursaluna|Sleep Talk|p1a: Ursaluna
|move|p1a: Ursaluna|Body Slam|p2a: Alomomola|[from] move: Sleep Talk
|-damage|p2a: Alomomola|6/100 par
|-damage|p1a: Ursaluna|84/100 slp|[from] item: Rocky Helmet|[of] p2a: Alomomola
|move|p2a: Alomomola|Wish|p2a: Alomomola
|
|-heal|p1a: Ursaluna|90/100 slp|[from] item: Leftovers
|upkeep
|turn|13
|
|t:|1769348958
|switch|p2a: Thundurus|Thundurus-Therian, M|67/100
|-curestatus|p1a: Ursaluna|slp|[msg]
|move|p1a: Ursaluna|Earthquake|p2a: Thundurus
|-immune|p2a: Thundurus
|
|-heal|p2a: Thundurus|100/100|[from] move: Wish|[wisher] Alomomola
|-heal|p1a: Ursaluna|96/100|[from] item: Leftovers
|upkeep
|turn|14
|
|t:|1769348963
|switch|p1a: Chansey|Chansey, F|67/100
|-damage|p1a: Chansey|54/100|[from] Stealth Rock
|move|p2a: Thundurus|Grass Knot|p1a: Chansey
|-damage|p1a: Chansey|48/100
|
|upkeep
|turn|15
|
|t:|1769348969
|move|p2a: Thundurus|Sludge Bomb|p1a: Chansey
|-damage|p1a: Chansey|38/100
|move|p1a: Chansey|Soft-Boiled|p1a: Chansey
|-heal|p1a: Chansey|88/100
|
|upkeep
|turn|16
|
|t:|1769348973
|move|p2a: Thundurus|Sludge Bomb|p1a: Chansey
|-damage|p1a: Chansey|78/100
|move|p1a: Chansey|Seismic Toss|p2a: Thundurus
|-damage|p2a: Thundurus|67/100
|
|upkeep
|turn|17
|
|t:|1769348978
|move|p2a: Thundurus|Sludge Bomb|p1a: Chansey
|-damage|p1a: Chansey|69/100
|move|p1a: Chansey|Seismic Toss|p2a: Thundurus
|-damage|p2a: Thundurus|34/100
|
|upkeep
|turn|18
|
|t:|1769348987
|switch|p2a: Alomomola|Alomomola, F|40/100 par
|move|p1a: Chansey|Seismic Toss|p2a: Alomomola
|-damage|p2a: Alomomola|21/100 par
|-damage|p1a: Chansey|52/100|[from] item: Rocky Helmet|[of] p2a: Alomomola
|
|upkeep
|turn|19
|
|t:|1769349006
|switch|p1a: Primarina|Primarina, F|100/100
|-damage|p1a: Primarina|88/100|[from] Stealth Rock
|cant|p2a: Alomomola|par
|
|-heal|p1a: Primarina|94/100|[from] item: Leftovers
|upkeep
|turn|20
|
|t:|1769349021
|switch|p2a: Hydrapple|Hydrapple, M|100/100
|move|p1a: Primarina|Psychic Noise|p2a: Hydrapple
|-resisted|p2a: Hydrapple
|-damage|p2a: Hydrapple|90/100
|-start|p2a: Hydrapple|move: Heal Block
|
|-heal|p1a: Primarina|100/100|[from] item: Leftovers
|upkeep
|turn|21
|
|t:|1769349031
|switch|p1a: Chansey|Chansey, F|52/100
|-damage|p1a: Chansey|40/100|[from] Stealth Rock
|switch|p2a: Alomomola|Alomomola, F|54/100 par
|
|upkeep
|turn|22
|
|t:|1769349037
|move|p1a: Chansey|Soft-Boiled|p1a: Chansey
|-heal|p1a: Chansey|90/100
|move|p2a: Alomomola|Wish|p2a: Alomomola
|
|upkeep
|turn|23
|
|t:|1769349042
|switch|p2a: Thundurus|Thundurus-Therian, M|34/100
|move|p1a: Chansey|Seismic Toss|p2a: Thundurus
|-damage|p2a: Thundurus|0 fnt
|faint|p2a: Thundurus
|
|upkeep
|
|t:|1769349060
|switch|p2a: Lokix|Lokix, M|84/100
|turn|24
|
|t:|1769349064
|switch|p1a: Corviknight|Corviknight, M|84/100
|-damage|p1a: Corviknight|71/100|[from] Stealth Rock
|-ability|p1a: Corviknight|Pressure
|move|p2a: Lokix|U-turn|p1a: Corviknight
|-resisted|p1a: Corviknight
|-damage|p1a: Corviknight|57/100
|-damage|p2a: Lokix|67/100|[from] item: Rocky Helmet|[of] p1a: Corviknight
|
|t:|1769349069
|switch|p2a: Skeledirge|Skeledirge, F|100/100|[from] U-turn
|
|upkeep
|turn|25
|
|t:|1769349078
|switch|p1a: Primarina|Primarina, F|100/100
|-damage|p1a: Primarina|88/100|[from] Stealth Rock
|move|p2a: Skeledirge|Will-O-Wisp|p1a: Primarina
|-status|p1a: Primarina|brn
|
|-heal|p1a: Primarina|94/100 brn|[from] item: Leftovers
|-damage|p1a: Primarina|88/100 brn|[from] brn
|upkeep
|turn|26
|
|t:|1769349095
|-terastallize|p2a: Skeledirge|Fairy
|move|p1a: Primarina|Moonblast|p2a: Skeledirge
|-damage|p2a: Skeledirge|59/100
|-unboost|p2a: Skeledirge|spa|1
|move|p2a: Skeledirge|Hex|p1a: Primarina
|-crit|p1a: Primarina
|-damage|p1a: Primarina|22/100 brn
|
|-heal|p1a: Primarina|29/100 brn|[from] item: Leftovers
|-damage|p1a: Primarina|22/100 brn|[from] brn
|upkeep
|turn|27
|inactive|zhal1314 has 120 seconds left.
|
|t:|1769349134
|switch|p2a: Alomomola|Alomomola, F|88/100 par
|move|p1a: Primarina|Psychic Noise|p2a: Alomomola
|-resisted|p2a: Alomomola
|-damage|p2a: Alomomola|62/100 par
|-start|p2a: Alomomola|move: Heal Block
|
|-heal|p1a: Primarina|29/100 brn|[from] item: Leftovers
|-damage|p1a: Primarina|22/100 brn|[from] brn
|upkeep
|turn|28
|
|t:|1769349141
|move|p1a: Primarina|Moonblast|p2a: Alomomola
|-damage|p2a: Alomomola|0 fnt
|faint|p2a: Alomomola
|
|-heal|p1a: Primarina|29/100 brn|[from] item: Leftovers
|-damage|p1a: Primarina|22/100 brn|[from] brn
|upkeep
|-message|topai69 forfeited.
|
|win|zhal1314
|raw|zhal1314's rating: 1345 &rarr; <strong>1363</strong><br />(+18 for winning)
|raw|topai69's rating: 1312 &rarr; <strong>1294</strong><br />(-18 for losing)
|l|☆topai69
|player|p2|
|l|☆zhal1314
|player|p1|
