|j|☆okijk
|j|☆asuperchef
|t:|1769432778
|gametype|singles
|player|p1|okijk|firebreather|1134
|player|p2|asuperchef|chili|1107
|gen|9
|tier|[Gen 9] OU
|rated|
|rule|HP Percentage Mod: HP is shown in percentages
|rule|Endless Battle Clause: Forcing endless battles is banned
|rule|Species Clause: Limit one of each Pokémon
|rule|OHKO Clause: OHKO moves are banned
|rule|Evasion Items Clause: Evasion items are banned
|rule|Evasion Moves Clause: Evasion moves are banned
|rule|Evasion Abilities Clause: Evasion abilities are banned
|rule|Sleep Moves Clause: Sleep-inducing moves are banned
|clearpoke
|poke|p1|Ogerpon, F|
|poke|p1|Meowscarada, M|
|poke|p1|Cinderace, F|
|poke|p1|Dragonite, M|
|poke|p1|Metagross|
|poke|p1|Iron Hands|
|poke|p2|Raichu, M|
|poke|p2|Feraligatr, M|
|poke|p2|Garganacl, M|
|poke|p2|Charizard, M|
|poke|p2|Primeape, F|
|poke|p2|Hitmonlee, M|
|teampreview
|inactive|Battle timer is ON: inactive players will automatically lose when time's up. (requested by asuperchef)
|inactive|okijk also wants the timer to be on.
|
|t:|1769432790
|teamsize|p1|6
|teamsize|p2|6
|start
|switch|p1a: Metagross|Metagross|100/100
|switch|p2a: Garganacl|Garganacl, M|100/100
|turn|1
|
|t:|1769432799
|move|p1a: Metagross|Meteor Mash|p2a: Garganacl
|-supereffective|p2a: Garganacl
|-damage|p2a: Garganacl|31/100
|move|p2a: Garganacl|Salt Cure|p1a: Metagross
|-resisted|p1a: Metagross
|-damage|p1a: Metagross|95/100
|-start|p1a: Metagross|Salt Cure
|
|-damage|p1a: Metagross|70/100|[from] Salt Cure
|upkeep
|turn|2
|
|t:|1769432809
|-terastallize|p2a: Garganacl|Flying
|move|p1a: Metagross|Meteor Mash|p2a: Garganacl
|-damage|p2a: Garganacl|0 fnt
|faint|p2a: Garganacl
|
|-damage|p1a: Metagross|45/100|[from] Salt Cure
|upkeep
|
|t:|1769432814
|switch|p2a: Raichu|Raichu, M|100/100
|turn|3
|
|t:|1769432820
|move|p2a: Raichu|Fake Out|p1a: Metagross
|-resisted|p1a: Metagross
|-damage|p1a: Metagross|42/100
|cant|p1a: Metagross|flinch
|
|-damage|p1a: Metagross|17/100|[from] Salt Cure
|upkeep
|turn|4
|
|t:|1769432835
|move|p2a: Raichu|Thunderbolt|p1a: Metagross
|-damage|p1a: Metagross|0 fnt
|faint|p1a: Metagross
|
|upkeep
|
|t:|1769432845
|switch|p1a: Cinderace|Cinderace, F|100/100
|turn|5
|
|t:|1769432851
|move|p1a: Cinderace|U-turn|p2a: Raichu
|-start|p1a: Cinderace|typechange|Bug|[from] ability: Libero
|-damage|p2a: Raichu|63/100
|
|t:|1769432858
|switch|p1a: Meowscarada|Meowscarada, M|100/100|[from] U-turn
|move|p2a: Raichu|Nuzzle|p1a: Meowscarada
|-resisted|p1a: Meowscarada
|-damage|p1a: Meowscarada|96/100
|-status|p1a: Meowscarada|par
|
|upkeep
|turn|6
|
|t:|1769432868
|move|p2a: Raichu|Alluring Voice|p1a: Meowscarada
|-supereffective|p1a: Meowscarada
|-damage|p1a: Meowscarada|42/100 par
|move|p1a: Meowscarada|Flower Trick|p2a: Raichu
|-start|p1a: Meowscarada|typechange|Grass|[from] ability: Protean
|-crit|p2a: Raichu
|-damage|p2a: Raichu|0 fnt
|faint|p2a: Raichu
|-damage|p1a: Meowscarada|32/100 par|[from] item: Life Orb
|
|upkeep
|
|t:|1769432874
|switch|p2a: Primeape|Primeape, F|100/100
|turn|7
|
|t:|1769432883
|move|p2a: Primeape|Bulk Up|p2a: Primeape
|-boost|p2a: Primeape|atk|1
|-boost|p2a: Primeape|def|1
|move|p1a: Meowscarada|Flower Trick|p2a: Primeape
|-crit|p2a: Primeape
|-damage|p2a: Primeape|30/100
|-damage|p1a: Meowscarada|22/100 par|[from] item: Life Orb
|
|upkeep
|turn|8
|
|t:|1769432893
|move|p2a: Primeape|Drain Punch|p1a: Meowscarada
|-damage|p1a: Meowscarada|0 fnt
|-heal|p2a: Primeape|40/100|[from] drain|[of] p1a: Meowscarada
|faint|p1a: Meowscarada
|
|upkeep
|
|t:|1769432908
|switch|p1a: Ogerpon|Ogerpon, F|100/100
|turn|9
|
|t:|1769432916
|move|p1a: Ogerpon|Swords Dance|p1a: Ogerpon
|-boost|p1a: Ogerpon|atk|2
|move|p2a: Primeape|Drain Punch|p1a: Ogerpon
|-damage|p1a: Ogerpon|51/100
|-heal|p2a: Primeape|62/100|[from] drain|[of] p1a: Ogerpon
|
|upkeep
|turn|10
|
|t:|1769432926
|-terastallize|p1a: Ogerpon|Grass
|detailschange|p1a: Ogerpon|Ogerpon-Teal-Tera, F, tera:Grass
|-ability|p1a: Ogerpon|Embody Aspect (Teal)|boost
|-boost|p1a: Ogerpon|spe|1
|move|p1a: Ogerpon|Horn Leech|p2a: Primeape
|-damage|p2a: Primeape|0 fnt
|-heal|p1a: Ogerpon|85/100|[from] drain|[of] p2a: Primeape
|faint|p2a: Primeape
|
|upkeep
|
|t:|1769432937
|switch|p2a: Charizard|Charizard, M, shiny|100/100
|turn|11
|
|t:|1769432944
|switch|p1a: Iron Hands|Iron Hands|100/100
|move|p2a: Charizard|Air Slash|p1a: Iron Hands
|-damage|p1a: Iron Hands|77/100
|
|upkeep
|turn|12
|
|t:|1769432957
|switch|p2a: Hitmonlee|Hitmonlee, M|100/100
|move|p1a: Iron Hands|Electric Terrain|p1a: Iron Hands
|-fieldstart|move: Electric Terrain
|-activate|p1a: Iron Hands|ability: Quark Drive
|-start|p1a: Iron Hands|quarkdriveatk
|
|upkeep
|turn|13
|
|t:|1769432971
|move|p2a: Hitmonlee|Endure|p2a: Hitmonlee
|-singleturn|p2a: Hitmonlee|move: Endure
|move|p1a: Iron Hands|Supercell Slam|p2a: Hitmonlee
|-activate|p2a: Hitmonlee|move: Endure
|-damage|p2a: Hitmonlee|1/100
|-enditem|p2a: Hitmonlee|Liechi Berry|[eat]
|-boost|p2a: Hitmonlee|atk|1|[from] item: Liechi Berry
|
|upkeep
|turn|14
|inactive|okijk has 120 seconds left.
|
|t:|1769433029
|move|p2a: Hitmonlee|Reversal|p1a: Iron Hands
|-damage|p1a: Iron Hands|0 fnt
|faint|p1a: Iron Hands
|-end|p1a: Iron Hands|Quark Drive|[silent]
|
|upkeep
|
|t:|1769433037
|switch|p1a: Dragonite|Dragonite, M|100/100
|turn|15
|
|t:|1769433042
|move|p2a: Hitmonlee|Upper Hand|p1a: Dragonite
|-resisted|p1a: Dragonite
|-damage|p1a: Dragonite|88/100
|cant|p1a: Dragonite|flinch
|
|upkeep
|turn|16
|
|t:|1769433048
|move|p1a: Dragonite|Extreme Speed|p2a: Hitmonlee
|-damage|p2a: Hitmonlee|0 fnt
|faint|p2a: Hitmonlee
|
|upkeep
|
|t:|1769433052
|switch|p2a: Feraligatr|Feraligatr, M|100/100
|turn|17
|
|t:|1769433057
|move|p2a: Feraligatr|Ice Punch|p1a: Dragonite
|-supereffective|p1a: Dragonite
|-damage|p1a: Dragonite|0 fnt
|faint|p1a: Dragonite
|
|upkeep
|
|t:|1769433064
|switch|p1a: Cinderace|Cinderace, F|100/100
|turn|18
|
|t:|1769433075
|move|p1a: Cinderace|U-turn|p2a: Feraligatr
|-start|p1a: Cinderace|typechange|Bug|[from] ability: Libero
|-damage|p2a: Feraligatr|63/100
|
|t:|1769433079
|switch|p1a: Ogerpon|Ogerpon-Teal-Tera, F, tera:Grass|85/100|[from] U-turn
|-ability|p1a: Ogerpon|Embody Aspect (Teal)|boost
|-boost|p1a: Ogerpon|spe|1
|move|p2a: Feraligatr|Dragon Dance|p2a: Feraligatr
|-boost|p2a: Feraligatr|atk|1
|-boost|p2a: Feraligatr|spe|1
|
|upkeep
|turn|19
|
|t:|1769433091
|move|p1a: Ogerpon|Swords Dance|p1a: Ogerpon
|-boost|p1a: Ogerpon|atk|2
|move|p2a: Feraligatr|Ice Punch|p1a: Ogerpon
|-supereffective|p1a: Ogerpon
|-damage|p1a: Ogerpon|0 fnt
|faint|p1a: Ogerpon
|detailschange|p1: Ogerpon|Ogerpon, F|[silent]
|
|-fieldend|move: Electric Terrain
|upkeep
|-message|okijk forfeited.
|
|win|asuperchef
|raw|okijk's rating: 1134 &rarr; <strong>1107</strong><br />(-27 for losing)
|raw|asuperchef's rating: 1107 &rarr; <strong>1134</strong><br />(+27 for winning)
|l|☆okijk
|player|p1|
|l|☆asuperchef
|player|p2|
