|j|☆alowe282
|j|☆victory_sakik
|t:|1769435378
|gametype|singles
|player|p1|alowe282|ltsurge|1373
|player|p2|victory_sakik|170|1376
|gen|9
|tier|[Gen 9] OU
|rated|
|rule|HP Percentage Mod: HP is shown in percentages
|rule|Endless Battle Clause: Forcing endless battles is banned
|rule|Species Clause: Limit one of each Pokémon
|rule|OHKO Clause: OHKO moves are banned
|rule|Evasion Items Clause: Evasion items are banned
|rule|Evasion Moves Clause: Evasion moves are banned
|rule|Evasion Abilities Clause: Evasion abilities are banned
|rule|Sleep Moves Clause: Sleep-inducing moves are banned
|clearpoke
|poke|p1|Kingambit, F|
|poke|p1|Cinderace, F|
|poke|p1|Landorus-Therian, M|
|poke|p1|Iron Valiant|
|poke|p1|Kyurem|
|poke|p1|Slowking-Galar, M|
|poke|p2|Enamorus-Therian, F|
|poke|p2|Ogerpon, F|
|poke|p2|Greninja-*, F|
|poke|p2|Maushold-Four|
|poke|p2|Iron Valiant|
|poke|p2|Hatterene, F|
|teampreview
|inactive|Battle timer is ON: inactive players will automatically lose when time's up. (requested by alowe282)
|
|t:|1769435394
|teamsize|p1|6
|teamsize|p2|6
|start
|switch|p1a: Slowking|Slowking-Galar, M, shiny|100/100
|switch|p2a: Greninja|Greninja, F|100/100
|turn|1
|inactive|victory_sakik has 120 seconds left.
|inactive|victory_sakik has 90 seconds left.
|
|t:|1769435480
|move|p2a: Greninja|U-turn|p1a: Slowking
|-start|p2a: Greninja|typechange|Bug|[from] ability: Protean
|-damage|p1a: Slowking|76/100
|
|t:|1769435487
|switch|p2a: four jerry|Maushold-Four|100/100|[from] U-turn
|move|p1a: Slowking|Thunder Wave|p2a: four jerry
|-status|p2a: four jerry|par
|
|upkeep
|turn|2
|
|t:|1769435493
|switch|p2a: Greninja|Greninja, F|100/100
|switch|p1a: Landorus|Landorus-Therian, M, shiny|100/100
|-ability|p1a: Landorus|Intimidate|boost
|-unboost|p2a: Greninja|atk|1
|
|upkeep
|turn|3
|
|t:|1769435498
|switch|p1a: Slowking|Slowking-Galar, M, shiny|100/100
|move|p2a: Greninja|Hydro Pump|p1a: Slowking
|-start|p2a: Greninja|typechange|Water|[from] ability: Protean
|-damage|p1a: Slowking|71/100
|
|upkeep
|turn|4
|
|t:|1769435507
|move|p2a: Greninja|Hydro Pump|p1a: Slowking
|-damage|p1a: Slowking|42/100
|move|p1a: Slowking|Sludge Bomb|p2a: Greninja
|-damage|p2a: Greninja|45/100
|-status|p2a: Greninja|psn
|
|-damage|p2a: Greninja|32/100 psn|[from] psn
|upkeep
|turn|5
|inactive|victory_sakik has 90 seconds left.
|
|t:|1769435532
|move|p2a: Greninja|Hydro Pump|p1a: Slowking
|-damage|p1a: Slowking|12/100
|-prepare|p1a: Slowking|Chilly Reception|[premajor]
|move|p1a: Slowking|Chilly Reception|p1a: Slowking
|-weather|Snowscape
|
|t:|1769435543
|switch|p1a: Kingambit|Kingambit, F|100/100|[from] Chilly Reception
|
|-weather|Snowscape|[upkeep]
|-damage|p2a: Greninja|20/100 psn|[from] psn
|upkeep
|turn|6
|
|t:|1769435546
|move|p1a: Kingambit|Sucker Punch|p2a: Greninja
|-damage|p2a: Greninja|0 fnt
|faint|p2a: Greninja
|
|-weather|Snowscape|[upkeep]
|upkeep
|
|t:|1769435552
|switch|p2a: diddykong|Ogerpon, F|100/100
|turn|7
|
|t:|1769435557
|-end|p1a: Kingambit|fallenundefined|[silent]
|switch|p1a: Landorus|Landorus-Therian, M, shiny|100/100
|-ability|p1a: Landorus|Intimidate|boost
|-unboost|p2a: diddykong|atk|1
|-ability|p2a: diddykong|Defiant|boost
|-boost|p2a: diddykong|atk|2
|move|p2a: diddykong|Swords Dance|p2a: diddykong
|-boost|p2a: diddykong|atk|2
|
|-weather|Snowscape|[upkeep]
|upkeep
|turn|8
|
|t:|1769435563
|-terastallize|p2a: diddykong|Grass
|detailschange|p2a: diddykong|Ogerpon-Teal-Tera, F, tera:Grass
|-ability|p2a: diddykong|Embody Aspect (Teal)|boost
|-boost|p2a: diddykong|spe|1
|move|p2a: diddykong|Ivy Cudgel|p1a: Landorus
|-crit|p1a: Landorus
|-damage|p1a: Landorus|0 fnt
|faint|p1a: Landorus
|
|-weather|Snowscape|[upkeep]
|upkeep
|
|t:|1769435571
|switch|p1a: Iron Valiant|Iron Valiant|100/100
|-enditem|p1a: Iron Valiant|Booster Energy
|-activate|p1a: Iron Valiant|ability: Quark Drive|[fromitem]
|-start|p1a: Iron Valiant|quarkdrivespe
|turn|9
|
|t:|1769435576
|move|p1a: Iron Valiant|Encore|p2a: diddykong
|-start|p2a: diddykong|Encore
|move|p2a: diddykong|Ivy Cudgel|p1a: Iron Valiant
|-damage|p1a: Iron Valiant|0 fnt
|faint|p1a: Iron Valiant
|-end|p1a: Iron Valiant|Quark Drive|[silent]
|
|-weather|none
|upkeep
|
|t:|1769435602
|switch|p1a: Kingambit|Kingambit, F|100/100
|-activate|p1a: Kingambit|ability: Supreme Overlord
|-start|p1a: Kingambit|fallen2|[silent]
|turn|10
|inactive|victory_sakik has 120 seconds left.
|
|t:|1769435635
|move|p2a: diddykong|Ivy Cudgel|p1a: Kingambit
|-resisted|p1a: Kingambit
|-damage|p1a: Kingambit|28/100
|move|p1a: Kingambit|Swords Dance|p1a: Kingambit
|-boost|p1a: Kingambit|atk|2
|
|-heal|p1a: Kingambit|34/100|[from] item: Leftovers
|upkeep
|turn|11
|
|t:|1769435640
|move|p1a: Kingambit|Sucker Punch|p2a: diddykong
|-damage|p2a: diddykong|0 fnt
|faint|p2a: diddykong
|detailschange|p2: diddykong|Ogerpon, F|[silent]
|
|-heal|p1a: Kingambit|41/100|[from] item: Leftovers
|upkeep
|
|t:|1769435644
|switch|p2a: nonbinarygoesbrrrr|Iron Valiant|100/100
|-enditem|p2a: nonbinarygoesbrrrr|Booster Energy
|-activate|p2a: nonbinarygoesbrrrr|ability: Quark Drive|[fromitem]
|-start|p2a: nonbinarygoesbrrrr|quarkdrivespe
|turn|12
|
|t:|1769435653
|-end|p1a: Kingambit|fallen2|[silent]
|switch|p1a: Cinderace|Cinderace, F, shiny|100/100
|move|p2a: nonbinarygoesbrrrr|Swords Dance|p2a: nonbinarygoesbrrrr
|-boost|p2a: nonbinarygoesbrrrr|atk|2
|
|upkeep
|turn|13
|
|t:|1769435655
|move|p2a: nonbinarygoesbrrrr|Close Combat|p1a: Cinderace
|-damage|p1a: Cinderace|0 fnt
|-unboost|p2a: nonbinarygoesbrrrr|def|1
|-unboost|p2a: nonbinarygoesbrrrr|spd|1
|faint|p1a: Cinderace
|
|upkeep
|c|☆victory_sakik|gg
|
|t:|1769435665
|switch|p1a: Kingambit|Kingambit, F|41/100
|-activate|p1a: Kingambit|ability: Supreme Overlord
|-start|p1a: Kingambit|fallen3|[silent]
|turn|14
|
|t:|1769435671
|-end|p1a: Kingambit|fallen3|[silent]
|switch|p1a: Slowking|Slowking-Galar, M, shiny|46/100
|move|p2a: nonbinarygoesbrrrr|Close Combat|p1a: Slowking
|-resisted|p1a: Slowking
|-damage|p1a: Slowking|14/100
|-unboost|p2a: nonbinarygoesbrrrr|def|1
|-unboost|p2a: nonbinarygoesbrrrr|spd|1
|
|upkeep
|turn|15
|
|t:|1769435685
|switch|p1a: Kyurem|Kyurem, shiny|100/100
|-ability|p1a: Kyurem|Pressure
|move|p2a: nonbinarygoesbrrrr|Close Combat|p1a: Kyurem
|-supereffective|p1a: Kyurem
|-damage|p1a: Kyurem|0 fnt
|-unboost|p2a: nonbinarygoesbrrrr|def|1
|-unboost|p2a: nonbinarygoesbrrrr|spd|1
|faint|p1a: Kyurem
|
|upkeep
|
|t:|1769435689
|switch|p1a: Kingambit|Kingambit, F|41/100
|-activate|p1a: Kingambit|ability: Supreme Overlord
|-start|p1a: Kingambit|fallen4|[silent]
|turn|16
|
|t:|1769435693
|move|p2a: nonbinarygoesbrrrr|Close Combat|p1a: Kingambit
|-supereffective|p1a: Kingambit
|-damage|p1a: Kingambit|0 fnt
|-unboost|p2a: nonbinarygoesbrrrr|def|1
|-unboost|p2a: nonbinarygoesbrrrr|spd|1
|faint|p1a: Kingambit
|-end|p1a: Kingambit|fallen4|[silent]
|
|upkeep
|-message|alowe282 forfeited.
|
|win|victory_sakik
|raw|alowe282's rating: 1373 &rarr; <strong>1353</strong><br />(-20 for losing)
|raw|victory_sakik's rating: 1376 &rarr; <strong>1396</strong><br />(+20 for winning)
|l|☆alowe282
|player|p1|
|c|☆victory_sakik|gg
|l|☆victory_sakik
|player|p2|
