|j|‽liamsdad
|j|‽LT_Alt1
|t:|1769314490
|gametype|singles
|player|p1|liamsdad|bruno|1662
|player|p2|LT_Alt1|101|1670
|gen|9
|tier|[Gen 9] OU
|rated|
|rule|HP Percentage Mod: HP is shown in percentages
|rule|Endless Battle Clause: Forcing endless battles is banned
|rule|Species Clause: Limit one of each Pokémon
|rule|OHKO Clause: OHKO moves are banned
|rule|Evasion Items Clause: Evasion items are banned
|rule|Evasion Moves Clause: Evasion moves are banned
|rule|Evasion Abilities Clause: Evasion abilities are banned
|rule|Sleep Moves Clause: Sleep-inducing moves are banned
|clearpoke
|poke|p1|Pelipper, M|
|poke|p1|Ludicolo, F|
|poke|p1|Iron Treads|
|poke|p1|Barraskewda, M|
|poke|p1|Poliwrath, M|
|poke|p1|Gyarados, F|
|poke|p2|Darkrai|
|poke|p2|Slowking-Galar, F|
|poke|p2|Gholdengo|
|poke|p2|Iron Treads|
|poke|p2|Raging Bolt|
|poke|p2|Gliscor, M|
|teampreview
|inactive|Battle timer is ON: inactive players will automatically lose when time's up. (requested by liamsdad)
|
|t:|1769314501
|teamsize|p1|6
|teamsize|p2|6
|start
|switch|p1a: Barraskewda|Barraskewda, M|100/100
|switch|p2a: Raging Bolt|Raging Bolt|100/100
|turn|1
|
|t:|1769314507
|switch|p1a: Iron Treads|Iron Treads|100/100
|move|p2a: Raging Bolt|Draco Meteor|p1a: Iron Treads
|-resisted|p1a: Iron Treads
|-damage|p1a: Iron Treads|82/100
|-unboost|p2a: Raging Bolt|spa|2
|
|upkeep
|turn|2
|
|t:|1769314514
|-end|p1a: Iron Treads|Quark Drive|[silent]
|switch|p1a: Pelipper|Pelipper, M|100/100
|-weather|RainDance|[from] ability: Drizzle|[of] p1a: Pelipper
|-end|p2a: Raging Bolt|Protosynthesis|[silent]
|switch|p2a: Darkrai|Darkrai|100/100
|
|-weather|RainDance|[upkeep]
|upkeep
|turn|3
|
|t:|1769314520
|switch|p1a: Iron Treads|Iron Treads|82/100
|move|p2a: Darkrai|Dark Pulse|p1a: Iron Treads
|-damage|p1a: Iron Treads|62/100
|
|-weather|RainDance|[upkeep]
|upkeep
|turn|4
|
|t:|1769314525
|-end|p1a: Iron Treads|Quark Drive|[silent]
|switch|p1a: Gyarados|Gyarados, F|100/100
|move|p2a: Darkrai|Focus Blast|p1a: Gyarados
|-resisted|p1a: Gyarados
|-damage|p1a: Gyarados|79/100
|
|-weather|RainDance|[upkeep]
|-heal|p1a: Gyarados|85/100|[from] item: Leftovers
|upkeep
|turn|5
|
|t:|1769314530
|switch|p2a: Gliscor|Gliscor, M|100/100
|move|p1a: Gyarados|Dragon Dance|p1a: Gyarados
|-boost|p1a: Gyarados|atk|1
|-boost|p1a: Gyarados|spe|1
|
|-weather|RainDance|[upkeep]
|-heal|p1a: Gyarados|91/100|[from] item: Leftovers
|-status|p2a: Gliscor|tox|[from] item: Toxic Orb
|upkeep
|turn|6
|
|t:|1769314546
|-terastallize|p2a: Gliscor|Water
|move|p1a: Gyarados|Dragon Dance|p1a: Gyarados
|-boost|p1a: Gyarados|atk|1
|-boost|p1a: Gyarados|spe|1
|move|p2a: Gliscor|Toxic|p1a: Gyarados
|-status|p1a: Gyarados|tox
|
|-weather|RainDance|[upkeep]
|-heal|p1a: Gyarados|97/100 tox|[from] item: Leftovers
|-damage|p1a: Gyarados|91/100 tox|[from] psn
|upkeep
|turn|7
|
|t:|1769314563
|move|p1a: Gyarados|Thunder|p2a: Gliscor
|-supereffective|p2a: Gliscor
|-crit|p2a: Gliscor
|-damage|p2a: Gliscor|54/100 tox
|move|p2a: Gliscor|Knock Off|p1a: Gyarados
|-damage|p1a: Gyarados|62/100 tox
|-enditem|p1a: Gyarados|Leftovers|[from] move: Knock Off|[of] p2a: Gliscor
|
|-weather|RainDance|[upkeep]
|-damage|p1a: Gyarados|50/100 tox|[from] psn
|-heal|p2a: Gliscor|66/100 tox|[from] ability: Poison Heal
|upkeep
|turn|8
|
|t:|1769314572
|move|p1a: Gyarados|Dragon Dance|p1a: Gyarados
|-boost|p1a: Gyarados|atk|1
|-boost|p1a: Gyarados|spe|1
|move|p2a: Gliscor|Spikes|p1a: Gyarados
|-sidestart|p1: liamsdad|Spikes
|
|-weather|RainDance|[upkeep]
|-damage|p1a: Gyarados|32/100 tox|[from] psn
|-heal|p2a: Gliscor|78/100 tox|[from] ability: Poison Heal
|upkeep
|turn|9
|
|t:|1769314582
|move|p1a: Gyarados|Waterfall|p2a: Gliscor
|-resisted|p2a: Gliscor
|-damage|p2a: Gliscor|17/100 tox
|move|p2a: Gliscor|Spikes|p1a: Gyarados
|-sidestart|p1: liamsdad|Spikes
|
|-weather|none
|-damage|p1a: Gyarados|8/100 tox|[from] psn
|-heal|p2a: Gliscor|30/100 tox|[from] ability: Poison Heal
|upkeep
|turn|10
|
|t:|1769314594
|move|p1a: Gyarados|Waterfall|p2a: Gliscor
|-resisted|p2a: Gliscor
|-damage|p2a: Gliscor|0 fnt
|faint|p2a: Gliscor
|-ability|p1a: Gyarados|Moxie|boost
|-boost|p1a: Gyarados|atk|1
|
|-damage|p1a: Gyarados|0 fnt|[from] psn
|faint|p1a: Gyarados
|upkeep
|
|t:|1769314603
|switch|p1a: Pelipper|Pelipper, M|100/100
|switch|p2a: Darkrai|Darkrai|100/100
|-weather|RainDance|[from] ability: Drizzle|[of] p1a: Pelipper
|turn|11
|
|t:|1769314608
|move|p2a: Darkrai|Dark Pulse|p1a: Pelipper
|-damage|p1a: Pelipper|46/100
|move|p1a: Pelipper|U-turn|p2a: Darkrai
|-supereffective|p2a: Darkrai
|-damage|p2a: Darkrai|77/100
|
|t:|1769314612
|switch|p1a: Poliwrath|Poliwrath, M|100/100|[from] U-turn
|-damage|p1a: Poliwrath|84/100|[from] Spikes
|
|-weather|RainDance|[upkeep]
|-heal|p2a: Darkrai|83/100|[from] item: Leftovers
|upkeep
|turn|12
|j| Kwaga
|
|t:|1769314617
|move|p1a: Poliwrath|Belly Drum|p1a: Poliwrath
|-damage|p1a: Poliwrath|34/100
|-setboost|p1a: Poliwrath|atk|6|[from] move: Belly Drum
|-enditem|p1a: Poliwrath|Sitrus Berry|[eat]
|-heal|p1a: Poliwrath|59/100|[from] item: Sitrus Berry
|move|p2a: Darkrai|Focus Blast|p1a: Poliwrath
|-crit|p1a: Poliwrath
|-damage|p1a: Poliwrath|0 fnt
|faint|p1a: Poliwrath
|
|-weather|RainDance|[upkeep]
|-heal|p2a: Darkrai|89/100|[from] item: Leftovers
|upkeep
|
|t:|1769314628
|switch|p1a: Barraskewda|Barraskewda, M|100/100
|-damage|p1a: Barraskewda|84/100|[from] Spikes
|turn|13
|l| Kwaga
|
|t:|1769314639
|switch|p2a: Iron Treads|Iron Treads|100/100
|-terastallize|p1a: Barraskewda|Water
|move|p1a: Barraskewda|Liquidation|p2a: Iron Treads
|-supereffective|p2a: Iron Treads
|-damage|p2a: Iron Treads|0 fnt
|faint|p2a: Iron Treads
|-end|p2a: Iron Treads|Quark Drive|[silent]
|
|-weather|RainDance|[upkeep]
|upkeep
|
|t:|1769314645
|switch|p2a: Raging Bolt|Raging Bolt|100/100
|turn|14
|
|t:|1769314651
|-end|p2a: Raging Bolt|Protosynthesis|[silent]
|switch|p2a: Darkrai|Darkrai|89/100
|move|p1a: Barraskewda|Liquidation|p2a: Darkrai
|-damage|p2a: Darkrai|0 fnt
|faint|p2a: Darkrai
|
|-weather|RainDance|[upkeep]
|upkeep
|
|t:|1769314654
|switch|p2a: Raging Bolt|Raging Bolt|100/100
|turn|15
|
|t:|1769314656
|switch|p1a: Iron Treads|Iron Treads|62/100
|-damage|p1a: Iron Treads|46/100|[from] Spikes
|move|p2a: Raging Bolt|Calm Mind|p2a: Raging Bolt
|-boost|p2a: Raging Bolt|spa|1
|-boost|p2a: Raging Bolt|spd|1
|
|-weather|RainDance|[upkeep]
|upkeep
|turn|16
|
|t:|1769314660
|move|p1a: Iron Treads|Earthquake|p2a: Raging Bolt
|-supereffective|p2a: Raging Bolt
|-damage|p2a: Raging Bolt|39/100
|move|p2a: Raging Bolt|Calm Mind|p2a: Raging Bolt
|-boost|p2a: Raging Bolt|spa|1
|-boost|p2a: Raging Bolt|spd|1
|
|-weather|RainDance|[upkeep]
|-heal|p2a: Raging Bolt|45/100|[from] item: Leftovers
|upkeep
|turn|17
|
|t:|1769314664
|move|p1a: Iron Treads|Rapid Spin|p2a: Raging Bolt
|-damage|p2a: Raging Bolt|34/100
|-boost|p1a: Iron Treads|spe|1
|-sideend|p1: liamsdad|Spikes|[from] move: Rapid Spin|[of] p1a: Iron Treads
|move|p2a: Raging Bolt|Draco Meteor|p1a: Iron Treads
|-resisted|p1a: Iron Treads
|-damage|p1a: Iron Treads|7/100
|-unboost|p2a: Raging Bolt|spa|2
|
|-weather|RainDance|[upkeep]
|-heal|p2a: Raging Bolt|40/100|[from] item: Leftovers
|upkeep
|turn|18
|-message|LT_Alt1 forfeited.
|
|win|liamsdad
|raw|liamsdad's rating: 1662 &rarr; <strong>1682</strong><br />(+20 for winning)
|raw|LT_Alt1's rating: 1670 &rarr; <strong>1650</strong><br />(-20 for losing)
|l|‽LT_Alt1
|player|p2|
|l|‽liamsdad
|player|p1|
