|j|☆Baabu the Hoppip
|j|☆MrMoseby3500
|t:|1769317401
|gametype|singles
|player|p1|Baabu the Hoppip|erika|1173
|player|p2|MrMoseby3500|marshal|1229
|gen|9
|tier|[Gen 9] OU
|rated|
|rule|HP Percentage Mod: HP is shown in percentages
|rule|Endless Battle Clause: Forcing endless battles is banned
|rule|Species Clause: Limit one of each Pokémon
|rule|OHKO Clause: OHKO moves are banned
|rule|Evasion Items Clause: Evasion items are banned
|rule|Evasion Moves Clause: Evasion moves are banned
|rule|Evasion Abilities Clause: Evasion abilities are banned
|rule|Sleep Moves Clause: Sleep-inducing moves are banned
|clearpoke
|poke|p1|Cramorant, M|
|poke|p1|Arcanine, F|
|poke|p1|Uxie|
|poke|p1|Dragalge, F|
|poke|p1|Alcremie, F|
|poke|p1|Heracross, F|
|poke|p2|Samurott-Hisui, M|
|poke|p2|Gholdengo|
|poke|p2|Great Tusk|
|poke|p2|Iron Moth|
|poke|p2|Ogerpon-Wellspring, F|
|poke|p2|Galvantula, F|
|teampreview
|
|t:|1769317415
|teamsize|p1|6
|teamsize|p2|6
|start
|switch|p1a: Alcremie|Alcremie, F|100/100
|switch|p2a: Galvantula|Galvantula, F|100/100
|turn|1
|
|t:|1769317426
|move|p2a: Galvantula|Sticky Web|p1a: Alcremie
|-sidestart|p1: Baabu the Hoppip|move: Sticky Web
|move|p1a: Alcremie|Calm Mind|p1a: Alcremie
|-boost|p1a: Alcremie|spa|1
|-boost|p1a: Alcremie|spd|1
|
|upkeep
|turn|2
|
|t:|1769317437
|move|p2a: Galvantula|Thunder Wave|p1a: Alcremie
|-status|p1a: Alcremie|par
|move|p1a: Alcremie|Calm Mind|p1a: Alcremie
|-boost|p1a: Alcremie|spa|1
|-boost|p1a: Alcremie|spd|1
|
|upkeep
|turn|3
|inactive|Battle timer is ON: inactive players will automatically lose when time's up. (requested by Baabu the Hoppip)
|
|t:|1769317451
|switch|p2a: Ogerpon|Ogerpon-Wellspring, F|100/100
|move|p1a: Alcremie|Acid Armor|p1a: Alcremie
|-boost|p1a: Alcremie|def|2
|
|upkeep
|turn|4
|
|t:|1769317458
|-terastallize|p2a: Ogerpon|Water
|detailschange|p2a: Ogerpon|Ogerpon-Wellspring-Tera, F, tera:Water
|-ability|p2a: Ogerpon|Embody Aspect (Wellspring)|boost
|-boost|p2a: Ogerpon|spd|1
|move|p2a: Ogerpon|Ivy Cudgel|p1a: Alcremie|[anim] Ivy Cudgel Water
|-damage|p1a: Alcremie|47/100 par
|-enditem|p1a: Alcremie|Sitrus Berry|[eat]
|-heal|p1a: Alcremie|71/100 par|[from] item: Sitrus Berry
|move|p1a: Alcremie|Alluring Voice|p2a: Ogerpon
|-damage|p2a: Ogerpon|53/100
|-start|p2a: Ogerpon|confusion
|
|upkeep
|turn|5
|
|t:|1769317472
|-activate|p2a: Ogerpon|confusion
|-damage|p2a: Ogerpon|34/100|[from] confusion
|move|p1a: Alcremie|Alluring Voice|p2a: Ogerpon
|-damage|p2a: Ogerpon|0 fnt
|faint|p2a: Ogerpon
|detailschange|p2: Ogerpon|Ogerpon-Wellspring, F|[silent]
|
|upkeep
|
|t:|1769317479
|switch|p2a: Iron Moth|Iron Moth|100/100
|-enditem|p2a: Iron Moth|Booster Energy
|-activate|p2a: Iron Moth|ability: Quark Drive|[fromitem]
|-start|p2a: Iron Moth|quarkdrivespe
|turn|6
|
|t:|1769317486
|move|p2a: Iron Moth|Sludge Wave|p1a: Alcremie
|-supereffective|p1a: Alcremie
|-damage|p1a: Alcremie|40/100 par
|move|p1a: Alcremie|Alluring Voice|p2a: Iron Moth
|-resisted|p2a: Iron Moth
|-damage|p2a: Iron Moth|87/100
|
|upkeep
|turn|7
|
|t:|1769317493
|move|p2a: Iron Moth|Sludge Wave|p1a: Alcremie
|-supereffective|p1a: Alcremie
|-damage|p1a: Alcremie|7/100 par
|cant|p1a: Alcremie|par
|
|upkeep
|turn|8
|
|t:|1769317499
|move|p2a: Iron Moth|Fiery Dance|p1a: Alcremie
|-damage|p1a: Alcremie|0 fnt
|faint|p1a: Alcremie
|
|upkeep
|
|t:|1769317516
|switch|p1a: Cramorant|Cramorant, M|100/100
|turn|9
|
|t:|1769317520
|move|p2a: Iron Moth|Sludge Wave|p1a: Cramorant
|-damage|p1a: Cramorant|66/100
|-status|p1a: Cramorant|psn
|move|p1a: Cramorant|Surf|p2a: Iron Moth
|-formechange|p1a: Cramorant|Cramorant-Gulping|
|-supereffective|p2a: Iron Moth
|-damage|p2a: Iron Moth|35/100
|
|-damage|p1a: Cramorant|53/100 psn|[from] psn
|upkeep
|turn|10
|
|t:|1769317533
|-end|p2a: Iron Moth|Quark Drive|[silent]
|switch|p2a: Galvantula|Galvantula, F|100/100
|move|p1a: Cramorant|Roost|p1a: Cramorant
|-heal|p1a: Cramorant|100/100 psn
|-singleturn|p1a: Cramorant|move: Roost
|
|-damage|p1a: Cramorant|88/100 psn|[from] psn
|upkeep
|turn|11
|
|t:|1769317546
|move|p2a: Galvantula|Thunder|p1a: Cramorant
|-supereffective|p1a: Cramorant
|-damage|p1a: Cramorant|0 fnt
|-damage|p2a: Galvantula|76/100|[from] ability: Gulp Missile|[of] p1a: Cramorant
|-unboost|p2a: Galvantula|def|1
|-formechange|p1a: Cramorant|Cramorant|
|faint|p1a: Cramorant
|
|upkeep
|
|t:|1769317565
|switch|p1a: Arcanine|Arcanine, F|100/100
|-activate|p1a: Arcanine|move: Sticky Web
|-unboost|p1a: Arcanine|spe|1
|-ability|p1a: Arcanine|Intimidate|boost
|-unboost|p2a: Galvantula|atk|1
|turn|12
|
|t:|1769317577
|switch|p2a: Great Tusk|Great Tusk|100/100
|move|p1a: Arcanine|Close Combat|p2a: Great Tusk
|-damage|p2a: Great Tusk|60/100
|-unboost|p1a: Arcanine|def|1
|-unboost|p1a: Arcanine|spd|1
|
|upkeep
|turn|13
|
|t:|1769317586
|switch|p1a: Uxie|Uxie|100/100
|move|p2a: Great Tusk|Headlong Rush|p1a: Uxie
|-immune|p1a: Uxie|[from] ability: Levitate
|
|upkeep
|turn|14
|
|t:|1769317597
|-end|p2a: Great Tusk|Protosynthesis|[silent]
|switch|p2a: Samurott|Samurott-Hisui, M|100/100
|move|p1a: Uxie|Knock Off|p2a: Samurott
|-resisted|p2a: Samurott
|-crit|p2a: Samurott
|-damage|p2a: Samurott|84/100
|-enditem|p2a: Samurott|Black Glasses|[from] move: Knock Off|[of] p1a: Uxie
|
|upkeep
|turn|15
|inactive|Baabu the Hoppip has 120 seconds left.
|
|t:|1769317630
|switch|p1a: Heracross|Heracross, F|100/100
|-activate|p1a: Heracross|move: Sticky Web
|-unboost|p1a: Heracross|spe|1
|move|p2a: Samurott|Ceaseless Edge|p1a: Heracross
|-resisted|p1a: Heracross
|-damage|p1a: Heracross|67/100
|-sidestart|p1: Baabu the Hoppip|Spikes
|
|-status|p1a: Heracross|brn|[from] item: Flame Orb
|upkeep
|turn|16
|inactive|Baabu the Hoppip has 120 seconds left.
|
|t:|1769317652
|move|p2a: Samurott|Aqua Cutter|p1a: Heracross
|-damage|p1a: Heracross|0 fnt
|faint|p1a: Heracross
|
|upkeep
|inactiveoff|Battle timer is now OFF.
|l|☆Baabu the Hoppip
|player|p1|
|inactive|Battle timer is ON: inactive players will automatically lose when time's up. (requested by MrMoseby3500)
|inactive|Baabu the Hoppip has 30 seconds to reconnect!
|inactive|Baabu the Hoppip has 20 seconds to reconnect!
|inactive|Baabu the Hoppip has 15 seconds to reconnect!
|inactive|Baabu the Hoppip has 10 seconds to reconnect!
|inactive|Baabu the Hoppip has 5 seconds to reconnect!
|-message|Baabu the Hoppip lost due to inactivity.
|
|win|MrMoseby3500
|raw|Baabu the Hoppip's rating: 1173 &rarr; <strong>1152</strong><br />(-21 for losing)
|raw|MrMoseby3500's rating: 1229 &rarr; <strong>1250</strong><br />(+21 for winning)
