|j|☆Reeelbadman
|j|☆blueneighborhood
|t:|1769436065
|gametype|singles
|player|p1|Reeelbadman|cynthia-gen4|1395
|player|p2|blueneighborhood|acetrainer-gen4dp|1345
|gen|9
|tier|[Gen 9] OU
|rated|
|rule|HP Percentage Mod: HP is shown in percentages
|rule|Endless Battle Clause: Forcing endless battles is banned
|rule|Species Clause: Limit one of each Pokémon
|rule|OHKO Clause: OHKO moves are banned
|rule|Evasion Items Clause: Evasion items are banned
|rule|Evasion Moves Clause: Evasion moves are banned
|rule|Evasion Abilities Clause: Evasion abilities are banned
|rule|Sleep Moves Clause: Sleep-inducing moves are banned
|clearpoke
|poke|p1|Torterra, M|
|poke|p1|Ninetales-Alola, F|
|poke|p1|Azelf|
|poke|p1|Quaquaval, F|
|poke|p1|Ceruledge, M|
|poke|p1|Iron Crown|
|poke|p2|Garchomp, M|
|poke|p2|Raging Bolt|
|poke|p2|Heatran, F|
|poke|p2|Weezing-Galar, M|
|poke|p2|Weavile, M|
|poke|p2|Primarina, F|
|teampreview
|inactive|Battle timer is ON: inactive players will automatically lose when time's up. (requested by blueneighborhood)
|
|t:|1769436069
|teamsize|p1|6
|teamsize|p2|6
|start
|switch|p1a: Azelf|Azelf, shiny|100/100
|switch|p2a: Weavile|Weavile, M|100/100
|-ability|p2a: Weavile|Pressure
|turn|1
|
|t:|1769436073
|move|p2a: Weavile|Knock Off|p1a: Azelf
|-supereffective|p1a: Azelf
|-enditem|p1a: Azelf|Focus Sash
|-damage|p1a: Azelf|1/100
|move|p1a: Azelf|Explosion|p2a: Weavile
|-enditem|p2a: Weavile|Focus Sash
|-damage|p2a: Weavile|1/100
|faint|p1a: Azelf
|
|upkeep
|
|t:|1769436087
|switch|p1a: Ceruledge|Ceruledge, M|100/100
|turn|2
|
|t:|1769436090
|switch|p2a: Heatran|Heatran, F, shiny|100/100
|move|p1a: Ceruledge|Shadow Sneak|p2a: Heatran
|-damage|p2a: Heatran|82/100
|
|upkeep
|turn|3
|
|t:|1769436095
|switch|p1a: Quaquaval|Quaquaval, F|100/100
|move|p2a: Heatran|Earth Power|p1a: Quaquaval
|-damage|p1a: Quaquaval|75/100
|
|upkeep
|turn|4
|
|t:|1769436098
|switch|p2a: Weezing|Weezing-Galar, M, shiny|100/100
|move|p1a: Quaquaval|Close Combat|p2a: Weezing
|-resisted|p2a: Weezing
|-damage|p2a: Weezing|91/100
|-unboost|p1a: Quaquaval|def|1
|-unboost|p1a: Quaquaval|spd|1
|
|-heal|p2a: Weezing|97/100|[from] item: Black Sludge
|upkeep
|turn|5
|
|t:|1769436101
|switch|p1a: Iron Crown|Iron Crown|100/100
|-enditem|p1a: Iron Crown|Booster Energy
|-activate|p1a: Iron Crown|ability: Quark Drive|[fromitem]
|-start|p1a: Iron Crown|quarkdrivespe
|move|p2a: Weezing|Will-O-Wisp|p1a: Iron Crown
|-status|p1a: Iron Crown|brn
|
|-heal|p2a: Weezing|100/100|[from] item: Black Sludge
|-damage|p1a: Iron Crown|95/100 brn|[from] brn
|upkeep
|turn|6
|
|t:|1769436104
|switch|p2a: Garchomp|Garchomp, M|100/100
|move|p1a: Iron Crown|Calm Mind|p1a: Iron Crown
|-boost|p1a: Iron Crown|spa|1
|-boost|p1a: Iron Crown|spd|1
|
|-damage|p1a: Iron Crown|89/100 brn|[from] brn
|upkeep
|turn|7
|
|t:|1769436107
|move|p2a: Garchomp|Earthquake|p1a: Iron Crown
|-supereffective|p1a: Iron Crown
|-damage|p1a: Iron Crown|0 fnt
|faint|p1a: Iron Crown
|-end|p1a: Iron Crown|Quark Drive|[silent]
|
|upkeep
|
|t:|1769436114
|switch|p1a: Ceruledge|Ceruledge, M|100/100
|turn|8
|
|t:|1769436119
|switch|p2a: Heatran|Heatran, F, shiny|82/100
|move|p1a: Ceruledge|Swords Dance|p1a: Ceruledge
|-boost|p1a: Ceruledge|atk|2
|
|upkeep
|turn|9
|
|t:|1769436122
|move|p1a: Ceruledge|Poltergeist|p2a: Heatran
|-activate|p2a: Heatran|move: Poltergeist|Assault Vest
|-damage|p2a: Heatran|0 fnt
|faint|p2a: Heatran
|
|upkeep
|
|t:|1769436125
|switch|p2a: Garchomp|Garchomp, M|100/100
|turn|10
|
|t:|1769436141
|move|p2a: Garchomp|Earthquake|p1a: Ceruledge
|-supereffective|p1a: Ceruledge
|-enditem|p1a: Ceruledge|Focus Sash
|-damage|p1a: Ceruledge|1/100
|-ability|p1a: Ceruledge|Weak Armor|boost
|-unboost|p1a: Ceruledge|def|1
|-boost|p1a: Ceruledge|spe|2
|move|p1a: Ceruledge|Swords Dance|p1a: Ceruledge
|-boost|p1a: Ceruledge|atk|2
|
|upkeep
|turn|11
|
|t:|1769436145
|move|p1a: Ceruledge|Poltergeist|p2a: Garchomp
|-activate|p2a: Garchomp|move: Poltergeist|Choice Scarf
|-damage|p2a: Garchomp|0 fnt
|faint|p2a: Garchomp
|
|upkeep
|
|t:|1769436147
|switch|p2a: Weavile|Weavile, M|1/100
|-ability|p2a: Weavile|Pressure
|turn|12
|
|t:|1769436149
|move|p1a: Ceruledge|Shadow Sneak|p2a: Weavile
|-resisted|p2a: Weavile
|-damage|p2a: Weavile|0 fnt
|faint|p2a: Weavile
|
|upkeep
|
|t:|1769436152
|switch|p2a: Weezing|Weezing-Galar, M, shiny|100/100
|turn|13
|
|t:|1769436154
|move|p1a: Ceruledge|Bitter Blade|p2a: Weezing
|-damage|p2a: Weezing|11/100
|-heal|p1a: Ceruledge|52/100|[from] drain|[of] p2a: Weezing
|move|p2a: Weezing|Strange Steam|p1a: Ceruledge
|-resisted|p1a: Ceruledge
|-damage|p1a: Ceruledge|37/100
|
|-heal|p2a: Weezing|17/100|[from] item: Black Sludge
|upkeep
|turn|14
|
|t:|1769436157
|move|p1a: Ceruledge|Bitter Blade|p2a: Weezing
|-damage|p2a: Weezing|0 fnt
|-heal|p1a: Ceruledge|47/100|[from] drain|[of] p2a: Weezing
|faint|p2a: Weezing
|
|upkeep
|
|t:|1769436158
|switch|p2a: Raging Bolt|Raging Bolt|100/100
|turn|15
|
|t:|1769436161
|-terastallize|p1a: Ceruledge|Ghost
|move|p1a: Ceruledge|Shadow Sneak|p2a: Raging Bolt
|-damage|p2a: Raging Bolt|30/100
|move|p2a: Raging Bolt|Thunderclap||[still]
|-fail|p2a: Raging Bolt
|
|-heal|p2a: Raging Bolt|36/100|[from] item: Leftovers
|upkeep
|turn|16
|
|t:|1769436165
|move|p1a: Ceruledge|Shadow Sneak|p2a: Raging Bolt
|-damage|p2a: Raging Bolt|0 fnt
|faint|p2a: Raging Bolt
|-end|p2a: Raging Bolt|Protosynthesis|[silent]
|
|upkeep
|-message|blueneighborhood forfeited.
|
|win|Reeelbadman
|raw|Reeelbadman's rating: 1395 &rarr; <strong>1412</strong><br />(+17 for winning)
|raw|blueneighborhood's rating: 1345 &rarr; <strong>1328</strong><br />(-17 for losing)
|l|☆blueneighborhood
|player|p2|
|l|☆Reeelbadman
|player|p1|
