|j|☆ChronosVeros
|j|☆fieryflames123*
|t:|1769295089
|gametype|singles
|player|p1|ChronosVeros|pokemonranger-gen4|1155
|player|p2|fieryflames123*|roxie|1151
|gen|9
|tier|[Gen 9] OU
|rated|
|rule|HP Percentage Mod: HP is shown in percentages
|rule|Endless Battle Clause: Forcing endless battles is banned
|rule|Species Clause: Limit one of each Pokémon
|rule|OHKO Clause: OHKO moves are banned
|rule|Evasion Items Clause: Evasion items are banned
|rule|Evasion Moves Clause: Evasion moves are banned
|rule|Evasion Abilities Clause: Evasion abilities are banned
|rule|Sleep Moves Clause: Sleep-inducing moves are banned
|clearpoke
|poke|p1|Cresselia, F|
|poke|p1|Hydrapple, F|
|poke|p1|Iron Valiant|
|poke|p1|Basculegion, M|
|poke|p1|Thundurus-Therian, M|
|poke|p1|Dragonite, M|
|poke|p2|Infernape, F|
|poke|p2|Typhlosion-Hisui, F|
|poke|p2|Blaziken, M|
|poke|p2|Torkoal, M|
|poke|p2|Heatran, F|
|poke|p2|Delphox, F|
|teampreview
|c|☆fieryflames123*|Easy job.
|
|t:|1769295121
|teamsize|p1|6
|teamsize|p2|6
|start
|switch|p1a: Dragonite|Dragonite, M|100/100
|switch|p2a: Torkoal|Torkoal, M|100/100
|-weather|SunnyDay|[from] ability: Drought|[of] p2a: Torkoal
|turn|1
|
|t:|1769295136
|move|p1a: Dragonite|Dragon Dance|p1a: Dragonite
|-boost|p1a: Dragonite|atk|1
|-boost|p1a: Dragonite|spe|1
|move|p2a: Torkoal|Stealth Rock|p1a: Dragonite
|-sidestart|p1: ChronosVeros|move: Stealth Rock
|
|-weather|SunnyDay|[upkeep]
|upkeep
|turn|2
|
|t:|1769295143
|move|p1a: Dragonite|Dragon Dance|p1a: Dragonite
|-boost|p1a: Dragonite|atk|1
|-boost|p1a: Dragonite|spe|1
|move|p2a: Torkoal|Lava Plume|p1a: Dragonite
|-resisted|p1a: Dragonite
|-damage|p1a: Dragonite|88/100
|-status|p1a: Dragonite|brn
|
|-weather|SunnyDay|[upkeep]
|-damage|p1a: Dragonite|82/100 brn|[from] brn
|upkeep
|turn|3
|
|t:|1769295162
|move|p1a: Dragonite|Dragon Dance|p1a: Dragonite
|-boost|p1a: Dragonite|atk|1
|-boost|p1a: Dragonite|spe|1
|move|p2a: Torkoal|Lava Plume|p1a: Dragonite
|-resisted|p1a: Dragonite
|-damage|p1a: Dragonite|55/100 brn
|
|-weather|SunnyDay|[upkeep]
|-damage|p1a: Dragonite|49/100 brn|[from] brn
|upkeep
|turn|4
|
|t:|1769295172
|move|p1a: Dragonite|Earthquake|p2a: Torkoal
|-supereffective|p2a: Torkoal
|-damage|p2a: Torkoal|28/100
|move|p2a: Torkoal|Lava Plume|p1a: Dragonite
|-resisted|p1a: Dragonite
|-damage|p1a: Dragonite|23/100 brn
|
|-weather|SunnyDay|[upkeep]
|-damage|p1a: Dragonite|17/100 brn|[from] brn
|upkeep
|turn|5
|
|t:|1769295189
|switch|p2a: Heatran|Heatran, F|100/100
|-item|p2a: Heatran|Air Balloon
|move|p1a: Dragonite|Earthquake|p2a: Heatran
|-immune|p2a: Heatran
|
|-weather|SunnyDay|[upkeep]
|-damage|p1a: Dragonite|11/100 brn|[from] brn
|upkeep
|turn|6
|
|t:|1769295202
|switch|p1a: Basculegion|Basculegion, M|100/100
|-damage|p1a: Basculegion|88/100|[from] Stealth Rock
|move|p2a: Heatran|Protect||[still]
|-fail|p2a: Heatran
|
|-weather|SunnyDay|[upkeep]
|upkeep
|turn|7
|
|t:|1769295228
|move|p2a: Heatran|Protect|p2a: Heatran
|-singleturn|p2a: Heatran|Protect
|move|p1a: Basculegion|Flip Turn|p2a: Heatran
|-activate|p2a: Heatran|move: Protect
|
|-weather|SunnyDay|[upkeep]
|upkeep
|turn|8
|
|t:|1769295239
|move|p1a: Basculegion|Flip Turn|p2a: Heatran
|-supereffective|p2a: Heatran
|-damage|p2a: Heatran|70/100
|-enditem|p2a: Heatran|Air Balloon
|
|t:|1769295244
|switch|p1a: Cresselia|Cresselia, F|100/100|[from] Flip Turn
|-damage|p1a: Cresselia|88/100|[from] Stealth Rock
|move|p2a: Heatran|Magma Storm|p1a: Cresselia|[miss]
|-miss|p2a: Heatran|p1a: Cresselia
|
|-weather|none
|upkeep
|turn|9
|
|t:|1769295281
|move|p1a: Cresselia|Reflect|p1a: Cresselia
|-sidestart|p1: ChronosVeros|Reflect
|move|p2a: Heatran|Flash Cannon|p1a: Cresselia
|-damage|p1a: Cresselia|58/100
|
|upkeep
|turn|10
|
|t:|1769295300
|move|p1a: Cresselia|Lunar Dance|p1a: Cresselia
|faint|p1a: Cresselia
|move|p2a: Heatran|Magma Storm|p1: Cresselia|[notarget]
|-fail|p2a: Heatran
|
|upkeep
|
|t:|1769295305
|switch|p1a: Dragonite|Dragonite, M|11/100 brn
|-heal|p1a: Dragonite|100/100|[from] move: Lunar Dance
|turn|11
|c|☆fieryflames123*|Not enough for me
|
|t:|1769295323
|move|p1a: Dragonite|Dragon Dance|p1a: Dragonite
|-boost|p1a: Dragonite|atk|1
|-boost|p1a: Dragonite|spe|1
|move|p2a: Heatran|Magma Storm|p1a: Dragonite|[miss]
|-miss|p2a: Heatran|p1a: Dragonite
|
|upkeep
|turn|12
|
|t:|1769295340
|move|p1a: Dragonite|Dragon Dance|p1a: Dragonite
|-boost|p1a: Dragonite|atk|1
|-boost|p1a: Dragonite|spe|1
|move|p2a: Heatran|Magma Storm|p1a: Dragonite|[miss]
|-miss|p2a: Heatran|p1a: Dragonite
|
|upkeep
|turn|13
|
|t:|1769295348
|move|p1a: Dragonite|Earthquake|p2a: Heatran
|-supereffective|p2a: Heatran
|-damage|p2a: Heatran|0 fnt
|faint|p2a: Heatran
|
|-sideend|p1: ChronosVeros|Reflect
|upkeep
|c|☆ChronosVeros|ouch
|
|t:|1769295356
|switch|p2a: Typhlosion|Typhlosion-Hisui, F|100/100
|turn|14
|inactive|Battle timer is ON: inactive players will automatically lose when time's up. (requested by fieryflames123*)
|
|t:|1769295400
|move|p1a: Dragonite|Earthquake|p2a: Typhlosion
|-supereffective|p2a: Typhlosion
|-enditem|p2a: Typhlosion|Focus Sash
|-damage|p2a: Typhlosion|1/100
|move|p2a: Typhlosion|Endeavor|p1a: Dragonite
|-damage|p1a: Dragonite|1/100
|
|upkeep
|turn|15
|inactive|ChronosVeros has 120 seconds left.
|
|t:|1769295441
|-terastallize|p1a: Dragonite|Normal
|move|p2a: Typhlosion|Quick Attack|p1a: Dragonite
|-damage|p1a: Dragonite|0 fnt
|faint|p1a: Dragonite
|
|upkeep
|
|t:|1769295455
|switch|p1a: Basculegion|Basculegion, M|88/100
|-damage|p1a: Basculegion|76/100|[from] Stealth Rock
|turn|16
|
|t:|1769295466
|move|p2a: Typhlosion|Infernal Parade|p1a: Basculegion
|-supereffective|p1a: Basculegion
|-damage|p1a: Basculegion|43/100
|move|p1a: Basculegion|Crunch|p2a: Typhlosion
|-supereffective|p2a: Typhlosion
|-damage|p2a: Typhlosion|0 fnt
|faint|p2a: Typhlosion
|
|upkeep
|
|t:|1769295476
|switch|p2a: Torkoal|Torkoal, M|28/100
|-weather|SunnyDay|[from] ability: Drought|[of] p2a: Torkoal
|turn|17
|inactive|ChronosVeros has 120 seconds left.
|
|t:|1769295488
|move|p1a: Basculegion|Flip Turn|p2a: Torkoal
|-supereffective|p2a: Torkoal
|-damage|p2a: Torkoal|0 fnt
|faint|p2a: Torkoal
|
|t:|1769295500
|switch|p1a: Hydrapple|Hydrapple, F|100/100|[from] Flip Turn
|-damage|p1a: Hydrapple|88/100|[from] Stealth Rock
|
|-weather|SunnyDay|[upkeep]
|upkeep
|
|t:|1769295525
|switch|p2a: Delphox|Delphox, F|100/100
|turn|18
|inactive|ChronosVeros has 120 seconds left.
|
|t:|1769295531
|move|p2a: Delphox|Trick|p1a: Hydrapple
|-activate|p2a: Delphox|move: Trick|[of] p1a: Hydrapple
|-item|p1a: Hydrapple|Flame Orb|[from] move: Trick
|-item|p2a: Delphox|Choice Specs|[from] move: Trick
|move|p1a: Hydrapple|Earth Power|p2a: Delphox
|-supereffective|p2a: Delphox
|-damage|p2a: Delphox|20/100
|
|-weather|SunnyDay|[upkeep]
|-status|p1a: Hydrapple|brn|[from] item: Flame Orb
|upkeep
|turn|19
|
|t:|1769295542
|move|p2a: Delphox|Flamethrower|p1a: Hydrapple
|-damage|p1a: Hydrapple|0 fnt
|faint|p1a: Hydrapple
|
|-weather|SunnyDay|[upkeep]
|upkeep
|inactive|ChronosVeros has 120 seconds left.
|
|t:|1769295564
|switch|p1a: Thundurus|Thundurus-Therian, M|100/100
|-damage|p1a: Thundurus|76/100|[from] Stealth Rock
|turn|20
|
|t:|1769295568
|move|p1a: Thundurus|Psychic|p2a: Delphox
|-resisted|p2a: Delphox
|-damage|p2a: Delphox|0 fnt
|faint|p2a: Delphox
|
|-weather|SunnyDay|[upkeep]
|upkeep
|
|t:|1769295578
|switch|p2a: Infernape|Infernape, F|100/100
|turn|21
|
|t:|1769295583
|move|p1a: Thundurus|Psychic|p2a: Infernape
|-supereffective|p2a: Infernape
|-enditem|p2a: Infernape|Focus Sash
|-damage|p2a: Infernape|1/100
|move|p2a: Infernape|Flare Blitz|p1a: Thundurus
|-damage|p1a: Thundurus|0 fnt
|faint|p1a: Thundurus
|-damage|p2a: Infernape|0 fnt|[from] Recoil
|faint|p2a: Infernape
|
|-weather|SunnyDay|[upkeep]
|upkeep
|
|t:|1769295598
|switch|p2a: Blaziken|Blaziken, M, shiny|100/100
|switch|p1a: Basculegion|Basculegion, M|43/100
|-damage|p1a: Basculegion|30/100|[from] Stealth Rock
|turn|22
|
|t:|1769295607
|move|p2a: Blaziken|Protect|p2a: Blaziken
|-singleturn|p2a: Blaziken|Protect
|move|p1a: Basculegion|Wave Crash|p2a: Blaziken
|-activate|p2a: Blaziken|move: Protect
|
|-weather|SunnyDay|[upkeep]
|-ability|p2a: Blaziken|Speed Boost|boost
|-boost|p2a: Blaziken|spe|1
|upkeep
|turn|23
|
|t:|1769295623
|move|p2a: Blaziken|Swords Dance|p2a: Blaziken
|-boost|p2a: Blaziken|atk|2
|move|p1a: Basculegion|Wave Crash|p2a: Blaziken
|-supereffective|p2a: Blaziken
|-enditem|p2a: Blaziken|Focus Sash
|-damage|p2a: Blaziken|1/100
|-damage|p1a: Basculegion|7/100|[from] Recoil
|
|-weather|SunnyDay|[upkeep]
|-ability|p2a: Blaziken|Speed Boost|boost
|-boost|p2a: Blaziken|spe|1
|upkeep
|turn|24
|
|t:|1769295639
|move|p2a: Blaziken|Protect|p2a: Blaziken
|-singleturn|p2a: Blaziken|Protect
|move|p1a: Basculegion|Flip Turn|p2a: Blaziken
|-activate|p2a: Blaziken|move: Protect
|
|-weather|none
|-ability|p2a: Blaziken|Speed Boost|boost
|-boost|p2a: Blaziken|spe|1
|upkeep
|turn|25
|c|☆ChronosVeros|gg
|
|t:|1769295654
|-terastallize|p2a: Blaziken|Ghost
|move|p2a: Blaziken|Fire Punch|p1a: Basculegion
|-resisted|p1a: Basculegion
|-damage|p1a: Basculegion|0 fnt
|faint|p1a: Basculegion
|
|-ability|p2a: Blaziken|Speed Boost|boost
|-boost|p2a: Blaziken|spe|1
|upkeep
|
|t:|1769295662
|switch|p1a: Iron Valiant|Iron Valiant|100/100
|-damage|p1a: Iron Valiant|94/100|[from] Stealth Rock
|turn|26
|
|t:|1769295667
|move|p2a: Blaziken|Fire Punch|p1a: Iron Valiant
|-damage|p1a: Iron Valiant|0 fnt
|faint|p1a: Iron Valiant
|-end|p1a: Iron Valiant|Quark Drive|[silent]
|
|win|fieryflames123*
|raw|ChronosVeros's rating: 1155 &rarr; <strong>1130</strong><br />(-25 for losing)
|raw|fieryflames123*'s rating: 1151 &rarr; <strong>1176</strong><br />(+25 for winning)
|c|☆fieryflames123*|Gg
|l|☆fieryflames123*
|player|p2|
|l|☆ChronosVeros
|player|p1|
