|j|☆ricandco
|j|☆Soft Wock
|t:|1769444746
|gametype|singles
|player|p1|ricandco|acetrainer|1326
|player|p2|Soft Wock|picnicker|1360
|gen|9
|tier|[Gen 9] OU
|rated|
|rule|HP Percentage Mod: HP is shown in percentages
|rule|Endless Battle Clause: Forcing endless battles is banned
|rule|Species Clause: Limit one of each Pokémon
|rule|OHKO Clause: OHKO moves are banned
|rule|Evasion Items Clause: Evasion items are banned
|rule|Evasion Moves Clause: Evasion moves are banned
|rule|Evasion Abilities Clause: Evasion abilities are banned
|rule|Sleep Moves Clause: Sleep-inducing moves are banned
|clearpoke
|poke|p1|Pelipper, F|
|poke|p1|Kingdra, M|
|poke|p1|Barraskewda, M|
|poke|p1|Zapdos|
|poke|p1|Azumarill, F|
|poke|p1|Deoxys-Speed|
|poke|p2|Ninetales, F|
|poke|p2|Walking Wake|
|poke|p2|Slither Wing|
|poke|p2|Cinderace, M|
|poke|p2|Ceruledge, M|
|poke|p2|Torkoal, F|
|teampreview
|inactive|Battle timer is ON: inactive players will automatically lose when time's up. (requested by ricandco)
|inactive|Soft Wock also wants the timer to be on.
|
|t:|1769444756
|teamsize|p1|6
|teamsize|p2|6
|start
|switch|p1a: Deoxys|Deoxys-Speed|100/100
|switch|p2a: Walking Wake|Walking Wake|100/100
|-ability|p1a: Deoxys|Pressure
|turn|1
|
|t:|1769444764
|move|p1a: Deoxys|Thunder Wave|p2a: Walking Wake
|-status|p2a: Walking Wake|par
|cant|p2a: Walking Wake|par
|
|upkeep
|turn|2
|
|t:|1769444769
|move|p1a: Deoxys|Stealth Rock|p2a: Walking Wake
|-sidestart|p2: Soft Wock|move: Stealth Rock
|move|p2a: Walking Wake|Draco Meteor|p1a: Deoxys
|-enditem|p1a: Deoxys|Focus Sash
|-damage|p1a: Deoxys|1/100
|-unboost|p2a: Walking Wake|spa|2
|
|upkeep
|turn|3
|
|t:|1769444780
|switch|p1a: Azumarill|Azumarill, F|100/100
|-end|p2a: Walking Wake|Protosynthesis|[silent]
|switch|p2a: Torkoal|Torkoal, F|100/100
|-damage|p2a: Torkoal|76/100|[from] Stealth Rock
|-weather|SunnyDay|[from] ability: Drought|[of] p2a: Torkoal
|
|-weather|SunnyDay|[upkeep]
|upkeep
|turn|4
|
|t:|1769444789
|switch|p1a: Pelipper|Pelipper, F|100/100
|-weather|RainDance|[from] ability: Drizzle|[of] p1a: Pelipper
|move|p2a: Torkoal|Will-O-Wisp|p1a: Pelipper
|-status|p1a: Pelipper|brn
|
|-weather|RainDance|[upkeep]
|-damage|p1a: Pelipper|94/100 brn|[from] brn
|upkeep
|turn|5
|
|t:|1769444800
|move|p1a: Pelipper|Hurricane|p2a: Torkoal
|-damage|p2a: Torkoal|27/100
|move|p2a: Torkoal|Rapid Spin|p1a: Pelipper
|-damage|p1a: Pelipper|88/100 brn
|-boost|p2a: Torkoal|spe|1
|-sideend|p2: Soft Wock|Stealth Rock|[from] move: Rapid Spin|[of] p2a: Torkoal
|
|-weather|RainDance|[upkeep]
|-damage|p1a: Pelipper|81/100 brn|[from] brn
|upkeep
|turn|6
|
|t:|1769444808
|move|p1a: Pelipper|Hurricane|p2a: Torkoal
|-damage|p2a: Torkoal|0 fnt
|faint|p2a: Torkoal
|
|-weather|RainDance|[upkeep]
|-damage|p1a: Pelipper|75/100 brn|[from] brn
|upkeep
|
|t:|1769444835
|switch|p2a: Ceruledge|Ceruledge, M|100/100
|turn|7
|
|t:|1769444841
|move|p2a: Ceruledge|Swords Dance|p2a: Ceruledge
|-boost|p2a: Ceruledge|atk|2
|move|p1a: Pelipper|Weather Ball|p2a: Ceruledge
|-supereffective|p2a: Ceruledge
|-enditem|p2a: Ceruledge|Focus Sash
|-damage|p2a: Ceruledge|1/100
|
|-weather|RainDance|[upkeep]
|-damage|p1a: Pelipper|69/100 brn|[from] brn
|upkeep
|turn|8
|
|t:|1769444856
|switch|p1a: Azumarill|Azumarill, F|100/100
|move|p2a: Ceruledge|Close Combat|p1a: Azumarill
|-resisted|p1a: Azumarill
|-damage|p1a: Azumarill|53/100
|-unboost|p2a: Ceruledge|def|1
|-unboost|p2a: Ceruledge|spd|1
|
|-weather|RainDance|[upkeep]
|upkeep
|turn|9
|
|t:|1769444864
|move|p2a: Ceruledge|Shadow Sneak|p1a: Azumarill
|-damage|p1a: Azumarill|9/100
|move|p1a: Azumarill|Aqua Jet|p2a: Ceruledge
|-supereffective|p2a: Ceruledge
|-damage|p2a: Ceruledge|0 fnt
|faint|p2a: Ceruledge
|
|-weather|RainDance|[upkeep]
|upkeep
|
|t:|1769444873
|switch|p2a: Cinderace|Cinderace, M|100/100
|turn|10
|
|t:|1769444885
|switch|p1a: Kingdra|Kingdra, M|100/100
|move|p2a: Cinderace|Pyro Ball|p1a: Kingdra
|-resisted|p1a: Kingdra
|-damage|p1a: Kingdra|93/100
|
|-weather|RainDance|[upkeep]
|upkeep
|turn|11
|
|t:|1769444894
|switch|p2a: Ninetales|Ninetales, F|100/100
|-weather|SunnyDay|[from] ability: Drought|[of] p2a: Ninetales
|move|p1a: Kingdra|Weather Ball|p2a: Ninetales
|-resisted|p2a: Ninetales
|-crit|p2a: Ninetales
|-damage|p2a: Ninetales|39/100
|
|-weather|SunnyDay|[upkeep]
|upkeep
|turn|12
|
|t:|1769444908
|switch|p2a: Walking Wake|Walking Wake|100/100 par
|-activate|p2a: Walking Wake|ability: Protosynthesis
|-start|p2a: Walking Wake|protosynthesisspa
|move|p1a: Kingdra|Weather Ball|p2a: Walking Wake
|-resisted|p2a: Walking Wake
|-damage|p2a: Walking Wake|82/100 par
|
|-weather|SunnyDay|[upkeep]
|upkeep
|turn|13
|
|t:|1769444922
|switch|p1a: Pelipper|Pelipper, F|69/100 brn
|-weather|RainDance|[from] ability: Drizzle|[of] p1a: Pelipper
|-end|p2a: Walking Wake|Protosynthesis
|move|p2a: Walking Wake|Hydro Steam|p1a: Pelipper
|-resisted|p1a: Pelipper
|-damage|p1a: Pelipper|1/100 brn
|
|-weather|RainDance|[upkeep]
|-damage|p1a: Pelipper|0 fnt|[from] brn
|faint|p1a: Pelipper
|upkeep
|
|t:|1769444935
|switch|p1a: Deoxys|Deoxys-Speed|1/100
|-ability|p1a: Deoxys|Pressure
|turn|14
|
|t:|1769444940
|-end|p2a: Walking Wake|Protosynthesis|[silent]
|switch|p2a: Cinderace|Cinderace, M|100/100
|move|p1a: Deoxys|Stealth Rock|p2a: Cinderace
|-sidestart|p2: Soft Wock|move: Stealth Rock
|
|-weather|RainDance|[upkeep]
|upkeep
|turn|15
|
|t:|1769444946
|move|p2a: Cinderace|Sucker Punch||[still]
|-fail|p2a: Cinderace
|move|p1a: Deoxys|Thunder Wave|p2a: Cinderace
|-status|p2a: Cinderace|par
|
|-weather|RainDance|[upkeep]
|upkeep
|turn|16
|
|t:|1769444952
|move|p1a: Deoxys|Spikes|p2a: Cinderace
|-sidestart|p2: Soft Wock|Spikes
|move|p2a: Cinderace|Court Change|p2a: Cinderace
|-start|p2a: Cinderace|typechange|Normal|[from] ability: Libero
|-swapsideconditions
|-activate|p2a: Cinderace|move: Court Change
|
|-weather|RainDance|[upkeep]
|upkeep
|turn|17
|
|t:|1769444962
|move|p1a: Deoxys|Knock Off|p2a: Cinderace
|-damage|p2a: Cinderace|63/100 par
|-enditem|p2a: Cinderace|Heavy-Duty Boots|[from] move: Knock Off|[of] p1a: Deoxys
|move|p2a: Cinderace|U-turn|p1a: Deoxys
|-supereffective|p1a: Deoxys
|-damage|p1a: Deoxys|0 fnt
|faint|p1a: Deoxys
|
|t:|1769444970
|switch|p2a: Ninetales|Ninetales, F|39/100|[from] U-turn
|-weather|SunnyDay|[from] ability: Drought|[of] p2a: Ninetales
|
|-weather|SunnyDay|[upkeep]
|upkeep
|
|t:|1769444977
|switch|p1a: Kingdra|Kingdra, M|93/100
|-damage|p1a: Kingdra|80/100|[from] Stealth Rock
|-damage|p1a: Kingdra|68/100|[from] Spikes
|turn|18
|
|t:|1769444983
|move|p2a: Ninetales|Healing Wish|p2a: Ninetales
|faint|p2a: Ninetales
|move|p1a: Kingdra|Draco Meteor|p2: Ninetales|[notarget]
|-fail|p1a: Kingdra
|
|-weather|SunnyDay|[upkeep]
|upkeep
|
|t:|1769444986
|switch|p2a: Walking Wake|Walking Wake|82/100 par
|-heal|p2a: Walking Wake|100/100|[from] move: Healing Wish
|-activate|p2a: Walking Wake|ability: Protosynthesis
|-start|p2a: Walking Wake|protosynthesisspa
|turn|19
|
|t:|1769444994
|switch|p1a: Azumarill|Azumarill, F|9/100
|-damage|p1a: Azumarill|0 fnt|[from] Stealth Rock
|faint|p1a: Azumarill
|move|p2a: Walking Wake|Hydro Steam|p1: Azumarill|[notarget]
|-fail|p2a: Walking Wake
|
|-weather|SunnyDay|[upkeep]
|upkeep
|
|t:|1769445003
|switch|p1a: Zapdos|Zapdos|100/100
|-damage|p1a: Zapdos|76/100|[from] Stealth Rock
|turn|20
|
|t:|1769445022
|-terastallize|p1a: Zapdos|Steel
|-terastallize|p2a: Walking Wake|Water
|move|p1a: Zapdos|Hurricane|p2a: Walking Wake
|-damage|p2a: Walking Wake|31/100
|move|p2a: Walking Wake|Hydro Steam|p1a: Zapdos
|-damage|p1a: Zapdos|0 fnt
|faint|p1a: Zapdos
|
|-weather|SunnyDay|[upkeep]
|upkeep
|
|t:|1769445031
|switch|p1a: Kingdra|Kingdra, M|68/100
|-damage|p1a: Kingdra|56/100|[from] Stealth Rock
|-damage|p1a: Kingdra|43/100|[from] Spikes
|turn|21
|
|t:|1769445037
|move|p2a: Walking Wake|Hydro Steam|p1a: Kingdra
|-resisted|p1a: Kingdra
|-damage|p1a: Kingdra|0 fnt
|faint|p1a: Kingdra
|
|-weather|SunnyDay|[upkeep]
|upkeep
|
|t:|1769445043
|switch|p1a: Barraskewda|Barraskewda, M|100/100
|-damage|p1a: Barraskewda|88/100|[from] Stealth Rock
|-damage|p1a: Barraskewda|75/100|[from] Spikes
|turn|22
|
|t:|1769445048
|move|p1a: Barraskewda|Liquidation|p2a: Walking Wake
|-resisted|p2a: Walking Wake
|-damage|p2a: Walking Wake|16/100
|-damage|p1a: Barraskewda|66/100|[from] item: Life Orb
|move|p2a: Walking Wake|Hydro Steam|p1a: Barraskewda
|-resisted|p1a: Barraskewda
|-damage|p1a: Barraskewda|0 fnt
|faint|p1a: Barraskewda
|
|win|Soft Wock
|raw|ricandco's rating: 1326 &rarr; <strong>1308</strong><br />(-18 for losing)
|raw|Soft Wock's rating: 1360 &rarr; <strong>1378</strong><br />(+18 for winning)
