|j|☆halaman95
|j|☆Hybbridd
|t:|1769312641
|gametype|singles
|player|p1|halaman95|265|1630
|player|p2|Hybbridd|lucas-gen4pt|1701
|gen|9
|tier|[Gen 9] OU
|rated|
|rule|HP Percentage Mod: HP is shown in percentages
|rule|Endless Battle Clause: Forcing endless battles is banned
|rule|Species Clause: Limit one of each Pokémon
|rule|OHKO Clause: OHKO moves are banned
|rule|Evasion Items Clause: Evasion items are banned
|rule|Evasion Moves Clause: Evasion moves are banned
|rule|Evasion Abilities Clause: Evasion abilities are banned
|rule|Sleep Moves Clause: Sleep-inducing moves are banned
|clearpoke
|poke|p1|Great Tusk|
|poke|p1|Dragapult, F|
|poke|p1|Dragonite, M|
|poke|p1|Kleavor, F|
|poke|p1|Ribombee, F|
|poke|p1|Gholdengo|
|poke|p2|Landorus-Therian, M|
|poke|p2|Samurott-Hisui, M|
|poke|p2|Pecharunt|
|poke|p2|Scizor, F|
|poke|p2|Latios, M|
|poke|p2|Zamazenta-*|
|teampreview
|inactive|Battle timer is ON: inactive players will automatically lose when time's up. (requested by halaman95)
|
|t:|1769312655
|teamsize|p1|6
|teamsize|p2|6
|start
|switch|p1a: Ribombee|Ribombee, F|100/100
|switch|p2a: Scizor|Scizor, F|100/100
|turn|1
|
|t:|1769312663
|move|p2a: Scizor|Bullet Punch|p1a: Ribombee
|-supereffective|p1a: Ribombee
|-enditem|p1a: Ribombee|Focus Sash
|-damage|p1a: Ribombee|1/100
|move|p1a: Ribombee|Sticky Web|p2a: Scizor
|-sidestart|p2: Hybbridd|move: Sticky Web
|
|upkeep
|turn|2
|
|t:|1769312679
|switch|p1a: Great Tusk|Great Tusk|100/100
|-enditem|p1a: Great Tusk|Booster Energy
|-activate|p1a: Great Tusk|ability: Protosynthesis|[fromitem]
|-start|p1a: Great Tusk|protosynthesisatk
|move|p2a: Scizor|Bullet Punch|p1a: Great Tusk
|-damage|p1a: Great Tusk|74/100
|
|upkeep
|turn|3
|
|t:|1769312683
|switch|p2a: Landorus|Landorus-Therian, M|100/100
|-ability|p2a: Landorus|Intimidate|boost
|-unboost|p1a: Great Tusk|atk|1
|move|p1a: Great Tusk|Headlong Rush|p2a: Landorus
|-immune|p2a: Landorus
|
|upkeep
|turn|4
|
|t:|1769312687
|move|p2a: Landorus|U-turn|p1a: Great Tusk
|-resisted|p1a: Great Tusk
|-damage|p1a: Great Tusk|66/100
|
|t:|1769312689
|switch|p2a: Pecharunt|Pecharunt|100/100|[from] U-turn
|move|p1a: Great Tusk|Ice Spinner|p2a: Pecharunt
|-damage|p2a: Pecharunt|85/100
|
|upkeep
|turn|5
|
|t:|1769312693
|move|p2a: Pecharunt|Parting Shot|p1a: Great Tusk
|-unboost|p1a: Great Tusk|atk|1
|-unboost|p1a: Great Tusk|spa|1
|
|t:|1769312694
|switch|p2a: Landorus|Landorus-Therian, M|100/100|[from] Parting Shot
|-ability|p2a: Landorus|Intimidate|boost
|-unboost|p1a: Great Tusk|atk|1
|move|p1a: Great Tusk|Ice Spinner|p2a: Landorus
|-supereffective|p2a: Landorus
|-damage|p2a: Landorus|43/100
|-damage|p1a: Great Tusk|50/100|[from] item: Rocky Helmet|[of] p2a: Landorus
|
|upkeep
|turn|6
|
|t:|1769312700
|move|p2a: Landorus|U-turn|p1a: Great Tusk
|-resisted|p1a: Great Tusk
|-damage|p1a: Great Tusk|41/100
|
|t:|1769312701
|switch|p2a: Pecharunt|Pecharunt|85/100|[from] U-turn
|move|p1a: Great Tusk|Ice Spinner|p2a: Pecharunt
|-crit|p2a: Pecharunt
|-damage|p2a: Pecharunt|51/100
|
|upkeep
|turn|7
|
|t:|1769312704
|move|p2a: Pecharunt|Recover|p2a: Pecharunt
|-heal|p2a: Pecharunt|100/100
|move|p1a: Great Tusk|Headlong Rush|p2a: Pecharunt
|-supereffective|p2a: Pecharunt
|-damage|p2a: Pecharunt|64/100
|-unboost|p1a: Great Tusk|def|1
|-unboost|p1a: Great Tusk|spd|1
|
|upkeep
|turn|8
|
|t:|1769312717
|move|p2a: Pecharunt|Shadow Ball|p1a: Great Tusk
|-damage|p1a: Great Tusk|0 fnt
|faint|p1a: Great Tusk
|-end|p1a: Great Tusk|Protosynthesis|[silent]
|
|upkeep
|
|t:|1769312723
|switch|p1a: Dragapult|Dragapult, F|100/100
|turn|9
|
|t:|1769312732
|switch|p2a: Samurott|Samurott-Hisui, M|100/100
|-activate|p2a: Samurott|move: Sticky Web
|-unboost|p2a: Samurott|spe|1
|move|p1a: Dragapult|Shadow Ball|p2a: Samurott
|-resisted|p2a: Samurott
|-damage|p2a: Samurott|77/100
|-damage|p1a: Dragapult|91/100|[from] item: Life Orb
|
|upkeep
|turn|10
|
|t:|1769312738
|move|p1a: Dragapult|Dragon Darts|p2a: Samurott
|-damage|p2a: Samurott|40/100
|-anim|p1a: Dragapult|Dragon Darts|p2a: Samurott
|-damage|p2a: Samurott|0 fnt
|faint|p2a: Samurott
|-damage|p1a: Dragapult|81/100|[from] item: Life Orb
|
|upkeep
|inactive|Hybbridd has 120 seconds left.
|
|t:|1769312772
|switch|p2a: Scizor|Scizor, F|100/100
|turn|11
|
|t:|1769312775
|move|p2a: Scizor|Bullet Punch|p1a: Dragapult
|-damage|p1a: Dragapult|34/100
|move|p1a: Dragapult|Fire Blast|p2a: Scizor
|-supereffective|p2a: Scizor
|-damage|p2a: Scizor|0 fnt
|faint|p2a: Scizor
|-damage|p1a: Dragapult|24/100|[from] item: Life Orb
|
|upkeep
|inactive|Hybbridd has 120 seconds left.
|
|t:|1769312803
|switch|p2a: Latios|Latios, M|100/100
|turn|12
|
|t:|1769312808
|-terastallize|p2a: Latios|Steel
|move|p1a: Dragapult|Dragon Darts|p2a: Latios
|-resisted|p2a: Latios
|-damage|p2a: Latios|78/100
|-anim|p1a: Dragapult|Dragon Darts|p2a: Latios
|-resisted|p2a: Latios
|-damage|p2a: Latios|55/100
|-damage|p1a: Dragapult|14/100|[from] item: Life Orb
|move|p2a: Latios|Psychic Noise|p1a: Dragapult
|-damage|p1a: Dragapult|0 fnt
|faint|p1a: Dragapult
|
|upkeep
|
|t:|1769312831
|switch|p1a: Gholdengo|Gholdengo|100/100
|-item|p1a: Gholdengo|Air Balloon
|turn|13
|
|t:|1769312837
|switch|p2a: Landorus|Landorus-Therian, M|43/100
|-ability|p2a: Landorus|Intimidate|boost
|-unboost|p1a: Gholdengo|atk|1
|move|p1a: Gholdengo|Shadow Ball|p2a: Landorus
|-damage|p2a: Landorus|7/100
|-unboost|p2a: Landorus|spd|1
|
|upkeep
|turn|14
|j| guanidoo
|
|t:|1769312849
|switch|p1a: Ribombee|Ribombee, F|1/100
|move|p2a: Landorus|U-turn|p1a: Ribombee
|-resisted|p1a: Ribombee
|-damage|p1a: Ribombee|0 fnt
|faint|p1a: Ribombee
|l| guanidoo
|
|t:|1769312854
|switch|p2a: Pecharunt|Pecharunt|64/100|[from] U-turn
|
|upkeep
|
|t:|1769312859
|switch|p1a: Gholdengo|Gholdengo|100/100
|-item|p1a: Gholdengo|Air Balloon
|turn|15
|
|t:|1769312862
|move|p2a: Pecharunt|Shadow Ball|p1a: Gholdengo
|-supereffective|p1a: Gholdengo
|-damage|p1a: Gholdengo|51/100
|-unboost|p1a: Gholdengo|spd|1
|-enditem|p1a: Gholdengo|Air Balloon
|move|p1a: Gholdengo|Shadow Ball|p2a: Pecharunt
|-supereffective|p2a: Pecharunt
|-damage|p2a: Pecharunt|0 fnt
|faint|p2a: Pecharunt
|
|upkeep
|
|t:|1769312865
|switch|p2a: Landorus|Landorus-Therian, M|7/100
|-ability|p2a: Landorus|Intimidate|boost
|-unboost|p1a: Gholdengo|atk|1
|turn|16
|
|t:|1769312874
|move|p2a: Landorus|Earthquake|p1a: Gholdengo
|-supereffective|p1a: Gholdengo
|-damage|p1a: Gholdengo|0 fnt
|faint|p1a: Gholdengo
|
|upkeep
|
|t:|1769312881
|switch|p1a: Kleavor|Kleavor, F|100/100
|turn|17
|
|t:|1769312890
|move|p2a: Landorus|Earthquake|p1a: Kleavor
|-damage|p1a: Kleavor|42/100
|move|p1a: Kleavor|Stone Axe|p2a: Landorus
|-damage|p2a: Landorus|0 fnt
|-damage|p1a: Kleavor|26/100|[from] item: Rocky Helmet|[of] p2a: Landorus
|-sidestart|p2: Hybbridd|move: Stealth Rock
|faint|p2a: Landorus
|
|upkeep
|
|t:|1769312896
|switch|p2a: Zamazenta|Zamazenta|100/100
|-activate|p2a: Zamazenta|move: Sticky Web
|-unboost|p2a: Zamazenta|spe|1
|-damage|p2a: Zamazenta|94/100|[from] Stealth Rock
|-ability|p2a: Zamazenta|Dauntless Shield|boost
|-boost|p2a: Zamazenta|def|1
|turn|18
|
|t:|1769312907
|switch|p1a: Dragonite|Dragonite, M, shiny|100/100
|move|p2a: Zamazenta|Iron Defense|p2a: Zamazenta
|-boost|p2a: Zamazenta|def|2
|
|-heal|p2a: Zamazenta|100/100|[from] item: Leftovers
|upkeep
|turn|19
|
|t:|1769312911
|move|p1a: Dragonite|Encore|p2a: Zamazenta
|-start|p2a: Zamazenta|Encore
|move|p2a: Zamazenta|Iron Defense|p2a: Zamazenta
|-boost|p2a: Zamazenta|def|2
|
|upkeep
|turn|20
|
|t:|1769312916
|switch|p2a: Latios|Latios, M, tera:Steel|55/100
|-damage|p2a: Latios|49/100|[from] Stealth Rock
|move|p1a: Dragonite|Dragon Dance|p1a: Dragonite
|-boost|p1a: Dragonite|atk|1
|-boost|p1a: Dragonite|spe|1
|
|upkeep
|turn|21
|
|t:|1769312921
|-terastallize|p1a: Dragonite|Fire
|move|p1a: Dragonite|Fire Punch|p2a: Latios
|-supereffective|p2a: Latios
|-damage|p2a: Latios|0 fnt
|faint|p2a: Latios
|
|upkeep
|
|t:|1769312925
|switch|p2a: Zamazenta|Zamazenta|100/100
|-activate|p2a: Zamazenta|move: Sticky Web
|-unboost|p2a: Zamazenta|spe|1
|-damage|p2a: Zamazenta|94/100|[from] Stealth Rock
|turn|22
|
|t:|1769312934
|move|p1a: Dragonite|Dragon Dance|p1a: Dragonite
|-boost|p1a: Dragonite|atk|1
|-boost|p1a: Dragonite|spe|1
|move|p2a: Zamazenta|Roar|p1a: Dragonite
|drag|p1a: Kleavor|Kleavor, F|26/100
|
|-heal|p2a: Zamazenta|100/100|[from] item: Leftovers
|upkeep
|turn|23
|
|t:|1769312944
|move|p1a: Kleavor|Aerial Ace|p2a: Zamazenta
|-supereffective|p2a: Zamazenta
|-damage|p2a: Zamazenta|53/100
|move|p2a: Zamazenta|Body Press|p1a: Kleavor
|-damage|p1a: Kleavor|0 fnt
|faint|p1a: Kleavor
|
|-heal|p2a: Zamazenta|60/100|[from] item: Leftovers
|upkeep
|
|t:|1769312949
|switch|p1a: Dragonite|Dragonite, M, shiny, tera:Fire|100/100
|turn|24
|
|t:|1769312955
|move|p2a: Zamazenta|Body Press|p1a: Dragonite
|-damage|p1a: Dragonite|79/100
|move|p1a: Dragonite|Dragon Dance|p1a: Dragonite
|-boost|p1a: Dragonite|atk|1
|-boost|p1a: Dragonite|spe|1
|
|-heal|p2a: Zamazenta|66/100|[from] item: Leftovers
|upkeep
|turn|25
|
|t:|1769312962
|move|p1a: Dragonite|Fire Punch|p2a: Zamazenta
|-damage|p2a: Zamazenta|19/100
|move|p2a: Zamazenta|Body Press|p1a: Dragonite
|-damage|p1a: Dragonite|39/100
|
|-heal|p2a: Zamazenta|25/100|[from] item: Leftovers
|upkeep
|turn|26
|-message|Hybbridd forfeited.
|
|win|halaman95
|raw|halaman95's rating: 1630 &rarr; <strong>1654</strong><br />(+24 for winning)
|raw|Hybbridd's rating: 1701 &rarr; <strong>1677</strong><br />(-24 for losing)
|l|☆Hybbridd
|player|p2|
|l|☆halaman95
|player|p1|
