|j|☆FdePerro28
|j|☆sohart
|t:|1769344714
|gametype|singles
|player|p1|FdePerro28|firebreather|
|player|p2|sohart|cynthia-gen4|
|gen|9
|tier|[Gen 9] OU
|rule|HP Percentage Mod: HP is shown in percentages
|rule|Endless Battle Clause: Forcing endless battles is banned
|rule|Species Clause: Limit one of each Pokémon
|rule|OHKO Clause: OHKO moves are banned
|rule|Evasion Items Clause: Evasion items are banned
|rule|Evasion Moves Clause: Evasion moves are banned
|rule|Evasion Abilities Clause: Evasion abilities are banned
|rule|Sleep Moves Clause: Sleep-inducing moves are banned
|clearpoke
|poke|p1|Alomomola, M|
|poke|p1|Hatterene, F|
|poke|p1|Ninetales-Alola, F|
|poke|p1|Conkeldurr, M|
|poke|p1|Arcanine-Hisui, M|
|poke|p1|Incineroar, M|
|poke|p2|Alomomola, M|
|poke|p2|Glimmora, F|
|poke|p2|Sinistcha-Masterpiece|
|poke|p2|Skeledirge, F|
|poke|p2|Ting-Lu|
|poke|p2|Iron Hands|
|teampreview
|c|☆FdePerro28|glhf
|
|t:|1769344739
|teamsize|p1|6
|teamsize|p2|6
|start
|switch|p1a: Mata abuelas|Incineroar, M|100/100
|switch|p2a: Ting-Lu|Ting-Lu|100/100
|-ability|p1a: Mata abuelas|Intimidate|boost
|-unboost|p2a: Ting-Lu|atk|1
|-ability|p2a: Ting-Lu|Vessel of Ruin
|turn|1
|
|t:|1769344753
|move|p1a: Mata abuelas|Parting Shot|p2a: Ting-Lu
|-unboost|p2a: Ting-Lu|atk|1
|-unboost|p2a: Ting-Lu|spa|1
|
|t:|1769344761
|switch|p1a: Kayako Saeki|Ninetales-Alola, F|100/100|[from] Parting Shot
|-weather|Snowscape|[from] ability: Snow Warning|[of] p1a: Kayako Saeki
|move|p2a: Ting-Lu|Stealth Rock|p1a: Kayako Saeki
|-sidestart|p1: FdePerro28|move: Stealth Rock
|
|-weather|Snowscape|[upkeep]
|upkeep
|turn|2
|
|t:|1769344792
|switch|p2a: Iron Hands|Iron Hands|100/100
|-enditem|p2a: Iron Hands|Booster Energy
|-activate|p2a: Iron Hands|ability: Quark Drive|[fromitem]
|-start|p2a: Iron Hands|quarkdriveatk
|move|p1a: Kayako Saeki|Aurora Veil|p1a: Kayako Saeki
|-sidestart|p1: FdePerro28|move: Aurora Veil
|
|-weather|Snowscape|[upkeep]
|upkeep
|turn|3
|
|t:|1769344806
|switch|p1a: Bacalao|Alomomola, M|100/100
|-damage|p1a: Bacalao|88/100|[from] Stealth Rock
|move|p2a: Iron Hands|Fake Out|p1a: Bacalao
|-damage|p1a: Bacalao|83/100
|-damage|p2a: Iron Hands|84/100|[from] item: Rocky Helmet|[of] p1a: Bacalao
|
|-weather|Snowscape|[upkeep]
|upkeep
|turn|4
|
|t:|1769344821
|-terastallize|p1a: Bacalao|Grass
|move|p1a: Bacalao|Wish|p1a: Bacalao
|move|p2a: Iron Hands|Whirlwind|p1a: Bacalao
|drag|p1a: cuco|Arcanine-Hisui, M|100/100
|-damage|p1a: cuco|76/100|[from] Stealth Rock
|
|-weather|Snowscape|[upkeep]
|upkeep
|turn|5
|
|t:|1769344838
|switch|p1a: Bacalao|Alomomola, M, tera:Grass|100/100
|-damage|p1a: Bacalao|88/100|[from] Stealth Rock
|move|p2a: Iron Hands|Drain Punch|p1a: Bacalao
|-damage|p1a: Bacalao|75/100
|-heal|p2a: Iron Hands|91/100|[from] drain|[of] p1a: Bacalao
|-damage|p2a: Iron Hands|75/100|[from] item: Rocky Helmet|[of] p1a: Bacalao
|
|-weather|none
|-heal|p1a: Bacalao|100/100|[from] move: Wish|[wisher] Bacalao
|upkeep
|turn|6
|
|t:|1769344851
|move|p1a: Bacalao|Wish|p1a: Bacalao
|move|p2a: Iron Hands|Whirlwind|p1a: Bacalao
|drag|p1a: cuco|Arcanine-Hisui, M|76/100
|-damage|p1a: cuco|51/100|[from] Stealth Rock
|
|upkeep
|turn|7
|
|t:|1769344860
|switch|p1a: Bacalao|Alomomola, M, tera:Grass|100/100
|-damage|p1a: Bacalao|88/100|[from] Stealth Rock
|move|p2a: Iron Hands|Whirlwind|p1a: Bacalao
|drag|p1a: El que no perdona:|Conkeldurr, M|100/100
|-damage|p1a: El que no perdona:|94/100|[from] Stealth Rock
|
|-heal|p1a: El que no perdona:|100/100|[from] move: Wish|[wisher] Bacalao
|upkeep
|turn|8
|
|t:|1769344883
|-end|p2a: Iron Hands|Quark Drive|[silent]
|switch|p2a: Glimmora|Glimmora, F|100/100
|-item|p2a: Glimmora|Air Balloon
|move|p1a: El que no perdona:|Drain Punch|p2a: Glimmora
|-damage|p2a: Glimmora|63/100
|-activate|p2a: Glimmora|ability: Toxic Debris
|-sidestart|p1: FdePerro28|move: Toxic Spikes
|-enditem|p2a: Glimmora|Air Balloon
|
|upkeep
|turn|9
|
|t:|1769344895
|move|p2a: Glimmora|Confuse Ray|p1a: El que no perdona:
|-start|p1a: El que no perdona:|confusion
|-activate|p1a: El que no perdona:|confusion
|move|p1a: El que no perdona:|Drain Punch|p2a: Glimmora
|-damage|p2a: Glimmora|21/100
|-activate|p2a: Glimmora|ability: Toxic Debris
|-sidestart|p1: FdePerro28|move: Toxic Spikes
|
|-sideend|p1: FdePerro28|move: Aurora Veil
|upkeep
|turn|10
|
|t:|1769344907
|-end|p1a: El que no perdona:|confusion
|move|p1a: El que no perdona:|Mach Punch|p2a: Glimmora
|-damage|p2a: Glimmora|0 fnt
|faint|p2a: Glimmora
|
|upkeep
|
|t:|1769344935
|switch|p2a: Alomomola|Alomomola, M|100/100
|turn|11
|
|t:|1769344947
|move|p2a: Alomomola|Wish|p2a: Alomomola
|move|p1a: El que no perdona:|Knock Off|p2a: Alomomola
|-damage|p2a: Alomomola|80/100
|-enditem|p2a: Alomomola|Leftovers|[from] move: Knock Off|[of] p1a: El que no perdona:
|
|upkeep
|turn|12
|
|t:|1769344957
|move|p2a: Alomomola|Flip Turn|p1a: El que no perdona:
|-damage|p1a: El que no perdona:|87/100
|
|t:|1769344963
|switch|p2a: Iron Hands|Iron Hands|75/100|[from] Flip Turn
|move|p1a: El que no perdona:|Knock Off|p2a: Iron Hands
|-resisted|p2a: Iron Hands
|-damage|p2a: Iron Hands|68/100
|
|-heal|p2a: Iron Hands|100/100|[from] move: Wish|[wisher] Alomomola
|upkeep
|turn|13
|
|t:|1769344975
|move|p2a: Iron Hands|Fake Out|p1a: El que no perdona:
|-damage|p1a: El que no perdona:|74/100
|cant|p1a: El que no perdona:|flinch
|
|upkeep
|turn|14
|
|t:|1769344983
|move|p1a: El que no perdona:|Drain Punch|p2a: Iron Hands
|-damage|p2a: Iron Hands|75/100
|-heal|p1a: El que no perdona:|89/100|[from] drain|[of] p2a: Iron Hands
|move|p2a: Iron Hands|Whirlwind|p1a: El que no perdona:
|drag|p1a: Mata abuelas|Incineroar, M|100/100
|-damage|p1a: Mata abuelas|76/100|[from] Stealth Rock
|-status|p1a: Mata abuelas|tox
|-ability|p1a: Mata abuelas|Intimidate|boost
|-unboost|p2a: Iron Hands|atk|1
|
|-damage|p1a: Mata abuelas|70/100 tox|[from] psn
|upkeep
|turn|15
|
|t:|1769345003
|move|p1a: Mata abuelas|Parting Shot|p2a: Iron Hands
|-unboost|p2a: Iron Hands|atk|1
|-unboost|p2a: Iron Hands|spa|1
|
|t:|1769345005
|switch|p1a: Kayako Saeki|Ninetales-Alola, F|100/100|[from] Parting Shot
|-damage|p1a: Kayako Saeki|76/100|[from] Stealth Rock
|-status|p1a: Kayako Saeki|tox
|-weather|Snowscape|[from] ability: Snow Warning|[of] p1a: Kayako Saeki
|move|p2a: Iron Hands|Whirlwind|p1a: Kayako Saeki
|drag|p1a: Bacalao|Alomomola, M, tera:Grass|100/100
|-damage|p1a: Bacalao|88/100|[from] Stealth Rock
|-status|p1a: Bacalao|tox
|
|-weather|Snowscape|[upkeep]
|-damage|p1a: Bacalao|82/100 tox|[from] psn
|upkeep
|turn|16
|
|t:|1769345027
|-end|p2a: Iron Hands|Quark Drive|[silent]
|switch|p2a: Alomomola|Alomomola, M|100/100
|move|p1a: Bacalao|Wish|p1a: Bacalao
|
|-weather|Snowscape|[upkeep]
|-damage|p1a: Bacalao|70/100 tox|[from] psn
|upkeep
|turn|17
|
|t:|1769345040
|move|p2a: Alomomola|Wish|p2a: Alomomola
|move|p1a: Bacalao|Flip Turn|p2a: Alomomola
|-resisted|p2a: Alomomola
|-damage|p2a: Alomomola|95/100
|
|t:|1769345062
|switch|p1a: Marisa Kirisame|Hatterene, F|100/100|[from] Flip Turn
|-damage|p1a: Marisa Kirisame|88/100|[from] Stealth Rock
|-status|p1a: Marisa Kirisame|tox
|
|-weather|Snowscape|[upkeep]
|-heal|p1a: Marisa Kirisame|100/100 tox|[from] move: Wish|[wisher] Bacalao
|-damage|p1a: Marisa Kirisame|95/100 tox|[from] psn
|upkeep
|turn|18
|
|t:|1769345073
|move|p2a: Alomomola|Flip Turn|p1a: Marisa Kirisame
|-crit|p1a: Marisa Kirisame
|-damage|p1a: Marisa Kirisame|75/100 tox
|-enditem|p1a: Marisa Kirisame|Kee Berry|[eat]
|-boost|p1a: Marisa Kirisame|def|1|[from] item: Kee Berry
|
|t:|1769345089
|switch|p2a: Skeledirge|Skeledirge, F|100/100|[from] Flip Turn
|move|p1a: Marisa Kirisame|Calm Mind|p1a: Marisa Kirisame
|-boost|p1a: Marisa Kirisame|spa|1
|-boost|p1a: Marisa Kirisame|spd|1
|
|-weather|Snowscape|[upkeep]
|-damage|p1a: Marisa Kirisame|63/100 tox|[from] psn
|upkeep
|turn|19
|
|t:|1769345102
|move|p2a: Skeledirge|Torch Song|p1a: Marisa Kirisame
|-damage|p1a: Marisa Kirisame|26/100 tox
|-boost|p2a: Skeledirge|spa|1
|move|p1a: Marisa Kirisame|Calm Mind|p1a: Marisa Kirisame
|-boost|p1a: Marisa Kirisame|spa|1
|-boost|p1a: Marisa Kirisame|spd|1
|
|-weather|none
|-damage|p1a: Marisa Kirisame|8/100 tox|[from] psn
|upkeep
|turn|20
|
|t:|1769345112
|move|p2a: Skeledirge|Torch Song|p1a: Marisa Kirisame
|-damage|p1a: Marisa Kirisame|0 fnt
|-boost|p2a: Skeledirge|spa|1
|faint|p1a: Marisa Kirisame
|
|upkeep
|
|t:|1769345115
|switch|p1a: Mata abuelas|Incineroar, M|70/100 tox
|-damage|p1a: Mata abuelas|45/100 tox|[from] Stealth Rock
|-ability|p1a: Mata abuelas|Intimidate|boost
|-unboost|p2a: Skeledirge|atk|1
|-enditem|p1a: Mata abuelas|Sitrus Berry|[eat]
|-heal|p1a: Mata abuelas|70/100 tox|[from] item: Sitrus Berry
|turn|21
|
|t:|1769345135
|switch|p2a: Alomomola|Alomomola, M|100/100
|move|p1a: Mata abuelas|Knock Off|p2a: Alomomola
|-damage|p2a: Alomomola|81/100
|
|-damage|p1a: Mata abuelas|63/100 tox|[from] psn
|upkeep
|turn|22
|
|t:|1769345145
|move|p2a: Alomomola|Flip Turn|p1a: Mata abuelas
|-supereffective|p1a: Mata abuelas
|-damage|p1a: Mata abuelas|37/100 tox
|
|t:|1769345152
|switch|p2a: Iron Hands|Iron Hands|75/100|[from] Flip Turn
|move|p1a: Mata abuelas|Drain Punch|p2a: Iron Hands
|-damage|p2a: Iron Hands|63/100
|-heal|p1a: Mata abuelas|44/100 tox|[from] drain|[of] p2a: Iron Hands
|
|-damage|p1a: Mata abuelas|32/100 tox|[from] psn
|upkeep
|turn|23
|
|t:|1769345166
|move|p2a: Iron Hands|Fake Out|p1a: Mata abuelas
|-damage|p1a: Mata abuelas|17/100 tox
|cant|p1a: Mata abuelas|flinch
|
|-damage|p1a: Mata abuelas|0 fnt|[from] psn
|faint|p1a: Mata abuelas
|upkeep
|
|t:|1769345178
|switch|p1a: El que no perdona:|Conkeldurr, M|89/100
|-damage|p1a: El que no perdona:|83/100|[from] Stealth Rock
|-status|p1a: El que no perdona:|tox
|turn|24
|
|t:|1769345187
|move|p2a: Iron Hands|Drain Punch|p1a: El que no perdona:
|-damage|p1a: El que no perdona:|47/100 tox
|-heal|p2a: Iron Hands|78/100|[from] drain|[of] p1a: El que no perdona:
|-enditem|p1a: El que no perdona:|Sitrus Berry|[eat]
|-heal|p1a: El que no perdona:|72/100 tox|[from] item: Sitrus Berry
|move|p1a: El que no perdona:|Bulk Up|p1a: El que no perdona:
|-boost|p1a: El que no perdona:|atk|1
|-boost|p1a: El que no perdona:|def|1
|
|-damage|p1a: El que no perdona:|66/100 tox|[from] psn
|upkeep
|turn|25
|
|t:|1769345200
|-end|p2a: Iron Hands|Quark Drive|[silent]
|switch|p2a: Skeledirge|Skeledirge, F|100/100
|move|p1a: El que no perdona:|Drain Punch|p2a: Skeledirge
|-immune|p2a: Skeledirge
|
|-damage|p1a: El que no perdona:|54/100 tox|[from] psn
|upkeep
|turn|26
|
|t:|1769345209
|move|p2a: Skeledirge|Hex|p1a: El que no perdona:
|-damage|p1a: El que no perdona:|6/100 tox
|move|p1a: El que no perdona:|Knock Off|p2a: Skeledirge
|-supereffective|p2a: Skeledirge
|-damage|p2a: Skeledirge|54/100
|-enditem|p2a: Skeledirge|Heavy-Duty Boots|[from] move: Knock Off|[of] p1a: El que no perdona:
|
|-damage|p1a: El que no perdona:|0 fnt|[from] psn
|faint|p1a: El que no perdona:
|upkeep
|
|t:|1769345212
|switch|p1a: cuco|Arcanine-Hisui, M|51/100
|-damage|p1a: cuco|26/100|[from] Stealth Rock
|-status|p1a: cuco|tox
|turn|27
|
|t:|1769345231
|switch|p2a: Alomomola|Alomomola, M|100/100
|move|p1a: cuco|Head Smash|p2a: Alomomola
|-damage|p2a: Alomomola|48/100
|
|-damage|p1a: cuco|20/100 tox|[from] psn
|upkeep
|turn|28
|
|t:|1769345247
|switch|p2a: Ting-Lu|Ting-Lu|100/100
|-ability|p2a: Ting-Lu|Vessel of Ruin
|move|p1a: cuco|Head Smash|p2a: Ting-Lu
|-resisted|p2a: Ting-Lu
|-damage|p2a: Ting-Lu|78/100
|
|-heal|p2a: Ting-Lu|85/100|[from] item: Leftovers
|-damage|p1a: cuco|8/100 tox|[from] psn
|upkeep
|turn|29
|c|☆FdePerro28|ggwp
|
|t:|1769345263
|move|p1a: cuco|Head Smash|p2a: Ting-Lu
|-resisted|p2a: Ting-Lu
|-damage|p2a: Ting-Lu|62/100
|move|p2a: Ting-Lu|Earthquake|p1a: cuco
|-supereffective|p1a: cuco
|-damage|p1a: cuco|0 fnt
|faint|p1a: cuco
|
|-heal|p2a: Ting-Lu|68/100|[from] item: Leftovers
|upkeep
|
|t:|1769345266
|switch|p1a: Kayako Saeki|Ninetales-Alola, F|76/100 tox
|-damage|p1a: Kayako Saeki|51/100 tox|[from] Stealth Rock
|-weather|Snowscape|[from] ability: Snow Warning|[of] p1a: Kayako Saeki
|turn|30
|
|t:|1769345285
|switch|p2a: Alomomola|Alomomola, M|81/100
|move|p1a: Kayako Saeki|Blizzard|p2a: Alomomola
|-resisted|p2a: Alomomola
|-crit|p2a: Alomomola
|-damage|p2a: Alomomola|61/100
|
|-weather|Snowscape|[upkeep]
|-damage|p1a: Kayako Saeki|45/100 tox|[from] psn
|upkeep
|turn|31
|
|t:|1769345296
|move|p1a: Kayako Saeki|Blizzard|p2a: Alomomola
|-resisted|p2a: Alomomola
|-damage|p2a: Alomomola|48/100
|move|p2a: Alomomola|Mirror Coat|p1a: Kayako Saeki
|-damage|p1a: Kayako Saeki|7/100 tox
|
|-weather|Snowscape|[upkeep]
|-damage|p1a: Kayako Saeki|0 fnt|[from] psn
|faint|p1a: Kayako Saeki
|upkeep
|
|t:|1769345298
|switch|p1a: Bacalao|Alomomola, M, tera:Grass|100/100 tox
|-damage|p1a: Bacalao|88/100 tox|[from] Stealth Rock
|turn|32
|
|t:|1769345313
|switch|p2a: Sinistcha|Sinistcha-Masterpiece|100/100
|move|p1a: Bacalao|Flip Turn|p2a: Sinistcha
|-resisted|p2a: Sinistcha
|-damage|p2a: Sinistcha|93/100
|
|-weather|Snowscape|[upkeep]
|-damage|p1a: Bacalao|82/100 tox|[from] psn
|upkeep
|turn|33
|
|t:|1769345323
|move|p2a: Sinistcha|Calm Mind|p2a: Sinistcha
|-boost|p2a: Sinistcha|spa|1
|-boost|p2a: Sinistcha|spd|1
|move|p1a: Bacalao|Flip Turn|p2a: Sinistcha
|-resisted|p2a: Sinistcha
|-damage|p2a: Sinistcha|85/100
|
|-weather|Snowscape|[upkeep]
|-damage|p1a: Bacalao|70/100 tox|[from] psn
|upkeep
|turn|34
|-message|FdePerro28 forfeited.
|
|win|sohart
|c|☆FdePerro28|ggwp
|l|☆sohart
|player|p2|
|j|☆sohart
|player|p2|sohart|cynthia-gen4|
|l|☆sohart
|player|p2|
|j|☆sohart
|player|p2|sohart|cynthia-gen4|
