|j|☆ferrydiscs
|j|☆kingofdondons
|t:|1769324169
|gametype|singles
|player|p1|ferrydiscs|will|1530
|player|p2|kingofdondons|skyla|1497
|gen|9
|tier|[Gen 9] OU
|rated|
|rule|HP Percentage Mod: HP is shown in percentages
|rule|Endless Battle Clause: Forcing endless battles is banned
|rule|Species Clause: Limit one of each Pokémon
|rule|OHKO Clause: OHKO moves are banned
|rule|Evasion Items Clause: Evasion items are banned
|rule|Evasion Moves Clause: Evasion moves are banned
|rule|Evasion Abilities Clause: Evasion abilities are banned
|rule|Sleep Moves Clause: Sleep-inducing moves are banned
|clearpoke
|poke|p1|Tyranitar, M|
|poke|p1|Excadrill, M|
|poke|p1|Tornadus-Therian, M|
|poke|p1|Tinkaton, F|
|poke|p1|Sinistcha|
|poke|p1|Toxapex, M|
|poke|p2|Deoxys-Speed|
|poke|p2|Ceruledge, M|
|poke|p2|Zamazenta-*|
|poke|p2|Ogerpon-Wellspring, F|
|poke|p2|Glimmora, F|
|poke|p2|Moltres-Galar|
|teampreview
|inactive|Battle timer is ON: inactive players will automatically lose when time's up. (requested by kingofdondons)
|
|t:|1769324183
|teamsize|p1|6
|teamsize|p2|6
|start
|switch|p1a: Tornadus|Tornadus-Therian, M, shiny|100/100
|switch|p2a: Deoxys|Deoxys-Speed|100/100
|-ability|p2a: Deoxys|Pressure
|turn|1
|
|t:|1769324187
|move|p2a: Deoxys|Light Screen|p2a: Deoxys
|-sidestart|p2: kingofdondons|move: Light Screen
|move|p1a: Tornadus|Bleakwind Storm|p2a: Deoxys
|-damage|p2a: Deoxys|57/100
|
|upkeep
|turn|2
|
|t:|1769324202
|move|p2a: Deoxys|Reflect|p2a: Deoxys
|-sidestart|p2: kingofdondons|Reflect
|move|p1a: Tornadus|Bleakwind Storm|p2a: Deoxys
|-damage|p2a: Deoxys|14/100
|
|upkeep
|turn|3
|
|t:|1769324207
|switch|p2a: Ceruledge|Ceruledge, M|100/100
|move|p1a: Tornadus|Bleakwind Storm|p2a: Ceruledge
|-damage|p2a: Ceruledge|66/100
|-unboost|p2a: Ceruledge|spe|1
|
|upkeep
|turn|4
|
|t:|1769324211
|switch|p1a: Tyranitar|Tyranitar, M, shiny|100/100
|-weather|Sandstorm|[from] ability: Sand Stream|[of] p1a: Tyranitar
|move|p2a: Ceruledge|Poltergeist|p1a: Tyranitar
|-activate|p1a: Tyranitar|move: Poltergeist|Choice Band
|-resisted|p1a: Tyranitar
|-damage|p1a: Tyranitar|63/100
|-damage|p2a: Ceruledge|56/100|[from] item: Life Orb
|
|-weather|Sandstorm|[upkeep]
|-damage|p2a: Ceruledge|50/100|[from] Sandstorm
|upkeep
|turn|5
|
|t:|1769324220
|move|p1a: Tyranitar|Knock Off|p2a: Ceruledge
|-supereffective|p2a: Ceruledge
|-damage|p2a: Ceruledge|0 fnt
|-enditem|p2a: Ceruledge|Life Orb|[from] move: Knock Off|[of] p1a: Tyranitar
|faint|p2a: Ceruledge
|
|-weather|Sandstorm|[upkeep]
|upkeep
|
|t:|1769324227
|switch|p2a: Ogerpon|Ogerpon-Wellspring, F|100/100
|turn|6
|
|t:|1769324230
|switch|p1a: Toxapex|Toxapex, M, shiny|100/100
|move|p2a: Ogerpon|Ivy Cudgel|p1a: Toxapex|[anim] Ivy Cudgel Water
|-resisted|p1a: Toxapex
|-damage|p1a: Toxapex|79/100
|-enditem|p1a: Toxapex|Eject Button
|
|t:|1769324241
|switch|p1a: Sinistcha|Sinistcha, shiny|100/100
|
|-weather|Sandstorm|[upkeep]
|-damage|p2a: Ogerpon|95/100|[from] Sandstorm
|-damage|p1a: Sinistcha|94/100|[from] Sandstorm
|-heal|p1a: Sinistcha|100/100|[from] item: Leftovers
|upkeep
|turn|7
|
|t:|1769324246
|move|p2a: Ogerpon|Swords Dance|p2a: Ogerpon
|-boost|p2a: Ogerpon|atk|2
|move|p1a: Sinistcha|Strength Sap|p2a: Ogerpon
|-unboost|p2a: Ogerpon|atk|1
|
|-weather|Sandstorm|[upkeep]
|-damage|p2a: Ogerpon|89/100|[from] Sandstorm
|-damage|p1a: Sinistcha|94/100|[from] Sandstorm
|-heal|p1a: Sinistcha|100/100|[from] item: Leftovers
|upkeep
|turn|8
|
|t:|1769324254
|switch|p1a: Toxapex|Toxapex, M, shiny|100/100
|move|p2a: Ogerpon|Swords Dance|p2a: Ogerpon
|-boost|p2a: Ogerpon|atk|2
|
|-weather|none
|-sideend|p2: kingofdondons|move: Light Screen
|upkeep
|turn|9
|
|t:|1769324257
|move|p2a: Ogerpon|Horn Leech|p1a: Toxapex
|-damage|p1a: Toxapex|20/100
|-heal|p2a: Ogerpon|100/100|[from] drain|[of] p1a: Toxapex
|move|p1a: Toxapex|Toxic|p2a: Ogerpon
|-status|p2a: Ogerpon|tox
|
|-damage|p2a: Ogerpon|95/100 tox|[from] psn
|-sideend|p2: kingofdondons|Reflect
|upkeep
|turn|10
|
|t:|1769324276
|switch|p1a: Tinkaton|Tinkaton, F, shiny|100/100
|-item|p1a: Tinkaton|Air Balloon
|move|p2a: Ogerpon|Play Rough|p1a: Tinkaton
|-resisted|p1a: Tinkaton
|-damage|p1a: Tinkaton|35/100
|-enditem|p1a: Tinkaton|Air Balloon
|
|-damage|p2a: Ogerpon|83/100 tox|[from] psn
|upkeep
|turn|11
|
|t:|1769324280
|move|p2a: Ogerpon|Ivy Cudgel|p1a: Tinkaton|[anim] Ivy Cudgel Water
|-damage|p1a: Tinkaton|0 fnt
|faint|p1a: Tinkaton
|
|-damage|p2a: Ogerpon|65/100 tox|[from] psn
|upkeep
|
|t:|1769324286
|switch|p1a: Tornadus|Tornadus-Therian, M, shiny|100/100
|turn|12
|
|t:|1769324289
|move|p1a: Tornadus|Bleakwind Storm|p2a: Ogerpon
|-supereffective|p2a: Ogerpon
|-damage|p2a: Ogerpon|0 fnt
|faint|p2a: Ogerpon
|
|upkeep
|
|t:|1769324292
|switch|p2a: Deoxys|Deoxys-Speed|14/100
|-ability|p2a: Deoxys|Pressure
|turn|13
|
|t:|1769324294
|move|p2a: Deoxys|Light Screen|p2a: Deoxys
|-sidestart|p2: kingofdondons|move: Light Screen
|move|p1a: Tornadus|Bleakwind Storm|p2a: Deoxys|[miss]
|-miss|p1a: Tornadus|p2a: Deoxys
|
|upkeep
|turn|14
|
|t:|1769324296
|move|p2a: Deoxys|Reflect|p2a: Deoxys
|-sidestart|p2: kingofdondons|Reflect
|move|p1a: Tornadus|Bleakwind Storm|p2a: Deoxys
|-damage|p2a: Deoxys|0 fnt
|faint|p2a: Deoxys
|
|upkeep
|
|t:|1769324299
|switch|p2a: Moltres|Moltres-Galar|100/100
|turn|15
|
|t:|1769324308
|switch|p1a: Tyranitar|Tyranitar, M, shiny|63/100
|-weather|Sandstorm|[from] ability: Sand Stream|[of] p1a: Tyranitar
|move|p2a: Moltres|Nasty Plot|p2a: Moltres
|-boost|p2a: Moltres|spa|2
|
|-weather|Sandstorm|[upkeep]
|-damage|p2a: Moltres|94/100|[from] Sandstorm
|upkeep
|turn|16
|
|t:|1769324319
|-terastallize|p2a: Moltres|Fairy
|move|p2a: Moltres|Tera Blast|p1a: Tyranitar|[anim] Tera Blast Fairy
|-supereffective|p1a: Tyranitar
|-crit|p1a: Tyranitar
|-damage|p1a: Tyranitar|0 fnt
|faint|p1a: Tyranitar
|
|-weather|Sandstorm|[upkeep]
|-damage|p2a: Moltres|88/100|[from] Sandstorm
|upkeep
|inactive|ferrydiscs has 120 seconds left.
|
|t:|1769324355
|switch|p1a: Tornadus|Tornadus-Therian, M, shiny|100/100
|turn|17
|inactive|ferrydiscs has 120 seconds left.
|
|t:|1769324372
|move|p1a: Tornadus|Bleakwind Storm|p2a: Moltres
|-damage|p2a: Moltres|60/100
|move|p2a: Moltres|Agility|p2a: Moltres
|-boost|p2a: Moltres|spe|2
|
|-weather|Sandstorm|[upkeep]
|-damage|p2a: Moltres|54/100|[from] Sandstorm
|-damage|p1a: Tornadus|94/100|[from] Sandstorm
|upkeep
|turn|18
|inactive|ferrydiscs has 120 seconds left.
|
|t:|1769324384
|move|p2a: Moltres|Agility|p2a: Moltres
|-boost|p2a: Moltres|spe|2
|move|p1a: Tornadus|Bleakwind Storm|p2a: Moltres
|-damage|p2a: Moltres|24/100
|-ability|p2a: Moltres|Berserk|boost
|-boost|p2a: Moltres|spa|1
|-enditem|p2a: Moltres|Sitrus Berry|[eat]
|-heal|p2a: Moltres|49/100|[from] item: Sitrus Berry
|
|-weather|Sandstorm|[upkeep]
|-damage|p2a: Moltres|43/100|[from] Sandstorm
|-damage|p1a: Tornadus|88/100|[from] Sandstorm
|upkeep
|turn|19
|
|t:|1769324390
|move|p2a: Moltres|Fiery Wrath|p1a: Tornadus
|-damage|p1a: Tornadus|0 fnt
|faint|p1a: Tornadus
|
|-weather|none
|upkeep
|
|t:|1769324396
|switch|p1a: Toxapex|Toxapex, M, shiny|53/100
|turn|20
|
|t:|1769324398
|-terastallize|p1a: Toxapex|Fairy
|move|p2a: Moltres|Fiery Wrath|p1a: Toxapex
|-resisted|p1a: Toxapex
|-damage|p1a: Toxapex|15/100
|cant|p1a: Toxapex|flinch
|
|-sideend|p2: kingofdondons|move: Light Screen
|upkeep
|turn|21
|
|t:|1769324407
|move|p2a: Moltres|Fiery Wrath|p1a: Toxapex
|-resisted|p1a: Toxapex
|-damage|p1a: Toxapex|0 fnt
|faint|p1a: Toxapex
|
|-sideend|p2: kingofdondons|Reflect
|upkeep
|-message|ferrydiscs forfeited.
|
|win|kingofdondons
|raw|ferrydiscs's rating: 1530 &rarr; <strong>1508</strong><br />(-22 for losing)
|raw|kingofdondons's rating: 1497 &rarr; <strong>1519</strong><br />(+22 for winning)
|l|☆ferrydiscs
|player|p1|
