|badge|p2|silver|gen9ru|30-8
|badge|p2|bronze|gen9uu|100-8
|uhtml|medal-msg|<div class="broadcast-blue">Curious what those medals under the avatar are? PS now has Ladder Seasons! For more information, check out the <a href="https://www.smogon.com/forums/threads/3740067/">thread on Smogon.</a></div>
|j|☆LaportaPotty
|j|☆FP.//06
|t:|1769407524
|gametype|singles
|player|p1|LaportaPotty|170|1408
|player|p2|FP.//06|swimmerf2-gen6|1470
|gen|9
|tier|[Gen 9] OU
|rated|
|rule|HP Percentage Mod: HP is shown in percentages
|rule|Endless Battle Clause: Forcing endless battles is banned
|rule|Species Clause: Limit one of each Pokémon
|rule|OHKO Clause: OHKO moves are banned
|rule|Evasion Items Clause: Evasion items are banned
|rule|Evasion Moves Clause: Evasion moves are banned
|rule|Evasion Abilities Clause: Evasion abilities are banned
|rule|Sleep Moves Clause: Sleep-inducing moves are banned
|clearpoke
|poke|p1|Wo-Chien|
|poke|p1|Heatran, M|
|poke|p1|Ogerpon-Wellspring, F|
|poke|p1|Raging Bolt|
|poke|p1|Glimmora, M|
|poke|p1|Mimikyu, F|
|poke|p2|Ceruledge, M|
|poke|p2|Great Tusk|
|poke|p2|Zamazenta-*|
|poke|p2|Iron Valiant|
|poke|p2|Deoxys-Speed|
|poke|p2|Ogerpon-Wellspring, F|
|teampreview
|j| J Pokemon Master M
|c|☆LaportaPotty|glhf
|
|t:|1769407548
|teamsize|p1|6
|teamsize|p2|6
|start
|switch|p1a: Glimmora|Glimmora, M|100/100
|switch|p2a: Deoxys|Deoxys-Speed|100/100
|-ability|p2a: Deoxys|Pressure
|turn|1
|c|☆FP.//06|u2
|
|t:|1769407554
|switch|p1a: Wo-Chien|Wo-Chien|100/100
|-ability|p1a: Wo-Chien|Tablets of Ruin
|move|p2a: Deoxys|Psycho Boost|p1a: Wo-Chien
|-immune|p1a: Wo-Chien
|
|upkeep
|turn|2
|
|t:|1769407560
|move|p2a: Deoxys|Reflect|p2a: Deoxys
|-sidestart|p2: FP.//06|Reflect
|move|p1a: Wo-Chien|Knock Off|p2a: Deoxys
|-supereffective|p2a: Deoxys
|-damage|p2a: Deoxys|67/100
|-enditem|p2a: Deoxys|Light Clay|[from] move: Knock Off|[of] p1a: Wo-Chien
|
|upkeep
|turn|3
|
|t:|1769407565
|switch|p2a: Zamazenta|Zamazenta|100/100
|-ability|p2a: Zamazenta|Dauntless Shield|boost
|-boost|p2a: Zamazenta|def|1
|move|p1a: Wo-Chien|Leech Seed|p2a: Zamazenta
|-start|p2a: Zamazenta|move: Leech Seed
|
|-damage|p2a: Zamazenta|88/100|[from] Leech Seed|[of] p1a: Wo-Chien
|upkeep
|turn|4
|
|t:|1769407580
|switch|p2a: Great Tusk|Great Tusk|100/100
|move|p1a: Wo-Chien|Protect||[still]
|-fail|p1a: Wo-Chien
|
|upkeep
|turn|5
|
|t:|1769407590
|move|p2a: Great Tusk|Stealth Rock|p1a: Wo-Chien
|-sidestart|p1: LaportaPotty|move: Stealth Rock
|move|p1a: Wo-Chien|Leech Seed|p2a: Great Tusk
|-start|p2a: Great Tusk|move: Leech Seed
|
|-damage|p2a: Great Tusk|88/100|[from] Leech Seed|[of] p1a: Wo-Chien
|upkeep
|turn|6
|
|t:|1769407594
|-end|p2a: Great Tusk|Protosynthesis|[silent]
|switch|p2a: Deoxys|Deoxys-Speed|67/100
|-ability|p2a: Deoxys|Pressure
|move|p1a: Wo-Chien|Protect||[still]
|-fail|p1a: Wo-Chien
|
|upkeep
|turn|7
|
|t:|1769407596
|move|p2a: Deoxys|Taunt|p1a: Wo-Chien
|-start|p1a: Wo-Chien|move: Taunt
|move|p1a: Wo-Chien|Knock Off|p2a: Deoxys
|-supereffective|p2a: Deoxys
|-damage|p2a: Deoxys|42/100
|
|upkeep
|turn|8
|
|t:|1769407600
|move|p2a: Deoxys|Light Screen|p2a: Deoxys
|-sidestart|p2: FP.//06|move: Light Screen
|move|p1a: Wo-Chien|Knock Off|p2a: Deoxys
|-supereffective|p2a: Deoxys
|-damage|p2a: Deoxys|17/100
|
|upkeep
|turn|9
|
|t:|1769407604
|move|p2a: Deoxys|Psycho Boost|p1a: Wo-Chien
|-immune|p1a: Wo-Chien
|move|p1a: Wo-Chien|Knock Off|p2a: Deoxys
|-supereffective|p2a: Deoxys
|-damage|p2a: Deoxys|0 fnt
|faint|p2a: Deoxys
|
|-end|p1a: Wo-Chien|move: Taunt
|-sideend|p2: FP.//06|Reflect
|upkeep
|
|t:|1769407606
|switch|p2a: Zamazenta|Zamazenta|88/100
|turn|10
|
|t:|1769407614
|move|p2a: Zamazenta|Body Press|p1a: Wo-Chien
|-supereffective|p1a: Wo-Chien
|-damage|p1a: Wo-Chien|59/100
|move|p1a: Wo-Chien|Leech Seed|p2a: Zamazenta
|-start|p2a: Zamazenta|move: Leech Seed
|
|-heal|p1a: Wo-Chien|65/100|[from] item: Leftovers
|-damage|p2a: Zamazenta|76/100|[from] Leech Seed|[of] p1a: Wo-Chien
|-heal|p1a: Wo-Chien|77/100|[silent]
|upkeep
|turn|11
|
|t:|1769407620
|switch|p2a: Iron Valiant|Iron Valiant|100/100
|-enditem|p2a: Iron Valiant|Booster Energy
|-activate|p2a: Iron Valiant|ability: Quark Drive|[fromitem]
|-start|p2a: Iron Valiant|quarkdrivespe
|move|p1a: Wo-Chien|Protect||[still]
|-fail|p1a: Wo-Chien
|
|-heal|p1a: Wo-Chien|83/100|[from] item: Leftovers
|upkeep
|turn|12
|
|t:|1769407625
|-terastallize|p1a: Wo-Chien|Poison
|move|p2a: Iron Valiant|Calm Mind|p2a: Iron Valiant
|-boost|p2a: Iron Valiant|spa|1
|-boost|p2a: Iron Valiant|spd|1
|move|p1a: Wo-Chien|Leech Seed|p2a: Iron Valiant
|-start|p2a: Iron Valiant|move: Leech Seed
|
|-heal|p1a: Wo-Chien|89/100|[from] item: Leftovers
|-damage|p2a: Iron Valiant|88/100|[from] Leech Seed|[of] p1a: Wo-Chien
|-heal|p1a: Wo-Chien|99/100|[silent]
|-sideend|p2: FP.//06|move: Light Screen
|upkeep
|turn|13
|
|t:|1769407631
|move|p2a: Iron Valiant|Encore|p1a: Wo-Chien
|-start|p1a: Wo-Chien|Encore
|move|p1a: Wo-Chien|Leech Seed||[still]
|-fail|p1a: Wo-Chien
|
|-heal|p1a: Wo-Chien|100/100|[from] item: Leftovers
|-damage|p2a: Iron Valiant|76/100|[from] Leech Seed|[of] p1a: Wo-Chien
|upkeep
|turn|14
|
|t:|1769407636
|move|p2a: Iron Valiant|Calm Mind|p2a: Iron Valiant
|-boost|p2a: Iron Valiant|spa|1
|-boost|p2a: Iron Valiant|spd|1
|move|p1a: Wo-Chien|Leech Seed||[still]
|-fail|p1a: Wo-Chien
|
|-damage|p2a: Iron Valiant|63/100|[from] Leech Seed|[of] p1a: Wo-Chien
|upkeep
|turn|15
|
|t:|1769407642
|move|p2a: Iron Valiant|Shadow Ball|p1a: Wo-Chien
|-damage|p1a: Wo-Chien|60/100
|move|p1a: Wo-Chien|Leech Seed||[still]
|-fail|p1a: Wo-Chien
|
|-heal|p1a: Wo-Chien|66/100|[from] item: Leftovers
|-damage|p2a: Iron Valiant|51/100|[from] Leech Seed|[of] p1a: Wo-Chien
|-heal|p1a: Wo-Chien|77/100|[silent]
|-end|p1a: Wo-Chien|Encore
|upkeep
|turn|16
|
|t:|1769407645
|move|p2a: Iron Valiant|Shadow Ball|p1a: Wo-Chien
|-damage|p1a: Wo-Chien|40/100
|move|p1a: Wo-Chien|Substitute|p1a: Wo-Chien
|-start|p1a: Wo-Chien|Substitute
|-damage|p1a: Wo-Chien|15/100
|
|-heal|p1a: Wo-Chien|21/100|[from] item: Leftovers
|-damage|p2a: Iron Valiant|38/100|[from] Leech Seed|[of] p1a: Wo-Chien
|-heal|p1a: Wo-Chien|32/100|[silent]
|upkeep
|turn|17
|
|t:|1769407649
|move|p1a: Wo-Chien|Protect|p1a: Wo-Chien
|-singleturn|p1a: Wo-Chien|Protect
|move|p2a: Iron Valiant|Calm Mind|p2a: Iron Valiant
|-boost|p2a: Iron Valiant|spa|1
|-boost|p2a: Iron Valiant|spd|1
|
|-heal|p1a: Wo-Chien|38/100|[from] item: Leftovers
|-damage|p2a: Iron Valiant|26/100|[from] Leech Seed|[of] p1a: Wo-Chien
|-heal|p1a: Wo-Chien|48/100|[silent]
|upkeep
|turn|18
|
|t:|1769407656
|move|p2a: Iron Valiant|Encore|p1a: Wo-Chien
|-start|p1a: Wo-Chien|Encore
|move|p1a: Wo-Chien|Protect||[still]
|-fail|p1a: Wo-Chien
|
|-heal|p1a: Wo-Chien|54/100|[from] item: Leftovers
|-damage|p2a: Iron Valiant|13/100|[from] Leech Seed|[of] p1a: Wo-Chien
|-heal|p1a: Wo-Chien|65/100|[silent]
|upkeep
|turn|19
|
|t:|1769407660
|move|p1a: Wo-Chien|Protect|p1a: Wo-Chien
|-singleturn|p1a: Wo-Chien|Protect
|move|p2a: Iron Valiant|Shadow Ball|p1a: Wo-Chien
|-activate|p1a: Wo-Chien|move: Protect
|
|-heal|p1a: Wo-Chien|71/100|[from] item: Leftovers
|-damage|p2a: Iron Valiant|1/100|[from] Leech Seed|[of] p1a: Wo-Chien
|-heal|p1a: Wo-Chien|81/100|[silent]
|upkeep
|turn|20
|
|t:|1769407666
|move|p1a: Wo-Chien|Protect||[still]
|-fail|p1a: Wo-Chien
|move|p2a: Iron Valiant|Shadow Ball|p1a: Wo-Chien
|-end|p1a: Wo-Chien|Substitute
|
|-heal|p1a: Wo-Chien|87/100|[from] item: Leftovers
|-damage|p2a: Iron Valiant|0 fnt|[from] Leech Seed|[of] p1a: Wo-Chien
|-heal|p1a: Wo-Chien|87/100|[silent]
|faint|p2a: Iron Valiant
|-end|p2a: Iron Valiant|Quark Drive|[silent]
|-end|p1a: Wo-Chien|Encore
|upkeep
|
|t:|1769407668
|switch|p2a: Great Tusk|Great Tusk|88/100
|turn|21
|
|t:|1769407673
|move|p2a: Great Tusk|Headlong Rush|p1a: Wo-Chien
|-supereffective|p1a: Wo-Chien
|-damage|p1a: Wo-Chien|23/100
|-unboost|p2a: Great Tusk|def|1
|-unboost|p2a: Great Tusk|spd|1
|move|p1a: Wo-Chien|Leech Seed|p2a: Great Tusk
|-start|p2a: Great Tusk|move: Leech Seed
|
|-heal|p1a: Wo-Chien|29/100|[from] item: Leftovers
|-damage|p2a: Great Tusk|76/100|[from] Leech Seed|[of] p1a: Wo-Chien
|-heal|p1a: Wo-Chien|42/100|[silent]
|upkeep
|turn|22
|l| J Pokemon Master M
|
|t:|1769407685
|-end|p2a: Great Tusk|Protosynthesis|[silent]
|switch|p2a: Ceruledge|Ceruledge, M|100/100
|move|p1a: Wo-Chien|Protect||[still]
|-fail|p1a: Wo-Chien
|
|-heal|p1a: Wo-Chien|48/100|[from] item: Leftovers
|upkeep
|turn|23
|
|t:|1769407692
|move|p2a: Ceruledge|Poltergeist|p1a: Wo-Chien
|-activate|p1a: Wo-Chien|move: Poltergeist|Leftovers
|-damage|p1a: Wo-Chien|4/100
|-damage|p2a: Ceruledge|91/100|[from] item: Life Orb
|move|p1a: Wo-Chien|Leech Seed|p2a: Ceruledge
|-start|p2a: Ceruledge|move: Leech Seed
|
|-heal|p1a: Wo-Chien|10/100|[from] item: Leftovers
|-damage|p2a: Ceruledge|78/100|[from] Leech Seed|[of] p1a: Wo-Chien
|-heal|p1a: Wo-Chien|21/100|[silent]
|upkeep
|turn|24
|
|t:|1769407699
|move|p1a: Wo-Chien|Protect|p1a: Wo-Chien
|-singleturn|p1a: Wo-Chien|Protect
|move|p2a: Ceruledge|Poltergeist|p1a: Wo-Chien
|-activate|p1a: Wo-Chien|move: Protect
|
|-heal|p1a: Wo-Chien|27/100|[from] item: Leftovers
|-damage|p2a: Ceruledge|66/100|[from] Leech Seed|[of] p1a: Wo-Chien
|-heal|p1a: Wo-Chien|38/100|[silent]
|upkeep
|turn|25
|
|t:|1769407706
|switch|p1a: Heatran|Heatran, M|100/100
|-damage|p1a: Heatran|88/100|[from] Stealth Rock
|move|p2a: Ceruledge|Poltergeist|p1a: Heatran
|-activate|p1a: Heatran|move: Poltergeist|Rocky Helmet
|-damage|p1a: Heatran|40/100
|-damage|p2a: Ceruledge|56/100|[from] item: Life Orb
|
|-damage|p2a: Ceruledge|44/100|[from] Leech Seed|[of] p1a: Heatran
|-heal|p1a: Heatran|50/100|[silent]
|upkeep
|turn|26
|
|t:|1769407713
|move|p2a: Ceruledge|Poltergeist|p1a: Heatran
|-activate|p1a: Heatran|move: Poltergeist|Rocky Helmet
|-damage|p1a: Heatran|3/100
|-damage|p2a: Ceruledge|34/100|[from] item: Life Orb
|move|p1a: Heatran|Stealth Rock|p2a: Ceruledge
|-sidestart|p2: FP.//06|move: Stealth Rock
|
|-damage|p2a: Ceruledge|22/100|[from] Leech Seed|[of] p1a: Heatran
|-heal|p1a: Heatran|13/100|[silent]
|upkeep
|turn|27
|
|t:|1769407722
|move|p2a: Ceruledge|Poltergeist|p1a: Heatran
|-activate|p1a: Heatran|move: Poltergeist|Rocky Helmet
|-damage|p1a: Heatran|0 fnt
|faint|p1a: Heatran
|-damage|p2a: Ceruledge|12/100|[from] item: Life Orb
|
|upkeep
|
|t:|1769407724
|switch|p1a: Mimikyu|Mimikyu, F|100/100
|turn|28
|
|t:|1769407727
|move|p1a: Mimikyu|Shadow Sneak|p2a: Ceruledge
|-supereffective|p2a: Ceruledge
|-damage|p2a: Ceruledge|0 fnt
|faint|p2a: Ceruledge
|
|upkeep
|
|t:|1769407736
|switch|p2a: Ogerpon|Ogerpon-Wellspring, F|100/100
|-damage|p2a: Ogerpon|88/100|[from] Stealth Rock
|turn|29
|
|t:|1769407744
|move|p2a: Ogerpon|Knock Off|p1a: Mimikyu
|-activate|p1a: Mimikyu|ability: Disguise
|-damage|p1a: Mimikyu|100/100
|-enditem|p1a: Mimikyu|Heavy-Duty Boots|[from] move: Knock Off|[of] p2a: Ogerpon
|detailschange|p1a: Mimikyu|Mimikyu-Busted, F
|-damage|p1a: Mimikyu|88/100|[from] pokemon: Mimikyu-Busted
|move|p1a: Mimikyu|Play Rough|p2a: Ogerpon|[miss]
|-miss|p1a: Mimikyu|p2a: Ogerpon
|
|upkeep
|turn|30
|
|t:|1769407756
|-terastallize|p2a: Ogerpon|Water
|detailschange|p2a: Ogerpon|Ogerpon-Wellspring-Tera, F, tera:Water
|-ability|p2a: Ogerpon|Embody Aspect (Wellspring)|boost
|-boost|p2a: Ogerpon|spd|1
|move|p1a: Mimikyu|Shadow Sneak|p2a: Ogerpon
|-damage|p2a: Ogerpon|68/100
|move|p2a: Ogerpon|Ivy Cudgel|p1a: Mimikyu|[anim] Ivy Cudgel Water
|-damage|p1a: Mimikyu|0 fnt
|faint|p1a: Mimikyu
|
|upkeep
|
|t:|1769407759
|switch|p1a: Raging Bolt|Raging Bolt|100/100
|-damage|p1a: Raging Bolt|88/100|[from] Stealth Rock
|-enditem|p1a: Raging Bolt|Booster Energy
|-activate|p1a: Raging Bolt|ability: Protosynthesis|[fromitem]
|-start|p1a: Raging Bolt|protosynthesisspa
|turn|31
|
|t:|1769407770
|move|p2a: Ogerpon|Ivy Cudgel|p1a: Raging Bolt|[anim] Ivy Cudgel Water
|-resisted|p1a: Raging Bolt
|-damage|p1a: Raging Bolt|50/100
|move|p1a: Raging Bolt|Dragon Pulse|p2a: Ogerpon
|-damage|p2a: Ogerpon|20/100
|
|upkeep
|turn|32
|
|t:|1769407776
|move|p1a: Raging Bolt|Thunderclap||[still]
|-fail|p1a: Raging Bolt
|move|p2a: Ogerpon|Swords Dance|p2a: Ogerpon
|-boost|p2a: Ogerpon|atk|2
|
|upkeep
|turn|33
|
|t:|1769407779
|move|p1a: Raging Bolt|Thunderclap||[still]
|-fail|p1a: Raging Bolt
|move|p2a: Ogerpon|Swords Dance|p2a: Ogerpon
|-boost|p2a: Ogerpon|atk|2
|
|upkeep
|turn|34
|
|t:|1769407782
|move|p1a: Raging Bolt|Thunderclap||[still]
|-fail|p1a: Raging Bolt
|move|p2a: Ogerpon|Swords Dance|p2a: Ogerpon
|-boost|p2a: Ogerpon|atk|2
|
|upkeep
|turn|35
|
|t:|1769407783
|move|p1a: Raging Bolt|Thunderclap||[still]
|-fail|p1a: Raging Bolt
|move|p2a: Ogerpon|Swords Dance|p2a: Ogerpon
|-boost|p2a: Ogerpon|atk|0
|
|upkeep
|turn|36
|
|t:|1769407788
|move|p1a: Raging Bolt|Thunderclap|p2a: Ogerpon
|-supereffective|p2a: Ogerpon
|-damage|p2a: Ogerpon|0 fnt
|faint|p2a: Ogerpon
|detailschange|p2: Ogerpon|Ogerpon-Wellspring, F|[silent]
|
|upkeep
|
|t:|1769407790
|switch|p2a: Great Tusk|Great Tusk|76/100
|turn|37
|inactive|Battle timer is ON: inactive players will automatically lose when time's up. (requested by LaportaPotty)
|
|t:|1769407798
|move|p2a: Great Tusk|Rapid Spin|p1a: Raging Bolt
|-damage|p1a: Raging Bolt|34/100
|-boost|p2a: Great Tusk|spe|1
|-sideend|p2: FP.//06|Stealth Rock|[from] move: Rapid Spin|[of] p2a: Great Tusk
|move|p1a: Raging Bolt|Dragon Pulse|p2a: Great Tusk
|-damage|p2a: Great Tusk|0 fnt
|faint|p2a: Great Tusk
|-end|p2a: Great Tusk|Protosynthesis|[silent]
|
|upkeep
|
|t:|1769407800
|switch|p2a: Zamazenta|Zamazenta|76/100
|turn|38
|
|t:|1769407803
|move|p2a: Zamazenta|Iron Defense|p2a: Zamazenta
|-boost|p2a: Zamazenta|def|2
|move|p1a: Raging Bolt|Discharge|p2a: Zamazenta
|-damage|p2a: Zamazenta|19/100
|-status|p2a: Zamazenta|par
|
|upkeep
|turn|39
|
|t:|1769407806
|move|p1a: Raging Bolt|Dragon Pulse|p2a: Zamazenta
|-damage|p2a: Zamazenta|0 fnt
|faint|p2a: Zamazenta
|
|win|LaportaPotty
|raw|LaportaPotty's rating: 1408 &rarr; <strong>1432</strong><br />(+24 for winning)
|raw|FP.&#x2f;&#x2f;06's rating: 1470 &rarr; <strong>1446</strong><br />(-24 for losing)
|l|☆LaportaPotty
|player|p1|
|l|☆FP.//06
|player|p2|
