|j|☆waha8
|j|☆RipDarkHam
|t:|1769382185
|gametype|singles
|player|p1|waha8|1|1481
|player|p2|RipDarkHam|lana|1381
|gen|9
|tier|[Gen 9] OU
|rated|
|rule|HP Percentage Mod: HP is shown in percentages
|rule|Endless Battle Clause: Forcing endless battles is banned
|rule|Species Clause: Limit one of each Pokémon
|rule|OHKO Clause: OHKO moves are banned
|rule|Evasion Items Clause: Evasion items are banned
|rule|Evasion Moves Clause: Evasion moves are banned
|rule|Evasion Abilities Clause: Evasion abilities are banned
|rule|Sleep Moves Clause: Sleep-inducing moves are banned
|clearpoke
|poke|p1|Munkidori, M|
|poke|p1|Indeedee, M|
|poke|p1|Araquanid, M|
|poke|p1|Hatterene, F|
|poke|p1|Ursaluna, M|
|poke|p1|Porygon-Z|
|poke|p2|Dragonite, F|
|poke|p2|Gholdengo|
|poke|p2|Zamazenta-*|
|poke|p2|Garganacl, F|
|poke|p2|Corviknight, M|
|poke|p2|Gliscor, F|
|teampreview
|inactive|Battle timer is ON: inactive players will automatically lose when time's up. (requested by RipDarkHam)
|
|t:|1769382201
|teamsize|p1|6
|teamsize|p2|6
|start
|switch|p1a: DeeDee|Indeedee, M|100/100
|switch|p2a: Corviknight|Corviknight, M|100/100
|-fieldstart|move: Psychic Terrain|[from] ability: Psychic Surge|[of] p1a: DeeDee
|-ability|p2a: Corviknight|Pressure
|turn|1
|
|t:|1769382211
|move|p1a: DeeDee|Expanding Force|p2a: Corviknight
|-resisted|p2a: Corviknight
|-damage|p2a: Corviknight|69/100
|move|p2a: Corviknight|Defog|p1a: DeeDee
|-unboost|p1a: DeeDee|evasion|1
|-fieldend|move: Psychic Terrain
|
|upkeep
|turn|2
|
|t:|1769382217
|move|p1a: DeeDee|Encore|p2a: Corviknight
|-start|p2a: Corviknight|Encore
|move|p2a: Corviknight|Defog|p1a: DeeDee
|-unboost|p1a: DeeDee|evasion|1
|
|upkeep
|turn|3
|
|t:|1769382224
|switch|p1a: Mavis|Hatterene, F|100/100
|switch|p2a: Gholdengo|Gholdengo|100/100
|-item|p2a: Gholdengo|Air Balloon
|
|upkeep
|turn|4
|
|t:|1769382236
|switch|p1a: LittleZ|Porygon-Z|100/100
|move|p2a: Gholdengo|Make It Rain|p1a: LittleZ
|-damage|p1a: LittleZ|33/100
|-unboost|p2a: Gholdengo|spa|1
|
|upkeep
|turn|5
|
|t:|1769382245
|move|p1a: LittleZ|Shadow Ball|p2a: Gholdengo
|-supereffective|p2a: Gholdengo
|-damage|p2a: Gholdengo|55/100
|-enditem|p2a: Gholdengo|Air Balloon
|move|p2a: Gholdengo|Make It Rain|p1a: LittleZ
|-damage|p1a: LittleZ|0 fnt
|-unboost|p2a: Gholdengo|spa|1
|faint|p1a: LittleZ
|
|upkeep
|
|t:|1769382259
|switch|p1a: Mavis|Hatterene, F|100/100
|turn|6
|
|t:|1769382263
|-terastallize|p1a: Mavis|Psychic
|move|p2a: Gholdengo|Recover|p2a: Gholdengo
|-heal|p2a: Gholdengo|100/100
|move|p1a: Mavis|Trick Room|p1a: Mavis
|-fieldstart|move: Trick Room|[of] p1a: Mavis
|
|upkeep
|turn|7
|
|t:|1769382268
|move|p1a: Mavis|Mystical Fire|p2a: Gholdengo
|-supereffective|p2a: Gholdengo
|-damage|p2a: Gholdengo|43/100
|-unboost|p2a: Gholdengo|spa|1
|-damage|p1a: Mavis|91/100|[from] item: Life Orb
|move|p2a: Gholdengo|Nasty Plot|p2a: Gholdengo
|-boost|p2a: Gholdengo|spa|2
|
|upkeep
|turn|8
|
|t:|1769382275
|move|p1a: Mavis|Mystical Fire|p2a: Gholdengo
|-supereffective|p2a: Gholdengo
|-damage|p2a: Gholdengo|0 fnt
|faint|p2a: Gholdengo
|-damage|p1a: Mavis|81/100|[from] item: Life Orb
|
|upkeep
|
|t:|1769382285
|switch|p2a: Gliscor|Gliscor, F|100/100
|turn|9
|
|t:|1769382292
|switch|p1a: DeeDee|Indeedee, M|100/100
|-fieldstart|move: Psychic Terrain|[from] ability: Psychic Surge|[of] p1a: DeeDee
|move|p2a: Gliscor|Knock Off|p1a: DeeDee
|-supereffective|p1a: DeeDee
|-damage|p1a: DeeDee|15/100
|-enditem|p1a: DeeDee|Terrain Extender|[from] move: Knock Off|[of] p2a: Gliscor
|
|-status|p2a: Gliscor|tox|[from] item: Toxic Orb
|upkeep
|turn|10
|
|t:|1769382302
|move|p2a: Gliscor|Knock Off|p1a: DeeDee
|-supereffective|p1a: DeeDee
|-damage|p1a: DeeDee|0 fnt
|faint|p1a: DeeDee
|
|-fieldend|move: Trick Room
|upkeep
|
|t:|1769382310
|switch|p1a: BugMeNot|Araquanid, M|100/100
|turn|11
|
|t:|1769382314
|move|p2a: Gliscor|Knock Off|p1a: BugMeNot
|-damage|p1a: BugMeNot|77/100
|-enditem|p1a: BugMeNot|Custap Berry|[from] move: Knock Off|[of] p2a: Gliscor
|move|p1a: BugMeNot|Liquidation|p2a: Gliscor
|-supereffective|p2a: Gliscor
|-damage|p2a: Gliscor|0 fnt
|faint|p2a: Gliscor
|
|upkeep
|
|t:|1769382319
|switch|p2a: Corviknight|Corviknight, M|69/100
|-ability|p2a: Corviknight|Pressure
|turn|12
|
|t:|1769382327
|switch|p1a: Mavis|Hatterene, F, tera:Psychic|81/100
|move|p2a: Corviknight|Defog|p1a: Mavis
|move|p1a: Mavis|Defog|p2a: Corviknight|[from] ability: Magic Bounce
|-unboost|p2a: Corviknight|evasion|1
|-fieldend|move: Psychic Terrain
|
|upkeep
|turn|13
|
|t:|1769382334
|move|p2a: Corviknight|U-turn|p1a: Mavis
|-supereffective|p1a: Mavis
|-damage|p1a: Mavis|46/100
|
|t:|1769382338
|switch|p2a: Garganacl|Garganacl, F|100/100|[from] U-turn
|move|p1a: Mavis|Trick Room|p1a: Mavis
|-fieldstart|move: Trick Room|[of] p1a: Mavis
|
|upkeep
|turn|14
|
|t:|1769382343
|switch|p1a: Luna|Ursaluna, M|100/100
|move|p2a: Garganacl|Stealth Rock|p1a: Luna
|-sidestart|p1: waha8|move: Stealth Rock
|
|-status|p1a: Luna|brn|[from] item: Flame Orb
|upkeep
|turn|15
|
|t:|1769382351
|move|p2a: Garganacl|Protect|p2a: Garganacl
|-singleturn|p2a: Garganacl|Protect
|move|p1a: Luna|Swords Dance|p1a: Luna
|-boost|p1a: Luna|atk|2
|
|-damage|p1a: Luna|94/100 brn|[from] brn
|upkeep
|turn|16
|
|t:|1769382359
|move|p2a: Garganacl|Protect||[still]
|-fail|p2a: Garganacl
|move|p1a: Luna|Close Combat|p2a: Garganacl
|-supereffective|p2a: Garganacl
|-damage|p2a: Garganacl|0 fnt
|-unboost|p1a: Luna|def|1
|-unboost|p1a: Luna|spd|1
|faint|p2a: Garganacl
|
|-damage|p1a: Luna|88/100 brn|[from] brn
|upkeep
|
|t:|1769382364
|switch|p2a: Corviknight|Corviknight, M|69/100
|-ability|p2a: Corviknight|Pressure
|turn|17
|
|t:|1769382372
|move|p1a: Luna|Facade|p2a: Corviknight
|-resisted|p2a: Corviknight
|-damage|p2a: Corviknight|0 fnt
|-damage|p1a: Luna|72/100 brn|[from] item: Rocky Helmet|[of] p2a: Corviknight
|faint|p2a: Corviknight
|
|-damage|p1a: Luna|66/100 brn|[from] brn
|-fieldend|move: Trick Room
|upkeep
|
|t:|1769382376
|switch|p2a: Dragonite|Dragonite, F, shiny|100/100
|turn|18
|c|☆RipDarkHam|bro misclick
|
|t:|1769382387
|move|p2a: Dragonite|Dragon Dance|p2a: Dragonite
|-boost|p2a: Dragonite|atk|1
|-boost|p2a: Dragonite|spe|1
|move|p1a: Luna|Facade|p2a: Dragonite
|-damage|p2a: Dragonite|0 fnt
|faint|p2a: Dragonite
|
|-damage|p1a: Luna|60/100 brn|[from] brn
|upkeep
|
|t:|1769382389
|switch|p2a: Zamazenta|Zamazenta|100/100
|-ability|p2a: Zamazenta|Dauntless Shield|boost
|-boost|p2a: Zamazenta|def|1
|turn|19
|
|t:|1769382398
|move|p2a: Zamazenta|Body Press|p1a: Luna
|-supereffective|p1a: Luna
|-damage|p1a: Luna|0 fnt
|faint|p1a: Luna
|
|upkeep
|c|☆RipDarkHam|bro this is cooked
|
|t:|1769382403
|switch|p1a: Mavis|Hatterene, F, tera:Psychic|46/100
|-damage|p1a: Mavis|34/100|[from] Stealth Rock
|turn|20
|c|☆RipDarkHam|the misclick cooked me
|
|t:|1769382406
|move|p2a: Zamazenta|Crunch|p1a: Mavis
|-supereffective|p1a: Mavis
|-damage|p1a: Mavis|0 fnt
|faint|p1a: Mavis
|
|upkeep
|
|t:|1769382411
|switch|p1a: BugMeNot|Araquanid, M|77/100
|-damage|p1a: BugMeNot|52/100|[from] Stealth Rock
|turn|21
|
|t:|1769382421
|move|p2a: Zamazenta|Body Press|p1a: BugMeNot
|-resisted|p1a: BugMeNot
|-damage|p1a: BugMeNot|20/100
|move|p1a: BugMeNot|Liquidation|p2a: Zamazenta
|-damage|p2a: Zamazenta|66/100
|
|-heal|p2a: Zamazenta|72/100|[from] item: Leftovers
|upkeep
|turn|22
|
|t:|1769382429
|move|p2a: Zamazenta|Body Press|p1a: BugMeNot
|-resisted|p1a: BugMeNot
|-damage|p1a: BugMeNot|0 fnt
|faint|p1a: BugMeNot
|
|-heal|p2a: Zamazenta|79/100|[from] item: Leftovers
|upkeep
|
|t:|1769382434
|switch|p1a: SeeDo|Munkidori, M|100/100
|-damage|p1a: SeeDo|88/100|[from] Stealth Rock
|turn|23
|
|t:|1769382439
|-terastallize|p2a: Zamazenta|Fire
|move|p2a: Zamazenta|Crunch|p1a: SeeDo
|-supereffective|p1a: SeeDo
|-damage|p1a: SeeDo|20/100
|move|p1a: SeeDo|Psyshock|p2a: Zamazenta
|-damage|p2a: Zamazenta|49/100
|-damage|p1a: SeeDo|10/100|[from] item: Life Orb
|
|-heal|p2a: Zamazenta|56/100|[from] item: Leftovers
|upkeep
|turn|24
|c|☆waha8|gg
|c|☆RipDarkHam|gg
|
|t:|1769382448
|move|p2a: Zamazenta|Crunch|p1a: SeeDo
|-supereffective|p1a: SeeDo
|-damage|p1a: SeeDo|0 fnt
|faint|p1a: SeeDo
|
|win|RipDarkHam
|raw|waha8's rating: 1481 &rarr; <strong>1455</strong><br />(-26 for losing)
|raw|RipDarkHam's rating: 1381 &rarr; <strong>1407</strong><br />(+26 for winning)
|l|☆waha8
|player|p1|
|c|☆RipDarkHam|i thought i was done for
|l|☆RipDarkHam
|player|p2|
