|j|☆suifenli
|j|☆BorderofSeal
|t:|1769402026
|gametype|singles
|player|p1|suifenli|n|1575
|player|p2|BorderofSeal|265|1574
|gen|9
|tier|[Gen 9] OU
|rated|
|rule|HP Percentage Mod: HP is shown in percentages
|rule|Endless Battle Clause: Forcing endless battles is banned
|rule|Species Clause: Limit one of each Pokémon
|rule|OHKO Clause: OHKO moves are banned
|rule|Evasion Items Clause: Evasion items are banned
|rule|Evasion Moves Clause: Evasion moves are banned
|rule|Evasion Abilities Clause: Evasion abilities are banned
|rule|Sleep Moves Clause: Sleep-inducing moves are banned
|clearpoke
|poke|p1|Zamazenta-*|
|poke|p1|Sableye, M|
|poke|p1|Enamorus, F|
|poke|p1|Bellossom, M|
|poke|p1|Garganacl, M|
|poke|p1|Latias, F|
|poke|p2|Iron Treads|
|poke|p2|Rillaboom, F|
|poke|p2|Heatran, M|
|poke|p2|Zapdos|
|poke|p2|Iron Valiant|
|poke|p2|Serperior, M|
|teampreview
|inactive|Battle timer is ON: inactive players will automatically lose when time's up. (requested by suifenli)
|
|t:|1769402044
|teamsize|p1|6
|teamsize|p2|6
|start
|switch|p1a: Latias|Latias, F|100/100
|switch|p2a: Rillaboom|Rillaboom, F|100/100
|-fieldstart|move: Grassy Terrain|[from] ability: Grassy Surge|[of] p2a: Rillaboom
|turn|1
|
|t:|1769402061
|-terastallize|p1a: Latias|Electric
|move|p2a: Rillaboom|U-turn|p1a: Latias
|-damage|p1a: Latias|76/100
|-enditem|p1a: Latias|Kee Berry|[eat]
|-boost|p1a: Latias|def|1|[from] item: Kee Berry
|
|t:|1769402074
|switch|p2a: Iron Valiant|Iron Valiant|100/100|[from] U-turn
|move|p1a: Latias|Calm Mind|p1a: Latias
|-boost|p1a: Latias|spa|1
|-boost|p1a: Latias|spd|1
|
|upkeep
|turn|2
|
|t:|1769402078
|move|p2a: Iron Valiant|Trick|p1a: Latias
|-activate|p2a: Iron Valiant|move: Trick|[of] p1a: Latias
|-item|p1a: Latias|Choice Specs|[from] move: Trick
|-enditem|p2a: Iron Valiant|Choice Specs|[silent]|[from] move: Trick
|move|p1a: Latias|Agility|p1a: Latias
|-boost|p1a: Latias|spe|2
|
|upkeep
|turn|3
|
|t:|1769402090
|switch|p1a: Garganacl|Garganacl, M|100/100
|move|p2a: Iron Valiant|Moonblast|p1a: Garganacl
|-damage|p1a: Garganacl|67/100
|
|-heal|p1a: Garganacl|73/100|[from] Grassy Terrain
|upkeep
|turn|4
|
|t:|1769402097
|move|p2a: Iron Valiant|Trick|p1a: Garganacl
|-activate|p2a: Iron Valiant|move: Trick|[of] p1a: Garganacl
|-enditem|p1a: Garganacl|Covert Cloak|[silent]|[from] move: Trick
|-item|p2a: Iron Valiant|Covert Cloak|[from] move: Trick
|move|p1a: Garganacl|Iron Defense|p1a: Garganacl
|-boost|p1a: Garganacl|def|2
|
|-heal|p1a: Garganacl|79/100|[from] Grassy Terrain
|upkeep
|turn|5
|
|t:|1769402103
|move|p2a: Iron Valiant|Moonblast|p1a: Garganacl
|-damage|p1a: Garganacl|46/100
|move|p1a: Garganacl|Iron Defense|p1a: Garganacl
|-boost|p1a: Garganacl|def|2
|
|-heal|p1a: Garganacl|52/100|[from] Grassy Terrain
|-fieldend|move: Grassy Terrain
|upkeep
|turn|6
|
|t:|1769402107
|move|p2a: Iron Valiant|Moonblast|p1a: Garganacl
|-damage|p1a: Garganacl|19/100
|-unboost|p1a: Garganacl|spa|1
|move|p1a: Garganacl|Recover|p1a: Garganacl
|-heal|p1a: Garganacl|69/100
|
|upkeep
|turn|7
|
|t:|1769402119
|move|p2a: Iron Valiant|Moonblast|p1a: Garganacl
|-damage|p1a: Garganacl|40/100
|move|p1a: Garganacl|Recover|p1a: Garganacl
|-heal|p1a: Garganacl|90/100
|
|upkeep
|turn|8
|
|t:|1769402124
|move|p2a: Iron Valiant|Moonblast|p1a: Garganacl
|-damage|p1a: Garganacl|59/100
|-unboost|p1a: Garganacl|spa|1
|move|p1a: Garganacl|Iron Defense|p1a: Garganacl
|-boost|p1a: Garganacl|def|2
|
|upkeep
|turn|9
|
|t:|1769402130
|move|p2a: Iron Valiant|Moonblast|p1a: Garganacl
|-damage|p1a: Garganacl|26/100
|move|p1a: Garganacl|Recover|p1a: Garganacl
|-heal|p1a: Garganacl|76/100
|
|upkeep
|turn|10
|
|t:|1769402133
|move|p2a: Iron Valiant|Moonblast|p1a: Garganacl
|-damage|p1a: Garganacl|47/100
|-unboost|p1a: Garganacl|spa|1
|move|p1a: Garganacl|Recover|p1a: Garganacl
|-heal|p1a: Garganacl|97/100
|
|upkeep
|turn|11
|
|t:|1769402142
|move|p2a: Iron Valiant|Moonblast|p1a: Garganacl
|-damage|p1a: Garganacl|67/100
|move|p1a: Garganacl|Body Press|p2a: Iron Valiant
|-resisted|p2a: Iron Valiant
|-damage|p2a: Iron Valiant|41/100
|
|upkeep
|turn|12
|
|t:|1769402145
|-end|p2a: Iron Valiant|Quark Drive|[silent]
|switch|p2a: Rillaboom|Rillaboom, F|100/100
|-fieldstart|move: Grassy Terrain|[from] ability: Grassy Surge|[of] p2a: Rillaboom
|move|p1a: Garganacl|Recover|p1a: Garganacl
|-heal|p1a: Garganacl|100/100
|
|upkeep
|turn|13
|
|t:|1769402150
|move|p2a: Rillaboom|Wood Hammer|p1a: Garganacl
|-supereffective|p1a: Garganacl
|-damage|p1a: Garganacl|61/100
|-damage|p2a: Rillaboom|85/100|[from] Recoil
|move|p1a: Garganacl|Body Press|p2a: Rillaboom
|-damage|p2a: Rillaboom|0 fnt
|faint|p2a: Rillaboom
|
|-heal|p1a: Garganacl|68/100|[from] Grassy Terrain
|upkeep
|
|t:|1769402153
|switch|p2a: Serperior|Serperior, M|100/100
|turn|14
|
|t:|1769402158
|move|p2a: Serperior|Leaf Storm|p1a: Garganacl
|-supereffective|p1a: Garganacl
|-damage|p1a: Garganacl|0 fnt
|-boost|p2a: Serperior|spa|2
|faint|p1a: Garganacl
|
|upkeep
|
|t:|1769402162
|switch|p1a: Sableye|Sableye, M|100/100
|turn|15
|
|t:|1769402164
|move|p2a: Serperior|Leaf Storm|p1a: Sableye
|-enditem|p1a: Sableye|Focus Sash
|-damage|p1a: Sableye|1/100
|-boost|p2a: Serperior|spa|2
|move|p1a: Sableye|Metal Burst|p2a: Serperior
|-damage|p2a: Serperior|0 fnt
|faint|p2a: Serperior
|
|-heal|p1a: Sableye|7/100|[from] Grassy Terrain
|upkeep
|
|t:|1769402179
|switch|p2a: Heatran|Heatran, M|100/100
|turn|16
|
|t:|1769402184
|move|p1a: Sableye|Thunder Wave|p2a: Heatran
|-status|p2a: Heatran|par
|move|p2a: Heatran|Stealth Rock|p1a: Sableye
|-sidestart|p1: suifenli|move: Stealth Rock
|
|-heal|p1a: Sableye|13/100|[from] Grassy Terrain
|-fieldend|move: Grassy Terrain
|upkeep
|turn|17
|
|t:|1769402189
|move|p1a: Sableye|Encore|p2a: Heatran
|-start|p2a: Heatran|Encore
|cant|p2a: Heatran|par
|
|upkeep
|turn|18
|
|t:|1769402193
|switch|p2a: Zapdos|Zapdos|100/100
|move|p1a: Sableye|Thunder Wave|p2a: Zapdos
|-immune|p2a: Zapdos
|
|upkeep
|turn|19
|
|t:|1769402199
|move|p1a: Sableye|Reflect|p1a: Sableye
|-sidestart|p1: suifenli|Reflect
|move|p2a: Zapdos|Volt Switch|p1a: Sableye
|-damage|p1a: Sableye|0 fnt
|faint|p1a: Sableye
|
|t:|1769402203
|switch|p2a: Iron Valiant|Iron Valiant|41/100|[from] Volt Switch
|
|upkeep
|
|t:|1769402213
|switch|p1a: Enamorus|Enamorus, F|100/100
|-damage|p1a: Enamorus|76/100|[from] Stealth Rock
|turn|20
|
|t:|1769402217
|-end|p2a: Iron Valiant|Quark Drive|[silent]
|switch|p2a: Heatran|Heatran, M|100/100 par
|move|p1a: Enamorus|Moonblast|p2a: Heatran
|-resisted|p2a: Heatran
|-damage|p2a: Heatran|92/100 par
|-unboost|p2a: Heatran|spa|1
|
|-heal|p2a: Heatran|98/100 par|[from] item: Leftovers
|upkeep
|turn|21
|
|t:|1769402224
|switch|p1a: Latias|Latias, F, tera:Electric|76/100
|-damage|p1a: Latias|64/100|[from] Stealth Rock
|move|p2a: Heatran|Lava Plume|p1a: Latias
|-damage|p1a: Latias|48/100
|
|-heal|p2a: Heatran|100/100 par|[from] item: Leftovers
|upkeep
|turn|22
|
|t:|1769402232
|move|p1a: Latias|Calm Mind|p1a: Latias
|-boost|p1a: Latias|spa|1
|-boost|p1a: Latias|spd|1
|move|p2a: Heatran|Lava Plume|p1a: Latias
|-damage|p1a: Latias|36/100
|-status|p1a: Latias|brn
|
|-damage|p1a: Latias|30/100 brn|[from] brn
|upkeep
|turn|23
|
|t:|1769402240
|move|p1a: Latias|Calm Mind|p1a: Latias
|-boost|p1a: Latias|spa|1
|-boost|p1a: Latias|spd|1
|move|p2a: Heatran|Taunt|p1a: Latias
|-start|p1a: Latias|move: Taunt
|
|-damage|p1a: Latias|24/100 brn|[from] brn
|-sideend|p1: suifenli|Reflect
|upkeep
|turn|24
|
|t:|1769402243
|-activate|p1a: Latias|move: Struggle
|move|p1a: Latias|Struggle|p2a: Heatran
|-damage|p2a: Heatran|97/100 par
|-damage|p1a: Latias|0 fnt|[from] recoil
|faint|p1a: Latias
|move|p2a: Heatran|Lava Plume|p1: Latias|[notarget]
|-fail|p2a: Heatran
|
|-heal|p2a: Heatran|100/100 par|[from] item: Leftovers
|upkeep
|
|t:|1769402252
|switch|p1a: Zamazenta|Zamazenta|100/100
|-damage|p1a: Zamazenta|94/100|[from] Stealth Rock
|-ability|p1a: Zamazenta|Dauntless Shield|boost
|-boost|p1a: Zamazenta|def|1
|turn|25
|
|t:|1769402255
|switch|p2a: Zapdos|Zapdos|100/100
|move|p1a: Zamazenta|Substitute|p1a: Zamazenta
|-start|p1a: Zamazenta|Substitute
|-damage|p1a: Zamazenta|69/100
|
|-heal|p1a: Zamazenta|76/100|[from] item: Leftovers
|upkeep
|turn|26
|
|t:|1769402260
|move|p1a: Zamazenta|Iron Defense|p1a: Zamazenta
|-boost|p1a: Zamazenta|def|2
|move|p2a: Zapdos|Hurricane|p1a: Zamazenta
|-supereffective|p1a: Zamazenta
|-crit|p1a: Zamazenta
|-end|p1a: Zamazenta|Substitute
|
|-heal|p1a: Zamazenta|82/100|[from] item: Leftovers
|upkeep
|turn|27
|
|t:|1769402263
|move|p1a: Zamazenta|Substitute|p1a: Zamazenta
|-start|p1a: Zamazenta|Substitute
|-damage|p1a: Zamazenta|57/100
|move|p2a: Zapdos|Hurricane|p1a: Zamazenta
|-supereffective|p1a: Zamazenta
|-end|p1a: Zamazenta|Substitute
|
|-heal|p1a: Zamazenta|63/100|[from] item: Leftovers
|upkeep
|turn|28
|
|t:|1769402265
|move|p1a: Zamazenta|Substitute|p1a: Zamazenta
|-start|p1a: Zamazenta|Substitute
|-damage|p1a: Zamazenta|38/100
|move|p2a: Zapdos|Hurricane|p1a: Zamazenta
|-supereffective|p1a: Zamazenta
|-end|p1a: Zamazenta|Substitute
|
|-heal|p1a: Zamazenta|44/100|[from] item: Leftovers
|upkeep
|turn|29
|
|t:|1769402268
|move|p1a: Zamazenta|Substitute|p1a: Zamazenta
|-start|p1a: Zamazenta|Substitute
|-damage|p1a: Zamazenta|19/100
|move|p2a: Zapdos|Hurricane|p1a: Zamazenta|[miss]
|-miss|p2a: Zapdos|p1a: Zamazenta
|
|-heal|p1a: Zamazenta|25/100|[from] item: Leftovers
|upkeep
|turn|30
|
|t:|1769402273
|move|p1a: Zamazenta|Body Press|p2a: Zapdos
|-resisted|p2a: Zapdos
|-damage|p2a: Zapdos|67/100
|-status|p1a: Zamazenta|par|[from] ability: Static|[of] p2a: Zapdos
|move|p2a: Zapdos|Hurricane|p1a: Zamazenta
|-supereffective|p1a: Zamazenta
|-end|p1a: Zamazenta|Substitute
|
|-heal|p1a: Zamazenta|32/100 par|[from] item: Leftovers
|upkeep
|turn|31
|
|t:|1769402278
|move|p2a: Zapdos|Hurricane|p1a: Zamazenta
|-supereffective|p1a: Zamazenta
|-damage|p1a: Zamazenta|0 fnt
|faint|p1a: Zamazenta
|
|upkeep
|
|t:|1769402281
|switch|p1a: Enamorus|Enamorus, F|76/100
|-damage|p1a: Enamorus|51/100|[from] Stealth Rock
|turn|32
|
|t:|1769402287
|switch|p2a: Iron Treads|Iron Treads|100/100
|move|p1a: Enamorus|Moonblast|p2a: Iron Treads
|-resisted|p2a: Iron Treads
|-damage|p2a: Iron Treads|74/100
|
|upkeep
|turn|33
|
|t:|1769402291
|switch|p1a: Bellossom|Bellossom, M|100/100
|-damage|p1a: Bellossom|88/100|[from] Stealth Rock
|move|p2a: Iron Treads|Rapid Spin|p1a: Bellossom
|-damage|p1a: Bellossom|76/100
|-boost|p2a: Iron Treads|spe|1
|-enditem|p1a: Bellossom|Kee Berry|[eat]
|-boost|p1a: Bellossom|def|1|[from] item: Kee Berry
|
|upkeep
|turn|34
|
|t:|1769402293
|move|p2a: Iron Treads|Ice Spinner|p1a: Bellossom
|-supereffective|p1a: Bellossom
|-damage|p1a: Bellossom|51/100
|move|p1a: Bellossom|Quiver Dance|p1a: Bellossom
|-boost|p1a: Bellossom|spa|1
|-boost|p1a: Bellossom|spd|1
|-boost|p1a: Bellossom|spe|1
|
|upkeep
|turn|35
|
|t:|1769402298
|-end|p2a: Iron Treads|Quark Drive|[silent]
|switch|p2a: Zapdos|Zapdos|67/100
|move|p1a: Bellossom|Quiver Dance|p1a: Bellossom
|-boost|p1a: Bellossom|spa|1
|-boost|p1a: Bellossom|spd|1
|-boost|p1a: Bellossom|spe|1
|
|upkeep
|turn|36
|
|t:|1769402301
|move|p1a: Bellossom|Quiver Dance|p1a: Bellossom
|-boost|p1a: Bellossom|spa|1
|-boost|p1a: Bellossom|spd|1
|-boost|p1a: Bellossom|spe|1
|move|p2a: Zapdos|Hurricane|p1a: Bellossom
|-supereffective|p1a: Bellossom
|-damage|p1a: Bellossom|13/100
|-start|p1a: Bellossom|confusion
|
|upkeep
|turn|37
|
|t:|1769402309
|-activate|p1a: Bellossom|confusion
|move|p1a: Bellossom|Strength Sap|p2a: Zapdos
|-unboost|p2a: Zapdos|atk|1
|-heal|p1a: Bellossom|60/100
|move|p2a: Zapdos|Heat Wave|p1a: Bellossom
|-supereffective|p1a: Bellossom
|-damage|p1a: Bellossom|39/100
|-status|p1a: Bellossom|brn
|
|-damage|p1a: Bellossom|32/100 brn|[from] brn
|upkeep
|turn|38
|
|t:|1769402317
|-activate|p1a: Bellossom|confusion
|-damage|p1a: Bellossom|30/100 brn|[from] confusion
|move|p2a: Zapdos|Hurricane|p1a: Bellossom
|-supereffective|p1a: Bellossom
|-damage|p1a: Bellossom|0 fnt
|faint|p1a: Bellossom
|
|upkeep
|
|t:|1769402321
|switch|p1a: Enamorus|Enamorus, F|51/100
|-damage|p1a: Enamorus|26/100|[from] Stealth Rock
|turn|39
|
|t:|1769402323
|move|p1a: Enamorus|Moonblast|p2a: Zapdos
|-damage|p2a: Zapdos|17/100
|-unboost|p2a: Zapdos|spa|1
|move|p2a: Zapdos|Volt Switch|p1a: Enamorus
|-supereffective|p1a: Enamorus
|-damage|p1a: Enamorus|0 fnt
|faint|p1a: Enamorus
|
|win|BorderofSeal
|raw|suifenli's rating: 1575 &rarr; <strong>1555</strong><br />(-20 for losing)
|raw|BorderofSeal's rating: 1574 &rarr; <strong>1594</strong><br />(+20 for winning)
|l|☆suifenli
|player|p1|
|l|☆BorderofSeal
|player|p2|
