|j|☆Henriki
|j|☆Zyneso
|t:|1769442446
|gametype|singles
|player|p1|Henriki|cress|1353
|player|p2|Zyneso|roxie|1321
|gen|9
|tier|[Gen 9] OU
|rated|
|rule|HP Percentage Mod: HP is shown in percentages
|rule|Endless Battle Clause: Forcing endless battles is banned
|rule|Species Clause: Limit one of each Pokémon
|rule|OHKO Clause: OHKO moves are banned
|rule|Evasion Items Clause: Evasion items are banned
|rule|Evasion Moves Clause: Evasion moves are banned
|rule|Evasion Abilities Clause: Evasion abilities are banned
|rule|Sleep Moves Clause: Sleep-inducing moves are banned
|clearpoke
|poke|p1|Delibird, F|
|poke|p1|Kricketune, M|
|poke|p1|Mimikyu, M|
|poke|p1|Iron Moth|
|poke|p1|Iron Thorns|
|poke|p1|Tyranitar, M|
|poke|p2|Torkoal, F|
|poke|p2|Walking Wake|
|poke|p2|Raging Bolt|
|poke|p2|Venusaur, M|
|poke|p2|Great Tusk|
|poke|p2|Kingambit, M|
|teampreview
|
|t:|1769442453
|teamsize|p1|6
|teamsize|p2|6
|start
|switch|p1a: KrickeTrue...|Kricketune, M, shiny|100/100
|switch|p2a: Torkoal|Torkoal, F|100/100
|-weather|SunnyDay|[from] ability: Drought|[of] p2a: Torkoal
|turn|1
|
|t:|1769442459
|move|p1a: KrickeTrue...|Sticky Web|p2a: Torkoal
|-sidestart|p2: Zyneso|move: Sticky Web
|move|p2a: Torkoal|Stealth Rock|p1a: KrickeTrue...
|-sidestart|p1: Henriki|move: Stealth Rock
|
|-weather|SunnyDay|[upkeep]
|upkeep
|turn|2
|
|t:|1769442464
|move|p1a: KrickeTrue...|Knock Off|p2a: Torkoal
|-damage|p2a: Torkoal|85/100
|-enditem|p2a: Torkoal|Heat Rock|[from] move: Knock Off|[of] p1a: KrickeTrue...
|move|p2a: Torkoal|Rapid Spin|p1a: KrickeTrue...
|-damage|p1a: KrickeTrue...|83/100
|-boost|p2a: Torkoal|spe|1
|-sideend|p2: Zyneso|Sticky Web|[from] move: Rapid Spin|[of] p2a: Torkoal
|
|-weather|SunnyDay|[upkeep]
|upkeep
|turn|3
|
|t:|1769442470
|move|p1a: KrickeTrue...|Sticky Web|p2a: Torkoal
|-sidestart|p2: Zyneso|move: Sticky Web
|move|p2a: Torkoal|Lava Plume|p1a: KrickeTrue...
|-supereffective|p1a: KrickeTrue...
|-damage|p1a: KrickeTrue...|0 fnt
|faint|p1a: KrickeTrue...
|
|-weather|SunnyDay|[upkeep]
|upkeep
|inactive|Battle timer is ON: inactive players will automatically lose when time's up. (requested by Zyneso)
|
|t:|1769442491
|switch|p1a: 2ranitar|Tyranitar, M, shiny|100/100
|-damage|p1a: 2ranitar|88/100|[from] Stealth Rock
|-weather|Sandstorm|[from] ability: Sand Stream|[of] p1a: 2ranitar
|turn|4
|
|t:|1769442496
|move|p1a: 2ranitar|Dragon Dance|p1a: 2ranitar
|-boost|p1a: 2ranitar|atk|1
|-boost|p1a: 2ranitar|spe|1
|move|p2a: Torkoal|Rapid Spin|p1a: 2ranitar
|-resisted|p1a: 2ranitar
|-damage|p1a: 2ranitar|84/100
|-boost|p2a: Torkoal|spe|1
|-sideend|p2: Zyneso|Sticky Web|[from] move: Rapid Spin|[of] p2a: Torkoal
|
|-weather|Sandstorm|[upkeep]
|-damage|p2a: Torkoal|79/100|[from] Sandstorm
|upkeep
|turn|5
|
|t:|1769442500
|move|p1a: 2ranitar|Dragon Dance|p1a: 2ranitar
|-boost|p1a: 2ranitar|atk|1
|-boost|p1a: 2ranitar|spe|1
|move|p2a: Torkoal|Lava Plume|p1a: 2ranitar
|-resisted|p1a: 2ranitar
|-damage|p1a: 2ranitar|77/100
|
|-weather|Sandstorm|[upkeep]
|-damage|p2a: Torkoal|73/100|[from] Sandstorm
|upkeep
|turn|6
|
|t:|1769442510
|switch|p2a: Great Tusk|Great Tusk|100/100
|-enditem|p2a: Great Tusk|Booster Energy
|-activate|p2a: Great Tusk|ability: Protosynthesis|[fromitem]
|-start|p2a: Great Tusk|protosynthesisatk
|move|p1a: 2ranitar|Dragon Dance|p1a: 2ranitar
|-boost|p1a: 2ranitar|atk|1
|-boost|p1a: 2ranitar|spe|1
|
|-weather|Sandstorm|[upkeep]
|upkeep
|turn|7
|
|t:|1769442517
|move|p1a: 2ranitar|Earthquake|p2a: Great Tusk
|-damage|p2a: Great Tusk|35/100
|move|p2a: Great Tusk|Headlong Rush|p1a: 2ranitar
|-supereffective|p1a: 2ranitar
|-damage|p1a: 2ranitar|0 fnt
|-unboost|p2a: Great Tusk|def|1
|-unboost|p2a: Great Tusk|spd|1
|faint|p1a: 2ranitar
|
|-weather|Sandstorm|[upkeep]
|upkeep
|
|t:|1769442541
|switch|p1a: The Called Boss|Iron Thorns, shiny|100/100
|-damage|p1a: The Called Boss|88/100|[from] Stealth Rock
|-enditem|p1a: The Called Boss|Booster Energy
|-activate|p1a: The Called Boss|ability: Quark Drive|[fromitem]
|-start|p1a: The Called Boss|quarkdriveatk
|turn|8
|
|t:|1769442543
|-terastallize|p1a: The Called Boss|Flying
|move|p2a: Great Tusk|Headlong Rush|p1a: The Called Boss
|-immune|p1a: The Called Boss
|move|p1a: The Called Boss|Dragon Dance|p1a: The Called Boss
|-boost|p1a: The Called Boss|atk|1
|-boost|p1a: The Called Boss|spe|1
|
|-weather|none
|upkeep
|turn|9
|
|t:|1769442549
|move|p1a: The Called Boss|Dragon Dance|p1a: The Called Boss
|-boost|p1a: The Called Boss|atk|1
|-boost|p1a: The Called Boss|spe|1
|move|p2a: Great Tusk|Ice Spinner|p1a: The Called Boss
|-supereffective|p1a: The Called Boss
|-damage|p1a: The Called Boss|18/100
|
|upkeep
|turn|10
|
|t:|1769442557
|move|p1a: The Called Boss|Ice Punch|p2a: Great Tusk
|-supereffective|p2a: Great Tusk
|-damage|p2a: Great Tusk|0 fnt
|faint|p2a: Great Tusk
|-end|p2a: Great Tusk|Protosynthesis|[silent]
|
|upkeep
|
|t:|1769442560
|switch|p2a: Torkoal|Torkoal, F|73/100
|-weather|SunnyDay|[from] ability: Drought|[of] p2a: Torkoal
|turn|11
|
|t:|1769442564
|move|p1a: The Called Boss|Supercell Slam|p2a: Torkoal
|-damage|p2a: Torkoal|0 fnt
|faint|p2a: Torkoal
|
|-weather|SunnyDay|[upkeep]
|upkeep
|
|t:|1769442567
|switch|p2a: Walking Wake|Walking Wake|100/100
|-activate|p2a: Walking Wake|ability: Protosynthesis
|-start|p2a: Walking Wake|protosynthesisspe
|turn|12
|
|t:|1769442571
|-terastallize|p2a: Walking Wake|Water
|move|p1a: The Called Boss|Supercell Slam|p2a: Walking Wake
|-supereffective|p2a: Walking Wake
|-damage|p2a: Walking Wake|0 fnt
|faint|p2a: Walking Wake
|-end|p2a: Walking Wake|Protosynthesis|[silent]
|
|-weather|SunnyDay|[upkeep]
|upkeep
|
|t:|1769442578
|switch|p2a: Raging Bolt|Raging Bolt|100/100
|-activate|p2a: Raging Bolt|ability: Protosynthesis
|-start|p2a: Raging Bolt|protosynthesisspa
|turn|13
|
|t:|1769442580
|move|p2a: Raging Bolt|Thunderclap||[still]
|-fail|p2a: Raging Bolt
|move|p1a: The Called Boss|Dragon Dance|p1a: The Called Boss
|-boost|p1a: The Called Boss|atk|1
|-boost|p1a: The Called Boss|spe|1
|
|-weather|SunnyDay|[upkeep]
|upkeep
|turn|14
|
|t:|1769442584
|move|p2a: Raging Bolt|Thunderclap||[still]
|-fail|p2a: Raging Bolt
|move|p1a: The Called Boss|Dragon Dance|p1a: The Called Boss
|-boost|p1a: The Called Boss|atk|1
|-boost|p1a: The Called Boss|spe|1
|
|-weather|SunnyDay|[upkeep]
|upkeep
|turn|15
|
|t:|1769442587
|move|p2a: Raging Bolt|Thunderclap|p1a: The Called Boss
|-supereffective|p1a: The Called Boss
|-damage|p1a: The Called Boss|0 fnt
|faint|p1a: The Called Boss
|-end|p1a: The Called Boss|Quark Drive|[silent]
|
|-weather|none
|-end|p2a: Raging Bolt|Protosynthesis
|upkeep
|
|t:|1769442597
|switch|p1a: Barbakyu|Mimikyu, M, shiny|100/100
|-damage|p1a: Barbakyu|88/100|[from] Stealth Rock
|turn|16
|
|t:|1769442599
|move|p1a: Barbakyu|Play Rough|p2a: Raging Bolt
|-supereffective|p2a: Raging Bolt
|-damage|p2a: Raging Bolt|7/100
|-damage|p1a: Barbakyu|78/100|[from] item: Life Orb
|move|p2a: Raging Bolt|Volt Switch|p1a: Barbakyu
|-activate|p1a: Barbakyu|ability: Disguise
|-damage|p1a: Barbakyu|78/100
|detailschange|p1a: Barbakyu|Mimikyu-Busted, M, shiny
|-damage|p1a: Barbakyu|66/100|[from] pokemon: Mimikyu-Busted
|
|t:|1769442603
|-end|p2a: Raging Bolt|Protosynthesis|[silent]
|switch|p2a: Venusaur|Venusaur, M|100/100|[from] Volt Switch
|
|upkeep
|turn|17
|
|t:|1769442608
|move|p1a: Barbakyu|Swords Dance|p1a: Barbakyu
|-boost|p1a: Barbakyu|atk|2
|move|p2a: Venusaur|Giga Drain|p1a: Barbakyu
|-damage|p1a: Barbakyu|7/100
|-damage|p2a: Venusaur|91/100|[from] item: Life Orb
|
|upkeep
|turn|18
|
|t:|1769442622
|move|p1a: Barbakyu|Shadow Sneak|p2a: Venusaur
|-damage|p2a: Venusaur|30/100
|-damage|p1a: Barbakyu|0 fnt|[from] item: Life Orb
|faint|p1a: Barbakyu
|move|p2a: Venusaur|Giga Drain|p1: Barbakyu|[notarget]
|-fail|p2a: Venusaur
|
|upkeep
|
|t:|1769442627
|switch|p1a: Our Section™|Iron Moth, shiny|100/100
|-damage|p1a: Our Section™|76/100|[from] Stealth Rock
|turn|19
|
|t:|1769442633
|move|p1a: Our Section™|Fiery Dance|p2a: Venusaur
|-supereffective|p2a: Venusaur
|-damage|p2a: Venusaur|0 fnt
|faint|p2a: Venusaur
|
|upkeep
|
|t:|1769442635
|switch|p2a: Raging Bolt|Raging Bolt|7/100
|turn|20
|
|t:|1769442640
|move|p2a: Raging Bolt|Thunderclap|p1a: Our Section™
|-damage|p1a: Our Section™|34/100
|move|p1a: Our Section™|Meteor Beam||[still]
|-prepare|p1a: Our Section™|Meteor Beam
|-boost|p1a: Our Section™|spa|1
|-enditem|p1a: Our Section™|Power Herb
|-anim|p1a: Our Section™|Meteor Beam|p2a: Raging Bolt
|-damage|p2a: Raging Bolt|0 fnt
|faint|p2a: Raging Bolt
|-end|p2a: Raging Bolt|Protosynthesis|[silent]
|
|upkeep
|
|t:|1769442643
|switch|p2a: Kingambit|Kingambit, M|100/100
|-activate|p2a: Kingambit|ability: Supreme Overlord
|-start|p2a: Kingambit|fallen5|[silent]
|turn|21
|
|t:|1769442646
|move|p2a: Kingambit|Sucker Punch|p1a: Our Section™
|-damage|p1a: Our Section™|0 fnt
|faint|p1a: Our Section™
|-end|p1a: Our Section™|Quark Drive|[silent]
|
|upkeep
|
|t:|1769442648
|switch|p1a: Deli Dallying|Delibird, F, shiny|100/100
|-damage|p1a: Deli Dallying|50/100|[from] Stealth Rock
|turn|22
|
|t:|1769442650
|move|p1a: Deli Dallying|Brick Break|p2a: Kingambit|[miss]
|-miss|p1a: Deli Dallying|p2a: Kingambit
|move|p2a: Kingambit|Swords Dance|p2a: Kingambit
|-boost|p2a: Kingambit|atk|2
|
|upkeep
|turn|23
|
|t:|1769442654
|move|p2a: Kingambit|Sucker Punch|p1a: Deli Dallying
|-damage|p1a: Deli Dallying|0 fnt
|faint|p1a: Deli Dallying
|
|win|Zyneso
|raw|Henriki's rating: 1353 &rarr; <strong>1331</strong><br />(-22 for losing)
|raw|Zyneso's rating: 1321 &rarr; <strong>1343</strong><br />(+22 for winning)
|l|☆Zyneso
|player|p2|
|l|☆Henriki
|player|p1|
