|j|☆lovemod
|j|☆lousiv
|t:|1769317634
|gametype|singles
|player|p1|lovemod|101|1307
|player|p2|lousiv|ltsurge|1360
|gen|9
|tier|[Gen 9] OU
|rated|
|rule|HP Percentage Mod: HP is shown in percentages
|rule|Endless Battle Clause: Forcing endless battles is banned
|rule|Species Clause: Limit one of each Pokémon
|rule|OHKO Clause: OHKO moves are banned
|rule|Evasion Items Clause: Evasion items are banned
|rule|Evasion Moves Clause: Evasion moves are banned
|rule|Evasion Abilities Clause: Evasion abilities are banned
|rule|Sleep Moves Clause: Sleep-inducing moves are banned
|clearpoke
|poke|p1|Clodsire, M|
|poke|p1|Dondozo, F|
|poke|p1|Alomomola, M|
|poke|p1|Talonflame, M|
|poke|p1|Toxapex, F|
|poke|p1|Blissey, F|
|poke|p2|Skarmory, F|
|poke|p2|Muk-Alola, F|
|poke|p2|Pecharunt|
|poke|p2|Great Tusk|
|poke|p2|Kyurem|
|poke|p2|Rotom-Wash|
|teampreview
|inactive|Battle timer is ON: inactive players will automatically lose when time's up. (requested by lousiv)
|
|t:|1769317649
|teamsize|p1|6
|teamsize|p2|6
|start
|switch|p1a: Blissey|Blissey, F|100/100
|switch|p2a: Kyurem|Kyurem|100/100
|-ability|p2a: Kyurem|Pressure
|turn|1
|
|t:|1769317656
|switch|p2a: Great Tusk|Great Tusk|100/100
|move|p1a: Blissey|Seismic Toss|p2a: Great Tusk
|-damage|p2a: Great Tusk|77/100
|
|upkeep
|turn|2
|
|t:|1769317668
|switch|p1a: Talonflame|Talonflame, M|100/100
|move|p2a: Great Tusk|Stealth Rock|p1a: Talonflame
|-sidestart|p1: lovemod|move: Stealth Rock
|
|upkeep
|turn|3
|
|t:|1769317673
|-end|p2a: Great Tusk|Protosynthesis|[silent]
|switch|p2a: Pecharunt|Pecharunt|100/100
|move|p1a: Talonflame|Defog|p2a: Pecharunt
|-unboost|p2a: Pecharunt|evasion|1
|-sideend|p1: lovemod|Stealth Rock|[from] move: Defog|[of] p1a: Talonflame
|
|upkeep
|turn|4
|
|t:|1769317680
|switch|p1a: Toxapex|Toxapex, F|100/100
|move|p2a: Pecharunt|Parting Shot|p1a: Toxapex
|-unboost|p1a: Toxapex|atk|1
|-unboost|p1a: Toxapex|spa|1
|
|t:|1769317685
|switch|p2a: Muk|Muk-Alola, F|100/100|[from] Parting Shot
|
|upkeep
|turn|5
|
|t:|1769317690
|move|p2a: Muk|Knock Off|p1a: Toxapex
|-damage|p1a: Toxapex|70/100
|-enditem|p1a: Toxapex|Heavy-Duty Boots|[from] move: Knock Off|[of] p2a: Muk
|move|p1a: Toxapex|Infestation|p2a: Muk
|-damage|p2a: Muk|99/100
|-activate|p2a: Muk|move: Infestation|[of] p1a: Toxapex
|
|-damage|p2a: Muk|87/100|[from] move: Infestation|[partiallytrapped]
|upkeep
|turn|6
|
|t:|1769317703
|move|p2a: Muk|Poison Jab|p1a: Toxapex
|-resisted|p1a: Toxapex
|-damage|p1a: Toxapex|57/100
|move|p1a: Toxapex|Infestation|p2a: Muk
|-damage|p2a: Muk|85/100
|
|-damage|p2a: Muk|73/100|[from] move: Infestation|[partiallytrapped]
|upkeep
|turn|7
|
|t:|1769317711
|move|p2a: Muk|Knock Off|p1a: Toxapex
|-damage|p1a: Toxapex|38/100
|move|p1a: Toxapex|Infestation|p2a: Muk
|-damage|p2a: Muk|72/100
|
|-damage|p2a: Muk|60/100|[from] move: Infestation|[partiallytrapped]
|upkeep
|turn|8
|
|t:|1769317717
|move|p2a: Muk|Knock Off|p1a: Toxapex
|-damage|p1a: Toxapex|19/100
|move|p1a: Toxapex|Recover|p1a: Toxapex
|-heal|p1a: Toxapex|69/100
|
|-damage|p2a: Muk|47/100|[from] move: Infestation|[partiallytrapped]
|upkeep
|turn|9
|
|t:|1769317724
|move|p2a: Muk|Knock Off|p1a: Toxapex
|-damage|p1a: Toxapex|48/100
|move|p1a: Toxapex|Infestation|p2a: Muk
|-damage|p2a: Muk|46/100
|
|-damage|p2a: Muk|34/100|[from] move: Infestation|[partiallytrapped]
|upkeep
|turn|10
|
|t:|1769317734
|move|p2a: Muk|Knock Off|p1a: Toxapex
|-damage|p1a: Toxapex|27/100
|move|p1a: Toxapex|Recover|p1a: Toxapex
|-heal|p1a: Toxapex|77/100
|
|-end|p2a: Muk|Infestation|[partiallytrapped]
|upkeep
|turn|11
|
|t:|1769317740
|switch|p2a: Kyurem|Kyurem|100/100
|-ability|p2a: Kyurem|Pressure
|move|p1a: Toxapex|Infestation|p2a: Kyurem
|-damage|p2a: Kyurem|99/100
|-activate|p2a: Kyurem|move: Infestation|[of] p1a: Toxapex
|
|-damage|p2a: Kyurem|86/100|[from] move: Infestation|[partiallytrapped]
|upkeep
|turn|12
|
|t:|1769317751
|switch|p1a: Blissey|Blissey, F|100/100
|move|p2a: Kyurem|Freeze-Dry|p1a: Blissey
|-crit|p1a: Blissey
|-damage|p1a: Blissey|76/100
|
|-end|p2a: Kyurem|Infestation|[partiallytrapped]|[silent]
|upkeep
|turn|13
|
|t:|1769317761
|switch|p2a: Skarmory|Skarmory, F|100/100
|move|p1a: Blissey|Stealth Rock|p2a: Skarmory
|-sidestart|p2: lousiv|move: Stealth Rock
|
|upkeep
|turn|14
|-message|lousiv forfeited.
|
|win|lovemod
|raw|lovemod's rating: 1307 &rarr; <strong>1330</strong><br />(+23 for winning)
|raw|lousiv's rating: 1360 &rarr; <strong>1337</strong><br />(-23 for losing)
|l|☆lousiv
|player|p2|
|l|☆lovemod
|player|p1|
