|j|☆InahaFrost
|j|☆Jives99
|t:|1769369983
|gametype|singles
|player|p1|InahaFrost|n|1279
|player|p2|Jives99|169|1318
|gen|9
|tier|[Gen 9] OU
|rated|
|rule|HP Percentage Mod: HP is shown in percentages
|rule|Endless Battle Clause: Forcing endless battles is banned
|rule|Species Clause: Limit one of each Pokémon
|rule|OHKO Clause: OHKO moves are banned
|rule|Evasion Items Clause: Evasion items are banned
|rule|Evasion Moves Clause: Evasion moves are banned
|rule|Evasion Abilities Clause: Evasion abilities are banned
|rule|Sleep Moves Clause: Sleep-inducing moves are banned
|clearpoke
|poke|p1|Tyranitar, M|
|poke|p1|Minior-Indigo|
|poke|p1|Diancie|
|poke|p1|Ogerpon-Cornerstone, F|
|poke|p1|Iron Boulder|
|poke|p1|Kleavor, F|
|poke|p2|Kyurem|
|poke|p2|Ogerpon-Wellspring, F|
|poke|p2|Iron Crown|
|poke|p2|Walking Wake|
|poke|p2|Iron Valiant|
|poke|p2|Dragapult, F|
|teampreview
|
|t:|1769369991
|teamsize|p1|6
|teamsize|p2|6
|start
|switch|p1a: Kleavor|Kleavor, F, shiny|100/100
|switch|p2a: Ogerpon|Ogerpon-Wellspring, F|100/100
|turn|1
|
|t:|1769370000
|move|p1a: Kleavor|Fury Cutter|p2a: Ogerpon
|-supereffective|p2a: Ogerpon
|-damage|p2a: Ogerpon|2/100
|move|p2a: Ogerpon|Ivy Cudgel|p1a: Kleavor|[anim] Ivy Cudgel Water
|-supereffective|p1a: Kleavor
|-damage|p1a: Kleavor|0 fnt
|faint|p1a: Kleavor
|
|upkeep
|
|t:|1769370022
|switch|p1a: Ogerpon|Ogerpon-Cornerstone, F|100/100
|turn|2
|
|t:|1769370032
|switch|p2a: Iron Crown|Iron Crown|100/100
|move|p1a: Ogerpon|Ivy Cudgel|p2a: Iron Crown|[anim] Ivy Cudgel Rock
|-resisted|p2a: Iron Crown
|-crit|p2a: Iron Crown
|-damage|p2a: Iron Crown|57/100
|
|upkeep
|turn|3
|
|t:|1769370037
|move|p1a: Ogerpon|Swords Dance|p1a: Ogerpon
|-boost|p1a: Ogerpon|atk|2
|move|p2a: Iron Crown|Tachyon Cutter|p1a: Ogerpon
|-supereffective|p1a: Ogerpon
|-damage|p1a: Ogerpon|40/100
|-supereffective|p1a: Ogerpon
|-damage|p1a: Ogerpon|0 fnt
|faint|p1a: Ogerpon
|-hitcount|p1: Ogerpon|2
|
|upkeep
|
|t:|1769370046
|switch|p1a: Tyranitar|Tyranitar, M|100/100
|-weather|Sandstorm|[from] ability: Sand Stream|[of] p1a: Tyranitar
|turn|4
|
|t:|1769370052
|move|p2a: Iron Crown|Focus Blast|p1a: Tyranitar|[miss]
|-miss|p2a: Iron Crown|p1a: Tyranitar
|move|p1a: Tyranitar|Dragon Dance|p1a: Tyranitar
|-boost|p1a: Tyranitar|atk|1
|-boost|p1a: Tyranitar|spe|1
|
|-weather|Sandstorm|[upkeep]
|upkeep
|turn|5
|
|t:|1769370070
|move|p1a: Tyranitar|Knock Off|p2a: Iron Crown
|-supereffective|p2a: Iron Crown
|-crit|p2a: Iron Crown
|-damage|p2a: Iron Crown|0 fnt
|-enditem|p2a: Iron Crown|Assault Vest|[from] move: Knock Off|[of] p1a: Tyranitar
|faint|p2a: Iron Crown
|-end|p2a: Iron Crown|Quark Drive|[silent]
|
|-weather|Sandstorm|[upkeep]
|upkeep
|
|t:|1769370074
|switch|p2a: Walking Wake|Walking Wake|100/100
|turn|6
|
|t:|1769370080
|move|p1a: Tyranitar|Outrage|p2a: Walking Wake
|-supereffective|p2a: Walking Wake
|-damage|p2a: Walking Wake|0 fnt
|faint|p2a: Walking Wake
|-end|p2a: Walking Wake|Protosynthesis|[silent]
|
|-weather|Sandstorm|[upkeep]
|upkeep
|
|t:|1769370086
|switch|p2a: Iron Valiant|Iron Valiant|100/100
|-enditem|p2a: Iron Valiant|Booster Energy
|-activate|p2a: Iron Valiant|ability: Quark Drive|[fromitem]
|-start|p2a: Iron Valiant|quarkdrivespe
|turn|7
|
|t:|1769370091
|move|p2a: Iron Valiant|Close Combat|p1a: Tyranitar
|-supereffective|p1a: Tyranitar
|-damage|p1a: Tyranitar|0 fnt
|-unboost|p2a: Iron Valiant|def|1
|-unboost|p2a: Iron Valiant|spd|1
|faint|p1a: Tyranitar
|
|-weather|Sandstorm|[upkeep]
|-damage|p2a: Iron Valiant|94/100|[from] Sandstorm
|upkeep
|
|t:|1769370097
|switch|p1a: Diancie|Diancie, shiny|100/100
|turn|8
|
|t:|1769370111
|move|p2a: Iron Valiant|Close Combat|p1a: Diancie
|-damage|p1a: Diancie|70/100
|-unboost|p2a: Iron Valiant|def|1
|-unboost|p2a: Iron Valiant|spd|1
|move|p1a: Diancie|Moonblast|p2a: Iron Valiant
|-supereffective|p2a: Iron Valiant
|-damage|p2a: Iron Valiant|0 fnt
|faint|p2a: Iron Valiant
|-end|p2a: Iron Valiant|Quark Drive|[silent]
|
|-weather|Sandstorm|[upkeep]
|-heal|p1a: Diancie|76/100|[from] item: Leftovers
|upkeep
|
|t:|1769370117
|switch|p2a: Ogerpon|Ogerpon-Wellspring, F|2/100
|turn|9
|
|t:|1769370131
|move|p2a: Ogerpon|Ivy Cudgel|p1a: Diancie|[anim] Ivy Cudgel Water
|-supereffective|p1a: Diancie
|-damage|p1a: Diancie|1/100
|move|p1a: Diancie|Moonblast|p2a: Ogerpon
|-damage|p2a: Ogerpon|0 fnt
|faint|p2a: Ogerpon
|
|-weather|Sandstorm|[upkeep]
|-heal|p1a: Diancie|7/100|[from] item: Leftovers
|upkeep
|
|t:|1769370138
|switch|p2a: Dragapult|Dragapult, F|100/100
|turn|10
|
|t:|1769370142
|move|p2a: Dragapult|Dragon Darts|p1a: Diancie
|-immune|p1a: Diancie
|move|p1a: Diancie|Moonblast|p2a: Dragapult
|-supereffective|p2a: Dragapult
|-damage|p2a: Dragapult|0 fnt
|faint|p2a: Dragapult
|
|-weather|Sandstorm|[upkeep]
|-heal|p1a: Diancie|13/100|[from] item: Leftovers
|upkeep
|c|☆InahaFrost|Coverage?
|
|t:|1769370151
|switch|p2a: Kyurem|Kyurem|100/100
|-ability|p2a: Kyurem|Pressure
|turn|11
|
|t:|1769370160
|move|p2a: Kyurem|Earth Power|p1a: Diancie
|-supereffective|p1a: Diancie
|-damage|p1a: Diancie|0 fnt
|faint|p1a: Diancie
|
|-weather|none
|upkeep
|c|☆Jives99|I’m just an idiot
|
|t:|1769370175
|switch|p1a: Minior|Minior-Indigo, shiny|100/100
|-formechange|p1a: Minior|Minior-Meteor||[from] ability: Shields Down
|turn|12
|
|t:|1769370184
|-terastallize|p2a: Kyurem|Ground
|move|p2a: Kyurem|Freeze-Dry|p1a: Minior
|-supereffective|p1a: Minior
|-damage|p1a: Minior|14/100
|move|p1a: Minior|Shell Smash|p1a: Minior
|-unboost|p1a: Minior|def|1
|-unboost|p1a: Minior|spd|1
|-boost|p1a: Minior|atk|2
|-boost|p1a: Minior|spa|2
|-boost|p1a: Minior|spe|2
|-enditem|p1a: Minior|White Herb
|-clearnegativeboost|p1a: Minior|[silent]
|
|-formechange|p1a: Minior|Minior-Indigo||[from] ability: Shields Down
|upkeep
|turn|13
|c|☆InahaFrost|Lmao
|
|t:|1769370206
|-terastallize|p1a: Minior|Stellar
|move|p1a: Minior|Tera Blast|p2a: Kyurem|[anim] Tera Blast Stellar
|-supereffective|p2a: Kyurem
|-damage|p2a: Kyurem|0 fnt
|-unboost|p1a: Minior|atk|1
|-unboost|p1a: Minior|spa|1
|faint|p2a: Kyurem
|
|win|InahaFrost
|raw|InahaFrost's rating: 1279 &rarr; <strong>1307</strong><br />(+28 for winning)
|raw|Jives99's rating: 1318 &rarr; <strong>1296</strong><br />(-22 for losing)
|l|☆Jives99
|player|p2|
