|j|☆mimiqt314
|j|☆qwqwqqw
|t:|1769318263
|gametype|singles
|player|p1|mimiqt314|265|1483
|player|p2|qwqwqqw|1|1563
|gen|9
|tier|[Gen 9] OU
|rated|
|rule|HP Percentage Mod: HP is shown in percentages
|rule|Endless Battle Clause: Forcing endless battles is banned
|rule|Species Clause: Limit one of each Pokémon
|rule|OHKO Clause: OHKO moves are banned
|rule|Evasion Items Clause: Evasion items are banned
|rule|Evasion Moves Clause: Evasion moves are banned
|rule|Evasion Abilities Clause: Evasion abilities are banned
|rule|Sleep Moves Clause: Sleep-inducing moves are banned
|clearpoke
|poke|p1|Gholdengo|
|poke|p1|Dragonite, M|
|poke|p1|Raging Bolt|
|poke|p1|Great Tusk|
|poke|p1|Iron Valiant|
|poke|p1|Ting-Lu|
|poke|p2|Zoroark-Hisui, F|
|poke|p2|Slowking-Galar, F|
|poke|p2|Zapdos-Galar|
|poke|p2|Great Tusk|
|poke|p2|Clefable, M|
|poke|p2|Moltres|
|teampreview
|
|t:|1769318304
|teamsize|p1|6
|teamsize|p2|6
|start
|switch|p1a: Gholdengo|Gholdengo|100/100
|switch|p2a: Zapdos|Zapdos-Galar|100/100
|turn|1
|inactive|Battle timer is ON: inactive players will automatically lose when time's up. (requested by mimiqt314)
|
|t:|1769318310
|move|p2a: Zapdos|Shadow Ball|p1a: Gholdengo
|-supereffective|p1a: Gholdengo
|-damage|p1a: Gholdengo|0 fnt
|faint|p1a: Gholdengo
|
|upkeep
|
|t:|1769318328
|switch|p1a: Ting-Lu|Ting-Lu|100/100
|-ability|p1a: Ting-Lu|Vessel of Ruin
|turn|2
|
|t:|1769318333
|switch|p2a: Great Tusk|Great Tusk|100/100
|move|p1a: Ting-Lu|Stealth Rock|p2a: Great Tusk
|-sidestart|p2: qwqwqqw|move: Stealth Rock
|
|upkeep
|turn|3
|
|t:|1769318340
|move|p2a: Great Tusk|Rapid Spin|p1a: Ting-Lu
|-damage|p1a: Ting-Lu|92/100
|-boost|p2a: Great Tusk|spe|1
|-sideend|p2: qwqwqqw|Stealth Rock|[from] move: Rapid Spin|[of] p2a: Great Tusk
|move|p1a: Ting-Lu|Ruination|p2a: Great Tusk
|-damage|p2a: Great Tusk|51/100
|
|-heal|p1a: Ting-Lu|98/100|[from] item: Leftovers
|upkeep
|turn|4
|
|t:|1769318354
|move|p2a: Great Tusk|Close Combat|p1a: Ting-Lu
|-supereffective|p1a: Ting-Lu
|-damage|p1a: Ting-Lu|47/100
|-unboost|p2a: Great Tusk|def|1
|-unboost|p2a: Great Tusk|spd|1
|move|p1a: Ting-Lu|Stealth Rock|p2a: Great Tusk
|-sidestart|p2: qwqwqqw|move: Stealth Rock
|
|-heal|p1a: Ting-Lu|53/100|[from] item: Leftovers
|upkeep
|turn|5
|
|t:|1769318357
|move|p2a: Great Tusk|Rapid Spin|p1a: Ting-Lu
|-damage|p1a: Ting-Lu|45/100
|-boost|p2a: Great Tusk|spe|1
|-sideend|p2: qwqwqqw|Stealth Rock|[from] move: Rapid Spin|[of] p2a: Great Tusk
|move|p1a: Ting-Lu|Earthquake|p2a: Great Tusk
|-damage|p2a: Great Tusk|10/100
|
|-heal|p1a: Ting-Lu|51/100|[from] item: Leftovers
|upkeep
|turn|6
|
|t:|1769318362
|move|p2a: Great Tusk|Close Combat|p1a: Ting-Lu
|-supereffective|p1a: Ting-Lu
|-damage|p1a: Ting-Lu|0 fnt
|-unboost|p2a: Great Tusk|def|1
|-unboost|p2a: Great Tusk|spd|1
|faint|p1a: Ting-Lu
|
|upkeep
|
|t:|1769318368
|switch|p1a: Dragonite|Dragonite, M|100/100
|turn|7
|
|t:|1769318371
|move|p2a: Great Tusk|Ice Spinner|p1a: Dragonite
|-supereffective|p1a: Dragonite
|-damage|p1a: Dragonite|48/100
|move|p1a: Dragonite|Dragon Dance|p1a: Dragonite
|-boost|p1a: Dragonite|atk|1
|-boost|p1a: Dragonite|spe|1
|
|upkeep
|turn|8
|
|t:|1769318375
|move|p1a: Dragonite|Extreme Speed|p2a: Great Tusk
|-damage|p2a: Great Tusk|0 fnt
|-damage|p1a: Dragonite|31/100|[from] item: Rocky Helmet|[of] p2a: Great Tusk
|faint|p2a: Great Tusk
|-end|p2a: Great Tusk|Protosynthesis|[silent]
|
|upkeep
|
|t:|1769318377
|switch|p2a: Zapdos|Zapdos-Galar|100/100
|turn|9
|
|t:|1769318383
|move|p2a: Zapdos|Brave Bird|p1a: Dragonite
|-damage|p1a: Dragonite|0 fnt
|faint|p1a: Dragonite
|-damage|p2a: Zapdos|90/100|[from] Recoil
|
|upkeep
|
|t:|1769318389
|switch|p1a: Great Neck|Raging Bolt|100/100
|turn|10
|
|t:|1769318402
|switch|p2a: Moltres|Moltres|100/100
|move|p1a: Great Neck|Thunderbolt|p2a: Moltres
|-damage|p2a: Moltres|0 fnt
|replace|p2a: Zoroark|Zoroark-Hisui, F
|-end|p2a: Zoroark|Illusion
|faint|p2a: Zoroark
|
|upkeep
|
|t:|1769318407
|switch|p2a: Slowking|Slowking-Galar, F|100/100
|turn|11
|
|t:|1769318412
|-end|p1a: Great Neck|Protosynthesis|[silent]
|switch|p1a: Great Tusk|Great Tusk|100/100
|move|p2a: Slowking|Psychic Noise|p1a: Great Tusk
|-supereffective|p1a: Great Tusk
|-damage|p1a: Great Tusk|45/100
|-start|p1a: Great Tusk|move: Heal Block
|
|upkeep
|turn|12
|
|t:|1769318425
|-end|p1a: Great Tusk|Protosynthesis|[silent]
|switch|p1a: Great Neck|Raging Bolt|100/100
|switch|p2a: Moltres|Moltres|100/100
|
|upkeep
|turn|13
|
|t:|1769318433
|switch|p2a: Clefable|Clefable, M|100/100
|move|p1a: Great Neck|Thunderbolt|p2a: Clefable
|-damage|p2a: Clefable|30/100
|
|-heal|p2a: Clefable|36/100|[from] item: Leftovers
|upkeep
|turn|14
|
|t:|1769318438
|move|p1a: Great Neck|Thunderbolt|p2a: Clefable
|-damage|p2a: Clefable|0 fnt
|faint|p2a: Clefable
|
|upkeep
|
|t:|1769318442
|switch|p2a: Slowking|Slowking-Galar, F|100/100
|turn|15
|
|t:|1769318450
|move|p1a: Great Neck|Thunderbolt|p2a: Slowking
|-damage|p2a: Slowking|49/100
|move|p2a: Slowking|Psychic Noise|p1a: Great Neck
|-damage|p1a: Great Neck|74/100
|-start|p1a: Great Neck|move: Heal Block
|
|upkeep
|turn|16
|
|t:|1769318454
|move|p1a: Great Neck|Thunderbolt|p2a: Slowking
|-damage|p2a: Slowking|0 fnt
|faint|p2a: Slowking
|
|-end|p1a: Great Neck|move: Heal Block
|upkeep
|
|t:|1769318460
|switch|p2a: Zapdos|Zapdos-Galar|90/100
|turn|17
|
|t:|1769318466
|-end|p1a: Great Neck|Protosynthesis|[silent]
|switch|p1a: Great Tusk|Great Tusk|45/100
|-terastallize|p2a: Zapdos|Fighting
|move|p2a: Zapdos|Close Combat|p1a: Great Tusk
|-damage|p1a: Great Tusk|0 fnt
|-unboost|p2a: Zapdos|def|1
|-unboost|p2a: Zapdos|spd|1
|faint|p1a: Great Tusk
|-end|p1a: Great Tusk|Protosynthesis|[silent]
|
|upkeep
|
|t:|1769318471
|switch|p1a: Iron Valiant|Iron Valiant|100/100
|-enditem|p1a: Iron Valiant|Booster Energy
|-activate|p1a: Iron Valiant|ability: Quark Drive|[fromitem]
|-start|p1a: Iron Valiant|quarkdrivespe
|turn|18
|
|t:|1769318479
|switch|p2a: Moltres|Moltres|100/100
|move|p1a: Iron Valiant|Shadow Ball|p2a: Moltres
|-damage|p2a: Moltres|78/100
|
|upkeep
|turn|19
|
|t:|1769318494
|move|p1a: Iron Valiant|Shadow Ball|p2a: Moltres
|-damage|p2a: Moltres|53/100
|move|p2a: Moltres|Roost|p2a: Moltres
|-heal|p2a: Moltres|100/100
|-singleturn|p2a: Moltres|move: Roost
|
|upkeep
|turn|20
|
|t:|1769318499
|move|p1a: Iron Valiant|Encore|p2a: Moltres
|-start|p2a: Moltres|Encore
|move|p2a: Moltres|Roost||[still]
|-fail|p2a: Moltres|heal
|
|upkeep
|turn|21
|
|t:|1769318508
|-end|p1a: Iron Valiant|Quark Drive|[silent]
|switch|p1a: Great Neck|Raging Bolt|74/100
|move|p2a: Moltres|Roost||[still]
|-fail|p2a: Moltres|heal
|
|upkeep
|turn|22
|
|t:|1769318513
|move|p2a: Moltres|Roost||[still]
|-fail|p2a: Moltres|heal
|move|p1a: Great Neck|Thunderbolt|p2a: Moltres
|-supereffective|p2a: Moltres
|-damage|p2a: Moltres|0 fnt
|faint|p2a: Moltres
|
|upkeep
|
|t:|1769318515
|switch|p2a: Zapdos|Zapdos-Galar, tera:Fighting|90/100
|turn|23
|
|t:|1769318518
|-terastallize|p1a: Great Neck|Fairy
|move|p2a: Zapdos|Close Combat|p1a: Great Neck
|-resisted|p1a: Great Neck
|-damage|p1a: Great Neck|40/100
|-unboost|p2a: Zapdos|def|1
|-unboost|p2a: Zapdos|spd|1
|move|p1a: Great Neck|Thunderbolt|p2a: Zapdos
|-damage|p2a: Zapdos|0 fnt
|faint|p2a: Zapdos
|
|win|mimiqt314
|raw|mimiqt314's rating: 1483 &rarr; <strong>1508</strong><br />(+25 for winning)
|raw|qwqwqqw's rating: 1563 &rarr; <strong>1538</strong><br />(-25 for losing)
|l|☆qwqwqqw
|player|p2|
|l|☆mimiqt314
|player|p1|
