|j|☆Phillip Blevin
|j|☆Stroud Sucks
|t:|1769412408
|gametype|singles
|player|p1|Phillip Blevin|265|1405
|player|p2|Stroud Sucks|aquagruntf|1500
|gen|9
|tier|[Gen 9] OU
|rated|
|rule|HP Percentage Mod: HP is shown in percentages
|rule|Endless Battle Clause: Forcing endless battles is banned
|rule|Species Clause: Limit one of each Pokémon
|rule|OHKO Clause: OHKO moves are banned
|rule|Evasion Items Clause: Evasion items are banned
|rule|Evasion Moves Clause: Evasion moves are banned
|rule|Evasion Abilities Clause: Evasion abilities are banned
|rule|Sleep Moves Clause: Sleep-inducing moves are banned
|clearpoke
|poke|p1|Iron Hands|
|poke|p1|Mandibuzz, F|
|poke|p1|Garganacl, M|
|poke|p1|Landorus-Therian, M|
|poke|p1|Alomomola, M|
|poke|p1|Dragapult, M|
|poke|p2|Ogerpon-Wellspring, F|
|poke|p2|Garganacl, F|
|poke|p2|Great Tusk|
|poke|p2|Dragonite, M|
|poke|p2|Moltres|
|poke|p2|Darkrai|
|teampreview
|inactive|Battle timer is ON: inactive players will automatically lose when time's up. (requested by Phillip Blevin)
|
|t:|1769412412
|teamsize|p1|6
|teamsize|p2|6
|start
|switch|p1a: Dragapult|Dragapult, M|100/100
|switch|p2a: Ogerpon|Ogerpon-Wellspring, F|100/100
|turn|1
|
|t:|1769412415
|switch|p2a: Moltres|Moltres|100/100
|move|p1a: Dragapult|U-turn|p2a: Moltres
|-resisted|p2a: Moltres
|-damage|p2a: Moltres|94/100
|-status|p1a: Dragapult|brn|[from] ability: Flame Body|[of] p2a: Moltres
|
|t:|1769412419
|switch|p1a: Garganacl|Garganacl, M|100/100|[from] U-turn
|
|upkeep
|turn|2
|
|t:|1769412423
|switch|p2a: Garganacl|Garganacl, F|100/100
|move|p1a: Garganacl|Salt Cure|p2a: Garganacl
|-damage|p2a: Garganacl|92/100
|-start|p2a: Garganacl|Salt Cure
|
|-heal|p2a: Garganacl|98/100|[from] item: Leftovers
|-damage|p2a: Garganacl|86/100|[from] Salt Cure
|upkeep
|turn|3
|
|t:|1769412431
|move|p1a: Garganacl|Iron Defense|p1a: Garganacl
|-boost|p1a: Garganacl|def|2
|move|p2a: Garganacl|Stealth Rock|p1a: Garganacl
|-sidestart|p1: Phillip Blevin|move: Stealth Rock
|
|-heal|p2a: Garganacl|92/100|[from] item: Leftovers
|-damage|p2a: Garganacl|80/100|[from] Salt Cure
|upkeep
|turn|4
|
|t:|1769412439
|move|p1a: Garganacl|Body Press|p2a: Garganacl
|-supereffective|p2a: Garganacl
|-damage|p2a: Garganacl|22/100
|move|p2a: Garganacl|Salt Cure|p1a: Garganacl
|-damage|p1a: Garganacl|96/100
|-start|p1a: Garganacl|Salt Cure
|
|-heal|p2a: Garganacl|28/100|[from] item: Leftovers
|-heal|p1a: Garganacl|100/100|[from] item: Leftovers
|-damage|p2a: Garganacl|16/100|[from] Salt Cure
|-damage|p1a: Garganacl|88/100|[from] Salt Cure
|upkeep
|turn|5
|
|t:|1769412452
|move|p2a: Garganacl|Protect|p2a: Garganacl
|-singleturn|p2a: Garganacl|Protect
|move|p1a: Garganacl|Iron Defense|p1a: Garganacl
|-boost|p1a: Garganacl|def|2
|
|-heal|p1a: Garganacl|94/100|[from] item: Leftovers
|-heal|p2a: Garganacl|22/100|[from] item: Leftovers
|-damage|p1a: Garganacl|82/100|[from] Salt Cure
|-damage|p2a: Garganacl|9/100|[from] Salt Cure
|upkeep
|turn|6
|
|t:|1769412456
|move|p1a: Garganacl|Salt Cure|p2a: Garganacl
|-damage|p2a: Garganacl|0 fnt
|faint|p2a: Garganacl
|
|-heal|p1a: Garganacl|88/100|[from] item: Leftovers
|-damage|p1a: Garganacl|76/100|[from] Salt Cure
|upkeep
|
|t:|1769412476
|switch|p2a: Darkrai|Darkrai|100/100
|turn|7
|
|t:|1769412480
|switch|p1a: Iron Hands|Iron Hands|100/100
|-damage|p1a: Iron Hands|94/100|[from] Stealth Rock
|move|p2a: Darkrai|Dark Pulse|p1a: Iron Hands
|-resisted|p1a: Iron Hands
|-damage|p1a: Iron Hands|83/100
|
|upkeep
|turn|8
|
|t:|1769412483
|switch|p2a: Great Tusk|Great Tusk|100/100
|move|p1a: Iron Hands|Drain Punch|p2a: Great Tusk
|-damage|p2a: Great Tusk|68/100
|-heal|p1a: Iron Hands|97/100|[from] drain|[of] p2a: Great Tusk
|
|upkeep
|turn|9
|
|t:|1769412487
|-end|p1a: Iron Hands|Quark Drive|[silent]
|switch|p1a: Alomomola|Alomomola, M|100/100
|move|p2a: Great Tusk|Knock Off|p1a: Alomomola
|-damage|p1a: Alomomola|81/100
|-enditem|p1a: Alomomola|Heavy-Duty Boots|[from] move: Knock Off|[of] p2a: Great Tusk
|
|upkeep
|turn|10
|
|t:|1769412493
|-end|p2a: Great Tusk|Protosynthesis|[silent]
|switch|p2a: Ogerpon|Ogerpon-Wellspring, F|100/100
|switch|p1a: Dragapult|Dragapult, M|100/100 brn
|-damage|p1a: Dragapult|88/100 brn|[from] Stealth Rock
|
|-damage|p1a: Dragapult|82/100 brn|[from] brn
|upkeep
|turn|11
|
|t:|1769412501
|move|p1a: Dragapult|U-turn|p2a: Ogerpon
|-supereffective|p2a: Ogerpon
|-damage|p2a: Ogerpon|53/100
|
|t:|1769412503
|switch|p1a: Mandibuzz|Mandibuzz, F|100/100|[from] U-turn
|move|p2a: Ogerpon|Knock Off|p1a: Mandibuzz
|-resisted|p1a: Mandibuzz
|-damage|p1a: Mandibuzz|90/100
|-enditem|p1a: Mandibuzz|Heavy-Duty Boots|[from] move: Knock Off|[of] p2a: Ogerpon
|
|upkeep
|turn|12
|
|t:|1769412507
|move|p2a: Ogerpon|U-turn|p1a: Mandibuzz
|-damage|p1a: Mandibuzz|74/100
|
|t:|1769412510
|switch|p2a: Darkrai|Darkrai|100/100|[from] U-turn
|move|p1a: Mandibuzz|Defog|p2a: Darkrai
|-unboost|p2a: Darkrai|evasion|1
|-sideend|p1: Phillip Blevin|Stealth Rock|[from] move: Defog|[of] p1a: Mandibuzz
|
|upkeep
|turn|13
|
|t:|1769412514
|switch|p1a: Alomomola|Alomomola, M|100/100
|move|p2a: Darkrai|Trick|p1a: Alomomola
|-activate|p2a: Darkrai|move: Trick|[of] p1a: Alomomola
|-item|p1a: Alomomola|Choice Scarf|[from] move: Trick
|-enditem|p2a: Darkrai|Choice Scarf|[silent]|[from] move: Trick
|
|upkeep
|turn|14
|
|t:|1769412519
|switch|p2a: Ogerpon|Ogerpon-Wellspring, F|53/100
|move|p1a: Alomomola|Flip Turn|p2a: Ogerpon
|-heal|p2a: Ogerpon|78/100|[from] ability: Water Absorb|[of] p1a: Alomomola
|
|upkeep
|turn|15
|
|t:|1769412525
|switch|p1a: Dragapult|Dragapult, M|82/100 brn
|move|p2a: Ogerpon|Ivy Cudgel|p1a: Dragapult|[anim] Ivy Cudgel Water
|-resisted|p1a: Dragapult
|-damage|p1a: Dragapult|44/100 brn
|
|-damage|p1a: Dragapult|38/100 brn|[from] brn
|upkeep
|turn|16
|
|t:|1769412528
|switch|p2a: Moltres|Moltres|94/100
|move|p1a: Dragapult|U-turn|p2a: Moltres
|-resisted|p2a: Moltres
|-damage|p2a: Moltres|91/100
|
|t:|1769412531
|switch|p1a: Garganacl|Garganacl, M|76/100|[from] U-turn
|
|-heal|p1a: Garganacl|82/100|[from] item: Leftovers
|upkeep
|turn|17
|
|t:|1769412534
|switch|p2a: Darkrai|Darkrai|100/100
|move|p1a: Garganacl|Salt Cure|p2a: Darkrai
|-damage|p2a: Darkrai|81/100
|-start|p2a: Darkrai|Salt Cure
|
|-heal|p1a: Garganacl|88/100|[from] item: Leftovers
|-damage|p2a: Darkrai|69/100|[from] Salt Cure
|upkeep
|turn|18
|
|t:|1769412541
|switch|p2a: Great Tusk|Great Tusk|68/100
|switch|p1a: Iron Hands|Iron Hands|97/100
|
|upkeep
|turn|19
|
|t:|1769412545
|-end|p1a: Iron Hands|Quark Drive|[silent]
|switch|p1a: Alomomola|Alomomola, M|100/100
|move|p2a: Great Tusk|Headlong Rush|p1a: Alomomola
|-damage|p1a: Alomomola|67/100
|-unboost|p2a: Great Tusk|def|1
|-unboost|p2a: Great Tusk|spd|1
|
|upkeep
|turn|20
|
|t:|1769412549
|-end|p2a: Great Tusk|Protosynthesis|[silent]
|switch|p2a: Ogerpon|Ogerpon-Wellspring, F|78/100
|move|p1a: Alomomola|Wish|p1a: Alomomola
|
|upkeep
|turn|21
|
|t:|1769412553
|switch|p1a: Mandibuzz|Mandibuzz, F|74/100
|move|p2a: Ogerpon|Knock Off|p1a: Mandibuzz
|-resisted|p1a: Mandibuzz
|-damage|p1a: Mandibuzz|67/100
|
|-heal|p1a: Mandibuzz|100/100|[from] move: Wish|[wisher] Alomomola
|upkeep
|turn|22
|
|t:|1769412560
|move|p2a: Ogerpon|U-turn|p1a: Mandibuzz
|-damage|p1a: Mandibuzz|85/100
|
|t:|1769412562
|switch|p2a: Moltres|Moltres|91/100|[from] U-turn
|move|p1a: Mandibuzz|Foul Play|p2a: Moltres
|-damage|p2a: Moltres|63/100
|
|upkeep
|turn|23
|
|t:|1769412566
|switch|p1a: Garganacl|Garganacl, M|88/100
|move|p2a: Moltres|Roost|p2a: Moltres
|-heal|p2a: Moltres|100/100
|-singleturn|p2a: Moltres|move: Roost
|
|-heal|p1a: Garganacl|94/100|[from] item: Leftovers
|upkeep
|turn|24
|
|t:|1769412570
|switch|p2a: Ogerpon|Ogerpon-Wellspring, F|78/100
|move|p1a: Garganacl|Salt Cure|p2a: Ogerpon
|-damage|p2a: Ogerpon|61/100
|-start|p2a: Ogerpon|Salt Cure
|
|-heal|p1a: Garganacl|100/100|[from] item: Leftovers
|-damage|p2a: Ogerpon|36/100|[from] Salt Cure
|upkeep
|turn|25
|
|t:|1769412575
|move|p2a: Ogerpon|U-turn|p1a: Garganacl
|-damage|p1a: Garganacl|83/100
|
|t:|1769412577
|switch|p2a: Darkrai|Darkrai|69/100|[from] U-turn
|move|p1a: Garganacl|Iron Defense|p1a: Garganacl
|-boost|p1a: Garganacl|def|2
|
|-heal|p1a: Garganacl|89/100|[from] item: Leftovers
|upkeep
|turn|26
|
|t:|1769412583
|move|p2a: Darkrai|Dark Pulse|p1a: Garganacl
|-damage|p1a: Garganacl|61/100
|move|p1a: Garganacl|Body Press|p2a: Darkrai
|-supereffective|p2a: Darkrai
|-damage|p2a: Darkrai|0 fnt
|faint|p2a: Darkrai
|
|-heal|p1a: Garganacl|67/100|[from] item: Leftovers
|upkeep
|-message|Stroud Sucks forfeited.
|
|win|Phillip Blevin
|raw|Phillip Blevin's rating: 1405 &rarr; <strong>1430</strong><br />(+25 for winning)
|raw|Stroud Sucks's rating: 1500 &rarr; <strong>1475</strong><br />(-25 for losing)
|l|☆Stroud Sucks
|player|p2|
|l|☆Phillip Blevin
|player|p1|
