|j|☆Air Glider
|j|☆ratca
|t:|1769322695
|gametype|singles
|player|p1|Air Glider|170|1492
|player|p2|ratca|101|1465
|gen|9
|tier|[Gen 9] OU
|rated|
|rule|HP Percentage Mod: HP is shown in percentages
|rule|Endless Battle Clause: Forcing endless battles is banned
|rule|Species Clause: Limit one of each Pokémon
|rule|OHKO Clause: OHKO moves are banned
|rule|Evasion Items Clause: Evasion items are banned
|rule|Evasion Moves Clause: Evasion moves are banned
|rule|Evasion Abilities Clause: Evasion abilities are banned
|rule|Sleep Moves Clause: Sleep-inducing moves are banned
|clearpoke
|poke|p1|Pelipper, F|
|poke|p1|Iron Treads|
|poke|p1|Samurott-Hisui, M|
|poke|p1|Basculegion, M|
|poke|p1|Toxicroak, F|
|poke|p1|Tornadus-Therian, M|
|poke|p2|Hydrapple, F|
|poke|p2|Corviknight, F|
|poke|p2|Blissey, F|
|poke|p2|Dondozo, F|
|poke|p2|Clodsire, M|
|poke|p2|Gliscor, F|
|teampreview
|
|t:|1769322706
|teamsize|p1|6
|teamsize|p2|6
|start
|switch|p1a: Pelipper|Pelipper, F|100/100
|switch|p2a: Gliscor|Gliscor, F|100/100
|-weather|RainDance|[from] ability: Drizzle|[of] p1a: Pelipper
|turn|1
|
|t:|1769322712
|move|p2a: Gliscor|Protect|p2a: Gliscor
|-singleturn|p2a: Gliscor|Protect
|move|p1a: Pelipper|Surf|p2a: Gliscor
|-activate|p2a: Gliscor|move: Protect
|
|-weather|RainDance|[upkeep]
|-status|p2a: Gliscor|tox|[from] item: Toxic Orb
|upkeep
|turn|2
|
|t:|1769322722
|switch|p2a: Blissey|Blissey, F|100/100
|move|p1a: Pelipper|U-turn|p2a: Blissey
|-damage|p2a: Blissey|93/100
|inactive|Battle timer is ON: inactive players will automatically lose when time's up. (requested by ratca)
|
|t:|1769322750
|switch|p1a: Samurott|Samurott-Hisui, M|100/100|[from] U-turn
|
|-weather|RainDance|[upkeep]
|upkeep
|turn|3
|
|t:|1769322755
|move|p1a: Samurott|Knock Off|p2a: Blissey
|-damage|p2a: Blissey|25/100
|-enditem|p2a: Blissey|Heavy-Duty Boots|[from] move: Knock Off|[of] p1a: Samurott
|move|p2a: Blissey|Thunder Wave|p1a: Samurott
|-status|p1a: Samurott|par
|
|-weather|RainDance|[upkeep]
|upkeep
|turn|4
|
|t:|1769322765
|move|p1a: Samurott|Knock Off|p2a: Blissey
|-damage|p2a: Blissey|0 fnt
|faint|p2a: Blissey
|
|-weather|RainDance|[upkeep]
|upkeep
|
|t:|1769322778
|switch|p2a: Hydrapple|Hydrapple, F|100/100
|turn|5
|
|t:|1769322785
|switch|p1a: Toxicroak|Toxicroak, F|100/100
|move|p2a: Hydrapple|Nasty Plot|p2a: Hydrapple
|-boost|p2a: Hydrapple|spa|2
|
|-weather|RainDance|[upkeep]
|upkeep
|turn|6
|
|t:|1769322791
|move|p1a: Toxicroak|Encore|p2a: Hydrapple
|-start|p2a: Hydrapple|Encore
|move|p2a: Hydrapple|Nasty Plot|p2a: Hydrapple
|-boost|p2a: Hydrapple|spa|2
|
|-weather|RainDance|[upkeep]
|upkeep
|turn|7
|
|t:|1769322797
|move|p1a: Toxicroak|Knock Off|p2a: Hydrapple
|-damage|p2a: Hydrapple|87/100
|-enditem|p2a: Hydrapple|Life Orb|[from] move: Knock Off|[of] p1a: Toxicroak
|move|p2a: Hydrapple|Nasty Plot|p2a: Hydrapple
|-boost|p2a: Hydrapple|spa|2
|
|-weather|RainDance|[upkeep]
|upkeep
|turn|8
|
|t:|1769322804
|move|p1a: Toxicroak|Knock Off|p2a: Hydrapple
|-damage|p2a: Hydrapple|79/100
|move|p2a: Hydrapple|Nasty Plot|p2a: Hydrapple
|-boost|p2a: Hydrapple|spa|0
|
|-weather|none
|-end|p2a: Hydrapple|Encore
|upkeep
|turn|9
|
|t:|1769322811
|move|p1a: Toxicroak|Encore|p2a: Hydrapple
|-start|p2a: Hydrapple|Encore
|move|p2a: Hydrapple|Nasty Plot|p2a: Hydrapple
|-boost|p2a: Hydrapple|spa|0
|
|upkeep
|turn|10
|
|t:|1769322816
|move|p1a: Toxicroak|Knock Off|p2a: Hydrapple
|-damage|p2a: Hydrapple|69/100
|move|p2a: Hydrapple|Nasty Plot|p2a: Hydrapple
|-boost|p2a: Hydrapple|spa|0
|
|upkeep
|turn|11
|
|t:|1769322822
|move|p1a: Toxicroak|Toxic|p2a: Hydrapple
|-status|p2a: Hydrapple|tox
|move|p2a: Hydrapple|Nasty Plot|p2a: Hydrapple
|-boost|p2a: Hydrapple|spa|0
|
|-damage|p2a: Hydrapple|63/100 tox|[from] psn
|-end|p2a: Hydrapple|Encore
|upkeep
|turn|12
|
|t:|1769322832
|move|p1a: Toxicroak|Encore|p2a: Hydrapple
|-start|p2a: Hydrapple|Encore
|move|p2a: Hydrapple|Nasty Plot|p2a: Hydrapple
|-boost|p2a: Hydrapple|spa|0
|
|-damage|p2a: Hydrapple|51/100 tox|[from] psn
|upkeep
|turn|13
|
|t:|1769322840
|switch|p2a: Gliscor|Gliscor, F|100/100 tox
|move|p1a: Toxicroak|Knock Off|p2a: Gliscor
|-damage|p2a: Gliscor|86/100 tox
|-enditem|p2a: Gliscor|Toxic Orb|[from] move: Knock Off|[of] p1a: Toxicroak
|
|-heal|p2a: Gliscor|99/100 tox|[from] ability: Poison Heal
|upkeep
|turn|14
|
|t:|1769322850
|switch|p1a: Pelipper|Pelipper, F|100/100
|-weather|RainDance|[from] ability: Drizzle|[of] p1a: Pelipper
|move|p2a: Gliscor|Spikes|p1a: Pelipper
|-sidestart|p1: Air Glider|Spikes
|
|-weather|RainDance|[upkeep]
|-heal|p2a: Gliscor|100/100 tox|[from] ability: Poison Heal
|upkeep
|turn|15
|
|t:|1769322871
|switch|p2a: Hydrapple|Hydrapple, F|85/100 tox
|move|p1a: Pelipper|Surf|p2a: Hydrapple
|-resisted|p2a: Hydrapple
|-damage|p2a: Hydrapple|69/100 tox
|
|-weather|RainDance|[upkeep]
|-damage|p2a: Hydrapple|63/100 tox|[from] psn
|upkeep
|turn|16
|
|t:|1769322882
|move|p1a: Pelipper|Hurricane|p2a: Hydrapple
|-supereffective|p2a: Hydrapple
|-damage|p2a: Hydrapple|0 fnt
|faint|p2a: Hydrapple
|
|-weather|RainDance|[upkeep]
|upkeep
|
|t:|1769322893
|switch|p2a: Dondozo|Dondozo, F|100/100
|turn|17
|
|t:|1769322896
|move|p1a: Pelipper|Hurricane|p2a: Dondozo
|-damage|p2a: Dondozo|53/100
|move|p2a: Dondozo|Curse|p2a: Dondozo
|-unboost|p2a: Dondozo|spe|1
|-boost|p2a: Dondozo|atk|1
|-boost|p2a: Dondozo|def|1
|
|-weather|RainDance|[upkeep]
|-heal|p2a: Dondozo|59/100|[from] item: Leftovers
|upkeep
|turn|18
|
|t:|1769322905
|move|p1a: Pelipper|U-turn|p2a: Dondozo
|-damage|p2a: Dondozo|56/100
|
|t:|1769322906
|switch|p1a: Toxicroak|Toxicroak, F|100/100|[from] U-turn
|-damage|p1a: Toxicroak|88/100|[from] Spikes
|move|p2a: Dondozo|Wave Crash|p1a: Toxicroak
|-heal|p1a: Toxicroak|100/100|[from] ability: Dry Skin|[of] p2a: Dondozo
|
|-weather|RainDance|[upkeep]
|-heal|p2a: Dondozo|63/100|[from] item: Leftovers
|upkeep
|turn|19
|
|t:|1769322920
|switch|p2a: Clodsire|Clodsire, M|100/100
|move|p1a: Toxicroak|Encore||[still]
|-fail|p1a: Toxicroak
|
|-weather|RainDance|[upkeep]
|upkeep
|turn|20
|
|t:|1769322933
|move|p1a: Toxicroak|Knock Off|p2a: Clodsire
|-damage|p2a: Clodsire|76/100
|-enditem|p2a: Clodsire|Black Sludge|[from] move: Knock Off|[of] p1a: Toxicroak
|move|p2a: Clodsire|Toxic|p1a: Toxicroak
|-immune|p1a: Toxicroak
|
|-weather|RainDance|[upkeep]
|upkeep
|turn|21
|-message|ratca forfeited.
|
|win|Air Glider
|raw|Air Glider's rating: 1492 &rarr; <strong>1510</strong><br />(+18 for winning)
|raw|ratca's rating: 1465 &rarr; <strong>1447</strong><br />(-18 for losing)
|l|☆ratca
|player|p2|
