|j|☆treeny658
|j|☆dangerzone101
|t:|1769419633
|gametype|singles
|player|p1|treeny658|fisherman-gen4|1128
|player|p2|dangerzone101|169|1069
|gen|9
|tier|[Gen 9] OU
|rated|
|rule|HP Percentage Mod: HP is shown in percentages
|rule|Endless Battle Clause: Forcing endless battles is banned
|rule|Species Clause: Limit one of each Pokémon
|rule|OHKO Clause: OHKO moves are banned
|rule|Evasion Items Clause: Evasion items are banned
|rule|Evasion Moves Clause: Evasion moves are banned
|rule|Evasion Abilities Clause: Evasion abilities are banned
|rule|Sleep Moves Clause: Sleep-inducing moves are banned
|clearpoke
|poke|p1|Maushold-Four|
|poke|p1|Ceruledge, F|
|poke|p1|Dondozo, F|
|poke|p1|Tinkaton, F|
|poke|p1|Moltres-Galar|
|poke|p1|Zapdos|
|poke|p2|Meowscarada, F|
|poke|p2|Cinderace, F|
|poke|p2|Zangoose, M|
|poke|p2|Ursaring, F|
|poke|p2|Jolteon, F|
|poke|p2|Conkeldurr, F|
|teampreview
|inactive|Battle timer is ON: inactive players will automatically lose when time's up. (requested by dangerzone101)
|
|t:|1769419644
|teamsize|p1|6
|teamsize|p2|6
|start
|switch|p1a: Dondozo|Dondozo, F|100/100
|switch|p2a: Meowscarada|Meowscarada, F|100/100
|turn|1
|
|t:|1769419654
|switch|p1a: Ceruledge|Ceruledge, F|100/100
|move|p2a: Meowscarada|Flower Trick|p1a: Ceruledge
|-start|p2a: Meowscarada|typechange|Grass|[from] ability: Protean
|-resisted|p1a: Ceruledge
|-crit|p1a: Ceruledge
|-damage|p1a: Ceruledge|58/100
|-ability|p1a: Ceruledge|Weak Armor|boost
|-unboost|p1a: Ceruledge|def|1
|-boost|p1a: Ceruledge|spe|2
|-damage|p2a: Meowscarada|91/100|[from] item: Life Orb
|
|upkeep
|turn|2
|
|t:|1769419669
|switch|p2a: Cinderace|Cinderace, F|100/100
|move|p1a: Ceruledge|Bitter Blade|p2a: Cinderace
|-resisted|p2a: Cinderace
|-damage|p2a: Cinderace|67/100
|-heal|p1a: Ceruledge|76/100|[from] drain|[of] p2a: Cinderace
|
|upkeep
|turn|3
|
|t:|1769419682
|-terastallize|p1a: Ceruledge|Ghost
|move|p1a: Ceruledge|Poltergeist|p2a: Cinderace
|-activate|p2a: Cinderace|move: Poltergeist|Flame Orb
|-crit|p2a: Cinderace
|-damage|p2a: Cinderace|0 fnt
|faint|p2a: Cinderace
|
|upkeep
|
|t:|1769419701
|switch|p2a: Zangoose|Zangoose, M|100/100
|turn|4
|
|t:|1769419707
|move|p1a: Ceruledge|Bitter Blade|p2a: Zangoose
|-damage|p2a: Zangoose|20/100
|-heal|p1a: Ceruledge|100/100|[from] drain|[of] p2a: Zangoose
|move|p2a: Zangoose|Knock Off|p1a: Ceruledge
|-supereffective|p1a: Ceruledge
|-enditem|p1a: Ceruledge|Focus Sash
|-damage|p1a: Ceruledge|1/100
|-ability|p1a: Ceruledge|Weak Armor|boost
|-unboost|p1a: Ceruledge|def|1
|-boost|p1a: Ceruledge|spe|2
|
|upkeep
|turn|5
|
|t:|1769419722
|move|p1a: Ceruledge|Bitter Blade|p2a: Zangoose
|-damage|p2a: Zangoose|0 fnt
|-heal|p1a: Ceruledge|10/100|[from] drain|[of] p2a: Zangoose
|faint|p2a: Zangoose
|
|upkeep
|
|t:|1769419724
|switch|p2a: Ursaring|Ursaring, F|100/100
|turn|6
|
|t:|1769419732
|move|p1a: Ceruledge|Bitter Blade|p2a: Ursaring
|-damage|p2a: Ursaring|65/100
|-heal|p1a: Ceruledge|32/100|[from] drain|[of] p2a: Ursaring
|move|p2a: Ursaring|Trailblaze|p1a: Ceruledge
|-damage|p1a: Ceruledge|0 fnt
|-boost|p2a: Ursaring|spe|1
|faint|p1a: Ceruledge
|
|upkeep
|
|t:|1769419753
|switch|p1a: Maushold|Maushold-Four|100/100
|turn|7
|
|t:|1769419759
|move|p1a: Maushold|Population Bomb|p2a: Ursaring
|-damage|p2a: Ursaring|56/100
|-damage|p2a: Ursaring|46/100
|-damage|p2a: Ursaring|37/100
|-damage|p2a: Ursaring|28/100
|-damage|p2a: Ursaring|18/100
|-damage|p2a: Ursaring|9/100
|-damage|p2a: Ursaring|0 fnt
|faint|p2a: Ursaring
|-hitcount|p2: Ursaring|7
|
|upkeep
|
|t:|1769419762
|switch|p2a: Meowscarada|Meowscarada, F|91/100
|turn|8
|
|t:|1769419777
|move|p2a: Meowscarada|Triple Axel|p1a: Maushold
|-start|p2a: Meowscarada|typechange|Ice|[from] ability: Protean
|-damage|p1a: Maushold|80/100
|-hitcount|p1a: Maushold|1
|-damage|p2a: Meowscarada|81/100|[from] item: Life Orb
|move|p1a: Maushold|Encore|p2a: Meowscarada
|-start|p2a: Meowscarada|Encore
|
|upkeep
|turn|9
|
|t:|1769419788
|move|p2a: Meowscarada|Triple Axel|p1a: Maushold
|-crit|p1a: Maushold
|-damage|p1a: Maushold|51/100
|-damage|p1a: Maushold|13/100
|-damage|p1a: Maushold|0 fnt
|faint|p1a: Maushold
|-hitcount|p1: Maushold|3
|-damage|p2a: Meowscarada|71/100|[from] item: Life Orb
|
|upkeep
|
|t:|1769419800
|switch|p1a: Dondozo|Dondozo, F|100/100
|turn|10
|
|t:|1769419810
|switch|p2a: Jolteon|Jolteon, F|100/100
|move|p1a: Dondozo|Curse|p1a: Dondozo
|-unboost|p1a: Dondozo|spe|1
|-boost|p1a: Dondozo|atk|1
|-boost|p1a: Dondozo|def|1
|
|upkeep
|turn|11
|
|t:|1769419827
|switch|p1a: Tinkaton|Tinkaton, F|100/100
|-ability|p1a: Tinkaton|Mold Breaker
|-item|p1a: Tinkaton|Air Balloon
|move|p2a: Jolteon|Thunderbolt|p1a: Tinkaton
|-damage|p1a: Tinkaton|33/100
|-enditem|p1a: Tinkaton|Air Balloon
|
|upkeep
|turn|12
|
|t:|1769419839
|switch|p1a: Zapdos|Zapdos|100/100
|move|p2a: Jolteon|Thunderbolt|p1a: Zapdos
|-damage|p1a: Zapdos|38/100
|
|upkeep
|turn|13
|-message|treeny658 forfeited.
|
|win|dangerzone101
|raw|treeny658's rating: 1128 &rarr; <strong>1099</strong><br />(-29 for losing)
|raw|dangerzone101's rating: 1069 &rarr; <strong>1104</strong><br />(+35 for winning)
|l|☆treeny658
|player|p1|
|l|☆dangerzone101
|player|p2|
