|j|☆higashikataYashuo
|j|☆bpiubrt98tbj089
|t:|1769319784
|gametype|singles
|player|p1|higashikataYashuo|169|1192
|player|p2|bpiubrt98tbj089|1|1144
|gen|9
|tier|[Gen 9] OU
|rated|
|rule|HP Percentage Mod: HP is shown in percentages
|rule|Endless Battle Clause: Forcing endless battles is banned
|rule|Species Clause: Limit one of each Pokémon
|rule|OHKO Clause: OHKO moves are banned
|rule|Evasion Items Clause: Evasion items are banned
|rule|Evasion Moves Clause: Evasion moves are banned
|rule|Evasion Abilities Clause: Evasion abilities are banned
|rule|Sleep Moves Clause: Sleep-inducing moves are banned
|clearpoke
|poke|p1|Gholdengo|
|poke|p1|Ogerpon, F|
|poke|p1|Rillaboom, M|
|poke|p1|Samurott-Hisui, M|
|poke|p1|Glimmora, M|
|poke|p1|Raging Bolt|
|poke|p2|Alomomola, F|
|poke|p2|Charizard, M|
|poke|p2|Ninetales, F|
|poke|p2|Armarouge, M|
|poke|p2|Meowscarada, F|
|poke|p2|Leavanny, M|
|teampreview
|inactive|Battle timer is ON: inactive players will automatically lose when time's up. (requested by higashikataYashuo)
|
|t:|1769319795
|teamsize|p1|6
|teamsize|p2|6
|start
|switch|p1a: Glimmora|Glimmora, M, shiny|100/100
|switch|p2a: Ninetales|Ninetales, F|100/100
|-weather|SunnyDay|[from] ability: Drought|[of] p2a: Ninetales
|turn|1
|
|t:|1769319804
|move|p2a: Ninetales|Scorching Sands|p1a: Glimmora
|-supereffective|p1a: Glimmora
|-damage|p1a: Glimmora|16/100
|-enditem|p1a: Glimmora|Red Card|[of] p2a: Ninetales
|drag|p2a: Leavanny|Leavanny, M|100/100
|move|p1a: Glimmora|Stealth Rock|p2a: Leavanny
|-sidestart|p2: bpiubrt98tbj089|move: Stealth Rock
|
|-weather|SunnyDay|[upkeep]
|upkeep
|turn|2
|
|t:|1769319815
|switch|p1a: Raging Bolt|Raging Bolt|100/100
|-activate|p1a: Raging Bolt|ability: Protosynthesis
|-start|p1a: Raging Bolt|protosynthesisspa
|move|p2a: Leavanny|Knock Off|p1a: Raging Bolt
|-damage|p1a: Raging Bolt|73/100
|-enditem|p1a: Raging Bolt|Booster Energy|[from] move: Knock Off|[of] p2a: Leavanny
|
|-weather|SunnyDay|[upkeep]
|upkeep
|turn|3
|
|t:|1769319829
|move|p2a: Leavanny|Triple Axel|p1a: Raging Bolt
|-supereffective|p1a: Raging Bolt
|-damage|p1a: Raging Bolt|62/100
|-supereffective|p1a: Raging Bolt
|-damage|p1a: Raging Bolt|39/100
|-supereffective|p1a: Raging Bolt
|-damage|p1a: Raging Bolt|7/100
|-hitcount|p1a: Raging Bolt|3
|move|p1a: Raging Bolt|Dragon Pulse|p2a: Leavanny
|-damage|p2a: Leavanny|14/100
|
|-weather|SunnyDay|[upkeep]
|upkeep
|turn|4
|
|t:|1769319846
|move|p2a: Leavanny|Knock Off|p1a: Raging Bolt
|-damage|p1a: Raging Bolt|0 fnt
|faint|p1a: Raging Bolt
|-end|p1a: Raging Bolt|Protosynthesis|[silent]
|
|-weather|SunnyDay|[upkeep]
|upkeep
|
|t:|1769319857
|switch|p1a: Samurott|Samurott-Hisui, M, shiny|100/100
|turn|5
|
|t:|1769319863
|move|p1a: Samurott|Sucker Punch|p2a: Leavanny
|-damage|p2a: Leavanny|0 fnt
|faint|p2a: Leavanny
|
|-weather|none
|upkeep
|
|t:|1769319870
|switch|p2a: Meowscarada|Meowscarada, F|100/100
|-damage|p2a: Meowscarada|88/100|[from] Stealth Rock
|turn|6
|
|t:|1769319877
|switch|p1a: Glimmora|Glimmora, M, shiny|16/100
|move|p2a: Meowscarada|Bullet Seed|p1a: Glimmora
|-start|p2a: Meowscarada|typechange|Grass|[from] ability: Protean
|-damage|p1a: Glimmora|5/100
|-activate|p1a: Glimmora|ability: Toxic Debris
|-sidestart|p2: bpiubrt98tbj089|move: Toxic Spikes
|-damage|p1a: Glimmora|0 fnt
|-activate|p1a: Glimmora|ability: Toxic Debris
|-sidestart|p2: bpiubrt98tbj089|move: Toxic Spikes
|faint|p1a: Glimmora
|-hitcount|p1: Glimmora|2
|
|upkeep
|
|t:|1769319890
|switch|p1a: Ogerpon|Ogerpon, F|100/100
|turn|7
|
|t:|1769319894
|-terastallize|p1a: Ogerpon|Grass
|detailschange|p1a: Ogerpon|Ogerpon-Teal-Tera, F, tera:Grass
|-ability|p1a: Ogerpon|Embody Aspect (Teal)|boost
|-boost|p1a: Ogerpon|spe|1
|move|p1a: Ogerpon|U-turn|p2a: Meowscarada
|-supereffective|p2a: Meowscarada
|-damage|p2a: Meowscarada|0 fnt
|faint|p2a: Meowscarada
|
|t:|1769319902
|switch|p1a: Samurott|Samurott-Hisui, M, shiny|100/100|[from] U-turn
|
|upkeep
|
|t:|1769319910
|switch|p2a: Ninetales|Ninetales, F|100/100
|-damage|p2a: Ninetales|76/100|[from] Stealth Rock
|-status|p2a: Ninetales|tox
|-weather|SunnyDay|[from] ability: Drought|[of] p2a: Ninetales
|turn|8
|
|t:|1769319920
|-terastallize|p2a: Ninetales|Grass
|move|p2a: Ninetales|Solar Beam||[still]
|-prepare|p2a: Ninetales|Solar Beam
|-anim|p2a: Ninetales|Solar Beam|p1a: Samurott
|-supereffective|p1a: Samurott
|-damage|p1a: Samurott|0 fnt
|faint|p1a: Samurott
|-damage|p2a: Ninetales|66/100 tox|[from] item: Life Orb
|
|-weather|SunnyDay|[upkeep]
|-damage|p2a: Ninetales|60/100 tox|[from] psn
|upkeep
|
|t:|1769319927
|switch|p1a: Ogerpon|Ogerpon-Teal-Tera, F, tera:Grass|100/100
|-ability|p1a: Ogerpon|Embody Aspect (Teal)|boost
|-boost|p1a: Ogerpon|spe|1
|turn|9
|
|t:|1769319934
|move|p1a: Ogerpon|U-turn|p2a: Ninetales
|-supereffective|p2a: Ninetales
|-damage|p2a: Ninetales|0 fnt
|faint|p2a: Ninetales
|
|t:|1769319939
|switch|p1a: Rillaboom|Rillaboom, M, shiny|100/100|[from] U-turn
|-fieldstart|move: Grassy Terrain|[from] ability: Grassy Surge|[of] p1a: Rillaboom
|
|-weather|SunnyDay|[upkeep]
|upkeep
|
|t:|1769319945
|switch|p2a: Charizard|Charizard, M, shiny|100/100
|turn|10
|
|t:|1769319954
|switch|p1a: Gholdengo|Gholdengo, shiny|100/100
|-enditem|p1a: Gholdengo|Grassy Seed
|-boost|p1a: Gholdengo|def|1|[from] item: Grassy Seed
|move|p2a: Charizard|Flamethrower|p1a: Gholdengo
|-supereffective|p1a: Gholdengo
|-damage|p1a: Gholdengo|0 fnt
|faint|p1a: Gholdengo
|
|-weather|SunnyDay|[upkeep]
|-damage|p2a: Charizard|88/100|[from] ability: Solar Power|[of] p2a: Charizard
|upkeep
|
|t:|1769319959
|switch|p1a: Ogerpon|Ogerpon-Teal-Tera, F, tera:Grass|100/100
|-ability|p1a: Ogerpon|Embody Aspect (Teal)|boost
|-boost|p1a: Ogerpon|spe|1
|turn|11
|
|t:|1769319968
|move|p1a: Ogerpon|Rock Tomb|p2a: Charizard
|-supereffective|p2a: Charizard
|-crit|p2a: Charizard
|-damage|p2a: Charizard|0 fnt
|faint|p2a: Charizard
|
|-weather|SunnyDay|[upkeep]
|upkeep
|
|t:|1769319982
|switch|p2a: Alomomola|Alomomola, F|100/100
|-damage|p2a: Alomomola|88/100|[from] Stealth Rock
|-status|p2a: Alomomola|tox
|turn|12
|
|t:|1769319987
|switch|p1a: Rillaboom|Rillaboom, M, shiny|100/100
|switch|p2a: Armarouge|Armarouge, M|100/100
|
|-weather|none
|upkeep
|turn|13
|
|t:|1769319996
|move|p1a: Rillaboom|High Horsepower|p2a: Armarouge
|-supereffective|p2a: Armarouge
|-damage|p2a: Armarouge|34/100
|-ability|p2a: Armarouge|Weak Armor|boost
|-unboost|p2a: Armarouge|def|1
|-boost|p2a: Armarouge|spe|2
|-damage|p1a: Rillaboom|91/100|[from] item: Life Orb
|move|p2a: Armarouge|Armor Cannon|p1a: Rillaboom
|-supereffective|p1a: Rillaboom
|-damage|p1a: Rillaboom|0 fnt
|-unboost|p2a: Armarouge|def|1
|-unboost|p2a: Armarouge|spd|1
|faint|p1a: Rillaboom
|
|-heal|p2a: Armarouge|40/100|[from] Grassy Terrain
|-fieldend|move: Grassy Terrain
|upkeep
|
|t:|1769320001
|switch|p1a: Ogerpon|Ogerpon-Teal-Tera, F, tera:Grass|100/100
|-ability|p1a: Ogerpon|Embody Aspect (Teal)|boost
|-boost|p1a: Ogerpon|spe|1
|turn|14
|
|t:|1769320014
|move|p1a: Ogerpon|Ivy Cudgel|p2a: Armarouge
|-resisted|p2a: Armarouge
|-crit|p2a: Armarouge
|-damage|p2a: Armarouge|0 fnt
|faint|p2a: Armarouge
|
|upkeep
|
|t:|1769320023
|switch|p2a: Alomomola|Alomomola, F|100/100 tox
|-damage|p2a: Alomomola|88/100 tox|[from] Stealth Rock
|turn|15
|
|t:|1769320029
|move|p1a: Ogerpon|Ivy Cudgel|p2a: Alomomola
|-supereffective|p2a: Alomomola
|-damage|p2a: Alomomola|0 fnt
|faint|p2a: Alomomola
|
|win|higashikataYashuo
|raw|higashikataYashuo's rating: 1192 &rarr; <strong>1214</strong><br />(+22 for winning)
|raw|bpiubrt98tbj089's rating: 1144 &rarr; <strong>1122</strong><br />(-22 for losing)
|c|☆higashikataYashuo|gg
|l|☆bpiubrt98tbj089
|player|p2|
|l|☆higashikataYashuo
|player|p1|
