|j|☆Shy Sammy
|j|☆XXchuliu
|t:|1769405603
|gametype|singles
|player|p1|Shy Sammy|pokemaniac|1109
|player|p2|XXchuliu|bellelba|1161
|gen|9
|tier|[Gen 9] OU
|rated|
|rule|HP Percentage Mod: HP is shown in percentages
|rule|Endless Battle Clause: Forcing endless battles is banned
|rule|Species Clause: Limit one of each Pokémon
|rule|OHKO Clause: OHKO moves are banned
|rule|Evasion Items Clause: Evasion items are banned
|rule|Evasion Moves Clause: Evasion moves are banned
|rule|Evasion Abilities Clause: Evasion abilities are banned
|rule|Sleep Moves Clause: Sleep-inducing moves are banned
|clearpoke
|poke|p1|Pelipper, M|
|poke|p1|Barraskewda, M|
|poke|p1|Kingdra, M|
|poke|p1|Thundurus, M|
|poke|p1|Amoonguss, M|
|poke|p1|Clodsire, M|
|poke|p2|Corviknight, F|
|poke|p2|Clodsire, F|
|poke|p2|Raging Bolt|
|poke|p2|Ogerpon-Wellspring, F|
|poke|p2|Landorus-Therian, M|
|poke|p2|Dragapult, M|
|teampreview
|
|t:|1769405630
|teamsize|p1|6
|teamsize|p2|6
|start
|switch|p1a: Peppers|Pelipper, M|100/100
|switch|p2a: Raging Bolt|Raging Bolt|100/100
|-weather|RainDance|[from] ability: Drizzle|[of] p1a: Peppers
|turn|1
|
|t:|1769405639
|switch|p1a: Special Dumplin|Clodsire, M|100/100
|move|p2a: Raging Bolt|Draco Meteor|p1a: Special Dumplin
|-damage|p1a: Special Dumplin|65/100
|-unboost|p2a: Raging Bolt|spa|2
|
|-weather|RainDance|[upkeep]
|-heal|p1a: Special Dumplin|71/100|[from] item: Leftovers
|upkeep
|turn|2
|
|t:|1769405652
|-end|p2a: Raging Bolt|Protosynthesis|[silent]
|switch|p2a: Corviknight|Corviknight, F|100/100
|move|p1a: Special Dumplin|Toxic|p2a: Corviknight
|-immune|p2a: Corviknight
|
|-weather|RainDance|[upkeep]
|-heal|p1a: Special Dumplin|77/100|[from] item: Leftovers
|upkeep
|turn|3
|
|t:|1769405659
|switch|p1a: Old Fart|Thundurus, M|100/100
|move|p2a: Corviknight|Iron Defense|p2a: Corviknight
|-boost|p2a: Corviknight|def|2
|
|-weather|RainDance|[upkeep]
|upkeep
|turn|4
|
|t:|1769405670
|move|p1a: Old Fart|Nasty Plot|p1a: Old Fart
|-boost|p1a: Old Fart|spa|2
|move|p2a: Corviknight|U-turn|p1a: Old Fart
|-resisted|p1a: Old Fart
|-damage|p1a: Old Fart|91/100
|
|t:|1769405690
|switch|p2a: Dragapult|Dragapult, M|100/100|[from] U-turn
|
|-weather|RainDance|[upkeep]
|upkeep
|turn|5
|
|t:|1769405698
|move|p2a: Dragapult|Dragon Darts|p1a: Old Fart
|-damage|p1a: Old Fart|28/100
|-anim|p2a: Dragapult|Dragon Darts|p1a: Old Fart
|-damage|p1a: Old Fart|0 fnt
|faint|p1a: Old Fart
|
|-weather|RainDance|[upkeep]
|upkeep
|
|t:|1769405704
|switch|p1a: Vroom Vroom|Barraskewda, M|100/100
|turn|6
|
|t:|1769405720
|switch|p2a: Clodsire|Clodsire, F|100/100
|move|p1a: Vroom Vroom|Drill Run|p2a: Clodsire
|-supereffective|p2a: Clodsire
|-damage|p2a: Clodsire|15/100
|
|-weather|RainDance|[upkeep]
|-heal|p2a: Clodsire|21/100|[from] item: Leftovers
|upkeep
|turn|7
|
|t:|1769405744
|move|p2a: Clodsire|Protect|p2a: Clodsire
|-singleturn|p2a: Clodsire|Protect
|move|p1a: Vroom Vroom|Drill Run|p2a: Clodsire
|-activate|p2a: Clodsire|move: Protect
|
|-weather|RainDance|[upkeep]
|-heal|p2a: Clodsire|27/100|[from] item: Leftovers
|upkeep
|turn|8
|
|t:|1769405759
|switch|p2a: Dragapult|Dragapult, M|100/100
|move|p1a: Vroom Vroom|Drill Run|p2a: Dragapult
|-damage|p2a: Dragapult|39/100
|
|-weather|none
|upkeep
|turn|9
|
|t:|1769405771
|switch|p1a: Special Dumplin|Clodsire, M|77/100
|move|p2a: Dragapult|Dragon Darts|p1a: Special Dumplin
|-damage|p1a: Special Dumplin|30/100
|-anim|p2a: Dragapult|Dragon Darts|p1a: Special Dumplin
|-damage|p1a: Special Dumplin|0 fnt
|faint|p1a: Special Dumplin
|
|upkeep
|
|t:|1769405787
|switch|p1a: Peppers|Pelipper, M|100/100
|-weather|RainDance|[from] ability: Drizzle|[of] p1a: Peppers
|turn|10
|
|t:|1769405797
|switch|p1a: Eat Me|Amoonguss, M|100/100
|move|p2a: Dragapult|Dragon Darts|p1a: Eat Me
|-damage|p1a: Eat Me|69/100
|-anim|p2a: Dragapult|Dragon Darts|p1a: Eat Me
|-damage|p1a: Eat Me|37/100
|
|-weather|RainDance|[upkeep]
|upkeep
|turn|11
|
|t:|1769405806
|switch|p2a: Ogerpon|Ogerpon-Wellspring, F|100/100
|move|p1a: Eat Me|Stun Spore|p2a: Ogerpon
|-immune|p2a: Ogerpon
|
|-weather|RainDance|[upkeep]
|upkeep
|turn|12
|
|t:|1769405819
|move|p2a: Ogerpon|Ivy Cudgel|p1a: Eat Me|[anim] Ivy Cudgel Water
|-resisted|p1a: Eat Me
|-damage|p1a: Eat Me|2/100
|move|p1a: Eat Me|Sludge Bomb|p2a: Ogerpon
|-supereffective|p2a: Ogerpon
|-damage|p2a: Ogerpon|32/100
|
|-weather|RainDance|[upkeep]
|upkeep
|turn|13
|
|t:|1769405827
|move|p2a: Ogerpon|Ivy Cudgel|p1a: Eat Me|[anim] Ivy Cudgel Water
|-resisted|p1a: Eat Me
|-damage|p1a: Eat Me|0 fnt
|faint|p1a: Eat Me
|
|-weather|RainDance|[upkeep]
|upkeep
|
|t:|1769405835
|switch|p1a: Vroom Vroom|Barraskewda, M|100/100
|turn|14
|
|t:|1769405844
|switch|p2a: Landorus|Landorus-Therian, M|100/100
|-ability|p2a: Landorus|Intimidate|boost
|-unboost|p1a: Vroom Vroom|atk|1
|move|p1a: Vroom Vroom|Drill Run|p2a: Landorus
|-immune|p2a: Landorus
|
|-weather|RainDance|[upkeep]
|upkeep
|turn|15
|
|t:|1769405855
|switch|p1a: Pew Pew|Kingdra, M|100/100
|move|p2a: Landorus|U-turn|p1a: Pew Pew
|-damage|p1a: Pew Pew|74/100
|
|t:|1769405869
|switch|p2a: Ogerpon|Ogerpon-Wellspring, F|32/100|[from] U-turn
|
|-weather|RainDance|[upkeep]
|upkeep
|turn|16
|
|t:|1769405884
|move|p2a: Ogerpon|Spiky Shield|p2a: Ogerpon
|-singleturn|p2a: Ogerpon|move: Protect
|move|p1a: Pew Pew|Hurricane|p2a: Ogerpon
|-activate|p2a: Ogerpon|move: Protect
|
|-weather|RainDance|[upkeep]
|upkeep
|turn|17
|
|t:|1769405895
|switch|p2a: Corviknight|Corviknight, F|100/100
|move|p1a: Pew Pew|Hurricane|p2a: Corviknight
|-resisted|p2a: Corviknight
|-damage|p2a: Corviknight|74/100
|
|-weather|none
|-heal|p2a: Corviknight|80/100|[from] item: Leftovers
|upkeep
|turn|18
|
|t:|1769405904
|switch|p1a: Peppers|Pelipper, M|100/100
|-weather|RainDance|[from] ability: Drizzle|[of] p1a: Peppers
|move|p2a: Corviknight|U-turn|p1a: Peppers
|-resisted|p1a: Peppers
|-damage|p1a: Peppers|92/100
|
|t:|1769405911
|switch|p2a: Raging Bolt|Raging Bolt|100/100|[from] U-turn
|
|-weather|RainDance|[upkeep]
|upkeep
|turn|19
|
|t:|1769405926
|move|p2a: Raging Bolt|Volt Switch|p1a: Peppers
|-supereffective|p1a: Peppers
|-damage|p1a: Peppers|0 fnt
|faint|p1a: Peppers
|
|t:|1769405940
|-end|p2a: Raging Bolt|Protosynthesis|[silent]
|switch|p2a: Clodsire|Clodsire, F|27/100|[from] Volt Switch
|
|-weather|RainDance|[upkeep]
|-heal|p2a: Clodsire|33/100|[from] item: Leftovers
|upkeep
|
|t:|1769405949
|switch|p1a: Pew Pew|Kingdra, M|74/100
|turn|20
|
|t:|1769405956
|move|p2a: Clodsire|Protect|p2a: Clodsire
|-singleturn|p2a: Clodsire|Protect
|move|p1a: Pew Pew|Ice Beam|p2a: Clodsire
|-activate|p2a: Clodsire|move: Protect
|
|-weather|RainDance|[upkeep]
|-heal|p2a: Clodsire|40/100|[from] item: Leftovers
|upkeep
|turn|21
|
|t:|1769405964
|move|p1a: Pew Pew|Ice Beam|p2a: Clodsire
|-supereffective|p2a: Clodsire
|-damage|p2a: Clodsire|0 fnt
|faint|p2a: Clodsire
|
|-weather|RainDance|[upkeep]
|upkeep
|
|t:|1769405970
|switch|p2a: Corviknight|Corviknight, F|80/100
|turn|22
|
|t:|1769405976
|move|p1a: Pew Pew|Ice Beam|p2a: Corviknight
|-damage|p2a: Corviknight|40/100
|move|p2a: Corviknight|Roost|p2a: Corviknight
|-heal|p2a: Corviknight|90/100
|-singleturn|p2a: Corviknight|move: Roost
|
|-weather|RainDance|[upkeep]
|-heal|p2a: Corviknight|96/100|[from] item: Leftovers
|upkeep
|turn|23
|
|t:|1769405986
|switch|p1a: Vroom Vroom|Barraskewda, M|100/100
|move|p2a: Corviknight|U-turn|p1a: Vroom Vroom
|-damage|p1a: Vroom Vroom|77/100
|
|t:|1769405993
|switch|p2a: Landorus|Landorus-Therian, M|100/100|[from] U-turn
|-ability|p2a: Landorus|Intimidate|boost
|-unboost|p1a: Vroom Vroom|atk|1
|
|-weather|RainDance|[upkeep]
|upkeep
|turn|24
|
|t:|1769406001
|-terastallize|p1a: Vroom Vroom|Water
|move|p1a: Vroom Vroom|Aqua Jet|p2a: Landorus
|-supereffective|p2a: Landorus
|-damage|p2a: Landorus|39/100
|-damage|p1a: Vroom Vroom|60/100|[from] item: Rocky Helmet|[of] p2a: Landorus
|move|p2a: Landorus|U-turn|p1a: Vroom Vroom
|-damage|p1a: Vroom Vroom|20/100
|
|t:|1769406009
|switch|p2a: Corviknight|Corviknight, F|96/100|[from] U-turn
|
|-weather|RainDance|[upkeep]
|-heal|p2a: Corviknight|100/100|[from] item: Leftovers
|upkeep
|turn|25
|
|t:|1769406015
|move|p1a: Vroom Vroom|Aqua Jet|p2a: Corviknight
|-damage|p2a: Corviknight|74/100
|move|p2a: Corviknight|Iron Defense|p2a: Corviknight
|-boost|p2a: Corviknight|def|2
|
|-weather|none
|-heal|p2a: Corviknight|81/100|[from] item: Leftovers
|upkeep
|turn|26
|-message|Shy Sammy forfeited.
|
|win|XXchuliu
|raw|Shy Sammy's rating: 1109 &rarr; <strong>1088</strong><br />(-21 for losing)
|raw|XXchuliu's rating: 1161 &rarr; <strong>1182</strong><br />(+21 for winning)
|l|☆Shy Sammy
|player|p1|
|l|☆XXchuliu
|player|p2|
