|j|☆sr lightie
|j|☆waha8
|t:|1769348962
|gametype|singles
|player|p1|sr lightie|blue|1365
|player|p2|waha8|170|1427
|gen|9
|tier|[Gen 9] OU
|rated|
|rule|HP Percentage Mod: HP is shown in percentages
|rule|Endless Battle Clause: Forcing endless battles is banned
|rule|Species Clause: Limit one of each Pokémon
|rule|OHKO Clause: OHKO moves are banned
|rule|Evasion Items Clause: Evasion items are banned
|rule|Evasion Moves Clause: Evasion moves are banned
|rule|Evasion Abilities Clause: Evasion abilities are banned
|rule|Sleep Moves Clause: Sleep-inducing moves are banned
|clearpoke
|poke|p1|Umbreon, M|
|poke|p1|Ceruledge, M|
|poke|p1|Grimmsnarl, M|
|poke|p1|Farigiraf, F|
|poke|p1|Avalugg, M|
|poke|p1|Charizard, F|
|poke|p2|Hoopa-Unbound|
|poke|p2|Scizor, F|
|poke|p2|Cinderace, F|
|poke|p2|Samurott-Hisui, F|
|poke|p2|Indeedee, M|
|poke|p2|Gholdengo|
|teampreview
|inactive|Battle timer is ON: inactive players will automatically lose when time's up. (requested by sr lightie)
|
|t:|1769348980
|teamsize|p1|6
|teamsize|p2|6
|start
|switch|p1a: Avalugg|Avalugg, M|100/100
|switch|p2a: DeeDee|Indeedee, M|100/100
|-fieldstart|move: Psychic Terrain|[from] ability: Psychic Surge|[of] p2a: DeeDee
|turn|1
|
|t:|1769348986
|move|p2a: DeeDee|Expanding Force|p1a: Avalugg
|-crit|p1a: Avalugg
|-ability|p1a: Avalugg|Sturdy
|-damage|p1a: Avalugg|1/100
|move|p1a: Avalugg|Ice Spinner|p2a: DeeDee
|-damage|p2a: DeeDee|33/100
|-fieldend|move: Psychic Terrain
|
|upkeep
|turn|2
|
|t:|1769348994
|switch|p2a: Maka|Scizor, F|100/100
|switch|p1a: Grimmsnarl|Grimmsnarl, M, shiny|100/100
|
|upkeep
|turn|3
|
|t:|1769348999
|switch|p1a: Charizard|Charizard, F|100/100
|move|p2a: Maka|U-turn|p1a: Charizard
|-resisted|p1a: Charizard
|-damage|p1a: Charizard|88/100
|
|t:|1769349005
|switch|p2a: Jotaro|Hoopa-Unbound|100/100|[from] U-turn
|
|upkeep
|turn|4
|
|t:|1769349014
|switch|p1a: Avalugg|Avalugg, M|1/100
|move|p2a: Jotaro|Hyperspace Fury|p1a: Avalugg
|-damage|p1a: Avalugg|0 fnt
|-unboost|p2a: Jotaro|def|1
|faint|p1a: Avalugg
|-damage|p2a: Jotaro|91/100|[from] item: Life Orb
|
|upkeep
|inactive|sr lightie has 120 seconds left.
|
|t:|1769349071
|switch|p1a: Charizard|Charizard, F|88/100
|turn|5
|
|t:|1769349077
|move|p1a: Charizard|Dragon Dance|p1a: Charizard
|-boost|p1a: Charizard|atk|1
|-boost|p1a: Charizard|spe|1
|move|p2a: Jotaro|Hyperspace Fury|p1a: Charizard
|-damage|p1a: Charizard|0 fnt
|-unboost|p2a: Jotaro|def|1
|faint|p1a: Charizard
|-damage|p2a: Jotaro|81/100|[from] item: Life Orb
|
|upkeep
|c|☆sr lightie|oh choice
|
|t:|1769349087
|switch|p1a: Grimmsnarl|Grimmsnarl, M, shiny|100/100
|turn|6
|
|t:|1769349092
|switch|p2a: DeeDee|Indeedee, M|33/100
|-fieldstart|move: Psychic Terrain|[from] ability: Psychic Surge|[of] p2a: DeeDee
|move|p1a: Grimmsnarl|Spirit Break|p2a: DeeDee
|-damage|p2a: DeeDee|0 fnt
|faint|p2a: DeeDee
|
|upkeep
|c|☆sr lightie|nah
|c|☆sr lightie|life orb
|c|☆waha8|lol
|c|☆sr lightie|didnt see
|
|t:|1769349103
|switch|p2a: KeepTheChange|Gholdengo|100/100
|turn|7
|
|t:|1769349107
|move|p1a: Grimmsnarl|Light Screen|p1a: Grimmsnarl
|-sidestart|p1: sr lightie|move: Light Screen
|move|p2a: KeepTheChange|Trick|p1a: Grimmsnarl
|-activate|p2a: KeepTheChange|move: Trick|[of] p1a: Grimmsnarl
|-item|p1a: Grimmsnarl|Choice Specs|[from] move: Trick
|-item|p2a: KeepTheChange|Light Clay|[from] move: Trick
|
|upkeep
|turn|8
|
|t:|1769349114
|switch|p2a: Jotaro|Hoopa-Unbound|81/100
|move|p1a: Grimmsnarl|Reflect|p1a: Grimmsnarl
|-sidestart|p1: sr lightie|Reflect
|
|upkeep
|turn|9
|
|t:|1769349119
|switch|p1a: Farigiraf|Farigiraf, F|100/100
|move|p2a: Jotaro|Brick Break|p1a: Farigiraf
|-sideend|p1: sr lightie|Reflect
|-sideend|p1: sr lightie|move: Light Screen
|-damage|p1a: Farigiraf|54/100
|-damage|p2a: Jotaro|71/100|[from] item: Life Orb
|
|upkeep
|turn|10
|
|t:|1769349127
|move|p2a: Jotaro|Expanding Force|p1a: Farigiraf
|-resisted|p1a: Farigiraf
|-damage|p1a: Farigiraf|0 fnt
|faint|p1a: Farigiraf
|-damage|p2a: Jotaro|61/100|[from] item: Life Orb
|
|upkeep
|
|t:|1769349135
|switch|p1a: Grimmsnarl|Grimmsnarl, M, shiny|100/100
|turn|11
|
|t:|1769349140
|switch|p2a: ReverseUNO|Cinderace, F|100/100
|move|p1a: Grimmsnarl|Spirit Break|p2a: ReverseUNO
|-resisted|p2a: ReverseUNO
|-damage|p2a: ReverseUNO|78/100
|-unboost|p2a: ReverseUNO|spa|1
|
|upkeep
|turn|12
|
|t:|1769349148
|switch|p1a: Ceruledge|Ceruledge, M|100/100
|move|p2a: ReverseUNO|Gunk Shot|p1a: Ceruledge|[miss]
|-start|p2a: ReverseUNO|typechange|Poison|[from] ability: Libero
|-miss|p2a: ReverseUNO|p1a: Ceruledge
|
|upkeep
|turn|13
|
|t:|1769349165
|switch|p2a: KeepTheChange|Gholdengo|100/100
|move|p1a: Ceruledge|Bulk Up|p1a: Ceruledge
|-boost|p1a: Ceruledge|atk|1
|-boost|p1a: Ceruledge|def|1
|
|-fieldend|move: Psychic Terrain
|upkeep
|turn|14
|c|☆sr lightie|tough tean
|
|t:|1769349173
|move|p2a: KeepTheChange|Shadow Ball|p1a: Ceruledge
|-supereffective|p1a: Ceruledge
|-damage|p1a: Ceruledge|21/100
|-enditem|p1a: Ceruledge|Weakness Policy
|-boost|p1a: Ceruledge|atk|2|[from] item: Weakness Policy
|-boost|p1a: Ceruledge|spa|2|[from] item: Weakness Policy
|move|p1a: Ceruledge|Bitter Blade|p2a: KeepTheChange
|-supereffective|p2a: KeepTheChange
|-damage|p2a: KeepTheChange|0 fnt
|-heal|p1a: Ceruledge|65/100|[from] drain|[of] p2a: KeepTheChange
|faint|p2a: KeepTheChange
|
|upkeep
|c|☆sr lightie|hard to deal
|
|t:|1769349186
|switch|p2a: Sam|Samurott-Hisui, F|100/100
|turn|15
|
|t:|1769349190
|-terastallize|p1a: Ceruledge|Grass
|move|p2a: Sam|Ceaseless Edge|p1a: Ceruledge
|-damage|p1a: Ceruledge|29/100
|-sidestart|p1: sr lightie|Spikes
|move|p1a: Ceruledge|Brick Break|p2a: Sam
|-supereffective|p2a: Sam
|-damage|p2a: Sam|0 fnt
|faint|p2a: Sam
|
|upkeep
|
|t:|1769349201
|switch|p2a: ReverseUNO|Cinderace, F|78/100
|turn|16
|
|t:|1769349204
|move|p1a: Ceruledge|Shadow Sneak|p2a: ReverseUNO
|-crit|p2a: ReverseUNO
|-damage|p2a: ReverseUNO|0 fnt
|faint|p2a: ReverseUNO
|
|upkeep
|
|t:|1769349210
|switch|p2a: Maka|Scizor, F|100/100
|turn|17
|
|t:|1769349216
|-terastallize|p2a: Maka|Steel
|move|p1a: Ceruledge|Shadow Sneak|p2a: Maka
|-damage|p2a: Maka|39/100
|move|p2a: Maka|Bullet Punch|p1a: Ceruledge
|-damage|p1a: Ceruledge|0 fnt
|faint|p1a: Ceruledge
|
|upkeep
|
|t:|1769349220
|switch|p1a: Grimmsnarl|Grimmsnarl, M, shiny|100/100
|-damage|p1a: Grimmsnarl|88/100|[from] Spikes
|turn|18
|
|t:|1769349226
|move|p2a: Maka|Bullet Punch|p1a: Grimmsnarl
|-supereffective|p1a: Grimmsnarl
|-damage|p1a: Grimmsnarl|0 fnt
|faint|p1a: Grimmsnarl
|
|upkeep
|
|t:|1769349229
|switch|p1a: Lightie|Umbreon, M, shiny|100/100
|-damage|p1a: Lightie|88/100|[from] Spikes
|turn|19
|
|t:|1769349234
|move|p2a: Maka|U-turn|p1a: Lightie
|-supereffective|p1a: Lightie
|-damage|p1a: Lightie|28/100
|
|t:|1769349238
|switch|p2a: Jotaro|Hoopa-Unbound|61/100|[from] U-turn
|move|p1a: Lightie|Moonlight|p1a: Lightie
|-heal|p1a: Lightie|78/100
|
|upkeep
|turn|20
|
|t:|1769349244
|move|p1a: Lightie|Calm Mind|p1a: Lightie
|-boost|p1a: Lightie|spa|1
|-boost|p1a: Lightie|spd|1
|move|p2a: Jotaro|Brick Break|p1a: Lightie
|-supereffective|p1a: Lightie
|-damage|p1a: Lightie|12/100
|-damage|p2a: Jotaro|51/100|[from] item: Life Orb
|
|upkeep
|turn|21
|-message|sr lightie forfeited.
|
|win|waha8
|raw|sr lightie's rating: 1365 &rarr; <strong>1349</strong><br />(-16 for losing)
|raw|waha8's rating: 1427 &rarr; <strong>1443</strong><br />(+16 for winning)
|l|☆sr lightie
|player|p1|
