|j|☆ghanaputthisd
|j|☆KingCS123
|t:|1769354769
|gametype|singles
|player|p1|ghanaputthisd|caitlin|1325
|player|p2|KingCS123|psychicf|1351
|gen|9
|tier|[Gen 9] OU
|rated|
|rule|HP Percentage Mod: HP is shown in percentages
|rule|Endless Battle Clause: Forcing endless battles is banned
|rule|Species Clause: Limit one of each Pokémon
|rule|OHKO Clause: OHKO moves are banned
|rule|Evasion Items Clause: Evasion items are banned
|rule|Evasion Moves Clause: Evasion moves are banned
|rule|Evasion Abilities Clause: Evasion abilities are banned
|rule|Sleep Moves Clause: Sleep-inducing moves are banned
|clearpoke
|poke|p1|Pelipper, F|
|poke|p1|Barraskewda, M|
|poke|p1|Zapdos|
|poke|p1|Gholdengo|
|poke|p1|Rillaboom, F|
|poke|p1|Iron Hands|
|poke|p2|Lanturn, M|
|poke|p2|Moltres|
|poke|p2|Hydrapple, M|
|poke|p2|Zamazenta-*|
|poke|p2|Clefable, M|
|poke|p2|Kingambit, M|
|teampreview
|inactive|Battle timer is ON: inactive players will automatically lose when time's up. (requested by ghanaputthisd)
|
|t:|1769354779
|teamsize|p1|6
|teamsize|p2|6
|start
|switch|p1a: Pelipper|Pelipper, F, shiny|100/100
|switch|p2a: Lanturn|Lanturn, M, shiny|100/100
|-weather|RainDance|[from] ability: Drizzle|[of] p1a: Pelipper
|turn|1
|
|t:|1769354784
|switch|p1a: Rillaboom|Rillaboom, F, shiny|100/100
|-fieldstart|move: Grassy Terrain|[from] ability: Grassy Surge|[of] p1a: Rillaboom
|move|p2a: Lanturn|Volt Switch|p1a: Rillaboom
|-resisted|p1a: Rillaboom
|-damage|p1a: Rillaboom|84/100
|
|t:|1769354805
|switch|p2a: Hydrapple|Hydrapple, M, shiny|100/100|[from] Volt Switch
|
|-weather|RainDance|[upkeep]
|-heal|p1a: Rillaboom|90/100|[from] Grassy Terrain
|upkeep
|turn|2
|
|t:|1769354811
|move|p1a: Rillaboom|Knock Off|p2a: Hydrapple
|-damage|p2a: Hydrapple|61/100
|-enditem|p2a: Hydrapple|Heavy-Duty Boots|[from] move: Knock Off|[of] p1a: Rillaboom
|move|p2a: Hydrapple|Nasty Plot|p2a: Hydrapple
|-boost|p2a: Hydrapple|spa|2
|
|-weather|RainDance|[upkeep]
|-heal|p1a: Rillaboom|96/100|[from] Grassy Terrain
|-heal|p2a: Hydrapple|67/100|[from] Grassy Terrain
|upkeep
|turn|3
|
|t:|1769354817
|switch|p1a: Iron Hands|Iron Hands, shiny|100/100
|move|p2a: Hydrapple|Fickle Beam|p1a: Iron Hands
|-damage|p1a: Iron Hands|48/100
|
|-weather|RainDance|[upkeep]
|-heal|p1a: Iron Hands|54/100|[from] Grassy Terrain
|-heal|p2a: Hydrapple|73/100|[from] Grassy Terrain
|upkeep
|turn|4
|
|t:|1769354824
|move|p1a: Iron Hands|Ice Punch|p2a: Hydrapple
|-supereffective|p2a: Hydrapple
|-damage|p2a: Hydrapple|0 fnt
|faint|p2a: Hydrapple
|
|-weather|RainDance|[upkeep]
|-heal|p1a: Iron Hands|60/100|[from] Grassy Terrain
|upkeep
|
|t:|1769354837
|switch|p2a: Moltres|Moltres, shiny|100/100
|turn|5
|
|t:|1769354841
|move|p2a: Moltres|Will-O-Wisp|p1a: Iron Hands
|-status|p1a: Iron Hands|brn
|move|p1a: Iron Hands|Wild Charge|p2a: Moltres
|-supereffective|p2a: Moltres
|-crit|p2a: Moltres
|-damage|p2a: Moltres|39/100
|-damage|p1a: Iron Hands|49/100 brn|[from] Recoil
|
|-weather|RainDance|[upkeep]
|-heal|p1a: Iron Hands|55/100 brn|[from] Grassy Terrain
|-damage|p1a: Iron Hands|49/100 brn|[from] brn
|-fieldend|move: Grassy Terrain
|upkeep
|turn|6
|
|t:|1769354848
|move|p2a: Moltres|Roost|p2a: Moltres
|-heal|p2a: Moltres|89/100
|-singleturn|p2a: Moltres|move: Roost
|move|p1a: Iron Hands|Drain Punch|p2a: Moltres
|-damage|p2a: Moltres|75/100
|-heal|p1a: Iron Hands|54/100 brn|[from] drain|[of] p2a: Moltres
|
|-weather|RainDance|[upkeep]
|-damage|p1a: Iron Hands|48/100 brn|[from] brn
|upkeep
|turn|7
|
|t:|1769354864
|switch|p2a: Lanturn|Lanturn, M, shiny|100/100
|move|p1a: Iron Hands|Drain Punch|p2a: Lanturn
|-damage|p2a: Lanturn|73/100
|-heal|p1a: Iron Hands|60/100 brn|[from] drain|[of] p2a: Lanturn
|
|-weather|RainDance|[upkeep]
|-damage|p1a: Iron Hands|54/100 brn|[from] brn
|upkeep
|turn|8
|
|t:|1769354870
|move|p2a: Lanturn|Scald|p1a: Iron Hands
|-damage|p1a: Iron Hands|26/100 brn
|move|p1a: Iron Hands|Volt Switch|p2a: Lanturn
|-heal|p2a: Lanturn|98/100|[from] ability: Volt Absorb|[of] p1a: Iron Hands
|
|-weather|none
|-damage|p1a: Iron Hands|20/100 brn|[from] brn
|upkeep
|turn|9
|
|t:|1769354879
|-end|p1a: Iron Hands|Quark Drive|[silent]
|switch|p1a: Pelipper|Pelipper, F, shiny|100/100
|-weather|RainDance|[from] ability: Drizzle|[of] p1a: Pelipper
|move|p2a: Lanturn|Scald|p1a: Pelipper
|-resisted|p1a: Pelipper
|-damage|p1a: Pelipper|72/100
|-status|p1a: Pelipper|brn
|
|-weather|RainDance|[upkeep]
|-damage|p1a: Pelipper|66/100 brn|[from] brn
|upkeep
|turn|10
|
|t:|1769354885
|switch|p1a: Rillaboom|Rillaboom, F, shiny|96/100
|-fieldstart|move: Grassy Terrain|[from] ability: Grassy Surge|[of] p1a: Rillaboom
|move|p2a: Lanturn|Volt Switch|p1a: Rillaboom
|-resisted|p1a: Rillaboom
|-damage|p1a: Rillaboom|79/100
|
|t:|1769354898
|switch|p2a: Moltres|Moltres, shiny|75/100|[from] Volt Switch
|
|-weather|RainDance|[upkeep]
|-heal|p1a: Rillaboom|86/100|[from] Grassy Terrain
|upkeep
|turn|11
|
|t:|1769354903
|switch|p1a: Pelipper|Pelipper, F, shiny|66/100 brn
|move|p2a: Moltres|Will-O-Wisp|p1a: Pelipper|[miss]
|-miss|p2a: Moltres|p1a: Pelipper
|
|-weather|RainDance|[upkeep]
|-damage|p1a: Pelipper|59/100 brn|[from] brn
|upkeep
|turn|12
|
|t:|1769354907
|switch|p2a: Lanturn|Lanturn, M, shiny|98/100
|move|p1a: Pelipper|Hurricane|p2a: Lanturn
|-resisted|p2a: Lanturn
|-damage|p2a: Lanturn|88/100
|
|-weather|RainDance|[upkeep]
|-heal|p2a: Lanturn|94/100|[from] Grassy Terrain
|-damage|p1a: Pelipper|53/100 brn|[from] brn
|upkeep
|turn|13
|
|t:|1769354914
|-terastallize|p1a: Pelipper|Ground
|move|p2a: Lanturn|Volt Switch|p1a: Pelipper
|-immune|p1a: Pelipper
|move|p1a: Pelipper|Roost|p1a: Pelipper
|-heal|p1a: Pelipper|100/100 brn
|
|-weather|RainDance|[upkeep]
|-heal|p2a: Lanturn|99/100|[from] Grassy Terrain
|-damage|p1a: Pelipper|94/100 brn|[from] brn
|upkeep
|turn|14
|
|t:|1769354922
|move|p2a: Lanturn|Scald|p1a: Pelipper
|-supereffective|p1a: Pelipper
|-damage|p1a: Pelipper|0 fnt
|faint|p1a: Pelipper
|
|-weather|RainDance|[upkeep]
|-heal|p2a: Lanturn|100/100|[from] Grassy Terrain
|-fieldend|move: Grassy Terrain
|upkeep
|
|t:|1769354930
|switch|p1a: Rillaboom|Rillaboom, F, shiny|86/100
|-fieldstart|move: Grassy Terrain|[from] ability: Grassy Surge|[of] p1a: Rillaboom
|turn|15
|
|t:|1769354937
|switch|p2a: Moltres|Moltres, shiny|75/100
|move|p1a: Rillaboom|U-turn|p2a: Moltres
|-resisted|p2a: Moltres
|-damage|p2a: Moltres|68/100
|
|t:|1769354940
|switch|p1a: Barraskewda|Barraskewda, M|100/100|[from] U-turn
|
|-weather|RainDance|[upkeep]
|upkeep
|turn|16
|inactive|KingCS123 has 120 seconds left.
|
|t:|1769354973
|switch|p2a: Lanturn|Lanturn, M, shiny|100/100
|move|p1a: Barraskewda|Liquidation|p2a: Lanturn
|-resisted|p2a: Lanturn
|-damage|p2a: Lanturn|37/100
|
|-weather|none
|-heal|p2a: Lanturn|43/100|[from] Grassy Terrain
|upkeep
|turn|17
|inactive|KingCS123 has 120 seconds left.
|
|t:|1769354992
|switch|p1a: Rillaboom|Rillaboom, F, shiny|86/100
|switch|p2a: Clefable|Clefable, M|100/100
|
|-heal|p1a: Rillaboom|92/100|[from] Grassy Terrain
|upkeep
|turn|18
|inactive|KingCS123 has 120 seconds left.
|
|t:|1769354998
|switch|p2a: Moltres|Moltres, shiny|68/100
|move|p1a: Rillaboom|Wood Hammer|p2a: Moltres
|-resisted|p2a: Moltres
|-damage|p2a: Moltres|45/100
|-damage|p1a: Rillaboom|83/100|[from] Recoil
|
|-heal|p1a: Rillaboom|89/100|[from] Grassy Terrain
|upkeep
|turn|19
|
|t:|1769355006
|switch|p1a: Iron Hands|Iron Hands, shiny|20/100 brn
|move|p2a: Moltres|Roost|p2a: Moltres
|-heal|p2a: Moltres|96/100
|-singleturn|p2a: Moltres|move: Roost
|
|-heal|p2a: Moltres|100/100|[from] Grassy Terrain
|-heal|p1a: Iron Hands|26/100 brn|[from] Grassy Terrain
|-damage|p1a: Iron Hands|20/100 brn|[from] brn
|-fieldend|move: Grassy Terrain
|upkeep
|turn|20
|
|t:|1769355015
|move|p2a: Moltres|Flamethrower|p1a: Iron Hands
|-damage|p1a: Iron Hands|0 fnt
|faint|p1a: Iron Hands
|-end|p1a: Iron Hands|Quark Drive|[silent]
|
|upkeep
|
|t:|1769355019
|switch|p1a: Zapdos|Zapdos|100/100
|turn|21
|
|t:|1769355024
|switch|p2a: Lanturn|Lanturn, M, shiny|43/100
|move|p1a: Zapdos|Hurricane|p2a: Lanturn
|-resisted|p2a: Lanturn
|-damage|p2a: Lanturn|28/100
|-start|p2a: Lanturn|confusion
|
|upkeep
|turn|22
|
|t:|1769355030
|switch|p1a: Rillaboom|Rillaboom, F, shiny|89/100
|-fieldstart|move: Grassy Terrain|[from] ability: Grassy Surge|[of] p1a: Rillaboom
|-activate|p2a: Lanturn|confusion
|move|p2a: Lanturn|Volt Switch|p1a: Rillaboom
|-resisted|p1a: Rillaboom
|-damage|p1a: Rillaboom|72/100
|
|t:|1769355039
|switch|p2a: Moltres|Moltres, shiny|100/100|[from] Volt Switch
|
|-heal|p1a: Rillaboom|79/100|[from] Grassy Terrain
|upkeep
|turn|23
|
|t:|1769355047
|switch|p1a: Barraskewda|Barraskewda, M|100/100
|move|p2a: Moltres|Will-O-Wisp|p1a: Barraskewda
|-status|p1a: Barraskewda|brn
|
|-damage|p1a: Barraskewda|94/100 brn|[from] brn
|upkeep
|turn|24
|
|t:|1769355066
|switch|p2a: Clefable|Clefable, M|100/100
|move|p1a: Barraskewda|Flip Turn|p2a: Clefable
|-damage|p2a: Clefable|71/100
|
|t:|1769355071
|switch|p1a: Gholdengo|Gholdengo|100/100|[from] Flip Turn
|-item|p1a: Gholdengo|Air Balloon
|
|-heal|p2a: Clefable|77/100|[from] Grassy Terrain
|upkeep
|turn|25
|
|t:|1769355101
|switch|p2a: Kingambit|Kingambit, M|100/100
|-activate|p2a: Kingambit|ability: Supreme Overlord
|-start|p2a: Kingambit|fallen1|[silent]
|move|p1a: Gholdengo|Nasty Plot|p1a: Gholdengo
|-boost|p1a: Gholdengo|spa|2
|
|upkeep
|turn|26
|
|t:|1769355110
|move|p2a: Kingambit|Sucker Punch|p1a: Gholdengo
|-supereffective|p1a: Gholdengo
|-damage|p1a: Gholdengo|4/100
|-enditem|p1a: Gholdengo|Air Balloon
|move|p1a: Gholdengo|Make It Rain|p2a: Kingambit
|-resisted|p2a: Kingambit
|-damage|p2a: Kingambit|27/100
|-unboost|p1a: Gholdengo|spa|1
|
|-heal|p1a: Gholdengo|10/100|[from] Grassy Terrain
|-heal|p2a: Kingambit|33/100|[from] Grassy Terrain
|-heal|p2a: Kingambit|39/100|[from] item: Leftovers
|-fieldend|move: Grassy Terrain
|upkeep
|turn|27
|
|t:|1769355118
|move|p2a: Kingambit|Sucker Punch||[still]
|-fail|p2a: Kingambit
|move|p1a: Gholdengo|Recover|p1a: Gholdengo
|-heal|p1a: Gholdengo|60/100
|
|-heal|p2a: Kingambit|45/100|[from] item: Leftovers
|upkeep
|turn|28
|
|t:|1769355121
|move|p2a: Kingambit|Sucker Punch|p1a: Gholdengo
|-supereffective|p1a: Gholdengo
|-damage|p1a: Gholdengo|0 fnt
|faint|p1a: Gholdengo
|
|-heal|p2a: Kingambit|51/100|[from] item: Leftovers
|upkeep
|
|t:|1769355124
|switch|p1a: Barraskewda|Barraskewda, M|94/100 brn
|turn|29
|
|t:|1769355131
|move|p2a: Kingambit|Sucker Punch|p1a: Barraskewda
|-damage|p1a: Barraskewda|3/100 brn
|move|p1a: Barraskewda|Close Combat|p2a: Kingambit
|-supereffective|p2a: Kingambit
|-damage|p2a: Kingambit|0 fnt
|-unboost|p1a: Barraskewda|def|1
|-unboost|p1a: Barraskewda|spd|1
|faint|p2a: Kingambit
|-end|p2a: Kingambit|fallen1|[silent]
|
|-damage|p1a: Barraskewda|0 fnt|[from] brn
|faint|p1a: Barraskewda
|upkeep
|
|t:|1769355139
|switch|p1a: Zapdos|Zapdos|100/100
|switch|p2a: Moltres|Moltres, shiny|100/100
|turn|30
|
|t:|1769355146
|switch|p2a: Lanturn|Lanturn, M, shiny|28/100
|move|p1a: Zapdos|Hurricane|p2a: Lanturn|[miss]
|-miss|p1a: Zapdos|p2a: Lanturn
|
|upkeep
|turn|31
|
|t:|1769355151
|move|p1a: Zapdos|Hurricane|p2a: Lanturn
|-resisted|p2a: Lanturn
|-damage|p2a: Lanturn|11/100
|move|p2a: Lanturn|Ice Beam|p1a: Zapdos
|-supereffective|p1a: Zapdos
|-damage|p1a: Zapdos|47/100
|
|upkeep
|turn|32
|
|t:|1769355158
|move|p1a: Zapdos|Hurricane|p2a: Lanturn
|-resisted|p2a: Lanturn
|-damage|p2a: Lanturn|0 fnt
|faint|p2a: Lanturn
|
|upkeep
|
|t:|1769355171
|switch|p2a: Zamazenta|Zamazenta|100/100
|-ability|p2a: Zamazenta|Dauntless Shield|boost
|-boost|p2a: Zamazenta|def|1
|turn|33
|
|t:|1769355174
|move|p2a: Zamazenta|Stone Edge|p1a: Zapdos
|-supereffective|p1a: Zapdos
|-crit|p1a: Zapdos
|-damage|p1a: Zapdos|0 fnt
|faint|p1a: Zapdos
|
|upkeep
|
|t:|1769355176
|switch|p1a: Rillaboom|Rillaboom, F, shiny|79/100
|-fieldstart|move: Grassy Terrain|[from] ability: Grassy Surge|[of] p1a: Rillaboom
|turn|34
|c|☆ghanaputthisd|Gg
|
|t:|1769355181
|switch|p2a: Moltres|Moltres, shiny|100/100
|move|p1a: Rillaboom|Wood Hammer|p2a: Moltres
|-resisted|p2a: Moltres
|-crit|p2a: Moltres
|-damage|p2a: Moltres|66/100
|-damage|p1a: Rillaboom|66/100|[from] Recoil
|
|-heal|p1a: Rillaboom|72/100|[from] Grassy Terrain
|upkeep
|turn|35
|c|☆KingCS123|GG
|
|t:|1769355190
|move|p1a: Rillaboom|Wood Hammer|p2a: Moltres
|-resisted|p2a: Moltres
|-damage|p2a: Moltres|44/100
|-damage|p1a: Rillaboom|64/100|[from] Recoil
|move|p2a: Moltres|Will-O-Wisp|p1a: Rillaboom
|-status|p1a: Rillaboom|brn
|
|-heal|p1a: Rillaboom|70/100 brn|[from] Grassy Terrain
|-damage|p1a: Rillaboom|64/100 brn|[from] brn
|upkeep
|turn|36
|
|t:|1769355196
|move|p1a: Rillaboom|Wood Hammer|p2a: Moltres
|-resisted|p2a: Moltres
|-damage|p2a: Moltres|33/100
|-damage|p1a: Rillaboom|59/100 brn|[from] Recoil
|move|p2a: Moltres|Roost|p2a: Moltres
|-heal|p2a: Moltres|83/100
|-singleturn|p2a: Moltres|move: Roost
|
|-heal|p1a: Rillaboom|66/100 brn|[from] Grassy Terrain
|-heal|p2a: Moltres|89/100|[from] Grassy Terrain
|-damage|p1a: Rillaboom|59/100 brn|[from] brn
|upkeep
|turn|37
|-message|ghanaputthisd forfeited.
|
|win|KingCS123
|raw|ghanaputthisd's rating: 1325 &rarr; <strong>1306</strong><br />(-19 for losing)
|raw|KingCS123's rating: 1351 &rarr; <strong>1370</strong><br />(+19 for winning)
|l|☆ghanaputthisd
|player|p1|
|l|☆KingCS123
|player|p2|
