|badge|p1|bronze|gen9doublesou|100-8
|uhtml|medal-msg|<div class="broadcast-blue">Curious what those medals under the avatar are? PS now has Ladder Seasons! For more information, check out the <a href="https://www.smogon.com/forums/threads/3740067/">thread on Smogon.</a></div>
|j|☆ismelllikesocksbro
|j|☆CaraDaGeometria
|t:|1769404607
|gametype|singles
|player|p1|ismelllikesocksbro|dancer|1127
|player|p2|CaraDaGeometria|170|1110
|gen|9
|tier|[Gen 9] OU
|rated|
|rule|HP Percentage Mod: HP is shown in percentages
|rule|Endless Battle Clause: Forcing endless battles is banned
|rule|Species Clause: Limit one of each Pokémon
|rule|OHKO Clause: OHKO moves are banned
|rule|Evasion Items Clause: Evasion items are banned
|rule|Evasion Moves Clause: Evasion moves are banned
|rule|Evasion Abilities Clause: Evasion abilities are banned
|rule|Sleep Moves Clause: Sleep-inducing moves are banned
|clearpoke
|poke|p1|Pecharunt|
|poke|p1|Kingambit, F|
|poke|p1|Volcanion|
|poke|p1|Iron Valiant|
|poke|p1|Landorus-Therian, M|
|poke|p1|Deoxys-Speed|
|poke|p2|Great Tusk|
|poke|p2|Iron Valiant|
|poke|p2|Samurott-Hisui, F|
|poke|p2|Pecharunt|
|poke|p2|Hydrapple, M|
|poke|p2|Lokix, F|
|teampreview
|inactive|Battle timer is ON: inactive players will automatically lose when time's up. (requested by ismelllikesocksbro)
|
|t:|1769404618
|teamsize|p1|6
|teamsize|p2|6
|start
|switch|p1a: Deoxys|Deoxys-Speed|100/100
|switch|p2a: Great Tusk|Great Tusk|100/100
|-ability|p1a: Deoxys|Pressure
|turn|1
|
|t:|1769404624
|move|p1a: Deoxys|Psycho Boost|p2a: Great Tusk
|-supereffective|p2a: Great Tusk
|-damage|p2a: Great Tusk|0 fnt
|-unboost|p1a: Deoxys|spa|2
|faint|p2a: Great Tusk
|-end|p2a: Great Tusk|Protosynthesis|[silent]
|-enditem|p1a: Deoxys|Eject Pack
|
|t:|1769404635
|switch|p1a: Pecharunt|Pecharunt|100/100
|
|upkeep
|
|t:|1769404644
|switch|p2a: Lokix|Lokix, F|100/100
|turn|2
|
|t:|1769404650
|switch|p1a: Landorus|Landorus-Therian, M|100/100
|-ability|p1a: Landorus|Intimidate|boost
|-unboost|p2a: Lokix|atk|1
|move|p2a: Lokix|First Impression|p1a: Landorus
|-resisted|p1a: Landorus
|-damage|p1a: Landorus|56/100
|-damage|p2a: Lokix|84/100|[from] item: Rocky Helmet|[of] p1a: Landorus
|
|upkeep
|turn|3
|
|t:|1769404668
|switch|p2a: Samurott|Samurott-Hisui, F|100/100
|move|p1a: Landorus|Stealth Rock|p2a: Samurott
|-sidestart|p2: CaraDaGeometria|move: Stealth Rock
|
|upkeep
|turn|4
|
|t:|1769404676
|move|p1a: Landorus|U-turn|p2a: Samurott
|-supereffective|p2a: Samurott
|-damage|p2a: Samurott|40/100
|
|t:|1769404679
|switch|p1a: Iron Valiant|Iron Valiant|100/100|[from] U-turn
|-enditem|p1a: Iron Valiant|Booster Energy
|-activate|p1a: Iron Valiant|ability: Quark Drive|[fromitem]
|-start|p1a: Iron Valiant|quarkdrivespe
|move|p2a: Samurott|Ceaseless Edge|p1a: Iron Valiant
|-resisted|p1a: Iron Valiant
|-damage|p1a: Iron Valiant|81/100
|-sidestart|p1: ismelllikesocksbro|Spikes
|
|upkeep
|turn|5
|
|t:|1769404692
|move|p1a: Iron Valiant|Moonblast|p2a: Samurott
|-supereffective|p2a: Samurott
|-damage|p2a: Samurott|0 fnt
|faint|p2a: Samurott
|
|upkeep
|
|t:|1769404701
|switch|p2a: Lokix|Lokix, F|84/100
|-damage|p2a: Lokix|59/100|[from] Stealth Rock
|turn|6
|
|t:|1769404706
|move|p2a: Lokix|First Impression|p1a: Iron Valiant
|-resisted|p1a: Iron Valiant
|-damage|p1a: Iron Valiant|39/100
|move|p1a: Iron Valiant|Moonblast|p2a: Lokix
|-supereffective|p2a: Lokix
|-damage|p2a: Lokix|0 fnt
|faint|p2a: Lokix
|
|upkeep
|
|t:|1769404721
|switch|p2a: Pecharunt|Pecharunt|100/100
|-damage|p2a: Pecharunt|88/100|[from] Stealth Rock
|turn|7
|
|t:|1769404725
|-terastallize|p1a: Iron Valiant|Stellar
|move|p1a: Iron Valiant|Knock Off|p2a: Pecharunt
|-supereffective|p2a: Pecharunt
|-damage|p2a: Pecharunt|48/100
|-damage|p1a: Iron Valiant|22/100|[from] item: Rocky Helmet|[of] p2a: Pecharunt
|-enditem|p2a: Pecharunt|Rocky Helmet|[from] move: Knock Off|[of] p1a: Iron Valiant
|move|p2a: Pecharunt|Shadow Ball|p1a: Iron Valiant
|-damage|p1a: Iron Valiant|0 fnt
|faint|p1a: Iron Valiant
|-end|p1a: Iron Valiant|Quark Drive|[silent]
|
|upkeep
|inactive|ismelllikesocksbro has 120 seconds left.
|
|t:|1769404755
|switch|p1a: Landorus|Landorus-Therian, M|56/100
|-ability|p1a: Landorus|Intimidate|boost
|-unboost|p2a: Pecharunt|atk|1
|turn|8
|
|t:|1769404759
|move|p1a: Landorus|Earthquake|p2a: Pecharunt
|-supereffective|p2a: Pecharunt
|-damage|p2a: Pecharunt|5/100
|move|p2a: Pecharunt|Parting Shot|p1a: Landorus
|-unboost|p1a: Landorus|atk|1
|-unboost|p1a: Landorus|spa|1
|
|t:|1769404767
|switch|p2a: Iron Valiant|Iron Valiant|100/100|[from] Parting Shot
|-damage|p2a: Iron Valiant|94/100|[from] Stealth Rock
|
|upkeep
|turn|9
|
|t:|1769404776
|move|p2a: Iron Valiant|Moonblast|p1a: Landorus
|-damage|p1a: Landorus|0 fnt
|faint|p1a: Landorus
|
|upkeep
|
|t:|1769404783
|switch|p1a: Pecharunt|Pecharunt|100/100
|turn|10
|
|t:|1769404788
|-end|p2a: Iron Valiant|Quark Drive|[silent]
|switch|p2a: Pecharunt|Pecharunt|5/100
|-damage|p2a: Pecharunt|0 fnt|[from] Stealth Rock
|faint|p2a: Pecharunt
|move|p1a: Pecharunt|Malignant Chain|p2: Pecharunt|[notarget]
|-fail|p1a: Pecharunt
|
|upkeep
|
|t:|1769404800
|switch|p2a: Hydrapple|Hydrapple, M|100/100
|turn|11
|
|t:|1769404803
|move|p1a: Pecharunt|Malignant Chain|p2a: Hydrapple
|-supereffective|p2a: Hydrapple
|-damage|p2a: Hydrapple|34/100
|-status|p2a: Hydrapple|tox
|-start|p2a: Hydrapple|confusion|[from] ability: Poison Puppeteer|[of] p1a: Pecharunt
|-activate|p2a: Hydrapple|confusion
|move|p2a: Hydrapple|Earth Power|p1a: Pecharunt
|-supereffective|p1a: Pecharunt
|-damage|p1a: Pecharunt|40/100
|
|-damage|p2a: Hydrapple|27/100 tox|[from] psn
|upkeep
|turn|12
|
|t:|1769404813
|move|p1a: Pecharunt|Recover|p1a: Pecharunt
|-heal|p1a: Pecharunt|90/100
|-activate|p2a: Hydrapple|confusion
|move|p2a: Hydrapple|Earth Power|p1a: Pecharunt
|-supereffective|p1a: Pecharunt
|-damage|p1a: Pecharunt|21/100
|
|-damage|p2a: Hydrapple|15/100 tox|[from] psn
|upkeep
|turn|13
|
|t:|1769404818
|move|p1a: Pecharunt|Malignant Chain|p2a: Hydrapple
|-supereffective|p2a: Hydrapple
|-damage|p2a: Hydrapple|0 fnt
|faint|p2a: Hydrapple
|
|upkeep
|
|t:|1769404821
|switch|p2a: Iron Valiant|Iron Valiant|94/100
|-damage|p2a: Iron Valiant|88/100|[from] Stealth Rock
|turn|14
|
|t:|1769404830
|move|p2a: Iron Valiant|Thunderbolt|p1a: Pecharunt
|-damage|p1a: Pecharunt|0 fnt
|faint|p1a: Pecharunt
|
|upkeep
|
|t:|1769404832
|switch|p1a: Kingambit|Kingambit, F|100/100
|-damage|p1a: Kingambit|88/100|[from] Spikes
|-activate|p1a: Kingambit|ability: Supreme Overlord
|-start|p1a: Kingambit|fallen3|[silent]
|turn|15
|
|t:|1769404837
|move|p1a: Kingambit|Sucker Punch|p2a: Iron Valiant
|-resisted|p2a: Iron Valiant
|-damage|p2a: Iron Valiant|72/100
|move|p2a: Iron Valiant|Thunderbolt|p1a: Kingambit
|-damage|p1a: Kingambit|41/100
|
|-heal|p1a: Kingambit|47/100|[from] item: Leftovers
|upkeep
|turn|16
|
|t:|1769404844
|move|p1a: Kingambit|Sucker Punch|p2a: Iron Valiant
|-resisted|p2a: Iron Valiant
|-damage|p2a: Iron Valiant|56/100
|move|p2a: Iron Valiant|Thunderbolt|p1a: Kingambit
|-damage|p1a: Kingambit|0 fnt
|faint|p1a: Kingambit
|-end|p1a: Kingambit|fallen3|[silent]
|
|upkeep
|
|t:|1769404848
|switch|p1a: Deoxys|Deoxys-Speed|100/100
|-damage|p1a: Deoxys|88/100|[from] Spikes
|-ability|p1a: Deoxys|Pressure
|turn|17
|
|t:|1769404857
|move|p1a: Deoxys|Psycho Boost|p2a: Iron Valiant
|-supereffective|p2a: Iron Valiant
|-damage|p2a: Iron Valiant|0 fnt
|-unboost|p1a: Deoxys|spa|2
|faint|p2a: Iron Valiant
|-end|p2a: Iron Valiant|Quark Drive|[silent]
|
|win|ismelllikesocksbro
|raw|ismelllikesocksbro's rating: 1127 &rarr; <strong>1153</strong><br />(+26 for winning)
|raw|CaraDaGeometria's rating: 1138 &rarr; <strong>1112</strong><br />(-26 for losing)
|l|☆CaraDaGeometria
|player|p2|
|l|☆ismelllikesocksbro
|player|p1|
