|j|☆Shyve
|j|☆Vega_M2
|t:|1769365882
|gametype|singles
|player|p1|Shyve|rocketgruntf|1306
|player|p2|Vega_M2|byron|1337
|gen|9
|tier|[Gen 9] OU
|rated|
|rule|HP Percentage Mod: HP is shown in percentages
|rule|Endless Battle Clause: Forcing endless battles is banned
|rule|Species Clause: Limit one of each Pokémon
|rule|OHKO Clause: OHKO moves are banned
|rule|Evasion Items Clause: Evasion items are banned
|rule|Evasion Moves Clause: Evasion moves are banned
|rule|Evasion Abilities Clause: Evasion abilities are banned
|rule|Sleep Moves Clause: Sleep-inducing moves are banned
|clearpoke
|poke|p1|Great Tusk|
|poke|p1|Rampardos, F|
|poke|p1|Slowking, M|
|poke|p1|Skarmory, F|
|poke|p1|Muk-Alola, F|
|poke|p1|Cetitan, M|
|poke|p2|Pelipper, F|
|poke|p2|Keldeo|
|poke|p2|Overqwil, M|
|poke|p2|Corviknight, F|
|poke|p2|Raging Bolt|
|poke|p2|Heatran, F|
|teampreview
|inactive|Battle timer is ON: inactive players will automatically lose when time's up. (requested by Vega_M2)
|
|t:|1769365895
|teamsize|p1|6
|teamsize|p2|6
|start
|switch|p1a: Rampardos|Rampardos, F, shiny|100/100
|switch|p2a: Overqwil|Overqwil, M|100/100
|turn|1
|
|t:|1769365907
|switch|p2a: Corviknight|Corviknight, F|100/100
|move|p1a: Rampardos|Earthquake|p2a: Corviknight
|-immune|p2a: Corviknight
|
|upkeep
|turn|2
|
|t:|1769365914
|switch|p1a: Skarmory|Skarmory, F|100/100
|move|p2a: Corviknight|Body Press|p1a: Skarmory
|-damage|p1a: Skarmory|88/100
|-damage|p2a: Corviknight|84/100|[from] item: Rocky Helmet|[of] p1a: Skarmory
|
|-heal|p2a: Corviknight|90/100|[from] item: Leftovers
|upkeep
|turn|3
|
|t:|1769365922
|switch|p2a: Heatran|Heatran, F|100/100
|move|p1a: Skarmory|Whirlwind|p2a: Heatran
|drag|p2a: Pelipper|Pelipper, F|100/100
|-weather|RainDance|[from] ability: Drizzle|[of] p2a: Pelipper
|
|-weather|RainDance|[upkeep]
|upkeep
|turn|4
|
|t:|1769365930
|switch|p1a: Muk|Muk-Alola, F, shiny|100/100
|move|p2a: Pelipper|U-turn|p1a: Muk
|-damage|p1a: Muk|91/100
|
|t:|1769365936
|switch|p2a: Overqwil|Overqwil, M|100/100|[from] U-turn
|
|-weather|RainDance|[upkeep]
|-heal|p1a: Muk|97/100|[from] item: Leftovers
|upkeep
|turn|5
|
|t:|1769365943
|move|p2a: Overqwil|Swords Dance|p2a: Overqwil
|-boost|p2a: Overqwil|atk|2
|move|p1a: Muk|Knock Off|p2a: Overqwil
|-resisted|p2a: Overqwil
|-damage|p2a: Overqwil|81/100
|-enditem|p2a: Overqwil|Life Orb|[from] move: Knock Off|[of] p1a: Muk
|
|-weather|RainDance|[upkeep]
|-heal|p1a: Muk|100/100|[from] item: Leftovers
|upkeep
|turn|6
|
|t:|1769365957
|move|p2a: Overqwil|Liquidation|p1a: Muk
|-damage|p1a: Muk|6/100
|move|p1a: Muk|Knock Off|p2a: Overqwil
|-resisted|p2a: Overqwil
|-damage|p2a: Overqwil|67/100
|
|-weather|RainDance|[upkeep]
|-heal|p1a: Muk|12/100|[from] item: Leftovers
|upkeep
|turn|7
|
|t:|1769365965
|move|p2a: Overqwil|Liquidation|p1a: Muk
|-damage|p1a: Muk|0 fnt
|faint|p1a: Muk
|
|-weather|RainDance|[upkeep]
|upkeep
|
|t:|1769365974
|switch|p1a: Skarmory|Skarmory, F|88/100
|turn|8
|
|t:|1769365980
|move|p2a: Overqwil|Liquidation|p1a: Skarmory
|-damage|p1a: Skarmory|36/100
|-unboost|p1a: Skarmory|def|1
|-damage|p2a: Overqwil|50/100|[from] item: Rocky Helmet|[of] p1a: Skarmory
|move|p1a: Skarmory|Whirlwind|p2a: Overqwil
|drag|p2a: Raging Bolt|Raging Bolt|100/100
|
|-weather|RainDance|[upkeep]
|upkeep
|turn|9
|
|t:|1769365990
|switch|p1a: Great Tusk|Great Tusk|100/100
|move|p2a: Raging Bolt|Weather Ball|p1a: Great Tusk
|-supereffective|p1a: Great Tusk
|-damage|p1a: Great Tusk|0 fnt
|faint|p1a: Great Tusk
|-end|p1a: Great Tusk|Protosynthesis|[silent]
|
|-weather|RainDance|[upkeep]
|upkeep
|
|t:|1769365998
|switch|p1a: Rampardos|Rampardos, F, shiny|100/100
|turn|10
|
|t:|1769366004
|-terastallize|p1a: Rampardos|Rock
|move|p1a: Rampardos|Rock Slide|p2a: Raging Bolt
|-damage|p2a: Raging Bolt|38/100
|move|p2a: Raging Bolt|Weather Ball|p1a: Rampardos
|-supereffective|p1a: Rampardos
|-damage|p1a: Rampardos|0 fnt
|faint|p1a: Rampardos
|
|-weather|none
|upkeep
|
|t:|1769366014
|switch|p1a: Cetitan|Cetitan, M|100/100
|turn|11
|
|t:|1769366025
|-end|p2a: Raging Bolt|Protosynthesis|[silent]
|switch|p2a: Pelipper|Pelipper, F|100/100
|-weather|RainDance|[from] ability: Drizzle|[of] p2a: Pelipper
|move|p1a: Cetitan|Belly Drum|p1a: Cetitan
|-damage|p1a: Cetitan|50/100
|-setboost|p1a: Cetitan|atk|6|[from] move: Belly Drum
|-enditem|p1a: Cetitan|Sitrus Berry|[eat]
|-heal|p1a: Cetitan|75/100|[from] item: Sitrus Berry
|
|-weather|RainDance|[upkeep]
|upkeep
|turn|12
|
|t:|1769366035
|move|p1a: Cetitan|Ice Spinner|p2a: Pelipper
|-damage|p2a: Pelipper|0 fnt
|faint|p2a: Pelipper
|
|-weather|RainDance|[upkeep]
|upkeep
|
|t:|1769366043
|switch|p2a: Overqwil|Overqwil, M|50/100
|turn|13
|
|t:|1769366051
|move|p1a: Cetitan|Ice Shard|p2a: Overqwil
|-damage|p2a: Overqwil|0 fnt
|faint|p2a: Overqwil
|
|-weather|RainDance|[upkeep]
|upkeep
|
|t:|1769366059
|switch|p2a: Heatran|Heatran, F|100/100
|turn|14
|
|t:|1769366065
|move|p1a: Cetitan|Earthquake|p2a: Heatran
|-supereffective|p2a: Heatran
|-damage|p2a: Heatran|0 fnt
|faint|p2a: Heatran
|
|-weather|RainDance|[upkeep]
|upkeep
|
|t:|1769366070
|switch|p2a: Keldeo|Keldeo|100/100
|turn|15
|
|t:|1769366075
|switch|p1a: Slowking|Slowking, M|100/100
|move|p2a: Keldeo|Aura Sphere|p1a: Slowking
|-resisted|p1a: Slowking
|-damage|p1a: Slowking|80/100
|
|-weather|RainDance|[upkeep]
|upkeep
|turn|16
|
|t:|1769366083
|switch|p2a: Raging Bolt|Raging Bolt|38/100
|move|p1a: Slowking|Future Sight|p2a: Raging Bolt
|-start|p1a: Slowking|move: Future Sight
|
|-weather|RainDance|[upkeep]
|upkeep
|turn|17
|
|t:|1769366088
|switch|p1a: Skarmory|Skarmory, F|36/100
|move|p2a: Raging Bolt|Draco Meteor|p1a: Skarmory
|-resisted|p1a: Skarmory
|-damage|p1a: Skarmory|0 fnt
|-unboost|p2a: Raging Bolt|spa|2
|faint|p1a: Skarmory
|
|-weather|RainDance|[upkeep]
|upkeep
|
|t:|1769366097
|switch|p1a: Cetitan|Cetitan, M|75/100
|turn|18
|
|t:|1769366100
|-end|p2a: Raging Bolt|Protosynthesis|[silent]
|switch|p2a: Corviknight|Corviknight, F|90/100
|move|p1a: Cetitan|Ice Spinner|p2a: Corviknight
|-damage|p2a: Corviknight|61/100
|
|-weather|none
|-end|p2a: Corviknight|move: Future Sight
|-resisted|p2a: Corviknight
|-damage|p2a: Corviknight|48/100
|-heal|p2a: Corviknight|54/100|[from] item: Leftovers
|upkeep
|turn|19
|
|t:|1769366110
|switch|p1a: Slowking|Slowking, M|100/100
|move|p2a: Corviknight|Iron Defense|p2a: Corviknight
|-boost|p2a: Corviknight|def|2
|
|-heal|p2a: Corviknight|60/100|[from] item: Leftovers
|upkeep
|turn|20
|
|t:|1769366117
|move|p2a: Corviknight|U-turn|p1a: Slowking
|-supereffective|p1a: Slowking
|-damage|p1a: Slowking|76/100
|
|t:|1769366121
|switch|p2a: Raging Bolt|Raging Bolt|38/100|[from] U-turn
|move|p1a: Slowking|Scald|p2a: Raging Bolt
|-resisted|p2a: Raging Bolt
|-damage|p2a: Raging Bolt|30/100
|-status|p2a: Raging Bolt|brn
|
|-damage|p2a: Raging Bolt|23/100 brn|[from] brn
|upkeep
|turn|21
|
|t:|1769366130
|move|p2a: Raging Bolt|Draco Meteor|p1a: Slowking|[miss]
|-miss|p2a: Raging Bolt|p1a: Slowking
|-prepare|p1a: Slowking|Chilly Reception|[premajor]
|move|p1a: Slowking|Chilly Reception|p1a: Slowking
|-weather|Snowscape
|
|t:|1769366132
|switch|p1a: Cetitan|Cetitan, M|75/100|[from] Chilly Reception
|
|-weather|Snowscape|[upkeep]
|-damage|p2a: Raging Bolt|17/100 brn|[from] brn
|upkeep
|turn|22
|
|t:|1769366140
|-terastallize|p2a: Raging Bolt|Electric
|move|p1a: Cetitan|Ice Shard|p2a: Raging Bolt
|-damage|p2a: Raging Bolt|0 fnt
|faint|p2a: Raging Bolt
|-end|p2a: Raging Bolt|Protosynthesis|[silent]
|
|-weather|Snowscape|[upkeep]
|upkeep
|
|t:|1769366146
|switch|p2a: Keldeo|Keldeo|100/100
|turn|23
|
|t:|1769366149
|switch|p1a: Slowking|Slowking, M|100/100
|move|p2a: Keldeo|Aura Sphere|p1a: Slowking
|-resisted|p1a: Slowking
|-damage|p1a: Slowking|79/100
|
|-weather|Snowscape|[upkeep]
|upkeep
|turn|24
|
|t:|1769366155
|move|p2a: Keldeo|Aura Sphere|p1a: Slowking
|-resisted|p1a: Slowking
|-damage|p1a: Slowking|58/100
|move|p1a: Slowking|Thunder Wave|p2a: Keldeo
|-status|p2a: Keldeo|par
|
|-weather|Snowscape|[upkeep]
|upkeep
|turn|25
|
|t:|1769366163
|switch|p2a: Corviknight|Corviknight, F|60/100
|-prepare|p1a: Slowking|Chilly Reception|[premajor]
|move|p1a: Slowking|Chilly Reception|p1a: Slowking
|
|t:|1769366165
|switch|p1a: Cetitan|Cetitan, M|75/100|[from] Chilly Reception
|
|-weather|Snowscape|[upkeep]
|-heal|p2a: Corviknight|66/100|[from] item: Leftovers
|upkeep
|turn|26
|
|t:|1769366173
|move|p1a: Cetitan|Belly Drum|p1a: Cetitan
|-damage|p1a: Cetitan|25/100
|-setboost|p1a: Cetitan|atk|6|[from] move: Belly Drum
|move|p2a: Corviknight|Body Press|p1a: Cetitan
|-supereffective|p1a: Cetitan
|-damage|p1a: Cetitan|0 fnt
|faint|p1a: Cetitan
|
|-weather|Snowscape|[upkeep]
|-heal|p2a: Corviknight|73/100|[from] item: Leftovers
|upkeep
|
|t:|1769366177
|switch|p1a: Slowking|Slowking, M|91/100
|turn|27
|
|t:|1769366184
|move|p2a: Corviknight|Iron Defense|p2a: Corviknight
|-boost|p2a: Corviknight|def|2
|move|p1a: Slowking|Scald|p2a: Corviknight
|-crit|p2a: Corviknight
|-damage|p2a: Corviknight|46/100
|
|-weather|Snowscape|[upkeep]
|-heal|p2a: Corviknight|52/100|[from] item: Leftovers
|upkeep
|turn|28
|
|t:|1769366193
|move|p2a: Corviknight|Body Press|p1a: Slowking
|-resisted|p1a: Slowking
|-damage|p1a: Slowking|76/100
|move|p1a: Slowking|Scald|p2a: Corviknight
|-damage|p2a: Corviknight|32/100
|-status|p2a: Corviknight|brn
|
|-weather|none
|-heal|p2a: Corviknight|38/100 brn|[from] item: Leftovers
|-damage|p2a: Corviknight|32/100 brn|[from] brn
|upkeep
|turn|29
|
|t:|1769366203
|move|p2a: Corviknight|Body Press|p1a: Slowking
|-resisted|p1a: Slowking
|-damage|p1a: Slowking|68/100
|move|p1a: Slowking|Scald|p2a: Corviknight
|-damage|p2a: Corviknight|12/100 brn
|
|-heal|p2a: Corviknight|19/100 brn|[from] item: Leftovers
|-damage|p2a: Corviknight|12/100 brn|[from] brn
|upkeep
|turn|30
|
|t:|1769366212
|move|p2a: Corviknight|Body Press|p1a: Slowking
|-resisted|p1a: Slowking
|-damage|p1a: Slowking|60/100
|move|p1a: Slowking|Scald|p2a: Corviknight
|-damage|p2a: Corviknight|0 fnt
|faint|p2a: Corviknight
|
|upkeep
|
|t:|1769366218
|switch|p2a: Keldeo|Keldeo|100/100 par
|turn|31
|
|t:|1769366222
|move|p2a: Keldeo|Surf|p1a: Slowking
|-resisted|p1a: Slowking
|-damage|p1a: Slowking|36/100
|move|p1a: Slowking|Future Sight|p2a: Keldeo
|-start|p1a: Slowking|move: Future Sight
|
|upkeep
|turn|32
|
|t:|1769366226
|move|p2a: Keldeo|Surf|p1a: Slowking
|-resisted|p1a: Slowking
|-damage|p1a: Slowking|13/100
|move|p1a: Slowking|Scald|p2a: Keldeo
|-resisted|p2a: Keldeo
|-damage|p2a: Keldeo|86/100 par
|
|upkeep
|turn|33
|
|t:|1769366233
|move|p2a: Keldeo|Surf|p1a: Slowking
|-resisted|p1a: Slowking
|-damage|p1a: Slowking|0 fnt
|faint|p1a: Slowking
|
|win|Vega_M2
|raw|Shyve's rating: 1306 &rarr; <strong>1288</strong><br />(-18 for losing)
|raw|Vega_M2's rating: 1337 &rarr; <strong>1355</strong><br />(+18 for winning)
|l|☆Shyve
|player|p1|
|l|☆Vega_M2
|player|p2|
