|j|☆bpiubrt98tbj089
|j|☆squidcatt
|t:|1769319322
|gametype|singles
|player|p1|bpiubrt98tbj089|1|1120
|player|p2|squidcatt|lass|1101
|gen|9
|tier|[Gen 9] OU
|rated|
|rule|HP Percentage Mod: HP is shown in percentages
|rule|Endless Battle Clause: Forcing endless battles is banned
|rule|Species Clause: Limit one of each Pokémon
|rule|OHKO Clause: OHKO moves are banned
|rule|Evasion Items Clause: Evasion items are banned
|rule|Evasion Moves Clause: Evasion moves are banned
|rule|Evasion Abilities Clause: Evasion abilities are banned
|rule|Sleep Moves Clause: Sleep-inducing moves are banned
|clearpoke
|poke|p1|Alomomola, M|
|poke|p1|Charizard, F|
|poke|p1|Ninetales, M|
|poke|p1|Armarouge, F|
|poke|p1|Meowscarada, F|
|poke|p1|Leavanny, M|
|poke|p2|Sableye, F|
|poke|p2|Glimmora, F|
|poke|p2|Masquerain, M|
|poke|p2|Gholdengo|
|poke|p2|Garchomp, M|
|poke|p2|Alomomola, M|
|teampreview
|inactive|Battle timer is ON: inactive players will automatically lose when time's up. (requested by bpiubrt98tbj089)
|
|t:|1769319330
|teamsize|p1|6
|teamsize|p2|6
|start
|switch|p1a: Meowscarada|Meowscarada, F|100/100
|switch|p2a: Glimmora|Glimmora, F|100/100
|turn|1
|
|t:|1769319344
|switch|p1a: Ninetales|Ninetales, M|100/100
|-weather|SunnyDay|[from] ability: Drought|[of] p1a: Ninetales
|move|p2a: Glimmora|Mortal Spin|p1a: Ninetales
|-damage|p1a: Ninetales|92/100
|-status|p1a: Ninetales|psn
|
|-weather|SunnyDay|[upkeep]
|-damage|p1a: Ninetales|80/100 psn|[from] psn
|upkeep
|turn|2
|
|t:|1769319355
|move|p1a: Ninetales|Scorching Sands|p2a: Glimmora
|-supereffective|p2a: Glimmora
|-enditem|p2a: Glimmora|Focus Sash
|-damage|p2a: Glimmora|1/100
|-damage|p1a: Ninetales|70/100 psn|[from] item: Life Orb
|move|p2a: Glimmora|Stealth Rock|p1a: Ninetales
|-sidestart|p1: bpiubrt98tbj089|move: Stealth Rock
|
|-weather|SunnyDay|[upkeep]
|-damage|p1a: Ninetales|58/100 psn|[from] psn
|upkeep
|turn|3
|
|t:|1769319371
|move|p1a: Ninetales|Solar Beam||[still]
|-prepare|p1a: Ninetales|Solar Beam
|-anim|p1a: Ninetales|Solar Beam|p2a: Glimmora
|-damage|p2a: Glimmora|0 fnt
|faint|p2a: Glimmora
|-damage|p1a: Ninetales|48/100 psn|[from] item: Life Orb
|
|-weather|SunnyDay|[upkeep]
|-damage|p1a: Ninetales|36/100 psn|[from] psn
|upkeep
|
|t:|1769319393
|switch|p2a: Sableye|Sableye, F|100/100
|turn|4
|
|t:|1769319399
|move|p2a: Sableye|Substitute|p2a: Sableye
|-start|p2a: Sableye|Substitute
|-damage|p2a: Sableye|76/100
|move|p1a: Ninetales|Burning Jealousy|p2a: Sableye
|-end|p2a: Sableye|Substitute
|-damage|p1a: Ninetales|26/100 psn|[from] item: Life Orb
|
|-weather|SunnyDay|[upkeep]
|-heal|p2a: Sableye|82/100|[from] item: Leftovers
|-damage|p1a: Ninetales|14/100 psn|[from] psn
|upkeep
|turn|5
|
|t:|1769319409
|move|p2a: Sableye|Sucker Punch|p1a: Ninetales
|-damage|p1a: Ninetales|0 fnt
|faint|p1a: Ninetales
|
|-weather|none
|-heal|p2a: Sableye|88/100|[from] item: Leftovers
|upkeep
|
|t:|1769319420
|switch|p1a: Meowscarada|Meowscarada, F|100/100
|-damage|p1a: Meowscarada|88/100|[from] Stealth Rock
|turn|6
|
|t:|1769319425
|move|p2a: Sableye|Will-O-Wisp|p1a: Meowscarada
|-hint|Since gen 7, Dark is immune to Prankster moves.
|-immune|p1a: Meowscarada
|move|p1a: Meowscarada|Bullet Seed|p2a: Sableye
|-start|p1a: Meowscarada|typechange|Grass|[from] ability: Protean
|-damage|p2a: Sableye|70/100
|-damage|p2a: Sableye|52/100
|-damage|p2a: Sableye|33/100
|-damage|p2a: Sableye|17/100
|-damage|p2a: Sableye|0 fnt
|faint|p2a: Sableye
|-hitcount|p2: Sableye|5
|
|upkeep
|
|t:|1769319439
|switch|p2a: Masquerain|Masquerain, M|100/100
|-ability|p2a: Masquerain|Intimidate|boost
|-unboost|p1a: Meowscarada|atk|1
|turn|7
|
|t:|1769319445
|move|p1a: Meowscarada|Triple Axel|p2a: Masquerain
|-supereffective|p2a: Masquerain
|-damage|p2a: Masquerain|85/100
|-supereffective|p2a: Masquerain
|-damage|p2a: Masquerain|54/100
|-supereffective|p2a: Masquerain
|-damage|p2a: Masquerain|12/100
|-hitcount|p2a: Masquerain|3
|move|p2a: Masquerain|Quiver Dance|p2a: Masquerain
|-boost|p2a: Masquerain|spa|1
|-boost|p2a: Masquerain|spd|1
|-boost|p2a: Masquerain|spe|1
|
|upkeep
|turn|8
|
|t:|1769319457
|move|p1a: Meowscarada|Quick Attack|p2a: Masquerain
|-damage|p2a: Masquerain|0 fnt
|faint|p2a: Masquerain
|
|upkeep
|
|t:|1769319462
|switch|p2a: Alomomola|Alomomola, M|100/100
|turn|9
|
|t:|1769319468
|move|p2a: Alomomola|Protect|p2a: Alomomola
|-singleturn|p2a: Alomomola|Protect
|move|p1a: Meowscarada|Bullet Seed|p2a: Alomomola
|-activate|p2a: Alomomola|move: Protect
|
|upkeep
|turn|10
|
|t:|1769319475
|switch|p2a: Gholdengo|Gholdengo|100/100
|-item|p2a: Gholdengo|Air Balloon
|move|p1a: Meowscarada|Bullet Seed|p2a: Gholdengo
|-resisted|p2a: Gholdengo
|-damage|p2a: Gholdengo|96/100
|-enditem|p2a: Gholdengo|Air Balloon
|-resisted|p2a: Gholdengo
|-damage|p2a: Gholdengo|92/100
|-resisted|p2a: Gholdengo
|-damage|p2a: Gholdengo|87/100
|-resisted|p2a: Gholdengo
|-damage|p2a: Gholdengo|83/100
|-resisted|p2a: Gholdengo
|-damage|p2a: Gholdengo|78/100
|-hitcount|p2a: Gholdengo|5
|
|upkeep
|turn|11
|
|t:|1769319491
|move|p1a: Meowscarada|U-turn|p2a: Gholdengo
|-resisted|p2a: Gholdengo
|-damage|p2a: Gholdengo|74/100
|
|t:|1769319505
|switch|p1a: Charizard|Charizard, F, shiny|100/100|[from] U-turn
|move|p2a: Gholdengo|Nasty Plot|p2a: Gholdengo
|-boost|p2a: Gholdengo|spa|2
|
|upkeep
|turn|12
|inactive|squidcatt has 120 seconds left.
|
|t:|1769319537
|move|p1a: Charizard|Flamethrower|p2a: Gholdengo
|-supereffective|p2a: Gholdengo
|-damage|p2a: Gholdengo|0 fnt
|faint|p2a: Gholdengo
|
|upkeep
|inactive|squidcatt has 120 seconds left.
|
|t:|1769319543
|switch|p2a: Garchomp|Garchomp, M|100/100
|turn|13
|inactive|squidcatt has 120 seconds left.
|
|t:|1769319553
|move|p2a: Garchomp|Swords Dance|p2a: Garchomp
|-boost|p2a: Garchomp|atk|2
|move|p1a: Charizard|Sunny Day|p1a: Charizard
|-weather|SunnyDay
|
|-weather|SunnyDay|[upkeep]
|-damage|p1a: Charizard|88/100|[from] ability: Solar Power|[of] p1a: Charizard
|upkeep
|turn|14
|inactive|squidcatt has 120 seconds left.
|
|t:|1769319566
|move|p2a: Garchomp|Scale Shot|p1a: Charizard
|-damage|p1a: Charizard|53/100
|-damage|p1a: Charizard|15/100
|-damage|p1a: Charizard|0 fnt
|faint|p1a: Charizard
|-hitcount|p1: Charizard|3
|-unboost|p2a: Garchomp|def|1
|-boost|p2a: Garchomp|spe|1
|
|-weather|SunnyDay|[upkeep]
|upkeep
|
|t:|1769319577
|switch|p1a: Leavanny|Leavanny, M|100/100
|turn|15
|
|t:|1769319581
|move|p1a: Leavanny|Triple Axel|p2a: Garchomp
|-supereffective|p2a: Garchomp
|-damage|p2a: Garchomp|65/100
|-damage|p1a: Leavanny|88/100|[from] ability: Rough Skin|[of] p2a: Garchomp
|-supereffective|p2a: Garchomp
|-damage|p2a: Garchomp|0 fnt
|-damage|p1a: Leavanny|76/100|[from] ability: Rough Skin|[of] p2a: Garchomp
|faint|p2a: Garchomp
|-hitcount|p2: Garchomp|2
|
|-weather|SunnyDay|[upkeep]
|upkeep
|
|t:|1769319590
|switch|p2a: Alomomola|Alomomola, M|100/100
|turn|16
|
|t:|1769319595
|move|p1a: Leavanny|Leaf Blade|p2a: Alomomola
|-supereffective|p2a: Alomomola
|-damage|p2a: Alomomola|54/100
|move|p2a: Alomomola|Scald|p1a: Leavanny
|-resisted|p1a: Leavanny
|-damage|p1a: Leavanny|71/100
|
|-weather|SunnyDay|[upkeep]
|upkeep
|turn|17
|
|t:|1769319605
|move|p2a: Alomomola|Protect|p2a: Alomomola
|-singleturn|p2a: Alomomola|Protect
|move|p1a: Leavanny|Leaf Blade|p2a: Alomomola
|-activate|p2a: Alomomola|move: Protect
|
|-weather|none
|upkeep
|turn|18
|
|t:|1769319613
|move|p1a: Leavanny|Leaf Blade|p2a: Alomomola
|-supereffective|p2a: Alomomola
|-damage|p2a: Alomomola|12/100
|move|p2a: Alomomola|Wish|p2a: Alomomola
|
|upkeep
|turn|19
|
|t:|1769319623
|move|p2a: Alomomola|Protect|p2a: Alomomola
|-singleturn|p2a: Alomomola|Protect
|move|p1a: Leavanny|Knock Off|p2a: Alomomola
|-activate|p2a: Alomomola|move: Protect
|
|-heal|p2a: Alomomola|62/100|[from] move: Wish|[wisher] Alomomola
|upkeep
|turn|20
|
|t:|1769319638
|move|p1a: Leavanny|Knock Off|p2a: Alomomola
|-damage|p2a: Alomomola|46/100
|-enditem|p2a: Alomomola|Heavy-Duty Boots|[from] move: Knock Off|[of] p1a: Leavanny
|move|p2a: Alomomola|Scald|p1a: Leavanny
|-resisted|p1a: Leavanny
|-damage|p1a: Leavanny|62/100
|
|upkeep
|turn|21
|inactive|squidcatt has 120 seconds left.
|
|t:|1769319688
|move|p1a: Leavanny|Leaf Blade|p2a: Alomomola
|-supereffective|p2a: Alomomola
|-damage|p2a: Alomomola|6/100
|move|p2a: Alomomola|Wish|p2a: Alomomola
|
|upkeep
|turn|22
|
|t:|1769319698
|switch|p1a: Meowscarada|Meowscarada, F|88/100
|-damage|p1a: Meowscarada|76/100|[from] Stealth Rock
|move|p2a: Alomomola|Scald|p1a: Meowscarada
|-resisted|p1a: Meowscarada
|-damage|p1a: Meowscarada|65/100
|-status|p1a: Meowscarada|brn
|
|-heal|p2a: Alomomola|56/100|[from] move: Wish|[wisher] Alomomola
|-damage|p1a: Meowscarada|59/100 brn|[from] brn
|upkeep
|turn|23
|
|t:|1769319712
|-terastallize|p2a: Alomomola|Ghost
|move|p1a: Meowscarada|Bullet Seed|p2a: Alomomola
|-start|p1a: Meowscarada|typechange|Grass|[from] ability: Protean
|-damage|p2a: Alomomola|52/100
|-damage|p2a: Alomomola|49/100
|-damage|p2a: Alomomola|46/100
|-damage|p2a: Alomomola|43/100
|-damage|p2a: Alomomola|40/100
|-hitcount|p2a: Alomomola|5
|move|p2a: Alomomola|Wish|p2a: Alomomola
|
|-damage|p1a: Meowscarada|53/100 brn|[from] brn
|upkeep
|turn|24
|
|t:|1769319728
|move|p2a: Alomomola|Protect|p2a: Alomomola
|-singleturn|p2a: Alomomola|Protect
|move|p1a: Meowscarada|U-turn|p2a: Alomomola
|-activate|p2a: Alomomola|move: Protect
|
|-heal|p2a: Alomomola|90/100|[from] move: Wish|[wisher] Alomomola
|-damage|p1a: Meowscarada|46/100 brn|[from] brn
|upkeep
|turn|25
|
|t:|1769319741
|switch|p1a: Alomomola|Alomomola, M|100/100
|-damage|p1a: Alomomola|88/100|[from] Stealth Rock
|move|p2a: Alomomola|Wish|p2a: Alomomola
|
|upkeep
|turn|26
|
|t:|1769319752
|move|p1a: Alomomola|Play Rough|p2a: Alomomola|[miss]
|-miss|p1a: Alomomola|p2a: Alomomola
|move|p2a: Alomomola|Scald|p1a: Alomomola
|-resisted|p1a: Alomomola
|-damage|p1a: Alomomola|80/100
|
|-heal|p2a: Alomomola|100/100|[from] move: Wish|[wisher] Alomomola
|upkeep
|turn|27
|
|t:|1769319762
|move|p2a: Alomomola|Protect|p2a: Alomomola
|-singleturn|p2a: Alomomola|Protect
|move|p1a: Alomomola|Play Rough|p2a: Alomomola
|-activate|p2a: Alomomola|move: Protect
|
|upkeep
|turn|28
|
|t:|1769319769
|move|p1a: Alomomola|Play Rough|p2a: Alomomola
|-damage|p2a: Alomomola|89/100
|move|p2a: Alomomola|Wish|p2a: Alomomola
|
|upkeep
|turn|29
|-message|squidcatt forfeited.
|
|win|bpiubrt98tbj089
|raw|bpiubrt98tbj089's rating: 1120 &rarr; <strong>1144</strong><br />(+24 for winning)
|raw|squidcatt's rating: 1101 &rarr; <strong>1077</strong><br />(-24 for losing)
|l|☆squidcatt
|player|p2|
|l|☆bpiubrt98tbj089
|player|p1|
