|j|☆Auburn Hills
|j|☆CambridgeFoulPlay
|t:|1769376333
|gametype|singles
|player|p1|Auburn Hills|alder|1759
|player|p2|CambridgeFoulPlay|266|1856
|gen|9
|tier|[Gen 9] OU
|rated|
|rule|HP Percentage Mod: HP is shown in percentages
|rule|Endless Battle Clause: Forcing endless battles is banned
|rule|Species Clause: Limit one of each Pokémon
|rule|OHKO Clause: OHKO moves are banned
|rule|Evasion Items Clause: Evasion items are banned
|rule|Evasion Moves Clause: Evasion moves are banned
|rule|Evasion Abilities Clause: Evasion abilities are banned
|rule|Sleep Moves Clause: Sleep-inducing moves are banned
|clearpoke
|poke|p1|Iron Moth|
|poke|p1|Umbreon, F|
|poke|p1|Garchomp, M|
|poke|p1|Glimmora, M|
|poke|p1|Gholdengo|
|poke|p1|Dragonite, M|
|poke|p2|Hydrapple, M|
|poke|p2|Tyranitar, F|
|poke|p2|Moltres|
|poke|p2|Zamazenta-*|
|poke|p2|Slowking-Galar, M|
|poke|p2|Excadrill, F|
|teampreview
|
|t:|1769376337
|teamsize|p1|6
|teamsize|p2|6
|start
|switch|p1a: Rat Tally|Garchomp, M|100/100
|switch|p2a: Tyranitar|Tyranitar, F|100/100
|-weather|Sandstorm|[from] ability: Sand Stream|[of] p2a: Tyranitar
|turn|1
|c|☆CambridgeFoulPlay|hf
|inactive|Battle timer is ON: inactive players will automatically lose when time's up. (requested by CambridgeFoulPlay)
|
|t:|1769376341
|-terastallize|p1a: Rat Tally|Electric
|move|p1a: Rat Tally|Swords Dance|p1a: Rat Tally
|-boost|p1a: Rat Tally|atk|2
|move|p2a: Tyranitar|Ice Beam|p1a: Rat Tally
|-crit|p1a: Rat Tally
|-damage|p1a: Rat Tally|67/100
|
|-weather|Sandstorm|[upkeep]
|-damage|p1a: Rat Tally|61/100|[from] Sandstorm
|upkeep
|turn|2
|
|t:|1769376344
|switch|p2a: Excadrill|Excadrill, F|100/100
|-item|p2a: Excadrill|Air Balloon
|move|p1a: Rat Tally|Scale Shot|p2a: Excadrill
|-resisted|p2a: Excadrill
|-damage|p2a: Excadrill|80/100
|-enditem|p2a: Excadrill|Air Balloon
|-resisted|p2a: Excadrill
|-damage|p2a: Excadrill|62/100
|-resisted|p2a: Excadrill
|-damage|p2a: Excadrill|45/100
|-resisted|p2a: Excadrill
|-damage|p2a: Excadrill|25/100
|-hitcount|p2a: Excadrill|4
|-unboost|p1a: Rat Tally|def|1
|-boost|p1a: Rat Tally|spe|1
|
|-weather|Sandstorm|[upkeep]
|-damage|p1a: Rat Tally|55/100|[from] Sandstorm
|upkeep
|turn|3
|
|t:|1769376347
|switch|p1a: Elucid|Dragonite, M|100/100
|move|p2a: Excadrill|Earthquake|p1a: Elucid
|-immune|p1a: Elucid
|
|-weather|Sandstorm|[upkeep]
|-damage|p1a: Elucid|94/100|[from] Sandstorm
|upkeep
|turn|4
|
|t:|1769376350
|move|p2a: Excadrill|Iron Head|p1a: Elucid
|-damage|p1a: Elucid|51/100
|move|p1a: Elucid|Earthquake|p2a: Excadrill
|-supereffective|p2a: Excadrill
|-damage|p2a: Excadrill|0 fnt
|faint|p2a: Excadrill
|
|-weather|Sandstorm|[upkeep]
|-damage|p1a: Elucid|44/100|[from] Sandstorm
|upkeep
|
|t:|1769376354
|switch|p2a: Tyranitar|Tyranitar, F|100/100
|turn|5
|
|t:|1769376357
|move|p1a: Elucid|Earthquake|p2a: Tyranitar
|-supereffective|p2a: Tyranitar
|-damage|p2a: Tyranitar|43/100
|move|p2a: Tyranitar|Knock Off|p1a: Elucid
|-damage|p1a: Elucid|0 fnt
|-enditem|p1a: Elucid|Heavy-Duty Boots|[from] move: Knock Off|[of] p2a: Tyranitar
|faint|p1a: Elucid
|
|-weather|Sandstorm|[upkeep]
|upkeep
|
|t:|1769376360
|switch|p1a: Rat Tally|Garchomp, M, tera:Electric|55/100
|turn|6
|
|t:|1769376364
|switch|p2a: Zamazenta|Zamazenta|100/100
|-ability|p2a: Zamazenta|Dauntless Shield|boost
|-boost|p2a: Zamazenta|def|1
|move|p1a: Rat Tally|Scale Shot|p2a: Zamazenta
|-damage|p2a: Zamazenta|94/100
|-damage|p2a: Zamazenta|87/100
|-damage|p2a: Zamazenta|79/100
|-damage|p2a: Zamazenta|72/100
|-hitcount|p2a: Zamazenta|4
|-unboost|p1a: Rat Tally|def|1
|-boost|p1a: Rat Tally|spe|1
|
|-weather|Sandstorm|[upkeep]
|-damage|p1a: Rat Tally|49/100|[from] Sandstorm
|-damage|p2a: Zamazenta|66/100|[from] Sandstorm
|-heal|p2a: Zamazenta|72/100|[from] item: Leftovers
|upkeep
|turn|7
|
|t:|1769376367
|switch|p1a: Smino|Gholdengo|100/100
|move|p2a: Zamazenta|Body Press|p1a: Smino
|-immune|p1a: Smino
|
|-weather|Sandstorm|[upkeep]
|-damage|p2a: Zamazenta|66/100|[from] Sandstorm
|-heal|p2a: Zamazenta|72/100|[from] item: Leftovers
|upkeep
|turn|8
|
|t:|1769376370
|move|p1a: Smino|Trick|p2a: Zamazenta
|-activate|p1a: Smino|move: Trick|[of] p2a: Zamazenta
|-item|p2a: Zamazenta|Choice Scarf|[from] move: Trick
|-item|p1a: Smino|Leftovers|[from] move: Trick
|move|p2a: Zamazenta|Crunch|p1a: Smino
|-supereffective|p1a: Smino
|-damage|p1a: Smino|54/100
|
|-weather|none
|-heal|p1a: Smino|60/100|[from] item: Leftovers
|upkeep
|turn|9
|
|t:|1769376373
|switch|p1a: Alvvays|Umbreon, F|100/100
|move|p2a: Zamazenta|Crunch|p1a: Alvvays
|-resisted|p1a: Alvvays
|-damage|p1a: Alvvays|91/100
|
|-heal|p1a: Alvvays|97/100|[from] item: Leftovers
|upkeep
|turn|10
|
|t:|1769376376
|switch|p2a: Hydrapple|Hydrapple, M|100/100
|move|p1a: Alvvays|Thunder Wave|p2a: Hydrapple|[miss]
|-miss|p1a: Alvvays|p2a: Hydrapple
|
|-heal|p1a: Alvvays|100/100|[from] item: Leftovers
|upkeep
|turn|11
|
|t:|1769376378
|move|p1a: Alvvays|Thunder Wave|p2a: Hydrapple
|-status|p2a: Hydrapple|par
|move|p2a: Hydrapple|Nasty Plot|p2a: Hydrapple
|-boost|p2a: Hydrapple|spa|2
|
|upkeep
|turn|12
|
|t:|1769376381
|switch|p1a: Julia Jacklin|Glimmora, M|100/100
|move|p2a: Hydrapple|Earth Power|p1a: Julia Jacklin
|-supereffective|p1a: Julia Jacklin
|-enditem|p1a: Julia Jacklin|Focus Sash
|-damage|p1a: Julia Jacklin|1/100
|
|upkeep
|turn|13
|
|t:|1769376385
|move|p1a: Julia Jacklin|Sludge Wave|p2a: Hydrapple
|-supereffective|p2a: Hydrapple
|-damage|p2a: Hydrapple|0 fnt
|faint|p2a: Hydrapple
|
|upkeep
|
|t:|1769376388
|switch|p2a: Slowking|Slowking-Galar, M|100/100
|turn|14
|
|t:|1769376392
|switch|p1a: Alvvays|Umbreon, F|100/100
|move|p2a: Slowking|Psyshock|p1a: Alvvays
|-immune|p1a: Alvvays
|
|upkeep
|turn|15
|
|t:|1769376395
|switch|p2a: Tyranitar|Tyranitar, F|43/100
|-weather|Sandstorm|[from] ability: Sand Stream|[of] p2a: Tyranitar
|move|p1a: Alvvays|Thunder Wave|p2a: Tyranitar
|-status|p2a: Tyranitar|par
|
|-weather|Sandstorm|[upkeep]
|-damage|p1a: Alvvays|94/100|[from] Sandstorm
|-heal|p1a: Alvvays|100/100|[from] item: Leftovers
|upkeep
|turn|16
|
|t:|1769376398
|switch|p1a: Julia Jacklin|Glimmora, M|1/100
|move|p2a: Tyranitar|Stealth Rock|p1a: Julia Jacklin
|-sidestart|p1: Auburn Hills|move: Stealth Rock
|
|-weather|Sandstorm|[upkeep]
|upkeep
|turn|17
|
|t:|1769376403
|move|p1a: Julia Jacklin|Mortal Spin|p2a: Tyranitar
|-resisted|p2a: Tyranitar
|-damage|p2a: Tyranitar|41/100 par
|-sideend|p1: Auburn Hills|Stealth Rock|[from] move: Mortal Spin|[of] p1a: Julia Jacklin
|move|p2a: Tyranitar|Ice Beam|p1a: Julia Jacklin
|-damage|p1a: Julia Jacklin|0 fnt
|faint|p1a: Julia Jacklin
|
|-weather|Sandstorm|[upkeep]
|upkeep
|
|t:|1769376406
|switch|p1a: Rat Tally|Garchomp, M, tera:Electric|49/100
|turn|18
|
|t:|1769376408
|switch|p2a: Moltres|Moltres|100/100
|move|p1a: Rat Tally|Earthquake|p2a: Moltres
|-immune|p2a: Moltres
|
|-weather|Sandstorm|[upkeep]
|-damage|p1a: Rat Tally|42/100|[from] Sandstorm
|-damage|p2a: Moltres|94/100|[from] Sandstorm
|upkeep
|turn|19
|j| turquoiselink
|
|t:|1769376411
|move|p1a: Rat Tally|Tera Blast|p2a: Moltres|[anim] Tera Blast Electric
|-supereffective|p2a: Moltres
|-damage|p2a: Moltres|40/100
|move|p2a: Moltres|Flamethrower|p1a: Rat Tally
|-damage|p1a: Rat Tally|3/100
|
|-weather|Sandstorm|[upkeep]
|-damage|p1a: Rat Tally|0 fnt|[from] Sandstorm
|-damage|p2a: Moltres|34/100|[from] Sandstorm
|faint|p1a: Rat Tally
|upkeep
|
|t:|1769376417
|switch|p1a: Carly Rae|Iron Moth|100/100
|-enditem|p1a: Carly Rae|Booster Energy
|-activate|p1a: Carly Rae|ability: Quark Drive|[fromitem]
|-start|p1a: Carly Rae|quarkdrivespe
|turn|20
|
|t:|1769376419
|switch|p2a: Slowking|Slowking-Galar, M|100/100
|move|p1a: Carly Rae|Discharge|p2a: Slowking
|-damage|p2a: Slowking|86/100
|
|-weather|Sandstorm|[upkeep]
|-damage|p1a: Carly Rae|95/100|[from] Sandstorm
|-damage|p2a: Slowking|80/100|[from] Sandstorm
|upkeep
|turn|21
|
|t:|1769376422
|-end|p1a: Carly Rae|Quark Drive|[silent]
|switch|p1a: Alvvays|Umbreon, F|100/100
|move|p2a: Slowking|Flamethrower|p1a: Alvvays
|-damage|p1a: Alvvays|89/100
|
|-weather|Sandstorm|[upkeep]
|-damage|p1a: Alvvays|83/100|[from] Sandstorm
|-damage|p2a: Slowking|74/100|[from] Sandstorm
|-heal|p1a: Alvvays|89/100|[from] item: Leftovers
|upkeep
|turn|22
|
|t:|1769376428
|switch|p1a: Smino|Gholdengo|60/100
|switch|p2a: Moltres|Moltres|34/100
|
|-weather|none
|-heal|p1a: Smino|66/100|[from] item: Leftovers
|upkeep
|turn|23
|
|t:|1769376431
|switch|p2a: Tyranitar|Tyranitar, F|41/100 par
|-weather|Sandstorm|[from] ability: Sand Stream|[of] p2a: Tyranitar
|move|p1a: Smino|Shadow Ball|p2a: Tyranitar
|-resisted|p2a: Tyranitar
|-damage|p2a: Tyranitar|32/100 par
|
|-weather|Sandstorm|[upkeep]
|-heal|p1a: Smino|72/100|[from] item: Leftovers
|upkeep
|turn|24
|
|t:|1769376434
|move|p1a: Smino|Make It Rain|p2a: Tyranitar
|-supereffective|p2a: Tyranitar
|-damage|p2a: Tyranitar|0 fnt
|-unboost|p1a: Smino|spa|1
|faint|p2a: Tyranitar
|
|-weather|Sandstorm|[upkeep]
|-heal|p1a: Smino|78/100|[from] item: Leftovers
|upkeep
|
|t:|1769376435
|switch|p2a: Moltres|Moltres|34/100
|turn|25
|
|t:|1769376438
|switch|p1a: Carly Rae|Iron Moth|95/100
|move|p2a: Moltres|Roost|p2a: Moltres
|-heal|p2a: Moltres|84/100
|-singleturn|p2a: Moltres|move: Roost
|
|-weather|Sandstorm|[upkeep]
|-damage|p1a: Carly Rae|89/100|[from] Sandstorm
|-damage|p2a: Moltres|78/100|[from] Sandstorm
|upkeep
|turn|26
|
|t:|1769376440
|switch|p2a: Slowking|Slowking-Galar, M|100/100
|move|p1a: Carly Rae|Discharge|p2a: Slowking
|-damage|p2a: Slowking|86/100
|
|-weather|Sandstorm|[upkeep]
|-damage|p1a: Carly Rae|83/100|[from] Sandstorm
|-damage|p2a: Slowking|80/100|[from] Sandstorm
|upkeep
|turn|27
|
|t:|1769376443
|-end|p1a: Carly Rae|Quark Drive|[silent]
|switch|p1a: Alvvays|Umbreon, F|89/100
|move|p2a: Slowking|Flamethrower|p1a: Alvvays
|-damage|p1a: Alvvays|77/100
|
|-weather|Sandstorm|[upkeep]
|-damage|p1a: Alvvays|71/100|[from] Sandstorm
|-damage|p2a: Slowking|74/100|[from] Sandstorm
|-heal|p1a: Alvvays|77/100|[from] item: Leftovers
|upkeep
|turn|28
|
|t:|1769376446
|switch|p2a: Moltres|Moltres|78/100
|move|p1a: Alvvays|Thunder Wave|p2a: Moltres
|-status|p2a: Moltres|par
|
|-weather|Sandstorm|[upkeep]
|-damage|p1a: Alvvays|71/100|[from] Sandstorm
|-damage|p2a: Moltres|72/100 par|[from] Sandstorm
|-heal|p1a: Alvvays|77/100|[from] item: Leftovers
|upkeep
|turn|29
|
|t:|1769376449
|move|p1a: Alvvays|Wish|p1a: Alvvays
|cant|p2a: Moltres|par
|
|-weather|Sandstorm|[upkeep]
|-damage|p1a: Alvvays|71/100|[from] Sandstorm
|-damage|p2a: Moltres|66/100 par|[from] Sandstorm
|-heal|p1a: Alvvays|77/100|[from] item: Leftovers
|upkeep
|turn|30
|
|t:|1769376451
|move|p1a: Alvvays|Foul Play|p2a: Moltres
|-damage|p2a: Moltres|45/100 par
|cant|p2a: Moltres|par
|
|-weather|none
|-heal|p1a: Alvvays|100/100|[from] move: Wish|[wisher] Alvvays
|upkeep
|turn|31
|
|t:|1769376455
|move|p1a: Alvvays|Wish|p1a: Alvvays
|move|p2a: Moltres|Roost|p2a: Moltres
|-heal|p2a: Moltres|95/100 par
|-singleturn|p2a: Moltres|move: Roost
|
|upkeep
|turn|32
|
|t:|1769376458
|switch|p1a: Carly Rae|Iron Moth|83/100
|switch|p2a: Slowking|Slowking-Galar, M|100/100
|
|-heal|p1a: Carly Rae|100/100|[from] move: Wish|[wisher] Alvvays
|upkeep
|turn|33
|
|t:|1769376460
|-end|p1a: Carly Rae|Quark Drive|[silent]
|switch|p1a: Alvvays|Umbreon, F|100/100
|move|p2a: Slowking|Sludge Bomb|p1a: Alvvays
|-damage|p1a: Alvvays|83/100
|
|-heal|p1a: Alvvays|89/100|[from] item: Leftovers
|upkeep
|turn|34
|
|t:|1769376464
|switch|p2a: Moltres|Moltres|95/100 par
|move|p1a: Alvvays|Foul Play|p2a: Moltres
|-damage|p2a: Moltres|76/100 par
|
|-heal|p1a: Alvvays|95/100|[from] item: Leftovers
|upkeep
|turn|35
|
|t:|1769376467
|switch|p1a: Carly Rae|Iron Moth|100/100
|move|p2a: Moltres|Roost|p2a: Moltres
|-heal|p2a: Moltres|100/100 par
|-singleturn|p2a: Moltres|move: Roost
|
|upkeep
|turn|36
|
|t:|1769376470
|-end|p1a: Carly Rae|Quark Drive|[silent]
|switch|p1a: Smino|Gholdengo|78/100
|switch|p2a: Slowking|Slowking-Galar, M|100/100
|
|-heal|p1a: Smino|84/100|[from] item: Leftovers
|upkeep
|turn|37
|
|t:|1769376473
|move|p1a: Smino|Shadow Ball|p2a: Slowking
|-supereffective|p2a: Slowking
|-crit|p2a: Slowking
|-damage|p2a: Slowking|34/100
|-unboost|p2a: Slowking|spd|1
|move|p2a: Slowking|Flamethrower|p1a: Smino
|-supereffective|p1a: Smino
|-damage|p1a: Smino|26/100
|
|-heal|p1a: Smino|32/100|[from] item: Leftovers
|upkeep
|turn|38
|
|t:|1769376477
|switch|p2a: Zamazenta|Zamazenta|72/100
|move|p1a: Smino|Shadow Ball|p2a: Zamazenta
|-damage|p2a: Zamazenta|36/100
|
|-heal|p1a: Smino|38/100|[from] item: Leftovers
|upkeep
|turn|39
|
|t:|1769376480
|switch|p1a: Alvvays|Umbreon, F|95/100
|move|p2a: Zamazenta|Crunch|p1a: Alvvays
|-resisted|p1a: Alvvays
|-damage|p1a: Alvvays|86/100
|
|-heal|p1a: Alvvays|92/100|[from] item: Leftovers
|upkeep
|turn|40
|
|t:|1769376483
|switch|p2a: Slowking|Slowking-Galar, M|68/100
|switch|p1a: Smino|Gholdengo|38/100
|
|-heal|p1a: Smino|44/100|[from] item: Leftovers
|upkeep
|turn|41
|
|t:|1769376486
|switch|p1a: Alvvays|Umbreon, F|92/100
|move|p2a: Slowking|Flamethrower|p1a: Alvvays
|-damage|p1a: Alvvays|81/100
|
|-heal|p1a: Alvvays|87/100|[from] item: Leftovers
|upkeep
|turn|42
|
|t:|1769376488
|switch|p2a: Moltres|Moltres|100/100 par
|move|p1a: Alvvays|Foul Play|p2a: Moltres
|-damage|p2a: Moltres|80/100 par
|
|-heal|p1a: Alvvays|93/100|[from] item: Leftovers
|upkeep
|turn|43
|
|t:|1769376491
|switch|p1a: Carly Rae|Iron Moth|100/100
|move|p2a: Moltres|Roost|p2a: Moltres
|-heal|p2a: Moltres|100/100 par
|-singleturn|p2a: Moltres|move: Roost
|
|upkeep
|turn|44
|
|t:|1769376494
|switch|p2a: Slowking|Slowking-Galar, M|100/100
|move|p1a: Carly Rae|Fiery Dance|p2a: Slowking
|-damage|p2a: Slowking|79/100
|-boost|p1a: Carly Rae|spa|1
|
|upkeep
|turn|45
|
|t:|1769376497
|-end|p1a: Carly Rae|Quark Drive|[silent]
|switch|p1a: Alvvays|Umbreon, F|93/100
|move|p2a: Slowking|Psyshock|p1a: Alvvays
|-immune|p1a: Alvvays
|
|-heal|p1a: Alvvays|99/100|[from] item: Leftovers
|upkeep
|turn|46
|
|t:|1769376501
|switch|p1a: Carly Rae|Iron Moth|100/100
|switch|p2a: Moltres|Moltres|100/100 par
|
|upkeep
|turn|47
|
|t:|1769376504
|switch|p2a: Slowking|Slowking-Galar, M|100/100
|move|p1a: Carly Rae|Fiery Dance|p2a: Slowking
|-damage|p2a: Slowking|79/100
|
|upkeep
|turn|48
|
|t:|1769376506
|-end|p1a: Carly Rae|Quark Drive|[silent]
|switch|p1a: Alvvays|Umbreon, F|99/100
|move|p2a: Slowking|Sludge Bomb|p1a: Alvvays
|-damage|p1a: Alvvays|82/100
|
|-heal|p1a: Alvvays|89/100|[from] item: Leftovers
|upkeep
|turn|49
|
|t:|1769376508
|switch|p1a: Carly Rae|Iron Moth|100/100
|switch|p2a: Moltres|Moltres|100/100 par
|
|upkeep
|turn|50
|
|t:|1769376511
|switch|p2a: Slowking|Slowking-Galar, M|100/100
|move|p1a: Carly Rae|Discharge|p2a: Slowking
|-damage|p2a: Slowking|86/100
|
|upkeep
|turn|51
|
|t:|1769376513
|-end|p1a: Carly Rae|Quark Drive|[silent]
|switch|p1a: Alvvays|Umbreon, F|89/100
|move|p2a: Slowking|Sludge Bomb|p1a: Alvvays
|-damage|p1a: Alvvays|69/100
|-status|p1a: Alvvays|psn
|
|-heal|p1a: Alvvays|76/100 psn|[from] item: Leftovers
|-damage|p1a: Alvvays|63/100 psn|[from] psn
|upkeep
|turn|52
|
|t:|1769376516
|switch|p2a: Zamazenta|Zamazenta|36/100
|move|p1a: Alvvays|Wish|p1a: Alvvays
|
|-heal|p1a: Alvvays|69/100 psn|[from] item: Leftovers
|-damage|p1a: Alvvays|57/100 psn|[from] psn
|upkeep
|turn|53
|
|t:|1769376518
|move|p1a: Alvvays|Protect|p1a: Alvvays
|-singleturn|p1a: Alvvays|Protect
|move|p2a: Zamazenta|Crunch|p1a: Alvvays
|-activate|p1a: Alvvays|move: Protect
|
|-heal|p1a: Alvvays|100/100 psn|[from] move: Wish|[wisher] Alvvays
|-damage|p1a: Alvvays|88/100 psn|[from] psn
|upkeep
|turn|54
|
|t:|1769376522
|move|p2a: Zamazenta|Crunch|p1a: Alvvays
|-resisted|p1a: Alvvays
|-damage|p1a: Alvvays|80/100 psn
|move|p1a: Alvvays|Foul Play|p2a: Zamazenta
|-resisted|p2a: Zamazenta
|-damage|p2a: Zamazenta|20/100
|
|-heal|p1a: Alvvays|86/100 psn|[from] item: Leftovers
|-damage|p1a: Alvvays|74/100 psn|[from] psn
|upkeep
|turn|55
|
|t:|1769376525
|switch|p2a: Moltres|Moltres|100/100 par
|move|p1a: Alvvays|Foul Play|p2a: Moltres
|-damage|p2a: Moltres|79/100 par
|
|-heal|p1a: Alvvays|80/100 psn|[from] item: Leftovers
|-damage|p1a: Alvvays|67/100 psn|[from] psn
|upkeep
|turn|56
|
|t:|1769376527
|move|p1a: Alvvays|Wish|p1a: Alvvays
|move|p2a: Moltres|Roost|p2a: Moltres
|-heal|p2a: Moltres|100/100 par
|-singleturn|p2a: Moltres|move: Roost
|
|-heal|p1a: Alvvays|73/100 psn|[from] item: Leftovers
|-damage|p1a: Alvvays|61/100 psn|[from] psn
|upkeep
|turn|57
|
|t:|1769376530
|move|p1a: Alvvays|Foul Play|p2a: Moltres
|-damage|p2a: Moltres|81/100 par
|move|p2a: Moltres|Flamethrower|p1a: Alvvays
|-damage|p1a: Alvvays|42/100 psn
|
|-heal|p1a: Alvvays|92/100 psn|[from] move: Wish|[wisher] Alvvays
|-heal|p1a: Alvvays|98/100 psn|[from] item: Leftovers
|-damage|p1a: Alvvays|85/100 psn|[from] psn
|upkeep
|turn|58
|
|t:|1769376534
|move|p1a: Alvvays|Foul Play|p2a: Moltres
|-damage|p2a: Moltres|58/100 par
|move|p2a: Moltres|U-turn|p1a: Alvvays
|-supereffective|p1a: Alvvays
|-damage|p1a: Alvvays|64/100 psn
|
|t:|1769376536
|switch|p2a: Zamazenta|Zamazenta|20/100|[from] U-turn
|
|-heal|p1a: Alvvays|70/100 psn|[from] item: Leftovers
|-damage|p1a: Alvvays|57/100 psn|[from] psn
|upkeep
|turn|59
|
|t:|1769376538
|move|p1a: Alvvays|Protect|p1a: Alvvays
|-singleturn|p1a: Alvvays|Protect
|move|p2a: Zamazenta|Body Press|p1a: Alvvays
|-activate|p1a: Alvvays|move: Protect
|
|-heal|p1a: Alvvays|64/100 psn|[from] item: Leftovers
|-damage|p1a: Alvvays|51/100 psn|[from] psn
|upkeep
|turn|60
|
|t:|1769376542
|switch|p2a: Slowking|Slowking-Galar, M|100/100
|switch|p1a: Smino|Gholdengo|44/100
|
|-heal|p1a: Smino|50/100|[from] item: Leftovers
|upkeep
|turn|61
|
|t:|1769376544
|switch|p1a: Alvvays|Umbreon, F|51/100 psn
|move|p2a: Slowking|Flamethrower|p1a: Alvvays
|-damage|p1a: Alvvays|40/100 psn
|
|-heal|p1a: Alvvays|46/100 psn|[from] item: Leftovers
|-damage|p1a: Alvvays|34/100 psn|[from] psn
|upkeep
|turn|62
|
|t:|1769376545
|move|p1a: Alvvays|Wish|p1a: Alvvays
|move|p2a: Slowking|Sludge Bomb|p1a: Alvvays
|-damage|p1a: Alvvays|14/100 psn
|
|-heal|p1a: Alvvays|20/100 psn|[from] item: Leftovers
|-damage|p1a: Alvvays|8/100 psn|[from] psn
|upkeep
|turn|63
|
|t:|1769376548
|switch|p2a: Moltres|Moltres|58/100 par
|move|p1a: Alvvays|Protect||[still]
|-fail|p1a: Alvvays
|
|-heal|p1a: Alvvays|58/100 psn|[from] move: Wish|[wisher] Alvvays
|-heal|p1a: Alvvays|64/100 psn|[from] item: Leftovers
|-damage|p1a: Alvvays|51/100 psn|[from] psn
|upkeep
|turn|64
|
|t:|1769376550
|move|p1a: Alvvays|Wish|p1a: Alvvays
|cant|p2a: Moltres|par
|
|-heal|p1a: Alvvays|57/100 psn|[from] item: Leftovers
|-damage|p1a: Alvvays|45/100 psn|[from] psn
|upkeep
|turn|65
|
|t:|1769376552
|move|p1a: Alvvays|Foul Play|p2a: Moltres
|-damage|p2a: Moltres|38/100 par
|move|p2a: Moltres|Roost|p2a: Moltres
|-heal|p2a: Moltres|88/100 par
|-singleturn|p2a: Moltres|move: Roost
|
|-heal|p1a: Alvvays|95/100 psn|[from] move: Wish|[wisher] Alvvays
|-heal|p1a: Alvvays|100/100 psn|[from] item: Leftovers
|-damage|p1a: Alvvays|88/100 psn|[from] psn
|upkeep
|turn|66
|
|t:|1769376555
|move|p1a: Alvvays|Foul Play|p2a: Moltres
|-damage|p2a: Moltres|68/100 par
|move|p2a: Moltres|Flamethrower|p1a: Alvvays
|-crit|p1a: Alvvays
|-damage|p1a: Alvvays|56/100 psn
|
|-heal|p1a: Alvvays|62/100 psn|[from] item: Leftovers
|-damage|p1a: Alvvays|50/100 psn|[from] psn
|upkeep
|turn|67
|
|t:|1769376559
|move|p1a: Alvvays|Wish|p1a: Alvvays
|move|p2a: Moltres|Flamethrower|p1a: Alvvays
|-damage|p1a: Alvvays|30/100 psn
|
|-heal|p1a: Alvvays|36/100 psn|[from] item: Leftovers
|-damage|p1a: Alvvays|23/100 psn|[from] psn
|upkeep
|turn|68
|
|t:|1769376561
|move|p1a: Alvvays|Protect|p1a: Alvvays
|-singleturn|p1a: Alvvays|Protect
|move|p2a: Moltres|Roost|p2a: Moltres
|-heal|p2a: Moltres|100/100 par
|-singleturn|p2a: Moltres|move: Roost
|
|-heal|p1a: Alvvays|73/100 psn|[from] move: Wish|[wisher] Alvvays
|-heal|p1a: Alvvays|79/100 psn|[from] item: Leftovers
|-damage|p1a: Alvvays|67/100 psn|[from] psn
|upkeep
|turn|69
|
|t:|1769376565
|move|p1a: Alvvays|Wish|p1a: Alvvays
|move|p2a: Moltres|U-turn|p1a: Alvvays
|-supereffective|p1a: Alvvays
|-damage|p1a: Alvvays|44/100 psn
|
|t:|1769376566
|switch|p2a: Zamazenta|Zamazenta|20/100|[from] U-turn
|
|-heal|p1a: Alvvays|50/100 psn|[from] item: Leftovers
|-damage|p1a: Alvvays|37/100 psn|[from] psn
|upkeep
|turn|70
|j| SpiderKing3261
|
|t:|1769376568
|move|p1a: Alvvays|Protect|p1a: Alvvays
|-singleturn|p1a: Alvvays|Protect
|move|p2a: Zamazenta|Body Press|p1a: Alvvays
|-activate|p1a: Alvvays|move: Protect
|
|-heal|p1a: Alvvays|87/100 psn|[from] move: Wish|[wisher] Alvvays
|-heal|p1a: Alvvays|93/100 psn|[from] item: Leftovers
|-damage|p1a: Alvvays|81/100 psn|[from] psn
|upkeep
|turn|71
|l| SpiderKing3261
|
|t:|1769376571
|switch|p2a: Slowking|Slowking-Galar, M|100/100
|switch|p1a: Smino|Gholdengo|50/100
|
|-heal|p1a: Smino|56/100|[from] item: Leftovers
|upkeep
|turn|72
|
|t:|1769376573
|switch|p1a: Alvvays|Umbreon, F|81/100 psn
|move|p2a: Slowking|Flamethrower|p1a: Alvvays
|-crit|p1a: Alvvays
|-damage|p1a: Alvvays|63/100 psn
|
|-heal|p1a: Alvvays|69/100 psn|[from] item: Leftovers
|-damage|p1a: Alvvays|56/100 psn|[from] psn
|upkeep
|turn|73
|
|t:|1769376576
|move|p1a: Alvvays|Wish|p1a: Alvvays
|move|p2a: Slowking|Sludge Bomb|p1a: Alvvays
|-damage|p1a: Alvvays|39/100 psn
|
|-heal|p1a: Alvvays|46/100 psn|[from] item: Leftovers
|-damage|p1a: Alvvays|33/100 psn|[from] psn
|upkeep
|turn|74
|
|t:|1769376579
|switch|p2a: Moltres|Moltres|100/100 par
|move|p1a: Alvvays|Thunder Wave|p2a: Moltres
|-fail|p2a: Moltres|par
|
|-heal|p1a: Alvvays|83/100 psn|[from] move: Wish|[wisher] Alvvays
|-heal|p1a: Alvvays|89/100 psn|[from] item: Leftovers
|-damage|p1a: Alvvays|77/100 psn|[from] psn
|upkeep
|turn|75
|
|t:|1769376582
|move|p1a: Alvvays|Protect|p1a: Alvvays
|-singleturn|p1a: Alvvays|Protect
|move|p2a: Moltres|U-turn|p1a: Alvvays
|-activate|p1a: Alvvays|move: Protect
|
|-heal|p1a: Alvvays|83/100 psn|[from] item: Leftovers
|-damage|p1a: Alvvays|70/100 psn|[from] psn
|upkeep
|turn|76
|
|t:|1769376585
|move|p1a: Alvvays|Wish|p1a: Alvvays
|move|p2a: Moltres|Flamethrower|p1a: Alvvays
|-damage|p1a: Alvvays|49/100 psn
|
|-heal|p1a: Alvvays|55/100 psn|[from] item: Leftovers
|-damage|p1a: Alvvays|43/100 psn|[from] psn
|upkeep
|turn|77
|
|t:|1769376588
|switch|p2a: Zamazenta|Zamazenta|20/100
|move|p1a: Alvvays|Foul Play|p2a: Zamazenta
|-resisted|p2a: Zamazenta
|-damage|p2a: Zamazenta|4/100
|
|-heal|p1a: Alvvays|93/100 psn|[from] move: Wish|[wisher] Alvvays
|-heal|p1a: Alvvays|99/100 psn|[from] item: Leftovers
|-damage|p1a: Alvvays|87/100 psn|[from] psn
|upkeep
|turn|78
|
|t:|1769376591
|move|p1a: Alvvays|Protect|p1a: Alvvays
|-singleturn|p1a: Alvvays|Protect
|move|p2a: Zamazenta|Body Press|p1a: Alvvays
|-activate|p1a: Alvvays|move: Protect
|
|-heal|p1a: Alvvays|93/100 psn|[from] item: Leftovers
|-damage|p1a: Alvvays|80/100 psn|[from] psn
|upkeep
|turn|79
|
|t:|1769376593
|switch|p2a: Moltres|Moltres|100/100 par
|switch|p1a: Smino|Gholdengo|56/100
|
|-heal|p1a: Smino|62/100|[from] item: Leftovers
|upkeep
|turn|80
|
|t:|1769376596
|switch|p1a: Alvvays|Umbreon, F|80/100 psn
|move|p2a: Moltres|Flamethrower|p1a: Alvvays
|-damage|p1a: Alvvays|62/100 psn
|
|-heal|p1a: Alvvays|68/100 psn|[from] item: Leftovers
|-damage|p1a: Alvvays|56/100 psn|[from] psn
|upkeep
|turn|81
|
|t:|1769376598
|move|p1a: Alvvays|Wish|p1a: Alvvays
|cant|p2a: Moltres|par
|
|-heal|p1a: Alvvays|62/100 psn|[from] item: Leftovers
|-damage|p1a: Alvvays|50/100 psn|[from] psn
|upkeep
|turn|82
|
|t:|1769376601
|move|p1a: Alvvays|Foul Play|p2a: Moltres
|-damage|p2a: Moltres|81/100 par
|move|p2a: Moltres|U-turn|p1a: Alvvays
|-supereffective|p1a: Alvvays
|-damage|p1a: Alvvays|27/100 psn
|
|t:|1769376602
|switch|p2a: Zamazenta|Zamazenta|4/100|[from] U-turn
|
|-heal|p1a: Alvvays|77/100 psn|[from] move: Wish|[wisher] Alvvays
|-heal|p1a: Alvvays|83/100 psn|[from] item: Leftovers
|-damage|p1a: Alvvays|71/100 psn|[from] psn
|upkeep
|turn|83
|
|t:|1769376606
|switch|p1a: Smino|Gholdengo|62/100
|move|p2a: Zamazenta|Body Press|p1a: Smino
|-immune|p1a: Smino
|
|-heal|p1a: Smino|68/100|[from] item: Leftovers
|upkeep
|turn|84
|
|t:|1769376609
|switch|p2a: Slowking|Slowking-Galar, M|100/100
|move|p1a: Smino|Shadow Ball|p2a: Slowking
|-supereffective|p2a: Slowking
|-damage|p2a: Slowking|59/100
|
|-heal|p1a: Smino|74/100|[from] item: Leftovers
|upkeep
|turn|85
|
|t:|1769376612
|switch|p2a: Zamazenta|Zamazenta|4/100
|move|p1a: Smino|Shadow Ball|p2a: Zamazenta
|-damage|p2a: Zamazenta|0 fnt
|faint|p2a: Zamazenta
|
|-heal|p1a: Smino|80/100|[from] item: Leftovers
|upkeep
|
|t:|1769376614
|switch|p2a: Moltres|Moltres|81/100 par
|turn|86
|
|t:|1769376617
|switch|p1a: Carly Rae|Iron Moth|100/100
|move|p2a: Moltres|Flamethrower|p1a: Carly Rae
|-resisted|p1a: Carly Rae
|-damage|p1a: Carly Rae|83/100
|
|upkeep
|turn|87
|
|t:|1769376620
|switch|p2a: Slowking|Slowking-Galar, M|92/100
|move|p1a: Carly Rae|Discharge|p2a: Slowking
|-damage|p2a: Slowking|76/100
|-status|p2a: Slowking|par
|
|upkeep
|turn|88
|
|t:|1769376623
|-end|p1a: Carly Rae|Quark Drive|[silent]
|switch|p1a: Alvvays|Umbreon, F|71/100 psn
|cant|p2a: Slowking|par
|
|-heal|p1a: Alvvays|77/100 psn|[from] item: Leftovers
|-damage|p1a: Alvvays|64/100 psn|[from] psn
|upkeep
|turn|89
|
|t:|1769376625
|switch|p2a: Moltres|Moltres|81/100 par
|move|p1a: Alvvays|Wish|p1a: Alvvays
|
|-heal|p1a: Alvvays|70/100 psn|[from] item: Leftovers
|-damage|p1a: Alvvays|58/100 psn|[from] psn
|upkeep
|turn|90
|
|t:|1769376627
|move|p1a: Alvvays|Foul Play|p2a: Moltres
|-damage|p2a: Moltres|60/100 par
|move|p2a: Moltres|Roost|p2a: Moltres
|-heal|p2a: Moltres|100/100 par
|-singleturn|p2a: Moltres|move: Roost
|
|-heal|p1a: Alvvays|100/100 psn|[from] move: Wish|[wisher] Alvvays
|-damage|p1a: Alvvays|88/100 psn|[from] psn
|upkeep
|turn|91
|
|t:|1769376631
|move|p1a: Alvvays|Foul Play|p2a: Moltres
|-damage|p2a: Moltres|79/100 par
|move|p2a: Moltres|U-turn|p1a: Alvvays
|-supereffective|p1a: Alvvays
|-damage|p1a: Alvvays|67/100 psn
|
|t:|1769376632
|switch|p2a: Slowking|Slowking-Galar, M|100/100 par|[from] U-turn
|
|-heal|p1a: Alvvays|73/100 psn|[from] item: Leftovers
|-damage|p1a: Alvvays|60/100 psn|[from] psn
|upkeep
|turn|92
|
|t:|1769376635
|move|p1a: Alvvays|Foul Play|p2a: Slowking
|-supereffective|p2a: Slowking
|-damage|p2a: Slowking|76/100 par
|move|p2a: Slowking|Sludge Bomb|p1a: Alvvays
|-damage|p1a: Alvvays|44/100 psn
|
|-heal|p1a: Alvvays|50/100 psn|[from] item: Leftovers
|-damage|p1a: Alvvays|37/100 psn|[from] psn
|upkeep
|turn|93
|
|t:|1769376638
|move|p1a: Alvvays|Wish|p1a: Alvvays
|cant|p2a: Slowking|par
|
|-heal|p1a: Alvvays|43/100 psn|[from] item: Leftovers
|-damage|p1a: Alvvays|31/100 psn|[from] psn
|upkeep
|turn|94
|
|t:|1769376640
|switch|p2a: Moltres|Moltres|79/100 par
|move|p1a: Alvvays|Foul Play|p2a: Moltres
|-damage|p2a: Moltres|59/100 par
|
|-heal|p1a: Alvvays|81/100 psn|[from] move: Wish|[wisher] Alvvays
|-heal|p1a: Alvvays|87/100 psn|[from] item: Leftovers
|-damage|p1a: Alvvays|74/100 psn|[from] psn
|upkeep
|turn|95
|
|t:|1769376643
|move|p1a: Alvvays|Wish|p1a: Alvvays
|move|p2a: Moltres|Flamethrower|p1a: Alvvays
|-damage|p1a: Alvvays|56/100 psn
|
|-heal|p1a: Alvvays|62/100 psn|[from] item: Leftovers
|-damage|p1a: Alvvays|50/100 psn|[from] psn
|upkeep
|turn|96
|
|t:|1769376645
|move|p1a: Alvvays|Foul Play|p2a: Moltres
|-damage|p2a: Moltres|39/100 par
|move|p2a: Moltres|U-turn|p1a: Alvvays
|-supereffective|p1a: Alvvays
|-damage|p1a: Alvvays|28/100 psn
|
|t:|1769376646
|switch|p2a: Slowking|Slowking-Galar, M|100/100 par|[from] U-turn
|
|-heal|p1a: Alvvays|78/100 psn|[from] move: Wish|[wisher] Alvvays
|-heal|p1a: Alvvays|84/100 psn|[from] item: Leftovers
|-damage|p1a: Alvvays|72/100 psn|[from] psn
|upkeep
|turn|97
|
|t:|1769376651
|move|p1a: Alvvays|Foul Play|p2a: Slowking
|-supereffective|p2a: Slowking
|-damage|p2a: Slowking|76/100 par
|move|p2a: Slowking|Sludge Bomb|p1a: Alvvays
|-damage|p1a: Alvvays|55/100 psn
|
|-heal|p1a: Alvvays|61/100 psn|[from] item: Leftovers
|-damage|p1a: Alvvays|48/100 psn|[from] psn
|upkeep
|turn|98
|
|t:|1769376653
|switch|p2a: Moltres|Moltres|39/100 par
|move|p1a: Alvvays|Wish|p1a: Alvvays
|
|-heal|p1a: Alvvays|54/100 psn|[from] item: Leftovers
|-damage|p1a: Alvvays|42/100 psn|[from] psn
|upkeep
|turn|99
|
|t:|1769376655
|move|p1a: Alvvays|Foul Play|p2a: Moltres
|-damage|p2a: Moltres|17/100 par
|move|p2a: Moltres|Flamethrower|p1a: Alvvays
|-damage|p1a: Alvvays|22/100 psn
|
|-heal|p1a: Alvvays|72/100 psn|[from] move: Wish|[wisher] Alvvays
|-heal|p1a: Alvvays|78/100 psn|[from] item: Leftovers
|-damage|p1a: Alvvays|66/100 psn|[from] psn
|upkeep
|turn|100
|
|t:|1769376659
|move|p1a: Alvvays|Foul Play|p2a: Moltres
|-damage|p2a: Moltres|0 fnt
|faint|p2a: Moltres
|
|-heal|p1a: Alvvays|72/100 psn|[from] item: Leftovers
|-damage|p1a: Alvvays|59/100 psn|[from] psn
|upkeep
|
|t:|1769376660
|switch|p2a: Slowking|Slowking-Galar, M|100/100 par
|turn|101
|
|t:|1769376662
|move|p1a: Alvvays|Wish|p1a: Alvvays
|move|p2a: Slowking|Sludge Bomb|p1a: Alvvays
|-damage|p1a: Alvvays|40/100 psn
|
|-heal|p1a: Alvvays|46/100 psn|[from] item: Leftovers
|-damage|p1a: Alvvays|34/100 psn|[from] psn
|upkeep
|turn|102
|
|t:|1769376666
|-terastallize|p2a: Slowking|Grass
|move|p1a: Alvvays|Foul Play|p2a: Slowking
|-damage|p2a: Slowking|87/100 par
|move|p2a: Slowking|Sludge Bomb|p1a: Alvvays
|-damage|p1a: Alvvays|14/100 psn
|
|-heal|p1a: Alvvays|64/100 psn|[from] move: Wish|[wisher] Alvvays
|-heal|p1a: Alvvays|70/100 psn|[from] item: Leftovers
|-damage|p1a: Alvvays|58/100 psn|[from] psn
|upkeep
|turn|103
|
|t:|1769376668
|move|p1a: Alvvays|Foul Play|p2a: Slowking
|-crit|p2a: Slowking
|-damage|p2a: Slowking|65/100 par
|move|p2a: Slowking|Psyshock|p1a: Alvvays
|-immune|p1a: Alvvays
|
|-heal|p1a: Alvvays|64/100 psn|[from] item: Leftovers
|-damage|p1a: Alvvays|52/100 psn|[from] psn
|upkeep
|turn|104
|
|t:|1769376670
|move|p1a: Alvvays|Foul Play|p2a: Slowking
|-damage|p2a: Slowking|52/100 par
|move|p2a: Slowking|Ice Beam|p1a: Alvvays
|-damage|p1a: Alvvays|40/100 psn
|
|-heal|p1a: Alvvays|47/100 psn|[from] item: Leftovers
|-damage|p1a: Alvvays|34/100 psn|[from] psn
|upkeep
|turn|105
|
|t:|1769376673
|move|p1a: Alvvays|Foul Play|p2a: Slowking
|-damage|p2a: Slowking|38/100 par
|move|p2a: Slowking|Ice Beam|p1a: Alvvays
|-damage|p1a: Alvvays|22/100 psn
|
|-heal|p1a: Alvvays|28/100 psn|[from] item: Leftovers
|-damage|p1a: Alvvays|15/100 psn|[from] psn
|upkeep
|turn|106
|
|t:|1769376675
|move|p1a: Alvvays|Foul Play|p2a: Slowking
|-damage|p2a: Slowking|26/100 par
|move|p2a: Slowking|Psyshock|p1a: Alvvays
|-immune|p1a: Alvvays
|
|-heal|p1a: Alvvays|21/100 psn|[from] item: Leftovers
|-damage|p1a: Alvvays|9/100 psn|[from] psn
|upkeep
|turn|107
|
|t:|1769376679
|move|p1a: Alvvays|Thunder Wave|p2a: Slowking
|-fail|p2a: Slowking|par
|cant|p2a: Slowking|par
|
|-heal|p1a: Alvvays|15/100 psn|[from] item: Leftovers
|-damage|p1a: Alvvays|3/100 psn|[from] psn
|upkeep
|turn|108
|
|t:|1769376681
|move|p1a: Alvvays|Thunder Wave|p2a: Slowking
|-fail|p2a: Slowking|par
|move|p2a: Slowking|Psyshock|p1a: Alvvays
|-immune|p1a: Alvvays
|
|-heal|p1a: Alvvays|9/100 psn|[from] item: Leftovers
|-damage|p1a: Alvvays|0 fnt|[from] psn
|faint|p1a: Alvvays
|upkeep
|
|t:|1769376683
|switch|p1a: Carly Rae|Iron Moth|83/100
|turn|109
|
|t:|1769376685
|move|p1a: Carly Rae|Fiery Dance|p2a: Slowking
|-supereffective|p2a: Slowking
|-damage|p2a: Slowking|0 fnt
|-boost|p1a: Carly Rae|spa|1
|faint|p2a: Slowking
|
|win|Auburn Hills
|raw|Auburn Hills's rating: 1759 &rarr; <strong>1784</strong><br />(+25 for winning)
|raw|CambridgeFoulPlay's rating: 1856 &rarr; <strong>1831</strong><br />(-25 for losing)
|c|☆CambridgeFoulPlay|gg
|l|☆CambridgeFoulPlay
|player|p2|
|l|☆Auburn Hills
|player|p1|
|l| turquoiselink
