|j|☆bayonettaFan
|j|☆coast ghost
|t:|1769355184
|gametype|singles
|player|p1|bayonettaFan|cogita|1380
|player|p2|coast ghost|cyclist|1412
|gen|9
|tier|[Gen 9] OU
|rated|
|rule|HP Percentage Mod: HP is shown in percentages
|rule|Endless Battle Clause: Forcing endless battles is banned
|rule|Species Clause: Limit one of each Pokémon
|rule|OHKO Clause: OHKO moves are banned
|rule|Evasion Items Clause: Evasion items are banned
|rule|Evasion Moves Clause: Evasion moves are banned
|rule|Evasion Abilities Clause: Evasion abilities are banned
|rule|Sleep Moves Clause: Sleep-inducing moves are banned
|clearpoke
|poke|p1|Clefable, M|
|poke|p1|Mandibuzz, F|
|poke|p1|Clodsire, M|
|poke|p1|Corviknight, M|
|poke|p1|Ogerpon, F|
|poke|p1|Rotom-Heat|
|poke|p2|Rillaboom, M|
|poke|p2|Meowscarada, M|
|poke|p2|Ogerpon-Wellspring, F|
|poke|p2|Moltres|
|poke|p2|Iron Treads|
|poke|p2|Raging Bolt|
|teampreview
|inactive|Battle timer is ON: inactive players will automatically lose when time's up. (requested by bayonettaFan)
|
|t:|1769355200
|teamsize|p1|6
|teamsize|p2|6
|start
|switch|p1a: Clefable|Clefable, M|100/100
|switch|p2a: Rillaboom|Rillaboom, M|100/100
|-fieldstart|move: Grassy Terrain|[from] ability: Grassy Surge|[of] p2a: Rillaboom
|turn|1
|
|t:|1769355216
|switch|p2a: Moltres|Moltres|100/100
|switch|p1a: Corviknight|Corviknight, M|100/100
|-ability|p1a: Corviknight|Pressure
|
|upkeep
|turn|2
|
|t:|1769355232
|switch|p1a: Clodsire|Clodsire, M|100/100
|move|p2a: Moltres|Roar|p1a: Clodsire
|drag|p1a: Corviknight|Corviknight, M|100/100
|-ability|p1a: Corviknight|Pressure
|
|upkeep
|turn|3
|
|t:|1769355259
|move|p2a: Moltres|Will-O-Wisp|p1a: Corviknight
|-status|p1a: Corviknight|brn
|move|p1a: Corviknight|U-turn|p2a: Moltres
|-resisted|p2a: Moltres
|-crit|p2a: Moltres
|-damage|p2a: Moltres|99/100
|
|t:|1769355262
|switch|p1a: Clodsire|Clodsire, M|100/100|[from] U-turn
|
|upkeep
|turn|4
|
|t:|1769355267
|switch|p2a: Iron Treads|Iron Treads|100/100
|move|p1a: Clodsire|Earthquake|p2a: Iron Treads
|-supereffective|p2a: Iron Treads
|-damage|p2a: Iron Treads|80/100
|
|-heal|p2a: Iron Treads|86/100|[from] Grassy Terrain
|upkeep
|turn|5
|
|t:|1769355287
|switch|p1a: Corviknight|Corviknight, M|100/100 brn
|-ability|p1a: Corviknight|Pressure
|move|p2a: Iron Treads|Stealth Rock|p1a: Corviknight
|-sidestart|p1: bayonettaFan|move: Stealth Rock
|
|-heal|p2a: Iron Treads|93/100|[from] Grassy Terrain
|-damage|p1a: Corviknight|94/100 brn|[from] brn
|-fieldend|move: Grassy Terrain
|upkeep
|turn|6
|inactive|bayonettaFan has 120 seconds left.
|
|t:|1769355307
|move|p2a: Iron Treads|Knock Off|p1a: Corviknight
|-damage|p1a: Corviknight|80/100 brn
|-damage|p2a: Iron Treads|76/100|[from] item: Rocky Helmet|[of] p1a: Corviknight
|-enditem|p1a: Corviknight|Rocky Helmet|[from] move: Knock Off|[of] p2a: Iron Treads
|move|p1a: Corviknight|U-turn|p2a: Iron Treads
|-resisted|p2a: Iron Treads
|-damage|p2a: Iron Treads|73/100
|inactive|bayonettaFan has 120 seconds left.
|
|t:|1769355313
|switch|p1a: Rotom|Rotom-Heat|100/100|[from] U-turn
|-damage|p1a: Rotom|75/100|[from] Stealth Rock
|
|-heal|p1a: Rotom|82/100|[from] item: Leftovers
|upkeep
|turn|7
|
|t:|1769355323
|move|p2a: Iron Treads|Knock Off|p1a: Rotom
|-damage|p1a: Rotom|59/100
|-enditem|p1a: Rotom|Leftovers|[from] move: Knock Off|[of] p2a: Iron Treads
|move|p1a: Rotom|Volt Switch|p2a: Iron Treads
|-immune|p2a: Iron Treads
|
|upkeep
|turn|8
|-message|bayonettaFan forfeited.
|
|win|coast ghost
|raw|bayonettaFan's rating: 1380 &rarr; <strong>1362</strong><br />(-18 for losing)
|raw|coast ghost's rating: 1412 &rarr; <strong>1430</strong><br />(+18 for winning)
|l|☆bayonettaFan
|player|p1|
|j|☆bayonettaFan
|player|p1|bayonettaFan|cogita|
|l|☆coast ghost
|player|p2|
|l|☆bayonettaFan
|player|p1|
