|j|☆chuab
|j|☆Leollbs000
|t:|1769328644
|gametype|singles
|player|p1|chuab|1|1066
|player|p2|Leollbs000|169|1107
|gen|9
|tier|[Gen 9] OU
|rated|
|rule|HP Percentage Mod: HP is shown in percentages
|rule|Endless Battle Clause: Forcing endless battles is banned
|rule|Species Clause: Limit one of each Pokémon
|rule|OHKO Clause: OHKO moves are banned
|rule|Evasion Items Clause: Evasion items are banned
|rule|Evasion Moves Clause: Evasion moves are banned
|rule|Evasion Abilities Clause: Evasion abilities are banned
|rule|Sleep Moves Clause: Sleep-inducing moves are banned
|clearpoke
|poke|p1|Walking Wake|
|poke|p1|Umbreon, F|
|poke|p1|Feraligatr, M|
|poke|p1|Espeon, F|
|poke|p1|Charizard, M|
|poke|p1|Torkoal, M|
|poke|p2|Fezandipiti, M|
|poke|p2|Dragapult, M|
|poke|p2|Moltres|
|poke|p2|Scizor, F|
|poke|p2|Samurott-Hisui, F|
|poke|p2|Great Tusk|
|teampreview
|inactive|Battle timer is ON: inactive players will automatically lose when time's up. (requested by Leollbs000)
|
|t:|1769328669
|teamsize|p1|6
|teamsize|p2|6
|start
|switch|p1a: Umbreon|Umbreon, F|100/100
|switch|p2a: Great Tusk|Great Tusk|100/100
|turn|1
|
|t:|1769328681
|move|p2a: Great Tusk|Stealth Rock|p1a: Umbreon
|-sidestart|p1: chuab|move: Stealth Rock
|move|p1a: Umbreon|Toxic|p2a: Great Tusk
|-status|p2a: Great Tusk|tox
|
|-damage|p2a: Great Tusk|94/100 tox|[from] psn
|upkeep
|turn|2
|
|t:|1769328692
|-end|p2a: Great Tusk|Protosynthesis|[silent]
|switch|p2a: Fezandipiti|Fezandipiti, M|100/100
|move|p1a: Umbreon|Protect||[still]
|-fail|p1a: Umbreon
|
|upkeep
|turn|3
|
|t:|1769328710
|switch|p1a: Charizard|Charizard, M|100/100
|move|p2a: Fezandipiti|Play Rough|p1a: Charizard
|-resisted|p1a: Charizard
|-damage|p1a: Charizard|81/100
|-status|p1a: Charizard|tox|[from] ability: Toxic Chain|[of] p2a: Fezandipiti
|
|-damage|p1a: Charizard|75/100 tox|[from] psn
|upkeep
|turn|4
|
|t:|1769328730
|move|p2a: Fezandipiti|U-turn|p1a: Charizard
|-resisted|p1a: Charizard
|-damage|p1a: Charizard|70/100 tox
|
|t:|1769328734
|switch|p2a: Samurott|Samurott-Hisui, F|100/100|[from] U-turn
|move|p1a: Charizard|Scorching Sands|p2a: Samurott
|-damage|p2a: Samurott|63/100
|
|-damage|p1a: Charizard|58/100 tox|[from] psn
|upkeep
|turn|5
|
|t:|1769328746
|switch|p1a: Torkoal|Torkoal, M, shiny|100/100
|-damage|p1a: Torkoal|76/100|[from] Stealth Rock
|-weather|SunnyDay|[from] ability: Drought|[of] p1a: Torkoal
|move|p2a: Samurott|Ceaseless Edge|p1a: Torkoal
|-damage|p1a: Torkoal|47/100
|-sidestart|p1: chuab|Spikes
|
|-weather|SunnyDay|[upkeep]
|-heal|p1a: Torkoal|53/100|[from] item: Leftovers
|upkeep
|turn|6
|
|t:|1769328758
|move|p2a: Samurott|Aqua Cutter|p1a: Torkoal
|-supereffective|p1a: Torkoal
|-damage|p1a: Torkoal|19/100
|move|p1a: Torkoal|Rapid Spin|p2a: Samurott
|-damage|p2a: Samurott|49/100
|-boost|p1a: Torkoal|spe|1
|-sideend|p1: chuab|Spikes|[from] move: Rapid Spin|[of] p1a: Torkoal
|-sideend|p1: chuab|Stealth Rock|[from] move: Rapid Spin|[of] p1a: Torkoal
|
|-weather|SunnyDay|[upkeep]
|-heal|p1a: Torkoal|25/100|[from] item: Leftovers
|upkeep
|turn|7
|
|t:|1769328772
|move|p2a: Samurott|Ceaseless Edge|p1a: Torkoal
|-damage|p1a: Torkoal|0 fnt
|-sidestart|p1: chuab|Spikes
|faint|p1a: Torkoal
|
|-weather|SunnyDay|[upkeep]
|upkeep
|
|t:|1769328788
|switch|p1a: Walking Wake|Walking Wake|100/100
|-damage|p1a: Walking Wake|88/100|[from] Spikes
|-activate|p1a: Walking Wake|ability: Protosynthesis
|-start|p1a: Walking Wake|protosynthesisspa
|turn|8
|
|t:|1769328806
|move|p1a: Walking Wake|Hurricane|p2a: Samurott
|-damage|p2a: Samurott|0 fnt
|faint|p2a: Samurott
|
|-weather|SunnyDay|[upkeep]
|upkeep
|
|t:|1769328814
|switch|p2a: Dragapult|Dragapult, M|100/100
|turn|9
|
|t:|1769328825
|-terastallize|p1a: Walking Wake|Water
|move|p2a: Dragapult|Draco Meteor|p1a: Walking Wake
|-damage|p1a: Walking Wake|31/100
|-unboost|p2a: Dragapult|spa|2
|move|p1a: Walking Wake|Draco Meteor|p2a: Dragapult
|-supereffective|p2a: Dragapult
|-damage|p2a: Dragapult|0 fnt
|-unboost|p1a: Walking Wake|spa|2
|faint|p2a: Dragapult
|
|-weather|none
|-end|p1a: Walking Wake|Protosynthesis
|upkeep
|
|t:|1769328835
|switch|p2a: Scizor|Scizor, F|100/100
|turn|10
|
|t:|1769328860
|-end|p1a: Walking Wake|Protosynthesis|[silent]
|switch|p1a: Charizard|Charizard, M|58/100 tox
|move|p2a: Scizor|Bullet Punch|p1a: Charizard
|-resisted|p1a: Charizard
|-damage|p1a: Charizard|37/100 tox
|
|-damage|p1a: Charizard|31/100 tox|[from] psn
|upkeep
|turn|11
|
|t:|1769328875
|move|p1a: Charizard|Heat Wave|p2a: Scizor
|-supereffective|p2a: Scizor
|-crit|p2a: Scizor
|-damage|p2a: Scizor|0 fnt
|faint|p2a: Scizor
|
|-damage|p1a: Charizard|19/100 tox|[from] psn
|upkeep
|
|t:|1769328898
|switch|p2a: Fezandipiti|Fezandipiti, M|100/100
|turn|12
|inactive|chuab has 120 seconds left.
|
|t:|1769328930
|move|p2a: Fezandipiti|Play Rough|p1a: Charizard
|-resisted|p1a: Charizard
|-damage|p1a: Charizard|0 fnt
|faint|p1a: Charizard
|
|upkeep
|inactive|chuab has 90 seconds left.
|
|t:|1769328961
|switch|p1a: Feraligatr|Feraligatr, M|100/100
|-damage|p1a: Feraligatr|88/100|[from] Spikes
|turn|13
|inactive|chuab has 90 seconds left.
|
|t:|1769328972
|move|p1a: Feraligatr|Liquidation|p2a: Fezandipiti
|-damage|p2a: Fezandipiti|37/100
|move|p2a: Fezandipiti|U-turn|p1a: Feraligatr
|-damage|p1a: Feraligatr|70/100
|-status|p1a: Feraligatr|tox|[from] ability: Toxic Chain|[of] p2a: Fezandipiti
|
|t:|1769328991
|switch|p2a: Great Tusk|Great Tusk|94/100 tox|[from] U-turn
|
|-damage|p2a: Great Tusk|88/100 tox|[from] psn
|-damage|p1a: Feraligatr|64/100 tox|[from] psn
|upkeep
|turn|14
|l|☆Leollbs000
|inactive|Leollbs000 disconnected and has a minute to reconnect!
|player|p2|
|inactive|Leollbs000 has 30 seconds to reconnect!
|inactive|Leollbs000 has 20 seconds to reconnect!
|inactive|Leollbs000 has 15 seconds to reconnect!
|inactive|Leollbs000 has 10 seconds to reconnect!
|inactive|Leollbs000 has 5 seconds to reconnect!
|-message|Leollbs000 lost due to inactivity.
|
|win|chuab
|raw|chuab's rating: 1066 &rarr; <strong>1100</strong><br />(+34 for winning)
|raw|Leollbs000's rating: 1107 &rarr; <strong>1079</strong><br />(-28 for losing)
