|j|☆420Pimmelberger
|j|☆kiuy i'm back
|t:|1769334525
|gametype|singles
|player|p1|420Pimmelberger|102|1162
|player|p2|kiuy i'm back|101|1150
|gen|9
|tier|[Gen 9] OU
|rated|
|rule|HP Percentage Mod: HP is shown in percentages
|rule|Endless Battle Clause: Forcing endless battles is banned
|rule|Species Clause: Limit one of each Pokémon
|rule|OHKO Clause: OHKO moves are banned
|rule|Evasion Items Clause: Evasion items are banned
|rule|Evasion Moves Clause: Evasion moves are banned
|rule|Evasion Abilities Clause: Evasion abilities are banned
|rule|Sleep Moves Clause: Sleep-inducing moves are banned
|clearpoke
|poke|p1|Crabominable, M|
|poke|p1|Polteageist|
|poke|p1|Clodsire, F|
|poke|p1|Exeggutor, F|
|poke|p1|Dondozo, F|
|poke|p1|Kingambit, F|
|poke|p2|Darkrai|
|poke|p2|Jolteon, M|
|poke|p2|Ceruledge, F|
|poke|p2|Ogerpon-Cornerstone, F|
|poke|p2|Dondozo, F|
|poke|p2|Great Tusk|
|teampreview
|
|t:|1769334547
|teamsize|p1|6
|teamsize|p2|6
|start
|switch|p1a: Egg Frien|Exeggutor, F|100/100
|switch|p2a: Great Tusk|Great Tusk|100/100
|turn|1
|
|t:|1769334563
|-end|p2a: Great Tusk|Protosynthesis|[silent]
|switch|p2a: Ogerpon|Ogerpon-Cornerstone, F|100/100
|move|p1a: Egg Frien|Leech Seed|p2a: Ogerpon
|-immune|p2a: Ogerpon
|
|upkeep
|turn|2
|
|t:|1769334571
|move|p2a: Ogerpon|U-turn|p1a: Egg Frien
|-supereffective|p1a: Egg Frien
|-damage|p1a: Egg Frien|12/100
|-enditem|p1a: Egg Frien|Sitrus Berry|[eat]
|-heal|p1a: Egg Frien|37/100|[from] item: Sitrus Berry
|
|t:|1769334576
|switch|p2a: Ceruledge|Ceruledge, F|100/100|[from] U-turn
|move|p1a: Egg Frien|Psychic|p2a: Ceruledge
|-damage|p2a: Ceruledge|53/100
|-unboost|p2a: Ceruledge|spd|1
|
|upkeep
|turn|3
|
|t:|1769334589
|switch|p1a: The Don|Dondozo, F|100/100
|move|p2a: Ceruledge|Bitter Blade|p1a: The Don
|-resisted|p1a: The Don
|-damage|p1a: The Don|91/100
|-heal|p2a: Ceruledge|61/100|[from] drain|[of] p1a: The Don
|
|-heal|p1a: The Don|97/100|[from] item: Leftovers
|upkeep
|turn|4
|
|t:|1769334637
|switch|p2a: Ogerpon|Ogerpon-Cornerstone, F|100/100
|switch|p1a: Swagsire|Clodsire, F|100/100
|
|upkeep
|turn|5
|
|t:|1769334647
|move|p2a: Ogerpon|Knock Off|p1a: Swagsire
|-crit|p1a: Swagsire
|-damage|p1a: Swagsire|33/100
|-enditem|p1a: Swagsire|Heavy-Duty Boots|[from] move: Knock Off|[of] p2a: Ogerpon
|move|p1a: Swagsire|Toxic|p2a: Ogerpon
|-status|p2a: Ogerpon|tox
|
|-damage|p2a: Ogerpon|95/100 tox|[from] psn
|upkeep
|turn|6
|
|t:|1769334662
|switch|p1a: Handsome Boi|Crabominable, M|100/100
|move|p2a: Ogerpon|U-turn|p1a: Handsome Boi
|-resisted|p1a: Handsome Boi
|-crit|p1a: Handsome Boi
|-damage|p1a: Handsome Boi|77/100
|
|t:|1769334666
|switch|p2a: Ceruledge|Ceruledge, F|61/100|[from] U-turn
|
|upkeep
|turn|7
|
|t:|1769334672
|switch|p1a: The Don|Dondozo, F|97/100
|move|p2a: Ceruledge|Bitter Blade|p1a: The Don
|-resisted|p1a: The Don
|-damage|p1a: The Don|87/100
|-heal|p2a: Ceruledge|70/100|[from] drain|[of] p1a: The Don
|
|-heal|p1a: The Don|94/100|[from] item: Leftovers
|upkeep
|turn|8
|
|t:|1769334681
|switch|p2a: Darkrai|Darkrai|100/100
|move|p1a: The Don|Waterfall|p2a: Darkrai
|-damage|p2a: Darkrai|64/100
|
|-heal|p1a: The Don|99/100|[from] item: Leftovers
|upkeep
|turn|9
|
|t:|1769334690
|-terastallize|p2a: Darkrai|Dark
|move|p2a: Darkrai|Dark Pulse|p1a: The Don
|-damage|p1a: The Don|48/100
|move|p1a: The Don|Curse|p1a: The Don
|-unboost|p1a: The Don|spe|1
|-boost|p1a: The Don|atk|1
|-boost|p1a: The Don|def|1
|
|-heal|p1a: The Don|54/100|[from] item: Leftovers
|upkeep
|turn|10
|
|t:|1769334733
|switch|p2a: Jolteon|Jolteon, M|100/100
|move|p1a: The Don|Waterfall|p2a: Jolteon
|-damage|p2a: Jolteon|25/100
|
|-heal|p1a: The Don|60/100|[from] item: Leftovers
|upkeep
|turn|11
|
|t:|1769334742
|switch|p1a: Swagsire|Clodsire, F|33/100
|move|p2a: Jolteon|Volt Switch|p1a: Swagsire
|-immune|p1a: Swagsire
|
|upkeep
|turn|12
|
|t:|1769334750
|switch|p2a: Ogerpon|Ogerpon-Cornerstone, F|95/100 tox
|move|p1a: Swagsire|Recover|p1a: Swagsire
|-heal|p1a: Swagsire|83/100
|
|-damage|p2a: Ogerpon|89/100 tox|[from] psn
|upkeep
|turn|13
|
|t:|1769334769
|move|p2a: Ogerpon|Horn Leech|p1a: Swagsire
|-damage|p1a: Swagsire|32/100
|-heal|p2a: Ogerpon|100/100 tox|[from] drain|[of] p1a: Swagsire
|move|p1a: Swagsire|Earthquake|p2a: Ogerpon
|-damage|p2a: Ogerpon|63/100 tox
|
|-damage|p2a: Ogerpon|51/100 tox|[from] psn
|upkeep
|turn|14
|
|t:|1769334781
|switch|p1a: BroughtMyOwnChair|Kingambit, F|100/100
|move|p2a: Ogerpon|Horn Leech|p1a: BroughtMyOwnChair
|-resisted|p1a: BroughtMyOwnChair
|-damage|p1a: BroughtMyOwnChair|86/100
|-heal|p2a: Ogerpon|61/100 tox|[from] drain|[of] p1a: BroughtMyOwnChair
|
|-heal|p1a: BroughtMyOwnChair|92/100|[from] item: Leftovers
|-damage|p2a: Ogerpon|43/100 tox|[from] psn
|upkeep
|turn|15
|
|t:|1769334811
|-end|p1a: BroughtMyOwnChair|fallenundefined|[silent]
|switch|p1a: Handsome Boi|Crabominable, M|77/100
|move|p2a: Ogerpon|Spikes|p1a: Handsome Boi
|-sidestart|p1: 420Pimmelberger|Spikes
|
|-damage|p2a: Ogerpon|19/100 tox|[from] psn
|upkeep
|turn|16
|
|t:|1769334824
|move|p2a: Ogerpon|Horn Leech|p1a: Handsome Boi
|-damage|p1a: Handsome Boi|27/100
|-heal|p2a: Ogerpon|52/100 tox|[from] drain|[of] p1a: Handsome Boi
|move|p1a: Handsome Boi|Knock Off|p2a: Ogerpon
|-damage|p2a: Ogerpon|6/100 tox
|
|-damage|p2a: Ogerpon|0 fnt|[from] psn
|faint|p2a: Ogerpon
|upkeep
|
|t:|1769334831
|switch|p2a: Jolteon|Jolteon, M|25/100
|turn|17
|
|t:|1769334840
|switch|p1a: Swagsire|Clodsire, F|32/100
|-damage|p1a: Swagsire|20/100|[from] Spikes
|move|p2a: Jolteon|Volt Switch|p1a: Swagsire
|-immune|p1a: Swagsire
|
|upkeep
|turn|18
|
|t:|1769334848
|move|p2a: Jolteon|Hyper Voice|p1a: Swagsire
|-damage|p1a: Swagsire|5/100
|move|p1a: Swagsire|Recover|p1a: Swagsire
|-heal|p1a: Swagsire|55/100
|
|upkeep
|turn|19
|
|t:|1769334857
|switch|p2a: Darkrai|Darkrai, tera:Dark|64/100
|move|p1a: Swagsire|Recover|p1a: Swagsire
|-heal|p1a: Swagsire|100/100
|
|upkeep
|turn|20
|
|t:|1769334866
|move|p2a: Darkrai|Trick|p1a: Swagsire
|-activate|p2a: Darkrai|move: Trick|[of] p1a: Swagsire
|-item|p1a: Swagsire|Choice Scarf|[from] move: Trick
|-enditem|p2a: Darkrai|Choice Scarf|[silent]|[from] move: Trick
|move|p1a: Swagsire|Amnesia|p1a: Swagsire
|-boost|p1a: Swagsire|spd|2
|
|upkeep
|turn|21
|
|t:|1769334874
|switch|p2a: Great Tusk|Great Tusk|100/100
|switch|p1a: BroughtMyOwnChair|Kingambit, F|92/100
|-damage|p1a: BroughtMyOwnChair|79/100|[from] Spikes
|
|-heal|p1a: BroughtMyOwnChair|85/100|[from] item: Leftovers
|upkeep
|turn|22
|c|☆kiuy i'm back|bro wtf are these sets I made
|c|☆kiuy i'm back|theyre so bad
|
|t:|1769334906
|-end|p1a: BroughtMyOwnChair|fallenundefined|[silent]
|switch|p1a: The Don|Dondozo, F|60/100
|-damage|p1a: The Don|48/100|[from] Spikes
|move|p2a: Great Tusk|Earthquake|p1a: The Don
|-damage|p1a: The Don|25/100
|
|-heal|p1a: The Don|31/100|[from] item: Leftovers
|upkeep
|turn|23
|c|☆420Pimmelberger|leet him cook
|c|☆kiuy i'm back|nah
|c|☆kiuy i'm back|gg
|c|☆420Pimmelberger|gg king
|
|t:|1769334924
|move|p2a: Great Tusk|Knock Off|p1a: The Don
|-damage|p1a: The Don|15/100
|-enditem|p1a: The Don|Leftovers|[from] move: Knock Off|[of] p2a: Great Tusk
|move|p1a: The Don|Rest|p1a: The Don
|-status|p1a: The Don|slp|[from] move: Rest
|-heal|p1a: The Don|100/100 slp|[silent]
|
|upkeep
|turn|24
|
|t:|1769334932
|move|p2a: Great Tusk|Stealth Rock|p1a: The Don
|-sidestart|p1: 420Pimmelberger|move: Stealth Rock
|cant|p1a: The Don|slp
|move|p1a: The Don|Sleep Talk|p1a: The Don
|move|p1a: The Don|Waterfall|p2a: Great Tusk|[from] move: Sleep Talk
|-supereffective|p2a: Great Tusk
|-damage|p2a: Great Tusk|60/100
|
|-heal|p2a: Great Tusk|66/100|[from] item: Leftovers
|upkeep
|turn|25
|
|t:|1769334943
|move|p2a: Great Tusk|Earthquake|p1a: The Don
|-damage|p1a: The Don|78/100 slp
|cant|p1a: The Don|slp
|move|p1a: The Don|Sleep Talk|p1a: The Don
|move|p1a: The Don|Rest||[from] move: Sleep Talk|[still]
|-fail|p1a: The Don
|
|-heal|p2a: Great Tusk|72/100|[from] item: Leftovers
|upkeep
|turn|26
|
|t:|1769334952
|-end|p2a: Great Tusk|Protosynthesis|[silent]
|switch|p2a: Dondozo|Dondozo, F|100/100
|-curestatus|p1a: The Don|slp|[msg]
|move|p1a: The Don|Curse|p1a: The Don
|-unboost|p1a: The Don|spe|1
|-boost|p1a: The Don|atk|1
|-boost|p1a: The Don|def|1
|
|upkeep
|turn|27
|
|t:|1769334960
|switch|p1a: Egg Frien|Exeggutor, F|37/100
|-damage|p1a: Egg Frien|24/100|[from] Spikes
|-damage|p1a: Egg Frien|12/100|[from] Stealth Rock
|move|p2a: Dondozo|Curse|p2a: Dondozo
|-unboost|p2a: Dondozo|spe|1
|-boost|p2a: Dondozo|atk|1
|-boost|p2a: Dondozo|def|1
|
|upkeep
|turn|28
|
|t:|1769334975
|move|p1a: Egg Frien|Protect|p1a: Egg Frien
|-singleturn|p1a: Egg Frien|Protect
|move|p2a: Dondozo|Waterfall|p1a: Egg Frien
|-activate|p1a: Egg Frien|move: Protect
|
|-item|p1a: Egg Frien|Sitrus Berry|[from] ability: Harvest
|upkeep
|-enditem|p1a: Egg Frien|Sitrus Berry|[eat]
|-heal|p1a: Egg Frien|37/100|[from] item: Sitrus Berry
|turn|29
|
|t:|1769334987
|move|p2a: Dondozo|Protect|p2a: Dondozo
|-singleturn|p2a: Dondozo|Protect
|move|p1a: Egg Frien|Leech Seed|p2a: Dondozo
|-activate|p2a: Dondozo|move: Protect
|
|-item|p1a: Egg Frien|Sitrus Berry|[from] ability: Harvest
|upkeep
|-enditem|p1a: Egg Frien|Sitrus Berry|[eat]
|-heal|p1a: Egg Frien|62/100|[from] item: Sitrus Berry
|turn|30
|c|☆kiuy i'm back|is this still or is this just taking forever
|
|t:|1769335008
|switch|p2a: Jolteon|Jolteon, M|25/100
|move|p1a: Egg Frien|Leech Seed|p2a: Jolteon
|-start|p2a: Jolteon|move: Leech Seed
|
|-damage|p2a: Jolteon|13/100|[from] Leech Seed|[of] p1a: Egg Frien
|-heal|p1a: Egg Frien|70/100|[silent]
|upkeep
|turn|31
|
|t:|1769335020
|move|p1a: Egg Frien|Protect|p1a: Egg Frien
|-singleturn|p1a: Egg Frien|Protect
|move|p2a: Jolteon|Hyper Voice|p1a: Egg Frien
|-activate|p1a: Egg Frien|move: Protect
|
|-damage|p2a: Jolteon|0 fnt|[from] Leech Seed|[of] p1a: Egg Frien
|-heal|p1a: Egg Frien|79/100|[silent]
|faint|p2a: Jolteon
|upkeep
|c|☆420Pimmelberger|just slow i guess
|
|t:|1769335029
|switch|p2a: Ceruledge|Ceruledge, F|70/100
|turn|32
|
|t:|1769335048
|switch|p1a: The Don|Dondozo, F|78/100
|-damage|p1a: The Don|66/100|[from] Spikes
|-damage|p1a: The Don|53/100|[from] Stealth Rock
|move|p2a: Ceruledge|Bitter Blade|p1a: The Don
|-resisted|p1a: The Don
|-damage|p1a: The Don|43/100
|-heal|p2a: Ceruledge|79/100|[from] drain|[of] p1a: The Don
|
|upkeep
|turn|33
|c|☆kiuy i'm back|lol
|
|t:|1769335060
|switch|p2a: Dondozo|Dondozo, F|100/100
|move|p1a: The Don|Curse|p1a: The Don
|-unboost|p1a: The Don|spe|1
|-boost|p1a: The Don|atk|1
|-boost|p1a: The Don|def|1
|
|upkeep
|turn|34
|
|t:|1769335071
|switch|p1a: Egg Frien|Exeggutor, F|79/100
|-damage|p1a: Egg Frien|66/100|[from] Spikes
|-damage|p1a: Egg Frien|54/100|[from] Stealth Rock
|move|p2a: Dondozo|Curse|p2a: Dondozo
|-unboost|p2a: Dondozo|spe|1
|-boost|p2a: Dondozo|atk|1
|-boost|p2a: Dondozo|def|1
|
|upkeep
|turn|35
|
|t:|1769335080
|move|p2a: Dondozo|Protect|p2a: Dondozo
|-singleturn|p2a: Dondozo|Protect
|move|p1a: Egg Frien|Substitute|p1a: Egg Frien
|-start|p1a: Egg Frien|Substitute
|-damage|p1a: Egg Frien|29/100
|
|-item|p1a: Egg Frien|Sitrus Berry|[from] ability: Harvest
|upkeep
|-enditem|p1a: Egg Frien|Sitrus Berry|[eat]
|-heal|p1a: Egg Frien|54/100|[from] item: Sitrus Berry
|turn|36
|
|t:|1769335090
|switch|p2a: Darkrai|Darkrai, tera:Dark|64/100
|move|p1a: Egg Frien|Leech Seed|p2a: Darkrai
|-start|p2a: Darkrai|move: Leech Seed
|
|-damage|p2a: Darkrai|51/100|[from] Leech Seed|[of] p1a: Egg Frien
|-heal|p1a: Egg Frien|63/100|[silent]
|-item|p1a: Egg Frien|Sitrus Berry|[from] ability: Harvest
|upkeep
|turn|37
|
|t:|1769335099
|move|p1a: Egg Frien|Protect|p1a: Egg Frien
|-singleturn|p1a: Egg Frien|Protect
|move|p2a: Darkrai|Dark Pulse|p1a: Egg Frien
|-activate|p1a: Egg Frien|move: Protect
|
|-damage|p2a: Darkrai|39/100|[from] Leech Seed|[of] p1a: Egg Frien
|-heal|p1a: Egg Frien|71/100|[silent]
|upkeep
|turn|38
|
|t:|1769335109
|switch|p2a: Ceruledge|Ceruledge, F|79/100
|move|p1a: Egg Frien|Substitute|p1a: Egg Frien
|-fail|p1a: Egg Frien|move: Substitute
|
|upkeep
|turn|39
|
|t:|1769335120
|move|p2a: Ceruledge|Bitter Blade|p1a: Egg Frien
|-supereffective|p1a: Egg Frien
|-end|p1a: Egg Frien|Substitute
|-heal|p2a: Ceruledge|96/100|[from] drain|[of] p1a: Egg Frien
|move|p1a: Egg Frien|Leech Seed|p2a: Ceruledge
|-start|p2a: Ceruledge|move: Leech Seed
|
|-damage|p2a: Ceruledge|83/100|[from] Leech Seed|[of] p1a: Egg Frien
|-heal|p1a: Egg Frien|81/100|[silent]
|upkeep
|turn|40
|
|t:|1769335130
|switch|p1a: The Don|Dondozo, F|43/100
|-damage|p1a: The Don|31/100|[from] Spikes
|-damage|p1a: The Don|18/100|[from] Stealth Rock
|move|p2a: Ceruledge|Swords Dance|p2a: Ceruledge
|-boost|p2a: Ceruledge|atk|2
|
|-damage|p2a: Ceruledge|71/100|[from] Leech Seed|[of] p1a: The Don
|-heal|p1a: The Don|25/100|[silent]
|upkeep
|turn|41
|
|t:|1769335145
|move|p2a: Ceruledge|Close Combat|p1a: The Don
|-damage|p1a: The Don|8/100
|-unboost|p2a: Ceruledge|def|1
|-unboost|p2a: Ceruledge|spd|1
|move|p1a: The Don|Rest|p1a: The Don
|-status|p1a: The Don|slp|[from] move: Rest
|-heal|p1a: The Don|100/100 slp|[silent]
|
|-damage|p2a: Ceruledge|59/100|[from] Leech Seed|[of] p1a: The Don
|upkeep
|turn|42
|
|t:|1769335156
|switch|p2a: Dondozo|Dondozo, F|100/100
|cant|p1a: The Don|slp
|move|p1a: The Don|Sleep Talk|p1a: The Don
|move|p1a: The Don|Waterfall|p2a: Dondozo|[from] move: Sleep Talk
|-resisted|p2a: Dondozo
|-damage|p2a: Dondozo|94/100
|
|-heal|p2a: Dondozo|99/100|[from] item: Leftovers
|upkeep
|turn|43
|
|t:|1769335166
|switch|p1a: Egg Frien|Exeggutor, F|81/100
|-damage|p1a: Egg Frien|68/100|[from] Spikes
|-damage|p1a: Egg Frien|56/100|[from] Stealth Rock
|move|p2a: Dondozo|Curse|p2a: Dondozo
|-unboost|p2a: Dondozo|spe|1
|-boost|p2a: Dondozo|atk|1
|-boost|p2a: Dondozo|def|1
|
|-heal|p2a: Dondozo|100/100|[from] item: Leftovers
|upkeep
|turn|44
|
|t:|1769335177
|move|p1a: Egg Frien|Leech Seed|p2a: Dondozo
|-start|p2a: Dondozo|move: Leech Seed
|move|p2a: Dondozo|Waterfall|p1a: Egg Frien
|-resisted|p1a: Egg Frien
|-damage|p1a: Egg Frien|40/100
|-enditem|p1a: Egg Frien|Sitrus Berry|[eat]
|-heal|p1a: Egg Frien|65/100|[from] item: Sitrus Berry
|
|-damage|p2a: Dondozo|88/100|[from] Leech Seed|[of] p1a: Egg Frien
|-heal|p1a: Egg Frien|81/100|[silent]
|-item|p1a: Egg Frien|Sitrus Berry|[from] ability: Harvest
|upkeep
|turn|45
|
|t:|1769335188
|switch|p2a: Great Tusk|Great Tusk|72/100
|move|p1a: Egg Frien|Substitute|p1a: Egg Frien
|-start|p1a: Egg Frien|Substitute
|-damage|p1a: Egg Frien|56/100
|
|-heal|p2a: Great Tusk|79/100|[from] item: Leftovers
|upkeep
|turn|46
|c|☆kiuy i'm back|what gave you the idea for this team
|
|t:|1769335204
|move|p2a: Great Tusk|Knock Off|p1a: Egg Frien
|-supereffective|p1a: Egg Frien
|-end|p1a: Egg Frien|Substitute
|move|p1a: Egg Frien|Psychic|p2a: Great Tusk
|-supereffective|p2a: Great Tusk
|-damage|p2a: Great Tusk|0 fnt
|faint|p2a: Great Tusk
|-end|p2a: Great Tusk|Protosynthesis|[silent]
|
|upkeep
|
|t:|1769335210
|switch|p2a: Darkrai|Darkrai, tera:Dark|39/100
|turn|47
|c|☆420Pimmelberger|i like the underdogs
|
|t:|1769335222
|move|p1a: Egg Frien|Protect|p1a: Egg Frien
|-singleturn|p1a: Egg Frien|Protect
|move|p2a: Darkrai|Dark Pulse|p1a: Egg Frien
|-activate|p1a: Egg Frien|move: Protect
|
|upkeep
|turn|48
|c|☆kiuy i'm back|w
|
|t:|1769335232
|switch|p1a: Swagsire|Clodsire, F|100/100
|-damage|p1a: Swagsire|88/100|[from] Spikes
|-damage|p1a: Swagsire|82/100|[from] Stealth Rock
|move|p2a: Darkrai|Dark Pulse|p1a: Swagsire
|-damage|p1a: Swagsire|50/100
|
|upkeep
|turn|49
|
|t:|1769335243
|move|p2a: Darkrai|Ice Beam|p1a: Swagsire
|-supereffective|p1a: Swagsire
|-damage|p1a: Swagsire|16/100
|move|p1a: Swagsire|Toxic|p2a: Darkrai
|-status|p2a: Darkrai|tox
|
|-damage|p2a: Darkrai|33/100 tox|[from] psn
|upkeep
|turn|50
|
|t:|1769335255
|switch|p1a: The Don|Dondozo, F|100/100 slp
|-damage|p1a: The Don|88/100 slp|[from] Spikes
|-damage|p1a: The Don|75/100 slp|[from] Stealth Rock
|move|p2a: Darkrai|Dark Pulse|p1a: The Don
|-damage|p1a: The Don|22/100 slp
|
|-damage|p2a: Darkrai|21/100 tox|[from] psn
|-damage|p1a: The Don|9/100 slp|[from] ability: Bad Dreams|[of] p2a: Darkrai
|upkeep
|turn|51
|
|t:|1769335268
|move|p2a: Darkrai|Dark Pulse|p1a: The Don
|-damage|p1a: The Don|0 fnt
|faint|p1a: The Don
|
|-damage|p2a: Darkrai|3/100 tox|[from] psn
|upkeep
|
|t:|1769335279
|switch|p1a: Egg Frien|Exeggutor, F|56/100
|-damage|p1a: Egg Frien|43/100|[from] Spikes
|-damage|p1a: Egg Frien|31/100|[from] Stealth Rock
|-enditem|p1a: Egg Frien|Sitrus Berry|[eat]
|-heal|p1a: Egg Frien|56/100|[from] item: Sitrus Berry
|turn|52
|c|☆kiuy i'm back|well I feel accomplished enough
|
|t:|1769335291
|switch|p2a: Ceruledge|Ceruledge, F|59/100
|move|p1a: Egg Frien|Protect||[still]
|-fail|p1a: Egg Frien
|
|-item|p1a: Egg Frien|Sitrus Berry|[from] ability: Harvest
|upkeep
|turn|53
|
|t:|1769335304
|switch|p1a: Handsome Boi|Crabominable, M|27/100
|-damage|p1a: Handsome Boi|15/100|[from] Spikes
|-damage|p1a: Handsome Boi|3/100|[from] Stealth Rock
|move|p2a: Ceruledge|Bitter Blade|p1a: Handsome Boi
|-supereffective|p1a: Handsome Boi
|-damage|p1a: Handsome Boi|0 fnt
|-heal|p2a: Ceruledge|60/100|[from] drain|[of] p1a: Handsome Boi
|faint|p1a: Handsome Boi
|
|upkeep
|
|t:|1769335316
|switch|p1a: BroughtMyOwnChair|Kingambit, F|85/100
|-damage|p1a: BroughtMyOwnChair|73/100|[from] Spikes
|-damage|p1a: BroughtMyOwnChair|67/100|[from] Stealth Rock
|-activate|p1a: BroughtMyOwnChair|ability: Supreme Overlord
|-start|p1a: BroughtMyOwnChair|fallen2|[silent]
|turn|54
|
|t:|1769335335
|switch|p2a: Dondozo|Dondozo, F|88/100
|move|p1a: BroughtMyOwnChair|Sucker Punch||[still]
|-fail|p1a: BroughtMyOwnChair
|
|-heal|p1a: BroughtMyOwnChair|73/100|[from] item: Leftovers
|-heal|p2a: Dondozo|94/100|[from] item: Leftovers
|upkeep
|turn|55
|
|t:|1769335349
|-end|p1a: BroughtMyOwnChair|fallen2|[silent]
|switch|p1a: Egg Frien|Exeggutor, F|56/100
|-damage|p1a: Egg Frien|43/100|[from] Spikes
|-damage|p1a: Egg Frien|31/100|[from] Stealth Rock
|-enditem|p1a: Egg Frien|Sitrus Berry|[eat]
|-heal|p1a: Egg Frien|56/100|[from] item: Sitrus Berry
|switch|p2a: Ceruledge|Ceruledge, F|60/100
|
|-item|p1a: Egg Frien|Sitrus Berry|[from] ability: Harvest
|upkeep
|turn|56
|
|t:|1769335372
|switch|p1a: Swagsire|Clodsire, F|16/100
|-damage|p1a: Swagsire|4/100|[from] Spikes
|-damage|p1a: Swagsire|0 fnt|[from] Stealth Rock
|faint|p1a: Swagsire
|move|p2a: Ceruledge|Bitter Blade|p1: Swagsire|[notarget]
|-fail|p2a: Ceruledge
|
|upkeep
|
|t:|1769335399
|switch|p1a: BroughtMyOwnChair|Kingambit, F|73/100
|-damage|p1a: BroughtMyOwnChair|60/100|[from] Spikes
|-damage|p1a: BroughtMyOwnChair|54/100|[from] Stealth Rock
|-activate|p1a: BroughtMyOwnChair|ability: Supreme Overlord
|-start|p1a: BroughtMyOwnChair|fallen3|[silent]
|turn|57
|
|t:|1769335423
|switch|p2a: Darkrai|Darkrai, tera:Dark|3/100 tox
|-terastallize|p1a: BroughtMyOwnChair|Fire
|move|p1a: BroughtMyOwnChair|Kowtow Cleave|p2a: Darkrai
|-resisted|p2a: Darkrai
|-damage|p2a: Darkrai|0 fnt
|faint|p2a: Darkrai
|
|-heal|p1a: BroughtMyOwnChair|60/100|[from] item: Leftovers
|upkeep
|
|t:|1769335429
|switch|p2a: Dondozo|Dondozo, F|94/100
|turn|58
|
|t:|1769335436
|-end|p1a: BroughtMyOwnChair|fallen3|[silent]
|switch|p1a: Egg Frien|Exeggutor, F|56/100
|-damage|p1a: Egg Frien|43/100|[from] Spikes
|-damage|p1a: Egg Frien|31/100|[from] Stealth Rock
|-enditem|p1a: Egg Frien|Sitrus Berry|[eat]
|-heal|p1a: Egg Frien|56/100|[from] item: Sitrus Berry
|move|p2a: Dondozo|Curse|p2a: Dondozo
|-unboost|p2a: Dondozo|spe|1
|-boost|p2a: Dondozo|atk|1
|-boost|p2a: Dondozo|def|1
|
|-heal|p2a: Dondozo|99/100|[from] item: Leftovers
|-item|p1a: Egg Frien|Sitrus Berry|[from] ability: Harvest
|upkeep
|turn|59
|
|t:|1769335450
|move|p2a: Dondozo|Protect|p2a: Dondozo
|-singleturn|p2a: Dondozo|Protect
|move|p1a: Egg Frien|Leech Seed|p2a: Dondozo
|-activate|p2a: Dondozo|move: Protect
|
|-heal|p2a: Dondozo|100/100|[from] item: Leftovers
|upkeep
|turn|60
|
|t:|1769335462
|move|p1a: Egg Frien|Substitute|p1a: Egg Frien
|-start|p1a: Egg Frien|Substitute
|-damage|p1a: Egg Frien|31/100
|-enditem|p1a: Egg Frien|Sitrus Berry|[eat]
|-heal|p1a: Egg Frien|56/100|[from] item: Sitrus Berry
|move|p2a: Dondozo|Waterfall|p1a: Egg Frien
|-resisted|p1a: Egg Frien
|-activate|p1a: Egg Frien|move: Substitute|[damage]
|
|-item|p1a: Egg Frien|Sitrus Berry|[from] ability: Harvest
|upkeep
|turn|61
|
|t:|1769335472
|switch|p2a: Ceruledge|Ceruledge, F|60/100
|move|p1a: Egg Frien|Leech Seed|p2a: Ceruledge
|-start|p2a: Ceruledge|move: Leech Seed
|
|-damage|p2a: Ceruledge|48/100|[from] Leech Seed|[of] p1a: Egg Frien
|-heal|p1a: Egg Frien|65/100|[silent]
|upkeep
|turn|62
|
|t:|1769335480
|switch|p2a: Dondozo|Dondozo, F|100/100
|move|p1a: Egg Frien|Psychic|p2a: Dondozo
|-damage|p2a: Dondozo|67/100
|
|-heal|p2a: Dondozo|73/100|[from] item: Leftovers
|upkeep
|turn|63
|
|t:|1769335488
|move|p1a: Egg Frien|Leech Seed|p2a: Dondozo
|-start|p2a: Dondozo|move: Leech Seed
|move|p2a: Dondozo|Waterfall|p1a: Egg Frien
|-resisted|p1a: Egg Frien
|-end|p1a: Egg Frien|Substitute
|
|-heal|p2a: Dondozo|79/100|[from] item: Leftovers
|-damage|p2a: Dondozo|66/100|[from] Leech Seed|[of] p1a: Egg Frien
|-heal|p1a: Egg Frien|81/100|[silent]
|upkeep
|turn|64
|
|t:|1769335499
|switch|p2a: Ceruledge|Ceruledge, F|48/100
|move|p1a: Egg Frien|Substitute|p1a: Egg Frien
|-start|p1a: Egg Frien|Substitute
|-damage|p1a: Egg Frien|56/100
|
|upkeep
|turn|65
|
|t:|1769335509
|move|p2a: Ceruledge|Bitter Blade|p1a: Egg Frien
|-supereffective|p1a: Egg Frien
|-end|p1a: Egg Frien|Substitute
|-heal|p2a: Ceruledge|65/100|[from] drain|[of] p1a: Egg Frien
|move|p1a: Egg Frien|Psychic|p2a: Ceruledge
|-damage|p2a: Ceruledge|21/100
|
|upkeep
|turn|66
|
|t:|1769335525
|move|p1a: Egg Frien|Protect|p1a: Egg Frien
|-singleturn|p1a: Egg Frien|Protect
|move|p2a: Ceruledge|Bitter Blade|p1a: Egg Frien
|-activate|p1a: Egg Frien|move: Protect
|
|upkeep
|turn|67
|
|t:|1769335532
|switch|p1a: BroughtMyOwnChair|Kingambit, F, tera:Fire|60/100
|-damage|p1a: BroughtMyOwnChair|48/100|[from] Spikes
|-damage|p1a: BroughtMyOwnChair|23/100|[from] Stealth Rock
|-activate|p1a: BroughtMyOwnChair|ability: Supreme Overlord
|-start|p1a: BroughtMyOwnChair|fallen3|[silent]
|move|p2a: Ceruledge|Bitter Blade|p1a: BroughtMyOwnChair
|-resisted|p1a: BroughtMyOwnChair
|-damage|p1a: BroughtMyOwnChair|7/100
|-heal|p2a: Ceruledge|32/100|[from] drain|[of] p1a: BroughtMyOwnChair
|
|-heal|p1a: BroughtMyOwnChair|13/100|[from] item: Leftovers
|upkeep
|turn|68
|
|t:|1769335546
|move|p2a: Ceruledge|Shadow Sneak|p1a: BroughtMyOwnChair
|-damage|p1a: BroughtMyOwnChair|0 fnt
|faint|p1a: BroughtMyOwnChair
|-end|p1a: BroughtMyOwnChair|fallen3|[silent]
|
|upkeep
|c|☆420Pimmelberger|gg
|c|☆kiuy i'm back|ok ok hold on
|-message|420Pimmelberger forfeited.
|
|win|kiuy i'm back
|raw|420Pimmelberger's rating: 1162 &rarr; <strong>1136</strong><br />(-26 for losing)
|raw|kiuy i&apos;m back's rating: 1150 &rarr; <strong>1176</strong><br />(+26 for winning)
|l|☆420Pimmelberger
|player|p1|
|c|☆kiuy i'm back|gg
|c|☆kiuy i'm back|YES YES YES YES YES YES YES
|c|☆kiuy i'm back|holy comeback
|l|☆kiuy i'm back
|player|p2|
