|j|☆sableye555
|j|☆LucyLikePizza
|t:|1769324102
|gametype|singles
|player|p1|sableye555|gentleman-gen4|1379
|player|p2|LucyLikePizza|misty|1435
|gen|9
|tier|[Gen 9] OU
|rated|
|rule|HP Percentage Mod: HP is shown in percentages
|rule|Endless Battle Clause: Forcing endless battles is banned
|rule|Species Clause: Limit one of each Pokémon
|rule|OHKO Clause: OHKO moves are banned
|rule|Evasion Items Clause: Evasion items are banned
|rule|Evasion Moves Clause: Evasion moves are banned
|rule|Evasion Abilities Clause: Evasion abilities are banned
|rule|Sleep Moves Clause: Sleep-inducing moves are banned
|clearpoke
|poke|p1|Landorus-Therian, M|
|poke|p1|Cinderace, F|
|poke|p1|Lokix, M|
|poke|p1|Slowking-Galar, M|
|poke|p1|Frosmoth, F|
|poke|p1|Ogerpon-Wellspring, F|
|poke|p2|Sandy Shocks|
|poke|p2|Deoxys-Speed|
|poke|p2|Gholdengo|
|poke|p2|Ogerpon-Wellspring, F|
|poke|p2|Iron Valiant|
|poke|p2|Great Tusk|
|teampreview
|inactive|Battle timer is ON: inactive players will automatically lose when time's up. (requested by sableye555)
|
|t:|1769324110
|teamsize|p1|6
|teamsize|p2|6
|start
|switch|p1a: Landorus|Landorus-Therian, M, shiny|100/100
|switch|p2a: Deoxys|Deoxys-Speed|100/100
|-ability|p2a: Deoxys|Pressure
|-ability|p1a: Landorus|Intimidate|boost
|-unboost|p2a: Deoxys|atk|1
|turn|1
|
|t:|1769324116
|move|p2a: Deoxys|Taunt|p1a: Landorus
|-start|p1a: Landorus|move: Taunt
|move|p1a: Landorus|U-turn|p2a: Deoxys
|-supereffective|p2a: Deoxys
|-damage|p2a: Deoxys|45/100
|-damage|p1a: Landorus|84/100|[from] item: Rocky Helmet|[of] p2a: Deoxys
|
|t:|1769324122
|switch|p1a: BigXthaBug|Lokix, M|100/100|[from] U-turn
|
|upkeep
|turn|2
|
|t:|1769324127
|move|p1a: BigXthaBug|First Impression|p2a: Deoxys
|-supereffective|p2a: Deoxys
|-crit|p2a: Deoxys
|-damage|p2a: Deoxys|0 fnt
|-damage|p1a: BigXthaBug|84/100|[from] item: Rocky Helmet|[of] p2a: Deoxys
|faint|p2a: Deoxys
|
|upkeep
|
|t:|1769324144
|switch|p2a: Gholdengo|Gholdengo|100/100
|-item|p2a: Gholdengo|Air Balloon
|turn|3
|
|t:|1769324158
|switch|p1a: Cinderace|Cinderace, F|100/100
|move|p2a: Gholdengo|Make It Rain|p1a: Cinderace
|-resisted|p1a: Cinderace
|-damage|p1a: Cinderace|54/100
|-unboost|p2a: Gholdengo|spa|1
|
|upkeep
|turn|4
|
|t:|1769324168
|switch|p2a: Sandy Shocks|Sandy Shocks|100/100
|-enditem|p2a: Sandy Shocks|Booster Energy
|-activate|p2a: Sandy Shocks|ability: Protosynthesis|[fromitem]
|-start|p2a: Sandy Shocks|protosynthesisspe
|move|p1a: Cinderace|U-turn|p2a: Sandy Shocks
|-start|p1a: Cinderace|typechange|Bug|[from] ability: Libero
|-damage|p2a: Sandy Shocks|67/100
|
|t:|1769324176
|switch|p1a: BigXthaBug|Lokix, M|84/100|[from] U-turn
|
|upkeep
|turn|5
|
|t:|1769324181
|move|p1a: BigXthaBug|First Impression|p2a: Sandy Shocks
|-damage|p2a: Sandy Shocks|0 fnt
|faint|p2a: Sandy Shocks
|-end|p2a: Sandy Shocks|Protosynthesis|[silent]
|
|upkeep
|
|t:|1769324189
|switch|p2a: Great Tusk|Great Tusk|100/100
|-enditem|p2a: Great Tusk|Booster Energy
|-activate|p2a: Great Tusk|ability: Protosynthesis|[fromitem]
|-start|p2a: Great Tusk|protosynthesisspe
|turn|6
|
|t:|1769324193
|switch|p1a: Landorus|Landorus-Therian, M, shiny|84/100
|-ability|p1a: Landorus|Intimidate|boost
|-unboost|p2a: Great Tusk|atk|1
|move|p2a: Great Tusk|Bulk Up|p2a: Great Tusk
|-boost|p2a: Great Tusk|atk|1
|-boost|p2a: Great Tusk|def|1
|
|-heal|p1a: Landorus|90/100|[from] item: Leftovers
|upkeep
|turn|7
|
|t:|1769324199
|move|p2a: Great Tusk|Ice Spinner|p1a: Landorus
|-supereffective|p1a: Landorus
|-damage|p1a: Landorus|0 fnt
|faint|p1a: Landorus
|
|upkeep
|
|t:|1769324206
|switch|p1a: Ogerpon|Ogerpon-Wellspring, F|100/100
|turn|8
|
|t:|1769324218
|-terastallize|p2a: Great Tusk|Steel
|move|p2a: Great Tusk|Bulk Up|p2a: Great Tusk
|-boost|p2a: Great Tusk|atk|1
|-boost|p2a: Great Tusk|def|1
|move|p1a: Ogerpon|Ivy Cudgel|p2a: Great Tusk|[anim] Ivy Cudgel Water
|-damage|p2a: Great Tusk|83/100
|
|upkeep
|turn|9
|
|t:|1769324227
|move|p2a: Great Tusk|Taunt|p1a: Ogerpon
|-start|p1a: Ogerpon|move: Taunt
|move|p1a: Ogerpon|Low Kick|p2a: Great Tusk
|-supereffective|p2a: Great Tusk
|-damage|p2a: Great Tusk|54/100
|
|upkeep
|turn|10
|
|t:|1769324233
|move|p2a: Great Tusk|Ice Spinner|p1a: Ogerpon
|-damage|p1a: Ogerpon|51/100
|move|p1a: Ogerpon|Low Kick|p2a: Great Tusk
|-supereffective|p2a: Great Tusk
|-damage|p2a: Great Tusk|24/100
|
|upkeep
|turn|11
|
|t:|1769324239
|move|p2a: Great Tusk|Ice Spinner|p1a: Ogerpon
|-damage|p1a: Ogerpon|7/100
|move|p1a: Ogerpon|Low Kick|p2a: Great Tusk
|-supereffective|p2a: Great Tusk
|-damage|p2a: Great Tusk|0 fnt
|faint|p2a: Great Tusk
|-end|p2a: Great Tusk|Protosynthesis|[silent]
|
|-end|p1a: Ogerpon|move: Taunt
|upkeep
|
|t:|1769324251
|switch|p2a: Ogerpon|Ogerpon-Wellspring, F|100/100
|turn|12
|
|t:|1769324254
|move|p1a: Ogerpon|Horn Leech|p2a: Ogerpon
|-crit|p2a: Ogerpon
|-damage|p2a: Ogerpon|15/100
|-heal|p1a: Ogerpon|50/100|[from] drain|[of] p2a: Ogerpon
|move|p2a: Ogerpon|Trailblaze|p1a: Ogerpon
|-damage|p1a: Ogerpon|11/100
|-boost|p2a: Ogerpon|spe|1
|
|upkeep
|turn|13
|
|t:|1769324264
|move|p2a: Ogerpon|Trailblaze|p1a: Ogerpon
|-damage|p1a: Ogerpon|0 fnt
|-boost|p2a: Ogerpon|spe|1
|faint|p1a: Ogerpon
|
|upkeep
|
|t:|1769324266
|switch|p1a: BigXthaBug|Lokix, M|84/100
|turn|14
|
|t:|1769324270
|switch|p2a: Gholdengo|Gholdengo|100/100
|-item|p2a: Gholdengo|Air Balloon
|move|p1a: BigXthaBug|U-turn|p2a: Gholdengo
|-resisted|p2a: Gholdengo
|-damage|p2a: Gholdengo|70/100
|-enditem|p2a: Gholdengo|Air Balloon
|
|t:|1769324274
|switch|p1a: Cinderace|Cinderace, F|54/100|[from] U-turn
|
|upkeep
|turn|15
|
|t:|1769324278
|move|p1a: Cinderace|Pyro Ball|p2a: Gholdengo|[miss]
|-miss|p1a: Cinderace|p2a: Gholdengo
|move|p2a: Gholdengo|Shadow Ball|p1a: Cinderace
|-damage|p1a: Cinderace|0 fnt
|faint|p1a: Cinderace
|
|upkeep
|
|t:|1769324285
|switch|p1a: BigXthaBug|Lokix, M|84/100
|turn|16
|
|t:|1769324289
|move|p2a: Gholdengo|Make It Rain|p1a: BigXthaBug
|-damage|p1a: BigXthaBug|0 fnt
|-unboost|p2a: Gholdengo|spa|1
|faint|p1a: BigXthaBug
|
|upkeep
|
|t:|1769324294
|switch|p1a: Slowking|Slowking-Galar, M, shiny|100/100
|turn|17
|
|t:|1769324301
|move|p2a: Gholdengo|Nasty Plot|p2a: Gholdengo
|-boost|p2a: Gholdengo|spa|2
|move|p1a: Slowking|Psychic Noise|p2a: Gholdengo
|-resisted|p2a: Gholdengo
|-damage|p2a: Gholdengo|54/100
|-start|p2a: Gholdengo|move: Heal Block
|
|upkeep
|turn|18
|
|t:|1769324313
|switch|p1a: Frosmoth|Frosmoth, F, shiny|100/100
|move|p2a: Gholdengo|Shadow Ball|p1a: Frosmoth
|-damage|p1a: Frosmoth|74/100
|-unboost|p1a: Frosmoth|spd|1
|
|-end|p2a: Gholdengo|move: Heal Block
|upkeep
|turn|19
|
|t:|1769324326
|move|p2a: Gholdengo|Make It Rain|p1a: Frosmoth
|-supereffective|p1a: Frosmoth
|-damage|p1a: Frosmoth|0 fnt
|-unboost|p2a: Gholdengo|spa|1
|faint|p1a: Frosmoth
|
|upkeep
|-message|sableye555 forfeited.
|
|win|LucyLikePizza
|raw|sableye555's rating: 1379 &rarr; <strong>1362</strong><br />(-17 for losing)
|raw|LucyLikePizza's rating: 1435 &rarr; <strong>1452</strong><br />(+17 for winning)
|l|☆sableye555
|player|p1|
|l|☆LucyLikePizza
|player|p2|
