|j|☆chibi tanjiro
|j|☆poloniumew
|t:|1769317189
|gametype|singles
|player|p1|chibi tanjiro|170|1510
|player|p2|poloniumew|serena-masters3|1521
|gen|9
|tier|[Gen 9] OU
|rated|
|rule|HP Percentage Mod: HP is shown in percentages
|rule|Endless Battle Clause: Forcing endless battles is banned
|rule|Species Clause: Limit one of each Pokémon
|rule|OHKO Clause: OHKO moves are banned
|rule|Evasion Items Clause: Evasion items are banned
|rule|Evasion Moves Clause: Evasion moves are banned
|rule|Evasion Abilities Clause: Evasion abilities are banned
|rule|Sleep Moves Clause: Sleep-inducing moves are banned
|clearpoke
|poke|p1|Zarude-Dada|
|poke|p1|Pecharunt|
|poke|p1|Great Tusk|
|poke|p1|Landorus-Therian, M|
|poke|p1|Raging Bolt|
|poke|p1|Magnezone|
|poke|p2|Kyurem|
|poke|p2|Corviknight, F|
|poke|p2|Alomomola, F|
|poke|p2|Slowking-Galar, F|
|poke|p2|Samurott-Hisui, M|
|poke|p2|Great Tusk|
|teampreview
|inactive|Battle timer is ON: inactive players will automatically lose when time's up. (requested by poloniumew)
|inactive|poloniumew has 120 seconds left.
|j| Nagi R
|l| Nagi R
|inactive|poloniumew has 90 seconds left.
|j| Nagi R
|inactive|poloniumew has 60 seconds left.
|l| Nagi R
|
|t:|1769317287
|teamsize|p1|6
|teamsize|p2|6
|start
|switch|p1a: Zarude|Zarude-Dada|100/100
|switch|p2a: Kyurem|Kyurem|100/100
|-ability|p2a: Kyurem|Pressure
|turn|1
|
|t:|1769317295
|-terastallize|p1a: Zarude|Dark
|move|p2a: Kyurem|Protect|p2a: Kyurem
|-singleturn|p2a: Kyurem|Protect
|move|p1a: Zarude|Knock Off|p2a: Kyurem
|-activate|p2a: Kyurem|move: Protect
|
|upkeep
|turn|2
|
|t:|1769317300
|switch|p2a: Corviknight|Corviknight, F|100/100
|-ability|p2a: Corviknight|Pressure
|move|p1a: Zarude|Knock Off|p2a: Corviknight
|-damage|p2a: Corviknight|65/100
|-damage|p1a: Zarude|84/100|[from] item: Rocky Helmet|[of] p2a: Corviknight
|-enditem|p2a: Corviknight|Rocky Helmet|[from] move: Knock Off|[of] p1a: Zarude
|
|upkeep
|turn|3
|inactive|chibi tanjiro has 120 seconds left.
|inactive|chibi tanjiro has 90 seconds left.
|
|t:|1769317363
|switch|p1a: Pecharunt|Pecharunt|100/100
|move|p2a: Corviknight|U-turn|p1a: Pecharunt
|-resisted|p1a: Pecharunt
|-damage|p1a: Pecharunt|99/100
|-damage|p2a: Corviknight|49/100|[from] item: Rocky Helmet|[of] p1a: Pecharunt
|
|t:|1769317374
|switch|p2a: Kyurem|Kyurem|100/100|[from] U-turn
|-ability|p2a: Kyurem|Pressure
|
|upkeep
|turn|4
|inactive|chibi tanjiro has 90 seconds left.
|
|t:|1769317394
|move|p2a: Kyurem|Substitute|p2a: Kyurem
|-start|p2a: Kyurem|Substitute
|-damage|p2a: Kyurem|75/100
|move|p1a: Pecharunt|Malignant Chain|p2a: Kyurem
|-end|p2a: Kyurem|Substitute
|
|-heal|p2a: Kyurem|82/100|[from] item: Leftovers
|upkeep
|turn|5
|inactive|chibi tanjiro has 90 seconds left.
|
|t:|1769317405
|switch|p1a: Raging Bolt|Raging Bolt|100/100
|-item|p1a: Raging Bolt|Air Balloon
|move|p2a: Kyurem|Protect||[still]
|-fail|p2a: Kyurem
|
|-heal|p2a: Kyurem|88/100|[from] item: Leftovers
|upkeep
|turn|6
|inactive|chibi tanjiro has 90 seconds left.
|
|t:|1769317414
|switch|p2a: Slowking|Slowking-Galar, F|100/100
|move|p1a: Raging Bolt|Dragon Pulse|p2a: Slowking
|-damage|p2a: Slowking|70/100
|
|upkeep
|turn|7
|
|t:|1769317423
|move|p1a: Raging Bolt|Volt Switch|p2a: Slowking
|-damage|p2a: Slowking|45/100
|
|t:|1769317426
|-end|p1a: Raging Bolt|Protosynthesis|[silent]
|switch|p1a: Landorus|Landorus-Therian, M|100/100|[from] Volt Switch
|-ability|p1a: Landorus|Intimidate|boost
|-unboost|p2a: Slowking|atk|1
|move|p2a: Slowking|Sludge Bomb|p1a: Landorus
|-resisted|p1a: Landorus
|-damage|p1a: Landorus|83/100
|
|upkeep
|turn|8
|
|t:|1769317432
|switch|p2a: Corviknight|Corviknight, F|49/100
|-ability|p2a: Corviknight|Pressure
|move|p1a: Landorus|Stealth Rock|p2a: Corviknight
|-sidestart|p2: poloniumew|move: Stealth Rock
|
|upkeep
|turn|9
|
|t:|1769317435
|switch|p1a: Magnezone|Magnezone|100/100
|move|p2a: Corviknight|Roost|p2a: Corviknight
|-heal|p2a: Corviknight|99/100
|-singleturn|p2a: Corviknight|move: Roost
|
|upkeep
|turn|10
|
|t:|1769317440
|move|p1a: Magnezone|Thunderbolt|p2a: Corviknight
|-supereffective|p2a: Corviknight
|-damage|p2a: Corviknight|0 fnt
|faint|p2a: Corviknight
|
|upkeep
|
|t:|1769317450
|switch|p2a: Great Tusk|Great Tusk|100/100
|turn|11
|
|t:|1769317458
|switch|p1a: Pecharunt|Pecharunt|99/100
|move|p2a: Great Tusk|Rapid Spin|p1a: Pecharunt
|-immune|p1a: Pecharunt
|
|upkeep
|turn|12
|
|t:|1769317466
|-end|p2a: Great Tusk|Protosynthesis|[silent]
|switch|p2a: Slowking|Slowking-Galar, F|78/100
|switch|p1a: Landorus|Landorus-Therian, M|83/100
|-ability|p1a: Landorus|Intimidate|boost
|-unboost|p2a: Slowking|atk|1
|
|upkeep
|turn|13
|
|t:|1769317471
|switch|p2a: Alomomola|Alomomola, F|100/100
|move|p1a: Landorus|Earth Power|p2a: Alomomola
|-damage|p2a: Alomomola|62/100
|
|upkeep
|turn|14
|
|t:|1769317481
|move|p1a: Landorus|Grass Knot|p2a: Alomomola
|-supereffective|p2a: Alomomola
|-damage|p2a: Alomomola|25/100
|move|p2a: Alomomola|Flip Turn|p1a: Landorus
|-supereffective|p1a: Landorus
|-damage|p1a: Landorus|52/100
|-damage|p2a: Alomomola|9/100|[from] item: Rocky Helmet|[of] p1a: Landorus
|
|t:|1769317488
|switch|p2a: Samurott|Samurott-Hisui, M|100/100|[from] Flip Turn
|-damage|p2a: Samurott|88/100|[from] Stealth Rock
|
|upkeep
|turn|15
|
|t:|1769317495
|move|p1a: Landorus|U-turn|p2a: Samurott
|-supereffective|p2a: Samurott
|-damage|p2a: Samurott|49/100
|
|t:|1769317502
|switch|p1a: Pecharunt|Pecharunt|99/100|[from] U-turn
|move|p2a: Samurott|Razor Shell|p1a: Pecharunt
|-damage|p1a: Pecharunt|76/100
|-unboost|p1a: Pecharunt|def|1
|-damage|p2a: Samurott|32/100|[from] item: Rocky Helmet|[of] p1a: Pecharunt
|
|upkeep
|turn|16
|j| Samurajen
|
|t:|1769317510
|switch|p1a: Great Tusk|Great Tusk|100/100
|move|p2a: Samurott|Ceaseless Edge|p1a: Great Tusk
|-resisted|p1a: Great Tusk
|-damage|p1a: Great Tusk|84/100
|-sidestart|p1: chibi tanjiro|Spikes
|
|upkeep
|turn|17
|
|t:|1769317514
|switch|p2a: Alomomola|Alomomola, F|42/100
|move|p1a: Great Tusk|Rapid Spin|p2a: Alomomola
|-damage|p2a: Alomomola|33/100
|-boost|p1a: Great Tusk|spe|1
|-sideend|p1: chibi tanjiro|Spikes|[from] move: Rapid Spin|[of] p1a: Great Tusk
|
|upkeep
|turn|18
|
|t:|1769317518
|move|p1a: Great Tusk|Headlong Rush|p2a: Alomomola
|-damage|p2a: Alomomola|1/100
|-unboost|p1a: Great Tusk|def|1
|-unboost|p1a: Great Tusk|spd|1
|move|p2a: Alomomola|Flip Turn|p1a: Great Tusk
|-supereffective|p1a: Great Tusk
|-crit|p1a: Great Tusk
|-damage|p1a: Great Tusk|26/100
|
|t:|1769317523
|switch|p2a: Great Tusk|Great Tusk|100/100|[from] Flip Turn
|
|upkeep
|turn|19
|
|t:|1769317527
|-end|p1a: Great Tusk|Protosynthesis|[silent]
|switch|p1a: Landorus|Landorus-Therian, M|52/100
|-ability|p1a: Landorus|Intimidate|boost
|-unboost|p2a: Great Tusk|atk|1
|move|p2a: Great Tusk|Headlong Rush|p1a: Landorus
|-immune|p1a: Landorus
|
|upkeep
|turn|20
|
|t:|1769317533
|-end|p2a: Great Tusk|Protosynthesis|[silent]
|switch|p2a: Slowking|Slowking-Galar, F|100/100
|move|p1a: Landorus|Grass Knot|p2a: Slowking
|-resisted|p2a: Slowking
|-damage|p2a: Slowking|95/100
|
|upkeep
|turn|21
|
|t:|1769317537
|move|p1a: Landorus|U-turn|p2a: Slowking
|-damage|p2a: Slowking|75/100
|
|t:|1769317539
|switch|p1a: Zarude|Zarude-Dada, tera:Dark|84/100|[from] U-turn
|-prepare|p2a: Slowking|Chilly Reception|[premajor]
|move|p2a: Slowking|Chilly Reception|p2a: Slowking
|-weather|Snowscape
|
|t:|1769317549
|switch|p2a: Great Tusk|Great Tusk|100/100|[from] Chilly Reception
|
|-weather|Snowscape|[upkeep]
|upkeep
|turn|22
|
|t:|1769317558
|move|p1a: Zarude|Power Whip|p2a: Great Tusk
|-supereffective|p2a: Great Tusk
|-damage|p2a: Great Tusk|21/100
|move|p2a: Great Tusk|Close Combat|p1a: Zarude
|-supereffective|p1a: Zarude
|-damage|p1a: Zarude|0 fnt
|-unboost|p2a: Great Tusk|def|1
|-unboost|p2a: Great Tusk|spd|1
|faint|p1a: Zarude
|
|-weather|Snowscape|[upkeep]
|upkeep
|
|t:|1769317568
|switch|p1a: Landorus|Landorus-Therian, M|52/100
|-ability|p1a: Landorus|Intimidate|boost
|-unboost|p2a: Great Tusk|atk|1
|turn|23
|
|t:|1769317570
|-end|p2a: Great Tusk|Protosynthesis|[silent]
|switch|p2a: Slowking|Slowking-Galar, F|100/100
|move|p1a: Landorus|Earth Power|p2a: Slowking
|-supereffective|p2a: Slowking
|-damage|p2a: Slowking|60/100
|
|-weather|Snowscape|[upkeep]
|upkeep
|turn|24
|
|t:|1769317573
|move|p1a: Landorus|Earth Power|p2a: Slowking
|-supereffective|p2a: Slowking
|-damage|p2a: Slowking|19/100
|-prepare|p2a: Slowking|Chilly Reception|[premajor]
|move|p2a: Slowking|Chilly Reception|p2a: Slowking
|
|t:|1769317582
|switch|p2a: Alomomola|Alomomola, F|34/100|[from] Chilly Reception
|
|-weather|Snowscape|[upkeep]
|upkeep
|turn|25
|
|t:|1769317585
|move|p2a: Alomomola|Protect|p2a: Alomomola
|-singleturn|p2a: Alomomola|Protect
|move|p1a: Landorus|Earth Power|p2a: Alomomola
|-activate|p2a: Alomomola|move: Protect
|
|-weather|none
|upkeep
|turn|26
|
|t:|1769317592
|switch|p2a: Samurott|Samurott-Hisui, M|32/100
|-damage|p2a: Samurott|20/100|[from] Stealth Rock
|move|p1a: Landorus|Earth Power|p2a: Samurott
|-damage|p2a: Samurott|0 fnt
|faint|p2a: Samurott
|
|upkeep
|
|t:|1769317599
|switch|p2a: Slowking|Slowking-Galar, F|53/100
|turn|27
|
|t:|1769317602
|move|p1a: Landorus|Earth Power|p2a: Slowking
|-supereffective|p2a: Slowking
|-damage|p2a: Slowking|16/100
|move|p2a: Slowking|Sludge Bomb|p1a: Landorus
|-resisted|p1a: Landorus
|-damage|p1a: Landorus|33/100
|
|upkeep
|turn|28
|
|t:|1769317608
|move|p1a: Landorus|U-turn|p2a: Slowking
|-damage|p2a: Slowking|0 fnt
|faint|p2a: Slowking
|c|☆poloniumew|did you change your team just for me?
|
|t:|1769317622
|switch|p1a: Raging Bolt|Raging Bolt|100/100|[from] U-turn
|-item|p1a: Raging Bolt|Air Balloon
|
|upkeep
|c|☆poloniumew|I'm honored
|
|t:|1769317629
|switch|p2a: Great Tusk|Great Tusk|21/100
|turn|29
|
|t:|1769317637
|-end|p1a: Raging Bolt|Protosynthesis|[silent]
|switch|p1a: Pecharunt|Pecharunt|76/100
|move|p2a: Great Tusk|Rapid Spin|p1a: Pecharunt
|-immune|p1a: Pecharunt
|
|upkeep
|turn|30
|
|t:|1769317644
|move|p2a: Great Tusk|Headlong Rush|p1a: Pecharunt
|-supereffective|p1a: Pecharunt
|-damage|p1a: Pecharunt|16/100
|-unboost|p2a: Great Tusk|def|1
|-unboost|p2a: Great Tusk|spd|1
|-damage|p2a: Great Tusk|4/100|[from] item: Rocky Helmet|[of] p1a: Pecharunt
|move|p1a: Pecharunt|Parting Shot|p2a: Great Tusk
|-unboost|p2a: Great Tusk|atk|1
|-unboost|p2a: Great Tusk|spa|1
|
|t:|1769317654
|switch|p1a: Landorus|Landorus-Therian, M|33/100|[from] Parting Shot
|-ability|p1a: Landorus|Intimidate|boost
|-unboost|p2a: Great Tusk|atk|1
|
|upkeep
|turn|31
|
|t:|1769317657
|move|p1a: Landorus|Earth Power|p2a: Great Tusk
|-damage|p2a: Great Tusk|0 fnt
|faint|p2a: Great Tusk
|-end|p2a: Great Tusk|Protosynthesis|[silent]
|
|upkeep
|
|t:|1769317660
|switch|p2a: Kyurem|Kyurem|88/100
|-damage|p2a: Kyurem|63/100|[from] Stealth Rock
|-ability|p2a: Kyurem|Pressure
|turn|32
|
|t:|1769317666
|move|p2a: Kyurem|Protect|p2a: Kyurem
|-singleturn|p2a: Kyurem|Protect
|move|p1a: Landorus|Earth Power|p2a: Kyurem
|-activate|p2a: Kyurem|move: Protect
|
|-heal|p2a: Kyurem|69/100|[from] item: Leftovers
|upkeep
|turn|33
|
|t:|1769317671
|move|p2a: Kyurem|Freeze-Dry|p1a: Landorus
|-supereffective|p1a: Landorus
|-damage|p1a: Landorus|0 fnt
|faint|p1a: Landorus
|
|-heal|p2a: Kyurem|75/100|[from] item: Leftovers
|upkeep
|
|t:|1769317673
|switch|p1a: Raging Bolt|Raging Bolt|100/100
|-item|p1a: Raging Bolt|Air Balloon
|turn|34
|
|t:|1769317683
|-terastallize|p2a: Kyurem|Ground
|move|p2a: Kyurem|Freeze-Dry|p1a: Raging Bolt
|-supereffective|p1a: Raging Bolt
|-damage|p1a: Raging Bolt|33/100
|-enditem|p1a: Raging Bolt|Air Balloon
|move|p1a: Raging Bolt|Dragon Pulse|p2a: Kyurem
|-damage|p2a: Kyurem|25/100
|
|-heal|p2a: Kyurem|31/100|[from] item: Leftovers
|upkeep
|turn|35
|
|t:|1769317692
|move|p2a: Kyurem|Protect|p2a: Kyurem
|-singleturn|p2a: Kyurem|Protect
|move|p1a: Raging Bolt|Draco Meteor|p2a: Kyurem
|-activate|p2a: Kyurem|move: Protect
|
|-heal|p2a: Kyurem|38/100|[from] item: Leftovers
|upkeep
|turn|36
|
|t:|1769317696
|move|p2a: Kyurem|Earth Power|p1a: Raging Bolt
|-supereffective|p1a: Raging Bolt
|-damage|p1a: Raging Bolt|0 fnt
|faint|p1a: Raging Bolt
|-end|p1a: Raging Bolt|Protosynthesis|[silent]
|
|-heal|p2a: Kyurem|44/100|[from] item: Leftovers
|upkeep
|
|t:|1769317701
|switch|p1a: Magnezone|Magnezone|100/100
|turn|37
|
|t:|1769317705
|move|p2a: Kyurem|Earth Power|p1a: Magnezone
|-supereffective|p1a: Magnezone
|-damage|p1a: Magnezone|0 fnt
|faint|p1a: Magnezone
|
|-heal|p2a: Kyurem|50/100|[from] item: Leftovers
|upkeep
|-message|chibi tanjiro forfeited.
|
|win|poloniumew
|raw|chibi tanjiro's rating: 1510 &rarr; <strong>1491</strong><br />(-19 for losing)
|raw|poloniumew's rating: 1521 &rarr; <strong>1540</strong><br />(+19 for winning)
|l|☆chibi tanjiro
|player|p1|
|c|☆poloniumew|...all that to still lose
|l|☆poloniumew
|player|p2|
