|j|☆Kuzanv
|j|☆pkmntrainerred2021
|t:|1769435266
|gametype|singles
|player|p1|Kuzanv|iris-gen5bw2|1125
|player|p2|pkmntrainerred2021|265|1160
|gen|9
|tier|[Gen 9] OU
|rated|
|rule|HP Percentage Mod: HP is shown in percentages
|rule|Endless Battle Clause: Forcing endless battles is banned
|rule|Species Clause: Limit one of each Pokémon
|rule|OHKO Clause: OHKO moves are banned
|rule|Evasion Items Clause: Evasion items are banned
|rule|Evasion Moves Clause: Evasion moves are banned
|rule|Evasion Abilities Clause: Evasion abilities are banned
|rule|Sleep Moves Clause: Sleep-inducing moves are banned
|clearpoke
|poke|p1|Exeggutor-Alola, M|
|poke|p1|Dragapult, F|
|poke|p1|Cinderace, M|
|poke|p1|Great Tusk|
|poke|p1|Slowking, F|
|poke|p1|Mamoswine, M|
|poke|p2|Lokix, F|
|poke|p2|Coalossal, M|
|poke|p2|Pelipper, F|
|poke|p2|Sandy Shocks|
|poke|p2|Toxapex, M|
|poke|p2|Sinistcha-Masterpiece|
|teampreview
|inactive|Battle timer is ON: inactive players will automatically lose when time's up. (requested by pkmntrainerred2021)
|inactive|pkmntrainerred2021 has 120 seconds left.
|inactive|pkmntrainerred2021 has 90 seconds left.
|
|t:|1769435338
|teamsize|p1|6
|teamsize|p2|6
|start
|switch|p1a: Great Tusk|Great Tusk|100/100
|switch|p2a: Pelipper|Pelipper, F|100/100
|-weather|RainDance|[from] ability: Drizzle|[of] p2a: Pelipper
|-enditem|p1a: Great Tusk|Booster Energy
|-activate|p1a: Great Tusk|ability: Protosynthesis|[fromitem]
|-start|p1a: Great Tusk|protosynthesisatk
|turn|1
|
|t:|1769435347
|move|p2a: Pelipper|Weather Ball|p1a: Great Tusk
|-supereffective|p1a: Great Tusk
|-crit|p1a: Great Tusk
|-damage|p1a: Great Tusk|0 fnt
|faint|p1a: Great Tusk
|-end|p1a: Great Tusk|Protosynthesis|[silent]
|
|-weather|RainDance|[upkeep]
|upkeep
|
|t:|1769435356
|switch|p1a: Exeggutor|Exeggutor-Alola, M|100/100
|turn|2
|
|t:|1769435362
|switch|p2a: Coalossal|Coalossal, M|100/100
|move|p1a: Exeggutor|Dragon Hammer|p2a: Coalossal
|-damage|p2a: Coalossal|72/100
|
|-weather|RainDance|[upkeep]
|upkeep
|turn|3
|
|t:|1769435367
|switch|p1a: Slowking|Slowking, F|100/100
|move|p2a: Coalossal|Heat Crash|p1a: Slowking
|-resisted|p1a: Slowking
|-damage|p1a: Slowking|95/100
|
|-weather|RainDance|[upkeep]
|upkeep
|turn|4
|
|t:|1769435374
|switch|p2a: Toxapex|Toxapex, M|100/100
|move|p1a: Slowking|Future Sight|p2a: Toxapex
|-start|p1a: Slowking|move: Future Sight
|
|-weather|RainDance|[upkeep]
|upkeep
|turn|5
|
|t:|1769435379
|move|p2a: Toxapex|Toxic|p1a: Slowking
|-status|p1a: Slowking|tox
|-prepare|p1a: Slowking|Chilly Reception|[premajor]
|move|p1a: Slowking|Chilly Reception|p1a: Slowking
|-weather|Snowscape
|
|t:|1769435382
|switch|p1a: Mamoswine|Mamoswine, M|100/100|[from] Chilly Reception
|
|-weather|Snowscape|[upkeep]
|upkeep
|turn|6
|
|t:|1769435386
|move|p2a: Toxapex|Baneful Bunker|p2a: Toxapex
|-singleturn|p2a: Toxapex|move: Protect
|move|p1a: Mamoswine|Ice Shard|p2a: Toxapex
|-activate|p2a: Toxapex|move: Protect
|
|-weather|Snowscape|[upkeep]
|-end|p2a: Toxapex|move: Future Sight
|-supereffective|p2a: Toxapex
|-damage|p2a: Toxapex|43/100
|-heal|p2a: Toxapex|50/100|[from] item: Leftovers
|upkeep
|turn|7
|
|t:|1769435402
|switch|p2a: Coalossal|Coalossal, M|72/100
|move|p1a: Mamoswine|Ice Shard|p2a: Coalossal
|-resisted|p2a: Coalossal
|-crit|p2a: Coalossal
|-damage|p2a: Coalossal|62/100
|
|-weather|Snowscape|[upkeep]
|upkeep
|turn|8
|
|t:|1769435406
|switch|p2a: Pelipper|Pelipper, F|100/100
|-weather|RainDance|[from] ability: Drizzle|[of] p2a: Pelipper
|move|p1a: Mamoswine|Earthquake|p2a: Pelipper
|-immune|p2a: Pelipper
|
|-weather|RainDance|[upkeep]
|upkeep
|turn|9
|
|t:|1769435411
|switch|p1a: Slowking|Slowking, F|100/100 tox
|move|p2a: Pelipper|Ice Beam|p1a: Slowking
|-resisted|p1a: Slowking
|-damage|p1a: Slowking|93/100 tox
|
|-weather|RainDance|[upkeep]
|-damage|p1a: Slowking|87/100 tox|[from] psn
|upkeep
|turn|10
|
|t:|1769435422
|switch|p2a: Sandy Shocks|Sandy Shocks|100/100
|move|p1a: Slowking|Future Sight|p2a: Sandy Shocks
|-start|p1a: Slowking|move: Future Sight
|
|-weather|RainDance|[upkeep]
|-damage|p1a: Slowking|75/100 tox|[from] psn
|upkeep
|turn|11
|
|t:|1769435440
|switch|p1a: Dragapult|Dragapult, F, shiny|100/100
|move|p2a: Sandy Shocks|Volt Switch|p1a: Dragapult
|-resisted|p1a: Dragapult
|-damage|p1a: Dragapult|72/100
|
|t:|1769435445
|-end|p2a: Sandy Shocks|Protosynthesis|[silent]
|switch|p2a: Lokix|Lokix, F, shiny|100/100|[from] Volt Switch
|
|-weather|RainDance|[upkeep]
|-heal|p1a: Dragapult|78/100|[from] item: Leftovers
|upkeep
|turn|12
|
|t:|1769435452
|move|p2a: Lokix|First Impression|p1a: Dragapult
|-resisted|p1a: Dragapult
|-damage|p1a: Dragapult|0 fnt
|faint|p1a: Dragapult
|
|-weather|none
|-end|p2a: Lokix|move: Future Sight
|-immune|p2a: Lokix
|upkeep
|
|t:|1769435457
|switch|p1a: Mamoswine|Mamoswine, M|100/100
|turn|13
|
|t:|1769435466
|switch|p2a: Coalossal|Coalossal, M|62/100
|-terastallize|p1a: Mamoswine|Ice
|move|p1a: Mamoswine|Ice Shard|p2a: Coalossal
|-resisted|p2a: Coalossal
|-damage|p2a: Coalossal|52/100
|
|upkeep
|turn|14
|
|t:|1769435470
|switch|p2a: Pelipper|Pelipper, F|100/100
|-weather|RainDance|[from] ability: Drizzle|[of] p2a: Pelipper
|move|p1a: Mamoswine|Ice Shard|p2a: Pelipper
|-damage|p2a: Pelipper|63/100
|
|-weather|RainDance|[upkeep]
|upkeep
|turn|15
|
|t:|1769435478
|move|p1a: Mamoswine|Ice Shard|p2a: Pelipper
|-damage|p2a: Pelipper|26/100
|move|p2a: Pelipper|Weather Ball|p1a: Mamoswine
|-damage|p1a: Mamoswine|43/100
|
|-weather|RainDance|[upkeep]
|upkeep
|turn|16
|
|t:|1769435490
|switch|p2a: Coalossal|Coalossal, M|52/100
|move|p1a: Mamoswine|Ice Shard|p2a: Coalossal
|-resisted|p2a: Coalossal
|-damage|p2a: Coalossal|43/100
|
|-weather|RainDance|[upkeep]
|upkeep
|turn|17
|
|t:|1769435493
|move|p1a: Mamoswine|Earthquake|p2a: Coalossal
|-supereffective|p2a: Coalossal
|-damage|p2a: Coalossal|0 fnt
|faint|p2a: Coalossal
|
|-weather|RainDance|[upkeep]
|upkeep
|
|t:|1769435496
|switch|p2a: Lokix|Lokix, F, shiny|100/100
|turn|18
|
|t:|1769435504
|switch|p1a: Cinderace|Cinderace, M, shiny|100/100
|move|p2a: Lokix|First Impression|p1a: Cinderace
|-resisted|p1a: Cinderace
|-damage|p1a: Cinderace|0 fnt
|faint|p1a: Cinderace
|
|-weather|none
|upkeep
|
|t:|1769435512
|switch|p1a: Mamoswine|Mamoswine, M, tera:Ice|43/100
|turn|19
|
|t:|1769435516
|switch|p2a: Toxapex|Toxapex, M|83/100
|move|p1a: Mamoswine|Ice Shard|p2a: Toxapex
|-resisted|p2a: Toxapex
|-damage|p2a: Toxapex|72/100
|
|-heal|p2a: Toxapex|78/100|[from] item: Leftovers
|upkeep
|turn|20
|
|t:|1769435522
|move|p1a: Mamoswine|Ice Shard|p2a: Toxapex
|-resisted|p2a: Toxapex
|-damage|p2a: Toxapex|67/100
|move|p2a: Toxapex|Chilling Water|p1a: Mamoswine
|-damage|p1a: Mamoswine|32/100
|-unboost|p1a: Mamoswine|atk|1
|
|-heal|p2a: Toxapex|73/100|[from] item: Leftovers
|upkeep
|turn|21
|
|t:|1769435527
|move|p1a: Mamoswine|Earthquake|p2a: Toxapex
|-supereffective|p2a: Toxapex
|-damage|p2a: Toxapex|15/100
|move|p2a: Toxapex|Recover|p2a: Toxapex
|-heal|p2a: Toxapex|65/100
|
|-heal|p2a: Toxapex|71/100|[from] item: Leftovers
|upkeep
|turn|22
|
|t:|1769435534
|move|p2a: Toxapex|Baneful Bunker|p2a: Toxapex
|-singleturn|p2a: Toxapex|move: Protect
|move|p1a: Mamoswine|Ice Shard|p2a: Toxapex
|-activate|p2a: Toxapex|move: Protect
|
|-heal|p2a: Toxapex|77/100|[from] item: Leftovers
|upkeep
|turn|23
|
|t:|1769435547
|switch|p1a: Exeggutor|Exeggutor-Alola, M|100/100
|move|p2a: Toxapex|Chilling Water|p1a: Exeggutor
|-resisted|p1a: Exeggutor
|-damage|p1a: Exeggutor|97/100
|-unboost|p1a: Exeggutor|atk|1
|
|-heal|p2a: Toxapex|83/100|[from] item: Leftovers
|upkeep
|turn|24
|
|t:|1769435552
|move|p1a: Exeggutor|Swords Dance|p1a: Exeggutor
|-boost|p1a: Exeggutor|atk|2
|move|p2a: Toxapex|Toxic|p1a: Exeggutor
|-status|p1a: Exeggutor|tox
|
|-heal|p2a: Toxapex|90/100|[from] item: Leftovers
|-damage|p1a: Exeggutor|91/100 tox|[from] psn
|upkeep
|turn|25
|
|t:|1769435557
|move|p1a: Exeggutor|Wood Hammer|p2a: Toxapex
|-damage|p2a: Toxapex|24/100
|-damage|p1a: Exeggutor|77/100 tox|[from] Recoil
|move|p2a: Toxapex|Chilling Water|p1a: Exeggutor
|-resisted|p1a: Exeggutor
|-damage|p1a: Exeggutor|75/100 tox
|-unboost|p1a: Exeggutor|atk|1
|
|-heal|p2a: Toxapex|30/100|[from] item: Leftovers
|-damage|p1a: Exeggutor|62/100 tox|[from] psn
|upkeep
|turn|26
|
|t:|1769435569
|move|p1a: Exeggutor|Swords Dance|p1a: Exeggutor
|-boost|p1a: Exeggutor|atk|2
|move|p2a: Toxapex|Chilling Water|p1a: Exeggutor
|-resisted|p1a: Exeggutor
|-damage|p1a: Exeggutor|60/100 tox
|-unboost|p1a: Exeggutor|atk|1
|
|-heal|p2a: Toxapex|36/100|[from] item: Leftovers
|-damage|p1a: Exeggutor|42/100 tox|[from] psn
|upkeep
|-enditem|p1a: Exeggutor|Sitrus Berry|[eat]
|-heal|p1a: Exeggutor|66/100 tox|[from] item: Sitrus Berry
|turn|27
|
|t:|1769435581
|move|p2a: Toxapex|Baneful Bunker|p2a: Toxapex
|-singleturn|p2a: Toxapex|move: Protect
|move|p1a: Exeggutor|Dragon Hammer|p2a: Toxapex
|-activate|p2a: Toxapex|move: Protect
|
|-heal|p2a: Toxapex|42/100|[from] item: Leftovers
|-damage|p1a: Exeggutor|42/100 tox|[from] psn
|upkeep
|turn|28
|
|t:|1769435593
|switch|p2a: Pelipper|Pelipper, F|26/100
|-weather|RainDance|[from] ability: Drizzle|[of] p2a: Pelipper
|move|p1a: Exeggutor|Dragon Hammer|p2a: Pelipper
|-damage|p2a: Pelipper|0 fnt
|faint|p2a: Pelipper
|
|-weather|RainDance|[upkeep]
|-damage|p1a: Exeggutor|12/100 tox|[from] psn
|-item|p1a: Exeggutor|Sitrus Berry|[from] ability: Harvest
|upkeep
|-enditem|p1a: Exeggutor|Sitrus Berry|[eat]
|-heal|p1a: Exeggutor|37/100 tox|[from] item: Sitrus Berry
|
|t:|1769435606
|switch|p2a: Lokix|Lokix, F, shiny|100/100
|turn|29
|
|t:|1769435622
|move|p2a: Lokix|U-turn|p1a: Exeggutor
|-supereffective|p1a: Exeggutor
|-damage|p1a: Exeggutor|0 fnt
|faint|p1a: Exeggutor
|
|t:|1769435626
|switch|p2a: Sandy Shocks|Sandy Shocks|100/100|[from] U-turn
|
|-weather|RainDance|[upkeep]
|upkeep
|
|t:|1769435629
|switch|p1a: Mamoswine|Mamoswine, M, tera:Ice|32/100
|turn|30
|
|t:|1769435633
|-terastallize|p2a: Sandy Shocks|Ice
|move|p1a: Mamoswine|Ice Shard|p2a: Sandy Shocks
|-resisted|p2a: Sandy Shocks
|-damage|p2a: Sandy Shocks|86/100
|move|p2a: Sandy Shocks|Volt Switch|p1a: Mamoswine
|-damage|p1a: Mamoswine|0 fnt
|faint|p1a: Mamoswine
|
|t:|1769435640
|-end|p2a: Sandy Shocks|Protosynthesis|[silent]
|switch|p2a: Lokix|Lokix, F, shiny|100/100|[from] Volt Switch
|
|-weather|RainDance|[upkeep]
|upkeep
|
|t:|1769435644
|switch|p1a: Slowking|Slowking, F|100/100 tox
|turn|31
|inactive|Kuzanv has 120 seconds left.
|c|☆Kuzanv|your a bitch ass nega
|inactive|Kuzanv has 90 seconds left.
|l|☆Kuzanv
|inactive|Kuzanv disconnected and has a minute to reconnect!
|player|p1|
|inactive|Kuzanv has 30 seconds to reconnect!
|inactive|Kuzanv has 20 seconds to reconnect!
|inactive|Kuzanv has 15 seconds to reconnect!
|inactive|Kuzanv has 10 seconds to reconnect!
|inactive|Kuzanv has 5 seconds to reconnect!
|-message|Kuzanv lost due to inactivity.
|
|win|pkmntrainerred2021
|raw|Kuzanv's rating: 1125 &rarr; <strong>1103</strong><br />(-22 for losing)
|raw|pkmntrainerred2021's rating: 1160 &rarr; <strong>1182</strong><br />(+22 for winning)
|l|☆pkmntrainerred2021
|player|p2|
|j|☆pkmntrainerred2021
|player|p2|pkmntrainerred2021|265|
|l|☆pkmntrainerred2021
|player|p2|
