|j|☆Phillip Blevin
|j|☆mc_mogu
|t:|1769408237
|gametype|singles
|player|p1|Phillip Blevin|265|1446
|player|p2|mc_mogu|1|1425
|gen|9
|tier|[Gen 9] OU
|rated|
|rule|HP Percentage Mod: HP is shown in percentages
|rule|Endless Battle Clause: Forcing endless battles is banned
|rule|Species Clause: Limit one of each Pokémon
|rule|OHKO Clause: OHKO moves are banned
|rule|Evasion Items Clause: Evasion items are banned
|rule|Evasion Moves Clause: Evasion moves are banned
|rule|Evasion Abilities Clause: Evasion abilities are banned
|rule|Sleep Moves Clause: Sleep-inducing moves are banned
|clearpoke
|poke|p1|Iron Hands|
|poke|p1|Mandibuzz, F|
|poke|p1|Garganacl, M|
|poke|p1|Rillaboom, M|
|poke|p1|Alomomola, F|
|poke|p1|Tornadus-Therian, M|
|poke|p2|Sandy Shocks|
|poke|p2|Scizor, F|
|poke|p2|Manaphy|
|poke|p2|Latios, M|
|poke|p2|Ogerpon, F|
|poke|p2|Iron Jugulis|
|teampreview
|inactive|Battle timer is ON: inactive players will automatically lose when time's up. (requested by Phillip Blevin)
|
|t:|1769408246
|teamsize|p1|6
|teamsize|p2|6
|start
|switch|p1a: Tornadus|Tornadus-Therian, M|100/100
|switch|p2a: Sandy Shocks|Sandy Shocks|100/100
|-enditem|p2a: Sandy Shocks|Booster Energy
|-activate|p2a: Sandy Shocks|ability: Protosynthesis|[fromitem]
|-start|p2a: Sandy Shocks|protosynthesisspe
|turn|1
|
|t:|1769408254
|move|p2a: Sandy Shocks|Stealth Rock|p1a: Tornadus
|-sidestart|p1: Phillip Blevin|move: Stealth Rock
|move|p1a: Tornadus|U-turn|p2a: Sandy Shocks
|-crit|p2a: Sandy Shocks
|-damage|p2a: Sandy Shocks|75/100
|
|t:|1769408255
|switch|p1a: Rillaboom|Rillaboom, M|100/100|[from] U-turn
|-damage|p1a: Rillaboom|88/100|[from] Stealth Rock
|-fieldstart|move: Grassy Terrain|[from] ability: Grassy Surge|[of] p1a: Rillaboom
|
|-heal|p2a: Sandy Shocks|82/100|[from] Grassy Terrain
|-heal|p1a: Rillaboom|94/100|[from] Grassy Terrain
|upkeep
|turn|2
|
|t:|1769408278
|-end|p2a: Sandy Shocks|Protosynthesis|[silent]
|switch|p2a: Scizor|Scizor, F|100/100
|move|p1a: Rillaboom|U-turn|p2a: Scizor
|-resisted|p2a: Scizor
|-damage|p2a: Scizor|89/100
|
|t:|1769408281
|switch|p1a: Tornadus|Tornadus-Therian, M|100/100|[from] U-turn
|
|-heal|p2a: Scizor|95/100|[from] Grassy Terrain
|upkeep
|turn|3
|
|t:|1769408302
|switch|p2a: Sandy Shocks|Sandy Shocks|82/100
|move|p1a: Tornadus|Heat Wave|p2a: Sandy Shocks
|-damage|p2a: Sandy Shocks|53/100
|
|-heal|p2a: Sandy Shocks|60/100|[from] Grassy Terrain
|upkeep
|turn|4
|
|t:|1769408316
|move|p1a: Tornadus|U-turn|p2a: Sandy Shocks
|-crit|p2a: Sandy Shocks
|-damage|p2a: Sandy Shocks|34/100
|
|t:|1769408320
|switch|p1a: Iron Hands|Iron Hands|100/100|[from] U-turn
|-damage|p1a: Iron Hands|94/100|[from] Stealth Rock
|move|p2a: Sandy Shocks|Discharge|p1a: Iron Hands
|-resisted|p1a: Iron Hands
|-damage|p1a: Iron Hands|84/100
|
|-heal|p2a: Sandy Shocks|40/100|[from] Grassy Terrain
|-heal|p1a: Iron Hands|90/100|[from] Grassy Terrain
|upkeep
|turn|5
|
|t:|1769408332
|move|p2a: Sandy Shocks|Earth Power|p1a: Iron Hands
|-supereffective|p1a: Iron Hands
|-damage|p1a: Iron Hands|44/100
|move|p1a: Iron Hands|Drain Punch|p2a: Sandy Shocks
|-damage|p2a: Sandy Shocks|0 fnt
|-heal|p1a: Iron Hands|58/100|[from] drain|[of] p2a: Sandy Shocks
|faint|p2a: Sandy Shocks
|-end|p2a: Sandy Shocks|Protosynthesis|[silent]
|
|-heal|p1a: Iron Hands|64/100|[from] Grassy Terrain
|upkeep
|inactive|mc_mogu has 120 seconds left.
|
|t:|1769408352
|switch|p2a: Latios|Latios, M|100/100
|turn|6
|inactive|mc_mogu has 120 seconds left.
|
|t:|1769408358
|-end|p1a: Iron Hands|Quark Drive|[silent]
|switch|p1a: Mandibuzz|Mandibuzz, F|100/100
|move|p2a: Latios|Agility|p2a: Latios
|-boost|p2a: Latios|spe|2
|
|upkeep
|turn|7
|
|t:|1769408366
|move|p2a: Latios|Calm Mind|p2a: Latios
|-boost|p2a: Latios|spa|1
|-boost|p2a: Latios|spd|1
|move|p1a: Mandibuzz|Foul Play|p2a: Latios
|-supereffective|p2a: Latios
|-damage|p2a: Latios|55/100
|-enditem|p2a: Latios|Weakness Policy
|-boost|p2a: Latios|atk|2|[from] item: Weakness Policy
|-boost|p2a: Latios|spa|2|[from] item: Weakness Policy
|
|upkeep
|turn|8
|inactive|mc_mogu has 120 seconds left.
|
|t:|1769408397
|move|p2a: Latios|Aura Sphere|p1a: Mandibuzz
|-damage|p1a: Mandibuzz|43/100
|move|p1a: Mandibuzz|Foul Play|p2a: Latios
|-supereffective|p2a: Latios
|-damage|p2a: Latios|0 fnt
|faint|p2a: Latios
|
|-fieldend|move: Grassy Terrain
|upkeep
|
|t:|1769408411
|switch|p2a: Ogerpon|Ogerpon, F|100/100
|turn|9
|
|t:|1769408416
|move|p2a: Ogerpon|Rock Tomb|p1a: Mandibuzz
|-supereffective|p1a: Mandibuzz
|-damage|p1a: Mandibuzz|22/100
|-unboost|p1a: Mandibuzz|spe|1
|move|p1a: Mandibuzz|Roost|p1a: Mandibuzz
|-heal|p1a: Mandibuzz|72/100
|-singleturn|p1a: Mandibuzz|move: Roost
|
|upkeep
|turn|10
|inactive|mc_mogu has 120 seconds left.
|
|t:|1769408425
|move|p2a: Ogerpon|Swords Dance|p2a: Ogerpon
|-boost|p2a: Ogerpon|atk|2
|move|p1a: Mandibuzz|Foul Play|p2a: Ogerpon
|-damage|p2a: Ogerpon|0 fnt
|faint|p2a: Ogerpon
|
|upkeep
|inactive|mc_mogu has 120 seconds left.
|
|t:|1769408433
|switch|p2a: Manaphy|Manaphy|100/100
|turn|11
|
|t:|1769408436
|move|p2a: Manaphy|Tail Glow|p2a: Manaphy
|-boost|p2a: Manaphy|spa|3
|move|p1a: Mandibuzz|U-turn|p2a: Manaphy
|-damage|p2a: Manaphy|90/100
|
|t:|1769408438
|switch|p1a: Rillaboom|Rillaboom, M|94/100|[from] U-turn
|-damage|p1a: Rillaboom|82/100|[from] Stealth Rock
|-fieldstart|move: Grassy Terrain|[from] ability: Grassy Surge|[of] p1a: Rillaboom
|
|-heal|p2a: Manaphy|96/100|[from] Grassy Terrain
|-heal|p1a: Rillaboom|88/100|[from] Grassy Terrain
|upkeep
|turn|12
|
|t:|1769408453
|-terastallize|p2a: Manaphy|Grass
|move|p1a: Rillaboom|Grassy Glide|p2a: Manaphy
|-resisted|p2a: Manaphy
|-damage|p2a: Manaphy|78/100
|move|p2a: Manaphy|Energy Ball|p1a: Rillaboom
|-resisted|p1a: Rillaboom
|-damage|p1a: Rillaboom|12/100
|
|-heal|p2a: Manaphy|84/100|[from] Grassy Terrain
|-heal|p1a: Rillaboom|18/100|[from] Grassy Terrain
|upkeep
|turn|13
|
|t:|1769408463
|move|p1a: Rillaboom|Grassy Glide|p2a: Manaphy
|-resisted|p2a: Manaphy
|-damage|p2a: Manaphy|66/100
|move|p2a: Manaphy|Energy Ball|p1a: Rillaboom
|-resisted|p1a: Rillaboom
|-damage|p1a: Rillaboom|0 fnt
|faint|p1a: Rillaboom
|
|-heal|p2a: Manaphy|72/100|[from] Grassy Terrain
|upkeep
|
|t:|1769408468
|switch|p1a: Tornadus|Tornadus-Therian, M|100/100
|turn|14
|
|t:|1769408480
|move|p1a: Tornadus|U-turn|p2a: Manaphy
|-supereffective|p2a: Manaphy
|-damage|p2a: Manaphy|43/100
|-enditem|p2a: Manaphy|Sitrus Berry|[eat]
|-heal|p2a: Manaphy|67/100|[from] item: Sitrus Berry
|
|t:|1769408486
|switch|p1a: Mandibuzz|Mandibuzz, F|72/100|[from] U-turn
|move|p2a: Manaphy|Surf|p1a: Mandibuzz
|-damage|p1a: Mandibuzz|0 fnt
|faint|p1a: Mandibuzz
|
|-heal|p2a: Manaphy|74/100|[from] Grassy Terrain
|upkeep
|
|t:|1769408488
|switch|p1a: Tornadus|Tornadus-Therian, M|100/100
|turn|15
|
|t:|1769408497
|move|p1a: Tornadus|U-turn|p2a: Manaphy
|-supereffective|p2a: Manaphy
|-damage|p2a: Manaphy|46/100
|
|t:|1769408498
|switch|p1a: Alomomola|Alomomola, F|100/100|[from] U-turn
|move|p2a: Manaphy|Energy Ball|p1a: Alomomola
|-supereffective|p1a: Alomomola
|-damage|p1a: Alomomola|0 fnt
|faint|p1a: Alomomola
|
|-heal|p2a: Manaphy|52/100|[from] Grassy Terrain
|upkeep
|
|t:|1769408502
|switch|p1a: Tornadus|Tornadus-Therian, M|100/100
|turn|16
|
|t:|1769408509
|move|p1a: Tornadus|Bleakwind Storm|p2a: Manaphy|[miss]
|-miss|p1a: Tornadus|p2a: Manaphy
|move|p2a: Manaphy|Energy Ball|p1a: Tornadus
|-resisted|p1a: Tornadus
|-damage|p1a: Tornadus|31/100
|
|-heal|p2a: Manaphy|58/100|[from] Grassy Terrain
|upkeep
|turn|17
|
|t:|1769408521
|move|p1a: Tornadus|Bleakwind Storm|p2a: Manaphy
|-supereffective|p2a: Manaphy
|-damage|p2a: Manaphy|0 fnt
|faint|p2a: Manaphy
|
|upkeep
|
|t:|1769408528
|switch|p2a: Iron Jugulis|Iron Jugulis|100/100
|-enditem|p2a: Iron Jugulis|Booster Energy
|-activate|p2a: Iron Jugulis|ability: Quark Drive|[fromitem]
|-start|p2a: Iron Jugulis|quarkdrivespe
|turn|18
|
|t:|1769408534
|switch|p1a: Garganacl|Garganacl, M|100/100
|-damage|p1a: Garganacl|88/100|[from] Stealth Rock
|move|p2a: Iron Jugulis|Hurricane|p1a: Garganacl
|-resisted|p1a: Garganacl
|-damage|p1a: Garganacl|72/100
|
|-heal|p1a: Garganacl|78/100|[from] Grassy Terrain
|-heal|p1a: Garganacl|84/100|[from] item: Leftovers
|-fieldend|move: Grassy Terrain
|upkeep
|turn|19
|
|t:|1769408546
|move|p2a: Iron Jugulis|Earth Power|p1a: Garganacl
|-supereffective|p1a: Garganacl
|-damage|p1a: Garganacl|47/100
|move|p1a: Garganacl|Salt Cure|p2a: Iron Jugulis
|-supereffective|p2a: Iron Jugulis
|-damage|p2a: Iron Jugulis|67/100
|-start|p2a: Iron Jugulis|Salt Cure
|
|-heal|p1a: Garganacl|53/100|[from] item: Leftovers
|-damage|p2a: Iron Jugulis|55/100|[from] Salt Cure
|upkeep
|turn|20
|
|t:|1769408562
|move|p2a: Iron Jugulis|Earth Power|p1a: Garganacl
|-supereffective|p1a: Garganacl
|-damage|p1a: Garganacl|14/100
|move|p1a: Garganacl|Recover|p1a: Garganacl
|-heal|p1a: Garganacl|64/100
|
|-heal|p1a: Garganacl|70/100|[from] item: Leftovers
|-damage|p2a: Iron Jugulis|42/100|[from] Salt Cure
|upkeep
|turn|21
|
|t:|1769408571
|move|p2a: Iron Jugulis|Taunt|p1a: Garganacl
|-start|p1a: Garganacl|move: Taunt
|cant|p1a: Garganacl|move: Taunt|Recover
|
|-heal|p1a: Garganacl|76/100|[from] item: Leftovers
|-damage|p2a: Iron Jugulis|30/100|[from] Salt Cure
|upkeep
|turn|22
|
|t:|1769408579
|-end|p2a: Iron Jugulis|Quark Drive|[silent]
|switch|p2a: Scizor|Scizor, F|95/100
|move|p1a: Garganacl|Salt Cure|p2a: Scizor
|-damage|p2a: Scizor|80/100
|-start|p2a: Scizor|Salt Cure
|
|-heal|p1a: Garganacl|82/100|[from] item: Leftovers
|-damage|p2a: Scizor|56/100|[from] Salt Cure
|upkeep
|turn|23
|
|t:|1769408590
|switch|p1a: Iron Hands|Iron Hands|64/100
|-damage|p1a: Iron Hands|58/100|[from] Stealth Rock
|move|p2a: Scizor|Knock Off|p1a: Iron Hands
|-resisted|p1a: Iron Hands
|-damage|p1a: Iron Hands|46/100
|-enditem|p1a: Iron Hands|Assault Vest|[from] move: Knock Off|[of] p2a: Scizor
|
|-damage|p2a: Scizor|31/100|[from] Salt Cure
|upkeep
|-enditem|p2a: Scizor|Sitrus Berry|[eat]
|-heal|p2a: Scizor|56/100|[from] item: Sitrus Berry
|turn|24
|
|t:|1769408602
|switch|p2a: Iron Jugulis|Iron Jugulis|30/100
|move|p1a: Iron Hands|Drain Punch|p2a: Iron Jugulis
|-damage|p2a: Iron Jugulis|0 fnt
|-heal|p1a: Iron Hands|57/100|[from] drain|[of] p2a: Iron Jugulis
|faint|p2a: Iron Jugulis
|-end|p2a: Iron Jugulis|Quark Drive|[silent]
|
|upkeep
|
|t:|1769408609
|switch|p2a: Scizor|Scizor, F|56/100
|turn|25
|
|t:|1769408617
|move|p2a: Scizor|Swords Dance|p2a: Scizor
|-boost|p2a: Scizor|atk|2
|move|p1a: Iron Hands|Drain Punch|p2a: Scizor
|-damage|p2a: Scizor|9/100
|-heal|p1a: Iron Hands|75/100|[from] drain|[of] p2a: Scizor
|
|upkeep
|turn|26
|
|t:|1769408631
|move|p2a: Scizor|Close Combat|p1a: Iron Hands
|-damage|p1a: Iron Hands|13/100
|-unboost|p2a: Scizor|def|1
|-unboost|p2a: Scizor|spd|1
|move|p1a: Iron Hands|Drain Punch|p2a: Scizor
|-damage|p2a: Scizor|0 fnt
|-heal|p1a: Iron Hands|17/100|[from] drain|[of] p2a: Scizor
|faint|p2a: Scizor
|
|win|Phillip Blevin
|raw|Phillip Blevin's rating: 1446 &rarr; <strong>1465</strong><br />(+19 for winning)
|raw|mc_mogu's rating: 1425 &rarr; <strong>1406</strong><br />(-19 for losing)
