|j|☆IknowwhereIlive
|j|☆lilie kawaii
|t:|1769337729
|gametype|singles
|player|p1|IknowwhereIlive|roark|1071
|player|p2|lilie kawaii|n|1077
|gen|9
|tier|[Gen 9] OU
|rated|
|rule|HP Percentage Mod: HP is shown in percentages
|rule|Endless Battle Clause: Forcing endless battles is banned
|rule|Species Clause: Limit one of each Pokémon
|rule|OHKO Clause: OHKO moves are banned
|rule|Evasion Items Clause: Evasion items are banned
|rule|Evasion Moves Clause: Evasion moves are banned
|rule|Evasion Abilities Clause: Evasion abilities are banned
|rule|Sleep Moves Clause: Sleep-inducing moves are banned
|clearpoke
|poke|p1|Torterra, M|
|poke|p1|Pelipper, F|
|poke|p1|Raging Bolt|
|poke|p1|Barraskewda, M|
|poke|p1|Hatterene, F|
|poke|p1|Glimmora, F|
|poke|p2|Greninja-*, M|
|poke|p2|Ceruledge, M|
|poke|p2|Iron Valiant|
|poke|p2|Meowscarada, M|
|poke|p2|Garchomp, M|
|poke|p2|Samurott-Hisui, M|
|teampreview
|
|t:|1769337752
|teamsize|p1|6
|teamsize|p2|6
|start
|switch|p1a: Glimmora|Glimmora, F|100/100
|switch|p2a: Garchomp|Garchomp, M, shiny|100/100
|turn|1
|inactive|Battle timer is ON: inactive players will automatically lose when time's up. (requested by lilie kawaii)
|
|t:|1769337760
|move|p2a: Garchomp|Earthquake|p1a: Glimmora
|-supereffective|p1a: Glimmora
|-enditem|p1a: Glimmora|Focus Sash
|-damage|p1a: Glimmora|1/100
|-activate|p1a: Glimmora|ability: Toxic Debris
|-sidestart|p2: lilie kawaii|move: Toxic Spikes
|move|p1a: Glimmora|Stealth Rock|p2a: Garchomp
|-sidestart|p2: lilie kawaii|move: Stealth Rock
|
|upkeep
|turn|2
|
|t:|1769337768
|switch|p1a: Pelipper|Pelipper, F|100/100
|-weather|RainDance|[from] ability: Drizzle|[of] p1a: Pelipper
|move|p2a: Garchomp|Stealth Rock|p1a: Pelipper
|-sidestart|p1: IknowwhereIlive|move: Stealth Rock
|
|-weather|RainDance|[upkeep]
|upkeep
|turn|3
|
|t:|1769337784
|move|p1a: Pelipper|U-turn|p2a: Garchomp
|-damage|p2a: Garchomp|95/100
|-damage|p1a: Pelipper|88/100|[from] ability: Rough Skin|[of] p2a: Garchomp
|-damage|p1a: Pelipper|71/100|[from] item: Rocky Helmet|[of] p2a: Garchomp
|
|t:|1769337787
|switch|p1a: Hatterene|Hatterene, F|100/100|[from] U-turn
|-damage|p1a: Hatterene|88/100|[from] Stealth Rock
|move|p2a: Garchomp|Dragon Tail|p1a: Hatterene
|-immune|p1a: Hatterene
|
|-weather|RainDance|[upkeep]
|-heal|p1a: Hatterene|94/100|[from] item: Leftovers
|upkeep
|turn|4
|
|t:|1769337798
|move|p2a: Garchomp|Poison Jab|p1a: Hatterene
|-supereffective|p1a: Hatterene
|-damage|p1a: Hatterene|53/100
|move|p1a: Hatterene|Draining Kiss|p2a: Garchomp
|-supereffective|p2a: Garchomp
|-damage|p2a: Garchomp|56/100
|-heal|p1a: Hatterene|91/100|[from] drain|[of] p2a: Garchomp
|-damage|p1a: Hatterene|79/100|[from] ability: Rough Skin|[of] p2a: Garchomp
|-damage|p1a: Hatterene|62/100|[from] item: Rocky Helmet|[of] p2a: Garchomp
|
|-weather|RainDance|[upkeep]
|-heal|p1a: Hatterene|68/100|[from] item: Leftovers
|upkeep
|turn|5
|
|t:|1769337807
|move|p2a: Garchomp|Poison Jab|p1a: Hatterene
|-supereffective|p1a: Hatterene
|-crit|p1a: Hatterene
|-damage|p1a: Hatterene|6/100
|-status|p1a: Hatterene|psn
|move|p1a: Hatterene|Draining Kiss|p2a: Garchomp
|-supereffective|p2a: Garchomp
|-damage|p2a: Garchomp|11/100
|-heal|p1a: Hatterene|50/100 psn|[from] drain|[of] p2a: Garchomp
|-damage|p1a: Hatterene|38/100 psn|[from] ability: Rough Skin|[of] p2a: Garchomp
|-damage|p1a: Hatterene|21/100 psn|[from] item: Rocky Helmet|[of] p2a: Garchomp
|
|-weather|RainDance|[upkeep]
|-heal|p1a: Hatterene|27/100 psn|[from] item: Leftovers
|-damage|p1a: Hatterene|15/100 psn|[from] psn
|upkeep
|turn|6
|
|t:|1769337826
|switch|p1a: Raging Bolt|Raging Bolt|100/100
|-damage|p1a: Raging Bolt|88/100|[from] Stealth Rock
|-enditem|p1a: Raging Bolt|Booster Energy
|-activate|p1a: Raging Bolt|ability: Protosynthesis|[fromitem]
|-start|p1a: Raging Bolt|protosynthesisspa
|move|p2a: Garchomp|Poison Jab|p1a: Raging Bolt
|-damage|p1a: Raging Bolt|68/100
|
|-weather|RainDance|[upkeep]
|upkeep
|turn|7
|
|t:|1769337832
|move|p1a: Raging Bolt|Calm Mind|p1a: Raging Bolt
|-boost|p1a: Raging Bolt|spa|1
|-boost|p1a: Raging Bolt|spd|1
|move|p2a: Garchomp|Dragon Tail|p1a: Raging Bolt
|-supereffective|p1a: Raging Bolt
|-damage|p1a: Raging Bolt|22/100
|-end|p1a: Raging Bolt|Protosynthesis|[silent]
|drag|p1a: Glimmora|Glimmora, F|1/100
|-damage|p1a: Glimmora|0 fnt|[from] Stealth Rock
|faint|p1a: Glimmora
|
|-weather|RainDance|[upkeep]
|upkeep
|
|t:|1769337844
|switch|p1a: Barraskewda|Barraskewda, M|100/100
|-damage|p1a: Barraskewda|88/100|[from] Stealth Rock
|turn|8
|
|t:|1769337852
|move|p1a: Barraskewda|Aqua Jet|p2a: Garchomp
|-damage|p2a: Garchomp|0 fnt
|-damage|p1a: Barraskewda|76/100|[from] ability: Rough Skin|[of] p2a: Garchomp
|-damage|p1a: Barraskewda|60/100|[from] item: Rocky Helmet|[of] p2a: Garchomp
|faint|p2a: Garchomp
|
|-weather|RainDance|[upkeep]
|upkeep
|
|t:|1769337858
|switch|p2a: Samurott|Samurott-Hisui, M|100/100
|-status|p2a: Samurott|psn
|-damage|p2a: Samurott|88/100 psn|[from] Stealth Rock
|turn|9
|inactive|IknowwhereIlive has 120 seconds left.
|
|t:|1769337894
|switch|p1a: Torterra|Torterra, M, shiny|100/100
|-damage|p1a: Torterra|94/100|[from] Stealth Rock
|move|p2a: Samurott|Ceaseless Edge|p1a: Torterra
|-damage|p1a: Torterra|50/100
|-sidestart|p1: IknowwhereIlive|Spikes
|
|-weather|none
|-heal|p2a: Samurott|94/100 psn|[from] item: Leftovers
|-damage|p2a: Samurott|82/100 psn|[from] psn
|upkeep
|turn|10
|inactive|IknowwhereIlive has 120 seconds left.
|
|t:|1769337916
|-terastallize|p1a: Torterra|Steel
|-terastallize|p2a: Samurott|Fighting
|move|p1a: Torterra|Shell Smash|p1a: Torterra
|-unboost|p1a: Torterra|def|1
|-unboost|p1a: Torterra|spd|1
|-boost|p1a: Torterra|atk|2
|-boost|p1a: Torterra|spa|2
|-boost|p1a: Torterra|spe|2
|move|p2a: Samurott|Sacred Sword|p1a: Torterra
|-supereffective|p1a: Torterra
|-damage|p1a: Torterra|0 fnt
|faint|p1a: Torterra
|
|-heal|p2a: Samurott|88/100 psn|[from] item: Leftovers
|-damage|p2a: Samurott|76/100 psn|[from] psn
|upkeep
|
|t:|1769337928
|switch|p1a: Pelipper|Pelipper, F|71/100
|-damage|p1a: Pelipper|46/100|[from] Stealth Rock
|-weather|RainDance|[from] ability: Drizzle|[of] p1a: Pelipper
|turn|11
|
|t:|1769337935
|move|p2a: Samurott|Sacred Sword|p1a: Pelipper
|-resisted|p1a: Pelipper
|-damage|p1a: Pelipper|12/100
|move|p1a: Pelipper|Hurricane|p2a: Samurott
|-supereffective|p2a: Samurott
|-damage|p2a: Samurott|0 fnt
|faint|p2a: Samurott
|
|-weather|RainDance|[upkeep]
|upkeep
|
|t:|1769337940
|switch|p2a: Iron Valiant|Iron Valiant|100/100
|-status|p2a: Iron Valiant|psn
|-damage|p2a: Iron Valiant|94/100 psn|[from] Stealth Rock
|-enditem|p2a: Iron Valiant|Booster Energy
|-activate|p2a: Iron Valiant|ability: Quark Drive|[fromitem]
|-start|p2a: Iron Valiant|quarkdriveatk
|turn|12
|inactive|IknowwhereIlive has 120 seconds left.
|
|t:|1769337949
|move|p2a: Iron Valiant|Thunderbolt|p1a: Pelipper
|-supereffective|p1a: Pelipper
|-damage|p1a: Pelipper|0 fnt
|faint|p1a: Pelipper
|
|-weather|RainDance|[upkeep]
|-damage|p2a: Iron Valiant|82/100 psn|[from] psn
|upkeep
|
|t:|1769337952
|switch|p1a: Barraskewda|Barraskewda, M|60/100
|-damage|p1a: Barraskewda|48/100|[from] Stealth Rock
|-damage|p1a: Barraskewda|35/100|[from] Spikes
|turn|13
|inactive|IknowwhereIlive has 120 seconds left.
|
|t:|1769337973
|-end|p2a: Iron Valiant|Quark Drive|[silent]
|switch|p2a: Meowscarada|Meowscarada, M|100/100
|-status|p2a: Meowscarada|psn
|-damage|p2a: Meowscarada|88/100 psn|[from] Stealth Rock
|move|p1a: Barraskewda|Flip Turn|p2a: Meowscarada
|-resisted|p2a: Meowscarada
|-damage|p2a: Meowscarada|26/100 psn
|inactive|IknowwhereIlive has 120 seconds left.
|
|t:|1769337979
|switch|p1a: Raging Bolt|Raging Bolt|22/100|[from] Flip Turn
|-damage|p1a: Raging Bolt|10/100|[from] Stealth Rock
|-damage|p1a: Raging Bolt|0 fnt|[from] Spikes
|faint|p1a: Raging Bolt
|-end|p1a: Raging Bolt|Protosynthesis|[silent]
|
|-weather|RainDance|[upkeep]
|-damage|p2a: Meowscarada|14/100 psn|[from] psn
|upkeep
|inactive|IknowwhereIlive has 120 seconds left.
|
|t:|1769337984
|switch|p1a: Hatterene|Hatterene, F|15/100 psn
|-damage|p1a: Hatterene|2/100 psn|[from] Stealth Rock
|-damage|p1a: Hatterene|0 fnt|[from] Spikes
|faint|p1a: Hatterene
|
|t:|1769337987
|switch|p1a: Barraskewda|Barraskewda, M|35/100
|-damage|p1a: Barraskewda|23/100|[from] Stealth Rock
|-damage|p1a: Barraskewda|11/100|[from] Spikes
|turn|14
|inactive|IknowwhereIlive has 120 seconds left.
|
|t:|1769338007
|move|p1a: Barraskewda|Liquidation|p2a: Meowscarada
|-resisted|p2a: Meowscarada
|-damage|p2a: Meowscarada|0 fnt
|faint|p2a: Meowscarada
|
|-weather|RainDance|[upkeep]
|upkeep
|
|t:|1769338014
|switch|p2a: Ceruledge|Ceruledge, M, shiny|100/100
|-status|p2a: Ceruledge|psn
|-damage|p2a: Ceruledge|76/100 psn|[from] Stealth Rock
|turn|15
|
|t:|1769338019
|move|p1a: Barraskewda|Liquidation|p2a: Ceruledge
|-supereffective|p2a: Ceruledge
|-damage|p2a: Ceruledge|0 fnt
|faint|p2a: Ceruledge
|
|-weather|RainDance|[upkeep]
|upkeep
|
|t:|1769338021
|switch|p2a: Greninja|Greninja, M|100/100
|-status|p2a: Greninja|psn
|-damage|p2a: Greninja|88/100 psn|[from] Stealth Rock
|turn|16
|
|t:|1769338030
|move|p1a: Barraskewda|Liquidation|p2a: Greninja
|-resisted|p2a: Greninja
|-damage|p2a: Greninja|3/100 psn
|move|p2a: Greninja|Dark Pulse|p1a: Barraskewda
|-damage|p1a: Barraskewda|0 fnt
|faint|p1a: Barraskewda
|
|win|lilie kawaii
|raw|IknowwhereIlive's rating: 1071 &rarr; <strong>1051</strong><br />(-20 for losing)
|raw|lilie kawaii's rating: 1077 &rarr; <strong>1105</strong><br />(+28 for winning)
|l|☆IknowwhereIlive
|player|p1|
