|j|☆nic buzz
|j|☆freysweatshirt
|t:|1769403870
|gametype|singles
|player|p1|nic buzz|101|1388
|player|p2|freysweatshirt|sonia-masters|1345
|gen|9
|tier|[Gen 9] OU
|rated|
|rule|HP Percentage Mod: HP is shown in percentages
|rule|Endless Battle Clause: Forcing endless battles is banned
|rule|Species Clause: Limit one of each Pokémon
|rule|OHKO Clause: OHKO moves are banned
|rule|Evasion Items Clause: Evasion items are banned
|rule|Evasion Moves Clause: Evasion moves are banned
|rule|Evasion Abilities Clause: Evasion abilities are banned
|rule|Sleep Moves Clause: Sleep-inducing moves are banned
|clearpoke
|poke|p1|Great Tusk|
|poke|p1|Ogerpon-Wellspring, F|
|poke|p1|Garganacl, F|
|poke|p1|Enamorus, F|
|poke|p1|Kingambit, M|
|poke|p1|Skeledirge, M|
|poke|p2|Garganacl, M|
|poke|p2|Skeledirge, F|
|poke|p2|Corviknight, M|
|poke|p2|Great Tusk|
|poke|p2|Gengar, F|
|poke|p2|Braviary-Hisui, M|
|teampreview
|inactive|Battle timer is ON: inactive players will automatically lose when time's up. (requested by freysweatshirt)
|
|t:|1769403881
|teamsize|p1|6
|teamsize|p2|6
|start
|switch|p1a: Ogerpon|Ogerpon-Wellspring, F|100/100
|switch|p2a: Gengar|Gengar, F|100/100
|turn|1
|j| qianxiao7274
|
|t:|1769403885
|move|p1a: Ogerpon|Spiky Shield|p1a: Ogerpon
|-singleturn|p1a: Ogerpon|move: Protect
|move|p2a: Gengar|Toxic Spikes|p1a: Ogerpon
|-sidestart|p1: nic buzz|move: Toxic Spikes
|
|upkeep
|turn|2
|
|t:|1769403889
|switch|p1a: Great Tusk|Great Tusk|100/100
|move|p2a: Gengar|Toxic Spikes|p1a: Great Tusk
|-sidestart|p1: nic buzz|move: Toxic Spikes
|
|upkeep
|turn|3
|
|t:|1769403895
|move|p1a: Great Tusk|Stealth Rock|p2a: Gengar
|-sidestart|p2: freysweatshirt|move: Stealth Rock
|move|p2a: Gengar|Shadow Ball|p1a: Great Tusk
|-damage|p1a: Great Tusk|40/100
|
|upkeep
|turn|4
|
|t:|1769403898
|move|p1a: Great Tusk|Earthquake|p2a: Gengar
|-supereffective|p2a: Gengar
|-enditem|p2a: Gengar|Focus Sash
|-damage|p2a: Gengar|1/100
|-start|p1a: Great Tusk|Disable|Earthquake|[from] ability: Cursed Body|[of] p2a: Gengar
|move|p2a: Gengar|Shadow Ball|p1a: Great Tusk
|-damage|p1a: Great Tusk|0 fnt
|faint|p1a: Great Tusk
|-end|p1a: Great Tusk|Protosynthesis|[silent]
|
|upkeep
|
|t:|1769403903
|switch|p1a: Kingambit|Kingambit, M|100/100
|-activate|p1a: Kingambit|ability: Supreme Overlord
|-start|p1a: Kingambit|fallen1|[silent]
|turn|5
|
|t:|1769403905
|move|p1a: Kingambit|Sucker Punch||[still]
|-fail|p1a: Kingambit
|move|p2a: Gengar|Destiny Bond|p2a: Gengar
|-singlemove|p2a: Gengar|Destiny Bond
|
|upkeep
|turn|6
|
|t:|1769403909
|move|p2a: Gengar|Shadow Ball|p1a: Kingambit
|-resisted|p1a: Kingambit
|-damage|p1a: Kingambit|82/100
|move|p1a: Kingambit|Swords Dance|p1a: Kingambit
|-boost|p1a: Kingambit|atk|2
|
|-heal|p1a: Kingambit|88/100|[from] item: Leftovers
|upkeep
|turn|7
|
|t:|1769403913
|move|p1a: Kingambit|Sucker Punch||[still]
|-fail|p1a: Kingambit
|move|p2a: Gengar|Destiny Bond|p2a: Gengar
|-singlemove|p2a: Gengar|Destiny Bond
|
|-heal|p1a: Kingambit|94/100|[from] item: Leftovers
|upkeep
|turn|8
|
|t:|1769403921
|move|p2a: Gengar|Taunt|p1a: Kingambit
|-start|p1a: Kingambit|move: Taunt
|cant|p1a: Kingambit|move: Taunt|Swords Dance
|
|-heal|p1a: Kingambit|100/100|[from] item: Leftovers
|upkeep
|turn|9
|
|t:|1769403934
|-end|p1a: Kingambit|fallen1|[silent]
|switch|p1a: Ogerpon|Ogerpon-Wellspring, F|100/100
|-status|p1a: Ogerpon|tox
|move|p2a: Gengar|Destiny Bond|p2a: Gengar
|-singlemove|p2a: Gengar|Destiny Bond
|
|-damage|p1a: Ogerpon|95/100 tox|[from] psn
|upkeep
|turn|10
|
|t:|1769403939
|move|p1a: Ogerpon|Spiky Shield|p1a: Ogerpon
|-singleturn|p1a: Ogerpon|move: Protect
|move|p2a: Gengar|Taunt|p1a: Ogerpon
|-activate|p1a: Ogerpon|move: Protect
|
|-damage|p1a: Ogerpon|83/100 tox|[from] psn
|upkeep
|turn|11
|
|t:|1769403942
|move|p1a: Ogerpon|Horn Leech|p2a: Gengar
|-resisted|p2a: Gengar
|-damage|p2a: Gengar|0 fnt
|-heal|p1a: Ogerpon|83/100 tox|[from] drain|[of] p2a: Gengar
|faint|p2a: Gengar
|
|-damage|p1a: Ogerpon|65/100 tox|[from] psn
|upkeep
|
|t:|1769403948
|switch|p2a: Garganacl|Garganacl, M, shiny|100/100
|-damage|p2a: Garganacl|88/100|[from] Stealth Rock
|turn|12
|
|t:|1769403953
|move|p1a: Ogerpon|Horn Leech|p2a: Garganacl
|-supereffective|p2a: Garganacl
|-damage|p2a: Garganacl|44/100
|-heal|p1a: Ogerpon|93/100 tox|[from] drain|[of] p2a: Garganacl
|-damage|p1a: Ogerpon|76/100 tox|[from] item: Rocky Helmet|[of] p2a: Garganacl
|move|p2a: Garganacl|Salt Cure|p1a: Ogerpon
|-damage|p1a: Ogerpon|56/100 tox
|-start|p1a: Ogerpon|Salt Cure
|
|-damage|p1a: Ogerpon|32/100 tox|[from] psn
|-damage|p1a: Ogerpon|7/100 tox|[from] Salt Cure
|upkeep
|turn|13
|
|t:|1769403959
|switch|p1a: Enamorus|Enamorus, F|100/100
|move|p2a: Garganacl|Recover|p2a: Garganacl
|-heal|p2a: Garganacl|94/100
|
|upkeep
|turn|14
|
|t:|1769403965
|-terastallize|p1a: Enamorus|Fairy
|move|p1a: Enamorus|Moonblast|p2a: Garganacl
|-damage|p2a: Garganacl|0 fnt
|faint|p2a: Garganacl
|
|upkeep
|
|t:|1769403981
|switch|p2a: Skeledirge|Skeledirge, F|100/100
|-damage|p2a: Skeledirge|75/100|[from] Stealth Rock
|turn|15
|
|t:|1769403985
|move|p1a: Enamorus|Moonblast|p2a: Skeledirge
|-resisted|p2a: Skeledirge
|-damage|p2a: Skeledirge|25/100
|move|p2a: Skeledirge|Torch Song|p1a: Enamorus
|-damage|p1a: Enamorus|40/100
|-boost|p2a: Skeledirge|spa|1
|
|-heal|p2a: Skeledirge|32/100|[from] item: Leftovers
|upkeep
|turn|16
|
|t:|1769403991
|move|p1a: Enamorus|Moonblast|p2a: Skeledirge
|-resisted|p2a: Skeledirge
|-damage|p2a: Skeledirge|0 fnt
|faint|p2a: Skeledirge
|
|upkeep
|l| qianxiao7274
|
|t:|1769404000
|switch|p2a: Corviknight|Corviknight, M, shiny|100/100
|-damage|p2a: Corviknight|88/100|[from] Stealth Rock
|turn|17
|
|t:|1769404006
|switch|p1a: Skeledirge|Skeledirge, M|100/100
|move|p2a: Corviknight|Heavy Slam|p1a: Skeledirge
|-resisted|p1a: Skeledirge
|-damage|p1a: Skeledirge|97/100
|
|upkeep
|turn|18
|
|t:|1769404015
|switch|p2a: Great Tusk|Great Tusk|100/100
|move|p1a: Skeledirge|Will-O-Wisp|p2a: Great Tusk
|-status|p2a: Great Tusk|brn
|
|-damage|p2a: Great Tusk|94/100 brn|[from] brn
|upkeep
|turn|19
|
|t:|1769404023
|move|p2a: Great Tusk|Knock Off|p1a: Skeledirge
|-supereffective|p1a: Skeledirge
|-damage|p1a: Skeledirge|77/100
|-enditem|p1a: Skeledirge|Heavy-Duty Boots|[from] move: Knock Off|[of] p2a: Great Tusk
|move|p1a: Skeledirge|Torch Song|p2a: Great Tusk
|-damage|p2a: Great Tusk|48/100 brn
|-boost|p1a: Skeledirge|spa|1
|
|-damage|p2a: Great Tusk|42/100 brn|[from] brn
|upkeep
|turn|20
|
|t:|1769404028
|move|p2a: Great Tusk|Headlong Rush|p1a: Skeledirge
|-supereffective|p1a: Skeledirge
|-damage|p1a: Skeledirge|41/100
|-unboost|p2a: Great Tusk|def|1
|-unboost|p2a: Great Tusk|spd|1
|move|p1a: Skeledirge|Slack Off|p1a: Skeledirge
|-heal|p1a: Skeledirge|91/100
|
|-damage|p2a: Great Tusk|36/100 brn|[from] brn
|upkeep
|turn|21
|
|t:|1769404032
|move|p2a: Great Tusk|Headlong Rush|p1a: Skeledirge
|-supereffective|p1a: Skeledirge
|-damage|p1a: Skeledirge|56/100
|-unboost|p2a: Great Tusk|def|1
|-unboost|p2a: Great Tusk|spd|1
|move|p1a: Skeledirge|Slack Off|p1a: Skeledirge
|-heal|p1a: Skeledirge|100/100
|
|-damage|p2a: Great Tusk|30/100 brn|[from] brn
|upkeep
|turn|22
|
|t:|1769404035
|move|p2a: Great Tusk|Headlong Rush|p1a: Skeledirge
|-supereffective|p1a: Skeledirge
|-damage|p1a: Skeledirge|63/100
|-unboost|p2a: Great Tusk|def|1
|-unboost|p2a: Great Tusk|spd|1
|move|p1a: Skeledirge|Torch Song|p2a: Great Tusk
|-damage|p2a: Great Tusk|0 fnt
|-boost|p1a: Skeledirge|spa|1
|faint|p2a: Great Tusk
|-end|p2a: Great Tusk|Protosynthesis|[silent]
|
|upkeep
|
|t:|1769404045
|switch|p2a: Pega Tarado|Braviary-Hisui, M, shiny|100/100
|-damage|p2a: Pega Tarado|76/100|[from] Stealth Rock
|turn|23
|
|t:|1769404048
|move|p2a: Pega Tarado|Esper Wing|p1a: Skeledirge
|-crit|p1a: Skeledirge
|-damage|p1a: Skeledirge|0 fnt
|-boost|p2a: Pega Tarado|spe|1
|faint|p1a: Skeledirge
|
|upkeep
|
|t:|1769404054
|switch|p1a: Kingambit|Kingambit, M|100/100
|-activate|p1a: Kingambit|ability: Supreme Overlord
|-start|p1a: Kingambit|fallen2|[silent]
|turn|24
|
|t:|1769404061
|-terastallize|p2a: Pega Tarado|Ground
|move|p1a: Kingambit|Sucker Punch||[still]
|-fail|p1a: Kingambit
|move|p2a: Pega Tarado|Calm Mind|p2a: Pega Tarado
|-boost|p2a: Pega Tarado|spa|1
|-boost|p2a: Pega Tarado|spd|1
|
|upkeep
|turn|25
|
|t:|1769404072
|move|p1a: Kingambit|Sucker Punch||[still]
|-fail|p1a: Kingambit
|move|p2a: Pega Tarado|Calm Mind|p2a: Pega Tarado
|-boost|p2a: Pega Tarado|spa|1
|-boost|p2a: Pega Tarado|spd|1
|
|upkeep
|turn|26
|
|t:|1769404080
|move|p2a: Pega Tarado|Calm Mind|p2a: Pega Tarado
|-boost|p2a: Pega Tarado|spa|1
|-boost|p2a: Pega Tarado|spd|1
|move|p1a: Kingambit|Kowtow Cleave|p2a: Pega Tarado
|-damage|p2a: Pega Tarado|0 fnt
|faint|p2a: Pega Tarado
|
|upkeep
|
|t:|1769404086
|switch|p2a: Corviknight|Corviknight, M, shiny|88/100
|-damage|p2a: Corviknight|76/100|[from] Stealth Rock
|turn|27
|
|t:|1769404100
|move|p2a: Corviknight|Body Press|p1a: Kingambit
|-supereffective|p1a: Kingambit
|-damage|p1a: Kingambit|20/100
|move|p1a: Kingambit|Kowtow Cleave|p2a: Corviknight
|-damage|p2a: Corviknight|40/100
|-damage|p1a: Kingambit|4/100|[from] item: Rocky Helmet|[of] p2a: Corviknight
|
|-heal|p1a: Kingambit|10/100|[from] item: Leftovers
|upkeep
|turn|28
|
|t:|1769404109
|move|p2a: Corviknight|Iron Defense|p2a: Corviknight
|-boost|p2a: Corviknight|def|2
|move|p1a: Kingambit|Kowtow Cleave|p2a: Corviknight
|-damage|p2a: Corviknight|24/100
|-damage|p1a: Kingambit|0 fnt|[from] item: Rocky Helmet|[of] p2a: Corviknight
|faint|p1a: Kingambit
|-end|p1a: Kingambit|fallen2|[silent]
|
|upkeep
|
|t:|1769404114
|switch|p1a: Enamorus|Enamorus, F, tera:Fairy|40/100
|-status|p1a: Enamorus|tox
|turn|29
|
|t:|1769404118
|move|p1a: Enamorus|Mystical Fire|p2a: Corviknight
|-supereffective|p2a: Corviknight
|-damage|p2a: Corviknight|0 fnt
|faint|p2a: Corviknight
|
|win|nic buzz
|raw|nic buzz's rating: 1388 &rarr; <strong>1406</strong><br />(+18 for winning)
|raw|freysweatshirt's rating: 1345 &rarr; <strong>1327</strong><br />(-18 for losing)
|l|☆freysweatshirt
|player|p2|
|l|☆nic buzz
|player|p1|
