|j|☆ghighas
|j|☆alt.jr
|t:|1769404498
|gametype|singles
|player|p1|ghighas|ghetsis|1351
|player|p2|alt.jr|265|1404
|gen|9
|tier|[Gen 9] OU
|rated|
|rule|HP Percentage Mod: HP is shown in percentages
|rule|Endless Battle Clause: Forcing endless battles is banned
|rule|Species Clause: Limit one of each Pokémon
|rule|OHKO Clause: OHKO moves are banned
|rule|Evasion Items Clause: Evasion items are banned
|rule|Evasion Moves Clause: Evasion moves are banned
|rule|Evasion Abilities Clause: Evasion abilities are banned
|rule|Sleep Moves Clause: Sleep-inducing moves are banned
|clearpoke
|poke|p1|Barraskewda, F|
|poke|p1|Pelipper, F|
|poke|p1|Dondozo, M|
|poke|p1|Goodra-Hisui, M|
|poke|p1|Ogerpon-Wellspring, F|
|poke|p1|Great Tusk|
|poke|p2|Landorus-Therian, M|
|poke|p2|Cinderace, F|
|poke|p2|Slowking-Galar, M|
|poke|p2|Kingambit, F|
|poke|p2|Iron Valiant|
|poke|p2|Kyurem|
|teampreview
|inactive|Battle timer is ON: inactive players will automatically lose when time's up. (requested by ghighas)
|
|t:|1769404513
|teamsize|p1|6
|teamsize|p2|6
|start
|switch|p1a: Pelipper|Pelipper, F|100/100
|switch|p2a: Kyurem|Kyurem|100/100
|-ability|p2a: Kyurem|Pressure
|-weather|RainDance|[from] ability: Drizzle|[of] p1a: Pelipper
|turn|1
|
|t:|1769404516
|switch|p1a: Goodra|Goodra-Hisui, M|100/100
|move|p2a: Kyurem|Substitute|p2a: Kyurem
|-start|p2a: Kyurem|Substitute
|-damage|p2a: Kyurem|75/100
|
|-weather|RainDance|[upkeep]
|-heal|p2a: Kyurem|82/100|[from] item: Leftovers
|upkeep
|turn|2
|
|t:|1769404525
|move|p2a: Kyurem|Earth Power|p1a: Goodra
|-supereffective|p1a: Goodra
|-damage|p1a: Goodra|68/100
|move|p1a: Goodra|Flash Cannon|p2a: Kyurem
|-supereffective|p2a: Kyurem
|-end|p2a: Kyurem|Substitute
|
|-weather|RainDance|[upkeep]
|-heal|p2a: Kyurem|88/100|[from] item: Leftovers
|upkeep
|turn|3
|
|t:|1769404547
|switch|p2a: Slowking|Slowking-Galar, M|100/100
|move|p1a: Goodra|Flash Cannon|p2a: Slowking
|-damage|p2a: Slowking|83/100
|
|-weather|RainDance|[upkeep]
|upkeep
|turn|4
|
|t:|1769404554
|switch|p1a: Ogerpon|Ogerpon-Wellspring, F|100/100
|-prepare|p2a: Slowking|Chilly Reception|[premajor]
|move|p2a: Slowking|Chilly Reception|p2a: Slowking
|-weather|Snowscape
|
|t:|1769404568
|switch|p2a: Landorus|Landorus-Therian, M|100/100|[from] Chilly Reception
|-ability|p2a: Landorus|Intimidate|boost
|-unboost|p1a: Ogerpon|atk|1
|
|-weather|Snowscape|[upkeep]
|upkeep
|turn|5
|
|t:|1769404589
|switch|p1a: Pelipper|Pelipper, F|100/100
|-weather|RainDance|[from] ability: Drizzle|[of] p1a: Pelipper
|move|p2a: Landorus|U-turn|p1a: Pelipper
|-resisted|p1a: Pelipper
|-damage|p1a: Pelipper|90/100
|
|t:|1769404593
|switch|p2a: Slowking|Slowking-Galar, M|100/100|[from] U-turn
|
|-weather|RainDance|[upkeep]
|upkeep
|turn|6
|
|t:|1769404596
|move|p1a: Pelipper|U-turn|p2a: Slowking
|-damage|p2a: Slowking|91/100
|
|t:|1769404598
|switch|p1a: Barraskewda|Barraskewda, F, shiny|100/100|[from] U-turn
|move|p2a: Slowking|Toxic|p1a: Barraskewda
|-status|p1a: Barraskewda|tox
|
|-weather|RainDance|[upkeep]
|-damage|p1a: Barraskewda|94/100 tox|[from] psn
|upkeep
|turn|7
|
|t:|1769404608
|-terastallize|p1a: Barraskewda|Water
|move|p1a: Barraskewda|Liquidation|p2a: Slowking
|-damage|p2a: Slowking|0 fnt
|faint|p2a: Slowking
|
|-weather|RainDance|[upkeep]
|-damage|p1a: Barraskewda|82/100 tox|[from] psn
|upkeep
|
|t:|1769404610
|switch|p2a: Landorus|Landorus-Therian, M|100/100
|-ability|p2a: Landorus|Intimidate|boost
|-unboost|p1a: Barraskewda|atk|1
|turn|8
|
|t:|1769404623
|-terastallize|p2a: Landorus|Grass
|move|p1a: Barraskewda|Liquidation|p2a: Landorus
|-resisted|p2a: Landorus
|-damage|p2a: Landorus|56/100
|-unboost|p2a: Landorus|def|1
|-damage|p1a: Barraskewda|66/100 tox|[from] item: Rocky Helmet|[of] p2a: Landorus
|move|p2a: Landorus|U-turn|p1a: Barraskewda
|-damage|p1a: Barraskewda|25/100 tox
|
|t:|1769404628
|switch|p2a: Iron Valiant|Iron Valiant|100/100|[from] U-turn
|-enditem|p2a: Iron Valiant|Booster Energy
|-activate|p2a: Iron Valiant|ability: Quark Drive|[fromitem]
|-start|p2a: Iron Valiant|quarkdrivespe
|
|-weather|RainDance|[upkeep]
|-damage|p1a: Barraskewda|7/100 tox|[from] psn
|upkeep
|turn|9
|
|t:|1769404632
|move|p1a: Barraskewda|Liquidation|p2a: Iron Valiant
|-damage|p2a: Iron Valiant|0 fnt
|faint|p2a: Iron Valiant
|-end|p2a: Iron Valiant|Quark Drive|[silent]
|
|-weather|RainDance|[upkeep]
|-damage|p1a: Barraskewda|0 fnt|[from] psn
|faint|p1a: Barraskewda
|upkeep
|-message|alt.jr forfeited.
|
|win|ghighas
|raw|ghighas's rating: 1329 &rarr; <strong>1353</strong><br />(+24 for winning)
|raw|alt.jr's rating: 1404 &rarr; <strong>1380</strong><br />(-24 for losing)
|l|☆alt.jr
|player|p2|
|l|☆ghighas
|player|p1|
