|j|☆DuckyBro
|j|☆Slim Summers
|t:|1769379868
|gametype|singles
|player|p1|DuckyBro|ghetsis|1694
|player|p2|Slim Summers|blue|1683
|gen|9
|tier|[Gen 9] OU
|rated|
|rule|HP Percentage Mod: HP is shown in percentages
|rule|Endless Battle Clause: Forcing endless battles is banned
|rule|Species Clause: Limit one of each Pokémon
|rule|OHKO Clause: OHKO moves are banned
|rule|Evasion Items Clause: Evasion items are banned
|rule|Evasion Moves Clause: Evasion moves are banned
|rule|Evasion Abilities Clause: Evasion abilities are banned
|rule|Sleep Moves Clause: Sleep-inducing moves are banned
|clearpoke
|poke|p1|Cinderace, M|
|poke|p1|Dondozo, F|
|poke|p1|Zapdos|
|poke|p1|Garchomp, F|
|poke|p1|Kyurem|
|poke|p1|Volcanion|
|poke|p2|Darkrai|
|poke|p2|Great Tusk|
|poke|p2|Zapdos|
|poke|p2|Tyranitar, M|
|poke|p2|Arcanine-Hisui, M|
|poke|p2|Rillaboom, M|
|teampreview
|j| Ctannn
|j| zouzmaa
|inactive|Battle timer is ON: inactive players will automatically lose when time's up. (requested by DuckyBro)
|
|t:|1769379970
|teamsize|p1|6
|teamsize|p2|6
|start
|switch|p1a: Cinderace|Cinderace, M|100/100
|switch|p2a: Great Tusk|Great Tusk|100/100
|turn|1
|
|t:|1769379978
|switch|p1a: Zapdos|Zapdos|100/100
|move|p2a: Great Tusk|Knock Off|p1a: Zapdos
|-damage|p1a: Zapdos|64/100
|-status|p2a: Great Tusk|par|[from] ability: Static|[of] p1a: Zapdos
|-enditem|p1a: Zapdos|Heavy-Duty Boots|[from] move: Knock Off|[of] p2a: Great Tusk
|
|upkeep
|turn|2
|
|t:|1769379999
|-end|p2a: Great Tusk|Protosynthesis|[silent]
|switch|p2a: Tyranitar|Tyranitar, M|100/100
|-weather|Sandstorm|[from] ability: Sand Stream|[of] p2a: Tyranitar
|move|p1a: Zapdos|Hurricane|p2a: Tyranitar
|-resisted|p2a: Tyranitar
|-damage|p2a: Tyranitar|87/100
|
|-weather|Sandstorm|[upkeep]
|-damage|p1a: Zapdos|58/100|[from] Sandstorm
|upkeep
|turn|3
|inactive|Slim Summers has 120 seconds left.
|
|t:|1769380033
|move|p1a: Zapdos|Roost|p1a: Zapdos
|-heal|p1a: Zapdos|100/100
|-singleturn|p1a: Zapdos|move: Roost
|move|p2a: Tyranitar|Roar|p1a: Zapdos
|drag|p1a: Dondozo|Dondozo, F|100/100
|
|-weather|Sandstorm|[upkeep]
|-damage|p1a: Dondozo|94/100|[from] Sandstorm
|-heal|p1a: Dondozo|100/100|[from] item: Leftovers
|upkeep
|turn|4
|
|t:|1769380043
|move|p2a: Tyranitar|Knock Off|p1a: Dondozo
|-damage|p1a: Dondozo|83/100
|-enditem|p1a: Dondozo|Leftovers|[from] move: Knock Off|[of] p2a: Tyranitar
|move|p1a: Dondozo|Liquidation|p2a: Tyranitar
|-supereffective|p2a: Tyranitar
|-damage|p2a: Tyranitar|39/100
|-unboost|p2a: Tyranitar|def|1
|
|-weather|Sandstorm|[upkeep]
|-damage|p1a: Dondozo|77/100|[from] Sandstorm
|upkeep
|turn|5
|
|t:|1769380053
|switch|p2a: Rillaboom|Rillaboom, M|100/100
|-fieldstart|move: Grassy Terrain|[from] ability: Grassy Surge|[of] p2a: Rillaboom
|move|p1a: Dondozo|Liquidation|p2a: Rillaboom
|-resisted|p2a: Rillaboom
|-damage|p2a: Rillaboom|86/100
|
|-weather|Sandstorm|[upkeep]
|-damage|p2a: Rillaboom|79/100|[from] Sandstorm
|-damage|p1a: Dondozo|71/100|[from] Sandstorm
|-heal|p2a: Rillaboom|86/100|[from] Grassy Terrain
|-heal|p1a: Dondozo|77/100|[from] Grassy Terrain
|upkeep
|turn|6
|inactive|Slim Summers has 120 seconds left.
|
|t:|1769380063
|switch|p1a: Zapdos|Zapdos|100/100
|move|p2a: Rillaboom|U-turn|p1a: Zapdos
|-resisted|p1a: Zapdos
|-damage|p1a: Zapdos|80/100
|
|t:|1769380079
|switch|p2a: Arcanine|Arcanine-Hisui, M|100/100|[from] U-turn
|
|-weather|none
|upkeep
|turn|7
|
|t:|1769380095
|move|p2a: Arcanine|Head Smash|p1a: Zapdos
|-supereffective|p1a: Zapdos
|-damage|p1a: Zapdos|0 fnt
|faint|p1a: Zapdos
|
|upkeep
|
|t:|1769380100
|switch|p1a: Garchomp|Garchomp, F|100/100
|turn|8
|
|t:|1769380107
|switch|p2a: Great Tusk|Great Tusk|100/100 par
|move|p1a: Garchomp|Scale Shot|p2a: Great Tusk
|-damage|p2a: Great Tusk|90/100 par
|-damage|p2a: Great Tusk|79/100 par
|-damage|p2a: Great Tusk|70/100 par
|-damage|p2a: Great Tusk|59/100 par
|-hitcount|p2a: Great Tusk|4
|-unboost|p1a: Garchomp|def|1
|-boost|p1a: Garchomp|spe|1
|
|-heal|p2a: Great Tusk|65/100 par|[from] Grassy Terrain
|upkeep
|turn|9
|
|t:|1769380119
|switch|p1a: Volcanion|Volcanion|100/100
|move|p2a: Great Tusk|Ice Spinner|p1a: Volcanion
|-resisted|p1a: Volcanion
|-damage|p1a: Volcanion|95/100
|-fieldend|move: Grassy Terrain
|
|upkeep
|turn|10
|
|t:|1769380146
|move|p1a: Volcanion|Steam Eruption|p2a: Great Tusk
|-supereffective|p2a: Great Tusk
|-damage|p2a: Great Tusk|0 fnt
|faint|p2a: Great Tusk
|-end|p2a: Great Tusk|Protosynthesis|[silent]
|
|upkeep
|inactive|Slim Summers has 90 seconds left.
|
|t:|1769380176
|switch|p2a: Zapdos|Zapdos|100/100
|turn|11
|
|t:|1769380186
|switch|p1a: Garchomp|Garchomp, F|100/100
|move|p2a: Zapdos|Hurricane|p1a: Garchomp
|-damage|p1a: Garchomp|42/100
|
|upkeep
|turn|12
|
|t:|1769380197
|move|p1a: Garchomp|Scale Shot|p2a: Zapdos|[miss]
|-miss|p1a: Garchomp|p2a: Zapdos
|move|p2a: Zapdos|Hurricane|p1a: Garchomp
|-damage|p1a: Garchomp|0 fnt
|faint|p1a: Garchomp
|
|upkeep
|
|t:|1769380200
|switch|p1a: Kyurem|Kyurem|100/100
|-ability|p1a: Kyurem|Pressure
|turn|13
|
|t:|1769380208
|switch|p2a: Tyranitar|Tyranitar, M|39/100
|-weather|Sandstorm|[from] ability: Sand Stream|[of] p2a: Tyranitar
|move|p1a: Kyurem|Draco Meteor|p2a: Tyranitar|[miss]
|-miss|p1a: Kyurem|p2a: Tyranitar
|
|-weather|Sandstorm|[upkeep]
|-damage|p1a: Kyurem|94/100|[from] Sandstorm
|upkeep
|turn|14
|
|t:|1769380223
|move|p1a: Kyurem|Draco Meteor|p2a: Tyranitar
|-damage|p2a: Tyranitar|0 fnt
|-unboost|p1a: Kyurem|spa|2
|faint|p2a: Tyranitar
|
|-weather|Sandstorm|[upkeep]
|-damage|p1a: Kyurem|88/100|[from] Sandstorm
|upkeep
|inactive|Slim Summers has 90 seconds left.
|j| mega dondozo ex
|
|t:|1769380255
|switch|p2a: Arcanine|Arcanine-Hisui, M|100/100
|turn|15
|
|t:|1769380266
|move|p1a: Kyurem|Draco Meteor|p2a: Arcanine|[miss]
|-miss|p1a: Kyurem|p2a: Arcanine
|move|p2a: Arcanine|Head Smash|p1a: Kyurem
|-supereffective|p1a: Kyurem
|-damage|p1a: Kyurem|0 fnt
|faint|p1a: Kyurem
|
|-weather|Sandstorm|[upkeep]
|upkeep
|c|☆DuckyBro|yeah
|
|t:|1769380279
|switch|p1a: Volcanion|Volcanion|95/100
|turn|16
|c|☆Slim Summers|sorry bro
|inactive|Slim Summers has 90 seconds left.
|c|☆DuckyBro|no prob
|
|t:|1769380293
|-terastallize|p1a: Volcanion|Ground
|move|p2a: Arcanine|Head Smash|p1a: Volcanion
|-resisted|p1a: Volcanion
|-damage|p1a: Volcanion|52/100
|move|p1a: Volcanion|Steam Eruption|p2a: Arcanine
|-supereffective|p2a: Arcanine
|-damage|p2a: Arcanine|0 fnt
|faint|p2a: Arcanine
|
|-weather|Sandstorm|[upkeep]
|upkeep
|
|t:|1769380310
|switch|p2a: Rillaboom|Rillaboom, M|86/100
|-fieldstart|move: Grassy Terrain|[from] ability: Grassy Surge|[of] p2a: Rillaboom
|turn|17
|
|t:|1769380326
|switch|p1a: Dondozo|Dondozo, F|77/100
|move|p2a: Rillaboom|Grassy Glide|p1a: Dondozo
|-supereffective|p1a: Dondozo
|-damage|p1a: Dondozo|26/100
|
|-weather|none
|-heal|p2a: Rillaboom|92/100|[from] Grassy Terrain
|-heal|p1a: Dondozo|32/100|[from] Grassy Terrain
|upkeep
|turn|18
|
|t:|1769380335
|move|p2a: Rillaboom|Grassy Glide|p1a: Dondozo
|-supereffective|p1a: Dondozo
|-damage|p1a: Dondozo|0 fnt
|faint|p1a: Dondozo
|
|-heal|p2a: Rillaboom|98/100|[from] Grassy Terrain
|upkeep
|
|t:|1769380337
|switch|p1a: Cinderace|Cinderace, M|100/100
|turn|19
|inactive|Slim Summers has 60 seconds left.
|
|t:|1769380378
|switch|p2a: Zapdos|Zapdos|100/100
|move|p1a: Cinderace|Pyro Ball|p2a: Zapdos
|-damage|p2a: Zapdos|56/100
|
|upkeep
|turn|20
|
|t:|1769380384
|switch|p1a: Volcanion|Volcanion, tera:Ground|52/100
|move|p2a: Zapdos|Hurricane|p1a: Volcanion
|-damage|p1a: Volcanion|20/100
|-start|p1a: Volcanion|confusion
|
|-heal|p1a: Volcanion|26/100|[from] Grassy Terrain
|upkeep
|turn|21
|inactive|Slim Summers has 60 seconds left.
|l| mega dondozo ex
|
|t:|1769380398
|move|p2a: Zapdos|Hurricane|p1a: Volcanion
|-damage|p1a: Volcanion|0 fnt
|faint|p1a: Volcanion
|
|-fieldend|move: Grassy Terrain
|upkeep
|
|t:|1769380402
|switch|p1a: Cinderace|Cinderace, M|100/100
|turn|22
|
|t:|1769380405
|move|p1a: Cinderace|Pyro Ball|p2a: Zapdos
|-damage|p2a: Zapdos|13/100
|move|p2a: Zapdos|Discharge|p1a: Cinderace
|-damage|p1a: Cinderace|56/100
|
|upkeep
|turn|23
|
|t:|1769380410
|move|p1a: Cinderace|Pyro Ball|p2a: Zapdos
|-damage|p2a: Zapdos|0 fnt
|faint|p2a: Zapdos
|
|upkeep
|
|t:|1769380418
|switch|p2a: Darkrai|Darkrai|100/100
|turn|24
|
|t:|1769380421
|move|p2a: Darkrai|Dark Pulse|p1a: Cinderace
|-damage|p1a: Cinderace|0 fnt
|faint|p1a: Cinderace
|
|win|Slim Summers
|raw|DuckyBro's rating: 1694 &rarr; <strong>1673</strong><br />(-21 for losing)
|raw|Slim Summers's rating: 1683 &rarr; <strong>1704</strong><br />(+21 for winning)
|c|☆DuckyBro|wp
|l|☆DuckyBro
|player|p1|
|c|☆Slim Summers|ggwp
|l|☆Slim Summers
|player|p2|
