|badge|p1|silver|gen9ou|30-8
|uhtml|medal-msg|<div class="broadcast-blue">Curious what those medals under the avatar are? PS now has Ladder Seasons! For more information, check out the <a href="https://www.smogon.com/forums/threads/3740067/">thread on Smogon.</a></div>
|j|‽ClRCUS MAXIMUS
|j|☆spunder_policy
|t:|1769323213
|gametype|singles
|player|p1|ClRCUS MAXIMUS|rood|1878
|player|p2|spunder_policy|169|1824
|gen|9
|tier|[Gen 9] OU
|rated|
|rule|HP Percentage Mod: HP is shown in percentages
|rule|Endless Battle Clause: Forcing endless battles is banned
|rule|Species Clause: Limit one of each Pokémon
|rule|OHKO Clause: OHKO moves are banned
|rule|Evasion Items Clause: Evasion items are banned
|rule|Evasion Moves Clause: Evasion moves are banned
|rule|Evasion Abilities Clause: Evasion abilities are banned
|rule|Sleep Moves Clause: Sleep-inducing moves are banned
|clearpoke
|poke|p1|Ogerpon-Cornerstone, F|
|poke|p1|Pecharunt|
|poke|p1|Great Tusk|
|poke|p1|Alomomola, F|
|poke|p1|Iron Moth|
|poke|p1|Garganacl, F|
|poke|p2|Zoroark-Hisui, F|
|poke|p2|Mesprit|
|poke|p2|Alomomola, F|
|poke|p2|Goodra-Hisui, M|
|poke|p2|Thundurus, M|
|poke|p2|Blaziken, M|
|teampreview
|inactive|Battle timer is ON: inactive players will automatically lose when time's up. (requested by spunder_policy)
|
|t:|1769323241
|teamsize|p1|6
|teamsize|p2|6
|start
|switch|p1a: Ogerpon|Ogerpon-Cornerstone, F|100/100
|switch|p2a: Mesprit|Mesprit|100/100
|turn|1
|
|t:|1769323247
|move|p1a: Ogerpon|Ivy Cudgel|p2a: Mesprit|[anim] Ivy Cudgel Rock
|-damage|p2a: Mesprit|54/100
|move|p2a: Mesprit|Ice Beam|p1a: Ogerpon
|-supereffective|p1a: Ogerpon
|-damage|p1a: Ogerpon|47/100
|
|upkeep
|turn|2
|
|t:|1769323255
|move|p1a: Ogerpon|Power Whip|p2a: Mesprit|[miss]
|-miss|p1a: Ogerpon|p2a: Mesprit
|move|p2a: Mesprit|U-turn|p1a: Ogerpon
|-supereffective|p1a: Ogerpon
|-damage|p1a: Ogerpon|5/100
|
|t:|1769323258
|switch|p2a: Thundurus|Thundurus, M|100/100|[from] U-turn
|
|upkeep
|turn|3
|n|‽ClRCUS MAXIMUS|clrcusmaximus
|n|‽ClRCUS MAXIMUS|clrcusmaximus
|
|t:|1769323268
|switch|p1a: Garganacl|Garganacl, F, shiny|100/100
|move|p2a: Thundurus|U-turn|p1a: Garganacl
|-damage|p1a: Garganacl|91/100
|
|t:|1769323270
|switch|p2a: Mesprit|Mesprit|54/100|[from] U-turn
|
|-heal|p1a: Garganacl|97/100|[from] item: Leftovers
|upkeep
|turn|4
|
|t:|1769323275
|move|p2a: Mesprit|Psychic Noise|p1a: Garganacl
|-damage|p1a: Garganacl|78/100
|-start|p1a: Garganacl|move: Heal Block
|move|p1a: Garganacl|Salt Cure|p2a: Mesprit
|-damage|p2a: Mesprit|44/100
|-start|p2a: Mesprit|Salt Cure
|
|-damage|p2a: Mesprit|32/100|[from] Salt Cure
|upkeep
|turn|5
|
|t:|1769323279
|move|p2a: Mesprit|Stealth Rock|p1a: Garganacl
|-sidestart|p1: ClRCUS MAXIMUS|move: Stealth Rock
|move|p1a: Garganacl|Stealth Rock|p2a: Mesprit
|-sidestart|p2: spunder_policy|move: Stealth Rock
|
|-damage|p2a: Mesprit|19/100|[from] Salt Cure
|-end|p1a: Garganacl|move: Heal Block
|upkeep
|turn|6
|
|t:|1769323289
|switch|p2a: Alomomola|Alomomola, F|100/100
|move|p1a: Garganacl|Protect||[still]
|-fail|p1a: Garganacl
|
|-heal|p1a: Garganacl|84/100|[from] item: Leftovers
|upkeep
|turn|7
|
|t:|1769323292
|move|p2a: Alomomola|Wish|p2a: Alomomola
|move|p1a: Garganacl|Salt Cure|p2a: Alomomola
|-damage|p2a: Alomomola|90/100
|-start|p2a: Alomomola|Salt Cure
|
|-heal|p1a: Garganacl|91/100|[from] item: Leftovers
|-damage|p2a: Alomomola|65/100|[from] Salt Cure
|upkeep
|turn|8
|
|t:|1769323295
|switch|p2a: Mesprit|Mesprit|19/100
|move|p1a: Garganacl|Salt Cure|p2a: Mesprit
|-damage|p2a: Mesprit|10/100
|-start|p2a: Mesprit|Salt Cure
|
|-heal|p2a: Mesprit|83/100|[from] move: Wish|[wisher] Alomomola
|-heal|p1a: Garganacl|97/100|[from] item: Leftovers
|-damage|p2a: Mesprit|71/100|[from] Salt Cure
|upkeep
|turn|9
|
|t:|1769323303
|switch|p2a: Alomomola|Alomomola, F|99/100
|switch|p1a: Alomomola|Alomomola, F, shiny|100/100
|-damage|p1a: Alomomola|88/100|[from] Stealth Rock
|
|upkeep
|turn|10
|
|t:|1769323307
|move|p2a: Alomomola|Scald|p1a: Alomomola
|-resisted|p1a: Alomomola
|-damage|p1a: Alomomola|85/100
|move|p1a: Alomomola|Body Slam|p2a: Alomomola
|-damage|p2a: Alomomola|87/100
|
|upkeep
|turn|11
|
|t:|1769323309
|move|p2a: Alomomola|Scald|p1a: Alomomola
|-resisted|p1a: Alomomola
|-damage|p1a: Alomomola|82/100
|-status|p1a: Alomomola|brn
|move|p1a: Alomomola|Mirror Coat|p2a: Alomomola
|-damage|p2a: Alomomola|81/100
|
|-damage|p1a: Alomomola|76/100 brn|[from] brn
|upkeep
|turn|12
|
|t:|1769323315
|move|p2a: Alomomola|Wish|p2a: Alomomola
|move|p1a: Alomomola|Flip Turn|p2a: Alomomola
|-resisted|p2a: Alomomola
|-damage|p2a: Alomomola|78/100
|
|t:|1769323317
|switch|p1a: Great Tusk|Great Tusk, shiny|100/100|[from] Flip Turn
|
|upkeep
|turn|13
|
|t:|1769323322
|switch|p2a: Thundurus|Thundurus, M|100/100
|move|p1a: Great Tusk|Rapid Spin|p2a: Thundurus
|-immune|p2a: Thundurus
|
|upkeep
|turn|14
|
|t:|1769323327
|-end|p1a: Great Tusk|Protosynthesis|[silent]
|switch|p1a: Alomomola|Alomomola, F, shiny|100/100 brn
|-damage|p1a: Alomomola|88/100 brn|[from] Stealth Rock
|move|p2a: Thundurus|Will-O-Wisp|p1a: Alomomola|[miss]
|-miss|p2a: Thundurus|p1a: Alomomola
|
|-damage|p1a: Alomomola|82/100 brn|[from] brn
|upkeep
|turn|15
|
|t:|1769323336
|move|p2a: Thundurus|Will-O-Wisp|p1a: Alomomola
|-fail|p1a: Alomomola|brn
|move|p1a: Alomomola|Flip Turn|p2a: Thundurus
|-damage|p2a: Thundurus|84/100
|replace|p2a: Zoroark|Zoroark-Hisui, F
|-end|p2a: Zoroark|Illusion
|
|t:|1769323340
|switch|p1a: Garganacl|Garganacl, F, shiny|97/100|[from] Flip Turn
|-damage|p1a: Garganacl|84/100|[from] Stealth Rock
|
|-heal|p1a: Garganacl|91/100|[from] item: Leftovers
|upkeep
|turn|16
|
|t:|1769323342
|move|p2a: Zoroark|Focus Blast|p1a: Garganacl
|-supereffective|p1a: Garganacl
|-damage|p1a: Garganacl|30/100
|move|p1a: Garganacl|Salt Cure|p2a: Zoroark
|-damage|p2a: Zoroark|57/100
|-start|p2a: Zoroark|Salt Cure
|
|-heal|p1a: Garganacl|36/100|[from] item: Leftovers
|-damage|p2a: Zoroark|45/100|[from] Salt Cure
|upkeep
|turn|17
|
|t:|1769323349
|move|p1a: Garganacl|Protect|p1a: Garganacl
|-singleturn|p1a: Garganacl|Protect
|move|p2a: Zoroark|Focus Blast|p1a: Garganacl
|-activate|p1a: Garganacl|move: Protect
|
|-heal|p1a: Garganacl|42/100|[from] item: Leftovers
|-damage|p2a: Zoroark|33/100|[from] Salt Cure
|upkeep
|turn|18
|
|t:|1769323353
|switch|p1a: Alomomola|Alomomola, F, shiny|100/100 brn
|-damage|p1a: Alomomola|88/100 brn|[from] Stealth Rock
|move|p2a: Zoroark|Focus Blast|p1a: Alomomola|[miss]
|-miss|p2a: Zoroark|p1a: Alomomola
|
|-damage|p1a: Alomomola|82/100 brn|[from] brn
|-damage|p2a: Zoroark|20/100|[from] Salt Cure
|upkeep
|turn|19
|
|t:|1769323358
|switch|p2a: Mesprit|Mesprit|71/100
|move|p1a: Alomomola|Flip Turn|p2a: Mesprit
|-damage|p2a: Mesprit|65/100
|
|t:|1769323365
|switch|p1a: Iron Moth|Iron Moth, shiny|100/100|[from] Flip Turn
|-damage|p1a: Iron Moth|76/100|[from] Stealth Rock
|
|upkeep
|turn|20
|
|t:|1769323370
|switch|p2a: Alomomola|Alomomola, F|100/100
|move|p1a: Iron Moth|Overheat|p2a: Alomomola
|-resisted|p2a: Alomomola
|-damage|p2a: Alomomola|63/100
|-unboost|p1a: Iron Moth|spa|2
|
|upkeep
|turn|21
|
|t:|1769323379
|-end|p1a: Iron Moth|Quark Drive|[silent]
|switch|p1a: Great Tusk|Great Tusk, shiny|100/100
|move|p2a: Alomomola|Wish|p2a: Alomomola
|
|upkeep
|turn|22
|
|t:|1769323382
|switch|p2a: Thundurus|Thundurus, M|20/100
|move|p1a: Great Tusk|Headlong Rush|p2a: Thundurus
|-crit|p2a: Thundurus
|-damage|p2a: Thundurus|0 fnt
|-unboost|p1a: Great Tusk|def|1
|-unboost|p1a: Great Tusk|spd|1
|replace|p2a: Zoroark|Zoroark-Hisui, F
|-end|p2a: Zoroark|Illusion
|faint|p2a: Zoroark
|
|upkeep
|
|t:|1769323390
|switch|p2a: Thundurus|Thundurus, M|100/100
|turn|23
|
|t:|1769323406
|-end|p1a: Great Tusk|Protosynthesis|[silent]
|switch|p1a: Ogerpon|Ogerpon-Cornerstone, F|5/100
|-damage|p1a: Ogerpon|0 fnt|[from] Stealth Rock
|faint|p1a: Ogerpon
|move|p2a: Thundurus|Tera Blast|p1: Ogerpon|[notarget]
|-fail|p2a: Thundurus
|
|upkeep
|
|t:|1769323411
|switch|p1a: Alomomola|Alomomola, F, shiny|100/100 brn
|-damage|p1a: Alomomola|88/100 brn|[from] Stealth Rock
|turn|24
|
|t:|1769323419
|move|p2a: Thundurus|Volt Switch|p1a: Alomomola
|-supereffective|p1a: Alomomola
|-crit|p1a: Alomomola
|-damage|p1a: Alomomola|40/100 brn
|j| jpegquai
|
|t:|1769323422
|switch|p2a: Alomomola|Alomomola, F|97/100|[from] Volt Switch
|move|p1a: Alomomola|Flip Turn|p2a: Alomomola
|-resisted|p2a: Alomomola
|-damage|p2a: Alomomola|94/100
|
|t:|1769323428
|switch|p1a: Great Tusk|Great Tusk, shiny|100/100|[from] Flip Turn
|
|upkeep
|turn|25
|
|t:|1769323431
|move|p1a: Great Tusk|Rapid Spin|p2a: Alomomola
|-damage|p2a: Alomomola|81/100
|-boost|p1a: Great Tusk|spe|1
|-sideend|p1: ClRCUS MAXIMUS|Stealth Rock|[from] move: Rapid Spin|[of] p1a: Great Tusk
|move|p2a: Alomomola|Scald|p1a: Great Tusk
|-supereffective|p1a: Great Tusk
|-damage|p1a: Great Tusk|67/100
|-status|p1a: Great Tusk|brn
|
|-damage|p1a: Great Tusk|60/100 brn|[from] brn
|upkeep
|turn|26
|
|t:|1769323441
|move|p1a: Great Tusk|Headlong Rush|p2a: Alomomola
|-crit|p2a: Alomomola
|-damage|p2a: Alomomola|42/100
|-unboost|p1a: Great Tusk|def|1
|-unboost|p1a: Great Tusk|spd|1
|move|p2a: Alomomola|Flip Turn|p1a: Great Tusk
|-supereffective|p1a: Great Tusk
|-damage|p1a: Great Tusk|22/100 brn
|
|t:|1769323443
|switch|p2a: Mesprit|Mesprit|65/100|[from] Flip Turn
|
|-damage|p1a: Great Tusk|15/100 brn|[from] brn
|upkeep
|turn|27
|
|t:|1769323459
|-end|p1a: Great Tusk|Protosynthesis|[silent]
|switch|p1a: Iron Moth|Iron Moth, shiny|76/100
|move|p2a: Mesprit|Stealth Rock|p1a: Iron Moth
|-sidestart|p1: ClRCUS MAXIMUS|move: Stealth Rock
|
|upkeep
|turn|28
|
|t:|1769323463
|switch|p2a: Goodra|Goodra-Hisui, M|100/100
|move|p1a: Iron Moth|Sludge Wave|p2a: Goodra
|-immune|p2a: Goodra
|
|upkeep
|turn|29
|
|t:|1769323471
|-end|p1a: Iron Moth|Quark Drive|[silent]
|switch|p1a: Alomomola|Alomomola, F, shiny|73/100 brn
|-damage|p1a: Alomomola|61/100 brn|[from] Stealth Rock
|move|p2a: Goodra|Surf|p1a: Alomomola
|-resisted|p1a: Alomomola
|-damage|p1a: Alomomola|53/100 brn
|
|-damage|p1a: Alomomola|47/100 brn|[from] brn
|upkeep
|turn|30
|
|t:|1769323477
|switch|p2a: Blaziken|Blaziken, M|100/100
|move|p1a: Alomomola|Flip Turn|p2a: Blaziken
|-supereffective|p2a: Blaziken
|-damage|p2a: Blaziken|74/100
|
|t:|1769323480
|switch|p1a: Pecharunt|Pecharunt|100/100|[from] Flip Turn
|
|upkeep
|turn|31
|
|t:|1769323490
|move|p2a: Blaziken|Earthquake|p1a: Pecharunt
|-supereffective|p1a: Pecharunt
|-damage|p1a: Pecharunt|74/100
|move|p1a: Pecharunt|Malignant Chain|p2a: Blaziken
|-damage|p2a: Blaziken|23/100
|-status|p2a: Blaziken|tox
|-start|p2a: Blaziken|confusion|[from] ability: Poison Puppeteer|[of] p1a: Pecharunt
|
|-damage|p2a: Blaziken|17/100 tox|[from] psn
|-ability|p2a: Blaziken|Speed Boost|boost
|-boost|p2a: Blaziken|spe|1
|upkeep
|turn|32
|
|t:|1769323498
|switch|p1a: Alomomola|Alomomola, F, shiny|81/100 brn
|-damage|p1a: Alomomola|68/100 brn|[from] Stealth Rock
|-activate|p2a: Blaziken|confusion
|move|p2a: Blaziken|Overheat|p1a: Alomomola
|-resisted|p1a: Alomomola
|-crit|p1a: Alomomola
|-damage|p1a: Alomomola|43/100 brn
|-unboost|p2a: Blaziken|spa|2
|
|-damage|p2a: Blaziken|5/100 tox|[from] psn
|-damage|p1a: Alomomola|37/100 brn|[from] brn
|-ability|p2a: Blaziken|Speed Boost|boost
|-boost|p2a: Blaziken|spe|1
|upkeep
|turn|33
|
|t:|1769323509
|switch|p2a: Thundurus|Thundurus, M|100/100
|move|p1a: Alomomola|Flip Turn|p2a: Thundurus
|-damage|p2a: Thundurus|91/100
|
|t:|1769323514
|switch|p1a: Garganacl|Garganacl, F, shiny|42/100|[from] Flip Turn
|-damage|p1a: Garganacl|30/100|[from] Stealth Rock
|
|-heal|p1a: Garganacl|36/100|[from] item: Leftovers
|upkeep
|turn|34
|
|t:|1769323517
|move|p1a: Garganacl|Protect|p1a: Garganacl
|-singleturn|p1a: Garganacl|Protect
|move|p2a: Thundurus|Volt Switch|p1a: Garganacl
|-activate|p1a: Garganacl|move: Protect
|
|-heal|p1a: Garganacl|42/100|[from] item: Leftovers
|upkeep
|turn|35
|
|t:|1769323519
|move|p2a: Thundurus|Volt Switch|p1a: Garganacl
|-damage|p1a: Garganacl|21/100
|
|t:|1769323521
|switch|p2a: Mesprit|Mesprit|65/100|[from] Volt Switch
|move|p1a: Garganacl|Recover|p1a: Garganacl
|-heal|p1a: Garganacl|71/100
|
|-heal|p1a: Garganacl|78/100|[from] item: Leftovers
|upkeep
|turn|36
|
|t:|1769323523
|move|p2a: Mesprit|Psychic Noise|p1a: Garganacl
|-damage|p1a: Garganacl|58/100
|-start|p1a: Garganacl|move: Heal Block
|move|p1a: Garganacl|Salt Cure|p2a: Mesprit
|-damage|p2a: Mesprit|56/100
|-start|p2a: Mesprit|Salt Cure
|
|-damage|p2a: Mesprit|44/100|[from] Salt Cure
|upkeep
|turn|37
|
|t:|1769323525
|switch|p2a: Alomomola|Alomomola, F|75/100
|move|p1a: Garganacl|Salt Cure|p2a: Alomomola
|-damage|p2a: Alomomola|65/100
|-start|p2a: Alomomola|Salt Cure
|
|-damage|p2a: Alomomola|40/100|[from] Salt Cure
|-end|p1a: Garganacl|move: Heal Block
|upkeep
|turn|38
|
|t:|1769323530
|move|p2a: Alomomola|Flip Turn|p1a: Garganacl
|-supereffective|p1a: Garganacl
|-damage|p1a: Garganacl|35/100
|
|t:|1769323531
|switch|p2a: Mesprit|Mesprit|44/100|[from] Flip Turn
|move|p1a: Garganacl|Salt Cure|p2a: Mesprit
|-damage|p2a: Mesprit|34/100
|-start|p2a: Mesprit|Salt Cure
|
|-heal|p1a: Garganacl|41/100|[from] item: Leftovers
|-damage|p2a: Mesprit|22/100|[from] Salt Cure
|upkeep
|turn|39
|
|t:|1769323534
|move|p1a: Garganacl|Protect|p1a: Garganacl
|-singleturn|p1a: Garganacl|Protect
|move|p2a: Mesprit|Psychic Noise|p1a: Garganacl
|-activate|p1a: Garganacl|move: Protect
|
|-heal|p1a: Garganacl|47/100|[from] item: Leftovers
|-damage|p2a: Mesprit|9/100|[from] Salt Cure
|upkeep
|turn|40
|
|t:|1769323539
|move|p2a: Mesprit|U-turn|p1a: Garganacl
|-damage|p1a: Garganacl|36/100
|
|t:|1769323540
|switch|p2a: Alomomola|Alomomola, F|74/100|[from] U-turn
|move|p1a: Garganacl|Salt Cure|p2a: Alomomola
|-damage|p2a: Alomomola|63/100
|-start|p2a: Alomomola|Salt Cure
|
|-heal|p1a: Garganacl|43/100|[from] item: Leftovers
|-damage|p2a: Alomomola|38/100|[from] Salt Cure
|upkeep
|turn|41
|
|t:|1769323547
|move|p2a: Alomomola|Flip Turn|p1a: Garganacl
|-supereffective|p1a: Garganacl
|-damage|p1a: Garganacl|20/100
|
|t:|1769323549
|switch|p2a: Goodra|Goodra-Hisui, M|100/100|[from] Flip Turn
|move|p1a: Garganacl|Recover|p1a: Garganacl
|-heal|p1a: Garganacl|70/100
|
|-heal|p1a: Garganacl|76/100|[from] item: Leftovers
|upkeep
|turn|42
|
|t:|1769323551
|move|p1a: Garganacl|Protect|p1a: Garganacl
|-singleturn|p1a: Garganacl|Protect
|move|p2a: Goodra|Knock Off|p1a: Garganacl
|-activate|p1a: Garganacl|move: Protect
|
|-heal|p1a: Garganacl|82/100|[from] item: Leftovers
|upkeep
|turn|43
|inactive|ClRCUS MAXIMUS has 120 seconds left.
|
|t:|1769323585
|switch|p1a: Alomomola|Alomomola, F, shiny|70/100 brn
|-damage|p1a: Alomomola|58/100 brn|[from] Stealth Rock
|-terastallize|p2a: Goodra|Poison
|move|p2a: Goodra|Knock Off|p1a: Alomomola
|-damage|p1a: Alomomola|42/100 brn
|-enditem|p1a: Alomomola|Assault Vest|[from] move: Knock Off|[of] p2a: Goodra
|
|-damage|p1a: Alomomola|36/100 brn|[from] brn
|upkeep
|turn|44
|
|t:|1769323594
|switch|p2a: Alomomola|Alomomola, F|71/100
|move|p1a: Alomomola|Flip Turn|p2a: Alomomola
|-resisted|p2a: Alomomola
|-damage|p2a: Alomomola|68/100
|
|t:|1769323597
|switch|p1a: Great Tusk|Great Tusk, shiny|15/100 brn|[from] Flip Turn
|
|-damage|p1a: Great Tusk|9/100 brn|[from] brn
|upkeep
|turn|45
|
|t:|1769323600
|move|p1a: Great Tusk|Rapid Spin|p2a: Alomomola
|-damage|p2a: Alomomola|61/100
|-boost|p1a: Great Tusk|spe|1
|-sideend|p1: ClRCUS MAXIMUS|Stealth Rock|[from] move: Rapid Spin|[of] p1a: Great Tusk
|move|p2a: Alomomola|Wish|p2a: Alomomola
|
|-damage|p1a: Great Tusk|3/100 brn|[from] brn
|upkeep
|turn|46
|
|t:|1769323606
|move|p1a: Great Tusk|Close Combat|p2a: Alomomola
|-damage|p2a: Alomomola|38/100
|-unboost|p1a: Great Tusk|def|1
|-unboost|p1a: Great Tusk|spd|1
|move|p2a: Alomomola|Flip Turn|p1a: Great Tusk
|-supereffective|p1a: Great Tusk
|-damage|p1a: Great Tusk|0 fnt
|faint|p1a: Great Tusk
|-end|p1a: Great Tusk|Protosynthesis|[silent]
|
|t:|1769323608
|switch|p2a: Mesprit|Mesprit|9/100|[from] Flip Turn
|
|-heal|p2a: Mesprit|83/100|[from] move: Wish|[wisher] Alomomola
|upkeep
|
|t:|1769323611
|switch|p1a: Iron Moth|Iron Moth, shiny|76/100
|turn|47
|
|t:|1769323616
|switch|p2a: Alomomola|Alomomola, F|71/100
|-terastallize|p1a: Iron Moth|Fire
|move|p1a: Iron Moth|Overheat|p2a: Alomomola
|-resisted|p2a: Alomomola
|-crit|p2a: Alomomola
|-damage|p2a: Alomomola|0 fnt
|-unboost|p1a: Iron Moth|spa|2
|faint|p2a: Alomomola
|
|upkeep
|
|t:|1769323618
|switch|p2a: Mesprit|Mesprit|83/100
|turn|48
|
|t:|1769323627
|move|p1a: Iron Moth|Overheat|p2a: Mesprit
|-damage|p2a: Mesprit|20/100
|-unboost|p1a: Iron Moth|spa|2
|move|p2a: Mesprit|Stealth Rock|p1a: Iron Moth
|-sidestart|p1: ClRCUS MAXIMUS|move: Stealth Rock
|
|upkeep
|turn|49
|
|t:|1769323633
|switch|p2a: Thundurus|Thundurus, M|91/100
|move|p1a: Iron Moth|Overheat|p2a: Thundurus
|-damage|p2a: Thundurus|34/100
|-unboost|p1a: Iron Moth|spa|2
|
|upkeep
|turn|50
|
|t:|1769323648
|-end|p1a: Iron Moth|Quark Drive|[silent]
|switch|p1a: Alomomola|Alomomola, F, shiny|69/100 brn
|-damage|p1a: Alomomola|57/100 brn|[from] Stealth Rock
|move|p2a: Thundurus|Volt Switch|p1a: Alomomola
|-supereffective|p1a: Alomomola
|-damage|p1a: Alomomola|12/100 brn
|
|t:|1769323652
|switch|p2a: Mesprit|Mesprit|20/100|[from] Volt Switch
|
|-damage|p1a: Alomomola|6/100 brn|[from] brn
|upkeep
|turn|51
|
|t:|1769323663
|move|p2a: Mesprit|U-turn|p1a: Alomomola
|-damage|p1a: Alomomola|0 fnt
|faint|p1a: Alomomola
|
|t:|1769323666
|switch|p2a: Thundurus|Thundurus, M|34/100|[from] U-turn
|
|upkeep
|
|t:|1769323668
|switch|p1a: Garganacl|Garganacl, F, shiny|82/100
|-damage|p1a: Garganacl|70/100|[from] Stealth Rock
|turn|52
|
|t:|1769323677
|move|p2a: Thundurus|Volt Switch|p1a: Garganacl
|-damage|p1a: Garganacl|50/100
|
|t:|1769323678
|switch|p2a: Blaziken|Blaziken, M|5/100 tox|[from] Volt Switch
|move|p1a: Garganacl|Salt Cure|p2a: Blaziken
|-damage|p2a: Blaziken|0 fnt
|faint|p2a: Blaziken
|
|-heal|p1a: Garganacl|56/100|[from] item: Leftovers
|upkeep
|
|t:|1769323680
|switch|p2a: Goodra|Goodra-Hisui, M, tera:Poison|100/100
|turn|53
|
|t:|1769323692
|move|p2a: Goodra|Surf|p1a: Garganacl
|-supereffective|p1a: Garganacl
|-damage|p1a: Garganacl|19/100
|move|p1a: Garganacl|Recover|p1a: Garganacl
|-heal|p1a: Garganacl|69/100
|
|-heal|p1a: Garganacl|75/100|[from] item: Leftovers
|upkeep
|turn|54
|
|t:|1769323702
|move|p1a: Garganacl|Protect|p1a: Garganacl
|-singleturn|p1a: Garganacl|Protect
|move|p2a: Goodra|Knock Off|p1a: Garganacl
|-activate|p1a: Garganacl|move: Protect
|
|-heal|p1a: Garganacl|81/100|[from] item: Leftovers
|upkeep
|turn|55
|
|t:|1769323706
|move|p2a: Goodra|Knock Off|p1a: Garganacl
|-damage|p1a: Garganacl|67/100
|-enditem|p1a: Garganacl|Leftovers|[from] move: Knock Off|[of] p2a: Goodra
|move|p1a: Garganacl|Salt Cure|p2a: Goodra
|-damage|p2a: Goodra|90/100
|-start|p2a: Goodra|Salt Cure
|
|-damage|p2a: Goodra|78/100|[from] Salt Cure
|upkeep
|turn|56
|
|t:|1769323712
|move|p2a: Goodra|Surf|p1a: Garganacl
|-supereffective|p1a: Garganacl
|-damage|p1a: Garganacl|28/100
|move|p1a: Garganacl|Recover|p1a: Garganacl
|-heal|p1a: Garganacl|78/100
|
|-damage|p2a: Goodra|66/100|[from] Salt Cure
|upkeep
|turn|57
|
|t:|1769323721
|switch|p2a: Mesprit|Mesprit|20/100
|move|p1a: Garganacl|Protect||[still]
|-fail|p1a: Garganacl
|
|upkeep
|turn|58
|
|t:|1769323724
|move|p2a: Mesprit|Psychic Noise|p1a: Garganacl
|-damage|p1a: Garganacl|58/100
|-start|p1a: Garganacl|move: Heal Block
|move|p1a: Garganacl|Salt Cure|p2a: Mesprit
|-damage|p2a: Mesprit|9/100
|-start|p2a: Mesprit|Salt Cure
|
|-damage|p2a: Mesprit|0 fnt|[from] Salt Cure
|faint|p2a: Mesprit
|upkeep
|
|t:|1769323726
|switch|p2a: Goodra|Goodra-Hisui, M, tera:Poison|66/100
|turn|59
|
|t:|1769323728
|move|p1a: Garganacl|Protect|p1a: Garganacl
|-singleturn|p1a: Garganacl|Protect
|move|p2a: Goodra|Surf|p1a: Garganacl
|-activate|p1a: Garganacl|move: Protect
|
|-end|p1a: Garganacl|move: Heal Block
|upkeep
|turn|60
|
|t:|1769323734
|move|p2a: Goodra|Surf|p1a: Garganacl
|-supereffective|p1a: Garganacl
|-damage|p1a: Garganacl|21/100
|move|p1a: Garganacl|Recover|p1a: Garganacl
|-heal|p1a: Garganacl|71/100
|
|upkeep
|turn|61
|
|t:|1769323738
|move|p2a: Goodra|Surf|p1a: Garganacl
|-supereffective|p1a: Garganacl
|-damage|p1a: Garganacl|34/100
|move|p1a: Garganacl|Recover|p1a: Garganacl
|-heal|p1a: Garganacl|84/100
|
|upkeep
|turn|62
|
|t:|1769323760
|move|p2a: Goodra|Surf|p1a: Garganacl
|-supereffective|p1a: Garganacl
|-damage|p1a: Garganacl|51/100
|move|p1a: Garganacl|Salt Cure|p2a: Goodra
|-damage|p2a: Goodra|54/100
|-start|p2a: Goodra|Salt Cure
|
|-damage|p2a: Goodra|41/100|[from] Salt Cure
|upkeep
|turn|63
|
|t:|1769323769
|move|p1a: Garganacl|Protect|p1a: Garganacl
|-singleturn|p1a: Garganacl|Protect
|move|p2a: Goodra|Surf|p1a: Garganacl
|-activate|p1a: Garganacl|move: Protect
|
|-damage|p2a: Goodra|29/100|[from] Salt Cure
|upkeep
|turn|64
|
|t:|1769323772
|move|p2a: Goodra|Surf|p1a: Garganacl
|-supereffective|p1a: Garganacl
|-damage|p1a: Garganacl|13/100
|move|p1a: Garganacl|Recover|p1a: Garganacl
|-heal|p1a: Garganacl|63/100
|
|-damage|p2a: Goodra|17/100|[from] Salt Cure
|upkeep
|turn|65
|
|t:|1769323779
|move|p1a: Garganacl|Protect|p1a: Garganacl
|-singleturn|p1a: Garganacl|Protect
|move|p2a: Goodra|Surf|p1a: Garganacl
|-activate|p1a: Garganacl|move: Protect
|
|-damage|p2a: Goodra|4/100|[from] Salt Cure
|upkeep
|turn|66
|
|t:|1769323786
|move|p2a: Goodra|Surf|p1a: Garganacl
|-supereffective|p1a: Garganacl
|-damage|p1a: Garganacl|27/100
|move|p1a: Garganacl|Recover|p1a: Garganacl
|-heal|p1a: Garganacl|77/100
|
|-damage|p2a: Goodra|0 fnt|[from] Salt Cure
|faint|p2a: Goodra
|upkeep
|-message|spunder_policy forfeited.
|
|win|ClRCUS MAXIMUS
|raw|ClRCUS MAXIMUS's rating: 1878 &rarr; <strong>1895</strong><br />(+17 for winning)
|raw|spunder_policy's rating: 1824 &rarr; <strong>1807</strong><br />(-17 for losing)
|l|☆spunder_policy
|player|p2|
|j| Samurajen
|l|‽ClRCUS MAXIMUS
|player|p1|
|l| jpegquai
