|j|☆bsp1
|j|☆besudo
|t:|1769412493
|gametype|singles
|player|p1|bsp1|266|1791
|player|p2|besudo|dancer|1728
|gen|9
|tier|[Gen 9] OU
|rated|
|rule|HP Percentage Mod: HP is shown in percentages
|rule|Endless Battle Clause: Forcing endless battles is banned
|rule|Species Clause: Limit one of each Pokémon
|rule|OHKO Clause: OHKO moves are banned
|rule|Evasion Items Clause: Evasion items are banned
|rule|Evasion Moves Clause: Evasion moves are banned
|rule|Evasion Abilities Clause: Evasion abilities are banned
|rule|Sleep Moves Clause: Sleep-inducing moves are banned
|clearpoke
|poke|p1|Iron Valiant|
|poke|p1|Landorus-Therian, M|
|poke|p1|Ogerpon-Wellspring, F|
|poke|p1|Glimmora, F|
|poke|p1|Dragapult, F|
|poke|p1|Kingambit, M|
|poke|p2|Regidrago|
|poke|p2|Hatterene, F|
|poke|p2|Corviknight, F|
|poke|p2|Okidogi, M|
|poke|p2|Ting-Lu|
|poke|p2|Ceruledge, F|
|teampreview
|inactive|Battle timer is ON: inactive players will automatically lose when time's up. (requested by besudo)
|
|t:|1769412521
|teamsize|p1|6
|teamsize|p2|6
|start
|switch|p1a: Dragapult|Dragapult, F|100/100
|switch|p2a: Regidrago|Regidrago|100/100
|turn|1
|
|t:|1769412532
|switch|p2a: Hatterene|Hatterene, F, shiny|100/100
|switch|p1a: Iron Valiant|Iron Valiant|100/100
|-enditem|p1a: Iron Valiant|Booster Energy
|-activate|p1a: Iron Valiant|ability: Quark Drive|[fromitem]
|-start|p1a: Iron Valiant|quarkdrivespe
|
|upkeep
|turn|2
|
|t:|1769412537
|-end|p1a: Iron Valiant|Quark Drive|[silent]
|switch|p1a: Kingambit|Kingambit, M|100/100
|move|p2a: Hatterene|Dazzling Gleam|p1a: Kingambit
|-damage|p1a: Kingambit|64/100
|
|-heal|p1a: Kingambit|70/100|[from] item: Leftovers
|upkeep
|turn|3
|
|t:|1769412546
|-end|p1a: Kingambit|fallenundefined|[silent]
|switch|p1a: Glimmora|Glimmora, F|100/100
|switch|p2a: Okidogi|Okidogi, M|100/100
|
|upkeep
|turn|4
|
|t:|1769412555
|switch|p2a: Ting-Lu|Ting-Lu, shiny|100/100
|-ability|p2a: Ting-Lu|Vessel of Ruin
|move|p1a: Glimmora|Earth Power|p2a: Ting-Lu
|-damage|p2a: Ting-Lu|86/100
|-unboost|p2a: Ting-Lu|spd|1
|
|-heal|p2a: Ting-Lu|92/100|[from] item: Leftovers
|upkeep
|turn|5
|
|t:|1769412561
|switch|p1a: Landorus|Landorus-Therian, M|100/100
|-ability|p1a: Landorus|Intimidate|boost
|-unboost|p2a: Ting-Lu|atk|1
|move|p2a: Ting-Lu|Stealth Rock|p1a: Landorus
|-sidestart|p1: bsp1|move: Stealth Rock
|
|-heal|p2a: Ting-Lu|99/100|[from] item: Leftovers
|upkeep
|turn|6
|
|t:|1769412566
|switch|p2a: Hatterene|Hatterene, F, shiny|100/100
|move|p1a: Landorus|U-turn|p2a: Hatterene
|-damage|p2a: Hatterene|79/100
|
|t:|1769412575
|switch|p1a: Dragapult|Dragapult, F|100/100|[from] U-turn
|-damage|p1a: Dragapult|88/100|[from] Stealth Rock
|
|upkeep
|turn|7
|
|t:|1769412579
|switch|p2a: Ting-Lu|Ting-Lu, shiny|99/100
|-ability|p2a: Ting-Lu|Vessel of Ruin
|move|p1a: Dragapult|U-turn|p2a: Ting-Lu
|-supereffective|p2a: Ting-Lu
|-damage|p2a: Ting-Lu|81/100
|
|t:|1769412590
|switch|p1a: Ogerpon|Ogerpon-Wellspring, F|100/100|[from] U-turn
|-damage|p1a: Ogerpon|88/100|[from] Stealth Rock
|
|-heal|p2a: Ting-Lu|87/100|[from] item: Leftovers
|upkeep
|turn|8
|
|t:|1769412593
|switch|p2a: Corviknight|Corviknight, F, shiny|100/100
|-ability|p2a: Corviknight|Pressure
|move|p1a: Ogerpon|Ivy Cudgel|p2a: Corviknight|[anim] Ivy Cudgel Water
|-damage|p2a: Corviknight|66/100
|
|-heal|p2a: Corviknight|73/100|[from] item: Leftovers
|upkeep
|turn|9
|
|t:|1769412600
|switch|p1a: Landorus|Landorus-Therian, M|100/100
|-damage|p1a: Landorus|88/100|[from] Stealth Rock
|-ability|p1a: Landorus|Intimidate|boost
|-unboost|p2a: Corviknight|atk|1
|move|p2a: Corviknight|U-turn|p1a: Landorus
|-resisted|p1a: Landorus
|-damage|p1a: Landorus|83/100
|-damage|p2a: Corviknight|56/100|[from] item: Rocky Helmet|[of] p1a: Landorus
|
|t:|1769412603
|switch|p2a: Regidrago|Regidrago|100/100|[from] U-turn
|
|upkeep
|turn|10
|
|t:|1769412609
|move|p2a: Regidrago|Dragon Energy|p1a: Landorus
|-damage|p1a: Landorus|0 fnt
|faint|p1a: Landorus
|
|upkeep
|
|t:|1769412619
|switch|p1a: Iron Valiant|Iron Valiant|100/100
|-damage|p1a: Iron Valiant|94/100|[from] Stealth Rock
|turn|11
|
|t:|1769412626
|switch|p2a: Hatterene|Hatterene, F, shiny|79/100
|move|p1a: Iron Valiant|Knock Off|p2a: Hatterene
|-damage|p2a: Hatterene|46/100
|-enditem|p2a: Hatterene|Custap Berry|[from] move: Knock Off|[of] p1a: Iron Valiant
|
|upkeep
|turn|12
|
|t:|1769412638
|move|p1a: Iron Valiant|Spirit Break|p2a: Hatterene
|-damage|p2a: Hatterene|5/100
|-unboost|p2a: Hatterene|spa|1
|move|p2a: Hatterene|Future Sight|p1a: Iron Valiant
|-start|p2a: Hatterene|move: Future Sight
|
|upkeep
|turn|13
|
|t:|1769412647
|switch|p2a: Corviknight|Corviknight, F, shiny|56/100
|-ability|p2a: Corviknight|Pressure
|move|p1a: Iron Valiant|Knock Off|p2a: Corviknight
|-crit|p2a: Corviknight
|-damage|p2a: Corviknight|22/100
|-enditem|p2a: Corviknight|Leftovers|[from] move: Knock Off|[of] p1a: Iron Valiant
|
|upkeep
|turn|14
|
|t:|1769412672
|-end|p1a: Iron Valiant|Quark Drive|[silent]
|switch|p1a: Kingambit|Kingambit, M|70/100
|-damage|p1a: Kingambit|64/100|[from] Stealth Rock
|-activate|p1a: Kingambit|ability: Supreme Overlord
|-start|p1a: Kingambit|fallen1|[silent]
|move|p2a: Corviknight|Roost|p2a: Corviknight
|-heal|p2a: Corviknight|72/100
|-singleturn|p2a: Corviknight|move: Roost
|
|-end|p1a: Kingambit|move: Future Sight
|-immune|p1a: Kingambit
|-heal|p1a: Kingambit|70/100|[from] item: Leftovers
|upkeep
|turn|15
|j| Fifo drummer
|
|t:|1769412681
|-end|p1a: Kingambit|fallen1|[silent]
|switch|p1a: Dragapult|Dragapult, F|88/100
|-damage|p1a: Dragapult|76/100|[from] Stealth Rock
|switch|p2a: Okidogi|Okidogi, M|100/100
|
|upkeep
|turn|16
|
|t:|1769412695
|switch|p2a: Hatterene|Hatterene, F, shiny|5/100
|move|p1a: Dragapult|Draco Meteor|p2a: Hatterene
|-immune|p2a: Hatterene
|
|upkeep
|turn|17
|
|t:|1769412705
|switch|p1a: Kingambit|Kingambit, M|70/100
|-damage|p1a: Kingambit|64/100|[from] Stealth Rock
|-activate|p1a: Kingambit|ability: Supreme Overlord
|-start|p1a: Kingambit|fallen1|[silent]
|move|p2a: Hatterene|Future Sight|p1a: Kingambit
|-start|p2a: Hatterene|move: Future Sight
|
|-heal|p1a: Kingambit|70/100|[from] item: Leftovers
|upkeep
|turn|18
|j| quoge gaming
|
|t:|1769412722
|-end|p1a: Kingambit|fallen1|[silent]
|switch|p1a: Dragapult|Dragapult, F|76/100
|-damage|p1a: Dragapult|64/100|[from] Stealth Rock
|switch|p2a: Okidogi|Okidogi, M|100/100
|
|upkeep
|turn|19
|j| tejgr8forev29
|l| quoge gaming
|
|t:|1769412737
|move|p1a: Dragapult|U-turn|p2a: Okidogi
|-resisted|p2a: Okidogi
|-damage|p2a: Okidogi|98/100
|
|t:|1769412740
|switch|p1a: Kingambit|Kingambit, M|70/100|[from] U-turn
|-damage|p1a: Kingambit|64/100|[from] Stealth Rock
|-activate|p1a: Kingambit|ability: Supreme Overlord
|-start|p1a: Kingambit|fallen1|[silent]
|move|p2a: Okidogi|Drain Punch|p1a: Kingambit
|-supereffective|p1a: Kingambit
|-damage|p1a: Kingambit|0 fnt
|-heal|p2a: Okidogi|100/100|[from] drain|[of] p1a: Kingambit
|faint|p1a: Kingambit
|-end|p1a: Kingambit|fallen1|[silent]
|
|-hint|Future Sight did not hit because the target is fainted.
|upkeep
|
|t:|1769412749
|switch|p1a: Dragapult|Dragapult, F|64/100
|-damage|p1a: Dragapult|51/100|[from] Stealth Rock
|turn|20
|
|t:|1769412752
|switch|p2a: Hatterene|Hatterene, F, shiny|5/100
|move|p1a: Dragapult|Shadow Ball|p2a: Hatterene
|-supereffective|p2a: Hatterene
|-damage|p2a: Hatterene|0 fnt
|faint|p2a: Hatterene
|
|upkeep
|
|t:|1769412767
|switch|p2a: Regidrago|Regidrago|100/100
|turn|21
|
|t:|1769412772
|switch|p1a: Iron Valiant|Iron Valiant|94/100
|-damage|p1a: Iron Valiant|88/100|[from] Stealth Rock
|move|p2a: Regidrago|Earth Power|p1a: Iron Valiant
|-damage|p1a: Iron Valiant|44/100
|
|upkeep
|turn|22
|
|t:|1769412789
|-end|p1a: Iron Valiant|Quark Drive|[silent]
|switch|p1a: Ogerpon|Ogerpon-Wellspring, F|88/100
|-damage|p1a: Ogerpon|76/100|[from] Stealth Rock
|move|p2a: Regidrago|Earth Power|p1a: Ogerpon
|-resisted|p1a: Ogerpon
|-damage|p1a: Ogerpon|60/100
|
|upkeep
|turn|23
|
|t:|1769412796
|switch|p2a: Corviknight|Corviknight, F, shiny|72/100
|-ability|p2a: Corviknight|Pressure
|move|p1a: Ogerpon|Ivy Cudgel|p2a: Corviknight|[anim] Ivy Cudgel Water
|-damage|p2a: Corviknight|33/100
|
|upkeep
|turn|24
|
|t:|1769412803
|move|p1a: Ogerpon|Ivy Cudgel|p2a: Corviknight|[anim] Ivy Cudgel Water
|-damage|p2a: Corviknight|0 fnt
|faint|p2a: Corviknight
|
|upkeep
|
|t:|1769412804
|switch|p2a: Regidrago|Regidrago|100/100
|turn|25
|
|t:|1769412811
|switch|p1a: Iron Valiant|Iron Valiant|44/100
|-damage|p1a: Iron Valiant|38/100|[from] Stealth Rock
|move|p2a: Regidrago|Dragon Energy|p1a: Iron Valiant
|-immune|p1a: Iron Valiant
|
|upkeep
|turn|26
|
|t:|1769412822
|switch|p2a: Ceruledge|Ceruledge, F|100/100
|move|p1a: Iron Valiant|Knock Off|p2a: Ceruledge
|-supereffective|p2a: Ceruledge
|-damage|p2a: Ceruledge|16/100
|-ability|p2a: Ceruledge|Weak Armor|boost
|-unboost|p2a: Ceruledge|def|1
|-boost|p2a: Ceruledge|spe|2
|-enditem|p2a: Ceruledge|Life Orb|[from] move: Knock Off|[of] p1a: Iron Valiant
|
|upkeep
|turn|27
|
|t:|1769412852
|-end|p1a: Iron Valiant|Quark Drive|[silent]
|switch|p1a: Ogerpon|Ogerpon-Wellspring, F|60/100
|-damage|p1a: Ogerpon|48/100|[from] Stealth Rock
|move|p2a: Ceruledge|Bitter Blade|p1a: Ogerpon
|-damage|p1a: Ogerpon|0 fnt
|-heal|p2a: Ceruledge|37/100|[from] drain|[of] p1a: Ogerpon
|faint|p1a: Ogerpon
|
|upkeep
|
|t:|1769412858
|switch|p1a: Glimmora|Glimmora, F|100/100
|-damage|p1a: Glimmora|88/100|[from] Stealth Rock
|turn|28
|
|t:|1769412872
|move|p2a: Ceruledge|Poltergeist|p1a: Glimmora
|-activate|p1a: Glimmora|move: Poltergeist|Power Herb
|-damage|p1a: Glimmora|13/100
|-activate|p1a: Glimmora|ability: Toxic Debris
|-sidestart|p2: besudo|move: Toxic Spikes
|move|p1a: Glimmora|Earth Power|p2a: Ceruledge
|-supereffective|p2a: Ceruledge
|-damage|p2a: Ceruledge|0 fnt
|faint|p2a: Ceruledge
|
|upkeep
|
|t:|1769412877
|switch|p2a: Regidrago|Regidrago|100/100
|-status|p2a: Regidrago|psn
|turn|29
|
|t:|1769412891
|move|p2a: Regidrago|Earth Power|p1a: Glimmora
|-supereffective|p1a: Glimmora
|-damage|p1a: Glimmora|0 fnt
|faint|p1a: Glimmora
|
|-damage|p2a: Regidrago|88/100 psn|[from] psn
|upkeep
|
|t:|1769412895
|switch|p1a: Dragapult|Dragapult, F|51/100
|-damage|p1a: Dragapult|39/100|[from] Stealth Rock
|turn|30
|inactive|bsp1 has 120 seconds left.
|
|t:|1769412921
|switch|p2a: Okidogi|Okidogi, M|100/100
|-sideend|p2: besudo|move: Toxic Spikes|[of] p2a: Okidogi
|move|p1a: Dragapult|Draco Meteor|p2a: Okidogi
|-damage|p2a: Okidogi|10/100
|-unboost|p1a: Dragapult|spa|2
|
|-heal|p2a: Okidogi|16/100|[from] item: Leftovers
|upkeep
|turn|31
|
|t:|1769412928
|switch|p1a: Iron Valiant|Iron Valiant|38/100
|-damage|p1a: Iron Valiant|32/100|[from] Stealth Rock
|switch|p2a: Ting-Lu|Ting-Lu, shiny|87/100
|-ability|p2a: Ting-Lu|Vessel of Ruin
|
|-heal|p2a: Ting-Lu|93/100|[from] item: Leftovers
|upkeep
|turn|32
|
|t:|1769412934
|-terastallize|p2a: Ting-Lu|Water
|move|p1a: Iron Valiant|Spirit Break|p2a: Ting-Lu
|-damage|p2a: Ting-Lu|72/100
|-unboost|p2a: Ting-Lu|spa|1
|move|p2a: Ting-Lu|Earthquake|p1a: Iron Valiant
|-damage|p1a: Iron Valiant|0 fnt
|faint|p1a: Iron Valiant
|-end|p1a: Iron Valiant|Quark Drive|[silent]
|
|-heal|p2a: Ting-Lu|78/100|[from] item: Leftovers
|upkeep
|
|t:|1769412938
|switch|p1a: Dragapult|Dragapult, F|39/100
|-damage|p1a: Dragapult|27/100|[from] Stealth Rock
|turn|33
|
|t:|1769412941
|switch|p2a: Okidogi|Okidogi, M|16/100
|-terastallize|p1a: Dragapult|Ghost
|move|p1a: Dragapult|Shadow Ball|p2a: Okidogi
|-damage|p2a: Okidogi|0 fnt
|faint|p2a: Okidogi
|
|upkeep
|
|t:|1769412943
|switch|p2a: Regidrago|Regidrago|88/100 psn
|turn|34
|
|t:|1769412945
|move|p2a: Regidrago|Dragon Energy|p1a: Dragapult
|-damage|p1a: Dragapult|0 fnt
|faint|p1a: Dragapult
|
|win|besudo
|raw|bsp1's rating: 1791 &rarr; <strong>1767</strong><br />(-24 for losing)
|raw|besudo's rating: 1728 &rarr; <strong>1752</strong><br />(+24 for winning)
|l|☆bsp1
|player|p1|
|l|☆besudo
|player|p2|
|l| Fifo drummer
