|j|☆slave of society
|j|☆ikun ngm
|t:|1769321604
|gametype|singles
|player|p1|slave of society|shadowtriad|1206
|player|p2|ikun ngm|swimmer-gen4|1225
|gen|9
|tier|[Gen 9] OU
|rated|
|rule|HP Percentage Mod: HP is shown in percentages
|rule|Endless Battle Clause: Forcing endless battles is banned
|rule|Species Clause: Limit one of each Pokémon
|rule|OHKO Clause: OHKO moves are banned
|rule|Evasion Items Clause: Evasion items are banned
|rule|Evasion Moves Clause: Evasion moves are banned
|rule|Evasion Abilities Clause: Evasion abilities are banned
|rule|Sleep Moves Clause: Sleep-inducing moves are banned
|clearpoke
|poke|p1|Dragonite, M|
|poke|p1|Ting-Lu|
|poke|p1|Iron Moth|
|poke|p1|Iron Valiant|
|poke|p1|Kyurem|
|poke|p1|Gholdengo|
|poke|p2|Staraptor, M|
|poke|p2|Araquanid, F|
|poke|p2|Gholdengo|
|poke|p2|Zapdos-Galar|
|poke|p2|Articuno-Galar|
|poke|p2|Moltres-Galar|
|teampreview
|inactive|Battle timer is ON: inactive players will automatically lose when time's up. (requested by ikun ngm)
|inactive|slave of society has 120 seconds left.
|
|t:|1769321692
|teamsize|p1|6
|teamsize|p2|6
|start
|switch|p1a: Kyurem|Kyurem|100/100
|switch|p2a: Araquanid|Araquanid, F|100/100
|-ability|p1a: Kyurem|Pressure
|turn|1
|
|t:|1769321696
|move|p1a: Kyurem|Dragon Dance|p1a: Kyurem
|-boost|p1a: Kyurem|atk|1
|-boost|p1a: Kyurem|spe|1
|move|p2a: Araquanid|Sticky Web|p1a: Kyurem
|-sidestart|p1: slave of society|move: Sticky Web
|
|upkeep
|turn|2
|
|t:|1769321708
|move|p1a: Kyurem|Scale Shot|p2a: Araquanid|[miss]
|-miss|p1a: Kyurem|p2a: Araquanid
|move|p2a: Araquanid|Liquidation|p1a: Kyurem
|-resisted|p1a: Kyurem
|-damage|p1a: Kyurem|77/100
|
|upkeep
|turn|3
|
|t:|1769321718
|switch|p2a: Gholdengo|Gholdengo|100/100
|move|p1a: Kyurem|Scale Shot|p2a: Gholdengo
|-resisted|p2a: Gholdengo
|-damage|p2a: Gholdengo|90/100
|-resisted|p2a: Gholdengo
|-damage|p2a: Gholdengo|81/100
|-resisted|p2a: Gholdengo
|-damage|p2a: Gholdengo|71/100
|-resisted|p2a: Gholdengo
|-damage|p2a: Gholdengo|61/100
|-hitcount|p2a: Gholdengo|4
|-enditem|p2a: Gholdengo|Red Card|[of] p1a: Kyurem
|-unboost|p1a: Kyurem|def|1
|-boost|p1a: Kyurem|spe|1
|drag|p1a: Dragonite|Dragonite, M|100/100
|
|upkeep
|turn|4
|inactive|slave of society has 120 seconds left.
|
|t:|1769321748
|move|p1a: Dragonite|Dragon Dance|p1a: Dragonite
|-boost|p1a: Dragonite|atk|1
|-boost|p1a: Dragonite|spe|1
|move|p2a: Gholdengo|Shadow Ball|p1a: Dragonite
|-damage|p1a: Dragonite|82/100
|
|upkeep
|turn|5
|
|t:|1769321752
|switch|p2a: Araquanid|Araquanid, F|100/100
|move|p1a: Dragonite|Earthquake|p2a: Araquanid
|-resisted|p2a: Araquanid
|-damage|p2a: Araquanid|79/100
|
|upkeep
|turn|6
|
|t:|1769321763
|move|p1a: Dragonite|Dragon Dance|p1a: Dragonite
|-boost|p1a: Dragonite|atk|1
|-boost|p1a: Dragonite|spe|1
|move|p2a: Araquanid|Liquidation|p1a: Dragonite
|-resisted|p1a: Dragonite
|-damage|p1a: Dragonite|56/100
|
|upkeep
|turn|7
|
|t:|1769321768
|move|p1a: Dragonite|Extreme Speed|p2a: Araquanid
|-damage|p2a: Araquanid|32/100
|move|p2a: Araquanid|Liquidation|p1a: Dragonite
|-resisted|p1a: Dragonite
|-damage|p1a: Dragonite|28/100
|
|upkeep
|turn|8
|
|t:|1769321778
|switch|p2a: Gholdengo|Gholdengo|61/100
|move|p1a: Dragonite|Extreme Speed|p2a: Gholdengo
|-immune|p2a: Gholdengo
|
|upkeep
|turn|9
|
|t:|1769321804
|switch|p2a: Araquanid|Araquanid, F|32/100
|move|p1a: Dragonite|Earthquake|p2a: Araquanid
|-resisted|p2a: Araquanid
|-damage|p2a: Araquanid|3/100
|
|upkeep
|turn|10
|-enditem|p2a: Araquanid|Custap Berry|[eat]
|-activate|p2a: Araquanid|item: Custap Berry|[consumed]
|
|t:|1769321810
|move|p2a: Araquanid|Liquidation|p1a: Dragonite
|-resisted|p1a: Dragonite
|-damage|p1a: Dragonite|0 fnt
|faint|p1a: Dragonite
|
|upkeep
|inactive|slave of society has 120 seconds left.
|
|t:|1769321833
|switch|p1a: Kyurem|Kyurem|77/100
|-activate|p1a: Kyurem|move: Sticky Web
|-unboost|p1a: Kyurem|spe|1
|-ability|p1a: Kyurem|Pressure
|turn|11
|
|t:|1769321836
|move|p1a: Kyurem|Dragon Dance|p1a: Kyurem
|-boost|p1a: Kyurem|atk|1
|-boost|p1a: Kyurem|spe|1
|move|p2a: Araquanid|Endeavor|p1a: Kyurem
|-damage|p1a: Kyurem|3/100
|
|upkeep
|turn|12
|
|t:|1769321840
|move|p1a: Kyurem|Scale Shot|p2a: Araquanid|[miss]
|-miss|p1a: Kyurem|p2a: Araquanid
|move|p2a: Araquanid|Liquidation|p1a: Kyurem
|-resisted|p1a: Kyurem
|-damage|p1a: Kyurem|0 fnt
|faint|p1a: Kyurem
|
|upkeep
|c|☆ikun ngm|.......
|
|t:|1769321847
|switch|p1a: Gholdengo|Gholdengo|100/100
|-activate|p1a: Gholdengo|move: Sticky Web
|-unboost|p1a: Gholdengo|spe|1
|turn|13
|
|t:|1769321850
|move|p1a: Gholdengo|Shadow Ball|p2a: Araquanid
|-damage|p2a: Araquanid|0 fnt
|faint|p2a: Araquanid
|
|upkeep
|
|t:|1769321856
|switch|p2a: Zapdos|Zapdos-Galar|100/100
|turn|14
|
|t:|1769321884
|switch|p1a: Ting-Lu|Ting-Lu|100/100
|-activate|p1a: Ting-Lu|move: Sticky Web
|-unboost|p1a: Ting-Lu|spe|1
|-ability|p1a: Ting-Lu|Vessel of Ruin
|move|p2a: Zapdos|Knock Off|p1a: Ting-Lu
|-resisted|p1a: Ting-Lu
|-damage|p1a: Ting-Lu|86/100
|-damage|p2a: Zapdos|84/100|[from] item: Rocky Helmet|[of] p1a: Ting-Lu
|-enditem|p1a: Ting-Lu|Rocky Helmet|[from] move: Knock Off|[of] p2a: Zapdos
|
|upkeep
|turn|15
|
|t:|1769321890
|switch|p2a: Staraptor|Staraptor, M|100/100
|move|p1a: Ting-Lu|Ruination|p2a: Staraptor
|-damage|p2a: Staraptor|51/100
|
|upkeep
|turn|16
|
|t:|1769321895
|move|p2a: Staraptor|Brave Bird|p1a: Ting-Lu
|-damage|p1a: Ting-Lu|25/100
|-damage|p2a: Staraptor|19/100|[from] Recoil
|move|p1a: Ting-Lu|Taunt|p2a: Staraptor
|-start|p2a: Staraptor|move: Taunt
|
|upkeep
|turn|17
|inactive|slave of society has 120 seconds left.
|
|t:|1769321931
|move|p2a: Staraptor|Brave Bird|p1a: Ting-Lu
|-damage|p1a: Ting-Lu|0 fnt
|faint|p1a: Ting-Lu
|-damage|p2a: Staraptor|6/100|[from] Recoil
|
|upkeep
|
|t:|1769321936
|switch|p1a: Iron Valiant|Iron Valiant|100/100
|-activate|p1a: Iron Valiant|move: Sticky Web
|-unboost|p1a: Iron Valiant|spe|1
|-enditem|p1a: Iron Valiant|Booster Energy
|-activate|p1a: Iron Valiant|ability: Quark Drive|[fromitem]
|-start|p1a: Iron Valiant|quarkdriveatk
|turn|18
|
|t:|1769321941
|move|p2a: Staraptor|Brave Bird|p1a: Iron Valiant
|-supereffective|p1a: Iron Valiant
|-damage|p1a: Iron Valiant|0 fnt
|faint|p1a: Iron Valiant
|-end|p1a: Iron Valiant|Quark Drive|[silent]
|-damage|p2a: Staraptor|0 fnt|[from] Recoil
|faint|p2a: Staraptor
|
|upkeep
|
|t:|1769321950
|switch|p1a: Gholdengo|Gholdengo|100/100
|switch|p2a: Gholdengo|Gholdengo|61/100
|-activate|p1a: Gholdengo|move: Sticky Web
|-unboost|p1a: Gholdengo|spe|1
|turn|19
|
|t:|1769321963
|move|p1a: Gholdengo|Shadow Ball|p2a: Gholdengo
|-supereffective|p2a: Gholdengo
|-damage|p2a: Gholdengo|0 fnt
|faint|p2a: Gholdengo
|
|upkeep
|
|t:|1769321966
|switch|p2a: Moltres|Moltres-Galar|100/100
|turn|20
|inactive|slave of society has 120 seconds left.
|
|t:|1769322003
|move|p1a: Gholdengo|Shadow Ball|p2a: Moltres
|-resisted|p2a: Moltres
|-damage|p2a: Moltres|84/100
|move|p2a: Moltres|Agility|p2a: Moltres
|-boost|p2a: Moltres|spe|2
|
|upkeep
|turn|21
|
|t:|1769322007
|move|p2a: Moltres|Nasty Plot|p2a: Moltres
|-boost|p2a: Moltres|spa|2
|move|p1a: Gholdengo|Shadow Ball|p2a: Moltres
|-resisted|p2a: Moltres
|-damage|p2a: Moltres|66/100
|
|upkeep
|turn|22
|
|t:|1769322012
|move|p2a: Moltres|Fiery Wrath|p1a: Gholdengo
|-supereffective|p1a: Gholdengo
|-damage|p1a: Gholdengo|0 fnt
|faint|p1a: Gholdengo
|
|upkeep
|
|t:|1769322014
|switch|p1a: Iron Moth|Iron Moth|100/100
|-activate|p1a: Iron Moth|move: Sticky Web
|-unboost|p1a: Iron Moth|spe|1
|-enditem|p1a: Iron Moth|Booster Energy
|-activate|p1a: Iron Moth|ability: Quark Drive|[fromitem]
|-start|p1a: Iron Moth|quarkdrivespa
|turn|23
|
|t:|1769322020
|move|p2a: Moltres|Fiery Wrath|p1a: Iron Moth
|-damage|p1a: Iron Moth|24/100
|move|p1a: Iron Moth|Dazzling Gleam|p2a: Moltres
|-supereffective|p2a: Moltres
|-damage|p2a: Moltres|8/100
|-ability|p2a: Moltres|Berserk|boost
|-boost|p2a: Moltres|spa|1
|-enditem|p2a: Moltres|Sitrus Berry|[eat]
|-heal|p2a: Moltres|33/100|[from] item: Sitrus Berry
|
|upkeep
|turn|24
|
|t:|1769322025
|-terastallize|p1a: Iron Moth|Ghost
|move|p2a: Moltres|Fiery Wrath|p1a: Iron Moth
|-supereffective|p1a: Iron Moth
|-crit|p1a: Iron Moth
|-damage|p1a: Iron Moth|0 fnt
|faint|p1a: Iron Moth
|-end|p1a: Iron Moth|Quark Drive|[silent]
|
|win|ikun ngm
|raw|slave of society's rating: 1206 &rarr; <strong>1182</strong><br />(-24 for losing)
|raw|ikun ngm's rating: 1225 &rarr; <strong>1249</strong><br />(+24 for winning)
|l|☆slave of society
|player|p1|
|l|☆ikun ngm
|player|p2|
