|j|☆swoaj
|j|☆caelumxz
|t:|1769424991
|gametype|singles
|player|p1|swoaj|cynthia|1436
|player|p2|caelumxz|102|1413
|gen|9
|tier|[Gen 9] OU
|rated|
|rule|HP Percentage Mod: HP is shown in percentages
|rule|Endless Battle Clause: Forcing endless battles is banned
|rule|Species Clause: Limit one of each Pokémon
|rule|OHKO Clause: OHKO moves are banned
|rule|Evasion Items Clause: Evasion items are banned
|rule|Evasion Moves Clause: Evasion moves are banned
|rule|Evasion Abilities Clause: Evasion abilities are banned
|rule|Sleep Moves Clause: Sleep-inducing moves are banned
|clearpoke
|poke|p1|Ninetales-Alola, M|
|poke|p1|Dragonite, M|
|poke|p1|Gholdengo|
|poke|p1|Eiscue, F|
|poke|p1|Slowking-Galar, F|
|poke|p1|Deoxys-Speed|
|poke|p2|Garganacl, M|
|poke|p2|Great Tusk|
|poke|p2|Rillaboom, M|
|poke|p2|Gholdengo|
|poke|p2|Kingambit, F|
|poke|p2|Slowking-Galar, M|
|teampreview
|l|☆swoaj
|player|p1|
|inactive|Battle timer is ON: inactive players will automatically lose when time's up. (requested by caelumxz)
|j|☆swoaj
|inactive|swoaj reconnected and has 145 seconds left.
|player|p1|swoaj|cynthia|
|
|t:|1769425025
|teamsize|p1|6
|teamsize|p2|6
|start
|switch|p1a: 宇宙第一快|Deoxys-Speed|100/100
|switch|p2a: Kingambit|Kingambit, F|100/100
|-ability|p1a: 宇宙第一快|Pressure
|turn|1
|
|t:|1769425036
|move|p2a: Kingambit|Sucker Punch|p1a: 宇宙第一快
|-supereffective|p1a: 宇宙第一快
|-damage|p1a: 宇宙第一快|0 fnt
|faint|p1a: 宇宙第一快
|
|upkeep
|
|t:|1769425049
|switch|p1a: Dragonite|Dragonite, M|100/100
|turn|2
|
|t:|1769425075
|-end|p2a: Kingambit|fallenundefined|[silent]
|switch|p2a: Great Tusk|Great Tusk|100/100
|-enditem|p2a: Great Tusk|Booster Energy
|-activate|p2a: Great Tusk|ability: Protosynthesis|[fromitem]
|-start|p2a: Great Tusk|protosynthesisatk
|move|p1a: Dragonite|Dragon Dance|p1a: Dragonite
|-boost|p1a: Dragonite|atk|1
|-boost|p1a: Dragonite|spe|1
|
|upkeep
|turn|3
|
|t:|1769425091
|move|p1a: Dragonite|Ice Spinner|p2a: Great Tusk
|-supereffective|p2a: Great Tusk
|-damage|p2a: Great Tusk|28/100
|move|p2a: Great Tusk|Rapid Spin|p1a: Dragonite
|-damage|p1a: Dragonite|88/100
|-boost|p2a: Great Tusk|spe|1
|
|upkeep
|turn|4
|
|t:|1769425102
|switch|p1a: Gholdengo|Gholdengo|100/100
|move|p2a: Great Tusk|Ice Spinner|p1a: Gholdengo
|-resisted|p1a: Gholdengo
|-damage|p1a: Gholdengo|80/100
|
|upkeep
|turn|5
|l|☆swoaj
|inactive|swoaj disconnected and has a minute to reconnect!
|player|p1|
|j|☆swoaj
|inactive|swoaj reconnected and has 130 seconds left.
|player|p1|swoaj|cynthia|
|inactive|swoaj has 120 seconds left.
|
|t:|1769425128
|move|p2a: Great Tusk|Headlong Rush|p1a: Gholdengo
|-supereffective|p1a: Gholdengo
|-damage|p1a: Gholdengo|0 fnt
|-unboost|p2a: Great Tusk|def|1
|-unboost|p2a: Great Tusk|spd|1
|faint|p1a: Gholdengo
|
|upkeep
|inactive|swoaj has 120 seconds left.
|
|t:|1769425141
|switch|p1a: Eiscue|Eiscue, F|100/100
|turn|6
|inactive|swoaj has 120 seconds left.
|
|t:|1769425165
|move|p2a: Great Tusk|Headlong Rush|p1a: Eiscue
|-activate|p1a: Eiscue|ability: Ice Face
|-damage|p1a: Eiscue|100/100
|-unboost|p2a: Great Tusk|def|1
|-unboost|p2a: Great Tusk|spd|1
|detailschange|p1a: Eiscue|Eiscue-Noice, F
|move|p1a: Eiscue|Ice Spinner|p2a: Great Tusk
|-supereffective|p2a: Great Tusk
|-damage|p2a: Great Tusk|0 fnt
|faint|p2a: Great Tusk
|-end|p2a: Great Tusk|Protosynthesis|[silent]
|
|upkeep
|
|t:|1769425170
|switch|p2a: Gholdengo|Gholdengo|100/100
|turn|7
|
|t:|1769425175
|switch|p1a: Slowking|Slowking-Galar, F|100/100
|move|p2a: Gholdengo|Make It Rain|p1a: Slowking
|-damage|p1a: Slowking|63/100
|-unboost|p2a: Gholdengo|spa|1
|
|-heal|p1a: Slowking|69/100|[from] item: Black Sludge
|upkeep
|turn|8
|
|t:|1769425184
|switch|p2a: Garganacl|Garganacl, M|100/100
|-prepare|p1a: Slowking|Chilly Reception|[premajor]
|move|p1a: Slowking|Chilly Reception|p1a: Slowking
|-weather|Snowscape
|
|t:|1769425189
|switch|p1a: Ninetales|Ninetales-Alola, M|100/100|[from] Chilly Reception
|
|-weather|Snowscape|[upkeep]
|upkeep
|turn|9
|
|t:|1769425193
|move|p1a: Ninetales|Aurora Veil|p1a: Ninetales
|-sidestart|p1: swoaj|move: Aurora Veil
|move|p2a: Garganacl|Salt Cure|p1a: Ninetales
|-supereffective|p1a: Ninetales
|-damage|p1a: Ninetales|86/100
|-start|p1a: Ninetales|Salt Cure
|
|-weather|Snowscape|[upkeep]
|-damage|p1a: Ninetales|73/100|[from] Salt Cure
|upkeep
|turn|10
|
|t:|1769425200
|move|p1a: Ninetales|Blizzard|p2a: Garganacl
|-damage|p2a: Garganacl|65/100
|move|p2a: Garganacl|Stealth Rock|p1a: Ninetales
|-sidestart|p1: swoaj|move: Stealth Rock
|
|-weather|Snowscape|[upkeep]
|-heal|p2a: Garganacl|71/100|[from] item: Leftovers
|-damage|p1a: Ninetales|61/100|[from] Salt Cure
|upkeep
|turn|11
|
|t:|1769425208
|move|p1a: Ninetales|Encore|p2a: Garganacl
|-start|p2a: Garganacl|Encore
|move|p2a: Garganacl|Stealth Rock||[still]
|-fail|p2a: Garganacl
|
|-weather|Snowscape|[upkeep]
|-heal|p2a: Garganacl|77/100|[from] item: Leftovers
|-damage|p1a: Ninetales|49/100|[from] Salt Cure
|upkeep
|turn|12
|
|t:|1769425221
|switch|p1a: Dragonite|Dragonite, M|88/100
|switch|p2a: Slowking|Slowking-Galar, M|100/100
|
|-weather|none
|upkeep
|turn|13
|
|t:|1769425230
|switch|p2a: Rillaboom|Rillaboom, M|100/100
|-fieldstart|move: Grassy Terrain|[from] ability: Grassy Surge|[of] p2a: Rillaboom
|move|p1a: Dragonite|Earthquake|p2a: Rillaboom
|-resisted|p2a: Rillaboom
|-damage|p2a: Rillaboom|89/100
|
|-heal|p2a: Rillaboom|96/100|[from] Grassy Terrain
|upkeep
|turn|14
|
|t:|1769425244
|move|p2a: Rillaboom|Brick Break|p1a: Dragonite
|-sideend|p1: swoaj|move: Aurora Veil
|-resisted|p1a: Dragonite
|-damage|p1a: Dragonite|69/100
|-damage|p2a: Rillaboom|86/100|[from] item: Life Orb
|move|p1a: Dragonite|Dragon Dance|p1a: Dragonite
|-boost|p1a: Dragonite|atk|1
|-boost|p1a: Dragonite|spe|1
|
|-heal|p2a: Rillaboom|92/100|[from] Grassy Terrain
|upkeep
|turn|15
|
|t:|1769425250
|move|p1a: Dragonite|Dragon Dance|p1a: Dragonite
|-boost|p1a: Dragonite|atk|1
|-boost|p1a: Dragonite|spe|1
|move|p2a: Rillaboom|Knock Off|p1a: Dragonite
|-damage|p1a: Dragonite|22/100
|-enditem|p1a: Dragonite|Heavy-Duty Boots|[from] move: Knock Off|[of] p2a: Rillaboom
|-damage|p2a: Rillaboom|82/100|[from] item: Life Orb
|
|-heal|p2a: Rillaboom|88/100|[from] Grassy Terrain
|upkeep
|turn|16
|
|t:|1769425262
|move|p2a: Rillaboom|Grassy Glide|p1a: Dragonite
|-resisted|p1a: Dragonite
|-damage|p1a: Dragonite|9/100
|-damage|p2a: Rillaboom|78/100|[from] item: Life Orb
|move|p1a: Dragonite|Ice Spinner|p2a: Rillaboom
|-supereffective|p2a: Rillaboom
|-damage|p2a: Rillaboom|0 fnt
|-fieldend|move: Grassy Terrain
|faint|p2a: Rillaboom
|
|upkeep
|
|t:|1769425276
|switch|p2a: Garganacl|Garganacl, M|77/100
|turn|17
|
|t:|1769425283
|-terastallize|p2a: Garganacl|Ghost
|move|p1a: Dragonite|Earthquake|p2a: Garganacl
|-damage|p2a: Garganacl|37/100
|move|p2a: Garganacl|Salt Cure|p1a: Dragonite
|-supereffective|p1a: Dragonite
|-damage|p1a: Dragonite|0 fnt
|faint|p1a: Dragonite
|
|-heal|p2a: Garganacl|44/100|[from] item: Leftovers
|upkeep
|
|t:|1769425290
|switch|p1a: Ninetales|Ninetales-Alola, M|49/100
|-damage|p1a: Ninetales|24/100|[from] Stealth Rock
|-weather|Snowscape|[from] ability: Snow Warning|[of] p1a: Ninetales
|turn|18
|
|t:|1769425303
|move|p1a: Ninetales|Aurora Veil|p1a: Ninetales
|-sidestart|p1: swoaj|move: Aurora Veil
|move|p2a: Garganacl|Salt Cure|p1a: Ninetales
|-supereffective|p1a: Ninetales
|-damage|p1a: Ninetales|9/100
|-start|p1a: Ninetales|Salt Cure
|
|-weather|Snowscape|[upkeep]
|-heal|p2a: Garganacl|50/100|[from] item: Leftovers
|-damage|p1a: Ninetales|0 fnt|[from] Salt Cure
|faint|p1a: Ninetales
|upkeep
|
|t:|1769425305
|switch|p1a: Eiscue|Eiscue-Noice, F|100/100
|-damage|p1a: Eiscue|76/100|[from] Stealth Rock
|-activate|p1a: Eiscue|ability: Ice Face
|detailschange|p1a: Eiscue|Eiscue, F
|turn|19
|
|t:|1769425315
|move|p1a: Eiscue|Belly Drum|p1a: Eiscue
|-damage|p1a: Eiscue|26/100
|-setboost|p1a: Eiscue|atk|6|[from] move: Belly Drum
|move|p2a: Garganacl|Salt Cure|p1a: Eiscue
|-activate|p1a: Eiscue|ability: Ice Face
|-damage|p1a: Eiscue|26/100
|-start|p1a: Eiscue|Salt Cure
|detailschange|p1a: Eiscue|Eiscue-Noice, F
|
|-weather|Snowscape|[upkeep]
|-heal|p2a: Garganacl|56/100|[from] item: Leftovers
|-damage|p1a: Eiscue|14/100|[from] Salt Cure
|upkeep
|-enditem|p1a: Eiscue|Salac Berry|[eat]
|-boost|p1a: Eiscue|spe|1|[from] item: Salac Berry
|turn|20
|
|t:|1769425324
|switch|p2a: Slowking|Slowking-Galar, M|100/100
|move|p1a: Eiscue|Ice Spinner|p2a: Slowking
|-damage|p2a: Slowking|0 fnt
|faint|p2a: Slowking
|
|-weather|Snowscape|[upkeep]
|-damage|p1a: Eiscue|1/100|[from] Salt Cure
|upkeep
|
|t:|1769425334
|switch|p2a: Garganacl|Garganacl, M, tera:Ghost|56/100
|turn|21
|
|t:|1769425339
|move|p1a: Eiscue|Ice Spinner|p2a: Garganacl
|-damage|p2a: Garganacl|0 fnt
|faint|p2a: Garganacl
|
|-weather|Snowscape|[upkeep]
|-damage|p1a: Eiscue|0 fnt|[from] Salt Cure
|faint|p1a: Eiscue
|upkeep
|
|t:|1769425343
|switch|p1a: Slowking|Slowking-Galar, F|100/100
|switch|p2a: Gholdengo|Gholdengo|100/100
|-damage|p1a: Slowking|88/100|[from] Stealth Rock
|turn|22
|-message|swoaj forfeited.
|
|win|caelumxz
|raw|swoaj's rating: 1436 &rarr; <strong>1415</strong><br />(-21 for losing)
|raw|caelumxz's rating: 1413 &rarr; <strong>1434</strong><br />(+21 for winning)
|l|☆swoaj
|player|p1|
|l|☆caelumxz
|player|p2|
