|j|☆Palm X
|j|☆Picosto
|t:|1769360619
|gametype|singles
|player|p1|Palm X|caitlin|1586
|player|p2|Picosto|1|1697
|gen|9
|tier|[Gen 9] OU
|rated|
|rule|HP Percentage Mod: HP is shown in percentages
|rule|Endless Battle Clause: Forcing endless battles is banned
|rule|Species Clause: Limit one of each Pokémon
|rule|OHKO Clause: OHKO moves are banned
|rule|Evasion Items Clause: Evasion items are banned
|rule|Evasion Moves Clause: Evasion moves are banned
|rule|Evasion Abilities Clause: Evasion abilities are banned
|rule|Sleep Moves Clause: Sleep-inducing moves are banned
|clearpoke
|poke|p1|Dragonite, M|
|poke|p1|Gholdengo|
|poke|p1|Ting-Lu|
|poke|p1|Clefable, F|
|poke|p1|Ogerpon-Wellspring, F|
|poke|p1|Cinderace, M|
|poke|p2|Landorus-Therian, M|
|poke|p2|Cinderace, M|
|poke|p2|Enamorus, F|
|poke|p2|Zamazenta-*|
|poke|p2|Gholdengo|
|poke|p2|Hoopa-Unbound|
|teampreview
|inactive|Battle timer is ON: inactive players will automatically lose when time's up. (requested by Palm X)
|
|t:|1769360649
|teamsize|p1|6
|teamsize|p2|6
|start
|switch|p1a: Perc Nowitzki|Cinderace, M, shiny|100/100
|switch|p2a: Cinderace|Cinderace, M|100/100
|turn|1
|
|t:|1769360654
|move|p2a: Cinderace|Gunk Shot|p1a: Perc Nowitzki
|-start|p2a: Cinderace|typechange|Poison|[from] ability: Libero
|-damage|p1a: Perc Nowitzki|3/100
|-status|p1a: Perc Nowitzki|psn
|move|p1a: Perc Nowitzki|Will-O-Wisp|p2a: Cinderace|[miss]
|-miss|p1a: Perc Nowitzki|p2a: Cinderace
|
|-damage|p1a: Perc Nowitzki|0 fnt|[from] psn
|faint|p1a: Perc Nowitzki
|upkeep
|
|t:|1769360668
|switch|p1a: Up Bowl On Em'|Ting-Lu|100/100
|-ability|p1a: Up Bowl On Em'|Vessel of Ruin
|turn|2
|
|t:|1769360689
|switch|p2a: Enamorus|Enamorus, F|100/100
|move|p1a: Up Bowl On Em'|Ruination|p2a: Enamorus
|-damage|p2a: Enamorus|51/100
|
|upkeep
|turn|3
|
|t:|1769360694
|move|p2a: Enamorus|Moonblast|p1a: Up Bowl On Em'
|-supereffective|p1a: Up Bowl On Em'
|-damage|p1a: Up Bowl On Em'|56/100
|move|p1a: Up Bowl On Em'|Stealth Rock|p2a: Enamorus
|-sidestart|p2: Picosto|move: Stealth Rock
|
|-heal|p1a: Up Bowl On Em'|62/100|[from] item: Leftovers
|upkeep
|turn|4
|
|t:|1769360699
|switch|p1a: Popstar|Gholdengo|100/100
|move|p2a: Enamorus|Moonblast|p1a: Popstar
|-resisted|p1a: Popstar
|-damage|p1a: Popstar|70/100
|-unboost|p1a: Popstar|spa|1
|
|upkeep
|turn|5
|
|t:|1769360705
|switch|p2a: Hoopa|Hoopa-Unbound|100/100
|-damage|p2a: Hoopa|88/100|[from] Stealth Rock
|move|p1a: Popstar|Shadow Ball|p2a: Hoopa
|-damage|p2a: Hoopa|77/100
|
|upkeep
|turn|6
|
|t:|1769360709
|switch|p1a: Pearl Fountain|Ogerpon-Wellspring, F|100/100
|move|p2a: Hoopa|Hyperspace Fury|p1a: Pearl Fountain
|-damage|p1a: Pearl Fountain|29/100
|-unboost|p2a: Hoopa|def|1
|
|upkeep
|turn|7
|
|t:|1769360714
|switch|p2a: Zamazenta|Zamazenta|100/100
|-damage|p2a: Zamazenta|94/100|[from] Stealth Rock
|-ability|p2a: Zamazenta|Dauntless Shield|boost
|-boost|p2a: Zamazenta|def|1
|move|p1a: Pearl Fountain|Horn Leech|p2a: Zamazenta
|-damage|p2a: Zamazenta|79/100
|-heal|p1a: Pearl Fountain|40/100|[from] drain|[of] p2a: Zamazenta
|
|-heal|p2a: Zamazenta|85/100|[from] item: Leftovers
|upkeep
|turn|8
|
|t:|1769360723
|move|p1a: Pearl Fountain|Taunt|p2a: Zamazenta
|-start|p2a: Zamazenta|move: Taunt
|move|p2a: Zamazenta|Body Press|p1a: Pearl Fountain
|-damage|p1a: Pearl Fountain|0 fnt
|faint|p1a: Pearl Fountain
|
|-heal|p2a: Zamazenta|91/100|[from] item: Leftovers
|upkeep
|
|t:|1769360727
|switch|p1a: WalkEmDownClef'|Clefable, F|100/100
|turn|9
|
|t:|1769360731
|switch|p2a: Gholdengo|Gholdengo|100/100
|-damage|p2a: Gholdengo|94/100|[from] Stealth Rock
|move|p1a: WalkEmDownClef'|Calm Mind|p1a: WalkEmDownClef'
|-boost|p1a: WalkEmDownClef'|spa|1
|-boost|p1a: WalkEmDownClef'|spd|1
|
|upkeep
|turn|10
|
|t:|1769360734
|move|p2a: Gholdengo|Make It Rain|p1a: WalkEmDownClef'
|-supereffective|p1a: WalkEmDownClef'
|-damage|p1a: WalkEmDownClef'|0 fnt
|-unboost|p2a: Gholdengo|spa|1
|faint|p1a: WalkEmDownClef'
|
|upkeep
|
|t:|1769360742
|switch|p1a: Popstar|Gholdengo|70/100
|turn|11
|
|t:|1769360750
|switch|p2a: Hoopa|Hoopa-Unbound|77/100
|-damage|p2a: Hoopa|65/100|[from] Stealth Rock
|move|p1a: Popstar|Make It Rain|p2a: Hoopa
|-damage|p2a: Hoopa|40/100
|-unboost|p1a: Popstar|spa|1
|
|upkeep
|turn|12
|
|t:|1769360764
|switch|p1a: Up Bowl On Em'|Ting-Lu|62/100
|-ability|p1a: Up Bowl On Em'|Vessel of Ruin
|move|p2a: Hoopa|Hyperspace Fury|p1a: Up Bowl On Em'
|-resisted|p1a: Up Bowl On Em'
|-damage|p1a: Up Bowl On Em'|48/100
|-unboost|p2a: Hoopa|def|1
|
|-heal|p1a: Up Bowl On Em'|55/100|[from] item: Leftovers
|upkeep
|turn|13
|
|t:|1769360771
|move|p2a: Hoopa|Drain Punch|p1a: Up Bowl On Em'
|-supereffective|p1a: Up Bowl On Em'
|-damage|p1a: Up Bowl On Em'|27/100
|-heal|p2a: Hoopa|59/100|[from] drain|[of] p1a: Up Bowl On Em'
|move|p1a: Up Bowl On Em'|Spikes|p2a: Hoopa
|-sidestart|p2: Picosto|Spikes
|
|-heal|p1a: Up Bowl On Em'|33/100|[from] item: Leftovers
|upkeep
|turn|14
|
|t:|1769360774
|move|p2a: Hoopa|Drain Punch|p1a: Up Bowl On Em'
|-supereffective|p1a: Up Bowl On Em'
|-damage|p1a: Up Bowl On Em'|7/100
|-heal|p2a: Hoopa|77/100|[from] drain|[of] p1a: Up Bowl On Em'
|move|p1a: Up Bowl On Em'|Ruination|p2a: Hoopa
|-damage|p2a: Hoopa|39/100
|
|-heal|p1a: Up Bowl On Em'|13/100|[from] item: Leftovers
|upkeep
|turn|15
|
|t:|1769360777
|move|p2a: Hoopa|Drain Punch|p1a: Up Bowl On Em'
|-supereffective|p1a: Up Bowl On Em'
|-damage|p1a: Up Bowl On Em'|0 fnt
|-heal|p2a: Hoopa|48/100|[from] drain|[of] p1a: Up Bowl On Em'
|faint|p1a: Up Bowl On Em'
|
|upkeep
|
|t:|1769360779
|switch|p1a: YG 400|Dragonite, M|100/100
|turn|16
|
|t:|1769360786
|move|p1a: YG 400|Dragon Dance|p1a: YG 400
|-boost|p1a: YG 400|atk|1
|-boost|p1a: YG 400|spe|1
|move|p2a: Hoopa|Thunderbolt|p1a: YG 400
|-damage|p1a: YG 400|82/100
|
|upkeep
|turn|17
|
|t:|1769360792
|move|p1a: YG 400|Dragon Dance|p1a: YG 400
|-boost|p1a: YG 400|atk|1
|-boost|p1a: YG 400|spe|1
|move|p2a: Hoopa|Hyperspace Fury|p1a: YG 400
|-damage|p1a: YG 400|23/100
|-unboost|p2a: Hoopa|def|1
|
|upkeep
|turn|18
|
|t:|1769360794
|move|p1a: YG 400|Earthquake|p2a: Hoopa
|-damage|p2a: Hoopa|0 fnt
|faint|p2a: Hoopa
|
|upkeep
|
|t:|1769360796
|switch|p2a: Landorus|Landorus-Therian, M|100/100
|-damage|p2a: Landorus|88/100|[from] Stealth Rock
|-ability|p2a: Landorus|Intimidate|boost
|-unboost|p1a: YG 400|atk|1
|turn|19
|
|t:|1769360804
|switch|p2a: Gholdengo|Gholdengo|94/100
|-damage|p2a: Gholdengo|88/100|[from] Stealth Rock
|-damage|p2a: Gholdengo|76/100|[from] Spikes
|move|p1a: YG 400|Roost|p1a: YG 400
|-heal|p1a: YG 400|73/100
|-singleturn|p1a: YG 400|move: Roost
|
|upkeep
|turn|20
|
|t:|1769360811
|move|p1a: YG 400|Earthquake|p2a: Gholdengo
|-supereffective|p2a: Gholdengo
|-damage|p2a: Gholdengo|0 fnt
|faint|p2a: Gholdengo
|
|upkeep
|
|t:|1769360813
|switch|p2a: Landorus|Landorus-Therian, M|88/100
|-damage|p2a: Landorus|76/100|[from] Stealth Rock
|-ability|p2a: Landorus|Intimidate|boost
|-unboost|p1a: YG 400|atk|1
|turn|21
|
|t:|1769360817
|move|p1a: YG 400|Dragon Dance|p1a: YG 400
|-boost|p1a: YG 400|atk|1
|-boost|p1a: YG 400|spe|1
|move|p2a: Landorus|Stone Edge|p1a: YG 400
|-supereffective|p1a: YG 400
|-damage|p1a: YG 400|0 fnt
|faint|p1a: YG 400
|
|upkeep
|
|t:|1769360819
|switch|p1a: Popstar|Gholdengo|70/100
|turn|22
|
|t:|1769360831
|switch|p2a: Zamazenta|Zamazenta|91/100
|-damage|p2a: Zamazenta|85/100|[from] Stealth Rock
|-damage|p2a: Zamazenta|72/100|[from] Spikes
|move|p1a: Popstar|Make It Rain|p2a: Zamazenta
|-damage|p2a: Zamazenta|20/100
|-unboost|p1a: Popstar|spa|1
|
|-heal|p2a: Zamazenta|26/100|[from] item: Leftovers
|upkeep
|turn|23
|
|t:|1769360835
|move|p1a: Popstar|Make It Rain|p2a: Zamazenta
|-damage|p2a: Zamazenta|0 fnt
|-unboost|p1a: Popstar|spa|1
|faint|p2a: Zamazenta
|
|upkeep
|
|t:|1769360838
|switch|p2a: Landorus|Landorus-Therian, M|76/100
|-damage|p2a: Landorus|64/100|[from] Stealth Rock
|-ability|p2a: Landorus|Intimidate|boost
|-unboost|p1a: Popstar|atk|1
|turn|24
|-message|Palm X forfeited.
|
|win|Picosto
|raw|Palm X's rating: 1586 &rarr; <strong>1572</strong><br />(-14 for losing)
|raw|Picosto's rating: 1697 &rarr; <strong>1711</strong><br />(+14 for winning)
|l|☆Palm X
|player|p1|
|l|☆Picosto
|player|p2|
