|j|☆mehvish
|j|☆pafiboricua
|t:|1769328221
|gametype|singles
|player|p1|mehvish|maid|1108
|player|p2|pafiboricua|veteran-gen4|1220
|gen|9
|tier|[Gen 9] OU
|rated|
|rule|HP Percentage Mod: HP is shown in percentages
|rule|Endless Battle Clause: Forcing endless battles is banned
|rule|Species Clause: Limit one of each Pokémon
|rule|OHKO Clause: OHKO moves are banned
|rule|Evasion Items Clause: Evasion items are banned
|rule|Evasion Moves Clause: Evasion moves are banned
|rule|Evasion Abilities Clause: Evasion abilities are banned
|rule|Sleep Moves Clause: Sleep-inducing moves are banned
|clearpoke
|poke|p1|Gholdengo|
|poke|p1|Glimmora, M|
|poke|p1|Slither Wing|
|poke|p1|Torkoal, M|
|poke|p1|Scovillain, F|
|poke|p1|Lilligant-Hisui, F|
|poke|p2|Garchomp, M|
|poke|p2|Rotom-Wash|
|poke|p2|Porygon2|
|poke|p2|Chandelure, M|
|poke|p2|Scizor, M|
|poke|p2|Moltres-Galar|
|teampreview
|inactive|Battle timer is ON: inactive players will automatically lose when time's up. (requested by mehvish)
|
|t:|1769328241
|teamsize|p1|6
|teamsize|p2|6
|start
|switch|p1a: Torkoal|Torkoal, M|100/100
|switch|p2a: Landy shark|Garchomp, M|100/100
|-weather|SunnyDay|[from] ability: Drought|[of] p1a: Torkoal
|turn|1
|
|t:|1769328252
|switch|p1a: Lilligant|Lilligant-Hisui, F|100/100
|move|p2a: Landy shark|Earthquake|p1a: Lilligant
|-resisted|p1a: Lilligant
|-damage|p1a: Lilligant|60/100
|
|-weather|SunnyDay|[upkeep]
|upkeep
|turn|2
|
|t:|1769328260
|move|p1a: Lilligant|Ice Spinner|p2a: Landy shark
|-supereffective|p2a: Landy shark
|-damage|p2a: Landy shark|2/100
|-damage|p1a: Lilligant|47/100|[from] ability: Rough Skin|[of] p2a: Landy shark
|move|p2a: Landy shark|Poison Jab|p1a: Lilligant
|-supereffective|p1a: Lilligant
|-damage|p1a: Lilligant|0 fnt
|faint|p1a: Lilligant
|
|-weather|SunnyDay|[upkeep]
|upkeep
|
|t:|1769328266
|switch|p1a: Slither Wing|Slither Wing|100/100
|-activate|p1a: Slither Wing|ability: Protosynthesis
|-start|p1a: Slither Wing|protosynthesisatk
|turn|3
|
|t:|1769328276
|move|p1a: Slither Wing|First Impression|p2a: Landy shark
|-damage|p2a: Landy shark|0 fnt
|-damage|p1a: Slither Wing|88/100|[from] ability: Rough Skin|[of] p2a: Landy shark
|faint|p2a: Landy shark
|
|-weather|SunnyDay|[upkeep]
|upkeep
|
|t:|1769328288
|switch|p2a: Sia|Chandelure, M, shiny|100/100
|turn|4
|
|t:|1769328292
|-end|p1a: Slither Wing|Protosynthesis|[silent]
|switch|p1a: Glimmora|Glimmora, M|100/100
|move|p2a: Sia|Heat Wave|p1a: Glimmora
|-resisted|p1a: Glimmora
|-damage|p1a: Glimmora|42/100
|
|-weather|SunnyDay|[upkeep]
|upkeep
|turn|5
|
|t:|1769328302
|move|p1a: Glimmora|Earth Power|p2a: Sia
|-supereffective|p2a: Sia
|-damage|p2a: Sia|19/100
|move|p2a: Sia|Shadow Ball|p1a: Glimmora
|-damage|p1a: Glimmora|0 fnt
|faint|p1a: Glimmora
|
|-weather|SunnyDay|[upkeep]
|upkeep
|
|t:|1769328307
|switch|p1a: Slither Wing|Slither Wing|88/100
|-activate|p1a: Slither Wing|ability: Protosynthesis
|-start|p1a: Slither Wing|protosynthesisatk
|turn|6
|
|t:|1769328316
|switch|p2a: Francis|Scizor, M|100/100
|move|p1a: Slither Wing|First Impression|p2a: Francis
|-resisted|p2a: Francis
|-damage|p2a: Francis|73/100
|
|-weather|SunnyDay|[upkeep]
|upkeep
|turn|7
|
|t:|1769328324
|move|p2a: Francis|Bullet Punch|p1a: Slither Wing
|-damage|p1a: Slither Wing|62/100
|move|p1a: Slither Wing|Will-O-Wisp|p2a: Francis|[miss]
|-miss|p1a: Slither Wing|p2a: Francis
|
|-weather|SunnyDay|[upkeep]
|upkeep
|turn|8
|
|t:|1769328332
|switch|p2a: Sia|Chandelure, M, shiny|19/100
|move|p1a: Slither Wing|Will-O-Wisp|p2a: Sia
|-start|p2a: Sia|ability: Flash Fire
|
|-weather|none
|-end|p1a: Slither Wing|Protosynthesis
|upkeep
|turn|9
|
|t:|1769328340
|-end|p1a: Slither Wing|Protosynthesis|[silent]
|switch|p1a: Torkoal|Torkoal, M|100/100
|-weather|SunnyDay|[from] ability: Drought|[of] p1a: Torkoal
|move|p2a: Sia|Heat Wave|p1a: Torkoal
|-resisted|p1a: Torkoal
|-damage|p1a: Torkoal|38/100
|
|-weather|SunnyDay|[upkeep]
|upkeep
|turn|10
|
|t:|1769328349
|move|p2a: Sia|Shadow Ball|p1a: Torkoal
|-damage|p1a: Torkoal|0 fnt
|faint|p1a: Torkoal
|
|-weather|SunnyDay|[upkeep]
|upkeep
|
|t:|1769328360
|switch|p1a: Scovillain|Scovillain, F|100/100
|turn|11
|
|t:|1769328363
|move|p1a: Scovillain|Solar Beam||[still]
|-prepare|p1a: Scovillain|Solar Beam
|-anim|p1a: Scovillain|Solar Beam|p2a: Sia
|-resisted|p2a: Sia
|-damage|p2a: Sia|0 fnt
|faint|p2a: Sia
|
|-weather|SunnyDay|[upkeep]
|upkeep
|
|t:|1769328374
|switch|p2a: Stepsis trap|Rotom-Wash, shiny|100/100
|turn|12
|
|t:|1769328384
|move|p1a: Scovillain|Solar Beam||[still]
|-prepare|p1a: Scovillain|Solar Beam
|-anim|p1a: Scovillain|Solar Beam|p2a: Stepsis trap
|-supereffective|p2a: Stepsis trap
|-damage|p2a: Stepsis trap|0 fnt
|faint|p2a: Stepsis trap
|
|-weather|SunnyDay|[upkeep]
|upkeep
|
|t:|1769328394
|switch|p2a: Francis|Scizor, M|73/100
|turn|13
|inactive|mehvish has 120 seconds left.
|
|t:|1769328430
|move|p1a: Scovillain|Fire Blast|p2a: Francis
|-supereffective|p2a: Francis
|-damage|p2a: Francis|0 fnt
|faint|p2a: Francis
|
|-weather|SunnyDay|[upkeep]
|upkeep
|
|t:|1769328441
|switch|p2a: Unreal engine|Porygon2|100/100
|-ability|p2a: Unreal engine|Download|boost
|-boost|p2a: Unreal engine|atk|1
|turn|14
|inactive|mehvish has 120 seconds left.
|
|t:|1769328479
|-terastallize|p1a: Scovillain|Grass
|move|p1a: Scovillain|Solar Beam||[still]
|-prepare|p1a: Scovillain|Solar Beam
|-anim|p1a: Scovillain|Solar Beam|p2a: Unreal engine
|-damage|p2a: Unreal engine|46/100
|move|p2a: Unreal engine|Trick Room|p2a: Unreal engine
|-fieldstart|move: Trick Room|[of] p2a: Unreal engine
|
|-weather|SunnyDay|[upkeep]
|upkeep
|turn|15
|
|t:|1769328489
|move|p2a: Unreal engine|Ice Beam|p1a: Scovillain
|-supereffective|p1a: Scovillain
|-damage|p1a: Scovillain|0 fnt
|faint|p1a: Scovillain
|
|-weather|SunnyDay|[upkeep]
|upkeep
|
|t:|1769328502
|switch|p1a: Gholdengo|Gholdengo|100/100
|turn|16
|
|t:|1769328516
|move|p2a: Unreal engine|Ice Beam|p1a: Gholdengo
|-resisted|p1a: Gholdengo
|-damage|p1a: Gholdengo|86/100
|move|p1a: Gholdengo|Thunder Wave|p2a: Unreal engine
|-status|p2a: Unreal engine|par
|
|-weather|none
|upkeep
|turn|17
|inactive|mehvish has 90 seconds left.
|inactive|mehvish has 60 seconds left.
|inactive|mehvish has 30 seconds left.
|
|t:|1769328608
|move|p2a: Unreal engine|Psychic|p1a: Gholdengo
|-resisted|p1a: Gholdengo
|-damage|p1a: Gholdengo|73/100
|move|p1a: Gholdengo|Make It Rain|p2a: Unreal engine
|-damage|p2a: Unreal engine|14/100 par
|-unboost|p1a: Gholdengo|spa|1
|
|upkeep
|turn|18
|inactive|mehvish has 30 seconds left.
|
|t:|1769328627
|cant|p2a: Unreal engine|par
|move|p1a: Gholdengo|Make It Rain|p2a: Unreal engine
|-damage|p2a: Unreal engine|0 fnt
|-unboost|p1a: Gholdengo|spa|1
|faint|p2a: Unreal engine
|
|-fieldend|move: Trick Room
|upkeep
|
|t:|1769328637
|switch|p2a: Calamity|Moltres-Galar, shiny|100/100
|turn|19
|inactive|mehvish has 30 seconds left.
|inactive|mehvish has 20 seconds left.
|
|t:|1769328662
|move|p1a: Gholdengo|Recover|p1a: Gholdengo
|-heal|p1a: Gholdengo|100/100
|move|p2a: Calamity|Fiery Wrath|p1a: Gholdengo
|-supereffective|p1a: Gholdengo
|-damage|p1a: Gholdengo|15/100
|
|upkeep
|turn|20
|inactive|mehvish has 30 seconds left this turn.
|
|t:|1769328669
|switch|p1a: Slither Wing|Slither Wing|62/100
|move|p2a: Calamity|Fiery Wrath|p1a: Slither Wing
|-resisted|p1a: Slither Wing
|-damage|p1a: Slither Wing|43/100
|
|upkeep
|turn|21
|inactive|mehvish has 30 seconds left.
|inactive|mehvish has 20 seconds left.
|inactive|mehvish has 15 seconds left.
|inactive|mehvish has 10 seconds left.
|
|t:|1769328700
|move|p1a: Slither Wing|First Impression|p2a: Calamity
|-damage|p2a: Calamity|61/100
|move|p2a: Calamity|Air Slash|p1a: Slither Wing
|-supereffective|p1a: Slither Wing
|-damage|p1a: Slither Wing|0 fnt
|faint|p1a: Slither Wing
|-end|p1a: Slither Wing|Protosynthesis|[silent]
|
|-heal|p2a: Calamity|67/100|[from] item: Leftovers
|upkeep
|inactive|mehvish has 15 seconds left this turn.
|
|t:|1769328703
|switch|p1a: Gholdengo|Gholdengo|15/100
|turn|22
|inactive|mehvish has 25 seconds left this turn.
|
|t:|1769328712
|move|p1a: Gholdengo|Recover|p1a: Gholdengo
|-heal|p1a: Gholdengo|65/100
|move|p2a: Calamity|Fiery Wrath|p1a: Gholdengo
|-supereffective|p1a: Gholdengo
|-damage|p1a: Gholdengo|0 fnt
|faint|p1a: Gholdengo
|
|win|pafiboricua
|raw|mehvish's rating: 1108 &rarr; <strong>1091</strong><br />(-17 for losing)
|raw|pafiboricua's rating: 1220 &rarr; <strong>1237</strong><br />(+17 for winning)
|c|☆pafiboricua|gg
|l|☆pafiboricua
|player|p2|
|l|☆mehvish
|player|p1|
