|j|☆litle_noob
|j|☆natestalling
|t:|1769367701
|gametype|singles
|player|p1|litle_noob|red|1306
|player|p2|natestalling|lucas|1271
|gen|9
|tier|[Gen 9] OU
|rated|
|rule|HP Percentage Mod: HP is shown in percentages
|rule|Endless Battle Clause: Forcing endless battles is banned
|rule|Species Clause: Limit one of each Pokémon
|rule|OHKO Clause: OHKO moves are banned
|rule|Evasion Items Clause: Evasion items are banned
|rule|Evasion Moves Clause: Evasion moves are banned
|rule|Evasion Abilities Clause: Evasion abilities are banned
|rule|Sleep Moves Clause: Sleep-inducing moves are banned
|clearpoke
|poke|p1|Blissey, F|
|poke|p1|Toedscruel, M|
|poke|p1|Mandibuzz, F|
|poke|p1|Skeledirge, M|
|poke|p1|Clefable, M|
|poke|p1|Great Tusk|
|poke|p2|Garganacl, M|
|poke|p2|Dondozo, M|
|poke|p2|Gliscor, M|
|poke|p2|Clodsire, M|
|poke|p2|Blissey, F|
|poke|p2|Corviknight, F|
|teampreview
|
|t:|1769367723
|teamsize|p1|6
|teamsize|p2|6
|start
|switch|p1a: Toedscruel|Toedscruel, M|100/100
|switch|p2a: Clodsire|Clodsire, M|100/100
|turn|1
|
|t:|1769367730
|move|p2a: Clodsire|Toxic|p1a: Toedscruel
|-status|p1a: Toedscruel|tox
|move|p1a: Toedscruel|Leech Seed|p2a: Clodsire
|-start|p2a: Clodsire|move: Leech Seed
|
|-damage|p2a: Clodsire|88/100|[from] Leech Seed|[of] p1a: Toedscruel
|-damage|p1a: Toedscruel|94/100 tox|[from] psn
|upkeep
|turn|2
|
|t:|1769367745
|switch|p1a: Skeledirge|Skeledirge, M|100/100
|switch|p2a: Corviknight|Corviknight, F|100/100
|
|upkeep
|turn|3
|
|t:|1769367752
|switch|p2a: Garganacl|Garganacl, M|100/100
|move|p1a: Skeledirge|Will-O-Wisp|p2a: Garganacl
|-immune|p2a: Garganacl|[from] ability: Purifying Salt
|
|upkeep
|turn|4
|
|t:|1769367761
|switch|p1a: Toedscruel|Toedscruel, M|94/100 tox
|move|p2a: Garganacl|Salt Cure|p1a: Toedscruel
|-resisted|p1a: Toedscruel
|-damage|p1a: Toedscruel|85/100 tox
|-start|p1a: Toedscruel|Salt Cure
|
|-heal|p1a: Toedscruel|91/100 tox|[from] item: Leftovers
|-damage|p1a: Toedscruel|85/100 tox|[from] psn
|-damage|p1a: Toedscruel|73/100 tox|[from] Salt Cure
|upkeep
|turn|5
|
|t:|1769367772
|move|p2a: Garganacl|Protect|p2a: Garganacl
|-singleturn|p2a: Garganacl|Protect
|move|p1a: Toedscruel|Toxic|p2a: Garganacl
|-activate|p2a: Garganacl|move: Protect
|
|-heal|p1a: Toedscruel|79/100 tox|[from] item: Leftovers
|-damage|p1a: Toedscruel|67/100 tox|[from] psn
|-damage|p1a: Toedscruel|55/100 tox|[from] Salt Cure
|upkeep
|turn|6
|
|t:|1769367781
|move|p2a: Garganacl|Curse|p2a: Garganacl
|-unboost|p2a: Garganacl|spe|1
|-boost|p2a: Garganacl|atk|1
|-boost|p2a: Garganacl|def|1
|move|p1a: Toedscruel|Toxic|p2a: Garganacl
|-status|p2a: Garganacl|tox
|
|-heal|p1a: Toedscruel|61/100 tox|[from] item: Leftovers
|-damage|p1a: Toedscruel|43/100 tox|[from] psn
|-damage|p2a: Garganacl|94/100 tox|[from] psn
|-damage|p1a: Toedscruel|30/100 tox|[from] Salt Cure
|upkeep
|turn|7
|
|t:|1769367794
|switch|p1a: Mandibuzz|Mandibuzz, F|100/100
|move|p2a: Garganacl|Curse|p2a: Garganacl
|-unboost|p2a: Garganacl|spe|1
|-boost|p2a: Garganacl|atk|1
|-boost|p2a: Garganacl|def|1
|
|-heal|p2a: Garganacl|100/100 tox|[from] item: Leftovers
|-damage|p2a: Garganacl|88/100 tox|[from] psn
|upkeep
|turn|8
|inactive|Battle timer is ON: inactive players will automatically lose when time's up. (requested by litle_noob)
|
|t:|1769367806
|move|p1a: Mandibuzz|Knock Off|p2a: Garganacl
|-damage|p2a: Garganacl|80/100 tox
|-enditem|p2a: Garganacl|Leftovers|[from] move: Knock Off|[of] p1a: Mandibuzz
|move|p2a: Garganacl|Salt Cure|p1a: Mandibuzz
|-supereffective|p1a: Mandibuzz
|-damage|p1a: Mandibuzz|67/100
|-start|p1a: Mandibuzz|Salt Cure
|
|-damage|p2a: Garganacl|61/100 tox|[from] psn
|-damage|p1a: Mandibuzz|55/100|[from] Salt Cure
|upkeep
|turn|9
|
|t:|1769367815
|move|p1a: Mandibuzz|Roost|p1a: Mandibuzz
|-heal|p1a: Mandibuzz|100/100
|-singleturn|p1a: Mandibuzz|move: Roost
|move|p2a: Garganacl|Salt Cure|p1a: Mandibuzz
|-damage|p1a: Mandibuzz|85/100
|
|-damage|p2a: Garganacl|37/100 tox|[from] psn
|-damage|p1a: Mandibuzz|72/100|[from] Salt Cure
|upkeep
|turn|10
|
|t:|1769367824
|move|p1a: Mandibuzz|Foul Play|p2a: Garganacl
|-damage|p2a: Garganacl|15/100 tox
|move|p2a: Garganacl|Recover|p2a: Garganacl
|-heal|p2a: Garganacl|65/100 tox
|
|-damage|p2a: Garganacl|34/100 tox|[from] psn
|-damage|p1a: Mandibuzz|60/100|[from] Salt Cure
|upkeep
|turn|11
|
|t:|1769367834
|move|p1a: Mandibuzz|Foul Play|p2a: Garganacl
|-damage|p2a: Garganacl|12/100 tox
|move|p2a: Garganacl|Recover|p2a: Garganacl
|-heal|p2a: Garganacl|62/100 tox
|
|-damage|p2a: Garganacl|25/100 tox|[from] psn
|-damage|p1a: Mandibuzz|47/100|[from] Salt Cure
|upkeep
|turn|12
|
|t:|1769367843
|switch|p2a: Blissey|Blissey, F|100/100
|move|p1a: Mandibuzz|Roost|p1a: Mandibuzz
|-heal|p1a: Mandibuzz|97/100
|-singleturn|p1a: Mandibuzz|move: Roost
|
|-damage|p1a: Mandibuzz|85/100|[from] Salt Cure
|upkeep
|turn|13
|
|t:|1769367852
|move|p1a: Mandibuzz|Knock Off|p2a: Blissey
|-damage|p2a: Blissey|81/100
|-enditem|p2a: Blissey|Leftovers|[from] move: Knock Off|[of] p1a: Mandibuzz
|move|p2a: Blissey|Heal Bell|p2a: Blissey
|-activate|p2a: Blissey|move: Heal Bell
|-curestatus|p2: Garganacl|tox|[msg]
|
|-damage|p1a: Mandibuzz|72/100|[from] Salt Cure
|upkeep
|turn|14
|
|t:|1769367861
|switch|p1a: Blissey|Blissey, F|100/100
|move|p2a: Blissey|Ice Beam|p1a: Blissey
|-crit|p1a: Blissey
|-damage|p1a: Blissey|92/100
|
|-heal|p1a: Blissey|98/100|[from] item: Leftovers
|upkeep
|turn|15
|
|t:|1769367869
|switch|p2a: Garganacl|Garganacl, M|25/100
|move|p1a: Blissey|Heal Bell|p1a: Blissey
|-activate|p1a: Blissey|move: Heal Bell
|-curestatus|p1: Toedscruel|tox|[msg]
|
|-heal|p1a: Blissey|100/100|[from] item: Leftovers
|upkeep
|turn|16
|
|t:|1769367877
|switch|p1a: Toedscruel|Toedscruel, M|30/100
|move|p2a: Garganacl|Salt Cure|p1a: Toedscruel
|-resisted|p1a: Toedscruel
|-damage|p1a: Toedscruel|20/100
|-start|p1a: Toedscruel|Salt Cure
|
|-heal|p1a: Toedscruel|26/100|[from] item: Leftovers
|-damage|p1a: Toedscruel|14/100|[from] Salt Cure
|upkeep
|turn|17
|
|t:|1769367885
|move|p2a: Garganacl|Protect|p2a: Garganacl
|-singleturn|p2a: Garganacl|Protect
|move|p1a: Toedscruel|Giga Drain|p2a: Garganacl
|-activate|p2a: Garganacl|move: Protect
|
|-heal|p1a: Toedscruel|20/100|[from] item: Leftovers
|-damage|p1a: Toedscruel|8/100|[from] Salt Cure
|upkeep
|turn|18
|
|t:|1769367895
|switch|p1a: Skeledirge|Skeledirge, M|100/100
|switch|p2a: Corviknight|Corviknight, F|100/100
|
|upkeep
|turn|19
|
|t:|1769367904
|switch|p2a: Dondozo|Dondozo, M, shiny|100/100
|move|p1a: Skeledirge|Torch Song|p2a: Dondozo
|-resisted|p2a: Dondozo
|-damage|p2a: Dondozo|85/100
|-boost|p1a: Skeledirge|spa|1
|
|-heal|p2a: Dondozo|91/100|[from] item: Leftovers
|upkeep
|turn|20
|
|t:|1769367913
|move|p1a: Skeledirge|Will-O-Wisp|p2a: Dondozo
|-status|p2a: Dondozo|brn
|move|p2a: Dondozo|Wave Crash|p1a: Skeledirge
|-supereffective|p1a: Skeledirge
|-damage|p1a: Skeledirge|75/100
|-damage|p2a: Dondozo|85/100 brn|[from] Recoil
|
|-heal|p2a: Dondozo|91/100 brn|[from] item: Leftovers
|-damage|p2a: Dondozo|85/100 brn|[from] brn
|upkeep
|turn|21
|
|t:|1769367924
|move|p1a: Skeledirge|Shadow Ball|p2a: Dondozo
|-damage|p2a: Dondozo|54/100 brn
|move|p2a: Dondozo|Curse|p2a: Dondozo
|-unboost|p2a: Dondozo|spe|1
|-boost|p2a: Dondozo|atk|1
|-boost|p2a: Dondozo|def|1
|
|-heal|p2a: Dondozo|60/100 brn|[from] item: Leftovers
|-damage|p2a: Dondozo|54/100 brn|[from] brn
|upkeep
|turn|22
|
|t:|1769367933
|move|p1a: Skeledirge|Shadow Ball|p2a: Dondozo
|-damage|p2a: Dondozo|25/100 brn
|move|p2a: Dondozo|Curse|p2a: Dondozo
|-unboost|p2a: Dondozo|spe|1
|-boost|p2a: Dondozo|atk|1
|-boost|p2a: Dondozo|def|1
|
|-heal|p2a: Dondozo|31/100 brn|[from] item: Leftovers
|-damage|p2a: Dondozo|25/100 brn|[from] brn
|upkeep
|turn|23
|
|t:|1769367942
|move|p1a: Skeledirge|Shadow Ball|p2a: Dondozo
|-damage|p2a: Dondozo|0 fnt
|faint|p2a: Dondozo
|
|upkeep
|
|t:|1769367947
|switch|p2a: Gliscor|Gliscor, M|100/100
|turn|24
|
|t:|1769367957
|move|p2a: Gliscor|Knock Off|p1a: Skeledirge
|-supereffective|p1a: Skeledirge
|-damage|p1a: Skeledirge|48/100
|-enditem|p1a: Skeledirge|Heavy-Duty Boots|[from] move: Knock Off|[of] p2a: Gliscor
|move|p1a: Skeledirge|Will-O-Wisp|p2a: Gliscor
|-status|p2a: Gliscor|brn
|
|-damage|p2a: Gliscor|94/100 brn|[from] brn
|upkeep
|turn|25
|
|t:|1769367968
|switch|p2a: Blissey|Blissey, F|81/100
|move|p1a: Skeledirge|Slack Off|p1a: Skeledirge
|-heal|p1a: Skeledirge|98/100
|
|upkeep
|turn|26
|
|t:|1769367975
|move|p1a: Skeledirge|Torch Song|p2a: Blissey
|-damage|p2a: Blissey|66/100
|-boost|p1a: Skeledirge|spa|1
|move|p2a: Blissey|Heal Bell|p2a: Blissey
|-activate|p2a: Blissey|move: Heal Bell
|-curestatus|p2: Gliscor|brn|[msg]
|
|upkeep
|turn|27
|
|t:|1769367999
|switch|p2a: Clodsire|Clodsire, M|88/100
|move|p1a: Skeledirge|Torch Song|p2a: Clodsire
|-damage|p2a: Clodsire|57/100
|-boost|p1a: Skeledirge|spa|1
|
|-heal|p2a: Clodsire|63/100|[from] item: Leftovers
|upkeep
|turn|28
|
|t:|1769368009
|move|p1a: Skeledirge|Torch Song|p2a: Clodsire
|-damage|p2a: Clodsire|24/100
|-boost|p1a: Skeledirge|spa|1
|move|p2a: Clodsire|Toxic|p1a: Skeledirge
|-status|p1a: Skeledirge|tox
|
|-heal|p2a: Clodsire|30/100|[from] item: Leftovers
|-damage|p1a: Skeledirge|92/100 tox|[from] psn
|upkeep
|turn|29
|
|t:|1769368019
|move|p1a: Skeledirge|Torch Song|p2a: Clodsire
|-damage|p2a: Clodsire|0 fnt
|-boost|p1a: Skeledirge|spa|1
|faint|p2a: Clodsire
|
|-damage|p1a: Skeledirge|80/100 tox|[from] psn
|upkeep
|
|t:|1769368027
|switch|p2a: Blissey|Blissey, F|66/100
|turn|30
|
|t:|1769368032
|move|p1a: Skeledirge|Torch Song|p2a: Blissey
|-damage|p2a: Blissey|30/100
|-boost|p1a: Skeledirge|spa|1
|move|p2a: Blissey|Heal Bell||[still]
|-activate|p2a: Blissey|move: Heal Bell
|-fail|p2a: Blissey
|
|-damage|p1a: Skeledirge|62/100 tox|[from] psn
|upkeep
|turn|31
|
|t:|1769368041
|move|p1a: Skeledirge|Torch Song|p2a: Blissey
|-damage|p2a: Blissey|0 fnt
|faint|p2a: Blissey
|
|-damage|p1a: Skeledirge|38/100 tox|[from] psn
|upkeep
|
|t:|1769368048
|switch|p2a: Garganacl|Garganacl, M|25/100
|turn|32
|
|t:|1769368051
|move|p1a: Skeledirge|Torch Song|p2a: Garganacl
|-resisted|p2a: Garganacl
|-damage|p2a: Garganacl|0 fnt
|faint|p2a: Garganacl
|
|-damage|p1a: Skeledirge|7/100 tox|[from] psn
|upkeep
|
|t:|1769368057
|switch|p2a: Gliscor|Gliscor, M|94/100
|turn|33
|
|t:|1769368062
|switch|p1a: Mandibuzz|Mandibuzz, F|72/100
|move|p2a: Gliscor|Protect||[still]
|-fail|p2a: Gliscor
|
|-status|p2a: Gliscor|tox|[from] item: Toxic Orb
|upkeep
|turn|34
|
|t:|1769368070
|move|p2a: Gliscor|Toxic Spikes|p1a: Mandibuzz
|-sidestart|p1: litle_noob|move: Toxic Spikes
|move|p1a: Mandibuzz|Foul Play|p2a: Gliscor
|-damage|p2a: Gliscor|76/100 tox
|
|-heal|p2a: Gliscor|88/100 tox|[from] ability: Poison Heal
|upkeep
|turn|35
|
|t:|1769368077
|move|p2a: Gliscor|Protect|p2a: Gliscor
|-singleturn|p2a: Gliscor|Protect
|move|p1a: Mandibuzz|Defog|p2a: Gliscor
|-activate|p2a: Gliscor|move: Protect
|
|-heal|p2a: Gliscor|100/100 tox|[from] ability: Poison Heal
|upkeep
|turn|36
|
|t:|1769368084
|move|p2a: Gliscor|Swords Dance|p2a: Gliscor
|-boost|p2a: Gliscor|atk|2
|move|p1a: Mandibuzz|Defog|p2a: Gliscor
|-unboost|p2a: Gliscor|evasion|1
|-sideend|p1: litle_noob|Toxic Spikes|[from] move: Defog|[of] p1a: Mandibuzz
|
|upkeep
|turn|37
|
|t:|1769368094
|move|p2a: Gliscor|Swords Dance|p2a: Gliscor
|-boost|p2a: Gliscor|atk|2
|move|p1a: Mandibuzz|Foul Play|p2a: Gliscor
|-damage|p2a: Gliscor|45/100 tox
|
|-heal|p2a: Gliscor|58/100 tox|[from] ability: Poison Heal
|upkeep
|turn|38
|
|t:|1769368102
|move|p2a: Gliscor|Protect|p2a: Gliscor
|-singleturn|p2a: Gliscor|Protect
|move|p1a: Mandibuzz|Foul Play|p2a: Gliscor
|-activate|p2a: Gliscor|move: Protect
|
|-heal|p2a: Gliscor|70/100 tox|[from] ability: Poison Heal
|upkeep
|turn|39
|
|t:|1769368115
|switch|p1a: Clefable|Clefable, M|100/100
|move|p2a: Gliscor|Knock Off|p1a: Clefable
|-resisted|p1a: Clefable
|-damage|p1a: Clefable|90/100
|-enditem|p1a: Clefable|Leftovers|[from] move: Knock Off|[of] p2a: Gliscor
|
|-heal|p2a: Gliscor|83/100 tox|[from] ability: Poison Heal
|upkeep
|turn|40
|
|t:|1769368124
|move|p2a: Gliscor|Toxic Spikes|p1a: Clefable
|-sidestart|p1: litle_noob|move: Toxic Spikes
|move|p1a: Clefable|Moonblast|p2a: Gliscor
|-damage|p2a: Gliscor|41/100 tox
|
|-heal|p2a: Gliscor|54/100 tox|[from] ability: Poison Heal
|upkeep
|turn|41
|
|t:|1769368135
|move|p2a: Gliscor|Protect|p2a: Gliscor
|-singleturn|p2a: Gliscor|Protect
|move|p1a: Clefable|Moonblast|p2a: Gliscor
|-activate|p2a: Gliscor|move: Protect
|
|-heal|p2a: Gliscor|66/100 tox|[from] ability: Poison Heal
|upkeep
|turn|42
|
|t:|1769368143
|switch|p2a: Corviknight|Corviknight, F|100/100
|move|p1a: Clefable|Moonblast|p2a: Corviknight
|-resisted|p2a: Corviknight
|-damage|p2a: Corviknight|84/100
|
|upkeep
|turn|43
|
|t:|1769368149
|switch|p1a: Mandibuzz|Mandibuzz, F|72/100
|move|p2a: Corviknight|Bulk Up|p2a: Corviknight
|-boost|p2a: Corviknight|atk|1
|-boost|p2a: Corviknight|def|1
|
|upkeep
|turn|44
|
|t:|1769368157
|move|p1a: Mandibuzz|Knock Off|p2a: Corviknight
|-damage|p2a: Corviknight|71/100
|-damage|p1a: Mandibuzz|56/100|[from] item: Rocky Helmet|[of] p2a: Corviknight
|-enditem|p2a: Corviknight|Rocky Helmet|[from] move: Knock Off|[of] p1a: Mandibuzz
|move|p2a: Corviknight|Brave Bird|p1a: Mandibuzz
|-damage|p1a: Mandibuzz|14/100
|-damage|p2a: Corviknight|56/100|[from] Recoil
|
|upkeep
|turn|45
|
|t:|1769368174
|move|p1a: Mandibuzz|Defog|p2a: Corviknight
|-ability|p2a: Corviknight|Mirror Armor
|-unboost|p1a: Mandibuzz|evasion|1
|-sideend|p1: litle_noob|Toxic Spikes|[from] move: Defog|[of] p1a: Mandibuzz
|move|p2a: Corviknight|Brave Bird|p1a: Mandibuzz
|-damage|p1a: Mandibuzz|0 fnt
|faint|p1a: Mandibuzz
|-damage|p2a: Corviknight|51/100|[from] Recoil
|
|upkeep
|
|t:|1769368190
|switch|p1a: Skeledirge|Skeledirge, M|7/100 tox
|turn|46
|
|t:|1769368194
|-terastallize|p2a: Corviknight|Ground
|move|p2a: Corviknight|Roost|p2a: Corviknight
|-heal|p2a: Corviknight|100/100
|move|p1a: Skeledirge|Slack Off|p1a: Skeledirge
|-heal|p1a: Skeledirge|57/100 tox
|
|-damage|p1a: Skeledirge|51/100 tox|[from] psn
|upkeep
|turn|47
|
|t:|1769368205
|switch|p1a: Toedscruel|Toedscruel, M|8/100
|move|p2a: Corviknight|Bulk Up|p2a: Corviknight
|-boost|p2a: Corviknight|atk|1
|-boost|p2a: Corviknight|def|1
|
|-heal|p1a: Toedscruel|14/100|[from] item: Leftovers
|upkeep
|turn|48
|
|t:|1769368213
|move|p1a: Toedscruel|Giga Drain|p2a: Corviknight
|-supereffective|p2a: Corviknight
|-damage|p2a: Corviknight|58/100
|-heal|p1a: Toedscruel|37/100|[from] drain|[of] p2a: Corviknight
|move|p2a: Corviknight|Body Press|p1a: Toedscruel
|-damage|p1a: Toedscruel|0 fnt
|faint|p1a: Toedscruel
|
|upkeep
|
|t:|1769368216
|switch|p1a: Blissey|Blissey, F|100/100
|turn|49
|
|t:|1769368224
|move|p2a: Corviknight|Roost|p2a: Corviknight
|-heal|p2a: Corviknight|100/100
|move|p1a: Blissey|Heal Bell|p1a: Blissey
|-activate|p1a: Blissey|move: Heal Bell
|-curestatus|p1: Skeledirge|tox|[msg]
|
|upkeep
|turn|50
|
|t:|1769368233
|switch|p1a: Skeledirge|Skeledirge, M|51/100
|move|p2a: Corviknight|Brave Bird|p1a: Skeledirge
|-damage|p1a: Skeledirge|0 fnt
|faint|p1a: Skeledirge
|-damage|p2a: Corviknight|83/100|[from] Recoil
|
|upkeep
|
|t:|1769368249
|switch|p1a: Clefable|Clefable, M|90/100
|turn|51
|
|t:|1769368252
|move|p2a: Corviknight|Bulk Up|p2a: Corviknight
|-boost|p2a: Corviknight|atk|1
|-boost|p2a: Corviknight|def|1
|move|p1a: Clefable|Moonblast|p2a: Corviknight
|-damage|p2a: Corviknight|55/100
|
|upkeep
|turn|52
|
|t:|1769368274
|move|p2a: Corviknight|Roost|p2a: Corviknight
|-heal|p2a: Corviknight|100/100
|move|p1a: Clefable|Moonblast|p2a: Corviknight
|-damage|p2a: Corviknight|70/100
|
|upkeep
|turn|53
|
|t:|1769368282
|move|p2a: Corviknight|Bulk Up|p2a: Corviknight
|-boost|p2a: Corviknight|atk|1
|-boost|p2a: Corviknight|def|1
|move|p1a: Clefable|Calm Mind|p1a: Clefable
|-boost|p1a: Clefable|spa|1
|-boost|p1a: Clefable|spd|1
|
|upkeep
|turn|54
|
|t:|1769368288
|move|p2a: Corviknight|Brave Bird|p1a: Clefable
|-damage|p1a: Clefable|28/100
|-damage|p2a: Corviknight|50/100|[from] Recoil
|move|p1a: Clefable|Moonblast|p2a: Corviknight
|-damage|p2a: Corviknight|7/100
|
|upkeep
|turn|55
|
|t:|1769368298
|move|p2a: Corviknight|Roost|p2a: Corviknight
|-heal|p2a: Corviknight|57/100
|move|p1a: Clefable|Moonlight|p1a: Clefable
|-heal|p1a: Clefable|78/100
|
|upkeep
|turn|56
|
|t:|1769368305
|-terastallize|p1a: Clefable|Fairy
|move|p2a: Corviknight|Brave Bird|p1a: Clefable
|-damage|p1a: Clefable|19/100
|-damage|p2a: Corviknight|38/100|[from] Recoil
|move|p1a: Clefable|Moonblast|p2a: Corviknight
|-damage|p2a: Corviknight|0 fnt
|faint|p2a: Corviknight
|
|upkeep
|
|t:|1769368315
|switch|p2a: Gliscor|Gliscor, M|66/100 tox
|turn|57
|
|t:|1769368318
|move|p2a: Gliscor|Knock Off|p1a: Clefable
|-resisted|p1a: Clefable
|-damage|p1a: Clefable|11/100
|move|p1a: Clefable|Moonlight|p1a: Clefable
|-heal|p1a: Clefable|61/100
|
|-heal|p2a: Gliscor|78/100 tox|[from] ability: Poison Heal
|upkeep
|turn|58
|-message|natestalling forfeited.
|
|win|litle_noob
|raw|litle_noob's rating: 1306 &rarr; <strong>1324</strong><br />(+18 for winning)
|raw|natestalling's rating: 1271 &rarr; <strong>1249</strong><br />(-22 for losing)
|l|☆natestalling
|player|p2|
