|j|☆NeoNaruto✈️_✈️
|j|☆pivotslophaxmaxxer
|t:|1769392086
|gametype|singles
|player|p1|NeoNaruto✈️_✈️|medium|1606
|player|p2|pivotslophaxmaxxer|supernerd|1659
|gen|9
|tier|[Gen 9] OU
|rated|
|rule|HP Percentage Mod: HP is shown in percentages
|rule|Endless Battle Clause: Forcing endless battles is banned
|rule|Species Clause: Limit one of each Pokémon
|rule|OHKO Clause: OHKO moves are banned
|rule|Evasion Items Clause: Evasion items are banned
|rule|Evasion Moves Clause: Evasion moves are banned
|rule|Evasion Abilities Clause: Evasion abilities are banned
|rule|Sleep Moves Clause: Sleep-inducing moves are banned
|clearpoke
|poke|p1|Tyranitar, F|
|poke|p1|Iron Moth|
|poke|p1|Staraptor, F|
|poke|p1|Garchomp, F|
|poke|p1|Torkoal, M|
|poke|p1|Dragonite, M|
|poke|p2|Rillaboom, M|
|poke|p2|Ogerpon, F|
|poke|p2|Moltres|
|poke|p2|Ursaluna, M|
|poke|p2|Glimmora, M|
|poke|p2|Iron Crown|
|teampreview
|inactive|Battle timer is ON: inactive players will automatically lose when time's up. (requested by NeoNaruto✈️_✈️)
|
|t:|1769392109
|teamsize|p1|6
|teamsize|p2|6
|start
|switch|p1a: BIRD JESUS|Staraptor, F, shiny|100/100
|switch|p2a: Rillaboom|Rillaboom, M|100/100
|-fieldstart|move: Grassy Terrain|[from] ability: Grassy Surge|[of] p2a: Rillaboom
|turn|1
|
|t:|1769392114
|switch|p2a: Moltres|Moltres|100/100
|move|p1a: BIRD JESUS|Brave Bird|p2a: Moltres
|-damage|p2a: Moltres|20/100
|-status|p1a: BIRD JESUS|brn|[from] ability: Flame Body|[of] p2a: Moltres
|-damage|p1a: BIRD JESUS|68/100 brn|[from] Recoil
|
|-damage|p1a: BIRD JESUS|62/100 brn|[from] brn
|upkeep
|turn|2
|
|t:|1769392123
|switch|p2a: Glimmora|Glimmora, M|100/100
|move|p1a: BIRD JESUS|Brave Bird|p2a: Glimmora
|-resisted|p2a: Glimmora
|-damage|p2a: Glimmora|65/100
|-activate|p2a: Glimmora|ability: Toxic Debris
|-sidestart|p1: NeoNaruto✈️_✈️|move: Toxic Spikes
|-damage|p1a: BIRD JESUS|50/100 brn|[from] Recoil
|
|-heal|p2a: Glimmora|72/100|[from] Grassy Terrain
|-damage|p1a: BIRD JESUS|44/100 brn|[from] brn
|upkeep
|turn|3
|
|t:|1769392133
|move|p1a: BIRD JESUS|Brave Bird|p2a: Glimmora
|-resisted|p2a: Glimmora
|-damage|p2a: Glimmora|36/100
|-activate|p2a: Glimmora|ability: Toxic Debris
|-sidestart|p1: NeoNaruto✈️_✈️|move: Toxic Spikes
|-damage|p1a: BIRD JESUS|33/100 brn|[from] Recoil
|move|p2a: Glimmora|Stealth Rock|p1a: BIRD JESUS
|-sidestart|p1: NeoNaruto✈️_✈️|move: Stealth Rock
|
|-heal|p2a: Glimmora|43/100|[from] Grassy Terrain
|-damage|p1a: BIRD JESUS|27/100 brn|[from] brn
|upkeep
|turn|4
|
|t:|1769392141
|move|p1a: BIRD JESUS|Brave Bird|p2a: Glimmora
|-resisted|p2a: Glimmora
|-damage|p2a: Glimmora|7/100
|-damage|p1a: BIRD JESUS|15/100 brn|[from] Recoil
|move|p2a: Glimmora|Meteor Beam||[still]
|-prepare|p2a: Glimmora|Meteor Beam
|-boost|p2a: Glimmora|spa|1
|-enditem|p2a: Glimmora|Power Herb
|-anim|p2a: Glimmora|Meteor Beam|p1a: BIRD JESUS
|-supereffective|p1a: BIRD JESUS
|-damage|p1a: BIRD JESUS|0 fnt
|faint|p1a: BIRD JESUS
|
|-heal|p2a: Glimmora|13/100|[from] Grassy Terrain
|upkeep
|
|t:|1769392144
|switch|p1a: VODECi IV|Iron Moth|100/100
|-sideend|p1: NeoNaruto✈️_✈️|move: Toxic Spikes|[of] p1a: VODECi IV
|-damage|p1a: VODECi IV|76/100|[from] Stealth Rock
|turn|5
|
|t:|1769392152
|switch|p2a: Moltres|Moltres|20/100
|move|p1a: VODECi IV|Psychic|p2a: Moltres
|-damage|p2a: Moltres|0 fnt
|faint|p2a: Moltres
|
|-heal|p1a: VODECi IV|82/100|[from] Grassy Terrain
|upkeep
|
|t:|1769392155
|switch|p2a: Ursaluna|Ursaluna, M|100/100
|turn|6
|
|t:|1769392159
|-end|p1a: VODECi IV|Quark Drive|[silent]
|switch|p1a: BLITZ SOME OPPS|Garchomp, F|100/100
|-damage|p1a: BLITZ SOME OPPS|94/100|[from] Stealth Rock
|move|p2a: Ursaluna|Headlong Rush|p1a: BLITZ SOME OPPS
|-damage|p1a: BLITZ SOME OPPS|51/100
|-unboost|p2a: Ursaluna|def|1
|-unboost|p2a: Ursaluna|spd|1
|-damage|p2a: Ursaluna|88/100|[from] ability: Rough Skin|[of] p1a: BLITZ SOME OPPS
|-damage|p2a: Ursaluna|71/100|[from] item: Rocky Helmet|[of] p1a: BLITZ SOME OPPS
|
|-heal|p1a: BLITZ SOME OPPS|58/100|[from] Grassy Terrain
|-heal|p2a: Ursaluna|78/100|[from] Grassy Terrain
|-heal|p2a: Ursaluna|84/100|[from] item: Leftovers
|upkeep
|turn|7
|
|t:|1769392163
|move|p1a: BLITZ SOME OPPS|Stealth Rock|p2a: Ursaluna
|-sidestart|p2: pivotslophaxmaxxer|move: Stealth Rock
|move|p2a: Ursaluna|Ice Punch|p1a: BLITZ SOME OPPS
|-supereffective|p1a: BLITZ SOME OPPS
|-damage|p1a: BLITZ SOME OPPS|0 fnt
|-damage|p2a: Ursaluna|71/100|[from] ability: Rough Skin|[of] p1a: BLITZ SOME OPPS
|-damage|p2a: Ursaluna|55/100|[from] item: Rocky Helmet|[of] p1a: BLITZ SOME OPPS
|faint|p1a: BLITZ SOME OPPS
|
|-heal|p2a: Ursaluna|61/100|[from] Grassy Terrain
|-heal|p2a: Ursaluna|67/100|[from] item: Leftovers
|upkeep
|
|t:|1769392169
|switch|p1a: VODECi IV|Iron Moth|82/100
|-damage|p1a: VODECi IV|57/100|[from] Stealth Rock
|turn|8
|
|t:|1769392175
|switch|p2a: Glimmora|Glimmora, M|13/100
|-damage|p2a: Glimmora|0 fnt|[from] Stealth Rock
|faint|p2a: Glimmora
|move|p1a: VODECi IV|Overheat|p2: Glimmora|[notarget]
|-fail|p1a: VODECi IV
|
|-heal|p1a: VODECi IV|63/100|[from] Grassy Terrain
|-fieldend|move: Grassy Terrain
|upkeep
|
|t:|1769392191
|switch|p2a: Iron Crown|Iron Crown|100/100
|-damage|p2a: Iron Crown|94/100|[from] Stealth Rock
|turn|9
|j| averyradiant
|
|t:|1769392217
|-terastallize|p2a: Iron Crown|Fairy
|move|p2a: Iron Crown|Psychic Noise|p1a: VODECi IV
|-supereffective|p1a: VODECi IV
|-damage|p1a: VODECi IV|0 fnt
|faint|p1a: VODECi IV
|-end|p1a: VODECi IV|Quark Drive|[silent]
|
|upkeep
|
|t:|1769392223
|switch|p1a: DA LAST REX(3005)|Tyranitar, F|100/100
|-damage|p1a: DA LAST REX(3005)|88/100|[from] Stealth Rock
|-weather|Sandstorm|[from] ability: Sand Stream|[of] p1a: DA LAST REX(3005)
|turn|10
|
|t:|1769392227
|move|p2a: Iron Crown|Volt Switch|p1a: DA LAST REX(3005)
|-damage|p1a: DA LAST REX(3005)|82/100
|
|t:|1769392229
|-end|p2a: Iron Crown|Quark Drive|[silent]
|switch|p2a: Rillaboom|Rillaboom, M|100/100|[from] Volt Switch
|-damage|p2a: Rillaboom|88/100|[from] Stealth Rock
|-fieldstart|move: Grassy Terrain|[from] ability: Grassy Surge|[of] p2a: Rillaboom
|move|p1a: DA LAST REX(3005)|Knock Off|p2a: Rillaboom
|-damage|p2a: Rillaboom|47/100
|-enditem|p2a: Rillaboom|Terrain Extender|[from] move: Knock Off|[of] p1a: DA LAST REX(3005)
|
|-weather|Sandstorm|[upkeep]
|-damage|p2a: Rillaboom|40/100|[from] Sandstorm
|-heal|p2a: Rillaboom|47/100|[from] Grassy Terrain
|-heal|p1a: DA LAST REX(3005)|88/100|[from] Grassy Terrain
|upkeep
|turn|11
|
|t:|1769392241
|switch|p1a: OVO CHUBBS|Torkoal, M|100/100
|-weather|SunnyDay|[from] ability: Drought|[of] p1a: OVO CHUBBS
|move|p2a: Rillaboom|U-turn|p1a: OVO CHUBBS
|-resisted|p1a: OVO CHUBBS
|-damage|p1a: OVO CHUBBS|93/100
|
|t:|1769392246
|switch|p2a: Ursaluna|Ursaluna, M|67/100|[from] U-turn
|-damage|p2a: Ursaluna|61/100|[from] Stealth Rock
|
|-weather|SunnyDay|[upkeep]
|-heal|p2a: Ursaluna|67/100|[from] Grassy Terrain
|-heal|p2a: Ursaluna|73/100|[from] item: Leftovers
|-heal|p1a: OVO CHUBBS|99/100|[from] Grassy Terrain
|upkeep
|turn|12
|
|t:|1769392257
|move|p2a: Ursaluna|Headlong Rush|p1a: OVO CHUBBS
|-supereffective|p1a: OVO CHUBBS
|-damage|p1a: OVO CHUBBS|16/100
|-unboost|p2a: Ursaluna|def|1
|-unboost|p2a: Ursaluna|spd|1
|move|p1a: OVO CHUBBS|Lava Plume|p2a: Ursaluna
|-crit|p2a: Ursaluna
|-damage|p2a: Ursaluna|1/100
|
|-weather|SunnyDay|[upkeep]
|-heal|p2a: Ursaluna|7/100|[from] Grassy Terrain
|-heal|p2a: Ursaluna|14/100|[from] item: Leftovers
|-heal|p1a: OVO CHUBBS|22/100|[from] Grassy Terrain
|upkeep
|turn|13
|
|t:|1769392265
|move|p2a: Ursaluna|Facade|p1a: OVO CHUBBS
|-damage|p1a: OVO CHUBBS|0 fnt
|faint|p1a: OVO CHUBBS
|
|-weather|SunnyDay|[upkeep]
|-heal|p2a: Ursaluna|20/100|[from] Grassy Terrain
|-heal|p2a: Ursaluna|26/100|[from] item: Leftovers
|upkeep
|
|t:|1769392268
|switch|p1a: FAT CHARIZARD|Dragonite, M, shiny|100/100
|turn|14
|l| averyradiant
|
|t:|1769392276
|-terastallize|p1a: FAT CHARIZARD|Fairy
|move|p1a: FAT CHARIZARD|Dragon Dance|p1a: FAT CHARIZARD
|-boost|p1a: FAT CHARIZARD|atk|1
|-boost|p1a: FAT CHARIZARD|spe|1
|move|p2a: Ursaluna|Ice Punch|p1a: FAT CHARIZARD
|-damage|p1a: FAT CHARIZARD|84/100
|
|-weather|SunnyDay|[upkeep]
|-heal|p1a: FAT CHARIZARD|91/100|[from] Grassy Terrain
|-heal|p2a: Ursaluna|32/100|[from] Grassy Terrain
|-heal|p2a: Ursaluna|39/100|[from] item: Leftovers
|upkeep
|turn|15
|
|t:|1769392288
|move|p1a: FAT CHARIZARD|Dragon Dance|p1a: FAT CHARIZARD
|-boost|p1a: FAT CHARIZARD|atk|1
|-boost|p1a: FAT CHARIZARD|spe|1
|move|p2a: Ursaluna|Facade|p1a: FAT CHARIZARD
|-damage|p1a: FAT CHARIZARD|48/100
|
|-weather|none
|-heal|p1a: FAT CHARIZARD|54/100|[from] Grassy Terrain
|-heal|p2a: Ursaluna|45/100|[from] Grassy Terrain
|-heal|p2a: Ursaluna|51/100|[from] item: Leftovers
|upkeep
|turn|16
|
|t:|1769392291
|move|p1a: FAT CHARIZARD|Tera Blast|p2a: Ursaluna|[anim] Tera Blast Fairy
|-damage|p2a: Ursaluna|0 fnt
|faint|p2a: Ursaluna
|
|-heal|p1a: FAT CHARIZARD|60/100|[from] Grassy Terrain
|upkeep
|
|t:|1769392308
|switch|p2a: Rillaboom|Rillaboom, M|47/100
|-damage|p2a: Rillaboom|34/100|[from] Stealth Rock
|turn|17
|j| 54 insane rats
|
|t:|1769392327
|move|p2a: Rillaboom|Grassy Glide|p1a: FAT CHARIZARD
|-damage|p1a: FAT CHARIZARD|15/100
|move|p1a: FAT CHARIZARD|Tera Blast|p2a: Rillaboom|[anim] Tera Blast Fairy
|-damage|p2a: Rillaboom|0 fnt
|faint|p2a: Rillaboom
|
|-heal|p1a: FAT CHARIZARD|22/100|[from] Grassy Terrain
|-fieldend|move: Grassy Terrain
|upkeep
|
|t:|1769392333
|switch|p2a: Iron Crown|Iron Crown, tera:Fairy|94/100
|-damage|p2a: Iron Crown|82/100|[from] Stealth Rock
|turn|18
|
|t:|1769392335
|move|p1a: FAT CHARIZARD|Tera Blast|p2a: Iron Crown|[anim] Tera Blast Fairy
|-damage|p2a: Iron Crown|0 fnt
|faint|p2a: Iron Crown
|-end|p2a: Iron Crown|Quark Drive|[silent]
|
|upkeep
|
|t:|1769392337
|switch|p2a: Ogerpon|Ogerpon, F|100/100
|-damage|p2a: Ogerpon|88/100|[from] Stealth Rock
|turn|19
|
|t:|1769392339
|move|p1a: FAT CHARIZARD|Fire Punch|p2a: Ogerpon
|-supereffective|p2a: Ogerpon
|-damage|p2a: Ogerpon|0 fnt
|faint|p2a: Ogerpon
|
|win|NeoNaruto✈️_✈️
|raw|NeoNaruto✈️_✈️'s rating: 1606 &rarr; <strong>1629</strong><br />(+23 for winning)
|raw|pivotslophaxmaxxer's rating: 1659 &rarr; <strong>1636</strong><br />(-23 for losing)
|l|☆pivotslophaxmaxxer
|player|p2|
|l|☆NeoNaruto✈️_✈️
|player|p1|
|l| 54 insane rats
