|badge|p1|bronze|gen9ru|100-8
|uhtml|medal-msg|<div class="broadcast-blue">Curious what those medals under the avatar are? PS now has Ladder Seasons! For more information, check out the <a href="https://www.smogon.com/forums/threads/3740067/">thread on Smogon.</a></div>
|badge|p2|bronze|gen9ou|100-8
|uhtml|medal-msg|<div class="broadcast-blue">Curious what those medals under the avatar are? PS now has Ladder Seasons! For more information, check out the <a href="https://www.smogon.com/forums/threads/3740067/">thread on Smogon.</a></div>
|j|☆Dutchum
|j|☆noob1877 test
|t:|1769361377
|gametype|singles
|player|p1|Dutchum|channeler-gen1rb|1738
|player|p2|noob1877 test|1|1819
|gen|9
|tier|[Gen 9] OU
|rated|
|rule|HP Percentage Mod: HP is shown in percentages
|rule|Endless Battle Clause: Forcing endless battles is banned
|rule|Species Clause: Limit one of each Pokémon
|rule|OHKO Clause: OHKO moves are banned
|rule|Evasion Items Clause: Evasion items are banned
|rule|Evasion Moves Clause: Evasion moves are banned
|rule|Evasion Abilities Clause: Evasion abilities are banned
|rule|Sleep Moves Clause: Sleep-inducing moves are banned
|clearpoke
|poke|p1|Dragonite, F|
|poke|p1|Ting-Lu|
|poke|p1|Iron Valiant|
|poke|p1|Glimmora, M|
|poke|p1|Dragapult, F|
|poke|p1|Ogerpon-Wellspring, F|
|poke|p2|Hydrapple, M|
|poke|p2|Clodsire, M|
|poke|p2|Cinderace, M|
|poke|p2|Great Tusk|
|poke|p2|Pecharunt|
|poke|p2|Bronzong|
|teampreview
|inactive|Battle timer is ON: inactive players will automatically lose when time's up. (requested by Dutchum)
|inactive|noob1877 test has 120 seconds left.
|inactive|noob1877 test has 90 seconds left.
|
|t:|1769361448
|teamsize|p1|6
|teamsize|p2|6
|start
|switch|p1a: Ting-Lu|Ting-Lu|100/100
|switch|p2a: Clodsire|Clodsire, M|100/100
|-ability|p1a: Ting-Lu|Vessel of Ruin
|turn|1
|
|t:|1769361453
|switch|p2a: Hydrapple|Hydrapple, M|100/100
|move|p1a: Ting-Lu|Earthquake|p2a: Hydrapple
|-resisted|p2a: Hydrapple
|-damage|p2a: Hydrapple|87/100
|
|upkeep
|turn|2
|
|t:|1769361461
|switch|p1a: Iron Valiant|Iron Valiant|100/100
|-enditem|p1a: Iron Valiant|Booster Energy
|-activate|p1a: Iron Valiant|ability: Quark Drive|[fromitem]
|-start|p1a: Iron Valiant|quarkdrivespe
|move|p2a: Hydrapple|Nasty Plot|p2a: Hydrapple
|-boost|p2a: Hydrapple|spa|2
|
|upkeep
|turn|3
|
|t:|1769361464
|switch|p2a: Clodsire|Clodsire, M|100/100
|move|p1a: Iron Valiant|Moonblast|p2a: Clodsire
|-resisted|p2a: Clodsire
|-damage|p2a: Clodsire|88/100
|
|upkeep
|turn|4
|
|t:|1769361470
|-end|p1a: Iron Valiant|Quark Drive|[silent]
|switch|p1a: Glimmora|Glimmora, M|100/100
|move|p2a: Clodsire|Toxic|p1a: Glimmora
|-immune|p1a: Glimmora
|
|upkeep
|turn|5
|
|t:|1769361473
|move|p1a: Glimmora|Stealth Rock|p2a: Clodsire
|-sidestart|p2: noob1877 test|move: Stealth Rock
|move|p2a: Clodsire|Earthquake|p1a: Glimmora
|-supereffective|p1a: Glimmora
|-damage|p1a: Glimmora|12/100
|-activate|p1a: Glimmora|ability: Toxic Debris
|-sidestart|p2: noob1877 test|move: Toxic Spikes
|-enditem|p1a: Glimmora|Red Card|[of] p2a: Clodsire
|drag|p2a: Bronzong|Bronzong|100/100
|-damage|p2a: Bronzong|94/100|[from] Stealth Rock
|
|-heal|p2a: Bronzong|100/100|[from] item: Leftovers
|upkeep
|turn|6
|
|t:|1769361486
|switch|p1a: Ting-Lu|Ting-Lu|100/100
|-ability|p1a: Ting-Lu|Vessel of Ruin
|move|p2a: Bronzong|Psychic Noise|p1a: Ting-Lu
|-immune|p1a: Ting-Lu
|
|upkeep
|turn|7
|
|t:|1769361493
|switch|p2a: Cinderace|Cinderace, M|100/100
|move|p1a: Ting-Lu|Ruination|p2a: Cinderace
|-damage|p2a: Cinderace|51/100
|
|upkeep
|turn|8
|
|t:|1769361499
|move|p2a: Cinderace|Court Change|p2a: Cinderace
|-swapsideconditions
|-activate|p2a: Cinderace|move: Court Change
|move|p1a: Ting-Lu|Earthquake|p2a: Cinderace
|-supereffective|p2a: Cinderace
|-damage|p2a: Cinderace|0 fnt
|faint|p2a: Cinderace
|
|upkeep
|
|t:|1769361506
|switch|p2a: Hydrapple|Hydrapple, M|100/100
|turn|9
|
|t:|1769361512
|switch|p1a: Glimmora|Glimmora, M|12/100
|-damage|p1a: Glimmora|0 fnt|[from] Stealth Rock
|faint|p1a: Glimmora
|move|p2a: Hydrapple|Nasty Plot|p2a: Hydrapple
|-boost|p2a: Hydrapple|spa|2
|
|upkeep
|
|t:|1769361519
|switch|p1a: Iron Valiant|Iron Valiant|100/100
|-damage|p1a: Iron Valiant|94/100|[from] Stealth Rock
|-status|p1a: Iron Valiant|psn
|turn|10
|
|t:|1769361525
|switch|p2a: Clodsire|Clodsire, M|88/100
|move|p1a: Iron Valiant|Moonblast|p2a: Clodsire
|-resisted|p2a: Clodsire
|-damage|p2a: Clodsire|75/100
|
|-damage|p1a: Iron Valiant|82/100 psn|[from] psn
|upkeep
|turn|11
|
|t:|1769361529
|-end|p1a: Iron Valiant|Quark Drive|[silent]
|switch|p1a: Ting-Lu|Ting-Lu|100/100
|-damage|p1a: Ting-Lu|94/100|[from] Stealth Rock
|-status|p1a: Ting-Lu|psn
|-ability|p1a: Ting-Lu|Vessel of Ruin
|move|p2a: Clodsire|Spikes|p1a: Ting-Lu
|-sidestart|p1: Dutchum|Spikes
|
|-damage|p1a: Ting-Lu|82/100 psn|[from] psn
|upkeep
|turn|12
|
|t:|1769361535
|switch|p2a: Hydrapple|Hydrapple, M|100/100
|move|p1a: Ting-Lu|Ruination|p2a: Hydrapple|[miss]
|-miss|p1a: Ting-Lu|p2a: Hydrapple
|
|-damage|p1a: Ting-Lu|70/100 psn|[from] psn
|upkeep
|turn|13
|
|t:|1769361539
|move|p1a: Ting-Lu|Ruination|p2a: Hydrapple
|-damage|p2a: Hydrapple|51/100
|move|p2a: Hydrapple|Nasty Plot|p2a: Hydrapple
|-boost|p2a: Hydrapple|spa|2
|
|-damage|p1a: Ting-Lu|57/100 psn|[from] psn
|upkeep
|turn|14
|
|t:|1769361549
|move|p1a: Ting-Lu|Spikes|p2a: Hydrapple
|-sidestart|p2: noob1877 test|Spikes
|move|p2a: Hydrapple|Giga Drain|p1a: Ting-Lu
|-supereffective|p1a: Ting-Lu
|-damage|p1a: Ting-Lu|0 fnt
|-heal|p2a: Hydrapple|83/100|[from] drain|[of] p1a: Ting-Lu
|faint|p1a: Ting-Lu
|-damage|p2a: Hydrapple|74/100|[from] item: Life Orb
|
|upkeep
|
|t:|1769361561
|switch|p1a: Dragapult|Dragapult, F|100/100
|-damage|p1a: Dragapult|88/100|[from] Stealth Rock
|-status|p1a: Dragapult|psn
|-damage|p1a: Dragapult|76/100 psn|[from] Spikes
|turn|15
|
|t:|1769361573
|switch|p2a: Clodsire|Clodsire, M|75/100
|-damage|p2a: Clodsire|62/100|[from] Spikes
|move|p1a: Dragapult|Dragon Darts|p2a: Clodsire
|-damage|p2a: Clodsire|31/100
|-anim|p1a: Dragapult|Dragon Darts|p2a: Clodsire
|-damage|p2a: Clodsire|2/100
|-damage|p1a: Dragapult|66/100 psn|[from] item: Life Orb
|
|-damage|p1a: Dragapult|54/100 psn|[from] psn
|upkeep
|turn|16
|
|t:|1769361577
|move|p1a: Dragapult|Dragon Darts|p2a: Clodsire
|-damage|p2a: Clodsire|0 fnt
|faint|p2a: Clodsire
|-damage|p1a: Dragapult|44/100 psn|[from] item: Life Orb
|
|-damage|p1a: Dragapult|32/100 psn|[from] psn
|upkeep
|
|t:|1769361592
|switch|p2a: Pecharunt|Pecharunt|100/100
|turn|17
|
|t:|1769361609
|-terastallize|p2a: Pecharunt|Dark
|move|p1a: Dragapult|Shadow Ball|p2a: Pecharunt
|-resisted|p2a: Pecharunt
|-damage|p2a: Pecharunt|78/100
|-damage|p1a: Dragapult|22/100 psn|[from] item: Life Orb
|move|p2a: Pecharunt|Foul Play|p1a: Dragapult
|-supereffective|p1a: Dragapult
|-damage|p1a: Dragapult|0 fnt
|faint|p1a: Dragapult
|
|upkeep
|
|t:|1769361614
|switch|p1a: Iron Valiant|Iron Valiant|82/100 psn
|-damage|p1a: Iron Valiant|76/100 psn|[from] Stealth Rock
|-damage|p1a: Iron Valiant|63/100 psn|[from] Spikes
|turn|18
|
|t:|1769361627
|switch|p2a: Bronzong|Bronzong|100/100
|move|p1a: Iron Valiant|Calm Mind|p1a: Iron Valiant
|-boost|p1a: Iron Valiant|spa|1
|-boost|p1a: Iron Valiant|spd|1
|
|-damage|p1a: Iron Valiant|51/100 psn|[from] psn
|upkeep
|turn|19
|
|t:|1769361632
|move|p1a: Iron Valiant|Destiny Bond|p1a: Iron Valiant
|-singlemove|p1a: Iron Valiant|Destiny Bond
|move|p2a: Bronzong|Iron Head|p1a: Iron Valiant
|-supereffective|p1a: Iron Valiant
|-damage|p1a: Iron Valiant|0 fnt
|faint|p1a: Iron Valiant
|-activate|p1a: Iron Valiant|move: Destiny Bond
|-end|p1a: Iron Valiant|Quark Drive|[silent]
|faint|p2a: Bronzong
|
|upkeep
|
|t:|1769361643
|switch|p1a: Ogerpon|Ogerpon-Wellspring, F|100/100
|switch|p2a: Pecharunt|Pecharunt, tera:Dark|78/100
|-damage|p1a: Ogerpon|88/100|[from] Stealth Rock
|-status|p1a: Ogerpon|psn
|-damage|p1a: Ogerpon|76/100 psn|[from] Spikes
|turn|20
|
|t:|1769361648
|move|p1a: Ogerpon|Play Rough|p2a: Pecharunt
|-supereffective|p2a: Pecharunt
|-damage|p2a: Pecharunt|42/100
|move|p2a: Pecharunt|Recover|p2a: Pecharunt
|-heal|p2a: Pecharunt|92/100
|
|-damage|p1a: Ogerpon|64/100 psn|[from] psn
|upkeep
|turn|21
|
|t:|1769361651
|move|p1a: Ogerpon|Swords Dance|p1a: Ogerpon
|-boost|p1a: Ogerpon|atk|2
|move|p2a: Pecharunt|Foul Play|p1a: Ogerpon
|-damage|p1a: Ogerpon|0 fnt
|faint|p1a: Ogerpon
|
|upkeep
|
|t:|1769361653
|switch|p1a: Dragonite|Dragonite, F|100/100
|-damage|p1a: Dragonite|76/100|[from] Stealth Rock
|turn|22
|
|t:|1769361656
|move|p1a: Dragonite|Dragon Dance|p1a: Dragonite
|-boost|p1a: Dragonite|atk|1
|-boost|p1a: Dragonite|spe|1
|move|p2a: Pecharunt|Foul Play|p1a: Dragonite
|-damage|p1a: Dragonite|0 fnt
|faint|p1a: Dragonite
|
|win|noob1877 test
|raw|Dutchum's rating: 1738 &rarr; <strong>1723</strong><br />(-15 for losing)
|raw|noob1877 test's rating: 1819 &rarr; <strong>1834</strong><br />(+15 for winning)
|l|☆Dutchum
|player|p1|
|l|☆noob1877 test
|player|p2|
