|j|‽hisohisokurione
|j|☆3lit
|t:|1769321616
|gametype|singles
|player|p1|hisohisokurione|backersf|1071
|player|p2|3lit|265|1099
|gen|9
|tier|[Gen 9] OU
|rated|
|rule|HP Percentage Mod: HP is shown in percentages
|rule|Endless Battle Clause: Forcing endless battles is banned
|rule|Species Clause: Limit one of each Pokémon
|rule|OHKO Clause: OHKO moves are banned
|rule|Evasion Items Clause: Evasion items are banned
|rule|Evasion Moves Clause: Evasion moves are banned
|rule|Evasion Abilities Clause: Evasion abilities are banned
|rule|Sleep Moves Clause: Sleep-inducing moves are banned
|clearpoke
|poke|p1|Registeel|
|poke|p1|Sunkern, M|
|poke|p1|Dragapult, F|
|poke|p1|Torkoal, F|
|poke|p1|Mew|
|poke|p1|Pecharunt|
|poke|p2|Tinkaton, F|
|poke|p2|Slowking-Galar, M|
|poke|p2|Ogerpon-Wellspring, F|
|poke|p2|Great Tusk|
|poke|p2|Landorus-Therian, M|
|poke|p2|Raging Bolt|
|teampreview
|
|t:|1769321619
|teamsize|p1|6
|teamsize|p2|6
|start
|switch|p1a: Torkoal|Torkoal, F|100/100
|switch|p2a: Tinkaton|Tinkaton, F, shiny|100/100
|-ability|p2a: Tinkaton|Mold Breaker
|-weather|SunnyDay|[from] ability: Drought|[of] p1a: Torkoal
|turn|1
|inactive|Battle timer is ON: inactive players will automatically lose when time's up. (requested by 3lit)
|
|t:|1769321629
|move|p2a: Tinkaton|Stealth Rock|p1a: Torkoal
|-sidestart|p1: hisohisokurione|move: Stealth Rock
|move|p1a: Torkoal|Overheat|p2a: Tinkaton|[miss]
|-miss|p1a: Torkoal|p2a: Tinkaton
|
|-weather|SunnyDay|[upkeep]
|upkeep
|turn|2
|
|t:|1769321636
|switch|p2a: Gloking|Slowking-Galar, M, shiny|100/100
|move|p1a: Torkoal|Overheat|p2a: Gloking
|-damage|p2a: Gloking|67/100
|-unboost|p1a: Torkoal|spa|2
|-enditem|p1a: Torkoal|Eject Pack
|
|t:|1769321645
|switch|p1a: Dragapult|Dragapult, F|100/100
|
|-weather|SunnyDay|[upkeep]
|upkeep
|turn|3
|inactive|3lit has 120 seconds left.
|
|t:|1769321699
|move|p1a: Dragapult|Phantom Force||[still]
|-prepare|p1a: Dragapult|Phantom Force
|move|p2a: Gloking|Ice Beam|p1a: Dragapult|[miss]
|-miss|p2a: Gloking|p1a: Dragapult
|
|-weather|SunnyDay|[upkeep]
|upkeep
|turn|4
|
|t:|1769321705
|switch|p2a: Tinkaton|Tinkaton, F, shiny|100/100
|-ability|p2a: Tinkaton|Mold Breaker
|move|p1a: Dragapult|Phantom Force|p2a: Tinkaton|[from] lockedmove
|-damage|p2a: Tinkaton|67/100
|
|-weather|SunnyDay|[upkeep]
|-heal|p2a: Tinkaton|73/100|[from] item: Leftovers
|upkeep
|turn|5
|
|t:|1769321723
|move|p1a: Dragapult|Phantom Force||[still]
|-prepare|p1a: Dragapult|Phantom Force
|move|p2a: Tinkaton|Thunder Wave|p1a: Dragapult|[miss]
|-miss|p2a: Tinkaton|p1a: Dragapult
|
|-weather|none
|-heal|p2a: Tinkaton|79/100|[from] item: Leftovers
|upkeep
|turn|6
|inactive|3lit has 120 seconds left.
|
|t:|1769321734
|move|p1a: Dragapult|Phantom Force|p2a: Tinkaton|[from] lockedmove
|-damage|p2a: Tinkaton|44/100
|move|p2a: Tinkaton|Thunder Wave|p1a: Dragapult
|-status|p1a: Dragapult|par
|
|-heal|p2a: Tinkaton|50/100|[from] item: Leftovers
|upkeep
|turn|7
|
|t:|1769321742
|move|p2a: Tinkaton|Knock Off|p1a: Dragapult
|-supereffective|p1a: Dragapult
|-damage|p1a: Dragapult|54/100 par
|-enditem|p1a: Dragapult|Heavy-Duty Boots|[from] move: Knock Off|[of] p2a: Tinkaton
|cant|p1a: Dragapult|par
|
|-heal|p2a: Tinkaton|56/100|[from] item: Leftovers
|upkeep
|turn|8
|
|t:|1769321767
|move|p2a: Tinkaton|Gigaton Hammer|p1a: Dragapult
|-damage|p1a: Dragapult|0 fnt
|faint|p1a: Dragapult
|
|-heal|p2a: Tinkaton|62/100|[from] item: Leftovers
|upkeep
|inactive|hisohisokurione has 120 seconds left.
|
|t:|1769321782
|switch|p1a: Pecharunt|Pecharunt|100/100
|-damage|p1a: Pecharunt|88/100|[from] Stealth Rock
|turn|9
|
|t:|1769321791
|move|p1a: Pecharunt|Foul Play|p2a: Tinkaton
|-resisted|p2a: Tinkaton
|-damage|p2a: Tinkaton|55/100
|move|p2a: Tinkaton|Thunder Wave|p1a: Pecharunt|[miss]
|-miss|p2a: Tinkaton|p1a: Pecharunt
|
|-heal|p1a: Pecharunt|94/100|[from] item: Black Sludge
|-heal|p2a: Tinkaton|61/100|[from] item: Leftovers
|upkeep
|turn|10
|inactive|hisohisokurione has 120 seconds left.
|
|t:|1769321809
|switch|p1a: Mew|Mew|100/100
|-damage|p1a: Mew|88/100|[from] Stealth Rock
|move|p2a: Tinkaton|Thunder Wave|p1a: Mew
|-status|p1a: Mew|par
|-activate|p1a: Mew|ability: Synchronize
|-status|p2a: Tinkaton|par
|
|-heal|p2a: Tinkaton|68/100 par|[from] item: Leftovers
|upkeep
|turn|11
|inactive|hisohisokurione has 120 seconds left.
|
|t:|1769321819
|cant|p1a: Mew|par
|move|p2a: Tinkaton|Knock Off|p1a: Mew
|-supereffective|p1a: Mew
|-damage|p1a: Mew|52/100 par
|-enditem|p1a: Mew|Loaded Dice|[from] move: Knock Off|[of] p2a: Tinkaton
|
|-heal|p2a: Tinkaton|74/100 par|[from] item: Leftovers
|upkeep
|turn|12
|
|t:|1769321835
|cant|p1a: Mew|par
|move|p2a: Tinkaton|Gigaton Hammer|p1a: Mew
|-damage|p1a: Mew|10/100 par
|
|-heal|p2a: Tinkaton|80/100 par|[from] item: Leftovers
|upkeep
|turn|13
|inactive|hisohisokurione has 120 seconds left.
|
|t:|1769321851
|switch|p1a: Pecharunt|Pecharunt|94/100
|-damage|p1a: Pecharunt|82/100|[from] Stealth Rock
|move|p2a: Tinkaton|Knock Off|p1a: Pecharunt
|-supereffective|p1a: Pecharunt
|-damage|p1a: Pecharunt|58/100
|-enditem|p1a: Pecharunt|Black Sludge|[from] move: Knock Off|[of] p2a: Tinkaton
|
|-heal|p2a: Tinkaton|86/100 par|[from] item: Leftovers
|upkeep
|turn|14
|inactive|hisohisokurione has 120 seconds left.
|
|t:|1769321864
|move|p1a: Pecharunt|Malignant Chain|p2a: Tinkaton
|-immune|p2a: Tinkaton
|move|p2a: Tinkaton|Thunder Wave|p1a: Pecharunt
|-status|p1a: Pecharunt|par
|
|-heal|p2a: Tinkaton|92/100 par|[from] item: Leftovers
|upkeep
|turn|15
|inactive|3lit has 120 seconds left.
|inactive|3lit has 90 seconds left.
|inactive|3lit has 60 seconds left.
|
|t:|1769321956
|move|p1a: Pecharunt|Malignant Chain|p2a: Tinkaton
|-immune|p2a: Tinkaton
|move|p2a: Tinkaton|Gigaton Hammer|p1a: Pecharunt
|-damage|p1a: Pecharunt|31/100 par
|
|-heal|p2a: Tinkaton|98/100 par|[from] item: Leftovers
|upkeep
|turn|16
|
|t:|1769321968
|move|p1a: Pecharunt|Malignant Chain|p2a: Tinkaton
|-immune|p2a: Tinkaton
|move|p2a: Tinkaton|Knock Off|p1a: Pecharunt
|-supereffective|p1a: Pecharunt
|-damage|p1a: Pecharunt|13/100 par
|
|-heal|p2a: Tinkaton|100/100 par|[from] item: Leftovers
|upkeep
|turn|17
|
|t:|1769321979
|cant|p1a: Pecharunt|par
|move|p2a: Tinkaton|Knock Off|p1a: Pecharunt
|-supereffective|p1a: Pecharunt
|-damage|p1a: Pecharunt|0 fnt
|faint|p1a: Pecharunt
|
|upkeep
|inactive|hisohisokurione has 120 seconds left.
|
|t:|1769321995
|switch|p1a: Torkoal|Torkoal, F|100/100
|-damage|p1a: Torkoal|75/100|[from] Stealth Rock
|-weather|SunnyDay|[from] ability: Drought|[of] p1a: Torkoal
|turn|18
|inactive|hisohisokurione has 120 seconds left.
|
|t:|1769322012
|switch|p2a: Neck|Raging Bolt|100/100
|-activate|p2a: Neck|ability: Protosynthesis
|-start|p2a: Neck|protosynthesisspa
|move|p1a: Torkoal|Stealth Rock|p2a: Neck
|-sidestart|p2: 3lit|move: Stealth Rock
|
|-weather|SunnyDay|[upkeep]
|upkeep
|turn|19
|inactive|hisohisokurione has 120 seconds left.
|
|t:|1769322052
|move|p2a: Neck|Volt Switch|p1a: Torkoal
|-damage|p1a: Torkoal|0 fnt
|faint|p1a: Torkoal
|
|t:|1769322058
|-end|p2a: Neck|Protosynthesis|[silent]
|switch|p2a: Tinkaton|Tinkaton, F, shiny|100/100 par|[from] Volt Switch
|-damage|p2a: Tinkaton|94/100 par|[from] Stealth Rock
|-ability|p2a: Tinkaton|Mold Breaker
|
|-weather|SunnyDay|[upkeep]
|-heal|p2a: Tinkaton|100/100 par|[from] item: Leftovers
|upkeep
|
|t:|1769322066
|switch|p1a: Sunkern|Sunkern, M|100/100
|-damage|p1a: Sunkern|88/100|[from] Stealth Rock
|turn|20
|inactive|3lit has 90 seconds left.
|inactive|hisohisokurione has 90 seconds left.
|inactive|3lit has 60 seconds left.
|inactive|3lit has 30 seconds left.
|inactive|3lit has 20 seconds left.
|inactive|3lit has 15 seconds left.
|inactive|3lit has 10 seconds left.
|inactive|3lit has 5 seconds left.
|-message|3lit lost due to inactivity.
|
|win|hisohisokurione
|raw|hisohisokurione's rating: 1071 &rarr; <strong>1103</strong><br />(+32 for winning)
|raw|3lit's rating: 1099 &rarr; <strong>1072</strong><br />(-27 for losing)
|l|‽hisohisokurione
|player|p1|
|l|☆3lit
|player|p2|
