|j|☆The Blxck
|j|☆bsgff
|t:|1769324337
|gametype|singles
|player|p1|The Blxck|gardenia|1181
|player|p2|bsgff|hilbert|1191
|gen|9
|tier|[Gen 9] OU
|rated|
|rule|HP Percentage Mod: HP is shown in percentages
|rule|Endless Battle Clause: Forcing endless battles is banned
|rule|Species Clause: Limit one of each Pokémon
|rule|OHKO Clause: OHKO moves are banned
|rule|Evasion Items Clause: Evasion items are banned
|rule|Evasion Moves Clause: Evasion moves are banned
|rule|Evasion Abilities Clause: Evasion abilities are banned
|rule|Sleep Moves Clause: Sleep-inducing moves are banned
|clearpoke
|poke|p1|Tyranitar, M|
|poke|p1|Excadrill, M|
|poke|p1|Dachsbun, F|
|poke|p1|Greninja-*, M|
|poke|p1|Eelektross, F|
|poke|p1|Iron Valiant|
|poke|p2|Corviknight, M|
|poke|p2|Garchomp, M|
|poke|p2|Snorlax, M|
|poke|p2|Alomomola, F|
|poke|p2|Darkrai|
|poke|p2|Hatterene, F|
|teampreview
|inactive|Battle timer is ON: inactive players will automatically lose when time's up. (requested by bsgff)
|
|t:|1769324351
|teamsize|p1|6
|teamsize|p2|6
|start
|switch|p1a: Tyranitar|Tyranitar, M|100/100
|switch|p2a: Garchomp|Garchomp, M|100/100
|-weather|Sandstorm|[from] ability: Sand Stream|[of] p1a: Tyranitar
|turn|1
|
|t:|1769324358
|move|p2a: Garchomp|Spikes|p1a: Tyranitar
|-sidestart|p1: The Blxck|Spikes
|move|p1a: Tyranitar|Stealth Rock|p2a: Garchomp
|-sidestart|p2: bsgff|move: Stealth Rock
|
|-weather|Sandstorm|[upkeep]
|upkeep
|turn|2
|
|t:|1769324367
|switch|p1a: Greninja|Greninja, M|100/100
|-damage|p1a: Greninja|88/100|[from] Spikes
|move|p2a: Garchomp|Earthquake|p1a: Greninja
|-damage|p1a: Greninja|18/100
|
|-weather|Sandstorm|[upkeep]
|-damage|p1a: Greninja|12/100|[from] Sandstorm
|upkeep
|turn|3
|
|t:|1769324379
|switch|p2a: Alomomola|Alomomola, F|100/100
|move|p1a: Greninja|Ice Beam|p2a: Alomomola
|-resisted|p2a: Alomomola
|-damage|p2a: Alomomola|91/100
|
|-weather|Sandstorm|[upkeep]
|-damage|p1a: Greninja|6/100|[from] Sandstorm
|-damage|p2a: Alomomola|85/100|[from] Sandstorm
|upkeep
|turn|4
|
|t:|1769324385
|switch|p1a: Eelektross|Eelektross, F|100/100
|move|p2a: Alomomola|Flip Turn|p1a: Eelektross
|-damage|p1a: Eelektross|81/100
|
|t:|1769324413
|switch|p2a: Garchomp|Garchomp, M|100/100|[from] Flip Turn
|-damage|p2a: Garchomp|94/100|[from] Stealth Rock
|
|-weather|Sandstorm|[upkeep]
|-damage|p1a: Eelektross|75/100|[from] Sandstorm
|upkeep
|turn|5
|
|t:|1769324422
|move|p1a: Eelektross|Flash Cannon|p2a: Garchomp
|-damage|p2a: Garchomp|55/100
|-unboost|p2a: Garchomp|spd|1
|move|p2a: Garchomp|Dragon Tail|p1a: Eelektross
|-damage|p1a: Eelektross|46/100
|drag|p1a: Tyranitar|Tyranitar, M|100/100
|-damage|p1a: Tyranitar|88/100|[from] Spikes
|
|-weather|Sandstorm|[upkeep]
|upkeep
|turn|6
|
|t:|1769324443
|move|p2a: Garchomp|Earthquake|p1a: Tyranitar
|-supereffective|p1a: Tyranitar
|-damage|p1a: Tyranitar|18/100
|move|p1a: Tyranitar|Stone Edge|p2a: Garchomp|[miss]
|-miss|p1a: Tyranitar|p2a: Garchomp
|
|-weather|Sandstorm|[upkeep]
|upkeep
|turn|7
|
|t:|1769324452
|move|p2a: Garchomp|Earthquake|p1a: Tyranitar
|-supereffective|p1a: Tyranitar
|-damage|p1a: Tyranitar|0 fnt
|faint|p1a: Tyranitar
|
|-weather|Sandstorm|[upkeep]
|upkeep
|
|t:|1769324469
|switch|p1a: Iron Valiant|Iron Valiant|100/100
|-damage|p1a: Iron Valiant|88/100|[from] Spikes
|-enditem|p1a: Iron Valiant|Booster Energy
|-activate|p1a: Iron Valiant|ability: Quark Drive|[fromitem]
|-start|p1a: Iron Valiant|quarkdrivespe
|turn|8
|
|t:|1769324478
|switch|p2a: Snorlax|Snorlax, M|100/100
|-damage|p2a: Snorlax|88/100|[from] Stealth Rock
|move|p1a: Iron Valiant|Spirit Break|p2a: Snorlax
|-damage|p2a: Snorlax|59/100
|-unboost|p2a: Snorlax|spa|1
|
|-weather|none
|upkeep
|turn|9
|
|t:|1769324488
|-terastallize|p2a: Snorlax|Fairy
|move|p1a: Iron Valiant|Swords Dance|p1a: Iron Valiant
|-boost|p1a: Iron Valiant|atk|2
|move|p2a: Snorlax|Heavy Slam|p1a: Iron Valiant
|-supereffective|p1a: Iron Valiant
|-damage|p1a: Iron Valiant|0 fnt
|faint|p1a: Iron Valiant
|-end|p1a: Iron Valiant|Quark Drive|[silent]
|
|upkeep
|
|t:|1769324497
|switch|p1a: Excadrill|Excadrill, M|100/100
|turn|10
|
|t:|1769324512
|move|p1a: Excadrill|Swords Dance|p1a: Excadrill
|-boost|p1a: Excadrill|atk|2
|move|p2a: Snorlax|Hammer Arm|p1a: Excadrill
|-supereffective|p1a: Excadrill
|-damage|p1a: Excadrill|15/100
|-unboost|p2a: Snorlax|spe|1
|
|upkeep
|turn|11
|
|t:|1769324525
|switch|p2a: Garchomp|Garchomp, M|55/100
|-damage|p2a: Garchomp|49/100|[from] Stealth Rock
|move|p1a: Excadrill|Iron Head|p2a: Garchomp
|-damage|p2a: Garchomp|0 fnt
|-damage|p1a: Excadrill|3/100|[from] ability: Rough Skin|[of] p2a: Garchomp
|-damage|p1a: Excadrill|0 fnt|[from] item: Rocky Helmet|[of] p2a: Garchomp
|faint|p2a: Garchomp
|faint|p1a: Excadrill
|
|upkeep
|
|t:|1769324538
|switch|p1a: Greninja|Greninja, M|6/100
|switch|p2a: Darkrai|Darkrai|100/100
|-damage|p2a: Darkrai|88/100|[from] Stealth Rock
|-damage|p1a: Greninja|0 fnt|[from] Spikes
|faint|p1a: Greninja
|
|t:|1769324547
|switch|p1a: Eelektross|Eelektross, F|46/100
|turn|12
|
|t:|1769324554
|move|p2a: Darkrai|Dark Pulse|p1a: Eelektross
|-damage|p1a: Eelektross|0 fnt
|faint|p1a: Eelektross
|
|upkeep
|
|t:|1769324560
|switch|p1a: Dachsbun|Dachsbun, F|100/100
|-damage|p1a: Dachsbun|88/100|[from] Spikes
|turn|13
|
|t:|1769324567
|move|p2a: Darkrai|Sludge Bomb|p1a: Dachsbun
|-supereffective|p1a: Dachsbun
|-damage|p1a: Dachsbun|5/100
|move|p1a: Dachsbun|Body Press|p2a: Darkrai
|-supereffective|p2a: Darkrai
|-damage|p2a: Darkrai|15/100
|
|-heal|p1a: Dachsbun|11/100|[from] item: Leftovers
|upkeep
|turn|14
|-message|The Blxck forfeited.
|
|win|bsgff
|raw|The Blxck's rating: 1181 &rarr; <strong>1157</strong><br />(-24 for losing)
|raw|bsgff's rating: 1191 &rarr; <strong>1215</strong><br />(+24 for winning)
|l|☆The Blxck
|player|p1|
|l|☆bsgff
|player|p2|
