|j|☆Silver backGX
|j|☆114514home
|t:|1769297650
|gametype|singles
|player|p1|Silver backGX|169|1000
|player|p2|114514home|rocketgrunt|1005
|gen|9
|tier|[Gen 9] OU
|rated|
|rule|HP Percentage Mod: HP is shown in percentages
|rule|Endless Battle Clause: Forcing endless battles is banned
|rule|Species Clause: Limit one of each Pokémon
|rule|OHKO Clause: OHKO moves are banned
|rule|Evasion Items Clause: Evasion items are banned
|rule|Evasion Moves Clause: Evasion moves are banned
|rule|Evasion Abilities Clause: Evasion abilities are banned
|rule|Sleep Moves Clause: Sleep-inducing moves are banned
|clearpoke
|poke|p1|Rillaboom, F|
|poke|p1|Corviknight, F|
|poke|p1|Heatran, M|
|poke|p1|Dragapult, F|
|poke|p1|Garchomp, F|
|poke|p1|Great Tusk|
|poke|p2|Gliscor, M|
|poke|p2|Heatran, M|
|poke|p2|Dragonite, M|
|poke|p2|Azumarill, F|
|poke|p2|Conkeldurr, M|
|poke|p2|Kingambit, M|
|teampreview
|inactive|Battle timer is ON: inactive players will automatically lose when time's up. (requested by Silver backGX)
|
|t:|1769297662
|teamsize|p1|6
|teamsize|p2|6
|start
|switch|p1a: Garchomp|Garchomp, F|100/100
|switch|p2a: Heatran|Heatran, M|100/100
|turn|1
|
|t:|1769297675
|move|p1a: Garchomp|Stealth Rock|p2a: Heatran
|-sidestart|p2: 114514home|move: Stealth Rock
|move|p2a: Heatran|Stealth Rock|p1a: Garchomp
|-sidestart|p1: Silver backGX|move: Stealth Rock
|
|upkeep
|turn|2
|inactive|Silver backGX has 120 seconds left.
|inactive|Silver backGX has 90 seconds left.
|
|t:|1769297742
|switch|p2a: Azumarill|Azumarill, F|100/100
|-damage|p2a: Azumarill|88/100|[from] Stealth Rock
|move|p1a: Garchomp|Earthquake|p2a: Azumarill
|-damage|p2a: Azumarill|41/100
|
|upkeep
|turn|3
|inactive|Silver backGX has 90 seconds left.
|
|t:|1769297761
|move|p1a: Garchomp|Earthquake|p2a: Azumarill
|-crit|p2a: Azumarill
|-damage|p2a: Azumarill|0 fnt
|faint|p2a: Azumarill
|
|upkeep
|
|t:|1769297769
|switch|p2a: 超阴间|Gliscor, M|100/100
|-damage|p2a: 超阴间|88/100|[from] Stealth Rock
|turn|4
|inactive|Silver backGX has 90 seconds left.
|
|t:|1769297795
|switch|p1a: Corviknight|Corviknight, F|100/100
|-damage|p1a: Corviknight|88/100|[from] Stealth Rock
|move|p2a: 超阴间|Toxic|p1a: Corviknight
|-immune|p1a: Corviknight
|
|-heal|p1a: Corviknight|94/100|[from] item: Leftovers
|-status|p2a: 超阴间|tox|[from] item: Toxic Orb
|upkeep
|turn|5
|
|t:|1769297807
|move|p2a: 超阴间|Spikes|p1a: Corviknight
|-sidestart|p1: Silver backGX|Spikes
|move|p1a: Corviknight|Defog|p2a: 超阴间
|-unboost|p2a: 超阴间|evasion|1
|-sideend|p2: 114514home|Stealth Rock|[from] move: Defog|[of] p1a: Corviknight
|-sideend|p1: Silver backGX|Spikes|[from] move: Defog|[of] p1a: Corviknight
|-sideend|p1: Silver backGX|Stealth Rock|[from] move: Defog|[of] p1a: Corviknight
|
|-heal|p1a: Corviknight|100/100|[from] item: Leftovers
|-heal|p2a: 超阴间|100/100 tox|[from] ability: Poison Heal
|upkeep
|turn|6
|
|t:|1769297820
|switch|p2a: Heatran|Heatran, M|100/100
|move|p1a: Corviknight|Brave Bird|p2a: Heatran
|-resisted|p2a: Heatran
|-damage|p2a: Heatran|85/100
|-damage|p1a: Corviknight|96/100|[from] Recoil
|
|-heal|p1a: Corviknight|100/100|[from] item: Leftovers
|upkeep
|turn|7
|
|t:|1769297834
|switch|p1a: Heatran|Heatran, M|100/100
|move|p2a: Heatran|Fire Blast|p1a: Heatran
|-start|p1a: Heatran|ability: Flash Fire
|
|upkeep
|turn|8
|
|t:|1769297850
|move|p2a: Heatran|Stealth Rock|p1a: Heatran
|-sidestart|p1: Silver backGX|move: Stealth Rock
|move|p1a: Heatran|Taunt|p2a: Heatran
|-start|p2a: Heatran|move: Taunt
|
|upkeep
|turn|9
|
|t:|1769297857
|move|p1a: Heatran|Earth Power|p2a: Heatran
|-supereffective|p2a: Heatran
|-damage|p2a: Heatran|0 fnt
|faint|p2a: Heatran
|
|upkeep
|
|t:|1769297872
|switch|p2a: 超阴间|Gliscor, M|100/100 tox
|turn|10
|
|t:|1769297881
|-terastallize|p1a: Heatran|Grass
|move|p2a: 超阴间|Toxic|p1a: Heatran
|-status|p1a: Heatran|tox
|move|p1a: Heatran|Magma Storm|p2a: 超阴间
|-damage|p2a: 超阴间|0 fnt
|faint|p2a: 超阴间
|
|-damage|p1a: Heatran|94/100 tox|[from] psn
|upkeep
|
|t:|1769297896
|switch|p2a: Dragonite|Dragonite, M|100/100
|turn|11
|inactive|Silver backGX has 90 seconds left.
|
|t:|1769297905
|move|p2a: Dragonite|Protect|p2a: Dragonite
|-singleturn|p2a: Dragonite|Protect
|move|p1a: Heatran|Magma Storm|p2a: Dragonite
|-activate|p2a: Dragonite|move: Protect
|
|-heal|p1a: Heatran|100/100 tox|[from] item: Leftovers
|-damage|p1a: Heatran|88/100 tox|[from] psn
|upkeep
|turn|12
|
|t:|1769297915
|move|p2a: Dragonite|Dragon Dance|p2a: Dragonite
|-boost|p2a: Dragonite|atk|1
|-boost|p2a: Dragonite|spe|1
|move|p1a: Heatran|Magma Storm|p2a: Dragonite
|-resisted|p2a: Dragonite
|-damage|p2a: Dragonite|83/100
|-activate|p2a: Dragonite|move: Magma Storm|[of] p1a: Heatran
|
|-heal|p2a: Dragonite|89/100|[from] item: Leftovers
|-heal|p1a: Heatran|94/100 tox|[from] item: Leftovers
|-damage|p1a: Heatran|76/100 tox|[from] psn
|-damage|p2a: Dragonite|77/100|[from] move: Magma Storm|[partiallytrapped]
|upkeep
|turn|13
|
|t:|1769297929
|move|p2a: Dragonite|Protect|p2a: Dragonite
|-singleturn|p2a: Dragonite|Protect
|move|p1a: Heatran|Taunt|p2a: Dragonite
|-activate|p2a: Dragonite|move: Protect
|
|-heal|p2a: Dragonite|83/100|[from] item: Leftovers
|-heal|p1a: Heatran|82/100 tox|[from] item: Leftovers
|-damage|p1a: Heatran|57/100 tox|[from] psn
|-damage|p2a: Dragonite|71/100|[from] move: Magma Storm|[partiallytrapped]
|upkeep
|turn|14
|
|t:|1769297945
|-terastallize|p2a: Dragonite|Dragon
|move|p2a: Dragonite|Dragon Claw|p1a: Heatran
|-damage|p1a: Heatran|0 fnt
|faint|p1a: Heatran
|
|-heal|p2a: Dragonite|77/100|[from] item: Leftovers
|-end|p2a: Dragonite|Magma Storm|[partiallytrapped]|[silent]
|upkeep
|inactive|Silver backGX has 90 seconds left.
|
|t:|1769297971
|switch|p1a: Dragapult|Dragapult, F|100/100
|-damage|p1a: Dragapult|88/100|[from] Stealth Rock
|turn|15
|
|t:|1769297977
|move|p2a: Dragonite|Protect|p2a: Dragonite
|-singleturn|p2a: Dragonite|Protect
|move|p1a: Dragapult|Draco Meteor|p2a: Dragonite
|-activate|p2a: Dragonite|move: Protect
|
|-heal|p2a: Dragonite|83/100|[from] item: Leftovers
|upkeep
|turn|16
|
|t:|1769297986
|move|p2a: Dragonite|Extreme Speed|p1a: Dragapult
|-immune|p1a: Dragapult
|move|p1a: Dragapult|Draco Meteor|p2a: Dragonite
|-supereffective|p2a: Dragonite
|-damage|p2a: Dragonite|0 fnt
|-unboost|p1a: Dragapult|spa|2
|faint|p2a: Dragonite
|
|upkeep
|
|t:|1769297998
|switch|p2a: Conkeldurr|Conkeldurr, M|100/100
|turn|17
|
|t:|1769298010
|switch|p1a: Corviknight|Corviknight, F|100/100
|-damage|p1a: Corviknight|88/100|[from] Stealth Rock
|move|p2a: Conkeldurr|Bulk Up|p2a: Conkeldurr
|-boost|p2a: Conkeldurr|atk|1
|-boost|p2a: Conkeldurr|def|1
|
|-heal|p1a: Corviknight|94/100|[from] item: Leftovers
|-status|p2a: Conkeldurr|brn|[from] item: Flame Orb
|upkeep
|turn|18
|
|t:|1769298025
|move|p1a: Corviknight|Brave Bird|p2a: Conkeldurr
|-supereffective|p2a: Conkeldurr
|-crit|p2a: Conkeldurr
|-damage|p2a: Conkeldurr|1/100 brn
|-damage|p1a: Corviknight|60/100|[from] Recoil
|move|p2a: Conkeldurr|Drain Punch|p1a: Corviknight
|-crit|p1a: Corviknight
|-damage|p1a: Corviknight|0 fnt
|-heal|p2a: Conkeldurr|30/100 brn|[from] drain|[of] p1a: Corviknight
|faint|p1a: Corviknight
|
|-damage|p2a: Conkeldurr|24/100 brn|[from] brn
|upkeep
|inactive|Silver backGX has 90 seconds left.
|
|t:|1769298040
|switch|p1a: Dragapult|Dragapult, F|88/100
|-damage|p1a: Dragapult|76/100|[from] Stealth Rock
|turn|19
|
|t:|1769298048
|move|p1a: Dragapult|Shadow Ball|p2a: Conkeldurr
|-damage|p2a: Conkeldurr|0 fnt
|faint|p2a: Conkeldurr
|
|upkeep
|
|t:|1769298054
|switch|p2a: Kingambit|Kingambit, M|100/100
|-activate|p2a: Kingambit|ability: Supreme Overlord
|-start|p2a: Kingambit|fallen5|[silent]
|turn|20
|
|t:|1769298069
|switch|p1a: Great Tusk|Great Tusk|100/100
|-damage|p1a: Great Tusk|98/100|[from] Stealth Rock
|-enditem|p1a: Great Tusk|Booster Energy
|-activate|p1a: Great Tusk|ability: Protosynthesis|[fromitem]
|-start|p1a: Great Tusk|protosynthesisatk
|move|p2a: Kingambit|Night Slash|p1a: Great Tusk
|-resisted|p1a: Great Tusk
|-damage|p1a: Great Tusk|61/100
|
|upkeep
|turn|21
|
|t:|1769298082
|move|p1a: Great Tusk|Earthquake|p2a: Kingambit
|-supereffective|p2a: Kingambit
|-damage|p2a: Kingambit|2/100
|move|p2a: Kingambit|Night Slash|p1a: Great Tusk
|-resisted|p1a: Great Tusk
|-damage|p1a: Great Tusk|26/100
|
|upkeep
|turn|22
|
|t:|1769298092
|move|p1a: Great Tusk|Earthquake|p2a: Kingambit
|-supereffective|p2a: Kingambit
|-damage|p2a: Kingambit|0 fnt
|faint|p2a: Kingambit
|-end|p2a: Kingambit|fallen5|[silent]
|
|win|Silver backGX
|raw|Silver backGX's rating: 1000 &rarr; <strong>1040</strong><br />(+40 for winning)
|raw|114514home's rating: 1000 &rarr; <strong>1000</strong><br />(+0 for losing)
|l|☆114514home
|player|p2|
