|j|☆Marceeisanut
|j|☆GoatedPikaPika
|t:|1769373030
|gametype|singles
|player|p1|Marceeisanut|clown|1220
|player|p2|GoatedPikaPika|drayden|1272
|gen|9
|tier|[Gen 9] OU
|rated|
|rule|HP Percentage Mod: HP is shown in percentages
|rule|Endless Battle Clause: Forcing endless battles is banned
|rule|Species Clause: Limit one of each Pokémon
|rule|OHKO Clause: OHKO moves are banned
|rule|Evasion Items Clause: Evasion items are banned
|rule|Evasion Moves Clause: Evasion moves are banned
|rule|Evasion Abilities Clause: Evasion abilities are banned
|rule|Sleep Moves Clause: Sleep-inducing moves are banned
|clearpoke
|poke|p1|Whiscash, M|
|poke|p1|Slowking-Galar, M|
|poke|p1|Corviknight, M|
|poke|p1|Ursaluna, F|
|poke|p1|Cresselia, F|
|poke|p1|Kingambit, M|
|poke|p2|Samurott-Hisui, F|
|poke|p2|Landorus-Therian, M|
|poke|p2|Blaziken, M|
|poke|p2|Pecharunt|
|poke|p2|Iron Crown|
|poke|p2|Great Tusk|
|teampreview
|inactive|Battle timer is ON: inactive players will automatically lose when time's up. (requested by GoatedPikaPika)
|
|t:|1769373042
|teamsize|p1|6
|teamsize|p2|6
|start
|switch|p1a: Corviknight|Corviknight, M|100/100
|switch|p2a: Landorus|Landorus-Therian, M|100/100
|-ability|p2a: Landorus|Intimidate|boost
|-unboost|p1a: Corviknight|atk|1
|-ability|p1a: Corviknight|Pressure
|turn|1
|
|t:|1769373046
|move|p2a: Landorus|U-turn|p1a: Corviknight
|-resisted|p1a: Corviknight
|-damage|p1a: Corviknight|96/100
|-damage|p2a: Landorus|84/100|[from] item: Rocky Helmet|[of] p1a: Corviknight
|
|t:|1769373054
|switch|p2a: Blaziken|Blaziken, M|100/100|[from] U-turn
|move|p1a: Corviknight|Taunt|p2a: Blaziken
|-start|p2a: Blaziken|move: Taunt
|
|upkeep
|turn|2
|
|t:|1769373065
|switch|p1a: Whiscash|Whiscash, M|100/100
|move|p2a: Blaziken|Overheat|p1a: Whiscash
|-resisted|p1a: Whiscash
|-damage|p1a: Whiscash|66/100
|-unboost|p2a: Blaziken|spa|2
|
|-heal|p1a: Whiscash|72/100|[from] item: Leftovers
|-ability|p2a: Blaziken|Speed Boost|boost
|-boost|p2a: Blaziken|spe|1
|upkeep
|turn|3
|
|t:|1769373078
|switch|p2a: Samurott|Samurott-Hisui, F|100/100
|move|p1a: Whiscash|Stealth Rock|p2a: Samurott
|-sidestart|p2: GoatedPikaPika|move: Stealth Rock
|
|-heal|p1a: Whiscash|78/100|[from] item: Leftovers
|upkeep
|turn|4
|
|t:|1769373084
|move|p2a: Samurott|Ceaseless Edge|p1a: Whiscash
|-damage|p1a: Whiscash|31/100
|-sidestart|p1: Marceeisanut|Spikes
|move|p1a: Whiscash|Curse|p1a: Whiscash
|-unboost|p1a: Whiscash|spe|1
|-boost|p1a: Whiscash|atk|1
|-boost|p1a: Whiscash|def|1
|
|-heal|p1a: Whiscash|38/100|[from] item: Leftovers
|upkeep
|turn|5
|
|t:|1769373089
|move|p2a: Samurott|Ceaseless Edge|p1a: Whiscash
|-damage|p1a: Whiscash|1/100
|-sidestart|p1: Marceeisanut|Spikes
|move|p1a: Whiscash|Earthquake|p2a: Samurott
|-damage|p2a: Samurott|25/100
|
|-heal|p1a: Whiscash|8/100|[from] item: Leftovers
|upkeep
|turn|6
|
|t:|1769373097
|move|p2a: Samurott|Aqua Jet|p1a: Whiscash
|-damage|p1a: Whiscash|0 fnt
|faint|p1a: Whiscash
|
|upkeep
|
|t:|1769373098
|switch|p1a: Corviknight|Corviknight, M|96/100
|-ability|p1a: Corviknight|Pressure
|turn|7
|
|t:|1769373102
|move|p2a: Samurott|Ceaseless Edge|p1a: Corviknight
|-crit|p1a: Corviknight
|-damage|p1a: Corviknight|52/100
|-damage|p2a: Samurott|9/100|[from] item: Rocky Helmet|[of] p1a: Corviknight
|-sidestart|p1: Marceeisanut|Spikes
|move|p1a: Corviknight|Defog|p2a: Samurott
|-unboost|p2a: Samurott|evasion|1
|-sideend|p2: GoatedPikaPika|Stealth Rock|[from] move: Defog|[of] p1a: Corviknight
|-sideend|p1: Marceeisanut|Spikes|[from] move: Defog|[of] p1a: Corviknight
|
|upkeep
|turn|8
|
|t:|1769373107
|move|p2a: Samurott|Ceaseless Edge|p1a: Corviknight
|-damage|p1a: Corviknight|21/100
|-damage|p2a: Samurott|0 fnt|[from] item: Rocky Helmet|[of] p1a: Corviknight
|faint|p2a: Samurott
|move|p1a: Corviknight|Roost|p1a: Corviknight
|-heal|p1a: Corviknight|71/100
|-singleturn|p1a: Corviknight|move: Roost
|
|upkeep
|
|t:|1769373113
|switch|p2a: Blaziken|Blaziken, M|100/100
|turn|9
|
|t:|1769373117
|switch|p1a: Slowking|Slowking-Galar, M|100/100
|move|p2a: Blaziken|Focus Energy|p2a: Blaziken
|-start|p2a: Blaziken|move: Focus Energy
|
|-ability|p2a: Blaziken|Speed Boost|boost
|-boost|p2a: Blaziken|spe|1
|upkeep
|turn|10
|
|t:|1769373122
|move|p2a: Blaziken|Overheat|p1a: Slowking
|-crit|p1a: Slowking
|-damage|p1a: Slowking|43/100
|-unboost|p2a: Blaziken|spa|2
|move|p1a: Slowking|Trick Room|p1a: Slowking
|-fieldstart|move: Trick Room|[of] p1a: Slowking
|
|-ability|p2a: Blaziken|Speed Boost|boost
|-boost|p2a: Blaziken|spe|1
|upkeep
|turn|11
|
|t:|1769373128
|-prepare|p1a: Slowking|Chilly Reception|[premajor]
|move|p1a: Slowking|Chilly Reception|p1a: Slowking
|-weather|Snowscape
|
|t:|1769373130
|switch|p1a: Ursaluna|Ursaluna, F|100/100|[from] Chilly Reception
|move|p2a: Blaziken|Overheat|p1a: Ursaluna
|-crit|p1a: Ursaluna
|-damage|p1a: Ursaluna|8/100
|-unboost|p2a: Blaziken|spa|2
|
|-weather|Snowscape|[upkeep]
|-status|p1a: Ursaluna|brn|[from] item: Flame Orb
|-ability|p2a: Blaziken|Speed Boost|boost
|-boost|p2a: Blaziken|spe|1
|upkeep
|turn|12
|
|t:|1769373140
|move|p1a: Ursaluna|Facade|p2a: Blaziken
|-damage|p2a: Blaziken|0 fnt
|faint|p2a: Blaziken
|
|-weather|Snowscape|[upkeep]
|-damage|p1a: Ursaluna|2/100 brn|[from] brn
|upkeep
|
|t:|1769373148
|switch|p2a: Pecharunt|Pecharunt|100/100
|turn|13
|
|t:|1769373155
|switch|p1a: Corviknight|Corviknight, M|71/100
|-ability|p1a: Corviknight|Pressure
|move|p2a: Pecharunt|Recover||[still]
|-fail|p2a: Pecharunt|heal
|
|-weather|Snowscape|[upkeep]
|upkeep
|turn|14
|
|t:|1769373159
|move|p1a: Corviknight|Taunt|p2a: Pecharunt
|-start|p2a: Pecharunt|move: Taunt
|cant|p2a: Pecharunt|move: Taunt|Parting Shot
|
|-weather|Snowscape|[upkeep]
|-fieldend|move: Trick Room
|upkeep
|turn|15
|
|t:|1769373165
|switch|p2a: Iron Crown|Iron Crown|100/100
|move|p1a: Corviknight|U-turn|p2a: Iron Crown
|-damage|p2a: Iron Crown|85/100
|
|t:|1769373175
|switch|p1a: Kingambit|Kingambit, M|100/100|[from] U-turn
|-activate|p1a: Kingambit|ability: Supreme Overlord
|-start|p1a: Kingambit|fallen1|[silent]
|
|-weather|none
|upkeep
|turn|16
|
|t:|1769373180
|move|p2a: Iron Crown|Focus Blast|p1a: Kingambit|[miss]
|-miss|p2a: Iron Crown|p1a: Kingambit
|move|p1a: Kingambit|Kowtow Cleave|p2a: Iron Crown
|-supereffective|p2a: Iron Crown
|-damage|p2a: Iron Crown|0 fnt
|faint|p2a: Iron Crown
|-end|p2a: Iron Crown|Quark Drive|[silent]
|
|upkeep
|
|t:|1769373187
|switch|p2a: Landorus|Landorus-Therian, M|84/100
|-ability|p2a: Landorus|Intimidate|boost
|-unboost|p1a: Kingambit|atk|1
|turn|17
|
|t:|1769373191
|-end|p1a: Kingambit|fallen1|[silent]
|switch|p1a: Corviknight|Corviknight, M|71/100
|-ability|p1a: Corviknight|Pressure
|move|p2a: Landorus|U-turn|p1a: Corviknight
|-resisted|p1a: Corviknight
|-damage|p1a: Corviknight|67/100
|-damage|p2a: Landorus|67/100|[from] item: Rocky Helmet|[of] p1a: Corviknight
|
|t:|1769373195
|switch|p2a: Great Tusk|Great Tusk|100/100|[from] U-turn
|-enditem|p2a: Great Tusk|Booster Energy
|-activate|p2a: Great Tusk|ability: Protosynthesis|[fromitem]
|-start|p2a: Great Tusk|protosynthesisspe
|
|upkeep
|turn|18
|-message|GoatedPikaPika forfeited.
|
|win|Marceeisanut
|raw|Marceeisanut's rating: 1220 &rarr; <strong>1249</strong><br />(+29 for winning)
|raw|GoatedPikaPika's rating: 1272 &rarr; <strong>1243</strong><br />(-29 for losing)
|l|☆GoatedPikaPika
|player|p2|
|l|☆Marceeisanut
|player|p1|
