|j|☆Chigusa_24zono
|j|☆lord shiddenfards
|t:|1769335642
|gametype|singles
|player|p1|Chigusa_24zono|lass|1672
|player|p2|lord shiddenfards|rood|1604
|gen|9
|tier|[Gen 9] OU
|rated|
|rule|HP Percentage Mod: HP is shown in percentages
|rule|Endless Battle Clause: Forcing endless battles is banned
|rule|Species Clause: Limit one of each Pokémon
|rule|OHKO Clause: OHKO moves are banned
|rule|Evasion Items Clause: Evasion items are banned
|rule|Evasion Moves Clause: Evasion moves are banned
|rule|Evasion Abilities Clause: Evasion abilities are banned
|rule|Sleep Moves Clause: Sleep-inducing moves are banned
|clearpoke
|poke|p1|Iron Jugulis|
|poke|p1|Sandy Shocks|
|poke|p1|Manaphy|
|poke|p1|Latios, M|
|poke|p1|Scizor, F|
|poke|p1|Ogerpon, F|
|poke|p2|Ninetales, F|
|poke|p2|Great Tusk|
|poke|p2|Slither Wing|
|poke|p2|Raging Bolt|
|poke|p2|Iron Moth|
|poke|p2|Alomomola, M|
|teampreview
|inactive|Battle timer is ON: inactive players will automatically lose when time's up. (requested by Chigusa_24zono)
|
|t:|1769335652
|teamsize|p1|6
|teamsize|p2|6
|start
|switch|p1a: Sandy Shocks|Sandy Shocks, shiny|100/100
|switch|p2a: Slither Wing|Slither Wing|100/100
|-enditem|p1a: Sandy Shocks|Booster Energy
|-activate|p1a: Sandy Shocks|ability: Protosynthesis|[fromitem]
|-start|p1a: Sandy Shocks|protosynthesisspe
|turn|1
|
|t:|1769335657
|move|p1a: Sandy Shocks|Stealth Rock|p2a: Slither Wing
|-sidestart|p2: lord shiddenfards|move: Stealth Rock
|move|p2a: Slither Wing|U-turn|p1a: Sandy Shocks
|-damage|p1a: Sandy Shocks|36/100
|
|t:|1769335660
|-end|p2a: Slither Wing|Protosynthesis|[silent]
|switch|p2a: Great Tusk|Great Tusk|100/100|[from] U-turn
|
|upkeep
|turn|2
|
|t:|1769335685
|-terastallize|p1a: Sandy Shocks|Ghost
|-terastallize|p2a: Great Tusk|Ghost
|move|p1a: Sandy Shocks|Earth Power|p2a: Great Tusk
|-damage|p2a: Great Tusk|46/100
|move|p2a: Great Tusk|Rapid Spin|p1a: Sandy Shocks
|-immune|p1a: Sandy Shocks
|
|upkeep
|turn|3
|
|t:|1769335693
|-end|p2a: Great Tusk|Protosynthesis|[silent]
|switch|p2a: Alomomola|Alomomola, M|100/100
|-damage|p2a: Alomomola|88/100|[from] Stealth Rock
|move|p1a: Sandy Shocks|Earth Power|p2a: Alomomola
|-damage|p2a: Alomomola|53/100
|-enditem|p2a: Alomomola|Eject Button
|
|t:|1769335700
|switch|p2a: Slither Wing|Slither Wing|100/100
|-damage|p2a: Slither Wing|88/100|[from] Stealth Rock
|
|upkeep
|turn|4
|
|t:|1769335703
|move|p2a: Slither Wing|First Impression|p1a: Sandy Shocks
|-resisted|p1a: Sandy Shocks
|-damage|p1a: Sandy Shocks|0 fnt
|faint|p1a: Sandy Shocks
|-end|p1a: Sandy Shocks|Protosynthesis|[silent]
|
|upkeep
|
|t:|1769335708
|switch|p1a: Iron Jugulis|Iron Jugulis, shiny|100/100
|-enditem|p1a: Iron Jugulis|Booster Energy
|-activate|p1a: Iron Jugulis|ability: Quark Drive|[fromitem]
|-start|p1a: Iron Jugulis|quarkdrivespe
|turn|5
|
|t:|1769335713
|-end|p2a: Slither Wing|Protosynthesis|[silent]
|switch|p2a: Alomomola|Alomomola, M|87/100
|-damage|p2a: Alomomola|74/100|[from] Stealth Rock
|move|p1a: Iron Jugulis|Earth Power|p2a: Alomomola
|-damage|p2a: Alomomola|49/100
|-unboost|p2a: Alomomola|spd|1
|
|upkeep
|turn|6
|
|t:|1769335718
|move|p1a: Iron Jugulis|Hurricane|p2a: Alomomola
|-damage|p2a: Alomomola|0 fnt
|faint|p2a: Alomomola
|
|upkeep
|
|t:|1769335728
|switch|p2a: Raging Bolt|Raging Bolt|100/100
|-damage|p2a: Raging Bolt|88/100|[from] Stealth Rock
|turn|7
|
|t:|1769335732
|move|p1a: Iron Jugulis|Earth Power|p2a: Raging Bolt
|-supereffective|p2a: Raging Bolt
|-damage|p2a: Raging Bolt|54/100
|move|p2a: Raging Bolt|Volt Switch|p1a: Iron Jugulis
|-supereffective|p1a: Iron Jugulis
|-damage|p1a: Iron Jugulis|0 fnt
|faint|p1a: Iron Jugulis
|-end|p1a: Iron Jugulis|Quark Drive|[silent]
|
|t:|1769335743
|-end|p2a: Raging Bolt|Protosynthesis|[silent]
|switch|p2a: Ninetales|Ninetales, F|100/100|[from] Volt Switch
|-damage|p2a: Ninetales|76/100|[from] Stealth Rock
|-weather|SunnyDay|[from] ability: Drought|[of] p2a: Ninetales
|
|-weather|SunnyDay|[upkeep]
|upkeep
|
|t:|1769335754
|switch|p1a: Latios|Latios, M, shiny|100/100
|turn|8
|
|t:|1769335764
|move|p2a: Ninetales|Overheat|p1a: Latios
|-resisted|p1a: Latios
|-damage|p1a: Latios|49/100
|-unboost|p2a: Ninetales|spa|2
|move|p1a: Latios|Agility|p1a: Latios
|-boost|p1a: Latios|spe|2
|
|-weather|SunnyDay|[upkeep]
|upkeep
|turn|9
|
|t:|1769335778
|move|p1a: Latios|Calm Mind|p1a: Latios
|-boost|p1a: Latios|spa|1
|-boost|p1a: Latios|spd|1
|move|p2a: Ninetales|Overheat|p1a: Latios
|-resisted|p1a: Latios
|-damage|p1a: Latios|33/100
|-unboost|p2a: Ninetales|spa|2
|
|-weather|SunnyDay|[upkeep]
|upkeep
|turn|10
|
|t:|1769335794
|move|p1a: Latios|Stored Power|p2a: Ninetales
|-damage|p2a: Ninetales|0 fnt
|faint|p2a: Ninetales
|
|-weather|SunnyDay|[upkeep]
|upkeep
|
|t:|1769335797
|switch|p2a: Slither Wing|Slither Wing|88/100
|-damage|p2a: Slither Wing|76/100|[from] Stealth Rock
|-activate|p2a: Slither Wing|ability: Protosynthesis
|-start|p2a: Slither Wing|protosynthesisatk
|turn|11
|
|t:|1769335801
|switch|p1a: Scizor|Scizor, F, shiny|100/100
|move|p2a: Slither Wing|First Impression|p1a: Scizor
|-resisted|p1a: Scizor
|-damage|p1a: Scizor|45/100
|-enditem|p1a: Scizor|Sitrus Berry|[eat]
|-heal|p1a: Scizor|70/100|[from] item: Sitrus Berry
|
|-weather|none
|-end|p2a: Slither Wing|Protosynthesis
|upkeep
|turn|12
|
|t:|1769335820
|-end|p2a: Slither Wing|Protosynthesis|[silent]
|switch|p2a: Iron Moth|Iron Moth|100/100
|-damage|p2a: Iron Moth|76/100|[from] Stealth Rock
|-enditem|p2a: Iron Moth|Booster Energy
|-activate|p2a: Iron Moth|ability: Quark Drive|[fromitem]
|-start|p2a: Iron Moth|quarkdrivespe
|move|p1a: Scizor|Swords Dance|p1a: Scizor
|-boost|p1a: Scizor|atk|2
|
|upkeep
|turn|13
|
|t:|1769335829
|move|p1a: Scizor|Bullet Punch|p2a: Iron Moth
|-resisted|p2a: Iron Moth
|-damage|p2a: Iron Moth|17/100
|move|p2a: Iron Moth|Fiery Dance|p1a: Scizor
|-supereffective|p1a: Scizor
|-damage|p1a: Scizor|0 fnt
|faint|p1a: Scizor
|
|upkeep
|
|t:|1769335832
|switch|p1a: Manaphy|Manaphy, shiny|100/100
|turn|14
|
|t:|1769335835
|move|p2a: Iron Moth|Sludge Wave|p1a: Manaphy
|-damage|p1a: Manaphy|52/100
|move|p1a: Manaphy|Surf|p2a: Iron Moth
|-supereffective|p2a: Iron Moth
|-damage|p2a: Iron Moth|0 fnt
|faint|p2a: Iron Moth
|-end|p2a: Iron Moth|Quark Drive|[silent]
|
|upkeep
|
|t:|1769335845
|switch|p2a: Slither Wing|Slither Wing|76/100
|-damage|p2a: Slither Wing|64/100|[from] Stealth Rock
|turn|15
|
|t:|1769335848
|switch|p1a: Latios|Latios, M, shiny|33/100
|move|p2a: Slither Wing|First Impression|p1a: Latios
|-supereffective|p1a: Latios
|-damage|p1a: Latios|0 fnt
|faint|p1a: Latios
|
|upkeep
|
|t:|1769335852
|switch|p1a: Manaphy|Manaphy, shiny|52/100
|turn|16
|
|t:|1769335855
|-end|p2a: Slither Wing|Protosynthesis|[silent]
|switch|p2a: Raging Bolt|Raging Bolt|54/100
|-damage|p2a: Raging Bolt|42/100|[from] Stealth Rock
|move|p1a: Manaphy|Ice Beam|p2a: Raging Bolt
|-supereffective|p2a: Raging Bolt
|-damage|p2a: Raging Bolt|13/100
|
|upkeep
|turn|17
|
|t:|1769335859
|move|p2a: Raging Bolt|Thunderclap|p1a: Manaphy
|-supereffective|p1a: Manaphy
|-damage|p1a: Manaphy|0 fnt
|faint|p1a: Manaphy
|
|upkeep
|
|t:|1769335862
|switch|p1a: Ogerpon|Ogerpon, F|100/100
|turn|18
|
|t:|1769335866
|move|p2a: Raging Bolt|Thunderclap|p1a: Ogerpon
|-resisted|p1a: Ogerpon
|-damage|p1a: Ogerpon|76/100
|move|p1a: Ogerpon|Ivy Cudgel|p2a: Raging Bolt
|-resisted|p2a: Raging Bolt
|-damage|p2a: Raging Bolt|0 fnt
|faint|p2a: Raging Bolt
|-end|p2a: Raging Bolt|Protosynthesis|[silent]
|-damage|p1a: Ogerpon|66/100|[from] item: Life Orb
|
|upkeep
|-message|Chigusa_24zono forfeited.
|
|win|lord shiddenfards
|raw|Chigusa_24zono's rating: 1672 &rarr; <strong>1648</strong><br />(-24 for losing)
|raw|lord shiddenfards's rating: 1604 &rarr; <strong>1628</strong><br />(+24 for winning)
|l|☆Chigusa_24zono
|player|p1|
|l|☆lord shiddenfards
|player|p2|
