|j|☆pokemon prefect
|j|☆mikko098
|t:|1769441893
|gametype|singles
|player|p1|pokemon prefect|102|1529
|player|p2|mikko098|266|1546
|gen|9
|tier|[Gen 9] OU
|rated|
|rule|HP Percentage Mod: HP is shown in percentages
|rule|Endless Battle Clause: Forcing endless battles is banned
|rule|Species Clause: Limit one of each Pokémon
|rule|OHKO Clause: OHKO moves are banned
|rule|Evasion Items Clause: Evasion items are banned
|rule|Evasion Moves Clause: Evasion moves are banned
|rule|Evasion Abilities Clause: Evasion abilities are banned
|rule|Sleep Moves Clause: Sleep-inducing moves are banned
|clearpoke
|poke|p1|Iron Hands|
|poke|p1|Ursaluna, F|
|poke|p1|Kingambit, M|
|poke|p1|Porygon2|
|poke|p1|Cresselia, F|
|poke|p1|Hatterene, F|
|poke|p2|Araquanid, M|
|poke|p2|Great Tusk|
|poke|p2|Enamorus, F|
|poke|p2|Glimmora, M|
|poke|p2|Gholdengo|
|poke|p2|Dragonite, F|
|teampreview
|inactive|Battle timer is ON: inactive players will automatically lose when time's up. (requested by pokemon prefect)
|
|t:|1769441926
|teamsize|p1|6
|teamsize|p2|6
|start
|switch|p1a: Hatterene|Hatterene, F|100/100
|switch|p2a: Gholdengo|Gholdengo, shiny|100/100
|-item|p2a: Gholdengo|Air Balloon
|turn|1
|
|t:|1769441937
|move|p2a: Gholdengo|Nasty Plot|p2a: Gholdengo
|-boost|p2a: Gholdengo|spa|2
|move|p1a: Hatterene|Trick Room|p1a: Hatterene
|-fieldstart|move: Trick Room|[of] p1a: Hatterene
|
|upkeep
|turn|2
|
|t:|1769441952
|move|p1a: Hatterene|Psychic Noise|p2a: Gholdengo
|-resisted|p2a: Gholdengo
|-damage|p2a: Gholdengo|73/100
|-start|p2a: Gholdengo|move: Heal Block
|-enditem|p2a: Gholdengo|Air Balloon
|move|p2a: Gholdengo|Shadow Ball|p1a: Hatterene
|-supereffective|p1a: Hatterene
|-enditem|p1a: Hatterene|Focus Sash
|-damage|p1a: Hatterene|1/100
|
|upkeep
|turn|3
|
|t:|1769441966
|move|p1a: Hatterene|Healing Wish|p1a: Hatterene
|faint|p1a: Hatterene
|move|p2a: Gholdengo|Psyshock|p1: Hatterene|[notarget]
|-fail|p2a: Gholdengo
|
|-end|p2a: Gholdengo|move: Heal Block
|upkeep
|
|t:|1769441970
|switch|p1a: Ursaluna|Ursaluna, F|100/100
|turn|4
|
|t:|1769441994
|switch|p2a: Araquanid|Araquanid, M, shiny|100/100
|move|p1a: Ursaluna|Swords Dance|p1a: Ursaluna
|-boost|p1a: Ursaluna|atk|2
|
|-status|p1a: Ursaluna|brn|[from] item: Flame Orb
|upkeep
|turn|5
|
|t:|1769442012
|switch|p2a: Gholdengo|Gholdengo, shiny|73/100
|move|p1a: Ursaluna|Facade|p2a: Gholdengo
|-immune|p2a: Gholdengo
|
|-damage|p1a: Ursaluna|94/100 brn|[from] brn
|-fieldend|move: Trick Room
|upkeep
|turn|6
|
|t:|1769442027
|move|p2a: Gholdengo|Dazzling Gleam|p1a: Ursaluna
|-damage|p1a: Ursaluna|70/100 brn
|move|p1a: Ursaluna|Headlong Rush|p2a: Gholdengo
|-supereffective|p2a: Gholdengo
|-damage|p2a: Gholdengo|0 fnt
|-unboost|p1a: Ursaluna|def|1
|-unboost|p1a: Ursaluna|spd|1
|faint|p2a: Gholdengo
|
|-damage|p1a: Ursaluna|64/100 brn|[from] brn
|upkeep
|
|t:|1769442035
|switch|p2a: Enamorus|Enamorus, F|100/100
|turn|7
|
|t:|1769442046
|switch|p1a: Porygon2|Porygon2|100/100
|-ability|p1a: Porygon2|Contrary|Trace|[from] ability: Trace|[of] p2a: Enamorus
|-terastallize|p2a: Enamorus|Fairy
|move|p2a: Enamorus|Moonblast|p1a: Porygon2
|-damage|p1a: Porygon2|41/100
|-boost|p1a: Porygon2|spa|1
|
|upkeep
|turn|8
|
|t:|1769442055
|move|p2a: Enamorus|Moonblast|p1a: Porygon2
|-damage|p1a: Porygon2|0 fnt
|faint|p1a: Porygon2
|
|upkeep
|
|t:|1769442057
|switch|p1a: Cresselia|Cresselia, F|100/100
|turn|9
|
|t:|1769442063
|move|p2a: Enamorus|Moonblast|p1a: Cresselia
|-damage|p1a: Cresselia|31/100
|-unboost|p1a: Cresselia|spa|1
|move|p1a: Cresselia|Trick Room|p1a: Cresselia
|-fieldstart|move: Trick Room|[of] p1a: Cresselia
|
|upkeep
|turn|10
|inactive|mikko098 has 120 seconds left.
|
|t:|1769442111
|switch|p1a: Ursaluna|Ursaluna, F|64/100 brn
|-heal|p1a: Ursaluna|100/100|[from] move: Healing Wish
|switch|p2a: Glimmora|Glimmora, M, shiny|100/100
|
|-status|p1a: Ursaluna|brn|[from] item: Flame Orb
|upkeep
|turn|11
|
|t:|1769442122
|move|p1a: Ursaluna|Facade|p2a: Glimmora
|-resisted|p2a: Glimmora
|-damage|p2a: Glimmora|27/100
|-activate|p2a: Glimmora|ability: Toxic Debris
|-sidestart|p1: pokemon prefect|move: Toxic Spikes
|move|p2a: Glimmora|Earth Power|p1a: Ursaluna
|-damage|p1a: Ursaluna|75/100 brn
|
|-damage|p1a: Ursaluna|68/100 brn|[from] brn
|upkeep
|turn|12
|
|t:|1769442141
|move|p1a: Ursaluna|Facade|p2a: Glimmora
|-resisted|p2a: Glimmora
|-damage|p2a: Glimmora|0 fnt
|-activate|p2a: Glimmora|ability: Toxic Debris
|-sidestart|p1: pokemon prefect|move: Toxic Spikes
|faint|p2a: Glimmora
|
|-damage|p1a: Ursaluna|62/100 brn|[from] brn
|upkeep
|inactive|mikko098 has 90 seconds left.
|
|t:|1769442167
|switch|p2a: Great Tusk|Great Tusk, shiny|100/100
|-enditem|p2a: Great Tusk|Booster Energy
|-activate|p2a: Great Tusk|ability: Protosynthesis|[fromitem]
|-start|p2a: Great Tusk|protosynthesisatk
|turn|13
|
|t:|1769442174
|move|p1a: Ursaluna|Facade|p2a: Great Tusk
|-damage|p2a: Great Tusk|15/100
|move|p2a: Great Tusk|Ice Spinner|p1a: Ursaluna
|-supereffective|p1a: Ursaluna
|-damage|p1a: Ursaluna|15/100 brn
|
|-damage|p1a: Ursaluna|8/100 brn|[from] brn
|-fieldend|move: Trick Room
|upkeep
|turn|14
|inactive|mikko098 has 90 seconds left.
|inactive|pokemon prefect has 120 seconds left.
|
|t:|1769442220
|move|p2a: Great Tusk|Ice Spinner|p1a: Ursaluna
|-supereffective|p1a: Ursaluna
|-damage|p1a: Ursaluna|0 fnt
|faint|p1a: Ursaluna
|
|upkeep
|
|t:|1769442229
|switch|p1a: Cresselia|Cresselia, F|31/100
|turn|15
|
|t:|1769442235
|move|p2a: Great Tusk|Supercell Slam|p1a: Cresselia
|-damage|p1a: Cresselia|8/100
|move|p1a: Cresselia|Trick Room|p1a: Cresselia
|-fieldstart|move: Trick Room|[of] p1a: Cresselia
|
|upkeep
|turn|16
|inactive|pokemon prefect has 120 seconds left.
|inactive|mikko098 has 90 seconds left.
|inactive|pokemon prefect has 90 seconds left.
|
|t:|1769442279
|move|p2a: Great Tusk|Rapid Spin|p1a: Cresselia
|-damage|p1a: Cresselia|0 fnt
|-boost|p2a: Great Tusk|spe|1
|faint|p1a: Cresselia
|
|upkeep
|
|t:|1769442293
|switch|p1a: Iron Hands|Iron Hands|100/100
|-status|p1a: Iron Hands|tox
|-enditem|p1a: Iron Hands|Booster Energy
|-activate|p1a: Iron Hands|ability: Quark Drive|[fromitem]
|-start|p1a: Iron Hands|quarkdriveatk
|turn|17
|inactive|mikko098 has 60 seconds left.
|
|t:|1769442317
|move|p1a: Iron Hands|Ice Punch|p2a: Great Tusk
|-supereffective|p2a: Great Tusk
|-damage|p2a: Great Tusk|0 fnt
|faint|p2a: Great Tusk
|-end|p2a: Great Tusk|Protosynthesis|[silent]
|
|-damage|p1a: Iron Hands|94/100 tox|[from] psn
|upkeep
|inactive|mikko098 has 60 seconds left.
|
|t:|1769442348
|switch|p2a: Dragonite|Dragonite, F, shiny|100/100
|turn|18
|
|t:|1769442356
|switch|p2a: Araquanid|Araquanid, M, shiny|100/100
|move|p1a: Iron Hands|Drain Punch|p2a: Araquanid
|-resisted|p2a: Araquanid
|-damage|p2a: Araquanid|75/100
|-heal|p1a: Iron Hands|100/100 tox|[from] drain|[of] p2a: Araquanid
|-enditem|p2a: Araquanid|Red Card|[of] p1a: Iron Hands
|-end|p1a: Iron Hands|Quark Drive|[silent]
|drag|p1a: Kingambit|Kingambit, M|100/100
|-activate|p1a: Kingambit|ability: Supreme Overlord
|-start|p1a: Kingambit|fallen4|[silent]
|
|upkeep
|turn|19
|
|t:|1769442376
|move|p1a: Kingambit|Kowtow Cleave|p2a: Araquanid
|-damage|p2a: Araquanid|0 fnt
|faint|p2a: Araquanid
|-damage|p1a: Kingambit|91/100|[from] item: Life Orb
|
|-fieldend|move: Trick Room
|upkeep
|inactive|mikko098 has 30 seconds left.
|inactive|mikko098 has 20 seconds left.
|inactive|mikko098 has 15 seconds left.
|
|t:|1769442404
|switch|p2a: Dragonite|Dragonite, F, shiny|100/100
|turn|20
|inactive|mikko098 has 25 seconds left this turn.
|
|t:|1769442410
|move|p2a: Dragonite|Earthquake|p1a: Kingambit
|-supereffective|p1a: Kingambit
|-damage|p1a: Kingambit|41/100
|move|p1a: Kingambit|Iron Head|p2a: Dragonite
|-damage|p2a: Dragonite|63/100
|-damage|p1a: Kingambit|31/100|[from] item: Life Orb
|
|-heal|p2a: Dragonite|70/100|[from] item: Leftovers
|upkeep
|turn|21
|-message|pokemon prefect forfeited.
|
|win|mikko098
|raw|pokemon prefect's rating: 1529 &rarr; <strong>1510</strong><br />(-19 for losing)
|raw|mikko098's rating: 1546 &rarr; <strong>1565</strong><br />(+19 for winning)
|l|☆pokemon prefect
|player|p1|
|l|☆mikko098
|player|p2|
