|j|☆Mortifi
|j|☆Rukia13
|t:|1769351146
|gametype|singles
|player|p1|Mortifi|pokemaniac|1566
|player|p2|Rukia13|2|1665
|gen|9
|tier|[Gen 9] OU
|rated|
|rule|HP Percentage Mod: HP is shown in percentages
|rule|Endless Battle Clause: Forcing endless battles is banned
|rule|Species Clause: Limit one of each Pokémon
|rule|OHKO Clause: OHKO moves are banned
|rule|Evasion Items Clause: Evasion items are banned
|rule|Evasion Moves Clause: Evasion moves are banned
|rule|Evasion Abilities Clause: Evasion abilities are banned
|rule|Sleep Moves Clause: Sleep-inducing moves are banned
|clearpoke
|poke|p1|Ogerpon-Cornerstone, F|
|poke|p1|Slowking-Galar, M|
|poke|p1|Ting-Lu|
|poke|p1|Raging Bolt|
|poke|p1|Cyclizar, F|
|poke|p1|Corviknight, F|
|poke|p2|Heatran, F|
|poke|p2|Alomomola, F|
|poke|p2|Kyurem|
|poke|p2|Clodsire, F|
|poke|p2|Great Tusk|
|poke|p2|Rillaboom, F|
|teampreview
|
|t:|1769351159
|teamsize|p1|6
|teamsize|p2|6
|start
|switch|p1a: Ogerpon|Ogerpon-Cornerstone, F|100/100
|switch|p2a: Rillaboom|Rillaboom, F|100/100
|-fieldstart|move: Grassy Terrain|[from] ability: Grassy Surge|[of] p2a: Rillaboom
|turn|1
|
|t:|1769351168
|switch|p1a: Corviknight|Corviknight, F|100/100
|-ability|p1a: Corviknight|Pressure
|move|p2a: Rillaboom|U-turn|p1a: Corviknight
|-resisted|p1a: Corviknight
|-damage|p1a: Corviknight|95/100
|-damage|p2a: Rillaboom|84/100|[from] item: Rocky Helmet|[of] p1a: Corviknight
|
|t:|1769351170
|switch|p2a: Heatran|Heatran, F, shiny|100/100|[from] U-turn
|
|upkeep
|turn|2
|
|t:|1769351179
|switch|p1a: Cyclizar|Cyclizar, F|100/100
|move|p2a: Heatran|Magma Storm|p1a: Cyclizar
|-resisted|p1a: Cyclizar
|-damage|p1a: Cyclizar|34/100
|-activate|p1a: Cyclizar|move: Magma Storm|[of] p2a: Heatran
|
|-heal|p1a: Cyclizar|40/100|[from] Grassy Terrain
|-damage|p1a: Cyclizar|28/100|[from] move: Magma Storm|[partiallytrapped]
|upkeep
|turn|3
|
|t:|1769351204
|move|p1a: Cyclizar|U-turn|p2a: Heatran
|-resisted|p2a: Heatran
|-damage|p2a: Heatran|97/100
|
|t:|1769351220
|switch|p1a: Raging Bolt|Raging Bolt|100/100|[from] U-turn
|move|p2a: Heatran|Magma Storm|p1a: Raging Bolt
|-resisted|p1a: Raging Bolt
|-damage|p1a: Raging Bolt|64/100
|-activate|p1a: Raging Bolt|move: Magma Storm|[of] p2a: Heatran
|
|-heal|p2a: Heatran|100/100|[from] Grassy Terrain
|-heal|p1a: Raging Bolt|70/100|[from] Grassy Terrain
|-damage|p1a: Raging Bolt|58/100|[from] move: Magma Storm|[partiallytrapped]
|upkeep
|turn|4
|
|t:|1769351238
|switch|p2a: Clodsire|Clodsire, F|100/100
|move|p1a: Raging Bolt|Volt Switch|p2a: Clodsire
|-immune|p2a: Clodsire
|
|-heal|p1a: Raging Bolt|64/100|[from] Grassy Terrain
|-end|p1a: Raging Bolt|Magma Storm|[partiallytrapped]|[silent]
|upkeep
|turn|5
|
|t:|1769351250
|-end|p1a: Raging Bolt|Protosynthesis|[silent]
|switch|p1a: Slowking|Slowking-Galar, M|100/100
|move|p2a: Clodsire|Toxic|p1a: Slowking
|-immune|p1a: Slowking
|
|-fieldend|move: Grassy Terrain
|upkeep
|turn|6
|
|t:|1769351259
|move|p2a: Clodsire|High Horsepower|p1a: Slowking
|-supereffective|p1a: Slowking
|-damage|p1a: Slowking|56/100
|move|p1a: Slowking|Future Sight|p2a: Clodsire
|-start|p1a: Slowking|move: Future Sight
|
|upkeep
|turn|7
|
|t:|1769351281
|switch|p1a: Ting-Lu|Ting-Lu|100/100
|-ability|p1a: Ting-Lu|Vessel of Ruin
|move|p2a: Clodsire|High Horsepower|p1a: Ting-Lu
|-damage|p1a: Ting-Lu|91/100
|
|-heal|p1a: Ting-Lu|97/100|[from] item: Leftovers
|upkeep
|turn|8
|
|t:|1769351308
|move|p2a: Clodsire|Protect|p2a: Clodsire
|-singleturn|p2a: Clodsire|Protect
|move|p1a: Ting-Lu|Earthquake|p2a: Clodsire
|-activate|p2a: Clodsire|move: Protect
|
|-end|p2a: Clodsire|move: Future Sight
|-supereffective|p2a: Clodsire
|-damage|p2a: Clodsire|66/100
|-heal|p1a: Ting-Lu|100/100|[from] item: Leftovers
|-heal|p2a: Clodsire|73/100|[from] item: Leftovers
|upkeep
|turn|9
|
|t:|1769351320
|switch|p2a: Rillaboom|Rillaboom, F|84/100
|-fieldstart|move: Grassy Terrain|[from] ability: Grassy Surge|[of] p2a: Rillaboom
|move|p1a: Ting-Lu|Stealth Rock|p2a: Rillaboom
|-sidestart|p2: Rukia13|move: Stealth Rock
|
|-heal|p2a: Rillaboom|90/100|[from] Grassy Terrain
|upkeep
|turn|10
|
|t:|1769351335
|switch|p2a: Great Tusk|Great Tusk|100/100
|-damage|p2a: Great Tusk|98/100|[from] Stealth Rock
|switch|p1a: Slowking|Slowking-Galar, M|90/100
|
|-heal|p2a: Great Tusk|100/100|[from] Grassy Terrain
|-heal|p1a: Slowking|96/100|[from] Grassy Terrain
|upkeep
|turn|11
|
|t:|1769351346
|switch|p1a: Corviknight|Corviknight, F|95/100
|-ability|p1a: Corviknight|Pressure
|move|p2a: Great Tusk|Knock Off|p1a: Corviknight
|-damage|p1a: Corviknight|77/100
|-damage|p2a: Great Tusk|84/100|[from] item: Rocky Helmet|[of] p1a: Corviknight
|-enditem|p1a: Corviknight|Rocky Helmet|[from] move: Knock Off|[of] p2a: Great Tusk
|
|-heal|p2a: Great Tusk|90/100|[from] Grassy Terrain
|-heal|p2a: Great Tusk|96/100|[from] item: Leftovers
|upkeep
|turn|12
|
|t:|1769351357
|move|p2a: Great Tusk|Stealth Rock|p1a: Corviknight
|-sidestart|p1: Mortifi|move: Stealth Rock
|move|p1a: Corviknight|Brave Bird|p2a: Great Tusk
|-supereffective|p2a: Great Tusk
|-damage|p2a: Great Tusk|60/100
|-damage|p1a: Corviknight|64/100|[from] Recoil
|
|-heal|p2a: Great Tusk|67/100|[from] Grassy Terrain
|-heal|p2a: Great Tusk|73/100|[from] item: Leftovers
|upkeep
|turn|13
|
|t:|1769351368
|move|p2a: Great Tusk|Rapid Spin|p1a: Corviknight
|-resisted|p1a: Corviknight
|-damage|p1a: Corviknight|59/100
|-boost|p2a: Great Tusk|spe|1
|-sideend|p2: Rukia13|Stealth Rock|[from] move: Rapid Spin|[of] p2a: Great Tusk
|move|p1a: Corviknight|Defog|p2a: Great Tusk
|-unboost|p2a: Great Tusk|evasion|1
|-sideend|p1: Mortifi|Stealth Rock|[from] move: Defog|[of] p1a: Corviknight
|-fieldend|move: Grassy Terrain
|
|-heal|p2a: Great Tusk|79/100|[from] item: Leftovers
|upkeep
|turn|14
|
|t:|1769351385
|-end|p2a: Great Tusk|Protosynthesis|[silent]
|switch|p2a: Alomomola|Alomomola, F, shiny|100/100
|switch|p1a: Cyclizar|Cyclizar, F|61/100
|
|upkeep
|turn|15
|
|t:|1769351393
|move|p1a: Cyclizar|Knock Off|p2a: Alomomola
|-damage|p2a: Alomomola|89/100
|-damage|p1a: Cyclizar|45/100|[from] item: Rocky Helmet|[of] p2a: Alomomola
|-enditem|p2a: Alomomola|Rocky Helmet|[from] move: Knock Off|[of] p1a: Cyclizar
|move|p2a: Alomomola|Flip Turn|p1a: Cyclizar
|-resisted|p1a: Cyclizar
|-damage|p1a: Cyclizar|34/100
|
|t:|1769351401
|switch|p2a: Rillaboom|Rillaboom, F|90/100|[from] Flip Turn
|-fieldstart|move: Grassy Terrain|[from] ability: Grassy Surge|[of] p2a: Rillaboom
|
|-heal|p1a: Cyclizar|40/100|[from] Grassy Terrain
|-heal|p2a: Rillaboom|96/100|[from] Grassy Terrain
|upkeep
|turn|16
|
|t:|1769351420
|switch|p1a: Corviknight|Corviknight, F|59/100
|-ability|p1a: Corviknight|Pressure
|move|p2a: Rillaboom|Wood Hammer|p1a: Corviknight
|-resisted|p1a: Corviknight
|-damage|p1a: Corviknight|39/100
|-damage|p2a: Rillaboom|90/100|[from] Recoil
|
|-heal|p2a: Rillaboom|96/100|[from] Grassy Terrain
|upkeep
|turn|17
|inactive|Battle timer is ON: inactive players will automatically lose when time's up. (requested by Rukia13)
|
|t:|1769351431
|switch|p2a: Heatran|Heatran, F, shiny|100/100
|move|p1a: Corviknight|Roost|p1a: Corviknight
|-heal|p1a: Corviknight|89/100
|-singleturn|p1a: Corviknight|move: Roost
|
|-heal|p1a: Corviknight|95/100|[from] Grassy Terrain
|upkeep
|turn|18
|inactive|Mortifi has 120 seconds left.
|
|t:|1769351462
|-terastallize|p1a: Corviknight|Dragon
|move|p2a: Heatran|Magma Storm|p1a: Corviknight
|-resisted|p1a: Corviknight
|-damage|p1a: Corviknight|56/100
|-activate|p1a: Corviknight|move: Magma Storm|[of] p2a: Heatran
|move|p1a: Corviknight|Roost|p1a: Corviknight
|-heal|p1a: Corviknight|100/100
|
|-damage|p1a: Corviknight|88/100|[from] move: Magma Storm|[partiallytrapped]
|upkeep
|turn|19
|inactive|Mortifi has 120 seconds left.
|
|t:|1769351473
|switch|p2a: Alomomola|Alomomola, F, shiny|100/100
|move|p1a: Corviknight|Roost|p1a: Corviknight
|-heal|p1a: Corviknight|100/100
|
|-end|p1a: Corviknight|Magma Storm|[partiallytrapped]|[silent]
|-fieldend|move: Grassy Terrain
|upkeep
|turn|20
|inactive|Mortifi has 120 seconds left.
|
|t:|1769351486
|switch|p1a: Slowking|Slowking-Galar, M|100/100
|move|p2a: Alomomola|Flip Turn|p1a: Slowking
|-damage|p1a: Slowking|83/100
|
|t:|1769351495
|switch|p2a: Heatran|Heatran, F, shiny|100/100|[from] Flip Turn
|
|upkeep
|turn|21
|
|t:|1769351506
|move|p2a: Heatran|Earth Power|p1a: Slowking
|-supereffective|p1a: Slowking
|-damage|p1a: Slowking|25/100
|-prepare|p1a: Slowking|Chilly Reception|[premajor]
|move|p1a: Slowking|Chilly Reception|p1a: Slowking
|-weather|Snowscape
|inactive|Mortifi has 120 seconds left.
|
|t:|1769351525
|switch|p1a: Ting-Lu|Ting-Lu|100/100|[from] Chilly Reception
|-ability|p1a: Ting-Lu|Vessel of Ruin
|
|-weather|Snowscape|[upkeep]
|upkeep
|turn|22
|inactive|Mortifi has 120 seconds left.
|
|t:|1769351537
|switch|p2a: Great Tusk|Great Tusk|79/100
|move|p1a: Ting-Lu|Stealth Rock|p2a: Great Tusk
|-sidestart|p2: Rukia13|move: Stealth Rock
|
|-weather|Snowscape|[upkeep]
|-heal|p2a: Great Tusk|85/100|[from] item: Leftovers
|upkeep
|turn|23
|inactive|Mortifi has 120 seconds left.
|
|t:|1769351549
|switch|p1a: Corviknight|Corviknight, F, tera:Dragon|100/100
|-ability|p1a: Corviknight|Pressure
|move|p2a: Great Tusk|Rapid Spin|p1a: Corviknight
|-damage|p1a: Corviknight|92/100
|-boost|p2a: Great Tusk|spe|1
|-sideend|p2: Rukia13|Stealth Rock|[from] move: Rapid Spin|[of] p2a: Great Tusk
|
|-weather|Snowscape|[upkeep]
|-heal|p2a: Great Tusk|92/100|[from] item: Leftovers
|upkeep
|turn|24
|
|t:|1769351558
|move|p2a: Great Tusk|Stealth Rock|p1a: Corviknight
|-sidestart|p1: Mortifi|move: Stealth Rock
|move|p1a: Corviknight|Brave Bird|p2a: Great Tusk
|-supereffective|p2a: Great Tusk
|-damage|p2a: Great Tusk|59/100
|-damage|p1a: Corviknight|81/100|[from] Recoil
|
|-weather|Snowscape|[upkeep]
|-heal|p2a: Great Tusk|65/100|[from] item: Leftovers
|upkeep
|turn|25
|
|t:|1769351567
|-end|p2a: Great Tusk|Protosynthesis|[silent]
|switch|p2a: Kyurem|Kyurem|100/100
|-ability|p2a: Kyurem|Pressure
|switch|p1a: Slowking|Slowking-Galar, M|59/100
|
|-weather|none
|upkeep
|turn|26
|
|t:|1769351579
|move|p2a: Kyurem|Icicle Spear|p1a: Slowking
|-damage|p1a: Slowking|44/100
|-damage|p1a: Slowking|30/100
|-damage|p1a: Slowking|17/100
|-damage|p1a: Slowking|4/100
|-hitcount|p1a: Slowking|4
|-prepare|p1a: Slowking|Chilly Reception|[premajor]
|move|p1a: Slowking|Chilly Reception|p1a: Slowking
|-weather|Snowscape
|
|t:|1769351593
|switch|p1a: Ogerpon|Ogerpon-Cornerstone, F|100/100|[from] Chilly Reception
|-damage|p1a: Ogerpon|88/100|[from] Stealth Rock
|
|-weather|Snowscape|[upkeep]
|upkeep
|turn|27
|
|t:|1769351612
|switch|p2a: Alomomola|Alomomola, F, shiny|100/100
|move|p1a: Ogerpon|Ivy Cudgel|p2a: Alomomola|[anim] Ivy Cudgel Rock
|-damage|p2a: Alomomola|67/100
|
|-weather|Snowscape|[upkeep]
|upkeep
|turn|28
|
|t:|1769351623
|switch|p2a: Rillaboom|Rillaboom, F|96/100
|-fieldstart|move: Grassy Terrain|[from] ability: Grassy Surge|[of] p2a: Rillaboom
|move|p1a: Ogerpon|Horn Leech|p2a: Rillaboom
|-resisted|p2a: Rillaboom
|-damage|p2a: Rillaboom|70/100
|-heal|p1a: Ogerpon|100/100|[from] drain|[of] p2a: Rillaboom
|
|-weather|Snowscape|[upkeep]
|-heal|p2a: Rillaboom|76/100|[from] Grassy Terrain
|upkeep
|turn|29
|
|t:|1769351642
|move|p1a: Ogerpon|Horn Leech|p2a: Rillaboom
|-resisted|p2a: Rillaboom
|-damage|p2a: Rillaboom|51/100
|move|p2a: Rillaboom|U-turn|p1a: Ogerpon
|-supereffective|p1a: Ogerpon
|-ability|p1a: Ogerpon|Sturdy
|-damage|p1a: Ogerpon|1/100
|
|t:|1769351650
|switch|p2a: Alomomola|Alomomola, F, shiny|100/100|[from] U-turn
|
|-weather|Snowscape|[upkeep]
|-heal|p1a: Ogerpon|7/100|[from] Grassy Terrain
|upkeep
|turn|30
|
|t:|1769351656
|switch|p2a: Rillaboom|Rillaboom, F|51/100
|move|p1a: Ogerpon|Horn Leech|p2a: Rillaboom
|-resisted|p2a: Rillaboom
|-damage|p2a: Rillaboom|25/100
|-heal|p1a: Ogerpon|24/100|[from] drain|[of] p2a: Rillaboom
|
|-weather|none
|-heal|p1a: Ogerpon|30/100|[from] Grassy Terrain
|-heal|p2a: Rillaboom|31/100|[from] Grassy Terrain
|upkeep
|turn|31
|
|t:|1769351672
|switch|p1a: Corviknight|Corviknight, F, tera:Dragon|81/100
|-damage|p1a: Corviknight|68/100|[from] Stealth Rock
|-ability|p1a: Corviknight|Pressure
|move|p2a: Rillaboom|Grassy Glide|p1a: Corviknight
|-resisted|p1a: Corviknight
|-damage|p1a: Corviknight|49/100
|
|-heal|p2a: Rillaboom|38/100|[from] Grassy Terrain
|-heal|p1a: Corviknight|55/100|[from] Grassy Terrain
|upkeep
|turn|32
|
|t:|1769351683
|switch|p2a: Alomomola|Alomomola, F, shiny|100/100
|move|p1a: Corviknight|Roost|p1a: Corviknight
|-heal|p1a: Corviknight|100/100
|
|-fieldend|move: Grassy Terrain
|upkeep
|turn|33
|
|t:|1769351689
|move|p1a: Corviknight|Bulk Up|p1a: Corviknight
|-boost|p1a: Corviknight|atk|1
|-boost|p1a: Corviknight|def|1
|move|p2a: Alomomola|Flip Turn|p1a: Corviknight
|-resisted|p1a: Corviknight
|-damage|p1a: Corviknight|97/100
|
|t:|1769351696
|switch|p2a: Kyurem|Kyurem|100/100|[from] Flip Turn
|-ability|p2a: Kyurem|Pressure
|
|upkeep
|turn|34
|
|t:|1769351705
|switch|p2a: Heatran|Heatran, F, shiny|100/100
|move|p1a: Corviknight|Bulk Up|p1a: Corviknight
|-boost|p1a: Corviknight|atk|1
|-boost|p1a: Corviknight|def|1
|
|upkeep
|turn|35
|
|t:|1769351712
|move|p2a: Heatran|Flash Cannon|p1a: Corviknight
|-damage|p1a: Corviknight|32/100
|move|p1a: Corviknight|Roost|p1a: Corviknight
|-heal|p1a: Corviknight|82/100
|
|upkeep
|turn|36
|
|t:|1769351720
|switch|p1a: Raging Bolt|Raging Bolt|64/100
|-damage|p1a: Raging Bolt|52/100|[from] Stealth Rock
|move|p2a: Heatran|Flash Cannon|p1a: Raging Bolt
|-resisted|p1a: Raging Bolt
|-damage|p1a: Raging Bolt|23/100
|
|upkeep
|turn|37
|
|t:|1769351728
|move|p2a: Heatran|Flash Cannon|p1a: Raging Bolt
|-resisted|p1a: Raging Bolt
|-damage|p1a: Raging Bolt|0 fnt
|faint|p1a: Raging Bolt
|-end|p1a: Raging Bolt|Protosynthesis|[silent]
|
|upkeep
|
|t:|1769351734
|switch|p1a: Ting-Lu|Ting-Lu|100/100
|-damage|p1a: Ting-Lu|94/100|[from] Stealth Rock
|-ability|p1a: Ting-Lu|Vessel of Ruin
|turn|38
|
|t:|1769351740
|switch|p2a: Alomomola|Alomomola, F, shiny|100/100
|move|p1a: Ting-Lu|Stealth Rock|p2a: Alomomola
|-sidestart|p2: Rukia13|move: Stealth Rock
|
|-heal|p1a: Ting-Lu|100/100|[from] item: Leftovers
|upkeep
|turn|39
|
|t:|1769351746
|move|p2a: Alomomola|Wish|p2a: Alomomola
|move|p1a: Ting-Lu|Whirlwind|p2a: Alomomola
|drag|p2a: Clodsire|Clodsire, F|73/100
|-damage|p2a: Clodsire|66/100|[from] Stealth Rock
|
|-heal|p2a: Clodsire|73/100|[from] item: Leftovers
|upkeep
|turn|40
|
|t:|1769351754
|switch|p2a: Great Tusk|Great Tusk|65/100
|-damage|p2a: Great Tusk|62/100|[from] Stealth Rock
|move|p1a: Ting-Lu|Whirlwind|p2a: Great Tusk
|-end|p2a: Great Tusk|Protosynthesis|[silent]
|drag|p2a: Kyurem|Kyurem|100/100
|-damage|p2a: Kyurem|75/100|[from] Stealth Rock
|-ability|p2a: Kyurem|Pressure
|
|-heal|p2a: Kyurem|100/100|[from] move: Wish|[wisher] Alomomola
|upkeep
|turn|41
|
|t:|1769351765
|move|p2a: Kyurem|Icicle Spear|p1a: Ting-Lu
|-supereffective|p1a: Ting-Lu
|-damage|p1a: Ting-Lu|90/100
|-supereffective|p1a: Ting-Lu
|-crit|p1a: Ting-Lu
|-damage|p1a: Ting-Lu|74/100
|-supereffective|p1a: Ting-Lu
|-damage|p1a: Ting-Lu|64/100
|-supereffective|p1a: Ting-Lu
|-damage|p1a: Ting-Lu|52/100
|-hitcount|p1a: Ting-Lu|4
|move|p1a: Ting-Lu|Payback|p2a: Kyurem
|-damage|p2a: Kyurem|64/100
|
|-heal|p1a: Ting-Lu|58/100|[from] item: Leftovers
|upkeep
|turn|42
|
|t:|1769351785
|move|p2a: Kyurem|Icicle Spear|p1a: Ting-Lu
|-supereffective|p1a: Ting-Lu
|-damage|p1a: Ting-Lu|47/100
|-supereffective|p1a: Ting-Lu
|-damage|p1a: Ting-Lu|35/100
|-supereffective|p1a: Ting-Lu
|-damage|p1a: Ting-Lu|24/100
|-supereffective|p1a: Ting-Lu
|-damage|p1a: Ting-Lu|13/100
|-supereffective|p1a: Ting-Lu
|-damage|p1a: Ting-Lu|3/100
|-hitcount|p1a: Ting-Lu|5
|move|p1a: Ting-Lu|Earthquake|p2a: Kyurem
|-damage|p2a: Kyurem|28/100
|
|-heal|p1a: Ting-Lu|9/100|[from] item: Leftovers
|upkeep
|turn|43
|
|t:|1769351798
|move|p2a: Kyurem|Scale Shot|p1a: Ting-Lu
|-damage|p1a: Ting-Lu|4/100
|-damage|p1a: Ting-Lu|0 fnt
|faint|p1a: Ting-Lu
|-hitcount|p1: Ting-Lu|2
|-unboost|p2a: Kyurem|def|1
|-boost|p2a: Kyurem|spe|1
|
|upkeep
|-message|Mortifi forfeited.
|
|win|Rukia13
|raw|Mortifi's rating: 1566 &rarr; <strong>1552</strong><br />(-14 for losing)
|raw|Rukia13's rating: 1665 &rarr; <strong>1679</strong><br />(+14 for winning)
|l|☆Mortifi
|player|p1|
|l|☆Rukia13
|player|p2|
