|j|☆gangnamgu
|j|☆lixy boy
|t:|1769441284
|gametype|singles
|player|p1|gangnamgu|1|1228
|player|p2|lixy boy|tuber|1295
|gen|9
|tier|[Gen 9] OU
|rated|
|rule|HP Percentage Mod: HP is shown in percentages
|rule|Endless Battle Clause: Forcing endless battles is banned
|rule|Species Clause: Limit one of each Pokémon
|rule|OHKO Clause: OHKO moves are banned
|rule|Evasion Items Clause: Evasion items are banned
|rule|Evasion Moves Clause: Evasion moves are banned
|rule|Evasion Abilities Clause: Evasion abilities are banned
|rule|Sleep Moves Clause: Sleep-inducing moves are banned
|clearpoke
|poke|p1|Meowscarada, F|
|poke|p1|Skarmory, M|
|poke|p1|Great Tusk|
|poke|p1|Clefable, F|
|poke|p1|Gholdengo|
|poke|p1|Slowking-Galar, F|
|poke|p2|Glimmora, F|
|poke|p2|Ceruledge, F|
|poke|p2|Primarina, M|
|poke|p2|Meowscarada, F|
|poke|p2|Iron Crown|
|poke|p2|Ting-Lu|
|teampreview
|inactive|Battle timer is ON: inactive players will automatically lose when time's up. (requested by lixy boy)
|
|t:|1769441307
|teamsize|p1|6
|teamsize|p2|6
|start
|switch|p1a: Slowking|Slowking-Galar, F|100/100
|switch|p2a: Ting-Lu|Ting-Lu|100/100
|-ability|p2a: Ting-Lu|Vessel of Ruin
|turn|1
|
|t:|1769441328
|move|p2a: Ting-Lu|Stealth Rock|p1a: Slowking
|-sidestart|p1: gangnamgu|move: Stealth Rock
|move|p1a: Slowking|Sludge Bomb|p2a: Ting-Lu
|-resisted|p2a: Ting-Lu
|-crit|p2a: Ting-Lu
|-damage|p2a: Ting-Lu|85/100
|-status|p2a: Ting-Lu|psn
|
|-heal|p2a: Ting-Lu|92/100 psn|[from] item: Leftovers
|-damage|p2a: Ting-Lu|79/100 psn|[from] psn
|upkeep
|turn|2
|
|t:|1769441335
|move|p2a: Ting-Lu|Ruination|p1a: Slowking|[miss]
|-miss|p2a: Ting-Lu|p1a: Slowking
|-prepare|p1a: Slowking|Chilly Reception|[premajor]
|move|p1a: Slowking|Chilly Reception|p1a: Slowking
|-weather|Snowscape
|
|t:|1769441338
|switch|p1a: Great Tusk|Great Tusk|100/100|[from] Chilly Reception
|
|-weather|Snowscape|[upkeep]
|-heal|p2a: Ting-Lu|85/100 psn|[from] item: Leftovers
|-damage|p2a: Ting-Lu|73/100 psn|[from] psn
|upkeep
|turn|3
|
|t:|1769441349
|switch|p2a: Ceruledge|Ceruledge, F|100/100
|move|p1a: Great Tusk|Knock Off|p2a: Ceruledge
|-supereffective|p2a: Ceruledge
|-damage|p2a: Ceruledge|19/100
|-ability|p2a: Ceruledge|Weak Armor|boost
|-unboost|p2a: Ceruledge|def|1
|-boost|p2a: Ceruledge|spe|2
|-enditem|p2a: Ceruledge|Life Orb|[from] move: Knock Off|[of] p1a: Great Tusk
|
|-weather|Snowscape|[upkeep]
|upkeep
|turn|4
|
|t:|1769441361
|switch|p2a: Meowscarada|Meowscarada, F|100/100
|move|p1a: Great Tusk|Knock Off|p2a: Meowscarada
|-resisted|p2a: Meowscarada
|-damage|p2a: Meowscarada|79/100
|-enditem|p2a: Meowscarada|Choice Band|[from] move: Knock Off|[of] p1a: Great Tusk
|
|-weather|Snowscape|[upkeep]
|upkeep
|turn|5
|
|t:|1769441372
|-end|p1a: Great Tusk|Protosynthesis|[silent]
|switch|p1a: Skarmory|Skarmory, M|100/100
|-damage|p1a: Skarmory|88/100|[from] Stealth Rock
|move|p2a: Meowscarada|Flower Trick|p1a: Skarmory
|-start|p2a: Meowscarada|typechange|Grass|[from] ability: Protean
|-resisted|p1a: Skarmory
|-crit|p1a: Skarmory
|-damage|p1a: Skarmory|81/100
|
|-weather|Snowscape|[upkeep]
|upkeep
|turn|6
|
|t:|1769441396
|switch|p1a: Great Tusk|Great Tusk|100/100
|move|p2a: Meowscarada|Knock Off|p1a: Great Tusk
|-resisted|p1a: Great Tusk
|-damage|p1a: Great Tusk|93/100
|-enditem|p1a: Great Tusk|Heavy-Duty Boots|[from] move: Knock Off|[of] p2a: Meowscarada
|
|-weather|none
|upkeep
|turn|7
|inactive|gangnamgu has 120 seconds left.
|
|t:|1769441425
|move|p2a: Meowscarada|Flower Trick|p1a: Great Tusk
|-supereffective|p1a: Great Tusk
|-crit|p1a: Great Tusk
|-damage|p1a: Great Tusk|45/100
|move|p1a: Great Tusk|Ice Spinner|p2a: Meowscarada
|-supereffective|p2a: Meowscarada
|-damage|p2a: Meowscarada|7/100
|
|upkeep
|turn|8
|inactive|gangnamgu has 120 seconds left.
|
|t:|1769441456
|move|p2a: Meowscarada|U-turn|p1a: Great Tusk
|-resisted|p1a: Great Tusk
|-damage|p1a: Great Tusk|40/100
|
|t:|1769441458
|switch|p2a: Primarina|Primarina, M|100/100|[from] U-turn
|move|p1a: Great Tusk|Rapid Spin|p2a: Primarina
|-damage|p2a: Primarina|82/100
|-boost|p1a: Great Tusk|spe|1
|-sideend|p1: gangnamgu|Stealth Rock|[from] move: Rapid Spin|[of] p1a: Great Tusk
|
|-heal|p2a: Primarina|88/100|[from] item: Leftovers
|upkeep
|turn|9
|
|t:|1769441477
|-end|p1a: Great Tusk|Protosynthesis|[silent]
|switch|p1a: Slowking|Slowking-Galar, F|100/100
|move|p2a: Primarina|Draining Kiss|p1a: Slowking
|-resisted|p1a: Slowking
|-damage|p1a: Slowking|92/100
|-heal|p2a: Primarina|95/100|[from] drain|[of] p1a: Slowking
|
|-heal|p2a: Primarina|100/100|[from] item: Leftovers
|upkeep
|turn|10
|
|t:|1769441487
|switch|p2a: Iron Crown|Iron Crown|100/100
|-enditem|p2a: Iron Crown|Booster Energy
|-activate|p2a: Iron Crown|ability: Quark Drive|[fromitem]
|-start|p2a: Iron Crown|quarkdrivespa
|move|p1a: Slowking|Future Sight|p2a: Iron Crown
|-start|p1a: Slowking|move: Future Sight
|
|upkeep
|turn|11
|inactive|gangnamgu has 90 seconds left.
|
|t:|1769441520
|move|p2a: Iron Crown|Psychic|p1a: Slowking
|-damage|p1a: Slowking|60/100
|-prepare|p1a: Slowking|Chilly Reception|[premajor]
|move|p1a: Slowking|Chilly Reception|p1a: Slowking
|-weather|Snowscape
|
|t:|1769441523
|switch|p1a: Meowscarada|Meowscarada, F|100/100|[from] Chilly Reception
|
|-weather|Snowscape|[upkeep]
|upkeep
|turn|12
|inactive|gangnamgu has 90 seconds left.
|
|t:|1769441538
|move|p1a: Meowscarada|U-turn|p2a: Iron Crown
|-start|p1a: Meowscarada|typechange|Bug|[from] ability: Protean
|-damage|p2a: Iron Crown|68/100
|
|t:|1769441565
|switch|p1a: Slowking|Slowking-Galar, F|93/100|[from] U-turn
|move|p2a: Iron Crown|Tachyon Cutter|p1a: Slowking
|-damage|p1a: Slowking|73/100
|-damage|p1a: Slowking|54/100
|-hitcount|p1a: Slowking|2
|
|-weather|Snowscape|[upkeep]
|-end|p2a: Iron Crown|move: Future Sight
|-resisted|p2a: Iron Crown
|-damage|p2a: Iron Crown|57/100
|upkeep
|turn|13
|
|t:|1769441575
|switch|p1a: Meowscarada|Meowscarada, F|100/100
|move|p2a: Iron Crown|Tachyon Cutter|p1a: Meowscarada
|-damage|p1a: Meowscarada|46/100
|-damage|p1a: Meowscarada|0 fnt
|faint|p1a: Meowscarada
|-hitcount|p1: Meowscarada|2
|
|-weather|Snowscape|[upkeep]
|upkeep
|
|t:|1769441584
|switch|p1a: Gholdengo|Gholdengo|100/100
|turn|14
|
|t:|1769441588
|move|p1a: Gholdengo|Shadow Ball|p2a: Iron Crown
|-supereffective|p2a: Iron Crown
|-damage|p2a: Iron Crown|0 fnt
|faint|p2a: Iron Crown
|-end|p2a: Iron Crown|Quark Drive|[silent]
|
|-weather|Snowscape|[upkeep]
|upkeep
|
|t:|1769441596
|switch|p2a: Ting-Lu|Ting-Lu|73/100 psn
|-ability|p2a: Ting-Lu|Vessel of Ruin
|turn|15
|inactive|gangnamgu has 90 seconds left.
|
|t:|1769441616
|switch|p1a: Great Tusk|Great Tusk|40/100
|move|p2a: Ting-Lu|Stealth Rock|p1a: Great Tusk
|-sidestart|p1: gangnamgu|move: Stealth Rock
|
|-weather|none
|-heal|p2a: Ting-Lu|79/100 psn|[from] item: Leftovers
|-damage|p2a: Ting-Lu|67/100 psn|[from] psn
|upkeep
|turn|16
|
|t:|1769441625
|move|p1a: Great Tusk|Knock Off|p2a: Ting-Lu
|-resisted|p2a: Ting-Lu
|-damage|p2a: Ting-Lu|60/100 psn
|-enditem|p2a: Ting-Lu|Leftovers|[from] move: Knock Off|[of] p1a: Great Tusk
|move|p2a: Ting-Lu|Ruination|p1a: Great Tusk
|-damage|p1a: Great Tusk|21/100
|
|-damage|p2a: Ting-Lu|48/100 psn|[from] psn
|upkeep
|turn|17
|inactive|gangnamgu has 90 seconds left.
|
|t:|1769441631
|move|p1a: Great Tusk|Knock Off|p2a: Ting-Lu
|-resisted|p2a: Ting-Lu
|-damage|p2a: Ting-Lu|43/100 psn
|move|p2a: Ting-Lu|Whirlwind|p1a: Great Tusk
|-end|p1a: Great Tusk|Protosynthesis|[silent]
|drag|p1a: Clefable|Clefable, F|100/100
|
|-damage|p2a: Ting-Lu|31/100 psn|[from] psn
|upkeep
|turn|18
|
|t:|1769441639
|move|p1a: Clefable|Cosmic Power|p1a: Clefable
|-boost|p1a: Clefable|def|1
|-boost|p1a: Clefable|spd|1
|move|p2a: Ting-Lu|Whirlwind|p1a: Clefable
|drag|p1a: Gholdengo|Gholdengo|100/100
|-damage|p1a: Gholdengo|94/100|[from] Stealth Rock
|
|-damage|p2a: Ting-Lu|19/100 psn|[from] psn
|upkeep
|turn|19
|inactive|gangnamgu has 90 seconds left.
|
|t:|1769441659
|move|p1a: Gholdengo|Make It Rain|p2a: Ting-Lu
|-damage|p2a: Ting-Lu|0 fnt
|-unboost|p1a: Gholdengo|spa|1
|faint|p2a: Ting-Lu
|
|upkeep
|
|t:|1769441680
|switch|p2a: Primarina|Primarina, M|100/100
|turn|20
|
|t:|1769441684
|switch|p1a: Slowking|Slowking-Galar, F|87/100
|-damage|p1a: Slowking|74/100|[from] Stealth Rock
|move|p2a: Primarina|Hyper Voice|p1a: Slowking
|-damage|p1a: Slowking|44/100
|
|upkeep
|turn|21
|
|t:|1769441693
|switch|p2a: Glimmora|Glimmora, F|100/100
|-prepare|p1a: Slowking|Chilly Reception|[premajor]
|move|p1a: Slowking|Chilly Reception|p1a: Slowking
|-weather|Snowscape
|
|t:|1769441701
|switch|p1a: Gholdengo|Gholdengo|94/100|[from] Chilly Reception
|-damage|p1a: Gholdengo|88/100|[from] Stealth Rock
|
|-weather|Snowscape|[upkeep]
|upkeep
|turn|22
|
|t:|1769441713
|-terastallize|p2a: Glimmora|Flying
|move|p1a: Gholdengo|Make It Rain|p2a: Glimmora
|-damage|p2a: Glimmora|53/100
|-unboost|p1a: Gholdengo|spa|1
|move|p2a: Glimmora|Earth Power|p1a: Gholdengo
|-supereffective|p1a: Gholdengo
|-damage|p1a: Gholdengo|27/100
|
|-weather|Snowscape|[upkeep]
|upkeep
|turn|23
|inactive|gangnamgu has 120 seconds left.
|
|t:|1769441745
|switch|p1a: Great Tusk|Great Tusk|21/100
|-damage|p1a: Great Tusk|18/100|[from] Stealth Rock
|switch|p2a: Meowscarada|Meowscarada, F|7/100
|
|-weather|Snowscape|[upkeep]
|upkeep
|turn|24
|
|t:|1769441751
|move|p2a: Meowscarada|Flower Trick|p1a: Great Tusk
|-start|p2a: Meowscarada|typechange|Grass|[from] ability: Protean
|-supereffective|p1a: Great Tusk
|-crit|p1a: Great Tusk
|-damage|p1a: Great Tusk|0 fnt
|faint|p1a: Great Tusk
|-end|p1a: Great Tusk|Protosynthesis|[silent]
|
|-weather|Snowscape|[upkeep]
|upkeep
|
|t:|1769441774
|switch|p1a: Gholdengo|Gholdengo|27/100
|-damage|p1a: Gholdengo|21/100|[from] Stealth Rock
|turn|25
|
|t:|1769441776
|move|p1a: Gholdengo|Shadow Ball|p2a: Meowscarada
|-damage|p2a: Meowscarada|0 fnt
|faint|p2a: Meowscarada
|
|-weather|none
|upkeep
|
|t:|1769441778
|switch|p2a: Ceruledge|Ceruledge, F|19/100
|turn|26
|
|t:|1769441784
|switch|p1a: Skarmory|Skarmory, M|81/100
|-damage|p1a: Skarmory|69/100|[from] Stealth Rock
|move|p2a: Ceruledge|Shadow Sneak|p1a: Skarmory
|-damage|p1a: Skarmory|56/100
|-damage|p2a: Ceruledge|2/100|[from] item: Rocky Helmet|[of] p1a: Skarmory
|
|upkeep
|turn|27
|inactive|gangnamgu has 120 seconds left.
|
|t:|1769441803
|switch|p1a: Gholdengo|Gholdengo|21/100
|-damage|p1a: Gholdengo|15/100|[from] Stealth Rock
|move|p2a: Ceruledge|Bitter Blade|p1a: Gholdengo
|-supereffective|p1a: Gholdengo
|-damage|p1a: Gholdengo|0 fnt
|-heal|p2a: Ceruledge|12/100|[from] drain|[of] p1a: Gholdengo
|faint|p1a: Gholdengo
|
|upkeep
|
|t:|1769441811
|switch|p1a: Clefable|Clefable, F|100/100
|turn|28
|
|t:|1769441817
|switch|p2a: Primarina|Primarina, M|100/100
|move|p1a: Clefable|Cosmic Power|p1a: Clefable
|-boost|p1a: Clefable|def|1
|-boost|p1a: Clefable|spd|1
|
|upkeep
|turn|29
|inactive|gangnamgu has 120 seconds left.
|
|t:|1769441828
|-terastallize|p1a: Clefable|Poison
|move|p2a: Primarina|Calm Mind|p2a: Primarina
|-boost|p2a: Primarina|spa|1
|-boost|p2a: Primarina|spd|1
|move|p1a: Clefable|Cosmic Power|p1a: Clefable
|-boost|p1a: Clefable|def|1
|-boost|p1a: Clefable|spd|1
|
|upkeep
|turn|30
|
|t:|1769441832
|move|p1a: Clefable|Cosmic Power|p1a: Clefable
|-boost|p1a: Clefable|def|1
|-boost|p1a: Clefable|spd|1
|move|p2a: Primarina|Calm Mind|p2a: Primarina
|-boost|p2a: Primarina|spa|1
|-boost|p2a: Primarina|spd|1
|
|upkeep
|turn|31
|
|t:|1769441834
|move|p2a: Primarina|Calm Mind|p2a: Primarina
|-boost|p2a: Primarina|spa|1
|-boost|p2a: Primarina|spd|1
|move|p1a: Clefable|Cosmic Power|p1a: Clefable
|-boost|p1a: Clefable|def|1
|-boost|p1a: Clefable|spd|1
|
|upkeep
|turn|32
|
|t:|1769441836
|move|p2a: Primarina|Calm Mind|p2a: Primarina
|-boost|p2a: Primarina|spa|1
|-boost|p2a: Primarina|spd|1
|move|p1a: Clefable|Cosmic Power|p1a: Clefable
|-boost|p1a: Clefable|def|1
|-boost|p1a: Clefable|spd|1
|
|upkeep
|turn|33
|
|t:|1769441838
|move|p2a: Primarina|Calm Mind|p2a: Primarina
|-boost|p2a: Primarina|spa|1
|-boost|p2a: Primarina|spd|1
|move|p1a: Clefable|Cosmic Power|p1a: Clefable
|-boost|p1a: Clefable|def|1
|-boost|p1a: Clefable|spd|1
|
|upkeep
|turn|34
|
|t:|1769441839
|move|p1a: Clefable|Charge Beam|p2a: Primarina
|-supereffective|p2a: Primarina
|-damage|p2a: Primarina|80/100
|-boost|p1a: Clefable|spa|1
|move|p2a: Primarina|Calm Mind|p2a: Primarina
|-boost|p2a: Primarina|spa|1
|-boost|p2a: Primarina|spd|1
|
|-heal|p2a: Primarina|86/100|[from] item: Leftovers
|upkeep
|turn|35
|
|t:|1769441842
|move|p2a: Primarina|Hyper Voice|p1a: Clefable
|-damage|p1a: Clefable|88/100
|move|p1a: Clefable|Charge Beam|p2a: Primarina
|-supereffective|p2a: Primarina
|-crit|p2a: Primarina
|-damage|p2a: Primarina|48/100
|
|-heal|p2a: Primarina|54/100|[from] item: Leftovers
|upkeep
|turn|36
|
|t:|1769441848
|move|p2a: Primarina|Hyper Voice|p1a: Clefable
|-damage|p1a: Clefable|76/100
|move|p1a: Clefable|Charge Beam|p2a: Primarina
|-supereffective|p2a: Primarina
|-damage|p2a: Primarina|30/100
|-boost|p1a: Clefable|spa|1
|
|-heal|p2a: Primarina|36/100|[from] item: Leftovers
|upkeep
|turn|37
|
|t:|1769441854
|move|p1a: Clefable|Moonlight|p1a: Clefable
|-heal|p1a: Clefable|100/100
|move|p2a: Primarina|Hyper Voice|p1a: Clefable
|-damage|p1a: Clefable|89/100
|
|-heal|p2a: Primarina|42/100|[from] item: Leftovers
|upkeep
|turn|38
|
|t:|1769441857
|move|p2a: Primarina|Hyper Voice|p1a: Clefable
|-damage|p1a: Clefable|77/100
|move|p1a: Clefable|Charge Beam|p2a: Primarina
|-supereffective|p2a: Primarina
|-damage|p2a: Primarina|7/100
|
|-heal|p2a: Primarina|13/100|[from] item: Leftovers
|upkeep
|turn|39
|
|t:|1769441860
|move|p2a: Primarina|Hyper Voice|p1a: Clefable
|-damage|p1a: Clefable|66/100
|move|p1a: Clefable|Charge Beam|p2a: Primarina
|-supereffective|p2a: Primarina
|-damage|p2a: Primarina|0 fnt
|-boost|p1a: Clefable|spa|1
|faint|p2a: Primarina
|
|upkeep
|
|t:|1769441864
|switch|p2a: Glimmora|Glimmora, F, tera:Flying|53/100
|turn|40
|
|t:|1769441873
|move|p2a: Glimmora|Earth Power|p1a: Clefable
|-supereffective|p1a: Clefable
|-damage|p1a: Clefable|50/100
|move|p1a: Clefable|Moonlight|p1a: Clefable
|-heal|p1a: Clefable|99/100
|
|upkeep
|turn|41
|
|t:|1769441877
|move|p2a: Glimmora|Earth Power|p1a: Clefable
|-supereffective|p1a: Clefable
|-damage|p1a: Clefable|86/100
|move|p1a: Clefable|Charge Beam|p2a: Glimmora
|-supereffective|p2a: Glimmora
|-damage|p2a: Glimmora|4/100
|-boost|p1a: Clefable|spa|1
|
|upkeep
|turn|42
|
|t:|1769441881
|move|p2a: Glimmora|Earth Power|p1a: Clefable
|-supereffective|p1a: Clefable
|-damage|p1a: Clefable|70/100
|move|p1a: Clefable|Moonlight|p1a: Clefable
|-heal|p1a: Clefable|100/100
|
|upkeep
|turn|43
|
|t:|1769441884
|move|p2a: Glimmora|Earth Power|p1a: Clefable
|-supereffective|p1a: Clefable
|-damage|p1a: Clefable|86/100
|move|p1a: Clefable|Charge Beam|p2a: Glimmora
|-supereffective|p2a: Glimmora
|-damage|p2a: Glimmora|0 fnt
|-boost|p1a: Clefable|spa|1
|faint|p2a: Glimmora
|
|upkeep
|
|t:|1769441886
|switch|p2a: Ceruledge|Ceruledge, F|12/100
|turn|44
|
|t:|1769441889
|move|p2a: Ceruledge|Poltergeist|p1a: Clefable
|-activate|p1a: Clefable|move: Poltergeist|Heavy-Duty Boots
|-damage|p1a: Clefable|76/100
|move|p1a: Clefable|Moonblast|p2a: Ceruledge
|-resisted|p2a: Ceruledge
|-damage|p2a: Ceruledge|0 fnt
|faint|p2a: Ceruledge
|
|win|gangnamgu
|raw|gangnamgu's rating: 1228 &rarr; <strong>1258</strong><br />(+30 for winning)
|raw|lixy boy's rating: 1295 &rarr; <strong>1265</strong><br />(-30 for losing)
|l|☆lixy boy
|player|p2|
