|j|☆teri paan di lan
|j|☆slysly
|t:|1769433649
|gametype|singles
|player|p1|teri paan di lan|170|1493
|player|p2|slysly|2|1514
|gen|9
|tier|[Gen 9] OU
|rated|
|rule|HP Percentage Mod: HP is shown in percentages
|rule|Endless Battle Clause: Forcing endless battles is banned
|rule|Species Clause: Limit one of each Pokémon
|rule|OHKO Clause: OHKO moves are banned
|rule|Evasion Items Clause: Evasion items are banned
|rule|Evasion Moves Clause: Evasion moves are banned
|rule|Evasion Abilities Clause: Evasion abilities are banned
|rule|Sleep Moves Clause: Sleep-inducing moves are banned
|clearpoke
|poke|p1|Iron Hands|
|poke|p1|Glimmora, F|
|poke|p1|Landorus-Therian, M|
|poke|p1|Dragapult, F|
|poke|p1|Primarina, F|
|poke|p1|Kingambit, F|
|poke|p2|Hippowdon, M|
|poke|p2|Excadrill, F|
|poke|p2|Clodsire, F|
|poke|p2|Corviknight, F|
|poke|p2|Heatran, M|
|poke|p2|Gliscor, F|
|teampreview
|
|t:|1769433684
|teamsize|p1|6
|teamsize|p2|6
|start
|switch|p1a: Landorus|Landorus-Therian, M|100/100
|switch|p2a: Clodsire|Clodsire, F|100/100
|-ability|p1a: Landorus|Intimidate|boost
|-unboost|p2a: Clodsire|atk|1
|turn|1
|
|t:|1769433691
|switch|p2a: Corviknight|Corviknight, F|100/100
|-ability|p2a: Corviknight|Pressure
|move|p1a: Landorus|Stealth Rock|p2a: Corviknight
|-sidestart|p2: slysly|move: Stealth Rock
|
|upkeep
|turn|2
|
|t:|1769433720
|switch|p1a: Iron Hands|Iron Hands|100/100
|-enditem|p1a: Iron Hands|Booster Energy
|-activate|p1a: Iron Hands|ability: Quark Drive|[fromitem]
|-start|p1a: Iron Hands|quarkdriveatk
|move|p2a: Corviknight|Defog|p1a: Iron Hands
|-unboost|p1a: Iron Hands|evasion|1
|-sideend|p2: slysly|Stealth Rock|[from] move: Defog|[of] p2a: Corviknight
|
|upkeep
|turn|3
|inactive|Battle timer is ON: inactive players will automatically lose when time's up. (requested by teri paan di lan)
|
|t:|1769433729
|switch|p2a: Hippowdon|Hippowdon, M|100/100
|-weather|Sandstorm|[from] ability: Sand Stream|[of] p2a: Hippowdon
|move|p1a: Iron Hands|Ice Punch|p2a: Hippowdon
|-supereffective|p2a: Hippowdon
|-damage|p2a: Hippowdon|59/100
|-status|p2a: Hippowdon|frz
|-damage|p1a: Iron Hands|84/100|[from] item: Rocky Helmet|[of] p2a: Hippowdon
|
|-weather|Sandstorm|[upkeep]
|-damage|p1a: Iron Hands|78/100|[from] Sandstorm
|upkeep
|turn|4
|
|t:|1769433738
|move|p1a: Iron Hands|Ice Punch|p2a: Hippowdon
|-supereffective|p2a: Hippowdon
|-damage|p2a: Hippowdon|21/100 frz
|-damage|p1a: Iron Hands|61/100|[from] item: Rocky Helmet|[of] p2a: Hippowdon
|-curestatus|p2a: Hippowdon|frz|[msg]
|move|p2a: Hippowdon|Slack Off|p2a: Hippowdon
|-heal|p2a: Hippowdon|71/100
|
|-weather|Sandstorm|[upkeep]
|-damage|p1a: Iron Hands|55/100|[from] Sandstorm
|upkeep
|turn|5
|
|t:|1769433754
|move|p1a: Iron Hands|Ice Punch|p2a: Hippowdon
|-supereffective|p2a: Hippowdon
|-damage|p2a: Hippowdon|33/100
|-damage|p1a: Iron Hands|39/100|[from] item: Rocky Helmet|[of] p2a: Hippowdon
|move|p2a: Hippowdon|Stealth Rock|p1a: Iron Hands
|-sidestart|p1: teri paan di lan|move: Stealth Rock
|
|-weather|Sandstorm|[upkeep]
|-damage|p1a: Iron Hands|32/100|[from] Sandstorm
|upkeep
|turn|6
|inactive|slysly has 120 seconds left.
|
|t:|1769433805
|switch|p2a: Heatran|Heatran, M|100/100
|move|p1a: Iron Hands|Ice Punch|p2a: Heatran
|-resisted|p2a: Heatran
|-damage|p2a: Heatran|92/100
|
|-weather|Sandstorm|[upkeep]
|-damage|p1a: Iron Hands|26/100|[from] Sandstorm
|-heal|p2a: Heatran|98/100|[from] item: Leftovers
|upkeep
|turn|7
|inactive|teri paan di lan has 120 seconds left.
|
|t:|1769433852
|switch|p2a: Gliscor|Gliscor, F|100/100
|-end|p1a: Iron Hands|Quark Drive|[silent]
|switch|p1a: Glimmora|Glimmora, F|100/100
|-damage|p1a: Glimmora|88/100|[from] Stealth Rock
|
|-weather|none
|-status|p2a: Gliscor|tox|[from] item: Toxic Orb
|upkeep
|turn|8
|
|t:|1769433876
|switch|p2a: Corviknight|Corviknight, F|100/100
|-ability|p2a: Corviknight|Pressure
|move|p1a: Glimmora|Mortal Spin|p2a: Corviknight
|-immune|p2a: Corviknight
|
|upkeep
|turn|9
|
|t:|1769433893
|switch|p1a: Landorus|Landorus-Therian, M|100/100
|-damage|p1a: Landorus|88/100|[from] Stealth Rock
|-ability|p1a: Landorus|Intimidate|boost
|-unboost|p2a: Corviknight|atk|1
|move|p2a: Corviknight|Iron Defense|p2a: Corviknight
|-boost|p2a: Corviknight|def|2
|
|upkeep
|turn|10
|
|t:|1769433906
|move|p1a: Landorus|Stealth Rock|p2a: Corviknight
|-sidestart|p2: slysly|move: Stealth Rock
|move|p2a: Corviknight|Body Press|p1a: Landorus
|-resisted|p1a: Landorus
|-damage|p1a: Landorus|65/100
|-damage|p2a: Corviknight|84/100|[from] item: Rocky Helmet|[of] p1a: Landorus
|
|-heal|p2a: Corviknight|90/100|[from] item: Leftovers
|upkeep
|turn|11
|inactive|teri paan di lan has 120 seconds left.
|
|t:|1769433911
|switch|p1a: Dragapult|Dragapult, F|100/100
|-damage|p1a: Dragapult|88/100|[from] Stealth Rock
|move|p2a: Corviknight|Body Press|p1a: Dragapult
|-immune|p1a: Dragapult
|
|-heal|p2a: Corviknight|96/100|[from] item: Leftovers
|upkeep
|turn|12
|
|t:|1769433918
|move|p1a: Dragapult|Dragon Darts|p2a: Corviknight
|-resisted|p2a: Corviknight
|-damage|p2a: Corviknight|90/100
|-anim|p1a: Dragapult|Dragon Darts|p2a: Corviknight
|-resisted|p2a: Corviknight
|-damage|p2a: Corviknight|84/100
|move|p2a: Corviknight|Defog|p1a: Dragapult
|-fail|p1a: Dragapult|unboost|[from] ability: Clear Body|[of] p1a: Dragapult
|-sideend|p1: teri paan di lan|Stealth Rock|[from] move: Defog|[of] p2a: Corviknight
|-sideend|p2: slysly|Stealth Rock|[from] move: Defog|[of] p2a: Corviknight
|
|-heal|p2a: Corviknight|90/100|[from] item: Leftovers
|upkeep
|turn|13
|inactive|teri paan di lan has 120 seconds left.
|
|t:|1769433966
|move|p1a: Dragapult|Dragon Darts|p2a: Corviknight
|-resisted|p2a: Corviknight
|-damage|p2a: Corviknight|85/100
|-anim|p1a: Dragapult|Dragon Darts|p2a: Corviknight
|-resisted|p2a: Corviknight
|-damage|p2a: Corviknight|79/100
|move|p2a: Corviknight|Body Press|p1a: Dragapult
|-immune|p1a: Dragapult
|
|-heal|p2a: Corviknight|85/100|[from] item: Leftovers
|upkeep
|turn|14
|
|t:|1769433976
|move|p1a: Dragapult|Dragon Darts|p2a: Corviknight
|-resisted|p2a: Corviknight
|-damage|p2a: Corviknight|80/100
|-anim|p1a: Dragapult|Dragon Darts|p2a: Corviknight
|-resisted|p2a: Corviknight
|-damage|p2a: Corviknight|75/100
|move|p2a: Corviknight|Body Press|p1a: Dragapult
|-immune|p1a: Dragapult
|
|-heal|p2a: Corviknight|81/100|[from] item: Leftovers
|upkeep
|turn|15
|
|t:|1769433980
|switch|p1a: Landorus|Landorus-Therian, M|65/100
|-ability|p1a: Landorus|Intimidate|boost
|-unboost|p2a: Corviknight|atk|1
|move|p2a: Corviknight|Iron Defense|p2a: Corviknight
|-boost|p2a: Corviknight|def|2
|
|-heal|p2a: Corviknight|87/100|[from] item: Leftovers
|upkeep
|turn|16
|
|t:|1769433984
|move|p1a: Landorus|U-turn|p2a: Corviknight
|-resisted|p2a: Corviknight
|-damage|p2a: Corviknight|86/100
|
|t:|1769433986
|switch|p1a: Dragapult|Dragapult, F|88/100|[from] U-turn
|move|p2a: Corviknight|Body Press|p1a: Dragapult
|-immune|p1a: Dragapult
|
|-heal|p2a: Corviknight|92/100|[from] item: Leftovers
|upkeep
|turn|17
|
|t:|1769433992
|move|p1a: Dragapult|U-turn|p2a: Corviknight
|-resisted|p2a: Corviknight
|-damage|p2a: Corviknight|90/100
|
|t:|1769433993
|switch|p1a: Landorus|Landorus-Therian, M|65/100|[from] U-turn
|-ability|p1a: Landorus|Intimidate|boost
|-unboost|p2a: Corviknight|atk|1
|move|p2a: Corviknight|Iron Defense|p2a: Corviknight
|-boost|p2a: Corviknight|def|2
|
|-heal|p2a: Corviknight|96/100|[from] item: Leftovers
|upkeep
|turn|18
|
|t:|1769433997
|move|p1a: Landorus|U-turn|p2a: Corviknight
|-resisted|p2a: Corviknight
|-damage|p2a: Corviknight|96/100
|
|t:|1769433998
|switch|p1a: Dragapult|Dragapult, F|88/100|[from] U-turn
|move|p2a: Corviknight|Body Press|p1a: Dragapult
|-immune|p1a: Dragapult
|
|-heal|p2a: Corviknight|100/100|[from] item: Leftovers
|upkeep
|turn|19
|
|t:|1769434002
|move|p1a: Dragapult|U-turn|p2a: Corviknight
|-resisted|p2a: Corviknight
|-damage|p2a: Corviknight|99/100
|
|t:|1769434003
|switch|p1a: Landorus|Landorus-Therian, M|65/100|[from] U-turn
|-ability|p1a: Landorus|Intimidate|boost
|-unboost|p2a: Corviknight|atk|1
|move|p2a: Corviknight|Body Press|p1a: Landorus
|-resisted|p1a: Landorus
|-damage|p1a: Landorus|12/100
|-damage|p2a: Corviknight|83/100|[from] item: Rocky Helmet|[of] p1a: Landorus
|
|-heal|p2a: Corviknight|89/100|[from] item: Leftovers
|upkeep
|turn|20
|
|t:|1769434010
|move|p1a: Landorus|U-turn|p2a: Corviknight
|-resisted|p2a: Corviknight
|-damage|p2a: Corviknight|88/100
|
|t:|1769434012
|switch|p1a: Dragapult|Dragapult, F|88/100|[from] U-turn
|move|p2a: Corviknight|Body Press|p1a: Dragapult
|-immune|p1a: Dragapult
|
|-heal|p2a: Corviknight|94/100|[from] item: Leftovers
|upkeep
|turn|21
|
|t:|1769434017
|move|p1a: Dragapult|Tera Blast|p2a: Corviknight
|-resisted|p2a: Corviknight
|-damage|p2a: Corviknight|86/100
|move|p2a: Corviknight|Defog||[still]
|-fail|p1a: Dragapult|unboost|[from] ability: Clear Body|[of] p1a: Dragapult
|-fail|p2a: Corviknight
|
|-heal|p2a: Corviknight|92/100|[from] item: Leftovers
|upkeep
|turn|22
|
|t:|1769434025
|move|p1a: Dragapult|Tera Blast|p2a: Corviknight
|-resisted|p2a: Corviknight
|-damage|p2a: Corviknight|83/100
|move|p2a: Corviknight|Body Press|p1a: Dragapult
|-immune|p1a: Dragapult
|
|-heal|p2a: Corviknight|89/100|[from] item: Leftovers
|upkeep
|turn|23
|
|t:|1769434027
|move|p1a: Dragapult|Tera Blast|p2a: Corviknight
|-resisted|p2a: Corviknight
|-damage|p2a: Corviknight|82/100
|move|p2a: Corviknight|Body Press|p1a: Dragapult
|-immune|p1a: Dragapult
|
|-heal|p2a: Corviknight|88/100|[from] item: Leftovers
|upkeep
|turn|24
|
|t:|1769434029
|switch|p1a: Landorus|Landorus-Therian, M|12/100
|-ability|p1a: Landorus|Intimidate|boost
|-unboost|p2a: Corviknight|atk|1
|move|p2a: Corviknight|Defog|p1a: Landorus
|-unboost|p1a: Landorus|evasion|1
|
|-heal|p2a: Corviknight|94/100|[from] item: Leftovers
|upkeep
|turn|25
|
|t:|1769434033
|move|p1a: Landorus|U-turn|p2a: Corviknight
|-resisted|p2a: Corviknight
|-damage|p2a: Corviknight|93/100
|
|t:|1769434037
|switch|p1a: Dragapult|Dragapult, F|88/100|[from] U-turn
|move|p2a: Corviknight|Defog||[still]
|-fail|p1a: Dragapult|unboost|[from] ability: Clear Body|[of] p1a: Dragapult
|-fail|p2a: Corviknight
|
|-heal|p2a: Corviknight|99/100|[from] item: Leftovers
|upkeep
|turn|26
|
|t:|1769434043
|move|p1a: Dragapult|U-turn|p2a: Corviknight
|-resisted|p2a: Corviknight
|-damage|p2a: Corviknight|98/100
|
|t:|1769434044
|switch|p1a: Landorus|Landorus-Therian, M|12/100|[from] U-turn
|-ability|p1a: Landorus|Intimidate|boost
|-unboost|p2a: Corviknight|atk|1
|move|p2a: Corviknight|Defog|p1a: Landorus
|-unboost|p1a: Landorus|evasion|1
|
|-heal|p2a: Corviknight|100/100|[from] item: Leftovers
|upkeep
|turn|27
|
|t:|1769434048
|move|p1a: Landorus|U-turn|p2a: Corviknight
|-resisted|p2a: Corviknight
|-crit|p2a: Corviknight
|-damage|p2a: Corviknight|96/100
|
|t:|1769434049
|switch|p1a: Dragapult|Dragapult, F|88/100|[from] U-turn
|move|p2a: Corviknight|Defog||[still]
|-fail|p1a: Dragapult|unboost|[from] ability: Clear Body|[of] p1a: Dragapult
|-fail|p2a: Corviknight
|
|-heal|p2a: Corviknight|100/100|[from] item: Leftovers
|upkeep
|turn|28
|
|t:|1769434053
|move|p1a: Dragapult|U-turn|p2a: Corviknight
|-resisted|p2a: Corviknight
|-damage|p2a: Corviknight|99/100
|
|t:|1769434054
|switch|p1a: Landorus|Landorus-Therian, M|12/100|[from] U-turn
|-ability|p1a: Landorus|Intimidate|boost
|-unboost|p2a: Corviknight|atk|0
|move|p2a: Corviknight|Body Press|p1a: Landorus
|-resisted|p1a: Landorus
|-damage|p1a: Landorus|0 fnt
|-damage|p2a: Corviknight|83/100|[from] item: Rocky Helmet|[of] p1a: Landorus
|faint|p1a: Landorus
|
|-heal|p2a: Corviknight|89/100|[from] item: Leftovers
|upkeep
|
|t:|1769434058
|switch|p1a: Primarina|Primarina, F|100/100
|turn|29
|
|t:|1769434061
|move|p1a: Primarina|Flip Turn|p2a: Corviknight
|-damage|p2a: Corviknight|86/100
|
|t:|1769434064
|switch|p1a: Dragapult|Dragapult, F|88/100|[from] Flip Turn
|move|p2a: Corviknight|Body Press|p1a: Dragapult
|-immune|p1a: Dragapult
|
|-heal|p2a: Corviknight|92/100|[from] item: Leftovers
|upkeep
|turn|30
|
|t:|1769434070
|move|p1a: Dragapult|Tera Blast|p2a: Corviknight
|-resisted|p2a: Corviknight
|-damage|p2a: Corviknight|84/100
|move|p2a: Corviknight|Iron Defense|p2a: Corviknight
|-boost|p2a: Corviknight|def|0
|
|-heal|p2a: Corviknight|90/100|[from] item: Leftovers
|upkeep
|turn|31
|
|t:|1769434074
|move|p1a: Dragapult|Tera Blast|p2a: Corviknight
|-resisted|p2a: Corviknight
|-damage|p2a: Corviknight|82/100
|move|p2a: Corviknight|Iron Defense|p2a: Corviknight
|-boost|p2a: Corviknight|def|0
|
|-heal|p2a: Corviknight|88/100|[from] item: Leftovers
|upkeep
|turn|32
|
|t:|1769434077
|move|p1a: Dragapult|Tera Blast|p2a: Corviknight
|-resisted|p2a: Corviknight
|-damage|p2a: Corviknight|80/100
|move|p2a: Corviknight|Iron Defense|p2a: Corviknight
|-boost|p2a: Corviknight|def|0
|
|-heal|p2a: Corviknight|86/100|[from] item: Leftovers
|upkeep
|turn|33
|
|t:|1769434083
|switch|p1a: Primarina|Primarina, F|100/100
|move|p2a: Corviknight|Iron Defense|p2a: Corviknight
|-boost|p2a: Corviknight|def|0
|
|-heal|p2a: Corviknight|92/100|[from] item: Leftovers
|upkeep
|turn|34
|
|t:|1769434087
|move|p2a: Corviknight|Iron Defense|p2a: Corviknight
|-boost|p2a: Corviknight|def|0
|move|p1a: Primarina|Psychic Noise|p2a: Corviknight
|-damage|p2a: Corviknight|56/100
|-start|p2a: Corviknight|move: Heal Block
|
|upkeep
|turn|35
|
|t:|1769434093
|move|p1a: Primarina|Flip Turn|p2a: Corviknight
|-damage|p2a: Corviknight|54/100
|
|t:|1769434095
|switch|p1a: Dragapult|Dragapult, F|88/100|[from] Flip Turn
|move|p2a: Corviknight|Body Press|p1a: Dragapult
|-immune|p1a: Dragapult
|
|-end|p2a: Corviknight|move: Heal Block
|upkeep
|turn|36
|
|t:|1769434100
|move|p1a: Dragapult|Dragon Darts|p2a: Corviknight
|-resisted|p2a: Corviknight
|-damage|p2a: Corviknight|51/100
|-anim|p1a: Dragapult|Dragon Darts|p2a: Corviknight
|-resisted|p2a: Corviknight
|-damage|p2a: Corviknight|48/100
|move|p2a: Corviknight|Roost|p2a: Corviknight
|-heal|p2a: Corviknight|98/100
|-singleturn|p2a: Corviknight|move: Roost
|
|-heal|p2a: Corviknight|100/100|[from] item: Leftovers
|upkeep
|turn|37
|
|t:|1769434110
|switch|p1a: Iron Hands|Iron Hands|26/100
|move|p2a: Corviknight|Iron Defense|p2a: Corviknight
|-boost|p2a: Corviknight|def|0
|
|upkeep
|turn|38
|inactive|slysly has 120 seconds left.
|
|t:|1769434169
|-end|p1a: Iron Hands|Quark Drive|[silent]
|switch|p1a: Dragapult|Dragapult, F|88/100
|move|p2a: Corviknight|Iron Defense|p2a: Corviknight
|-boost|p2a: Corviknight|def|0
|
|upkeep
|turn|39
|inactive|teri paan di lan has 120 seconds left.
|inactive|teri paan di lan has 90 seconds left.
|
|t:|1769434235
|move|p1a: Dragapult|U-turn|p2a: Corviknight
|-resisted|p2a: Corviknight
|-damage|p2a: Corviknight|99/100
|
|t:|1769434238
|switch|p1a: Primarina|Primarina, F|100/100|[from] U-turn
|move|p2a: Corviknight|Iron Defense|p2a: Corviknight
|-boost|p2a: Corviknight|def|0
|
|-heal|p2a: Corviknight|100/100|[from] item: Leftovers
|upkeep
|turn|40
|
|t:|1769434257
|move|p2a: Corviknight|Iron Defense|p2a: Corviknight
|-boost|p2a: Corviknight|def|0
|move|p1a: Primarina|Flip Turn|p2a: Corviknight
|-damage|p2a: Corviknight|98/100
|
|t:|1769434259
|switch|p1a: Iron Hands|Iron Hands|26/100|[from] Flip Turn
|
|-heal|p2a: Corviknight|100/100|[from] item: Leftovers
|upkeep
|turn|41
|
|t:|1769434261
|move|p2a: Corviknight|Body Press|p1a: Iron Hands
|-crit|p1a: Iron Hands
|-damage|p1a: Iron Hands|0 fnt
|faint|p1a: Iron Hands
|-end|p1a: Iron Hands|Quark Drive|[silent]
|
|upkeep
|
|t:|1769434264
|switch|p1a: Glimmora|Glimmora, F|88/100
|turn|42
|
|t:|1769434270
|switch|p1a: Dragapult|Dragapult, F|88/100
|move|p2a: Corviknight|Defog||[still]
|-fail|p1a: Dragapult|unboost|[from] ability: Clear Body|[of] p1a: Dragapult
|-fail|p2a: Corviknight
|
|upkeep
|turn|43
|
|t:|1769434277
|move|p1a: Dragapult|U-turn|p2a: Corviknight
|-resisted|p2a: Corviknight
|-damage|p2a: Corviknight|99/100
|
|t:|1769434279
|switch|p1a: Glimmora|Glimmora, F|88/100|[from] U-turn
|move|p2a: Corviknight|Defog|p1a: Glimmora
|-unboost|p1a: Glimmora|evasion|1
|
|-heal|p2a: Corviknight|100/100|[from] item: Leftovers
|upkeep
|turn|44
|
|t:|1769434283
|move|p1a: Glimmora|Dazzling Gleam|p2a: Corviknight
|-resisted|p2a: Corviknight
|-damage|p2a: Corviknight|86/100
|move|p2a: Corviknight|Body Press|p1a: Glimmora
|-damage|p1a: Glimmora|0 fnt
|-activate|p1a: Glimmora|ability: Toxic Debris
|-sidestart|p2: slysly|move: Toxic Spikes
|faint|p1a: Glimmora
|
|-heal|p2a: Corviknight|92/100|[from] item: Leftovers
|upkeep
|
|t:|1769434289
|switch|p1a: Kingambit|Kingambit, F|100/100
|-activate|p1a: Kingambit|ability: Supreme Overlord
|-start|p1a: Kingambit|fallen3|[silent]
|turn|45
|
|t:|1769434298
|switch|p2a: Heatran|Heatran, M|98/100
|move|p1a: Kingambit|Kowtow Cleave|p2a: Heatran
|-damage|p2a: Heatran|43/100
|
|-heal|p2a: Heatran|49/100|[from] item: Leftovers
|upkeep
|turn|46
|
|t:|1769434305
|-end|p1a: Kingambit|fallen3|[silent]
|switch|p1a: Primarina|Primarina, F|100/100
|move|p2a: Heatran|Magma Storm|p1a: Primarina|[miss]
|-miss|p2a: Heatran|p1a: Primarina
|
|-heal|p2a: Heatran|55/100|[from] item: Leftovers
|upkeep
|turn|47
|
|t:|1769434310
|move|p2a: Heatran|Protect|p2a: Heatran
|-singleturn|p2a: Heatran|Protect
|move|p1a: Primarina|Flip Turn|p2a: Heatran
|-activate|p2a: Heatran|move: Protect
|
|-heal|p2a: Heatran|62/100|[from] item: Leftovers
|upkeep
|turn|48
|
|t:|1769434313
|switch|p2a: Clodsire|Clodsire, F|100/100
|-sideend|p2: slysly|move: Toxic Spikes|[of] p2a: Clodsire
|move|p1a: Primarina|Psychic Noise|p2a: Clodsire
|-immune|p2a: Clodsire|[from] ability: Water Absorb
|
|upkeep
|turn|49
|
|t:|1769434327
|switch|p1a: Kingambit|Kingambit, F|100/100
|-activate|p1a: Kingambit|ability: Supreme Overlord
|-start|p1a: Kingambit|fallen3|[silent]
|switch|p2a: Hippowdon|Hippowdon, M|33/100
|-weather|Sandstorm|[from] ability: Sand Stream|[of] p2a: Hippowdon
|
|-weather|Sandstorm|[upkeep]
|upkeep
|turn|50
|
|t:|1769434336
|move|p1a: Kingambit|Kowtow Cleave|p2a: Hippowdon
|-damage|p2a: Hippowdon|0 fnt
|-damage|p1a: Kingambit|84/100|[from] item: Rocky Helmet|[of] p2a: Hippowdon
|faint|p2a: Hippowdon
|
|-weather|Sandstorm|[upkeep]
|-heal|p1a: Kingambit|90/100|[from] item: Leftovers
|upkeep
|
|t:|1769434340
|switch|p2a: Excadrill|Excadrill, F|100/100
|turn|51
|
|t:|1769434352
|switch|p2a: Gliscor|Gliscor, F|100/100 tox
|-terastallize|p1a: Kingambit|Grass
|move|p1a: Kingambit|Swords Dance|p1a: Kingambit
|-boost|p1a: Kingambit|atk|2
|
|-weather|Sandstorm|[upkeep]
|-damage|p1a: Kingambit|84/100|[from] Sandstorm
|-heal|p1a: Kingambit|90/100|[from] item: Leftovers
|upkeep
|turn|52
|
|t:|1769434370
|move|p2a: Gliscor|U-turn|p1a: Kingambit
|-supereffective|p1a: Kingambit
|-damage|p1a: Kingambit|67/100
|
|t:|1769434379
|switch|p2a: Heatran|Heatran, M|62/100|[from] U-turn
|move|p1a: Kingambit|Kowtow Cleave|p2a: Heatran
|-damage|p2a: Heatran|0 fnt
|faint|p2a: Heatran
|
|-weather|Sandstorm|[upkeep]
|-damage|p1a: Kingambit|61/100|[from] Sandstorm
|-heal|p1a: Kingambit|67/100|[from] item: Leftovers
|upkeep
|
|t:|1769434384
|switch|p2a: Excadrill|Excadrill, F|100/100
|turn|53
|
|t:|1769434408
|-terastallize|p2a: Excadrill|Fairy
|move|p1a: Kingambit|Sucker Punch|p2a: Excadrill
|-resisted|p2a: Excadrill
|-damage|p2a: Excadrill|19/100
|move|p2a: Excadrill|Iron Head|p1a: Kingambit
|-damage|p1a: Kingambit|14/100
|
|-weather|none
|-heal|p1a: Kingambit|21/100|[from] item: Leftovers
|upkeep
|turn|54
|
|t:|1769434431
|move|p1a: Kingambit|Sucker Punch|p2a: Excadrill
|-resisted|p2a: Excadrill
|-damage|p2a: Excadrill|0 fnt
|faint|p2a: Excadrill
|
|-heal|p1a: Kingambit|27/100|[from] item: Leftovers
|upkeep
|
|t:|1769434433
|switch|p2a: Gliscor|Gliscor, F|100/100 tox
|turn|55
|
|t:|1769434455
|-end|p1a: Kingambit|fallen3|[silent]
|switch|p1a: Primarina|Primarina, F|100/100
|move|p2a: Gliscor|Knock Off|p1a: Primarina
|-resisted|p1a: Primarina
|-damage|p1a: Primarina|89/100
|-enditem|p1a: Primarina|Assault Vest|[from] move: Knock Off|[of] p2a: Gliscor
|
|upkeep
|turn|56
|
|t:|1769434460
|switch|p2a: Clodsire|Clodsire, F|100/100
|switch|p1a: Kingambit|Kingambit, F, tera:Grass|27/100
|-activate|p1a: Kingambit|ability: Supreme Overlord
|-start|p1a: Kingambit|fallen3|[silent]
|
|-heal|p1a: Kingambit|33/100|[from] item: Leftovers
|upkeep
|turn|57
|
|t:|1769434463
|move|p1a: Kingambit|Kowtow Cleave|p2a: Clodsire
|-crit|p2a: Clodsire
|-damage|p2a: Clodsire|15/100
|move|p2a: Clodsire|Poison Jab|p1a: Kingambit
|-supereffective|p1a: Kingambit
|-damage|p1a: Kingambit|2/100
|
|-heal|p1a: Kingambit|8/100|[from] item: Leftovers
|-heal|p2a: Clodsire|21/100|[from] item: Leftovers
|upkeep
|turn|58
|
|t:|1769434477
|switch|p2a: Gliscor|Gliscor, F|100/100 tox
|move|p1a: Kingambit|Kowtow Cleave|p2a: Gliscor
|-crit|p2a: Gliscor
|-damage|p2a: Gliscor|45/100 tox
|
|-heal|p1a: Kingambit|14/100|[from] item: Leftovers
|-heal|p2a: Gliscor|57/100 tox|[from] ability: Poison Heal
|upkeep
|turn|59
|
|t:|1769434484
|-end|p1a: Kingambit|fallen3|[silent]
|switch|p1a: Primarina|Primarina, F|89/100
|move|p2a: Gliscor|U-turn|p1a: Primarina
|-resisted|p1a: Primarina
|-damage|p1a: Primarina|81/100
|
|t:|1769434486
|switch|p2a: Clodsire|Clodsire, F|21/100|[from] U-turn
|
|-heal|p2a: Clodsire|28/100|[from] item: Leftovers
|upkeep
|turn|60
|
|t:|1769434491
|switch|p1a: Kingambit|Kingambit, F, tera:Grass|14/100
|-activate|p1a: Kingambit|ability: Supreme Overlord
|-start|p1a: Kingambit|fallen3|[silent]
|switch|p2a: Corviknight|Corviknight, F|92/100
|-ability|p2a: Corviknight|Pressure
|
|-heal|p2a: Corviknight|98/100|[from] item: Leftovers
|-heal|p1a: Kingambit|20/100|[from] item: Leftovers
|upkeep
|turn|61
|
|t:|1769434502
|-end|p1a: Kingambit|fallen3|[silent]
|switch|p1a: Primarina|Primarina, F|81/100
|move|p2a: Corviknight|Iron Defense|p2a: Corviknight
|-boost|p2a: Corviknight|def|2
|
|-heal|p2a: Corviknight|100/100|[from] item: Leftovers
|upkeep
|turn|62
|
|t:|1769434507
|switch|p2a: Clodsire|Clodsire, F|28/100
|move|p1a: Primarina|Moonblast|p2a: Clodsire
|-resisted|p2a: Clodsire
|-damage|p2a: Clodsire|13/100
|-unboost|p2a: Clodsire|spa|1
|
|-heal|p2a: Clodsire|19/100|[from] item: Leftovers
|upkeep
|turn|63
|
|t:|1769434513
|switch|p1a: Kingambit|Kingambit, F, tera:Grass|20/100
|-activate|p1a: Kingambit|ability: Supreme Overlord
|-start|p1a: Kingambit|fallen3|[silent]
|move|p2a: Clodsire|Toxic Spikes|p1a: Kingambit
|-sidestart|p1: teri paan di lan|move: Toxic Spikes
|
|-heal|p1a: Kingambit|27/100|[from] item: Leftovers
|-heal|p2a: Clodsire|25/100|[from] item: Leftovers
|upkeep
|turn|64
|
|t:|1769434522
|switch|p2a: Corviknight|Corviknight, F|100/100
|-ability|p2a: Corviknight|Pressure
|move|p1a: Kingambit|Kowtow Cleave|p2a: Corviknight
|-damage|p2a: Corviknight|62/100
|
|-heal|p2a: Corviknight|68/100|[from] item: Leftovers
|-heal|p1a: Kingambit|33/100|[from] item: Leftovers
|upkeep
|turn|65
|
|t:|1769434529
|-end|p1a: Kingambit|fallen3|[silent]
|switch|p1a: Primarina|Primarina, F|81/100
|-status|p1a: Primarina|psn
|move|p2a: Corviknight|Iron Defense|p2a: Corviknight
|-boost|p2a: Corviknight|def|2
|
|-heal|p2a: Corviknight|74/100|[from] item: Leftovers
|-damage|p1a: Primarina|68/100 psn|[from] psn
|upkeep
|turn|66
|
|t:|1769434533
|switch|p1a: Kingambit|Kingambit, F, tera:Grass|33/100
|-status|p1a: Kingambit|psn
|-activate|p1a: Kingambit|ability: Supreme Overlord
|-start|p1a: Kingambit|fallen3|[silent]
|switch|p2a: Clodsire|Clodsire, F|25/100
|
|-heal|p1a: Kingambit|39/100 psn|[from] item: Leftovers
|-heal|p2a: Clodsire|32/100|[from] item: Leftovers
|-damage|p1a: Kingambit|27/100 psn|[from] psn
|upkeep
|turn|67
|
|t:|1769434539
|switch|p2a: Corviknight|Corviknight, F|74/100
|-ability|p2a: Corviknight|Pressure
|move|p1a: Kingambit|Kowtow Cleave|p2a: Corviknight
|-damage|p2a: Corviknight|35/100
|
|-heal|p2a: Corviknight|41/100|[from] item: Leftovers
|-heal|p1a: Kingambit|33/100 psn|[from] item: Leftovers
|-damage|p1a: Kingambit|20/100 psn|[from] psn
|upkeep
|turn|68
|
|t:|1769434551
|-end|p1a: Kingambit|fallen3|[silent]
|switch|p1a: Primarina|Primarina, F|68/100 psn
|move|p2a: Corviknight|Roost|p2a: Corviknight
|-heal|p2a: Corviknight|91/100
|-singleturn|p2a: Corviknight|move: Roost
|
|-heal|p2a: Corviknight|97/100|[from] item: Leftovers
|-damage|p1a: Primarina|56/100 psn|[from] psn
|upkeep
|turn|69
|-message|teri paan di lan forfeited.
|
|win|slysly
|raw|teri paan di lan's rating: 1493 &rarr; <strong>1474</strong><br />(-19 for losing)
|raw|slysly's rating: 1514 &rarr; <strong>1533</strong><br />(+19 for winning)
|l|☆teri paan di lan
|player|p1|
|l|☆slysly
|player|p2|
