|j|☆z4chhhhh
|j|☆ghost9922
|t:|1769368556
|gametype|singles
|player|p1|z4chhhhh|101|1190
|player|p2|ghost9922|1|1211
|gen|9
|tier|[Gen 9] OU
|rated|
|rule|HP Percentage Mod: HP is shown in percentages
|rule|Endless Battle Clause: Forcing endless battles is banned
|rule|Species Clause: Limit one of each Pokémon
|rule|OHKO Clause: OHKO moves are banned
|rule|Evasion Items Clause: Evasion items are banned
|rule|Evasion Moves Clause: Evasion moves are banned
|rule|Evasion Abilities Clause: Evasion abilities are banned
|rule|Sleep Moves Clause: Sleep-inducing moves are banned
|clearpoke
|poke|p1|Dragonite, F|
|poke|p1|Samurott-Hisui, F|
|poke|p1|Clefable, F|
|poke|p1|Gliscor, M|
|poke|p1|Gholdengo|
|poke|p1|Zamazenta-*|
|poke|p2|Great Tusk|
|poke|p2|Kingambit, F|
|poke|p2|Heatran, M|
|poke|p2|Pelipper, M|
|poke|p2|Barraskewda, F|
|poke|p2|Zapdos|
|teampreview
|
|t:|1769368569
|teamsize|p1|6
|teamsize|p2|6
|start
|switch|p1a: Samurott|Samurott-Hisui, F|100/100
|switch|p2a: Pelipper|Pelipper, M|100/100
|-weather|RainDance|[from] ability: Drizzle|[of] p2a: Pelipper
|turn|1
|
|t:|1769368581
|move|p1a: Samurott|Ceaseless Edge|p2a: Pelipper
|-damage|p2a: Pelipper|67/100
|-sidestart|p2: ghost9922|Spikes
|move|p2a: Pelipper|U-turn|p1a: Samurott
|-supereffective|p1a: Samurott
|-damage|p1a: Samurott|81/100
|
|t:|1769368595
|switch|p2a: Barraskewda|Barraskewda, F|100/100|[from] U-turn
|-damage|p2a: Barraskewda|88/100|[from] Spikes
|
|-weather|RainDance|[upkeep]
|upkeep
|turn|2
|
|t:|1769368674
|switch|p1a: Gholdengo|Gholdengo|100/100
|move|p2a: Barraskewda|Close Combat|p1a: Gholdengo
|-immune|p1a: Gholdengo
|
|-weather|RainDance|[upkeep]
|upkeep
|turn|3
|
|t:|1769368691
|move|p2a: Barraskewda|Waterfall|p1a: Gholdengo
|-damage|p1a: Gholdengo|14/100
|-damage|p2a: Barraskewda|78/100|[from] item: Life Orb
|cant|p1a: Gholdengo|flinch
|
|-weather|RainDance|[upkeep]
|upkeep
|turn|4
|
|t:|1769368715
|switch|p1a: Clefable|Clefable, F|100/100
|move|p2a: Barraskewda|Waterfall|p1a: Clefable
|-damage|p1a: Clefable|39/100
|-damage|p2a: Barraskewda|62/100|[from] item: Rocky Helmet|[of] p1a: Clefable
|-damage|p2a: Barraskewda|52/100|[from] item: Life Orb
|
|-weather|RainDance|[upkeep]
|upkeep
|turn|5
|
|t:|1769368736
|switch|p1a: Samurott|Samurott-Hisui, F|81/100
|move|p2a: Barraskewda|Waterfall|p1a: Samurott
|-resisted|p1a: Samurott
|-damage|p1a: Samurott|36/100
|-damage|p2a: Barraskewda|42/100|[from] item: Life Orb
|
|-weather|RainDance|[upkeep]
|upkeep
|turn|6
|
|t:|1769368745
|switch|p2a: Zapdos|Zapdos|100/100
|move|p1a: Samurott|Sucker Punch||[still]
|-fail|p1a: Samurott
|
|-weather|RainDance|[upkeep]
|upkeep
|turn|7
|
|t:|1769368755
|switch|p1a: Gliscor|Gliscor, M|100/100
|move|p2a: Zapdos|Hurricane|p1a: Gliscor
|-damage|p1a: Gliscor|61/100
|
|-weather|RainDance|[upkeep]
|-status|p1a: Gliscor|tox|[from] item: Toxic Orb
|upkeep
|turn|8
|
|t:|1769368775
|move|p1a: Gliscor|Protect|p1a: Gliscor
|-singleturn|p1a: Gliscor|Protect
|move|p2a: Zapdos|Hurricane|p1a: Gliscor
|-activate|p1a: Gliscor|move: Protect
|
|-weather|none
|-heal|p1a: Gliscor|74/100 tox|[from] ability: Poison Heal
|upkeep
|turn|9
|
|t:|1769368794
|move|p1a: Gliscor|Swords Dance|p1a: Gliscor
|-boost|p1a: Gliscor|atk|2
|move|p2a: Zapdos|U-turn|p1a: Gliscor
|-resisted|p1a: Gliscor
|-damage|p1a: Gliscor|69/100 tox
|
|t:|1769368800
|switch|p2a: Pelipper|Pelipper, M|67/100|[from] U-turn
|-weather|RainDance|[from] ability: Drizzle|[of] p2a: Pelipper
|
|-weather|RainDance|[upkeep]
|-heal|p1a: Gliscor|81/100 tox|[from] ability: Poison Heal
|upkeep
|turn|10
|
|t:|1769368812
|-terastallize|p1a: Gliscor|Normal
|move|p1a: Gliscor|Facade|p2a: Pelipper
|-damage|p2a: Pelipper|0 fnt
|faint|p2a: Pelipper
|
|-weather|RainDance|[upkeep]
|-heal|p1a: Gliscor|94/100 tox|[from] ability: Poison Heal
|upkeep
|
|t:|1769368821
|switch|p2a: Great Tusk|Great Tusk|100/100
|-damage|p2a: Great Tusk|88/100|[from] Spikes
|-enditem|p2a: Great Tusk|Booster Energy
|-activate|p2a: Great Tusk|ability: Protosynthesis|[fromitem]
|-start|p2a: Great Tusk|protosynthesisatk
|turn|11
|
|t:|1769368836
|switch|p1a: Gholdengo|Gholdengo|14/100
|move|p2a: Great Tusk|Close Combat|p1a: Gholdengo
|-immune|p1a: Gholdengo
|
|-weather|RainDance|[upkeep]
|upkeep
|turn|12
|
|t:|1769368860
|move|p1a: Gholdengo|Trick|p2a: Great Tusk
|-activate|p1a: Gholdengo|move: Trick|[of] p2a: Great Tusk
|-item|p2a: Great Tusk|Choice Scarf|[from] move: Trick
|-enditem|p1a: Gholdengo|Choice Scarf|[silent]|[from] move: Trick
|move|p2a: Great Tusk|Headlong Rush|p1a: Gholdengo
|-supereffective|p1a: Gholdengo
|-damage|p1a: Gholdengo|0 fnt
|-unboost|p2a: Great Tusk|def|1
|-unboost|p2a: Great Tusk|spd|1
|faint|p1a: Gholdengo
|
|-weather|RainDance|[upkeep]
|upkeep
|
|t:|1769368868
|switch|p1a: Dragonite|Dragonite, F|100/100
|turn|13
|
|t:|1769368878
|-end|p2a: Great Tusk|Protosynthesis|[silent]
|switch|p2a: Zapdos|Zapdos|100/100
|move|p1a: Dragonite|Dragon Dance|p1a: Dragonite
|-boost|p1a: Dragonite|atk|1
|-boost|p1a: Dragonite|spe|1
|
|-weather|RainDance|[upkeep]
|upkeep
|turn|14
|
|t:|1769368888
|move|p1a: Dragonite|Dragon Dance|p1a: Dragonite
|-boost|p1a: Dragonite|atk|1
|-boost|p1a: Dragonite|spe|1
|move|p2a: Zapdos|Discharge|p1a: Dragonite
|-damage|p1a: Dragonite|85/100
|
|-weather|RainDance|[upkeep]
|upkeep
|turn|15
|
|t:|1769368895
|move|p1a: Dragonite|Extreme Speed|p2a: Zapdos
|-damage|p2a: Zapdos|58/100
|-status|p1a: Dragonite|par|[from] ability: Static|[of] p2a: Zapdos
|move|p2a: Zapdos|Discharge|p1a: Dragonite
|-damage|p1a: Dragonite|52/100 par
|
|-weather|RainDance|[upkeep]
|-heal|p2a: Zapdos|65/100|[from] item: Leftovers
|upkeep
|turn|16
|
|t:|1769368904
|move|p2a: Zapdos|U-turn|p1a: Dragonite
|-resisted|p1a: Dragonite
|-damage|p1a: Dragonite|46/100 par
|
|t:|1769368913
|switch|p2a: Barraskewda|Barraskewda, F|42/100|[from] U-turn
|-damage|p2a: Barraskewda|30/100|[from] Spikes
|move|p1a: Dragonite|Roost|p1a: Dragonite
|-heal|p1a: Dragonite|96/100 par
|-singleturn|p1a: Dragonite|move: Roost
|
|-weather|none
|upkeep
|turn|17
|
|t:|1769368923
|cant|p1a: Dragonite|par
|move|p2a: Barraskewda|Ice Fang|p1a: Dragonite
|-supereffective|p1a: Dragonite
|-damage|p1a: Dragonite|0 fnt
|faint|p1a: Dragonite
|-damage|p2a: Barraskewda|20/100|[from] item: Life Orb
|
|upkeep
|
|t:|1769368934
|switch|p1a: Samurott|Samurott-Hisui, F|36/100
|turn|18
|
|t:|1769368955
|switch|p2a: Zapdos|Zapdos|65/100
|move|p1a: Samurott|Ceaseless Edge|p2a: Zapdos
|-damage|p2a: Zapdos|33/100
|-sidestart|p2: ghost9922|Spikes
|
|-heal|p2a: Zapdos|39/100|[from] item: Leftovers
|upkeep
|turn|19
|
|t:|1769369020
|move|p2a: Zapdos|Roost|p2a: Zapdos
|-heal|p2a: Zapdos|89/100
|-singleturn|p2a: Zapdos|move: Roost
|move|p1a: Samurott|Ceaseless Edge|p2a: Zapdos
|-damage|p2a: Zapdos|59/100
|-sidestart|p2: ghost9922|Spikes
|
|-heal|p2a: Zapdos|66/100|[from] item: Leftovers
|upkeep
|turn|20
|
|t:|1769369033
|move|p2a: Zapdos|Discharge|p1a: Samurott
|-supereffective|p1a: Samurott
|-damage|p1a: Samurott|0 fnt
|faint|p1a: Samurott
|
|-heal|p2a: Zapdos|72/100|[from] item: Leftovers
|upkeep
|
|t:|1769369036
|switch|p1a: Clefable|Clefable, F|39/100
|turn|21
|inactive|Battle timer is ON: inactive players will automatically lose when time's up. (requested by z4chhhhh)
|
|t:|1769369043
|move|p2a: Zapdos|Discharge|p1a: Clefable
|-damage|p1a: Clefable|7/100
|-status|p1a: Clefable|par
|move|p1a: Clefable|Moonlight|p1a: Clefable
|-heal|p1a: Clefable|57/100 par
|
|-heal|p2a: Zapdos|78/100|[from] item: Leftovers
|upkeep
|turn|22
|
|t:|1769369052
|move|p2a: Zapdos|Discharge|p1a: Clefable
|-damage|p1a: Clefable|28/100 par
|move|p1a: Clefable|Moonlight|p1a: Clefable
|-heal|p1a: Clefable|78/100 par
|
|-heal|p2a: Zapdos|84/100|[from] item: Leftovers
|upkeep
|turn|23
|
|t:|1769369070
|switch|p2a: Kingambit|Kingambit, F|100/100
|-damage|p2a: Kingambit|76/100|[from] Spikes
|move|p1a: Clefable|Knock Off|p2a: Kingambit
|-resisted|p2a: Kingambit
|-damage|p2a: Kingambit|69/100
|-enditem|p2a: Kingambit|Life Orb|[from] move: Knock Off|[of] p1a: Clefable
|
|upkeep
|turn|24
|
|t:|1769369090
|switch|p1a: Zamazenta|Zamazenta|100/100
|-ability|p1a: Zamazenta|Dauntless Shield|boost
|-boost|p1a: Zamazenta|def|1
|move|p2a: Kingambit|Iron Head|p1a: Zamazenta
|-damage|p1a: Zamazenta|74/100
|
|-heal|p1a: Zamazenta|80/100|[from] item: Leftovers
|upkeep
|turn|25
|
|t:|1769369107
|-terastallize|p2a: Kingambit|Ghost
|move|p1a: Zamazenta|Crunch|p2a: Kingambit
|-supereffective|p2a: Kingambit
|-damage|p2a: Kingambit|31/100
|-unboost|p2a: Kingambit|def|1
|-ability|p2a: Kingambit|Defiant|boost
|-boost|p2a: Kingambit|atk|2
|move|p2a: Kingambit|Swords Dance|p2a: Kingambit
|-boost|p2a: Kingambit|atk|2
|
|-heal|p1a: Zamazenta|87/100|[from] item: Leftovers
|upkeep
|turn|26
|inactive|z4chhhhh has 120 seconds left.
|
|t:|1769369142
|move|p2a: Kingambit|Sucker Punch|p1a: Zamazenta
|-resisted|p1a: Zamazenta
|-damage|p1a: Zamazenta|55/100
|move|p1a: Zamazenta|Crunch|p2a: Kingambit
|-supereffective|p2a: Kingambit
|-crit|p2a: Kingambit
|-damage|p2a: Kingambit|0 fnt
|faint|p2a: Kingambit
|
|-heal|p1a: Zamazenta|61/100|[from] item: Leftovers
|upkeep
|
|t:|1769369153
|switch|p2a: Great Tusk|Great Tusk|88/100
|-damage|p2a: Great Tusk|63/100|[from] Spikes
|turn|27
|inactive|z4chhhhh has 120 seconds left.
|
|t:|1769369168
|move|p2a: Great Tusk|Headlong Rush|p1a: Zamazenta
|-damage|p1a: Zamazenta|24/100
|-unboost|p2a: Great Tusk|def|1
|-unboost|p2a: Great Tusk|spd|1
|move|p1a: Zamazenta|Body Press|p2a: Great Tusk
|-damage|p2a: Great Tusk|6/100
|
|-heal|p1a: Zamazenta|31/100|[from] item: Leftovers
|upkeep
|turn|28
|inactive|z4chhhhh has 120 seconds left.
|
|t:|1769369200
|switch|p1a: Gliscor|Gliscor, M, tera:Normal|94/100 tox
|move|p2a: Great Tusk|Headlong Rush|p1a: Gliscor
|-damage|p1a: Gliscor|40/100 tox
|-unboost|p2a: Great Tusk|def|1
|-unboost|p2a: Great Tusk|spd|1
|
|-heal|p1a: Gliscor|52/100 tox|[from] ability: Poison Heal
|upkeep
|turn|29
|
|t:|1769369209
|move|p1a: Gliscor|Protect|p1a: Gliscor
|-singleturn|p1a: Gliscor|Protect
|move|p2a: Great Tusk|Headlong Rush|p1a: Gliscor
|-activate|p1a: Gliscor|move: Protect
|
|-heal|p1a: Gliscor|65/100 tox|[from] ability: Poison Heal
|upkeep
|turn|30
|
|t:|1769369236
|move|p2a: Great Tusk|Headlong Rush|p1a: Gliscor
|-damage|p1a: Gliscor|16/100 tox
|-unboost|p2a: Great Tusk|def|1
|-unboost|p2a: Great Tusk|spd|1
|move|p1a: Gliscor|Knock Off|p2a: Great Tusk
|-resisted|p2a: Great Tusk
|-damage|p2a: Great Tusk|0 fnt
|-enditem|p2a: Great Tusk|Choice Scarf|[from] move: Knock Off|[of] p1a: Gliscor
|faint|p2a: Great Tusk
|-end|p2a: Great Tusk|Protosynthesis|[silent]
|
|-heal|p1a: Gliscor|29/100 tox|[from] ability: Poison Heal
|upkeep
|
|t:|1769369253
|switch|p2a: Heatran|Heatran, M|100/100
|-item|p2a: Heatran|Air Balloon
|turn|31
|
|t:|1769369264
|move|p1a: Gliscor|Protect|p1a: Gliscor
|-singleturn|p1a: Gliscor|Protect
|move|p2a: Heatran|Stealth Rock|p1a: Gliscor
|-sidestart|p1: z4chhhhh|move: Stealth Rock
|
|-heal|p1a: Gliscor|41/100 tox|[from] ability: Poison Heal
|upkeep
|turn|32
|
|t:|1769369271
|move|p1a: Gliscor|Knock Off|p2a: Heatran
|-damage|p2a: Heatran|80/100
|-enditem|p2a: Heatran|Air Balloon
|move|p2a: Heatran|Fire Blast|p1a: Gliscor
|-damage|p1a: Gliscor|0 fnt
|faint|p1a: Gliscor
|
|upkeep
|
|t:|1769369276
|switch|p1a: Clefable|Clefable, F|78/100 par
|turn|33
|inactive|z4chhhhh has 120 seconds left.
|
|t:|1769369282
|move|p2a: Heatran|Flash Cannon|p1a: Clefable
|-supereffective|p1a: Clefable
|-damage|p1a: Clefable|0 fnt
|faint|p1a: Clefable
|
|upkeep
|
|t:|1769369283
|switch|p1a: Zamazenta|Zamazenta|31/100
|-damage|p1a: Zamazenta|24/100|[from] Stealth Rock
|turn|34
|
|t:|1769369296
|move|p1a: Zamazenta|Body Press|p2a: Heatran
|-supereffective|p2a: Heatran
|-damage|p2a: Heatran|20/100
|move|p2a: Heatran|Flash Cannon|p1a: Zamazenta
|-damage|p1a: Zamazenta|0 fnt
|faint|p1a: Zamazenta
|
|win|ghost9922
|raw|z4chhhhh's rating: 1190 &rarr; <strong>1167</strong><br />(-23 for losing)
|raw|ghost9922's rating: 1211 &rarr; <strong>1234</strong><br />(+23 for winning)
|l|☆z4chhhhh
|player|p1|
|j|☆z4chhhhh
|player|p1|z4chhhhh|101|
|l|☆z4chhhhh
|player|p1|
