|j|☆rankedkingmo
|j|☆MondoSchnoz9
|t:|1769393739
|gametype|singles
|player|p1|rankedkingmo|170|1115
|player|p2|MondoSchnoz9|worker|1165
|gen|9
|tier|[Gen 9] OU
|rated|
|rule|HP Percentage Mod: HP is shown in percentages
|rule|Endless Battle Clause: Forcing endless battles is banned
|rule|Species Clause: Limit one of each Pokémon
|rule|OHKO Clause: OHKO moves are banned
|rule|Evasion Items Clause: Evasion items are banned
|rule|Evasion Moves Clause: Evasion moves are banned
|rule|Evasion Abilities Clause: Evasion abilities are banned
|rule|Sleep Moves Clause: Sleep-inducing moves are banned
|clearpoke
|poke|p1|Pelipper, F|
|poke|p1|Braviary-Hisui, M|
|poke|p1|Hatterene, F|
|poke|p1|Talonflame, M|
|poke|p1|Iron Treads|
|poke|p1|Basculegion-F, F|
|poke|p2|Serperior, M|
|poke|p2|Heatran, F|
|poke|p2|Great Tusk|
|poke|p2|Dragapult, F|
|poke|p2|Kingambit, M|
|poke|p2|Slowking-Galar, F|
|teampreview
|inactive|Battle timer is ON: inactive players will automatically lose when time's up. (requested by MondoSchnoz9)
|inactive|MondoSchnoz9 has 120 seconds left.
|
|t:|1769393790
|teamsize|p1|6
|teamsize|p2|6
|start
|switch|p1a: Pelipper|Pelipper, F|100/100
|switch|p2a: Dragapult|Dragapult, F|100/100
|-weather|RainDance|[from] ability: Drizzle|[of] p1a: Pelipper
|turn|1
|inactive|rankedkingmo has 120 seconds left.
|
|t:|1769393829
|move|p2a: Dragapult|U-turn|p1a: Pelipper
|-resisted|p1a: Pelipper
|-damage|p1a: Pelipper|89/100
|
|t:|1769393839
|switch|p2a: Heatran|Heatran, F|100/100|[from] U-turn
|move|p1a: Pelipper|Tailwind|p1a: Pelipper
|-sidestart|p1: rankedkingmo|move: Tailwind
|
|-weather|RainDance|[upkeep]
|upkeep
|turn|2
|
|t:|1769393853
|move|p2a: Heatran|Magma Storm|p1a: Pelipper
|-resisted|p1a: Pelipper
|-damage|p1a: Pelipper|78/100
|-activate|p1a: Pelipper|move: Magma Storm|[of] p2a: Heatran
|move|p1a: Pelipper|Weather Ball|p2a: Heatran
|-supereffective|p2a: Heatran
|-damage|p2a: Heatran|24/100
|
|-weather|RainDance|[upkeep]
|-heal|p2a: Heatran|30/100|[from] item: Leftovers
|-damage|p1a: Pelipper|66/100|[from] move: Magma Storm|[partiallytrapped]
|upkeep
|turn|3
|
|t:|1769393862
|switch|p2a: Slowking|Slowking-Galar, F|100/100
|move|p1a: Pelipper|Weather Ball|p2a: Slowking
|-damage|p2a: Slowking|82/100
|
|-weather|RainDance|[upkeep]
|-end|p1a: Pelipper|Magma Storm|[partiallytrapped]|[silent]
|upkeep
|turn|4
|
|t:|1769393878
|move|p1a: Pelipper|Knock Off|p2a: Slowking
|-supereffective|p2a: Slowking
|-damage|p2a: Slowking|56/100
|-enditem|p2a: Slowking|Assault Vest|[from] move: Knock Off|[of] p1a: Pelipper
|move|p2a: Slowking|Future Sight|p1a: Pelipper
|-start|p2a: Slowking|move: Future Sight
|
|-weather|RainDance|[upkeep]
|-sideend|p1: rankedkingmo|move: Tailwind
|upkeep
|turn|5
|
|t:|1769393888
|move|p1a: Pelipper|Tailwind|p1a: Pelipper
|-sidestart|p1: rankedkingmo|move: Tailwind
|move|p2a: Slowking|Sludge Bomb|p1a: Pelipper
|-damage|p1a: Pelipper|32/100
|
|-weather|RainDance|[upkeep]
|upkeep
|turn|6
|
|t:|1769393895
|switch|p1a: Hatterene|Hatterene, F|100/100
|move|p2a: Slowking|Ice Beam|p1a: Hatterene
|-damage|p1a: Hatterene|78/100
|-enditem|p1a: Hatterene|Eject Button
|
|t:|1769393902
|switch|p1a: Iron Treads|Iron Treads|100/100
|
|-weather|RainDance|[upkeep]
|-end|p1a: Iron Treads|move: Future Sight
|-resisted|p1a: Iron Treads
|-damage|p1a: Iron Treads|67/100
|upkeep
|turn|7
|
|t:|1769393922
|switch|p2a: Serperior|Serperior, M|100/100
|move|p1a: Iron Treads|Earthquake|p2a: Serperior
|-resisted|p2a: Serperior
|-damage|p2a: Serperior|76/100
|
|-weather|RainDance|[upkeep]
|-heal|p2a: Serperior|82/100|[from] item: Leftovers
|upkeep
|turn|8
|
|t:|1769393930
|-end|p1a: Iron Treads|Quark Drive|[silent]
|switch|p1a: Talonflame|Talonflame, M|100/100
|move|p2a: Serperior|Glare|p1a: Talonflame
|-status|p1a: Talonflame|par
|
|-weather|none
|-heal|p2a: Serperior|88/100|[from] item: Leftovers
|-sideend|p1: rankedkingmo|move: Tailwind
|upkeep
|turn|9
|
|t:|1769393945
|switch|p1a: Pelipper|Pelipper, F|32/100
|-weather|RainDance|[from] ability: Drizzle|[of] p1a: Pelipper
|move|p2a: Serperior|Substitute|p2a: Serperior
|-start|p2a: Serperior|Substitute
|-damage|p2a: Serperior|63/100
|
|-weather|RainDance|[upkeep]
|-heal|p2a: Serperior|69/100|[from] item: Leftovers
|upkeep
|turn|10
|
|t:|1769393954
|switch|p1a: Talonflame|Talonflame, M|100/100 par
|move|p2a: Serperior|Leaf Storm|p1a: Talonflame
|-resisted|p1a: Talonflame
|-damage|p1a: Talonflame|84/100 par
|-boost|p2a: Serperior|spa|2
|
|-weather|RainDance|[upkeep]
|-heal|p2a: Serperior|75/100|[from] item: Leftovers
|upkeep
|turn|11
|
|t:|1769393964
|move|p2a: Serperior|Leaf Storm|p1a: Talonflame
|-resisted|p1a: Talonflame
|-damage|p1a: Talonflame|46/100 par
|-boost|p2a: Serperior|spa|2
|cant|p1a: Talonflame|par
|
|-weather|RainDance|[upkeep]
|-heal|p2a: Serperior|81/100|[from] item: Leftovers
|upkeep
|turn|12
|
|t:|1769393974
|move|p2a: Serperior|Leaf Storm|p1a: Talonflame
|-resisted|p1a: Talonflame
|-damage|p1a: Talonflame|0 fnt
|-boost|p2a: Serperior|spa|2
|faint|p1a: Talonflame
|
|-weather|RainDance|[upkeep]
|-heal|p2a: Serperior|88/100|[from] item: Leftovers
|upkeep
|
|t:|1769393978
|switch|p1a: Pelipper|Pelipper, F|32/100
|turn|13
|
|t:|1769393987
|move|p2a: Serperior|Leaf Storm|p1a: Pelipper
|-damage|p1a: Pelipper|0 fnt
|faint|p1a: Pelipper
|
|-weather|RainDance|[upkeep]
|-heal|p2a: Serperior|94/100|[from] item: Leftovers
|upkeep
|
|t:|1769393990
|switch|p1a: Braviary|Braviary-Hisui, M|100/100
|turn|14
|
|t:|1769394005
|move|p2a: Serperior|Leaf Storm|p1a: Braviary
|-resisted|p1a: Braviary
|-damage|p1a: Braviary|0 fnt
|faint|p1a: Braviary
|
|-weather|RainDance|[upkeep]
|-heal|p2a: Serperior|99/100|[from] item: Leftovers
|upkeep
|
|t:|1769394010
|switch|p1a: Hatterene|Hatterene, F|78/100
|turn|15
|
|t:|1769394027
|move|p2a: Serperior|Leaf Storm|p1a: Hatterene
|-damage|p1a: Hatterene|0 fnt
|faint|p1a: Hatterene
|
|-weather|RainDance|[upkeep]
|-heal|p2a: Serperior|100/100|[from] item: Leftovers
|upkeep
|
|t:|1769394030
|switch|p1a: Iron Treads|Iron Treads|67/100
|turn|16
|
|t:|1769394040
|move|p2a: Serperior|Leaf Storm|p1a: Iron Treads
|-damage|p1a: Iron Treads|0 fnt
|faint|p1a: Iron Treads
|-end|p1a: Iron Treads|Quark Drive|[silent]
|
|-weather|none
|upkeep
|
|t:|1769394046
|switch|p1a: Basculegion|Basculegion-F, F|100/100
|turn|17
|
|t:|1769394051
|-terastallize|p1a: Basculegion|Water
|move|p1a: Basculegion|Aqua Jet|p2a: Serperior
|-resisted|p2a: Serperior
|-activate|p2a: Serperior|move: Substitute|[damage]
|move|p2a: Serperior|Leaf Storm|p1a: Basculegion
|-supereffective|p1a: Basculegion
|-damage|p1a: Basculegion|0 fnt
|faint|p1a: Basculegion
|
|win|MondoSchnoz9
|raw|rankedkingmo's rating: 1115 &rarr; <strong>1094</strong><br />(-21 for losing)
|raw|MondoSchnoz9's rating: 1165 &rarr; <strong>1186</strong><br />(+21 for winning)
|l|☆rankedkingmo
|player|p1|
