|j|☆Skayboy31
|j|☆smexydevvi
|t:|1769337529
|gametype|singles
|player|p1|Skayboy31|lucas|1178
|player|p2|smexydevvi|janitor|1184
|gen|9
|tier|[Gen 9] OU
|rated|
|rule|HP Percentage Mod: HP is shown in percentages
|rule|Endless Battle Clause: Forcing endless battles is banned
|rule|Species Clause: Limit one of each Pokémon
|rule|OHKO Clause: OHKO moves are banned
|rule|Evasion Items Clause: Evasion items are banned
|rule|Evasion Moves Clause: Evasion moves are banned
|rule|Evasion Abilities Clause: Evasion abilities are banned
|rule|Sleep Moves Clause: Sleep-inducing moves are banned
|clearpoke
|poke|p1|Ogerpon-Wellspring, F|
|poke|p1|Garganacl, M|
|poke|p1|Landorus-Therian, M|
|poke|p1|Cinderace, F|
|poke|p1|Skeledirge, F|
|poke|p1|Kyurem|
|poke|p2|Regidrago|
|poke|p2|Ceruledge, M|
|poke|p2|Torkoal, M|
|poke|p2|Great Tusk|
|poke|p2|Walking Wake|
|poke|p2|Charjabug, M|
|teampreview
|
|t:|1769337540
|teamsize|p1|6
|teamsize|p2|6
|start
|switch|p1a: Landorus|Landorus-Therian, M, shiny|100/100
|switch|p2a: Praise The Sun|Torkoal, M|100/100
|-ability|p1a: Landorus|Intimidate|boost
|-unboost|p2a: Praise The Sun|atk|1
|-weather|SunnyDay|[from] ability: Drought|[of] p2a: Praise The Sun
|turn|1
|
|t:|1769337549
|move|p1a: Landorus|Earthquake|p2a: Praise The Sun
|-supereffective|p2a: Praise The Sun
|-damage|p2a: Praise The Sun|11/100
|move|p2a: Praise The Sun|Stealth Rock|p1a: Landorus
|-sidestart|p1: Skayboy31|move: Stealth Rock
|
|-weather|SunnyDay|[upkeep]
|upkeep
|turn|2
|
|t:|1769337559
|switch|p2a: Mahoraga|Ceruledge, M|100/100
|-item|p2a: Mahoraga|Air Balloon
|move|p1a: Landorus|Crunch|p2a: Mahoraga
|-supereffective|p2a: Mahoraga
|-damage|p2a: Mahoraga|54/100
|-ability|p2a: Mahoraga|Weak Armor|boost
|-unboost|p2a: Mahoraga|def|1
|-boost|p2a: Mahoraga|spe|2
|-enditem|p2a: Mahoraga|Air Balloon
|
|-weather|SunnyDay|[upkeep]
|upkeep
|turn|3
|
|t:|1769337577
|move|p2a: Mahoraga|Bitter Blade|p1a: Landorus
|-damage|p1a: Landorus|35/100
|-heal|p2a: Mahoraga|83/100|[from] drain|[of] p1a: Landorus
|-damage|p2a: Mahoraga|66/100|[from] item: Rocky Helmet|[of] p1a: Landorus
|move|p1a: Landorus|Stealth Rock|p2a: Mahoraga
|-sidestart|p2: smexydevvi|move: Stealth Rock
|
|-weather|SunnyDay|[upkeep]
|upkeep
|turn|4
|
|t:|1769337587
|switch|p1a: Cinderace|Cinderace, F|100/100
|move|p2a: Mahoraga|Bitter Blade|p1a: Cinderace
|-resisted|p1a: Cinderace
|-damage|p1a: Cinderace|57/100
|-heal|p2a: Mahoraga|85/100|[from] drain|[of] p1a: Cinderace
|
|-weather|SunnyDay|[upkeep]
|upkeep
|turn|5
|
|t:|1769337596
|move|p1a: Cinderace|Sucker Punch||[still]
|-fail|p1a: Cinderace
|move|p2a: Mahoraga|Bulk Up|p2a: Mahoraga
|-boost|p2a: Mahoraga|atk|1
|-boost|p2a: Mahoraga|def|1
|
|-weather|none
|upkeep
|turn|6
|
|t:|1769337604
|move|p1a: Cinderace|Sucker Punch||[still]
|-fail|p1a: Cinderace
|move|p2a: Mahoraga|Bulk Up|p2a: Mahoraga
|-boost|p2a: Mahoraga|atk|1
|-boost|p2a: Mahoraga|def|1
|
|upkeep
|turn|7
|
|t:|1769337616
|move|p1a: Cinderace|Sucker Punch||[still]
|-fail|p1a: Cinderace
|move|p2a: Mahoraga|Bulk Up|p2a: Mahoraga
|-boost|p2a: Mahoraga|atk|1
|-boost|p2a: Mahoraga|def|1
|
|upkeep
|turn|8
|
|t:|1769337625
|move|p1a: Cinderace|Sucker Punch|p2a: Mahoraga
|-start|p1a: Cinderace|typechange|Dark|[from] ability: Libero
|-supereffective|p2a: Mahoraga
|-damage|p2a: Mahoraga|56/100
|-ability|p2a: Mahoraga|Weak Armor|boost
|-unboost|p2a: Mahoraga|def|1
|-boost|p2a: Mahoraga|spe|2
|move|p2a: Mahoraga|Bitter Blade|p1a: Cinderace
|-damage|p1a: Cinderace|0 fnt
|-heal|p2a: Mahoraga|80/100|[from] drain|[of] p1a: Cinderace
|faint|p1a: Cinderace
|
|upkeep
|
|t:|1769337643
|switch|p1a: Garganacl|Garganacl, M|100/100
|-damage|p1a: Garganacl|88/100|[from] Stealth Rock
|turn|9
|
|t:|1769337647
|move|p2a: Mahoraga|Brick Break|p1a: Garganacl
|-supereffective|p1a: Garganacl
|-damage|p1a: Garganacl|27/100
|move|p1a: Garganacl|Salt Cure|p2a: Mahoraga
|-supereffective|p2a: Mahoraga
|-damage|p2a: Mahoraga|66/100
|-start|p2a: Mahoraga|Salt Cure
|-ability|p2a: Mahoraga|Weak Armor|boost
|-unboost|p2a: Mahoraga|def|1
|-boost|p2a: Mahoraga|spe|2
|
|-heal|p1a: Garganacl|33/100|[from] item: Leftovers
|-damage|p2a: Mahoraga|54/100|[from] Salt Cure
|upkeep
|turn|10
|
|t:|1769337660
|move|p1a: Garganacl|Protect|p1a: Garganacl
|-singleturn|p1a: Garganacl|Protect
|move|p2a: Mahoraga|Brick Break|p1a: Garganacl
|-activate|p1a: Garganacl|move: Protect
|
|-heal|p1a: Garganacl|39/100|[from] item: Leftovers
|-damage|p2a: Mahoraga|41/100|[from] Salt Cure
|upkeep
|turn|11
|
|t:|1769337676
|-terastallize|p1a: Garganacl|Ghost
|move|p2a: Mahoraga|Bitter Blade|p1a: Garganacl
|-damage|p1a: Garganacl|0 fnt
|-heal|p2a: Mahoraga|63/100|[from] drain|[of] p1a: Garganacl
|faint|p1a: Garganacl
|
|-damage|p2a: Mahoraga|51/100|[from] Salt Cure
|upkeep
|-message|Skayboy31 forfeited.
|
|win|smexydevvi
|raw|Skayboy31's rating: 1178 &rarr; <strong>1153</strong><br />(-25 for losing)
|raw|smexydevvi's rating: 1184 &rarr; <strong>1209</strong><br />(+25 for winning)
|l|☆Skayboy31
|player|p1|
|c|☆smexydevvi|hard fuckin read
