|j|☆d00d guy
|j|☆vacineee
|t:|1769403789
|gametype|singles
|player|p1|d00d guy|emmet|1408
|player|p2|vacineee|parasollady-gen4|1409
|gen|9
|tier|[Gen 9] OU
|rated|
|rule|HP Percentage Mod: HP is shown in percentages
|rule|Endless Battle Clause: Forcing endless battles is banned
|rule|Species Clause: Limit one of each Pokémon
|rule|OHKO Clause: OHKO moves are banned
|rule|Evasion Items Clause: Evasion items are banned
|rule|Evasion Moves Clause: Evasion moves are banned
|rule|Evasion Abilities Clause: Evasion abilities are banned
|rule|Sleep Moves Clause: Sleep-inducing moves are banned
|clearpoke
|poke|p1|Tyranitar, M|
|poke|p1|Excadrill, M|
|poke|p1|Iron Valiant|
|poke|p1|Zapdos|
|poke|p1|Ogerpon, F|
|poke|p1|Toxapex, M|
|poke|p2|Hoopa-Unbound|
|poke|p2|Rillaboom, F|
|poke|p2|Iron Hands|
|poke|p2|Slowking-Galar, M|
|poke|p2|Dragapult, M|
|poke|p2|Heatran, M|
|teampreview
|
|t:|1769403797
|teamsize|p1|6
|teamsize|p2|6
|start
|switch|p1a: Tyranitar|Tyranitar, M, shiny|100/100
|switch|p2a: Rillaboom|Rillaboom, F|100/100
|-weather|Sandstorm|[from] ability: Sand Stream|[of] p1a: Tyranitar
|-fieldstart|move: Grassy Terrain|[from] ability: Grassy Surge|[of] p2a: Rillaboom
|turn|1
|inactive|Battle timer is ON: inactive players will automatically lose when time's up. (requested by d00d guy)
|
|t:|1769403814
|switch|p1a: Toxapex|Toxapex, M, shiny|100/100
|switch|p2a: Hoopa|Hoopa-Unbound|100/100
|-enditem|p2a: Hoopa|Grassy Seed
|-boost|p2a: Hoopa|def|1|[from] item: Grassy Seed
|
|-weather|Sandstorm|[upkeep]
|-damage|p2a: Hoopa|94/100|[from] Sandstorm
|-damage|p1a: Toxapex|95/100|[from] Sandstorm
|-heal|p2a: Hoopa|100/100|[from] Grassy Terrain
|-heal|p1a: Toxapex|100/100|[from] Grassy Terrain
|upkeep
|turn|2
|
|t:|1769403824
|move|p2a: Hoopa|Psychic Noise|p1a: Toxapex
|-supereffective|p1a: Toxapex
|-damage|p1a: Toxapex|21/100
|-start|p1a: Toxapex|move: Heal Block
|-enditem|p1a: Toxapex|Eject Button
|
|t:|1769403838
|switch|p1a: Ogerpon|Ogerpon, F|100/100
|
|-weather|Sandstorm|[upkeep]
|-damage|p1a: Ogerpon|95/100|[from] Sandstorm
|-damage|p2a: Hoopa|94/100|[from] Sandstorm
|-heal|p1a: Ogerpon|100/100|[from] Grassy Terrain
|-heal|p2a: Hoopa|100/100|[from] Grassy Terrain
|upkeep
|turn|3
|
|t:|1769403849
|switch|p2a: Iron Hands|Iron Hands, shiny|100/100
|move|p1a: Ogerpon|U-turn|p2a: Iron Hands
|-resisted|p2a: Iron Hands
|-damage|p2a: Iron Hands|89/100
|
|t:|1769403858
|switch|p1a: Zapdos|Zapdos, shiny|100/100|[from] U-turn
|
|-weather|Sandstorm|[upkeep]
|-damage|p1a: Zapdos|94/100|[from] Sandstorm
|-damage|p2a: Iron Hands|83/100|[from] Sandstorm
|-heal|p2a: Iron Hands|89/100|[from] Grassy Terrain
|upkeep
|turn|4
|
|t:|1769403863
|move|p1a: Zapdos|Hurricane|p2a: Iron Hands|[miss]
|-miss|p1a: Zapdos|p2a: Iron Hands
|move|p2a: Iron Hands|Swords Dance|p2a: Iron Hands
|-boost|p2a: Iron Hands|atk|2
|
|-weather|Sandstorm|[upkeep]
|-damage|p1a: Zapdos|88/100|[from] Sandstorm
|-damage|p2a: Iron Hands|83/100|[from] Sandstorm
|-heal|p2a: Iron Hands|89/100|[from] Grassy Terrain
|upkeep
|turn|5
|
|t:|1769403871
|move|p1a: Zapdos|Hurricane|p2a: Iron Hands
|-damage|p2a: Iron Hands|44/100
|move|p2a: Iron Hands|Ice Punch|p1a: Zapdos
|-supereffective|p1a: Zapdos
|-damage|p1a: Zapdos|0 fnt
|faint|p1a: Zapdos
|
|-weather|Sandstorm|[upkeep]
|-damage|p2a: Iron Hands|38/100|[from] Sandstorm
|-heal|p2a: Iron Hands|44/100|[from] Grassy Terrain
|upkeep
|
|t:|1769403886
|switch|p1a: Ogerpon|Ogerpon, F|100/100
|turn|6
|
|t:|1769403890
|move|p1a: Ogerpon|Ivy Cudgel|p2a: Iron Hands
|-damage|p2a: Iron Hands|0 fnt
|faint|p2a: Iron Hands
|-end|p2a: Iron Hands|Quark Drive|[silent]
|
|-weather|Sandstorm|[upkeep]
|-damage|p1a: Ogerpon|95/100|[from] Sandstorm
|-heal|p1a: Ogerpon|100/100|[from] Grassy Terrain
|upkeep
|
|t:|1769403915
|switch|p2a: Heatran|Heatran, M|100/100
|-item|p2a: Heatran|Air Balloon
|turn|7
|
|t:|1769403936
|switch|p1a: Toxapex|Toxapex, M, shiny|54/100
|move|p2a: Heatran|Magma Storm|p1a: Toxapex|[miss]
|-miss|p2a: Heatran|p1a: Toxapex
|
|-weather|Sandstorm|[upkeep]
|-damage|p1a: Toxapex|48/100|[from] Sandstorm
|-heal|p1a: Toxapex|54/100|[from] Grassy Terrain
|upkeep
|turn|8
|
|t:|1769403944
|move|p2a: Heatran|Taunt|p1a: Toxapex
|-start|p1a: Toxapex|move: Taunt
|cant|p1a: Toxapex|move: Taunt|Toxic Spikes
|
|-weather|none
|-heal|p1a: Toxapex|60/100|[from] Grassy Terrain
|-fieldend|move: Grassy Terrain
|upkeep
|turn|9
|
|t:|1769403954
|switch|p1a: Tyranitar|Tyranitar, M, shiny|100/100
|-weather|Sandstorm|[from] ability: Sand Stream|[of] p1a: Tyranitar
|move|p2a: Heatran|Earth Power|p1a: Tyranitar
|-supereffective|p1a: Tyranitar
|-damage|p1a: Tyranitar|62/100
|
|-weather|Sandstorm|[upkeep]
|upkeep
|turn|10
|
|t:|1769403960
|switch|p2a: Rillaboom|Rillaboom, F|100/100
|-fieldstart|move: Grassy Terrain|[from] ability: Grassy Surge|[of] p2a: Rillaboom
|move|p1a: Tyranitar|Stealth Rock|p2a: Rillaboom
|-sidestart|p2: vacineee|move: Stealth Rock
|
|-weather|Sandstorm|[upkeep]
|-damage|p2a: Rillaboom|94/100|[from] Sandstorm
|-heal|p1a: Tyranitar|69/100|[from] Grassy Terrain
|-heal|p2a: Rillaboom|100/100|[from] Grassy Terrain
|upkeep
|turn|11
|
|t:|1769403970
|switch|p1a: Toxapex|Toxapex, M, shiny|93/100
|move|p2a: Rillaboom|U-turn|p1a: Toxapex
|-resisted|p1a: Toxapex
|-damage|p1a: Toxapex|84/100
|
|t:|1769403974
|switch|p2a: Hoopa|Hoopa-Unbound|100/100|[from] U-turn
|-damage|p2a: Hoopa|88/100|[from] Stealth Rock
|
|-weather|Sandstorm|[upkeep]
|-damage|p2a: Hoopa|82/100|[from] Sandstorm
|-damage|p1a: Toxapex|78/100|[from] Sandstorm
|-heal|p2a: Hoopa|88/100|[from] Grassy Terrain
|-heal|p1a: Toxapex|84/100|[from] Grassy Terrain
|upkeep
|turn|12
|
|t:|1769403986
|switch|p1a: Tyranitar|Tyranitar, M, shiny|69/100
|move|p2a: Hoopa|Psychic Noise|p1a: Tyranitar
|-immune|p1a: Tyranitar
|
|-weather|Sandstorm|[upkeep]
|-damage|p2a: Hoopa|82/100|[from] Sandstorm
|-heal|p1a: Tyranitar|75/100|[from] Grassy Terrain
|-heal|p2a: Hoopa|88/100|[from] Grassy Terrain
|upkeep
|turn|13
|
|t:|1769403993
|move|p1a: Tyranitar|Knock Off|p2a: Hoopa
|-damage|p2a: Hoopa|40/100
|move|p2a: Hoopa|Drain Punch|p1a: Tyranitar
|-supereffective|p1a: Tyranitar
|-damage|p1a: Tyranitar|0 fnt
|-heal|p2a: Hoopa|78/100|[from] drain|[of] p1a: Tyranitar
|faint|p1a: Tyranitar
|-item|p2a: Hoopa|Smooth Rock|[from] ability: Magician|[of] p1: Tyranitar
|
|-weather|Sandstorm|[upkeep]
|-damage|p2a: Hoopa|72/100|[from] Sandstorm
|-heal|p2a: Hoopa|78/100|[from] Grassy Terrain
|upkeep
|
|t:|1769404008
|switch|p1a: Iron Valiant|Iron Valiant, shiny|100/100
|turn|14
|
|t:|1769404017
|switch|p2a: Slowking|Slowking-Galar, M|100/100
|move|p1a: Iron Valiant|Moonblast|p2a: Slowking
|-resisted|p2a: Slowking
|-damage|p2a: Slowking|81/100
|
|-weather|Sandstorm|[upkeep]
|-damage|p1a: Iron Valiant|94/100|[from] Sandstorm
|-damage|p2a: Slowking|75/100|[from] Sandstorm
|-heal|p1a: Iron Valiant|100/100|[from] Grassy Terrain
|-heal|p2a: Slowking|81/100|[from] Grassy Terrain
|upkeep
|turn|15
|
|t:|1769404023
|-end|p1a: Iron Valiant|Quark Drive|[silent]
|switch|p1a: Excadrill|Excadrill, M, shiny|100/100
|-prepare|p2a: Slowking|Chilly Reception|[premajor]
|move|p2a: Slowking|Chilly Reception|p2a: Slowking
|-weather|Snowscape
|
|t:|1769404030
|switch|p2a: Rillaboom|Rillaboom, F|100/100|[from] Chilly Reception
|-damage|p2a: Rillaboom|88/100|[from] Stealth Rock
|
|-weather|Snowscape|[upkeep]
|-heal|p2a: Rillaboom|94/100|[from] Grassy Terrain
|upkeep
|turn|16
|
|t:|1769404034
|switch|p1a: Toxapex|Toxapex, M, shiny|100/100
|move|p2a: Rillaboom|Low Kick|p1a: Toxapex
|-resisted|p1a: Toxapex
|-damage|p1a: Toxapex|96/100
|
|-weather|Snowscape|[upkeep]
|-heal|p2a: Rillaboom|99/100|[from] Grassy Terrain
|-heal|p1a: Toxapex|100/100|[from] Grassy Terrain
|upkeep
|turn|17
|
|t:|1769404041
|switch|p2a: Hoopa|Hoopa-Unbound|78/100
|-damage|p2a: Hoopa|66/100|[from] Stealth Rock
|move|p1a: Toxapex|Toxic Spikes|p2a: Hoopa
|-sidestart|p2: vacineee|move: Toxic Spikes
|
|-weather|Snowscape|[upkeep]
|-heal|p2a: Hoopa|72/100|[from] Grassy Terrain
|-fieldend|move: Grassy Terrain
|upkeep
|turn|18
|
|t:|1769404047
|move|p2a: Hoopa|Psychic Noise|p1a: Toxapex
|-supereffective|p1a: Toxapex
|-damage|p1a: Toxapex|25/100
|-start|p1a: Toxapex|move: Heal Block
|move|p1a: Toxapex|Toxic|p2a: Hoopa
|-status|p2a: Hoopa|tox
|
|-weather|Snowscape|[upkeep]
|-damage|p2a: Hoopa|66/100 tox|[from] psn
|upkeep
|turn|19
|
|t:|1769404071
|switch|p1a: Ogerpon|Ogerpon, F|100/100
|move|p2a: Hoopa|Dark Pulse|p1a: Ogerpon
|-crit|p1a: Ogerpon
|-damage|p1a: Ogerpon|0 fnt
|faint|p1a: Ogerpon
|
|-weather|none
|-damage|p2a: Hoopa|54/100 tox|[from] psn
|upkeep
|
|t:|1769404076
|switch|p1a: Iron Valiant|Iron Valiant, shiny|100/100
|turn|20
|
|t:|1769404086
|switch|p2a: Slowking|Slowking-Galar, M|100/100
|-sideend|p2: vacineee|move: Toxic Spikes|[of] p2a: Slowking
|-terastallize|p1a: Iron Valiant|Ghost
|move|p1a: Iron Valiant|Shadow Ball|p2a: Slowking
|-supereffective|p2a: Slowking
|-damage|p2a: Slowking|26/100
|
|upkeep
|turn|21
|
|t:|1769404113
|move|p1a: Iron Valiant|Shadow Ball|p2a: Slowking
|-supereffective|p2a: Slowking
|-damage|p2a: Slowking|0 fnt
|faint|p2a: Slowking
|
|upkeep
|
|t:|1769404116
|switch|p2a: Dragapult|Dragapult, M|100/100
|-damage|p2a: Dragapult|88/100|[from] Stealth Rock
|turn|22
|
|t:|1769404142
|-end|p1a: Iron Valiant|Quark Drive|[silent]
|switch|p1a: Toxapex|Toxapex, M, shiny|59/100
|move|p2a: Dragapult|Shadow Ball|p1a: Toxapex
|-damage|p1a: Toxapex|29/100
|-damage|p2a: Dragapult|78/100|[from] item: Life Orb
|
|upkeep
|turn|23
|
|t:|1769404149
|move|p2a: Dragapult|Shadow Ball|p1a: Toxapex
|-damage|p1a: Toxapex|0 fnt
|faint|p1a: Toxapex
|-damage|p2a: Dragapult|69/100|[from] item: Life Orb
|
|upkeep
|
|t:|1769404152
|switch|p1a: Excadrill|Excadrill, M, shiny|100/100
|turn|24
|
|t:|1769404155
|move|p2a: Dragapult|Fire Blast|p1a: Excadrill
|-supereffective|p1a: Excadrill
|-crit|p1a: Excadrill
|-damage|p1a: Excadrill|0 fnt
|faint|p1a: Excadrill
|-damage|p2a: Dragapult|59/100|[from] item: Life Orb
|
|upkeep
|-message|d00d guy forfeited.
|
|win|vacineee
|raw|d00d guy's rating: 1408 &rarr; <strong>1388</strong><br />(-20 for losing)
|raw|vacineee's rating: 1409 &rarr; <strong>1429</strong><br />(+20 for winning)
|l|☆d00d guy
|player|p1|
|l|☆vacineee
|player|p2|
|j| Itz J
