|j|☆lewishe03
|j|☆The Poo Wrangler
|t:|1769421621
|gametype|singles
|player|p1|lewishe03|blue|1181
|player|p2|The Poo Wrangler|1|1139
|gen|9
|tier|[Gen 9] OU
|rated|
|rule|HP Percentage Mod: HP is shown in percentages
|rule|Endless Battle Clause: Forcing endless battles is banned
|rule|Species Clause: Limit one of each Pokémon
|rule|OHKO Clause: OHKO moves are banned
|rule|Evasion Items Clause: Evasion items are banned
|rule|Evasion Moves Clause: Evasion moves are banned
|rule|Evasion Abilities Clause: Evasion abilities are banned
|rule|Sleep Moves Clause: Sleep-inducing moves are banned
|clearpoke
|poke|p1|Feraligatr, M|
|poke|p1|Dragapult, F|
|poke|p1|Glimmora, F|
|poke|p1|Raikou|
|poke|p1|Scizor, M|
|poke|p1|Gliscor, F|
|poke|p2|Indeedee, M|
|poke|p2|Maushold-Four|
|poke|p2|Polteageist|
|poke|p2|Cloyster, M|
|poke|p2|Quaquaval, M|
|poke|p2|Hatterene, F|
|teampreview
|inactive|Battle timer is ON: inactive players will automatically lose when time's up. (requested by The Poo Wrangler)
|
|t:|1769421630
|teamsize|p1|6
|teamsize|p2|6
|start
|switch|p1a: Scizor|Scizor, M|100/100
|switch|p2a: Indeedee|Indeedee, M|100/100
|-fieldstart|move: Psychic Terrain|[from] ability: Psychic Surge|[of] p2a: Indeedee
|turn|1
|
|t:|1769421639
|switch|p2a: Maushold|Maushold-Four|100/100
|move|p1a: Scizor|X-Scissor|p2a: Maushold
|-damage|p2a: Maushold|22/100
|
|upkeep
|turn|2
|
|t:|1769421647
|move|p2a: Maushold|Population Bomb|p1a: Scizor
|-resisted|p1a: Scizor
|-damage|p1a: Scizor|95/100
|-resisted|p1a: Scizor
|-damage|p1a: Scizor|89/100
|-resisted|p1a: Scizor
|-damage|p1a: Scizor|84/100
|-resisted|p1a: Scizor
|-damage|p1a: Scizor|78/100
|-resisted|p1a: Scizor
|-damage|p1a: Scizor|72/100
|-resisted|p1a: Scizor
|-damage|p1a: Scizor|67/100
|-resisted|p1a: Scizor
|-damage|p1a: Scizor|61/100
|-resisted|p1a: Scizor
|-damage|p1a: Scizor|56/100
|-resisted|p1a: Scizor
|-damage|p1a: Scizor|51/100
|-resisted|p1a: Scizor
|-damage|p1a: Scizor|46/100
|-hitcount|p1a: Scizor|10
|move|p1a: Scizor|X-Scissor|p2a: Maushold
|-damage|p2a: Maushold|0 fnt
|faint|p2a: Maushold
|
|-heal|p1a: Scizor|52/100|[from] item: Leftovers
|upkeep
|
|t:|1769421657
|switch|p2a: Quaquaval|Quaquaval, M|100/100
|turn|3
|
|t:|1769421675
|move|p2a: Quaquaval|Aqua Step|p1a: Scizor
|-damage|p1a: Scizor|14/100
|-boost|p2a: Quaquaval|spe|1
|move|p1a: Scizor|Swords Dance|p1a: Scizor
|-boost|p1a: Scizor|atk|2
|
|-heal|p1a: Scizor|20/100|[from] item: Leftovers
|upkeep
|turn|4
|l|☆The Poo Wrangler
|inactive|The Poo Wrangler disconnected and has a minute to reconnect!
|player|p2|
|j|☆The Poo Wrangler
|inactive|The Poo Wrangler reconnected and has 135 seconds left.
|player|p2|The Poo Wrangler|1|
|
|t:|1769421697
|move|p1a: Scizor|Bullet Punch|p2a: Quaquaval
|-activate|p2a: Quaquaval|move: Psychic Terrain
|move|p2a: Quaquaval|Aqua Step|p1a: Scizor
|-damage|p1a: Scizor|0 fnt
|-boost|p2a: Quaquaval|spe|1
|faint|p1a: Scizor
|-ability|p2a: Quaquaval|Moxie|boost
|-boost|p2a: Quaquaval|atk|1
|
|upkeep
|
|t:|1769421708
|switch|p1a: Madra|Raikou|100/100
|-item|p1a: Madra|Air Balloon
|turn|5
|
|t:|1769421715
|move|p2a: Quaquaval|Endure|p2a: Quaquaval
|-singleturn|p2a: Quaquaval|move: Endure
|move|p1a: Madra|Thunderbolt|p2a: Quaquaval
|-supereffective|p2a: Quaquaval
|-activate|p2a: Quaquaval|move: Endure
|-damage|p2a: Quaquaval|1/100
|-enditem|p2a: Quaquaval|Weakness Policy
|-boost|p2a: Quaquaval|atk|2|[from] item: Weakness Policy
|-boost|p2a: Quaquaval|spa|2|[from] item: Weakness Policy
|
|upkeep
|turn|6
|
|t:|1769421732
|move|p2a: Quaquaval|Triple Axel|p1a: Madra
|-damage|p1a: Madra|79/100
|-enditem|p1a: Madra|Air Balloon
|-damage|p1a: Madra|32/100
|-hitcount|p1a: Madra|2
|move|p1a: Madra|Thunderbolt|p2a: Quaquaval
|-supereffective|p2a: Quaquaval
|-damage|p2a: Quaquaval|0 fnt
|faint|p2a: Quaquaval
|
|upkeep
|
|t:|1769421745
|switch|p2a: A Pot-Head|Polteageist|100/100
|turn|7
|
|t:|1769421751
|move|p1a: Madra|Thunderbolt|p2a: A Pot-Head
|-damage|p2a: A Pot-Head|48/100
|move|p2a: A Pot-Head|Shell Smash|p2a: A Pot-Head
|-unboost|p2a: A Pot-Head|def|1
|-unboost|p2a: A Pot-Head|spd|1
|-boost|p2a: A Pot-Head|atk|2
|-boost|p2a: A Pot-Head|spa|2
|-boost|p2a: A Pot-Head|spe|2
|
|upkeep
|turn|8
|
|t:|1769421761
|move|p2a: A Pot-Head|Stored Power|p1a: Madra
|-crit|p1a: Madra
|-damage|p1a: Madra|0 fnt
|faint|p1a: Madra
|
|-fieldend|move: Psychic Terrain
|upkeep
|
|t:|1769421768
|switch|p1a: Lou|Feraligatr, M|100/100
|turn|9
|
|t:|1769421775
|move|p2a: A Pot-Head|Stored Power|p1a: Lou
|-damage|p1a: Lou|0 fnt
|faint|p1a: Lou
|
|upkeep
|-message|lewishe03 forfeited.
|
|win|The Poo Wrangler
|raw|lewishe03's rating: 1181 &rarr; <strong>1153</strong><br />(-28 for losing)
|raw|The Poo Wrangler's rating: 1139 &rarr; <strong>1167</strong><br />(+28 for winning)
|l|☆lewishe03
|player|p1|
|l|☆The Poo Wrangler
|player|p2|
