|j|☆lolproplayer
|j|☆Veexliat
|t:|1769343793
|gametype|singles
|player|p1|lolproplayer|170|1607
|player|p2|Veexliat|gardenia|1557
|gen|9
|tier|[Gen 9] OU
|rated|
|rule|HP Percentage Mod: HP is shown in percentages
|rule|Endless Battle Clause: Forcing endless battles is banned
|rule|Species Clause: Limit one of each Pokémon
|rule|OHKO Clause: OHKO moves are banned
|rule|Evasion Items Clause: Evasion items are banned
|rule|Evasion Moves Clause: Evasion moves are banned
|rule|Evasion Abilities Clause: Evasion abilities are banned
|rule|Sleep Moves Clause: Sleep-inducing moves are banned
|clearpoke
|poke|p1|Ogerpon-Wellspring, F|
|poke|p1|Deoxys-Speed|
|poke|p1|Glimmora, M|
|poke|p1|Ceruledge, M|
|poke|p1|Darkrai|
|poke|p1|Zamazenta-*|
|poke|p2|Pelipper, F|
|poke|p2|Hatterene, F|
|poke|p2|Iron Treads|
|poke|p2|Toxicroak, F|
|poke|p2|Barraskewda, F|
|poke|p2|Zapdos|
|teampreview
|inactive|Battle timer is ON: inactive players will automatically lose when time's up. (requested by Veexliat)
|inactive|lolproplayer also wants the timer to be on.
|
|t:|1769343802
|teamsize|p1|6
|teamsize|p2|6
|start
|switch|p1a: Deoxys|Deoxys-Speed|100/100
|switch|p2a: Pelipper|Pelipper, F|100/100
|-ability|p1a: Deoxys|Pressure
|-weather|RainDance|[from] ability: Drizzle|[of] p2a: Pelipper
|turn|1
|
|t:|1769343807
|switch|p2a: Hatterene|Hatterene, F|100/100
|move|p1a: Deoxys|Psycho Boost|p2a: Hatterene
|-resisted|p2a: Hatterene
|-damage|p2a: Hatterene|55/100
|-unboost|p1a: Deoxys|spa|2
|-enditem|p2a: Hatterene|Eject Button
|-damage|p1a: Deoxys|91/100|[from] item: Life Orb
|
|t:|1769343816
|switch|p2a: Barraskewda|Barraskewda, F|100/100
|
|-weather|RainDance|[upkeep]
|upkeep
|turn|2
|
|t:|1769343828
|switch|p1a: Ogerpon|Ogerpon-Wellspring, F|100/100
|move|p2a: Barraskewda|Flip Turn|p1a: Ogerpon
|-immune|p1a: Ogerpon|[from] ability: Water Absorb
|
|-weather|RainDance|[upkeep]
|upkeep
|turn|3
|
|t:|1769343836
|switch|p2a: Toxicroak|Toxicroak, F|100/100
|move|p1a: Ogerpon|Swords Dance|p1a: Ogerpon
|-boost|p1a: Ogerpon|atk|2
|
|-weather|RainDance|[upkeep]
|upkeep
|turn|4
|
|t:|1769343840
|move|p1a: Ogerpon|Play Rough|p2a: Toxicroak
|-damage|p2a: Toxicroak|26/100
|-damage|p1a: Ogerpon|84/100|[from] item: Rocky Helmet|[of] p2a: Toxicroak
|move|p2a: Toxicroak|Toxic|p1a: Ogerpon
|-status|p1a: Ogerpon|tox
|
|-weather|RainDance|[upkeep]
|-heal|p2a: Toxicroak|38/100|[from] ability: Dry Skin
|-damage|p1a: Ogerpon|78/100 tox|[from] psn
|upkeep
|turn|5
|
|t:|1769343849
|switch|p2a: Hatterene|Hatterene, F|55/100
|move|p1a: Ogerpon|Horn Leech|p2a: Hatterene
|-damage|p2a: Hatterene|0 fnt
|-heal|p1a: Ogerpon|100/100 tox|[from] drain|[of] p2a: Hatterene
|faint|p2a: Hatterene
|
|-weather|RainDance|[upkeep]
|-damage|p1a: Ogerpon|89/100 tox|[from] psn
|upkeep
|
|t:|1769343867
|switch|p2a: Toxicroak|Toxicroak, F|38/100
|turn|6
|
|t:|1769343873
|move|p1a: Ogerpon|Play Rough|p2a: Toxicroak
|-damage|p2a: Toxicroak|0 fnt
|-damage|p1a: Ogerpon|72/100 tox|[from] item: Rocky Helmet|[of] p2a: Toxicroak
|faint|p2a: Toxicroak
|
|-weather|RainDance|[upkeep]
|-damage|p1a: Ogerpon|54/100 tox|[from] psn
|upkeep
|
|t:|1769343877
|switch|p2a: Barraskewda|Barraskewda, F|100/100
|turn|7
|
|t:|1769343884
|switch|p1a: Glimmora|Glimmora, M|100/100
|move|p2a: Barraskewda|Close Combat|p1a: Glimmora
|-damage|p1a: Glimmora|27/100
|-unboost|p2a: Barraskewda|def|1
|-unboost|p2a: Barraskewda|spd|1
|-activate|p1a: Glimmora|ability: Toxic Debris
|-sidestart|p2: Veexliat|move: Toxic Spikes
|
|-weather|RainDance|[upkeep]
|upkeep
|turn|8
|
|t:|1769343891
|move|p2a: Barraskewda|Close Combat|p1a: Glimmora
|-damage|p1a: Glimmora|0 fnt
|-unboost|p2a: Barraskewda|def|1
|-unboost|p2a: Barraskewda|spd|1
|-activate|p1a: Glimmora|ability: Toxic Debris
|-sidestart|p2: Veexliat|move: Toxic Spikes
|faint|p1a: Glimmora
|
|-weather|none
|upkeep
|
|t:|1769343903
|switch|p1a: Deoxys|Deoxys-Speed|91/100
|-ability|p1a: Deoxys|Pressure
|turn|9
|
|t:|1769343907
|switch|p2a: Pelipper|Pelipper, F|100/100
|-weather|RainDance|[from] ability: Drizzle|[of] p2a: Pelipper
|move|p1a: Deoxys|Nasty Plot|p1a: Deoxys
|-boost|p1a: Deoxys|spa|2
|
|-weather|RainDance|[upkeep]
|upkeep
|turn|10
|
|t:|1769343919
|switch|p2a: Zapdos|Zapdos|100/100
|move|p1a: Deoxys|Substitute|p1a: Deoxys
|-start|p1a: Deoxys|Substitute
|-damage|p1a: Deoxys|66/100
|
|-weather|RainDance|[upkeep]
|upkeep
|turn|11
|
|t:|1769343922
|move|p1a: Deoxys|Psycho Boost|p2a: Zapdos
|-damage|p2a: Zapdos|0 fnt
|-unboost|p1a: Deoxys|spa|2
|faint|p2a: Zapdos
|-damage|p1a: Deoxys|56/100|[from] item: Life Orb
|
|-weather|RainDance|[upkeep]
|upkeep
|
|t:|1769343928
|switch|p2a: Iron Treads|Iron Treads|100/100
|turn|12
|
|t:|1769343930
|move|p1a: Deoxys|Focus Blast|p2a: Iron Treads|[miss]
|-miss|p1a: Deoxys|p2a: Iron Treads
|move|p2a: Iron Treads|Earthquake|p1a: Deoxys
|-end|p1a: Deoxys|Substitute
|
|-weather|RainDance|[upkeep]
|upkeep
|turn|13
|
|t:|1769343933
|move|p1a: Deoxys|Focus Blast|p2a: Iron Treads
|-supereffective|p2a: Iron Treads
|-damage|p2a: Iron Treads|18/100
|-damage|p1a: Deoxys|46/100|[from] item: Life Orb
|move|p2a: Iron Treads|Rapid Spin|p1a: Deoxys
|-crit|p1a: Deoxys
|-damage|p1a: Deoxys|14/100
|-boost|p2a: Iron Treads|spe|1
|-sideend|p2: Veexliat|Toxic Spikes|[from] move: Rapid Spin|[of] p2a: Iron Treads
|
|-weather|RainDance|[upkeep]
|-heal|p2a: Iron Treads|24/100|[from] item: Leftovers
|upkeep
|turn|14
|
|t:|1769343941
|move|p1a: Deoxys|Psycho Boost|p2a: Iron Treads
|-resisted|p2a: Iron Treads
|-damage|p2a: Iron Treads|0 fnt
|-unboost|p1a: Deoxys|spa|2
|faint|p2a: Iron Treads
|-end|p2a: Iron Treads|Quark Drive|[silent]
|-damage|p1a: Deoxys|4/100|[from] item: Life Orb
|
|-weather|RainDance|[upkeep]
|upkeep
|
|t:|1769343945
|switch|p2a: Barraskewda|Barraskewda, F|100/100
|turn|15
|
|t:|1769343948
|move|p2a: Barraskewda|Liquidation|p1a: Deoxys
|-damage|p1a: Deoxys|0 fnt
|faint|p1a: Deoxys
|
|-weather|RainDance|[upkeep]
|upkeep
|
|t:|1769343955
|switch|p1a: Ogerpon|Ogerpon-Wellspring, F|54/100 tox
|turn|16
|
|t:|1769343958
|switch|p2a: Pelipper|Pelipper, F|100/100
|move|p1a: Ogerpon|Swords Dance|p1a: Ogerpon
|-boost|p1a: Ogerpon|atk|2
|
|-weather|none
|-damage|p1a: Ogerpon|48/100 tox|[from] psn
|upkeep
|turn|17
|
|t:|1769343963
|move|p1a: Ogerpon|Horn Leech|p2a: Pelipper
|-damage|p2a: Pelipper|7/100
|-heal|p1a: Ogerpon|99/100 tox|[from] drain|[of] p2a: Pelipper
|move|p2a: Pelipper|U-turn|p1a: Ogerpon
|-supereffective|p1a: Ogerpon
|-damage|p1a: Ogerpon|71/100 tox
|
|t:|1769343967
|switch|p2a: Barraskewda|Barraskewda, F|100/100|[from] U-turn
|
|-damage|p1a: Ogerpon|59/100 tox|[from] psn
|upkeep
|turn|18
|
|t:|1769343972
|move|p2a: Barraskewda|Close Combat|p1a: Ogerpon
|-damage|p1a: Ogerpon|0 fnt
|-unboost|p2a: Barraskewda|def|1
|-unboost|p2a: Barraskewda|spd|1
|faint|p1a: Ogerpon
|
|upkeep
|
|t:|1769343974
|switch|p1a: Ceruledge|Ceruledge, M|100/100
|turn|19
|
|t:|1769343976
|switch|p2a: Pelipper|Pelipper, F|7/100
|-weather|RainDance|[from] ability: Drizzle|[of] p2a: Pelipper
|move|p1a: Ceruledge|Swords Dance|p1a: Ceruledge
|-boost|p1a: Ceruledge|atk|2
|
|-weather|RainDance|[upkeep]
|upkeep
|turn|20
|
|t:|1769343980
|move|p1a: Ceruledge|Shadow Sneak|p2a: Pelipper
|-damage|p2a: Pelipper|0 fnt
|faint|p2a: Pelipper
|-damage|p1a: Ceruledge|91/100|[from] item: Life Orb
|
|-weather|RainDance|[upkeep]
|upkeep
|
|t:|1769343982
|switch|p2a: Barraskewda|Barraskewda, F|100/100
|turn|21
|
|t:|1769343986
|-terastallize|p1a: Ceruledge|Ghost
|move|p1a: Ceruledge|Shadow Sneak|p2a: Barraskewda
|-damage|p2a: Barraskewda|0 fnt
|faint|p2a: Barraskewda
|-damage|p1a: Ceruledge|81/100|[from] item: Life Orb
|
|win|lolproplayer
|raw|lolproplayer's rating: 1607 &rarr; <strong>1624</strong><br />(+17 for winning)
|raw|Veexliat's rating: 1557 &rarr; <strong>1540</strong><br />(-17 for losing)
|l|☆Veexliat
|player|p2|
|l|☆lolproplayer
|player|p1|
