|j|☆abraham_305
|j|☆DonaCristina
|t:|1769443360
|gametype|singles
|player|p1|abraham_305|266|1394
|player|p2|DonaCristina|biker-gen4|1351
|gen|9
|tier|[Gen 9] OU
|rated|
|rule|HP Percentage Mod: HP is shown in percentages
|rule|Endless Battle Clause: Forcing endless battles is banned
|rule|Species Clause: Limit one of each Pokémon
|rule|OHKO Clause: OHKO moves are banned
|rule|Evasion Items Clause: Evasion items are banned
|rule|Evasion Moves Clause: Evasion moves are banned
|rule|Evasion Abilities Clause: Evasion abilities are banned
|rule|Sleep Moves Clause: Sleep-inducing moves are banned
|clearpoke
|poke|p1|Volcanion|
|poke|p1|Pelipper, M|
|poke|p1|Tinkaton, F|
|poke|p1|Goodra-Hisui, M|
|poke|p1|Barraskewda, M|
|poke|p1|Iron Treads|
|poke|p2|Ceruledge, F|
|poke|p2|Ninetales, M|
|poke|p2|Hatterene, F|
|poke|p2|Great Tusk|
|poke|p2|Walking Wake|
|poke|p2|Scizor, F|
|teampreview
|inactive|Battle timer is ON: inactive players will automatically lose when time's up. (requested by DonaCristina)
|inactive|abraham_305 has 120 seconds left.
|inactive|DonaCristina has 120 seconds left.
|
|t:|1769443429
|teamsize|p1|6
|teamsize|p2|6
|start
|switch|p1a: Iron Treads|Iron Treads|100/100
|switch|p2a: Walking Wake|Walking Wake|100/100
|turn|1
|
|t:|1769443446
|-end|p1a: Iron Treads|Quark Drive|[silent]
|switch|p1a: Volcanion|Volcanion|100/100
|move|p2a: Walking Wake|Draco Meteor|p1a: Volcanion
|-damage|p1a: Volcanion|4/100
|-unboost|p2a: Walking Wake|spa|2
|
|upkeep
|turn|2
|
|t:|1769443459
|-end|p2a: Walking Wake|Protosynthesis|[silent]
|switch|p2a: Scizor|Scizor, F|100/100
|switch|p1a: Tinkaton|Tinkaton, F|100/100
|-ability|p1a: Tinkaton|Mold Breaker
|-item|p1a: Tinkaton|Air Balloon
|
|upkeep
|turn|3
|
|t:|1769443466
|move|p1a: Tinkaton|Thunder Wave|p2a: Scizor
|-status|p2a: Scizor|par
|move|p2a: Scizor|U-turn|p1a: Tinkaton
|-resisted|p1a: Tinkaton
|-damage|p1a: Tinkaton|89/100
|-enditem|p1a: Tinkaton|Air Balloon
|
|t:|1769443471
|switch|p2a: Ceruledge|Ceruledge, F|100/100|[from] U-turn
|
|upkeep
|turn|4
|
|t:|1769443484
|move|p2a: Ceruledge|Poltergeist||[still]
|-fail|p2a: Ceruledge
|move|p1a: Tinkaton|Thunder Wave|p2a: Ceruledge
|-status|p2a: Ceruledge|par
|
|upkeep
|turn|5
|
|t:|1769443491
|switch|p2a: Great Tusk|Great Tusk|100/100
|move|p1a: Tinkaton|Encore||[still]
|-fail|p1a: Tinkaton
|
|upkeep
|turn|6
|
|t:|1769443495
|switch|p1a: Pelipper|Pelipper, M|100/100
|-weather|RainDance|[from] ability: Drizzle|[of] p1a: Pelipper
|move|p2a: Great Tusk|Stealth Rock|p1a: Pelipper
|-sidestart|p1: abraham_305|move: Stealth Rock
|
|-weather|RainDance|[upkeep]
|upkeep
|turn|7
|
|t:|1769443500
|-end|p2a: Great Tusk|Protosynthesis|[silent]
|switch|p2a: Ninetales|Ninetales, M|100/100
|-weather|SunnyDay|[from] ability: Drought|[of] p2a: Ninetales
|move|p1a: Pelipper|Surf|p2a: Ninetales
|-supereffective|p2a: Ninetales
|-damage|p2a: Ninetales|42/100
|
|-weather|SunnyDay|[upkeep]
|upkeep
|turn|8
|
|t:|1769443510
|switch|p2a: Walking Wake|Walking Wake|100/100
|-activate|p2a: Walking Wake|ability: Protosynthesis
|-start|p2a: Walking Wake|protosynthesisspe
|move|p1a: Pelipper|Surf|p2a: Walking Wake
|-resisted|p2a: Walking Wake
|-damage|p2a: Walking Wake|92/100
|
|-weather|SunnyDay|[upkeep]
|upkeep
|turn|9
|
|t:|1769443524
|switch|p1a: Goodra|Goodra-Hisui, M|100/100
|-damage|p1a: Goodra|94/100|[from] Stealth Rock
|move|p2a: Walking Wake|Dragon Pulse|p1a: Goodra
|-damage|p1a: Goodra|65/100
|
|-weather|SunnyDay|[upkeep]
|upkeep
|turn|10
|
|t:|1769443534
|-end|p2a: Walking Wake|Protosynthesis|[silent]
|switch|p2a: Scizor|Scizor, F|100/100 par
|move|p1a: Goodra|Thunderbolt|p2a: Scizor
|-damage|p2a: Scizor|67/100 par
|
|-weather|SunnyDay|[upkeep]
|upkeep
|turn|11
|
|t:|1769443542
|switch|p1a: Tinkaton|Tinkaton, F|89/100
|-damage|p1a: Tinkaton|83/100|[from] Stealth Rock
|-ability|p1a: Tinkaton|Mold Breaker
|move|p2a: Scizor|Close Combat|p1a: Tinkaton
|-damage|p1a: Tinkaton|33/100
|-unboost|p2a: Scizor|def|1
|-unboost|p2a: Scizor|spd|1
|
|-weather|SunnyDay|[upkeep]
|upkeep
|turn|12
|
|t:|1769443558
|move|p1a: Tinkaton|Stealth Rock|p2a: Scizor
|-sidestart|p2: DonaCristina|move: Stealth Rock
|move|p2a: Scizor|Close Combat|p1a: Tinkaton
|-damage|p1a: Tinkaton|0 fnt
|-unboost|p2a: Scizor|def|1
|-unboost|p2a: Scizor|spd|1
|faint|p1a: Tinkaton
|
|-weather|SunnyDay|[upkeep]
|upkeep
|
|t:|1769443562
|switch|p1a: Iron Treads|Iron Treads|100/100
|-damage|p1a: Iron Treads|97/100|[from] Stealth Rock
|turn|13
|
|t:|1769443565
|switch|p2a: Great Tusk|Great Tusk|100/100
|-activate|p2a: Great Tusk|ability: Protosynthesis
|-start|p2a: Great Tusk|protosynthesisspe
|move|p1a: Iron Treads|Earthquake|p2a: Great Tusk
|-damage|p2a: Great Tusk|62/100
|-damage|p1a: Iron Treads|87/100|[from] item: Life Orb
|
|-weather|SunnyDay|[upkeep]
|upkeep
|turn|14
|
|t:|1769443588
|-end|p1a: Iron Treads|Quark Drive|[silent]
|switch|p1a: Pelipper|Pelipper, M|100/100
|-damage|p1a: Pelipper|76/100|[from] Stealth Rock
|-weather|RainDance|[from] ability: Drizzle|[of] p1a: Pelipper
|-end|p2a: Great Tusk|Protosynthesis
|move|p2a: Great Tusk|Rapid Spin|p1a: Pelipper
|-damage|p1a: Pelipper|60/100
|-boost|p2a: Great Tusk|spe|1
|-sideend|p2: DonaCristina|Stealth Rock|[from] move: Rapid Spin|[of] p2a: Great Tusk
|
|-weather|RainDance|[upkeep]
|upkeep
|turn|15
|
|t:|1769443599
|-end|p2a: Great Tusk|Protosynthesis|[silent]
|switch|p2a: Walking Wake|Walking Wake|92/100
|move|p1a: Pelipper|Hurricane|p2a: Walking Wake
|-damage|p2a: Walking Wake|0 fnt
|faint|p2a: Walking Wake
|-end|p2a: Walking Wake|Protosynthesis|[silent]
|
|-weather|RainDance|[upkeep]
|upkeep
|
|t:|1769443608
|switch|p2a: Ninetales|Ninetales, M|42/100
|-weather|SunnyDay|[from] ability: Drought|[of] p2a: Ninetales
|turn|16
|
|t:|1769443617
|switch|p1a: Goodra|Goodra-Hisui, M|65/100
|-damage|p1a: Goodra|59/100|[from] Stealth Rock
|move|p2a: Ninetales|Will-O-Wisp|p1a: Goodra
|-status|p1a: Goodra|brn
|
|-weather|SunnyDay|[upkeep]
|-damage|p1a: Goodra|53/100 brn|[from] brn
|upkeep
|turn|17
|
|t:|1769443626
|switch|p2a: Hatterene|Hatterene, F|100/100
|move|p1a: Goodra|Draco Meteor|p2a: Hatterene
|-immune|p2a: Hatterene
|
|-weather|SunnyDay|[upkeep]
|-damage|p1a: Goodra|47/100 brn|[from] brn
|upkeep
|turn|18
|
|t:|1769443634
|switch|p2a: Ceruledge|Ceruledge, F|100/100 par
|move|p1a: Goodra|Sludge Wave|p2a: Ceruledge
|-resisted|p2a: Ceruledge
|-damage|p2a: Ceruledge|80/100 par
|
|-weather|SunnyDay|[upkeep]
|-damage|p1a: Goodra|41/100 brn|[from] brn
|upkeep
|turn|19
|
|t:|1769443649
|switch|p1a: Pelipper|Pelipper, M|60/100
|-damage|p1a: Pelipper|35/100|[from] Stealth Rock
|-weather|RainDance|[from] ability: Drizzle|[of] p1a: Pelipper
|cant|p2a: Ceruledge|par
|
|-weather|RainDance|[upkeep]
|upkeep
|turn|20
|
|t:|1769443660
|switch|p2a: Hatterene|Hatterene, F|100/100
|move|p1a: Pelipper|Surf|p2a: Hatterene
|-damage|p2a: Hatterene|0 fnt
|faint|p2a: Hatterene
|
|-weather|RainDance|[upkeep]
|upkeep
|-message|DonaCristina forfeited.
|
|win|abraham_305
|raw|abraham_305's rating: 1394 &rarr; <strong>1412</strong><br />(+18 for winning)
|raw|DonaCristina's rating: 1351 &rarr; <strong>1333</strong><br />(-18 for losing)
|l|☆DonaCristina
|player|p2|
