|j|☆CaraDaGeometria
|j|☆NO1Griefer
|t:|1769407523
|gametype|singles
|player|p1|CaraDaGeometria|170|1161
|player|p2|NO1Griefer|cameraman|1171
|gen|9
|tier|[Gen 9] OU
|rated|
|rule|HP Percentage Mod: HP is shown in percentages
|rule|Endless Battle Clause: Forcing endless battles is banned
|rule|Species Clause: Limit one of each Pokémon
|rule|OHKO Clause: OHKO moves are banned
|rule|Evasion Items Clause: Evasion items are banned
|rule|Evasion Moves Clause: Evasion moves are banned
|rule|Evasion Abilities Clause: Evasion abilities are banned
|rule|Sleep Moves Clause: Sleep-inducing moves are banned
|clearpoke
|poke|p1|Keldeo-Resolute|
|poke|p1|Metagross|
|poke|p1|Iron Crown|
|poke|p1|Samurott-Hisui, M|
|poke|p1|Great Tusk|
|poke|p1|Hydrapple, F|
|poke|p2|Scovillain, F|
|poke|p2|Torkoal, F|
|poke|p2|Lilligant, F|
|poke|p2|Venusaur, F|
|poke|p2|Leafeon, F|
|poke|p2|Ceruledge, F|
|teampreview
|inactive|Battle timer is ON: inactive players will automatically lose when time's up. (requested by NO1Griefer)
|
|t:|1769407550
|teamsize|p1|6
|teamsize|p2|6
|start
|switch|p1a: Metagross|Metagross|100/100
|switch|p2a: Torkoal|Torkoal, F, shiny|100/100
|-weather|SunnyDay|[from] ability: Drought|[of] p2a: Torkoal
|turn|1
|
|t:|1769407555
|move|p1a: Metagross|Trick|p2a: Torkoal
|-activate|p1a: Metagross|move: Trick|[of] p2a: Torkoal
|-item|p2a: Torkoal|Choice Scarf|[from] move: Trick
|-item|p1a: Metagross|Heat Rock|[from] move: Trick
|move|p2a: Torkoal|Will-O-Wisp|p1a: Metagross
|-status|p1a: Metagross|brn
|
|-weather|SunnyDay|[upkeep]
|-damage|p1a: Metagross|95/100 brn|[from] brn
|upkeep
|turn|2
|
|t:|1769407572
|switch|p2a: Venusaur|Venusaur, F, shiny|100/100
|move|p1a: Metagross|Earthquake|p2a: Venusaur
|-damage|p2a: Venusaur|76/100
|
|-weather|SunnyDay|[upkeep]
|-damage|p1a: Metagross|89/100 brn|[from] brn
|upkeep
|turn|3
|
|t:|1769407579
|move|p2a: Venusaur|Weather Ball|p1a: Metagross
|-supereffective|p1a: Metagross
|-damage|p1a: Metagross|0 fnt
|faint|p1a: Metagross
|-damage|p2a: Venusaur|66/100|[from] item: Life Orb
|
|-weather|SunnyDay|[upkeep]
|upkeep
|
|t:|1769407590
|switch|p1a: Great Tusk|Great Tusk|100/100
|-activate|p1a: Great Tusk|ability: Protosynthesis
|-start|p1a: Great Tusk|protosynthesisatk
|turn|4
|
|t:|1769407597
|move|p2a: Venusaur|Solar Beam||[still]
|-prepare|p2a: Venusaur|Solar Beam
|-anim|p2a: Venusaur|Solar Beam|p1a: Great Tusk
|-supereffective|p1a: Great Tusk
|-damage|p1a: Great Tusk|0 fnt
|faint|p1a: Great Tusk
|-end|p1a: Great Tusk|Protosynthesis|[silent]
|-damage|p2a: Venusaur|56/100|[from] item: Life Orb
|
|-weather|SunnyDay|[upkeep]
|upkeep
|
|t:|1769407605
|switch|p1a: Iron Crown|Iron Crown|100/100
|turn|5
|
|t:|1769407610
|-end|p1a: Iron Crown|Quark Drive|[silent]
|switch|p1a: Keldeo|Keldeo-Resolute|100/100
|move|p2a: Venusaur|Weather Ball|p1a: Keldeo
|-resisted|p1a: Keldeo
|-damage|p1a: Keldeo|66/100
|-damage|p2a: Venusaur|46/100|[from] item: Life Orb
|
|-weather|SunnyDay|[upkeep]
|upkeep
|turn|6
|
|t:|1769407619
|switch|p1a: Hydrapple|Hydrapple, F|100/100
|move|p2a: Venusaur|Giga Drain|p1a: Hydrapple
|-resisted|p1a: Hydrapple
|-damage|p1a: Hydrapple|90/100
|-heal|p2a: Venusaur|54/100|[from] drain|[of] p1a: Hydrapple
|-damage|p2a: Venusaur|44/100|[from] item: Life Orb
|
|-weather|SunnyDay|[upkeep]
|upkeep
|turn|7
|
|t:|1769407629
|move|p2a: Venusaur|Weather Ball|p1a: Hydrapple
|-damage|p1a: Hydrapple|29/100
|-damage|p2a: Venusaur|34/100|[from] item: Life Orb
|move|p1a: Hydrapple|Earth Power|p2a: Venusaur
|-damage|p2a: Venusaur|0 fnt
|faint|p2a: Venusaur
|
|-weather|SunnyDay|[upkeep]
|upkeep
|
|t:|1769407637
|switch|p2a: Lilligant|Lilligant, F, shiny|100/100
|turn|8
|
|t:|1769407647
|switch|p1a: Keldeo|Keldeo-Resolute|66/100
|move|p2a: Lilligant|Quiver Dance|p2a: Lilligant
|-boost|p2a: Lilligant|spa|1
|-boost|p2a: Lilligant|spd|1
|-boost|p2a: Lilligant|spe|1
|
|-weather|none
|upkeep
|turn|9
|
|t:|1769407654
|move|p2a: Lilligant|Giga Drain|p1a: Keldeo
|-supereffective|p1a: Keldeo
|-damage|p1a: Keldeo|0 fnt
|faint|p1a: Keldeo
|
|upkeep
|
|t:|1769407660
|switch|p1a: Iron Crown|Iron Crown|100/100
|turn|10
|
|t:|1769407671
|switch|p2a: Torkoal|Torkoal, F, shiny|100/100
|-weather|SunnyDay|[from] ability: Drought|[of] p2a: Torkoal
|move|p1a: Iron Crown|Future Sight|p2a: Torkoal
|-start|p1a: Iron Crown|move: Future Sight
|
|-weather|SunnyDay|[upkeep]
|upkeep
|turn|11
|
|t:|1769407685
|-end|p1a: Iron Crown|Quark Drive|[silent]
|switch|p1a: Hydrapple|Hydrapple, F|62/100
|switch|p2a: Scovillain|Scovillain, F|100/100
|
|-weather|SunnyDay|[upkeep]
|upkeep
|turn|12
|
|t:|1769407693
|move|p2a: Scovillain|Flamethrower|p1a: Hydrapple
|-damage|p1a: Hydrapple|0 fnt
|faint|p1a: Hydrapple
|-damage|p2a: Scovillain|91/100|[from] item: Life Orb
|
|-weather|SunnyDay|[upkeep]
|-end|p2a: Scovillain|move: Future Sight
|-damage|p2a: Scovillain|0 fnt
|faint|p2a: Scovillain
|upkeep
|
|t:|1769407704
|switch|p2a: Lilligant|Lilligant, F, shiny|100/100
|switch|p1a: Samurott|Samurott-Hisui, M|100/100
|turn|13
|
|t:|1769407713
|-terastallize|p1a: Samurott|Dark
|move|p2a: Lilligant|Giga Drain|p1a: Samurott
|-damage|p1a: Samurott|43/100
|move|p1a: Samurott|Ceaseless Edge|p2a: Lilligant
|-enditem|p2a: Lilligant|Focus Sash
|-damage|p2a: Lilligant|1/100
|-sidestart|p2: NO1Griefer|Spikes
|
|-weather|SunnyDay|[upkeep]
|upkeep
|turn|14
|
|t:|1769407721
|move|p1a: Samurott|Sucker Punch|p2a: Lilligant
|-damage|p2a: Lilligant|0 fnt
|faint|p2a: Lilligant
|
|-weather|none
|upkeep
|
|t:|1769407725
|switch|p2a: Leafeon|Leafeon, F|100/100
|-damage|p2a: Leafeon|88/100|[from] Spikes
|turn|15
|
|t:|1769407731
|move|p2a: Leafeon|Leaf Blade|p1a: Samurott
|-damage|p1a: Samurott|0 fnt
|faint|p1a: Samurott
|
|-heal|p2a: Leafeon|94/100|[from] item: Leftovers
|upkeep
|
|t:|1769407734
|switch|p1a: Iron Crown|Iron Crown|100/100
|turn|16
|
|t:|1769407738
|move|p1a: Iron Crown|Future Sight|p2a: Leafeon
|-start|p1a: Iron Crown|move: Future Sight
|move|p2a: Leafeon|Knock Off|p1a: Iron Crown
|-supereffective|p1a: Iron Crown
|-damage|p1a: Iron Crown|38/100
|-enditem|p1a: Iron Crown|Assault Vest|[from] move: Knock Off|[of] p2a: Leafeon
|
|-heal|p2a: Leafeon|99/100|[from] item: Leftovers
|upkeep
|turn|17
|
|t:|1769407751
|move|p1a: Iron Crown|Tachyon Cutter|p2a: Leafeon
|-damage|p2a: Leafeon|56/100
|-damage|p2a: Leafeon|11/100
|-hitcount|p2a: Leafeon|2
|move|p2a: Leafeon|Knock Off|p1a: Iron Crown
|-supereffective|p1a: Iron Crown
|-damage|p1a: Iron Crown|0 fnt
|faint|p1a: Iron Crown
|-end|p1a: Iron Crown|Quark Drive|[silent]
|
|win|NO1Griefer
|raw|CaraDaGeometria's rating: 1161 &rarr; <strong>1137</strong><br />(-24 for losing)
|raw|NO1Griefer's rating: 1171 &rarr; <strong>1195</strong><br />(+24 for winning)
|l|☆CaraDaGeometria
|player|p1|
|l|☆NO1Griefer
|player|p2|
