|j|☆ramoncombats95
|j|☆newbiemee
|t:|1769342730
|gametype|singles
|player|p1|ramoncombats95|benga|1229
|player|p2|newbiemee|266|1236
|gen|9
|tier|[Gen 9] OU
|rated|
|rule|HP Percentage Mod: HP is shown in percentages
|rule|Endless Battle Clause: Forcing endless battles is banned
|rule|Species Clause: Limit one of each Pokémon
|rule|OHKO Clause: OHKO moves are banned
|rule|Evasion Items Clause: Evasion items are banned
|rule|Evasion Moves Clause: Evasion moves are banned
|rule|Evasion Abilities Clause: Evasion abilities are banned
|rule|Sleep Moves Clause: Sleep-inducing moves are banned
|clearpoke
|poke|p1|Milotic, M|
|poke|p1|Lokix, M|
|poke|p1|Gliscor, F|
|poke|p1|Corviknight, F|
|poke|p1|Eelektross, F|
|poke|p1|Mienshao, M|
|poke|p2|Pecharunt|
|poke|p2|Mabosstiff, M|
|poke|p2|Volcanion|
|poke|p2|Iron Valiant|
|poke|p2|Landorus-Therian, M|
|poke|p2|Deoxys-Speed|
|teampreview
|inactive|Battle timer is ON: inactive players will automatically lose when time's up. (requested by newbiemee)
|
|t:|1769342740
|teamsize|p1|6
|teamsize|p2|6
|start
|switch|p1a: Milotic|Milotic, M, shiny|100/100
|switch|p2a: Deoxys|Deoxys-Speed|100/100
|-ability|p2a: Deoxys|Pressure
|turn|1
|
|t:|1769342753
|move|p2a: Deoxys|Spikes|p1a: Milotic
|-sidestart|p1: ramoncombats95|Spikes
|move|p1a: Milotic|Scald|p2a: Deoxys
|-damage|p2a: Deoxys|38/100
|-status|p2a: Deoxys|brn
|
|-damage|p2a: Deoxys|32/100 brn|[from] brn
|upkeep
|turn|2
|
|t:|1769342759
|move|p2a: Deoxys|Spikes|p1a: Milotic
|-sidestart|p1: ramoncombats95|Spikes
|move|p1a: Milotic|Scald|p2a: Deoxys
|-crit|p2a: Deoxys
|-damage|p2a: Deoxys|0 fnt
|faint|p2a: Deoxys
|
|upkeep
|
|t:|1769342763
|switch|p2a: Volcanion|Volcanion|100/100
|turn|3
|
|t:|1769342771
|move|p2a: Volcanion|Steam Eruption|p1a: Milotic
|-resisted|p1a: Milotic
|-damage|p1a: Milotic|83/100
|move|p1a: Milotic|Ice Beam|p2a: Volcanion
|-resisted|p2a: Volcanion
|-damage|p2a: Volcanion|94/100
|
|-heal|p2a: Volcanion|99/100|[from] item: Leftovers
|-heal|p1a: Milotic|89/100|[from] item: Leftovers
|upkeep
|turn|4
|
|t:|1769342778
|move|p2a: Volcanion|Will-O-Wisp|p1a: Milotic
|-status|p1a: Milotic|brn
|move|p1a: Milotic|Ice Beam|p2a: Volcanion
|-resisted|p2a: Volcanion
|-damage|p2a: Volcanion|93/100
|
|-heal|p2a: Volcanion|99/100|[from] item: Leftovers
|-heal|p1a: Milotic|95/100 brn|[from] item: Leftovers
|-damage|p1a: Milotic|89/100 brn|[from] brn
|upkeep
|turn|5
|
|t:|1769342791
|move|p2a: Volcanion|Steam Eruption|p1a: Milotic
|-resisted|p1a: Milotic
|-damage|p1a: Milotic|72/100 brn
|move|p1a: Milotic|Ice Beam|p2a: Volcanion
|-resisted|p2a: Volcanion
|-damage|p2a: Volcanion|93/100
|
|-heal|p2a: Volcanion|99/100|[from] item: Leftovers
|-heal|p1a: Milotic|78/100 brn|[from] item: Leftovers
|-damage|p1a: Milotic|72/100 brn|[from] brn
|upkeep
|turn|6
|
|t:|1769342801
|move|p2a: Volcanion|Taunt|p1a: Milotic
|-start|p1a: Milotic|move: Taunt
|cant|p1a: Milotic|move: Taunt|Recover
|
|-heal|p2a: Volcanion|100/100|[from] item: Leftovers
|-heal|p1a: Milotic|78/100 brn|[from] item: Leftovers
|-damage|p1a: Milotic|72/100 brn|[from] brn
|upkeep
|turn|7
|
|t:|1769342808
|move|p2a: Volcanion|Steam Eruption|p1a: Milotic
|-resisted|p1a: Milotic
|-damage|p1a: Milotic|55/100 brn
|move|p1a: Milotic|Ice Beam|p2a: Volcanion
|-resisted|p2a: Volcanion
|-damage|p2a: Volcanion|94/100
|
|-heal|p2a: Volcanion|99/100|[from] item: Leftovers
|-heal|p1a: Milotic|61/100 brn|[from] item: Leftovers
|-damage|p1a: Milotic|55/100 brn|[from] brn
|upkeep
|turn|8
|
|t:|1769342814
|move|p2a: Volcanion|Steam Eruption|p1a: Milotic
|-resisted|p1a: Milotic
|-damage|p1a: Milotic|38/100 brn
|move|p1a: Milotic|Ice Beam|p2a: Volcanion
|-resisted|p2a: Volcanion
|-damage|p2a: Volcanion|93/100
|
|-heal|p2a: Volcanion|99/100|[from] item: Leftovers
|-heal|p1a: Milotic|44/100 brn|[from] item: Leftovers
|-damage|p1a: Milotic|38/100 brn|[from] brn
|-end|p1a: Milotic|move: Taunt
|upkeep
|turn|9
|
|t:|1769342821
|switch|p1a: Gliscor|Gliscor, F, shiny|100/100
|move|p2a: Volcanion|Taunt|p1a: Gliscor
|-start|p1a: Gliscor|move: Taunt
|
|-heal|p2a: Volcanion|100/100|[from] item: Leftovers
|-status|p1a: Gliscor|tox|[from] item: Toxic Orb
|upkeep
|turn|10
|
|t:|1769342825
|move|p1a: Gliscor|Earthquake|p2a: Volcanion
|-supereffective|p2a: Volcanion
|-damage|p2a: Volcanion|42/100
|move|p2a: Volcanion|Steam Eruption|p1a: Gliscor
|-supereffective|p1a: Gliscor
|-damage|p1a: Gliscor|0 fnt
|faint|p1a: Gliscor
|
|-heal|p2a: Volcanion|48/100|[from] item: Leftovers
|upkeep
|
|t:|1769342829
|switch|p1a: Mienshao|Mienshao, M, shiny|100/100
|-damage|p1a: Mienshao|84/100|[from] Spikes
|turn|11
|
|t:|1769342834
|-terastallize|p1a: Mienshao|Dark
|move|p1a: Mienshao|Knock Off|p2a: Volcanion
|-damage|p2a: Volcanion|8/100
|-enditem|p2a: Volcanion|Leftovers|[from] move: Knock Off|[of] p1a: Mienshao
|move|p2a: Volcanion|Will-O-Wisp|p1a: Mienshao
|-status|p1a: Mienshao|brn
|
|-damage|p1a: Mienshao|78/100 brn|[from] brn
|upkeep
|turn|12
|
|t:|1769342842
|move|p1a: Mienshao|Knock Off|p2a: Volcanion
|-damage|p2a: Volcanion|0 fnt
|faint|p2a: Volcanion
|
|-damage|p1a: Mienshao|72/100 brn|[from] brn
|upkeep
|
|t:|1769342845
|switch|p2a: Landorus|Landorus-Therian, M|100/100
|-ability|p2a: Landorus|Intimidate|boost
|-fail|p1a: Mienshao|unboost|Attack|[from] ability: Inner Focus|[of] p1a: Mienshao
|turn|13
|
|t:|1769342850
|switch|p1a: Corviknight|Corviknight, F, shiny|100/100
|-ability|p1a: Corviknight|Pressure
|move|p2a: Landorus|Stealth Rock|p1a: Corviknight
|-sidestart|p1: ramoncombats95|move: Stealth Rock
|
|upkeep
|turn|14
|
|t:|1769342855
|move|p2a: Landorus|Taunt|p1a: Corviknight
|-start|p1a: Corviknight|move: Taunt
|cant|p1a: Corviknight|move: Taunt|Defog
|
|upkeep
|turn|15
|
|t:|1769342867
|move|p2a: Landorus|U-turn|p1a: Corviknight
|-resisted|p1a: Corviknight
|-damage|p1a: Corviknight|97/100
|-damage|p2a: Landorus|84/100|[from] item: Rocky Helmet|[of] p1a: Corviknight
|
|t:|1769342872
|switch|p2a: Pecharunt|Pecharunt|100/100|[from] U-turn
|move|p1a: Corviknight|Iron Head|p2a: Pecharunt
|-damage|p2a: Pecharunt|82/100
|
|upkeep
|turn|16
|
|t:|1769342878
|switch|p1a: Milotic|Milotic, M, shiny|38/100 brn
|-damage|p1a: Milotic|21/100 brn|[from] Spikes
|-damage|p1a: Milotic|9/100 brn|[from] Stealth Rock
|move|p2a: Pecharunt|Nasty Plot|p2a: Pecharunt
|-boost|p2a: Pecharunt|spa|2
|
|-heal|p1a: Milotic|15/100 brn|[from] item: Leftovers
|-damage|p1a: Milotic|9/100 brn|[from] brn
|upkeep
|turn|17
|
|t:|1769342886
|move|p2a: Pecharunt|Recover|p2a: Pecharunt
|-heal|p2a: Pecharunt|100/100
|move|p1a: Milotic|Haze|p1a: Milotic
|-clearallboost
|
|-heal|p1a: Milotic|15/100 brn|[from] item: Leftovers
|-damage|p1a: Milotic|9/100 brn|[from] brn
|upkeep
|turn|18
|
|t:|1769342891
|move|p2a: Pecharunt|Nasty Plot|p2a: Pecharunt
|-boost|p2a: Pecharunt|spa|2
|move|p1a: Milotic|Scald|p2a: Pecharunt
|-damage|p2a: Pecharunt|61/100
|
|-heal|p1a: Milotic|15/100 brn|[from] item: Leftovers
|-damage|p1a: Milotic|9/100 brn|[from] brn
|upkeep
|turn|19
|
|t:|1769342893
|move|p2a: Pecharunt|Shadow Ball|p1a: Milotic
|-damage|p1a: Milotic|0 fnt
|faint|p1a: Milotic
|
|upkeep
|
|t:|1769342897
|switch|p1a: Lokix|Lokix, M, shiny|100/100
|-damage|p1a: Lokix|84/100|[from] Spikes
|-damage|p1a: Lokix|59/100|[from] Stealth Rock
|turn|20
|
|t:|1769342901
|move|p1a: Lokix|Knock Off|p2a: Pecharunt
|-supereffective|p2a: Pecharunt
|-damage|p2a: Pecharunt|0 fnt
|-enditem|p2a: Pecharunt|Heavy-Duty Boots|[from] move: Knock Off|[of] p1a: Lokix
|faint|p2a: Pecharunt
|-damage|p1a: Lokix|49/100|[from] item: Life Orb
|
|upkeep
|
|t:|1769342905
|switch|p2a: Landorus|Landorus-Therian, M|84/100
|-ability|p2a: Landorus|Intimidate|boost
|-unboost|p1a: Lokix|atk|1
|turn|21
|
|t:|1769342910
|move|p1a: Lokix|Swords Dance|p1a: Lokix
|-boost|p1a: Lokix|atk|2
|move|p2a: Landorus|U-turn|p1a: Lokix
|-supereffective|p1a: Lokix
|-damage|p1a: Lokix|0 fnt
|faint|p1a: Lokix
|
|t:|1769342917
|switch|p2a: Mabosstiff|Mabosstiff, M, shiny|100/100|[from] U-turn
|
|upkeep
|
|t:|1769342934
|switch|p1a: Corviknight|Corviknight, F, shiny|97/100
|-damage|p1a: Corviknight|85/100|[from] Stealth Rock
|-ability|p1a: Corviknight|Pressure
|turn|22
|
|t:|1769342937
|move|p2a: Mabosstiff|Jaw Lock|p1a: Corviknight
|-crit|p1a: Corviknight
|-damage|p1a: Corviknight|43/100
|-activate|p2a: Mabosstiff|trapped
|-activate|p1a: Corviknight|trapped
|-damage|p2a: Mabosstiff|84/100|[from] item: Rocky Helmet|[of] p1a: Corviknight
|move|p1a: Corviknight|Defog|p2a: Mabosstiff
|-unboost|p2a: Mabosstiff|evasion|1
|-sideend|p1: ramoncombats95|Spikes|[from] move: Defog|[of] p1a: Corviknight
|-sideend|p1: ramoncombats95|Stealth Rock|[from] move: Defog|[of] p1a: Corviknight
|
|upkeep
|turn|23
|
|t:|1769342944
|move|p2a: Mabosstiff|Hone Claws|p2a: Mabosstiff
|-boost|p2a: Mabosstiff|atk|1
|-boost|p2a: Mabosstiff|accuracy|1
|move|p1a: Corviknight|Roost|p1a: Corviknight
|-heal|p1a: Corviknight|93/100
|-singleturn|p1a: Corviknight|move: Roost
|
|upkeep
|turn|24
|
|t:|1769342954
|move|p2a: Mabosstiff|Hone Claws|p2a: Mabosstiff
|-boost|p2a: Mabosstiff|atk|1
|-boost|p2a: Mabosstiff|accuracy|1
|move|p1a: Corviknight|Bulk Up|p1a: Corviknight
|-boost|p1a: Corviknight|atk|1
|-boost|p1a: Corviknight|def|1
|
|upkeep
|turn|25
|
|t:|1769342959
|move|p2a: Mabosstiff|Hone Claws|p2a: Mabosstiff
|-boost|p2a: Mabosstiff|atk|1
|-boost|p2a: Mabosstiff|accuracy|1
|move|p1a: Corviknight|Bulk Up|p1a: Corviknight
|-boost|p1a: Corviknight|atk|1
|-boost|p1a: Corviknight|def|1
|
|upkeep
|turn|26
|
|t:|1769342965
|-terastallize|p2a: Mabosstiff|Bug
|move|p2a: Mabosstiff|Hone Claws|p2a: Mabosstiff
|-boost|p2a: Mabosstiff|atk|1
|-boost|p2a: Mabosstiff|accuracy|1
|move|p1a: Corviknight|Bulk Up|p1a: Corviknight
|-boost|p1a: Corviknight|atk|1
|-boost|p1a: Corviknight|def|1
|
|upkeep
|turn|27
|
|t:|1769342972
|move|p2a: Mabosstiff|Hone Claws|p2a: Mabosstiff
|-boost|p2a: Mabosstiff|atk|1
|-boost|p2a: Mabosstiff|accuracy|1
|move|p1a: Corviknight|Bulk Up|p1a: Corviknight
|-boost|p1a: Corviknight|atk|1
|-boost|p1a: Corviknight|def|1
|
|upkeep
|turn|28
|
|t:|1769342974
|move|p2a: Mabosstiff|Trailblaze|p1a: Corviknight
|-resisted|p1a: Corviknight
|-damage|p1a: Corviknight|91/100
|-boost|p2a: Mabosstiff|spe|1
|-damage|p2a: Mabosstiff|68/100|[from] item: Rocky Helmet|[of] p1a: Corviknight
|move|p1a: Corviknight|Bulk Up|p1a: Corviknight
|-boost|p1a: Corviknight|atk|1
|-boost|p1a: Corviknight|def|1
|
|upkeep
|turn|29
|
|t:|1769342982
|move|p2a: Mabosstiff|Jaw Lock|p1a: Corviknight
|-damage|p1a: Corviknight|64/100
|-damage|p2a: Mabosstiff|51/100|[from] item: Rocky Helmet|[of] p1a: Corviknight
|move|p1a: Corviknight|Bulk Up|p1a: Corviknight
|-boost|p1a: Corviknight|atk|1
|-boost|p1a: Corviknight|def|1
|
|upkeep
|turn|30
|
|t:|1769343009
|move|p2a: Mabosstiff|Jaw Lock|p1a: Corviknight
|-damage|p1a: Corviknight|40/100
|-damage|p2a: Mabosstiff|35/100|[from] item: Rocky Helmet|[of] p1a: Corviknight
|move|p1a: Corviknight|Roost|p1a: Corviknight
|-heal|p1a: Corviknight|90/100
|-singleturn|p1a: Corviknight|move: Roost
|
|upkeep
|turn|31
|
|t:|1769343016
|move|p2a: Mabosstiff|Jaw Lock|p1a: Corviknight
|-damage|p1a: Corviknight|69/100
|-damage|p2a: Mabosstiff|18/100|[from] item: Rocky Helmet|[of] p1a: Corviknight
|move|p1a: Corviknight|Iron Head|p2a: Mabosstiff
|-crit|p2a: Mabosstiff
|-damage|p2a: Mabosstiff|0 fnt
|faint|p2a: Mabosstiff
|
|upkeep
|
|t:|1769343023
|switch|p2a: Iron Valiant|Iron Valiant|100/100
|-enditem|p2a: Iron Valiant|Booster Energy
|-activate|p2a: Iron Valiant|ability: Quark Drive|[fromitem]
|-start|p2a: Iron Valiant|quarkdrivespe
|turn|32
|
|t:|1769343026
|move|p2a: Iron Valiant|Moonblast|p1a: Corviknight
|-resisted|p1a: Corviknight
|-damage|p1a: Corviknight|52/100
|move|p1a: Corviknight|Iron Head|p2a: Iron Valiant
|-supereffective|p2a: Iron Valiant
|-damage|p2a: Iron Valiant|0 fnt
|faint|p2a: Iron Valiant
|-end|p2a: Iron Valiant|Quark Drive|[silent]
|
|upkeep
|
|t:|1769343029
|switch|p2a: Landorus|Landorus-Therian, M|84/100
|-ability|p2a: Landorus|Intimidate|boost
|-unboost|p1a: Corviknight|atk|1
|turn|33
|
|t:|1769343032
|move|p2a: Landorus|U-turn|p1a: Corviknight
|-resisted|p1a: Corviknight
|-damage|p1a: Corviknight|51/100
|-damage|p2a: Landorus|67/100|[from] item: Rocky Helmet|[of] p1a: Corviknight
|move|p1a: Corviknight|Iron Head|p2a: Landorus
|-damage|p2a: Landorus|0 fnt
|-damage|p1a: Corviknight|35/100|[from] item: Rocky Helmet|[of] p2a: Landorus
|faint|p2a: Landorus
|
|win|ramoncombats95
|raw|ramoncombats95's rating: 1206 &rarr; <strong>1233</strong><br />(+27 for winning)
|raw|newbiemee's rating: 1236 &rarr; <strong>1209</strong><br />(-27 for losing)
|l|☆ramoncombats95
|player|p1|
|l|☆newbiemee
|player|p2|
