|j|☆chuchu77
|j|☆pinkwalll
|t:|1769410811
|gametype|singles
|player|p1|chuchu77|170|1418
|player|p2|pinkwalll|battlegirl|1475
|gen|9
|tier|[Gen 9] OU
|rated|
|rule|HP Percentage Mod: HP is shown in percentages
|rule|Endless Battle Clause: Forcing endless battles is banned
|rule|Species Clause: Limit one of each Pokémon
|rule|OHKO Clause: OHKO moves are banned
|rule|Evasion Items Clause: Evasion items are banned
|rule|Evasion Moves Clause: Evasion moves are banned
|rule|Evasion Abilities Clause: Evasion abilities are banned
|rule|Sleep Moves Clause: Sleep-inducing moves are banned
|clearpoke
|poke|p1|Ursaluna, F|
|poke|p1|Cresselia, F|
|poke|p1|Hatterene, F|
|poke|p1|Iron Hands|
|poke|p1|Volcanion|
|poke|p1|Porygon2|
|poke|p2|Torkoal, F|
|poke|p2|Scovillain, M|
|poke|p2|Walking Wake|
|poke|p2|Hatterene, F|
|poke|p2|Great Tusk|
|poke|p2|Ceruledge, F|
|teampreview
|inactive|Battle timer is ON: inactive players will automatically lose when time's up. (requested by pinkwalll)
|
|t:|1769410824
|teamsize|p1|6
|teamsize|p2|6
|start
|switch|p1a: Porygon2|Porygon2, shiny|100/100
|switch|p2a: Torkoal|Torkoal, F|100/100
|-ability|p1a: Porygon2|Download|boost
|-boost|p1a: Porygon2|spa|1
|-weather|SunnyDay|[from] ability: Drought|[of] p2a: Torkoal
|turn|1
|
|t:|1769410831
|switch|p2a: Hatterene|Hatterene, F, shiny|100/100
|move|p1a: Porygon2|Trick Room|p1a: Porygon2
|-fieldstart|move: Trick Room|[of] p1a: Porygon2
|
|-weather|SunnyDay|[upkeep]
|upkeep
|turn|2
|
|t:|1769410836
|move|p2a: Hatterene|Mystical Fire|p1a: Porygon2
|-damage|p1a: Porygon2|80/100
|-unboost|p1a: Porygon2|spa|1
|move|p1a: Porygon2|Tera Blast|p2a: Hatterene
|-damage|p2a: Hatterene|62/100
|-enditem|p2a: Hatterene|Eject Button
|
|t:|1769410852
|switch|p2a: Ceruledge|Ceruledge, F|100/100
|
|-weather|SunnyDay|[upkeep]
|upkeep
|turn|3
|
|t:|1769410858
|-terastallize|p1a: Porygon2|Ground
|move|p1a: Porygon2|Tera Blast|p2a: Ceruledge|[anim] Tera Blast Ground
|-supereffective|p2a: Ceruledge
|-damage|p2a: Ceruledge|3/100
|move|p2a: Ceruledge|Swords Dance|p2a: Ceruledge
|-boost|p2a: Ceruledge|atk|2
|
|-weather|SunnyDay|[upkeep]
|upkeep
|turn|4
|
|t:|1769410870
|move|p2a: Ceruledge|Shadow Sneak|p1a: Porygon2
|-damage|p1a: Porygon2|51/100
|move|p1a: Porygon2|Tera Blast|p2a: Ceruledge|[anim] Tera Blast Ground
|-supereffective|p2a: Ceruledge
|-damage|p2a: Ceruledge|0 fnt
|faint|p2a: Ceruledge
|
|-weather|SunnyDay|[upkeep]
|upkeep
|
|t:|1769410885
|switch|p2a: Hatterene|Hatterene, F, shiny|62/100
|turn|5
|
|t:|1769410900
|switch|p1a: Cresselia|Cresselia, F, shiny|100/100
|move|p2a: Hatterene|Mystical Fire|p1a: Cresselia
|-damage|p1a: Cresselia|78/100
|-unboost|p1a: Cresselia|spa|1
|
|-weather|SunnyDay|[upkeep]
|-fieldend|move: Trick Room
|upkeep
|turn|6
|
|t:|1769410909
|move|p2a: Hatterene|Mystical Fire|p1a: Cresselia
|-damage|p1a: Cresselia|56/100
|-unboost|p1a: Cresselia|spa|1
|move|p1a: Cresselia|Trick Room|p1a: Cresselia
|-fieldstart|move: Trick Room|[of] p1a: Cresselia
|
|-weather|SunnyDay|[upkeep]
|upkeep
|turn|7
|
|t:|1769410915
|switch|p1a: Volcanion|Volcanion|100/100
|move|p2a: Hatterene|Draining Kiss|p1a: Volcanion
|-resisted|p1a: Volcanion
|-damage|p1a: Volcanion|89/100
|-heal|p2a: Hatterene|71/100|[from] drain|[of] p1a: Volcanion
|
|-weather|SunnyDay|[upkeep]
|upkeep
|turn|8
|
|t:|1769410924
|move|p2a: Hatterene|Psyshock|p1a: Volcanion
|-damage|p1a: Volcanion|61/100
|move|p1a: Volcanion|Sludge Bomb|p2a: Hatterene
|-supereffective|p2a: Hatterene
|-damage|p2a: Hatterene|0 fnt
|faint|p2a: Hatterene
|
|-weather|none
|upkeep
|
|t:|1769410928
|switch|p2a: Torkoal|Torkoal, F|100/100
|-weather|SunnyDay|[from] ability: Drought|[of] p2a: Torkoal
|turn|9
|
|t:|1769410934
|switch|p1a: Cresselia|Cresselia, F, shiny|56/100
|move|p2a: Torkoal|Earthquake|p1a: Cresselia
|-immune|p1a: Cresselia|[from] ability: Levitate
|
|-weather|SunnyDay|[upkeep]
|upkeep
|turn|10
|
|t:|1769410942
|switch|p2a: Walking Wake|Walking Wake|100/100
|-activate|p2a: Walking Wake|ability: Protosynthesis
|-start|p2a: Walking Wake|protosynthesisspa
|move|p1a: Cresselia|Moonlight|p1a: Cresselia
|-heal|p1a: Cresselia|100/100
|
|-weather|SunnyDay|[upkeep]
|-fieldend|move: Trick Room
|upkeep
|turn|11
|
|t:|1769410949
|-terastallize|p2a: Walking Wake|Water
|move|p2a: Walking Wake|Hydro Steam|p1a: Cresselia
|-damage|p1a: Cresselia|0 fnt
|faint|p1a: Cresselia
|
|-weather|SunnyDay|[upkeep]
|upkeep
|
|t:|1769410954
|switch|p1a: Hatterene|Hatterene, F, shiny|100/100
|turn|12
|
|t:|1769410958
|move|p2a: Walking Wake|Hydro Steam|p1a: Hatterene
|-enditem|p1a: Hatterene|Focus Sash
|-damage|p1a: Hatterene|1/100
|move|p1a: Hatterene|Trick Room|p1a: Hatterene
|-fieldstart|move: Trick Room|[of] p1a: Hatterene
|
|-weather|SunnyDay|[upkeep]
|upkeep
|turn|13
|
|t:|1769410964
|switch|p1a: Volcanion|Volcanion|61/100
|-end|p2a: Walking Wake|Protosynthesis|[silent]
|switch|p2a: Scovillain|Scovillain, M|100/100
|
|-weather|SunnyDay|[upkeep]
|upkeep
|turn|14
|
|t:|1769410974
|move|p1a: Volcanion|Sludge Bomb|p2a: Scovillain
|-supereffective|p2a: Scovillain
|-damage|p2a: Scovillain|0 fnt
|faint|p2a: Scovillain
|
|-weather|SunnyDay|[upkeep]
|upkeep
|
|t:|1769410976
|switch|p2a: Don|Great Tusk, shiny|100/100
|-activate|p2a: Don|ability: Protosynthesis
|-start|p2a: Don|protosynthesisatk
|turn|15
|j| nana baba
|
|t:|1769410984
|switch|p1a: Hatterene|Hatterene, F, shiny|1/100
|move|p2a: Don|Headlong Rush|p1a: Hatterene
|-damage|p1a: Hatterene|0 fnt
|-unboost|p2a: Don|def|1
|-unboost|p2a: Don|spd|1
|faint|p1a: Hatterene
|
|-weather|SunnyDay|[upkeep]
|upkeep
|
|t:|1769410986
|switch|p1a: Porygon2|Porygon2, shiny, tera:Ground|51/100
|-ability|p1a: Porygon2|Download|boost
|-boost|p1a: Porygon2|spa|1
|turn|16
|
|t:|1769410992
|move|p1a: Porygon2|Ice Beam|p2a: Don
|-supereffective|p2a: Don
|-damage|p2a: Don|0 fnt
|faint|p2a: Don
|-end|p2a: Don|Protosynthesis|[silent]
|
|-weather|none
|-fieldend|move: Trick Room
|upkeep
|
|t:|1769410997
|switch|p2a: Walking Wake|Walking Wake, tera:Water|100/100
|turn|17
|
|t:|1769411001
|switch|p1a: Volcanion|Volcanion|61/100
|move|p2a: Walking Wake|Hydro Steam|p1a: Volcanion
|-heal|p1a: Volcanion|86/100|[from] ability: Water Absorb|[of] p2a: Walking Wake
|
|upkeep
|turn|18
|
|t:|1769411009
|-end|p2a: Walking Wake|Protosynthesis|[silent]
|switch|p2a: Torkoal|Torkoal, F|100/100
|-weather|SunnyDay|[from] ability: Drought|[of] p2a: Torkoal
|move|p1a: Volcanion|Earth Power|p2a: Torkoal
|-supereffective|p2a: Torkoal
|-damage|p2a: Torkoal|0 fnt
|faint|p2a: Torkoal
|
|-weather|SunnyDay|[upkeep]
|upkeep
|
|t:|1769411012
|switch|p2a: Walking Wake|Walking Wake, tera:Water|100/100
|-activate|p2a: Walking Wake|ability: Protosynthesis
|-start|p2a: Walking Wake|protosynthesisspa
|turn|19
|
|t:|1769411022
|switch|p1a: Porygon2|Porygon2, shiny, tera:Ground|51/100
|-ability|p1a: Porygon2|Download|boost
|-boost|p1a: Porygon2|spa|1
|move|p2a: Walking Wake|Dragon Pulse|p1a: Porygon2
|-damage|p1a: Porygon2|0 fnt
|faint|p1a: Porygon2
|
|-weather|SunnyDay|[upkeep]
|upkeep
|
|t:|1769411029
|switch|p1a: Ursaluna|Ursaluna, F, shiny|100/100
|turn|20
|
|t:|1769411033
|move|p1a: Ursaluna|Protect|p1a: Ursaluna
|-singleturn|p1a: Ursaluna|Protect
|move|p2a: Walking Wake|Dragon Pulse|p1a: Ursaluna
|-activate|p1a: Ursaluna|move: Protect
|
|-weather|SunnyDay|[upkeep]
|-status|p1a: Ursaluna|brn|[from] item: Flame Orb
|upkeep
|turn|21
|
|t:|1769411038
|move|p2a: Walking Wake|Dragon Pulse|p1a: Ursaluna
|-damage|p1a: Ursaluna|10/100 brn
|move|p1a: Ursaluna|Facade|p2a: Walking Wake
|-damage|p2a: Walking Wake|0 fnt
|faint|p2a: Walking Wake
|-end|p2a: Walking Wake|Protosynthesis|[silent]
|
|win|chuchu77
|raw|chuchu77's rating: 1418 &rarr; <strong>1441</strong><br />(+23 for winning)
|raw|pinkwalll's rating: 1475 &rarr; <strong>1452</strong><br />(-23 for losing)
|l|☆pinkwalll
|player|p2|
