|j|☆Sirpfryer
|j|☆Moltov91
|t:|1769407466
|gametype|singles
|player|p1|Sirpfryer|1|1213
|player|p2|Moltov91|265|1231
|gen|9
|tier|[Gen 9] OU
|rated|
|rule|HP Percentage Mod: HP is shown in percentages
|rule|Endless Battle Clause: Forcing endless battles is banned
|rule|Species Clause: Limit one of each Pokémon
|rule|OHKO Clause: OHKO moves are banned
|rule|Evasion Items Clause: Evasion items are banned
|rule|Evasion Moves Clause: Evasion moves are banned
|rule|Evasion Abilities Clause: Evasion abilities are banned
|rule|Sleep Moves Clause: Sleep-inducing moves are banned
|clearpoke
|poke|p1|Dragonite, M|
|poke|p1|Greninja-*, M|
|poke|p1|Garchomp, M|
|poke|p1|Scizor, M|
|poke|p1|Rillaboom, M|
|poke|p1|Charizard, M|
|poke|p2|Weavile, M|
|poke|p2|Tyranitar, M|
|poke|p2|Garchomp, F|
|poke|p2|Heatran, F|
|poke|p2|Slowking, M|
|poke|p2|Tornadus-Therian, M|
|teampreview
|
|t:|1769407480
|teamsize|p1|6
|teamsize|p2|6
|start
|switch|p1a: Greninja|Greninja, M|100/100
|switch|p2a: Tyranitar|Tyranitar, M|100/100
|-weather|Sandstorm|[from] ability: Sand Stream|[of] p2a: Tyranitar
|turn|1
|
|t:|1769407491
|switch|p2a: Slowking|Slowking, M|100/100
|move|p1a: Greninja|Surf|p2a: Slowking
|-resisted|p2a: Slowking
|-damage|p2a: Slowking|89/100
|
|-weather|Sandstorm|[upkeep]
|-damage|p1a: Greninja|95/100|[from] Sandstorm
|-damage|p2a: Slowking|83/100|[from] Sandstorm
|upkeep
|turn|2
|
|t:|1769407496
|move|p1a: Greninja|Dark Pulse|p2a: Slowking
|-supereffective|p2a: Slowking
|-damage|p2a: Slowking|29/100
|move|p2a: Slowking|Thunder Wave|p1a: Greninja
|-status|p1a: Greninja|par
|
|-weather|Sandstorm|[upkeep]
|-damage|p1a: Greninja|89/100 par|[from] Sandstorm
|-damage|p2a: Slowking|23/100|[from] Sandstorm
|upkeep
|turn|3
|
|t:|1769407515
|switch|p2a: Tornadus|Tornadus-Therian, M|100/100
|move|p1a: Greninja|Dark Pulse|p2a: Tornadus
|-damage|p2a: Tornadus|58/100
|
|-weather|Sandstorm|[upkeep]
|-damage|p2a: Tornadus|52/100|[from] Sandstorm
|-damage|p1a: Greninja|83/100 par|[from] Sandstorm
|upkeep
|turn|4
|
|t:|1769407525
|move|p2a: Tornadus|U-turn|p1a: Greninja
|-supereffective|p1a: Greninja
|-damage|p1a: Greninja|36/100 par
|
|t:|1769407536
|switch|p2a: Slowking|Slowking, M|56/100|[from] U-turn
|cant|p1a: Greninja|par
|
|-weather|Sandstorm|[upkeep]
|-damage|p1a: Greninja|30/100 par|[from] Sandstorm
|-damage|p2a: Slowking|50/100|[from] Sandstorm
|upkeep
|turn|5
|
|t:|1769407545
|move|p1a: Greninja|Dark Pulse|p2a: Slowking
|-supereffective|p2a: Slowking
|-damage|p2a: Slowking|0 fnt
|faint|p2a: Slowking
|-ability|p1a: Greninja|Battle Bond|boost
|-boost|p1a: Greninja|atk|1
|-boost|p1a: Greninja|spa|1
|-boost|p1a: Greninja|spe|1
|-activate|p1a: Greninja|ability: Battle Bond
|
|-weather|none
|upkeep
|
|t:|1769407557
|switch|p2a: Tornadus|Tornadus-Therian, M|85/100
|turn|6
|
|t:|1769407563
|move|p2a: Tornadus|Knock Off|p1a: Greninja
|-resisted|p1a: Greninja
|-damage|p1a: Greninja|15/100 par
|-enditem|p1a: Greninja|Expert Belt|[from] move: Knock Off|[of] p2a: Tornadus
|move|p1a: Greninja|Ice Beam|p2a: Tornadus
|-supereffective|p2a: Tornadus
|-damage|p2a: Tornadus|0 fnt
|faint|p2a: Tornadus
|
|upkeep
|
|t:|1769407566
|switch|p2a: Weavile|Weavile, M|100/100
|turn|7
|
|t:|1769407572
|move|p2a: Weavile|Ice Shard|p1a: Greninja
|-resisted|p1a: Greninja
|-damage|p1a: Greninja|0 fnt
|faint|p1a: Greninja
|
|upkeep
|
|t:|1769407577
|switch|p1a: Charizard|Charizard, M|100/100
|turn|8
|
|t:|1769407586
|switch|p2a: Tyranitar|Tyranitar, M|100/100
|-weather|Sandstorm|[from] ability: Sand Stream|[of] p2a: Tyranitar
|move|p1a: Charizard|Flamethrower|p2a: Tyranitar
|-resisted|p2a: Tyranitar
|-damage|p2a: Tyranitar|89/100
|-status|p2a: Tyranitar|brn
|
|-weather|Sandstorm|[upkeep]
|-damage|p1a: Charizard|94/100|[from] Sandstorm
|-damage|p2a: Tyranitar|82/100 brn|[from] brn
|upkeep
|turn|9
|
|t:|1769407596
|-terastallize|p1a: Charizard|Ground
|move|p1a: Charizard|Scorching Sands|p2a: Tyranitar
|-supereffective|p2a: Tyranitar
|-damage|p2a: Tyranitar|45/100 brn
|move|p2a: Tyranitar|Stealth Rock|p1a: Charizard
|-sidestart|p1: Sirpfryer|move: Stealth Rock
|
|-weather|Sandstorm|[upkeep]
|-damage|p2a: Tyranitar|39/100 brn|[from] brn
|upkeep
|turn|10
|
|t:|1769407608
|move|p1a: Charizard|Scorching Sands|p2a: Tyranitar
|-supereffective|p2a: Tyranitar
|-damage|p2a: Tyranitar|3/100 brn
|move|p2a: Tyranitar|Ice Punch|p1a: Charizard
|-supereffective|p1a: Charizard
|-damage|p1a: Charizard|52/100
|-status|p1a: Charizard|frz
|
|-weather|Sandstorm|[upkeep]
|-damage|p2a: Tyranitar|0 fnt|[from] brn
|faint|p2a: Tyranitar
|upkeep
|
|t:|1769407617
|switch|p2a: Garchomp|Garchomp, F|100/100
|turn|11
|
|t:|1769407627
|move|p2a: Garchomp|Swords Dance|p2a: Garchomp
|-boost|p2a: Garchomp|atk|2
|-curestatus|p1a: Charizard|frz|[msg]
|move|p1a: Charizard|Roar|p2a: Garchomp
|drag|p2a: Weavile|Weavile, M|100/100
|
|-weather|Sandstorm|[upkeep]
|-damage|p2a: Weavile|94/100|[from] Sandstorm
|upkeep
|turn|12
|
|t:|1769407646
|move|p2a: Weavile|Triple Axel|p1a: Charizard
|-supereffective|p1a: Charizard
|-damage|p1a: Charizard|9/100
|-supereffective|p1a: Charizard
|-damage|p1a: Charizard|0 fnt
|faint|p1a: Charizard
|-hitcount|p1: Charizard|2
|
|-weather|none
|upkeep
|
|t:|1769407650
|switch|p1a: Scizor|Scizor, M|100/100
|-damage|p1a: Scizor|88/100|[from] Stealth Rock
|turn|13
|
|t:|1769407654
|switch|p2a: Heatran|Heatran, F, shiny|100/100
|move|p1a: Scizor|Bullet Punch|p2a: Heatran
|-resisted|p2a: Heatran
|-damage|p2a: Heatran|89/100
|
|upkeep
|turn|14
|
|t:|1769407668
|switch|p1a: Garchomp|Garchomp, M|100/100
|-damage|p1a: Garchomp|94/100|[from] Stealth Rock
|move|p2a: Heatran|Magma Storm|p1a: Garchomp
|-resisted|p1a: Garchomp
|-damage|p1a: Garchomp|67/100
|-activate|p1a: Garchomp|move: Magma Storm|[of] p2a: Heatran
|
|-damage|p1a: Garchomp|55/100|[from] move: Magma Storm|[partiallytrapped]
|upkeep
|turn|15
|
|t:|1769407681
|-terastallize|p2a: Heatran|Grass
|move|p1a: Garchomp|Earthquake|p2a: Heatran
|-resisted|p2a: Heatran
|-damage|p2a: Heatran|73/100
|move|p2a: Heatran|Will-O-Wisp|p1a: Garchomp|[miss]
|-miss|p2a: Heatran|p1a: Garchomp
|
|-damage|p1a: Garchomp|42/100|[from] move: Magma Storm|[partiallytrapped]
|upkeep
|turn|16
|
|t:|1769407695
|move|p1a: Garchomp|Poison Jab|p2a: Heatran
|-supereffective|p2a: Heatran
|-damage|p2a: Heatran|33/100
|move|p2a: Heatran|Earth Power|p1a: Garchomp
|-damage|p1a: Garchomp|9/100
|
|-damage|p1a: Garchomp|0 fnt|[from] move: Magma Storm|[partiallytrapped]
|faint|p1a: Garchomp
|upkeep
|
|t:|1769407699
|switch|p1a: Scizor|Scizor, M|88/100
|-damage|p1a: Scizor|76/100|[from] Stealth Rock
|turn|17
|
|t:|1769407713
|move|p1a: Scizor|Dual Wingbeat|p2a: Heatran
|-supereffective|p2a: Heatran
|-crit|p2a: Heatran
|-damage|p2a: Heatran|0 fnt
|faint|p2a: Heatran
|-hitcount|p2: Heatran|1
|
|upkeep
|
|t:|1769407716
|switch|p2a: Garchomp|Garchomp, F|100/100
|turn|18
|
|t:|1769407725
|move|p2a: Garchomp|Flamethrower|p1a: Scizor
|-supereffective|p1a: Scizor
|-damage|p1a: Scizor|0 fnt
|faint|p1a: Scizor
|
|upkeep
|
|t:|1769407734
|switch|p1a: Dragonite|Dragonite, M, shiny|100/100
|-damage|p1a: Dragonite|75/100|[from] Stealth Rock
|turn|19
|
|t:|1769407741
|move|p2a: Garchomp|Scale Shot|p1a: Dragonite
|-supereffective|p1a: Dragonite
|-damage|p1a: Dragonite|45/100
|-supereffective|p1a: Dragonite
|-damage|p1a: Dragonite|15/100
|-supereffective|p1a: Dragonite
|-damage|p1a: Dragonite|0 fnt
|faint|p1a: Dragonite
|-hitcount|p1: Dragonite|3
|-unboost|p2a: Garchomp|def|1
|-boost|p2a: Garchomp|spe|1
|
|upkeep
|-message|Sirpfryer forfeited.
|
|win|Moltov91
|raw|Sirpfryer's rating: 1213 &rarr; <strong>1189</strong><br />(-24 for losing)
|raw|Moltov91's rating: 1231 &rarr; <strong>1255</strong><br />(+24 for winning)
|l|☆Sirpfryer
|player|p1|
|l|☆Moltov91
|player|p2|
