|j|☆kuzwa
|j|☆aerodynamite
|t:|1769380909
|gametype|singles
|player|p1|kuzwa|clerk|1276
|player|p2|aerodynamite|unknown|1246
|gen|9
|tier|[Gen 9] OU
|rated|
|rule|HP Percentage Mod: HP is shown in percentages
|rule|Endless Battle Clause: Forcing endless battles is banned
|rule|Species Clause: Limit one of each Pokémon
|rule|OHKO Clause: OHKO moves are banned
|rule|Evasion Items Clause: Evasion items are banned
|rule|Evasion Moves Clause: Evasion moves are banned
|rule|Evasion Abilities Clause: Evasion abilities are banned
|rule|Sleep Moves Clause: Sleep-inducing moves are banned
|clearpoke
|poke|p1|Dragapult, M|
|poke|p1|Great Tusk|
|poke|p1|Slowking-Galar, M|
|poke|p1|Grafaiai, M|
|poke|p1|Alomomola, M|
|poke|p1|Weezing-Galar, M|
|poke|p2|Rillaboom, F|
|poke|p2|Zarude-Dada|
|poke|p2|Slaking, F|
|poke|p2|Munkidori, M|
|poke|p2|Infernape, F|
|poke|p2|Ambipom, F|
|teampreview
|inactive|Battle timer is ON: inactive players will automatically lose when time's up. (requested by kuzwa)
|
|t:|1769380938
|teamsize|p1|6
|teamsize|p2|6
|start
|switch|p1a: Love and ABCs|Dragapult, M|100/100
|switch|p2a: Ambipom|Ambipom, F|100/100
|turn|1
|
|t:|1769380947
|move|p1a: Love and ABCs|Will-O-Wisp|p2a: Ambipom
|-status|p2a: Ambipom|brn
|move|p2a: Ambipom|Triple Axel|p1a: Love and ABCs
|-supereffective|p1a: Love and ABCs
|-damage|p1a: Love and ABCs|88/100
|-hitcount|p1a: Love and ABCs|1
|
|-damage|p2a: Ambipom|94/100 brn|[from] brn
|upkeep
|turn|2
|
|t:|1769380957
|move|p1a: Love and ABCs|U-turn|p2a: Ambipom
|-damage|p2a: Ambipom|69/100 brn
|
|t:|1769380958
|switch|p1a: Dealer|Great Tusk|100/100|[from] U-turn
|move|p2a: Ambipom|Knock Off|p1a: Dealer
|-resisted|p1a: Dealer
|-damage|p1a: Dealer|96/100
|-enditem|p1a: Dealer|Leftovers|[from] move: Knock Off|[of] p2a: Ambipom
|
|-damage|p2a: Ambipom|62/100 brn|[from] brn
|upkeep
|turn|3
|
|t:|1769380969
|move|p2a: Ambipom|Triple Axel|p1a: Dealer
|-supereffective|p1a: Dealer
|-damage|p1a: Dealer|90/100
|-supereffective|p1a: Dealer
|-damage|p1a: Dealer|78/100
|-hitcount|p1a: Dealer|2
|move|p1a: Dealer|Stealth Rock|p2a: Ambipom
|-sidestart|p2: aerodynamite|move: Stealth Rock
|
|-damage|p2a: Ambipom|56/100 brn|[from] brn
|upkeep
|turn|4
|
|t:|1769380979
|move|p2a: Ambipom|U-turn|p1a: Dealer
|-resisted|p1a: Dealer
|-damage|p1a: Dealer|74/100
|
|t:|1769380983
|switch|p2a: Rillaboom|Rillaboom, F|100/100|[from] U-turn
|-damage|p2a: Rillaboom|88/100|[from] Stealth Rock
|-fieldstart|move: Grassy Terrain|[from] ability: Grassy Surge|[of] p2a: Rillaboom
|move|p1a: Dealer|Rapid Spin|p2a: Rillaboom
|-damage|p2a: Rillaboom|71/100
|-boost|p1a: Dealer|spe|1
|
|-heal|p1a: Dealer|80/100|[from] Grassy Terrain
|-heal|p2a: Rillaboom|77/100|[from] Grassy Terrain
|upkeep
|turn|5
|
|t:|1769380997
|move|p2a: Rillaboom|Grassy Glide|p1a: Dealer
|-supereffective|p1a: Dealer
|-damage|p1a: Dealer|32/100
|move|p1a: Dealer|Ice Spinner|p2a: Rillaboom
|-supereffective|p2a: Rillaboom
|-damage|p2a: Rillaboom|24/100
|-fieldend|move: Grassy Terrain
|
|upkeep
|turn|6
|
|t:|1769381007
|switch|p2a: Ambipom|Ambipom, F|56/100 brn
|move|p1a: Dealer|Ice Spinner|p2a: Ambipom
|-damage|p2a: Ambipom|8/100 brn
|
|-damage|p2a: Ambipom|2/100 brn|[from] brn
|upkeep
|turn|7
|
|t:|1769381016
|move|p2a: Ambipom|Fake Out|p1a: Dealer
|-damage|p1a: Dealer|24/100
|cant|p1a: Dealer|flinch
|
|-damage|p2a: Ambipom|0 fnt|[from] brn
|faint|p2a: Ambipom
|upkeep
|
|t:|1769381025
|switch|p2a: Rillaboom|Rillaboom, F|24/100
|-damage|p2a: Rillaboom|11/100|[from] Stealth Rock
|-fieldstart|move: Grassy Terrain|[from] ability: Grassy Surge|[of] p2a: Rillaboom
|turn|8
|
|t:|1769381032
|-end|p1a: Dealer|Protosynthesis|[silent]
|switch|p1a: Miracle Musical|Slowking-Galar, M|100/100
|move|p2a: Rillaboom|Grassy Glide|p1a: Miracle Musical
|-resisted|p1a: Miracle Musical
|-damage|p1a: Miracle Musical|78/100
|
|-heal|p2a: Rillaboom|17/100|[from] Grassy Terrain
|-heal|p1a: Miracle Musical|84/100|[from] Grassy Terrain
|upkeep
|turn|9
|
|t:|1769381051
|move|p2a: Rillaboom|Knock Off|p1a: Miracle Musical
|-supereffective|p1a: Miracle Musical
|-damage|p1a: Miracle Musical|6/100
|-enditem|p1a: Miracle Musical|Heavy-Duty Boots|[from] move: Knock Off|[of] p2a: Rillaboom
|move|p1a: Miracle Musical|Future Sight|p2a: Rillaboom
|-start|p1a: Miracle Musical|move: Future Sight
|
|-heal|p2a: Rillaboom|23/100|[from] Grassy Terrain
|-heal|p1a: Miracle Musical|12/100|[from] Grassy Terrain
|upkeep
|turn|10
|
|t:|1769381059
|switch|p1a: Unworthy of Name|Alomomola, M|100/100
|move|p2a: Rillaboom|U-turn|p1a: Unworthy of Name
|-damage|p1a: Unworthy of Name|87/100
|-damage|p2a: Rillaboom|7/100|[from] item: Rocky Helmet|[of] p1a: Unworthy of Name
|
|t:|1769381065
|switch|p2a: Zarude|Zarude-Dada|100/100|[from] U-turn
|-damage|p2a: Zarude|88/100|[from] Stealth Rock
|
|-heal|p2a: Zarude|94/100|[from] Grassy Terrain
|-heal|p2a: Zarude|99/100|[from] item: Leftovers
|-heal|p1a: Unworthy of Name|93/100|[from] Grassy Terrain
|upkeep
|turn|11
|
|t:|1769381078
|move|p1a: Unworthy of Name|Protect|p1a: Unworthy of Name
|-singleturn|p1a: Unworthy of Name|Protect
|move|p2a: Zarude|Swords Dance|p2a: Zarude
|-boost|p2a: Zarude|atk|2
|
|-end|p2a: Zarude|move: Future Sight
|-immune|p2a: Zarude
|-heal|p2a: Zarude|100/100|[from] Grassy Terrain
|-heal|p1a: Unworthy of Name|99/100|[from] Grassy Terrain
|upkeep
|turn|12
|
|t:|1769381090
|switch|p1a: Miracle Musical|Slowking-Galar, M|45/100
|move|p2a: Zarude|Knock Off|p1a: Miracle Musical
|-supereffective|p1a: Miracle Musical
|-damage|p1a: Miracle Musical|0 fnt
|faint|p1a: Miracle Musical
|
|upkeep
|
|t:|1769381095
|switch|p1a: Love and ABCs|Dragapult, M|88/100
|turn|13
|
|t:|1769381102
|-terastallize|p1a: Love and ABCs|Fairy
|move|p1a: Love and ABCs|Will-O-Wisp|p2a: Zarude|[miss]
|-miss|p1a: Love and ABCs|p2a: Zarude
|move|p2a: Zarude|Jungle Healing||[still]
|-fail|p2a: Zarude
|
|-heal|p1a: Love and ABCs|94/100|[from] Grassy Terrain
|upkeep
|turn|14
|
|t:|1769381112
|move|p1a: Love and ABCs|U-turn|p2a: Zarude
|-supereffective|p2a: Zarude
|-damage|p2a: Zarude|33/100
|
|t:|1769381114
|switch|p1a: Moltisanti|Weezing-Galar, M|100/100|[from] U-turn
|-ability|p1a: Moltisanti|Neutralizing Gas
|move|p2a: Zarude|Power Whip|p1a: Moltisanti
|-resisted|p1a: Moltisanti
|-damage|p1a: Moltisanti|54/100
|
|-heal|p2a: Zarude|39/100|[from] Grassy Terrain
|-heal|p2a: Zarude|45/100|[from] item: Leftovers
|-heal|p1a: Moltisanti|60/100|[from] Grassy Terrain
|upkeep
|turn|15
|
|t:|1769381130
|switch|p2a: Slaking|Slaking, F|100/100
|-damage|p2a: Slaking|88/100|[from] Stealth Rock
|move|p1a: Moltisanti|Toxic|p2a: Slaking
|-status|p2a: Slaking|tox
|
|-heal|p2a: Slaking|94/100 tox|[from] Grassy Terrain
|-heal|p1a: Moltisanti|66/100|[from] Grassy Terrain
|-damage|p2a: Slaking|88/100 tox|[from] psn
|-fieldend|move: Grassy Terrain
|upkeep
|turn|16
|
|t:|1769381142
|-end|p1a: Moltisanti|ability: Neutralizing Gas
|switch|p1a: Unworthy of Name|Alomomola, M|100/100
|move|p2a: Slaking|Earthquake|p1a: Unworthy of Name
|-damage|p1a: Unworthy of Name|68/100
|
|-damage|p2a: Slaking|76/100 tox|[from] psn
|upkeep
|turn|17
|
|t:|1769381160
|switch|p2a: Rillaboom|Rillaboom, F|7/100
|-damage|p2a: Rillaboom|0 fnt|[from] Stealth Rock
|faint|p2a: Rillaboom
|move|p1a: Unworthy of Name|Wish|p1a: Unworthy of Name
|
|upkeep
|
|t:|1769381173
|switch|p2a: Slaking|Slaking, F|76/100 tox
|-damage|p2a: Slaking|63/100 tox|[from] Stealth Rock
|turn|18
|
|t:|1769381180
|switch|p2a: Munkidori|Munkidori, M|100/100
|-damage|p2a: Munkidori|88/100|[from] Stealth Rock
|move|p1a: Unworthy of Name|Protect||[still]
|-fail|p1a: Unworthy of Name
|
|-heal|p1a: Unworthy of Name|100/100|[from] move: Wish|[wisher] Unworthy of Name
|upkeep
|turn|19
|inactive|aerodynamite has 120 seconds left.
|
|t:|1769381200
|move|p2a: Munkidori|Trick|p1a: Unworthy of Name
|-activate|p2a: Munkidori|move: Trick|[of] p1a: Unworthy of Name
|-item|p1a: Unworthy of Name|Choice Scarf|[from] move: Trick
|-item|p2a: Munkidori|Rocky Helmet|[from] move: Trick
|move|p1a: Unworthy of Name|Mirror Coat||[still]
|-fail|p1a: Unworthy of Name
|
|upkeep
|turn|20
|
|t:|1769381207
|switch|p1a: Joga|Grafaiai, M|100/100
|move|p2a: Munkidori|U-turn|p1a: Joga
|-resisted|p1a: Joga
|-crit|p1a: Joga
|-damage|p1a: Joga|88/100
|inactive|aerodynamite has 120 seconds left.
|
|t:|1769381223
|switch|p2a: Slaking|Slaking, F|63/100 tox|[from] U-turn
|-damage|p2a: Slaking|51/100 tox|[from] Stealth Rock
|
|-damage|p2a: Slaking|45/100 tox|[from] psn
|upkeep
|turn|21
|inactive|aerodynamite has 120 seconds left.
|
|t:|1769381231
|move|p1a: Joga|Parting Shot|p2a: Slaking
|-unboost|p2a: Slaking|atk|1
|-unboost|p2a: Slaking|spa|1
|
|t:|1769381235
|switch|p1a: Unworthy of Name|Alomomola, M|100/100|[from] Parting Shot
|move|p2a: Slaking|Double-Edge|p1a: Unworthy of Name
|-damage|p1a: Unworthy of Name|61/100
|-damage|p2a: Slaking|29/100 tox|[from] Recoil
|
|-damage|p2a: Slaking|17/100 tox|[from] psn
|upkeep
|turn|22
|
|t:|1769381245
|cant|p2a: Slaking|ability: Truant
|move|p1a: Unworthy of Name|Flip Turn|p2a: Slaking
|-damage|p2a: Slaking|3/100 tox
|
|t:|1769381250
|switch|p1a: Love and ABCs|Dragapult, M, tera:Fairy|94/100|[from] Flip Turn
|
|-damage|p2a: Slaking|0 fnt|[from] psn
|faint|p2a: Slaking
|upkeep
|inactive|aerodynamite has 120 seconds left.
|
|t:|1769381271
|switch|p2a: Munkidori|Munkidori, M|88/100
|-damage|p2a: Munkidori|76/100|[from] Stealth Rock
|turn|23
|inactive|aerodynamite has 120 seconds left.
|
|t:|1769381279
|move|p1a: Love and ABCs|U-turn|p2a: Munkidori
|-damage|p2a: Munkidori|49/100
|-damage|p1a: Love and ABCs|78/100|[from] item: Rocky Helmet|[of] p2a: Munkidori
|
|t:|1769381282
|switch|p1a: Joga|Grafaiai, M|88/100|[from] U-turn
|move|p2a: Munkidori|Sludge Bomb|p1a: Joga
|-resisted|p1a: Joga
|-damage|p1a: Joga|63/100
|
|upkeep
|turn|24
|
|t:|1769381290
|move|p2a: Munkidori|U-turn|p1a: Joga
|-resisted|p1a: Joga
|-damage|p1a: Joga|55/100
|
|t:|1769381293
|switch|p2a: Zarude|Zarude-Dada|45/100|[from] U-turn
|-damage|p2a: Zarude|33/100|[from] Stealth Rock
|move|p1a: Joga|Knock Off|p2a: Zarude
|-resisted|p2a: Zarude
|-damage|p2a: Zarude|23/100
|-enditem|p2a: Zarude|Leftovers|[from] move: Knock Off|[of] p1a: Joga
|
|upkeep
|turn|25
|
|t:|1769381303
|switch|p1a: Moltisanti|Weezing-Galar, M|66/100
|-ability|p1a: Moltisanti|Neutralizing Gas
|move|p2a: Zarude|Jungle Healing|p2a: Zarude
|-heal|p2a: Zarude|48/100
|
|upkeep
|turn|26
|
|t:|1769381328
|-terastallize|p2a: Zarude|Poison
|move|p2a: Zarude|Swords Dance|p2a: Zarude
|-boost|p2a: Zarude|atk|2
|move|p1a: Moltisanti|Taunt|p2a: Zarude
|-start|p2a: Zarude|move: Taunt
|
|upkeep
|turn|27
|
|t:|1769381337
|move|p2a: Zarude|Power Whip|p1a: Moltisanti
|-resisted|p1a: Moltisanti
|-damage|p1a: Moltisanti|27/100
|move|p1a: Moltisanti|Haze|p1a: Moltisanti
|-clearallboost
|
|upkeep
|turn|28
|
|t:|1769381344
|move|p2a: Zarude|Knock Off|p1a: Moltisanti
|-resisted|p1a: Moltisanti
|-damage|p1a: Moltisanti|11/100
|-enditem|p1a: Moltisanti|Heavy-Duty Boots|[from] move: Knock Off|[of] p2a: Zarude
|move|p1a: Moltisanti|Flamethrower|p2a: Zarude
|-damage|p2a: Zarude|31/100
|
|upkeep
|turn|29
|
|t:|1769381352
|-end|p1a: Moltisanti|ability: Neutralizing Gas
|switch|p1a: Joga|Grafaiai, M|55/100
|move|p2a: Zarude|Knock Off|p1a: Joga
|-damage|p1a: Joga|0 fnt
|-enditem|p1a: Joga|Heavy-Duty Boots|[from] move: Knock Off|[of] p2a: Zarude
|faint|p1a: Joga
|
|-end|p2a: Zarude|move: Taunt
|upkeep
|
|t:|1769381355
|switch|p1a: Love and ABCs|Dragapult, M, tera:Fairy|78/100
|turn|30
|
|t:|1769381367
|move|p1a: Love and ABCs|Draco Meteor|p2a: Zarude
|-damage|p2a: Zarude|0 fnt
|-unboost|p1a: Love and ABCs|spa|2
|faint|p2a: Zarude
|
|upkeep
|
|t:|1769381374
|switch|p2a: Munkidori|Munkidori, M|49/100
|-damage|p2a: Munkidori|37/100|[from] Stealth Rock
|turn|31
|
|t:|1769381381
|move|p1a: Love and ABCs|U-turn|p2a: Munkidori
|-damage|p2a: Munkidori|14/100
|-damage|p1a: Love and ABCs|61/100|[from] item: Rocky Helmet|[of] p2a: Munkidori
|
|t:|1769381385
|switch|p1a: Moltisanti|Weezing-Galar, M|11/100|[from] U-turn
|-ability|p1a: Moltisanti|Neutralizing Gas
|move|p2a: Munkidori|Psychic|p1a: Moltisanti
|-supereffective|p1a: Moltisanti
|-damage|p1a: Moltisanti|0 fnt
|faint|p1a: Moltisanti
|-end|p1a: Moltisanti|ability: Neutralizing Gas
|
|upkeep
|
|t:|1769381388
|switch|p1a: Love and ABCs|Dragapult, M, tera:Fairy|61/100
|turn|32
|
|t:|1769381397
|move|p1a: Love and ABCs|Hex|p2a: Munkidori
|-supereffective|p2a: Munkidori
|-damage|p2a: Munkidori|0 fnt
|faint|p2a: Munkidori
|
|upkeep
|
|t:|1769381402
|switch|p2a: Infernape|Infernape, F|100/100
|-damage|p2a: Infernape|88/100|[from] Stealth Rock
|turn|33
|
|t:|1769381408
|move|p1a: Love and ABCs|Draco Meteor|p2a: Infernape
|-damage|p2a: Infernape|0 fnt
|-unboost|p1a: Love and ABCs|spa|2
|faint|p2a: Infernape
|
|win|kuzwa
|raw|kuzwa's rating: 1276 &rarr; <strong>1299</strong><br />(+23 for winning)
|raw|aerodynamite's rating: 1246 &rarr; <strong>1223</strong><br />(-23 for losing)
|l|☆aerodynamite
|player|p2|
|c|☆kuzwa|Gg
|l|☆kuzwa
|player|p1|
