|j|☆tmchina
|j|☆Timbred
|t:|1769343138
|gametype|singles
|player|p1|tmchina|265|1372
|player|p2|Timbred|byron|1401
|gen|9
|tier|[Gen 9] OU
|rated|
|rule|HP Percentage Mod: HP is shown in percentages
|rule|Endless Battle Clause: Forcing endless battles is banned
|rule|Species Clause: Limit one of each Pokémon
|rule|OHKO Clause: OHKO moves are banned
|rule|Evasion Items Clause: Evasion items are banned
|rule|Evasion Moves Clause: Evasion moves are banned
|rule|Evasion Abilities Clause: Evasion abilities are banned
|rule|Sleep Moves Clause: Sleep-inducing moves are banned
|clearpoke
|poke|p1|Kyurem|
|poke|p1|Slowking-Galar, M|
|poke|p1|Gholdengo|
|poke|p1|Crawdaunt, M|
|poke|p1|Corviknight, F|
|poke|p1|Dragonite, M|
|poke|p2|Ninetales-Alola, M|
|poke|p2|Mandibuzz, F|
|poke|p2|Clodsire, M|
|poke|p2|Jirachi|
|poke|p2|Grafaiai, F|
|poke|p2|Ursaluna, M|
|teampreview
|inactive|Battle timer is ON: inactive players will automatically lose when time's up. (requested by Timbred)
|
|t:|1769343156
|teamsize|p1|6
|teamsize|p2|6
|start
|switch|p1a: Crawdaunt|Crawdaunt, M|100/100
|switch|p2a: selling tail $4|Grafaiai, F|100/100
|turn|1
|inactive|tmchina has 120 seconds left.
|c|☆Timbred|crab
|
|t:|1769343212
|move|p2a: selling tail $4|U-turn|p1a: Crawdaunt
|-supereffective|p1a: Crawdaunt
|-damage|p1a: Crawdaunt|56/100
|-status|p1a: Crawdaunt|psn|[from] ability: Poison Touch|[of] p2a: selling tail $4
|
|t:|1769343216
|switch|p2a: finger lickin good|Mandibuzz, F|100/100|[from] U-turn
|move|p1a: Crawdaunt|Crabhammer|p2a: finger lickin good
|-damage|p2a: finger lickin good|38/100
|-damage|p1a: Crawdaunt|46/100 psn|[from] item: Life Orb
|
|-damage|p1a: Crawdaunt|33/100 psn|[from] psn
|upkeep
|turn|2
|
|t:|1769343226
|move|p2a: finger lickin good|Protect|p2a: finger lickin good
|-singleturn|p2a: finger lickin good|Protect
|move|p1a: Crawdaunt|Knock Off|p2a: finger lickin good
|-activate|p2a: finger lickin good|move: Protect
|
|-damage|p1a: Crawdaunt|21/100 psn|[from] psn
|upkeep
|turn|3
|
|t:|1769343235
|move|p2a: finger lickin good|Protect||[still]
|-fail|p2a: finger lickin good
|move|p1a: Crawdaunt|Knock Off|p2a: finger lickin good
|-resisted|p2a: finger lickin good
|-damage|p2a: finger lickin good|9/100
|-enditem|p2a: finger lickin good|Heavy-Duty Boots|[from] move: Knock Off|[of] p1a: Crawdaunt
|-damage|p1a: Crawdaunt|11/100 psn|[from] item: Life Orb
|
|-damage|p1a: Crawdaunt|0 fnt|[from] psn
|faint|p1a: Crawdaunt
|upkeep
|
|t:|1769343244
|switch|p1a: Gholdengo|Gholdengo|100/100
|-item|p1a: Gholdengo|Air Balloon
|turn|4
|
|t:|1769343251
|move|p1a: Gholdengo|Make It Rain|p2a: finger lickin good
|-damage|p2a: finger lickin good|0 fnt
|-unboost|p1a: Gholdengo|spa|1
|faint|p2a: finger lickin good
|
|upkeep
|inactive|Timbred has 120 seconds left.
|
|t:|1769343281
|switch|p2a: WHS Bear|Ursaluna, M|100/100
|turn|5
|
|t:|1769343287
|switch|p1a: Corviknight|Corviknight, F|100/100
|-ability|p1a: Corviknight|Pressure
|move|p2a: WHS Bear|Fire Punch|p1a: Corviknight
|-supereffective|p1a: Corviknight
|-damage|p1a: Corviknight|65/100
|-damage|p2a: WHS Bear|84/100|[from] item: Rocky Helmet|[of] p1a: Corviknight
|
|-status|p2a: WHS Bear|brn|[from] item: Flame Orb
|upkeep
|turn|6
|
|t:|1769343297
|move|p1a: Corviknight|Body Press|p2a: WHS Bear
|-supereffective|p2a: WHS Bear
|-damage|p2a: WHS Bear|46/100 brn
|move|p2a: WHS Bear|Fire Punch|p1a: Corviknight
|-supereffective|p1a: Corviknight
|-damage|p1a: Corviknight|11/100
|-status|p1a: Corviknight|brn
|-damage|p2a: WHS Bear|29/100 brn|[from] item: Rocky Helmet|[of] p1a: Corviknight
|
|-damage|p1a: Corviknight|5/100 brn|[from] brn
|-damage|p2a: WHS Bear|23/100 brn|[from] brn
|upkeep
|turn|7
|
|t:|1769343308
|move|p2a: WHS Bear|Protect|p2a: WHS Bear
|-singleturn|p2a: WHS Bear|Protect
|move|p1a: Corviknight|Roost|p1a: Corviknight
|-heal|p1a: Corviknight|55/100 brn
|-singleturn|p1a: Corviknight|move: Roost
|
|-damage|p1a: Corviknight|49/100 brn|[from] brn
|-damage|p2a: WHS Bear|17/100 brn|[from] brn
|upkeep
|turn|8
|
|t:|1769343317
|switch|p2a: selling tail $4|Grafaiai, F|100/100
|move|p1a: Corviknight|Body Press|p2a: selling tail $4
|-damage|p2a: selling tail $4|80/100
|
|-damage|p1a: Corviknight|43/100 brn|[from] brn
|upkeep
|turn|9
|
|t:|1769343325
|move|p2a: selling tail $4|Switcheroo|p1a: Corviknight
|-activate|p2a: selling tail $4|move: Trick|[of] p1a: Corviknight
|-item|p1a: Corviknight|Choice Scarf|[from] move: Switcheroo
|-item|p2a: selling tail $4|Rocky Helmet|[from] move: Switcheroo
|move|p1a: Corviknight|U-turn|p2a: selling tail $4
|-resisted|p2a: selling tail $4
|-damage|p2a: selling tail $4|74/100
|-damage|p1a: Corviknight|26/100 brn|[from] item: Rocky Helmet|[of] p2a: selling tail $4
|
|t:|1769343344
|switch|p1a: Dragonite|Dragonite, M|100/100|[from] U-turn
|
|upkeep
|turn|10
|
|t:|1769343357
|move|p2a: selling tail $4|Super Fang|p1a: Dragonite
|-damage|p1a: Dragonite|50/100
|move|p1a: Dragonite|Earthquake|p2a: selling tail $4
|-supereffective|p2a: selling tail $4
|-damage|p2a: selling tail $4|0 fnt
|faint|p2a: selling tail $4
|
|upkeep
|
|t:|1769343364
|switch|p2a: im missing a tail|Ninetales-Alola, M|100/100
|-weather|Snowscape|[from] ability: Snow Warning|[of] p2a: im missing a tail
|turn|11
|
|t:|1769343367
|move|p2a: im missing a tail|Aurora Veil|p2a: im missing a tail
|-sidestart|p2: Timbred|move: Aurora Veil
|move|p1a: Dragonite|Fire Punch|p2a: im missing a tail
|-supereffective|p2a: im missing a tail
|-damage|p2a: im missing a tail|75/100
|
|-weather|Snowscape|[upkeep]
|upkeep
|turn|12
|
|t:|1769343373
|switch|p1a: Slowking|Slowking-Galar, M|100/100
|move|p2a: im missing a tail|Blizzard|p1a: Slowking
|-damage|p1a: Slowking|82/100
|
|-weather|Snowscape|[upkeep]
|upkeep
|turn|13
|
|t:|1769343379
|switch|p2a: kangz rock|Jirachi|100/100
|move|p1a: Slowking|Future Sight|p2a: kangz rock
|-start|p1a: Slowking|move: Future Sight
|
|-weather|Snowscape|[upkeep]
|upkeep
|turn|14
|
|t:|1769343385
|move|p2a: kangz rock|Cosmic Power|p2a: kangz rock
|-boost|p2a: kangz rock|def|1
|-boost|p2a: kangz rock|spd|1
|move|p1a: Slowking|Flamethrower|p2a: kangz rock
|-supereffective|p2a: kangz rock
|-damage|p2a: kangz rock|84/100
|-enditem|p2a: kangz rock|Weakness Policy
|-boost|p2a: kangz rock|atk|2|[from] item: Weakness Policy
|-boost|p2a: kangz rock|spa|2|[from] item: Weakness Policy
|
|-weather|Snowscape|[upkeep]
|upkeep
|turn|15
|
|t:|1769343397
|switch|p1a: Corviknight|Corviknight, F|26/100 brn
|-ability|p1a: Corviknight|Pressure
|move|p2a: kangz rock|Wish|p2a: kangz rock
|
|-weather|none
|-end|p2a: kangz rock|move: Future Sight
|-resisted|p2a: kangz rock
|-damage|p2a: kangz rock|80/100
|-damage|p1a: Corviknight|20/100 brn|[from] brn
|upkeep
|turn|16
|
|t:|1769343406
|move|p1a: Corviknight|Defog|p2a: kangz rock
|-unboost|p2a: kangz rock|evasion|1
|-sideend|p2: Timbred|move: Aurora Veil
|move|p2a: kangz rock|Stored Power|p1a: Corviknight
|-resisted|p1a: Corviknight
|-damage|p1a: Corviknight|0 fnt
|faint|p1a: Corviknight
|
|-heal|p2a: kangz rock|100/100|[from] move: Wish|[wisher] kangz rock
|upkeep
|
|t:|1769343415
|switch|p1a: Gholdengo|Gholdengo|100/100
|-item|p1a: Gholdengo|Air Balloon
|turn|17
|
|t:|1769343426
|-terastallize|p2a: kangz rock|Poison
|move|p1a: Gholdengo|Shadow Ball|p2a: kangz rock
|-damage|p2a: kangz rock|79/100
|move|p2a: kangz rock|Wish|p2a: kangz rock
|
|upkeep
|turn|18
|
|t:|1769343433
|move|p1a: Gholdengo|Nasty Plot|p1a: Gholdengo
|-boost|p1a: Gholdengo|spa|2
|move|p2a: kangz rock|Cosmic Power|p2a: kangz rock
|-boost|p2a: kangz rock|def|1
|-boost|p2a: kangz rock|spd|1
|
|-heal|p2a: kangz rock|100/100|[from] move: Wish|[wisher] kangz rock
|upkeep
|turn|19
|
|t:|1769343441
|move|p1a: Gholdengo|Nasty Plot|p1a: Gholdengo
|-boost|p1a: Gholdengo|spa|2
|move|p2a: kangz rock|Stored Power|p1a: Gholdengo
|-resisted|p1a: Gholdengo
|-damage|p1a: Gholdengo|24/100
|-enditem|p1a: Gholdengo|Air Balloon
|
|upkeep
|turn|20
|
|t:|1769343448
|move|p1a: Gholdengo|Make It Rain|p2a: kangz rock
|-damage|p2a: kangz rock|25/100
|-unboost|p1a: Gholdengo|spa|1
|move|p2a: kangz rock|Stored Power|p1a: Gholdengo
|-resisted|p1a: Gholdengo
|-damage|p1a: Gholdengo|0 fnt
|faint|p1a: Gholdengo
|
|upkeep
|
|t:|1769343455
|switch|p1a: Kyurem|Kyurem|100/100
|-ability|p1a: Kyurem|Pressure
|turn|21
|
|t:|1769343460
|move|p1a: Kyurem|Earth Power|p2a: kangz rock
|-supereffective|p2a: kangz rock
|-damage|p2a: kangz rock|0 fnt
|faint|p2a: kangz rock
|
|upkeep
|
|t:|1769343470
|switch|p2a: im missing a tail|Ninetales-Alola, M|75/100
|-weather|Snowscape|[from] ability: Snow Warning|[of] p2a: im missing a tail
|turn|22
|
|t:|1769343479
|switch|p2a: WHS Bear|Ursaluna, M|17/100 brn
|switch|p1a: Slowking|Slowking-Galar, M|100/100
|
|-weather|Snowscape|[upkeep]
|-damage|p2a: WHS Bear|11/100 brn|[from] brn
|upkeep
|turn|23
|
|t:|1769343487
|switch|p1a: Dragonite|Dragonite, M|50/100
|move|p2a: WHS Bear|Facade|p1a: Dragonite
|-damage|p1a: Dragonite|0 fnt
|faint|p1a: Dragonite
|
|-weather|Snowscape|[upkeep]
|-damage|p2a: WHS Bear|4/100 brn|[from] brn
|upkeep
|
|t:|1769343496
|switch|p1a: Kyurem|Kyurem|100/100
|-ability|p1a: Kyurem|Pressure
|turn|24
|
|t:|1769343502
|move|p1a: Kyurem|Ice Beam|p2a: WHS Bear
|-supereffective|p2a: WHS Bear
|-damage|p2a: WHS Bear|0 fnt
|faint|p2a: WHS Bear
|
|-weather|Snowscape|[upkeep]
|upkeep
|
|t:|1769343516
|switch|p2a: im missing a tail|Ninetales-Alola, M|75/100
|turn|25
|
|t:|1769343524
|-terastallize|p1a: Kyurem|Ice
|move|p2a: im missing a tail|Aurora Veil|p2a: im missing a tail
|-sidestart|p2: Timbred|move: Aurora Veil
|move|p1a: Kyurem|Ice Beam|p2a: im missing a tail
|-resisted|p2a: im missing a tail
|-damage|p2a: im missing a tail|54/100
|
|-weather|Snowscape|[upkeep]
|upkeep
|turn|26
|
|t:|1769343533
|switch|p1a: Slowking|Slowking-Galar, M|100/100
|move|p2a: im missing a tail|Moonblast|p1a: Slowking
|-resisted|p1a: Slowking
|-damage|p1a: Slowking|93/100
|
|-weather|none
|upkeep
|turn|27
|
|t:|1769343544
|move|p2a: im missing a tail|Blizzard|p1a: Slowking
|-damage|p1a: Slowking|76/100
|move|p1a: Slowking|Future Sight|p2a: im missing a tail
|-start|p1a: Slowking|move: Future Sight
|
|upkeep
|turn|28
|
|t:|1769343548
|move|p2a: im missing a tail|Encore|p1a: Slowking
|-start|p1a: Slowking|Encore
|move|p1a: Slowking|Future Sight||[still]
|-fail|p1a: Slowking
|
|upkeep
|turn|29
|
|t:|1769343555
|switch|p1a: Kyurem|Kyurem, tera:Ice|100/100
|-ability|p1a: Kyurem|Pressure
|move|p2a: im missing a tail|Moonblast|p1a: Kyurem
|-damage|p1a: Kyurem|74/100
|
|-end|p2a: im missing a tail|move: Future Sight
|-damage|p2a: im missing a tail|24/100
|upkeep
|turn|30
|
|t:|1769343565
|switch|p1a: Slowking|Slowking-Galar, M|100/100
|move|p2a: im missing a tail|Moonblast|p1a: Slowking
|-resisted|p1a: Slowking
|-damage|p1a: Slowking|93/100
|
|upkeep
|turn|31
|
|t:|1769343571
|switch|p2a: free hugs|Clodsire, M|100/100
|move|p1a: Slowking|Psyshock|p2a: free hugs
|-supereffective|p2a: free hugs
|-damage|p2a: free hugs|72/100
|
|upkeep
|turn|32
|
|t:|1769343578
|move|p1a: Slowking|Future Sight|p2a: free hugs
|-start|p1a: Slowking|move: Future Sight
|move|p2a: free hugs|Stockpile|p2a: free hugs
|-start|p2a: free hugs|stockpile1
|-boost|p2a: free hugs|def|1
|-boost|p2a: free hugs|spd|1
|
|-sideend|p2: Timbred|move: Aurora Veil
|upkeep
|turn|33
|
|t:|1769343584
|move|p1a: Slowking|Psyshock|p2a: free hugs
|-supereffective|p2a: free hugs
|-damage|p2a: free hugs|32/100
|move|p2a: free hugs|Stockpile|p2a: free hugs
|-start|p2a: free hugs|stockpile2
|-boost|p2a: free hugs|def|1
|-boost|p2a: free hugs|spd|1
|
|upkeep
|turn|34
|
|t:|1769343591
|move|p1a: Slowking|Psyshock|p2a: free hugs
|-supereffective|p2a: free hugs
|-damage|p2a: free hugs|3/100
|move|p2a: free hugs|Recover|p2a: free hugs
|-heal|p2a: free hugs|53/100
|
|-end|p2a: free hugs|move: Future Sight
|-supereffective|p2a: free hugs
|-damage|p2a: free hugs|10/100
|upkeep
|turn|35
|-message|Timbred forfeited.
|
|win|tmchina
|raw|tmchina's rating: 1372 &rarr; <strong>1394</strong><br />(+22 for winning)
|raw|Timbred's rating: 1401 &rarr; <strong>1379</strong><br />(-22 for losing)
|l|☆Timbred
|player|p2|
|l|☆tmchina
|player|p1|
