|j|☆151htyrneh
|j|☆RourouYT
|t:|1769335983
|gametype|singles
|player|p1|151htyrneh|wallace|1571
|player|p2|RourouYT|n|1521
|gen|9
|tier|[Gen 9] OU
|rated|
|rule|HP Percentage Mod: HP is shown in percentages
|rule|Endless Battle Clause: Forcing endless battles is banned
|rule|Species Clause: Limit one of each Pokémon
|rule|OHKO Clause: OHKO moves are banned
|rule|Evasion Items Clause: Evasion items are banned
|rule|Evasion Moves Clause: Evasion moves are banned
|rule|Evasion Abilities Clause: Evasion abilities are banned
|rule|Sleep Moves Clause: Sleep-inducing moves are banned
|clearpoke
|poke|p1|Iron Hands|
|poke|p1|Glimmora, M|
|poke|p1|Landorus-Therian, M|
|poke|p1|Dragapult, F|
|poke|p1|Primarina, M|
|poke|p1|Kingambit, F|
|poke|p2|Clodsire, M|
|poke|p2|Gholdengo|
|poke|p2|Corviknight, F|
|poke|p2|Meowscarada, F|
|poke|p2|Rotom-Wash|
|poke|p2|Clefable, M|
|teampreview
|
|t:|1769336007
|teamsize|p1|6
|teamsize|p2|6
|start
|switch|p1a: Glimmora|Glimmora, M|100/100
|switch|p2a: Rotom|Rotom-Wash|100/100
|turn|1
|
|t:|1769336012
|move|p1a: Glimmora|Sludge Wave|p2a: Rotom
|-crit|p2a: Rotom
|-damage|p2a: Rotom|28/100
|move|p2a: Rotom|Hydro Pump|p1a: Glimmora
|-supereffective|p1a: Glimmora
|-damage|p1a: Glimmora|0 fnt
|faint|p1a: Glimmora
|
|-heal|p2a: Rotom|34/100|[from] item: Leftovers
|upkeep
|
|t:|1769336015
|switch|p1a: Dragapult|Dragapult, F|100/100
|turn|2
|
|t:|1769336019
|switch|p2a: Corviknight|Corviknight, F|100/100
|-ability|p2a: Corviknight|Pressure
|-terastallize|p1a: Dragapult|Ghost
|move|p1a: Dragapult|Tera Blast|p2a: Corviknight|[anim] Tera Blast Ghost
|-damage|p2a: Corviknight|57/100
|
|upkeep
|turn|3
|
|t:|1769336023
|move|p1a: Dragapult|Tera Blast|p2a: Corviknight|[anim] Tera Blast Ghost
|-damage|p2a: Corviknight|7/100
|move|p2a: Corviknight|Roost|p2a: Corviknight
|-heal|p2a: Corviknight|57/100
|-singleturn|p2a: Corviknight|move: Roost
|
|upkeep
|turn|4
|
|t:|1769336030
|switch|p1a: Landorus|Landorus-Therian, M|100/100
|-ability|p1a: Landorus|Intimidate|boost
|-unboost|p2a: Corviknight|atk|1
|move|p2a: Corviknight|Roost|p2a: Corviknight
|-heal|p2a: Corviknight|100/100
|-singleturn|p2a: Corviknight|move: Roost
|
|upkeep
|turn|5
|
|t:|1769336035
|move|p1a: Landorus|Stealth Rock|p2a: Corviknight
|-sidestart|p2: RourouYT|move: Stealth Rock
|move|p2a: Corviknight|U-turn|p1a: Landorus
|-resisted|p1a: Landorus
|-damage|p1a: Landorus|96/100
|-damage|p2a: Corviknight|84/100|[from] item: Rocky Helmet|[of] p1a: Landorus
|
|t:|1769336039
|switch|p2a: Rotom|Rotom-Wash|34/100|[from] U-turn
|-damage|p2a: Rotom|22/100|[from] Stealth Rock
|
|-heal|p2a: Rotom|28/100|[from] item: Leftovers
|upkeep
|turn|6
|
|t:|1769336042
|move|p1a: Landorus|U-turn|p2a: Rotom
|-damage|p2a: Rotom|12/100
|
|t:|1769336049
|switch|p1a: Primarina|Primarina, M|100/100|[from] U-turn
|move|p2a: Rotom|Pain Split|p1a: Primarina
|-sethp|p1a: Primarina|55/100|[from] move: Pain Split|[silent]
|-sethp|p2a: Rotom|66/100|[from] move: Pain Split
|
|-heal|p2a: Rotom|72/100|[from] item: Leftovers
|upkeep
|turn|7
|
|t:|1769336052
|move|p2a: Rotom|Volt Switch|p1a: Primarina
|-supereffective|p1a: Primarina
|-damage|p1a: Primarina|26/100
|
|t:|1769336055
|switch|p2a: Clodsire|Clodsire, M|100/100|[from] Volt Switch
|move|p1a: Primarina|Moonblast|p2a: Clodsire
|-resisted|p2a: Clodsire
|-damage|p2a: Clodsire|88/100
|-unboost|p2a: Clodsire|spa|1
|
|upkeep
|turn|8
|
|t:|1769336058
|switch|p1a: Landorus|Landorus-Therian, M|96/100
|-ability|p1a: Landorus|Intimidate|boost
|-unboost|p2a: Clodsire|atk|1
|move|p2a: Clodsire|Earthquake|p1a: Landorus
|-immune|p1a: Landorus
|
|upkeep
|turn|9
|
|t:|1769336061
|switch|p2a: Corviknight|Corviknight, F|84/100
|-damage|p2a: Corviknight|72/100|[from] Stealth Rock
|-ability|p2a: Corviknight|Pressure
|move|p1a: Landorus|U-turn|p2a: Corviknight
|-resisted|p2a: Corviknight
|-damage|p2a: Corviknight|69/100
|-damage|p1a: Landorus|79/100|[from] item: Rocky Helmet|[of] p2a: Corviknight
|
|t:|1769336064
|switch|p1a: Iron Hands|Iron Hands|100/100|[from] U-turn
|-enditem|p1a: Iron Hands|Booster Energy
|-activate|p1a: Iron Hands|ability: Quark Drive|[fromitem]
|-start|p1a: Iron Hands|quarkdriveatk
|
|upkeep
|turn|10
|
|t:|1769336069
|move|p2a: Corviknight|U-turn|p1a: Iron Hands
|-resisted|p1a: Iron Hands
|-damage|p1a: Iron Hands|96/100
|
|t:|1769336070
|switch|p2a: Rotom|Rotom-Wash|72/100|[from] U-turn
|-damage|p2a: Rotom|59/100|[from] Stealth Rock
|move|p1a: Iron Hands|Earthquake|p2a: Rotom
|-immune|p2a: Rotom|[from] ability: Levitate
|
|-heal|p2a: Rotom|66/100|[from] item: Leftovers
|upkeep
|turn|11
|
|t:|1769336075
|move|p2a: Rotom|Will-O-Wisp|p1a: Iron Hands
|-status|p1a: Iron Hands|brn
|move|p1a: Iron Hands|Close Combat|p2a: Rotom
|-damage|p2a: Rotom|28/100
|-unboost|p1a: Iron Hands|def|1
|-unboost|p1a: Iron Hands|spd|1
|
|-heal|p2a: Rotom|34/100|[from] item: Leftovers
|-damage|p1a: Iron Hands|90/100 brn|[from] brn
|upkeep
|turn|12
|
|t:|1769336079
|-end|p1a: Iron Hands|Quark Drive|[silent]
|switch|p1a: Primarina|Primarina, M|26/100
|move|p2a: Rotom|Pain Split|p1a: Primarina
|-sethp|p1a: Primarina|27/100|[from] move: Pain Split|[silent]
|-sethp|p2a: Rotom|33/100|[from] move: Pain Split
|
|-heal|p2a: Rotom|39/100|[from] item: Leftovers
|upkeep
|turn|13
|
|t:|1769336085
|move|p2a: Rotom|Volt Switch|p1a: Primarina
|-supereffective|p1a: Primarina
|-damage|p1a: Primarina|0 fnt
|faint|p1a: Primarina
|
|t:|1769336090
|switch|p2a: Corviknight|Corviknight, F|69/100|[from] Volt Switch
|-damage|p2a: Corviknight|56/100|[from] Stealth Rock
|-ability|p2a: Corviknight|Pressure
|
|upkeep
|
|t:|1769336100
|switch|p1a: Dragapult|Dragapult, F, tera:Ghost|100/100
|turn|14
|
|t:|1769336103
|move|p1a: Dragapult|Tera Blast|p2a: Corviknight|[anim] Tera Blast Ghost
|-damage|p2a: Corviknight|10/100
|move|p2a: Corviknight|Roost|p2a: Corviknight
|-heal|p2a: Corviknight|60/100
|-singleturn|p2a: Corviknight|move: Roost
|
|upkeep
|turn|15
|
|t:|1769336108
|move|p1a: Dragapult|Tera Blast|p2a: Corviknight|[anim] Tera Blast Ghost
|-damage|p2a: Corviknight|11/100
|move|p2a: Corviknight|Roost|p2a: Corviknight
|-heal|p2a: Corviknight|61/100
|-singleturn|p2a: Corviknight|move: Roost
|
|upkeep
|turn|16
|
|t:|1769336111
|move|p1a: Dragapult|Tera Blast|p2a: Corviknight|[anim] Tera Blast Ghost
|-damage|p2a: Corviknight|12/100
|move|p2a: Corviknight|Roost|p2a: Corviknight
|-heal|p2a: Corviknight|62/100
|-singleturn|p2a: Corviknight|move: Roost
|
|upkeep
|turn|17
|
|t:|1769336114
|switch|p1a: Landorus|Landorus-Therian, M|79/100
|-ability|p1a: Landorus|Intimidate|boost
|-unboost|p2a: Corviknight|atk|1
|move|p2a: Corviknight|Roost|p2a: Corviknight
|-heal|p2a: Corviknight|100/100
|-singleturn|p2a: Corviknight|move: Roost
|
|upkeep
|turn|18
|
|t:|1769336118
|move|p1a: Landorus|Rock Tomb|p2a: Corviknight
|-crit|p2a: Corviknight
|-damage|p2a: Corviknight|84/100
|-unboost|p2a: Corviknight|spe|1
|move|p2a: Corviknight|Defog|p1a: Landorus
|-unboost|p1a: Landorus|evasion|1
|-sideend|p2: RourouYT|Stealth Rock|[from] move: Defog|[of] p2a: Corviknight
|
|upkeep
|turn|19
|j| OUZQ Crocodile
|
|t:|1769336123
|move|p1a: Landorus|Stealth Rock|p2a: Corviknight
|-sidestart|p2: RourouYT|move: Stealth Rock
|move|p2a: Corviknight|Defog|p1a: Landorus
|-unboost|p1a: Landorus|evasion|1
|-sideend|p2: RourouYT|Stealth Rock|[from] move: Defog|[of] p2a: Corviknight
|
|upkeep
|turn|20
|
|t:|1769336126
|switch|p2a: Rotom|Rotom-Wash|39/100
|move|p1a: Landorus|Rock Tomb|p2a: Rotom
|-damage|p2a: Rotom|25/100
|-unboost|p2a: Rotom|spe|1
|
|-heal|p2a: Rotom|31/100|[from] item: Leftovers
|upkeep
|turn|21
|
|t:|1769336132
|move|p1a: Landorus|Stealth Rock|p2a: Rotom
|-sidestart|p2: RourouYT|move: Stealth Rock
|move|p2a: Rotom|Pain Split|p1a: Landorus
|-sethp|p1a: Landorus|52/100|[from] move: Pain Split|[silent]
|-sethp|p2a: Rotom|65/100|[from] move: Pain Split
|
|-heal|p2a: Rotom|71/100|[from] item: Leftovers
|upkeep
|turn|22
|
|t:|1769336138
|move|p1a: Landorus|Rock Tomb|p2a: Rotom
|-damage|p2a: Rotom|57/100
|-unboost|p2a: Rotom|spe|1
|move|p2a: Rotom|Hydro Pump|p1a: Landorus
|-supereffective|p1a: Landorus
|-damage|p1a: Landorus|0 fnt
|faint|p1a: Landorus
|
|-heal|p2a: Rotom|64/100|[from] item: Leftovers
|upkeep
|
|t:|1769336140
|switch|p1a: Dragapult|Dragapult, F, tera:Ghost|100/100
|turn|23
|
|t:|1769336148
|switch|p2a: Clodsire|Clodsire, M|88/100
|move|p1a: Dragapult|Tera Blast|p2a: Clodsire|[anim] Tera Blast Ghost
|-damage|p2a: Clodsire|6/100
|
|upkeep
|turn|24
|
|t:|1769336150
|move|p1a: Dragapult|Tera Blast|p2a: Clodsire|[anim] Tera Blast Ghost
|-crit|p2a: Clodsire
|-damage|p2a: Clodsire|0 fnt
|faint|p2a: Clodsire
|
|upkeep
|
|t:|1769336152
|switch|p2a: Corviknight|Corviknight, F|84/100
|-damage|p2a: Corviknight|72/100|[from] Stealth Rock
|-ability|p2a: Corviknight|Pressure
|turn|25
|
|t:|1769336156
|switch|p1a: Kingambit|Kingambit, F|100/100
|-activate|p1a: Kingambit|ability: Supreme Overlord
|-start|p1a: Kingambit|fallen3|[silent]
|move|p2a: Corviknight|Defog|p1a: Kingambit
|-unboost|p1a: Kingambit|evasion|1
|-sideend|p2: RourouYT|Stealth Rock|[from] move: Defog|[of] p2a: Corviknight
|
|upkeep
|turn|26
|
|t:|1769336159
|move|p2a: Corviknight|U-turn|p1a: Kingambit
|-damage|p1a: Kingambit|89/100
|
|t:|1769336162
|switch|p2a: Rotom|Rotom-Wash|64/100|[from] U-turn
|move|p1a: Kingambit|Swords Dance|p1a: Kingambit
|-boost|p1a: Kingambit|atk|2
|
|-heal|p2a: Rotom|70/100|[from] item: Leftovers
|-heal|p1a: Kingambit|96/100|[from] item: Leftovers
|upkeep
|turn|27
|
|t:|1769336164
|move|p2a: Rotom|Will-O-Wisp|p1a: Kingambit
|-status|p1a: Kingambit|brn
|move|p1a: Kingambit|Kowtow Cleave|p2a: Rotom
|-damage|p2a: Rotom|21/100
|
|-heal|p2a: Rotom|27/100|[from] item: Leftovers
|-heal|p1a: Kingambit|100/100 brn|[from] item: Leftovers
|-damage|p1a: Kingambit|94/100 brn|[from] brn
|upkeep
|turn|28
|
|t:|1769336167
|move|p2a: Rotom|Pain Split|p1a: Kingambit
|-sethp|p1a: Kingambit|57/100 brn|[from] move: Pain Split|[silent]
|-sethp|p2a: Rotom|75/100|[from] move: Pain Split
|move|p1a: Kingambit|Swords Dance|p1a: Kingambit
|-boost|p1a: Kingambit|atk|2
|
|-heal|p2a: Rotom|82/100|[from] item: Leftovers
|-heal|p1a: Kingambit|64/100 brn|[from] item: Leftovers
|-damage|p1a: Kingambit|57/100 brn|[from] brn
|upkeep
|turn|29
|
|t:|1769336172
|switch|p2a: Corviknight|Corviknight, F|72/100
|-ability|p2a: Corviknight|Pressure
|move|p1a: Kingambit|Kowtow Cleave|p2a: Corviknight
|-damage|p2a: Corviknight|16/100
|-damage|p1a: Kingambit|41/100 brn|[from] item: Rocky Helmet|[of] p2a: Corviknight
|
|-heal|p1a: Kingambit|47/100 brn|[from] item: Leftovers
|-damage|p1a: Kingambit|41/100 brn|[from] brn
|upkeep
|turn|30
|
|t:|1769336180
|move|p2a: Corviknight|Roost|p2a: Corviknight
|-heal|p2a: Corviknight|66/100
|-singleturn|p2a: Corviknight|move: Roost
|move|p1a: Kingambit|Kowtow Cleave|p2a: Corviknight
|-damage|p2a: Corviknight|11/100
|-damage|p1a: Kingambit|24/100 brn|[from] item: Rocky Helmet|[of] p2a: Corviknight
|
|-heal|p1a: Kingambit|31/100 brn|[from] item: Leftovers
|-damage|p1a: Kingambit|24/100 brn|[from] brn
|upkeep
|turn|31
|
|t:|1769336182
|move|p2a: Corviknight|Roost|p2a: Corviknight
|-heal|p2a: Corviknight|61/100
|-singleturn|p2a: Corviknight|move: Roost
|move|p1a: Kingambit|Kowtow Cleave|p2a: Corviknight
|-damage|p2a: Corviknight|0 fnt
|-damage|p1a: Kingambit|8/100 brn|[from] item: Rocky Helmet|[of] p2a: Corviknight
|faint|p2a: Corviknight
|
|-heal|p1a: Kingambit|14/100 brn|[from] item: Leftovers
|-damage|p1a: Kingambit|8/100 brn|[from] brn
|upkeep
|
|t:|1769336192
|switch|p2a: Rotom|Rotom-Wash|82/100
|turn|32
|
|t:|1769336195
|switch|p2a: Clefable|Clefable, M|100/100
|move|p1a: Kingambit|Sucker Punch||[still]
|-fail|p1a: Kingambit
|
|-heal|p1a: Kingambit|14/100 brn|[from] item: Leftovers
|-damage|p1a: Kingambit|8/100 brn|[from] brn
|upkeep
|turn|33
|
|t:|1769336200
|move|p1a: Kingambit|Sucker Punch|p2a: Clefable
|-resisted|p2a: Clefable
|-damage|p2a: Clefable|85/100
|move|p2a: Clefable|Moonblast|p1a: Kingambit
|-damage|p1a: Kingambit|0 fnt
|faint|p1a: Kingambit
|-end|p1a: Kingambit|fallen3|[silent]
|
|-heal|p2a: Clefable|91/100|[from] item: Leftovers
|upkeep
|-message|151htyrneh forfeited.
|
|win|RourouYT
|raw|151htyrneh's rating: 1571 &rarr; <strong>1548</strong><br />(-23 for losing)
|raw|RourouYT's rating: 1521 &rarr; <strong>1544</strong><br />(+23 for winning)
|l|☆151htyrneh
|player|p1|
|l|☆RourouYT
|player|p2|
|l| OUZQ Crocodile
