|j|☆sumni i
|j|☆mckilly
|t:|1769410301
|gametype|singles
|player|p1|sumni i|102|1437
|player|p2|mckilly|wally|1516
|gen|9
|tier|[Gen 9] OU
|rated|
|rule|HP Percentage Mod: HP is shown in percentages
|rule|Endless Battle Clause: Forcing endless battles is banned
|rule|Species Clause: Limit one of each Pokémon
|rule|OHKO Clause: OHKO moves are banned
|rule|Evasion Items Clause: Evasion items are banned
|rule|Evasion Moves Clause: Evasion moves are banned
|rule|Evasion Abilities Clause: Evasion abilities are banned
|rule|Sleep Moves Clause: Sleep-inducing moves are banned
|clearpoke
|poke|p1|Ribombee, M|
|poke|p1|Cinderace, M|
|poke|p1|Passimian, M|
|poke|p1|Empoleon, F|
|poke|p1|Gholdengo|
|poke|p1|Serperior, M|
|poke|p2|Heatran, M|
|poke|p2|Pecharunt|
|poke|p2|Iron Valiant|
|poke|p2|Great Tusk|
|poke|p2|Zapdos|
|poke|p2|Weavile, M|
|teampreview
|inactive|Battle timer is ON: inactive players will automatically lose when time's up. (requested by mckilly)
|
|t:|1769410314
|teamsize|p1|6
|teamsize|p2|6
|start
|switch|p1a: Ribombee|Ribombee, M|100/100
|switch|p2a: Heatran|Heatran, M|100/100
|-item|p2a: Heatran|Air Balloon
|turn|1
|
|t:|1769410323
|switch|p2a: Great Tusk|Great Tusk|100/100
|move|p1a: Ribombee|Skill Swap||[still]
|-fail|p1a: Ribombee
|
|upkeep
|turn|2
|
|t:|1769410338
|-terastallize|p1a: Ribombee|Ghost
|move|p1a: Ribombee|Sticky Web|p2a: Great Tusk
|-sidestart|p2: mckilly|move: Sticky Web
|move|p2a: Great Tusk|Rapid Spin|p1a: Ribombee
|-immune|p1a: Ribombee
|
|upkeep
|turn|3
|
|t:|1769410346
|move|p1a: Ribombee|Moonblast|p2a: Great Tusk
|-supereffective|p2a: Great Tusk
|-damage|p2a: Great Tusk|0 fnt
|faint|p2a: Great Tusk
|-end|p2a: Great Tusk|Protosynthesis|[silent]
|
|upkeep
|
|t:|1769410352
|switch|p2a: Zapdos|Zapdos|100/100
|turn|4
|
|t:|1769410358
|switch|p1a: Gholdengo|Gholdengo|100/100
|-item|p1a: Gholdengo|Air Balloon
|move|p2a: Zapdos|Thunderbolt|p1a: Gholdengo
|-damage|p1a: Gholdengo|55/100
|-enditem|p1a: Gholdengo|Air Balloon
|
|upkeep
|turn|5
|
|t:|1769410367
|switch|p1a: Serperior|Serperior, M|100/100
|move|p2a: Zapdos|Thunderbolt|p1a: Serperior
|-resisted|p1a: Serperior
|-damage|p1a: Serperior|74/100
|-status|p1a: Serperior|par
|
|-heal|p1a: Serperior|81/100 par|[from] item: Leftovers
|upkeep
|turn|6
|
|t:|1769410377
|move|p2a: Zapdos|Air Cutter|p1a: Serperior
|-supereffective|p1a: Serperior
|-damage|p1a: Serperior|0 fnt
|faint|p1a: Serperior
|
|upkeep
|
|t:|1769410380
|switch|p1a: Cinderace|Cinderace, M|100/100
|turn|7
|
|t:|1769410389
|move|p1a: Cinderace|Court Change|p1a: Cinderace
|-swapsideconditions
|-activate|p1a: Cinderace|move: Court Change
|move|p2a: Zapdos|Thunderbolt|p1a: Cinderace
|-damage|p1a: Cinderace|50/100
|
|upkeep
|turn|8
|
|t:|1769410399
|move|p1a: Cinderace|Pyro Ball|p2a: Zapdos
|-damage|p2a: Zapdos|45/100
|move|p2a: Zapdos|Thunderbolt|p1a: Cinderace
|-damage|p1a: Cinderace|0 fnt
|faint|p1a: Cinderace
|
|upkeep
|
|t:|1769410402
|switch|p1a: Passimian|Passimian, M|100/100
|-activate|p1a: Passimian|move: Sticky Web
|-unboost|p1a: Passimian|spe|1
|-ability|p1a: Passimian|Defiant|boost
|-boost|p1a: Passimian|atk|2
|turn|9
|
|t:|1769410409
|move|p2a: Zapdos|Air Cutter|p1a: Passimian
|-supereffective|p1a: Passimian
|-damage|p1a: Passimian|51/100
|move|p1a: Passimian|Drain Punch|p2a: Zapdos
|-resisted|p2a: Zapdos
|-damage|p2a: Zapdos|0 fnt
|-heal|p1a: Passimian|69/100|[from] drain|[of] p2a: Zapdos
|-status|p1a: Passimian|par|[from] ability: Static|[of] p2a: Zapdos
|faint|p2a: Zapdos
|
|upkeep
|
|t:|1769410426
|switch|p2a: Pecharunt|Pecharunt|100/100
|turn|10
|
|t:|1769410432
|move|p2a: Pecharunt|Parting Shot|p1a: Passimian
|-unboost|p1a: Passimian|atk|1
|-ability|p1a: Passimian|Defiant|boost
|-boost|p1a: Passimian|atk|2
|-unboost|p1a: Passimian|spa|1
|-ability|p1a: Passimian|Defiant|boost
|-boost|p1a: Passimian|atk|2
|
|t:|1769410443
|switch|p2a: Heatran|Heatran, M|100/100|[from] Parting Shot
|-item|p2a: Heatran|Air Balloon
|move|p1a: Passimian|Knock Off|p2a: Heatran
|-damage|p2a: Heatran|0 fnt
|-enditem|p2a: Heatran|Air Balloon
|faint|p2a: Heatran
|
|upkeep
|
|t:|1769410451
|switch|p2a: Weavile|Weavile, M|100/100
|-ability|p2a: Weavile|Pressure
|turn|11
|
|t:|1769410455
|move|p2a: Weavile|Fake Out|p1a: Passimian
|-damage|p1a: Passimian|56/100 par
|cant|p1a: Passimian|flinch
|
|upkeep
|turn|12
|
|t:|1769410462
|move|p2a: Weavile|Ice Spinner|p1a: Passimian
|-damage|p1a: Passimian|22/100 par
|move|p1a: Passimian|Drain Punch|p2a: Weavile
|-supereffective|p2a: Weavile
|-enditem|p2a: Weavile|Focus Sash
|-damage|p2a: Weavile|1/100
|-heal|p1a: Passimian|57/100 par|[from] drain|[of] p2a: Weavile
|
|upkeep
|turn|13
|
|t:|1769410471
|move|p2a: Weavile|Knock Off|p1a: Passimian
|-resisted|p1a: Passimian
|-damage|p1a: Passimian|34/100 par
|-enditem|p1a: Passimian|Assault Vest|[from] move: Knock Off|[of] p2a: Weavile
|move|p1a: Passimian|Drain Punch|p2a: Weavile
|-supereffective|p2a: Weavile
|-crit|p2a: Weavile
|-damage|p2a: Weavile|0 fnt
|-heal|p1a: Passimian|34/100 par|[from] drain|[of] p2a: Weavile
|faint|p2a: Weavile
|
|upkeep
|
|t:|1769410483
|switch|p2a: Iron Valiant|Iron Valiant|100/100
|-enditem|p2a: Iron Valiant|Booster Energy
|-activate|p2a: Iron Valiant|ability: Quark Drive|[fromitem]
|-start|p2a: Iron Valiant|quarkdrivespe
|turn|14
|
|t:|1769410488
|move|p2a: Iron Valiant|Moonblast|p1a: Passimian
|-supereffective|p1a: Passimian
|-damage|p1a: Passimian|0 fnt
|faint|p1a: Passimian
|
|upkeep
|
|t:|1769410490
|switch|p1a: Empoleon|Empoleon, F|100/100
|-activate|p1a: Empoleon|move: Sticky Web
|-unboost|p1a: Empoleon|spe|1
|-ability|p1a: Empoleon|Competitive|boost
|-boost|p1a: Empoleon|spa|2
|turn|15
|
|t:|1769410497
|move|p2a: Iron Valiant|Aura Sphere|p1a: Empoleon
|-supereffective|p1a: Empoleon
|-damage|p1a: Empoleon|30/100
|move|p1a: Empoleon|Flash Cannon|p2a: Iron Valiant
|-supereffective|p2a: Iron Valiant
|-damage|p2a: Iron Valiant|0 fnt
|faint|p2a: Iron Valiant
|-end|p2a: Iron Valiant|Quark Drive|[silent]
|
|-heal|p1a: Empoleon|36/100|[from] item: Leftovers
|upkeep
|
|t:|1769410505
|switch|p2a: Pecharunt|Pecharunt|100/100
|turn|16
|
|t:|1769410509
|switch|p1a: Gholdengo|Gholdengo|55/100
|-activate|p1a: Gholdengo|move: Sticky Web
|-unboost|p1a: Gholdengo|spe|1
|-terastallize|p2a: Pecharunt|Poison
|move|p2a: Pecharunt|Hex|p1a: Gholdengo
|-supereffective|p1a: Gholdengo
|-damage|p1a: Gholdengo|0 fnt
|faint|p1a: Gholdengo
|
|upkeep
|
|t:|1769410511
|switch|p1a: Empoleon|Empoleon, F|36/100
|-activate|p1a: Empoleon|move: Sticky Web
|-unboost|p1a: Empoleon|spe|1
|-ability|p1a: Empoleon|Competitive|boost
|-boost|p1a: Empoleon|spa|2
|turn|17
|
|t:|1769410522
|move|p2a: Pecharunt|Hex|p1a: Empoleon
|-damage|p1a: Empoleon|8/100
|move|p1a: Empoleon|Roost|p1a: Empoleon
|-heal|p1a: Empoleon|58/100
|-singleturn|p1a: Empoleon|move: Roost
|
|-heal|p1a: Empoleon|64/100|[from] item: Leftovers
|upkeep
|turn|18
|
|t:|1769410529
|move|p2a: Pecharunt|Hex|p1a: Empoleon
|-damage|p1a: Empoleon|38/100
|move|p1a: Empoleon|Surf|p2a: Pecharunt
|-damage|p2a: Pecharunt|3/100
|
|-heal|p2a: Pecharunt|9/100|[from] item: Leftovers
|-heal|p1a: Empoleon|44/100|[from] item: Leftovers
|upkeep
|turn|19
|
|t:|1769410536
|move|p2a: Pecharunt|Hex|p1a: Empoleon
|-damage|p1a: Empoleon|18/100
|move|p1a: Empoleon|Flash Cannon|p2a: Pecharunt
|-damage|p2a: Pecharunt|0 fnt
|faint|p2a: Pecharunt
|
|win|sumni i
|raw|sumni i's rating: 1437 &rarr; <strong>1461</strong><br />(+24 for winning)
|raw|mckilly's rating: 1516 &rarr; <strong>1492</strong><br />(-24 for losing)
|l|☆sumni i
|player|p1|
|l|☆mckilly
|player|p2|
