|j|☆DvorakLobster
|j|☆braveheart_xx
|t:|1769343816
|gametype|singles
|player|p1|DvorakLobster|ghetsis|1286
|player|p2|braveheart_xx|170|1325
|gen|9
|tier|[Gen 9] OU
|rated|
|rule|HP Percentage Mod: HP is shown in percentages
|rule|Endless Battle Clause: Forcing endless battles is banned
|rule|Species Clause: Limit one of each Pokémon
|rule|OHKO Clause: OHKO moves are banned
|rule|Evasion Items Clause: Evasion items are banned
|rule|Evasion Moves Clause: Evasion moves are banned
|rule|Evasion Abilities Clause: Evasion abilities are banned
|rule|Sleep Moves Clause: Sleep-inducing moves are banned
|clearpoke
|poke|p1|Lokix, M|
|poke|p1|Corviknight, M|
|poke|p1|Great Tusk|
|poke|p1|Slowking-Galar, M|
|poke|p1|Dragapult, F|
|poke|p1|Iron Crown|
|poke|p2|Kingdra, F|
|poke|p2|Basculegion-F, F|
|poke|p2|Overqwil, M|
|poke|p2|Drednaw, F|
|poke|p2|Pelipper, M|
|poke|p2|Azumarill, F|
|teampreview
|inactive|Battle timer is ON: inactive players will automatically lose when time's up. (requested by braveheart_xx)
|
|t:|1769343830
|teamsize|p1|6
|teamsize|p2|6
|start
|switch|p1a: Iron Crown|Iron Crown|100/100
|switch|p2a: Pelipper|Pelipper, M|100/100
|-weather|RainDance|[from] ability: Drizzle|[of] p2a: Pelipper
|-enditem|p1a: Iron Crown|Booster Energy
|-activate|p1a: Iron Crown|ability: Quark Drive|[fromitem]
|-start|p1a: Iron Crown|quarkdrivespe
|turn|1
|
|t:|1769343836
|-terastallize|p2a: Pelipper|Ground
|move|p1a: Iron Crown|Psychic|p2a: Pelipper
|-damage|p2a: Pelipper|40/100
|move|p2a: Pelipper|Whirlpool|p1a: Iron Crown
|-damage|p1a: Iron Crown|84/100
|-activate|p1a: Iron Crown|move: Whirlpool|[of] p2a: Pelipper
|
|-weather|RainDance|[upkeep]
|-damage|p1a: Iron Crown|71/100|[from] move: Whirlpool|[partiallytrapped]
|upkeep
|turn|2
|inactive|DvorakLobster has 120 seconds left.
|
|t:|1769343867
|switch|p2a: Overqwil|Overqwil, M|100/100
|move|p1a: Iron Crown|Psychic|p2a: Overqwil
|-immune|p2a: Overqwil
|
|-weather|RainDance|[upkeep]
|-end|p1a: Iron Crown|Whirlpool|[partiallytrapped]|[silent]
|upkeep
|turn|3
|
|t:|1769343875
|move|p1a: Iron Crown|Volt Switch|p2a: Overqwil
|-damage|p2a: Overqwil|72/100
|inactive|DvorakLobster has 120 seconds left.
|
|t:|1769343892
|-end|p1a: Iron Crown|Quark Drive|[silent]
|switch|p1a: Corviknight|Corviknight, M|100/100|[from] Volt Switch
|-ability|p1a: Corviknight|Unnerve
|move|p2a: Overqwil|Crunch|p1a: Corviknight
|-damage|p1a: Corviknight|73/100
|-unboost|p1a: Corviknight|def|1
|-damage|p2a: Overqwil|56/100|[from] item: Rocky Helmet|[of] p1a: Corviknight
|
|-weather|RainDance|[upkeep]
|-heal|p2a: Overqwil|62/100|[from] item: Black Sludge
|upkeep
|turn|4
|
|t:|1769343899
|move|p2a: Overqwil|Toxic Spikes|p1a: Corviknight
|-sidestart|p1: DvorakLobster|move: Toxic Spikes
|move|p1a: Corviknight|Iron Defense|p1a: Corviknight
|-boost|p1a: Corviknight|def|2
|
|-weather|RainDance|[upkeep]
|-heal|p2a: Overqwil|68/100|[from] item: Black Sludge
|upkeep
|turn|5
|
|t:|1769343903
|move|p2a: Overqwil|Toxic Spikes|p1a: Corviknight
|-sidestart|p1: DvorakLobster|move: Toxic Spikes
|move|p1a: Corviknight|Iron Defense|p1a: Corviknight
|-boost|p1a: Corviknight|def|2
|
|-weather|RainDance|[upkeep]
|-heal|p2a: Overqwil|74/100|[from] item: Black Sludge
|upkeep
|turn|6
|
|t:|1769343925
|switch|p2a: Basculegion|Basculegion-F, F|100/100
|move|p1a: Corviknight|Body Press|p2a: Basculegion
|-immune|p2a: Basculegion
|
|-weather|RainDance|[upkeep]
|upkeep
|turn|7
|
|t:|1769343930
|move|p2a: Basculegion|Hydro Pump|p1a: Corviknight
|-damage|p1a: Corviknight|0 fnt
|faint|p1a: Corviknight
|
|-weather|RainDance|[upkeep]
|upkeep
|
|t:|1769343933
|switch|p1a: Slowking|Slowking-Galar, M|100/100
|-sideend|p1: DvorakLobster|move: Toxic Spikes|[of] p1a: Slowking
|turn|8
|
|t:|1769343941
|-terastallize|p1a: Slowking|Water
|move|p2a: Basculegion|Hydro Pump|p1a: Slowking
|-resisted|p1a: Slowking
|-damage|p1a: Slowking|64/100
|move|p1a: Slowking|Future Sight|p2a: Basculegion
|-start|p1a: Slowking|move: Future Sight
|
|-weather|none
|upkeep
|turn|9
|
|t:|1769343947
|switch|p2a: Pelipper|Pelipper, M, tera:Ground|40/100
|-weather|RainDance|[from] ability: Drizzle|[of] p2a: Pelipper
|move|p1a: Slowking|Sludge Bomb|p2a: Pelipper
|-resisted|p2a: Pelipper
|-damage|p2a: Pelipper|18/100
|
|-weather|RainDance|[upkeep]
|upkeep
|turn|10
|
|t:|1769343965
|switch|p2a: Overqwil|Overqwil, M|74/100
|-prepare|p1a: Slowking|Chilly Reception|[premajor]
|move|p1a: Slowking|Chilly Reception|p1a: Slowking
|-weather|Snowscape
|
|t:|1769343972
|switch|p1a: Great Tusk|Great Tusk|100/100|[from] Chilly Reception
|
|-weather|Snowscape|[upkeep]
|-end|p2a: Overqwil|move: Future Sight
|-immune|p2a: Overqwil
|-heal|p2a: Overqwil|80/100|[from] item: Black Sludge
|upkeep
|turn|11
|
|t:|1769343986
|switch|p2a: Pelipper|Pelipper, M, tera:Ground|18/100
|-weather|RainDance|[from] ability: Drizzle|[of] p2a: Pelipper
|move|p1a: Great Tusk|Stealth Rock|p2a: Pelipper
|-sidestart|p2: braveheart_xx|move: Stealth Rock
|
|-weather|RainDance|[upkeep]
|upkeep
|turn|12
|
|t:|1769343994
|-end|p1a: Great Tusk|Protosynthesis|[silent]
|switch|p1a: Slowking|Slowking-Galar, M, tera:Water|98/100
|switch|p2a: Basculegion|Basculegion-F, F|100/100
|-damage|p2a: Basculegion|88/100|[from] Stealth Rock
|
|-weather|RainDance|[upkeep]
|upkeep
|turn|13
|inactive|DvorakLobster has 120 seconds left.
|
|t:|1769344027
|move|p2a: Basculegion|Hyper Beam|p1a: Slowking
|-damage|p1a: Slowking|56/100
|-mustrecharge|p2a: Basculegion
|move|p1a: Slowking|Sludge Bomb|p2a: Basculegion
|-resisted|p2a: Basculegion
|-damage|p2a: Basculegion|68/100
|-status|p2a: Basculegion|psn
|
|-weather|RainDance|[upkeep]
|-damage|p2a: Basculegion|56/100 psn|[from] psn
|upkeep
|turn|14
|
|t:|1769344034
|cant|p2a: Basculegion|recharge
|move|p1a: Slowking|Future Sight|p2a: Basculegion
|-start|p1a: Slowking|move: Future Sight
|
|-weather|RainDance|[upkeep]
|-damage|p2a: Basculegion|44/100 psn|[from] psn
|upkeep
|turn|15
|
|t:|1769344039
|move|p2a: Basculegion|Hyper Beam|p1a: Slowking
|-damage|p1a: Slowking|12/100
|-mustrecharge|p2a: Basculegion
|-prepare|p1a: Slowking|Chilly Reception|[premajor]
|move|p1a: Slowking|Chilly Reception|p1a: Slowking
|-weather|Snowscape
|inactive|DvorakLobster has 120 seconds left.
|
|t:|1769344069
|switch|p1a: Iron Crown|Iron Crown|71/100|[from] Chilly Reception
|
|-weather|Snowscape|[upkeep]
|-damage|p2a: Basculegion|31/100 psn|[from] psn
|upkeep
|turn|16
|
|t:|1769344072
|move|p1a: Iron Crown|Calm Mind|p1a: Iron Crown
|-boost|p1a: Iron Crown|spa|1
|-boost|p1a: Iron Crown|spd|1
|cant|p2a: Basculegion|recharge
|
|-weather|Snowscape|[upkeep]
|-end|p2a: Basculegion|move: Future Sight
|-damage|p2a: Basculegion|0 fnt
|faint|p2a: Basculegion
|upkeep
|
|t:|1769344077
|switch|p2a: Pelipper|Pelipper, M, tera:Ground|18/100
|-damage|p2a: Pelipper|11/100|[from] Stealth Rock
|-weather|RainDance|[from] ability: Drizzle|[of] p2a: Pelipper
|turn|17
|
|t:|1769344090
|switch|p2a: Overqwil|Overqwil, M|80/100
|-damage|p2a: Overqwil|68/100|[from] Stealth Rock
|move|p1a: Iron Crown|Psychic|p2a: Overqwil
|-immune|p2a: Overqwil
|
|-weather|RainDance|[upkeep]
|-heal|p2a: Overqwil|74/100|[from] item: Black Sludge
|upkeep
|turn|18
|
|t:|1769344093
|move|p2a: Overqwil|Crunch|p1a: Iron Crown
|-supereffective|p1a: Iron Crown
|-damage|p1a: Iron Crown|0 fnt
|faint|p1a: Iron Crown
|-end|p1a: Iron Crown|Quark Drive|[silent]
|
|-weather|RainDance|[upkeep]
|-heal|p2a: Overqwil|80/100|[from] item: Black Sludge
|upkeep
|
|t:|1769344100
|switch|p1a: Slowking|Slowking-Galar, M, tera:Water|45/100
|turn|19
|
|t:|1769344102
|switch|p1a: Great Tusk|Great Tusk|100/100
|move|p2a: Overqwil|Crunch|p1a: Great Tusk
|-resisted|p1a: Great Tusk
|-damage|p1a: Great Tusk|88/100
|
|-weather|RainDance|[upkeep]
|-heal|p2a: Overqwil|87/100|[from] item: Black Sludge
|-heal|p1a: Great Tusk|95/100|[from] item: Leftovers
|upkeep
|turn|20
|
|t:|1769344125
|switch|p2a: Azumarill|Azumarill, F|100/100
|-damage|p2a: Azumarill|88/100|[from] Stealth Rock
|move|p1a: Great Tusk|Knock Off|p2a: Azumarill
|-resisted|p2a: Azumarill
|-damage|p2a: Azumarill|69/100
|-enditem|p2a: Azumarill|Leftovers|[from] move: Knock Off|[of] p1a: Great Tusk
|
|-weather|RainDance|[upkeep]
|-heal|p1a: Great Tusk|100/100|[from] item: Leftovers
|upkeep
|turn|21
|
|t:|1769344141
|move|p1a: Great Tusk|Headlong Rush|p2a: Azumarill
|-damage|p2a: Azumarill|0 fnt
|-unboost|p1a: Great Tusk|def|1
|-unboost|p1a: Great Tusk|spd|1
|faint|p2a: Azumarill
|
|-weather|RainDance|[upkeep]
|upkeep
|inactive|braveheart_xx has 120 seconds left.
|
|t:|1769344154
|switch|p2a: Kingdra|Kingdra, F|100/100
|-damage|p2a: Kingdra|88/100|[from] Stealth Rock
|turn|22
|
|t:|1769344162
|move|p2a: Kingdra|Focus Energy|p2a: Kingdra
|-start|p2a: Kingdra|move: Focus Energy
|move|p1a: Great Tusk|Knock Off|p2a: Kingdra
|-damage|p2a: Kingdra|40/100
|-enditem|p2a: Kingdra|Scope Lens|[from] move: Knock Off|[of] p1a: Great Tusk
|
|-weather|RainDance|[upkeep]
|upkeep
|turn|23
|
|t:|1769344167
|move|p2a: Kingdra|Scald|p1a: Great Tusk
|-supereffective|p1a: Great Tusk
|-crit|p1a: Great Tusk
|-damage|p1a: Great Tusk|0 fnt
|faint|p1a: Great Tusk
|-end|p1a: Great Tusk|Protosynthesis|[silent]
|
|-weather|RainDance|[upkeep]
|upkeep
|
|t:|1769344171
|switch|p1a: Lokix|Lokix, M|100/100
|turn|24
|
|t:|1769344174
|move|p1a: Lokix|First Impression|p2a: Kingdra
|-damage|p2a: Kingdra|0 fnt
|faint|p2a: Kingdra
|
|-weather|none
|upkeep
|
|t:|1769344177
|switch|p2a: Pelipper|Pelipper, M, tera:Ground|11/100
|-damage|p2a: Pelipper|5/100|[from] Stealth Rock
|-weather|RainDance|[from] ability: Drizzle|[of] p2a: Pelipper
|turn|25
|
|t:|1769344190
|switch|p1a: Slowking|Slowking-Galar, M, tera:Water|78/100
|move|p2a: Pelipper|Whirlpool|p1a: Slowking
|-resisted|p1a: Slowking
|-damage|p1a: Slowking|73/100
|-activate|p1a: Slowking|move: Whirlpool|[of] p2a: Pelipper
|
|-weather|RainDance|[upkeep]
|-damage|p1a: Slowking|61/100|[from] move: Whirlpool|[partiallytrapped]
|upkeep
|turn|26
|
|t:|1769344197
|move|p2a: Pelipper|Roost|p2a: Pelipper
|-heal|p2a: Pelipper|55/100
|move|p1a: Slowking|Sludge Bomb|p2a: Pelipper
|-resisted|p2a: Pelipper
|-damage|p2a: Pelipper|33/100
|
|-weather|RainDance|[upkeep]
|-damage|p1a: Slowking|48/100|[from] move: Whirlpool|[partiallytrapped]
|upkeep
|turn|27
|
|t:|1769344200
|move|p2a: Pelipper|Roost|p2a: Pelipper
|-heal|p2a: Pelipper|83/100
|-prepare|p1a: Slowking|Chilly Reception|[premajor]
|move|p1a: Slowking|Chilly Reception|p1a: Slowking
|-weather|Snowscape
|
|t:|1769344203
|switch|p1a: Dragapult|Dragapult, F|100/100|[from] Chilly Reception
|
|-weather|Snowscape|[upkeep]
|upkeep
|turn|28
|
|t:|1769344206
|move|p1a: Dragapult|Will-O-Wisp|p2a: Pelipper
|-status|p2a: Pelipper|brn
|move|p2a: Pelipper|Whirlpool|p1a: Dragapult
|-resisted|p1a: Dragapult
|-damage|p1a: Dragapult|93/100
|-activate|p1a: Dragapult|move: Whirlpool|[of] p2a: Pelipper
|
|-weather|Snowscape|[upkeep]
|-damage|p2a: Pelipper|77/100 brn|[from] brn
|-damage|p1a: Dragapult|81/100|[from] move: Whirlpool|[partiallytrapped]
|upkeep
|turn|29
|
|t:|1769344214
|move|p1a: Dragapult|Hex|p2a: Pelipper
|-damage|p2a: Pelipper|0 fnt
|faint|p2a: Pelipper
|
|-weather|Snowscape|[upkeep]
|-end|p1a: Dragapult|Whirlpool|[partiallytrapped]|[silent]
|upkeep
|
|t:|1769344218
|switch|p2a: Overqwil|Overqwil, M|87/100
|-damage|p2a: Overqwil|74/100|[from] Stealth Rock
|turn|30
|
|t:|1769344222
|move|p1a: Dragapult|Will-O-Wisp|p2a: Overqwil|[miss]
|-miss|p1a: Dragapult|p2a: Overqwil
|move|p2a: Overqwil|Crunch|p1a: Dragapult
|-supereffective|p1a: Dragapult
|-damage|p1a: Dragapult|0 fnt
|faint|p1a: Dragapult
|
|-weather|Snowscape|[upkeep]
|-heal|p2a: Overqwil|80/100|[from] item: Black Sludge
|upkeep
|
|t:|1769344228
|switch|p1a: Lokix|Lokix, M|100/100
|turn|31
|
|t:|1769344233
|move|p1a: Lokix|Leech Life|p2a: Overqwil
|-damage|p2a: Overqwil|28/100
|move|p2a: Overqwil|Poison Jab|p1a: Lokix
|-damage|p1a: Lokix|38/100
|-status|p1a: Lokix|psn
|
|-weather|none
|-heal|p2a: Overqwil|34/100|[from] item: Black Sludge
|-damage|p1a: Lokix|25/100 psn|[from] psn
|upkeep
|turn|32
|
|t:|1769344247
|move|p2a: Overqwil|Aqua Jet|p1a: Lokix
|-damage|p1a: Lokix|5/100 psn
|move|p1a: Lokix|Leech Life|p2a: Overqwil
|-damage|p2a: Overqwil|0 fnt
|-heal|p1a: Lokix|27/100 psn|[from] drain|[of] p2a: Overqwil
|faint|p2a: Overqwil
|
|-damage|p1a: Lokix|14/100 psn|[from] psn
|upkeep
|
|t:|1769344251
|switch|p2a: Drednaw|Drednaw, F|100/100
|-damage|p2a: Drednaw|88/100|[from] Stealth Rock
|turn|33
|
|t:|1769344263
|move|p1a: Lokix|Leech Life|p2a: Drednaw
|-damage|p2a: Drednaw|15/100
|-heal|p1a: Lokix|56/100 psn|[from] drain|[of] p2a: Drednaw
|move|p2a: Drednaw|Liquidation|p1a: Lokix
|-damage|p1a: Lokix|0 fnt
|faint|p1a: Lokix
|
|upkeep
|
|t:|1769344269
|switch|p1a: Slowking|Slowking-Galar, M, tera:Water|82/100
|turn|34
|
|t:|1769344273
|move|p2a: Drednaw|Rock Blast|p1a: Slowking
|-damage|p1a: Slowking|68/100
|-damage|p1a: Slowking|55/100
|-hitcount|p1a: Slowking|2
|move|p1a: Slowking|Sludge Bomb|p2a: Drednaw
|-resisted|p2a: Drednaw
|-damage|p2a: Drednaw|0 fnt
|faint|p2a: Drednaw
|
|win|DvorakLobster
|raw|DvorakLobster's rating: 1286 &rarr; <strong>1314</strong><br />(+28 for winning)
|raw|braveheart_xx's rating: 1325 &rarr; <strong>1303</strong><br />(-22 for losing)
|c|☆DvorakLobster|gg
|l|☆braveheart_xx
|player|p2|
|l|☆DvorakLobster
|player|p1|
