|j|☆DiddyDonny
|j|☆undertalethemovie
|t:|1769344519
|gametype|singles
|player|p1|DiddyDonny|gentleman-gen4|1555
|player|p2|undertalethemovie|roxie|1498
|gen|9
|tier|[Gen 9] OU
|rated|
|rule|HP Percentage Mod: HP is shown in percentages
|rule|Endless Battle Clause: Forcing endless battles is banned
|rule|Species Clause: Limit one of each Pokémon
|rule|OHKO Clause: OHKO moves are banned
|rule|Evasion Items Clause: Evasion items are banned
|rule|Evasion Moves Clause: Evasion moves are banned
|rule|Evasion Abilities Clause: Evasion abilities are banned
|rule|Sleep Moves Clause: Sleep-inducing moves are banned
|clearpoke
|poke|p1|Clefable, M|
|poke|p1|Moltres|
|poke|p1|Beartic, M|
|poke|p1|Slowking-Galar, F|
|poke|p1|Kyurem|
|poke|p1|Iron Treads|
|poke|p2|Clodsire, M|
|poke|p2|Ogerpon-Wellspring, F|
|poke|p2|Zoroark-Hisui, F|
|poke|p2|Zamazenta-*|
|poke|p2|Cinderace, F|
|poke|p2|Deoxys-Speed|
|teampreview
|inactive|Battle timer is ON: inactive players will automatically lose when time's up. (requested by undertalethemovie)
|inactive|DiddyDonny has 120 seconds left.
|inactive|DiddyDonny has 90 seconds left.
|inactive|DiddyDonny has 60 seconds left.
|
|t:|1769344640
|teamsize|p1|6
|teamsize|p2|6
|start
|switch|p1a: Clefable|Clefable, M|100/100
|switch|p2a: Deoxys|Deoxys-Speed|100/100
|-ability|p2a: Deoxys|Pressure
|turn|1
|
|t:|1769344647
|move|p2a: Deoxys|Spikes|p1a: Clefable
|-sidestart|p1: DiddyDonny|Spikes
|move|p1a: Clefable|Stealth Rock|p2a: Deoxys
|-sidestart|p2: undertalethemovie|move: Stealth Rock
|
|upkeep
|turn|2
|
|t:|1769344651
|move|p2a: Deoxys|Spikes|p1a: Clefable
|-sidestart|p1: DiddyDonny|Spikes
|move|p1a: Clefable|Moonblast|p2a: Deoxys
|-damage|p2a: Deoxys|59/100
|
|upkeep
|turn|3
|
|t:|1769344653
|move|p2a: Deoxys|Spikes|p1a: Clefable
|-sidestart|p1: DiddyDonny|Spikes
|move|p1a: Clefable|Knock Off|p2a: Deoxys
|-supereffective|p2a: Deoxys
|-damage|p2a: Deoxys|19/100
|-enditem|p2a: Deoxys|Life Orb|[from] move: Knock Off|[of] p1a: Clefable
|
|upkeep
|turn|4
|
|t:|1769344658
|switch|p2a: Cinderace|Cinderace, F|100/100
|move|p1a: Clefable|Moonblast|p2a: Cinderace
|-resisted|p2a: Cinderace
|-damage|p2a: Cinderace|79/100
|-unboost|p2a: Cinderace|spa|1
|
|upkeep
|turn|5
|
|t:|1769344662
|move|p2a: Cinderace|Gunk Shot|p1a: Clefable
|-start|p2a: Cinderace|typechange|Poison|[from] ability: Libero
|-supereffective|p1a: Clefable
|-damage|p1a: Clefable|7/100
|move|p1a: Clefable|Knock Off|p2a: Cinderace
|-damage|p2a: Cinderace|56/100
|-enditem|p2a: Cinderace|Heavy-Duty Boots|[from] move: Knock Off|[of] p1a: Clefable
|
|upkeep
|turn|6
|
|t:|1769344675
|move|p2a: Cinderace|U-turn|p1a: Clefable
|-resisted|p1a: Clefable
|-crit|p1a: Clefable
|-damage|p1a: Clefable|0 fnt
|-damage|p2a: Cinderace|40/100|[from] item: Rocky Helmet|[of] p1a: Clefable
|faint|p1a: Clefable
|
|t:|1769344677
|switch|p2a: Clodsire|Clodsire, M|100/100|[from] U-turn
|-damage|p2a: Clodsire|88/100|[from] Stealth Rock
|-item|p2a: Clodsire|Air Balloon
|
|upkeep
|
|t:|1769344680
|switch|p1a: Iron Treads|Iron Treads|100/100
|turn|7
|
|t:|1769344682
|move|p2a: Clodsire|Will-O-Wisp|p1a: Iron Treads
|-status|p1a: Iron Treads|brn
|move|p1a: Iron Treads|Ice Spinner|p2a: Clodsire
|-damage|p2a: Clodsire|69/100
|replace|p2a: Zoroark|Zoroark-Hisui, F, shiny
|-end|p2a: Zoroark|Illusion
|-enditem|p2a: Zoroark|Air Balloon
|
|-damage|p1a: Iron Treads|94/100 brn|[from] brn
|upkeep
|turn|8
|
|t:|1769344685
|move|p2a: Zoroark|Hex|p1a: Iron Treads
|-damage|p1a: Iron Treads|43/100 brn
|move|p1a: Iron Treads|Knock Off|p2a: Zoroark
|-supereffective|p2a: Zoroark
|-damage|p2a: Zoroark|35/100
|
|-damage|p1a: Iron Treads|37/100 brn|[from] brn
|upkeep
|turn|9
|
|t:|1769344690
|move|p2a: Zoroark|Hex|p1a: Iron Treads
|-damage|p1a: Iron Treads|0 fnt
|faint|p1a: Iron Treads
|-end|p1a: Iron Treads|Quark Drive|[silent]
|
|upkeep
|
|t:|1769344694
|switch|p1a: Slowking|Slowking-Galar, F|100/100
|-damage|p1a: Slowking|76/100|[from] Spikes
|turn|10
|
|t:|1769344696
|move|p2a: Zoroark|Will-O-Wisp|p1a: Slowking
|-status|p1a: Slowking|brn
|-prepare|p1a: Slowking|Chilly Reception|[premajor]
|move|p1a: Slowking|Chilly Reception|p1a: Slowking
|-weather|Snowscape
|
|t:|1769344701
|switch|p1a: Beartic|Beartic, M|100/100|[from] Chilly Reception
|-damage|p1a: Beartic|76/100|[from] Spikes
|
|-weather|Snowscape|[upkeep]
|upkeep
|turn|11
|
|t:|1769344704
|move|p1a: Beartic|Earthquake|p2a: Zoroark
|-damage|p2a: Zoroark|0 fnt
|faint|p2a: Zoroark
|-damage|p1a: Beartic|66/100|[from] item: Life Orb
|
|-weather|Snowscape|[upkeep]
|upkeep
|
|t:|1769344714
|switch|p2a: Deoxys|Deoxys-Speed|19/100
|-damage|p2a: Deoxys|7/100|[from] Stealth Rock
|-ability|p2a: Deoxys|Pressure
|turn|12
|
|t:|1769344718
|move|p2a: Deoxys|Protect|p2a: Deoxys
|-singleturn|p2a: Deoxys|Protect
|move|p1a: Beartic|Earthquake|p2a: Deoxys
|-activate|p2a: Deoxys|move: Protect
|
|-weather|Snowscape|[upkeep]
|upkeep
|turn|13
|
|t:|1769344720
|move|p2a: Deoxys|Psycho Boost|p1a: Beartic
|-crit|p1a: Beartic
|-damage|p1a: Beartic|0 fnt
|-unboost|p2a: Deoxys|spa|2
|faint|p1a: Beartic
|
|-weather|Snowscape|[upkeep]
|upkeep
|
|t:|1769344723
|switch|p1a: Kyurem|Kyurem|100/100
|-damage|p1a: Kyurem|76/100|[from] Spikes
|-ability|p1a: Kyurem|Pressure
|turn|14
|
|t:|1769344727
|move|p2a: Deoxys|Psycho Boost|p1a: Kyurem
|-damage|p1a: Kyurem|49/100
|-unboost|p2a: Deoxys|spa|2
|move|p1a: Kyurem|Blizzard|p2a: Deoxys
|-damage|p2a: Deoxys|0 fnt
|faint|p2a: Deoxys
|
|-weather|Snowscape|[upkeep]
|upkeep
|
|t:|1769344731
|switch|p2a: Cinderace|Cinderace, F|40/100
|-damage|p2a: Cinderace|15/100|[from] Stealth Rock
|turn|15
|
|t:|1769344733
|move|p2a: Cinderace|Pyro Ball|p1a: Kyurem
|-damage|p1a: Kyurem|14/100
|move|p1a: Kyurem|Blizzard|p2a: Cinderace
|-resisted|p2a: Cinderace
|-damage|p2a: Cinderace|0 fnt
|faint|p2a: Cinderace
|
|-weather|Snowscape|[upkeep]
|upkeep
|
|t:|1769344739
|switch|p2a: Ogerpon|Ogerpon-Wellspring, F|100/100
|-damage|p2a: Ogerpon|88/100|[from] Stealth Rock
|turn|16
|
|t:|1769344743
|-terastallize|p2a: Ogerpon|Water
|detailschange|p2a: Ogerpon|Ogerpon-Wellspring-Tera, F, tera:Water
|-ability|p2a: Ogerpon|Embody Aspect (Wellspring)|boost
|-boost|p2a: Ogerpon|spd|1
|move|p2a: Ogerpon|Ivy Cudgel|p1a: Kyurem|[anim] Ivy Cudgel Water
|-resisted|p1a: Kyurem
|-damage|p1a: Kyurem|0 fnt
|faint|p1a: Kyurem
|
|-weather|Snowscape|[upkeep]
|upkeep
|-message|DiddyDonny forfeited.
|
|win|undertalethemovie
|raw|DiddyDonny's rating: 1555 &rarr; <strong>1532</strong><br />(-23 for losing)
|raw|undertalethemovie's rating: 1498 &rarr; <strong>1521</strong><br />(+23 for winning)
|l|☆DiddyDonny
|player|p1|
|l|☆undertalethemovie
|player|p2|
