|j|☆kuzwa
|j|☆adriancitokeloke
|t:|1769357392
|gametype|singles
|player|p1|kuzwa|clerk|1159
|player|p2|adriancitokeloke|brycenman|1237
|gen|9
|tier|[Gen 9] OU
|rated|
|rule|HP Percentage Mod: HP is shown in percentages
|rule|Endless Battle Clause: Forcing endless battles is banned
|rule|Species Clause: Limit one of each Pokémon
|rule|OHKO Clause: OHKO moves are banned
|rule|Evasion Items Clause: Evasion items are banned
|rule|Evasion Moves Clause: Evasion moves are banned
|rule|Evasion Abilities Clause: Evasion abilities are banned
|rule|Sleep Moves Clause: Sleep-inducing moves are banned
|clearpoke
|poke|p1|Dragapult, M|
|poke|p1|Great Tusk|
|poke|p1|Slowking-Galar, M|
|poke|p1|Grafaiai, M|
|poke|p1|Alomomola, M|
|poke|p1|Weezing-Galar, M|
|poke|p2|Great Tusk|
|poke|p2|Pecharunt|
|poke|p2|Iron Valiant|
|poke|p2|Iron Crown|
|poke|p2|Samurott-Hisui, M|
|poke|p2|Dragonite, F|
|teampreview
|inactive|Battle timer is ON: inactive players will automatically lose when time's up. (requested by kuzwa)
|
|t:|1769357411
|teamsize|p1|6
|teamsize|p2|6
|start
|switch|p1a: Dealer|Great Tusk|100/100
|switch|p2a: Great Tusk|Great Tusk|100/100
|turn|1
|
|t:|1769357418
|move|p2a: Great Tusk|Ice Spinner|p1a: Dealer
|-supereffective|p1a: Dealer
|-damage|p1a: Dealer|61/100
|move|p1a: Dealer|Stealth Rock|p2a: Great Tusk
|-sidestart|p2: adriancitokeloke|move: Stealth Rock
|
|-heal|p1a: Dealer|67/100|[from] item: Leftovers
|upkeep
|turn|2
|
|t:|1769357423
|-end|p1a: Dealer|Protosynthesis|[silent]
|switch|p1a: Unworthy of Name|Alomomola, M|100/100
|move|p2a: Great Tusk|Ice Spinner|p1a: Unworthy of Name
|-resisted|p1a: Unworthy of Name
|-damage|p1a: Unworthy of Name|93/100
|-damage|p2a: Great Tusk|84/100|[from] item: Rocky Helmet|[of] p1a: Unworthy of Name
|
|upkeep
|turn|3
|
|t:|1769357431
|move|p1a: Unworthy of Name|Protect|p1a: Unworthy of Name
|-singleturn|p1a: Unworthy of Name|Protect
|move|p2a: Great Tusk|Stealth Rock|p1a: Unworthy of Name
|-sidestart|p1: kuzwa|move: Stealth Rock
|
|upkeep
|turn|4
|
|t:|1769357435
|move|p2a: Great Tusk|Rapid Spin|p1a: Unworthy of Name
|-damage|p1a: Unworthy of Name|83/100
|-boost|p2a: Great Tusk|spe|1
|-damage|p2a: Great Tusk|67/100|[from] item: Rocky Helmet|[of] p1a: Unworthy of Name
|-sideend|p2: adriancitokeloke|Stealth Rock|[from] move: Rapid Spin|[of] p2a: Great Tusk
|move|p1a: Unworthy of Name|Wish|p1a: Unworthy of Name
|
|upkeep
|turn|5
|
|t:|1769357440
|-end|p2a: Great Tusk|Protosynthesis|[silent]
|switch|p2a: Pecharunt|Pecharunt|100/100
|move|p1a: Unworthy of Name|Flip Turn|p2a: Pecharunt
|-damage|p2a: Pecharunt|93/100
|
|t:|1769357442
|switch|p1a: Dealer|Great Tusk|67/100|[from] Flip Turn
|-damage|p1a: Dealer|64/100|[from] Stealth Rock
|
|-heal|p1a: Dealer|100/100|[from] move: Wish|[wisher] Unworthy of Name
|upkeep
|turn|6
|
|t:|1769357447
|-terastallize|p2a: Pecharunt|Flying
|move|p1a: Dealer|Headlong Rush|p2a: Pecharunt
|-immune|p2a: Pecharunt
|move|p2a: Pecharunt|Malignant Chain|p1a: Dealer
|-resisted|p1a: Dealer
|-damage|p1a: Dealer|80/100
|-status|p1a: Dealer|tox
|-start|p1a: Dealer|confusion|[from] ability: Poison Puppeteer|[of] p2a: Pecharunt
|
|-heal|p1a: Dealer|86/100 tox|[from] item: Leftovers
|-damage|p1a: Dealer|80/100 tox|[from] psn
|upkeep
|turn|7
|
|t:|1769357457
|-activate|p1a: Dealer|confusion
|-damage|p1a: Dealer|71/100 tox|[from] confusion
|move|p2a: Pecharunt|Shadow Ball|p1a: Dealer
|-damage|p1a: Dealer|36/100 tox
|
|-heal|p1a: Dealer|42/100 tox|[from] item: Leftovers
|-damage|p1a: Dealer|30/100 tox|[from] psn
|upkeep
|turn|8
|
|t:|1769357464
|-activate|p1a: Dealer|confusion
|move|p1a: Dealer|Stealth Rock|p2a: Pecharunt
|-sidestart|p2: adriancitokeloke|move: Stealth Rock
|move|p2a: Pecharunt|Shadow Ball|p1a: Dealer
|-damage|p1a: Dealer|0 fnt
|faint|p1a: Dealer
|-end|p1a: Dealer|Protosynthesis|[silent]
|
|upkeep
|
|t:|1769357468
|switch|p1a: Joga|Grafaiai, M|100/100
|turn|9
|
|t:|1769357490
|move|p1a: Joga|Encore|p2a: Pecharunt
|-start|p2a: Pecharunt|Encore
|move|p2a: Pecharunt|Shadow Ball|p1a: Joga
|-immune|p1a: Joga
|
|upkeep
|turn|10
|
|t:|1769357500
|switch|p2a: Great Tusk|Great Tusk|67/100
|move|p1a: Joga|Knock Off|p2a: Great Tusk
|-resisted|p2a: Great Tusk
|-damage|p2a: Great Tusk|59/100
|-enditem|p2a: Great Tusk|Heavy-Duty Boots|[from] move: Knock Off|[of] p1a: Joga
|
|upkeep
|turn|11
|
|t:|1769357507
|move|p1a: Joga|Parting Shot|p2a: Great Tusk
|-unboost|p2a: Great Tusk|atk|1
|-unboost|p2a: Great Tusk|spa|1
|
|t:|1769357508
|switch|p1a: Love and ABCs|Dragapult, M|100/100|[from] Parting Shot
|-damage|p1a: Love and ABCs|88/100|[from] Stealth Rock
|move|p2a: Great Tusk|Rapid Spin|p1a: Love and ABCs
|-immune|p1a: Love and ABCs
|
|upkeep
|turn|12
|
|t:|1769357512
|move|p1a: Love and ABCs|Will-O-Wisp|p2a: Great Tusk
|-status|p2a: Great Tusk|brn
|move|p2a: Great Tusk|Headlong Rush|p1a: Love and ABCs
|-damage|p1a: Love and ABCs|58/100
|-unboost|p2a: Great Tusk|def|1
|-unboost|p2a: Great Tusk|spd|1
|
|-damage|p2a: Great Tusk|53/100 brn|[from] brn
|upkeep
|turn|13
|
|t:|1769357518
|move|p1a: Love and ABCs|Hex|p2a: Great Tusk
|-damage|p2a: Great Tusk|0 fnt
|faint|p2a: Great Tusk
|-end|p2a: Great Tusk|Protosynthesis|[silent]
|
|upkeep
|
|t:|1769357526
|switch|p2a: Samurott|Samurott-Hisui, M, shiny|100/100
|-damage|p2a: Samurott|88/100|[from] Stealth Rock
|turn|14
|
|t:|1769357540
|move|p1a: Love and ABCs|U-turn|p2a: Samurott
|-supereffective|p2a: Samurott
|-damage|p2a: Samurott|42/100
|
|t:|1769357542
|switch|p1a: Unworthy of Name|Alomomola, M|100/100|[from] U-turn
|-damage|p1a: Unworthy of Name|88/100|[from] Stealth Rock
|move|p2a: Samurott|Ceaseless Edge|p1a: Unworthy of Name
|-damage|p1a: Unworthy of Name|59/100
|-damage|p2a: Samurott|26/100|[from] item: Rocky Helmet|[of] p1a: Unworthy of Name
|-sidestart|p1: kuzwa|Spikes
|
|upkeep
|turn|15
|
|t:|1769357554
|switch|p2a: Pecharunt|Pecharunt, tera:Flying|93/100
|-damage|p2a: Pecharunt|68/100|[from] Stealth Rock
|move|p1a: Unworthy of Name|Wish|p1a: Unworthy of Name
|
|upkeep
|turn|16
|
|t:|1769357558
|move|p1a: Unworthy of Name|Protect|p1a: Unworthy of Name
|-singleturn|p1a: Unworthy of Name|Protect
|move|p2a: Pecharunt|Malignant Chain|p1a: Unworthy of Name
|-activate|p1a: Unworthy of Name|move: Protect
|
|-heal|p1a: Unworthy of Name|100/100|[from] move: Wish|[wisher] Unworthy of Name
|upkeep
|turn|17
|
|t:|1769357565
|move|p2a: Pecharunt|Recover|p2a: Pecharunt
|-heal|p2a: Pecharunt|100/100
|move|p1a: Unworthy of Name|Mirror Coat||[still]
|-fail|p1a: Unworthy of Name
|
|upkeep
|turn|18
|
|t:|1769357568
|move|p1a: Unworthy of Name|Protect|p1a: Unworthy of Name
|-singleturn|p1a: Unworthy of Name|Protect
|move|p2a: Pecharunt|Malignant Chain|p1a: Unworthy of Name
|-activate|p1a: Unworthy of Name|move: Protect
|
|upkeep
|turn|19
|
|t:|1769357572
|move|p2a: Pecharunt|Malignant Chain|p1a: Unworthy of Name
|-damage|p1a: Unworthy of Name|65/100
|-status|p1a: Unworthy of Name|tox
|-start|p1a: Unworthy of Name|confusion|[from] ability: Poison Puppeteer|[of] p2a: Pecharunt
|-activate|p1a: Unworthy of Name|confusion
|move|p1a: Unworthy of Name|Mirror Coat|p2a: Pecharunt
|-damage|p2a: Pecharunt|0 fnt
|faint|p2a: Pecharunt
|
|-damage|p1a: Unworthy of Name|59/100 tox|[from] psn
|upkeep
|
|t:|1769357589
|switch|p2a: Samurott|Samurott-Hisui, M, shiny|26/100
|-damage|p2a: Samurott|13/100|[from] Stealth Rock
|turn|20
|
|t:|1769357593
|move|p2a: Samurott|Knock Off|p1a: Unworthy of Name
|-damage|p1a: Unworthy of Name|28/100 tox
|-damage|p2a: Samurott|0 fnt|[from] item: Rocky Helmet|[of] p1a: Unworthy of Name
|faint|p2a: Samurott
|-activate|p1a: Unworthy of Name|confusion
|-damage|p1a: Unworthy of Name|23/100 tox|[from] confusion
|
|-damage|p1a: Unworthy of Name|11/100 tox|[from] psn
|upkeep
|
|t:|1769357601
|switch|p2a: Dragonite|Dragonite, F, shiny|100/100
|turn|21
|
|t:|1769357605
|move|p2a: Dragonite|Dragon Dance|p2a: Dragonite
|-boost|p2a: Dragonite|atk|1
|-boost|p2a: Dragonite|spe|1
|-activate|p1a: Unworthy of Name|confusion
|-damage|p1a: Unworthy of Name|7/100 tox|[from] confusion
|
|-damage|p1a: Unworthy of Name|0 fnt|[from] psn
|faint|p1a: Unworthy of Name
|upkeep
|
|t:|1769357608
|switch|p1a: Love and ABCs|Dragapult, M|58/100
|-damage|p1a: Love and ABCs|46/100|[from] Stealth Rock
|-damage|p1a: Love and ABCs|33/100|[from] Spikes
|turn|22
|
|t:|1769357619
|move|p2a: Dragonite|Earthquake|p1a: Love and ABCs
|-damage|p1a: Love and ABCs|0 fnt
|faint|p1a: Love and ABCs
|
|upkeep
|
|t:|1769357634
|switch|p1a: Emergency|Weezing-Galar, M|100/100
|-ability|p1a: Emergency|Neutralizing Gas
|turn|23
|
|t:|1769357639
|-terastallize|p1a: Emergency|Flying
|move|p2a: Dragonite|Earthquake|p1a: Emergency
|-immune|p1a: Emergency
|move|p1a: Emergency|Toxic|p2a: Dragonite
|-status|p2a: Dragonite|tox
|
|-damage|p2a: Dragonite|94/100 tox|[from] psn
|upkeep
|turn|24
|
|t:|1769357643
|move|p2a: Dragonite|Dragon Dance|p2a: Dragonite
|-boost|p2a: Dragonite|atk|1
|-boost|p2a: Dragonite|spe|1
|move|p1a: Emergency|Haze|p1a: Emergency
|-clearallboost
|
|-damage|p2a: Dragonite|82/100 tox|[from] psn
|upkeep
|turn|25
|
|t:|1769357645
|move|p2a: Dragonite|Extreme Speed|p1a: Emergency
|-damage|p1a: Emergency|83/100
|move|p1a: Emergency|Taunt|p2a: Dragonite
|-start|p2a: Dragonite|move: Taunt
|
|-damage|p2a: Dragonite|63/100 tox|[from] psn
|upkeep
|turn|26
|
|t:|1769357651
|switch|p2a: Iron Crown|Iron Crown|100/100
|-damage|p2a: Iron Crown|94/100|[from] Stealth Rock
|move|p1a: Emergency|Flamethrower|p2a: Iron Crown
|-supereffective|p2a: Iron Crown
|-damage|p2a: Iron Crown|71/100
|
|upkeep
|turn|27
|
|t:|1769357655
|move|p2a: Iron Crown|Volt Switch|p1a: Emergency
|-supereffective|p1a: Emergency
|-damage|p1a: Emergency|24/100
|
|t:|1769357660
|-end|p2a: Iron Crown|Quark Drive|[silent]
|switch|p2a: Iron Valiant|Iron Valiant, shiny|100/100|[from] Volt Switch
|-damage|p2a: Iron Valiant|94/100|[from] Stealth Rock
|move|p1a: Emergency|Flamethrower|p2a: Iron Valiant
|-damage|p2a: Iron Valiant|60/100
|
|upkeep
|turn|28
|
|t:|1769357663
|-end|p1a: Emergency|ability: Neutralizing Gas
|switch|p1a: Miracle Musical|Slowking-Galar, M|100/100
|-enditem|p2a: Iron Valiant|Booster Energy
|-activate|p2a: Iron Valiant|ability: Quark Drive|[fromitem]
|-start|p2a: Iron Valiant|quarkdrivespe
|move|p2a: Iron Valiant|Thunderbolt|p1a: Miracle Musical
|-damage|p1a: Miracle Musical|82/100
|
|upkeep
|turn|29
|
|t:|1769357680
|move|p2a: Iron Valiant|Shadow Ball|p1a: Miracle Musical
|-supereffective|p1a: Miracle Musical
|-damage|p1a: Miracle Musical|49/100
|-unboost|p1a: Miracle Musical|spd|1
|move|p1a: Miracle Musical|Future Sight|p2a: Iron Valiant
|-start|p1a: Miracle Musical|move: Future Sight
|
|upkeep
|turn|30
|
|t:|1769357683
|move|p2a: Iron Valiant|Shadow Ball|p1a: Miracle Musical
|-supereffective|p1a: Miracle Musical
|-damage|p1a: Miracle Musical|2/100
|-unboost|p1a: Miracle Musical|spd|1
|-prepare|p1a: Miracle Musical|Chilly Reception|[premajor]
|move|p1a: Miracle Musical|Chilly Reception|p1a: Miracle Musical
|-weather|Snowscape
|
|t:|1769357687
|switch|p1a: Joga|Grafaiai, M|100/100|[from] Chilly Reception
|
|-weather|Snowscape|[upkeep]
|upkeep
|turn|31
|
|t:|1769357697
|move|p2a: Iron Valiant|Vacuum Wave|p1a: Joga
|-damage|p1a: Joga|80/100
|move|p1a: Joga|Parting Shot|p2a: Iron Valiant
|-unboost|p2a: Iron Valiant|atk|1
|-unboost|p2a: Iron Valiant|spa|1
|
|t:|1769357699
|switch|p1a: Miracle Musical|Slowking-Galar, M|35/100|[from] Parting Shot
|
|-weather|Snowscape|[upkeep]
|-end|p2a: Iron Valiant|move: Future Sight
|-supereffective|p2a: Iron Valiant
|-damage|p2a: Iron Valiant|0 fnt
|faint|p2a: Iron Valiant
|-end|p2a: Iron Valiant|Quark Drive|[silent]
|upkeep
|
|t:|1769357703
|switch|p2a: Dragonite|Dragonite, F, shiny|63/100 tox
|turn|32
|
|t:|1769357707
|switch|p1a: Emergency|Weezing-Galar, M, tera:Flying|24/100
|-ability|p1a: Emergency|Neutralizing Gas
|move|p2a: Dragonite|Earthquake|p1a: Emergency
|-immune|p1a: Emergency
|
|-weather|Snowscape|[upkeep]
|-damage|p2a: Dragonite|57/100 tox|[from] psn
|upkeep
|turn|33
|
|t:|1769357709
|move|p2a: Dragonite|Extreme Speed|p1a: Emergency
|-damage|p1a: Emergency|5/100
|move|p1a: Emergency|Flamethrower|p2a: Dragonite
|-resisted|p2a: Dragonite
|-damage|p2a: Dragonite|48/100 tox
|
|-weather|Snowscape|[upkeep]
|-damage|p2a: Dragonite|36/100 tox|[from] psn
|upkeep
|turn|34
|
|t:|1769357716
|-end|p1a: Emergency|ability: Neutralizing Gas
|switch|p1a: Miracle Musical|Slowking-Galar, M|68/100
|move|p2a: Dragonite|Roost|p2a: Dragonite
|-heal|p2a: Dragonite|86/100 tox
|-singleturn|p2a: Dragonite|move: Roost
|
|-weather|none
|-damage|p2a: Dragonite|67/100 tox|[from] psn
|upkeep
|turn|35
|
|t:|1769357723
|switch|p1a: Emergency|Weezing-Galar, M, tera:Flying|5/100
|-ability|p1a: Emergency|Neutralizing Gas
|move|p2a: Dragonite|Dragon Dance|p2a: Dragonite
|-boost|p2a: Dragonite|atk|1
|-boost|p2a: Dragonite|spe|1
|
|-damage|p2a: Dragonite|42/100 tox|[from] psn
|upkeep
|turn|36
|
|t:|1769357725
|move|p2a: Dragonite|Extreme Speed|p1a: Emergency
|-damage|p1a: Emergency|0 fnt
|faint|p1a: Emergency
|-end|p1a: Emergency|ability: Neutralizing Gas
|
|-damage|p2a: Dragonite|12/100 tox|[from] psn
|upkeep
|
|t:|1769357729
|switch|p1a: Joga|Grafaiai, M|80/100
|turn|37
|
|t:|1769357732
|move|p1a: Joga|Parting Shot|p2a: Dragonite
|-unboost|p2a: Dragonite|atk|1
|-unboost|p2a: Dragonite|spa|1
|
|t:|1769357734
|switch|p1a: Miracle Musical|Slowking-Galar, M|100/100|[from] Parting Shot
|move|p2a: Dragonite|Earthquake|p1a: Miracle Musical
|-supereffective|p1a: Miracle Musical
|-damage|p1a: Miracle Musical|31/100
|
|-damage|p2a: Dragonite|0 fnt|[from] psn
|faint|p2a: Dragonite
|upkeep
|
|t:|1769357741
|switch|p2a: Iron Crown|Iron Crown|71/100
|-damage|p2a: Iron Crown|64/100|[from] Stealth Rock
|turn|38
|
|t:|1769357748
|switch|p1a: Joga|Grafaiai, M|80/100
|move|p2a: Iron Crown|Tachyon Cutter|p1a: Joga
|-damage|p1a: Joga|51/100
|-damage|p1a: Joga|25/100
|-hitcount|p1a: Joga|2
|
|upkeep
|turn|39
|
|t:|1769357754
|move|p1a: Joga|Parting Shot|p2a: Iron Crown
|-unboost|p2a: Iron Crown|atk|1
|-unboost|p2a: Iron Crown|spa|1
|
|t:|1769357756
|switch|p1a: Miracle Musical|Slowking-Galar, M|65/100|[from] Parting Shot
|move|p2a: Iron Crown|Psychic Noise|p1a: Miracle Musical
|-damage|p1a: Miracle Musical|49/100
|-start|p1a: Miracle Musical|move: Heal Block
|
|upkeep
|turn|40
|
|t:|1769357769
|move|p2a: Iron Crown|Volt Switch|p1a: Miracle Musical
|-damage|p1a: Miracle Musical|39/100
|-prepare|p1a: Miracle Musical|Chilly Reception|[premajor]
|move|p1a: Miracle Musical|Chilly Reception|p1a: Miracle Musical
|-weather|Snowscape
|
|t:|1769357771
|switch|p1a: Joga|Grafaiai, M|25/100|[from] Chilly Reception
|
|-weather|Snowscape|[upkeep]
|upkeep
|turn|41
|
|t:|1769357774
|move|p1a: Joga|Parting Shot|p2a: Iron Crown
|-unboost|p2a: Iron Crown|atk|1
|-unboost|p2a: Iron Crown|spa|1
|
|t:|1769357776
|switch|p1a: Miracle Musical|Slowking-Galar, M|72/100|[from] Parting Shot
|move|p2a: Iron Crown|Psychic Noise|p1a: Miracle Musical
|-damage|p1a: Miracle Musical|61/100
|-start|p1a: Miracle Musical|move: Heal Block
|
|-weather|Snowscape|[upkeep]
|upkeep
|turn|42
|
|t:|1769357778
|move|p2a: Iron Crown|Psychic Noise|p1a: Miracle Musical
|-damage|p1a: Miracle Musical|50/100
|move|p1a: Miracle Musical|Future Sight|p2a: Iron Crown
|-start|p1a: Miracle Musical|move: Future Sight
|
|-weather|Snowscape|[upkeep]
|-end|p1a: Miracle Musical|move: Heal Block
|upkeep
|turn|43
|
|t:|1769357783
|move|p2a: Iron Crown|Future Sight|p1a: Miracle Musical
|-start|p2a: Iron Crown|move: Future Sight
|move|p1a: Miracle Musical|Thunder Wave|p2a: Iron Crown
|-status|p2a: Iron Crown|par
|
|-weather|Snowscape|[upkeep]
|upkeep
|turn|44
|
|t:|1769357785
|move|p2a: Iron Crown|Psychic Noise|p1a: Miracle Musical
|-damage|p1a: Miracle Musical|40/100
|-start|p1a: Miracle Musical|move: Heal Block
|-prepare|p1a: Miracle Musical|Chilly Reception|[premajor]
|move|p1a: Miracle Musical|Chilly Reception|p1a: Miracle Musical
|
|t:|1769357787
|switch|p1a: Joga|Grafaiai, M|25/100|[from] Chilly Reception
|
|-weather|none
|-end|p2a: Iron Crown|move: Future Sight
|-resisted|p2a: Iron Crown
|-damage|p2a: Iron Crown|58/100 par
|upkeep
|turn|45
|
|t:|1769357789
|move|p1a: Joga|Parting Shot|p2a: Iron Crown
|-unboost|p2a: Iron Crown|atk|1
|-unboost|p2a: Iron Crown|spa|1
|
|t:|1769357790
|switch|p1a: Miracle Musical|Slowking-Galar, M|73/100|[from] Parting Shot
|cant|p2a: Iron Crown|par
|
|-end|p1a: Miracle Musical|move: Future Sight
|-damage|p1a: Miracle Musical|58/100
|upkeep
|turn|46
|
|t:|1769357792
|move|p2a: Iron Crown|Psychic Noise|p1a: Miracle Musical
|-damage|p1a: Miracle Musical|50/100
|-start|p1a: Miracle Musical|move: Heal Block
|-prepare|p1a: Miracle Musical|Chilly Reception|[premajor]
|move|p1a: Miracle Musical|Chilly Reception|p1a: Miracle Musical
|-weather|Snowscape
|
|t:|1769357794
|switch|p1a: Joga|Grafaiai, M|25/100|[from] Chilly Reception
|
|-weather|Snowscape|[upkeep]
|upkeep
|turn|47
|
|t:|1769357797
|move|p1a: Joga|Knock Off|p2a: Iron Crown
|-supereffective|p2a: Iron Crown
|-damage|p2a: Iron Crown|11/100 par
|-enditem|p2a: Iron Crown|Assault Vest|[from] move: Knock Off|[of] p1a: Joga
|move|p2a: Iron Crown|Future Sight|p1a: Joga
|-start|p2a: Iron Crown|move: Future Sight
|
|-weather|Snowscape|[upkeep]
|upkeep
|turn|48
|
|t:|1769357804
|move|p1a: Joga|Knock Off|p2a: Iron Crown
|-supereffective|p2a: Iron Crown
|-damage|p2a: Iron Crown|0 fnt
|faint|p2a: Iron Crown
|-end|p2a: Iron Crown|Quark Drive|[silent]
|
|win|kuzwa
|raw|kuzwa's rating: 1159 &rarr; <strong>1190</strong><br />(+31 for winning)
|raw|adriancitokeloke's rating: 1237 &rarr; <strong>1206</strong><br />(-31 for losing)
|c|☆kuzwa|Gg
|c|☆adriancitokeloke|Gg
