|j|☆pacole
|j|☆Aggrhy
|t:|1769364230
|gametype|singles
|player|p1|pacole|265|1439
|player|p2|Aggrhy|red-masters|1399
|gen|9
|tier|[Gen 9] OU
|rated|
|rule|HP Percentage Mod: HP is shown in percentages
|rule|Endless Battle Clause: Forcing endless battles is banned
|rule|Species Clause: Limit one of each Pokémon
|rule|OHKO Clause: OHKO moves are banned
|rule|Evasion Items Clause: Evasion items are banned
|rule|Evasion Moves Clause: Evasion moves are banned
|rule|Evasion Abilities Clause: Evasion abilities are banned
|rule|Sleep Moves Clause: Sleep-inducing moves are banned
|clearpoke
|poke|p1|Corviknight, F|
|poke|p1|Clodsire, M|
|poke|p1|Ogerpon-Wellspring, F|
|poke|p1|Heatran, M|
|poke|p1|Dragapult, F|
|poke|p1|Scizor, M|
|poke|p2|Iron Hands|
|poke|p2|Arboliva, F|
|poke|p2|Clefable, F|
|poke|p2|Polteageist-Antique|
|poke|p2|Indeedee, M|
|poke|p2|Corviknight, F|
|teampreview
|inactive|Battle timer is ON: inactive players will automatically lose when time's up. (requested by Aggrhy)
|
|t:|1769364239
|teamsize|p1|6
|teamsize|p2|6
|start
|switch|p1a: Scizor|Scizor, M|100/100
|switch|p2a: Indeedee|Indeedee, M|100/100
|-fieldstart|move: Psychic Terrain|[from] ability: Psychic Surge|[of] p2a: Indeedee
|turn|1
|
|t:|1769364249
|move|p1a: Scizor|U-turn|p2a: Indeedee
|-supereffective|p2a: Indeedee
|-damage|p2a: Indeedee|0 fnt
|faint|p2a: Indeedee
|
|t:|1769364255
|switch|p1a: Clodsire|Clodsire, M|100/100|[from] U-turn
|
|upkeep
|
|t:|1769364260
|switch|p2a: Polteageist|Polteageist-Antique|100/100
|turn|2
|
|t:|1769364264
|move|p2a: Polteageist|Shell Smash|p2a: Polteageist
|-unboost|p2a: Polteageist|def|1
|-unboost|p2a: Polteageist|spd|1
|-boost|p2a: Polteageist|atk|2
|-boost|p2a: Polteageist|spa|2
|-boost|p2a: Polteageist|spe|2
|move|p1a: Clodsire|Toxic|p2a: Polteageist
|-status|p2a: Polteageist|tox
|
|-damage|p2a: Polteageist|94/100 tox|[from] psn
|upkeep
|turn|3
|
|t:|1769364283
|move|p2a: Polteageist|Stored Power|p1a: Clodsire
|-supereffective|p1a: Clodsire
|-damage|p1a: Clodsire|22/100
|move|p1a: Clodsire|Earth Power|p2a: Polteageist
|-damage|p2a: Polteageist|74/100 tox
|
|-heal|p1a: Clodsire|29/100|[from] item: Leftovers
|-damage|p2a: Polteageist|62/100 tox|[from] psn
|upkeep
|turn|4
|
|t:|1769364294
|move|p1a: Clodsire|Protect|p1a: Clodsire
|-singleturn|p1a: Clodsire|Protect
|move|p2a: Polteageist|Stored Power|p1a: Clodsire
|-activate|p1a: Clodsire|move: Protect
|
|-heal|p1a: Clodsire|35/100|[from] item: Leftovers
|-damage|p2a: Polteageist|43/100 tox|[from] psn
|upkeep
|turn|5
|
|t:|1769364303
|switch|p1a: Heatran|Heatran, M|100/100
|move|p2a: Polteageist|Stored Power|p1a: Heatran
|-resisted|p1a: Heatran
|-damage|p1a: Heatran|62/100
|
|-damage|p2a: Polteageist|19/100 tox|[from] psn
|upkeep
|turn|6
|
|t:|1769364314
|switch|p1a: Clodsire|Clodsire, M|35/100
|move|p2a: Polteageist|Shadow Ball|p1a: Clodsire
|-damage|p1a: Clodsire|10/100
|
|-heal|p1a: Clodsire|16/100|[from] item: Leftovers
|-damage|p2a: Polteageist|0 fnt|[from] psn
|faint|p2a: Polteageist
|upkeep
|
|t:|1769364334
|switch|p2a: Arboliva|Arboliva, F|100/100
|turn|7
|
|t:|1769364339
|move|p2a: Arboliva|Giga Drain|p1a: Clodsire
|-damage|p1a: Clodsire|0 fnt
|faint|p1a: Clodsire
|
|upkeep
|
|t:|1769364345
|switch|p1a: Scizor|Scizor, M|100/100
|turn|8
|
|t:|1769364348
|switch|p2a: Corviknight|Corviknight, F|100/100
|-ability|p2a: Corviknight|Pressure
|move|p1a: Scizor|U-turn|p2a: Corviknight
|-resisted|p2a: Corviknight
|-crit|p2a: Corviknight
|-damage|p2a: Corviknight|91/100
|
|t:|1769364356
|switch|p1a: Heatran|Heatran, M|62/100|[from] U-turn
|
|-fieldend|move: Psychic Terrain
|upkeep
|turn|9
|
|t:|1769364363
|move|p1a: Heatran|Magma Storm|p2a: Corviknight
|-supereffective|p2a: Corviknight
|-damage|p2a: Corviknight|0 fnt
|faint|p2a: Corviknight
|
|upkeep
|
|t:|1769364370
|switch|p2a: Arboliva|Arboliva, F|100/100
|turn|10
|
|t:|1769364375
|move|p1a: Heatran|Magma Storm|p2a: Arboliva
|-supereffective|p2a: Arboliva
|-damage|p2a: Arboliva|33/100
|-activate|p2a: Arboliva|move: Magma Storm|[of] p1a: Heatran
|-fieldstart|move: Grassy Terrain|[from] ability: Seed Sower|[of] p2a: Arboliva
|move|p2a: Arboliva|Earth Power|p1a: Heatran
|-supereffective|p1a: Heatran
|-damage|p1a: Heatran|0 fnt
|faint|p1a: Heatran
|
|-heal|p2a: Arboliva|39/100|[from] Grassy Terrain
|-end|p2a: Arboliva|Magma Storm|[partiallytrapped]|[silent]
|upkeep
|
|t:|1769364389
|switch|p1a: Scizor|Scizor, M|100/100
|turn|11
|
|t:|1769364393
|switch|p2a: Clefable|Clefable, F|100/100
|move|p1a: Scizor|U-turn|p2a: Clefable
|-resisted|p2a: Clefable
|-damage|p2a: Clefable|86/100
|
|t:|1769364399
|switch|p1a: Ogerpon|Ogerpon-Wellspring, F|100/100|[from] U-turn
|
|-heal|p2a: Clefable|92/100|[from] Grassy Terrain
|upkeep
|turn|12
|
|t:|1769364407
|move|p1a: Ogerpon|Swords Dance|p1a: Ogerpon
|-boost|p1a: Ogerpon|atk|2
|move|p2a: Clefable|Moonblast|p1a: Ogerpon
|-damage|p1a: Ogerpon|65/100
|
|-heal|p1a: Ogerpon|71/100|[from] Grassy Terrain
|-heal|p2a: Clefable|98/100|[from] Grassy Terrain
|upkeep
|turn|13
|
|t:|1769364417
|move|p1a: Ogerpon|Ivy Cudgel|p2a: Clefable|[anim] Ivy Cudgel Water
|-damage|p2a: Clefable|55/100
|move|p2a: Clefable|Moonblast|p1a: Ogerpon
|-damage|p1a: Ogerpon|32/100
|
|-heal|p1a: Ogerpon|38/100|[from] Grassy Terrain
|-heal|p2a: Clefable|61/100|[from] Grassy Terrain
|upkeep
|turn|14
|
|t:|1769364426
|move|p1a: Ogerpon|Horn Leech|p2a: Clefable
|-damage|p2a: Clefable|17/100
|-heal|p1a: Ogerpon|67/100|[from] drain|[of] p2a: Clefable
|move|p2a: Clefable|Moonblast|p1a: Ogerpon
|-damage|p1a: Ogerpon|27/100
|
|-heal|p1a: Ogerpon|33/100|[from] Grassy Terrain
|-heal|p2a: Clefable|23/100|[from] Grassy Terrain
|-fieldend|move: Grassy Terrain
|upkeep
|turn|15
|
|t:|1769364437
|move|p1a: Ogerpon|Ivy Cudgel|p2a: Clefable|[anim] Ivy Cudgel Water
|-damage|p2a: Clefable|0 fnt
|faint|p2a: Clefable
|
|upkeep
|
|t:|1769364443
|switch|p2a: Iron Hands|Iron Hands|100/100
|turn|16
|
|t:|1769364447
|-terastallize|p1a: Ogerpon|Water
|detailschange|p1a: Ogerpon|Ogerpon-Wellspring-Tera, F, tera:Water
|-ability|p1a: Ogerpon|Embody Aspect (Wellspring)|boost
|-boost|p1a: Ogerpon|spd|1
|move|p1a: Ogerpon|Ivy Cudgel|p2a: Iron Hands|[anim] Ivy Cudgel Water
|-damage|p2a: Iron Hands|17/100
|move|p2a: Iron Hands|Drain Punch|p1a: Ogerpon
|-damage|p1a: Ogerpon|0 fnt
|-heal|p2a: Iron Hands|28/100|[from] drain|[of] p1a: Ogerpon
|faint|p1a: Ogerpon
|detailschange|p1: Ogerpon|Ogerpon-Wellspring, F|[silent]
|
|upkeep
|
|t:|1769364459
|switch|p1a: Dragapult|Dragapult, F|100/100
|turn|17
|
|t:|1769364465
|-end|p2a: Iron Hands|Quark Drive|[silent]
|switch|p2a: Arboliva|Arboliva, F|39/100
|move|p1a: Dragapult|Draco Meteor|p2a: Arboliva
|-damage|p2a: Arboliva|0 fnt
|-unboost|p1a: Dragapult|spa|2
|-fieldstart|move: Grassy Terrain|[from] ability: Seed Sower|[of] p2a: Arboliva
|faint|p2a: Arboliva
|
|upkeep
|
|t:|1769364476
|switch|p2a: Iron Hands|Iron Hands|28/100
|turn|18
|
|t:|1769364479
|move|p1a: Dragapult|Draco Meteor|p2a: Iron Hands
|-damage|p2a: Iron Hands|0 fnt
|-unboost|p1a: Dragapult|spa|2
|faint|p2a: Iron Hands
|-end|p2a: Iron Hands|Quark Drive|[silent]
|
|win|pacole
|raw|pacole's rating: 1439 &rarr; <strong>1457</strong><br />(+18 for winning)
|raw|Aggrhy's rating: 1399 &rarr; <strong>1381</strong><br />(-18 for losing)
|l|☆Aggrhy
|player|p2|
|l|☆pacole
|player|p1|
