|j|☆CambridgeFoulPlay
|j|☆Auburn Hills
|t:|1769369905
|gametype|singles
|player|p1|CambridgeFoulPlay|266|1703
|player|p2|Auburn Hills|alder|1710
|gen|9
|tier|[Gen 9] OU
|rated|
|rule|HP Percentage Mod: HP is shown in percentages
|rule|Endless Battle Clause: Forcing endless battles is banned
|rule|Species Clause: Limit one of each Pokémon
|rule|OHKO Clause: OHKO moves are banned
|rule|Evasion Items Clause: Evasion items are banned
|rule|Evasion Moves Clause: Evasion moves are banned
|rule|Evasion Abilities Clause: Evasion abilities are banned
|rule|Sleep Moves Clause: Sleep-inducing moves are banned
|clearpoke
|poke|p1|Hydrapple, M|
|poke|p1|Tyranitar, F|
|poke|p1|Moltres|
|poke|p1|Zamazenta-*|
|poke|p1|Slowking-Galar, M|
|poke|p1|Excadrill, F|
|poke|p2|Iron Moth|
|poke|p2|Umbreon, F|
|poke|p2|Garchomp, M|
|poke|p2|Glimmora, F|
|poke|p2|Gholdengo|
|poke|p2|Dragonite, M|
|teampreview
|c|☆CambridgeFoulPlay|hf
|inactive|Battle timer is ON: inactive players will automatically lose when time's up. (requested by CambridgeFoulPlay)
|inactive|Auburn Hills has 120 seconds left.
|
|t:|1769369953
|teamsize|p1|6
|teamsize|p2|6
|start
|switch|p1a: Tyranitar|Tyranitar, F|100/100
|switch|p2a: Rat Tally|Garchomp, M|100/100
|-weather|Sandstorm|[from] ability: Sand Stream|[of] p1a: Tyranitar
|turn|1
|
|t:|1769369956
|-terastallize|p2a: Rat Tally|Electric
|move|p2a: Rat Tally|Earthquake|p1a: Tyranitar
|-supereffective|p1a: Tyranitar
|-damage|p1a: Tyranitar|26/100
|move|p1a: Tyranitar|Ice Beam|p2a: Rat Tally
|-damage|p2a: Rat Tally|77/100
|
|-weather|Sandstorm|[upkeep]
|-damage|p2a: Rat Tally|71/100|[from] Sandstorm
|upkeep
|turn|2
|
|t:|1769369959
|switch|p1a: Excadrill|Excadrill, F|100/100
|-item|p1a: Excadrill|Air Balloon
|move|p2a: Rat Tally|Scale Shot|p1a: Excadrill
|-resisted|p1a: Excadrill
|-damage|p1a: Excadrill|90/100
|-enditem|p1a: Excadrill|Air Balloon
|-resisted|p1a: Excadrill
|-damage|p1a: Excadrill|80/100
|-resisted|p1a: Excadrill
|-damage|p1a: Excadrill|71/100
|-resisted|p1a: Excadrill
|-damage|p1a: Excadrill|63/100
|-hitcount|p1a: Excadrill|4
|-unboost|p2a: Rat Tally|def|1
|-boost|p2a: Rat Tally|spe|1
|
|-weather|Sandstorm|[upkeep]
|-damage|p2a: Rat Tally|64/100|[from] Sandstorm
|upkeep
|turn|3
|
|t:|1769369961
|switch|p2a: Elucid|Dragonite, M|100/100
|move|p1a: Excadrill|Earthquake|p2a: Elucid
|-immune|p2a: Elucid
|
|-weather|Sandstorm|[upkeep]
|-damage|p2a: Elucid|94/100|[from] Sandstorm
|upkeep
|turn|4
|
|t:|1769369964
|move|p1a: Excadrill|Iron Head|p2a: Elucid
|-damage|p2a: Elucid|46/100
|move|p2a: Elucid|Earthquake|p1a: Excadrill
|-supereffective|p1a: Excadrill
|-damage|p1a: Excadrill|0 fnt
|faint|p1a: Excadrill
|
|-weather|Sandstorm|[upkeep]
|-damage|p2a: Elucid|40/100|[from] Sandstorm
|upkeep
|
|t:|1769369968
|switch|p1a: Hydrapple|Hydrapple, M|100/100
|turn|5
|
|t:|1769369981
|move|p2a: Elucid|Ice Spinner|p1a: Hydrapple
|-supereffective|p1a: Hydrapple
|-damage|p1a: Hydrapple|25/100
|move|p1a: Hydrapple|Fickle Beam|p2a: Elucid
|-supereffective|p2a: Elucid
|-damage|p2a: Elucid|0 fnt
|faint|p2a: Elucid
|
|-weather|Sandstorm|[upkeep]
|-damage|p1a: Hydrapple|19/100|[from] Sandstorm
|upkeep
|
|t:|1769369985
|switch|p2a: Rat Tally|Garchomp, M, tera:Electric|64/100
|turn|6
|
|t:|1769369987
|switch|p1a: Zamazenta|Zamazenta|100/100
|-ability|p1a: Zamazenta|Dauntless Shield|boost
|-boost|p1a: Zamazenta|def|1
|move|p2a: Rat Tally|Scale Shot|p1a: Zamazenta
|-damage|p1a: Zamazenta|94/100
|-damage|p1a: Zamazenta|87/100
|-damage|p1a: Zamazenta|80/100
|-damage|p1a: Zamazenta|74/100
|-hitcount|p1a: Zamazenta|4
|-unboost|p2a: Rat Tally|def|1
|-boost|p2a: Rat Tally|spe|1
|
|-weather|Sandstorm|[upkeep]
|-damage|p2a: Rat Tally|58/100|[from] Sandstorm
|-damage|p1a: Zamazenta|68/100|[from] Sandstorm
|-heal|p1a: Zamazenta|74/100|[from] item: Leftovers
|upkeep
|turn|7
|
|t:|1769369991
|switch|p2a: Smino|Gholdengo|100/100
|move|p1a: Zamazenta|Body Press|p2a: Smino
|-immune|p2a: Smino
|
|-weather|Sandstorm|[upkeep]
|-damage|p1a: Zamazenta|68/100|[from] Sandstorm
|-heal|p1a: Zamazenta|74/100|[from] item: Leftovers
|upkeep
|turn|8
|
|t:|1769369994
|move|p2a: Smino|Trick|p1a: Zamazenta
|-activate|p2a: Smino|move: Trick|[of] p1a: Zamazenta
|-item|p1a: Zamazenta|Choice Scarf|[from] move: Trick
|-item|p2a: Smino|Leftovers|[from] move: Trick
|move|p1a: Zamazenta|Crunch|p2a: Smino
|-supereffective|p2a: Smino
|-damage|p2a: Smino|55/100
|
|-weather|none
|-heal|p2a: Smino|61/100|[from] item: Leftovers
|upkeep
|turn|9
|
|t:|1769369997
|switch|p2a: Alvvays|Umbreon, F|100/100
|move|p1a: Zamazenta|Crunch|p2a: Alvvays
|-resisted|p2a: Alvvays
|-damage|p2a: Alvvays|93/100
|
|-heal|p2a: Alvvays|99/100|[from] item: Leftovers
|upkeep
|turn|10
|
|t:|1769370014
|switch|p1a: Hydrapple|Hydrapple, M|53/100
|move|p2a: Alvvays|Thunder Wave|p1a: Hydrapple
|-status|p1a: Hydrapple|par
|
|-heal|p2a: Alvvays|100/100|[from] item: Leftovers
|upkeep
|turn|11
|
|t:|1769370017
|switch|p2a: Julia Jacklin|Glimmora, F|100/100
|cant|p1a: Hydrapple|par
|
|upkeep
|turn|12
|
|t:|1769370020
|move|p2a: Julia Jacklin|Stealth Rock|p1a: Hydrapple
|-sidestart|p1: CambridgeFoulPlay|move: Stealth Rock
|move|p1a: Hydrapple|Earth Power|p2a: Julia Jacklin
|-supereffective|p2a: Julia Jacklin
|-enditem|p2a: Julia Jacklin|Focus Sash
|-damage|p2a: Julia Jacklin|1/100
|-unboost|p2a: Julia Jacklin|spd|1
|
|upkeep
|turn|13
|
|t:|1769370024
|switch|p1a: Slowking|Slowking-Galar, M|100/100
|-damage|p1a: Slowking|88/100|[from] Stealth Rock
|move|p2a: Julia Jacklin|Sludge Wave|p1a: Slowking
|-resisted|p1a: Slowking
|-damage|p1a: Slowking|74/100
|
|upkeep
|turn|14
|
|t:|1769370031
|switch|p1a: Hydrapple|Hydrapple, M|86/100 par
|move|p2a: Julia Jacklin|Earth Power|p1a: Hydrapple
|-resisted|p1a: Hydrapple
|-damage|p1a: Hydrapple|70/100 par
|
|upkeep
|turn|15
|
|t:|1769370033
|switch|p1a: Slowking|Slowking-Galar, M|100/100
|-damage|p1a: Slowking|88/100|[from] Stealth Rock
|move|p2a: Julia Jacklin|Earth Power|p1a: Slowking
|-supereffective|p1a: Slowking
|-damage|p1a: Slowking|57/100
|
|upkeep
|turn|16
|
|t:|1769370035
|move|p2a: Julia Jacklin|Earth Power|p1a: Slowking
|-supereffective|p1a: Slowking
|-damage|p1a: Slowking|25/100
|move|p1a: Slowking|Flamethrower|p2a: Julia Jacklin
|-resisted|p2a: Julia Jacklin
|-damage|p2a: Julia Jacklin|0 fnt
|faint|p2a: Julia Jacklin
|
|upkeep
|
|t:|1769370039
|switch|p2a: Rat Tally|Garchomp, M, tera:Electric|58/100
|turn|17
|
|t:|1769370042
|switch|p1a: Moltres|Moltres|100/100
|move|p2a: Rat Tally|Scale Shot|p1a: Moltres
|-damage|p1a: Moltres|92/100
|-damage|p1a: Moltres|82/100
|-crit|p1a: Moltres
|-damage|p1a: Moltres|68/100
|-damage|p1a: Moltres|59/100
|-damage|p1a: Moltres|50/100
|-hitcount|p1a: Moltres|5
|-unboost|p2a: Rat Tally|def|1
|-boost|p2a: Rat Tally|spe|1
|
|upkeep
|turn|18
|
|t:|1769370044
|move|p2a: Rat Tally|Tera Blast|p1a: Moltres|[anim] Tera Blast Electric
|-supereffective|p1a: Moltres
|-damage|p1a: Moltres|0 fnt
|faint|p1a: Moltres
|
|upkeep
|
|t:|1769370046
|switch|p1a: Hydrapple|Hydrapple, M|100/100 par
|turn|19
|
|t:|1769370060
|move|p2a: Rat Tally|Scale Shot|p1a: Hydrapple
|-supereffective|p1a: Hydrapple
|-damage|p1a: Hydrapple|84/100 par
|-supereffective|p1a: Hydrapple
|-damage|p1a: Hydrapple|69/100 par
|-supereffective|p1a: Hydrapple
|-damage|p1a: Hydrapple|53/100 par
|-supereffective|p1a: Hydrapple
|-damage|p1a: Hydrapple|38/100 par
|-hitcount|p1a: Hydrapple|4
|-unboost|p2a: Rat Tally|def|1
|-boost|p2a: Rat Tally|spe|1
|move|p1a: Hydrapple|Earth Power|p2a: Rat Tally
|-supereffective|p2a: Rat Tally
|-damage|p2a: Rat Tally|1/100
|
|upkeep
|turn|20
|
|t:|1769370063
|switch|p1a: Tyranitar|Tyranitar, F|26/100
|-damage|p1a: Tyranitar|13/100|[from] Stealth Rock
|-weather|Sandstorm|[from] ability: Sand Stream|[of] p1a: Tyranitar
|move|p2a: Rat Tally|Scale Shot|p1a: Tyranitar
|-damage|p1a: Tyranitar|3/100
|-damage|p1a: Tyranitar|0 fnt
|faint|p1a: Tyranitar
|-hitcount|p1: Tyranitar|2
|-unboost|p2a: Rat Tally|def|1
|-boost|p2a: Rat Tally|spe|1
|
|-weather|Sandstorm|[upkeep]
|-damage|p2a: Rat Tally|0 fnt|[from] Sandstorm
|faint|p2a: Rat Tally
|upkeep
|
|t:|1769370069
|switch|p2a: Smino|Gholdengo|61/100
|switch|p1a: Hydrapple|Hydrapple, M|71/100 par
|turn|21
|
|t:|1769370072
|move|p2a: Smino|Make It Rain|p1a: Hydrapple
|-damage|p1a: Hydrapple|10/100 par
|-unboost|p2a: Smino|spa|1
|move|p1a: Hydrapple|Earth Power|p2a: Smino
|-supereffective|p2a: Smino
|-damage|p2a: Smino|1/100
|
|-weather|Sandstorm|[upkeep]
|-damage|p1a: Hydrapple|4/100 par|[from] Sandstorm
|-heal|p2a: Smino|7/100|[from] item: Leftovers
|upkeep
|turn|22
|
|t:|1769370075
|switch|p1a: Zamazenta|Zamazenta|74/100
|-damage|p1a: Zamazenta|68/100|[from] Stealth Rock
|move|p2a: Smino|Shadow Ball|p1a: Zamazenta
|-damage|p1a: Zamazenta|40/100
|
|-weather|Sandstorm|[upkeep]
|-damage|p1a: Zamazenta|34/100|[from] Sandstorm
|-heal|p2a: Smino|13/100|[from] item: Leftovers
|upkeep
|turn|23
|
|t:|1769370078
|switch|p2a: Alvvays|Umbreon, F|100/100
|move|p1a: Zamazenta|Crunch|p2a: Alvvays
|-resisted|p2a: Alvvays
|-damage|p2a: Alvvays|93/100
|
|-weather|Sandstorm|[upkeep]
|-damage|p1a: Zamazenta|28/100|[from] Sandstorm
|-damage|p2a: Alvvays|87/100|[from] Sandstorm
|-heal|p2a: Alvvays|93/100|[from] item: Leftovers
|upkeep
|turn|24
|
|t:|1769370081
|switch|p2a: Smino|Gholdengo|13/100
|move|p1a: Zamazenta|Crunch|p2a: Smino
|-supereffective|p2a: Smino
|-damage|p2a: Smino|0 fnt
|faint|p2a: Smino
|
|-weather|Sandstorm|[upkeep]
|-damage|p1a: Zamazenta|22/100|[from] Sandstorm
|upkeep
|
|t:|1769370083
|switch|p2a: Carly Rae|Iron Moth|100/100
|-enditem|p2a: Carly Rae|Booster Energy
|-activate|p2a: Carly Rae|ability: Quark Drive|[fromitem]
|-start|p2a: Carly Rae|quarkdrivespe
|turn|25
|
|t:|1769370086
|move|p1a: Zamazenta|Crunch|p2a: Carly Rae
|-damage|p2a: Carly Rae|69/100
|move|p2a: Carly Rae|Fiery Dance|p1a: Zamazenta
|-damage|p1a: Zamazenta|0 fnt
|faint|p1a: Zamazenta
|
|-weather|Sandstorm|[upkeep]
|-damage|p2a: Carly Rae|63/100|[from] Sandstorm
|upkeep
|
|t:|1769370089
|switch|p1a: Slowking|Slowking-Galar, M|59/100
|-damage|p1a: Slowking|46/100|[from] Stealth Rock
|turn|26
|
|t:|1769370092
|-end|p2a: Carly Rae|Quark Drive|[silent]
|switch|p2a: Alvvays|Umbreon, F|93/100
|move|p1a: Slowking|Psyshock|p2a: Alvvays
|-immune|p2a: Alvvays
|
|-weather|Sandstorm|[upkeep]
|-damage|p2a: Alvvays|87/100|[from] Sandstorm
|-damage|p1a: Slowking|40/100|[from] Sandstorm
|-heal|p2a: Alvvays|93/100|[from] item: Leftovers
|upkeep
|turn|27
|
|t:|1769370095
|switch|p1a: Hydrapple|Hydrapple, M|38/100 par
|move|p2a: Alvvays|Foul Play|p1a: Hydrapple
|-damage|p1a: Hydrapple|25/100 par
|
|-weather|none
|-heal|p2a: Alvvays|99/100|[from] item: Leftovers
|upkeep
|turn|28
|
|t:|1769370098
|switch|p1a: Slowking|Slowking-Galar, M|74/100
|-damage|p1a: Slowking|61/100|[from] Stealth Rock
|move|p2a: Alvvays|Thunder Wave|p1a: Slowking
|-status|p1a: Slowking|par
|
|-heal|p2a: Alvvays|100/100|[from] item: Leftovers
|upkeep
|turn|29
|
|t:|1769370100
|switch|p1a: Hydrapple|Hydrapple, M|59/100 par
|move|p2a: Alvvays|Foul Play|p1a: Hydrapple
|-damage|p1a: Hydrapple|47/100 par
|
|upkeep
|turn|30
|
|t:|1769370103
|move|p2a: Alvvays|Foul Play|p1a: Hydrapple
|-damage|p1a: Hydrapple|34/100 par
|move|p1a: Hydrapple|Nasty Plot|p1a: Hydrapple
|-boost|p1a: Hydrapple|spa|2
|
|upkeep
|turn|31
|
|t:|1769370106
|move|p2a: Alvvays|Foul Play|p1a: Hydrapple
|-damage|p1a: Hydrapple|21/100 par
|cant|p1a: Hydrapple|par
|
|upkeep
|turn|32
|
|t:|1769370109
|switch|p2a: Carly Rae|Iron Moth|63/100
|move|p1a: Hydrapple|Giga Drain|p2a: Carly Rae
|-resisted|p2a: Carly Rae
|-crit|p2a: Carly Rae
|-damage|p2a: Carly Rae|39/100
|-heal|p1a: Hydrapple|30/100 par|[from] drain|[of] p2a: Carly Rae
|
|upkeep
|turn|33
|
|t:|1769370112
|switch|p1a: Slowking|Slowking-Galar, M|94/100 par
|-damage|p1a: Slowking|82/100 par|[from] Stealth Rock
|move|p2a: Carly Rae|Fiery Dance|p1a: Slowking
|-damage|p1a: Slowking|59/100 par
|
|upkeep
|turn|34
|
|t:|1769370114
|-end|p2a: Carly Rae|Quark Drive|[silent]
|switch|p2a: Alvvays|Umbreon, F|100/100
|cant|p1a: Slowking|par
|
|upkeep
|turn|35
|
|t:|1769370117
|switch|p2a: Carly Rae|Iron Moth|39/100
|switch|p1a: Hydrapple|Hydrapple, M|64/100 par
|
|upkeep
|turn|36
|
|t:|1769370120
|switch|p1a: Slowking|Slowking-Galar, M|92/100 par
|-damage|p1a: Slowking|80/100 par|[from] Stealth Rock
|move|p2a: Carly Rae|Dazzling Gleam|p1a: Slowking
|-resisted|p1a: Slowking
|-damage|p1a: Slowking|73/100 par
|
|upkeep
|turn|37
|
|t:|1769370122
|-end|p2a: Carly Rae|Quark Drive|[silent]
|switch|p2a: Alvvays|Umbreon, F|100/100
|move|p1a: Slowking|Psyshock|p2a: Alvvays
|-immune|p2a: Alvvays
|
|upkeep
|turn|38
|
|t:|1769370125
|switch|p1a: Hydrapple|Hydrapple, M|97/100 par
|move|p2a: Alvvays|Wish|p2a: Alvvays
|
|upkeep
|turn|39
|
|t:|1769370127
|switch|p2a: Carly Rae|Iron Moth|39/100
|move|p1a: Hydrapple|Earth Power|p2a: Carly Rae
|-supereffective|p2a: Carly Rae
|-damage|p2a: Carly Rae|0 fnt
|faint|p2a: Carly Rae
|-end|p2a: Carly Rae|Quark Drive|[silent]
|
|upkeep
|-message|Auburn Hills forfeited.
|
|win|CambridgeFoulPlay
|raw|CambridgeFoulPlay's rating: 1703 &rarr; <strong>1723</strong><br />(+20 for winning)
|raw|Auburn Hills's rating: 1710 &rarr; <strong>1690</strong><br />(-20 for losing)
|c|☆CambridgeFoulPlay|gg
|l|☆Auburn Hills
|player|p2|
