|j|☆notjishnurc
|j|☆pooltoys
|t:|1769427056
|gametype|singles
|player|p1|notjishnurc|byron|1542
|player|p2|pooltoys|lucas|1499
|gen|9
|tier|[Gen 9] OU
|rated|
|rule|HP Percentage Mod: HP is shown in percentages
|rule|Endless Battle Clause: Forcing endless battles is banned
|rule|Species Clause: Limit one of each Pokémon
|rule|OHKO Clause: OHKO moves are banned
|rule|Evasion Items Clause: Evasion items are banned
|rule|Evasion Moves Clause: Evasion moves are banned
|rule|Evasion Abilities Clause: Evasion abilities are banned
|rule|Sleep Moves Clause: Sleep-inducing moves are banned
|clearpoke
|poke|p1|Ogerpon-Wellspring, F|
|poke|p1|Great Tusk|
|poke|p1|Pecharunt|
|poke|p1|Enamorus, F|
|poke|p1|Kyurem|
|poke|p1|Ting-Lu|
|poke|p2|Raging Bolt|
|poke|p2|Ting-Lu|
|poke|p2|Dragapult, M|
|poke|p2|Jirachi|
|poke|p2|Pecharunt|
|poke|p2|Great Tusk|
|teampreview
|
|t:|1769427072
|teamsize|p1|6
|teamsize|p2|6
|start
|switch|p1a: Enamorus|Enamorus, F|100/100
|switch|p2a: Ting-Lu|Ting-Lu|100/100
|-ability|p2a: Ting-Lu|Vessel of Ruin
|turn|1
|
|t:|1769427075
|move|p1a: Enamorus|Moonblast|p2a: Ting-Lu
|-supereffective|p2a: Ting-Lu
|-damage|p2a: Ting-Lu|58/100
|-unboost|p2a: Ting-Lu|spa|1
|move|p2a: Ting-Lu|Stealth Rock|p1a: Enamorus
|-sidestart|p1: notjishnurc|move: Stealth Rock
|
|-heal|p2a: Ting-Lu|64/100|[from] item: Leftovers
|upkeep
|turn|2
|
|t:|1769427079
|switch|p2a: Jirachi|Jirachi|100/100
|move|p1a: Enamorus|Moonblast|p2a: Jirachi
|-resisted|p2a: Jirachi
|-damage|p2a: Jirachi|76/100
|
|-heal|p2a: Jirachi|82/100|[from] item: Leftovers
|upkeep
|turn|3
|
|t:|1769427084
|switch|p1a: Pecharunt|Pecharunt|100/100
|move|p2a: Jirachi|Body Slam|p1a: Pecharunt
|-immune|p1a: Pecharunt
|
|-heal|p2a: Jirachi|88/100|[from] item: Leftovers
|upkeep
|turn|4
|
|t:|1769427092
|move|p2a: Jirachi|Substitute|p2a: Jirachi
|-start|p2a: Jirachi|Substitute
|-damage|p2a: Jirachi|63/100
|move|p1a: Pecharunt|Parting Shot|p2a: Jirachi
|-unboost|p2a: Jirachi|atk|1
|-unboost|p2a: Jirachi|spa|1
|
|t:|1769427105
|switch|p1a: Great Tusk|Great Tusk|100/100|[from] Parting Shot
|-damage|p1a: Great Tusk|97/100|[from] Stealth Rock
|
|-heal|p2a: Jirachi|70/100|[from] item: Leftovers
|-heal|p1a: Great Tusk|100/100|[from] item: Leftovers
|upkeep
|turn|5
|
|t:|1769427107
|move|p2a: Jirachi|Body Slam|p1a: Great Tusk
|-damage|p1a: Great Tusk|92/100
|move|p1a: Great Tusk|Knock Off|p2a: Jirachi
|-supereffective|p2a: Jirachi
|-end|p2a: Jirachi|Substitute
|
|-heal|p2a: Jirachi|76/100|[from] item: Leftovers
|-heal|p1a: Great Tusk|99/100|[from] item: Leftovers
|upkeep
|turn|6
|
|t:|1769427114
|move|p2a: Jirachi|Body Slam|p1a: Great Tusk
|-damage|p1a: Great Tusk|91/100
|-status|p1a: Great Tusk|par
|cant|p1a: Great Tusk|par
|
|-heal|p2a: Jirachi|82/100|[from] item: Leftovers
|-heal|p1a: Great Tusk|97/100 par|[from] item: Leftovers
|upkeep
|turn|7
|
|t:|1769427133
|switch|p2a: Great Tusk|Great Tusk|100/100
|-enditem|p2a: Great Tusk|Booster Energy
|-activate|p2a: Great Tusk|ability: Protosynthesis|[fromitem]
|-start|p2a: Great Tusk|protosynthesisatk
|move|p1a: Great Tusk|Rapid Spin|p2a: Great Tusk
|-damage|p2a: Great Tusk|90/100
|-boost|p1a: Great Tusk|spe|1
|-sideend|p1: notjishnurc|Stealth Rock|[from] move: Rapid Spin|[of] p1a: Great Tusk
|
|-heal|p1a: Great Tusk|100/100 par|[from] item: Leftovers
|upkeep
|turn|8
|
|t:|1769427147
|-end|p1a: Great Tusk|Protosynthesis|[silent]
|switch|p1a: Enamorus|Enamorus, F|100/100
|move|p2a: Great Tusk|Headlong Rush|p1a: Enamorus
|-immune|p1a: Enamorus
|
|upkeep
|turn|9
|
|t:|1769427155
|-end|p2a: Great Tusk|Protosynthesis|[silent]
|switch|p2a: Jirachi|Jirachi|82/100
|move|p1a: Enamorus|Moonblast|p2a: Jirachi
|-resisted|p2a: Jirachi
|-damage|p2a: Jirachi|59/100
|
|-heal|p2a: Jirachi|65/100|[from] item: Leftovers
|upkeep
|turn|10
|
|t:|1769427161
|switch|p1a: Great Tusk|Great Tusk|100/100 par
|move|p2a: Jirachi|Substitute|p2a: Jirachi
|-start|p2a: Jirachi|Substitute
|-damage|p2a: Jirachi|40/100
|
|-heal|p2a: Jirachi|46/100|[from] item: Leftovers
|upkeep
|turn|11
|
|t:|1769427163
|move|p2a: Jirachi|Iron Head|p1a: Great Tusk
|-damage|p1a: Great Tusk|84/100 par
|move|p1a: Great Tusk|Knock Off|p2a: Jirachi
|-supereffective|p2a: Jirachi
|-end|p2a: Jirachi|Substitute
|
|-heal|p2a: Jirachi|52/100|[from] item: Leftovers
|-heal|p1a: Great Tusk|91/100 par|[from] item: Leftovers
|upkeep
|turn|12
|
|t:|1769427168
|move|p2a: Jirachi|Iron Head|p1a: Great Tusk
|-damage|p1a: Great Tusk|72/100 par
|move|p1a: Great Tusk|Knock Off|p2a: Jirachi
|-supereffective|p2a: Jirachi
|-damage|p2a: Jirachi|3/100
|-enditem|p2a: Jirachi|Leftovers|[from] move: Knock Off|[of] p1a: Great Tusk
|
|-heal|p1a: Great Tusk|78/100 par|[from] item: Leftovers
|upkeep
|turn|13
|
|t:|1769427172
|move|p2a: Jirachi|Iron Head|p1a: Great Tusk
|-damage|p1a: Great Tusk|60/100 par
|cant|p1a: Great Tusk|flinch
|
|-heal|p1a: Great Tusk|66/100 par|[from] item: Leftovers
|upkeep
|turn|14
|
|t:|1769427174
|move|p2a: Jirachi|Iron Head|p1a: Great Tusk
|-damage|p1a: Great Tusk|49/100 par
|move|p1a: Great Tusk|Rapid Spin|p2a: Jirachi
|-resisted|p2a: Jirachi
|-damage|p2a: Jirachi|0 fnt
|-boost|p1a: Great Tusk|spe|1
|faint|p2a: Jirachi
|
|-heal|p1a: Great Tusk|55/100 par|[from] item: Leftovers
|upkeep
|
|t:|1769427179
|switch|p2a: Dragapult|Dragapult, M|100/100
|turn|15
|
|t:|1769427182
|move|p2a: Dragapult|Shadow Ball|p1a: Great Tusk
|-damage|p1a: Great Tusk|0 fnt
|faint|p1a: Great Tusk
|-end|p1a: Great Tusk|Protosynthesis|[silent]
|-damage|p2a: Dragapult|91/100|[from] item: Life Orb
|
|upkeep
|
|t:|1769427185
|switch|p1a: Ting-Lu|Ting-Lu|100/100
|-ability|p1a: Ting-Lu|Vessel of Ruin
|turn|16
|
|t:|1769427190
|switch|p2a: Ting-Lu|Ting-Lu|64/100
|-ability|p2a: Ting-Lu|Vessel of Ruin
|switch|p1a: Enamorus|Enamorus, F|100/100
|
|-heal|p2a: Ting-Lu|71/100|[from] item: Leftovers
|upkeep
|turn|17
|
|t:|1769427194
|switch|p2a: Pecharunt|Pecharunt|100/100
|move|p1a: Enamorus|Moonblast|p2a: Pecharunt
|-resisted|p2a: Pecharunt
|-crit|p2a: Pecharunt
|-damage|p2a: Pecharunt|57/100
|
|upkeep
|turn|18
|
|t:|1769427199
|switch|p1a: Ting-Lu|Ting-Lu|100/100
|-ability|p1a: Ting-Lu|Vessel of Ruin
|move|p2a: Pecharunt|Recover|p2a: Pecharunt
|-heal|p2a: Pecharunt|100/100
|
|upkeep
|turn|19
|
|t:|1769427201
|move|p2a: Pecharunt|Malignant Chain|p1a: Ting-Lu
|-resisted|p1a: Ting-Lu
|-damage|p1a: Ting-Lu|94/100
|-status|p1a: Ting-Lu|tox
|-start|p1a: Ting-Lu|confusion|[from] ability: Poison Puppeteer|[of] p2a: Pecharunt
|-activate|p1a: Ting-Lu|confusion
|move|p1a: Ting-Lu|Stealth Rock|p2a: Pecharunt
|-sidestart|p2: pooltoys|move: Stealth Rock
|
|-heal|p1a: Ting-Lu|99/100 tox|[from] item: Leftovers
|-damage|p1a: Ting-Lu|94/100 tox|[from] psn
|upkeep
|turn|20
|
|t:|1769427206
|move|p2a: Pecharunt|Parting Shot|p1a: Ting-Lu
|-unboost|p1a: Ting-Lu|atk|1
|-unboost|p1a: Ting-Lu|spa|1
|
|t:|1769427207
|switch|p2a: Ting-Lu|Ting-Lu|71/100|[from] Parting Shot
|-damage|p2a: Ting-Lu|64/100|[from] Stealth Rock
|-ability|p2a: Ting-Lu|Vessel of Ruin
|-end|p1a: Ting-Lu|confusion
|move|p1a: Ting-Lu|Whirlwind|p2a: Ting-Lu
|drag|p2a: Pecharunt|Pecharunt|100/100
|
|-heal|p1a: Ting-Lu|99/100 tox|[from] item: Leftovers
|-damage|p1a: Ting-Lu|88/100 tox|[from] psn
|upkeep
|turn|21
|
|t:|1769427213
|move|p2a: Pecharunt|Parting Shot|p1a: Ting-Lu
|-unboost|p1a: Ting-Lu|atk|1
|-unboost|p1a: Ting-Lu|spa|1
|
|t:|1769427215
|switch|p2a: Ting-Lu|Ting-Lu|64/100|[from] Parting Shot
|-damage|p2a: Ting-Lu|58/100|[from] Stealth Rock
|-ability|p2a: Ting-Lu|Vessel of Ruin
|move|p1a: Ting-Lu|Whirlwind|p2a: Ting-Lu
|drag|p2a: Great Tusk|Great Tusk|90/100
|-damage|p2a: Great Tusk|87/100|[from] Stealth Rock
|
|-heal|p1a: Ting-Lu|94/100 tox|[from] item: Leftovers
|-damage|p1a: Ting-Lu|75/100 tox|[from] psn
|upkeep
|turn|22
|
|t:|1769427224
|switch|p1a: Enamorus|Enamorus, F|100/100
|move|p2a: Great Tusk|Ice Spinner|p1a: Enamorus
|-supereffective|p1a: Enamorus
|-damage|p1a: Enamorus|17/100
|
|upkeep
|turn|23
|
|t:|1769427232
|-terastallize|p1a: Enamorus|Ground
|-terastallize|p2a: Great Tusk|Steel
|move|p1a: Enamorus|Earth Power|p2a: Great Tusk
|-supereffective|p2a: Great Tusk
|-damage|p2a: Great Tusk|0 fnt
|faint|p2a: Great Tusk
|-end|p2a: Great Tusk|Protosynthesis|[silent]
|
|upkeep
|
|t:|1769427237
|switch|p2a: Ting-Lu|Ting-Lu|58/100
|-damage|p2a: Ting-Lu|52/100|[from] Stealth Rock
|-ability|p2a: Ting-Lu|Vessel of Ruin
|turn|24
|
|t:|1769427241
|switch|p1a: Ogerpon|Ogerpon-Wellspring, F|100/100
|move|p2a: Ting-Lu|Stealth Rock|p1a: Ogerpon
|-sidestart|p1: notjishnurc|move: Stealth Rock
|
|-heal|p2a: Ting-Lu|58/100|[from] item: Leftovers
|upkeep
|turn|25
|
|t:|1769427250
|move|p1a: Ogerpon|Ivy Cudgel|p2a: Ting-Lu|[anim] Ivy Cudgel Water
|-supereffective|p2a: Ting-Lu
|-damage|p2a: Ting-Lu|0 fnt
|faint|p2a: Ting-Lu
|
|upkeep
|
|t:|1769427254
|switch|p2a: Pecharunt|Pecharunt|100/100
|turn|26
|
|t:|1769427258
|move|p1a: Ogerpon|Knock Off|p2a: Pecharunt
|-supereffective|p2a: Pecharunt
|-damage|p2a: Pecharunt|64/100
|-enditem|p2a: Pecharunt|Heavy-Duty Boots|[from] move: Knock Off|[of] p1a: Ogerpon
|move|p2a: Pecharunt|Malignant Chain|p1a: Ogerpon
|-supereffective|p1a: Ogerpon
|-damage|p1a: Ogerpon|33/100
|-status|p1a: Ogerpon|tox
|-start|p1a: Ogerpon|confusion|[from] ability: Poison Puppeteer|[of] p2a: Pecharunt
|
|-damage|p1a: Ogerpon|27/100 tox|[from] psn
|upkeep
|turn|27
|
|t:|1769427260
|-activate|p1a: Ogerpon|confusion
|move|p1a: Ogerpon|Ivy Cudgel|p2a: Pecharunt|[anim] Ivy Cudgel Water
|-damage|p2a: Pecharunt|37/100
|move|p2a: Pecharunt|Recover|p2a: Pecharunt
|-heal|p2a: Pecharunt|87/100
|
|-damage|p1a: Ogerpon|15/100 tox|[from] psn
|upkeep
|turn|28
|
|t:|1769427267
|-end|p1a: Ogerpon|confusion
|move|p1a: Ogerpon|Ivy Cudgel|p2a: Pecharunt|[anim] Ivy Cudgel Water
|-crit|p2a: Pecharunt
|-damage|p2a: Pecharunt|44/100
|move|p2a: Pecharunt|Recover|p2a: Pecharunt
|-heal|p2a: Pecharunt|94/100
|
|-damage|p1a: Ogerpon|0 fnt|[from] psn
|faint|p1a: Ogerpon
|upkeep
|
|t:|1769427271
|switch|p1a: Enamorus|Enamorus, F, tera:Ground|17/100
|-damage|p1a: Enamorus|11/100|[from] Stealth Rock
|turn|29
|
|t:|1769427276
|switch|p2a: Raging Bolt|Raging Bolt|100/100
|-damage|p2a: Raging Bolt|88/100|[from] Stealth Rock
|move|p1a: Enamorus|Earth Power|p2a: Raging Bolt
|-supereffective|p2a: Raging Bolt
|-damage|p2a: Raging Bolt|0 fnt
|faint|p2a: Raging Bolt
|-end|p2a: Raging Bolt|Protosynthesis|[silent]
|
|upkeep
|
|t:|1769427278
|switch|p2a: Dragapult|Dragapult, M|91/100
|-damage|p2a: Dragapult|78/100|[from] Stealth Rock
|turn|30
|
|t:|1769427281
|move|p1a: Enamorus|Earth Power|p2a: Dragapult
|-damage|p2a: Dragapult|0 fnt
|faint|p2a: Dragapult
|
|upkeep
|-message|pooltoys forfeited.
|
|win|notjishnurc
|raw|notjishnurc's rating: 1542 &rarr; <strong>1560</strong><br />(+18 for winning)
|raw|pooltoys's rating: 1499 &rarr; <strong>1481</strong><br />(-18 for losing)
|l|☆pooltoys
|player|p2|
|l|☆notjishnurc
|player|p1|
