|j|☆jimbo baldwin
|j|☆haitianprinc3
|t:|1769298145
|gametype|singles
|player|p1|jimbo baldwin|cheryl|1387
|player|p2|haitianprinc3|marshal|1337
|gen|9
|tier|[Gen 9] OU
|rated|
|rule|HP Percentage Mod: HP is shown in percentages
|rule|Endless Battle Clause: Forcing endless battles is banned
|rule|Species Clause: Limit one of each Pokémon
|rule|OHKO Clause: OHKO moves are banned
|rule|Evasion Items Clause: Evasion items are banned
|rule|Evasion Moves Clause: Evasion moves are banned
|rule|Evasion Abilities Clause: Evasion abilities are banned
|rule|Sleep Moves Clause: Sleep-inducing moves are banned
|clearpoke
|poke|p1|Hatterene, F|
|poke|p1|Torkoal, M|
|poke|p1|Sunflora, F|
|poke|p1|Cresselia, F|
|poke|p1|Walking Wake|
|poke|p1|Great Tusk|
|poke|p2|Politoed, F|
|poke|p2|Landorus-Therian, M|
|poke|p2|Goodra, F|
|poke|p2|Floatzel, M|
|poke|p2|Azumarill, M|
|poke|p2|Volcanion|
|teampreview
|inactive|Battle timer is ON: inactive players will automatically lose when time's up. (requested by haitianprinc3)
|
|t:|1769298166
|teamsize|p1|6
|teamsize|p2|6
|start
|switch|p1a: Walking Wake|Walking Wake|100/100
|switch|p2a: Volcanion|Volcanion|100/100
|turn|1
|
|t:|1769298186
|-end|p1a: Walking Wake|Protosynthesis|[silent]
|switch|p1a: Sunflora|Sunflora, F|100/100
|move|p2a: Volcanion|Steam Eruption|p1a: Sunflora
|-resisted|p1a: Sunflora
|-damage|p1a: Sunflora|57/100
|-status|p1a: Sunflora|brn
|
|-damage|p1a: Sunflora|51/100 brn|[from] brn
|upkeep
|turn|2
|
|t:|1769298201
|switch|p1a: Walking Wake|Walking Wake|100/100
|move|p2a: Volcanion|Flamethrower|p1a: Walking Wake
|-resisted|p1a: Walking Wake
|-damage|p1a: Walking Wake|85/100
|-status|p1a: Walking Wake|brn
|
|-damage|p1a: Walking Wake|79/100 brn|[from] brn
|upkeep
|turn|3
|
|t:|1769298212
|move|p1a: Walking Wake|Draco Meteor|p2a: Volcanion
|-damage|p2a: Volcanion|37/100
|-unboost|p1a: Walking Wake|spa|2
|move|p2a: Volcanion|Sludge Wave|p1a: Walking Wake
|-damage|p1a: Walking Wake|36/100 brn
|
|-damage|p1a: Walking Wake|29/100 brn|[from] brn
|upkeep
|turn|4
|
|t:|1769298229
|-end|p1a: Walking Wake|Protosynthesis|[silent]
|switch|p1a: Great Tusk|Great Tusk|100/100
|move|p2a: Volcanion|Flamethrower|p1a: Great Tusk
|-damage|p1a: Great Tusk|29/100
|
|-heal|p1a: Great Tusk|35/100|[from] item: Leftovers
|upkeep
|turn|5
|
|t:|1769298247
|-end|p1a: Great Tusk|Protosynthesis|[silent]
|switch|p1a: Cresselia|Cresselia, F|100/100
|switch|p2a: Politoed|Politoed, F|100/100
|-weather|RainDance|[from] ability: Drizzle|[of] p2a: Politoed
|
|-weather|RainDance|[upkeep]
|upkeep
|turn|6
|inactive|haitianprinc3 has 120 seconds left.
|
|t:|1769298266
|move|p2a: Politoed|Surf|p1a: Cresselia
|-damage|p1a: Cresselia|69/100
|move|p1a: Cresselia|Trick Room|p1a: Cresselia
|-fieldstart|move: Trick Room|[of] p1a: Cresselia
|
|-weather|RainDance|[upkeep]
|upkeep
|turn|7
|
|t:|1769298279
|switch|p1a: Sunflora|Sunflora, F|51/100 brn
|move|p2a: Politoed|Encore||[still]
|-fail|p2a: Politoed
|
|-weather|RainDance|[upkeep]
|-damage|p1a: Sunflora|45/100 brn|[from] brn
|upkeep
|turn|8
|
|t:|1769298288
|-terastallize|p2a: Politoed|Grass
|move|p1a: Sunflora|Earth Power|p2a: Politoed
|-resisted|p2a: Politoed
|-damage|p2a: Politoed|84/100
|-damage|p1a: Sunflora|35/100 brn|[from] item: Life Orb
|move|p2a: Politoed|Ice Beam|p1a: Sunflora
|-supereffective|p1a: Sunflora
|-damage|p1a: Sunflora|0 fnt
|faint|p1a: Sunflora
|
|-weather|RainDance|[upkeep]
|upkeep
|
|t:|1769298299
|switch|p1a: Torkoal|Torkoal, M|100/100
|-weather|SunnyDay|[from] ability: Drought|[of] p1a: Torkoal
|turn|9
|
|t:|1769298312
|switch|p2a: Volcanion|Volcanion|37/100
|move|p1a: Torkoal|Earthquake|p2a: Volcanion
|-supereffective|p2a: Volcanion
|-damage|p2a: Volcanion|2/100
|
|-weather|SunnyDay|[upkeep]
|upkeep
|turn|10
|
|t:|1769298322
|move|p1a: Torkoal|Earthquake|p2a: Volcanion
|-supereffective|p2a: Volcanion
|-damage|p2a: Volcanion|0 fnt
|faint|p2a: Volcanion
|
|-weather|SunnyDay|[upkeep]
|-fieldend|move: Trick Room
|upkeep
|
|t:|1769298329
|switch|p2a: Politoed|Politoed, F, tera:Grass|84/100
|-weather|RainDance|[from] ability: Drizzle|[of] p2a: Politoed
|turn|11
|
|t:|1769298335
|switch|p1a: Cresselia|Cresselia, F|69/100
|move|p2a: Politoed|Surf|p1a: Cresselia
|-damage|p1a: Cresselia|39/100
|
|-weather|RainDance|[upkeep]
|upkeep
|turn|12
|
|t:|1769298344
|move|p2a: Politoed|Surf|p1a: Cresselia
|-damage|p1a: Cresselia|10/100
|move|p1a: Cresselia|Trick Room|p1a: Cresselia
|-fieldstart|move: Trick Room|[of] p1a: Cresselia
|
|-weather|RainDance|[upkeep]
|upkeep
|turn|13
|
|t:|1769298354
|move|p2a: Politoed|Surf|p1a: Cresselia
|-damage|p1a: Cresselia|0 fnt
|faint|p1a: Cresselia
|
|-weather|RainDance|[upkeep]
|upkeep
|
|t:|1769298369
|switch|p1a: Torkoal|Torkoal, M|100/100
|-weather|SunnyDay|[from] ability: Drought|[of] p1a: Torkoal
|turn|14
|inactive|haitianprinc3 has 120 seconds left.
|
|t:|1769298401
|move|p1a: Torkoal|Will-O-Wisp|p2a: Politoed
|-status|p2a: Politoed|brn
|move|p2a: Politoed|Earth Power|p1a: Torkoal
|-supereffective|p1a: Torkoal
|-damage|p1a: Torkoal|26/100
|
|-weather|SunnyDay|[upkeep]
|-damage|p2a: Politoed|78/100 brn|[from] brn
|upkeep
|turn|15
|-message|jimbo baldwin forfeited.
|
|win|haitianprinc3
|raw|jimbo baldwin's rating: 1387 &rarr; <strong>1364</strong><br />(-23 for losing)
|raw|haitianprinc3's rating: 1337 &rarr; <strong>1360</strong><br />(+23 for winning)
|l|☆jimbo baldwin
|player|p1|
|l|☆haitianprinc3
|player|p2|
