|j|☆KayNewbie
|j|☆pickachujolt
|t:|1769326732
|gametype|singles
|player|p1|KayNewbie|hoopster|1152
|player|p2|pickachujolt|101|1161
|gen|9
|tier|[Gen 9] OU
|rated|
|rule|HP Percentage Mod: HP is shown in percentages
|rule|Endless Battle Clause: Forcing endless battles is banned
|rule|Species Clause: Limit one of each Pokémon
|rule|OHKO Clause: OHKO moves are banned
|rule|Evasion Items Clause: Evasion items are banned
|rule|Evasion Moves Clause: Evasion moves are banned
|rule|Evasion Abilities Clause: Evasion abilities are banned
|rule|Sleep Moves Clause: Sleep-inducing moves are banned
|clearpoke
|poke|p1|Ludicolo, F|
|poke|p1|Politoed, M|
|poke|p1|Skarmory, M|
|poke|p1|Mamoswine, F|
|poke|p1|Slowking-Galar, F|
|poke|p1|Ceruledge, F|
|poke|p2|Tinkaton, F|
|poke|p2|Weavile, M|
|poke|p2|Gholdengo|
|poke|p2|Donphan, F|
|poke|p2|Rillaboom, M|
|poke|p2|Iron Moth|
|teampreview
|
|t:|1769326736
|teamsize|p1|6
|teamsize|p2|6
|start
|switch|p1a: Politoed|Politoed, M|100/100
|switch|p2a: Tinkaton|Tinkaton, F|100/100
|-item|p2a: Tinkaton|Air Balloon
|-weather|RainDance|[from] ability: Drizzle|[of] p1a: Politoed
|turn|1
|
|t:|1769326741
|move|p2a: Tinkaton|Stealth Rock|p1a: Politoed
|-sidestart|p1: KayNewbie|move: Stealth Rock
|move|p1a: Politoed|Weather Ball|p2a: Tinkaton
|-damage|p2a: Tinkaton|19/100
|-enditem|p2a: Tinkaton|Air Balloon
|
|-weather|RainDance|[upkeep]
|upkeep
|turn|2
|
|t:|1769326754
|switch|p2a: Rillaboom|Rillaboom, M|100/100
|-fieldstart|move: Grassy Terrain|[from] ability: Grassy Surge|[of] p2a: Rillaboom
|move|p1a: Politoed|Weather Ball|p2a: Rillaboom
|-resisted|p2a: Rillaboom
|-damage|p2a: Rillaboom|62/100
|
|-weather|RainDance|[upkeep]
|-heal|p2a: Rillaboom|69/100|[from] Grassy Terrain
|upkeep
|turn|3
|
|t:|1769326767
|switch|p1a: Slowking|Slowking-Galar, F|100/100
|-damage|p1a: Slowking|88/100|[from] Stealth Rock
|move|p2a: Rillaboom|Grassy Glide|p1a: Slowking
|-resisted|p1a: Slowking
|-damage|p1a: Slowking|69/100
|
|-weather|RainDance|[upkeep]
|-heal|p2a: Rillaboom|75/100|[from] Grassy Terrain
|-heal|p1a: Slowking|75/100|[from] Grassy Terrain
|upkeep
|turn|4
|inactive|Battle timer is ON: inactive players will automatically lose when time's up. (requested by KayNewbie)
|
|t:|1769326775
|move|p2a: Rillaboom|U-turn|p1a: Slowking
|-damage|p1a: Slowking|49/100
|
|t:|1769326783
|switch|p2a: Iron Moth|Iron Moth|100/100|[from] U-turn
|-enditem|p2a: Iron Moth|Booster Energy
|-activate|p2a: Iron Moth|ability: Quark Drive|[fromitem]
|-start|p2a: Iron Moth|quarkdrivespe
|move|p1a: Slowking|Trick Room|p1a: Slowking
|-fieldstart|move: Trick Room|[of] p1a: Slowking
|
|-weather|RainDance|[upkeep]
|-heal|p1a: Slowking|55/100|[from] Grassy Terrain
|upkeep
|turn|5
|
|t:|1769326792
|move|p1a: Slowking|Earthquake|p2a: Iron Moth
|-supereffective|p2a: Iron Moth
|-damage|p2a: Iron Moth|50/100
|move|p2a: Iron Moth|Substitute|p2a: Iron Moth
|-start|p2a: Iron Moth|Substitute
|-damage|p2a: Iron Moth|25/100
|
|-weather|none
|-heal|p1a: Slowking|61/100|[from] Grassy Terrain
|-heal|p2a: Iron Moth|31/100|[from] Grassy Terrain
|upkeep
|turn|6
|
|t:|1769326801
|move|p1a: Slowking|Earthquake|p2a: Iron Moth
|-supereffective|p2a: Iron Moth
|-end|p2a: Iron Moth|Substitute
|move|p2a: Iron Moth|Fiery Dance|p1a: Slowking
|-damage|p1a: Slowking|31/100
|
|-heal|p1a: Slowking|37/100|[from] Grassy Terrain
|-heal|p2a: Iron Moth|37/100|[from] Grassy Terrain
|-fieldend|move: Grassy Terrain
|upkeep
|turn|7
|
|t:|1769326811
|-end|p2a: Iron Moth|Quark Drive|[silent]
|switch|p2a: Donphan|Donphan, F|100/100
|move|p1a: Slowking|Earthquake|p2a: Donphan
|-damage|p2a: Donphan|92/100
|
|-heal|p2a: Donphan|98/100|[from] item: Leftovers
|upkeep
|turn|8
|
|t:|1769326817
|move|p1a: Slowking|Expanding Force|p2a: Donphan
|-damage|p2a: Donphan|46/100
|move|p2a: Donphan|Knock Off|p1a: Slowking
|-supereffective|p1a: Slowking
|-damage|p1a: Slowking|0 fnt
|-enditem|p1a: Slowking|Focus Sash|[from] move: Knock Off|[of] p2a: Donphan
|faint|p1a: Slowking
|
|-heal|p2a: Donphan|52/100|[from] item: Leftovers
|-fieldend|move: Trick Room
|upkeep
|
|t:|1769326822
|switch|p1a: Politoed|Politoed, M|100/100
|-damage|p1a: Politoed|88/100|[from] Stealth Rock
|-weather|RainDance|[from] ability: Drizzle|[of] p1a: Politoed
|turn|9
|
|t:|1769326827
|switch|p2a: Rillaboom|Rillaboom, M|75/100
|-fieldstart|move: Grassy Terrain|[from] ability: Grassy Surge|[of] p2a: Rillaboom
|move|p1a: Politoed|Weather Ball|p2a: Rillaboom
|-resisted|p2a: Rillaboom
|-crit|p2a: Rillaboom
|-damage|p2a: Rillaboom|19/100
|
|-weather|RainDance|[upkeep]
|-heal|p2a: Rillaboom|25/100|[from] Grassy Terrain
|-heal|p1a: Politoed|94/100|[from] Grassy Terrain
|upkeep
|turn|10
|
|t:|1769326834
|move|p2a: Rillaboom|Grassy Glide|p1a: Politoed
|-supereffective|p1a: Politoed
|-damage|p1a: Politoed|0 fnt
|faint|p1a: Politoed
|
|-weather|RainDance|[upkeep]
|-heal|p2a: Rillaboom|31/100|[from] Grassy Terrain
|upkeep
|
|t:|1769326837
|switch|p1a: Ludicolo|Ludicolo, F|100/100
|-damage|p1a: Ludicolo|88/100|[from] Stealth Rock
|turn|11
|
|t:|1769326845
|move|p1a: Ludicolo|Weather Ball|p2a: Rillaboom
|-resisted|p2a: Rillaboom
|-damage|p2a: Rillaboom|0 fnt
|faint|p2a: Rillaboom
|
|-weather|RainDance|[upkeep]
|-heal|p1a: Ludicolo|94/100|[from] Grassy Terrain
|upkeep
|
|t:|1769326874
|switch|p2a: Weavile|Weavile, M|100/100
|-ability|p2a: Weavile|Pressure
|turn|12
|
|t:|1769326879
|-terastallize|p2a: Weavile|Ice
|move|p1a: Ludicolo|Weather Ball|p2a: Weavile
|-damage|p2a: Weavile|0 fnt
|faint|p2a: Weavile
|
|-weather|RainDance|[upkeep]
|-heal|p1a: Ludicolo|99/100|[from] Grassy Terrain
|upkeep
|
|t:|1769326886
|switch|p2a: Gholdengo|Gholdengo|100/100
|turn|13
|
|t:|1769326889
|move|p1a: Ludicolo|Weather Ball|p2a: Gholdengo
|-damage|p2a: Gholdengo|0 fnt
|faint|p2a: Gholdengo
|
|-weather|none
|-heal|p1a: Ludicolo|100/100|[from] Grassy Terrain
|-fieldend|move: Grassy Terrain
|upkeep
|-message|pickachujolt forfeited.
|
|win|KayNewbie
|raw|KayNewbie's rating: 1152 &rarr; <strong>1178</strong><br />(+26 for winning)
|raw|pickachujolt's rating: 1161 &rarr; <strong>1135</strong><br />(-26 for losing)
|l|☆pickachujolt
|player|p2|
|c|☆KayNewbie|lol
|l|☆KayNewbie
|player|p1|
