|j|☆SquilliamTG
|j|☆abhii.g
|t:|1769401562
|gametype|singles
|player|p1|SquilliamTG|silver|1518
|player|p2|abhii.g|bruno|1567
|gen|9
|tier|[Gen 9] OU
|rated|
|rule|HP Percentage Mod: HP is shown in percentages
|rule|Endless Battle Clause: Forcing endless battles is banned
|rule|Species Clause: Limit one of each Pokémon
|rule|OHKO Clause: OHKO moves are banned
|rule|Evasion Items Clause: Evasion items are banned
|rule|Evasion Moves Clause: Evasion moves are banned
|rule|Evasion Abilities Clause: Evasion abilities are banned
|rule|Sleep Moves Clause: Sleep-inducing moves are banned
|clearpoke
|poke|p1|Great Tusk|
|poke|p1|Magnezone|
|poke|p1|Slowking-Galar, F|
|poke|p1|Dragonite, M|
|poke|p1|Alomomola, F|
|poke|p1|Zamazenta-*|
|poke|p2|Ting-Lu|
|poke|p2|Gholdengo|
|poke|p2|Darkrai|
|poke|p2|Pecharunt|
|poke|p2|Dragonite, F|
|poke|p2|Zamazenta-*|
|teampreview
|inactive|Battle timer is ON: inactive players will automatically lose when time's up. (requested by SquilliamTG)
|
|t:|1769401573
|teamsize|p1|6
|teamsize|p2|6
|start
|switch|p1a: Zamazenta|Zamazenta|100/100
|switch|p2a: Darkrai|Darkrai|100/100
|-ability|p1a: Zamazenta|Dauntless Shield|boost
|-boost|p1a: Zamazenta|def|1
|turn|1
|
|t:|1769401583
|switch|p1a: Magnezone|Magnezone|100/100
|switch|p2a: Pecharunt|Pecharunt|100/100
|
|upkeep
|turn|2
|
|t:|1769401589
|move|p1a: Magnezone|Flash Cannon|p2a: Pecharunt
|-damage|p2a: Pecharunt|37/100
|move|p2a: Pecharunt|Parting Shot|p1a: Magnezone
|-unboost|p1a: Magnezone|atk|1
|-unboost|p1a: Magnezone|spa|1
|
|t:|1769401595
|switch|p2a: Ting-Lu|Ting-Lu|100/100|[from] Parting Shot
|-ability|p2a: Ting-Lu|Vessel of Ruin
|
|upkeep
|turn|3
|
|t:|1769401603
|switch|p1a: Great Tusk|Great Tusk|100/100
|move|p2a: Ting-Lu|Stealth Rock|p1a: Great Tusk
|-sidestart|p1: SquilliamTG|move: Stealth Rock
|
|upkeep
|turn|4
|
|t:|1769401611
|-terastallize|p2a: Ting-Lu|Ghost
|move|p1a: Great Tusk|Stealth Rock|p2a: Ting-Lu
|-sidestart|p2: abhii.g|move: Stealth Rock
|move|p2a: Ting-Lu|Spikes|p1a: Great Tusk
|-sidestart|p1: SquilliamTG|Spikes
|
|upkeep
|turn|5
|
|t:|1769401619
|-end|p1a: Great Tusk|Protosynthesis|[silent]
|switch|p1a: Dragonite|Dragonite, M|100/100
|move|p2a: Ting-Lu|Spikes|p1a: Dragonite
|-sidestart|p1: SquilliamTG|Spikes
|
|upkeep
|turn|6
|
|t:|1769401624
|move|p1a: Dragonite|Encore|p2a: Ting-Lu
|-start|p2a: Ting-Lu|Encore
|move|p2a: Ting-Lu|Spikes|p1a: Dragonite
|-sidestart|p1: SquilliamTG|Spikes
|
|upkeep
|turn|7
|
|t:|1769401628
|switch|p2a: Dragonite|Dragonite, F|100/100
|move|p1a: Dragonite|Dragon Dance|p1a: Dragonite
|-boost|p1a: Dragonite|atk|1
|-boost|p1a: Dragonite|spe|1
|
|upkeep
|turn|8
|
|t:|1769401640
|switch|p2a: Ting-Lu|Ting-Lu, tera:Ghost|100/100
|-damage|p2a: Ting-Lu|88/100|[from] Stealth Rock
|-ability|p2a: Ting-Lu|Vessel of Ruin
|move|p1a: Dragonite|Extreme Speed|p2a: Ting-Lu
|-immune|p2a: Ting-Lu
|
|-heal|p2a: Ting-Lu|94/100|[from] item: Leftovers
|upkeep
|turn|9
|
|t:|1769401649
|move|p1a: Dragonite|Earthquake|p2a: Ting-Lu
|-damage|p2a: Ting-Lu|64/100
|move|p2a: Ting-Lu|Whirlwind|p1a: Dragonite
|drag|p1a: Zamazenta|Zamazenta|100/100
|-damage|p1a: Zamazenta|94/100|[from] Stealth Rock
|-damage|p1a: Zamazenta|69/100|[from] Spikes
|
|-heal|p2a: Ting-Lu|70/100|[from] item: Leftovers
|upkeep
|turn|10
|
|t:|1769401658
|move|p1a: Zamazenta|Crunch|p2a: Ting-Lu
|-supereffective|p2a: Ting-Lu
|-damage|p2a: Ting-Lu|30/100
|move|p2a: Ting-Lu|Whirlwind|p1a: Zamazenta
|drag|p1a: Alomomola|Alomomola, F|100/100
|
|-heal|p2a: Ting-Lu|36/100|[from] item: Leftovers
|upkeep
|turn|11
|
|t:|1769401669
|move|p1a: Alomomola|Wish|p1a: Alomomola
|move|p2a: Ting-Lu|Whirlwind|p1a: Alomomola
|drag|p1a: Slowking|Slowking-Galar, F|100/100
|
|-heal|p2a: Ting-Lu|43/100|[from] item: Leftovers
|upkeep
|turn|12
|
|t:|1769401681
|move|p2a: Ting-Lu|Earthquake|p1a: Slowking
|-supereffective|p1a: Slowking
|-damage|p1a: Slowking|18/100
|move|p1a: Slowking|Future Sight|p2a: Ting-Lu
|-start|p1a: Slowking|move: Future Sight
|
|-heal|p1a: Slowking|86/100|[from] move: Wish|[wisher] Alomomola
|-heal|p2a: Ting-Lu|49/100|[from] item: Leftovers
|upkeep
|turn|13
|
|t:|1769401689
|switch|p1a: Alomomola|Alomomola, F|100/100
|move|p2a: Ting-Lu|Whirlwind|p1a: Alomomola
|drag|p1a: Dragonite|Dragonite, M|100/100
|
|-heal|p2a: Ting-Lu|55/100|[from] item: Leftovers
|upkeep
|turn|14
|
|t:|1769401699
|move|p1a: Dragonite|Earthquake|p2a: Ting-Lu
|-damage|p2a: Ting-Lu|37/100
|move|p2a: Ting-Lu|Whirlwind|p1a: Dragonite
|drag|p1a: Magnezone|Magnezone|100/100
|-damage|p1a: Magnezone|94/100|[from] Stealth Rock
|-damage|p1a: Magnezone|70/100|[from] Spikes
|
|-end|p2a: Ting-Lu|move: Future Sight
|-damage|p2a: Ting-Lu|19/100
|-heal|p2a: Ting-Lu|25/100|[from] item: Leftovers
|upkeep
|turn|15
|
|t:|1769401712
|switch|p2a: Pecharunt|Pecharunt|37/100
|move|p1a: Magnezone|Thunderbolt|p2a: Pecharunt
|-damage|p2a: Pecharunt|0 fnt
|faint|p2a: Pecharunt
|
|upkeep
|
|t:|1769401720
|switch|p2a: Dragonite|Dragonite, F|100/100
|turn|16
|
|t:|1769401724
|move|p2a: Dragonite|Earthquake|p1a: Magnezone
|-supereffective|p1a: Magnezone
|-damage|p1a: Magnezone|0 fnt
|faint|p1a: Magnezone
|
|upkeep
|
|t:|1769401729
|switch|p1a: Great Tusk|Great Tusk|100/100
|turn|17
|
|t:|1769401740
|switch|p2a: Ting-Lu|Ting-Lu, tera:Ghost|25/100
|-damage|p2a: Ting-Lu|13/100|[from] Stealth Rock
|-ability|p2a: Ting-Lu|Vessel of Ruin
|move|p1a: Great Tusk|Headlong Rush|p2a: Ting-Lu
|-damage|p2a: Ting-Lu|0 fnt
|-unboost|p1a: Great Tusk|def|1
|-unboost|p1a: Great Tusk|spd|1
|faint|p2a: Ting-Lu
|
|upkeep
|
|t:|1769401746
|switch|p2a: Gholdengo|Gholdengo|100/100
|-damage|p2a: Gholdengo|94/100|[from] Stealth Rock
|turn|18
|
|t:|1769401758
|-end|p1a: Great Tusk|Protosynthesis|[silent]
|switch|p1a: Alomomola|Alomomola, F|100/100
|move|p2a: Gholdengo|Make It Rain|p1a: Alomomola
|-resisted|p1a: Alomomola
|-damage|p1a: Alomomola|50/100
|-unboost|p2a: Gholdengo|spa|1
|
|upkeep
|turn|19
|
|t:|1769401767
|move|p2a: Gholdengo|Nasty Plot|p2a: Gholdengo
|-boost|p2a: Gholdengo|spa|2
|move|p1a: Alomomola|Flip Turn|p2a: Gholdengo
|-damage|p2a: Gholdengo|77/100
|
|t:|1769401773
|switch|p1a: Great Tusk|Great Tusk|100/100|[from] Flip Turn
|
|upkeep
|turn|20
|
|t:|1769401782
|move|p1a: Great Tusk|Headlong Rush|p2a: Gholdengo
|-supereffective|p2a: Gholdengo
|-damage|p2a: Gholdengo|0 fnt
|-unboost|p1a: Great Tusk|def|1
|-unboost|p1a: Great Tusk|spd|1
|faint|p2a: Gholdengo
|
|upkeep
|
|t:|1769401792
|switch|p2a: Zamazenta|Zamazenta|100/100
|-damage|p2a: Zamazenta|94/100|[from] Stealth Rock
|-ability|p2a: Zamazenta|Dauntless Shield|boost
|-boost|p2a: Zamazenta|def|1
|turn|21
|
|t:|1769401800
|move|p2a: Zamazenta|Iron Defense|p2a: Zamazenta
|-boost|p2a: Zamazenta|def|2
|move|p1a: Great Tusk|Rapid Spin|p2a: Zamazenta
|-damage|p2a: Zamazenta|90/100
|-boost|p1a: Great Tusk|spe|1
|-sideend|p1: SquilliamTG|Spikes|[from] move: Rapid Spin|[of] p1a: Great Tusk
|-sideend|p1: SquilliamTG|Stealth Rock|[from] move: Rapid Spin|[of] p1a: Great Tusk
|
|-heal|p2a: Zamazenta|96/100|[from] item: Leftovers
|upkeep
|turn|22
|
|t:|1769401809
|-end|p1a: Great Tusk|Protosynthesis|[silent]
|switch|p1a: Slowking|Slowking-Galar, F|100/100
|move|p2a: Zamazenta|Iron Defense|p2a: Zamazenta
|-boost|p2a: Zamazenta|def|2
|
|-heal|p2a: Zamazenta|100/100|[from] item: Leftovers
|upkeep
|turn|23
|
|t:|1769401816
|move|p2a: Zamazenta|Crunch|p1a: Slowking
|-supereffective|p1a: Slowking
|-damage|p1a: Slowking|55/100
|move|p1a: Slowking|Future Sight|p2a: Zamazenta
|-start|p1a: Slowking|move: Future Sight
|
|upkeep
|turn|24
|
|t:|1769401834
|move|p2a: Zamazenta|Crunch|p1a: Slowking
|-supereffective|p1a: Slowking
|-damage|p1a: Slowking|12/100
|-unboost|p1a: Slowking|def|1
|-prepare|p1a: Slowking|Chilly Reception|[premajor]
|move|p1a: Slowking|Chilly Reception|p1a: Slowking
|-weather|Snowscape
|
|t:|1769401841
|switch|p1a: Alomomola|Alomomola, F|83/100|[from] Chilly Reception
|
|-weather|Snowscape|[upkeep]
|upkeep
|turn|25
|
|t:|1769401849
|switch|p2a: Darkrai|Darkrai|100/100
|-terastallize|p1a: Alomomola|Fairy
|move|p1a: Alomomola|Wish|p1a: Alomomola
|
|-weather|Snowscape|[upkeep]
|-end|p2a: Darkrai|move: Future Sight
|-immune|p2a: Darkrai
|upkeep
|turn|26
|
|t:|1769401863
|move|p2a: Darkrai|Knock Off|p1a: Alomomola
|-resisted|p1a: Alomomola
|-damage|p1a: Alomomola|75/100
|-enditem|p1a: Alomomola|Heavy-Duty Boots|[from] move: Knock Off|[of] p2a: Darkrai
|move|p1a: Alomomola|Flip Turn|p2a: Darkrai
|-damage|p2a: Darkrai|80/100
|
|t:|1769401869
|switch|p1a: Zamazenta|Zamazenta|69/100|[from] Flip Turn
|
|-weather|Snowscape|[upkeep]
|-heal|p1a: Zamazenta|100/100|[from] move: Wish|[wisher] Alomomola
|upkeep
|turn|27
|
|t:|1769401875
|switch|p2a: Dragonite|Dragonite, F|100/100
|move|p1a: Zamazenta|Close Combat|p2a: Dragonite
|-resisted|p2a: Dragonite
|-damage|p2a: Dragonite|75/100
|-unboost|p1a: Zamazenta|def|1
|-unboost|p1a: Zamazenta|spd|1
|
|-weather|Snowscape|[upkeep]
|upkeep
|turn|28
|
|t:|1769401888
|switch|p1a: Alomomola|Alomomola, F, tera:Fairy|100/100
|move|p2a: Dragonite|Roost|p2a: Dragonite
|-heal|p2a: Dragonite|100/100
|-singleturn|p2a: Dragonite|move: Roost
|
|-weather|none
|upkeep
|turn|29
|
|t:|1769401897
|switch|p2a: Zamazenta|Zamazenta|100/100
|-damage|p2a: Zamazenta|94/100|[from] Stealth Rock
|move|p1a: Alomomola|Scald|p2a: Zamazenta
|-damage|p2a: Zamazenta|84/100
|
|-heal|p2a: Zamazenta|90/100|[from] item: Leftovers
|upkeep
|turn|30
|
|t:|1769401905
|move|p2a: Zamazenta|Iron Defense|p2a: Zamazenta
|-boost|p2a: Zamazenta|def|2
|move|p1a: Alomomola|Wish|p1a: Alomomola
|
|-heal|p2a: Zamazenta|96/100|[from] item: Leftovers
|upkeep
|turn|31
|
|t:|1769401912
|move|p1a: Alomomola|Flip Turn|p2a: Zamazenta
|-damage|p2a: Zamazenta|90/100
|
|t:|1769401917
|switch|p1a: Dragonite|Dragonite, M|100/100|[from] Flip Turn
|move|p2a: Zamazenta|Roar|p1a: Dragonite
|drag|p1a: Alomomola|Alomomola, F, tera:Fairy|100/100
|
|-heal|p2a: Zamazenta|96/100|[from] item: Leftovers
|upkeep
|turn|32
|
|t:|1769401923
|move|p2a: Zamazenta|Iron Defense|p2a: Zamazenta
|-boost|p2a: Zamazenta|def|2
|move|p1a: Alomomola|Scald|p2a: Zamazenta
|-damage|p2a: Zamazenta|85/100
|-status|p2a: Zamazenta|brn
|
|-heal|p2a: Zamazenta|91/100 brn|[from] item: Leftovers
|-damage|p2a: Zamazenta|85/100 brn|[from] brn
|upkeep
|turn|33
|c|☆abhii.g|gg
|
|t:|1769401932
|move|p2a: Zamazenta|Body Press|p1a: Alomomola
|-resisted|p1a: Alomomola
|-damage|p1a: Alomomola|85/100
|move|p1a: Alomomola|Wish|p1a: Alomomola
|
|-heal|p2a: Zamazenta|91/100 brn|[from] item: Leftovers
|-damage|p2a: Zamazenta|85/100 brn|[from] brn
|upkeep
|turn|34
|c|☆SquilliamTG|gg
|c|☆abhii.g|cant beat mono boots
|-message|abhii.g forfeited.
|
|win|SquilliamTG
|raw|SquilliamTG's rating: 1518 &rarr; <strong>1541</strong><br />(+23 for winning)
|raw|abhii.g's rating: 1567 &rarr; <strong>1544</strong><br />(-23 for losing)
|l|☆abhii.g
|player|p2|
