|j|☆gfitzy
|j|☆Lobsta96
|t:|1769322512
|gametype|singles
|player|p1|gfitzy|cynthia-masters|1419
|player|p2|Lobsta96|marshal|1419
|gen|9
|tier|[Gen 9] OU
|rated|
|rule|HP Percentage Mod: HP is shown in percentages
|rule|Endless Battle Clause: Forcing endless battles is banned
|rule|Species Clause: Limit one of each Pokémon
|rule|OHKO Clause: OHKO moves are banned
|rule|Evasion Items Clause: Evasion items are banned
|rule|Evasion Moves Clause: Evasion moves are banned
|rule|Evasion Abilities Clause: Evasion abilities are banned
|rule|Sleep Moves Clause: Sleep-inducing moves are banned
|clearpoke
|poke|p1|Carbink, L1|
|poke|p1|Braviary-Hisui, M|
|poke|p1|Ursaluna, M|
|poke|p1|Kingambit, M|
|poke|p1|Iron Hands|
|poke|p1|Hatterene, F|
|poke|p2|Kleavor, M|
|poke|p2|Avalugg-Hisui, F|
|poke|p2|Blissey, F|
|poke|p2|Sinistcha|
|poke|p2|Gliscor, M|
|poke|p2|Iron Valiant|
|teampreview
|inactive|Battle timer is ON: inactive players will automatically lose when time's up. (requested by Lobsta96)
|
|t:|1769322539
|teamsize|p1|6
|teamsize|p2|6
|start
|switch|p1a: The Bink|Carbink, L1, shiny|100/100
|switch|p2a: Kleavor|Kleavor, M|100/100
|turn|1
|
|t:|1769322551
|move|p2a: Kleavor|U-turn|p1a: The Bink
|-resisted|p1a: The Bink
|-ability|p1a: The Bink|Sturdy
|-damage|p1a: The Bink|9/100
|
|t:|1769322554
|switch|p2a: Sinistcha|Sinistcha|100/100|[from] U-turn
|move|p1a: The Bink|Trick Room|p1a: The Bink
|-fieldstart|move: Trick Room|[of] p1a: The Bink
|
|-damage|p1a: The Bink|0 fnt|[from] item: Black Sludge
|faint|p1a: The Bink
|upkeep
|
|t:|1769322570
|switch|p1a: Balloon Boy|Braviary-Hisui, M, shiny|100/100
|turn|2
|
|t:|1769322588
|switch|p2a: Blissey|Blissey, F|100/100
|move|p1a: Balloon Boy|Hurricane|p2a: Blissey
|-damage|p2a: Blissey|65/100
|
|upkeep
|turn|3
|inactive|gfitzy has 120 seconds left.
|
|t:|1769322617
|move|p1a: Balloon Boy|Psychic|p2a: Blissey
|-damage|p2a: Blissey|37/100
|move|p2a: Blissey|Soft-Boiled|p2a: Blissey
|-heal|p2a: Blissey|87/100
|
|upkeep
|turn|4
|
|t:|1769322626
|move|p1a: Balloon Boy|Psychic|p2a: Blissey
|-damage|p2a: Blissey|59/100
|move|p2a: Blissey|Seismic Toss|p1a: Balloon Boy
|-damage|p1a: Balloon Boy|77/100
|
|upkeep
|turn|5
|
|t:|1769322634
|move|p1a: Balloon Boy|Psychic|p2a: Blissey
|-damage|p2a: Blissey|29/100
|move|p2a: Blissey|Soft-Boiled|p2a: Blissey
|-heal|p2a: Blissey|79/100
|
|-fieldend|move: Trick Room
|upkeep
|turn|6
|
|t:|1769322643
|move|p2a: Blissey|Shadow Ball|p1a: Balloon Boy
|-supereffective|p1a: Balloon Boy
|-damage|p1a: Balloon Boy|47/100
|move|p1a: Balloon Boy|Psychic|p2a: Blissey
|-damage|p2a: Blissey|52/100
|
|upkeep
|turn|7
|
|t:|1769322651
|switch|p1a: Freddy|Ursaluna, M|100/100
|move|p2a: Blissey|Soft-Boiled|p2a: Blissey
|-heal|p2a: Blissey|100/100
|
|-status|p1a: Freddy|brn|[from] item: Flame Orb
|upkeep
|turn|8
|inactive|gfitzy has 120 seconds left.
|
|t:|1769322684
|switch|p2a: Avalugg|Avalugg-Hisui, F|100/100
|move|p1a: Freddy|Headlong Rush|p2a: Avalugg
|-supereffective|p2a: Avalugg
|-damage|p2a: Avalugg|19/100
|-unboost|p1a: Freddy|def|1
|-unboost|p1a: Freddy|spd|1
|
|-damage|p1a: Freddy|94/100 brn|[from] brn
|upkeep
|turn|9
|inactive|gfitzy has 120 seconds left.
|
|t:|1769322703
|move|p2a: Avalugg|Body Press|p1a: Freddy
|-supereffective|p1a: Freddy
|-damage|p1a: Freddy|13/100 brn
|move|p1a: Freddy|Facade|p2a: Avalugg
|-resisted|p2a: Avalugg
|-damage|p2a: Avalugg|0 fnt
|faint|p2a: Avalugg
|
|-damage|p1a: Freddy|7/100 brn|[from] brn
|upkeep
|
|t:|1769322712
|switch|p2a: Kleavor|Kleavor, M|100/100
|turn|10
|
|t:|1769322720
|switch|p1a: Bonnie|Iron Hands|100/100
|-enditem|p1a: Bonnie|Booster Energy
|-activate|p1a: Bonnie|ability: Quark Drive|[fromitem]
|-start|p1a: Bonnie|quarkdriveatk
|move|p2a: Kleavor|Stone Axe|p1a: Bonnie|[miss]
|-miss|p2a: Kleavor|p1a: Bonnie
|
|upkeep
|turn|11
|inactive|Lobsta96 has 120 seconds left.
|
|t:|1769322774
|move|p2a: Kleavor|Stone Axe|p1a: Bonnie
|-resisted|p1a: Bonnie
|-damage|p1a: Bonnie|81/100
|-sidestart|p1: gfitzy|move: Stealth Rock
|move|p1a: Bonnie|Drain Punch|p2a: Kleavor
|-damage|p2a: Kleavor|21/100
|-heal|p1a: Bonnie|100/100|[from] drain|[of] p2a: Kleavor
|
|upkeep
|turn|12
|inactive|gfitzy has 120 seconds left.
|
|t:|1769322796
|switch|p2a: Gliscor|Gliscor, M|100/100
|move|p1a: Bonnie|Drain Punch|p2a: Gliscor
|-resisted|p2a: Gliscor
|-damage|p2a: Gliscor|79/100
|
|-status|p2a: Gliscor|tox|[from] item: Toxic Orb
|upkeep
|turn|13
|inactive|gfitzy has 120 seconds left.
|inactive|gfitzy has 90 seconds left.
|
|t:|1769322837
|-terastallize|p1a: Bonnie|Flying
|move|p2a: Gliscor|Spikes|p1a: Bonnie
|-sidestart|p1: gfitzy|Spikes
|move|p1a: Bonnie|Swords Dance|p1a: Bonnie
|-boost|p1a: Bonnie|atk|2
|
|-heal|p2a: Gliscor|92/100 tox|[from] ability: Poison Heal
|upkeep
|turn|14
|inactive|Lobsta96 has 90 seconds left.
|
|t:|1769322860
|move|p2a: Gliscor|Spikes|p1a: Bonnie
|-sidestart|p1: gfitzy|Spikes
|move|p1a: Bonnie|Ice Punch|p2a: Gliscor
|-supereffective|p2a: Gliscor
|-damage|p2a: Gliscor|0 fnt
|faint|p2a: Gliscor
|
|upkeep
|
|t:|1769322865
|switch|p2a: Kleavor|Kleavor, M|21/100
|turn|15
|
|t:|1769322875
|move|p2a: Kleavor|Stone Axe|p1a: Bonnie
|-supereffective|p1a: Bonnie
|-damage|p1a: Bonnie|27/100
|move|p1a: Bonnie|Drain Punch|p2a: Kleavor
|-damage|p2a: Kleavor|0 fnt
|-heal|p1a: Bonnie|33/100|[from] drain|[of] p2a: Kleavor
|faint|p2a: Kleavor
|
|upkeep
|inactive|Lobsta96 has 90 seconds left.
|
|t:|1769322901
|switch|p2a: Iron Valiant|Iron Valiant|100/100
|-enditem|p2a: Iron Valiant|Booster Energy
|-activate|p2a: Iron Valiant|ability: Quark Drive|[fromitem]
|-start|p2a: Iron Valiant|quarkdrivespe
|turn|16
|inactive|gfitzy has 90 seconds left.
|c|☆Lobsta96|bros calcing
|
|t:|1769322959
|move|p2a: Iron Valiant|Moonblast|p1a: Bonnie
|-damage|p1a: Bonnie|5/100
|move|p1a: Bonnie|Thunder Punch|p2a: Iron Valiant
|-damage|p2a: Iron Valiant|0 fnt
|faint|p2a: Iron Valiant
|-end|p2a: Iron Valiant|Quark Drive|[silent]
|
|upkeep
|inactive|Lobsta96 has 90 seconds left.
|c|☆Lobsta96|1000% bro was calcing that
|
|t:|1769322975
|switch|p2a: Sinistcha|Sinistcha|100/100
|turn|17
|
|t:|1769322979
|move|p2a: Sinistcha|Shadow Ball|p1a: Bonnie
|-damage|p1a: Bonnie|0 fnt
|faint|p1a: Bonnie
|-end|p1a: Bonnie|Quark Drive|[silent]
|
|upkeep
|inactive|gfitzy has 60 seconds left.
|
|t:|1769323013
|switch|p1a: William Afton|Kingambit, M|100/100
|-damage|p1a: William Afton|94/100|[from] Stealth Rock
|-damage|p1a: William Afton|78/100|[from] Spikes
|-activate|p1a: William Afton|ability: Supreme Overlord
|-start|p1a: William Afton|fallen2|[silent]
|turn|18
|inactive|gfitzy has 60 seconds left.
|
|t:|1769323020
|-terastallize|p2a: Sinistcha|Poison
|move|p2a: Sinistcha|Calm Mind|p2a: Sinistcha
|-boost|p2a: Sinistcha|spa|1
|-boost|p2a: Sinistcha|spd|1
|move|p1a: William Afton|Kowtow Cleave|p2a: Sinistcha
|-damage|p2a: Sinistcha|41/100
|
|-heal|p2a: Sinistcha|47/100|[from] item: Leftovers
|upkeep
|turn|19
|inactive|gfitzy has 60 seconds left.
|
|t:|1769323047
|move|p2a: Sinistcha|Strength Sap|p1a: William Afton
|-unboost|p1a: William Afton|atk|1
|-heal|p2a: Sinistcha|100/100
|move|p1a: William Afton|Kowtow Cleave|p2a: Sinistcha
|-crit|p2a: Sinistcha
|-damage|p2a: Sinistcha|4/100
|
|-heal|p2a: Sinistcha|10/100|[from] item: Leftovers
|upkeep
|turn|20
|
|t:|1769323066
|-end|p1a: William Afton|fallen2|[silent]
|switch|p1a: Chica|Hatterene, F|100/100
|-damage|p1a: Chica|88/100|[from] Stealth Rock
|-damage|p1a: Chica|72/100|[from] Spikes
|move|p2a: Sinistcha|Strength Sap|p1a: Chica
|move|p1a: Chica|Strength Sap|p2a: Sinistcha|[from] ability: Magic Bounce
|-unboost|p2a: Sinistcha|atk|1
|-heal|p1a: Chica|100/100
|
|-heal|p2a: Sinistcha|16/100|[from] item: Leftovers
|upkeep
|turn|21
|
|t:|1769323087
|switch|p2a: Blissey|Blissey, F|100/100
|move|p1a: Chica|Trick Room|p1a: Chica
|-fieldstart|move: Trick Room|[of] p1a: Chica
|
|upkeep
|turn|22
|
|t:|1769323097
|move|p1a: Chica|Healing Wish|p1a: Chica
|faint|p1a: Chica
|move|p2a: Blissey|Seismic Toss|p1: Chica|[notarget]
|-fail|p2a: Blissey
|
|upkeep
|
|t:|1769323106
|switch|p1a: Freddy|Ursaluna, M|7/100 brn
|-heal|p1a: Freddy|100/100|[from] move: Healing Wish
|-damage|p1a: Freddy|94/100|[from] Stealth Rock
|-damage|p1a: Freddy|78/100|[from] Spikes
|turn|23
|
|t:|1769323113
|move|p1a: Freddy|Swords Dance|p1a: Freddy
|-boost|p1a: Freddy|atk|2
|move|p2a: Blissey|Soft-Boiled||[still]
|-fail|p2a: Blissey|heal
|
|-status|p1a: Freddy|brn|[from] item: Flame Orb
|upkeep
|turn|24
|
|t:|1769323125
|move|p1a: Freddy|Crunch|p2a: Blissey
|-damage|p2a: Blissey|15/100
|move|p2a: Blissey|Soft-Boiled|p2a: Blissey
|-heal|p2a: Blissey|65/100
|
|-damage|p1a: Freddy|72/100 brn|[from] brn
|upkeep
|turn|25
|
|t:|1769323131
|move|p1a: Freddy|Crunch|p2a: Blissey
|-damage|p2a: Blissey|0 fnt
|faint|p2a: Blissey
|
|-damage|p1a: Freddy|66/100 brn|[from] brn
|-fieldend|move: Trick Room
|upkeep
|
|t:|1769323133
|switch|p2a: Sinistcha|Sinistcha, tera:Poison|16/100
|turn|26
|
|t:|1769323142
|move|p2a: Sinistcha|Strength Sap|p1a: Freddy
|-unboost|p1a: Freddy|atk|1
|-heal|p2a: Sinistcha|100/100
|move|p1a: Freddy|Facade|p2a: Sinistcha
|-damage|p2a: Sinistcha|0 fnt
|faint|p2a: Sinistcha
|
|win|gfitzy
|raw|gfitzy's rating: 1419 &rarr; <strong>1439</strong><br />(+20 for winning)
|raw|Lobsta96's rating: 1419 &rarr; <strong>1399</strong><br />(-20 for losing)
|l|☆Lobsta96
|player|p2|
|l|☆gfitzy
|player|p1|
