|j|☆enzofm15
|j|☆justraffe
|t:|1769441530
|gametype|singles
|player|p1|enzofm15|cyrus-masters|1465
|player|p2|justraffe|elesa-masters3|1499
|gen|9
|tier|[Gen 9] OU
|rated|
|rule|HP Percentage Mod: HP is shown in percentages
|rule|Endless Battle Clause: Forcing endless battles is banned
|rule|Species Clause: Limit one of each Pokémon
|rule|OHKO Clause: OHKO moves are banned
|rule|Evasion Items Clause: Evasion items are banned
|rule|Evasion Moves Clause: Evasion moves are banned
|rule|Evasion Abilities Clause: Evasion abilities are banned
|rule|Sleep Moves Clause: Sleep-inducing moves are banned
|clearpoke
|poke|p1|Mamoswine, F|
|poke|p1|Empoleon, M|
|poke|p1|Zapdos|
|poke|p1|Ceruledge, M|
|poke|p1|Skarmory, F|
|poke|p1|Zamazenta-*|
|poke|p2|Blissey, F|
|poke|p2|Kingambit, M|
|poke|p2|Ceruledge, M|
|poke|p2|Latias, F|
|poke|p2|Enamorus, F|
|poke|p2|Great Tusk|
|teampreview
|inactive|Battle timer is ON: inactive players will automatically lose when time's up. (requested by justraffe)
|
|t:|1769441547
|teamsize|p1|6
|teamsize|p2|6
|start
|switch|p1a: Zapdos|Zapdos|100/100
|switch|p2a: Great Tusk|Great Tusk|100/100
|-enditem|p2a: Great Tusk|Booster Energy
|-activate|p2a: Great Tusk|ability: Protosynthesis|[fromitem]
|-start|p2a: Great Tusk|protosynthesisatk
|turn|1
|
|t:|1769441576
|-end|p2a: Great Tusk|Protosynthesis|[silent]
|switch|p2a: Blissey|Blissey, F|100/100
|move|p1a: Zapdos|Hurricane|p2a: Blissey
|-damage|p2a: Blissey|86/100
|-start|p2a: Blissey|confusion
|-enditem|p2a: Blissey|Eject Button
|inactive|justraffe has 120 seconds left.
|inactive|justraffe has 90 seconds left.
|
|t:|1769441635
|switch|p2a: Enamorus|Enamorus, F|100/100
|
|upkeep
|turn|2
|
|t:|1769441638
|switch|p2a: Blissey|Blissey, F|86/100
|move|p1a: Zapdos|Volt Switch|p2a: Blissey
|-damage|p2a: Blissey|77/100
|
|t:|1769441646
|switch|p1a: Mamoswine|Mamoswine, F|100/100|[from] Volt Switch
|
|upkeep
|turn|3
|inactive|justraffe has 90 seconds left.
|
|t:|1769441669
|move|p1a: Mamoswine|Icicle Crash|p2a: Blissey|[miss]
|-miss|p1a: Mamoswine|p2a: Blissey
|move|p2a: Blissey|Stealth Rock|p1a: Mamoswine
|-sidestart|p1: enzofm15|move: Stealth Rock
|
|upkeep
|turn|4
|
|t:|1769441688
|switch|p2a: Ceruledge|Ceruledge, M|100/100
|move|p1a: Mamoswine|Earthquake|p2a: Ceruledge
|-supereffective|p2a: Ceruledge
|-enditem|p2a: Ceruledge|Focus Sash
|-damage|p2a: Ceruledge|1/100
|-ability|p2a: Ceruledge|Weak Armor|boost
|-unboost|p2a: Ceruledge|def|1
|-boost|p2a: Ceruledge|spe|2
|
|upkeep
|turn|5
|
|t:|1769441713
|move|p1a: Mamoswine|Ice Shard|p2a: Ceruledge
|-resisted|p2a: Ceruledge
|-damage|p2a: Ceruledge|0 fnt
|faint|p2a: Ceruledge
|
|upkeep
|inactive|justraffe has 60 seconds left.
|
|t:|1769441750
|switch|p2a: Kingambit|Kingambit, M|100/100
|-activate|p2a: Kingambit|ability: Supreme Overlord
|-start|p2a: Kingambit|fallen1|[silent]
|turn|6
|
|t:|1769441757
|switch|p1a: Zamazenta|Zamazenta|100/100
|-ability|p1a: Zamazenta|Dauntless Shield|boost
|-boost|p1a: Zamazenta|def|1
|-terastallize|p2a: Kingambit|Ghost
|move|p2a: Kingambit|Iron Head|p1a: Zamazenta
|-damage|p1a: Zamazenta|71/100
|
|upkeep
|turn|7
|inactive|justraffe has 60 seconds left.
|
|t:|1769441771
|move|p1a: Zamazenta|Crunch|p2a: Kingambit
|-supereffective|p2a: Kingambit
|-damage|p2a: Kingambit|55/100
|-unboost|p2a: Kingambit|def|1
|move|p2a: Kingambit|Swords Dance|p2a: Kingambit
|-boost|p2a: Kingambit|atk|2
|
|-heal|p2a: Kingambit|61/100|[from] item: Leftovers
|upkeep
|turn|8
|inactive|justraffe has 60 seconds left.
|
|t:|1769441784
|move|p1a: Zamazenta|Crunch|p2a: Kingambit
|-supereffective|p2a: Kingambit
|-damage|p2a: Kingambit|0 fnt
|faint|p2a: Kingambit
|-end|p2a: Kingambit|fallen1|[silent]
|
|upkeep
|inactive|justraffe has 60 seconds left.
|inactive|justraffe has 30 seconds left.
|
|t:|1769441822
|switch|p2a: Enamorus|Enamorus, F|100/100
|turn|9
|
|t:|1769441841
|switch|p1a: Empoleon|Empoleon, M|100/100
|-damage|p1a: Empoleon|94/100|[from] Stealth Rock
|move|p2a: Enamorus|Moonblast|p1a: Empoleon
|-resisted|p1a: Empoleon
|-damage|p1a: Empoleon|74/100
|
|-heal|p1a: Empoleon|81/100|[from] item: Leftovers
|upkeep
|turn|10
|
|t:|1769441845
|switch|p2a: Latias|Latias, F|100/100
|move|p1a: Empoleon|Whirlpool|p2a: Latias
|-resisted|p2a: Latias
|-damage|p2a: Latias|95/100
|-activate|p2a: Latias|move: Whirlpool|[of] p1a: Empoleon
|
|-heal|p1a: Empoleon|87/100|[from] item: Leftovers
|-damage|p2a: Latias|82/100|[from] move: Whirlpool|[partiallytrapped]
|upkeep
|turn|11
|
|t:|1769441850
|move|p2a: Latias|Calm Mind|p2a: Latias
|-boost|p2a: Latias|spa|1
|-boost|p2a: Latias|spd|1
|move|p1a: Empoleon|Ice Beam|p2a: Latias
|-supereffective|p2a: Latias
|-damage|p2a: Latias|53/100
|-enditem|p2a: Latias|Weakness Policy
|-boost|p2a: Latias|atk|2|[from] item: Weakness Policy
|-boost|p2a: Latias|spa|2|[from] item: Weakness Policy
|
|-heal|p1a: Empoleon|93/100|[from] item: Leftovers
|-damage|p2a: Latias|41/100|[from] move: Whirlpool|[partiallytrapped]
|upkeep
|turn|12
|
|t:|1769441853
|move|p2a: Latias|Agility|p2a: Latias
|-boost|p2a: Latias|spe|2
|move|p1a: Empoleon|Ice Beam|p2a: Latias
|-supereffective|p2a: Latias
|-damage|p2a: Latias|11/100
|
|-heal|p1a: Empoleon|99/100|[from] item: Leftovers
|-damage|p2a: Latias|0 fnt|[from] move: Whirlpool|[partiallytrapped]
|faint|p2a: Latias
|upkeep
|
|t:|1769441856
|switch|p2a: Great Tusk|Great Tusk|100/100
|turn|13
|
|t:|1769441867
|switch|p1a: Zapdos|Zapdos|100/100
|move|p2a: Great Tusk|Headlong Rush|p1a: Zapdos
|-immune|p1a: Zapdos
|
|upkeep
|turn|14
|
|t:|1769441872
|move|p2a: Great Tusk|Supercell Slam|p1a: Zapdos
|-damage|p1a: Zapdos|73/100
|move|p1a: Zapdos|Volt Switch|p2a: Great Tusk
|-immune|p2a: Great Tusk
|
|upkeep
|turn|15
|
|t:|1769441874
|move|p2a: Great Tusk|Supercell Slam|p1a: Zapdos
|-damage|p1a: Zapdos|48/100
|-status|p2a: Great Tusk|par|[from] ability: Static|[of] p1a: Zapdos
|move|p1a: Zapdos|Hurricane|p2a: Great Tusk|[miss]
|-miss|p1a: Zapdos|p2a: Great Tusk
|
|upkeep
|turn|16
|
|t:|1769441882
|move|p1a: Zapdos|Roost|p1a: Zapdos
|-heal|p1a: Zapdos|98/100
|-singleturn|p1a: Zapdos|move: Roost
|move|p2a: Great Tusk|Headlong Rush|p1a: Zapdos
|-supereffective|p1a: Zapdos
|-damage|p1a: Zapdos|4/100
|-unboost|p2a: Great Tusk|def|1
|-unboost|p2a: Great Tusk|spd|1
|
|upkeep
|turn|17
|
|t:|1769441886
|-end|p2a: Great Tusk|Protosynthesis|[silent]
|switch|p2a: Enamorus|Enamorus, F|100/100
|move|p1a: Zapdos|Hurricane|p2a: Enamorus|[miss]
|-miss|p1a: Zapdos|p2a: Enamorus
|
|upkeep
|turn|18
|
|t:|1769441891
|switch|p1a: Empoleon|Empoleon, M|99/100
|-damage|p1a: Empoleon|93/100|[from] Stealth Rock
|move|p2a: Enamorus|Moonblast|p1a: Empoleon
|-resisted|p1a: Empoleon
|-damage|p1a: Empoleon|75/100
|
|-heal|p1a: Empoleon|81/100|[from] item: Leftovers
|upkeep
|turn|19
|
|t:|1769441895
|switch|p2a: Blissey|Blissey, F|77/100
|move|p1a: Empoleon|Surf|p2a: Blissey
|-damage|p2a: Blissey|66/100
|
|-heal|p1a: Empoleon|87/100|[from] item: Leftovers
|upkeep
|turn|20
|
|t:|1769441906
|switch|p2a: Enamorus|Enamorus, F|100/100
|switch|p1a: Mamoswine|Mamoswine, F|100/100
|
|upkeep
|turn|21
|
|t:|1769441910
|move|p2a: Enamorus|Moonblast|p1a: Mamoswine
|-crit|p1a: Mamoswine
|-damage|p1a: Mamoswine|5/100
|move|p1a: Mamoswine|Icicle Crash|p2a: Enamorus|[miss]
|-miss|p1a: Mamoswine|p2a: Enamorus
|
|upkeep
|turn|22
|
|t:|1769441915
|move|p1a: Mamoswine|Ice Shard|p2a: Enamorus
|-supereffective|p2a: Enamorus
|-damage|p2a: Enamorus|32/100
|move|p2a: Enamorus|Moonblast|p1a: Mamoswine
|-damage|p1a: Mamoswine|0 fnt
|faint|p1a: Mamoswine
|
|upkeep
|
|t:|1769441919
|switch|p1a: Ceruledge|Ceruledge, M|100/100
|turn|23
|
|t:|1769441928
|switch|p2a: Great Tusk|Great Tusk|100/100 par
|move|p1a: Ceruledge|Swords Dance|p1a: Ceruledge
|-boost|p1a: Ceruledge|atk|2
|
|upkeep
|turn|24
|
|t:|1769441933
|-terastallize|p1a: Ceruledge|Bug
|move|p1a: Ceruledge|Bitter Blade|p2a: Great Tusk
|-damage|p2a: Great Tusk|35/100 par
|move|p2a: Great Tusk|Headlong Rush|p1a: Ceruledge
|-resisted|p1a: Ceruledge
|-damage|p1a: Ceruledge|54/100
|-unboost|p2a: Great Tusk|def|1
|-unboost|p2a: Great Tusk|spd|1
|
|upkeep
|turn|25
|
|t:|1769441938
|move|p1a: Ceruledge|Bitter Blade|p2a: Great Tusk
|-damage|p2a: Great Tusk|0 fnt
|-heal|p1a: Ceruledge|76/100|[from] drain|[of] p2a: Great Tusk
|faint|p2a: Great Tusk
|-end|p2a: Great Tusk|Protosynthesis|[silent]
|
|upkeep
|
|t:|1769441941
|switch|p2a: Enamorus|Enamorus, F|32/100
|turn|26
|
|t:|1769441953
|move|p1a: Ceruledge|Shadow Sneak|p2a: Enamorus
|-damage|p2a: Enamorus|0 fnt
|faint|p2a: Enamorus
|
|upkeep
|
|t:|1769441955
|switch|p2a: Blissey|Blissey, F|66/100
|turn|27
|-message|justraffe forfeited.
|
|win|enzofm15
|raw|enzofm15's rating: 1465 &rarr; <strong>1487</strong><br />(+22 for winning)
|raw|justraffe's rating: 1499 &rarr; <strong>1477</strong><br />(-22 for losing)
|l|☆justraffe
|player|p2|
|l|☆enzofm15
|player|p1|
