|j|☆INTZ2902
|j|☆G2Alvarito
|t:|1769419754
|gametype|singles
|player|p1|INTZ2902|youngster-gen4dp|1086
|player|p2|G2Alvarito|102|1095
|gen|9
|tier|[Gen 9] OU
|rated|
|rule|HP Percentage Mod: HP is shown in percentages
|rule|Endless Battle Clause: Forcing endless battles is banned
|rule|Species Clause: Limit one of each Pokémon
|rule|OHKO Clause: OHKO moves are banned
|rule|Evasion Items Clause: Evasion items are banned
|rule|Evasion Moves Clause: Evasion moves are banned
|rule|Evasion Abilities Clause: Evasion abilities are banned
|rule|Sleep Moves Clause: Sleep-inducing moves are banned
|clearpoke
|poke|p1|Raging Bolt|
|poke|p1|Ceruledge, M|
|poke|p1|Hatterene, F|
|poke|p1|Weezing-Galar, M|
|poke|p1|Garchomp, F|
|poke|p1|Umbreon, M|
|poke|p2|Weezing, F|
|poke|p2|Amoonguss, F|
|poke|p2|Garchomp, F|
|poke|p2|Dragapult, F|
|poke|p2|Tentacruel, F|
|poke|p2|Samurott-Hisui, F|
|teampreview
|inactive|Battle timer is ON: inactive players will automatically lose when time's up. (requested by INTZ2902)
|
|t:|1769419789
|teamsize|p1|6
|teamsize|p2|6
|start
|switch|p1a: Garchomp|Garchomp, F|100/100
|switch|p2a: Weezing|Weezing, F|100/100
|turn|1
|
|t:|1769419798
|move|p1a: Garchomp|Stealth Rock|p2a: Weezing
|-sidestart|p2: G2Alvarito|move: Stealth Rock
|move|p2a: Weezing|Toxic|p1a: Garchomp
|-status|p1a: Garchomp|tox
|
|-damage|p1a: Garchomp|94/100 tox|[from] psn
|upkeep
|turn|2
|
|t:|1769419806
|move|p2a: Weezing|Toxic Spikes|p1a: Garchomp
|-sidestart|p1: INTZ2902|move: Toxic Spikes
|move|p1a: Garchomp|Dragon Tail|p2a: Weezing
|-damage|p2a: Weezing|82/100
|drag|p2a: Garchomp|Garchomp, F|100/100
|-damage|p2a: Garchomp|94/100|[from] Stealth Rock
|
|-damage|p1a: Garchomp|82/100 tox|[from] psn
|upkeep
|turn|3
|
|t:|1769419816
|switch|p1a: Weezing|Weezing-Galar, M|100/100
|move|p2a: Garchomp|Draco Meteor|p1a: Weezing
|-immune|p1a: Weezing
|
|upkeep
|turn|4
|
|t:|1769419829
|switch|p2a: Tentacruel|Tentacruel, F|100/100
|-damage|p2a: Tentacruel|88/100|[from] Stealth Rock
|move|p1a: Weezing|Strange Steam|p2a: Tentacruel
|-resisted|p2a: Tentacruel
|-damage|p2a: Tentacruel|80/100
|-start|p2a: Tentacruel|confusion
|
|-heal|p2a: Tentacruel|86/100|[from] item: Black Sludge
|upkeep
|turn|5
|
|t:|1769419844
|-activate|p2a: Tentacruel|confusion
|move|p2a: Tentacruel|Rapid Spin|p1a: Weezing
|-damage|p1a: Weezing|94/100
|-boost|p2a: Tentacruel|spe|1
|-sideend|p2: G2Alvarito|Stealth Rock|[from] move: Rapid Spin|[of] p2a: Tentacruel
|move|p1a: Weezing|Will-O-Wisp|p2a: Tentacruel
|-status|p2a: Tentacruel|brn
|
|-heal|p2a: Tentacruel|92/100 brn|[from] item: Black Sludge
|-damage|p2a: Tentacruel|86/100 brn|[from] brn
|upkeep
|turn|6
|
|t:|1769419857
|switch|p1a: Garchomp|Garchomp, F|82/100 tox
|-end|p2a: Tentacruel|confusion
|move|p2a: Tentacruel|Chilling Water|p1a: Garchomp
|-damage|p1a: Garchomp|68/100 tox
|-unboost|p1a: Garchomp|atk|1
|
|-heal|p2a: Tentacruel|92/100 brn|[from] item: Black Sludge
|-damage|p1a: Garchomp|62/100 tox|[from] psn
|-damage|p2a: Tentacruel|86/100 brn|[from] brn
|upkeep
|turn|7
|
|t:|1769419872
|switch|p2a: Weezing|Weezing, F|82/100
|move|p1a: Garchomp|Earthquake|p2a: Weezing
|-immune|p2a: Weezing|[from] ability: Levitate
|
|-heal|p2a: Weezing|88/100|[from] item: Black Sludge
|-damage|p1a: Garchomp|50/100 tox|[from] psn
|upkeep
|turn|8
|
|t:|1769419885
|switch|p1a: Umbreon|Umbreon, M|100/100
|-status|p1a: Umbreon|psn
|move|p2a: Weezing|Toxic Spikes|p1a: Umbreon
|-sidestart|p1: INTZ2902|move: Toxic Spikes
|
|-heal|p2a: Weezing|94/100|[from] item: Black Sludge
|-damage|p1a: Umbreon|88/100 psn|[from] psn
|upkeep
|turn|9
|
|t:|1769419900
|move|p1a: Umbreon|Thunder Wave|p2a: Weezing
|-status|p2a: Weezing|par
|cant|p2a: Weezing|par
|
|-heal|p1a: Umbreon|94/100 psn|[from] item: Leftovers
|-heal|p2a: Weezing|99/100 par|[from] item: Black Sludge
|-damage|p1a: Umbreon|82/100 psn|[from] psn
|upkeep
|turn|10
|
|t:|1769419912
|switch|p2a: Dragapult|Dragapult, F|100/100
|move|p1a: Umbreon|Foul Play|p2a: Dragapult
|-supereffective|p2a: Dragapult
|-damage|p2a: Dragapult|0 fnt
|faint|p2a: Dragapult
|
|-heal|p1a: Umbreon|88/100 psn|[from] item: Leftovers
|-damage|p1a: Umbreon|75/100 psn|[from] psn
|upkeep
|
|t:|1769419929
|switch|p2a: Garchomp|Garchomp, F|94/100
|turn|11
|
|t:|1769419934
|move|p2a: Garchomp|Stealth Rock|p1a: Umbreon
|-sidestart|p1: INTZ2902|move: Stealth Rock
|move|p1a: Umbreon|Toxic|p2a: Garchomp
|-status|p2a: Garchomp|tox
|
|-heal|p1a: Umbreon|81/100 psn|[from] item: Leftovers
|-damage|p2a: Garchomp|88/100 tox|[from] psn
|-damage|p1a: Umbreon|69/100 psn|[from] psn
|upkeep
|turn|12
|
|t:|1769419942
|move|p2a: Garchomp|Spikes|p1a: Umbreon
|-sidestart|p1: INTZ2902|Spikes
|move|p1a: Umbreon|Wish|p1a: Umbreon
|
|-heal|p1a: Umbreon|75/100 psn|[from] item: Leftovers
|-damage|p2a: Garchomp|76/100 tox|[from] psn
|-damage|p1a: Umbreon|63/100 psn|[from] psn
|upkeep
|turn|13
|
|t:|1769419949
|move|p2a: Garchomp|Spikes|p1a: Umbreon
|-sidestart|p1: INTZ2902|Spikes
|move|p1a: Umbreon|Foul Play|p2a: Garchomp
|-damage|p2a: Garchomp|48/100 tox
|-damage|p1a: Umbreon|50/100 psn|[from] ability: Rough Skin|[of] p2a: Garchomp
|-damage|p1a: Umbreon|34/100 psn|[from] item: Rocky Helmet|[of] p2a: Garchomp
|
|-heal|p1a: Umbreon|84/100 psn|[from] move: Wish|[wisher] Umbreon
|-heal|p1a: Umbreon|90/100 psn|[from] item: Leftovers
|-damage|p2a: Garchomp|29/100 tox|[from] psn
|-damage|p1a: Umbreon|77/100 psn|[from] psn
|upkeep
|turn|14
|
|t:|1769419961
|move|p2a: Garchomp|Draco Meteor|p1a: Umbreon
|-damage|p1a: Umbreon|52/100 psn
|-unboost|p2a: Garchomp|spa|2
|move|p1a: Umbreon|Wish|p1a: Umbreon
|
|-heal|p1a: Umbreon|58/100 psn|[from] item: Leftovers
|-damage|p2a: Garchomp|4/100 tox|[from] psn
|-damage|p1a: Umbreon|45/100 psn|[from] psn
|upkeep
|turn|15
|
|t:|1769419976
|move|p2a: Garchomp|Earthquake|p1a: Umbreon
|-damage|p1a: Umbreon|15/100 psn
|move|p1a: Umbreon|Foul Play|p2a: Garchomp
|-damage|p2a: Garchomp|0 fnt
|-damage|p1a: Umbreon|3/100 psn|[from] ability: Rough Skin|[of] p2a: Garchomp
|-damage|p1a: Umbreon|0 fnt|[from] item: Rocky Helmet|[of] p2a: Garchomp
|faint|p2a: Garchomp
|faint|p1a: Umbreon
|
|upkeep
|
|t:|1769419992
|switch|p2a: Amoonguss|Amoonguss, F|100/100
|switch|p1a: Weezing|Weezing-Galar, M|94/100
|-damage|p1a: Weezing|82/100|[from] Stealth Rock
|turn|16
|
|t:|1769420001
|switch|p2a: Weezing|Weezing, F|99/100 par
|move|p1a: Weezing|Will-O-Wisp||[still]
|-fail|p1a: Weezing
|
|-heal|p2a: Weezing|100/100 par|[from] item: Black Sludge
|upkeep
|turn|17
|
|t:|1769420008
|move|p1a: Weezing|Strange Steam|p2a: Weezing
|-resisted|p2a: Weezing
|-damage|p2a: Weezing|83/100 par
|move|p2a: Weezing|Clear Smog|p1a: Weezing
|-damage|p1a: Weezing|63/100
|-clearboost|p1a: Weezing
|
|-heal|p2a: Weezing|89/100 par|[from] item: Black Sludge
|upkeep
|turn|18
|
|t:|1769420019
|move|p1a: Weezing|Strange Steam|p2a: Weezing
|-resisted|p2a: Weezing
|-damage|p2a: Weezing|72/100 par
|cant|p2a: Weezing|par
|
|-heal|p2a: Weezing|78/100 par|[from] item: Black Sludge
|upkeep
|turn|19
|
|t:|1769420029
|move|p1a: Weezing|Strange Steam|p2a: Weezing
|-resisted|p2a: Weezing
|-damage|p2a: Weezing|58/100 par
|move|p2a: Weezing|Clear Smog|p1a: Weezing
|-damage|p1a: Weezing|44/100
|-clearboost|p1a: Weezing
|
|-heal|p2a: Weezing|64/100 par|[from] item: Black Sludge
|upkeep
|turn|20
|
|t:|1769420039
|move|p1a: Weezing|Strange Steam|p2a: Weezing
|-resisted|p2a: Weezing
|-damage|p2a: Weezing|45/100 par
|-start|p2a: Weezing|confusion
|-activate|p2a: Weezing|confusion
|-damage|p2a: Weezing|41/100 par|[from] confusion
|
|-heal|p2a: Weezing|47/100 par|[from] item: Black Sludge
|upkeep
|turn|21
|
|t:|1769420050
|switch|p2a: Tentacruel|Tentacruel, F|86/100 brn
|move|p1a: Weezing|Strange Steam|p2a: Tentacruel
|-resisted|p2a: Tentacruel
|-damage|p2a: Tentacruel|78/100 brn
|
|-heal|p2a: Tentacruel|84/100 brn|[from] item: Black Sludge
|-damage|p2a: Tentacruel|78/100 brn|[from] brn
|upkeep
|turn|22
|
|t:|1769420059
|move|p2a: Tentacruel|Chilling Water|p1a: Weezing
|-damage|p1a: Weezing|26/100
|-unboost|p1a: Weezing|atk|1
|move|p1a: Weezing|Strange Steam|p2a: Tentacruel
|-resisted|p2a: Tentacruel
|-damage|p2a: Tentacruel|70/100 brn
|
|-heal|p2a: Tentacruel|76/100 brn|[from] item: Black Sludge
|-damage|p2a: Tentacruel|70/100 brn|[from] brn
|upkeep
|turn|23
|
|t:|1769420068
|move|p2a: Tentacruel|Chilling Water|p1a: Weezing
|-damage|p1a: Weezing|11/100
|-unboost|p1a: Weezing|atk|1
|move|p1a: Weezing|Strange Steam|p2a: Tentacruel
|-resisted|p2a: Tentacruel
|-damage|p2a: Tentacruel|63/100 brn
|-start|p2a: Tentacruel|confusion
|
|-heal|p2a: Tentacruel|69/100 brn|[from] item: Black Sludge
|-damage|p2a: Tentacruel|63/100 brn|[from] brn
|upkeep
|turn|24
|-enditem|p1a: Weezing|Custap Berry|[eat]
|-activate|p1a: Weezing|item: Custap Berry|[consumed]
|
|t:|1769420079
|switch|p2a: Weezing|Weezing, F|47/100 par
|move|p1a: Weezing|Destiny Bond|p1a: Weezing
|-singlemove|p1a: Weezing|Destiny Bond
|
|-heal|p2a: Weezing|53/100 par|[from] item: Black Sludge
|upkeep
|turn|25
|
|t:|1769420097
|cant|p2a: Weezing|par
|move|p1a: Weezing|Strange Steam|p2a: Weezing
|-resisted|p2a: Weezing
|-damage|p2a: Weezing|34/100 par
|-start|p2a: Weezing|confusion
|
|-heal|p2a: Weezing|40/100 par|[from] item: Black Sludge
|upkeep
|turn|26
|
|t:|1769420109
|move|p1a: Weezing|Destiny Bond|p1a: Weezing
|-singlemove|p1a: Weezing|Destiny Bond
|-activate|p2a: Weezing|confusion
|-damage|p2a: Weezing|36/100 par|[from] confusion
|
|-heal|p2a: Weezing|42/100 par|[from] item: Black Sludge
|upkeep
|turn|27
|
|t:|1769420117
|move|p1a: Weezing|Strange Steam|p2a: Weezing|[miss]
|-miss|p1a: Weezing|p2a: Weezing
|-activate|p2a: Weezing|confusion
|move|p2a: Weezing|Clear Smog|p1a: Weezing
|-damage|p1a: Weezing|0 fnt
|-clearboost|p1a: Weezing
|faint|p1a: Weezing
|
|-heal|p2a: Weezing|48/100 par|[from] item: Black Sludge
|upkeep
|
|t:|1769420129
|switch|p1a: Garchomp|Garchomp, F|50/100 tox
|-damage|p1a: Garchomp|44/100 tox|[from] Stealth Rock
|-damage|p1a: Garchomp|27/100 tox|[from] Spikes
|turn|28
|
|t:|1769420146
|switch|p2a: Tentacruel|Tentacruel, F|63/100 brn
|move|p1a: Garchomp|Stealth Rock|p2a: Tentacruel
|-sidestart|p2: G2Alvarito|move: Stealth Rock
|
|-heal|p2a: Tentacruel|69/100 brn|[from] item: Black Sludge
|-damage|p1a: Garchomp|21/100 tox|[from] psn
|-damage|p2a: Tentacruel|63/100 brn|[from] brn
|upkeep
|turn|29
|
|t:|1769420156
|switch|p2a: Weezing|Weezing, F|48/100 par
|-damage|p2a: Weezing|36/100 par|[from] Stealth Rock
|move|p1a: Garchomp|Dragon Tail|p2a: Weezing
|-damage|p2a: Weezing|18/100 par
|drag|p2a: Tentacruel|Tentacruel, F|63/100 brn
|-damage|p2a: Tentacruel|50/100 brn|[from] Stealth Rock
|
|-heal|p2a: Tentacruel|57/100 brn|[from] item: Black Sludge
|-damage|p1a: Garchomp|8/100 tox|[from] psn
|-damage|p2a: Tentacruel|50/100 brn|[from] brn
|upkeep
|turn|30
|
|t:|1769420173
|move|p2a: Tentacruel|Rapid Spin|p1a: Garchomp
|-damage|p1a: Garchomp|5/100 tox
|-boost|p2a: Tentacruel|spe|1
|-damage|p2a: Tentacruel|38/100 brn|[from] ability: Rough Skin|[of] p1a: Garchomp
|-damage|p2a: Tentacruel|22/100 brn|[from] item: Rocky Helmet|[of] p1a: Garchomp
|-sideend|p2: G2Alvarito|Stealth Rock|[from] move: Rapid Spin|[of] p2a: Tentacruel
|move|p1a: Garchomp|Dragon Tail|p2a: Tentacruel
|-damage|p2a: Tentacruel|0 fnt
|faint|p2a: Tentacruel
|
|-damage|p1a: Garchomp|0 fnt|[from] psn
|faint|p1a: Garchomp
|upkeep
|
|t:|1769420187
|switch|p1a: Ceruledge|Ceruledge, M|100/100
|switch|p2a: Samurott|Samurott-Hisui, F|100/100
|-status|p1a: Ceruledge|tox
|-damage|p1a: Ceruledge|76/100 tox|[from] Stealth Rock
|-damage|p1a: Ceruledge|59/100 tox|[from] Spikes
|turn|31
|
|t:|1769420201
|move|p1a: Ceruledge|Destiny Bond|p1a: Ceruledge
|-singlemove|p1a: Ceruledge|Destiny Bond
|move|p2a: Samurott|Ceaseless Edge|p1a: Ceruledge
|-supereffective|p1a: Ceruledge
|-damage|p1a: Ceruledge|0 fnt
|-sidestart|p1: INTZ2902|Spikes
|faint|p1a: Ceruledge
|-activate|p1a: Ceruledge|move: Destiny Bond
|faint|p2a: Samurott
|
|upkeep
|
|t:|1769420213
|switch|p1a: Hatterene|Hatterene, F|100/100
|switch|p2a: Amoonguss|Amoonguss, F|100/100
|-status|p1a: Hatterene|tox
|-damage|p1a: Hatterene|88/100 tox|[from] Stealth Rock
|-damage|p1a: Hatterene|63/100 tox|[from] Spikes
|turn|32
|inactive|INTZ2902 has 120 seconds left.
|
|t:|1769420228
|move|p2a: Amoonguss|Protect|p2a: Amoonguss
|-singleturn|p2a: Amoonguss|Protect
|move|p1a: Hatterene|Mystical Fire|p2a: Amoonguss
|-activate|p2a: Amoonguss|move: Protect
|
|-heal|p1a: Hatterene|69/100 tox|[from] item: Leftovers
|-damage|p1a: Hatterene|63/100 tox|[from] psn
|upkeep
|turn|33
|
|t:|1769420239
|move|p2a: Amoonguss|Clear Smog|p1a: Hatterene
|-supereffective|p1a: Hatterene
|-damage|p1a: Hatterene|36/100 tox
|-clearboost|p1a: Hatterene
|move|p1a: Hatterene|Mystical Fire|p2a: Amoonguss
|-supereffective|p2a: Amoonguss
|-damage|p2a: Amoonguss|58/100
|-unboost|p2a: Amoonguss|spa|1
|
|-heal|p2a: Amoonguss|65/100|[from] item: Black Sludge
|-heal|p1a: Hatterene|42/100 tox|[from] item: Leftovers
|-damage|p1a: Hatterene|30/100 tox|[from] psn
|upkeep
|turn|34
|inactive|INTZ2902 has 120 seconds left.
|
|t:|1769420257
|move|p2a: Amoonguss|Protect|p2a: Amoonguss
|-singleturn|p2a: Amoonguss|Protect
|move|p1a: Hatterene|Mystical Fire|p2a: Amoonguss
|-activate|p2a: Amoonguss|move: Protect
|
|-heal|p2a: Amoonguss|71/100|[from] item: Black Sludge
|-heal|p1a: Hatterene|36/100 tox|[from] item: Leftovers
|-damage|p1a: Hatterene|18/100 tox|[from] psn
|upkeep
|turn|35
|
|t:|1769420266
|move|p2a: Amoonguss|Clear Smog|p1a: Hatterene
|-supereffective|p1a: Hatterene
|-damage|p1a: Hatterene|0 fnt
|-clearboost|p1a: Hatterene
|faint|p1a: Hatterene
|
|-heal|p2a: Amoonguss|77/100|[from] item: Black Sludge
|upkeep
|
|t:|1769420273
|switch|p1a: Raging Bolt|Raging Bolt|100/100
|-status|p1a: Raging Bolt|tox
|-damage|p1a: Raging Bolt|88/100 tox|[from] Stealth Rock
|-damage|p1a: Raging Bolt|63/100 tox|[from] Spikes
|-enditem|p1a: Raging Bolt|Booster Energy
|-activate|p1a: Raging Bolt|ability: Protosynthesis|[fromitem]
|-start|p1a: Raging Bolt|protosynthesisspa
|turn|36
|inactive|INTZ2902 has 120 seconds left.
|
|t:|1769420290
|-terastallize|p1a: Raging Bolt|Electric
|move|p2a: Amoonguss|Protect|p2a: Amoonguss
|-singleturn|p2a: Amoonguss|Protect
|move|p1a: Raging Bolt|Thunderclap||[still]
|-fail|p1a: Raging Bolt
|
|-heal|p2a: Amoonguss|83/100|[from] item: Black Sludge
|-damage|p1a: Raging Bolt|57/100 tox|[from] psn
|upkeep
|turn|37
|
|t:|1769420300
|move|p1a: Raging Bolt|Draco Meteor|p2a: Amoonguss
|-damage|p2a: Amoonguss|0 fnt
|-unboost|p1a: Raging Bolt|spa|2
|faint|p2a: Amoonguss
|
|-damage|p1a: Raging Bolt|45/100 tox|[from] psn
|upkeep
|
|t:|1769420303
|switch|p2a: Weezing|Weezing, F|18/100 par
|turn|38
|
|t:|1769420308
|move|p2a: Weezing|Protect|p2a: Weezing
|-singleturn|p2a: Weezing|Protect
|move|p1a: Raging Bolt|Thunderclap||[still]
|-fail|p1a: Raging Bolt
|
|-heal|p2a: Weezing|24/100 par|[from] item: Black Sludge
|-damage|p1a: Raging Bolt|26/100 tox|[from] psn
|upkeep
|turn|39
|
|t:|1769420326
|move|p2a: Weezing|Protect|p2a: Weezing
|-singleturn|p2a: Weezing|Protect
|move|p1a: Raging Bolt|Thunderclap||[still]
|-fail|p1a: Raging Bolt
|
|-heal|p2a: Weezing|30/100 par|[from] item: Black Sludge
|-damage|p1a: Raging Bolt|2/100 tox|[from] psn
|upkeep
|turn|40
|
|t:|1769420334
|move|p2a: Weezing|Protect||[still]
|-fail|p2a: Weezing
|move|p1a: Raging Bolt|Thunderclap||[still]
|-fail|p1a: Raging Bolt
|
|-heal|p2a: Weezing|36/100 par|[from] item: Black Sludge
|-damage|p1a: Raging Bolt|0 fnt|[from] psn
|faint|p1a: Raging Bolt
|-end|p1a: Raging Bolt|Protosynthesis|[silent]
|
|win|G2Alvarito
|raw|INTZ2902's rating: 1086 &rarr; <strong>1064</strong><br />(-22 for losing)
|raw|G2Alvarito's rating: 1095 &rarr; <strong>1120</strong><br />(+25 for winning)
|l|☆INTZ2902
|player|p1|
|l|☆G2Alvarito
|player|p2|
