|j|☆boom moon
|j|☆BashimBen
|t:|1769378095
|gametype|singles
|player|p1|boom moon|102|1187
|player|p2|BashimBen|hugh|1203
|gen|9
|tier|[Gen 9] OU
|rated|
|rule|HP Percentage Mod: HP is shown in percentages
|rule|Endless Battle Clause: Forcing endless battles is banned
|rule|Species Clause: Limit one of each Pokémon
|rule|OHKO Clause: OHKO moves are banned
|rule|Evasion Items Clause: Evasion items are banned
|rule|Evasion Moves Clause: Evasion moves are banned
|rule|Evasion Abilities Clause: Evasion abilities are banned
|rule|Sleep Moves Clause: Sleep-inducing moves are banned
|clearpoke
|poke|p1|Breloom, M|
|poke|p1|Maushold|
|poke|p1|Azumarill, F|
|poke|p1|Greninja-*, M|
|poke|p1|Muk-Alola, M|
|poke|p1|Magmortar, F|
|poke|p2|Ogerpon, F|
|poke|p2|Heatran, F|
|poke|p2|Corviknight, M|
|poke|p2|Raging Bolt|
|poke|p2|Gliscor, F|
|poke|p2|Primarina, F|
|teampreview
|inactive|Battle timer is ON: inactive players will automatically lose when time's up. (requested by boom moon)
|
|t:|1769378109
|teamsize|p1|6
|teamsize|p2|6
|start
|switch|p1a: Magmortar|Magmortar, F|100/100
|switch|p2a: Gliscor|Gliscor, F|100/100
|turn|1
|
|t:|1769378115
|move|p2a: Gliscor|Protect|p2a: Gliscor
|-singleturn|p2a: Gliscor|Protect
|move|p1a: Magmortar|Belly Drum|p1a: Magmortar
|-damage|p1a: Magmortar|50/100
|-setboost|p1a: Magmortar|atk|6|[from] move: Belly Drum
|
|-status|p2a: Gliscor|tox|[from] item: Toxic Orb
|upkeep
|turn|2
|
|t:|1769378124
|switch|p2a: Heatran|Heatran, F|100/100
|-terastallize|p1a: Magmortar|Fire
|move|p1a: Magmortar|Flame Charge|p2a: Heatran
|-start|p2a: Heatran|ability: Flash Fire
|
|upkeep
|turn|3
|
|t:|1769378135
|move|p1a: Magmortar|Mach Punch|p2a: Heatran
|-supereffective|p2a: Heatran
|-damage|p2a: Heatran|21/100
|move|p2a: Heatran|Taunt|p1a: Magmortar
|-start|p1a: Magmortar|move: Taunt
|
|upkeep
|turn|4
|
|t:|1769378156
|move|p1a: Magmortar|Mach Punch|p2a: Heatran
|-supereffective|p2a: Heatran
|-damage|p2a: Heatran|0 fnt
|faint|p2a: Heatran
|
|upkeep
|
|t:|1769378162
|switch|p2a: Primarina|Primarina, F|100/100
|turn|5
|
|t:|1769378169
|move|p1a: Magmortar|Earthquake|p2a: Primarina
|-damage|p2a: Primarina|0 fnt
|faint|p2a: Primarina
|
|upkeep
|
|t:|1769378173
|switch|p2a: Raging Bolt|Raging Bolt|100/100
|turn|6
|
|t:|1769378177
|move|p1a: Magmortar|Mach Punch|p2a: Raging Bolt
|-damage|p2a: Raging Bolt|61/100
|move|p2a: Raging Bolt|Thunderclap||[still]
|-fail|p2a: Raging Bolt
|
|-end|p1a: Magmortar|move: Taunt
|upkeep
|turn|7
|
|t:|1769378183
|-end|p2a: Raging Bolt|Protosynthesis|[silent]
|switch|p2a: Corviknight|Corviknight, M|100/100
|-ability|p2a: Corviknight|Pressure
|move|p1a: Magmortar|Earthquake|p2a: Corviknight
|-immune|p2a: Corviknight
|
|upkeep
|turn|8
|
|t:|1769378189
|move|p1a: Magmortar|Flame Charge|p2a: Corviknight
|-supereffective|p2a: Corviknight
|-damage|p2a: Corviknight|0 fnt
|-boost|p1a: Magmortar|spe|1
|-damage|p1a: Magmortar|34/100|[from] item: Rocky Helmet|[of] p2a: Corviknight
|faint|p2a: Corviknight
|
|upkeep
|
|t:|1769378194
|switch|p2a: Raging Bolt|Raging Bolt|61/100
|turn|9
|
|t:|1769378199
|move|p1a: Magmortar|Earthquake|p2a: Raging Bolt
|-supereffective|p2a: Raging Bolt
|-damage|p2a: Raging Bolt|0 fnt
|faint|p2a: Raging Bolt
|-end|p2a: Raging Bolt|Protosynthesis|[silent]
|
|upkeep
|
|t:|1769378201
|switch|p2a: Gliscor|Gliscor, F|100/100 tox
|turn|10
|
|t:|1769378203
|move|p1a: Magmortar|Flame Charge|p2a: Gliscor
|-damage|p2a: Gliscor|3/100 tox
|-boost|p1a: Magmortar|spe|1
|move|p2a: Gliscor|Earthquake|p1a: Magmortar
|-supereffective|p1a: Magmortar
|-damage|p1a: Magmortar|0 fnt
|faint|p1a: Magmortar
|
|-heal|p2a: Gliscor|16/100 tox|[from] ability: Poison Heal
|upkeep
|
|t:|1769378207
|switch|p1a: Greninja|Greninja, M|100/100
|turn|11
|
|t:|1769378214
|move|p1a: Greninja|Dark Pulse|p2a: Gliscor
|-damage|p2a: Gliscor|0 fnt
|faint|p2a: Gliscor
|-ability|p1a: Greninja|Battle Bond|boost
|-boost|p1a: Greninja|atk|1
|-boost|p1a: Greninja|spa|1
|-boost|p1a: Greninja|spe|1
|-activate|p1a: Greninja|ability: Battle Bond
|
|upkeep
|
|t:|1769378216
|switch|p2a: Ogerpon|Ogerpon, F|100/100
|turn|12
|
|t:|1769378222
|-terastallize|p2a: Ogerpon|Grass
|detailschange|p2a: Ogerpon|Ogerpon-Teal-Tera, F, tera:Grass
|-ability|p2a: Ogerpon|Embody Aspect (Teal)|boost
|-boost|p2a: Ogerpon|spe|1
|move|p2a: Ogerpon|Ivy Cudgel|p1a: Greninja
|-supereffective|p1a: Greninja
|-damage|p1a: Greninja|0 fnt
|faint|p1a: Greninja
|
|upkeep
|
|t:|1769378233
|switch|p1a: Azumarill|Azumarill, F|100/100
|turn|13
|
|t:|1769378237
|move|p1a: Azumarill|Aqua Jet|p2a: Ogerpon
|-resisted|p2a: Ogerpon
|-damage|p2a: Ogerpon|79/100
|-damage|p1a: Azumarill|91/100|[from] item: Life Orb
|move|p2a: Ogerpon|Ivy Cudgel|p1a: Azumarill
|-supereffective|p1a: Azumarill
|-damage|p1a: Azumarill|0 fnt
|faint|p1a: Azumarill
|
|upkeep
|
|t:|1769378242
|switch|p1a: Maushold|Maushold|100/100
|turn|14
|
|t:|1769378245
|move|p2a: Ogerpon|Swords Dance|p2a: Ogerpon
|-boost|p2a: Ogerpon|atk|2
|move|p1a: Maushold|Population Bomb|p2a: Ogerpon
|-damage|p2a: Ogerpon|64/100
|-damage|p2a: Ogerpon|49/100
|-damage|p2a: Ogerpon|32/100
|-damage|p2a: Ogerpon|15/100
|-damage|p2a: Ogerpon|0 fnt
|faint|p2a: Ogerpon
|detailschange|p2: Ogerpon|Ogerpon, F|[silent]
|-hitcount|p2: Ogerpon|5
|
|win|boom moon
|raw|boom moon's rating: 1187 &rarr; <strong>1213</strong><br />(+26 for winning)
|raw|BashimBen's rating: 1203 &rarr; <strong>1177</strong><br />(-26 for losing)
|l|☆boom moon
|player|p1|
|l|☆BashimBen
|player|p2|
