|j|☆issysito
|j|☆roddyj
|t:|1769398913
|gametype|singles
|player|p1|issysito|hooligans|1673
|player|p2|roddyj|ethan|1704
|gen|9
|tier|[Gen 9] OU
|rated|
|rule|HP Percentage Mod: HP is shown in percentages
|rule|Endless Battle Clause: Forcing endless battles is banned
|rule|Species Clause: Limit one of each Pokémon
|rule|OHKO Clause: OHKO moves are banned
|rule|Evasion Items Clause: Evasion items are banned
|rule|Evasion Moves Clause: Evasion moves are banned
|rule|Evasion Abilities Clause: Evasion abilities are banned
|rule|Sleep Moves Clause: Sleep-inducing moves are banned
|clearpoke
|poke|p1|Volcanion|
|poke|p1|Landorus-Therian, M|
|poke|p1|Meowscarada, M|
|poke|p1|Kingambit, M|
|poke|p1|Great Tusk|
|poke|p1|Slowking-Galar, M|
|poke|p2|Dragapult, F|
|poke|p2|Iron Moth|
|poke|p2|Ogerpon-Wellspring, F|
|poke|p2|Blaziken, F|
|poke|p2|Corviknight, M|
|poke|p2|Incineroar, F|
|teampreview
|inactive|Battle timer is ON: inactive players will automatically lose when time's up. (requested by roddyj)
|
|t:|1769398942
|teamsize|p1|6
|teamsize|p2|6
|start
|switch|p1a: Samurai|Kingambit, M|100/100
|switch|p2a: Incineroar|Incineroar, F, shiny|100/100
|-ability|p2a: Incineroar|Intimidate|boost
|-unboost|p1a: Samurai|atk|1
|turn|1
|
|t:|1769398956
|-end|p1a: Samurai|fallenundefined|[silent]
|switch|p1a: Volcano|Volcanion|100/100
|move|p2a: Incineroar|Knock Off|p1a: Volcano
|-damage|p1a: Volcano|67/100
|-enditem|p1a: Volcano|Heavy-Duty Boots|[from] move: Knock Off|[of] p2a: Incineroar
|
|upkeep
|turn|2
|
|t:|1769398963
|move|p1a: Volcano|Overheat|p2a: Incineroar|[miss]
|-miss|p1a: Volcano|p2a: Incineroar
|move|p2a: Incineroar|Parting Shot|p1a: Volcano
|-unboost|p1a: Volcano|atk|1
|-unboost|p1a: Volcano|spa|1
|
|t:|1769398990
|switch|p2a: Blaziken|Blaziken, F, shiny|100/100|[from] Parting Shot
|
|upkeep
|turn|3
|
|t:|1769398993
|move|p2a: Blaziken|Swords Dance|p2a: Blaziken
|-boost|p2a: Blaziken|atk|2
|move|p1a: Volcano|Steam Eruption|p2a: Blaziken
|-supereffective|p2a: Blaziken
|-enditem|p2a: Blaziken|Focus Sash
|-damage|p2a: Blaziken|1/100
|
|-ability|p2a: Blaziken|Speed Boost|boost
|-boost|p2a: Blaziken|spe|1
|upkeep
|turn|4
|
|t:|1769399000
|switch|p1a: Tiger|Landorus-Therian, M|100/100
|-ability|p1a: Tiger|Intimidate|boost
|-unboost|p2a: Blaziken|atk|1
|move|p2a: Blaziken|Reversal|p1a: Tiger
|-resisted|p1a: Tiger
|-damage|p1a: Tiger|8/100
|-damage|p2a: Blaziken|0 fnt|[from] item: Rocky Helmet|[of] p1a: Tiger
|faint|p2a: Blaziken
|
|upkeep
|
|t:|1769399014
|switch|p2a: Dragapult|Dragapult, F, shiny|100/100
|turn|5
|
|t:|1769399033
|move|p2a: Dragapult|Dragon Darts|p1a: Tiger
|-damage|p1a: Tiger|0 fnt
|faint|p1a: Tiger
|
|upkeep
|
|t:|1769399035
|switch|p1a: Samurai|Kingambit, M|100/100
|-activate|p1a: Samurai|ability: Supreme Overlord
|-start|p1a: Samurai|fallen1|[silent]
|turn|6
|
|t:|1769399038
|switch|p2a: Incineroar|Incineroar, F, shiny|100/100
|-ability|p2a: Incineroar|Intimidate|boost
|-unboost|p1a: Samurai|atk|1
|-end|p1a: Samurai|fallen1|[silent]
|switch|p1a: Cat|Meowscarada, M|100/100
|
|upkeep
|turn|7
|
|t:|1769399043
|move|p1a: Cat|Low Kick|p2a: Incineroar
|-start|p1a: Cat|typechange|Fighting|[from] ability: Protean
|-supereffective|p2a: Incineroar
|-damage|p2a: Incineroar|0 fnt
|faint|p2a: Incineroar
|
|upkeep
|
|t:|1769399049
|switch|p2a: Dragapult|Dragapult, F, shiny|100/100
|turn|8
|
|t:|1769399069
|switch|p1a: Samurai|Kingambit, M|100/100
|-activate|p1a: Samurai|ability: Supreme Overlord
|-start|p1a: Samurai|fallen1|[silent]
|move|p2a: Dragapult|U-turn|p1a: Samurai
|-damage|p1a: Samurai|69/100
|
|t:|1769399079
|switch|p2a: Iron Moth|Iron Moth|100/100|[from] U-turn
|-enditem|p2a: Iron Moth|Booster Energy
|-activate|p2a: Iron Moth|ability: Quark Drive|[fromitem]
|-start|p2a: Iron Moth|quarkdrivespa
|
|upkeep
|turn|9
|inactive|issysito has 120 seconds left.
|
|t:|1769399104
|-end|p1a: Samurai|fallen1|[silent]
|switch|p1a: Thing|Slowking-Galar, M|100/100
|move|p2a: Iron Moth|Fiery Dance|p1a: Thing
|-damage|p1a: Thing|64/100
|-boost|p2a: Iron Moth|spa|1
|
|upkeep
|turn|10
|
|t:|1769399121
|-terastallize|p2a: Iron Moth|Ground
|move|p2a: Iron Moth|Agility|p2a: Iron Moth
|-boost|p2a: Iron Moth|spe|2
|move|p1a: Thing|Thunder Wave|p2a: Iron Moth
|-immune|p2a: Iron Moth
|
|upkeep
|turn|11
|
|t:|1769399129
|move|p2a: Iron Moth|Tera Blast|p1a: Thing|[anim] Tera Blast Ground
|-supereffective|p1a: Thing
|-damage|p1a: Thing|0 fnt
|faint|p1a: Thing
|
|upkeep
|
|t:|1769399141
|switch|p1a: Cat|Meowscarada, M|100/100
|turn|12
|
|t:|1769399145
|move|p2a: Iron Moth|Fiery Dance|p1a: Cat
|-supereffective|p1a: Cat
|-damage|p1a: Cat|0 fnt
|faint|p1a: Cat
|
|upkeep
|
|t:|1769399152
|switch|p1a: Elephant|Great Tusk|100/100
|turn|13
|
|t:|1769399156
|move|p2a: Iron Moth|Fiery Dance|p1a: Elephant
|-damage|p1a: Elephant|0 fnt
|-boost|p2a: Iron Moth|spa|1
|faint|p1a: Elephant
|-end|p1a: Elephant|Protosynthesis|[silent]
|
|upkeep
|inactive|issysito has 120 seconds left.
|
|t:|1769399197
|switch|p1a: Samurai|Kingambit, M|69/100
|-activate|p1a: Samurai|ability: Supreme Overlord
|-start|p1a: Samurai|fallen4|[silent]
|turn|14
|
|t:|1769399204
|-end|p2a: Iron Moth|Quark Drive|[silent]
|switch|p2a: Corviknight|Corviknight, M, shiny|100/100
|-ability|p2a: Corviknight|Pressure
|-terastallize|p1a: Samurai|Dark
|move|p1a: Samurai|Swords Dance|p1a: Samurai
|-boost|p1a: Samurai|atk|2
|
|upkeep
|turn|15
|inactive|issysito has 120 seconds left.
|
|t:|1769399211
|move|p1a: Samurai|Kowtow Cleave|p2a: Corviknight
|-damage|p2a: Corviknight|0 fnt
|faint|p2a: Corviknight
|
|upkeep
|
|t:|1769399219
|switch|p2a: Dragapult|Dragapult, F, shiny|100/100
|turn|16
|
|t:|1769399227
|move|p1a: Samurai|Sucker Punch|p2a: Dragapult
|-supereffective|p2a: Dragapult
|-damage|p2a: Dragapult|0 fnt
|faint|p2a: Dragapult
|
|upkeep
|
|t:|1769399230
|switch|p2a: Ogerpon|Ogerpon-Wellspring, F|100/100
|turn|17
|
|t:|1769399233
|move|p1a: Samurai|Sucker Punch||[still]
|-fail|p1a: Samurai
|move|p2a: Ogerpon|Encore|p1a: Samurai
|-start|p1a: Samurai|Encore
|
|upkeep
|turn|18
|
|t:|1769399237
|-end|p1a: Samurai|fallen4|[silent]
|switch|p1a: Volcano|Volcanion|67/100
|move|p2a: Ogerpon|Swords Dance|p2a: Ogerpon
|-boost|p2a: Ogerpon|atk|2
|
|upkeep
|turn|19
|
|t:|1769399241
|move|p2a: Ogerpon|Trailblaze|p1a: Volcano
|-damage|p1a: Volcano|16/100
|-boost|p2a: Ogerpon|spe|1
|move|p1a: Volcano|Overheat|p2a: Ogerpon
|-damage|p2a: Ogerpon|20/100
|-unboost|p1a: Volcano|spa|2
|
|upkeep
|turn|20
|
|t:|1769399246
|move|p2a: Ogerpon|Trailblaze|p1a: Volcano
|-damage|p1a: Volcano|0 fnt
|-boost|p2a: Ogerpon|spe|1
|faint|p1a: Volcano
|
|upkeep
|
|t:|1769399247
|switch|p1a: Samurai|Kingambit, M, tera:Dark|69/100
|-activate|p1a: Samurai|ability: Supreme Overlord
|-start|p1a: Samurai|fallen5|[silent]
|turn|21
|
|t:|1769399251
|switch|p2a: Iron Moth|Iron Moth, tera:Ground|100/100
|move|p1a: Samurai|Kowtow Cleave|p2a: Iron Moth
|-damage|p2a: Iron Moth|0 fnt
|faint|p2a: Iron Moth
|-end|p2a: Iron Moth|Quark Drive|[silent]
|
|upkeep
|
|t:|1769399253
|switch|p2a: Ogerpon|Ogerpon-Wellspring, F|20/100
|turn|22
|
|t:|1769399256
|move|p2a: Ogerpon|Ivy Cudgel|p1a: Samurai|[anim] Ivy Cudgel Water
|-damage|p1a: Samurai|18/100
|move|p1a: Samurai|Kowtow Cleave|p2a: Ogerpon
|-damage|p2a: Ogerpon|0 fnt
|faint|p2a: Ogerpon
|
|win|issysito
|raw|issysito's rating: 1673 &rarr; <strong>1695</strong><br />(+22 for winning)
|raw|roddyj's rating: 1704 &rarr; <strong>1682</strong><br />(-22 for losing)
|l|☆roddyj
|player|p2|
