|j|☆thebambi1234
|j|☆Tavmor
|t:|1769317936
|gametype|singles
|player|p1|thebambi1234|265|1123
|player|p2|Tavmor|170|1155
|gen|9
|tier|[Gen 9] OU
|rated|
|rule|HP Percentage Mod: HP is shown in percentages
|rule|Endless Battle Clause: Forcing endless battles is banned
|rule|Species Clause: Limit one of each Pokémon
|rule|OHKO Clause: OHKO moves are banned
|rule|Evasion Items Clause: Evasion items are banned
|rule|Evasion Moves Clause: Evasion moves are banned
|rule|Evasion Abilities Clause: Evasion abilities are banned
|rule|Sleep Moves Clause: Sleep-inducing moves are banned
|clearpoke
|poke|p1|Cinderace, M|
|poke|p1|Gliscor, M|
|poke|p1|Dragapult, M|
|poke|p1|Clefable, M|
|poke|p1|Ribombee, F|
|poke|p1|Grimmsnarl, M|
|poke|p2|Alomomola, F|
|poke|p2|Darkrai|
|poke|p2|Dragapult, F|
|poke|p2|Hatterene, F|
|poke|p2|Great Tusk|
|poke|p2|Hydrapple, F|
|teampreview
|inactive|Battle timer is ON: inactive players will automatically lose when time's up. (requested by thebambi1234)
|inactive|Tavmor has 120 seconds left.
|
|t:|1769317971
|teamsize|p1|6
|teamsize|p2|6
|start
|switch|p1a: Ribombee|Ribombee, F|100/100
|switch|p2a: Hatterene|Hatterene, F|100/100
|turn|1
|
|t:|1769317976
|move|p1a: Ribombee|Skill Swap|p2a: Hatterene
|-activate|p1a: Ribombee|move: Skill Swap|Magic Bounce|Shield Dust|[of] p2a: Hatterene
|move|p2a: Hatterene|Nuzzle|p1a: Ribombee
|-damage|p1a: Ribombee|94/100
|-status|p1a: Ribombee|par
|
|upkeep
|turn|2
|
|t:|1769317992
|move|p1a: Ribombee|Stun Spore|p2a: Hatterene
|-status|p2a: Hatterene|par
|move|p2a: Hatterene|Calm Mind|p2a: Hatterene
|-boost|p2a: Hatterene|spa|1
|-boost|p2a: Hatterene|spd|1
|
|upkeep
|turn|3
|
|t:|1769318001
|move|p1a: Ribombee|Sticky Web|p2a: Hatterene
|-sidestart|p2: Tavmor|move: Sticky Web
|move|p2a: Hatterene|Calm Mind|p2a: Hatterene
|-boost|p2a: Hatterene|spa|1
|-boost|p2a: Hatterene|spd|1
|
|upkeep
|turn|4
|
|t:|1769318007
|move|p1a: Ribombee|U-turn|p2a: Hatterene
|-damage|p2a: Hatterene|89/100 par
|-damage|p1a: Ribombee|78/100 par|[from] item: Rocky Helmet|[of] p2a: Hatterene
|
|t:|1769318014
|switch|p1a: Clefable|Clefable, M|100/100|[from] U-turn
|move|p2a: Hatterene|Draining Kiss|p1a: Clefable
|-damage|p1a: Clefable|83/100
|-heal|p2a: Hatterene|100/100 par|[from] drain|[of] p1a: Clefable
|
|-heal|p1a: Clefable|89/100|[from] item: Leftovers
|upkeep
|turn|5
|
|t:|1769318022
|move|p1a: Clefable|Cosmic Power|p1a: Clefable
|-boost|p1a: Clefable|def|1
|-boost|p1a: Clefable|spd|1
|cant|p2a: Hatterene|par
|
|-heal|p1a: Clefable|95/100|[from] item: Leftovers
|upkeep
|turn|6
|
|t:|1769318029
|switch|p2a: Hydrapple|Hydrapple, F|100/100
|-activate|p2a: Hydrapple|move: Sticky Web
|-unboost|p2a: Hydrapple|spe|1
|move|p1a: Clefable|Cosmic Power|p1a: Clefable
|-boost|p1a: Clefable|def|1
|-boost|p1a: Clefable|spd|1
|
|-heal|p1a: Clefable|100/100|[from] item: Leftovers
|upkeep
|turn|7
|
|t:|1769318038
|move|p1a: Clefable|Cosmic Power|p1a: Clefable
|-boost|p1a: Clefable|def|1
|-boost|p1a: Clefable|spd|1
|move|p2a: Hydrapple|Infestation|p1a: Clefable
|-resisted|p1a: Clefable
|-damage|p1a: Clefable|99/100
|-activate|p1a: Clefable|move: Infestation|[of] p2a: Hydrapple
|
|-heal|p1a: Clefable|100/100|[from] item: Leftovers
|-damage|p1a: Clefable|88/100|[from] move: Infestation|[partiallytrapped]
|upkeep
|turn|8
|
|t:|1769318048
|move|p1a: Clefable|Cosmic Power|p1a: Clefable
|-boost|p1a: Clefable|def|1
|-boost|p1a: Clefable|spd|1
|move|p2a: Hydrapple|Infestation|p1a: Clefable
|-resisted|p1a: Clefable
|-damage|p1a: Clefable|87/100
|
|-heal|p1a: Clefable|93/100|[from] item: Leftovers
|-damage|p1a: Clefable|81/100|[from] move: Infestation|[partiallytrapped]
|upkeep
|turn|9
|
|t:|1769318051
|move|p1a: Clefable|Cosmic Power|p1a: Clefable
|-boost|p1a: Clefable|def|1
|-boost|p1a: Clefable|spd|1
|move|p2a: Hydrapple|Infestation|p1a: Clefable
|-resisted|p1a: Clefable
|-damage|p1a: Clefable|80/100
|
|-heal|p1a: Clefable|87/100|[from] item: Leftovers
|-damage|p1a: Clefable|74/100|[from] move: Infestation|[partiallytrapped]
|upkeep
|turn|10
|
|t:|1769318054
|move|p1a: Clefable|Cosmic Power|p1a: Clefable
|-boost|p1a: Clefable|def|1
|-boost|p1a: Clefable|spd|1
|move|p2a: Hydrapple|Infestation|p1a: Clefable
|-resisted|p1a: Clefable
|-damage|p1a: Clefable|74/100
|
|-heal|p1a: Clefable|80/100|[from] item: Leftovers
|-damage|p1a: Clefable|67/100|[from] move: Infestation|[partiallytrapped]
|upkeep
|turn|11
|
|t:|1769318058
|move|p1a: Clefable|Moonlight|p1a: Clefable
|-heal|p1a: Clefable|100/100
|move|p2a: Hydrapple|Recover||[still]
|-fail|p2a: Hydrapple|heal
|
|-damage|p1a: Clefable|88/100|[from] move: Infestation|[partiallytrapped]
|upkeep
|turn|12
|-message|Tavmor forfeited.
|
|win|thebambi1234
|raw|thebambi1234's rating: 1123 &rarr; <strong>1150</strong><br />(+27 for winning)
|raw|Tavmor's rating: 1155 &rarr; <strong>1128</strong><br />(-27 for losing)
|l|☆Tavmor
|player|p2|
|l|☆thebambi1234
|player|p1|
