|j|☆Phillip Blevin
|j|☆quoge gaming
|t:|1769410895
|gametype|singles
|player|p1|Phillip Blevin|265|1431
|player|p2|quoge gaming|clay|1518
|gen|9
|tier|[Gen 9] OU
|rated|
|rule|HP Percentage Mod: HP is shown in percentages
|rule|Endless Battle Clause: Forcing endless battles is banned
|rule|Species Clause: Limit one of each Pokémon
|rule|OHKO Clause: OHKO moves are banned
|rule|Evasion Items Clause: Evasion items are banned
|rule|Evasion Moves Clause: Evasion moves are banned
|rule|Evasion Abilities Clause: Evasion abilities are banned
|rule|Sleep Moves Clause: Sleep-inducing moves are banned
|clearpoke
|poke|p1|Iron Hands|
|poke|p1|Mandibuzz, F|
|poke|p1|Garganacl, M|
|poke|p1|Landorus-Therian, M|
|poke|p1|Alomomola, M|
|poke|p1|Dragapult, F|
|poke|p2|Crawdaunt, F|
|poke|p2|Pelipper, F|
|poke|p2|Barraskewda, M|
|poke|p2|Raging Bolt|
|poke|p2|Iron Crown|
|poke|p2|Iron Treads|
|teampreview
|inactive|Battle timer is ON: inactive players will automatically lose when time's up. (requested by Phillip Blevin)
|
|t:|1769410918
|teamsize|p1|6
|teamsize|p2|6
|start
|switch|p1a: Alomomola|Alomomola, M|100/100
|switch|p2a: Pelipper|Pelipper, F|100/100
|-weather|RainDance|[from] ability: Drizzle|[of] p2a: Pelipper
|turn|1
|
|t:|1769410926
|move|p2a: Pelipper|U-turn|p1a: Alomomola
|-damage|p1a: Alomomola|96/100
|
|t:|1769410936
|switch|p2a: Barraskewda|Barraskewda, M|100/100|[from] U-turn
|move|p1a: Alomomola|Flip Turn|p2a: Barraskewda
|-resisted|p2a: Barraskewda
|-damage|p2a: Barraskewda|78/100
|
|t:|1769410941
|switch|p1a: Landorus|Landorus-Therian, M|100/100|[from] Flip Turn
|-ability|p1a: Landorus|Intimidate|boost
|-unboost|p2a: Barraskewda|atk|1
|
|-weather|RainDance|[upkeep]
|upkeep
|turn|2
|
|t:|1769410945
|switch|p1a: Alomomola|Alomomola, M|100/100
|move|p2a: Barraskewda|Flip Turn|p1a: Alomomola
|-resisted|p1a: Alomomola
|-damage|p1a: Alomomola|87/100
|
|t:|1769410951
|switch|p2a: Crawdaunt|Crawdaunt, F|100/100|[from] Flip Turn
|
|-weather|RainDance|[upkeep]
|upkeep
|turn|3
|
|t:|1769410954
|move|p2a: Crawdaunt|Knock Off|p1a: Alomomola
|-damage|p1a: Alomomola|37/100
|-enditem|p1a: Alomomola|Heavy-Duty Boots|[from] move: Knock Off|[of] p2a: Crawdaunt
|-damage|p2a: Crawdaunt|91/100|[from] item: Life Orb
|move|p1a: Alomomola|Flip Turn|p2a: Crawdaunt
|-resisted|p2a: Crawdaunt
|-damage|p2a: Crawdaunt|71/100
|
|t:|1769410958
|switch|p1a: Iron Hands|Iron Hands|100/100|[from] Flip Turn
|
|-weather|RainDance|[upkeep]
|upkeep
|turn|4
|
|t:|1769410966
|move|p2a: Crawdaunt|Crabhammer|p1a: Iron Hands
|-crit|p1a: Iron Hands
|-damage|p1a: Iron Hands|0 fnt
|faint|p1a: Iron Hands
|-end|p1a: Iron Hands|Quark Drive|[silent]
|-damage|p2a: Crawdaunt|62/100|[from] item: Life Orb
|
|-weather|RainDance|[upkeep]
|upkeep
|j| nana baba
|
|t:|1769410977
|switch|p1a: Landorus|Landorus-Therian, M|100/100
|-ability|p1a: Landorus|Intimidate|boost
|-unboost|p2a: Crawdaunt|atk|1
|turn|5
|
|t:|1769410992
|switch|p2a: Pelipper|Pelipper, F|100/100
|move|p1a: Landorus|U-turn|p2a: Pelipper
|-resisted|p2a: Pelipper
|-damage|p2a: Pelipper|91/100
|
|t:|1769410996
|switch|p1a: Alomomola|Alomomola, M|71/100|[from] U-turn
|
|-weather|RainDance|[upkeep]
|upkeep
|turn|6
|
|t:|1769411001
|move|p1a: Alomomola|Protect|p1a: Alomomola
|-singleturn|p1a: Alomomola|Protect
|move|p2a: Pelipper|U-turn|p1a: Alomomola
|-activate|p1a: Alomomola|move: Protect
|
|-weather|RainDance|[upkeep]
|upkeep
|turn|7
|
|t:|1769411004
|move|p1a: Alomomola|Flip Turn|p2a: Pelipper
|-resisted|p2a: Pelipper
|-damage|p2a: Pelipper|82/100
|
|t:|1769411007
|switch|p1a: Mandibuzz|Mandibuzz, F|100/100|[from] Flip Turn
|move|p2a: Pelipper|Hurricane|p1a: Mandibuzz
|-damage|p1a: Mandibuzz|69/100
|-start|p1a: Mandibuzz|confusion
|
|-weather|RainDance|[upkeep]
|upkeep
|turn|8
|
|t:|1769411017
|switch|p1a: Alomomola|Alomomola, M|100/100
|move|p2a: Pelipper|U-turn|p1a: Alomomola
|-damage|p1a: Alomomola|95/100
|
|t:|1769411021
|switch|p2a: Crawdaunt|Crawdaunt, F|62/100|[from] U-turn
|
|-weather|none
|upkeep
|turn|9
|
|t:|1769411024
|move|p2a: Crawdaunt|Knock Off|p1a: Alomomola
|-damage|p1a: Alomomola|65/100
|-damage|p2a: Crawdaunt|52/100|[from] item: Life Orb
|move|p1a: Alomomola|Flip Turn|p2a: Crawdaunt
|-resisted|p2a: Crawdaunt
|-damage|p2a: Crawdaunt|39/100
|
|t:|1769411027
|switch|p1a: Landorus|Landorus-Therian, M|100/100|[from] Flip Turn
|-ability|p1a: Landorus|Intimidate|boost
|-unboost|p2a: Crawdaunt|atk|1
|
|upkeep
|turn|10
|
|t:|1769411030
|switch|p2a: Pelipper|Pelipper, F|82/100
|-weather|RainDance|[from] ability: Drizzle|[of] p2a: Pelipper
|move|p1a: Landorus|U-turn|p2a: Pelipper
|-resisted|p2a: Pelipper
|-damage|p2a: Pelipper|71/100
|
|t:|1769411034
|switch|p1a: Alomomola|Alomomola, M|99/100|[from] U-turn
|
|-weather|RainDance|[upkeep]
|upkeep
|turn|11
|
|t:|1769411036
|move|p1a: Alomomola|Flip Turn|p2a: Pelipper
|-resisted|p2a: Pelipper
|-damage|p2a: Pelipper|61/100
|
|t:|1769411041
|switch|p1a: Dragapult|Dragapult, F|100/100|[from] Flip Turn
|move|p2a: Pelipper|Hurricane|p1a: Dragapult
|-damage|p1a: Dragapult|52/100
|-start|p1a: Dragapult|confusion
|
|-weather|RainDance|[upkeep]
|upkeep
|turn|12
|
|t:|1769411047
|switch|p2a: Iron Treads|Iron Treads|100/100
|-enditem|p2a: Iron Treads|Booster Energy
|-activate|p2a: Iron Treads|ability: Quark Drive|[fromitem]
|-start|p2a: Iron Treads|quarkdrivespe
|-activate|p1a: Dragapult|confusion
|move|p1a: Dragapult|U-turn|p2a: Iron Treads
|-resisted|p2a: Iron Treads
|-damage|p2a: Iron Treads|86/100
|
|t:|1769411053
|switch|p1a: Garganacl|Garganacl, M|100/100|[from] U-turn
|
|-weather|RainDance|[upkeep]
|upkeep
|turn|13
|
|t:|1769411057
|move|p2a: Iron Treads|Earthquake|p1a: Garganacl
|-supereffective|p1a: Garganacl
|-damage|p1a: Garganacl|32/100
|move|p1a: Garganacl|Iron Defense|p1a: Garganacl
|-boost|p1a: Garganacl|def|2
|
|-weather|RainDance|[upkeep]
|-heal|p1a: Garganacl|38/100|[from] item: Leftovers
|upkeep
|turn|14
|
|t:|1769411063
|move|p2a: Iron Treads|Earthquake|p1a: Garganacl
|-supereffective|p1a: Garganacl
|-damage|p1a: Garganacl|6/100
|move|p1a: Garganacl|Recover|p1a: Garganacl
|-heal|p1a: Garganacl|56/100
|
|-weather|RainDance|[upkeep]
|-heal|p1a: Garganacl|62/100|[from] item: Leftovers
|upkeep
|turn|15
|
|t:|1769411076
|-end|p2a: Iron Treads|Quark Drive|[silent]
|switch|p2a: Raging Bolt|Raging Bolt|100/100
|move|p1a: Garganacl|Iron Defense|p1a: Garganacl
|-boost|p1a: Garganacl|def|2
|
|-weather|RainDance|[upkeep]
|-heal|p1a: Garganacl|69/100|[from] item: Leftovers
|upkeep
|turn|16
|
|t:|1769411080
|move|p2a: Raging Bolt|Weather Ball|p1a: Garganacl
|-supereffective|p1a: Garganacl
|-damage|p1a: Garganacl|0 fnt
|faint|p1a: Garganacl
|
|-weather|RainDance|[upkeep]
|upkeep
|
|t:|1769411083
|switch|p1a: Landorus|Landorus-Therian, M|100/100
|-ability|p1a: Landorus|Intimidate|boost
|-unboost|p2a: Raging Bolt|atk|1
|turn|17
|
|t:|1769411103
|-end|p2a: Raging Bolt|Protosynthesis|[silent]
|switch|p2a: Crawdaunt|Crawdaunt, F|39/100
|move|p1a: Landorus|U-turn|p2a: Crawdaunt
|-supereffective|p2a: Crawdaunt
|-damage|p2a: Crawdaunt|0 fnt
|faint|p2a: Crawdaunt
|
|t:|1769411108
|switch|p1a: Dragapult|Dragapult, F|52/100|[from] U-turn
|
|-weather|none
|upkeep
|
|t:|1769411112
|switch|p2a: Pelipper|Pelipper, F|61/100
|-weather|RainDance|[from] ability: Drizzle|[of] p2a: Pelipper
|turn|18
|
|t:|1769411118
|switch|p2a: Iron Treads|Iron Treads|86/100
|move|p1a: Dragapult|U-turn|p2a: Iron Treads
|-resisted|p2a: Iron Treads
|-damage|p2a: Iron Treads|71/100
|
|t:|1769411121
|switch|p1a: Alomomola|Alomomola, M|100/100|[from] U-turn
|
|-weather|RainDance|[upkeep]
|upkeep
|turn|19
|
|t:|1769411126
|move|p2a: Iron Treads|Stealth Rock|p1a: Alomomola
|-sidestart|p1: Phillip Blevin|move: Stealth Rock
|move|p1a: Alomomola|Wish|p1a: Alomomola
|
|-weather|RainDance|[upkeep]
|upkeep
|turn|20
|
|t:|1769411135
|move|p2a: Iron Treads|Earthquake|p1a: Alomomola
|-damage|p1a: Alomomola|77/100
|move|p1a: Alomomola|Flip Turn|p2a: Iron Treads
|-supereffective|p2a: Iron Treads
|-damage|p2a: Iron Treads|29/100
|
|t:|1769411137
|switch|p1a: Dragapult|Dragapult, F|52/100|[from] Flip Turn
|-damage|p1a: Dragapult|40/100|[from] Stealth Rock
|
|-weather|RainDance|[upkeep]
|-heal|p1a: Dragapult|100/100|[from] move: Wish|[wisher] Alomomola
|upkeep
|turn|21
|
|t:|1769411146
|move|p1a: Dragapult|Dragon Darts|p2a: Iron Treads
|-resisted|p2a: Iron Treads
|-damage|p2a: Iron Treads|12/100
|-anim|p1a: Dragapult|Dragon Darts|p2a: Iron Treads
|-resisted|p2a: Iron Treads
|-damage|p2a: Iron Treads|0 fnt
|faint|p2a: Iron Treads
|-end|p2a: Iron Treads|Quark Drive|[silent]
|
|-weather|RainDance|[upkeep]
|upkeep
|
|t:|1769411154
|switch|p2a: Iron Crown|Iron Crown|100/100
|turn|22
|
|t:|1769411161
|switch|p1a: Mandibuzz|Mandibuzz, F|69/100
|move|p2a: Iron Crown|Tachyon Cutter|p1a: Mandibuzz
|-damage|p1a: Mandibuzz|49/100
|-crit|p1a: Mandibuzz
|-damage|p1a: Mandibuzz|16/100
|-hitcount|p1a: Mandibuzz|2
|
|-weather|RainDance|[upkeep]
|upkeep
|turn|23
|
|t:|1769411174
|move|p2a: Iron Crown|Volt Switch|p1a: Mandibuzz
|-supereffective|p1a: Mandibuzz
|-damage|p1a: Mandibuzz|0 fnt
|faint|p1a: Mandibuzz
|
|t:|1769411180
|-end|p2a: Iron Crown|Quark Drive|[silent]
|switch|p2a: Barraskewda|Barraskewda, M|78/100|[from] Volt Switch
|
|-weather|RainDance|[upkeep]
|upkeep
|
|t:|1769411183
|switch|p1a: Alomomola|Alomomola, M|100/100
|-damage|p1a: Alomomola|88/100|[from] Stealth Rock
|turn|24
|
|t:|1769411188
|move|p1a: Alomomola|Protect|p1a: Alomomola
|-singleturn|p1a: Alomomola|Protect
|move|p2a: Barraskewda|Close Combat|p1a: Alomomola
|-activate|p1a: Alomomola|move: Protect
|
|-weather|RainDance|[upkeep]
|upkeep
|turn|25
|
|t:|1769411193
|move|p2a: Barraskewda|Close Combat|p1a: Alomomola
|-damage|p1a: Alomomola|52/100
|-unboost|p2a: Barraskewda|def|1
|-unboost|p2a: Barraskewda|spd|1
|move|p1a: Alomomola|Wish|p1a: Alomomola
|
|-weather|none
|upkeep
|turn|26
|
|t:|1769411202
|switch|p2a: Pelipper|Pelipper, F|61/100
|-weather|RainDance|[from] ability: Drizzle|[of] p2a: Pelipper
|move|p1a: Alomomola|Scald|p2a: Pelipper
|-resisted|p2a: Pelipper
|-damage|p2a: Pelipper|46/100
|-status|p2a: Pelipper|brn
|
|-weather|RainDance|[upkeep]
|-heal|p1a: Alomomola|100/100|[from] move: Wish|[wisher] Alomomola
|-damage|p2a: Pelipper|40/100 brn|[from] brn
|upkeep
|turn|27
|
|t:|1769411208
|move|p1a: Alomomola|Protect|p1a: Alomomola
|-singleturn|p1a: Alomomola|Protect
|move|p2a: Pelipper|Roost|p2a: Pelipper
|-heal|p2a: Pelipper|90/100 brn
|-singleturn|p2a: Pelipper|move: Roost
|
|-weather|RainDance|[upkeep]
|-damage|p2a: Pelipper|84/100 brn|[from] brn
|upkeep
|turn|28
|
|t:|1769411211
|move|p1a: Alomomola|Wish|p1a: Alomomola
|move|p2a: Pelipper|U-turn|p1a: Alomomola
|-damage|p1a: Alomomola|98/100
|
|t:|1769411215
|switch|p2a: Raging Bolt|Raging Bolt|100/100|[from] U-turn
|
|-weather|RainDance|[upkeep]
|upkeep
|turn|29
|
|t:|1769411218
|-terastallize|p1a: Alomomola|Ghost
|move|p2a: Raging Bolt|Calm Mind|p2a: Raging Bolt
|-boost|p2a: Raging Bolt|spa|1
|-boost|p2a: Raging Bolt|spd|1
|move|p1a: Alomomola|Flip Turn|p2a: Raging Bolt
|-resisted|p2a: Raging Bolt
|-damage|p2a: Raging Bolt|90/100
|
|t:|1769411222
|switch|p1a: Dragapult|Dragapult, F|100/100|[from] Flip Turn
|-damage|p1a: Dragapult|88/100|[from] Stealth Rock
|
|-weather|RainDance|[upkeep]
|-heal|p1a: Dragapult|100/100|[from] move: Wish|[wisher] Alomomola
|-heal|p2a: Raging Bolt|96/100|[from] item: Leftovers
|upkeep
|turn|30
|
|t:|1769411231
|-terastallize|p2a: Raging Bolt|Bug
|move|p1a: Dragapult|Dragon Darts|p2a: Raging Bolt
|-damage|p2a: Raging Bolt|65/100
|-anim|p1a: Dragapult|Dragon Darts|p2a: Raging Bolt
|-damage|p2a: Raging Bolt|32/100
|move|p2a: Raging Bolt|Draco Meteor|p1a: Dragapult
|-supereffective|p1a: Dragapult
|-damage|p1a: Dragapult|0 fnt
|-unboost|p2a: Raging Bolt|spa|2
|faint|p1a: Dragapult
|
|-weather|RainDance|[upkeep]
|-heal|p2a: Raging Bolt|39/100|[from] item: Leftovers
|upkeep
|
|t:|1769411235
|switch|p1a: Landorus|Landorus-Therian, M|100/100
|-damage|p1a: Landorus|88/100|[from] Stealth Rock
|-ability|p1a: Landorus|Intimidate|boost
|-unboost|p2a: Raging Bolt|atk|1
|turn|31
|
|t:|1769411249
|move|p1a: Landorus|Stone Edge|p2a: Raging Bolt
|-supereffective|p2a: Raging Bolt
|-damage|p2a: Raging Bolt|0 fnt
|faint|p2a: Raging Bolt
|-end|p2a: Raging Bolt|Protosynthesis|[silent]
|
|-weather|RainDance|[upkeep]
|upkeep
|
|t:|1769411256
|switch|p2a: Barraskewda|Barraskewda, M|78/100
|turn|32
|
|t:|1769411258
|switch|p1a: Alomomola|Alomomola, M, tera:Ghost|100/100
|-damage|p1a: Alomomola|88/100|[from] Stealth Rock
|move|p2a: Barraskewda|Flip Turn|p1a: Alomomola
|-crit|p1a: Alomomola
|-damage|p1a: Alomomola|30/100
|
|t:|1769411265
|switch|p2a: Iron Crown|Iron Crown|100/100|[from] Flip Turn
|
|-weather|RainDance|[upkeep]
|upkeep
|turn|33
|
|t:|1769411269
|move|p1a: Alomomola|Protect|p1a: Alomomola
|-singleturn|p1a: Alomomola|Protect
|move|p2a: Iron Crown|Psychic Noise|p1a: Alomomola
|-activate|p1a: Alomomola|move: Protect
|
|-weather|none
|upkeep
|turn|34
|
|t:|1769411273
|switch|p1a: Landorus|Landorus-Therian, M|88/100
|-damage|p1a: Landorus|76/100|[from] Stealth Rock
|-ability|p1a: Landorus|Intimidate|boost
|-unboost|p2a: Iron Crown|atk|1
|move|p2a: Iron Crown|Psychic Noise|p1a: Landorus
|-damage|p1a: Landorus|24/100
|-start|p1a: Landorus|move: Heal Block
|
|upkeep
|turn|35
|
|t:|1769411277
|-end|p2a: Iron Crown|Quark Drive|[silent]
|switch|p2a: Pelipper|Pelipper, F|84/100 brn
|-weather|RainDance|[from] ability: Drizzle|[of] p2a: Pelipper
|move|p1a: Landorus|U-turn|p2a: Pelipper
|-resisted|p2a: Pelipper
|-damage|p2a: Pelipper|74/100 brn
|
|t:|1769411279
|switch|p1a: Alomomola|Alomomola, M, tera:Ghost|63/100|[from] U-turn
|-damage|p1a: Alomomola|51/100|[from] Stealth Rock
|
|-weather|RainDance|[upkeep]
|-damage|p2a: Pelipper|68/100 brn|[from] brn
|upkeep
|turn|36
|
|t:|1769411289
|move|p1a: Alomomola|Wish|p1a: Alomomola
|move|p2a: Pelipper|Hurricane|p1a: Alomomola
|-damage|p1a: Alomomola|7/100
|-start|p1a: Alomomola|confusion
|
|-weather|RainDance|[upkeep]
|-damage|p2a: Pelipper|62/100 brn|[from] brn
|upkeep
|turn|37
|
|t:|1769411294
|-activate|p1a: Alomomola|confusion
|move|p1a: Alomomola|Protect|p1a: Alomomola
|-singleturn|p1a: Alomomola|Protect
|move|p2a: Pelipper|Ice Beam|p1a: Alomomola
|-activate|p1a: Alomomola|move: Protect
|
|-weather|RainDance|[upkeep]
|-heal|p1a: Alomomola|57/100|[from] move: Wish|[wisher] Alomomola
|-damage|p2a: Pelipper|56/100 brn|[from] brn
|upkeep
|turn|38
|-message|Phillip Blevin forfeited.
|
|win|quoge gaming
|raw|Phillip Blevin's rating: 1406 &rarr; <strong>1392</strong><br />(-14 for losing)
|raw|quoge gaming's rating: 1518 &rarr; <strong>1532</strong><br />(+14 for winning)
|l|☆Phillip Blevin
|player|p1|
|l|☆quoge gaming
|player|p2|
