|j|☆apexacer
|j|☆praveenkumart236
|t:|1769418935
|gametype|singles
|player|p1|apexacer|266|1621
|player|p2|praveenkumart236|265|1668
|gen|9
|tier|[Gen 9] OU
|rated|
|rule|HP Percentage Mod: HP is shown in percentages
|rule|Endless Battle Clause: Forcing endless battles is banned
|rule|Species Clause: Limit one of each Pokémon
|rule|OHKO Clause: OHKO moves are banned
|rule|Evasion Items Clause: Evasion items are banned
|rule|Evasion Moves Clause: Evasion moves are banned
|rule|Evasion Abilities Clause: Evasion abilities are banned
|rule|Sleep Moves Clause: Sleep-inducing moves are banned
|clearpoke
|poke|p1|Gholdengo|
|poke|p1|Great Tusk|
|poke|p1|Toxapex, F|
|poke|p1|Zapdos|
|poke|p1|Kingambit, M|
|poke|p1|Kyurem|
|poke|p2|Farigiraf, M|
|poke|p2|Kingambit, F|
|poke|p2|Raging Bolt|
|poke|p2|Pecharunt|
|poke|p2|Great Tusk|
|poke|p2|Grimmsnarl, M|
|teampreview
|inactive|Battle timer is ON: inactive players will automatically lose when time's up. (requested by praveenkumart236)
|
|t:|1769418952
|teamsize|p1|6
|teamsize|p2|6
|start
|switch|p1a: Great Tusk|Great Tusk|100/100
|switch|p2a: Kingambit|Kingambit, F|100/100
|turn|1
|
|t:|1769418959
|-end|p2a: Kingambit|fallenundefined|[silent]
|switch|p2a: Pecharunt|Pecharunt|100/100
|-item|p2a: Pecharunt|Air Balloon
|move|p1a: Great Tusk|Headlong Rush|p2a: Pecharunt
|-immune|p2a: Pecharunt
|
|upkeep
|turn|2
|
|t:|1769418968
|switch|p2a: Grimmsnarl|Grimmsnarl, M|100/100
|-end|p1a: Great Tusk|Protosynthesis|[silent]
|switch|p1a: Zapdos|Zapdos|100/100
|
|upkeep
|turn|3
|
|t:|1769418974
|move|p2a: Grimmsnarl|Light Screen|p2a: Grimmsnarl
|-sidestart|p2: praveenkumart236|move: Light Screen
|move|p1a: Zapdos|Volt Switch|p2a: Grimmsnarl
|-damage|p2a: Grimmsnarl|87/100
|
|t:|1769418982
|switch|p1a: Toxapex|Toxapex, F|100/100|[from] Volt Switch
|
|upkeep
|turn|4
|
|t:|1769418989
|move|p2a: Grimmsnarl|Reflect|p2a: Grimmsnarl
|-sidestart|p2: praveenkumart236|Reflect
|move|p1a: Toxapex|Toxic Spikes|p2a: Grimmsnarl
|-sidestart|p2: praveenkumart236|move: Toxic Spikes
|
|upkeep
|turn|5
|
|t:|1769418994
|move|p2a: Grimmsnarl|Parting Shot|p1a: Toxapex
|-unboost|p1a: Toxapex|atk|1
|-unboost|p1a: Toxapex|spa|1
|
|t:|1769418998
|switch|p2a: Pecharunt|Pecharunt|100/100|[from] Parting Shot
|-item|p2a: Pecharunt|Air Balloon
|move|p1a: Toxapex|Surf|p2a: Pecharunt
|-damage|p2a: Pecharunt|93/100
|-enditem|p2a: Pecharunt|Air Balloon
|
|upkeep
|turn|6
|
|t:|1769419009
|move|p2a: Pecharunt|Nasty Plot|p2a: Pecharunt
|-boost|p2a: Pecharunt|spa|2
|move|p1a: Toxapex|Toxic Spikes|p2a: Pecharunt
|-sidestart|p2: praveenkumart236|move: Toxic Spikes
|
|upkeep
|turn|7
|
|t:|1769419015
|move|p2a: Pecharunt|Shadow Ball|p1a: Toxapex
|-damage|p1a: Toxapex|56/100
|-unboost|p1a: Toxapex|spd|1
|move|p1a: Toxapex|Haze|p1a: Toxapex
|-clearallboost
|
|upkeep
|turn|8
|
|t:|1769419021
|switch|p1a: Kingambit|Kingambit, M|100/100
|move|p2a: Pecharunt|Nasty Plot|p2a: Pecharunt
|-boost|p2a: Pecharunt|spa|2
|
|upkeep
|turn|9
|inactive|praveenkumart236 has 120 seconds left.
|
|t:|1769419072
|switch|p2a: Kingambit|Kingambit, F|100/100
|move|p1a: Kingambit|Swords Dance|p1a: Kingambit
|-boost|p1a: Kingambit|atk|2
|
|upkeep
|turn|10
|
|t:|1769419080
|move|p2a: Kingambit|Swords Dance|p2a: Kingambit
|-boost|p2a: Kingambit|atk|2
|move|p1a: Kingambit|Iron Head|p2a: Kingambit
|-resisted|p2a: Kingambit
|-damage|p2a: Kingambit|80/100
|
|-sideend|p2: praveenkumart236|move: Light Screen
|upkeep
|turn|11
|
|t:|1769419090
|move|p2a: Kingambit|Kowtow Cleave|p1a: Kingambit
|-resisted|p1a: Kingambit
|-damage|p1a: Kingambit|54/100
|move|p1a: Kingambit|Kowtow Cleave|p2a: Kingambit
|-resisted|p2a: Kingambit
|-damage|p2a: Kingambit|57/100
|
|-sideend|p2: praveenkumart236|Reflect
|upkeep
|turn|12
|
|t:|1769419099
|-end|p1a: Kingambit|fallenundefined|[silent]
|switch|p1a: Great Tusk|Great Tusk|100/100
|move|p2a: Kingambit|Kowtow Cleave|p1a: Great Tusk
|-resisted|p1a: Great Tusk
|-damage|p1a: Great Tusk|64/100
|
|upkeep
|turn|13
|inactive|praveenkumart236 has 120 seconds left.
|
|t:|1769419113
|-terastallize|p2a: Kingambit|Dark
|move|p1a: Great Tusk|Headlong Rush|p2a: Kingambit
|-damage|p2a: Kingambit|0 fnt
|-unboost|p1a: Great Tusk|def|1
|-unboost|p1a: Great Tusk|spd|1
|faint|p2a: Kingambit
|-end|p2a: Kingambit|fallenundefined|[silent]
|
|upkeep
|
|t:|1769419120
|switch|p2a: Pecharunt|Pecharunt|93/100
|-sideend|p2: praveenkumart236|move: Toxic Spikes|[of] p2a: Pecharunt
|turn|14
|inactive|praveenkumart236 has 120 seconds left.
|
|t:|1769419132
|move|p2a: Pecharunt|Nasty Plot|p2a: Pecharunt
|-boost|p2a: Pecharunt|spa|2
|move|p1a: Great Tusk|Headlong Rush|p2a: Pecharunt
|-supereffective|p2a: Pecharunt
|-damage|p2a: Pecharunt|12/100
|-unboost|p1a: Great Tusk|def|1
|-unboost|p1a: Great Tusk|spd|1
|
|upkeep
|turn|15
|
|t:|1769419139
|-end|p1a: Great Tusk|Protosynthesis|[silent]
|switch|p1a: Gholdengo|Gholdengo|100/100
|move|p2a: Pecharunt|Shadow Ball|p1a: Gholdengo
|-supereffective|p1a: Gholdengo
|-damage|p1a: Gholdengo|0 fnt
|faint|p1a: Gholdengo
|
|upkeep
|
|t:|1769419148
|switch|p1a: Kyurem|Kyurem|100/100
|-ability|p1a: Kyurem|Pressure
|turn|16
|
|t:|1769419157
|move|p1a: Kyurem|Freeze-Dry|p2a: Pecharunt
|-damage|p2a: Pecharunt|0 fnt
|faint|p2a: Pecharunt
|
|upkeep
|
|t:|1769419160
|switch|p2a: Grimmsnarl|Grimmsnarl, M|87/100
|turn|17
|
|t:|1769419178
|switch|p1a: Toxapex|Toxapex, F|90/100
|move|p2a: Grimmsnarl|Light Screen|p2a: Grimmsnarl
|-sidestart|p2: praveenkumart236|move: Light Screen
|
|upkeep
|turn|18
|
|t:|1769419190
|switch|p2a: Raging Bolt|Raging Bolt|100/100
|-enditem|p2a: Raging Bolt|Booster Energy
|-activate|p2a: Raging Bolt|ability: Protosynthesis|[fromitem]
|-start|p2a: Raging Bolt|protosynthesisspa
|move|p1a: Toxapex|Toxic Spikes|p2a: Raging Bolt
|-sidestart|p2: praveenkumart236|move: Toxic Spikes
|
|upkeep
|turn|19
|
|t:|1769419204
|move|p2a: Raging Bolt|Calm Mind|p2a: Raging Bolt
|-boost|p2a: Raging Bolt|spa|1
|-boost|p2a: Raging Bolt|spd|1
|move|p1a: Toxapex|Toxic Spikes|p2a: Raging Bolt
|-sidestart|p2: praveenkumart236|move: Toxic Spikes
|
|upkeep
|turn|20
|
|t:|1769419211
|-terastallize|p1a: Toxapex|Poison
|move|p2a: Raging Bolt|Thunderbolt|p1a: Toxapex
|-damage|p1a: Toxapex|2/100
|move|p1a: Toxapex|Haze|p1a: Toxapex
|-clearallboost
|
|upkeep
|turn|21
|j| riyuezi
|
|t:|1769419219
|switch|p1a: Great Tusk|Great Tusk|64/100
|move|p2a: Raging Bolt|Calm Mind|p2a: Raging Bolt
|-boost|p2a: Raging Bolt|spa|1
|-boost|p2a: Raging Bolt|spd|1
|
|upkeep
|turn|22
|
|t:|1769419224
|move|p1a: Great Tusk|Headlong Rush|p2a: Raging Bolt
|-supereffective|p2a: Raging Bolt
|-damage|p2a: Raging Bolt|0 fnt
|-unboost|p1a: Great Tusk|def|1
|-unboost|p1a: Great Tusk|spd|1
|faint|p2a: Raging Bolt
|-end|p2a: Raging Bolt|Protosynthesis|[silent]
|
|upkeep
|-message|praveenkumart236 forfeited.
|
|win|apexacer
|raw|apexacer's rating: 1621 &rarr; <strong>1644</strong><br />(+23 for winning)
|raw|praveenkumart236's rating: 1668 &rarr; <strong>1645</strong><br />(-23 for losing)
|l|☆praveenkumart236
|player|p2|
|l|☆apexacer
|player|p1|
|l| riyuezi
