|j|☆BIGBODY55
|j|☆gledar
|t:|1769312109
|gametype|singles
|player|p1|BIGBODY55|thorton|1257
|player|p2|gledar|265|1304
|gen|9
|tier|[Gen 9] OU
|rated|
|rule|HP Percentage Mod: HP is shown in percentages
|rule|Endless Battle Clause: Forcing endless battles is banned
|rule|Species Clause: Limit one of each Pokémon
|rule|OHKO Clause: OHKO moves are banned
|rule|Evasion Items Clause: Evasion items are banned
|rule|Evasion Moves Clause: Evasion moves are banned
|rule|Evasion Abilities Clause: Evasion abilities are banned
|rule|Sleep Moves Clause: Sleep-inducing moves are banned
|clearpoke
|poke|p1|Gogoat, M|
|poke|p1|Zarude|
|poke|p1|Rillaboom, F|
|poke|p1|Kingambit, F|
|poke|p1|Hawlucha, F|
|poke|p1|Iron Moth|
|poke|p2|Tyranitar, M|
|poke|p2|Donphan, L1, M|
|poke|p2|Corviknight, F|
|poke|p2|Cinderace, F|
|poke|p2|Kyurem|
|poke|p2|Gliscor, F|
|teampreview
|inactive|Battle timer is ON: inactive players will automatically lose when time's up. (requested by BIGBODY55)
|
|t:|1769312119
|teamsize|p1|6
|teamsize|p2|6
|start
|switch|p1a: Rillaboom|Rillaboom, F|100/100
|switch|p2a: Tyranitar|Tyranitar, M|100/100
|-fieldstart|move: Grassy Terrain|[from] ability: Grassy Surge|[of] p1a: Rillaboom
|-weather|Sandstorm|[from] ability: Sand Stream|[of] p2a: Tyranitar
|turn|1
|
|t:|1769312129
|switch|p2a: Corviknight|Corviknight, F|100/100
|move|p1a: Rillaboom|Wood Hammer|p2a: Corviknight
|-resisted|p2a: Corviknight
|-damage|p2a: Corviknight|88/100
|-damage|p1a: Rillaboom|84/100|[from] item: Rocky Helmet|[of] p2a: Corviknight
|-damage|p1a: Rillaboom|80/100|[from] Recoil
|
|-weather|Sandstorm|[upkeep]
|-damage|p1a: Rillaboom|74/100|[from] Sandstorm
|-heal|p1a: Rillaboom|80/100|[from] Grassy Terrain
|upkeep
|turn|2
|
|t:|1769312148
|move|p1a: Rillaboom|Knock Off|p2a: Corviknight
|-damage|p2a: Corviknight|65/100
|-damage|p1a: Rillaboom|63/100|[from] item: Rocky Helmet|[of] p2a: Corviknight
|-enditem|p2a: Corviknight|Rocky Helmet|[from] move: Knock Off|[of] p1a: Rillaboom
|move|p2a: Corviknight|Brave Bird|p1a: Rillaboom
|-supereffective|p1a: Rillaboom
|-damage|p1a: Rillaboom|0 fnt
|faint|p1a: Rillaboom
|-damage|p2a: Corviknight|44/100|[from] Recoil
|
|-weather|Sandstorm|[upkeep]
|upkeep
|
|t:|1769312155
|switch|p1a: Hawlucha|Hawlucha, F|100/100
|-enditem|p1a: Hawlucha|Grassy Seed
|-boost|p1a: Hawlucha|def|1|[from] item: Grassy Seed
|turn|3
|
|t:|1769312159
|move|p1a: Hawlucha|Close Combat|p2a: Corviknight
|-damage|p2a: Corviknight|13/100
|-unboost|p1a: Hawlucha|def|1
|-unboost|p1a: Hawlucha|spd|1
|move|p2a: Corviknight|Brave Bird|p1a: Hawlucha
|-supereffective|p1a: Hawlucha
|-damage|p1a: Hawlucha|0 fnt
|faint|p1a: Hawlucha
|-damage|p2a: Corviknight|0 fnt|[from] Recoil
|faint|p2a: Corviknight
|
|-weather|Sandstorm|[upkeep]
|upkeep
|
|t:|1769312170
|switch|p1a: Zarude|Zarude|100/100
|switch|p2a: Donphan|Donphan, L1, M|100/100
|turn|4
|
|t:|1769312179
|move|p1a: Zarude|Knock Off|p2a: Donphan
|-ability|p2a: Donphan|Sturdy
|-damage|p2a: Donphan|8/100
|-enditem|p2a: Donphan|Shell Bell|[from] move: Knock Off|[of] p1a: Zarude
|move|p2a: Donphan|Endeavor|p1a: Zarude
|-damage|p1a: Zarude|1/100
|
|-weather|Sandstorm|[upkeep]
|-damage|p1a: Zarude|0 fnt|[from] Sandstorm
|faint|p1a: Zarude
|-heal|p2a: Donphan|16/100|[from] Grassy Terrain
|upkeep
|
|t:|1769312191
|switch|p1a: Dorito|Iron Moth, shiny|100/100
|-enditem|p1a: Dorito|Booster Energy
|-activate|p1a: Dorito|ability: Quark Drive|[fromitem]
|-start|p1a: Dorito|quarkdrivespe
|turn|5
|
|t:|1769312199
|move|p1a: Dorito|Fiery Dance|p2a: Donphan
|-damage|p2a: Donphan|0 fnt
|-boost|p1a: Dorito|spa|1
|faint|p2a: Donphan
|
|-weather|none
|upkeep
|
|t:|1769312202
|switch|p2a: Tyranitar|Tyranitar, M|100/100
|-weather|Sandstorm|[from] ability: Sand Stream|[of] p2a: Tyranitar
|turn|6
|
|t:|1769312210
|move|p1a: Dorito|Substitute|p1a: Dorito
|-start|p1a: Dorito|Substitute
|-damage|p1a: Dorito|76/100
|move|p2a: Tyranitar|Rock Slide|p1a: Dorito
|-supereffective|p1a: Dorito
|-end|p1a: Dorito|Substitute
|
|-weather|Sandstorm|[upkeep]
|-damage|p1a: Dorito|70/100|[from] Sandstorm
|-heal|p1a: Dorito|76/100|[from] Grassy Terrain
|upkeep
|turn|7
|
|t:|1769312225
|-terastallize|p1a: Dorito|Fairy
|move|p1a: Dorito|Dazzling Gleam|p2a: Tyranitar
|-supereffective|p2a: Tyranitar
|-damage|p2a: Tyranitar|54/100
|move|p2a: Tyranitar|Rock Slide|p1a: Dorito
|-damage|p1a: Dorito|20/100
|
|-weather|Sandstorm|[upkeep]
|-damage|p1a: Dorito|14/100|[from] Sandstorm
|-heal|p1a: Dorito|20/100|[from] Grassy Terrain
|-heal|p2a: Tyranitar|60/100|[from] Grassy Terrain
|upkeep
|turn|8
|
|t:|1769312241
|move|p1a: Dorito|Dazzling Gleam|p2a: Tyranitar
|-supereffective|p2a: Tyranitar
|-damage|p2a: Tyranitar|14/100
|move|p2a: Tyranitar|Rock Slide|p1a: Dorito
|-damage|p1a: Dorito|0 fnt
|faint|p1a: Dorito
|-end|p1a: Dorito|Quark Drive|[silent]
|
|-weather|Sandstorm|[upkeep]
|-heal|p2a: Tyranitar|20/100|[from] Grassy Terrain
|-fieldend|move: Grassy Terrain
|upkeep
|
|t:|1769312247
|switch|p1a: Gogoat|Gogoat, M|100/100
|turn|9
|
|t:|1769312257
|move|p1a: Gogoat|Play Rough|p2a: Tyranitar
|-supereffective|p2a: Tyranitar
|-damage|p2a: Tyranitar|0 fnt
|faint|p2a: Tyranitar
|
|-weather|Sandstorm|[upkeep]
|-damage|p1a: Gogoat|94/100|[from] Sandstorm
|upkeep
|
|t:|1769312267
|switch|p2a: Gliscor|Gliscor, F|100/100
|turn|10
|
|t:|1769312276
|move|p2a: Gliscor|Swords Dance|p2a: Gliscor
|-boost|p2a: Gliscor|atk|2
|move|p1a: Gogoat|Horn Leech|p2a: Gliscor
|-crit|p2a: Gliscor
|-damage|p2a: Gliscor|56/100
|-heal|p1a: Gogoat|100/100|[from] drain|[of] p2a: Gliscor
|
|-weather|none
|-status|p2a: Gliscor|tox|[from] item: Toxic Orb
|upkeep
|turn|11
|
|t:|1769312287
|move|p2a: Gliscor|Knock Off|p1a: Gogoat
|-damage|p1a: Gogoat|49/100
|-enditem|p1a: Gogoat|Assault Vest|[from] move: Knock Off|[of] p2a: Gliscor
|move|p1a: Gogoat|Horn Leech|p2a: Gliscor
|-damage|p2a: Gliscor|28/100 tox
|-heal|p1a: Gogoat|60/100|[from] drain|[of] p2a: Gliscor
|
|-heal|p2a: Gliscor|41/100 tox|[from] ability: Poison Heal
|upkeep
|turn|12
|
|t:|1769312308
|switch|p1a: Kingambit|Kingambit, F, shiny|100/100
|-activate|p1a: Kingambit|ability: Supreme Overlord
|-start|p1a: Kingambit|fallen4|[silent]
|move|p2a: Gliscor|Earthquake|p1a: Kingambit
|-supereffective|p1a: Kingambit
|-damage|p1a: Kingambit|12/100
|
|-heal|p2a: Gliscor|53/100 tox|[from] ability: Poison Heal
|upkeep
|turn|13
|
|t:|1769312324
|move|p1a: Kingambit|Sucker Punch|p2a: Gliscor
|-damage|p2a: Gliscor|0 fnt
|faint|p2a: Gliscor
|
|upkeep
|
|t:|1769312328
|switch|p2a: Cinderace|Cinderace, F|100/100
|turn|14
|
|t:|1769312343
|-terastallize|p2a: Cinderace|Dark
|move|p1a: Kingambit|Sucker Punch|p2a: Cinderace
|-resisted|p2a: Cinderace
|-damage|p2a: Cinderace|50/100
|move|p2a: Cinderace|Pyro Ball|p1a: Kingambit
|-supereffective|p1a: Kingambit
|-damage|p1a: Kingambit|0 fnt
|faint|p1a: Kingambit
|-end|p1a: Kingambit|fallen4|[silent]
|
|upkeep
|
|t:|1769312347
|switch|p1a: Gogoat|Gogoat, M|60/100
|turn|15
|
|t:|1769312353
|move|p2a: Cinderace|Pyro Ball|p1a: Gogoat
|-supereffective|p1a: Gogoat
|-damage|p1a: Gogoat|0 fnt
|faint|p1a: Gogoat
|
|win|gledar
|raw|BIGBODY55's rating: 1257 &rarr; <strong>1235</strong><br />(-22 for losing)
|raw|gledar's rating: 1304 &rarr; <strong>1321</strong><br />(+17 for winning)
|l|☆BIGBODY55
|player|p1|
|l|☆gledar
|player|p2|
