|j|☆jekar
|j|☆Mortifi
|t:|1769335611
|gametype|singles
|player|p1|jekar|2|1588
|player|p2|Mortifi|pokemaniac|1546
|gen|9
|tier|[Gen 9] OU
|rated|
|rule|HP Percentage Mod: HP is shown in percentages
|rule|Endless Battle Clause: Forcing endless battles is banned
|rule|Species Clause: Limit one of each Pokémon
|rule|OHKO Clause: OHKO moves are banned
|rule|Evasion Items Clause: Evasion items are banned
|rule|Evasion Moves Clause: Evasion moves are banned
|rule|Evasion Abilities Clause: Evasion abilities are banned
|rule|Sleep Moves Clause: Sleep-inducing moves are banned
|clearpoke
|poke|p1|Sandy Shocks|
|poke|p1|Walking Wake|
|poke|p1|Samurott-Hisui, F|
|poke|p1|Iron Valiant|
|poke|p1|Gholdengo|
|poke|p1|Dragonite, M|
|poke|p2|Fezandipiti, M|
|poke|p2|Corviknight, M|
|poke|p2|Hoopa-Unbound|
|poke|p2|Gliscor, F|
|poke|p2|Kingambit, F|
|poke|p2|Dragapult, F|
|teampreview
|inactive|Battle timer is ON: inactive players will automatically lose when time's up. (requested by jekar)
|
|t:|1769335630
|teamsize|p1|6
|teamsize|p2|6
|start
|switch|p1a: Samurott|Samurott-Hisui, F|100/100
|switch|p2a: Gliscor|Gliscor, F|100/100
|turn|1
|
|t:|1769335641
|move|p1a: Samurott|Knock Off|p2a: Gliscor
|-damage|p2a: Gliscor|66/100
|-enditem|p2a: Gliscor|Toxic Orb|[from] move: Knock Off|[of] p1a: Samurott
|move|p2a: Gliscor|Stealth Rock|p1a: Samurott
|-sidestart|p1: jekar|move: Stealth Rock
|
|upkeep
|turn|2
|
|t:|1769335650
|switch|p2a: Corviknight|Corviknight, M|100/100
|-ability|p2a: Corviknight|Pressure
|move|p1a: Samurott|Ceaseless Edge|p2a: Corviknight
|-damage|p2a: Corviknight|75/100
|-damage|p1a: Samurott|84/100|[from] item: Rocky Helmet|[of] p2a: Corviknight
|-sidestart|p2: Mortifi|Spikes
|
|upkeep
|turn|3
|
|t:|1769335663
|move|p1a: Samurott|Knock Off|p2a: Corviknight
|-damage|p2a: Corviknight|48/100
|-damage|p1a: Samurott|67/100|[from] item: Rocky Helmet|[of] p2a: Corviknight
|-enditem|p2a: Corviknight|Rocky Helmet|[from] move: Knock Off|[of] p1a: Samurott
|move|p2a: Corviknight|Brave Bird|p1a: Samurott
|-damage|p1a: Samurott|20/100
|-damage|p2a: Corviknight|35/100|[from] Recoil
|
|upkeep
|turn|4
|
|t:|1769335672
|move|p1a: Samurott|Ceaseless Edge|p2a: Corviknight|[miss]
|-miss|p1a: Samurott|p2a: Corviknight
|move|p2a: Corviknight|Roost|p2a: Corviknight
|-heal|p2a: Corviknight|85/100
|-singleturn|p2a: Corviknight|move: Roost
|
|upkeep
|turn|5
|
|t:|1769335679
|move|p1a: Samurott|Ceaseless Edge|p2a: Corviknight
|-damage|p2a: Corviknight|60/100
|-sidestart|p2: Mortifi|Spikes
|move|p2a: Corviknight|Brave Bird|p1a: Samurott
|-damage|p1a: Samurott|0 fnt
|faint|p1a: Samurott
|-damage|p2a: Corviknight|55/100|[from] Recoil
|
|upkeep
|
|t:|1769335689
|switch|p1a: Sandy Shocks|Sandy Shocks|100/100
|-damage|p1a: Sandy Shocks|94/100|[from] Stealth Rock
|-enditem|p1a: Sandy Shocks|Booster Energy
|-activate|p1a: Sandy Shocks|ability: Protosynthesis|[fromitem]
|-start|p1a: Sandy Shocks|protosynthesisspe
|turn|6
|
|t:|1769335695
|switch|p2a: Gliscor|Gliscor, F|66/100
|move|p1a: Sandy Shocks|Thunderbolt|p2a: Gliscor
|-immune|p2a: Gliscor
|
|upkeep
|turn|7
|
|t:|1769335702
|move|p1a: Sandy Shocks|Stealth Rock|p2a: Gliscor
|-sidestart|p2: Mortifi|move: Stealth Rock
|move|p2a: Gliscor|Knock Off|p1a: Sandy Shocks
|-damage|p1a: Sandy Shocks|79/100
|
|upkeep
|turn|8
|
|t:|1769335707
|-end|p1a: Sandy Shocks|Protosynthesis|[silent]
|switch|p1a: Gholdengo|Gholdengo|100/100
|-damage|p1a: Gholdengo|94/100|[from] Stealth Rock
|-item|p1a: Gholdengo|Air Balloon
|move|p2a: Gliscor|Knock Off|p1a: Gholdengo
|-supereffective|p1a: Gholdengo
|-damage|p1a: Gholdengo|49/100
|-enditem|p1a: Gholdengo|Air Balloon
|
|upkeep
|turn|9
|
|t:|1769335719
|move|p1a: Gholdengo|Make It Rain|p2a: Gliscor
|-damage|p2a: Gliscor|16/100
|-unboost|p1a: Gholdengo|spa|1
|move|p2a: Gliscor|Earthquake|p1a: Gholdengo
|-supereffective|p1a: Gholdengo
|-damage|p1a: Gholdengo|0 fnt
|faint|p1a: Gholdengo
|
|upkeep
|
|t:|1769335732
|switch|p1a: Sandy Shocks|Sandy Shocks|79/100
|-damage|p1a: Sandy Shocks|73/100|[from] Stealth Rock
|turn|10
|
|t:|1769335736
|move|p1a: Sandy Shocks|Tera Blast|p2a: Gliscor
|-damage|p2a: Gliscor|0 fnt
|faint|p2a: Gliscor
|
|upkeep
|
|t:|1769335748
|switch|p2a: Hoopa|Hoopa-Unbound|100/100
|-damage|p2a: Hoopa|84/100|[from] Spikes
|-damage|p2a: Hoopa|72/100|[from] Stealth Rock
|turn|11
|
|t:|1769335754
|move|p1a: Sandy Shocks|Thunderbolt|p2a: Hoopa
|-damage|p2a: Hoopa|32/100
|move|p2a: Hoopa|Zen Headbutt|p1a: Sandy Shocks
|-damage|p1a: Sandy Shocks|0 fnt
|faint|p1a: Sandy Shocks
|-end|p1a: Sandy Shocks|Protosynthesis|[silent]
|
|upkeep
|
|t:|1769335779
|switch|p1a: Iron Valiant|Iron Valiant|100/100
|-damage|p1a: Iron Valiant|94/100|[from] Stealth Rock
|-enditem|p1a: Iron Valiant|Booster Energy
|-activate|p1a: Iron Valiant|ability: Quark Drive|[fromitem]
|-start|p1a: Iron Valiant|quarkdrivespe
|turn|12
|
|t:|1769335785
|switch|p2a: Fezandipiti|Fezandipiti, M|100/100
|move|p1a: Iron Valiant|Close Combat|p2a: Fezandipiti
|-resisted|p2a: Fezandipiti
|-damage|p2a: Fezandipiti|85/100
|-unboost|p1a: Iron Valiant|def|1
|-unboost|p1a: Iron Valiant|spd|1
|
|upkeep
|turn|13
|
|t:|1769335793
|move|p1a: Iron Valiant|Knock Off|p2a: Fezandipiti
|-resisted|p2a: Fezandipiti
|-damage|p2a: Fezandipiti|68/100
|-enditem|p2a: Fezandipiti|Heavy-Duty Boots|[from] move: Knock Off|[of] p1a: Iron Valiant
|move|p2a: Fezandipiti|Moonblast|p1a: Iron Valiant
|-supereffective|p1a: Iron Valiant
|-damage|p1a: Iron Valiant|0 fnt
|faint|p1a: Iron Valiant
|-end|p1a: Iron Valiant|Quark Drive|[silent]
|
|upkeep
|
|t:|1769335808
|switch|p1a: Walking Wake|Walking Wake|100/100
|-damage|p1a: Walking Wake|88/100|[from] Stealth Rock
|-enditem|p1a: Walking Wake|Booster Energy
|-activate|p1a: Walking Wake|ability: Protosynthesis|[fromitem]
|-start|p1a: Walking Wake|protosynthesisspa
|turn|14
|
|t:|1769335816
|-terastallize|p1a: Walking Wake|Water
|move|p1a: Walking Wake|Agility|p1a: Walking Wake
|-boost|p1a: Walking Wake|spe|2
|move|p2a: Fezandipiti|Roost|p2a: Fezandipiti
|-heal|p2a: Fezandipiti|100/100
|-singleturn|p2a: Fezandipiti|move: Roost
|
|upkeep
|turn|15
|
|t:|1769335826
|move|p1a: Walking Wake|Surf|p2a: Fezandipiti
|-damage|p2a: Fezandipiti|55/100
|move|p2a: Fezandipiti|Beat Up|p1a: Walking Wake
|-damage|p1a: Walking Wake|85/100
|-damage|p1a: Walking Wake|81/100
|-damage|p1a: Walking Wake|76/100
|-status|p1a: Walking Wake|tox|[from] ability: Toxic Chain|[of] p2a: Fezandipiti
|-damage|p1a: Walking Wake|72/100 tox
|-damage|p1a: Walking Wake|67/100 tox
|-hitcount|p1a: Walking Wake|5
|
|-damage|p1a: Walking Wake|61/100 tox|[from] psn
|upkeep
|turn|16
|
|t:|1769335838
|move|p1a: Walking Wake|Surf|p2a: Fezandipiti
|-damage|p2a: Fezandipiti|3/100
|move|p2a: Fezandipiti|Roost|p2a: Fezandipiti
|-heal|p2a: Fezandipiti|53/100
|-singleturn|p2a: Fezandipiti|move: Roost
|
|-damage|p1a: Walking Wake|49/100 tox|[from] psn
|upkeep
|turn|17
|
|t:|1769335845
|move|p1a: Walking Wake|Surf|p2a: Fezandipiti
|-damage|p2a: Fezandipiti|2/100
|move|p2a: Fezandipiti|Roost|p2a: Fezandipiti
|-heal|p2a: Fezandipiti|52/100
|-singleturn|p2a: Fezandipiti|move: Roost
|
|-damage|p1a: Walking Wake|30/100 tox|[from] psn
|upkeep
|turn|18
|
|t:|1769335852
|move|p1a: Walking Wake|Surf|p2a: Fezandipiti
|-damage|p2a: Fezandipiti|1/100
|move|p2a: Fezandipiti|Roost|p2a: Fezandipiti
|-heal|p2a: Fezandipiti|51/100
|-singleturn|p2a: Fezandipiti|move: Roost
|
|-damage|p1a: Walking Wake|6/100 tox|[from] psn
|upkeep
|turn|19
|
|t:|1769335859
|move|p1a: Walking Wake|Surf|p2a: Fezandipiti
|-damage|p2a: Fezandipiti|3/100
|move|p2a: Fezandipiti|Roost|p2a: Fezandipiti
|-heal|p2a: Fezandipiti|53/100
|-singleturn|p2a: Fezandipiti|move: Roost
|
|-damage|p1a: Walking Wake|0 fnt|[from] psn
|faint|p1a: Walking Wake
|-end|p1a: Walking Wake|Protosynthesis|[silent]
|upkeep
|
|t:|1769335861
|switch|p1a: Dragonite|Dragonite, M|100/100
|turn|20
|
|t:|1769335868
|move|p1a: Dragonite|Dragon Dance|p1a: Dragonite
|-boost|p1a: Dragonite|atk|1
|-boost|p1a: Dragonite|spe|1
|move|p2a: Fezandipiti|Beat Up|p1a: Dragonite
|-damage|p1a: Dragonite|99/100
|-damage|p1a: Dragonite|96/100
|-damage|p1a: Dragonite|90/100
|-damage|p1a: Dragonite|86/100
|-damage|p1a: Dragonite|82/100
|-status|p1a: Dragonite|tox|[from] ability: Toxic Chain|[of] p2a: Fezandipiti
|-hitcount|p1a: Dragonite|5
|
|-damage|p1a: Dragonite|76/100 tox|[from] psn
|upkeep
|turn|21
|
|t:|1769335881
|move|p1a: Dragonite|Dragon Dance|p1a: Dragonite
|-boost|p1a: Dragonite|atk|1
|-boost|p1a: Dragonite|spe|1
|move|p2a: Fezandipiti|Moonblast|p1a: Dragonite
|-supereffective|p1a: Dragonite
|-damage|p1a: Dragonite|22/100 tox
|
|-damage|p1a: Dragonite|9/100 tox|[from] psn
|upkeep
|turn|22
|
|t:|1769335889
|move|p1a: Dragonite|Extreme Speed|p2a: Fezandipiti
|-damage|p2a: Fezandipiti|0 fnt
|faint|p2a: Fezandipiti
|
|-damage|p1a: Dragonite|0 fnt|[from] psn
|faint|p1a: Dragonite
|
|win|Mortifi
|raw|jekar's rating: 1588 &rarr; <strong>1566</strong><br />(-22 for losing)
|raw|Mortifi's rating: 1546 &rarr; <strong>1568</strong><br />(+22 for winning)
|l|☆jekar
|player|p1|
