|j|☆GODKUD
|j|☆kielsama
|t:|1769386504
|gametype|singles
|player|p1|GODKUD|ghetsis-gen5bw|1692
|player|p2|kielsama|265|1691
|gen|9
|tier|[Gen 9] OU
|rated|
|rule|HP Percentage Mod: HP is shown in percentages
|rule|Endless Battle Clause: Forcing endless battles is banned
|rule|Species Clause: Limit one of each Pokémon
|rule|OHKO Clause: OHKO moves are banned
|rule|Evasion Items Clause: Evasion items are banned
|rule|Evasion Moves Clause: Evasion moves are banned
|rule|Evasion Abilities Clause: Evasion abilities are banned
|rule|Sleep Moves Clause: Sleep-inducing moves are banned
|clearpoke
|poke|p1|Zamazenta-*|
|poke|p1|Kyurem|
|poke|p1|Hoopa-Unbound|
|poke|p1|Diancie|
|poke|p1|Iron Treads|
|poke|p1|Volcanion|
|poke|p2|Araquanid, F|
|poke|p2|Gholdengo|
|poke|p2|Iron Moth|
|poke|p2|Iron Valiant|
|poke|p2|Raging Bolt|
|poke|p2|Kingambit, F|
|teampreview
|inactive|Battle timer is ON: inactive players will automatically lose when time's up. (requested by GODKUD)
|inactive|GODKUD has 120 seconds left.
|inactive|kielsama has 120 seconds left.
|
|t:|1769386545
|teamsize|p1|6
|teamsize|p2|6
|start
|switch|p1a: Iron Treads|Iron Treads|100/100
|switch|p2a: SUPA|Kingambit, F|100/100
|-item|p2a: SUPA|Air Balloon
|-enditem|p1a: Iron Treads|Booster Energy
|-activate|p1a: Iron Treads|ability: Quark Drive|[fromitem]
|-start|p1a: Iron Treads|quarkdrivespe
|turn|1
|
|t:|1769386553
|-end|p2a: SUPA|fallenundefined|[silent]
|switch|p2a: QUIL|Araquanid, F|100/100
|move|p1a: Iron Treads|Rapid Spin|p2a: QUIL
|-damage|p2a: QUIL|85/100
|-boost|p1a: Iron Treads|spe|1
|
|upkeep
|turn|2
|
|t:|1769386559
|move|p1a: Iron Treads|Stealth Rock|p2a: QUIL
|-sidestart|p2: kielsama|move: Stealth Rock
|move|p2a: QUIL|Surf|p1a: Iron Treads
|-supereffective|p1a: Iron Treads
|-damage|p1a: Iron Treads|5/100
|
|upkeep
|turn|3
|
|t:|1769386563
|move|p1a: Iron Treads|Knock Off|p2a: QUIL
|-damage|p2a: QUIL|57/100
|-enditem|p2a: QUIL|Custap Berry|[from] move: Knock Off|[of] p1a: Iron Treads
|move|p2a: QUIL|Sticky Web|p1a: Iron Treads
|-sidestart|p1: GODKUD|move: Sticky Web
|
|upkeep
|turn|4
|
|t:|1769386569
|switch|p2a: TREE?|Gholdengo|100/100
|-damage|p2a: TREE?|94/100|[from] Stealth Rock
|-item|p2a: TREE?|Air Balloon
|move|p1a: Iron Treads|Rapid Spin|p2a: TREE?
|-immune|p2a: TREE?
|
|upkeep
|turn|5
|
|t:|1769386577
|move|p1a: Iron Treads|Knock Off|p2a: TREE?
|-supereffective|p2a: TREE?
|-damage|p2a: TREE?|23/100
|-enditem|p2a: TREE?|Air Balloon
|move|p2a: TREE?|Shadow Ball|p1a: Iron Treads
|-damage|p1a: Iron Treads|0 fnt
|faint|p1a: Iron Treads
|-end|p1a: Iron Treads|Quark Drive|[silent]
|
|upkeep
|
|t:|1769386584
|switch|p1a: Hoopa|Hoopa-Unbound|100/100
|-activate|p1a: Hoopa|move: Sticky Web
|-unboost|p1a: Hoopa|spe|1
|turn|6
|
|t:|1769386594
|move|p2a: TREE?|Make It Rain|p1a: Hoopa
|-damage|p1a: Hoopa|48/100
|-unboost|p2a: TREE?|spa|1
|move|p1a: Hoopa|Trick Room|p1a: Hoopa
|-fieldstart|move: Trick Room|[of] p1a: Hoopa
|
|upkeep
|turn|7
|
|t:|1769386621
|switch|p2a: QUZZ|Iron Valiant|100/100
|-damage|p2a: QUZZ|94/100|[from] Stealth Rock
|-enditem|p2a: QUZZ|Booster Energy
|-activate|p2a: QUZZ|ability: Quark Drive|[fromitem]
|-start|p2a: QUZZ|quarkdrivespa
|move|p1a: Hoopa|Expanding Force|p2a: QUZZ
|-supereffective|p2a: QUZZ
|-damage|p2a: QUZZ|0 fnt
|faint|p2a: QUZZ
|-end|p2a: QUZZ|Quark Drive|[silent]
|
|upkeep
|
|t:|1769386628
|switch|p2a: SUPA|Kingambit, F|100/100
|-damage|p2a: SUPA|94/100|[from] Stealth Rock
|-activate|p2a: SUPA|ability: Supreme Overlord
|-start|p2a: SUPA|fallen1|[silent]
|-item|p2a: SUPA|Air Balloon
|turn|8
|
|t:|1769386633
|switch|p1a: Zamazenta|Zamazenta|100/100
|-activate|p1a: Zamazenta|move: Sticky Web
|-unboost|p1a: Zamazenta|spe|1
|-ability|p1a: Zamazenta|Dauntless Shield|boost
|-boost|p1a: Zamazenta|def|1
|move|p2a: SUPA|Sucker Punch||[still]
|-fail|p2a: SUPA
|
|upkeep
|turn|9
|
|t:|1769386638
|-end|p2a: SUPA|fallen1|[silent]
|switch|p2a: QUIL|Araquanid, F|57/100
|-damage|p2a: QUIL|32/100|[from] Stealth Rock
|move|p1a: Zamazenta|Close Combat|p2a: QUIL
|-resisted|p2a: QUIL
|-crit|p2a: QUIL
|-damage|p2a: QUIL|0 fnt
|-unboost|p1a: Zamazenta|def|1
|-unboost|p1a: Zamazenta|spd|1
|faint|p2a: QUIL
|
|upkeep
|
|t:|1769386647
|switch|p2a: TREE?|Gholdengo|23/100
|-damage|p2a: TREE?|17/100|[from] Stealth Rock
|turn|10
|
|t:|1769386651
|move|p1a: Zamazenta|Crunch|p2a: TREE?
|-supereffective|p2a: TREE?
|-damage|p2a: TREE?|0 fnt
|faint|p2a: TREE?
|
|-fieldend|move: Trick Room
|upkeep
|
|t:|1769386669
|switch|p2a: CALA|Iron Moth|100/100
|-damage|p2a: CALA|76/100|[from] Stealth Rock
|-enditem|p2a: CALA|Booster Energy
|-activate|p2a: CALA|ability: Quark Drive|[fromitem]
|-start|p2a: CALA|quarkdrivespa
|turn|11
|
|t:|1769386674
|switch|p1a: Volcanion|Volcanion|100/100
|-activate|p1a: Volcanion|move: Sticky Web
|-unboost|p1a: Volcanion|spe|1
|move|p2a: CALA|Fiery Dance|p1a: Volcanion
|-resisted|p1a: Volcanion
|-damage|p1a: Volcanion|90/100
|-boost|p2a: CALA|spa|1
|
|upkeep
|turn|12
|
|t:|1769386689
|-terastallize|p2a: CALA|Grass
|move|p2a: CALA|Energy Ball|p1a: Volcanion
|-damage|p1a: Volcanion|10/100
|move|p1a: Volcanion|Steam Eruption|p2a: CALA
|-resisted|p2a: CALA
|-damage|p2a: CALA|44/100
|
|upkeep
|turn|13
|
|t:|1769386698
|move|p2a: CALA|Fiery Dance|p1a: Volcanion
|-resisted|p1a: Volcanion
|-damage|p1a: Volcanion|0 fnt
|faint|p1a: Volcanion
|
|upkeep
|
|t:|1769386702
|switch|p1a: Diancie|Diancie|100/100
|-activate|p1a: Diancie|move: Sticky Web
|-fail|p1a: Diancie|unboost|[from] ability: Clear Body|[of] p1a: Diancie
|turn|14
|
|t:|1769386709
|-terastallize|p1a: Diancie|Fighting
|move|p2a: CALA|Energy Ball|p1a: Diancie
|-damage|p1a: Diancie|28/100
|move|p1a: Diancie|Body Press|p2a: CALA
|-damage|p2a: CALA|0 fnt
|faint|p2a: CALA
|-end|p2a: CALA|Quark Drive|[silent]
|
|-heal|p1a: Diancie|34/100|[from] item: Leftovers
|upkeep
|
|t:|1769386720
|switch|p2a: DELI|Raging Bolt|100/100
|-damage|p2a: DELI|88/100|[from] Stealth Rock
|-enditem|p2a: DELI|Booster Energy
|-activate|p2a: DELI|ability: Protosynthesis|[fromitem]
|-start|p2a: DELI|protosynthesisspa
|turn|15
|
|t:|1769386724
|move|p2a: DELI|Dragon Pulse|p1a: Diancie
|-damage|p1a: Diancie|0 fnt
|faint|p1a: Diancie
|
|upkeep
|
|t:|1769386733
|switch|p1a: Hoopa|Hoopa-Unbound|48/100
|-activate|p1a: Hoopa|move: Sticky Web
|-unboost|p1a: Hoopa|spe|1
|turn|16
|
|t:|1769386740
|move|p2a: DELI|Thunderbolt|p1a: Hoopa
|-damage|p1a: Hoopa|0 fnt
|faint|p1a: Hoopa
|
|upkeep
|
|t:|1769386743
|switch|p1a: Zamazenta|Zamazenta|100/100
|-activate|p1a: Zamazenta|move: Sticky Web
|-unboost|p1a: Zamazenta|spe|1
|turn|17
|
|t:|1769386757
|move|p1a: Zamazenta|Close Combat|p2a: DELI
|-damage|p2a: DELI|29/100
|-unboost|p1a: Zamazenta|def|1
|-unboost|p1a: Zamazenta|spd|1
|move|p2a: DELI|Thunderbolt|p1a: Zamazenta
|-damage|p1a: Zamazenta|5/100
|-status|p1a: Zamazenta|par
|
|-heal|p1a: Zamazenta|11/100 par|[from] item: Leftovers
|upkeep
|turn|18
|
|t:|1769386761
|move|p2a: DELI|Thunderbolt|p1a: Zamazenta
|-damage|p1a: Zamazenta|0 fnt
|faint|p1a: Zamazenta
|
|upkeep
|
|t:|1769386763
|switch|p1a: Kyurem|Kyurem|100/100
|-activate|p1a: Kyurem|move: Sticky Web
|-unboost|p1a: Kyurem|spe|1
|-ability|p1a: Kyurem|Pressure
|turn|19
|
|t:|1769386768
|move|p2a: DELI|Dragon Pulse|p1a: Kyurem
|-supereffective|p1a: Kyurem
|-damage|p1a: Kyurem|0 fnt
|faint|p1a: Kyurem
|
|win|kielsama
|raw|GODKUD's rating: 1692 &rarr; <strong>1672</strong><br />(-20 for losing)
|raw|kielsama's rating: 1691 &rarr; <strong>1711</strong><br />(+20 for winning)
|l|☆GODKUD
|player|p1|
|l|☆kielsama
|player|p2|
