|j|☆bsgff
|j|☆derbua
|t:|1769326028
|gametype|singles
|player|p1|bsgff|hilbert|1169
|player|p2|derbua|1|1158
|gen|9
|tier|[Gen 9] OU
|rated|
|rule|HP Percentage Mod: HP is shown in percentages
|rule|Endless Battle Clause: Forcing endless battles is banned
|rule|Species Clause: Limit one of each Pokémon
|rule|OHKO Clause: OHKO moves are banned
|rule|Evasion Items Clause: Evasion items are banned
|rule|Evasion Moves Clause: Evasion moves are banned
|rule|Evasion Abilities Clause: Evasion abilities are banned
|rule|Sleep Moves Clause: Sleep-inducing moves are banned
|clearpoke
|poke|p1|Corviknight, M|
|poke|p1|Garchomp, M|
|poke|p1|Snorlax, M|
|poke|p1|Alomomola, F|
|poke|p1|Darkrai|
|poke|p1|Hatterene, F|
|poke|p2|Rillaboom, F|
|poke|p2|Hawlucha, F|
|poke|p2|Heatran, M|
|poke|p2|Great Tusk|
|poke|p2|Hatterene, F|
|poke|p2|Milotic, M|
|teampreview
|inactive|Battle timer is ON: inactive players will automatically lose when time's up. (requested by bsgff)
|inactive|derbua has 120 seconds left.
|
|t:|1769326065
|teamsize|p1|6
|teamsize|p2|6
|start
|switch|p1a: Darkrai|Darkrai|100/100
|switch|p2a: Rillaboom|Rillaboom, F|100/100
|-fieldstart|move: Grassy Terrain|[from] ability: Grassy Surge|[of] p2a: Rillaboom
|turn|1
|
|t:|1769326078
|switch|p2a: Heatran|Heatran, M|100/100
|-terastallize|p1a: Darkrai|Poison
|move|p1a: Darkrai|Sludge Bomb|p2a: Heatran
|-immune|p2a: Heatran
|
|upkeep
|turn|2
|
|t:|1769326085
|switch|p1a: Snorlax|Snorlax, M|100/100
|move|p2a: Heatran|Stealth Rock|p1a: Snorlax
|-sidestart|p1: bsgff|move: Stealth Rock
|
|upkeep
|turn|3
|
|t:|1769326106
|switch|p2a: Hawlucha|Hawlucha, F|100/100
|-enditem|p2a: Hawlucha|Grassy Seed
|-boost|p2a: Hawlucha|def|1|[from] item: Grassy Seed
|move|p1a: Snorlax|Body Slam|p2a: Hawlucha
|-damage|p2a: Hawlucha|66/100
|
|upkeep
|turn|4
|
|t:|1769326115
|move|p2a: Hawlucha|Swords Dance|p2a: Hawlucha
|-boost|p2a: Hawlucha|atk|2
|move|p1a: Snorlax|Body Slam|p2a: Hawlucha
|-damage|p2a: Hawlucha|28/100
|
|upkeep
|turn|5
|
|t:|1769326122
|switch|p1a: Garchomp|Garchomp, M|100/100
|-damage|p1a: Garchomp|94/100|[from] Stealth Rock
|move|p2a: Hawlucha|Close Combat|p1a: Garchomp
|-damage|p1a: Garchomp|19/100
|-unboost|p2a: Hawlucha|def|1
|-unboost|p2a: Hawlucha|spd|1
|-damage|p2a: Hawlucha|15/100|[from] ability: Rough Skin|[of] p1a: Garchomp
|-damage|p2a: Hawlucha|0 fnt|[from] item: Rocky Helmet|[of] p1a: Garchomp
|faint|p2a: Hawlucha
|
|-heal|p1a: Garchomp|26/100|[from] Grassy Terrain
|upkeep
|
|t:|1769326136
|switch|p2a: Rillaboom|Rillaboom, F|100/100
|turn|6
|
|t:|1769326146
|switch|p1a: Corviknight|Corviknight, M, shiny|100/100
|-damage|p1a: Corviknight|88/100|[from] Stealth Rock
|-ability|p1a: Corviknight|Pressure
|switch|p2a: Hatterene|Hatterene, F|100/100
|-enditem|p2a: Hatterene|Grassy Seed
|-boost|p2a: Hatterene|def|1|[from] item: Grassy Seed
|
|-heal|p1a: Corviknight|94/100|[from] item: Leftovers
|upkeep
|turn|7
|
|t:|1769326167
|switch|p1a: Snorlax|Snorlax, M|100/100
|-damage|p1a: Snorlax|88/100|[from] Stealth Rock
|-terastallize|p2a: Hatterene|Steel
|move|p2a: Hatterene|Calm Mind|p2a: Hatterene
|-boost|p2a: Hatterene|spa|1
|-boost|p2a: Hatterene|spd|1
|
|-heal|p1a: Snorlax|94/100|[from] Grassy Terrain
|upkeep
|turn|8
|
|t:|1769326176
|move|p2a: Hatterene|Agility|p2a: Hatterene
|-boost|p2a: Hatterene|spe|2
|move|p1a: Snorlax|Hammer Arm|p2a: Hatterene
|-supereffective|p2a: Hatterene
|-damage|p2a: Hatterene|65/100
|-unboost|p1a: Snorlax|spe|1
|
|-heal|p2a: Hatterene|71/100|[from] Grassy Terrain
|-heal|p1a: Snorlax|100/100|[from] Grassy Terrain
|-fieldend|move: Grassy Terrain
|upkeep
|turn|9
|
|t:|1769326188
|move|p2a: Hatterene|Calm Mind|p2a: Hatterene
|-boost|p2a: Hatterene|spa|1
|-boost|p2a: Hatterene|spd|1
|move|p1a: Snorlax|Earthquake|p2a: Hatterene
|-supereffective|p2a: Hatterene
|-damage|p2a: Hatterene|34/100
|
|upkeep
|turn|10
|
|t:|1769326194
|move|p2a: Hatterene|Stored Power|p1a: Snorlax
|-damage|p1a: Snorlax|38/100
|move|p1a: Snorlax|Earthquake|p2a: Hatterene
|-supereffective|p2a: Hatterene
|-damage|p2a: Hatterene|0 fnt
|faint|p2a: Hatterene
|
|upkeep
|
|t:|1769326203
|switch|p2a: Rillaboom|Rillaboom, F|100/100
|-fieldstart|move: Grassy Terrain|[from] ability: Grassy Surge|[of] p2a: Rillaboom
|turn|11
|
|t:|1769326217
|switch|p1a: Corviknight|Corviknight, M, shiny|94/100
|-damage|p1a: Corviknight|82/100|[from] Stealth Rock
|-ability|p1a: Corviknight|Pressure
|move|p2a: Rillaboom|Low Kick|p1a: Corviknight
|-damage|p1a: Corviknight|60/100
|
|-heal|p1a: Corviknight|66/100|[from] item: Leftovers
|upkeep
|turn|12
|
|t:|1769326227
|switch|p1a: Snorlax|Snorlax, M|38/100
|-damage|p1a: Snorlax|26/100|[from] Stealth Rock
|move|p2a: Rillaboom|Knock Off|p1a: Snorlax
|-damage|p1a: Snorlax|0 fnt
|-enditem|p1a: Snorlax|Assault Vest|[from] move: Knock Off|[of] p2a: Rillaboom
|faint|p1a: Snorlax
|
|upkeep
|
|t:|1769326235
|switch|p1a: Darkrai|Darkrai, tera:Poison|100/100
|-damage|p1a: Darkrai|88/100|[from] Stealth Rock
|turn|13
|inactive|derbua has 120 seconds left.
|
|t:|1769326279
|switch|p2a: Heatran|Heatran, M|100/100
|move|p1a: Darkrai|Dark Pulse|p2a: Heatran
|-damage|p2a: Heatran|76/100
|
|-heal|p1a: Darkrai|94/100|[from] Grassy Terrain
|-heal|p2a: Heatran|82/100|[from] Grassy Terrain
|-heal|p2a: Heatran|88/100|[from] item: Leftovers
|upkeep
|turn|14
|
|t:|1769326289
|switch|p1a: Alomomola|Alomomola, F|100/100
|move|p2a: Heatran|Magma Storm|p1a: Alomomola
|-resisted|p1a: Alomomola
|-damage|p1a: Alomomola|84/100
|-activate|p1a: Alomomola|move: Magma Storm|[of] p2a: Heatran
|
|-heal|p2a: Heatran|94/100|[from] Grassy Terrain
|-heal|p2a: Heatran|100/100|[from] item: Leftovers
|-heal|p1a: Alomomola|90/100|[from] Grassy Terrain
|-damage|p1a: Alomomola|77/100|[from] move: Magma Storm|[partiallytrapped]
|upkeep
|turn|15
|inactive|derbua has 120 seconds left.
|
|t:|1769326300
|move|p2a: Heatran|Taunt|p1a: Alomomola
|-start|p1a: Alomomola|move: Taunt
|cant|p1a: Alomomola|move: Taunt|Wish
|
|-heal|p1a: Alomomola|84/100|[from] Grassy Terrain
|-damage|p1a: Alomomola|71/100|[from] move: Magma Storm|[partiallytrapped]
|upkeep
|turn|16
|inactive|derbua has 120 seconds left.
|
|t:|1769326307
|move|p2a: Heatran|Earth Power|p1a: Alomomola
|-damage|p1a: Alomomola|53/100
|move|p1a: Alomomola|Mirror Coat|p2a: Heatran
|-damage|p2a: Heatran|52/100
|
|-heal|p2a: Heatran|58/100|[from] Grassy Terrain
|-heal|p2a: Heatran|64/100|[from] item: Leftovers
|-heal|p1a: Alomomola|59/100|[from] Grassy Terrain
|-damage|p1a: Alomomola|47/100|[from] move: Magma Storm|[partiallytrapped]
|upkeep
|turn|17
|inactive|derbua has 120 seconds left.
|
|t:|1769326326
|move|p2a: Heatran|Taunt||[still]
|-fail|p2a: Heatran
|move|p1a: Alomomola|Flip Turn|p2a: Heatran
|-supereffective|p2a: Heatran
|-damage|p2a: Heatran|34/100
|
|t:|1769326331
|switch|p1a: Garchomp|Garchomp, M|26/100|[from] Flip Turn
|-damage|p1a: Garchomp|19/100|[from] Stealth Rock
|
|-heal|p1a: Garchomp|26/100|[from] Grassy Terrain
|-heal|p2a: Heatran|40/100|[from] Grassy Terrain
|-heal|p2a: Heatran|47/100|[from] item: Leftovers
|upkeep
|turn|18
|inactive|derbua has 120 seconds left.
|
|t:|1769326341
|switch|p2a: Great Tusk|Great Tusk|100/100
|-enditem|p2a: Great Tusk|Booster Energy
|-activate|p2a: Great Tusk|ability: Protosynthesis|[fromitem]
|-start|p2a: Great Tusk|protosynthesisspe
|move|p1a: Garchomp|Earthquake|p2a: Great Tusk
|-damage|p2a: Great Tusk|87/100
|
|-heal|p2a: Great Tusk|93/100|[from] Grassy Terrain
|-heal|p1a: Garchomp|32/100|[from] Grassy Terrain
|-fieldend|move: Grassy Terrain
|upkeep
|turn|19
|
|t:|1769326353
|switch|p1a: Hatterene|Hatterene, F, shiny|100/100
|-damage|p1a: Hatterene|88/100|[from] Stealth Rock
|move|p2a: Great Tusk|Ice Spinner|p1a: Hatterene
|-damage|p1a: Hatterene|68/100
|
|-heal|p1a: Hatterene|74/100|[from] item: Leftovers
|upkeep
|turn|20
|
|t:|1769326366
|-end|p2a: Great Tusk|Protosynthesis|[silent]
|switch|p2a: Heatran|Heatran, M|47/100
|move|p1a: Hatterene|Nuzzle|p2a: Heatran
|-damage|p2a: Heatran|43/100
|-status|p2a: Heatran|par
|
|-heal|p2a: Heatran|49/100 par|[from] item: Leftovers
|-heal|p1a: Hatterene|80/100|[from] item: Leftovers
|upkeep
|turn|21
|
|t:|1769326380
|switch|p1a: Alomomola|Alomomola, F|80/100
|move|p2a: Heatran|Magma Storm|p1a: Alomomola
|-resisted|p1a: Alomomola
|-damage|p1a: Alomomola|64/100
|-activate|p1a: Alomomola|move: Magma Storm|[of] p2a: Heatran
|
|-heal|p2a: Heatran|55/100 par|[from] item: Leftovers
|-damage|p1a: Alomomola|51/100|[from] move: Magma Storm|[partiallytrapped]
|upkeep
|turn|22
|
|t:|1769326392
|move|p1a: Alomomola|Flip Turn|p2a: Heatran
|-supereffective|p2a: Heatran
|-damage|p2a: Heatran|28/100 par
|
|t:|1769326405
|switch|p1a: Corviknight|Corviknight, M, shiny|66/100|[from] Flip Turn
|-damage|p1a: Corviknight|54/100|[from] Stealth Rock
|-ability|p1a: Corviknight|Pressure
|cant|p2a: Heatran|par
|
|-heal|p1a: Corviknight|60/100|[from] item: Leftovers
|-heal|p2a: Heatran|35/100 par|[from] item: Leftovers
|upkeep
|turn|23
|inactive|derbua has 120 seconds left.
|inactive|derbua has 90 seconds left.
|
|t:|1769326458
|move|p1a: Corviknight|Substitute|p1a: Corviknight
|-start|p1a: Corviknight|Substitute
|-damage|p1a: Corviknight|35/100
|move|p2a: Heatran|Taunt|p1a: Corviknight
|-start|p1a: Corviknight|move: Taunt
|
|-heal|p1a: Corviknight|41/100|[from] item: Leftovers
|-heal|p2a: Heatran|41/100 par|[from] item: Leftovers
|upkeep
|turn|24
|
|t:|1769326481
|move|p1a: Corviknight|Brave Bird|p2a: Heatran
|-resisted|p2a: Heatran
|-damage|p2a: Heatran|26/100 par
|-damage|p1a: Corviknight|36/100|[from] Recoil
|move|p2a: Heatran|Magma Storm|p1a: Corviknight
|-supereffective|p1a: Corviknight
|-end|p1a: Corviknight|Substitute
|
|-heal|p1a: Corviknight|43/100|[from] item: Leftovers
|-heal|p2a: Heatran|32/100 par|[from] item: Leftovers
|upkeep
|turn|25
|inactive|derbua has 90 seconds left.
|inactive|bsgff has 120 seconds left.
|
|t:|1769326522
|switch|p1a: Alomomola|Alomomola, F|85/100
|move|p2a: Heatran|Magma Storm|p1a: Alomomola
|-resisted|p1a: Alomomola
|-damage|p1a: Alomomola|68/100
|-activate|p1a: Alomomola|move: Magma Storm|[of] p2a: Heatran
|
|-heal|p2a: Heatran|38/100 par|[from] item: Leftovers
|-damage|p1a: Alomomola|55/100|[from] move: Magma Storm|[partiallytrapped]
|upkeep
|turn|26
|
|t:|1769326534
|switch|p2a: Rillaboom|Rillaboom, F|100/100
|-fieldstart|move: Grassy Terrain|[from] ability: Grassy Surge|[of] p2a: Rillaboom
|move|p1a: Alomomola|Wish|p1a: Alomomola
|
|-heal|p1a: Alomomola|61/100|[from] Grassy Terrain
|-end|p1a: Alomomola|Magma Storm|[partiallytrapped]|[silent]
|upkeep
|turn|27
|
|t:|1769326545
|switch|p1a: Corviknight|Corviknight, M, shiny|43/100
|-damage|p1a: Corviknight|30/100|[from] Stealth Rock
|-ability|p1a: Corviknight|Pressure
|move|p2a: Rillaboom|Knock Off|p1a: Corviknight
|-damage|p1a: Corviknight|2/100
|-enditem|p1a: Corviknight|Leftovers|[from] move: Knock Off|[of] p2a: Rillaboom
|
|-heal|p1a: Corviknight|67/100|[from] move: Wish|[wisher] Alomomola
|upkeep
|turn|28
|
|t:|1769326558
|move|p2a: Rillaboom|U-turn|p1a: Corviknight
|-resisted|p1a: Corviknight
|-damage|p1a: Corviknight|62/100
|
|t:|1769326562
|switch|p2a: Heatran|Heatran, M|38/100 par|[from] U-turn
|move|p1a: Corviknight|Substitute|p1a: Corviknight
|-start|p1a: Corviknight|Substitute
|-damage|p1a: Corviknight|37/100
|
|-heal|p2a: Heatran|45/100 par|[from] Grassy Terrain
|-heal|p2a: Heatran|51/100 par|[from] item: Leftovers
|upkeep
|turn|29
|inactive|bsgff has 120 seconds left.
|
|t:|1769326572
|move|p1a: Corviknight|Taunt|p2a: Heatran
|-start|p2a: Heatran|move: Taunt
|cant|p2a: Heatran|par
|
|-heal|p2a: Heatran|57/100 par|[from] Grassy Terrain
|-heal|p2a: Heatran|63/100 par|[from] item: Leftovers
|upkeep
|turn|30
|
|t:|1769326580
|move|p1a: Corviknight|Roost|p1a: Corviknight
|-heal|p1a: Corviknight|87/100
|-singleturn|p1a: Corviknight|move: Roost
|cant|p2a: Heatran|par
|
|-heal|p1a: Corviknight|94/100|[from] Grassy Terrain
|-heal|p2a: Heatran|69/100 par|[from] Grassy Terrain
|-heal|p2a: Heatran|76/100 par|[from] item: Leftovers
|upkeep
|turn|31
|inactive|derbua has 90 seconds left.
|
|t:|1769326591
|move|p1a: Corviknight|Substitute|p1a: Corviknight
|-fail|p1a: Corviknight|move: Substitute
|move|p2a: Heatran|Magma Storm|p1a: Corviknight
|-supereffective|p1a: Corviknight
|-end|p1a: Corviknight|Substitute
|
|-heal|p2a: Heatran|82/100 par|[from] Grassy Terrain
|-heal|p2a: Heatran|88/100 par|[from] item: Leftovers
|-end|p2a: Heatran|move: Taunt
|upkeep
|turn|32
|inactive|derbua has 90 seconds left.
|
|t:|1769326600
|move|p1a: Corviknight|Substitute|p1a: Corviknight
|-start|p1a: Corviknight|Substitute
|-damage|p1a: Corviknight|69/100
|move|p2a: Heatran|Magma Storm|p1a: Corviknight
|-supereffective|p1a: Corviknight
|-end|p1a: Corviknight|Substitute
|
|-heal|p2a: Heatran|94/100 par|[from] Grassy Terrain
|-heal|p2a: Heatran|100/100 par|[from] item: Leftovers
|upkeep
|turn|33
|-message|derbua forfeited.
|
|win|bsgff
|raw|bsgff's rating: 1169 &rarr; <strong>1193</strong><br />(+24 for winning)
|raw|derbua's rating: 1158 &rarr; <strong>1134</strong><br />(-24 for losing)
|l|☆derbua
|player|p2|
