|j|☆velcrostuck
|j|☆scarlet chains
|t:|1769443997
|gametype|singles
|player|p1|velcrostuck|marlon|1436
|player|p2|scarlet chains|102|1475
|gen|9
|tier|[Gen 9] OU
|rated|
|rule|HP Percentage Mod: HP is shown in percentages
|rule|Endless Battle Clause: Forcing endless battles is banned
|rule|Species Clause: Limit one of each Pokémon
|rule|OHKO Clause: OHKO moves are banned
|rule|Evasion Items Clause: Evasion items are banned
|rule|Evasion Moves Clause: Evasion moves are banned
|rule|Evasion Abilities Clause: Evasion abilities are banned
|rule|Sleep Moves Clause: Sleep-inducing moves are banned
|clearpoke
|poke|p1|Lokix, F|
|poke|p1|Pecharunt|
|poke|p1|Ting-Lu|
|poke|p1|Latios, M|
|poke|p1|Gliscor, M|
|poke|p1|Iron Moth|
|poke|p2|Rillaboom, F|
|poke|p2|Salamence, F|
|poke|p2|Glimmora, M|
|poke|p2|Alomomola, F|
|poke|p2|Iron Crown|
|poke|p2|Lycanroc-Dusk, F|
|teampreview
|inactive|Battle timer is ON: inactive players will automatically lose when time's up. (requested by velcrostuck)
|inactive|velcrostuck has 120 seconds left.
|inactive|scarlet chains has 120 seconds left.
|
|t:|1769444046
|teamsize|p1|6
|teamsize|p2|6
|start
|switch|p1a: Latios|Latios, M|100/100
|switch|p2a: Salamence|Salamence, F|100/100
|turn|1
|
|t:|1769444053
|switch|p2a: Alomomola|Alomomola, F|100/100
|move|p1a: Latios|Ice Beam|p2a: Alomomola
|-resisted|p2a: Alomomola
|-damage|p2a: Alomomola|93/100
|
|upkeep
|turn|2
|
|t:|1769444058
|move|p1a: Latios|Psychic Noise|p2a: Alomomola
|-damage|p2a: Alomomola|69/100
|-start|p2a: Alomomola|move: Heal Block
|move|p2a: Alomomola|Flip Turn|p1a: Latios
|-resisted|p1a: Latios
|-damage|p1a: Latios|89/100
|
|t:|1769444082
|switch|p2a: Rillaboom|Rillaboom, F|100/100|[from] Flip Turn
|-fieldstart|move: Grassy Terrain|[from] ability: Grassy Surge|[of] p2a: Rillaboom
|
|upkeep
|turn|3
|
|t:|1769444090
|switch|p1a: Pecharunt|Pecharunt|100/100
|move|p2a: Rillaboom|U-turn|p1a: Pecharunt
|-resisted|p1a: Pecharunt
|-damage|p1a: Pecharunt|96/100
|
|t:|1769444101
|switch|p2a: Iron Crown|Iron Crown|100/100|[from] U-turn
|-enditem|p2a: Iron Crown|Booster Energy
|-activate|p2a: Iron Crown|ability: Quark Drive|[fromitem]
|-start|p2a: Iron Crown|quarkdrivespe
|
|-heal|p1a: Pecharunt|100/100|[from] Grassy Terrain
|upkeep
|turn|4
|
|t:|1769444108
|switch|p1a: Ting-Lu|Ting-Lu|100/100
|-ability|p1a: Ting-Lu|Vessel of Ruin
|move|p2a: Iron Crown|Calm Mind|p2a: Iron Crown
|-boost|p2a: Iron Crown|spa|1
|-boost|p2a: Iron Crown|spd|1
|
|upkeep
|turn|5
|
|t:|1769444115
|move|p2a: Iron Crown|Focus Blast|p1a: Ting-Lu
|-supereffective|p1a: Ting-Lu
|-damage|p1a: Ting-Lu|51/100
|move|p1a: Ting-Lu|Ruination|p2a: Iron Crown
|-damage|p2a: Iron Crown|51/100
|
|-heal|p2a: Iron Crown|57/100|[from] Grassy Terrain
|-heal|p1a: Ting-Lu|57/100|[from] Grassy Terrain
|-heal|p1a: Ting-Lu|63/100|[from] item: Leftovers
|upkeep
|turn|6
|
|t:|1769444123
|move|p2a: Iron Crown|Focus Blast|p1a: Ting-Lu
|-supereffective|p1a: Ting-Lu
|-damage|p1a: Ting-Lu|13/100
|move|p1a: Ting-Lu|Earthquake|p2a: Iron Crown
|-supereffective|p2a: Iron Crown
|-damage|p2a: Iron Crown|19/100
|
|-heal|p2a: Iron Crown|25/100|[from] Grassy Terrain
|-heal|p1a: Ting-Lu|19/100|[from] Grassy Terrain
|-heal|p1a: Ting-Lu|25/100|[from] item: Leftovers
|-fieldend|move: Grassy Terrain
|upkeep
|turn|7
|
|t:|1769444133
|move|p2a: Iron Crown|Focus Blast|p1a: Ting-Lu
|-supereffective|p1a: Ting-Lu
|-damage|p1a: Ting-Lu|0 fnt
|faint|p1a: Ting-Lu
|
|upkeep
|
|t:|1769444137
|switch|p1a: Lokix|Lokix, F|100/100
|turn|8
|
|t:|1769444153
|-end|p2a: Iron Crown|Quark Drive|[silent]
|switch|p2a: Lycanroc|Lycanroc-Dusk, F|100/100
|move|p1a: Lokix|First Impression|p2a: Lycanroc
|-damage|p2a: Lycanroc|24/100
|
|upkeep
|turn|9
|inactive|velcrostuck has 120 seconds left.
|
|t:|1769444202
|move|p1a: Lokix|Sucker Punch||[still]
|-fail|p1a: Lokix
|move|p2a: Lycanroc|Swords Dance|p2a: Lycanroc
|-boost|p2a: Lycanroc|atk|2
|
|upkeep
|turn|10
|inactive|scarlet chains has 120 seconds left.
|
|t:|1769444244
|switch|p1a: Pecharunt|Pecharunt|100/100
|move|p2a: Lycanroc|Stone Edge|p1a: Pecharunt
|-damage|p1a: Pecharunt|52/100
|
|upkeep
|turn|11
|
|t:|1769444254
|move|p2a: Lycanroc|Stone Edge|p1a: Pecharunt
|-damage|p1a: Pecharunt|3/100
|move|p1a: Pecharunt|Foul Play|p2a: Lycanroc
|-damage|p2a: Lycanroc|0 fnt
|faint|p2a: Lycanroc
|
|upkeep
|inactive|scarlet chains has 120 seconds left.
|
|t:|1769444264
|switch|p2a: Glimmora|Glimmora, M|100/100
|turn|12
|inactive|velcrostuck has 120 seconds left.
|
|t:|1769444273
|move|p2a: Glimmora|Meteor Beam||[still]
|-prepare|p2a: Glimmora|Meteor Beam
|-boost|p2a: Glimmora|spa|1
|-enditem|p2a: Glimmora|Power Herb
|-anim|p2a: Glimmora|Meteor Beam|p1a: Pecharunt
|-damage|p1a: Pecharunt|0 fnt
|faint|p1a: Pecharunt
|
|upkeep
|inactive|velcrostuck has 120 seconds left.
|
|t:|1769444306
|switch|p1a: Latios|Latios, M|89/100
|turn|13
|
|t:|1769444318
|switch|p2a: Alomomola|Alomomola, F|100/100
|move|p1a: Latios|Psychic Noise|p2a: Alomomola
|-damage|p2a: Alomomola|77/100
|-start|p2a: Alomomola|move: Heal Block
|
|upkeep
|turn|14
|inactive|velcrostuck has 90 seconds left.
|
|t:|1769444351
|move|p1a: Latios|Draco Meteor|p2a: Alomomola
|-damage|p2a: Alomomola|37/100
|-unboost|p1a: Latios|spa|2
|move|p2a: Alomomola|Flip Turn|p1a: Latios
|-resisted|p1a: Latios
|-damage|p1a: Latios|77/100
|inactive|scarlet chains has 120 seconds left.
|
|t:|1769444381
|switch|p2a: Rillaboom|Rillaboom, F|100/100|[from] Flip Turn
|-fieldstart|move: Grassy Terrain|[from] ability: Grassy Surge|[of] p2a: Rillaboom
|
|upkeep
|turn|15
|inactive|velcrostuck has 90 seconds left.
|
|t:|1769444391
|switch|p1a: Gliscor|Gliscor, M|100/100
|move|p2a: Rillaboom|Knock Off|p1a: Gliscor
|-damage|p1a: Gliscor|62/100
|-enditem|p1a: Gliscor|Toxic Orb|[from] move: Knock Off|[of] p2a: Rillaboom
|
|upkeep
|turn|16
|
|t:|1769444404
|switch|p2a: Alomomola|Alomomola, F|70/100
|move|p1a: Gliscor|Toxic|p2a: Alomomola
|-status|p2a: Alomomola|tox
|
|-heal|p2a: Alomomola|76/100 tox|[from] Grassy Terrain
|-damage|p2a: Alomomola|70/100 tox|[from] psn
|upkeep
|turn|17
|inactive|velcrostuck has 90 seconds left.
|
|t:|1769444444
|move|p1a: Gliscor|Knock Off|p2a: Alomomola
|-damage|p2a: Alomomola|54/100 tox
|-enditem|p2a: Alomomola|Assault Vest|[from] move: Knock Off|[of] p1a: Gliscor
|move|p2a: Alomomola|Flip Turn|p1a: Gliscor
|-supereffective|p1a: Gliscor
|-damage|p1a: Gliscor|32/100
|
|t:|1769444455
|switch|p2a: Salamence|Salamence, F|100/100|[from] Flip Turn
|
|upkeep
|turn|18
|inactive|velcrostuck has 60 seconds left.
|
|t:|1769444490
|move|p2a: Salamence|Dual Wingbeat|p1a: Gliscor
|-damage|p1a: Gliscor|9/100
|-damage|p1a: Gliscor|0 fnt
|faint|p1a: Gliscor
|-ability|p2a: Salamence|Moxie|boost
|-boost|p2a: Salamence|atk|1
|-hitcount|p1: Gliscor|2
|
|-fieldend|move: Grassy Terrain
|upkeep
|
|t:|1769444497
|switch|p1a: Latios|Latios, M|77/100
|turn|19
|
|t:|1769444501
|switch|p2a: Alomomola|Alomomola, F|87/100 tox
|move|p1a: Latios|Ice Beam|p2a: Alomomola
|-resisted|p2a: Alomomola
|-damage|p2a: Alomomola|75/100 tox
|
|-damage|p2a: Alomomola|69/100 tox|[from] psn
|upkeep
|turn|20
|inactive|velcrostuck has 60 seconds left.
|
|t:|1769444511
|move|p1a: Latios|Psychic Noise|p2a: Alomomola
|-damage|p2a: Alomomola|32/100 tox
|-start|p2a: Alomomola|move: Heal Block
|move|p2a: Alomomola|Mirror Coat|p1a: Latios
|-damage|p1a: Latios|0 fnt
|faint|p1a: Latios
|
|-damage|p2a: Alomomola|19/100 tox|[from] psn
|upkeep
|
|t:|1769444520
|switch|p1a: Lokix|Lokix, F|100/100
|turn|21
|
|t:|1769444524
|switch|p2a: Iron Crown|Iron Crown|25/100
|move|p1a: Lokix|First Impression|p2a: Iron Crown
|-damage|p2a: Iron Crown|0 fnt
|faint|p2a: Iron Crown
|-end|p2a: Iron Crown|Quark Drive|[silent]
|
|upkeep
|
|t:|1769444530
|switch|p2a: Salamence|Salamence, F|100/100
|turn|22
|inactive|velcrostuck has 60 seconds left.
|
|t:|1769444557
|-terastallize|p2a: Salamence|Flying
|move|p2a: Salamence|Dual Wingbeat|p1a: Lokix
|-supereffective|p1a: Lokix
|-damage|p1a: Lokix|0 fnt
|faint|p1a: Lokix
|-ability|p2a: Salamence|Moxie|boost
|-boost|p2a: Salamence|atk|1
|-hitcount|p1: Lokix|1
|
|upkeep
|-message|velcrostuck forfeited.
|
|win|scarlet chains
|raw|velcrostuck's rating: 1436 &rarr; <strong>1418</strong><br />(-18 for losing)
|raw|scarlet chains's rating: 1475 &rarr; <strong>1493</strong><br />(+18 for winning)
|l|☆velcrostuck
|player|p1|
|l|☆scarlet chains
|player|p2|
