|j|☆4hboh
|j|☆theQuestionMark
|t:|1769349622
|gametype|singles
|player|p1|4hboh|102|1230
|player|p2|theQuestionMark|scientist-gen4|1267
|gen|9
|tier|[Gen 9] OU
|rated|
|rule|HP Percentage Mod: HP is shown in percentages
|rule|Endless Battle Clause: Forcing endless battles is banned
|rule|Species Clause: Limit one of each Pokémon
|rule|OHKO Clause: OHKO moves are banned
|rule|Evasion Items Clause: Evasion items are banned
|rule|Evasion Moves Clause: Evasion moves are banned
|rule|Evasion Abilities Clause: Evasion abilities are banned
|rule|Sleep Moves Clause: Sleep-inducing moves are banned
|clearpoke
|poke|p1|Forretress, M|
|poke|p1|Hippowdon, M|
|poke|p1|Gastrodon, F|
|poke|p1|Appletun, F|
|poke|p1|Tsareena, F|
|poke|p1|Mabosstiff, M|
|poke|p2|Tyranitar, F|
|poke|p2|Greninja-*, F|
|poke|p2|Ting-Lu|
|poke|p2|Kingambit, F|
|poke|p2|Mandibuzz, F|
|poke|p2|Darkrai|
|teampreview
|
|t:|1769349626
|teamsize|p1|6
|teamsize|p2|6
|start
|switch|p1a: Forretress|Forretress, M|100/100
|switch|p2a: Tyranitar|Tyranitar, F|100/100
|-weather|Sandstorm|[from] ability: Sand Stream|[of] p2a: Tyranitar
|turn|1
|inactive|Battle timer is ON: inactive players will automatically lose when time's up. (requested by theQuestionMark)
|
|t:|1769349642
|move|p2a: Tyranitar|Stealth Rock|p1a: Forretress
|-sidestart|p1: 4hboh|move: Stealth Rock
|move|p1a: Forretress|Stealth Rock|p2a: Tyranitar
|-sidestart|p2: theQuestionMark|move: Stealth Rock
|
|-weather|Sandstorm|[upkeep]
|upkeep
|turn|2
|
|t:|1769349656
|move|p2a: Tyranitar|Knock Off|p1a: Forretress
|-damage|p1a: Forretress|74/100
|-enditem|p1a: Forretress|Leftovers|[from] move: Knock Off|[of] p2a: Tyranitar
|move|p1a: Forretress|Spikes|p2a: Tyranitar
|-sidestart|p2: theQuestionMark|Spikes
|
|-weather|Sandstorm|[upkeep]
|upkeep
|turn|3
|
|t:|1769349666
|move|p1a: Forretress|Spikes|p2a: Tyranitar
|-sidestart|p2: theQuestionMark|Spikes
|move|p2a: Tyranitar|Roar|p1a: Forretress
|drag|p1a: Hippowdon|Hippowdon, M|100/100
|-damage|p1a: Hippowdon|94/100|[from] Stealth Rock
|
|-weather|Sandstorm|[upkeep]
|upkeep
|turn|4
|
|t:|1769349676
|switch|p2a: Mandibuzz|Mandibuzz, F|100/100
|move|p1a: Hippowdon|Earthquake|p2a: Mandibuzz
|-immune|p2a: Mandibuzz
|
|-weather|Sandstorm|[upkeep]
|upkeep
|turn|5
|
|t:|1769349686
|move|p2a: Mandibuzz|Iron Defense|p2a: Mandibuzz
|-boost|p2a: Mandibuzz|def|2
|move|p1a: Hippowdon|Whirlwind|p2a: Mandibuzz
|drag|p2a: Kingambit|Kingambit, F|100/100
|-damage|p2a: Kingambit|94/100|[from] Stealth Rock
|-item|p2a: Kingambit|Air Balloon
|
|-weather|Sandstorm|[upkeep]
|upkeep
|turn|6
|
|t:|1769349701
|move|p2a: Kingambit|Swords Dance|p2a: Kingambit
|-boost|p2a: Kingambit|atk|2
|move|p1a: Hippowdon|Whirlwind|p2a: Kingambit
|-end|p2a: Kingambit|fallenundefined|[silent]
|drag|p2a: Darkrai|Darkrai|100/100
|-damage|p2a: Darkrai|88/100|[from] Stealth Rock
|-damage|p2a: Darkrai|72/100|[from] Spikes
|
|-weather|Sandstorm|[upkeep]
|upkeep
|turn|7
|
|t:|1769349713
|move|p2a: Darkrai|Dark Pulse|p1a: Hippowdon
|-damage|p1a: Hippowdon|51/100
|move|p1a: Hippowdon|Whirlwind|p2a: Darkrai
|drag|p2a: Greninja|Greninja, F|100/100
|-damage|p2a: Greninja|88/100|[from] Stealth Rock
|-damage|p2a: Greninja|72/100|[from] Spikes
|
|-weather|Sandstorm|[upkeep]
|-damage|p2a: Greninja|66/100|[from] Sandstorm
|upkeep
|turn|8
|
|t:|1769349729
|switch|p1a: Appletun|Appletun, F|100/100
|-damage|p1a: Appletun|88/100|[from] Stealth Rock
|move|p2a: Greninja|Ice Beam|p1a: Appletun
|-start|p2a: Greninja|typechange|Ice|[from] ability: Protean
|-supereffective|p1a: Appletun
|-damage|p1a: Appletun|0 fnt
|faint|p1a: Appletun
|
|-weather|none
|upkeep
|inactive|4hboh has 120 seconds left.
|
|t:|1769349747
|switch|p1a: Gastrodon|Gastrodon, F|100/100
|-damage|p1a: Gastrodon|94/100|[from] Stealth Rock
|turn|9
|inactive|4hboh has 120 seconds left.
|
|t:|1769349759
|switch|p2a: Tyranitar|Tyranitar, F|100/100
|-damage|p2a: Tyranitar|88/100|[from] Stealth Rock
|-damage|p2a: Tyranitar|72/100|[from] Spikes
|-weather|Sandstorm|[from] ability: Sand Stream|[of] p2a: Tyranitar
|move|p1a: Gastrodon|Earth Power|p2a: Tyranitar
|-supereffective|p2a: Tyranitar
|-damage|p2a: Tyranitar|45/100
|
|-weather|Sandstorm|[upkeep]
|-heal|p1a: Gastrodon|100/100|[from] item: Leftovers
|upkeep
|turn|10
|inactive|4hboh has 120 seconds left.
|
|t:|1769349775
|move|p2a: Tyranitar|Knock Off|p1a: Gastrodon
|-damage|p1a: Gastrodon|55/100
|-enditem|p1a: Gastrodon|Leftovers|[from] move: Knock Off|[of] p2a: Tyranitar
|move|p1a: Gastrodon|Earth Power|p2a: Tyranitar
|-supereffective|p2a: Tyranitar
|-damage|p2a: Tyranitar|19/100
|
|-weather|Sandstorm|[upkeep]
|upkeep
|turn|11
|
|t:|1769349789
|-terastallize|p2a: Tyranitar|Flying
|move|p1a: Gastrodon|Earth Power|p2a: Tyranitar
|-immune|p2a: Tyranitar
|move|p2a: Tyranitar|Roar|p1a: Gastrodon
|drag|p1a: Forretress|Forretress, M|74/100
|-damage|p1a: Forretress|62/100|[from] Stealth Rock
|
|-weather|Sandstorm|[upkeep]
|-damage|p2a: Tyranitar|13/100|[from] Sandstorm
|upkeep
|turn|12
|
|t:|1769349804
|move|p2a: Tyranitar|Ice Beam|p1a: Forretress
|-resisted|p1a: Forretress
|-damage|p1a: Forretress|49/100
|move|p1a: Forretress|Rapid Spin|p2a: Tyranitar
|-damage|p2a: Tyranitar|5/100
|-boost|p1a: Forretress|spe|1
|-sideend|p1: 4hboh|Stealth Rock|[from] move: Rapid Spin|[of] p1a: Forretress
|
|-weather|Sandstorm|[upkeep]
|-damage|p2a: Tyranitar|0 fnt|[from] Sandstorm
|faint|p2a: Tyranitar
|upkeep
|
|t:|1769349820
|switch|p2a: Ting-Lu|Ting-Lu|100/100
|-damage|p2a: Ting-Lu|94/100|[from] Stealth Rock
|-damage|p2a: Ting-Lu|78/100|[from] Spikes
|-ability|p2a: Ting-Lu|Vessel of Ruin
|turn|13
|
|t:|1769349830
|move|p2a: Ting-Lu|Ruination|p1a: Forretress
|-damage|p1a: Forretress|25/100
|move|p1a: Forretress|Spikes|p2a: Ting-Lu
|-sidestart|p2: theQuestionMark|Spikes
|
|-weather|Sandstorm|[upkeep]
|upkeep
|turn|14
|
|t:|1769349846
|switch|p1a: Hippowdon|Hippowdon, M|51/100
|move|p2a: Ting-Lu|Spikes|p1a: Hippowdon
|-sidestart|p1: 4hboh|Spikes
|
|-weather|Sandstorm|[upkeep]
|upkeep
|turn|15
|
|t:|1769349858
|move|p1a: Hippowdon|Slack Off|p1a: Hippowdon
|-heal|p1a: Hippowdon|100/100
|move|p2a: Ting-Lu|Spikes|p1a: Hippowdon
|-sidestart|p1: 4hboh|Spikes
|
|-weather|Sandstorm|[upkeep]
|upkeep
|turn|16
|
|t:|1769349866
|move|p2a: Ting-Lu|Spikes|p1a: Hippowdon
|-sidestart|p1: 4hboh|Spikes
|move|p1a: Hippowdon|Whirlwind|p2a: Ting-Lu
|drag|p2a: Darkrai|Darkrai|72/100
|-damage|p2a: Darkrai|59/100|[from] Stealth Rock
|-damage|p2a: Darkrai|34/100|[from] Spikes
|
|-weather|none
|upkeep
|turn|17
|
|t:|1769349877
|move|p2a: Darkrai|Dark Pulse|p1a: Hippowdon
|-damage|p1a: Hippowdon|52/100
|move|p1a: Hippowdon|Whirlwind|p2a: Darkrai
|drag|p2a: Mandibuzz|Mandibuzz, F|100/100
|
|upkeep
|turn|18
|
|t:|1769349888
|move|p2a: Mandibuzz|Toxic|p1a: Hippowdon
|-status|p1a: Hippowdon|tox
|move|p1a: Hippowdon|Whirlwind|p2a: Mandibuzz
|drag|p2a: Ting-Lu|Ting-Lu|78/100
|-damage|p2a: Ting-Lu|72/100|[from] Stealth Rock
|-damage|p2a: Ting-Lu|47/100|[from] Spikes
|-ability|p2a: Ting-Lu|Vessel of Ruin
|
|-damage|p1a: Hippowdon|46/100 tox|[from] psn
|upkeep
|turn|19
|
|t:|1769349901
|move|p1a: Hippowdon|Slack Off|p1a: Hippowdon
|-heal|p1a: Hippowdon|96/100 tox
|move|p2a: Ting-Lu|Earthquake|p1a: Hippowdon
|-damage|p1a: Hippowdon|75/100 tox
|
|-damage|p1a: Hippowdon|63/100 tox|[from] psn
|upkeep
|turn|20
|
|t:|1769349916
|switch|p1a: Tsareena|Tsareena, F|100/100
|move|p2a: Ting-Lu|Ruination|p1a: Tsareena
|-damage|p1a: Tsareena|50/100
|
|upkeep
|turn|21
|
|t:|1769349929
|switch|p2a: Darkrai|Darkrai|34/100
|-damage|p2a: Darkrai|22/100|[from] Stealth Rock
|-damage|p2a: Darkrai|0 fnt|[from] Spikes
|faint|p2a: Darkrai
|move|p1a: Tsareena|Synthesis|p1a: Tsareena
|-heal|p1a: Tsareena|100/100
|
|upkeep
|
|t:|1769349938
|switch|p2a: Greninja|Greninja, F|66/100
|-damage|p2a: Greninja|53/100|[from] Stealth Rock
|-damage|p2a: Greninja|29/100|[from] Spikes
|turn|22
|
|t:|1769349952
|move|p2a: Greninja|Ice Beam|p1a: Tsareena
|-start|p2a: Greninja|typechange|Ice|[from] ability: Protean
|-supereffective|p1a: Tsareena
|-damage|p1a: Tsareena|0 fnt
|faint|p1a: Tsareena
|
|upkeep
|
|t:|1769349973
|switch|p1a: Gastrodon|Gastrodon, F|55/100
|-damage|p1a: Gastrodon|30/100|[from] Spikes
|turn|23
|
|t:|1769349978
|move|p2a: Greninja|Ice Beam|p1a: Gastrodon
|-damage|p1a: Gastrodon|0 fnt
|faint|p1a: Gastrodon
|
|upkeep
|
|t:|1769349984
|switch|p1a: Mabosstiff|Mabosstiff, M|100/100
|-damage|p1a: Mabosstiff|75/100|[from] Spikes
|-ability|p1a: Mabosstiff|Intimidate|boost
|-unboost|p2a: Greninja|atk|1
|turn|24
|
|t:|1769349990
|move|p2a: Greninja|Ice Beam|p1a: Mabosstiff
|-damage|p1a: Mabosstiff|26/100
|move|p1a: Mabosstiff|Crunch|p2a: Greninja
|-damage|p2a: Greninja|0 fnt
|faint|p2a: Greninja
|
|-heal|p1a: Mabosstiff|32/100|[from] item: Leftovers
|upkeep
|
|t:|1769350001
|switch|p2a: Ting-Lu|Ting-Lu|47/100
|-damage|p2a: Ting-Lu|40/100|[from] Stealth Rock
|-damage|p2a: Ting-Lu|15/100|[from] Spikes
|-ability|p2a: Ting-Lu|Vessel of Ruin
|turn|25
|
|t:|1769350009
|move|p1a: Mabosstiff|Rest|p1a: Mabosstiff
|-status|p1a: Mabosstiff|slp|[from] move: Rest
|-heal|p1a: Mabosstiff|100/100 slp|[silent]
|move|p2a: Ting-Lu|Earthquake|p1a: Mabosstiff
|-damage|p1a: Mabosstiff|63/100 slp
|
|-heal|p1a: Mabosstiff|69/100 slp|[from] item: Leftovers
|upkeep
|turn|26
|
|t:|1769350021
|cant|p1a: Mabosstiff|slp
|move|p2a: Ting-Lu|Earthquake|p1a: Mabosstiff
|-damage|p1a: Mabosstiff|33/100 slp
|
|-heal|p1a: Mabosstiff|39/100 slp|[from] item: Leftovers
|upkeep
|turn|27
|
|t:|1769350029
|cant|p1a: Mabosstiff|slp
|move|p2a: Ting-Lu|Whirlwind|p1a: Mabosstiff
|drag|p1a: Forretress|Forretress, M|25/100
|-damage|p1a: Forretress|0 fnt|[from] Spikes
|faint|p1a: Forretress
|
|upkeep
|
|t:|1769350034
|switch|p1a: Hippowdon|Hippowdon, M|63/100 tox
|-damage|p1a: Hippowdon|38/100 tox|[from] Spikes
|-weather|Sandstorm|[from] ability: Sand Stream|[of] p1a: Hippowdon
|turn|28
|
|t:|1769350048
|switch|p2a: Mandibuzz|Mandibuzz, F|100/100
|move|p1a: Hippowdon|Earthquake|p2a: Mandibuzz
|-immune|p2a: Mandibuzz
|
|-weather|Sandstorm|[upkeep]
|-damage|p1a: Hippowdon|31/100 tox|[from] psn
|upkeep
|turn|29
|
|t:|1769350056
|move|p2a: Mandibuzz|Foul Play|p1a: Hippowdon
|-damage|p1a: Hippowdon|13/100 tox
|-damage|p2a: Mandibuzz|84/100|[from] item: Rocky Helmet|[of] p1a: Hippowdon
|move|p1a: Hippowdon|Whirlwind|p2a: Mandibuzz
|drag|p2a: Ting-Lu|Ting-Lu|15/100
|-damage|p2a: Ting-Lu|9/100|[from] Stealth Rock
|-damage|p2a: Ting-Lu|0 fnt|[from] Spikes
|faint|p2a: Ting-Lu
|
|-weather|Sandstorm|[upkeep]
|-damage|p1a: Hippowdon|1/100 tox|[from] psn
|upkeep
|
|t:|1769350071
|switch|p2a: Mandibuzz|Mandibuzz, F|84/100
|turn|30
|
|t:|1769350077
|move|p2a: Mandibuzz|Foul Play|p1a: Hippowdon
|-crit|p1a: Hippowdon
|-damage|p1a: Hippowdon|0 fnt
|-damage|p2a: Mandibuzz|67/100|[from] item: Rocky Helmet|[of] p1a: Hippowdon
|faint|p1a: Hippowdon
|
|-weather|Sandstorm|[upkeep]
|upkeep
|
|t:|1769350083
|switch|p1a: Mabosstiff|Mabosstiff, M|39/100 slp
|-damage|p1a: Mabosstiff|14/100 slp|[from] Spikes
|-ability|p1a: Mabosstiff|Intimidate|boost
|-unboost|p2a: Mandibuzz|atk|1
|turn|31
|
|t:|1769350091
|-curestatus|p1a: Mabosstiff|slp|[msg]
|move|p1a: Mabosstiff|Rest|p1a: Mabosstiff
|-status|p1a: Mabosstiff|slp|[from] move: Rest
|-heal|p1a: Mabosstiff|100/100 slp|[silent]
|move|p2a: Mandibuzz|Foul Play|p1a: Mabosstiff
|-resisted|p1a: Mabosstiff
|-damage|p1a: Mabosstiff|81/100 slp
|
|-weather|Sandstorm|[upkeep]
|-damage|p1a: Mabosstiff|75/100 slp|[from] Sandstorm
|-heal|p1a: Mabosstiff|81/100 slp|[from] item: Leftovers
|upkeep
|turn|32
|
|t:|1769350104
|cant|p1a: Mabosstiff|slp
|move|p2a: Mandibuzz|Roost|p2a: Mandibuzz
|-heal|p2a: Mandibuzz|100/100
|-singleturn|p2a: Mandibuzz|move: Roost
|
|-weather|none
|-heal|p1a: Mabosstiff|87/100 slp|[from] item: Leftovers
|upkeep
|turn|33
|
|t:|1769350116
|cant|p1a: Mabosstiff|slp
|move|p2a: Mandibuzz|Iron Defense|p2a: Mandibuzz
|-boost|p2a: Mandibuzz|def|2
|
|-heal|p1a: Mabosstiff|93/100 slp|[from] item: Leftovers
|upkeep
|turn|34
|
|t:|1769350124
|-curestatus|p1a: Mabosstiff|slp|[msg]
|move|p1a: Mabosstiff|Play Rough|p2a: Mandibuzz
|-supereffective|p2a: Mandibuzz
|-damage|p2a: Mandibuzz|86/100
|move|p2a: Mandibuzz|Iron Defense|p2a: Mandibuzz
|-boost|p2a: Mandibuzz|def|2
|
|-heal|p1a: Mabosstiff|99/100|[from] item: Leftovers
|upkeep
|turn|35
|
|t:|1769350135
|move|p1a: Mabosstiff|Taunt|p2a: Mandibuzz
|-start|p2a: Mandibuzz|move: Taunt
|cant|p2a: Mandibuzz|move: Taunt|Iron Defense
|
|-heal|p1a: Mabosstiff|100/100|[from] item: Leftovers
|upkeep
|turn|36
|
|t:|1769350142
|move|p1a: Mabosstiff|Play Rough|p2a: Mandibuzz
|-supereffective|p2a: Mandibuzz
|-damage|p2a: Mandibuzz|77/100
|move|p2a: Mandibuzz|Foul Play|p1a: Mabosstiff
|-resisted|p1a: Mabosstiff
|-damage|p1a: Mabosstiff|82/100
|
|-heal|p1a: Mabosstiff|88/100|[from] item: Leftovers
|upkeep
|turn|37
|
|t:|1769350152
|move|p1a: Mabosstiff|Play Rough|p2a: Mandibuzz
|-supereffective|p2a: Mandibuzz
|-damage|p2a: Mandibuzz|69/100
|move|p2a: Mandibuzz|Foul Play|p1a: Mabosstiff
|-resisted|p1a: Mabosstiff
|-damage|p1a: Mabosstiff|70/100
|
|-heal|p1a: Mabosstiff|76/100|[from] item: Leftovers
|-end|p2a: Mandibuzz|move: Taunt
|upkeep
|turn|38
|
|t:|1769350163
|move|p1a: Mabosstiff|Taunt|p2a: Mandibuzz
|-start|p2a: Mandibuzz|move: Taunt
|cant|p2a: Mandibuzz|move: Taunt|Toxic
|
|-heal|p1a: Mabosstiff|82/100|[from] item: Leftovers
|upkeep
|turn|39
|
|t:|1769350170
|move|p1a: Mabosstiff|Play Rough|p2a: Mandibuzz
|-supereffective|p2a: Mandibuzz
|-damage|p2a: Mandibuzz|59/100
|-unboost|p2a: Mandibuzz|atk|1
|move|p2a: Mandibuzz|Foul Play|p1a: Mabosstiff
|-resisted|p1a: Mabosstiff
|-damage|p1a: Mabosstiff|63/100
|
|-heal|p1a: Mabosstiff|69/100|[from] item: Leftovers
|upkeep
|turn|40
|
|t:|1769350183
|move|p1a: Mabosstiff|Crunch|p2a: Mandibuzz
|-resisted|p2a: Mandibuzz
|-damage|p2a: Mandibuzz|56/100
|move|p2a: Mandibuzz|Foul Play|p1a: Mabosstiff
|-resisted|p1a: Mabosstiff
|-damage|p1a: Mabosstiff|48/100
|
|-heal|p1a: Mabosstiff|54/100|[from] item: Leftovers
|-end|p2a: Mandibuzz|move: Taunt
|upkeep
|turn|41
|
|t:|1769350194
|move|p1a: Mabosstiff|Taunt|p2a: Mandibuzz
|-start|p2a: Mandibuzz|move: Taunt
|move|p2a: Mandibuzz|Foul Play|p1a: Mabosstiff
|-resisted|p1a: Mabosstiff
|-damage|p1a: Mabosstiff|34/100
|
|-heal|p1a: Mabosstiff|40/100|[from] item: Leftovers
|upkeep
|turn|42
|
|t:|1769350203
|move|p1a: Mabosstiff|Crunch|p2a: Mandibuzz
|-resisted|p2a: Mandibuzz
|-damage|p2a: Mandibuzz|53/100
|move|p2a: Mandibuzz|Foul Play|p1a: Mabosstiff
|-resisted|p1a: Mabosstiff
|-damage|p1a: Mabosstiff|20/100
|
|-heal|p1a: Mabosstiff|26/100|[from] item: Leftovers
|upkeep
|turn|43
|
|t:|1769350212
|move|p1a: Mabosstiff|Rest|p1a: Mabosstiff
|-status|p1a: Mabosstiff|slp|[from] move: Rest
|-heal|p1a: Mabosstiff|100/100 slp|[silent]
|move|p2a: Mandibuzz|Foul Play|p1a: Mabosstiff
|-resisted|p1a: Mabosstiff
|-damage|p1a: Mabosstiff|82/100 slp
|
|-heal|p1a: Mabosstiff|88/100 slp|[from] item: Leftovers
|-end|p2a: Mandibuzz|move: Taunt
|upkeep
|turn|44
|
|t:|1769350222
|switch|p2a: Kingambit|Kingambit, F|94/100
|-damage|p2a: Kingambit|88/100|[from] Stealth Rock
|-activate|p2a: Kingambit|ability: Supreme Overlord
|-start|p2a: Kingambit|fallen4|[silent]
|-item|p2a: Kingambit|Air Balloon
|cant|p1a: Mabosstiff|slp
|
|-heal|p1a: Mabosstiff|94/100 slp|[from] item: Leftovers
|upkeep
|turn|45
|
|t:|1769350239
|cant|p1a: Mabosstiff|slp
|move|p2a: Kingambit|Low Kick|p1a: Mabosstiff
|-supereffective|p1a: Mabosstiff
|-damage|p1a: Mabosstiff|10/100 slp
|
|-heal|p1a: Mabosstiff|16/100 slp|[from] item: Leftovers
|upkeep
|turn|46
|
|t:|1769350247
|move|p2a: Kingambit|Sucker Punch||[still]
|-fail|p2a: Kingambit
|-curestatus|p1a: Mabosstiff|slp|[msg]
|move|p1a: Mabosstiff|Rest|p1a: Mabosstiff
|-status|p1a: Mabosstiff|slp|[from] move: Rest
|-heal|p1a: Mabosstiff|100/100 slp|[silent]
|
|upkeep
|turn|47
|
|t:|1769350255
|cant|p1a: Mabosstiff|slp
|move|p2a: Kingambit|Low Kick|p1a: Mabosstiff
|-supereffective|p1a: Mabosstiff
|-damage|p1a: Mabosstiff|12/100 slp
|
|-heal|p1a: Mabosstiff|18/100 slp|[from] item: Leftovers
|upkeep
|turn|48
|
|t:|1769350263
|cant|p1a: Mabosstiff|slp
|move|p2a: Kingambit|Kowtow Cleave|p1a: Mabosstiff
|-resisted|p1a: Mabosstiff
|-damage|p1a: Mabosstiff|0 fnt
|faint|p1a: Mabosstiff
|
|win|theQuestionMark
|raw|4hboh's rating: 1230 &rarr; <strong>1208</strong><br />(-22 for losing)
|raw|theQuestionMark's rating: 1267 &rarr; <strong>1289</strong><br />(+22 for winning)
|l|☆4hboh
|player|p1|
|l|☆theQuestionMark
|player|p2|
