|j|☆Pig Perfect
|j|☆hutoew
|t:|1769426237
|gametype|singles
|player|p1|Pig Perfect|workerice|1595
|player|p2|hutoew|hilda|1618
|gen|9
|tier|[Gen 9] OU
|rated|
|rule|HP Percentage Mod: HP is shown in percentages
|rule|Endless Battle Clause: Forcing endless battles is banned
|rule|Species Clause: Limit one of each Pokémon
|rule|OHKO Clause: OHKO moves are banned
|rule|Evasion Items Clause: Evasion items are banned
|rule|Evasion Moves Clause: Evasion moves are banned
|rule|Evasion Abilities Clause: Evasion abilities are banned
|rule|Sleep Moves Clause: Sleep-inducing moves are banned
|clearpoke
|poke|p1|Cresselia, F|
|poke|p1|Great Tusk|
|poke|p1|Heatran, F|
|poke|p1|Ninetales, F|
|poke|p1|Raging Bolt|
|poke|p1|Walking Wake|
|poke|p2|Ting-Lu|
|poke|p2|Corviknight, F|
|poke|p2|Zamazenta-*|
|poke|p2|Ceruledge, F|
|poke|p2|Kingambit, F|
|poke|p2|Clodsire, M|
|teampreview
|
|t:|1769426305
|teamsize|p1|6
|teamsize|p2|6
|start
|switch|p1a: Ninetales|Ninetales, F|100/100
|switch|p2a: Ceruledge|Ceruledge, F|100/100
|-weather|SunnyDay|[from] ability: Drought|[of] p1a: Ninetales
|turn|1
|
|t:|1769426394
|switch|p1a: Raging Bolt|Raging Bolt|100/100
|-activate|p1a: Raging Bolt|ability: Protosynthesis
|-start|p1a: Raging Bolt|protosynthesisspa
|move|p2a: Ceruledge|Bitter Blade|p1a: Raging Bolt
|-resisted|p1a: Raging Bolt
|-damage|p1a: Raging Bolt|60/100
|
|-weather|SunnyDay|[upkeep]
|-heal|p1a: Raging Bolt|66/100|[from] item: Leftovers
|upkeep
|turn|2
|
|t:|1769426412
|switch|p2a: Ting-Lu|Ting-Lu|100/100
|-ability|p2a: Ting-Lu|Vessel of Ruin
|move|p1a: Raging Bolt|Dragon Pulse|p2a: Ting-Lu
|-damage|p2a: Ting-Lu|61/100
|
|-weather|SunnyDay|[upkeep]
|-heal|p1a: Raging Bolt|72/100|[from] item: Leftovers
|upkeep
|turn|3
|
|t:|1769426419
|-end|p1a: Raging Bolt|Protosynthesis|[silent]
|switch|p1a: Walking Wake|Walking Wake|100/100
|-activate|p1a: Walking Wake|ability: Protosynthesis
|-start|p1a: Walking Wake|protosynthesisspe
|move|p2a: Ting-Lu|Earthquake|p1a: Walking Wake
|-crit|p1a: Walking Wake
|-damage|p1a: Walking Wake|0 fnt
|faint|p1a: Walking Wake
|-end|p1a: Walking Wake|Protosynthesis|[silent]
|
|-weather|SunnyDay|[upkeep]
|upkeep
|
|t:|1769426436
|switch|p1a: Great Tusk|Great Tusk|100/100
|-activate|p1a: Great Tusk|ability: Protosynthesis
|-start|p1a: Great Tusk|protosynthesisatk
|turn|4
|j| difashi 666
|
|t:|1769426443
|move|p1a: Great Tusk|Knock Off|p2a: Ting-Lu
|-resisted|p2a: Ting-Lu
|-damage|p2a: Ting-Lu|52/100
|-enditem|p2a: Ting-Lu|Choice Band|[from] move: Knock Off|[of] p1a: Great Tusk
|move|p2a: Ting-Lu|Earthquake|p1a: Great Tusk
|-damage|p1a: Great Tusk|69/100
|
|-weather|SunnyDay|[upkeep]
|upkeep
|turn|5
|
|t:|1769426451
|switch|p2a: Ceruledge|Ceruledge, F|100/100
|move|p1a: Great Tusk|Ice Spinner|p2a: Ceruledge
|-resisted|p2a: Ceruledge
|-damage|p2a: Ceruledge|81/100
|
|-weather|SunnyDay|[upkeep]
|upkeep
|turn|6
|
|t:|1769426459
|switch|p2a: Corviknight|Corviknight, F|100/100
|-end|p1a: Great Tusk|Protosynthesis|[silent]
|switch|p1a: Heatran|Heatran, F|100/100
|
|-weather|SunnyDay|[upkeep]
|upkeep
|turn|7
|
|t:|1769426464
|switch|p2a: Ceruledge|Ceruledge, F|81/100
|move|p1a: Heatran|Magma Storm|p2a: Ceruledge
|-start|p2a: Ceruledge|ability: Flash Fire
|
|-weather|SunnyDay|[upkeep]
|upkeep
|turn|8
|
|t:|1769426466
|move|p2a: Ceruledge|Close Combat|p1a: Heatran
|-supereffective|p1a: Heatran
|-damage|p1a: Heatran|0 fnt
|-unboost|p2a: Ceruledge|def|1
|-unboost|p2a: Ceruledge|spd|1
|faint|p1a: Heatran
|
|-weather|none
|upkeep
|
|t:|1769426471
|switch|p1a: Ninetales|Ninetales, F|100/100
|-weather|SunnyDay|[from] ability: Drought|[of] p1a: Ninetales
|turn|9
|
|t:|1769426475
|-end|p2a: Ceruledge|ability: Flash Fire|[silent]
|switch|p2a: Corviknight|Corviknight, F|100/100
|move|p1a: Ninetales|Encore||[still]
|-fail|p1a: Ninetales
|
|-weather|SunnyDay|[upkeep]
|upkeep
|turn|10
|
|t:|1769426480
|switch|p2a: Ceruledge|Ceruledge, F|81/100
|move|p1a: Ninetales|Weather Ball|p2a: Ceruledge
|-start|p2a: Ceruledge|ability: Flash Fire
|
|-weather|SunnyDay|[upkeep]
|upkeep
|turn|11
|
|t:|1769426484
|switch|p1a: Cresselia|Cresselia, F|100/100
|move|p2a: Ceruledge|Bitter Blade|p1a: Cresselia
|-damage|p1a: Cresselia|8/100
|-heal|p2a: Ceruledge|100/100|[from] drain|[of] p1a: Cresselia
|-damage|p2a: Ceruledge|84/100|[from] item: Rocky Helmet|[of] p1a: Cresselia
|
|-weather|SunnyDay|[upkeep]
|upkeep
|turn|12
|
|t:|1769426488
|move|p2a: Ceruledge|Bitter Blade|p1a: Cresselia
|-damage|p1a: Cresselia|0 fnt
|-heal|p2a: Ceruledge|90/100|[from] drain|[of] p1a: Cresselia
|-damage|p2a: Ceruledge|74/100|[from] item: Rocky Helmet|[of] p1a: Cresselia
|faint|p1a: Cresselia
|
|-weather|SunnyDay|[upkeep]
|upkeep
|
|t:|1769426491
|switch|p1a: Raging Bolt|Raging Bolt|72/100
|-activate|p1a: Raging Bolt|ability: Protosynthesis
|-start|p1a: Raging Bolt|protosynthesisspa
|turn|13
|
|t:|1769426496
|-end|p2a: Ceruledge|ability: Flash Fire|[silent]
|switch|p2a: Zamazenta|Zamazenta|100/100
|-ability|p2a: Zamazenta|Dauntless Shield|boost
|-boost|p2a: Zamazenta|def|1
|move|p1a: Raging Bolt|Calm Mind|p1a: Raging Bolt
|-boost|p1a: Raging Bolt|spa|1
|-boost|p1a: Raging Bolt|spd|1
|
|-weather|SunnyDay|[upkeep]
|-heal|p1a: Raging Bolt|79/100|[from] item: Leftovers
|upkeep
|turn|14
|
|t:|1769426569
|move|p2a: Zamazenta|Close Combat|p1a: Raging Bolt
|-damage|p1a: Raging Bolt|11/100
|-unboost|p2a: Zamazenta|def|1
|-unboost|p2a: Zamazenta|spd|1
|move|p1a: Raging Bolt|Dragon Pulse|p2a: Zamazenta
|-damage|p2a: Zamazenta|0 fnt
|faint|p2a: Zamazenta
|
|-weather|SunnyDay|[upkeep]
|-heal|p1a: Raging Bolt|17/100|[from] item: Leftovers
|upkeep
|
|t:|1769426573
|switch|p2a: Clodsire|Clodsire, M|100/100
|turn|15
|
|t:|1769426579
|-end|p1a: Raging Bolt|Protosynthesis|[silent]
|switch|p1a: Great Tusk|Great Tusk|69/100
|-activate|p1a: Great Tusk|ability: Protosynthesis
|-start|p1a: Great Tusk|protosynthesisatk
|move|p2a: Clodsire|Earthquake|p1a: Great Tusk
|-damage|p1a: Great Tusk|29/100
|
|-weather|SunnyDay|[upkeep]
|upkeep
|turn|16
|
|t:|1769426586
|switch|p2a: Corviknight|Corviknight, F|100/100
|move|p1a: Great Tusk|Ice Spinner|p2a: Corviknight
|-damage|p2a: Corviknight|74/100
|
|-weather|none
|-end|p1a: Great Tusk|Protosynthesis
|upkeep
|turn|17
|
|t:|1769426590
|-end|p1a: Great Tusk|Protosynthesis|[silent]
|switch|p1a: Ninetales|Ninetales, F|100/100
|-weather|SunnyDay|[from] ability: Drought|[of] p1a: Ninetales
|move|p2a: Corviknight|Brave Bird|p1a: Ninetales
|-damage|p1a: Ninetales|11/100
|-damage|p2a: Corviknight|48/100|[from] Recoil
|
|-weather|SunnyDay|[upkeep]
|upkeep
|turn|18
|
|t:|1769426597
|switch|p2a: Ceruledge|Ceruledge, F|74/100
|move|p1a: Ninetales|Healing Wish|p1a: Ninetales
|faint|p1a: Ninetales
|
|-weather|SunnyDay|[upkeep]
|upkeep
|
|t:|1769426604
|switch|p1a: Raging Bolt|Raging Bolt|17/100
|-heal|p1a: Raging Bolt|100/100|[from] move: Healing Wish
|-activate|p1a: Raging Bolt|ability: Protosynthesis
|-start|p1a: Raging Bolt|protosynthesisspa
|turn|19
|
|t:|1769426613
|-terastallize|p2a: Ceruledge|Ghost
|move|p2a: Ceruledge|Poltergeist|p1a: Raging Bolt
|-activate|p1a: Raging Bolt|move: Poltergeist|Leftovers
|-damage|p1a: Raging Bolt|5/100
|move|p1a: Raging Bolt|Dragon Pulse|p2a: Ceruledge
|-damage|p2a: Ceruledge|0 fnt
|faint|p2a: Ceruledge
|
|-weather|SunnyDay|[upkeep]
|-heal|p1a: Raging Bolt|11/100|[from] item: Leftovers
|upkeep
|
|t:|1769426616
|switch|p2a: Clodsire|Clodsire, M|100/100
|turn|20
|
|t:|1769426623
|move|p1a: Raging Bolt|Dragon Pulse|p2a: Clodsire
|-damage|p2a: Clodsire|49/100
|move|p2a: Clodsire|Earthquake|p1a: Raging Bolt
|-supereffective|p1a: Raging Bolt
|-crit|p1a: Raging Bolt
|-damage|p1a: Raging Bolt|0 fnt
|faint|p1a: Raging Bolt
|-end|p1a: Raging Bolt|Protosynthesis|[silent]
|
|-weather|SunnyDay|[upkeep]
|upkeep
|
|t:|1769426626
|switch|p1a: Great Tusk|Great Tusk|29/100
|-activate|p1a: Great Tusk|ability: Protosynthesis
|-start|p1a: Great Tusk|protosynthesisatk
|turn|21
|
|t:|1769426631
|move|p1a: Great Tusk|Ice Spinner|p2a: Clodsire
|-supereffective|p2a: Clodsire
|-damage|p2a: Clodsire|0 fnt
|faint|p2a: Clodsire
|
|-weather|SunnyDay|[upkeep]
|upkeep
|
|t:|1769426634
|switch|p2a: Kingambit|Kingambit, F|100/100
|-activate|p2a: Kingambit|ability: Supreme Overlord
|-start|p2a: Kingambit|fallen3|[silent]
|turn|22
|
|t:|1769426642
|move|p2a: Kingambit|Sucker Punch|p1a: Great Tusk
|-resisted|p1a: Great Tusk
|-damage|p1a: Great Tusk|3/100
|move|p1a: Great Tusk|Headlong Rush|p2a: Kingambit
|-supereffective|p2a: Kingambit
|-damage|p2a: Kingambit|6/100
|-unboost|p1a: Great Tusk|def|1
|-unboost|p1a: Great Tusk|spd|1
|
|-weather|SunnyDay|[upkeep]
|upkeep
|turn|23
|c|☆Pig Perfect|Gg
|-message|Pig Perfect forfeited.
|
|win|hutoew
|raw|Pig Perfect's rating: 1595 &rarr; <strong>1576</strong><br />(-19 for losing)
|raw|hutoew's rating: 1618 &rarr; <strong>1637</strong><br />(+19 for winning)
|l|☆Pig Perfect
|player|p1|
|l| difashi 666
