|j|☆Trainerbeat
|j|☆dragonfandan
|t:|1769440493
|gametype|singles
|player|p1|Trainerbeat|red|1318
|player|p2|dragonfandan|lance|1358
|gen|9
|tier|[Gen 9] OU
|rated|
|rule|HP Percentage Mod: HP is shown in percentages
|rule|Endless Battle Clause: Forcing endless battles is banned
|rule|Species Clause: Limit one of each Pokémon
|rule|OHKO Clause: OHKO moves are banned
|rule|Evasion Items Clause: Evasion items are banned
|rule|Evasion Moves Clause: Evasion moves are banned
|rule|Evasion Abilities Clause: Evasion abilities are banned
|rule|Sleep Moves Clause: Sleep-inducing moves are banned
|clearpoke
|poke|p1|Crawdaunt, F|
|poke|p1|Raikou|
|poke|p1|Landorus-Therian, M|
|poke|p1|Darkrai|
|poke|p1|Spiritomb, F|
|poke|p1|Iron Crown|
|poke|p2|Haxorus, F|
|poke|p2|Heatran, M|
|poke|p2|Sinistcha|
|poke|p2|Kingambit, M|
|poke|p2|Tornadus-Therian, M|
|poke|p2|Slowking, F|
|teampreview
|inactive|Battle timer is ON: inactive players will automatically lose when time's up. (requested by dragonfandan)
|
|t:|1769440520
|teamsize|p1|6
|teamsize|p2|6
|start
|switch|p1a: Crawdaunt|Crawdaunt, F|100/100
|switch|p2a: Nightshade|Sinistcha|100/100
|turn|1
|
|t:|1769440535
|move|p2a: Nightshade|Strength Sap|p1a: Crawdaunt
|-unboost|p1a: Crawdaunt|atk|1
|move|p1a: Crawdaunt|Knock Off|p2a: Nightshade
|-supereffective|p2a: Nightshade
|-damage|p2a: Nightshade|10/100
|-enditem|p2a: Nightshade|Leftovers|[from] move: Knock Off|[of] p1a: Crawdaunt
|
|upkeep
|turn|2
|
|t:|1769440559
|switch|p2a: Grand Tactician|Slowking, F, shiny|100/100
|switch|p1a: Spiritomb|Spiritomb, F|100/100
|
|upkeep
|turn|3
|
|t:|1769440566
|move|p1a: Spiritomb|Taunt|p2a: Grand Tactician
|-start|p2a: Grand Tactician|move: Taunt
|-prepare|p2a: Grand Tactician|Chilly Reception|[premajor]
|cant|p2a: Grand Tactician|move: Taunt|Chilly Reception
|
|upkeep
|turn|4
|
|t:|1769440572
|switch|p2a: Nightshade|Sinistcha|10/100
|move|p1a: Spiritomb|Memento|p2a: Nightshade
|-unboost|p2a: Nightshade|atk|2
|-unboost|p2a: Nightshade|spa|2
|faint|p1a: Spiritomb
|
|upkeep
|
|t:|1769440577
|switch|p1a: Darkrai|Darkrai, shiny|100/100
|turn|5
|
|t:|1769440594
|switch|p2a: Iron Guillotine|Haxorus, F, shiny|100/100
|-ability|p2a: Iron Guillotine|Mold Breaker
|move|p1a: Darkrai|Nasty Plot|p1a: Darkrai
|-boost|p1a: Darkrai|spa|2
|
|upkeep
|turn|6
|
|t:|1769440602
|-terastallize|p2a: Iron Guillotine|Steel
|move|p1a: Darkrai|Ice Beam|p2a: Iron Guillotine
|-resisted|p2a: Iron Guillotine
|-damage|p2a: Iron Guillotine|52/100
|move|p2a: Iron Guillotine|Scale Shot|p1a: Darkrai
|-damage|p1a: Darkrai|80/100
|-damage|p1a: Darkrai|60/100
|-damage|p1a: Darkrai|41/100
|-damage|p1a: Darkrai|22/100
|-damage|p1a: Darkrai|3/100
|-hitcount|p1a: Darkrai|5
|-unboost|p2a: Iron Guillotine|def|1
|-boost|p2a: Iron Guillotine|spe|1
|
|upkeep
|turn|7
|
|t:|1769440618
|move|p2a: Iron Guillotine|Iron Head|p1a: Darkrai
|-damage|p1a: Darkrai|0 fnt
|faint|p1a: Darkrai
|
|upkeep
|
|t:|1769440623
|switch|p1a: Landorus|Landorus-Therian, M, shiny|100/100
|-ability|p1a: Landorus|Intimidate|boost
|-unboost|p2a: Iron Guillotine|atk|1
|turn|8
|
|t:|1769440629
|move|p2a: Iron Guillotine|Swords Dance|p2a: Iron Guillotine
|-boost|p2a: Iron Guillotine|atk|2
|move|p1a: Landorus|Stealth Rock|p2a: Iron Guillotine
|-sidestart|p2: dragonfandan|move: Stealth Rock
|
|upkeep
|turn|9
|
|t:|1769440635
|move|p2a: Iron Guillotine|Scale Shot|p1a: Landorus
|-damage|p1a: Landorus|85/100
|-damage|p1a: Landorus|70/100
|-damage|p1a: Landorus|54/100
|-damage|p1a: Landorus|39/100
|-hitcount|p1a: Landorus|4
|-unboost|p2a: Iron Guillotine|def|1
|-boost|p2a: Iron Guillotine|spe|1
|move|p1a: Landorus|Earthquake|p2a: Iron Guillotine
|-supereffective|p2a: Iron Guillotine
|-damage|p2a: Iron Guillotine|0 fnt
|faint|p2a: Iron Guillotine
|
|upkeep
|
|t:|1769440649
|switch|p2a: Grand Tactician|Slowking, F, shiny|100/100
|turn|10
|l|☆Trainerbeat
|inactive|Trainerbeat disconnected and has a minute to reconnect!
|player|p1|
|inactive|Trainerbeat has 30 seconds to reconnect!
|inactive|Trainerbeat has 20 seconds to reconnect!
|inactive|Trainerbeat has 15 seconds to reconnect!
|inactive|Trainerbeat has 10 seconds to reconnect!
|inactive|Trainerbeat has 5 seconds to reconnect!
|-message|Trainerbeat lost due to inactivity.
|
|win|dragonfandan
|raw|Trainerbeat's rating: 1318 &rarr; <strong>1300</strong><br />(-18 for losing)
|raw|dragonfandan's rating: 1358 &rarr; <strong>1376</strong><br />(+18 for winning)
