|j|☆flapple1
|j|☆nimjaisugly
|t:|1769406239
|gametype|singles
|player|p1|flapple1|#bdplxmausholds|1594
|player|p2|nimjaisugly|clavell-s|1529
|gen|9
|tier|[Gen 9] OU
|rated|
|rule|HP Percentage Mod: HP is shown in percentages
|rule|Endless Battle Clause: Forcing endless battles is banned
|rule|Species Clause: Limit one of each Pokémon
|rule|OHKO Clause: OHKO moves are banned
|rule|Evasion Items Clause: Evasion items are banned
|rule|Evasion Moves Clause: Evasion moves are banned
|rule|Evasion Abilities Clause: Evasion abilities are banned
|rule|Sleep Moves Clause: Sleep-inducing moves are banned
|clearpoke
|poke|p1|Zamazenta-*|
|poke|p1|Kyurem|
|poke|p1|Iron Treads|
|poke|p1|Tornadus-Therian, M|
|poke|p1|Pecharunt|
|poke|p1|Ting-Lu|
|poke|p2|Scyther, F|
|poke|p2|Kleavor, M|
|poke|p2|Scizor, F|
|poke|p2|Alomomola, M|
|poke|p2|Ursaluna, F|
|poke|p2|Dragapult, F|
|teampreview
|inactive|Battle timer is ON: inactive players will automatically lose when time's up. (requested by nimjaisugly)
|
|t:|1769406252
|teamsize|p1|6
|teamsize|p2|6
|start
|switch|p1a: Iron Treads|Iron Treads|100/100
|switch|p2a: Scizor|Scizor, F|100/100
|turn|1
|
|t:|1769406258
|move|p1a: Iron Treads|Stealth Rock|p2a: Scizor
|-sidestart|p2: nimjaisugly|move: Stealth Rock
|move|p2a: Scizor|Knock Off|p1a: Iron Treads
|-damage|p1a: Iron Treads|73/100
|-enditem|p1a: Iron Treads|Leftovers|[from] move: Knock Off|[of] p2a: Scizor
|
|upkeep
|turn|2
|
|t:|1769406263
|move|p1a: Iron Treads|Earthquake|p2a: Scizor
|-damage|p2a: Scizor|57/100
|move|p2a: Scizor|Defog|p1a: Iron Treads
|-unboost|p1a: Iron Treads|evasion|1
|-sideend|p2: nimjaisugly|Stealth Rock|[from] move: Defog|[of] p2a: Scizor
|
|upkeep
|turn|3
|
|t:|1769406276
|switch|p2a: Alomomola|Alomomola, M|100/100
|move|p1a: Iron Treads|Stealth Rock|p2a: Alomomola
|-sidestart|p2: nimjaisugly|move: Stealth Rock
|
|upkeep
|turn|4
|
|t:|1769406284
|-end|p1a: Iron Treads|Quark Drive|[silent]
|switch|p1a: Tornadus|Tornadus-Therian, M|100/100
|move|p2a: Alomomola|Flip Turn|p1a: Tornadus
|-damage|p1a: Tornadus|82/100
|
|t:|1769406292
|switch|p2a: Kleavor|Kleavor, M|100/100|[from] Flip Turn
|
|upkeep
|turn|5
|
|t:|1769406319
|switch|p1a: Ting-Lu|Ting-Lu|100/100
|-ability|p1a: Ting-Lu|Vessel of Ruin
|move|p2a: Kleavor|Stone Axe|p1a: Ting-Lu
|-resisted|p1a: Ting-Lu
|-damage|p1a: Ting-Lu|87/100
|-sidestart|p1: flapple1|move: Stealth Rock
|
|-heal|p1a: Ting-Lu|93/100|[from] item: Leftovers
|upkeep
|turn|6
|
|t:|1769406325
|move|p2a: Kleavor|U-turn|p1a: Ting-Lu
|-supereffective|p1a: Ting-Lu
|-damage|p1a: Ting-Lu|54/100
|
|t:|1769406327
|switch|p2a: Ursaluna|Ursaluna, F|100/100|[from] U-turn
|-damage|p2a: Ursaluna|94/100|[from] Stealth Rock
|move|p1a: Ting-Lu|Spikes|p2a: Ursaluna
|-sidestart|p2: nimjaisugly|Spikes
|
|-heal|p1a: Ting-Lu|60/100|[from] item: Leftovers
|-status|p2a: Ursaluna|brn|[from] item: Flame Orb
|upkeep
|turn|7
|
|t:|1769406343
|move|p2a: Ursaluna|Headlong Rush|p1a: Ting-Lu
|-damage|p1a: Ting-Lu|6/100
|-unboost|p2a: Ursaluna|def|1
|-unboost|p2a: Ursaluna|spd|1
|move|p1a: Ting-Lu|Ruination|p2a: Ursaluna
|-damage|p2a: Ursaluna|48/100 brn
|
|-heal|p1a: Ting-Lu|12/100|[from] item: Leftovers
|-damage|p2a: Ursaluna|42/100 brn|[from] brn
|upkeep
|turn|8
|
|t:|1769406362
|move|p2a: Ursaluna|Facade|p1a: Ting-Lu
|-damage|p1a: Ting-Lu|0 fnt
|faint|p1a: Ting-Lu
|
|-damage|p2a: Ursaluna|35/100 brn|[from] brn
|upkeep
|
|t:|1769406375
|switch|p1a: Zamazenta|Zamazenta|100/100
|-damage|p1a: Zamazenta|94/100|[from] Stealth Rock
|-ability|p1a: Zamazenta|Dauntless Shield|boost
|-boost|p1a: Zamazenta|def|1
|turn|9
|
|t:|1769406387
|move|p1a: Zamazenta|Iron Defense|p1a: Zamazenta
|-boost|p1a: Zamazenta|def|2
|move|p2a: Ursaluna|Facade|p1a: Zamazenta
|-damage|p1a: Zamazenta|54/100
|
|-heal|p1a: Zamazenta|60/100|[from] item: Leftovers
|-damage|p2a: Ursaluna|29/100 brn|[from] brn
|upkeep
|turn|10
|
|t:|1769406394
|switch|p2a: Dragapult|Dragapult, F|100/100
|-damage|p2a: Dragapult|88/100|[from] Stealth Rock
|-damage|p2a: Dragapult|76/100|[from] Spikes
|move|p1a: Zamazenta|Body Press|p2a: Dragapult
|-immune|p2a: Dragapult
|
|-heal|p1a: Zamazenta|67/100|[from] item: Leftovers
|upkeep
|turn|11
|
|t:|1769406401
|move|p2a: Dragapult|Shadow Ball|p1a: Zamazenta
|-damage|p1a: Zamazenta|23/100
|move|p1a: Zamazenta|Crunch|p2a: Dragapult
|-supereffective|p2a: Dragapult
|-damage|p2a: Dragapult|21/100
|
|-heal|p1a: Zamazenta|29/100|[from] item: Leftovers
|upkeep
|turn|12
|
|t:|1769406419
|switch|p1a: Kyurem|Kyurem|100/100
|-damage|p1a: Kyurem|76/100|[from] Stealth Rock
|-ability|p1a: Kyurem|Pressure
|move|p2a: Dragapult|Shadow Ball|p1a: Kyurem
|-damage|p1a: Kyurem|43/100
|
|upkeep
|turn|13
|
|t:|1769406424
|move|p2a: Dragapult|Shadow Ball|p1a: Kyurem
|-damage|p1a: Kyurem|13/100
|move|p1a: Kyurem|Freeze-Dry|p2a: Dragapult
|-supereffective|p2a: Dragapult
|-damage|p2a: Dragapult|0 fnt
|faint|p2a: Dragapult
|
|upkeep
|
|t:|1769406426
|switch|p2a: Scizor|Scizor, F|57/100
|turn|14
|
|t:|1769406435
|move|p1a: Kyurem|Earth Power|p2a: Scizor
|-damage|p2a: Scizor|18/100
|move|p2a: Scizor|Defog|p1a: Kyurem
|-unboost|p1a: Kyurem|evasion|1
|-sideend|p1: flapple1|Stealth Rock|[from] move: Defog|[of] p2a: Scizor
|-sideend|p2: nimjaisugly|Spikes|[from] move: Defog|[of] p2a: Scizor
|-sideend|p2: nimjaisugly|Stealth Rock|[from] move: Defog|[of] p2a: Scizor
|
|upkeep
|turn|15
|
|t:|1769406443
|switch|p1a: Iron Treads|Iron Treads|73/100
|move|p2a: Scizor|Bullet Punch|p1a: Iron Treads
|-resisted|p1a: Iron Treads
|-damage|p1a: Iron Treads|59/100
|
|upkeep
|turn|16
|
|t:|1769406450
|move|p1a: Iron Treads|Earthquake|p2a: Scizor
|-damage|p2a: Scizor|0 fnt
|faint|p2a: Scizor
|
|upkeep
|
|t:|1769406461
|switch|p2a: Kleavor|Kleavor, M|100/100
|turn|17
|
|t:|1769406470
|move|p2a: Kleavor|Close Combat|p1a: Iron Treads
|-supereffective|p1a: Iron Treads
|-damage|p1a: Iron Treads|0 fnt
|-unboost|p2a: Kleavor|def|1
|-unboost|p2a: Kleavor|spd|1
|faint|p1a: Iron Treads
|-end|p1a: Iron Treads|Quark Drive|[silent]
|
|upkeep
|
|t:|1769406483
|switch|p1a: Pecharunt|Pecharunt|100/100
|turn|18
|
|t:|1769406486
|move|p2a: Kleavor|U-turn|p1a: Pecharunt
|-resisted|p1a: Pecharunt
|-damage|p1a: Pecharunt|96/100
|
|t:|1769406489
|switch|p2a: Alomomola|Alomomola, M|100/100|[from] U-turn
|move|p1a: Pecharunt|Nasty Plot|p1a: Pecharunt
|-boost|p1a: Pecharunt|spa|2
|
|upkeep
|turn|19
|
|t:|1769406505
|move|p1a: Pecharunt|Nasty Plot|p1a: Pecharunt
|-boost|p1a: Pecharunt|spa|2
|move|p2a: Alomomola|Mirror Coat||[still]
|-fail|p2a: Alomomola
|
|upkeep
|turn|20
|
|t:|1769406517
|move|p1a: Pecharunt|Nasty Plot|p1a: Pecharunt
|-boost|p1a: Pecharunt|spa|2
|move|p2a: Alomomola|Flip Turn|p1a: Pecharunt
|-damage|p1a: Pecharunt|88/100
|
|t:|1769406530
|switch|p2a: Kleavor|Kleavor, M|100/100|[from] Flip Turn
|
|upkeep
|turn|21
|
|t:|1769406533
|move|p2a: Kleavor|Night Slash|p1a: Pecharunt
|-supereffective|p1a: Pecharunt
|-damage|p1a: Pecharunt|48/100
|move|p1a: Pecharunt|Shadow Ball|p2a: Kleavor
|-damage|p2a: Kleavor|0 fnt
|faint|p2a: Kleavor
|
|upkeep
|
|t:|1769406537
|switch|p2a: Scyther|Scyther, F|100/100
|turn|22
|
|t:|1769406541
|move|p2a: Scyther|Thief|p1a: Pecharunt
|-supereffective|p1a: Pecharunt
|-crit|p1a: Pecharunt
|-damage|p1a: Pecharunt|0 fnt
|faint|p1a: Pecharunt
|
|upkeep
|
|t:|1769406550
|switch|p1a: Tornadus|Tornadus-Therian, M|100/100
|turn|23
|
|t:|1769406554
|switch|p2a: Alomomola|Alomomola, M|100/100
|move|p1a: Tornadus|Bleakwind Storm|p2a: Alomomola
|-damage|p2a: Alomomola|79/100
|
|upkeep
|turn|24
|
|t:|1769406563
|move|p1a: Tornadus|Nasty Plot|p1a: Tornadus
|-boost|p1a: Tornadus|spa|2
|move|p2a: Alomomola|Body Slam|p1a: Tornadus
|-damage|p1a: Tornadus|83/100
|-status|p1a: Tornadus|par
|
|upkeep
|turn|25
|
|t:|1769406571
|cant|p1a: Tornadus|par
|move|p2a: Alomomola|Flip Turn|p1a: Tornadus
|-damage|p1a: Tornadus|64/100 par
|
|t:|1769406576
|switch|p2a: Scyther|Scyther, F|100/100|[from] Flip Turn
|
|upkeep
|turn|26
|
|t:|1769406581
|-terastallize|p1a: Tornadus|Steel
|move|p2a: Scyther|Dual Wingbeat|p1a: Tornadus
|-resisted|p1a: Tornadus
|-damage|p1a: Tornadus|42/100 par
|-resisted|p1a: Tornadus
|-damage|p1a: Tornadus|18/100 par
|-hitcount|p1a: Tornadus|2
|cant|p1a: Tornadus|par
|
|upkeep
|turn|27
|c|☆flapple1|bruh
|-message|flapple1 forfeited.
|
|win|nimjaisugly
|raw|flapple1's rating: 1594 &rarr; <strong>1570</strong><br />(-24 for losing)
|raw|nimjaisugly's rating: 1529 &rarr; <strong>1553</strong><br />(+24 for winning)
|l|☆flapple1
|player|p1|
