|j|☆Kairak
|j|☆Chaos92031
|t:|1769389301
|gametype|singles
|player|p1|Kairak|roughneck-gen4|
|player|p2|Chaos92031|blue|
|gen|9
|tier|[Gen 9] OU
|rule|HP Percentage Mod: HP is shown in percentages
|rule|Endless Battle Clause: Forcing endless battles is banned
|rule|Species Clause: Limit one of each Pokémon
|rule|OHKO Clause: OHKO moves are banned
|rule|Evasion Items Clause: Evasion items are banned
|rule|Evasion Moves Clause: Evasion moves are banned
|rule|Evasion Abilities Clause: Evasion abilities are banned
|rule|Sleep Moves Clause: Sleep-inducing moves are banned
|clearpoke
|poke|p1|Samurott-Hisui, M|
|poke|p1|Gholdengo|
|poke|p1|Dragapult, M|
|poke|p1|Iron Treads|
|poke|p1|Iron Valiant|
|poke|p1|Zamazenta-*|
|poke|p2|Great Tusk|
|poke|p2|Landorus-Therian, M|
|poke|p2|Slowking-Galar, M|
|poke|p2|Ogerpon-Wellspring, F|
|poke|p2|Zapdos|
|poke|p2|Kingambit, F|
|teampreview
|
|t:|1769389320
|teamsize|p1|6
|teamsize|p2|6
|start
|switch|p1a: Iron Treads|Iron Treads|100/100
|switch|p2a: Zapdos|Zapdos|100/100
|turn|1
|j| Parz187
|
|t:|1769389327
|switch|p2a: Landorus|Landorus-Therian, M|100/100
|-ability|p2a: Landorus|Intimidate|boost
|-unboost|p1a: Iron Treads|atk|1
|move|p1a: Iron Treads|Stealth Rock|p2a: Landorus
|-sidestart|p2: Chaos92031|move: Stealth Rock
|
|upkeep
|turn|2
|j| Waffleztastegood
|
|t:|1769389333
|-end|p1a: Iron Treads|Quark Drive|[silent]
|switch|p1a: Gholdengo|Gholdengo|100/100
|-item|p1a: Gholdengo|Air Balloon
|move|p2a: Landorus|U-turn|p1a: Gholdengo
|-resisted|p1a: Gholdengo
|-damage|p1a: Gholdengo|96/100
|-enditem|p1a: Gholdengo|Air Balloon
|j| yhwach69
|
|t:|1769389345
|switch|p2a: Zapdos|Zapdos|100/100|[from] U-turn
|
|upkeep
|turn|3
|
|t:|1769389350
|switch|p1a: Iron Treads|Iron Treads|100/100
|move|p2a: Zapdos|Volt Switch|p1a: Iron Treads
|-immune|p1a: Iron Treads
|
|upkeep
|turn|4
|
|t:|1769389355
|switch|p2a: Great Tusk|Great Tusk|100/100
|-damage|p2a: Great Tusk|98/100|[from] Stealth Rock
|move|p1a: Iron Treads|Knock Off|p2a: Great Tusk
|-resisted|p2a: Great Tusk
|-damage|p2a: Great Tusk|88/100
|-damage|p1a: Iron Treads|84/100|[from] item: Rocky Helmet|[of] p2a: Great Tusk
|-enditem|p2a: Great Tusk|Rocky Helmet|[from] move: Knock Off|[of] p1a: Iron Treads
|
|-heal|p1a: Iron Treads|90/100|[from] item: Leftovers
|upkeep
|turn|5
|
|t:|1769389362
|-end|p1a: Iron Treads|Quark Drive|[silent]
|switch|p1a: Dragapult|Dragapult, M|100/100
|move|p2a: Great Tusk|Stealth Rock|p1a: Dragapult
|-sidestart|p1: Kairak|move: Stealth Rock
|
|upkeep
|turn|6
|
|t:|1769389366
|-end|p2a: Great Tusk|Protosynthesis|[silent]
|switch|p2a: Slowking|Slowking-Galar, M|100/100
|-damage|p2a: Slowking|88/100|[from] Stealth Rock
|move|p1a: Dragapult|Will-O-Wisp|p2a: Slowking|[miss]
|-miss|p1a: Dragapult|p2a: Slowking
|
|upkeep
|turn|7
|
|t:|1769389372
|move|p1a: Dragapult|Will-O-Wisp|p2a: Slowking
|-status|p2a: Slowking|brn
|move|p2a: Slowking|Future Sight|p1a: Dragapult
|-start|p2a: Slowking|move: Future Sight
|
|-damage|p2a: Slowking|82/100 brn|[from] brn
|upkeep
|turn|8
|
|t:|1769389376
|move|p1a: Dragapult|Hex|p2a: Slowking
|-supereffective|p2a: Slowking
|-damage|p2a: Slowking|30/100 brn
|move|p2a: Slowking|Sludge Bomb|p1a: Dragapult
|-resisted|p1a: Dragapult
|-damage|p1a: Dragapult|77/100
|
|-damage|p2a: Slowking|24/100 brn|[from] brn
|upkeep
|turn|9
|
|t:|1769389383
|switch|p2a: Zapdos|Zapdos|100/100
|move|p1a: Dragapult|Will-O-Wisp|p2a: Zapdos
|-status|p2a: Zapdos|brn
|
|-end|p1a: Dragapult|move: Future Sight
|-damage|p1a: Dragapult|11/100
|-damage|p2a: Zapdos|94/100 brn|[from] brn
|upkeep
|turn|10
|
|t:|1769389391
|move|p1a: Dragapult|Hex|p2a: Zapdos
|-damage|p2a: Zapdos|46/100 brn
|move|p2a: Zapdos|Volt Switch|p1a: Dragapult
|-resisted|p1a: Dragapult
|-damage|p1a: Dragapult|0 fnt
|faint|p1a: Dragapult
|
|t:|1769389401
|switch|p2a: Slowking|Slowking-Galar, M|57/100 brn|[from] Volt Switch
|-damage|p2a: Slowking|45/100 brn|[from] Stealth Rock
|
|-damage|p2a: Slowking|39/100 brn|[from] brn
|upkeep
|
|t:|1769389403
|switch|p1a: Samurott|Samurott-Hisui, M, shiny|100/100
|turn|11
|
|t:|1769389407
|switch|p2a: Zapdos|Zapdos|46/100 brn
|move|p1a: Samurott|Ceaseless Edge|p2a: Zapdos
|-damage|p2a: Zapdos|14/100 brn
|-sidestart|p2: Chaos92031|Spikes
|
|-damage|p2a: Zapdos|8/100 brn|[from] brn
|upkeep
|turn|12
|
|t:|1769389411
|move|p2a: Zapdos|Roost|p2a: Zapdos
|-heal|p2a: Zapdos|58/100 brn
|-singleturn|p2a: Zapdos|move: Roost
|move|p1a: Samurott|Ceaseless Edge|p2a: Zapdos
|-damage|p2a: Zapdos|28/100 brn
|-sidestart|p2: Chaos92031|Spikes
|
|-damage|p2a: Zapdos|22/100 brn|[from] brn
|upkeep
|turn|13
|
|t:|1769389415
|move|p2a: Zapdos|Roost|p2a: Zapdos
|-heal|p2a: Zapdos|72/100 brn
|-singleturn|p2a: Zapdos|move: Roost
|move|p1a: Samurott|Knock Off|p2a: Zapdos
|-damage|p2a: Zapdos|39/100 brn
|-enditem|p2a: Zapdos|Heavy-Duty Boots|[from] move: Knock Off|[of] p1a: Samurott
|
|-damage|p2a: Zapdos|33/100 brn|[from] brn
|upkeep
|turn|14
|
|t:|1769389418
|move|p1a: Samurott|Sucker Punch|p2a: Zapdos
|-damage|p2a: Zapdos|12/100 brn
|move|p2a: Zapdos|Volt Switch|p1a: Samurott
|-supereffective|p1a: Samurott
|-damage|p1a: Samurott|39/100
|
|t:|1769389421
|switch|p2a: Great Tusk|Great Tusk|88/100|[from] Volt Switch
|-damage|p2a: Great Tusk|85/100|[from] Stealth Rock
|-damage|p2a: Great Tusk|69/100|[from] Spikes
|
|upkeep
|turn|15
|
|t:|1769389424
|move|p2a: Great Tusk|Rapid Spin|p1a: Samurott
|-damage|p1a: Samurott|23/100
|-boost|p2a: Great Tusk|spe|1
|-sideend|p2: Chaos92031|Spikes|[from] move: Rapid Spin|[of] p2a: Great Tusk
|-sideend|p2: Chaos92031|Stealth Rock|[from] move: Rapid Spin|[of] p2a: Great Tusk
|move|p1a: Samurott|Razor Shell|p2a: Great Tusk
|-supereffective|p2a: Great Tusk
|-damage|p2a: Great Tusk|9/100
|
|upkeep
|turn|16
|c| Waffleztastegood|no para is crazy though
|
|t:|1769389432
|-end|p2a: Great Tusk|Protosynthesis|[silent]
|switch|p2a: Zapdos|Zapdos|12/100 brn
|move|p1a: Samurott|Ceaseless Edge|p2a: Zapdos
|-damage|p2a: Zapdos|0 fnt
|-sidestart|p2: Chaos92031|Spikes
|faint|p2a: Zapdos
|
|upkeep
|
|t:|1769389436
|switch|p2a: Landorus|Landorus-Therian, M|100/100
|-ability|p2a: Landorus|Intimidate|boost
|-unboost|p1a: Samurott|atk|1
|turn|17
|c| yhwach69|Fr
|
|t:|1769389445
|switch|p1a: Zamazenta|Zamazenta|100/100
|-damage|p1a: Zamazenta|94/100|[from] Stealth Rock
|-ability|p1a: Zamazenta|Dauntless Shield|boost
|-boost|p1a: Zamazenta|def|1
|move|p2a: Landorus|U-turn|p1a: Zamazenta
|-resisted|p1a: Zamazenta
|-damage|p1a: Zamazenta|88/100
|
|t:|1769389449
|switch|p2a: Slowking|Slowking-Galar, M|72/100 brn|[from] U-turn
|-damage|p2a: Slowking|60/100 brn|[from] Spikes
|
|-heal|p1a: Zamazenta|94/100|[from] item: Leftovers
|-damage|p2a: Slowking|53/100 brn|[from] brn
|upkeep
|turn|18
|
|t:|1769389454
|move|p1a: Zamazenta|Crunch|p2a: Slowking
|-supereffective|p2a: Slowking
|-crit|p2a: Slowking
|-damage|p2a: Slowking|5/100 brn
|move|p2a: Slowking|Future Sight|p1a: Zamazenta
|-start|p2a: Slowking|move: Future Sight
|
|-heal|p1a: Zamazenta|99/100|[from] item: Leftovers
|-damage|p2a: Slowking|0 fnt|[from] brn
|faint|p2a: Slowking
|upkeep
|c| yhwach69|Is that shi pressure
|c| Waffleztastegood|its not
|
|t:|1769389470
|switch|p2a: Landorus|Landorus-Therian, M|100/100
|-ability|p2a: Landorus|Intimidate|boost
|-unboost|p1a: Zamazenta|atk|1
|turn|19
|
|t:|1769389476
|switch|p1a: Iron Treads|Iron Treads|90/100
|-damage|p1a: Iron Treads|87/100|[from] Stealth Rock
|-terastallize|p2a: Landorus|Flying
|move|p2a: Landorus|Tera Blast|p1a: Iron Treads|[anim] Tera Blast Flying
|-resisted|p1a: Iron Treads
|-damage|p1a: Iron Treads|61/100
|
|-heal|p1a: Iron Treads|67/100|[from] item: Leftovers
|upkeep
|turn|20
|
|t:|1769389480
|switch|p2a: Great Tusk|Great Tusk|9/100
|-damage|p2a: Great Tusk|0 fnt|[from] Spikes
|faint|p2a: Great Tusk
|-end|p2a: Great Tusk|Protosynthesis|[silent]
|move|p1a: Iron Treads|Rapid Spin|p2: Great Tusk|[notarget]
|-fail|p1a: Iron Treads
|
|-end|p1a: Iron Treads|move: Future Sight
|-resisted|p1a: Iron Treads
|-damage|p1a: Iron Treads|37/100
|-heal|p1a: Iron Treads|43/100|[from] item: Leftovers
|upkeep
|
|t:|1769389483
|switch|p2a: Ogerpon|Ogerpon-Wellspring, F|100/100
|-damage|p2a: Ogerpon|88/100|[from] Spikes
|turn|21
|c| yhwach69|The plot is with Kairak
|
|t:|1769389486
|move|p2a: Ogerpon|Ivy Cudgel|p1a: Iron Treads|[anim] Ivy Cudgel Water
|-supereffective|p1a: Iron Treads
|-damage|p1a: Iron Treads|0 fnt
|faint|p1a: Iron Treads
|-end|p1a: Iron Treads|Quark Drive|[silent]
|
|upkeep
|
|t:|1769389489
|switch|p1a: Iron Valiant|Iron Valiant|100/100
|-damage|p1a: Iron Valiant|94/100|[from] Stealth Rock
|turn|22
|
|t:|1769389496
|switch|p2a: Landorus|Landorus-Therian, M, tera:Flying|100/100
|-ability|p2a: Landorus|Intimidate|boost
|-unboost|p1a: Iron Valiant|atk|1
|-terastallize|p1a: Iron Valiant|Fairy
|move|p1a: Iron Valiant|Moonblast|p2a: Landorus
|-damage|p2a: Landorus|0 fnt
|faint|p2a: Landorus
|
|upkeep
|
|t:|1769389503
|switch|p2a: Kingambit|Kingambit, F|100/100
|-damage|p2a: Kingambit|88/100|[from] Spikes
|-activate|p2a: Kingambit|ability: Supreme Overlord
|-start|p2a: Kingambit|fallen4|[silent]
|turn|23
|
|t:|1769389506
|move|p1a: Iron Valiant|Moonblast|p2a: Kingambit
|-damage|p2a: Kingambit|0 fnt
|faint|p2a: Kingambit
|-end|p2a: Kingambit|fallen4|[silent]
|
|upkeep
|
|t:|1769389508
|switch|p2a: Ogerpon|Ogerpon-Wellspring, F|88/100
|-damage|p2a: Ogerpon|76/100|[from] Spikes
|turn|24
|
|t:|1769389510
|move|p1a: Iron Valiant|Moonblast|p2a: Ogerpon
|-damage|p2a: Ogerpon|0 fnt
|faint|p2a: Ogerpon
|
|win|Kairak
|c| Parz187|DAMN
|c|☆Chaos92031|gg
|l|☆Kairak
|player|p1|
|l|☆Chaos92031
|player|p2|
|c| Waffleztastegood|gg
