|j|☆be んout of
|j|☆ramoncombats95
|t:|1769342419
|gametype|singles
|player|p1|be んout of|flint|1274
|player|p2|ramoncombats95|benga|1228
|gen|9
|tier|[Gen 9] OU
|rated|
|rule|HP Percentage Mod: HP is shown in percentages
|rule|Endless Battle Clause: Forcing endless battles is banned
|rule|Species Clause: Limit one of each Pokémon
|rule|OHKO Clause: OHKO moves are banned
|rule|Evasion Items Clause: Evasion items are banned
|rule|Evasion Moves Clause: Evasion moves are banned
|rule|Evasion Abilities Clause: Evasion abilities are banned
|rule|Sleep Moves Clause: Sleep-inducing moves are banned
|clearpoke
|poke|p1|Glimmora, M|
|poke|p1|Kingambit, F|
|poke|p1|Darkrai|
|poke|p1|Iron Valiant|
|poke|p1|Gholdengo|
|poke|p1|Ogerpon-Wellspring, F|
|poke|p2|Milotic, M|
|poke|p2|Lokix, M|
|poke|p2|Gliscor, F|
|poke|p2|Corviknight, F|
|poke|p2|Eelektross, F|
|poke|p2|Mienshao, M|
|teampreview
|
|t:|1769342422
|teamsize|p1|6
|teamsize|p2|6
|start
|switch|p1a: Glimmora|Glimmora, M, shiny|100/100
|switch|p2a: Milotic|Milotic, M, shiny|100/100
|turn|1
|inactive|Battle timer is ON: inactive players will automatically lose when time's up. (requested by be んout of)
|
|t:|1769342442
|move|p1a: Glimmora|Mortal Spin|p2a: Milotic
|-damage|p2a: Milotic|94/100
|-status|p2a: Milotic|psn
|move|p2a: Milotic|Scald|p1a: Glimmora
|-supereffective|p1a: Glimmora
|-damage|p1a: Glimmora|10/100
|
|-heal|p2a: Milotic|99/100 psn|[from] item: Leftovers
|-damage|p2a: Milotic|88/100 psn|[from] psn
|upkeep
|turn|2
|
|t:|1769342450
|move|p1a: Glimmora|Stealth Rock|p2a: Milotic
|-sidestart|p2: ramoncombats95|move: Stealth Rock
|move|p2a: Milotic|Ice Beam|p1a: Glimmora
|-damage|p1a: Glimmora|0 fnt
|faint|p1a: Glimmora
|
|-heal|p2a: Milotic|94/100 psn|[from] item: Leftovers
|-damage|p2a: Milotic|82/100 psn|[from] psn
|upkeep
|
|t:|1769342454
|switch|p1a: Ogerpon|Ogerpon-Wellspring, F|100/100
|turn|3
|
|t:|1769342458
|move|p1a: Ogerpon|Spiky Shield|p1a: Ogerpon
|-singleturn|p1a: Ogerpon|move: Protect
|move|p2a: Milotic|Ice Beam|p1a: Ogerpon
|-activate|p1a: Ogerpon|move: Protect
|
|-heal|p2a: Milotic|88/100 psn|[from] item: Leftovers
|-damage|p2a: Milotic|75/100 psn|[from] psn
|upkeep
|turn|4
|
|t:|1769342461
|move|p1a: Ogerpon|Horn Leech|p2a: Milotic
|-supereffective|p2a: Milotic
|-damage|p2a: Milotic|0 fnt
|faint|p2a: Milotic
|
|upkeep
|
|t:|1769342469
|switch|p2a: Mienshao|Mienshao, M, shiny|100/100
|-damage|p2a: Mienshao|95/100|[from] Stealth Rock
|turn|5
|
|t:|1769342474
|switch|p1a: Gholdengo|Gholdengo|100/100
|-item|p1a: Gholdengo|Air Balloon
|move|p2a: Mienshao|Knock Off|p1a: Gholdengo
|-supereffective|p1a: Gholdengo
|-damage|p1a: Gholdengo|14/100
|-enditem|p1a: Gholdengo|Air Balloon
|
|upkeep
|turn|6
|
|t:|1769342479
|move|p2a: Mienshao|Knock Off|p1a: Gholdengo
|-supereffective|p1a: Gholdengo
|-damage|p1a: Gholdengo|0 fnt
|faint|p1a: Gholdengo
|
|upkeep
|c|☆be んout of|good pplay i have to say
|
|t:|1769342488
|switch|p1a: Iron Valiant|Iron Valiant, shiny|100/100
|-enditem|p1a: Iron Valiant|Booster Energy
|-activate|p1a: Iron Valiant|ability: Quark Drive|[fromitem]
|-start|p1a: Iron Valiant|quarkdrivespe
|turn|7
|
|t:|1769342500
|switch|p2a: Corviknight|Corviknight, F, shiny|100/100
|-damage|p2a: Corviknight|88/100|[from] Stealth Rock
|-ability|p2a: Corviknight|Pressure
|move|p1a: Iron Valiant|Moonblast|p2a: Corviknight
|-resisted|p2a: Corviknight
|-damage|p2a: Corviknight|66/100
|-unboost|p2a: Corviknight|spa|1
|
|upkeep
|turn|8
|
|t:|1769342507
|-end|p1a: Iron Valiant|Quark Drive|[silent]
|switch|p1a: Kingambit|Kingambit, F, shiny|100/100
|-activate|p1a: Kingambit|ability: Supreme Overlord
|-start|p1a: Kingambit|fallen2|[silent]
|move|p2a: Corviknight|Defog|p1a: Kingambit
|-unboost|p1a: Kingambit|evasion|1
|-sideend|p2: ramoncombats95|Stealth Rock|[from] move: Defog|[of] p2a: Corviknight
|
|upkeep
|turn|9
|
|t:|1769342517
|move|p1a: Kingambit|Kowtow Cleave|p2a: Corviknight
|-damage|p2a: Corviknight|25/100
|-damage|p1a: Kingambit|84/100|[from] item: Rocky Helmet|[of] p2a: Corviknight
|move|p2a: Corviknight|Bulk Up|p2a: Corviknight
|-boost|p2a: Corviknight|atk|1
|-boost|p2a: Corviknight|def|1
|
|upkeep
|turn|10
|
|t:|1769342521
|move|p1a: Kingambit|Kowtow Cleave|p2a: Corviknight
|-damage|p2a: Corviknight|0 fnt
|-damage|p1a: Kingambit|68/100|[from] item: Rocky Helmet|[of] p2a: Corviknight
|faint|p2a: Corviknight
|
|upkeep
|
|t:|1769342525
|switch|p2a: Gliscor|Gliscor, F, shiny|100/100
|turn|11
|
|t:|1769342528
|move|p2a: Gliscor|Earthquake|p1a: Kingambit
|-supereffective|p1a: Kingambit
|-damage|p1a: Kingambit|0 fnt
|faint|p1a: Kingambit
|-end|p1a: Kingambit|fallen2|[silent]
|
|-status|p2a: Gliscor|tox|[from] item: Toxic Orb
|upkeep
|
|t:|1769342531
|switch|p1a: Ogerpon|Ogerpon-Wellspring, F|100/100
|turn|12
|
|t:|1769342543
|move|p1a: Ogerpon|Ivy Cudgel|p2a: Gliscor|[anim] Ivy Cudgel Water
|-supereffective|p2a: Gliscor
|-damage|p2a: Gliscor|26/100 tox
|move|p2a: Gliscor|Earthquake|p1a: Ogerpon
|-resisted|p1a: Ogerpon
|-damage|p1a: Ogerpon|80/100
|
|-heal|p2a: Gliscor|38/100 tox|[from] ability: Poison Heal
|upkeep
|turn|13
|
|t:|1769342550
|move|p1a: Ogerpon|Horn Leech|p2a: Gliscor
|-damage|p2a: Gliscor|10/100 tox
|-heal|p1a: Ogerpon|94/100|[from] drain|[of] p2a: Gliscor
|move|p2a: Gliscor|Toxic|p1a: Ogerpon
|-status|p1a: Ogerpon|tox
|
|-damage|p1a: Ogerpon|88/100 tox|[from] psn
|-heal|p2a: Gliscor|23/100 tox|[from] ability: Poison Heal
|upkeep
|turn|14
|
|t:|1769342562
|move|p2a: Gliscor|Protect|p2a: Gliscor
|-singleturn|p2a: Gliscor|Protect
|move|p1a: Ogerpon|Ivy Cudgel|p2a: Gliscor|[anim] Ivy Cudgel Water
|-activate|p2a: Gliscor|move: Protect
|
|-damage|p1a: Ogerpon|76/100 tox|[from] psn
|-heal|p2a: Gliscor|35/100 tox|[from] ability: Poison Heal
|upkeep
|turn|15
|
|t:|1769342564
|move|p1a: Ogerpon|Ivy Cudgel|p2a: Gliscor|[anim] Ivy Cudgel Water
|-supereffective|p2a: Gliscor
|-damage|p2a: Gliscor|0 fnt
|faint|p2a: Gliscor
|
|-damage|p1a: Ogerpon|58/100 tox|[from] psn
|upkeep
|
|t:|1769342566
|switch|p2a: Lokix|Lokix, M, shiny|100/100
|turn|16
|
|t:|1769342569
|move|p1a: Ogerpon|Spiky Shield|p1a: Ogerpon
|-singleturn|p1a: Ogerpon|move: Protect
|move|p2a: Lokix|First Impression|p1a: Ogerpon
|-activate|p1a: Ogerpon|move: Protect
|-damage|p2a: Lokix|88/100|[from] Spiky Shield|[of] p1a: Ogerpon
|
|-damage|p1a: Ogerpon|33/100 tox|[from] psn
|upkeep
|turn|17
|
|t:|1769342572
|move|p2a: Lokix|Sucker Punch|p1a: Ogerpon
|-damage|p1a: Ogerpon|0 fnt
|faint|p1a: Ogerpon
|-damage|p2a: Lokix|78/100|[from] item: Life Orb
|
|upkeep
|
|t:|1769342575
|switch|p1a: Iron Valiant|Iron Valiant, shiny|100/100
|turn|18
|
|t:|1769342582
|switch|p2a: Mienshao|Mienshao, M, shiny|95/100
|move|p1a: Iron Valiant|Moonblast|p2a: Mienshao
|-supereffective|p2a: Mienshao
|-damage|p2a: Mienshao|0 fnt
|faint|p2a: Mienshao
|
|upkeep
|
|t:|1769342584
|switch|p2a: Eelektross|Eelektross, F, shiny|100/100
|turn|19
|
|t:|1769342588
|-terastallize|p2a: Eelektross|Electric
|move|p1a: Iron Valiant|Moonblast|p2a: Eelektross
|-damage|p2a: Eelektross|47/100
|move|p2a: Eelektross|Thunderbolt|p1a: Iron Valiant
|-damage|p1a: Iron Valiant|0 fnt
|faint|p1a: Iron Valiant
|-end|p1a: Iron Valiant|Quark Drive|[silent]
|
|upkeep
|
|t:|1769342593
|switch|p1a: Darkrai|Darkrai|100/100
|turn|20
|
|t:|1769342600
|move|p1a: Darkrai|Focus Blast|p2a: Eelektross|[miss]
|-miss|p1a: Darkrai|p2a: Eelektross
|move|p2a: Eelektross|Thunderbolt|p1a: Darkrai
|-damage|p1a: Darkrai|0 fnt
|faint|p1a: Darkrai
|
|win|ramoncombats95
|raw|be んout of's rating: 1274 &rarr; <strong>1246</strong><br />(-28 for losing)
|raw|ramoncombats95's rating: 1228 &rarr; <strong>1256</strong><br />(+28 for winning)
|l|☆be んout of
|player|p1|
|l|☆ramoncombats95
|player|p2|
