|badge|p1|bronze|gen9doublesou|100-8
|uhtml|medal-msg|<div class="broadcast-blue">Curious what those medals under the avatar are? PS now has Ladder Seasons! For more information, check out the <a href="https://www.smogon.com/forums/threads/3740067/">thread on Smogon.</a></div>
|j|☆ismelllikesocksbro
|j|☆urifloo777
|t:|1769404351
|gametype|singles
|player|p1|ismelllikesocksbro|dancer|1100
|player|p2|urifloo777|blue|1121
|gen|9
|tier|[Gen 9] OU
|rated|
|rule|HP Percentage Mod: HP is shown in percentages
|rule|Endless Battle Clause: Forcing endless battles is banned
|rule|Species Clause: Limit one of each Pokémon
|rule|OHKO Clause: OHKO moves are banned
|rule|Evasion Items Clause: Evasion items are banned
|rule|Evasion Moves Clause: Evasion moves are banned
|rule|Evasion Abilities Clause: Evasion abilities are banned
|rule|Sleep Moves Clause: Sleep-inducing moves are banned
|clearpoke
|poke|p1|Pecharunt|
|poke|p1|Kingambit, F|
|poke|p1|Volcanion|
|poke|p1|Iron Valiant|
|poke|p1|Landorus-Therian, M|
|poke|p1|Deoxys-Speed|
|poke|p2|Blastoise, F|
|poke|p2|Garchomp, F|
|poke|p2|Gengar, F|
|poke|p2|Florges-Blue, F|
|poke|p2|Kingambit, F|
|poke|p2|Frosmoth, F|
|teampreview
|inactive|Battle timer is ON: inactive players will automatically lose when time's up. (requested by ismelllikesocksbro)
|
|t:|1769404367
|teamsize|p1|6
|teamsize|p2|6
|start
|switch|p1a: Landorus|Landorus-Therian, M|100/100
|switch|p2a: Gollira|Garchomp, F|100/100
|-ability|p1a: Landorus|Intimidate|boost
|-unboost|p2a: Gollira|atk|1
|turn|1
|c|☆ismelllikesocksbro|Gl hf
|
|t:|1769404384
|move|p1a: Landorus|Taunt|p2a: Gollira
|-start|p2a: Gollira|move: Taunt
|cant|p2a: Gollira|move: Taunt|Swords Dance
|
|upkeep
|turn|2
|
|t:|1769404392
|move|p2a: Gollira|Fire Fang|p1a: Landorus
|-damage|p1a: Landorus|85/100
|-damage|p2a: Gollira|84/100|[from] item: Rocky Helmet|[of] p1a: Landorus
|move|p1a: Landorus|Stealth Rock|p2a: Gollira
|-sidestart|p2: urifloo777|move: Stealth Rock
|
|upkeep
|turn|3
|
|t:|1769404400
|move|p2a: Gollira|Scale Shot|p1a: Landorus
|-damage|p1a: Landorus|76/100
|-damage|p1a: Landorus|68/100
|-damage|p1a: Landorus|59/100
|-damage|p1a: Landorus|50/100
|-hitcount|p1a: Landorus|4
|-unboost|p2a: Gollira|def|1
|-boost|p2a: Gollira|spe|1
|move|p1a: Landorus|U-turn|p2a: Gollira
|-damage|p2a: Gollira|51/100
|-damage|p1a: Landorus|38/100|[from] ability: Rough Skin|[of] p2a: Gollira
|
|t:|1769404407
|switch|p1a: Deoxys|Deoxys-Speed|100/100|[from] U-turn
|-ability|p1a: Deoxys|Pressure
|
|-end|p2a: Gollira|move: Taunt
|upkeep
|turn|4
|
|t:|1769404419
|move|p2a: Gollira|Swords Dance|p2a: Gollira
|-boost|p2a: Gollira|atk|2
|move|p1a: Deoxys|Spikes|p2a: Gollira
|-sidestart|p2: urifloo777|Spikes
|
|upkeep
|turn|5
|
|t:|1769404430
|switch|p1a: Landorus|Landorus-Therian, M|38/100
|-ability|p1a: Landorus|Intimidate|boost
|-unboost|p2a: Gollira|atk|1
|move|p2a: Gollira|Swords Dance|p2a: Gollira
|-boost|p2a: Gollira|atk|2
|
|upkeep
|turn|6
|
|t:|1769404440
|move|p2a: Gollira|Scale Shot|p1a: Landorus
|-damage|p1a: Landorus|11/100
|-damage|p1a: Landorus|0 fnt
|faint|p1a: Landorus
|-hitcount|p1: Landorus|2
|-unboost|p2a: Gollira|def|1
|-boost|p2a: Gollira|spe|1
|
|upkeep
|
|t:|1769404445
|switch|p1a: Pecharunt|Pecharunt|100/100
|turn|7
|
|t:|1769404456
|-terastallize|p1a: Pecharunt|Fairy
|move|p2a: Gollira|Fire Fang|p1a: Pecharunt
|-damage|p1a: Pecharunt|67/100
|move|p1a: Pecharunt|Malignant Chain|p2a: Gollira
|-resisted|p2a: Gollira
|-damage|p2a: Gollira|33/100
|
|upkeep
|turn|8
|
|t:|1769404469
|-terastallize|p2a: Gollira|Fire
|move|p2a: Gollira|Earthquake|p1a: Pecharunt
|-damage|p1a: Pecharunt|0 fnt
|faint|p1a: Pecharunt
|
|upkeep
|
|t:|1769404477
|switch|p1a: Iron Valiant|Iron Valiant|100/100
|-enditem|p1a: Iron Valiant|Booster Energy
|-activate|p1a: Iron Valiant|ability: Quark Drive|[fromitem]
|-start|p1a: Iron Valiant|quarkdrivespe
|turn|9
|
|t:|1769404483
|move|p2a: Gollira|Fire Fang|p1a: Iron Valiant
|-damage|p1a: Iron Valiant|1/100
|move|p1a: Iron Valiant|Knock Off|p2a: Gollira
|-damage|p2a: Gollira|0 fnt
|-damage|p1a: Iron Valiant|0 fnt|[from] ability: Rough Skin|[of] p2a: Gollira
|faint|p2a: Gollira
|faint|p1a: Iron Valiant
|-end|p1a: Iron Valiant|Quark Drive|[silent]
|
|upkeep
|
|t:|1769404492
|switch|p1a: Deoxys|Deoxys-Speed|100/100
|switch|p2a: Mothra|Frosmoth, F|100/100
|-ability|p1a: Deoxys|Pressure
|turn|10
|
|t:|1769404501
|move|p1a: Deoxys|Knock Off|p2a: Mothra
|-damage|p2a: Mothra|75/100
|-enditem|p2a: Mothra|Heavy-Duty Boots|[from] move: Knock Off|[of] p1a: Deoxys
|move|p2a: Mothra|Defog|p1a: Deoxys
|-unboost|p1a: Deoxys|evasion|1
|-sideend|p2: urifloo777|Spikes|[from] move: Defog|[of] p2a: Mothra
|-sideend|p2: urifloo777|Stealth Rock|[from] move: Defog|[of] p2a: Mothra
|-enditem|p1a: Deoxys|Eject Pack
|
|t:|1769404509
|switch|p1a: Kingambit|Kingambit, F|100/100
|-activate|p1a: Kingambit|ability: Supreme Overlord
|-start|p1a: Kingambit|fallen3|[silent]
|
|upkeep
|turn|11
|
|t:|1769404518
|switch|p2a: Trotuman|Blastoise, F|100/100
|move|p1a: Kingambit|Swords Dance|p1a: Kingambit
|-boost|p1a: Kingambit|atk|2
|
|upkeep
|turn|12
|
|t:|1769404526
|move|p2a: Trotuman|Surf|p1a: Kingambit
|-damage|p1a: Kingambit|60/100
|move|p1a: Kingambit|Low Kick|p2a: Trotuman
|-damage|p2a: Trotuman|11/100
|
|-heal|p1a: Kingambit|66/100|[from] item: Leftovers
|upkeep
|turn|13
|
|t:|1769404539
|move|p2a: Trotuman|Shell Smash|p2a: Trotuman
|-unboost|p2a: Trotuman|def|1
|-unboost|p2a: Trotuman|spd|1
|-boost|p2a: Trotuman|atk|2
|-boost|p2a: Trotuman|spa|2
|-boost|p2a: Trotuman|spe|2
|-enditem|p2a: Trotuman|White Herb
|-clearnegativeboost|p2a: Trotuman|[silent]
|move|p1a: Kingambit|Iron Head|p2a: Trotuman
|-resisted|p2a: Trotuman
|-damage|p2a: Trotuman|0 fnt
|faint|p2a: Trotuman
|
|-heal|p1a: Kingambit|72/100|[from] item: Leftovers
|upkeep
|
|t:|1769404552
|switch|p2a: Gengar|Gengar, F|100/100
|turn|14
|
|t:|1769404555
|move|p2a: Gengar|Shadow Ball|p1a: Kingambit
|-resisted|p1a: Kingambit
|-damage|p1a: Kingambit|47/100
|move|p1a: Kingambit|Iron Head|p2a: Gengar
|-damage|p2a: Gengar|0 fnt
|faint|p2a: Gengar
|
|-heal|p1a: Kingambit|53/100|[from] item: Leftovers
|upkeep
|
|t:|1769404565
|switch|p2a: Florges|Florges-Blue, F|100/100
|turn|15
|
|t:|1769404568
|move|p1a: Kingambit|Iron Head|p2a: Florges
|-supereffective|p2a: Florges
|-damage|p2a: Florges|0 fnt
|faint|p2a: Florges
|
|-heal|p1a: Kingambit|59/100|[from] item: Leftovers
|upkeep
|
|t:|1769404574
|switch|p2a: Kingambit|Kingambit, F|100/100
|-activate|p2a: Kingambit|ability: Supreme Overlord
|-start|p2a: Kingambit|fallen4|[silent]
|turn|16
|
|t:|1769404580
|move|p2a: Kingambit|Sucker Punch|p1a: Kingambit
|-resisted|p1a: Kingambit
|-damage|p1a: Kingambit|38/100
|move|p1a: Kingambit|Low Kick|p2a: Kingambit
|-supereffective|p2a: Kingambit
|-damage|p2a: Kingambit|0 fnt
|faint|p2a: Kingambit
|-end|p2a: Kingambit|fallen4|[silent]
|
|-heal|p1a: Kingambit|44/100|[from] item: Leftovers
|upkeep
|
|t:|1769404590
|switch|p2a: Mothra|Frosmoth, F|75/100
|turn|17
|
|t:|1769404596
|move|p1a: Kingambit|Iron Head|p2a: Mothra
|-supereffective|p2a: Mothra
|-damage|p2a: Mothra|0 fnt
|faint|p2a: Mothra
|
|win|ismelllikesocksbro
|raw|ismelllikesocksbro's rating: 1100 &rarr; <strong>1127</strong><br />(+27 for winning)
|raw|urifloo777's rating: 1121 &rarr; <strong>1094</strong><br />(-27 for losing)
|l|☆urifloo777
|player|p2|
|l|☆ismelllikesocksbro
|player|p1|
