|j|☆arilover69
|j|☆averagealt99
|t:|1769381668
|gametype|singles
|player|p1|arilover69|iono|1282
|player|p2|averagealt99|acetrainerf-gen4dp|1228
|gen|9
|tier|[Gen 9] OU
|rated|
|rule|HP Percentage Mod: HP is shown in percentages
|rule|Endless Battle Clause: Forcing endless battles is banned
|rule|Species Clause: Limit one of each Pokémon
|rule|OHKO Clause: OHKO moves are banned
|rule|Evasion Items Clause: Evasion items are banned
|rule|Evasion Moves Clause: Evasion moves are banned
|rule|Evasion Abilities Clause: Evasion abilities are banned
|rule|Sleep Moves Clause: Sleep-inducing moves are banned
|clearpoke
|poke|p1|Weezing-Galar, F|
|poke|p1|Cinccino, F|
|poke|p1|Houndstone, M|
|poke|p1|Vileplume, F|
|poke|p1|Articuno|
|poke|p1|Magnezone|
|poke|p2|Pelipper, M|
|poke|p2|Samurott-Hisui, F|
|poke|p2|Hatterene, F|
|poke|p2|Poliwrath, F|
|poke|p2|Dragalge, F|
|poke|p2|Thundurus-Therian, M|
|teampreview
|
|t:|1769381696
|teamsize|p1|6
|teamsize|p2|6
|start
|switch|p1a: Weezing|Weezing-Galar, F|100/100
|switch|p2a: Samurott|Samurott-Hisui, F|100/100
|-ability|p1a: Weezing|Neutralizing Gas
|turn|1
|
|t:|1769381703
|switch|p2a: Hatterene|Hatterene, F|100/100
|move|p1a: Weezing|Will-O-Wisp|p2a: Hatterene
|-status|p2a: Hatterene|brn
|
|-damage|p2a: Hatterene|95/100 brn|[from] brn
|upkeep
|turn|2
|
|t:|1769381730
|-end|p1a: Weezing|ability: Neutralizing Gas
|switch|p1a: Articuno|Articuno|100/100
|-ability|p1a: Articuno|Pressure
|switch|p2a: Dragalge|Dragalge, F, shiny|100/100
|
|upkeep
|turn|3
|
|t:|1769381738
|move|p1a: Articuno|Freeze-Dry|p2a: Dragalge
|-supereffective|p2a: Dragalge
|-damage|p2a: Dragalge|59/100
|-status|p2a: Dragalge|frz
|cant|p2a: Dragalge|frz
|
|upkeep
|turn|4
|
|t:|1769381748
|switch|p2a: Hatterene|Hatterene, F|95/100 brn
|move|p1a: Articuno|Freeze-Dry|p2a: Hatterene
|-damage|p2a: Hatterene|74/100 brn
|
|-damage|p2a: Hatterene|68/100 brn|[from] brn
|upkeep
|turn|5
|
|t:|1769381759
|move|p1a: Articuno|U-turn|p2a: Hatterene
|-damage|p2a: Hatterene|56/100 brn
|-damage|p1a: Articuno|84/100|[from] item: Rocky Helmet|[of] p2a: Hatterene
|
|t:|1769381770
|switch|p1a: Magnezone|Magnezone|100/100|[from] U-turn
|move|p2a: Hatterene|Future Sight|p1a: Magnezone
|-start|p2a: Hatterene|move: Future Sight
|
|-damage|p2a: Hatterene|50/100 brn|[from] brn
|upkeep
|turn|6
|
|t:|1769381785
|switch|p2a: Samurott|Samurott-Hisui, F|100/100
|move|p1a: Magnezone|Flash Cannon|p2a: Samurott
|-resisted|p2a: Samurott
|-damage|p2a: Samurott|67/100
|
|upkeep
|turn|7
|
|t:|1769381798
|switch|p1a: Weezing|Weezing-Galar, F|100/100
|-ability|p1a: Weezing|Neutralizing Gas
|move|p2a: Samurott|Knock Off|p1a: Weezing
|-resisted|p1a: Weezing
|-damage|p1a: Weezing|89/100
|-enditem|p1a: Weezing|Heavy-Duty Boots|[from] move: Knock Off|[of] p2a: Samurott
|
|-end|p1a: Weezing|move: Future Sight
|-supereffective|p1a: Weezing
|-damage|p1a: Weezing|0 fnt
|faint|p1a: Weezing
|-end|p1a: Weezing|ability: Neutralizing Gas
|upkeep
|
|t:|1769381825
|switch|p1a: Vileplume|Vileplume, F|100/100
|turn|8
|
|t:|1769381834
|move|p2a: Samurott|Ceaseless Edge|p1a: Vileplume
|-damage|p1a: Vileplume|72/100
|-damage|p2a: Samurott|50/100|[from] item: Rocky Helmet|[of] p1a: Vileplume
|-sidestart|p1: arilover69|Spikes
|move|p1a: Vileplume|Giga Drain|p2a: Samurott
|-supereffective|p2a: Samurott
|-damage|p2a: Samurott|6/100
|-heal|p1a: Vileplume|96/100|[from] drain|[of] p2a: Samurott
|
|upkeep
|turn|9
|
|t:|1769381846
|switch|p2a: Dragalge|Dragalge, F, shiny|59/100 frz
|move|p1a: Vileplume|Strength Sap|p2a: Dragalge
|-unboost|p2a: Dragalge|atk|1
|-heal|p1a: Vileplume|100/100
|
|upkeep
|turn|10
|
|t:|1769381853
|move|p1a: Vileplume|Leech Seed|p2a: Dragalge
|-start|p2a: Dragalge|move: Leech Seed
|-curestatus|p2a: Dragalge|frz|[msg]
|move|p2a: Dragalge|Draco Meteor|p1a: Vileplume
|-damage|p1a: Vileplume|17/100
|-unboost|p2a: Dragalge|spa|2
|
|-damage|p2a: Dragalge|47/100|[from] Leech Seed|[of] p1a: Vileplume
|-heal|p1a: Vileplume|29/100|[silent]
|upkeep
|turn|11
|
|t:|1769381861
|move|p1a: Vileplume|Strength Sap|p2a: Dragalge
|-unboost|p2a: Dragalge|atk|1
|-heal|p1a: Vileplume|60/100
|move|p2a: Dragalge|Flip Turn|p1a: Vileplume
|-resisted|p1a: Vileplume
|-damage|p1a: Vileplume|58/100
|-damage|p2a: Dragalge|30/100|[from] item: Rocky Helmet|[of] p1a: Vileplume
|
|t:|1769381868
|switch|p2a: Pelipper|Pelipper, M|100/100|[from] Flip Turn
|-weather|RainDance|[from] ability: Drizzle|[of] p2a: Pelipper
|
|-weather|RainDance|[upkeep]
|upkeep
|turn|12
|
|t:|1769381882
|switch|p1a: Articuno|Articuno|84/100
|-ability|p1a: Articuno|Pressure
|move|p2a: Pelipper|Hurricane|p1a: Articuno
|-damage|p1a: Articuno|65/100
|-start|p1a: Articuno|confusion
|
|-weather|RainDance|[upkeep]
|upkeep
|turn|13
|
|t:|1769381891
|switch|p2a: Hatterene|Hatterene, F|50/100 brn
|-activate|p1a: Articuno|confusion
|-damage|p1a: Articuno|58/100|[from] confusion
|
|-weather|RainDance|[upkeep]
|-damage|p2a: Hatterene|44/100 brn|[from] brn
|upkeep
|turn|14
|
|t:|1769381899
|-activate|p1a: Articuno|confusion
|move|p1a: Articuno|Roost|p1a: Articuno
|-heal|p1a: Articuno|100/100
|-singleturn|p1a: Articuno|move: Roost
|move|p2a: Hatterene|Future Sight|p1a: Articuno
|-start|p2a: Hatterene|move: Future Sight
|
|-weather|RainDance|[upkeep]
|-damage|p2a: Hatterene|38/100 brn|[from] brn
|upkeep
|turn|15
|
|t:|1769381910
|-activate|p1a: Articuno|confusion
|move|p1a: Articuno|Freeze-Dry|p2a: Hatterene
|-damage|p2a: Hatterene|14/100 brn
|move|p2a: Hatterene|Healing Wish|p2a: Hatterene
|faint|p2a: Hatterene
|
|-weather|RainDance|[upkeep]
|upkeep
|
|t:|1769381916
|switch|p2a: Thundurus|Thundurus-Therian, M|100/100
|turn|16
|
|t:|1769381928
|-terastallize|p1a: Articuno|Dragon
|move|p2a: Thundurus|Thunder|p1a: Articuno
|-resisted|p1a: Articuno
|-damage|p1a: Articuno|81/100
|-status|p1a: Articuno|par
|-activate|p1a: Articuno|confusion
|move|p1a: Articuno|Freeze-Dry|p2a: Thundurus
|-supereffective|p2a: Thundurus
|-damage|p2a: Thundurus|32/100
|
|-weather|RainDance|[upkeep]
|-end|p1a: Articuno|move: Future Sight
|-damage|p1a: Articuno|51/100 par
|upkeep
|turn|17
|
|t:|1769381949
|switch|p2a: Dragalge|Dragalge, F, shiny|30/100
|-heal|p2a: Dragalge|100/100|[from] move: Healing Wish
|-end|p1a: Articuno|confusion
|move|p1a: Articuno|Roost|p1a: Articuno
|-heal|p1a: Articuno|100/100 par
|
|-weather|RainDance|[upkeep]
|upkeep
|turn|18
|
|t:|1769381965
|switch|p1a: Magnezone|Magnezone|100/100
|-damage|p1a: Magnezone|88/100|[from] Spikes
|move|p2a: Dragalge|Draco Meteor|p1a: Magnezone
|-resisted|p1a: Magnezone
|-damage|p1a: Magnezone|37/100
|-unboost|p2a: Dragalge|spa|2
|
|-weather|none
|upkeep
|turn|19
|
|t:|1769381975
|switch|p2a: Thundurus|Thundurus-Therian, M|32/100
|move|p1a: Magnezone|Steel Beam|p2a: Thundurus
|-resisted|p2a: Thundurus
|-damage|p2a: Thundurus|0 fnt
|-damage|p1a: Magnezone|0 fnt|[from] steelbeam
|faint|p1a: Magnezone
|faint|p2a: Thundurus
|
|upkeep
|inactive|Battle timer is ON: inactive players will automatically lose when time's up. (requested by averagealt99)
|
|t:|1769382008
|switch|p2a: Pelipper|Pelipper, M|100/100
|switch|p1a: Cinccino|Cinccino, F|100/100
|-damage|p1a: Cinccino|88/100|[from] Spikes
|-weather|RainDance|[from] ability: Drizzle|[of] p2a: Pelipper
|turn|20
|
|t:|1769382017
|-terastallize|p2a: Pelipper|Steel
|move|p1a: Cinccino|Tidy Up|p1a: Cinccino
|-sideend|p1: arilover69|Spikes
|-activate|p1a: Cinccino|move: Tidy Up
|-boost|p1a: Cinccino|atk|1
|-boost|p1a: Cinccino|spe|1
|move|p2a: Pelipper|Hurricane|p1a: Cinccino
|-damage|p1a: Cinccino|26/100
|
|-weather|RainDance|[upkeep]
|upkeep
|turn|21
|
|t:|1769382029
|move|p1a: Cinccino|Tail Slap|p2a: Pelipper|[miss]
|-miss|p1a: Cinccino|p2a: Pelipper
|move|p2a: Pelipper|Surf|p1a: Cinccino
|-damage|p1a: Cinccino|0 fnt
|faint|p1a: Cinccino
|
|-weather|RainDance|[upkeep]
|upkeep
|
|t:|1769382047
|switch|p1a: Articuno|Articuno, tera:Dragon|100/100 par
|-ability|p1a: Articuno|Pressure
|turn|22
|
|t:|1769382054
|move|p2a: Pelipper|Hurricane|p1a: Articuno
|-damage|p1a: Articuno|81/100 par
|move|p1a: Articuno|Freeze-Dry|p2a: Pelipper
|-resisted|p2a: Pelipper
|-damage|p2a: Pelipper|87/100
|
|-weather|RainDance|[upkeep]
|upkeep
|turn|23
|
|t:|1769382061
|move|p2a: Pelipper|Hurricane|p1a: Articuno
|-damage|p1a: Articuno|61/100 par
|cant|p1a: Articuno|par
|
|-weather|RainDance|[upkeep]
|upkeep
|turn|24
|
|t:|1769382067
|move|p2a: Pelipper|Hurricane|p1a: Articuno
|-damage|p1a: Articuno|42/100 par
|move|p1a: Articuno|Roost|p1a: Articuno
|-heal|p1a: Articuno|92/100 par
|
|-weather|RainDance|[upkeep]
|upkeep
|turn|25
|
|t:|1769382074
|move|p2a: Pelipper|Hurricane|p1a: Articuno
|-damage|p1a: Articuno|72/100 par
|move|p1a: Articuno|Freeze-Dry|p2a: Pelipper
|-resisted|p2a: Pelipper
|-damage|p2a: Pelipper|75/100
|-status|p2a: Pelipper|frz
|
|-weather|RainDance|[upkeep]
|upkeep
|turn|26
|
|t:|1769382084
|switch|p2a: Dragalge|Dragalge, F, shiny|100/100
|move|p1a: Articuno|Roost|p1a: Articuno
|-heal|p1a: Articuno|100/100 par
|
|-weather|RainDance|[upkeep]
|upkeep
|turn|27
|
|t:|1769382089
|move|p2a: Dragalge|Draco Meteor|p1a: Articuno|[miss]
|-miss|p2a: Dragalge|p1a: Articuno
|move|p1a: Articuno|Freeze-Dry|p2a: Dragalge
|-supereffective|p2a: Dragalge
|-damage|p2a: Dragalge|61/100
|
|-weather|none
|upkeep
|turn|28
|
|t:|1769382097
|move|p2a: Dragalge|Draco Meteor|p1a: Articuno
|-supereffective|p1a: Articuno
|-crit|p1a: Articuno
|-damage|p1a: Articuno|0 fnt
|-unboost|p2a: Dragalge|spa|2
|faint|p1a: Articuno
|
|upkeep
|
|t:|1769382108
|switch|p1a: Houndstone|Houndstone, M|100/100
|turn|29
|
|t:|1769382117
|switch|p2a: Pelipper|Pelipper, M, tera:Steel|75/100 frz
|-weather|RainDance|[from] ability: Drizzle|[of] p2a: Pelipper
|move|p1a: Houndstone|Night Shade|p2a: Pelipper
|-damage|p2a: Pelipper|44/100 frz
|
|-weather|RainDance|[upkeep]
|upkeep
|turn|30
|
|t:|1769382139
|move|p1a: Houndstone|Night Shade|p2a: Pelipper
|-damage|p2a: Pelipper|13/100 frz
|-curestatus|p2a: Pelipper|frz|[msg]
|move|p2a: Pelipper|U-turn|p1a: Houndstone
|-resisted|p1a: Houndstone
|-damage|p1a: Houndstone|99/100
|-damage|p2a: Pelipper|0 fnt|[from] item: Rocky Helmet|[of] p1a: Houndstone
|faint|p2a: Pelipper
|
|-weather|RainDance|[upkeep]
|upkeep
|
|t:|1769382148
|switch|p2a: Samurott|Samurott-Hisui, F|6/100
|turn|31
|
|t:|1769382154
|move|p2a: Samurott|Aqua Cutter|p1a: Houndstone
|-damage|p1a: Houndstone|61/100
|move|p1a: Houndstone|Rest|p1a: Houndstone
|-status|p1a: Houndstone|slp|[from] move: Rest
|-heal|p1a: Houndstone|100/100 slp|[silent]
|
|-weather|RainDance|[upkeep]
|upkeep
|turn|32
|
|t:|1769382166
|move|p2a: Samurott|Aqua Cutter|p1a: Houndstone
|-damage|p1a: Houndstone|59/100 slp
|cant|p1a: Houndstone|slp
|move|p1a: Houndstone|Sleep Talk|p1a: Houndstone
|move|p1a: Houndstone|Roar|p2a: Samurott|[from] move: Sleep Talk
|drag|p2a: Poliwrath|Poliwrath, F|100/100
|
|-weather|RainDance|[upkeep]
|upkeep
|turn|33
|
|t:|1769382178
|move|p2a: Poliwrath|Belly Drum|p2a: Poliwrath
|-damage|p2a: Poliwrath|50/100
|-setboost|p2a: Poliwrath|atk|6|[from] move: Belly Drum
|-enditem|p2a: Poliwrath|Sitrus Berry|[eat]
|-heal|p2a: Poliwrath|75/100|[from] item: Sitrus Berry
|cant|p1a: Houndstone|slp
|move|p1a: Houndstone|Sleep Talk|p1a: Houndstone
|move|p1a: Houndstone|Roar|p2a: Poliwrath|[from] move: Sleep Talk
|drag|p2a: Samurott|Samurott-Hisui, F|6/100
|
|-weather|RainDance|[upkeep]
|upkeep
|turn|34
|
|t:|1769382189
|move|p2a: Samurott|Aqua Cutter|p1a: Houndstone
|-damage|p1a: Houndstone|19/100 slp
|-curestatus|p1a: Houndstone|slp|[msg]
|move|p1a: Houndstone|Rest|p1a: Houndstone
|-status|p1a: Houndstone|slp|[from] move: Rest
|-heal|p1a: Houndstone|100/100 slp|[silent]
|
|-weather|RainDance|[upkeep]
|upkeep
|turn|35
|
|t:|1769382201
|move|p2a: Samurott|Aqua Cutter|p1a: Houndstone
|-damage|p1a: Houndstone|59/100 slp
|cant|p1a: Houndstone|slp
|move|p1a: Houndstone|Sleep Talk|p1a: Houndstone
|move|p1a: Houndstone|Night Shade|p2a: Samurott|[from] move: Sleep Talk
|-damage|p2a: Samurott|0 fnt
|faint|p2a: Samurott
|
|-weather|RainDance|[upkeep]
|upkeep
|
|t:|1769382205
|switch|p2a: Dragalge|Dragalge, F, shiny|61/100
|turn|36
|
|t:|1769382215
|cant|p1a: Houndstone|slp
|move|p1a: Houndstone|Sleep Talk|p1a: Houndstone
|move|p1a: Houndstone|Roar|p2a: Dragalge|[from] move: Sleep Talk
|drag|p2a: Poliwrath|Poliwrath, F|75/100
|
|-weather|none
|upkeep
|turn|37
|
|t:|1769382227
|move|p2a: Poliwrath|Belly Drum|p2a: Poliwrath
|-damage|p2a: Poliwrath|25/100
|-setboost|p2a: Poliwrath|atk|6|[from] move: Belly Drum
|-curestatus|p1a: Houndstone|slp|[msg]
|move|p1a: Houndstone|Rest|p1a: Houndstone
|-status|p1a: Houndstone|slp|[from] move: Rest
|-heal|p1a: Houndstone|100/100 slp|[silent]
|
|upkeep
|turn|38
|
|t:|1769382243
|move|p2a: Poliwrath|Liquidation|p1a: Houndstone
|-damage|p1a: Houndstone|52/100 slp
|-damage|p2a: Poliwrath|9/100|[from] item: Rocky Helmet|[of] p1a: Houndstone
|cant|p1a: Houndstone|slp
|move|p1a: Houndstone|Sleep Talk|p1a: Houndstone
|move|p1a: Houndstone|Night Shade|p2a: Poliwrath|[from] move: Sleep Talk
|-damage|p2a: Poliwrath|0 fnt
|faint|p2a: Poliwrath
|
|upkeep
|
|t:|1769382247
|switch|p2a: Dragalge|Dragalge, F, shiny|61/100
|turn|39
|
|t:|1769382254
|cant|p1a: Houndstone|slp
|move|p1a: Houndstone|Sleep Talk|p1a: Houndstone
|move|p1a: Houndstone|Rest||[from] move: Sleep Talk|[still]
|-fail|p1a: Houndstone
|move|p2a: Dragalge|Thunderbolt|p1a: Houndstone
|-damage|p1a: Houndstone|25/100 slp
|
|upkeep
|turn|40
|
|t:|1769382261
|-curestatus|p1a: Houndstone|slp|[msg]
|move|p1a: Houndstone|Rest|p1a: Houndstone
|-status|p1a: Houndstone|slp|[from] move: Rest
|-heal|p1a: Houndstone|100/100 slp|[silent]
|move|p2a: Dragalge|Thunderbolt|p1a: Houndstone
|-damage|p1a: Houndstone|74/100 slp
|
|upkeep
|turn|41
|
|t:|1769382268
|cant|p1a: Houndstone|slp
|move|p1a: Houndstone|Sleep Talk|p1a: Houndstone
|move|p1a: Houndstone|Roar||[from] move: Sleep Talk|[still]
|-fail|p1a: Houndstone
|move|p2a: Dragalge|Thunderbolt|p1a: Houndstone
|-damage|p1a: Houndstone|46/100 slp
|
|upkeep
|turn|42
|
|t:|1769382276
|cant|p1a: Houndstone|slp
|move|p1a: Houndstone|Sleep Talk|p1a: Houndstone
|move|p1a: Houndstone|Roar||[from] move: Sleep Talk|[still]
|-fail|p1a: Houndstone
|move|p2a: Dragalge|Draco Meteor|p1a: Houndstone
|-damage|p1a: Houndstone|0 fnt
|-unboost|p2a: Dragalge|spa|2
|faint|p1a: Houndstone
|
|upkeep
|
|t:|1769382285
|switch|p1a: Vileplume|Vileplume, F|58/100
|turn|43
|
|t:|1769382289
|move|p1a: Vileplume|Strength Sap|p2a: Dragalge
|-unboost|p2a: Dragalge|atk|1
|-heal|p1a: Vileplume|100/100
|move|p2a: Dragalge|Sludge Bomb|p1a: Vileplume
|-damage|p1a: Vileplume|71/100
|
|upkeep
|turn|44
|
|t:|1769382295
|move|p1a: Vileplume|Leech Seed|p2a: Dragalge
|-start|p2a: Dragalge|move: Leech Seed
|move|p2a: Dragalge|Sludge Bomb|p1a: Vileplume
|-crit|p1a: Vileplume
|-damage|p1a: Vileplume|0 fnt
|faint|p1a: Vileplume
|
|win|averagealt99
|raw|arilover69's rating: 1282 &rarr; <strong>1253</strong><br />(-29 for losing)
|raw|averagealt99's rating: 1228 &rarr; <strong>1257</strong><br />(+29 for winning)
|l|☆averagealt99
|player|p2|
|l|☆arilover69
|player|p1|
