|j|☆CambridgeFoulPlay
|j|☆Flex Plays Only
|t:|1769367163
|gametype|singles
|player|p1|CambridgeFoulPlay|266|1662
|player|p2|Flex Plays Only|iono-masters2|1607
|gen|9
|tier|[Gen 9] OU
|rated|
|rule|HP Percentage Mod: HP is shown in percentages
|rule|Endless Battle Clause: Forcing endless battles is banned
|rule|Species Clause: Limit one of each Pokémon
|rule|OHKO Clause: OHKO moves are banned
|rule|Evasion Items Clause: Evasion items are banned
|rule|Evasion Moves Clause: Evasion moves are banned
|rule|Evasion Abilities Clause: Evasion abilities are banned
|rule|Sleep Moves Clause: Sleep-inducing moves are banned
|clearpoke
|poke|p1|Hydrapple, M|
|poke|p1|Tyranitar, F|
|poke|p1|Moltres|
|poke|p1|Zamazenta-*|
|poke|p1|Slowking-Galar, F|
|poke|p1|Excadrill, F|
|poke|p2|Alomomola, M|
|poke|p2|Clefable, M|
|poke|p2|Gliscor, F|
|poke|p2|Darkrai|
|poke|p2|Pecharunt|
|poke|p2|Zamazenta-*|
|teampreview
|c|☆CambridgeFoulPlay|hf
|inactive|Battle timer is ON: inactive players will automatically lose when time's up. (requested by CambridgeFoulPlay)
|
|t:|1769367175
|teamsize|p1|6
|teamsize|p2|6
|start
|switch|p1a: Tyranitar|Tyranitar, F|100/100
|switch|p2a: Darkrai|Darkrai|100/100
|-weather|Sandstorm|[from] ability: Sand Stream|[of] p1a: Tyranitar
|turn|1
|
|t:|1769367180
|switch|p2a: Zamazenta|Zamazenta|100/100
|-ability|p2a: Zamazenta|Dauntless Shield|boost
|-boost|p2a: Zamazenta|def|1
|move|p1a: Tyranitar|Knock Off|p2a: Zamazenta
|-resisted|p2a: Zamazenta
|-damage|p2a: Zamazenta|86/100
|-enditem|p2a: Zamazenta|Heavy-Duty Boots|[from] move: Knock Off|[of] p1a: Tyranitar
|
|-weather|Sandstorm|[upkeep]
|-damage|p2a: Zamazenta|80/100|[from] Sandstorm
|upkeep
|turn|2
|
|t:|1769367183
|switch|p1a: Slowking|Slowking-Galar, F|100/100
|move|p2a: Zamazenta|Stone Edge|p1a: Slowking
|-damage|p1a: Slowking|76/100
|
|-weather|Sandstorm|[upkeep]
|-damage|p2a: Zamazenta|74/100|[from] Sandstorm
|-damage|p1a: Slowking|70/100|[from] Sandstorm
|upkeep
|turn|3
|
|t:|1769367187
|switch|p1a: Hydrapple|Hydrapple, M|100/100
|move|p2a: Zamazenta|Crunch|p1a: Hydrapple
|-damage|p1a: Hydrapple|84/100
|-unboost|p1a: Hydrapple|def|1
|
|-weather|Sandstorm|[upkeep]
|-damage|p2a: Zamazenta|68/100|[from] Sandstorm
|-damage|p1a: Hydrapple|78/100|[from] Sandstorm
|upkeep
|turn|4
|
|t:|1769367189
|move|p2a: Zamazenta|Close Combat|p1a: Hydrapple
|-damage|p1a: Hydrapple|20/100
|-unboost|p2a: Zamazenta|def|1
|-unboost|p2a: Zamazenta|spd|1
|move|p1a: Hydrapple|Giga Drain|p2a: Zamazenta
|-damage|p2a: Zamazenta|24/100
|-heal|p1a: Hydrapple|38/100|[from] drain|[of] p2a: Zamazenta
|
|-weather|Sandstorm|[upkeep]
|-damage|p2a: Zamazenta|18/100|[from] Sandstorm
|-damage|p1a: Hydrapple|32/100|[from] Sandstorm
|upkeep
|turn|5
|j| Dhoom Again
|inactive|Flex Plays Only has 120 seconds left.
|
|t:|1769367227
|switch|p1a: Slowking|Slowking-Galar, F|100/100
|move|p2a: Zamazenta|Crunch|p1a: Slowking
|-supereffective|p1a: Slowking
|-damage|p1a: Slowking|58/100
|-unboost|p1a: Slowking|def|1
|
|-weather|Sandstorm|[upkeep]
|-damage|p2a: Zamazenta|12/100|[from] Sandstorm
|-damage|p1a: Slowking|52/100|[from] Sandstorm
|upkeep
|turn|6
|
|t:|1769367230
|switch|p1a: Hydrapple|Hydrapple, M|65/100
|move|p2a: Zamazenta|Close Combat|p1a: Hydrapple
|-damage|p1a: Hydrapple|30/100
|-unboost|p2a: Zamazenta|def|1
|-unboost|p2a: Zamazenta|spd|1
|
|-weather|Sandstorm|[upkeep]
|-damage|p2a: Zamazenta|6/100|[from] Sandstorm
|-damage|p1a: Hydrapple|24/100|[from] Sandstorm
|upkeep
|turn|7
|
|t:|1769367233
|switch|p1a: Slowking|Slowking-Galar, F|85/100
|move|p2a: Zamazenta|Stone Edge|p1a: Slowking|[miss]
|-miss|p2a: Zamazenta|p1a: Slowking
|
|-weather|Sandstorm|[upkeep]
|-damage|p2a: Zamazenta|0 fnt|[from] Sandstorm
|-damage|p1a: Slowking|79/100|[from] Sandstorm
|faint|p2a: Zamazenta
|upkeep
|
|t:|1769367241
|switch|p2a: Darkrai|Darkrai|100/100
|turn|8
|
|t:|1769367243
|move|p2a: Darkrai|Knock Off|p1a: Slowking
|-supereffective|p1a: Slowking
|-damage|p1a: Slowking|38/100
|-enditem|p1a: Slowking|Assault Vest|[from] move: Knock Off|[of] p2a: Darkrai
|move|p1a: Slowking|Sludge Bomb|p2a: Darkrai
|-damage|p2a: Darkrai|58/100
|
|-weather|none
|upkeep
|turn|9
|
|t:|1769367247
|switch|p1a: Tyranitar|Tyranitar, F|100/100
|-weather|Sandstorm|[from] ability: Sand Stream|[of] p1a: Tyranitar
|move|p2a: Darkrai|Knock Off|p1a: Tyranitar
|-resisted|p1a: Tyranitar
|-crit|p1a: Tyranitar
|-damage|p1a: Tyranitar|85/100
|-enditem|p1a: Tyranitar|Smooth Rock|[from] move: Knock Off|[of] p2a: Darkrai
|
|-weather|Sandstorm|[upkeep]
|-damage|p2a: Darkrai|52/100|[from] Sandstorm
|upkeep
|turn|10
|j| 54 insane rats
|
|t:|1769367251
|switch|p2a: Clefable|Clefable, M|100/100
|move|p1a: Tyranitar|Knock Off|p2a: Clefable
|-resisted|p2a: Clefable
|-damage|p2a: Clefable|84/100
|-enditem|p2a: Clefable|Leftovers|[from] move: Knock Off|[of] p1a: Tyranitar
|
|-weather|Sandstorm|[upkeep]
|upkeep
|turn|11
|
|t:|1769367255
|switch|p1a: Excadrill|Excadrill, F|100/100
|-item|p1a: Excadrill|Air Balloon
|move|p2a: Clefable|Stealth Rock|p1a: Excadrill
|-sidestart|p1: CambridgeFoulPlay|move: Stealth Rock
|
|-weather|Sandstorm|[upkeep]
|upkeep
|turn|12
|
|t:|1769367258
|switch|p2a: Alomomola|Alomomola, M|100/100
|move|p1a: Excadrill|Swords Dance|p1a: Excadrill
|-boost|p1a: Excadrill|atk|2
|
|-weather|Sandstorm|[upkeep]
|-damage|p2a: Alomomola|94/100|[from] Sandstorm
|upkeep
|turn|13
|
|t:|1769367261
|move|p1a: Excadrill|Swords Dance|p1a: Excadrill
|-boost|p1a: Excadrill|atk|2
|move|p2a: Alomomola|Scald|p1a: Excadrill
|-supereffective|p1a: Excadrill
|-damage|p1a: Excadrill|66/100
|-status|p1a: Excadrill|brn
|-enditem|p1a: Excadrill|Air Balloon
|
|-weather|Sandstorm|[upkeep]
|-damage|p2a: Alomomola|88/100|[from] Sandstorm
|-damage|p1a: Excadrill|60/100 brn|[from] brn
|upkeep
|turn|14
|
|t:|1769367264
|move|p1a: Excadrill|Rapid Spin|p2a: Alomomola
|-damage|p2a: Alomomola|70/100
|-boost|p1a: Excadrill|spe|1
|-sideend|p1: CambridgeFoulPlay|Stealth Rock|[from] move: Rapid Spin|[of] p1a: Excadrill
|move|p2a: Alomomola|Flip Turn|p1a: Excadrill
|-supereffective|p1a: Excadrill
|-damage|p1a: Excadrill|16/100 brn
|
|t:|1769367267
|switch|p2a: Gliscor|Gliscor, F|100/100|[from] Flip Turn
|
|-weather|Sandstorm|[upkeep]
|-damage|p1a: Excadrill|10/100 brn|[from] brn
|-status|p2a: Gliscor|tox|[from] item: Toxic Orb
|upkeep
|turn|15
|
|t:|1769367272
|switch|p1a: Hydrapple|Hydrapple, M|58/100
|move|p2a: Gliscor|Swords Dance|p2a: Gliscor
|-boost|p2a: Gliscor|atk|2
|
|-weather|Sandstorm|[upkeep]
|-damage|p1a: Hydrapple|51/100|[from] Sandstorm
|upkeep
|turn|16
|
|t:|1769367274
|switch|p1a: Zamazenta|Zamazenta|100/100
|-ability|p1a: Zamazenta|Dauntless Shield|boost
|-boost|p1a: Zamazenta|def|1
|move|p2a: Gliscor|Facade|p1a: Zamazenta
|-damage|p1a: Zamazenta|72/100
|
|-weather|none
|-heal|p1a: Zamazenta|78/100|[from] item: Leftovers
|upkeep
|turn|17
|
|t:|1769367278
|move|p1a: Zamazenta|Iron Defense|p1a: Zamazenta
|-boost|p1a: Zamazenta|def|2
|move|p2a: Gliscor|Facade|p1a: Zamazenta
|-damage|p1a: Zamazenta|59/100
|
|-heal|p1a: Zamazenta|65/100|[from] item: Leftovers
|upkeep
|turn|18
|
|t:|1769367281
|switch|p2a: Pecharunt|Pecharunt|100/100
|move|p1a: Zamazenta|Iron Defense|p1a: Zamazenta
|-boost|p1a: Zamazenta|def|2
|
|-heal|p1a: Zamazenta|72/100|[from] item: Leftovers
|upkeep
|turn|19
|
|t:|1769367284
|switch|p1a: Slowking|Slowking-Galar, F|71/100
|move|p2a: Pecharunt|Malignant Chain|p1a: Slowking
|-resisted|p1a: Slowking
|-damage|p1a: Slowking|59/100
|
|upkeep
|turn|20
|
|t:|1769367287
|switch|p1a: Tyranitar|Tyranitar, F|85/100
|-weather|Sandstorm|[from] ability: Sand Stream|[of] p1a: Tyranitar
|move|p2a: Pecharunt|Shadow Ball|p1a: Tyranitar
|-resisted|p1a: Tyranitar
|-damage|p1a: Tyranitar|80/100
|
|-weather|Sandstorm|[upkeep]
|-damage|p2a: Pecharunt|94/100|[from] Sandstorm
|upkeep
|turn|21
|
|t:|1769367290
|move|p2a: Pecharunt|Parting Shot|p1a: Tyranitar
|-unboost|p1a: Tyranitar|atk|1
|-unboost|p1a: Tyranitar|spa|1
|
|t:|1769367293
|switch|p2a: Clefable|Clefable, M|84/100|[from] Parting Shot
|move|p1a: Tyranitar|Stealth Rock|p2a: Clefable
|-sidestart|p2: Flex Plays Only|move: Stealth Rock
|
|-weather|Sandstorm|[upkeep]
|upkeep
|turn|22
|
|t:|1769367295
|switch|p1a: Slowking|Slowking-Galar, F|92/100
|move|p2a: Clefable|Stealth Rock|p1a: Slowking
|-sidestart|p1: CambridgeFoulPlay|move: Stealth Rock
|
|-weather|Sandstorm|[upkeep]
|-damage|p1a: Slowking|86/100|[from] Sandstorm
|upkeep
|turn|23
|
|t:|1769367299
|switch|p2a: Alomomola|Alomomola, M|100/100
|-damage|p2a: Alomomola|88/100|[from] Stealth Rock
|move|p1a: Slowking|Ice Beam|p2a: Alomomola
|-resisted|p2a: Alomomola
|-damage|p2a: Alomomola|83/100
|
|-weather|Sandstorm|[upkeep]
|-damage|p2a: Alomomola|76/100|[from] Sandstorm
|-damage|p1a: Slowking|80/100|[from] Sandstorm
|upkeep
|turn|24
|
|t:|1769367303
|move|p2a: Alomomola|Scald|p1a: Slowking
|-damage|p1a: Slowking|67/100
|move|p1a: Slowking|Ice Beam|p2a: Alomomola
|-resisted|p2a: Alomomola
|-damage|p2a: Alomomola|70/100
|
|-weather|none
|upkeep
|turn|25
|
|t:|1769367307
|switch|p1a: Hydrapple|Hydrapple, M|85/100
|move|p2a: Alomomola|Scald|p1a: Hydrapple
|-resisted|p1a: Hydrapple
|-damage|p1a: Hydrapple|81/100
|
|upkeep
|turn|26
|
|t:|1769367310
|move|p2a: Alomomola|Flip Turn|p1a: Hydrapple
|-resisted|p1a: Hydrapple
|-damage|p1a: Hydrapple|80/100
|
|t:|1769367312
|switch|p2a: Clefable|Clefable, M|84/100|[from] Flip Turn
|move|p1a: Hydrapple|Nasty Plot|p1a: Hydrapple
|-boost|p1a: Hydrapple|spa|2
|
|upkeep
|turn|27
|
|t:|1769367318
|-terastallize|p1a: Hydrapple|Poison
|move|p2a: Clefable|Knock Off|p1a: Hydrapple
|-damage|p1a: Hydrapple|70/100
|-enditem|p1a: Hydrapple|Heavy-Duty Boots|[from] move: Knock Off|[of] p2a: Clefable
|move|p1a: Hydrapple|Giga Drain|p2a: Clefable
|-damage|p2a: Clefable|21/100
|-heal|p1a: Hydrapple|100/100|[from] drain|[of] p2a: Clefable
|
|upkeep
|turn|28
|
|t:|1769367329
|switch|p2a: Alomomola|Alomomola, M|100/100
|-damage|p2a: Alomomola|88/100|[from] Stealth Rock
|move|p1a: Hydrapple|Giga Drain|p2a: Alomomola
|-supereffective|p2a: Alomomola
|-damage|p2a: Alomomola|20/100
|
|upkeep
|turn|29
|
|t:|1769367331
|move|p2a: Alomomola|Scald|p1a: Hydrapple
|-damage|p1a: Hydrapple|86/100
|-status|p1a: Hydrapple|brn
|move|p1a: Hydrapple|Giga Drain|p2a: Alomomola
|-supereffective|p2a: Alomomola
|-damage|p2a: Alomomola|0 fnt
|-heal|p1a: Hydrapple|98/100 brn|[from] drain|[of] p2a: Alomomola
|faint|p2a: Alomomola
|
|-damage|p1a: Hydrapple|92/100 brn|[from] brn
|upkeep
|
|t:|1769367335
|switch|p2a: Gliscor|Gliscor, F|100/100 tox
|-damage|p2a: Gliscor|88/100 tox|[from] Stealth Rock
|turn|30
|
|t:|1769367338
|move|p2a: Gliscor|Swords Dance|p2a: Gliscor
|-boost|p2a: Gliscor|atk|2
|move|p1a: Hydrapple|Giga Drain|p2a: Gliscor
|-damage|p2a: Gliscor|30/100 tox
|-heal|p1a: Hydrapple|100/100 brn|[from] drain|[of] p2a: Gliscor
|
|-heal|p2a: Gliscor|43/100 tox|[from] ability: Poison Heal
|-damage|p1a: Hydrapple|94/100 brn|[from] brn
|upkeep
|turn|31
|
|t:|1769367343
|move|p2a: Gliscor|Protect|p2a: Gliscor
|-singleturn|p2a: Gliscor|Protect
|move|p1a: Hydrapple|Giga Drain|p2a: Gliscor
|-activate|p2a: Gliscor|move: Protect
|
|-heal|p2a: Gliscor|55/100 tox|[from] ability: Poison Heal
|-damage|p1a: Hydrapple|88/100 brn|[from] brn
|upkeep
|turn|32
|
|t:|1769367348
|move|p2a: Gliscor|Earthquake|p1a: Hydrapple
|-supereffective|p1a: Hydrapple
|-damage|p1a: Hydrapple|6/100 brn
|move|p1a: Hydrapple|Giga Drain|p2a: Gliscor
|-damage|p2a: Gliscor|0 fnt
|-heal|p1a: Hydrapple|30/100 brn|[from] drain|[of] p2a: Gliscor
|faint|p2a: Gliscor
|
|-damage|p1a: Hydrapple|24/100 brn|[from] brn
|upkeep
|
|t:|1769367352
|switch|p2a: Darkrai|Darkrai|52/100
|turn|33
|
|t:|1769367354
|switch|p1a: Tyranitar|Tyranitar, F|80/100
|-damage|p1a: Tyranitar|67/100|[from] Stealth Rock
|-weather|Sandstorm|[from] ability: Sand Stream|[of] p1a: Tyranitar
|move|p2a: Darkrai|Dark Pulse|p1a: Tyranitar
|-resisted|p1a: Tyranitar
|-damage|p1a: Tyranitar|58/100
|
|-weather|Sandstorm|[upkeep]
|-damage|p2a: Darkrai|46/100|[from] Sandstorm
|upkeep
|turn|34
|
|t:|1769367358
|switch|p2a: Clefable|Clefable, M|21/100
|move|p1a: Tyranitar|Ice Beam|p2a: Clefable
|-damage|p2a: Clefable|3/100
|
|-weather|Sandstorm|[upkeep]
|upkeep
|turn|35
|
|t:|1769367360
|move|p2a: Clefable|Moonblast|p1a: Tyranitar
|-supereffective|p1a: Tyranitar
|-damage|p1a: Tyranitar|30/100
|move|p1a: Tyranitar|Ice Beam|p2a: Clefable
|-damage|p2a: Clefable|0 fnt
|faint|p2a: Clefable
|
|-weather|Sandstorm|[upkeep]
|upkeep
|
|t:|1769367366
|switch|p2a: Darkrai|Darkrai|46/100
|turn|36
|
|t:|1769367372
|move|p2a: Darkrai|Ice Beam|p1a: Tyranitar
|-damage|p1a: Tyranitar|16/100
|move|p1a: Tyranitar|Knock Off|p2a: Darkrai
|-resisted|p2a: Darkrai
|-damage|p2a: Darkrai|16/100
|-enditem|p2a: Darkrai|Heavy-Duty Boots|[from] move: Knock Off|[of] p1a: Tyranitar
|
|-weather|Sandstorm|[upkeep]
|-damage|p2a: Darkrai|10/100|[from] Sandstorm
|upkeep
|turn|37
|
|t:|1769367377
|move|p2a: Darkrai|Ice Beam|p1a: Tyranitar
|-damage|p1a: Tyranitar|1/100
|move|p1a: Tyranitar|Ice Beam|p2a: Darkrai
|-damage|p2a: Darkrai|0 fnt
|faint|p2a: Darkrai
|
|-weather|none
|upkeep
|
|t:|1769367379
|switch|p2a: Pecharunt|Pecharunt|94/100
|turn|38
|
|t:|1769367381
|move|p2a: Pecharunt|Shadow Ball|p1a: Tyranitar
|-resisted|p1a: Tyranitar
|-crit|p1a: Tyranitar
|-damage|p1a: Tyranitar|0 fnt
|faint|p1a: Tyranitar
|
|upkeep
|
|t:|1769367382
|switch|p1a: Hydrapple|Hydrapple, M, tera:Poison|57/100 brn
|-damage|p1a: Hydrapple|45/100 brn|[from] Stealth Rock
|turn|39
|
|t:|1769367384
|switch|p1a: Excadrill|Excadrill, F|10/100 brn
|-damage|p1a: Excadrill|7/100 brn|[from] Stealth Rock
|move|p2a: Pecharunt|Shadow Ball|p1a: Excadrill
|-damage|p1a: Excadrill|0 fnt
|faint|p1a: Excadrill
|
|upkeep
|
|t:|1769367386
|switch|p1a: Hydrapple|Hydrapple, M, tera:Poison|78/100 brn
|-damage|p1a: Hydrapple|66/100 brn|[from] Stealth Rock
|turn|40
|
|t:|1769367387
|move|p2a: Pecharunt|Shadow Ball|p1a: Hydrapple
|-damage|p1a: Hydrapple|37/100 brn
|move|p1a: Hydrapple|Nasty Plot|p1a: Hydrapple
|-boost|p1a: Hydrapple|spa|2
|
|-damage|p1a: Hydrapple|31/100 brn|[from] brn
|upkeep
|turn|41
|
|t:|1769367392
|switch|p1a: Moltres|Moltres|100/100
|-terastallize|p2a: Pecharunt|Ghost
|move|p2a: Pecharunt|Shadow Ball|p1a: Moltres
|-damage|p1a: Moltres|66/100
|-unboost|p1a: Moltres|spd|1
|
|upkeep
|turn|42
|
|t:|1769367394
|move|p2a: Pecharunt|Malignant Chain|p1a: Moltres
|-damage|p1a: Moltres|15/100
|-status|p1a: Moltres|tox
|-start|p1a: Moltres|confusion|[from] ability: Poison Puppeteer|[of] p2a: Pecharunt
|-activate|p1a: Moltres|confusion
|move|p1a: Moltres|Flamethrower|p2a: Pecharunt
|-damage|p2a: Pecharunt|55/100
|
|-damage|p1a: Moltres|9/100 tox|[from] psn
|upkeep
|turn|43
|
|t:|1769367400
|move|p2a: Pecharunt|Recover|p2a: Pecharunt
|-heal|p2a: Pecharunt|100/100
|-end|p1a: Moltres|confusion
|move|p1a: Moltres|Flamethrower|p2a: Pecharunt
|-damage|p2a: Pecharunt|63/100
|
|-damage|p1a: Moltres|0 fnt|[from] psn
|faint|p1a: Moltres
|upkeep
|
|t:|1769367401
|switch|p1a: Slowking|Slowking-Galar, F|100/100
|-damage|p1a: Slowking|88/100|[from] Stealth Rock
|turn|44
|
|t:|1769367403
|move|p2a: Pecharunt|Shadow Ball|p1a: Slowking
|-supereffective|p1a: Slowking
|-damage|p1a: Slowking|32/100
|move|p1a: Slowking|Sludge Bomb|p2a: Pecharunt
|-resisted|p2a: Pecharunt
|-damage|p2a: Pecharunt|47/100
|-status|p2a: Pecharunt|psn
|
|-damage|p2a: Pecharunt|34/100 psn|[from] psn
|upkeep
|turn|45
|
|t:|1769367406
|switch|p1a: Hydrapple|Hydrapple, M, tera:Poison|64/100 brn
|-damage|p1a: Hydrapple|52/100 brn|[from] Stealth Rock
|move|p2a: Pecharunt|Shadow Ball|p1a: Hydrapple
|-damage|p1a: Hydrapple|16/100 brn
|
|-damage|p2a: Pecharunt|22/100 psn|[from] psn
|-damage|p1a: Hydrapple|10/100 brn|[from] brn
|upkeep
|turn|46
|
|t:|1769367407
|move|p2a: Pecharunt|Shadow Ball|p1a: Hydrapple
|-damage|p1a: Hydrapple|0 fnt
|faint|p1a: Hydrapple
|
|-damage|p2a: Pecharunt|10/100 psn|[from] psn
|upkeep
|
|t:|1769367409
|switch|p1a: Zamazenta|Zamazenta|72/100
|-damage|p1a: Zamazenta|65/100|[from] Stealth Rock
|turn|47
|
|t:|1769367410
|move|p1a: Zamazenta|Crunch|p2a: Pecharunt
|-supereffective|p2a: Pecharunt
|-damage|p2a: Pecharunt|0 fnt
|faint|p2a: Pecharunt
|
|win|CambridgeFoulPlay
|raw|CambridgeFoulPlay's rating: 1662 &rarr; <strong>1679</strong><br />(+17 for winning)
|raw|Flex Plays Only's rating: 1607 &rarr; <strong>1590</strong><br />(-17 for losing)
|c|☆CambridgeFoulPlay|gg
|l|☆Flex Plays Only
|player|p2|
