|j|☆bd00
|j|☆Bobforce1
|t:|1769355062
|gametype|singles
|player|p1|bd00|aromalady|1290
|player|p2|Bobforce1|169|1304
|gen|9
|tier|[Gen 9] OU
|rated|
|rule|HP Percentage Mod: HP is shown in percentages
|rule|Endless Battle Clause: Forcing endless battles is banned
|rule|Species Clause: Limit one of each Pokémon
|rule|OHKO Clause: OHKO moves are banned
|rule|Evasion Items Clause: Evasion items are banned
|rule|Evasion Moves Clause: Evasion moves are banned
|rule|Evasion Abilities Clause: Evasion abilities are banned
|rule|Sleep Moves Clause: Sleep-inducing moves are banned
|clearpoke
|poke|p1|Ninetales-Alola, M|
|poke|p1|Alcremie, F|
|poke|p1|Electrode-Hisui|
|poke|p1|Garchomp, M|
|poke|p1|Gholdengo|
|poke|p1|Tentacruel, F|
|poke|p2|Ninetales, M|
|poke|p2|Swadloon, F|
|poke|p2|Great Tusk|
|poke|p2|Cinderace, M|
|poke|p2|Walking Wake|
|poke|p2|Gholdengo|
|teampreview
|
|t:|1769355069
|teamsize|p1|6
|teamsize|p2|6
|start
|switch|p1a: Electrode|Electrode-Hisui|100/100
|switch|p2a: Swadloon|Swadloon, F|100/100
|turn|1
|
|t:|1769355075
|move|p1a: Electrode|Volt Switch|p2a: Swadloon
|-resisted|p2a: Swadloon
|-damage|p2a: Swadloon|88/100
|
|t:|1769355083
|switch|p1a: Ninetales|Ninetales-Alola, M|100/100|[from] Volt Switch
|-weather|Snowscape|[from] ability: Snow Warning|[of] p1a: Ninetales
|move|p2a: Swadloon|Sticky Web|p1a: Ninetales
|-sidestart|p1: bd00|move: Sticky Web
|
|-weather|Snowscape|[upkeep]
|upkeep
|turn|2
|
|t:|1769355091
|switch|p1a: Garchomp|Garchomp, M|100/100
|-activate|p1a: Garchomp|move: Sticky Web
|-unboost|p1a: Garchomp|spe|1
|switch|p2a: Ninetales|Ninetales, M|100/100
|-weather|SunnyDay|[from] ability: Drought|[of] p2a: Ninetales
|
|-weather|SunnyDay|[upkeep]
|upkeep
|turn|3
|
|t:|1769355103
|switch|p2a: Great Tusk|Great Tusk|100/100
|-activate|p2a: Great Tusk|ability: Protosynthesis
|-start|p2a: Great Tusk|protosynthesisspe
|move|p1a: Garchomp|Stealth Rock|p2a: Great Tusk
|-sidestart|p2: Bobforce1|move: Stealth Rock
|
|-weather|SunnyDay|[upkeep]
|upkeep
|turn|4
|
|t:|1769355110
|move|p2a: Great Tusk|Stealth Rock|p1a: Garchomp
|-sidestart|p1: bd00|move: Stealth Rock
|move|p1a: Garchomp|Spikes|p2a: Great Tusk
|-sidestart|p2: Bobforce1|Spikes
|
|-weather|SunnyDay|[upkeep]
|upkeep
|turn|5
|
|t:|1769355119
|move|p2a: Great Tusk|Ice Spinner|p1a: Garchomp
|-supereffective|p1a: Garchomp
|-damage|p1a: Garchomp|48/100
|-damage|p2a: Great Tusk|88/100|[from] ability: Rough Skin|[of] p1a: Garchomp
|-damage|p2a: Great Tusk|71/100|[from] item: Rocky Helmet|[of] p1a: Garchomp
|move|p1a: Garchomp|Stealth Rock||[still]
|-fail|p1a: Garchomp
|
|-weather|SunnyDay|[upkeep]
|upkeep
|turn|6
|
|t:|1769355127
|move|p2a: Great Tusk|Rapid Spin|p1a: Garchomp
|-damage|p1a: Garchomp|38/100
|-boost|p2a: Great Tusk|spe|1
|-damage|p2a: Great Tusk|59/100|[from] ability: Rough Skin|[of] p1a: Garchomp
|-damage|p2a: Great Tusk|42/100|[from] item: Rocky Helmet|[of] p1a: Garchomp
|-sideend|p2: Bobforce1|Spikes|[from] move: Rapid Spin|[of] p2a: Great Tusk
|-sideend|p2: Bobforce1|Stealth Rock|[from] move: Rapid Spin|[of] p2a: Great Tusk
|move|p1a: Garchomp|Spikes|p2a: Great Tusk
|-sidestart|p2: Bobforce1|Spikes
|
|-weather|SunnyDay|[upkeep]
|upkeep
|turn|7
|
|t:|1769355138
|move|p2a: Great Tusk|Ice Spinner|p1a: Garchomp
|-supereffective|p1a: Garchomp
|-damage|p1a: Garchomp|0 fnt
|-damage|p2a: Great Tusk|30/100|[from] ability: Rough Skin|[of] p1a: Garchomp
|-damage|p2a: Great Tusk|13/100|[from] item: Rocky Helmet|[of] p1a: Garchomp
|faint|p1a: Garchomp
|
|-weather|SunnyDay|[upkeep]
|upkeep
|
|t:|1769355144
|switch|p1a: Tentacruel|Tentacruel, F|100/100
|-activate|p1a: Tentacruel|move: Sticky Web
|-fail|p1a: Tentacruel|unboost|[from] ability: Clear Body|[of] p1a: Tentacruel
|-damage|p1a: Tentacruel|88/100|[from] Stealth Rock
|turn|8
|
|t:|1769355153
|move|p2a: Great Tusk|Headlong Rush|p1a: Tentacruel
|-supereffective|p1a: Tentacruel
|-damage|p1a: Tentacruel|0 fnt
|-unboost|p2a: Great Tusk|def|1
|-unboost|p2a: Great Tusk|spd|1
|faint|p1a: Tentacruel
|
|-weather|SunnyDay|[upkeep]
|upkeep
|
|t:|1769355158
|switch|p1a: Ninetales|Ninetales-Alola, M|100/100
|-activate|p1a: Ninetales|move: Sticky Web
|-unboost|p1a: Ninetales|spe|1
|-damage|p1a: Ninetales|75/100|[from] Stealth Rock
|-weather|Snowscape|[from] ability: Snow Warning|[of] p1a: Ninetales
|-end|p2a: Great Tusk|Protosynthesis
|turn|9
|
|t:|1769355178
|switch|p1a: Alcremie|Alcremie, F|100/100
|-activate|p1a: Alcremie|move: Sticky Web
|-unboost|p1a: Alcremie|spe|1
|-damage|p1a: Alcremie|88/100|[from] Stealth Rock
|move|p2a: Great Tusk|Headlong Rush|p1a: Alcremie
|-damage|p1a: Alcremie|40/100
|-unboost|p2a: Great Tusk|def|1
|-unboost|p2a: Great Tusk|spd|1
|
|-weather|Snowscape|[upkeep]
|-heal|p1a: Alcremie|46/100|[from] item: Leftovers
|upkeep
|turn|10
|-message|bd00 forfeited.
|
|win|Bobforce1
|raw|bd00's rating: 1290 &rarr; <strong>1266</strong><br />(-24 for losing)
|raw|Bobforce1's rating: 1304 &rarr; <strong>1323</strong><br />(+19 for winning)
|l|☆bd00
|player|p1|
|l|☆Bobforce1
|player|p2|
