|j|☆bladegalaxy
|j|☆PrimeXStriker
|t:|1769350025
|gametype|singles
|player|p1|bladegalaxy|102|1514
|player|p2|PrimeXStriker|bruno|1465
|gen|9
|tier|[Gen 9] OU
|rated|
|rule|HP Percentage Mod: HP is shown in percentages
|rule|Endless Battle Clause: Forcing endless battles is banned
|rule|Species Clause: Limit one of each Pokémon
|rule|OHKO Clause: OHKO moves are banned
|rule|Evasion Items Clause: Evasion items are banned
|rule|Evasion Moves Clause: Evasion moves are banned
|rule|Evasion Abilities Clause: Evasion abilities are banned
|rule|Sleep Moves Clause: Sleep-inducing moves are banned
|clearpoke
|poke|p1|Deoxys-Speed|
|poke|p1|Ceruledge, M|
|poke|p1|Zamazenta-*|
|poke|p1|Ogerpon-Wellspring, F|
|poke|p1|Glimmora, M|
|poke|p1|Moltres-Galar|
|poke|p2|Ceruledge, F|
|poke|p2|Scream Tail|
|poke|p2|Hydreigon, M|
|poke|p2|Great Tusk|
|poke|p2|Ting-Lu|
|poke|p2|Decidueye, M|
|teampreview
|inactive|Battle timer is ON: inactive players will automatically lose when time's up. (requested by bladegalaxy)
|
|t:|1769350034
|teamsize|p1|6
|teamsize|p2|6
|start
|switch|p1a: Deoxys|Deoxys-Speed|100/100
|switch|p2a: Scream Tail|Scream Tail|100/100
|-ability|p1a: Deoxys|Pressure
|-enditem|p2a: Scream Tail|Booster Energy
|-activate|p2a: Scream Tail|ability: Protosynthesis|[fromitem]
|-start|p2a: Scream Tail|protosynthesisspe
|turn|1
|
|t:|1769350038
|move|p2a: Scream Tail|Stealth Rock|p1a: Deoxys
|-sidestart|p1: bladegalaxy|move: Stealth Rock
|move|p1a: Deoxys|Taunt|p2a: Scream Tail
|-start|p2a: Scream Tail|move: Taunt
|
|upkeep
|turn|2
|
|t:|1769350057
|-end|p2a: Scream Tail|Protosynthesis|[silent]
|switch|p2a: Decidueye|Decidueye, M|100/100
|move|p1a: Deoxys|Light Screen|p1a: Deoxys
|-sidestart|p1: bladegalaxy|move: Light Screen
|
|upkeep
|turn|3
|
|t:|1769350061
|move|p1a: Deoxys|Reflect|p1a: Deoxys
|-sidestart|p1: bladegalaxy|Reflect
|move|p2a: Decidueye|Poltergeist|p1a: Deoxys
|-activate|p1a: Deoxys|move: Poltergeist|Light Clay
|-supereffective|p1a: Deoxys
|-damage|p1a: Deoxys|35/100
|
|upkeep
|turn|4
|
|t:|1769350070
|switch|p1a: Glimmora|Glimmora, M|100/100
|-damage|p1a: Glimmora|88/100|[from] Stealth Rock
|move|p2a: Decidueye|Swords Dance|p2a: Decidueye
|-boost|p2a: Decidueye|atk|2
|
|upkeep
|turn|5
|
|t:|1769350079
|move|p1a: Glimmora|Stealth Rock|p2a: Decidueye
|-sidestart|p2: PrimeXStriker|move: Stealth Rock
|move|p2a: Decidueye|Leaf Blade|p1a: Glimmora
|-damage|p1a: Glimmora|32/100
|-activate|p1a: Glimmora|ability: Toxic Debris
|-sidestart|p2: PrimeXStriker|move: Toxic Spikes
|
|upkeep
|turn|6
|
|t:|1769350089
|move|p1a: Glimmora|Mortal Spin|p2a: Decidueye
|-damage|p2a: Decidueye|93/100
|-status|p2a: Decidueye|psn
|-sideend|p1: bladegalaxy|Stealth Rock|[from] move: Mortal Spin|[of] p1a: Glimmora
|move|p2a: Decidueye|Leaf Blade|p1a: Glimmora
|-damage|p1a: Glimmora|0 fnt
|-activate|p1a: Glimmora|ability: Toxic Debris
|-sidestart|p2: PrimeXStriker|move: Toxic Spikes
|faint|p1a: Glimmora
|
|-heal|p2a: Decidueye|99/100 psn|[from] item: Leftovers
|-damage|p2a: Decidueye|87/100 psn|[from] psn
|upkeep
|
|t:|1769350094
|switch|p1a: Ceruledge|Ceruledge, M|100/100
|turn|7
|
|t:|1769350118
|switch|p2a: Hydreigon|Hydreigon, M|100/100
|-damage|p2a: Hydreigon|88/100|[from] Stealth Rock
|move|p1a: Ceruledge|Swords Dance|p1a: Ceruledge
|-boost|p1a: Ceruledge|atk|2
|
|upkeep
|turn|8
|
|t:|1769350125
|move|p2a: Hydreigon|Dark Pulse|p1a: Ceruledge
|-supereffective|p1a: Ceruledge
|-damage|p1a: Ceruledge|55/100
|move|p1a: Ceruledge|Poltergeist|p2a: Hydreigon
|-activate|p2a: Hydreigon|move: Poltergeist|Choice Scarf
|-resisted|p2a: Hydreigon
|-damage|p2a: Hydreigon|0 fnt
|faint|p2a: Hydreigon
|-damage|p1a: Ceruledge|45/100|[from] item: Life Orb
|
|upkeep
|inactive|PrimeXStriker has 120 seconds left.
|inactive|PrimeXStriker has 90 seconds left.
|l|☆PrimeXStriker
|inactive|PrimeXStriker disconnected and has a minute to reconnect!
|player|p2|
|j|☆PrimeXStriker
|inactive|PrimeXStriker reconnected and has 85 seconds left.
|player|p2|PrimeXStriker|bruno|
|inactive|PrimeXStriker has 60 seconds left.
|
|t:|1769350226
|switch|p2a: Ceruledge|Ceruledge, F|100/100
|-damage|p2a: Ceruledge|76/100|[from] Stealth Rock
|-status|p2a: Ceruledge|tox
|turn|9
|
|t:|1769350230
|-terastallize|p2a: Ceruledge|Ghost
|move|p2a: Ceruledge|Shadow Sneak|p1a: Ceruledge
|-supereffective|p1a: Ceruledge
|-damage|p1a: Ceruledge|0 fnt
|faint|p1a: Ceruledge
|-damage|p2a: Ceruledge|66/100 tox|[from] item: Life Orb
|
|-damage|p2a: Ceruledge|60/100 tox|[from] psn
|-sideend|p1: bladegalaxy|move: Light Screen
|upkeep
|
|t:|1769350237
|switch|p1a: Moltres|Moltres-Galar|100/100
|turn|10
|inactive|PrimeXStriker has 60 seconds left.
|inactive|PrimeXStriker has 30 seconds left.
|
|t:|1769350278
|switch|p2a: Scream Tail|Scream Tail|100/100
|-damage|p2a: Scream Tail|88/100|[from] Stealth Rock
|-status|p2a: Scream Tail|tox
|move|p1a: Moltres|Agility|p1a: Moltres
|-boost|p1a: Moltres|spe|2
|
|-damage|p2a: Scream Tail|82/100 tox|[from] psn
|-sideend|p1: bladegalaxy|Reflect
|upkeep
|turn|11
|inactive|PrimeXStriker has 30 seconds left.
|
|t:|1769350289
|-terastallize|p1a: Moltres|Fairy
|move|p1a: Moltres|Nasty Plot|p1a: Moltres
|-boost|p1a: Moltres|spa|2
|move|p2a: Scream Tail|Encore|p1a: Moltres
|-start|p1a: Moltres|Encore
|
|-damage|p2a: Scream Tail|70/100 tox|[from] psn
|upkeep
|turn|12
|
|t:|1769350296
|move|p1a: Moltres|Nasty Plot|p1a: Moltres
|-boost|p1a: Moltres|spa|2
|move|p2a: Scream Tail|Thunder Wave|p1a: Moltres
|-status|p1a: Moltres|par
|
|-damage|p2a: Scream Tail|51/100 tox|[from] psn
|upkeep
|turn|13
|
|t:|1769350306
|move|p2a: Scream Tail|Stealth Rock|p1a: Moltres
|-sidestart|p1: bladegalaxy|move: Stealth Rock
|cant|p1a: Moltres|par
|
|-damage|p2a: Scream Tail|26/100 tox|[from] psn
|upkeep
|turn|14
|inactive|PrimeXStriker has 30 seconds left.
|inactive|PrimeXStriker has 20 seconds left.
|inactive|PrimeXStriker has 15 seconds left.
|inactive|PrimeXStriker has 10 seconds left.
|
|t:|1769350346
|-end|p2a: Scream Tail|Protosynthesis|[silent]
|switch|p2a: Ting-Lu|Ting-Lu|100/100
|-damage|p2a: Ting-Lu|94/100|[from] Stealth Rock
|-status|p2a: Ting-Lu|tox
|-ability|p2a: Ting-Lu|Vessel of Ruin
|move|p1a: Moltres|Nasty Plot|p1a: Moltres
|-boost|p1a: Moltres|spa|2
|
|-heal|p2a: Ting-Lu|100/100 tox|[from] item: Leftovers
|-damage|p2a: Ting-Lu|94/100 tox|[from] psn
|-end|p1a: Moltres|Encore
|upkeep
|turn|15
|inactive|PrimeXStriker has 20 seconds left this turn.
|
|t:|1769350352
|move|p1a: Moltres|Tera Blast|p2a: Ting-Lu|[anim] Tera Blast Fairy
|-supereffective|p2a: Ting-Lu
|-damage|p2a: Ting-Lu|0 fnt
|faint|p2a: Ting-Lu
|
|upkeep
|inactive|PrimeXStriker has 25 seconds left this turn.
|inactive|PrimeXStriker has 20 seconds left.
|inactive|PrimeXStriker has 15 seconds left.
|inactive|PrimeXStriker has 10 seconds left.
|
|t:|1769350367
|switch|p2a: Decidueye|Decidueye, M|87/100 psn
|-damage|p2a: Decidueye|74/100 psn|[from] Stealth Rock
|turn|16
|inactive|PrimeXStriker has 20 seconds left this turn.
|
|t:|1769350371
|move|p1a: Moltres|Fiery Wrath|p2a: Decidueye
|-supereffective|p2a: Decidueye
|-damage|p2a: Decidueye|0 fnt
|faint|p2a: Decidueye
|
|upkeep
|inactive|PrimeXStriker has 25 seconds left this turn.
|inactive|PrimeXStriker has 20 seconds left.
|inactive|PrimeXStriker has 15 seconds left.
|
|t:|1769350383
|switch|p2a: Great Tusk|Great Tusk|100/100
|-damage|p2a: Great Tusk|98/100|[from] Stealth Rock
|-status|p2a: Great Tusk|tox
|turn|17
|inactive|PrimeXStriker has 25 seconds left this turn.
|
|t:|1769350386
|move|p1a: Moltres|Agility|p1a: Moltres
|-boost|p1a: Moltres|spe|2
|move|p2a: Great Tusk|Rapid Spin|p1a: Moltres
|-damage|p1a: Moltres|83/100 par
|-boost|p2a: Great Tusk|spe|1
|-sideend|p2: PrimeXStriker|Toxic Spikes|[from] move: Rapid Spin|[of] p2a: Great Tusk
|-sideend|p2: PrimeXStriker|Stealth Rock|[from] move: Rapid Spin|[of] p2a: Great Tusk
|
|-damage|p2a: Great Tusk|91/100 tox|[from] psn
|upkeep
|turn|18
|inactive|PrimeXStriker has 30 seconds left.
|
|t:|1769350401
|move|p1a: Moltres|Tera Blast|p2a: Great Tusk|[anim] Tera Blast Fairy
|-supereffective|p2a: Great Tusk
|-damage|p2a: Great Tusk|0 fnt
|faint|p2a: Great Tusk
|-end|p2a: Great Tusk|Protosynthesis|[silent]
|
|upkeep
|inactive|PrimeXStriker has 30 seconds left this turn.
|
|t:|1769350404
|switch|p2a: Ceruledge|Ceruledge, F, tera:Ghost|60/100 tox
|turn|19
|
|t:|1769350407
|move|p1a: Moltres|Fiery Wrath|p2a: Ceruledge
|-supereffective|p2a: Ceruledge
|-damage|p2a: Ceruledge|0 fnt
|faint|p2a: Ceruledge
|
|upkeep
|
|t:|1769350410
|switch|p2a: Scream Tail|Scream Tail|26/100 tox
|turn|20
|
|t:|1769350412
|move|p1a: Moltres|Fiery Wrath|p2a: Scream Tail
|-damage|p2a: Scream Tail|0 fnt
|faint|p2a: Scream Tail
|-end|p2a: Scream Tail|Protosynthesis|[silent]
|
|win|bladegalaxy
|raw|bladegalaxy's rating: 1514 &rarr; <strong>1531</strong><br />(+17 for winning)
|raw|PrimeXStriker's rating: 1465 &rarr; <strong>1448</strong><br />(-17 for losing)
|l|☆PrimeXStriker
|player|p2|
|l|☆bladegalaxy
|player|p1|
