|j|☆router_z
|j|☆UltraSharkBrosYT
|t:|1769404118
|gametype|singles
|player|p1|router_z|rood|1127
|player|p2|UltraSharkBrosYT|ingo-hisui|1166
|gen|9
|tier|[Gen 9] OU
|rated|
|rule|HP Percentage Mod: HP is shown in percentages
|rule|Endless Battle Clause: Forcing endless battles is banned
|rule|Species Clause: Limit one of each Pokémon
|rule|OHKO Clause: OHKO moves are banned
|rule|Evasion Items Clause: Evasion items are banned
|rule|Evasion Moves Clause: Evasion moves are banned
|rule|Evasion Abilities Clause: Evasion abilities are banned
|rule|Sleep Moves Clause: Sleep-inducing moves are banned
|clearpoke
|poke|p1|Iron Valiant|
|poke|p1|Excadrill, M|
|poke|p1|Tyranitar, M|
|poke|p1|Tornadus-Therian, M|
|poke|p1|Ogerpon-Cornerstone, F|
|poke|p1|Toxapex, F|
|poke|p2|Garchomp, F|
|poke|p2|Garganacl, F|
|poke|p2|Heatran, M|
|poke|p2|Lokix, M|
|poke|p2|Iron Jugulis|
|poke|p2|Metagross|
|teampreview
|inactive|Battle timer is ON: inactive players will automatically lose when time's up. (requested by UltraSharkBrosYT)
|
|t:|1769404122
|teamsize|p1|6
|teamsize|p2|6
|start
|switch|p1a: Tyranitar|Tyranitar, M|100/100
|switch|p2a: Expedition 33|Garganacl, F|100/100
|-weather|Sandstorm|[from] ability: Sand Stream|[of] p1a: Tyranitar
|turn|1
|
|t:|1769404138
|move|p1a: Tyranitar|Knock Off|p2a: Expedition 33
|-damage|p2a: Expedition 33|72/100
|-enditem|p2a: Expedition 33|Leftovers|[from] move: Knock Off|[of] p1a: Tyranitar
|move|p2a: Expedition 33|Salt Cure|p1a: Tyranitar
|-damage|p1a: Tyranitar|87/100
|-start|p1a: Tyranitar|Salt Cure
|
|-weather|Sandstorm|[upkeep]
|-damage|p1a: Tyranitar|75/100|[from] Salt Cure
|upkeep
|turn|2
|
|t:|1769404147
|move|p1a: Tyranitar|Low Kick|p2a: Expedition 33
|-supereffective|p2a: Expedition 33
|-damage|p2a: Expedition 33|27/100
|move|p2a: Expedition 33|Stealth Rock|p1a: Tyranitar
|-sidestart|p1: router_z|move: Stealth Rock
|
|-weather|Sandstorm|[upkeep]
|-damage|p1a: Tyranitar|63/100|[from] Salt Cure
|upkeep
|turn|3
|
|t:|1769404162
|move|p2a: Expedition 33|Protect|p2a: Expedition 33
|-singleturn|p2a: Expedition 33|Protect
|move|p1a: Tyranitar|Low Kick|p2a: Expedition 33
|-activate|p2a: Expedition 33|move: Protect
|
|-weather|Sandstorm|[upkeep]
|-damage|p1a: Tyranitar|50/100|[from] Salt Cure
|upkeep
|turn|4
|
|t:|1769404169
|-terastallize|p2a: Expedition 33|Ghost
|move|p1a: Tyranitar|Low Kick|p2a: Expedition 33
|-immune|p2a: Expedition 33
|move|p2a: Expedition 33|Recover|p2a: Expedition 33
|-heal|p2a: Expedition 33|77/100
|
|-weather|Sandstorm|[upkeep]
|-damage|p2a: Expedition 33|71/100|[from] Sandstorm
|-damage|p1a: Tyranitar|38/100|[from] Salt Cure
|upkeep
|turn|5
|
|t:|1769404196
|switch|p1a: Iron Valiant|Iron Valiant, shiny|100/100
|-damage|p1a: Iron Valiant|94/100|[from] Stealth Rock
|move|p2a: Expedition 33|Protect||[still]
|-fail|p2a: Expedition 33
|
|-weather|Sandstorm|[upkeep]
|-damage|p1a: Iron Valiant|88/100|[from] Sandstorm
|-damage|p2a: Expedition 33|65/100|[from] Sandstorm
|upkeep
|turn|6
|
|t:|1769404207
|move|p2a: Expedition 33|Protect|p2a: Expedition 33
|-singleturn|p2a: Expedition 33|Protect
|move|p1a: Iron Valiant|Shadow Ball|p2a: Expedition 33
|-activate|p2a: Expedition 33|move: Protect
|
|-weather|Sandstorm|[upkeep]
|-damage|p1a: Iron Valiant|82/100|[from] Sandstorm
|-damage|p2a: Expedition 33|59/100|[from] Sandstorm
|upkeep
|turn|7
|
|t:|1769404215
|switch|p2a: Last of Us Pt 2|Iron Jugulis|100/100
|-enditem|p2a: Last of Us Pt 2|Booster Energy
|-activate|p2a: Last of Us Pt 2|ability: Quark Drive|[fromitem]
|-start|p2a: Last of Us Pt 2|quarkdrivespe
|move|p1a: Iron Valiant|Shadow Ball|p2a: Last of Us Pt 2
|-resisted|p2a: Last of Us Pt 2
|-damage|p2a: Last of Us Pt 2|76/100
|-unboost|p2a: Last of Us Pt 2|spd|1
|
|-weather|Sandstorm|[upkeep]
|-damage|p2a: Last of Us Pt 2|70/100|[from] Sandstorm
|-damage|p1a: Iron Valiant|76/100|[from] Sandstorm
|upkeep
|turn|8
|
|t:|1769404229
|-end|p1a: Iron Valiant|Quark Drive|[silent]
|switch|p1a: Toxapex|Toxapex, F, shiny|100/100
|-damage|p1a: Toxapex|88/100|[from] Stealth Rock
|move|p2a: Last of Us Pt 2|Air Slash|p1a: Toxapex
|-damage|p1a: Toxapex|61/100
|-enditem|p1a: Toxapex|Eject Button
|
|t:|1769404240
|switch|p1a: Excadrill|Excadrill, M|100/100
|-damage|p1a: Excadrill|97/100|[from] Stealth Rock
|
|-weather|none
|-heal|p1a: Excadrill|100/100|[from] item: Leftovers
|upkeep
|turn|9
|
|t:|1769404248
|move|p2a: Last of Us Pt 2|Hydro Pump|p1a: Excadrill
|-supereffective|p1a: Excadrill
|-damage|p1a: Excadrill|1/100
|move|p1a: Excadrill|Substitute|p1a: Excadrill
|-fail|p1a: Excadrill|move: Substitute|[weak]
|
|-heal|p1a: Excadrill|7/100|[from] item: Leftovers
|upkeep
|turn|10
|
|t:|1769404258
|switch|p1a: Tyranitar|Tyranitar, M|38/100
|-damage|p1a: Tyranitar|26/100|[from] Stealth Rock
|-weather|Sandstorm|[from] ability: Sand Stream|[of] p1a: Tyranitar
|move|p2a: Last of Us Pt 2|Air Slash|p1a: Tyranitar
|-resisted|p1a: Tyranitar
|-damage|p1a: Tyranitar|13/100
|
|-weather|Sandstorm|[upkeep]
|-damage|p2a: Last of Us Pt 2|64/100|[from] Sandstorm
|upkeep
|turn|11
|
|t:|1769404271
|switch|p1a: Iron Valiant|Iron Valiant, shiny|76/100
|-damage|p1a: Iron Valiant|69/100|[from] Stealth Rock
|move|p2a: Last of Us Pt 2|Hydro Pump|p1a: Iron Valiant
|-crit|p1a: Iron Valiant
|-damage|p1a: Iron Valiant|0 fnt
|faint|p1a: Iron Valiant
|-end|p1a: Iron Valiant|Quark Drive|[silent]
|
|-weather|Sandstorm|[upkeep]
|-damage|p2a: Last of Us Pt 2|58/100|[from] Sandstorm
|upkeep
|
|t:|1769404280
|switch|p1a: Excadrill|Excadrill, M|7/100
|-damage|p1a: Excadrill|4/100|[from] Stealth Rock
|turn|12
|
|t:|1769404285
|move|p1a: Excadrill|Rock Slide|p2a: Last of Us Pt 2
|-supereffective|p2a: Last of Us Pt 2
|-damage|p2a: Last of Us Pt 2|0 fnt
|faint|p2a: Last of Us Pt 2
|-end|p2a: Last of Us Pt 2|Quark Drive|[silent]
|
|-weather|Sandstorm|[upkeep]
|-heal|p1a: Excadrill|10/100|[from] item: Leftovers
|upkeep
|
|t:|1769404292
|switch|p2a: It Takes Two|Lokix, M|100/100
|turn|13
|
|t:|1769404299
|switch|p1a: Tornadus|Tornadus-Therian, M, shiny|100/100
|-damage|p1a: Tornadus|76/100|[from] Stealth Rock
|move|p2a: It Takes Two|First Impression|p1a: Tornadus
|-resisted|p1a: Tornadus
|-damage|p1a: Tornadus|15/100
|
|-weather|Sandstorm|[upkeep]
|-damage|p1a: Tornadus|9/100|[from] Sandstorm
|-damage|p2a: It Takes Two|94/100|[from] Sandstorm
|upkeep
|turn|14
|
|t:|1769404308
|move|p2a: It Takes Two|Sucker Punch|p1a: Tornadus
|-damage|p1a: Tornadus|0 fnt
|faint|p1a: Tornadus
|
|-weather|Sandstorm|[upkeep]
|-damage|p2a: It Takes Two|88/100|[from] Sandstorm
|upkeep
|
|t:|1769404316
|switch|p1a: Ogerpon|Ogerpon-Cornerstone, F|100/100
|-damage|p1a: Ogerpon|88/100|[from] Stealth Rock
|turn|15
|
|t:|1769404321
|move|p1a: Ogerpon|Ivy Cudgel|p2a: It Takes Two|[anim] Ivy Cudgel Rock
|-supereffective|p2a: It Takes Two
|-damage|p2a: It Takes Two|0 fnt
|faint|p2a: It Takes Two
|
|-weather|Sandstorm|[upkeep]
|upkeep
|
|t:|1769404327
|switch|p2a: Astro Bot|Metagross|100/100
|turn|16
|
|t:|1769404331
|move|p1a: Ogerpon|Knock Off|p2a: Astro Bot
|-supereffective|p2a: Astro Bot
|-damage|p2a: Astro Bot|38/100
|-enditem|p2a: Astro Bot|Leftovers|[from] move: Knock Off|[of] p1a: Ogerpon
|move|p2a: Astro Bot|Heavy Slam|p1a: Ogerpon
|-supereffective|p1a: Ogerpon
|-crit|p1a: Ogerpon
|-damage|p1a: Ogerpon|0 fnt
|faint|p1a: Ogerpon
|
|-weather|Sandstorm|[upkeep]
|upkeep
|
|t:|1769404340
|switch|p1a: Toxapex|Toxapex, F, shiny|95/100
|-damage|p1a: Toxapex|82/100|[from] Stealth Rock
|turn|17
|
|t:|1769404345
|move|p2a: Astro Bot|Psychic Fangs|p1a: Toxapex
|-supereffective|p1a: Toxapex
|-damage|p1a: Toxapex|21/100
|move|p1a: Toxapex|Toxic|p2a: Astro Bot
|-immune|p2a: Astro Bot
|
|-weather|none
|upkeep
|turn|18
|
|t:|1769404353
|switch|p1a: Tyranitar|Tyranitar, M|13/100
|-damage|p1a: Tyranitar|1/100|[from] Stealth Rock
|-weather|Sandstorm|[from] ability: Sand Stream|[of] p1a: Tyranitar
|move|p2a: Astro Bot|Psychic Fangs|p1a: Tyranitar
|-immune|p1a: Tyranitar
|
|-weather|Sandstorm|[upkeep]
|upkeep
|turn|19
|
|t:|1769404361
|move|p2a: Astro Bot|Bullet Punch|p1a: Tyranitar
|-supereffective|p1a: Tyranitar
|-damage|p1a: Tyranitar|0 fnt
|faint|p1a: Tyranitar
|
|-weather|Sandstorm|[upkeep]
|upkeep
|
|t:|1769404367
|switch|p1a: Excadrill|Excadrill, M|10/100
|-damage|p1a: Excadrill|7/100|[from] Stealth Rock
|turn|20
|
|t:|1769404372
|move|p2a: Astro Bot|Bullet Punch|p1a: Excadrill
|-resisted|p1a: Excadrill
|-damage|p1a: Excadrill|0 fnt
|faint|p1a: Excadrill
|
|-weather|Sandstorm|[upkeep]
|upkeep
|-message|router_z forfeited.
|
|win|UltraSharkBrosYT
|raw|router_z's rating: 1127 &rarr; <strong>1105</strong><br />(-22 for losing)
|raw|UltraSharkBrosYT's rating: 1166 &rarr; <strong>1188</strong><br />(+22 for winning)
|l|☆router_z
|player|p1|
|l|☆UltraSharkBrosYT
|player|p2|
