|j|☆Malygonos
|j|☆Quarantinoo
|t:|1769296375
|gametype|singles
|player|p1|Malygonos|flannery|1419
|player|p2|Quarantinoo|265|1475
|gen|9
|tier|[Gen 9] OU
|rated|
|rule|HP Percentage Mod: HP is shown in percentages
|rule|Endless Battle Clause: Forcing endless battles is banned
|rule|Species Clause: Limit one of each Pokémon
|rule|OHKO Clause: OHKO moves are banned
|rule|Evasion Items Clause: Evasion items are banned
|rule|Evasion Moves Clause: Evasion moves are banned
|rule|Evasion Abilities Clause: Evasion abilities are banned
|rule|Sleep Moves Clause: Sleep-inducing moves are banned
|clearpoke
|poke|p1|Raging Bolt|
|poke|p1|Darkrai|
|poke|p1|Weezing-Galar, M|
|poke|p1|Ogerpon-Wellspring, F|
|poke|p1|Iron Treads|
|poke|p1|Moltres|
|poke|p2|Bronzong|
|poke|p2|Clodsire, M|
|poke|p2|Gholdengo|
|poke|p2|Pecharunt|
|poke|p2|Chesnaught, F|
|poke|p2|Weavile, M|
|teampreview
|inactive|Battle timer is ON: inactive players will automatically lose when time's up. (requested by Malygonos)
|
|t:|1769296391
|teamsize|p1|6
|teamsize|p2|6
|start
|switch|p1a: Raging Bolt|Raging Bolt|100/100
|switch|p2a: Bronzong|Bronzong|100/100
|turn|1
|
|t:|1769296395
|switch|p2a: Clodsire|Clodsire, M|100/100
|move|p1a: Raging Bolt|Volt Switch|p2a: Clodsire
|-immune|p2a: Clodsire
|
|upkeep
|turn|2
|
|t:|1769296404
|-end|p1a: Raging Bolt|Protosynthesis|[silent]
|switch|p1a: Iron Treads|Iron Treads|100/100
|move|p2a: Clodsire|Spikes|p1a: Iron Treads
|-sidestart|p1: Malygonos|Spikes
|
|upkeep
|turn|3
|
|t:|1769296407
|switch|p2a: Bronzong|Bronzong|100/100
|move|p1a: Iron Treads|Knock Off|p2a: Bronzong
|-supereffective|p2a: Bronzong
|-damage|p2a: Bronzong|47/100
|-enditem|p2a: Bronzong|Leftovers|[from] move: Knock Off|[of] p1a: Iron Treads
|
|upkeep
|turn|4
|
|t:|1769296421
|move|p1a: Iron Treads|Stealth Rock|p2a: Bronzong
|-sidestart|p2: Quarantinoo|move: Stealth Rock
|move|p2a: Bronzong|Stealth Rock|p1a: Iron Treads
|-sidestart|p1: Malygonos|move: Stealth Rock
|
|upkeep
|turn|5
|
|t:|1769296423
|move|p1a: Iron Treads|Rapid Spin|p2a: Bronzong
|-resisted|p2a: Bronzong
|-damage|p2a: Bronzong|41/100
|-boost|p1a: Iron Treads|spe|1
|-sideend|p1: Malygonos|Spikes|[from] move: Rapid Spin|[of] p1a: Iron Treads
|-sideend|p1: Malygonos|Stealth Rock|[from] move: Rapid Spin|[of] p1a: Iron Treads
|move|p2a: Bronzong|Earthquake|p1a: Iron Treads
|-supereffective|p1a: Iron Treads
|-damage|p1a: Iron Treads|61/100
|
|-heal|p1a: Iron Treads|67/100|[from] item: Leftovers
|upkeep
|turn|6
|
|t:|1769296429
|-end|p1a: Iron Treads|Quark Drive|[silent]
|switch|p1a: Moltres|Moltres|100/100
|move|p2a: Bronzong|Stealth Rock|p1a: Moltres
|-sidestart|p1: Malygonos|move: Stealth Rock
|
|upkeep
|turn|7
|
|t:|1769296432
|switch|p2a: Clodsire|Clodsire, M|100/100
|-damage|p2a: Clodsire|94/100|[from] Stealth Rock
|move|p1a: Moltres|Flamethrower|p2a: Clodsire
|-damage|p2a: Clodsire|74/100
|
|-heal|p2a: Clodsire|80/100|[from] item: Leftovers
|upkeep
|turn|8
|
|t:|1769296440
|move|p1a: Moltres|U-turn|p2a: Clodsire
|-resisted|p2a: Clodsire
|-damage|p2a: Clodsire|73/100
|
|t:|1769296443
|switch|p1a: Weezing|Weezing-Galar, M|100/100|[from] U-turn
|-damage|p1a: Weezing|88/100|[from] Stealth Rock
|move|p2a: Clodsire|Toxic|p1a: Weezing
|-immune|p1a: Weezing
|
|-heal|p1a: Weezing|94/100|[from] item: Leftovers
|-heal|p2a: Clodsire|79/100|[from] item: Leftovers
|upkeep
|turn|9
|
|t:|1769296453
|move|p1a: Weezing|Will-O-Wisp|p2a: Clodsire
|-status|p2a: Clodsire|brn
|move|p2a: Clodsire|Earthquake|p1a: Weezing
|-immune|p1a: Weezing|[from] ability: Levitate
|
|-heal|p1a: Weezing|99/100|[from] item: Leftovers
|-heal|p2a: Clodsire|85/100 brn|[from] item: Leftovers
|-damage|p2a: Clodsire|79/100 brn|[from] brn
|upkeep
|turn|10
|
|t:|1769296463
|move|p1a: Weezing|Defog|p2a: Clodsire
|-unboost|p2a: Clodsire|evasion|1
|-sideend|p2: Quarantinoo|Stealth Rock|[from] move: Defog|[of] p1a: Weezing
|-sideend|p1: Malygonos|Stealth Rock|[from] move: Defog|[of] p1a: Weezing
|move|p2a: Clodsire|Spikes|p1a: Weezing
|-sidestart|p1: Malygonos|Spikes
|
|-heal|p1a: Weezing|100/100|[from] item: Leftovers
|-heal|p2a: Clodsire|85/100 brn|[from] item: Leftovers
|-damage|p2a: Clodsire|79/100 brn|[from] brn
|upkeep
|turn|11
|
|t:|1769296468
|move|p1a: Weezing|Defog|p2a: Clodsire
|-unboost|p2a: Clodsire|evasion|1
|-sideend|p1: Malygonos|Spikes|[from] move: Defog|[of] p1a: Weezing
|move|p2a: Clodsire|Spikes|p1a: Weezing
|-sidestart|p1: Malygonos|Spikes
|
|-heal|p2a: Clodsire|85/100 brn|[from] item: Leftovers
|-damage|p2a: Clodsire|79/100 brn|[from] brn
|upkeep
|turn|12
|
|t:|1769296471
|switch|p2a: Bronzong|Bronzong|41/100
|move|p1a: Weezing|Defog|p2a: Bronzong
|-unboost|p2a: Bronzong|evasion|1
|-sideend|p1: Malygonos|Spikes|[from] move: Defog|[of] p1a: Weezing
|
|upkeep
|turn|13
|
|t:|1769296477
|move|p1a: Weezing|Will-O-Wisp|p2a: Bronzong
|-status|p2a: Bronzong|brn
|move|p2a: Bronzong|Psychic Noise|p1a: Weezing
|-supereffective|p1a: Weezing
|-damage|p1a: Weezing|37/100
|-start|p1a: Weezing|move: Heal Block
|
|-damage|p2a: Bronzong|35/100 brn|[from] brn
|upkeep
|turn|14
|
|t:|1769296486
|switch|p1a: Darkrai|Darkrai|100/100
|move|p2a: Bronzong|Stealth Rock|p1a: Darkrai
|-sidestart|p1: Malygonos|move: Stealth Rock
|
|-damage|p2a: Bronzong|28/100 brn|[from] brn
|upkeep
|turn|15
|
|t:|1769296491
|switch|p2a: Clodsire|Clodsire, M|79/100 brn
|move|p1a: Darkrai|Dark Pulse|p2a: Clodsire
|-damage|p2a: Clodsire|57/100 brn
|
|-heal|p2a: Clodsire|63/100 brn|[from] item: Leftovers
|-damage|p2a: Clodsire|57/100 brn|[from] brn
|upkeep
|turn|16
|
|t:|1769296506
|move|p1a: Darkrai|Ice Beam|p2a: Clodsire
|-supereffective|p2a: Clodsire
|-damage|p2a: Clodsire|24/100 brn
|move|p2a: Clodsire|Spikes|p1a: Darkrai
|-sidestart|p1: Malygonos|Spikes
|
|-heal|p2a: Clodsire|30/100 brn|[from] item: Leftovers
|-damage|p2a: Clodsire|24/100 brn|[from] brn
|upkeep
|turn|17
|
|t:|1769296515
|-terastallize|p2a: Clodsire|Dark
|move|p1a: Darkrai|Ice Beam|p2a: Clodsire
|-damage|p2a: Clodsire|7/100 brn
|move|p2a: Clodsire|Recover|p2a: Clodsire
|-heal|p2a: Clodsire|57/100 brn
|
|-heal|p2a: Clodsire|63/100 brn|[from] item: Leftovers
|-damage|p2a: Clodsire|57/100 brn|[from] brn
|upkeep
|turn|18
|
|t:|1769296524
|switch|p1a: Weezing|Weezing-Galar, M|37/100
|-damage|p1a: Weezing|25/100|[from] Stealth Rock
|move|p2a: Clodsire|Recover|p2a: Clodsire
|-heal|p2a: Clodsire|100/100 brn
|
|-heal|p1a: Weezing|31/100|[from] item: Leftovers
|-damage|p2a: Clodsire|94/100 brn|[from] brn
|upkeep
|turn|19
|
|t:|1769296526
|switch|p2a: Bronzong|Bronzong|28/100 brn
|move|p1a: Weezing|Defog|p2a: Bronzong
|-unboost|p2a: Bronzong|evasion|1
|-sideend|p1: Malygonos|Spikes|[from] move: Defog|[of] p1a: Weezing
|-sideend|p1: Malygonos|Stealth Rock|[from] move: Defog|[of] p1a: Weezing
|
|-heal|p1a: Weezing|37/100|[from] item: Leftovers
|-damage|p2a: Bronzong|22/100 brn|[from] brn
|upkeep
|turn|20
|
|t:|1769296531
|switch|p1a: Moltres|Moltres|100/100
|move|p2a: Bronzong|Psychic Noise|p1a: Moltres
|-damage|p1a: Moltres|81/100
|-start|p1a: Moltres|move: Heal Block
|
|-damage|p2a: Bronzong|16/100 brn|[from] brn
|upkeep
|turn|21
|
|t:|1769296540
|switch|p2a: Clodsire|Clodsire, M, tera:Dark|94/100 brn
|move|p1a: Moltres|U-turn|p2a: Clodsire
|-supereffective|p2a: Clodsire
|-damage|p2a: Clodsire|63/100 brn
|
|t:|1769296549
|switch|p1a: Ogerpon|Ogerpon-Wellspring, F|100/100|[from] U-turn
|
|-heal|p2a: Clodsire|69/100 brn|[from] item: Leftovers
|-damage|p2a: Clodsire|63/100 brn|[from] brn
|upkeep
|turn|22
|
|t:|1769296552
|switch|p2a: Chesnaught|Chesnaught, F|100/100
|move|p1a: Ogerpon|Ivy Cudgel|p2a: Chesnaught|[anim] Ivy Cudgel Water
|-resisted|p2a: Chesnaught
|-damage|p2a: Chesnaught|84/100
|
|upkeep
|turn|23
|
|t:|1769296558
|move|p1a: Ogerpon|U-turn|p2a: Chesnaught
|-damage|p2a: Chesnaught|67/100
|-damage|p1a: Ogerpon|84/100|[from] item: Rocky Helmet|[of] p2a: Chesnaught
|
|t:|1769296563
|switch|p1a: Moltres|Moltres|81/100|[from] U-turn
|move|p2a: Chesnaught|Knock Off|p1a: Moltres
|-damage|p1a: Moltres|64/100
|-status|p2a: Chesnaught|brn|[from] ability: Flame Body|[of] p1a: Moltres
|-enditem|p1a: Moltres|Heavy-Duty Boots|[from] move: Knock Off|[of] p2a: Chesnaught
|
|-damage|p2a: Chesnaught|61/100 brn|[from] brn
|upkeep
|turn|24
|
|t:|1769296576
|switch|p2a: Clodsire|Clodsire, M, tera:Dark|63/100 brn
|move|p1a: Moltres|Roost|p1a: Moltres
|-heal|p1a: Moltres|100/100
|-singleturn|p1a: Moltres|move: Roost
|
|-heal|p2a: Clodsire|69/100 brn|[from] item: Leftovers
|-damage|p2a: Clodsire|63/100 brn|[from] brn
|upkeep
|turn|25
|
|t:|1769296584
|move|p1a: Moltres|U-turn|p2a: Clodsire
|-supereffective|p2a: Clodsire
|-damage|p2a: Clodsire|32/100 brn
|
|t:|1769296596
|switch|p1a: Weezing|Weezing-Galar, M|37/100|[from] U-turn
|move|p2a: Clodsire|Recover|p2a: Clodsire
|-heal|p2a: Clodsire|82/100 brn
|
|-heal|p1a: Weezing|43/100|[from] item: Leftovers
|-heal|p2a: Clodsire|88/100 brn|[from] item: Leftovers
|-damage|p2a: Clodsire|82/100 brn|[from] brn
|upkeep
|turn|26
|
|t:|1769296603
|switch|p2a: Bronzong|Bronzong|16/100 brn
|move|p1a: Weezing|Pain Split|p2a: Bronzong
|-sethp|p2a: Bronzong|29/100 brn|[from] move: Pain Split|[silent]
|-sethp|p1a: Weezing|29/100|[from] move: Pain Split
|
|-heal|p1a: Weezing|35/100|[from] item: Leftovers
|-damage|p2a: Bronzong|23/100 brn|[from] brn
|upkeep
|turn|27
|
|t:|1769296611
|switch|p1a: Iron Treads|Iron Treads|67/100
|move|p2a: Bronzong|Stealth Rock|p1a: Iron Treads
|-sidestart|p1: Malygonos|move: Stealth Rock
|
|-heal|p1a: Iron Treads|73/100|[from] item: Leftovers
|-damage|p2a: Bronzong|16/100 brn|[from] brn
|upkeep
|turn|28
|
|t:|1769296617
|switch|p2a: Gholdengo|Gholdengo|100/100
|-item|p2a: Gholdengo|Air Balloon
|move|p1a: Iron Treads|Stealth Rock|p2a: Gholdengo
|-sidestart|p2: Quarantinoo|move: Stealth Rock
|
|-heal|p1a: Iron Treads|79/100|[from] item: Leftovers
|upkeep
|turn|29
|
|t:|1769296629
|move|p1a: Iron Treads|Knock Off|p2a: Gholdengo
|-supereffective|p2a: Gholdengo
|-damage|p2a: Gholdengo|36/100
|-enditem|p2a: Gholdengo|Air Balloon
|move|p2a: Gholdengo|Shadow Ball|p1a: Iron Treads
|-damage|p1a: Iron Treads|18/100
|-unboost|p1a: Iron Treads|spd|1
|
|-heal|p1a: Iron Treads|24/100|[from] item: Leftovers
|upkeep
|turn|30
|
|t:|1769296636
|switch|p2a: Chesnaught|Chesnaught, F|61/100 brn
|-damage|p2a: Chesnaught|55/100 brn|[from] Stealth Rock
|move|p1a: Iron Treads|Earthquake|p2a: Chesnaught
|-resisted|p2a: Chesnaught
|-damage|p2a: Chesnaught|42/100 brn
|
|-heal|p1a: Iron Treads|30/100|[from] item: Leftovers
|-damage|p2a: Chesnaught|36/100 brn|[from] brn
|upkeep
|turn|31
|
|t:|1769296648
|-end|p1a: Iron Treads|Quark Drive|[silent]
|switch|p1a: Weezing|Weezing-Galar, M|35/100
|-damage|p1a: Weezing|23/100|[from] Stealth Rock
|move|p2a: Chesnaught|Knock Off|p1a: Weezing
|-resisted|p1a: Weezing
|-damage|p1a: Weezing|19/100
|-enditem|p1a: Weezing|Leftovers|[from] move: Knock Off|[of] p2a: Chesnaught
|
|-damage|p2a: Chesnaught|30/100 brn|[from] brn
|upkeep
|turn|32
|
|t:|1769296659
|switch|p2a: Bronzong|Bronzong|16/100 brn
|-damage|p2a: Bronzong|10/100 brn|[from] Stealth Rock
|move|p1a: Weezing|Defog|p2a: Bronzong
|-unboost|p2a: Bronzong|evasion|1
|-sideend|p2: Quarantinoo|Stealth Rock|[from] move: Defog|[of] p1a: Weezing
|-sideend|p1: Malygonos|Stealth Rock|[from] move: Defog|[of] p1a: Weezing
|
|-damage|p2a: Bronzong|4/100 brn|[from] brn
|upkeep
|turn|33
|
|t:|1769296665
|switch|p1a: Iron Treads|Iron Treads|30/100
|move|p2a: Bronzong|Stealth Rock|p1a: Iron Treads
|-sidestart|p1: Malygonos|move: Stealth Rock
|
|-heal|p1a: Iron Treads|36/100|[from] item: Leftovers
|-damage|p2a: Bronzong|0 fnt|[from] brn
|faint|p2a: Bronzong
|upkeep
|
|t:|1769296674
|switch|p2a: Weavile|Weavile, M|100/100
|-ability|p2a: Weavile|Pressure
|turn|34
|
|t:|1769296684
|-end|p1a: Iron Treads|Quark Drive|[silent]
|switch|p1a: Moltres|Moltres|100/100
|-damage|p1a: Moltres|51/100|[from] Stealth Rock
|move|p2a: Weavile|Knock Off|p1a: Moltres
|-damage|p1a: Moltres|28/100
|-status|p2a: Weavile|brn|[from] ability: Flame Body|[of] p1a: Moltres
|
|-damage|p2a: Weavile|94/100 brn|[from] brn
|upkeep
|turn|35
|c|☆Quarantinoo|Omd
|c|☆Quarantinoo|u got it twice
|c|☆Malygonos|unlucky
|
|t:|1769296703
|move|p2a: Weavile|Triple Axel|p1a: Moltres
|-damage|p1a: Moltres|25/100
|-hitcount|p1a: Moltres|1
|move|p1a: Moltres|Roost|p1a: Moltres
|-heal|p1a: Moltres|75/100
|-singleturn|p1a: Moltres|move: Roost
|
|-damage|p2a: Weavile|88/100 brn|[from] brn
|upkeep
|turn|36
|c|☆Quarantinoo|Pajhahas
|-message|Quarantinoo forfeited.
|
|win|Malygonos
|raw|Malygonos's rating: 1419 &rarr; <strong>1442</strong><br />(+23 for winning)
|raw|Quarantinoo's rating: 1475 &rarr; <strong>1452</strong><br />(-23 for losing)
|l|☆Quarantinoo
|player|p2|
