|j|☆Killer Mozarc
|j|☆founded
|t:|1769433313
|gametype|singles
|player|p1|Killer Mozarc|102|1321
|player|p2|founded|firebreather|1339
|gen|9
|tier|[Gen 9] OU
|rated|
|rule|HP Percentage Mod: HP is shown in percentages
|rule|Endless Battle Clause: Forcing endless battles is banned
|rule|Species Clause: Limit one of each Pokémon
|rule|OHKO Clause: OHKO moves are banned
|rule|Evasion Items Clause: Evasion items are banned
|rule|Evasion Moves Clause: Evasion moves are banned
|rule|Evasion Abilities Clause: Evasion abilities are banned
|rule|Sleep Moves Clause: Sleep-inducing moves are banned
|clearpoke
|poke|p1|Quaquaval, F|
|poke|p1|Ceruledge, M|
|poke|p1|Rillaboom, F|
|poke|p1|Clefable, F|
|poke|p1|Raging Bolt|
|poke|p1|Corviknight, M|
|poke|p2|Espeon, F|
|poke|p2|Kommo-o, F|
|poke|p2|Dipplin, F|
|poke|p2|Glimmora, M|
|poke|p2|Landorus-Therian, M|
|poke|p2|Incineroar, F|
|teampreview
|
|t:|1769433367
|teamsize|p1|6
|teamsize|p2|6
|start
|switch|p1a: Rillaboom|Rillaboom, F|100/100
|switch|p2a: Espeon|Espeon, F|100/100
|-fieldstart|move: Grassy Terrain|[from] ability: Grassy Surge|[of] p1a: Rillaboom
|turn|1
|inactive|Battle timer is ON: inactive players will automatically lose when time's up. (requested by Killer Mozarc)
|
|t:|1769433376
|switch|p2a: Glimmora|Glimmora, M, shiny|100/100
|move|p1a: Rillaboom|Knock Off|p2a: Glimmora
|-crit|p2a: Glimmora
|-damage|p2a: Glimmora|38/100
|-activate|p2a: Glimmora|ability: Toxic Debris
|-sidestart|p1: Killer Mozarc|move: Toxic Spikes
|-enditem|p2a: Glimmora|Power Herb|[from] move: Knock Off|[of] p1a: Rillaboom
|
|-heal|p2a: Glimmora|44/100|[from] Grassy Terrain
|upkeep
|turn|2
|
|t:|1769433386
|switch|p2a: Incineroar|Incineroar, F|100/100
|-ability|p2a: Incineroar|Intimidate|boost
|-unboost|p1a: Rillaboom|atk|1
|move|p1a: Rillaboom|Drum Beating|p2a: Incineroar
|-resisted|p2a: Incineroar
|-damage|p2a: Incineroar|84/100
|-unboost|p2a: Incineroar|spe|1
|
|-heal|p2a: Incineroar|91/100|[from] Grassy Terrain
|upkeep
|turn|3
|inactive|Killer Mozarc has 120 seconds left.
|
|t:|1769433420
|move|p1a: Rillaboom|High Horsepower|p2a: Incineroar
|-supereffective|p2a: Incineroar
|-damage|p2a: Incineroar|51/100
|move|p2a: Incineroar|Flare Blitz|p1a: Rillaboom
|-supereffective|p1a: Rillaboom
|-crit|p1a: Rillaboom
|-damage|p1a: Rillaboom|0 fnt
|faint|p1a: Rillaboom
|-damage|p2a: Incineroar|22/100|[from] Recoil
|
|-heal|p2a: Incineroar|28/100|[from] Grassy Terrain
|upkeep
|inactive|Killer Mozarc has 120 seconds left.
|
|t:|1769433436
|switch|p1a: Corviknight|Corviknight, M|100/100
|-ability|p1a: Corviknight|Pressure
|turn|4
|
|t:|1769433440
|move|p1a: Corviknight|Defog|p2a: Incineroar
|-unboost|p2a: Incineroar|evasion|1
|-sideend|p1: Killer Mozarc|Toxic Spikes|[from] move: Defog|[of] p1a: Corviknight
|-fieldend|move: Grassy Terrain
|move|p2a: Incineroar|Flare Blitz|p1a: Corviknight
|-supereffective|p1a: Corviknight
|-damage|p1a: Corviknight|41/100
|-damage|p2a: Incineroar|11/100|[from] item: Rocky Helmet|[of] p1a: Corviknight
|-damage|p2a: Incineroar|0 fnt|[from] Recoil
|faint|p2a: Incineroar
|
|upkeep
|
|t:|1769433456
|switch|p2a: Glimmora|Glimmora, M, shiny|44/100
|turn|5
|
|t:|1769433462
|move|p2a: Glimmora|Meteor Beam||[still]
|-prepare|p2a: Glimmora|Meteor Beam
|-boost|p2a: Glimmora|spa|1
|move|p1a: Corviknight|Roost|p1a: Corviknight
|-heal|p1a: Corviknight|91/100
|-singleturn|p1a: Corviknight|move: Roost
|
|upkeep
|turn|6
|
|t:|1769433477
|switch|p1a: Quaquaval|Quaquaval, F|100/100
|move|p2a: Glimmora|Meteor Beam|p1a: Quaquaval|[from] lockedmove
|-resisted|p1a: Quaquaval
|-damage|p1a: Quaquaval|43/100
|
|upkeep
|turn|7
|
|t:|1769433485
|switch|p2a: Dipplin|Dipplin, F|100/100
|move|p1a: Quaquaval|Aqua Jet|p2a: Dipplin
|-resisted|p2a: Dipplin
|-damage|p2a: Dipplin|96/100
|
|upkeep
|turn|8
|
|t:|1769433493
|switch|p1a: Corviknight|Corviknight, M|91/100
|-ability|p1a: Corviknight|Pressure
|move|p2a: Dipplin|Giga Drain|p1a: Corviknight
|-resisted|p1a: Corviknight
|-damage|p1a: Corviknight|83/100
|-heal|p2a: Dipplin|100/100|[from] drain|[of] p1a: Corviknight
|
|upkeep
|turn|9
|
|t:|1769433497
|move|p1a: Corviknight|U-turn|p2a: Dipplin
|-supereffective|p2a: Dipplin
|-damage|p2a: Dipplin|85/100
|
|t:|1769433501
|switch|p1a: Clefable|Clefable, F|100/100|[from] U-turn
|move|p2a: Dipplin|Dragon Tail|p1a: Clefable
|-immune|p1a: Clefable
|
|upkeep
|turn|10
|
|t:|1769433520
|switch|p2a: Espeon|Espeon, F|100/100
|move|p1a: Clefable|Moonblast|p2a: Espeon
|-damage|p2a: Espeon|60/100
|-unboost|p2a: Espeon|spa|1
|
|-heal|p2a: Espeon|67/100|[from] item: Leftovers
|upkeep
|turn|11
|
|t:|1769433523
|move|p2a: Espeon|Calm Mind|p2a: Espeon
|-boost|p2a: Espeon|spa|1
|-boost|p2a: Espeon|spd|1
|move|p1a: Clefable|Moonblast|p2a: Espeon
|-damage|p2a: Espeon|40/100
|
|-heal|p2a: Espeon|46/100|[from] item: Leftovers
|upkeep
|turn|12
|
|t:|1769433533
|switch|p1a: Ceruledge|Ceruledge, M|100/100
|move|p2a: Espeon|Psyshock|p1a: Ceruledge
|-damage|p1a: Ceruledge|49/100
|
|-heal|p2a: Espeon|52/100|[from] item: Leftovers
|upkeep
|turn|13
|
|t:|1769433538
|move|p1a: Ceruledge|Shadow Sneak|p2a: Espeon
|-supereffective|p2a: Espeon
|-damage|p2a: Espeon|0 fnt
|faint|p2a: Espeon
|
|upkeep
|
|t:|1769433564
|switch|p2a: Glimmora|Glimmora, M, shiny|44/100
|turn|14
|inactive|Killer Mozarc has 120 seconds left.
|inactive|Killer Mozarc has 90 seconds left.
|
|t:|1769433627
|switch|p1a: Raging Bolt|Raging Bolt|100/100
|move|p2a: Glimmora|Power Gem|p1a: Raging Bolt
|-damage|p1a: Raging Bolt|68/100
|
|-heal|p1a: Raging Bolt|74/100|[from] item: Leftovers
|upkeep
|turn|15
|
|t:|1769433634
|move|p2a: Glimmora|Earth Power|p1a: Raging Bolt
|-supereffective|p1a: Raging Bolt
|-damage|p1a: Raging Bolt|24/100
|move|p1a: Raging Bolt|Dragon Pulse|p2a: Glimmora
|-damage|p2a: Glimmora|0 fnt
|faint|p2a: Glimmora
|
|-heal|p1a: Raging Bolt|30/100|[from] item: Leftovers
|upkeep
|
|t:|1769433647
|switch|p2a: Landorus|Landorus-Therian, M|100/100
|-ability|p2a: Landorus|Intimidate|boost
|-unboost|p1a: Raging Bolt|atk|1
|turn|16
|
|t:|1769433659
|move|p2a: Landorus|Rock Slide|p1a: Raging Bolt
|-damage|p1a: Raging Bolt|7/100
|move|p1a: Raging Bolt|Dragon Pulse|p2a: Landorus
|-damage|p2a: Landorus|32/100
|
|-heal|p1a: Raging Bolt|13/100|[from] item: Leftovers
|upkeep
|turn|17
|-message|founded forfeited.
|
|win|Killer Mozarc
|raw|Killer Mozarc's rating: 1321 &rarr; <strong>1342</strong><br />(+21 for winning)
|raw|founded's rating: 1339 &rarr; <strong>1318</strong><br />(-21 for losing)
|l|☆founded
|player|p2|
|c|☆Killer Mozarc|gg
|l|☆Killer Mozarc
|player|p1|
