|j|☆luxrayblunt
|j|☆Team BBIO 38
|t:|1769298824
|gametype|singles
|player|p1|luxrayblunt|leaguestafff|1378
|player|p2|Team BBIO 38|rocketgrunt|1361
|gen|9
|tier|[Gen 9] OU
|rated|
|rule|HP Percentage Mod: HP is shown in percentages
|rule|Endless Battle Clause: Forcing endless battles is banned
|rule|Species Clause: Limit one of each Pokémon
|rule|OHKO Clause: OHKO moves are banned
|rule|Evasion Items Clause: Evasion items are banned
|rule|Evasion Moves Clause: Evasion moves are banned
|rule|Evasion Abilities Clause: Evasion abilities are banned
|rule|Sleep Moves Clause: Sleep-inducing moves are banned
|clearpoke
|poke|p1|Dragapult, F|
|poke|p1|Araquanid, M|
|poke|p1|Great Tusk|
|poke|p1|Gholdengo|
|poke|p1|Snorlax, M|
|poke|p1|Enamorus, F|
|poke|p2|Dusclops, M|
|poke|p2|Blissey, F|
|poke|p2|Flamigo, M|
|poke|p2|Latias, F|
|poke|p2|Darkrai|
|poke|p2|Dragonite, M|
|teampreview
|inactive|Battle timer is ON: inactive players will automatically lose when time's up. (requested by Team BBIO 38)
|
|t:|1769298834
|teamsize|p1|6
|teamsize|p2|6
|start
|switch|p1a: Bubble07|Araquanid, M|100/100
|switch|p2a: Darkrai|Darkrai|100/100
|turn|1
|
|t:|1769298839
|move|p2a: Darkrai|Dark Pulse|p1a: Bubble07
|-damage|p1a: Bubble07|50/100
|cant|p1a: Bubble07|flinch
|
|upkeep
|turn|2
|
|t:|1769298843
|switch|p1a: Wilson Fisk|Snorlax, M, shiny|100/100
|move|p2a: Darkrai|Dark Pulse|p1a: Wilson Fisk
|-damage|p1a: Wilson Fisk|79/100
|
|upkeep
|turn|3
|
|t:|1769298851
|switch|p2a: Dusclops|Dusclops, M|100/100
|-item|p1a: Wilson Fisk|Assault Vest|[from] ability: Frisk|[of] p2a: Dusclops
|move|p1a: Wilson Fisk|Body Slam|p2a: Dusclops
|-immune|p2a: Dusclops
|
|upkeep
|turn|4
|
|t:|1769298858
|switch|p1a: Bubble07|Araquanid, M|50/100
|move|p2a: Dusclops|Night Shade|p1a: Bubble07
|-damage|p1a: Bubble07|19/100
|
|upkeep
|turn|5
|
|t:|1769298868
|move|p1a: Bubble07|Sticky Web|p2a: Dusclops
|-sidestart|p2: Team BBIO 38|move: Sticky Web
|move|p2a: Dusclops|Night Shade|p1a: Bubble07
|-damage|p1a: Bubble07|0 fnt
|faint|p1a: Bubble07
|
|upkeep
|
|t:|1769298870
|switch|p1a: Starscream|Dragapult, F|100/100
|turn|6
|
|t:|1769298874
|move|p1a: Starscream|U-turn|p2a: Dusclops
|-resisted|p2a: Dusclops
|-damage|p2a: Dusclops|97/100
|
|t:|1769298878
|switch|p1a: Ekko|Gholdengo|100/100|[from] U-turn
|-item|p1a: Ekko|Air Balloon
|move|p2a: Dusclops|Will-O-Wisp|p1a: Ekko
|-immune|p1a: Ekko|[from] ability: Good as Gold
|
|upkeep
|turn|7
|
|t:|1769298886
|switch|p2a: Flamigo|Flamigo, M|100/100
|move|p1a: Ekko|Shadow Ball|p2a: Flamigo
|-damage|p2a: Flamigo|31/100
|
|upkeep
|turn|8
|
|t:|1769298892
|switch|p1a: Elon Tusk|Great Tusk|100/100
|move|p2a: Flamigo|Close Combat|p1a: Elon Tusk
|-damage|p1a: Elon Tusk|59/100
|-unboost|p2a: Flamigo|def|1
|-unboost|p2a: Flamigo|spd|1
|
|upkeep
|turn|9
|
|t:|1769298900
|switch|p2a: Dusclops|Dusclops, M|97/100
|-activate|p2a: Dusclops|move: Sticky Web
|-unboost|p2a: Dusclops|spe|1
|-item|p1a: Elon Tusk|Heavy-Duty Boots|[from] ability: Frisk|[of] p2a: Dusclops
|move|p1a: Elon Tusk|Rapid Spin|p2a: Dusclops
|-immune|p2a: Dusclops
|
|upkeep
|turn|10
|
|t:|1769298913
|-end|p1a: Elon Tusk|Protosynthesis|[silent]
|switch|p1a: Starscream|Dragapult, F|100/100
|move|p2a: Dusclops|Night Shade|p1a: Starscream
|-damage|p1a: Starscream|69/100
|
|upkeep
|turn|11
|
|t:|1769298919
|move|p1a: Starscream|Shadow Ball|p2a: Dusclops
|-supereffective|p2a: Dusclops
|-damage|p2a: Dusclops|31/100
|move|p2a: Dusclops|Night Shade|p1a: Starscream
|-damage|p1a: Starscream|38/100
|
|upkeep
|turn|12
|
|t:|1769298928
|switch|p1a: Elon Tusk|Great Tusk|59/100
|move|p2a: Dusclops|Night Shade|p1a: Elon Tusk
|-damage|p1a: Elon Tusk|32/100
|
|upkeep
|turn|13
|
|t:|1769298933
|move|p1a: Elon Tusk|Earthquake|p2a: Dusclops
|-damage|p2a: Dusclops|7/100
|move|p2a: Dusclops|Will-O-Wisp|p1a: Elon Tusk
|-status|p1a: Elon Tusk|brn
|
|-damage|p1a: Elon Tusk|26/100 brn|[from] brn
|upkeep
|turn|14
|
|t:|1769298939
|move|p1a: Elon Tusk|Earthquake|p2a: Dusclops
|-damage|p2a: Dusclops|0 fnt
|faint|p2a: Dusclops
|
|-damage|p1a: Elon Tusk|20/100 brn|[from] brn
|upkeep
|
|t:|1769298950
|switch|p2a: Darkrai|Darkrai|100/100
|-activate|p2a: Darkrai|move: Sticky Web
|-unboost|p2a: Darkrai|spe|1
|turn|15
|
|t:|1769298954
|move|p1a: Elon Tusk|Earthquake|p2a: Darkrai
|-damage|p2a: Darkrai|63/100
|move|p2a: Darkrai|Ice Beam|p1a: Elon Tusk
|-supereffective|p1a: Elon Tusk
|-damage|p1a: Elon Tusk|0 fnt
|faint|p1a: Elon Tusk
|-end|p1a: Elon Tusk|Protosynthesis|[silent]
|
|upkeep
|
|t:|1769298959
|switch|p1a: Cupid|Enamorus, F|100/100
|turn|16
|
|t:|1769298961
|move|p1a: Cupid|Moonblast|p2a: Darkrai
|-supereffective|p2a: Darkrai
|-damage|p2a: Darkrai|0 fnt
|faint|p2a: Darkrai
|
|upkeep
|
|t:|1769298966
|switch|p2a: Blissey|Blissey, F|100/100
|-activate|p2a: Blissey|move: Sticky Web
|-unboost|p2a: Blissey|spe|1
|turn|17
|
|t:|1769298970
|switch|p1a: Wilson Fisk|Snorlax, M, shiny|79/100
|move|p2a: Blissey|Seismic Toss|p1a: Wilson Fisk
|-damage|p1a: Wilson Fisk|58/100
|
|upkeep
|turn|18
|
|t:|1769298976
|move|p2a: Blissey|Seismic Toss|p1a: Wilson Fisk
|-damage|p1a: Wilson Fisk|37/100
|move|p1a: Wilson Fisk|Body Slam|p2a: Blissey
|-crit|p2a: Blissey
|-damage|p2a: Blissey|48/100
|
|-heal|p2a: Blissey|54/100|[from] item: Leftovers
|upkeep
|turn|19
|
|t:|1769298983
|move|p2a: Blissey|Seismic Toss|p1a: Wilson Fisk
|-damage|p1a: Wilson Fisk|16/100
|move|p1a: Wilson Fisk|Body Slam|p2a: Blissey
|-damage|p2a: Blissey|13/100
|-status|p2a: Blissey|par
|
|-heal|p2a: Blissey|19/100 par|[from] item: Leftovers
|upkeep
|turn|20
|
|t:|1769298991
|move|p1a: Wilson Fisk|Body Slam|p2a: Blissey
|-damage|p2a: Blissey|0 fnt
|faint|p2a: Blissey
|
|upkeep
|
|t:|1769298996
|switch|p2a: Dragonite|Dragonite, M|100/100
|turn|21
|
|t:|1769299001
|move|p2a: Dragonite|Earthquake|p1a: Wilson Fisk
|-damage|p1a: Wilson Fisk|0 fnt
|faint|p1a: Wilson Fisk
|
|upkeep
|
|t:|1769299008
|switch|p1a: Cupid|Enamorus, F|100/100
|turn|22
|
|t:|1769299022
|switch|p2a: Flamigo|Flamigo, M|31/100
|move|p1a: Cupid|Moonblast|p2a: Flamigo
|-supereffective|p2a: Flamigo
|-damage|p2a: Flamigo|0 fnt
|faint|p2a: Flamigo
|
|upkeep
|
|t:|1769299028
|switch|p2a: Alaric|Latias, F|100/100
|turn|23
|
|t:|1769299032
|-terastallize|p2a: Alaric|Steel
|move|p2a: Alaric|Calm Mind|p2a: Alaric
|-boost|p2a: Alaric|spa|1
|-boost|p2a: Alaric|spd|1
|move|p1a: Cupid|Moonblast|p2a: Alaric
|-resisted|p2a: Alaric
|-damage|p2a: Alaric|79/100
|
|upkeep
|turn|24
|
|t:|1769299038
|move|p2a: Alaric|Calm Mind|p2a: Alaric
|-boost|p2a: Alaric|spa|1
|-boost|p2a: Alaric|spd|1
|move|p1a: Cupid|Moonblast|p2a: Alaric
|-resisted|p2a: Alaric
|-damage|p2a: Alaric|62/100
|
|upkeep
|turn|25
|
|t:|1769299044
|move|p2a: Alaric|Recover|p2a: Alaric
|-heal|p2a: Alaric|100/100
|move|p1a: Cupid|Moonblast|p2a: Alaric
|-resisted|p2a: Alaric
|-damage|p2a: Alaric|82/100
|
|upkeep
|turn|26
|
|t:|1769299050
|move|p2a: Alaric|Calm Mind|p2a: Alaric
|-boost|p2a: Alaric|spa|1
|-boost|p2a: Alaric|spd|1
|move|p1a: Cupid|Moonblast|p2a: Alaric
|-resisted|p2a: Alaric
|-damage|p2a: Alaric|68/100
|
|upkeep
|turn|27
|
|t:|1769299055
|move|p2a: Alaric|Calm Mind|p2a: Alaric
|-boost|p2a: Alaric|spa|1
|-boost|p2a: Alaric|spd|1
|move|p1a: Cupid|Moonblast|p2a: Alaric
|-resisted|p2a: Alaric
|-damage|p2a: Alaric|56/100
|
|upkeep
|turn|28
|
|t:|1769299062
|switch|p1a: Ekko|Gholdengo|100/100
|-item|p1a: Ekko|Air Balloon
|move|p2a: Alaric|Recover|p2a: Alaric
|-heal|p2a: Alaric|100/100
|
|upkeep
|turn|29
|
|t:|1769299067
|move|p2a: Alaric|Stored Power|p1a: Ekko
|-resisted|p1a: Ekko
|-damage|p1a: Ekko|0 fnt
|-enditem|p1a: Ekko|Air Balloon
|faint|p1a: Ekko
|
|upkeep
|
|t:|1769299070
|switch|p1a: Starscream|Dragapult, F|38/100
|turn|30
|
|t:|1769299074
|move|p1a: Starscream|Flamethrower|p2a: Alaric
|-supereffective|p2a: Alaric
|-damage|p2a: Alaric|76/100
|move|p2a: Alaric|Stored Power|p1a: Starscream
|-damage|p1a: Starscream|0 fnt
|faint|p1a: Starscream
|
|upkeep
|
|t:|1769299077
|switch|p1a: Cupid|Enamorus, F|100/100
|turn|31
|
|t:|1769299082
|-terastallize|p1a: Cupid|Fire
|move|p2a: Alaric|Stored Power|p1a: Cupid
|-damage|p1a: Cupid|0 fnt
|faint|p1a: Cupid
|
|win|Team BBIO 38
|raw|luxrayblunt's rating: 1378 &rarr; <strong>1357</strong><br />(-21 for losing)
|raw|Team BBIO 38's rating: 1361 &rarr; <strong>1382</strong><br />(+21 for winning)
|l|☆Team BBIO 38
|player|p2|
|l|☆luxrayblunt
|player|p1|
