|j|☆El Eco del Gato
|j|☆davlard
|t:|1769294268
|gametype|singles
|player|p1|El Eco del Gato|mina-lgpe|1157
|player|p2|davlard|hilbert|1178
|gen|9
|tier|[Gen 9] OU
|rated|
|rule|HP Percentage Mod: HP is shown in percentages
|rule|Endless Battle Clause: Forcing endless battles is banned
|rule|Species Clause: Limit one of each Pokémon
|rule|OHKO Clause: OHKO moves are banned
|rule|Evasion Items Clause: Evasion items are banned
|rule|Evasion Moves Clause: Evasion moves are banned
|rule|Evasion Abilities Clause: Evasion abilities are banned
|rule|Sleep Moves Clause: Sleep-inducing moves are banned
|clearpoke
|poke|p1|Hawlucha, M|
|poke|p1|Pincurchin, M|
|poke|p1|Skeledirge, F|
|poke|p1|Shaymin|
|poke|p1|Ogerpon-Cornerstone, F|
|poke|p1|Glimmora, M|
|poke|p2|Comfey, F|
|poke|p2|Tinkaton, F|
|poke|p2|Great Tusk|
|poke|p2|Rotom-Wash|
|poke|p2|Ogerpon, F|
|poke|p2|Hydreigon, M|
|teampreview
|
|t:|1769294280
|teamsize|p1|6
|teamsize|p2|6
|start
|switch|p1a: Glimmora|Glimmora, M|100/100
|switch|p2a: Tinkaton|Tinkaton, F, shiny|100/100
|-item|p2a: Tinkaton|Air Balloon
|-item|p1a: Glimmora|Air Balloon
|turn|1
|
|t:|1769294287
|move|p2a: Tinkaton|Gigaton Hammer|p1a: Glimmora
|-supereffective|p1a: Glimmora
|-damage|p1a: Glimmora|19/100
|-activate|p1a: Glimmora|ability: Toxic Debris
|-sidestart|p2: davlard|move: Toxic Spikes
|-enditem|p1a: Glimmora|Air Balloon
|move|p1a: Glimmora|Stealth Rock|p2a: Tinkaton
|-sidestart|p2: davlard|move: Stealth Rock
|
|upkeep
|turn|2
|
|t:|1769294301
|switch|p1a: Shaymin|Shaymin|100/100
|move|p2a: Tinkaton|Stealth Rock|p1a: Shaymin
|-sidestart|p1: El Eco del Gato|move: Stealth Rock
|
|upkeep
|turn|3
|inactive|Battle timer is ON: inactive players will automatically lose when time's up. (requested by davlard)
|
|t:|1769294329
|move|p2a: Tinkaton|Ice Hammer|p1a: Shaymin
|-supereffective|p1a: Shaymin
|-damage|p1a: Shaymin|62/100
|-unboost|p2a: Tinkaton|spe|1
|move|p1a: Shaymin|Petal Blizzard|p2a: Tinkaton
|-resisted|p2a: Tinkaton
|-damage|p2a: Tinkaton|75/100
|-enditem|p2a: Tinkaton|Air Balloon
|
|-heal|p1a: Shaymin|68/100|[from] item: Leftovers
|upkeep
|turn|4
|
|t:|1769294342
|move|p1a: Shaymin|Synthesis|p1a: Shaymin
|-heal|p1a: Shaymin|100/100
|move|p2a: Tinkaton|Gigaton Hammer|p1a: Shaymin
|-damage|p1a: Shaymin|56/100
|
|-heal|p1a: Shaymin|62/100|[from] item: Leftovers
|upkeep
|turn|5
|
|t:|1769294348
|move|p1a: Shaymin|Petal Blizzard|p2a: Tinkaton
|-resisted|p2a: Tinkaton
|-damage|p2a: Tinkaton|53/100
|move|p2a: Tinkaton|Ice Hammer|p1a: Shaymin
|-supereffective|p1a: Shaymin
|-damage|p1a: Shaymin|27/100
|-unboost|p2a: Tinkaton|spe|1
|
|-heal|p1a: Shaymin|34/100|[from] item: Leftovers
|upkeep
|turn|6
|
|t:|1769294374
|switch|p2a: Ogerpon|Ogerpon, F|100/100
|-status|p2a: Ogerpon|psn
|-damage|p2a: Ogerpon|88/100 psn|[from] Stealth Rock
|move|p1a: Shaymin|Synthesis|p1a: Shaymin
|-heal|p1a: Shaymin|84/100
|
|-heal|p1a: Shaymin|90/100|[from] item: Leftovers
|-damage|p2a: Ogerpon|76/100 psn|[from] psn
|upkeep
|turn|7
|
|t:|1769294390
|switch|p1a: Pincurchin|Pincurchin, M|100/100
|-damage|p1a: Pincurchin|88/100|[from] Stealth Rock
|-fieldstart|move: Electric Terrain|[from] ability: Electric Surge|[of] p1a: Pincurchin
|-item|p1a: Pincurchin|Air Balloon
|move|p2a: Ogerpon|U-turn|p1a: Pincurchin
|-damage|p1a: Pincurchin|46/100
|-enditem|p1a: Pincurchin|Air Balloon
|c|☆El Eco del Gato|Tusk
|
|t:|1769294399
|switch|p2a: Great Tusk|Great Tusk|100/100|[from] U-turn
|
|upkeep
|turn|8
|c|☆El Eco del Gato|🫩
|
|t:|1769294408
|switch|p1a: Hawlucha|Hawlucha, M|100/100
|-damage|p1a: Hawlucha|88/100|[from] Stealth Rock
|-enditem|p1a: Hawlucha|Electric Seed
|-boost|p1a: Hawlucha|def|1|[from] item: Electric Seed
|move|p2a: Great Tusk|Rapid Spin|p1a: Hawlucha
|-crit|p1a: Hawlucha
|-damage|p1a: Hawlucha|53/100
|-boost|p2a: Great Tusk|spe|1
|-sideend|p2: davlard|Toxic Spikes|[from] move: Rapid Spin|[of] p2a: Great Tusk
|-sideend|p2: davlard|Stealth Rock|[from] move: Rapid Spin|[of] p2a: Great Tusk
|
|upkeep
|turn|9
|
|t:|1769294425
|-end|p2a: Great Tusk|Protosynthesis|[silent]
|switch|p2a: Tinkaton|Tinkaton, F, shiny|53/100
|move|p1a: Hawlucha|Swords Dance|p1a: Hawlucha
|-boost|p1a: Hawlucha|atk|2
|
|upkeep
|turn|10
|
|t:|1769294430
|move|p1a: Hawlucha|Drain Punch|p2a: Tinkaton
|-damage|p2a: Tinkaton|0 fnt
|-heal|p1a: Hawlucha|80/100|[from] drain|[of] p2a: Tinkaton
|faint|p2a: Tinkaton
|
|upkeep
|
|t:|1769294435
|switch|p2a: Rotom|Rotom-Wash|100/100
|turn|11
|
|t:|1769294454
|move|p1a: Hawlucha|Drain Punch|p2a: Rotom
|-damage|p2a: Rotom|47/100
|-heal|p1a: Hawlucha|100/100|[from] drain|[of] p2a: Rotom
|move|p2a: Rotom|Will-O-Wisp|p1a: Hawlucha
|-status|p1a: Hawlucha|brn
|
|-heal|p2a: Rotom|53/100|[from] item: Leftovers
|-damage|p1a: Hawlucha|94/100 brn|[from] brn
|-fieldend|move: Electric Terrain
|upkeep
|turn|12
|
|t:|1769294465
|move|p1a: Hawlucha|Swords Dance|p1a: Hawlucha
|-boost|p1a: Hawlucha|atk|2
|move|p2a: Rotom|Hydro Pump|p1a: Hawlucha
|-damage|p1a: Hawlucha|29/100 brn
|
|-heal|p2a: Rotom|59/100|[from] item: Leftovers
|-damage|p1a: Hawlucha|23/100 brn|[from] brn
|upkeep
|turn|13
|
|t:|1769294473
|move|p1a: Hawlucha|Drain Punch|p2a: Rotom
|-damage|p2a: Rotom|19/100
|-heal|p1a: Hawlucha|44/100 brn|[from] drain|[of] p2a: Rotom
|move|p2a: Rotom|Volt Switch|p1a: Hawlucha
|-supereffective|p1a: Hawlucha
|-crit|p1a: Hawlucha
|-damage|p1a: Hawlucha|0 fnt
|faint|p1a: Hawlucha
|inactive|davlard has 120 seconds left.
|
|t:|1769294505
|switch|p2a: Great Tusk|Great Tusk|100/100|[from] Volt Switch
|
|upkeep
|
|t:|1769294515
|switch|p1a: Shaymin|Shaymin|90/100
|-damage|p1a: Shaymin|77/100|[from] Stealth Rock
|turn|14
|
|t:|1769294524
|move|p2a: Great Tusk|Ice Spinner|p1a: Shaymin
|-supereffective|p1a: Shaymin
|-damage|p1a: Shaymin|36/100
|move|p1a: Shaymin|Petal Blizzard|p2a: Great Tusk
|-supereffective|p2a: Great Tusk
|-damage|p2a: Great Tusk|49/100
|
|-heal|p1a: Shaymin|42/100|[from] item: Leftovers
|upkeep
|turn|15
|
|t:|1769294536
|move|p2a: Great Tusk|Close Combat|p1a: Shaymin
|-damage|p1a: Shaymin|0 fnt
|-unboost|p2a: Great Tusk|def|1
|-unboost|p2a: Great Tusk|spd|1
|faint|p1a: Shaymin
|
|upkeep
|
|t:|1769294541
|switch|p1a: Ogerpon|Ogerpon-Cornerstone, F|100/100
|-damage|p1a: Ogerpon|88/100|[from] Stealth Rock
|turn|16
|
|t:|1769294546
|move|p1a: Ogerpon|Horn Leech|p2a: Great Tusk
|-supereffective|p2a: Great Tusk
|-damage|p2a: Great Tusk|0 fnt
|-heal|p1a: Ogerpon|100/100|[from] drain|[of] p2a: Great Tusk
|faint|p2a: Great Tusk
|-end|p2a: Great Tusk|Protosynthesis|[silent]
|
|upkeep
|
|t:|1769294554
|switch|p2a: Ogerpon|Ogerpon, F|76/100 psn
|turn|17
|inactive|El Eco del Gato has 120 seconds left.
|
|t:|1769294585
|-terastallize|p2a: Ogerpon|Grass
|detailschange|p2a: Ogerpon|Ogerpon-Teal-Tera, F, tera:Grass
|-ability|p2a: Ogerpon|Embody Aspect (Teal)|boost
|-boost|p2a: Ogerpon|spe|1
|move|p2a: Ogerpon|Ivy Cudgel|p1a: Ogerpon
|-ability|p1a: Ogerpon|Sturdy
|-damage|p1a: Ogerpon|1/100
|move|p1a: Ogerpon|Ivy Cudgel|p2a: Ogerpon|[anim] Ivy Cudgel Rock
|-crit|p2a: Ogerpon
|-damage|p2a: Ogerpon|0 fnt
|faint|p2a: Ogerpon
|detailschange|p2: Ogerpon|Ogerpon, F|[silent]
|
|upkeep
|
|t:|1769294598
|switch|p2a: Comfey|Comfey, F, shiny|100/100
|turn|18
|
|t:|1769294603
|move|p2a: Comfey|Draining Kiss|p1a: Ogerpon
|-damage|p1a: Ogerpon|0 fnt
|faint|p1a: Ogerpon
|
|upkeep
|
|t:|1769294614
|switch|p1a: Glimmora|Glimmora, M|19/100
|-damage|p1a: Glimmora|6/100|[from] Stealth Rock
|turn|19
|
|t:|1769294618
|move|p2a: Comfey|Draining Kiss|p1a: Glimmora
|-resisted|p1a: Glimmora
|-damage|p1a: Glimmora|0 fnt
|faint|p1a: Glimmora
|
|upkeep
|
|t:|1769294622
|switch|p1a: Skeledirge|Skeledirge, F|100/100
|turn|20
|
|t:|1769294628
|move|p2a: Comfey|Calm Mind|p2a: Comfey
|-boost|p2a: Comfey|spa|1
|-boost|p2a: Comfey|spd|1
|move|p1a: Skeledirge|Torch Song|p2a: Comfey
|-damage|p2a: Comfey|72/100
|-boost|p1a: Skeledirge|spa|1
|
|-heal|p2a: Comfey|78/100|[from] item: Leftovers
|upkeep
|turn|21
|
|t:|1769294640
|move|p2a: Comfey|Calm Mind|p2a: Comfey
|-boost|p2a: Comfey|spa|1
|-boost|p2a: Comfey|spd|1
|move|p1a: Skeledirge|Torch Song|p2a: Comfey
|-damage|p2a: Comfey|34/100
|-boost|p1a: Skeledirge|spa|1
|
|-heal|p2a: Comfey|40/100|[from] item: Leftovers
|upkeep
|turn|22
|
|t:|1769294648
|move|p2a: Comfey|Stored Power|p1a: Skeledirge
|-damage|p1a: Skeledirge|80/100
|move|p1a: Skeledirge|Torch Song|p2a: Comfey
|-damage|p2a: Comfey|0 fnt
|-boost|p1a: Skeledirge|spa|1
|faint|p2a: Comfey
|
|upkeep
|
|t:|1769294656
|switch|p2a: Hydreigon|Hydreigon, M|100/100
|turn|23
|
|t:|1769294663
|-terastallize|p1a: Skeledirge|Fairy
|move|p2a: Hydreigon|Dark Pulse|p1a: Skeledirge
|-resisted|p1a: Skeledirge
|-damage|p1a: Skeledirge|55/100
|move|p1a: Skeledirge|Torch Song|p2a: Hydreigon
|-resisted|p2a: Hydreigon
|-damage|p2a: Hydreigon|57/100
|-boost|p1a: Skeledirge|spa|1
|
|upkeep
|turn|24
|
|t:|1769294672
|switch|p2a: Rotom|Rotom-Wash|19/100
|move|p1a: Skeledirge|Slack Off|p1a: Skeledirge
|-heal|p1a: Skeledirge|100/100
|
|-heal|p2a: Rotom|25/100|[from] item: Leftovers
|upkeep
|turn|25
|
|t:|1769294679
|move|p2a: Rotom|Thunder Wave|p1a: Skeledirge|[miss]
|-miss|p2a: Rotom|p1a: Skeledirge
|move|p1a: Skeledirge|Hex|p2a: Rotom
|-damage|p2a: Rotom|0 fnt
|faint|p2a: Rotom
|
|upkeep
|
|t:|1769294685
|switch|p2a: Hydreigon|Hydreigon, M|57/100
|turn|26
|
|t:|1769294690
|move|p2a: Hydreigon|Earth Power|p1a: Skeledirge
|-damage|p1a: Skeledirge|66/100
|move|p1a: Skeledirge|Torch Song|p2a: Hydreigon
|-resisted|p2a: Hydreigon
|-damage|p2a: Hydreigon|7/100
|-boost|p1a: Skeledirge|spa|1
|
|upkeep
|turn|27
|-message|davlard forfeited.
|
|win|El Eco del Gato
|raw|El Eco del Gato's rating: 1157 &rarr; <strong>1184</strong><br />(+27 for winning)
|raw|davlard's rating: 1178 &rarr; <strong>1151</strong><br />(-27 for losing)
|l|☆davlard
|player|p2|
|l|☆El Eco del Gato
|player|p1|
