|j|☆StarLi
|j|☆SquilliamTG
|t:|1769409611
|gametype|singles
|player|p1|StarLi|iono|1427
|player|p2|SquilliamTG|silver|1554
|gen|9
|tier|[Gen 9] OU
|rated|
|rule|HP Percentage Mod: HP is shown in percentages
|rule|Endless Battle Clause: Forcing endless battles is banned
|rule|Species Clause: Limit one of each Pokémon
|rule|OHKO Clause: OHKO moves are banned
|rule|Evasion Items Clause: Evasion items are banned
|rule|Evasion Moves Clause: Evasion moves are banned
|rule|Evasion Abilities Clause: Evasion abilities are banned
|rule|Sleep Moves Clause: Sleep-inducing moves are banned
|clearpoke
|poke|p1|Darkrai|
|poke|p1|Garganacl, M|
|poke|p1|Enamorus, F|
|poke|p1|Kingambit, M|
|poke|p1|Samurott-Hisui, F|
|poke|p1|Pecharunt|
|poke|p2|Great Tusk|
|poke|p2|Magnezone|
|poke|p2|Slowking-Galar, F|
|poke|p2|Dragonite, F|
|poke|p2|Alomomola, F|
|poke|p2|Zamazenta-*|
|teampreview
|inactive|Battle timer is ON: inactive players will automatically lose when time's up. (requested by SquilliamTG)
|
|t:|1769409623
|teamsize|p1|6
|teamsize|p2|6
|start
|switch|p1a: Enamorus|Enamorus, F|100/100
|switch|p2a: Zamazenta|Zamazenta|100/100
|-ability|p2a: Zamazenta|Dauntless Shield|boost
|-boost|p2a: Zamazenta|def|1
|turn|1
|
|t:|1769409629
|switch|p2a: Slowking|Slowking-Galar, F|100/100
|move|p1a: Enamorus|Moonblast|p2a: Slowking
|-resisted|p2a: Slowking
|-crit|p2a: Slowking
|-damage|p2a: Slowking|74/100
|-unboost|p2a: Slowking|spa|1
|
|upkeep
|turn|2
|
|t:|1769409636
|switch|p1a: Samurott|Samurott-Hisui, F|100/100
|-prepare|p2a: Slowking|Chilly Reception|[premajor]
|move|p2a: Slowking|Chilly Reception|p2a: Slowking
|-weather|Snowscape
|
|t:|1769409643
|switch|p2a: Zamazenta|Zamazenta|100/100|[from] Chilly Reception
|
|-weather|Snowscape|[upkeep]
|upkeep
|turn|3
|
|t:|1769409648
|move|p2a: Zamazenta|Close Combat|p1a: Samurott
|-supereffective|p1a: Samurott
|-enditem|p1a: Samurott|Focus Sash
|-damage|p1a: Samurott|1/100
|-unboost|p2a: Zamazenta|def|1
|-unboost|p2a: Zamazenta|spd|1
|move|p1a: Samurott|Knock Off|p2a: Zamazenta
|-resisted|p2a: Zamazenta
|-damage|p2a: Zamazenta|68/100
|-enditem|p2a: Zamazenta|Choice Band|[from] move: Knock Off|[of] p1a: Samurott
|
|-weather|Snowscape|[upkeep]
|upkeep
|turn|4
|
|t:|1769409659
|move|p1a: Samurott|Aqua Jet|p2a: Zamazenta
|-damage|p2a: Zamazenta|43/100
|move|p2a: Zamazenta|Stone Edge|p1a: Samurott
|-damage|p1a: Samurott|0 fnt
|faint|p1a: Samurott
|
|-weather|Snowscape|[upkeep]
|upkeep
|
|t:|1769409666
|switch|p1a: Enamorus|Enamorus, F|100/100
|turn|5
|
|t:|1769409669
|switch|p2a: Slowking|Slowking-Galar, F|100/100
|move|p1a: Enamorus|Earth Power|p2a: Slowking
|-supereffective|p2a: Slowking
|-damage|p2a: Slowking|61/100
|
|-weather|Snowscape|[upkeep]
|upkeep
|turn|6
|
|t:|1769409679
|switch|p1a: Garganacl|Garganacl, M|100/100
|switch|p2a: Dragonite|Dragonite, F|100/100
|
|-weather|none
|upkeep
|turn|7
|
|t:|1769409688
|switch|p2a: Great Tusk|Great Tusk|100/100
|move|p1a: Garganacl|Iron Defense|p1a: Garganacl
|-boost|p1a: Garganacl|def|2
|
|upkeep
|turn|8
|
|t:|1769409698
|move|p2a: Great Tusk|Stealth Rock|p1a: Garganacl
|-sidestart|p1: StarLi|move: Stealth Rock
|move|p1a: Garganacl|Salt Cure|p2a: Great Tusk
|-resisted|p2a: Great Tusk
|-damage|p2a: Great Tusk|98/100
|-start|p2a: Great Tusk|Salt Cure
|
|-damage|p2a: Great Tusk|86/100|[from] Salt Cure
|upkeep
|turn|9
|
|t:|1769409707
|-end|p2a: Great Tusk|Protosynthesis|[silent]
|switch|p2a: Slowking|Slowking-Galar, F|95/100
|move|p1a: Garganacl|Iron Defense|p1a: Garganacl
|-boost|p1a: Garganacl|def|2
|
|upkeep
|turn|10
|
|t:|1769409713
|move|p1a: Garganacl|Salt Cure|p2a: Slowking
|-damage|p2a: Slowking|81/100
|-start|p2a: Slowking|Salt Cure
|move|p2a: Slowking|Future Sight|p1a: Garganacl
|-start|p2a: Slowking|move: Future Sight
|
|-damage|p2a: Slowking|69/100|[from] Salt Cure
|upkeep
|turn|11
|
|t:|1769409719
|move|p1a: Garganacl|Body Press|p2a: Slowking
|-resisted|p2a: Slowking
|-damage|p2a: Slowking|51/100
|-prepare|p2a: Slowking|Chilly Reception|[premajor]
|move|p2a: Slowking|Chilly Reception|p2a: Slowking
|-weather|Snowscape
|
|t:|1769409725
|switch|p2a: Magnezone|Magnezone|100/100|[from] Chilly Reception
|
|-weather|Snowscape|[upkeep]
|upkeep
|turn|12
|
|t:|1769409733
|-terastallize|p1a: Garganacl|Water
|move|p2a: Magnezone|Volt Switch|p1a: Garganacl
|-supereffective|p1a: Garganacl
|-damage|p1a: Garganacl|35/100
|
|t:|1769409738
|switch|p2a: Slowking|Slowking-Galar, F|84/100|[from] Volt Switch
|move|p1a: Garganacl|Body Press|p2a: Slowking
|-resisted|p2a: Slowking
|-damage|p2a: Slowking|65/100
|
|-weather|Snowscape|[upkeep]
|-end|p1a: Garganacl|move: Future Sight
|-damage|p1a: Garganacl|5/100
|-heal|p1a: Garganacl|12/100|[from] item: Leftovers
|upkeep
|turn|13
|
|t:|1769409748
|move|p1a: Garganacl|Recover|p1a: Garganacl
|-heal|p1a: Garganacl|62/100
|-prepare|p2a: Slowking|Chilly Reception|[premajor]
|move|p2a: Slowking|Chilly Reception|p2a: Slowking
|
|t:|1769409753
|switch|p2a: Magnezone|Magnezone|100/100|[from] Chilly Reception
|
|-weather|Snowscape|[upkeep]
|-heal|p1a: Garganacl|68/100|[from] item: Leftovers
|upkeep
|turn|14
|
|t:|1769409759
|move|p2a: Magnezone|Thunderbolt|p1a: Garganacl
|-supereffective|p1a: Garganacl
|-damage|p1a: Garganacl|0 fnt
|faint|p1a: Garganacl
|
|-weather|Snowscape|[upkeep]
|upkeep
|
|t:|1769409779
|switch|p1a: Enamorus|Enamorus, F|100/100
|-damage|p1a: Enamorus|76/100|[from] Stealth Rock
|turn|15
|
|t:|1769409786
|switch|p2a: Dragonite|Dragonite, F|100/100
|move|p1a: Enamorus|Mystical Fire|p2a: Dragonite
|-resisted|p2a: Dragonite
|-damage|p2a: Dragonite|92/100
|-unboost|p2a: Dragonite|spa|1
|
|-weather|none
|upkeep
|turn|16
|
|t:|1769409798
|switch|p1a: Pecharunt|Pecharunt|100/100
|-damage|p1a: Pecharunt|88/100|[from] Stealth Rock
|-item|p1a: Pecharunt|Air Balloon
|switch|p2a: Magnezone|Magnezone|100/100
|
|upkeep
|turn|17
|
|t:|1769409814
|move|p1a: Pecharunt|Nasty Plot|p1a: Pecharunt
|-boost|p1a: Pecharunt|spa|2
|move|p2a: Magnezone|Volt Switch|p1a: Pecharunt
|-damage|p1a: Pecharunt|23/100
|-enditem|p1a: Pecharunt|Air Balloon
|
|t:|1769409821
|switch|p2a: Zamazenta|Zamazenta|43/100|[from] Volt Switch
|
|upkeep
|turn|18
|
|t:|1769409825
|move|p2a: Zamazenta|Crunch|p1a: Pecharunt
|-supereffective|p1a: Pecharunt
|-damage|p1a: Pecharunt|0 fnt
|faint|p1a: Pecharunt
|
|upkeep
|
|t:|1769409834
|switch|p1a: Enamorus|Enamorus, F|76/100
|-damage|p1a: Enamorus|51/100|[from] Stealth Rock
|turn|19
|
|t:|1769409842
|switch|p2a: Slowking|Slowking-Galar, F|98/100
|move|p1a: Enamorus|Moonblast|p2a: Slowking
|-resisted|p2a: Slowking
|-damage|p2a: Slowking|83/100
|
|upkeep
|turn|20
|
|t:|1769409851
|switch|p1a: Darkrai|Darkrai|100/100
|-damage|p1a: Darkrai|88/100|[from] Stealth Rock
|-prepare|p2a: Slowking|Chilly Reception|[premajor]
|move|p2a: Slowking|Chilly Reception|p2a: Slowking
|-weather|Snowscape
|
|t:|1769409859
|switch|p2a: Zamazenta|Zamazenta|43/100|[from] Chilly Reception
|
|-weather|Snowscape|[upkeep]
|-heal|p1a: Darkrai|94/100|[from] item: Leftovers
|upkeep
|turn|21
|
|t:|1769409870
|move|p2a: Zamazenta|Close Combat|p1a: Darkrai
|-supereffective|p1a: Darkrai
|-damage|p1a: Darkrai|0 fnt
|-unboost|p2a: Zamazenta|def|1
|-unboost|p2a: Zamazenta|spd|1
|faint|p1a: Darkrai
|
|-weather|Snowscape|[upkeep]
|upkeep
|
|t:|1769409876
|switch|p1a: Enamorus|Enamorus, F|51/100
|-damage|p1a: Enamorus|26/100|[from] Stealth Rock
|turn|22
|inactive|SquilliamTG has 120 seconds left.
|
|t:|1769409921
|switch|p2a: Slowking|Slowking-Galar, F|100/100
|move|p1a: Enamorus|Healing Wish|p1a: Enamorus
|faint|p1a: Enamorus
|
|-weather|Snowscape|[upkeep]
|upkeep
|
|t:|1769409923
|switch|p1a: Kingambit|Kingambit, M|100/100
|-damage|p1a: Kingambit|94/100|[from] Stealth Rock
|-activate|p1a: Kingambit|ability: Supreme Overlord
|-start|p1a: Kingambit|fallen5|[silent]
|turn|23
|inactive|SquilliamTG has 120 seconds left.
|
|t:|1769409931
|move|p1a: Kingambit|Swords Dance|p1a: Kingambit
|-boost|p1a: Kingambit|atk|2
|-prepare|p2a: Slowking|Chilly Reception|[premajor]
|move|p2a: Slowking|Chilly Reception|p2a: Slowking
|inactive|SquilliamTG has 120 seconds left.
|
|t:|1769409937
|switch|p2a: Dragonite|Dragonite, F|92/100|[from] Chilly Reception
|
|-weather|Snowscape|[upkeep]
|-heal|p1a: Kingambit|100/100|[from] item: Leftovers
|upkeep
|turn|24
|
|t:|1769409943
|move|p2a: Dragonite|Encore|p1a: Kingambit
|-start|p1a: Kingambit|Encore
|move|p1a: Kingambit|Swords Dance|p1a: Kingambit
|-boost|p1a: Kingambit|atk|2
|
|-weather|none
|upkeep
|turn|25
|
|t:|1769409948
|move|p2a: Dragonite|Earthquake|p1a: Kingambit
|-supereffective|p1a: Kingambit
|-damage|p1a: Kingambit|40/100
|move|p1a: Kingambit|Swords Dance|p1a: Kingambit
|-boost|p1a: Kingambit|atk|2
|
|-heal|p1a: Kingambit|46/100|[from] item: Leftovers
|upkeep
|turn|26
|
|t:|1769409955
|move|p2a: Dragonite|Earthquake|p1a: Kingambit
|-supereffective|p1a: Kingambit
|-damage|p1a: Kingambit|0 fnt
|faint|p1a: Kingambit
|-end|p1a: Kingambit|fallen5|[silent]
|
|win|SquilliamTG
|raw|StarLi's rating: 1427 &rarr; <strong>1414</strong><br />(-13 for losing)
|raw|SquilliamTG's rating: 1554 &rarr; <strong>1567</strong><br />(+13 for winning)
|c|☆StarLi|gg
|l|☆StarLi
|player|p1|
|c|☆SquilliamTG|gg
