|j|☆zTJay
|j|☆dshepart
|t:|1769436709
|gametype|singles
|player|p1|zTJay|266|1322
|player|p2|dshepart|artist|1354
|gen|9
|tier|[Gen 9] OU
|rated|
|rule|HP Percentage Mod: HP is shown in percentages
|rule|Endless Battle Clause: Forcing endless battles is banned
|rule|Species Clause: Limit one of each Pokémon
|rule|OHKO Clause: OHKO moves are banned
|rule|Evasion Items Clause: Evasion items are banned
|rule|Evasion Moves Clause: Evasion moves are banned
|rule|Evasion Abilities Clause: Evasion abilities are banned
|rule|Sleep Moves Clause: Sleep-inducing moves are banned
|clearpoke
|poke|p1|Tyranitar, M|
|poke|p1|Excadrill, F|
|poke|p1|Corviknight, M|
|poke|p1|Thundurus-Therian, M|
|poke|p1|Mienshao, F|
|poke|p1|Sinistcha|
|poke|p2|Azelf|
|poke|p2|Great Tusk|
|poke|p2|Kingambit, M|
|poke|p2|Sinistcha-Masterpiece|
|poke|p2|Walking Wake|
|poke|p2|Dragapult, M|
|teampreview
|inactive|Battle timer is ON: inactive players will automatically lose when time's up. (requested by zTJay)
|inactive|dshepart has 120 seconds left.
|
|t:|1769436775
|teamsize|p1|6
|teamsize|p2|6
|start
|switch|p1a: Tyranitar|Tyranitar, M|100/100
|switch|p2a: Dragapult|Dragapult, M|100/100
|-weather|Sandstorm|[from] ability: Sand Stream|[of] p1a: Tyranitar
|turn|1
|
|t:|1769436782
|move|p2a: Dragapult|U-turn|p1a: Tyranitar
|-supereffective|p1a: Tyranitar
|-damage|p1a: Tyranitar|75/100
|
|t:|1769436790
|switch|p2a: Great Tusk|Great Tusk|100/100|[from] U-turn
|move|p1a: Tyranitar|Knock Off|p2a: Great Tusk
|-resisted|p2a: Great Tusk
|-damage|p2a: Great Tusk|85/100
|-enditem|p2a: Great Tusk|Leftovers|[from] move: Knock Off|[of] p1a: Tyranitar
|
|-weather|Sandstorm|[upkeep]
|upkeep
|turn|2
|
|t:|1769436800
|switch|p1a: Corviknight|Corviknight, M|100/100
|-ability|p1a: Corviknight|Pressure
|move|p2a: Great Tusk|Ice Spinner|p1a: Corviknight
|-damage|p1a: Corviknight|77/100
|
|-weather|Sandstorm|[upkeep]
|-heal|p1a: Corviknight|83/100|[from] item: Leftovers
|upkeep
|turn|3
|
|t:|1769436814
|move|p2a: Great Tusk|Close Combat|p1a: Corviknight
|-damage|p1a: Corviknight|30/100
|-unboost|p2a: Great Tusk|def|1
|-unboost|p2a: Great Tusk|spd|1
|move|p1a: Corviknight|Bulk Up|p1a: Corviknight
|-boost|p1a: Corviknight|atk|1
|-boost|p1a: Corviknight|def|1
|
|-weather|Sandstorm|[upkeep]
|-heal|p1a: Corviknight|36/100|[from] item: Leftovers
|upkeep
|turn|4
|
|t:|1769436824
|move|p2a: Great Tusk|Close Combat|p1a: Corviknight
|-crit|p1a: Corviknight
|-damage|p1a: Corviknight|0 fnt
|-unboost|p2a: Great Tusk|def|1
|-unboost|p2a: Great Tusk|spd|1
|faint|p1a: Corviknight
|
|-weather|Sandstorm|[upkeep]
|upkeep
|
|t:|1769436834
|switch|p1a: Excadrill|Excadrill, F|100/100
|turn|5
|
|t:|1769436844
|-end|p2a: Great Tusk|Protosynthesis|[silent]
|switch|p2a: Kingambit|Kingambit, M|100/100
|move|p1a: Excadrill|Iron Head|p2a: Kingambit
|-resisted|p2a: Kingambit
|-damage|p2a: Kingambit|84/100
|
|-weather|Sandstorm|[upkeep]
|upkeep
|turn|6
|
|t:|1769436855
|-end|p2a: Kingambit|fallenundefined|[silent]
|switch|p2a: Sinistcha|Sinistcha-Masterpiece|100/100
|move|p1a: Excadrill|Earthquake|p2a: Sinistcha
|-resisted|p2a: Sinistcha
|-damage|p2a: Sinistcha|74/100
|
|-weather|Sandstorm|[upkeep]
|-damage|p2a: Sinistcha|68/100|[from] Sandstorm
|upkeep
|turn|7
|
|t:|1769436862
|switch|p1a: Tyranitar|Tyranitar, M|75/100
|move|p2a: Sinistcha|Matcha Gotcha|p1a: Tyranitar
|-supereffective|p1a: Tyranitar
|-damage|p1a: Tyranitar|37/100
|-heal|p2a: Sinistcha|97/100|[from] drain|[of] p1a: Tyranitar
|
|-weather|Sandstorm|[upkeep]
|-damage|p2a: Sinistcha|91/100|[from] Sandstorm
|upkeep
|turn|8
|
|t:|1769436869
|move|p2a: Sinistcha|Matcha Gotcha|p1a: Tyranitar
|-supereffective|p1a: Tyranitar
|-damage|p1a: Tyranitar|3/100
|-heal|p2a: Sinistcha|100/100|[from] drain|[of] p1a: Tyranitar
|move|p1a: Tyranitar|Knock Off|p2a: Sinistcha
|-supereffective|p2a: Sinistcha
|-damage|p2a: Sinistcha|24/100
|-enditem|p2a: Sinistcha|Big Root|[from] move: Knock Off|[of] p1a: Tyranitar
|
|-weather|none
|upkeep
|turn|9
|
|t:|1769436879
|move|p2a: Sinistcha|Matcha Gotcha|p1a: Tyranitar
|-supereffective|p1a: Tyranitar
|-damage|p1a: Tyranitar|0 fnt
|-heal|p2a: Sinistcha|25/100|[from] drain|[of] p1a: Tyranitar
|faint|p1a: Tyranitar
|
|upkeep
|
|t:|1769436888
|switch|p1a: Mienshao|Mienshao, F|100/100
|turn|10
|
|t:|1769436912
|switch|p2a: Great Tusk|Great Tusk|85/100
|move|p1a: Mienshao|Knock Off|p2a: Great Tusk
|-resisted|p2a: Great Tusk
|-damage|p2a: Great Tusk|77/100
|
|upkeep
|turn|11
|
|t:|1769436919
|switch|p1a: Sinistcha|Sinistcha|100/100
|move|p2a: Great Tusk|Ice Spinner|p1a: Sinistcha
|-supereffective|p1a: Sinistcha
|-damage|p1a: Sinistcha|61/100
|
|upkeep
|turn|12
|
|t:|1769436927
|-end|p2a: Great Tusk|Protosynthesis|[silent]
|switch|p2a: Dragapult|Dragapult, M|100/100
|move|p1a: Sinistcha|Strength Sap|p2a: Dragapult
|-unboost|p2a: Dragapult|atk|1
|-heal|p1a: Sinistcha|100/100
|
|upkeep
|turn|13
|
|t:|1769436932
|-terastallize|p1a: Sinistcha|Dark
|move|p2a: Dragapult|Shadow Ball|p1a: Sinistcha
|-resisted|p1a: Sinistcha
|-damage|p1a: Sinistcha|68/100
|-unboost|p1a: Sinistcha|spd|1
|move|p1a: Sinistcha|Shadow Ball|p2a: Dragapult
|-supereffective|p2a: Dragapult
|-damage|p2a: Dragapult|20/100
|-unboost|p2a: Dragapult|spd|1
|
|upkeep
|turn|14
|
|t:|1769436949
|move|p2a: Dragapult|Shadow Ball|p1a: Sinistcha
|-resisted|p1a: Sinistcha
|-damage|p1a: Sinistcha|24/100
|move|p1a: Sinistcha|Shadow Ball|p2a: Dragapult
|-supereffective|p2a: Dragapult
|-damage|p2a: Dragapult|0 fnt
|faint|p2a: Dragapult
|
|upkeep
|
|t:|1769436955
|switch|p2a: Great Tusk|Great Tusk|77/100
|turn|15
|
|t:|1769436963
|switch|p1a: Thundurus|Thundurus-Therian, M|100/100
|move|p2a: Great Tusk|Close Combat|p1a: Thundurus
|-resisted|p1a: Thundurus
|-damage|p1a: Thundurus|51/100
|-unboost|p2a: Great Tusk|def|1
|-unboost|p2a: Great Tusk|spd|1
|
|upkeep
|turn|16
|
|t:|1769436970
|-end|p2a: Great Tusk|Protosynthesis|[silent]
|switch|p2a: Walking Wake|Walking Wake|100/100
|move|p1a: Thundurus|Grass Knot|p2a: Walking Wake
|-damage|p2a: Walking Wake|43/100
|
|upkeep
|turn|17
|
|t:|1769436980
|-terastallize|p2a: Walking Wake|Poison
|move|p2a: Walking Wake|Tera Blast|p1a: Thundurus|[anim] Tera Blast Poison
|-damage|p1a: Thundurus|0 fnt
|faint|p1a: Thundurus
|
|upkeep
|
|t:|1769436984
|switch|p1a: Excadrill|Excadrill, F|100/100
|turn|18
|
|t:|1769436988
|move|p2a: Walking Wake|Flamethrower|p1a: Excadrill
|-supereffective|p1a: Excadrill
|-damage|p1a: Excadrill|15/100
|-status|p1a: Excadrill|brn
|move|p1a: Excadrill|Rapid Spin|p2a: Walking Wake
|-damage|p2a: Walking Wake|31/100
|-boost|p1a: Excadrill|spe|1
|
|-damage|p1a: Excadrill|9/100 brn|[from] brn
|upkeep
|turn|19
|
|t:|1769436999
|move|p1a: Excadrill|Earthquake|p2a: Walking Wake
|-supereffective|p2a: Walking Wake
|-damage|p2a: Walking Wake|0 fnt
|faint|p2a: Walking Wake
|-end|p2a: Walking Wake|Protosynthesis|[silent]
|
|-damage|p1a: Excadrill|3/100 brn|[from] brn
|upkeep
|
|t:|1769437007
|switch|p2a: Azelf|Azelf|100/100
|turn|20
|
|t:|1769437014
|move|p1a: Excadrill|Iron Head|p2a: Azelf
|-damage|p2a: Azelf|65/100
|move|p2a: Azelf|Psychic|p1a: Excadrill
|-resisted|p1a: Excadrill
|-damage|p1a: Excadrill|0 fnt
|faint|p1a: Excadrill
|
|upkeep
|
|t:|1769437019
|switch|p1a: Mienshao|Mienshao, F|100/100
|turn|21
|
|t:|1769437030
|switch|p2a: Kingambit|Kingambit, M|84/100
|-activate|p2a: Kingambit|ability: Supreme Overlord
|-start|p2a: Kingambit|fallen2|[silent]
|move|p1a: Mienshao|Knock Off|p2a: Kingambit
|-resisted|p2a: Kingambit
|-damage|p2a: Kingambit|73/100
|-enditem|p2a: Kingambit|Assault Vest|[from] move: Knock Off|[of] p1a: Mienshao
|
|upkeep
|turn|22
|
|t:|1769437041
|switch|p1a: Sinistcha|Sinistcha, tera:Dark|24/100
|move|p2a: Kingambit|Iron Head|p1a: Sinistcha
|-damage|p1a: Sinistcha|0 fnt
|faint|p1a: Sinistcha
|
|upkeep
|
|t:|1769437043
|switch|p1a: Mienshao|Mienshao, F|100/100
|turn|23
|
|t:|1769437060
|move|p2a: Kingambit|Sucker Punch|p1a: Mienshao
|-resisted|p1a: Mienshao
|-damage|p1a: Mienshao|55/100
|move|p1a: Mienshao|Close Combat|p2a: Kingambit
|-supereffective|p2a: Kingambit
|-damage|p2a: Kingambit|0 fnt
|-unboost|p1a: Mienshao|def|1
|-unboost|p1a: Mienshao|spd|1
|faint|p2a: Kingambit
|-end|p2a: Kingambit|fallen2|[silent]
|
|upkeep
|
|t:|1769437067
|switch|p2a: Sinistcha|Sinistcha-Masterpiece|25/100
|turn|24
|-message|zTJay forfeited.
|
|win|dshepart
|raw|zTJay's rating: 1322 &rarr; <strong>1304</strong><br />(-18 for losing)
|raw|dshepart's rating: 1354 &rarr; <strong>1372</strong><br />(+18 for winning)
|l|☆zTJay
|player|p1|
|l|☆dshepart
|player|p2|
