|j|☆1zenzie
|j|☆Hunts with Friends
|t:|1769411934
|gametype|singles
|player|p1|1zenzie|valerie|1341
|player|p2|Hunts with Friends|n|1310
|gen|9
|tier|[Gen 9] OU
|rated|
|rule|HP Percentage Mod: HP is shown in percentages
|rule|Endless Battle Clause: Forcing endless battles is banned
|rule|Species Clause: Limit one of each Pokémon
|rule|OHKO Clause: OHKO moves are banned
|rule|Evasion Items Clause: Evasion items are banned
|rule|Evasion Moves Clause: Evasion moves are banned
|rule|Evasion Abilities Clause: Evasion abilities are banned
|rule|Sleep Moves Clause: Sleep-inducing moves are banned
|clearpoke
|poke|p1|Dragapult, M|
|poke|p1|Slowking-Galar, M|
|poke|p1|Cinderace, F|
|poke|p1|Landorus-Therian, M|
|poke|p1|Kingambit, F|
|poke|p1|Dragonite, F|
|poke|p2|Samurott-Hisui, F|
|poke|p2|Tornadus-Therian, M|
|poke|p2|Gholdengo|
|poke|p2|Alomomola, M|
|poke|p2|Tyranitar, M|
|poke|p2|Excadrill, M|
|teampreview
|inactive|Battle timer is ON: inactive players will automatically lose when time's up. (requested by 1zenzie)
|
|t:|1769411946
|teamsize|p1|6
|teamsize|p2|6
|start
|switch|p1a: Dragapult|Dragapult, M|100/100
|switch|p2a: Gholdengo|Gholdengo|100/100
|turn|1
|
|t:|1769411962
|switch|p2a: Samurott|Samurott-Hisui, F|100/100
|move|p1a: Dragapult|Shadow Ball|p2a: Samurott
|-resisted|p2a: Samurott
|-damage|p2a: Samurott|63/100
|
|upkeep
|turn|2
|
|t:|1769411970
|switch|p1a: Landorus|Landorus-Therian, M|100/100
|-ability|p1a: Landorus|Intimidate|boost
|-unboost|p2a: Samurott|atk|1
|move|p2a: Samurott|Knock Off|p1a: Landorus
|-damage|p1a: Landorus|66/100
|-enditem|p1a: Landorus|Earth Plate|[from] move: Knock Off|[of] p2a: Samurott
|
|upkeep
|turn|3
|
|t:|1769411978
|switch|p2a: Alomomola|Alomomola, M|100/100
|move|p1a: Landorus|Earthquake|p2a: Alomomola
|-damage|p2a: Alomomola|71/100
|
|-heal|p2a: Alomomola|77/100|[from] item: Leftovers
|upkeep
|turn|4
|
|t:|1769411991
|move|p1a: Landorus|U-turn|p2a: Alomomola
|-damage|p2a: Alomomola|64/100
|
|t:|1769412002
|switch|p1a: Slowking|Slowking-Galar, M|100/100|[from] U-turn
|move|p2a: Alomomola|Wish|p2a: Alomomola
|
|-heal|p2a: Alomomola|70/100|[from] item: Leftovers
|upkeep
|turn|5
|
|t:|1769412011
|move|p2a: Alomomola|Flip Turn|p1a: Slowking
|-damage|p1a: Slowking|84/100
|
|t:|1769412014
|switch|p2a: Tyranitar|Tyranitar, M|100/100|[from] Flip Turn
|-weather|Sandstorm|[from] ability: Sand Stream|[of] p2a: Tyranitar
|-prepare|p1a: Slowking|Chilly Reception|[premajor]
|move|p1a: Slowking|Chilly Reception|p1a: Slowking
|-weather|Snowscape
|
|t:|1769412026
|switch|p1a: Landorus|Landorus-Therian, M|66/100|[from] Chilly Reception
|-ability|p1a: Landorus|Intimidate|boost
|-unboost|p2a: Tyranitar|atk|1
|
|-weather|Snowscape|[upkeep]
|upkeep
|turn|6
|
|t:|1769412048
|switch|p2a: Alomomola|Alomomola, M|100/100
|move|p1a: Landorus|Weather Ball|p2a: Alomomola
|-resisted|p2a: Alomomola
|-damage|p2a: Alomomola|86/100
|
|-weather|Snowscape|[upkeep]
|-heal|p2a: Alomomola|93/100|[from] item: Leftovers
|upkeep
|turn|7
|
|t:|1769412062
|move|p1a: Landorus|Earthquake|p2a: Alomomola
|-damage|p2a: Alomomola|63/100
|move|p2a: Alomomola|Flip Turn|p1a: Landorus
|-supereffective|p1a: Landorus
|-damage|p1a: Landorus|25/100
|
|t:|1769412069
|switch|p2a: Samurott|Samurott-Hisui, F|63/100|[from] Flip Turn
|
|-weather|Snowscape|[upkeep]
|upkeep
|turn|8
|
|t:|1769412074
|move|p2a: Samurott|Ceaseless Edge|p1a: Landorus
|-damage|p1a: Landorus|0 fnt
|-sidestart|p1: 1zenzie|Spikes
|faint|p1a: Landorus
|
|-weather|Snowscape|[upkeep]
|upkeep
|
|t:|1769412084
|switch|p1a: Kingambit|Kingambit, F|100/100
|-damage|p1a: Kingambit|88/100|[from] Spikes
|-activate|p1a: Kingambit|ability: Supreme Overlord
|-start|p1a: Kingambit|fallen1|[silent]
|turn|9
|
|t:|1769412104
|switch|p2a: Tyranitar|Tyranitar, M|100/100
|-weather|Sandstorm|[from] ability: Sand Stream|[of] p2a: Tyranitar
|move|p1a: Kingambit|Swords Dance|p1a: Kingambit
|-boost|p1a: Kingambit|atk|2
|
|-weather|Sandstorm|[upkeep]
|upkeep
|turn|10
|
|t:|1769412113
|move|p1a: Kingambit|Low Kick|p2a: Tyranitar
|-supereffective|p2a: Tyranitar
|-damage|p2a: Tyranitar|0 fnt
|faint|p2a: Tyranitar
|
|-weather|Sandstorm|[upkeep]
|upkeep
|
|t:|1769412118
|switch|p2a: Excadrill|Excadrill, M|100/100
|-item|p2a: Excadrill|Air Balloon
|turn|11
|
|t:|1769412144
|-end|p1a: Kingambit|fallen1|[silent]
|switch|p1a: Dragonite|Dragonite, F|100/100
|move|p2a: Excadrill|Swords Dance|p2a: Excadrill
|-boost|p2a: Excadrill|atk|2
|
|-weather|Sandstorm|[upkeep]
|-damage|p1a: Dragonite|94/100|[from] Sandstorm
|upkeep
|turn|12
|
|t:|1769412151
|move|p2a: Excadrill|Iron Head|p1a: Dragonite
|-damage|p1a: Dragonite|0 fnt
|faint|p1a: Dragonite
|
|-weather|Sandstorm|[upkeep]
|upkeep
|
|t:|1769412156
|switch|p1a: Cinderace|Cinderace, F|100/100
|turn|13
|
|t:|1769412160
|move|p2a: Excadrill|Iron Head|p1a: Cinderace
|-resisted|p1a: Cinderace
|-damage|p1a: Cinderace|32/100
|cant|p1a: Cinderace|flinch
|
|-weather|none
|upkeep
|turn|14
|
|t:|1769412179
|-terastallize|p2a: Excadrill|Ghost
|move|p1a: Cinderace|Sucker Punch|p2a: Excadrill
|-start|p1a: Cinderace|typechange|Dark|[from] ability: Libero
|-supereffective|p2a: Excadrill
|-damage|p2a: Excadrill|12/100
|-enditem|p2a: Excadrill|Air Balloon
|move|p2a: Excadrill|Throat Chop|p1a: Cinderace
|-resisted|p1a: Cinderace
|-damage|p1a: Cinderace|0 fnt
|faint|p1a: Cinderace
|
|upkeep
|
|t:|1769412192
|switch|p1a: Dragapult|Dragapult, M|100/100
|-damage|p1a: Dragapult|88/100|[from] Spikes
|turn|15
|
|t:|1769412203
|switch|p2a: Tornadus|Tornadus-Therian, M|100/100
|move|p1a: Dragapult|Shadow Ball|p2a: Tornadus
|-damage|p2a: Tornadus|63/100
|
|upkeep
|turn|16
|
|t:|1769412212
|switch|p1a: Slowking|Slowking-Galar, M|100/100
|-damage|p1a: Slowking|88/100|[from] Spikes
|move|p2a: Tornadus|Knock Off|p1a: Slowking
|-supereffective|p1a: Slowking
|-damage|p1a: Slowking|47/100
|-enditem|p1a: Slowking|Black Sludge|[from] move: Knock Off|[of] p2a: Tornadus
|
|upkeep
|turn|17
|
|t:|1769412230
|move|p2a: Tornadus|U-turn|p1a: Slowking
|-crit|p1a: Slowking
|-damage|p1a: Slowking|26/100
|
|t:|1769412233
|switch|p2a: Alomomola|Alomomola, M|97/100|[from] U-turn
|-prepare|p1a: Slowking|Chilly Reception|[premajor]
|move|p1a: Slowking|Chilly Reception|p1a: Slowking
|-weather|Snowscape
|
|t:|1769412240
|switch|p1a: Dragapult|Dragapult, M|88/100|[from] Chilly Reception
|-damage|p1a: Dragapult|76/100|[from] Spikes
|
|-weather|Snowscape|[upkeep]
|-heal|p2a: Alomomola|100/100|[from] item: Leftovers
|upkeep
|turn|18
|
|t:|1769412248
|move|p1a: Dragapult|Thunder|p2a: Alomomola|[miss]
|-miss|p1a: Dragapult|p2a: Alomomola
|move|p2a: Alomomola|Wish|p2a: Alomomola
|
|-weather|Snowscape|[upkeep]
|upkeep
|turn|19
|
|t:|1769412260
|switch|p1a: Slowking|Slowking-Galar, M|60/100
|-damage|p1a: Slowking|47/100|[from] Spikes
|move|p2a: Alomomola|Flip Turn|p1a: Slowking
|-damage|p1a: Slowking|29/100
|
|t:|1769412266
|switch|p2a: Excadrill|Excadrill, M, tera:Ghost|12/100|[from] Flip Turn
|
|-weather|Snowscape|[upkeep]
|-heal|p2a: Excadrill|86/100|[from] move: Wish|[wisher] Alomomola
|upkeep
|turn|20
|
|t:|1769412279
|move|p2a: Excadrill|Earthquake|p1a: Slowking
|-supereffective|p1a: Slowking
|-crit|p1a: Slowking
|-damage|p1a: Slowking|0 fnt
|faint|p1a: Slowking
|
|-weather|Snowscape|[upkeep]
|upkeep
|
|t:|1769412282
|switch|p1a: Dragapult|Dragapult, M|76/100
|-damage|p1a: Dragapult|64/100|[from] Spikes
|turn|21
|
|t:|1769412289
|switch|p2a: Tornadus|Tornadus-Therian, M|96/100
|move|p1a: Dragapult|Shadow Ball|p2a: Tornadus
|-damage|p2a: Tornadus|62/100
|
|-weather|none
|upkeep
|turn|22
|
|t:|1769412301
|move|p1a: Dragapult|Shadow Ball|p2a: Tornadus
|-damage|p2a: Tornadus|30/100
|move|p2a: Tornadus|U-turn|p1a: Dragapult
|-resisted|p1a: Dragapult
|-damage|p1a: Dragapult|54/100
|
|t:|1769412307
|switch|p2a: Samurott|Samurott-Hisui, F|63/100|[from] U-turn
|
|upkeep
|turn|23
|
|t:|1769412318
|move|p2a: Samurott|Knock Off|p1a: Dragapult
|-supereffective|p1a: Dragapult
|-damage|p1a: Dragapult|0 fnt
|-enditem|p1a: Dragapult|Choice Specs|[from] move: Knock Off|[of] p2a: Samurott
|faint|p1a: Dragapult
|
|upkeep
|
|t:|1769412322
|switch|p1a: Kingambit|Kingambit, F|88/100
|-damage|p1a: Kingambit|76/100|[from] Spikes
|-activate|p1a: Kingambit|ability: Supreme Overlord
|-start|p1a: Kingambit|fallen5|[silent]
|turn|24
|
|t:|1769412326
|move|p2a: Samurott|Knock Off|p1a: Kingambit
|-resisted|p1a: Kingambit
|-damage|p1a: Kingambit|57/100
|-enditem|p1a: Kingambit|Black Glasses|[from] move: Knock Off|[of] p2a: Samurott
|move|p1a: Kingambit|Swords Dance|p1a: Kingambit
|-boost|p1a: Kingambit|atk|2
|
|upkeep
|turn|25
|
|t:|1769412344
|switch|p2a: Alomomola|Alomomola, M|100/100
|move|p1a: Kingambit|Swords Dance|p1a: Kingambit
|-boost|p1a: Kingambit|atk|2
|
|upkeep
|turn|26
|
|t:|1769412351
|move|p1a: Kingambit|Kowtow Cleave|p2a: Alomomola
|-damage|p2a: Alomomola|0 fnt
|faint|p2a: Alomomola
|
|upkeep
|
|t:|1769412358
|switch|p2a: Samurott|Samurott-Hisui, F|63/100
|turn|27
|
|t:|1769412362
|move|p1a: Kingambit|Sucker Punch|p2a: Samurott
|-resisted|p2a: Samurott
|-damage|p2a: Samurott|0 fnt
|faint|p2a: Samurott
|
|upkeep
|
|t:|1769412372
|switch|p2a: Gholdengo|Gholdengo|100/100
|turn|28
|
|t:|1769412380
|move|p1a: Kingambit|Sucker Punch||[still]
|-fail|p1a: Kingambit
|move|p2a: Gholdengo|Nasty Plot|p2a: Gholdengo
|-boost|p2a: Gholdengo|spa|2
|
|upkeep
|turn|29
|
|t:|1769412389
|move|p2a: Gholdengo|Nasty Plot|p2a: Gholdengo
|-boost|p2a: Gholdengo|spa|2
|move|p1a: Kingambit|Kowtow Cleave|p2a: Gholdengo
|-supereffective|p2a: Gholdengo
|-damage|p2a: Gholdengo|0 fnt
|faint|p2a: Gholdengo
|
|upkeep
|
|t:|1769412399
|switch|p2a: Tornadus|Tornadus-Therian, M|63/100
|turn|30
|
|t:|1769412404
|move|p1a: Kingambit|Sucker Punch|p2a: Tornadus
|-crit|p2a: Tornadus
|-damage|p2a: Tornadus|0 fnt
|faint|p2a: Tornadus
|
|upkeep
|
|t:|1769412408
|switch|p2a: Excadrill|Excadrill, M, tera:Ghost|86/100
|turn|31
|
|t:|1769412420
|move|p1a: Kingambit|Sucker Punch|p2a: Excadrill
|-supereffective|p2a: Excadrill
|-damage|p2a: Excadrill|0 fnt
|faint|p2a: Excadrill
|
|win|1zenzie
|raw|1zenzie's rating: 1341 &rarr; <strong>1359</strong><br />(+18 for winning)
|raw|Hunts with Friends's rating: 1310 &rarr; <strong>1292</strong><br />(-18 for losing)
|l|☆Hunts with Friends
|player|p2|
|c|☆1zenzie|ggs
