|j|☆Darkmaniman+Minus
|j|☆Purpleaxolotl48
|t:|1769378588
|gametype|singles
|player|p1|Darkmaniman+Minus|102|1444
|player|p2|Purpleaxolotl48|workerice|1395
|gen|9
|tier|[Gen 9] OU
|rated|
|rule|HP Percentage Mod: HP is shown in percentages
|rule|Endless Battle Clause: Forcing endless battles is banned
|rule|Species Clause: Limit one of each Pokémon
|rule|OHKO Clause: OHKO moves are banned
|rule|Evasion Items Clause: Evasion items are banned
|rule|Evasion Moves Clause: Evasion moves are banned
|rule|Evasion Abilities Clause: Evasion abilities are banned
|rule|Sleep Moves Clause: Sleep-inducing moves are banned
|clearpoke
|poke|p1|Iron Crown|
|poke|p1|Ninetales-Alola, F|
|poke|p1|Blaziken, M|
|poke|p1|Kommo-o, M|
|poke|p1|Gliscor, M|
|poke|p1|Great Tusk|
|poke|p2|Komala, M|
|poke|p2|Swampert, M|
|poke|p2|Whimsicott, F|
|poke|p2|Frosmoth, F|
|poke|p2|Garganacl, M|
|poke|p2|Skeledirge, F|
|teampreview
|
|t:|1769378597
|teamsize|p1|6
|teamsize|p2|6
|start
|switch|p1a: Ninetales|Ninetales-Alola, F|100/100
|switch|p2a: Tumble|Whimsicott, F|100/100
|-weather|Snowscape|[from] ability: Snow Warning|[of] p1a: Ninetales
|turn|1
|
|t:|1769378607
|move|p2a: Tumble|Substitute|p2a: Tumble
|-start|p2a: Tumble|Substitute
|-damage|p2a: Tumble|76/100
|move|p1a: Ninetales|Encore|p2a: Tumble
|-start|p2a: Tumble|Encore
|
|-weather|Snowscape|[upkeep]
|-heal|p2a: Tumble|82/100|[from] item: Leftovers
|upkeep
|turn|2
|
|t:|1769378612
|switch|p2a: Garganacl|Garganacl, M|100/100
|move|p1a: Ninetales|Freeze-Dry|p2a: Garganacl
|-damage|p2a: Garganacl|86/100
|
|-weather|Snowscape|[upkeep]
|upkeep
|turn|3
|
|t:|1769378616
|move|p1a: Ninetales|Aurora Veil|p1a: Ninetales
|-sidestart|p1: Darkmaniman+Minus|move: Aurora Veil
|move|p2a: Garganacl|Salt Cure|p1a: Ninetales
|-supereffective|p1a: Ninetales
|-damage|p1a: Ninetales|89/100
|-start|p1a: Ninetales|Salt Cure
|
|-weather|Snowscape|[upkeep]
|-damage|p1a: Ninetales|77/100|[from] Salt Cure
|upkeep
|turn|4
|
|t:|1769378621
|switch|p1a: Blaziken|Blaziken, M|100/100
|move|p2a: Garganacl|Salt Cure|p1a: Blaziken
|-damage|p1a: Blaziken|90/100
|-start|p1a: Blaziken|Salt Cure
|
|-weather|Snowscape|[upkeep]
|-damage|p1a: Blaziken|78/100|[from] Salt Cure
|upkeep
|turn|5
|
|t:|1769378624
|switch|p2a: Skeledirge|Skeledirge, F|100/100
|move|p1a: Blaziken|Focus Energy|p1a: Blaziken
|-start|p1a: Blaziken|move: Focus Energy
|
|-weather|none
|-damage|p1a: Blaziken|66/100|[from] Salt Cure
|-ability|p1a: Blaziken|Speed Boost|boost
|-boost|p1a: Blaziken|spe|1
|upkeep
|turn|6
|
|t:|1769378631
|move|p1a: Blaziken|Knock Off|p2a: Skeledirge
|-supereffective|p2a: Skeledirge
|-crit|p2a: Skeledirge
|-damage|p2a: Skeledirge|44/100
|-enditem|p2a: Skeledirge|Heavy-Duty Boots|[from] move: Knock Off|[of] p1a: Blaziken
|move|p2a: Skeledirge|Hex|p1a: Blaziken
|-damage|p1a: Blaziken|45/100
|
|-damage|p1a: Blaziken|33/100|[from] Salt Cure
|-ability|p1a: Blaziken|Speed Boost|boost
|-boost|p1a: Blaziken|spe|1
|upkeep
|turn|7
|
|t:|1769378634
|move|p1a: Blaziken|Overheat|p2a: Skeledirge
|-resisted|p2a: Skeledirge
|-crit|p2a: Skeledirge
|-damage|p2a: Skeledirge|0 fnt
|-unboost|p1a: Blaziken|spa|2
|faint|p2a: Skeledirge
|
|-damage|p1a: Blaziken|20/100|[from] Salt Cure
|-ability|p1a: Blaziken|Speed Boost|boost
|-boost|p1a: Blaziken|spe|1
|upkeep
|
|t:|1769378637
|switch|p2a: Komala|Komala, M|100/100
|-ability|p2a: Komala|Comatose
|turn|8
|
|t:|1769378639
|move|p2a: Komala|Protect|p2a: Komala
|-singleturn|p2a: Komala|Protect
|move|p1a: Blaziken|Close Combat|p2a: Komala
|-activate|p2a: Komala|move: Protect
|
|-damage|p1a: Blaziken|8/100|[from] Salt Cure
|-ability|p1a: Blaziken|Speed Boost|boost
|-boost|p1a: Blaziken|spe|1
|upkeep
|turn|9
|
|t:|1769378643
|move|p2a: Komala|Sucker Punch|p1a: Blaziken
|-resisted|p1a: Blaziken
|-damage|p1a: Blaziken|1/100
|move|p1a: Blaziken|Overheat|p2a: Komala
|-crit|p2a: Komala
|-damage|p2a: Komala|19/100
|-unboost|p1a: Blaziken|spa|2
|
|-heal|p2a: Komala|25/100|[from] item: Leftovers
|-damage|p1a: Blaziken|0 fnt|[from] Salt Cure
|faint|p1a: Blaziken
|upkeep
|
|t:|1769378648
|switch|p1a: Iron Crown|Iron Crown|100/100
|turn|10
|
|t:|1769378651
|switch|p2a: Swampert|Swampert, M|100/100
|move|p1a: Iron Crown|Agility|p1a: Iron Crown
|-boost|p1a: Iron Crown|spe|2
|
|-sideend|p1: Darkmaniman+Minus|move: Aurora Veil
|upkeep
|turn|11
|
|t:|1769378659
|move|p1a: Iron Crown|Calm Mind|p1a: Iron Crown
|-boost|p1a: Iron Crown|spa|1
|-boost|p1a: Iron Crown|spd|1
|move|p2a: Swampert|Earthquake|p1a: Iron Crown
|-supereffective|p1a: Iron Crown
|-damage|p1a: Iron Crown|37/100
|-enditem|p1a: Iron Crown|Weakness Policy
|-boost|p1a: Iron Crown|atk|2|[from] item: Weakness Policy
|-boost|p1a: Iron Crown|spa|2|[from] item: Weakness Policy
|
|upkeep
|turn|12
|
|t:|1769378665
|move|p1a: Iron Crown|Stored Power|p2a: Swampert
|-damage|p2a: Swampert|0 fnt
|faint|p2a: Swampert
|
|upkeep
|
|t:|1769378667
|switch|p2a: Komala|Komala, M|25/100
|-ability|p2a: Komala|Comatose
|turn|13
|
|t:|1769378679
|-terastallize|p2a: Komala|Dark
|move|p1a: Iron Crown|Stored Power|p2a: Komala
|-immune|p2a: Komala
|move|p2a: Komala|Wish|p2a: Komala
|
|-heal|p2a: Komala|31/100|[from] item: Leftovers
|upkeep
|turn|14
|
|t:|1769378683
|move|p2a: Komala|Sucker Punch||[still]
|-fail|p2a: Komala
|move|p1a: Iron Crown|Calm Mind|p1a: Iron Crown
|-boost|p1a: Iron Crown|spa|1
|-boost|p1a: Iron Crown|spd|1
|
|-heal|p2a: Komala|81/100|[from] move: Wish|[wisher] Komala
|-heal|p2a: Komala|87/100|[from] item: Leftovers
|upkeep
|turn|15
|
|t:|1769378686
|-terastallize|p1a: Iron Crown|Fighting
|move|p2a: Komala|Sucker Punch|p1a: Iron Crown
|-resisted|p1a: Iron Crown
|-damage|p1a: Iron Crown|27/100
|move|p1a: Iron Crown|Tera Blast|p2a: Komala|[anim] Tera Blast Fighting
|-supereffective|p2a: Komala
|-damage|p2a: Komala|0 fnt
|faint|p2a: Komala
|
|upkeep
|-message|Purpleaxolotl48 forfeited.
|
|win|Darkmaniman+Minus
|raw|Darkmaniman+Minus's rating: 1444 &rarr; <strong>1461</strong><br />(+17 for winning)
|raw|Purpleaxolotl48's rating: 1395 &rarr; <strong>1378</strong><br />(-17 for losing)
|l|☆Purpleaxolotl48
|player|p2|
|l|☆Darkmaniman+Minus
|player|p1|
