|j|☆OversizedMayoJar
|j|☆GyoK3RES
|t:|1769439396
|gametype|singles
|player|p1|OversizedMayoJar|winona|1170
|player|p2|GyoK3RES|dawn-gen4pt|1165
|gen|9
|tier|[Gen 9] OU
|rated|
|rule|HP Percentage Mod: HP is shown in percentages
|rule|Endless Battle Clause: Forcing endless battles is banned
|rule|Species Clause: Limit one of each Pokémon
|rule|OHKO Clause: OHKO moves are banned
|rule|Evasion Items Clause: Evasion items are banned
|rule|Evasion Moves Clause: Evasion moves are banned
|rule|Evasion Abilities Clause: Evasion abilities are banned
|rule|Sleep Moves Clause: Sleep-inducing moves are banned
|clearpoke
|poke|p1|Ogerpon, F|
|poke|p1|Rillaboom, F|
|poke|p1|Slowking-Galar, F|
|poke|p1|Iron Treads|
|poke|p1|Alomomola, F|
|poke|p1|Iron Valiant|
|poke|p2|Corviknight, M|
|poke|p2|Leafeon, M|
|poke|p2|Garchomp, M|
|poke|p2|Torkoal, F|
|poke|p2|Greninja-*, M|
|poke|p2|Whimsicott, M|
|teampreview
|inactive|Battle timer is ON: inactive players will automatically lose when time's up. (requested by OversizedMayoJar)
|
|t:|1769439408
|teamsize|p1|6
|teamsize|p2|6
|start
|switch|p1a: Iron Treads|Iron Treads|100/100
|switch|p2a: Torkoal|Torkoal, F|100/100
|-weather|SunnyDay|[from] ability: Drought|[of] p2a: Torkoal
|turn|1
|
|t:|1769439414
|move|p1a: Iron Treads|Earthquake|p2a: Torkoal
|-supereffective|p2a: Torkoal
|-damage|p2a: Torkoal|31/100
|move|p2a: Torkoal|Overheat|p1a: Iron Treads
|-supereffective|p1a: Iron Treads
|-damage|p1a: Iron Treads|0 fnt
|-unboost|p2a: Torkoal|spa|2
|faint|p1a: Iron Treads
|-end|p1a: Iron Treads|Quark Drive|[silent]
|-enditem|p2a: Torkoal|Eject Pack
|
|t:|1769439422
|switch|p2a: Leafeon|Leafeon, M|100/100
|
|-weather|SunnyDay|[upkeep]
|upkeep
|
|t:|1769439427
|switch|p1a: Slowking|Slowking-Galar, F|100/100
|turn|2
|
|t:|1769439435
|move|p2a: Leafeon|Swords Dance|p2a: Leafeon
|-boost|p2a: Leafeon|atk|2
|move|p1a: Slowking|Flamethrower|p2a: Leafeon
|-supereffective|p2a: Leafeon
|-damage|p2a: Leafeon|1/100
|
|-weather|SunnyDay|[upkeep]
|upkeep
|turn|3
|
|t:|1769439444
|move|p2a: Leafeon|Knock Off|p1a: Slowking
|-supereffective|p1a: Slowking
|-damage|p1a: Slowking|0 fnt
|-enditem|p1a: Slowking|Assault Vest|[from] move: Knock Off|[of] p2a: Leafeon
|faint|p1a: Slowking
|-damage|p2a: Leafeon|0 fnt|[from] item: Life Orb
|faint|p2a: Leafeon
|
|-weather|SunnyDay|[upkeep]
|upkeep
|
|t:|1769439453
|switch|p2a: Greninja|Greninja, M|100/100
|switch|p1a: Rillaboom|Rillaboom, F|100/100
|-fieldstart|move: Grassy Terrain|[from] ability: Grassy Surge|[of] p1a: Rillaboom
|turn|4
|
|t:|1769439459
|move|p1a: Rillaboom|Grassy Glide|p2a: Greninja
|-supereffective|p2a: Greninja
|-damage|p2a: Greninja|0 fnt
|faint|p2a: Greninja
|
|-weather|SunnyDay|[upkeep]
|upkeep
|
|t:|1769439467
|switch|p2a: Garchomp|Garchomp, M|100/100
|turn|5
|
|t:|1769439474
|-terastallize|p2a: Garchomp|Dragon
|move|p1a: Rillaboom|Knock Off|p2a: Garchomp
|-damage|p2a: Garchomp|69/100
|-damage|p1a: Rillaboom|88/100|[from] ability: Rough Skin|[of] p2a: Garchomp
|-enditem|p2a: Garchomp|Loaded Dice|[from] move: Knock Off|[of] p1a: Rillaboom
|move|p2a: Garchomp|Swords Dance|p2a: Garchomp
|-boost|p2a: Garchomp|atk|2
|
|-weather|none
|-heal|p1a: Rillaboom|94/100|[from] Grassy Terrain
|-heal|p2a: Garchomp|75/100|[from] Grassy Terrain
|upkeep
|turn|6
|
|t:|1769439488
|move|p1a: Rillaboom|Grassy Glide|p2a: Garchomp
|-resisted|p2a: Garchomp
|-damage|p2a: Garchomp|59/100
|-damage|p1a: Rillaboom|82/100|[from] ability: Rough Skin|[of] p2a: Garchomp
|move|p2a: Garchomp|Scale Shot|p1a: Rillaboom
|-damage|p1a: Rillaboom|47/100
|-damage|p1a: Rillaboom|11/100
|-damage|p1a: Rillaboom|0 fnt
|faint|p1a: Rillaboom
|-hitcount|p1: Rillaboom|3
|-unboost|p2a: Garchomp|def|1
|-boost|p2a: Garchomp|spe|1
|
|-heal|p2a: Garchomp|65/100|[from] Grassy Terrain
|upkeep
|
|t:|1769439503
|switch|p1a: Ogerpon|Ogerpon, F|100/100
|turn|7
|
|t:|1769439508
|-terastallize|p1a: Ogerpon|Grass
|detailschange|p1a: Ogerpon|Ogerpon-Teal-Tera, F, tera:Grass
|-ability|p1a: Ogerpon|Embody Aspect (Teal)|boost
|-boost|p1a: Ogerpon|spe|1
|move|p1a: Ogerpon|Ivy Cudgel|p2a: Garchomp
|-resisted|p2a: Garchomp
|-damage|p2a: Garchomp|0 fnt
|faint|p2a: Garchomp
|
|upkeep
|
|t:|1769439518
|switch|p2a: Torkoal|Torkoal, F|31/100
|-weather|SunnyDay|[from] ability: Drought|[of] p2a: Torkoal
|turn|8
|
|t:|1769439524
|move|p1a: Ogerpon|Ivy Cudgel|p2a: Torkoal
|-resisted|p2a: Torkoal
|-damage|p2a: Torkoal|0 fnt
|faint|p2a: Torkoal
|
|-weather|SunnyDay|[upkeep]
|upkeep
|
|t:|1769439529
|switch|p2a: Whimsicott|Whimsicott, M|100/100
|turn|9
|
|t:|1769439532
|move|p2a: Whimsicott|Switcheroo|p1a: Ogerpon
|-activate|p2a: Whimsicott|move: Trick|[of] p1a: Ogerpon
|-item|p1a: Ogerpon|Choice Scarf|[from] move: Switcheroo
|-item|p2a: Whimsicott|Choice Band|[from] move: Switcheroo
|move|p1a: Ogerpon|Ivy Cudgel|p2a: Whimsicott
|-resisted|p2a: Whimsicott
|-damage|p2a: Whimsicott|37/100
|
|-weather|SunnyDay|[upkeep]
|-heal|p2a: Whimsicott|43/100|[from] Grassy Terrain
|upkeep
|turn|10
|
|t:|1769439542
|move|p2a: Whimsicott|Leech Seed|p1a: Ogerpon
|-immune|p1a: Ogerpon
|move|p1a: Ogerpon|Ivy Cudgel|p2a: Whimsicott
|-resisted|p2a: Whimsicott
|-damage|p2a: Whimsicott|0 fnt
|faint|p2a: Whimsicott
|
|-weather|SunnyDay|[upkeep]
|upkeep
|l|☆GyoK3RES
|inactive|GyoK3RES disconnected and has a minute to reconnect!
|player|p2|
|inactive|GyoK3RES has 30 seconds to reconnect!
|inactive|GyoK3RES has 20 seconds to reconnect!
|inactive|GyoK3RES has 15 seconds to reconnect!
|inactive|GyoK3RES has 10 seconds to reconnect!
|inactive|GyoK3RES has 5 seconds to reconnect!
|-message|GyoK3RES lost due to inactivity.
|
|win|OversizedMayoJar
|raw|OversizedMayoJar's rating: 1170 &rarr; <strong>1195</strong><br />(+25 for winning)
|raw|GyoK3RES's rating: 1165 &rarr; <strong>1140</strong><br />(-25 for losing)
|l|☆OversizedMayoJar
|player|p1|
