|j|☆oi wveie83
|j|☆marentes
|t:|1769422461
|gametype|singles
|player|p1|oi wveie83|yellow|1305
|player|p2|marentes|101|1274
|gen|9
|tier|[Gen 9] OU
|rated|
|rule|HP Percentage Mod: HP is shown in percentages
|rule|Endless Battle Clause: Forcing endless battles is banned
|rule|Species Clause: Limit one of each Pokémon
|rule|OHKO Clause: OHKO moves are banned
|rule|Evasion Items Clause: Evasion items are banned
|rule|Evasion Moves Clause: Evasion moves are banned
|rule|Evasion Abilities Clause: Evasion abilities are banned
|rule|Sleep Moves Clause: Sleep-inducing moves are banned
|clearpoke
|poke|p1|Galvantula, M|
|poke|p1|Ogerpon-Wellspring, F|
|poke|p1|Excadrill, M|
|poke|p1|Latios, M|
|poke|p1|Gliscor, M|
|poke|p1|Whimsicott, M|
|poke|p2|Okidogi, M|
|poke|p2|Zapdos|
|poke|p2|Iron Valiant|
|poke|p2|Dragonite, F|
|poke|p2|Tyranitar, F|
|poke|p2|Excadrill, M|
|teampreview
|inactive|Battle timer is ON: inactive players will automatically lose when time's up. (requested by oi wveie83)
|inactive|marentes has 120 seconds left.
|inactive|marentes has 90 seconds left.
|
|t:|1769422543
|teamsize|p1|6
|teamsize|p2|6
|start
|switch|p1a: Galvantula|Galvantula, M|100/100
|switch|p2a: Tyranitar|Tyranitar, F|100/100
|-weather|Sandstorm|[from] ability: Sand Stream|[of] p2a: Tyranitar
|turn|1
|
|t:|1769422553
|move|p1a: Galvantula|Sticky Web|p2a: Tyranitar
|-sidestart|p2: marentes|move: Sticky Web
|move|p2a: Tyranitar|Rock Slide|p1a: Galvantula
|-supereffective|p1a: Galvantula
|-enditem|p1a: Galvantula|Focus Sash
|-damage|p1a: Galvantula|1/100
|
|-weather|Sandstorm|[upkeep]
|-damage|p1a: Galvantula|0 fnt|[from] Sandstorm
|faint|p1a: Galvantula
|upkeep
|
|t:|1769422560
|switch|p1a: Gliscor|Gliscor, M|100/100
|turn|2
|
|t:|1769422564
|move|p1a: Gliscor|Swords Dance|p1a: Gliscor
|-boost|p1a: Gliscor|atk|2
|move|p2a: Tyranitar|Ice Beam|p1a: Gliscor
|-supereffective|p1a: Gliscor
|-damage|p1a: Gliscor|24/100
|
|-weather|Sandstorm|[upkeep]
|-status|p1a: Gliscor|tox|[from] item: Toxic Orb
|upkeep
|turn|3
|
|t:|1769422574
|move|p1a: Gliscor|Protect|p1a: Gliscor
|-singleturn|p1a: Gliscor|Protect
|move|p2a: Tyranitar|Knock Off|p1a: Gliscor
|-activate|p1a: Gliscor|move: Protect
|
|-weather|Sandstorm|[upkeep]
|-heal|p1a: Gliscor|36/100 tox|[from] ability: Poison Heal
|upkeep
|turn|4
|
|t:|1769422584
|move|p1a: Gliscor|Earthquake|p2a: Tyranitar
|-supereffective|p2a: Tyranitar
|-damage|p2a: Tyranitar|0 fnt
|faint|p2a: Tyranitar
|
|-weather|Sandstorm|[upkeep]
|-heal|p1a: Gliscor|49/100 tox|[from] ability: Poison Heal
|upkeep
|
|t:|1769422591
|switch|p2a: Excadrill|Excadrill, M|100/100
|-item|p2a: Excadrill|Air Balloon
|turn|5
|
|t:|1769422597
|move|p1a: Gliscor|Protect|p1a: Gliscor
|-singleturn|p1a: Gliscor|Protect
|move|p2a: Excadrill|Rapid Spin|p1a: Gliscor
|-activate|p1a: Gliscor|move: Protect
|
|-weather|Sandstorm|[upkeep]
|-heal|p1a: Gliscor|61/100 tox|[from] ability: Poison Heal
|upkeep
|turn|6
|
|t:|1769422605
|move|p2a: Excadrill|Rapid Spin|p1a: Gliscor
|-damage|p1a: Gliscor|45/100 tox
|-boost|p2a: Excadrill|spe|1
|-sideend|p2: marentes|Sticky Web|[from] move: Rapid Spin|[of] p2a: Excadrill
|move|p1a: Gliscor|Facade|p2a: Excadrill
|-resisted|p2a: Excadrill
|-damage|p2a: Excadrill|53/100
|-enditem|p2a: Excadrill|Air Balloon
|
|-weather|Sandstorm|[upkeep]
|-heal|p1a: Gliscor|58/100 tox|[from] ability: Poison Heal
|upkeep
|turn|7
|
|t:|1769422618
|switch|p2a: Zapdos|Zapdos|100/100
|move|p1a: Gliscor|Swords Dance|p1a: Gliscor
|-boost|p1a: Gliscor|atk|2
|
|-weather|Sandstorm|[upkeep]
|-damage|p2a: Zapdos|94/100|[from] Sandstorm
|-heal|p1a: Gliscor|70/100 tox|[from] ability: Poison Heal
|upkeep
|turn|8
|
|t:|1769422632
|move|p1a: Gliscor|Protect|p1a: Gliscor
|-singleturn|p1a: Gliscor|Protect
|move|p2a: Zapdos|Hurricane|p1a: Gliscor
|-activate|p1a: Gliscor|move: Protect
|
|-weather|none
|-heal|p1a: Gliscor|82/100 tox|[from] ability: Poison Heal
|upkeep
|turn|9
|
|t:|1769422653
|move|p1a: Gliscor|Facade|p2a: Zapdos
|-damage|p2a: Zapdos|28/100
|move|p2a: Zapdos|Hurricane|p1a: Gliscor
|-damage|p1a: Gliscor|36/100 tox
|
|-heal|p1a: Gliscor|48/100 tox|[from] ability: Poison Heal
|upkeep
|turn|10
|
|t:|1769422663
|switch|p2a: Dragonite|Dragonite, F|100/100
|move|p1a: Gliscor|Protect||[still]
|-fail|p1a: Gliscor
|
|-heal|p1a: Gliscor|60/100 tox|[from] ability: Poison Heal
|upkeep
|turn|11
|
|t:|1769422671
|move|p1a: Gliscor|Facade|p2a: Dragonite
|-damage|p2a: Dragonite|48/100
|move|p2a: Dragonite|Dragon Dance|p2a: Dragonite
|-boost|p2a: Dragonite|atk|1
|-boost|p2a: Dragonite|spe|1
|
|-heal|p1a: Gliscor|73/100 tox|[from] ability: Poison Heal
|upkeep
|turn|12
|
|t:|1769422679
|move|p1a: Gliscor|Protect|p1a: Gliscor
|-singleturn|p1a: Gliscor|Protect
|move|p2a: Dragonite|Ice Spinner|p1a: Gliscor
|-activate|p1a: Gliscor|move: Protect
|
|-heal|p1a: Gliscor|85/100 tox|[from] ability: Poison Heal
|upkeep
|turn|13
|
|t:|1769422687
|-terastallize|p1a: Gliscor|Normal
|move|p2a: Dragonite|Ice Spinner|p1a: Gliscor
|-damage|p1a: Gliscor|48/100 tox
|move|p1a: Gliscor|Facade|p2a: Dragonite
|-damage|p2a: Dragonite|0 fnt
|faint|p2a: Dragonite
|
|-heal|p1a: Gliscor|61/100 tox|[from] ability: Poison Heal
|upkeep
|
|t:|1769422699
|switch|p2a: Iron Valiant|Iron Valiant|100/100
|-enditem|p2a: Iron Valiant|Booster Energy
|-activate|p2a: Iron Valiant|ability: Quark Drive|[fromitem]
|-start|p2a: Iron Valiant|quarkdrivespe
|turn|14
|
|t:|1769422722
|move|p1a: Gliscor|Protect|p1a: Gliscor
|-singleturn|p1a: Gliscor|Protect
|move|p2a: Iron Valiant|Knock Off|p1a: Gliscor
|-activate|p1a: Gliscor|move: Protect
|
|-heal|p1a: Gliscor|73/100 tox|[from] ability: Poison Heal
|upkeep
|turn|15
|inactive|marentes has 120 seconds left.
|
|t:|1769422766
|move|p2a: Iron Valiant|Close Combat|p1a: Gliscor
|-supereffective|p1a: Gliscor
|-damage|p1a: Gliscor|0 fnt
|-unboost|p2a: Iron Valiant|def|1
|-unboost|p2a: Iron Valiant|spd|1
|faint|p1a: Gliscor
|
|upkeep
|
|t:|1769422774
|switch|p1a: Whimsicott|Whimsicott, M|100/100
|turn|16
|inactive|marentes has 90 seconds left.
|
|t:|1769422812
|-end|p2a: Iron Valiant|Quark Drive|[silent]
|switch|p2a: Okidogi|Okidogi, M|100/100
|move|p1a: Whimsicott|Substitute|p1a: Whimsicott
|-start|p1a: Whimsicott|Substitute
|-damage|p1a: Whimsicott|76/100
|
|-heal|p1a: Whimsicott|82/100|[from] item: Leftovers
|upkeep
|turn|17
|
|t:|1769422820
|move|p1a: Whimsicott|Leech Seed|p2a: Okidogi
|-start|p2a: Okidogi|move: Leech Seed
|move|p2a: Okidogi|Gunk Shot|p1a: Whimsicott
|-supereffective|p1a: Whimsicott
|-end|p1a: Whimsicott|Substitute
|
|-heal|p1a: Whimsicott|88/100|[from] item: Leftovers
|-damage|p2a: Okidogi|88/100|[from] Leech Seed|[of] p1a: Whimsicott
|-heal|p1a: Whimsicott|100/100|[silent]
|upkeep
|turn|18
|inactive|marentes has 90 seconds left.
|
|t:|1769422832
|move|p1a: Whimsicott|Substitute|p1a: Whimsicott
|-start|p1a: Whimsicott|Substitute
|-damage|p1a: Whimsicott|76/100
|move|p2a: Okidogi|Ice Punch|p1a: Whimsicott
|-supereffective|p1a: Whimsicott
|-end|p1a: Whimsicott|Substitute
|
|-heal|p1a: Whimsicott|82/100|[from] item: Leftovers
|-damage|p2a: Okidogi|76/100|[from] Leech Seed|[of] p1a: Whimsicott
|-heal|p1a: Whimsicott|96/100|[silent]
|upkeep
|turn|19
|inactive|marentes has 90 seconds left.
|
|t:|1769422842
|switch|p2a: Zapdos|Zapdos|28/100
|move|p1a: Whimsicott|Substitute|p1a: Whimsicott
|-start|p1a: Whimsicott|Substitute
|-damage|p1a: Whimsicott|72/100
|
|-heal|p1a: Whimsicott|78/100|[from] item: Leftovers
|upkeep
|turn|20
|inactive|marentes has 90 seconds left.
|
|t:|1769422850
|move|p1a: Whimsicott|Moonblast|p2a: Zapdos
|-damage|p2a: Zapdos|4/100
|move|p2a: Zapdos|Hurricane|p1a: Whimsicott|[miss]
|-miss|p2a: Zapdos|p1a: Whimsicott
|
|-heal|p1a: Whimsicott|84/100|[from] item: Leftovers
|upkeep
|turn|21
|inactive|marentes has 90 seconds left.
|
|t:|1769422864
|move|p1a: Whimsicott|Leech Seed|p2a: Zapdos
|-start|p2a: Zapdos|move: Leech Seed
|move|p2a: Zapdos|Hurricane|p1a: Whimsicott
|-supereffective|p1a: Whimsicott
|-end|p1a: Whimsicott|Substitute
|
|-heal|p1a: Whimsicott|90/100|[from] item: Leftovers
|-damage|p2a: Zapdos|0 fnt|[from] Leech Seed|[of] p1a: Whimsicott
|-heal|p1a: Whimsicott|94/100|[silent]
|faint|p2a: Zapdos
|upkeep
|inactive|marentes has 90 seconds left.
|
|t:|1769422873
|switch|p2a: Excadrill|Excadrill, M|53/100
|turn|22
|
|t:|1769422880
|switch|p1a: Ogerpon|Ogerpon-Wellspring, F|100/100
|move|p2a: Excadrill|Iron Head|p1a: Ogerpon
|-resisted|p1a: Ogerpon
|-damage|p1a: Ogerpon|70/100
|
|upkeep
|turn|23
|
|t:|1769422888
|switch|p2a: Okidogi|Okidogi, M|76/100
|move|p1a: Ogerpon|Horn Leech|p2a: Okidogi
|-resisted|p2a: Okidogi
|-damage|p2a: Okidogi|57/100
|-heal|p1a: Ogerpon|81/100|[from] drain|[of] p2a: Okidogi
|
|upkeep
|turn|24
|
|t:|1769422900
|-terastallize|p2a: Okidogi|Water
|move|p1a: Ogerpon|Spiky Shield|p1a: Ogerpon
|-singleturn|p1a: Ogerpon|move: Protect
|move|p2a: Okidogi|Gunk Shot|p1a: Ogerpon
|-activate|p1a: Ogerpon|move: Protect
|
|upkeep
|turn|25
|
|t:|1769422912
|switch|p1a: Latios|Latios, M|100/100
|move|p2a: Okidogi|Drain Punch|p1a: Latios
|-resisted|p1a: Latios
|-damage|p1a: Latios|77/100
|-heal|p2a: Okidogi|69/100|[from] drain|[of] p1a: Latios
|
|upkeep
|turn|26
|
|t:|1769422921
|move|p1a: Latios|Psychic Noise|p2a: Okidogi
|-crit|p2a: Okidogi
|-damage|p2a: Okidogi|11/100
|-start|p2a: Okidogi|move: Heal Block
|move|p2a: Okidogi|Knock Off|p1a: Latios
|-supereffective|p1a: Latios
|-damage|p1a: Latios|0 fnt
|-enditem|p1a: Latios|Soul Dew|[from] move: Knock Off|[of] p2a: Okidogi
|faint|p1a: Latios
|
|upkeep
|
|t:|1769422929
|switch|p1a: Excadrill|Excadrill, M|100/100
|turn|27
|
|t:|1769422936
|move|p1a: Excadrill|Rapid Spin|p2a: Okidogi
|-damage|p2a: Okidogi|0 fnt
|-boost|p1a: Excadrill|spe|1
|faint|p2a: Okidogi
|
|upkeep
|
|t:|1769422942
|switch|p2a: Iron Valiant|Iron Valiant|100/100
|turn|28
|
|t:|1769422946
|move|p1a: Excadrill|Iron Head|p2a: Iron Valiant
|-supereffective|p2a: Iron Valiant
|-damage|p2a: Iron Valiant|0 fnt
|faint|p2a: Iron Valiant
|-end|p2a: Iron Valiant|Quark Drive|[silent]
|
|upkeep
|-message|marentes forfeited.
|
|win|oi wveie83
|raw|oi wveie83's rating: 1305 &rarr; <strong>1323</strong><br />(+18 for winning)
|raw|marentes's rating: 1274 &rarr; <strong>1251</strong><br />(-23 for losing)
|l|☆marentes
|player|p2|
|l|☆oi wveie83
|player|p1|
