|j|☆Cupid's Curse
|j|☆Napple09
|t:|1769320522
|gametype|singles
|player|p1|Cupid's Curse|sabrina-lgpe|1551
|player|p2|Napple09|pokemonbreeder-gen6|1580
|gen|9
|tier|[Gen 9] OU
|rated|
|rule|HP Percentage Mod: HP is shown in percentages
|rule|Endless Battle Clause: Forcing endless battles is banned
|rule|Species Clause: Limit one of each Pokémon
|rule|OHKO Clause: OHKO moves are banned
|rule|Evasion Items Clause: Evasion items are banned
|rule|Evasion Moves Clause: Evasion moves are banned
|rule|Evasion Abilities Clause: Evasion abilities are banned
|rule|Sleep Moves Clause: Sleep-inducing moves are banned
|clearpoke
|poke|p1|Zapdos|
|poke|p1|Ogerpon-Wellspring, F|
|poke|p1|Pelipper, F|
|poke|p1|Araquanid, F|
|poke|p1|Great Tusk|
|poke|p1|Iron Crown|
|poke|p2|Hydrapple, M|
|poke|p2|Great Tusk|
|poke|p2|Lokix, F|
|poke|p2|Cinderace, F|
|poke|p2|Alomomola, M|
|poke|p2|Slowking-Galar, F|
|teampreview
|inactive|Battle timer is ON: inactive players will automatically lose when time's up. (requested by Napple09)
|
|t:|1769320535
|teamsize|p1|6
|teamsize|p2|6
|start
|switch|p1a: Pelipper|Pelipper, F|100/100
|switch|p2a: 【 Eepy 】|Slowking-Galar, F|100/100
|-weather|RainDance|[from] ability: Drizzle|[of] p1a: Pelipper
|turn|1
|
|t:|1769320542
|switch|p1a: Zapdos|Zapdos|100/100
|-ability|p1a: Zapdos|Pressure
|move|p2a: 【 Eepy 】|Trick|p1a: Zapdos
|-activate|p2a: 【 Eepy 】|move: Trick|[of] p1a: Zapdos
|-item|p1a: Zapdos|Black Sludge|[from] move: Trick
|-item|p2a: 【 Eepy 】|Heavy-Duty Boots|[from] move: Trick
|
|-weather|RainDance|[upkeep]
|-damage|p1a: Zapdos|88/100|[from] item: Black Sludge
|upkeep
|turn|2
|
|t:|1769320552
|move|p1a: Zapdos|Thunder|p2a: 【 Eepy 】
|-damage|p2a: 【 Eepy 】|58/100
|-prepare|p2a: 【 Eepy 】|Chilly Reception|[premajor]
|move|p2a: 【 Eepy 】|Chilly Reception|p2a: 【 Eepy 】
|-weather|Snowscape
|
|t:|1769320563
|switch|p2a: 【 Momo 】|Alomomola, M|100/100|[from] Chilly Reception
|
|-weather|Snowscape|[upkeep]
|-damage|p1a: Zapdos|76/100|[from] item: Black Sludge
|upkeep
|turn|3
|
|t:|1769320568
|switch|p1a: Pelipper|Pelipper, F|100/100
|-weather|RainDance|[from] ability: Drizzle|[of] p1a: Pelipper
|move|p2a: 【 Momo 】|Mirror Coat||[still]
|-fail|p2a: 【 Momo 】
|
|-weather|RainDance|[upkeep]
|upkeep
|turn|4
|
|t:|1769320577
|switch|p2a: 【 Eepy 】|Slowking-Galar, F|91/100
|move|p1a: Pelipper|U-turn|p2a: 【 Eepy 】
|-damage|p2a: 【 Eepy 】|84/100
|inactive|Cupid's Curse has 120 seconds left.
|j| 304Collector
|inactive|Cupid's Curse has 90 seconds left.
|l| 304Collector
|
|t:|1769320664
|switch|p1a: Araquanid|Araquanid, F|100/100|[from] U-turn
|
|-weather|RainDance|[upkeep]
|upkeep
|turn|5
|
|t:|1769320675
|switch|p2a: 【 Syrup 】|Hydrapple, M|100/100
|move|p1a: Araquanid|Surf|p2a: 【 Syrup 】
|-resisted|p2a: 【 Syrup 】
|-damage|p2a: 【 Syrup 】|78/100
|
|-weather|RainDance|[upkeep]
|upkeep
|turn|6
|
|t:|1769320695
|move|p2a: 【 Syrup 】|Fickle Beam|p1a: Araquanid|[anim] Fickle Beam All Out
|-activate|p2a: 【 Syrup 】|move: Fickle Beam
|-damage|p1a: Araquanid|8/100
|-damage|p2a: 【 Syrup 】|68/100|[from] item: Life Orb
|move|p1a: Araquanid|Sticky Web|p2a: 【 Syrup 】
|-sidestart|p2: Napple09|move: Sticky Web
|
|-weather|RainDance|[upkeep]
|upkeep
|turn|7
|-enditem|p1a: Araquanid|Custap Berry|[eat]
|-activate|p1a: Araquanid|item: Custap Berry|[consumed]
|
|t:|1769320705
|move|p1a: Araquanid|Surf|p2a: 【 Syrup 】
|-resisted|p2a: 【 Syrup 】
|-damage|p2a: 【 Syrup 】|47/100
|move|p2a: 【 Syrup 】|Fickle Beam|p1a: Araquanid
|-damage|p1a: Araquanid|0 fnt
|faint|p1a: Araquanid
|-damage|p2a: 【 Syrup 】|37/100|[from] item: Life Orb
|
|-weather|RainDance|[upkeep]
|upkeep
|
|t:|1769320724
|switch|p1a: Ogerpon|Ogerpon-Wellspring, F|100/100
|turn|8
|
|t:|1769320732
|switch|p2a: 【 Eepy 】|Slowking-Galar, F|100/100
|move|p1a: Ogerpon|Swords Dance|p1a: Ogerpon
|-boost|p1a: Ogerpon|atk|2
|
|-weather|RainDance|[upkeep]
|upkeep
|turn|9
|
|t:|1769320745
|switch|p2a: 【 Momo 】|Alomomola, M|100/100
|-activate|p2a: 【 Momo 】|move: Sticky Web
|-unboost|p2a: 【 Momo 】|spe|1
|move|p1a: Ogerpon|Ivy Cudgel|p2a: 【 Momo 】|[anim] Ivy Cudgel Water
|-resisted|p2a: 【 Momo 】
|-damage|p2a: 【 Momo 】|39/100
|
|-weather|RainDance|[upkeep]
|upkeep
|turn|10
|inactive|Napple09 has 120 seconds left.
|
|t:|1769320778
|move|p1a: Ogerpon|Ivy Cudgel|p2a: 【 Momo 】|[anim] Ivy Cudgel Water
|-resisted|p2a: 【 Momo 】
|-damage|p2a: 【 Momo 】|0 fnt
|faint|p2a: 【 Momo 】
|
|-weather|none
|upkeep
|
|t:|1769320780
|switch|p2a: 【 Luffy 】|Lokix, F|100/100
|-activate|p2a: 【 Luffy 】|move: Sticky Web
|-unboost|p2a: 【 Luffy 】|spe|1
|turn|11
|
|t:|1769320789
|switch|p1a: Pelipper|Pelipper, F|100/100
|-weather|RainDance|[from] ability: Drizzle|[of] p1a: Pelipper
|-terastallize|p2a: 【 Luffy 】|Bug
|move|p2a: 【 Luffy 】|First Impression|p1a: Pelipper
|-resisted|p1a: Pelipper
|-damage|p1a: Pelipper|36/100
|
|-weather|RainDance|[upkeep]
|upkeep
|turn|12
|
|t:|1769320802
|switch|p2a: 【 Cindy 】|Cinderace, F|100/100
|move|p1a: Pelipper|U-turn|p2a: 【 Cindy 】
|-resisted|p2a: 【 Cindy 】
|-damage|p2a: 【 Cindy 】|95/100
|inactive|Cupid's Curse has 90 seconds left.
|
|t:|1769320813
|switch|p1a: Great Tusk|Great Tusk|100/100|[from] U-turn
|
|-weather|RainDance|[upkeep]
|upkeep
|turn|13
|
|t:|1769320818
|move|p1a: Great Tusk|Headlong Rush|p2a: 【 Cindy 】
|-supereffective|p2a: 【 Cindy 】
|-damage|p2a: 【 Cindy 】|0 fnt
|-unboost|p1a: Great Tusk|def|1
|-unboost|p1a: Great Tusk|spd|1
|faint|p2a: 【 Cindy 】
|
|-weather|RainDance|[upkeep]
|upkeep
|
|t:|1769320822
|switch|p2a: 【 Syrup 】|Hydrapple, M|70/100
|-activate|p2a: 【 Syrup 】|move: Sticky Web
|-unboost|p2a: 【 Syrup 】|spe|1
|turn|14
|
|t:|1769320830
|-end|p1a: Great Tusk|Protosynthesis|[silent]
|switch|p1a: Zapdos|Zapdos|76/100
|-ability|p1a: Zapdos|Pressure
|move|p2a: 【 Syrup 】|Fickle Beam|p1a: Zapdos
|-damage|p1a: Zapdos|11/100
|-damage|p2a: 【 Syrup 】|60/100|[from] item: Life Orb
|
|-weather|RainDance|[upkeep]
|-damage|p1a: Zapdos|0 fnt|[from] item: Black Sludge
|faint|p1a: Zapdos
|upkeep
|
|t:|1769320837
|switch|p1a: Iron Crown|Iron Crown|100/100
|-enditem|p1a: Iron Crown|Booster Energy
|-activate|p1a: Iron Crown|ability: Quark Drive|[fromitem]
|-start|p1a: Iron Crown|quarkdrivespe
|turn|15
|
|t:|1769320846
|move|p1a: Iron Crown|Calm Mind|p1a: Iron Crown
|-boost|p1a: Iron Crown|spa|1
|-boost|p1a: Iron Crown|spd|1
|move|p2a: 【 Syrup 】|Earth Power|p1a: Iron Crown
|-supereffective|p1a: Iron Crown
|-damage|p1a: Iron Crown|50/100
|-unboost|p1a: Iron Crown|spd|1
|-damage|p2a: 【 Syrup 】|50/100|[from] item: Life Orb
|
|-weather|RainDance|[upkeep]
|upkeep
|turn|16
|inactive|Cupid's Curse has 120 seconds left.
|
|t:|1769320867
|switch|p2a: 【 Tusky 】|Great Tusk|100/100
|-activate|p2a: 【 Tusky 】|move: Sticky Web
|-unboost|p2a: 【 Tusky 】|spe|1
|move|p1a: Iron Crown|Calm Mind|p1a: Iron Crown
|-boost|p1a: Iron Crown|spa|1
|-boost|p1a: Iron Crown|spd|1
|
|-weather|RainDance|[upkeep]
|upkeep
|turn|17
|
|t:|1769320877
|move|p1a: Iron Crown|Stored Power|p2a: 【 Tusky 】
|-supereffective|p2a: 【 Tusky 】
|-damage|p2a: 【 Tusky 】|0 fnt
|faint|p2a: 【 Tusky 】
|-end|p2a: 【 Tusky 】|Protosynthesis|[silent]
|
|-weather|RainDance|[upkeep]
|upkeep
|
|t:|1769320879
|switch|p2a: 【 Luffy 】|Lokix, F, tera:Bug|100/100
|-activate|p2a: 【 Luffy 】|move: Sticky Web
|-unboost|p2a: 【 Luffy 】|spe|1
|turn|18
|inactive|Cupid's Curse has 120 seconds left.
|
|t:|1769320890
|move|p2a: 【 Luffy 】|First Impression|p1a: Iron Crown
|-damage|p1a: Iron Crown|0 fnt
|faint|p1a: Iron Crown
|-end|p1a: Iron Crown|Quark Drive|[silent]
|
|-weather|none
|upkeep
|
|t:|1769320901
|switch|p1a: Ogerpon|Ogerpon-Wellspring, F|100/100
|turn|19
|
|t:|1769320909
|switch|p2a: 【 Syrup 】|Hydrapple, M|83/100
|-activate|p2a: 【 Syrup 】|move: Sticky Web
|-unboost|p2a: 【 Syrup 】|spe|1
|move|p1a: Ogerpon|Swords Dance|p1a: Ogerpon
|-boost|p1a: Ogerpon|atk|2
|
|upkeep
|turn|20
|
|t:|1769320918
|-terastallize|p1a: Ogerpon|Water
|detailschange|p1a: Ogerpon|Ogerpon-Wellspring-Tera, F, tera:Water
|-ability|p1a: Ogerpon|Embody Aspect (Wellspring)|boost
|-boost|p1a: Ogerpon|spd|1
|move|p1a: Ogerpon|Knock Off|p2a: 【 Syrup 】
|-damage|p2a: 【 Syrup 】|24/100
|-enditem|p2a: 【 Syrup 】|Life Orb|[from] move: Knock Off|[of] p1a: Ogerpon
|move|p2a: 【 Syrup 】|Leaf Storm|p1a: Ogerpon
|-supereffective|p1a: Ogerpon
|-damage|p1a: Ogerpon|0 fnt
|-unboost|p2a: 【 Syrup 】|spa|2
|faint|p1a: Ogerpon
|detailschange|p1: Ogerpon|Ogerpon-Wellspring, F|[silent]
|
|upkeep
|inactive|Cupid's Curse has 120 seconds left.
|
|t:|1769320929
|switch|p1a: Great Tusk|Great Tusk|100/100
|turn|21
|
|t:|1769320942
|move|p1a: Great Tusk|Headlong Rush|p2a: 【 Syrup 】
|-resisted|p2a: 【 Syrup 】
|-damage|p2a: 【 Syrup 】|0 fnt
|-unboost|p1a: Great Tusk|def|1
|-unboost|p1a: Great Tusk|spd|1
|faint|p2a: 【 Syrup 】
|
|upkeep
|
|t:|1769320951
|switch|p2a: 【 Luffy 】|Lokix, F, tera:Bug|100/100
|-activate|p2a: 【 Luffy 】|move: Sticky Web
|-unboost|p2a: 【 Luffy 】|spe|1
|turn|22
|
|t:|1769320965
|move|p1a: Great Tusk|Headlong Rush|p2a: 【 Luffy 】
|-resisted|p2a: 【 Luffy 】
|-damage|p2a: 【 Luffy 】|56/100
|-unboost|p1a: Great Tusk|def|1
|-unboost|p1a: Great Tusk|spd|1
|move|p2a: 【 Luffy 】|Leech Life|p1a: Great Tusk
|-resisted|p1a: Great Tusk
|-damage|p1a: Great Tusk|0 fnt
|-heal|p2a: 【 Luffy 】|100/100|[from] drain|[of] p1a: Great Tusk
|faint|p1a: Great Tusk
|-end|p1a: Great Tusk|Protosynthesis|[silent]
|
|upkeep
|-message|Cupid's Curse forfeited.
|
|win|Napple09
|raw|Cupid&apos;s Curse's rating: 1551 &rarr; <strong>1533</strong><br />(-18 for losing)
|raw|Napple09's rating: 1580 &rarr; <strong>1598</strong><br />(+18 for winning)
|l|☆Cupid's Curse
|player|p1|
|l|☆Napple09
|player|p2|
