|j|☆jeteHaws
|j|☆RomanMawile
|t:|1769387769
|gametype|singles
|player|p1|jeteHaws|silver|1319
|player|p2|RomanMawile|will|1285
|gen|9
|tier|[Gen 9] OU
|rated|
|rule|HP Percentage Mod: HP is shown in percentages
|rule|Endless Battle Clause: Forcing endless battles is banned
|rule|Species Clause: Limit one of each Pokémon
|rule|OHKO Clause: OHKO moves are banned
|rule|Evasion Items Clause: Evasion items are banned
|rule|Evasion Moves Clause: Evasion moves are banned
|rule|Evasion Abilities Clause: Evasion abilities are banned
|rule|Sleep Moves Clause: Sleep-inducing moves are banned
|clearpoke
|poke|p1|Pecharunt|
|poke|p1|Mabosstiff, M|
|poke|p1|Volcanion|
|poke|p1|Iron Valiant|
|poke|p1|Landorus-Therian, M|
|poke|p1|Deoxys-Speed|
|poke|p2|Floatzel, F|
|poke|p2|Iron Crown|
|poke|p2|Pelipper, F|
|poke|p2|Weezing-Galar, F|
|poke|p2|Toxicroak, F|
|poke|p2|Sinistcha-Masterpiece|
|teampreview
|inactive|Battle timer is ON: inactive players will automatically lose when time's up. (requested by RomanMawile)
|
|t:|1769387780
|teamsize|p1|6
|teamsize|p2|6
|start
|switch|p1a: Landorus|Landorus-Therian, M|100/100
|switch|p2a: Pelipper|Pelipper, F, shiny|100/100
|-ability|p1a: Landorus|Intimidate|boost
|-unboost|p2a: Pelipper|atk|1
|-weather|RainDance|[from] ability: Drizzle|[of] p2a: Pelipper
|turn|1
|
|t:|1769387796
|switch|p1a: Mabosstiff|Mabosstiff, M, shiny|100/100
|-ability|p1a: Mabosstiff|Intimidate|boost
|-unboost|p2a: Pelipper|atk|1
|move|p2a: Pelipper|Weather Ball|p1a: Mabosstiff
|-damage|p1a: Mabosstiff|41/100
|
|-weather|RainDance|[upkeep]
|upkeep
|turn|2
|
|t:|1769387814
|-terastallize|p1a: Mabosstiff|Bug
|move|p1a: Mabosstiff|Trailblaze|p2a: Pelipper
|-damage|p2a: Pelipper|86/100
|-boost|p1a: Mabosstiff|spe|1
|move|p2a: Pelipper|Weather Ball|p1a: Mabosstiff
|-damage|p1a: Mabosstiff|0 fnt
|faint|p1a: Mabosstiff
|
|-weather|RainDance|[upkeep]
|upkeep
|
|t:|1769387826
|switch|p1a: Pecharunt|Pecharunt|100/100
|turn|3
|
|t:|1769387829
|move|p1a: Pecharunt|Malignant Chain|p2a: Pelipper
|-damage|p2a: Pelipper|32/100
|move|p2a: Pelipper|U-turn|p1a: Pecharunt
|-resisted|p1a: Pecharunt
|-damage|p1a: Pecharunt|99/100
|
|t:|1769387833
|switch|p2a: Floatzel|Floatzel, F, shiny|100/100|[from] U-turn
|
|-weather|RainDance|[upkeep]
|upkeep
|turn|4
|
|t:|1769387847
|switch|p1a: Volcanion|Volcanion|100/100
|move|p2a: Floatzel|Flip Turn|p1a: Volcanion
|-immune|p1a: Volcanion|[from] ability: Water Absorb
|
|-weather|RainDance|[upkeep]
|upkeep
|turn|5
|
|t:|1769387856
|switch|p2a: Sinistcha|Sinistcha-Masterpiece, shiny|100/100
|move|p1a: Volcanion|Will-O-Wisp|p2a: Sinistcha|[miss]
|-miss|p1a: Volcanion|p2a: Sinistcha
|
|-weather|RainDance|[upkeep]
|upkeep
|turn|6
|
|t:|1769387884
|switch|p1a: Pecharunt|Pecharunt|99/100
|move|p2a: Sinistcha|Calm Mind|p2a: Sinistcha
|-boost|p2a: Sinistcha|spa|1
|-boost|p2a: Sinistcha|spd|1
|
|-weather|RainDance|[upkeep]
|upkeep
|turn|7
|
|t:|1769387891
|switch|p1a: Iron Valiant|Iron Valiant|100/100
|-enditem|p1a: Iron Valiant|Booster Energy
|-activate|p1a: Iron Valiant|ability: Quark Drive|[fromitem]
|-start|p1a: Iron Valiant|quarkdrivespe
|move|p2a: Sinistcha|Shadow Ball|p1a: Iron Valiant
|-damage|p1a: Iron Valiant|0 fnt
|faint|p1a: Iron Valiant
|-end|p1a: Iron Valiant|Quark Drive|[silent]
|
|-weather|RainDance|[upkeep]
|upkeep
|
|t:|1769387901
|switch|p1a: Pecharunt|Pecharunt|99/100
|turn|8
|
|t:|1769387903
|move|p1a: Pecharunt|Malignant Chain|p2a: Sinistcha
|-damage|p2a: Sinistcha|69/100
|-status|p2a: Sinistcha|tox
|-start|p2a: Sinistcha|confusion|[from] ability: Poison Puppeteer|[of] p1a: Pecharunt
|-activate|p2a: Sinistcha|confusion
|move|p2a: Sinistcha|Shadow Ball|p1a: Pecharunt
|-supereffective|p1a: Pecharunt
|-damage|p1a: Pecharunt|0 fnt
|faint|p1a: Pecharunt
|
|-weather|none
|-heal|p2a: Sinistcha|75/100 tox|[from] item: Leftovers
|-damage|p2a: Sinistcha|69/100 tox|[from] psn
|upkeep
|
|t:|1769387918
|switch|p1a: Deoxys|Deoxys-Speed|100/100
|-ability|p1a: Deoxys|Pressure
|turn|9
|
|t:|1769387926
|move|p1a: Deoxys|Knock Off|p2a: Sinistcha
|-supereffective|p2a: Sinistcha
|-damage|p2a: Sinistcha|20/100 tox
|-enditem|p2a: Sinistcha|Leftovers|[from] move: Knock Off|[of] p1a: Deoxys
|-activate|p2a: Sinistcha|confusion
|-damage|p2a: Sinistcha|15/100 tox|[from] confusion
|
|-damage|p2a: Sinistcha|3/100 tox|[from] psn
|upkeep
|turn|10
|
|t:|1769387933
|move|p1a: Deoxys|Knock Off|p2a: Sinistcha
|-supereffective|p2a: Sinistcha
|-damage|p2a: Sinistcha|0 fnt
|faint|p2a: Sinistcha
|
|upkeep
|
|t:|1769387938
|switch|p2a: Weezing|Weezing-Galar, F, shiny|100/100
|-ability|p2a: Weezing|Neutralizing Gas
|turn|11
|
|t:|1769387950
|switch|p1a: Landorus|Landorus-Therian, M|100/100
|-end|p2a: Weezing|ability: Neutralizing Gas
|-ability|p1a: Landorus|Intimidate|boost
|-unboost|p2a: Weezing|atk|1
|switch|p2a: Iron Crown|Iron Crown|100/100
|
|upkeep
|turn|12
|
|t:|1769387956
|-end|p2a: Iron Crown|Quark Drive|[silent]
|switch|p2a: Pelipper|Pelipper, F, shiny|32/100
|-weather|RainDance|[from] ability: Drizzle|[of] p2a: Pelipper
|move|p1a: Landorus|Earthquake|p2a: Pelipper
|-immune|p2a: Pelipper
|
|-weather|RainDance|[upkeep]
|upkeep
|turn|13
|
|t:|1769387960
|move|p1a: Landorus|U-turn|p2a: Pelipper
|-resisted|p2a: Pelipper
|-damage|p2a: Pelipper|23/100
|
|t:|1769387964
|switch|p1a: Volcanion|Volcanion|100/100|[from] U-turn
|move|p2a: Pelipper|Roost|p2a: Pelipper
|-heal|p2a: Pelipper|74/100
|-singleturn|p2a: Pelipper|move: Roost
|
|-weather|RainDance|[upkeep]
|upkeep
|turn|14
|
|t:|1769387980
|move|p1a: Volcanion|Steam Eruption|p2a: Pelipper
|-resisted|p2a: Pelipper
|-damage|p2a: Pelipper|22/100
|-status|p2a: Pelipper|brn
|move|p2a: Pelipper|Roost|p2a: Pelipper
|-heal|p2a: Pelipper|73/100 brn
|-singleturn|p2a: Pelipper|move: Roost
|
|-weather|RainDance|[upkeep]
|-damage|p2a: Pelipper|66/100 brn|[from] brn
|upkeep
|turn|15
|
|t:|1769387988
|switch|p1a: Landorus|Landorus-Therian, M|100/100
|-ability|p1a: Landorus|Intimidate|boost
|-unboost|p2a: Pelipper|atk|1
|move|p2a: Pelipper|U-turn|p1a: Landorus
|-resisted|p1a: Landorus
|-damage|p1a: Landorus|99/100
|-damage|p2a: Pelipper|50/100 brn|[from] item: Rocky Helmet|[of] p1a: Landorus
|
|t:|1769387997
|switch|p2a: Floatzel|Floatzel, F, shiny|100/100|[from] U-turn
|
|-weather|RainDance|[upkeep]
|upkeep
|turn|16
|
|t:|1769388004
|switch|p1a: Volcanion|Volcanion|100/100
|move|p2a: Floatzel|Flip Turn|p1a: Volcanion
|-immune|p1a: Volcanion|[from] ability: Water Absorb
|
|-weather|RainDance|[upkeep]
|upkeep
|turn|17
|
|t:|1769388017
|switch|p2a: Toxicroak|Toxicroak, F, shiny|100/100
|move|p1a: Volcanion|Will-O-Wisp|p2a: Toxicroak
|-status|p2a: Toxicroak|brn
|
|-weather|RainDance|[upkeep]
|-damage|p2a: Toxicroak|94/100 brn|[from] brn
|upkeep
|turn|18
|
|t:|1769388030
|switch|p1a: Landorus|Landorus-Therian, M|99/100
|-ability|p1a: Landorus|Intimidate|boost
|-unboost|p2a: Toxicroak|atk|1
|move|p2a: Toxicroak|Toxic|p1a: Landorus
|-status|p1a: Landorus|tox
|
|-weather|RainDance|[upkeep]
|-heal|p2a: Toxicroak|100/100 brn|[from] ability: Dry Skin
|-damage|p1a: Landorus|93/100 tox|[from] psn
|-damage|p2a: Toxicroak|94/100 brn|[from] brn
|upkeep
|turn|19
|
|t:|1769388036
|switch|p2a: Pelipper|Pelipper, F, shiny|50/100 brn
|move|p1a: Landorus|U-turn|p2a: Pelipper
|-resisted|p2a: Pelipper
|-damage|p2a: Pelipper|42/100 brn
|
|t:|1769388041
|switch|p1a: Deoxys|Deoxys-Speed|100/100|[from] U-turn
|-ability|p1a: Deoxys|Pressure
|
|-weather|none
|-damage|p2a: Pelipper|35/100 brn|[from] brn
|upkeep
|turn|20
|
|t:|1769388048
|move|p1a: Deoxys|Knock Off|p2a: Pelipper
|-damage|p2a: Pelipper|15/100 brn
|-enditem|p2a: Pelipper|Damp Rock|[from] move: Knock Off|[of] p1a: Deoxys
|move|p2a: Pelipper|Roost|p2a: Pelipper
|-heal|p2a: Pelipper|65/100 brn
|-singleturn|p2a: Pelipper|move: Roost
|
|-damage|p2a: Pelipper|59/100 brn|[from] brn
|upkeep
|turn|21
|
|t:|1769388054
|switch|p2a: Iron Crown|Iron Crown|100/100
|move|p1a: Deoxys|Psycho Boost|p2a: Iron Crown
|-resisted|p2a: Iron Crown
|-damage|p2a: Iron Crown|86/100
|-unboost|p1a: Deoxys|spa|2
|-enditem|p1a: Deoxys|Eject Pack
|
|t:|1769388060
|switch|p1a: Landorus|Landorus-Therian, M|93/100 tox
|-ability|p1a: Landorus|Intimidate|boost
|-unboost|p2a: Iron Crown|atk|1
|
|-damage|p1a: Landorus|87/100 tox|[from] psn
|upkeep
|turn|22
|
|t:|1769388066
|-end|p2a: Iron Crown|Quark Drive|[silent]
|switch|p2a: Pelipper|Pelipper, F, shiny|59/100 brn
|-weather|RainDance|[from] ability: Drizzle|[of] p2a: Pelipper
|move|p1a: Landorus|U-turn|p2a: Pelipper
|-resisted|p2a: Pelipper
|-damage|p2a: Pelipper|51/100 brn
|
|t:|1769388069
|switch|p1a: Volcanion|Volcanion|100/100|[from] U-turn
|
|-weather|RainDance|[upkeep]
|-damage|p2a: Pelipper|44/100 brn|[from] brn
|upkeep
|turn|23
|
|t:|1769388074
|move|p1a: Volcanion|Steam Eruption|p2a: Pelipper
|-resisted|p2a: Pelipper
|-damage|p2a: Pelipper|0 fnt
|faint|p2a: Pelipper
|
|-weather|RainDance|[upkeep]
|upkeep
|
|t:|1769388078
|switch|p2a: Iron Crown|Iron Crown|86/100
|turn|24
|
|t:|1769388084
|switch|p1a: Landorus|Landorus-Therian, M|87/100 tox
|-ability|p1a: Landorus|Intimidate|boost
|-unboost|p2a: Iron Crown|atk|1
|move|p2a: Iron Crown|Volt Switch|p1a: Landorus
|-immune|p1a: Landorus
|
|-weather|RainDance|[upkeep]
|-damage|p1a: Landorus|81/100 tox|[from] psn
|upkeep
|turn|25
|
|t:|1769388095
|-end|p2a: Iron Crown|Quark Drive|[silent]
|switch|p2a: Floatzel|Floatzel, F, shiny|100/100
|move|p1a: Landorus|Earthquake|p2a: Floatzel
|-damage|p2a: Floatzel|21/100
|
|-weather|RainDance|[upkeep]
|-damage|p1a: Landorus|69/100 tox|[from] psn
|upkeep
|turn|26
|
|t:|1769388103
|switch|p1a: Volcanion|Volcanion|100/100
|move|p2a: Floatzel|Flip Turn|p1a: Volcanion
|-immune|p1a: Volcanion|[from] ability: Water Absorb
|
|-weather|none
|upkeep
|turn|27
|
|t:|1769388117
|switch|p2a: Toxicroak|Toxicroak, F, shiny|94/100 brn
|move|p1a: Volcanion|Flamethrower|p2a: Toxicroak
|-damage|p2a: Toxicroak|24/100 brn
|
|-damage|p2a: Toxicroak|18/100 brn|[from] brn
|upkeep
|turn|28
|-message|RomanMawile forfeited.
|
|win|jeteHaws
|raw|jeteHaws's rating: 1319 &rarr; <strong>1337</strong><br />(+18 for winning)
|raw|RomanMawile's rating: 1285 &rarr; <strong>1262</strong><br />(-23 for losing)
|l|☆RomanMawile
|player|p2|
