|j|☆SuchA_Nerd
|j|☆Hipolyte_
|t:|1769438920
|gametype|singles
|player|p1|SuchA_Nerd|169|1303
|player|p2|Hipolyte_|n|1398
|gen|9
|tier|[Gen 9] OU
|rated|
|rule|HP Percentage Mod: HP is shown in percentages
|rule|Endless Battle Clause: Forcing endless battles is banned
|rule|Species Clause: Limit one of each Pokémon
|rule|OHKO Clause: OHKO moves are banned
|rule|Evasion Items Clause: Evasion items are banned
|rule|Evasion Moves Clause: Evasion moves are banned
|rule|Evasion Abilities Clause: Evasion abilities are banned
|rule|Sleep Moves Clause: Sleep-inducing moves are banned
|clearpoke
|poke|p1|Cryogonal|
|poke|p1|Cobalion|
|poke|p1|Indeedee, M|
|poke|p1|Polteageist|
|poke|p1|Hatterene, F|
|poke|p1|Cinderace, F|
|poke|p2|Kingambit, M|
|poke|p2|Kyurem|
|poke|p2|Garganacl, M|
|poke|p2|Gliscor, M|
|poke|p2|Dragapult, M|
|poke|p2|Corviknight, M|
|teampreview
|inactive|Battle timer is ON: inactive players will automatically lose when time's up. (requested by SuchA_Nerd)
|inactive|Hipolyte_ also wants the timer to be on.
|
|t:|1769438930
|teamsize|p1|6
|teamsize|p2|6
|start
|switch|p1a: Indeedee|Indeedee, M|100/100
|switch|p2a: Kyurem|Kyurem|100/100
|-ability|p2a: Kyurem|Pressure
|-fieldstart|move: Psychic Terrain|[from] ability: Psychic Surge|[of] p1a: Indeedee
|turn|1
|
|t:|1769438945
|switch|p2a: Kingambit|Kingambit, M|100/100
|move|p1a: Indeedee|Expanding Force|p2a: Kingambit
|-immune|p2a: Kingambit
|
|upkeep
|turn|2
|
|t:|1769438953
|switch|p1a: Cobalion|Cobalion|100/100
|move|p2a: Kingambit|Kowtow Cleave|p1a: Cobalion
|-resisted|p1a: Cobalion
|-damage|p1a: Cobalion|84/100
|-ability|p1a: Cobalion|Justified|boost
|-boost|p1a: Cobalion|atk|1
|
|-heal|p1a: Cobalion|90/100|[from] item: Leftovers
|upkeep
|turn|3
|
|t:|1769438969
|-end|p2a: Kingambit|fallenundefined|[silent]
|switch|p2a: Dragapult|Dragapult, M|100/100
|move|p1a: Cobalion|Stealth Rock|p2a: Dragapult
|-sidestart|p2: Hipolyte_|move: Stealth Rock
|
|-heal|p1a: Cobalion|96/100|[from] item: Leftovers
|upkeep
|turn|4
|
|t:|1769438977
|switch|p1a: Hatterene|Hatterene, F|100/100
|move|p2a: Dragapult|Will-O-Wisp|p1a: Hatterene
|move|p1a: Hatterene|Will-O-Wisp|p2a: Dragapult|[from] ability: Magic Bounce
|-status|p2a: Dragapult|brn
|
|-damage|p2a: Dragapult|95/100 brn|[from] brn
|upkeep
|turn|5
|
|t:|1769438990
|move|p2a: Dragapult|U-turn|p1a: Hatterene
|-damage|p1a: Hatterene|90/100
|-enditem|p1a: Hatterene|Eject Button
|
|t:|1769438994
|switch|p1a: Polteageist|Polteageist|100/100
|
|-damage|p2a: Dragapult|89/100 brn|[from] brn
|upkeep
|turn|6
|
|t:|1769439001
|move|p2a: Dragapult|Hex|p1a: Polteageist
|-supereffective|p1a: Polteageist
|-damage|p1a: Polteageist|40/100
|move|p1a: Polteageist|Shell Smash|p1a: Polteageist
|-unboost|p1a: Polteageist|def|1
|-unboost|p1a: Polteageist|spd|1
|-boost|p1a: Polteageist|atk|2
|-boost|p1a: Polteageist|spa|2
|-boost|p1a: Polteageist|spe|2
|
|-damage|p2a: Dragapult|83/100 brn|[from] brn
|upkeep
|turn|7
|
|t:|1769439012
|move|p1a: Polteageist|Shadow Ball|p2a: Dragapult
|-supereffective|p2a: Dragapult
|-damage|p2a: Dragapult|0 fnt
|faint|p2a: Dragapult
|
|upkeep
|
|t:|1769439015
|switch|p2a: Garganacl|Garganacl, M|100/100
|-damage|p2a: Garganacl|88/100|[from] Stealth Rock
|turn|8
|
|t:|1769439024
|-terastallize|p1a: Polteageist|Fighting
|move|p2a: Garganacl|Protect|p2a: Garganacl
|-singleturn|p2a: Garganacl|Protect
|move|p1a: Polteageist|Tera Blast|p2a: Garganacl|[anim] Tera Blast Fighting
|-activate|p2a: Garganacl|move: Protect
|
|-heal|p2a: Garganacl|94/100|[from] item: Leftovers
|-fieldend|move: Psychic Terrain
|upkeep
|turn|9
|
|t:|1769439035
|-terastallize|p2a: Garganacl|Ghost
|move|p1a: Polteageist|Stored Power|p2a: Garganacl
|-damage|p2a: Garganacl|5/100
|move|p2a: Garganacl|Salt Cure|p1a: Polteageist
|-resisted|p1a: Polteageist
|-damage|p1a: Polteageist|22/100
|-start|p1a: Polteageist|Salt Cure
|-ability|p1a: Polteageist|Weak Armor|boost
|-unboost|p1a: Polteageist|def|1
|-boost|p1a: Polteageist|spe|2
|
|-heal|p2a: Garganacl|11/100|[from] item: Leftovers
|-damage|p1a: Polteageist|10/100|[from] Salt Cure
|upkeep
|turn|10
|
|t:|1769439050
|switch|p1a: Indeedee|Indeedee, M|100/100
|-fieldstart|move: Psychic Terrain|[from] ability: Psychic Surge|[of] p1a: Indeedee
|move|p2a: Garganacl|Protect||[still]
|-fail|p2a: Garganacl
|
|-heal|p2a: Garganacl|17/100|[from] item: Leftovers
|upkeep
|turn|11
|
|t:|1769439062
|switch|p2a: Kingambit|Kingambit, M|100/100
|-damage|p2a: Kingambit|94/100|[from] Stealth Rock
|-activate|p2a: Kingambit|ability: Supreme Overlord
|-start|p2a: Kingambit|fallen1|[silent]
|move|p1a: Indeedee|Shadow Ball|p2a: Kingambit
|-resisted|p2a: Kingambit
|-damage|p2a: Kingambit|80/100
|
|-heal|p2a: Kingambit|86/100|[from] item: Leftovers
|upkeep
|turn|12
|
|t:|1769439078
|switch|p1a: Cobalion|Cobalion|96/100
|-end|p2a: Kingambit|fallen1|[silent]
|switch|p2a: Gliscor|Gliscor, M|100/100
|-damage|p2a: Gliscor|88/100|[from] Stealth Rock
|
|-heal|p1a: Cobalion|100/100|[from] item: Leftovers
|-status|p2a: Gliscor|tox|[from] item: Toxic Orb
|upkeep
|turn|13
|
|t:|1769439089
|switch|p1a: Hatterene|Hatterene, F|90/100
|move|p2a: Gliscor|Earthquake|p1a: Hatterene
|-damage|p1a: Hatterene|54/100
|
|-heal|p2a: Gliscor|100/100 tox|[from] ability: Poison Heal
|upkeep
|turn|14
|
|t:|1769439100
|move|p2a: Gliscor|Earthquake|p1a: Hatterene
|-damage|p1a: Hatterene|18/100
|move|p1a: Hatterene|Psychic Noise|p2a: Gliscor
|-damage|p2a: Gliscor|32/100 tox
|-start|p2a: Gliscor|move: Heal Block
|
|upkeep
|turn|15
|
|t:|1769439110
|move|p2a: Gliscor|Earthquake|p1a: Hatterene
|-damage|p1a: Hatterene|0 fnt
|faint|p1a: Hatterene
|
|-end|p2a: Gliscor|move: Heal Block
|upkeep
|
|t:|1769439129
|switch|p1a: Cinderace|Cinderace, F|100/100
|turn|16
|
|t:|1769439136
|move|p1a: Cinderace|Pyro Ball|p2a: Gliscor
|-damage|p2a: Gliscor|0 fnt
|faint|p2a: Gliscor
|
|upkeep
|
|t:|1769439139
|switch|p2a: Garganacl|Garganacl, M, tera:Ghost|17/100
|-damage|p2a: Garganacl|5/100|[from] Stealth Rock
|turn|17
|
|t:|1769439146
|move|p2a: Garganacl|Protect|p2a: Garganacl
|-singleturn|p2a: Garganacl|Protect
|move|p1a: Cinderace|Pyro Ball|p2a: Garganacl
|-activate|p2a: Garganacl|move: Protect
|
|-heal|p2a: Garganacl|11/100|[from] item: Leftovers
|-fieldend|move: Psychic Terrain
|upkeep
|turn|18
|
|t:|1769439155
|move|p1a: Cinderace|Pyro Ball|p2a: Garganacl
|-crit|p2a: Garganacl
|-damage|p2a: Garganacl|0 fnt
|faint|p2a: Garganacl
|
|upkeep
|
|t:|1769439158
|switch|p2a: Kyurem|Kyurem|100/100
|-damage|p2a: Kyurem|75/100|[from] Stealth Rock
|-ability|p2a: Kyurem|Pressure
|turn|19
|
|t:|1769439168
|move|p2a: Kyurem|Earth Power|p1a: Cinderace
|-supereffective|p1a: Cinderace
|-damage|p1a: Cinderace|0 fnt
|faint|p1a: Cinderace
|
|upkeep
|
|t:|1769439177
|switch|p1a: Cryogonal|Cryogonal|100/100
|turn|20
|
|t:|1769439195
|switch|p2a: Corviknight|Corviknight, M|100/100
|-damage|p2a: Corviknight|88/100|[from] Stealth Rock
|-ability|p2a: Corviknight|Pressure
|move|p1a: Cryogonal|Ice Beam|p2a: Corviknight
|-damage|p2a: Corviknight|50/100
|-status|p2a: Corviknight|frz
|
|upkeep
|turn|21
|
|t:|1769439209
|move|p1a: Cryogonal|Ice Beam|p2a: Corviknight
|-damage|p2a: Corviknight|10/100 frz
|cant|p2a: Corviknight|frz
|
|upkeep
|turn|22
|
|t:|1769439215
|move|p1a: Cryogonal|Ice Beam|p2a: Corviknight
|-damage|p2a: Corviknight|0 fnt
|faint|p2a: Corviknight
|
|upkeep
|
|t:|1769439218
|switch|p2a: Kingambit|Kingambit, M|86/100
|-damage|p2a: Kingambit|80/100|[from] Stealth Rock
|-activate|p2a: Kingambit|ability: Supreme Overlord
|-start|p2a: Kingambit|fallen4|[silent]
|turn|23
|
|t:|1769439226
|switch|p1a: Cobalion|Cobalion|100/100
|move|p2a: Kingambit|Iron Head|p1a: Cobalion
|-resisted|p1a: Cobalion
|-damage|p1a: Cobalion|77/100
|
|-heal|p1a: Cobalion|83/100|[from] item: Leftovers
|-heal|p2a: Kingambit|86/100|[from] item: Leftovers
|upkeep
|turn|24
|
|t:|1769439236
|move|p1a: Cobalion|Body Press|p2a: Kingambit
|-supereffective|p2a: Kingambit
|-damage|p2a: Kingambit|0 fnt
|faint|p2a: Kingambit
|-end|p2a: Kingambit|fallen4|[silent]
|
|-heal|p1a: Cobalion|90/100|[from] item: Leftovers
|upkeep
|
|t:|1769439239
|switch|p2a: Kyurem|Kyurem|75/100
|-damage|p2a: Kyurem|50/100|[from] Stealth Rock
|-ability|p2a: Kyurem|Pressure
|turn|25
|
|t:|1769439253
|switch|p1a: Polteageist|Polteageist, tera:Fighting|10/100
|move|p2a: Kyurem|Ice Beam|p1a: Polteageist
|-damage|p1a: Polteageist|0 fnt
|faint|p1a: Polteageist
|
|upkeep
|
|t:|1769439262
|switch|p1a: Cobalion|Cobalion|90/100
|turn|26
|
|t:|1769439277
|move|p2a: Kyurem|Ice Beam|p1a: Cobalion
|-resisted|p1a: Cobalion
|-damage|p1a: Cobalion|60/100
|move|p1a: Cobalion|Body Press|p2a: Kyurem
|-supereffective|p2a: Kyurem
|-damage|p2a: Kyurem|0 fnt
|faint|p2a: Kyurem
|
|win|SuchA_Nerd
|raw|SuchA_Nerd's rating: 1303 &rarr; <strong>1328</strong><br />(+25 for winning)
|raw|Hipolyte_'s rating: 1398 &rarr; <strong>1373</strong><br />(-25 for losing)
|l|☆Hipolyte_
|player|p2|
|l|☆SuchA_Nerd
|player|p1|
