|j|☆volcoabuser
|j|☆sunwinged
|t:|1769403853
|gametype|singles
|player|p1|volcoabuser|102|1206
|player|p2|sunwinged|shadowtriad|1226
|gen|9
|tier|[Gen 9] OU
|rated|
|rule|HP Percentage Mod: HP is shown in percentages
|rule|Endless Battle Clause: Forcing endless battles is banned
|rule|Species Clause: Limit one of each Pokémon
|rule|OHKO Clause: OHKO moves are banned
|rule|Evasion Items Clause: Evasion items are banned
|rule|Evasion Moves Clause: Evasion moves are banned
|rule|Evasion Abilities Clause: Evasion abilities are banned
|rule|Sleep Moves Clause: Sleep-inducing moves are banned
|clearpoke
|poke|p1|Kommo-o, M|
|poke|p1|Lokix, M|
|poke|p1|Latios, M|
|poke|p1|Ceruledge, F|
|poke|p1|Lycanroc-Dusk, F|
|poke|p1|Primarina, F|
|poke|p2|Jolteon, F|
|poke|p2|Slowking-Galar, M|
|poke|p2|Great Tusk|
|poke|p2|Moltres|
|poke|p2|Kingambit, M|
|poke|p2|Hydrapple, F|
|teampreview
|
|t:|1769403869
|teamsize|p1|6
|teamsize|p2|6
|start
|switch|p1a: Latios|Latios, M|100/100
|switch|p2a: Jolteon|Jolteon, F|100/100
|turn|1
|
|t:|1769403881
|move|p2a: Jolteon|Alluring Voice|p1a: Latios
|-supereffective|p1a: Latios
|-damage|p1a: Latios|48/100
|move|p1a: Latios|Luster Purge|p2a: Jolteon
|-damage|p2a: Jolteon|0 fnt
|faint|p2a: Jolteon
|
|upkeep
|
|t:|1769403887
|switch|p2a: Kingambit|Kingambit, M|100/100
|-activate|p2a: Kingambit|ability: Supreme Overlord
|-start|p2a: Kingambit|fallen1|[silent]
|turn|2
|
|t:|1769403895
|switch|p1a: Primarina|Primarina, F|100/100
|move|p2a: Kingambit|Iron Head|p1a: Primarina
|-damage|p1a: Primarina|41/100
|
|-heal|p1a: Primarina|48/100|[from] item: Leftovers
|upkeep
|turn|3
|
|t:|1769403905
|move|p2a: Kingambit|Iron Head|p1a: Primarina
|-crit|p1a: Primarina
|-damage|p1a: Primarina|0 fnt
|faint|p1a: Primarina
|
|upkeep
|
|t:|1769403912
|switch|p1a: Latios|Latios, M|48/100
|turn|4
|
|t:|1769403915
|move|p2a: Kingambit|Sucker Punch|p1a: Latios
|-supereffective|p1a: Latios
|-damage|p1a: Latios|0 fnt
|faint|p1a: Latios
|
|upkeep
|
|t:|1769403921
|switch|p1a: Lokix|Lokix, M|100/100
|turn|5
|
|t:|1769403929
|-end|p2a: Kingambit|fallen1|[silent]
|switch|p2a: Moltres|Moltres|100/100
|move|p1a: Lokix|First Impression|p2a: Moltres
|-resisted|p2a: Moltres
|-damage|p2a: Moltres|79/100
|-damage|p1a: Lokix|91/100|[from] item: Life Orb
|
|upkeep
|turn|6
|
|t:|1769403940
|move|p1a: Lokix|U-turn|p2a: Moltres
|-resisted|p2a: Moltres
|-damage|p2a: Moltres|62/100
|-damage|p1a: Lokix|81/100|[from] item: Life Orb
|
|t:|1769403945
|switch|p1a: Ceruledge|Ceruledge, F|100/100|[from] U-turn
|move|p2a: Moltres|Scorching Sands|p1a: Ceruledge
|-supereffective|p1a: Ceruledge
|-damage|p1a: Ceruledge|70/100
|
|upkeep
|turn|7
|
|t:|1769403955
|move|p1a: Ceruledge|Poltergeist|p2a: Moltres
|-activate|p2a: Moltres|move: Poltergeist|Heavy-Duty Boots
|-damage|p2a: Moltres|14/100
|move|p2a: Moltres|Roost|p2a: Moltres
|-heal|p2a: Moltres|64/100
|-singleturn|p2a: Moltres|move: Roost
|
|upkeep
|turn|8
|
|t:|1769403977
|move|p1a: Ceruledge|Poltergeist|p2a: Moltres
|-activate|p2a: Moltres|move: Poltergeist|Heavy-Duty Boots
|-damage|p2a: Moltres|16/100
|move|p2a: Moltres|Scorching Sands|p1a: Ceruledge
|-supereffective|p1a: Ceruledge
|-damage|p1a: Ceruledge|41/100
|
|upkeep
|turn|9
|
|t:|1769403985
|switch|p2a: Kingambit|Kingambit, M|100/100
|-activate|p2a: Kingambit|ability: Supreme Overlord
|-start|p2a: Kingambit|fallen1|[silent]
|move|p1a: Ceruledge|Poltergeist|p2a: Kingambit
|-activate|p2a: Kingambit|move: Poltergeist|Leftovers
|-resisted|p2a: Kingambit
|-damage|p2a: Kingambit|72/100
|
|-heal|p2a: Kingambit|79/100|[from] item: Leftovers
|upkeep
|turn|10
|
|t:|1769403998
|switch|p1a: Kommo-o|Kommo-o, M|100/100
|-terastallize|p2a: Kingambit|Ghost
|move|p2a: Kingambit|Kowtow Cleave|p1a: Kommo-o
|-resisted|p1a: Kommo-o
|-damage|p1a: Kommo-o|84/100
|
|-heal|p1a: Kommo-o|90/100|[from] item: Leftovers
|-heal|p2a: Kingambit|85/100|[from] item: Leftovers
|upkeep
|turn|11
|
|t:|1769404008
|move|p1a: Kommo-o|Iron Defense|p1a: Kommo-o
|-boost|p1a: Kommo-o|def|2
|move|p2a: Kingambit|Iron Head|p1a: Kommo-o
|-damage|p1a: Kommo-o|72/100
|
|-heal|p1a: Kommo-o|78/100|[from] item: Leftovers
|-heal|p2a: Kingambit|91/100|[from] item: Leftovers
|upkeep
|turn|12
|
|t:|1769404019
|-end|p2a: Kingambit|fallen1|[silent]
|switch|p2a: Moltres|Moltres|16/100
|move|p1a: Kommo-o|Iron Defense|p1a: Kommo-o
|-boost|p1a: Kommo-o|def|2
|
|-heal|p1a: Kommo-o|85/100|[from] item: Leftovers
|upkeep
|turn|13
|
|t:|1769404025
|move|p2a: Moltres|Roost|p2a: Moltres
|-heal|p2a: Moltres|66/100
|-singleturn|p2a: Moltres|move: Roost
|move|p1a: Kommo-o|Body Press|p2a: Moltres
|-damage|p2a: Moltres|0 fnt
|faint|p2a: Moltres
|
|-heal|p1a: Kommo-o|91/100|[from] item: Leftovers
|upkeep
|
|t:|1769404032
|switch|p2a: Slowking|Slowking-Galar, M|100/100
|turn|14
|
|t:|1769404041
|-terastallize|p1a: Kommo-o|Steel
|move|p1a: Kommo-o|Substitute|p1a: Kommo-o
|-start|p1a: Kommo-o|Substitute
|-damage|p1a: Kommo-o|66/100
|move|p2a: Slowking|Sludge Bomb|p1a: Kommo-o
|-immune|p1a: Kommo-o
|
|-heal|p1a: Kommo-o|72/100|[from] item: Leftovers
|upkeep
|turn|15
|
|t:|1769404049
|move|p1a: Kommo-o|Iron Defense|p1a: Kommo-o
|-boost|p1a: Kommo-o|def|2
|move|p2a: Slowking|Flamethrower|p1a: Kommo-o
|-supereffective|p1a: Kommo-o
|-end|p1a: Kommo-o|Substitute
|
|-heal|p1a: Kommo-o|78/100|[from] item: Leftovers
|upkeep
|turn|16
|
|t:|1769404057
|move|p2a: Slowking|Flamethrower|p1a: Kommo-o
|-supereffective|p1a: Kommo-o
|-damage|p1a: Kommo-o|29/100
|move|p1a: Kommo-o|Dragon Tail|p2a: Slowking
|-damage|p2a: Slowking|77/100
|drag|p2a: Kingambit|Kingambit, M, tera:Ghost|91/100
|-activate|p2a: Kingambit|ability: Supreme Overlord
|-start|p2a: Kingambit|fallen2|[silent]
|
|-heal|p1a: Kommo-o|35/100|[from] item: Leftovers
|-heal|p2a: Kingambit|97/100|[from] item: Leftovers
|upkeep
|turn|17
|
|t:|1769404073
|move|p2a: Kingambit|Iron Head|p1a: Kommo-o
|-resisted|p1a: Kommo-o
|-damage|p1a: Kommo-o|31/100
|move|p1a: Kommo-o|Dragon Tail|p2a: Kingambit
|-damage|p2a: Kingambit|76/100
|-end|p2a: Kingambit|fallen2|[silent]
|drag|p2a: Slowking|Slowking-Galar, M|100/100
|
|-heal|p1a: Kommo-o|37/100|[from] item: Leftovers
|upkeep
|turn|18
|
|t:|1769404084
|move|p1a: Kommo-o|Body Press|p2a: Slowking
|-resisted|p2a: Slowking
|-damage|p2a: Slowking|61/100
|move|p2a: Slowking|Flamethrower|p1a: Kommo-o
|-supereffective|p1a: Kommo-o
|-damage|p1a: Kommo-o|0 fnt
|faint|p1a: Kommo-o
|
|upkeep
|
|t:|1769404093
|switch|p1a: Lokix|Lokix, M|81/100
|turn|19
|
|t:|1769404097
|switch|p2a: Great Tusk|Great Tusk|100/100
|move|p1a: Lokix|First Impression|p2a: Great Tusk
|-resisted|p2a: Great Tusk
|-crit|p2a: Great Tusk
|-damage|p2a: Great Tusk|65/100
|-damage|p1a: Lokix|64/100|[from] item: Rocky Helmet|[of] p2a: Great Tusk
|-damage|p1a: Lokix|54/100|[from] item: Life Orb
|
|upkeep
|turn|20
|j| Itz J
|
|t:|1769404109
|move|p1a: Lokix|Protect|p1a: Lokix
|-singleturn|p1a: Lokix|Protect
|move|p2a: Great Tusk|Stealth Rock|p1a: Lokix
|-sidestart|p1: volcoabuser|move: Stealth Rock
|
|upkeep
|turn|21
|
|t:|1769404119
|move|p1a: Lokix|U-turn|p2a: Great Tusk
|-resisted|p2a: Great Tusk
|-damage|p2a: Great Tusk|45/100
|-damage|p1a: Lokix|38/100|[from] item: Rocky Helmet|[of] p2a: Great Tusk
|-damage|p1a: Lokix|28/100|[from] item: Life Orb
|
|t:|1769404125
|switch|p1a: Ceruledge|Ceruledge, F|41/100|[from] U-turn
|-damage|p1a: Ceruledge|17/100|[from] Stealth Rock
|move|p2a: Great Tusk|Rapid Spin|p1a: Ceruledge
|-immune|p1a: Ceruledge
|
|upkeep
|turn|22
|
|t:|1769404138
|move|p1a: Ceruledge|Bitter Blade|p2a: Great Tusk
|-damage|p2a: Great Tusk|21/100
|-heal|p1a: Ceruledge|35/100|[from] drain|[of] p2a: Great Tusk
|-damage|p1a: Ceruledge|18/100|[from] item: Rocky Helmet|[of] p2a: Great Tusk
|move|p2a: Great Tusk|Ice Spinner|p1a: Ceruledge
|-resisted|p1a: Ceruledge
|-damage|p1a: Ceruledge|6/100
|
|upkeep
|turn|23
|
|t:|1769404154
|move|p1a: Ceruledge|Bitter Blade|p2a: Great Tusk
|-damage|p2a: Great Tusk|0 fnt
|-heal|p1a: Ceruledge|21/100|[from] drain|[of] p2a: Great Tusk
|-damage|p1a: Ceruledge|5/100|[from] item: Rocky Helmet|[of] p2a: Great Tusk
|faint|p2a: Great Tusk
|-end|p2a: Great Tusk|Protosynthesis|[silent]
|
|upkeep
|
|t:|1769404156
|switch|p2a: Kingambit|Kingambit, M, tera:Ghost|76/100
|-activate|p2a: Kingambit|ability: Supreme Overlord
|-start|p2a: Kingambit|fallen3|[silent]
|turn|24
|
|t:|1769404163
|move|p1a: Ceruledge|Shadow Sneak|p2a: Kingambit
|-supereffective|p2a: Kingambit
|-crit|p2a: Kingambit
|-damage|p2a: Kingambit|14/100
|move|p2a: Kingambit|Sucker Punch||[still]
|-fail|p2a: Kingambit
|
|-heal|p2a: Kingambit|20/100|[from] item: Leftovers
|upkeep
|turn|25
|
|t:|1769404176
|move|p1a: Ceruledge|Shadow Sneak|p2a: Kingambit
|-supereffective|p2a: Kingambit
|-damage|p2a: Kingambit|0 fnt
|faint|p2a: Kingambit
|-end|p2a: Kingambit|fallen3|[silent]
|
|upkeep
|
|t:|1769404177
|switch|p2a: Hydrapple|Hydrapple, F|100/100
|turn|26
|
|t:|1769404184
|move|p1a: Ceruledge|Bitter Blade|p2a: Hydrapple
|-damage|p2a: Hydrapple|71/100
|-heal|p1a: Ceruledge|26/100|[from] drain|[of] p2a: Hydrapple
|move|p2a: Hydrapple|Giga Drain|p1a: Ceruledge
|-resisted|p1a: Ceruledge
|-damage|p1a: Ceruledge|15/100
|-heal|p2a: Hydrapple|75/100|[from] drain|[of] p1a: Ceruledge
|
|upkeep
|turn|27
|
|t:|1769404194
|move|p1a: Ceruledge|Bitter Blade|p2a: Hydrapple
|-damage|p2a: Hydrapple|48/100
|-heal|p1a: Ceruledge|34/100|[from] drain|[of] p2a: Hydrapple
|move|p2a: Hydrapple|Earth Power|p1a: Ceruledge
|-supereffective|p1a: Ceruledge
|-damage|p1a: Ceruledge|0 fnt
|faint|p1a: Ceruledge
|
|upkeep
|
|t:|1769404203
|switch|p1a: Lokix|Lokix, M|28/100
|-damage|p1a: Lokix|3/100|[from] Stealth Rock
|turn|28
|
|t:|1769404209
|switch|p2a: Slowking|Slowking-Galar, M|94/100
|move|p1a: Lokix|First Impression|p2a: Slowking
|-damage|p2a: Slowking|42/100
|-damage|p1a: Lokix|0 fnt|[from] item: Life Orb
|faint|p1a: Lokix
|
|upkeep
|
|t:|1769404216
|switch|p1a: Lycanroc|Lycanroc-Dusk, F|100/100
|-damage|p1a: Lycanroc|88/100|[from] Stealth Rock
|turn|29
|
|t:|1769404220
|move|p1a: Lycanroc|Drill Run|p2a: Slowking
|-supereffective|p2a: Slowking
|-crit|p2a: Slowking
|-damage|p2a: Slowking|0 fnt
|faint|p2a: Slowking
|
|upkeep
|
|t:|1769404222
|switch|p2a: Hydrapple|Hydrapple, F|81/100
|turn|30
|inactive|Battle timer is ON: inactive players will automatically lose when time's up. (requested by sunwinged)
|
|t:|1769404231
|move|p1a: Lycanroc|Close Combat|p2a: Hydrapple
|-damage|p2a: Hydrapple|54/100
|-unboost|p1a: Lycanroc|def|1
|-unboost|p1a: Lycanroc|spd|1
|move|p2a: Hydrapple|Giga Drain|p1a: Lycanroc
|-supereffective|p1a: Lycanroc
|-damage|p1a: Lycanroc|0 fnt
|-heal|p2a: Hydrapple|85/100|[from] drain|[of] p1a: Lycanroc
|faint|p1a: Lycanroc
|
|win|sunwinged
|raw|volcoabuser's rating: 1206 &rarr; <strong>1182</strong><br />(-24 for losing)
|raw|sunwinged's rating: 1226 &rarr; <strong>1250</strong><br />(+24 for winning)
|l|☆sunwinged
|player|p2|
|c|☆volcoabuser|ff
|c|☆volcoabuser|oops gg
|l|☆volcoabuser
|player|p1|
|l| Itz J
