|j|☆RoyalNeptune
|j|☆BobOfTheBuild
|t:|1769400863
|gametype|singles
|player|p1|RoyalNeptune|102|
|player|p2|BobOfTheBuild|scientist-gen4|
|gen|9
|tier|[Gen 9] OU
|rule|HP Percentage Mod: HP is shown in percentages
|rule|Endless Battle Clause: Forcing endless battles is banned
|rule|Species Clause: Limit one of each Pokémon
|rule|OHKO Clause: OHKO moves are banned
|rule|Evasion Items Clause: Evasion items are banned
|rule|Evasion Moves Clause: Evasion moves are banned
|rule|Evasion Abilities Clause: Evasion abilities are banned
|rule|Sleep Moves Clause: Sleep-inducing moves are banned
|clearpoke
|poke|p1|Samurott-Hisui, F|
|poke|p1|Suicune|
|poke|p1|Excadrill, F|
|poke|p1|Kyurem|
|poke|p1|Enamorus, F|
|poke|p1|Kingambit, F|
|poke|p2|Uxie|
|poke|p2|Sandslash, F|
|poke|p2|Typhlosion-Hisui, M|
|poke|p2|Medicham, F|
|poke|p2|Swalot, M|
|poke|p2|Mimikyu, F|
|teampreview
|j| Raichudvd13
|inactive|Battle timer is ON: inactive players will automatically lose when time's up. (requested by RoyalNeptune)
|j| TacoDile 3 Returns
|
|t:|1769400897
|teamsize|p1|6
|teamsize|p2|6
|start
|switch|p1a: MSI KATANA 15 HX|Enamorus, F|100/100
|switch|p2a: Gub Gub|Medicham, F|100/100
|turn|1
|inactiveoff|Battle timer is now OFF.
|j| SwiftSwine
|
|t:|1769400912
|move|p1a: MSI KATANA 15 HX|Moonblast|p2a: Gub Gub
|-supereffective|p2a: Gub Gub
|-damage|p2a: Gub Gub|0 fnt
|faint|p2a: Gub Gub
|
|upkeep
|
|t:|1769400924
|switch|p2a: Oopy Goopy|Swalot, M|100/100
|turn|2
|
|t:|1769400931
|move|p1a: MSI KATANA 15 HX|Moonblast|p2a: Oopy Goopy
|-resisted|p2a: Oopy Goopy
|-damage|p2a: Oopy Goopy|72/100
|-unboost|p2a: Oopy Goopy|spa|1
|move|p2a: Oopy Goopy|Sludge Bomb|p1a: MSI KATANA 15 HX
|-supereffective|p1a: MSI KATANA 15 HX
|-damage|p1a: MSI KATANA 15 HX|57/100
|
|-heal|p2a: Oopy Goopy|78/100|[from] item: Black Sludge
|upkeep
|turn|3
|c| SwiftSwine|pookie please turn this around I bet the house
|
|t:|1769400948
|move|p1a: MSI KATANA 15 HX|Moonblast|p2a: Oopy Goopy
|-resisted|p2a: Oopy Goopy
|-damage|p2a: Oopy Goopy|51/100
|move|p2a: Oopy Goopy|Sludge Bomb|p1a: MSI KATANA 15 HX
|-supereffective|p1a: MSI KATANA 15 HX
|-damage|p1a: MSI KATANA 15 HX|15/100
|-status|p1a: MSI KATANA 15 HX|psn
|
|-heal|p2a: Oopy Goopy|57/100|[from] item: Black Sludge
|-damage|p1a: MSI KATANA 15 HX|2/100 psn|[from] psn
|upkeep
|turn|4
|
|t:|1769400959
|move|p2a: Oopy Goopy|Protect|p2a: Oopy Goopy
|-singleturn|p2a: Oopy Goopy|Protect
|move|p1a: MSI KATANA 15 HX|Moonblast|p2a: Oopy Goopy
|-activate|p2a: Oopy Goopy|move: Protect
|
|-heal|p2a: Oopy Goopy|64/100|[from] item: Black Sludge
|-damage|p1a: MSI KATANA 15 HX|0 fnt|[from] psn
|faint|p1a: MSI KATANA 15 HX
|upkeep
|
|t:|1769400970
|switch|p1a: ACER NITRO V 16S|Suicune, shiny|100/100
|-ability|p1a: ACER NITRO V 16S|Pressure
|turn|5
|
|t:|1769400981
|move|p1a: ACER NITRO V 16S|Calm Mind|p1a: ACER NITRO V 16S
|-boost|p1a: ACER NITRO V 16S|spa|1
|-boost|p1a: ACER NITRO V 16S|spd|1
|move|p2a: Oopy Goopy|Pain Split|p1a: ACER NITRO V 16S
|-sethp|p1a: ACER NITRO V 16S|82/100|[from] move: Pain Split|[silent]
|-sethp|p2a: Oopy Goopy|82/100|[from] move: Pain Split
|
|-heal|p1a: ACER NITRO V 16S|88/100|[from] item: Leftovers
|-heal|p2a: Oopy Goopy|88/100|[from] item: Black Sludge
|upkeep
|turn|6
|c| SwiftSwine|Oopy goopy please survive this
|
|t:|1769401010
|move|p1a: ACER NITRO V 16S|Scald|p2a: Oopy Goopy
|-damage|p2a: Oopy Goopy|50/100
|move|p2a: Oopy Goopy|Sludge Bomb|p1a: ACER NITRO V 16S
|-damage|p1a: ACER NITRO V 16S|81/100
|
|-heal|p1a: ACER NITRO V 16S|87/100|[from] item: Leftovers
|-heal|p2a: Oopy Goopy|56/100|[from] item: Black Sludge
|upkeep
|turn|7
|
|t:|1769401067
|switch|p2a: Lil Jim Bob|Mimikyu, F|100/100
|move|p1a: ACER NITRO V 16S|Calm Mind|p1a: ACER NITRO V 16S
|-boost|p1a: ACER NITRO V 16S|spa|1
|-boost|p1a: ACER NITRO V 16S|spd|1
|
|-heal|p1a: ACER NITRO V 16S|93/100|[from] item: Leftovers
|upkeep
|turn|8
|inactive|Battle timer is ON: inactive players will automatically lose when time's up. (requested by RoyalNeptune)
|inactive|BobOfTheBuild has 270 seconds left.
|
|t:|1769401109
|move|p2a: Lil Jim Bob|Shadow Claw|p1a: ACER NITRO V 16S
|-damage|p1a: ACER NITRO V 16S|64/100
|-damage|p2a: Lil Jim Bob|91/100|[from] item: Life Orb
|move|p1a: ACER NITRO V 16S|Scald|p2a: Lil Jim Bob
|-activate|p2a: Lil Jim Bob|ability: Disguise
|-damage|p2a: Lil Jim Bob|91/100
|-status|p2a: Lil Jim Bob|brn
|detailschange|p2a: Lil Jim Bob|Mimikyu-Busted, F
|-damage|p2a: Lil Jim Bob|78/100 brn|[from] pokemon: Mimikyu-Busted
|
|-heal|p1a: ACER NITRO V 16S|70/100|[from] item: Leftovers
|-damage|p2a: Lil Jim Bob|72/100 brn|[from] brn
|upkeep
|turn|9
|
|t:|1769401133
|move|p2a: Lil Jim Bob|Swords Dance|p2a: Lil Jim Bob
|-boost|p2a: Lil Jim Bob|atk|2
|move|p1a: ACER NITRO V 16S|Scald|p2a: Lil Jim Bob
|-damage|p2a: Lil Jim Bob|12/100 brn
|
|-heal|p1a: ACER NITRO V 16S|76/100|[from] item: Leftovers
|-damage|p2a: Lil Jim Bob|6/100 brn|[from] brn
|upkeep
|turn|10
|inactive|BobOfTheBuild has 240 seconds left.
|
|t:|1769401156
|switch|p1a: LEGIONPRO7IUTRA7|Excadrill, F, shiny|100/100
|move|p2a: Lil Jim Bob|Shadow Claw|p1a: LEGIONPRO7IUTRA7
|-damage|p1a: LEGIONPRO7IUTRA7|50/100
|-damage|p2a: Lil Jim Bob|0 fnt|[from] item: Life Orb
|faint|p2a: Lil Jim Bob
|
|-heal|p1a: LEGIONPRO7IUTRA7|56/100|[from] item: Leftovers
|upkeep
|inactive|BobOfTheBuild has 240 seconds left.
|
|t:|1769401168
|switch|p2a: Larry|Sandslash, F|100/100
|turn|11
|inactive|BobOfTheBuild has 240 seconds left.
|
|t:|1769401184
|move|p1a: LEGIONPRO7IUTRA7|Earthquake|p2a: Larry
|-damage|p2a: Larry|64/100
|move|p2a: Larry|Earthquake|p1a: LEGIONPRO7IUTRA7
|-supereffective|p1a: LEGIONPRO7IUTRA7
|-damage|p1a: LEGIONPRO7IUTRA7|0 fnt
|faint|p1a: LEGIONPRO7IUTRA7
|
|-heal|p2a: Larry|70/100|[from] item: Leftovers
|upkeep
|
|t:|1769401193
|switch|p1a: ACER NITRO V 16S|Suicune, shiny|76/100
|-ability|p1a: ACER NITRO V 16S|Pressure
|turn|12
|inactive|BobOfTheBuild has 240 seconds left.
|
|t:|1769401215
|switch|p2a: Coughing Baby|Uxie|100/100
|move|p1a: ACER NITRO V 16S|Scald|p2a: Coughing Baby
|-damage|p2a: Coughing Baby|82/100
|
|-heal|p1a: ACER NITRO V 16S|83/100|[from] item: Leftovers
|upkeep
|turn|13
|
|t:|1769401230
|move|p1a: ACER NITRO V 16S|Calm Mind|p1a: ACER NITRO V 16S
|-boost|p1a: ACER NITRO V 16S|spa|1
|-boost|p1a: ACER NITRO V 16S|spd|1
|move|p2a: Coughing Baby|Stealth Rock|p1a: ACER NITRO V 16S
|-sidestart|p1: RoyalNeptune|move: Stealth Rock
|
|-heal|p1a: ACER NITRO V 16S|89/100|[from] item: Leftovers
|upkeep
|turn|14
|
|t:|1769401239
|move|p1a: ACER NITRO V 16S|Calm Mind|p1a: ACER NITRO V 16S
|-boost|p1a: ACER NITRO V 16S|spa|1
|-boost|p1a: ACER NITRO V 16S|spd|1
|move|p2a: Coughing Baby|Light Screen|p2a: Coughing Baby
|-sidestart|p2: BobOfTheBuild|move: Light Screen
|
|-heal|p1a: ACER NITRO V 16S|95/100|[from] item: Leftovers
|upkeep
|turn|15
|
|t:|1769401245
|move|p1a: ACER NITRO V 16S|Calm Mind|p1a: ACER NITRO V 16S
|-boost|p1a: ACER NITRO V 16S|spa|1
|-boost|p1a: ACER NITRO V 16S|spd|1
|move|p2a: Coughing Baby|U-turn|p1a: ACER NITRO V 16S
|-damage|p1a: ACER NITRO V 16S|86/100
|inactive|BobOfTheBuild has 210 seconds left.
|
|t:|1769401283
|switch|p2a: Oopy Goopy|Swalot, M|56/100|[from] U-turn
|
|-heal|p1a: ACER NITRO V 16S|92/100|[from] item: Leftovers
|-heal|p2a: Oopy Goopy|62/100|[from] item: Black Sludge
|upkeep
|turn|16
|inactive|BobOfTheBuild has 210 seconds left.
|
|t:|1769401295
|move|p1a: ACER NITRO V 16S|Calm Mind|p1a: ACER NITRO V 16S
|-boost|p1a: ACER NITRO V 16S|spa|1
|-boost|p1a: ACER NITRO V 16S|spd|1
|move|p2a: Oopy Goopy|Sludge Bomb|p1a: ACER NITRO V 16S
|-damage|p1a: ACER NITRO V 16S|87/100
|
|-heal|p1a: ACER NITRO V 16S|93/100|[from] item: Leftovers
|-heal|p2a: Oopy Goopy|68/100|[from] item: Black Sludge
|upkeep
|turn|17
|inactive|BobOfTheBuild has 210 seconds left.
|
|t:|1769401308
|move|p1a: ACER NITRO V 16S|Calm Mind|p1a: ACER NITRO V 16S
|-boost|p1a: ACER NITRO V 16S|spa|1
|-boost|p1a: ACER NITRO V 16S|spd|1
|move|p2a: Oopy Goopy|Sludge Bomb|p1a: ACER NITRO V 16S
|-damage|p1a: ACER NITRO V 16S|88/100
|-status|p1a: ACER NITRO V 16S|psn
|
|-heal|p1a: ACER NITRO V 16S|94/100 psn|[from] item: Leftovers
|-heal|p2a: Oopy Goopy|74/100|[from] item: Black Sludge
|-damage|p1a: ACER NITRO V 16S|81/100 psn|[from] psn
|upkeep
|turn|18
|inactive|BobOfTheBuild has 210 seconds left.
|
|t:|1769401326
|move|p1a: ACER NITRO V 16S|Calm Mind|p1a: ACER NITRO V 16S
|-boost|p1a: ACER NITRO V 16S|spa|1
|-boost|p1a: ACER NITRO V 16S|spd|1
|move|p2a: Oopy Goopy|Pain Split|p1a: ACER NITRO V 16S
|-sethp|p1a: ACER NITRO V 16S|78/100 psn|[from] move: Pain Split|[silent]
|-sethp|p2a: Oopy Goopy|78/100|[from] move: Pain Split
|
|-heal|p1a: ACER NITRO V 16S|84/100 psn|[from] item: Leftovers
|-heal|p2a: Oopy Goopy|84/100|[from] item: Black Sludge
|-damage|p1a: ACER NITRO V 16S|72/100 psn|[from] psn
|upkeep
|turn|19
|inactive|BobOfTheBuild has 210 seconds left.
|
|t:|1769401338
|move|p2a: Oopy Goopy|Protect|p2a: Oopy Goopy
|-singleturn|p2a: Oopy Goopy|Protect
|move|p1a: ACER NITRO V 16S|Scald|p2a: Oopy Goopy
|-activate|p2a: Oopy Goopy|move: Protect
|
|-heal|p1a: ACER NITRO V 16S|78/100 psn|[from] item: Leftovers
|-heal|p2a: Oopy Goopy|90/100|[from] item: Black Sludge
|-damage|p1a: ACER NITRO V 16S|65/100 psn|[from] psn
|upkeep
|turn|20
|inactive|BobOfTheBuild has 210 seconds left.
|
|t:|1769401349
|move|p1a: ACER NITRO V 16S|Substitute|p1a: ACER NITRO V 16S
|-start|p1a: ACER NITRO V 16S|Substitute
|-damage|p1a: ACER NITRO V 16S|40/100 psn
|move|p2a: Oopy Goopy|Pain Split||[still]
|-fail|p2a: Oopy Goopy
|
|-heal|p1a: ACER NITRO V 16S|47/100 psn|[from] item: Leftovers
|-heal|p2a: Oopy Goopy|96/100|[from] item: Black Sludge
|-damage|p1a: ACER NITRO V 16S|34/100 psn|[from] psn
|upkeep
|turn|21
|inactive|BobOfTheBuild has 210 seconds left.
|
|t:|1769401360
|move|p2a: Oopy Goopy|Protect|p2a: Oopy Goopy
|-singleturn|p2a: Oopy Goopy|Protect
|move|p1a: ACER NITRO V 16S|Scald|p2a: Oopy Goopy
|-activate|p2a: Oopy Goopy|move: Protect
|
|-heal|p1a: ACER NITRO V 16S|40/100 psn|[from] item: Leftovers
|-heal|p2a: Oopy Goopy|100/100|[from] item: Black Sludge
|-damage|p1a: ACER NITRO V 16S|28/100 psn|[from] psn
|-sideend|p2: BobOfTheBuild|move: Light Screen
|upkeep
|turn|22
|inactive|BobOfTheBuild has 210 seconds left.
|
|t:|1769401392
|move|p2a: Oopy Goopy|Protect||[still]
|-fail|p2a: Oopy Goopy
|move|p1a: ACER NITRO V 16S|Scald|p2a: Oopy Goopy
|-damage|p2a: Oopy Goopy|7/100
|-status|p2a: Oopy Goopy|brn
|
|-heal|p1a: ACER NITRO V 16S|34/100 psn|[from] item: Leftovers
|-heal|p2a: Oopy Goopy|13/100 brn|[from] item: Black Sludge
|-damage|p1a: ACER NITRO V 16S|22/100 psn|[from] psn
|-damage|p2a: Oopy Goopy|7/100 brn|[from] brn
|upkeep
|turn|23
|inactive|BobOfTheBuild has 180 seconds left.
|
|t:|1769401413
|move|p2a: Oopy Goopy|Protect|p2a: Oopy Goopy
|-singleturn|p2a: Oopy Goopy|Protect
|move|p1a: ACER NITRO V 16S|Ice Beam|p2a: Oopy Goopy
|-activate|p2a: Oopy Goopy|move: Protect
|
|-heal|p1a: ACER NITRO V 16S|28/100 psn|[from] item: Leftovers
|-heal|p2a: Oopy Goopy|13/100 brn|[from] item: Black Sludge
|-damage|p1a: ACER NITRO V 16S|16/100 psn|[from] psn
|-damage|p2a: Oopy Goopy|7/100 brn|[from] brn
|upkeep
|turn|24
|inactive|BobOfTheBuild has 180 seconds left.
|
|t:|1769401426
|move|p2a: Oopy Goopy|Protect||[still]
|-fail|p2a: Oopy Goopy
|move|p1a: ACER NITRO V 16S|Ice Beam|p2a: Oopy Goopy
|-damage|p2a: Oopy Goopy|0 fnt
|faint|p2a: Oopy Goopy
|
|-heal|p1a: ACER NITRO V 16S|22/100 psn|[from] item: Leftovers
|-damage|p1a: ACER NITRO V 16S|9/100 psn|[from] psn
|upkeep
|
|t:|1769401443
|switch|p2a: Coughing Baby|Uxie|82/100
|turn|25
|inactive|RoyalNeptune has 270 seconds left.
|
|t:|1769401497
|switch|p1a: LEGIONPRO7IUTRA9|Kyurem, shiny|100/100
|-damage|p1a: LEGIONPRO7IUTRA9|76/100|[from] Stealth Rock
|-ability|p1a: LEGIONPRO7IUTRA9|Pressure
|move|p2a: Coughing Baby|Light Screen|p2a: Coughing Baby
|-sidestart|p2: BobOfTheBuild|move: Light Screen
|
|upkeep
|turn|26
|inactive|BobOfTheBuild has 180 seconds left.
|
|t:|1769401525
|move|p1a: LEGIONPRO7IUTRA9|Ice Beam|p2a: Coughing Baby
|-damage|p2a: Coughing Baby|64/100
|move|p2a: Coughing Baby|U-turn|p1a: LEGIONPRO7IUTRA9
|-damage|p1a: LEGIONPRO7IUTRA9|64/100
|inactive|BobOfTheBuild has 150 seconds left.
|
|t:|1769401545
|switch|p2a: Señor Beatdown|Typhlosion-Hisui, M|100/100|[from] U-turn
|-item|p1a: LEGIONPRO7IUTRA9|Metronome|[from] ability: Frisk|[of] p2a: Señor Beatdown
|
|upkeep
|turn|27
|inactive|BobOfTheBuild has 150 seconds left.
|
|t:|1769401584
|move|p2a: Señor Beatdown|Eruption|p1a: LEGIONPRO7IUTRA9
|-damage|p1a: LEGIONPRO7IUTRA9|6/100
|move|p1a: LEGIONPRO7IUTRA9|Earth Power|p2a: Señor Beatdown
|-supereffective|p2a: Señor Beatdown
|-damage|p2a: Señor Beatdown|68/100
|
|upkeep
|turn|28
|
|t:|1769401594
|move|p2a: Señor Beatdown|Eruption|p1a: LEGIONPRO7IUTRA9
|-damage|p1a: LEGIONPRO7IUTRA9|0 fnt
|faint|p1a: LEGIONPRO7IUTRA9
|
|upkeep
|
|t:|1769401600
|switch|p1a: ACER NITRO V 16S|Suicune, shiny|9/100 psn
|-damage|p1a: ACER NITRO V 16S|0 fnt|[from] Stealth Rock
|faint|p1a: ACER NITRO V 16S
|
|t:|1769401604
|switch|p1a: ASUS ROG STRIX G16|Samurott-Hisui, F, shiny|100/100
|-damage|p1a: ASUS ROG STRIX G16|88/100|[from] Stealth Rock
|turn|29
|
|t:|1769401621
|switch|p2a: Coughing Baby|Uxie|64/100
|move|p1a: ASUS ROG STRIX G16|Razor Shell|p2a: Coughing Baby
|-damage|p2a: Coughing Baby|37/100
|-unboost|p2a: Coughing Baby|def|1
|
|upkeep
|turn|30
|
|t:|1769401638
|move|p1a: ASUS ROG STRIX G16|Sucker Punch|p2a: Coughing Baby
|-supereffective|p2a: Coughing Baby
|-damage|p2a: Coughing Baby|0 fnt
|faint|p2a: Coughing Baby
|
|upkeep
|
|t:|1769401645
|switch|p2a: Señor Beatdown|Typhlosion-Hisui, M|68/100
|-item|p1a: ASUS ROG STRIX G16|Assault Vest|[from] ability: Frisk|[of] p2a: Señor Beatdown
|turn|31
|
|t:|1769401660
|move|p2a: Señor Beatdown|Focus Blast|p1a: ASUS ROG STRIX G16
|-supereffective|p1a: ASUS ROG STRIX G16
|-damage|p1a: ASUS ROG STRIX G16|39/100
|move|p1a: ASUS ROG STRIX G16|Razor Shell|p2a: Señor Beatdown
|-supereffective|p2a: Señor Beatdown
|-damage|p2a: Señor Beatdown|0 fnt
|faint|p2a: Señor Beatdown
|
|upkeep
|
|t:|1769401668
|switch|p2a: Larry|Sandslash, F|70/100
|turn|32
|
|t:|1769401678
|move|p1a: ASUS ROG STRIX G16|Ceaseless Edge|p2a: Larry
|-damage|p2a: Larry|43/100
|-sidestart|p2: BobOfTheBuild|Spikes
|move|p2a: Larry|Earthquake|p1a: ASUS ROG STRIX G16
|-damage|p1a: ASUS ROG STRIX G16|2/100
|
|-heal|p2a: Larry|49/100|[from] item: Leftovers
|-sideend|p2: BobOfTheBuild|move: Light Screen
|upkeep
|turn|33
|
|t:|1769401687
|-terastallize|p2a: Larry|Ground
|move|p1a: ASUS ROG STRIX G16|Ceaseless Edge|p2a: Larry
|-damage|p2a: Larry|23/100
|-sidestart|p2: BobOfTheBuild|Spikes
|move|p2a: Larry|Earthquake|p1a: ASUS ROG STRIX G16
|-damage|p1a: ASUS ROG STRIX G16|0 fnt
|faint|p1a: ASUS ROG STRIX G16
|
|-heal|p2a: Larry|30/100|[from] item: Leftovers
|upkeep
|
|t:|1769401697
|switch|p1a: HP OMEN GMNG LPTP|Kingambit, F, shiny|100/100
|-damage|p1a: HP OMEN GMNG LPTP|94/100|[from] Stealth Rock
|-activate|p1a: HP OMEN GMNG LPTP|ability: Supreme Overlord
|-start|p1a: HP OMEN GMNG LPTP|fallen5|[silent]
|turn|34
|inactive|BobOfTheBuild has 150 seconds left.
|
|t:|1769401708
|move|p1a: HP OMEN GMNG LPTP|Sucker Punch|p2a: Larry
|-damage|p2a: Larry|0 fnt
|faint|p2a: Larry
|
|win|RoyalNeptune
