|j|☆Martin2792
|j|☆the.ramen.gang
|t:|1769380079
|gametype|singles
|player|p1|Martin2792|anabel-gen7|1184
|player|p2|the.ramen.gang|169|1205
|gen|9
|tier|[Gen 9] OU
|rated|
|rule|HP Percentage Mod: HP is shown in percentages
|rule|Endless Battle Clause: Forcing endless battles is banned
|rule|Species Clause: Limit one of each Pokémon
|rule|OHKO Clause: OHKO moves are banned
|rule|Evasion Items Clause: Evasion items are banned
|rule|Evasion Moves Clause: Evasion moves are banned
|rule|Evasion Abilities Clause: Evasion abilities are banned
|rule|Sleep Moves Clause: Sleep-inducing moves are banned
|clearpoke
|poke|p1|Hydrapple, M|
|poke|p1|Corviknight, M|
|poke|p1|Ogerpon-Wellspring, F|
|poke|p1|Weavile, F|
|poke|p1|Great Tusk|
|poke|p1|Mismagius, F|
|poke|p2|Shiftry, M|
|poke|p2|Swanna, F|
|poke|p2|Munkidori, M|
|poke|p2|Magmortar, M|
|poke|p2|Honchkrow, F|
|poke|p2|Sudowoodo, F|
|teampreview
|
|t:|1769380083
|teamsize|p1|6
|teamsize|p2|6
|start
|switch|p1a: Izutsumi|Weavile, F|100/100
|switch|p2a: Sudowoodo|Sudowoodo, F|100/100
|turn|1
|
|t:|1769380095
|move|p1a: Izutsumi|Swords Dance|p1a: Izutsumi
|-boost|p1a: Izutsumi|atk|2
|move|p2a: Sudowoodo|Head Smash|p1a: Izutsumi
|-supereffective|p1a: Izutsumi
|-enditem|p1a: Izutsumi|Focus Sash
|-damage|p1a: Izutsumi|1/100
|-damage|p2a: Sudowoodo|51/100|[from] Recoil
|-enditem|p2a: Sudowoodo|Choice Band|[silent]|[from] ability: Pickpocket|[of] p2a: Sudowoodo
|-item|p1a: Izutsumi|Choice Band|[from] ability: Pickpocket|[of] p2a: Sudowoodo
|
|upkeep
|turn|2
|inactive|Battle timer is ON: inactive players will automatically lose when time's up. (requested by the.ramen.gang)
|
|t:|1769380115
|move|p2a: Sudowoodo|Sucker Punch|p1a: Izutsumi
|-resisted|p1a: Izutsumi
|-damage|p1a: Izutsumi|0 fnt
|faint|p1a: Izutsumi
|
|upkeep
|
|t:|1769380126
|switch|p1a: Ogerpon|Ogerpon-Wellspring, F|100/100
|turn|3
|
|t:|1769380130
|move|p1a: Ogerpon|Horn Leech|p2a: Sudowoodo
|-supereffective|p2a: Sudowoodo
|-damage|p2a: Sudowoodo|0 fnt
|faint|p2a: Sudowoodo
|
|upkeep
|
|t:|1769380137
|switch|p2a: Magmortar|Magmortar, M|100/100
|turn|4
|
|t:|1769380143
|-terastallize|p1a: Ogerpon|Water
|detailschange|p1a: Ogerpon|Ogerpon-Wellspring-Tera, F, tera:Water
|-ability|p1a: Ogerpon|Embody Aspect (Wellspring)|boost
|-boost|p1a: Ogerpon|spd|1
|move|p1a: Ogerpon|Focus Energy|p1a: Ogerpon
|-start|p1a: Ogerpon|move: Focus Energy
|move|p2a: Magmortar|Fire Blast|p1a: Ogerpon
|-resisted|p1a: Ogerpon
|-damage|p1a: Ogerpon|76/100
|
|upkeep
|turn|5
|
|t:|1769380155
|move|p1a: Ogerpon|Ivy Cudgel|p2a: Magmortar|[anim] Ivy Cudgel Water
|-supereffective|p2a: Magmortar
|-crit|p2a: Magmortar
|-damage|p2a: Magmortar|0 fnt
|faint|p2a: Magmortar
|
|upkeep
|
|t:|1769380158
|switch|p2a: Shiftry|Shiftry, M|100/100
|turn|6
|
|t:|1769380164
|move|p1a: Ogerpon|Play Rough|p2a: Shiftry
|-supereffective|p2a: Shiftry
|-enditem|p2a: Shiftry|Focus Sash
|-damage|p2a: Shiftry|1/100
|move|p2a: Shiftry|Tailwind|p2a: Shiftry
|-sidestart|p2: the.ramen.gang|move: Tailwind
|-ability|p2a: Shiftry|Wind Rider|boost
|-boost|p2a: Shiftry|atk|1
|
|upkeep
|turn|7
|
|t:|1769380171
|move|p2a: Shiftry|Leaf Blade|p1a: Ogerpon
|-supereffective|p1a: Ogerpon
|-damage|p1a: Ogerpon|0 fnt
|faint|p1a: Ogerpon
|detailschange|p1: Ogerpon|Ogerpon-Wellspring, F|[silent]
|
|upkeep
|
|t:|1769380180
|switch|p1a: Raven Beak|Corviknight, M, shiny|100/100
|turn|8
|
|t:|1769380186
|move|p2a: Shiftry|Knock Off|p1a: Raven Beak
|-damage|p1a: Raven Beak|39/100
|-enditem|p1a: Raven Beak|Lum Berry|[from] move: Knock Off|[of] p2a: Shiftry
|move|p1a: Raven Beak|Agility|p1a: Raven Beak
|-boost|p1a: Raven Beak|spe|2
|
|upkeep
|turn|9
|
|t:|1769380194
|move|p2a: Shiftry|Rock Slide|p1a: Raven Beak
|-damage|p1a: Raven Beak|7/100
|move|p1a: Raven Beak|Power Trip|p2a: Shiftry
|-resisted|p2a: Shiftry
|-damage|p2a: Shiftry|0 fnt
|faint|p2a: Shiftry
|
|-sideend|p2: the.ramen.gang|move: Tailwind
|upkeep
|
|t:|1769380207
|switch|p2a: Munkidori|Munkidori, M|100/100
|turn|10
|
|t:|1769380213
|move|p1a: Raven Beak|Roost|p1a: Raven Beak
|-heal|p1a: Raven Beak|57/100
|-singleturn|p1a: Raven Beak|move: Roost
|move|p2a: Munkidori|Psychic|p1a: Raven Beak
|-resisted|p1a: Raven Beak
|-damage|p1a: Raven Beak|24/100
|
|upkeep
|turn|11
|
|t:|1769380221
|move|p1a: Raven Beak|Roost|p1a: Raven Beak
|-heal|p1a: Raven Beak|74/100
|-singleturn|p1a: Raven Beak|move: Roost
|move|p2a: Munkidori|Psychic|p1a: Raven Beak
|-resisted|p1a: Raven Beak
|-damage|p1a: Raven Beak|41/100
|
|upkeep
|turn|12
|
|t:|1769380227
|switch|p2a: Swanna|Swanna, F|100/100
|move|p1a: Raven Beak|Roost|p1a: Raven Beak
|-heal|p1a: Raven Beak|91/100
|-singleturn|p1a: Raven Beak|move: Roost
|
|upkeep
|turn|13
|
|t:|1769380236
|move|p1a: Raven Beak|Bulk Up|p1a: Raven Beak
|-boost|p1a: Raven Beak|atk|1
|-boost|p1a: Raven Beak|def|1
|move|p2a: Swanna|Knock Off|p1a: Raven Beak
|-damage|p1a: Raven Beak|78/100
|
|upkeep
|turn|14
|
|t:|1769380243
|switch|p2a: Munkidori|Munkidori, M|100/100
|move|p1a: Raven Beak|Bulk Up|p1a: Raven Beak
|-boost|p1a: Raven Beak|atk|1
|-boost|p1a: Raven Beak|def|1
|
|upkeep
|turn|15
|
|t:|1769380253
|move|p1a: Raven Beak|Power Trip|p2a: Munkidori
|-supereffective|p2a: Munkidori
|-damage|p2a: Munkidori|0 fnt
|faint|p2a: Munkidori
|
|upkeep
|
|t:|1769380258
|switch|p2a: Honchkrow|Honchkrow, F|100/100
|turn|16
|
|t:|1769380262
|-terastallize|p2a: Honchkrow|Fighting
|move|p1a: Raven Beak|Bulk Up|p1a: Raven Beak
|-boost|p1a: Raven Beak|atk|1
|-boost|p1a: Raven Beak|def|1
|move|p2a: Honchkrow|Tera Blast|p1a: Raven Beak|[anim] Tera Blast Fighting
|-damage|p1a: Raven Beak|63/100
|
|upkeep
|turn|17
|
|t:|1769380272
|move|p1a: Raven Beak|Power Trip|p2a: Honchkrow
|-resisted|p2a: Honchkrow
|-damage|p2a: Honchkrow|15/100
|move|p2a: Honchkrow|Tera Blast|p1a: Raven Beak|[anim] Tera Blast Fighting
|-damage|p1a: Raven Beak|47/100
|
|upkeep
|turn|18
|
|t:|1769380276
|move|p1a: Raven Beak|Power Trip|p2a: Honchkrow
|-resisted|p2a: Honchkrow
|-damage|p2a: Honchkrow|0 fnt
|faint|p2a: Honchkrow
|
|upkeep
|
|t:|1769380282
|switch|p2a: Swanna|Swanna, F|100/100
|turn|19
|
|t:|1769380290
|move|p1a: Raven Beak|Power Trip|p2a: Swanna
|-damage|p2a: Swanna|0 fnt
|faint|p2a: Swanna
|
|win|Martin2792
|raw|Martin2792's rating: 1184 &rarr; <strong>1211</strong><br />(+27 for winning)
|raw|the.ramen.gang's rating: 1205 &rarr; <strong>1178</strong><br />(-27 for losing)
|l|☆Martin2792
|player|p1|
