|j|☆fishermanmiguel
|j|☆INTZ2902
|t:|1769424575
|gametype|singles
|player|p1|fishermanmiguel|fisherman-gen4|1092
|player|p2|INTZ2902|youngster-gen4dp|1145
|gen|9
|tier|[Gen 9] OU
|rated|
|rule|HP Percentage Mod: HP is shown in percentages
|rule|Endless Battle Clause: Forcing endless battles is banned
|rule|Species Clause: Limit one of each Pokémon
|rule|OHKO Clause: OHKO moves are banned
|rule|Evasion Items Clause: Evasion items are banned
|rule|Evasion Moves Clause: Evasion moves are banned
|rule|Evasion Abilities Clause: Evasion abilities are banned
|rule|Sleep Moves Clause: Sleep-inducing moves are banned
|clearpoke
|poke|p1|Clefable, F|
|poke|p1|Gliscor, F|
|poke|p1|Blissey, F|
|poke|p1|Clodsire, F|
|poke|p1|Alomomola, F|
|poke|p1|Skeledirge, F|
|poke|p2|Raging Bolt|
|poke|p2|Ceruledge, F|
|poke|p2|Hatterene, F|
|poke|p2|Weezing-Galar, M|
|poke|p2|Garchomp, F|
|poke|p2|Umbreon, F|
|teampreview
|
|t:|1769424600
|teamsize|p1|6
|teamsize|p2|6
|start
|switch|p1a: Skeledirge|Skeledirge, F|100/100
|switch|p2a: Garchomp|Garchomp, F|100/100
|turn|1
|inactive|Battle timer is ON: inactive players will automatically lose when time's up. (requested by fishermanmiguel)
|
|t:|1769424608
|-terastallize|p1a: Skeledirge|Fairy
|move|p2a: Garchomp|Stealth Rock|p1a: Skeledirge
|-sidestart|p1: fishermanmiguel|move: Stealth Rock
|move|p1a: Skeledirge|Will-O-Wisp|p2a: Garchomp
|-status|p2a: Garchomp|brn
|
|-damage|p2a: Garchomp|94/100 brn|[from] brn
|upkeep
|turn|2
|
|t:|1769424617
|move|p2a: Garchomp|Protect|p2a: Garchomp
|-singleturn|p2a: Garchomp|Protect
|move|p1a: Skeledirge|Hex|p2a: Garchomp
|-activate|p2a: Garchomp|move: Protect
|
|-damage|p2a: Garchomp|88/100 brn|[from] brn
|upkeep
|turn|3
|
|t:|1769424636
|switch|p2a: Ceruledge|Ceruledge, F|100/100
|move|p1a: Skeledirge|Torch Song|p2a: Ceruledge
|-start|p2a: Ceruledge|ability: Flash Fire
|
|upkeep
|turn|4
|
|t:|1769424649
|switch|p1a: Clodsire|Clodsire, F|100/100
|move|p2a: Ceruledge|Bitter Blade|p1a: Clodsire
|-damage|p1a: Clodsire|23/100
|
|upkeep
|turn|5
|
|t:|1769424656
|switch|p1a: Gliscor|Gliscor, F|100/100
|-damage|p1a: Gliscor|88/100|[from] Stealth Rock
|move|p2a: Ceruledge|Bitter Blade|p1a: Gliscor
|-damage|p1a: Gliscor|33/100
|
|-status|p1a: Gliscor|tox|[from] item: Toxic Orb
|upkeep
|turn|6
|
|t:|1769424665
|move|p1a: Gliscor|Protect|p1a: Gliscor
|-singleturn|p1a: Gliscor|Protect
|move|p2a: Ceruledge|Swords Dance|p2a: Ceruledge
|-boost|p2a: Ceruledge|atk|2
|
|-heal|p1a: Gliscor|45/100 tox|[from] ability: Poison Heal
|upkeep
|turn|7
|
|t:|1769424672
|move|p2a: Ceruledge|Bitter Blade|p1a: Gliscor
|-damage|p1a: Gliscor|0 fnt
|faint|p1a: Gliscor
|
|upkeep
|
|t:|1769424675
|switch|p1a: Skeledirge|Skeledirge, F, tera:Fairy|100/100
|turn|8
|
|t:|1769424679
|move|p2a: Ceruledge|Bitter Blade|p1a: Skeledirge
|-damage|p1a: Skeledirge|52/100
|move|p1a: Skeledirge|Hex|p2a: Ceruledge
|-supereffective|p2a: Ceruledge
|-damage|p2a: Ceruledge|42/100
|
|upkeep
|turn|9
|
|t:|1769424686
|move|p2a: Ceruledge|Destiny Bond|p2a: Ceruledge
|-singlemove|p2a: Ceruledge|Destiny Bond
|move|p1a: Skeledirge|Hex|p2a: Ceruledge
|-supereffective|p2a: Ceruledge
|-damage|p2a: Ceruledge|0 fnt
|faint|p2a: Ceruledge
|-activate|p2a: Ceruledge|move: Destiny Bond
|faint|p1a: Skeledirge
|
|upkeep
|inactive|fishermanmiguel has 120 seconds left.
|inactive|fishermanmiguel has 90 seconds left.
|
|t:|1769424756
|switch|p2a: Raging Bolt|Raging Bolt|100/100
|switch|p1a: Clodsire|Clodsire, F|23/100
|-enditem|p2a: Raging Bolt|Booster Energy
|-activate|p2a: Raging Bolt|ability: Protosynthesis|[fromitem]
|-start|p2a: Raging Bolt|protosynthesisspa
|turn|10
|inactive|fishermanmiguel has 90 seconds left.
|
|t:|1769424763
|move|p2a: Raging Bolt|Draco Meteor|p1a: Clodsire
|-damage|p1a: Clodsire|0 fnt
|-unboost|p2a: Raging Bolt|spa|2
|faint|p1a: Clodsire
|
|upkeep
|inactive|fishermanmiguel has 90 seconds left.
|-message|fishermanmiguel forfeited.
|
|win|INTZ2902
|raw|fishermanmiguel's rating: 1092 &rarr; <strong>1072</strong><br />(-20 for losing)
|raw|INTZ2902's rating: 1145 &rarr; <strong>1166</strong><br />(+21 for winning)
|l|☆fishermanmiguel
|player|p1|
