|j|☆CryingDaniel
|j|☆Nachi TL
|t:|1769424448
|gametype|singles
|player|p1|CryingDaniel|waitress-gen4|1172
|player|p2|Nachi TL|iono-masters|1206
|gen|9
|tier|[Gen 9] OU
|rated|
|rule|HP Percentage Mod: HP is shown in percentages
|rule|Endless Battle Clause: Forcing endless battles is banned
|rule|Species Clause: Limit one of each Pokémon
|rule|OHKO Clause: OHKO moves are banned
|rule|Evasion Items Clause: Evasion items are banned
|rule|Evasion Moves Clause: Evasion moves are banned
|rule|Evasion Abilities Clause: Evasion abilities are banned
|rule|Sleep Moves Clause: Sleep-inducing moves are banned
|clearpoke
|poke|p1|Regigigas|
|poke|p1|Pelipper, M|
|poke|p1|Floatzel, M|
|poke|p1|Kingambit, F|
|poke|p1|Slowking-Galar, F|
|poke|p1|Forretress, M|
|poke|p2|Blissey, F|
|poke|p2|Espeon, F|
|poke|p2|Garchomp, M|
|poke|p2|Corviknight, M|
|poke|p2|Great Tusk|
|poke|p2|Iron Hands|
|teampreview
|inactive|Battle timer is ON: inactive players will automatically lose when time's up. (requested by CryingDaniel)
|
|t:|1769424458
|teamsize|p1|6
|teamsize|p2|6
|start
|switch|p1a: Wazzbin|Pelipper, M|100/100
|switch|p2a: Espeon|Espeon, F|100/100
|-weather|RainDance|[from] ability: Drizzle|[of] p1a: Wazzbin
|turn|1
|
|t:|1769424478
|move|p2a: Espeon|Psychic|p1a: Wazzbin
|-damage|p1a: Wazzbin|51/100
|move|p1a: Wazzbin|U-turn|p2a: Espeon
|-supereffective|p2a: Espeon
|-damage|p2a: Espeon|78/100
|
|t:|1769424483
|switch|p1a: Baboom|Floatzel, M, shiny|100/100|[from] U-turn
|
|-weather|RainDance|[upkeep]
|upkeep
|turn|2
|
|t:|1769424492
|switch|p2a: Corviknight|Corviknight, M|100/100
|-ability|p2a: Corviknight|Pressure
|move|p1a: Baboom|Wave Crash|p2a: Corviknight
|-crit|p2a: Corviknight
|-damage|p2a: Corviknight|0 fnt
|faint|p2a: Corviknight
|-damage|p1a: Baboom|64/100|[from] Recoil
|
|-weather|RainDance|[upkeep]
|upkeep
|
|t:|1769424505
|switch|p2a: Iron Hands|Iron Hands|100/100
|turn|3
|
|t:|1769424516
|switch|p1a: ChuckleNugget|Regigigas, shiny|100/100
|-start|p1a: ChuckleNugget|ability: Slow Start
|move|p2a: Iron Hands|Drain Punch|p1a: ChuckleNugget
|-supereffective|p1a: ChuckleNugget
|-damage|p1a: ChuckleNugget|27/100
|
|-weather|RainDance|[upkeep]
|upkeep
|turn|4
|
|t:|1769424529
|move|p2a: Iron Hands|Drain Punch|p1a: ChuckleNugget
|-supereffective|p1a: ChuckleNugget
|-damage|p1a: ChuckleNugget|0 fnt
|faint|p1a: ChuckleNugget
|
|-weather|RainDance|[upkeep]
|upkeep
|
|t:|1769424550
|switch|p1a: Baboom|Floatzel, M, shiny|64/100
|turn|5
|
|t:|1769424557
|move|p1a: Baboom|Wave Crash|p2a: Iron Hands
|-damage|p2a: Iron Hands|11/100
|-damage|p1a: Baboom|22/100|[from] Recoil
|move|p2a: Iron Hands|Thunder Punch|p1a: Baboom
|-supereffective|p1a: Baboom
|-damage|p1a: Baboom|0 fnt
|faint|p1a: Baboom
|
|-weather|none
|upkeep
|
|t:|1769424561
|switch|p1a: Cringebit|Kingambit, F|100/100
|-activate|p1a: Cringebit|ability: Supreme Overlord
|-start|p1a: Cringebit|fallen2|[silent]
|-item|p1a: Cringebit|Air Balloon
|turn|6
|
|t:|1769424568
|move|p1a: Cringebit|Sucker Punch|p2a: Iron Hands
|-resisted|p2a: Iron Hands
|-damage|p2a: Iron Hands|0 fnt
|faint|p2a: Iron Hands
|-end|p2a: Iron Hands|Quark Drive|[silent]
|
|upkeep
|
|t:|1769424579
|switch|p2a: Great Tusk|Great Tusk|100/100
|turn|7
|
|t:|1769424583
|-end|p1a: Cringebit|fallen2|[silent]
|switch|p1a: Wazzbin|Pelipper, M|51/100
|-weather|RainDance|[from] ability: Drizzle|[of] p1a: Wazzbin
|move|p2a: Great Tusk|Close Combat|p1a: Wazzbin
|-resisted|p1a: Wazzbin
|-damage|p1a: Wazzbin|29/100
|-unboost|p2a: Great Tusk|def|1
|-unboost|p2a: Great Tusk|spd|1
|
|-weather|RainDance|[upkeep]
|upkeep
|turn|8
|
|t:|1769424591
|-end|p2a: Great Tusk|Protosynthesis|[silent]
|switch|p2a: Blissey|Blissey, F|100/100
|move|p1a: Wazzbin|Weather Ball|p2a: Blissey
|-damage|p2a: Blissey|84/100
|
|-weather|RainDance|[upkeep]
|upkeep
|turn|9
|
|t:|1769424614
|switch|p1a: SAO|Slowking-Galar, F|100/100
|move|p2a: Blissey|Focus Blast|p1a: SAO
|-resisted|p1a: SAO
|-damage|p1a: SAO|93/100
|
|-weather|RainDance|[upkeep]
|-heal|p1a: SAO|99/100|[from] item: Leftovers
|upkeep
|turn|10
|
|t:|1769424628
|switch|p2a: Espeon|Espeon, F|78/100
|move|p1a: SAO|Sludge Wave|p2a: Espeon
|-damage|p2a: Espeon|47/100
|-status|p2a: Espeon|psn
|
|-weather|RainDance|[upkeep]
|-heal|p1a: SAO|100/100|[from] item: Leftovers
|-damage|p2a: Espeon|34/100 psn|[from] psn
|upkeep
|turn|11
|
|t:|1769424639
|switch|p1a: Googles|Forretress, M|100/100
|move|p2a: Espeon|Psychic|p1a: Googles
|-resisted|p1a: Googles
|-damage|p1a: Googles|66/100
|-unboost|p1a: Googles|spd|1
|
|-weather|none
|-damage|p2a: Espeon|22/100 psn|[from] psn
|upkeep
|turn|12
|
|t:|1769424646
|switch|p1a: SAO|Slowking-Galar, F|100/100
|move|p2a: Espeon|Shadow Ball|p1a: SAO
|-supereffective|p1a: SAO
|-damage|p1a: SAO|65/100
|
|-heal|p1a: SAO|71/100|[from] item: Leftovers
|-damage|p2a: Espeon|9/100 psn|[from] psn
|upkeep
|turn|13
|
|t:|1769424654
|switch|p1a: Wazzbin|Pelipper, M|29/100
|-weather|RainDance|[from] ability: Drizzle|[of] p1a: Wazzbin
|move|p2a: Espeon|Shadow Ball|p1a: Wazzbin
|-crit|p1a: Wazzbin
|-damage|p1a: Wazzbin|0 fnt
|faint|p1a: Wazzbin
|
|-weather|RainDance|[upkeep]
|-damage|p2a: Espeon|0 fnt|[from] psn
|faint|p2a: Espeon
|upkeep
|
|t:|1769424669
|switch|p2a: Garchomp|Garchomp, M|100/100
|switch|p1a: SAO|Slowking-Galar, F|100/100
|turn|14
|
|t:|1769424680
|move|p2a: Garchomp|Earthquake|p1a: SAO
|-supereffective|p1a: SAO
|-damage|p1a: SAO|0 fnt
|faint|p1a: SAO
|
|-weather|RainDance|[upkeep]
|upkeep
|
|t:|1769424683
|switch|p1a: Googles|Forretress, M|66/100
|turn|15
|
|t:|1769424689
|switch|p2a: Blissey|Blissey, F|84/100
|move|p1a: Googles|Toxic Spikes|p2a: Blissey
|-sidestart|p2: Nachi TL|move: Toxic Spikes
|
|-weather|RainDance|[upkeep]
|upkeep
|turn|16
|
|t:|1769424695
|move|p2a: Blissey|Fire Blast|p1a: Googles
|-supereffective|p1a: Googles
|-damage|p1a: Googles|0 fnt
|faint|p1a: Googles
|
|-weather|RainDance|[upkeep]
|upkeep
|
|t:|1769424699
|switch|p1a: Cringebit|Kingambit, F|100/100
|-activate|p1a: Cringebit|ability: Supreme Overlord
|-start|p1a: Cringebit|fallen5|[silent]
|-item|p1a: Cringebit|Air Balloon
|turn|17
|
|t:|1769424703
|move|p2a: Blissey|Fire Blast|p1a: Cringebit
|-supereffective|p1a: Cringebit
|-damage|p1a: Cringebit|57/100
|-enditem|p1a: Cringebit|Air Balloon
|move|p1a: Cringebit|Swords Dance|p1a: Cringebit
|-boost|p1a: Cringebit|atk|2
|
|-weather|none
|upkeep
|turn|18
|
|t:|1769424715
|-terastallize|p1a: Cringebit|Fairy
|move|p1a: Cringebit|Sucker Punch|p2a: Blissey
|-damage|p2a: Blissey|0 fnt
|faint|p2a: Blissey
|
|upkeep
|
|t:|1769424724
|switch|p2a: Great Tusk|Great Tusk|100/100
|turn|19
|
|t:|1769424743
|-terastallize|p2a: Great Tusk|Fighting
|move|p1a: Cringebit|Sucker Punch|p2a: Great Tusk
|-resisted|p2a: Great Tusk
|-damage|p2a: Great Tusk|56/100
|move|p2a: Great Tusk|Headlong Rush|p1a: Cringebit
|-damage|p1a: Cringebit|13/100
|-unboost|p2a: Great Tusk|def|1
|-unboost|p2a: Great Tusk|spd|1
|
|upkeep
|turn|20
|
|t:|1769424755
|-end|p2a: Great Tusk|Protosynthesis|[silent]
|switch|p2a: Garchomp|Garchomp, M|100/100
|-status|p2a: Garchomp|psn
|move|p1a: Cringebit|Sucker Punch||[still]
|-fail|p1a: Cringebit
|
|-damage|p2a: Garchomp|88/100 psn|[from] psn
|upkeep
|turn|21
|
|t:|1769424762
|move|p1a: Cringebit|Sucker Punch|p2a: Garchomp
|-damage|p2a: Garchomp|0 fnt
|-damage|p1a: Cringebit|1/100|[from] ability: Rough Skin|[of] p2a: Garchomp
|faint|p2a: Garchomp
|
|upkeep
|
|t:|1769424765
|switch|p2a: Great Tusk|Great Tusk, tera:Fighting|56/100
|turn|22
|
|t:|1769424769
|move|p1a: Cringebit|Sucker Punch|p2a: Great Tusk
|-resisted|p2a: Great Tusk
|-damage|p2a: Great Tusk|9/100
|move|p2a: Great Tusk|Headlong Rush|p1a: Cringebit
|-damage|p1a: Cringebit|0 fnt
|-unboost|p2a: Great Tusk|def|1
|-unboost|p2a: Great Tusk|spd|1
|faint|p1a: Cringebit
|-end|p1a: Cringebit|fallen5|[silent]
|
|win|Nachi TL
|raw|CryingDaniel's rating: 1172 &rarr; <strong>1149</strong><br />(-23 for losing)
|raw|Nachi TL's rating: 1206 &rarr; <strong>1229</strong><br />(+23 for winning)
|c|☆CryingDaniel|ggs
|c|☆Nachi TL|gg
|l|☆CryingDaniel
|player|p1|
