|j|☆N0AH__123__
|j|☆shadowofroserade04
|t:|1769421566
|gametype|singles
|player|p1|N0AH__123__|boarder|1394
|player|p2|shadowofroserade04|roxie|1472
|gen|9
|tier|[Gen 9] OU
|rated|
|rule|HP Percentage Mod: HP is shown in percentages
|rule|Endless Battle Clause: Forcing endless battles is banned
|rule|Species Clause: Limit one of each Pokémon
|rule|OHKO Clause: OHKO moves are banned
|rule|Evasion Items Clause: Evasion items are banned
|rule|Evasion Moves Clause: Evasion moves are banned
|rule|Evasion Abilities Clause: Evasion abilities are banned
|rule|Sleep Moves Clause: Sleep-inducing moves are banned
|clearpoke
|poke|p1|Gliscor, M|
|poke|p1|Latios, M|
|poke|p1|Mimikyu, F|
|poke|p1|Cinderace, M|
|poke|p1|Hatterene, F|
|poke|p1|Iron Moth|
|poke|p2|Pecharunt|
|poke|p2|Mabosstiff, F|
|poke|p2|Volcanion|
|poke|p2|Iron Valiant|
|poke|p2|Landorus-Therian, M|
|poke|p2|Deoxys-Speed|
|teampreview
|
|t:|1769421620
|teamsize|p1|6
|teamsize|p2|6
|start
|switch|p1a: Hatterene|Hatterene, F|100/100
|switch|p2a: Landorus|Landorus-Therian, M|100/100
|-ability|p2a: Landorus|Intimidate|boost
|-unboost|p1a: Hatterene|atk|1
|turn|1
|
|t:|1769421628
|move|p2a: Landorus|Earthquake|p1a: Hatterene
|-damage|p1a: Hatterene|47/100
|move|p1a: Hatterene|Agility|p1a: Hatterene
|-boost|p1a: Hatterene|spe|2
|
|-heal|p1a: Hatterene|53/100|[from] item: Leftovers
|upkeep
|turn|2
|
|t:|1769421641
|switch|p1a: Latios|Latios, M|100/100
|move|p2a: Landorus|Earthquake|p1a: Latios
|-immune|p1a: Latios|[from] ability: Levitate
|
|upkeep
|turn|3
|
|t:|1769421660
|move|p2a: Landorus|U-turn|p1a: Latios
|-supereffective|p1a: Latios
|-damage|p1a: Latios|40/100
|
|t:|1769421674
|switch|p2a: Deoxys|Deoxys-Speed|100/100|[from] U-turn
|-ability|p2a: Deoxys|Pressure
|move|p1a: Latios|Agility|p1a: Latios
|-boost|p1a: Latios|spe|2
|
|-heal|p1a: Latios|46/100|[from] item: Leftovers
|upkeep
|turn|4
|
|t:|1769421684
|move|p1a: Latios|Calm Mind|p1a: Latios
|-boost|p1a: Latios|spa|1
|-boost|p1a: Latios|spd|1
|move|p2a: Deoxys|Knock Off|p1a: Latios
|-supereffective|p1a: Latios
|-damage|p1a: Latios|0 fnt
|-enditem|p1a: Latios|Leftovers|[from] move: Knock Off|[of] p2a: Deoxys
|faint|p1a: Latios
|
|upkeep
|
|t:|1769421693
|switch|p1a: Iron Moth|Iron Moth|100/100
|-enditem|p1a: Iron Moth|Booster Energy
|-activate|p1a: Iron Moth|ability: Quark Drive|[fromitem]
|-start|p1a: Iron Moth|quarkdrivespe
|turn|5
|
|t:|1769421706
|move|p1a: Iron Moth|Fiery Dance|p2a: Deoxys
|-crit|p2a: Deoxys
|-damage|p2a: Deoxys|0 fnt
|-boost|p1a: Iron Moth|spa|1
|faint|p2a: Deoxys
|
|upkeep
|
|t:|1769421711
|switch|p2a: Volcanion|Volcanion|100/100
|turn|6
|
|t:|1769421714
|move|p1a: Iron Moth|Discharge|p2a: Volcanion
|-supereffective|p2a: Volcanion
|-damage|p2a: Volcanion|14/100
|move|p2a: Volcanion|Steam Eruption|p1a: Iron Moth
|-supereffective|p1a: Iron Moth
|-damage|p1a: Iron Moth|0 fnt
|faint|p1a: Iron Moth
|-end|p1a: Iron Moth|Quark Drive|[silent]
|
|-heal|p2a: Volcanion|20/100|[from] item: Leftovers
|upkeep
|
|t:|1769421725
|switch|p1a: Mimikyu|Mimikyu, F|100/100
|turn|7
|
|t:|1769421749
|move|p1a: Mimikyu|Swords Dance|p1a: Mimikyu
|-boost|p1a: Mimikyu|atk|2
|move|p2a: Volcanion|Taunt|p1a: Mimikyu
|-start|p1a: Mimikyu|move: Taunt
|
|-heal|p2a: Volcanion|26/100|[from] item: Leftovers
|upkeep
|turn|8
|
|t:|1769421759
|switch|p2a: Landorus|Landorus-Therian, M|100/100
|-ability|p2a: Landorus|Intimidate|boost
|-unboost|p1a: Mimikyu|atk|1
|move|p1a: Mimikyu|Shadow Sneak|p2a: Landorus
|-damage|p2a: Landorus|77/100
|-damage|p1a: Mimikyu|84/100|[from] item: Rocky Helmet|[of] p2a: Landorus
|
|upkeep
|turn|9
|
|t:|1769421766
|move|p1a: Mimikyu|Play Rough|p2a: Landorus
|-damage|p2a: Landorus|23/100
|-damage|p1a: Mimikyu|68/100|[from] item: Rocky Helmet|[of] p2a: Landorus
|move|p2a: Landorus|U-turn|p1a: Mimikyu
|-activate|p1a: Mimikyu|ability: Disguise
|-damage|p1a: Mimikyu|68/100
|detailschange|p1a: Mimikyu|Mimikyu-Busted, F
|-damage|p1a: Mimikyu|55/100|[from] pokemon: Mimikyu-Busted
|-enditem|p1a: Mimikyu|Red Card|[of] p2a: Landorus
|drag|p2a: Iron Valiant|Iron Valiant|100/100
|-enditem|p2a: Iron Valiant|Booster Energy
|-activate|p2a: Iron Valiant|ability: Quark Drive|[fromitem]
|-start|p2a: Iron Valiant|quarkdrivespe
|
|upkeep
|turn|10
|
|t:|1769421780
|move|p1a: Mimikyu|Shadow Sneak|p2a: Iron Valiant
|-damage|p2a: Iron Valiant|67/100
|move|p2a: Iron Valiant|Moonblast|p1a: Mimikyu
|-damage|p1a: Mimikyu|6/100
|
|-end|p1a: Mimikyu|move: Taunt
|upkeep
|turn|11
|
|t:|1769421790
|move|p1a: Mimikyu|Shadow Sneak|p2a: Iron Valiant
|-damage|p2a: Iron Valiant|38/100
|move|p2a: Iron Valiant|Knock Off|p1a: Mimikyu
|-damage|p1a: Mimikyu|0 fnt
|faint|p1a: Mimikyu
|
|upkeep
|
|t:|1769421799
|switch|p1a: Cinderace|Cinderace, M|100/100
|turn|12
|
|t:|1769421803
|move|p2a: Iron Valiant|Close Combat|p1a: Cinderace
|-damage|p1a: Cinderace|31/100
|-unboost|p2a: Iron Valiant|def|1
|-unboost|p2a: Iron Valiant|spd|1
|move|p1a: Cinderace|Pyro Ball|p2a: Iron Valiant
|-damage|p2a: Iron Valiant|0 fnt
|faint|p2a: Iron Valiant
|-end|p2a: Iron Valiant|Quark Drive|[silent]
|
|upkeep
|
|t:|1769421816
|switch|p2a: Pecharunt|Pecharunt|100/100
|turn|13
|
|t:|1769421818
|move|p1a: Cinderace|Taunt|p2a: Pecharunt
|-start|p1a: Cinderace|typechange|Dark|[from] ability: Libero
|-start|p2a: Pecharunt|move: Taunt
|move|p2a: Pecharunt|Shadow Ball|p1a: Cinderace
|-resisted|p1a: Cinderace
|-damage|p1a: Cinderace|12/100
|-unboost|p1a: Cinderace|spd|1
|
|upkeep
|turn|14
|
|t:|1769421826
|move|p1a: Cinderace|Will-O-Wisp|p2a: Pecharunt
|-status|p2a: Pecharunt|brn
|move|p2a: Pecharunt|Shadow Ball|p1a: Cinderace
|-resisted|p1a: Cinderace
|-damage|p1a: Cinderace|0 fnt
|faint|p1a: Cinderace
|
|-damage|p2a: Pecharunt|95/100 brn|[from] brn
|upkeep
|
|t:|1769421831
|switch|p1a: Gliscor|Gliscor, M|100/100
|turn|15
|
|t:|1769421838
|move|p2a: Pecharunt|Shadow Ball|p1a: Gliscor
|-damage|p1a: Gliscor|60/100
|move|p1a: Gliscor|Agility|p1a: Gliscor
|-boost|p1a: Gliscor|spe|2
|
|-damage|p2a: Pecharunt|89/100 brn|[from] brn
|-end|p2a: Pecharunt|move: Taunt
|-status|p1a: Gliscor|tox|[from] item: Toxic Orb
|upkeep
|turn|16
|
|t:|1769421848
|move|p1a: Gliscor|Swords Dance|p1a: Gliscor
|-boost|p1a: Gliscor|atk|2
|move|p2a: Pecharunt|Shadow Ball|p1a: Gliscor
|-damage|p1a: Gliscor|24/100 tox
|
|-heal|p1a: Gliscor|36/100 tox|[from] ability: Poison Heal
|-damage|p2a: Pecharunt|83/100 brn|[from] brn
|upkeep
|turn|17
|
|t:|1769421855
|move|p1a: Gliscor|Earthquake|p2a: Pecharunt
|-supereffective|p2a: Pecharunt
|-crit|p2a: Pecharunt
|-damage|p2a: Pecharunt|0 fnt
|faint|p2a: Pecharunt
|
|-heal|p1a: Gliscor|49/100 tox|[from] ability: Poison Heal
|upkeep
|
|t:|1769421861
|switch|p2a: Mabosstiff|Mabosstiff, F, shiny|100/100
|-ability|p2a: Mabosstiff|Intimidate|boost
|-unboost|p1a: Gliscor|atk|1
|turn|18
|
|t:|1769421872
|-terastallize|p2a: Mabosstiff|Bug
|move|p1a: Gliscor|Earthquake|p2a: Mabosstiff
|-resisted|p2a: Mabosstiff
|-damage|p2a: Mabosstiff|71/100
|-enditem|p2a: Mabosstiff|Kee Berry|[eat]
|-boost|p2a: Mabosstiff|def|1|[from] item: Kee Berry
|move|p2a: Mabosstiff|Jaw Lock|p1a: Gliscor
|-damage|p1a: Gliscor|13/100 tox
|-activate|p2a: Mabosstiff|trapped
|-activate|p1a: Gliscor|trapped
|
|-heal|p1a: Gliscor|25/100 tox|[from] ability: Poison Heal
|upkeep
|turn|19
|
|t:|1769421881
|move|p1a: Gliscor|Swords Dance|p1a: Gliscor
|-boost|p1a: Gliscor|atk|2
|move|p2a: Mabosstiff|Jaw Lock|p1a: Gliscor
|-damage|p1a: Gliscor|0 fnt
|faint|p1a: Gliscor
|
|upkeep
|
|t:|1769421884
|switch|p1a: Hatterene|Hatterene, F|53/100
|turn|20
|
|t:|1769421888
|-terastallize|p1a: Hatterene|Fire
|move|p2a: Mabosstiff|Jaw Lock|p1a: Hatterene
|-damage|p1a: Hatterene|2/100
|-activate|p2a: Mabosstiff|trapped
|-activate|p1a: Hatterene|trapped
|move|p1a: Hatterene|Agility|p1a: Hatterene
|-boost|p1a: Hatterene|spe|2
|
|-heal|p1a: Hatterene|8/100|[from] item: Leftovers
|upkeep
|turn|21
|
|t:|1769421894
|move|p1a: Hatterene|Mystical Fire|p2a: Mabosstiff
|-supereffective|p2a: Mabosstiff
|-damage|p2a: Mabosstiff|0 fnt
|faint|p2a: Mabosstiff
|
|-heal|p1a: Hatterene|14/100|[from] item: Leftovers
|upkeep
|
|t:|1769421900
|switch|p2a: Volcanion|Volcanion|26/100
|turn|22
|
|t:|1769421905
|move|p1a: Hatterene|Stored Power|p2a: Volcanion
|-damage|p2a: Volcanion|0 fnt
|faint|p2a: Volcanion
|
|-heal|p1a: Hatterene|20/100|[from] item: Leftovers
|upkeep
|
|t:|1769421907
|switch|p2a: Landorus|Landorus-Therian, M|23/100
|-ability|p2a: Landorus|Intimidate|boost
|-unboost|p1a: Hatterene|atk|1
|turn|23
|
|t:|1769421912
|move|p1a: Hatterene|Mystical Fire|p2a: Landorus
|-damage|p2a: Landorus|0 fnt
|faint|p2a: Landorus
|
|win|N0AH__123__
|raw|N0AH__123__'s rating: 1394 &rarr; <strong>1418</strong><br />(+24 for winning)
|raw|shadowofroserade04's rating: 1472 &rarr; <strong>1448</strong><br />(-24 for losing)
|l|☆shadowofroserade04
|player|p2|
|l|☆N0AH__123__
|player|p1|
