|j|☆shrimpgoblin
|j|☆poktt
|t:|1769375874
|gametype|singles
|player|p1|shrimpgoblin|pokemaniac|1152
|player|p2|poktt|dawn|1156
|gen|9
|tier|[Gen 9] OU
|rated|
|rule|HP Percentage Mod: HP is shown in percentages
|rule|Endless Battle Clause: Forcing endless battles is banned
|rule|Species Clause: Limit one of each Pokémon
|rule|OHKO Clause: OHKO moves are banned
|rule|Evasion Items Clause: Evasion items are banned
|rule|Evasion Moves Clause: Evasion moves are banned
|rule|Evasion Abilities Clause: Evasion abilities are banned
|rule|Sleep Moves Clause: Sleep-inducing moves are banned
|clearpoke
|poke|p1|Dragonite, M|
|poke|p1|Lucario, F|
|poke|p1|Meowscarada, F|
|poke|p1|Houndoom, M|
|poke|p1|Araquanid, M|
|poke|p1|Dragapult, F|
|poke|p2|Flareon, F|
|poke|p2|Dragonite, F|
|poke|p2|Scizor, M|
|poke|p2|Empoleon, M|
|poke|p2|Gardevoir, M|
|poke|p2|Torterra, F|
|teampreview
|inactive|Battle timer is ON: inactive players will automatically lose when time's up. (requested by shrimpgoblin)
|
|t:|1769375881
|teamsize|p1|6
|teamsize|p2|6
|start
|switch|p1a: Araquanid|Araquanid, M|100/100
|switch|p2a: Flareon|Flareon, F|100/100
|turn|1
|
|t:|1769375886
|move|p2a: Flareon|Trailblaze|p1a: Araquanid
|-damage|p1a: Araquanid|81/100
|-boost|p2a: Flareon|spe|1
|move|p1a: Araquanid|Sticky Web|p2a: Flareon
|-sidestart|p2: poktt|move: Sticky Web
|
|-status|p2a: Flareon|tox|[from] item: Toxic Orb
|upkeep
|turn|2
|
|t:|1769375892
|move|p2a: Flareon|Facade|p1a: Araquanid
|-damage|p1a: Araquanid|0 fnt
|faint|p1a: Araquanid
|
|-damage|p2a: Flareon|95/100 tox|[from] psn
|upkeep
|inactive|shrimpgoblin has 120 seconds left.
|
|t:|1769375923
|switch|p1a: Dragapult|Dragapult, F|100/100
|turn|3
|
|t:|1769375931
|move|p1a: Dragapult|Dragon Darts|p2a: Flareon
|-crit|p2a: Flareon
|-damage|p2a: Flareon|6/100 tox
|-anim|p1a: Dragapult|Dragon Darts|p2a: Flareon
|-damage|p2a: Flareon|0 fnt
|faint|p2a: Flareon
|
|upkeep
|
|t:|1769375936
|switch|p2a: Empoleon|Empoleon, M|100/100
|-activate|p2a: Empoleon|move: Sticky Web
|-unboost|p2a: Empoleon|spe|1
|-ability|p2a: Empoleon|Competitive|boost
|-boost|p2a: Empoleon|spa|2
|turn|4
|
|t:|1769375942
|move|p1a: Dragapult|Dragon Darts|p2a: Empoleon
|-resisted|p2a: Empoleon
|-damage|p2a: Empoleon|80/100
|-anim|p1a: Dragapult|Dragon Darts|p2a: Empoleon
|-resisted|p2a: Empoleon
|-damage|p2a: Empoleon|62/100
|move|p2a: Empoleon|Flash Cannon|p1a: Dragapult
|-damage|p1a: Dragapult|0 fnt
|faint|p1a: Dragapult
|
|-heal|p2a: Empoleon|68/100|[from] item: Leftovers
|upkeep
|
|t:|1769375949
|switch|p1a: Lucario|Lucario, F|100/100
|turn|5
|
|t:|1769375955
|-terastallize|p2a: Empoleon|Water
|move|p1a: Lucario|Close Combat|p2a: Empoleon
|-damage|p2a: Empoleon|0 fnt
|-unboost|p1a: Lucario|def|1
|-unboost|p1a: Lucario|spd|1
|faint|p2a: Empoleon
|-damage|p1a: Lucario|91/100|[from] item: Life Orb
|
|upkeep
|
|t:|1769375962
|switch|p2a: Gardevoir|Gardevoir, M|100/100
|-activate|p2a: Gardevoir|move: Sticky Web
|-unboost|p2a: Gardevoir|spe|1
|-ability|p2a: Gardevoir|Inner Focus|Trace|[from] ability: Trace|[of] p1a: Lucario
|turn|6
|
|t:|1769375980
|move|p1a: Lucario|Meteor Mash|p2a: Gardevoir
|-supereffective|p2a: Gardevoir
|-damage|p2a: Gardevoir|0 fnt
|faint|p2a: Gardevoir
|-damage|p1a: Lucario|81/100|[from] item: Life Orb
|
|upkeep
|
|t:|1769375986
|switch|p2a: Torterra|Torterra, F|100/100
|-activate|p2a: Torterra|move: Sticky Web
|-unboost|p2a: Torterra|spe|1
|turn|7
|
|t:|1769376005
|move|p1a: Lucario|Close Combat|p2a: Torterra
|-crit|p2a: Torterra
|-damage|p2a: Torterra|0 fnt
|-unboost|p1a: Lucario|def|1
|-unboost|p1a: Lucario|spd|1
|faint|p2a: Torterra
|-damage|p1a: Lucario|71/100|[from] item: Life Orb
|
|upkeep
|
|t:|1769376014
|switch|p2a: Scizor|Scizor, M|100/100
|-activate|p2a: Scizor|move: Sticky Web
|-unboost|p2a: Scizor|spe|1
|turn|8
|
|t:|1769376025
|move|p2a: Scizor|Bullet Punch|p1a: Lucario
|-resisted|p1a: Lucario
|-damage|p1a: Lucario|0 fnt
|faint|p1a: Lucario
|
|upkeep
|
|t:|1769376029
|switch|p1a: Houndoom|Houndoom, M|100/100
|turn|9
|
|t:|1769376032
|move|p2a: Scizor|Bullet Punch|p1a: Houndoom
|-resisted|p1a: Houndoom
|-damage|p1a: Houndoom|44/100
|move|p1a: Houndoom|Flamethrower|p2a: Scizor
|-supereffective|p2a: Scizor
|-damage|p2a: Scizor|0 fnt
|faint|p2a: Scizor
|
|upkeep
|
|t:|1769376035
|switch|p2a: Dragonite|Dragonite, F|100/100
|turn|10
|
|t:|1769376046
|move|p1a: Houndoom|Dark Pulse|p2a: Dragonite
|-damage|p2a: Dragonite|80/100
|move|p2a: Dragonite|Dragon Dance|p2a: Dragonite
|-boost|p2a: Dragonite|atk|1
|-boost|p2a: Dragonite|spe|1
|
|upkeep
|turn|11
|
|t:|1769376054
|move|p2a: Dragonite|Dragon Dance|p2a: Dragonite
|-boost|p2a: Dragonite|atk|1
|-boost|p2a: Dragonite|spe|1
|move|p1a: Houndoom|Dark Pulse|p2a: Dragonite
|-damage|p2a: Dragonite|42/100
|
|upkeep
|turn|12
|
|t:|1769376057
|move|p2a: Dragonite|Extreme Speed|p1a: Houndoom
|-damage|p1a: Houndoom|0 fnt
|faint|p1a: Houndoom
|
|upkeep
|
|t:|1769376064
|switch|p1a: Meowscarada|Meowscarada, F|100/100
|turn|13
|
|t:|1769376069
|move|p2a: Dragonite|Ice Spinner|p1a: Meowscarada
|-supereffective|p1a: Meowscarada
|-damage|p1a: Meowscarada|0 fnt
|faint|p1a: Meowscarada
|
|upkeep
|
|t:|1769376072
|switch|p1a: Dragonite|Dragonite, M|100/100
|turn|14
|
|t:|1769376075
|move|p2a: Dragonite|Ice Spinner|p1a: Dragonite
|-supereffective|p1a: Dragonite
|-damage|p1a: Dragonite|0 fnt
|faint|p1a: Dragonite
|
|win|poktt
|raw|shrimpgoblin's rating: 1152 &rarr; <strong>1127</strong><br />(-25 for losing)
|raw|poktt's rating: 1156 &rarr; <strong>1181</strong><br />(+25 for winning)
|c|☆shrimpgoblin|gg
|c|☆poktt|gg
|l|☆shrimpgoblin
|player|p1|
|l|☆poktt
|player|p2|
