|j|☆Above ur wayss
|j|☆blckd out
|t:|1769404394
|gametype|singles
|player|p1|Above ur wayss|170|1657
|player|p2|blckd out|lucas-gen4pt|1596
|gen|9
|tier|[Gen 9] OU
|rated|
|rule|HP Percentage Mod: HP is shown in percentages
|rule|Endless Battle Clause: Forcing endless battles is banned
|rule|Species Clause: Limit one of each Pokémon
|rule|OHKO Clause: OHKO moves are banned
|rule|Evasion Items Clause: Evasion items are banned
|rule|Evasion Moves Clause: Evasion moves are banned
|rule|Evasion Abilities Clause: Evasion abilities are banned
|rule|Sleep Moves Clause: Sleep-inducing moves are banned
|clearpoke
|poke|p1|Kyurem|
|poke|p1|Cinderace, F|
|poke|p1|Landorus-Therian, M|
|poke|p1|Kingambit, M|
|poke|p1|Glimmora, M|
|poke|p1|Dragapult, F|
|poke|p2|Gholdengo|
|poke|p2|Raging Bolt|
|poke|p2|Ceruledge, F|
|poke|p2|Ribombee, M|
|poke|p2|Ogerpon-Wellspring, F|
|poke|p2|Great Tusk|
|teampreview
|inactive|Battle timer is ON: inactive players will automatically lose when time's up. (requested by Above ur wayss)
|
|t:|1769404430
|teamsize|p1|6
|teamsize|p2|6
|start
|switch|p1a: Glimmora|Glimmora, M|100/100
|switch|p2a: Ogerpon|Ogerpon-Wellspring, F|100/100
|turn|1
|
|t:|1769404441
|switch|p1a: Dragapult|Dragapult, F|100/100
|move|p2a: Ogerpon|Ivy Cudgel|p1a: Dragapult|[anim] Ivy Cudgel Water
|-resisted|p1a: Dragapult
|-crit|p1a: Dragapult
|-damage|p1a: Dragapult|45/100
|
|upkeep
|turn|2
|j| Shucklepilled
|
|t:|1769404468
|move|p1a: Dragapult|U-turn|p2a: Ogerpon
|-supereffective|p2a: Ogerpon
|-damage|p2a: Ogerpon|55/100
|
|t:|1769404474
|switch|p1a: Cinderace|Cinderace, F|100/100|[from] U-turn
|move|p2a: Ogerpon|Swords Dance|p2a: Ogerpon
|-boost|p2a: Ogerpon|atk|2
|
|upkeep
|turn|3
|
|t:|1769404482
|move|p1a: Cinderace|Gunk Shot|p2a: Ogerpon|[miss]
|-start|p1a: Cinderace|typechange|Poison|[from] ability: Libero
|-miss|p1a: Cinderace|p2a: Ogerpon
|move|p2a: Ogerpon|Ivy Cudgel|p1a: Cinderace|[anim] Ivy Cudgel Water
|-damage|p1a: Cinderace|0 fnt
|faint|p1a: Cinderace
|
|upkeep
|
|t:|1769404493
|switch|p1a: Dragapult|Dragapult, F|45/100
|turn|4
|
|t:|1769404496
|move|p1a: Dragapult|Draco Meteor|p2a: Ogerpon
|-damage|p2a: Ogerpon|0 fnt
|-unboost|p1a: Dragapult|spa|2
|faint|p2a: Ogerpon
|
|upkeep
|
|t:|1769404500
|switch|p2a: Gholdengo|Gholdengo|100/100
|-item|p2a: Gholdengo|Air Balloon
|turn|5
|
|t:|1769404508
|switch|p1a: Kingambit|Kingambit, M|100/100
|-activate|p1a: Kingambit|ability: Supreme Overlord
|-start|p1a: Kingambit|fallen1|[silent]
|move|p2a: Gholdengo|Nasty Plot|p2a: Gholdengo
|-boost|p2a: Gholdengo|spa|2
|
|upkeep
|turn|6
|
|t:|1769404513
|-terastallize|p2a: Gholdengo|Fairy
|move|p1a: Kingambit|Sucker Punch|p2a: Gholdengo
|-resisted|p2a: Gholdengo
|-damage|p2a: Gholdengo|77/100
|-enditem|p2a: Gholdengo|Air Balloon
|move|p2a: Gholdengo|Dazzling Gleam|p1a: Kingambit
|-damage|p1a: Kingambit|0 fnt
|faint|p1a: Kingambit
|-end|p1a: Kingambit|fallen1|[silent]
|
|upkeep
|
|t:|1769404528
|switch|p1a: Landorus|Landorus-Therian, M|100/100
|-ability|p1a: Landorus|Intimidate|boost
|-unboost|p2a: Gholdengo|atk|1
|turn|7
|
|t:|1769404546
|move|p1a: Landorus|Earthquake|p2a: Gholdengo
|-damage|p2a: Gholdengo|20/100
|move|p2a: Gholdengo|Shadow Ball|p1a: Landorus
|-damage|p1a: Landorus|0 fnt
|faint|p1a: Landorus
|
|upkeep
|
|t:|1769404561
|switch|p1a: Dragapult|Dragapult, F|45/100
|turn|8
|
|t:|1769404567
|move|p1a: Dragapult|Shadow Ball|p2a: Gholdengo
|-damage|p2a: Gholdengo|0 fnt
|faint|p2a: Gholdengo
|
|upkeep
|
|t:|1769404570
|switch|p2a: Ribombee|Ribombee, M|100/100
|turn|9
|
|t:|1769404573
|switch|p1a: Glimmora|Glimmora, M|100/100
|move|p2a: Ribombee|Sticky Web|p1a: Glimmora
|-sidestart|p1: Above ur wayss|move: Sticky Web
|
|upkeep
|turn|10
|
|t:|1769404579
|move|p2a: Ribombee|Stun Spore|p1a: Glimmora
|-status|p1a: Glimmora|par
|move|p1a: Glimmora|Mortal Spin|p2a: Ribombee
|-supereffective|p2a: Ribombee
|-damage|p2a: Ribombee|75/100
|-sideend|p1: Above ur wayss|Sticky Web|[from] move: Mortal Spin|[of] p1a: Glimmora
|
|upkeep
|turn|11
|inactive|blckd out has 120 seconds left.
|-message|blckd out forfeited.
|
|win|Above ur wayss
|raw|Above ur wayss's rating: 1634 &rarr; <strong>1651</strong><br />(+17 for winning)
|raw|blckd out's rating: 1578 &rarr; <strong>1561</strong><br />(-17 for losing)
|l|☆blckd out
|player|p2|
|l|☆Above ur wayss
|player|p1|
|l| Shucklepilled
