|j|☆drugty
|j|☆Ganondorf04
|t:|1769419984
|gametype|singles
|player|p1|drugty|2|1537
|player|p2|Ganondorf04|102|1538
|gen|9
|tier|[Gen 9] OU
|rated|
|rule|HP Percentage Mod: HP is shown in percentages
|rule|Endless Battle Clause: Forcing endless battles is banned
|rule|Species Clause: Limit one of each Pokémon
|rule|OHKO Clause: OHKO moves are banned
|rule|Evasion Items Clause: Evasion items are banned
|rule|Evasion Moves Clause: Evasion moves are banned
|rule|Evasion Abilities Clause: Evasion abilities are banned
|rule|Sleep Moves Clause: Sleep-inducing moves are banned
|clearpoke
|poke|p1|Dragapult, F|
|poke|p1|Alomomola, F|
|poke|p1|Ting-Lu|
|poke|p1|Kyurem|
|poke|p1|Corviknight, F|
|poke|p1|Clefable, F|
|poke|p2|Scizor, M|
|poke|p2|Kyurem|
|poke|p2|Hoopa-Unbound|
|poke|p2|Zamazenta-*|
|poke|p2|Raging Bolt|
|poke|p2|Pecharunt|
|teampreview
|inactive|Battle timer is ON: inactive players will automatically lose when time's up. (requested by drugty)
|
|t:|1769419999
|teamsize|p1|6
|teamsize|p2|6
|start
|switch|p1a: Dragapult|Dragapult, F|100/100
|switch|p2a: Kyurem|Kyurem|100/100
|-ability|p2a: Kyurem|Pressure
|turn|1
|
|t:|1769420006
|-terastallize|p2a: Kyurem|Electric
|move|p1a: Dragapult|Dragon Darts|p2a: Kyurem
|-damage|p2a: Kyurem|65/100
|-anim|p1a: Dragapult|Dragon Darts|p2a: Kyurem
|-damage|p2a: Kyurem|30/100
|move|p2a: Kyurem|Dragon Dance|p2a: Kyurem
|-boost|p2a: Kyurem|atk|1
|-boost|p2a: Kyurem|spe|1
|
|upkeep
|turn|2
|
|t:|1769420020
|switch|p1a: Alomomola|Alomomola, F|100/100
|move|p2a: Kyurem|Icicle Spear|p1a: Alomomola
|-resisted|p1a: Alomomola
|-damage|p1a: Alomomola|95/100
|-resisted|p1a: Alomomola
|-damage|p1a: Alomomola|89/100
|-resisted|p1a: Alomomola
|-damage|p1a: Alomomola|84/100
|-resisted|p1a: Alomomola
|-damage|p1a: Alomomola|78/100
|-resisted|p1a: Alomomola
|-damage|p1a: Alomomola|73/100
|-hitcount|p1a: Alomomola|5
|
|upkeep
|turn|3
|
|t:|1769420028
|switch|p1a: Clefable|Clefable, F|100/100
|move|p2a: Kyurem|Tera Blast|p1a: Clefable|[anim] Tera Blast Electric
|-damage|p1a: Clefable|66/100
|
|-heal|p1a: Clefable|72/100|[from] item: Leftovers
|upkeep
|turn|4
|
|t:|1769420033
|move|p2a: Kyurem|Iron Head|p1a: Clefable
|-supereffective|p1a: Clefable
|-damage|p1a: Clefable|32/100
|move|p1a: Clefable|Moonblast|p2a: Kyurem
|-damage|p2a: Kyurem|2/100
|-unboost|p2a: Kyurem|spa|1
|
|-heal|p1a: Clefable|38/100|[from] item: Leftovers
|upkeep
|turn|5
|
|t:|1769420045
|-terastallize|p1a: Clefable|Steel
|move|p2a: Kyurem|Icicle Spear|p1a: Clefable
|-resisted|p1a: Clefable
|-damage|p1a: Clefable|33/100
|-resisted|p1a: Clefable
|-damage|p1a: Clefable|28/100
|-resisted|p1a: Clefable
|-damage|p1a: Clefable|24/100
|-resisted|p1a: Clefable
|-damage|p1a: Clefable|18/100
|-resisted|p1a: Clefable
|-damage|p1a: Clefable|13/100
|-hitcount|p1a: Clefable|5
|move|p1a: Clefable|Moonlight|p1a: Clefable
|-heal|p1a: Clefable|63/100
|
|-heal|p1a: Clefable|69/100|[from] item: Leftovers
|upkeep
|turn|6
|
|t:|1769420058
|switch|p2a: Scizor|Scizor, M|100/100
|move|p1a: Clefable|Moonlight|p1a: Clefable
|-heal|p1a: Clefable|100/100
|
|upkeep
|turn|7
|
|t:|1769420065
|switch|p1a: Alomomola|Alomomola, F|100/100
|move|p2a: Scizor|U-turn|p1a: Alomomola
|-damage|p1a: Alomomola|80/100
|-damage|p2a: Scizor|84/100|[from] item: Rocky Helmet|[of] p1a: Alomomola
|
|t:|1769420068
|switch|p2a: Raging Bolt|Raging Bolt|100/100|[from] U-turn
|
|upkeep
|turn|8
|
|t:|1769420071
|-end|p2a: Raging Bolt|Protosynthesis|[silent]
|switch|p2a: Kyurem|Kyurem, tera:Electric|2/100
|-ability|p2a: Kyurem|Pressure
|switch|p1a: Ting-Lu|Ting-Lu|100/100
|-ability|p1a: Ting-Lu|Vessel of Ruin
|
|upkeep
|turn|9
|
|t:|1769420079
|switch|p1a: Alomomola|Alomomola, F|100/100
|move|p2a: Kyurem|Icicle Spear|p1a: Alomomola
|-resisted|p1a: Alomomola
|-damage|p1a: Alomomola|97/100
|-resisted|p1a: Alomomola
|-damage|p1a: Alomomola|93/100
|-resisted|p1a: Alomomola
|-damage|p1a: Alomomola|89/100
|-resisted|p1a: Alomomola
|-damage|p1a: Alomomola|86/100
|-hitcount|p1a: Alomomola|4
|
|upkeep
|turn|10
|l|☆Ganondorf04
|inactive|Ganondorf04 disconnected and has a minute to reconnect!
|player|p2|
|inactive|Ganondorf04 has 30 seconds to reconnect!
|inactive|Ganondorf04 has 20 seconds to reconnect!
|inactive|Ganondorf04 has 15 seconds to reconnect!
|inactive|Ganondorf04 has 10 seconds to reconnect!
|inactive|Ganondorf04 has 5 seconds to reconnect!
|-message|Ganondorf04 lost due to inactivity.
|
|win|drugty
|raw|drugty's rating: 1537 &rarr; <strong>1557</strong><br />(+20 for winning)
|raw|Ganondorf04's rating: 1538 &rarr; <strong>1518</strong><br />(-20 for losing)
|l|☆drugty
|player|p1|
