|j|☆monoev
|j|☆SDLU
|t:|1769351219
|gametype|singles
|player|p1|monoev|youngcouple-gen4dp|1309
|player|p2|SDLU|1|1387
|gen|9
|tier|[Gen 9] OU
|rated|
|rule|HP Percentage Mod: HP is shown in percentages
|rule|Endless Battle Clause: Forcing endless battles is banned
|rule|Species Clause: Limit one of each Pokémon
|rule|OHKO Clause: OHKO moves are banned
|rule|Evasion Items Clause: Evasion items are banned
|rule|Evasion Moves Clause: Evasion moves are banned
|rule|Evasion Abilities Clause: Evasion abilities are banned
|rule|Sleep Moves Clause: Sleep-inducing moves are banned
|clearpoke
|poke|p1|Ceruledge, M|
|poke|p1|Corviknight, M|
|poke|p1|Chansey, F|
|poke|p1|Greninja-*, M|
|poke|p1|Rhyperior, F|
|poke|p1|Dragapult, F|
|poke|p2|Dragapult, M|
|poke|p2|Rotom-Wash|
|poke|p2|Skeledirge, F|
|poke|p2|Garganacl, M|
|poke|p2|Corviknight, M|
|poke|p2|Moltres|
|teampreview
|inactive|Battle timer is ON: inactive players will automatically lose when time's up. (requested by SDLU)
|
|t:|1769351229
|teamsize|p1|6
|teamsize|p2|6
|start
|switch|p1a: Dragapult|Dragapult, F|100/100
|switch|p2a: Garganacl|Garganacl, M|100/100
|turn|1
|
|t:|1769351234
|move|p2a: Garganacl|Protect|p2a: Garganacl
|-singleturn|p2a: Garganacl|Protect
|move|p1a: Dragapult|U-turn|p2a: Garganacl
|-activate|p2a: Garganacl|move: Protect
|
|upkeep
|turn|2
|
|t:|1769351239
|switch|p2a: Corviknight|Corviknight, M|100/100
|move|p1a: Dragapult|U-turn|p2a: Corviknight
|-resisted|p2a: Corviknight
|-damage|p2a: Corviknight|97/100
|-damage|p1a: Dragapult|84/100|[from] item: Rocky Helmet|[of] p2a: Corviknight
|
|t:|1769351247
|switch|p1a: Greninja|Greninja, M|100/100|[from] U-turn
|
|upkeep
|turn|3
|
|t:|1769351266
|move|p1a: Greninja|Hydro Pump|p2a: Corviknight|[miss]
|-miss|p1a: Greninja|p2a: Corviknight
|move|p2a: Corviknight|U-turn|p1a: Greninja
|-supereffective|p1a: Greninja
|-damage|p1a: Greninja|51/100
|
|t:|1769351273
|switch|p2a: Dragapult|Dragapult, M|100/100|[from] U-turn
|
|upkeep
|turn|4
|
|t:|1769351280
|switch|p1a: Chansey|Chansey, F|100/100
|move|p2a: Dragapult|Dragon Darts|p1a: Chansey
|-damage|p1a: Chansey|76/100
|-anim|p2a: Dragapult|Dragon Darts|p1a: Chansey
|-damage|p1a: Chansey|53/100
|
|upkeep
|turn|5
|
|t:|1769351288
|move|p2a: Dragapult|Dragon Darts|p1a: Chansey
|-damage|p1a: Chansey|30/100
|-anim|p2a: Dragapult|Dragon Darts|p1a: Chansey
|-crit|p1a: Chansey
|-damage|p1a: Chansey|0 fnt
|faint|p1a: Chansey
|
|upkeep
|
|t:|1769351301
|switch|p1a: Dragapult|Dragapult, F|84/100
|turn|6
|
|t:|1769351306
|switch|p2a: Corviknight|Corviknight, M|97/100
|move|p1a: Dragapult|Shadow Ball|p2a: Corviknight
|-damage|p2a: Corviknight|63/100
|
|upkeep
|turn|7
|
|t:|1769351312
|move|p1a: Dragapult|Shadow Ball|p2a: Corviknight
|-damage|p2a: Corviknight|29/100
|move|p2a: Corviknight|Roost|p2a: Corviknight
|-heal|p2a: Corviknight|79/100
|-singleturn|p2a: Corviknight|move: Roost
|
|upkeep
|turn|8
|
|t:|1769351315
|switch|p1a: Corviknight|Corviknight, M|100/100
|move|p2a: Corviknight|U-turn|p1a: Corviknight
|-resisted|p1a: Corviknight
|-damage|p1a: Corviknight|98/100
|-damage|p2a: Corviknight|63/100|[from] item: Rocky Helmet|[of] p1a: Corviknight
|
|t:|1769351324
|switch|p2a: Moltres|Moltres|100/100|[from] U-turn
|
|upkeep
|turn|9
|
|t:|1769351330
|switch|p1a: Rhyperior|Rhyperior, F|100/100
|move|p2a: Moltres|Flamethrower|p1a: Rhyperior
|-resisted|p1a: Rhyperior
|-damage|p1a: Rhyperior|86/100
|-status|p1a: Rhyperior|brn
|
|-damage|p1a: Rhyperior|80/100 brn|[from] brn
|upkeep
|turn|10
|-message|monoev forfeited.
|
|win|SDLU
|raw|monoev's rating: 1309 &rarr; <strong>1293</strong><br />(-16 for losing)
|raw|SDLU's rating: 1387 &rarr; <strong>1403</strong><br />(+16 for winning)
|l|☆monoev
|player|p1|
|l|☆SDLU
|player|p2|
