|j|☆audb
|j|☆pueb
|t:|1769320395
|gametype|singles
|player|p1|audb|lass-gen4dp|1054
|player|p2|pueb|ethan|1074
|gen|9
|tier|[Gen 9] OU
|rated|
|rule|HP Percentage Mod: HP is shown in percentages
|rule|Endless Battle Clause: Forcing endless battles is banned
|rule|Species Clause: Limit one of each Pokémon
|rule|OHKO Clause: OHKO moves are banned
|rule|Evasion Items Clause: Evasion items are banned
|rule|Evasion Moves Clause: Evasion moves are banned
|rule|Evasion Abilities Clause: Evasion abilities are banned
|rule|Sleep Moves Clause: Sleep-inducing moves are banned
|clearpoke
|poke|p1|Thundurus-Therian, M|
|poke|p1|Meowscarada, F|
|poke|p1|Hatterene, F|
|poke|p1|Great Tusk|
|poke|p1|Toxapex, F|
|poke|p1|Slither Wing|
|poke|p2|Salazzle, F|
|poke|p2|Grimmsnarl, M|
|poke|p2|Kingambit, F|
|poke|p2|Dragonite, M|
|poke|p2|Iron Valiant|
|poke|p2|Great Tusk|
|teampreview
|j| gfitzy
|j| zzpj
|
|t:|1769320419
|teamsize|p1|6
|teamsize|p2|6
|start
|switch|p1a: Great Tusk|Great Tusk|100/100
|switch|p2a: p diddy|Grimmsnarl, M|100/100
|turn|1
|
|t:|1769320445
|move|p2a: p diddy|Reflect|p2a: p diddy
|-sidestart|p2: pueb|Reflect
|move|p1a: Great Tusk|Stealth Rock|p2a: p diddy
|-sidestart|p2: pueb|move: Stealth Rock
|
|upkeep
|turn|2
|
|t:|1769320477
|move|p2a: p diddy|Light Screen|p2a: p diddy
|-sidestart|p2: pueb|move: Light Screen
|move|p1a: Great Tusk|Stealth Rock||[still]
|-fail|p1a: Great Tusk
|
|upkeep
|turn|3
|
|t:|1769320496
|move|p1a: Great Tusk|Headlong Rush|p2a: p diddy
|-damage|p2a: p diddy|71/100
|-unboost|p1a: Great Tusk|def|1
|-unboost|p1a: Great Tusk|spd|1
|move|p2a: p diddy|Spirit Break|p1a: Great Tusk
|-supereffective|p1a: Great Tusk
|-damage|p1a: Great Tusk|40/100
|-unboost|p1a: Great Tusk|spa|1
|-damage|p2a: p diddy|54/100|[from] item: Rocky Helmet|[of] p1a: Great Tusk
|
|upkeep
|turn|4
|
|t:|1769320511
|-end|p1a: Great Tusk|Protosynthesis|[silent]
|switch|p1a: Toxapex|Toxapex, F|100/100
|move|p2a: p diddy|Spirit Break|p1a: Toxapex
|-resisted|p1a: Toxapex
|-damage|p1a: Toxapex|90/100
|-unboost|p1a: Toxapex|spa|1
|
|upkeep
|turn|5
|
|t:|1769320521
|move|p2a: p diddy|Taunt|p1a: Toxapex
|-start|p1a: Toxapex|move: Taunt
|move|p1a: Toxapex|Infestation|p2a: p diddy
|-damage|p2a: p diddy|53/100
|-activate|p2a: p diddy|move: Infestation|[of] p1a: Toxapex
|
|-damage|p2a: p diddy|41/100|[from] move: Infestation|[partiallytrapped]
|upkeep
|turn|6
|
|t:|1769320535
|move|p2a: p diddy|Spirit Break|p1a: Toxapex
|-resisted|p1a: Toxapex
|-damage|p1a: Toxapex|78/100
|-unboost|p1a: Toxapex|spa|1
|move|p1a: Toxapex|Sludge Bomb|p2a: p diddy
|-supereffective|p2a: p diddy
|-damage|p2a: p diddy|29/100
|
|-damage|p2a: p diddy|16/100|[from] move: Infestation|[partiallytrapped]
|upkeep
|turn|7
|
|t:|1769320560
|move|p2a: p diddy|Spirit Break|p1a: Toxapex
|-resisted|p1a: Toxapex
|-damage|p1a: Toxapex|65/100
|-unboost|p1a: Toxapex|spa|1
|move|p1a: Toxapex|Sludge Bomb|p2a: p diddy
|-supereffective|p2a: p diddy
|-damage|p2a: p diddy|8/100
|-status|p2a: p diddy|psn
|
|-damage|p2a: p diddy|0 fnt|[from] psn
|faint|p2a: p diddy
|-end|p1a: Toxapex|move: Taunt
|upkeep
|
|t:|1769320581
|switch|p2a: manny|Great Tusk|100/100
|-damage|p2a: manny|98/100|[from] Stealth Rock
|turn|8
|
|t:|1769320603
|switch|p1a: Hatterene|Hatterene, F|100/100
|move|p2a: manny|Rapid Spin|p1a: Hatterene
|-damage|p1a: Hatterene|87/100
|-boost|p2a: manny|spe|1
|-sideend|p2: pueb|Stealth Rock|[from] move: Rapid Spin|[of] p2a: manny
|
|-heal|p1a: Hatterene|93/100|[from] item: Leftovers
|-sideend|p2: pueb|Reflect
|upkeep
|turn|9
|
|t:|1769320638
|-end|p2a: manny|Protosynthesis|[silent]
|switch|p2a: samurai jack|Kingambit, F|100/100
|-activate|p2a: samurai jack|ability: Supreme Overlord
|-start|p2a: samurai jack|fallen1|[silent]
|move|p1a: Hatterene|Calm Mind|p1a: Hatterene
|-boost|p1a: Hatterene|spa|1
|-boost|p1a: Hatterene|spd|1
|
|-heal|p1a: Hatterene|99/100|[from] item: Leftovers
|-sideend|p2: pueb|move: Light Screen
|upkeep
|turn|10
|
|t:|1769320679
|switch|p1a: Toxapex|Toxapex, F|99/100
|move|p2a: samurai jack|Iron Head|p1a: Toxapex
|-resisted|p1a: Toxapex
|-crit|p1a: Toxapex
|-damage|p1a: Toxapex|65/100
|
|upkeep
|turn|11
|
|t:|1769320703
|move|p2a: samurai jack|Kowtow Cleave|p1a: Toxapex
|-damage|p1a: Toxapex|11/100
|move|p1a: Toxapex|Infestation|p2a: samurai jack
|-damage|p2a: samurai jack|95/100
|-activate|p2a: samurai jack|move: Infestation|[of] p1a: Toxapex
|
|-damage|p2a: samurai jack|83/100|[from] move: Infestation|[partiallytrapped]
|upkeep
|turn|12
|
|t:|1769320718
|switch|p1a: Slither Wing|Slither Wing|100/100
|move|p2a: samurai jack|Kowtow Cleave|p1a: Slither Wing
|-resisted|p1a: Slither Wing
|-damage|p1a: Slither Wing|59/100
|
|-end|p2a: samurai jack|Infestation|[partiallytrapped]|[silent]
|upkeep
|turn|13
|
|t:|1769320741
|-end|p2a: samurai jack|fallen1|[silent]
|switch|p2a: fat fuck.|Dragonite, M|100/100
|move|p1a: Slither Wing|Close Combat|p2a: fat fuck.
|-resisted|p2a: fat fuck.
|-damage|p2a: fat fuck.|81/100
|-unboost|p1a: Slither Wing|def|1
|-unboost|p1a: Slither Wing|spd|1
|
|upkeep
|turn|14
|
|t:|1769320764
|move|p1a: Slither Wing|U-turn|p2a: fat fuck.
|-resisted|p2a: fat fuck.
|-damage|p2a: fat fuck.|57/100
|
|t:|1769320776
|-end|p1a: Slither Wing|Protosynthesis|[silent]
|switch|p1a: Hatterene|Hatterene, F|99/100|[from] U-turn
|move|p2a: fat fuck.|Fire Punch|p1a: Hatterene
|-damage|p1a: Hatterene|72/100
|
|-heal|p1a: Hatterene|78/100|[from] item: Leftovers
|upkeep
|turn|15
|
|t:|1769320793
|switch|p2a: samurai jack|Kingambit, F|83/100
|-activate|p2a: samurai jack|ability: Supreme Overlord
|-start|p2a: samurai jack|fallen1|[silent]
|move|p1a: Hatterene|Draining Kiss|p2a: samurai jack
|-damage|p2a: samurai jack|56/100
|-heal|p1a: Hatterene|99/100|[from] drain|[of] p2a: samurai jack
|
|-heal|p1a: Hatterene|100/100|[from] item: Leftovers
|upkeep
|turn|16
|
|t:|1769320838
|switch|p1a: Thundurus|Thundurus-Therian, M|100/100
|move|p2a: samurai jack|Iron Head|p1a: Thundurus
|-resisted|p1a: Thundurus
|-damage|p1a: Thundurus|62/100
|
|upkeep
|turn|17
|
|t:|1769320849
|move|p2a: samurai jack|Sucker Punch|p1a: Thundurus
|-damage|p1a: Thundurus|0 fnt
|faint|p1a: Thundurus
|
|upkeep
|
|t:|1769320882
|switch|p1a: Slither Wing|Slither Wing|59/100
|turn|18
|
|t:|1769320905
|-end|p2a: samurai jack|fallen1|[silent]
|switch|p2a: fat fuck.|Dragonite, M|57/100
|move|p1a: Slither Wing|U-turn|p2a: fat fuck.
|-resisted|p2a: fat fuck.
|-damage|p2a: fat fuck.|36/100
|
|t:|1769320912
|-end|p1a: Slither Wing|Protosynthesis|[silent]
|switch|p1a: Hatterene|Hatterene, F|100/100|[from] U-turn
|
|upkeep
|turn|19
|
|t:|1769320921
|switch|p2a: samurai jack|Kingambit, F|56/100
|-activate|p2a: samurai jack|ability: Supreme Overlord
|-start|p2a: samurai jack|fallen1|[silent]
|move|p1a: Hatterene|Nuzzle|p2a: samurai jack
|-damage|p2a: samurai jack|53/100
|-status|p2a: samurai jack|par
|
|upkeep
|turn|20
|
|t:|1769320958
|move|p1a: Hatterene|Draining Kiss|p2a: samurai jack
|-damage|p2a: samurai jack|28/100 par
|move|p2a: samurai jack|Iron Head|p1a: Hatterene
|-supereffective|p1a: Hatterene
|-damage|p1a: Hatterene|6/100
|
|-heal|p1a: Hatterene|12/100|[from] item: Leftovers
|upkeep
|turn|21
|
|t:|1769320974
|switch|p1a: Meowscarada|Meowscarada, F|100/100
|cant|p2a: samurai jack|par
|
|upkeep
|turn|22
|
|t:|1769320997
|move|p2a: samurai jack|Sucker Punch|p1a: Meowscarada
|-resisted|p1a: Meowscarada
|-damage|p1a: Meowscarada|59/100
|move|p1a: Meowscarada|Triple Axel|p2a: samurai jack
|-start|p1a: Meowscarada|typechange|Ice|[from] ability: Protean
|-resisted|p2a: samurai jack
|-damage|p2a: samurai jack|24/100 par
|-resisted|p2a: samurai jack
|-damage|p2a: samurai jack|17/100 par
|-resisted|p2a: samurai jack
|-damage|p2a: samurai jack|4/100 par
|-hitcount|p2a: samurai jack|3
|
|upkeep
|turn|23
|
|t:|1769321011
|move|p2a: samurai jack|Sucker Punch|p1a: Meowscarada
|-damage|p1a: Meowscarada|0 fnt
|faint|p1a: Meowscarada
|
|upkeep
|
|t:|1769321016
|switch|p1a: Slither Wing|Slither Wing|59/100
|turn|24
|
|t:|1769321020
|move|p1a: Slither Wing|First Impression|p2a: samurai jack
|-damage|p2a: samurai jack|0 fnt
|faint|p2a: samurai jack
|-end|p2a: samurai jack|fallen1|[silent]
|
|upkeep
|
|t:|1769321024
|switch|p2a: fat fuck.|Dragonite, M|36/100
|turn|25
|
|t:|1769321034
|move|p1a: Slither Wing|U-turn|p2a: fat fuck.
|-resisted|p2a: fat fuck.
|-damage|p2a: fat fuck.|14/100
|
|t:|1769321051
|-end|p1a: Slither Wing|Protosynthesis|[silent]
|switch|p1a: Toxapex|Toxapex, F|44/100|[from] U-turn
|move|p2a: fat fuck.|Fire Punch|p1a: Toxapex
|-resisted|p1a: Toxapex
|-damage|p1a: Toxapex|34/100
|
|upkeep
|turn|26
|
|t:|1769321062
|move|p2a: fat fuck.|Earthquake|p1a: Toxapex
|-supereffective|p1a: Toxapex
|-damage|p1a: Toxapex|0 fnt
|faint|p1a: Toxapex
|
|upkeep
|
|t:|1769321068
|switch|p1a: Slither Wing|Slither Wing|59/100
|turn|27
|
|t:|1769321092
|move|p2a: fat fuck.|Extreme Speed|p1a: Slither Wing
|-damage|p1a: Slither Wing|14/100
|move|p1a: Slither Wing|Earthquake|p2a: fat fuck.
|-immune|p2a: fat fuck.
|
|upkeep
|turn|28
|-message|audb forfeited.
|
|win|pueb
|raw|audb's rating: 1054 &rarr; <strong>1037</strong><br />(-17 for losing)
|raw|pueb's rating: 1074 &rarr; <strong>1101</strong><br />(+27 for winning)
|l|☆audb
|player|p1|
|l| gfitzy
