|j|☆LordSivert
|j|☆maxmoefoe pokemon
|t:|1769353616
|gametype|singles
|player|p1|LordSivert|wattson|1602
|player|p2|maxmoefoe pokemon|266|1690
|gen|9
|tier|[Gen 9] OU
|rated|
|rule|HP Percentage Mod: HP is shown in percentages
|rule|Endless Battle Clause: Forcing endless battles is banned
|rule|Species Clause: Limit one of each Pokémon
|rule|OHKO Clause: OHKO moves are banned
|rule|Evasion Items Clause: Evasion items are banned
|rule|Evasion Moves Clause: Evasion moves are banned
|rule|Evasion Abilities Clause: Evasion abilities are banned
|rule|Sleep Moves Clause: Sleep-inducing moves are banned
|clearpoke
|poke|p1|Tyranitar, F|
|poke|p1|Excadrill, F|
|poke|p1|Toxapex, M|
|poke|p1|Tornadus-Therian, M|
|poke|p1|Ogerpon-Cornerstone, F|
|poke|p1|Iron Valiant|
|poke|p2|Enamorus, F|
|poke|p2|Iron Moth|
|poke|p2|Landorus-Therian, M|
|poke|p2|Kingambit, F|
|poke|p2|Ogerpon-Wellspring, F|
|poke|p2|Deoxys-Speed|
|teampreview
|
|t:|1769353648
|teamsize|p1|6
|teamsize|p2|6
|start
|switch|p1a: Tornadus|Tornadus-Therian, M|100/100
|switch|p2a: Landorus|Landorus-Therian, M|100/100
|-ability|p2a: Landorus|Intimidate|boost
|-unboost|p1a: Tornadus|atk|1
|turn|1
|
|t:|1769353696
|move|p1a: Tornadus|Bleakwind Storm|p2a: Landorus|[miss]
|-miss|p1a: Tornadus|p2a: Landorus
|move|p2a: Landorus|Stealth Rock|p1a: Tornadus
|-sidestart|p1: LordSivert|move: Stealth Rock
|
|upkeep
|turn|2
|
|t:|1769353722
|switch|p2a: Kingambit|Kingambit, F|100/100
|move|p1a: Tornadus|Bleakwind Storm|p2a: Kingambit
|-resisted|p2a: Kingambit
|-damage|p2a: Kingambit|62/100
|
|upkeep
|turn|3
|
|t:|1769353739
|switch|p1a: Toxapex|Toxapex, M|100/100
|-damage|p1a: Toxapex|88/100|[from] Stealth Rock
|move|p2a: Kingambit|Kowtow Cleave|p1a: Toxapex
|-damage|p1a: Toxapex|46/100
|-enditem|p1a: Toxapex|Eject Button
|
|t:|1769353755
|switch|p1a: Excadrill|Excadrill, F|100/100
|-damage|p1a: Excadrill|97/100|[from] Stealth Rock
|
|-heal|p1a: Excadrill|100/100|[from] item: Leftovers
|upkeep
|turn|4
|
|t:|1769353762
|-end|p2a: Kingambit|fallenundefined|[silent]
|switch|p2a: Landorus|Landorus-Therian, M|100/100
|-ability|p2a: Landorus|Intimidate|boost
|-unboost|p1a: Excadrill|atk|1
|move|p1a: Excadrill|Substitute|p1a: Excadrill
|-start|p1a: Excadrill|Substitute
|-damage|p1a: Excadrill|76/100
|
|-heal|p1a: Excadrill|82/100|[from] item: Leftovers
|upkeep
|turn|5
|
|t:|1769353770
|move|p2a: Landorus|Earth Power|p1a: Excadrill
|-supereffective|p1a: Excadrill
|-end|p1a: Excadrill|Substitute
|move|p1a: Excadrill|Rapid Spin|p2a: Landorus
|-damage|p2a: Landorus|87/100
|-boost|p1a: Excadrill|spe|1
|-damage|p1a: Excadrill|65/100|[from] item: Rocky Helmet|[of] p2a: Landorus
|-sideend|p1: LordSivert|Stealth Rock|[from] move: Rapid Spin|[of] p1a: Excadrill
|
|-heal|p1a: Excadrill|71/100|[from] item: Leftovers
|upkeep
|turn|6
|
|t:|1769353781
|switch|p1a: Tornadus|Tornadus-Therian, M|100/100
|move|p2a: Landorus|Earth Power|p1a: Tornadus
|-immune|p1a: Tornadus
|
|upkeep
|turn|7
|
|t:|1769353801
|move|p1a: Tornadus|Bleakwind Storm|p2a: Landorus
|-damage|p2a: Landorus|9/100
|move|p2a: Landorus|Stealth Rock|p1a: Tornadus
|-sidestart|p1: LordSivert|move: Stealth Rock
|
|upkeep
|turn|8
|
|t:|1769353807
|move|p1a: Tornadus|Bleakwind Storm|p2a: Landorus
|-damage|p2a: Landorus|0 fnt
|faint|p2a: Landorus
|
|upkeep
|
|t:|1769353813
|switch|p2a: Kingambit|Kingambit, F|62/100
|-activate|p2a: Kingambit|ability: Supreme Overlord
|-start|p2a: Kingambit|fallen1|[silent]
|turn|9
|
|t:|1769353827
|switch|p1a: Tyranitar|Tyranitar, F|100/100
|-damage|p1a: Tyranitar|88/100|[from] Stealth Rock
|-weather|Sandstorm|[from] ability: Sand Stream|[of] p1a: Tyranitar
|move|p2a: Kingambit|Kowtow Cleave|p1a: Tyranitar
|-resisted|p1a: Tyranitar
|-damage|p1a: Tyranitar|62/100
|
|-weather|Sandstorm|[upkeep]
|upkeep
|turn|10
|
|t:|1769353831
|move|p1a: Tyranitar|Low Kick|p2a: Kingambit
|-supereffective|p2a: Kingambit
|-damage|p2a: Kingambit|0 fnt
|faint|p2a: Kingambit
|-end|p2a: Kingambit|fallen1|[silent]
|
|-weather|Sandstorm|[upkeep]
|upkeep
|
|t:|1769353841
|switch|p2a: Ogerpon|Ogerpon-Wellspring, F|100/100
|turn|11
|
|t:|1769353849
|switch|p1a: Toxapex|Toxapex, M|80/100
|-damage|p1a: Toxapex|67/100|[from] Stealth Rock
|move|p2a: Ogerpon|Ivy Cudgel|p1a: Toxapex|[anim] Ivy Cudgel Water
|-resisted|p1a: Toxapex
|-damage|p1a: Toxapex|46/100
|
|-weather|Sandstorm|[upkeep]
|-damage|p2a: Ogerpon|95/100|[from] Sandstorm
|-damage|p1a: Toxapex|40/100|[from] Sandstorm
|upkeep
|turn|12
|
|t:|1769353857
|move|p2a: Ogerpon|Spikes|p1a: Toxapex
|-sidestart|p1: LordSivert|Spikes
|move|p1a: Toxapex|Recover|p1a: Toxapex
|-heal|p1a: Toxapex|90/100
|
|-weather|Sandstorm|[upkeep]
|-damage|p2a: Ogerpon|89/100|[from] Sandstorm
|-damage|p1a: Toxapex|84/100|[from] Sandstorm
|upkeep
|turn|13
|
|t:|1769353862
|move|p2a: Ogerpon|Power Whip|p1a: Toxapex
|-damage|p1a: Toxapex|37/100
|move|p1a: Toxapex|Toxic|p2a: Ogerpon
|-status|p2a: Ogerpon|tox
|
|-weather|Sandstorm|[upkeep]
|-damage|p2a: Ogerpon|83/100 tox|[from] Sandstorm
|-damage|p1a: Toxapex|32/100|[from] Sandstorm
|-damage|p2a: Ogerpon|77/100 tox|[from] psn
|upkeep
|turn|14
|
|t:|1769353873
|switch|p1a: Tornadus|Tornadus-Therian, M|100/100
|-damage|p1a: Tornadus|76/100|[from] Stealth Rock
|move|p2a: Ogerpon|Power Whip|p1a: Tornadus
|-resisted|p1a: Tornadus
|-damage|p1a: Tornadus|24/100
|
|-weather|Sandstorm|[upkeep]
|-damage|p1a: Tornadus|18/100|[from] Sandstorm
|-damage|p2a: Ogerpon|71/100 tox|[from] Sandstorm
|-damage|p2a: Ogerpon|59/100 tox|[from] psn
|upkeep
|turn|15
|
|t:|1769353905
|switch|p2a: Deoxys|Deoxys-Speed|100/100
|-ability|p2a: Deoxys|Pressure
|move|p1a: Tornadus|Bleakwind Storm|p2a: Deoxys
|-damage|p2a: Deoxys|0 fnt
|faint|p2a: Deoxys
|
|-weather|Sandstorm|[upkeep]
|-damage|p1a: Tornadus|12/100|[from] Sandstorm
|upkeep
|
|t:|1769353913
|switch|p2a: Iron Moth|Iron Moth|100/100
|-enditem|p2a: Iron Moth|Booster Energy
|-activate|p2a: Iron Moth|ability: Quark Drive|[fromitem]
|-start|p2a: Iron Moth|quarkdrivespe
|turn|16
|
|t:|1769353924
|switch|p1a: Toxapex|Toxapex, M|65/100
|-damage|p1a: Toxapex|53/100|[from] Stealth Rock
|-damage|p1a: Toxapex|40/100|[from] Spikes
|move|p2a: Iron Moth|Fiery Dance|p1a: Toxapex
|-resisted|p1a: Toxapex
|-damage|p1a: Toxapex|27/100
|
|-weather|none
|upkeep
|turn|17
|
|t:|1769353933
|move|p2a: Iron Moth|Psychic|p1a: Toxapex
|-supereffective|p1a: Toxapex
|-damage|p1a: Toxapex|0 fnt
|faint|p1a: Toxapex
|
|upkeep
|
|t:|1769353939
|switch|p1a: Tyranitar|Tyranitar, F|62/100
|-damage|p1a: Tyranitar|50/100|[from] Stealth Rock
|-damage|p1a: Tyranitar|37/100|[from] Spikes
|-weather|Sandstorm|[from] ability: Sand Stream|[of] p1a: Tyranitar
|turn|18
|
|t:|1769353945
|move|p2a: Iron Moth|Substitute|p2a: Iron Moth
|-start|p2a: Iron Moth|Substitute
|-damage|p2a: Iron Moth|76/100
|move|p1a: Tyranitar|Knock Off|p2a: Iron Moth
|-end|p2a: Iron Moth|Substitute
|
|-weather|Sandstorm|[upkeep]
|-damage|p2a: Iron Moth|70/100|[from] Sandstorm
|upkeep
|turn|19
|
|t:|1769353949
|move|p2a: Iron Moth|Fiery Dance|p1a: Tyranitar
|-resisted|p1a: Tyranitar
|-damage|p1a: Tyranitar|23/100
|move|p1a: Tyranitar|Knock Off|p2a: Iron Moth
|-damage|p2a: Iron Moth|13/100
|
|-weather|Sandstorm|[upkeep]
|-damage|p2a: Iron Moth|7/100|[from] Sandstorm
|upkeep
|turn|20
|
|t:|1769353956
|move|p2a: Iron Moth|Fiery Dance|p1a: Tyranitar
|-resisted|p1a: Tyranitar
|-damage|p1a: Tyranitar|10/100
|-boost|p2a: Iron Moth|spa|1
|move|p1a: Tyranitar|Stealth Rock|p2a: Iron Moth
|-sidestart|p2: maxmoefoe pokemon|move: Stealth Rock
|
|-weather|Sandstorm|[upkeep]
|-damage|p2a: Iron Moth|0 fnt|[from] Sandstorm
|faint|p2a: Iron Moth
|-end|p2a: Iron Moth|Quark Drive|[silent]
|upkeep
|
|t:|1769353963
|switch|p2a: Enamorus|Enamorus, F|100/100
|-damage|p2a: Enamorus|76/100|[from] Stealth Rock
|turn|21
|
|t:|1769353968
|move|p2a: Enamorus|Substitute|p2a: Enamorus
|-start|p2a: Enamorus|Substitute
|-damage|p2a: Enamorus|51/100
|move|p1a: Tyranitar|Ice Punch|p2a: Enamorus
|-supereffective|p2a: Enamorus
|-end|p2a: Enamorus|Substitute
|
|-weather|Sandstorm|[upkeep]
|-damage|p2a: Enamorus|45/100|[from] Sandstorm
|-heal|p2a: Enamorus|51/100|[from] item: Leftovers
|upkeep
|turn|22
|
|t:|1769353980
|move|p2a: Enamorus|Superpower|p1a: Tyranitar
|-supereffective|p1a: Tyranitar
|-damage|p1a: Tyranitar|0 fnt
|-boost|p2a: Enamorus|atk|1
|-boost|p2a: Enamorus|def|1
|faint|p1a: Tyranitar
|
|-weather|Sandstorm|[upkeep]
|-damage|p2a: Enamorus|45/100|[from] Sandstorm
|-heal|p2a: Enamorus|51/100|[from] item: Leftovers
|upkeep
|
|t:|1769353983
|switch|p1a: Excadrill|Excadrill, F|71/100
|-damage|p1a: Excadrill|68/100|[from] Stealth Rock
|-damage|p1a: Excadrill|56/100|[from] Spikes
|turn|23
|
|t:|1769353992
|-terastallize|p2a: Enamorus|Ground
|move|p1a: Excadrill|Rapid Spin|p2a: Enamorus
|-damage|p2a: Enamorus|31/100
|-boost|p1a: Excadrill|spe|1
|-sideend|p1: LordSivert|Spikes|[from] move: Rapid Spin|[of] p1a: Excadrill
|-sideend|p1: LordSivert|Stealth Rock|[from] move: Rapid Spin|[of] p1a: Excadrill
|move|p2a: Enamorus|Superpower|p1a: Excadrill
|-supereffective|p1a: Excadrill
|-damage|p1a: Excadrill|0 fnt
|-boost|p2a: Enamorus|atk|1
|-boost|p2a: Enamorus|def|1
|faint|p1a: Excadrill
|
|-weather|Sandstorm|[upkeep]
|-heal|p2a: Enamorus|37/100|[from] item: Leftovers
|upkeep
|
|t:|1769354003
|switch|p1a: Iron Valiant|Iron Valiant|100/100
|turn|24
|
|t:|1769354006
|move|p1a: Iron Valiant|Moonblast|p2a: Enamorus
|-damage|p2a: Enamorus|0 fnt
|faint|p2a: Enamorus
|
|-weather|Sandstorm|[upkeep]
|-damage|p1a: Iron Valiant|94/100|[from] Sandstorm
|upkeep
|
|t:|1769354009
|switch|p2a: Ogerpon|Ogerpon-Wellspring, F|59/100 tox
|-damage|p2a: Ogerpon|46/100 tox|[from] Stealth Rock
|turn|25
|
|t:|1769354015
|move|p1a: Iron Valiant|Moonblast|p2a: Ogerpon
|-damage|p2a: Ogerpon|0 fnt
|faint|p2a: Ogerpon
|
|win|LordSivert
|raw|LordSivert's rating: 1602 &rarr; <strong>1627</strong><br />(+25 for winning)
|raw|maxmoefoe pokemon's rating: 1690 &rarr; <strong>1665</strong><br />(-25 for losing)
|l|☆LordSivert
|player|p1|
