|j|☆jiyurey
|j|☆BigBackV
|t:|1769329327
|gametype|singles
|player|p1|jiyurey|169|1078
|player|p2|BigBackV|biker-gen4|1152
|gen|9
|tier|[Gen 9] OU
|rated|
|rule|HP Percentage Mod: HP is shown in percentages
|rule|Endless Battle Clause: Forcing endless battles is banned
|rule|Species Clause: Limit one of each Pokémon
|rule|OHKO Clause: OHKO moves are banned
|rule|Evasion Items Clause: Evasion items are banned
|rule|Evasion Moves Clause: Evasion moves are banned
|rule|Evasion Abilities Clause: Evasion abilities are banned
|rule|Sleep Moves Clause: Sleep-inducing moves are banned
|clearpoke
|poke|p1|Great Tusk|
|poke|p1|Garganacl, M|
|poke|p1|Dragapult, M|
|poke|p1|Kingambit, F|
|poke|p1|Dondozo, F|
|poke|p1|Iron Crown|
|poke|p2|Jolteon, F|
|poke|p2|Pelipper, M|
|poke|p2|Ting-Lu|
|poke|p2|Okidogi, M|
|poke|p2|Bruxish, F|
|poke|p2|Charjabug, M|
|teampreview
|
|t:|1769329347
|teamsize|p1|6
|teamsize|p2|6
|start
|switch|p1a: Great Tusk|Great Tusk|100/100
|switch|p2a: Charjabug|Charjabug, M|100/100
|-enditem|p1a: Great Tusk|Booster Energy
|-activate|p1a: Great Tusk|ability: Protosynthesis|[fromitem]
|-start|p1a: Great Tusk|protosynthesisatk
|turn|1
|
|t:|1769329357
|move|p1a: Great Tusk|Rapid Spin|p2a: Charjabug
|-damage|p2a: Charjabug|84/100
|-boost|p1a: Great Tusk|spe|1
|move|p2a: Charjabug|Sticky Web|p1a: Great Tusk
|-sidestart|p1: jiyurey|move: Sticky Web
|
|upkeep
|turn|2
|
|t:|1769329364
|move|p1a: Great Tusk|Rapid Spin|p2a: Charjabug
|-damage|p2a: Charjabug|67/100
|-boost|p1a: Great Tusk|spe|1
|-sideend|p1: jiyurey|Sticky Web|[from] move: Rapid Spin|[of] p1a: Great Tusk
|move|p2a: Charjabug|Lunge|p1a: Great Tusk
|-resisted|p1a: Great Tusk
|-damage|p1a: Great Tusk|92/100
|-unboost|p1a: Great Tusk|atk|1
|
|upkeep
|turn|3
|
|t:|1769329376
|move|p1a: Great Tusk|Headlong Rush|p2a: Charjabug
|-damage|p2a: Charjabug|23/100
|-unboost|p1a: Great Tusk|def|1
|-unboost|p1a: Great Tusk|spd|1
|move|p2a: Charjabug|Light Screen|p2a: Charjabug
|-sidestart|p2: BigBackV|move: Light Screen
|
|upkeep
|turn|4
|
|t:|1769329396
|switch|p2a: Pelipper|Pelipper, M|100/100
|-weather|RainDance|[from] ability: Drizzle|[of] p2a: Pelipper
|move|p1a: Great Tusk|Headlong Rush|p2a: Pelipper
|-immune|p2a: Pelipper
|
|-weather|RainDance|[upkeep]
|upkeep
|turn|5
|
|t:|1769329408
|move|p1a: Great Tusk|Ice Spinner|p2a: Pelipper
|-damage|p2a: Pelipper|74/100
|move|p2a: Pelipper|Hurricane|p1a: Great Tusk
|-supereffective|p1a: Great Tusk
|-damage|p1a: Great Tusk|0 fnt
|faint|p1a: Great Tusk
|-end|p1a: Great Tusk|Protosynthesis|[silent]
|
|-weather|RainDance|[upkeep]
|upkeep
|
|t:|1769329422
|switch|p1a: Garganacl|Garganacl, M|100/100
|turn|6
|
|t:|1769329434
|move|p2a: Pelipper|Weather Ball|p1a: Garganacl
|-supereffective|p1a: Garganacl
|-damage|p1a: Garganacl|29/100
|move|p1a: Garganacl|Salt Cure|p2a: Pelipper
|-supereffective|p2a: Pelipper
|-damage|p2a: Pelipper|42/100
|-start|p2a: Pelipper|Salt Cure
|
|-weather|RainDance|[upkeep]
|-heal|p1a: Garganacl|35/100|[from] item: Leftovers
|-damage|p2a: Pelipper|17/100|[from] Salt Cure
|upkeep
|turn|7
|
|t:|1769329449
|switch|p2a: Bruxish|Bruxish, F|100/100
|move|p1a: Garganacl|Protect||[still]
|-fail|p1a: Garganacl
|
|-weather|RainDance|[upkeep]
|-heal|p1a: Garganacl|41/100|[from] item: Leftovers
|-sideend|p2: BigBackV|move: Light Screen
|upkeep
|turn|8
|
|t:|1769329483
|move|p1a: Garganacl|Protect|p1a: Garganacl
|-singleturn|p1a: Garganacl|Protect
|move|p2a: Bruxish|Flip Turn|p1a: Garganacl
|-activate|p1a: Garganacl|move: Protect
|
|-weather|none
|-heal|p1a: Garganacl|47/100|[from] item: Leftovers
|upkeep
|turn|9
|
|t:|1769329494
|move|p2a: Bruxish|Flip Turn|p1a: Garganacl
|-supereffective|p1a: Garganacl
|-damage|p1a: Garganacl|0 fnt
|faint|p1a: Garganacl
|
|t:|1769329503
|switch|p2a: Jolteon|Jolteon, F|100/100|[from] Flip Turn
|
|upkeep
|
|t:|1769329514
|switch|p1a: Iron Crown|Iron Crown|100/100
|-enditem|p1a: Iron Crown|Booster Energy
|-activate|p1a: Iron Crown|ability: Quark Drive|[fromitem]
|-start|p1a: Iron Crown|quarkdrivespe
|turn|10
|
|t:|1769329525
|move|p1a: Iron Crown|Calm Mind|p1a: Iron Crown
|-boost|p1a: Iron Crown|spa|1
|-boost|p1a: Iron Crown|spd|1
|move|p2a: Jolteon|Volt Switch|p1a: Iron Crown
|-damage|p1a: Iron Crown|71/100
|
|t:|1769329531
|switch|p2a: Ting-Lu|Ting-Lu|100/100|[from] Volt Switch
|-ability|p2a: Ting-Lu|Vessel of Ruin
|
|upkeep
|turn|11
|
|t:|1769329548
|move|p1a: Iron Crown|Tachyon Cutter|p2a: Ting-Lu
|-damage|p2a: Ting-Lu|80/100
|-damage|p2a: Ting-Lu|58/100
|-hitcount|p2a: Ting-Lu|2
|move|p2a: Ting-Lu|Earthquake|p1a: Iron Crown
|-supereffective|p1a: Iron Crown
|-damage|p1a: Iron Crown|0 fnt
|faint|p1a: Iron Crown
|-end|p1a: Iron Crown|Quark Drive|[silent]
|
|upkeep
|
|t:|1769329563
|switch|p1a: Dondozo|Dondozo, F|100/100
|turn|12
|
|t:|1769329585
|switch|p2a: Okidogi|Okidogi, M|100/100
|move|p1a: Dondozo|Wave Crash|p2a: Okidogi
|-damage|p2a: Okidogi|70/100
|-damage|p1a: Dondozo|93/100|[from] Recoil
|
|-heal|p1a: Dondozo|99/100|[from] item: Leftovers
|upkeep
|turn|13
|
|t:|1769329597
|move|p2a: Okidogi|Knock Off|p1a: Dondozo
|-damage|p1a: Dondozo|85/100
|-status|p1a: Dondozo|tox|[from] ability: Toxic Chain|[of] p2a: Okidogi
|-enditem|p1a: Dondozo|Leftovers|[from] move: Knock Off|[of] p2a: Okidogi
|move|p1a: Dondozo|Wave Crash|p2a: Okidogi
|-damage|p2a: Okidogi|39/100
|-damage|p1a: Dondozo|77/100 tox|[from] Recoil
|
|-damage|p1a: Dondozo|71/100 tox|[from] psn
|upkeep
|turn|14
|
|t:|1769329617
|move|p2a: Okidogi|Drain Punch|p1a: Dondozo
|-damage|p1a: Dondozo|54/100 tox
|-heal|p2a: Okidogi|50/100|[from] drain|[of] p1a: Dondozo
|move|p1a: Dondozo|Wave Crash|p2a: Okidogi
|-damage|p2a: Okidogi|19/100
|-damage|p1a: Dondozo|46/100 tox|[from] Recoil
|
|-damage|p1a: Dondozo|34/100 tox|[from] psn
|upkeep
|turn|15
|
|t:|1769329628
|move|p2a: Okidogi|Gunk Shot|p1a: Dondozo|[miss]
|-miss|p2a: Okidogi|p1a: Dondozo
|move|p1a: Dondozo|Rest|p1a: Dondozo
|-status|p1a: Dondozo|slp|[from] move: Rest
|-heal|p1a: Dondozo|100/100 slp|[silent]
|
|upkeep
|turn|16
|
|t:|1769329644
|move|p2a: Okidogi|Gunk Shot|p1a: Dondozo|[miss]
|-miss|p2a: Okidogi|p1a: Dondozo
|cant|p1a: Dondozo|slp
|move|p1a: Dondozo|Sleep Talk|p1a: Dondozo
|move|p1a: Dondozo|Rest||[from] move: Sleep Talk|[still]
|-fail|p1a: Dondozo
|
|upkeep
|turn|17
|
|t:|1769329653
|move|p2a: Okidogi|Gunk Shot|p1a: Dondozo
|-damage|p1a: Dondozo|74/100 slp
|cant|p1a: Dondozo|slp
|move|p1a: Dondozo|Sleep Talk|p1a: Dondozo
|move|p1a: Dondozo|Rest||[from] move: Sleep Talk|[still]
|-fail|p1a: Dondozo
|
|upkeep
|turn|18
|
|t:|1769329665
|move|p2a: Okidogi|Gunk Shot|p1a: Dondozo
|-damage|p1a: Dondozo|48/100 slp
|-curestatus|p1a: Dondozo|slp|[msg]
|move|p1a: Dondozo|Wave Crash|p2a: Okidogi
|-damage|p2a: Okidogi|0 fnt
|faint|p2a: Okidogi
|-damage|p1a: Dondozo|43/100|[from] Recoil
|
|upkeep
|
|t:|1769329699
|switch|p2a: Bruxish|Bruxish, F|100/100
|turn|19
|
|t:|1769329719
|move|p2a: Bruxish|Psychic Fangs|p1a: Dondozo
|-damage|p1a: Dondozo|6/100
|move|p1a: Dondozo|Rest|p1a: Dondozo
|-status|p1a: Dondozo|slp|[from] move: Rest
|-heal|p1a: Dondozo|100/100 slp|[silent]
|
|upkeep
|turn|20
|
|t:|1769329727
|switch|p1a: Kingambit|Kingambit, F|100/100
|-activate|p1a: Kingambit|ability: Supreme Overlord
|-start|p1a: Kingambit|fallen3|[silent]
|move|p2a: Bruxish|Psychic Fangs|p1a: Kingambit
|-immune|p1a: Kingambit
|
|upkeep
|turn|21
|
|t:|1769329739
|switch|p2a: Ting-Lu|Ting-Lu|58/100
|-ability|p2a: Ting-Lu|Vessel of Ruin
|move|p1a: Kingambit|Swords Dance|p1a: Kingambit
|-boost|p1a: Kingambit|atk|2
|
|upkeep
|turn|22
|inactive|Battle timer is ON: inactive players will automatically lose when time's up. (requested by BigBackV)
|
|t:|1769329755
|move|p1a: Kingambit|Sucker Punch|p2a: Ting-Lu
|-resisted|p2a: Ting-Lu
|-damage|p2a: Ting-Lu|20/100
|move|p2a: Ting-Lu|Earthquake|p1a: Kingambit
|-supereffective|p1a: Kingambit
|-damage|p1a: Kingambit|0 fnt
|faint|p1a: Kingambit
|-end|p1a: Kingambit|fallen3|[silent]
|
|upkeep
|
|t:|1769329764
|switch|p1a: Dragapult|Dragapult, M|100/100
|turn|23
|
|t:|1769329774
|move|p1a: Dragapult|Shadow Ball|p2a: Ting-Lu
|-resisted|p2a: Ting-Lu
|-damage|p2a: Ting-Lu|9/100
|move|p2a: Ting-Lu|Earthquake|p1a: Dragapult
|-damage|p1a: Dragapult|0 fnt
|faint|p1a: Dragapult
|
|upkeep
|
|t:|1769329783
|switch|p1a: Dondozo|Dondozo, F|100/100 slp
|turn|24
|
|t:|1769329806
|move|p2a: Ting-Lu|Earthquake|p1a: Dondozo
|-damage|p1a: Dondozo|69/100 slp
|cant|p1a: Dondozo|slp
|move|p1a: Dondozo|Sleep Talk|p1a: Dondozo
|move|p1a: Dondozo|Wave Crash|p2a: Ting-Lu|[from] move: Sleep Talk
|-supereffective|p2a: Ting-Lu
|-damage|p2a: Ting-Lu|0 fnt
|faint|p2a: Ting-Lu
|-damage|p1a: Dondozo|66/100 slp|[from] Recoil
|
|upkeep
|
|t:|1769329816
|switch|p2a: Bruxish|Bruxish, F|100/100
|turn|25
|
|t:|1769329821
|move|p2a: Bruxish|Psychic Fangs|p1a: Dondozo
|-damage|p1a: Dondozo|30/100 slp
|cant|p1a: Dondozo|slp
|move|p1a: Dondozo|Sleep Talk|p1a: Dondozo
|move|p1a: Dondozo|Wave Crash|p2a: Bruxish|[from] move: Sleep Talk
|-resisted|p2a: Bruxish
|-damage|p2a: Bruxish|64/100
|-damage|p1a: Dondozo|24/100 slp|[from] Recoil
|
|upkeep
|turn|26
|inactive|jiyurey has 120 seconds left.
|
|t:|1769329865
|move|p2a: Bruxish|Psychic Fangs|p1a: Dondozo
|-damage|p1a: Dondozo|0 fnt
|faint|p1a: Dondozo
|
|win|BigBackV
|raw|jiyurey's rating: 1078 &rarr; <strong>1061</strong><br />(-17 for losing)
|raw|BigBackV's rating: 1152 &rarr; <strong>1172</strong><br />(+20 for winning)
|c|☆BigBackV|you are an actual ai lol holy noob
|l|☆jiyurey
|player|p1|
|l|☆BigBackV
|player|p2|
