|badge|p2|bronze|gen9ou|100-8
|uhtml|medal-msg|<div class="broadcast-blue">Curious what those medals under the avatar are? PS now has Ladder Seasons! For more information, check out the <a href="https://www.smogon.com/forums/threads/3740067/">thread on Smogon.</a></div>
|j|‽tasty sardine 408
|j|☆CambridgeFoulPlay
|t:|1769383238
|gametype|singles
|player|p1|tasty sardine 408|harlequin|1659
|player|p2|CambridgeFoulPlay|266|1768
|gen|9
|tier|[Gen 9] OU
|rated|
|rule|HP Percentage Mod: HP is shown in percentages
|rule|Endless Battle Clause: Forcing endless battles is banned
|rule|Species Clause: Limit one of each Pokémon
|rule|OHKO Clause: OHKO moves are banned
|rule|Evasion Items Clause: Evasion items are banned
|rule|Evasion Moves Clause: Evasion moves are banned
|rule|Evasion Abilities Clause: Evasion abilities are banned
|rule|Sleep Moves Clause: Sleep-inducing moves are banned
|clearpoke
|poke|p1|Umbreon, F|
|poke|p1|Serperior, M|
|poke|p1|Cresselia, F|
|poke|p1|Revavroom, F|
|poke|p1|Skeledirge, F|
|poke|p1|Manaphy|
|poke|p2|Hydrapple, M|
|poke|p2|Tyranitar, F|
|poke|p2|Moltres|
|poke|p2|Zamazenta-*|
|poke|p2|Slowking-Galar, F|
|poke|p2|Excadrill, F|
|teampreview
|
|t:|1769383241
|teamsize|p1|6
|teamsize|p2|6
|start
|switch|p1a: Serperior|Serperior, M, shiny|100/100
|switch|p2a: Zamazenta|Zamazenta|100/100
|-ability|p2a: Zamazenta|Dauntless Shield|boost
|-boost|p2a: Zamazenta|def|1
|turn|1
|inactive|Battle timer is ON: inactive players will automatically lose when time's up. (requested by tasty sardine 408)
|c|☆CambridgeFoulPlay|hf
|inactive|CambridgeFoulPlay also wants the timer to be on.
|
|t:|1769383244
|move|p2a: Zamazenta|Body Press|p1a: Serperior
|-damage|p1a: Serperior|43/100
|move|p1a: Serperior|Glare|p2a: Zamazenta
|-status|p2a: Zamazenta|par
|
|-heal|p1a: Serperior|49/100|[from] item: Leftovers
|upkeep
|turn|2
|
|t:|1769383247
|move|p1a: Serperior|Synthesis|p1a: Serperior
|-heal|p1a: Serperior|99/100
|move|p2a: Zamazenta|Body Press|p1a: Serperior
|-damage|p1a: Serperior|44/100
|
|-heal|p1a: Serperior|50/100|[from] item: Leftovers
|upkeep
|turn|3
|
|t:|1769383250
|move|p1a: Serperior|Synthesis|p1a: Serperior
|-heal|p1a: Serperior|99/100
|move|p2a: Zamazenta|Body Press|p1a: Serperior
|-damage|p1a: Serperior|47/100
|
|-heal|p1a: Serperior|53/100|[from] item: Leftovers
|upkeep
|turn|4
|
|t:|1769383253
|switch|p2a: Tyranitar|Tyranitar, F|100/100
|-weather|Sandstorm|[from] ability: Sand Stream|[of] p2a: Tyranitar
|move|p1a: Serperior|Leaf Storm|p2a: Tyranitar
|-supereffective|p2a: Tyranitar
|-damage|p2a: Tyranitar|69/100
|-boost|p1a: Serperior|spa|2
|
|-weather|Sandstorm|[upkeep]
|-damage|p1a: Serperior|47/100|[from] Sandstorm
|-heal|p1a: Serperior|53/100|[from] item: Leftovers
|upkeep
|turn|5
|
|t:|1769383255
|move|p1a: Serperior|Leaf Storm|p2a: Tyranitar
|-supereffective|p2a: Tyranitar
|-damage|p2a: Tyranitar|6/100
|-boost|p1a: Serperior|spa|2
|move|p2a: Tyranitar|Knock Off|p1a: Serperior
|-damage|p1a: Serperior|9/100
|-enditem|p1a: Serperior|Leftovers|[from] move: Knock Off|[of] p2a: Tyranitar
|
|-weather|Sandstorm|[upkeep]
|-damage|p1a: Serperior|3/100|[from] Sandstorm
|upkeep
|turn|6
|
|t:|1769383260
|move|p1a: Serperior|Leaf Storm|p2a: Tyranitar
|-supereffective|p2a: Tyranitar
|-damage|p2a: Tyranitar|0 fnt
|-boost|p1a: Serperior|spa|2
|faint|p2a: Tyranitar
|
|-weather|Sandstorm|[upkeep]
|-damage|p1a: Serperior|0 fnt|[from] Sandstorm
|faint|p1a: Serperior
|upkeep
|
|t:|1769383265
|switch|p1a: Umbreon|Umbreon, F, shiny|100/100
|switch|p2a: Hydrapple|Hydrapple, M|100/100
|turn|7
|
|t:|1769383267
|move|p1a: Umbreon|Toxic|p2a: Hydrapple
|-status|p2a: Hydrapple|tox
|move|p2a: Hydrapple|Fickle Beam|p1a: Umbreon
|-damage|p1a: Umbreon|81/100
|
|-weather|Sandstorm|[upkeep]
|-damage|p1a: Umbreon|75/100|[from] Sandstorm
|-damage|p2a: Hydrapple|94/100 tox|[from] Sandstorm
|-heal|p1a: Umbreon|81/100|[from] item: Leftovers
|-damage|p2a: Hydrapple|88/100 tox|[from] psn
|upkeep
|turn|8
|
|t:|1769383274
|switch|p2a: Zamazenta|Zamazenta|100/100 par
|move|p1a: Umbreon|Foul Play|p2a: Zamazenta
|-resisted|p2a: Zamazenta
|-damage|p2a: Zamazenta|86/100 par
|
|-weather|Sandstorm|[upkeep]
|-damage|p2a: Zamazenta|80/100 par|[from] Sandstorm
|-damage|p1a: Umbreon|75/100|[from] Sandstorm
|-heal|p2a: Zamazenta|86/100 par|[from] item: Leftovers
|-heal|p1a: Umbreon|81/100|[from] item: Leftovers
|upkeep
|turn|9
|
|t:|1769383276
|move|p2a: Zamazenta|Body Press|p1a: Umbreon
|-supereffective|p1a: Umbreon
|-damage|p1a: Umbreon|30/100
|move|p1a: Umbreon|Wish|p1a: Umbreon
|
|-weather|Sandstorm|[upkeep]
|-damage|p2a: Zamazenta|80/100 par|[from] Sandstorm
|-damage|p1a: Umbreon|24/100|[from] Sandstorm
|-heal|p2a: Zamazenta|86/100 par|[from] item: Leftovers
|-heal|p1a: Umbreon|30/100|[from] item: Leftovers
|upkeep
|turn|10
|
|t:|1769383278
|move|p1a: Umbreon|Protect|p1a: Umbreon
|-singleturn|p1a: Umbreon|Protect
|move|p2a: Zamazenta|Iron Defense|p2a: Zamazenta
|-boost|p2a: Zamazenta|def|2
|
|-weather|Sandstorm|[upkeep]
|-damage|p2a: Zamazenta|80/100 par|[from] Sandstorm
|-damage|p1a: Umbreon|24/100|[from] Sandstorm
|-heal|p1a: Umbreon|74/100|[from] move: Wish|[wisher] Umbreon
|-heal|p2a: Zamazenta|86/100 par|[from] item: Leftovers
|-heal|p1a: Umbreon|80/100|[from] item: Leftovers
|upkeep
|turn|11
|
|t:|1769383281
|switch|p1a: Skeledirge|Skeledirge, F, shiny|100/100
|move|p2a: Zamazenta|Crunch|p1a: Skeledirge
|-supereffective|p1a: Skeledirge
|-damage|p1a: Skeledirge|66/100
|-unboost|p1a: Skeledirge|def|1
|
|-weather|none
|-heal|p2a: Zamazenta|92/100 par|[from] item: Leftovers
|upkeep
|turn|12
|
|t:|1769383286
|move|p2a: Zamazenta|Crunch|p1a: Skeledirge
|-supereffective|p1a: Skeledirge
|-damage|p1a: Skeledirge|18/100
|-unboost|p1a: Skeledirge|def|1
|move|p1a: Skeledirge|Hex|p2a: Zamazenta
|-damage|p2a: Zamazenta|48/100 par
|
|-heal|p2a: Zamazenta|55/100 par|[from] item: Leftovers
|upkeep
|turn|13
|
|t:|1769383290
|move|p2a: Zamazenta|Crunch|p1a: Skeledirge
|-supereffective|p1a: Skeledirge
|-damage|p1a: Skeledirge|0 fnt
|faint|p1a: Skeledirge
|
|-heal|p2a: Zamazenta|61/100 par|[from] item: Leftovers
|upkeep
|
|t:|1769383295
|switch|p1a: Manaphy|Manaphy, shiny|100/100
|turn|14
|
|t:|1769383300
|move|p1a: Manaphy|Acid Armor|p1a: Manaphy
|-boost|p1a: Manaphy|def|2
|move|p2a: Zamazenta|Body Press|p1a: Manaphy
|-damage|p1a: Manaphy|71/100
|
|-heal|p1a: Manaphy|77/100|[from] item: Leftovers
|-heal|p2a: Zamazenta|67/100 par|[from] item: Leftovers
|upkeep
|turn|15
|
|t:|1769383303
|move|p1a: Manaphy|Take Heart|p1a: Manaphy
|-boost|p1a: Manaphy|spa|1
|-boost|p1a: Manaphy|spd|1
|cant|p2a: Zamazenta|par
|
|-heal|p1a: Manaphy|83/100|[from] item: Leftovers
|-heal|p2a: Zamazenta|73/100 par|[from] item: Leftovers
|upkeep
|turn|16
|
|t:|1769383307
|move|p1a: Manaphy|Stored Power|p2a: Zamazenta
|-supereffective|p2a: Zamazenta
|-damage|p2a: Zamazenta|14/100 par
|cant|p2a: Zamazenta|par
|
|-heal|p1a: Manaphy|89/100|[from] item: Leftovers
|-heal|p2a: Zamazenta|20/100 par|[from] item: Leftovers
|upkeep
|turn|17
|
|t:|1769383312
|switch|p2a: Slowking|Slowking-Galar, F|100/100
|move|p1a: Manaphy|Stored Power|p2a: Slowking
|-damage|p2a: Slowking|82/100
|
|-heal|p1a: Manaphy|96/100|[from] item: Leftovers
|upkeep
|turn|18
|
|t:|1769383314
|move|p1a: Manaphy|Take Heart|p1a: Manaphy
|-boost|p1a: Manaphy|spa|1
|-boost|p1a: Manaphy|spd|1
|move|p2a: Slowking|Sludge Bomb|p1a: Manaphy
|-damage|p1a: Manaphy|80/100
|-status|p1a: Manaphy|psn
|
|-heal|p1a: Manaphy|86/100 psn|[from] item: Leftovers
|-damage|p1a: Manaphy|74/100 psn|[from] psn
|upkeep
|turn|19
|
|t:|1769383315
|move|p1a: Manaphy|Take Heart|p1a: Manaphy
|-boost|p1a: Manaphy|spa|1
|-boost|p1a: Manaphy|spd|1
|-curestatus|p1a: Manaphy|psn|[msg]
|move|p2a: Slowking|Sludge Bomb|p1a: Manaphy
|-crit|p1a: Manaphy
|-damage|p1a: Manaphy|33/100
|-status|p1a: Manaphy|psn
|
|-heal|p1a: Manaphy|39/100 psn|[from] item: Leftovers
|-damage|p1a: Manaphy|27/100 psn|[from] psn
|upkeep
|turn|20
|
|t:|1769383318
|move|p1a: Manaphy|Stored Power|p2a: Slowking
|-damage|p2a: Slowking|30/100
|move|p2a: Slowking|Psyshock|p1a: Manaphy
|-damage|p1a: Manaphy|14/100 psn
|
|-heal|p1a: Manaphy|20/100 psn|[from] item: Leftovers
|-damage|p1a: Manaphy|7/100 psn|[from] psn
|upkeep
|turn|21
|
|t:|1769383324
|switch|p2a: Zamazenta|Zamazenta|20/100 par
|move|p1a: Manaphy|Take Heart|p1a: Manaphy
|-boost|p1a: Manaphy|spa|1
|-boost|p1a: Manaphy|spd|1
|-curestatus|p1a: Manaphy|psn|[msg]
|
|-heal|p1a: Manaphy|14/100|[from] item: Leftovers
|-heal|p2a: Zamazenta|26/100 par|[from] item: Leftovers
|upkeep
|turn|22
|
|t:|1769383327
|move|p1a: Manaphy|Stored Power|p2a: Zamazenta
|-supereffective|p2a: Zamazenta
|-damage|p2a: Zamazenta|0 fnt
|faint|p2a: Zamazenta
|
|-heal|p1a: Manaphy|20/100|[from] item: Leftovers
|upkeep
|
|t:|1769383328
|switch|p2a: Slowking|Slowking-Galar, F|63/100
|turn|23
|
|t:|1769383330
|switch|p2a: Hydrapple|Hydrapple, M|100/100 tox
|move|p1a: Manaphy|Stored Power|p2a: Hydrapple
|-damage|p2a: Hydrapple|0 fnt
|faint|p2a: Hydrapple
|
|-heal|p1a: Manaphy|26/100|[from] item: Leftovers
|upkeep
|
|t:|1769383332
|switch|p2a: Slowking|Slowking-Galar, F|96/100
|turn|24
|
|t:|1769383334
|move|p1a: Manaphy|Stored Power|p2a: Slowking
|-damage|p2a: Slowking|20/100
|move|p2a: Slowking|Sludge Bomb|p1a: Manaphy
|-damage|p1a: Manaphy|16/100
|
|-heal|p1a: Manaphy|23/100|[from] item: Leftovers
|upkeep
|turn|25
|
|t:|1769383337
|switch|p2a: Excadrill|Excadrill, F|100/100
|-item|p2a: Excadrill|Air Balloon
|move|p1a: Manaphy|Stored Power|p2a: Excadrill
|-resisted|p2a: Excadrill
|-damage|p2a: Excadrill|0 fnt
|-enditem|p2a: Excadrill|Air Balloon
|faint|p2a: Excadrill
|
|-heal|p1a: Manaphy|29/100|[from] item: Leftovers
|upkeep
|
|t:|1769383338
|switch|p2a: Slowking|Slowking-Galar, F|53/100
|turn|26
|
|t:|1769383339
|switch|p2a: Moltres|Moltres|100/100
|move|p1a: Manaphy|Scald|p2a: Moltres
|-supereffective|p2a: Moltres
|-damage|p2a: Moltres|0 fnt
|faint|p2a: Moltres
|
|-heal|p1a: Manaphy|35/100|[from] item: Leftovers
|upkeep
|
|t:|1769383340
|switch|p2a: Slowking|Slowking-Galar, F|87/100
|turn|27
|
|t:|1769383342
|move|p1a: Manaphy|Stored Power|p2a: Slowking
|-damage|p2a: Slowking|9/100
|move|p2a: Slowking|Ice Beam|p1a: Manaphy
|-resisted|p1a: Manaphy
|-damage|p1a: Manaphy|31/100
|
|-heal|p1a: Manaphy|38/100|[from] item: Leftovers
|upkeep
|turn|28
|
|t:|1769383344
|move|p1a: Manaphy|Stored Power|p2a: Slowking
|-damage|p2a: Slowking|0 fnt
|faint|p2a: Slowking
|
|win|tasty sardine 408
|raw|tasty sardine 408's rating: 1659 &rarr; <strong>1685</strong><br />(+26 for winning)
|raw|CambridgeFoulPlay's rating: 1768 &rarr; <strong>1742</strong><br />(-26 for losing)
|c|☆CambridgeFoulPlay|gg
