|j|☆owdof
|j|☆kovenent
|t:|1769335257
|gametype|singles
|player|p1|owdof|elesa-masters3|1320
|player|p2|kovenent|falkner|1346
|gen|9
|tier|[Gen 9] OU
|rated|
|rule|HP Percentage Mod: HP is shown in percentages
|rule|Endless Battle Clause: Forcing endless battles is banned
|rule|Species Clause: Limit one of each Pokémon
|rule|OHKO Clause: OHKO moves are banned
|rule|Evasion Items Clause: Evasion items are banned
|rule|Evasion Moves Clause: Evasion moves are banned
|rule|Evasion Abilities Clause: Evasion abilities are banned
|rule|Sleep Moves Clause: Sleep-inducing moves are banned
|clearpoke
|poke|p1|Ampharos, F|
|poke|p1|Grimmsnarl, M|
|poke|p1|Great Tusk|
|poke|p1|Armarouge, F|
|poke|p1|Dragonite, M|
|poke|p1|Serperior, M|
|poke|p2|Great Tusk|
|poke|p2|Pecharunt|
|poke|p2|Iron Valiant|
|poke|p2|Iron Crown|
|poke|p2|Samurott-Hisui, M|
|poke|p2|Dragonite, M|
|teampreview
|inactive|Battle timer is ON: inactive players will automatically lose when time's up. (requested by owdof)
|
|t:|1769335266
|teamsize|p1|6
|teamsize|p2|6
|start
|switch|p1a: Grimmsnarl|Grimmsnarl, M|100/100
|switch|p2a: Iron Valiant|Iron Valiant, shiny|100/100
|turn|1
|
|t:|1769335271
|move|p1a: Grimmsnarl|Reflect|p1a: Grimmsnarl
|-sidestart|p1: owdof|Reflect
|move|p2a: Iron Valiant|Moonblast|p1a: Grimmsnarl
|-supereffective|p1a: Grimmsnarl
|-damage|p1a: Grimmsnarl|0 fnt
|faint|p1a: Grimmsnarl
|
|upkeep
|
|t:|1769335274
|switch|p1a: Armarouge|Armarouge, F|100/100
|turn|2
|
|t:|1769335277
|-end|p2a: Iron Valiant|Quark Drive|[silent]
|switch|p2a: Iron Crown|Iron Crown|100/100
|move|p1a: Armarouge|Trick Room|p1a: Armarouge
|-fieldstart|move: Trick Room|[of] p1a: Armarouge
|
|upkeep
|turn|3
|
|t:|1769335282
|move|p1a: Armarouge|Calm Mind|p1a: Armarouge
|-boost|p1a: Armarouge|spa|1
|-boost|p1a: Armarouge|spd|1
|move|p2a: Iron Crown|Future Sight|p1a: Armarouge
|-start|p2a: Iron Crown|move: Future Sight
|
|upkeep
|turn|4
|
|t:|1769335288
|move|p1a: Armarouge|Armor Cannon|p2a: Iron Crown
|-supereffective|p2a: Iron Crown
|-damage|p2a: Iron Crown|0 fnt
|-unboost|p1a: Armarouge|def|1
|-unboost|p1a: Armarouge|spd|1
|faint|p2a: Iron Crown
|-end|p2a: Iron Crown|Quark Drive|[silent]
|
|upkeep
|
|t:|1769335295
|switch|p2a: Samurott|Samurott-Hisui, M, shiny|100/100
|turn|5
|
|t:|1769335299
|switch|p1a: Ampharos|Ampharos, F, shiny|100/100
|move|p2a: Samurott|Sucker Punch||[still]
|-fail|p2a: Samurott
|
|-end|p1a: Ampharos|move: Future Sight
|-damage|p1a: Ampharos|51/100
|upkeep
|turn|6
|
|t:|1769335305
|move|p1a: Ampharos|Volt Switch|p2a: Samurott
|-supereffective|p2a: Samurott
|-damage|p2a: Samurott|0 fnt
|faint|p2a: Samurott
|
|t:|1769335310
|switch|p1a: Serperior|Serperior, M|100/100|[from] Volt Switch
|
|-fieldend|move: Trick Room
|upkeep
|
|t:|1769335317
|switch|p2a: Dragonite|Dragonite, M, shiny|100/100
|turn|7
|
|t:|1769335320
|move|p1a: Serperior|Glare|p2a: Dragonite
|-status|p2a: Dragonite|par
|cant|p2a: Dragonite|par
|
|upkeep
|turn|8
|
|t:|1769335323
|move|p1a: Serperior|Leech Seed|p2a: Dragonite
|-start|p2a: Dragonite|move: Leech Seed
|move|p2a: Dragonite|Dragon Dance|p2a: Dragonite
|-boost|p2a: Dragonite|atk|1
|-boost|p2a: Dragonite|spe|1
|
|-damage|p2a: Dragonite|88/100 par|[from] Leech Seed|[of] p1a: Serperior
|-sideend|p1: owdof|Reflect
|upkeep
|turn|9
|
|t:|1769335325
|move|p1a: Serperior|Dragon Pulse|p2a: Dragonite
|-supereffective|p2a: Dragonite
|-damage|p2a: Dragonite|45/100 par
|cant|p2a: Dragonite|par
|
|-damage|p2a: Dragonite|32/100 par|[from] Leech Seed|[of] p1a: Serperior
|upkeep
|turn|10
|
|t:|1769335333
|switch|p2a: Iron Valiant|Iron Valiant, shiny|100/100
|move|p1a: Serperior|Leaf Storm|p2a: Iron Valiant
|-damage|p2a: Iron Valiant|4/100
|-boost|p1a: Serperior|spa|2
|
|upkeep
|turn|11
|
|t:|1769335341
|-terastallize|p2a: Iron Valiant|Fairy
|move|p2a: Iron Valiant|Moonblast|p1a: Serperior
|-damage|p1a: Serperior|0 fnt
|faint|p1a: Serperior
|
|upkeep
|
|t:|1769335344
|switch|p1a: Armarouge|Armarouge, F|100/100
|turn|12
|
|t:|1769335352
|-end|p2a: Iron Valiant|Quark Drive|[silent]
|switch|p2a: Dragonite|Dragonite, M, shiny|32/100 par
|move|p1a: Armarouge|Trick Room|p1a: Armarouge
|-fieldstart|move: Trick Room|[of] p1a: Armarouge
|
|upkeep
|turn|13
|
|t:|1769335355
|move|p2a: Dragonite|Earthquake|p1a: Armarouge
|-supereffective|p1a: Armarouge
|-damage|p1a: Armarouge|32/100
|-enditem|p1a: Armarouge|Weakness Policy
|-boost|p1a: Armarouge|atk|2|[from] item: Weakness Policy
|-boost|p1a: Armarouge|spa|2|[from] item: Weakness Policy
|move|p1a: Armarouge|Calm Mind|p1a: Armarouge
|-boost|p1a: Armarouge|spa|1
|-boost|p1a: Armarouge|spd|1
|
|upkeep
|turn|14
|
|t:|1769335360
|switch|p1a: Dragonite|Dragonite, M|100/100
|move|p2a: Dragonite|Earthquake|p1a: Dragonite
|-immune|p1a: Dragonite
|
|upkeep
|turn|15
|
|t:|1769335364
|move|p1a: Dragonite|Extreme Speed|p2a: Dragonite
|-damage|p2a: Dragonite|0 fnt
|faint|p2a: Dragonite
|
|upkeep
|
|t:|1769335368
|switch|p2a: Pecharunt|Pecharunt|100/100
|turn|16
|
|t:|1769335373
|switch|p1a: Armarouge|Armarouge, F|32/100
|move|p2a: Pecharunt|Malignant Chain|p1a: Armarouge
|-damage|p1a: Armarouge|0 fnt
|faint|p1a: Armarouge
|
|-fieldend|move: Trick Room
|upkeep
|
|t:|1769335376
|switch|p1a: Great Tusk|Great Tusk|100/100
|turn|17
|
|t:|1769335381
|switch|p2a: Great Tusk|Great Tusk, shiny|100/100
|move|p1a: Great Tusk|Earthquake|p2a: Great Tusk
|-damage|p2a: Great Tusk|59/100
|
|upkeep
|turn|18
|
|t:|1769335384
|move|p2a: Great Tusk|Ice Spinner|p1a: Great Tusk
|-supereffective|p1a: Great Tusk
|-damage|p1a: Great Tusk|56/100
|move|p1a: Great Tusk|Ice Spinner|p2a: Great Tusk
|-supereffective|p2a: Great Tusk
|-damage|p2a: Great Tusk|20/100
|
|upkeep
|turn|19
|
|t:|1769335387
|move|p2a: Great Tusk|Ice Spinner|p1a: Great Tusk
|-supereffective|p1a: Great Tusk
|-damage|p1a: Great Tusk|14/100
|move|p1a: Great Tusk|Rapid Spin|p2a: Great Tusk
|-damage|p2a: Great Tusk|8/100
|-boost|p1a: Great Tusk|spe|1
|
|upkeep
|turn|20
|
|t:|1769335390
|move|p1a: Great Tusk|Ice Spinner|p2a: Great Tusk
|-supereffective|p2a: Great Tusk
|-damage|p2a: Great Tusk|0 fnt
|faint|p2a: Great Tusk
|-end|p2a: Great Tusk|Protosynthesis|[silent]
|
|upkeep
|
|t:|1769335394
|switch|p2a: Iron Valiant|Iron Valiant, shiny, tera:Fairy|4/100
|turn|21
|
|t:|1769335399
|move|p1a: Great Tusk|Earthquake|p2a: Iron Valiant
|-damage|p2a: Iron Valiant|0 fnt
|faint|p2a: Iron Valiant
|-end|p2a: Iron Valiant|Quark Drive|[silent]
|
|upkeep
|
|t:|1769335402
|switch|p2a: Pecharunt|Pecharunt|100/100
|turn|22
|
|t:|1769335405
|move|p1a: Great Tusk|Earthquake|p2a: Pecharunt
|-supereffective|p2a: Pecharunt
|-damage|p2a: Pecharunt|56/100
|move|p2a: Pecharunt|Shadow Ball|p1a: Great Tusk
|-damage|p1a: Great Tusk|0 fnt
|faint|p1a: Great Tusk
|-end|p1a: Great Tusk|Protosynthesis|[silent]
|
|upkeep
|
|t:|1769335409
|switch|p1a: Ampharos|Ampharos, F, shiny|51/100
|turn|23
|
|t:|1769335411
|move|p2a: Pecharunt|Malignant Chain|p1a: Ampharos
|-damage|p1a: Ampharos|24/100
|-status|p1a: Ampharos|tox
|-start|p1a: Ampharos|confusion|[from] ability: Poison Puppeteer|[of] p2a: Pecharunt
|-enditem|p1a: Ampharos|Sitrus Berry|[eat]
|-heal|p1a: Ampharos|49/100 tox|[from] item: Sitrus Berry
|-activate|p1a: Ampharos|confusion
|move|p1a: Ampharos|Thunder Wave|p2a: Pecharunt
|-status|p2a: Pecharunt|par
|
|-damage|p1a: Ampharos|43/100 tox|[from] psn
|upkeep
|turn|24
|
|t:|1769335414
|-activate|p1a: Ampharos|confusion
|-damage|p1a: Ampharos|37/100 tox|[from] confusion
|move|p2a: Pecharunt|Recover|p2a: Pecharunt
|-heal|p2a: Pecharunt|100/100 par
|
|-damage|p1a: Ampharos|25/100 tox|[from] psn
|upkeep
|turn|25
|
|t:|1769335418
|-activate|p1a: Ampharos|confusion
|move|p1a: Ampharos|Thunderbolt|p2a: Pecharunt
|-damage|p2a: Pecharunt|54/100 par
|move|p2a: Pecharunt|Shadow Ball|p1a: Ampharos
|-damage|p1a: Ampharos|2/100 tox
|
|-damage|p1a: Ampharos|0 fnt|[from] psn
|faint|p1a: Ampharos
|upkeep
|
|t:|1769335421
|switch|p1a: Dragonite|Dragonite, M|100/100
|turn|26
|
|t:|1769335427
|move|p1a: Dragonite|Stone Edge|p2a: Pecharunt
|-damage|p2a: Pecharunt|36/100 par
|cant|p2a: Pecharunt|par
|
|upkeep
|turn|27
|
|t:|1769335431
|move|p1a: Dragonite|Dragon Dance|p1a: Dragonite
|-boost|p1a: Dragonite|atk|1
|-boost|p1a: Dragonite|spe|1
|move|p2a: Pecharunt|Recover|p2a: Pecharunt
|-heal|p2a: Pecharunt|86/100 par
|
|upkeep
|turn|28
|
|t:|1769335434
|move|p1a: Dragonite|Dragon Dance|p1a: Dragonite
|-boost|p1a: Dragonite|atk|1
|-boost|p1a: Dragonite|spe|1
|move|p2a: Pecharunt|Malignant Chain|p1a: Dragonite
|-damage|p1a: Dragonite|86/100
|-status|p1a: Dragonite|tox
|-start|p1a: Dragonite|confusion|[from] ability: Poison Puppeteer|[of] p2a: Pecharunt
|
|-heal|p1a: Dragonite|92/100 tox|[from] item: Leftovers
|-damage|p1a: Dragonite|86/100 tox|[from] psn
|upkeep
|turn|29
|
|t:|1769335440
|-activate|p1a: Dragonite|confusion
|move|p1a: Dragonite|Stone Edge|p2a: Pecharunt|[miss]
|-miss|p1a: Dragonite|p2a: Pecharunt
|move|p2a: Pecharunt|Shadow Ball|p1a: Dragonite
|-damage|p1a: Dragonite|64/100 tox
|-unboost|p1a: Dragonite|spd|1
|
|-heal|p1a: Dragonite|70/100 tox|[from] item: Leftovers
|-damage|p1a: Dragonite|58/100 tox|[from] psn
|upkeep
|turn|30
|
|t:|1769335443
|-activate|p1a: Dragonite|confusion
|-damage|p1a: Dragonite|28/100 tox|[from] confusion
|move|p2a: Pecharunt|Shadow Ball|p1a: Dragonite
|-damage|p1a: Dragonite|0 fnt
|faint|p1a: Dragonite
|
|win|kovenent
|raw|owdof's rating: 1320 &rarr; <strong>1301</strong><br />(-19 for losing)
|raw|kovenent's rating: 1346 &rarr; <strong>1365</strong><br />(+19 for winning)
|l|☆owdof
|player|p1|
|l|☆kovenent
|player|p2|
