|j|☆magikarp soup
|j|☆firecharmander004
|t:|1769368401
|gametype|singles
|player|p1|magikarp soup|medium|1619
|player|p2|firecharmander004|266|1591
|gen|9
|tier|[Gen 9] OU
|rated|
|rule|HP Percentage Mod: HP is shown in percentages
|rule|Endless Battle Clause: Forcing endless battles is banned
|rule|Species Clause: Limit one of each Pokémon
|rule|OHKO Clause: OHKO moves are banned
|rule|Evasion Items Clause: Evasion items are banned
|rule|Evasion Moves Clause: Evasion moves are banned
|rule|Evasion Abilities Clause: Evasion abilities are banned
|rule|Sleep Moves Clause: Sleep-inducing moves are banned
|clearpoke
|poke|p1|Dudunsparce-*, F|
|poke|p1|Gliscor, F|
|poke|p1|Clefable, M|
|poke|p1|Zamazenta-*|
|poke|p1|Moltres|
|poke|p1|Kingambit, M|
|poke|p2|Deoxys-Speed|
|poke|p2|Ceruledge, M|
|poke|p2|Zamazenta-*|
|poke|p2|Ogerpon-Wellspring, F|
|poke|p2|Glimmora, M|
|poke|p2|Moltres-Galar|
|teampreview
|inactive|Battle timer is ON: inactive players will automatically lose when time's up. (requested by firecharmander004)
|
|t:|1769368412
|teamsize|p1|6
|teamsize|p2|6
|start
|switch|p1a: Clefable|Clefable, M|100/100
|switch|p2a: Deoxys|Deoxys-Speed|100/100
|-ability|p2a: Deoxys|Pressure
|turn|1
|inactive|firecharmander004 has 120 seconds left.
|
|t:|1769368443
|move|p2a: Deoxys|Taunt|p1a: Clefable
|-start|p1a: Clefable|move: Taunt
|cant|p1a: Clefable|move: Taunt|Encore
|
|upkeep
|turn|2
|
|t:|1769368462
|switch|p1a: Kingambit|Kingambit, M|100/100
|move|p2a: Deoxys|Reflect|p2a: Deoxys
|-sidestart|p2: firecharmander004|Reflect
|
|upkeep
|turn|3
|
|t:|1769368468
|switch|p2a: Glimmora|Glimmora, M|100/100
|move|p1a: Kingambit|Swords Dance|p1a: Kingambit
|-boost|p1a: Kingambit|atk|2
|
|upkeep
|turn|4
|
|t:|1769368480
|move|p2a: Glimmora|Earth Power|p1a: Kingambit
|-supereffective|p1a: Kingambit
|-damage|p1a: Kingambit|36/100
|move|p1a: Kingambit|Iron Head|p2a: Glimmora
|-supereffective|p2a: Glimmora
|-damage|p2a: Glimmora|0 fnt
|-activate|p2a: Glimmora|ability: Toxic Debris
|-sidestart|p1: magikarp soup|move: Toxic Spikes
|faint|p2a: Glimmora
|
|upkeep
|
|t:|1769368488
|switch|p2a: Zamazenta|Zamazenta|100/100
|-ability|p2a: Zamazenta|Dauntless Shield|boost
|-boost|p2a: Zamazenta|def|1
|turn|5
|
|t:|1769368496
|-end|p1a: Kingambit|fallenundefined|[silent]
|switch|p1a: Clefable|Clefable, M|100/100
|-status|p1a: Clefable|psn
|move|p2a: Zamazenta|Roar|p1a: Clefable
|drag|p1a: Zamazenta|Zamazenta|100/100
|-status|p1a: Zamazenta|psn
|-ability|p1a: Zamazenta|Dauntless Shield|boost
|-boost|p1a: Zamazenta|def|1
|
|-damage|p1a: Zamazenta|88/100 psn|[from] psn
|upkeep
|turn|6
|
|t:|1769368509
|move|p1a: Zamazenta|Iron Defense|p1a: Zamazenta
|-boost|p1a: Zamazenta|def|2
|move|p2a: Zamazenta|Roar|p1a: Zamazenta
|drag|p1a: Clefable|Clefable, M|100/100 psn
|
|upkeep
|turn|7
|
|t:|1769368518
|switch|p2a: Ceruledge|Ceruledge, M|100/100
|move|p1a: Clefable|Stealth Rock|p2a: Ceruledge
|-sidestart|p2: firecharmander004|move: Stealth Rock
|
|upkeep
|turn|8
|
|t:|1769368524
|move|p2a: Ceruledge|Swords Dance|p2a: Ceruledge
|-boost|p2a: Ceruledge|atk|2
|move|p1a: Clefable|Encore|p2a: Ceruledge
|-start|p2a: Ceruledge|Encore
|
|upkeep
|turn|9
|
|t:|1769368540
|switch|p2a: Ogerpon|Ogerpon-Wellspring, F|100/100
|-damage|p2a: Ogerpon|88/100|[from] Stealth Rock
|switch|p1a: Moltres|Moltres|100/100
|
|-sideend|p2: firecharmander004|Reflect
|upkeep
|turn|10
|
|t:|1769368546
|-terastallize|p1a: Moltres|Grass
|move|p2a: Ogerpon|Ivy Cudgel|p1a: Moltres|[anim] Ivy Cudgel Water
|-resisted|p1a: Moltres
|-damage|p1a: Moltres|76/100
|move|p1a: Moltres|Hurricane|p2a: Ogerpon
|-supereffective|p2a: Ogerpon
|-damage|p2a: Ogerpon|0 fnt
|faint|p2a: Ogerpon
|
|upkeep
|
|t:|1769368556
|switch|p2a: Deoxys|Deoxys-Speed|100/100
|-damage|p2a: Deoxys|88/100|[from] Stealth Rock
|-ability|p2a: Deoxys|Pressure
|turn|11
|
|t:|1769368559
|move|p2a: Deoxys|Light Screen|p2a: Deoxys
|-sidestart|p2: firecharmander004|move: Light Screen
|move|p1a: Moltres|Hurricane|p2a: Deoxys
|-damage|p2a: Deoxys|62/100
|
|upkeep
|turn|12
|
|t:|1769368563
|move|p2a: Deoxys|Reflect|p2a: Deoxys
|-sidestart|p2: firecharmander004|Reflect
|move|p1a: Moltres|Roar|p2a: Deoxys
|drag|p2a: Moltres|Moltres-Galar|100/100
|-damage|p2a: Moltres|75/100|[from] Stealth Rock
|
|upkeep
|turn|13
|
|t:|1769368570
|switch|p1a: Clefable|Clefable, M|100/100 psn
|move|p2a: Moltres|Fiery Wrath|p1a: Clefable
|-resisted|p1a: Clefable
|-damage|p1a: Clefable|79/100 psn
|
|-heal|p1a: Clefable|85/100 psn|[from] item: Leftovers
|upkeep
|turn|14
|
|t:|1769368574
|switch|p2a: Ceruledge|Ceruledge, M|100/100
|-damage|p2a: Ceruledge|76/100|[from] Stealth Rock
|move|p1a: Clefable|Encore||[still]
|-fail|p1a: Clefable
|
|-heal|p1a: Clefable|91/100 psn|[from] item: Leftovers
|upkeep
|turn|15
|
|t:|1769368577
|switch|p1a: Zamazenta|Zamazenta|88/100 psn
|move|p2a: Ceruledge|Bitter Blade|p1a: Zamazenta
|-damage|p1a: Zamazenta|40/100 psn
|-heal|p2a: Ceruledge|100/100|[from] drain|[of] p1a: Zamazenta
|-damage|p2a: Ceruledge|91/100|[from] item: Life Orb
|
|-damage|p1a: Zamazenta|28/100 psn|[from] psn
|upkeep
|turn|16
|
|t:|1769368582
|move|p1a: Zamazenta|Rest|p1a: Zamazenta
|-status|p1a: Zamazenta|slp|[from] move: Rest
|-heal|p1a: Zamazenta|100/100 slp|[silent]
|-enditem|p1a: Zamazenta|Chesto Berry|[eat]
|-curestatus|p1a: Zamazenta|slp|[msg]
|move|p2a: Ceruledge|Swords Dance|p2a: Ceruledge
|-boost|p2a: Ceruledge|atk|2
|
|upkeep
|turn|17
|
|t:|1769368589
|move|p1a: Zamazenta|Iron Defense|p1a: Zamazenta
|-boost|p1a: Zamazenta|def|2
|move|p2a: Ceruledge|Poltergeist||[still]
|-fail|p2a: Ceruledge
|
|upkeep
|turn|18
|-message|firecharmander004 forfeited.
|
|win|magikarp soup
|raw|magikarp soup's rating: 1619 &rarr; <strong>1636</strong><br />(+17 for winning)
|raw|firecharmander004's rating: 1569 &rarr; <strong>1552</strong><br />(-17 for losing)
|l|☆firecharmander004
|player|p2|
|l|☆magikarp soup
|player|p1|
