|j|☆cospway
|j|☆tgemvgc
|t:|1769366576
|gametype|singles
|player|p1|cospway|iris-gen5bw2|1526
|player|p2|tgemvgc|diantha-masters|1668
|gen|9
|tier|[Gen 9] OU
|rated|
|rule|HP Percentage Mod: HP is shown in percentages
|rule|Endless Battle Clause: Forcing endless battles is banned
|rule|Species Clause: Limit one of each Pokémon
|rule|OHKO Clause: OHKO moves are banned
|rule|Evasion Items Clause: Evasion items are banned
|rule|Evasion Moves Clause: Evasion moves are banned
|rule|Evasion Abilities Clause: Evasion abilities are banned
|rule|Sleep Moves Clause: Sleep-inducing moves are banned
|clearpoke
|poke|p1|Cresselia, F|
|poke|p1|Mew|
|poke|p1|Kingambit, M|
|poke|p1|Gholdengo|
|poke|p1|Azumarill, F|
|poke|p1|Hoopa-Unbound|
|poke|p2|Great Tusk|
|poke|p2|Pecharunt|
|poke|p2|Iron Valiant|
|poke|p2|Iron Crown|
|poke|p2|Samurott-Hisui, M|
|poke|p2|Dragonite, M|
|teampreview
|inactive|Battle timer is ON: inactive players will automatically lose when time's up. (requested by cospway)
|
|t:|1769366606
|teamsize|p1|6
|teamsize|p2|6
|start
|switch|p1a: Azumarill|Azumarill, F|100/100
|switch|p2a: Iron Crown|Iron Crown|100/100
|turn|1
|
|t:|1769366612
|move|p2a: Iron Crown|Tachyon Cutter|p1a: Azumarill
|-damage|p1a: Azumarill|73/100
|-damage|p1a: Azumarill|45/100
|-hitcount|p1a: Azumarill|2
|move|p1a: Azumarill|Knock Off|p2a: Iron Crown
|-supereffective|p2a: Iron Crown
|-damage|p2a: Iron Crown|0 fnt
|-enditem|p2a: Iron Crown|Assault Vest|[from] move: Knock Off|[of] p1a: Azumarill
|faint|p2a: Iron Crown
|-end|p2a: Iron Crown|Quark Drive|[silent]
|
|upkeep
|
|t:|1769366639
|switch|p2a: Iron Valiant|Iron Valiant, shiny|100/100
|turn|2
|inactive|tgemvgc has 120 seconds left.
|
|t:|1769366655
|switch|p1a: Mew|Mew|100/100
|move|p2a: Iron Valiant|Moonblast|p1a: Mew
|-damage|p1a: Mew|53/100
|
|upkeep
|turn|3
|inactive|tgemvgc has 120 seconds left.
|
|t:|1769366670
|-end|p2a: Iron Valiant|Quark Drive|[silent]
|switch|p2a: Samurott|Samurott-Hisui, M, shiny|100/100
|move|p1a: Mew|Trick Room|p1a: Mew
|-fieldstart|move: Trick Room|[of] p1a: Mew
|
|upkeep
|turn|4
|
|t:|1769366678
|switch|p1a: Kingambit|Kingambit, M|100/100
|move|p2a: Samurott|Knock Off|p1a: Kingambit
|-resisted|p1a: Kingambit
|-damage|p1a: Kingambit|80/100
|-enditem|p1a: Kingambit|Leftovers|[from] move: Knock Off|[of] p2a: Samurott
|
|upkeep
|turn|5
|
|t:|1769366696
|move|p1a: Kingambit|Swords Dance|p1a: Kingambit
|-boost|p1a: Kingambit|atk|2
|move|p2a: Samurott|Flip Turn|p1a: Kingambit
|-damage|p1a: Kingambit|58/100
|inactive|tgemvgc has 120 seconds left.
|
|t:|1769366713
|switch|p2a: Great Tusk|Great Tusk, shiny|100/100|[from] Flip Turn
|
|upkeep
|turn|6
|
|t:|1769366717
|-terastallize|p1a: Kingambit|Fairy
|move|p1a: Kingambit|Tera Blast|p2a: Great Tusk|[anim] Tera Blast Fairy
|-supereffective|p2a: Great Tusk
|-damage|p2a: Great Tusk|0 fnt
|faint|p2a: Great Tusk
|-end|p2a: Great Tusk|Protosynthesis|[silent]
|
|upkeep
|
|t:|1769366729
|switch|p2a: Pecharunt|Pecharunt|100/100
|turn|7
|
|t:|1769366733
|move|p1a: Kingambit|Kowtow Cleave|p2a: Pecharunt
|-supereffective|p2a: Pecharunt
|-damage|p2a: Pecharunt|3/100
|-damage|p1a: Kingambit|42/100|[from] item: Rocky Helmet|[of] p2a: Pecharunt
|move|p2a: Pecharunt|Malignant Chain|p1a: Kingambit
|-supereffective|p1a: Kingambit
|-damage|p1a: Kingambit|0 fnt
|faint|p1a: Kingambit
|-end|p1a: Kingambit|fallenundefined|[silent]
|
|-fieldend|move: Trick Room
|upkeep
|
|t:|1769366747
|switch|p1a: Hoopa|Hoopa-Unbound|100/100
|turn|8
|
|t:|1769366753
|move|p2a: Pecharunt|Malignant Chain|p1a: Hoopa
|-damage|p1a: Hoopa|77/100
|move|p1a: Hoopa|Trick Room|p1a: Hoopa
|-fieldstart|move: Trick Room|[of] p1a: Hoopa
|-enditem|p1a: Hoopa|Room Service
|-unboost|p1a: Hoopa|spe|1|[from] item: Room Service
|
|upkeep
|turn|9
|
|t:|1769366761
|move|p1a: Hoopa|Hyperspace Fury|p2a: Pecharunt
|-supereffective|p2a: Pecharunt
|-damage|p2a: Pecharunt|0 fnt
|-unboost|p1a: Hoopa|def|1
|faint|p2a: Pecharunt
|-item|p1a: Hoopa|Rocky Helmet|[from] ability: Magician|[of] p2: Pecharunt
|
|upkeep
|
|t:|1769366764
|switch|p2a: Samurott|Samurott-Hisui, M, shiny|100/100
|turn|10
|
|t:|1769366787
|move|p2a: Samurott|Sucker Punch|p1a: Hoopa
|-crit|p1a: Hoopa
|-damage|p1a: Hoopa|0 fnt
|-damage|p2a: Samurott|84/100|[from] item: Rocky Helmet|[of] p1a: Hoopa
|faint|p1a: Hoopa
|
|upkeep
|
|t:|1769366798
|switch|p1a: Azumarill|Azumarill, F|45/100
|turn|11
|
|t:|1769366803
|move|p2a: Samurott|Sucker Punch|p1a: Azumarill
|-resisted|p1a: Azumarill
|-damage|p1a: Azumarill|22/100
|move|p1a: Azumarill|Play Rough|p2a: Samurott
|-supereffective|p2a: Samurott
|-damage|p2a: Samurott|0 fnt
|faint|p2a: Samurott
|
|upkeep
|inactive|tgemvgc has 120 seconds left.
|
|t:|1769366834
|switch|p2a: Iron Valiant|Iron Valiant, shiny|100/100
|turn|12
|
|t:|1769366837
|move|p2a: Iron Valiant|Vacuum Wave|p1a: Azumarill
|-resisted|p1a: Azumarill
|-damage|p1a: Azumarill|7/100
|move|p1a: Azumarill|Play Rough|p2a: Iron Valiant
|-supereffective|p2a: Iron Valiant
|-damage|p2a: Iron Valiant|0 fnt
|faint|p2a: Iron Valiant
|-end|p2a: Iron Valiant|Quark Drive|[silent]
|
|-fieldend|move: Trick Room
|upkeep
|
|t:|1769366839
|switch|p2a: Dragonite|Dragonite, M, shiny|100/100
|turn|13
|
|t:|1769366848
|switch|p1a: Cresselia|Cresselia, F|100/100
|move|p2a: Dragonite|Earthquake|p1a: Cresselia
|-immune|p1a: Cresselia|[from] ability: Levitate
|
|upkeep
|turn|14
|
|t:|1769366863
|-terastallize|p2a: Dragonite|Flying
|move|p2a: Dragonite|Dragon Dance|p2a: Dragonite
|-boost|p2a: Dragonite|atk|1
|-boost|p2a: Dragonite|spe|1
|move|p1a: Cresselia|Trick Room|p1a: Cresselia
|-fieldstart|move: Trick Room|[of] p1a: Cresselia
|
|upkeep
|turn|15
|
|t:|1769366871
|move|p1a: Cresselia|Ice Beam|p2a: Dragonite
|-supereffective|p2a: Dragonite
|-damage|p2a: Dragonite|83/100
|move|p2a: Dragonite|Dragon Dance|p2a: Dragonite
|-boost|p2a: Dragonite|atk|1
|-boost|p2a: Dragonite|spe|1
|
|upkeep
|turn|16
|
|t:|1769366882
|move|p1a: Cresselia|Lunar Dance|p1a: Cresselia
|faint|p1a: Cresselia
|move|p2a: Dragonite|Roost|p2a: Dragonite
|-heal|p2a: Dragonite|100/100
|-hint|If a Terastallized Pokemon uses Roost, it remains Flying-type.
|
|upkeep
|
|t:|1769366890
|switch|p1a: Gholdengo|Gholdengo|100/100
|turn|17
|
|t:|1769366899
|move|p1a: Gholdengo|Thunderbolt|p2a: Dragonite
|-supereffective|p2a: Dragonite
|-damage|p2a: Dragonite|49/100
|move|p2a: Dragonite|Roost|p2a: Dragonite
|-heal|p2a: Dragonite|99/100
|-hint|If a Terastallized Pokemon uses Roost, it remains Flying-type.
|
|upkeep
|turn|18
|
|t:|1769366906
|move|p1a: Gholdengo|Thunderbolt|p2a: Dragonite
|-supereffective|p2a: Dragonite
|-damage|p2a: Dragonite|0 fnt
|faint|p2a: Dragonite
|
|win|cospway
|raw|cospway's rating: 1526 &rarr; <strong>1554</strong><br />(+28 for winning)
|raw|tgemvgc's rating: 1668 &rarr; <strong>1640</strong><br />(-28 for losing)
|l|☆tgemvgc
|player|p2|
|l|☆cospway
|player|p1|
