|j|☆plol1
|j|☆Chairhairreal
|t:|1769410526
|gametype|singles
|player|p1|plol1|preschooler|1153
|player|p2|Chairhairreal|elesa|1108
|gen|9
|tier|[Gen 9] OU
|rated|
|rule|HP Percentage Mod: HP is shown in percentages
|rule|Endless Battle Clause: Forcing endless battles is banned
|rule|Species Clause: Limit one of each Pokémon
|rule|OHKO Clause: OHKO moves are banned
|rule|Evasion Items Clause: Evasion items are banned
|rule|Evasion Moves Clause: Evasion moves are banned
|rule|Evasion Abilities Clause: Evasion abilities are banned
|rule|Sleep Moves Clause: Sleep-inducing moves are banned
|clearpoke
|poke|p1|Pelipper, M|
|poke|p1|Politoed, F|
|poke|p1|Manaphy|
|poke|p1|Whiscash, F|
|poke|p1|Golduck, M|
|poke|p1|Barraskewda, M|
|poke|p2|Pecharunt|
|poke|p2|Samurott-Hisui, M|
|poke|p2|Garganacl, F|
|poke|p2|Great Tusk|
|poke|p2|Tornadus-Therian, M|
|poke|p2|Hydrapple, F|
|teampreview
|
|t:|1769410535
|teamsize|p1|6
|teamsize|p2|6
|start
|switch|p1a: Pelipper|Pelipper, M|100/100
|switch|p2a: Garganacl|Garganacl, F|100/100
|-weather|RainDance|[from] ability: Drizzle|[of] p1a: Pelipper
|turn|1
|
|t:|1769410539
|move|p1a: Pelipper|Weather Ball|p2a: Garganacl
|-supereffective|p2a: Garganacl
|-damage|p2a: Garganacl|10/100
|move|p2a: Garganacl|Salt Cure|p1a: Pelipper
|-supereffective|p1a: Pelipper
|-damage|p1a: Pelipper|80/100
|-start|p1a: Pelipper|Salt Cure
|
|-weather|RainDance|[upkeep]
|-heal|p2a: Garganacl|16/100|[from] item: Leftovers
|-damage|p1a: Pelipper|55/100|[from] Salt Cure
|upkeep
|turn|2
|
|t:|1769410547
|move|p2a: Garganacl|Protect|p2a: Garganacl
|-singleturn|p2a: Garganacl|Protect
|move|p1a: Pelipper|Weather Ball|p2a: Garganacl
|-activate|p2a: Garganacl|move: Protect
|
|-weather|RainDance|[upkeep]
|-heal|p2a: Garganacl|22/100|[from] item: Leftovers
|-damage|p1a: Pelipper|31/100|[from] Salt Cure
|upkeep
|turn|3
|
|t:|1769410553
|switch|p2a: Hydrapple|Hydrapple, F|100/100
|move|p1a: Pelipper|Weather Ball|p2a: Hydrapple
|-resisted|p2a: Hydrapple
|-damage|p2a: Hydrapple|87/100
|
|-weather|RainDance|[upkeep]
|-damage|p1a: Pelipper|6/100|[from] Salt Cure
|upkeep
|turn|4
|
|t:|1769410564
|move|p1a: Pelipper|Roost|p1a: Pelipper
|-heal|p1a: Pelipper|56/100
|-singleturn|p1a: Pelipper|move: Roost
|move|p2a: Hydrapple|Recover|p2a: Hydrapple
|-heal|p2a: Hydrapple|100/100
|
|-weather|RainDance|[upkeep]
|-damage|p1a: Pelipper|31/100|[from] Salt Cure
|upkeep
|turn|5
|
|t:|1769410574
|switch|p1a: Golduck|Golduck, M|100/100
|move|p2a: Hydrapple|Giga Drain|p1a: Golduck
|-supereffective|p1a: Golduck
|-crit|p1a: Golduck
|-damage|p1a: Golduck|0 fnt
|faint|p1a: Golduck
|-damage|p2a: Hydrapple|91/100|[from] item: Life Orb
|
|-weather|RainDance|[upkeep]
|upkeep
|
|t:|1769410580
|switch|p1a: Pelipper|Pelipper, M|31/100
|turn|6
|
|t:|1769410584
|move|p1a: Pelipper|Hurricane|p2a: Hydrapple
|-supereffective|p2a: Hydrapple
|-damage|p2a: Hydrapple|17/100
|move|p2a: Hydrapple|Giga Drain|p1a: Pelipper
|-damage|p1a: Pelipper|0 fnt
|-heal|p2a: Hydrapple|29/100|[from] drain|[of] p1a: Pelipper
|faint|p1a: Pelipper
|-damage|p2a: Hydrapple|19/100|[from] item: Life Orb
|
|-weather|RainDance|[upkeep]
|upkeep
|
|t:|1769410590
|switch|p1a: Barraskewda|Barraskewda, M|100/100
|turn|7
|
|t:|1769410594
|switch|p2a: Tornadus|Tornadus-Therian, M|100/100
|move|p1a: Barraskewda|Psychic Fangs|p2a: Tornadus
|-damage|p2a: Tornadus|51/100
|
|-weather|RainDance|[upkeep]
|upkeep
|turn|8
|
|t:|1769410600
|move|p1a: Barraskewda|Liquidation|p2a: Tornadus
|-damage|p2a: Tornadus|0 fnt
|faint|p2a: Tornadus
|
|-weather|none
|upkeep
|
|t:|1769410605
|switch|p2a: Samurott|Samurott-Hisui, M|100/100
|turn|9
|
|t:|1769410608
|switch|p1a: Politoed|Politoed, F|100/100
|-weather|RainDance|[from] ability: Drizzle|[of] p1a: Politoed
|move|p2a: Samurott|Ceaseless Edge|p1a: Politoed
|-damage|p1a: Politoed|26/100
|-sidestart|p1: plol1|Spikes
|
|-weather|RainDance|[upkeep]
|upkeep
|turn|10
|
|t:|1769410617
|move|p2a: Samurott|Ceaseless Edge|p1a: Politoed
|-damage|p1a: Politoed|0 fnt
|-sidestart|p1: plol1|Spikes
|faint|p1a: Politoed
|
|-weather|RainDance|[upkeep]
|upkeep
|
|t:|1769410620
|switch|p1a: Barraskewda|Barraskewda, M|100/100
|-damage|p1a: Barraskewda|84/100|[from] Spikes
|turn|11
|
|t:|1769410624
|-terastallize|p1a: Barraskewda|Water
|move|p1a: Barraskewda|Liquidation|p2a: Samurott
|-resisted|p2a: Samurott
|-damage|p2a: Samurott|39/100
|move|p2a: Samurott|Ceaseless Edge|p1a: Barraskewda
|-damage|p1a: Barraskewda|0 fnt
|-sidestart|p1: plol1|Spikes
|faint|p1a: Barraskewda
|
|-weather|RainDance|[upkeep]
|upkeep
|
|t:|1769410632
|switch|p1a: Manaphy|Manaphy|100/100
|-damage|p1a: Manaphy|75/100|[from] Spikes
|turn|12
|
|t:|1769410635
|move|p2a: Samurott|Ceaseless Edge|p1a: Manaphy
|-damage|p1a: Manaphy|18/100
|move|p1a: Manaphy|Energy Ball|p2a: Samurott
|-supereffective|p2a: Samurott
|-damage|p2a: Samurott|0 fnt
|faint|p2a: Samurott
|
|-weather|RainDance|[upkeep]
|-heal|p1a: Manaphy|25/100|[from] item: Leftovers
|upkeep
|
|t:|1769410650
|switch|p2a: Pecharunt|Pecharunt|100/100
|turn|13
|
|t:|1769410658
|move|p1a: Manaphy|Rest|p1a: Manaphy
|-status|p1a: Manaphy|slp|[from] move: Rest
|-heal|p1a: Manaphy|100/100 slp|[silent]
|move|p2a: Pecharunt|Malignant Chain|p1a: Manaphy
|-damage|p1a: Manaphy|74/100 slp
|
|-weather|RainDance|[upkeep]
|-activate|p1a: Manaphy|ability: Hydration
|-curestatus|p1a: Manaphy|slp|[msg]
|-heal|p1a: Manaphy|80/100|[from] item: Leftovers
|upkeep
|turn|14
|
|t:|1769410666
|move|p1a: Manaphy|Scald|p2a: Pecharunt
|-crit|p2a: Pecharunt
|-damage|p2a: Pecharunt|17/100
|move|p2a: Pecharunt|Malignant Chain|p1a: Manaphy
|-damage|p1a: Manaphy|52/100
|-status|p1a: Manaphy|tox
|-start|p1a: Manaphy|confusion|[from] ability: Poison Puppeteer|[of] p2a: Pecharunt
|
|-weather|RainDance|[upkeep]
|-activate|p1a: Manaphy|ability: Hydration
|-curestatus|p1a: Manaphy|tox|[msg]
|-heal|p1a: Manaphy|58/100|[from] item: Leftovers
|upkeep
|turn|15
|
|t:|1769410675
|-activate|p1a: Manaphy|confusion
|-damage|p1a: Manaphy|52/100|[from] confusion
|move|p2a: Pecharunt|Recover|p2a: Pecharunt
|-heal|p2a: Pecharunt|67/100
|
|-weather|RainDance|[upkeep]
|-heal|p1a: Manaphy|58/100|[from] item: Leftovers
|upkeep
|turn|16
|
|t:|1769410684
|-end|p1a: Manaphy|confusion
|move|p1a: Manaphy|Scald|p2a: Pecharunt
|-damage|p2a: Pecharunt|9/100
|-status|p2a: Pecharunt|brn
|move|p2a: Pecharunt|Recover|p2a: Pecharunt
|-heal|p2a: Pecharunt|59/100 brn
|
|-weather|none
|-heal|p1a: Manaphy|64/100|[from] item: Leftovers
|-damage|p2a: Pecharunt|53/100 brn|[from] brn
|upkeep
|turn|17
|inactive|Battle timer is ON: inactive players will automatically lose when time's up. (requested by Chairhairreal)
|l|☆plol1
|inactive|plol1 disconnected and has a minute to reconnect!
|player|p1|
|inactive|plol1 has 30 seconds to reconnect!
|inactive|plol1 has 20 seconds to reconnect!
|inactive|plol1 has 15 seconds to reconnect!
|inactive|plol1 has 10 seconds to reconnect!
|inactive|plol1 has 5 seconds to reconnect!
|-message|plol1 lost due to inactivity.
|
|win|Chairhairreal
|raw|plol1's rating: 1153 &rarr; <strong>1125</strong><br />(-28 for losing)
|raw|Chairhairreal's rating: 1108 &rarr; <strong>1136</strong><br />(+28 for winning)
|l|☆Chairhairreal
|player|p2|
