|j|☆Jhkhgfd
|j|☆mo007001
|t:|1769322508
|gametype|singles
|player|p1|Jhkhgfd|170|1402
|player|p2|mo007001|burglar|1359
|gen|9
|tier|[Gen 9] OU
|rated|
|rule|HP Percentage Mod: HP is shown in percentages
|rule|Endless Battle Clause: Forcing endless battles is banned
|rule|Species Clause: Limit one of each Pokémon
|rule|OHKO Clause: OHKO moves are banned
|rule|Evasion Items Clause: Evasion items are banned
|rule|Evasion Moves Clause: Evasion moves are banned
|rule|Evasion Abilities Clause: Evasion abilities are banned
|rule|Sleep Moves Clause: Sleep-inducing moves are banned
|clearpoke
|poke|p1|Tinkaton, F|
|poke|p1|Ogerpon, F|
|poke|p1|Great Tusk|
|poke|p1|Pecharunt|
|poke|p1|Alomomola, M|
|poke|p1|Hydreigon, M|
|poke|p2|Pelipper, F|
|poke|p2|Azumarill, F|
|poke|p2|Floatzel, F|
|poke|p2|Kingdra, M|
|poke|p2|Scizor, M|
|poke|p2|Kingambit, F|
|teampreview
|
|t:|1769322538
|teamsize|p1|6
|teamsize|p2|6
|start
|switch|p1a: Hybrid|Hydreigon, M, shiny|100/100
|switch|p2a: 鸥达拉|Pelipper, F|100/100
|-weather|RainDance|[from] ability: Drizzle|[of] p2a: 鸥达拉
|turn|1
|
|t:|1769322546
|switch|p2a: 勘九螂|Scizor, M|100/100
|move|p1a: Hybrid|Draco Meteor|p2a: 勘九螂|[miss]
|-miss|p1a: Hybrid|p2a: 勘九螂
|
|-weather|RainDance|[upkeep]
|upkeep
|turn|2
|
|t:|1769322551
|switch|p1a: Behemoth|Great Tusk, shiny|100/100
|move|p2a: 勘九螂|U-turn|p1a: Behemoth
|-resisted|p1a: Behemoth
|-damage|p1a: Behemoth|88/100
|
|t:|1769322561
|switch|p2a: 宇智波鼬|Floatzel, F|100/100|[from] U-turn
|
|-weather|RainDance|[upkeep]
|upkeep
|turn|3
|
|t:|1769322567
|-end|p1a: Behemoth|Protosynthesis|[silent]
|switch|p1a: Smile.exe|Tinkaton, F, shiny|100/100
|-item|p1a: Smile.exe|Air Balloon
|move|p2a: 宇智波鼬|Flip Turn|p1a: Smile.exe
|-damage|p1a: Smile.exe|12/100
|-enditem|p1a: Smile.exe|Air Balloon
|-enditem|p2a: 宇智波鼬|Choice Band|[silent]|[from] ability: Pickpocket|[of] p2a: 宇智波鼬
|-item|p1a: Smile.exe|Choice Band|[from] ability: Pickpocket|[of] p2a: 宇智波鼬
|
|t:|1769322575
|switch|p2a: 日向宁刺|Kingdra, M|100/100|[from] Flip Turn
|
|-weather|RainDance|[upkeep]
|upkeep
|turn|4
|
|t:|1769322589
|move|p2a: 日向宁刺|Surf|p1a: Smile.exe
|-damage|p1a: Smile.exe|0 fnt
|faint|p1a: Smile.exe
|-damage|p2a: 日向宁刺|91/100|[from] item: Life Orb
|
|-weather|RainDance|[upkeep]
|upkeep
|
|t:|1769322592
|switch|p1a: Pisces|Alomomola, M, shiny|100/100
|turn|5
|
|t:|1769322596
|switch|p2a: 鸥达拉|Pelipper, F|100/100
|move|p1a: Pisces|Play Rough|p2a: 鸥达拉
|-damage|p2a: 鸥达拉|82/100
|-unboost|p2a: 鸥达拉|atk|1
|
|-weather|RainDance|[upkeep]
|upkeep
|turn|6
|
|t:|1769322603
|move|p2a: 鸥达拉|U-turn|p1a: Pisces
|-damage|p1a: Pisces|95/100
|
|t:|1769322608
|switch|p2a: 勘九螂|Scizor, M|100/100|[from] U-turn
|move|p1a: Pisces|Mirror Coat||[still]
|-fail|p1a: Pisces
|
|-weather|RainDance|[upkeep]
|upkeep
|turn|7
|
|t:|1769322613
|move|p2a: 勘九螂|U-turn|p1a: Pisces
|-damage|p1a: Pisces|69/100
|
|t:|1769322619
|switch|p2a: 鸥达拉|Pelipper, F|82/100|[from] U-turn
|move|p1a: Pisces|Flip Turn|p2a: 鸥达拉
|-resisted|p2a: 鸥达拉
|-crit|p2a: 鸥达拉
|-damage|p2a: 鸥达拉|62/100
|
|t:|1769322624
|switch|p1a: Anonymous|Ogerpon, F|100/100|[from] Flip Turn
|
|-weather|RainDance|[upkeep]
|upkeep
|turn|8
|
|t:|1769322627
|switch|p2a: 勘九螂|Scizor, M|100/100
|-terastallize|p1a: Anonymous|Grass
|detailschange|p1a: Anonymous|Ogerpon-Teal-Tera, F, tera:Grass
|-ability|p1a: Anonymous|Embody Aspect (Teal)|boost
|-boost|p1a: Anonymous|spe|1
|move|p1a: Anonymous|Ivy Cudgel|p2a: 勘九螂
|-resisted|p2a: 勘九螂
|-damage|p2a: 勘九螂|81/100
|
|-weather|none
|-heal|p2a: 勘九螂|87/100|[from] item: Leftovers
|upkeep
|turn|9
|
|t:|1769322631
|switch|p1a: Overseer|Pecharunt|100/100
|move|p2a: 勘九螂|U-turn|p1a: Overseer
|-resisted|p1a: Overseer
|-damage|p1a: Overseer|97/100
|-damage|p2a: 勘九螂|70/100|[from] item: Rocky Helmet|[of] p1a: Overseer
|
|t:|1769322639
|switch|p2a: 鸥达拉|Pelipper, F|62/100|[from] U-turn
|-weather|RainDance|[from] ability: Drizzle|[of] p2a: 鸥达拉
|
|-weather|RainDance|[upkeep]
|upkeep
|turn|10
|
|t:|1769322643
|switch|p2a: 勘九螂|Scizor, M|70/100
|move|p1a: Overseer|Shadow Ball|p2a: 勘九螂
|-damage|p2a: 勘九螂|39/100
|
|-weather|RainDance|[upkeep]
|-heal|p2a: 勘九螂|45/100|[from] item: Leftovers
|upkeep
|turn|11
|
|t:|1769322650
|move|p1a: Overseer|Parting Shot|p2a: 勘九螂
|-unboost|p2a: 勘九螂|atk|1
|-unboost|p2a: 勘九螂|spa|1
|
|t:|1769322654
|switch|p1a: Pisces|Alomomola, M, shiny|100/100|[from] Parting Shot
|move|p2a: 勘九螂|U-turn|p1a: Pisces
|-damage|p1a: Pisces|84/100
|
|t:|1769322661
|switch|p2a: 日向宁刺|Kingdra, M|91/100|[from] U-turn
|
|-weather|RainDance|[upkeep]
|upkeep
|turn|12
|
|t:|1769322668
|-terastallize|p2a: 日向宁刺|Grass
|move|p2a: 日向宁刺|Tera Blast|p1a: Pisces|[anim] Tera Blast Grass
|-supereffective|p1a: Pisces
|-damage|p1a: Pisces|32/100
|-damage|p2a: 日向宁刺|81/100|[from] item: Life Orb
|move|p1a: Pisces|Mirror Coat|p2a: 日向宁刺
|-damage|p2a: 日向宁刺|0 fnt
|faint|p2a: 日向宁刺
|
|-weather|RainDance|[upkeep]
|upkeep
|
|t:|1769322678
|switch|p2a: 宇智波鼬|Floatzel, F|100/100
|turn|13
|
|t:|1769322681
|switch|p1a: Overseer|Pecharunt|97/100
|move|p2a: 宇智波鼬|Flip Turn|p1a: Overseer
|-damage|p1a: Overseer|76/100
|-damage|p2a: 宇智波鼬|84/100|[from] item: Rocky Helmet|[of] p1a: Overseer
|
|t:|1769322699
|switch|p2a: 阿斯玛|Azumarill, F|100/100|[from] Flip Turn
|
|-weather|RainDance|[upkeep]
|upkeep
|turn|14
|
|t:|1769322705
|move|p1a: Overseer|Malignant Chain|p2a: 阿斯玛
|-supereffective|p2a: 阿斯玛
|-damage|p2a: 阿斯玛|22/100
|-enditem|p2a: 阿斯玛|Sitrus Berry|[eat]
|-heal|p2a: 阿斯玛|46/100|[from] item: Sitrus Berry
|move|p2a: 阿斯玛|Belly Drum||[still]
|-fail|p2a: 阿斯玛
|
|-weather|RainDance|[upkeep]
|upkeep
|turn|15
|-message|mo007001 forfeited.
|
|win|Jhkhgfd
|raw|Jhkhgfd's rating: 1402 &rarr; <strong>1420</strong><br />(+18 for winning)
|raw|mo007001's rating: 1359 &rarr; <strong>1341</strong><br />(-18 for losing)
|l|☆mo007001
|player|p2|
|l|☆Jhkhgfd
|player|p1|
