|j|☆andyn00
|j|☆Vangnex
|t:|1769361327
|gametype|singles
|player|p1|andyn00|102|1112
|player|p2|Vangnex|lillie-z|1156
|gen|9
|tier|[Gen 9] OU
|rated|
|rule|HP Percentage Mod: HP is shown in percentages
|rule|Endless Battle Clause: Forcing endless battles is banned
|rule|Species Clause: Limit one of each Pokémon
|rule|OHKO Clause: OHKO moves are banned
|rule|Evasion Items Clause: Evasion items are banned
|rule|Evasion Moves Clause: Evasion moves are banned
|rule|Evasion Abilities Clause: Evasion abilities are banned
|rule|Sleep Moves Clause: Sleep-inducing moves are banned
|clearpoke
|poke|p1|Hydrapple, M|
|poke|p1|Gliscor, M|
|poke|p1|Slowking-Galar, M|
|poke|p1|Cinderace, M|
|poke|p1|Kingambit, M|
|poke|p1|Iron Valiant|
|poke|p2|Glimmora, M|
|poke|p2|Cinderace, M|
|poke|p2|Ursaluna, F|
|poke|p2|Jolteon, F|
|poke|p2|Zangoose, M|
|poke|p2|Conkeldurr, M|
|teampreview
|
|t:|1769361330
|teamsize|p1|6
|teamsize|p2|6
|start
|switch|p1a: Gliscor|Gliscor, M, shiny|100/100
|switch|p2a: Glimmora|Glimmora, M|100/100
|turn|1
|inactive|Battle timer is ON: inactive players will automatically lose when time's up. (requested by Vangnex)
|
|t:|1769361377
|move|p1a: Gliscor|Earthquake|p2a: Glimmora
|-supereffective|p2a: Glimmora
|-enditem|p2a: Glimmora|Focus Sash
|-damage|p2a: Glimmora|1/100
|-activate|p2a: Glimmora|ability: Toxic Debris
|-sidestart|p1: andyn00|move: Toxic Spikes
|move|p2a: Glimmora|Power Gem|p1a: Gliscor
|-damage|p1a: Gliscor|31/100
|
|-status|p1a: Gliscor|tox|[from] item: Toxic Orb
|upkeep
|turn|2
|
|t:|1769361402
|move|p1a: Gliscor|Earthquake|p2a: Glimmora
|-supereffective|p2a: Glimmora
|-damage|p2a: Glimmora|0 fnt
|-activate|p2a: Glimmora|ability: Toxic Debris
|-sidestart|p1: andyn00|move: Toxic Spikes
|faint|p2a: Glimmora
|
|-heal|p1a: Gliscor|43/100 tox|[from] ability: Poison Heal
|upkeep
|
|t:|1769361405
|switch|p2a: Cinderace|Cinderace, M|100/100
|turn|3
|
|t:|1769361415
|move|p1a: Gliscor|Protect|p1a: Gliscor
|-singleturn|p1a: Gliscor|Protect
|move|p2a: Cinderace|Court Change|p2a: Cinderace
|-start|p2a: Cinderace|typechange|Normal|[from] ability: Libero
|-swapsideconditions
|-activate|p2a: Cinderace|move: Court Change
|
|-heal|p1a: Gliscor|56/100 tox|[from] ability: Poison Heal
|upkeep
|turn|4
|
|t:|1769361429
|move|p2a: Cinderace|Pyro Ball|p1a: Gliscor
|-damage|p1a: Gliscor|18/100 tox
|move|p1a: Gliscor|Earthquake|p2a: Cinderace
|-damage|p2a: Cinderace|41/100
|
|-heal|p1a: Gliscor|30/100 tox|[from] ability: Poison Heal
|upkeep
|turn|5
|
|t:|1769361442
|switch|p2a: Zangoose|Zangoose, M|100/100
|-status|p2a: Zangoose|tox
|move|p1a: Gliscor|Protect||[still]
|-fail|p1a: Gliscor
|
|-damage|p2a: Zangoose|95/100 tox|[from] psn
|-heal|p1a: Gliscor|43/100 tox|[from] ability: Poison Heal
|upkeep
|turn|6
|inactive|andyn00 has 120 seconds left.
|
|t:|1769361468
|move|p2a: Zangoose|Facade|p1a: Gliscor
|-damage|p1a: Gliscor|0 fnt
|faint|p1a: Gliscor
|
|-damage|p2a: Zangoose|83/100 tox|[from] psn
|upkeep
|inactive|andyn00 has 120 seconds left.
|inactive|andyn00 has 90 seconds left.
|
|t:|1769361509
|switch|p1a: Iron Valiant|Iron Valiant, shiny|100/100
|-enditem|p1a: Iron Valiant|Booster Energy
|-activate|p1a: Iron Valiant|ability: Quark Drive|[fromitem]
|-start|p1a: Iron Valiant|quarkdrivespe
|turn|7
|inactive|andyn00 has 90 seconds left.
|
|t:|1769361528
|-terastallize|p2a: Zangoose|Ghost
|move|p1a: Iron Valiant|Moonblast|p2a: Zangoose
|-damage|p2a: Zangoose|0 fnt
|faint|p2a: Zangoose
|
|upkeep
|
|t:|1769361537
|switch|p2a: Ursaluna|Ursaluna, F|100/100
|-status|p2a: Ursaluna|tox
|turn|8
|inactive|andyn00 has 90 seconds left.
|
|t:|1769361557
|move|p1a: Iron Valiant|Destiny Bond|p1a: Iron Valiant
|-singlemove|p1a: Iron Valiant|Destiny Bond
|move|p2a: Ursaluna|Facade|p1a: Iron Valiant
|-damage|p1a: Iron Valiant|0 fnt
|faint|p1a: Iron Valiant
|-activate|p1a: Iron Valiant|move: Destiny Bond
|-end|p1a: Iron Valiant|Quark Drive|[silent]
|faint|p2a: Ursaluna
|
|upkeep
|
|t:|1769361572
|switch|p1a: Slowking|Slowking-Galar, M, shiny|100/100
|switch|p2a: Jolteon|Jolteon, F|100/100
|-status|p2a: Jolteon|tox
|turn|9
|inactive|andyn00 has 60 seconds left.
|
|t:|1769361598
|move|p2a: Jolteon|Volt Switch|p1a: Slowking
|-damage|p1a: Slowking|74/100
|
|t:|1769361601
|switch|p2a: Cinderace|Cinderace, M|41/100|[from] Volt Switch
|move|p1a: Slowking|Whirlpool|p2a: Cinderace
|-supereffective|p2a: Cinderace
|-damage|p2a: Cinderace|14/100
|-activate|p2a: Cinderace|move: Whirlpool|[of] p1a: Slowking
|
|-damage|p2a: Cinderace|2/100|[from] move: Whirlpool|[partiallytrapped]
|upkeep
|turn|10
|inactive|andyn00 has 60 seconds left.
|
|t:|1769361628
|-terastallize|p1a: Slowking|Water
|move|p2a: Cinderace|U-turn|p1a: Slowking
|-start|p2a: Cinderace|typechange|Bug|[from] ability: Libero
|-damage|p1a: Slowking|50/100
|
|t:|1769361633
|switch|p2a: Jolteon|Jolteon, F|100/100 tox|[from] U-turn
|move|p1a: Slowking|Whirlpool|p2a: Jolteon
|-damage|p2a: Jolteon|72/100 tox
|-activate|p2a: Jolteon|move: Whirlpool|[of] p1a: Slowking
|
|-damage|p2a: Jolteon|65/100 tox|[from] psn
|-damage|p2a: Jolteon|53/100 tox|[from] move: Whirlpool|[partiallytrapped]
|upkeep
|turn|11
|
|t:|1769361649
|move|p2a: Jolteon|Volt Switch|p1a: Slowking
|-supereffective|p1a: Slowking
|-damage|p1a: Slowking|0 fnt
|faint|p1a: Slowking
|
|t:|1769361652
|switch|p2a: Conkeldurr|Conkeldurr, M|100/100|[from] Volt Switch
|-status|p2a: Conkeldurr|tox
|
|-damage|p2a: Conkeldurr|94/100 tox|[from] psn
|upkeep
|
|t:|1769361658
|switch|p1a: Kingambit|Kingambit, M, shiny|100/100
|-activate|p1a: Kingambit|ability: Supreme Overlord
|-start|p1a: Kingambit|fallen3|[silent]
|-item|p1a: Kingambit|Air Balloon
|turn|12
|inactive|andyn00 has 60 seconds left.
|
|t:|1769361670
|move|p2a: Conkeldurr|Mach Punch|p1a: Kingambit
|-supereffective|p1a: Kingambit
|-damage|p1a: Kingambit|0 fnt
|-enditem|p1a: Kingambit|Air Balloon
|faint|p1a: Kingambit
|-end|p1a: Kingambit|fallen3|[silent]
|
|-damage|p2a: Conkeldurr|82/100 tox|[from] psn
|upkeep
|
|t:|1769361676
|switch|p1a: Hydrapple|Hydrapple, M, shiny|100/100
|turn|13
|inactive|andyn00 has 60 seconds left.
|
|t:|1769361707
|move|p1a: Hydrapple|Draco Meteor|p2a: Conkeldurr
|-damage|p2a: Conkeldurr|0 fnt
|-unboost|p1a: Hydrapple|spa|2
|faint|p2a: Conkeldurr
|-damage|p1a: Hydrapple|91/100|[from] item: Life Orb
|
|upkeep
|
|t:|1769361711
|switch|p2a: Cinderace|Cinderace, M|2/100
|turn|14
|
|t:|1769361721
|move|p2a: Cinderace|Court Change|p2a: Cinderace
|-start|p2a: Cinderace|typechange|Normal|[from] ability: Libero
|-swapsideconditions
|-activate|p2a: Cinderace|move: Court Change
|move|p1a: Hydrapple|Giga Drain|p2a: Cinderace
|-damage|p2a: Cinderace|0 fnt
|-heal|p1a: Hydrapple|91/100|[from] drain|[of] p2a: Cinderace
|faint|p2a: Cinderace
|-damage|p1a: Hydrapple|81/100|[from] item: Life Orb
|
|upkeep
|
|t:|1769361727
|switch|p2a: Jolteon|Jolteon, F|53/100 tox
|turn|15
|
|t:|1769361749
|move|p2a: Jolteon|Tera Blast|p1a: Hydrapple
|-damage|p1a: Hydrapple|39/100
|move|p1a: Hydrapple|Earth Power|p2a: Jolteon
|-supereffective|p2a: Jolteon
|-damage|p2a: Jolteon|0 fnt
|faint|p2a: Jolteon
|-damage|p1a: Hydrapple|29/100|[from] item: Life Orb
|
|win|andyn00
|raw|andyn00's rating: 1112 &rarr; <strong>1140</strong><br />(+28 for winning)
|raw|Vangnex's rating: 1156 &rarr; <strong>1128</strong><br />(-28 for losing)
|l|☆Vangnex
|player|p2|
|l|☆andyn00
|player|p1|
