|j|☆veriyi♤
|j|☆tilda mamoswinton
|t:|1769390337
|gametype|singles
|player|p1|veriyi♤|miku-fire|1077
|player|p2|tilda mamoswinton|170|1024
|gen|9
|tier|[Gen 9] OU
|rated|
|rule|HP Percentage Mod: HP is shown in percentages
|rule|Endless Battle Clause: Forcing endless battles is banned
|rule|Species Clause: Limit one of each Pokémon
|rule|OHKO Clause: OHKO moves are banned
|rule|Evasion Items Clause: Evasion items are banned
|rule|Evasion Moves Clause: Evasion moves are banned
|rule|Evasion Abilities Clause: Evasion abilities are banned
|rule|Sleep Moves Clause: Sleep-inducing moves are banned
|clearpoke
|poke|p1|Iron Moth|
|poke|p1|Dragapult, F|
|poke|p1|Heatran, M|
|poke|p1|Moltres|
|poke|p1|Pecharunt|
|poke|p1|Zorua-Hisui, M|
|poke|p2|Regice|
|poke|p2|Heatran, F|
|poke|p2|Sandy Shocks|
|poke|p2|Walking Wake|
|poke|p2|Okidogi, M|
|poke|p2|Exeggutor, M|
|teampreview
|
|t:|1769390350
|teamsize|p1|6
|teamsize|p2|6
|start
|switch|p1a: Iron Moth|Iron Moth|100/100
|switch|p2a: Sandy Shocks|Sandy Shocks|100/100
|-enditem|p2a: Sandy Shocks|Booster Energy
|-activate|p2a: Sandy Shocks|ability: Protosynthesis|[fromitem]
|-start|p2a: Sandy Shocks|protosynthesisspe
|turn|1
|
|t:|1769390357
|move|p2a: Sandy Shocks|Stealth Rock|p1a: Iron Moth
|-sidestart|p1: veriyi♤|move: Stealth Rock
|move|p1a: Iron Moth|Will-O-Wisp|p2a: Sandy Shocks|[miss]
|-miss|p1a: Iron Moth|p2a: Sandy Shocks
|
|upkeep
|turn|2
|
|t:|1769390362
|move|p2a: Sandy Shocks|Earth Power|p1a: Iron Moth
|-damage|p1a: Iron Moth|35/100
|replace|p1a: Zorua|Zorua-Hisui, M, shiny
|-end|p1a: Zorua|Illusion
|move|p1a: Zorua|Will-O-Wisp|p2a: Sandy Shocks
|-status|p2a: Sandy Shocks|brn
|
|-damage|p2a: Sandy Shocks|94/100 brn|[from] brn
|upkeep
|turn|3
|
|t:|1769390370
|move|p2a: Sandy Shocks|Earth Power|p1a: Zorua
|-damage|p1a: Zorua|0 fnt
|faint|p1a: Zorua
|
|-damage|p2a: Sandy Shocks|88/100 brn|[from] brn
|upkeep
|
|t:|1769390380
|switch|p1a: Moltres|Moltres|100/100
|turn|4
|
|t:|1769390384
|move|p2a: Sandy Shocks|Gravity|p2a: Sandy Shocks
|-fieldstart|move: Gravity
|move|p1a: Moltres|Flamethrower|p2a: Sandy Shocks
|-damage|p2a: Sandy Shocks|52/100 brn
|
|-damage|p2a: Sandy Shocks|46/100 brn|[from] brn
|upkeep
|turn|5
|
|t:|1769390390
|move|p2a: Sandy Shocks|Zap Cannon|p1a: Moltres|[miss]
|-miss|p2a: Sandy Shocks|p1a: Moltres
|move|p1a: Moltres|Flamethrower|p2a: Sandy Shocks
|-damage|p2a: Sandy Shocks|8/100 brn
|
|-damage|p2a: Sandy Shocks|1/100 brn|[from] brn
|upkeep
|turn|6
|
|t:|1769390397
|move|p2a: Sandy Shocks|Zap Cannon|p1a: Moltres
|-supereffective|p1a: Moltres
|-damage|p1a: Moltres|3/100
|-status|p1a: Moltres|par
|cant|p1a: Moltres|par
|
|-damage|p2a: Sandy Shocks|0 fnt|[from] brn
|faint|p2a: Sandy Shocks
|-end|p2a: Sandy Shocks|Protosynthesis|[silent]
|upkeep
|
|t:|1769390407
|switch|p2a: Exeggutor|Exeggutor, M|100/100
|turn|7
|
|t:|1769390410
|move|p2a: Exeggutor|Psychic Noise|p1a: Moltres
|-damage|p1a: Moltres|0 fnt
|faint|p1a: Moltres
|
|upkeep
|
|t:|1769390417
|switch|p1a: Heatran|Heatran, M|100/100
|-damage|p1a: Heatran|88/100|[from] Stealth Rock
|turn|8
|
|t:|1769390428
|switch|p2a: Heatran|Heatran, F|100/100
|move|p1a: Heatran|Magma Storm|p2a: Heatran
|-start|p2a: Heatran|ability: Flash Fire
|
|-heal|p1a: Heatran|94/100|[from] item: Leftovers
|-fieldend|move: Gravity
|upkeep
|turn|9
|
|t:|1769390440
|move|p2a: Heatran|Power Gem|p1a: Heatran
|-damage|p1a: Heatran|70/100
|move|p1a: Heatran|Earth Power|p2a: Heatran
|-supereffective|p2a: Heatran
|-damage|p2a: Heatran|0 fnt
|faint|p2a: Heatran
|
|-heal|p1a: Heatran|76/100|[from] item: Leftovers
|upkeep
|
|t:|1769390454
|switch|p2a: Okidogi|Okidogi, M|100/100
|-item|p2a: Okidogi|Air Balloon
|turn|10
|
|t:|1769390457
|move|p2a: Okidogi|Close Combat|p1a: Heatran
|-supereffective|p1a: Heatran
|-damage|p1a: Heatran|0 fnt
|-unboost|p2a: Okidogi|def|1
|-unboost|p2a: Okidogi|spd|1
|faint|p1a: Heatran
|
|upkeep
|
|t:|1769390465
|switch|p1a: Iron Moth|Iron Moth|100/100
|-damage|p1a: Iron Moth|76/100|[from] Stealth Rock
|-enditem|p1a: Iron Moth|Booster Energy
|-activate|p1a: Iron Moth|ability: Quark Drive|[fromitem]
|-start|p1a: Iron Moth|quarkdrivespe
|turn|11
|
|t:|1769390478
|move|p1a: Iron Moth|Fiery Dance|p2a: Okidogi
|-damage|p2a: Okidogi|40/100
|-boost|p1a: Iron Moth|spa|1
|-enditem|p2a: Okidogi|Air Balloon
|move|p2a: Okidogi|Knock Off|p1a: Iron Moth
|-damage|p1a: Iron Moth|51/100
|
|upkeep
|turn|12
|
|t:|1769390498
|move|p1a: Iron Moth|Fiery Dance|p2a: Okidogi
|-damage|p2a: Okidogi|0 fnt
|faint|p2a: Okidogi
|
|upkeep
|
|t:|1769390507
|switch|p2a: Walking Wake|Walking Wake|100/100
|-enditem|p2a: Walking Wake|Booster Energy
|-activate|p2a: Walking Wake|ability: Protosynthesis|[fromitem]
|-start|p2a: Walking Wake|protosynthesisspe
|turn|13
|
|t:|1769390521
|move|p1a: Iron Moth|Dazzling Gleam|p2a: Walking Wake
|-supereffective|p2a: Walking Wake
|-damage|p2a: Walking Wake|31/100
|move|p2a: Walking Wake|Hydro Pump|p1a: Iron Moth
|-supereffective|p1a: Iron Moth
|-damage|p1a: Iron Moth|0 fnt
|faint|p1a: Iron Moth
|-end|p1a: Iron Moth|Quark Drive|[silent]
|
|upkeep
|
|t:|1769390528
|switch|p1a: Pecharunt|Pecharunt|100/100
|turn|14
|
|t:|1769390533
|move|p2a: Walking Wake|Hydro Pump|p1a: Pecharunt
|-damage|p1a: Pecharunt|53/100
|move|p1a: Pecharunt|Malignant Chain|p2a: Walking Wake
|-damage|p2a: Walking Wake|6/100
|
|upkeep
|turn|15
|
|t:|1769390540
|move|p1a: Pecharunt|Malignant Chain|p2a: Walking Wake
|-damage|p2a: Walking Wake|0 fnt
|faint|p2a: Walking Wake
|-end|p2a: Walking Wake|Protosynthesis|[silent]
|
|upkeep
|
|t:|1769390558
|switch|p2a: Exeggutor|Exeggutor, M|100/100
|turn|16
|
|t:|1769390563
|move|p1a: Pecharunt|Malignant Chain|p2a: Exeggutor
|-supereffective|p2a: Exeggutor
|-damage|p2a: Exeggutor|41/100
|-status|p2a: Exeggutor|tox
|-start|p2a: Exeggutor|confusion|[from] ability: Poison Puppeteer|[of] p1a: Pecharunt
|-activate|p2a: Exeggutor|confusion
|-damage|p2a: Exeggutor|34/100 tox|[from] confusion
|
|-damage|p2a: Exeggutor|28/100 tox|[from] psn
|upkeep
|turn|17
|
|t:|1769390572
|move|p1a: Pecharunt|Malignant Chain|p2a: Exeggutor
|-supereffective|p2a: Exeggutor
|-damage|p2a: Exeggutor|0 fnt
|faint|p2a: Exeggutor
|
|upkeep
|
|t:|1769390576
|switch|p2a: Regice|Regice|100/100
|turn|18
|
|t:|1769390579
|move|p1a: Pecharunt|Malignant Chain|p2a: Regice
|-damage|p2a: Regice|81/100
|move|p2a: Regice|Blizzard|p1a: Pecharunt
|-damage|p1a: Pecharunt|9/100
|
|upkeep
|turn|19
|
|t:|1769390585
|move|p1a: Pecharunt|Malignant Chain|p2a: Regice
|-damage|p2a: Regice|63/100
|-status|p2a: Regice|tox
|-start|p2a: Regice|confusion|[from] ability: Poison Puppeteer|[of] p1a: Pecharunt
|-activate|p2a: Regice|confusion
|-damage|p2a: Regice|59/100 tox|[from] confusion
|
|-damage|p2a: Regice|53/100 tox|[from] psn
|upkeep
|turn|20
|
|t:|1769390611
|move|p1a: Pecharunt|Malignant Chain|p2a: Regice
|-damage|p2a: Regice|35/100 tox
|-end|p2a: Regice|confusion
|move|p2a: Regice|Blizzard|p1a: Pecharunt
|-damage|p1a: Pecharunt|0 fnt
|faint|p1a: Pecharunt
|
|-damage|p2a: Regice|23/100 tox|[from] psn
|upkeep
|
|t:|1769390628
|switch|p1a: Dragapult|Dragapult, F|100/100
|-damage|p1a: Dragapult|88/100|[from] Stealth Rock
|turn|21
|
|t:|1769390633
|move|p1a: Dragapult|Dragon Darts|p2a: Regice
|-crit|p2a: Regice
|-damage|p2a: Regice|0 fnt
|faint|p2a: Regice
|
|win|veriyi♤
|raw|veriyi♤'s rating: 1077 &rarr; <strong>1101</strong><br />(+24 for winning)
|raw|tilda mamoswinton's rating: 1024 &rarr; <strong>1012</strong><br />(-12 for losing)
|l|☆tilda mamoswinton
|player|p2|
