|j|☆zxcvbh
|j|☆MiaTaylor612
|t:|1769433345
|gametype|singles
|player|p1|zxcvbh|elesa|1656
|player|p2|MiaTaylor612|idol|1659
|gen|9
|tier|[Gen 9] OU
|rated|
|rule|HP Percentage Mod: HP is shown in percentages
|rule|Endless Battle Clause: Forcing endless battles is banned
|rule|Species Clause: Limit one of each Pokémon
|rule|OHKO Clause: OHKO moves are banned
|rule|Evasion Items Clause: Evasion items are banned
|rule|Evasion Moves Clause: Evasion moves are banned
|rule|Evasion Abilities Clause: Evasion abilities are banned
|rule|Sleep Moves Clause: Sleep-inducing moves are banned
|clearpoke
|poke|p1|Sandy Shocks|
|poke|p1|Scizor, M|
|poke|p1|Latios, M|
|poke|p1|Ogerpon, F|
|poke|p1|Iron Jugulis|
|poke|p1|Primarina, F|
|poke|p2|Hoopa-Unbound|
|poke|p2|Weezing-Galar, M|
|poke|p2|Alomomola, F|
|poke|p2|Zamazenta-*|
|poke|p2|Zapdos|
|poke|p2|Iron Treads|
|teampreview
|inactive|Battle timer is ON: inactive players will automatically lose when time's up. (requested by MiaTaylor612)
|
|t:|1769433360
|teamsize|p1|6
|teamsize|p2|6
|start
|switch|p1a: Sandy Shocks|Sandy Shocks|100/100
|switch|p2a: Alomomola|Alomomola, F|100/100
|-enditem|p1a: Sandy Shocks|Booster Energy
|-activate|p1a: Sandy Shocks|ability: Protosynthesis|[fromitem]
|-start|p1a: Sandy Shocks|protosynthesisspe
|turn|1
|
|t:|1769433382
|move|p1a: Sandy Shocks|Stealth Rock|p2a: Alomomola
|-sidestart|p2: MiaTaylor612|move: Stealth Rock
|move|p2a: Alomomola|Scald|p1a: Sandy Shocks
|-supereffective|p1a: Sandy Shocks
|-damage|p1a: Sandy Shocks|66/100
|
|upkeep
|turn|2
|
|t:|1769433394
|move|p1a: Sandy Shocks|Discharge|p2a: Alomomola
|-supereffective|p2a: Alomomola
|-damage|p2a: Alomomola|60/100
|move|p2a: Alomomola|Mirror Coat|p1a: Sandy Shocks
|-damage|p1a: Sandy Shocks|0 fnt
|faint|p1a: Sandy Shocks
|-end|p1a: Sandy Shocks|Protosynthesis|[silent]
|
|upkeep
|
|t:|1769433401
|switch|p1a: Scizor|Scizor, M|100/100
|turn|3
|
|t:|1769433404
|move|p1a: Scizor|Swords Dance|p1a: Scizor
|-boost|p1a: Scizor|atk|2
|move|p2a: Alomomola|Flip Turn|p1a: Scizor
|-damage|p1a: Scizor|84/100
|
|t:|1769433408
|switch|p2a: Zapdos|Zapdos|100/100|[from] Flip Turn
|
|upkeep
|turn|4
|
|t:|1769433416
|-terastallize|p1a: Scizor|Fire
|move|p2a: Zapdos|Volt Switch|p1a: Scizor
|-damage|p1a: Scizor|40/100
|-enditem|p1a: Scizor|Sitrus Berry|[eat]
|-heal|p1a: Scizor|64/100|[from] item: Sitrus Berry
|
|t:|1769433422
|switch|p2a: Alomomola|Alomomola, F|93/100|[from] Volt Switch
|-damage|p2a: Alomomola|81/100|[from] Stealth Rock
|move|p1a: Scizor|Knock Off|p2a: Alomomola
|-damage|p2a: Alomomola|30/100
|-enditem|p2a: Alomomola|Assault Vest|[from] move: Knock Off|[of] p1a: Scizor
|
|upkeep
|turn|5
|
|t:|1769433435
|move|p1a: Scizor|Close Combat|p2a: Alomomola
|-damage|p2a: Alomomola|0 fnt
|-unboost|p1a: Scizor|def|1
|-unboost|p1a: Scizor|spd|1
|faint|p2a: Alomomola
|
|upkeep
|
|t:|1769433437
|switch|p2a: Iron Treads|Iron Treads|100/100
|-damage|p2a: Iron Treads|97/100|[from] Stealth Rock
|turn|6
|
|t:|1769433448
|move|p2a: Iron Treads|Earthquake|p1a: Scizor
|-supereffective|p1a: Scizor
|-damage|p1a: Scizor|0 fnt
|faint|p1a: Scizor
|
|-heal|p2a: Iron Treads|100/100|[from] item: Leftovers
|upkeep
|
|t:|1769433452
|switch|p1a: Latios|Latios, M|100/100
|turn|7
|
|t:|1769433456
|move|p1a: Latios|Agility|p1a: Latios
|-boost|p1a: Latios|spe|2
|move|p2a: Iron Treads|Rapid Spin|p1a: Latios
|-damage|p1a: Latios|88/100
|-boost|p2a: Iron Treads|spe|1
|-sideend|p2: MiaTaylor612|Stealth Rock|[from] move: Rapid Spin|[of] p2a: Iron Treads
|
|upkeep
|turn|8
|
|t:|1769433460
|-end|p2a: Iron Treads|Quark Drive|[silent]
|switch|p2a: Wishmaster|Hoopa-Unbound|100/100
|move|p1a: Latios|Calm Mind|p1a: Latios
|-boost|p1a: Latios|spa|1
|-boost|p1a: Latios|spd|1
|
|upkeep
|turn|9
|
|t:|1769433476
|switch|p1a: Iron Jugulis|Iron Jugulis|100/100
|-enditem|p1a: Iron Jugulis|Booster Energy
|-activate|p1a: Iron Jugulis|ability: Quark Drive|[fromitem]
|-start|p1a: Iron Jugulis|quarkdrivespe
|move|p2a: Wishmaster|Knock Off|p1a: Iron Jugulis
|-resisted|p1a: Iron Jugulis
|-damage|p1a: Iron Jugulis|80/100
|
|upkeep
|turn|10
|
|t:|1769433493
|move|p1a: Iron Jugulis|Hurricane|p2a: Wishmaster
|-damage|p2a: Wishmaster|73/100
|move|p2a: Wishmaster|Drain Punch|p1a: Iron Jugulis
|-damage|p1a: Iron Jugulis|49/100
|-heal|p2a: Wishmaster|87/100|[from] drain|[of] p1a: Iron Jugulis
|
|upkeep
|turn|11
|
|t:|1769433504
|move|p1a: Iron Jugulis|Hurricane|p2a: Wishmaster
|-damage|p2a: Wishmaster|61/100
|move|p2a: Wishmaster|Thunderbolt|p1a: Iron Jugulis
|-supereffective|p1a: Iron Jugulis
|-damage|p1a: Iron Jugulis|0 fnt
|faint|p1a: Iron Jugulis
|-end|p1a: Iron Jugulis|Quark Drive|[silent]
|
|upkeep
|
|t:|1769433509
|switch|p1a: Ogerpon|Ogerpon, F|100/100
|turn|12
|
|t:|1769433521
|switch|p2a: Weezing|Weezing-Galar, M|100/100
|-ability|p2a: Weezing|Neutralizing Gas
|move|p1a: Ogerpon|Play Rough|p2a: Weezing|[miss]
|-miss|p1a: Ogerpon|p2a: Weezing
|
|upkeep
|turn|13
|
|t:|1769433528
|switch|p1a: Latios|Latios, M|88/100
|move|p2a: Weezing|Sludge Bomb|p1a: Latios
|-damage|p1a: Latios|66/100
|-status|p1a: Latios|psn
|
|-damage|p1a: Latios|54/100 psn|[from] psn
|upkeep
|turn|14
|
|t:|1769433534
|-end|p2a: Weezing|ability: Neutralizing Gas
|switch|p2a: Wishmaster|Hoopa-Unbound|61/100
|move|p1a: Latios|Agility|p1a: Latios
|-boost|p1a: Latios|spe|2
|
|-damage|p1a: Latios|41/100 psn|[from] psn
|upkeep
|turn|15
|
|t:|1769433540
|move|p1a: Latios|Aura Sphere|p2a: Wishmaster
|-damage|p2a: Wishmaster|47/100
|move|p2a: Wishmaster|Knock Off|p1a: Latios
|-supereffective|p1a: Latios
|-damage|p1a: Latios|0 fnt
|-enditem|p1a: Latios|Weakness Policy|[from] move: Knock Off|[of] p2a: Wishmaster
|faint|p1a: Latios
|
|upkeep
|
|t:|1769433543
|switch|p1a: Ogerpon|Ogerpon, F|100/100
|turn|16
|
|t:|1769433551
|move|p1a: Ogerpon|Ivy Cudgel|p2a: Wishmaster
|-damage|p2a: Wishmaster|0 fnt
|faint|p2a: Wishmaster
|-damage|p1a: Ogerpon|91/100|[from] item: Life Orb
|
|upkeep
|
|t:|1769433553
|switch|p2a: Weezing|Weezing-Galar, M|100/100
|-ability|p2a: Weezing|Neutralizing Gas
|turn|17
|
|t:|1769433561
|move|p1a: Ogerpon|Rock Tomb|p2a: Weezing
|-damage|p2a: Weezing|83/100
|-unboost|p2a: Weezing|spe|1
|-damage|p1a: Ogerpon|81/100|[from] item: Life Orb
|move|p2a: Weezing|Sludge Bomb|p1a: Ogerpon
|-supereffective|p1a: Ogerpon
|-damage|p1a: Ogerpon|14/100
|-status|p1a: Ogerpon|psn
|
|-damage|p1a: Ogerpon|2/100 psn|[from] psn
|upkeep
|turn|18
|j| Jaroti
|
|t:|1769433569
|move|p1a: Ogerpon|Ivy Cudgel|p2a: Weezing
|-resisted|p2a: Weezing
|-damage|p2a: Weezing|64/100
|-damage|p1a: Ogerpon|0 fnt|[from] item: Life Orb
|faint|p1a: Ogerpon
|move|p2a: Weezing|Sludge Bomb|p1: Ogerpon|[notarget]
|-fail|p2a: Weezing
|
|upkeep
|
|t:|1769433571
|switch|p1a: Primarina|Primarina, F|100/100
|turn|19
|
|t:|1769433574
|move|p1a: Primarina|Hydro Pump|p2a: Weezing
|-damage|p2a: Weezing|0 fnt
|faint|p2a: Weezing
|-end|p2a: Weezing|ability: Neutralizing Gas
|
|upkeep
|
|t:|1769433577
|switch|p2a: Zapdos|Zapdos|100/100
|turn|20
|
|t:|1769433580
|move|p2a: Zapdos|Volt Switch|p1a: Primarina
|-supereffective|p1a: Primarina
|-damage|p1a: Primarina|39/100
|
|t:|1769433583
|switch|p2a: Iron Treads|Iron Treads|100/100|[from] Volt Switch
|move|p1a: Primarina|Hydro Pump|p2a: Iron Treads
|-supereffective|p2a: Iron Treads
|-damage|p2a: Iron Treads|0 fnt
|faint|p2a: Iron Treads
|-end|p2a: Iron Treads|Quark Drive|[silent]
|
|upkeep
|l| Jaroti
|
|t:|1769433587
|switch|p2a: Zapdos|Zapdos|100/100
|turn|21
|
|t:|1769433589
|move|p2a: Zapdos|Volt Switch|p1a: Primarina
|-supereffective|p1a: Primarina
|-damage|p1a: Primarina|0 fnt
|faint|p1a: Primarina
|
|win|MiaTaylor612
|raw|zxcvbh's rating: 1656 &rarr; <strong>1636</strong><br />(-20 for losing)
|raw|MiaTaylor612's rating: 1659 &rarr; <strong>1679</strong><br />(+20 for winning)
|l|☆zxcvbh
|player|p1|
|l|☆MiaTaylor612
|player|p2|
