|j|☆yerichan
|j|☆bobert002
|t:|1769350615
|gametype|singles
|player|p1|yerichan|ash|1106
|player|p2|bobert002|ninjaboy|1116
|gen|9
|tier|[Gen 9] OU
|rated|
|rule|HP Percentage Mod: HP is shown in percentages
|rule|Endless Battle Clause: Forcing endless battles is banned
|rule|Species Clause: Limit one of each Pokémon
|rule|OHKO Clause: OHKO moves are banned
|rule|Evasion Items Clause: Evasion items are banned
|rule|Evasion Moves Clause: Evasion moves are banned
|rule|Evasion Abilities Clause: Evasion abilities are banned
|rule|Sleep Moves Clause: Sleep-inducing moves are banned
|clearpoke
|poke|p1|Iron Valiant|
|poke|p1|Skeledirge, M|
|poke|p1|Ting-Lu|
|poke|p1|Dragonite, F|
|poke|p1|Ogerpon-Wellspring, F|
|poke|p1|Gholdengo|
|poke|p2|Tyranitar, M|
|poke|p2|Excadrill, M|
|poke|p2|Corviknight, F|
|poke|p2|Donphan, M|
|poke|p2|Minior-Blue|
|poke|p2|Magnezone|
|teampreview
|
|t:|1769350646
|teamsize|p1|6
|teamsize|p2|6
|start
|switch|p1a: Ogerpon|Ogerpon-Wellspring, F|100/100
|switch|p2a: Tyranitar|Tyranitar, M|100/100
|-weather|Sandstorm|[from] ability: Sand Stream|[of] p2a: Tyranitar
|turn|1
|
|t:|1769350665
|switch|p2a: Corviknight|Corviknight, F|100/100
|-terastallize|p1a: Ogerpon|Water
|detailschange|p1a: Ogerpon|Ogerpon-Wellspring-Tera, F, tera:Water
|-ability|p1a: Ogerpon|Embody Aspect (Wellspring)|boost
|-boost|p1a: Ogerpon|spd|1
|move|p1a: Ogerpon|Swords Dance|p1a: Ogerpon
|-boost|p1a: Ogerpon|atk|2
|
|-weather|Sandstorm|[upkeep]
|-damage|p1a: Ogerpon|95/100|[from] Sandstorm
|upkeep
|turn|2
|
|t:|1769350684
|move|p1a: Ogerpon|Ivy Cudgel|p2a: Corviknight|[anim] Ivy Cudgel Water
|-crit|p2a: Corviknight
|-damage|p2a: Corviknight|0 fnt
|faint|p2a: Corviknight
|
|-weather|Sandstorm|[upkeep]
|-damage|p1a: Ogerpon|89/100|[from] Sandstorm
|upkeep
|
|t:|1769350691
|switch|p2a: Magnezone|Magnezone|100/100
|turn|3
|
|t:|1769350705
|move|p1a: Ogerpon|Ivy Cudgel|p2a: Magnezone|[anim] Ivy Cudgel Water
|-ability|p2a: Magnezone|Sturdy
|-damage|p2a: Magnezone|1/100
|move|p2a: Magnezone|Discharge|p1a: Ogerpon
|-supereffective|p1a: Ogerpon
|-damage|p1a: Ogerpon|31/100
|-status|p1a: Ogerpon|par
|
|-weather|Sandstorm|[upkeep]
|-damage|p1a: Ogerpon|25/100 par|[from] Sandstorm
|-heal|p2a: Magnezone|7/100|[from] item: Leftovers
|upkeep
|turn|4
|
|t:|1769350716
|cant|p1a: Ogerpon|par
|move|p2a: Magnezone|Volt Switch|p1a: Ogerpon
|-supereffective|p1a: Ogerpon
|-damage|p1a: Ogerpon|0 fnt
|faint|p1a: Ogerpon
|detailschange|p1: Ogerpon|Ogerpon-Wellspring, F|[silent]
|
|t:|1769350722
|switch|p2a: Donphan|Donphan, M|100/100|[from] Volt Switch
|
|-weather|Sandstorm|[upkeep]
|upkeep
|
|t:|1769350735
|switch|p1a: Gholdengo|Gholdengo|100/100
|turn|5
|
|t:|1769350739
|move|p1a: Gholdengo|Trick|p2a: Donphan
|-activate|p1a: Gholdengo|move: Trick|[of] p2a: Donphan
|-item|p2a: Donphan|Choice Scarf|[from] move: Trick
|-item|p1a: Gholdengo|Choice Band|[from] move: Trick
|move|p2a: Donphan|Earthquake|p1a: Gholdengo
|-supereffective|p1a: Gholdengo
|-damage|p1a: Gholdengo|0 fnt
|faint|p1a: Gholdengo
|
|-weather|Sandstorm|[upkeep]
|upkeep
|
|t:|1769350756
|switch|p1a: Dragonite|Dragonite, F|100/100
|turn|6
|
|t:|1769350764
|switch|p2a: Magnezone|Magnezone|7/100
|move|p1a: Dragonite|Dragon Dance|p1a: Dragonite
|-boost|p1a: Dragonite|atk|1
|-boost|p1a: Dragonite|spe|1
|
|-weather|Sandstorm|[upkeep]
|-damage|p1a: Dragonite|94/100|[from] Sandstorm
|-heal|p2a: Magnezone|13/100|[from] item: Leftovers
|upkeep
|turn|7
|
|t:|1769350776
|move|p1a: Dragonite|Fire Punch|p2a: Magnezone
|-supereffective|p2a: Magnezone
|-damage|p2a: Magnezone|0 fnt
|faint|p2a: Magnezone
|
|-weather|Sandstorm|[upkeep]
|-damage|p1a: Dragonite|88/100|[from] Sandstorm
|upkeep
|
|t:|1769350782
|switch|p2a: Minior|Minior-Blue|100/100
|-formechange|p2a: Minior|Minior-Meteor||[from] ability: Shields Down
|turn|8
|
|t:|1769350803
|switch|p1a: Ting-Lu|Ting-Lu|100/100
|-ability|p1a: Ting-Lu|Vessel of Ruin
|move|p2a: Minior|Explosion|p1a: Ting-Lu
|-damage|p1a: Ting-Lu|71/100
|faint|p2a: Minior
|
|-weather|none
|-heal|p1a: Ting-Lu|78/100|[from] item: Leftovers
|upkeep
|
|t:|1769350806
|switch|p2a: Tyranitar|Tyranitar, M|100/100
|-weather|Sandstorm|[from] ability: Sand Stream|[of] p2a: Tyranitar
|turn|9
|
|t:|1769350822
|move|p2a: Tyranitar|Stealth Rock|p1a: Ting-Lu
|-sidestart|p1: yerichan|move: Stealth Rock
|move|p1a: Ting-Lu|Stealth Rock|p2a: Tyranitar
|-sidestart|p2: bobert002|move: Stealth Rock
|
|-weather|Sandstorm|[upkeep]
|-heal|p1a: Ting-Lu|84/100|[from] item: Leftovers
|upkeep
|turn|10
|
|t:|1769350833
|move|p2a: Tyranitar|Earthquake|p1a: Ting-Lu
|-damage|p1a: Ting-Lu|62/100
|move|p1a: Ting-Lu|Spikes|p2a: Tyranitar
|-sidestart|p2: bobert002|Spikes
|
|-weather|Sandstorm|[upkeep]
|-heal|p1a: Ting-Lu|68/100|[from] item: Leftovers
|upkeep
|turn|11
|
|t:|1769350848
|switch|p2a: Excadrill|Excadrill, M|100/100
|-damage|p2a: Excadrill|97/100|[from] Stealth Rock
|-damage|p2a: Excadrill|85/100|[from] Spikes
|move|p1a: Ting-Lu|Spikes|p2a: Excadrill
|-sidestart|p2: bobert002|Spikes
|
|-weather|Sandstorm|[upkeep]
|-heal|p1a: Ting-Lu|74/100|[from] item: Leftovers
|upkeep
|turn|12
|
|t:|1769350864
|move|p2a: Excadrill|Swords Dance|p2a: Excadrill
|-boost|p2a: Excadrill|atk|2
|move|p1a: Ting-Lu|Whirlwind|p2a: Excadrill
|drag|p2a: Donphan|Donphan, M|100/100
|-damage|p2a: Donphan|94/100|[from] Stealth Rock
|-damage|p2a: Donphan|78/100|[from] Spikes
|
|-weather|Sandstorm|[upkeep]
|-heal|p1a: Ting-Lu|80/100|[from] item: Leftovers
|upkeep
|turn|13
|
|t:|1769350879
|move|p2a: Donphan|Play Rough|p1a: Ting-Lu
|-supereffective|p1a: Ting-Lu
|-damage|p1a: Ting-Lu|42/100
|move|p1a: Ting-Lu|Spikes|p2a: Donphan
|-sidestart|p2: bobert002|Spikes
|
|-weather|Sandstorm|[upkeep]
|-heal|p1a: Ting-Lu|48/100|[from] item: Leftovers
|upkeep
|turn|14
|
|t:|1769350897
|switch|p1a: Skeledirge|Skeledirge, M|100/100
|move|p2a: Donphan|Play Rough|p1a: Skeledirge
|-resisted|p1a: Skeledirge
|-damage|p1a: Skeledirge|91/100
|
|-weather|Sandstorm|[upkeep]
|-damage|p1a: Skeledirge|85/100|[from] Sandstorm
|upkeep
|turn|15
|
|t:|1769350910
|switch|p2a: Tyranitar|Tyranitar, M|100/100
|-damage|p2a: Tyranitar|88/100|[from] Stealth Rock
|-damage|p2a: Tyranitar|63/100|[from] Spikes
|move|p1a: Skeledirge|Will-O-Wisp|p2a: Tyranitar
|-status|p2a: Tyranitar|brn
|
|-weather|Sandstorm|[upkeep]
|-damage|p1a: Skeledirge|79/100|[from] Sandstorm
|-damage|p2a: Tyranitar|57/100 brn|[from] brn
|upkeep
|turn|16
|
|t:|1769350935
|move|p1a: Skeledirge|Torch Song|p2a: Tyranitar
|-resisted|p2a: Tyranitar
|-damage|p2a: Tyranitar|49/100 brn
|-boost|p1a: Skeledirge|spa|1
|move|p2a: Tyranitar|Rock Slide|p1a: Skeledirge
|-supereffective|p1a: Skeledirge
|-damage|p1a: Skeledirge|50/100
|
|-weather|none
|-damage|p2a: Tyranitar|42/100 brn|[from] brn
|upkeep
|turn|17
|
|t:|1769350951
|move|p1a: Skeledirge|Slack Off|p1a: Skeledirge
|-heal|p1a: Skeledirge|100/100
|move|p2a: Tyranitar|Crunch|p1a: Skeledirge
|-supereffective|p1a: Skeledirge
|-damage|p1a: Skeledirge|72/100
|
|-damage|p2a: Tyranitar|36/100 brn|[from] brn
|upkeep
|turn|18
|
|t:|1769350964
|switch|p2a: Donphan|Donphan, M|78/100
|-damage|p2a: Donphan|72/100|[from] Stealth Rock
|-damage|p2a: Donphan|47/100|[from] Spikes
|move|p1a: Skeledirge|Torch Song|p2a: Donphan
|-damage|p2a: Donphan|0 fnt
|-boost|p1a: Skeledirge|spa|1
|faint|p2a: Donphan
|
|upkeep
|-message|bobert002 forfeited.
|
|win|yerichan
|raw|yerichan's rating: 1084 &rarr; <strong>1114</strong><br />(+30 for winning)
|raw|bobert002's rating: 1116 &rarr; <strong>1089</strong><br />(-27 for losing)
|l|☆bobert002
|player|p2|
