|j|☆dan444
|j|☆Jc3_123abc
|t:|1769346690
|gametype|singles
|player|p1|dan444|170|1313
|player|p2|Jc3_123abc|policeman-gen4|1385
|gen|9
|tier|[Gen 9] OU
|rated|
|rule|HP Percentage Mod: HP is shown in percentages
|rule|Endless Battle Clause: Forcing endless battles is banned
|rule|Species Clause: Limit one of each Pokémon
|rule|OHKO Clause: OHKO moves are banned
|rule|Evasion Items Clause: Evasion items are banned
|rule|Evasion Moves Clause: Evasion moves are banned
|rule|Evasion Abilities Clause: Evasion abilities are banned
|rule|Sleep Moves Clause: Sleep-inducing moves are banned
|clearpoke
|poke|p1|Ursaluna, M|
|poke|p1|Iron Valiant|
|poke|p1|Moltres|
|poke|p1|Latios, M|
|poke|p1|Clefable, M|
|poke|p1|Kingambit, F|
|poke|p2|Volcanion|
|poke|p2|Heatran, M|
|poke|p2|Cinccino, F|
|poke|p2|Dragonite, M|
|poke|p2|Rotom-Wash|
|poke|p2|Great Tusk|
|teampreview
|
|t:|1769346717
|teamsize|p1|6
|teamsize|p2|6
|start
|switch|p1a: Clefable|Clefable, M|100/100
|switch|p2a: Dragon slayer|Cinccino, F|100/100
|turn|1
|
|t:|1769346721
|move|p2a: Dragon slayer|U-turn|p1a: Clefable
|-resisted|p1a: Clefable
|-damage|p1a: Clefable|88/100
|
|t:|1769346724
|switch|p2a: Volcanion|Volcanion|100/100|[from] U-turn
|move|p1a: Clefable|Stealth Rock|p2a: Volcanion
|-sidestart|p2: Jc3_123abc|move: Stealth Rock
|
|-heal|p1a: Clefable|94/100|[from] item: Leftovers
|upkeep
|turn|2
|
|t:|1769346732
|move|p2a: Volcanion|Steam Eruption|p1a: Clefable
|-damage|p1a: Clefable|31/100
|move|p1a: Clefable|Thunder Wave|p2a: Volcanion
|-status|p2a: Volcanion|par
|
|-heal|p1a: Clefable|38/100|[from] item: Leftovers
|upkeep
|turn|3
|c|☆dan444|ow
|inactive|Battle timer is ON: inactive players will automatically lose when time's up. (requested by Jc3_123abc)
|
|t:|1769346816
|move|p1a: Clefable|Moonlight|p1a: Clefable
|-heal|p1a: Clefable|88/100
|move|p2a: Volcanion|Steam Eruption|p1a: Clefable
|-damage|p1a: Clefable|26/100
|-status|p1a: Clefable|brn
|
|-heal|p1a: Clefable|32/100 brn|[from] item: Leftovers
|upkeep
|turn|4
|
|t:|1769346844
|move|p1a: Clefable|Moonlight|p1a: Clefable
|-heal|p1a: Clefable|82/100 brn
|cant|p2a: Volcanion|par
|
|-heal|p1a: Clefable|88/100 brn|[from] item: Leftovers
|upkeep
|turn|5
|
|t:|1769346872
|switch|p1a: Latios|Latios, M|100/100
|move|p2a: Volcanion|Steam Eruption|p1a: Latios
|-resisted|p1a: Latios
|-damage|p1a: Latios|50/100
|-status|p1a: Latios|brn
|
|-damage|p1a: Latios|44/100 brn|[from] brn
|upkeep
|turn|6
|
|t:|1769346877
|switch|p2a: Heatran|Heatran, M|100/100
|-damage|p2a: Heatran|88/100|[from] Stealth Rock
|move|p1a: Latios|Draco Meteor|p2a: Heatran
|-resisted|p2a: Heatran
|-damage|p2a: Heatran|70/100
|-unboost|p1a: Latios|spa|2
|
|-damage|p1a: Latios|38/100 brn|[from] brn
|upkeep
|turn|7
|inactive|dan444 has 120 seconds left.
|
|t:|1769346916
|switch|p1a: Ursaluna|Ursaluna, M|100/100
|switch|p2a: Great Tusk|Great Tusk|100/100
|
|-status|p1a: Ursaluna|brn|[from] item: Flame Orb
|upkeep
|turn|8
|
|t:|1769346927
|switch|p1a: Latios|Latios, M|38/100 brn
|move|p2a: Great Tusk|Rapid Spin|p1a: Latios
|-damage|p1a: Latios|20/100 brn
|-boost|p2a: Great Tusk|spe|1
|-sideend|p2: Jc3_123abc|Stealth Rock|[from] move: Rapid Spin|[of] p2a: Great Tusk
|
|-damage|p1a: Latios|14/100 brn|[from] brn
|upkeep
|turn|9
|inactive|Jc3_123abc has 120 seconds left.
|
|t:|1769346981
|-end|p2a: Great Tusk|Protosynthesis|[silent]
|switch|p2a: Heatran|Heatran, M|70/100
|move|p1a: Latios|Luster Purge|p2a: Heatran
|-resisted|p2a: Heatran
|-damage|p2a: Heatran|56/100
|-unboost|p2a: Heatran|spd|1
|
|-damage|p1a: Latios|8/100 brn|[from] brn
|upkeep
|turn|10
|inactive|dan444 has 120 seconds left.
|
|t:|1769347010
|move|p1a: Latios|Shadow Ball|p2a: Heatran
|-damage|p2a: Heatran|37/100
|move|p2a: Heatran|Flamethrower|p1a: Latios
|-resisted|p1a: Latios
|-damage|p1a: Latios|0 fnt
|faint|p1a: Latios
|
|upkeep
|
|t:|1769347023
|switch|p1a: Ursaluna|Ursaluna, M|100/100 brn
|turn|11
|
|t:|1769347035
|move|p2a: Heatran|Flamethrower|p1a: Ursaluna
|-damage|p1a: Ursaluna|66/100 brn
|move|p1a: Ursaluna|Earthquake|p2a: Heatran
|-supereffective|p2a: Heatran
|-damage|p2a: Heatran|0 fnt
|faint|p2a: Heatran
|
|-damage|p1a: Ursaluna|60/100 brn|[from] brn
|upkeep
|
|t:|1769347038
|switch|p2a: Dragonite|Dragonite, M|100/100
|turn|12
|
|t:|1769347052
|move|p2a: Dragonite|Earthquake|p1a: Ursaluna
|-damage|p1a: Ursaluna|36/100 brn
|move|p1a: Ursaluna|Avalanche|p2a: Dragonite
|-supereffective|p2a: Dragonite
|-damage|p2a: Dragonite|0 fnt
|-damage|p1a: Ursaluna|19/100 brn|[from] item: Rocky Helmet|[of] p2a: Dragonite
|faint|p2a: Dragonite
|
|-damage|p1a: Ursaluna|13/100 brn|[from] brn
|upkeep
|
|t:|1769347058
|switch|p2a: Dragon slayer|Cinccino, F|100/100
|turn|13
|
|t:|1769347064
|move|p2a: Dragon slayer|Rock Blast|p1a: Ursaluna
|-resisted|p1a: Ursaluna
|-damage|p1a: Ursaluna|10/100 brn
|-resisted|p1a: Ursaluna
|-damage|p1a: Ursaluna|8/100 brn
|-resisted|p1a: Ursaluna
|-crit|p1a: Ursaluna
|-damage|p1a: Ursaluna|4/100 brn
|-resisted|p1a: Ursaluna
|-damage|p1a: Ursaluna|1/100 brn
|-resisted|p1a: Ursaluna
|-damage|p1a: Ursaluna|0 fnt
|faint|p1a: Ursaluna
|-hitcount|p1: Ursaluna|5
|
|upkeep
|inactive|dan444 has 120 seconds left.
|
|t:|1769347088
|switch|p1a: Iron Valiant|Iron Valiant|100/100
|-enditem|p1a: Iron Valiant|Booster Energy
|-activate|p1a: Iron Valiant|ability: Quark Drive|[fromitem]
|-start|p1a: Iron Valiant|quarkdrivespe
|turn|14
|
|t:|1769347094
|switch|p2a: Rotom|Rotom-Wash|100/100
|move|p1a: Iron Valiant|Aura Sphere|p2a: Rotom
|-damage|p2a: Rotom|60/100
|
|-heal|p2a: Rotom|66/100|[from] item: Leftovers
|upkeep
|turn|15
|inactive|dan444 has 120 seconds left.
|
|t:|1769347102
|move|p1a: Iron Valiant|Calm Mind|p1a: Iron Valiant
|-boost|p1a: Iron Valiant|spa|1
|-boost|p1a: Iron Valiant|spd|1
|move|p2a: Rotom|Discharge|p1a: Iron Valiant
|-damage|p1a: Iron Valiant|59/100
|-status|p1a: Iron Valiant|par
|
|-heal|p2a: Rotom|72/100|[from] item: Leftovers
|upkeep
|turn|16
|c|☆dan444|NOOO
|
|t:|1769347120
|cant|p1a: Iron Valiant|par
|move|p2a: Rotom|Hydro Pump|p1a: Iron Valiant
|-damage|p1a: Iron Valiant|4/100 par
|
|-heal|p2a: Rotom|78/100|[from] item: Leftovers
|upkeep
|turn|17
|
|t:|1769347136
|move|p1a: Iron Valiant|Moonblast|p2a: Rotom
|-damage|p2a: Rotom|8/100
|move|p2a: Rotom|Discharge|p1a: Iron Valiant
|-damage|p1a: Iron Valiant|0 fnt
|faint|p1a: Iron Valiant
|-end|p1a: Iron Valiant|Quark Drive|[silent]
|
|-heal|p2a: Rotom|14/100|[from] item: Leftovers
|upkeep
|
|t:|1769347143
|switch|p1a: Clefable|Clefable, M|88/100 brn
|turn|18
|
|t:|1769347149
|move|p2a: Rotom|Discharge|p1a: Clefable
|-damage|p1a: Clefable|62/100 brn
|move|p1a: Clefable|Moonblast|p2a: Rotom
|-damage|p2a: Rotom|0 fnt
|faint|p2a: Rotom
|
|-heal|p1a: Clefable|68/100 brn|[from] item: Leftovers
|upkeep
|
|t:|1769347152
|switch|p2a: Volcanion|Volcanion|100/100 par
|turn|19
|
|t:|1769347178
|move|p1a: Clefable|Stealth Rock|p2a: Volcanion
|-sidestart|p2: Jc3_123abc|move: Stealth Rock
|move|p2a: Volcanion|Steam Eruption|p1a: Clefable
|-damage|p1a: Clefable|0 fnt
|faint|p1a: Clefable
|
|upkeep
|inactive|dan444 has 120 seconds left.
|
|t:|1769347191
|switch|p1a: Kingambit|Kingambit, F|100/100
|-activate|p1a: Kingambit|ability: Supreme Overlord
|-start|p1a: Kingambit|fallen4|[silent]
|-item|p1a: Kingambit|Air Balloon
|turn|20
|
|t:|1769347198
|-terastallize|p1a: Kingambit|Dark
|move|p1a: Kingambit|Sucker Punch|p2a: Volcanion
|-damage|p2a: Volcanion|37/100 par
|move|p2a: Volcanion|Steam Eruption|p1a: Kingambit
|-damage|p1a: Kingambit|9/100
|-status|p1a: Kingambit|brn
|-enditem|p1a: Kingambit|Air Balloon
|
|-damage|p1a: Kingambit|3/100 brn|[from] brn
|upkeep
|turn|21
|
|t:|1769347208
|move|p1a: Kingambit|Sucker Punch|p2a: Volcanion
|-damage|p2a: Volcanion|5/100 par
|move|p2a: Volcanion|Steam Eruption|p1a: Kingambit
|-damage|p1a: Kingambit|0 fnt
|faint|p1a: Kingambit
|-end|p1a: Kingambit|fallen4|[silent]
|
|upkeep
|
|t:|1769347213
|switch|p1a: Moltres|Moltres|100/100
|turn|22
|
|t:|1769347222
|move|p1a: Moltres|U-turn|p2a: Volcanion
|-resisted|p2a: Volcanion
|-damage|p2a: Volcanion|0 fnt
|faint|p2a: Volcanion
|
|upkeep
|
|t:|1769347228
|switch|p2a: Dragon slayer|Cinccino, F|100/100
|-damage|p2a: Dragon slayer|88/100|[from] Stealth Rock
|turn|23
|c|☆dan444|rock blast kills me
|c|☆dan444|miss
|
|t:|1769347235
|-terastallize|p2a: Dragon slayer|Ground
|move|p2a: Dragon slayer|Rock Blast|p1a: Moltres
|-supereffective|p1a: Moltres
|-damage|p1a: Moltres|78/100
|-supereffective|p1a: Moltres
|-damage|p1a: Moltres|57/100
|-supereffective|p1a: Moltres
|-damage|p1a: Moltres|36/100
|-supereffective|p1a: Moltres
|-damage|p1a: Moltres|13/100
|-supereffective|p1a: Moltres
|-damage|p1a: Moltres|0 fnt
|faint|p1a: Moltres
|-hitcount|p1: Moltres|5
|
|win|Jc3_123abc
|raw|dan444's rating: 1313 &rarr; <strong>1297</strong><br />(-16 for losing)
|raw|Jc3_123abc's rating: 1385 &rarr; <strong>1401</strong><br />(+16 for winning)
|l|☆dan444
|player|p1|
