|j|☆mrbustzzsaw
|j|☆Ferriswonk
|t:|1769408872
|gametype|singles
|player|p1|mrbustzzsaw|2|1184
|player|p2|Ferriswonk|psychicf-gen4|1119
|gen|9
|tier|[Gen 9] OU
|rated|
|rule|HP Percentage Mod: HP is shown in percentages
|rule|Endless Battle Clause: Forcing endless battles is banned
|rule|Species Clause: Limit one of each Pokémon
|rule|OHKO Clause: OHKO moves are banned
|rule|Evasion Items Clause: Evasion items are banned
|rule|Evasion Moves Clause: Evasion moves are banned
|rule|Evasion Abilities Clause: Evasion abilities are banned
|rule|Sleep Moves Clause: Sleep-inducing moves are banned
|clearpoke
|poke|p1|Pelipper, M|
|poke|p1|Iron Crown|
|poke|p1|Sinistcha|
|poke|p1|Barraskewda, F|
|poke|p1|Great Tusk|
|poke|p1|Incineroar, M|
|poke|p2|Pikachu, F|
|poke|p2|Blaziken, M|
|poke|p2|Moltres|
|poke|p2|Donphan, M|
|poke|p2|Slowbro, F|
|poke|p2|Clefable, F|
|teampreview
|inactive|Battle timer is ON: inactive players will automatically lose when time's up. (requested by mrbustzzsaw)
|
|t:|1769408879
|teamsize|p1|6
|teamsize|p2|6
|start
|switch|p1a: Incineroar|Incineroar, M|100/100
|switch|p2a: Slowbro|Slowbro, F|100/100
|-ability|p1a: Incineroar|Intimidate|boost
|-unboost|p2a: Slowbro|atk|1
|turn|1
|
|t:|1769408889
|-terastallize|p2a: Slowbro|Water
|move|p1a: Incineroar|Knock Off|p2a: Slowbro
|-damage|p2a: Slowbro|68/100
|-enditem|p2a: Slowbro|Assault Vest|[from] move: Knock Off|[of] p1a: Incineroar
|move|p2a: Slowbro|Hydro Pump|p1a: Incineroar
|-supereffective|p1a: Incineroar
|-damage|p1a: Incineroar|2/100
|
|upkeep
|turn|2
|
|t:|1769408905
|switch|p1a: Pelipper|Pelipper, M|100/100
|-weather|RainDance|[from] ability: Drizzle|[of] p1a: Pelipper
|move|p2a: Slowbro|Flamethrower|p1a: Pelipper
|-resisted|p1a: Pelipper
|-damage|p1a: Pelipper|91/100
|-status|p1a: Pelipper|brn
|
|-weather|RainDance|[upkeep]
|-damage|p1a: Pelipper|85/100 brn|[from] brn
|upkeep
|turn|3
|
|t:|1769408914
|switch|p2a: Clefable|Clefable, F|100/100
|move|p1a: Pelipper|Hurricane|p2a: Clefable
|-damage|p2a: Clefable|66/100
|
|-weather|RainDance|[upkeep]
|-heal|p2a: Clefable|72/100|[from] item: Leftovers
|-damage|p1a: Pelipper|79/100 brn|[from] brn
|upkeep
|turn|4
|
|t:|1769408924
|move|p1a: Pelipper|U-turn|p2a: Clefable
|-resisted|p2a: Clefable
|-damage|p2a: Clefable|70/100
|
|t:|1769408927
|switch|p1a: Iron Crown|Iron Crown|100/100|[from] U-turn
|move|p2a: Clefable|Calm Mind|p2a: Clefable
|-boost|p2a: Clefable|spa|1
|-boost|p2a: Clefable|spd|1
|
|-weather|RainDance|[upkeep]
|-heal|p2a: Clefable|76/100|[from] item: Leftovers
|upkeep
|turn|5
|
|t:|1769408940
|move|p1a: Iron Crown|Tachyon Cutter|p2a: Clefable
|-supereffective|p2a: Clefable
|-damage|p2a: Clefable|44/100
|-supereffective|p2a: Clefable
|-damage|p2a: Clefable|13/100
|-hitcount|p2a: Clefable|2
|move|p2a: Clefable|Thunder Wave|p1a: Iron Crown
|-status|p1a: Iron Crown|par
|
|-weather|RainDance|[upkeep]
|-heal|p2a: Clefable|19/100|[from] item: Leftovers
|upkeep
|turn|6
|
|t:|1769408947
|move|p1a: Iron Crown|Tachyon Cutter|p2a: Clefable
|-supereffective|p2a: Clefable
|-damage|p2a: Clefable|0 fnt
|faint|p2a: Clefable
|-hitcount|p2: Clefable|1
|
|-weather|RainDance|[upkeep]
|upkeep
|
|t:|1769408957
|switch|p2a: Blaziken|Blaziken, M|100/100
|turn|7
|
|t:|1769408961
|-end|p1a: Iron Crown|Quark Drive|[silent]
|switch|p1a: Pelipper|Pelipper, M|79/100 brn
|move|p2a: Blaziken|Protect||[still]
|-fail|p2a: Blaziken
|
|-weather|RainDance|[upkeep]
|-damage|p1a: Pelipper|72/100 brn|[from] brn
|-ability|p2a: Blaziken|Speed Boost|boost
|-boost|p2a: Blaziken|spe|1
|upkeep
|turn|8
|
|t:|1769408969
|move|p2a: Blaziken|Brave Bird|p1a: Pelipper
|-damage|p1a: Pelipper|38/100 brn
|-damage|p2a: Blaziken|89/100|[from] Recoil
|move|p1a: Pelipper|Weather Ball|p2a: Blaziken
|-supereffective|p2a: Blaziken
|-damage|p2a: Blaziken|0 fnt
|faint|p2a: Blaziken
|
|-weather|RainDance|[upkeep]
|-damage|p1a: Pelipper|32/100 brn|[from] brn
|upkeep
|
|t:|1769408973
|switch|p2a: Moltres|Moltres|100/100
|turn|9
|
|t:|1769408981
|move|p2a: Moltres|Hurricane|p1a: Pelipper
|-damage|p1a: Pelipper|0 fnt
|faint|p1a: Pelipper
|
|-weather|none
|upkeep
|
|t:|1769408987
|switch|p1a: Barraskewda|Barraskewda, F|100/100
|turn|10
|
|t:|1769408992
|move|p1a: Barraskewda|Flip Turn|p2a: Moltres
|-supereffective|p2a: Moltres
|-damage|p2a: Moltres|0 fnt
|-damage|p1a: Barraskewda|84/100|[from] item: Rocky Helmet|[of] p2a: Moltres
|faint|p2a: Moltres
|
|t:|1769408997
|switch|p1a: Great Tusk|Great Tusk|100/100|[from] Flip Turn
|
|upkeep
|
|t:|1769409002
|switch|p2a: Slowbro|Slowbro, F, tera:Water|100/100
|turn|11
|
|t:|1769409010
|-terastallize|p1a: Great Tusk|Water
|move|p1a: Great Tusk|Stealth Rock|p2a: Slowbro
|-sidestart|p2: Ferriswonk|move: Stealth Rock
|move|p2a: Slowbro|Hydro Pump|p1a: Great Tusk
|-resisted|p1a: Great Tusk
|-damage|p1a: Great Tusk|56/100
|
|-heal|p1a: Great Tusk|62/100|[from] item: Leftovers
|upkeep
|turn|12
|
|t:|1769409016
|move|p1a: Great Tusk|Knock Off|p2a: Slowbro
|-damage|p2a: Slowbro|85/100
|move|p2a: Slowbro|Psychic|p1a: Great Tusk
|-damage|p1a: Great Tusk|11/100
|-unboost|p1a: Great Tusk|spd|1
|
|-heal|p1a: Great Tusk|17/100|[from] item: Leftovers
|upkeep
|turn|13
|
|t:|1769409025
|-end|p1a: Great Tusk|Protosynthesis|[silent]
|switch|p1a: Iron Crown|Iron Crown|100/100 par
|move|p2a: Slowbro|Hydro Pump|p1a: Iron Crown
|-damage|p1a: Iron Crown|56/100 par
|
|upkeep
|turn|14
|
|t:|1769409033
|move|p1a: Iron Crown|Volt Switch|p2a: Slowbro
|-supereffective|p2a: Slowbro
|-crit|p2a: Slowbro
|-damage|p2a: Slowbro|13/100
|
|t:|1769409036
|-end|p1a: Iron Crown|Quark Drive|[silent]
|switch|p1a: Sinistcha|Sinistcha|100/100|[from] Volt Switch
|move|p2a: Slowbro|Flamethrower|p1a: Sinistcha
|-supereffective|p1a: Sinistcha
|-damage|p1a: Sinistcha|65/100
|
|upkeep
|turn|15
|
|t:|1769409042
|switch|p2a: Donphan|Donphan, M|100/100
|move|p1a: Sinistcha|Matcha Gotcha|p2a: Donphan
|-supereffective|p2a: Donphan
|-damage|p2a: Donphan|9/100
|-heal|p1a: Sinistcha|100/100|[from] drain|[of] p2a: Donphan
|
|upkeep
|turn|16
|
|t:|1769409053
|move|p1a: Sinistcha|Calm Mind|p1a: Sinistcha
|-boost|p1a: Sinistcha|spa|1
|-boost|p1a: Sinistcha|spd|1
|move|p2a: Donphan|Ice Spinner|p1a: Sinistcha
|-supereffective|p1a: Sinistcha
|-damage|p1a: Sinistcha|61/100
|
|upkeep
|turn|17
|
|t:|1769409058
|move|p1a: Sinistcha|Matcha Gotcha|p2a: Donphan
|-supereffective|p2a: Donphan
|-damage|p2a: Donphan|0 fnt
|-heal|p1a: Sinistcha|66/100|[from] drain|[of] p2a: Donphan
|faint|p2a: Donphan
|
|upkeep
|
|t:|1769409065
|switch|p2a: Pikachu|Pikachu, F|100/100
|-damage|p2a: Pikachu|88/100|[from] Stealth Rock
|turn|18
|
|t:|1769409071
|move|p2a: Pikachu|Knock Off|p1a: Sinistcha
|-supereffective|p1a: Sinistcha
|-damage|p1a: Sinistcha|27/100
|-enditem|p1a: Sinistcha|Heavy-Duty Boots|[from] move: Knock Off|[of] p2a: Pikachu
|move|p1a: Sinistcha|Matcha Gotcha|p2a: Pikachu
|-damage|p2a: Pikachu|0 fnt
|-heal|p1a: Sinistcha|54/100|[from] drain|[of] p2a: Pikachu
|faint|p2a: Pikachu
|
|upkeep
|
|t:|1769409074
|switch|p2a: Slowbro|Slowbro, F, tera:Water|47/100
|-damage|p2a: Slowbro|34/100|[from] Stealth Rock
|turn|19
|
|t:|1769409084
|move|p1a: Sinistcha|Matcha Gotcha|p2a: Slowbro
|-supereffective|p2a: Slowbro
|-damage|p2a: Slowbro|0 fnt
|-heal|p1a: Sinistcha|74/100|[from] drain|[of] p2a: Slowbro
|faint|p2a: Slowbro
|
|win|mrbustzzsaw
|raw|mrbustzzsaw's rating: 1184 &rarr; <strong>1204</strong><br />(+20 for winning)
|raw|Ferriswonk's rating: 1119 &rarr; <strong>1099</strong><br />(-20 for losing)
|l|☆Ferriswonk
|player|p2|
|l|☆mrbustzzsaw
|player|p1|
