|j|☆CambridgeFoulPlay
|j|☆taoelcompetitivos
|t:|1769336551
|gametype|singles
|player|p1|CambridgeFoulPlay|266|1600
|player|p2|taoelcompetitivos|ghetsis|1470
|gen|9
|tier|[Gen 9] OU
|rated|
|rule|HP Percentage Mod: HP is shown in percentages
|rule|Endless Battle Clause: Forcing endless battles is banned
|rule|Species Clause: Limit one of each Pokémon
|rule|OHKO Clause: OHKO moves are banned
|rule|Evasion Items Clause: Evasion items are banned
|rule|Evasion Moves Clause: Evasion moves are banned
|rule|Evasion Abilities Clause: Evasion abilities are banned
|rule|Sleep Moves Clause: Sleep-inducing moves are banned
|clearpoke
|poke|p1|Hydrapple, M|
|poke|p1|Tyranitar, F|
|poke|p1|Moltres|
|poke|p1|Zamazenta-*|
|poke|p1|Slowking-Galar, F|
|poke|p1|Excadrill, F|
|poke|p2|Tinkaton, F|
|poke|p2|Ogerpon, F|
|poke|p2|Great Tusk|
|poke|p2|Pecharunt|
|poke|p2|Alomomola, M|
|poke|p2|Hydreigon, M|
|teampreview
|c|☆CambridgeFoulPlay|hf
|inactive|Battle timer is ON: inactive players will automatically lose when time's up. (requested by CambridgeFoulPlay)
|
|t:|1769336569
|teamsize|p1|6
|teamsize|p2|6
|start
|switch|p1a: Tyranitar|Tyranitar, F|100/100
|switch|p2a: Alomomola|Alomomola, M, shiny|100/100
|-weather|Sandstorm|[from] ability: Sand Stream|[of] p1a: Tyranitar
|turn|1
|
|t:|1769336574
|move|p1a: Tyranitar|Stealth Rock|p2a: Alomomola
|-sidestart|p2: taoelcompetitivos|move: Stealth Rock
|move|p2a: Alomomola|Flip Turn|p1a: Tyranitar
|-supereffective|p1a: Tyranitar
|-damage|p1a: Tyranitar|76/100
|
|t:|1769336595
|switch|p2a: Great Tusk|Great Tusk, shiny|100/100|[from] Flip Turn
|
|-weather|Sandstorm|[upkeep]
|upkeep
|turn|2
|
|t:|1769336599
|switch|p1a: Hydrapple|Hydrapple, M|100/100
|move|p2a: Great Tusk|Rapid Spin|p1a: Hydrapple
|-crit|p1a: Hydrapple
|-damage|p1a: Hydrapple|85/100
|-boost|p2a: Great Tusk|spe|1
|-sideend|p2: taoelcompetitivos|Stealth Rock|[from] move: Rapid Spin|[of] p2a: Great Tusk
|
|-weather|Sandstorm|[upkeep]
|-damage|p1a: Hydrapple|79/100|[from] Sandstorm
|upkeep
|turn|3
|
|t:|1769336602
|move|p2a: Great Tusk|Ice Spinner|p1a: Hydrapple
|-supereffective|p1a: Hydrapple
|-crit|p1a: Hydrapple
|-damage|p1a: Hydrapple|0 fnt
|faint|p1a: Hydrapple
|
|-weather|Sandstorm|[upkeep]
|upkeep
|
|t:|1769336605
|switch|p1a: Zamazenta|Zamazenta|100/100
|-ability|p1a: Zamazenta|Dauntless Shield|boost
|-boost|p1a: Zamazenta|def|1
|turn|4
|
|t:|1769336616
|-end|p2a: Great Tusk|Protosynthesis|[silent]
|switch|p2a: Pecharunt|Pecharunt|100/100
|move|p1a: Zamazenta|Iron Defense|p1a: Zamazenta
|-boost|p1a: Zamazenta|def|2
|
|-weather|Sandstorm|[upkeep]
|-damage|p1a: Zamazenta|94/100|[from] Sandstorm
|-damage|p2a: Pecharunt|94/100|[from] Sandstorm
|-heal|p1a: Zamazenta|100/100|[from] item: Leftovers
|upkeep
|turn|5
|
|t:|1769336619
|switch|p1a: Excadrill|Excadrill, F|100/100
|-item|p1a: Excadrill|Air Balloon
|move|p2a: Pecharunt|Malignant Chain|p1a: Excadrill
|-immune|p1a: Excadrill
|
|-weather|Sandstorm|[upkeep]
|-damage|p2a: Pecharunt|88/100|[from] Sandstorm
|upkeep
|turn|6
|
|t:|1769336625
|move|p1a: Excadrill|Earthquake|p2a: Pecharunt
|-supereffective|p2a: Pecharunt
|-damage|p2a: Pecharunt|39/100
|move|p2a: Pecharunt|Parting Shot|p1a: Excadrill
|-unboost|p1a: Excadrill|atk|1
|-unboost|p1a: Excadrill|spa|1
|
|t:|1769336642
|switch|p2a: Great Tusk|Great Tusk, shiny|100/100|[from] Parting Shot
|
|-weather|Sandstorm|[upkeep]
|upkeep
|turn|7
|
|t:|1769336651
|switch|p1a: Moltres|Moltres|100/100
|move|p2a: Great Tusk|Close Combat|p1a: Moltres
|-resisted|p1a: Moltres
|-damage|p1a: Moltres|81/100
|-unboost|p2a: Great Tusk|def|1
|-unboost|p2a: Great Tusk|spd|1
|-status|p2a: Great Tusk|brn|[from] ability: Flame Body|[of] p1a: Moltres
|
|-weather|Sandstorm|[upkeep]
|-damage|p1a: Moltres|75/100|[from] Sandstorm
|-damage|p2a: Great Tusk|94/100 brn|[from] brn
|upkeep
|turn|8
|
|t:|1769336657
|-end|p2a: Great Tusk|Protosynthesis|[silent]
|switch|p2a: Alomomola|Alomomola, M, shiny|100/100
|move|p1a: Moltres|Flamethrower|p2a: Alomomola
|-resisted|p2a: Alomomola
|-damage|p2a: Alomomola|91/100
|
|-weather|none
|upkeep
|turn|9
|
|t:|1769336662
|move|p1a: Moltres|Roost|p1a: Moltres
|-heal|p1a: Moltres|100/100
|-singleturn|p1a: Moltres|move: Roost
|move|p2a: Alomomola|Flip Turn|p1a: Moltres
|-supereffective|p1a: Moltres
|-damage|p1a: Moltres|77/100
|
|t:|1769336666
|switch|p2a: Hydreigon|Hydreigon, M, shiny|100/100|[from] Flip Turn
|
|upkeep
|turn|10
|
|t:|1769336670
|switch|p1a: Tyranitar|Tyranitar, F|76/100
|-weather|Sandstorm|[from] ability: Sand Stream|[of] p1a: Tyranitar
|move|p2a: Hydreigon|Draco Meteor|p1a: Tyranitar
|-damage|p1a: Tyranitar|38/100
|-unboost|p2a: Hydreigon|spa|2
|
|-weather|Sandstorm|[upkeep]
|-damage|p2a: Hydreigon|94/100|[from] Sandstorm
|upkeep
|turn|11
|
|t:|1769336680
|switch|p2a: Alomomola|Alomomola, M, shiny|100/100
|move|p1a: Tyranitar|Stealth Rock|p2a: Alomomola
|-sidestart|p2: taoelcompetitivos|move: Stealth Rock
|
|-weather|Sandstorm|[upkeep]
|-damage|p2a: Alomomola|94/100|[from] Sandstorm
|upkeep
|turn|12
|
|t:|1769336684
|switch|p1a: Zamazenta|Zamazenta|100/100
|move|p2a: Alomomola|Flip Turn|p1a: Zamazenta
|-damage|p1a: Zamazenta|89/100
|
|t:|1769336688
|switch|p2a: Pecharunt|Pecharunt|39/100|[from] Flip Turn
|-damage|p2a: Pecharunt|27/100|[from] Stealth Rock
|
|-weather|Sandstorm|[upkeep]
|-damage|p1a: Zamazenta|83/100|[from] Sandstorm
|-damage|p2a: Pecharunt|21/100|[from] Sandstorm
|-heal|p1a: Zamazenta|89/100|[from] item: Leftovers
|upkeep
|turn|13
|
|t:|1769336692
|move|p1a: Zamazenta|Crunch|p2a: Pecharunt
|-supereffective|p2a: Pecharunt
|-damage|p2a: Pecharunt|0 fnt
|-damage|p1a: Zamazenta|72/100|[from] item: Rocky Helmet|[of] p2a: Pecharunt
|faint|p2a: Pecharunt
|
|-weather|Sandstorm|[upkeep]
|-damage|p1a: Zamazenta|66/100|[from] Sandstorm
|-heal|p1a: Zamazenta|72/100|[from] item: Leftovers
|upkeep
|
|t:|1769336701
|switch|p2a: Great Tusk|Great Tusk, shiny|94/100 brn
|turn|14
|
|t:|1769336703
|move|p1a: Zamazenta|Iron Defense|p1a: Zamazenta
|-boost|p1a: Zamazenta|def|2
|move|p2a: Great Tusk|Rapid Spin|p1a: Zamazenta
|-damage|p1a: Zamazenta|69/100
|-boost|p2a: Great Tusk|spe|1
|-sideend|p2: taoelcompetitivos|Stealth Rock|[from] move: Rapid Spin|[of] p2a: Great Tusk
|
|-weather|Sandstorm|[upkeep]
|-damage|p1a: Zamazenta|63/100|[from] Sandstorm
|-heal|p1a: Zamazenta|69/100|[from] item: Leftovers
|-damage|p2a: Great Tusk|88/100 brn|[from] brn
|upkeep
|turn|15
|
|t:|1769336711
|-end|p2a: Great Tusk|Protosynthesis|[silent]
|switch|p2a: Tinkaton|Tinkaton, F, shiny|100/100
|move|p1a: Zamazenta|Body Press|p2a: Tinkaton
|-damage|p2a: Tinkaton|4/100
|-enditem|p2a: Tinkaton|Sitrus Berry|[eat]
|-heal|p2a: Tinkaton|28/100|[from] item: Sitrus Berry
|-enditem|p1a: Zamazenta|Leftovers|[silent]|[from] ability: Pickpocket|[of] p1a: Zamazenta
|-item|p2a: Tinkaton|Leftovers|[from] ability: Pickpocket|[of] p1a: Zamazenta
|
|-weather|Sandstorm|[upkeep]
|-damage|p1a: Zamazenta|63/100|[from] Sandstorm
|-heal|p2a: Tinkaton|35/100|[from] item: Leftovers
|upkeep
|turn|16
|
|t:|1769336719
|move|p1a: Zamazenta|Body Press|p2a: Tinkaton
|-damage|p2a: Tinkaton|0 fnt
|faint|p2a: Tinkaton
|
|-weather|Sandstorm|[upkeep]
|-damage|p1a: Zamazenta|57/100|[from] Sandstorm
|upkeep
|
|t:|1769336725
|switch|p2a: Alomomola|Alomomola, M, shiny|100/100
|turn|17
|
|t:|1769336727
|move|p1a: Zamazenta|Body Press|p2a: Alomomola
|-damage|p2a: Alomomola|38/100
|move|p2a: Alomomola|Play Rough|p1a: Zamazenta
|-supereffective|p1a: Zamazenta
|-damage|p1a: Zamazenta|44/100
|
|-weather|none
|upkeep
|turn|18
|
|t:|1769336740
|switch|p2a: Great Tusk|Great Tusk, shiny|88/100 brn
|move|p1a: Zamazenta|Body Press|p2a: Great Tusk
|-damage|p2a: Great Tusk|31/100 brn
|
|-damage|p2a: Great Tusk|25/100 brn|[from] brn
|upkeep
|turn|19
|
|t:|1769336744
|move|p1a: Zamazenta|Body Press|p2a: Great Tusk
|-damage|p2a: Great Tusk|0 fnt
|faint|p2a: Great Tusk
|-end|p2a: Great Tusk|Protosynthesis|[silent]
|
|upkeep
|
|t:|1769336754
|switch|p2a: Ogerpon|Ogerpon, F|100/100
|turn|20
|
|t:|1769336760
|-terastallize|p2a: Ogerpon|Grass
|detailschange|p2a: Ogerpon|Ogerpon-Teal-Tera, F, tera:Grass
|-ability|p2a: Ogerpon|Embody Aspect (Teal)|boost
|-boost|p2a: Ogerpon|spe|1
|move|p2a: Ogerpon|Ivy Cudgel|p1a: Zamazenta
|-crit|p1a: Zamazenta
|-damage|p1a: Zamazenta|0 fnt
|faint|p1a: Zamazenta
|
|upkeep
|
|t:|1769336762
|switch|p1a: Slowking|Slowking-Galar, F|100/100
|turn|21
|
|t:|1769336766
|switch|p2a: Hydreigon|Hydreigon, M, shiny|94/100
|move|p1a: Slowking|Sludge Bomb|p2a: Hydreigon
|-damage|p2a: Hydreigon|58/100
|
|upkeep
|turn|22
|
|t:|1769336774
|move|p2a: Hydreigon|Dark Pulse|p1a: Slowking
|-supereffective|p1a: Slowking
|-damage|p1a: Slowking|31/100
|move|p1a: Slowking|Ice Beam|p2a: Hydreigon
|-supereffective|p2a: Hydreigon
|-damage|p2a: Hydreigon|8/100
|
|upkeep
|turn|23
|
|t:|1769336777
|switch|p1a: Tyranitar|Tyranitar, F|38/100
|-weather|Sandstorm|[from] ability: Sand Stream|[of] p1a: Tyranitar
|move|p2a: Hydreigon|Dark Pulse|p1a: Tyranitar
|-resisted|p1a: Tyranitar
|-damage|p1a: Tyranitar|25/100
|
|-weather|Sandstorm|[upkeep]
|-damage|p2a: Hydreigon|1/100|[from] Sandstorm
|upkeep
|turn|24
|
|t:|1769336783
|move|p2a: Hydreigon|Dark Pulse|p1a: Tyranitar
|-resisted|p1a: Tyranitar
|-damage|p1a: Tyranitar|13/100
|cant|p1a: Tyranitar|flinch
|
|-weather|Sandstorm|[upkeep]
|-damage|p2a: Hydreigon|0 fnt|[from] Sandstorm
|faint|p2a: Hydreigon
|upkeep
|
|t:|1769336786
|switch|p2a: Alomomola|Alomomola, M, shiny|71/100
|turn|25
|
|t:|1769336788
|switch|p1a: Moltres|Moltres|77/100
|move|p2a: Alomomola|Flip Turn|p1a: Moltres
|-supereffective|p1a: Moltres
|-damage|p1a: Moltres|53/100
|
|t:|1769336792
|switch|p2a: Ogerpon|Ogerpon-Teal-Tera, F, tera:Grass|100/100|[from] Flip Turn
|-ability|p2a: Ogerpon|Embody Aspect (Teal)|boost
|-boost|p2a: Ogerpon|spe|1
|
|-weather|Sandstorm|[upkeep]
|-damage|p2a: Ogerpon|95/100|[from] Sandstorm
|-damage|p1a: Moltres|47/100|[from] Sandstorm
|upkeep
|turn|26
|
|t:|1769336803
|switch|p2a: Alomomola|Alomomola, M, shiny|100/100
|move|p1a: Moltres|Roost|p1a: Moltres
|-heal|p1a: Moltres|97/100
|-singleturn|p1a: Moltres|move: Roost
|
|-weather|Sandstorm|[upkeep]
|-damage|p1a: Moltres|91/100|[from] Sandstorm
|-damage|p2a: Alomomola|94/100|[from] Sandstorm
|upkeep
|turn|27
|
|t:|1769336809
|move|p2a: Alomomola|Aqua Jet|p1a: Moltres
|-supereffective|p1a: Moltres
|-crit|p1a: Moltres
|-damage|p1a: Moltres|68/100
|move|p1a: Moltres|U-turn|p2a: Alomomola
|-damage|p2a: Alomomola|82/100
|
|t:|1769336811
|switch|p1a: Slowking|Slowking-Galar, F|65/100|[from] U-turn
|
|-weather|Sandstorm|[upkeep]
|-damage|p2a: Alomomola|76/100|[from] Sandstorm
|-damage|p1a: Slowking|59/100|[from] Sandstorm
|upkeep
|turn|28
|
|t:|1769336815
|switch|p1a: Moltres|Moltres|68/100
|move|p2a: Alomomola|Mirror Coat||[still]
|-fail|p2a: Alomomola
|
|-weather|Sandstorm|[upkeep]
|-damage|p1a: Moltres|62/100|[from] Sandstorm
|-damage|p2a: Alomomola|70/100|[from] Sandstorm
|upkeep
|turn|29
|
|t:|1769336821
|move|p2a: Alomomola|Aqua Jet|p1a: Moltres
|-supereffective|p1a: Moltres
|-damage|p1a: Moltres|47/100
|-status|p2a: Alomomola|brn|[from] ability: Flame Body|[of] p1a: Moltres
|move|p1a: Moltres|Roost|p1a: Moltres
|-heal|p1a: Moltres|97/100
|-singleturn|p1a: Moltres|move: Roost
|
|-weather|Sandstorm|[upkeep]
|-damage|p1a: Moltres|91/100|[from] Sandstorm
|-damage|p2a: Alomomola|64/100 brn|[from] Sandstorm
|-damage|p2a: Alomomola|58/100 brn|[from] brn
|upkeep
|turn|30
|
|t:|1769336825
|move|p1a: Moltres|U-turn|p2a: Alomomola
|-damage|p2a: Alomomola|48/100 brn
|
|t:|1769336826
|switch|p1a: Slowking|Slowking-Galar, F|92/100|[from] U-turn
|move|p2a: Alomomola|Flip Turn|p1a: Slowking
|-damage|p1a: Slowking|85/100
|
|t:|1769336828
|switch|p2a: Ogerpon|Ogerpon-Teal-Tera, F, tera:Grass|95/100|[from] Flip Turn
|-ability|p2a: Ogerpon|Embody Aspect (Teal)|boost
|-boost|p2a: Ogerpon|spe|1
|
|-weather|none
|upkeep
|turn|31
|
|t:|1769336832
|switch|p1a: Moltres|Moltres|91/100
|move|p2a: Ogerpon|U-turn|p1a: Moltres
|-resisted|p1a: Moltres
|-damage|p1a: Moltres|86/100
|
|t:|1769336834
|switch|p2a: Alomomola|Alomomola, M, shiny|81/100 brn|[from] U-turn
|
|-damage|p2a: Alomomola|75/100 brn|[from] brn
|upkeep
|turn|32
|
|t:|1769336842
|move|p1a: Moltres|Roost|p1a: Moltres
|-heal|p1a: Moltres|100/100
|-singleturn|p1a: Moltres|move: Roost
|move|p2a: Alomomola|Flip Turn|p1a: Moltres
|-supereffective|p1a: Moltres
|-crit|p1a: Moltres
|-damage|p1a: Moltres|84/100
|
|t:|1769336844
|switch|p2a: Ogerpon|Ogerpon-Teal-Tera, F, tera:Grass|95/100|[from] Flip Turn
|-ability|p2a: Ogerpon|Embody Aspect (Teal)|boost
|-boost|p2a: Ogerpon|spe|1
|
|upkeep
|turn|33
|
|t:|1769336848
|switch|p2a: Alomomola|Alomomola, M, shiny|100/100 brn
|move|p1a: Moltres|Roost|p1a: Moltres
|-heal|p1a: Moltres|100/100
|-singleturn|p1a: Moltres|move: Roost
|
|-damage|p2a: Alomomola|94/100 brn|[from] brn
|upkeep
|turn|34
|
|t:|1769336851
|switch|p1a: Slowking|Slowking-Galar, F|100/100
|move|p2a: Alomomola|Flip Turn|p1a: Slowking
|-damage|p1a: Slowking|95/100
|
|t:|1769336853
|switch|p2a: Ogerpon|Ogerpon-Teal-Tera, F, tera:Grass|95/100|[from] Flip Turn
|-ability|p2a: Ogerpon|Embody Aspect (Teal)|boost
|-boost|p2a: Ogerpon|spe|1
|
|upkeep
|turn|35
|
|t:|1769336857
|move|p2a: Ogerpon|Knock Off|p1a: Slowking
|-supereffective|p1a: Slowking
|-damage|p1a: Slowking|20/100
|-enditem|p1a: Slowking|Assault Vest|[from] move: Knock Off|[of] p2a: Ogerpon
|move|p1a: Slowking|Sludge Bomb|p2a: Ogerpon
|-supereffective|p2a: Ogerpon
|-damage|p2a: Ogerpon|21/100
|
|upkeep
|turn|36
|
|t:|1769336861
|switch|p1a: Tyranitar|Tyranitar, F|13/100
|-weather|Sandstorm|[from] ability: Sand Stream|[of] p1a: Tyranitar
|move|p2a: Ogerpon|Knock Off|p1a: Tyranitar
|-resisted|p1a: Tyranitar
|-damage|p1a: Tyranitar|0 fnt
|-enditem|p1a: Tyranitar|Smooth Rock|[from] move: Knock Off|[of] p2a: Ogerpon
|faint|p1a: Tyranitar
|
|-weather|Sandstorm|[upkeep]
|-damage|p2a: Ogerpon|15/100|[from] Sandstorm
|upkeep
|
|t:|1769336862
|switch|p1a: Excadrill|Excadrill, F|100/100
|-item|p1a: Excadrill|Air Balloon
|turn|37
|
|t:|1769336864
|switch|p2a: Alomomola|Alomomola, M, shiny|100/100 brn
|move|p1a: Excadrill|Earthquake|p2a: Alomomola
|-damage|p2a: Alomomola|58/100 brn
|
|-weather|Sandstorm|[upkeep]
|-damage|p2a: Alomomola|52/100 brn|[from] Sandstorm
|-damage|p2a: Alomomola|46/100 brn|[from] brn
|upkeep
|turn|38
|
|t:|1769336876
|move|p1a: Excadrill|Earthquake|p2a: Alomomola
|-damage|p2a: Alomomola|8/100 brn
|move|p2a: Alomomola|Flip Turn|p1a: Excadrill
|-supereffective|p1a: Excadrill
|-damage|p1a: Excadrill|77/100
|-enditem|p1a: Excadrill|Air Balloon
|
|t:|1769336879
|switch|p2a: Ogerpon|Ogerpon-Teal-Tera, F, tera:Grass|15/100|[from] Flip Turn
|-ability|p2a: Ogerpon|Embody Aspect (Teal)|boost
|-boost|p2a: Ogerpon|spe|1
|
|-weather|Sandstorm|[upkeep]
|-damage|p2a: Ogerpon|9/100|[from] Sandstorm
|upkeep
|turn|39
|
|t:|1769336887
|move|p1a: Excadrill|Earthquake|p2a: Ogerpon
|-resisted|p2a: Ogerpon
|-damage|p2a: Ogerpon|0 fnt
|faint|p2a: Ogerpon
|detailschange|p2: Ogerpon|Ogerpon, F|[silent]
|
|-weather|Sandstorm|[upkeep]
|upkeep
|-message|taoelcompetitivos forfeited.
|
|win|CambridgeFoulPlay
|raw|CambridgeFoulPlay's rating: 1600 &rarr; <strong>1613</strong><br />(+13 for winning)
|raw|taoelcompetitivos's rating: 1470 &rarr; <strong>1457</strong><br />(-13 for losing)
|c|☆CambridgeFoulPlay|gg
|l|☆taoelcompetitivos
|player|p2|
