|j|☆boom moon
|j|☆Daniytori
|t:|1769429957
|gametype|singles
|player|p1|boom moon|266|1245
|player|p2|Daniytori|265|1315
|gen|9
|tier|[Gen 9] OU
|rated|
|rule|HP Percentage Mod: HP is shown in percentages
|rule|Endless Battle Clause: Forcing endless battles is banned
|rule|Species Clause: Limit one of each Pokémon
|rule|OHKO Clause: OHKO moves are banned
|rule|Evasion Items Clause: Evasion items are banned
|rule|Evasion Moves Clause: Evasion moves are banned
|rule|Evasion Abilities Clause: Evasion abilities are banned
|rule|Sleep Moves Clause: Sleep-inducing moves are banned
|clearpoke
|poke|p1|Gliscor, M|
|poke|p1|Chansey, F|
|poke|p1|Mamoswine, F|
|poke|p1|Toedscruel, F|
|poke|p1|Toxicroak, M|
|poke|p1|Dragonite, M|
|poke|p2|Primarina, M|
|poke|p2|Pelipper, M|
|poke|p2|Iron Treads|
|poke|p2|Lokix, F|
|poke|p2|Kingdra, M|
|poke|p2|Toxicroak, M|
|teampreview
|inactive|Battle timer is ON: inactive players will automatically lose when time's up. (requested by boom moon)
|l|☆Daniytori
|inactive|Daniytori disconnected and has a minute to reconnect!
|player|p2|
|inactive|Daniytori has 30 seconds to reconnect!
|inactive|Daniytori has 20 seconds to reconnect!
|inactive|Daniytori has 15 seconds to reconnect!
|j|☆Daniytori
|inactive|Daniytori reconnected and has 80 seconds left.
|player|p2|Daniytori|265|
|
|t:|1769430035
|teamsize|p1|6
|teamsize|p2|6
|start
|switch|p1a: Toedscruel|Toedscruel, F|100/100
|switch|p2a: Pelipper|Pelipper, M|100/100
|-weather|RainDance|[from] ability: Drizzle|[of] p2a: Pelipper
|turn|1
|
|t:|1769430050
|switch|p2a: Iron Treads|Iron Treads|100/100
|move|p1a: Toedscruel|Stun Spore|p2a: Iron Treads|[miss]
|-miss|p1a: Toedscruel|p2a: Iron Treads
|
|-weather|RainDance|[upkeep]
|upkeep
|turn|2
|
|t:|1769430056
|move|p2a: Iron Treads|Stealth Rock|p1a: Toedscruel
|-sidestart|p1: boom moon|move: Stealth Rock
|move|p1a: Toedscruel|Stun Spore|p2a: Iron Treads|[miss]
|-miss|p1a: Toedscruel|p2a: Iron Treads
|
|-weather|RainDance|[upkeep]
|upkeep
|turn|3
|
|t:|1769430069
|move|p2a: Iron Treads|Ice Spinner|p1a: Toedscruel
|-supereffective|p1a: Toedscruel
|-damage|p1a: Toedscruel|0 fnt
|-damage|p2a: Iron Treads|84/100|[from] item: Rocky Helmet|[of] p1a: Toedscruel
|faint|p1a: Toedscruel
|
|-weather|RainDance|[upkeep]
|upkeep
|
|t:|1769430077
|switch|p1a: Mamoswine|Mamoswine, F|100/100
|-damage|p1a: Mamoswine|88/100|[from] Stealth Rock
|turn|4
|
|t:|1769430084
|-end|p2a: Iron Treads|Quark Drive|[silent]
|switch|p2a: Toxicroak|Toxicroak, M|100/100
|move|p1a: Mamoswine|Earthquake|p2a: Toxicroak
|-supereffective|p2a: Toxicroak
|-damage|p2a: Toxicroak|0 fnt
|faint|p2a: Toxicroak
|
|-weather|RainDance|[upkeep]
|upkeep
|
|t:|1769430087
|switch|p2a: Kingdra|Kingdra, M, shiny|100/100
|turn|5
|
|t:|1769430093
|-terastallize|p1a: Mamoswine|Grass
|move|p2a: Kingdra|Flip Turn|p1a: Mamoswine
|-resisted|p1a: Mamoswine
|-crit|p1a: Mamoswine
|-damage|p1a: Mamoswine|70/100
|inactive|Daniytori has 120 seconds left.
|
|t:|1769430133
|switch|p2a: Iron Treads|Iron Treads|84/100|[from] Flip Turn
|move|p1a: Mamoswine|Icicle Spear|p2a: Iron Treads
|-damage|p2a: Iron Treads|71/100
|-damage|p2a: Iron Treads|58/100
|-damage|p2a: Iron Treads|44/100
|-damage|p2a: Iron Treads|30/100
|-damage|p2a: Iron Treads|18/100
|-hitcount|p2a: Iron Treads|5
|
|-weather|RainDance|[upkeep]
|upkeep
|turn|6
|inactive|Daniytori has 120 seconds left.
|
|t:|1769430144
|move|p1a: Mamoswine|Ice Shard|p2a: Iron Treads
|-damage|p2a: Iron Treads|0 fnt
|faint|p2a: Iron Treads
|-end|p2a: Iron Treads|Quark Drive|[silent]
|
|-weather|RainDance|[upkeep]
|upkeep
|
|t:|1769430154
|switch|p2a: Kingdra|Kingdra, M, shiny|100/100
|turn|7
|
|t:|1769430159
|move|p1a: Mamoswine|Ice Shard|p2a: Kingdra
|-damage|p2a: Kingdra|73/100
|move|p2a: Kingdra|Hurricane|p1a: Mamoswine
|-supereffective|p1a: Mamoswine
|-damage|p1a: Mamoswine|0 fnt
|faint|p1a: Mamoswine
|
|-weather|RainDance|[upkeep]
|upkeep
|
|t:|1769430168
|switch|p1a: Chansey|Chansey, F|100/100
|-damage|p1a: Chansey|88/100|[from] Stealth Rock
|turn|8
|inactive|Daniytori has 120 seconds left.
|
|t:|1769430200
|switch|p2a: Primarina|Primarina, M|100/100
|move|p1a: Chansey|Substitute|p1a: Chansey
|-start|p1a: Chansey|Substitute
|-damage|p1a: Chansey|63/100
|
|-weather|none
|upkeep
|turn|9
|
|t:|1769430206
|switch|p2a: Lokix|Lokix, F|100/100
|move|p1a: Chansey|Calm Mind|p1a: Chansey
|-boost|p1a: Chansey|spa|1
|-boost|p1a: Chansey|spd|1
|
|upkeep
|turn|10
|
|t:|1769430213
|move|p2a: Lokix|Knock Off|p1a: Chansey
|-end|p1a: Chansey|Substitute
|move|p1a: Chansey|Substitute|p1a: Chansey
|-start|p1a: Chansey|Substitute
|-damage|p1a: Chansey|38/100
|
|upkeep
|turn|11
|
|t:|1769430219
|move|p2a: Lokix|Knock Off|p1a: Chansey
|-end|p1a: Chansey|Substitute
|move|p1a: Chansey|Echoed Voice|p2a: Lokix
|-damage|p2a: Lokix|80/100
|
|upkeep
|turn|12
|
|t:|1769430224
|switch|p1a: Dragonite|Dragonite, M|100/100
|-damage|p1a: Dragonite|75/100|[from] Stealth Rock
|move|p2a: Lokix|Knock Off|p1a: Dragonite
|-damage|p1a: Dragonite|0 fnt
|-enditem|p1a: Dragonite|Life Orb|[from] move: Knock Off|[of] p2a: Lokix
|faint|p1a: Dragonite
|
|upkeep
|
|t:|1769430228
|switch|p1a: Toxicroak|Toxicroak, M, shiny|100/100
|-damage|p1a: Toxicroak|94/100|[from] Stealth Rock
|turn|13
|
|t:|1769430235
|switch|p2a: Pelipper|Pelipper, M|100/100
|-weather|RainDance|[from] ability: Drizzle|[of] p2a: Pelipper
|move|p1a: Toxicroak|Vacuum Wave|p2a: Pelipper
|-resisted|p2a: Pelipper
|-damage|p2a: Pelipper|89/100
|
|-weather|RainDance|[upkeep]
|-heal|p1a: Toxicroak|100/100|[from] ability: Dry Skin
|upkeep
|turn|14
|
|t:|1769430247
|move|p1a: Toxicroak|Nasty Plot|p1a: Toxicroak
|-boost|p1a: Toxicroak|spa|2
|move|p2a: Pelipper|Knock Off|p1a: Toxicroak
|-resisted|p1a: Toxicroak
|-damage|p1a: Toxicroak|90/100
|-enditem|p1a: Toxicroak|Adrenaline Orb|[from] move: Knock Off|[of] p2a: Pelipper
|
|-weather|RainDance|[upkeep]
|-heal|p1a: Toxicroak|100/100|[from] ability: Dry Skin
|upkeep
|turn|15
|
|t:|1769430256
|move|p1a: Toxicroak|Sludge Wave|p2a: Pelipper
|-crit|p2a: Pelipper
|-damage|p2a: Pelipper|0 fnt
|faint|p2a: Pelipper
|
|-weather|RainDance|[upkeep]
|upkeep
|
|t:|1769430262
|switch|p2a: Kingdra|Kingdra, M, shiny|73/100
|turn|16
|
|t:|1769430271
|switch|p1a: Chansey|Chansey, F|38/100
|-damage|p1a: Chansey|26/100|[from] Stealth Rock
|move|p2a: Kingdra|Hurricane|p1a: Chansey
|-damage|p1a: Chansey|11/100
|
|-weather|RainDance|[upkeep]
|upkeep
|turn|17
|
|t:|1769430276
|move|p2a: Kingdra|Hurricane|p1a: Chansey
|-damage|p1a: Chansey|0 fnt
|faint|p1a: Chansey
|
|-weather|RainDance|[upkeep]
|upkeep
|
|t:|1769430279
|switch|p1a: Gliscor|Gliscor, M|100/100
|-damage|p1a: Gliscor|88/100|[from] Stealth Rock
|turn|18
|
|t:|1769430297
|switch|p2a: Primarina|Primarina, M|100/100
|switch|p1a: Toxicroak|Toxicroak, M, shiny|100/100
|-damage|p1a: Toxicroak|94/100|[from] Stealth Rock
|
|-weather|RainDance|[upkeep]
|-heal|p1a: Toxicroak|100/100|[from] ability: Dry Skin
|upkeep
|turn|19
|
|t:|1769430304
|move|p1a: Toxicroak|Nasty Plot|p1a: Toxicroak
|-boost|p1a: Toxicroak|spa|2
|move|p2a: Primarina|Moonblast|p1a: Toxicroak
|-damage|p1a: Toxicroak|13/100
|
|-weather|RainDance|[upkeep]
|-heal|p1a: Toxicroak|26/100|[from] ability: Dry Skin
|upkeep
|turn|20
|
|t:|1769430308
|switch|p2a: Lokix|Lokix, F|80/100
|move|p1a: Toxicroak|Sludge Wave|p2a: Lokix
|-damage|p2a: Lokix|0 fnt
|faint|p2a: Lokix
|
|-weather|none
|upkeep
|
|t:|1769430315
|switch|p2a: Kingdra|Kingdra, M, shiny|73/100
|turn|21
|
|t:|1769430319
|move|p1a: Toxicroak|Sludge Wave|p2a: Kingdra
|-damage|p2a: Kingdra|0 fnt
|faint|p2a: Kingdra
|
|upkeep
|
|t:|1769430322
|switch|p2a: Primarina|Primarina, M|100/100
|turn|22
|
|t:|1769430328
|-terastallize|p2a: Primarina|Ghost
|move|p1a: Toxicroak|Sludge Wave|p2a: Primarina
|-resisted|p2a: Primarina
|-damage|p2a: Primarina|59/100
|move|p2a: Primarina|Moonblast|p1a: Toxicroak
|-damage|p1a: Toxicroak|0 fnt
|faint|p1a: Toxicroak
|
|-heal|p2a: Primarina|65/100|[from] item: Leftovers
|upkeep
|
|t:|1769430332
|switch|p1a: Gliscor|Gliscor, M|88/100
|-damage|p1a: Gliscor|76/100|[from] Stealth Rock
|turn|23
|
|t:|1769430336
|move|p1a: Gliscor|Earthquake|p2a: Primarina
|-damage|p2a: Primarina|16/100
|move|p2a: Primarina|Whirlpool|p1a: Gliscor|[miss]
|-miss|p2a: Primarina|p1a: Gliscor
|
|-heal|p2a: Primarina|22/100|[from] item: Leftovers
|-status|p1a: Gliscor|tox|[from] item: Toxic Orb
|upkeep
|turn|24
|
|t:|1769430345
|move|p1a: Gliscor|Earthquake|p2a: Primarina
|-damage|p2a: Primarina|0 fnt
|faint|p2a: Primarina
|
|win|boom moon
|raw|boom moon's rating: 1245 &rarr; <strong>1275</strong><br />(+30 for winning)
|raw|Daniytori's rating: 1315 &rarr; <strong>1291</strong><br />(-24 for losing)
|l|☆Daniytori
|player|p2|
|l|☆boom moon
|player|p1|
