|inactive|Battle timer is ON: inactive players will automatically lose when time's up.
|t:|1769292010
|gametype|singles
|player|p1|akotellete|alder|
|player|p2|LpZ IV|#splxviiclassiest|
|gen|9
|tier|[Gen 9] OU
|rule|HP Percentage Mod: HP is shown in percentages
|rule|Endless Battle Clause: Forcing endless battles is banned
|rule|Species Clause: Limit one of each Pokémon
|rule|OHKO Clause: OHKO moves are banned
|rule|Evasion Items Clause: Evasion items are banned
|rule|Evasion Moves Clause: Evasion moves are banned
|rule|Evasion Abilities Clause: Evasion abilities are banned
|rule|Sleep Moves Clause: Sleep-inducing moves are banned
|clearpoke
|poke|p1|Slowking-Galar, M|
|poke|p1|Kyurem|
|poke|p1|Gliscor, M|
|poke|p1|Gholdengo|
|poke|p1|Alomomola, M|
|poke|p1|Great Tusk|
|poke|p2|Zamazenta-*|
|poke|p2|Slowking-Galar, F|
|poke|p2|Deoxys-Speed|
|poke|p2|Gliscor, M|
|poke|p2|Kingambit, F|
|poke|p2|Ogerpon-Wellspring, F|
|teampreview
|c|☆LpZ IV|hf
|c|☆akotellete|hf
|inactive|akotellete has 270 seconds left.
|inactive|LpZ IV has 270 seconds left.
|inactive|akotellete has 240 seconds left.
|
|t:|1769292084
|teamsize|p1|6
|teamsize|p2|6
|start
|switch|p1a: Slowking|Slowking-Galar, M|100/100
|switch|p2a: Gliscor|Gliscor, M, shiny|100/100
|turn|1
|
|t:|1769292099
|move|p2a: Gliscor|Spikes|p1a: Slowking
|-sidestart|p1: akotellete|Spikes
|move|p1a: Slowking|Future Sight|p2a: Gliscor
|-start|p1a: Slowking|move: Future Sight
|
|-status|p2a: Gliscor|tox|[from] item: Toxic Orb
|upkeep
|turn|2
|
|t:|1769292112
|switch|p2a: Deoxys|Deoxys-Speed, shiny|100/100
|-ability|p2a: Deoxys|Pressure
|-prepare|p1a: Slowking|Chilly Reception|[premajor]
|move|p1a: Slowking|Chilly Reception|p1a: Slowking
|-weather|Snowscape
|inactive|akotellete has 270 seconds left.
|inactive|akotellete has 240 seconds left.
|inactive|akotellete has 210 seconds left.
|
|t:|1769292214
|switch|p1a: Gholdengo|Gholdengo|100/100|[from] Chilly Reception
|-damage|p1a: Gholdengo|88/100|[from] Spikes
|
|-weather|Snowscape|[upkeep]
|upkeep
|turn|3
|inactive|akotellete has 210 seconds left.
|
|t:|1769292230
|move|p2a: Deoxys|Psycho Boost|p1a: Gholdengo
|-resisted|p1a: Gholdengo
|-damage|p1a: Gholdengo|54/100
|-unboost|p2a: Deoxys|spa|2
|-enditem|p2a: Deoxys|Eject Pack
|inactive|LpZ IV has 270 seconds left.
|
|t:|1769292257
|switch|p2a: Slowking|Slowking-Galar, F|100/100
|move|p1a: Gholdengo|Focus Blast|p2a: Slowking
|-resisted|p2a: Slowking
|-damage|p2a: Slowking|95/100
|
|-weather|Snowscape|[upkeep]
|-end|p2a: Slowking|move: Future Sight
|-crit|p2a: Slowking
|-damage|p2a: Slowking|53/100
|upkeep
|turn|4
|inactive|LpZ IV has 270 seconds left.
|
|t:|1769292269
|switch|p1a: Slowking|Slowking-Galar, M|100/100
|switch|p2a: Ogerpon|Ogerpon-Wellspring, F|100/100
|
|-weather|Snowscape|[upkeep]
|upkeep
|turn|5
|inactive|LpZ IV has 270 seconds left.
|
|t:|1769292275
|move|p2a: Ogerpon|U-turn|p1a: Slowking
|-damage|p1a: Slowking|73/100
|inactive|LpZ IV has 270 seconds left.
|
|t:|1769292302
|switch|p2a: Slowking|Slowking-Galar, F|86/100|[from] U-turn
|move|p1a: Slowking|Thunder Wave|p2a: Slowking
|-status|p2a: Slowking|par
|
|-weather|Snowscape|[upkeep]
|upkeep
|turn|6
|
|t:|1769292309
|move|p1a: Slowking|Future Sight|p2a: Slowking
|-start|p1a: Slowking|move: Future Sight
|-prepare|p2a: Slowking|Chilly Reception|[premajor]
|cant|p2a: Slowking|par
|
|-weather|none
|upkeep
|turn|7
|
|t:|1769292313
|-prepare|p1a: Slowking|Chilly Reception|[premajor]
|move|p1a: Slowking|Chilly Reception|p1a: Slowking
|-weather|Snowscape
|
|t:|1769292322
|switch|p1a: Gliscor|Gliscor, M|100/100|[from] Chilly Reception
|-prepare|p2a: Slowking|Chilly Reception|[premajor]
|move|p2a: Slowking|Chilly Reception|p2a: Slowking
|
|t:|1769292329
|switch|p2a: Ogerpon|Ogerpon-Wellspring, F|100/100|[from] Chilly Reception
|
|-weather|Snowscape|[upkeep]
|-status|p1a: Gliscor|tox|[from] item: Toxic Orb
|upkeep
|turn|8
|
|t:|1769292333
|switch|p2a: Kingambit|Kingambit, F|100/100
|move|p1a: Gliscor|Protect||[still]
|-fail|p1a: Gliscor
|
|-weather|Snowscape|[upkeep]
|-end|p2a: Kingambit|move: Future Sight
|-immune|p2a: Kingambit
|upkeep
|turn|9
|
|t:|1769292350
|-end|p2a: Kingambit|fallenundefined|[silent]
|switch|p2a: Ogerpon|Ogerpon-Wellspring, F|100/100
|move|p1a: Gliscor|Earthquake|p2a: Ogerpon
|-resisted|p2a: Ogerpon
|-damage|p2a: Ogerpon|79/100
|
|-weather|Snowscape|[upkeep]
|upkeep
|turn|10
|inactive|akotellete has 270 seconds left.
|inactive|akotellete has 240 seconds left.
|
|t:|1769292395
|switch|p1a: Alomomola|Alomomola, M|100/100
|move|p2a: Ogerpon|Ivy Cudgel|p1a: Alomomola|[anim] Ivy Cudgel Water
|-resisted|p1a: Alomomola
|-damage|p1a: Alomomola|86/100
|
|-weather|Snowscape|[upkeep]
|upkeep
|turn|11
|inactive|akotellete has 240 seconds left.
|
|t:|1769292405
|move|p1a: Alomomola|Protect|p1a: Alomomola
|-singleturn|p1a: Alomomola|Protect
|move|p2a: Ogerpon|Knock Off|p1a: Alomomola
|-activate|p1a: Alomomola|move: Protect
|
|-weather|none
|upkeep
|turn|12
|inactive|akotellete has 240 seconds left.
|
|t:|1769292421
|move|p2a: Ogerpon|Knock Off|p1a: Alomomola
|-damage|p1a: Alomomola|67/100
|-enditem|p1a: Alomomola|Heavy-Duty Boots|[from] move: Knock Off|[of] p2a: Ogerpon
|move|p1a: Alomomola|Wish|p1a: Alomomola
|
|upkeep
|turn|13
|inactive|akotellete has 240 seconds left.
|
|t:|1769292432
|move|p1a: Alomomola|Protect|p1a: Alomomola
|-singleturn|p1a: Alomomola|Protect
|move|p2a: Ogerpon|U-turn|p1a: Alomomola
|-activate|p1a: Alomomola|move: Protect
|
|-heal|p1a: Alomomola|100/100|[from] move: Wish|[wisher] Alomomola
|upkeep
|turn|14
|inactive|akotellete has 240 seconds left.
|
|t:|1769292441
|move|p2a: Ogerpon|U-turn|p1a: Alomomola
|-damage|p1a: Alomomola|85/100
|
|t:|1769292444
|switch|p2a: Deoxys|Deoxys-Speed, shiny|100/100|[from] U-turn
|-ability|p2a: Deoxys|Pressure
|move|p1a: Alomomola|Flip Turn|p2a: Deoxys
|-damage|p2a: Deoxys|76/100
|inactive|akotellete has 240 seconds left.
|
|t:|1769292482
|switch|p1a: Slowking|Slowking-Galar, M|100/100|[from] Flip Turn
|
|upkeep
|turn|15
|
|t:|1769292491
|move|p2a: Deoxys|Stealth Rock|p1a: Slowking
|-sidestart|p1: akotellete|move: Stealth Rock
|-prepare|p1a: Slowking|Chilly Reception|[premajor]
|move|p1a: Slowking|Chilly Reception|p1a: Slowking
|-weather|Snowscape
|
|t:|1769292495
|switch|p1a: Great Tusk|Great Tusk|100/100|[from] Chilly Reception
|-damage|p1a: Great Tusk|88/100|[from] Spikes
|-damage|p1a: Great Tusk|85/100|[from] Stealth Rock
|
|-weather|Snowscape|[upkeep]
|upkeep
|turn|16
|
|t:|1769292506
|switch|p2a: Gliscor|Gliscor, M, shiny|100/100 tox
|-end|p1a: Great Tusk|Protosynthesis|[silent]
|switch|p1a: Slowking|Slowking-Galar, M|100/100
|
|-weather|Snowscape|[upkeep]
|upkeep
|turn|17
|inactive|akotellete has 240 seconds left.
|
|t:|1769292536
|move|p2a: Gliscor|Earthquake|p1a: Slowking
|-supereffective|p1a: Slowking
|-damage|p1a: Slowking|29/100
|move|p1a: Slowking|Future Sight|p2a: Gliscor
|-start|p1a: Slowking|move: Future Sight
|
|-weather|Snowscape|[upkeep]
|upkeep
|turn|18
|
|t:|1769292553
|switch|p1a: Gliscor|Gliscor, M|100/100 tox
|-damage|p1a: Gliscor|88/100 tox|[from] Stealth Rock
|move|p2a: Gliscor|Spikes|p1a: Gliscor
|-sidestart|p1: akotellete|Spikes
|
|-weather|Snowscape|[upkeep]
|-heal|p1a: Gliscor|100/100 tox|[from] ability: Poison Heal
|upkeep
|turn|19
|
|t:|1769292562
|move|p1a: Gliscor|Swords Dance|p1a: Gliscor
|-boost|p1a: Gliscor|atk|2
|move|p2a: Gliscor|Spikes|p1a: Gliscor
|-sidestart|p1: akotellete|Spikes
|
|-weather|none
|-end|p2a: Gliscor|move: Future Sight
|-damage|p2a: Gliscor|44/100 tox
|-heal|p2a: Gliscor|56/100 tox|[from] ability: Poison Heal
|upkeep
|turn|20
|inactive|LpZ IV has 270 seconds left.
|
|t:|1769292621
|switch|p2a: Deoxys|Deoxys-Speed, shiny|76/100
|-ability|p2a: Deoxys|Pressure
|move|p1a: Gliscor|Facade|p2a: Deoxys
|-damage|p2a: Deoxys|0 fnt
|faint|p2a: Deoxys
|
|upkeep
|
|t:|1769292623
|switch|p2a: Ogerpon|Ogerpon-Wellspring, F|79/100
|turn|21
|inactive|akotellete has 240 seconds left.
|inactive|akotellete has 210 seconds left.
|
|t:|1769292684
|move|p2a: Ogerpon|Ivy Cudgel|p1a: Gliscor|[anim] Ivy Cudgel Water
|-supereffective|p1a: Gliscor
|-damage|p1a: Gliscor|10/100 tox
|move|p1a: Gliscor|Facade|p2a: Ogerpon
|-damage|p2a: Ogerpon|0 fnt
|faint|p2a: Ogerpon
|
|-heal|p1a: Gliscor|23/100 tox|[from] ability: Poison Heal
|upkeep
|
|t:|1769292689
|switch|p2a: Zamazenta|Zamazenta, shiny|100/100
|-ability|p2a: Zamazenta|Dauntless Shield|boost
|-boost|p2a: Zamazenta|def|1
|turn|22
|inactive|akotellete has 180 seconds left.
|
|t:|1769292722
|switch|p1a: Alomomola|Alomomola, M|100/100
|-damage|p1a: Alomomola|76/100|[from] Spikes
|-damage|p1a: Alomomola|63/100|[from] Stealth Rock
|move|p2a: Zamazenta|Heavy Slam|p1a: Alomomola
|-resisted|p1a: Alomomola
|-damage|p1a: Alomomola|53/100
|
|upkeep
|turn|23
|inactive|LpZ IV has 270 seconds left.
|
|t:|1769292741
|move|p2a: Zamazenta|Close Combat|p1a: Alomomola
|-damage|p1a: Alomomola|22/100
|-unboost|p2a: Zamazenta|def|1
|-unboost|p2a: Zamazenta|spd|1
|move|p1a: Alomomola|Wish|p1a: Alomomola
|
|upkeep
|turn|24
|inactive|akotellete has 180 seconds left.
|
|t:|1769292764
|switch|p2a: Kingambit|Kingambit, F|100/100
|-activate|p2a: Kingambit|ability: Supreme Overlord
|-start|p2a: Kingambit|fallen2|[silent]
|move|p1a: Alomomola|Protect||[still]
|-fail|p1a: Alomomola
|
|-heal|p1a: Alomomola|72/100|[from] move: Wish|[wisher] Alomomola
|upkeep
|turn|25
|inactive|LpZ IV has 270 seconds left.
|
|t:|1769292773
|move|p2a: Kingambit|Swords Dance|p2a: Kingambit
|-boost|p2a: Kingambit|atk|2
|move|p1a: Alomomola|Flip Turn|p2a: Kingambit
|-damage|p2a: Kingambit|88/100
|inactive|akotellete has 150 seconds left.
|inactive|akotellete has 120 seconds left.
|
|t:|1769292846
|switch|p1a: Gholdengo|Gholdengo|54/100|[from] Flip Turn
|-damage|p1a: Gholdengo|29/100|[from] Spikes
|-damage|p1a: Gholdengo|23/100|[from] Stealth Rock
|
|-heal|p2a: Kingambit|94/100|[from] item: Leftovers
|upkeep
|turn|26
|
|t:|1769292857
|-end|p2a: Kingambit|fallen2|[silent]
|switch|p2a: Slowking|Slowking-Galar, F|100/100 par
|move|p1a: Gholdengo|Trick|p2a: Slowking
|-activate|p1a: Gholdengo|move: Trick|[of] p2a: Slowking
|-item|p2a: Slowking|Choice Scarf|[from] move: Trick
|-item|p1a: Gholdengo|Heavy-Duty Boots|[from] move: Trick
|
|upkeep
|turn|27
|inactive|akotellete has 120 seconds left.
|inactive|LpZ IV has 270 seconds left.
|
|t:|1769292874
|switch|p1a: Great Tusk|Great Tusk|85/100
|-damage|p1a: Great Tusk|60/100|[from] Spikes
|-damage|p1a: Great Tusk|57/100|[from] Stealth Rock
|move|p2a: Slowking|Psychic Noise|p1a: Great Tusk
|-supereffective|p1a: Great Tusk
|-damage|p1a: Great Tusk|0 fnt
|faint|p1a: Great Tusk
|-end|p1a: Great Tusk|Protosynthesis|[silent]
|
|upkeep
|
|t:|1769292886
|switch|p1a: Kyurem|Kyurem|100/100
|-damage|p1a: Kyurem|75/100|[from] Spikes
|-damage|p1a: Kyurem|50/100|[from] Stealth Rock
|-ability|p1a: Kyurem|Pressure
|turn|28
|
|t:|1769292902
|move|p1a: Kyurem|Icicle Spear|p2a: Slowking
|-damage|p2a: Slowking|86/100 par
|-damage|p2a: Slowking|71/100 par
|-damage|p2a: Slowking|59/100 par
|-hitcount|p2a: Slowking|3
|move|p2a: Slowking|Psychic Noise|p1a: Kyurem
|-damage|p1a: Kyurem|24/100
|-start|p1a: Kyurem|move: Heal Block
|
|upkeep
|turn|29
|inactive|LpZ IV has 270 seconds left.
|
|t:|1769292930
|switch|p2a: Zamazenta|Zamazenta, shiny|100/100
|move|p1a: Kyurem|Icicle Spear|p2a: Zamazenta
|-damage|p2a: Zamazenta|89/100
|-damage|p2a: Zamazenta|77/100
|-damage|p2a: Zamazenta|66/100
|-damage|p2a: Zamazenta|54/100
|-crit|p2a: Zamazenta
|-damage|p2a: Zamazenta|36/100
|-hitcount|p2a: Zamazenta|5
|
|-end|p1a: Kyurem|move: Heal Block
|upkeep
|turn|30
|inactive|LpZ IV has 270 seconds left.
|
|t:|1769292939
|move|p2a: Zamazenta|Close Combat|p1a: Kyurem
|-supereffective|p1a: Kyurem
|-damage|p1a: Kyurem|0 fnt
|-unboost|p2a: Zamazenta|def|1
|-unboost|p2a: Zamazenta|spd|1
|faint|p1a: Kyurem
|
|upkeep
|
|t:|1769292946
|switch|p1a: Slowking|Slowking-Galar, M|62/100
|turn|31
|inactive|akotellete has 120 seconds left.
|inactive|LpZ IV has 270 seconds left.
|
|t:|1769292965
|switch|p2a: Slowking|Slowking-Galar, F|92/100 par
|switch|p1a: Gholdengo|Gholdengo|23/100
|
|upkeep
|turn|32
|inactive|akotellete has 120 seconds left.
|
|t:|1769292981
|move|p1a: Gholdengo|Shadow Ball|p2a: Slowking
|-supereffective|p2a: Slowking
|-damage|p2a: Slowking|42/100 par
|-prepare|p2a: Slowking|Chilly Reception|[premajor]
|move|p2a: Slowking|Chilly Reception|p2a: Slowking
|-weather|Snowscape
|
|t:|1769292986
|switch|p2a: Zamazenta|Zamazenta, shiny|36/100|[from] Chilly Reception
|
|-weather|Snowscape|[upkeep]
|upkeep
|turn|33
|
|t:|1769292990
|move|p2a: Zamazenta|Crunch|p1a: Gholdengo
|-supereffective|p1a: Gholdengo
|-damage|p1a: Gholdengo|0 fnt
|faint|p1a: Gholdengo
|
|-weather|Snowscape|[upkeep]
|upkeep
|
|t:|1769292993
|switch|p1a: Alomomola|Alomomola, M|100/100
|-damage|p1a: Alomomola|76/100|[from] Spikes
|-damage|p1a: Alomomola|63/100|[from] Stealth Rock
|turn|34
|
|t:|1769292998
|move|p2a: Zamazenta|Close Combat|p1a: Alomomola
|-damage|p1a: Alomomola|33/100
|-unboost|p2a: Zamazenta|def|1
|-unboost|p2a: Zamazenta|spd|1
|move|p1a: Alomomola|Tickle|p2a: Zamazenta
|-unboost|p2a: Zamazenta|atk|1
|-unboost|p2a: Zamazenta|def|1
|
|-weather|Snowscape|[upkeep]
|upkeep
|turn|35
|
|t:|1769293003
|switch|p2a: Kingambit|Kingambit, F|94/100
|-activate|p2a: Kingambit|ability: Supreme Overlord
|-start|p2a: Kingambit|fallen2|[silent]
|move|p1a: Alomomola|Wish|p1a: Alomomola
|
|-weather|Snowscape|[upkeep]
|-heal|p2a: Kingambit|99/100|[from] item: Leftovers
|upkeep
|turn|36
|
|t:|1769293009
|move|p2a: Kingambit|Swords Dance|p2a: Kingambit
|-boost|p2a: Kingambit|atk|2
|move|p1a: Alomomola|Tickle|p2a: Kingambit
|-unboost|p2a: Kingambit|atk|1
|-unboost|p2a: Kingambit|def|1
|
|-weather|none
|-heal|p1a: Alomomola|83/100|[from] move: Wish|[wisher] Alomomola
|-heal|p2a: Kingambit|100/100|[from] item: Leftovers
|upkeep
|turn|37
|
|t:|1769293015
|move|p2a: Kingambit|Swords Dance|p2a: Kingambit
|-boost|p2a: Kingambit|atk|2
|move|p1a: Alomomola|Flip Turn|p2a: Kingambit
|-damage|p2a: Kingambit|81/100
|
|t:|1769293016
|switch|p1a: Slowking|Slowking-Galar, M|95/100|[from] Flip Turn
|
|-heal|p2a: Kingambit|87/100|[from] item: Leftovers
|upkeep
|turn|38
|
|t:|1769293025
|-terastallize|p1a: Slowking|Water
|move|p2a: Kingambit|Kowtow Cleave|p1a: Slowking
|-damage|p1a: Slowking|0 fnt
|faint|p1a: Slowking
|
|-heal|p2a: Kingambit|93/100|[from] item: Leftovers
|upkeep
|
|t:|1769293029
|switch|p1a: Gliscor|Gliscor, M|23/100 tox
|-damage|p1a: Gliscor|10/100 tox|[from] Stealth Rock
|turn|39
|
|t:|1769293038
|-terastallize|p2a: Kingambit|Fairy
|move|p1a: Gliscor|Earthquake|p2a: Kingambit
|-damage|p2a: Kingambit|54/100
|move|p2a: Kingambit|Tera Blast|p1a: Gliscor|[anim] Tera Blast Fairy
|-damage|p1a: Gliscor|0 fnt
|faint|p1a: Gliscor
|
|-heal|p2a: Kingambit|60/100|[from] item: Leftovers
|upkeep
|
|t:|1769293041
|switch|p1a: Alomomola|Alomomola, M|100/100
|-damage|p1a: Alomomola|76/100|[from] Spikes
|-damage|p1a: Alomomola|63/100|[from] Stealth Rock
|turn|40
|c|☆LpZ IV|gg
|c|☆akotellete|gg
|
|t:|1769293046
|move|p2a: Kingambit|Kowtow Cleave|p1a: Alomomola
|-damage|p1a: Alomomola|0 fnt
|faint|p1a: Alomomola
|
|win|LpZ IV
|player|p1|
|player|p1|akotellete|alder|
