|j|☆tovipoarch
|j|☆salukiwa
|t:|1769300981
|gametype|singles
|player|p1|tovipoarch|drayden|1182
|player|p2|salukiwa|169|1187
|gen|9
|tier|[Gen 9] OU
|rated|
|rule|HP Percentage Mod: HP is shown in percentages
|rule|Endless Battle Clause: Forcing endless battles is banned
|rule|Species Clause: Limit one of each Pokémon
|rule|OHKO Clause: OHKO moves are banned
|rule|Evasion Items Clause: Evasion items are banned
|rule|Evasion Moves Clause: Evasion moves are banned
|rule|Evasion Abilities Clause: Evasion abilities are banned
|rule|Sleep Moves Clause: Sleep-inducing moves are banned
|clearpoke
|poke|p1|Basculin-Blue-Striped, M|
|poke|p1|Squawkabilly, F|
|poke|p1|Smeargle, F|
|poke|p1|Veluza, M|
|poke|p1|Jolteon, M|
|poke|p1|Froslass, F|
|poke|p2|Garganacl, F|
|poke|p2|Blaziken, M|
|poke|p2|Ogerpon-Wellspring, F|
|poke|p2|Weezing-Galar, F|
|poke|p2|Kingambit, M|
|poke|p2|Zapdos|
|teampreview
|inactive|Battle timer is ON: inactive players will automatically lose when time's up. (requested by tovipoarch)
|
|t:|1769300995
|teamsize|p1|6
|teamsize|p2|6
|start
|switch|p1a: mind of zu|Smeargle, F|100/100
|switch|p2a: Kingambit|Kingambit, M|100/100
|turn|1
|
|t:|1769301001
|move|p1a: mind of zu|Sandstorm|p1a: mind of zu
|-weather|Sandstorm
|move|p2a: Kingambit|Iron Head|p1a: mind of zu
|-enditem|p1a: mind of zu|Focus Sash
|-damage|p1a: mind of zu|1/100
|
|-weather|Sandstorm|[upkeep]
|-damage|p1a: mind of zu|0 fnt|[from] Sandstorm
|faint|p1a: mind of zu
|upkeep
|
|t:|1769301020
|switch|p1a: Froslass|Froslass, F|100/100
|turn|2
|
|t:|1769301028
|move|p1a: Froslass|Will-O-Wisp|p2a: Kingambit
|-status|p2a: Kingambit|brn
|move|p2a: Kingambit|Iron Head|p1a: Froslass
|-supereffective|p1a: Froslass
|-damage|p1a: Froslass|29/100
|
|-weather|Sandstorm|[upkeep]
|-damage|p1a: Froslass|23/100|[from] Sandstorm
|-damage|p2a: Kingambit|94/100 brn|[from] brn
|upkeep
|turn|3
|
|t:|1769301033
|switch|p1a: Jolteon|Jolteon, M|100/100
|move|p2a: Kingambit|Iron Head|p1a: Jolteon
|-resisted|p1a: Jolteon
|-damage|p1a: Jolteon|77/100
|
|-weather|Sandstorm|[upkeep]
|-damage|p1a: Jolteon|71/100|[from] Sandstorm
|-heal|p2a: Kingambit|100/100 brn|[from] item: Leftovers
|-damage|p2a: Kingambit|94/100 brn|[from] brn
|-status|p1a: Jolteon|brn|[from] item: Flame Orb
|upkeep
|turn|4
|
|t:|1769301046
|move|p2a: Kingambit|Sucker Punch|p1a: Jolteon
|-damage|p1a: Jolteon|29/100 brn
|move|p1a: Jolteon|Discharge|p2a: Kingambit
|-damage|p2a: Kingambit|58/100 brn
|
|-weather|Sandstorm|[upkeep]
|-damage|p1a: Jolteon|23/100 brn|[from] Sandstorm
|-heal|p2a: Kingambit|64/100 brn|[from] item: Leftovers
|-damage|p1a: Jolteon|17/100 brn|[from] brn
|-damage|p2a: Kingambit|58/100 brn|[from] brn
|upkeep
|turn|5
|
|t:|1769301055
|switch|p1a: head of zu|Basculin-Blue-Striped, M|100/100
|move|p2a: Kingambit|Iron Head|p1a: head of zu
|-resisted|p1a: head of zu
|-damage|p1a: head of zu|80/100
|
|-weather|none
|-heal|p2a: Kingambit|64/100 brn|[from] item: Leftovers
|-damage|p2a: Kingambit|58/100 brn|[from] brn
|upkeep
|turn|6
|
|t:|1769301063
|move|p1a: head of zu|Wave Crash|p2a: Kingambit
|-damage|p2a: Kingambit|3/100 brn
|move|p2a: Kingambit|Swords Dance|p2a: Kingambit
|-boost|p2a: Kingambit|atk|2
|
|-heal|p2a: Kingambit|9/100 brn|[from] item: Leftovers
|-damage|p2a: Kingambit|3/100 brn|[from] brn
|upkeep
|turn|7
|
|t:|1769301068
|move|p2a: Kingambit|Sucker Punch|p1a: head of zu
|-damage|p1a: head of zu|9/100
|move|p1a: head of zu|Wave Crash|p2a: Kingambit
|-damage|p2a: Kingambit|0 fnt
|faint|p2a: Kingambit
|-end|p2a: Kingambit|fallenundefined|[silent]
|
|upkeep
|
|t:|1769301077
|switch|p2a: Zapdos|Zapdos|100/100
|turn|8
|
|t:|1769301086
|switch|p1a: Jolteon|Jolteon, M|17/100 brn
|move|p2a: Zapdos|Heat Wave|p1a: Jolteon
|-damage|p1a: Jolteon|0 fnt
|faint|p1a: Jolteon
|
|upkeep
|
|t:|1769301090
|switch|p1a: sword of zu|Veluza, M, shiny|100/100
|turn|9
|
|t:|1769301099
|move|p2a: Zapdos|Thunderbolt|p1a: sword of zu
|-supereffective|p1a: sword of zu
|-damage|p1a: sword of zu|0 fnt
|faint|p1a: sword of zu
|
|upkeep
|
|t:|1769301105
|switch|p1a: wings of zu|Squawkabilly, F|100/100
|turn|10
|
|t:|1769301112
|-terastallize|p1a: wings of zu|Normal
|move|p2a: Zapdos|Thunderbolt|p1a: wings of zu
|-damage|p1a: wings of zu|15/100
|-status|p1a: wings of zu|par
|cant|p1a: wings of zu|par
|
|upkeep
|turn|11
|
|t:|1769301122
|move|p1a: wings of zu|Quick Attack|p2a: Zapdos
|-damage|p2a: Zapdos|62/100
|move|p2a: Zapdos|Thunderbolt|p1a: wings of zu
|-damage|p1a: wings of zu|0 fnt
|faint|p1a: wings of zu
|
|upkeep
|-message|tovipoarch forfeited.
|
|win|salukiwa
|raw|tovipoarch's rating: 1182 &rarr; <strong>1157</strong><br />(-25 for losing)
|raw|salukiwa's rating: 1187 &rarr; <strong>1212</strong><br />(+25 for winning)
|l|☆tovipoarch
|player|p1|
|l|☆salukiwa
|player|p2|
