|j|☆AsierX
|j|☆Kaltaris83
|t:|1769444299
|gametype|singles
|player|p1|AsierX|skierf|1413
|player|p2|Kaltaris83|psychic|1438
|gen|9
|tier|[Gen 9] OU
|rated|
|rule|HP Percentage Mod: HP is shown in percentages
|rule|Endless Battle Clause: Forcing endless battles is banned
|rule|Species Clause: Limit one of each Pokémon
|rule|OHKO Clause: OHKO moves are banned
|rule|Evasion Items Clause: Evasion items are banned
|rule|Evasion Moves Clause: Evasion moves are banned
|rule|Evasion Abilities Clause: Evasion abilities are banned
|rule|Sleep Moves Clause: Sleep-inducing moves are banned
|clearpoke
|poke|p1|Moltres-Galar|
|poke|p1|Zapdos-Galar|
|poke|p1|Ogerpon-Wellspring, F|
|poke|p1|Iron Boulder|
|poke|p1|Sandy Shocks|
|poke|p1|Cinderace, M|
|poke|p2|Garchomp, M|
|poke|p2|Tyranitar, M|
|poke|p2|Skarmory, M|
|poke|p2|Moltres-Galar|
|poke|p2|Talonflame, F|
|poke|p2|Deoxys-Speed|
|teampreview
|inactive|Battle timer is ON: inactive players will automatically lose when time's up. (requested by Kaltaris83)
|
|t:|1769444304
|teamsize|p1|6
|teamsize|p2|6
|start
|switch|p1a: Birdbrain|Zapdos-Galar|100/100
|switch|p2a: Deoxys|Deoxys-Speed|100/100
|-ability|p2a: Deoxys|Pressure
|turn|1
|
|t:|1769444323
|move|p2a: Deoxys|Ice Beam|p1a: Birdbrain
|-supereffective|p1a: Birdbrain
|-damage|p1a: Birdbrain|63/100
|move|p1a: Birdbrain|Knock Off|p2a: Deoxys
|-supereffective|p2a: Deoxys
|-damage|p2a: Deoxys|0 fnt
|-enditem|p2a: Deoxys|Power Herb|[from] move: Knock Off|[of] p1a: Birdbrain
|faint|p2a: Deoxys
|
|upkeep
|
|t:|1769444330
|switch|p2a: Garchomp|Garchomp, M|100/100
|turn|2
|
|t:|1769444340
|move|p2a: Garchomp|Scale Shot|p1a: Birdbrain|[miss]
|-miss|p2a: Garchomp|p1a: Birdbrain
|move|p1a: Birdbrain|Brave Bird|p2a: Garchomp
|-damage|p2a: Garchomp|45/100
|-damage|p1a: Birdbrain|51/100|[from] ability: Rough Skin|[of] p2a: Garchomp
|-damage|p1a: Birdbrain|30/100|[from] Recoil
|
|upkeep
|turn|3
|
|t:|1769444345
|switch|p1a: Battering Ram|Iron Boulder|100/100
|-enditem|p1a: Battering Ram|Booster Energy
|-activate|p1a: Battering Ram|ability: Quark Drive|[fromitem]
|-start|p1a: Battering Ram|quarkdrivespe
|move|p2a: Garchomp|Scale Shot|p1a: Battering Ram
|-damage|p1a: Battering Ram|83/100
|-damage|p1a: Battering Ram|65/100
|-damage|p1a: Battering Ram|47/100
|-damage|p1a: Battering Ram|31/100
|-crit|p1a: Battering Ram
|-damage|p1a: Battering Ram|5/100
|-hitcount|p1a: Battering Ram|5
|-unboost|p2a: Garchomp|def|1
|-boost|p2a: Garchomp|spe|1
|
|upkeep
|turn|4
|
|t:|1769444347
|move|p1a: Battering Ram|Earthquake|p2a: Garchomp
|-damage|p2a: Garchomp|0 fnt
|faint|p2a: Garchomp
|
|upkeep
|
|t:|1769444350
|switch|p2a: Skarmory|Skarmory, M, shiny|100/100
|turn|5
|
|t:|1769444352
|move|p1a: Battering Ram|Mighty Cleave|p2a: Skarmory
|-damage|p2a: Skarmory|71/100
|move|p2a: Skarmory|Body Press|p1a: Battering Ram
|-damage|p1a: Battering Ram|0 fnt
|faint|p1a: Battering Ram
|-end|p1a: Battering Ram|Quark Drive|[silent]
|
|-heal|p2a: Skarmory|77/100|[from] item: Leftovers
|upkeep
|
|t:|1769444354
|switch|p1a: Sandman|Sandy Shocks|100/100
|turn|6
|
|t:|1769444362
|switch|p2a: Tyranitar|Tyranitar, M, shiny|100/100
|-weather|Sandstorm|[from] ability: Sand Stream|[of] p2a: Tyranitar
|move|p1a: Sandman|Iron Defense|p1a: Sandman
|-boost|p1a: Sandman|def|2
|
|-weather|Sandstorm|[upkeep]
|upkeep
|turn|7
|
|t:|1769444364
|move|p1a: Sandman|Scorching Sands|p2a: Tyranitar
|-supereffective|p2a: Tyranitar
|-damage|p2a: Tyranitar|52/100
|-status|p2a: Tyranitar|brn
|move|p2a: Tyranitar|Dragon Dance|p2a: Tyranitar
|-boost|p2a: Tyranitar|atk|1
|-boost|p2a: Tyranitar|spe|1
|
|-weather|Sandstorm|[upkeep]
|-damage|p2a: Tyranitar|46/100 brn|[from] brn
|upkeep
|turn|8
|
|t:|1769444367
|move|p1a: Sandman|Scorching Sands|p2a: Tyranitar
|-supereffective|p2a: Tyranitar
|-damage|p2a: Tyranitar|0 fnt
|faint|p2a: Tyranitar
|
|-weather|Sandstorm|[upkeep]
|upkeep
|
|t:|1769444371
|switch|p2a: Moltres|Moltres-Galar|100/100
|turn|9
|
|t:|1769444375
|move|p1a: Sandman|Thunderbolt|p2a: Moltres
|-supereffective|p2a: Moltres
|-damage|p2a: Moltres|20/100
|-enditem|p2a: Moltres|Weakness Policy
|-boost|p2a: Moltres|atk|2|[from] item: Weakness Policy
|-boost|p2a: Moltres|spa|2|[from] item: Weakness Policy
|-ability|p2a: Moltres|Berserk|boost
|-boost|p2a: Moltres|spa|1
|move|p2a: Moltres|Agility|p2a: Moltres
|-boost|p2a: Moltres|spe|2
|
|-weather|Sandstorm|[upkeep]
|-damage|p2a: Moltres|14/100|[from] Sandstorm
|upkeep
|turn|10
|
|t:|1769444378
|move|p2a: Moltres|Fiery Wrath|p1a: Sandman
|-damage|p1a: Sandman|0 fnt
|faint|p1a: Sandman
|-end|p1a: Sandman|Protosynthesis|[silent]
|
|-weather|none
|upkeep
|
|t:|1769444381
|switch|p1a: 🔥I'm EVIL‼🔥|Moltres-Galar|100/100
|turn|11
|
|t:|1769444383
|move|p2a: Moltres|Fiery Wrath|p1a: 🔥I'm EVIL‼🔥
|-resisted|p1a: 🔥I'm EVIL‼🔥
|-damage|p1a: 🔥I'm EVIL‼🔥|53/100
|move|p1a: 🔥I'm EVIL‼🔥|Air Slash|p2a: Moltres
|-damage|p2a: Moltres|0 fnt
|faint|p2a: Moltres
|
|upkeep
|
|t:|1769444386
|switch|p2a: Talonflame|Talonflame, F|100/100
|turn|12
|
|t:|1769444389
|move|p2a: Talonflame|Flare Blitz|p1a: 🔥I'm EVIL‼🔥
|-damage|p1a: 🔥I'm EVIL‼🔥|5/100
|-damage|p2a: Talonflame|83/100|[from] Recoil
|-ability|p1a: 🔥I'm EVIL‼🔥|Berserk|boost
|-boost|p1a: 🔥I'm EVIL‼🔥|spa|1
|-enditem|p1a: 🔥I'm EVIL‼🔥|Sitrus Berry|[eat]
|-heal|p1a: 🔥I'm EVIL‼🔥|29/100|[from] item: Sitrus Berry
|move|p1a: 🔥I'm EVIL‼🔥|Agility|p1a: 🔥I'm EVIL‼🔥
|-boost|p1a: 🔥I'm EVIL‼🔥|spe|2
|
|upkeep
|turn|13
|
|t:|1769444393
|move|p1a: 🔥I'm EVIL‼🔥|Fiery Wrath|p2a: Talonflame
|-damage|p2a: Talonflame|0 fnt
|faint|p2a: Talonflame
|
|upkeep
|
|t:|1769444394
|switch|p2a: Skarmory|Skarmory, M, shiny|77/100
|turn|14
|
|t:|1769444395
|move|p1a: 🔥I'm EVIL‼🔥|Fiery Wrath|p2a: Skarmory
|-damage|p2a: Skarmory|0 fnt
|faint|p2a: Skarmory
|
|win|AsierX
|raw|AsierX's rating: 1413 &rarr; <strong>1434</strong><br />(+21 for winning)
|raw|Kaltaris83's rating: 1438 &rarr; <strong>1417</strong><br />(-21 for losing)
|l|☆Kaltaris83
|player|p2|
|l|☆AsierX
|player|p1|
