|j|☆Team BBIO 38
|j|☆SilverQuillian
|t:|1769443520
|gametype|singles
|player|p1|Team BBIO 38|rocketgrunt|1268
|player|p2|SilverQuillian|candice|1274
|gen|9
|tier|[Gen 9] OU
|rated|
|rule|HP Percentage Mod: HP is shown in percentages
|rule|Endless Battle Clause: Forcing endless battles is banned
|rule|Species Clause: Limit one of each Pokémon
|rule|OHKO Clause: OHKO moves are banned
|rule|Evasion Items Clause: Evasion items are banned
|rule|Evasion Moves Clause: Evasion moves are banned
|rule|Evasion Abilities Clause: Evasion abilities are banned
|rule|Sleep Moves Clause: Sleep-inducing moves are banned
|clearpoke
|poke|p1|Dusclops, M|
|poke|p1|Blissey, F|
|poke|p1|Flamigo, M|
|poke|p1|Latias, F|
|poke|p1|Darkrai|
|poke|p1|Swampert, M|
|poke|p2|Rotom-Wash|
|poke|p2|Darkrai|
|poke|p2|Moltres|
|poke|p2|Dragonite, F|
|poke|p2|Ogerpon-Cornerstone, F|
|poke|p2|Glimmora, F|
|teampreview
|inactive|Battle timer is ON: inactive players will automatically lose when time's up. (requested by Team BBIO 38)
|inactive|SilverQuillian has 120 seconds left.
|
|t:|1769443551
|teamsize|p1|6
|teamsize|p2|6
|start
|switch|p1a: Darkrai|Darkrai|100/100
|switch|p2a: Ogerpon|Ogerpon-Cornerstone, F|100/100
|turn|1
|
|t:|1769443559
|move|p1a: Darkrai|Ice Beam|p2a: Ogerpon
|-supereffective|p2a: Ogerpon
|-ability|p2a: Ogerpon|Sturdy
|-damage|p2a: Ogerpon|1/100
|move|p2a: Ogerpon|U-turn|p1a: Darkrai
|-supereffective|p1a: Darkrai
|-damage|p1a: Darkrai|25/100
|
|t:|1769443573
|switch|p2a: Dragonite|Dragonite, F|100/100|[from] U-turn
|
|upkeep
|turn|2
|
|t:|1769443578
|switch|p1a: Dusclops|Dusclops, M|100/100
|-item|p2a: Dragonite|Heavy-Duty Boots|[from] ability: Frisk|[of] p1a: Dusclops
|move|p2a: Dragonite|Extreme Speed|p1a: Dusclops
|-immune|p1a: Dusclops
|
|upkeep
|turn|3
|
|t:|1769443594
|switch|p2a: Darkrai|Darkrai|100/100
|move|p1a: Dusclops|Will-O-Wisp|p2a: Darkrai
|-status|p2a: Darkrai|brn
|
|-damage|p2a: Darkrai|94/100 brn|[from] brn
|upkeep
|turn|4
|inactive|SilverQuillian has 120 seconds left.
|
|t:|1769443624
|switch|p2a: Ogerpon|Ogerpon-Cornerstone, F|1/100
|switch|p1a: Blissey|Blissey, F|100/100
|
|upkeep
|turn|5
|
|t:|1769443633
|move|p2a: Ogerpon|Knock Off|p1a: Blissey
|-damage|p1a: Blissey|67/100
|-enditem|p1a: Blissey|Leftovers|[from] move: Knock Off|[of] p2a: Ogerpon
|move|p1a: Blissey|Seismic Toss|p2a: Ogerpon
|-damage|p2a: Ogerpon|0 fnt
|faint|p2a: Ogerpon
|
|upkeep
|inactive|SilverQuillian has 120 seconds left.
|
|t:|1769443668
|switch|p2a: Dragonite|Dragonite, F|100/100
|turn|6
|
|t:|1769443676
|switch|p1a: Swampert|Swampert, M|100/100
|move|p2a: Dragonite|Dragon Dance|p2a: Dragonite
|-boost|p2a: Dragonite|atk|1
|-boost|p2a: Dragonite|spe|1
|
|upkeep
|turn|7
|
|t:|1769443688
|-terastallize|p2a: Dragonite|Normal
|move|p2a: Dragonite|Dragon Dance|p2a: Dragonite
|-boost|p2a: Dragonite|atk|1
|-boost|p2a: Dragonite|spe|1
|move|p1a: Swampert|Roar|p2a: Dragonite
|drag|p2a: Rotom|Rotom-Wash|100/100
|
|upkeep
|turn|8
|
|t:|1769443696
|move|p2a: Rotom|Hydro Pump|p1a: Swampert
|-damage|p1a: Swampert|53/100
|move|p1a: Swampert|Knock Off|p2a: Rotom
|-damage|p2a: Rotom|54/100
|-enditem|p2a: Rotom|Leftovers|[from] move: Knock Off|[of] p1a: Swampert
|
|upkeep
|turn|9
|
|t:|1769443707
|switch|p1a: Blissey|Blissey, F|67/100
|move|p2a: Rotom|Hydro Pump|p1a: Blissey|[miss]
|-miss|p2a: Rotom|p1a: Blissey
|
|upkeep
|turn|10
|
|t:|1769443713
|move|p2a: Rotom|Volt Switch|p1a: Blissey
|-damage|p1a: Blissey|56/100
|
|t:|1769443723
|switch|p2a: Moltres|Moltres|100/100|[from] Volt Switch
|move|p1a: Blissey|Stealth Rock|p2a: Moltres
|-sidestart|p2: SilverQuillian|move: Stealth Rock
|
|upkeep
|turn|11
|
|t:|1769443731
|switch|p1a: Darkrai|Darkrai|25/100
|move|p2a: Moltres|Will-O-Wisp|p1a: Darkrai|[miss]
|-miss|p2a: Moltres|p1a: Darkrai
|
|upkeep
|turn|12
|
|t:|1769443739
|move|p1a: Darkrai|Dark Pulse|p2a: Moltres
|-damage|p2a: Moltres|32/100
|cant|p2a: Moltres|flinch
|
|upkeep
|turn|13
|
|t:|1769443744
|move|p1a: Darkrai|Dark Pulse|p2a: Moltres
|-damage|p2a: Moltres|0 fnt
|faint|p2a: Moltres
|
|upkeep
|inactive|SilverQuillian has 120 seconds left.
|
|t:|1769443779
|switch|p2a: Dragonite|Dragonite, F, tera:Normal|100/100
|turn|14
|
|t:|1769443782
|move|p2a: Dragonite|Extreme Speed|p1a: Darkrai
|-crit|p1a: Darkrai
|-damage|p1a: Darkrai|0 fnt
|faint|p1a: Darkrai
|
|upkeep
|
|t:|1769443791
|switch|p1a: Flamigo|Flamigo, M|100/100
|turn|15
|inactive|SilverQuillian has 120 seconds left.
|
|t:|1769443809
|switch|p2a: Rotom|Rotom-Wash|54/100
|-damage|p2a: Rotom|42/100|[from] Stealth Rock
|move|p1a: Flamigo|Upper Hand||[still]
|-fail|p1a: Flamigo
|
|upkeep
|turn|16
|inactive|SilverQuillian has 120 seconds left.
|
|t:|1769443822
|switch|p1a: Blissey|Blissey, F|56/100
|move|p2a: Rotom|Thunderbolt|p1a: Blissey
|-damage|p1a: Blissey|42/100
|
|upkeep
|turn|17
|
|t:|1769443827
|move|p2a: Rotom|Volt Switch|p1a: Blissey
|-damage|p1a: Blissey|31/100
|
|t:|1769443830
|switch|p2a: Glimmora|Glimmora, F|100/100|[from] Volt Switch
|-damage|p2a: Glimmora|88/100|[from] Stealth Rock
|move|p1a: Blissey|Seismic Toss|p2a: Glimmora
|-damage|p2a: Glimmora|61/100
|-activate|p2a: Glimmora|ability: Toxic Debris
|-sidestart|p1: Team BBIO 38|move: Toxic Spikes
|
|-heal|p2a: Glimmora|67/100|[from] item: Leftovers
|upkeep
|turn|18
|
|t:|1769443843
|switch|p1a: Swampert|Swampert, M|53/100
|move|p2a: Glimmora|Mortal Spin|p1a: Swampert
|-resisted|p1a: Swampert
|-damage|p1a: Swampert|50/100
|-status|p1a: Swampert|psn
|-sideend|p2: SilverQuillian|Stealth Rock|[from] move: Mortal Spin|[of] p2a: Glimmora
|
|-heal|p2a: Glimmora|73/100|[from] item: Leftovers
|-damage|p1a: Swampert|38/100 psn|[from] psn
|upkeep
|turn|19
|
|t:|1769443853
|move|p2a: Glimmora|Earth Power|p1a: Swampert
|-damage|p1a: Swampert|11/100 psn
|move|p1a: Swampert|Waterfall|p2a: Glimmora
|-supereffective|p2a: Glimmora
|-damage|p2a: Glimmora|0 fnt
|-activate|p2a: Glimmora|ability: Toxic Debris
|-sidestart|p1: Team BBIO 38|move: Toxic Spikes
|faint|p2a: Glimmora
|
|-damage|p1a: Swampert|0 fnt|[from] psn
|faint|p1a: Swampert
|upkeep
|
|t:|1769443866
|switch|p2a: Rotom|Rotom-Wash|42/100
|switch|p1a: Flamigo|Flamigo, M|100/100
|turn|20
|
|t:|1769443875
|move|p1a: Flamigo|Close Combat|p2a: Rotom
|-damage|p2a: Rotom|0 fnt
|-unboost|p1a: Flamigo|def|1
|-unboost|p1a: Flamigo|spd|1
|faint|p2a: Rotom
|
|upkeep
|
|t:|1769443881
|switch|p2a: Darkrai|Darkrai|94/100 brn
|turn|21
|
|t:|1769443890
|move|p1a: Flamigo|Close Combat|p2a: Darkrai
|-supereffective|p2a: Darkrai
|-damage|p2a: Darkrai|0 fnt
|-unboost|p1a: Flamigo|def|1
|-unboost|p1a: Flamigo|spd|1
|faint|p2a: Darkrai
|
|upkeep
|
|t:|1769443896
|switch|p2a: Dragonite|Dragonite, F, tera:Normal|100/100
|turn|22
|
|t:|1769443900
|switch|p1a: Dusclops|Dusclops, M|100/100
|-status|p1a: Dusclops|tox
|-item|p2a: Dragonite|Heavy-Duty Boots|[from] ability: Frisk|[of] p1a: Dusclops
|move|p2a: Dragonite|Dragon Dance|p2a: Dragonite
|-boost|p2a: Dragonite|atk|1
|-boost|p2a: Dragonite|spe|1
|
|-damage|p1a: Dusclops|95/100 tox|[from] psn
|upkeep
|turn|23
|
|t:|1769443910
|move|p2a: Dragonite|Earthquake|p1a: Dusclops
|-damage|p1a: Dusclops|66/100 tox
|move|p1a: Dusclops|Haze|p1a: Dusclops
|-clearallboost
|
|-damage|p1a: Dusclops|54/100 tox|[from] psn
|upkeep
|turn|24
|
|t:|1769443917
|move|p2a: Dragonite|Earthquake|p1a: Dusclops
|-damage|p1a: Dusclops|35/100 tox
|move|p1a: Dusclops|Pain Split|p2a: Dragonite
|-sethp|p2a: Dragonite|66/100|[from] move: Pain Split|[silent]
|-sethp|p1a: Dusclops|75/100 tox|[from] move: Pain Split
|
|-damage|p1a: Dusclops|57/100 tox|[from] psn
|upkeep
|turn|25
|-message|SilverQuillian forfeited.
|
|win|Team BBIO 38
|raw|Team BBIO 38's rating: 1268 &rarr; <strong>1293</strong><br />(+25 for winning)
|raw|SilverQuillian's rating: 1274 &rarr; <strong>1249</strong><br />(-25 for losing)
|l|☆SilverQuillian
|player|p2|
|l|☆Team BBIO 38
|player|p1|
