|j|☆BrenBrenlol
|j|☆Icemaster.2K
|t:|1769436384
|gametype|singles
|player|p1|BrenBrenlol|169|1233
|player|p2|Icemaster.2K|cynthia|1257
|gen|9
|tier|[Gen 9] OU
|rated|
|rule|HP Percentage Mod: HP is shown in percentages
|rule|Endless Battle Clause: Forcing endless battles is banned
|rule|Species Clause: Limit one of each Pokémon
|rule|OHKO Clause: OHKO moves are banned
|rule|Evasion Items Clause: Evasion items are banned
|rule|Evasion Moves Clause: Evasion moves are banned
|rule|Evasion Abilities Clause: Evasion abilities are banned
|rule|Sleep Moves Clause: Sleep-inducing moves are banned
|clearpoke
|poke|p1|Clefable, F|
|poke|p1|Greninja-*, M|
|poke|p1|Dragapult, M|
|poke|p1|Zamazenta-*|
|poke|p1|Pecharunt|
|poke|p1|Tentacruel, M|
|poke|p2|Gholdengo|
|poke|p2|Raging Bolt|
|poke|p2|Garchomp, M|
|poke|p2|Darkrai|
|poke|p2|Moltres|
|poke|p2|Iron Valiant|
|teampreview
|
|t:|1769436403
|teamsize|p1|6
|teamsize|p2|6
|start
|switch|p1a: Dragapult|Dragapult, M|100/100
|switch|p2a: Garchomp|Garchomp, M|100/100
|turn|1
|
|t:|1769436408
|move|p1a: Dragapult|U-turn|p2a: Garchomp
|-damage|p2a: Garchomp|77/100
|-damage|p1a: Dragapult|88/100|[from] ability: Rough Skin|[of] p2a: Garchomp
|-damage|p1a: Dragapult|72/100|[from] item: Rocky Helmet|[of] p2a: Garchomp
|
|t:|1769436410
|switch|p1a: Clefable|Clefable, F|100/100|[from] U-turn
|move|p2a: Garchomp|Stealth Rock|p1a: Clefable
|-sidestart|p1: BrenBrenlol|move: Stealth Rock
|
|upkeep
|turn|2
|
|t:|1769436416
|move|p2a: Garchomp|Spikes|p1a: Clefable
|-sidestart|p1: BrenBrenlol|Spikes
|move|p1a: Clefable|Calm Mind|p1a: Clefable
|-boost|p1a: Clefable|spa|1
|-boost|p1a: Clefable|spd|1
|
|upkeep
|turn|3
|
|t:|1769436439
|switch|p2a: Gholdengo|Gholdengo|100/100
|-item|p2a: Gholdengo|Air Balloon
|move|p1a: Clefable|Moonblast|p2a: Gholdengo
|-resisted|p2a: Gholdengo
|-damage|p2a: Gholdengo|78/100
|-enditem|p2a: Gholdengo|Air Balloon
|
|upkeep
|turn|4
|
|t:|1769436445
|switch|p1a: Tentacruel|Tentacruel, M|100/100
|-damage|p1a: Tentacruel|88/100|[from] Stealth Rock
|-damage|p1a: Tentacruel|76/100|[from] Spikes
|move|p2a: Gholdengo|Make It Rain|p1a: Tentacruel
|-resisted|p1a: Tentacruel
|-damage|p1a: Tentacruel|61/100
|-unboost|p2a: Gholdengo|spa|1
|
|-heal|p1a: Tentacruel|67/100|[from] item: Black Sludge
|upkeep
|turn|5
|
|t:|1769436469
|switch|p2a: Raging Bolt|Raging Bolt|100/100
|move|p1a: Tentacruel|Toxic Spikes|p2a: Raging Bolt
|-sidestart|p2: Icemaster.2K|move: Toxic Spikes
|
|-heal|p1a: Tentacruel|73/100|[from] item: Black Sludge
|upkeep
|turn|6
|
|t:|1769436480
|move|p2a: Raging Bolt|Thunderbolt|p1a: Tentacruel
|-supereffective|p1a: Tentacruel
|-damage|p1a: Tentacruel|7/100
|move|p1a: Tentacruel|Rapid Spin|p2a: Raging Bolt
|-damage|p2a: Raging Bolt|93/100
|-boost|p1a: Tentacruel|spe|1
|-sideend|p1: BrenBrenlol|Spikes|[from] move: Rapid Spin|[of] p1a: Tentacruel
|-sideend|p1: BrenBrenlol|Stealth Rock|[from] move: Rapid Spin|[of] p1a: Tentacruel
|
|-heal|p1a: Tentacruel|13/100|[from] item: Black Sludge
|upkeep
|turn|7
|
|t:|1769436486
|move|p1a: Tentacruel|Toxic Spikes|p2a: Raging Bolt
|-sidestart|p2: Icemaster.2K|move: Toxic Spikes
|move|p2a: Raging Bolt|Volt Switch|p1a: Tentacruel
|-supereffective|p1a: Tentacruel
|-damage|p1a: Tentacruel|0 fnt
|faint|p1a: Tentacruel
|
|t:|1769436498
|-end|p2a: Raging Bolt|Protosynthesis|[silent]
|switch|p2a: Moltres|Moltres|100/100|[from] Volt Switch
|
|upkeep
|
|t:|1769436506
|switch|p1a: Greninja|Greninja, M, shiny|100/100
|turn|8
|
|t:|1769436517
|move|p1a: Greninja|Ice Beam|p2a: Moltres
|-start|p1a: Greninja|typechange|Ice|[from] ability: Protean
|-damage|p2a: Moltres|69/100
|move|p2a: Moltres|U-turn|p1a: Greninja
|-damage|p1a: Greninja|75/100
|
|t:|1769436529
|switch|p2a: Iron Valiant|Iron Valiant|100/100|[from] U-turn
|-status|p2a: Iron Valiant|tox
|-enditem|p2a: Iron Valiant|Booster Energy
|-activate|p2a: Iron Valiant|ability: Quark Drive|[fromitem]
|-start|p2a: Iron Valiant|quarkdrivespe
|
|-damage|p2a: Iron Valiant|94/100 tox|[from] psn
|upkeep
|turn|9
|
|t:|1769436534
|switch|p1a: Pecharunt|Pecharunt|100/100
|move|p2a: Iron Valiant|Close Combat|p1a: Pecharunt
|-immune|p1a: Pecharunt
|
|-damage|p2a: Iron Valiant|82/100 tox|[from] psn
|upkeep
|turn|10
|
|t:|1769436539
|move|p2a: Iron Valiant|Knock Off|p1a: Pecharunt
|-supereffective|p1a: Pecharunt
|-crit|p1a: Pecharunt
|-damage|p1a: Pecharunt|58/100
|-damage|p2a: Iron Valiant|65/100 tox|[from] item: Rocky Helmet|[of] p1a: Pecharunt
|-enditem|p1a: Pecharunt|Rocky Helmet|[from] move: Knock Off|[of] p2a: Iron Valiant
|move|p1a: Pecharunt|Foul Play|p2a: Iron Valiant
|-resisted|p2a: Iron Valiant
|-damage|p2a: Iron Valiant|57/100 tox
|
|-damage|p2a: Iron Valiant|38/100 tox|[from] psn
|upkeep
|turn|11
|
|t:|1769436550
|-end|p2a: Iron Valiant|Quark Drive|[silent]
|switch|p2a: Gholdengo|Gholdengo|78/100
|move|p1a: Pecharunt|Recover|p1a: Pecharunt
|-heal|p1a: Pecharunt|100/100
|
|upkeep
|turn|12
|
|t:|1769436557
|switch|p1a: Zamazenta|Zamazenta, shiny|100/100
|-ability|p1a: Zamazenta|Dauntless Shield|boost
|-boost|p1a: Zamazenta|def|1
|move|p2a: Gholdengo|Thunder Wave|p1a: Zamazenta
|-status|p1a: Zamazenta|par
|
|upkeep
|turn|13
|
|t:|1769436564
|move|p2a: Gholdengo|Hex|p1a: Zamazenta
|-damage|p1a: Zamazenta|72/100 par
|move|p1a: Zamazenta|Crunch|p2a: Gholdengo
|-supereffective|p2a: Gholdengo
|-damage|p2a: Gholdengo|48/100
|
|upkeep
|turn|14
|
|t:|1769436570
|move|p2a: Gholdengo|Recover|p2a: Gholdengo
|-heal|p2a: Gholdengo|98/100
|cant|p1a: Zamazenta|par
|
|upkeep
|turn|15
|
|t:|1769436574
|move|p2a: Gholdengo|Hex|p1a: Zamazenta
|-damage|p1a: Zamazenta|43/100 par
|move|p1a: Zamazenta|Crunch|p2a: Gholdengo
|-supereffective|p2a: Gholdengo
|-damage|p2a: Gholdengo|66/100
|
|upkeep
|turn|16
|
|t:|1769436578
|move|p2a: Gholdengo|Recover|p2a: Gholdengo
|-heal|p2a: Gholdengo|100/100
|move|p1a: Zamazenta|Crunch|p2a: Gholdengo
|-supereffective|p2a: Gholdengo
|-damage|p2a: Gholdengo|71/100
|
|upkeep
|turn|17
|
|t:|1769436580
|move|p2a: Gholdengo|Hex|p1a: Zamazenta
|-damage|p1a: Zamazenta|13/100 par
|move|p1a: Zamazenta|Crunch|p2a: Gholdengo
|-supereffective|p2a: Gholdengo
|-damage|p2a: Gholdengo|43/100
|
|upkeep
|turn|18
|
|t:|1769436583
|move|p2a: Gholdengo|Recover|p2a: Gholdengo
|-heal|p2a: Gholdengo|93/100
|cant|p1a: Zamazenta|par
|
|upkeep
|turn|19
|
|t:|1769436586
|move|p2a: Gholdengo|Hex|p1a: Zamazenta
|-damage|p1a: Zamazenta|0 fnt
|faint|p1a: Zamazenta
|
|upkeep
|
|t:|1769436594
|switch|p1a: Greninja|Greninja, M, shiny|75/100
|turn|20
|
|t:|1769436602
|-terastallize|p2a: Gholdengo|Fighting
|move|p1a: Greninja|Hydro Pump|p2a: Gholdengo|[miss]
|-start|p1a: Greninja|typechange|Water|[from] ability: Protean
|-miss|p1a: Greninja|p2a: Gholdengo
|move|p2a: Gholdengo|Thunder Wave|p1a: Greninja
|-status|p1a: Greninja|par
|
|upkeep
|turn|21
|
|t:|1769436610
|switch|p1a: Pecharunt|Pecharunt|100/100
|move|p2a: Gholdengo|Hex|p1a: Pecharunt
|-supereffective|p1a: Pecharunt
|-damage|p1a: Pecharunt|48/100
|
|upkeep
|turn|22
|
|t:|1769436614
|move|p2a: Gholdengo|Thunder Wave|p1a: Pecharunt
|-status|p1a: Pecharunt|par
|move|p1a: Pecharunt|Recover|p1a: Pecharunt
|-heal|p1a: Pecharunt|98/100 par
|
|upkeep
|turn|23
|
|t:|1769436618
|move|p2a: Gholdengo|Hex|p1a: Pecharunt
|-supereffective|p1a: Pecharunt
|-damage|p1a: Pecharunt|0 fnt
|faint|p1a: Pecharunt
|
|upkeep
|
|t:|1769436621
|switch|p1a: Greninja|Greninja, M, shiny|75/100 par
|turn|24
|
|t:|1769436625
|move|p1a: Greninja|Extrasensory|p2a: Gholdengo
|-start|p1a: Greninja|typechange|Psychic|[from] ability: Protean
|-supereffective|p2a: Gholdengo
|-damage|p2a: Gholdengo|22/100
|move|p2a: Gholdengo|Hex|p1a: Greninja
|-supereffective|p1a: Greninja
|-damage|p1a: Greninja|0 fnt
|faint|p1a: Greninja
|
|upkeep
|
|t:|1769436632
|switch|p1a: Dragapult|Dragapult, M|72/100
|turn|25
|
|t:|1769436636
|move|p1a: Dragapult|Dragon Darts|p2a: Gholdengo
|-damage|p2a: Gholdengo|0 fnt
|faint|p2a: Gholdengo
|
|upkeep
|
|t:|1769436647
|switch|p2a: Moltres|Moltres|69/100
|turn|26
|
|t:|1769436650
|move|p1a: Dragapult|Dragon Darts|p2a: Moltres
|-damage|p2a: Moltres|32/100
|-anim|p1a: Dragapult|Dragon Darts|p2a: Moltres
|-damage|p2a: Moltres|0 fnt
|faint|p2a: Moltres
|
|upkeep
|
|t:|1769436662
|switch|p2a: Darkrai|Darkrai|100/100
|-status|p2a: Darkrai|tox
|turn|27
|
|t:|1769436666
|switch|p1a: Clefable|Clefable, F|100/100
|move|p2a: Darkrai|Dark Pulse|p1a: Clefable
|-resisted|p1a: Clefable
|-damage|p1a: Clefable|75/100
|-damage|p2a: Darkrai|91/100 tox|[from] item: Life Orb
|
|-heal|p1a: Clefable|81/100|[from] item: Leftovers
|-damage|p2a: Darkrai|84/100 tox|[from] psn
|upkeep
|turn|28
|
|t:|1769436674
|switch|p2a: Garchomp|Garchomp, M|77/100
|-status|p2a: Garchomp|tox
|-terastallize|p1a: Clefable|Steel
|move|p1a: Clefable|Calm Mind|p1a: Clefable
|-boost|p1a: Clefable|spa|1
|-boost|p1a: Clefable|spd|1
|
|-heal|p1a: Clefable|87/100|[from] item: Leftovers
|-damage|p2a: Garchomp|71/100 tox|[from] psn
|upkeep
|turn|29
|
|t:|1769436678
|move|p2a: Garchomp|Earthquake|p1a: Clefable
|-supereffective|p1a: Clefable
|-damage|p1a: Clefable|23/100
|move|p1a: Clefable|Moonblast|p2a: Garchomp
|-supereffective|p2a: Garchomp
|-damage|p2a: Garchomp|0 fnt
|faint|p2a: Garchomp
|
|-heal|p1a: Clefable|29/100|[from] item: Leftovers
|upkeep
|
|t:|1769436682
|switch|p2a: Iron Valiant|Iron Valiant|38/100 tox
|turn|30
|
|t:|1769436686
|switch|p1a: Dragapult|Dragapult, M|72/100
|move|p2a: Iron Valiant|Close Combat|p1a: Dragapult
|-immune|p1a: Dragapult
|
|-damage|p2a: Iron Valiant|32/100 tox|[from] psn
|upkeep
|turn|31
|
|t:|1769436693
|move|p1a: Dragapult|U-turn|p2a: Iron Valiant
|-resisted|p2a: Iron Valiant
|-damage|p2a: Iron Valiant|20/100 tox
|
|t:|1769436696
|switch|p1a: Clefable|Clefable, F, tera:Steel|29/100|[from] U-turn
|move|p2a: Iron Valiant|Knock Off|p1a: Clefable
|-damage|p1a: Clefable|7/100
|-enditem|p1a: Clefable|Leftovers|[from] move: Knock Off|[of] p2a: Iron Valiant
|
|-damage|p2a: Iron Valiant|8/100 tox|[from] psn
|upkeep
|turn|32
|
|t:|1769436704
|move|p2a: Iron Valiant|Knock Off|p1a: Clefable
|-damage|p1a: Clefable|0 fnt
|faint|p1a: Clefable
|
|-damage|p2a: Iron Valiant|0 fnt|[from] psn
|faint|p2a: Iron Valiant
|-end|p2a: Iron Valiant|Quark Drive|[silent]
|upkeep
|
|t:|1769436710
|switch|p2a: Darkrai|Darkrai|84/100 tox
|switch|p1a: Dragapult|Dragapult, M|72/100
|turn|33
|
|t:|1769436714
|move|p1a: Dragapult|Dragon Darts|p2a: Darkrai
|-damage|p2a: Darkrai|31/100 tox
|-anim|p1a: Dragapult|Dragon Darts|p2a: Darkrai
|-damage|p2a: Darkrai|0 fnt
|faint|p2a: Darkrai
|
|upkeep
|
|t:|1769436717
|switch|p2a: Raging Bolt|Raging Bolt|93/100
|turn|34
|
|t:|1769436730
|move|p1a: Dragapult|Dragon Darts|p2a: Raging Bolt
|-supereffective|p2a: Raging Bolt
|-damage|p2a: Raging Bolt|24/100
|-anim|p1a: Dragapult|Dragon Darts|p2a: Raging Bolt
|-supereffective|p2a: Raging Bolt
|-damage|p2a: Raging Bolt|0 fnt
|faint|p2a: Raging Bolt
|-end|p2a: Raging Bolt|Protosynthesis|[silent]
|
|win|BrenBrenlol
|raw|BrenBrenlol's rating: 1233 &rarr; <strong>1260</strong><br />(+27 for winning)
|raw|Icemaster.2K's rating: 1257 &rarr; <strong>1230</strong><br />(-27 for losing)
|l|☆Icemaster.2K
|player|p2|
|l|☆BrenBrenlol
|player|p1|
