|j|☆Rblack_freeeza
|j|☆JJTEPIGBOSS
|t:|1769326850
|gametype|singles
|player|p1|Rblack_freeeza|wallace|1261
|player|p2|JJTEPIGBOSS|169|1258
|gen|9
|tier|[Gen 9] OU
|rated|
|rule|HP Percentage Mod: HP is shown in percentages
|rule|Endless Battle Clause: Forcing endless battles is banned
|rule|Species Clause: Limit one of each Pokémon
|rule|OHKO Clause: OHKO moves are banned
|rule|Evasion Items Clause: Evasion items are banned
|rule|Evasion Moves Clause: Evasion moves are banned
|rule|Evasion Abilities Clause: Evasion abilities are banned
|rule|Sleep Moves Clause: Sleep-inducing moves are banned
|clearpoke
|poke|p1|Weezing-Galar, M|
|poke|p1|Rillaboom, F|
|poke|p1|Great Tusk|
|poke|p1|Darkrai|
|poke|p1|Gholdengo|
|poke|p1|Landorus-Therian, M|
|poke|p2|Krookodile, F|
|poke|p2|Vileplume, F|
|poke|p2|Latios, M|
|poke|p2|Azumarill, M|
|poke|p2|Rotom-Heat|
|poke|p2|Kingambit, M|
|teampreview
|inactive|Battle timer is ON: inactive players will automatically lose when time's up. (requested by Rblack_freeeza)
|
|t:|1769326865
|teamsize|p1|6
|teamsize|p2|6
|start
|switch|p1a: Rillaboom|Rillaboom, F|100/100
|switch|p2a: Azumarill|Azumarill, M|100/100
|-fieldstart|move: Grassy Terrain|[from] ability: Grassy Surge|[of] p1a: Rillaboom
|turn|1
|
|t:|1769326891
|switch|p2a: Vileplume|Vileplume, F|100/100
|move|p1a: Rillaboom|U-turn|p2a: Vileplume
|-damage|p2a: Vileplume|77/100
|inactive|Rblack_freeeza has 120 seconds left.
|
|t:|1769326921
|switch|p1a: Great Tusk|Great Tusk|100/100|[from] U-turn
|-enditem|p1a: Great Tusk|Booster Energy
|-activate|p1a: Great Tusk|ability: Protosynthesis|[fromitem]
|-start|p1a: Great Tusk|protosynthesisatk
|
|-heal|p2a: Vileplume|84/100|[from] Grassy Terrain
|-heal|p2a: Vileplume|90/100|[from] item: Black Sludge
|upkeep
|turn|2
|
|t:|1769326930
|move|p1a: Great Tusk|Ice Spinner|p2a: Vileplume
|-supereffective|p2a: Vileplume
|-damage|p2a: Vileplume|17/100
|-fieldend|move: Grassy Terrain
|move|p2a: Vileplume|Giga Drain|p1a: Great Tusk
|-supereffective|p1a: Great Tusk
|-damage|p1a: Great Tusk|0 fnt
|-heal|p2a: Vileplume|74/100|[from] drain|[of] p1a: Great Tusk
|faint|p1a: Great Tusk
|-end|p1a: Great Tusk|Protosynthesis|[silent]
|
|-heal|p2a: Vileplume|80/100|[from] item: Black Sludge
|upkeep
|
|t:|1769326941
|switch|p1a: Gholdengo|Gholdengo|100/100
|-item|p1a: Gholdengo|Air Balloon
|turn|3
|
|t:|1769326947
|switch|p2a: Rotom|Rotom-Heat|100/100
|move|p1a: Gholdengo|Shadow Ball|p2a: Rotom
|-damage|p2a: Rotom|46/100
|
|upkeep
|turn|4
|
|t:|1769326966
|switch|p2a: Kingambit|Kingambit, M|100/100
|move|p1a: Gholdengo|Shadow Ball|p2a: Kingambit
|-resisted|p2a: Kingambit
|-damage|p2a: Kingambit|81/100
|
|upkeep
|turn|5
|
|t:|1769326976
|switch|p1a: Landorus|Landorus-Therian, M|100/100
|-ability|p1a: Landorus|Intimidate|boost
|-fail|p2a: Kingambit|unboost|[from] item: Clear Amulet|[of] p2a: Kingambit
|move|p2a: Kingambit|Taunt|p1a: Landorus
|-start|p1a: Landorus|move: Taunt
|
|upkeep
|turn|6
|
|t:|1769326997
|-end|p2a: Kingambit|fallenundefined|[silent]
|switch|p2a: Rotom|Rotom-Heat|46/100
|move|p1a: Landorus|Crunch|p2a: Rotom
|-damage|p2a: Rotom|0 fnt
|faint|p2a: Rotom
|
|upkeep
|
|t:|1769327004
|switch|p2a: Azumarill|Azumarill, M|100/100
|turn|7
|
|t:|1769327012
|switch|p1a: Rillaboom|Rillaboom, F|100/100
|-fieldstart|move: Grassy Terrain|[from] ability: Grassy Surge|[of] p1a: Rillaboom
|move|p2a: Azumarill|Ice Spinner|p1a: Rillaboom
|-supereffective|p1a: Rillaboom
|-damage|p1a: Rillaboom|17/100
|-fieldend|move: Grassy Terrain
|-damage|p2a: Azumarill|91/100|[from] item: Life Orb
|
|upkeep
|turn|8
|
|t:|1769327033
|switch|p2a: Vileplume|Vileplume, F|80/100
|move|p1a: Rillaboom|Wood Hammer|p2a: Vileplume
|-resisted|p2a: Vileplume
|-damage|p2a: Vileplume|65/100
|-damage|p1a: Rillaboom|12/100|[from] Recoil
|
|-heal|p2a: Vileplume|71/100|[from] item: Black Sludge
|upkeep
|turn|9
|
|t:|1769327044
|move|p1a: Rillaboom|U-turn|p2a: Vileplume
|-damage|p2a: Vileplume|46/100
|
|t:|1769327050
|switch|p1a: Gholdengo|Gholdengo|100/100|[from] U-turn
|-item|p1a: Gholdengo|Air Balloon
|move|p2a: Vileplume|Giga Drain|p1a: Gholdengo
|-resisted|p1a: Gholdengo
|-damage|p1a: Gholdengo|82/100
|-heal|p2a: Vileplume|55/100|[from] drain|[of] p1a: Gholdengo
|-enditem|p1a: Gholdengo|Air Balloon
|
|-heal|p2a: Vileplume|61/100|[from] item: Black Sludge
|upkeep
|turn|10
|
|t:|1769327065
|switch|p2a: Kingambit|Kingambit, M|81/100
|-activate|p2a: Kingambit|ability: Supreme Overlord
|-start|p2a: Kingambit|fallen1|[silent]
|move|p1a: Gholdengo|Shadow Ball|p2a: Kingambit
|-resisted|p2a: Kingambit
|-damage|p2a: Kingambit|60/100
|
|upkeep
|turn|11
|
|t:|1769327075
|-terastallize|p1a: Gholdengo|Steel
|move|p1a: Gholdengo|Nasty Plot|p1a: Gholdengo
|-boost|p1a: Gholdengo|spa|2
|move|p2a: Kingambit|Iron Head|p1a: Gholdengo
|-resisted|p1a: Gholdengo
|-damage|p1a: Gholdengo|53/100
|
|upkeep
|turn|12
|inactive|Rblack_freeeza has 120 seconds left.
|
|t:|1769327083
|move|p2a: Kingambit|Sucker Punch|p1a: Gholdengo
|-crit|p1a: Gholdengo
|-damage|p1a: Gholdengo|0 fnt
|faint|p1a: Gholdengo
|
|upkeep
|inactive|Rblack_freeeza has 120 seconds left.
|
|t:|1769327090
|switch|p1a: Landorus|Landorus-Therian, M|100/100
|-ability|p1a: Landorus|Intimidate|boost
|-fail|p2a: Kingambit|unboost|[from] item: Clear Amulet|[of] p2a: Kingambit
|turn|13
|
|t:|1769327117
|-end|p2a: Kingambit|fallen1|[silent]
|switch|p2a: Latios|Latios, M|100/100
|move|p1a: Landorus|Earthquake|p2a: Latios
|-immune|p2a: Latios|[from] ability: Levitate
|
|upkeep
|turn|14
|
|t:|1769327127
|switch|p1a: Rillaboom|Rillaboom, F|12/100
|-fieldstart|move: Grassy Terrain|[from] ability: Grassy Surge|[of] p1a: Rillaboom
|move|p2a: Latios|Draco Meteor|p1a: Rillaboom
|-damage|p1a: Rillaboom|0 fnt
|-unboost|p2a: Latios|spa|2
|faint|p1a: Rillaboom
|
|upkeep
|
|t:|1769327136
|switch|p1a: Darkrai|Darkrai|100/100
|turn|15
|
|t:|1769327141
|switch|p2a: Krookodile|Krookodile, F|100/100
|move|p1a: Darkrai|Dark Pulse|p2a: Krookodile
|-resisted|p2a: Krookodile
|-damage|p2a: Krookodile|65/100
|-damage|p1a: Darkrai|91/100|[from] item: Life Orb
|
|-heal|p2a: Krookodile|71/100|[from] Grassy Terrain
|-heal|p1a: Darkrai|97/100|[from] Grassy Terrain
|upkeep
|turn|16
|
|t:|1769327153
|switch|p1a: Weezing|Weezing-Galar, M|100/100
|-ability|p1a: Weezing|Neutralizing Gas
|move|p2a: Krookodile|Close Combat|p1a: Weezing
|-resisted|p1a: Weezing
|-damage|p1a: Weezing|92/100
|-unboost|p2a: Krookodile|def|1
|-unboost|p2a: Krookodile|spd|1
|
|-heal|p2a: Krookodile|77/100|[from] Grassy Terrain
|-heal|p1a: Weezing|98/100|[from] Grassy Terrain
|-heal|p1a: Weezing|100/100|[from] item: Leftovers
|upkeep
|turn|17
|
|t:|1769327171
|switch|p2a: Kingambit|Kingambit, M|60/100
|-end|p1a: Weezing|ability: Neutralizing Gas
|-activate|p2a: Kingambit|ability: Supreme Overlord
|-start|p2a: Kingambit|fallen1|[silent]
|switch|p1a: Landorus|Landorus-Therian, M|100/100
|-ability|p1a: Landorus|Intimidate|boost
|-fail|p2a: Kingambit|unboost|[from] item: Clear Amulet|[of] p2a: Kingambit
|
|-heal|p2a: Kingambit|67/100|[from] Grassy Terrain
|upkeep
|turn|18
|
|t:|1769327182
|move|p1a: Landorus|U-turn|p2a: Kingambit
|-damage|p2a: Kingambit|37/100
|
|t:|1769327186
|switch|p1a: Darkrai|Darkrai|97/100|[from] U-turn
|move|p2a: Kingambit|Iron Head|p1a: Darkrai
|-damage|p1a: Darkrai|29/100
|
|-heal|p1a: Darkrai|35/100|[from] Grassy Terrain
|-heal|p2a: Kingambit|43/100|[from] Grassy Terrain
|upkeep
|turn|19
|
|t:|1769327198
|move|p1a: Darkrai|Dark Pulse|p2a: Kingambit
|-resisted|p2a: Kingambit
|-damage|p2a: Kingambit|14/100
|-damage|p1a: Darkrai|25/100|[from] item: Life Orb
|move|p2a: Kingambit|Iron Head|p1a: Darkrai
|-damage|p1a: Darkrai|0 fnt
|faint|p1a: Darkrai
|
|-heal|p2a: Kingambit|21/100|[from] Grassy Terrain
|upkeep
|
|t:|1769327208
|switch|p1a: Landorus|Landorus-Therian, M|100/100
|-ability|p1a: Landorus|Intimidate|boost
|-fail|p2a: Kingambit|unboost|[from] item: Clear Amulet|[of] p2a: Kingambit
|turn|20
|
|t:|1769327213
|move|p2a: Kingambit|Sucker Punch|p1a: Landorus
|-crit|p1a: Landorus
|-damage|p1a: Landorus|21/100
|move|p1a: Landorus|U-turn|p2a: Kingambit
|-damage|p2a: Kingambit|0 fnt
|faint|p2a: Kingambit
|-end|p2a: Kingambit|fallen1|[silent]
|-message|Rblack_freeeza forfeited.
|
|win|JJTEPIGBOSS
|raw|Rblack_freeeza's rating: 1261 &rarr; <strong>1236</strong><br />(-25 for losing)
|raw|JJTEPIGBOSS's rating: 1258 &rarr; <strong>1283</strong><br />(+25 for winning)
|l|☆Rblack_freeeza
|player|p1|
|l|☆JJTEPIGBOSS
|player|p2|
