|j|☆MikeyMan2117
|j|☆nepheli.jpg
|t:|1769443901
|gametype|singles
|player|p1|MikeyMan2117|benga|1147
|player|p2|nepheli.jpg|cynthia-gen4|1195
|gen|9
|tier|[Gen 9] OU
|rated|
|rule|HP Percentage Mod: HP is shown in percentages
|rule|Endless Battle Clause: Forcing endless battles is banned
|rule|Species Clause: Limit one of each Pokémon
|rule|OHKO Clause: OHKO moves are banned
|rule|Evasion Items Clause: Evasion items are banned
|rule|Evasion Moves Clause: Evasion moves are banned
|rule|Evasion Abilities Clause: Evasion abilities are banned
|rule|Sleep Moves Clause: Sleep-inducing moves are banned
|clearpoke
|poke|p1|Skeledirge, M|
|poke|p1|Clodsire, F|
|poke|p1|Tinkaton, F|
|poke|p1|Kilowattrel, F|
|poke|p1|Dragonite, F|
|poke|p1|Gyarados, F|
|poke|p2|Toucannon, F|
|poke|p2|Dragonite, F|
|poke|p2|Zamazenta-*|
|poke|p2|Iron Treads|
|poke|p2|Zapdos|
|poke|p2|Primarina, F|
|teampreview
|inactive|Battle timer is ON: inactive players will automatically lose when time's up. (requested by MikeyMan2117)
|
|t:|1769443907
|teamsize|p1|6
|teamsize|p2|6
|start
|switch|p1a: Gyarados|Gyarados, F|100/100
|switch|p2a: Franky|Toucannon, F|100/100
|turn|1
|
|t:|1769443927
|move|p1a: Gyarados|Ice Fang|p2a: Franky
|-supereffective|p2a: Franky
|-damage|p2a: Franky|48/100
|move|p2a: Franky|Rock Blast|p1a: Gyarados
|-supereffective|p1a: Gyarados
|-damage|p1a: Gyarados|76/100
|-supereffective|p1a: Gyarados
|-damage|p1a: Gyarados|55/100
|-supereffective|p1a: Gyarados
|-damage|p1a: Gyarados|33/100
|-supereffective|p1a: Gyarados
|-damage|p1a: Gyarados|10/100
|-supereffective|p1a: Gyarados
|-damage|p1a: Gyarados|0 fnt
|faint|p1a: Gyarados
|-hitcount|p1: Gyarados|5
|
|upkeep
|
|t:|1769443935
|switch|p1a: Kilowattrel|Kilowattrel, F, shiny|100/100
|turn|2
|
|t:|1769443953
|move|p1a: Kilowattrel|Thunderbolt|p2a: Franky
|-supereffective|p2a: Franky
|-damage|p2a: Franky|0 fnt
|faint|p2a: Franky
|
|upkeep
|
|t:|1769443964
|switch|p2a: Shanks|Zamazenta|100/100
|-ability|p2a: Shanks|Dauntless Shield|boost
|-boost|p2a: Shanks|def|1
|turn|3
|
|t:|1769443969
|move|p2a: Shanks|Ice Fang|p1a: Kilowattrel|[miss]
|-miss|p2a: Shanks|p1a: Kilowattrel
|move|p1a: Kilowattrel|Air Slash|p2a: Shanks
|-supereffective|p2a: Shanks
|-damage|p2a: Shanks|28/100
|
|upkeep
|turn|4
|
|t:|1769443974
|move|p2a: Shanks|Ice Fang|p1a: Kilowattrel
|-supereffective|p1a: Kilowattrel
|-damage|p1a: Kilowattrel|0 fnt
|faint|p1a: Kilowattrel
|
|upkeep
|
|t:|1769443980
|switch|p1a: Tinkaton|Tinkaton, F|100/100
|-ability|p1a: Tinkaton|Mold Breaker
|turn|5
|
|t:|1769443991
|switch|p2a: Eustass Kid|Iron Treads|100/100
|-item|p2a: Eustass Kid|Air Balloon
|move|p1a: Tinkaton|Play Rough|p2a: Eustass Kid
|-resisted|p2a: Eustass Kid
|-damage|p2a: Eustass Kid|85/100
|-enditem|p2a: Eustass Kid|Air Balloon
|
|upkeep
|turn|6
|
|t:|1769444008
|switch|p1a: Dragonite|Dragonite, F|100/100
|move|p2a: Eustass Kid|Ice Spinner|p1a: Dragonite
|-supereffective|p1a: Dragonite
|-damage|p1a: Dragonite|59/100
|-damage|p2a: Eustass Kid|69/100|[from] item: Rocky Helmet|[of] p1a: Dragonite
|
|upkeep
|turn|7
|
|t:|1769444013
|move|p2a: Eustass Kid|Ice Spinner|p1a: Dragonite
|-supereffective|p1a: Dragonite
|-damage|p1a: Dragonite|0 fnt
|-damage|p2a: Eustass Kid|52/100|[from] item: Rocky Helmet|[of] p1a: Dragonite
|faint|p1a: Dragonite
|
|upkeep
|
|t:|1769444019
|switch|p1a: Skeledirge|Skeledirge, M|100/100
|turn|8
|
|t:|1769444032
|-terastallize|p1a: Skeledirge|Fairy
|move|p2a: Eustass Kid|Earthquake|p1a: Skeledirge
|-damage|p1a: Skeledirge|62/100
|move|p1a: Skeledirge|Torch Song|p2a: Eustass Kid
|-supereffective|p2a: Eustass Kid
|-damage|p2a: Eustass Kid|0 fnt
|-boost|p1a: Skeledirge|spa|1
|faint|p2a: Eustass Kid
|-end|p2a: Eustass Kid|Quark Drive|[silent]
|
|-heal|p1a: Skeledirge|68/100|[from] item: Leftovers
|upkeep
|inactive|nepheli.jpg has 120 seconds left.
|inactive|nepheli.jpg has 90 seconds left.
|
|t:|1769444096
|switch|p2a: Enel|Zapdos|100/100
|turn|9
|
|t:|1769444103
|move|p2a: Enel|Hurricane|p1a: Skeledirge
|-damage|p1a: Skeledirge|0 fnt
|faint|p1a: Skeledirge
|
|upkeep
|
|t:|1769444108
|switch|p1a: Tinkaton|Tinkaton, F|100/100
|-ability|p1a: Tinkaton|Mold Breaker
|turn|10
|
|t:|1769444120
|move|p2a: Enel|Hurricane|p1a: Tinkaton
|-resisted|p1a: Tinkaton
|-damage|p1a: Tinkaton|60/100
|move|p1a: Tinkaton|Swords Dance|p1a: Tinkaton
|-boost|p1a: Tinkaton|atk|2
|
|-heal|p1a: Tinkaton|66/100|[from] item: Leftovers
|upkeep
|turn|11
|
|t:|1769444126
|move|p2a: Enel|Hurricane|p1a: Tinkaton
|-resisted|p1a: Tinkaton
|-damage|p1a: Tinkaton|21/100
|-start|p1a: Tinkaton|confusion
|-activate|p1a: Tinkaton|confusion
|-damage|p1a: Tinkaton|0 fnt|[from] confusion
|faint|p1a: Tinkaton
|
|upkeep
|
|t:|1769444139
|switch|p1a: Clodsire|Clodsire, F|100/100
|turn|12
|inactive|nepheli.jpg has 120 seconds left.
|
|t:|1769444151
|move|p2a: Enel|Hurricane|p1a: Clodsire
|-damage|p1a: Clodsire|55/100
|-start|p1a: Clodsire|confusion
|-activate|p1a: Clodsire|confusion
|-damage|p1a: Clodsire|47/100|[from] confusion
|
|-heal|p1a: Clodsire|53/100|[from] item: Black Sludge
|upkeep
|turn|13
|
|t:|1769444157
|move|p2a: Enel|Hurricane|p1a: Clodsire
|-damage|p1a: Clodsire|5/100
|-end|p1a: Clodsire|confusion
|move|p1a: Clodsire|Recover|p1a: Clodsire
|-heal|p1a: Clodsire|55/100
|
|-heal|p1a: Clodsire|61/100|[from] item: Black Sludge
|upkeep
|turn|14
|
|t:|1769444163
|move|p2a: Enel|Hurricane|p1a: Clodsire
|-damage|p1a: Clodsire|20/100
|-start|p1a: Clodsire|confusion
|-activate|p1a: Clodsire|confusion
|-damage|p1a: Clodsire|11/100|[from] confusion
|
|-heal|p1a: Clodsire|18/100|[from] item: Black Sludge
|upkeep
|turn|15
|
|t:|1769444168
|move|p2a: Enel|Hurricane|p1a: Clodsire
|-damage|p1a: Clodsire|0 fnt
|faint|p1a: Clodsire
|
|win|nepheli.jpg
|raw|MikeyMan2117's rating: 1147 &rarr; <strong>1125</strong><br />(-22 for losing)
|raw|nepheli.jpg's rating: 1195 &rarr; <strong>1217</strong><br />(+22 for winning)
