|j|☆d00d guy
|j|☆simisearontop
|t:|1769312937
|gametype|singles
|player|p1|d00d guy|emmet|1393
|player|p2|simisearontop|bellelba|1314
|gen|9
|tier|[Gen 9] OU
|rated|
|rule|HP Percentage Mod: HP is shown in percentages
|rule|Endless Battle Clause: Forcing endless battles is banned
|rule|Species Clause: Limit one of each Pokémon
|rule|OHKO Clause: OHKO moves are banned
|rule|Evasion Items Clause: Evasion items are banned
|rule|Evasion Moves Clause: Evasion moves are banned
|rule|Evasion Abilities Clause: Evasion abilities are banned
|rule|Sleep Moves Clause: Sleep-inducing moves are banned
|clearpoke
|poke|p1|Tyranitar, M|
|poke|p1|Excadrill, M|
|poke|p1|Iron Valiant|
|poke|p1|Zapdos|
|poke|p1|Ogerpon, F|
|poke|p1|Toxapex, M|
|poke|p2|Torkoal, M|
|poke|p2|Leafeon, M|
|poke|p2|Walking Wake|
|poke|p2|Gliscor, F|
|poke|p2|Raging Bolt|
|poke|p2|Hoopa-Unbound|
|teampreview
|inactive|Battle timer is ON: inactive players will automatically lose when time's up. (requested by simisearontop)
|
|t:|1769312948
|teamsize|p1|6
|teamsize|p2|6
|start
|switch|p1a: Tyranitar|Tyranitar, M, shiny|100/100
|switch|p2a: choo choo|Torkoal, M|100/100
|-weather|Sandstorm|[from] ability: Sand Stream|[of] p1a: Tyranitar
|-weather|SunnyDay|[from] ability: Drought|[of] p2a: choo choo
|turn|1
|
|t:|1769312955
|move|p1a: Tyranitar|Stealth Rock|p2a: choo choo
|-sidestart|p2: simisearontop|move: Stealth Rock
|move|p2a: choo choo|Body Press|p1a: Tyranitar
|-supereffective|p1a: Tyranitar
|-damage|p1a: Tyranitar|9/100
|
|-weather|SunnyDay|[upkeep]
|upkeep
|turn|2
|
|t:|1769312964
|switch|p1a: Zapdos|Zapdos, shiny|100/100
|move|p2a: choo choo|Rapid Spin|p1a: Zapdos
|-damage|p1a: Zapdos|90/100
|-boost|p2a: choo choo|spe|1
|-sideend|p2: simisearontop|Stealth Rock|[from] move: Rapid Spin|[of] p2a: choo choo
|
|-weather|SunnyDay|[upkeep]
|upkeep
|turn|3
|
|t:|1769312969
|move|p1a: Zapdos|Hurricane|p2a: choo choo
|-damage|p2a: choo choo|24/100
|-start|p2a: choo choo|confusion
|-enditem|p2a: choo choo|Eject Button
|
|t:|1769312977
|switch|p2a: WaWa|Walking Wake|100/100
|-activate|p2a: WaWa|ability: Protosynthesis
|-start|p2a: WaWa|protosynthesisspe
|
|-weather|SunnyDay|[upkeep]
|upkeep
|turn|4
|
|t:|1769312985
|move|p2a: WaWa|Hydro Steam|p1a: Zapdos
|-damage|p1a: Zapdos|0 fnt
|faint|p1a: Zapdos
|
|-weather|SunnyDay|[upkeep]
|upkeep
|
|t:|1769312993
|switch|p1a: Tyranitar|Tyranitar, M, shiny|9/100
|-weather|Sandstorm|[from] ability: Sand Stream|[of] p1a: Tyranitar
|-end|p2a: WaWa|Protosynthesis
|turn|5
|
|t:|1769312997
|switch|p1a: Toxapex|Toxapex, M, shiny|100/100
|move|p2a: WaWa|Hydro Steam|p1a: Toxapex
|-resisted|p1a: Toxapex
|-damage|p1a: Toxapex|78/100
|-enditem|p1a: Toxapex|Eject Button
|
|t:|1769313007
|switch|p1a: Iron Valiant|Iron Valiant, shiny|100/100
|
|-weather|Sandstorm|[upkeep]
|-damage|p1a: Iron Valiant|94/100|[from] Sandstorm
|-damage|p2a: WaWa|94/100|[from] Sandstorm
|upkeep
|turn|6
|
|t:|1769313009
|-end|p2a: WaWa|Protosynthesis|[silent]
|switch|p2a: choo choo|Torkoal, M|24/100
|-weather|SunnyDay|[from] ability: Drought|[of] p2a: choo choo
|move|p1a: Iron Valiant|Moonblast|p2a: choo choo
|-resisted|p2a: choo choo
|-damage|p2a: choo choo|0 fnt
|faint|p2a: choo choo
|
|-weather|SunnyDay|[upkeep]
|upkeep
|
|t:|1769313019
|switch|p2a: im gonna touch you|Hoopa-Unbound|100/100
|turn|7
|
|t:|1769313041
|move|p2a: im gonna touch you|Zen Headbutt|p1a: Iron Valiant
|-supereffective|p1a: Iron Valiant
|-damage|p1a: Iron Valiant|0 fnt
|faint|p1a: Iron Valiant
|-end|p1a: Iron Valiant|Quark Drive|[silent]
|
|-weather|SunnyDay|[upkeep]
|upkeep
|
|t:|1769313051
|switch|p1a: Tyranitar|Tyranitar, M, shiny|9/100
|-weather|Sandstorm|[from] ability: Sand Stream|[of] p1a: Tyranitar
|turn|8
|
|t:|1769313055
|switch|p2a: Score!!!|Gliscor, F|100/100
|move|p1a: Tyranitar|Knock Off|p2a: Score!!!
|-damage|p2a: Score!!!|48/100
|-enditem|p2a: Score!!!|Toxic Orb|[from] move: Knock Off|[of] p1a: Tyranitar
|
|-weather|Sandstorm|[upkeep]
|upkeep
|turn|9
|
|t:|1769313062
|move|p2a: Score!!!|Earthquake|p1a: Tyranitar
|-supereffective|p1a: Tyranitar
|-damage|p1a: Tyranitar|0 fnt
|faint|p1a: Tyranitar
|
|-weather|Sandstorm|[upkeep]
|upkeep
|
|t:|1769313068
|switch|p1a: Ogerpon|Ogerpon, F|100/100
|turn|10
|
|t:|1769313071
|move|p1a: Ogerpon|U-turn|p2a: Score!!!
|-resisted|p2a: Score!!!
|-damage|p2a: Score!!!|31/100
|
|t:|1769313075
|switch|p1a: Toxapex|Toxapex, M, shiny|100/100|[from] U-turn
|move|p2a: Score!!!|U-turn|p1a: Toxapex
|-resisted|p1a: Toxapex
|-damage|p1a: Toxapex|94/100
|
|t:|1769313082
|switch|p2a: im gonna touch you|Hoopa-Unbound|100/100|[from] U-turn
|
|-weather|Sandstorm|[upkeep]
|-damage|p2a: im gonna touch you|95/100|[from] Sandstorm
|-damage|p1a: Toxapex|88/100|[from] Sandstorm
|upkeep
|turn|11
|
|t:|1769313094
|move|p2a: im gonna touch you|Hyperspace Fury|p1a: Toxapex
|-crit|p1a: Toxapex
|-damage|p1a: Toxapex|23/100
|-unboost|p2a: im gonna touch you|def|1
|move|p1a: Toxapex|Toxic Spikes|p2a: im gonna touch you
|-sidestart|p2: simisearontop|move: Toxic Spikes
|
|-weather|Sandstorm|[upkeep]
|-damage|p2a: im gonna touch you|89/100|[from] Sandstorm
|-damage|p1a: Toxapex|17/100|[from] Sandstorm
|upkeep
|turn|12
|
|t:|1769313101
|move|p2a: im gonna touch you|Hyperspace Fury|p1a: Toxapex
|-damage|p1a: Toxapex|0 fnt
|-unboost|p2a: im gonna touch you|def|1
|faint|p1a: Toxapex
|
|-weather|Sandstorm|[upkeep]
|-damage|p2a: im gonna touch you|83/100|[from] Sandstorm
|upkeep
|
|t:|1769313104
|switch|p1a: Excadrill|Excadrill, M, shiny|100/100
|turn|13
|
|t:|1769313109
|switch|p2a: Score!!!|Gliscor, F|31/100
|move|p1a: Excadrill|Rock Slide|p2a: Score!!!
|-damage|p2a: Score!!!|0 fnt
|faint|p2a: Score!!!
|
|-weather|Sandstorm|[upkeep]
|upkeep
|
|t:|1769313112
|switch|p2a: :3|Leafeon, M|100/100
|-status|p2a: :3|psn
|turn|14
|
|t:|1769313124
|switch|p1a: Ogerpon|Ogerpon, F|100/100
|move|p2a: :3|Protect||[still]
|-fail|p2a: :3
|
|-weather|Sandstorm|[upkeep]
|-damage|p1a: Ogerpon|95/100|[from] Sandstorm
|-damage|p2a: :3|94/100 psn|[from] Sandstorm
|-damage|p2a: :3|82/100 psn|[from] psn
|upkeep
|turn|15
|
|t:|1769313138
|move|p2a: :3|Protect|p2a: :3
|-singleturn|p2a: :3|Protect
|move|p1a: Ogerpon|U-turn|p2a: :3
|-activate|p2a: :3|move: Protect
|
|-weather|none
|-damage|p2a: :3|69/100 psn|[from] psn
|upkeep
|turn|16
|
|t:|1769313142
|move|p1a: Ogerpon|U-turn|p2a: :3
|-supereffective|p2a: :3
|-damage|p2a: :3|7/100 psn
|-enditem|p2a: :3|Sitrus Berry|[eat]
|-heal|p2a: :3|32/100 psn|[from] item: Sitrus Berry
|
|t:|1769313145
|switch|p1a: Excadrill|Excadrill, M, shiny|100/100|[from] U-turn
|move|p2a: :3|Knock Off|p1a: Excadrill
|-damage|p1a: Excadrill|60/100
|-enditem|p1a: Excadrill|Leftovers|[from] move: Knock Off|[of] p2a: :3
|
|-damage|p2a: :3|20/100 psn|[from] psn
|upkeep
|turn|17
|
|t:|1769313153
|move|p2a: :3|Synthesis|p2a: :3
|-heal|p2a: :3|70/100 psn
|move|p1a: Excadrill|Substitute|p1a: Excadrill
|-start|p1a: Excadrill|Substitute
|-damage|p1a: Excadrill|35/100
|
|-damage|p2a: :3|57/100 psn|[from] psn
|upkeep
|turn|18
|
|t:|1769313157
|move|p2a: :3|Solar Blade||[still]
|-prepare|p2a: :3|Solar Blade
|move|p1a: Excadrill|Rapid Spin|p2a: :3
|-damage|p2a: :3|38/100 psn
|-boost|p1a: Excadrill|spe|1
|
|-damage|p2a: :3|26/100 psn|[from] psn
|upkeep
|turn|19
|
|t:|1769313165
|move|p1a: Excadrill|Rock Slide|p2a: :3
|-damage|p2a: :3|0 fnt
|faint|p2a: :3
|
|upkeep
|
|t:|1769313173
|switch|p2a: tall girl 4|Raging Bolt|100/100
|-status|p2a: tall girl 4|psn
|turn|20
|
|t:|1769313177
|-terastallize|p2a: tall girl 4|Flying
|move|p1a: Excadrill|Earthquake|p2a: tall girl 4
|-immune|p2a: tall girl 4
|move|p2a: tall girl 4|Dragon Pulse|p1a: Excadrill
|-resisted|p1a: Excadrill
|-end|p1a: Excadrill|Substitute
|
|-damage|p2a: tall girl 4|88/100 psn|[from] psn
|upkeep
|turn|21
|
|t:|1769313183
|move|p1a: Excadrill|Rock Slide|p2a: tall girl 4
|-supereffective|p2a: tall girl 4
|-damage|p2a: tall girl 4|37/100 psn
|move|p2a: tall girl 4|Dragon Pulse|p1a: Excadrill
|-resisted|p1a: Excadrill
|-damage|p1a: Excadrill|0 fnt
|faint|p1a: Excadrill
|
|-heal|p2a: tall girl 4|43/100 psn|[from] item: Leftovers
|-damage|p2a: tall girl 4|31/100 psn|[from] psn
|upkeep
|
|t:|1769313188
|switch|p1a: Ogerpon|Ogerpon, F|95/100
|turn|22
|
|t:|1769313198
|-terastallize|p1a: Ogerpon|Grass
|detailschange|p1a: Ogerpon|Ogerpon-Teal-Tera, F, tera:Grass
|-ability|p1a: Ogerpon|Embody Aspect (Teal)|boost
|-boost|p1a: Ogerpon|spe|1
|move|p1a: Ogerpon|Ivy Cudgel|p2a: tall girl 4
|-resisted|p2a: tall girl 4
|-damage|p2a: tall girl 4|0 fnt
|faint|p2a: tall girl 4
|-end|p2a: tall girl 4|Protosynthesis|[silent]
|
|upkeep
|
|t:|1769313202
|switch|p2a: im gonna touch you|Hoopa-Unbound|83/100
|-status|p2a: im gonna touch you|psn
|turn|23
|
|t:|1769313205
|move|p1a: Ogerpon|Ivy Cudgel|p2a: im gonna touch you
|-damage|p2a: im gonna touch you|0 fnt
|faint|p2a: im gonna touch you
|
|upkeep
|
|t:|1769313207
|switch|p2a: WaWa|Walking Wake|94/100
|-status|p2a: WaWa|psn
|turn|24
|
|t:|1769313210
|move|p1a: Ogerpon|Ivy Cudgel|p2a: WaWa
|-damage|p2a: WaWa|0 fnt
|faint|p2a: WaWa
|-end|p2a: WaWa|Protosynthesis|[silent]
|
|win|d00d guy
|raw|d00d guy's rating: 1393 &rarr; <strong>1409</strong><br />(+16 for winning)
|raw|simisearontop's rating: 1314 &rarr; <strong>1298</strong><br />(-16 for losing)
