|j|☆methiant
|j|☆mingyao1
|t:|1769382985
|gametype|singles
|player|p1|methiant|102|1183
|player|p2|mingyao1|101|1212
|gen|9
|tier|[Gen 9] OU
|rated|
|rule|HP Percentage Mod: HP is shown in percentages
|rule|Endless Battle Clause: Forcing endless battles is banned
|rule|Species Clause: Limit one of each Pokémon
|rule|OHKO Clause: OHKO moves are banned
|rule|Evasion Items Clause: Evasion items are banned
|rule|Evasion Moves Clause: Evasion moves are banned
|rule|Evasion Abilities Clause: Evasion abilities are banned
|rule|Sleep Moves Clause: Sleep-inducing moves are banned
|clearpoke
|poke|p1|Tyranitar, F|
|poke|p1|Deoxys-Speed|
|poke|p1|Iron Valiant|
|poke|p1|Electrode|
|poke|p1|Greninja-*, M|
|poke|p1|Dragonite, F|
|poke|p2|Moltres|
|poke|p2|Chansey, F|
|poke|p2|Dragonite, M|
|poke|p2|Ninetales, F|
|poke|p2|Venusaur, M|
|poke|p2|Gengar, M|
|teampreview
|inactive|Battle timer is ON: inactive players will automatically lose when time's up. (requested by methiant)
|inactive|mingyao1 has 120 seconds left.
|inactive|mingyao1 has 90 seconds left.
|
|t:|1769383069
|teamsize|p1|6
|teamsize|p2|6
|start
|switch|p1a: Electrode|Electrode|100/100
|switch|p2a: Moltres|Moltres|100/100
|turn|1
|
|t:|1769383077
|move|p1a: Electrode|Explosion|p2a: Moltres
|-damage|p2a: Moltres|60/100
|faint|p1a: Electrode
|move|p2a: Moltres|Will-O-Wisp|p1: Electrode|[notarget]
|-fail|p2a: Moltres
|
|upkeep
|
|t:|1769383083
|switch|p1a: Deoxys|Deoxys-Speed|100/100
|-ability|p1a: Deoxys|Pressure
|turn|2
|
|t:|1769383087
|move|p1a: Deoxys|Meteor Beam||[still]
|-prepare|p1a: Deoxys|Meteor Beam
|-boost|p1a: Deoxys|spa|1
|-enditem|p1a: Deoxys|Power Herb
|-anim|p1a: Deoxys|Meteor Beam|p2a: Moltres
|-supereffective|p2a: Moltres
|-damage|p2a: Moltres|0 fnt
|faint|p2a: Moltres
|
|upkeep
|
|t:|1769383094
|switch|p2a: Chansey|Chansey, F|100/100
|turn|3
|
|t:|1769383108
|move|p1a: Deoxys|Nasty Plot|p1a: Deoxys
|-boost|p1a: Deoxys|spa|2
|move|p2a: Chansey|Stealth Rock|p1a: Deoxys
|-sidestart|p1: methiant|move: Stealth Rock
|
|upkeep
|turn|4
|
|t:|1769383114
|move|p1a: Deoxys|Nasty Plot|p1a: Deoxys
|-boost|p1a: Deoxys|spa|2
|move|p2a: Chansey|Seismic Toss|p1a: Deoxys
|-damage|p1a: Deoxys|59/100
|
|upkeep
|turn|5
|
|t:|1769383122
|move|p1a: Deoxys|Psycho Boost|p2a: Chansey
|-damage|p2a: Chansey|38/100
|-unboost|p1a: Deoxys|spa|2
|move|p2a: Chansey|Seismic Toss|p1a: Deoxys
|-damage|p1a: Deoxys|18/100
|
|upkeep
|turn|6
|
|t:|1769383131
|move|p1a: Deoxys|Psycho Boost|p2a: Chansey
|-damage|p2a: Chansey|0 fnt
|-unboost|p1a: Deoxys|spa|2
|faint|p2a: Chansey
|
|upkeep
|
|t:|1769383140
|switch|p2a: Dragonite|Dragonite, M, shiny|100/100
|turn|7
|
|t:|1769383143
|move|p2a: Dragonite|Extreme Speed|p1a: Deoxys
|-damage|p1a: Deoxys|0 fnt
|faint|p1a: Deoxys
|
|upkeep
|
|t:|1769383153
|switch|p1a: Greninja|Greninja, M|100/100
|-damage|p1a: Greninja|88/100|[from] Stealth Rock
|turn|8
|
|t:|1769383160
|switch|p2a: Ninetales|Ninetales, F, shiny|100/100
|-weather|SunnyDay|[from] ability: Drought|[of] p2a: Ninetales
|-terastallize|p1a: Greninja|Ice
|move|p1a: Greninja|Ice Beam|p2a: Ninetales
|-resisted|p2a: Ninetales
|-damage|p2a: Ninetales|72/100
|
|-weather|SunnyDay|[upkeep]
|upkeep
|turn|9
|
|t:|1769383173
|switch|p1a: Tyranitar|Tyranitar, F|100/100
|-damage|p1a: Tyranitar|88/100|[from] Stealth Rock
|-weather|Sandstorm|[from] ability: Sand Stream|[of] p1a: Tyranitar
|move|p2a: Ninetales|Weather Ball|p1a: Tyranitar
|-damage|p1a: Tyranitar|76/100
|
|-weather|Sandstorm|[upkeep]
|-damage|p2a: Ninetales|66/100|[from] Sandstorm
|upkeep
|turn|10
|
|t:|1769383183
|move|p1a: Tyranitar|Dragon Dance|p1a: Tyranitar
|-boost|p1a: Tyranitar|atk|1
|-boost|p1a: Tyranitar|spe|1
|move|p2a: Ninetales|Will-O-Wisp|p1a: Tyranitar
|-status|p1a: Tyranitar|brn
|
|-weather|Sandstorm|[upkeep]
|-damage|p2a: Ninetales|60/100|[from] Sandstorm
|-damage|p1a: Tyranitar|70/100 brn|[from] brn
|upkeep
|turn|11
|
|t:|1769383199
|switch|p2a: Dragonite|Dragonite, M, shiny|100/100
|move|p1a: Tyranitar|Earthquake|p2a: Dragonite
|-immune|p2a: Dragonite
|
|-weather|Sandstorm|[upkeep]
|-damage|p2a: Dragonite|94/100|[from] Sandstorm
|-damage|p1a: Tyranitar|64/100 brn|[from] brn
|upkeep
|turn|12
|
|t:|1769383209
|move|p1a: Tyranitar|Stone Edge|p2a: Dragonite
|-supereffective|p2a: Dragonite
|-damage|p2a: Dragonite|0 fnt
|faint|p2a: Dragonite
|-damage|p1a: Tyranitar|54/100 brn|[from] item: Life Orb
|
|-weather|Sandstorm|[upkeep]
|-damage|p1a: Tyranitar|48/100 brn|[from] brn
|upkeep
|
|t:|1769383215
|switch|p2a: Ninetales|Ninetales, F, shiny|60/100
|-weather|SunnyDay|[from] ability: Drought|[of] p2a: Ninetales
|turn|13
|
|t:|1769383222
|move|p1a: Tyranitar|Earthquake|p2a: Ninetales
|-supereffective|p2a: Ninetales
|-damage|p2a: Ninetales|6/100
|-damage|p1a: Tyranitar|38/100 brn|[from] item: Life Orb
|move|p2a: Ninetales|Scorching Sands|p1a: Tyranitar
|-supereffective|p1a: Tyranitar
|-damage|p1a: Tyranitar|10/100 brn
|
|-weather|SunnyDay|[upkeep]
|-damage|p1a: Tyranitar|4/100 brn|[from] brn
|upkeep
|turn|14
|
|t:|1769383234
|move|p1a: Tyranitar|Earthquake|p2a: Ninetales
|-supereffective|p2a: Ninetales
|-damage|p2a: Ninetales|0 fnt
|faint|p2a: Ninetales
|-damage|p1a: Tyranitar|0 fnt|[from] item: Life Orb
|faint|p1a: Tyranitar
|
|-weather|SunnyDay|[upkeep]
|upkeep
|
|t:|1769383243
|switch|p1a: Iron Valiant|Iron Valiant|100/100
|switch|p2a: Venusaur|Venusaur, M, shiny|100/100
|-damage|p1a: Iron Valiant|94/100|[from] Stealth Rock
|turn|15
|
|t:|1769383253
|move|p2a: Venusaur|Growth|p2a: Venusaur
|-boost|p2a: Venusaur|atk|2
|-boost|p2a: Venusaur|spa|2
|move|p1a: Iron Valiant|Psycho Cut|p2a: Venusaur
|-supereffective|p2a: Venusaur
|-damage|p2a: Venusaur|3/100
|
|-weather|SunnyDay|[upkeep]
|upkeep
|turn|16
|
|t:|1769383270
|move|p2a: Venusaur|Weather Ball|p1a: Iron Valiant
|-crit|p1a: Iron Valiant
|-damage|p1a: Iron Valiant|0 fnt
|faint|p1a: Iron Valiant
|-end|p1a: Iron Valiant|Quark Drive|[silent]
|-damage|p2a: Venusaur|0 fnt|[from] item: Life Orb
|faint|p2a: Venusaur
|
|-weather|SunnyDay|[upkeep]
|upkeep
|
|t:|1769383276
|switch|p1a: Greninja|Greninja, M, tera:Ice|88/100
|switch|p2a: Gengar|Gengar, M|100/100
|-damage|p1a: Greninja|63/100|[from] Stealth Rock
|turn|17
|
|t:|1769383285
|-terastallize|p2a: Gengar|Ghost
|move|p2a: Gengar|Shadow Ball|p1a: Greninja
|-damage|p1a: Greninja|0 fnt
|faint|p1a: Greninja
|
|-weather|SunnyDay|[upkeep]
|upkeep
|
|t:|1769383290
|switch|p1a: Dragonite|Dragonite, F|100/100
|-damage|p1a: Dragonite|76/100|[from] Stealth Rock
|turn|18
|
|t:|1769383297
|move|p2a: Gengar|Shadow Ball|p1a: Dragonite
|-damage|p1a: Dragonite|18/100
|move|p1a: Dragonite|Earthquake|p2a: Gengar
|-crit|p2a: Gengar
|-damage|p2a: Gengar|0 fnt
|faint|p2a: Gengar
|
|win|methiant
|raw|methiant's rating: 1183 &rarr; <strong>1210</strong><br />(+27 for winning)
|raw|mingyao1's rating: 1212 &rarr; <strong>1185</strong><br />(-27 for losing)
|l|☆methiant
|player|p1|
|l|☆mingyao1
|player|p2|
