|j|☆AteefIsThug
|j|☆1337muffin1337
|t:|1769321942
|gametype|singles
|player|p1|AteefIsThug|ingo|1141
|player|p2|1337muffin1337|rocketgruntf|1154
|gen|9
|tier|[Gen 9] OU
|rated|
|rule|HP Percentage Mod: HP is shown in percentages
|rule|Endless Battle Clause: Forcing endless battles is banned
|rule|Species Clause: Limit one of each Pokémon
|rule|OHKO Clause: OHKO moves are banned
|rule|Evasion Items Clause: Evasion items are banned
|rule|Evasion Moves Clause: Evasion moves are banned
|rule|Evasion Abilities Clause: Evasion abilities are banned
|rule|Sleep Moves Clause: Sleep-inducing moves are banned
|clearpoke
|poke|p1|Cloyster, M|
|poke|p1|Garganacl, F|
|poke|p1|Dondozo, M|
|poke|p1|Dragonite, M|
|poke|p1|Pecharunt|
|poke|p1|Iron Moth|
|poke|p2|Delphox, F|
|poke|p2|Venusaur, F|
|poke|p2|Blastoise, M|
|poke|p2|Darkrai|
|poke|p2|Iron Treads|
|poke|p2|Conkeldurr, M|
|teampreview
|inactive|Battle timer is ON: inactive players will automatically lose when time's up. (requested by AteefIsThug)
|
|t:|1769321946
|teamsize|p1|6
|teamsize|p2|6
|start
|switch|p1a: Garganacl|Garganacl, F|100/100
|switch|p2a: Darkrai|Darkrai|100/100
|turn|1
|
|t:|1769321951
|move|p2a: Darkrai|Nasty Plot|p2a: Darkrai
|-boost|p2a: Darkrai|spa|2
|move|p1a: Garganacl|Salt Cure|p2a: Darkrai
|-damage|p2a: Darkrai|80/100
|-start|p2a: Darkrai|Salt Cure
|
|-damage|p2a: Darkrai|68/100|[from] Salt Cure
|upkeep
|turn|2
|
|t:|1769321960
|move|p2a: Darkrai|Dark Pulse|p1a: Garganacl
|-damage|p1a: Garganacl|42/100
|cant|p1a: Garganacl|flinch
|
|-heal|p1a: Garganacl|48/100|[from] item: Leftovers
|-damage|p2a: Darkrai|55/100|[from] Salt Cure
|upkeep
|turn|3
|
|t:|1769321967
|move|p2a: Darkrai|Dark Pulse|p1a: Garganacl
|-damage|p1a: Garganacl|0 fnt
|faint|p1a: Garganacl
|
|-damage|p2a: Darkrai|43/100|[from] Salt Cure
|upkeep
|
|t:|1769321972
|switch|p1a: Pecharunt|Pecharunt|100/100
|turn|4
|
|t:|1769321979
|move|p1a: Pecharunt|Protect|p1a: Pecharunt
|-singleturn|p1a: Pecharunt|Protect
|move|p2a: Darkrai|Dark Pulse|p1a: Pecharunt
|-activate|p1a: Pecharunt|move: Protect
|
|-damage|p2a: Darkrai|31/100|[from] Salt Cure
|upkeep
|turn|5
|
|t:|1769321990
|-terastallize|p1a: Pecharunt|Dark
|move|p2a: Darkrai|Dark Pulse|p1a: Pecharunt
|-resisted|p1a: Pecharunt
|-damage|p1a: Pecharunt|61/100
|cant|p1a: Pecharunt|flinch
|
|-damage|p2a: Darkrai|18/100|[from] Salt Cure
|upkeep
|turn|6
|
|t:|1769322001
|move|p1a: Pecharunt|Protect|p1a: Pecharunt
|-singleturn|p1a: Pecharunt|Protect
|move|p2a: Darkrai|Sludge Bomb|p1a: Pecharunt
|-activate|p1a: Pecharunt|move: Protect
|
|-damage|p2a: Darkrai|6/100|[from] Salt Cure
|upkeep
|turn|7
|
|t:|1769322007
|move|p2a: Darkrai|Sludge Bomb|p1a: Pecharunt
|-damage|p1a: Pecharunt|2/100
|move|p1a: Pecharunt|Recover|p1a: Pecharunt
|-heal|p1a: Pecharunt|52/100
|
|-damage|p2a: Darkrai|0 fnt|[from] Salt Cure
|faint|p2a: Darkrai
|upkeep
|
|t:|1769322014
|switch|p2a: Conkeldurr|Conkeldurr, M|100/100
|turn|8
|
|t:|1769322019
|move|p1a: Pecharunt|Malignant Chain|p2a: Conkeldurr
|-damage|p2a: Conkeldurr|51/100
|-status|p2a: Conkeldurr|tox
|-start|p2a: Conkeldurr|confusion|[from] ability: Poison Puppeteer|[of] p1a: Pecharunt
|-activate|p2a: Conkeldurr|confusion
|-damage|p2a: Conkeldurr|37/100 tox|[from] confusion
|
|-damage|p2a: Conkeldurr|31/100 tox|[from] psn
|upkeep
|turn|9
|
|t:|1769322028
|move|p1a: Pecharunt|Protect|p1a: Pecharunt
|-singleturn|p1a: Pecharunt|Protect
|-end|p2a: Conkeldurr|confusion
|move|p2a: Conkeldurr|Mach Punch|p1a: Pecharunt
|-activate|p1a: Pecharunt|move: Protect
|
|-damage|p2a: Conkeldurr|19/100 tox|[from] psn
|upkeep
|turn|10
|
|t:|1769322037
|move|p2a: Conkeldurr|Mach Punch|p1a: Pecharunt
|-supereffective|p1a: Pecharunt
|-damage|p1a: Pecharunt|16/100
|move|p1a: Pecharunt|Recover|p1a: Pecharunt
|-heal|p1a: Pecharunt|66/100
|
|-damage|p2a: Conkeldurr|0 fnt|[from] psn
|faint|p2a: Conkeldurr
|upkeep
|
|t:|1769322053
|switch|p2a: Venusaur|Venusaur, F, shiny|100/100
|turn|11
|c|☆AteefIsThug|!weak venasaur
No Pokémon or type named 'venasaur' was found. Searching for 'Venusaur' instead.
|c| AteefIsThug|/raw <div class="infobox">Venusaur (ignoring abilities):<br /><span class="message-effect-weak">Weaknesses</span>: Fire, Flying, Ice, Psychic<br /><span class="message-effect-resist">Resistances</span>: Electric, Fairy, Fighting, <b>Grass</b>, Water<br /><span class="message-effect-immune">Immunities</span>: Powder moves, Toxic</div>
|
|t:|1769322078
|move|p2a: Venusaur|Toxic|p1a: Pecharunt
|-status|p1a: Pecharunt|tox
|move|p1a: Pecharunt|Malignant Chain|p2a: Venusaur
|-damage|p2a: Venusaur|58/100
|
|-heal|p2a: Venusaur|64/100|[from] item: Leftovers
|-damage|p1a: Pecharunt|60/100 tox|[from] psn
|upkeep
|turn|12
|
|t:|1769322087
|move|p2a: Venusaur|Giga Drain|p1a: Pecharunt
|-crit|p1a: Pecharunt
|-damage|p1a: Pecharunt|18/100 tox
|-heal|p2a: Venusaur|88/100|[from] drain|[of] p1a: Pecharunt
|move|p1a: Pecharunt|Shadow Ball|p2a: Venusaur
|-damage|p2a: Venusaur|54/100
|
|-heal|p2a: Venusaur|60/100|[from] item: Leftovers
|-damage|p1a: Pecharunt|6/100 tox|[from] psn
|upkeep
|turn|13
|
|t:|1769322097
|move|p2a: Venusaur|Giga Drain|p1a: Pecharunt
|-damage|p1a: Pecharunt|0 fnt
|-heal|p2a: Venusaur|64/100|[from] drain|[of] p1a: Pecharunt
|faint|p1a: Pecharunt
|
|-heal|p2a: Venusaur|70/100|[from] item: Leftovers
|upkeep
|
|t:|1769322100
|switch|p1a: Iron Moth|Iron Moth, shiny|100/100
|-enditem|p1a: Iron Moth|Booster Energy
|-activate|p1a: Iron Moth|ability: Quark Drive|[fromitem]
|-start|p1a: Iron Moth|quarkdrivespa
|turn|14
|
|t:|1769322124
|-terastallize|p2a: Venusaur|Ground
|move|p1a: Iron Moth|Fiery Dance|p2a: Venusaur
|-damage|p2a: Venusaur|13/100
|-boost|p1a: Iron Moth|spa|1
|move|p2a: Venusaur|Giga Drain|p1a: Iron Moth
|-resisted|p1a: Iron Moth
|-damage|p1a: Iron Moth|93/100
|-heal|p2a: Venusaur|17/100|[from] drain|[of] p1a: Iron Moth
|
|-heal|p2a: Venusaur|23/100|[from] item: Leftovers
|upkeep
|turn|15
|
|t:|1769322136
|move|p1a: Iron Moth|Fiery Dance|p2a: Venusaur
|-damage|p2a: Venusaur|0 fnt
|faint|p2a: Venusaur
|
|upkeep
|
|t:|1769322141
|switch|p2a: Blastoise|Blastoise, M|100/100
|turn|16
|
|t:|1769322145
|move|p1a: Iron Moth|Sludge Wave|p2a: Blastoise
|-damage|p2a: Blastoise|10/100
|move|p2a: Blastoise|Shell Smash|p2a: Blastoise
|-unboost|p2a: Blastoise|def|1
|-unboost|p2a: Blastoise|spd|1
|-boost|p2a: Blastoise|atk|2
|-boost|p2a: Blastoise|spa|2
|-boost|p2a: Blastoise|spe|2
|
|upkeep
|turn|17
|
|t:|1769322162
|move|p2a: Blastoise|Earthquake|p1a: Iron Moth
|-supereffective|p1a: Iron Moth
|-damage|p1a: Iron Moth|0 fnt
|faint|p1a: Iron Moth
|-end|p1a: Iron Moth|Quark Drive|[silent]
|
|upkeep
|
|t:|1769322171
|switch|p1a: Dragonite|Dragonite, M|100/100
|turn|18
|
|t:|1769322174
|move|p2a: Blastoise|Ice Beam|p1a: Dragonite
|-supereffective|p1a: Dragonite
|-damage|p1a: Dragonite|0 fnt
|faint|p1a: Dragonite
|
|upkeep
|
|t:|1769322178
|switch|p1a: Dondozo|Dondozo, M, shiny|100/100
|turn|19
|
|t:|1769322186
|move|p2a: Blastoise|Ice Beam|p1a: Dondozo
|-resisted|p1a: Dondozo
|-damage|p1a: Dondozo|88/100
|move|p1a: Dondozo|Curse|p1a: Dondozo
|-unboost|p1a: Dondozo|spe|1
|-boost|p1a: Dondozo|atk|1
|-boost|p1a: Dondozo|def|1
|
|-heal|p1a: Dondozo|94/100|[from] item: Leftovers
|upkeep
|turn|20
|
|t:|1769322194
|move|p2a: Blastoise|Ice Beam|p1a: Dondozo
|-resisted|p1a: Dondozo
|-damage|p1a: Dondozo|81/100
|move|p1a: Dondozo|Curse|p1a: Dondozo
|-unboost|p1a: Dondozo|spe|1
|-boost|p1a: Dondozo|atk|1
|-boost|p1a: Dondozo|def|1
|
|-heal|p1a: Dondozo|88/100|[from] item: Leftovers
|upkeep
|turn|21
|
|t:|1769322203
|move|p2a: Blastoise|Ice Beam|p1a: Dondozo
|-resisted|p1a: Dondozo
|-damage|p1a: Dondozo|75/100
|move|p1a: Dondozo|Curse|p1a: Dondozo
|-unboost|p1a: Dondozo|spe|1
|-boost|p1a: Dondozo|atk|1
|-boost|p1a: Dondozo|def|1
|
|-heal|p1a: Dondozo|81/100|[from] item: Leftovers
|upkeep
|turn|22
|
|t:|1769322211
|move|p2a: Blastoise|Ice Beam|p1a: Dondozo
|-resisted|p1a: Dondozo
|-damage|p1a: Dondozo|68/100
|-status|p1a: Dondozo|frz
|-curestatus|p1a: Dondozo|frz|[msg]
|move|p1a: Dondozo|Curse|p1a: Dondozo
|-unboost|p1a: Dondozo|spe|1
|-boost|p1a: Dondozo|atk|1
|-boost|p1a: Dondozo|def|1
|
|-heal|p1a: Dondozo|74/100|[from] item: Leftovers
|upkeep
|turn|23
|
|t:|1769322222
|move|p2a: Blastoise|Ice Beam|p1a: Dondozo
|-resisted|p1a: Dondozo
|-damage|p1a: Dondozo|62/100
|move|p1a: Dondozo|Curse|p1a: Dondozo
|-unboost|p1a: Dondozo|spe|1
|-boost|p1a: Dondozo|atk|1
|-boost|p1a: Dondozo|def|1
|
|-heal|p1a: Dondozo|68/100|[from] item: Leftovers
|upkeep
|turn|24
|
|t:|1769322230
|move|p2a: Blastoise|Ice Beam|p1a: Dondozo
|-resisted|p1a: Dondozo
|-damage|p1a: Dondozo|56/100
|move|p1a: Dondozo|Curse|p1a: Dondozo
|-unboost|p1a: Dondozo|spe|1
|-boost|p1a: Dondozo|atk|1
|-boost|p1a: Dondozo|def|1
|
|-heal|p1a: Dondozo|62/100|[from] item: Leftovers
|upkeep
|turn|25
|
|t:|1769322239
|move|p2a: Blastoise|Ice Beam|p1a: Dondozo
|-resisted|p1a: Dondozo
|-crit|p1a: Dondozo
|-damage|p1a: Dondozo|44/100
|move|p1a: Dondozo|Body Press|p2a: Blastoise
|-damage|p2a: Blastoise|0 fnt
|faint|p2a: Blastoise
|
|-heal|p1a: Dondozo|50/100|[from] item: Leftovers
|upkeep
|
|t:|1769322247
|switch|p2a: Iron Treads|Iron Treads|100/100
|-enditem|p2a: Iron Treads|Booster Energy
|-activate|p2a: Iron Treads|ability: Quark Drive|[fromitem]
|-start|p2a: Iron Treads|quarkdrivespe
|turn|26
|
|t:|1769322252
|move|p2a: Iron Treads|Supercell Slam|p1a: Dondozo
|-supereffective|p1a: Dondozo
|-damage|p1a: Dondozo|43/100
|move|p1a: Dondozo|Body Press|p2a: Iron Treads
|-supereffective|p2a: Iron Treads
|-damage|p2a: Iron Treads|0 fnt
|faint|p2a: Iron Treads
|-end|p2a: Iron Treads|Quark Drive|[silent]
|
|-heal|p1a: Dondozo|49/100|[from] item: Leftovers
|upkeep
|
|t:|1769322260
|switch|p2a: Delphox|Delphox, F|100/100
|turn|27
|
|t:|1769322267
|move|p2a: Delphox|Psychic|p1a: Dondozo
|-damage|p1a: Dondozo|5/100
|-unboost|p1a: Dondozo|spd|1
|move|p1a: Dondozo|Body Press|p2a: Delphox
|-resisted|p2a: Delphox
|-damage|p2a: Delphox|36/100
|
|-heal|p1a: Dondozo|11/100|[from] item: Leftovers
|upkeep
|turn|28
|
|t:|1769322275
|move|p2a: Delphox|Psychic|p1a: Dondozo
|-damage|p1a: Dondozo|0 fnt
|faint|p1a: Dondozo
|
|upkeep
|
|t:|1769322278
|switch|p1a: Cloyster|Cloyster, M|100/100
|turn|29
|
|t:|1769322284
|move|p2a: Delphox|Fire Blast|p1a: Cloyster
|-damage|p1a: Cloyster|0 fnt
|faint|p1a: Cloyster
|
|win|1337muffin1337
|raw|AteefIsThug's rating: 1141 &rarr; <strong>1117</strong><br />(-24 for losing)
|raw|1337muffin1337's rating: 1154 &rarr; <strong>1178</strong><br />(+24 for winning)
|l|☆AteefIsThug
|player|p1|
|l|☆1337muffin1337
|player|p2|
