|j|☆audb
|j|☆pokemon hot guy 97
|t:|1769330553
|gametype|singles
|player|p1|audb|lass-gen4dp|1112
|player|p2|pokemon hot guy 97|cynthia-gen4|1068
|gen|9
|tier|[Gen 9] OU
|rated|
|rule|HP Percentage Mod: HP is shown in percentages
|rule|Endless Battle Clause: Forcing endless battles is banned
|rule|Species Clause: Limit one of each Pokémon
|rule|OHKO Clause: OHKO moves are banned
|rule|Evasion Items Clause: Evasion items are banned
|rule|Evasion Moves Clause: Evasion moves are banned
|rule|Evasion Abilities Clause: Evasion abilities are banned
|rule|Sleep Moves Clause: Sleep-inducing moves are banned
|clearpoke
|poke|p1|Thundurus-Therian, M|
|poke|p1|Meowscarada, F|
|poke|p1|Hatterene, F|
|poke|p1|Great Tusk|
|poke|p1|Toxapex, F|
|poke|p1|Slither Wing|
|poke|p2|Zapdos|
|poke|p2|Garganacl, F|
|poke|p2|Gliscor, M|
|poke|p2|Rotom-Frost|
|poke|p2|Ogerpon-Wellspring, F|
|poke|p2|Iron Valiant|
|teampreview
|inactive|Battle timer is ON: inactive players will automatically lose when time's up. (requested by pokemon hot guy 97)
|
|t:|1769330604
|teamsize|p1|6
|teamsize|p2|6
|start
|switch|p1a: Meowscarada|Meowscarada, F|100/100
|switch|p2a: Gliscor|Gliscor, M, shiny|100/100
|turn|1
|
|t:|1769330611
|move|p1a: Meowscarada|Triple Axel|p2a: Gliscor
|-start|p1a: Meowscarada|typechange|Ice|[from] ability: Protean
|-supereffective|p2a: Gliscor
|-damage|p2a: Gliscor|58/100
|-supereffective|p2a: Gliscor
|-crit|p2a: Gliscor
|-damage|p2a: Gliscor|0 fnt
|faint|p2a: Gliscor
|-hitcount|p2: Gliscor|2
|
|upkeep
|
|t:|1769330628
|switch|p2a: Rotom|Rotom-Frost|100/100
|turn|2
|
|t:|1769330648
|switch|p1a: Hatterene|Hatterene, F|100/100
|move|p2a: Rotom|Will-O-Wisp|p1a: Hatterene
|move|p1a: Hatterene|Will-O-Wisp|p2a: Rotom|[from] ability: Magic Bounce
|-status|p2a: Rotom|brn
|
|-damage|p2a: Rotom|94/100 brn|[from] brn
|upkeep
|turn|3
|
|t:|1769330663
|move|p2a: Rotom|Volt Switch|p1a: Hatterene
|-damage|p1a: Hatterene|74/100
|
|t:|1769330667
|switch|p2a: Iron Valiant|Iron Valiant|100/100|[from] Volt Switch
|-enditem|p2a: Iron Valiant|Booster Energy
|-activate|p2a: Iron Valiant|ability: Quark Drive|[fromitem]
|-start|p2a: Iron Valiant|quarkdrivespe
|move|p1a: Hatterene|Calm Mind|p1a: Hatterene
|-boost|p1a: Hatterene|spa|1
|-boost|p1a: Hatterene|spd|1
|
|-heal|p1a: Hatterene|80/100|[from] item: Leftovers
|upkeep
|turn|4
|
|t:|1769330677
|-terastallize|p2a: Iron Valiant|Fairy
|move|p2a: Iron Valiant|Moonblast|p1a: Hatterene
|-damage|p1a: Hatterene|47/100
|move|p1a: Hatterene|Calm Mind|p1a: Hatterene
|-boost|p1a: Hatterene|spa|1
|-boost|p1a: Hatterene|spd|1
|
|-heal|p1a: Hatterene|53/100|[from] item: Leftovers
|upkeep
|turn|5
|
|t:|1769330687
|move|p2a: Iron Valiant|Moonblast|p1a: Hatterene
|-damage|p1a: Hatterene|27/100
|-unboost|p1a: Hatterene|spa|1
|move|p1a: Hatterene|Calm Mind|p1a: Hatterene
|-boost|p1a: Hatterene|spa|1
|-boost|p1a: Hatterene|spd|1
|
|-heal|p1a: Hatterene|33/100|[from] item: Leftovers
|upkeep
|turn|6
|
|t:|1769330696
|move|p2a: Iron Valiant|Dazzling Gleam|p1a: Hatterene
|-damage|p1a: Hatterene|15/100
|move|p1a: Hatterene|Draining Kiss|p2a: Iron Valiant
|-damage|p2a: Iron Valiant|9/100
|-heal|p1a: Hatterene|77/100|[from] drain|[of] p2a: Iron Valiant
|
|-heal|p1a: Hatterene|83/100|[from] item: Leftovers
|upkeep
|turn|7
|
|t:|1769330710
|move|p2a: Iron Valiant|Drain Punch|p1a: Hatterene
|-resisted|p1a: Hatterene
|-damage|p1a: Hatterene|74/100
|-heal|p2a: Iron Valiant|14/100|[from] drain|[of] p1a: Hatterene
|move|p1a: Hatterene|Calm Mind|p1a: Hatterene
|-boost|p1a: Hatterene|spa|1
|-boost|p1a: Hatterene|spd|1
|
|-heal|p1a: Hatterene|80/100|[from] item: Leftovers
|upkeep
|turn|8
|-message|pokemon hot guy 97 forfeited.
|
|win|audb
|raw|audb's rating: 1112 &rarr; <strong>1134</strong><br />(+22 for winning)
|raw|pokemon hot guy 97's rating: 1068 &rarr; <strong>1050</strong><br />(-18 for losing)
|l|☆pokemon hot guy 97
|player|p2|
