|j|☆aizzer
|j|☆Scayle
|t:|1769295640
|gametype|singles
|player|p1|aizzer|giovanni|1080
|player|p2|Scayle|hilbert-wonderlauncher|1043
|gen|9
|tier|[Gen 9] OU
|rated|
|rule|HP Percentage Mod: HP is shown in percentages
|rule|Endless Battle Clause: Forcing endless battles is banned
|rule|Species Clause: Limit one of each Pokémon
|rule|OHKO Clause: OHKO moves are banned
|rule|Evasion Items Clause: Evasion items are banned
|rule|Evasion Moves Clause: Evasion moves are banned
|rule|Evasion Abilities Clause: Evasion abilities are banned
|rule|Sleep Moves Clause: Sleep-inducing moves are banned
|clearpoke
|poke|p1|Zangoose, M|
|poke|p1|Staraptor, F|
|poke|p1|Indeedee, M|
|poke|p1|Zoroark-Hisui, F|
|poke|p1|Smeargle, F|
|poke|p1|Ursaluna, F|
|poke|p2|Greninja-*, M|
|poke|p2|Glimmora, F|
|poke|p2|Iron Valiant|
|poke|p2|Rotom-Mow|
|poke|p2|Dragonite, F|
|poke|p2|Ceruledge, F|
|teampreview
|
|t:|1769295670
|teamsize|p1|6
|teamsize|p2|6
|start
|switch|p1a: Indeedee|Indeedee, M|100/100
|switch|p2a: Glimmora|Glimmora, F|100/100
|-fieldstart|move: Psychic Terrain|[from] ability: Psychic Surge|[of] p1a: Indeedee
|turn|1
|
|t:|1769295677
|move|p1a: Indeedee|Expanding Force|p2a: Glimmora
|-supereffective|p2a: Glimmora
|-enditem|p2a: Glimmora|Focus Sash
|-damage|p2a: Glimmora|1/100
|move|p2a: Glimmora|Stealth Rock|p1a: Indeedee
|-sidestart|p1: aizzer|move: Stealth Rock
|
|upkeep
|turn|2
|
|t:|1769295685
|move|p1a: Indeedee|Dazzling Gleam|p2a: Glimmora
|-resisted|p2a: Glimmora
|-damage|p2a: Glimmora|0 fnt
|faint|p2a: Glimmora
|
|upkeep
|
|t:|1769295701
|switch|p2a: Ceruledge|Ceruledge, F|100/100
|turn|3
|
|t:|1769295735
|move|p1a: Indeedee|Expanding Force|p2a: Ceruledge
|-damage|p2a: Ceruledge|38/100
|move|p2a: Ceruledge|Swords Dance|p2a: Ceruledge
|-boost|p2a: Ceruledge|atk|2
|
|upkeep
|turn|4
|
|t:|1769295740
|move|p2a: Ceruledge|Shadow Sneak|p1a: Indeedee
|-activate|p1a: Indeedee|move: Psychic Terrain
|move|p1a: Indeedee|Encore|p2a: Ceruledge
|-start|p2a: Ceruledge|Encore
|
|upkeep
|turn|5
|
|t:|1769295753
|switch|p1a: Zangoose|Zangoose, M|100/100
|-damage|p1a: Zangoose|88/100|[from] Stealth Rock
|move|p2a: Ceruledge|Shadow Sneak|p1a: Zangoose
|-activate|p1a: Zangoose|move: Psychic Terrain
|
|upkeep
|turn|6
|
|t:|1769295759
|move|p2a: Ceruledge|Shadow Sneak|p1a: Zangoose
|-activate|p1a: Zangoose|move: Psychic Terrain
|move|p1a: Zangoose|Agility|p1a: Zangoose
|-boost|p1a: Zangoose|spe|2
|
|upkeep
|turn|7
|
|t:|1769295766
|move|p2a: Ceruledge|Shadow Sneak|p1a: Zangoose
|-activate|p1a: Zangoose|move: Psychic Terrain
|move|p1a: Zangoose|Knock Off|p2a: Ceruledge
|-supereffective|p2a: Ceruledge
|-damage|p2a: Ceruledge|0 fnt
|-enditem|p2a: Ceruledge|Focus Sash|[from] move: Knock Off|[of] p1a: Zangoose
|faint|p2a: Ceruledge
|
|upkeep
|
|t:|1769295777
|switch|p2a: Rotom|Rotom-Mow|100/100
|turn|8
|
|t:|1769295806
|move|p1a: Zangoose|Endure|p1a: Zangoose
|-singleturn|p1a: Zangoose|move: Endure
|move|p2a: Rotom|Thunderbolt|p1a: Zangoose
|-damage|p1a: Zangoose|11/100
|
|-fieldend|move: Psychic Terrain
|upkeep
|turn|9
|
|t:|1769295816
|-terastallize|p1a: Zangoose|Normal
|move|p1a: Zangoose|Flail|p2a: Rotom
|-damage|p2a: Rotom|0 fnt
|faint|p2a: Rotom
|
|upkeep
|
|t:|1769295822
|switch|p2a: Dragonite|Dragonite, F|100/100
|turn|10
|
|t:|1769295837
|switch|p1a: Indeedee|Indeedee, M|100/100
|-damage|p1a: Indeedee|88/100|[from] Stealth Rock
|-fieldstart|move: Psychic Terrain|[from] ability: Psychic Surge|[of] p1a: Indeedee
|move|p2a: Dragonite|Extreme Speed|p1a: Indeedee
|-activate|p1a: Indeedee|move: Psychic Terrain
|
|upkeep
|turn|11
|
|t:|1769295850
|move|p1a: Indeedee|Encore|p2a: Dragonite
|-start|p2a: Dragonite|Encore
|move|p2a: Dragonite|Extreme Speed|p1a: Indeedee
|-damage|p1a: Indeedee|34/100
|
|upkeep
|turn|12
|c|☆aizzer|wtf????????????????????????????????????????
|c|☆aizzer|u can t hit me with psychic wtf was that
|
|t:|1769295917
|switch|p1a: Smeargle|Smeargle, F|100/100
|-damage|p1a: Smeargle|88/100|[from] Stealth Rock
|move|p2a: Dragonite|Extreme Speed|p1a: Smeargle
|-activate|p1a: Smeargle|move: Psychic Terrain
|
|upkeep
|turn|13
|
|t:|1769295931
|move|p2a: Dragonite|Extreme Speed|p1a: Smeargle
|-activate|p1a: Smeargle|move: Psychic Terrain
|move|p1a: Smeargle|Mortal Spin|p2a: Dragonite
|-damage|p2a: Dragonite|98/100
|-status|p2a: Dragonite|psn
|-sideend|p1: aizzer|Stealth Rock|[from] move: Mortal Spin|[of] p1a: Smeargle
|
|-damage|p2a: Dragonite|86/100 psn|[from] psn
|-end|p2a: Dragonite|Encore
|upkeep
|turn|14
|
|t:|1769295949
|move|p1a: Smeargle|Sticky Web|p2a: Dragonite
|-sidestart|p2: Scayle|move: Sticky Web
|move|p2a: Dragonite|Dragon Claw|p1a: Smeargle
|-damage|p1a: Smeargle|0 fnt
|faint|p1a: Smeargle
|
|-damage|p2a: Dragonite|74/100 psn|[from] psn
|upkeep
|
|t:|1769295966
|switch|p1a: Staraptor|Staraptor, F|100/100
|turn|15
|
|t:|1769295980
|move|p1a: Staraptor|Nasty Plot|p1a: Staraptor
|-boost|p1a: Staraptor|spa|2
|move|p2a: Dragonite|Dragon Dance|p2a: Dragonite
|-boost|p2a: Dragonite|atk|1
|-boost|p2a: Dragonite|spe|1
|
|-damage|p2a: Dragonite|61/100 psn|[from] psn
|upkeep
|turn|16
|
|t:|1769295991
|move|p2a: Dragonite|Dragon Claw|p1a: Staraptor
|-damage|p1a: Staraptor|0 fnt
|replace|p1a: Zoroark|Zoroark-Hisui, F
|-end|p1a: Zoroark|Illusion
|faint|p1a: Zoroark
|
|-damage|p2a: Dragonite|49/100 psn|[from] psn
|upkeep
|
|t:|1769296005
|switch|p1a: Staraptor|Staraptor, F|100/100
|turn|17
|
|t:|1769296008
|move|p1a: Staraptor|Brave Bird|p2a: Dragonite
|-crit|p2a: Dragonite
|-damage|p2a: Dragonite|0 fnt
|faint|p2a: Dragonite
|-damage|p1a: Staraptor|84/100|[from] Recoil
|
|-fieldend|move: Psychic Terrain
|upkeep
|
|t:|1769296015
|switch|p2a: Greninja|Greninja, M|100/100
|-activate|p2a: Greninja|move: Sticky Web
|-unboost|p2a: Greninja|spe|1
|turn|18
|
|t:|1769296020
|move|p1a: Staraptor|Brave Bird|p2a: Greninja
|-damage|p2a: Greninja|0 fnt
|faint|p2a: Greninja
|-damage|p1a: Staraptor|55/100|[from] Recoil
|
|upkeep
|
|t:|1769296025
|switch|p2a: Iron Valiant|Iron Valiant|100/100
|-activate|p2a: Iron Valiant|move: Sticky Web
|-unboost|p2a: Iron Valiant|spe|1
|-enditem|p2a: Iron Valiant|Booster Energy
|-activate|p2a: Iron Valiant|ability: Quark Drive|[fromitem]
|-start|p2a: Iron Valiant|quarkdrivespa
|turn|19
|
|t:|1769296031
|-terastallize|p2a: Iron Valiant|Fairy
|move|p1a: Staraptor|Brave Bird|p2a: Iron Valiant
|-damage|p2a: Iron Valiant|0 fnt
|faint|p2a: Iron Valiant
|-end|p2a: Iron Valiant|Quark Drive|[silent]
|-damage|p1a: Staraptor|25/100|[from] Recoil
|
|win|aizzer
|raw|aizzer's rating: 1080 &rarr; <strong>1105</strong><br />(+25 for winning)
|raw|Scayle's rating: 1043 &rarr; <strong>1028</strong><br />(-15 for losing)
|l|☆Scayle
|player|p2|
