|j|☆saibayman
|j|☆SSS101
|t:|1769407004
|gametype|singles
|player|p1|saibayman|266|1547
|player|p2|SSS101|hilbert|1470
|gen|9
|tier|[Gen 9] OU
|rated|
|rule|HP Percentage Mod: HP is shown in percentages
|rule|Endless Battle Clause: Forcing endless battles is banned
|rule|Species Clause: Limit one of each Pokémon
|rule|OHKO Clause: OHKO moves are banned
|rule|Evasion Items Clause: Evasion items are banned
|rule|Evasion Moves Clause: Evasion moves are banned
|rule|Evasion Abilities Clause: Evasion abilities are banned
|rule|Sleep Moves Clause: Sleep-inducing moves are banned
|clearpoke
|poke|p1|Tyranitar, M|
|poke|p1|Great Tusk|
|poke|p1|Slowking-Galar, F|
|poke|p1|Gholdengo|
|poke|p1|Meowscarada, M|
|poke|p1|Moltres|
|poke|p2|Greninja-*, M|
|poke|p2|Serperior, M|
|poke|p2|Ceruledge, F|
|poke|p2|Glimmora, M|
|poke|p2|Kilowattrel, M|
|poke|p2|Zoroark-Hisui, M|
|teampreview
|inactive|Battle timer is ON: inactive players will automatically lose when time's up. (requested by SSS101)
|inactive|saibayman also wants the timer to be on.
|inactive|saibayman has 120 seconds left.
|
|t:|1769407040
|teamsize|p1|6
|teamsize|p2|6
|start
|switch|p1a: Slowking|Slowking-Galar, F|100/100
|switch|p2a: Serperior|Serperior, M, shiny|100/100
|turn|1
|
|t:|1769407047
|move|p2a: Serperior|Leaf Storm|p1a: Slowking
|-resisted|p1a: Slowking
|-damage|p1a: Slowking|85/100
|-boost|p2a: Serperior|spa|2
|move|p1a: Slowking|Sludge Bomb|p2a: Serperior
|-supereffective|p2a: Serperior
|-damage|p2a: Serperior|0 fnt
|faint|p2a: Serperior
|
|upkeep
|
|t:|1769407058
|switch|p2a: Kilowattrel|Kilowattrel, M|100/100
|turn|2
|
|t:|1769407061
|move|p2a: Kilowattrel|Tailwind|p2a: Kilowattrel
|-sidestart|p2: SSS101|move: Tailwind
|-start|p2a: Kilowattrel|Charge|Tailwind|[from] ability: Wind Power
|move|p1a: Slowking|Ice Beam|p2a: Kilowattrel
|-supereffective|p2a: Kilowattrel
|-damage|p2a: Kilowattrel|0 fnt
|faint|p2a: Kilowattrel
|
|upkeep
|
|t:|1769407070
|switch|p2a: Greninja|Greninja, M|100/100
|turn|3
|
|t:|1769407075
|-terastallize|p1a: Slowking|Grass
|move|p2a: Greninja|Surf|p1a: Slowking
|-resisted|p1a: Slowking
|-damage|p1a: Slowking|73/100
|move|p1a: Slowking|Grass Knot|p2a: Greninja
|-supereffective|p2a: Greninja
|-damage|p2a: Greninja|2/100
|
|upkeep
|turn|4
|
|t:|1769407086
|move|p2a: Greninja|Ice Beam|p1a: Slowking
|-supereffective|p1a: Slowking
|-damage|p1a: Slowking|42/100
|move|p1a: Slowking|Ice Beam|p2a: Greninja
|-resisted|p2a: Greninja
|-damage|p2a: Greninja|0 fnt
|faint|p2a: Greninja
|
|upkeep
|
|t:|1769407098
|switch|p2a: Ceruledge|Ceruledge, F, shiny|100/100
|turn|5
|
|t:|1769407103
|switch|p1a: Great Tusk|Great Tusk|100/100
|move|p2a: Ceruledge|Hyper Voice|p1a: Great Tusk
|-damage|p1a: Great Tusk|41/100
|
|-heal|p1a: Great Tusk|47/100|[from] item: Leftovers
|-sideend|p2: SSS101|move: Tailwind
|upkeep
|turn|6
|
|t:|1769407112
|-end|p1a: Great Tusk|Protosynthesis|[silent]
|switch|p1a: Tyranitar|Tyranitar, M|100/100
|-weather|Sandstorm|[from] ability: Sand Stream|[of] p1a: Tyranitar
|move|p2a: Ceruledge|Hyper Voice|p1a: Tyranitar
|-resisted|p1a: Tyranitar
|-damage|p1a: Tyranitar|89/100
|
|-weather|Sandstorm|[upkeep]
|-damage|p2a: Ceruledge|95/100|[from] Sandstorm
|upkeep
|turn|7
|
|t:|1769407122
|move|p2a: Ceruledge|Focus Blast|p1a: Tyranitar
|-supereffective|p1a: Tyranitar
|-damage|p1a: Tyranitar|0 fnt
|faint|p1a: Tyranitar
|
|-weather|Sandstorm|[upkeep]
|-damage|p2a: Ceruledge|89/100|[from] Sandstorm
|upkeep
|
|t:|1769407130
|switch|p1a: Meowscarada|Meowscarada, M|100/100
|turn|8
|
|t:|1769407134
|move|p1a: Meowscarada|Knock Off|p2a: Ceruledge
|-start|p1a: Meowscarada|typechange|Dark|[from] ability: Protean
|-supereffective|p2a: Ceruledge
|-damage|p2a: Ceruledge|0 fnt
|replace|p2a: Zoroark|Zoroark-Hisui, M
|-end|p2a: Zoroark|Illusion
|-enditem|p2a: Zoroark|Spell Tag|[from] move: Knock Off|[of] p1a: Meowscarada
|faint|p2a: Zoroark
|
|-weather|Sandstorm|[upkeep]
|-damage|p1a: Meowscarada|94/100|[from] Sandstorm
|upkeep
|
|t:|1769407146
|switch|p2a: Glimmora|Glimmora, M|100/100
|turn|9
|
|t:|1769407155
|switch|p1a: Slowking|Slowking-Galar, F, tera:Grass|75/100
|move|p2a: Glimmora|Power Gem|p1a: Slowking
|-damage|p1a: Slowking|49/100
|
|-weather|Sandstorm|[upkeep]
|-damage|p1a: Slowking|43/100|[from] Sandstorm
|upkeep
|turn|10
|
|t:|1769407164
|move|p2a: Glimmora|Sludge Bomb|p1a: Slowking
|-supereffective|p1a: Slowking
|-damage|p1a: Slowking|0 fnt
|faint|p1a: Slowking
|
|-weather|none
|upkeep
|
|t:|1769407171
|switch|p1a: Gholdengo|Gholdengo|100/100
|turn|11
|
|t:|1769407174
|move|p1a: Gholdengo|Make It Rain|p2a: Glimmora
|-supereffective|p2a: Glimmora
|-damage|p2a: Glimmora|0 fnt
|-unboost|p1a: Gholdengo|spa|1
|faint|p2a: Glimmora
|
|upkeep
|
|t:|1769407181
|switch|p2a: Ceruledge|Ceruledge, F, shiny|100/100
|turn|12
|
|t:|1769407186
|switch|p1a: Great Tusk|Great Tusk|47/100
|move|p2a: Ceruledge|Swords Dance|p2a: Ceruledge
|-boost|p2a: Ceruledge|atk|2
|
|-heal|p1a: Great Tusk|53/100|[from] item: Leftovers
|upkeep
|turn|13
|
|t:|1769407194
|move|p2a: Ceruledge|Swords Dance|p2a: Ceruledge
|-boost|p2a: Ceruledge|atk|2
|move|p1a: Great Tusk|Earthquake|p2a: Ceruledge
|-supereffective|p2a: Ceruledge
|-enditem|p2a: Ceruledge|Focus Sash
|-damage|p2a: Ceruledge|1/100
|-ability|p2a: Ceruledge|Weak Armor|boost
|-unboost|p2a: Ceruledge|def|1
|-boost|p2a: Ceruledge|spe|2
|
|-heal|p1a: Great Tusk|60/100|[from] item: Leftovers
|upkeep
|turn|14
|
|t:|1769407206
|move|p2a: Ceruledge|Bitter Blade|p1a: Great Tusk
|-damage|p1a: Great Tusk|0 fnt
|-heal|p2a: Ceruledge|45/100|[from] drain|[of] p1a: Great Tusk
|faint|p1a: Great Tusk
|-end|p1a: Great Tusk|Protosynthesis|[silent]
|
|upkeep
|
|t:|1769407212
|switch|p1a: Gholdengo|Gholdengo|100/100
|turn|15
|
|t:|1769407216
|move|p2a: Ceruledge|Bitter Blade|p1a: Gholdengo
|-supereffective|p1a: Gholdengo
|-damage|p1a: Gholdengo|0 fnt
|-heal|p2a: Ceruledge|99/100|[from] drain|[of] p1a: Gholdengo
|faint|p1a: Gholdengo
|
|upkeep
|-message|saibayman forfeited.
|
|win|SSS101
|raw|saibayman's rating: 1547 &rarr; <strong>1523</strong><br />(-24 for losing)
|raw|SSS101's rating: 1470 &rarr; <strong>1494</strong><br />(+24 for winning)
|l|☆saibayman
|player|p1|
|l|☆SSS101
|player|p2|
