|j|☆Noamm
|j|☆Efrain.9
|t:|1769322650
|gametype|singles
|player|p1|Noamm|gambler|1629
|player|p2|Efrain.9|hilbert-wonderlauncher|1714
|gen|9
|tier|[Gen 9] OU
|rated|
|rule|HP Percentage Mod: HP is shown in percentages
|rule|Endless Battle Clause: Forcing endless battles is banned
|rule|Species Clause: Limit one of each Pokémon
|rule|OHKO Clause: OHKO moves are banned
|rule|Evasion Items Clause: Evasion items are banned
|rule|Evasion Moves Clause: Evasion moves are banned
|rule|Evasion Abilities Clause: Evasion abilities are banned
|rule|Sleep Moves Clause: Sleep-inducing moves are banned
|clearpoke
|poke|p1|Lokix, F|
|poke|p1|Dragapult, M|
|poke|p1|Slowking-Galar, F|
|poke|p1|Mandibuzz, F|
|poke|p1|Great Tusk|
|poke|p1|Primarina, F|
|poke|p2|Pelipper, F|
|poke|p2|Basculegion, M|
|poke|p2|Umbreon, F|
|poke|p2|Scizor, F|
|poke|p2|Raging Bolt|
|poke|p2|Ogerpon-Wellspring, F|
|teampreview
|
|t:|1769322661
|teamsize|p1|6
|teamsize|p2|6
|start
|switch|p1a: Kamen Rider Burr|Slowking-Galar, F|100/100
|switch|p2a: Raging Bolt|Raging Bolt|100/100
|turn|1
|
|t:|1769322666
|move|p2a: Raging Bolt|Draco Meteor|p1a: Kamen Rider Burr
|-damage|p1a: Kamen Rider Burr|29/100
|-unboost|p2a: Raging Bolt|spa|2
|-prepare|p1a: Kamen Rider Burr|Chilly Reception|[premajor]
|move|p1a: Kamen Rider Burr|Chilly Reception|p1a: Kamen Rider Burr
|-weather|Snowscape
|
|t:|1769322674
|switch|p1a: Kamen Rider Shade|Dragapult, M, shiny|100/100|[from] Chilly Reception
|
|-weather|Snowscape|[upkeep]
|upkeep
|turn|2
|
|t:|1769322678
|-terastallize|p2a: Raging Bolt|Fairy
|move|p1a: Kamen Rider Shade|U-turn|p2a: Raging Bolt
|-resisted|p2a: Raging Bolt
|-damage|p2a: Raging Bolt|94/100
|
|t:|1769322681
|switch|p1a: Kamen Rider Burr|Slowking-Galar, F|62/100|[from] U-turn
|move|p2a: Raging Bolt|Draco Meteor|p1a: Kamen Rider Burr
|-damage|p1a: Kamen Rider Burr|25/100
|-unboost|p2a: Raging Bolt|spa|2
|
|-weather|Snowscape|[upkeep]
|upkeep
|turn|3
|
|t:|1769322689
|-end|p2a: Raging Bolt|Protosynthesis|[silent]
|switch|p2a: Pelipper|Pelipper, F|100/100
|-weather|RainDance|[from] ability: Drizzle|[of] p2a: Pelipper
|switch|p1a: Kamen Rider Siren|Primarina, F|100/100
|
|-weather|RainDance|[upkeep]
|upkeep
|turn|4
|
|t:|1769322702
|switch|p2a: Ogerpon|Ogerpon-Wellspring, F|100/100
|move|p1a: Kamen Rider Siren|Moonblast|p2a: Ogerpon
|-damage|p2a: Ogerpon|33/100
|-unboost|p2a: Ogerpon|spa|1
|
|-weather|RainDance|[upkeep]
|upkeep
|turn|5
|
|t:|1769322712
|switch|p1a: Kamen Rider Shade|Dragapult, M, shiny|100/100
|move|p2a: Ogerpon|Horn Leech|p1a: Kamen Rider Shade
|-resisted|p1a: Kamen Rider Shade
|-damage|p1a: Kamen Rider Shade|71/100
|-heal|p2a: Ogerpon|48/100|[from] drain|[of] p1a: Kamen Rider Shade
|
|-weather|RainDance|[upkeep]
|upkeep
|turn|6
|
|t:|1769322720
|switch|p2a: Scizor|Scizor, F|100/100
|move|p1a: Kamen Rider Shade|U-turn|p2a: Scizor
|-resisted|p2a: Scizor
|-damage|p2a: Scizor|92/100
|
|t:|1769322724
|switch|p1a: Kamen Rider Scaven|Mandibuzz, F|100/100|[from] U-turn
|
|-weather|RainDance|[upkeep]
|upkeep
|turn|7
|
|t:|1769322729
|move|p1a: Kamen Rider Scaven|Foul Play|p2a: Scizor
|-crit|p2a: Scizor
|-damage|p2a: Scizor|17/100
|move|p2a: Scizor|Knock Off|p1a: Kamen Rider Scaven
|-resisted|p1a: Kamen Rider Scaven
|-damage|p1a: Kamen Rider Scaven|89/100
|-enditem|p1a: Kamen Rider Scaven|Heavy-Duty Boots|[from] move: Knock Off|[of] p2a: Scizor
|
|-weather|RainDance|[upkeep]
|upkeep
|turn|8
|
|t:|1769322743
|switch|p2a: Umbreon|Umbreon, F|100/100
|move|p1a: Kamen Rider Scaven|Foul Play|p2a: Umbreon
|-resisted|p2a: Umbreon
|-damage|p2a: Umbreon|95/100
|
|-weather|RainDance|[upkeep]
|-heal|p2a: Umbreon|100/100|[from] item: Leftovers
|upkeep
|turn|9
|
|t:|1769322751
|switch|p1a: Kamen Rider Siren|Primarina, F|100/100
|move|p2a: Umbreon|Wish|p2a: Umbreon
|
|-weather|RainDance|[upkeep]
|upkeep
|turn|10
|
|t:|1769322756
|move|p1a: Kamen Rider Siren|Psychic Noise|p2a: Umbreon
|-damage|p2a: Umbreon|62/100
|-start|p2a: Umbreon|move: Heal Block
|move|p2a: Umbreon|Toxic|p1a: Kamen Rider Siren
|-status|p1a: Kamen Rider Siren|tox
|
|-weather|none
|-damage|p1a: Kamen Rider Siren|94/100 tox|[from] psn
|upkeep
|turn|11
|
|t:|1769322783
|move|p2a: Umbreon|Protect|p2a: Umbreon
|-singleturn|p2a: Umbreon|Protect
|move|p1a: Kamen Rider Siren|Moonblast|p2a: Umbreon
|-activate|p2a: Umbreon|move: Protect
|
|-damage|p1a: Kamen Rider Siren|82/100 tox|[from] psn
|-end|p2a: Umbreon|move: Heal Block
|upkeep
|turn|12
|
|t:|1769322795
|switch|p2a: Scizor|Scizor, F|17/100
|move|p1a: Kamen Rider Siren|Moonblast|p2a: Scizor
|-resisted|p2a: Scizor
|-damage|p2a: Scizor|0 fnt
|faint|p2a: Scizor
|
|-damage|p1a: Kamen Rider Siren|63/100 tox|[from] psn
|upkeep
|
|t:|1769322819
|switch|p2a: Ogerpon|Ogerpon-Wellspring, F|48/100
|turn|13
|
|t:|1769322824
|switch|p1a: Kamen Rider Scaven|Mandibuzz, F|89/100
|move|p2a: Ogerpon|Horn Leech|p1a: Kamen Rider Scaven
|-resisted|p1a: Kamen Rider Scaven
|-damage|p1a: Kamen Rider Scaven|76/100
|-heal|p2a: Ogerpon|58/100|[from] drain|[of] p1a: Kamen Rider Scaven
|
|upkeep
|turn|14
|
|t:|1769322833
|switch|p2a: Umbreon|Umbreon, F|62/100
|move|p1a: Kamen Rider Scaven|Foul Play|p2a: Umbreon
|-resisted|p2a: Umbreon
|-damage|p2a: Umbreon|57/100
|
|-heal|p2a: Umbreon|63/100|[from] item: Leftovers
|upkeep
|turn|15
|
|t:|1769322840
|switch|p1a: Kamen Rider Burr|Slowking-Galar, F|58/100
|move|p2a: Umbreon|Wish|p2a: Umbreon
|
|-heal|p2a: Umbreon|69/100|[from] item: Leftovers
|upkeep
|turn|16
|
|t:|1769322845
|move|p2a: Umbreon|Protect|p2a: Umbreon
|-singleturn|p2a: Umbreon|Protect
|-prepare|p1a: Kamen Rider Burr|Chilly Reception|[premajor]
|move|p1a: Kamen Rider Burr|Chilly Reception|p1a: Kamen Rider Burr
|-weather|Snowscape
|
|t:|1769322849
|switch|p1a: Kamen Rider SwarmX|Lokix, F, shiny|100/100|[from] Chilly Reception
|
|-weather|Snowscape|[upkeep]
|-heal|p2a: Umbreon|100/100|[from] move: Wish|[wisher] Umbreon
|upkeep
|turn|17
|
|t:|1769322857
|switch|p2a: Pelipper|Pelipper, F|100/100
|-weather|RainDance|[from] ability: Drizzle|[of] p2a: Pelipper
|-terastallize|p1a: Kamen Rider SwarmX|Bug
|move|p1a: Kamen Rider SwarmX|U-turn|p2a: Pelipper
|-resisted|p2a: Pelipper
|-damage|p2a: Pelipper|26/100
|
|t:|1769322861
|switch|p1a: Kamen Rider Burr|Slowking-Galar, F|91/100|[from] U-turn
|
|-weather|RainDance|[upkeep]
|upkeep
|turn|18
|
|t:|1769322875
|move|p2a: Pelipper|Roost|p2a: Pelipper
|-heal|p2a: Pelipper|76/100
|-singleturn|p2a: Pelipper|move: Roost
|-prepare|p1a: Kamen Rider Burr|Chilly Reception|[premajor]
|move|p1a: Kamen Rider Burr|Chilly Reception|p1a: Kamen Rider Burr
|-weather|Snowscape
|
|t:|1769322887
|switch|p1a: Kamen Rider Shade|Dragapult, M, shiny|71/100|[from] Chilly Reception
|
|-weather|Snowscape|[upkeep]
|upkeep
|turn|19
|
|t:|1769322892
|move|p1a: Kamen Rider Shade|Draco Meteor|p2a: Pelipper
|-damage|p2a: Pelipper|0 fnt
|-unboost|p1a: Kamen Rider Shade|spa|2
|faint|p2a: Pelipper
|
|-weather|Snowscape|[upkeep]
|upkeep
|
|t:|1769322899
|switch|p2a: Raging Bolt|Raging Bolt, tera:Fairy|94/100
|turn|20
|
|t:|1769322901
|switch|p1a: Kamen Rider Burr|Slowking-Galar, F|100/100
|move|p2a: Raging Bolt|Volt Switch|p1a: Kamen Rider Burr
|-damage|p1a: Kamen Rider Burr|64/100
|
|t:|1769322907
|-end|p2a: Raging Bolt|Protosynthesis|[silent]
|switch|p2a: Basculegion|Basculegion, M|100/100|[from] Volt Switch
|
|-weather|Snowscape|[upkeep]
|upkeep
|turn|21
|
|t:|1769322911
|switch|p1a: Kamen Rider Scaven|Mandibuzz, F|76/100
|move|p2a: Basculegion|Flip Turn|p1a: Kamen Rider Scaven
|-damage|p1a: Kamen Rider Scaven|51/100
|
|t:|1769322916
|switch|p2a: Raging Bolt|Raging Bolt, tera:Fairy|94/100|[from] Flip Turn
|
|-weather|Snowscape|[upkeep]
|upkeep
|turn|22
|
|t:|1769322921
|switch|p1a: Kamen Rider Burr|Slowking-Galar, F|97/100
|move|p2a: Raging Bolt|Draco Meteor|p1a: Kamen Rider Burr
|-damage|p1a: Kamen Rider Burr|29/100
|-unboost|p2a: Raging Bolt|spa|2
|
|-weather|none
|upkeep
|turn|23
|
|t:|1769322928
|-end|p2a: Raging Bolt|Protosynthesis|[silent]
|switch|p2a: Ogerpon|Ogerpon-Wellspring, F|58/100
|switch|p1a: Kamen Rider Siren|Primarina, F|63/100 tox
|
|-damage|p1a: Kamen Rider Siren|57/100 tox|[from] psn
|upkeep
|turn|24
|
|t:|1769322935
|move|p2a: Ogerpon|Swords Dance|p2a: Ogerpon
|-boost|p2a: Ogerpon|atk|2
|move|p1a: Kamen Rider Siren|Moonblast|p2a: Ogerpon
|-damage|p2a: Ogerpon|0 fnt
|faint|p2a: Ogerpon
|
|-damage|p1a: Kamen Rider Siren|44/100 tox|[from] psn
|upkeep
|
|t:|1769322943
|switch|p2a: Raging Bolt|Raging Bolt, tera:Fairy|94/100
|turn|25
|
|t:|1769322946
|move|p2a: Raging Bolt|Draco Meteor|p1a: Kamen Rider Siren
|-immune|p1a: Kamen Rider Siren
|move|p1a: Kamen Rider Siren|Moonblast|p2a: Raging Bolt
|-damage|p2a: Raging Bolt|47/100
|
|-damage|p1a: Kamen Rider Siren|26/100 tox|[from] psn
|upkeep
|turn|26
|-message|Efrain.9 forfeited.
|
|win|Noamm
|raw|Noamm's rating: 1629 &rarr; <strong>1654</strong><br />(+25 for winning)
|raw|Efrain.9's rating: 1714 &rarr; <strong>1689</strong><br />(-25 for losing)
|l|☆Efrain.9
|player|p2|
|l|☆Noamm
|player|p1|
