|j|☆Mimolyk
|j|☆windy189
|t:|1769423646
|gametype|singles
|player|p1|Mimolyk|boarder|1196
|player|p2|windy189|169|1193
|gen|9
|tier|[Gen 9] OU
|rated|
|rule|HP Percentage Mod: HP is shown in percentages
|rule|Endless Battle Clause: Forcing endless battles is banned
|rule|Species Clause: Limit one of each Pokémon
|rule|OHKO Clause: OHKO moves are banned
|rule|Evasion Items Clause: Evasion items are banned
|rule|Evasion Moves Clause: Evasion moves are banned
|rule|Evasion Abilities Clause: Evasion abilities are banned
|rule|Sleep Moves Clause: Sleep-inducing moves are banned
|clearpoke
|poke|p1|Heatran, M|
|poke|p1|Kyurem|
|poke|p1|Rillaboom, M|
|poke|p1|Slowking, F|
|poke|p1|Enamorus, F|
|poke|p1|Quaquaval, F|
|poke|p2|Gardevoir, M|
|poke|p2|Blaziken, M|
|poke|p2|Garchomp, F|
|poke|p2|Darkrai|
|poke|p2|Kyurem|
|poke|p2|Great Tusk|
|teampreview
|inactive|Battle timer is ON: inactive players will automatically lose when time's up. (requested by windy189)
|inactive|Mimolyk has 120 seconds left.
|inactive|Mimolyk has 90 seconds left.
|inactive|Mimolyk has 60 seconds left.
|
|t:|1769423762
|teamsize|p1|6
|teamsize|p2|6
|start
|switch|p1a: Merania|Slowking, F|100/100
|switch|p2a: Kyurem|Kyurem|100/100
|-ability|p2a: Kyurem|Pressure
|turn|1
|
|t:|1769423771
|move|p2a: Kyurem|Freeze-Dry|p1a: Merania
|-supereffective|p1a: Merania
|-damage|p1a: Merania|44/100
|move|p1a: Merania|Future Sight|p2a: Kyurem
|-start|p1a: Merania|move: Future Sight
|
|upkeep
|turn|2
|
|t:|1769423780
|switch|p1a: Volkamer|Heatran, M|100/100
|move|p2a: Kyurem|Freeze-Dry|p1a: Volkamer
|-resisted|p1a: Volkamer
|-damage|p1a: Volkamer|94/100
|-status|p1a: Volkamer|frz
|
|-heal|p1a: Volkamer|99/100 frz|[from] item: Leftovers
|upkeep
|turn|3
|
|t:|1769423795
|switch|p2a: Garchomp|Garchomp, F|100/100
|switch|p1a: Enamorus|Enamorus, F|100/100
|
|-end|p2a: Garchomp|move: Future Sight
|-damage|p2a: Garchomp|53/100
|upkeep
|turn|4
|
|t:|1769423807
|-terastallize|p2a: Garchomp|Steel
|move|p1a: Enamorus|Moonblast|p2a: Garchomp
|-resisted|p2a: Garchomp
|-damage|p2a: Garchomp|24/100
|move|p2a: Garchomp|Swords Dance|p2a: Garchomp
|-boost|p2a: Garchomp|atk|2
|
|upkeep
|turn|5
|
|t:|1769423818
|move|p1a: Enamorus|Moonblast|p2a: Garchomp
|-resisted|p2a: Garchomp
|-damage|p2a: Garchomp|0 fnt
|faint|p2a: Garchomp
|
|upkeep
|
|t:|1769423827
|switch|p2a: Kyurem|Kyurem|100/100
|-ability|p2a: Kyurem|Pressure
|turn|6
|
|t:|1769423843
|move|p1a: Enamorus|Moonblast|p2a: Kyurem
|-supereffective|p2a: Kyurem
|-damage|p2a: Kyurem|1/100
|move|p2a: Kyurem|Flash Cannon|p1a: Enamorus
|-supereffective|p1a: Enamorus
|-damage|p1a: Enamorus|17/100
|
|-heal|p2a: Kyurem|7/100|[from] item: Leftovers
|upkeep
|turn|7
|
|t:|1769423854
|switch|p2a: Gardevoir|Gardevoir, M|100/100
|move|p1a: Enamorus|Moonblast|p2a: Gardevoir
|-crit|p2a: Gardevoir
|-damage|p2a: Gardevoir|6/100
|
|upkeep
|turn|8
|
|t:|1769423862
|move|p1a: Enamorus|Moonblast|p2a: Gardevoir
|-damage|p2a: Gardevoir|0 fnt
|faint|p2a: Gardevoir
|
|upkeep
|
|t:|1769423868
|switch|p2a: Blaziken|Blaziken, M|100/100
|turn|9
|
|t:|1769423872
|move|p2a: Blaziken|Protect|p2a: Blaziken
|-singleturn|p2a: Blaziken|Protect
|move|p1a: Enamorus|Moonblast|p2a: Blaziken
|-activate|p2a: Blaziken|move: Protect
|
|-ability|p2a: Blaziken|Speed Boost|boost
|-boost|p2a: Blaziken|spe|1
|upkeep
|turn|10
|
|t:|1769423882
|move|p1a: Enamorus|Moonblast|p2a: Blaziken
|-damage|p2a: Blaziken|22/100
|move|p2a: Blaziken|Close Combat|p1a: Enamorus
|-resisted|p1a: Enamorus
|-damage|p1a: Enamorus|0 fnt
|-unboost|p2a: Blaziken|def|1
|-unboost|p2a: Blaziken|spd|1
|faint|p1a: Enamorus
|
|-ability|p2a: Blaziken|Speed Boost|boost
|-boost|p2a: Blaziken|spe|1
|upkeep
|
|t:|1769423891
|switch|p1a: rivesana|Quaquaval, F|100/100
|turn|11
|
|t:|1769423904
|switch|p2a: Darkrai|Darkrai|100/100
|move|p1a: rivesana|Swords Dance|p1a: rivesana
|-boost|p1a: rivesana|atk|2
|
|upkeep
|turn|12
|
|t:|1769423912
|move|p2a: Darkrai|Psychic|p1a: rivesana
|-supereffective|p1a: rivesana
|-damage|p1a: rivesana|12/100
|move|p1a: rivesana|Close Combat|p2a: Darkrai
|-supereffective|p2a: Darkrai
|-enditem|p2a: Darkrai|Focus Sash
|-damage|p2a: Darkrai|1/100
|-unboost|p1a: rivesana|def|1
|-unboost|p1a: rivesana|spd|1
|
|upkeep
|turn|13
|
|t:|1769423922
|move|p1a: rivesana|Aqua Jet|p2a: Darkrai
|-damage|p2a: Darkrai|0 fnt
|faint|p2a: Darkrai
|-ability|p1a: rivesana|Moxie|boost
|-boost|p1a: rivesana|atk|1
|
|upkeep
|
|t:|1769423931
|switch|p2a: Great Tusk|Great Tusk|100/100
|turn|14
|
|t:|1769423945
|move|p1a: rivesana|Aqua Jet|p2a: Great Tusk
|-supereffective|p2a: Great Tusk
|-damage|p2a: Great Tusk|26/100
|move|p2a: Great Tusk|Rapid Spin|p1a: rivesana
|-damage|p1a: rivesana|0 fnt
|-boost|p2a: Great Tusk|spe|1
|faint|p1a: rivesana
|
|upkeep
|
|t:|1769423952
|switch|p1a: Jungalou|Rillaboom, M|100/100
|-fieldstart|move: Grassy Terrain|[from] ability: Grassy Surge|[of] p1a: Jungalou
|turn|15
|
|t:|1769423958
|move|p1a: Jungalou|Grassy Glide|p2a: Great Tusk
|-supereffective|p2a: Great Tusk
|-damage|p2a: Great Tusk|0 fnt
|faint|p2a: Great Tusk
|-end|p2a: Great Tusk|Protosynthesis|[silent]
|
|upkeep
|
|t:|1769423964
|switch|p2a: Kyurem|Kyurem|7/100
|-ability|p2a: Kyurem|Pressure
|turn|16
|
|t:|1769423970
|move|p1a: Jungalou|Grassy Glide|p2a: Kyurem
|-resisted|p2a: Kyurem
|-damage|p2a: Kyurem|0 fnt
|faint|p2a: Kyurem
|
|upkeep
|
|t:|1769423976
|switch|p2a: Blaziken|Blaziken, M|22/100
|turn|17
|
|t:|1769423980
|move|p2a: Blaziken|Protect|p2a: Blaziken
|-singleturn|p2a: Blaziken|Protect
|move|p1a: Jungalou|Grassy Glide|p2a: Blaziken
|-activate|p2a: Blaziken|move: Protect
|
|-heal|p2a: Blaziken|28/100|[from] Grassy Terrain
|-ability|p2a: Blaziken|Speed Boost|boost
|-boost|p2a: Blaziken|spe|1
|upkeep
|turn|18
|
|t:|1769423991
|move|p1a: Jungalou|Grassy Glide|p2a: Blaziken
|-resisted|p2a: Blaziken
|-damage|p2a: Blaziken|0 fnt
|faint|p2a: Blaziken
|
|win|Mimolyk
|raw|Mimolyk's rating: 1196 &rarr; <strong>1221</strong><br />(+25 for winning)
|raw|windy189's rating: 1193 &rarr; <strong>1168</strong><br />(-25 for losing)
|l|☆Mimolyk
|player|p1|
|l|☆windy189
|player|p2|
