|j|☆Antimaverick1080
|j|☆DeeDzss
|t:|1769381439
|gametype|singles
|player|p1|Antimaverick1080|eusine|1265
|player|p2|DeeDzss|lucas|1210
|gen|9
|tier|[Gen 9] OU
|rated|
|rule|HP Percentage Mod: HP is shown in percentages
|rule|Endless Battle Clause: Forcing endless battles is banned
|rule|Species Clause: Limit one of each Pokémon
|rule|OHKO Clause: OHKO moves are banned
|rule|Evasion Items Clause: Evasion items are banned
|rule|Evasion Moves Clause: Evasion moves are banned
|rule|Evasion Abilities Clause: Evasion abilities are banned
|rule|Sleep Moves Clause: Sleep-inducing moves are banned
|clearpoke
|poke|p1|Torkoal, M|
|poke|p1|Espeon, F|
|poke|p1|Great Tusk|
|poke|p1|Walking Wake|
|poke|p1|Zapdos-Galar|
|poke|p1|Houndoom, M|
|poke|p2|Landorus-Therian, M|
|poke|p2|Weavile, M|
|poke|p2|Tyranitar, M|
|poke|p2|Excadrill, F|
|poke|p2|Okidogi, M|
|poke|p2|Ogerpon-Wellspring, F|
|teampreview
|inactive|Battle timer is ON: inactive players will automatically lose when time's up. (requested by DeeDzss)
|c|☆Antimaverick1080|glhf
|
|t:|1769381451
|teamsize|p1|6
|teamsize|p2|6
|start
|switch|p1a: Steam|Torkoal, M|100/100
|switch|p2a: Weavile|Weavile, M|100/100
|-ability|p2a: Weavile|Pressure
|-weather|SunnyDay|[from] ability: Drought|[of] p1a: Steam
|turn|1
|
|t:|1769381460
|-terastallize|p2a: Weavile|Dark
|move|p2a: Weavile|Swords Dance|p2a: Weavile
|-boost|p2a: Weavile|atk|2
|move|p1a: Steam|Stealth Rock|p2a: Weavile
|-sidestart|p2: DeeDzss|move: Stealth Rock
|
|-weather|SunnyDay|[upkeep]
|upkeep
|turn|2
|
|t:|1769381472
|move|p2a: Weavile|Beat Up|p1a: Steam
|-damage|p1a: Steam|86/100
|-damage|p1a: Steam|71/100
|-damage|p1a: Steam|58/100
|-damage|p1a: Steam|45/100
|-damage|p1a: Steam|32/100
|-damage|p1a: Steam|19/100
|-hitcount|p1a: Steam|6
|move|p1a: Steam|Will-O-Wisp|p2a: Weavile
|-status|p2a: Weavile|brn
|
|-weather|SunnyDay|[upkeep]
|-damage|p2a: Weavile|94/100 brn|[from] brn
|upkeep
|turn|3
|
|t:|1769381495
|switch|p1a: Wii|Great Tusk|100/100
|-activate|p1a: Wii|ability: Protosynthesis
|-start|p1a: Wii|protosynthesisatk
|move|p2a: Weavile|Swords Dance|p2a: Weavile
|-boost|p2a: Weavile|atk|2
|
|-weather|SunnyDay|[upkeep]
|-damage|p2a: Weavile|88/100 brn|[from] brn
|upkeep
|turn|4
|
|t:|1769381508
|move|p2a: Weavile|Triple Axel|p1a: Wii
|-supereffective|p1a: Wii
|-damage|p1a: Wii|78/100
|-supereffective|p1a: Wii
|-damage|p1a: Wii|38/100
|-supereffective|p1a: Wii
|-crit|p1a: Wii
|-damage|p1a: Wii|0 fnt
|faint|p1a: Wii
|-end|p1a: Wii|Protosynthesis|[silent]
|-hitcount|p1: Wii|3
|
|-weather|SunnyDay|[upkeep]
|-damage|p2a: Weavile|82/100 brn|[from] brn
|upkeep
|
|t:|1769381510
|switch|p1a: Brunnya|Walking Wake|100/100
|-activate|p1a: Brunnya|ability: Protosynthesis
|-start|p1a: Brunnya|protosynthesisspe
|turn|5
|
|t:|1769381523
|switch|p2a: Ogerpon|Ogerpon-Wellspring, F|100/100
|-damage|p2a: Ogerpon|88/100|[from] Stealth Rock
|move|p1a: Brunnya|Hydro Steam|p2a: Ogerpon
|-heal|p2a: Ogerpon|100/100|[from] ability: Water Absorb|[of] p1a: Brunnya
|
|-weather|SunnyDay|[upkeep]
|upkeep
|turn|6
|
|t:|1769381534
|-end|p1a: Brunnya|Protosynthesis|[silent]
|switch|p1a: Blaze|Espeon, F|100/100
|move|p2a: Ogerpon|Trailblaze|p1a: Blaze
|-damage|p1a: Blaze|55/100
|-boost|p2a: Ogerpon|spe|1
|-damage|p2a: Ogerpon|84/100|[from] item: Rocky Helmet|[of] p1a: Blaze
|
|-weather|SunnyDay|[upkeep]
|upkeep
|turn|7
|
|t:|1769381562
|move|p2a: Ogerpon|Ivy Cudgel|p1a: Blaze|[anim] Ivy Cudgel Water
|-crit|p1a: Blaze
|-damage|p1a: Blaze|0 fnt
|faint|p1a: Blaze
|
|-weather|SunnyDay|[upkeep]
|upkeep
|
|t:|1769381572
|switch|p1a: Brunnya|Walking Wake|100/100
|-activate|p1a: Brunnya|ability: Protosynthesis
|-start|p1a: Brunnya|protosynthesisspe
|turn|8
|
|t:|1769381579
|move|p1a: Brunnya|Draco Meteor|p2a: Ogerpon
|-damage|p2a: Ogerpon|0 fnt
|-unboost|p1a: Brunnya|spa|2
|faint|p2a: Ogerpon
|
|-weather|none
|-end|p1a: Brunnya|Protosynthesis
|upkeep
|
|t:|1769381588
|switch|p2a: Tyranitar|Tyranitar, M|100/100
|-damage|p2a: Tyranitar|88/100|[from] Stealth Rock
|-weather|Sandstorm|[from] ability: Sand Stream|[of] p2a: Tyranitar
|turn|9
|
|t:|1769381596
|-end|p1a: Brunnya|Protosynthesis|[silent]
|switch|p1a: Steam|Torkoal, M|19/100
|-weather|SunnyDay|[from] ability: Drought|[of] p1a: Steam
|move|p2a: Tyranitar|Knock Off|p1a: Steam
|-damage|p1a: Steam|0 fnt
|-enditem|p1a: Steam|Heat Rock|[from] move: Knock Off|[of] p2a: Tyranitar
|faint|p1a: Steam
|
|-weather|SunnyDay|[upkeep]
|upkeep
|
|t:|1769381609
|switch|p1a: O. Ostrich|Zapdos-Galar|100/100
|turn|10
|
|t:|1769381615
|switch|p2a: Weavile|Weavile, M, tera:Dark|82/100 brn
|-ability|p2a: Weavile|Pressure
|move|p1a: O. Ostrich|Thunderous Kick|p2a: Weavile
|-supereffective|p2a: Weavile
|-damage|p2a: Weavile|0 fnt
|faint|p2a: Weavile
|
|-weather|SunnyDay|[upkeep]
|upkeep
|
|t:|1769381624
|switch|p2a: Tyranitar|Tyranitar, M|88/100
|-damage|p2a: Tyranitar|76/100|[from] Stealth Rock
|-weather|Sandstorm|[from] ability: Sand Stream|[of] p2a: Tyranitar
|turn|11
|
|t:|1769381632
|switch|p2a: Landorus|Landorus-Therian, M|100/100
|-ability|p2a: Landorus|Intimidate|boost
|-unboost|p1a: O. Ostrich|atk|1
|-ability|p1a: O. Ostrich|Defiant|boost
|-boost|p1a: O. Ostrich|atk|2
|move|p1a: O. Ostrich|Thunderous Kick|p2a: Landorus
|-resisted|p2a: Landorus
|-damage|p2a: Landorus|61/100
|-unboost|p2a: Landorus|def|1
|
|-weather|Sandstorm|[upkeep]
|-damage|p1a: O. Ostrich|94/100|[from] Sandstorm
|upkeep
|turn|12
|
|t:|1769381644
|move|p1a: O. Ostrich|Knock Off|p2a: Landorus
|-damage|p2a: Landorus|0 fnt
|-enditem|p2a: Landorus|Heavy-Duty Boots|[from] move: Knock Off|[of] p1a: O. Ostrich
|faint|p2a: Landorus
|
|-weather|Sandstorm|[upkeep]
|-damage|p1a: O. Ostrich|88/100|[from] Sandstorm
|upkeep
|
|t:|1769381662
|switch|p2a: Excadrill|Excadrill, F|100/100
|-damage|p2a: Excadrill|97/100|[from] Stealth Rock
|-item|p2a: Excadrill|Air Balloon
|turn|13
|
|t:|1769381669
|move|p2a: Excadrill|Rock Slide|p1a: O. Ostrich
|-damage|p1a: O. Ostrich|55/100
|cant|p1a: O. Ostrich|flinch
|
|-weather|Sandstorm|[upkeep]
|-damage|p1a: O. Ostrich|49/100|[from] Sandstorm
|upkeep
|turn|14
|
|t:|1769381696
|move|p2a: Excadrill|Rock Slide|p1a: O. Ostrich
|-damage|p1a: O. Ostrich|13/100
|move|p1a: O. Ostrich|Thunderous Kick|p2a: Excadrill
|-supereffective|p2a: Excadrill
|-damage|p2a: Excadrill|0 fnt
|-enditem|p2a: Excadrill|Air Balloon
|faint|p2a: Excadrill
|
|-weather|Sandstorm|[upkeep]
|-damage|p1a: O. Ostrich|7/100|[from] Sandstorm
|upkeep
|
|t:|1769381706
|switch|p2a: Okidogi|Okidogi, M|100/100
|-damage|p2a: Okidogi|94/100|[from] Stealth Rock
|turn|15
|
|t:|1769381720
|move|p1a: O. Ostrich|Drill Peck|p2a: Okidogi
|-supereffective|p2a: Okidogi
|-damage|p2a: Okidogi|9/100
|move|p2a: Okidogi|Bulk Up|p2a: Okidogi
|-boost|p2a: Okidogi|atk|1
|-boost|p2a: Okidogi|def|1
|
|-weather|Sandstorm|[upkeep]
|-damage|p1a: O. Ostrich|1/100|[from] Sandstorm
|-damage|p2a: Okidogi|3/100|[from] Sandstorm
|-heal|p2a: Okidogi|9/100|[from] item: Leftovers
|upkeep
|turn|16
|-message|DeeDzss forfeited.
|
|win|Antimaverick1080
|raw|Antimaverick1080's rating: 1265 &rarr; <strong>1286</strong><br />(+21 for winning)
|raw|DeeDzss's rating: 1210 &rarr; <strong>1189</strong><br />(-21 for losing)
|l|☆DeeDzss
|player|p2|
