|j|☆shiyedesu
|j|☆SquilliamTG
|t:|1769400452
|gametype|singles
|player|p1|shiyedesu|ingo|1482
|player|p2|SquilliamTG|silver|1516
|gen|9
|tier|[Gen 9] OU
|rated|
|rule|HP Percentage Mod: HP is shown in percentages
|rule|Endless Battle Clause: Forcing endless battles is banned
|rule|Species Clause: Limit one of each Pokémon
|rule|OHKO Clause: OHKO moves are banned
|rule|Evasion Items Clause: Evasion items are banned
|rule|Evasion Moves Clause: Evasion moves are banned
|rule|Evasion Abilities Clause: Evasion abilities are banned
|rule|Sleep Moves Clause: Sleep-inducing moves are banned
|clearpoke
|poke|p1|Great Tusk|
|poke|p1|Alomomola, F|
|poke|p1|Scizor, F|
|poke|p1|Darkrai|
|poke|p1|Slowking-Galar, F|
|poke|p1|Dragapult, M|
|poke|p2|Great Tusk|
|poke|p2|Magnezone|
|poke|p2|Slowking-Galar, F|
|poke|p2|Dragonite, M|
|poke|p2|Alomomola, M|
|poke|p2|Zamazenta-*|
|teampreview
|inactive|Battle timer is ON: inactive players will automatically lose when time's up. (requested by SquilliamTG)
|
|t:|1769400467
|teamsize|p1|6
|teamsize|p2|6
|start
|switch|p1a: Great Tusk|Great Tusk|100/100
|switch|p2a: Magnezone|Magnezone|100/100
|turn|1
|
|t:|1769400474
|switch|p2a: Alomomola|Alomomola, M|100/100
|move|p1a: Great Tusk|Stealth Rock|p2a: Alomomola
|-sidestart|p2: SquilliamTG|move: Stealth Rock
|
|upkeep
|turn|2
|
|t:|1769400486
|-end|p1a: Great Tusk|Protosynthesis|[silent]
|switch|p1a: Alomomola|Alomomola, F|100/100
|move|p2a: Alomomola|Flip Turn|p1a: Alomomola
|-resisted|p1a: Alomomola
|-damage|p1a: Alomomola|96/100
|
|t:|1769400493
|switch|p2a: Magnezone|Magnezone|100/100|[from] Flip Turn
|-damage|p2a: Magnezone|94/100|[from] Stealth Rock
|
|upkeep
|turn|3
|
|t:|1769400499
|switch|p1a: Great Tusk|Great Tusk|100/100
|move|p2a: Magnezone|Flash Cannon|p1a: Great Tusk
|-damage|p1a: Great Tusk|16/100
|
|upkeep
|turn|4
|
|t:|1769400509
|switch|p2a: Alomomola|Alomomola, M|100/100
|-end|p1a: Great Tusk|Protosynthesis|[silent]
|switch|p1a: Slowking|Slowking-Galar, F|100/100
|
|upkeep
|turn|5
|
|t:|1769400514
|move|p2a: Alomomola|Flip Turn|p1a: Slowking
|-damage|p1a: Slowking|82/100
|
|t:|1769400518
|switch|p2a: Great Tusk|Great Tusk|100/100|[from] Flip Turn
|-prepare|p1a: Slowking|Chilly Reception|[premajor]
|move|p1a: Slowking|Chilly Reception|p1a: Slowking
|-weather|Snowscape
|
|t:|1769400525
|switch|p1a: Alomomola|Alomomola, F|100/100|[from] Chilly Reception
|
|-weather|Snowscape|[upkeep]
|upkeep
|turn|6
|
|t:|1769400531
|move|p2a: Great Tusk|Stealth Rock|p1a: Alomomola
|-sidestart|p1: shiyedesu|move: Stealth Rock
|move|p1a: Alomomola|Flip Turn|p2a: Great Tusk
|-supereffective|p2a: Great Tusk
|-damage|p2a: Great Tusk|78/100
|
|t:|1769400541
|switch|p1a: Dragapult|Dragapult, M|100/100|[from] Flip Turn
|-damage|p1a: Dragapult|88/100|[from] Stealth Rock
|
|-weather|Snowscape|[upkeep]
|upkeep
|turn|7
|
|t:|1769400558
|move|p1a: Dragapult|U-turn|p2a: Great Tusk
|-resisted|p2a: Great Tusk
|-damage|p2a: Great Tusk|64/100
|
|t:|1769400561
|switch|p1a: Alomomola|Alomomola, F|100/100|[from] U-turn
|move|p2a: Great Tusk|Headlong Rush|p1a: Alomomola
|-damage|p1a: Alomomola|67/100
|-unboost|p2a: Great Tusk|def|1
|-unboost|p2a: Great Tusk|spd|1
|
|-weather|Snowscape|[upkeep]
|upkeep
|turn|8
|
|t:|1769400570
|-end|p2a: Great Tusk|Protosynthesis|[silent]
|switch|p2a: Magnezone|Magnezone|94/100
|-damage|p2a: Magnezone|88/100|[from] Stealth Rock
|move|p1a: Alomomola|Wish|p1a: Alomomola
|
|-weather|Snowscape|[upkeep]
|upkeep
|turn|9
|
|t:|1769400583
|move|p2a: Magnezone|Thunderbolt|p1a: Alomomola
|-supereffective|p1a: Alomomola
|-damage|p1a: Alomomola|0 fnt
|faint|p1a: Alomomola
|
|-weather|none
|upkeep
|
|t:|1769400586
|switch|p1a: Great Tusk|Great Tusk|16/100
|-damage|p1a: Great Tusk|13/100|[from] Stealth Rock
|turn|10
|
|t:|1769400601
|switch|p2a: Alomomola|Alomomola, M|100/100
|move|p1a: Great Tusk|Headlong Rush|p2a: Alomomola
|-damage|p2a: Alomomola|72/100
|-unboost|p1a: Great Tusk|def|1
|-unboost|p1a: Great Tusk|spd|1
|
|upkeep
|turn|11
|
|t:|1769400616
|-end|p1a: Great Tusk|Protosynthesis|[silent]
|switch|p1a: Slowking|Slowking-Galar, F|100/100
|move|p2a: Alomomola|Wish|p2a: Alomomola
|
|upkeep
|turn|12
|
|t:|1769400620
|move|p2a: Alomomola|Flip Turn|p1a: Slowking
|-damage|p1a: Slowking|85/100
|
|t:|1769400623
|switch|p2a: Great Tusk|Great Tusk|64/100|[from] Flip Turn
|move|p1a: Slowking|Psychic Noise|p2a: Great Tusk
|-supereffective|p2a: Great Tusk
|-damage|p2a: Great Tusk|0 fnt
|faint|p2a: Great Tusk
|-end|p2a: Great Tusk|Protosynthesis|[silent]
|
|upkeep
|
|t:|1769400631
|switch|p2a: Dragonite|Dragonite, M|100/100
|turn|13
|
|t:|1769400644
|-terastallize|p1a: Slowking|Flying
|move|p2a: Dragonite|Dragon Dance|p2a: Dragonite
|-boost|p2a: Dragonite|atk|1
|-boost|p2a: Dragonite|spe|1
|move|p1a: Slowking|Psychic Noise|p2a: Dragonite
|-crit|p2a: Dragonite
|-damage|p2a: Dragonite|77/100
|-start|p2a: Dragonite|move: Heal Block
|
|upkeep
|turn|14
|
|t:|1769400654
|-terastallize|p2a: Dragonite|Normal
|move|p2a: Dragonite|Extreme Speed|p1a: Slowking
|-crit|p1a: Slowking
|-damage|p1a: Slowking|0 fnt
|faint|p1a: Slowking
|
|-end|p2a: Dragonite|move: Heal Block
|upkeep
|
|t:|1769400661
|switch|p1a: Dragapult|Dragapult, M|88/100
|-damage|p1a: Dragapult|76/100|[from] Stealth Rock
|turn|15
|inactive|shiyedesu has 120 seconds left.
|
|t:|1769400692
|move|p2a: Dragonite|Earthquake|p1a: Dragapult
|-damage|p1a: Dragapult|0 fnt
|faint|p1a: Dragapult
|
|upkeep
|inactive|shiyedesu has 120 seconds left.
|inactive|shiyedesu has 90 seconds left.
|-message|shiyedesu forfeited.
|
|win|SquilliamTG
|raw|shiyedesu's rating: 1482 &rarr; <strong>1464</strong><br />(-18 for losing)
|raw|SquilliamTG's rating: 1516 &rarr; <strong>1534</strong><br />(+18 for winning)
