|j|☆aceboladoxx
|j|☆okijk
|t:|1769406824
|gametype|singles
|player|p1|aceboladoxx|n|1081
|player|p2|okijk|firebreather|1094
|gen|9
|tier|[Gen 9] OU
|rated|
|rule|HP Percentage Mod: HP is shown in percentages
|rule|Endless Battle Clause: Forcing endless battles is banned
|rule|Species Clause: Limit one of each Pokémon
|rule|OHKO Clause: OHKO moves are banned
|rule|Evasion Items Clause: Evasion items are banned
|rule|Evasion Moves Clause: Evasion moves are banned
|rule|Evasion Abilities Clause: Evasion abilities are banned
|rule|Sleep Moves Clause: Sleep-inducing moves are banned
|clearpoke
|poke|p1|Garganacl, M|
|poke|p1|Ceruledge, M|
|poke|p1|Venusaur, M|
|poke|p1|Grimmsnarl, M|
|poke|p1|Milotic, F|
|poke|p1|Dragonite, M|
|poke|p2|Ogerpon, F|
|poke|p2|Meowscarada, F|
|poke|p2|Inteleon, F|
|poke|p2|Exeggutor-Alola, M|
|poke|p2|Cinderace, M|
|poke|p2|Dragonite, F|
|teampreview
|inactive|Battle timer is ON: inactive players will automatically lose when time's up. (requested by aceboladoxx)
|inactive|okijk also wants the timer to be on.
|
|t:|1769406854
|teamsize|p1|6
|teamsize|p2|6
|start
|switch|p1a: Grimmsnarl|Grimmsnarl, M|100/100
|switch|p2a: Inteleon|Inteleon, F|100/100
|turn|1
|
|t:|1769406861
|move|p1a: Grimmsnarl|Light Screen|p1a: Grimmsnarl
|-sidestart|p1: aceboladoxx|move: Light Screen
|move|p2a: Inteleon|Snipe Shot|p1a: Grimmsnarl
|-damage|p1a: Grimmsnarl|78/100
|
|upkeep
|turn|2
|
|t:|1769406869
|move|p1a: Grimmsnarl|Reflect|p1a: Grimmsnarl
|-sidestart|p1: aceboladoxx|Reflect
|move|p2a: Inteleon|Snipe Shot|p1a: Grimmsnarl
|-damage|p1a: Grimmsnarl|57/100
|
|upkeep
|turn|3
|
|t:|1769406876
|switch|p1a: Venusaur|Venusaur, M, shiny|100/100
|move|p2a: Inteleon|Snipe Shot|p1a: Venusaur
|-resisted|p1a: Venusaur
|-damage|p1a: Venusaur|89/100
|
|-heal|p1a: Venusaur|95/100|[from] item: Black Sludge
|upkeep
|turn|4
|
|t:|1769406885
|move|p2a: Inteleon|Ice Beam|p1a: Venusaur
|-supereffective|p1a: Venusaur
|-damage|p1a: Venusaur|61/100
|move|p1a: Venusaur|Leech Seed|p2a: Inteleon
|-start|p2a: Inteleon|move: Leech Seed
|
|-heal|p1a: Venusaur|67/100|[from] item: Black Sludge
|-damage|p2a: Inteleon|88/100|[from] Leech Seed|[of] p1a: Venusaur
|-heal|p1a: Venusaur|79/100|[silent]
|upkeep
|turn|5
|
|t:|1769406896
|switch|p2a: Exeggutor|Exeggutor-Alola, M|100/100
|move|p1a: Venusaur|Giga Drain|p2a: Exeggutor
|-resisted|p2a: Exeggutor
|-damage|p2a: Exeggutor|91/100
|-heal|p1a: Venusaur|85/100|[from] drain|[of] p2a: Exeggutor
|
|-heal|p1a: Venusaur|91/100|[from] item: Black Sludge
|upkeep
|turn|6
|
|t:|1769406907
|move|p1a: Venusaur|Sludge Bomb|p2a: Exeggutor
|-supereffective|p2a: Exeggutor
|-damage|p2a: Exeggutor|0 fnt
|faint|p2a: Exeggutor
|
|-heal|p1a: Venusaur|97/100|[from] item: Black Sludge
|upkeep
|
|t:|1769406918
|switch|p2a: Cinderace|Cinderace, M|100/100
|turn|7
|
|t:|1769406923
|switch|p1a: Milotic|Milotic, F|100/100
|move|p2a: Cinderace|Court Change|p2a: Cinderace
|-start|p2a: Cinderace|typechange|Normal|[from] ability: Libero
|-swapsideconditions
|-activate|p2a: Cinderace|move: Court Change
|
|upkeep
|turn|8
|
|t:|1769406931
|move|p2a: Cinderace|U-turn|p1a: Milotic
|-damage|p1a: Milotic|74/100
|
|t:|1769406944
|switch|p2a: Ogerpon|Ogerpon, F|100/100|[from] U-turn
|move|p1a: Milotic|Scald|p2a: Ogerpon
|-resisted|p2a: Ogerpon
|-damage|p2a: Ogerpon|91/100
|
|-sideend|p2: okijk|move: Light Screen
|upkeep
|turn|9
|
|t:|1769406958
|switch|p1a: Ceruledge|Ceruledge, M|100/100
|move|p2a: Ogerpon|Horn Leech|p1a: Ceruledge
|-resisted|p1a: Ceruledge
|-damage|p1a: Ceruledge|76/100
|-heal|p2a: Ogerpon|100/100|[from] drain|[of] p1a: Ceruledge
|-ability|p1a: Ceruledge|Weak Armor|boost
|-unboost|p1a: Ceruledge|def|1
|-boost|p1a: Ceruledge|spe|2
|
|-sideend|p2: okijk|Reflect
|upkeep
|turn|10
|
|t:|1769406974
|switch|p2a: Cinderace|Cinderace, M|100/100
|move|p1a: Ceruledge|Swords Dance|p1a: Ceruledge
|-boost|p1a: Ceruledge|atk|2
|
|upkeep
|turn|11
|
|t:|1769406983
|move|p2a: Cinderace|Sucker Punch|p1a: Ceruledge
|-start|p2a: Cinderace|typechange|Dark|[from] ability: Libero
|-supereffective|p1a: Ceruledge
|-damage|p1a: Ceruledge|0 fnt
|faint|p1a: Ceruledge
|
|upkeep
|
|t:|1769406993
|switch|p1a: Grimmsnarl|Grimmsnarl, M|57/100
|turn|12
|
|t:|1769406998
|move|p1a: Grimmsnarl|Reflect|p1a: Grimmsnarl
|-sidestart|p1: aceboladoxx|Reflect
|move|p2a: Cinderace|U-turn|p1a: Grimmsnarl
|-damage|p1a: Grimmsnarl|44/100
|
|t:|1769407004
|switch|p2a: Inteleon|Inteleon, F|88/100|[from] U-turn
|
|upkeep
|turn|13
|
|t:|1769407009
|move|p1a: Grimmsnarl|Light Screen|p1a: Grimmsnarl
|-sidestart|p1: aceboladoxx|move: Light Screen
|move|p2a: Inteleon|Snipe Shot|p1a: Grimmsnarl
|-damage|p1a: Grimmsnarl|21/100
|
|upkeep
|turn|14
|
|t:|1769407018
|switch|p1a: Venusaur|Venusaur, M, shiny|97/100
|move|p2a: Inteleon|Flip Turn|p1a: Venusaur
|-resisted|p1a: Venusaur
|-damage|p1a: Venusaur|92/100
|
|t:|1769407031
|switch|p2a: Cinderace|Cinderace, M|100/100|[from] Flip Turn
|
|-heal|p1a: Venusaur|98/100|[from] item: Black Sludge
|upkeep
|turn|15
|
|t:|1769407041
|move|p2a: Cinderace|Court Change|p2a: Cinderace
|-start|p2a: Cinderace|typechange|Normal|[from] ability: Libero
|-swapsideconditions
|-activate|p2a: Cinderace|move: Court Change
|move|p1a: Venusaur|Earth Power|p2a: Cinderace
|-damage|p2a: Cinderace|80/100
|
|-heal|p1a: Venusaur|100/100|[from] item: Black Sludge
|upkeep
|turn|16
|
|t:|1769407054
|move|p2a: Cinderace|U-turn|p1a: Venusaur
|-damage|p1a: Venusaur|68/100
|
|t:|1769407059
|switch|p2a: Inteleon|Inteleon, F|88/100|[from] U-turn
|move|p1a: Venusaur|Giga Drain|p2a: Inteleon
|-supereffective|p2a: Inteleon
|-damage|p2a: Inteleon|28/100
|-heal|p1a: Venusaur|96/100|[from] drain|[of] p2a: Inteleon
|
|-heal|p1a: Venusaur|100/100|[from] item: Black Sludge
|upkeep
|turn|17
|
|t:|1769407070
|move|p2a: Inteleon|Ice Beam|p1a: Venusaur
|-supereffective|p1a: Venusaur
|-damage|p1a: Venusaur|36/100
|move|p1a: Venusaur|Sludge Bomb|p2a: Inteleon
|-damage|p2a: Inteleon|0 fnt
|faint|p2a: Inteleon
|
|-heal|p1a: Venusaur|42/100|[from] item: Black Sludge
|upkeep
|
|t:|1769407090
|switch|p2a: Meowscarada|Meowscarada, F|100/100
|turn|18
|
|t:|1769407096
|move|p2a: Meowscarada|Knock Off|p1a: Venusaur
|-start|p2a: Meowscarada|typechange|Dark|[from] ability: Protean
|-damage|p1a: Venusaur|0 fnt
|-enditem|p1a: Venusaur|Black Sludge|[from] move: Knock Off|[of] p2a: Meowscarada
|faint|p1a: Venusaur
|-damage|p2a: Meowscarada|91/100|[from] item: Life Orb
|
|upkeep
|
|t:|1769407110
|switch|p1a: Milotic|Milotic, F|74/100
|turn|19
|
|t:|1769407125
|-terastallize|p1a: Milotic|Fairy
|move|p2a: Meowscarada|Knock Off|p1a: Milotic
|-resisted|p1a: Milotic
|-damage|p1a: Milotic|38/100
|-enditem|p1a: Milotic|Heavy-Duty Boots|[from] move: Knock Off|[of] p2a: Meowscarada
|-damage|p2a: Meowscarada|81/100|[from] item: Life Orb
|move|p1a: Milotic|Alluring Voice|p2a: Meowscarada
|-supereffective|p2a: Meowscarada
|-damage|p2a: Meowscarada|28/100
|
|-sideend|p2: okijk|Reflect
|upkeep
|turn|20
|
|t:|1769407141
|switch|p2a: Cinderace|Cinderace, M|80/100
|move|p1a: Milotic|Recover|p1a: Milotic
|-heal|p1a: Milotic|88/100
|
|-sideend|p2: okijk|move: Light Screen
|upkeep
|turn|21
|
|t:|1769407150
|move|p2a: Cinderace|Pyro Ball|p1a: Milotic
|-damage|p1a: Milotic|12/100
|move|p1a: Milotic|Scald|p2a: Cinderace
|-supereffective|p2a: Cinderace
|-damage|p2a: Cinderace|0 fnt
|faint|p2a: Cinderace
|
|upkeep
|
|t:|1769407159
|switch|p2a: Meowscarada|Meowscarada, F|28/100
|turn|22
|
|t:|1769407165
|switch|p1a: Garganacl|Garganacl, M, shiny|100/100
|move|p2a: Meowscarada|Triple Axel|p1a: Garganacl
|-start|p2a: Meowscarada|typechange|Ice|[from] ability: Protean
|-damage|p1a: Garganacl|94/100
|-damage|p1a: Garganacl|82/100
|-hitcount|p1a: Garganacl|2
|-damage|p2a: Meowscarada|19/100|[from] item: Life Orb
|
|-heal|p1a: Garganacl|88/100|[from] item: Leftovers
|upkeep
|turn|23
|
|t:|1769407180
|move|p2a: Meowscarada|Flower Trick|p1a: Garganacl
|-supereffective|p1a: Garganacl
|-crit|p1a: Garganacl
|-damage|p1a: Garganacl|46/100
|-damage|p2a: Meowscarada|9/100|[from] item: Life Orb
|move|p1a: Garganacl|Salt Cure|p2a: Meowscarada
|-supereffective|p2a: Meowscarada
|-damage|p2a: Meowscarada|0 fnt
|faint|p2a: Meowscarada
|
|-heal|p1a: Garganacl|52/100|[from] item: Leftovers
|upkeep
|
|t:|1769407192
|switch|p2a: Ogerpon|Ogerpon, F|100/100
|turn|24
|
|t:|1769407197
|move|p1a: Garganacl|Protect|p1a: Garganacl
|-singleturn|p1a: Garganacl|Protect
|move|p2a: Ogerpon|Focus Energy|p2a: Ogerpon
|-start|p2a: Ogerpon|move: Focus Energy
|
|-heal|p1a: Garganacl|58/100|[from] item: Leftovers
|upkeep
|turn|25
|
|t:|1769407213
|move|p2a: Ogerpon|Swords Dance|p2a: Ogerpon
|-boost|p2a: Ogerpon|atk|2
|move|p1a: Garganacl|Recover|p1a: Garganacl
|-heal|p1a: Garganacl|100/100
|
|upkeep
|turn|26
|
|t:|1769407220
|move|p1a: Garganacl|Protect|p1a: Garganacl
|-singleturn|p1a: Garganacl|Protect
|move|p2a: Ogerpon|Swords Dance|p2a: Ogerpon
|-boost|p2a: Ogerpon|atk|2
|
|upkeep
|turn|27
|
|t:|1769407228
|move|p2a: Ogerpon|Horn Leech|p1a: Garganacl
|-supereffective|p1a: Garganacl
|-crit|p1a: Garganacl
|-damage|p1a: Garganacl|0 fnt
|faint|p1a: Garganacl
|
|upkeep
|
|t:|1769407236
|switch|p1a: Dragonite|Dragonite, M|100/100
|turn|28
|
|t:|1769407240
|-terastallize|p2a: Ogerpon|Grass
|detailschange|p2a: Ogerpon|Ogerpon-Teal-Tera, F, tera:Grass
|-ability|p2a: Ogerpon|Embody Aspect (Teal)|boost
|-boost|p2a: Ogerpon|spe|1
|move|p2a: Ogerpon|Superpower|p1a: Dragonite
|-resisted|p1a: Dragonite
|-crit|p1a: Dragonite
|-damage|p1a: Dragonite|55/100
|-unboost|p2a: Ogerpon|atk|1
|-unboost|p2a: Ogerpon|def|1
|move|p1a: Dragonite|Dragon Dance|p1a: Dragonite
|-boost|p1a: Dragonite|atk|1
|-boost|p1a: Dragonite|spe|1
|
|upkeep
|turn|29
|
|t:|1769407254
|move|p1a: Dragonite|Extreme Speed|p2a: Ogerpon
|-damage|p2a: Ogerpon|9/100
|move|p2a: Ogerpon|Superpower|p1a: Dragonite
|-resisted|p1a: Dragonite
|-crit|p1a: Dragonite
|-damage|p1a: Dragonite|0 fnt
|-unboost|p2a: Ogerpon|atk|1
|-unboost|p2a: Ogerpon|def|1
|faint|p1a: Dragonite
|
|upkeep
|-message|aceboladoxx forfeited.
|
|win|okijk
|raw|aceboladoxx's rating: 1081 &rarr; <strong>1060</strong><br />(-21 for losing)
|raw|okijk's rating: 1094 &rarr; <strong>1119</strong><br />(+25 for winning)
|l|☆aceboladoxx
|player|p1|
|l|☆okijk
|player|p2|
