|j|☆bballtjh123
|j|☆pksooo
|t:|1769441104
|gametype|singles
|player|p1|bballtjh123|170|1367
|player|p2|pksooo|dragontamer|1385
|gen|9
|tier|[Gen 9] OU
|rated|
|rule|HP Percentage Mod: HP is shown in percentages
|rule|Endless Battle Clause: Forcing endless battles is banned
|rule|Species Clause: Limit one of each Pokémon
|rule|OHKO Clause: OHKO moves are banned
|rule|Evasion Items Clause: Evasion items are banned
|rule|Evasion Moves Clause: Evasion moves are banned
|rule|Evasion Abilities Clause: Evasion abilities are banned
|rule|Sleep Moves Clause: Sleep-inducing moves are banned
|clearpoke
|poke|p1|Kyurem|
|poke|p1|Slowking-Galar, F|
|poke|p1|Great Tusk|
|poke|p1|Rillaboom, F|
|poke|p1|Kingambit, M|
|poke|p1|Moltres|
|poke|p2|Toxicroak, M|
|poke|p2|Arcanine-Hisui, F|
|poke|p2|Raging Bolt|
|poke|p2|Hitmonlee, M|
|poke|p2|Pelipper, F|
|poke|p2|Kingdra, M|
|teampreview
|inactive|Battle timer is ON: inactive players will automatically lose when time's up. (requested by pksooo)
|
|t:|1769441116
|teamsize|p1|6
|teamsize|p2|6
|start
|switch|p1a: Kyurem|Kyurem, shiny|100/100
|switch|p2a: Arcanine|Arcanine-Hisui, F|100/100
|-ability|p1a: Kyurem|Pressure
|turn|1
|
|t:|1769441136
|switch|p2a: Pelipper|Pelipper, F|100/100
|-weather|RainDance|[from] ability: Drizzle|[of] p2a: Pelipper
|move|p1a: Kyurem|Earth Power|p2a: Pelipper
|-immune|p2a: Pelipper
|
|-weather|RainDance|[upkeep]
|upkeep
|turn|2
|
|t:|1769441150
|switch|p1a: Slowking|Slowking-Galar, F|100/100
|move|p2a: Pelipper|U-turn|p1a: Slowking
|-damage|p1a: Slowking|91/100
|
|t:|1769441153
|switch|p2a: Arcanine|Arcanine-Hisui, F|100/100|[from] U-turn
|
|-weather|RainDance|[upkeep]
|upkeep
|turn|3
|
|t:|1769441175
|switch|p1a: Kingambit|Kingambit, M|100/100
|move|p2a: Arcanine|Head Smash|p1a: Kingambit
|-resisted|p1a: Kingambit
|-damage|p1a: Kingambit|58/100
|
|-weather|RainDance|[upkeep]
|upkeep
|turn|4
|
|t:|1769441185
|switch|p2a: Pelipper|Pelipper, F|100/100
|move|p1a: Kingambit|Iron Head|p2a: Pelipper
|-resisted|p2a: Pelipper
|-damage|p2a: Pelipper|84/100
|
|-weather|RainDance|[upkeep]
|upkeep
|turn|5
|
|t:|1769441198
|move|p2a: Pelipper|Hurricane|p1a: Kingambit
|-resisted|p1a: Kingambit
|-damage|p1a: Kingambit|41/100
|move|p1a: Kingambit|Kowtow Cleave|p2a: Pelipper
|-damage|p2a: Pelipper|48/100
|
|-weather|RainDance|[upkeep]
|upkeep
|turn|6
|
|t:|1769441207
|move|p2a: Pelipper|Roost|p2a: Pelipper
|-heal|p2a: Pelipper|98/100
|-singleturn|p2a: Pelipper|move: Roost
|move|p1a: Kingambit|Kowtow Cleave|p2a: Pelipper
|-damage|p2a: Pelipper|59/100
|
|-weather|RainDance|[upkeep]
|upkeep
|turn|7
|
|t:|1769441216
|move|p2a: Pelipper|Weather Ball|p1a: Kingambit
|-damage|p1a: Kingambit|0 fnt
|faint|p1a: Kingambit
|-end|p1a: Kingambit|fallenundefined|[silent]
|
|-weather|RainDance|[upkeep]
|upkeep
|
|t:|1769441231
|switch|p1a: Kyurem|Kyurem, shiny|100/100
|-ability|p1a: Kyurem|Pressure
|turn|8
|
|t:|1769441242
|switch|p2a: Toxicroak|Toxicroak, M|100/100
|move|p1a: Kyurem|Freeze-Dry|p2a: Toxicroak
|-damage|p2a: Toxicroak|15/100
|
|-weather|none
|upkeep
|turn|9
|
|t:|1769441251
|move|p2a: Toxicroak|Sucker Punch|p1a: Kyurem
|-damage|p1a: Kyurem|81/100
|move|p1a: Kyurem|Freeze-Dry|p2a: Toxicroak
|-damage|p2a: Toxicroak|0 fnt
|faint|p2a: Toxicroak
|
|upkeep
|
|t:|1769441254
|switch|p2a: Pelipper|Pelipper, F|59/100
|-weather|RainDance|[from] ability: Drizzle|[of] p2a: Pelipper
|turn|10
|
|t:|1769441264
|move|p1a: Kyurem|Freeze-Dry|p2a: Pelipper
|-supereffective|p2a: Pelipper
|-damage|p2a: Pelipper|0 fnt
|faint|p2a: Pelipper
|
|-weather|RainDance|[upkeep]
|upkeep
|
|t:|1769441267
|switch|p2a: Kingdra|Kingdra, M|100/100
|turn|11
|
|t:|1769441279
|-terastallize|p2a: Kingdra|Water
|-terastallize|p1a: Kyurem|Ice
|move|p2a: Kingdra|Hydro Pump|p1a: Kyurem
|-damage|p1a: Kyurem|0 fnt
|faint|p1a: Kyurem
|
|-weather|RainDance|[upkeep]
|upkeep
|
|t:|1769441299
|switch|p1a: Slowking|Slowking-Galar, F|100/100
|turn|12
|
|t:|1769441302
|move|p2a: Kingdra|Hydro Pump|p1a: Slowking
|-damage|p1a: Slowking|15/100
|-prepare|p1a: Slowking|Chilly Reception|[premajor]
|move|p1a: Slowking|Chilly Reception|p1a: Slowking
|-weather|Snowscape
|
|t:|1769441315
|switch|p1a: Rillaboom|Rillaboom, F|100/100|[from] Chilly Reception
|-fieldstart|move: Grassy Terrain|[from] ability: Grassy Surge|[of] p1a: Rillaboom
|
|-weather|Snowscape|[upkeep]
|upkeep
|turn|13
|
|t:|1769441325
|move|p2a: Kingdra|Hydro Pump|p1a: Rillaboom
|-resisted|p1a: Rillaboom
|-damage|p1a: Rillaboom|32/100
|move|p1a: Rillaboom|Knock Off|p2a: Kingdra
|-damage|p2a: Kingdra|32/100
|-enditem|p2a: Kingdra|Choice Specs|[from] move: Knock Off|[of] p1a: Rillaboom
|
|-weather|Snowscape|[upkeep]
|-heal|p2a: Kingdra|38/100|[from] Grassy Terrain
|-heal|p1a: Rillaboom|38/100|[from] Grassy Terrain
|upkeep
|turn|14
|
|t:|1769441339
|move|p2a: Kingdra|Hurricane|p1a: Rillaboom
|-supereffective|p1a: Rillaboom
|-damage|p1a: Rillaboom|0 fnt
|faint|p1a: Rillaboom
|
|-weather|Snowscape|[upkeep]
|-heal|p2a: Kingdra|44/100|[from] Grassy Terrain
|upkeep
|
|t:|1769441357
|switch|p1a: Great Tusk|Great Tusk|100/100
|turn|15
|
|t:|1769441366
|move|p1a: Great Tusk|Headlong Rush|p2a: Kingdra
|-damage|p2a: Kingdra|0 fnt
|-unboost|p1a: Great Tusk|def|1
|-unboost|p1a: Great Tusk|spd|1
|faint|p2a: Kingdra
|
|-weather|Snowscape|[upkeep]
|upkeep
|
|t:|1769441379
|switch|p2a: Arcanine|Arcanine-Hisui, F|100/100
|turn|16
|
|t:|1769441392
|-end|p1a: Great Tusk|Protosynthesis|[silent]
|switch|p1a: Slowking|Slowking-Galar, F|48/100
|move|p2a: Arcanine|Flare Blitz|p1a: Slowking
|-damage|p1a: Slowking|0 fnt
|faint|p1a: Slowking
|
|-weather|none
|-fieldend|move: Grassy Terrain
|upkeep
|
|t:|1769441406
|switch|p1a: Great Tusk|Great Tusk|100/100
|turn|17
|
|t:|1769441413
|move|p2a: Arcanine|Flare Blitz|p1a: Great Tusk
|-damage|p1a: Great Tusk|37/100
|move|p1a: Great Tusk|Headlong Rush|p2a: Arcanine
|-supereffective|p2a: Arcanine
|-damage|p2a: Arcanine|0 fnt
|-unboost|p1a: Great Tusk|def|1
|-unboost|p1a: Great Tusk|spd|1
|faint|p2a: Arcanine
|
|upkeep
|
|t:|1769441423
|switch|p2a: Hitmonlee|Hitmonlee, M|100/100
|turn|18
|
|t:|1769441442
|-end|p1a: Great Tusk|Protosynthesis|[silent]
|switch|p1a: Moltres|Moltres|100/100
|move|p2a: Hitmonlee|Stone Edge|p1a: Moltres
|-supereffective|p1a: Moltres
|-damage|p1a: Moltres|0 fnt
|faint|p1a: Moltres
|
|upkeep
|
|t:|1769441450
|switch|p1a: Great Tusk|Great Tusk|37/100
|turn|19
|
|t:|1769441462
|move|p2a: Hitmonlee|Endure|p2a: Hitmonlee
|-singleturn|p2a: Hitmonlee|move: Endure
|move|p1a: Great Tusk|Ice Spinner|p2a: Hitmonlee
|-crit|p2a: Hitmonlee
|-damage|p2a: Hitmonlee|2/100
|-enditem|p2a: Hitmonlee|Liechi Berry|[eat]
|-boost|p2a: Hitmonlee|atk|1|[from] item: Liechi Berry
|
|upkeep
|turn|20
|
|t:|1769441476
|move|p2a: Hitmonlee|Reversal|p1a: Great Tusk
|-damage|p1a: Great Tusk|0 fnt
|faint|p1a: Great Tusk
|-end|p1a: Great Tusk|Protosynthesis|[silent]
|
|win|pksooo
|raw|bballtjh123's rating: 1367 &rarr; <strong>1348</strong><br />(-19 for losing)
|raw|pksooo's rating: 1385 &rarr; <strong>1404</strong><br />(+19 for winning)
|l|☆bballtjh123
|player|p1|
|l|☆pksooo
|player|p2|
