|j|☆Experiment7777448
|j|☆rizz of reko
|t:|1769396076
|gametype|singles
|player|p1|Experiment7777448|dawn-gen4pt|1494
|player|p2|rizz of reko|norman|1526
|gen|9
|tier|[Gen 9] OU
|rated|
|rule|HP Percentage Mod: HP is shown in percentages
|rule|Endless Battle Clause: Forcing endless battles is banned
|rule|Species Clause: Limit one of each Pokémon
|rule|OHKO Clause: OHKO moves are banned
|rule|Evasion Items Clause: Evasion items are banned
|rule|Evasion Moves Clause: Evasion moves are banned
|rule|Evasion Abilities Clause: Evasion abilities are banned
|rule|Sleep Moves Clause: Sleep-inducing moves are banned
|clearpoke
|poke|p1|Okidogi, M|
|poke|p1|Porygon-Z|
|poke|p1|Scizor, F|
|poke|p1|Darkrai|
|poke|p1|Dragapult, F|
|poke|p1|Kyurem|
|poke|p2|Great Tusk|
|poke|p2|Raging Bolt|
|poke|p2|Dragonite, M|
|poke|p2|Gholdengo|
|poke|p2|Iron Moth|
|poke|p2|Araquanid, F|
|teampreview
|inactive|Battle timer is ON: inactive players will automatically lose when time's up. (requested by Experiment7777448)
|
|t:|1769396097
|teamsize|p1|6
|teamsize|p2|6
|start
|switch|p1a: Porygon-Z|Porygon-Z|100/100
|switch|p2a: Araquanid|Araquanid, F|100/100
|turn|1
|
|t:|1769396114
|move|p1a: Porygon-Z|Nasty Plot|p1a: Porygon-Z
|-boost|p1a: Porygon-Z|spa|2
|move|p2a: Araquanid|Sticky Web|p1a: Porygon-Z
|-sidestart|p1: Experiment7777448|move: Sticky Web
|
|upkeep
|turn|2
|
|t:|1769396123
|move|p1a: Porygon-Z|Tri Attack|p2a: Araquanid
|-damage|p2a: Araquanid|14/100
|move|p2a: Araquanid|Surf|p1a: Porygon-Z
|-damage|p1a: Porygon-Z|29/100
|
|upkeep
|turn|3
|-enditem|p2a: Araquanid|Custap Berry|[eat]
|-activate|p2a: Araquanid|item: Custap Berry|[consumed]
|
|t:|1769396132
|move|p2a: Araquanid|Surf|p1a: Porygon-Z
|-damage|p1a: Porygon-Z|0 fnt
|faint|p1a: Porygon-Z
|
|upkeep
|
|t:|1769396159
|switch|p1a: Dragapult|Dragapult, F|100/100
|-activate|p1a: Dragapult|move: Sticky Web
|-fail|p1a: Dragapult|unboost|[from] ability: Clear Body|[of] p1a: Dragapult
|turn|4
|
|t:|1769396172
|move|p1a: Dragapult|Dragon Dance|p1a: Dragapult
|-boost|p1a: Dragapult|atk|1
|-boost|p1a: Dragapult|spe|1
|move|p2a: Araquanid|Surf|p1a: Dragapult
|-resisted|p1a: Dragapult
|-damage|p1a: Dragapult|65/100
|
|-heal|p1a: Dragapult|72/100|[from] item: Leftovers
|upkeep
|turn|5
|inactive|Experiment7777448 has 120 seconds left.
|
|t:|1769396204
|switch|p2a: Great Tusk|Great Tusk, shiny|100/100
|-enditem|p2a: Great Tusk|Booster Energy
|-activate|p2a: Great Tusk|ability: Protosynthesis|[fromitem]
|-start|p2a: Great Tusk|protosynthesisatk
|move|p1a: Dragapult|Dragon Darts|p2a: Great Tusk
|-damage|p2a: Great Tusk|76/100
|-anim|p1a: Dragapult|Dragon Darts|p2a: Great Tusk
|-damage|p2a: Great Tusk|52/100
|
|-heal|p1a: Dragapult|78/100|[from] item: Leftovers
|upkeep
|turn|6
|inactive|Experiment7777448 has 120 seconds left.
|
|t:|1769396222
|-terastallize|p2a: Great Tusk|Steel
|move|p1a: Dragapult|Dragon Darts|p2a: Great Tusk
|-resisted|p2a: Great Tusk
|-damage|p2a: Great Tusk|39/100
|-anim|p1a: Dragapult|Dragon Darts|p2a: Great Tusk
|-resisted|p2a: Great Tusk
|-damage|p2a: Great Tusk|28/100
|move|p2a: Great Tusk|Ice Spinner|p1a: Dragapult
|-supereffective|p1a: Dragapult
|-damage|p1a: Dragapult|0 fnt
|faint|p1a: Dragapult
|
|upkeep
|
|t:|1769396230
|switch|p1a: Scizor|Scizor, F|100/100
|-activate|p1a: Scizor|move: Sticky Web
|-unboost|p1a: Scizor|spe|1
|turn|7
|
|t:|1769396236
|-end|p2a: Great Tusk|Protosynthesis|[silent]
|switch|p2a: Gholdengo|Gholdengo|100/100
|-item|p2a: Gholdengo|Air Balloon
|move|p1a: Scizor|Defog|p2a: Gholdengo
|-immune|p2a: Gholdengo|[from] ability: Good as Gold
|
|upkeep
|turn|8
|
|t:|1769396246
|move|p2a: Gholdengo|Shadow Ball|p1a: Scizor
|-damage|p1a: Scizor|48/100
|move|p1a: Scizor|Knock Off|p2a: Gholdengo
|-supereffective|p2a: Gholdengo
|-damage|p2a: Gholdengo|29/100
|-enditem|p2a: Gholdengo|Air Balloon
|
|-heal|p1a: Scizor|54/100|[from] item: Leftovers
|upkeep
|turn|9
|
|t:|1769396263
|move|p1a: Scizor|Bullet Punch|p2a: Gholdengo
|-resisted|p2a: Gholdengo
|-damage|p2a: Gholdengo|12/100
|move|p2a: Gholdengo|Shadow Ball|p1a: Scizor
|-damage|p1a: Scizor|6/100
|-unboost|p1a: Scizor|spd|1
|
|-heal|p1a: Scizor|12/100|[from] item: Leftovers
|upkeep
|turn|10
|
|t:|1769396275
|move|p1a: Scizor|Bullet Punch|p2a: Gholdengo
|-resisted|p2a: Gholdengo
|-damage|p2a: Gholdengo|0 fnt
|faint|p2a: Gholdengo
|
|-heal|p1a: Scizor|18/100|[from] item: Leftovers
|upkeep
|inactive|rizz of reko has 120 seconds left.
|
|t:|1769396308
|switch|p2a: Great Tusk|Great Tusk, shiny, tera:Steel|28/100
|turn|11
|inactive|rizz of reko has 120 seconds left.
|
|t:|1769396316
|switch|p1a: Kyurem|Kyurem|100/100
|-activate|p1a: Kyurem|move: Sticky Web
|-unboost|p1a: Kyurem|spe|1
|-ability|p1a: Kyurem|Pressure
|move|p2a: Great Tusk|Headlong Rush|p1a: Kyurem
|-damage|p1a: Kyurem|37/100
|-unboost|p2a: Great Tusk|def|1
|-unboost|p2a: Great Tusk|spd|1
|
|upkeep
|turn|12
|
|t:|1769396325
|move|p2a: Great Tusk|Headlong Rush|p1a: Kyurem
|-damage|p1a: Kyurem|0 fnt
|-unboost|p2a: Great Tusk|def|1
|-unboost|p2a: Great Tusk|spd|1
|faint|p1a: Kyurem
|
|upkeep
|
|t:|1769396332
|switch|p1a: Scizor|Scizor, F|18/100
|-activate|p1a: Scizor|move: Sticky Web
|-unboost|p1a: Scizor|spe|1
|turn|13
|
|t:|1769396338
|move|p2a: Great Tusk|Headlong Rush|p1a: Scizor
|-damage|p1a: Scizor|0 fnt
|-unboost|p2a: Great Tusk|def|1
|-unboost|p2a: Great Tusk|spd|1
|faint|p1a: Scizor
|
|upkeep
|-message|Experiment7777448 forfeited.
|
|win|rizz of reko
|raw|Experiment7777448's rating: 1494 &rarr; <strong>1476</strong><br />(-18 for losing)
|raw|rizz of reko's rating: 1526 &rarr; <strong>1544</strong><br />(+18 for winning)
|l|☆Experiment7777448
|player|p1|
