|j|☆El Eco del Gato
|j|☆SuperMowgli
|t:|1769293267
|gametype|singles
|player|p1|El Eco del Gato|mina-lgpe|1105
|player|p2|SuperMowgli|265|1106
|gen|9
|tier|[Gen 9] OU
|rated|
|rule|HP Percentage Mod: HP is shown in percentages
|rule|Endless Battle Clause: Forcing endless battles is banned
|rule|Species Clause: Limit one of each Pokémon
|rule|OHKO Clause: OHKO moves are banned
|rule|Evasion Items Clause: Evasion items are banned
|rule|Evasion Moves Clause: Evasion moves are banned
|rule|Evasion Abilities Clause: Evasion abilities are banned
|rule|Sleep Moves Clause: Sleep-inducing moves are banned
|clearpoke
|poke|p1|Hawlucha, M|
|poke|p1|Pincurchin, M|
|poke|p1|Skeledirge, F|
|poke|p1|Shaymin|
|poke|p1|Ogerpon-Cornerstone, F|
|poke|p1|Glimmora, M|
|poke|p2|Cinderace, F|
|poke|p2|Volcanion|
|poke|p2|Torkoal, M|
|poke|p2|Mandibuzz, F|
|poke|p2|Great Tusk|
|poke|p2|Fezandipiti, M|
|teampreview
|
|t:|1769293282
|teamsize|p1|6
|teamsize|p2|6
|start
|switch|p1a: Glimmora|Glimmora, M|100/100
|switch|p2a: Torkoal|Torkoal, M, shiny|100/100
|-weather|SunnyDay|[from] ability: Drought|[of] p2a: Torkoal
|turn|1
|
|t:|1769293300
|move|p1a: Glimmora|Power Gem|p2a: Torkoal
|-supereffective|p2a: Torkoal
|-damage|p2a: Torkoal|9/100
|move|p2a: Torkoal|Stealth Rock|p1a: Glimmora
|-sidestart|p1: El Eco del Gato|move: Stealth Rock
|
|-weather|SunnyDay|[upkeep]
|upkeep
|turn|2
|c|☆El Eco del Gato|STEALTH ROCK OR DIE 😨😨😨
|
|t:|1769293310
|switch|p2a: Chihiro|Fezandipiti, M|100/100
|move|p1a: Glimmora|Power Gem|p2a: Chihiro
|-damage|p2a: Chihiro|74/100
|
|-weather|SunnyDay|[upkeep]
|-heal|p2a: Chihiro|80/100|[from] item: Leftovers
|upkeep
|turn|3
|
|t:|1769293318
|switch|p2a: Haku|Great Tusk, shiny|100/100
|-activate|p2a: Haku|ability: Protosynthesis
|-start|p2a: Haku|protosynthesisatk
|move|p1a: Glimmora|Stealth Rock|p2a: Haku
|-sidestart|p2: SuperMowgli|move: Stealth Rock
|
|-weather|SunnyDay|[upkeep]
|upkeep
|turn|4
|inactive|Battle timer is ON: inactive players will automatically lose when time's up. (requested by SuperMowgli)
|
|t:|1769293334
|move|p1a: Glimmora|Spiky Shield|p1a: Glimmora
|-singleturn|p1a: Glimmora|move: Protect
|move|p2a: Haku|Headlong Rush|p1a: Glimmora
|-activate|p1a: Glimmora|move: Protect
|-damage|p2a: Haku|88/100|[from] Spiky Shield|[of] p1a: Glimmora
|
|-weather|SunnyDay|[upkeep]
|upkeep
|turn|5
|
|t:|1769293344
|switch|p1a: Shaymin|Shaymin|100/100
|-damage|p1a: Shaymin|88/100|[from] Stealth Rock
|move|p2a: Haku|Headlong Rush|p1a: Shaymin
|-resisted|p1a: Shaymin
|-damage|p1a: Shaymin|53/100
|-unboost|p2a: Haku|def|1
|-unboost|p2a: Haku|spd|1
|
|-weather|SunnyDay|[upkeep]
|-heal|p1a: Shaymin|60/100|[from] item: Leftovers
|upkeep
|turn|6
|
|t:|1769293351
|-end|p2a: Haku|Protosynthesis|[silent]
|switch|p2a: Chihiro|Fezandipiti, M|80/100
|-damage|p2a: Chihiro|68/100|[from] Stealth Rock
|move|p1a: Shaymin|Synthesis|p1a: Shaymin
|-heal|p1a: Shaymin|100/100
|
|-weather|SunnyDay|[upkeep]
|-heal|p2a: Chihiro|74/100|[from] item: Leftovers
|upkeep
|turn|7
|
|t:|1769293355
|move|p1a: Shaymin|Zen Headbutt|p2a: Chihiro
|-supereffective|p2a: Chihiro
|-damage|p2a: Chihiro|27/100
|move|p2a: Chihiro|Nasty Plot|p2a: Chihiro
|-boost|p2a: Chihiro|spa|2
|
|-weather|SunnyDay|[upkeep]
|-heal|p2a: Chihiro|33/100|[from] item: Leftovers
|upkeep
|turn|8
|
|t:|1769293365
|-terastallize|p2a: Chihiro|Ground
|move|p1a: Shaymin|Zen Headbutt|p2a: Chihiro
|-damage|p2a: Chihiro|12/100
|move|p2a: Chihiro|Sludge Bomb|p1a: Shaymin
|-supereffective|p1a: Shaymin
|-damage|p1a: Shaymin|0 fnt
|faint|p1a: Shaymin
|
|-weather|none
|-heal|p2a: Chihiro|18/100|[from] item: Leftovers
|upkeep
|c|☆El Eco del Gato|😡😡😡😡😡
|
|t:|1769293385
|switch|p1a: Ogerpon|Ogerpon-Cornerstone, F|100/100
|-damage|p1a: Ogerpon|88/100|[from] Stealth Rock
|turn|9
|
|t:|1769293399
|move|p1a: Ogerpon|Horn Leech|p2a: Chihiro
|-supereffective|p2a: Chihiro
|-damage|p2a: Chihiro|0 fnt
|-heal|p1a: Ogerpon|99/100|[from] drain|[of] p2a: Chihiro
|faint|p2a: Chihiro
|
|upkeep
|
|t:|1769293403
|switch|p2a: Haku|Great Tusk, shiny|88/100
|-damage|p2a: Haku|85/100|[from] Stealth Rock
|turn|10
|
|t:|1769293418
|move|p2a: Haku|Headlong Rush|p1a: Ogerpon
|-crit|p1a: Ogerpon
|-damage|p1a: Ogerpon|0 fnt
|-unboost|p2a: Haku|def|1
|-unboost|p2a: Haku|spd|1
|faint|p1a: Ogerpon
|
|upkeep
|
|t:|1769293428
|switch|p1a: Pincurchin|Pincurchin, M|100/100
|-fieldstart|move: Electric Terrain|[from] ability: Electric Surge|[of] p1a: Pincurchin
|turn|11
|
|t:|1769293433
|switch|p1a: Hawlucha|Hawlucha, M|100/100
|-damage|p1a: Hawlucha|88/100|[from] Stealth Rock
|-enditem|p1a: Hawlucha|Electric Seed
|-boost|p1a: Hawlucha|def|1|[from] item: Electric Seed
|move|p2a: Haku|Headlong Rush|p1a: Hawlucha
|-immune|p1a: Hawlucha
|
|upkeep
|turn|12
|
|t:|1769293436
|-end|p2a: Haku|Protosynthesis|[silent]
|switch|p2a: Omari P Bird|Mandibuzz, F, shiny|100/100
|-damage|p2a: Omari P Bird|76/100|[from] Stealth Rock
|move|p1a: Hawlucha|Swords Dance|p1a: Hawlucha
|-boost|p1a: Hawlucha|atk|2
|
|upkeep
|turn|13
|
|t:|1769293464
|move|p1a: Hawlucha|Thunder Punch|p2a: Omari P Bird
|-supereffective|p2a: Omari P Bird
|-damage|p2a: Omari P Bird|24/100
|-damage|p1a: Hawlucha|72/100|[from] item: Rocky Helmet|[of] p2a: Omari P Bird
|move|p2a: Omari P Bird|Toxic|p1a: Hawlucha
|-status|p1a: Hawlucha|tox
|
|-damage|p1a: Hawlucha|65/100 tox|[from] psn
|upkeep
|turn|14
|
|t:|1769293473
|move|p1a: Hawlucha|Thunder Punch|p2a: Omari P Bird
|-supereffective|p2a: Omari P Bird
|-damage|p2a: Omari P Bird|0 fnt
|-damage|p1a: Hawlucha|49/100 tox|[from] item: Rocky Helmet|[of] p2a: Omari P Bird
|faint|p2a: Omari P Bird
|
|-damage|p1a: Hawlucha|37/100 tox|[from] psn
|upkeep
|
|t:|1769293476
|switch|p2a: Haku|Great Tusk, shiny|85/100
|-damage|p2a: Haku|82/100|[from] Stealth Rock
|turn|15
|
|t:|1769293480
|-end|p2a: Haku|Protosynthesis|[silent]
|switch|p2a: Torkoal|Torkoal, M, shiny|9/100
|-damage|p2a: Torkoal|0 fnt|[from] Stealth Rock
|faint|p2a: Torkoal
|move|p1a: Hawlucha|Acrobatics|p2: Torkoal|[notarget]
|-fail|p1a: Hawlucha
|
|-damage|p1a: Hawlucha|19/100 tox|[from] psn
|-fieldend|move: Electric Terrain
|upkeep
|
|t:|1769293486
|switch|p2a: Cinderace|Cinderace, F|100/100
|-damage|p2a: Cinderace|76/100|[from] Stealth Rock
|turn|16
|
|t:|1769293494
|move|p2a: Cinderace|Sucker Punch|p1a: Hawlucha
|-start|p2a: Cinderace|typechange|Dark|[from] ability: Libero
|-resisted|p1a: Hawlucha
|-damage|p1a: Hawlucha|2/100 tox
|move|p1a: Hawlucha|Acrobatics|p2a: Cinderace
|-damage|p2a: Cinderace|0 fnt
|faint|p2a: Cinderace
|
|-damage|p1a: Hawlucha|0 fnt|[from] psn
|faint|p1a: Hawlucha
|upkeep
|
|t:|1769293505
|switch|p2a: Haku|Great Tusk, shiny|82/100
|switch|p1a: Skeledirge|Skeledirge, F|100/100
|-damage|p2a: Haku|79/100|[from] Stealth Rock
|turn|17
|
|t:|1769293517
|-terastallize|p1a: Skeledirge|Fairy
|move|p2a: Haku|Headlong Rush|p1a: Skeledirge
|-damage|p1a: Skeledirge|50/100
|-unboost|p2a: Haku|def|1
|-unboost|p2a: Haku|spd|1
|move|p1a: Skeledirge|Will-O-Wisp|p2a: Haku
|-status|p2a: Haku|brn
|
|-damage|p2a: Haku|73/100 brn|[from] brn
|upkeep
|turn|18
|
|t:|1769293521
|-end|p2a: Haku|Protosynthesis|[silent]
|switch|p2a: Volcanion|Volcanion|100/100
|-damage|p2a: Volcanion|76/100|[from] Stealth Rock
|move|p1a: Skeledirge|Slack Off|p1a: Skeledirge
|-heal|p1a: Skeledirge|99/100
|
|upkeep
|turn|19
|
|t:|1769293527
|move|p2a: Volcanion|Fire Blast|p1a: Skeledirge
|-damage|p1a: Skeledirge|27/100
|move|p1a: Skeledirge|Torch Song|p2a: Volcanion
|-resisted|p2a: Volcanion
|-damage|p2a: Volcanion|68/100
|-boost|p1a: Skeledirge|spa|1
|
|upkeep
|turn|20
|
|t:|1769293536
|switch|p1a: Pincurchin|Pincurchin, M|100/100
|-fieldstart|move: Electric Terrain|[from] ability: Electric Surge|[of] p1a: Pincurchin
|move|p2a: Volcanion|Fire Blast|p1a: Pincurchin|[miss]
|-miss|p2a: Volcanion|p1a: Pincurchin
|
|upkeep
|turn|21
|
|t:|1769293541
|move|p2a: Volcanion|Fire Blast|p1a: Pincurchin
|-damage|p1a: Pincurchin|20/100
|move|p1a: Pincurchin|Thunder Wave|p2a: Volcanion
|-status|p2a: Volcanion|par
|
|upkeep
|turn|22
|
|t:|1769293548
|switch|p2a: Haku|Great Tusk, shiny|73/100 brn
|-damage|p2a: Haku|70/100 brn|[from] Stealth Rock
|move|p1a: Pincurchin|Supercell Slam|p2a: Haku
|-immune|p2a: Haku
|-damage|p1a: Pincurchin|0 fnt|[from] supercellslam
|faint|p1a: Pincurchin
|
|-damage|p2a: Haku|64/100 brn|[from] brn
|upkeep
|
|t:|1769293558
|switch|p1a: Glimmora|Glimmora, M|100/100
|-damage|p1a: Glimmora|88/100|[from] Stealth Rock
|turn|23
|
|t:|1769293562
|move|p1a: Glimmora|Spiky Shield|p1a: Glimmora
|-singleturn|p1a: Glimmora|move: Protect
|move|p2a: Haku|Headlong Rush|p1a: Glimmora
|-activate|p1a: Glimmora|move: Protect
|-damage|p2a: Haku|51/100 brn|[from] Spiky Shield|[of] p1a: Glimmora
|
|-damage|p2a: Haku|45/100 brn|[from] brn
|upkeep
|turn|24
|
|t:|1769293568
|move|p1a: Glimmora|Spiky Shield|p1a: Glimmora
|-singleturn|p1a: Glimmora|move: Protect
|move|p2a: Haku|Headlong Rush|p1a: Glimmora
|-activate|p1a: Glimmora|move: Protect
|-damage|p2a: Haku|33/100 brn|[from] Spiky Shield|[of] p1a: Glimmora
|
|-damage|p2a: Haku|27/100 brn|[from] brn
|-fieldend|move: Electric Terrain
|upkeep
|turn|25
|
|t:|1769293570
|move|p1a: Glimmora|Spiky Shield||[still]
|-fail|p1a: Glimmora
|move|p2a: Haku|Headlong Rush|p1a: Glimmora
|-supereffective|p1a: Glimmora
|-damage|p1a: Glimmora|0 fnt
|-unboost|p2a: Haku|def|1
|-unboost|p2a: Haku|spd|1
|-activate|p1a: Glimmora|ability: Toxic Debris
|-sidestart|p2: SuperMowgli|move: Toxic Spikes
|faint|p1a: Glimmora
|
|-damage|p2a: Haku|20/100 brn|[from] brn
|upkeep
|c|☆SuperMowgli|wtf
|
|t:|1769293573
|switch|p1a: Skeledirge|Skeledirge, F, tera:Fairy|27/100
|turn|26
|
|t:|1769293578
|-activate|p2a: Haku|move: Struggle
|move|p2a: Haku|Struggle|p1a: Skeledirge
|-damage|p1a: Skeledirge|20/100
|-damage|p2a: Haku|0 fnt|[from] recoil
|faint|p2a: Haku
|-end|p2a: Haku|Protosynthesis|[silent]
|move|p1a: Skeledirge|Slack Off|p1a: Skeledirge
|-heal|p1a: Skeledirge|70/100
|
|upkeep
|
|t:|1769293580
|switch|p2a: Volcanion|Volcanion|68/100 par
|-damage|p2a: Volcanion|43/100 par|[from] Stealth Rock
|turn|27
|
|t:|1769293583
|move|p1a: Skeledirge|Hex|p2a: Volcanion
|-damage|p2a: Volcanion|0 fnt
|faint|p2a: Volcanion
|
|win|El Eco del Gato
|raw|El Eco del Gato's rating: 1105 &rarr; <strong>1130</strong><br />(+25 for winning)
|raw|SuperMowgli's rating: 1106 &rarr; <strong>1081</strong><br />(-25 for losing)
|l|☆SuperMowgli
|player|p2|
|l|☆El Eco del Gato
|player|p1|
