|j|☆Moltov91
|j|☆luodinxin
|t:|1769420247
|gametype|singles
|player|p1|Moltov91|102|1230
|player|p2|luodinxin|170|1255
|gen|9
|tier|[Gen 9] OU
|rated|
|rule|HP Percentage Mod: HP is shown in percentages
|rule|Endless Battle Clause: Forcing endless battles is banned
|rule|Species Clause: Limit one of each Pokémon
|rule|OHKO Clause: OHKO moves are banned
|rule|Evasion Items Clause: Evasion items are banned
|rule|Evasion Moves Clause: Evasion moves are banned
|rule|Evasion Abilities Clause: Evasion abilities are banned
|rule|Sleep Moves Clause: Sleep-inducing moves are banned
|clearpoke
|poke|p1|Weavile, F|
|poke|p1|Donphan, M|
|poke|p1|Garchomp, M|
|poke|p1|Heatran, M|
|poke|p1|Slowking, M|
|poke|p1|Jolteon, M|
|poke|p2|Serperior, F|
|poke|p2|Heatran, M|
|poke|p2|Deoxys-Speed|
|poke|p2|Iron Hands|
|poke|p2|Ting-Lu|
|poke|p2|Iron Valiant|
|teampreview
|
|t:|1769420264
|teamsize|p1|6
|teamsize|p2|6
|start
|switch|p1a: Donphan|Donphan, M|100/100
|switch|p2a: Deoxys|Deoxys-Speed|100/100
|-ability|p2a: Deoxys|Pressure
|turn|1
|
|t:|1769420274
|move|p2a: Deoxys|Meteor Beam||[still]
|-prepare|p2a: Deoxys|Meteor Beam
|-boost|p2a: Deoxys|spa|1
|-enditem|p2a: Deoxys|Power Herb
|-anim|p2a: Deoxys|Meteor Beam|p1a: Donphan
|-resisted|p1a: Donphan
|-damage|p1a: Donphan|64/100
|move|p1a: Donphan|Stealth Rock|p2a: Deoxys
|-sidestart|p2: luodinxin|move: Stealth Rock
|
|upkeep
|turn|2
|
|t:|1769420284
|move|p2a: Deoxys|Ice Beam|p1a: Donphan
|-supereffective|p1a: Donphan
|-crit|p1a: Donphan
|-damage|p1a: Donphan|0 fnt
|faint|p1a: Donphan
|
|upkeep
|
|t:|1769420295
|switch|p1a: Weavile|Weavile, F|100/100
|turn|3
|
|t:|1769420299
|move|p2a: Deoxys|Focus Blast|p1a: Weavile
|-supereffective|p1a: Weavile
|-damage|p1a: Weavile|0 fnt
|faint|p1a: Weavile
|
|upkeep
|
|t:|1769420306
|switch|p1a: Heatran|Heatran, M|100/100
|turn|4
|
|t:|1769420316
|move|p2a: Deoxys|Focus Blast|p1a: Heatran
|-supereffective|p1a: Heatran
|-damage|p1a: Heatran|6/100
|move|p1a: Heatran|Magma Storm|p2a: Deoxys
|-damage|p2a: Deoxys|19/100
|-activate|p2a: Deoxys|move: Magma Storm|[of] p1a: Heatran
|
|-damage|p2a: Deoxys|7/100|[from] move: Magma Storm|[partiallytrapped]
|upkeep
|turn|5
|
|t:|1769420329
|switch|p1a: Slowking|Slowking, M|100/100
|move|p2a: Deoxys|Ice Beam|p1a: Slowking
|-resisted|p1a: Slowking
|-damage|p1a: Slowking|89/100
|
|-end|p2a: Deoxys|Magma Storm|[partiallytrapped]|[silent]
|upkeep
|turn|6
|
|t:|1769420378
|move|p2a: Deoxys|Psycho Boost|p1a: Slowking
|-resisted|p1a: Slowking
|-damage|p1a: Slowking|59/100
|-unboost|p2a: Deoxys|spa|2
|move|p1a: Slowking|Scald|p2a: Deoxys
|-damage|p2a: Deoxys|0 fnt
|faint|p2a: Deoxys
|
|upkeep
|
|t:|1769420389
|switch|p2a: Serperior|Serperior, F|100/100
|-damage|p2a: Serperior|88/100|[from] Stealth Rock
|turn|7
|
|t:|1769420415
|-terastallize|p1a: Slowking|Steel
|move|p2a: Serperior|Leaf Storm|p1a: Slowking
|-resisted|p1a: Slowking
|-damage|p1a: Slowking|47/100
|-boost|p2a: Serperior|spa|2
|move|p1a: Slowking|Thunder Wave|p2a: Serperior
|-status|p2a: Serperior|par
|
|-heal|p2a: Serperior|94/100 par|[from] item: Leftovers
|upkeep
|turn|8
|
|t:|1769420427
|move|p2a: Serperior|Leech Seed|p1a: Slowking
|-start|p1a: Slowking|move: Leech Seed
|move|p1a: Slowking|Future Sight|p2a: Serperior
|-start|p1a: Slowking|move: Future Sight
|
|-heal|p2a: Serperior|100/100 par|[from] item: Leftovers
|-damage|p1a: Slowking|35/100|[from] Leech Seed|[of] p2a: Serperior
|upkeep
|turn|9
|
|t:|1769420435
|switch|p1a: Heatran|Heatran, M|6/100
|move|p2a: Serperior|Substitute|p2a: Serperior
|-start|p2a: Serperior|Substitute
|-damage|p2a: Serperior|76/100 par
|
|-heal|p2a: Serperior|82/100 par|[from] item: Leftovers
|upkeep
|turn|10
|
|t:|1769420444
|move|p1a: Heatran|Magma Storm|p2a: Serperior
|-supereffective|p2a: Serperior
|-crit|p2a: Serperior
|-end|p2a: Serperior|Substitute
|move|p2a: Serperior|Leaf Storm|p1a: Heatran
|-resisted|p1a: Heatran
|-damage|p1a: Heatran|0 fnt
|-boost|p2a: Serperior|spa|2
|faint|p1a: Heatran
|
|-end|p2a: Serperior|move: Future Sight
|-damage|p2a: Serperior|41/100 par
|-heal|p2a: Serperior|47/100 par|[from] item: Leftovers
|upkeep
|
|t:|1769420447
|switch|p1a: Jolteon|Jolteon, M|100/100
|turn|11
|
|t:|1769420459
|move|p1a: Jolteon|Pin Missile|p2a: Serperior
|-supereffective|p2a: Serperior
|-damage|p2a: Serperior|39/100 par
|-supereffective|p2a: Serperior
|-damage|p2a: Serperior|32/100 par
|-hitcount|p2a: Serperior|2
|move|p2a: Serperior|Leaf Storm|p1a: Jolteon
|-crit|p1a: Jolteon
|-damage|p1a: Jolteon|0 fnt
|-boost|p2a: Serperior|spa|2
|faint|p1a: Jolteon
|
|-heal|p2a: Serperior|38/100 par|[from] item: Leftovers
|upkeep
|
|t:|1769420468
|switch|p1a: Garchomp|Garchomp, M|100/100
|turn|12
|
|t:|1769420480
|move|p1a: Garchomp|Flamethrower|p2a: Serperior
|-supereffective|p2a: Serperior
|-damage|p2a: Serperior|8/100 par
|move|p2a: Serperior|Leaf Storm|p1a: Garchomp
|-damage|p1a: Garchomp|0 fnt
|faint|p1a: Garchomp
|
|-heal|p2a: Serperior|14/100 par|[from] item: Leftovers
|upkeep
|
|t:|1769420488
|switch|p1a: Slowking|Slowking, M, tera:Steel|68/100
|turn|13
|
|t:|1769420493
|cant|p2a: Serperior|par
|move|p1a: Slowking|Scald|p2a: Serperior
|-resisted|p2a: Serperior
|-damage|p2a: Serperior|0 fnt
|faint|p2a: Serperior
|
|upkeep
|
|t:|1769420503
|switch|p2a: Heatran|Heatran, M|100/100
|-damage|p2a: Heatran|88/100|[from] Stealth Rock
|turn|14
|
|t:|1769420510
|move|p2a: Heatran|Magma Storm|p1a: Slowking|[miss]
|-miss|p2a: Heatran|p1a: Slowking
|move|p1a: Slowking|Thunder Wave|p2a: Heatran|[miss]
|-miss|p1a: Slowking|p2a: Heatran
|
|-heal|p2a: Heatran|94/100|[from] item: Leftovers
|upkeep
|turn|15
|
|t:|1769420534
|move|p2a: Heatran|Magma Storm|p1a: Slowking|[miss]
|-miss|p2a: Heatran|p1a: Slowking
|move|p1a: Slowking|Scald|p2a: Heatran
|-supereffective|p2a: Heatran
|-damage|p2a: Heatran|43/100
|
|-heal|p2a: Heatran|49/100|[from] item: Leftovers
|upkeep
|turn|16
|
|t:|1769420564
|move|p2a: Heatran|Magma Storm|p1a: Slowking|[miss]
|-miss|p2a: Heatran|p1a: Slowking
|move|p1a: Slowking|Scald|p2a: Heatran
|-supereffective|p2a: Heatran
|-damage|p2a: Heatran|0 fnt
|faint|p2a: Heatran
|
|upkeep
|
|t:|1769420574
|switch|p2a: Ting-Lu|Ting-Lu|100/100
|-damage|p2a: Ting-Lu|94/100|[from] Stealth Rock
|-ability|p2a: Ting-Lu|Vessel of Ruin
|turn|17
|
|t:|1769420612
|move|p2a: Ting-Lu|Earthquake|p1a: Slowking
|-supereffective|p1a: Slowking
|-damage|p1a: Slowking|0 fnt
|faint|p1a: Slowking
|
|win|luodinxin
|raw|Moltov91's rating: 1230 &rarr; <strong>1207</strong><br />(-23 for losing)
|raw|luodinxin's rating: 1255 &rarr; <strong>1278</strong><br />(+23 for winning)
|l|☆Moltov91
|player|p1|
|l|☆luodinxin
|player|p2|
