|j|☆shadywisa
|j|☆thefinitely
|t:|1769364886
|gametype|singles
|player|p1|shadywisa|lucas|1072
|player|p2|thefinitely|linebacker|1077
|gen|9
|tier|[Gen 9] OU
|rated|
|rule|HP Percentage Mod: HP is shown in percentages
|rule|Endless Battle Clause: Forcing endless battles is banned
|rule|Species Clause: Limit one of each Pokémon
|rule|OHKO Clause: OHKO moves are banned
|rule|Evasion Items Clause: Evasion items are banned
|rule|Evasion Moves Clause: Evasion moves are banned
|rule|Evasion Abilities Clause: Evasion abilities are banned
|rule|Sleep Moves Clause: Sleep-inducing moves are banned
|clearpoke
|poke|p1|Ampharos, M|
|poke|p1|Bagon, M|
|poke|p1|Iron Moth|
|poke|p1|Marill, F|
|poke|p1|Dartrix, M|
|poke|p1|Shinx, M|
|poke|p2|Zamazenta-*|
|poke|p2|Goodra-Hisui, M|
|poke|p2|Heatran, F|
|poke|p2|Regirock|
|poke|p2|Darkrai|
|poke|p2|Landorus-Therian, M|
|teampreview
|
|t:|1769364903
|teamsize|p1|6
|teamsize|p2|6
|start
|switch|p1a: Ampharos|Ampharos, M|100/100
|switch|p2a: Landorus|Landorus-Therian, M|100/100
|-ability|p2a: Landorus|Intimidate|boost
|-unboost|p1a: Ampharos|atk|1
|turn|1
|
|t:|1769364913
|move|p2a: Landorus|Earthquake|p1a: Ampharos
|-supereffective|p1a: Ampharos
|-damage|p1a: Ampharos|1/100
|move|p1a: Ampharos|Dragon Tail|p2a: Landorus
|-damage|p2a: Landorus|91/100
|-damage|p1a: Ampharos|0 fnt|[from] item: Rocky Helmet|[of] p2a: Landorus
|faint|p1a: Ampharos
|drag|p2a: Zamazenta|Zamazenta|100/100
|-ability|p2a: Zamazenta|Dauntless Shield|boost
|-boost|p2a: Zamazenta|def|1
|
|upkeep
|
|t:|1769364927
|switch|p1a: Shinx|Shinx, M|100/100
|turn|2
|
|t:|1769364936
|move|p2a: Zamazenta|Iron Defense|p2a: Zamazenta
|-boost|p2a: Zamazenta|def|2
|move|p1a: Shinx|Spark|p2a: Zamazenta
|-damage|p2a: Zamazenta|95/100
|
|-heal|p2a: Zamazenta|100/100|[from] item: Leftovers
|upkeep
|turn|3
|
|t:|1769364960
|move|p2a: Zamazenta|Iron Defense|p2a: Zamazenta
|-boost|p2a: Zamazenta|def|2
|move|p1a: Shinx|Spark|p2a: Zamazenta
|-damage|p2a: Zamazenta|97/100
|
|-heal|p2a: Zamazenta|100/100|[from] item: Leftovers
|upkeep
|turn|4
|
|t:|1769364970
|move|p2a: Zamazenta|Body Press|p1a: Shinx
|-damage|p1a: Shinx|0 fnt
|faint|p1a: Shinx
|
|upkeep
|
|t:|1769364977
|switch|p1a: Bagon|Bagon, M|100/100
|turn|5
|
|t:|1769364981
|move|p2a: Zamazenta|Iron Defense|p2a: Zamazenta
|-boost|p2a: Zamazenta|def|1
|move|p1a: Bagon|Facade|p2a: Zamazenta
|-damage|p2a: Zamazenta|98/100
|
|-heal|p2a: Zamazenta|100/100|[from] item: Leftovers
|upkeep
|turn|6
|
|t:|1769364994
|move|p2a: Zamazenta|Body Press|p1a: Bagon
|-damage|p1a: Bagon|0 fnt
|faint|p1a: Bagon
|
|upkeep
|
|t:|1769365001
|switch|p1a: Iron Moth|Iron Moth|100/100
|turn|7
|
|t:|1769365006
|move|p2a: Zamazenta|Body Press|p1a: Iron Moth
|-resisted|p1a: Iron Moth
|-damage|p1a: Iron Moth|18/100
|-enditem|p1a: Iron Moth|Salac Berry|[eat]
|-boost|p1a: Iron Moth|spe|1|[from] item: Salac Berry
|move|p1a: Iron Moth|Heat Wave|p2a: Zamazenta
|-damage|p2a: Zamazenta|66/100
|
|-heal|p2a: Zamazenta|72/100|[from] item: Leftovers
|upkeep
|turn|8
|
|t:|1769365020
|move|p2a: Zamazenta|Body Press|p1a: Iron Moth
|-resisted|p1a: Iron Moth
|-damage|p1a: Iron Moth|0 fnt
|faint|p1a: Iron Moth
|-end|p1a: Iron Moth|Quark Drive|[silent]
|
|-heal|p2a: Zamazenta|79/100|[from] item: Leftovers
|upkeep
|
|t:|1769365029
|switch|p1a: Dartrix|Dartrix, M|100/100
|turn|9
|
|t:|1769365044
|move|p2a: Zamazenta|Body Press|p1a: Dartrix
|-resisted|p1a: Dartrix
|-damage|p1a: Dartrix|17/100
|move|p1a: Dartrix|Growl|p2a: Zamazenta
|-unboost|p2a: Zamazenta|atk|1
|
|-heal|p2a: Zamazenta|85/100|[from] item: Leftovers
|upkeep
|turn|10
|
|t:|1769365054
|move|p2a: Zamazenta|Body Press|p1a: Dartrix
|-resisted|p1a: Dartrix
|-damage|p1a: Dartrix|0 fnt
|faint|p1a: Dartrix
|
|-heal|p2a: Zamazenta|91/100|[from] item: Leftovers
|upkeep
|
|t:|1769365062
|switch|p1a: Marill|Marill, F|100/100
|turn|11
|
|t:|1769365070
|move|p2a: Zamazenta|Body Press|p1a: Marill
|-resisted|p1a: Marill
|-damage|p1a: Marill|0 fnt
|-damage|p2a: Zamazenta|74/100|[from] item: Rocky Helmet|[of] p1a: Marill
|faint|p1a: Marill
|
|win|thefinitely
|raw|shadywisa's rating: 1072 &rarr; <strong>1051</strong><br />(-21 for losing)
|raw|thefinitely's rating: 1077 &rarr; <strong>1105</strong><br />(+28 for winning)
|l|☆thefinitely
|player|p2|
