|j|☆frogar
|j|☆lebakeogoat
|inactive|Battle timer is ON: inactive players will automatically lose when time's up.
|t:|1769354462
|gametype|singles
|player|p1|frogar|teamrocket|
|player|p2|lebakeogoat|morty-masters|
|gen|9
|tier|[Gen 9] OU
|rated|Tournament battle
|rule|HP Percentage Mod: HP is shown in percentages
|rule|Endless Battle Clause: Forcing endless battles is banned
|rule|Species Clause: Limit one of each Pokémon
|rule|OHKO Clause: OHKO moves are banned
|rule|Evasion Items Clause: Evasion items are banned
|rule|Evasion Moves Clause: Evasion moves are banned
|rule|Evasion Abilities Clause: Evasion abilities are banned
|rule|Sleep Moves Clause: Sleep-inducing moves are banned
|clearpoke
|poke|p1|Rabsca, F|
|poke|p1|Slowking-Galar, F|
|poke|p1|Ursaluna, F|
|poke|p1|Azumarill, F|
|poke|p1|Mimikyu, F|
|poke|p1|Kingambit, M|
|poke|p2|Torkoal, F|
|poke|p2|Hatterene, F|
|poke|p2|Raging Bolt|
|poke|p2|Slither Wing|
|poke|p2|Venusaur, F|
|poke|p2|Walking Wake|
|teampreview
|inactive|lebakeogoat also wants the timer to be on.
|c|☆lebakeogoat|glhf
|j| mr.krabbysegundo
|j| Lorenzo 4232
|j|+akiamara
|c|☆frogar|glhf
|
|t:|1769354475
|teamsize|p1|6
|teamsize|p2|6
|start
|switch|p1a: Mimikyu|Mimikyu, F|100/100
|switch|p2a: Hatterene|Hatterene, F|100/100
|-item|p2a: Hatterene|Air Balloon
|turn|1
|c|☆lebakeogoat|thx
|j| talveznao
|
|t:|1769354490
|move|p2a: Hatterene|Dazzling Gleam|p1a: Mimikyu
|-activate|p1a: Mimikyu|ability: Disguise
|-damage|p1a: Mimikyu|100/100
|detailschange|p1a: Mimikyu|Mimikyu-Busted, F
|-damage|p1a: Mimikyu|88/100|[from] pokemon: Mimikyu-Busted
|move|p1a: Mimikyu|Trick Room|p1a: Mimikyu
|-fieldstart|move: Trick Room|[of] p1a: Mimikyu
|
|upkeep
|turn|2
|c| talveznao|Só sei que naba sei
|c|☆lebakeogoat|quebrar o disguise sabe como é
|c|☆lebakeogoat|slk
|
|t:|1769354505
|switch|p1a: Ursaluna|Ursaluna, F|100/100
|move|p2a: Hatterene|Psychic Noise|p1a: Ursaluna
|-damage|p1a: Ursaluna|71/100
|-start|p1a: Ursaluna|move: Heal Block
|
|-status|p1a: Ursaluna|brn|[from] item: Flame Orb
|upkeep
|turn|3
|
|t:|1769354512
|move|p2a: Hatterene|Dazzling Gleam|p1a: Ursaluna
|-damage|p1a: Ursaluna|42/100 brn
|move|p1a: Ursaluna|Facade|p2a: Hatterene
|-damage|p2a: Hatterene|0 fnt
|-enditem|p2a: Hatterene|Air Balloon
|faint|p2a: Hatterene
|
|-damage|p1a: Ursaluna|36/100 brn|[from] brn
|-end|p1a: Ursaluna|move: Heal Block
|upkeep
|
|t:|1769354514
|switch|p2a: Torkoal|Torkoal, F|100/100
|-weather|SunnyDay|[from] ability: Drought|[of] p2a: Torkoal
|turn|4
|
|t:|1769354519
|move|p2a: Torkoal|Eruption|p1a: Ursaluna
|-damage|p1a: Ursaluna|0 fnt
|faint|p1a: Ursaluna
|
|-weather|SunnyDay|[upkeep]
|upkeep
|c|☆lebakeogoat|eu sabia que ias jogar de trick room
|c|☆frogar|ai é foda kkk
|c|☆frogar|me lasquei
|c|☆lebakeogoat|por isso tbm trouxe um
|c|☆lebakeogoat|dos meus
|
|t:|1769354542
|switch|p1a: Azumarill|Azumarill, F|100/100
|turn|5
|c|☆lebakeogoat|e quando as dimensões cairem
|
|t:|1769354549
|switch|p2a: Raging Bolt|Raging Bolt|100/100
|-activate|p2a: Raging Bolt|ability: Protosynthesis
|-start|p2a: Raging Bolt|protosynthesisspa
|move|p1a: Azumarill|Liquidation|p2a: Raging Bolt
|-resisted|p2a: Raging Bolt
|-damage|p2a: Raging Bolt|88/100
|-unboost|p2a: Raging Bolt|def|1
|
|-weather|SunnyDay|[upkeep]
|-fieldend|move: Trick Room
|upkeep
|turn|6
|c|☆lebakeogoat|O PAU VAI COMER SOLTO
|c|☆lebakeogoat|uhm
|c|☆lebakeogoat|lá ele 😭🙏
|
|t:|1769354567
|-terastallize|p1a: Azumarill|Grass
|move|p2a: Raging Bolt|Solar Beam||[still]
|-prepare|p2a: Raging Bolt|Solar Beam
|-anim|p2a: Raging Bolt|Solar Beam|p1a: Azumarill
|-resisted|p1a: Azumarill
|-damage|p1a: Azumarill|73/100
|-damage|p2a: Raging Bolt|78/100|[from] item: Life Orb
|move|p1a: Azumarill|Play Rough|p2a: Raging Bolt
|-supereffective|p2a: Raging Bolt
|-damage|p2a: Raging Bolt|0 fnt
|faint|p2a: Raging Bolt
|-end|p2a: Raging Bolt|Protosynthesis|[silent]
|
|-weather|SunnyDay|[upkeep]
|upkeep
|c|☆lebakeogoat|sorry gente
|
|t:|1769354574
|switch|p2a: Slither Wing|Slither Wing|100/100
|-activate|p2a: Slither Wing|ability: Protosynthesis
|-start|p2a: Slither Wing|protosynthesisatk
|turn|7
|c|☆lebakeogoat|mas pronto
|
|t:|1769354579
|move|p2a: Slither Wing|First Impression|p1a: Azumarill
|-supereffective|p1a: Azumarill
|-damage|p1a: Azumarill|0 fnt
|faint|p1a: Azumarill
|
|-weather|SunnyDay|[upkeep]
|upkeep
|j| inakunana
|
|t:|1769354592
|switch|p1a: Mimikyu|Mimikyu-Busted, F|88/100
|turn|8
|
|t:|1769354600
|move|p2a: Slither Wing|Temper Flare|p1a: Mimikyu
|-damage|p1a: Mimikyu|28/100
|move|p1a: Mimikyu|Curse|p2a: Slither Wing
|-start|p2a: Slither Wing|Curse|[of] p1a: Mimikyu
|-damage|p1a: Mimikyu|0 fnt
|faint|p1a: Mimikyu
|
|-weather|SunnyDay|[upkeep]
|-damage|p2a: Slither Wing|76/100|[from] Curse
|upkeep
|c|☆lebakeogoat|bro se auto matou
|c|☆frogar|pensei q tu ia trocar kk
|c|☆lebakeogoat|se é para morrer
|c|☆lebakeogoat|tá né
|
|t:|1769354623
|switch|p1a: Slowking|Slowking-Galar, F|100/100
|turn|9
|
|t:|1769354627
|move|p2a: Slither Wing|Earthquake|p1a: Slowking
|-supereffective|p1a: Slowking
|-damage|p1a: Slowking|0 fnt
|faint|p1a: Slowking
|
|-weather|SunnyDay|[upkeep]
|-damage|p2a: Slither Wing|51/100|[from] Curse
|upkeep
|
|t:|1769354631
|switch|p1a: Rabsca|Rabsca, F|100/100
|turn|10
|
|t:|1769354636
|move|p2a: Slither Wing|Temper Flare|p1a: Rabsca
|-supereffective|p1a: Rabsca
|-damage|p1a: Rabsca|14/100
|move|p1a: Rabsca|Trick Room|p1a: Rabsca
|-fieldstart|move: Trick Room|[of] p1a: Rabsca
|
|-weather|SunnyDay|[upkeep]
|-damage|p2a: Slither Wing|26/100|[from] Curse
|upkeep
|turn|11
|
|t:|1769354642
|move|p1a: Rabsca|Extrasensory|p2a: Slither Wing
|-supereffective|p2a: Slither Wing
|-damage|p2a: Slither Wing|0 fnt
|faint|p2a: Slither Wing
|-end|p2a: Slither Wing|Protosynthesis|[silent]
|
|-weather|none
|upkeep
|
|t:|1769354644
|switch|p2a: Torkoal|Torkoal, F|100/100
|-weather|SunnyDay|[from] ability: Drought|[of] p2a: Torkoal
|turn|12
|c|☆lebakeogoat|hello moto
|
|t:|1769354653
|move|p2a: Torkoal|Eruption|p1a: Rabsca
|-supereffective|p1a: Rabsca
|-damage|p1a: Rabsca|0 fnt
|faint|p1a: Rabsca
|
|-weather|SunnyDay|[upkeep]
|upkeep
|
|t:|1769354655
|switch|p1a: Kingambit|Kingambit, M|100/100
|-activate|p1a: Kingambit|ability: Supreme Overlord
|-start|p1a: Kingambit|fallen5|[silent]
|turn|13
|
|t:|1769354658
|move|p1a: Kingambit|Sucker Punch|p2a: Torkoal
|-damage|p2a: Torkoal|39/100
|move|p2a: Torkoal|Eruption|p1a: Kingambit
|-supereffective|p1a: Kingambit
|-damage|p1a: Kingambit|25/100
|
|-weather|SunnyDay|[upkeep]
|upkeep
|turn|14
|c|☆lebakeogoat|gg talvez?
|c|☆lebakeogoat|n
|
|t:|1769354666
|-terastallize|p2a: Torkoal|Ground
|move|p1a: Kingambit|Sucker Punch||[still]
|-fail|p1a: Kingambit
|move|p2a: Torkoal|Stealth Rock|p1a: Kingambit
|-sidestart|p1: frogar|move: Stealth Rock
|
|-weather|SunnyDay|[upkeep]
|-fieldend|move: Trick Room
|upkeep
|turn|15
|
|t:|1769354672
|move|p1a: Kingambit|Kowtow Cleave|p2a: Torkoal
|-damage|p2a: Torkoal|0 fnt
|faint|p2a: Torkoal
|
|-weather|SunnyDay|[upkeep]
|upkeep
|
|t:|1769354676
|switch|p2a: Walking Wake|Walking Wake|100/100
|-activate|p2a: Walking Wake|ability: Protosynthesis
|-start|p2a: Walking Wake|protosynthesisspe
|turn|16
|
|t:|1769354681
|move|p1a: Kingambit|Sucker Punch|p2a: Walking Wake
|-damage|p2a: Walking Wake|15/100
|move|p2a: Walking Wake|Weather Ball|p1a: Kingambit
|-supereffective|p1a: Kingambit
|-damage|p1a: Kingambit|0 fnt
|faint|p1a: Kingambit
|-end|p1a: Kingambit|fallen5|[silent]
|
|win|lebakeogoat
|n|☆frogar|frogar
|n|☆lebakeogoat|lebakeogoat
|n| mr.krabbysegundo|mrkrabbysegundo
|n| Lorenzo 4232|lorenzo4232
|n|+akiamara|akiamara
|n| talveznao|talveznao
|n| inakunana|inakunana
