|j|☆swl_kitkat
|j|☆by nicole
|t:|1769340241
|gametype|singles
|player|p1|swl_kitkat|pokemonbreederf-gen4|1490
|player|p2|by nicole|dawn-gen4pt|1511
|gen|9
|tier|[Gen 9] OU
|rated|
|rule|HP Percentage Mod: HP is shown in percentages
|rule|Endless Battle Clause: Forcing endless battles is banned
|rule|Species Clause: Limit one of each Pokémon
|rule|OHKO Clause: OHKO moves are banned
|rule|Evasion Items Clause: Evasion items are banned
|rule|Evasion Moves Clause: Evasion moves are banned
|rule|Evasion Abilities Clause: Evasion abilities are banned
|rule|Sleep Moves Clause: Sleep-inducing moves are banned
|clearpoke
|poke|p1|Polteageist|
|poke|p1|Great Tusk|
|poke|p1|Zapdos|
|poke|p1|Cinderace, M|
|poke|p1|Iron Valiant|
|poke|p1|Tyranitar, M|
|poke|p2|Kyurem|
|poke|p2|Slowking-Galar, F|
|poke|p2|Cinderace, F|
|poke|p2|Meowscarada, M|
|poke|p2|Great Tusk|
|poke|p2|Alomomola, M|
|teampreview
|
|t:|1769340256
|teamsize|p1|6
|teamsize|p2|6
|start
|switch|p1a: Tyranitar|Tyranitar, M|100/100
|switch|p2a: Cinderace|Cinderace, F|100/100
|-weather|Sandstorm|[from] ability: Sand Stream|[of] p1a: Tyranitar
|turn|1
|
|t:|1769340259
|move|p2a: Cinderace|U-turn|p1a: Tyranitar
|-start|p2a: Cinderace|typechange|Bug|[from] ability: Libero
|-supereffective|p1a: Tyranitar
|-damage|p1a: Tyranitar|45/100
|
|t:|1769340263
|switch|p2a: Great Tusk|Great Tusk, shiny|100/100|[from] U-turn
|move|p1a: Tyranitar|Stone Edge|p2a: Great Tusk|[miss]
|-miss|p1a: Tyranitar|p2a: Great Tusk
|
|-weather|Sandstorm|[upkeep]
|upkeep
|turn|2
|
|t:|1769340267
|switch|p1a: Zapdos|Zapdos|100/100
|move|p2a: Great Tusk|Stealth Rock|p1a: Zapdos
|-sidestart|p1: swl_kitkat|move: Stealth Rock
|
|-weather|Sandstorm|[upkeep]
|-damage|p1a: Zapdos|94/100|[from] Sandstorm
|-heal|p1a: Zapdos|100/100|[from] item: Leftovers
|upkeep
|turn|3
|
|t:|1769340270
|-end|p2a: Great Tusk|Protosynthesis|[silent]
|switch|p2a: Slowking|Slowking-Galar, F|100/100
|move|p1a: Zapdos|Hurricane|p2a: Slowking
|-damage|p2a: Slowking|65/100
|
|-weather|Sandstorm|[upkeep]
|-damage|p1a: Zapdos|94/100|[from] Sandstorm
|-damage|p2a: Slowking|59/100|[from] Sandstorm
|-heal|p1a: Zapdos|100/100|[from] item: Leftovers
|upkeep
|turn|4
|
|t:|1769340280
|switch|p1a: Tyranitar|Tyranitar, M|45/100
|-damage|p1a: Tyranitar|33/100|[from] Stealth Rock
|-prepare|p2a: Slowking|Chilly Reception|[premajor]
|move|p2a: Slowking|Chilly Reception|p2a: Slowking
|-weather|Snowscape
|
|t:|1769340294
|switch|p2a: Kyurem|Kyurem, shiny|100/100|[from] Chilly Reception
|-ability|p2a: Kyurem|Pressure
|
|-weather|Snowscape|[upkeep]
|upkeep
|turn|5
|
|t:|1769340299
|move|p2a: Kyurem|Ice Beam|p1a: Tyranitar
|-damage|p1a: Tyranitar|0 fnt
|faint|p1a: Tyranitar
|
|-weather|Snowscape|[upkeep]
|upkeep
|
|t:|1769340302
|switch|p1a: Cinderace|Cinderace, M|100/100
|turn|6
|
|t:|1769340335
|switch|p2a: Alomomola|Alomomola, M, shiny|100/100
|move|p1a: Cinderace|High Jump Kick|p2a: Alomomola|[miss]
|-start|p1a: Cinderace|typechange|Fighting|[from] ability: Libero
|-miss|p1a: Cinderace|p2a: Alomomola
|-damage|p1a: Cinderace|51/100|[from] highjumpkick
|
|-weather|Snowscape|[upkeep]
|upkeep
|turn|7
|
|t:|1769340342
|move|p1a: Cinderace|Court Change|p1a: Cinderace
|-swapsideconditions
|-activate|p1a: Cinderace|move: Court Change
|move|p2a: Alomomola|Scald|p1a: Cinderace
|-damage|p1a: Cinderace|30/100
|
|-weather|Snowscape|[upkeep]
|upkeep
|turn|8
|
|t:|1769340346
|move|p1a: Cinderace|U-turn|p2a: Alomomola
|-damage|p2a: Alomomola|87/100
|
|t:|1769340348
|switch|p1a: Zapdos|Zapdos|100/100|[from] U-turn
|move|p2a: Alomomola|Flip Turn|p1a: Zapdos
|-damage|p1a: Zapdos|84/100
|
|t:|1769340360
|switch|p2a: Slowking|Slowking-Galar, F|93/100|[from] Flip Turn
|
|-weather|none
|-heal|p1a: Zapdos|90/100|[from] item: Leftovers
|upkeep
|turn|9
|
|t:|1769340366
|switch|p1a: Polteabag|Polteageist|100/100
|move|p2a: Slowking|Psychic Noise|p1a: Polteabag
|-damage|p1a: Polteabag|66/100
|-start|p1a: Polteabag|move: Heal Block
|
|upkeep
|turn|10
|
|t:|1769340371
|move|p1a: Polteabag|Shell Smash|p1a: Polteabag
|-unboost|p1a: Polteabag|def|1
|-unboost|p1a: Polteabag|spd|1
|-boost|p1a: Polteabag|atk|2
|-boost|p1a: Polteabag|spa|2
|-boost|p1a: Polteabag|spe|2
|-enditem|p1a: Polteabag|White Herb
|-clearnegativeboost|p1a: Polteabag|[silent]
|move|p2a: Slowking|Psychic Noise|p1a: Polteabag
|-damage|p1a: Polteabag|35/100
|
|-end|p1a: Polteabag|move: Heal Block
|upkeep
|turn|11
|
|t:|1769340384
|-terastallize|p2a: Slowking|Dark
|move|p1a: Polteabag|Shadow Ball|p2a: Slowking
|-resisted|p2a: Slowking
|-damage|p2a: Slowking|64/100
|move|p2a: Slowking|Psychic Noise|p1a: Polteabag
|-damage|p1a: Polteabag|1/100
|-start|p1a: Polteabag|move: Heal Block
|
|upkeep
|turn|12
|
|t:|1769340393
|-terastallize|p1a: Polteabag|Fighting
|move|p1a: Polteabag|Tera Blast|p2a: Slowking|[anim] Tera Blast Fighting
|-supereffective|p2a: Slowking
|-damage|p2a: Slowking|0 fnt
|faint|p2a: Slowking
|
|-end|p1a: Polteabag|move: Heal Block
|upkeep
|
|t:|1769340401
|switch|p2a: Alomomola|Alomomola, M, shiny|100/100
|turn|13
|
|t:|1769340406
|move|p1a: Polteabag|Shell Smash|p1a: Polteabag
|-unboost|p1a: Polteabag|def|1
|-unboost|p1a: Polteabag|spd|1
|-boost|p1a: Polteabag|atk|2
|-boost|p1a: Polteabag|spa|2
|-boost|p1a: Polteabag|spe|2
|move|p2a: Alomomola|Flip Turn|p1a: Polteabag
|-damage|p1a: Polteabag|0 fnt
|faint|p1a: Polteabag
|
|t:|1769340414
|switch|p2a: Cinderace|Cinderace, F|100/100|[from] Flip Turn
|
|upkeep
|
|t:|1769340419
|switch|p1a: Tusk|Great Tusk|100/100
|turn|14
|
|t:|1769340439
|move|p2a: Cinderace|Will-O-Wisp|p1a: Tusk
|-status|p1a: Tusk|brn
|move|p1a: Tusk|Earthquake|p2a: Cinderace
|-supereffective|p2a: Cinderace
|-damage|p2a: Cinderace|43/100
|
|-damage|p1a: Tusk|94/100 brn|[from] brn
|upkeep
|turn|15
|
|t:|1769340445
|switch|p2a: Great Tusk|Great Tusk, shiny|100/100
|-damage|p2a: Great Tusk|98/100|[from] Stealth Rock
|move|p1a: Tusk|Rapid Spin|p2a: Great Tusk
|-damage|p2a: Great Tusk|93/100
|-boost|p1a: Tusk|spe|1
|-damage|p1a: Tusk|78/100 brn|[from] item: Rocky Helmet|[of] p2a: Great Tusk
|
|-heal|p1a: Tusk|84/100 brn|[from] item: Leftovers
|-damage|p1a: Tusk|78/100 brn|[from] brn
|upkeep
|turn|16
|
|t:|1769340450
|move|p1a: Tusk|Body Press|p2a: Great Tusk
|-damage|p2a: Great Tusk|79/100
|-damage|p1a: Tusk|61/100 brn|[from] item: Rocky Helmet|[of] p2a: Great Tusk
|move|p2a: Great Tusk|Rapid Spin|p1a: Tusk
|-damage|p1a: Tusk|50/100 brn
|-boost|p2a: Great Tusk|spe|1
|-sideend|p2: by nicole|Stealth Rock|[from] move: Rapid Spin|[of] p2a: Great Tusk
|
|-heal|p1a: Tusk|57/100 brn|[from] item: Leftovers
|-damage|p1a: Tusk|50/100 brn|[from] brn
|upkeep
|turn|17
|
|t:|1769340455
|-end|p1a: Tusk|Protosynthesis|[silent]
|switch|p1a: Zapdos|Zapdos|90/100
|move|p2a: Great Tusk|Stealth Rock|p1a: Zapdos
|-sidestart|p1: swl_kitkat|move: Stealth Rock
|
|-heal|p1a: Zapdos|96/100|[from] item: Leftovers
|upkeep
|turn|18
|
|t:|1769340464
|-end|p2a: Great Tusk|Protosynthesis|[silent]
|switch|p2a: Kyurem|Kyurem, shiny|100/100
|-ability|p2a: Kyurem|Pressure
|move|p1a: Zapdos|Hurricane|p2a: Kyurem
|-damage|p2a: Kyurem|45/100
|-start|p2a: Kyurem|confusion
|
|-heal|p1a: Zapdos|100/100|[from] item: Leftovers
|upkeep
|turn|19
|
|t:|1769340472
|-activate|p2a: Kyurem|confusion
|move|p2a: Kyurem|Ice Beam|p1a: Zapdos
|-supereffective|p1a: Zapdos
|-damage|p1a: Zapdos|0 fnt
|faint|p1a: Zapdos
|
|upkeep
|
|t:|1769340475
|switch|p1a: Cinderace|Cinderace, M|30/100
|turn|20
|
|t:|1769340487
|switch|p2a: Alomomola|Alomomola, M, shiny|100/100
|move|p1a: Cinderace|Pyro Ball|p2a: Alomomola
|-resisted|p2a: Alomomola
|-damage|p2a: Alomomola|82/100
|-status|p2a: Alomomola|brn
|
|-damage|p2a: Alomomola|76/100 brn|[from] brn
|upkeep
|turn|21
|
|t:|1769340492
|move|p1a: Cinderace|Court Change|p1a: Cinderace
|-start|p1a: Cinderace|typechange|Normal|[from] ability: Libero
|-swapsideconditions
|-activate|p1a: Cinderace|move: Court Change
|move|p2a: Alomomola|Wish|p2a: Alomomola
|
|-damage|p2a: Alomomola|70/100 brn|[from] brn
|upkeep
|turn|22
|
|t:|1769340493
|move|p1a: Cinderace|U-turn|p2a: Alomomola
|-crit|p2a: Alomomola
|-damage|p2a: Alomomola|49/100 brn
|
|t:|1769340496
|switch|p1a: Iron Valiant|Iron Valiant|100/100|[from] U-turn
|-enditem|p1a: Iron Valiant|Booster Energy
|-activate|p1a: Iron Valiant|ability: Quark Drive|[fromitem]
|-start|p1a: Iron Valiant|quarkdrivespe
|move|p2a: Alomomola|Flip Turn|p1a: Iron Valiant
|-damage|p1a: Iron Valiant|89/100
|
|t:|1769340508
|switch|p2a: Cinderace|Cinderace, F|43/100|[from] Flip Turn
|
|-heal|p2a: Cinderace|100/100|[from] move: Wish|[wisher] Alomomola
|upkeep
|turn|23
|
|t:|1769340512
|move|p1a: Iron Valiant|Focus Blast|p2a: Cinderace
|-damage|p2a: Cinderace|30/100
|move|p2a: Cinderace|Pyro Ball|p1a: Iron Valiant
|-damage|p1a: Iron Valiant|23/100
|
|upkeep
|turn|24
|
|t:|1769340528
|move|p1a: Iron Valiant|Moonblast|p2a: Cinderace
|-resisted|p2a: Cinderace
|-damage|p2a: Cinderace|4/100
|move|p2a: Cinderace|Pyro Ball|p1a: Iron Valiant
|-damage|p1a: Iron Valiant|0 fnt
|faint|p1a: Iron Valiant
|-end|p1a: Iron Valiant|Quark Drive|[silent]
|
|upkeep
|
|t:|1769340533
|switch|p1a: Cinderace|Cinderace, M|30/100
|turn|25
|
|t:|1769340535
|move|p2a: Cinderace|Court Change|p2a: Cinderace
|-start|p2a: Cinderace|typechange|Normal|[from] ability: Libero
|-swapsideconditions
|-activate|p2a: Cinderace|move: Court Change
|move|p1a: Cinderace|Pyro Ball|p2a: Cinderace
|-damage|p2a: Cinderace|0 fnt
|faint|p2a: Cinderace
|
|upkeep
|
|t:|1769340538
|switch|p2a: Meowscarada|Meowscarada, M, shiny|100/100
|turn|26
|
|t:|1769340540
|move|p2a: Meowscarada|Knock Off|p1a: Cinderace
|-start|p2a: Meowscarada|typechange|Dark|[from] ability: Protean
|-damage|p1a: Cinderace|0 fnt
|-enditem|p1a: Cinderace|Heavy-Duty Boots|[from] move: Knock Off|[of] p2a: Meowscarada
|faint|p1a: Cinderace
|
|upkeep
|
|t:|1769340543
|switch|p1a: Tusk|Great Tusk|50/100 brn
|-damage|p1a: Tusk|48/100 brn|[from] Stealth Rock
|turn|27
|
|t:|1769340546
|switch|p2a: Great Tusk|Great Tusk, shiny|79/100
|move|p1a: Tusk|Body Press|p2a: Great Tusk
|-damage|p2a: Great Tusk|65/100
|-damage|p1a: Tusk|31/100 brn|[from] item: Rocky Helmet|[of] p2a: Great Tusk
|
|-heal|p1a: Tusk|37/100 brn|[from] item: Leftovers
|-damage|p1a: Tusk|31/100 brn|[from] brn
|upkeep
|turn|28
|
|t:|1769340550
|move|p2a: Great Tusk|Ice Spinner|p1a: Tusk
|-supereffective|p1a: Tusk
|-damage|p1a: Tusk|2/100 brn
|move|p1a: Tusk|Rapid Spin|p2a: Great Tusk
|-damage|p2a: Great Tusk|61/100
|-boost|p1a: Tusk|spe|1
|-damage|p1a: Tusk|0 fnt|[from] item: Rocky Helmet|[of] p2a: Great Tusk
|faint|p1a: Tusk
|-end|p1a: Tusk|Protosynthesis|[silent]
|
|win|by nicole
|raw|swl_kitkat's rating: 1490 &rarr; <strong>1470</strong><br />(-20 for losing)
|raw|by nicole's rating: 1489 &rarr; <strong>1509</strong><br />(+20 for winning)
|l|☆by nicole
|player|p2|
|l|☆swl_kitkat
|player|p1|
