|j|☆su kr zu zu zu
|j|☆Lin wen di
|t:|1769424774
|gametype|singles
|player|p1|su kr zu zu zu|169|1174
|player|p2|Lin wen di|maid|1211
|gen|9
|tier|[Gen 9] OU
|rated|
|rule|HP Percentage Mod: HP is shown in percentages
|rule|Endless Battle Clause: Forcing endless battles is banned
|rule|Species Clause: Limit one of each Pokémon
|rule|OHKO Clause: OHKO moves are banned
|rule|Evasion Items Clause: Evasion items are banned
|rule|Evasion Moves Clause: Evasion moves are banned
|rule|Evasion Abilities Clause: Evasion abilities are banned
|rule|Sleep Moves Clause: Sleep-inducing moves are banned
|clearpoke
|poke|p1|Ogerpon-Wellspring, F|
|poke|p1|Garganacl, F|
|poke|p1|Iron Treads|
|poke|p1|Moltres|
|poke|p1|Zamazenta-*|
|poke|p1|Darkrai|
|poke|p2|Kingambit, F|
|poke|p2|Chesnaught, F|
|poke|p2|Torterra, M|
|poke|p2|Slowbro, M|
|poke|p2|Samurott-Hisui, M|
|poke|p2|Arcanine-Hisui, F|
|teampreview
|inactive|Battle timer is ON: inactive players will automatically lose when time's up. (requested by Lin wen di)
|
|t:|1769424784
|teamsize|p1|6
|teamsize|p2|6
|start
|switch|p1a: Ogerpon|Ogerpon-Wellspring, F|100/100
|switch|p2a: Torterra|Torterra, M|100/100
|turn|1
|
|t:|1769424804
|-terastallize|p1a: Ogerpon|Water
|detailschange|p1a: Ogerpon|Ogerpon-Wellspring-Tera, F, tera:Water
|-ability|p1a: Ogerpon|Embody Aspect (Wellspring)|boost
|-boost|p1a: Ogerpon|spd|1
|move|p1a: Ogerpon|U-turn|p2a: Torterra
|-supereffective|p2a: Torterra
|-damage|p2a: Torterra|49/100
|
|t:|1769424813
|switch|p1a: Moltres|Moltres|100/100|[from] U-turn
|move|p2a: Torterra|Shell Smash|p2a: Torterra
|-unboost|p2a: Torterra|def|1
|-unboost|p2a: Torterra|spd|1
|-boost|p2a: Torterra|atk|2
|-boost|p2a: Torterra|spa|2
|-boost|p2a: Torterra|spe|2
|
|upkeep
|turn|2
|
|t:|1769424816
|move|p2a: Torterra|Rock Blast|p1a: Moltres
|-supereffective|p1a: Moltres
|-damage|p1a: Moltres|57/100
|-supereffective|p1a: Moltres
|-damage|p1a: Moltres|10/100
|-supereffective|p1a: Moltres
|-damage|p1a: Moltres|0 fnt
|faint|p1a: Moltres
|-hitcount|p1: Moltres|3
|
|upkeep
|
|t:|1769424827
|switch|p1a: Zamazenta|Zamazenta|100/100
|-ability|p1a: Zamazenta|Dauntless Shield|boost
|-boost|p1a: Zamazenta|def|1
|turn|3
|
|t:|1769424831
|move|p2a: Torterra|Bullet Seed|p1a: Zamazenta
|-damage|p1a: Zamazenta|89/100
|-damage|p1a: Zamazenta|77/100
|-damage|p1a: Zamazenta|63/100
|-damage|p1a: Zamazenta|52/100
|-damage|p1a: Zamazenta|40/100
|-hitcount|p1a: Zamazenta|5
|move|p1a: Zamazenta|Body Press|p2a: Torterra
|-damage|p2a: Torterra|0 fnt
|faint|p2a: Torterra
|
|-heal|p1a: Zamazenta|46/100|[from] item: Leftovers
|upkeep
|
|t:|1769424842
|switch|p2a: Slowbro|Slowbro, M|100/100
|turn|4
|
|t:|1769424847
|switch|p1a: Ogerpon|Ogerpon-Wellspring-Tera, F, tera:Water|100/100
|-ability|p1a: Ogerpon|Embody Aspect (Wellspring)|boost
|-boost|p1a: Ogerpon|spd|1
|move|p2a: Slowbro|Scald|p1a: Ogerpon
|-resisted|p1a: Ogerpon
|-damage|p1a: Ogerpon|90/100
|
|upkeep
|turn|5
|
|t:|1769424853
|switch|p2a: Chesnaught|Chesnaught, F|100/100
|move|p1a: Ogerpon|Spikes|p2a: Chesnaught
|-sidestart|p2: Lin wen di|Spikes
|
|upkeep
|turn|6
|
|t:|1769424859
|move|p1a: Ogerpon|U-turn|p2a: Chesnaught
|-damage|p2a: Chesnaught|82/100
|-damage|p1a: Ogerpon|74/100|[from] item: Rocky Helmet|[of] p2a: Chesnaught
|
|t:|1769424864
|switch|p1a: Zamazenta|Zamazenta|46/100|[from] U-turn
|move|p2a: Chesnaught|Leech Seed|p1a: Zamazenta
|-start|p1a: Zamazenta|move: Leech Seed
|
|-heal|p1a: Zamazenta|52/100|[from] item: Leftovers
|-damage|p1a: Zamazenta|40/100|[from] Leech Seed|[of] p2a: Chesnaught
|-heal|p2a: Chesnaught|95/100|[silent]
|upkeep
|turn|7
|
|t:|1769424888
|switch|p2a: Slowbro|Slowbro, M|100/100
|-damage|p2a: Slowbro|88/100|[from] Spikes
|move|p1a: Zamazenta|Iron Defense|p1a: Zamazenta
|-boost|p1a: Zamazenta|def|2
|
|-heal|p1a: Zamazenta|46/100|[from] item: Leftovers
|-damage|p1a: Zamazenta|34/100|[from] Leech Seed|[of] p2a: Slowbro
|-heal|p2a: Slowbro|99/100|[silent]
|upkeep
|turn|8
|
|t:|1769424896
|switch|p1a: Ogerpon|Ogerpon-Wellspring-Tera, F, tera:Water|74/100
|-ability|p1a: Ogerpon|Embody Aspect (Wellspring)|boost
|-boost|p1a: Ogerpon|spd|1
|move|p2a: Slowbro|Calm Mind|p2a: Slowbro
|-boost|p2a: Slowbro|spa|1
|-boost|p2a: Slowbro|spd|1
|
|upkeep
|turn|9
|
|t:|1769424901
|switch|p2a: Chesnaught|Chesnaught, F|95/100
|-damage|p2a: Chesnaught|83/100|[from] Spikes
|move|p1a: Ogerpon|Spikes|p2a: Chesnaught
|-sidestart|p2: Lin wen di|Spikes
|
|upkeep
|turn|10
|
|t:|1769424907
|switch|p1a: Zamazenta|Zamazenta|34/100
|move|p2a: Chesnaught|Leech Seed|p1a: Zamazenta
|-start|p1a: Zamazenta|move: Leech Seed
|
|-heal|p1a: Zamazenta|40/100|[from] item: Leftovers
|-damage|p1a: Zamazenta|28/100|[from] Leech Seed|[of] p2a: Chesnaught
|-heal|p2a: Chesnaught|95/100|[silent]
|upkeep
|turn|11
|
|t:|1769424912
|move|p1a: Zamazenta|Body Press|p2a: Chesnaught
|-damage|p2a: Chesnaught|72/100
|-damage|p1a: Zamazenta|11/100|[from] item: Rocky Helmet|[of] p2a: Chesnaught
|move|p2a: Chesnaught|Drain Punch|p1a: Zamazenta
|-damage|p1a: Zamazenta|0 fnt
|-heal|p2a: Chesnaught|78/100|[from] drain|[of] p1a: Zamazenta
|faint|p1a: Zamazenta
|
|upkeep
|
|t:|1769424925
|switch|p1a: Garganacl|Garganacl, F|100/100
|turn|12
|
|t:|1769424929
|move|p2a: Chesnaught|Leech Seed|p1a: Garganacl
|-start|p1a: Garganacl|move: Leech Seed
|move|p1a: Garganacl|Salt Cure|p2a: Chesnaught
|-resisted|p2a: Chesnaught
|-damage|p2a: Chesnaught|73/100
|-start|p2a: Chesnaught|Salt Cure
|
|-damage|p1a: Garganacl|88/100|[from] Leech Seed|[of] p2a: Chesnaught
|-heal|p2a: Chesnaught|86/100|[silent]
|-damage|p2a: Chesnaught|74/100|[from] Salt Cure
|upkeep
|turn|13
|
|t:|1769424937
|switch|p2a: Slowbro|Slowbro, M|100/100
|-damage|p2a: Slowbro|84/100|[from] Spikes
|move|p1a: Garganacl|Protect||[still]
|-fail|p1a: Garganacl
|
|-heal|p1a: Garganacl|94/100|[from] item: Leftovers
|-damage|p1a: Garganacl|82/100|[from] Leech Seed|[of] p2a: Slowbro
|-heal|p2a: Slowbro|97/100|[silent]
|upkeep
|turn|14
|
|t:|1769424949
|move|p1a: Garganacl|Salt Cure|p2a: Slowbro
|-damage|p2a: Slowbro|88/100
|-start|p2a: Slowbro|Salt Cure
|move|p2a: Slowbro|Scald|p1a: Garganacl
|-supereffective|p1a: Garganacl
|-damage|p1a: Garganacl|41/100
|
|-heal|p1a: Garganacl|48/100|[from] item: Leftovers
|-damage|p1a: Garganacl|35/100|[from] Leech Seed|[of] p2a: Slowbro
|-heal|p2a: Slowbro|99/100|[silent]
|-damage|p2a: Slowbro|75/100|[from] Salt Cure
|upkeep
|turn|15
|
|t:|1769424963
|switch|p1a: Ogerpon|Ogerpon-Wellspring-Tera, F, tera:Water|74/100
|-ability|p1a: Ogerpon|Embody Aspect (Wellspring)|boost
|-boost|p1a: Ogerpon|spd|1
|move|p2a: Slowbro|Calm Mind|p2a: Slowbro
|-boost|p2a: Slowbro|spa|1
|-boost|p2a: Slowbro|spd|1
|
|-damage|p2a: Slowbro|50/100|[from] Salt Cure
|upkeep
|turn|16
|
|t:|1769424972
|switch|p2a: Chesnaught|Chesnaught, F|74/100
|-damage|p2a: Chesnaught|57/100|[from] Spikes
|move|p1a: Ogerpon|U-turn|p2a: Chesnaught
|-damage|p2a: Chesnaught|38/100
|-damage|p1a: Ogerpon|57/100|[from] item: Rocky Helmet|[of] p2a: Chesnaught
|
|t:|1769424980
|switch|p1a: Darkrai|Darkrai|100/100|[from] U-turn
|
|upkeep
|turn|17
|
|t:|1769424983
|-terastallize|p2a: Chesnaught|Fire
|move|p1a: Darkrai|Ice Beam|p2a: Chesnaught
|-resisted|p2a: Chesnaught
|-damage|p2a: Chesnaught|21/100
|move|p2a: Chesnaught|Leech Seed|p1a: Darkrai
|-start|p1a: Darkrai|move: Leech Seed
|
|-damage|p1a: Darkrai|88/100|[from] Leech Seed|[of] p2a: Chesnaught
|-heal|p2a: Chesnaught|30/100|[silent]
|upkeep
|turn|18
|
|t:|1769424992
|move|p2a: Chesnaught|Spiky Shield|p2a: Chesnaught
|-singleturn|p2a: Chesnaught|move: Protect
|move|p1a: Darkrai|Dark Pulse|p2a: Chesnaught
|-activate|p2a: Chesnaught|move: Protect
|
|-damage|p1a: Darkrai|76/100|[from] Leech Seed|[of] p2a: Chesnaught
|-heal|p2a: Chesnaught|39/100|[silent]
|upkeep
|turn|19
|
|t:|1769424998
|switch|p2a: Kingambit|Kingambit, F|100/100
|-activate|p2a: Kingambit|ability: Supreme Overlord
|-start|p2a: Kingambit|fallen1|[silent]
|move|p1a: Darkrai|Dark Pulse|p2a: Kingambit
|-resisted|p2a: Kingambit
|-damage|p2a: Kingambit|80/100
|
|-damage|p1a: Darkrai|63/100|[from] Leech Seed|[of] p2a: Kingambit
|-heal|p2a: Kingambit|88/100|[silent]
|upkeep
|turn|20
|
|t:|1769425008
|move|p1a: Darkrai|Will-O-Wisp|p2a: Kingambit
|-status|p2a: Kingambit|brn
|move|p2a: Kingambit|Swords Dance|p2a: Kingambit
|-boost|p2a: Kingambit|atk|2
|
|-damage|p1a: Darkrai|51/100|[from] Leech Seed|[of] p2a: Kingambit
|-heal|p2a: Kingambit|97/100 brn|[silent]
|-damage|p2a: Kingambit|91/100 brn|[from] brn
|upkeep
|turn|21
|
|t:|1769425015
|switch|p1a: Garganacl|Garganacl, F|35/100
|move|p2a: Kingambit|Swords Dance|p2a: Kingambit
|-boost|p2a: Kingambit|atk|2
|
|-heal|p1a: Garganacl|41/100|[from] item: Leftovers
|-damage|p2a: Kingambit|85/100 brn|[from] brn
|upkeep
|turn|22
|
|t:|1769425017
|move|p2a: Kingambit|Iron Head|p1a: Garganacl
|-supereffective|p1a: Garganacl
|-damage|p1a: Garganacl|0 fnt
|faint|p1a: Garganacl
|
|-damage|p2a: Kingambit|78/100 brn|[from] brn
|upkeep
|
|t:|1769425022
|switch|p1a: Iron Treads|Iron Treads|100/100
|turn|23
|
|t:|1769425026
|move|p2a: Kingambit|Sucker Punch|p1a: Iron Treads
|-damage|p1a: Iron Treads|40/100
|move|p1a: Iron Treads|Earthquake|p2a: Kingambit
|-supereffective|p2a: Kingambit
|-damage|p2a: Kingambit|9/100 brn
|
|-heal|p1a: Iron Treads|46/100|[from] item: Leftovers
|-damage|p2a: Kingambit|2/100 brn|[from] brn
|upkeep
|turn|24
|
|t:|1769425031
|move|p2a: Kingambit|Sucker Punch||[still]
|-fail|p2a: Kingambit
|move|p1a: Iron Treads|Stealth Rock|p2a: Kingambit
|-sidestart|p2: Lin wen di|move: Stealth Rock
|
|-heal|p1a: Iron Treads|52/100|[from] item: Leftovers
|-damage|p2a: Kingambit|0 fnt|[from] brn
|faint|p2a: Kingambit
|-end|p2a: Kingambit|fallen1|[silent]
|upkeep
|
|t:|1769425034
|switch|p2a: Slowbro|Slowbro, M|84/100
|-damage|p2a: Slowbro|67/100|[from] Spikes
|-damage|p2a: Slowbro|55/100|[from] Stealth Rock
|turn|25
|
|t:|1769425039
|-end|p1a: Iron Treads|Quark Drive|[silent]
|switch|p1a: Ogerpon|Ogerpon-Wellspring-Tera, F, tera:Water|57/100
|-ability|p1a: Ogerpon|Embody Aspect (Wellspring)|boost
|-boost|p1a: Ogerpon|spd|1
|move|p2a: Slowbro|Slack Off|p2a: Slowbro
|-heal|p2a: Slowbro|100/100
|
|upkeep
|turn|26
|
|t:|1769425051
|move|p1a: Ogerpon|Spikes|p2a: Slowbro
|-sidestart|p2: Lin wen di|Spikes
|move|p2a: Slowbro|Scald|p1a: Ogerpon
|-resisted|p1a: Ogerpon
|-damage|p1a: Ogerpon|47/100
|-status|p1a: Ogerpon|brn
|
|-damage|p1a: Ogerpon|41/100 brn|[from] brn
|upkeep
|turn|27
|
|t:|1769425058
|move|p1a: Ogerpon|U-turn|p2a: Slowbro
|-supereffective|p2a: Slowbro
|-damage|p2a: Slowbro|83/100
|-damage|p1a: Ogerpon|24/100 brn|[from] item: Rocky Helmet|[of] p2a: Slowbro
|
|t:|1769425062
|switch|p1a: Darkrai|Darkrai|51/100|[from] U-turn
|move|p2a: Slowbro|Calm Mind|p2a: Slowbro
|-boost|p2a: Slowbro|spa|1
|-boost|p2a: Slowbro|spd|1
|
|upkeep
|turn|28
|
|t:|1769425068
|move|p1a: Darkrai|Knock Off|p2a: Slowbro
|-supereffective|p2a: Slowbro
|-damage|p2a: Slowbro|50/100
|-damage|p1a: Darkrai|34/100|[from] item: Rocky Helmet|[of] p2a: Slowbro
|-enditem|p2a: Slowbro|Rocky Helmet|[from] move: Knock Off|[of] p1a: Darkrai
|move|p2a: Slowbro|Scald|p1a: Darkrai
|-damage|p1a: Darkrai|0 fnt
|faint|p1a: Darkrai
|
|upkeep
|
|t:|1769425075
|switch|p1a: Iron Treads|Iron Treads|52/100
|turn|29
|
|t:|1769425079
|move|p1a: Iron Treads|Knock Off|p2a: Slowbro
|-supereffective|p2a: Slowbro
|-damage|p2a: Slowbro|27/100
|move|p2a: Slowbro|Scald|p1a: Iron Treads
|-supereffective|p1a: Iron Treads
|-damage|p1a: Iron Treads|0 fnt
|faint|p1a: Iron Treads
|-end|p1a: Iron Treads|Quark Drive|[silent]
|
|upkeep
|
|t:|1769425081
|switch|p1a: Ogerpon|Ogerpon-Wellspring-Tera, F, tera:Water|24/100 brn
|-ability|p1a: Ogerpon|Embody Aspect (Wellspring)|boost
|-boost|p1a: Ogerpon|spd|1
|turn|30
|
|t:|1769425086
|move|p1a: Ogerpon|U-turn|p2a: Slowbro
|-supereffective|p2a: Slowbro
|-damage|p2a: Slowbro|12/100
|move|p2a: Slowbro|Slack Off|p2a: Slowbro
|-heal|p2a: Slowbro|62/100
|
|-damage|p1a: Ogerpon|18/100 brn|[from] brn
|upkeep
|turn|31
|inactive|su kr zu zu zu has 120 seconds left.
|c|☆Lin wen di|gg
|
|t:|1769425140
|move|p1a: Ogerpon|U-turn|p2a: Slowbro
|-supereffective|p2a: Slowbro
|-damage|p2a: Slowbro|46/100
|move|p2a: Slowbro|Slack Off|p2a: Slowbro
|-heal|p2a: Slowbro|96/100
|
|-damage|p1a: Ogerpon|12/100 brn|[from] brn
|upkeep
|turn|32
|
|t:|1769425147
|move|p1a: Ogerpon|Synthesis|p1a: Ogerpon
|-heal|p1a: Ogerpon|62/100 brn
|move|p2a: Slowbro|Scald|p1a: Ogerpon
|-resisted|p1a: Ogerpon
|-damage|p1a: Ogerpon|45/100 brn
|
|-damage|p1a: Ogerpon|39/100 brn|[from] brn
|upkeep
|turn|33
|
|t:|1769425152
|move|p1a: Ogerpon|Synthesis|p1a: Ogerpon
|-heal|p1a: Ogerpon|89/100 brn
|move|p2a: Slowbro|Scald|p1a: Ogerpon
|-resisted|p1a: Ogerpon
|-damage|p1a: Ogerpon|72/100 brn
|
|-damage|p1a: Ogerpon|66/100 brn|[from] brn
|upkeep
|turn|34
|
|t:|1769425154
|move|p1a: Ogerpon|Ivy Cudgel|p2a: Slowbro|[anim] Ivy Cudgel Water
|-resisted|p2a: Slowbro
|-damage|p2a: Slowbro|84/100
|move|p2a: Slowbro|Calm Mind|p2a: Slowbro
|-boost|p2a: Slowbro|spa|1
|-boost|p2a: Slowbro|spd|1
|
|-damage|p1a: Ogerpon|60/100 brn|[from] brn
|upkeep
|turn|35
|
|t:|1769425157
|move|p1a: Ogerpon|Synthesis|p1a: Ogerpon
|-heal|p1a: Ogerpon|100/100 brn
|move|p2a: Slowbro|Calm Mind|p2a: Slowbro
|-boost|p2a: Slowbro|spa|1
|-boost|p2a: Slowbro|spd|1
|
|-damage|p1a: Ogerpon|95/100 brn|[from] brn
|upkeep
|turn|36
|
|t:|1769425159
|move|p1a: Ogerpon|U-turn|p2a: Slowbro
|-supereffective|p2a: Slowbro
|-damage|p2a: Slowbro|66/100
|move|p2a: Slowbro|Scald|p1a: Ogerpon
|-resisted|p1a: Ogerpon
|-damage|p1a: Ogerpon|68/100 brn
|
|-damage|p1a: Ogerpon|62/100 brn|[from] brn
|upkeep
|turn|37
|
|t:|1769425166
|move|p1a: Ogerpon|Ivy Cudgel|p2a: Slowbro|[anim] Ivy Cudgel Water
|-resisted|p2a: Slowbro
|-damage|p2a: Slowbro|55/100
|move|p2a: Slowbro|Calm Mind|p2a: Slowbro
|-boost|p2a: Slowbro|spa|1
|-boost|p2a: Slowbro|spd|1
|
|-damage|p1a: Ogerpon|56/100 brn|[from] brn
|upkeep
|turn|38
|inactive|su kr zu zu zu has 120 seconds left.
|inactive|su kr zu zu zu has 90 seconds left.
|inactive|su kr zu zu zu has 60 seconds left.
|inactive|su kr zu zu zu has 30 seconds left.
|inactive|su kr zu zu zu has 20 seconds left.
|inactive|su kr zu zu zu has 15 seconds left.
|inactive|su kr zu zu zu has 10 seconds left.
|inactive|su kr zu zu zu has 5 seconds left.
|-message|su kr zu zu zu lost due to inactivity.
|
|win|Lin wen di
|raw|su kr zu zu zu's rating: 1174 &rarr; <strong>1152</strong><br />(-22 for losing)
|raw|Lin wen di's rating: 1211 &rarr; <strong>1233</strong><br />(+22 for winning)
|l|☆Lin wen di
|player|p2|
